<mjloggm ver="2.3"><GO type="225" lobby="0"/><UN n0="%E3%81%BF%E3%81%BF%E3%81%9A" n1="%E3%81%99%E3%81%84%E3%81%BE%E3%81%9B%E3%83%BC%E3%82%93" n2="%E3%81%95%E3%81%8D%E3%81%9F%E3%81%BE%E6%9E%97%E6%AA%8E" n3="%E3%81%A9%E3%82%93%E3%82%88%E3%81%8F%4D%6B%2E%32" dan="17,18,16,16" rate="2263.18,2223.64,2127.16,2137.73" sx="M,M,M,M"/><TAIKYOKU oya="0"/><INIT seed="0,0,0,5,1,120" ten="250,250,250,250" oya="0" hai0="1,83,51,29,27,16,115,58,103,94,129,11,125" hai1="47,12,124,114,67,2,130,95,44,7,75,25,5" hai2="8,104,77,85,28,70,108,32,106,35,19,133,33" hai3="46,43,122,56,117,121,34,61,97,72,42,37,78"/><T66/><D115/><U131/><E2/><V36/><F36/><W38/><G34/><T134/><D134/><U3/><E3/><V110/><F28/><W74/><G97/><T24/><D129/><U17/><E75/><V91/><F77/><W45/><G78/><T84/><D125/><U31/><E124/><V59/><F59/><W109/><G117/><T49/><D1/><U82/><E82/><V118/><F118/><W132/><G132/><T112/><D112/><U111/><E67/><V101/><F133/><W102/><G102/><T63/><D94/><U69/><E69/><V52/><F70/><W22/><G22/><N who="0" m="15511" /><D103/><U62/><E114/><V113/><F113/><W93/><G93/><T14/><D27/><U96/><E25/><V88/><F101/><W73/><REACH who="3" step="1"/><G109/><REACH who="3" ten="250,250,250,240" step="2"/><N who="2" m="42089" /><F106/><W119/><G119/><T48/><D48/><U21/><E111/><V23/><F104/><W30/><G30/><T98/><D98/><U107/><E31/><V92/><F91/><AGARI ba="0,1" hai="11,14,16,49,51,58,63,66,83,84,91" m="15511" machi="91" ten="30,2900,0" yaku="8,1,54,1" doraHai="120" who="0" fromWho="2" sc="250,39,250,0,250,-29,240,0" /><INIT seed="0,1,0,2,3,80" ten="289,250,221,240" oya="0" hai0="106,88,109,101,30,86,98,129,128,47,3,79,50" hai1="59,13,52,62,99,77,54,76,1,125,90,63,39" hai2="42,24,56,126,55,40,124,107,22,127,133,37,132" hai3="33,44,27,131,100,95,15,31,41,4,71,84,105"/><T118/><D3/><U102/><E1/><V10/><F107/><W110/><G71/><T116/><D30/><U72/><E39/><V117/><F10/><W81/><G105/><T112/><D112/><U87/><E125/><V65/><F24/><W97/><G110/><T17/><D17/><U104/><E72/><V70/><F22/><W32/><G131/><N who="0" m="50251" /><D79/><U113/><E13/><V8/><F8/><W11/><G33/><T35/><D35/><U9/><E9/><V23/><F23/><W34/><G34/><T57/><D57/><U108/><E108/><V28/><F28/><W53/><G53/><N who="0" m="29919" /><D109/><U122/><E113/><V61/><F117/><W25/><G25/><T89/><D89/><U12/><E12/><V0/><F0/><W78/><G44/><T73/><D73/><U69/><E122/><V6/><F6/><W49/><G49/><T5/><D5/><U67/><REACH who="1" step="1"/><E54/><REACH who="1" ten="289,240,221,240" step="2"/><V64/><F37/><W14/><REACH who="3" step="1"/><G15/><REACH who="3" ten="289,240,221,230" step="2"/><T7/><D7/><U92/><AGARI ba="1,2" hai="52,59,62,63,67,69,76,77,87,90,92,99,102,104" machi="92" ten="20,12000,2" yaku="1,1,2,1,0,1,7,1,52,1,54,1,53,0" doraHai="80" doraHaiUra="134" who="1" fromWho="1" sc="289,-61,240,143,221,-31,230,-31" /><INIT seed="1,0,0,4,0,26" ten="228,383,190,199" oya="1" hai0="95,36,58,119,50,8,120,124,18,113,114,32,57" hai1="128,103,63,81,121,64,125,59,97,31,25,93,30" hai2="71,54,72,9,15,11,24,122,34,2,116,126,117" hai3="134,108,65,99,123,84,53,67,62,13,61,73,110"/><U48/><E121/><V7/><F72/><W21/><G73/><T83/><D32/><U0/><E0/><V109/><F71/><W16/><G123/><T131/><D120/><U77/><E128/><V5/><F122/><W60/><G134/><T46/><D36/><U68/><E125/><V96/><F96/><W40/><G40/><T1/><D119/><U91/><E91/><V3/><F54/><W44/><G84/><T105/><D105/><U4/><E4/><V129/><F129/><W51/><REACH who="3" step="1"/><G99/><REACH who="3" ten="228,383,190,189" step="2"/><T118/><D131/><U43/><E43/><V45/><F126/><W85/><G85/><T39/><D124/><U111/><E97/><V75/><F75/><W10/><G10/><T33/><D8/><U135/><E135/><V55/><F3/><W27/><G27/><T102/><D1/><U35/><E25/><V88/><F116/><W56/><G56/><T89/><D58/><U70/><E59/><V115/><F117/><W14/><G14/><T79/><D57/><U104/><E70/><V38/><F15/><W94/><G94/><T90/><D118/><U22/><E93/><V47/><F11/><W82/><G82/><T112/><D95/><U28/><E81/><V17/><F9/><W133/><G133/><T69/><D83/><U106/><E68/><V76/><F2/><W37/><G37/><T74/><D39/><U98/><E98/><V49/><F38/><W23/><G23/><T86/><D69/><U100/><E106/><V19/><F24/><W80/><G80/><T87/><D74/><U130/><E130/><V42/><F42/><RYUUKYOKU ba="0,1" sc="228,-10,383,-10,190,-10,189,30" hai3="13,16,21,44,51,53,60,61,62,65,67,108,110" /><INIT seed="2,1,1,4,3,117" ten="218,373,180,219" oya="2" hai0="103,64,52,92,96,2,135,55,45,23,17,60,3" hai1="78,36,15,35,100,4,76,115,0,9,109,30,56" hai2="28,51,66,134,87,63,39,7,90,12,47,80,22" hai3="40,54,107,71,41,124,133,42,88,62,113,27,67"/><V37/><F134/><W123/><G107/><T48/><D135/><U31/><E115/><V129/><F129/><W131/><G133/><T98/><D98/><U46/><E109/><V74/><F74/><W127/><G131/><T111/><D111/><U94/><E0/><V10/><F28/><W81/><G113/><T61/><D61/><U102/><E56/><V14/><F14/><W130/><G130/><T1/><D55/><U5/><E5/><V116/><F116/><W84/><G54/><T101/><D103/><U75/><E75/><V43/><REACH who="2" step="1"/><F22/><REACH who="2" ten="218,373,170,219" step="2"/><W11/><G11/><T91/><D101/><U26/><E31/><V8/><F8/><W126/><G27/><T112/><D112/><U128/><E102/><V85/><F85/><W18/><G18/><T86/><D86/><U33/><E128/><V53/><F53/><W72/><G72/><T97/><D96/><U32/><E32/><V69/><AGARI ba="1,2" hai="7,10,12,37,39,43,47,51,63,66,69,80,87,90" machi="69" ten="20,3900,0" yaku="1,1,0,1,7,1,53,0" doraHai="117" doraHaiUra="73" who="2" fromWho="2" sc="218,-14,373,-14,170,62,219,-14" /><INIT seed="2,2,0,4,0,15" ten="204,359,232,205" oya="2" hai0="28,55,9,53,20,27,0,46,97,32,72,3,18" hai1="58,66,67,87,129,98,96,54,104,45,117,60,7" hai2="124,5,22,31,126,81,105,62,73,13,49,83,115" hai3="14,95,100,61,121,113,42,110,103,16,114,47,52"/><V19/><F115/><N who="3" m="44043" /><G121/><T86/><D72/><U89/><E117/><V77/><F105/><W84/><G110/><T85/><D97/><N who="1" m="37483" /><E104/><V44/><F81/><W106/><G106/><T112/><D112/><U2/><E2/><V80/><F83/><W134/><G134/><T130/><D130/><U41/><E129/><V36/><F36/><N who="3" m="21959" /><G84/><N who="0" m="32363" /><D46/><U37/><E7/><V69/><F5/><W68/><G95/><T133/><D0/><U79/><E37/><V6/><F6/><W26/><G26/><T122/><D122/><U63/><E79/><V24/><F69/><W132/><G132/><T74/><D74/><U65/><E45/><V131/><F131/><W123/><G123/><T39/><D39/><U92/><E41/><V116/><F116/><W120/><G120/><T11/><D133/><U76/><E76/><V56/><F73/><W43/><G43/><T10/><D32/><U128/><E128/><V108/><F108/><W82/><G82/><T25/><D3/><U48/><AGARI ba="2,0" hai="48,54,58,60,63,65,66,67,87,89,92" m="37483" machi="48" ten="30,1100,0" yaku="8,1" doraHai="15" who="1" fromWho="1" sc="204,-5,359,17,232,-7,205,-5" /><INIT seed="3,0,0,2,2,28" ten="199,376,225,200" oya="3" hai0="60,9,17,18,99,52,20,61,135,90,107,25,127" hai1="57,7,42,10,23,33,114,103,100,40,129,109,104" hai2="35,92,132,6,8,84,68,86,16,50,49,0,134" hai3="46,1,15,26,128,96,31,55,5,106,97,11,3"/><W126/><G128/><T118/><D118/><U30/><E33/><V19/><F68/><W53/><G126/><T122/><D122/><U32/><E32/><V116/><F35/><W133/><G133/><N who="2" m="51305" /><F116/><W89/><G106/><T77/><D135/><U78/><E42/><V66/><F66/><W71/><G71/><T95/><D127/><U75/><E10/><V112/><F112/><W91/><G1/><T110/><D110/><U121/><E103/><V41/><F92/><N who="3" m="56335" /><G3/><T93/><D107/><U13/><E13/><V27/><F27/><W102/><G102/><T105/><D105/><U131/><E78/><V54/><F41/><W22/><G46/><T80/><D95/><AGARI ba="0,0" hai="5,11,15,22,26,31,53,55,91,95,97" m="56335" machi="95" ten="30,1500,0" yaku="8,1" doraHai="28" who="3" fromWho="0" sc="199,-15,376,0,225,0,200,15" /><INIT seed="3,1,0,3,3,125" ten="184,376,225,215" oya="3" hai0="70,93,101,1,41,130,97,108,40,43,17,18,46" hai1="112,7,25,110,79,16,29,2,120,92,103,63,81" hai2="45,117,127,20,71,90,0,68,8,24,62,39,33" hai3="83,121,124,109,116,119,122,134,95,60,23,102,47"/><W49/><G23/><T14/><D1/><U50/><E120/><N who="3" m="46186" /><G83/><T56/><D70/><U4/><E112/><V78/><F117/><N who="3" m="45131" /><G102/><T54/><D108/><U100/><E16/><V82/><F33/><W15/><G15/><T118/><D118/><U57/><E103/><V53/><F90/><W48/><G95/><T12/><D130/><U21/><E81/><V52/><F0/><W123/><N who="3" m="46194" /><W106/><DORA hai="73" /><G106/><T55/><D46/><U94/><E92/><V11/><F127/><W61/><G124/><T22/><REACH who="0" step="1"/><D56/><REACH who="0" ten="174,376,225,215" step="2"/><U76/><E57/><V126/><F71/><W132/><G109/><T115/><D115/><U30/><E110/><V99/><F68/><W96/><G96/><T69/><D69/><U51/><E2/><V129/><F99/><W135/><G49/><T66/><D66/><U133/><E51/><V44/><F44/><W113/><G113/><T77/><D77/><U84/><E76/><V37/><F45/><W59/><G59/><T19/><D19/><U58/><E79/><V131/><F78/><W105/><G105/><T32/><D32/><U31/><E50/><V88/><F126/><W13/><G13/><T80/><D80/><U28/><E58/><V36/><F82/><W67/><G67/><T91/><D91/><U98/><E98/><V5/><F88/><W104/><G104/><T85/><D85/><U27/><E84/><V38/><F38/><W114/><G114/><T10/><AGARI ba="1,1" hai="10,12,14,17,18,22,40,41,43,54,55,93,97,101" machi="10" ten="30,8000,1" yaku="1,1,0,1,8,1,53,2" doraHai="125,73" doraHaiUra="9,65" who="0" fromWho="0" sc="174,93,376,-21,225,-21,215,-41" owari="267,6.7,355,45.5,204,-19.6,174,-32.6" /></mjloggm>