<mjloggm ver="2.3"><GO type="225" lobby="0"/><UN n0="%E8%90%BD%E6%97%A5" n1="%E6%98%93%E5%88%A9%E8%96%A9%E4%BC%AF" n2="%E3%81%8B%E3%82%8F%E3%81%A1%E3%82%83%E3%82%93%35%38" n3="%72%69%6F%75%63%68%61%6E" dan="16,17,16,16" rate="2136.90,2192.56,2137.57,2141.36" sx="F,F,M,M"/><TAIKYOKU oya="0"/><INIT seed="0,0,0,1,4,107" ten="250,250,250,250" oya="0" hai0="129,115,1,4,48,38,102,34,27,10,32,100,6" hai1="63,71,133,112,50,64,74,130,45,90,106,43,121" hai2="58,91,36,87,59,65,119,55,78,72,17,41,57" hai3="70,128,131,11,75,61,2,134,80,26,77,7,79"/><T84/><D38/><N who="1" m="21751" /><E90/><V5/><F119/><W76/><G134/><T67/><D115/><U31/><E31/><V97/><F5/><W49/><G26/><T89/><D129/><N who="3" m="49737" /><G49/><T35/><D6/><U93/><E93/><V62/><F97/><W23/><G23/><T3/><D3/><U0/><E106/><V9/><F41/><W14/><G2/><T111/><D111/><U68/><E130/><V108/><F36/><W85/><G70/><T15/><D1/><U113/><E0/><V60/><F108/><W66/><G66/><T103/><D67/><U124/><E133/><V125/><F125/><W13/><G61/><N who="2" m="23657" /><F72/><W95/><G13/><T8/><D8/><U52/><E124/><V24/><F78/><N who="3" m="46231" /><G95/><T28/><REACH who="0" step="1"/><D48/><REACH who="0" ten="240,250,250,250" step="2"/><U33/><E71/><V94/><F65/><W51/><G51/><T132/><D132/><U104/><E68/><V25/><F9/><W109/><G109/><T114/><D114/><U12/><E64/><V88/><F55/><W29/><G29/><T16/><D16/><U127/><E112/><V46/><F17/><W56/><G56/><T117/><D117/><U40/><E113/><V101/><F46/><W98/><G11/><T120/><D120/><U81/><E121/><V110/><F110/><W22/><G7/><T105/><D105/><U37/><E104/><V18/><F18/><W73/><G14/><T86/><D86/><U69/><E12/><V92/><F58/><W39/><G39/><T20/><D20/><U99/><E69/><V54/><F59/><W96/><G22/><T126/><D126/><U135/><E127/><RYUUKYOKU ba="0,1" sc="240,15,250,-15,250,-15,250,15" hai0="4,10,15,27,28,32,34,35,84,89,100,102,103" hai3="73,75,76,77,79,96,98" /><INIT seed="0,1,1,3,2,62" ten="255,235,235,265" oya="0" hai0="49,52,118,42,88,33,89,39,27,9,59,132,75" hai1="6,8,107,1,106,114,79,10,69,63,57,78,18" hai2="74,130,55,81,112,60,67,66,3,73,31,16,43" hai3="117,115,50,100,134,131,48,97,26,46,77,47,20"/><T96/><D118/><U102/><E69/><V0/><F112/><W5/><G115/><T99/><D132/><U41/><E114/><V86/><F0/><W120/><G117/><T108/><D75/><U133/><E41/><V127/><F3/><W56/><G134/><T92/><D108/><U128/><E128/><V104/><F104/><W125/><G131/><T32/><D9/><U36/><E36/><V13/><F130/><W122/><G125/><T53/><D27/><U71/><E71/><V72/><F127/><W135/><G135/><T90/><D53/><U22/><E10/><V45/><F31/><W65/><G5/><T111/><D111/><U95/><E95/><V23/><F55/><W129/><G77/><T11/><D11/><U91/><E91/><V116/><BYE who="0" /><F116/><W24/><G129/><T54/><D54/><U98/><E107/><V37/><REACH who="2" step="1"/><F60/><REACH who="2" ten="255,235,225,265" step="2"/><N who="3" m="38023" /><G122/><UN n0="%E8%90%BD%E6%97%A5" /><T19/><D19/><U124/><E124/><V103/><F103/><W64/><G120/><T28/><D28/><U119/><E119/><V83/><F83/><W14/><G64/><T35/><REACH who="0" step="1"/><D92/><REACH who="0" ten="245,235,225,265" step="2"/><U38/><E133/><V4/><F4/><W2/><G2/><T29/><D29/><U109/><E109/><V44/><F44/><AGARI ba="1,3" hai="32,33,35,39,42,44,49,52,59,88,89,90,96,99" machi="44" ten="50,18000,2" yaku="1,1,54,2,53,3" doraHai="62" doraHaiUra="85" who="0" fromWho="2" sc="245,213,235,0,225,-183,265,0" /><INIT seed="0,2,0,4,2,120" ten="458,235,42,265" oya="0" hai0="7,8,116,11,91,85,72,104,53,110,2,103,69" hai1="49,90,37,44,94,23,30,127,126,6,121,13,32" hai2="88,29,79,118,34,14,46,102,130,97,1,58,56" hai3="106,36,129,123,92,10,73,68,35,21,28,100,135"/><T5/><D72/><U70/><E70/><V63/><F1/><W40/><G35/><T77/><D77/><U24/><E121/><V133/><F133/><W65/><G123/><T71/><D116/><U74/><E74/><V112/><F112/><W107/><G73/><T60/><D103/><U86/><E37/><V75/><F130/><W111/><G10/><T83/><D104/><U12/><E6/><V122/><F122/><W96/><G135/><T81/><D81/><U50/><E50/><V22/><F118/><W84/><G129/><T105/><D105/><U95/><E95/><V128/><F128/><W39/><G40/><T66/><D53/><U19/><REACH who="1" step="1"/><E13/><REACH who="1" ten="458,225,42,265" step="2"/><V89/><F75/><W93/><G39/><T62/><D62/><U20/><E20/><V42/><F22/><W16/><G36/><T26/><D71/><U59/><E59/><V51/><F14/><W109/><G107/><T57/><D69/><U25/><E25/><V18/><F58/><W134/><G134/><T3/><D26/><U80/><E80/><V31/><F34/><W99/><G84/><T4/><D4/><U125/><E125/><V117/><F117/><W52/><G106/><T67/><D67/><U76/><E76/><V61/><F79/><W131/><G131/><T38/><D38/><U9/><E9/><V113/><F61/><N who="3" m="39983" /><G93/><T119/><D119/><U108/><E108/><AGARI ba="2,1" hai="2,3,5,7,8,11,57,60,66,83,85,91,108,110" machi="108" ten="40,7700,0" yaku="9,1,52,2" doraHai="120" who="0" fromWho="1" sc="458,93,225,-83,42,0,265,0" /><INIT seed="0,3,0,3,5,43" ten="551,142,42,265" oya="0" hai0="104,65,36,4,116,78,81,70,79,23,115,55,108" hai1="102,118,34,123,32,7,128,135,40,92,73,6,24" hai2="8,76,48,15,14,25,13,37,60,44,2,125,103" hai3="67,28,74,113,117,134,47,90,69,89,56,16,97"/><T17/><D104/><U3/><E73/><V112/><F112/><W86/><G113/><T72/><D115/><U121/><E118/><V133/><F133/><W10/><G117/><T114/><D114/><U82/><E128/><V127/><F37/><W129/><G74/><T9/><D116/><U29/><E34/><V124/><F76/><W38/><G69/><T59/><D79/><U85/><E135/><V53/><F103/><W18/><G134/><T39/><D65/><U49/><E102/><V0/><F8/><W122/><G129/><T106/><D70/><U130/><E92/><V21/><REACH who="2" step="1"/><F60/><REACH who="2" ten="551,142,32,265" step="2"/><N who="3" m="38279" /><G38/><T119/><D119/><U52/><E130/><V131/><F131/><W111/><G90/><T80/><D39/><U31/><E123/><V83/><F83/><W77/><G89/><T95/><D36/><U19/><E82/><V94/><F94/><W101/><G122/><T126/><D81/><U68/><E121/><V33/><F33/><W93/><G77/><T42/><D106/><U109/><E32/><V64/><F64/><W61/><G61/><T30/><D95/><U51/><E7/><V96/><F96/><W105/><G105/><T54/><D9/><U120/><E6/><V5/><F5/><W12/><G97/><T57/><D4/><U50/><E120/><V88/><F88/><N who="3" m="53399" /><G101/><T110/><D80/><U100/><E100/><V45/><F45/><W41/><G47/><T98/><D78/><U20/><E85/><V63/><F63/><W132/><G132/><T46/><D72/><U22/><E3/><V71/><F71/><W11/><G10/><RYUUKYOKU ba="3,1" sc="551,-10,142,-10,32,30,265,-10" hai2="0,2,13,14,15,21,25,44,48,53,124,125,127" /><INIT seed="1,4,1,3,5,43" ten="541,132,62,255" oya="1" hai0="41,121,58,95,49,39,0,128,134,123,12,60,80" hai1="130,15,125,89,117,126,71,30,67,127,28,107,13" hai2="34,16,66,81,6,72,65,85,45,26,50,96,79" hai3="118,105,98,120,48,104,109,94,63,1,35,7,14"/><U83/><E117/><V40/><F72/><W90/><G120/><N who="0" m="46155" /><D0/><U18/><E107/><V53/><F6/><W20/><G118/><T46/><D128/><U87/><E130/><V99/><F34/><W22/><G109/><T112/><D112/><U59/><E71/><V92/><F40/><W47/><G35/><T31/><D31/><U102/><E102/><N who="2" m="60679" /><F99/><W103/><G1/><T101/><D134/><U111/><E111/><V88/><F79/><W42/><G105/><T19/><D80/><U76/><E76/><V115/><F115/><W9/><G63/><T56/><D39/><U32/><E32/><V54/><F54/><W97/><AGARI ba="4,1" hai="7,9,14,20,22,42,47,48,90,94,97,98,103,104" machi="97" ten="20,2700,0" yaku="0,1,7,1,52,1" doraHai="43" who="3" fromWho="3" sc="541,-11,132,-17,62,-11,255,49" /><INIT seed="2,0,0,5,2,97" ten="530,115,51,304" oya="2" hai0="6,104,3,53,74,127,11,110,85,72,100,28,12" hai1="108,81,44,63,90,27,22,116,87,89,133,109,75" hai2="79,77,122,131,54,64,78,35,50,68,18,42,99" hai3="56,130,83,134,32,98,128,121,29,5,125,117,41"/><V80/><F122/><W103/><G117/><T13/><D110/><N who="1" m="42603" /><E75/><V2/><F131/><N who="3" m="50219" /><G121/><T15/><D127/><U96/><E133/><V118/><F118/><W67/><G5/><T119/><D119/><U61/><E116/><V23/><F35/><W48/><G83/><T101/><D104/><U135/><E44/><V4/><F42/><W124/><G29/><T49/><D28/><N who="1" m="17527" /><E135/><V115/><F115/><W58/><G32/><T123/><D123/><U17/><E17/><V10/><F64/><W82/><G82/><T31/><D31/><U113/><E113/><V105/><F68/><W7/><G7/><T0/><D0/><U45/><E45/><V93/><F105/><N who="3" m="63735" /><G134/><T107/><D107/><U70/><E70/><V40/><F40/><W20/><G20/><T69/><D69/><U112/><E112/><V84/><F23/><W24/><G24/><T132/><D132/><U65/><E65/><V43/><F43/><W47/><G67/><T1/><D1/><U106/><E106/><V16/><F78/><W129/><N who="3" m="50227" /><W33/><DORA hai="92" /><G33/><T26/><D26/><U25/><E25/><V88/><F79/><W71/><G71/><T57/><D74/><U126/><E126/><AGARI ba="0,0" hai="41,47,48,56,58,124,125,126" m="63735,50227" machi="126" ten="40,8000,1" yaku="18,1,19,1,52,2" doraHai="97,92" who="3" fromWho="1" sc="530,0,115,-80,51,0,304,80" /><INIT seed="3,0,0,5,3,113" ten="530,35,51,384" oya="3" hai0="33,19,135,77,29,45,101,82,95,114,16,35,15" hai1="28,18,72,65,115,131,54,20,64,106,90,86,75" hai2="96,120,37,55,102,10,44,48,36,40,79,91,132" hai3="121,61,17,81,111,63,123,42,84,73,109,105,46"/><W112/><G105/><T32/><D135/><U74/><E115/><V118/><F118/><W103/><G103/><T0/><D114/><U126/><E106/><V134/><F120/><N who="3" m="46155" /><G112/><T27/><D0/><U26/><E131/><V6/><F91/><W43/><G73/><T67/><D67/><U100/><E100/><V130/><F79/><W87/><G17/><T39/><D19/><U21/><E126/><V3/><F130/><W127/><G127/><T30/><D30/><U62/><E54/><V25/><F25/><W110/><G81/><T47/><D95/><U70/><E65/><V57/><REACH who="2" step="1"/><F37/><REACH who="2" ten="530,35,41,384" step="2"/><W9/><G9/><T128/><D16/><U68/><E68/><V38/><F38/><N who="3" m="21847" /><G43/><T94/><D15/><U23/><E74/><V129/><F129/><W125/><G125/><T76/><D32/><U4/><E4/><V5/><F5/><W119/><G119/><T31/><D94/><AGARI ba="0,1" hai="3,6,10,36,40,44,48,55,57,94,96,102,132,134" machi="94" ten="40,2600,0" yaku="1,1,53,1" doraHai="113" doraHaiUra="92" who="2" fromWho="0" sc="530,-26,35,0,41,36,384,0" owari="504,60.4,35,-46.5,77,-32.3,384,18.4" /></mjloggm>