<mjloggm ver="2.3"><GO type="225" lobby="0"/><UN n0="%E7%B4%94%E6%BD%94%E3%83%94%E3%83%A9%E3%83%8B%E3%82%A2" n1="%E5%B0%8F%E9%B3%A5%E9%81%8A%E7%B7%B4%E7%84%A1%32%31%E6%AD%B3" n2="%E8%81%B7%E6%A5%AD%E3%80%81%E9%A2%A8%32" n3="%E6%97%A5%E6%9B%9C%E6%97%A5%E3%82%88%E3%82%8A%E3%81%AE%E4%BD%BF%E8%80%85" dan="17,17,16,17" rate="2224.13,2184.14,2185.42,2215.77" sx="M,F,M,M"/><TAIKYOKU oya="0"/><INIT seed="0,0,0,5,0,82" ten="250,250,250,250" oya="0" hai0="46,81,22,109,50,113,90,116,16,68,47,33,96" hai1="48,87,12,134,104,3,130,80,57,20,43,42,133" hai2="102,71,4,32,29,125,2,100,38,41,73,114,93" hai3="28,120,91,30,94,92,72,60,66,15,34,110,61"/><T98/><D68/><U131/><E104/><V124/><F114/><W127/><G72/><T63/><D113/><U10/><E3/><V86/><F73/><W118/><G118/><T128/><D116/><U17/><E20/><V45/><F71/><W78/><G78/><T135/><D33/><U129/><E57/><V101/><F29/><W24/><G110/><T64/><D109/><U9/><E9/><V23/><F23/><W51/><G127/><T62/><D128/><U27/><E27/><V37/><F32/><W123/><G30/><T106/><D135/><N who="1" m="51723" /><E48/><V36/><F4/><W54/><G15/><T74/><D106/><U107/><E107/><V44/><F2/><W1/><G1/><T83/><D47/><U119/><E119/><V40/><F38/><W115/><G115/><T11/><D11/><U112/><E112/><V8/><F8/><W132/><G132/><T105/><D105/><U70/><E70/><V76/><F76/><AGARI ba="0,0" hai="10,12,17,42,43,76,80,87,129,130,131" m="51723" machi="76" ten="40,5200,0" yaku="19,1,20,1,52,1" doraHai="82" who="1" fromWho="2" sc="250,0,250,52,250,-52,250,0" /><INIT seed="1,0,0,4,1,1" ten="250,302,198,250" oya="1" hai0="105,20,132,65,66,86,56,64,51,91,102,75,116" hai1="50,43,15,45,37,27,21,39,87,92,49,99,94" hai2="42,14,90,63,85,12,100,53,135,110,109,16,97" hai3="133,48,76,98,72,117,119,44,69,61,55,81,7"/><U103/><E50/><V129/><F135/><W24/><G133/><T0/><D75/><U30/><E87/><V59/><F129/><W28/><G98/><T57/><D116/><U78/><E78/><V114/><F114/><W23/><G69/><T33/><D33/><U120/><E120/><V40/><F14/><W73/><G73/><T88/><D0/><U2/><E2/><V113/><F113/><W71/><G71/><T25/><D132/><U34/><E34/><V74/><F74/><W125/><G125/><T118/><D118/><N who="3" m="45065" /><G61/><T67/><D105/><U106/><REACH who="1" step="1"/><E15/><REACH who="1" ten="250,292,198,250" step="2"/><V79/><F79/><W127/><G127/><T47/><D86/><U130/><E130/><V4/><F109/><W26/><G26/><T52/><D102/><U122/><E122/><V104/><F110/><W101/><G101/><T126/><D126/><U68/><E68/><V11/><REACH who="2" step="1"/><F4/><AGARI ba="0,1" hai="4,7,23,24,28,44,48,55,72,76,81" m="45065" machi="4" ten="30,3900,0" yaku="12,1,52,2" doraHai="1" who="3" fromWho="2" sc="250,0,292,0,198,-39,250,49" /><INIT seed="2,0,0,2,5,107" ten="250,292,159,299" oya="2" hai0="122,46,12,126,5,48,109,132,40,63,52,42,38" hai1="95,86,8,62,15,78,4,84,89,64,96,85,97" hai2="127,58,76,55,115,50,24,118,94,102,75,92,74" hai3="66,69,117,33,23,106,31,60,20,133,108,99,116"/><V65/><F118/><W129/><G108/><T131/><D109/><U41/><E41/><V59/><F115/><W119/><G129/><T34/><D131/><U51/><E51/><V82/><F127/><W27/><G133/><T9/><D132/><U36/><E36/><V28/><F75/><W35/><G33/><T18/><D34/><U54/><E54/><V125/><F125/><W71/><G71/><T25/><D122/><U6/><E97/><V124/><F124/><W128/><G128/><T53/><D126/><U22/><E22/><V61/><REACH who="2" step="1"/><F102/><AGARI ba="0,0" hai="20,23,27,31,35,60,66,69,99,102,106,116,117,119" machi="102" ten="40,2600,0" yaku="25,2" doraHai="107" who="3" fromWho="2" sc="250,0,292,0,159,-26,299,26" /><INIT seed="3,0,0,5,0,27" ten="250,292,133,325" oya="3" hai0="120,52,17,45,54,44,10,89,84,42,32,122,34" hai1="38,119,96,13,60,19,36,68,72,114,88,83,87" hai2="93,26,12,15,115,20,59,77,1,51,70,104,9" hai3="21,118,98,78,8,31,91,40,127,62,67,90,86"/><W30/><G118/><T69/><D69/><U46/><E114/><V103/><F70/><W0/><G127/><T65/><D65/><U107/><E119/><V82/><F115/><W47/><G0/><T25/><D25/><U5/><E5/><V130/><F130/><W80/><G8/><T95/><D10/><U4/><E4/><V117/><F104/><W22/><G22/><T112/><D112/><U135/><E72/><V35/><F35/><W11/><G11/><T37/><D17/><U79/><E46/><V97/><F117/><W81/><G21/><T105/><D105/><U55/><E135/><V111/><F111/><W76/><G98/><T108/><D108/><U85/><E68/><V126/><F126/><W75/><G91/><T2/><D2/><U3/><E3/><V6/><F51/><W101/><G90/><T102/><D102/><U58/><E96/><V94/><F59/><W128/><G101/><T124/><D124/><U29/><E107/><V33/><F33/><W74/><G86/><T49/><D32/><U23/><E29/><V73/><REACH who="2" step="1"/><F93/><AGARI ba="0,0" hai="13,19,23,36,38,55,58,60,79,83,85,87,88,93" machi="93" ten="30,2000,0" yaku="7,1,54,1" doraHai="27" who="1" fromWho="2" sc="250,0,292,20,133,-20,325,0" owari="250,-15.0,312,11.2,113,-38.7,325,42.5" /></mjloggm>