<mjloggm ver="2.3"><GO type="225" lobby="0"/><UN n0="%6E%69%63%6F%6E%74%6F" n1="%E3%81%A9%E3%82%93%E3%82%88%E3%81%8F%4D%6B%2E%32" n2="%E3%81%BF%E3%81%BF%E3%81%9A" n3="%E3%81%95%E3%81%8D%E3%81%9F%E3%81%BE%E6%9E%97%E6%AA%8E" dan="16,16,17,16" rate="2126.56,2137.42,2264.15,2130.83" sx="M,M,M,M"/><TAIKYOKU oya="0"/><INIT seed="0,0,0,0,2,39" ten="250,250,250,250" oya="0" hai0="3,86,82,85,100,44,22,10,111,95,56,33,123" hai1="80,27,21,49,6,14,124,24,12,106,9,93,66" hai2="72,37,34,7,62,69,19,38,55,88,131,109,103" hai3="115,120,26,54,8,17,57,102,77,134,92,105,61"/><T5/><D123/><U76/><E106/><V64/><F72/><W13/><G115/><T11/><D33/><U126/><E66/><V113/><F113/><W28/><G134/><T59/><D111/><U127/><E93/><V65/><F109/><W122/><G105/><T130/><D130/><U91/><E91/><V43/><F131/><W98/><REACH who="3" step="1"/><G77/><REACH who="3" ten="250,250,250,240" step="2"/><T35/><D35/><AGARI ba="0,1" hai="8,13,17,26,28,35,54,57,61,92,98,102,120,122" machi="35" ten="40,2600,0" yaku="1,1,2,1,53,0" doraHai="39" doraHaiUra="87" who="3" fromWho="0" sc="250,-26,250,0,250,0,240,36" /><INIT seed="1,0,0,2,0,133" ten="224,250,250,276" oya="1" hai0="89,85,52,34,51,75,86,96,98,104,70,62,68" hai1="132,58,105,10,91,44,74,126,6,131,28,93,41" hai2="27,114,102,108,16,134,47,106,69,18,119,95,87" hai3="123,3,80,8,14,13,82,24,71,55,111,83,40"/><U61/><E105/><V9/><F119/><W25/><G123/><T113/><D113/><U31/><E132/><V56/><F69/><W76/><G71/><T129/><D129/><U84/><E74/><V23/><F134/><W7/><G76/><T107/><D75/><U46/><E131/><V66/><F114/><W64/><G64/><T90/><D34/><U92/><E92/><V88/><F108/><W45/><G55/><T49/><REACH who="0" step="1"/><D62/><REACH who="0" ten="214,250,250,276" step="2"/><U72/><E72/><V33/><F33/><W11/><G111/><T124/><D124/><U4/><E126/><V2/><F106/><W117/><G117/><T112/><D112/><U81/><E81/><V122/><F122/><W54/><G83/><T19/><D19/><U22/><E31/><V77/><F18/><W100/><G82/><T5/><D5/><U130/><E130/><V21/><F16/><W73/><G7/><T43/><D43/><U17/><E28/><V63/><F63/><W37/><G40/><T101/><D101/><U48/><E48/><V67/><F102/><W135/><G100/><T60/><D60/><U109/><E109/><V30/><F30/><W0/><G80/><T35/><D35/><U94/><E41/><V127/><F127/><W59/><G73/><T110/><D110/><U79/><E6/><V15/><F77/><W99/><G135/><T53/><AGARI ba="0,1" hai="49,51,52,53,68,70,85,86,89,90,96,98,104,107" machi="53" ten="25,8000,1" yaku="1,1,0,1,22,2,54,1,53,0" doraHai="133" doraHaiUra="26" who="0" fromWho="0" sc="214,90,250,-40,250,-20,276,-20" /><INIT seed="2,0,0,5,4,12" ten="304,210,230,256" oya="2" hai0="115,42,3,92,72,55,32,7,15,128,22,86,68" hai1="52,104,24,18,56,59,63,65,91,13,36,50,54" hai2="83,78,5,47,132,46,45,9,108,20,124,38,107" hai3="79,69,76,39,58,35,129,44,84,66,37,26,88"/><V114/><F114/><W0/><G0/><T127/><D115/><U34/><E104/><V93/><F107/><W106/><G106/><T73/><D128/><U77/><E36/><V125/><F132/><W131/><G69/><T95/><D127/><N who="2" m="48714" /><F108/><W17/><G35/><T101/><D68/><U122/><E122/><V29/><F93/><W134/><G134/><T110/><D110/><U6/><E77/><N who="3" m="29770" /><G58/><T14/><D32/><U8/><E91/><V51/><F38/><W102/><G102/><T49/><D3/><U96/><E96/><V94/><F94/><N who="3" m="54535" /><G44/><T48/><D42/><U119/><E119/><V64/><F64/><W60/><G60/><T4/><D101/><U116/><E116/><V21/><F29/><W97/><G97/><T126/><D86/><U109/><E109/><V67/><F67/><W75/><G75/><T121/><D126/><U85/><E85/><N who="2" m="48375" /><F51/><W27/><G66/><T19/><D73/><U31/><REACH who="1" step="1"/><E65/><REACH who="1" ten="304,200,230,256" step="2"/><V98/><F98/><W130/><G39/><T99/><D72/><U90/><E90/><V123/><F123/><W61/><G37/><T87/><D99/><U62/><E62/><V74/><F74/><W117/><G117/><T41/><D87/><U2/><E2/><AGARI ba="0,1" hai="2,5,9,20,21,45,46,47" m="48375,48714" machi="2" ten="30,1500,0" yaku="18,1" doraHai="12" who="2" fromWho="1" sc="304,0,200,-15,230,25,256,0" /><INIT seed="2,1,0,3,0,134" ten="304,185,255,256" oya="2" hai0="56,36,115,50,99,31,43,51,14,133,4,76,131" hai1="44,8,107,132,123,70,20,52,39,119,74,34,101" hai2="93,75,12,100,80,121,5,110,62,118,91,38,49" hai3="109,18,60,102,47,45,27,25,29,2,11,35,6"/><V126/><F118/><W82/><G109/><T86/><D115/><U24/><E119/><V46/><F38/><W84/><G102/><T1/><D133/><U117/><E117/><V16/><F121/><W0/><G0/><T108/><D108/><U19/><E132/><V104/><F110/><W128/><G128/><T135/><D135/><U77/><E123/><V65/><F5/><W64/><G27/><T54/><D131/><U87/><E70/><V40/><F104/><W125/><G125/><T127/><D127/><U89/><E34/><V53/><F126/><W130/><G130/><T113/><D36/><U30/><E74/><V10/><F100/><W90/><REACH who="3" step="1"/><G18/><REACH who="3" ten="304,185,255,246" step="2"/><T9/><D1/><U58/><E101/><V73/><F40/><W72/><G72/><T122/><D122/><U23/><E107/><V3/><F3/><W114/><G114/><T15/><D113/><U7/><E19/><V55/><F55/><W71/><AGARI ba="1,1" hai="2,6,11,25,29,35,45,47,60,64,71,82,84,90" machi="71" ten="20,5200,0" yaku="1,1,0,1,7,1,53,1" doraHai="134" doraHaiUra="81" who="3" fromWho="3" sc="304,-14,185,-14,255,-27,246,65" /><INIT seed="3,0,0,3,0,90" ten="290,171,228,311" oya="3" hai0="124,48,67,130,114,21,104,120,129,109,41,33,85" hai1="83,76,111,58,44,127,82,43,26,78,128,57,1" hai2="17,93,5,37,105,22,100,18,14,75,79,11,12" hai3="47,63,80,49,24,101,115,29,70,126,125,32,30"/><W66/><G115/><T40/><D33/><U102/><E1/><V74/><F37/><W56/><G56/><T95/><D120/><U3/><E3/><V19/><F105/><W54/><G30/><T2/><D2/><U84/><E127/><N who="3" m="48650" /><G80/><T87/><D124/><U103/><E128/><N who="0" m="49257" /><D104/><U123/><E123/><V28/><F79/><W35/><G101/><T50/><D109/><U91/><E111/><V135/><F135/><W86/><G86/><N who="0" m="32779" /><D67/><U10/><E10/><V61/><F61/><W38/><G38/><T106/><D106/><U116/><E116/><V89/><F100/><W64/><G64/><T16/><D114/><U51/><E102/><V121/><F121/><W97/><G97/><T8/><D8/><U46/><E103/><V99/><REACH who="2" step="1"/><F12/><REACH who="2" ten="290,171,218,311" step="2"/><W122/><G122/><T55/><D95/><U23/><E46/><V108/><F108/><W110/><G110/><T134/><D134/><U131/><E131/><V42/><F42/><N who="0" m="16490" /><D55/><U88/><E78/><V36/><F36/><W62/><G62/><T118/><D118/><U81/><E76/><V94/><F94/><W113/><G113/><T27/><AGARI ba="0,1" hai="16,21,27,48,50" m="16490,32779,49257" machi="27" ten="30,2000,0" yaku="19,1,54,1" doraHai="90" who="0" fromWho="0" sc="290,30,171,-5,218,-5,311,-10" owari="320,42.0,166,-33.4,213,-18.7,301,10.1" /></mjloggm>