<mjloggm ver="2.3"><GO type="225" lobby="0"/><UN n0="%E3%81%90%E3%81%A1%E3%82%84%E3%81%BE" n1="%E4%B8%89%E8%8F%B1%E7%A4%BE%E5%93%A1" n2="%E7%89%B9%E6%9D%B1%E3%81%AF%E4%B8%96%E7%95%8C%E3%82%92%E6%95%91%E3%81%86" n3="%E5%8D%A0%E3%81%84%E5%B8%AB%E8%A3%8F%E3%81%AA%E3%81%84%E3%81%97" dan="16,16,16,17" rate="2133.92,2035.70,2181.53,2172.12" sx="M,M,M,M"/><TAIKYOKU oya="0"/><INIT seed="0,0,0,5,2,50" ten="250,250,250,250" oya="0" hai0="85,122,92,91,116,54,106,3,59,103,27,56,132" hai1="68,66,94,112,90,47,98,62,22,53,83,33,29" hai2="24,93,38,0,73,36,11,8,6,57,128,126,55" hai3="67,40,17,42,130,58,135,14,9,121,104,77,134"/><T102/><D116/><U37/><E112/><V115/><F115/><W1/><G104/><T39/><D122/><U64/><E64/><V2/><F73/><W46/><G121/><T114/><D114/><U125/><E125/><V69/><F69/><W51/><G130/><T52/><D3/><U63/><E33/><V113/><F113/><W105/><G105/><T12/><D39/><U32/><E32/><V100/><F128/><W86/><G1/><T71/><D71/><U23/><E29/><V110/><F110/><W118/><G118/><T16/><D27/><U20/><E83/><V25/><F126/><W97/><G97/><T10/><D132/><N who="3" m="50729" /><G77/><T107/><D107/><U120/><E120/><V31/><F25/><W72/><G72/><T124/><D124/><U96/><E37/><V79/><F79/><W21/><G86/><T13/><D13/><U4/><E4/><V99/><F8/><W108/><G108/><T41/><D41/><U65/><E47/><V131/><F2/><W89/><G89/><T28/><D28/><U74/><E74/><V75/><F75/><W101/><G101/><N who="0" m="38411" /><D106/><U18/><E98/><V45/><F131/><W109/><G109/><T81/><D81/><U127/><E127/><V117/><F117/><W26/><G42/><T43/><D43/><U61/><E96/><V48/><REACH who="2" step="1"/><F45/><REACH who="2" ten="250,250,240,250" step="2"/><W119/><G119/><T88/><D91/><U44/><E44/><V84/><F84/><W7/><G58/><AGARI ba="0,1" hai="10,12,16,52,54,56,58,59,85,88,92" m="38411" machi="58" ten="30,18000,2" yaku="8,1,52,2,54,3" doraHai="50" who="0" fromWho="3" sc="250,190,250,0,240,0,250,-180" /><INIT seed="0,1,0,0,3,5" ten="440,250,240,70" oya="0" hai0="16,31,71,91,124,117,100,114,65,2,47,51,38" hai1="94,9,8,58,34,116,18,106,61,130,1,92,95" hai2="79,20,103,32,69,24,19,99,21,73,75,115,45" hai3="36,59,120,40,74,86,105,30,53,108,111,109,48"/><T60/><D114/><U15/><E116/><V28/><F115/><W50/><G74/><T88/><D117/><U128/><E106/><V118/><F118/><W25/><G105/><T13/><D2/><U56/><E34/><V131/><F131/><N who="1" m="50217" /><E61/><V3/><F3/><W107/><G107/><T132/><D132/><U62/><E62/><V72/><F69/><W110/><N who="3" m="27648" /><DORA hai="135" /><W66/><G120/><T14/><D38/><U84/><E84/><V78/><F45/><W119/><G119/><T89/><D124/><U26/><E26/><V133/><F133/><W98/><G98/><T81/><D100/><U127/><E127/><V33/><F33/><W0/><G0/><T35/><D81/><U85/><E85/><V80/><F79/><W121/><G86/><T76/><D76/><U52/><E52/><V49/><F32/><W42/><G121/><T23/><D35/><U82/><E82/><V102/><F49/><N who="3" m="19051" /><G25/><T63/><D71/><U4/><AGARI ba="1,0" hai="1,4,8,9,15,18,56,58,92,94,95" m="50217" machi="4" ten="40,5200,0" yaku="19,1,52,2" doraHai="5,135" who="1" fromWho="1" sc="440,-27,250,55,240,-14,70,-14" /><INIT seed="1,0,0,1,0,1" ten="413,305,226,56" oya="1" hai0="85,130,69,117,77,45,124,126,32,47,81,105,30" hai1="33,51,72,8,19,101,127,48,15,59,99,79,40" hai2="14,66,65,44,0,125,89,129,104,55,39,3,56" hai3="41,5,86,36,118,82,13,23,25,132,21,135,46"/><U112/><E112/><V108/><F104/><W64/><G118/><T6/><D117/><U58/><E33/><V98/><F108/><W115/><G115/><T57/><D69/><U2/><E127/><N who="0" m="48681" /><D130/><U73/><E2/><V114/><F125/><W29/><G64/><T123/><BYE who="3" /><D123/><U78/><E40/><V96/><F129/><W83/><G83/><UN n3="%E5%8D%A0%E3%81%84%E5%B8%AB%E8%A3%8F%E3%81%AA%E3%81%84%E3%81%97" /><T94/><D105/><U60/><E73/><V116/><F116/><W113/><G113/><T106/><D106/><U74/><E74/><V50/><F114/><W37/><G37/><T49/><D6/><U84/><E72/><V38/><F14/><W134/><G21/><T87/><D57/><N who="1" m="21515" /><E60/><V7/><F56/><W128/><G128/><T28/><D32/><U22/><E22/><V67/><F0/><W88/><REACH who="3" step="1"/><G13/><REACH who="3" ten="413,305,226,46" step="2"/><T119/><D119/><U11/><E15/><V122/><F38/><W76/><G76/><T42/><D47/><U52/><E79/><V93/><F39/><W91/><G91/><AGARI ba="0,1" hai="28,30,42,45,49,77,81,85,87,91,94" m="48681" machi="91" ten="30,1000,0" yaku="18,1" doraHai="1" who="0" fromWho="3" sc="413,20,305,0,226,0,46,-10" /><INIT seed="2,0,0,5,1,18" ten="433,305,226,36" oya="2" hai0="16,134,128,109,23,1,58,79,61,63,112,103,10" hai1="116,81,95,49,22,44,132,65,2,97,107,117,82" hai2="124,33,110,125,66,36,126,99,102,96,73,133,80" hai3="26,41,104,85,6,54,5,53,76,94,25,14,120"/><V114/><F36/><W11/><G104/><T77/><D112/><U59/><E107/><N who="2" m="63943" /><F33/><W15/><G120/><T92/><D1/><U52/><E132/><V87/><F66/><W106/><G106/><T57/><D134/><U56/><E2/><V30/><F30/><W17/><G41/><T8/><D109/><U98/><E117/><V48/><F48/><W40/><G40/><T129/><D103/><N who="1" m="60863" /><E116/><V115/><F133/><W83/><G94/><T122/><D92/><U47/><E98/><V39/><F39/><W69/><G69/><T43/><D43/><U21/><E47/><V71/><F71/><W84/><G84/><T123/><D16/><U28/><E28/><V101/><F73/><W24/><REACH who="3" step="1"/><G5/><REACH who="3" ten="433,305,226,26" step="2"/><T78/><D122/><U67/><E82/><V105/><F110/><W70/><G70/><T7/><D123/><U19/><E81/><V89/><AGARI ba="0,1" hai="80,87,89,99,101,105,114,115,124,125,126" m="63943" machi="89" ten="30,6000,0" yaku="18,1,34,2" doraHai="18" who="2" fromWho="2" sc="433,-20,305,-20,226,70,26,-20" /><INIT seed="2,1,0,3,2,23" ten="413,285,296,6" oya="2" hai0="130,15,34,9,74,99,3,65,67,8,57,25,16" hai1="121,19,20,18,110,84,97,118,92,122,0,127,100" hai2="105,135,32,66,45,31,49,115,126,38,119,129,79" hai3="41,102,96,98,83,77,86,50,125,114,132,106,40"/><V30/><F119/><W61/><G125/><T58/><D74/><U5/><E127/><V80/><F126/><W76/><G132/><T72/><D72/><U60/><E118/><V52/><F115/><W14/><G114/><T131/><D99/><U21/><E110/><V120/><F120/><N who="1" m="46185" /><E60/><V12/><F105/><W43/><G61/><T108/><D108/><U116/><E116/><V44/><F135/><W24/><G24/><T85/><D85/><U104/><E84/><N who="2" m="48159" /><F32/><W68/><G68/><T7/><D25/><N who="1" m="14487" /><E5/><V53/><F38/><W123/><G123/><T36/><D34/><U13/><E0/><V59/><F129/><N who="0" m="49162" /><D36/><U94/><AGARI ba="1,0" hai="13,19,21,92,94,97,100,104" m="14487,46185" machi="94" ten="30,2000,0" yaku="13,1,52,1" doraHai="23" who="1" fromWho="1" sc="413,-6,285,23,296,-11,6,-6" /><INIT seed="3,0,0,5,1,59" ten="407,308,285,0" oya="3" hai0="25,11,72,110,49,95,65,8,119,93,96,83,7" hai1="130,75,84,112,30,118,43,52,64,70,33,123,122" hai2="114,3,50,82,134,12,71,102,17,124,40,2,38" hai3="126,26,18,69,20,41,109,44,79,115,14,106,28"/><W4/><G115/><T113/><D119/><U5/><E75/><V48/><F114/><W13/><G106/><T6/><D113/><U22/><E112/><V35/><F35/><W88/><G69/><T78/><D110/><U61/><E118/><V60/><F38/><W116/><G116/><T1/><D65/><U98/><E130/><V62/><F102/><W23/><G109/><T87/><D25/><N who="1" m="18639" /><E22/><N who="2" m="11559" /><F82/><W66/><G126/><T94/><D49/><N who="2" m="19050" /><F40/><W46/><G79/><T57/><D57/><U117/><E117/><V54/><F54/><W47/><G66/><T89/><D96/><U10/><E52/><V27/><F27/><W51/><G88/><T128/><D128/><U85/><E43/><V81/><F81/><W29/><G29/><T56/><D56/><U105/><E85/><V92/><F92/><W90/><G90/><T39/><D39/><U111/><E84/><V68/><F124/><W120/><G120/><T73/><D73/><U77/><E111/><V131/><F131/><W97/><G97/><T67/><D67/><U45/><E77/><V42/><F42/><W129/><G129/><T80/><D93/><U74/><E74/><V9/><F9/><AGARI ba="0,0" hai="4,9,13,14,18,20,23,26,28,41,44,46,47,51" machi="9" ten="40,2000,0" yaku="8,1" doraHai="59" who="3" fromWho="2" sc="407,0,308,0,285,-20,0,20" /><INIT seed="3,1,0,0,2,124" ten="407,308,265,20" oya="3" hai0="82,113,4,131,52,95,115,80,129,33,86,70,43" hai1="25,126,27,10,3,133,0,63,78,75,18,46,83" hai2="31,128,84,102,73,109,100,116,40,88,106,71,69" hai3="48,60,20,107,118,56,134,64,121,62,110,49,96"/><W89/><G118/><T65/><D33/><U58/><E126/><V8/><F116/><W119/><G119/><T132/><D132/><U105/><E133/><V50/><F73/><W76/><G134/><T1/><D43/><U87/><E105/><V19/><F109/><W42/><G121/><T120/><D120/><U47/><E75/><V127/><F127/><W114/><G114/><N who="0" m="43531" /><D95/><U51/><E0/><V94/><F31/><W7/><G110/><T81/><D86/><U57/><E57/><V74/><F74/><W44/><G76/><T38/><D38/><U2/><E2/><V12/><F128/><W117/><G117/><T17/><D52/><N who="1" m="29815" /><E3/><V22/><F22/><W92/><G107/><T101/><D101/><U135/><E47/><V15/><F15/><W21/><G7/><T35/><D35/><U123/><E135/><V72/><F72/><W122/><G122/><T36/><D36/><U93/><E93/><V67/><F67/><W68/><REACH who="3" step="1"/><G48/><REACH who="3" ten="407,308,265,10" step="2"/><T103/><D4/><U108/><E108/><V59/><F106/><W97/><G97/><T34/><D1/><U66/><E123/><V29/><F50/><W5/><G5/><T28/><D131/><U112/><E112/><V14/><F84/><W41/><G41/><T104/><D129/><U24/><E66/><AGARI ba="1,1" hai="20,21,42,44,49,56,60,62,64,66,68,89,92,96" machi="66" ten="30,5800,0" yaku="1,1,7,1,53,1" doraHai="124" doraHaiUra="90" who="3" fromWho="1" sc="407,0,308,-61,265,0,10,71" /><INIT seed="3,2,0,4,1,20" ten="407,247,265,81" oya="3" hai0="101,1,99,4,9,46,90,65,55,23,45,50,103" hai1="21,127,106,70,89,53,128,7,31,35,10,86,14" hai2="34,66,59,60,111,36,48,91,120,112,119,78,75" hai3="28,102,47,125,54,33,43,96,74,95,117,62,56"/><W22/><G117/><T3/><D3/><U5/><E127/><V130/><F119/><W124/><G74/><T76/><D76/><U32/><E106/><V105/><F36/><W84/><G33/><T93/><D65/><U81/><E70/><V133/><F34/><W27/><REACH who="3" step="1"/><G84/><REACH who="3" ten="407,247,265,71" step="2"/><T29/><D99/><U68/><E32/><V129/><F75/><W30/><G30/><T42/><D29/><U88/><E35/><V12/><F112/><W131/><G131/><T16/><D103/><U41/><E128/><V0/><F129/><W82/><G82/><T71/><D101/><U123/><E31/><V15/><F130/><W100/><G100/><T58/><D93/><U77/><E81/><V44/><F105/><W63/><G63/><T69/><D90/><U116/><E89/><V122/><F91/><W40/><G40/><T113/><D113/><U97/><E41/><V135/><F78/><W118/><G118/><T87/><D87/><U104/><E77/><V80/><F80/><W51/><AGARI ba="2,1" hai="22,27,28,43,47,51,54,56,62,95,96,102,124,125" machi="51" ten="30,6000,0" yaku="1,1,0,1,52,1,53,0" doraHai="20" doraHaiUra="67" who="3" fromWho="3" sc="407,-22,247,-22,265,-22,71,76" /><INIT seed="3,3,0,2,5,13" ten="385,225,243,147" oya="3" hai0="117,59,45,32,86,57,22,101,89,19,123,6,41" hai1="93,106,135,132,5,109,64,55,23,26,131,29,115" hai2="54,126,15,43,67,94,1,74,96,53,87,127,92" hai3="27,107,122,18,10,80,103,3,34,118,130,25,44"/><W100/><G118/><T98/><D32/><U49/><E115/><V24/><F74/><W110/><G122/><T120/><D6/><U31/><E106/><V9/><F1/><W70/><G70/><T97/><D117/><U37/><E37/><V68/><F43/><W62/><G130/><T60/><D59/><N who="1" m="33263" /><E109/><V72/><F72/><W65/><G110/><T16/><D19/><N who="1" m="12671" /><E131/><V56/><F24/><W42/><G34/><T7/><D98/><U128/><E128/><V21/><F21/><W129/><G129/><T35/><D101/><N who="3" m="38985" /><G80/><T69/><D69/><U2/><E64/><V114/><F114/><W71/><G107/><T47/><D35/><U119/><E119/><V105/><F105/><W38/><G3/><T81/><D81/><U58/><E58/><V0/><F0/><W28/><G28/><T108/><D57/><U99/><E5/><N who="2" m="3503" /><F68/><W91/><G91/><T52/><D89/><N who="1" m="55727" /><E2/><V14/><F67/><W66/><G66/><T116/><D108/><U11/><E11/><V83/><F56/><W133/><G133/><AGARI ba="3,0" hai="29,31,132,133,135" m="55727,12671,33263" machi="133" ten="30,2000,0" yaku="20,1,52,1" doraHai="13" who="1" fromWho="3" sc="385,0,225,29,243,0,147,-29" owari="385,48.5,254,5.4,243,-15.7,118,-38.2" /></mjloggm>