<mjloggm ver="2.3"><GO type="225" lobby="0"/><UN n0="%E3%81%BF%E3%81%BF%E3%81%9A" n1="%E3%83%96%E3%83%83%E3%83%91%E3%82%AA%E3%83%96%E3%83%81%E3%82%AD%E3%83%B3" n2="%70%68%65%6E%6F%6D%65" n3="%E6%98%BC%E4%B8%8B%E3%81%8C%E3%82%8A%E3%81%AE%E5%9B%A3%E5%9C%B0%E5%A6%BB" dan="18,16,16,16" rate="2201.48,2193.73,2171.10,2138.16" sx="M,M,M,F"/><TAIKYOKU oya="0"/><INIT seed="0,0,0,4,4,129" ten="250,250,250,250" oya="0" hai0="35,122,109,18,22,37,134,51,67,82,92,72,42" hai1="94,46,70,17,25,30,88,32,112,100,119,45,52" hai2="96,44,26,23,133,78,54,29,3,93,57,101,28" hai3="36,6,60,86,123,75,33,114,89,81,47,56,99"/><T118/><D118/><U24/><E119/><V106/><F3/><W13/><G114/><T77/><D122/><U125/><E112/><V90/><F78/><W48/><G33/><T61/><D35/><U10/><E70/><V43/><F133/><W7/><G36/><T64/><D37/><U40/><E125/><V107/><F101/><W113/><G123/><T21/><D109/><U79/><E79/><V65/><F65/><W103/><G75/><T0/><D0/><U68/><E68/><V5/><F5/><W126/><G126/><T14/><D134/><U12/><E100/><V111/><F111/><W1/><G1/><T97/><D61/><U73/><E73/><V71/><F71/><W108/><G108/><T116/><D116/><U66/><E66/><V53/><F29/><W55/><G13/><T49/><D49/><N who="1" m="26791" /><E30/><V31/><F31/><W117/><G117/><T74/><D72/><U69/><E69/><V9/><F54/><W135/><G135/><T124/><D124/><U2/><E32/><V110/><F9/><W132/><G132/><T58/><D22/><U63/><E2/><V62/><REACH who="2" step="1"/><F110/><REACH who="2" ten="250,250,240,250" step="2"/><W76/><G76/><T16/><D18/><U95/><E17/><V83/><F83/><W104/><REACH who="3" step="1"/><G113/><REACH who="3" ten="250,250,240,240" step="2"/><T19/><D77/><U8/><E8/><V20/><F20/><W27/><G27/><T130/><D21/><U98/><E24/><V85/><F85/><W4/><G4/><T131/><D74/><U84/><E25/><V128/><F128/><W39/><G39/><AGARI ba="0,2" hai="23,26,28,39,43,44,53,57,62,90,93,96,106,107" machi="39" ten="30,3900,0" yaku="1,1,7,1,53,1" doraHai="129" doraHaiUra="50" who="2" fromWho="3" sc="250,0,250,0,240,59,240,-39" /><INIT seed="1,0,0,3,3,26" ten="250,250,299,201" oya="1" hai0="93,83,63,119,101,131,41,75,5,103,62,99,111" hai1="2,91,32,100,36,89,23,39,25,77,81,49,70" hai2="27,47,132,106,94,54,51,67,58,125,12,43,45" hai3="88,121,29,86,95,96,42,73,20,122,33,50,37"/><U16/><E70/><V11/><F106/><W110/><G73/><T116/><D111/><U59/><E2/><V53/><F132/><W10/><G110/><T28/><D131/><U80/><E100/><V130/><F130/><W19/><G37/><T84/><D5/><U35/><E39/><V113/><F125/><W82/><G33/><T57/><D75/><U97/><E36/><V76/><F113/><W128/><G128/><T104/><D41/><U21/><E80/><V71/><F71/><W129/><G129/><T55/><D63/><U134/><E134/><V68/><F68/><W13/><G10/><T69/><D69/><U9/><E9/><V123/><F76/><W56/><G29/><T66/><D55/><N who="1" m="32239" /><E35/><V72/><F72/><W118/><G118/><T38/><D38/><U120/><E32/><V64/><F123/><W124/><G124/><T98/><REACH who="0" step="1"/><D28/><REACH who="0" ten="240,250,299,201" step="2"/><N who="1" m="17455" /><E120/><V126/><F126/><W8/><G122/><T109/><D109/><U85/><E97/><V48/><F64/><W61/><G121/><T0/><D0/><U30/><E30/><V92/><F67/><W15/><G42/><T34/><D34/><U3/><E3/><V107/><F43/><W31/><G31/><T102/><D102/><U46/><E46/><V135/><F47/><W108/><G108/><T4/><D4/><U105/><E105/><V117/><F107/><W52/><G61/><T127/><D127/><U24/><AGARI ba="0,1" hai="16,23,24,77,81,85,89,91" m="17455,32239" machi="24" ten="30,6000,0" yaku="8,1,52,1,54,1" doraHai="26" who="1" fromWho="1" sc="240,-20,250,70,299,-20,201,-20" /><INIT seed="1,1,0,3,0,14" ten="220,320,279,181" oya="1" hai0="104,83,23,120,102,1,8,80,12,103,84,74,39" hai1="68,64,36,5,30,43,97,92,18,48,127,46,91" hai2="96,55,7,108,82,52,34,132,44,50,15,17,95" hai3="121,60,87,88,65,10,59,9,26,31,62,107,32"/><U16/><E127/><V89/><F108/><W111/><G121/><T71/><D120/><U112/><E112/><V101/><F132/><W93/><G111/><T77/><D71/><U106/><E5/><V47/><F34/><W123/><G123/><T76/><D104/><U130/><E130/><V24/><F24/><W33/><G33/><T119/><D119/><U116/><E116/><V115/><F115/><W90/><G107/><T27/><D39/><U0/><E0/><V13/><F7/><W118/><G118/><T78/><D1/><U57/><E30/><V25/><F25/><W94/><REACH who="3" step="1"/><G62/><REACH who="3" ten="220,320,279,171" step="2"/><T133/><D133/><U79/><E106/><V69/><F69/><W73/><G73/><T21/><D21/><U70/><E70/><V49/><F17/><W134/><G134/><T109/><D109/><U110/><E110/><V3/><F3/><W20/><G20/><T113/><D113/><U54/><E79/><V4/><F4/><W67/><G67/><T124/><D124/><U42/><E42/><V100/><F100/><W126/><G126/><T11/><D11/><U37/><REACH who="1" step="1"/><E37/><REACH who="1" ten="220,310,279,171" step="2"/><V128/><F128/><W53/><G53/><T135/><D135/><U114/><E114/><V98/><F55/><W85/><AGARI ba="1,2" hai="9,10,26,31,32,59,60,65,85,87,88,90,93,94" machi="85" ten="20,8000,1" yaku="1,1,0,1,7,1,9,1,54,1,53,0" doraHai="14" doraHaiUra="105" who="3" fromWho="3" sc="220,-21,310,-41,279,-21,171,103" /><INIT seed="2,0,0,2,1,6" ten="199,269,258,274" oya="2" hai0="51,92,43,50,101,86,56,96,61,130,131,113,16" hai1="1,132,12,83,82,14,65,134,4,78,64,80,24" hai2="95,48,36,38,104,110,108,120,3,41,57,55,5" hai3="68,94,31,20,28,49,124,88,73,53,112,66,97"/><V13/><F104/><W106/><G73/><T30/><D113/><U74/><E24/><V122/><F3/><W40/><G112/><T90/><D30/><U63/><E1/><V133/><F95/><W0/><G0/><T22/><D43/><U34/><E34/><V52/><F133/><N who="1" m="51305" /><E65/><V103/><F103/><W100/><G40/><T114/><D114/><U46/><E46/><N who="2" m="25679" /><F5/><W79/><G79/><T71/><D71/><N who="1" m="42399" /><E4/><V7/><F13/><AGARI ba="0,0" hai="12,13,14,74,78,80,82,83" m="42399,51305" machi="13" ten="30,1000,0" yaku="20,1" doraHai="6" who="1" fromWho="2" sc="199,0,269,10,258,-10,274,0" /><INIT seed="3,0,0,0,1,13" ten="199,279,248,274" oya="3" hai0="106,99,66,58,128,8,35,70,55,93,44,41,87" hai1="100,6,118,109,105,95,16,26,47,103,21,42,117" hai2="76,52,131,33,34,15,129,48,98,108,134,25,72" hai3="0,38,83,75,50,23,39,113,63,14,130,119,19"/><W88/><G113/><T114/><D114/><U112/><E112/><V20/><F76/><W79/><G119/><N who="1" m="45578" /><E109/><V11/><F72/><W2/><G130/><N who="2" m="49673" /><F98/><W31/><G31/><T74/><D74/><U121/><E121/><V5/><F108/><W24/><G39/><T65/><D128/><U10/><E95/><V104/><F104/><W85/><G38/><T89/><D35/><U71/><E71/><V7/><F7/><W59/><G50/><T30/><D30/><U110/><E105/><V123/><F134/><W45/><G45/><T86/><D70/><U120/><E120/><V46/><F123/><W56/><G24/><T80/><D106/><U68/><E68/><V60/><F60/><W12/><G12/><T115/><D115/><U84/><E84/><V53/><F53/><W78/><G78/><T18/><D87/><U107/><E107/><V32/><F32/><W67/><G59/><T94/><D94/><AGARI ba="0,0" hai="0,2,14,19,23,56,63,67,75,79,83,85,88,94" machi="94" ten="30,5800,0" yaku="7,1,52,1,54,1" doraHai="13" who="3" fromWho="0" sc="199,-58,279,0,248,0,274,58" owari="141,-35.9,279,7.9,248,-15.2,332,43.2" /></mjloggm>