<mjloggm ver="2.3"><GO type="225" lobby="0"/><UN n0="%70%68%65%6E%6F%6D%65" n1="%E3%81%A4%E3%81%A3%E3%81%B1%E3%82%8A%E3%83%9D%E3%83%BC%E3%83%AB" n2="%E3%83%96%E3%83%83%E3%83%91%E3%82%AA%E3%83%96%E3%83%81%E3%82%AD%E3%83%B3" n3="%72%69%6F%75%63%68%61%6E" dan="16,17,16,16" rate="2161.51,2150.82,2211.99,2075.15" sx="M,M,M,M"/><TAIKYOKU oya="0"/><INIT seed="0,0,0,1,1,91" ten="250,250,250,250" oya="0" hai0="92,99,111,62,84,11,46,101,25,52,135,123,50" hai1="71,131,48,5,34,0,57,117,14,10,40,116,39" hai2="9,54,12,121,129,128,4,29,68,130,102,67,108" hai3="21,32,20,113,56,18,58,43,134,55,107,104,124"/><T74/><D123/><U69/><E39/><V80/><F121/><W75/><G113/><T22/><D135/><U132/><E34/><V66/><F108/><W42/><G32/><T61/><D111/><U83/><E132/><V1/><F29/><W3/><G134/><T2/><D74/><U26/><E131/><V86/><F102/><W89/><G75/><T45/><D46/><U23/><E0/><V16/><F68/><W103/><G3/><T49/><D50/><U97/><E83/><V90/><REACH who="2" step="1"/><F54/><REACH who="2" ten="250,250,240,250" step="2"/><W35/><G103/><T127/><D127/><U7/><E71/><V44/><F44/><W37/><G55/><T100/><D101/><U110/><E69/><V27/><F27/><W133/><G133/><T64/><D64/><U95/><E110/><V13/><F13/><W109/><G109/><T28/><REACH who="0" step="1"/><D84/><REACH who="0" ten="240,250,240,250" step="2"/><U70/><E117/><V94/><F94/><W119/><G124/><T115/><D115/><U33/><E95/><V120/><F120/><W38/><G119/><T126/><D126/><U88/><E116/><V98/><F98/><W76/><G107/><T53/><D53/><U79/><E97/><V72/><F72/><W78/><G104/><T118/><D118/><U112/><E112/><V114/><F114/><W77/><G38/><T122/><D122/><U30/><E70/><V125/><F125/><W82/><G37/><T65/><D65/><U87/><E87/><V93/><F93/><W41/><G58/><T63/><D63/><U6/><E57/><V81/><F81/><W17/><G56/><T36/><D36/><U105/><E105/><RYUUKYOKU ba="0,2" sc="240,15,250,-15,240,15,250,-15" hai0="2,11,22,25,28,45,49,52,61,62,92,99,100" hai2="1,4,9,12,16,66,67,80,86,90,128,129,130" /><INIT seed="0,1,2,4,0,74" ten="255,235,255,235" oya="0" hai0="111,105,20,118,42,99,134,9,38,52,16,92,126" hai1="116,82,28,73,34,19,113,31,1,122,84,68,51" hai2="96,17,30,0,124,10,117,49,90,104,107,59,114" hai3="69,54,32,57,12,2,76,55,62,98,24,132,101"/><T109/><D118/><U65/><E116/><V106/><F114/><W78/><G2/><T129/><D126/><U112/><E122/><V44/><F117/><W3/><G3/><T87/><D129/><U39/><E39/><V61/><F124/><W50/><G132/><T64/><D134/><U56/><E1/><V6/><F30/><N who="3" m="19527" /><G55/><T130/><D130/><U40/><E73/><V81/><F17/><W133/><G12/><T13/><D64/><U93/><E93/><V110/><F110/><N who="0" m="41994" /><D42/><U135/><E34/><V67/><F81/><W48/><G48/><T123/><D38/><U125/><E135/><V75/><F75/><W43/><G43/><T80/><D105/><U33/><E33/><V23/><F23/><W14/><G14/><T25/><D123/><U120/><E120/><V119/><F119/><W29/><G29/><T18/><D52/><N who="1" m="31775" /><E40/><V128/><F128/><W97/><G97/><T100/><D87/><U37/><E37/><V86/><F86/><W47/><G47/><T27/><D80/><U72/><E72/><V45/><REACH who="2" step="1"/><F49/><REACH who="2" ten="255,235,245,235" step="2"/><N who="3" m="30927" /><G133/><T35/><D35/><U77/><E125/><V121/><F121/><W127/><G50/><T58/><D27/><U63/><E19/><V131/><F131/><W94/><G127/><T71/><D25/><U8/><E8/><V83/><F83/><W53/><G53/><T22/><D18/><U95/><E113/><V26/><F26/><W103/><G103/><T21/><D100/><U79/><E112/><V88/><F88/><W115/><G115/><T108/><D108/><U11/><E82/><V36/><F36/><RYUUKYOKU ba="1,3" sc="255,-15,235,-15,245,15,235,15" hai2="0,6,10,44,45,59,61,67,90,96,104,106,107" hai3="62,69,76,78,94,98,101" /><INIT seed="1,2,3,5,1,60" ten="240,220,260,250" oya="1" hai0="44,63,27,100,133,15,4,10,21,16,128,58,117" hai1="65,103,75,18,111,71,102,124,104,37,66,54,50" hai2="82,89,123,56,112,67,36,1,51,78,14,28,53" hai3="57,126,13,73,84,130,106,121,98,88,33,90,135"/><U93/><E75/><V19/><F123/><W5/><G121/><T107/><D128/><U2/><E37/><V87/><F112/><W7/><G73/><T101/><D133/><U24/><E104/><V97/><F36/><W83/><G33/><T3/><D117/><U110/><E2/><V41/><F1/><W46/><G130/><T52/><D107/><U74/><E74/><V118/><F118/><W116/><G116/><T127/><D127/><U12/><E24/><V69/><F41/><W39/><G135/><T113/><D113/><U76/><E76/><V64/><F69/><W68/><G68/><T131/><D131/><U125/><E71/><V22/><F28/><W120/><G120/><T91/><D44/><N who="1" m="27975" /><E93/><AGARI ba="2,3" hai="14,19,22,51,53,56,64,67,78,82,87,89,93,97" machi="93" ten="40,5200,0" yaku="8,1,52,2" doraHai="60" who="2" fromWho="1" sc="240,0,220,-58,260,88,250,0" /><INIT seed="2,0,0,1,4,34" ten="240,162,348,250" oya="2" hai0="46,9,112,80,52,66,124,83,96,57,6,100,48" hai1="36,135,103,104,43,105,42,92,81,12,113,130,114" hai2="58,68,86,93,128,61,1,24,120,88,87,27,133" hai3="55,117,16,126,65,20,69,56,32,119,97,45,71"/><V110/><F120/><W25/><G126/><T50/><D112/><U44/><E130/><V47/><F68/><W4/><G32/><T73/><D124/><U30/><E135/><V29/><F128/><W132/><G132/><T94/><D73/><U99/><E30/><V129/><F129/><W78/><G78/><T77/><D77/><U84/><E43/><V21/><F133/><W59/><G4/><T72/><D72/><U95/><E12/><V64/><F110/><W108/><G108/><T121/><D121/><U118/><E118/><V123/><F123/><W13/><G97/><T5/><D5/><U131/><E131/><V18/><F1/><W85/><G85/><T22/><D22/><U3/><E3/><V49/><F87/><W28/><G45/><T98/><D96/><U127/><E127/><V74/><F74/><W63/><G71/><T70/><D70/><U60/><E60/><V17/><REACH who="2" step="1"/><F27/><REACH who="2" ten="240,162,338,250" step="2"/><W14/><G69/><T101/><D66/><U115/><REACH who="1" step="1"/><E105/><REACH who="1" ten="240,152,338,250" step="2"/><V38/><F38/><W82/><G119/><T2/><REACH who="0" step="1"/><D100/><REACH who="0" ten="230,152,338,250" step="2"/><U23/><E23/><V40/><AGARI ba="0,3" hai="17,18,21,24,29,40,47,49,58,61,64,86,88,93" machi="40" ten="20,18000,2" yaku="1,1,0,1,7,1,8,1,54,1,53,1" doraHai="34" doraHaiUra="39" who="2" fromWho="2" sc="230,-60,152,-60,338,210,250,-60" /><INIT seed="2,1,0,2,5,126" ten="170,92,548,190" oya="2" hai0="44,56,24,30,40,10,80,47,117,67,120,97,33" hai1="93,17,111,123,103,98,28,3,53,8,84,41,2" hai2="102,82,110,22,91,134,131,101,32,0,105,62,65" hai3="70,122,14,128,66,39,108,16,34,31,46,79,114"/><V5/><F32/><W113/><G128/><T107/><D120/><U55/><E123/><V43/><F131/><W83/><G108/><T109/><D109/><U90/><E111/><V77/><F110/><W71/><G122/><T26/><D117/><U78/><E28/><V125/><F125/><W89/><G89/><T35/><D10/><U59/><E41/><V132/><F43/><N who="3" m="22911" /><G66/><T1/><D1/><U87/><E3/><V7/><F91/><W38/><G38/><T27/><D80/><U57/><E2/><V74/><F22/><N who="3" m="11543" /><G31/><T76/><D76/><U118/><E118/><V127/><F127/><W64/><G64/><T61/><D33/><U81/><E8/><V124/><F124/><W20/><G20/><T60/><D60/><U115/><E115/><N who="3" m="44042" /><G34/><T58/><D56/><U130/><E130/><V6/><F0/><W42/><G42/><T135/><D47/><U15/><E59/><V94/><F102/><W104/><G104/><T86/><D44/><U69/><E69/><V37/><F105/><W75/><AGARI ba="1,0" hai="70,71,75,79,83" m="44042,11543,22911" machi="75" ten="30,2000,0" yaku="11,1,54,1" doraHai="126" who="3" fromWho="3" sc="170,-6,92,-6,548,-11,190,23" /><INIT seed="3,0,0,4,2,109" ten="164,86,537,213" oya="3" hai0="96,89,45,118,60,18,27,78,94,63,0,9,95" hai1="90,13,11,5,98,103,42,134,15,81,93,106,107" hai2="114,67,84,57,76,16,43,29,64,101,6,59,23" hai3="99,85,21,25,112,129,55,37,46,130,33,58,24"/><W54/><G112/><T2/><D118/><U79/><E134/><V38/><F114/><W111/><G111/><T116/><D116/><U1/><E107/><V8/><F101/><W68/><G68/><T41/><D78/><U108/><E108/><V87/><F38/><W127/><G127/><T28/><D94/><U131/><E131/><V100/><F100/><W35/><G99/><T73/><D73/><U53/><E53/><V135/><F43/><W30/><G85/><T44/><D44/><U65/><E65/><N who="2" m="25163" /><F29/><W7/><G7/><T34/><D2/><U80/><E80/><V17/><F135/><W48/><G37/><T40/><D40/><U133/><E133/><V36/><F36/><W110/><G110/><T86/><D96/><U62/><E62/><V14/><F6/><W82/><G82/><T50/><D0/><U83/><E83/><N who="2" m="47207" /><F87/><W121/><G121/><T70/><D70/><U119/><E42/><V3/><F3/><W72/><G72/><T77/><D77/><U88/><E119/><V128/><F128/><N who="3" m="49259" /><G24/><AGARI ba="0,0" hai="8,14,16,17,23,24,57,59" m="47207,25163" machi="24" ten="30,2000,0" yaku="8,1,54,1" doraHai="109" who="2" fromWho="3" sc="164,0,86,0,537,20,213,-20" owari="164,-23.6,86,-41.4,557,65.7,193,-0.7" /></mjloggm>