<mjloggm ver="2.3"><GO type="225" lobby="0"/><UN n0="%33%74%72%65%65" n1="%72%65%6E%6B%75%6E" n2="%E7%89%B9%E6%9D%B1%E3%81%AF%E4%B8%96%E7%95%8C%E3%82%92%E6%95%91%E3%81%86" n3="%E3%83%96%E3%83%83%E3%83%91%E3%82%AA%E3%83%96%E3%83%81%E3%82%AD%E3%83%B3" dan="17,17,16,16" rate="2207.83,2217.89,2173.69,2165.30" sx="F,M,M,M"/><TAIKYOKU oya="0"/><INIT seed="0,0,0,2,2,122" ten="250,250,250,250" oya="0" hai0="79,99,98,70,83,16,39,13,31,121,27,42,96" hai1="36,88,97,132,62,115,71,117,50,134,91,47,116" hai2="55,103,123,14,90,57,120,32,38,93,101,82,112" hai3="119,37,7,41,76,69,114,24,54,12,44,3,17"/><T0/><D121/><U129/><E36/><V20/><F112/><W11/><G114/><T102/><D0/><U60/><E115/><V125/><F32/><W9/><G119/><N who="1" m="45642" /><E129/><V19/><F38/><W30/><G69/><T8/><D70/><U135/><E97/><V45/><F125/><W86/><G54/><T124/><D124/><U67/><E62/><V66/><F123/><W26/><REACH who="3" step="1"/><G30/><REACH who="3" ten="250,250,250,240" step="2"/><T92/><D39/><U40/><AGARI ba="0,1" hai="40,47,50,60,67,71,88,91,132,134,135" m="45642" machi="40" ten="40,2700,0" yaku="20,1,54,1" doraHai="122" who="1" fromWho="1" sc="250,-13,250,37,250,-7,240,-7" /><INIT seed="1,0,0,0,4,121" ten="237,287,243,233" oya="1" hai0="48,93,60,120,52,125,40,111,27,78,42,106,44" hai1="39,108,133,99,13,55,124,5,87,74,98,69,76" hai2="129,79,20,91,33,9,92,85,96,82,89,7,116" hai3="26,66,18,112,86,94,62,24,72,17,118,100,81"/><U28/><E69/><V80/><F33/><W84/><G112/><T128/><D106/><U35/><E39/><V3/><F129/><W2/><G2/><T88/><D120/><U21/><E35/><V47/><F116/><W15/><G118/><T114/><D114/><U57/><E74/><V95/><F20/><W134/><G134/><T68/><D128/><U0/><E0/><V102/><F47/><W73/><G73/><T31/><D125/><U101/><E133/><V107/><REACH who="2" step="1"/><F91/><REACH who="2" ten="237,287,233,233" step="2"/><N who="3" m="53623" /><G72/><AGARI ba="0,1" hai="3,7,9,72,79,80,82,85,89,92,95,96,102,107" machi="72" ten="30,2000,0" yaku="1,1,7,1,53,0" doraHai="121" doraHaiUra="29" who="2" fromWho="3" sc="237,0,287,0,233,30,233,-20" /><INIT seed="2,0,0,0,4,90" ten="237,287,263,213" oya="2" hai0="130,99,45,96,22,125,14,119,69,124,80,95,106" hai1="64,56,109,133,127,98,61,113,18,100,85,68,38" hai2="41,97,10,117,43,58,77,129,4,88,47,132,114" hai3="7,111,93,54,1,102,134,57,112,131,48,67,50"/><V73/><F114/><W55/><G111/><T49/><D69/><U83/><E38/><V44/><F117/><W123/><G123/><T81/><D106/><U122/><E113/><V59/><F129/><W94/><G112/><T2/><D2/><U92/><E109/><V17/><F132/><W84/><G131/><T33/><D33/><U62/><E133/><V91/><F17/><W27/><G134/><T23/><D99/><U107/><E122/><V120/><F120/><W30/><G1/><T13/><D119/><U75/><E75/><V110/><F110/><W36/><G36/><T135/><D130/><U31/><E31/><V46/><F77/><W26/><G7/><T74/><D135/><U37/><E37/><V29/><F29/><W8/><G8/><T105/><D105/><U87/><E127/><N who="0" m="48713" /><D13/><U53/><E107/><V86/><F73/><W116/><G116/><T24/><D14/><U66/><E66/><V20/><F20/><N who="0" m="7722" /><D24/><N who="3" m="9257" /><G30/><T65/><D65/><U89/><E18/><V70/><F70/><W82/><G67/><T118/><D74/><U25/><E25/><V104/><F10/><W35/><G35/><T71/><D71/><U12/><E12/><V60/><F4/><W19/><G19/><T28/><D28/><U79/><REACH who="1" step="1"/><E85/><REACH who="1" ten="237,277,263,213" step="2"/><V0/><F0/><W121/><G121/><T78/><D118/><U5/><E5/><V9/><F104/><W103/><G103/><AGARI ba="0,1" hai="53,56,61,62,64,68,79,83,87,89,92,98,100,103" machi="103" ten="40,2600,0" yaku="1,1,52,1,53,0" doraHai="90" doraHaiUra="126" who="1" fromWho="3" sc="237,0,277,36,263,0,213,-26" /><INIT seed="3,0,0,4,1,49" ten="237,313,263,187" oya="3" hai0="14,47,125,129,33,37,105,36,113,22,25,102,134" hai1="16,78,75,21,112,52,117,11,100,1,56,45,89" hai2="30,94,43,99,110,80,119,121,65,82,63,5,15" hai3="6,106,93,101,32,64,73,107,2,95,29,92,123"/><W23/><G123/><T4/><D134/><U55/><E112/><V60/><F119/><W57/><G73/><T120/><D120/><U103/><E117/><V118/><F118/><W114/><G114/><T13/><D113/><U135/><E135/><V133/><F121/><W62/><G32/><T44/><D33/><U122/><E122/><V61/><F133/><W91/><G101/><T104/><D102/><U17/><E75/><V34/><F110/><W71/><G91/><T3/><D3/><U53/><E78/><V90/><F43/><W70/><G2/><T40/><D129/><U20/><E45/><V19/><F5/><W108/><G6/><T76/><D76/><U86/><E56/><N who="2" m="36999" /><F30/><W42/><G42/><T51/><D125/><U58/><E58/><V46/><F46/><W74/><G74/><T84/><D4/><U48/><E48/><V109/><F34/><W87/><G87/><T41/><D51/><U31/><E1/><V85/><F82/><W97/><G108/><T126/><D84/><U81/><E11/><N who="2" m="6655" /><F109/><W54/><G97/><T27/><D126/><U8/><E8/><V77/><AGARI ba="0,0" hai="61,63,77,80,85,90,94,99" m="6655,36999" machi="77" ten="30,1100,0" yaku="8,1" doraHai="49" who="2" fromWho="2" sc="237,-3,313,-3,263,11,187,-5" owari="234,-16.6,310,41.0,274,7.4,182,-31.8" /></mjloggm>