<mjloggm ver="2.3"><GO type="225" lobby="0"/><UN n0="%4B%2E%32%2E%4B%2E" n1="%72%69%6F%75%63%68%61%6E" n2="%E3%81%99%E3%81%84%E3%81%BE%E3%81%9B%E3%83%BC%E3%82%93" n3="%E7%99%BD%E5%80%89%E5%AF%9B%E4%B9%8B" dan="17,16,18,16" rate="2206.83,2073.62,2204.88,2104.73" sx="M,M,M,M"/><TAIKYOKU oya="0"/><INIT seed="0,0,0,1,0,47" ten="250,250,250,250" oya="0" hai0="126,57,53,121,85,111,23,2,101,129,94,17,68" hai1="36,3,112,108,100,22,83,37,34,41,31,120,13" hai2="69,42,14,45,0,59,119,115,122,51,86,19,56" hai3="16,61,62,118,35,91,127,50,78,107,96,38,113"/><T64/><D121/><U24/><E120/><V32/><F122/><W81/><G38/><T55/><D2/><U44/><E108/><V105/><F115/><W72/><G35/><T97/><D126/><U74/><E112/><V10/><F119/><W5/><G113/><T117/><D117/><U26/><E3/><V109/><F109/><W95/><G5/><T92/><D129/><U48/><E100/><V65/><F32/><W9/><G127/><T11/><D11/><U125/><E125/><V4/><F105/><W88/><G118/><T29/><D29/><U60/><E13/><V79/><F69/><W133/><G133/><T18/><D111/><U6/><E6/><V25/><F65/><W66/><G107/><T99/><D85/><U106/><E106/><V114/><F114/><W104/><G104/><T30/><D30/><U90/><E60/><V28/><F28/><W67/><G91/><T39/><D39/><U27/><E27/><V43/><F43/><W98/><G98/><T1/><D1/><U124/><E124/><V52/><F42/><W12/><REACH who="3" step="1"/><G50/><REACH who="3" ten="250,250,250,240" step="2"/><T132/><D132/><U130/><E130/><V73/><F0/><W131/><G131/><T128/><D128/><U8/><E90/><V116/><F116/><W77/><G77/><T135/><D135/><U75/><E37/><V123/><F123/><W134/><G134/><T76/><D76/><N who="1" m="44439" /><E36/><V58/><F4/><W84/><G84/><T49/><D97/><U63/><E75/><V15/><F73/><W80/><G80/><T33/><D99/><U93/><E34/><V40/><F86/><RYUUKYOKU ba="0,1" sc="250,-10,250,-10,250,-10,240,30" hai3="9,12,16,61,62,66,67,72,78,81,88,95,96" /><INIT seed="1,1,1,1,1,127" ten="240,240,240,270" oya="1" hai0="45,122,1,97,110,37,107,10,33,78,63,46,119" hai1="42,44,58,54,56,111,47,94,91,64,99,70,130" hai2="95,73,25,61,6,68,67,123,135,9,128,131,49" hai3="79,17,112,120,38,105,80,0,41,16,23,34,74"/><U85/><E130/><N who="2" m="49707" /><F123/><W124/><G34/><T20/><D33/><U60/><E111/><V2/><F135/><W57/><G105/><T62/><D119/><U88/><E54/><V102/><F73/><W81/><G120/><T30/><D78/><U114/><E114/><V115/><F115/><W83/><G112/><T84/><D84/><U69/><E70/><V48/><F25/><W55/><G124/><T133/><D63/><U26/><E26/><V11/><F9/><W24/><G0/><T113/><D10/><U32/><E32/><V98/><AGARI ba="1,1" hai="2,6,11,48,49,61,67,68,95,98,102" m="49707" machi="98" ten="30,7900,0" yaku="19,1,52,3" doraHai="127" who="2" fromWho="2" sc="240,-21,240,-40,240,92,270,-21" /><INIT seed="2,0,0,5,3,51" ten="219,200,332,249" oya="2" hai0="118,83,100,64,34,58,5,9,115,69,75,91,27" hai1="84,76,124,77,11,25,29,102,87,73,17,12,89" hai2="30,45,6,120,134,121,127,31,80,41,78,35,133" hai3="132,112,49,82,103,62,54,94,88,66,61,2,53"/><V68/><F68/><W90/><G2/><T60/><D115/><U74/><E124/><V57/><F127/><W79/><G112/><T67/><D118/><U8/><E102/><V20/><F35/><W26/><G132/><N who="2" m="50793" /><F6/><W24/><G49/><T126/><D126/><U135/><E135/><V56/><F56/><N who="3" m="37159" /><G62/><T50/><D100/><U33/><E8/><V109/><F57/><W110/><G110/><T55/><D67/><U43/><E43/><V86/><F109/><W128/><G128/><T4/><D9/><U47/><E47/><V37/><F20/><W44/><G44/><T21/><D34/><U111/><E111/><V129/><F129/><W116/><G116/><T23/><D23/><U71/><E71/><V18/><F18/><W85/><G103/><T105/><D105/><U7/><E17/><V65/><F65/><W95/><G79/><T125/><D125/><U104/><E104/><V108/><F108/><W16/><G95/><T40/><D40/><U130/><E130/><V14/><F45/><W93/><G93/><T3/><D3/><U59/><E59/><V107/><F41/><W48/><G48/><T10/><D10/><U52/><E77/><V38/><F78/><W19/><G19/><T63/><D63/><U15/><E76/><V101/><F101/><W72/><G72/><N who="1" m="27754" /><E89/><V81/><F107/><W131/><G131/><T32/><D32/><U42/><E42/><V13/><F81/><W97/><G16/><N who="0" m="12711" /><D75/><U99/><E33/><V28/><F80/><W22/><G22/><T122/><D122/><U1/><E1/><V36/><F121/><RYUUKYOKU ba="0,0" sc="219,15,200,-15,332,-15,249,15" hai0="4,5,50,55,58,60,64,69,83,91" hai3="24,26,53,54,82,85,88,90,94,97" /><INIT seed="3,1,0,4,0,25" ten="234,185,317,264" oya="3" hai0="122,86,104,14,47,107,121,8,54,5,39,68,38" hai1="111,11,120,18,72,75,99,94,63,51,59,73,115" hai2="113,70,57,20,60,13,89,92,2,31,80,3,12" hai3="105,108,46,78,45,124,36,26,23,130,93,102,81"/><W65/><G105/><T82/><D68/><U112/><E120/><V128/><F113/><W71/><G36/><T95/><D38/><U125/><E125/><V114/><F70/><W131/><G124/><T52/><D95/><U10/><E111/><V7/><F114/><W132/><G108/><T16/><D107/><U58/><E51/><V83/><F128/><W49/><G132/><T126/><D104/><U76/><E76/><V119/><F119/><W55/><G46/><T0/><D126/><U42/><E42/><V32/><F32/><W22/><G22/><T77/><D121/><U135/><E135/><V109/><F109/><W50/><G50/><T85/><D85/><U9/><E18/><V66/><F3/><W48/><G48/><T53/><D122/><U28/><E28/><V6/><F2/><W43/><G43/><T110/><D110/><U123/><E123/><V30/><F6/><W27/><G27/><T101/><D101/><U1/><E1/><V97/><F20/><W29/><G102/><T134/><D134/><U15/><E15/><N who="2" m="5707" /><F7/><W106/><G106/><T40/><REACH who="0" step="1"/><D54/><REACH who="0" ten="224,185,317,264" step="2"/><U37/><E37/><V133/><F133/><W127/><G127/><T129/><D129/><U118/><E118/><V61/><F92/><W33/><G93/><T69/><D69/><U64/><REACH who="1" step="1"/><E59/><REACH who="1" ten="224,175,317,264" step="2"/><V17/><F57/><N who="3" m="33007" /><G131/><T67/><D67/><U24/><E24/><V79/><F66/><W116/><G130/><T96/><D96/><U44/><E44/><V56/><F97/><W98/><G65/><T117/><D117/><U103/><AGARI ba="1,2" hai="9,10,11,58,63,64,72,73,75,94,99,103,112,115" machi="103" ten="40,2700,0" yaku="1,1,0,1,53,0" doraHai="25" doraHaiUra="100" who="1" fromWho="1" sc="224,-8,175,50,317,-8,264,-14" owari="216,-28.4,225,-17.5,309,40.9,250,5.0" /></mjloggm>