<mjloggm ver="2.3"><GO type="225" lobby="0"/><UN n0="%6E%69%63%6F%6E%74%6F" n1="%E3%81%95%E3%81%8D%E3%81%9F%E3%81%BE%E6%9E%97%E6%AA%8E" n2="%E7%99%BD%E5%80%89%E5%AF%9B%E4%B9%8B" n3="%E3%83%A9%E3%83%BC%E3%83%A1%E3%83%B3%E4%BA%94%E9%83%8E" dan="16,16,16,16" rate="2111.38,2141.39,2129.04,2157.32" sx="M,M,M,M"/><TAIKYOKU oya="0"/><INIT seed="0,0,0,1,4,15" ten="250,250,250,250" oya="0" hai0="26,103,39,36,126,127,37,79,116,44,19,42,18" hai1="78,21,54,48,99,59,83,76,121,86,130,6,132" hai2="109,111,35,102,96,9,25,69,60,70,47,122,92" hai3="28,33,22,4,125,128,135,117,106,8,52,64,75"/><T45/><D116/><U51/><E121/><V62/><F122/><W110/><G117/><T5/><D5/><U114/><E132/><V20/><F35/><W112/><G106/><T40/><D103/><U133/><E133/><V81/><F81/><W107/><G107/><T89/><D79/><U12/><E130/><V90/><F9/><W7/><G75/><T32/><D89/><U24/><E114/><V63/><F47/><N who="0" m="17994" /><D32/><U55/><E99/><V2/><F2/><W46/><G112/><T67/><D67/><U68/><E68/><V119/><F102/><W29/><G64/><T31/><D31/><U97/><E97/><V100/><F100/><W14/><G135/><T71/><D26/><U80/><E6/><V88/><F90/><W84/><G128/><T16/><D71/><U11/><E11/><V34/><F34/><W85/><G33/><T134/><D134/><U118/><E118/><V53/><F53/><W74/><G74/><T94/><D94/><U131/><E131/><V50/><F50/><N who="3" m="28759" /><G4/><T30/><D30/><N who="3" m="11881" /><G125/><AGARI ba="0,0" hai="16,18,19,36,37,39,40,42,125,126,127" m="17994" machi="125" ten="40,18000,2" yaku="28,2,18,1,52,3,54,1" doraHai="15" who="0" fromWho="3" sc="250,180,250,0,250,0,250,-180" /><INIT seed="0,1,0,0,5,30" ten="430,250,250,70" oya="0" hai0="64,43,39,106,82,95,61,134,31,50,44,66,22" hai1="47,128,83,123,16,88,19,126,72,40,120,49,0" hai2="15,41,104,69,46,107,35,103,6,129,12,23,117" hai3="94,71,113,110,81,62,34,53,87,115,114,5,100"/><T119/><D119/><U135/><E0/><V57/><F69/><W112/><G110/><T75/><D106/><U28/><E72/><V101/><F117/><W86/><N who="3" m="28672" /><DORA hai="56" /><W89/><G5/><T33/><D134/><U91/><E135/><V8/><F129/><W9/><G9/><T102/><D66/><U121/><E128/><V116/><F35/><W63/><G100/><T32/><D75/><U25/><E126/><V130/><F130/><W2/><G2/><T92/><D82/><U132/><E132/><V133/><F116/><W20/><G34/><T26/><D39/><U99/><E99/><V38/><F133/><W111/><G111/><T37/><D37/><U65/><E65/><V27/><F15/><W108/><G108/><T90/><D95/><U98/><E98/><V48/><F107/><W84/><G71/><T109/><D109/><U17/><REACH who="1" step="1"/><E83/><REACH who="1" ten="430,240,250,70" step="2"/><V36/><F104/><W3/><G3/><T118/><D118/><U85/><E85/><V125/><F125/><W55/><G86/><T59/><D102/><U93/><E93/><V67/><F103/><W77/><REACH who="3" step="1"/><G20/><AGARI ba="1,1" hai="16,17,19,20,25,28,40,47,49,88,91,120,121,123" machi="20" ten="50,12000,2" yaku="1,1,54,2,53,4" doraHai="30,56" doraHaiUra="21,14" who="1" fromWho="3" sc="430,0,240,133,250,0,70,-123" owari="430,53.0,373,17.3,250,-15.0,-53,-55.3" /></mjloggm>