<mjloggm ver="2.3"><GO type="225" lobby="0"/><UN n0="%E3%81%AF%E3%82%88%E3%81%8A%E3%81%98%E3%81%95%E3%82%93" n1="%E4%B8%AD%E5%B9%B4%E3%81%AE%E5%8D%B1%E6%A9%9F" n2="%E5%A4%8F%E9%88%B4%E9%88%B4%E5%A4%8F" n3="%E4%BF%BA%E3%81%A8%E5%A6%96%E5%A4%A2" dan="17,16,16,16" rate="2137.65,2123.61,2153.11,2173.59" sx="M,M,F,F"/><TAIKYOKU oya="0"/><INIT seed="0,0,0,4,4,6" ten="250,250,250,250" oya="0" hai0="117,112,91,87,51,101,71,78,103,36,83,122,44" hai1="37,67,40,5,12,62,3,29,130,86,13,38,52" hai2="10,115,7,24,66,105,27,135,25,59,64,76,75" hai3="85,80,128,107,53,131,14,22,61,74,119,31,88"/><T79/><D112/><U106/><E106/><V54/><F115/><W49/><G119/><T15/><D122/><U68/><E130/><N who="3" m="49706" /><G107/><T111/><D117/><U126/><E126/><V21/><F105/><W32/><G32/><T60/><D36/><U26/><E86/><V48/><F135/><W19/><G74/><T2/><D2/><U17/><E13/><V125/><F125/><W102/><G102/><N who="0" m="38923" /><D71/><U100/><E100/><V134/><F134/><W70/><G31/><T98/><D111/><U114/><E114/><V65/><F76/><N who="0" m="29226" /><D60/><U133/><E133/><V118/><F75/><W33/><G33/><T90/><D15/><U120/><E120/><V123/><F123/><W110/><G110/><T47/><D51/><U11/><E40/><V129/><F129/><W42/><G42/><T73/><D73/><U28/><E52/><V82/><F82/><W1/><G1/><T108/><D108/><U50/><E50/><V104/><F104/><W0/><G0/><T94/><AGARI ba="0,0" hai="44,47,83,87,90,91,94,98" m="29226,38923" machi="94" ten="30,1500,0" yaku="8,1" doraHai="6" who="0" fromWho="0" sc="250,15,250,-5,250,-5,250,-5" /><INIT seed="0,1,0,4,3,25" ten="265,245,245,245" oya="0" hai0="34,116,19,60,55,62,28,11,107,4,76,133,84" hai1="2,33,68,5,45,89,130,23,105,69,128,21,127" hai2="125,7,112,13,31,79,101,17,58,82,103,22,109" hai3="41,95,115,32,97,92,99,121,91,123,35,102,86"/><T15/><D107/><U87/><E33/><V30/><F112/><W96/><G115/><T88/><D116/><U26/><E105/><V44/><F109/><W51/><G41/><T0/><D133/><U1/><E45/><V100/><F125/><W119/><G119/><T47/><D76/><U94/><E21/><V134/><F134/><W75/><G75/><T71/><D71/><U98/><E127/><V118/><F118/><W111/><G51/><N who="0" m="29183" /><D34/><U93/><E68/><V40/><F58/><W37/><G37/><T117/><D117/><U61/><E61/><N who="0" m="23657" /><D0/><U59/><E59/><V38/><REACH who="2" step="1"/><F7/><REACH who="2" ten="265,245,235,245" step="2"/><W14/><G111/><T80/><D28/><N who="1" m="17503" /><E69/><V77/><F77/><W120/><G35/><T66/><D66/><U20/><E5/><AGARI ba="1,1" hai="4,5,11,15,19,80,84,88" m="23657,29183" machi="5" ten="30,5800,0" yaku="25,1,8,1,54,1" doraHai="25" who="0" fromWho="1" sc="265,71,245,-61,235,0,245,0" /><INIT seed="0,2,0,5,3,87" ten="336,184,235,245" oya="0" hai0="108,103,130,97,37,39,60,111,17,79,92,51,61" hai1="116,73,106,30,3,133,94,66,89,126,131,113,46" hai2="4,88,104,75,112,64,120,105,109,54,16,28,9" hai3="63,65,43,49,114,80,86,58,115,57,19,95,74"/><T90/><D130/><U68/><RYUUKYOKU type="yao9" ba="2,0" sc="336,0,184,0,235,0,245,0" hai1="3,30,46,66,68,73,89,94,106,113,116,126,131,133" /><INIT seed="0,3,0,4,4,10" ten="336,184,235,245" oya="0" hai0="100,61,9,15,26,38,126,29,25,56,12,132,42" hai1="83,22,16,115,69,121,81,91,130,128,65,20,125" hai2="55,6,74,70,75,80,101,24,68,30,60,67,129" hai3="7,127,94,116,39,45,114,66,85,41,122,49,76"/><T52/><D38/><U134/><E121/><V35/><F129/><N who="1" m="49769" /><E115/><V23/><F6/><W5/><G114/><T62/><D42/><U28/><E125/><V58/><F68/><W18/><G116/><T44/><D126/><U104/><E104/><V93/><F80/><W2/><G127/><T37/><D37/><U84/><E134/><V117/><F117/><W72/><G122/><T32/><D132/><U17/><E69/><V11/><F11/><W107/><G107/><T87/><D44/><U57/><E83/><V97/><F23/><N who="1" m="8745" /><E28/><V63/><AGARI ba="3,0" hai="24,30,35,55,58,60,63,67,70,74,75,93,97,101" machi="63" ten="20,1500,0" yaku="0,1,7,1" doraHai="10" who="2" fromWho="2" sc="336,-10,184,-7,235,24,245,-7" /><INIT seed="1,0,0,1,3,39" ten="326,177,259,238" oya="1" hai0="63,13,122,52,133,45,70,97,111,4,29,21,24" hai1="95,99,37,33,19,120,131,91,130,53,82,110,49" hai2="121,61,134,78,83,81,9,107,14,102,16,20,128" hai3="23,124,89,35,96,48,27,94,106,126,43,30,40"/><U93/><E37/><V135/><F121/><W57/><G106/><T105/><D122/><U108/><E33/><V116/><F116/><W85/><G35/><T79/><D111/><N who="1" m="42539" /><E120/><V71/><F128/><N who="1" m="49193" /><E19/><N who="2" m="8655" /><F102/><W6/><G6/><T26/><D133/><N who="2" m="50698" /><F78/><W31/><G31/><T67/><D79/><U32/><E32/><V7/><F7/><W18/><G30/><T101/><D24/><U65/><E65/><N who="2" m="41391" /><F107/><W118/><G118/><T64/><D67/><U3/><E3/><V125/><F125/><N who="3" m="48235" /><G96/><T114/><D114/><U132/><E132/><V8/><F8/><W74/><G74/><T55/><D4/><U58/><E99/><V66/><F66/><W46/><G57/><T86/><D13/><AGARI ba="0,0" hai="13,16,20,81,83" m="41391,50698,8655" machi="13" ten="30,2000,0" yaku="20,1,54,1" doraHai="39" who="2" fromWho="0" sc="326,-20,177,0,259,20,238,0" /><INIT seed="2,0,0,1,5,41" ten="306,177,279,238" oya="2" hai0="62,49,43,100,31,77,111,121,69,84,128,114,113" hai1="37,131,95,81,2,91,10,1,39,33,6,16,67" hai2="99,47,116,55,54,0,75,73,133,89,17,71,97" hai3="52,28,98,12,86,115,38,85,88,125,126,78,103"/><V74/><F116/><W94/><G38/><T58/><D121/><U30/><E1/><V101/><F133/><W40/><G40/><T110/><D100/><U44/><E131/><V24/><F71/><W25/><G115/><T70/><D31/><U135/><E135/><V123/><F0/><W29/><G78/><T3/><D3/><U112/><E112/><N who="0" m="43113" /><D84/><U34/><E67/><V51/><F123/><W5/><G85/><T8/><D8/><U117/><E81/><V82/><F55/><W59/><G12/><T50/><D77/><U127/><E117/><V134/><F134/><W7/><G125/><T83/><D83/><U60/><E60/><V109/><F109/><N who="0" m="41482" /><D128/><U56/><E56/><V53/><F53/><W36/><G36/><T13/><D13/><U92/><E127/><V107/><F97/><W46/><G126/><T80/><D80/><U61/><E61/><V66/><F89/><W79/><G59/><T63/><D63/><U42/><E39/><V11/><F82/><N who="3" m="49239" /><G79/><T72/><D72/><U118/><E118/><V18/><F66/><W124/><G124/><T122/><D122/><U68/><E68/><N who="0" m="26217" /><D43/><U57/><E57/><V96/><F99/><W64/><G29/><T129/><D129/><U32/><E30/><V90/><F90/><W9/><G9/><T15/><D15/><U102/><E102/><V19/><REACH who="2" step="1"/><F11/><REACH who="2" ten="306,177,269,238" step="2"/><W105/><G64/><AGARI ba="0,1" hai="49,50,58,62,64" m="26217,41482,43113" machi="64" ten="40,5200,0" yaku="14,1,34,2" doraHai="41" who="0" fromWho="3" sc="306,62,177,0,269,0,238,-52" /><INIT seed="3,0,0,2,4,131" ten="368,177,269,186" oya="3" hai0="35,65,2,95,3,119,31,56,121,133,98,45,7" hai1="20,59,51,134,132,84,6,49,34,68,22,107,16" hai2="41,116,135,48,92,124,66,27,85,120,4,43,115" hai3="0,126,114,96,81,79,32,57,74,67,23,18,39"/><W113/><G39/><T40/><D121/><U89/><E68/><V52/><F116/><W101/><G32/><T109/><D119/><U42/><E34/><V8/><F115/><W47/><G0/><T5/><D5/><U19/><E107/><V70/><F27/><W46/><G126/><T125/><D7/><U13/><E6/><V90/><F124/><W71/><G71/><T28/><D28/><U102/><E102/><V26/><F26/><W38/><G38/><T37/><D125/><U78/><E78/><V50/><F50/><W94/><G114/><T80/><D80/><U76/><E76/><V55/><F55/><W128/><G128/><T105/><D105/><U58/><E42/><V91/><F66/><W75/><G75/><T123/><D123/><U21/><E51/><V14/><F135/><N who="1" m="51753" /><E49/><V25/><F70/><W77/><G77/><T88/><D133/><U15/><E21/><V83/><F25/><W29/><G29/><T106/><D106/><U110/><E110/><V54/><F54/><W12/><REACH who="3" step="1"/><G113/><REACH who="3" ten="368,177,269,176" step="2"/><T73/><D31/><U72/><E72/><V33/><F33/><W63/><AGARI ba="0,1" hai="12,18,23,46,47,57,63,67,74,79,81,94,96,101" machi="63" ten="30,6000,0" yaku="1,1,2,1,0,1,53,0" doraHai="131" doraHaiUra="69" who="3" fromWho="3" sc="368,-20,177,-20,269,-20,176,70" /><INIT seed="3,1,0,2,5,81" ten="348,157,249,246" oya="3" hai0="60,119,72,104,25,83,26,55,44,92,9,91,57" hai1="15,90,112,89,109,61,12,43,33,121,128,75,48" hai2="1,85,8,6,108,84,36,77,110,51,10,71,78" hai3="74,11,100,64,32,59,88,42,135,58,120,27,28"/><W50/><G120/><T16/><D104/><U115/><E48/><V34/><F36/><W127/><G74/><T56/><D119/><U35/><E61/><V86/><F34/><N who="1" m="12809" /><E43/><V53/><F71/><W123/><G123/><T116/><D116/><U20/><E121/><V96/><F10/><W24/><G100/><T54/><D44/><U79/><E75/><V114/><F96/><W94/><G27/><T5/><D16/><N who="1" m="10247" /><E79/><V122/><F114/><N who="1" m="43561" /><E90/><V30/><F30/><W62/><G42/><T40/><D83/><U67/><E89/><V68/><F68/><W17/><G58/><T69/><D40/><U21/><E67/><V76/><REACH who="2" step="1"/><F122/><REACH who="2" ten="348,157,239,246" step="2"/><W46/><G32/><T93/><D69/><U47/><E47/><AGARI ba="1,1" hai="1,6,8,47,51,53,76,77,78,84,85,86,108,110" machi="47" ten="40,16000,3" yaku="1,1,2,1,52,3,53,3" doraHai="81" doraHaiUra="73" who="2" fromWho="1" sc="348,0,157,-163,239,173,246,0" owari="348,14.8,-6,-50.6,412,51.2,246,-15.4" /></mjloggm>