<mjloggm ver="2.3"><GO type="225" lobby="0"/><UN n0="%E6%B8%A9%E2%98%85%E6%83%85%E2%98%85%E6%8E%AA%E2%98%85%E7%BD%AE" n1="%E7%9A%AE%E3%80%85" n2="%E5%8F%AF%E5%85%90%E9%82%A3%E7%94%B1%E5%A4%9A" n3="%E3%81%BD%E3%81%A1%E3%81%9F%E3%81%93%E3%82%84" dan="17,16,16,17" rate="2186.08,2066.84,2129.85,2217.87" sx="M,F,F,M"/><TAIKYOKU oya="0"/><INIT seed="0,0,0,5,1,94" ten="250,250,250,250" oya="0" hai0="113,47,111,7,106,48,2,16,42,41,74,43,67" hai1="24,105,73,122,99,11,12,85,5,135,131,119,53" hai2="82,54,62,120,25,100,124,27,51,103,46,109,38" hai3="92,134,112,123,40,64,55,125,17,8,26,78,20"/><T29/><D113/><U102/><E119/><V32/><F120/><W58/><G112/><T108/><D74/><U101/><E122/><V130/><F109/><N who="0" m="42058" /><D106/><U115/><E115/><V6/><F124/><W114/><G114/><T97/><D29/><U121/><E121/><V45/><F130/><W96/><G123/><T70/><D7/><U116/><E116/><V15/><F62/><W37/><G125/><T3/><D67/><U107/><E73/><V128/><F128/><W4/><G64/><T133/><D70/><U14/><E131/><V10/><F82/><W84/><G37/><T98/><D16/><U68/><E68/><V86/><F32/><W61/><G40/><N who="0" m="24679" /><D133/><U23/><E135/><V126/><F126/><W79/><G84/><T77/><D77/><U104/><E85/><V69/><F69/><W59/><G134/><T13/><D13/><U76/><E76/><V83/><F38/><W90/><REACH who="3" step="1"/><G59/><REACH who="3" ten="250,250,250,240" step="2"/><T127/><D127/><U118/><E118/><V57/><F57/><W87/><G87/><T0/><AGARI ba="0,1" hai="0,2,3,41,42,43,97,98" m="24679,42058" machi="0" ten="40,12000,1" yaku="14,1,10,1,52,2" doraHai="94" who="0" fromWho="0" sc="250,130,250,-40,250,-40,240,-40" /><INIT seed="0,1,0,5,3,43" ten="380,210,210,200" oya="0" hai0="3,100,23,48,21,124,102,129,51,9,117,66,85" hai1="112,10,94,39,62,44,116,135,50,99,57,75,25" hai2="107,56,101,38,1,41,84,105,126,113,81,79,120" hai3="59,110,36,86,115,18,13,68,61,60,92,49,64"/><T97/><D117/><U83/><E116/><V131/><F120/><W132/><G115/><T17/><D129/><U33/><E112/><V91/><F113/><W42/><G110/><T121/><D121/><U125/><E39/><V69/><F69/><W15/><G132/><T71/><D124/><U106/><E135/><V123/><F123/><W111/><G111/><T28/><D85/><U134/><E134/><V67/><F1/><W70/><G36/><T108/><D108/><U8/><E125/><V55/><F126/><W35/><G35/><T11/><D28/><U130/><E130/><V16/><F67/><W34/><G34/><T45/><D66/><U93/><E106/><V20/><F131/><W73/><G73/><T7/><D71/><U0/><E0/><V114/><F114/><W82/><G92/><T95/><D100/><U32/><E32/><V26/><F101/><W128/><G128/><T76/><D76/><U78/><E94/><V31/><F31/><W4/><G4/><T65/><D51/><U109/><E109/><V77/><F107/><W27/><G27/><T46/><D65/><N who="1" m="39119" /><E25/><V88/><F79/><N who="3" m="46431" /><G61/><T87/><D3/><U12/><E12/><N who="3" m="4682" /><G18/><T122/><D95/><U52/><E33/><V90/><F105/><W119/><G119/><T96/><D122/><U98/><E98/><V24/><F24/><W103/><G103/><T22/><D97/><U74/><E74/><V72/><F72/><W37/><G37/><T89/><D96/><U29/><E29/><V54/><F56/><W5/><G5/><T40/><D102/><N who="1" m="60783" /><E75/><V63/><F63/><RYUUKYOKU ba="1,0" sc="380,-30,210,10,210,10,200,10" hai1="8,10,44,50,52,78,83" hai2="16,20,26,38,41,54,55,77,81,84,88,90,91" hai3="42,49,59,60,64,68,70" /><INIT seed="1,2,0,5,1,71" ten="350,220,220,210" oya="1" hai0="75,59,14,69,103,77,90,99,81,120,80,46,85" hai1="64,9,63,51,38,95,6,52,129,0,89,118,70" hai2="133,110,26,62,84,56,18,47,131,28,48,65,108" hai3="127,72,98,74,113,33,10,66,117,12,29,55,20"/><U102/><E118/><V5/><F5/><W42/><G113/><T73/><D69/><U4/><E129/><V124/><F18/><W7/><G117/><T109/><D109/><N who="2" m="42090" /><F84/><W121/><G121/><T43/><D120/><U93/><E4/><V111/><N who="2" m="42098" /><V11/><DORA hai="35" /><F11/><W13/><G66/><T100/><D59/><U88/><E38/><V21/><F131/><W61/><G42/><T41/><D41/><U94/><REACH who="1" step="1"/><E102/><REACH who="1" ten="350,210,220,210" step="2"/><V134/><F124/><W115/><G7/><T23/><D103/><U44/><AGARI ba="2,1" hai="0,6,9,44,51,52,63,64,70,88,89,93,94,95" machi="44" ten="30,18000,2" yaku="1,1,2,1,0,1,52,1,54,2,53,0" doraHai="71,35" doraHaiUra="92,114" who="1" fromWho="1" sc="350,-62,210,196,220,-62,210,-62" /><INIT seed="1,3,0,2,0,73" ten="288,406,158,148" oya="1" hai0="105,16,38,94,0,37,33,107,62,50,123,44,80" hai1="19,2,39,98,60,31,93,23,112,65,24,113,134" hai2="77,74,53,68,32,116,132,42,9,125,26,130,34" hai3="104,63,51,56,90,61,27,59,96,28,41,115,66"/><U119/><E119/><V76/><F116/><W122/><G122/><T48/><D33/><U47/><E2/><V100/><F68/><W70/><G115/><T13/><D0/><U21/><E134/><V1/><F74/><W30/><G30/><T95/><D123/><U22/><E47/><V46/><F125/><W109/><G109/><T126/><D126/><U57/><E39/><V128/><F132/><W121/><G121/><T85/><D105/><U131/><E131/><N who="2" m="50219" /><F53/><W117/><G117/><T72/><D107/><U45/><E45/><V3/><F100/><W58/><G41/><N who="0" m="24591" /><D72/><U43/><E43/><V8/><F1/><W133/><G51/><T54/><D62/><U67/><E67/><V135/><F135/><W4/><G4/><T83/><D83/><U36/><E36/><N who="2" m="21831" /><F34/><N who="3" m="20767" /><G133/><T6/><D6/><U7/><E7/><N who="2" m="1151" /><F9/><W92/><G104/><T15/><D38/><U49/><E113/><V106/><F106/><W5/><G5/><T78/><D15/><U87/><E112/><V86/><F86/><W97/><G97/><T82/><D85/><U88/><E87/><V20/><F32/><W110/><G63/><T118/><D37/><U102/><E49/><V14/><F14/><W120/><G120/><T18/><D13/><N who="1" m="9455" /><E102/><V108/><F108/><W12/><G110/><T89/><D118/><U79/><E79/><V129/><N who="2" m="50227" /><V124/><DORA hai="17" /><F124/><W35/><G35/><T81/><D78/><U111/><E111/><V71/><F71/><N who="3" m="42447" /><G12/><T114/><D114/><U25/><E31/><AGARI ba="3,0" hai="20,26,31,76,77" m="1151,21831,50227" machi="31" ten="40,8000,1" yaku="19,1,52,3" doraHai="73,17" who="2" fromWho="1" sc="288,0,406,-89,158,89,148,0" /><INIT seed="2,0,0,3,5,100" ten="288,317,247,148" oya="2" hai0="47,57,133,48,60,75,89,4,79,127,101,20,74" hai1="114,88,125,67,19,106,129,109,98,76,53,51,111" hai2="55,52,41,117,17,126,45,108,119,72,36,116,23" hai3="63,90,110,99,104,32,115,135,70,128,107,54,96"/><V86/><F72/><W1/><G1/><T40/><D133/><U123/><E114/><V31/><F126/><W16/><G32/><T3/><D127/><U42/><E125/><V38/><F38/><W122/><G122/><T80/><D101/><N who="1" m="62775" /><E76/><V124/><F124/><W93/><G135/><T112/><D112/><U69/><E129/><V92/><F31/><W5/><G115/><T83/><D20/><U33/><E33/><V9/><F9/><W134/><G134/><T27/><D27/><U39/><E123/><V44/><F108/><N who="1" m="41545" /><E19/><V68/><F68/><W95/><G110/><T71/><D71/><U131/><E131/><V132/><F132/><W37/><G5/><T91/><D80/><U0/><E0/><V59/><F45/><W2/><G2/><T103/><D75/><U30/><E30/><V78/><F59/><W58/><G128/><T65/><REACH who="0" step="1"/><D103/><REACH who="0" ten="278,317,247,148" step="2"/><U105/><E69/><V118/><F118/><W28/><G70/><T22/><D22/><U81/><E81/><V29/><F29/><W61/><G28/><T18/><D18/><U85/><E105/><V56/><F92/><W24/><G37/><T62/><D62/><U43/><E39/><V15/><REACH who="2" step="1"/><F56/><REACH who="2" ten="278,317,237,148" step="2"/><N who="3" m="34967" /><G95/><T97/><D97/><U13/><E85/><V46/><F46/><W84/><G99/><T26/><D26/><U8/><E8/><AGARI ba="0,2" hai="3,4,8,40,47,48,57,60,65,74,79,83,89,91" machi="8" ten="40,1300,0" yaku="1,1,53,0" doraHai="100" doraHaiUra="102" who="0" fromWho="1" sc="278,33,317,-13,237,0,148,0" /><INIT seed="3,0,0,4,1,4" ten="311,304,237,148" oya="3" hai0="97,29,71,57,31,127,61,120,133,35,111,52,67" hai1="22,85,130,56,74,79,20,6,119,103,24,53,5" hai2="2,38,13,100,10,95,112,135,51,93,3,19,86" hai3="50,90,68,45,72,129,18,27,76,118,46,91,0"/><W132/><G118/><T64/><D120/><U69/><E69/><V16/><F112/><W34/><G0/><T36/><D36/><U21/><E74/><V110/><F38/><W62/><G129/><T65/><D71/><U33/><E130/><V41/><F110/><W94/><G132/><T98/><D111/><U54/><E119/><V108/><F108/><W11/><G34/><T66/><D133/><U107/><E107/><V47/><F135/><W73/><G45/><T81/><D127/><U88/><E33/><V134/><F134/><W80/><G73/><T59/><D81/><N who="1" m="47295" /><E103/><V12/><F95/><W99/><G91/><T43/><D43/><U128/><E128/><V106/><F106/><W1/><G1/><T82/><D82/><U87/><E24/><V25/><F25/><W117/><G117/><T70/><D70/><U121/><E121/><V113/><F113/><W32/><G32/><T26/><REACH who="0" step="1"/><D31/><REACH who="0" ten="301,304,237,148" step="2"/><U124/><E124/><V96/><F86/><W89/><G68/><T30/><D30/><U60/><E54/><V8/><AGARI ba="0,1" hai="2,3,8,10,12,13,16,19,41,47,51,93,96,100" machi="8" ten="20,12000,2" yaku="0,1,7,1,9,1,52,2,54,1" doraHai="4" who="2" fromWho="2" sc="301,-30,304,-30,237,130,148,-60" owari="271,-12.9,274,7.4,367,46.7,88,-41.2" /></mjloggm>