<mjloggm ver="2.3"><GO type="225" lobby="0"/><UN n0="%6D%61%74%69%67%75%73%61" n1="%E6%80%AA%E3%81%97%E3%81%99%E3%81%8E%E3%82%8B%E3%83%81%E3%83%BC" n2="%33%73%74%72%69%6B%65%73" n3="%E3%82%8F%E3%81%8B%E3%81%B0%2A%E3%82%AC%E3%83%BC%E3%83%AB" dan="17,16,16,16" rate="2154.36,2099.70,2149.89,2188.96" sx="M,M,M,M"/><TAIKYOKU oya="0"/><INIT seed="0,0,0,2,3,88" ten="250,250,250,250" oya="0" hai0="127,107,79,32,57,31,123,90,117,78,14,68,115" hai1="64,37,39,35,45,47,60,49,108,12,24,53,74" hai2="130,87,21,0,103,94,71,72,133,135,100,82,27" hai3="18,116,109,30,38,62,36,114,28,25,83,13,111"/><T1/><D68/><N who="1" m="41991" /><E12/><V42/><F0/><W81/><G114/><T112/><D117/><U104/><E24/><V70/><F130/><W17/><G116/><T59/><D123/><U129/><E35/><V46/><F72/><W101/><G101/><T89/><D127/><U120/><E104/><V118/><F118/><W73/><G62/><T16/><D1/><U77/><E77/><V50/><F103/><W34/><G73/><T5/><D5/><U48/><E74/><V33/><F33/><W58/><G58/><T20/><D107/><U80/><E80/><V8/><F8/><W119/><G119/><T124/><D124/><U51/><E120/><V52/><F42/><W99/><G99/><T3/><D3/><U102/><E102/><V105/><F105/><W55/><G55/><T86/><D90/><U66/><E129/><V122/><F122/><W91/><G91/><T65/><D115/><U131/><E108/><N who="3" m="41546" /><G30/><T9/><D112/><U43/><E131/><V15/><F87/><W19/><G13/><T96/><D96/><U76/><E76/><N who="0" m="29225" /><D65/><U75/><E75/><V67/><F15/><W44/><G44/><T63/><D63/><U6/><E66/><V29/><F67/><W95/><G95/><N who="0" m="54711" /><D32/><U92/><E92/><V40/><F82/><AGARI ba="0,0" hai="17,18,19,25,28,34,36,38,81,82,83" m="41546" machi="82" ten="30,1000,0" yaku="14,1" doraHai="88" who="3" fromWho="2" sc="250,0,250,0,250,-10,250,10" /><INIT seed="1,0,0,5,5,38" ten="250,250,240,260" oya="1" hai0="24,50,116,80,94,65,76,108,25,88,31,61,23" hai1="77,84,89,29,128,105,96,15,20,133,73,72,95" hai2="69,57,3,22,55,13,85,11,54,82,52,1,121" hai3="0,134,4,26,75,117,53,127,64,58,81,5,100"/><U35/><E133/><V21/><F69/><W67/><G134/><T130/><D116/><U119/><E119/><V93/><F93/><W30/><G117/><T132/><D108/><U68/><E128/><V9/><F121/><W71/><G127/><T12/><D132/><U107/><E68/><V113/><F113/><W97/><G0/><T110/><D110/><U44/><E35/><V6/><F57/><W2/><G2/><T112/><D112/><U99/><E44/><V87/><F1/><W45/><G45/><T33/><D12/><U46/><E46/><V102/><F102/><W62/><G81/><T28/><D50/><U19/><E29/><V131/><F87/><W34/><G75/><T104/><D104/><U109/><E109/><V63/><F63/><N who="3" m="36303" /><G67/><T106/><D106/><AGARI ba="0,0" hai="4,5,26,30,34,62,64,71,97,100,106" m="36303" machi="106" ten="30,1000,0" yaku="25,1" doraHai="38" who="3" fromWho="0" sc="250,-10,250,0,240,0,260,10" /><INIT seed="2,0,0,0,2,116" ten="240,250,240,270" oya="2" hai0="8,13,4,133,32,77,124,47,54,14,90,61,82" hai1="104,115,38,74,41,46,126,94,89,64,68,59,109" hai2="65,69,83,105,49,102,123,15,22,67,44,2,117" hai3="95,91,100,122,76,85,26,93,48,16,9,28,71"/><V1/><F123/><W112/><G122/><T96/><D32/><U106/><E115/><V87/><F117/><W121/><G121/><T129/><D129/><U27/><E74/><V62/><F67/><W99/><G71/><T108/><D108/><U98/><E109/><V97/><F15/><N who="3" m="7279" /><G112/><T24/><D133/><U120/><E126/><V127/><F22/><N who="3" m="15447" /><G48/><T35/><D124/><U29/><E68/><V119/><F119/><W101/><G76/><T128/><D128/><U51/><E120/><V20/><F20/><W92/><G99/><T7/><D35/><U25/><E25/><V43/><REACH who="2" step="1"/><F127/><REACH who="2" ten="240,250,230,270" step="2"/><W52/><G52/><T86/><D24/><U132/><E64/><V81/><F81/><AGARI ba="0,1" hai="81,85,91,92,93,95,100,101" m="15447,7279" machi="81" ten="30,2000,0" yaku="8,1,54,1" doraHai="116" who="3" fromWho="2" sc="240,0,250,0,230,-20,270,30" /><INIT seed="3,0,0,1,4,89" ten="240,250,210,300" oya="3" hai0="76,94,15,14,112,13,75,77,118,90,45,64,123" hai1="32,131,128,58,111,87,92,34,81,103,105,80,91" hai2="78,62,26,124,36,79,114,86,106,100,11,65,116" hai3="130,96,38,52,40,82,55,120,17,23,59,31,67"/><W46/><G120/><T70/><D123/><U68/><E68/><V126/><F114/><W51/><G130/><N who="1" m="49706" /><E111/><V88/><F36/><W66/><G31/><T109/><D118/><U8/><E8/><V12/><F116/><W25/><G82/><N who="1" m="31850" /><E58/><N who="2" m="37079" /><F26/><W9/><G9/><T132/><D112/><U27/><E27/><V115/><F115/><W84/><G84/><T56/><D70/><U44/><E44/><V127/><F100/><W134/><G134/><T21/><D109/><U28/><E28/><V49/><F106/><W117/><G117/><T71/><D71/><U39/><E39/><V7/><F49/><W19/><G19/><T30/><D132/><U20/><E20/><V107/><F107/><W47/><G96/><AGARI ba="0,0" hai="32,34,87,91,92,96,103,105" m="31850,49706" machi="96" ten="30,2000,0" yaku="19,1,52,1" doraHai="89" who="1" fromWho="3" sc="240,0,250,20,210,0,300,-20" /><INIT seed="4,0,0,4,4,119" ten="240,270,210,280" oya="0" hai0="108,1,60,76,63,99,120,104,82,124,34,18,115" hai1="70,125,83,10,44,32,121,85,4,92,102,35,29" hai2="122,43,107,68,105,65,25,7,2,73,133,46,38" hai3="40,131,3,15,95,100,72,36,49,132,19,97,45"/><T51/><D1/><U9/><E121/><V111/><F111/><W75/><G3/><T39/><D39/><U48/><E70/><V23/><F133/><W50/><G132/><T112/><D34/><U129/><E129/><V59/><F59/><W74/><REACH who="3" step="1"/><G131/><REACH who="3" ten="240,270,210,270" step="2"/><T114/><D114/><U78/><E125/><V61/><F122/><W47/><G47/><T41/><D124/><U5/><E44/><V89/><F73/><W11/><AGARI ba="0,1" hai="11,15,19,36,40,45,49,50,72,74,75,95,97,100" machi="11" ten="30,2000,0" yaku="1,1,0,1,53,0" doraHai="119" doraHaiUra="16" who="3" fromWho="3" sc="240,-10,270,-5,210,-5,270,30" owari="230,-17.0,265,6.5,205,-29.5,300,40.0" /></mjloggm>