<mjloggm ver="2.3"><GO type="225" lobby="0"/><UN n0="%E5%85%83%E3%82%AB%E3%83%8E%E7%B3%BB%E3%83%92%E3%83%AD%E3%82%A4%E3%83%B3" n1="%E3%83%96%E3%83%83%E3%83%91%E3%82%AA%E3%83%96%E3%83%81%E3%82%AD%E3%83%B3" n2="%E5%91%A8%E6%9D%B1" n3="%E3%81%8B%E3%82%8F%E3%81%A1%E3%82%83%E3%82%93%35%38" dan="16,16,17,16" rate="2150.22,2243.97,2169.43,2102.27" sx="M,M,M,M"/><TAIKYOKU oya="0"/><INIT seed="0,0,0,5,0,47" ten="250,250,250,250" oya="0" hai0="57,78,93,37,45,111,32,117,17,87,109,40,72" hai1="81,106,2,15,5,89,80,100,3,48,67,129,22" hai2="98,10,76,118,13,120,110,107,114,33,70,36,6" hai3="31,19,82,112,16,83,30,133,44,135,66,113,46"/><T103/><D117/><U73/><E129/><V62/><F114/><W90/><REACH who="3" step="1"/><G90/><REACH who="3" ten="250,250,250,240" step="2"/><T20/><D109/><U25/><E89/><V59/><F110/><W58/><G58/><T86/><D111/><U104/><E2/><V132/><F59/><W9/><G9/><T99/><D57/><U92/><E3/><V29/><F10/><W134/><G134/><T41/><D32/><U49/><E104/><V130/><F33/><W84/><G84/><T124/><D124/><U42/><E106/><V63/><F107/><W74/><G74/><T105/><D105/><U115/><E73/><V119/><F132/><W95/><G95/><T39/><D72/><U43/><E92/><V54/><F119/><W75/><G75/><T97/><D97/><U60/><E115/><V77/><F98/><W55/><G55/><T79/><D86/><U91/><E91/><V88/><F54/><W126/><G126/><T4/><D87/><U65/><E100/><V101/><F88/><W131/><G131/><T125/><D125/><U85/><E85/><V7/><F101/><W56/><G56/><T71/><D93/><U121/><E81/><V21/><F130/><W116/><G116/><T23/><D99/><U18/><E80/><V11/><F118/><W127/><G127/><T122/><D103/><U102/><E102/><V64/><F11/><W1/><G1/><T123/><D78/><U94/><E94/><V61/><F77/><W52/><G52/><T68/><D79/><U14/><E67/><AGARI ba="0,1" hai="16,19,30,31,44,46,66,67,82,83,112,113,133,135" machi="67" ten="25,8000,1" yaku="21,2,22,2,54,1,53,0" doraHai="47" doraHaiUra="51" who="3" fromWho="1" sc="250,0,250,-80,250,0,240,90" /><INIT seed="1,0,0,0,4,86" ten="250,170,250,330" oya="1" hai0="98,29,92,91,123,62,81,54,6,75,106,46,0" hai1="74,11,115,49,56,27,78,84,68,105,14,35,44" hai2="17,97,15,110,43,80,18,127,3,131,36,41,37" hai3="4,21,32,72,119,79,63,111,26,48,60,112,120"/><U1/><E115/><V34/><F3/><W13/><G112/><T117/><D117/><U116/><E116/><V125/><F34/><W5/><G32/><T57/><D123/><U109/><E68/><V12/><F97/><W69/><G69/><T85/><D29/><U122/><E122/><V102/><F102/><W45/><G120/><T33/><D33/><U39/><E105/><V82/><REACH who="2" step="1"/><F110/><REACH who="2" ten="250,170,240,330" step="2"/><W22/><G111/><T118/><D118/><U87/><E1/><V31/><F31/><W101/><G101/><T121/><D121/><U47/><E35/><V108/><F108/><W95/><G119/><T19/><D0/><U99/><E109/><V73/><F73/><W10/><G72/><T88/><D75/><U130/><E99/><V94/><F94/><W61/><G95/><T50/><D106/><U100/><E74/><V128/><AGARI ba="0,1" hai="12,15,17,18,36,37,41,43,80,82,125,127,128,131" machi="128" ten="25,12000,2" yaku="1,1,0,1,22,2,53,2" doraHai="86" doraHaiUra="124" who="2" fromWho="2" sc="250,-30,170,-60,240,130,330,-30" /><INIT seed="2,0,0,5,1,66" ten="220,110,370,300" oya="2" hai0="67,43,119,118,72,80,127,104,55,105,131,40,6" hai1="35,92,128,27,125,110,124,3,57,32,88,38,120" hai2="68,42,8,129,79,115,134,98,39,135,46,107,28" hai3="58,94,111,122,74,71,130,99,7,52,63,77,30"/><V62/><F115/><W101/><G122/><T22/><D131/><U45/><E3/><V1/><F129/><W116/><G130/><T93/><D127/><N who="1" m="48715" /><E128/><V90/><F79/><W56/><G116/><N who="0" m="44587" /><D67/><U126/><N who="1" m="48723" /><U109/><DORA hai="65" /><E120/><V61/><F28/><W121/><G121/><T31/><D6/><U85/><E57/><V5/><F90/><W34/><G111/><N who="1" m="42506" /><E27/><V59/><F59/><W47/><G58/><T64/><D64/><U14/><E14/><V132/><F68/><W106/><G71/><T91/><D55/><U113/><E113/><V95/><F1/><W12/><G34/><T123/><D123/><U17/><E17/><V51/><F135/><W69/><G69/><T73/><D40/><AGARI ba="0,0" hai="32,35,38,40,45,85,88,92" m="42506,48723" machi="40" ten="50,6400,0" yaku="18,1,14,1,54,1" doraHai="66,65" who="1" fromWho="0" sc="220,-64,110,64,370,0,300,0" /><INIT seed="3,0,0,3,4,12" ten="156,174,370,300" oya="3" hai0="89,26,34,130,20,98,66,24,70,90,84,135,36" hai1="88,85,129,125,11,97,96,75,17,9,105,126,83" hai2="117,99,32,48,111,92,124,5,94,86,54,39,128" hai3="93,51,40,133,78,0,23,80,31,47,58,1,16"/><W33/><G133/><T119/><D119/><U50/><E129/><V43/><F32/><W108/><G108/><T81/><D135/><U52/><E75/><V132/><F39/><W72/><G33/><T100/><D36/><U7/><E17/><V106/><F43/><W109/><G31/><T69/><D130/><U28/><E28/><V62/><F106/><W22/><G22/><T13/><D89/><U123/><E123/><V74/><F5/><W118/><G118/><T15/><D26/><U131/><E131/><V8/><F8/><N who="1" m="3145" /><E105/><V49/><F74/><W114/><G114/><T57/><D34/><U91/><E7/><V104/><F104/><W79/><G109/><T101/><D70/><U10/><N who="1" m="3153" /><U120/><DORA hai="67" /><E120/><V61/><F128/><W95/><G79/><T134/><D134/><U55/><E91/><V14/><F117/><W63/><G0/><T64/><D69/><U122/><E122/><V107/><F107/><W45/><G45/><T60/><D66/><U25/><E25/><V73/><F73/><W82/><G82/><T2/><D2/><U38/><E38/><V29/><F29/><W77/><G77/><T6/><D6/><U21/><E21/><V44/><F44/><W71/><G1/><T30/><REACH who="0" step="1"/><D101/><REACH who="0" ten="146,174,370,300" step="2"/><U4/><E4/><V53/><F132/><W127/><G71/><T87/><D87/><U59/><E55/><V18/><F86/><W42/><G42/><T56/><D56/><U116/><E116/><V76/><F111/><W35/><G35/><T37/><D37/><U113/><E113/><V65/><F54/><RYUUKYOKU ba="0,1" sc="146,15,174,15,370,-15,300,-15" hai0="13,15,20,24,30,57,60,64,81,84,90,98,100" hai1="50,52,59,83,85,88,96,97,125,126" owari="161,-33.9,189,-21.1,365,46.5,285,8.5" /></mjloggm>