<mjloggm ver="2.3"><GO type="225" lobby="0"/><UN n0="%E6%98%93%E5%88%A9%E8%96%A9%E4%BC%AF" n1="%72%61%6B%33" n2="%E3%83%A2%E3%83%B3%E3%82%AD%E3%83%BC%E3%83%88%E3%83%AA%E3%83%83%E3%82%AF" n3="%E3%81%AF%E3%82%88%E3%81%8A%E3%81%98%E3%81%95%E3%82%93" dan="17,16,16,17" rate="2150.13,2103.33,2162.51,2131.20" sx="F,M,M,M"/><TAIKYOKU oya="0"/><INIT seed="0,0,0,3,0,117" ten="250,250,250,250" oya="0" hai0="119,32,107,69,35,124,31,93,78,82,75,109,105" hai1="103,40,126,8,37,114,19,48,98,6,106,24,7" hai2="120,26,11,27,94,25,28,13,53,39,72,43,52" hai3="113,74,51,77,79,127,15,21,1,4,46,65,122"/><T64/><D119/><U133/><E126/><V116/><F72/><W71/><G113/><T101/><D124/><U33/><E114/><V86/><F116/><W68/><G127/><T18/><D109/><U5/><E133/><V92/><F120/><W45/><G1/><T135/><D135/><U130/><E37/><V16/><F28/><W131/><G131/><T3/><D18/><U83/><E130/><V38/><F38/><W88/><G122/><T89/><D3/><U61/><E61/><V70/><F70/><W63/><G68/><T36/><D36/><U123/><E83/><V85/><F39/><W111/><G111/><T29/><D31/><U80/><E80/><V115/><F43/><W22/><G46/><T14/><D14/><U97/><E97/><V49/><F115/><W50/><G51/><T129/><D129/><U20/><E33/><V112/><F112/><W134/><G134/><T84/><D29/><U108/><E108/><V125/><F125/><W9/><G88/><T87/><D87/><N who="2" m="33290" /><F53/><W102/><G102/><T104/><REACH who="0" step="1"/><D101/><REACH who="0" ten="240,250,250,250" step="2"/><U81/><E19/><V17/><F17/><W2/><G2/><T34/><D34/><U90/><E103/><V10/><F10/><W47/><G74/><T128/><D128/><U73/><E8/><V118/><F118/><W56/><G22/><T41/><D41/><U0/><E40/><V55/><F55/><N who="3" m="31863" /><G21/><T57/><D57/><AGARI ba="0,1" hai="11,13,16,25,26,27,49,52,57,92,94" m="33290" machi="57" ten="30,3900,0" yaku="8,1,54,2" doraHai="117" who="2" fromWho="0" sc="240,-39,250,0,250,49,250,0" /><INIT seed="1,0,0,2,0,33" ten="201,250,299,250" oya="1" hai0="83,109,77,104,22,13,82,18,98,112,6,121,0" hai1="43,70,46,11,36,23,119,35,113,102,40,39,135" hai2="14,90,66,68,59,111,42,134,130,54,129,37,60" hai3="55,30,127,126,9,45,92,7,125,99,38,96,63"/><U85/><E35/><V133/><F14/><W80/><G30/><T19/><D112/><U69/><E113/><V89/><F89/><W4/><G4/><T86/><D109/><U71/><E119/><V10/><F10/><W15/><G80/><T73/><D121/><U1/><E135/><N who="2" m="51723" /><F90/><W114/><G114/><T16/><D104/><U76/><E102/><V128/><F111/><W3/><G15/><T62/><D98/><U91/><E23/><V44/><F54/><W105/><G105/><T27/><D62/><U107/><E107/><V50/><F59/><N who="3" m="35327" /><G92/><T103/><D103/><U95/><E76/><V122/><F50/><W34/><G34/><T61/><D61/><U78/><E78/><V106/><F106/><W84/><G84/><T93/><D93/><U52/><E52/><V56/><F56/><W20/><G20/><T26/><D26/><U120/><E120/><AGARI ba="0,0" hai="37,42,44,60,66,68,120,122,128,129,130" m="51723" machi="120" ten="40,8000,1" yaku="19,1,20,1,23,1,34,2" doraHai="33" who="2" fromWho="1" sc="201,0,250,-80,299,80,250,0" /><INIT seed="2,0,0,2,3,101" ten="201,170,379,250" oya="2" hai0="75,103,97,8,107,0,13,93,33,51,109,60,115" hai1="38,80,16,117,18,45,83,95,118,113,96,32,6" hai2="40,20,7,47,41,86,27,104,31,91,66,3,85" hai3="119,129,87,82,42,25,64,79,102,37,67,57,135"/><V26/><F104/><W11/><G119/><T48/><D115/><U128/><E113/><V121/><F121/><W39/><G129/><T10/><D33/><U30/><E128/><V110/><F66/><W17/><G135/><T84/><D109/><U88/><E6/><V114/><F114/><W134/><G134/><T24/><D75/><U106/><E106/><V70/><F70/><W124/><G124/><T98/><D84/><U111/><E111/><V77/><F110/><W44/><G39/><T52/><D24/><U55/><E118/><V78/><F3/><W59/><G102/><T22/><D22/><U76/><E117/><V108/><F7/><W58/><G25/><T105/><D0/><U126/><E126/><V1/><F1/><W36/><G37/><T5/><D10/><U53/><E83/><V74/><F74/><W116/><G116/><T46/><D60/><U50/><E38/><V132/><F132/><W123/><G123/><T43/><D98/><U100/><E100/><V94/><F108/><W99/><G99/><T56/><AGARI ba="0,0" hai="5,8,13,43,46,48,51,52,56,93,97,103,105,107" machi="56" ten="20,8000,1" yaku="0,1,7,1,52,2,54,1" doraHai="101" who="0" fromWho="0" sc="201,80,170,-20,379,-40,250,-20" /><INIT seed="3,0,0,4,5,101" ten="281,150,339,230" oya="3" hai0="77,10,67,110,9,94,57,48,19,107,1,27,130" hai1="50,35,93,25,114,111,106,98,20,8,22,44,78" hai2="75,100,52,121,23,6,120,127,13,122,109,12,124" hai3="61,96,29,33,36,132,62,16,135,89,11,14,43"/><W95/><G33/><T97/><D110/><U82/><E114/><V102/><F75/><W26/><G43/><T92/><D107/><U37/><E111/><V103/><F109/><W99/><G36/><T31/><D77/><U129/><E129/><V79/><F79/><W34/><REACH who="3" step="1"/><G96/><REACH who="3" ten="281,150,339,220" step="2"/><T72/><D97/><U113/><E37/><V134/><F134/><AGARI ba="0,1" hai="11,14,16,26,29,34,61,62,89,95,99,132,134,135" machi="134" ten="40,12000,1" yaku="1,1,2,1,20,1,54,1,53,0" doraHai="101" doraHaiUra="126" who="3" fromWho="2" sc="281,0,150,0,339,-120,220,130" owari="281,8.1,150,-35.0,219,-18.1,350,45.0" /></mjloggm>