<mjloggm ver="2.3"><GO type="225" lobby="0"/><UN n0="%E3%81%8B%E3%82%8F%E3%81%A1%E3%82%83%E3%82%93%35%38" n1="%E6%98%93%E5%88%A9%E8%96%A9%E4%BC%AF" n2="%E6%A1%9C%E8%8A%B1%E9%96%83%E3%80%85" n3="%E3%81%A0%E3%81%8A" dan="16,17,16,17" rate="2114.69,2114.80,2133.75,2075.44" sx="M,F,M,M"/><TAIKYOKU oya="0"/><INIT seed="0,0,0,0,2,57" ten="250,250,250,250" oya="0" hai0="18,4,89,118,123,9,47,11,22,129,108,94,82" hai1="91,72,109,71,37,40,56,99,28,110,119,14,79" hai2="36,62,20,60,111,107,41,59,54,8,85,0,17" hai3="102,116,100,87,34,68,27,42,12,80,25,84,131"/><T16/><D118/><U97/><E71/><V106/><F111/><N who="1" m="42505" /><E28/><V130/><F130/><W38/><G68/><T73/><D108/><U88/><E40/><V31/><F31/><W124/><G124/><T127/><D123/><U75/><E37/><V86/><F107/><W35/><G12/><T65/><D129/><U69/><E69/><V26/><F106/><W32/><G42/><T7/><D127/><U112/><E14/><V66/><F36/><W135/><G38/><T48/><D65/><U121/><E121/><V95/><F41/><W15/><G15/><N who="0" m="9503" /><D82/><N who="1" m="45415" /><E56/><N who="2" m="34839" /><F0/><W96/><G34/><T46/><D18/><U67/><E67/><V115/><F115/><W125/><G32/><T30/><D30/><U101/><E119/><V1/><F1/><W45/><G35/><T19/><D19/><U120/><E120/><V117/><F117/><W78/><G131/><T133/><D73/><U63/><E63/><V132/><F132/><W81/><G135/><T53/><D47/><U5/><E5/><N who="0" m="2121" /><D133/><U64/><E64/><V93/><F8/><W113/><G116/><T33/><D33/><U77/><E112/><V126/><F126/><W83/><G113/><T2/><D2/><U49/><E49/><V55/><F66/><W29/><G125/><T43/><D43/><U58/><E58/><V24/><F24/><N who="3" m="9291" /><G45/><T134/><D134/><U10/><E10/><V122/><F122/><W105/><G29/><T23/><D23/><U61/><E61/><V98/><F62/><W52/><G78/><T70/><D70/><U114/><E114/><V76/><F76/><W74/><G74/><RYUUKYOKU ba="0,0" sc="250,30,250,-10,250,-10,250,-10" hai0="9,11,46,48,53,89,94" /><INIT seed="0,1,0,3,2,54" ten="280,240,240,240" oya="0" hai0="73,100,61,83,84,44,62,87,10,129,48,51,17" hai1="20,32,125,39,24,68,128,21,110,55,120,88,52" hai2="116,80,11,90,59,19,132,3,13,4,107,92,57" hai3="82,89,109,77,74,35,49,79,28,95,25,121,38"/><T6/><D73/><U70/><E120/><V134/><F107/><W85/><G38/><T60/><D129/><U37/><E32/><V50/><F80/><W40/><G109/><T18/><D100/><U29/><E110/><V7/><F116/><W112/><G112/><T108/><D108/><U71/><E125/><V27/><F27/><W43/><G121/><T72/><D72/><U0/><E0/><V119/><F119/><W117/><G117/><T31/><D31/><U15/><E128/><V58/><F50/><W78/><REACH who="3" step="1"/><G40/><REACH who="3" ten="280,240,240,230" step="2"/><T97/><D97/><U126/><E39/><V65/><F65/><W91/><G91/><T122/><D122/><U30/><E37/><V63/><F63/><W75/><G75/><T86/><D51/><U123/><E123/><V69/><F69/><W105/><G105/><T33/><D61/><U114/><E114/><V66/><F66/><W127/><G127/><T130/><D62/><U94/><E126/><V98/><REACH who="2" step="1"/><F7/><REACH who="2" ten="280,240,230,230" step="2"/><W36/><G36/><T56/><D130/><U133/><E70/><V135/><F135/><W8/><G8/><AGARI ba="1,2" hai="3,4,8,11,13,19,57,58,59,90,92,98,132,134" machi="8" ten="40,8000,1" yaku="1,1,52,3,53,0" doraHai="54" doraHaiUra="99" who="2" fromWho="3" sc="280,0,240,0,230,103,230,-83" /><INIT seed="1,0,0,1,5,8" ten="280,240,333,147" oya="1" hai0="87,102,22,127,81,83,61,3,64,18,27,48,91" hai1="71,5,125,113,11,31,88,65,23,41,82,9,40" hai2="132,93,0,29,131,105,66,79,35,2,133,99,59" hai3="50,70,63,135,68,104,74,32,19,119,28,57,94"/><U103/><E113/><V52/><F105/><W95/><G104/><T101/><D3/><U54/><E103/><N who="2" m="60911" /><F66/><W13/><G74/><T116/><D116/><U58/><E71/><V36/><F36/><W96/><G119/><T84/><D127/><U130/><E65/><V114/><F79/><W108/><G108/><T42/><D42/><N who="1" m="16491" /><E5/><V25/><F114/><W73/><G50/><T115/><D48/><N who="1" m="31047" /><E130/><V56/><F56/><W16/><G73/><T49/><D49/><U20/><E125/><V62/><F131/><W111/><G111/><T123/><D123/><U126/><E126/><V106/><F106/><W121/><G121/><T124/><D115/><U98/><E98/><V15/><F15/><W30/><G70/><T46/><D46/><U134/><E134/><AGARI ba="0,0" hai="0,2,25,29,35,52,59,62,132,133,134" m="60911" machi="134" ten="30,2000,0" yaku="20,1,54,1" doraHai="8" who="2" fromWho="1" sc="280,0,240,-20,333,20,147,0" /><INIT seed="2,0,0,1,3,80" ten="280,220,353,147" oya="2" hai0="22,4,11,47,88,38,16,93,15,132,17,19,71" hai1="66,109,31,74,44,55,0,101,112,27,48,26,81" hai2="7,24,37,65,42,83,50,59,36,61,120,10,98" hai3="30,113,124,123,46,75,95,102,63,135,12,99,40"/><V72/><F120/><W104/><G123/><T20/><D71/><U121/><E112/><V116/><F116/><W91/><G113/><T79/><D132/><U117/><E0/><V92/><F24/><W13/><G135/><T134/><D134/><U8/><E117/><V103/><F42/><W33/><G75/><T14/><D79/><U58/><E109/><V125/><F125/><W69/><G124/><T115/><D115/><U76/><E101/><V43/><F72/><W34/><G34/><T51/><D22/><U100/><E100/><V39/><F83/><W110/><G110/><T122/><D38/><U106/><E106/><V107/><F50/><W41/><G41/><T96/><REACH who="0" step="1"/><D122/><REACH who="0" ten="270,220,353,147" step="2"/><U108/><E76/><V89/><F43/><AGARI ba="0,1" hai="4,11,14,15,16,17,19,20,43,47,51,88,93,96" machi="43" ten="30,12000,2" yaku="1,1,2,1,7,1,8,1,54,2,53,1" doraHai="80" doraHaiUra="84" who="0" fromWho="2" sc="270,130,220,0,353,-120,147,0" /><INIT seed="3,0,0,1,5,40" ten="400,220,233,147" oya="3" hai0="79,83,57,17,81,123,19,26,61,74,73,58,99" hai1="87,68,52,27,0,9,106,107,70,53,126,20,135" hai2="128,34,3,39,114,67,92,131,95,37,96,36,113" hai3="47,90,77,45,82,11,75,21,42,133,23,32,108"/><W35/><G133/><T134/><D123/><U16/><E135/><V60/><F34/><W38/><G108/><T24/><D134/><U54/><E126/><V65/><F3/><W84/><G32/><T117/><D117/><U14/><E0/><V71/><F67/><W98/><G35/><T10/><D99/><U72/><E72/><V100/><REACH who="2" step="1"/><F92/><REACH who="2" ten="400,220,223,147" step="2"/><W55/><G98/><T91/><D10/><U104/><REACH who="1" step="1"/><E87/><REACH who="1" ten="400,210,223,147" step="2"/><V46/><F46/><W124/><G124/><T88/><D74/><U103/><E103/><V118/><F118/><W18/><G11/><T29/><D73/><U44/><E44/><V15/><F15/><W109/><G109/><T59/><D26/><U5/><AGARI ba="0,2" hai="5,9,14,16,20,27,52,53,54,68,70,104,106,107" machi="5" ten="40,8000,1" yaku="1,1,0,1,54,2,53,0" doraHai="40" doraHaiUra="120" who="1" fromWho="1" sc="400,-20,210,100,223,-20,147,-40" owari="380,48.0,310,11.0,203,-19.7,107,-39.3" /></mjloggm>