<mjloggm ver="2.3"><GO type="225" lobby="0"/><UN n0="%E6%B5%81%E3%82%8C%EF%BC%9F%53%4F%41" n1="%E7%89%B9%E6%9D%B1%E3%81%AF%E4%B8%96%E7%95%8C%E3%82%92%E6%95%91%E3%81%86" n2="%E6%A1%9C%E8%8A%B1%E9%96%83%E3%80%85" n3="%E3%81%BF%E3%81%BF%E3%81%9A" dan="17,16,16,18" rate="2275.27,2151.93,2164.75,2214.48" sx="M,M,M,M"/><TAIKYOKU oya="0"/><INIT seed="0,0,0,5,5,86" ten="250,250,250,250" oya="0" hai0="42,20,95,120,3,132,21,51,72,113,30,134,130" hai1="46,90,126,93,101,62,116,131,34,61,47,26,70" hai2="14,59,78,107,49,25,135,50,66,102,2,56,65" hai3="122,91,117,103,121,98,119,41,52,69,88,35,111"/><T48/><D113/><U74/><E116/><N who="3" m="44618" /><G35/><T11/><D120/><N who="3" m="46185" /><G111/><T15/><D72/><U105/><E74/><V57/><F2/><W1/><G69/><T76/><D76/><U29/><E131/><V67/><F135/><N who="0" m="51754" /><D3/><U53/><E126/><V16/><F78/><W0/><G41/><T37/><D130/><U104/><E62/><V127/><F127/><W63/><G0/><T54/><D95/><U84/><E53/><V5/><F5/><W43/><G1/><T23/><D30/><U123/><E123/><V114/><F114/><W18/><G18/><N who="0" m="8575" /><D54/><U96/><REACH who="1" step="1"/><E104/><REACH who="1" ten="250,240,250,250" step="2"/><V44/><F107/><N who="3" m="63991" /><G43/><T40/><D40/><U92/><E92/><V99/><F65/><AGARI ba="0,1" hai="26,29,34,46,47,61,65,70,84,90,93,96,101,105" machi="65" ten="40,8000,1" yaku="1,1,25,2,52,1,53,0" doraHai="86" doraHaiUra="115" who="1" fromWho="2" sc="250,0,240,90,250,-80,250,0" /><INIT seed="1,0,0,2,4,81" ten="250,330,170,250" oya="1" hai0="6,77,62,18,107,53,36,4,20,112,22,40,15" hai1="130,52,35,17,90,55,101,83,49,67,68,91,125" hai2="131,82,31,2,51,74,121,106,26,73,78,72,123" hai3="12,132,61,118,89,5,7,46,124,34,119,10,86"/><U108/><E35/><V8/><F106/><W66/><G124/><T39/><D39/><U111/><E125/><V134/><F134/><W80/><G132/><T87/><D112/><U115/><E115/><V92/><F131/><W126/><G126/><T98/><D36/><U84/><E130/><V117/><F117/><N who="3" m="44555" /><G34/><T129/><D107/><U79/><E101/><V28/><F51/><W71/><G46/><T64/><D40/><U65/><E17/><AGARI ba="0,0" hai="5,7,10,12,17,61,66,71,80,86,89" m="44555" machi="17" ten="30,2000,0" yaku="12,1,52,1" doraHai="81" who="3" fromWho="1" sc="250,0,330,-20,170,0,250,20" /><INIT seed="2,0,0,5,0,74" ten="250,310,170,270" oya="2" hai0="114,126,42,45,90,132,16,135,37,116,33,84,133" hai1="77,101,62,54,64,83,73,128,60,43,93,127,129" hai2="40,20,131,102,41,34,110,112,78,18,87,29,104" hai3="82,53,68,80,124,103,12,50,86,26,91,51,109"/><V10/><F112/><W21/><G109/><T72/><D114/><U69/><E127/><V32/><F131/><N who="1" m="50249" /><E43/><N who="2" m="16459" /><F104/><W5/><G124/><T0/><D126/><U76/><E76/><V14/><F34/><W55/><G68/><T95/><D116/><U4/><E4/><V120/><F32/><W70/><G103/><T79/><D33/><U49/><E62/><V22/><F120/><W57/><G70/><T118/><D118/><U134/><E134/><V6/><F110/><W123/><G123/><T17/><D0/><U94/><E101/><V89/><F102/><W52/><G82/><AGARI ba="0,0" hai="16,17,37,42,45,72,79,82,84,90,95,132,133,135" machi="82" ten="40,5200,0" yaku="20,1,52,1,54,1" doraHai="74" who="0" fromWho="3" sc="250,52,310,0,170,0,270,-52" /><INIT seed="3,0,0,4,2,105" ten="302,310,170,218" oya="3" hai0="79,110,86,108,85,33,70,3,92,53,24,62,35" hai1="63,50,121,46,42,30,96,57,1,112,95,64,134" hai2="56,109,107,81,89,124,54,69,128,68,127,84,119" hai3="101,16,41,132,12,103,7,23,87,18,115,6,78"/><W51/><G115/><T71/><D3/><U43/><E112/><V111/><F119/><W106/><G132/><T10/><D10/><U36/><E121/><V52/><F107/><W98/><G103/><T76/><D53/><U21/><E1/><V116/><F116/><W28/><G28/><T102/><D102/><N who="1" m="60703" /><E36/><V26/><F26/><W72/><G87/><T58/><D24/><N who="1" m="16655" /><E134/><V39/><F39/><W129/><G129/><T44/><D44/><U25/><E25/><V73/><F128/><W133/><G133/><T130/><D130/><U34/><E42/><V125/><F73/><W66/><G66/><T59/><D92/><U75/><E75/><V118/><F118/><W82/><REACH who="3" step="1"/><G18/><REACH who="3" ten="302,310,170,208" step="2"/><T9/><D85/><U47/><E47/><AGARI ba="0,1" hai="6,7,12,16,23,41,47,51,72,78,82,98,101,106" machi="47" ten="40,12000,1" yaku="1,1,2,1,52,1,54,1,53,0" doraHai="105" doraHaiUra="122" who="3" fromWho="1" sc="302,0,310,-120,170,0,208,130" owari="302,10.2,190,-21.0,170,-33.0,338,43.8" /></mjloggm>