<mjloggm ver="2.3"><GO type="225" lobby="0"/><UN n0="%E4%BC%8A%E9%81%94%E6%9C%B1%E9%87%8C%E7%B4%97" n1="%E3%82%AF%E3%82%A3%E3%82%A6" n2="%E3%83%B4%E3%83%A0%EF%BC%99%E3%81%A6" n3="%E3%80%90%E3%83%88%E3%83%AA%E3%83%A5%E3%83%95%E3%80%91" dan="16,16,16,16" rate="2139.77,2063.20,2167.49,2070.82" sx="F,M,M,M"/><TAIKYOKU oya="0"/><INIT seed="0,0,0,2,3,8" ten="250,250,250,250" oya="0" hai0="32,19,33,25,82,85,1,7,135,70,73,113,95" hai1="58,130,75,56,5,127,110,49,81,16,83,24,53" hai2="30,39,43,104,97,96,134,111,15,71,114,120,36" hai3="41,106,125,118,54,129,59,88,65,98,124,40,12"/><T93/><D113/><U72/><E110/><V23/><F120/><W84/><G118/><T22/><D70/><U105/><E105/><V108/><F114/><W52/><G65/><T91/><D135/><U48/><E5/><V74/><F74/><W34/><G34/><T37/><D37/><U50/><E127/><N who="3" m="48714" /><G129/><T57/><D95/><U46/><E130/><V61/><F134/><W27/><G27/><T20/><D7/><U10/><E46/><V132/><F132/><W29/><G29/><T64/><D1/><U60/><E58/><V69/><F61/><N who="3" m="36071" /><G54/><T62/><D20/><N who="1" m="13319" /><E72/><V63/><F23/><W68/><G68/><T99/><REACH who="0" step="1"/><D73/><REACH who="0" ten="240,250,250,250" step="2"/><U121/><E75/><V26/><F69/><W76/><G106/><T51/><D51/><U101/><E49/><V79/><F104/><W112/><G112/><T28/><D28/><U80/><E48/><V77/><F71/><W45/><G45/><T119/><D119/><U128/><E50/><V116/><F30/><W90/><G41/><T109/><D109/><U67/><E128/><V123/><F116/><W86/><G40/><T11/><D11/><U6/><E10/><V131/><F43/><W35/><G35/><T17/><D17/><U126/><E6/><V0/><F108/><W102/><G12/><T21/><D21/><U3/><E3/><V87/><F0/><W14/><G14/><T55/><D55/><U4/><E4/><V92/><F15/><W103/><G84/><T44/><D44/><U2/><E2/><V18/><F111/><W66/><G86/><T89/><AGARI ba="0,1" hai="19,22,25,32,33,57,62,64,82,85,89,91,93,99" machi="89" ten="20,3900,0" yaku="1,1,0,1,7,1,53,0" doraHai="8" doraHaiUra="9" who="0" fromWho="0" sc="240,49,250,-13,250,-13,250,-13" /><INIT seed="0,1,0,5,1,134" ten="289,237,237,237" oya="0" hai0="53,21,125,3,41,109,80,89,36,25,104,6,83" hai1="129,66,78,95,97,18,19,87,69,62,48,128,88" hai2="122,20,40,52,44,105,123,91,10,126,33,112,22" hai3="114,82,26,61,42,118,75,57,93,73,81,70,130"/><T59/><D104/><U131/><REACH who="1" step="1"/><E48/><REACH who="1" ten="289,227,237,237" step="2"/><V8/><F122/><W76/><G73/><T99/><D3/><U96/><E96/><V86/><F123/><W85/><G75/><T2/><D2/><U5/><E5/><V133/><F133/><W100/><G114/><T34/><D6/><U79/><E79/><V31/><F112/><W17/><G76/><T30/><D99/><U124/><E124/><V84/><F126/><W92/><G85/><T65/><D125/><U29/><E29/><V43/><F31/><W71/><G82/><AGARI ba="1,1" hai="18,19,62,66,69,78,82,87,88,95,97,128,129,131" machi="82" ten="40,8000,1" yaku="21,2,19,1,54,1,53,1" doraHai="134" doraHaiUra="60" who="1" fromWho="3" sc="289,0,227,93,237,0,237,-83" /><INIT seed="1,0,0,1,3,120" ten="289,320,237,154" oya="1" hai0="17,34,135,70,82,80,109,3,55,28,37,115,83" hai1="63,71,95,79,51,10,108,57,35,31,134,125,131" hai2="99,78,30,123,60,76,0,61,133,7,106,89,107" hai3="20,50,81,48,127,77,62,14,124,90,1,93,119"/><U112/><E112/><V11/><F123/><W53/><G1/><T117/><D115/><U67/><E125/><V128/><F128/><W22/><G62/><T38/><D117/><U85/><E131/><V59/><F133/><W25/><G119/><T36/><D3/><U49/><E134/><V101/><F106/><W58/><G48/><T32/><D135/><U94/><E35/><V92/><F30/><W69/><G69/><T2/><D2/><U6/><E31/><V43/><F43/><W102/><G102/><T66/><D55/><N who="1" m="31999" /><E49/><V5/><F5/><W84/><G25/><T52/><D52/><U88/><E79/><V113/><F61/><W87/><REACH who="3" step="1"/><G22/><REACH who="3" ten="289,320,237,144" step="2"/><T118/><D118/><U54/><E10/><V72/><F113/><W129/><G129/><T116/><D116/><U21/><E21/><V26/><F26/><W12/><G12/><T65/><D70/><U40/><E71/><V44/><F60/><W4/><G4/><T110/><D17/><AGARI ba="0,1" hai="14,17,20,50,53,58,77,81,84,87,90,93,124,127" machi="17" ten="40,8000,1" yaku="1,1,25,2,53,2" doraHai="120" doraHaiUra="132" who="3" fromWho="0" sc="289,-80,320,0,237,0,144,90" /><INIT seed="2,0,0,4,4,125" ten="209,320,237,234" oya="2" hai0="131,34,5,20,120,130,19,85,57,116,23,80,61" hai1="6,93,2,38,94,89,102,50,70,111,7,42,87" hai2="33,60,73,48,40,39,99,123,124,52,110,67,56" hai3="9,104,43,106,66,13,88,76,109,36,119,95,128"/><V22/><F33/><W21/><G119/><T98/><D116/><U79/><E38/><V75/><F123/><W25/><G76/><T132/><D120/><U51/><E111/><V115/><F115/><W11/><G109/><T27/><D132/><U71/><E2/><V18/><F110/><W126/><G126/><T44/><D34/><U49/><E42/><V81/><F124/><W101/><G66/><T16/><D5/><U69/><REACH who="1" step="1"/><E79/><REACH who="1" ten="209,310,237,234" step="2"/><V10/><F40/><W72/><G104/><T62/><D44/><U14/><E14/><V17/><F39/><W108/><G106/><T92/><D57/><U133/><E133/><V59/><F59/><W55/><G43/><T41/><D41/><U127/><E127/><V3/><F56/><W86/><G36/><T107/><D107/><U54/><E54/><V82/><F52/><W96/><G55/><T46/><D46/><U30/><E30/><V4/><F3/><W53/><G53/><T24/><D131/><U100/><E100/><V26/><F67/><W15/><G128/><T134/><D130/><U91/><E91/><V83/><F48/><W64/><G15/><T84/><D134/><U47/><E47/><V28/><F28/><W117/><G13/><T68/><D68/><U1/><E1/><V90/><F90/><W58/><G108/><T12/><D12/><U135/><E135/><V65/><F65/><W103/><G64/><T29/><D29/><U118/><E118/><V45/><F45/><W105/><G103/><N who="0" m="60871" /><D80/><N who="2" m="30826" /><F4/><W129/><G129/><T32/><D32/><U114/><E114/><V113/><F113/><RYUUKYOKU ba="0,1" sc="209,15,310,15,237,-15,234,-15" hai0="16,19,20,23,24,27,61,62,84,85" hai1="6,7,49,50,51,69,70,71,87,89,93,94,102" /><INIT seed="3,1,1,2,4,11" ten="224,325,222,219" oya="3" hai0="13,68,88,126,53,123,87,131,130,6,5,103,14" hai1="59,0,54,76,27,43,107,7,28,39,110,73,102" hai2="128,30,26,46,2,36,113,83,77,23,91,51,60" hai3="96,117,133,12,99,38,104,115,121,82,48,1,93"/><W40/><G1/><T122/><D68/><U112/><E110/><V79/><F113/><W16/><G115/><T127/><D103/><U81/><E112/><V29/><F2/><W94/><G117/><T8/><D53/><U25/><E102/><V116/><F116/><W49/><G104/><T132/><D132/><U67/><E67/><V106/><F106/><W100/><G133/><T3/><D3/><U20/><E107/><V89/><F36/><W86/><G40/><T31/><D31/><N who="2" m="11786" /><F60/><W24/><G24/><T57/><D57/><U75/><E75/><V44/><F44/><W41/><G121/><N who="0" m="46091" /><D13/><U21/><E54/><N who="2" m="30071" /><F128/><N who="0" m="49194" /><D5/><U9/><E43/><V4/><F4/><W129/><G129/><T58/><D58/><U18/><E59/><V42/><F42/><W34/><G38/><T74/><D74/><U61/><E39/><V85/><F26/><W124/><G41/><T62/><D62/><U72/><E61/><V65/><F65/><W33/><G124/><T19/><D6/><U47/><E47/><V15/><F15/><W108/><G108/><T120/><N who="0" m="46099" /><T66/><DORA hai="69" /><D66/><U97/><E72/><V50/><F50/><W92/><G33/><T134/><D134/><U71/><E71/><V10/><F10/><N who="3" m="6167" /><G34/><T80/><AGARI ba="1,1" hai="8,14,19,80,87,88,126,127" m="49194,46099" machi="80" ten="50,6400,0" yaku="19,1,52,1,54,1" doraHai="11,69" who="0" fromWho="0" sc="224,77,325,-17,222,-17,219,-33" owari="301,10.1,308,40.8,205,-19.5,186,-31.4" /></mjloggm>