<mjloggm ver="2.3"><GO type="225" lobby="0"/><UN n0="%70%68%65%6E%6F%6D%65" n1="%E7%99%BD%E5%80%89%E5%AF%9B%E4%B9%8B" n2="%E3%81%82%E3%81%97%E3%82%85%E3%82%8A%E3%82%93" n3="%E3%83%96%E3%83%83%E3%83%91%E3%82%AA%E3%83%96%E3%83%81%E3%82%AD%E3%83%B3" dan="16,16,16,16" rate="2153.09,2181.47,2057.53,2163.58" sx="M,M,M,M"/><TAIKYOKU oya="0"/><INIT seed="0,0,0,5,5,104" ten="250,250,250,250" oya="0" hai0="111,125,7,43,13,0,27,53,108,52,60,127,32" hai1="61,59,114,89,17,93,9,64,110,97,67,74,15" hai2="113,122,11,63,75,51,36,133,12,37,91,99,109" hai3="42,100,31,41,6,71,78,18,65,50,58,134,72"/><T69/><D0/><U44/><E110/><N who="0" m="42025" /><D43/><U135/><E114/><V46/><F109/><W5/><G31/><N who="0" m="19583" /><D69/><U28/><E135/><V49/><F113/><W62/><G134/><T22/><D60/><U88/><E28/><V3/><F3/><W2/><G100/><T35/><D35/><U1/><E1/><V116/><F63/><W130/><G130/><T14/><D14/><U33/><E33/><V20/><F51/><W90/><G18/><N who="0" m="10575" /><D7/><U57/><E44/><V76/><F46/><W21/><G6/><T128/><D128/><U81/><E67/><V85/><F12/><W16/><G65/><T95/><D95/><U82/><E59/><V121/><F133/><W56/><G56/><T38/><D38/><U105/><E105/><V40/><F40/><W124/><G58/><T98/><D98/><U118/><E118/><V26/><F116/><W83/><G42/><T66/><D66/><U4/><E4/><V87/><F99/><W73/><G5/><T68/><D68/><U123/><E64/><V25/><F37/><W103/><G41/><T117/><D117/><U126/><E61/><V96/><F36/><W10/><G62/><T29/><D29/><U19/><E97/><V45/><F96/><W131/><G71/><T86/><D86/><U132/><E93/><V24/><F85/><W106/><G131/><T47/><D47/><U115/><E132/><V54/><F87/><W39/><G39/><T8/><D8/><U30/><E9/><V129/><F129/><W23/><G10/><T101/><D101/><U94/><E94/><V120/><F11/><RYUUKYOKU ba="0,0" sc="250,30,250,-10,250,-10,250,-10" hai0="52,53,125,127" /><INIT seed="0,1,0,1,5,82" ten="280,240,240,240" oya="0" hai0="92,83,30,61,24,127,132,81,31,12,98,105,88" hai1="75,116,123,4,55,39,15,10,122,130,133,8,38" hai2="49,63,23,43,50,104,7,42,128,66,119,33,40" hai3="74,110,57,19,70,17,67,85,41,26,11,36,59"/><T120/><D120/><U54/><E75/><V101/><F33/><W22/><G74/><T134/><D105/><U100/><E116/><V108/><F104/><W69/><G110/><T111/><D111/><U6/><E100/><V56/><F101/><W2/><G36/><T28/><D127/><U29/><E29/><V121/><F108/><W109/><G41/><T102/><D24/><U73/><E73/><V53/><F121/><W106/><G106/><T84/><D61/><U78/><E78/><V72/><F72/><W79/><G109/><T64/><D64/><U90/><E15/><V13/><F128/><W32/><G32/><T48/><D83/><U46/><E46/><V5/><F119/><W91/><G79/><T97/><D97/><U58/><E58/><N who="2" m="33079" /><F49/><W71/><G67/><T115/><D115/><U124/><E90/><V20/><F7/><W1/><G1/><T93/><D93/><U45/><E45/><V18/><F5/><W25/><G2/><T118/><D118/><U129/><REACH who="1" step="1"/><E133/><REACH who="1" ten="280,230,240,240" step="2"/><N who="0" m="51305" /><D12/><U21/><E21/><AGARI ba="1,1" hai="13,18,20,21,23,40,42,43,56,63,66" m="33079" machi="21" ten="30,1000,0" yaku="8,1" doraHai="82" who="2" fromWho="1" sc="280,0,230,-13,240,23,240,0" /><INIT seed="1,0,0,5,2,34" ten="280,217,263,240" oya="1" hai0="24,62,64,40,73,17,80,57,126,27,6,95,88" hai1="92,96,58,14,71,122,10,101,132,35,135,94,102" hai2="134,30,69,100,32,4,61,51,85,5,119,68,8" hai3="72,99,15,46,31,0,59,110,89,107,11,52,29"/><U2/><E71/><V48/><F119/><W49/><G72/><T108/><D108/><U104/><E35/><V133/><F100/><W75/><G75/><T124/><D40/><U93/><E122/><V77/><F30/><W118/><G118/><T38/><D38/><U55/><E102/><V41/><F32/><W79/><G110/><T60/><D6/><U103/><E103/><V67/><F69/><W26/><G79/><N who="0" m="44143" /><D17/><U45/><E45/><V109/><F109/><W74/><G74/><T81/><D81/><U1/><E135/><N who="2" m="51723" /><F5/><N who="3" m="3567" /><G0/><T36/><D62/><U87/><E87/><V47/><F85/><W90/><G107/><T130/><D36/><U66/><E66/><V78/><F48/><N who="3" m="31111" /><G99/><N who="0" m="57831" /><D130/><U129/><E129/><V76/><F76/><W128/><G128/><T106/><D106/><U22/><E132/><V115/><F115/><W112/><G112/><T7/><D7/><U18/><REACH who="1" step="1"/><E22/><REACH who="1" ten="280,207,263,240" step="2"/><V120/><F120/><W13/><G46/><T97/><D97/><U65/><E65/><V50/><F47/><W113/><G113/><T125/><AGARI ba="0,1" hai="24,27,57,60,64,124,125,126" m="57831,44143" machi="125" ten="30,2000,0" yaku="18,1,54,1" doraHai="34" who="0" fromWho="0" sc="280,30,207,-10,263,-5,240,-5" /><INIT seed="2,0,0,0,5,108" ten="310,197,258,235" oya="2" hai0="131,104,54,52,85,2,100,47,21,117,53,78,36" hai1="4,30,67,88,121,42,76,8,125,101,130,35,83" hai2="70,10,92,118,102,0,132,3,18,89,75,116,98" hai3="134,110,9,51,96,74,45,14,33,23,43,91,20"/><V90/><F70/><W81/><G110/><T84/><D2/><U69/><E121/><V87/><F75/><W73/><G33/><T127/><D131/><U66/><E130/><V46/><F132/><W63/><G134/><T37/><D127/><U107/><E125/><V57/><F3/><W82/><G74/><T71/><D71/><U109/><E109/><V59/><F90/><W64/><G73/><T128/><D128/><U55/><E42/><V86/><F87/><W119/><G119/><T5/><D5/><U123/><E123/><V68/><F68/><W6/><G82/><T135/><D117/><U60/><E67/><V13/><F0/><W93/><REACH who="3" step="1"/><G81/><REACH who="3" ten="310,197,258,225" step="2"/><T97/><D135/><U24/><E76/><V39/><F116/><W113/><G113/><T58/><D78/><U19/><E83/><V26/><F118/><W99/><G99/><T34/><D34/><U126/><E126/><V79/><F79/><W28/><G28/><T65/><D85/><U95/><E35/><V44/><F86/><W17/><G17/><T115/><D84/><U94/><E19/><V16/><F89/><W25/><G25/><T61/><D115/><U50/><E88/><V122/><F122/><W40/><G40/><T11/><D21/><N who="1" m="15631" /><E4/><V22/><F39/><W15/><G15/><T72/><D72/><U129/><E129/><V106/><F106/><W49/><G49/><T103/><D103/><U112/><E112/><V41/><F41/><W62/><G62/><T124/><D124/><U1/><E1/><V114/><F114/><W80/><G80/><T120/><D120/><RYUUKYOKU ba="0,1" sc="310,-15,197,-15,258,15,225,15" hai2="10,13,16,18,22,26,44,46,57,59,92,98,102" hai3="6,9,14,20,23,43,45,51,63,64,91,93,96" /><INIT seed="2,1,1,1,3,132" ten="295,182,273,240" oya="2" hai0="108,42,43,48,30,83,29,106,102,88,121,61,97" hai1="78,7,127,134,41,21,75,67,1,131,20,11,16" hai2="12,103,33,14,19,6,95,115,10,126,77,71,4" hai3="129,34,15,59,50,60,89,109,96,74,124,112,111"/><V76/><F71/><W52/><G34/><T54/><D121/><U135/><E67/><V98/><F115/><W24/><G24/><T130/><D108/><N who="3" m="41545" /><G112/><T91/><D61/><U2/><E41/><V84/><F33/><W38/><G129/><T35/><D130/><U26/><E131/><V31/><F31/><W122/><G122/><T63/><D63/><U46/><E46/><V56/><F126/><W110/><N who="3" m="41553" /><W73/><DORA hai="99" /><G38/><T28/><D35/><U101/><E101/><V69/><F69/><W5/><G124/><T62/><D62/><U8/><E78/><V86/><F56/><N who="3" m="32791" /><G5/><N who="2" m="2153" /><F14/><W27/><G15/><T57/><REACH who="0" step="1"/><D83/><REACH who="0" ten="285,182,273,240" step="2"/><U37/><E127/><V45/><F45/><W94/><G27/><T22/><D22/><U32/><E32/><V133/><F133/><W120/><G120/><T92/><D92/><U44/><E135/><V25/><F25/><W93/><G93/><T90/><AGARI ba="1,2" hai="28,29,30,42,43,48,54,57,88,90,91,97,102,106" machi="90" ten="30,7900,0" yaku="1,1,0,1,52,1,54,1,53,0" doraHai="132,99" doraHaiUra="13,66" who="0" fromWho="0" sc="285,102,182,-21,273,-40,240,-21" /><INIT seed="3,0,0,1,0,50" ten="387,161,233,219" oya="3" hai0="123,21,115,105,102,37,24,15,103,54,34,61,107" hai1="109,25,78,36,40,22,112,38,4,92,71,9,130" hai2="104,17,65,110,89,131,51,60,82,48,135,29,127" hai3="47,1,94,77,64,114,43,32,96,87,55,70,6"/><W18/><G114/><T81/><D37/><U108/><E71/><V91/><F104/><W90/><G32/><T98/><D123/><U68/><E68/><V119/><F119/><W80/><G70/><T52/><D34/><U73/><E112/><V75/><F29/><W27/><G64/><T46/><D15/><U20/><E130/><V93/><F75/><W72/><G27/><T8/><D8/><U35/><E35/><V19/><F110/><W0/><G6/><T57/><D81/><U121/><E121/><V132/><F127/><W58/><G18/><N who="2" m="6665" /><F82/><W101/><G47/><T26/><D115/><U124/><E124/><V44/><F131/><W23/><G43/><T14/><D14/><U66/><E66/><V13/><F13/><W76/><G76/><T62/><D46/><U3/><E92/><V74/><F74/><W85/><G85/><T67/><D61/><U133/><E133/><N who="2" m="51275" /><F93/><W120/><G23/><T99/><D24/><U84/><E84/><V117/><F117/><W118/><G120/><T86/><D86/><U12/><E12/><V56/><F48/><W125/><G125/><T83/><D83/><N who="1" m="45519" /><E38/><V30/><F30/><AGARI ba="0,0" hai="21,26,30,52,54,57,62,67,98,99,102,103,105,107" machi="30" ten="30,8000,1" yaku="7,1,9,1,52,2,54,1" doraHai="50" who="0" fromWho="2" sc="387,80,161,0,233,-80,219,0" owari="467,56.7,161,-23.9,153,-34.7,219,1.9" /></mjloggm>