<mjloggm ver="2.3"><GO type="225" lobby="0"/><UN n0="%E3%82%A4%E3%83%BC%E3%82%B1%E3%83%97%E3%83%A9" n1="%E6%81%A5%E6%99%92%E3%81%97" n2="%E7%99%BD%E5%80%89%E5%AF%9B%E4%B9%8B" n3="%4C%4F%4C%49%54%41" dan="17,16,16,16" rate="2228.00,2064.17,2151.78,2115.58" sx="M,M,M,F"/><TAIKYOKU oya="0"/><INIT seed="0,0,0,5,0,5" ten="250,250,250,250" oya="0" hai0="41,100,52,1,102,128,3,46,67,23,53,101,38" hai1="48,37,64,105,30,93,103,131,122,129,82,87,12" hai2="132,28,77,90,110,108,74,11,16,61,119,59,50" hai3="40,70,80,66,89,83,56,73,60,115,35,54,86"/><T72/><D128/><U106/><E37/><V113/><F113/><W125/><G115/><T126/><D126/><U69/><E30/><V9/><F132/><W49/><G125/><T75/><D67/><U26/><E122/><V114/><F114/><W47/><G35/><T124/><D124/><U13/><E26/><V29/><F119/><W121/><G121/><T65/><D65/><U42/><E69/><V55/><F77/><W24/><G24/><T84/><D84/><U92/><E64/><N who="2" m="38975" /><F74/><W25/><G25/><T85/><D85/><U57/><E57/><N who="2" m="33015" /><F90/><W81/><REACH who="3" step="1"/><G73/><REACH who="3" ten="250,250,250,240" step="2"/><T118/><D118/><U39/><E129/><V19/><F29/><W2/><G2/><T130/><D130/><U10/><E131/><V31/><F28/><W21/><G21/><T17/><D75/><U116/><E116/><V71/><F31/><W27/><G27/><T43/><D72/><U127/><E127/><V18/><F71/><W112/><G112/><T133/><D133/><U4/><E13/><V62/><F62/><AGARI ba="0,1" hai="40,47,49,54,56,60,62,66,70,80,81,83,86,89" machi="62" ten="30,2000,0" yaku="1,1,7,1,53,0" doraHai="5" doraHaiUra="22" who="3" fromWho="2" sc="250,0,250,0,250,-20,240,30" /><INIT seed="1,0,0,1,1,90" ten="250,250,230,270" oya="1" hai0="108,126,122,17,25,32,130,8,0,18,57,49,75" hai1="2,38,87,20,12,51,114,52,135,43,93,131,125" hai2="80,56,65,24,128,73,99,79,4,88,116,123,109" hai3="89,95,31,134,6,44,59,55,33,64,71,36,118"/><U53/><E114/><V72/><F116/><W76/><G118/><T98/><D75/><U21/><E2/><V27/><F123/><W7/><G134/><T110/><D122/><U14/><E135/><V1/><F73/><W68/><G76/><T48/><D130/><U41/><E131/><V124/><F128/><W42/><G31/><N who="0" m="19567" /><D126/><U50/><E87/><V39/><F39/><W133/><G33/><T69/><D69/><U35/><E35/><V60/><F124/><W105/><G105/><T129/><D129/><U47/><E125/><V127/><F127/><W117/><G117/><T62/><D98/><U91/><E38/><V15/><F1/><W28/><G28/><T66/><D0/><U115/><E115/><V104/><F109/><N who="0" m="42090" /><D8/><U16/><E21/><V23/><F104/><W97/><G133/><T3/><D3/><U74/><E12/><V83/><F4/><W5/><REACH who="3" step="1"/><G64/><REACH who="3" ten="250,250,230,260" step="2"/><T96/><D96/><N who="1" m="57407" /><E74/><V61/><F72/><W45/><G45/><AGARI ba="0,1" hai="14,16,20,41,43,45,47,50,51,52,53" m="57407" machi="45" ten="30,11600,0" yaku="8,1,52,1,54,2" doraHai="90" who="1" fromWho="3" sc="250,0,250,126,230,0,260,-116" /><INIT seed="1,1,0,5,5,132" ten="250,376,230,144" oya="1" hai0="26,78,82,56,6,24,121,108,62,90,63,130,118" hai1="103,37,34,4,77,14,112,43,81,44,102,116,87" hai2="94,3,41,76,129,20,109,114,55,61,57,79,40" hai3="119,68,54,48,59,31,2,19,66,117,101,39,83"/><U7/><E112/><V126/><F3/><W100/><G2/><T88/><D118/><N who="3" m="45065" /><G31/><T52/><D108/><U9/><E34/><V115/><F109/><W36/><G19/><T29/><D130/><U65/><E116/><V30/><F129/><W42/><G83/><T123/><D6/><U35/><E35/><V73/><F94/><W133/><G133/><T75/><D63/><U17/><E4/><V1/><F1/><W27/><G27/><N who="0" m="10283" /><D29/><U95/><E65/><V131/><F20/><W89/><G89/><T12/><D12/><U120/><E120/><AGARI ba="1,0" hai="52,56,62,75,78,82,88,90,120,121,123" m="10283" machi="120" ten="30,3900,0" yaku="13,1,54,2" doraHai="132" who="0" fromWho="1" sc="250,42,376,-42,230,0,144,0" /><INIT seed="2,0,0,5,4,69" ten="292,334,230,144" oya="2" hai0="6,66,83,131,111,8,123,76,39,68,48,16,129" hai1="80,95,5,113,41,79,114,126,27,109,106,60,63" hai2="33,13,19,30,28,31,54,21,75,96,120,38,44" hai3="71,81,22,74,135,12,122,1,32,130,25,42,117"/><V87/><F75/><W121/><G71/><T51/><D123/><U127/><E106/><V107/><F120/><W11/><G74/><T128/><D111/><U37/><E109/><V108/><F108/><W61/><G61/><N who="0" m="40015" /><D16/><U134/><E5/><V59/><F87/><W133/><G81/><T0/><D39/><U70/><E134/><N who="3" m="51210" /><G42/><T103/><D103/><U46/><E27/><V112/><F112/><W49/><G49/><T78/><D78/><U90/><E80/><V88/><F107/><W4/><G117/><T10/><D10/><U94/><E79/><V65/><F65/><W124/><G124/><N who="1" m="47658" /><E95/><V118/><F118/><W101/><G101/><T64/><D64/><N who="1" m="41223" /><E63/><V84/><F96/><AGARI ba="0,0" hai="37,41,46,90,94,96,113,114" m="41223,47658" machi="96" ten="30,2000,0" yaku="18,1,52,1" doraHai="69" who="1" fromWho="2" sc="292,0,334,20,230,-20,144,0" /><INIT seed="3,0,0,1,1,124" ten="292,354,210,144" oya="3" hai0="102,44,132,118,91,64,33,127,20,62,52,54,26" hai1="22,109,6,8,83,77,90,13,105,108,41,81,10" hai2="2,55,114,53,3,96,119,131,101,29,56,1,84" hai3="7,87,110,98,60,122,89,15,25,45,14,50,51"/><W135/><G122/><T120/><D118/><U79/><E105/><V38/><F38/><W0/><G135/><T48/><D120/><U40/><E22/><V27/><F119/><W21/><G110/><N who="1" m="42602" /><E90/><V68/><F68/><W104/><G60/><T35/><D132/><U70/><E70/><V5/><F114/><W125/><G125/><T46/><D127/><U24/><E24/><V117/><F117/><W133/><G133/><T103/><D91/><U130/><E130/><V4/><F84/><W78/><G78/><N who="1" m="29706" /><E10/><V57/><F131/><W85/><G0/><T59/><D35/><U16/><E6/><V11/><F5/><W73/><G73/><T126/><D33/><U88/><E88/><V92/><F56/><W76/><G76/><T34/><D34/><U49/><E49/><V72/><F72/><W123/><G123/><T106/><D106/><U43/><AGARI ba="0,0" hai="8,13,16,40,41,43,81,83" m="29706,42602" machi="43" ten="40,2700,0" yaku="14,1,54,1" doraHai="124" who="1" fromWho="1" sc="292,-7,354,27,210,-7,144,-13" owari="285,8.5,381,48.1,203,-19.7,131,-36.9" /></mjloggm>