<mjloggm ver="2.3"><GO type="225" lobby="0"/><UN n0="%E3%80%90%E8%92%BC%E7%90%89%E3%80%91" n1="%E9%B7%B9%E5%80%89%E6%9D%8F%E9%88%B4" n2="%E5%A4%8F%E9%88%B4%E9%88%B4%E5%A4%8F" n3="%E9%A6%AC%E5%BC%95%E7%81%AB%33" dan="16,16,16,16" rate="2167.31,2094.88,2119.66,2087.35" sx="F,F,F,M"/><TAIKYOKU oya="0"/><INIT seed="0,0,0,4,5,130" ten="250,250,250,250" oya="0" hai0="69,35,127,10,98,45,2,52,133,111,92,88,22" hai1="47,3,31,25,128,0,14,80,76,124,118,89,95" hai2="90,51,82,43,11,65,97,104,93,1,55,42,99" hai3="32,91,21,131,123,56,64,79,68,60,86,106,58"/><T50/><D35/><U101/><E118/><V103/><F65/><W30/><G131/><T113/><D69/><U33/><E128/><V121/><F121/><W20/><G123/><T85/><D113/><U29/><E124/><V63/><F63/><W6/><G106/><T36/><D127/><U100/><E31/><V49/><F49/><W72/><G6/><T119/><D119/><U84/><E47/><V48/><F51/><W38/><G38/><T70/><D70/><U46/><E46/><V18/><F82/><W53/><G79/><T7/><D111/><U126/><E126/><V109/><F109/><W19/><G72/><T94/><D22/><U96/><E14/><V120/><F120/><W26/><G19/><T112/><D112/><U110/><E110/><V28/><F28/><W73/><G73/><T59/><D133/><U122/><E122/><V9/><F18/><W83/><REACH who="3" step="1"/><G68/><REACH who="3" ten="250,250,250,240" step="2"/><T15/><D2/><U54/><E0/><V8/><REACH who="2" step="1"/><F1/><REACH who="2" ten="250,250,240,240" step="2"/><W116/><G116/><T44/><REACH who="0" step="1"/><D36/><REACH who="0" ten="240,250,240,240" step="2"/><U34/><E3/><V115/><F115/><W105/><G105/><T125/><D125/><U24/><E33/><V134/><F134/><W12/><G12/><T71/><D71/><U114/><E114/><V135/><F135/><W39/><G39/><T40/><D40/><U108/><E108/><V61/><F61/><AGARI ba="0,3" hai="20,21,26,30,32,53,56,58,60,61,64,83,86,91" machi="61" ten="30,3900,0" yaku="1,1,7,1,53,1" doraHai="130" doraHaiUra="87" who="3" fromWho="2" sc="240,0,250,0,240,-39,240,69" /><INIT seed="1,0,0,2,0,48" ten="240,250,201,309" oya="1" hai0="88,129,122,73,63,90,58,27,43,82,46,108,19" hai1="103,23,107,130,133,131,94,25,53,68,41,36,51" hai2="119,105,22,101,33,116,92,89,109,99,56,74,37" hai3="24,12,77,113,104,59,26,13,110,98,71,11,93"/><U5/><E107/><V97/><F33/><W114/><G71/><T20/><D108/><U65/><E5/><V54/><F37/><W6/><G104/><T117/><D117/><U127/><E103/><V70/><F109/><W115/><G110/><T123/><D129/><N who="1" m="49163" /><E94/><V39/><F39/><W4/><G77/><T61/><D73/><U64/><E68/><V111/><F111/><W96/><G59/><T50/><D63/><U2/><E2/><V40/><F40/><W18/><G98/><T118/><D118/><U44/><E133/><V135/><F135/><W9/><G18/><T17/><D17/><N who="1" m="12527" /><E127/><V1/><F1/><W128/><G128/><T80/><D80/><U106/><E106/><V76/><F70/><W7/><G4/><T14/><D14/><U49/><E36/><V57/><F57/><AGARI ba="0,0" hai="41,44,49,51,53,57,64,65" m="12527,49163" machi="57" ten="30,2900,0" yaku="19,1,52,1" doraHai="48" who="1" fromWho="2" sc="240,0,250,29,201,-29,309,0" /><INIT seed="1,1,0,3,5,22" ten="240,279,172,309" oya="1" hai0="82,54,106,67,35,7,19,119,17,80,103,124,111" hai1="115,62,56,130,69,46,14,43,76,75,123,128,11" hai2="45,4,72,68,88,74,71,112,66,18,79,81,107" hai3="27,102,91,0,78,42,29,135,55,24,84,125,50"/><U47/><E115/><V95/><F107/><W30/><G0/><T40/><D119/><U15/><E123/><V6/><F112/><W98/><G125/><T118/><D118/><U108/><E69/><V105/><F105/><W16/><G135/><T36/><D124/><U20/><E76/><V77/><F45/><W87/><G42/><T109/><D7/><U100/><E100/><V28/><F28/><N who="3" m="10859" /><G78/><T134/><D67/><U131/><E75/><V89/><F18/><W117/><G117/><T61/><D35/><U86/><E86/><N who="3" m="32810" /><G102/><T70/><D70/><U60/><E108/><V65/><REACH who="2" step="1"/><F95/><REACH who="2" ten="240,279,162,309" step="2"/><N who="3" m="56703" /><G16/><T92/><D17/><N who="1" m="10303" /><E47/><AGARI ba="1,1" hai="24,27,47,50,55" m="56703,32810,10859" machi="47" ten="30,3900,0" yaku="8,1,52,2" doraHai="22" who="3" fromWho="1" sc="240,0,279,-42,162,0,309,52" /><INIT seed="2,0,0,4,5,76" ten="240,237,162,361" oya="2" hai0="68,103,25,11,98,55,81,6,92,77,78,15,60" hai1="113,64,123,57,121,83,93,49,13,52,117,53,119" hai2="135,30,26,23,100,63,86,61,99,46,127,56,17" hai3="105,132,24,48,27,106,42,0,133,29,90,19,126"/><V120/><F120/><N who="1" m="46153" /><E93/><V62/><F135/><N who="3" m="51787" /><G126/><T9/><D25/><U109/><E13/><V125/><F56/><W79/><G79/><T32/><D32/><U107/><E107/><V73/><F73/><W36/><G36/><T130/><D130/><U96/><E96/><V89/><F46/><N who="3" m="25687" /><G0/><T122/><D122/><U44/><E113/><V3/><F3/><W10/><G90/><T39/><D39/><U101/><E101/><V95/><REACH who="2" step="1"/><F30/><REACH who="2" ten="240,237,152,361" step="2"/><W59/><G59/><T128/><D128/><U70/><E117/><V50/><F50/><W12/><G29/><T69/><D69/><U87/><E119/><V5/><F5/><W58/><G58/><T43/><D68/><U111/><E70/><V8/><F8/><W75/><G75/><T31/><D31/><U110/><E64/><V51/><F51/><W14/><G10/><T33/><D9/><U65/><E65/><V7/><F7/><W28/><G28/><T115/><D11/><U35/><E35/><V88/><F88/><W18/><G18/><T72/><D33/><U66/><E66/><V54/><F54/><W41/><G19/><T34/><D55/><N who="1" m="30119" /><E57/><V67/><F67/><W104/><G41/><T37/><D43/><U85/><E53/><V84/><F84/><N who="1" m="32329" /><E52/><V134/><F134/><W71/><G71/><T21/><D6/><U20/><E20/><V112/><F112/><W74/><G74/><T4/><D72/><U82/><AGARI ba="0,1" hai="82,83,109,110,111" m="32329,30119,46153" machi="82" ten="40,8000,1" yaku="14,1,13,1,52,2" doraHai="76" who="1" fromWho="1" sc="240,-20,237,90,152,-40,361,-20" /><INIT seed="3,0,0,3,2,75" ten="220,327,112,341" oya="3" hai0="135,119,88,38,15,16,95,66,91,125,69,77,33" hai1="83,129,21,93,110,37,8,70,32,60,71,128,39" hai2="40,78,56,99,19,52,45,122,126,49,42,57,130" hai3="103,28,18,87,121,98,65,133,132,116,27,90,34"/><W97/><G116/><T106/><D106/><U14/><E32/><V29/><F130/><N who="1" m="50281" /><E21/><V24/><F126/><W35/><G121/><T10/><D38/><N who="1" m="14347" /><E60/><V23/><F122/><W127/><G127/><T36/><D119/><U11/><E93/><V48/><F99/><W73/><G73/><T74/><D36/><U101/><E101/><V63/><F40/><W13/><G35/><T81/><D33/><U134/><E134/><N who="3" m="51818" /><G65/><T86/><D135/><U30/><E30/><V54/><REACH who="2" step="1"/><F29/><REACH who="2" ten="220,327,102,341" step="2"/><W76/><G103/><T12/><D125/><U3/><E110/><V55/><F55/><W6/><G98/><T22/><D66/><U58/><E58/><V108/><F108/><W89/><G97/><T1/><D69/><U79/><E3/><V59/><F59/><W117/><G117/><T68/><D68/><N who="1" m="26155" /><E14/><V67/><F67/><W7/><G13/><T115/><D1/><U109/><E109/><V0/><F0/><W64/><G64/><T25/><D115/><U26/><E26/><V85/><F85/><AGARI ba="0,1" hai="8,11,79,83,85" m="26155,14347,50281" machi="85" ten="40,2600,0" yaku="19,1,52,1" doraHai="75" who="1" fromWho="2" sc="220,0,327,36,102,-26,341,0" owari="220,-18.0,363,46.3,76,-42.4,341,14.1" /></mjloggm>