<mjloggm ver="2.3"><GO type="225" lobby="0"/><UN n0="%E5%B8%86%E7%AB%8B%E5%A4%8F%E8%A1%A3" n1="%E6%98%93%E5%88%A9%E8%96%A9%E4%BC%AF" n2="%E6%9C%88%E5%B3%B6%E5%9F%BA" n3="%E7%B4%94%E6%BD%94%E3%83%94%E3%83%A9%E3%83%8B%E3%82%A2" dan="17,17,16,16" rate="2212.13,2135.11,2128.55,2140.64" sx="M,F,M,M"/><TAIKYOKU oya="0"/><INIT seed="0,0,0,5,1,7" ten="250,250,250,250" oya="0" hai0="83,110,131,60,127,113,29,133,104,42,10,74,68" hai1="36,26,20,101,63,92,5,43,16,123,40,109,91" hai2="86,49,33,130,128,102,46,134,53,50,87,89,21" hai3="65,58,15,38,98,118,135,100,99,34,31,67,81"/><T108/><D113/><U47/><E123/><V23/><F33/><W39/><G118/><T77/><D127/><U75/><E109/><N who="0" m="42089" /><D131/><N who="2" m="50218" /><F102/><W103/><G34/><T0/><D133/><U41/><E75/><V88/><F134/><W78/><G31/><T3/><D29/><U122/><E122/><V84/><F50/><W94/><G135/><T76/><D76/><U28/><E101/><V114/><F114/><W18/><G38/><T82/><D82/><U6/><E63/><V106/><F106/><W51/><G39/><T79/><D79/><U52/><E28/><V129/><N who="2" m="50226" /><V117/><DORA hai="126" /><F117/><W37/><G81/><T8/><D42/><U45/><E36/><V44/><F44/><N who="1" m="16969" /><E52/><V80/><F87/><AGARI ba="0,0" hai="5,6,16,20,26,40,41,43,87,91,92" m="16969" machi="87" ten="30,2000,0" yaku="8,1,54,1" doraHai="7,126" who="1" fromWho="2" sc="250,0,250,20,250,-20,250,0" /><INIT seed="1,0,0,1,5,94" ten="250,270,230,250" oya="1" hai0="1,110,3,93,91,127,103,28,98,83,60,125,74" hai1="79,24,90,11,113,67,117,51,73,7,89,35,13" hai2="55,25,10,134,75,40,53,131,132,99,66,95,126" hai3="29,121,80,19,97,118,81,31,62,46,108,116,106"/><U59/><E113/><V124/><F75/><W38/><G121/><T69/><D28/><N who="3" m="10825" /><G19/><T52/><D110/><U133/><E117/><N who="3" m="45162" /><G62/><T56/><D69/><U71/><E133/><N who="2" m="51307" /><F66/><W0/><G0/><T86/><REACH who="0" step="1"/><D74/><REACH who="0" ten="240,270,230,250" step="2"/><U20/><E71/><V33/><F124/><AGARI ba="0,1" hai="1,3,52,56,60,83,86,91,93,98,103,124,125,127" machi="124" ten="40,8000,1" yaku="1,1,2,1,18,1,52,1,54,1,53,0" doraHai="94" doraHaiUra="17" who="0" fromWho="2" sc="240,90,270,0,230,-80,250,0" /><INIT seed="2,0,0,4,0,47" ten="330,270,150,250" oya="2" hai0="57,58,78,4,59,130,120,101,118,114,31,116,105" hai1="5,11,84,43,87,135,89,40,54,53,20,92,91" hai2="39,12,106,61,127,115,125,97,38,96,110,35,2" hai3="79,68,64,76,49,111,10,55,52,85,56,28,21"/><V88/><F115/><W99/><G111/><T18/><D114/><U124/><E135/><V112/><F112/><W72/><G72/><T83/><D120/><U8/><E124/><N who="2" m="47691" /><F2/><W42/><G42/><T24/><D130/><U131/><E131/><V6/><F35/><W36/><G36/><N who="2" m="13865" /><F110/><W46/><G68/><T103/><D18/><U104/><E104/><V14/><F106/><W62/><G10/><T37/><D37/><U44/><E20/><V77/><F77/><N who="3" m="29771" /><G99/><N who="2" m="37961" /><F6/><W134/><G134/><T26/><D4/><U41/><E44/><V51/><F61/><W0/><G0/><T29/><D105/><U60/><E60/><V119/><F119/><N who="0" m="45610" /><D103/><U123/><E123/><V129/><F129/><W63/><G63/><T13/><D101/><U15/><E11/><V107/><F107/><W126/><G126/><T22/><D13/><N who="2" m="5226" /><F51/><W100/><G100/><T23/><D78/><U86/><E86/><V19/><F19/><W30/><G85/><T80/><AGARI ba="0,0" hai="22,23,24,26,29,31,57,58,59,80,83" m="45610" machi="80" ten="40,1500,0" yaku="12,1" doraHai="47" who="0" fromWho="0" sc="330,15,270,-4,150,-7,250,-4" /><INIT seed="3,0,0,0,2,18" ten="345,266,143,246" oya="3" hai0="0,44,39,52,71,10,4,132,74,81,104,9,31" hai1="15,121,67,46,80,24,13,130,83,64,135,103,16" hai2="107,117,41,59,17,123,82,34,32,87,78,37,58" hai3="73,29,40,65,85,99,92,66,102,116,106,119,75"/><W56/><G40/><N who="0" m="22559" /><D132/><U110/><E121/><V54/><F117/><W45/><G45/><T7/><D31/><U122/><E122/><V79/><F123/><W3/><G3/><N who="0" m="159" /><D52/><U61/><E110/><V38/><F107/><W53/><G29/><T50/><D50/><U47/><E103/><V89/><F41/><W125/><G125/><T76/><D71/><U14/><E130/><V23/><F38/><W62/><G116/><T98/><D98/><U19/><E24/><V55/><F37/><W93/><G119/><T115/><D104/><U118/><E118/><V90/><F17/><N who="1" m="6729" /><E135/><V131/><F87/><W57/><G85/><T42/><D42/><U86/><E83/><V49/><F49/><W72/><REACH who="3" step="1"/><G65/><REACH who="3" ten="345,266,143,236" step="2"/><T129/><D129/><U109/><E67/><V126/><F131/><W36/><G36/><T69/><D69/><U60/><E64/><V28/><F28/><W94/><G94/><T77/><D77/><U26/><E47/><V27/><F126/><W97/><G97/><T5/><D5/><U11/><E46/><V8/><F8/><W1/><G1/><T133/><D133/><U51/><E11/><V21/><REACH who="2" step="1"/><F27/><REACH who="2" ten="345,266,133,236" step="2"/><W91/><G91/><T95/><D10/><U134/><E26/><V63/><F63/><AGARI ba="0,2" hai="53,56,57,62,63,66,72,73,75,92,93,99,102,106" machi="63" ten="40,2000,0" yaku="1,1,53,0" doraHai="18" doraHaiUra="127" who="3" fromWho="2" sc="345,0,266,0,133,-20,236,40" /><INIT seed="3,1,0,4,3,68" ten="345,266,113,276" oya="3" hai0="83,0,51,13,124,47,15,9,90,64,79,60,11" hai1="130,50,132,45,31,29,63,22,96,78,2,8,104" hai2="118,39,56,58,67,123,6,86,129,10,3,16,36" hai3="19,55,125,91,115,53,5,119,95,126,93,106,94"/><W76/><G106/><T57/><D124/><N who="3" m="47721" /><G115/><T108/><D108/><U52/><E132/><V122/><F118/><W82/><G119/><T81/><D0/><U116/><E130/><V25/><F129/><W33/><G33/><T87/><D15/><U89/><E116/><V120/><F86/><N who="3" m="48455" /><G5/><T74/><D13/><U62/><E78/><V4/><F4/><W127/><N who="3" m="47729" /><W97/><DORA hai="72" /><G19/><T70/><D70/><U69/><E69/><V88/><F88/><W18/><G18/><T24/><D24/><U38/><E38/><V128/><F128/><W101/><G93/><T111/><D111/><U77/><E31/><V43/><F43/><AGARI ba="1,0" hai="9,11,43,47,51,57,60,64,74,79,81,83,87,90" machi="43" ten="30,2000,0" yaku="7,1,52,1" doraHai="68,72" who="0" fromWho="2" sc="345,23,266,0,113,-23,276,0" owari="368,46.8,266,-13.4,90,-41.0,276,7.6" /></mjloggm>