<mjloggm ver="2.3"><GO type="225" lobby="0"/><UN n0="%E8%81%B7%E6%A5%AD%E3%80%81%E9%A2%A8%32" n1="%E3%81%99%E3%83%BC%5F%E9%88%B4%E6%9C%A8%E6%B5%A9%E5%B9%B3" n2="%E3%81%8B%E3%82%8F%E3%81%A1%E3%82%83%E3%82%93%35%38" n3="%70%68%65%6E%6F%6D%65" dan="16,16,16,16" rate="2167.10,2092.89,2119.68,2153.39" sx="M,M,M,M"/><TAIKYOKU oya="0"/><INIT seed="0,0,0,2,4,101" ten="250,250,250,250" oya="0" hai0="100,83,93,50,66,81,79,7,25,123,60,119,75" hai1="129,26,105,118,124,108,106,95,80,44,21,127,126" hai2="52,68,90,33,87,116,45,61,130,121,77,120,94" hai3="72,82,20,14,99,28,41,0,58,134,59,71,131"/><T36/><D119/><U27/><E118/><V110/><F33/><W86/><G0/><T4/><D36/><U97/><E108/><V64/><F116/><W122/><G71/><T39/><D39/><U19/><E129/><V51/><F110/><W2/><G2/><T49/><D123/><U73/><E44/><V37/><F130/><W57/><G134/><T22/><D83/><U55/><E55/><V109/><F109/><W43/><G72/><T34/><D34/><U102/><E27/><V38/><F38/><W133/><G133/><T30/><D7/><U23/><E23/><V128/><F128/><W88/><G122/><T5/><D4/><U113/><E113/><V62/><F77/><AGARI ba="0,0" hai="19,21,26,73,77,80,95,97,102,105,106,124,126,127" machi="77" ten="40,5200,0" yaku="18,1,52,2" doraHai="101" who="1" fromWho="2" sc="250,0,250,52,250,-52,250,0" /><INIT seed="1,0,0,5,1,9" ten="250,302,198,250" oya="1" hai0="77,86,95,85,48,4,24,98,14,96,111,39,65" hai1="54,82,110,1,71,76,109,23,60,113,106,62,12" hai2="0,32,127,87,7,84,3,101,18,66,129,123,56" hai3="132,37,116,120,13,53,74,114,126,52,46,28,100"/><U34/><E1/><V67/><F123/><W35/><G120/><T75/><D111/><N who="1" m="42507" /><E34/><V15/><F32/><W102/><G74/><T57/><D39/><U45/><E106/><V22/><F127/><W117/><G114/><T93/><D75/><U6/><E71/><V41/><F129/><W89/><G132/><T83/><D24/><U58/><E113/><V122/><F122/><W105/><G126/><T119/><D119/><N who="3" m="45641" /><G28/><T68/><D68/><U70/><E45/><V10/><F0/><W44/><G35/><T124/><D124/><U125/><E125/><V25/><F41/><N who="3" m="22575" /><G105/><T49/><D57/><U94/><E94/><V133/><F133/><W27/><G27/><T55/><D95/><U72/><E70/><V112/><F112/><W47/><G46/><T61/><D93/><U131/><E131/><V38/><F38/><W97/><G47/><T50/><D83/><U63/><E23/><V11/><F101/><N who="3" m="39019" /><G89/><T108/><D108/><U81/><E81/><V64/><REACH who="2" step="1"/><F56/><REACH who="2" ten="250,302,188,250" step="2"/><W29/><G97/><T103/><D96/><U40/><E40/><V91/><F91/><W19/><G29/><AGARI ba="0,1" hai="3,7,10,11,15,18,22,25,29,64,66,67,84,87" machi="29" ten="40,2600,0" yaku="1,1,52,1,53,0" doraHai="9" doraHaiUra="51" who="2" fromWho="3" sc="250,0,302,0,188,36,250,-26" /><INIT seed="2,0,0,1,0,97" ten="250,302,224,224" oya="2" hai0="52,125,80,9,68,12,35,134,78,104,75,69,33" hai1="94,6,46,10,34,105,59,118,57,121,16,122,103" hai2="126,111,70,44,112,88,42,83,91,0,14,43,66" hai3="23,71,55,50,119,28,81,106,18,114,4,98,85"/><V133/><F112/><W109/><G119/><T49/><D104/><U131/><E34/><V101/><F0/><W25/><G114/><T124/><D134/><U113/><E105/><V127/><F133/><W19/><G109/><T65/><D33/><U130/><E113/><V123/><F123/><N who="1" m="47113" /><E46/><V60/><F111/><W22/><G71/><T116/><D35/><U67/><E118/><V56/><F101/><W2/><G2/><T54/><D54/><U90/><E16/><V36/><F43/><W15/><G4/><N who="0" m="3111" /><D65/><U120/><E103/><V92/><F14/><W96/><G106/><T51/><D51/><U61/><E57/><V95/><F83/><W11/><G19/><T27/><D27/><U21/><E21/><V86/><REACH who="2" step="1"/><F70/><REACH who="2" ten="250,302,214,224" step="2"/><W77/><REACH who="3" step="1"/><G11/><REACH who="3" ten="250,302,214,214" step="2"/><T58/><D116/><U87/><E120/><V74/><F74/><W76/><G76/><T5/><D69/><U37/><E10/><V102/><F102/><W89/><G89/><T79/><D68/><U31/><E90/><V108/><F108/><W48/><G48/><T93/><D49/><U30/><E37/><V20/><F20/><W24/><G24/><T132/><D79/><U100/><E100/><V40/><F40/><W1/><G1/><T17/><D78/><U84/><E131/><V73/><F73/><W41/><G41/><T129/><D75/><U117/><E130/><V39/><F39/><W26/><G26/><T128/><D129/><U99/><E117/><V110/><F110/><W63/><G63/><T29/><D128/><U47/><E61/><V53/><F53/><W115/><G115/><RYUUKYOKU ba="0,2" sc="250,-15,302,-15,214,15,214,15" hai2="36,42,44,56,60,66,86,88,91,92,95,126,127" hai3="15,18,22,23,25,28,50,55,77,81,85,96,98" /><INIT seed="2,1,2,5,2,118" ten="235,287,229,229" oya="2" hai0="62,46,49,65,69,28,15,37,66,7,119,5,72" hai1="42,76,88,73,71,70,48,124,120,55,92,40,80" hai2="6,129,110,47,22,56,60,24,18,36,127,107,79" hai3="103,106,109,95,96,2,3,134,94,52,45,67,111"/><V82/><F107/><W53/><G67/><T9/><D119/><U68/><E124/><V113/><F113/><W59/><G134/><T131/><D66/><U121/><E40/><V87/><F127/><W126/><G126/><T23/><D72/><U133/><E42/><V16/><F36/><W14/><G14/><T115/><D115/><U85/><REACH who="1" step="1"/><E133/><REACH who="1" ten="235,277,229,229" step="2"/><V132/><F132/><W97/><G109/><T21/><D37/><U34/><E34/><V39/><F39/><W130/><G111/><T13/><D131/><U54/><E54/><N who="2" m="33815" /><F110/><W32/><G130/><T125/><D125/><U117/><E117/><V51/><F129/><W90/><G32/><T77/><D65/><U105/><E105/><V57/><F6/><W64/><G106/><T116/><D7/><U135/><E135/><V78/><F57/><AGARI ba="1,3" hai="48,55,57,68,70,71,73,76,80,85,88,92,120,121" machi="57" ten="40,8000,1" yaku="1,1,52,2,54,1,53,0" doraHai="118" doraHaiUra="123" who="1" fromWho="2" sc="235,0,277,113,229,-83,229,0" /><INIT seed="3,0,0,3,0,66" ten="235,390,146,229" oya="3" hai0="116,75,76,8,135,23,50,2,9,14,63,48,13" hai1="38,47,117,132,49,123,44,107,57,121,87,42,80" hai2="26,98,112,69,72,70,25,55,3,115,28,12,74" hai3="120,71,79,20,128,133,108,1,95,29,130,35,86"/><W45/><G120/><T94/><D116/><U11/><E107/><V122/><F12/><W65/><G35/><T33/><D33/><U15/><E132/><V21/><F98/><W91/><G1/><T134/><D23/><U105/><E105/><V54/><F21/><W18/><G133/><N who="0" m="50699" /><D2/><U82/><E57/><V129/><F3/><W78/><G29/><T4/><D94/><U114/><E114/><V10/><F10/><W41/><G108/><T43/><D43/><U102/><E102/><V93/><F93/><W58/><G58/><T125/><D125/><U59/><E59/><V36/><F36/><W127/><G127/><T6/><D63/><U88/><E117/><V24/><F28/><W31/><G31/><T103/><D103/><U53/><E82/><AGARI ba="0,0" hai="4,6,8,9,13,14,48,50,75,76,82" m="50699" machi="82" ten="30,1000,0" yaku="20,1" doraHai="66" who="0" fromWho="1" sc="235,10,390,-10,146,0,229,0" owari="245,4.5,380,48.0,146,-35.4,229,-17.1" /></mjloggm>