<mjloggm ver="2.3"><GO type="225" lobby="0"/><UN n0="%70%6F%69%73%6F%6E%30%32" n1="%E3%83%96%E3%83%83%E3%83%91%E3%82%AA%E3%83%96%E3%83%81%E3%82%AD%E3%83%B3" n2="%E3%81%AF%E3%82%88%E3%81%8A%E3%81%98%E3%81%95%E3%82%93" n3="%6C%61%6D%62" dan="16,16,16,16" rate="2102.92,2178.31,2182.56,2242.54" sx="M,M,M,M"/><TAIKYOKU oya="0"/><INIT seed="0,0,0,4,3,132" ten="250,250,250,250" oya="0" hai0="82,7,85,18,81,40,0,96,92,118,115,131,135" hai1="97,69,67,33,23,14,41,105,80,101,26,17,37" hai2="121,95,45,68,28,100,27,62,86,25,125,84,78" hai3="57,133,128,8,109,93,47,42,49,98,79,10,129"/><T24/><D115/><U21/><E33/><V3/><F3/><W83/><G133/><T15/><D118/><U119/><E119/><V16/><F121/><W11/><G109/><T89/><D135/><U39/><E41/><V75/><F75/><W116/><G57/><T22/><D131/><U124/><E80/><V91/><F100/><W73/><REACH who="3" step="1"/><G116/><REACH who="3" ten="250,250,250,240" step="2"/><T63/><D0/><U20/><E124/><V70/><F125/><W36/><G36/><T46/><D63/><U59/><E59/><V120/><F62/><W88/><AGARI ba="0,1" hai="8,10,11,42,47,49,73,79,83,88,93,98,128,129" machi="88" ten="30,7900,0" yaku="1,1,0,1,54,1,53,1" doraHai="132" doraHaiUra="74" who="3" fromWho="3" sc="250,-39,250,-20,250,-20,240,89" /><INIT seed="1,0,0,5,4,69" ten="211,230,230,329" oya="1" hai0="54,90,58,37,67,40,81,111,15,35,4,77,110" hai1="68,16,12,72,130,132,45,88,100,114,96,116,13" hai2="60,64,62,20,17,106,29,38,53,7,104,43,109" hai3="33,121,28,36,118,84,51,44,31,78,3,26,124"/><U9/><E114/><V135/><F109/><N who="0" m="41482" /><D35/><U87/><E116/><V65/><F135/><W108/><G121/><T10/><D67/><U113/><E113/><V63/><F53/><W50/><G124/><T82/><D90/><U123/><E132/><V97/><F29/><W86/><G108/><T8/><D77/><U105/><E130/><V39/><F7/><W25/><G3/><T98/><D98/><U23/><E123/><V49/><F64/><W11/><G11/><T57/><D57/><U122/><E122/><V79/><F79/><W94/><G118/><T112/><D10/><U70/><E45/><V134/><F65/><W95/><G78/><T75/><D75/><U92/><REACH who="1" step="1"/><E72/><REACH who="1" ten="211,220,230,329" step="2"/><V59/><F134/><W85/><G44/><N who="0" m="23567" /><D112/><U52/><E52/><V91/><F43/><W103/><G33/><T27/><D27/><U117/><E117/><V71/><F39/><W80/><G25/><T74/><D74/><U1/><E1/><V19/><F38/><W127/><G26/><T126/><D126/><U128/><E128/><V99/><F59/><W42/><G127/><T0/><D0/><U14/><E14/><V93/><F71/><W125/><G125/><T101/><D101/><U120/><E120/><V89/><F104/><W21/><G36/><T22/><D22/><U102/><E102/><V129/><F129/><W24/><G103/><T56/><D56/><U2/><E2/><V41/><F20/><W47/><G21/><T133/><D133/><U107/><E107/><V73/><F73/><W18/><G47/><T30/><D30/><U61/><E61/><AGARI ba="0,1" hai="4,8,15,54,58,61,81,82" m="23567,41482" machi="61" ten="30,3900,0" yaku="6,1,14,1,52,1" doraHai="69" who="0" fromWho="1" sc="211,49,220,-39,230,0,329,0" /><INIT seed="2,0,0,5,3,112" ten="260,181,230,329" oya="2" hai0="89,69,132,102,14,130,65,23,113,15,128,96,114" hai1="46,24,44,104,21,54,7,118,83,129,31,42,131" hai2="107,67,39,43,3,4,10,8,109,53,12,78,26" hai3="55,1,79,91,120,94,11,45,40,63,133,127,27"/><V98/><F109/><W85/><G120/><T80/><D132/><U103/><E7/><V50/><F67/><W111/><G111/><T36/><D36/><U110/><E110/><V25/><F78/><W9/><G127/><T108/><D108/><U115/><E115/><V134/><F134/><W66/><G55/><T100/><D65/><U70/><E70/><V122/><F122/><W52/><G1/><T86/><D69/><U35/><E35/><V73/><F73/><W101/><G133/><T38/><D102/><U34/><E34/><V2/><F39/><W18/><G52/><T76/><D38/><U16/><E31/><V5/><F12/><W125/><G79/><T28/><D76/><U0/><E0/><V74/><F43/><W99/><G125/><T123/><D123/><U121/><E121/><V60/><F60/><W47/><G27/><N who="0" m="16511" /><D114/><U90/><E42/><V48/><F74/><W72/><G18/><T68/><D68/><U56/><E103/><V81/><F81/><N who="3" m="49583" /><G72/><T20/><D20/><U97/><E104/><V13/><F13/><W88/><G101/><T116/><D15/><U51/><E118/><V82/><F82/><W105/><G105/><N who="0" m="63623" /><D14/><U41/><E83/><V64/><F64/><W6/><G6/><T135/><D135/><U30/><E30/><V71/><F71/><N who="3" m="42463" /><G40/><T57/><D113/><U92/><REACH who="1" step="1"/><E46/><REACH who="1" ten="260,171,230,329" step="2"/><N who="2" m="27799" /><F107/><W29/><G29/><T117/><D57/><U62/><AGARI ba="0,1" hai="16,21,24,41,44,51,54,56,62,90,92,97,129,131" machi="62" ten="30,8000,1" yaku="1,1,0,1,25,2,54,1,53,0" doraHai="112" doraHaiUra="32" who="1" fromWho="1" sc="260,-20,171,90,230,-40,329,-20" /><INIT seed="3,0,0,3,0,64" ten="240,261,190,309" oya="3" hai0="100,24,36,35,41,86,30,94,107,123,71,7,122" hai1="66,118,49,105,88,82,134,96,51,52,129,1,5" hai2="78,115,121,99,70,126,53,101,59,77,131,17,85" hai3="45,18,133,113,47,21,9,56,119,6,63,10,73"/><W90/><G113/><T127/><D7/><U112/><E112/><V69/><F115/><W55/><G119/><T124/><D86/><U95/><E118/><V34/><F34/><W16/><G73/><T33/><D94/><U22/><E129/><V128/><F126/><N who="0" m="48170" /><D35/><U40/><E134/><V81/><F78/><W79/><G133/><T108/><D108/><U31/><E105/><V25/><F121/><W44/><G79/><T12/><D12/><U75/><E66/><V102/><F102/><W38/><G38/><T3/><D3/><U116/><E116/><V67/><F67/><W87/><G6/><T114/><D114/><U15/><E1/><V91/><F77/><W48/><G48/><N who="1" m="18506" /><E75/><V42/><F42/><W110/><G110/><T103/><D71/><N who="2" m="27146" /><F59/><W89/><G18/><T43/><D107/><U13/><E40/><N who="0" m="15433" /><D36/><U135/><E82/><V61/><F53/><W68/><G68/><T72/><D72/><U97/><E52/><V60/><F25/><N who="3" m="14503" /><G90/><T2/><D2/><U32/><E32/><V57/><F17/><W23/><G23/><T29/><D29/><U11/><E135/><V109/><F109/><W83/><AGARI ba="0,0" hai="9,10,44,45,47,55,56,63,83,87,89" m="14503" machi="83" ten="30,3000,0" yaku="8,1,54,1" doraHai="64" who="3" fromWho="3" sc="240,-10,261,-10,190,-10,309,30" owari="230,-17.0,251,5.1,180,-32.0,339,43.9" /></mjloggm>