<mjloggm ver="2.3"><GO type="225" lobby="0"/><UN n0="%E3%81%BF%E3%81%BF%E3%81%9A" n1="%E3%83%A9%E3%82%A4%E3%83%B3%E3%81%AE%E8%99%8E" n2="%E3%83%94%E3%83%B3%E3%82%B5%E3%83%AD%E5%BA%97%E5%93%A1" n3="%E6%B8%A1%E5%A4%A9%E8%97%8D" dan="18,16,16,16" rate="2240.43,2158.25,2177.66,2159.47" sx="M,M,M,M"/><TAIKYOKU oya="0"/><INIT seed="0,0,0,5,4,94" ten="250,250,250,250" oya="0" hai0="58,37,101,127,30,53,74,96,93,77,39,135,122" hai1="126,40,45,78,76,87,43,29,112,50,72,133,119" hai2="82,111,56,0,67,18,84,35,4,24,15,85,106" hai3="103,104,16,118,86,120,124,108,19,33,14,123,36"/><T128/><BYE who="3" /><D122/><UN n3="%E6%B8%A1%E5%A4%A9%E8%97%8D" /><U105/><E119/><V99/><F111/><W92/><G118/><T80/><D127/><U65/><E126/><V59/><F0/><W88/><G124/><T13/><D128/><U132/><E72/><V79/><F67/><W5/><G33/><T34/><D135/><N who="1" m="51787" /><E112/><V25/><F4/><W66/><G36/><T41/><D41/><N who="1" m="24879" /><E105/><V125/><F125/><W62/><G108/><T31/><D13/><U6/><E29/><V49/><F85/><W100/><G5/><T47/><D47/><U102/><E65/><V51/><F51/><W48/><G48/><T114/><D114/><U63/><E63/><V60/><F49/><W134/><G134/><T21/><D34/><U107/><E6/><V117/><F117/><W8/><G19/><T130/><D130/><U89/><E102/><V115/><F115/><W71/><REACH who="3" step="1"/><G104/><REACH who="3" ten="250,250,250,240" step="2"/><T113/><D113/><U7/><E107/><V55/><F35/><W121/><AGARI ba="0,1" hai="8,14,16,62,66,71,86,88,92,100,103,120,121,123" machi="121" ten="30,12000,2" yaku="1,1,2,1,0,1,13,1,54,2,53,0" doraHai="94" doraHaiUra="69" who="3" fromWho="3" sc="250,-60,250,-30,250,-30,240,130" /><INIT seed="1,0,0,0,1,41" ten="190,220,220,370" oya="1" hai0="0,81,25,12,64,48,23,58,59,75,114,76,91" hai1="38,61,7,117,13,24,92,16,135,79,28,80,20" hai2="15,39,132,5,29,63,54,56,99,62,21,55,106" hai3="74,46,123,4,22,26,60,129,17,118,70,8,121"/><U100/><E117/><V109/><F39/><W52/><G74/><T98/><D114/><U65/><E38/><V96/><F109/><W133/><G129/><T19/><D0/><U103/><E7/><V115/><F132/><W9/><G133/><T116/><D116/><U36/><E36/><V18/><F115/><W86/><G118/><T119/><D119/><U42/><E42/><V105/><F29/><W73/><G73/><T93/><D64/><U11/><E92/><V33/><F33/><W85/><G9/><T94/><D48/><U30/><E30/><V51/><F5/><W82/><G85/><T130/><D130/><U122/><E122/><V34/><F34/><W43/><G60/><T128/><D128/><U71/><REACH who="1" step="1"/><E135/><REACH who="1" ten="190,210,220,370" step="2"/><V47/><F106/><W2/><G43/><T45/><D45/><U131/><E131/><V124/><F105/><W72/><G121/><T127/><D127/><U40/><E40/><N who="2" m="25063" /><F124/><W87/><G123/><T101/><REACH who="0" step="1"/><D25/><REACH who="0" ten="180,210,220,370" step="2"/><U77/><E77/><V113/><F113/><W27/><G27/><T126/><D126/><U67/><E67/><V102/><F102/><W37/><G26/><T68/><D68/><U6/><E6/><V97/><F55/><W66/><G70/><T107/><D107/><U112/><E112/><V111/><F111/><W53/><G4/><T104/><D104/><U31/><E31/><V90/><F90/><W10/><G37/><T1/><D1/><U50/><E50/><AGARI ba="0,2" hai="15,18,21,50,54,56,62,63,96,97,99" m="25063" machi="50" ten="30,2000,0" yaku="8,1,52,1" doraHai="41" who="2" fromWho="1" sc="180,0,210,-20,220,40,370,0" /><INIT seed="2,0,0,5,3,77" ten="180,190,260,370" oya="2" hai0="28,51,83,96,57,12,4,123,81,10,8,40,39" hai1="131,24,107,75,9,118,3,71,68,125,97,106,105" hai2="89,25,127,129,62,16,1,87,47,124,65,36,115" hai3="11,76,134,35,49,100,70,122,121,59,48,102,99"/><V52/><F115/><W63/><G35/><T111/><D123/><U58/><E118/><V17/><F1/><W43/><G134/><T119/><D111/><U14/><E3/><V60/><F129/><W67/><G100/><T33/><D119/><U104/><E131/><V21/><F17/><W72/><G11/><T56/><D39/><U42/><E125/><N who="2" m="48203" /><F65/><W82/><G70/><T19/><D33/><U93/><E75/><V50/><F36/><W45/><G49/><T126/><D126/><U46/><E24/><V34/><F34/><W15/><G15/><N who="0" m="5511" /><D28/><U22/><E22/><V110/><F110/><W128/><G128/><T84/><D96/><U73/><E73/><V133/><F133/><W13/><G13/><T32/><D32/><U26/><E26/><V112/><F112/><W2/><G2/><T44/><D83/><AGARI ba="0,0" hai="16,21,25,47,50,52,60,62,83,87,89" m="48203" machi="83" ten="30,11600,0" yaku="18,1,52,1,54,2" doraHai="77" who="2" fromWho="0" sc="180,-116,190,0,260,116,370,0" /><INIT seed="2,1,0,2,4,46" ten="64,190,376,370" oya="2" hai0="28,50,45,15,97,20,82,18,10,60,35,120,112" hai1="126,107,103,7,40,96,127,54,105,111,43,1,66" hai2="16,23,26,94,135,99,76,53,100,42,79,114,131" hai3="85,133,98,37,83,11,32,89,17,81,95,65,39"/><V122/><F114/><W68/><G32/><T106/><D120/><U49/><E111/><V41/><F122/><W44/><G133/><T55/><D112/><U9/><E66/><V71/><F71/><W13/><G81/><T31/><D35/><U117/><E105/><V75/><F131/><W27/><G44/><T110/><D110/><U58/><REACH who="1" step="1"/><E117/><REACH who="1" ten="64,180,376,370" step="2"/><V109/><F109/><W21/><G65/><T91/><D106/><U61/><E61/><V124/><F135/><W48/><G68/><T59/><D20/><U86/><E86/><V80/><F124/><AGARI ba="1,1" hai="1,7,9,40,43,49,54,58,96,103,107,124,126,127" machi="124" ten="40,5200,0" yaku="1,1,18,1,52,1,53,0" doraHai="46" doraHaiUra="24" who="1" fromWho="2" sc="64,0,180,65,376,-55,370,0" /><INIT seed="3,0,0,1,1,8" ten="64,245,321,370" oya="3" hai0="14,15,89,113,70,72,32,19,17,46,81,122,90" hai1="41,75,134,31,82,58,96,27,116,47,60,111,69" hai2="22,53,36,87,51,6,28,5,16,50,106,85,92" hai3="55,125,124,76,4,68,129,42,10,62,126,73,86"/><W110/><G73/><T59/><D122/><U35/><E111/><V40/><F106/><W37/><G129/><T65/><D32/><U80/><E134/><V66/><F36/><W39/><G110/><T95/><D70/><U43/><E69/><V102/><F28/><W130/><G130/><T29/><D113/><U104/><E116/><V127/><F127/><W57/><G68/><T38/><D38/><U91/><E75/><V135/><F66/><W48/><G76/><T97/><D72/><U13/><E43/><V2/><F135/><W7/><G86/><N who="2" m="32777" /><F2/><N who="3" m="279" /><G7/><N who="2" m="2569" /><F40/><W56/><G42/><T101/><D29/><U1/><E1/><V33/><F33/><W44/><G44/><T9/><D46/><U79/><E79/><V94/><F102/><W71/><G71/><T45/><D45/><U11/><E104/><V63/><F63/><W123/><G123/><T108/><D108/><U120/><E120/><V20/><F20/><W131/><G131/><T67/><D81/><U118/><E118/><V133/><F133/><W112/><G112/><T100/><D59/><U3/><E3/><V30/><F30/><W0/><G0/><T107/><D107/><U25/><E31/><V98/><F53/><AGARI ba="0,0" hai="37,39,48,53,55,56,57,62,124,125,126" m="279" machi="53" ten="30,1500,0" yaku="18,1" doraHai="8" who="3" fromWho="2" sc="64,0,245,0,321,-15,370,15" owari="64,-43.6,245,-15.5,306,10.6,385,48.5" /></mjloggm>