<mjloggm ver="2.3"><GO type="225" lobby="0"/><UN n0="%E3%83%96%E3%83%83%E3%83%91%E3%82%AA%E3%83%96%E3%83%81%E3%82%AD%E3%83%B3" n1="%79%75%72%69%6D%6F%67" n2="%E3%82%A4%E3%83%BC%E3%82%B1%E3%83%97%E3%83%A9" n3="%E3%83%B4%E3%83%A0%EF%BC%99%E3%81%A6" dan="16,16,16,16" rate="2174.49,2181.66,2195.30,2195.71" sx="M,F,M,M"/><TAIKYOKU oya="0"/><INIT seed="0,0,0,4,0,74" ten="250,250,250,250" oya="0" hai0="135,133,128,94,78,66,84,68,131,9,49,87,116" hai1="28,30,70,72,126,115,83,50,127,60,25,24,23" hai2="110,26,71,35,46,55,19,31,99,85,45,97,111" hai3="47,5,2,52,8,73,89,77,118,124,1,134,40"/><T109/><D68/><U10/><E50/><V7/><F71/><W18/><G118/><T91/><D66/><U34/><E10/><V36/><F7/><W21/><G124/><T43/><D9/><U125/><E115/><V108/><F85/><W4/><G134/><N who="0" m="51211" /><D116/><U122/><E122/><V64/><F64/><W132/><G132/><T75/><D43/><U80/><E72/><V39/><F19/><W88/><G4/><T96/><D49/><U95/><E95/><V13/><F13/><N who="3" m="9423" /><G52/><T57/><D57/><U104/><E104/><V62/><F62/><W63/><G1/><T113/><D113/><U27/><E27/><V54/><F54/><W0/><G0/><T86/><D109/><U42/><E42/><N who="2" m="22727" /><F55/><W33/><G63/><T106/><D106/><U112/><REACH who="1" step="1"/><E112/><REACH who="1" ten="250,240,250,250" step="2"/><V15/><F15/><W117/><G117/><T12/><D12/><U101/><E101/><V61/><F61/><W22/><G2/><T120/><D120/><U32/><E32/><V56/><F56/><W79/><G8/><T6/><D6/><U93/><E93/><V48/><F48/><W20/><G5/><T98/><D98/><U92/><E92/><V65/><F65/><AGARI ba="0,1" hai="23,24,25,28,30,34,60,65,70,80,83,125,126,127" machi="65" ten="40,2600,0" yaku="1,1,18,1,53,0" doraHai="74" doraHaiUra="81" who="1" fromWho="2" sc="250,0,240,36,250,-26,250,0" /><INIT seed="1,0,0,0,5,90" ten="250,276,224,250" oya="1" hai0="53,75,38,77,40,63,92,18,95,85,61,35,31" hai1="119,120,29,112,118,11,124,114,69,103,131,107,42" hai2="123,78,94,89,129,106,86,65,55,25,135,52,122" hai3="28,7,133,93,109,100,4,33,82,70,60,6,39"/><U64/><E29/><V132/><F106/><W17/><G39/><T99/><D75/><U98/><E11/><V59/><F129/><W8/><G109/><T16/><D38/><U21/><E21/><V104/><F104/><W49/><G133/><N who="2" m="51273" /><F78/><W43/><G70/><T80/><D40/><U20/><E20/><V34/><F65/><W36/><G36/><T19/><D35/><U48/><E48/><N who="2" m="31111" /><F55/><W67/><G49/><T83/><D31/><AGARI ba="0,0" hai="25,31,34,86,89,94,122,123" m="31111,51273" machi="31" ten="30,3900,0" yaku="20,1,52,1,54,1" doraHai="90" who="2" fromWho="0" sc="250,-39,276,0,224,39,250,0" /><INIT seed="2,0,0,1,4,3" ten="211,276,263,250" oya="2" hai0="91,23,133,10,84,49,59,15,34,60,54,31,128" hai1="51,106,36,76,92,65,120,110,7,129,1,18,56" hai2="121,47,14,116,124,17,44,86,41,9,101,97,62" hai3="107,134,28,113,131,98,48,94,70,87,75,105,135"/><V13/><F116/><W93/><G70/><T0/><D133/><N who="3" m="50697" /><G28/><T125/><D125/><U33/><E36/><V118/><F118/><W79/><G48/><T132/><D132/><U42/><E106/><N who="3" m="40458" /><G131/><T69/><D128/><U78/><E33/><V95/><F121/><W32/><G32/><T104/><D104/><U71/><E71/><V103/><F124/><W21/><G21/><T68/><D34/><U85/><E129/><V43/><F103/><W81/><G113/><T55/><D0/><U20/><E110/><V99/><F99/><W126/><G126/><T29/><D23/><U27/><E120/><V25/><F25/><W61/><G61/><T108/><D108/><U2/><E2/><V57/><F86/><W115/><G115/><T53/><D69/><U64/><E64/><V30/><F30/><W46/><G46/><N who="2" m="17449" /><F14/><W63/><G63/><T58/><D55/><AGARI ba="0,0" hai="9,13,17,41,43,55,57,62,95,97,101" m="17449" machi="55" ten="30,1500,0" yaku="8,1" doraHai="3" who="2" fromWho="0" sc="211,-15,276,0,263,15,250,0" /><INIT seed="2,1,0,0,0,62" ten="196,276,278,250" oya="2" hai0="3,25,96,42,131,89,108,98,118,102,79,18,12" hai1="95,121,48,38,91,107,61,17,8,45,26,5,87" hai2="130,113,21,22,134,63,9,0,47,69,88,128,20" hai3="119,33,105,16,92,27,70,85,81,77,75,46,40"/><V60/><F113/><W39/><G119/><T57/><D108/><U35/><E121/><V19/><F134/><W104/><G70/><T124/><D3/><U76/><E107/><V15/><F0/><W84/><G33/><T41/><D118/><U44/><E38/><V93/><F47/><W50/><G39/><T49/><D79/><U68/><E76/><V56/><F69/><W120/><G120/><T106/><D124/><U115/><E115/><V59/><F63/><W55/><G40/><T82/><D131/><N who="2" m="50218" /><F60/><W67/><G67/><T94/><D25/><U78/><E78/><V1/><F1/><W83/><G92/><T52/><REACH who="0" step="1"/><D82/><REACH who="0" ten="186,276,278,250" step="2"/><U58/><E68/><V14/><F14/><W112/><G112/><T90/><D90/><U10/><E35/><V7/><F7/><W65/><G81/><T53/><D53/><U29/><E5/><V123/><F123/><W103/><G83/><T51/><D51/><U109/><E109/><V54/><F54/><W114/><G55/><T122/><D122/><U97/><E48/><V73/><F73/><W66/><G50/><T99/><D99/><AGARI ba="1,1" hai="9,15,19,20,21,22,56,59,88,93,99" m="50218" machi="99" ten="30,2900,0" yaku="19,1,54,1" doraHai="62" who="2" fromWho="0" sc="186,-32,276,0,278,42,250,0" /><INIT seed="2,2,0,4,3,102" ten="154,276,320,250" oya="2" hai0="24,71,44,103,78,131,85,51,118,43,19,81,96" hai1="13,70,116,98,80,42,121,52,124,130,123,28,110" hai2="129,119,47,109,38,133,127,41,48,12,3,10,126" hai3="97,100,93,64,125,61,31,112,21,15,8,50,58"/><V57/><F119/><W84/><G125/><N who="2" m="47625" /><F3/><W23/><G112/><T59/><D118/><U89/><E110/><V135/><F129/><W94/><G31/><T134/><D131/><U87/><E130/><V95/><F95/><W60/><G60/><T66/><D134/><N who="2" m="51210" /><F12/><W26/><G26/><T55/><D71/><U30/><E70/><V65/><F10/><W106/><G50/><T25/><D66/><U90/><E116/><V27/><F27/><W54/><G64/><T34/><D19/><U92/><E124/><V0/><F0/><W111/><G111/><T46/><D46/><U7/><E42/><V73/><F73/><W40/><G40/><T62/><REACH who="0" step="1"/><D34/><REACH who="0" ten="144,276,320,250" step="2"/><U36/><E121/><V35/><F35/><W88/><REACH who="3" step="1"/><G93/><AGARI ba="2,1" hai="24,25,43,44,51,55,59,62,78,81,85,93,96,103" machi="93" ten="30,7700,0" yaku="1,1,2,1,7,1,8,1,53,0" doraHai="102" doraHaiUra="2" who="0" fromWho="3" sc="144,93,276,0,320,0,250,-83" /><INIT seed="3,0,0,5,3,118" ten="237,276,320,167" oya="3" hai0="32,121,104,78,13,87,105,92,100,86,26,98,84" hai1="107,90,10,103,45,62,59,88,101,15,50,1,81" hai2="35,28,57,11,24,16,39,47,109,34,42,73,61" hai3="120,82,44,51,79,77,2,108,93,125,70,135,31"/><W18/><G2/><T27/><D32/><U71/><E1/><V20/><F73/><W52/><G70/><T126/><D13/><U8/><E71/><V29/><F109/><W134/><G108/><T113/><D26/><U22/><E107/><N who="0" m="41033" /><D27/><U58/><E22/><V112/><F112/><W124/><G120/><T64/><D64/><U72/><E72/><V30/><REACH who="2" step="1"/><F11/><REACH who="2" ten="237,276,310,167" step="2"/><W56/><G31/><T25/><D113/><U17/><E10/><V76/><F76/><N who="3" m="29259" /><G82/><N who="0" m="47191" /><D25/><U116/><E81/><V99/><F99/><W117/><G117/><T122/><D126/><N who="3" m="48745" /><G93/><T106/><D106/><U114/><E116/><V9/><F9/><W46/><G18/><T111/><D111/><U96/><E114/><V97/><F97/><W53/><G53/><AGARI ba="0,1" hai="16,20,24,28,29,30,34,35,39,42,47,53,57,61" machi="53" ten="40,5200,0" yaku="1,1,54,1,53,1" doraHai="118" doraHaiUra="21" who="2" fromWho="3" sc="237,0,276,0,310,62,167,-52" owari="237,-16.3,276,7.6,372,47.2,115,-38.5" /></mjloggm>