<mjloggm ver="2.3"><GO type="225" lobby="0"/><UN n0="%E6%9C%88%E5%B3%B6%E5%9F%BA" n1="%E3%81%8B%E3%82%8F%E3%81%A1%E3%82%83%E3%82%93%35%38" n2="%E3%82%A2%E3%83%9E%E3%83%9D%EF%BD%9E%EF%BD%9E%E3%83%A9" n3="%E9%A6%AC%E5%BC%95%E7%81%AB%33" dan="16,16,17,17" rate="2175.42,2118.39,2098.74,2116.55" sx="M,M,M,M"/><TAIKYOKU oya="0"/><INIT seed="0,0,0,5,2,30" ten="250,250,250,250" oya="0" hai0="50,123,64,25,71,128,65,52,23,1,98,49,77" hai1="117,97,104,56,54,43,62,47,134,32,9,26,13" hai2="45,16,46,12,44,7,111,35,100,20,51,29,60" hai3="107,133,10,131,85,90,58,99,127,122,75,113,87"/><T78/><D123/><U38/><E117/><V68/><F111/><W55/><G113/><T61/><D1/><U72/><E72/><V88/><F100/><W33/><G75/><T116/><D116/><U130/><E130/><V22/><F35/><W135/><G131/><T126/><D128/><U37/><E134/><N who="3" m="51210" /><G122/><T3/><D3/><U0/><E0/><V73/><F73/><W2/><G127/><T96/><D126/><U129/><E129/><V110/><F110/><W114/><G114/><T4/><D4/><U15/><E38/><V105/><F105/><W82/><G33/><T48/><D71/><U103/><REACH who="1" step="1"/><E9/><REACH who="1" ten="250,240,250,250" step="2"/><V92/><F7/><W109/><G109/><T121/><D121/><U76/><E76/><V8/><F68/><W53/><G10/><T69/><D78/><U112/><E112/><V70/><F70/><W94/><G2/><T86/><D69/><U80/><E80/><V101/><F8/><W14/><G82/><T106/><D77/><U6/><E6/><V124/><F124/><W119/><G119/><T93/><D106/><U5/><E5/><V17/><F92/><W24/><G107/><T81/><D81/><U66/><E66/><V42/><F42/><W83/><G83/><T59/><D65/><U91/><E91/><V89/><F89/><W31/><G94/><T132/><D64/><U27/><E27/><N who="2" m="16615" /><F88/><W39/><G24/><T115/><D132/><U95/><E95/><V102/><F101/><W67/><G90/><N who="0" m="53463" /><D115/><U118/><E118/><V11/><F102/><W74/><G74/><T120/><D120/><U108/><E108/><RYUUKYOKU ba="0,1" sc="250,15,240,15,250,-15,250,-15" hai0="23,25,48,49,50,52,59,61,96,98" hai1="13,15,26,32,37,43,47,54,56,62,97,103,104" /><INIT seed="0,1,1,3,2,126" ten="265,255,235,235" oya="0" hai0="53,99,43,86,6,102,77,51,114,18,62,67,29" hai1="23,9,117,68,15,83,55,34,56,76,72,129,135" hai2="104,105,57,7,46,22,123,98,79,82,108,65,21" hai3="112,124,97,54,90,8,100,109,49,37,36,71,119"/><T96/><D114/><U81/><E117/><V130/><F123/><W70/><G112/><T103/><D43/><U73/><E135/><V27/><F7/><W25/><G119/><T84/><D6/><U47/><E34/><V101/><F108/><W107/><G124/><T10/><D29/><U26/><E68/><V40/><F104/><W93/><G109/><T50/><D67/><U78/><E47/><V44/><F44/><W52/><G8/><T0/><D0/><U13/><E9/><V61/><F27/><W14/><G14/><N who="0" m="7511" /><D62/><U128/><E13/><V88/><F130/><N who="1" m="50281" /><E15/><V66/><F66/><W35/><G71/><T63/><D63/><N who="1" m="36255" /><E26/><V121/><F121/><W122/><G70/><T30/><D51/><U95/><E95/><V85/><REACH who="2" step="1"/><F79/><REACH who="2" ten="265,255,225,235" step="2"/><W59/><G122/><T127/><D77/><U16/><E16/><V28/><F28/><W4/><G4/><T118/><D30/><U42/><E42/><V115/><F115/><W2/><G2/><T39/><D127/><U19/><E19/><V132/><F132/><W116/><G116/><T64/><D118/><U106/><E106/><V33/><F33/><W134/><G134/><T113/><D113/><U120/><E120/><V92/><F92/><W94/><G94/><T87/><D64/><U75/><E23/><V74/><F74/><AGARI ba="1,2" hai="72,73,74,75,76,78,81,83" m="36255,50281" machi="74" ten="30,7700,0" yaku="19,1,52,3" doraHai="126" who="1" fromWho="2" sc="265,0,255,100,225,-80,235,0" /><INIT seed="1,0,0,5,0,78" ten="265,355,145,235" oya="1" hai0="37,34,118,35,77,53,57,125,133,130,82,115,116" hai1="104,19,110,47,100,14,97,90,20,95,30,65,10" hai2="132,54,109,48,124,74,15,129,68,18,91,103,38" hai3="117,83,88,16,135,28,29,45,72,50,94,89,21"/><U105/><E110/><V40/><F109/><W46/><G135/><T122/><D115/><U80/><E65/><V64/><F132/><W5/><G5/><T51/><D133/><U73/><E47/><V31/><F31/><W134/><G134/><T85/><D37/><U55/><E55/><V71/><F74/><W56/><G56/><T60/><D130/><U11/><E105/><V131/><F124/><W99/><G45/><T49/><D125/><U61/><E61/><V66/><F103/><W112/><G112/><T107/><D107/><U4/><E30/><V92/><F40/><W87/><G72/><T106/><D106/><U13/><E73/><V39/><F92/><W1/><G1/><T52/><D122/><U0/><E80/><V108/><F91/><W24/><G117/><T121/><D121/><U44/><E44/><N who="2" m="27911" /><F18/><W9/><G9/><T127/><D127/><U22/><REACH who="1" step="1"/><E0/><REACH who="1" ten="265,345,145,235" step="2"/><V59/><F108/><W67/><G67/><N who="2" m="25641" /><F59/><W111/><G111/><T12/><D116/><U3/><E3/><V41/><F41/><AGARI ba="0,1" hai="16,21,24,28,29,41,46,50,83,87,88,89,94,99" machi="41" ten="30,8000,1" yaku="7,1,8,1,52,1,54,2" doraHai="78" who="3" fromWho="2" sc="265,0,345,0,145,-80,235,90" /><INIT seed="2,0,0,3,0,123" ten="265,345,65,325" oya="2" hai0="106,51,15,34,79,81,96,58,4,3,52,98,94" hai1="83,128,41,111,49,86,43,114,29,84,27,25,93" hai2="42,38,12,113,117,101,90,135,22,46,14,53,71" hai3="54,5,56,62,126,72,39,8,33,134,26,60,82"/><V63/><F113/><W20/><G126/><T109/><D3/><U92/><E114/><V47/><F117/><W91/><G134/><T121/><D121/><U17/><E128/><V115/><F115/><W69/><G39/><T55/><D34/><U6/><E6/><V16/><F135/><W124/><G124/><T31/><D31/><U44/><E111/><V77/><F101/><W0/><G33/><T102/><D109/><U112/><E112/><V66/><F77/><W64/><G72/><T32/><D32/><U129/><E129/><V68/><F90/><W28/><G91/><T30/><D30/><U99/><E43/><V80/><F80/><W105/><G82/><T59/><D4/><U118/><E118/><V116/><F116/><W45/><G45/><T21/><D15/><U100/><E29/><V107/><F107/><W88/><G88/><T67/><D67/><U61/><E61/><V110/><F110/><W10/><G10/><T133/><D21/><U18/><E92/><V108/><F108/><W40/><G40/><T36/><D36/><U9/><E84/><V24/><REACH who="2" step="1"/><F68/><REACH who="2" ten="265,345,55,325" step="2"/><W2/><G105/><T73/><D133/><U132/><E132/><V11/><F11/><W122/><G122/><T57/><D106/><U1/><E83/><V50/><AGARI ba="0,1" hai="12,14,16,22,24,38,42,46,47,50,53,63,66,71" machi="50" ten="30,6000,0" yaku="1,1,0,1,54,1,53,0" doraHai="123" doraHaiUra="85" who="2" fromWho="2" sc="265,-20,345,-20,55,70,325,-20" /><INIT seed="2,1,0,4,4,5" ten="245,325,125,305" oya="2" hai0="84,48,95,43,16,35,34,75,69,78,114,134,82" hai1="123,106,23,87,15,121,120,77,10,55,76,83,21" hai2="107,60,26,98,11,65,72,101,73,122,71,104,17" hai3="62,61,127,32,56,108,19,81,54,36,47,3,88"/><V37/><F122/><W80/><G32/><T8/><D114/><U131/><E131/><V40/><F107/><W28/><G28/><T89/><D69/><U126/><E126/><V49/><F37/><W129/><G3/><T4/><D134/><U66/><E106/><V85/><F85/><W117/><G117/><T14/><REACH who="0" step="1"/><D4/><REACH who="0" ten="235,325,125,305" step="2"/><N who="1" m="3527" /><E66/><V22/><REACH who="2" step="1"/><F11/><REACH who="2" ten="235,325,115,305" step="2"/><W94/><G127/><T52/><D52/><U79/><E55/><V25/><F25/><W9/><G9/><T50/><D50/><U39/><E39/><V24/><F24/><W7/><G36/><T38/><D38/><U86/><E86/><V97/><F97/><W125/><G125/><T103/><D103/><U44/><E87/><V110/><F110/><W91/><G108/><T0/><D0/><U135/><E135/><V18/><F18/><W74/><G19/><T96/><D96/><U41/><E121/><V46/><AGARI ba="1,2" hai="17,22,26,40,46,49,60,65,71,72,73,98,101,104" machi="46" ten="30,3000,0" yaku="1,1,0,1,53,0" doraHai="5" doraHaiUra="31" who="2" fromWho="2" sc="235,-11,325,-11,115,53,305,-11" /><INIT seed="2,2,0,4,5,58" ten="224,314,168,294" oya="2" hai0="31,60,47,45,132,109,126,87,115,79,128,23,64" hai1="29,131,25,108,26,52,49,13,82,106,122,33,97" hai2="71,111,85,93,11,81,8,76,90,114,118,95,75" hai3="28,17,34,36,94,80,43,12,119,123,54,110,57"/><V63/><F114/><W37/><G119/><T129/><D115/><U96/><E106/><V91/><F118/><W98/><G123/><T121/><D121/><U74/><E122/><V68/><F111/><W56/><G43/><T50/><D109/><U113/><E113/><V69/><REACH who="2" step="1"/><F63/><REACH who="2" ten="224,314,158,294" step="2"/><W99/><G110/><T3/><D60/><U22/><E108/><V0/><F0/><W62/><G62/><T61/><D3/><U70/><E131/><V102/><F102/><W66/><G66/><T135/><D61/><U104/><E70/><V41/><F41/><W1/><G1/><T120/><D64/><U55/><E55/><V65/><F65/><W2/><G2/><T127/><D120/><U16/><E52/><V30/><F30/><W15/><G28/><T92/><D31/><U38/><E29/><V7/><F7/><W83/><G54/><T72/><D128/><U88/><E33/><V107/><F107/><W124/><G34/><T78/><D129/><U27/><E104/><V24/><F24/><W101/><G101/><T53/><D53/><U5/><E5/><V44/><F44/><W67/><G67/><T86/><D47/><U32/><E32/><V112/><F112/><W48/><G57/><T117/><D45/><U40/><E40/><V20/><F20/><W51/><G56/><T73/><D23/><U84/><E22/><V18/><F18/><W39/><G17/><T125/><D117/><U9/><E16/><V134/><F134/><W133/><G133/><T103/><D132/><U21/><E21/><V10/><F10/><W19/><G19/><RYUUKYOKU ba="2,1" sc="224,-10,314,-10,158,30,294,-10" hai2="8,11,68,69,71,75,76,81,85,90,91,93,95" /><INIT seed="2,3,1,0,2,100" ten="214,304,188,284" oya="2" hai0="99,61,127,10,42,9,123,103,95,39,43,102,70" hai1="101,49,120,46,27,37,32,78,56,47,23,64,12" hai2="14,89,79,63,69,17,106,55,132,93,5,52,88" hai3="76,130,83,34,134,73,30,105,20,135,2,22,126"/><V44/><F106/><W0/><G126/><T107/><D123/><U125/><E32/><V13/><F132/><N who="3" m="50731" /><G130/><T111/><D127/><U35/><E35/><V45/><F79/><W16/><G105/><T129/><D129/><U4/><E125/><V33/><F33/><W97/><G97/><T1/><D111/><U121/><E101/><V131/><F69/><W117/><G117/><T29/><D29/><U67/><E78/><V38/><F38/><W65/><G65/><T72/><D61/><U19/><E37/><V31/><F31/><W124/><G124/><T58/><D58/><U118/><E47/><N who="2" m="17995" /><F131/><W74/><G74/><T85/><D70/><U68/><E56/><N who="2" m="35207" /><F55/><W66/><G66/><T71/><D71/><U41/><E118/><V91/><F5/><W26/><G34/><T40/><D72/><U53/><E53/><V133/><F133/><W3/><G3/><T98/><D1/><U84/><E68/><V114/><F114/><W57/><G57/><T36/><D36/><U115/><E115/><V51/><F51/><W62/><G62/><T50/><D39/><U86/><E64/><V6/><F6/><W28/><G28/><T8/><D50/><U75/><E67/><V48/><F48/><W94/><G94/><T77/><D77/><U87/><E75/><V128/><F128/><W81/><G81/><T82/><D82/><U116/><E116/><V112/><F112/><W90/><G90/><N who="2" m="34921" /><F17/><W80/><G80/><T108/><D108/><U7/><E7/><V11/><F11/><W59/><G59/><T96/><D85/><AGARI ba="3,1" hai="13,14,85,91,93" m="34921,35207,17995" machi="85" ten="30,5800,0" yaku="8,1,54,2" doraHai="100" who="2" fromWho="0" sc="214,-67,304,0,188,77,284,0" /><INIT seed="2,4,0,2,2,29" ten="147,304,265,284" oya="2" hai0="135,100,132,134,42,88,31,75,9,79,5,76,84" hai1="57,103,62,122,22,123,118,18,95,114,93,81,92" hai2="106,19,127,124,72,17,33,56,65,67,43,7,8" hai3="38,16,115,69,11,12,120,70,71,24,78,23,87"/><V21/><F72/><W27/><G120/><N who="1" m="46122" /><E118/><V48/><F106/><W47/><G115/><T28/><D100/><U101/><E81/><V4/><F33/><W58/><G58/><T119/><D119/><U37/><E37/><V10/><F56/><W126/><G126/><N who="2" m="48169" /><F48/><W111/><G111/><T32/><D42/><U36/><E36/><V96/><F96/><W53/><G23/><T86/><D75/><U91/><E91/><V116/><F43/><W74/><G74/><T14/><D86/><U46/><E46/><V3/><F116/><W104/><G104/><T94/><REACH who="0" step="1"/><D31/><REACH who="0" ten="137,304,265,284" step="2"/><U109/><E114/><V13/><F19/><W49/><REACH who="3" step="1"/><G38/><REACH who="3" ten="137,304,265,274" step="2"/><T50/><D50/><U61/><E109/><V121/><F121/><W40/><G40/><T110/><D110/><U102/><E57/><V113/><F113/><W0/><G0/><AGARI ba="4,2" hai="0,3,4,7,8,10,13,17,21,65,67" m="48169" machi="0" ten="30,1500,0" yaku="18,1" doraHai="29" who="2" fromWho="3" sc="137,0,304,0,265,47,274,-27" /><INIT seed="2,5,0,3,3,135" ten="137,304,312,247" oya="2" hai0="41,80,132,75,101,33,45,59,0,76,74,52,96" hai1="79,14,126,53,47,15,28,115,114,37,50,26,77" hai2="6,19,10,99,11,109,63,25,35,111,4,121,93" hai3="39,87,16,73,131,71,125,54,7,49,118,46,133"/><V116/><F116/><W21/><G118/><T108/><D132/><U22/><E37/><V112/><F112/><W69/><G133/><T70/><D108/><N who="2" m="41546" /><F63/><W85/><G73/><T58/><D70/><U27/><E114/><V1/><F93/><W23/><G131/><T122/><D33/><U40/><E115/><V86/><F86/><W44/><G7/><T83/><D0/><U61/><E27/><V42/><F99/><W36/><G49/><T12/><D122/><U3/><E3/><N who="2" m="287" /><F42/><W110/><G110/><T51/><D75/><U91/><E61/><V97/><F97/><W127/><G16/><T48/><D80/><U98/><E40/><V67/><F67/><W56/><G54/><T113/><D113/><U2/><E98/><V92/><F92/><W90/><G90/><T55/><D12/><U43/><E91/><V31/><F19/><W72/><G72/><T20/><D20/><U103/><E43/><V32/><F121/><W106/><G56/><T78/><D78/><U62/><E79/><V102/><F102/><W66/><G66/><T89/><D89/><U104/><E103/><V68/><F68/><W17/><G17/><T24/><D24/><U94/><E77/><V123/><F123/><W105/><AGARI ba="5,0" hai="21,23,36,39,44,46,69,71,85,87,105,106,125,127" machi="105" ten="25,8000,1" yaku="0,1,22,2,52,2" doraHai="135" who="3" fromWho="3" sc="137,-25,304,-25,312,-45,247,95" /><INIT seed="3,0,0,0,5,114" ten="112,279,267,342" oya="3" hai0="23,85,89,131,86,12,111,88,17,45,126,16,123" hai1="6,95,65,37,29,42,90,129,5,94,87,109,98" hai2="60,82,46,27,63,71,62,91,103,72,78,11,134" hai3="84,1,93,130,35,58,54,15,3,77,53,99,36"/><W120/><G120/><T69/><D123/><U80/><E109/><V50/><F134/><W64/><G35/><T125/><D111/><U67/><E129/><V13/><F103/><W43/><G64/><N who="1" m="24650" /><E37/><V33/><F91/><W14/><G58/><T105/><D131/><U30/><E42/><V20/><F33/><W135/><G54/><T104/><D69/><U79/><E95/><V73/><F73/><W10/><G53/><T70/><D70/><U76/><E76/><V28/><F71/><W83/><G43/><T128/><D128/><U47/><E47/><V132/><F132/><W7/><G93/><T107/><D45/><U59/><E59/><V56/><F56/><W18/><G36/><T66/><D66/><U57/><E57/><V68/><F68/><W19/><G77/><T22/><D105/><U96/><E96/><V31/><F31/><AGARI ba="0,0" hai="5,6,29,30,31,79,80,87,90,94,98" m="24650" machi="31" ten="30,1000,0" yaku="8,1" doraHai="114" who="1" fromWho="2" sc="112,0,279,10,267,-10,342,0" owari="112,-38.8,289,8.9,257,-14.3,342,44.2" /></mjloggm>