<mjloggm ver="2.3"><GO type="225" lobby="0"/><UN n0="%E6%B4%BE%E9%81%A3%E3%81%AE%E3%82%B8%E3%83%A3%E3%83%83%E3%82%AF" n1="%E6%A1%9C%E8%8A%B1%E9%96%83%E3%80%85" n2="%E7%B4%94%E6%BD%94%E3%83%94%E3%83%A9%E3%83%8B%E3%82%A2" n3="%E4%BF%BA%E3%81%A8%E5%A6%96%E5%A4%A2" dan="17,16,17,16" rate="2149.56,2215.01,2217.68,2161.51" sx="M,M,M,F"/><TAIKYOKU oya="0"/><INIT seed="0,0,0,2,1,73" ten="250,250,250,250" oya="0" hai0="63,100,61,126,15,48,98,84,103,90,27,69,111" hai1="70,5,65,18,94,55,49,26,56,11,134,112,99" hai2="13,53,131,9,21,2,30,120,117,132,38,16,92" hai3="72,108,24,64,43,23,62,76,135,50,82,75,116"/><T3/><D3/><U39/><E39/><V81/><F120/><W130/><G116/><T115/><D115/><U41/><E112/><V40/><F117/><W74/><G108/><T12/><D126/><U128/><E128/><V6/><F131/><W114/><G114/><T83/><D111/><U51/><E134/><V7/><F132/><W110/><G110/><T0/><D0/><U68/><E65/><V52/><F6/><W102/><G102/><T85/><D27/><U22/><E41/><V95/><F30/><W37/><G37/><T106/><D48/><U124/><E51/><V57/><F53/><W91/><G91/><T58/><D100/><U34/><E34/><V88/><F40/><W1/><G1/><T125/><D125/><U19/><E19/><V122/><F122/><W28/><G130/><T14/><D69/><U133/><E133/><V107/><F107/><W33/><G23/><T86/><REACH who="0" step="1"/><D61/><REACH who="0" ten="240,250,250,250" step="2"/><U127/><E127/><V89/><F38/><W36/><G50/><T93/><D93/><U44/><E124/><V77/><F92/><W20/><G135/><T71/><D71/><U17/><E44/><V119/><F95/><W101/><G101/><T123/><D123/><U4/><E70/><V66/><F119/><W42/><G36/><T25/><D25/><U80/><E68/><V10/><F66/><AGARI ba="0,1" hai="12,14,15,58,63,66,83,84,85,86,90,98,103,106" machi="66" ten="40,12000,1" yaku="1,1,53,3" doraHai="73" doraHaiUra="8" who="0" fromWho="2" sc="240,130,250,0,250,-120,250,0" /><INIT seed="0,1,0,5,3,80" ten="370,250,130,250" oya="0" hai0="50,54,93,85,101,49,10,6,53,130,111,24,72" hai1="119,131,18,41,99,133,69,94,117,100,45,76,73" hai2="36,58,120,17,127,96,132,28,71,65,110,4,12" hai3="129,47,9,78,122,26,91,13,97,64,22,86,115"/><T70/><D72/><U32/><E69/><V57/><F120/><W40/><G115/><T67/><D130/><U7/><E131/><V125/><F110/><W83/><G129/><T116/><D116/><U2/><E32/><V1/><F36/><W113/><G113/><T29/><D111/><U19/><E133/><V82/><F132/><W46/><G64/><T63/><D101/><U88/><E19/><V59/><F28/><W48/><G122/><T109/><D109/><U20/><E100/><V35/><F35/><W3/><G3/><T128/><D128/><U89/><E89/><V106/><F1/><W60/><G60/><T5/><D5/><U39/><E20/><V87/><F4/><W38/><G97/><T25/><D50/><U105/><E18/><V123/><F123/><W98/><G98/><T124/><D124/><N who="2" m="47690" /><F96/><W27/><G22/><T104/><D29/><U14/><E14/><V44/><F44/><W107/><G107/><T23/><D104/><U108/><E105/><V102/><F102/><W121/><G121/><T118/><D23/><U81/><REACH who="1" step="1"/><E108/><REACH who="1" ten="370,240,130,250" step="2"/><V0/><F106/><W77/><G27/><T56/><D24/><U30/><E30/><V62/><F0/><W126/><G26/><T75/><D25/><U33/><E33/><V92/><F92/><W55/><G126/><T15/><D93/><U90/><E90/><N who="2" m="51575" /><F17/><AGARI ba="1,1" hai="9,13,17,38,40,46,47,48,55,77,78,83,86,91" machi="17" ten="30,7700,0" yaku="7,1,25,2,52,1" doraHai="80" who="3" fromWho="2" sc="370,0,240,0,130,-80,250,90" /><INIT seed="1,0,0,3,2,116" ten="370,240,50,340" oya="1" hai0="78,57,127,91,73,7,122,114,74,62,134,97,118" hai1="42,109,101,72,83,60,3,100,119,84,5,107,22" hai2="48,99,9,21,53,41,24,58,110,123,4,59,31" hai3="16,13,81,103,87,77,2,11,115,18,30,45,38"/><U26/><E119/><V76/><F110/><W0/><G115/><T92/><D114/><U80/><E109/><V61/><F76/><W17/><G30/><T39/><D39/><U56/><E72/><V50/><F41/><W105/><G105/><T106/><D118/><U1/><E42/><V98/><F123/><W82/><G103/><T49/><D106/><U25/><E25/><V94/><F98/><W15/><G38/><T79/><D49/><U96/><E101/><V51/><F4/><W133/><G133/><T8/><D134/><U55/><E5/><V19/><F9/><W44/><G81/><T35/><D35/><U86/><E83/><V27/><F59/><W67/><G67/><T104/><D104/><U66/><E55/><V112/><F112/><W6/><REACH who="3" step="1"/><G15/><REACH who="3" ten="370,240,50,330" step="2"/><T113/><D113/><U10/><E80/><V46/><F31/><W90/><G90/><T33/><D91/><U34/><E34/><V28/><F28/><W29/><G29/><T23/><D33/><U40/><E1/><AGARI ba="0,1" hai="0,1,2,6,11,13,16,17,18,44,45,77,82,87" machi="1" ten="40,2600,0" yaku="1,1,54,1,53,0" doraHai="116" doraHaiUra="95" who="3" fromWho="1" sc="370,0,240,-26,50,0,330,36" /><INIT seed="2,0,0,5,5,24" ten="370,214,50,366" oya="2" hai0="78,28,94,125,54,98,104,115,27,119,25,46,66" hai1="53,49,13,91,31,21,116,2,117,26,95,3,106" hai2="4,56,69,55,134,39,65,126,107,89,101,88,131" hai3="58,111,81,20,112,50,11,9,73,77,22,97,121"/><V37/><F4/><W133/><G121/><T41/><D115/><U113/><E106/><V90/><F126/><W32/><G32/><T135/><D104/><U51/><E113/><V63/><F131/><W71/><G71/><T15/><D66/><U18/><E2/><V105/><F134/><W82/><G112/><T38/><D78/><U10/><E3/><V120/><F120/><W19/><G111/><T52/><D25/><U67/><E67/><V99/><REACH who="2" step="1"/><F105/><REACH who="2" ten="370,214,40,366" step="2"/><W0/><G133/><T29/><D135/><U43/><E116/><V12/><F12/><W14/><G0/><T44/><D15/><U93/><E117/><V57/><F57/><W118/><G118/><T40/><D125/><U103/><E103/><V86/><F86/><W60/><G58/><T129/><D129/><U110/><E110/><V80/><F80/><W6/><G81/><T16/><D119/><U34/><E95/><V79/><F79/><W87/><G87/><T100/><D100/><U17/><E93/><V92/><F92/><W68/><G14/><T85/><D85/><U84/><E84/><V102/><F102/><W124/><G124/><T5/><D5/><U23/><E13/><V109/><F109/><W35/><G6/><T64/><D94/><U130/><E130/><V96/><F96/><W36/><G97/><T8/><D98/><U61/><E10/><V108/><F108/><W83/><G9/><T74/><D8/><U75/><E75/><V123/><F123/><W127/><G11/><T59/><D74/><U62/><E91/><V33/><F33/><W42/><G73/><RYUUKYOKU ba="0,1" sc="370,-10,214,-10,40,30,366,-10" hai2="37,39,55,56,63,65,69,88,89,90,99,101,107" /><INIT seed="2,1,1,1,4,110" ten="360,204,70,356" oya="2" hai0="125,87,17,70,100,19,94,10,55,134,111,44,93" hai1="89,37,119,56,58,97,128,75,96,65,12,40,36" hai2="124,67,118,26,81,102,63,71,6,98,121,42,92" hai3="106,114,48,68,7,64,8,27,24,43,113,9,28"/><V4/><F118/><W80/><G106/><T91/><D111/><U30/><E119/><V11/><F121/><W41/><G80/><T46/><D70/><U16/><E75/><V50/><F124/><W135/><G135/><T101/><D134/><U123/><E123/><V104/><F92/><W34/><G24/><T35/><D35/><U57/><E128/><V72/><F42/><W14/><G8/><T84/><D125/><U129/><E129/><V90/><F50/><W78/><G78/><T69/><D69/><U1/><E1/><V115/><F115/><N who="3" m="44043" /><G48/><T131/><D131/><U20/><E37/><V76/><F90/><W3/><G3/><T130/><D130/><U33/><E89/><V13/><REACH who="2" step="1"/><F26/><REACH who="2" ten="360,204,60,356" step="2"/><W2/><G43/><T107/><D91/><U62/><E40/><V108/><F108/><W23/><G41/><T66/><D93/><U47/><E36/><V0/><F0/><W5/><G2/><T82/><D94/><U45/><E96/><V127/><F127/><W116/><G116/><T105/><D105/><U88/><E88/><V29/><F29/><W18/><G34/><T77/><D107/><U117/><E117/><V54/><F54/><W38/><G38/><T15/><D55/><U31/><E97/><V25/><F25/><W132/><G132/><T95/><D95/><U32/><E32/><V22/><F22/><W122/><G122/><T53/><D53/><U99/><E99/><V120/><F120/><W109/><G109/><T133/><D133/><U51/><E33/><V74/><F74/><W85/><G85/><T126/><D84/><RYUUKYOKU ba="1,2" sc="360,-15,204,-15,60,15,356,15" hai2="4,6,11,13,63,67,71,72,76,81,98,102,104" hai3="5,7,9,14,18,23,27,28,64,68" /><INIT seed="2,2,2,5,3,100" ten="345,189,75,371" oya="2" hai0="52,57,29,95,90,134,56,87,15,63,30,50,20" hai1="106,118,107,39,38,58,35,6,114,108,54,25,65" hai2="72,33,97,126,16,27,86,130,77,88,131,92,120" hai3="4,47,28,109,13,71,59,40,60,43,31,76,69"/><V74/><F120/><W53/><G109/><T37/><D37/><N who="1" m="13835" /><E54/><V45/><F45/><W67/><G76/><T55/><D134/><U135/><E58/><V8/><F33/><W83/><G83/><T98/><D98/><U2/><E108/><V49/><F49/><W133/><G133/><T44/><D44/><U68/><E135/><V18/><F126/><W66/><G71/><T24/><D15/><U103/><E103/><V12/><F86/><W102/><G102/><T82/><D82/><U85/><E85/><V122/><F122/><W26/><G69/><T42/><D42/><N who="3" m="15913" /><G26/><T51/><D63/><N who="1" m="39999" /><E114/><V117/><F117/><W78/><G78/><T116/><D116/><U101/><E101/><V124/><F124/><W73/><G73/><T111/><D111/><U0/><E118/><V14/><F27/><W94/><G94/><T96/><D87/><U128/><E128/><N who="2" m="49195" /><F77/><W62/><G62/><T36/><D36/><U61/><E61/><V34/><F34/><W129/><G129/><T99/><D99/><U80/><E80/><V41/><F41/><W89/><G47/><T93/><D93/><U123/><E123/><V21/><AGARI ba="2,2" hai="8,12,14,16,18,21,72,74,88,92,97" m="49195" machi="21" ten="30,6000,0" yaku="19,1,54,2" doraHai="100" who="2" fromWho="2" sc="345,-22,189,-22,75,86,371,-22" /><INIT seed="2,3,0,1,1,8" ten="323,167,161,349" oya="2" hai0="43,54,102,116,93,105,0,89,62,98,127,3,91" hai1="122,135,51,35,13,27,126,57,44,96,48,20,103" hai2="41,72,120,115,24,61,76,49,29,19,28,53,111" hai3="129,5,80,16,75,92,81,31,78,84,9,37,74"/><V68/><F115/><W21/><G37/><T52/><D127/><U95/><E126/><V59/><F120/><W104/><G104/><T107/><D43/><U131/><E122/><V85/><F72/><W39/><G39/><T58/><D116/><U42/><E131/><V83/><F111/><W36/><G36/><T23/><D23/><U70/><E70/><V134/><F134/><W87/><G31/><T45/><D105/><U118/><E118/><V130/><F130/><W108/><G92/><T71/><D71/><U77/><E135/><V112/><F112/><W69/><G69/><T22/><D22/><U60/><E35/><V63/><F68/><W73/><G108/><T79/><D79/><U46/><E77/><V65/><F41/><W124/><G124/><T12/><D89/><U40/><E13/><V1/><F1/><W82/><G129/><T10/><D45/><U17/><E57/><N who="2" m="32943" /><F61/><AGARI ba="3,0" hai="17,20,27,40,42,44,46,48,51,60,61,95,96,103" machi="61" ten="40,2600,0" yaku="9,1,8,1" doraHai="8" who="1" fromWho="2" sc="323,0,167,35,161,-35,349,0" /><INIT seed="3,0,0,1,4,31" ten="323,202,126,349" oya="3" hai0="117,79,98,124,86,104,70,29,91,39,65,11,108" hai1="33,96,44,13,101,3,131,73,48,24,54,110,37" hai2="85,103,75,126,118,35,55,52,109,20,116,9,50" hai3="99,5,58,46,105,114,87,132,107,40,74,77,43"/><W45/><G114/><T41/><D117/><U78/><E3/><V119/><F75/><W7/><G74/><T67/><D79/><U56/><E110/><V38/><F38/><W80/><G58/><T12/><D108/><U92/><E131/><V81/><F109/><W61/><G61/><T111/><D111/><U82/><E13/><V53/><F126/><W100/><G107/><T36/><D124/><U123/><E123/><V134/><F134/><W102/><G102/><T62/><D65/><U19/><E33/><V51/><F20/><W59/><G59/><T26/><D41/><U71/><E71/><V115/><F115/><W69/><G69/><T120/><D120/><U97/><E37/><V15/><F103/><W49/><G132/><T127/><D127/><U89/><E44/><V0/><F0/><W133/><G133/><T128/><D128/><U130/><E130/><V135/><F135/><W1/><G1/><T95/><D86/><U63/><E48/><AGARI ba="0,0" hai="5,7,40,43,45,46,48,49,77,80,87,99,100,105" machi="48" ten="30,2900,0" yaku="7,1,9,1" doraHai="31" who="3" fromWho="1" sc="323,0,202,-29,126,0,349,29" owari="323,12.3,173,-22.7,126,-37.4,378,47.8" /></mjloggm>