<mjloggm ver="2.3"><GO type="225" lobby="0"/><UN n0="%E5%B8%86%E7%AB%8B%E5%A4%8F%E8%A1%A3" n1="%E3%81%A8%E3%82%89%E3%81%84%E3%81%A1" n2="%E3%82%8F%E3%81%8B%E3%81%B0%2A%E3%82%AC%E3%83%BC%E3%83%AB" n3="%E3%81%BF%E3%81%BF%E3%81%9A" dan="17,16,16,17" rate="2258.77,2112.96,2119.34,2219.00" sx="M,M,M,M"/><TAIKYOKU oya="0"/><INIT seed="0,0,0,0,2,75" ten="250,250,250,250" oya="0" hai0="34,46,21,90,2,134,87,36,6,80,101,102,19" hai1="114,99,72,91,95,57,33,124,78,112,105,22,52" hai2="106,128,73,85,98,53,3,16,120,79,118,135,126" hai3="123,15,14,94,103,104,47,89,107,30,68,67,40"/><T38/><D34/><U125/><E33/><V96/><F120/><W54/><G123/><T45/><D134/><U50/><E22/><V20/><F135/><W110/><G110/><T130/><D130/><U8/><E8/><V42/><F3/><W70/><G54/><T0/><D0/><U133/><E133/><V26/><F73/><W71/><G67/><T29/><D29/><U113/><E105/><V115/><F115/><W12/><G103/><T93/><D6/><U131/><E131/><V127/><F128/><W4/><G30/><T63/><D2/><U66/><E66/><V24/><F118/><W10/><G107/><T76/><D63/><U39/><E39/><V74/><F74/><W58/><G58/><T35/><D35/><U28/><E28/><V77/><F42/><W116/><G104/><T32/><D32/><U109/><E109/><V82/><F106/><W61/><G61/><T121/><D38/><U41/><E41/><V17/><F53/><W129/><G116/><T92/><D92/><U132/><E132/><V18/><F77/><W65/><G65/><T88/><D90/><U25/><E25/><N who="2" m="9835" /><F20/><W97/><REACH who="3" step="1"/><G129/><REACH who="3" ten="250,250,250,240" step="2"/><T62/><D62/><U31/><E31/><V11/><F11/><W64/><G64/><T111/><D121/><U9/><E9/><V27/><N who="2" m="9843" /><V60/><DORA hai="37" /><F60/><W83/><G83/><AGARI ba="0,1" hai="50,52,57,72,78,83,91,95,99,112,113,114,124,125" machi="83" ten="50,6400,0" yaku="11,1,52,1,54,1" doraHai="75,37" who="1" fromWho="3" sc="250,0,250,74,250,0,240,-64" /><INIT seed="1,0,0,1,2,19" ten="250,324,250,176" oya="1" hai0="51,35,30,44,3,79,88,8,41,15,52,107,94" hai1="104,12,80,128,74,38,45,27,43,113,69,57,108" hai2="92,117,87,78,115,123,124,81,70,120,131,17,55" hai3="1,99,93,18,68,66,32,90,33,101,102,48,22"/><U129/><E113/><V77/><F115/><W98/><G1/><T62/><D107/><U60/><E104/><V56/><F117/><W50/><G68/><T67/><D3/><U100/><E100/><V84/><F70/><W83/><G66/><T106/><D106/><U7/><E69/><V65/><F65/><W118/><G118/><T132/><D132/><U110/><E27/><V122/><F131/><N who="1" m="50249" /><E12/><V21/><F124/><W24/><G83/><T20/><D35/><U126/><E7/><V135/><F135/><W0/><G0/><T26/><D79/><N who="1" m="44151" /><E126/><V34/><F34/><W127/><G127/><T11/><D41/><U47/><E47/><V4/><F4/><W58/><G90/><T72/><D72/><U23/><E23/><V125/><F125/><W53/><REACH who="3" step="1"/><G48/><REACH who="3" ten="250,324,250,166" step="2"/><T119/><D119/><U63/><E63/><V91/><F77/><W64/><G64/><AGARI ba="0,1" hai="38,43,45,57,60,64,108,110" m="44151,50249" machi="64" ten="30,1500,0" yaku="19,1" doraHai="19" who="1" fromWho="3" sc="250,0,324,25,250,0,166,-15" /><INIT seed="1,1,0,5,5,106" ten="250,349,250,151" oya="1" hai0="120,117,131,17,110,129,55,33,66,29,31,52,71" hai1="122,43,112,123,1,67,61,88,72,118,116,22,80" hai2="5,13,54,23,94,109,128,24,84,9,81,78,62" hai3="75,105,135,14,6,101,125,97,15,20,114,34,53"/><U83/><E112/><V119/><F109/><W64/><G34/><T85/><D117/><U69/><E1/><V102/><F128/><N who="0" m="49226" /><D110/><U107/><E107/><V16/><F119/><W3/><G114/><T115/><D115/><U28/><E43/><V60/><REACH who="2" step="1"/><F54/><REACH who="2" ten="250,349,240,151" step="2"/><N who="0" m="20522" /><D120/><U21/><E116/><V37/><F37/><W65/><G53/><T108/><D108/><U57/><E118/><V126/><F126/><W11/><G125/><T32/><D17/><U96/><E122/><V38/><F38/><W93/><G135/><T98/><D98/><AGARI ba="1,1" hai="5,9,13,16,23,24,60,62,78,81,84,94,98,102" machi="98" ten="40,5200,0" yaku="1,1,8,1,54,1,53,0" doraHai="106" doraHaiUra="39" who="2" fromWho="0" sc="250,-55,349,0,240,65,151,0" /><INIT seed="2,0,0,2,5,8" ten="195,349,305,151" oya="2" hai0="21,77,56,93,19,124,16,109,75,132,30,50,73" hai1="43,58,37,100,90,91,29,65,133,78,103,99,42" hai2="79,13,108,116,86,104,5,3,0,112,115,64,84" hai3="61,40,45,117,63,25,134,113,82,76,110,120,18"/><V22/><F116/><W17/><G117/><T92/><D109/><U125/><E125/><V68/><F104/><W107/><G120/><T101/><D124/><U105/><E133/><V67/><F108/><W94/><G110/><T48/><D132/><U23/><E78/><V11/><F68/><W20/><G107/><T128/><D128/><U129/><E129/><V126/><F126/><W52/><G134/><T135/><D135/><U102/><E37/><V57/><F0/><W72/><G113/><T114/><D114/><U24/><E105/><V71/><F71/><W12/><G94/><T88/><D77/><U6/><E6/><V55/><F112/><W62/><G40/><N who="1" m="15402" /><E99/><V66/><F79/><W2/><G2/><T27/><D75/><U35/><E35/><V87/><F115/><W41/><G41/><T121/><D73/><U70/><E70/><V7/><F7/><W106/><G106/><T47/><D121/><U118/><E118/><V34/><F34/><W54/><REACH who="3" step="1"/><G45/><REACH who="3" ten="195,349,305,141" step="2"/><T123/><D47/><U111/><E111/><V1/><F1/><W51/><G51/><T33/><D123/><U49/><E49/><V38/><F38/><W36/><G36/><T14/><D50/><U60/><AGARI ba="0,1" hai="23,24,29,58,60,65,90,91,100,102,103" m="15402" machi="60" ten="30,1100,0" yaku="8,1" doraHai="8" who="1" fromWho="1" sc="195,-3,349,21,305,-5,141,-3" /><INIT seed="3,0,0,0,1,3" ten="192,370,300,138" oya="3" hai0="16,74,67,28,71,12,82,111,108,120,128,25,101" hai1="62,31,115,64,113,18,75,81,54,41,66,110,104" hai2="130,42,114,21,103,46,15,134,14,80,17,118,9" hai3="7,69,97,95,78,48,89,93,123,72,24,50,105"/><W39/><G123/><T35/><D128/><U85/><E104/><V83/><F118/><W51/><G39/><T30/><D30/><U100/><E75/><V38/><F114/><W124/><G124/><T49/><D120/><U29/><E100/><V112/><F112/><W94/><G69/><T76/><D101/><U0/><E0/><V125/><F130/><W57/><G105/><T90/><D90/><U129/><E129/><V5/><F134/><W27/><G57/><T86/><D74/><U11/><E41/><V59/><F125/><W126/><G126/><T43/><D49/><U23/><E11/><V32/><F32/><W1/><G89/><T84/><D84/><U92/><E92/><V36/><F36/><W87/><G72/><T61/><D43/><U37/><E37/><V68/><F68/><W135/><G135/><T19/><D12/><U79/><E110/><AGARI ba="0,0" hai="16,19,25,28,35,61,67,71,76,82,86,108,110,111" machi="110" ten="40,2600,0" yaku="14,1,54,1" doraHai="3" who="0" fromWho="1" sc="192,26,370,-26,300,0,138,0" owari="218,-18.2,344,44.4,300,10.0,138,-36.2" /></mjloggm>