<mjloggm ver="2.3"><GO type="225" lobby="0"/><UN n0="%E5%8F%AF%E5%85%90%E9%82%A3%E7%94%B1%E5%A4%9A" n1="%E6%97%A5%E6%9B%9C%E6%97%A5%E3%82%88%E3%82%8A%E3%81%AE%E4%BD%BF%E8%80%85" n2="%E3%81%BF%E3%81%BF%E3%81%9A" n3="%E5%A4%8F%E9%88%B4%E9%88%B4%E5%A4%8F" dan="16,16,17,16" rate="2121.30,2162.80,2173.42,2097.04" sx="F,M,M,F"/><TAIKYOKU oya="0"/><INIT seed="0,0,0,2,2,59" ten="250,250,250,250" oya="0" hai0="16,87,25,12,98,29,89,113,107,33,81,47,125" hai1="41,127,55,26,53,63,85,57,71,114,64,0,69" hai2="88,90,72,100,18,86,123,84,75,70,93,92,73" hai3="94,13,21,9,131,124,112,108,39,97,128,48,1"/><T23/><D113/><U37/><E0/><V40/><F70/><N who="1" m="26633" /><E26/><V35/><F35/><W67/><G112/><T78/><D125/><U34/><E85/><V46/><F123/><W15/><G39/><T49/><D107/><U51/><E34/><V14/><F100/><W54/><G108/><T11/><D33/><U17/><E17/><V115/><F115/><W3/><G124/><T22/><D22/><U19/><E19/><V32/><F32/><W109/><G67/><T105/><D105/><U103/><E103/><V77/><F77/><W111/><G109/><T8/><D8/><U20/><E20/><V118/><F118/><W10/><G111/><T36/><D36/><U7/><E7/><V65/><F65/><W101/><G21/><T120/><D120/><U30/><E30/><V102/><F102/><W2/><G10/><T76/><REACH who="0" step="1"/><D98/><REACH who="0" ten="240,250,250,250" step="2"/><U6/><E114/><V68/><F68/><W52/><G9/><T38/><D38/><U132/><E127/><V50/><F73/><W129/><REACH who="3" step="1"/><G54/><AGARI ba="0,1" hai="11,12,16,23,25,29,47,49,54,76,78,81,87,89" machi="54" ten="30,18000,2" yaku="1,1,7,1,25,2,8,1,54,1,53,0" doraHai="59" doraHaiUra="91" who="0" fromWho="3" sc="240,190,250,0,250,0,250,-180" /><INIT seed="0,1,0,3,5,55" ten="430,250,250,70" oya="0" hai0="54,0,7,5,25,93,24,67,68,122,103,40,9" hai1="58,45,46,73,83,121,112,23,113,20,17,47,84" hai2="62,1,60,49,30,53,38,95,71,16,101,42,132" hai3="52,102,134,86,114,85,91,92,76,82,63,57,28"/><T87/><D122/><U128/><E121/><V36/><F1/><W106/><G134/><T119/><D119/><U48/><E73/><V133/><F30/><W99/><G114/><N who="1" m="44138" /><E128/><V33/><F33/><W115/><G115/><T105/><D40/><U66/><E17/><V94/><F16/><W120/><G28/><T80/><D105/><U135/><E135/><N who="2" m="51787" /><F101/><W108/><REACH who="3" step="1"/><G108/><REACH who="3" ten="430,250,250,60" step="2"/><T77/><D0/><U110/><E110/><V74/><F74/><W109/><G109/><T69/><D69/><U78/><E48/><V72/><F72/><W116/><G116/><T117/><D68/><U29/><E29/><V61/><F71/><W26/><G26/><T56/><D24/><U8/><E8/><V98/><F36/><W123/><AGARI ba="1,1" hai="52,57,63,76,82,85,86,91,92,99,102,106,120,123" machi="123" ten="30,7900,0" yaku="1,1,0,1,52,1,54,1,53,0" doraHai="55" doraHaiUra="18" who="3" fromWho="3" sc="430,-40,250,-21,250,-21,60,92" /><INIT seed="1,0,0,0,3,80" ten="390,229,229,152" oya="1" hai0="8,131,118,71,124,61,128,40,130,23,76,97,102" hai1="122,17,121,120,36,81,134,20,28,91,78,50,108" hai2="107,63,135,106,49,69,56,55,70,9,82,73,38" hai3="101,12,53,65,64,52,88,34,79,57,113,114,18"/><U6/><E36/><V83/><F38/><W110/><G34/><T2/><D118/><U0/><E134/><V15/><F135/><W10/><G110/><T60/><D124/><U47/><E108/><V66/><F70/><W39/><G39/><T44/><D76/><U42/><E28/><V89/><F83/><W129/><G129/><T58/><D71/><U84/><E0/><V100/><F100/><W16/><G101/><T11/><D23/><U62/><E6/><V51/><F51/><N who="3" m="30879" /><G79/><T111/><D111/><U116/><E116/><V115/><F115/><W59/><G114/><T123/><D123/><U68/><E78/><V95/><F82/><W33/><G18/><T117/><D117/><U32/><E32/><V29/><F29/><W24/><G24/><T99/><D61/><U98/><E98/><N who="0" m="37385" /><D102/><U19/><REACH who="1" step="1"/><E20/><REACH who="1" ten="390,219,229,152" step="2"/><V90/><F73/><W72/><G72/><T119/><D2/><U86/><E86/><V94/><F90/><W37/><G88/><T3/><D3/><U27/><E27/><V26/><F26/><W105/><G33/><T126/><D119/><U85/><E85/><V75/><F75/><W87/><G113/><T31/><D31/><U45/><E45/><V25/><F25/><W43/><G87/><T103/><D130/><U46/><E46/><V22/><F22/><W109/><G109/><T77/><D131/><U127/><E127/><V14/><F89/><W35/><G35/><T96/><D126/><U13/><E13/><N who="2" m="4619" /><F9/><W74/><G74/><T54/><D128/><U104/><E104/><V21/><F21/><W4/><G105/><AGARI ba="0,1" hai="49,55,56,63,66,69,94,95,105,106,107" m="4619" machi="105" ten="30,1000,0" yaku="6,1" doraHai="80" who="2" fromWho="3" sc="390,0,219,0,229,20,152,-10" /><INIT seed="2,0,0,5,2,87" ten="390,219,249,142" oya="2" hai0="79,46,90,72,100,31,53,38,64,56,99,25,41" hai1="27,8,85,102,93,10,23,106,57,133,76,120,117" hai2="75,16,22,89,7,49,61,77,114,95,62,69,54" hai3="118,13,91,45,5,17,84,55,94,127,110,30,83"/><V107/><F114/><W44/><G118/><T39/><D64/><U126/><E117/><V121/><F107/><W86/><G110/><T59/><D38/><U9/><E126/><V52/><F121/><W67/><G127/><T34/><D90/><N who="1" m="53455" /><E106/><V135/><F7/><W119/><G119/><T108/><D108/><U14/><E133/><V80/><F135/><W103/><G67/><T96/><D59/><U11/><E120/><V88/><F54/><W47/><G5/><T97/><D79/><U131/><E131/><V128/><F128/><W26/><G103/><T81/><D81/><U122/><E122/><V24/><F69/><W123/><G123/><T92/><D72/><U2/><E2/><V105/><F105/><W42/><G42/><T3/><D3/><U4/><E102/><V35/><F35/><W124/><G124/><T116/><D116/><U130/><E130/><V37/><F37/><W32/><G55/><T58/><D58/><U12/><E76/><V112/><F112/><W18/><REACH who="3" step="1"/><G13/><REACH who="3" ten="390,219,249,132" step="2"/><T28/><D100/><U36/><E14/><V71/><F71/><W0/><G0/><T68/><D68/><U43/><E43/><V66/><F66/><W74/><G74/><T109/><D109/><U19/><E36/><V129/><F129/><W1/><G1/><T50/><D39/><U134/><E134/><V65/><F65/><W111/><G111/><T125/><D125/><U113/><E113/><V70/><F70/><W20/><G20/><N who="0" m="15399" /><D41/><U40/><E40/><V60/><F52/><W33/><G33/><T51/><D34/><U98/><E57/><RYUUKYOKU ba="0,1" sc="390,-15,219,15,249,-15,132,15" hai1="4,8,9,10,11,12,19,23,27,98" hai3="17,18,26,30,32,44,45,47,83,84,86,91,94" /><INIT seed="3,1,1,4,2,1" ten="375,234,234,147" oya="3" hai0="61,47,100,85,125,27,41,79,73,19,12,121,62" hai1="81,5,68,67,98,21,66,77,93,91,13,69,44" hai2="37,122,20,22,16,3,124,25,113,72,88,105,53" hai3="78,34,18,107,9,89,4,38,84,10,123,75,108"/><W29/><G123/><T129/><D121/><U116/><E116/><V63/><F122/><W59/><G107/><T54/><D73/><U96/><E69/><V90/><F37/><W23/><G38/><T92/><D27/><U117/><E117/><V64/><F3/><W87/><G108/><T17/><D125/><U134/><E134/><V127/><F72/><W114/><G114/><T128/><D54/><U104/><E68/><V43/><F43/><W103/><G103/><T28/><D28/><U35/><E35/><V51/><F105/><W74/><G29/><T55/><D55/><U102/><E44/><N who="2" m="27879" /><F113/><W24/><G34/><T120/><D120/><U71/><E71/><N who="2" m="42399" /><F22/><W48/><G78/><T33/><D33/><U7/><E21/><V95/><F95/><W70/><G70/><T36/><D19/><U46/><E46/><V26/><F26/><W0/><G10/><T109/><D109/><U14/><E14/><V80/><F80/><W97/><G97/><N who="0" m="59431" /><D85/><U49/><E13/><V118/><F118/><W39/><G39/><T30/><D79/><U45/><E77/><V133/><F133/><W106/><G106/><T8/><D30/><U86/><E104/><V6/><F6/><N who="1" m="2057" /><E98/><V99/><F99/><W52/><REACH who="3" step="1"/><G87/><REACH who="3" ten="375,234,234,137" step="2"/><T2/><D36/><U94/><E102/><V130/><F130/><W32/><G32/><T31/><D31/><U131/><E131/><V82/><F82/><AGARI ba="1,2" hai="0,4,9,18,23,24,48,52,59,74,75,82,84,89" machi="82" ten="30,11600,0" yaku="1,1,7,1,52,1,54,1,53,0" doraHai="1" doraHaiUra="126" who="3" fromWho="2" sc="375,0,234,0,234,-119,137,139" /><INIT seed="3,2,0,4,3,70" ten="375,234,115,276" oya="3" hai0="83,121,99,97,96,55,104,20,118,127,94,114,42" hai1="49,21,53,50,32,119,14,66,30,103,128,100,56" hai2="82,110,133,101,80,27,38,67,23,120,63,40,4" hai3="18,78,2,61,107,111,68,48,88,36,43,6,29"/><W116/><G116/><T87/><D118/><U90/><E119/><V134/><F4/><W34/><G107/><T65/><D121/><U122/><E122/><V72/><F120/><W24/><G48/><T3/><D3/><U102/><E128/><V79/><F110/><W15/><G78/><T130/><D104/><U76/><E76/><V26/><F82/><W105/><G105/><T44/><D130/><U125/><E125/><V86/><F72/><W112/><G112/><T22/><D127/><U7/><E32/><V109/><F109/><W131/><G131/><T95/><D65/><U19/><E30/><V59/><F27/><W126/><G126/><T31/><D114/><U73/><E73/><V25/><F26/><W47/><G111/><T35/><D35/><U11/><E66/><V51/><F51/><W75/><G61/><T16/><D31/><U81/><E49/><V129/><F129/><W74/><G68/><T117/><D55/><U132/><E132/><V8/><F8/><N who="3" m="2135" /><G88/><N who="0" m="51327" /><D117/><U89/><REACH who="1" step="1"/><E81/><REACH who="1" ten="375,224,115,276" step="2"/><V77/><F77/><W98/><G98/><T17/><D95/><U135/><E135/><V85/><F85/><W0/><G0/><AGARI ba="2,1" hai="0,7,11,14,19,21,50,53,56,89,90,100,102,103" machi="0" ten="40,5200,0" yaku="1,1,53,2" doraHai="70" doraHaiUra="84" who="1" fromWho="3" sc="375,0,224,68,115,0,276,-58" owari="375,47.5,292,9.2,115,-38.5,218,-18.2" /></mjloggm>