<mjloggm ver="2.3"><GO type="225" lobby="0"/><UN n0="%E3%81%A4%E3%81%A3%E3%81%B1%E3%82%8A%E3%83%9D%E3%83%BC%E3%83%AB" n1="%E3%81%8B%E3%82%8F%E3%81%A1%E3%82%83%E3%82%93%35%38" n2="%E3%83%96%E3%83%83%E3%83%91%E3%82%AA%E3%83%96%E3%83%81%E3%82%AD%E3%83%B3" n3="%E4%BF%BA%E3%81%A8%E5%A6%96%E5%A4%A2" dan="17,16,16,16" rate="2137.02,2179.06,2078.44,2157.00" sx="M,M,M,F"/><TAIKYOKU oya="0"/><INIT seed="0,0,0,2,3,68" ten="250,250,250,250" oya="0" hai0="128,93,24,133,105,72,57,84,124,82,91,26,80" hai1="101,103,32,131,31,66,46,75,116,127,96,12,113" hai2="56,132,38,106,18,34,7,107,100,126,98,55,50" hai3="45,60,19,129,118,43,121,58,99,15,9,8,0"/><T97/><D133/><U39/><E103/><V70/><F132/><W20/><G118/><T104/><D128/><U110/><E12/><V115/><F115/><W28/><G129/><T78/><D124/><U130/><E116/><V62/><F126/><W117/><G117/><T5/><D5/><U21/><E21/><V120/><F120/><W102/><G121/><T88/><D57/><U108/><E75/><V59/><F7/><W77/><G77/><N who="0" m="44071" /><D26/><N who="1" m="18551" /><E66/><V63/><F34/><W16/><G28/><T48/><D48/><U49/><E127/><V122/><F122/><W94/><G0/><T2/><D24/><U89/><E89/><N who="0" m="34377" /><D2/><U95/><E39/><V64/><F18/><W81/><G81/><T53/><D53/><N who="1" m="29879" /><E113/><V35/><F35/><W33/><G33/><T67/><D67/><U112/><E112/><V125/><F125/><W11/><G19/><T27/><D27/><U47/><E47/><V4/><F4/><W3/><G3/><T13/><D13/><U42/><E42/><V51/><F38/><W74/><G74/><T10/><D10/><U123/><E123/><V36/><F36/><W76/><G76/><T22/><D22/><U90/><E90/><AGARI ba="0,0" hai="78,82,84,90,93,97,104,105" m="34377,44071" machi="90" ten="30,18000,2" yaku="35,5,54,1" doraHai="68" who="0" fromWho="1" sc="250,180,250,-180,250,0,250,0" /><INIT seed="0,1,0,5,0,128" ten="430,70,250,250" oya="0" hai0="122,23,25,94,13,91,63,12,101,81,16,7,115" hai1="43,119,55,29,4,113,11,124,27,54,88,90,120" hai2="14,84,66,72,78,105,67,65,41,39,45,35,77" hai3="52,73,106,111,99,36,107,96,116,132,79,6,129"/><T47/><D115/><U37/><E119/><V56/><F105/><W85/><G36/><T127/><D122/><U46/><E120/><V20/><F35/><W61/><G116/><T133/><D127/><U92/><E124/><V32/><F32/><W102/><G129/><T103/><D133/><U19/><E19/><V17/><F72/><W134/><G6/><T1/><D1/><U125/><E113/><V9/><F84/><W0/><G0/><T75/><D75/><U50/><E125/><V49/><F39/><W135/><G73/><T71/><D81/><U21/><E37/><V76/><REACH who="2" step="1"/><F9/><REACH who="2" ten="430,70,240,250" step="2"/><W44/><G111/><T10/><D10/><U69/><E69/><V24/><F24/><W59/><G99/><T30/><D25/><U5/><E90/><V40/><F40/><W118/><G118/><T130/><D91/><U104/><E104/><V131/><F131/><W33/><G33/><T18/><D71/><U114/><E114/><V62/><AGARI ba="1,1" hai="14,17,20,41,45,49,56,62,65,66,67,76,77,78" machi="62" ten="30,4000,0" yaku="1,1,0,1,8,1,53,0" doraHai="128" doraHaiUra="82" who="2" fromWho="2" sc="430,-21,70,-11,240,53,250,-11" /><INIT seed="1,0,0,5,5,72" ten="409,59,293,239" oya="1" hai0="54,134,44,73,75,31,130,121,101,103,126,135,39" hai1="76,2,26,80,20,110,85,8,58,93,99,36,106" hai2="30,57,86,108,13,4,10,15,50,61,35,132,1" hai3="51,25,11,125,27,60,87,111,131,129,112,55,69"/><U100/><E110/><V47/><F108/><W98/><G111/><T33/><D130/><N who="3" m="49673" /><G112/><T79/><D126/><U67/><E36/><V14/><F132/><N who="0" m="50730" /><D121/><U133/><E133/><V102/><F102/><N who="0" m="38922" /><D79/><U23/><E106/><V42/><F86/><W16/><G87/><T0/><D0/><U7/><REACH who="1" step="1"/><E26/><REACH who="1" ten="409,49,293,239" step="2"/><V119/><F119/><W49/><G27/><N who="0" m="18687" /><D39/><U70/><E70/><V115/><F115/><W18/><G125/><T120/><D120/><U83/><E83/><V105/><F105/><W82/><G82/><T48/><AGARI ba="0,1" hai="44,48,54,73,75" m="18687,38922,50730" machi="48" ten="30,1100,0" yaku="20,1" doraHai="72" who="0" fromWho="0" sc="409,21,49,-5,293,-3,239,-3" /><INIT seed="2,0,0,1,3,9" ten="430,44,290,236" oya="2" hai0="87,60,98,53,110,48,99,18,30,12,89,64,29" hai1="119,123,56,133,100,118,134,68,112,24,88,84,59" hai2="115,106,45,125,47,90,73,129,97,92,131,120,13" hai3="82,121,65,14,26,104,19,111,21,58,63,40,70"/><V16/><F115/><W2/><G121/><T72/><D110/><U94/><E24/><V135/><F120/><W38/><G2/><T41/><D72/><U33/><E33/><V62/><F73/><W17/><G111/><T69/><D41/><U31/><E31/><V39/><F39/><W55/><G104/><T66/><D30/><U81/><E56/><V96/><F125/><W114/><G114/><T37/><D37/><U10/><E59/><V8/><F135/><N who="1" m="51721" /><E10/><V77/><F77/><W78/><G40/><T71/><D29/><U51/><E51/><V11/><F62/><W130/><G130/><N who="2" m="49673" /><F8/><W43/><G43/><T0/><D0/><U86/><E68/><V93/><F106/><W23/><G38/><T128/><D128/><U25/><E25/><V7/><F7/><W108/><G108/><T132/><D132/><U124/><E123/><V4/><F4/><W50/><G82/><N who="0" m="49399" /><D71/><U49/><E49/><V67/><F67/><N who="0" m="25642" /><D60/><U27/><E112/><V75/><F75/><W61/><G78/><T79/><D79/><N who="1" m="46143" /><E27/><V113/><F113/><W83/><G83/><T57/><D69/><U74/><E74/><V28/><F28/><W126/><REACH who="3" step="1"/><G61/><REACH who="3" ten="430,44,290,226" step="2"/><T76/><D76/><U42/><E42/><V44/><F44/><W101/><G101/><AGARI ba="0,1" hai="11,13,16,45,47,90,92,93,96,97,101" m="49673" machi="101" ten="30,5800,0" yaku="19,1,52,1,54,1" doraHai="9" who="2" fromWho="3" sc="430,0,44,0,290,68,226,-58" /><INIT seed="2,1,0,2,4,126" ten="430,44,358,168" oya="2" hai0="15,61,22,125,96,23,27,14,49,76,92,39,44" hai1="108,103,21,59,93,135,119,82,100,31,45,131,106" hai2="87,122,75,5,9,110,133,42,95,32,54,79,72" hai3="51,62,26,36,120,24,113,115,64,99,132,101,11"/><V25/><F122/><W16/><G120/><T124/><D39/><U57/><E119/><V118/><F118/><W81/><G36/><T116/><D76/><U98/><E106/><V58/><F42/><W33/><G132/><T112/><D112/><N who="3" m="43081" /><G51/><T117/><D61/><U50/><E108/><V19/><F133/><W89/><G89/><N who="0" m="55311" /><D117/><U84/><E100/><V40/><F40/><W73/><G81/><T70/><D70/><U66/><E66/><V1/><F110/><W46/><G46/><T74/><D74/><U121/><E121/><V3/><F3/><W53/><G53/><N who="0" m="29863" /><D23/><U56/><E135/><V102/><F79/><W38/><G73/><T4/><D4/><U105/><E105/><V10/><F87/><W30/><G38/><T128/><D128/><U20/><E131/><V68/><F68/><W107/><G62/><T7/><D7/><U123/><E123/><V63/><F32/><W77/><G77/><T90/><D90/><N who="1" m="51479" /><E31/><V6/><F95/><W48/><G64/><T104/><D104/><U8/><E8/><V13/><REACH who="2" step="1"/><F102/><REACH who="2" ten="430,44,348,168" step="2"/><W34/><G101/><T29/><D116/><U114/><E114/><V71/><F71/><W85/><G107/><T37/><D37/><U0/><E0/><V47/><F47/><W91/><G85/><T97/><D97/><U83/><E83/><V109/><F109/><W86/><G99/><T41/><D41/><U69/><E69/><V78/><F78/><W129/><G34/><T43/><D43/><U94/><E94/><V130/><F130/><W2/><G129/><T65/><D65/><U80/><E80/><RYUUKYOKU ba="1,1" sc="430,10,44,10,348,10,168,-30" hai0="14,15,22,27,29,124,125" hai1="20,21,45,50,56,57,59,93,98,103" hai2="1,5,6,9,10,13,19,25,54,58,63,72,75" /><INIT seed="2,2,1,5,2,70" ten="440,54,358,138" oya="2" hai0="117,59,121,79,112,20,80,128,116,27,15,5,54" hai1="111,118,26,108,64,98,37,33,2,6,65,0,8" hai2="58,107,21,23,109,96,78,7,77,22,76,61,40" hai3="85,134,56,100,46,73,47,106,42,105,45,36,35"/><V10/><F109/><N who="1" m="42057" /><E118/><N who="0" m="45673" /><D112/><U126/><E126/><V68/><F68/><W113/><G73/><N who="0" m="43119" /><D128/><U115/><E115/><V51/><F107/><W44/><G113/><T14/><D5/><U120/><E120/><V43/><F96/><W104/><G35/><T83/><D83/><U90/><E0/><V84/><F84/><W17/><G134/><T92/><D92/><N who="1" m="56599" /><E37/><V69/><F51/><W81/><G56/><T39/><D39/><U75/><E75/><V72/><F69/><W19/><REACH who="3" step="1"/><G100/><REACH who="3" ten="440,54,358,128" step="2"/><T3/><D121/><U62/><E62/><V131/><F72/><W31/><G31/><AGARI ba="2,2" hai="2,6,8,26,31,33,64,65" m="56599,42057" machi="31" ten="30,1000,0" yaku="14,1" doraHai="70" who="1" fromWho="3" sc="440,0,54,36,358,0,128,-16" /><INIT seed="3,0,0,0,1,70" ten="440,90,358,112" oya="3" hai0="35,49,72,126,33,73,55,37,114,111,13,117,63" hai1="10,45,20,56,57,48,30,132,11,44,121,77,99" hai2="96,88,130,69,131,23,50,101,105,53,39,6,89" hai3="95,28,135,12,40,118,52,31,113,92,110,36,123"/><W66/><G113/><T112/><D37/><U78/><E121/><V94/><F69/><W65/><G123/><T54/><D117/><U15/><E132/><V122/><F122/><W26/><G118/><T76/><D111/><U102/><E30/><V0/><F0/><W93/><G110/><T125/><D13/><U5/><E20/><V46/><F6/><W64/><G135/><T1/><D1/><U104/><E11/><V97/><F23/><W27/><G12/><T134/><D134/><U119/><E119/><V59/><REACH who="2" step="1"/><F89/><REACH who="2" ten="440,90,348,112" step="2"/><W127/><G127/><N who="0" m="48651" /><D35/><U82/><E78/><V100/><F100/><W124/><G124/><T61/><D33/><U22/><E22/><V74/><F74/><W81/><G28/><T98/><D76/><U4/><E4/><V18/><F18/><W62/><G31/><T19/><D19/><U91/><E91/><V87/><F87/><W47/><G81/><T106/><D73/><U107/><E107/><V109/><F109/><W115/><G115/><T3/><D72/><U14/><E14/><V133/><F133/><W71/><G71/><T32/><D32/><U41/><REACH who="1" step="1"/><E45/><REACH who="1" ten="440,80,348,112" step="2"/><V60/><F60/><W34/><G34/><T43/><D3/><U86/><AGARI ba="0,2" hai="5,10,15,41,44,48,56,57,77,82,86,99,102,104" machi="86" ten="20,12000,2" yaku="1,1,2,1,0,1,7,1,25,2,53,1" doraHai="70" doraHaiUra="7" who="1" fromWho="1" sc="440,-30,80,140,348,-30,112,-60" owari="410,51.0,220,-18.0,318,11.8,52,-44.8" /></mjloggm>