<mjloggm ver="2.3"><GO type="225" lobby="0"/><UN n0="%E3%80%90%E3%83%88%E3%83%AA%E3%83%A5%E3%83%95%E3%80%91" n1="%E6%B7%91%E5%A5%B3%E3%81%AE%E5%97%9C%E3%81%BF" n2="%4C%4F%4C%49%54%41" n3="%E4%BF%BA%E3%81%A8%E5%A6%96%E5%A4%A2" dan="16,16,16,16" rate="2111.91,2109.90,2220.05,2126.64" sx="M,M,F,F"/><TAIKYOKU oya="0"/><INIT seed="0,0,0,0,5,101" ten="250,250,250,250" oya="0" hai0="118,12,55,105,8,79,37,133,58,15,35,80,121" hai1="48,18,71,45,102,72,92,61,26,50,60,113,44" hai2="16,46,78,131,6,127,29,53,52,24,28,1,66" hai3="54,99,96,40,43,25,77,51,123,64,85,83,97"/><T84/><D118/><U42/><E72/><V31/><F127/><W120/><G64/><T124/><D121/><N who="3" m="46665" /><G25/><T119/><D119/><U20/><E71/><V0/><F131/><W2/><G2/><T111/><D37/><U10/><E113/><V130/><F130/><W47/><AGARI ba="0,0" hai="40,43,47,51,54,77,83,85,96,97,99" m="46665" machi="47" ten="30,1100,0" yaku="13,1" doraHai="101" who="3" fromWho="3" sc="250,-5,250,-3,250,-3,250,11" /><INIT seed="1,0,0,3,2,119" ten="245,247,247,261" oya="1" hai0="69,10,129,98,47,96,130,77,131,42,73,101,63" hai1="100,6,21,27,118,30,88,5,25,11,93,109,48" hai2="56,114,51,123,7,75,120,46,89,107,50,2,94" hai3="12,104,20,59,29,111,9,67,92,132,62,15,105"/><U45/><E118/><V34/><F107/><W60/><G111/><T57/><D69/><U108/><E100/><V17/><F75/><W70/><G132/><T71/><D71/><U37/><E37/><V49/><F34/><W126/><G126/><T112/><D112/><U81/><E81/><V52/><F114/><W54/><G92/><T31/><D10/><U33/><E11/><V95/><F7/><W19/><REACH who="3" step="1"/><G29/><REACH who="3" ten="245,247,247,251" step="2"/><T117/><D31/><U8/><E109/><V72/><F94/><W110/><G110/><T28/><D28/><U121/><E108/><V55/><F95/><W85/><G85/><T66/><D117/><U127/><E127/><V113/><F113/><W3/><G3/><T4/><D101/><U13/><E33/><V99/><F2/><W16/><AGARI ba="0,1" hai="9,12,15,16,19,20,54,59,60,62,67,70,104,105" machi="16" ten="20,5200,0" yaku="1,1,0,1,7,1,54,1,53,0" doraHai="119" doraHaiUra="43" who="3" fromWho="3" sc="245,-13,247,-26,247,-13,251,62" /><INIT seed="2,0,0,5,3,93" ten="232,221,234,313" oya="2" hai0="92,14,99,30,1,67,132,27,54,49,23,0,102" hai1="57,98,42,72,128,60,7,114,77,118,79,18,47" hai2="83,74,69,64,105,19,125,100,109,81,3,112,89" hai3="48,106,62,130,38,135,103,129,66,11,84,29,50"/><V31/><F112/><W104/><G38/><T56/><D132/><U91/><E114/><V123/><F123/><W78/><G135/><T71/><D71/><U95/><E118/><V39/><F39/><W76/><G29/><T35/><D35/><U63/><E128/><N who="3" m="49258" /><G11/><T10/><REACH who="0" step="1"/><D67/><REACH who="0" ten="222,221,234,313" step="2"/><N who="1" m="39311" /><E72/><V70/><F74/><W20/><G66/><T121/><D121/><U13/><E7/><AGARI ba="0,1" hai="0,1,7,10,14,23,27,30,49,54,56,92,99,102" machi="7" ten="30,3900,0" yaku="1,1,7,1,52,1,53,0" doraHai="93" doraHaiUra="36" who="0" fromWho="1" sc="222,49,221,-39,234,0,313,0" /><INIT seed="3,0,0,3,5,23" ten="271,182,234,313" oya="3" hai0="58,29,88,3,15,45,95,135,98,113,11,115,42" hai1="74,26,48,18,90,67,14,124,16,21,122,117,56" hai2="44,66,114,54,2,126,112,86,131,72,41,35,78" hai3="53,81,40,64,52,30,13,120,55,0,10,111,76"/><W27/><G120/><T12/><D135/><U102/><E122/><V107/><F107/><W85/><G0/><T47/><D58/><U84/><E74/><V132/><F66/><W104/><G104/><T96/><D29/><U68/><E124/><V97/><F2/><W63/><G40/><T121/><D121/><U49/><E68/><V99/><F35/><W91/><G111/><T57/><D57/><U59/><E102/><V4/><F4/><W134/><G134/><T77/><D77/><U129/><E129/><V125/><F86/><W101/><G101/><T80/><D80/><U130/><E130/><V89/><F54/><W106/><G106/><T51/><D98/><N who="2" m="37386" /><F89/><W133/><G133/><T9/><D3/><U108/><E108/><V128/><F132/><W127/><G127/><N who="2" m="48649" /><F128/><W119/><G91/><T105/><D105/><U60/><E59/><V20/><F20/><N who="3" m="15719" /><G64/><T34/><D34/><U22/><E117/><V31/><F131/><W82/><G119/><T109/><D109/><U43/><E43/><V61/><F41/><W24/><G82/><AGARI ba="0,0" hai="14,16,18,21,22,26,48,49,56,60,67,82,84,90" machi="82" ten="30,7700,0" yaku="7,1,8,1,52,1,54,1" doraHai="23" who="1" fromWho="3" sc="271,0,182,77,234,0,313,-77" /><INIT seed="4,0,0,2,3,22" ten="271,259,234,236" oya="0" hai0="17,126,94,33,2,78,81,1,132,55,131,61,40" hai1="69,123,71,120,60,72,23,112,18,65,130,12,91" hai2="119,99,52,11,43,113,84,42,31,115,13,7,106" hai3="4,51,82,66,50,127,110,124,6,117,38,36,27"/><T96/><D33/><U90/><E72/><V108/><F108/><W29/><G66/><T8/><D40/><U59/><E130/><V89/><F119/><W0/><G110/><T103/><D131/><U107/><E107/><V45/><F31/><W83/><G0/><T24/><D132/><U10/><E112/><N who="2" m="43083" /><F99/><W76/><G29/><T111/><D126/><U92/><E71/><V116/><F106/><W54/><G54/><T135/><D135/><U67/><E67/><V26/><F116/><W49/><G49/><T32/><D32/><U85/><E69/><V98/><F98/><W75/><G117/><T15/><D111/><U9/><E120/><V95/><F26/><W79/><G75/><T88/><D103/><U16/><E123/><V128/><F128/><W20/><G20/><T30/><D30/><U14/><E91/><V5/><F5/><W97/><G97/><T114/><D24/><AGARI ba="0,0" hai="4,6,24,27,36,38,50,51,76,79,82,83,124,127" machi="24" ten="25,6400,0" yaku="22,2,52,2" doraHai="22" who="3" fromWho="0" sc="271,-64,259,0,234,0,236,64" owari="207,-29.3,259,5.9,234,-16.6,300,40.0" /></mjloggm>