<mjloggm ver="2.3"><GO type="225" lobby="0"/><UN n0="%E6%A1%9C%E8%8A%B1%E9%96%83%E3%80%85" n1="%E3%83%81%E3%83%A7%E3%83%99%E3%83%83%E3%82%AF" n2="%E3%81%BF%E3%81%BF%E3%81%9A" n3="%E5%B8%86%E7%AB%8B%E5%A4%8F%E8%A1%A3" dan="16,16,18,17" rate="2148.99,2126.26,2204.11,2155.39" sx="M,M,M,M"/><TAIKYOKU oya="0"/><INIT seed="0,0,0,1,2,0" ten="250,250,250,250" oya="0" hai0="38,50,58,87,37,92,36,95,31,80,91,72,128" hai1="7,46,59,40,29,49,103,41,132,16,79,24,71" hai2="13,74,127,88,23,21,57,9,82,61,60,39,32" hai3="90,35,99,116,15,104,131,76,42,25,18,115,117"/><T26/><D128/><U66/><E132/><V125/><F32/><W68/><G115/><T120/><D120/><U47/><E103/><V75/><F39/><W112/><G112/><T77/><D92/><U78/><E71/><V2/><F2/><W107/><G107/><T44/><D58/><U129/><E129/><V97/><F97/><W96/><G96/><T14/><D14/><U30/><E66/><V54/><F60/><W33/><G33/><T4/><D4/><U65/><E7/><N who="2" m="3263" /><F75/><W118/><G131/><T114/><D114/><U83/><E59/><V63/><F63/><W1/><G68/><T108/><D108/><U22/><E65/><V109/><F74/><W73/><G1/><T70/><D70/><U52/><E40/><V69/><F109/><W81/><G42/><T28/><REACH who="0" step="1"/><D26/><REACH who="0" ten="240,250,250,250" step="2"/><U85/><REACH who="1" step="1"/><E79/><REACH who="1" ten="240,240,250,250" step="2"/><V89/><F69/><W67/><G76/><T43/><AGARI ba="0,2" hai="28,31,36,37,38,43,44,50,72,77,80,87,91,95" machi="43" ten="30,6000,0" yaku="1,1,2,1,0,1,53,0" doraHai="0" doraHaiUra="3" who="0" fromWho="0" sc="240,80,240,-20,250,-20,250,-20" /><INIT seed="0,1,0,2,2,118" ten="320,220,230,230" oya="0" hai0="33,89,74,38,99,47,4,88,76,13,120,32,98" hai1="121,105,16,24,15,110,17,126,70,26,83,111,22" hai2="12,35,84,34,128,124,97,46,41,48,86,109,71" hai3="37,131,122,103,49,81,96,36,123,29,104,31,66"/><T61/><D120/><N who="3" m="46121" /><G131/><T117/><D117/><U7/><E105/><V8/><F71/><W79/><G49/><T56/><D74/><U100/><E70/><V21/><F128/><W113/><G66/><T20/><D76/><U63/><E100/><V75/><F75/><N who="3" m="43263" /><G113/><T58/><D33/><U134/><E63/><V57/><F109/><N who="1" m="41481" /><E121/><V6/><F124/><W125/><G125/><T42/><D32/><U18/><E126/><V23/><F34/><W73/><G73/><T50/><D38/><AGARI ba="1,0" hai="29,31,36,37,38,96,103,104" m="43263,46121" machi="38" ten="30,7700,0" yaku="13,1,52,3" doraHai="118" who="3" fromWho="0" sc="320,-80,220,0,230,0,230,80" /><INIT seed="1,0,0,3,1,58" ten="240,220,230,310" oya="1" hai0="6,115,102,27,61,53,11,91,41,51,123,92,14" hai1="99,111,12,103,16,31,125,72,105,77,108,4,38" hai2="7,89,87,45,129,82,57,60,2,127,1,44,8" hai3="5,98,124,28,22,34,71,118,65,67,122,110,128"/><U49/><E38/><V104/><F127/><W43/><G122/><T48/><D115/><U86/><E72/><V35/><F129/><W73/><G73/><T126/><D126/><U25/><E4/><V84/><F35/><W3/><G34/><T23/><D123/><U85/><E125/><V68/><F68/><W116/><G124/><T59/><D102/><U42/><E77/><V101/><F1/><W107/><G43/><T10/><D10/><U114/><E114/><V93/><F104/><W75/><G110/><N who="1" m="42026" /><E42/><V76/><REACH who="2" step="1"/><F101/><REACH who="2" ten="240,220,220,310" step="2"/><W54/><G107/><T120/><D120/><U121/><E121/><V132/><F132/><W47/><G128/><T130/><D130/><U100/><E100/><V20/><F20/><W63/><G22/><T83/><D41/><U119/><E119/><V62/><F62/><W56/><G63/><T113/><D113/><U13/><E13/><V24/><F24/><W32/><G118/><T30/><REACH who="0" step="1"/><D83/><REACH who="0" ten="230,220,220,310" step="2"/><U17/><E103/><V29/><F29/><W39/><G28/><T81/><D81/><U97/><E31/><V50/><F50/><W66/><G116/><T94/><D94/><U95/><E49/><V19/><F19/><W37/><G37/><T79/><D79/><U21/><E105/><V18/><F18/><W88/><G39/><T106/><D106/><U74/><E95/><V64/><AGARI ba="0,2" hai="2,7,8,44,45,57,60,64,76,82,84,87,89,93" machi="64" ten="20,5200,0" yaku="1,1,0,1,7,1,52,1,53,0" doraHai="58" doraHaiUra="36" who="2" fromWho="2" sc="230,-13,220,-26,220,72,310,-13" /><INIT seed="2,0,0,4,0,83" ten="217,194,292,297" oya="2" hai0="8,78,115,103,111,60,106,130,41,134,39,120,100" hai1="99,42,46,135,127,71,13,84,35,43,7,110,123" hai2="91,92,114,109,107,108,86,20,29,50,65,67,72" hai3="112,21,47,9,73,122,69,22,54,66,51,40,15"/><V4/><F114/><W117/><G117/><T56/><D115/><U88/><E71/><V126/><F72/><W94/><G122/><T31/><D120/><U132/><E35/><V59/><F107/><W87/><G73/><T23/><D111/><N who="2" m="42570" /><F126/><W89/><G112/><T53/><D130/><U116/><E123/><V104/><F104/><W97/><G69/><T105/><D78/><U62/><E110/><V64/><F4/><N who="3" m="3495" /><G66/><T82/><D82/><N who="1" m="49175" /><E116/><V95/><F95/><N who="3" m="54719" /><G40/><T32/><D41/><U28/><E28/><V49/><F59/><W58/><G58/><T129/><D31/><U74/><E74/><V77/><F77/><W70/><G70/><T2/><D106/><U12/><E127/><V131/><F131/><W27/><G27/><AGARI ba="0,0" hai="20,27,29,49,50,64,65,67,86,91,92" m="42570" machi="27" ten="30,5800,0" yaku="14,1,10,1,52,1" doraHai="83" who="2" fromWho="3" sc="217,0,194,0,292,58,297,-58" /><INIT seed="2,1,0,1,0,40" ten="217,194,350,239" oya="2" hai0="118,83,70,81,56,21,26,127,126,44,82,67,80" hai1="9,46,131,0,12,28,122,29,112,54,100,27,107" hai2="64,76,42,133,66,48,135,16,104,33,17,41,119" hai3="57,134,84,6,121,39,51,61,114,77,43,52,91"/><V97/><F119/><W11/><G121/><T19/><D70/><U65/><E112/><V79/><F33/><W124/><G124/><N who="0" m="47659" /><D118/><U115/><E115/><V72/><F97/><W10/><G134/><N who="2" m="51209" /><F104/><W38/><G114/><T4/><D4/><U111/><E131/><V125/><F125/><W71/><G77/><N who="2" m="29769" /><F72/><W2/><G11/><T86/><D44/><U73/><E46/><N who="2" m="25679" /><F42/><W50/><G43/><T105/><D105/><U96/><E73/><V47/><F47/><W60/><G39/><T102/><D102/><U98/><E100/><V128/><F128/><W92/><G38/><T25/><D25/><U116/><E27/><V89/><F89/><W34/><G34/><T53/><D86/><U90/><E90/><V18/><AGARI ba="1,0" hai="16,17,18,64,66" m="25679,29769,51209" machi="18" ten="40,7800,0" yaku="20,1,52,1,54,1" doraHai="40" who="2" fromWho="2" sc="217,-27,194,-27,350,81,239,-27" /><INIT seed="2,2,0,3,2,42" ten="190,167,431,212" oya="2" hai0="115,112,70,78,21,39,128,131,125,35,117,98,27" hai1="89,52,12,28,99,100,109,65,5,113,71,77,116" hai2="133,43,134,60,0,83,14,84,61,18,80,86,126" hai3="114,37,51,38,13,3,50,90,30,64,44,26,16"/><V47/><F0/><W104/><G3/><T94/><D35/><U87/><E113/><V36/><F126/><W121/><G114/><T130/><D125/><U7/><E116/><V132/><F84/><W119/><G121/><T85/><D70/><U57/><E71/><V40/><F40/><W6/><G6/><T129/><D39/><U33/><E65/><V127/><F127/><W81/><G104/><T49/><D117/><U107/><E109/><V79/><REACH who="2" step="1"/><F80/><REACH who="2" ten="190,167,421,212" step="2"/><W31/><G81/><N who="0" m="47287" /><D131/><U105/><E77/><V1/><F1/><W46/><G119/><T24/><D112/><U63/><E107/><V95/><F95/><W68/><G38/><T123/><D115/><U108/><E108/><V118/><F118/><W74/><G37/><T102/><D123/><U106/><E105/><V20/><AGARI ba="2,1" hai="14,18,20,36,43,47,60,61,79,83,86,132,133,134" machi="20" ten="30,18000,2" yaku="1,1,0,1,20,1,52,1,53,2" doraHai="42" doraHaiUra="56" who="2" fromWho="2" sc="190,-62,167,-62,421,196,212,-62" /><INIT seed="2,3,0,2,5,103" ten="128,105,617,150" oya="2" hai0="120,134,27,73,96,15,23,129,24,113,68,89,124" hai1="115,128,126,41,86,101,48,116,46,16,8,123,21" hai2="45,108,9,35,4,38,10,80,59,133,122,61,3" hai3="105,70,58,32,28,131,0,114,43,22,66,5,39"/><V132/><F122/><W14/><G131/><T65/><D120/><U11/><E115/><V56/><F35/><W102/><G58/><T72/><D113/><U44/><E116/><V87/><F10/><W47/><G114/><T88/><D129/><U112/><E112/><V51/><F38/><W127/><G127/><T50/><D124/><U54/><E128/><V69/><F69/><W98/><G22/><T34/><D50/><U78/><E126/><V121/><F121/><W77/><G14/><T91/><D96/><U18/><E18/><V92/><F92/><W7/><G77/><T110/><D110/><U13/><E123/><V76/><F108/><W97/><G97/><T26/><D134/><N who="2" m="51818" /><F61/><N who="3" m="40271" /><G0/><T62/><REACH who="0" step="1"/><D34/><REACH who="0" ten="118,105,617,150" step="2"/><U53/><E101/><V40/><AGARI ba="3,1" hai="3,4,9,40,45,51,56,59,76,80,87" m="51818" machi="40" ten="30,1500,0" yaku="20,1" doraHai="103" who="2" fromWho="2" sc="118,-8,105,-8,617,34,150,-8" /><INIT seed="2,4,0,2,4,101" ten="110,97,651,142" oya="2" hai0="134,131,109,102,56,41,90,67,11,31,47,29,61" hai1="99,119,135,23,46,68,24,126,63,32,91,62,127" hai2="35,66,94,16,113,71,128,65,59,57,12,26,36" hai3="92,10,13,85,95,19,54,25,100,43,112,78,120"/><V82/><F113/><W49/><G120/><T130/><D109/><U15/><E119/><V22/><F36/><W108/><G108/><T83/><D134/><U75/><E32/><V9/><F128/><N who="0" m="49194" /><D102/><U73/><E15/><V129/><F129/><W104/><G112/><T76/><D90/><U89/><E46/><V28/><F82/><N who="3" m="47319" /><G104/><T27/><D11/><U20/><E135/><V52/><F71/><W124/><G100/><T103/><D103/><U88/><E99/><V58/><F94/><N who="3" m="35883" /><G124/><N who="1" m="47658" /><E68/><V1/><REACH who="2" step="1"/><F52/><REACH who="2" ten="110,97,641,142" step="2"/><W132/><G132/><T33/><D47/><U98/><E98/><V8/><F8/><W44/><G54/><T111/><D111/><U5/><E5/><AGARI ba="4,1" hai="1,5,9,12,16,22,26,28,35,57,58,59,65,66" machi="5" ten="40,12000,1" yaku="1,1,24,2,54,1,53,0" doraHai="101" doraHaiUra="87" who="2" fromWho="1" sc="110,0,97,-132,641,142,142,0" owari="110,-29.0,-35,-53.5,783,88.3,142,-5.8" /></mjloggm>