<mjloggm ver="2.3"><GO type="225" lobby="0"/><UN n0="%E6%98%93%E5%88%A9%E8%96%A9%E4%BC%AF" n1="%E3%82%AF%E3%82%A3%E3%82%A6" n2="%E3%83%A9%E3%82%B9%E7%8E%87%EF%BC%93%E5%89%B2" n3="%E9%A6%AC%E5%BC%95%E7%81%AB%33" dan="17,16,16,16" rate="2117.21,2076.91,2205.06,2054.72" sx="F,M,F,M"/><TAIKYOKU oya="0"/><INIT seed="0,0,0,0,2,89" ten="250,250,250,250" oya="0" hai0="16,116,57,82,24,27,23,58,127,92,3,85,30" hai1="117,104,59,53,46,33,69,107,28,115,44,77,105" hai2="99,96,2,67,19,68,100,102,76,122,112,36,21" hai3="55,71,93,52,47,45,64,26,62,56,119,114,60"/><T91/><D116/><U4/><E117/><V108/><F36/><W132/><G119/><T86/><D127/><U18/><E115/><V133/><F2/><W125/><G114/><T73/><D73/><U94/><E69/><V65/><F112/><W22/><G125/><T9/><D3/><U111/><E111/><V110/><F122/><W11/><G132/><T131/><D131/><U128/><E128/><V103/><F76/><W61/><G11/><T32/><REACH who="0" step="1"/><D9/><REACH who="0" ten="240,250,250,250" step="2"/><U54/><E107/><V84/><F110/><W124/><G124/><T83/><D83/><U135/><E105/><V70/><F108/><W97/><G71/><T106/><D106/><U75/><E104/><V101/><F68/><W98/><G64/><T34/><D34/><U51/><E33/><V134/><F67/><W41/><G41/><T0/><D0/><U66/><E66/><V121/><F65/><W78/><G55/><T12/><D12/><U80/><E54/><V120/><F70/><W25/><G25/><T126/><D126/><U123/><E123/><V118/><F118/><W5/><G26/><T49/><D49/><U79/><E135/><V88/><F121/><W31/><G62/><T90/><AGARI ba="0,1" hai="16,23,24,27,30,32,57,58,82,85,86,90,91,92" machi="90" ten="20,12000,1" yaku="1,1,0,1,7,1,52,1,54,1,53,0" doraHai="89" doraHaiUra="74" who="0" fromWho="0" sc="240,130,250,-40,250,-40,250,-40" /><INIT seed="0,1,0,4,1,79" ten="370,210,210,210" oya="0" hai0="77,0,109,18,17,69,129,53,5,84,32,41,92" hai1="44,100,112,7,42,19,72,37,73,85,108,25,33" hai2="111,27,68,22,118,12,78,102,128,96,46,26,29" hai3="4,131,110,94,130,59,91,70,10,121,45,74,9"/><T127/><D69/><U66/><E108/><V14/><F111/><W104/><G110/><T113/><D113/><U47/><E112/><V34/><F128/><N who="3" m="49195" /><G70/><T89/><D109/><U13/><E47/><V75/><F118/><W67/><G104/><T122/><D122/><U103/><E66/><V116/><F116/><W120/><G74/><T20/><D32/><U58/><E58/><V76/><F46/><W21/><G21/><T50/><D41/><U43/><E43/><V119/><F68/><W107/><G107/><T82/><D127/><U55/><E55/><V133/><F133/><W23/><G23/><T31/><D5/><U57/><E7/><V97/><F119/><W6/><G45/><T98/><D0/><U8/><E57/><V40/><F40/><W15/><G59/><N who="0" m="33207" /><D129/><U64/><E64/><V16/><F97/><N who="3" m="57567" /><G67/><T117/><D117/><U51/><E37/><V80/><REACH who="2" step="1"/><F76/><REACH who="2" ten="370,210,200,210" step="2"/><W39/><G39/><T135/><D135/><U3/><E44/><V114/><F114/><W11/><G4/><T99/><D99/><U95/><E42/><V115/><F115/><W54/><G54/><T83/><D98/><U71/><E71/><V49/><F49/><W106/><G106/><AGARI ba="1,1" hai="12,14,16,22,26,27,29,34,75,78,80,96,102,106" machi="106" ten="30,7700,0" yaku="1,1,7,1,52,1,54,1,53,0" doraHai="79" doraHaiUra="81" who="2" fromWho="3" sc="370,0,210,0,200,90,210,-80" /><INIT seed="1,0,0,2,3,20" ten="370,210,290,130" oya="1" hai0="75,118,110,2,91,115,69,132,133,108,134,122,22" hai1="114,123,50,128,79,58,34,87,4,97,66,14,130" hai2="33,105,107,109,31,60,55,5,28,127,83,101,45" hai3="52,30,51,98,111,29,17,94,39,129,18,102,100"/><U41/><E114/><V120/><F120/><W96/><G111/><N who="0" m="42539" /><D69/><U80/><E123/><V93/><F5/><W99/><G129/><T84/><D122/><U116/><E34/><V88/><F127/><W15/><G39/><T35/><D115/><U12/><E116/><V71/><F83/><W82/><G82/><T24/><D118/><U67/><E97/><V59/><F71/><W57/><G98/><T23/><D2/><U124/><E124/><V53/><F101/><W7/><G7/><T10/><D10/><N who="1" m="4167" /><E14/><V26/><F28/><W13/><G13/><T89/><D75/><U86/><E86/><V61/><F109/><W85/><G17/><N who="0" m="12367" /><D35/><U73/><E73/><V16/><F16/><W37/><G85/><T48/><D84/><U3/><E3/><V81/><F81/><W92/><REACH who="3" step="1"/><G37/><REACH who="3" ten="370,210,290,120" step="2"/><T38/><D38/><U72/><E72/><V54/><F107/><W76/><G76/><T103/><D134/><U126/><E126/><V125/><F105/><W104/><G104/><T32/><D133/><U65/><E130/><V113/><F125/><W25/><G25/><T46/><D132/><U47/><E128/><V135/><F135/><W56/><G56/><AGARI ba="0,1" hai="41,47,50,56,58,65,66,67,79,80,87" m="4167" machi="56" ten="30,2900,0" yaku="25,1,8,1" doraHai="20" who="1" fromWho="3" sc="370,0,210,39,290,0,120,-29" /><INIT seed="1,1,0,3,1,33" ten="370,249,290,91" oya="1" hai0="81,82,5,133,84,129,113,80,118,104,37,2,31" hai1="87,66,125,127,15,39,132,23,75,12,98,117,55" hai2="44,91,97,63,8,68,10,67,18,62,119,64,60" hai3="89,32,42,47,6,51,29,21,57,126,83,90,111"/><U53/><E39/><V123/><F119/><W124/><G111/><T48/><D37/><U22/><E75/><V43/><F123/><W56/><G32/><T115/><D118/><U92/><E117/><V9/><F18/><W46/><G6/><T116/><D116/><U4/><E87/><V106/><F68/><W19/><G29/><T121/><D104/><U109/><E66/><V110/><F110/><W49/><G19/><T86/><D31/><U120/><E120/><V45/><F106/><W99/><G99/><T112/><D121/><U72/><E72/><V50/><F45/><W14/><G14/><T94/><D133/><U70/><E70/><V0/><F0/><W65/><G65/><N who="2" m="25161" /><F91/><W1/><G83/><T134/><D134/><U30/><E109/><V71/><F71/><W58/><G58/><T38/><D38/><U95/><E132/><V27/><F27/><W69/><G69/><T17/><D17/><U20/><E30/><V24/><F24/><W100/><G100/><T85/><D129/><U11/><E12/><V54/><F97/><W76/><G76/><T61/><D94/><U26/><E26/><V41/><AGARI ba="1,0" hai="8,9,10,41,43,44,50,54,60,62,63" m="25161" machi="41" ten="40,1500,0" yaku="8,1" doraHai="33" who="2" fromWho="2" sc="370,-5,249,-8,290,18,91,-5" /><INIT seed="2,0,0,2,2,26" ten="365,241,308,86" oya="2" hai0="109,87,77,2,16,60,7,79,5,41,3,94,28" hai1="72,52,23,73,25,48,18,134,31,30,65,103,81" hai2="100,93,42,125,51,133,11,24,22,17,78,4,90" hai3="82,12,111,40,49,67,123,128,102,86,122,37,88"/><V39/><F133/><W84/><G111/><T61/><D41/><U46/><E134/><V105/><F125/><W70/><G128/><T69/><D69/><U0/><E0/><V85/><F39/><W13/><G37/><T127/><D109/><U120/><E120/><V15/><F105/><W74/><G74/><T56/><D28/><N who="1" m="10795" /><E72/><V108/><F108/><W131/><G131/><T34/><D34/><U76/><E73/><V35/><F35/><W106/><G106/><T124/><D56/><U80/><E76/><V29/><F100/><W132/><G132/><T6/><D79/><U62/><E103/><V126/><F126/><W89/><G102/><T110/><D77/><U44/><E44/><N who="2" m="26007" /><F78/><W57/><G70/><T38/><D38/><U118/><E118/><V112/><F112/><W96/><G96/><T97/><D2/><U36/><E36/><V32/><F32/><W10/><G40/><T45/><D3/><U98/><E98/><V129/><F129/><W83/><G13/><T121/><D97/><U50/><E50/><V43/><F43/><W66/><G122/><T92/><D121/><U27/><E25/><V101/><F101/><W113/><G123/><T114/><D110/><U21/><E21/><V1/><F1/><W59/><G113/><T115/><D115/><U91/><E91/><V58/><F58/><AGARI ba="0,0" hai="18,23,27,46,48,52,58,62,65,80,81" m="10795" machi="58" ten="30,8000,1" yaku="8,1,52,3,54,1" doraHai="26" who="1" fromWho="2" sc="365,0,241,80,308,-80,86,0" /><INIT seed="3,0,0,0,1,46" ten="365,321,228,86" oya="3" hai0="25,80,35,50,27,44,20,62,11,120,19,135,16" hai1="23,13,134,29,65,114,128,26,106,132,108,126,123" hai2="90,8,96,99,7,33,72,105,133,86,89,73,129" hai3="43,130,5,40,64,75,0,28,111,24,74,66,104"/><W116/><G116/><T57/><D135/><U61/><E114/><V112/><F33/><W63/><G130/><T55/><D120/><U125/><E123/><V34/><F34/><W54/><G104/><T71/><D71/><U103/><E108/><V110/><F112/><W88/><G111/><T93/><D35/><U131/><E103/><N who="2" m="62695" /><F8/><W70/><G54/><T9/><D80/><U91/><E91/><V109/><F7/><W49/><G66/><N who="0" m="39247" /><D93/><U58/><E13/><V79/><F129/><N who="1" m="49737" /><E106/><V21/><F21/><AGARI ba="0,0" hai="9,11,16,19,20,21,25,27,44,50,55" m="39247" machi="21" ten="30,3900,0" yaku="8,1,52,1,54,1" doraHai="46" who="0" fromWho="2" sc="365,39,321,0,228,-39,86,0" owari="404,50.4,321,12.1,189,-21.1,86,-41.4" /></mjloggm>