<mjloggm ver="2.3"><GO type="225" lobby="0"/><UN n0="%E3%83%A9%E3%82%B9%E7%8E%87%EF%BC%93%E5%89%B2" n1="%E5%8D%A0%E3%81%84%E5%B8%AB%E8%A3%8F%E3%81%AA%E3%81%84%E3%81%97" n2="%72%65%6E%6B%75%6E" n3="%E5%A4%8F%E9%88%B4%E9%88%B4%E5%A4%8F" dan="16,17,17,16" rate="2158.96,2229.75,2210.34,2159.32" sx="F,M,M,F"/><TAIKYOKU oya="0"/><INIT seed="0,0,0,5,2,58" ten="250,250,250,250" oya="0" hai0="8,9,16,123,53,31,109,60,79,67,71,62,112" hai1="23,26,130,80,20,6,86,7,96,129,101,113,126" hai2="4,34,28,49,3,70,66,11,52,14,133,69,89" hai3="116,32,72,30,102,125,106,73,65,29,37,98,132"/><T121/><D112/><U135/><E113/><V1/><F133/><W127/><G116/><T77/><D31/><N who="3" m="11785" /><G32/><T88/><D109/><U110/><E110/><V124/><F124/><N who="3" m="47691" /><G132/><T2/><D2/><U59/><E135/><V50/><F50/><W134/><G134/><T87/><D121/><U94/><E126/><V27/><F89/><W21/><G37/><T131/><D131/><N who="1" m="50187" /><E59/><V82/><F82/><W57/><G21/><N who="1" m="8266" /><E26/><V119/><F119/><W117/><G117/><T75/><D75/><U84/><E84/><V42/><F42/><W103/><G103/><T18/><D123/><U45/><E45/><V46/><REACH who="2" step="1"/><F66/><REACH who="2" ten="250,250,240,250" step="2"/><W38/><G38/><T122/><D122/><U44/><E44/><V13/><F13/><W54/><G65/><T81/><D77/><AGARI ba="0,1" hai="6,7,77,80,86,94,96,101" m="8266,50187" machi="77" ten="30,1000,0" yaku="19,1" doraHai="58" who="1" fromWho="0" sc="250,-10,250,20,240,0,250,0" /><INIT seed="1,0,0,4,5,131" ten="240,270,240,250" oya="1" hai0="117,75,61,9,84,71,126,124,50,1,88,108,100" hai1="31,55,106,135,81,82,15,86,112,70,94,8,69" hai2="30,111,74,26,128,2,36,12,129,63,28,40,38" hai3="121,92,107,35,77,103,59,89,104,29,60,98,18"/><U85/><E106/><V51/><F2/><W37/><G121/><T23/><D117/><U80/><E112/><V42/><F74/><W25/><G37/><N who="2" m="14441" /><F63/><W58/><G77/><T62/><D75/><U33/><E31/><N who="2" m="11819" /><F12/><W65/><G103/><T64/><D108/><U123/><E33/><V113/><F51/><W34/><G34/><T13/><D100/><U57/><E123/><V41/><F26/><W47/><G47/><T52/><D23/><U102/><E69/><V91/><F91/><W90/><G90/><T46/><D1/><U78/><E70/><V54/><F54/><W122/><G122/><T56/><D62/><U44/><E44/><V66/><F66/><W19/><G59/><T118/><D118/><U96/><E85/><V83/><F83/><W22/><REACH who="3" step="1"/><G18/><REACH who="3" ten="240,270,240,240" step="2"/><N who="0" m="8495" /><D71/><U73/><E73/><V6/><F111/><W99/><G99/><T17/><D17/><U116/><E116/><V32/><F32/><W127/><G127/><T16/><D16/><U133/><E78/><V48/><F113/><W0/><G0/><T45/><D45/><U21/><E57/><V130/><F48/><W43/><G43/><T24/><D24/><AGARI ba="0,1" hai="19,22,24,25,29,35,58,60,65,89,92,98,104,107" machi="24" ten="30,2000,0" yaku="1,1,7,1,53,0" doraHai="131" doraHaiUra="11" who="3" fromWho="0" sc="240,-20,270,0,240,0,240,30" /><INIT seed="2,0,0,0,2,44" ten="220,270,240,270" oya="2" hai0="72,11,69,34,116,10,47,122,35,91,131,74,39" hai1="117,85,66,96,1,119,21,98,3,115,76,81,90" hai2="124,12,123,58,46,105,16,41,40,14,25,104,54" hai3="87,13,100,4,94,107,63,86,78,71,24,51,128"/><V108/><F123/><W31/><G107/><T30/><D122/><U132/><E115/><V127/><F108/><W93/><G128/><T82/><D69/><U45/><E132/><V129/><F129/><W23/><G71/><T75/><D131/><U73/><E66/><V97/><F25/><W22/><G63/><T121/><D121/><U113/><E113/><V103/><F105/><W110/><G110/><T15/><D116/><U52/><E117/><V49/><F12/><W112/><G100/><T114/><D11/><U126/><E126/><V53/><F53/><W99/><G99/><T133/><D30/><U26/><E119/><V37/><REACH who="2" step="1"/><F41/><REACH who="2" ten="220,270,230,270" step="2"/><W130/><G130/><T17/><D114/><U120/><E120/><V27/><F27/><W6/><G24/><T64/><D133/><U33/><E1/><V89/><F89/><W80/><G13/><T62/><D91/><U50/><E3/><V118/><F118/><W57/><G112/><T106/><D106/><U43/><E43/><V59/><F59/><W60/><G57/><T0/><D0/><U55/><E55/><V42/><F42/><W111/><G111/><T65/><D15/><U38/><E33/><V83/><F83/><W20/><G80/><T18/><D82/><U92/><E38/><V79/><F79/><W67/><G78/><T95/><D39/><U48/><E48/><V70/><F70/><W68/><G51/><T61/><D34/><U88/><E90/><V102/><F102/><W84/><G31/><AGARI ba="0,1" hai="21,26,31,45,50,52,73,76,81,85,88,92,96,98" machi="31" ten="30,7700,0" yaku="7,1,52,1,54,2" doraHai="44" who="1" fromWho="3" sc="220,0,270,87,230,0,270,-77" /><INIT seed="3,0,0,2,4,26" ten="220,357,230,193" oya="3" hai0="1,97,127,32,59,68,128,47,116,114,43,77,87" hai1="21,83,27,78,108,46,9,36,14,57,123,35,104" hai2="80,112,111,99,115,7,24,113,17,23,40,120,16" hai3="135,0,20,93,70,133,52,66,60,101,94,134,88"/><W29/><G0/><T96/><D68/><U72/><E123/><V107/><F120/><W30/><G101/><T122/><D122/><U73/><E104/><V42/><F111/><W13/><G94/><T55/><D1/><U85/><E35/><V103/><F7/><W79/><G79/><T124/><D116/><U92/><E108/><V37/><F37/><W58/><G13/><T76/><D32/><U67/><E92/><V84/><REACH who="2" step="1"/><F17/><REACH who="2" ten="220,357,220,193" step="2"/><W41/><G20/><T6/><D6/><N who="1" m="3383" /><E36/><V8/><F8/><W82/><G41/><T22/><D22/><U50/><E21/><V61/><F61/><N who="3" m="36039" /><G82/><T19/><D43/><U5/><E83/><V2/><F2/><W64/><G64/><T33/><D19/><U48/><E67/><V49/><F49/><W126/><G126/><T18/><D127/><U131/><E48/><V89/><AGARI ba="0,1" hai="16,23,24,40,42,80,84,89,99,103,107,112,113,115" machi="89" ten="30,7900,0" yaku="1,1,0,1,54,1,53,1" doraHai="26" doraHaiUra="86" who="2" fromWho="2" sc="220,-20,357,-20,220,89,193,-39" owari="200,-20.0,337,43.7,309,10.9,154,-34.6" /></mjloggm>