<mjloggm ver="2.3"><GO type="225" lobby="0"/><UN n0="%E3%83%96%E3%83%83%E3%83%91%E3%82%AA%E3%83%96%E3%83%81%E3%82%AD%E3%83%B3" n1="%E3%83%A9%E3%83%BC%E3%83%A1%E3%83%B3%E4%BA%94%E9%83%8E" n2="%E7%99%BD%E5%80%89%E5%AF%9B%E4%B9%8B" n3="%E3%81%BF%E3%81%BF%E3%81%9A" dan="17,16,16,17" rate="2197.65,2157.14,2153.02,2202.13" sx="M,M,M,M"/><TAIKYOKU oya="0"/><INIT seed="0,0,0,1,5,2" ten="250,250,250,250" oya="0" hai0="132,11,126,17,28,70,6,75,31,103,33,119,106" hai1="68,40,125,63,94,15,65,29,18,22,123,38,13" hai2="96,61,64,3,34,120,52,80,55,49,47,117,122" hai3="134,1,5,135,45,113,67,93,56,102,32,74,76"/><T83/><D119/><U0/><E123/><BYE who="3" /><V116/><F34/><W7/><G7/><T51/><D70/><U44/><E0/><V25/><F25/><W30/><G30/><UN n3="%E3%81%BF%E3%81%BF%E3%81%9A" /><T78/><D126/><U127/><BYE who="3" /><E29/><V4/><F96/><W57/><G57/><T23/><D132/><U104/><E104/><V73/><F80/><W9/><G9/><T100/><D106/><UN n3="%E3%81%BF%E3%81%BF%E3%81%9A" /><U79/><E79/><V92/><F92/><W60/><G60/><T24/><BYE who="3" /><D51/><U8/><REACH who="1" step="1"/><E94/><REACH who="1" ten="250,240,250,250" step="2"/><V77/><F77/><W115/><G115/><T71/><D31/><U85/><E85/><V99/><F3/><W43/><G43/><T95/><D95/><U26/><E26/><V108/><F122/><W110/><G110/><T53/><D28/><U107/><E107/><V90/><F120/><W133/><G133/><T46/><D24/><U48/><E48/><V114/><F49/><W50/><G50/><T69/><D78/><U130/><E130/><V39/><F108/><W124/><G124/><T98/><D75/><U58/><E58/><UN n3="%E3%81%BF%E3%81%BF%E3%81%9A" /><V72/><F73/><W131/><G74/><T35/><D71/><U91/><E91/><V81/><F90/><W105/><G76/><T118/><D69/><U101/><E101/><V54/><F72/><W14/><G102/><T41/><D100/><U86/><E86/><V37/><F117/><W84/><G105/><T129/><D103/><U111/><E111/><V20/><F116/><W82/><G135/><T19/><D118/><U66/><E66/><V89/><F64/><W97/><G134/><T36/><D129/><U128/><E128/><RYUUKYOKU ba="0,1" sc="250,-10,240,30,250,-10,250,-10" hai1="8,13,15,18,22,38,40,44,63,65,68,125,127" /><INIT seed="1,1,1,4,3,31" ten="240,270,240,240" oya="1" hai0="114,110,128,129,122,104,102,18,57,49,59,67,51" hai1="5,48,123,21,62,118,3,117,100,109,16,99,29" hai2="85,43,54,98,60,35,127,45,81,38,34,95,88" hai3="125,30,116,76,26,72,135,19,33,61,44,73,39"/><U64/><E123/><V50/><F60/><W20/><G125/><T132/><D114/><U131/><E131/><N who="0" m="50249" /><D122/><U41/><E109/><V115/><F127/><W83/><G135/><T68/><D110/><U94/><E29/><V87/><F115/><W6/><G116/><T92/><D104/><U65/><E5/><V113/><F113/><W89/><G6/><T8/><D132/><U80/><E3/><V96/><F87/><W14/><G89/><T70/><D102/><U42/><E80/><V134/><F134/><W40/><REACH who="3" step="1"/><G61/><REACH who="3" ten="240,270,240,230" step="2"/><N who="0" m="38335" /><D92/><U77/><E118/><V1/><F1/><W112/><G112/><T120/><D120/><U66/><E117/><V63/><F63/><W101/><G101/><T74/><D68/><U25/><E62/><V126/><F126/><W23/><G23/><T69/><D70/><U71/><E71/><V111/><F111/><W130/><G130/><T105/><D69/><U12/><E77/><V91/><REACH who="2" step="1"/><F98/><REACH who="2" ten="240,270,230,230" step="2"/><W9/><G9/><T106/><D8/><U13/><E99/><V17/><F17/><W4/><G4/><T52/><D74/><AGARI ba="1,3" hai="14,19,20,26,30,33,39,40,44,72,73,74,76,83" machi="74" ten="30,7700,0" yaku="1,1,7,1,52,1,53,1" doraHai="31" doraHaiUra="79" who="3" fromWho="0" sc="240,-80,270,0,230,0,230,110" /><INIT seed="2,0,0,5,1,13" ten="160,270,230,340" oya="2" hai0="122,88,11,108,107,8,95,70,133,33,100,77,22" hai1="84,54,129,132,29,32,96,94,118,75,83,39,71" hai2="60,110,92,112,101,128,41,120,25,12,72,30,4" hai3="50,131,106,42,40,47,67,65,69,5,9,90,104"/><V16/><F72/><W81/><G131/><T119/><D122/><U93/><E118/><V134/><F120/><W49/><G69/><T58/><D33/><U44/><E75/><V105/><F128/><W28/><G28/><T43/><D70/><U85/><E71/><V82/><F112/><W56/><G104/><T62/><D119/><U0/><E0/><V76/><F105/><W124/><G106/><T19/><D108/><U14/><E129/><V51/><F110/><W130/><G130/><T99/><D133/><U18/><E39/><V55/><F134/><W126/><G90/><T135/><D43/><U115/><E29/><V121/><F4/><W117/><G81/><T103/><D77/><N who="1" m="46191" /><E32/><V125/><F125/><N who="3" m="48235" /><G117/><T109/><D135/><U35/><E35/><V98/><F41/><W63/><G65/><T6/><D109/><U80/><E115/><V87/><F60/><W37/><G42/><T7/><D107/><U64/><E64/><V102/><F121/><W15/><AGARI ba="0,0" hai="5,9,15,37,40,47,49,50,56,63,67" m="48235" machi="15" ten="30,1100,0" yaku="18,1" doraHai="13" who="3" fromWho="3" sc="160,-3,270,-3,230,-5,340,11" /><INIT seed="3,0,0,1,4,91" ten="157,267,225,351" oya="3" hai0="119,97,7,127,117,50,46,67,19,81,34,0,79" hai1="111,54,40,13,96,100,95,107,134,131,20,78,59" hai2="99,116,84,90,106,8,121,56,41,71,9,105,26" hai3="83,98,49,33,36,77,128,12,115,42,43,29,61"/><W132/><G115/><T6/><D34/><U57/><E111/><V55/><F71/><W60/><G128/><T58/><D127/><U126/><E131/><V125/><F125/><W10/><G36/><T53/><D7/><U65/><E126/><V3/><F116/><W93/><G132/><T80/><D80/><U2/><E2/><V18/><F41/><W24/><G61/><T32/><D32/><U63/><E40/><V118/><F118/><W1/><G60/><T109/><D109/><U31/><E78/><V30/><F99/><W89/><G49/><T129/><D129/><U103/><E107/><V82/><F121/><W133/><G133/><T16/><D119/><U87/><E87/><V35/><F9/><W69/><G69/><T48/><D117/><U112/><E112/><V5/><F18/><W38/><G1/><T28/><D28/><U130/><E134/><V62/><AGARI ba="0,0" hai="3,5,8,26,30,35,55,56,62,82,84,90,105,106" machi="62" ten="20,1500,0" yaku="0,1,7,1" doraHai="91" who="2" fromWho="2" sc="157,-4,267,-4,225,15,351,-7" owari="153,-34.7,263,6.3,240,-16.0,344,44.4" /></mjloggm>