<mjloggm ver="2.3"><GO type="225" lobby="0"/><UN n0="%33%74%72%65%65" n1="%E3%83%96%E3%83%83%E3%83%91%E3%82%AA%E3%83%96%E3%83%81%E3%82%AD%E3%83%B3" n2="%74%75%72%74%6C%65%2E" n3="%E6%A1%9C%E8%8A%B1%E9%96%83%E3%80%85" dan="17,16,16,16" rate="2222.70,2144.64,2091.70,2113.27" sx="F,M,M,M"/><TAIKYOKU oya="0"/><INIT seed="0,0,0,2,5,34" ten="250,250,250,250" oya="0" hai0="85,84,49,91,42,46,21,115,83,72,104,86,36" hai1="133,81,53,20,47,100,35,121,0,89,132,116,124" hai2="24,117,60,6,15,87,17,111,134,56,43,106,2" hai3="127,51,29,4,23,54,107,80,67,130,118,63,68"/><T110/><D115/><U41/><E116/><V61/><F117/><W26/><G118/><T50/><D104/><U19/><E121/><V8/><F106/><W105/><G130/><T99/><D110/><U64/><E35/><V79/><F111/><W55/><G127/><T112/><D112/><U44/><E64/><V93/><F134/><N who="1" m="51817" /><E124/><V71/><F43/><W52/><G51/><T94/><REACH who="0" step="1"/><D21/><REACH who="0" ten="240,250,250,250" step="2"/><U109/><E109/><V103/><F71/><W16/><G4/><T125/><D125/><U48/><E100/><V119/><F119/><W1/><G1/><T18/><D18/><U69/><E0/><V37/><F2/><W10/><REACH who="3" step="1"/><G80/><REACH who="3" ten="240,250,250,240" step="2"/><T33/><D33/><U40/><E81/><V108/><F108/><W27/><G27/><T88/><D88/><U9/><E89/><V97/><F6/><W73/><G73/><T82/><D82/><U123/><E123/><V65/><F24/><W95/><G95/><T113/><D113/><U30/><E30/><V90/><F79/><AGARI ba="0,2" hai="36,42,46,49,50,72,79,83,84,85,86,91,94,99" machi="79" ten="40,2000,0" yaku="1,1,53,0" doraHai="34" doraHaiUra="126" who="0" fromWho="2" sc="240,40,250,0,250,-20,240,0" /><INIT seed="0,1,0,5,3,24" ten="280,250,230,240" oya="0" hai0="11,39,19,128,20,80,4,111,69,54,106,40,104" hai1="117,37,125,41,107,66,92,44,34,0,53,62,7" hai2="123,49,68,119,129,61,60,64,52,67,77,18,59" hai3="87,112,115,71,5,124,22,130,83,72,95,58,85"/><T21/><D128/><U25/><E117/><V102/><F123/><W15/><G71/><T50/><D69/><U79/><E125/><V13/><F129/><W74/><G130/><T88/><D111/><U30/><E92/><V36/><F36/><W100/><G58/><T109/><D109/><U43/><E53/><V48/><F119/><W23/><G23/><T31/><D39/><U126/><E43/><V47/><F102/><W91/><G5/><T132/><D40/><U101/><E79/><V108/><F108/><W131/><G131/><T33/><D106/><U94/><E94/><V103/><F103/><W81/><G22/><T98/><D132/><U27/><E27/><V35/><F35/><W118/><G15/><N who="0" m="5607" /><D33/><U28/><E28/><V114/><F114/><N who="3" m="43563" /><G118/><T73/><D73/><N who="3" m="28265" /><G124/><T55/><D21/><U14/><E14/><V113/><F113/><W16/><G16/><T122/><D19/><U12/><E12/><V127/><F127/><W57/><G57/><T46/><D20/><U9/><E126/><V45/><F18/><W86/><G100/><T32/><D32/><U96/><REACH who="1" step="1"/><E62/><REACH who="1" ten="280,240,230,240" step="2"/><V65/><F13/><W56/><G95/><N who="0" m="56679" /><D55/><U63/><E63/><V134/><F134/><W10/><G81/><T38/><D80/><U82/><E82/><V17/><F17/><W116/><G116/><T76/><D54/><U121/><E121/><V99/><F61/><W89/><G10/><T2/><D122/><U75/><E75/><V78/><F68/><W3/><G83/><T135/><D135/><U133/><E133/><V120/><F120/><W90/><G3/><RYUUKYOKU ba="1,1" sc="280,-15,240,15,230,-15,240,15" hai1="0,7,9,25,30,34,37,41,44,66,96,101,107" hai3="56,85,86,87,89,90,91" /><INIT seed="1,2,1,5,0,50" ten="265,255,215,255" oya="1" hai0="38,60,30,23,133,29,14,76,15,134,101,80,63" hai1="25,98,3,51,113,16,127,102,75,74,27,71,70" hai2="69,84,110,120,59,28,8,1,10,22,91,87,48" hai3="65,45,5,43,79,0,62,123,131,96,73,135,93"/><U117/><E113/><V100/><F120/><W121/><G131/><T20/><D38/><U18/><E117/><V49/><F69/><N who="3" m="42167" /><G93/><T36/><D36/><U94/><E3/><V41/><F110/><W83/><G96/><T19/><D101/><U57/><E127/><V119/><F119/><W88/><G88/><T12/><D80/><U39/><E39/><V11/><F1/><W33/><G135/><N who="0" m="51723" /><D76/><U78/><E78/><V26/><F100/><W31/><G45/><T85/><D85/><U116/><E116/><V24/><F24/><N who="3" m="18663" /><G43/><T109/><D109/><U2/><E2/><V9/><N who="2" m="2048" /><DORA hai="21" /><V53/><REACH who="2" step="1"/><F91/><REACH who="2" ten="265,255,205,255" step="2"/><W56/><G0/><T47/><D12/><U64/><E71/><V52/><F52/><W107/><G5/><T46/><D14/><U128/><E70/><V34/><F34/><W103/><G103/><T66/><D15/><U86/><E102/><V68/><F68/><W13/><G13/><T40/><D66/><U7/><E64/><V95/><F95/><W118/><G118/><T90/><D90/><U112/><E94/><V35/><F35/><W55/><G107/><T92/><D92/><U132/><E132/><V6/><F6/><W67/><G55/><T77/><D23/><U61/><E7/><V108/><F108/><W115/><G115/><T37/><D20/><U114/><E114/><V104/><F104/><W44/><G123/><T42/><D42/><U97/><E112/><V72/><F72/><W111/><G121/><T106/><D106/><U124/><E75/><V82/><F82/><W81/><G111/><T129/><D40/><RYUUKYOKU ba="2,2" sc="265,-10,255,-10,205,30,255,-10" hai2="22,26,28,41,48,49,53,59,84,87" /><INIT seed="2,3,2,4,5,9" ten="255,245,235,245" oya="2" hai0="80,99,44,17,20,106,107,23,33,41,83,109,104" hai1="60,111,74,1,100,56,110,103,18,89,47,67,78" hai2="46,71,28,97,76,62,82,51,31,57,70,84,52" hai3="120,35,73,92,68,54,91,40,96,132,16,27,69"/><V24/><F97/><W125/><G120/><T86/><D33/><U108/><E1/><V113/><F113/><W2/><G2/><T127/><D109/><U130/><E130/><V121/><F121/><W55/><G125/><T53/><D127/><U129/><E129/><V98/><F98/><W102/><G132/><T11/><D53/><U72/><E89/><V36/><F36/><W124/><G124/><T88/><D80/><N who="1" m="45127" /><E74/><V29/><REACH who="2" step="1"/><F24/><REACH who="2" ten="255,245,225,245" step="2"/><W15/><G102/><T3/><D99/><U6/><E6/><V14/><F14/><W126/><G15/><T37/><D3/><U128/><E128/><V22/><F22/><W75/><G126/><T64/><D23/><U95/><E103/><V8/><F8/><W32/><G32/><T5/><D11/><U63/><E100/><V90/><F90/><W94/><G35/><T65/><REACH who="0" step="1"/><D5/><REACH who="0" ten="245,245,225,245" step="2"/><U81/><E110/><V116/><F116/><W85/><G96/><T30/><D30/><U115/><E111/><V122/><F122/><W61/><G16/><T12/><AGARI ba="3,4" hai="12,17,20,37,41,44,64,65,83,86,88,104,106,107" machi="12" ten="30,12000,2" yaku="1,1,0,1,52,1,54,1,53,3" doraHai="9" doraHaiUra="101" who="0" fromWho="0" sc="245,169,245,-33,225,-63,245,-33" /><INIT seed="3,0,0,5,0,92" ten="414,212,162,212" oya="3" hai0="118,1,81,75,63,132,10,101,64,86,95,73,34" hai1="18,50,49,131,67,62,94,60,84,2,85,108,90" hai2="57,27,14,135,98,72,5,28,91,8,42,111,55" hai3="24,11,121,74,117,19,114,105,0,47,89,82,109"/><W115/><G121/><T6/><D118/><U65/><E108/><V39/><F111/><W68/><G109/><T43/><D34/><U41/><E2/><V127/><F127/><W99/><G117/><T107/><D107/><U16/><E131/><V38/><F135/><W23/><G68/><T7/><D7/><U77/><E77/><V17/><F72/><W53/><G74/><T93/><D43/><U69/><E85/><V52/><F5/><W26/><G0/><T22/><D22/><U9/><E41/><V3/><F3/><W36/><G11/><T128/><D93/><U46/><E9/><V37/><F42/><W129/><G129/><T40/><D40/><U116/><E116/><V130/><F130/><W88/><G36/><T103/><D103/><U112/><E112/><V106/><F57/><W100/><G26/><T54/><D132/><U21/><E46/><V12/><F12/><W20/><G20/><T32/><D32/><U58/><E18/><V48/><F48/><W80/><G53/><T71/><D54/><U87/><E87/><V78/><F78/><W120/><G47/><T29/><D128/><U123/><E123/><V119/><F119/><W25/><G120/><T97/><D29/><U124/><E124/><V134/><F134/><W30/><G115/><T122/><D122/><U133/><E133/><V113/><F113/><W76/><G76/><AGARI ba="0,0" hai="1,6,10,63,64,71,73,75,76,81,86,95,97,101" machi="76" ten="30,2000,0" yaku="7,1,52,1" doraHai="92" who="0" fromWho="3" sc="414,20,212,0,162,0,212,-20" owari="434,53.4,212,1.2,162,-33.8,192,-20.8" /></mjloggm>