<mjloggm ver="2.3"><GO type="225" lobby="0"/><UN n0="%E3%83%96%E3%83%83%E3%83%91%E3%82%AA%E3%83%96%E3%83%81%E3%82%AD%E3%83%B3" n1="%E3%83%A9%E3%82%B9%E7%8E%87%EF%BC%93%E5%89%B2" n2="%73%68%75%6D%70" n3="%E3%81%A4%E3%81%A3%E3%81%B1%E3%82%8A%E3%83%9D%E3%83%BC%E3%83%AB" dan="16,17,16,17" rate="2229.91,2220.57,2131.82,2103.09" sx="M,F,M,M"/><TAIKYOKU oya="0"/><INIT seed="0,0,0,3,1,12" ten="250,250,250,250" oya="0" hai0="130,93,15,62,75,83,55,44,72,20,35,6,34" hai1="45,116,127,13,2,84,73,43,86,28,81,124,89" hai2="42,97,112,4,119,64,37,8,131,26,129,88,49" hai3="51,68,9,25,14,48,76,103,41,109,114,65,94"/><T91/><D130/><N who="2" m="49674" /><F112/><W5/><G114/><T110/><D110/><U60/><E116/><V115/><F115/><W19/><G109/><T69/><D69/><U67/><E2/><V63/><F119/><W122/><G122/><T27/><D15/><U132/><E132/><V61/><F61/><W47/><G68/><T53/><D6/><U96/><E28/><V70/><F49/><N who="3" m="26863" /><G76/><T95/><D95/><U3/><E3/><N who="2" m="31" /><F26/><W117/><G65/><T52/><D44/><U30/><E30/><V102/><F88/><W111/><G111/><T66/><D66/><U113/><E96/><V123/><F123/><W108/><G117/><T22/><D62/><U106/><E106/><N who="2" m="63823" /><F42/><W128/><G108/><T29/><D22/><U32/><E60/><V57/><F37/><W99/><G128/><T39/><D39/><U59/><E67/><V104/><F57/><W38/><G38/><T78/><REACH who="0" step="1"/><D75/><REACH who="0" ten="240,250,250,250" step="2"/><U33/><E113/><V18/><F104/><W77/><G25/><T16/><D16/><AGARI ba="0,1" hai="16,18,63,64,70" m="63823,31,49674" machi="16" ten="30,7700,0" yaku="19,1,52,2,54,1" doraHai="12" who="2" fromWho="0" sc="240,-77,250,0,250,87,250,0" /><INIT seed="1,0,0,5,1,86" ten="163,250,337,250" oya="1" hai0="132,100,14,33,51,106,134,45,36,78,126,63,81" hai1="34,131,117,18,7,97,27,41,124,53,13,127,105" hai2="6,42,125,135,80,114,61,50,69,44,112,70,94" hai3="28,20,52,55,57,101,96,58,56,67,84,26,65"/><U72/><E72/><V68/><F6/><W110/><G110/><T130/><D33/><U15/><E41/><V104/><F104/><W22/><G84/><T31/><D31/><N who="1" m="19839" /><E53/><V19/><F19/><W60/><G22/><T92/><D36/><U29/><E97/><V128/><F80/><W98/><G98/><T129/><D63/><U73/><E105/><V76/><F76/><W64/><REACH who="3" step="1"/><G60/><REACH who="3" ten="163,250,337,240" step="2"/><T1/><D132/><U54/><E73/><V82/><F135/><W120/><G120/><T93/><D134/><U48/><E124/><V90/><F125/><W21/><G21/><T133/><D126/><U47/><E127/><V35/><F61/><W49/><G49/><T85/><D133/><U59/><E48/><V25/><F50/><W71/><G71/><T79/><D51/><U11/><E59/><V107/><F69/><W38/><G38/><T46/><D85/><U23/><E47/><V17/><F70/><W91/><G91/><T111/><D46/><U109/><E109/><V95/><F68/><W121/><G121/><T16/><D45/><U75/><E75/><V8/><F90/><W9/><G9/><T83/><D111/><U24/><E23/><V116/><F8/><W12/><G12/><T123/><D14/><U87/><E15/><V39/><F44/><W103/><G103/><T102/><D123/><U119/><E13/><V108/><F108/><W2/><G2/><T99/><D1/><U89/><E11/><V0/><F0/><W37/><G37/><T32/><D99/><U30/><E89/><V5/><F39/><W113/><G113/><RYUUKYOKU ba="0,1" sc="163,-10,250,-10,337,-10,240,30" hai3="20,26,28,52,55,56,57,58,64,65,67,96,101" /><INIT seed="2,1,1,5,2,132" ten="153,240,327,270" oya="2" hai0="32,123,93,1,48,99,126,58,47,103,44,110,13" hai1="29,26,55,86,40,79,14,52,106,77,122,72,17" hai2="109,81,62,91,70,71,20,64,10,41,96,135,82" hai3="24,118,68,8,25,115,42,94,88,121,21,95,127"/><V128/><F135/><W100/><G118/><T87/><D123/><U51/><E106/><V63/><F128/><W105/><G121/><T111/><D1/><U65/><E72/><V107/><F41/><W60/><G105/><T0/><D0/><U46/><E65/><V22/><F10/><W74/><G74/><T31/><D58/><U75/><E75/><V125/><F109/><N who="0" m="41482" /><D13/><U56/><E86/><V102/><F91/><W84/><G68/><T117/><D117/><U131/><E131/><V36/><F36/><W69/><G69/><T133/><D133/><U76/><E56/><V30/><F30/><W120/><G120/><T45/><D87/><U108/><E108/><V89/><F70/><W90/><G84/><T73/><D73/><U53/><E122/><V39/><F64/><W12/><G12/><T7/><D7/><U61/><E61/><V9/><F63/><W85/><G85/><T83/><D83/><U35/><REACH who="1" step="1"/><E77/><REACH who="1" ten="153,230,327,270" step="2"/><V57/><F57/><W6/><G60/><T112/><D112/><U134/><E134/><V28/><F62/><W23/><G94/><T66/><D66/><U2/><E2/><V130/><F107/><W129/><G95/><T3/><D3/><U16/><E16/><V116/><F71/><W119/><G129/><T38/><D38/><U27/><E27/><N who="2" m="16487" /><F39/><W4/><G119/><T50/><D126/><U97/><E97/><V92/><F125/><W15/><G127/><T114/><D114/><U18/><E18/><V59/><F116/><W80/><G115/><T49/><D31/><U113/><E113/><V5/><F130/><RYUUKYOKU ba="1,2" sc="153,15,230,15,327,-15,270,-15" hai0="32,44,45,47,48,49,50,93,99,103" hai1="14,17,26,29,35,40,46,51,52,53,55,76,79" /><INIT seed="3,2,2,4,4,111" ten="168,245,312,255" oya="3" hai0="84,112,131,121,90,23,50,46,3,35,5,135,102" hai1="130,10,8,15,73,56,110,2,125,26,25,79,101" hai2="71,4,36,120,48,133,117,113,109,28,37,63,47" hai3="75,13,51,126,127,22,97,119,85,87,66,54,94"/><W115/><G115/><T42/><D121/><U18/><E101/><V124/><F113/><W19/><G75/><T6/><D35/><U64/><E79/><V45/><F28/><W34/><G34/><T53/><D131/><U30/><E73/><V1/><F1/><W92/><G66/><T58/><D135/><U21/><E56/><V132/><F4/><W17/><G17/><T77/><D3/><U104/><E64/><N who="2" m="41375" /><F109/><W83/><G119/><T41/><D112/><U24/><E125/><N who="3" m="47626" /><G97/><T29/><D102/><U31/><E104/><V57/><F124/><W129/><G129/><T122/><D77/><U65/><E65/><V86/><F86/><N who="3" m="32779" /><G83/><T16/><D29/><N who="1" m="10763" /><E110/><V91/><F120/><W128/><G128/><T107/><D122/><U118/><E118/><V99/><F99/><W67/><G67/><T76/><D76/><U20/><E130/><V60/><F117/><W43/><G43/><T78/><D78/><U9/><E21/><V55/><F132/><W80/><G80/><T134/><D134/><U32/><E32/><V68/><F133/><W39/><G39/><N who="2" m="14921" /><F91/><W74/><G74/><T93/><D107/><U11/><E11/><V105/><F105/><W106/><G106/><T70/><D70/><U72/><E72/><V40/><F68/><W89/><G89/><T69/><D69/><U59/><E59/><AGARI ba="2,2" hai="13,19,22,51,54,59,92,94" m="32779,47626" machi="59" ten="30,1500,0" yaku="18,1" doraHai="111" who="3" fromWho="1" sc="168,0,245,-21,312,0,255,41" /><INIT seed="3,3,0,2,2,105" ten="168,224,312,296" oya="3" hai0="22,17,116,60,81,16,10,110,51,131,104,82,106" hai1="61,20,25,2,44,9,63,117,95,52,128,77,67" hai2="47,58,98,28,48,91,113,68,40,31,42,109,66" hai3="127,64,56,125,87,45,69,11,130,115,13,103,120"/><W72/><G115/><T90/><D116/><U65/><E128/><V123/><F113/><W112/><G112/><T133/><D131/><U50/><E117/><V99/><F109/><W36/><G72/><T55/><D110/><U3/><E77/><V71/><F123/><W78/><G69/><T73/><D133/><U126/><E126/><N who="3" m="48138" /><G103/><T80/><D60/><U37/><E37/><V12/><F42/><N who="3" m="22727" /><G120/><T24/><D90/><U29/><E9/><V49/><F71/><W57/><G64/><T114/><D114/><U89/><E63/><N who="2" m="38263" /><F48/><W53/><G53/><T30/><D73/><U15/><E15/><V74/><F68/><W93/><G93/><T1/><D30/><N who="2" m="11306" /><F74/><W124/><G130/><T86/><D86/><U35/><E35/><V18/><F91/><W26/><G26/><T75/><D75/><U76/><E76/><V14/><F14/><W96/><G96/><T94/><D94/><U118/><E118/><V39/><F39/><W0/><G0/><T108/><D108/><U132/><E132/><V83/><F83/><N who="3" m="47607" /><G124/><T79/><D79/><U85/><REACH who="1" step="1"/><E67/><REACH who="1" ten="168,214,312,296" step="2"/><V43/><F43/><W107/><G107/><T6/><REACH who="0" step="1"/><D17/><AGARI ba="3,1" hai="11,13,17,56,57" m="47607,22727,48138" machi="17" ten="30,1500,0" yaku="18,1" doraHai="105" who="3" fromWho="0" sc="168,-24,214,0,312,0,296,34" owari="144,-35.6,214,-18.6,312,11.2,330,43.0" /></mjloggm>