<mjloggm ver="2.3"><GO type="225" lobby="0"/><UN n0="%E3%83%A9%E3%82%A4%E3%83%B3%E3%81%AE%E8%99%8E" n1="%68%75%69%68%75%69" n2="%E6%B8%A9%E2%98%85%E6%83%85%E2%98%85%E6%8E%AA%E2%98%85%E7%BD%AE" n3="%E3%81%BF%E3%81%BF%E3%81%9A" dan="16,16,17,18" rate="2135.20,2087.69,2162.72,2238.67" sx="M,M,M,M"/><TAIKYOKU oya="0"/><INIT seed="0,0,0,1,3,112" ten="250,250,250,250" oya="0" hai0="79,89,8,67,105,16,72,42,12,120,52,5,4" hai1="50,66,64,2,19,70,130,21,71,51,34,49,134" hai2="118,127,75,98,119,29,46,95,11,94,69,121,128" hai3="30,65,59,114,15,41,9,109,80,37,83,62,28"/><T99/><D120/><U107/><E2/><V54/><F121/><W3/><G114/><T86/><D67/><U24/><E107/><V36/><F69/><W35/><G3/><T18/><D42/><U6/><E6/><N who="0" m="2665" /><D72/><U7/><E7/><V26/><F75/><W53/><G109/><T68/><D68/><U22/><E34/><V84/><F128/><W131/><G131/><T73/><D73/><U43/><E130/><V115/><F115/><W85/><G35/><T108/><D105/><U122/><E43/><N who="2" m="22887" /><F11/><W81/><G37/><T111/><D18/><U124/><E122/><V125/><F84/><W44/><G41/><T56/><D79/><U101/><E19/><V0/><F54/><W38/><G38/><T123/><D99/><U78/><E78/><V55/><F55/><W91/><G15/><T25/><D25/><U17/><E24/><V96/><F96/><W113/><G113/><T1/><D1/><U31/><E17/><V74/><F74/><W27/><G9/><T45/><D123/><U93/><E70/><V60/><F60/><W104/><G104/><T103/><D103/><U39/><E101/><N who="2" m="60631" /><F95/><N who="3" m="54767" /><G27/><T33/><D33/><U129/><E39/><V32/><F0/><W88/><G88/><T102/><D102/><U76/><E129/><V106/><F106/><W77/><G77/><T135/><D56/><U63/><E71/><V82/><F82/><N who="3" m="20995" /><W61/><DORA hai="58" /><G44/><T10/><D10/><U90/><E76/><V14/><F14/><W100/><G100/><T116/><D108/><U132/><E90/><V92/><F92/><W117/><G65/><RYUUKYOKU ba="0,0" sc="250,-10,250,-10,250,30,250,-10" hai2="26,29,32,118,119,125,127" /><INIT seed="1,1,0,5,3,99" ten="240,240,280,240" oya="1" hai0="15,94,83,120,107,37,96,98,22,44,115,88,58" hai1="14,87,77,89,125,74,73,71,80,20,82,9,91" hai2="122,63,1,93,43,24,130,10,64,112,7,81,28" hai3="61,46,127,109,76,117,12,8,26,106,118,135,67"/><U34/><E34/><V48/><F130/><W90/><G109/><T45/><D115/><U79/><E71/><V128/><F112/><W25/><G127/><T70/><D70/><U68/><E68/><V95/><F128/><W35/><G135/><T119/><D119/><N who="3" m="45577" /><G35/><T2/><D2/><U11/><E125/><V49/><F122/><W3/><G3/><T124/><D124/><U13/><E20/><V30/><F81/><W100/><G76/><T51/><D120/><U59/><E59/><V53/><F43/><W18/><G90/><T121/><D37/><U86/><AGARI ba="1,0" hai="9,11,13,14,73,74,77,79,80,82,86,87,89,91" machi="86" ten="25,4800,0" yaku="0,1,22,2" doraHai="99" who="1" fromWho="1" sc="240,-17,240,51,280,-17,240,-17" /><INIT seed="1,2,0,1,5,40" ten="223,291,263,223" oya="1" hai0="84,65,30,115,104,13,78,106,20,57,103,85,74" hai1="97,59,73,45,51,87,22,99,126,67,135,61,47" hai2="63,4,66,114,9,69,124,58,107,64,42,77,35" hai3="125,16,130,14,117,29,105,68,71,86,0,50,131"/><U121/><E73/><V24/><F124/><W79/><G0/><T92/><D115/><U101/><E121/><V81/><F114/><W10/><G125/><T100/><D74/><U128/><E126/><V133/><F133/><W122/><G122/><T93/><D78/><U49/><E135/><V96/><F42/><W112/><G112/><T127/><D127/><U94/><E128/><N who="3" m="49194" /><G117/><T55/><D65/><U56/><E87/><N who="0" m="33353" /><D106/><U90/><E22/><V80/><F77/><W118/><G118/><T116/><D104/><U62/><E101/><N who="0" m="38985" /><D116/><U113/><E113/><V60/><F96/><W111/><G111/><T1/><D1/><U70/><E70/><V89/><F89/><W5/><G105/><T34/><D34/><U23/><E23/><V98/><F98/><W54/><G29/><T48/><D30/><U110/><E110/><V11/><F107/><W76/><G5/><T120/><D120/><U132/><E132/><V91/><F91/><W36/><G36/><T3/><D3/><U8/><E8/><V88/><F88/><W37/><G37/><T32/><D32/><U134/><E134/><V19/><F35/><W52/><G54/><T21/><D21/><U95/><E90/><V38/><F38/><W26/><G26/><T108/><D108/><U15/><E15/><N who="2" m="5543" /><F24/><W27/><G27/><T7/><D20/><U31/><E67/><V18/><F11/><AGARI ba="2,0" hai="7,11,13,48,55,57,92,93" m="38985,33353" machi="11" ten="30,1000,0" yaku="8,1" doraHai="40" who="0" fromWho="2" sc="223,16,291,0,263,-16,223,0" /><INIT seed="2,0,0,4,3,37" ten="239,291,247,223" oya="2" hai0="40,20,10,50,119,93,55,104,102,112,44,41,105" hai1="6,47,5,111,57,113,3,96,60,79,9,27,26" hai2="118,33,68,51,83,67,17,89,24,128,78,129,82" hai3="126,11,2,7,94,34,65,39,53,124,19,48,120"/><V28/><F118/><W107/><G120/><T32/><D32/><U80/><E113/><V88/><F17/><W97/><G39/><T0/><D112/><U91/><E111/><V76/><F51/><W127/><G34/><T98/><D119/><U63/><E6/><V54/><F54/><W4/><G65/><T62/><D20/><U87/><E63/><N who="2" m="40063" /><F78/><W42/><G107/><T95/><D62/><U22/><E47/><V125/><F83/><W100/><G7/><T90/><D104/><U122/><E122/><V72/><F125/><W64/><G64/><T36/><D36/><U75/><E96/><V109/><F109/><W59/><G19/><T81/><D81/><U52/><E22/><V110/><F110/><W56/><REACH who="3" step="1"/><G42/><REACH who="3" ten="239,291,247,213" step="2"/><T117/><D117/><U73/><E75/><V131/><AGARI ba="0,1" hai="24,28,33,72,76,82,88,89,128,129,131" m="40063" machi="131" ten="30,3000,0" yaku="19,1,54,1" doraHai="37" who="2" fromWho="2" sc="239,-10,291,-10,247,40,213,-10" /><INIT seed="2,1,0,0,3,96" ten="229,281,287,203" oya="2" hai0="69,74,135,93,15,108,8,43,0,97,44,100,110" hai1="89,29,115,116,122,48,20,2,71,117,61,66,5" hai2="10,109,106,114,80,58,73,68,56,70,26,78,34" hai3="62,46,105,101,87,133,37,85,60,22,3,127,118"/><V51/><F114/><W82/><G118/><T7/><D74/><U55/><E115/><V14/><F106/><W24/><G3/><T86/><D69/><U40/><E5/><V52/><F109/><W27/><G127/><T130/><D130/><U72/><E2/><V131/><F131/><W102/><G133/><T119/><D135/><U123/><E72/><V126/><F126/><W107/><G46/><T53/><D119/><U19/><E89/><V90/><F90/><W95/><G95/><T99/><D86/><U59/><E29/><V84/><F73/><W79/><G22/><T77/><D77/><U47/><E19/><V45/><F26/><W50/><G50/><T121/><D53/><U81/><E81/><V65/><F34/><W124/><G124/><T112/><D112/><U120/><E20/><V23/><F23/><W1/><G1/><T92/><D0/><U54/><E54/><V38/><F65/><W132/><G132/><T129/><D129/><U91/><E91/><V39/><F58/><W6/><G6/><T57/><D57/><U18/><E18/><V31/><F31/><W35/><G79/><T111/><D121/><U113/><E113/><V63/><F63/><AGARI ba="1,0" hai="40,47,48,55,59,61,63,66,71,116,117,120,122,123" machi="63" ten="40,8000,1" yaku="13,1,34,3" doraHai="96" who="1" fromWho="2" sc="229,0,281,83,287,-83,203,0" /><INIT seed="3,0,0,5,5,82" ten="229,364,204,203" oya="3" hai0="27,58,83,48,21,118,20,87,13,91,5,98,92" hai1="26,75,116,57,53,81,41,69,90,120,9,74,11" hai2="89,54,70,121,0,85,88,14,126,129,65,30,60" hai3="132,105,78,38,133,3,56,101,6,37,79,114,23"/><W130/><G114/><T77/><D118/><U36/><E69/><V100/><F0/><W119/><G119/><T72/><D72/><U109/><E41/><V32/><F129/><W24/><G130/><T22/><D5/><U2/><E53/><V1/><F1/><W4/><G56/><T40/><D13/><U135/><E81/><V35/><F126/><W43/><G101/><T29/><D58/><U28/><E11/><V46/><F100/><W131/><G105/><T55/><D55/><U19/><E90/><V117/><F117/><W108/><G131/><T104/><D104/><U15/><E57/><V50/><F121/><W97/><G97/><T86/><D98/><U99/><E99/><V93/><F30/><W47/><G38/><T80/><D92/><U107/><E107/><V103/><F103/><W18/><G108/><T124/><D124/><U44/><E109/><V8/><F89/><W95/><G95/><T39/><D39/><U34/><E36/><V127/><F127/><W12/><G3/><T134/><D134/><N who="3" m="51817" /><G4/><AGARI ba="0,0" hai="4,8,14,32,35,46,50,54,60,65,70,85,88,93" machi="4" ten="30,3900,0" yaku="7,1,52,1,54,1" doraHai="82" who="2" fromWho="3" sc="229,0,364,0,204,39,203,-39" owari="229,-17.1,364,46.4,243,4.3,164,-33.6" /></mjloggm>