<mjloggm ver="2.3"><GO type="225" lobby="0"/><UN n0="%72%65%6E%6B%75%6E" n1="%E3%81%94%E3%83%BC%E3%81%A9%E3%82%93" n2="%E3%81%95%E3%81%8D%E3%81%9F%E3%81%BE%E6%9E%97%E6%AA%8E" n3="%E6%B4%BE%E9%81%A3%E3%81%AE%E3%82%B8%E3%83%A3%E3%83%83%E3%82%AF" dan="17,16,16,17" rate="2174.71,2127.59,2108.64,2172.37" sx="M,M,M,M"/><TAIKYOKU oya="0"/><INIT seed="0,0,0,0,5,18" ten="250,250,250,250" oya="0" hai0="35,7,19,46,133,37,104,109,30,50,88,106,85" hai1="89,111,20,108,15,44,29,31,11,117,62,74,48" hai2="79,60,8,14,84,107,125,12,126,73,113,65,17" hai3="5,100,122,32,3,124,129,27,23,21,67,93,38"/><T127/><D37/><U2/><E74/><V58/><F113/><W36/><G67/><T16/><D7/><U132/><E117/><V43/><F107/><W130/><G124/><N who="2" m="47721" /><F73/><W96/><G122/><T119/><D119/><U63/><E2/><V77/><F43/><W68/><G68/><T135/><D127/><U42/><E132/><N who="0" m="50761" /><D109/><N who="1" m="42059" /><E89/><V34/><F34/><W75/><G75/><T72/><D72/><U131/><E131/><N who="3" m="50186" /><G5/><T87/><D87/><U116/><E116/><V25/><F25/><W71/><G71/><T121/><D121/><U41/><E41/><V28/><F28/><N who="1" m="10825" /><E20/><N who="3" m="7754" /><G3/><T92/><D30/><AGARI ba="0,0" hai="27,30,32,36,38,93,96,100" m="7754,50186" machi="30" ten="30,7700,0" yaku="19,1,52,3" doraHai="18" who="3" fromWho="0" sc="250,-77,250,0,250,0,250,77" /><INIT seed="1,0,0,5,4,90" ten="173,250,250,327" oya="1" hai0="57,86,20,42,128,3,131,130,8,92,12,125,61" hai1="135,76,113,83,124,108,25,96,47,2,13,48,93" hai2="126,111,24,40,102,18,87,45,95,11,91,27,4" hai3="36,31,41,121,39,32,84,6,89,21,109,133,71"/><U30/><E2/><V78/><F111/><W17/><G109/><T119/><D119/><U122/><E108/><V14/><F126/><W1/><G71/><T51/><D125/><U26/><E124/><V64/><F64/><W68/><G68/><T106/><D106/><U49/><E135/><V69/><F69/><W16/><G17/><T60/><D3/><U114/><E13/><V62/><F62/><W123/><G133/><T23/><D42/><U105/><E105/><V134/><F134/><W15/><G39/><T65/><D51/><U118/><E122/><V99/><F78/><W63/><G63/><T5/><REACH who="0" step="1"/><D60/><REACH who="0" ten="163,250,250,327" step="2"/><U33/><E118/><V35/><F35/><W10/><G41/><T22/><D22/><U19/><E49/><N who="2" m="26791" /><F4/><W85/><G36/><T79/><D79/><U28/><E76/><V77/><F77/><W115/><G121/><T75/><D75/><U34/><E48/><V53/><F53/><W44/><G123/><T120/><D120/><U54/><E54/><V112/><F112/><W110/><G115/><T58/><D58/><U70/><E70/><V66/><F66/><W117/><G110/><T97/><D97/><U101/><E47/><V94/><AGARI ba="0,1" hai="11,14,18,24,27,87,91,94,95,99,102" m="26791" machi="94" ten="30,4000,0" yaku="8,1,52,2" doraHai="90" who="2" fromWho="2" sc="163,-10,250,-20,250,50,327,-10" /><INIT seed="2,0,0,1,3,63" ten="153,230,300,317" oya="2" hai0="65,54,27,35,31,28,106,99,128,26,83,2,109" hai1="117,21,19,89,0,1,9,34,29,5,130,124,56" hai2="37,107,82,101,116,46,47,11,87,25,85,73,103" hai3="64,52,23,133,67,79,80,15,32,105,134,12,60"/><V3/><F116/><W119/><G32/><T121/><D121/><U102/><E102/><V68/><F68/><W45/><G105/><T70/><D109/><U113/><E117/><V40/><F47/><W50/><G119/><T42/><D42/><U76/><E76/><N who="2" m="44303" /><F25/><W127/><G127/><T97/><D128/><U59/><E89/><V36/><F36/><W8/><G23/><T98/><D2/><N who="1" m="183" /><E56/><V78/><F78/><W69/><G64/><T48/><D83/><U39/><E59/><V53/><F53/><W55/><G55/><T49/><D106/><U92/><E92/><V66/><F66/><W84/><REACH who="3" step="1"/><G12/><REACH who="3" ten="153,230,300,307" step="2"/><T114/><D114/><U10/><E124/><V43/><F43/><W57/><G57/><T62/><REACH who="0" step="1"/><D54/><REACH who="0" ten="143,230,300,307" step="2"/><U120/><E113/><V14/><F107/><W17/><AGARI ba="0,2" hai="8,15,17,45,50,52,60,67,69,79,80,84,133,134" machi="17" ten="30,8000,1" yaku="1,1,0,1,52,1,54,1,53,1" doraHai="63" doraHaiUra="4" who="3" fromWho="3" sc="143,-20,230,-20,300,-40,307,100" /><INIT seed="3,0,0,2,4,24" ten="123,210,260,407" oya="3" hai0="17,99,15,23,14,10,94,98,33,36,80,104,40" hai1="71,129,114,112,49,126,133,90,51,48,131,83,65" hai2="63,86,57,45,53,76,56,124,70,29,120,130,0" hai3="101,75,117,84,96,92,127,118,28,54,58,1,85"/><W108/><G1/><T43/><D33/><U37/><E83/><V44/><F0/><W41/><G75/><T81/><D104/><U68/><E90/><V62/><F130/><N who="1" m="49673" /><E37/><V26/><F70/><N who="1" m="26665" /><E133/><V132/><F132/><W109/><G41/><T93/><D36/><U18/><E18/><V42/><F42/><W134/><G127/><T87/><D87/><U61/><E126/><V27/><F120/><W9/><G9/><T20/><D10/><U52/><E65/><V11/><F11/><W25/><G134/><T95/><D95/><U128/><E128/><V105/><F105/><W125/><G125/><T22/><D22/><U16/><E16/><AGARI ba="0,0" hai="14,15,16,17,20,23,40,43,80,81,93,94,98,99" machi="16" ten="25,6400,0" yaku="22,2,8,1,54,1" doraHai="24" who="0" fromWho="1" sc="123,64,210,-64,260,0,407,0" owari="187,-21.3,146,-35.4,260,6.0,407,50.7" /></mjloggm>