<mjloggm ver="2.3"><GO type="225" lobby="0"/><UN n0="%33%74%72%65%65" n1="%E3%81%8B%E3%82%8F%E3%81%A1%E3%82%83%E3%82%93%35%38" n2="%E7%B4%94%E6%BD%94%E3%83%94%E3%83%A9%E3%83%8B%E3%82%A2" n3="%E3%83%96%E3%83%83%E3%83%91%E3%82%AA%E3%83%96%E3%83%81%E3%82%AD%E3%83%B3" dan="17,16,17,16" rate="2160.56,2138.13,2237.58,2176.54" sx="F,M,M,M"/><TAIKYOKU oya="0"/><INIT seed="0,0,0,4,4,16" ten="250,250,250,250" oya="0" hai0="77,27,39,80,41,67,110,103,34,101,130,21,12" hai1="92,64,96,117,133,82,23,40,15,94,62,131,66" hai2="22,112,35,79,85,120,54,52,125,106,59,89,104" hai3="113,57,25,19,11,5,132,51,100,7,9,83,26"/><T29/><D130/><U50/><E117/><V123/><F35/><W109/><G113/><T38/><D110/><U65/><E133/><V44/><F112/><W10/><G109/><T124/><D124/><U0/><E0/><V3/><F3/><W98/><G132/><T111/><D111/><U114/><E131/><V102/><F79/><W30/><G19/><T88/><D67/><U33/><E33/><V135/><F135/><W105/><G83/><T108/><D108/><U129/><E129/><V42/><F54/><W73/><G73/><T18/><D88/><U43/><E114/><V8/><F8/><W118/><G118/><T28/><D28/><U70/><E82/><V126/><F22/><W84/><G84/><T68/><D68/><U37/><E37/><N who="2" m="21583" /><F104/><W128/><G128/><T2/><D2/><U72/><E72/><V45/><F45/><W69/><G69/><T20/><D34/><U31/><E94/><N who="2" m="54575" /><F106/><W93/><G105/><T53/><D53/><U49/><E43/><V134/><F102/><W76/><G76/><T86/><REACH who="0" step="1"/><D41/><REACH who="0" ten="240,250,250,250" step="2"/><U74/><E40/><V6/><F134/><W24/><G30/><T95/><D95/><U91/><E31/><V1/><F126/><W122/><G122/><T99/><D99/><U46/><E96/><V127/><F125/><W56/><G56/><T61/><D61/><U36/><E62/><N who="2" m="36199" /><F127/><W115/><G115/><T81/><D81/><U14/><E70/><V17/><F123/><W116/><G116/><T107/><D107/><U78/><E65/><V4/><F120/><W90/><G90/><T13/><D13/><RYUUKYOKU ba="0,1" sc="240,15,250,-15,250,-15,250,15" hai0="12,18,20,21,27,29,38,39,77,80,86,101,103" hai3="5,7,9,10,11,24,25,26,51,57,93,98,100" /><INIT seed="0,1,1,1,4,95" ten="255,235,235,265" oya="0" hai0="132,38,65,30,77,56,1,81,66,74,34,52,14" hai1="20,23,133,5,10,41,28,72,46,7,105,94,9" hai2="21,64,123,53,122,85,48,50,121,82,62,58,12" hai3="107,55,0,47,92,29,57,45,15,135,22,98,89"/><T101/><D1/><U104/><E72/><V31/><F12/><W76/><G135/><T106/><D38/><U71/><E71/><V91/><F50/><W131/><G0/><T44/><D44/><U110/><E110/><V67/><REACH who="2" step="1"/><F62/><REACH who="2" ten="255,235,225,265" step="2"/><W70/><G15/><T78/><D14/><U120/><E133/><V35/><F35/><W18/><G22/><T51/><D132/><U16/><E23/><V26/><AGARI ba="1,2" hai="21,26,31,48,53,58,64,67,82,85,91,121,122,123" machi="26" ten="40,2700,0" yaku="1,1,0,1,53,0" doraHai="95" doraHaiUra="13" who="2" fromWho="2" sc="255,-14,235,-8,225,50,265,-8" /><INIT seed="1,0,0,4,3,99" ten="241,227,275,257" oya="1" hai0="113,26,118,30,58,103,66,15,70,56,37,114,120" hai1="106,6,101,16,98,32,25,38,86,33,52,60,77" hai2="125,14,91,53,22,69,97,78,122,124,0,41,54" hai3="21,90,127,104,84,67,126,40,44,100,9,5,10"/><U12/><E38/><V94/><F122/><W80/><G67/><T128/><D118/><U110/><E6/><V61/><F0/><W72/><G72/><T76/><D120/><U117/><E117/><V17/><F78/><W135/><G135/><T73/><D37/><U116/><E116/><V81/><F81/><W46/><G21/><T50/><D128/><U109/><E77/><V42/><F69/><W130/><G130/><T111/><D111/><N who="1" m="42507" /><E86/><V8/><F8/><W88/><G90/><T134/><D134/><U108/><N who="1" m="42515" /><U75/><DORA hai="131" /><E75/><V49/><F61/><W34/><G34/><N who="1" m="13418" /><E25/><V39/><F54/><W29/><G29/><T19/><D26/><U31/><E31/><V57/><REACH who="2" step="1"/><F39/><REACH who="2" ten="241,227,265,257" step="2"/><W89/><G10/><T82/><D76/><U119/><E119/><V59/><F59/><W74/><G9/><T11/><D56/><N who="1" m="34823" /><E12/><V96/><F96/><W63/><G5/><T62/><D15/><U47/><E47/><V79/><F79/><W23/><G46/><T102/><D73/><U27/><E27/><V2/><F2/><W129/><G44/><T7/><D7/><U95/><E16/><V71/><F71/><W65/><G74/><T123/><D70/><U36/><E36/><V112/><F112/><W83/><G129/><T51/><D19/><U93/><AGARI ba="0,1" hai="93,95,98,101,106" m="34823,13418,42515" machi="93" ten="50,12000,1" yaku="14,1,10,1,52,1,54,1" doraHai="99,131" who="1" fromWho="1" sc="241,-40,227,130,265,-40,257,-40" /><INIT seed="1,1,0,0,2,24" ten="201,357,225,217" oya="1" hai0="125,77,87,104,11,8,90,19,53,39,76,132,26" hai1="30,123,106,29,67,69,2,102,80,50,117,4,35" hai2="127,118,42,109,119,73,64,9,115,111,129,23,44" hai3="101,65,33,38,105,74,49,75,94,57,121,31,126"/><U71/><E117/><V81/><F127/><W37/><G121/><T45/><D125/><U14/><E123/><V59/><F129/><W47/><G126/><T107/><D132/><U21/><E35/><V43/><F9/><N who="0" m="3658" /><D107/><U72/><E2/><V62/><F23/><W54/><G105/><T52/><D39/><U93/><E106/><V28/><F28/><N who="1" m="10857" /><E67/><V78/><F115/><W86/><G38/><T40/><D104/><U89/><E72/><V116/><REACH who="2" step="1"/><F44/><REACH who="2" ten="201,357,215,217" step="2"/><W130/><G47/><T135/><D45/><U20/><E21/><V27/><F27/><W95/><G130/><T133/><D26/><U34/><E20/><V113/><F113/><W48/><G33/><T17/><D135/><U36/><E34/><V15/><F15/><W1/><G31/><T25/><D25/><U56/><E14/><V32/><F32/><W131/><G131/><T100/><D133/><U60/><E4/><V16/><F16/><W99/><G1/><T6/><D6/><U18/><E18/><V55/><F55/><N who="0" m="21066" /><D19/><U51/><E36/><V92/><F92/><W120/><G37/><T7/><D7/><U68/><E93/><V97/><F97/><W91/><G120/><T58/><D17/><U79/><E60/><V108/><AGARI ba="1,1" hai="42,43,59,62,64,73,78,81,108,109,111,116,118,119" machi="108" ten="40,5200,0" yaku="1,1,0,1,14,1,53,0" doraHai="24" doraHaiUra="46" who="2" fromWho="2" sc="201,-14,357,-27,215,65,217,-14" /><INIT seed="2,0,0,1,5,56" ten="187,330,280,203" oya="2" hai0="71,18,29,80,116,36,73,1,41,120,76,130,122" hai1="128,30,0,79,59,103,106,100,27,84,42,6,88" hai2="135,69,134,91,19,20,126,86,9,81,132,127,60" hai3="104,93,64,25,45,70,77,89,33,90,48,4,35"/><V10/><F69/><W85/><G104/><T34/><D18/><U50/><E79/><V38/><F38/><W96/><G77/><T13/><D13/><U49/><E106/><V63/><F10/><W55/><G4/><T3/><D130/><U24/><E0/><N who="0" m="73" /><D116/><U107/><E6/><V117/><F9/><W92/><REACH who="3" step="1"/><G25/><REACH who="3" ten="187,330,280,193" step="2"/><N who="0" m="18735" /><D71/><U105/><E107/><V23/><F117/><W75/><G75/><T26/><D26/><U65/><E105/><V14/><F20/><W12/><G12/><T102/><D102/><U44/><E100/><V87/><F87/><W99/><G99/><T37/><D37/><U54/><E103/><V74/><F74/><W72/><G72/><T28/><D28/><U43/><E30/><V21/><F23/><W115/><G115/><T16/><D16/><U83/><E24/><V67/><F67/><W110/><G110/><T95/><D95/><U11/><E27/><V51/><F51/><W124/><G124/><AGARI ba="0,1" hai="14,19,21,60,63,81,86,91,124,126,127,132,134,135" machi="124" ten="50,12000,1" yaku="18,1,20,1,52,2" doraHai="56" who="2" fromWho="3" sc="187,0,330,0,280,130,193,-120" /><INIT seed="2,1,0,4,2,9" ten="187,330,410,73" oya="2" hai0="92,43,52,40,45,104,39,74,24,121,7,60,119" hai1="26,77,73,10,21,112,106,86,135,20,114,47,48" hai2="16,79,23,94,78,5,111,28,97,51,117,69,82" hai3="88,27,68,75,113,31,108,116,110,38,50,71,122"/><V76/><F117/><W90/><G38/><T49/><D104/><U34/><E106/><V123/><F123/><W70/><G116/><T29/><D121/><U35/><E73/><V85/><F69/><W115/><G122/><T130/><D119/><U91/><E77/><V129/><F129/><W93/><G75/><T66/><D130/><U105/><E105/><V81/><F5/><W99/><G50/><T4/><D92/><U102/><E102/><V2/><F2/><W109/><REACH who="3" step="1"/><G90/><REACH who="3" ten="187,330,410,63" step="2"/><T44/><D74/><U120/><E91/><V37/><F37/><W100/><G100/><T134/><D134/><U124/><E48/><V19/><F51/><W1/><G1/><T25/><D43/><U80/><E120/><V41/><F41/><W133/><G133/><T72/><D72/><U11/><E135/><V118/><F118/><W127/><G127/><T18/><D40/><U33/><E124/><V6/><F78/><W96/><G96/><T42/><D42/><U13/><E86/><V126/><F126/><W14/><G14/><T57/><D39/><U103/><E103/><V32/><F76/><W67/><G67/><T98/><D98/><U131/><E131/><V53/><F79/><W83/><G83/><T55/><D66/><U54/><E80/><V63/><F82/><W3/><G3/><T56/><D45/><U17/><E47/><V64/><F85/><W36/><G36/><T30/><D44/><U84/><E84/><V61/><F81/><W22/><AGARI ba="1,1" hai="22,27,31,68,70,71,88,93,99,108,109,110,113,115" machi="22" ten="40,8000,1" yaku="1,1,0,1,14,1,54,1,53,0" doraHai="9" doraHaiUra="0" who="3" fromWho="3" sc="187,-21,330,-21,410,-41,63,93" /><INIT seed="3,0,0,0,0,44" ten="166,309,369,156" oya="3" hai0="15,7,121,74,126,36,90,102,123,31,62,78,37" hai1="89,43,17,122,97,134,88,112,129,55,57,110,45" hai2="108,33,120,111,58,130,94,10,104,72,3,46,49" hai3="106,70,82,67,65,21,32,69,118,14,42,26,109"/><W13/><G118/><T28/><D102/><U92/><E110/><N who="2" m="42027" /><F33/><W131/><G106/><T113/><D113/><U95/><E134/><V132/><F132/><W116/><G109/><T85/><D126/><U56/><E129/><V0/><F104/><W38/><G116/><T18/><D7/><U12/><E112/><V11/><F72/><W40/><G131/><T99/><D74/><U81/><E81/><V107/><F107/><W5/><G32/><T53/><D37/><U77/><E77/><V47/><F47/><W96/><G38/><T119/><D36/><U34/><E34/><V39/><F120/><W8/><G96/><T2/><D119/><U24/><E24/><V75/><F75/><W41/><G82/><N who="0" m="47319" /><D123/><U68/><E68/><V48/><F94/><W127/><G127/><T71/><D71/><U125/><E125/><V23/><F23/><W117/><G117/><T66/><D121/><U19/><E122/><V100/><F100/><W54/><G14/><T60/><D2/><U20/><E19/><V76/><F76/><W22/><G69/><T79/><D79/><U50/><E43/><N who="3" m="11010" /><W84/><DORA hai="29" /><G70/><N who="0" m="42311" /><D18/><U35/><E35/><V6/><F39/><W98/><G98/><AGARI ba="0,0" hai="12,17,20,45,50,55,56,57,88,89,92,95,97,98" machi="98" ten="30,8000,1" yaku="7,1,9,1,8,1,52,1,54,1" doraHai="44,29" who="1" fromWho="3" sc="166,0,309,80,369,0,156,-80" owari="166,-23.4,389,48.9,369,16.9,76,-42.4" /></mjloggm>