<mjloggm ver="2.3"><GO type="225" lobby="0"/><UN n0="%E3%81%BF%E3%81%BF%E3%81%9A" n1="%E3%83%96%E3%83%83%E3%83%91%E3%82%AA%E3%83%96%E3%83%81%E3%82%AD%E3%83%B3" n2="%70%6E%64%73%6E%67" n3="%E8%B5%A4%E3%81%84%E8%9B%99%31%31" dan="18,16,16,16" rate="2196.46,2172.40,2110.73,2099.31" sx="M,M,M,M"/><TAIKYOKU oya="0"/><INIT seed="0,0,0,1,5,124" ten="250,250,250,250" oya="0" hai0="97,93,110,72,116,37,4,118,22,80,20,57,62" hai1="135,58,33,41,70,74,11,5,44,66,14,115,90" hai2="125,107,99,83,71,43,75,120,119,26,46,134,131" hai3="133,64,60,87,92,48,27,103,56,18,98,29,51"/><T50/><D37/><U77/><E135/><V73/><F26/><W91/><G133/><T106/><D106/><U19/><E115/><V3/><F83/><W122/><G18/><T7/><D72/><U65/><E33/><V82/><F82/><W35/><REACH who="3" step="1"/><G122/><REACH who="3" ten="250,250,250,240" step="2"/><T36/><D118/><U9/><E19/><V63/><F120/><W86/><G86/><T61/><D116/><U23/><E74/><V47/><F75/><W128/><G128/><T101/><D4/><U102/><E5/><V129/><F73/><W127/><G127/><T45/><D7/><U111/><E66/><V54/><F125/><W32/><G32/><T76/><D20/><U113/><E65/><V10/><F134/><W25/><G25/><T88/><D22/><U96/><E23/><V67/><F119/><W16/><G16/><T49/><D110/><U34/><E111/><V0/><F10/><W104/><AGARI ba="0,1" hai="27,29,35,48,51,56,60,64,87,91,92,98,103,104" machi="104" ten="20,2700,0" yaku="1,1,0,1,7,1,53,0" doraHai="124" doraHaiUra="69" who="3" fromWho="3" sc="250,-13,250,-7,250,-7,240,37" /><INIT seed="1,0,0,4,4,78" ten="237,243,243,277" oya="1" hai0="130,94,118,120,70,9,0,69,26,66,14,45,112" hai1="15,107,63,126,127,8,102,103,81,119,50,22,88" hai2="34,77,25,51,27,17,99,100,135,35,62,42,61" hai3="133,28,65,57,3,96,72,53,84,123,92,29,114"/><U132/><E119/><V110/><F110/><W23/><G72/><T122/><D112/><U95/><E107/><V39/><F135/><W19/><G3/><T31/><D118/><U4/><E132/><V16/><F39/><W71/><G123/><N who="0" m="47147" /><D0/><U58/><E50/><V20/><F77/><W7/><G7/><N who="0" m="3391" /><D130/><U86/><E22/><V38/><F38/><W116/><G116/><T106/><D106/><U37/><E37/><V47/><F35/><W79/><G133/><T85/><D45/><U30/><E30/><V91/><F91/><N who="3" m="55327" /><G65/><T60/><D94/><U121/><E121/><V90/><F90/><W41/><G41/><T64/><D85/><U93/><E93/><N who="2" m="58479" /><F34/><W128/><G128/><T48/><D48/><U56/><E56/><V124/><F124/><N who="1" m="47657" /><E95/><V52/><F42/><W89/><G71/><N who="0" m="27147" /><D60/><N who="2" m="23146" /><F27/><N who="3" m="14847" /><G114/><T73/><D73/><U104/><E104/><V111/><F111/><W97/><G97/><T109/><D109/><U2/><E2/><V113/><F113/><W117/><G117/><T1/><D1/><U6/><E6/><V131/><F131/><W11/><G84/><T82/><D64/><AGARI ba="0,0" hai="4,8,15,58,63,64,81,86,88,102,103" m="47657" machi="64" ten="30,5800,0" yaku="18,1,52,1,54,1" doraHai="78" who="1" fromWho="0" sc="237,-58,243,58,243,0,277,0" /><INIT seed="1,1,0,3,0,110" ten="179,301,243,277" oya="1" hai0="45,95,59,1,9,99,109,50,20,115,53,15,55" hai1="123,132,58,42,106,35,14,34,12,112,124,79,8" hai2="52,6,74,31,107,84,10,91,108,125,129,32,62" hai3="121,92,11,26,71,118,90,80,41,24,117,87,51"/><U40/><E123/><V3/><F108/><W17/><G71/><T29/><D109/><U134/><E106/><V0/><F129/><W16/><G121/><T19/><D1/><U127/><E79/><V100/><F125/><N who="1" m="48201" /><E58/><V101/><F74/><W86/><G41/><N who="1" m="15978" /><E8/><V82/><F3/><W43/><G43/><T93/><D115/><U4/><E4/><V46/><F107/><W89/><G51/><T83/><D83/><U69/><E69/><V23/><F32/><N who="1" m="12329" /><E112/><V133/><F62/><W116/><REACH who="3" step="1"/><G11/><REACH who="3" ten="179,301,243,267" step="2"/><T57/><D45/><U122/><E122/><V63/><F63/><W65/><G65/><T76/><D76/><U111/><E111/><V78/><F78/><W88/><G88/><T113/><D113/><U135/><AGARI ba="1,1" hai="12,14,132,134,135" m="12329,15978,48201" machi="135" ten="40,12000,1" yaku="28,2,20,1,18,1" doraHai="110" who="1" fromWho="1" sc="179,-41,301,133,243,-41,267,-41" /><INIT seed="1,2,0,5,3,86" ten="138,434,202,226" oya="1" hai0="116,99,18,26,50,85,104,57,47,23,63,91,127" hai1="95,83,16,43,90,118,126,35,102,2,29,32,111" hai2="33,109,10,117,20,8,133,74,114,82,45,59,97" hai3="78,71,53,46,84,19,121,64,100,9,66,131,108"/><U14/><E118/><V98/><F33/><W72/><G121/><T79/><D127/><U31/><E2/><V124/><F117/><W129/><G72/><T7/><D116/><U48/><E126/><V40/><F109/><W36/><G100/><T12/><D79/><U24/><E111/><V76/><F133/><W106/><G106/><T80/><D104/><U52/><E43/><V3/><F114/><W28/><G28/><N who="1" m="10826" /><E35/><V44/><F44/><W125/><G108/><T4/><D99/><N who="1" m="59775" /><E32/><V39/><F124/><W11/><G125/><T120/><D120/><U56/><E24/><V17/><F59/><W42/><G71/><T6/><D26/><U89/><E83/><V65/><F65/><W41/><G42/><T128/><D128/><N who="3" m="49225" /><G53/><T34/><D34/><U92/><E92/><V135/><F135/><W37/><G37/><T25/><D25/><U132/><E132/><V51/><F51/><W113/><G113/><T55/><REACH who="0" step="1"/><D4/><REACH who="0" ten="128,434,202,226" step="2"/><U123/><E123/><V119/><F119/><W88/><G78/><T49/><D49/><U1/><E1/><V62/><F62/><W94/><G36/><T61/><D61/><U96/><E96/><V22/><F98/><W54/><G19/><T75/><D75/><U87/><E87/><V77/><F97/><W5/><G5/><T0/><D0/><U70/><E70/><V122/><F122/><W27/><G84/><T30/><D30/><U107/><E107/><V112/><F112/><W13/><G27/><T58/><D58/><U134/><E134/><V60/><F77/><W21/><G46/><T68/><D68/><RYUUKYOKU ba="2,1" sc="128,15,434,15,202,-15,226,-15" hai0="6,7,12,18,23,47,50,55,57,63,80,85,91" hai1="14,16,48,52,56,89,90" /><INIT seed="1,3,1,3,1,88" ten="143,449,187,211" oya="1" hai0="119,128,57,5,33,32,0,20,55,95,22,36,2" hai1="67,97,127,51,122,80,23,10,124,61,114,6,131" hai2="45,46,65,130,92,126,15,42,106,85,60,9,47" hai3="56,76,18,134,13,16,135,118,101,21,41,7,74"/><U29/><E114/><V26/><F106/><W91/><G101/><T50/><D36/><U12/><E122/><V96/><F130/><W98/><G41/><T58/><D119/><U59/><E131/><V69/><F126/><W111/><G7/><T90/><D128/><U17/><E29/><V64/><F26/><W133/><G118/><T77/><D77/><U102/><E80/><V66/><F85/><W100/><G111/><T68/><D68/><U115/><E51/><V116/><F116/><W81/><G56/><T52/><D5/><U8/><E115/><V19/><REACH who="2" step="1"/><F42/><REACH who="2" ten="143,449,177,211" step="2"/><W38/><G135/><T39/><D39/><U83/><E83/><V121/><F121/><W72/><G38/><T14/><D32/><U123/><E123/><V35/><F35/><W108/><G108/><T40/><D40/><U24/><REACH who="1" step="1"/><E10/><REACH who="1" ten="143,439,177,211" step="2"/><V4/><F4/><W78/><G134/><T125/><D125/><U53/><E53/><V113/><F113/><W112/><G112/><T105/><D33/><U103/><E103/><AGARI ba="3,3" hai="9,15,19,45,46,47,60,64,65,66,69,92,96,103" machi="103" ten="40,8000,1" yaku="1,1,52,1,53,3" doraHai="88" doraHaiUra="43" who="2" fromWho="1" sc="143,0,439,-89,177,119,211,0" /><INIT seed="2,0,0,3,3,38" ten="143,350,296,211" oya="2" hai0="40,88,21,82,35,133,132,67,93,0,30,77,117" hai1="48,18,95,99,108,34,10,75,94,73,105,112,90" hai2="39,78,63,111,9,83,50,46,25,123,22,131,20" hai3="42,92,128,12,52,106,11,116,84,14,13,70,118"/><V91/><F123/><W121/><G121/><T27/><D0/><U58/><E112/><V134/><F131/><W37/><G70/><T127/><D67/><U56/><E34/><V17/><F39/><W62/><G106/><T87/><D127/><U65/><E105/><V24/><F134/><W109/><G109/><T60/><D60/><U31/><E31/><V23/><F63/><W110/><G110/><T8/><D117/><U122/><E122/><V5/><F91/><W129/><G11/><T59/><D59/><U71/><E108/><V79/><F111/><W4/><G4/><T68/><D68/><U28/><E28/><V55/><F24/><W66/><G66/><T98/><D8/><U29/><E29/><V47/><F47/><N who="3" m="24015" /><G84/><T43/><REACH who="0" step="1"/><D35/><REACH who="0" ten="133,350,296,211" step="2"/><U44/><E58/><V125/><F125/><W97/><G116/><T114/><D114/><U107/><E56/><V135/><F135/><AGARI ba="0,1" hai="21,27,30,40,43,77,82,87,88,93,98,132,133,135" machi="135" ten="40,12000,2" yaku="1,1,20,1,52,2,54,1,53,1" doraHai="38" doraHaiUra="80" who="0" fromWho="2" sc="133,130,350,0,296,-120,211,0" /><INIT seed="3,0,0,0,4,93" ten="263,350,176,211" oya="3" hai0="82,107,9,84,77,30,74,19,87,128,71,133,20" hai1="29,4,112,135,48,72,86,95,65,58,67,111,31" hai2="94,26,78,92,59,33,96,25,6,75,17,47,127" hai3="3,129,120,55,130,98,49,117,54,116,18,28,61"/><W11/><G120/><T36/><D36/><U106/><E112/><V22/><F127/><W109/><G28/><N who="1" m="10826" /><E106/><V7/><F33/><W81/><G81/><T125/><D128/><N who="3" m="49257" /><G109/><T5/><D133/><U37/><E37/><V73/><F78/><W16/><G61/><T53/><D53/><N who="3" m="19977" /><G49/><T42/><D42/><U52/><E72/><V115/><F115/><W68/><G68/><T102/><D30/><U23/><E111/><V69/><F69/><W0/><G98/><T97/><D125/><U24/><E135/><V44/><F59/><W85/><G85/><T46/><D71/><U12/><E86/><V51/><F51/><W13/><G18/><T2/><REACH who="0" step="1"/><D46/><REACH who="0" ten="253,350,176,211" step="2"/><U114/><E114/><V126/><F126/><W40/><G40/><T45/><D45/><U108/><E108/><V101/><F73/><W91/><G91/><T27/><AGARI ba="0,1" hai="2,5,9,19,20,27,74,77,82,84,87,97,102,107" machi="27" ten="20,5200,0" yaku="1,1,0,1,7,1,52,1,53,0" doraHai="93" doraHaiUra="10" who="0" fromWho="0" sc="253,62,350,-13,176,-13,211,-26" owari="315,11.5,337,43.7,163,-33.7,185,-21.5" /></mjloggm>