<mjloggm ver="2.3"><GO type="225" lobby="0"/><UN n0="%E3%82%BC%E3%83%AB%E3%83%80%E3%81%AE%E4%BC%9D%E8%AA%AC" n1="%6D%61%74%69%67%75%73%61" n2="%E3%81%95%E3%81%8D%E3%81%9F%E3%81%BE%E6%9E%97%E6%AA%8E" n3="%E5%B8%86%E7%AB%8B%E5%A4%8F%E8%A1%A3" dan="17,17,16,17" rate="2134.77,2105.41,2163.82,2268.39" sx="M,M,M,M"/><TAIKYOKU oya="0"/><INIT seed="0,0,0,0,0,49" ten="250,250,250,250" oya="0" hai0="88,123,89,20,26,60,82,56,124,114,33,22,28" hai1="106,44,90,8,9,74,83,17,41,92,37,110,119" hai2="34,42,48,105,87,76,32,19,11,78,98,113,23" hai3="24,54,50,43,21,64,12,121,84,35,102,30,55"/><T10/><D114/><U6/><E106/><V59/><F113/><W40/><G121/><T4/><D124/><U52/><E119/><V18/><F34/><W100/><G64/><T95/><D123/><U77/><E110/><V97/><F32/><W79/><G35/><T0/><D82/><U29/><E29/><V131/><F131/><W109/><G109/><T104/><D104/><U62/><E17/><V14/><F105/><W93/><G12/><T107/><D107/><U51/><E62/><V31/><F31/><W1/><G1/><T126/><D126/><U103/><E103/><N who="3" m="39466" /><G79/><T7/><D7/><U58/><REACH who="1" step="1"/><E6/><REACH who="1" ten="250,240,250,250" step="2"/><V13/><F19/><W86/><G30/><T65/><REACH who="0" step="1"/><D89/><REACH who="0" ten="240,240,250,250" step="2"/><U70/><E70/><V115/><F115/><W3/><G3/><T122/><D122/><U25/><E25/><V46/><F78/><W85/><G24/><T117/><D117/><U96/><AGARI ba="0,2" hai="8,9,37,41,44,51,52,58,74,77,83,90,92,96" machi="96" ten="20,8000,1" yaku="1,1,0,1,7,1,52,1,54,1,53,0" doraHai="49" doraHaiUra="108" who="1" fromWho="1" sc="240,-40,240,100,250,-20,250,-20" /><INIT seed="1,0,0,3,3,0" ten="200,340,230,230" oya="1" hai0="111,7,10,103,43,79,88,134,71,48,8,30,131" hai1="73,109,27,118,78,63,61,70,133,96,45,130,14" hai2="42,105,52,116,80,86,100,31,132,64,106,108,20" hai3="25,124,72,50,33,17,9,114,112,122,3,76,67"/><U59/><E73/><V85/><F116/><W75/><G122/><T74/><D71/><U1/><E1/><V121/><F121/><W22/><G124/><T119/><D119/><U47/><E78/><V37/><F37/><W55/><G67/><T15/><D103/><U57/><E27/><V81/><F42/><W53/><G53/><T6/><D30/><U66/><E96/><V19/><F64/><W23/><G33/><T29/><D29/><U115/><E14/><V135/><F31/><W99/><G23/><T13/><D111/><U54/><E115/><V41/><F41/><W128/><G128/><T98/><D134/><N who="2" m="51242" /><F108/><W82/><G75/><T92/><D131/><U129/><E133/><V127/><F127/><W101/><G9/><T107/><D107/><N who="2" m="40970" /><F52/><W58/><REACH who="3" step="1"/><G3/><REACH who="3" ten="200,340,230,220" step="2"/><T69/><D69/><U36/><E118/><V68/><F68/><W46/><G46/><N who="0" m="25695" /><D74/><U93/><E109/><V2/><F2/><W62/><G62/><T32/><D32/><U83/><E70/><V84/><F100/><W34/><G34/><T24/><D24/><AGARI ba="0,1" hai="19,20,24,80,81,84,85,86" m="40970,51242" machi="24" ten="40,1300,0" yaku="20,1" doraHai="0" who="2" fromWho="0" sc="200,-13,340,0,230,23,220,0" /><INIT seed="2,0,0,1,2,29" ten="187,340,253,220" oya="2" hai0="47,135,51,86,131,19,99,108,23,125,93,53,25" hai1="58,123,104,62,50,31,96,112,66,18,118,91,97" hai2="72,36,8,12,42,110,116,94,133,115,102,121,22" hai3="69,28,38,64,13,48,78,59,80,11,33,113,24"/><V76/><F115/><W52/><G38/><T5/><D108/><U68/><E112/><V119/><F121/><W114/><G64/><T130/><D125/><U63/><E118/><V73/><F36/><W21/><G69/><T111/><D111/><U14/><E104/><V26/><F110/><W10/><G10/><T15/><D135/><U46/><E31/><V34/><F42/><W44/><G59/><T79/><D5/><U128/><E128/><V129/><F34/><W9/><G9/><T60/><D15/><U85/><E62/><V61/><F61/><W2/><G2/><T87/><D79/><U20/><E68/><V67/><F67/><W17/><REACH who="3" step="1"/><G11/><REACH who="3" ten="187,340,253,210" step="2"/><T57/><D130/><U89/><E123/><V77/><F8/><W105/><G105/><T40/><REACH who="0" step="1"/><D131/><REACH who="0" ten="177,340,253,210" step="2"/><U88/><E85/><AGARI ba="0,2" hai="13,17,21,24,28,33,44,48,52,78,80,85,113,114" machi="85" ten="40,5200,0" yaku="1,1,52,1,54,1,53,0" doraHai="29" doraHaiUra="56" who="3" fromWho="1" sc="177,0,340,-52,253,0,210,72" /><INIT seed="3,0,0,1,0,66" ten="177,288,253,282" oya="3" hai0="90,51,45,70,104,134,124,14,16,93,41,99,8" hai1="113,15,1,13,85,34,32,18,128,92,125,108,59" hai2="74,105,130,60,38,12,61,118,116,82,67,101,106" hai3="29,55,131,0,62,35,135,9,5,31,39,111,64"/><W47/><G131/><T7/><D124/><U72/><E72/><V17/><F38/><W100/><G135/><T79/><D134/><U78/><E1/><V81/><F130/><W75/><G111/><T96/><D79/><U68/><E68/><V112/><F112/><W127/><G127/><T94/><D104/><U40/><E113/><V88/><F74/><W69/><G100/><T2/><D70/><U54/><E40/><V123/><F123/><W76/><G35/><T10/><REACH who="0" step="1"/><D94/><REACH who="0" ten="167,288,253,282" step="2"/><U84/><E92/><V133/><F133/><W4/><G76/><T21/><D21/><U117/><E78/><V6/><F106/><W77/><G77/><T97/><AGARI ba="0,1" hai="2,7,8,10,14,16,41,45,51,90,93,96,97,99" machi="97" ten="20,5200,0" yaku="1,1,0,1,7,1,54,1,53,0" doraHai="66" doraHaiUra="71" who="0" fromWho="0" sc="167,62,288,-13,253,-13,282,-26" /><INIT seed="4,0,0,3,4,42" ten="229,275,240,256" oya="0" hai0="22,77,82,103,96,31,48,135,21,24,6,59,57" hai1="40,0,115,85,112,89,36,9,61,119,29,109,123" hai2="86,101,1,10,81,75,67,131,128,38,106,98,120" hai3="8,53,100,95,64,43,7,91,69,37,65,114,80"/><T107/><D135/><U87/><E109/><V132/><F120/><W134/><G114/><N who="1" m="43562" /><E123/><V133/><F75/><W49/><G134/><N who="2" m="51817" /><F67/><W12/><G69/><T14/><D48/><U13/><E0/><V92/><F38/><W108/><G43/><T84/><REACH who="0" step="1"/><D21/><REACH who="0" ten="219,275,240,256" step="2"/><U68/><E36/><V3/><F106/><W99/><G37/><T127/><D127/><U2/><E119/><V125/><F125/><W78/><G108/><T93/><D93/><U88/><E40/><V44/><F10/><AGARI ba="0,1" hai="6,10,14,22,24,31,57,59,77,82,84,96,103,107" machi="10" ten="40,7700,0" yaku="1,1,53,2" doraHai="42" doraHaiUra="55" who="0" fromWho="2" sc="219,87,275,0,240,-77,256,0" owari="306,40.6,275,7.5,163,-33.7,256,-14.4" /></mjloggm>