<mjloggm ver="2.3"><GO type="225" lobby="0"/><UN n0="%E6%A1%9C%E8%8A%B1%E9%96%83%E3%80%85" n1="%E3%83%8F%E3%83%B3%E3%83%89%E3%83%A9%E3%83%BC%E3%83%BB%E3%83%AF%E3%83%B3" n2="%E3%83%96%E3%83%83%E3%83%91%E3%82%AA%E3%83%96%E3%83%81%E3%82%AD%E3%83%B3" n3="%E8%BE%9B%E5%8F%A3%E3%82%AB%E3%83%AC%E3%83%BC%E3%83%A9%E3%82%A4%E3%82%B9" dan="17,18,16,16" rate="2254.16,2265.20,2215.62,2148.87" sx="M,M,M,M"/><TAIKYOKU oya="0"/><INIT seed="0,0,0,3,5,22" ten="250,250,250,250" oya="0" hai0="3,53,70,13,35,36,127,78,83,92,125,0,46" hai1="114,4,18,128,34,107,118,111,117,8,94,26,32" hai2="116,115,39,97,54,84,58,113,69,25,14,130,21" hai3="60,38,100,89,98,95,75,7,122,96,120,30,23"/><T72/><D70/><U119/><E107/><V85/><F39/><W126/><G38/><T93/><D35/><N who="1" m="13355" /><E94/><N who="0" m="36457" /><D13/><N who="1" m="5255" /><E111/><V28/><F69/><W106/><G75/><T47/><D53/><U59/><E59/><V124/><F124/><N who="0" m="47690" /><D47/><U37/><E37/><V129/><F116/><W74/><G74/><T45/><D46/><U27/><E128/><N who="2" m="49259" /><F97/><W105/><G126/><T51/><D51/><U15/><E114/><N who="2" m="43531" /><F14/><W121/><G106/><T79/><D78/><U102/><E102/><V9/><F9/><AGARI ba="0,0" hai="9,15,18,26,27,117,118,119" m="5255,13355" machi="9" ten="40,8000,1" yaku="34,2,52,2" doraHai="22" who="1" fromWho="2" sc="250,0,250,80,250,-80,250,0" /><INIT seed="1,0,0,2,3,3" ten="250,330,170,250" oya="1" hai0="116,67,88,96,32,27,29,93,97,10,71,51,57" hai1="19,120,68,82,94,69,54,33,124,103,63,77,121" hai2="80,17,60,23,30,48,70,8,104,105,101,75,129" hai3="108,134,76,130,9,87,14,102,135,18,106,46,86"/><U15/><E33/><V5/><F129/><W31/><G108/><T49/><D116/><U115/><E115/><V55/><F30/><W118/><G130/><T61/><D57/><U56/><E124/><V91/><F101/><W113/><G113/><T13/><REACH who="0" step="1"/><D96/><REACH who="0" ten="240,330,170,250" step="2"/><U112/><E56/><V128/><F128/><W62/><G118/><T21/><D21/><U72/><E112/><V38/><F23/><W83/><G134/><T37/><D37/><U22/><E22/><V66/><F38/><W73/><G135/><T44/><D44/><U114/><E114/><V100/><F70/><W59/><G46/><T74/><D74/><U65/><E72/><V81/><F75/><W39/><G39/><T109/><D109/><U45/><E45/><V40/><F60/><W111/><G111/><T95/><D95/><U43/><E94/><V126/><F126/><W20/><G106/><T24/><D24/><U2/><E63/><V122/><F105/><W85/><G73/><T131/><D131/><U11/><E68/><V84/><F104/><W25/><REACH who="3" step="1"/><G102/><REACH who="3" ten="240,330,170,240" step="2"/><T58/><D58/><U0/><E103/><V53/><F100/><W7/><G7/><AGARI ba="0,2" hai="7,10,13,27,29,32,49,51,61,67,71,88,93,97" machi="7" ten="30,8000,1" yaku="1,1,7,1,52,1,54,1,53,1" doraHai="3" doraHaiUra="64" who="0" fromWho="3" sc="240,100,330,0,170,0,240,-80" /><INIT seed="2,0,0,2,2,130" ten="340,330,170,160" oya="2" hai0="11,70,30,104,131,94,78,54,86,121,15,37,101" hai1="2,125,85,46,60,39,98,25,84,67,49,35,117" hai2="19,89,27,63,61,58,33,77,119,0,1,75,21" hai3="40,111,120,93,12,82,53,72,129,74,29,16,36"/><V59/><F119/><W44/><G120/><T48/><D121/><U45/><E117/><V90/><F33/><W116/><G116/><T87/><D37/><U134/><E2/><V32/><F32/><W115/><G129/><T14/><D70/><U79/><E125/><V42/><F42/><W55/><G111/><T22/><D104/><U114/><E114/><V112/><F112/><W133/><G115/><T76/><D101/><U123/><E123/><V106/><F106/><W73/><G29/><T122/><D94/><U62/><E62/><V132/><F77/><W50/><G93/><T13/><D11/><U10/><E10/><V96/><F75/><W3/><G3/><T6/><D6/><U99/><E45/><V100/><F100/><W7/><G7/><T126/><D126/><U95/><E39/><V38/><F38/><W69/><G69/><T71/><D71/><U8/><E8/><V47/><F47/><W56/><G133/><T127/><D127/><U80/><E85/><N who="0" m="32265" /><D131/><U51/><E35/><V109/><F109/><W41/><G41/><T17/><D30/><U26/><E99/><V113/><F113/><W105/><G105/><T108/><D108/><U66/><E98/><V9/><F96/><W4/><G4/><T43/><D43/><U81/><E79/><N who="0" m="30249" /><D122/><U103/><E103/><V31/><F132/><W23/><REACH who="3" step="1"/><G55/><REACH who="3" ten="340,330,170,150" step="2"/><T110/><D110/><U64/><E95/><V34/><F1/><W5/><G5/><T107/><D107/><U83/><E83/><AGARI ba="0,1" hai="12,16,23,36,40,44,50,53,56,72,73,74,82,83" machi="83" ten="40,2600,0" yaku="1,1,54,1,53,0" doraHai="130" doraHaiUra="91" who="3" fromWho="1" sc="340,0,330,-26,170,0,150,36" /><INIT seed="3,0,0,1,4,120" ten="340,304,170,186" oya="3" hai0="118,33,116,49,50,105,64,117,87,119,16,130,68" hai1="37,96,55,78,62,3,61,19,54,34,60,41,26" hai2="131,15,86,114,100,74,115,59,129,8,127,65,103" hai3="45,30,21,43,57,40,102,122,108,35,20,134,51"/><W25/><G122/><T58/><D118/><U0/><E78/><V23/><F74/><W24/><G134/><T44/><D105/><U123/><E123/><V63/><F23/><W126/><G126/><T14/><D33/><U29/><E41/><V12/><F127/><W88/><G102/><N who="2" m="38953" /><F86/><W73/><G73/><T97/><D68/><U89/><E37/><V7/><F15/><W32/><G108/><T92/><D87/><U133/><E133/><V135/><F135/><W125/><G125/><T128/><D64/><U121/><E121/><V111/><F111/><W31/><G43/><T11/><D58/><U13/><E96/><V98/><F98/><W82/><G57/><T53/><D50/><U75/><E89/><V67/><F67/><W93/><REACH who="3" step="1"/><G82/><REACH who="3" ten="340,304,170,176" step="2"/><T91/><AGARI ba="0,1" hai="11,14,16,44,49,53,91,92,97,116,117,119,128,130" machi="91" ten="40,2700,0" yaku="0,1,54,1" doraHai="120" who="0" fromWho="0" sc="340,37,304,-7,170,-7,176,-13" owari="377,47.7,297,9.7,163,-23.7,163,-33.7" /></mjloggm>