<mjloggm ver="2.3"><GO type="225" lobby="0"/><UN n0="%43%68%65" n1="%E3%81%AF%E3%82%88%E3%81%8A%E3%81%98%E3%81%95%E3%82%93" n2="%E5%A4%8F%E9%88%B4%E9%88%B4%E5%A4%8F" n3="%E6%98%93%E5%88%A9%E8%96%A9%E4%BC%AF" dan="16,17,16,17" rate="2160.43,2141.81,2139.40,2141.05" sx="M,M,F,F"/><TAIKYOKU oya="0"/><INIT seed="0,0,0,2,2,79" ten="250,250,250,250" oya="0" hai0="48,59,60,28,96,95,86,11,6,97,107,133,41" hai1="113,70,2,51,18,81,111,19,56,43,4,105,47" hai2="13,67,119,102,126,58,62,55,39,44,45,65,117" hai3="89,52,69,72,91,83,112,5,16,54,121,36,37"/><T116/><D116/><N who="2" m="44618" /><F102/><W8/><G112/><T104/><D133/><U128/><E70/><N who="2" m="42295" /><F126/><W17/><G69/><T31/><D107/><U85/><E105/><V63/><F13/><W23/><G121/><T12/><D104/><U73/><E73/><V131/><F131/><W9/><G72/><T76/><D97/><U99/><E128/><V34/><F34/><W106/><G106/><T3/><D3/><U125/><E125/><V100/><F100/><W129/><G129/><T93/><D93/><U22/><E99/><V40/><F45/><W42/><G42/><T87/><D87/><U35/><E35/><V80/><F80/><W71/><G71/><T0/><D0/><U26/><E111/><V15/><F15/><W32/><G32/><T57/><D96/><U61/><E113/><V90/><F90/><W50/><G83/><N who="0" m="47463" /><D95/><U75/><E75/><V14/><F14/><W101/><G101/><T10/><D10/><U115/><E115/><V1/><F1/><W74/><G74/><T20/><D20/><U122/><E122/><V134/><F134/><W110/><G110/><T29/><D60/><U27/><E2/><V7/><F7/><W46/><G23/><T78/><D78/><N who="1" m="46263" /><E4/><V118/><N who="2" m="44626" /><V38/><DORA hai="94" /><F38/><W21/><G21/><T53/><D41/><U68/><E68/><V123/><F123/><W120/><G120/><T25/><D25/><N who="1" m="9227" /><E22/><V124/><F124/><W92/><G36/><T88/><D88/><U82/><E82/><V64/><AGARI ba="0,0" hai="39,40,44,55,58,63,64,67" m="42295,44626" machi="64" ten="40,5200,0" yaku="12,1,34,2" doraHai="79,94" who="2" fromWho="2" sc="250,-26,250,-13,250,52,250,-13" /><INIT seed="1,0,0,4,3,57" ten="224,237,302,237" oya="1" hai0="83,88,97,93,22,21,126,112,119,20,4,37,87" hai1="65,35,92,1,96,38,110,8,101,58,116,30,12" hai2="123,115,127,53,59,117,29,41,47,43,42,102,91" hai3="69,103,44,132,100,78,40,129,2,90,50,48,0"/><U130/><E116/><V81/><F117/><W89/><G78/><T10/><D119/><U23/><E38/><V51/><F123/><W39/><G132/><T134/><D134/><U124/><E124/><V98/><F127/><W121/><G129/><T11/><D126/><U68/><E130/><V113/><F29/><W99/><G69/><T25/><D112/><N who="2" m="43082" /><F91/><W56/><G121/><T6/><D37/><U33/><E68/><V15/><F15/><W14/><G14/><T61/><D25/><N who="1" m="16703" /><E110/><V46/><F81/><W118/><G118/><T131/><D131/><U55/><E55/><V64/><F64/><W67/><G39/><T36/><D36/><U122/><E1/><V109/><F109/><W73/><G73/><T72/><D72/><U106/><E106/><AGARI ba="0,0" hai="41,42,43,46,47,51,53,59,98,102,106" m="43082" machi="106" ten="30,1000,0" yaku="11,1" doraHai="57" who="2" fromWho="1" sc="224,0,237,-10,302,10,237,0" /><INIT seed="2,0,0,3,1,59" ten="224,227,312,237" oya="2" hai0="56,75,66,121,128,110,107,95,86,1,94,97,34" hai1="132,125,111,26,67,47,120,84,50,8,89,12,99" hai2="6,37,83,58,123,27,31,11,65,82,74,19,80" hai3="57,134,93,45,30,69,7,38,98,32,17,130,117"/><V55/><F37/><W49/><G117/><T72/><D34/><U76/><E111/><V104/><F104/><W114/><G69/><T42/><D1/><U13/><E125/><V87/><F74/><W70/><G70/><T41/><D121/><U90/><E120/><V102/><F102/><W129/><G114/><T48/><D107/><U46/><E132/><V71/><F19/><W133/><G7/><T122/><D122/><U35/><E35/><V33/><F65/><W10/><G32/><T101/><D110/><U36/><E36/><V28/><F28/><W18/><G30/><T39/><D39/><U79/><E26/><V96/><F96/><W126/><G57/><T78/><D128/><N who="3" m="49257" /><G38/><T5/><D5/><U105/><E67/><V16/><F71/><W109/><G109/><T108/><D108/><U40/><E47/><V4/><F87/><W29/><G29/><T52/><D75/><U22/><E22/><V2/><F4/><W118/><G118/><T124/><D124/><U62/><E105/><V106/><F106/><W127/><G18/><T113/><D113/><U20/><E84/><V91/><F16/><W115/><G115/><T60/><D72/><U51/><E99/><V131/><F123/><W15/><G126/><T112/><D112/><U135/><E135/><V68/><F68/><W24/><G24/><T23/><D23/><U25/><E25/><V73/><F73/><W77/><G127/><T14/><D14/><N who="1" m="5739" /><E20/><V85/><F131/><W54/><G77/><N who="1" m="29770" /><E8/><V9/><F11/><W21/><G10/><T116/><D116/><U103/><E103/><AGARI ba="0,0" hai="15,17,21,45,49,54,93,98,103,133,134" m="49257" machi="103" ten="30,2000,0" yaku="6,1,19,1" doraHai="59" who="3" fromWho="1" sc="224,0,227,-20,312,0,237,20" /><INIT seed="3,0,0,1,1,72" ten="224,207,312,257" oya="3" hai0="108,29,94,12,13,35,41,40,88,43,16,3,22" hai1="27,14,107,114,66,30,126,133,134,49,77,119,80" hai2="31,0,90,6,116,117,125,61,62,34,135,74,67" hai3="25,98,104,73,110,127,54,23,59,89,84,51,44"/><W63/><G73/><T92/><D108/><U5/><E114/><V87/><F74/><W97/><G127/><T81/><D3/><U17/><E126/><V132/><F31/><W38/><G38/><T112/><D112/><U37/><E37/><V76/><F34/><W48/><G104/><T128/><D128/><U24/><E107/><V39/><F39/><W8/><G8/><T36/><D36/><U121/><E121/><V68/><F76/><W57/><G51/><T75/><D13/><U20/><E119/><V60/><F125/><W120/><G59/><T19/><D19/><U42/><E66/><N who="2" m="41031" /><F61/><W47/><G47/><T86/><REACH who="0" step="1"/><D75/><REACH who="0" ten="214,207,312,257" step="2"/><N who="1" m="43071" /><E5/><V130/><F6/><W100/><G110/><T103/><D103/><U32/><E14/><V52/><F0/><W1/><G100/><T118/><D118/><U115/><E115/><V45/><F130/><W93/><G1/><T83/><D83/><U99/><E99/><V2/><F2/><W28/><REACH who="3" step="1"/><G120/><REACH who="3" ten="214,207,312,247" step="2"/><T65/><D65/><AGARI ba="0,2" hai="23,25,28,44,48,54,57,63,65,84,89,93,97,98" machi="65" ten="30,12000,1" yaku="1,1,2,1,7,1,8,1,53,1" doraHai="72" doraHaiUra="53" who="3" fromWho="0" sc="214,-120,207,0,312,0,247,140" owari="94,-40.6,207,-19.3,312,11.2,387,48.7" /></mjloggm>