<mjloggm ver="2.3"><GO type="225" lobby="0"/><UN n0="%E5%B8%86%E7%AB%8B%E5%A4%8F%E8%A1%A3" n1="%E3%81%AF%E3%82%88%E3%81%8A%E3%81%98%E3%81%95%E3%82%93" n2="%E3%81%BD%E3%81%A1%E3%81%9F%E3%81%93%E3%82%84" n3="%E4%B8%89%E5%88%86%E5%B0%8F%E5%83%A7" dan="17,17,17,16" rate="2229.79,2136.49,2169.63,2058.90" sx="M,M,M,M"/><TAIKYOKU oya="0"/><INIT seed="0,0,0,1,4,5" ten="250,250,250,250" oya="0" hai0="71,10,8,77,90,39,79,22,16,113,110,17,85" hai1="121,0,23,131,28,12,100,35,96,119,84,18,112" hai2="130,98,134,25,54,97,82,31,125,53,128,133,55" hai3="32,116,30,61,74,64,76,40,67,88,63,129,52"/><T44/><D113/><U91/><E119/><V118/><F82/><W15/><G116/><T1/><D71/><U80/><E121/><V45/><F45/><W58/><G129/><N who="2" m="49769" /><F118/><W117/><G117/><T36/><D1/><U9/><E131/><V27/><F125/><W135/><G135/><N who="2" m="51721" /><F25/><W89/><G40/><T2/><D2/><U14/><E112/><V19/><F19/><N who="0" m="7242" /><D110/><U81/><E14/><V34/><AGARI ba="0,0" hai="27,31,34,53,54,55,97,98" m="51721,49769" machi="34" ten="40,2700,0" yaku="19,1,20,1" doraHai="5" who="2" fromWho="2" sc="250,-13,250,-7,250,27,250,-7" /><INIT seed="1,0,0,1,1,53" ten="237,243,277,243" oya="1" hai0="113,89,1,9,34,44,73,122,8,6,65,134,64" hai1="131,68,92,7,75,72,12,78,15,119,126,45,50" hai2="58,128,32,48,130,70,90,52,84,104,2,117,135" hai3="85,19,3,29,61,124,41,37,35,30,43,116,99"/><U23/><E119/><V74/><F117/><W120/><G120/><T39/><D113/><U22/><E68/><V14/><F2/><W54/><G3/><T0/><D134/><U17/><E126/><V60/><F135/><W86/><G124/><T109/><D109/><U33/><E33/><V76/><F32/><W26/><G116/><T10/><D34/><U31/><E131/><N who="2" m="50219" /><F104/><W46/><G30/><T51/><D39/><U55/><E78/><V5/><F76/><W25/><G43/><T123/><D73/><U107/><E107/><V93/><F74/><W96/><G86/><T49/><D89/><U83/><E83/><V66/><F14/><W27/><G85/><T28/><D28/><U112/><E112/><V91/><F90/><W62/><G62/><T94/><D94/><U101/><E75/><V133/><F133/><W102/><G19/><T129/><D129/><U20/><E72/><V67/><F66/><N who="0" m="25706" /><D6/><AGARI ba="0,0" hai="5,6,48,52,58,60,67,70,84,91,93" m="50219" machi="6" ten="30,3900,0" yaku="19,1,52,1,54,1" doraHai="53" who="2" fromWho="0" sc="237,-39,243,0,277,39,243,0" /><INIT seed="2,0,0,4,4,6" ten="198,243,316,243" oya="2" hai0="126,59,71,33,64,48,130,34,3,114,70,98,35" hai1="103,4,19,47,46,9,97,81,90,26,50,83,105" hai2="110,107,85,62,96,134,77,93,41,76,104,57,17" hai3="86,89,133,127,32,121,30,65,129,116,132,75,79"/><V80/><F134/><N who="3" m="51819" /><G65/><T27/><D114/><U15/><E90/><V131/><F131/><W11/><G116/><T100/><D130/><U36/><E36/><V44/><F77/><W87/><G121/><T120/><D120/><U135/><E135/><V125/><F17/><W43/><G127/><T91/><D126/><U16/><E47/><V28/><F28/><W31/><G43/><T58/><D3/><U7/><E7/><V53/><F110/><W102/><G102/><T92/><D71/><U20/><REACH who="1" step="1"/><E4/><REACH who="1" ten="198,233,316,243" step="2"/><V52/><F125/><W23/><G129/><T74/><D74/><U22/><E22/><V24/><F44/><W39/><G39/><T8/><D91/><U45/><E45/><V115/><F115/><W66/><G23/><T0/><D27/><U122/><E122/><V112/><F112/><W40/><G89/><T1/><D8/><U56/><E56/><V78/><F57/><W42/><G11/><T68/><D68/><U95/><E95/><V88/><F93/><W109/><G75/><T69/><D69/><U51/><E51/><V82/><F88/><W101/><G109/><T111/><D111/><U49/><E49/><V25/><F85/><W118/><G87/><T72/><D72/><U73/><E73/><V123/><F123/><W84/><G86/><T38/><D38/><U61/><E61/><V124/><F62/><W117/><G84/><T106/><D92/><U12/><E12/><V21/><F124/><W113/><G118/><T14/><D14/><U99/><E99/><V67/><F96/><W37/><G117/><T128/><D70/><RYUUKYOKU ba="0,1" sc="198,-10,233,30,316,-10,243,-10" hai1="9,15,16,19,20,26,46,50,81,83,97,103,105" /><INIT seed="3,1,1,5,0,80" ten="188,263,306,233" oya="3" hai0="97,14,29,129,2,76,55,89,94,107,57,30,19" hai1="70,128,95,123,109,43,51,113,52,121,93,118,82" hai2="38,127,114,134,84,90,49,120,46,54,58,75,7" hai3="8,117,16,130,34,68,40,124,20,108,21,33,101"/><W32/><G68/><T67/><D129/><U131/><E113/><V66/><F75/><W23/><G101/><T88/><D2/><U1/><E70/><V85/><F114/><W9/><G40/><T105/><D76/><U125/><E1/><V11/><F134/><W62/><G62/><T69/><D69/><U53/><E109/><V122/><F127/><W5/><G130/><N who="1" m="49706" /><E125/><V87/><F90/><W91/><G91/><T78/><D78/><U83/><E43/><V41/><REACH who="2" step="1"/><F66/><REACH who="2" ten="188,263,296,233" step="2"/><W133/><G124/><T3/><D67/><U50/><E123/><V35/><F35/><W13/><G133/><T12/><D3/><AGARI ba="1,2" hai="3,7,11,38,41,46,49,54,58,84,85,87,120,122" machi="3" ten="40,8000,1" yaku="1,1,52,3,53,0" doraHai="80" doraHaiUra="10" who="2" fromWho="0" sc="188,-83,263,0,296,103,233,0" owari="105,-39.5,263,6.3,399,49.9,233,-16.7" /></mjloggm>