<mjloggm ver="2.3"><GO type="225" lobby="0"/><UN n0="%72%65%6E%6B%75%6E" n1="%E5%91%A8%E6%9D%B1" n2="%E6%98%93%E5%88%A9%E8%96%A9%E4%BC%AF" n3="%72%61%6B%33" dan="17,16,17,16" rate="2236.82,2143.81,2199.72,2086.84" sx="M,M,F,M"/><TAIKYOKU oya="0"/><INIT seed="0,0,0,1,5,39" ten="250,250,250,250" oya="0" hai0="58,55,122,121,92,67,51,18,47,82,98,130,105" hai1="61,124,74,129,132,103,69,9,21,15,50,97,75" hai2="6,22,36,126,112,5,63,128,16,70,135,40,23" hai3="102,32,52,80,111,76,73,68,28,25,119,34,31"/><T44/><D130/><U87/><E129/><V99/><F128/><W35/><G111/><T11/><D105/><U43/><E132/><V59/><F112/><W127/><G119/><T93/><D121/><U13/><E124/><V56/><F135/><W60/><G127/><T83/><D122/><U64/><E87/><V24/><F126/><W10/><G10/><T26/><D93/><U118/><E118/><V2/><F70/><W66/><G31/><T48/><D67/><U4/><E21/><V33/><F33/><W131/><G131/><T77/><D77/><U91/><E15/><V110/><F59/><W107/><G52/><N who="0" m="29727" /><D58/><U94/><REACH who="1" step="1"/><E103/><REACH who="1" ten="250,240,250,250" step="2"/><V8/><F23/><W115/><G115/><T104/><D104/><U29/><E29/><V17/><F110/><W101/><G101/><N who="0" m="60615" /><D26/><U113/><E113/><V0/><F0/><W106/><G106/><T41/><D55/><U125/><E125/><V65/><F2/><W49/><G49/><T108/><D108/><U53/><E53/><V57/><F99/><AGARI ba="0,1" hai="25,28,32,34,35,60,66,68,73,76,80,99,102,107" machi="99" ten="40,8000,1" yaku="25,2,33,3" doraHai="39" who="3" fromWho="2" sc="250,0,240,0,250,-80,250,90" /><INIT seed="1,0,0,5,2,123" ten="250,240,170,340" oya="1" hai0="118,16,48,109,49,64,3,1,131,33,127,124,42" hai1="77,45,61,67,63,68,29,20,39,26,50,84,87" hai2="24,43,11,30,111,8,103,85,17,108,98,117,38" hai3="70,10,66,86,55,15,34,72,122,28,83,89,93"/><U52/><E77/><V23/><F117/><W112/><G122/><T79/><D33/><U116/><E116/><V100/><F38/><W78/><G112/><T75/><D118/><U135/><E135/><V107/><F43/><W56/><G70/><T25/><D64/><U88/><E39/><V113/><F113/><W44/><G44/><N who="0" m="25623" /><D49/><U4/><E4/><V32/><F103/><W133/><G133/><T40/><D40/><U5/><E5/><V105/><F105/><W71/><G71/><T99/><D131/><U101/><E101/><V121/><F121/><W110/><G110/><N who="2" m="42025" /><F85/><W125/><G125/><N who="0" m="48203" /><D109/><U126/><E126/><V18/><F18/><W134/><G66/><T114/><D114/><U132/><E132/><V102/><F102/><W9/><G134/><T47/><D47/><U119/><E119/><V73/><F73/><W35/><G28/><T53/><D53/><U94/><E63/><V120/><F120/><W13/><G72/><T106/><D99/><AGARI ba="0,0" hai="20,26,29,45,50,52,61,67,68,84,87,88,94,99" machi="99" ten="30,5800,0" yaku="7,1,54,2" doraHai="123" who="1" fromWho="0" sc="250,-58,240,58,170,0,340,0" /><INIT seed="1,1,0,1,3,89" ten="192,298,170,340" oya="1" hai0="87,92,102,115,80,68,13,28,130,6,126,48,131" hai1="20,134,109,25,52,50,118,124,83,81,29,98,91" hai2="59,9,112,125,41,65,75,120,85,49,79,39,17" hai3="119,42,78,69,19,86,62,24,64,73,63,22,76"/><U95/><E124/><V21/><F120/><W37/><G73/><T56/><D68/><U133/><E118/><V40/><F75/><W123/><G123/><T74/><D115/><U34/><E109/><V54/><F112/><W16/><G119/><T101/><D74/><U88/><E34/><V46/><F125/><W38/><G42/><T7/><D28/><U104/><E104/><V116/><F116/><W55/><G19/><T77/><D126/><U70/><E70/><V57/><F9/><W135/><G135/><N who="1" m="51722" /><E91/><V33/><F33/><W90/><G38/><T60/><D48/><U36/><E36/><V84/><F41/><W110/><G37/><T2/><D2/><U106/><E106/><V1/><F1/><W15/><G110/><T100/><D92/><U23/><E20/><V18/><F18/><W129/><G24/><T94/><D94/><U107/><E107/><V128/><F79/><W32/><G32/><T71/><D71/><U105/><E105/><V66/><F128/><N who="0" m="49194" /><D13/><U93/><E93/><V31/><F39/><W44/><G15/><T113/><D113/><U14/><E14/><V30/><F84/><W8/><G86/><T99/><D99/><U58/><AGARI ba="1,0" hai="23,25,29,50,52,58,81,83,88,95,98" m="51722" machi="58" ten="30,11700,0" yaku="20,1,52,1,54,2" doraHai="89" who="1" fromWho="1" sc="192,-40,298,120,170,-40,340,-40" /><INIT seed="1,2,0,2,1,123" ten="152,418,130,300" oya="1" hai0="13,30,126,28,10,56,129,109,68,73,133,77,44" hai1="58,60,76,53,71,111,102,72,16,70,66,90,3" hai2="118,48,107,87,85,116,5,40,6,100,39,117,50" hai3="14,134,125,18,122,106,38,86,52,23,96,82,8"/><U97/><E3/><V127/><F39/><W19/><G122/><T135/><D68/><U15/><E90/><V99/><F127/><W94/><G125/><T42/><D126/><U80/><E111/><V83/><F87/><W84/><G134/><N who="0" m="51211" /><D129/><U98/><E98/><V115/><F115/><W67/><G106/><T35/><D35/><U108/><E108/><V119/><N who="2" m="29696" /><DORA hai="121" /><V124/><F124/><W64/><G38/><N who="0" m="21591" /><D109/><U45/><E45/><V17/><F17/><W59/><G86/><T69/><D69/><U62/><E62/><V29/><F29/><W4/><G19/><N who="0" m="8631" /><D56/><U22/><REACH who="1" step="1"/><E66/><REACH who="1" ten="152,408,130,300" step="2"/><V46/><REACH who="2" step="1"/><F50/><REACH who="2" ten="152,408,120,300" step="2"/><W61/><G96/><T43/><D43/><U0/><E0/><V110/><F110/><W37/><G37/><T20/><D77/><AGARI ba="2,2" hai="5,6,40,46,48,77,83,85,99,100,107" m="29696" machi="77" ten="70,8000,1" yaku="1,1,53,2" doraHai="123,121" doraHaiUra="92,95" who="2" fromWho="0" sc="152,-86,408,0,120,106,300,0" /><INIT seed="2,0,0,5,2,91" ten="66,408,226,300" oya="2" hai0="65,107,42,135,61,76,10,28,62,5,134,112,47" hai1="3,117,39,11,94,34,119,102,24,29,4,129,79" hai2="116,108,13,74,82,48,93,101,49,0,105,36,95" hai3="50,106,12,31,22,53,52,123,72,88,30,7,122"/><V85/><F0/><W113/><G72/><T100/><D112/><U114/><E114/><V71/><F36/><W57/><G113/><T21/><D76/><U103/><E39/><V46/><F71/><W128/><G128/><T2/><D21/><U80/><E129/><V96/><F116/><W35/><G35/><T70/><D62/><U90/><E103/><V68/><F68/><W20/><G106/><T23/><D23/><U37/><E102/><V109/><F74/><W18/><G7/><T83/><D83/><U84/><REACH who="1" step="1"/><E37/><REACH who="1" ten="66,398,226,300" step="2"/><V55/><F48/><W118/><G118/><T98/><D42/><U40/><E40/><V127/><F127/><W32/><G50/><T86/><D86/><AGARI ba="0,1" hai="3,4,11,24,29,34,79,80,84,86,90,94,117,119" machi="86" ten="30,3900,0" yaku="1,1,7,1,52,1,53,0" doraHai="91" doraHaiUra="14" who="1" fromWho="0" sc="66,-39,398,49,226,0,300,0" /><INIT seed="3,0,0,5,1,22" ten="27,447,226,300" oya="3" hai0="121,20,116,47,115,25,80,106,48,124,110,6,71" hai1="37,56,7,3,17,28,13,42,77,39,79,82,94" hai2="135,18,14,125,84,65,91,4,76,101,53,112,67" hai3="95,72,38,40,102,31,23,63,24,132,2,62,30"/><W107/><G132/><T109/><D71/><U21/><E42/><V16/><F112/><W64/><G72/><T46/><D106/><U36/><E79/><V92/><F135/><W44/><G2/><T41/><D6/><U117/><E117/><V103/><F125/><W15/><G107/><T90/><D90/><U68/><E68/><V27/><F76/><W32/><G15/><T105/><D105/><U29/><E94/><V87/><F87/><W60/><G31/><T49/><D80/><U75/><E56/><V12/><F4/><W78/><G78/><T69/><D20/><U122/><E122/><V83/><F53/><W93/><G32/><T54/><D69/><U126/><E126/><V11/><F27/><W120/><G120/><T99/><D99/><U85/><E75/><V52/><F83/><W8/><G8/><T97/><D97/><U133/><E133/><V58/><F103/><W119/><G119/><T45/><D25/><U104/><E104/><V50/><F101/><W19/><G19/><T5/><D5/><U113/><E113/><V66/><F66/><W55/><G64/><T61/><D124/><U1/><E1/><V26/><F26/><W86/><G102/><T59/><D115/><U100/><E100/><V43/><F43/><W89/><REACH who="3" step="1"/><G93/><REACH who="3" ten="27,447,226,290" step="2"/><T96/><D121/><U127/><E127/><V129/><F129/><W118/><G118/><T81/><D116/><U98/><E28/><V74/><F74/><W134/><G134/><T70/><D81/><U111/><E29/><V34/><F34/><W51/><G51/><T10/><D10/><AGARI ba="0,1" hai="10,11,12,14,16,18,50,52,58,65,67,84,91,92" machi="10" ten="30,12000,2" yaku="6,1,7,1,9,1,8,1,54,2" doraHai="22" who="2" fromWho="0" sc="27,-120,447,0,226,130,290,0" owari="-93,-59.3,447,54.7,356,15.6,290,-11.0" /></mjloggm>