<mjloggm ver="2.3"><GO type="225" lobby="0"/><UN n0="%EF%BC%AE%EF%BC%A1%EF%BC%AF%33%33%39" n1="%E3%81%BF%E3%81%BF%E3%81%9A" n2="%72%61%6B%33" n3="%E3%81%AF%E3%82%88%E3%81%8A%E3%81%98%E3%81%95%E3%82%93" dan="16,17,16,17" rate="2099.33,2269.80,2114.92,2122.91" sx="M,M,M,M"/><TAIKYOKU oya="0"/><INIT seed="0,0,0,2,3,115" ten="250,250,250,250" oya="0" hai0="100,70,67,10,120,5,98,39,48,109,124,82,80" hai1="66,116,26,14,132,4,83,92,41,24,21,7,134" hai2="101,55,35,99,20,87,46,88,106,52,122,84,75" hai3="110,76,118,107,6,54,63,18,95,60,61,79,8"/><T131/><D39/><U130/><E130/><V127/><F122/><W74/><G107/><T96/><D120/><U3/><E66/><V12/><F35/><W97/><G110/><T103/><D70/><U34/><E41/><V125/><F75/><W93/><G118/><T44/><D67/><U85/><E92/><V28/><F84/><W9/><G74/><T71/><D71/><U2/><E85/><V22/><F28/><W53/><G18/><T89/><D131/><U29/><E83/><V27/><F12/><W0/><G95/><T1/><D109/><U36/><E36/><V135/><F135/><N who="1" m="51753" /><E116/><V31/><F20/><W64/><G64/><T128/><D128/><U59/><E59/><V108/><F108/><W77/><REACH who="3" step="1"/><G9/><REACH who="3" ten="250,250,250,240" step="2"/><T23/><D10/><N who="1" m="4423" /><E7/><V119/><F119/><W121/><G121/><T105/><D5/><U13/><E13/><V58/><F46/><W129/><G129/><T114/><D44/><U94/><E94/><V113/><F113/><W50/><G50/><T43/><D48/><U81/><E81/><V126/><F58/><W104/><G104/><T133/><D133/><U47/><E47/><V38/><F38/><W65/><G65/><T62/><D114/><U117/><E117/><V16/><F31/><AGARI ba="0,1" hai="2,3,21,24,26,29,31,34" m="4423,51753" machi="31" ten="30,3900,0" yaku="20,1,34,2" doraHai="115" who="1" fromWho="2" sc="250,0,250,49,250,-39,240,0" /><INIT seed="1,0,0,0,1,81" ten="250,299,211,240" oya="1" hai0="27,61,64,92,72,15,0,51,14,87,60,133,62" hai1="18,84,58,121,109,75,63,77,104,38,135,7,71" hai2="96,9,43,10,130,125,68,67,24,86,40,111,119" hai3="76,80,94,55,110,16,57,41,123,35,134,19,2"/><U74/><E121/><V32/><F119/><W89/><G123/><T105/><D105/><U25/><E38/><V118/><F118/><W91/><G2/><T47/><D72/><U26/><E71/><V90/><F111/><W108/><G35/><T65/><D0/><U54/><E104/><V129/><F125/><W31/><G31/><T23/><D133/><U103/><E103/><V100/><F40/><W44/><G134/><T120/><D120/><U56/><E7/><V116/><F43/><W113/><G113/><T107/><D107/><U50/><E135/><V131/><F116/><W128/><G128/><T6/><D6/><U39/><E39/><V36/><F36/><W1/><G1/><T59/><D64/><U106/><E106/><N who="2" m="63751" /><F67/><W73/><G44/><T127/><D127/><U79/><E109/><N who="3" m="42090" /><G41/><T4/><D4/><U48/><E18/><N who="3" m="6698" /><G94/><T117/><D117/><U85/><E54/><V37/><F37/><W34/><G34/><T17/><D15/><U45/><E45/><V22/><F32/><W66/><G66/><T124/><D14/><U70/><E70/><V122/><F68/><W52/><G55/><N who="0" m="30207" /><D124/><U53/><E53/><V21/><F122/><W82/><G80/><T112/><D112/><U132/><E132/><V5/><F5/><W98/><G98/><T83/><D92/><U13/><E13/><V29/><F21/><W30/><G30/><T114/><D114/><U3/><E3/><V99/><F99/><W126/><G126/><T20/><D20/><U33/><E33/><V115/><F115/><W102/><G102/><T97/><D97/><RYUUKYOKU ba="0,0" sc="250,0,299,0,211,0,240,0" hai0="17,23,27,59,60,61,62,65,83,87" hai1="25,26,48,50,56,58,63,74,75,77,79,84,85" hai2="9,10,22,24,29,86,90,129,130,131" hai3="52,57,73,76,82,89,91" /><INIT seed="1,1,0,0,0,105" ten="250,299,211,240" oya="1" hai0="59,47,25,61,96,5,69,107,16,11,133,65,15" hai1="42,95,46,120,125,100,108,84,131,86,94,97,45" hai2="132,0,102,22,43,64,67,52,27,35,66,13,18" hai3="77,8,73,2,6,70,128,92,30,26,40,48,39"/><U56/><E120/><V114/><F132/><W106/><G48/><T110/><D133/><U12/><E125/><V14/><F114/><W34/><G92/><T111/><D47/><U68/><E68/><V21/><F0/><W130/><G106/><T98/><D107/><U122/><E122/><V72/><F35/><W60/><G60/><T76/><D76/><U88/><E131/><N who="3" m="50218" /><G70/><T101/><D69/><U4/><E108/><N who="0" m="41513" /><D101/><U135/><E135/><V63/><F102/><W124/><G124/><T75/><D75/><U91/><E56/><N who="2" m="35207" /><F72/><W7/><G6/><T32/><D32/><U126/><E126/><V81/><F81/><N who="3" m="45231" /><G40/><T121/><D121/><U44/><E4/><V38/><F38/><AGARI ba="1,0" hai="2,7,8,26,30,34,38,39" m="45231,50218" machi="38" ten="30,3900,0" yaku="19,1,23,1,52,1" doraHai="105" who="3" fromWho="2" sc="250,0,299,0,211,-42,240,42" /><INIT seed="2,0,0,0,4,81" ten="250,299,169,282" oya="2" hai0="39,84,128,61,65,122,124,102,89,59,126,52,71" hai1="14,63,111,90,4,82,97,121,20,49,66,125,114" hai2="40,68,98,7,17,62,79,70,56,117,16,83,23" hai3="35,29,46,24,77,92,25,28,22,48,86,55,96"/><V103/><F117/><W19/><G77/><T54/><D122/><U108/><E114/><V113/><F113/><W112/><G112/><T104/><D39/><U72/><E125/><N who="0" m="48233" /><D128/><U11/><E121/><V6/><F40/><W120/><G120/><T95/><D71/><U2/><E49/><V36/><F36/><W58/><G46/><T94/><D104/><U69/><E72/><V21/><F70/><W64/><G64/><T74/><D74/><U123/><E123/><V8/><F68/><W119/><G119/><T130/><D130/><U87/><E97/><AGARI ba="0,0" hai="52,54,59,61,65,84,89,94,95,97,102" m="48233" machi="97" ten="30,3900,0" yaku="18,1,52,1,54,1" doraHai="81" who="0" fromWho="1" sc="250,39,299,-39,169,0,282,0" /><INIT seed="3,0,0,2,3,71" ten="289,260,169,282" oya="3" hai0="80,8,110,81,42,91,20,17,39,114,97,44,46" hai1="77,130,53,38,87,122,48,100,64,3,116,45,1" hai2="103,66,112,26,119,57,128,14,28,43,27,95,74" hai3="121,69,21,47,4,12,6,37,85,126,32,5,22"/><W120/><G69/><T115/><D8/><U40/><E122/><N who="3" m="47210" /><G37/><T111/><D46/><U61/><E130/><V106/><F112/><N who="0" m="43050" /><D97/><U52/><E116/><V23/><F119/><W70/><G85/><N who="0" m="50599" /><D81/><U84/><E100/><V35/><F128/><W65/><G65/><T86/><D86/><U58/><E53/><V54/><F74/><W117/><G70/><T72/><D72/><U25/><E25/><AGARI ba="0,0" hai="17,20,25,39,42,44,110,111" m="50599,43050" machi="25" ten="30,2000,0" yaku="11,1,52,1" doraHai="71" who="0" fromWho="1" sc="289,20,260,-20,169,0,282,0" owari="309,40.9,240,-16.0,169,-33.1,282,8.2" /></mjloggm>