<mjloggm ver="2.3"><GO type="225" lobby="0"/><UN n0="%E8%A8%88%E7%AE%97%E6%A9%9F%E8%87%AA%E7%84%B6" n1="%E3%81%AD%E3%82%80%E3%81%84%40%E9%9B%80%E9%B3%B4%E4%BC%9A" n2="%E3%81%BF%E3%81%BF%E3%81%9A" n3="%E3%82%8F%E3%81%8B%E3%81%B0%2A%E3%82%AC%E3%83%BC%E3%83%AB" dan="17,16,17,16" rate="2188.96,2209.16,2269.73,2194.34" sx="M,F,M,M"/><TAIKYOKU oya="0"/><INIT seed="0,0,0,2,3,15" ten="250,250,250,250" oya="0" hai0="35,116,119,11,135,50,45,34,112,49,127,88,38" hai1="62,47,118,128,79,87,93,46,133,39,117,2,121" hai2="98,7,31,60,44,18,105,41,42,56,24,113,96" hai3="52,28,100,111,125,48,109,4,77,32,54,132,29"/><T92/><D112/><U126/><E2/><V27/><F113/><W103/><G125/><T6/><D38/><U82/><E121/><V85/><F7/><W107/><G132/><T80/><D127/><U25/><E126/><V106/><F106/><W1/><G77/><T115/><D115/><U37/><E128/><V99/><F105/><W90/><G90/><T65/><D65/><U71/><E93/><V19/><F85/><W83/><G83/><T53/><D135/><U43/><E133/><V101/><F101/><N who="3" m="38987" /><G107/><T130/><D130/><U22/><E71/><V84/><F84/><W104/><G104/><T110/><D80/><U17/><REACH who="1" step="1"/><E62/><REACH who="1" ten="250,240,250,250" step="2"/><V61/><F61/><W23/><G1/><T9/><D116/><U123/><E123/><V76/><F60/><W5/><G109/><T57/><D119/><U95/><E95/><V73/><F98/><W10/><G111/><T16/><D110/><U13/><E13/><V59/><F99/><W0/><G0/><T64/><D92/><U91/><E91/><V102/><F96/><W131/><G131/><T94/><D94/><U75/><E75/><V114/><F102/><W129/><G129/><T69/><D88/><U36/><E36/><V40/><F114/><W97/><G97/><T89/><D89/><U12/><E12/><V122/><F122/><W3/><G3/><N who="0" m="223" /><D69/><U21/><E21/><N who="2" m="15759" /><F73/><W108/><G108/><T63/><D49/><U20/><E20/><V68/><F68/><W134/><G134/><T8/><D8/><U30/><E30/><V124/><F124/><W74/><G48/><T66/><D66/><RYUUKYOKU ba="0,1" sc="250,15,240,15,250,-15,250,-15" hai0="11,16,34,35,45,50,53,57,63,64" hai1="17,22,25,37,39,43,46,47,79,82,87,117,118" /><INIT seed="0,1,1,1,5,34" ten="265,255,235,235" oya="0" hai0="70,2,36,25,23,27,28,69,66,77,33,54,22" hai1="127,60,103,52,35,94,18,38,120,57,115,76,63" hai2="96,26,102,89,58,83,29,53,48,19,45,10,134" hai3="125,129,1,3,62,114,111,130,39,24,11,9,116"/><T85/><D36/><U124/><E120/><V133/><F89/><W86/><G116/><T106/><D106/><U126/><E115/><V40/><F83/><W41/><G114/><T17/><D66/><U6/><E35/><V8/><F29/><W109/><G125/><T72/><D72/><U123/><E123/><V4/><F26/><W0/><G62/><T97/><D33/><U5/><E38/><V13/><F96/><W42/><G86/><T108/><D97/><N who="1" m="59831" /><E76/><V65/><F102/><W12/><G24/><T119/><D119/><U64/><E18/><V92/><F92/><W14/><G0/><T112/><D112/><U56/><AGARI ba="1,1" hai="5,6,52,56,57,60,63,64,124,126,127" m="59831" machi="56" ten="40,2700,0" yaku="18,1,54,1" doraHai="34" who="1" fromWho="1" sc="265,-14,255,40,235,-8,235,-8" /><INIT seed="1,0,0,0,4,96" ten="251,295,227,227" oya="1" hai0="10,8,132,67,36,120,63,108,110,51,130,126,91" hai1="128,131,38,121,86,20,79,33,84,85,69,133,14" hai2="82,112,94,66,134,15,31,18,100,113,43,70,46" hai3="88,45,77,135,60,118,102,27,89,92,6,75,111"/><U35/><E121/><V42/><F134/><W93/><G135/><T65/><D132/><U95/><E133/><V0/><F0/><W87/><G111/><N who="0" m="42539" /><D36/><U29/><E38/><V16/><F31/><W115/><G115/><N who="2" m="44105" /><F82/><W5/><G118/><T125/><D120/><U104/><E104/><V30/><F30/><W103/><G75/><T22/><D130/><N who="1" m="49707" /><E69/><V21/><F46/><W50/><G77/><T106/><D106/><U109/><E109/><V74/><F74/><W11/><G27/><T119/><D119/><U122/><E122/><V97/><F18/><W101/><G60/><AGARI ba="0,0" hai="15,16,21,42,43,60,66,70,94,97,100" m="44105" machi="60" ten="30,3900,0" yaku="11,1,52,1,54,1" doraHai="96" who="2" fromWho="3" sc="251,0,295,0,227,39,227,-39" /><INIT seed="2,0,0,1,0,99" ten="251,295,266,188" oya="2" hai0="52,46,58,53,10,29,36,15,41,60,84,123,128" hai1="50,73,108,25,8,97,30,31,16,68,127,96,35" hai2="106,117,95,55,119,90,44,47,92,87,98,33,124" hai3="81,86,20,17,67,93,11,56,28,78,70,132,112"/><V101/><F33/><W18/><G132/><T88/><D128/><U115/><E115/><V113/><F113/><W135/><G135/><T2/><D29/><U40/><E68/><V66/><F66/><W105/><G105/><T107/><D107/><U74/><E31/><V22/><F124/><W57/><G112/><T21/><D21/><U134/><E108/><V51/><F106/><W65/><G70/><T75/><D75/><U129/><E129/><V45/><REACH who="2" step="1"/><F22/><REACH who="2" ten="251,295,256,188" step="2"/><W32/><G32/><T94/><D123/><U79/><E127/><V118/><AGARI ba="0,1" hai="44,45,47,51,55,87,90,92,95,98,101,117,118,119" machi="118" ten="30,11700,0" yaku="1,1,2,1,0,1,52,1,53,0" doraHai="99" doraHaiUra="34" who="2" fromWho="2" sc="251,-39,295,-39,256,127,188,-39" /><INIT seed="2,1,0,0,0,25" ten="212,256,383,149" oya="2" hai0="29,24,103,1,58,89,122,69,116,83,80,105,22" hai1="51,111,87,52,43,63,33,75,16,82,17,15,68" hai2="35,95,77,96,28,76,13,102,121,109,60,2,132" hai3="19,94,0,135,110,37,125,61,9,5,91,47,65"/><V126/><F121/><W32/><G110/><T11/><D69/><U23/><E75/><V86/><F2/><W50/><G125/><T71/><D71/><U39/><E33/><V99/><F126/><W8/><G135/><T53/><D122/><U46/><E111/><V10/><F109/><W70/><G32/><T88/><D116/><U67/><E15/><V34/><F132/><W66/><G37/><T134/><D134/><U113/><E23/><V45/><F60/><W93/><G66/><T106/><D83/><U127/><E113/><V120/><F120/><W18/><G9/><T115/><D115/><U131/><E131/><V14/><F45/><W78/><G78/><T30/><D30/><U81/><E81/><V124/><F124/><W64/><G64/><T27/><D27/><U20/><E20/><V130/><F86/><W129/><G129/><T73/><D103/><U117/><E117/><V48/><F48/><W85/><REACH who="3" step="1"/><G93/><REACH who="3" ten="212,256,383,139" step="2"/><T114/><D114/><U118/><E118/><V41/><F95/><W98/><G98/><T84/><D73/><U6/><E127/><V108/><F130/><W4/><G4/><T44/><D11/><U62/><E6/><V92/><F10/><W21/><G21/><T97/><D97/><U72/><E72/><V123/><F108/><W119/><G119/><T12/><D22/><U128/><E128/><V40/><F92/><W26/><G26/><T74/><D24/><U55/><E39/><V101/><F123/><W104/><G104/><N who="0" m="40043" /><D74/><U112/><E112/><V90/><F35/><W36/><G36/><T31/><D31/><RYUUKYOKU ba="1,1" sc="212,-10,256,-10,383,-10,139,30" hai3="0,5,8,18,19,47,50,61,65,70,85,91,94" /><INIT seed="3,2,1,2,5,41" ten="202,246,373,169" oya="3" hai0="110,93,85,130,8,125,88,127,92,9,26,120,42" hai1="59,3,70,47,63,6,64,11,90,116,57,73,61" hai2="12,78,29,81,22,56,34,23,50,21,38,52,126" hai3="49,122,75,102,36,99,0,69,89,111,19,95,15"/><W33/><G122/><T107/><D120/><U40/><E73/><V121/><F38/><W37/><G0/><T16/><D107/><U65/><E116/><V112/><F121/><W77/><G69/><T31/><D110/><U86/><E70/><V123/><F112/><W134/><G111/><T84/><D130/><U2/><E2/><V45/><F123/><W119/><G119/><T129/><D129/><U100/><E100/><V131/><F131/><W103/><G134/><T14/><D42/><U98/><E98/><V113/><F126/><N who="0" m="48138" /><D8/><U5/><E5/><V114/><F12/><W135/><G135/><T44/><D44/><U118/><E118/><V62/><F34/><W83/><G33/><N who="0" m="20727" /><D84/><U43/><E47/><V109/><F109/><W46/><G36/><T101/><D101/><U79/><E79/><V96/><F96/><W53/><REACH who="3" step="1"/><G37/><REACH who="3" ten="202,246,373,159" step="2"/><T54/><D54/><U128/><E128/><V91/><F114/><W48/><G48/><T27/><D27/><U72/><E72/><V124/><F113/><W117/><G117/><T67/><D67/><U76/><E76/><V80/><F124/><W106/><G106/><T13/><D13/><U30/><E40/><N who="2" m="24871" /><F78/><W66/><G66/><T24/><D24/><U74/><E43/><V55/><F55/><W10/><AGARI ba="2,2" hai="10,15,19,46,49,53,75,77,83,89,95,99,102,103" machi="10" ten="20,7800,0" yaku="1,1,0,1,7,1,52,1,53,0" doraHai="41" doraHaiUra="17" who="3" fromWho="3" sc="202,-28,246,-28,373,-28,159,104" /><INIT seed="3,3,0,5,3,79" ten="174,218,345,263" oya="3" hai0="99,77,50,126,10,20,8,45,113,81,97,6,70" hai1="15,90,88,122,109,39,116,134,0,93,76,22,104" hai2="130,43,31,107,129,1,5,123,24,41,125,33,63" hai3="57,59,135,68,29,12,128,87,106,98,30,115,86"/><W54/><G115/><T37/><D70/><U38/><E122/><V105/><F123/><W14/><G68/><T121/><D121/><U44/><E0/><V120/><F120/><W92/><G106/><N who="2" m="40457" /><F125/><W91/><G128/><N who="2" m="49257" /><F63/><W110/><G110/><T112/><D20/><U95/><E76/><V25/><F25/><W48/><G135/><T83/><D37/><U3/><E15/><N who="3" m="5674" /><G59/><T34/><D34/><U36/><E44/><V78/><F78/><W40/><G40/><N who="0" m="24871" /><D126/><U66/><E22/><V80/><F80/><N who="0" m="30794" /><D77/><U127/><E93/><V132/><F132/><W52/><G54/><T131/><D131/><U75/><E90/><V26/><F26/><W7/><G7/><T124/><D124/><U51/><E3/><V67/><F67/><W19/><G19/><T47/><D47/><U56/><E75/><V35/><F35/><W103/><G29/><T9/><D6/><U4/><E4/><V85/><F5/><W13/><G30/><T65/><D65/><U17/><E127/><V23/><F1/><W49/><G103/><T73/><D73/><U72/><E72/><V60/><F33/><W46/><G46/><T18/><D18/><U61/><E134/><V119/><F41/><W55/><G55/><T28/><D28/><U94/><E104/><V117/><F43/><W42/><G42/><T21/><D21/><U32/><E32/><V100/><F31/><W62/><G52/><T58/><D58/><U118/><E56/><V69/><F69/><W64/><G64/><T53/><D53/><U102/><E66/><V108/><F23/><W11/><G57/><RYUUKYOKU ba="3,0" sc="174,30,218,-10,345,-10,263,-10" hai0="8,9,10,97,99,112,113" owari="204,-29.6,208,-19.2,335,43.5,253,5.3" /></mjloggm>