<mjloggm ver="2.3"><GO type="225" lobby="0"/><UN n0="%E3%81%B7%E3%83%BC%E3%82%84%E3%82%93" n1="%E6%B4%BE%E9%81%A3%E3%81%AE%E3%82%B8%E3%83%A3%E3%83%83%E3%82%AF" n2="%4B%2E%32%2E%4B%2E" n3="%4E%6F%2E%30%30%30%31" dan="17,17,17,18" rate="2174.81,2159.82,2202.15,2238.56" sx="M,M,M,M"/><TAIKYOKU oya="0"/><INIT seed="0,0,0,3,4,61" ten="250,250,250,250" oya="0" hai0="40,113,56,119,54,38,114,15,80,129,10,1,124" hai1="19,112,121,59,11,79,51,9,93,49,127,45,0" hai2="88,72,91,33,16,13,34,5,22,135,7,35,99" hai3="2,133,25,92,134,63,81,74,82,89,70,62,32"/><T128/><D1/><U3/><E121/><V69/><F72/><W77/><G2/><T68/><D119/><U47/><E79/><V60/><F135/><N who="3" m="51723" /><G82/><T130/><D68/><U42/><E127/><V122/><F122/><W23/><G32/><T78/><D124/><U14/><E112/><V52/><F99/><N who="3" m="57743" /><G70/><T123/><D123/><U65/><E93/><V104/><F104/><W30/><AGARI ba="0,0" hai="23,25,30,62,63,74,77,81" m="57743,51723" machi="30" ten="30,1100,0" yaku="20,1" doraHai="61" who="3" fromWho="3" sc="250,-5,250,-3,250,-3,250,11" /><INIT seed="1,0,0,4,5,78" ten="245,247,247,261" oya="1" hai0="55,66,58,45,127,65,23,106,49,21,89,14,82" hai1="27,13,18,75,50,39,116,104,90,43,79,132,85" hai2="70,35,16,73,94,99,36,26,72,126,100,119,5" hai3="124,37,0,120,98,81,83,107,101,86,9,28,54"/><U93/><E116/><V111/><F119/><W110/><G120/><T130/><D106/><U29/><E104/><V47/><F70/><W133/><G37/><T31/><D130/><U44/><E132/><V96/><F111/><W67/><G110/><T6/><D127/><U68/><E68/><V128/><F128/><W88/><G133/><T135/><D135/><U92/><E39/><V80/><F126/><W121/><G124/><T122/><D122/><U129/><E129/><V114/><F114/><W30/><G67/><N who="0" m="25611" /><D31/><U95/><E79/><V8/><F96/><W48/><G121/><T103/><D103/><U34/><REACH who="1" step="1"/><E75/><REACH who="1" ten="245,237,247,261" step="2"/><V69/><F69/><W125/><G125/><T134/><D134/><U105/><E105/><V33/><F73/><W57/><REACH who="3" step="1"/><G83/><REACH who="3" ten="245,237,247,251" step="2"/><T25/><D82/><U64/><E64/><V87/><F36/><W97/><G97/><T12/><D58/><U24/><E24/><V42/><F26/><W108/><G108/><T59/><D59/><U62/><E62/><V22/><F99/><W2/><G2/><T51/><D25/><U131/><E131/><V84/><F80/><W41/><G41/><T11/><D51/><U17/><E17/><V10/><F16/><W7/><AGARI ba="0,2" hai="0,7,9,28,30,48,54,57,81,86,88,98,101,107" machi="7" ten="30,7900,0" yaku="1,1,0,1,52,1,54,1,53,0" doraHai="78" doraHaiUra="91" who="3" fromWho="3" sc="245,-20,237,-39,247,-20,251,99" /><INIT seed="2,0,0,0,1,27" ten="225,198,227,350" oya="2" hai0="68,87,24,98,135,12,86,48,116,73,30,65,130" hai1="4,42,122,129,76,125,60,64,40,79,133,19,66" hai2="47,59,49,82,21,56,108,38,128,25,17,114,44" hai3="33,112,6,67,101,7,3,16,85,53,72,1,115"/><V11/><F114/><N who="3" m="43563" /><G72/><T39/><D39/><U124/><E4/><N who="3" m="1578" /><G33/><T93/><D73/><U92/><E133/><V8/><F128/><W105/><G67/><N who="1" m="25642" /><E60/><V83/><F38/><W102/><G85/><T43/><D65/><U74/><E129/><V134/><F134/><W35/><G35/><T0/><D68/><U57/><E57/><N who="2" m="22091" /><F108/><W22/><G53/><T50/><D130/><U110/><E110/><V71/><F44/><W58/><G58/><T88/><D135/><U13/><E92/><V109/><F109/><W120/><G120/><T28/><D93/><U63/><E63/><V41/><F71/><W107/><G101/><T90/><D0/><N who="3" m="73" /><G102/><T94/><D94/><U46/><E122/><V61/><F61/><W111/><G111/><T99/><D87/><U91/><E74/><V95/><F95/><W37/><G37/><T96/><D86/><U29/><E46/><V26/><F26/><AGARI ba="0,0" hai="16,22,26,105,107" m="73,1578,43563" machi="26" ten="30,2000,0" yaku="11,1,54,1" doraHai="27" who="3" fromWho="2" sc="225,0,198,0,227,-20,350,20" /><INIT seed="3,0,0,0,2,78" ten="225,198,207,370" oya="3" hai0="94,86,65,20,125,123,102,133,110,126,51,4,122" hai1="24,6,68,69,56,46,54,82,15,1,112,58,55" hai2="37,43,63,103,31,117,74,5,96,61,91,105,14" hai3="52,60,127,41,13,120,130,2,106,47,26,7,124"/><W8/><G120/><T113/><D110/><U93/><E112/><V108/><F117/><W0/><G106/><T10/><D113/><U80/><E1/><V40/><F74/><W114/><G114/><T76/><D65/><U42/><E24/><V32/><F108/><W27/><G41/><T30/><D133/><U111/><E111/><V116/><F116/><W75/><G47/><T84/><D51/><N who="1" m="27095" /><E69/><V119/><F119/><W57/><G75/><T16/><D30/><U38/><E68/><V121/><F121/><N who="0" m="46090" /><D76/><U98/><E38/><V135/><F135/><W44/><G130/><T12/><D94/><U18/><E6/><V77/><F77/><W85/><G44/><T89/><D102/><N who="1" m="60751" /><E56/><V97/><F37/><W107/><G57/><T73/><D73/><U23/><E55/><V35/><F31/><W72/><G52/><T29/><D29/><U33/><E33/><N who="2" m="12875" /><F40/><W59/><G72/><T70/><D70/><U66/><E66/><V17/><F5/><W134/><G7/><T101/><D101/><U28/><E28/><V95/><F43/><W50/><G134/><T129/><D129/><U90/><E90/><V79/><F79/><W88/><G88/><T53/><D53/><U48/><AGARI ba="0,0" hai="15,18,23,48,54,58,80,82" m="60751,27095" machi="48" ten="30,4000,0" yaku="8,1,52,2" doraHai="78" who="1" fromWho="1" sc="225,-10,198,40,207,-10,370,-20" owari="215,-18.5,238,3.8,197,-30.3,350,45.0" /></mjloggm>