<mjloggm ver="2.3"><GO type="225" lobby="0"/><UN n0="%72%69%6F%75%63%68%61%6E" n1="%E4%BF%BA%E3%81%A8%E5%A6%96%E5%A4%A2" n2="%E3%81%BF%E3%81%BF%E3%81%9A" n3="%E6%9C%88%E5%B3%B6%E5%9F%BA" dan="16,16,18,16" rate="2169.65,2142.36,2255.71,2034.28" sx="M,F,M,M"/><TAIKYOKU oya="0"/><INIT seed="0,0,0,0,0,43" ten="250,250,250,250" oya="0" hai0="42,38,25,48,64,60,74,128,125,70,27,69,54" hai1="10,33,28,75,118,72,71,77,1,80,134,37,3" hai2="2,76,83,49,40,113,109,17,107,44,111,82,58" hai3="62,55,89,108,68,116,104,61,124,32,67,122,26"/><T97/><D74/><U95/><E118/><V34/><F113/><W81/><G116/><T92/><D125/><U57/><E71/><V22/><F34/><W88/><G124/><T123/><D123/><U20/><E72/><V91/><F107/><W30/><G122/><T7/><D128/><U78/><E78/><V132/><F2/><W79/><G108/><N who="2" m="41545" /><F132/><W87/><G104/><T21/><D70/><U47/><E134/><V66/><F91/><W131/><G131/><T86/><D7/><U90/><E57/><V56/><F66/><W119/><G119/><T9/><D9/><U13/><E33/><V105/><F105/><W73/><G73/><T5/><D5/><U24/><E47/><V39/><F39/><W51/><REACH who="3" step="1"/><G62/><REACH who="3" ten="250,250,250,240" step="2"/><T99/><D86/><U127/><E127/><V117/><F117/><W35/><G35/><T93/><D99/><U94/><E75/><N who="2" m="43295" /><F83/><W63/><G63/><T52/><D97/><U100/><E80/><V19/><F19/><W45/><AGARI ba="0,1" hai="26,30,32,45,51,55,61,67,68,79,81,87,88,89" machi="45" ten="20,8000,1" yaku="1,1,0,1,7,1,52,1,54,1,53,0" doraHai="43" doraHaiUra="16" who="3" fromWho="3" sc="250,-40,250,-20,250,-20,240,90" /><INIT seed="1,0,0,0,1,126" ten="210,230,230,330" oya="1" hai0="15,53,42,110,18,68,70,66,96,36,113,57,77" hai1="129,8,48,132,7,49,61,34,60,32,0,91,100" hai2="121,108,130,10,75,22,122,109,111,107,76,29,2" hai3="95,87,94,38,56,99,28,78,92,114,59,85,46"/><U51/><E100/><V24/><F107/><W104/><G114/><T65/><D113/><U39/><E39/><V23/><F76/><W9/><G104/><T80/><D110/><U3/><E132/><V125/><F75/><W127/><G127/><T63/><D96/><U11/><E91/><V12/><F125/><W26/><G38/><T120/><D120/><U81/><E81/><V45/><F45/><W72/><G46/><N who="0" m="23879" /><D15/><U112/><E112/><V31/><F2/><W4/><G72/><T67/><D18/><U37/><E37/><V69/><F69/><N who="0" m="26730" /><D80/><U128/><E49/><V6/><F130/><W44/><G44/><T106/><D106/><U16/><E16/><V131/><F131/><W134/><G99/><T14/><D14/><U54/><E54/><V93/><F93/><W41/><G41/><T55/><D77/><U74/><E74/><V103/><F103/><W20/><G134/><T118/><D118/><U119/><E7/><V117/><F117/><AGARI ba="0,0" hai="0,3,8,11,32,34,48,51,60,61,117,119,128,129" machi="117" ten="25,9600,0" yaku="22,2,52,2" doraHai="126" who="1" fromWho="2" sc="210,0,230,96,230,-96,330,0" /><INIT seed="1,1,0,0,0,104" ten="210,326,134,330" oya="1" hai0="98,124,135,60,91,35,72,65,30,57,51,94,109" hai1="92,58,116,123,76,25,128,119,46,96,19,83,63" hai2="52,26,125,86,10,90,107,71,61,8,29,2,44" hai3="93,45,34,87,11,67,78,64,14,133,38,122,9"/><U118/><E123/><V100/><F125/><W113/><G122/><T130/><D124/><U132/><E132/><V40/><F2/><W99/><G113/><T0/><D135/><U48/><E128/><V62/><F62/><W13/><G133/><T59/><D130/><U84/><E25/><V5/><F107/><W97/><G34/><T131/><D131/><U106/><E106/><V18/><F100/><N who="3" m="60463" /><G38/><T121/><D109/><U88/><E19/><V32/><F18/><N who="3" m="8495" /><G45/><T1/><D121/><U115/><E115/><V24/><F26/><W54/><G54/><T22/><D35/><U15/><E15/><V37/><F5/><N who="3" m="3439" /><G99/><T23/><D72/><U112/><E112/><V101/><F101/><W111/><G111/><T49/><D30/><U114/><E114/><V16/><F16/><W53/><G53/><N who="0" m="31919" /><D0/><U17/><E17/><V73/><F73/><W75/><G75/><T66/><D1/><U85/><E96/><V27/><F27/><W6/><G6/><T102/><D66/><U50/><REACH who="1" step="1"/><E46/><REACH who="1" ten="210,316,134,330" step="2"/><V134/><F134/><W55/><G55/><AGARI ba="1,1" hai="48,50,55,58,63,76,83,84,85,88,92,116,118,119" machi="55" ten="40,7700,0" yaku="1,1,2,1,54,1,53,0" doraHai="104" doraHaiUra="117" who="1" fromWho="3" sc="210,0,316,90,134,0,330,-80" /><INIT seed="1,2,0,5,3,3" ten="210,406,134,250" oya="1" hai0="67,134,135,31,110,80,94,68,119,69,57,60,115" hai1="62,32,91,64,112,66,6,124,27,2,70,74,88" hai2="43,120,19,58,56,49,45,75,47,29,122,17,65" hai3="111,24,98,44,128,102,103,123,10,125,78,84,22"/><U131/><E112/><V121/><F75/><W95/><G123/><T132/><D31/><U108/><E74/><V16/><F65/><W133/><G111/><T89/><D115/><U52/><E108/><V77/><F77/><W18/><G125/><T113/><D113/><U8/><E124/><V76/><F76/><W37/><G37/><T55/><D110/><U79/><E79/><V50/><REACH who="2" step="1"/><F29/><REACH who="2" ten="210,406,124,250" step="2"/><W15/><G78/><T30/><D30/><U28/><E66/><V61/><F61/><W39/><G128/><T127/><D127/><U33/><E131/><V114/><F114/><W14/><G133/><T40/><D119/><U63/><REACH who="1" step="1"/><E33/><REACH who="1" ten="210,396,124,250" step="2"/><V109/><F109/><W101/><G39/><T90/><D67/><U46/><E46/><V97/><F97/><W13/><G44/><T117/><D117/><U4/><E4/><V81/><F81/><W92/><G84/><N who="0" m="50311" /><D40/><AGARI ba="2,2" hai="16,17,19,40,43,45,47,49,50,56,58,120,121,122" machi="40" ten="50,6400,0" yaku="1,1,9,1,54,1,53,0" doraHai="3" doraHaiUra="0" who="2" fromWho="0" sc="210,-70,396,0,124,90,250,0" /><INIT seed="2,0,0,4,1,22" ten="140,396,214,250" oya="2" hai0="92,41,11,119,1,84,56,3,82,110,87,126,111" hai1="27,24,71,120,45,89,117,52,13,36,94,122,44" hai2="123,32,63,0,95,74,83,127,112,134,15,8,34" hai3="17,100,30,23,26,116,51,107,57,38,109,79,97"/><V72/><F112/><W115/><G116/><T131/><D119/><U67/><E117/><V93/><F123/><N who="1" m="47145" /><E13/><V21/><F0/><W49/><G38/><T81/><D41/><N who="1" m="22567" /><E67/><V9/><F21/><W69/><G69/><T118/><D118/><U101/><E71/><V103/><F63/><W20/><G109/><N who="0" m="41483" /><D11/><U54/><E101/><V16/><F103/><W99/><G115/><T113/><D113/><U128/><E128/><V77/><F127/><W43/><G79/><N who="0" m="46143" /><D131/><U64/><E64/><V60/><F134/><W29/><G100/><T62/><D126/><U47/><E47/><V40/><F40/><W124/><G43/><T96/><D56/><U18/><E18/><V12/><F60/><W46/><G46/><T135/><D62/><U19/><E19/><V106/><F106/><W68/><G68/><T130/><D130/><U125/><E125/><V42/><F42/><W59/><G107/><T133/><D1/><U78/><E78/><V39/><F39/><W14/><G124/><T102/><D3/><U35/><E35/><V28/><F74/><W76/><G76/><AGARI ba="0,0" hai="76,82,87,92,96,102,133,135" m="46143,41483" machi="76" ten="30,3900,0" yaku="14,1,34,2" doraHai="22" who="0" fromWho="3" sc="140,39,396,0,214,0,250,-39" /><INIT seed="3,0,0,3,2,81" ten="179,396,214,211" oya="3" hai0="117,114,2,105,53,6,58,98,33,27,12,26,127" hai1="96,120,121,110,99,77,41,13,52,63,85,75,86" hai2="74,60,42,118,71,17,3,37,101,68,35,133,54" hai3="67,128,90,94,84,40,49,14,125,55,31,108,4"/><W57/><G125/><T25/><D117/><U29/><E41/><V78/><F35/><W0/><G128/><T79/><D127/><U83/><E29/><V100/><F3/><W123/><G123/><N who="1" m="47178" /><E13/><V134/><F118/><W92/><G0/><T76/><D114/><U21/><E21/><V5/><F5/><W19/><G108/><T10/><D33/><U34/><E52/><V23/><F78/><W111/><G111/><T11/><D105/><U51/><E51/><V38/><F74/><W50/><G4/><T62/><REACH who="0" step="1"/><D98/><REACH who="0" ten="169,396,214,211" step="2"/><U70/><E34/><V93/><F133/><W72/><G72/><T47/><D47/><U104/><E99/><V15/><F134/><W80/><G67/><T102/><D102/><U7/><E96/><V112/><F101/><W132/><G132/><T43/><D43/><U46/><E104/><V95/><F42/><W87/><G31/><T97/><D97/><U36/><E46/><V113/><F100/><W103/><G103/><T131/><D131/><U24/><E75/><V44/><F44/><N who="3" m="25735" /><G87/><T88/><D88/><U45/><E85/><V16/><F113/><W107/><G107/><T66/><D66/><U48/><E86/><V56/><F112/><W1/><G90/><T89/><D89/><U115/><E115/><V18/><F37/><W69/><G84/><T109/><D109/><U91/><E110/><V28/><F38/><W129/><G129/><T22/><D22/><U39/><E39/><V30/><F28/><W8/><G92/><N who="2" m="35401" /><F30/><W130/><G94/><T124/><D124/><U20/><E36/><V116/><F116/><RYUUKYOKU ba="0,1" sc="169,15,396,-15,214,15,211,-15" hai0="2,6,10,11,12,25,26,27,53,58,62,76,79" hai2="15,16,17,18,23,54,56,60,68,71" owari="184,-31.6,391,49.1,229,2.9,196,-20.4" /></mjloggm>