<mjloggm ver="2.3"><GO type="225" lobby="0"/><UN n0="%E9%B7%B9%E5%80%89%E6%9D%8F%E9%88%B4" n1="%E3%81%A4%E3%81%A3%E3%81%B1%E3%82%8A%E3%83%9D%E3%83%BC%E3%83%AB" n2="%E7%9A%AE%E3%80%85" n3="%E3%81%99%E3%81%84%E3%81%BE%E3%81%9B%E3%83%BC%E3%82%93" dan="16,17,16,18" rate="2137.14,2136.86,2143.67,2226.70" sx="F,M,F,M"/><TAIKYOKU oya="0"/><INIT seed="0,0,0,3,1,105" ten="250,250,250,250" oya="0" hai0="99,97,17,76,13,77,38,91,122,10,31,9,108" hai1="89,117,39,63,113,112,55,101,69,43,12,106,93" hai2="127,68,46,64,62,78,3,8,6,41,36,98,14" hai3="80,30,54,56,82,84,33,26,61,83,72,4,59"/><T102/><D122/><U92/><E117/><V128/><F128/><W42/><G42/><T18/><D38/><U40/><E39/><V111/><F111/><W22/><G4/><T133/><D133/><U16/><E106/><V44/><F127/><W116/><G116/><T50/><D108/><U109/><E109/><V32/><F14/><W66/><G72/><T5/><D31/><U11/><E101/><V34/><F46/><W129/><G33/><T73/><D91/><U52/><E93/><V67/><F98/><W75/><G75/><T58/><D73/><U119/><E119/><V115/><F115/><N who="1" m="44105" /><E69/><V79/><F79/><N who="0" m="30282" /><D102/><U23/><E11/><V71/><F78/><N who="3" m="46103" /><G129/><T126/><D126/><U134/><E134/><V37/><F37/><W103/><G103/><T0/><D0/><U7/><E7/><V65/><F65/><W21/><G21/><T29/><D29/><U95/><E95/><V94/><F94/><W107/><G107/><T74/><D74/><U125/><E125/><V27/><F27/><W53/><G66/><T2/><D2/><U96/><E55/><V88/><F88/><W47/><G47/><T60/><D10/><U124/><E124/><V48/><F48/><AGARI ba="0,0" hai="22,26,30,48,53,54,56,59,61,82,83" m="46103" machi="48" ten="30,1000,0" yaku="8,1" doraHai="105" who="3" fromWho="2" sc="250,0,250,0,250,-10,250,10" /><INIT seed="1,0,0,4,1,134" ten="250,250,240,260" oya="1" hai0="38,28,109,22,84,32,130,69,118,81,3,100,106" hai1="7,57,37,91,88,63,97,0,103,128,113,108,120" hai2="104,122,76,20,117,107,86,4,31,41,45,119,75" hai3="121,59,71,99,135,83,101,115,23,55,54,62,133"/><U102/><E120/><V68/><F68/><W58/><G121/><T111/><D118/><U10/><E113/><V13/><F122/><W124/><G115/><T29/><D32/><U14/><E128/><V105/><F86/><W116/><G116/><T24/><D130/><U6/><E37/><V80/><F20/><W53/><G124/><T72/><D72/><U77/><E77/><V51/><REACH who="2" step="1"/><F31/><REACH who="2" ten="250,250,230,260" step="2"/><W87/><G71/><T11/><D69/><U70/><E70/><V79/><F79/><W25/><G135/><T12/><D29/><U33/><E33/><V9/><AGARI ba="0,1" hai="4,9,13,41,45,51,75,76,80,104,105,107,117,119" machi="9" ten="40,2700,0" yaku="1,1,0,1,53,0" doraHai="134" doraHaiUra="126" who="2" fromWho="2" sc="250,-7,250,-13,230,37,260,-7" /><INIT seed="2,0,0,0,0,118" ten="243,237,267,253" oya="2" hai0="109,53,110,57,56,92,18,7,59,87,42,40,103" hai1="74,11,73,124,43,82,67,130,16,105,13,128,68" hai2="111,24,55,93,63,54,51,32,121,46,33,70,2" hai3="99,9,31,122,39,50,134,81,20,135,49,102,100"/><V34/><F2/><W21/><G39/><T23/><D7/><U89/><E105/><V66/><F111/><W115/><G122/><T125/><D125/><U36/><E124/><V123/><F24/><W104/><G115/><T72/><D72/><U30/><E30/><V25/><F25/><N who="3" m="16807" /><G102/><T86/><D53/><U22/><E67/><V131/><F131/><N who="1" m="50217" /><E68/><V45/><F93/><W83/><G21/><T120/><D120/><U94/><E82/><N who="3" m="31242" /><G9/><T3/><D3/><U119/><E119/><V12/><F12/><W107/><G107/><T8/><D8/><U112/><E112/><V108/><F108/><N who="0" m="41578" /><D103/><U0/><E0/><V84/><F84/><N who="0" m="32298" /><D92/><U44/><E11/><V129/><F129/><W117/><G117/><T26/><AGARI ba="0,0" hai="18,23,26,40,42,56,57,59" m="32298,41578" machi="26" ten="40,1500,0" yaku="14,1" doraHai="118" who="0" fromWho="0" sc="243,15,237,-4,267,-7,253,-4" /><INIT seed="3,0,0,5,1,3" ten="258,233,260,249" oya="3" hai0="26,105,33,6,79,96,94,102,54,35,58,90,51" hai1="123,25,93,118,49,48,12,69,23,67,128,68,14" hai2="18,113,134,7,109,27,82,56,100,19,119,124,53" hai3="32,74,77,110,22,95,15,38,21,112,103,1,132"/><W111/><G112/><T86/><D26/><U130/><E123/><V70/><F113/><W131/><G1/><T92/><D79/><U34/><E34/><V108/><F119/><W16/><G132/><T11/><REACH who="0" step="1"/><D105/><REACH who="0" ten="248,233,260,249" step="2"/><U121/><E118/><V50/><F134/><W78/><G78/><T8/><D8/><U122/><E122/><V80/><F109/><N who="3" m="41483" /><G77/><T88/><D88/><U31/><E121/><V39/><F108/><W64/><G32/><T55/><D55/><U97/><E128/><V24/><F53/><W98/><G131/><T72/><D72/><U104/><E130/><V99/><F124/><W13/><G74/><T101/><D101/><U125/><E104/><V2/><F100/><W37/><G64/><T116/><D116/><U129/><E129/><V83/><F24/><W81/><G81/><T5/><D5/><U36/><E125/><V75/><F27/><W87/><G87/><T133/><D133/><U117/><E117/><V120/><F75/><W65/><G65/><T71/><D71/><U59/><E68/><V28/><F70/><W73/><G73/><T45/><D45/><U40/><E69/><V91/><F82/><W127/><G127/><T135/><D135/><U84/><E67/><V115/><F80/><W85/><G85/><T66/><D66/><U9/><E84/><V10/><F83/><W20/><G20/><T62/><D62/><U30/><E23/><V107/><F120/><W52/><G52/><T4/><D4/><U0/><E9/><V63/><F10/><W47/><G47/><T61/><D61/><U46/><E46/><RYUUKYOKU ba="0,1" sc="248,15,233,-15,260,-15,249,15" hai0="6,11,33,35,51,54,58,86,90,92,94,96,102" hai3="13,15,16,21,22,37,38,95,98,103" /><INIT seed="3,1,1,1,0,35" ten="263,218,245,264" oya="3" hai0="55,56,101,67,115,46,111,58,82,57,104,127,131" hai1="7,114,16,78,117,76,33,93,20,129,109,11,2" hai2="17,102,124,64,97,134,1,62,122,126,23,71,100" hai3="52,74,92,80,59,28,70,47,121,118,48,44,32"/><W85/><G118/><T94/><D104/><U45/><E114/><V95/><F134/><W19/><G121/><T50/><D115/><U3/><E117/><V49/><F122/><W31/><G70/><T86/><D111/><U8/><E33/><V12/><F100/><W60/><G74/><T37/><D37/><U54/><E109/><V30/><F30/><N who="3" m="11307" /><G32/><T10/><D131/><U103/><E129/><V53/><REACH who="2" step="1"/><F1/><REACH who="2" ten="263,218,235,264" step="2"/><W120/><G120/><T68/><D127/><U34/><E34/><V125/><F125/><W73/><G73/><T116/><D116/><U133/><E133/><V105/><F105/><W113/><G113/><T130/><D130/><U90/><E103/><V41/><F41/><W96/><G19/><T89/><D101/><U0/><E7/><V77/><F77/><N who="3" m="46223" /><G60/><T84/><D67/><U108/><E108/><V38/><F38/><W98/><G92/><T61/><D61/><U26/><E78/><V110/><F110/><W119/><G119/><T25/><D94/><U4/><E76/><V43/><F43/><W21/><G21/><T72/><D72/><U106/><E106/><V9/><F9/><W63/><G63/><T27/><D10/><U51/><E11/><V83/><F83/><W66/><G66/><T13/><D82/><U128/><E128/><V42/><F42/><W36/><G36/><T65/><D65/><U18/><E18/><V24/><F24/><N who="0" m="9290" /><D89/><U29/><E29/><V81/><F81/><W112/><G112/><T22/><D68/><U40/><E40/><V91/><F91/><W6/><G6/><T79/><D79/><RYUUKYOKU ba="1,2" sc="263,0,218,0,235,0,264,0" hai0="13,22,46,50,55,56,57,58,84,86" hai1="0,2,3,4,8,16,20,26,45,51,54,90,93" hai2="12,17,23,49,53,62,64,71,95,97,102,124,126" hai3="44,47,48,52,59,96,98" /><INIT seed="3,2,2,0,4,126" ten="263,218,235,264" oya="3" hai0="112,9,8,71,129,50,89,86,100,58,42,123,49" hai1="33,101,117,102,105,134,115,40,62,18,109,120,74" hai2="132,121,93,17,27,65,75,37,70,3,16,84,39" hai3="21,20,12,63,1,60,57,36,67,15,11,10,61"/><W80/><G36/><T78/><D123/><U111/><E120/><V128/><F121/><W22/><G1/><T96/><D71/><U73/><E115/><V64/><F75/><N who="1" m="28681" /><E105/><V48/><F3/><W127/><G80/><N who="0" m="47383" /><D100/><N who="1" m="38507" /><E33/><V53/><F132/><W28/><G28/><T88/><D112/><U119/><E134/><V122/><F122/><W113/><G127/><T4/><D4/><U72/><N who="1" m="28689" /><U46/><DORA hai="104" /><E18/><V79/><F17/><N who="3" m="8343" /><G113/><T83/><D83/><U118/><E62/><V31/><F16/><AGARI ba="2,2" hai="11,15,16,20,21,22,57,60,61,63,67" m="8343" machi="16" ten="30,2900,0" yaku="8,1,54,1" doraHai="126,104" who="3" fromWho="2" sc="263,0,218,0,235,-35,264,55" owari="263,6.3,218,-18.2,200,-30.0,319,41.9" /></mjloggm>