<mjloggm ver="2.3"><GO type="225" lobby="0"/><UN n0="%E6%B7%91%E5%A5%B3%E3%81%AE%E5%97%9C%E3%81%BF" n1="%6B%61%7A%75%73%61" n2="%E3%83%96%E3%83%83%E3%83%91%E3%82%AA%E3%83%96%E3%83%81%E3%82%AD%E3%83%B3" n3="%E3%81%A1%E3%82%83%E3%81%93%E3%81%93" dan="16,17,16,16" rate="2142.55,2142.93,2212.11,2149.86" sx="M,F,M,F"/><TAIKYOKU oya="0"/><INIT seed="0,0,0,5,5,113" ten="250,250,250,250" oya="0" hai0="60,28,37,33,49,7,67,77,4,84,66,43,114" hai1="51,54,56,0,69,80,16,40,76,42,72,103,119" hai2="62,120,111,107,53,96,121,85,58,92,44,27,83" hai3="74,23,41,126,134,73,31,26,125,35,130,99,38"/><T100/><D114/><U129/><E129/><V116/><F107/><W57/><G130/><T10/><D37/><U9/><E69/><V127/><F111/><W122/><G122/><T13/><D100/><U71/><E71/><V124/><F27/><W87/><G134/><T14/><D60/><U55/><E119/><V25/><F25/><W46/><G87/><T64/><D33/><U89/><E103/><N who="2" m="60807" /><F44/><W59/><G23/><T135/><D135/><U106/><E106/><V90/><F116/><W24/><G24/><T68/><D68/><U3/><E3/><V52/><F53/><W109/><G109/><T93/><D28/><U19/><E55/><V78/><F78/><W50/><G99/><T128/><D128/><U30/><E30/><V91/><F91/><W112/><G112/><T118/><D118/><U17/><REACH who="1" step="1"/><E89/><REACH who="1" ten="250,240,250,250" step="2"/><V21/><F21/><W131/><G131/><T102/><D102/><U101/><E101/><V39/><F39/><W20/><G20/><T88/><D77/><U104/><E104/><V34/><F34/><W117/><G117/><T123/><D123/><U6/><AGARI ba="0,1" hai="0,6,9,16,17,19,40,42,51,54,56,72,76,80" machi="6" ten="30,7900,0" yaku="1,1,0,1,54,1,53,1" doraHai="113" doraHaiUra="5" who="1" fromWho="1" sc="250,-39,240,89,250,-20,250,-20" /><INIT seed="1,0,0,0,1,93" ten="211,329,230,230" oya="1" hai0="117,48,102,128,124,85,106,66,55,122,87,61,51" hai1="0,21,121,134,110,90,129,114,2,100,49,14,7" hai2="42,127,71,24,132,75,40,53,12,80,27,126,41" hai3="33,4,22,131,50,68,98,31,88,11,77,56,15"/><U38/><E114/><V105/><F71/><W44/><G68/><T20/><D117/><U89/><E38/><V28/><F132/><W69/><G69/><T123/><D124/><N who="2" m="47658" /><F105/><W10/><G131/><T92/><D128/><U13/><E121/><N who="0" m="46089" /><D106/><U26/><E100/><V57/><F12/><W23/><G33/><T52/><D20/><N who="3" m="7721" /><G31/><T133/><D66/><U81/><E21/><N who="2" m="15375" /><F27/><W59/><G77/><T130/><D61/><U25/><E134/><V82/><F75/><W78/><G78/><T36/><D36/><U65/><E65/><V125/><N who="2" m="47666" /><V108/><DORA hai="104" /><F108/><W120/><G11/><T9/><D9/><U46/><E129/><V103/><F103/><W32/><G32/><T62/><D133/><U47/><E25/><V1/><F1/><W8/><G8/><T6/><D102/><U86/><E26/><V109/><F109/><W30/><G30/><T35/><D35/><U135/><E110/><V54/><F54/><N who="3" m="30023" /><G120/><T3/><D55/><U95/><E135/><V39/><F39/><W58/><G58/><N who="0" m="35143" /><D130/><U16/><E0/><V84/><F57/><W37/><G37/><T79/><D79/><U115/><E2/><V73/><F53/><W18/><G18/><T70/><D70/><U63/><E63/><V74/><F41/><W94/><AGARI ba="0,0" hai="4,10,15,56,59,88,94,98" m="30023,7721" machi="94" ten="30,4000,0" yaku="8,1,52,1,54,1" doraHai="93,104" who="3" fromWho="3" sc="211,-10,329,-20,230,-10,230,40" /><INIT seed="2,0,0,4,4,68" ten="201,309,220,270" oya="2" hai0="15,18,21,14,69,57,93,135,105,8,111,110,10" hai1="64,13,73,26,101,100,12,48,92,89,129,119,72" hai2="84,117,77,62,23,67,65,115,46,47,1,20,2" hai3="87,66,16,88,11,7,122,58,118,52,134,37,123"/><V91/><F115/><W126/><G118/><T112/><D69/><U114/><E119/><V6/><F117/><W27/><G37/><T104/><D112/><U130/><E64/><N who="2" m="24651" /><F1/><W49/><G126/><T34/><D34/><U32/><E48/><V80/><F2/><W28/><G134/><T43/><D135/><U95/><E114/><V50/><F6/><W0/><G66/><T54/><D93/><U81/><E26/><V19/><F62/><W17/><G122/><T131/><D131/><N who="1" m="50187" /><E32/><V44/><F77/><W106/><G106/><T5/><D43/><U33/><E33/><V113/><F113/><W60/><G60/><T35/><D21/><N who="2" m="8266" /><F19/><W133/><G133/><T9/><D9/><U22/><E22/><V127/><F127/><W31/><G123/><T25/><D35/><U53/><E12/><V99/><F99/><W51/><G51/><AGARI ba="0,0" hai="44,46,47,50,51,80,84,91" m="8266,24651" machi="51" ten="30,1500,0" yaku="8,1" doraHai="68" who="2" fromWho="3" sc="201,0,309,0,220,15,270,-15" /><INIT seed="2,1,0,1,2,82" ten="201,309,235,255" oya="2" hai0="41,85,11,124,20,103,97,126,86,18,74,53,125" hai1="46,16,118,76,52,44,65,22,6,130,79,9,110" hai2="128,89,93,108,133,80,2,10,91,37,90,56,134" hai3="21,68,47,49,132,55,32,62,96,115,29,15,121"/><V33/><F33/><W27/><G121/><T13/><D74/><U88/><E118/><V23/><F37/><W35/><G132/><N who="2" m="50793" /><F23/><W17/><G115/><T73/><D73/><U26/><E65/><V72/><F56/><W92/><G68/><T8/><D53/><U36/><E110/><V127/><F10/><N who="0" m="3626" /><D41/><U34/><E36/><V51/><F51/><W101/><G62/><T122/><D122/><U119/><E119/><V42/><F42/><W3/><G3/><T54/><D54/><U67/><E67/><V135/><N who="2" m="50801" /><V77/><DORA hai="116" /><F2/><W75/><REACH who="3" step="1"/><G75/><REACH who="3" ten="201,309,235,245" step="2"/><T111/><D111/><U14/><E130/><V30/><F108/><W71/><G71/><T12/><D12/><U78/><E34/><AGARI ba="1,1" hai="15,17,21,27,29,32,34,35,47,49,55,92,96,101" machi="34" ten="30,2000,0" yaku="1,1,7,1,53,0" doraHai="82,116" doraHaiUra="107,104" who="3" fromWho="1" sc="201,0,309,-23,235,0,245,33" /><INIT seed="3,0,0,3,1,10" ten="201,286,235,278" oya="3" hai0="77,53,5,72,131,86,113,51,127,30,6,128,75" hai1="32,108,40,73,81,121,110,104,92,41,93,84,22" hai2="24,87,48,38,37,52,124,109,14,132,70,91,16" hai3="120,26,95,135,122,103,119,47,25,68,74,76,130"/><W64/><G119/><T99/><D30/><U55/><E32/><V97/><F70/><W20/><G25/><T79/><D127/><U8/><E104/><V96/><F124/><W134/><G130/><N who="0" m="49707" /><D113/><U13/><E22/><N who="2" m="11543" /><F37/><W123/><G47/><N who="0" m="27903" /><D99/><N who="2" m="37962" /><F38/><W112/><G112/><T44/><D44/><U34/><E55/><V43/><F109/><N who="1" m="42089" /><E34/><V17/><F132/><N who="3" m="50731" /><G95/><N who="1" m="36426" /><E73/><N who="0" m="28233" /><D86/><U83/><E121/><V71/><F71/><W90/><G103/><T23/><D23/><U42/><E84/><V98/><N who="2" m="37970" /><V9/><DORA hai="89" /><F43/><W60/><G90/><T46/><D46/><U29/><E29/><V45/><F24/><W0/><G120/><T66/><D66/><U33/><E33/><V19/><F9/><W69/><G69/><T88/><D88/><U65/><E65/><V85/><F85/><W126/><G126/><T125/><D125/><U28/><E28/><V56/><F45/><W21/><G26/><T57/><D57/><U59/><E59/><V116/><F116/><W7/><G122/><T2/><D2/><U49/><E49/><V82/><AGARI ba="0,0" hai="17,19,48,52,56,82,87,91" m="37970,11543" machi="82" ten="30,7900,0" yaku="8,1,52,1,54,2" doraHai="10,89" who="2" fromWho="2" sc="201,-20,286,-20,235,79,278,-39" owari="181,-31.9,266,6.6,314,41.4,239,-16.1" /></mjloggm>