<mjloggm ver="2.3"><GO type="225" lobby="0"/><UN n0="%E3%81%B2%E3%81%AA%E3%81%AE%E3%82%8A%E3%81%8F" n1="%E3%81%AF%E3%82%88%E3%81%8A%E3%81%98%E3%81%95%E3%82%93" n2="%4C%4F%4C%49%54%41" n3="%E5%B0%8F%E9%B3%A5%E9%81%8A%E7%B7%B4%E7%84%A1%32%31%E6%AD%B3" dan="16,16,16,17" rate="2107.42,2186.33,2059.69,2186.24" sx="M,M,F,F"/><TAIKYOKU oya="0"/><INIT seed="0,0,0,4,1,121" ten="250,250,250,250" oya="0" hai0="18,105,39,104,25,46,45,38,128,86,101,50,9" hai1="129,120,63,21,56,92,110,68,59,124,71,17,95" hai2="31,118,84,134,60,5,89,76,65,130,122,90,103" hai3="28,49,133,53,96,34,57,15,125,82,10,72,114"/><T4/><D128/><U8/><E120/><V112/><F122/><W73/><G114/><T14/><D86/><U16/><E129/><V100/><F130/><W6/><G133/><T37/><D101/><U43/><E43/><V115/><F134/><W27/><G125/><T42/><REACH who="0" step="1"/><D46/><REACH who="0" ten="240,250,250,250" step="2"/><U7/><E124/><V0/><F103/><W29/><G82/><T51/><D51/><U135/><E135/><V44/><F100/><W69/><G96/><T22/><AGARI ba="0,1" hai="4,9,14,18,22,25,37,38,39,42,45,50,104,105" machi="22" ten="40,7800,0" yaku="1,1,0,1,53,1" doraHai="121" doraHaiUra="11" who="0" fromWho="0" sc="240,88,250,-26,250,-26,250,-26" /><INIT seed="0,1,0,4,3,2" ten="328,224,224,224" oya="0" hai0="52,102,23,101,108,83,61,24,37,106,56,70,4" hai1="134,95,114,129,113,64,57,42,97,44,8,29,33" hai2="7,81,88,112,122,45,85,59,34,20,131,68,104" hai3="118,87,90,39,54,5,22,30,92,100,133,132,35"/><T13/><D37/><U32/><E129/><V82/><F34/><W110/><G118/><T130/><D106/><U96/><E134/><N who="3" m="51818" /><G35/><T71/><D130/><U62/><E96/><V84/><F68/><W74/><G74/><T107/><D108/><U40/><E40/><V14/><F131/><W93/><G110/><T94/><D107/><U128/><E128/><V135/><F135/><W66/><G66/><T49/><D83/><U78/><E78/><V10/><F104/><W26/><G39/><T127/><D127/><U103/><E29/><V123/><F112/><N who="1" m="43113" /><E8/><V21/><F45/><W98/><G54/><T75/><D75/><U31/><E31/><V109/><F109/><W86/><G86/><T16/><D94/><U69/><E69/><V12/><F59/><W63/><G63/><T120/><D120/><U126/><E126/><V50/><F50/><AGARI ba="1,0" hai="32,33,42,44,50,57,62,64,95,97,103" m="43113" machi="50" ten="30,1000,0" yaku="11,1" doraHai="2" who="1" fromWho="2" sc="328,0,224,13,224,-13,224,0" /><INIT seed="1,0,0,2,2,96" ten="328,237,211,224" oya="1" hai0="21,4,94,93,73,20,97,64,7,58,129,133,116" hai1="79,89,134,39,135,115,81,41,9,86,14,61,62" hai2="90,38,36,84,67,78,126,43,25,118,59,11,95" hai3="26,99,23,52,5,45,114,108,37,1,85,98,65"/><U8/><E115/><V44/><F118/><W16/><G114/><T49/><D116/><U18/><E41/><V106/><F126/><W66/><G108/><T123/><D73/><U110/><E39/><V130/><F130/><W101/><G37/><T22/><D129/><U111/><E8/><V70/><F36/><W35/><G35/><T100/><D133/><N who="1" m="50699" /><E89/><V75/><F70/><W132/><G132/><T74/><D74/><U128/><E128/><V17/><F106/><W57/><G45/><T112/><D112/><U29/><E29/><V54/><F67/><W109/><G109/><AGARI ba="0,0" hai="9,14,18,61,62,79,81,86,109,110,111" m="50699" machi="109" ten="30,5800,0" yaku="14,1,10,1,20,1" doraHai="96" who="1" fromWho="3" sc="328,0,237,58,211,0,224,-58" /><INIT seed="1,1,0,1,5,93" ten="328,295,211,166" oya="1" hai0="97,118,27,54,86,67,70,73,19,6,90,109,95" hai1="53,34,68,102,38,89,63,106,85,129,114,22,62" hai2="103,135,128,133,29,87,39,105,44,98,52,92,31" hai3="46,81,30,3,82,61,66,50,112,80,45,59,76"/><U7/><E34/><V99/><F128/><W126/><G112/><T23/><D109/><U110/><E114/><V21/><F87/><W65/><G126/><T55/><D73/><U107/><E38/><V18/><F39/><W123/><G123/><T116/><D6/><U10/><E129/><V1/><F1/><W104/><G3/><T35/><D35/><U78/><E78/><V11/><F11/><W41/><G104/><T101/><D70/><U115/><E115/><V84/><F84/><W42/><G30/><T127/><D67/><U72/><E72/><V121/><F121/><W108/><G108/><T131/><D127/><U16/><E110/><V125/><F125/><W94/><G94/><T117/><REACH who="0" step="1"/><D131/><REACH who="0" ten="318,295,211,166" step="2"/><U88/><E68/><V9/><F135/><W96/><G66/><T64/><D64/><U56/><E63/><V25/><F133/><W113/><G113/><T60/><D60/><U0/><E102/><V2/><F2/><W48/><REACH who="3" step="1"/><G96/><REACH who="3" ten="318,295,211,156" step="2"/><T4/><D4/><U100/><E100/><V20/><F99/><W24/><G24/><T120/><D120/><U36/><E7/><V124/><F124/><W32/><G32/><T13/><D13/><U122/><E0/><V77/><F98/><W14/><G14/><T43/><D43/><U79/><E122/><V57/><F103/><W91/><G91/><T71/><D71/><U51/><E89/><V132/><F25/><W83/><G83/><AGARI ba="1,2" hai="19,23,27,54,55,83,86,90,95,97,101,116,117,118" machi="83" ten="40,2600,0" yaku="1,1,52,1,53,0" doraHai="93" doraHaiUra="47" who="0" fromWho="3" sc="318,49,295,0,211,0,156,-29" /><INIT seed="2,0,0,0,0,39" ten="367,295,211,127" oya="2" hai0="79,103,22,44,66,105,60,64,40,13,14,83,3" hai1="85,124,109,8,122,1,116,17,82,28,81,12,133" hai2="46,16,21,26,15,99,84,93,50,33,49,34,2" hai3="76,104,6,92,23,62,18,43,32,71,135,5,55"/><V70/><F70/><W128/><G104/><T37/><D3/><U100/><E116/><V91/><F2/><W118/><G32/><T53/><D53/><U90/><E109/><V89/><F26/><W78/><G118/><T42/><D42/><U119/><E119/><V72/><F72/><W87/><G128/><T94/><D105/><U115/><E115/><V63/><F63/><W35/><G35/><T59/><D66/><U126/><E133/><V61/><F61/><W52/><G135/><T4/><D4/><N who="3" m="1641" /><G71/><T20/><D20/><U11/><E1/><V88/><F50/><W36/><G36/><T125/><D125/><U110/><E110/><V27/><F27/><N who="3" m="14839" /><G62/><T108/><D22/><U73/><E122/><V7/><F7/><W29/><G29/><T121/><D121/><U130/><E130/><V75/><F75/><W48/><G76/><T96/><D108/><U65/><E65/><V97/><F97/><W134/><G134/><T57/><D57/><U54/><E28/><V86/><F86/><AGARI ba="0,0" hai="13,14,37,40,44,59,60,64,79,83,86,94,96,103" machi="86" ten="30,2000,0" yaku="7,1,52,1" doraHai="39" who="0" fromWho="2" sc="367,20,295,0,211,-20,127,0" /><INIT seed="3,0,0,1,0,107" ten="387,295,191,127" oya="3" hai0="108,124,30,118,47,36,41,65,121,92,64,18,67" hai1="70,110,117,97,62,66,134,115,31,132,98,20,77" hai2="51,135,101,0,56,90,26,43,32,28,14,15,91" hai3="63,86,25,38,57,16,116,54,5,49,128,4,88"/><W94/><G128/><T48/><D118/><U17/><E115/><V27/><F0/><W120/><G116/><T33/><D121/><U10/><E117/><V93/><F135/><W23/><G38/><T53/><D108/><U123/><E110/><V45/><F32/><W111/><G120/><T78/><D124/><U75/><E123/><V109/><F109/><W82/><G111/><T69/><D69/><U29/><E10/><V22/><F27/><W125/><G125/><T59/><D78/><U129/><E129/><V3/><F3/><W9/><G9/><T87/><D30/><U12/><E31/><V8/><F56/><W96/><REACH who="3" step="1"/><G49/><REACH who="3" ten="387,295,191,117" step="2"/><T7/><D36/><U127/><E127/><V106/><F8/><W6/><G6/><T133/><D7/><U40/><E132/><V81/><F51/><W99/><G99/><T19/><D48/><U76/><E134/><V79/><F45/><W102/><AGARI ba="0,1" hai="4,5,16,23,25,54,57,63,82,86,88,94,96,102" machi="102" ten="20,18000,2" yaku="1,1,0,1,7,1,8,1,54,2,53,0" doraHai="107" doraHaiUra="35" who="3" fromWho="3" sc="387,-60,295,-60,191,-60,117,190" /><INIT seed="3,1,0,5,2,107" ten="327,235,131,307" oya="3" hai0="39,115,88,129,116,49,130,19,23,18,50,9,99" hai1="96,11,66,75,124,112,69,72,106,58,97,71,54" hai2="42,25,26,92,29,65,43,30,98,24,8,101,113" hai3="32,4,85,126,91,56,89,68,78,63,10,117,38"/><W31/><G68/><T86/><D39/><U36/><E112/><V127/><F113/><W41/><G117/><T131/><D116/><U70/><E36/><V5/><F127/><W46/><G126/><T21/><D99/><U13/><E66/><V77/><F65/><W28/><G78/><T0/><D115/><U119/><E119/><V79/><F79/><W104/><G104/><T64/><D64/><U87/><E124/><V95/><F77/><W83/><G91/><T34/><D34/><U17/><E87/><V102/><F8/><W109/><G32/><T12/><D9/><U48/><REACH who="1" step="1"/><E97/><REACH who="1" ten="327,225,131,307" step="2"/><V2/><F2/><W53/><G109/><T47/><D0/><AGARI ba="1,1" hai="0,4,10,28,31,38,41,46,53,56,63,83,85,89" machi="0" ten="30,1500,0" yaku="7,1" doraHai="107" who="3" fromWho="0" sc="327,-18,225,0,131,0,307,28" owari="309,10.9,225,-17.5,131,-36.9,335,43.5" /></mjloggm>