<mjloggm ver="2.3"><GO type="225" lobby="0"/><UN n0="%E8%91%B1%E9%96%93%E8%91%B1%E6%8A%9C" n1="%E7%89%B9%E6%9D%B1%E3%81%AF%E4%B8%96%E7%95%8C%E3%82%92%E6%95%91%E3%81%86" n2="%E6%98%93%E5%88%A9%E8%96%A9%E4%BC%AF" n3="%E3%83%A9%E3%82%B9%E7%8E%87%EF%BC%93%E5%89%B2" dan="16,16,17,16" rate="2084.86,2152.12,2185.95,2175.88" sx="F,M,F,F"/><TAIKYOKU oya="0"/><INIT seed="0,0,0,4,4,35" ten="250,250,250,250" oya="0" hai0="24,55,98,122,133,91,68,10,11,111,53,109,74" hai1="134,83,31,73,88,17,3,30,62,72,61,44,13" hai2="47,67,85,128,4,27,23,96,0,104,80,25,45" hai3="114,63,5,107,81,97,71,21,38,103,127,130,41"/><T76/><D122/><U49/><E134/><V77/><F128/><W57/><G114/><T20/><D68/><U46/><E13/><V50/><F67/><W6/><G130/><T59/><D133/><U70/><E83/><V115/><F115/><W124/><G71/><T34/><D34/><U8/><E49/><V117/><F117/><W2/><G21/><T84/><D98/><U40/><E70/><V131/><F131/><W28/><G28/><N who="0" m="17415" /><D76/><U7/><E17/><V36/><F36/><W9/><G6/><T101/><D101/><U135/><E7/><V112/><F112/><W95/><G81/><N who="0" m="49551" /><D74/><U121/><E8/><N who="0" m="3113" /><D59/><U78/><E78/><V125/><F125/><N who="3" m="48203" /><G38/><T52/><D109/><U19/><E135/><V105/><F4/><W132/><G132/><T66/><D111/><U32/><E19/><V90/><F0/><W54/><G41/><T43/><D66/><U92/><E40/><AGARI ba="0,0" hai="40,43,52,53,55" m="3113,49551,17415" machi="40" ten="30,2900,0" yaku="8,1,54,1" doraHai="35" who="0" fromWho="1" sc="250,29,250,-29,250,0,250,0" /><INIT seed="0,1,0,1,1,129" ten="279,221,250,250" oya="0" hai0="40,28,132,73,45,96,56,78,43,7,1,11,70" hai1="97,84,109,83,81,91,55,121,112,87,110,79,15" hai2="102,90,135,64,134,104,75,0,119,53,99,77,105" hai3="35,115,67,94,44,85,16,13,26,108,9,50,29"/><T38/><D43/><U117/><E121/><V47/><F64/><W37/><G115/><T3/><D56/><U12/><E117/><V65/><F0/><W61/><G108/><N who="1" m="41578" /><E112/><V127/><F65/><W25/><G37/><T130/><D130/><U5/><E5/><V52/><F119/><W116/><G116/><T100/><D28/><U98/><E55/><V36/><F127/><W118/><G118/><T133/><D70/><U58/><E58/><V80/><F104/><W123/><G123/><T95/><D1/><U39/><E39/><V111/><F111/><W128/><G128/><T57/><D57/><U114/><E114/><V2/><F2/><W42/><G26/><T60/><D60/><U51/><E51/><V49/><F36/><W34/><G94/><T106/><D95/><N who="1" m="56575" /><E98/><V21/><F21/><W30/><G30/><T27/><D27/><U103/><E103/><V88/><REACH who="2" step="1"/><F53/><REACH who="2" ten="279,221,240,250" step="2"/><W18/><G67/><T48/><D48/><U32/><E32/><V89/><AGARI ba="1,1" hai="47,49,52,75,77,80,88,89,90,99,102,105,134,135" machi="89" ten="30,16000,3" yaku="1,1,2,1,0,1,52,2,54,2,53,1" doraHai="129" doraHaiUra="107" who="2" fromWho="2" sc="279,-81,221,-41,240,173,250,-41" /><INIT seed="1,0,0,1,3,6" ten="198,180,413,209" oya="1" hai0="45,38,134,14,107,85,17,29,42,55,9,88,5" hai1="70,47,98,128,19,127,72,79,93,61,63,16,10" hai2="68,23,39,123,94,132,54,129,116,133,121,7,13" hai3="76,100,52,2,118,35,86,126,125,15,106,109,110"/><U22/><E128/><V64/><F116/><W65/><G2/><T90/><D134/><N who="2" m="51818" /><F39/><W131/><G35/><T80/><D107/><U33/><E33/><V130/><F54/><W40/><G65/><T56/><D29/><U92/><E127/><N who="3" m="48650" /><G40/><T21/><D80/><U69/><E72/><V77/><F77/><W101/><G131/><N who="2" m="50185" /><F94/><W75/><G75/><T36/><D85/><U3/><E79/><V112/><F112/><W58/><G118/><T91/><D38/><U44/><E3/><V48/><F48/><N who="3" m="30983" /><G106/><T34/><D34/><U8/><E22/><V97/><F97/><AGARI ba="0,0" hai="8,10,16,19,44,47,61,63,69,70,92,93,97,98" machi="97" ten="25,12000,1" yaku="22,2,52,2,54,1" doraHai="6" who="1" fromWho="2" sc="198,0,180,120,413,-120,209,0" /><INIT seed="1,1,0,0,0,123" ten="198,300,293,209" oya="1" hai0="49,40,71,22,111,64,56,50,87,2,59,127,7" hai1="57,125,37,75,121,98,31,116,52,65,72,10,126" hai2="41,25,112,115,83,81,130,92,47,105,114,97,62" hai3="132,109,1,30,29,15,60,3,0,18,77,66,23"/><U5/><E116/><V33/><F105/><W54/><G132/><T38/><D2/><U58/><E121/><V48/><F130/><W42/><G42/><T9/><D22/><U103/><E37/><V28/><REACH who="2" step="1"/><F62/><REACH who="2" ten="198,300,283,209" step="2"/><W93/><G60/><T134/><D134/><U53/><E126/><V27/><F27/><W34/><G1/><T100/><D127/><U74/><E125/><V91/><AGARI ba="1,1" hai="25,28,33,41,47,48,81,83,91,92,97,112,114,115" machi="91" ten="30,4000,0" yaku="1,1,0,1,11,1,53,0" doraHai="123" doraHaiUra="107" who="2" fromWho="2" sc="198,-11,300,-21,283,53,209,-11" /><INIT seed="2,0,0,5,0,34" ten="187,279,336,198" oya="2" hai0="74,65,87,135,67,54,24,126,124,59,25,63,70" hai1="79,57,103,107,2,12,35,49,29,22,86,15,16" hai2="76,102,129,112,98,60,119,113,37,44,125,3,10" hai3="23,88,78,43,21,97,47,31,18,105,6,41,80"/><V93/><F119/><W42/><G6/><T77/><D74/><U92/><E107/><V53/><F129/><W48/><G31/><T130/><D130/><U110/><E110/><V19/><F125/><N who="0" m="48234" /><D135/><U132/><E132/><V81/><F60/><W90/><G105/><T127/><N who="0" m="48242" /><T64/><DORA hai="72" /><D70/><U118/><E118/><V100/><F100/><W128/><G128/><T36/><D36/><U123/><E123/><V56/><F56/><W95/><G90/><T115/><D115/><U133/><E2/><V134/><F53/><W33/><G33/><T1/><D1/><U11/><E133/><V9/><F9/><W61/><G61/><T51/><D63/><U117/><E117/><V14/><F3/><W91/><G91/><T106/><D106/><U73/><E73/><V69/><F69/><W114/><G114/><T32/><D32/><U0/><E0/><V84/><REACH who="2" step="1"/><F134/><REACH who="2" ten="187,279,326,198" step="2"/><W4/><G4/><T85/><D85/><U99/><E11/><V109/><F109/><W83/><G43/><AGARI ba="0,1" hai="10,14,19,37,43,44,76,81,84,93,98,102,112,113" machi="43" ten="40,12000,1" yaku="1,1,52,1,53,2" doraHai="34,72" doraHaiUra="89,40" who="2" fromWho="3" sc="187,0,279,0,326,130,198,-120" /><INIT seed="2,1,0,1,5,111" ten="187,279,456,78" oya="2" hai0="64,113,63,107,100,11,7,41,79,132,86,45,56" hai1="33,16,97,80,110,89,23,52,58,47,8,122,131" hai2="62,13,31,14,3,92,44,65,5,26,75,18,49" hai3="27,108,30,95,4,93,28,128,10,116,59,81,77"/><V9/><F75/><W32/><G116/><T19/><D132/><U112/><E110/><V37/><F37/><W66/><G108/><T34/><D34/><U54/><E33/><V17/><F92/><W85/><G128/><T78/><D19/><U57/><E131/><V109/><F109/><W130/><G130/><T101/><D113/><U117/><E117/><V74/><F74/><W60/><REACH who="3" step="1"/><G30/><REACH who="3" ten="187,279,456,68" step="2"/><T25/><D107/><U46/><E122/><V103/><F31/><W102/><G102/><T39/><D101/><U72/><E112/><V96/><F103/><W61/><G61/><T15/><D100/><U21/><E72/><V48/><F62/><W90/><G90/><T121/><D121/><U70/><E89/><V2/><F2/><AGARI ba="1,1" hai="2,4,10,27,28,32,59,60,66,77,81,85,93,95" machi="2" ten="30,2000,0" yaku="1,1,7,1,53,0" doraHai="111" doraHaiUra="99" who="3" fromWho="2" sc="187,0,279,0,456,-23,68,33" /><INIT seed="3,0,0,2,1,117" ten="187,279,433,101" oya="3" hai0="30,131,55,61,40,13,135,66,97,104,75,99,57" hai1="81,5,43,84,52,19,47,71,7,113,76,54,108" hai2="44,62,8,69,6,73,0,17,70,77,58,72,107" hai3="101,24,116,109,12,129,100,123,53,83,31,15,18"/><W118/><G83/><T33/><D75/><U115/><E71/><V120/><F107/><W121/><G53/><T38/><D104/><U63/><E108/><V95/><F44/><W64/><G64/><T11/><D135/><U79/><E79/><V82/><F73/><W128/><G18/><T105/><D105/><U94/><E113/><V26/><F95/><W48/><G48/><N who="0" m="30951" /><D30/><U51/><E115/><V28/><F120/><W65/><G65/><T23/><D23/><U133/><E133/><V90/><F90/><W37/><G24/><T68/><D33/><U88/><E19/><V67/><F17/><W125/><G31/><T45/><D131/><U42/><E54/><V4/><F4/><AGARI ba="0,0" hai="4,11,13,38,40,45,61,66,68,97,99" m="30951" machi="4" ten="30,1000,0" yaku="24,1" doraHai="117" who="0" fromWho="2" sc="187,10,279,0,433,-10,101,0" owari="197,-20.3,279,7.9,423,52.3,101,-39.9" /></mjloggm>