<mjloggm ver="2.3"><GO type="225" lobby="0"/><UN n0="%E3%81%BF%E3%81%BF%E3%81%9A" n1="%E5%A4%8F%E9%88%B4%E9%88%B4%E5%A4%8F" n2="%E5%85%88%E7%89%A9%E3%81%AF%74%72%61%73%68" n3="%E5%8D%A0%E3%81%84%E5%B8%AB%E8%A3%8F%E3%81%AA%E3%81%84%E3%81%97" dan="17,16,17,17" rate="2156.42,2105.69,2153.67,2192.15" sx="M,F,M,M"/><TAIKYOKU oya="0"/><INIT seed="0,0,0,5,3,130" ten="250,250,250,250" oya="0" hai0="51,44,28,128,89,135,41,60,82,33,114,36,71" hai1="110,45,32,105,37,83,131,59,35,18,77,48,5" hai2="74,42,132,133,43,20,16,25,112,99,23,101,22" hai3="0,34,80,76,63,7,8,38,104,61,96,126,119"/><T9/><D114/><U108/><E105/><V26/><F74/><W72/><G119/><T92/><D128/><U78/><E131/><V69/><F69/><W12/><G126/><T90/><D33/><U67/><E37/><V73/><F73/><W95/><G12/><T79/><D28/><U113/><E113/><V115/><F22/><W24/><G104/><T109/><D109/><N who="1" m="42091" /><E5/><V15/><F15/><W55/><G55/><T103/><D9/><U116/><E18/><V2/><F2/><W129/><G129/><T107/><D36/><U123/><E78/><V1/><F1/><W121/><G121/><T62/><D71/><U11/><E11/><V68/><F68/><W50/><G50/><T66/><D135/><N who="2" m="51786" /><F115/><W17/><G38/><T52/><D66/><U54/><E116/><V98/><F112/><W70/><G70/><T124/><D124/><U39/><E123/><V118/><F118/><W106/><G106/><T122/><D107/><U31/><E31/><N who="2" m="17831" /><F101/><N who="3" m="60575" /><G34/><T100/><D122/><U91/><E32/><V27/><F27/><W46/><G24/><T87/><D79/><U97/><E77/><V6/><F6/><W94/><G17/><T134/><D134/><U53/><E35/><V111/><F111/><W65/><G76/><T58/><D62/><N who="1" m="38367" /><E39/><V93/><F93/><W13/><G94/><T14/><D14/><U19/><E19/><V4/><F4/><W47/><G13/><T75/><D75/><U64/><E83/><V30/><F30/><W127/><G127/><T120/><D120/><U21/><E21/><V86/><F86/><AGARI ba="0,0" hai="41,44,51,52,58,60,82,86,87,89,90,92,100,103" machi="86" ten="30,5800,0" yaku="7,1,8,1,54,1" doraHai="130" who="0" fromWho="2" sc="250,58,250,0,250,-58,250,0" /><INIT seed="0,1,0,2,1,75" ten="308,250,192,250" oya="0" hai0="120,58,101,123,43,30,99,121,135,93,83,70,77" hai1="64,80,42,49,114,113,74,72,126,34,32,60,35" hai2="73,96,115,85,79,11,117,102,23,86,27,26,13" hai3="29,38,8,12,3,112,10,97,107,124,0,78,98"/><T122/><N who="0" m="30720" /><DORA hai="67" /><T48/><D135/><U125/><E49/><V9/><F115/><N who="1" m="44041" /><E42/><V6/><F117/><W28/><G112/><T59/><D30/><U56/><E80/><V36/><F36/><W53/><G38/><T88/><D70/><U57/><E57/><V41/><F41/><W76/><G12/><T22/><D22/><U44/><E44/><V17/><F27/><W25/><G25/><T52/><D43/><U118/><E118/><V100/><F100/><W105/><REACH who="3" step="1"/><G53/><REACH who="3" ten="308,250,192,240" step="2"/><T18/><D18/><U110/><E110/><V81/><REACH who="2" step="1"/><F9/><REACH who="2" ten="308,250,182,240" step="2"/><W16/><G16/><T24/><D24/><U50/><E126/><AGARI ba="1,2" hai="0,3,8,10,28,29,76,78,97,98,105,107,124,126" machi="126" ten="25,8000,1" yaku="1,1,22,2,52,2,53,0" doraHai="75,67" doraHaiUra="116,106" who="3" fromWho="1" sc="308,0,250,-83,182,0,240,103" /><INIT seed="1,0,0,3,5,6" ten="308,167,182,343" oya="1" hai0="33,101,47,122,135,57,104,50,13,84,46,107,79" hai1="91,112,88,90,24,62,100,40,73,125,129,42,21" hai2="25,110,37,132,36,11,117,26,105,52,74,48,39" hai3="97,65,49,28,38,89,113,53,128,94,70,131,5"/><U22/><E112/><V102/><F117/><W76/><G113/><T55/><D33/><U20/><E129/><N who="3" m="49738" /><G38/><T18/><D135/><U58/><E125/><V14/><F74/><W12/><G28/><T66/><D122/><U56/><E73/><V120/><F120/><W61/><G76/><T93/><D104/><U115/><E115/><V123/><F123/><W127/><G127/><T99/><D66/><U69/><E100/><V68/><F68/><W23/><G23/><T59/><D59/><N who="1" m="22571" /><E69/><V114/><F114/><W130/><G130/><T19/><D19/><U10/><E62/><V63/><F63/><W1/><G1/><T86/><D107/><U34/><E34/><V118/><F118/><W81/><G81/><N who="0" m="47167" /><D86/><U87/><E24/><V103/><F132/><W82/><G82/><T119/><D119/><U16/><E87/><V96/><F103/><W4/><G12/><AGARI ba="0,0" hai="10,12,16,20,21,22,40,42,88,90,91" m="22571" machi="12" ten="40,12000,1" yaku="8,1,52,1,54,2" doraHai="6" who="1" fromWho="3" sc="308,0,167,120,182,0,343,-120" /><INIT seed="1,1,0,4,0,14" ten="308,287,182,223" oya="1" hai0="56,35,18,109,87,46,36,53,88,66,127,115,7" hai1="131,100,15,39,90,130,21,121,68,5,13,116,25" hai2="129,133,84,78,108,107,73,42,29,43,112,57,30" hai3="51,85,128,20,62,28,69,96,40,91,19,63,11"/><U119/><E116/><V125/><F108/><W98/><G128/><N who="1" m="49194" /><E68/><V89/><F129/><W126/><G126/><T134/><D115/><U72/><E39/><V32/><F125/><W79/><G28/><T45/><D127/><U101/><E72/><V117/><F117/><W37/><G37/><T67/><D35/><U110/><E119/><V106/><F133/><W52/><G11/><T49/><D7/><U12/><E121/><V93/><F112/><W1/><G1/><T6/><D6/><U111/><E90/><V26/><F30/><W47/><G79/><T61/><D109/><N who="1" m="41483" /><E5/><V22/><F78/><W8/><G8/><T33/><D33/><U118/><E118/><V105/><F73/><W70/><G70/><T75/><D75/><U60/><E60/><N who="3" m="23082" /><G69/><T94/><D134/><U41/><E41/><V24/><REACH who="2" step="1"/><F57/><REACH who="2" ten="308,287,172,223" step="2"/><W80/><G40/><T86/><D56/><U76/><E76/><V4/><F4/><W59/><G59/><T3/><D67/><U135/><E135/><V120/><F120/><W58/><G58/><T55/><D66/><U124/><E124/><V77/><F77/><W99/><G99/><T2/><D2/><U83/><E83/><V16/><AGARI ba="1,1" hai="16,22,24,26,29,32,42,43,84,89,93,105,106,107" machi="16" ten="30,8000,1" yaku="1,1,0,1,52,1,54,1,53,1" doraHai="14" doraHaiUra="27" who="2" fromWho="2" sc="308,-21,287,-41,172,93,223,-21" /><INIT seed="2,0,0,4,0,121" ten="287,246,265,202" oya="2" hai0="29,96,44,8,124,18,30,48,33,132,98,104,16" hai1="50,70,87,82,76,0,95,108,45,58,14,35,135" hai2="71,133,97,20,68,41,84,101,17,90,73,81,127" hai3="23,75,37,26,19,126,91,7,72,46,54,64,111"/><V122/><F122/><W63/><G126/><T134/><D124/><U92/><E0/><V118/><F127/><W36/><G7/><T89/><D89/><U114/><E35/><V11/><F118/><W100/><G100/><N who="0" m="62471" /><D98/><U4/><E114/><V103/><F133/><N who="0" m="51306" /><D8/><U57/><E108/><V123/><F123/><W55/><G111/><T47/><D47/><U88/><E70/><V129/><F129/><W1/><G1/><T24/><D29/><U80/><E135/><V21/><F103/><W6/><G6/><T116/><D116/><U78/><E14/><V49/><F73/><W28/><G28/><T107/><D107/><U62/><E4/><V115/><F115/><W15/><G15/><T10/><D10/><U105/><E62/><V42/><F49/><W112/><G112/><T59/><D59/><N who="1" m="22539" /><E80/><V69/><F11/><W65/><G91/><T27/><D24/><U56/><N who="1" m="22547" /><U110/><DORA hai="25" /><E105/><V67/><F67/><N who="3" m="25675" /><G63/><T83/><D83/><U93/><E110/><V12/><REACH who="2" step="1"/><F20/><REACH who="2" ten="287,246,255,202" step="2"/><W38/><G38/><T22/><D22/><U66/><E66/><V94/><AGARI ba="0,1" hai="12,17,21,41,42,68,69,71,81,84,90,94,97,101" machi="94" ten="30,11700,0" yaku="1,1,2,1,0,1,53,1" doraHai="121,25" doraHaiUra="77,60" who="2" fromWho="2" sc="287,-39,246,-39,255,127,202,-39" /><INIT seed="2,1,0,3,3,22" ten="248,207,382,163" oya="2" hai0="25,37,31,81,110,13,121,33,122,23,75,102,3" hai1="99,35,134,126,130,49,93,104,108,129,115,89,38" hai2="59,63,65,68,117,55,7,14,70,28,87,96,61" hai3="0,73,20,83,15,127,46,11,111,48,71,105,95"/><V34/><F117/><W36/><G105/><T119/><D37/><U72/><RYUUKYOKU type="yao9" ba="1,0" sc="248,0,207,0,382,0,163,0" hai1="35,38,49,72,89,93,99,104,108,115,126,129,130,134" /><INIT seed="2,2,0,5,1,34" ten="248,207,382,163" oya="2" hai0="36,2,55,72,59,122,14,22,41,17,46,93,97" hai1="31,98,20,11,6,115,13,78,91,104,106,42,3" hai2="12,131,134,128,126,45,133,9,40,81,95,102,77" hai3="38,82,75,108,94,124,57,76,18,84,96,65,33"/><V21/><F21/><W71/><G108/><T44/><D122/><U105/><E115/><V54/><F54/><W123/><G123/><T112/><D112/><U35/><E42/><V73/><F102/><W32/><G38/><T68/><D68/><U15/><E78/><V114/><F114/><W107/><G124/><T25/><D72/><U118/><E118/><V113/><F95/><W0/><G71/><T109/><D109/><U50/><E50/><V19/><F113/><W111/><G111/><T130/><D130/><N who="2" m="49706" /><F126/><W49/><G18/><T23/><D2/><U89/><E98/><V64/><F64/><W28/><G28/><T86/><D86/><U129/><E129/><V4/><F19/><W10/><G107/><T26/><D46/><U101/><E101/><V48/><AGARI ba="2,0" hai="4,9,12,40,45,48,73,77,81,133,134" m="49706" machi="48" ten="30,1500,0" yaku="19,1" doraHai="34" who="2" fromWho="2" sc="248,-7,207,-7,382,21,163,-7" /><INIT seed="2,3,0,0,0,55" ten="241,200,403,156" oya="2" hai0="74,104,32,15,17,114,56,65,8,52,18,94,70" hai1="132,95,26,113,133,67,90,130,5,131,134,75,89" hai2="63,38,101,117,126,1,128,115,77,108,37,0,58" hai3="61,87,98,116,96,43,31,86,71,24,120,124,47"/><V10/><F117/><W111/><G116/><T34/><D104/><U53/><E5/><V92/><F115/><W20/><G120/><T2/><D74/><U30/><E113/><V69/><F128/><N who="1" m="49193" /><E75/><V9/><F69/><W50/><G111/><T107/><D107/><U40/><E40/><V88/><F77/><W7/><G124/><T60/><D114/><U80/><E67/><V109/><F101/><W123/><G123/><T57/><D2/><U91/><E80/><V112/><F112/><W59/><G7/><T118/><D118/><U6/><E6/><V79/><F79/><W81/><G71/><T36/><D36/><N who="2" m="13930" /><F126/><W135/><G135/><N who="1" m="34562" /><U119/><DORA hai="51" /><E53/><N who="2" m="34255" /><F0/><W13/><G13/><T45/><D45/><U19/><E19/><V33/><F1/><W121/><G121/><T23/><D70/><U12/><E12/><V99/><F33/><W97/><REACH who="3" step="1"/><G81/><REACH who="3" ten="241,200,403,146" step="2"/><T73/><D15/><U3/><E119/><V62/><F109/><W72/><G72/><T64/><D73/><U11/><E3/><V28/><F108/><W4/><G4/><T127/><D127/><U76/><E11/><V25/><F9/><W84/><G84/><T54/><D8/><U22/><E76/><V14/><F14/><W39/><G39/><T125/><D125/><U46/><E46/><V103/><F10/><W102/><G102/><T44/><D44/><U35/><E35/><V100/><F103/><W85/><G85/><AGARI ba="3,1" hai="22,26,30,85,89,90,91,95" m="34562,49193" machi="85" ten="40,2600,0" yaku="19,1,20,1" doraHai="55,51" who="1" fromWho="3" sc="241,0,200,45,403,0,146,-35" /><INIT seed="3,0,0,5,1,44" ten="241,245,403,111" oya="3" hai0="120,121,69,67,57,36,118,104,119,11,34,29,93" hai1="87,88,71,25,86,112,19,129,79,22,77,5,45" hai2="125,61,58,49,117,95,48,123,124,32,31,53,47" hai3="107,26,37,63,134,6,54,7,101,66,131,102,17"/><W133/><G37/><T8/><D93/><U96/><E112/><V13/><F117/><N who="0" m="44554" /><D57/><U78/><E71/><V40/><F123/><N who="0" m="47178" /><D36/><U98/><E129/><V46/><F13/><W91/><G131/><T109/><D104/><U74/><E74/><V126/><F95/><W105/><G91/><T59/><D59/><U27/><E5/><N who="3" m="1546" /><G54/><T103/><D103/><N who="3" m="39433" /><G17/><T24/><D67/><U135/><E135/><N who="3" m="51722" /><G26/><N who="0" m="18743" /><D69/><AGARI ba="0,0" hai="63,66,69,105,107" m="51722,39433,1546" machi="69" ten="30,1500,0" yaku="20,1" doraHai="44" who="3" fromWho="0" sc="241,-15,245,0,403,0,111,15" /><INIT seed="3,1,0,0,1,49" ten="226,245,403,126" oya="3" hai0="9,92,102,7,87,97,117,123,89,28,35,98,78" hai1="93,16,4,68,74,63,121,130,12,14,104,19,115" hai2="45,23,105,66,41,77,112,58,88,46,61,31,25" hai3="22,55,15,107,52,84,56,1,96,5,62,71,32"/><W100/><G1/><T10/><D117/><U86/><E121/><V128/><F112/><W73/><G73/><T129/><D123/><U79/><E115/><V43/><F105/><W72/><G72/><T76/><D129/><U60/><E104/><V64/><F77/><W6/><G32/><T75/><D98/><U65/><E74/><V0/><F0/><W111/><G111/><T36/><D36/><U113/><E113/><V44/><F128/><W8/><G71/><T50/><D75/><U119/><E119/><V24/><F66/><W124/><G124/><T106/><D10/><N who="1" m="6167" /><E4/><V42/><F25/><W94/><G22/><T108/><D108/><U34/><E65/><V30/><F88/><W39/><G39/><T120/><D120/><U132/><E34/><V118/><F118/><W48/><G84/><T57/><D28/><AGARI ba="1,0" hai="23,24,28,30,31,41,42,43,44,45,46,58,61,64" machi="28" ten="40,1300,0" yaku="8,1" doraHai="49" who="2" fromWho="0" sc="226,-16,245,0,403,16,126,0" owari="210,-19.0,245,4.5,419,51.9,126,-37.4" /></mjloggm>