<mjloggm ver="2.3"><GO type="225" lobby="0"/><UN n0="%41%6F%54" n1="%E6%B7%91%E5%A5%B3%E3%81%AE%E5%97%9C%E3%81%BF" n2="%E3%81%8B%E3%82%8F%E3%81%A1%E3%82%83%E3%82%93%35%38" n3="%E4%B8%AD%E5%B9%B4%E3%81%AE%E5%8D%B1%E6%A9%9F" dan="16,16,16,16" rate="2062.05,2129.81,2163.46,2124.53" sx="M,M,M,M"/><TAIKYOKU oya="0"/><INIT seed="0,0,0,2,0,123" ten="250,250,250,250" oya="0" hai0="41,39,100,6,44,8,65,11,10,96,14,45,50" hai1="89,127,103,51,37,76,85,86,55,56,112,26,99" hai2="77,16,59,35,134,105,124,104,20,31,70,121,27" hai3="79,94,48,75,68,64,128,18,131,87,22,117,15"/><T25/><D65/><U57/><E127/><V106/><F121/><W52/><G117/><T97/><D97/><U111/><E37/><V21/><F70/><W71/><G75/><T80/><D80/><N who="1" m="47239" /><E112/><V119/><F124/><W2/><G2/><T46/><D25/><U3/><E3/><V110/><F119/><W12/><G12/><T4/><D39/><U115/><E115/><V135/><F77/><W73/><G73/><T61/><D61/><U92/><E111/><V54/><F110/><W62/><G71/><T28/><D28/><U82/><E26/><V67/><F67/><W23/><G23/><T113/><D113/><U42/><E42/><V84/><F84/><W116/><G116/><T30/><D30/><U93/><E93/><V108/><F108/><W120/><G120/><T95/><REACH who="0" step="1"/><D10/><REACH who="0" ten="240,250,250,250" step="2"/><U63/><E63/><V38/><F38/><W24/><G24/><T1/><AGARI ba="0,1" hai="1,4,6,8,11,14,41,44,45,46,50,95,96,100" machi="1" ten="20,7800,0" yaku="1,1,2,1,0,1,7,1,53,0" doraHai="123" doraHaiUra="81" who="0" fromWho="0" sc="240,88,250,-26,250,-26,250,-26" /><INIT seed="0,1,0,2,2,12" ten="328,224,224,224" oya="0" hai0="41,96,6,20,105,50,13,16,74,87,117,82,66" hai1="37,31,84,29,116,107,85,81,122,97,134,67,59" hai2="23,130,72,54,43,51,89,127,76,21,56,44,64" hai3="75,78,35,32,93,63,39,68,94,11,73,131,111"/><T60/><D117/><U83/><E116/><V42/><F130/><W45/><G78/><T95/><D74/><N who="3" m="28169" /><G94/><T69/><D105/><U4/><E37/><V132/><F132/><W99/><G93/><T38/><D38/><U133/><E4/><V119/><F119/><W106/><G11/><T14/><D41/><N who="2" m="15370" /><F72/><W33/><G45/><T104/><D50/><U8/><E97/><V58/><F127/><W135/><G39/><T48/><D48/><U128/><E8/><V102/><F76/><W110/><G135/><T55/><D55/><U28/><E107/><V36/><F36/><W1/><G1/><T108/><D104/><U62/><E128/><V49/><F102/><N who="3" m="62815" /><G131/><T57/><D69/><U25/><E25/><V77/><F77/><W121/><G121/><T120/><D120/><U10/><E10/><V79/><F79/><W24/><G24/><N who="0" m="14343" /><D6/><U46/><E46/><N who="2" m="27959" /><F89/><W124/><G124/><T125/><D125/><U40/><E40/><N who="2" m="24967" /><F58/><W91/><G91/><N who="0" m="51703" /><D108/><U22/><E122/><V103/><F103/><AGARI ba="1,0" hai="13,14,57,60,66,95,96,103" m="51703,14343" machi="103" ten="30,5800,0" yaku="8,1,52,1,54,1" doraHai="12" who="0" fromWho="2" sc="328,61,224,0,224,-61,224,0" /><INIT seed="0,2,0,4,3,71" ten="389,224,163,224" oya="0" hai0="91,126,89,95,135,69,30,55,106,72,27,42,121" hai1="57,107,53,123,1,0,4,115,51,66,114,81,120" hai2="17,52,21,132,35,25,108,41,14,59,84,112,103" hai3="119,80,68,124,49,134,88,48,50,133,99,32,90"/><T102/><D121/><N who="1" m="46667" /><E107/><V118/><F112/><N who="1" m="43049" /><E4/><V82/><F108/><W131/><G68/><T77/><D69/><U18/><E66/><V11/><F132/><N who="3" m="50795" /><G32/><T31/><D126/><U45/><E18/><V129/><F129/><W39/><G119/><T7/><D7/><U111/><E111/><V47/><F118/><W60/><G60/><T38/><D106/><U63/><E81/><V64/><F35/><W2/><G2/><T125/><D125/><U26/><E26/><V19/><F103/><W10/><G10/><T40/><D102/><U116/><E116/><V34/><F34/><W37/><G124/><T98/><D27/><U101/><E101/><V65/><F47/><W92/><G131/><T86/><D30/><U15/><E15/><V36/><F41/><W105/><G105/><T113/><D31/><U5/><E5/><V96/><F96/><W94/><G80/><T75/><D98/><AGARI ba="2,0" hai="37,39,48,49,50,88,90,92,94,98,99" m="50795" machi="98" ten="30,7700,0" yaku="20,1,52,2,54,1" doraHai="71" who="3" fromWho="0" sc="389,-83,224,0,163,0,224,83" /><INIT seed="1,0,0,5,2,135" ten="306,224,163,307" oya="1" hai0="19,22,100,59,110,1,131,4,37,71,101,53,81" hai1="43,130,13,36,55,8,26,79,127,80,109,15,67" hai2="77,42,25,104,0,105,32,35,47,10,50,69,132" hai3="56,7,94,65,34,92,111,46,21,133,123,54,89"/><U128/><E127/><V64/><F132/><W18/><G34/><T40/><D71/><U98/><E109/><V63/><F77/><W82/><G111/><T95/><D110/><U9/><E67/><V2/><F35/><W62/><G133/><T12/><D131/><U29/><E55/><V86/><F86/><N who="3" m="50391" /><G7/><T60/><D37/><U11/><E98/><V72/><F72/><W99/><G123/><T114/><D114/><U78/><E43/><V88/><F88/><N who="3" m="55687" /><G94/><T57/><D40/><U124/><E124/><V38/><F50/><N who="3" m="29015" /><G18/><T5/><D1/><N who="2" m="618" /><F10/><W73/><G73/><T44/><D44/><U103/><E36/><V115/><F115/><W107/><G107/><T48/><D81/><U91/><E103/><N who="0" m="39497" /><D95/><U118/><E118/><V106/><F106/><W116/><G116/><T28/><D28/><AGARI ba="0,0" hai="25,28,32,38,42,47,63,64,69,104,105" m="618" machi="28" ten="30,2000,0" yaku="33,2" doraHai="135" who="2" fromWho="0" sc="306,-20,224,0,163,20,307,0" /><INIT seed="2,0,0,1,2,102" ten="286,224,183,307" oya="2" hai0="85,36,18,55,6,133,64,8,82,70,3,4,72" hai1="11,96,52,124,29,93,135,106,49,56,25,80,9" hai2="134,105,66,110,23,45,31,20,42,77,5,98,129" hai3="65,127,53,57,117,7,131,78,75,107,19,115,79"/><V15/><F129/><W113/><G117/><T1/><D133/><U104/><E124/><V22/><F134/><W24/><G127/><T111/><D111/><U30/><E135/><V16/><F110/><W101/><G65/><T33/><D18/><U34/><E30/><V39/><F31/><W63/><G7/><T44/><D33/><U118/><E118/><V88/><F66/><W61/><G61/><N who="0" m="40207" /><D85/><U37/><E37/><V27/><F77/><W51/><G63/><T12/><D12/><U58/><E58/><V74/><F74/><W121/><G121/><T26/><D55/><U17/><E80/><V13/><F13/><W76/><G131/><T43/><D26/><U90/><REACH who="1" step="1"/><E17/><REACH who="1" ten="286,214,183,307" step="2"/><V120/><F120/><W103/><G75/><T116/><D116/><U123/><E123/><V2/><F2/><W87/><G19/><T86/><D82/><U130/><E130/><V114/><F114/><W91/><G115/><T92/><D36/><U100/><E100/><V95/><REACH who="2" step="1"/><F105/><AGARI ba="0,1" hai="9,11,25,29,34,49,52,56,90,93,96,104,105,106" machi="105" ten="40,8000,1" yaku="1,1,52,3,54,1,53,0" doraHai="102" doraHaiUra="132" who="1" fromWho="2" sc="286,0,214,90,183,-80,307,0" /><INIT seed="3,0,0,2,2,45" ten="286,304,103,307" oya="3" hai0="133,120,1,27,134,121,51,124,109,74,46,56,103" hai1="113,110,68,82,99,69,135,39,48,37,128,78,3" hai2="41,59,116,62,7,9,117,127,30,86,106,111,24" hai3="6,73,54,33,85,4,10,75,23,89,129,70,57"/><W77/><G33/><T101/><D74/><U90/><E113/><V104/><F111/><W67/><G70/><T28/><D1/><U15/><E3/><V95/><F127/><W29/><G129/><T14/><D14/><U102/><E110/><V93/><F41/><W122/><G122/><N who="0" m="47211" /><D56/><U88/><E48/><V119/><F104/><W8/><G67/><T64/><D64/><U115/><E115/><V72/><F106/><W18/><G77/><T125/><D109/><U96/><E128/><V81/><F72/><W44/><G44/><T0/><D0/><U91/><E135/><N who="0" m="51721" /><D103/><U20/><E68/><V83/><F9/><N who="3" m="3691" /><G75/><T123/><N who="0" m="47219" /><T40/><DORA hai="32" /><D101/><U60/><E60/><V112/><F7/><W26/><G73/><T13/><D13/><U79/><E69/><V52/><F112/><W97/><G97/><N who="1" m="37450" /><E102/><V126/><F126/><W105/><G105/><T100/><D100/><U50/><E50/><V34/><REACH who="2" step="1"/><F83/><REACH who="2" ten="286,304,93,307" step="2"/><N who="3" m="49343" /><G4/><T5/><D5/><U63/><E82/><V132/><F132/><W92/><G6/><T49/><D124/><U118/><E39/><V80/><F80/><W43/><G43/><T55/><D125/><U66/><E37/><V61/><F61/><N who="3" m="36023" /><G92/><T11/><D11/><U36/><E36/><V98/><F98/><W12/><G12/><T87/><D87/><U94/><E94/><V25/><F25/><W47/><G26/><T114/><D114/><U31/><E15/><V130/><F130/><W22/><G22/><N who="0" m="15479" /><D40/><U108/><E108/><V53/><F53/><W107/><G107/><T19/><D19/><U76/><E20/><RYUUKYOKU ba="0,1" sc="286,15,304,-15,93,15,307,-15" hai0="46,49,51,55" hai2="24,30,34,52,59,62,81,86,93,95,116,117,119" owari="311,41.1,289,-11.1,108,-39.2,292,9.2" /></mjloggm>