<mjloggm ver="2.3"><GO type="225" lobby="0"/><UN n0="%E5%B6%BA%E4%B8%8A%E5%92%B2" n1="%E7%99%BD%E5%80%89%E5%AF%9B%E4%B9%8B" n2="%E6%B4%BE%E9%81%A3%E3%81%AE%E3%82%B8%E3%83%A3%E3%83%83%E3%82%AF" n3="%72%65%6E%6B%75%6E" dan="16,16,17,17" rate="2133.33,2165.71,2191.61,2212.52" sx="F,M,M,M"/><TAIKYOKU oya="0"/><INIT seed="0,0,0,3,1,122" ten="250,250,250,250" oya="0" hai0="92,11,101,39,76,44,33,25,45,71,82,95,35" hai1="107,89,55,13,8,93,16,61,117,115,7,84,100" hai2="99,80,70,72,69,77,56,110,14,20,36,127,34" hai3="105,48,38,47,64,60,81,15,17,9,119,51,86"/><T114/><D114/><U31/><E117/><V75/><F34/><W12/><G105/><T112/><D112/><U66/><E115/><V98/><F36/><W111/><G119/><T10/><D71/><U87/><E31/><V43/><F43/><W0/><G111/><T41/><D45/><U123/><E123/><V121/><F121/><W32/><G32/><T78/><D78/><U23/><E107/><V62/><F127/><W126/><G126/><T27/><D35/><U97/><E55/><V88/><F110/><W3/><G38/><T132/><D132/><U40/><E40/><V85/><F72/><W102/><G102/><T30/><D27/><U83/><E87/><V90/><F69/><W106/><G106/><T58/><D58/><U67/><REACH who="1" step="1"/><E61/><REACH who="1" ten="250,240,250,250" step="2"/><V91/><F75/><W52/><G51/><T74/><REACH who="0" step="1"/><D95/><REACH who="0" ten="240,240,250,250" step="2"/><U135/><E135/><V1/><F77/><W134/><G134/><T79/><D79/><U46/><E46/><V109/><F109/><W125/><G125/><T18/><D18/><U94/><E94/><V22/><F62/><W53/><G60/><T103/><D103/><U2/><AGARI ba="0,2" hai="2,7,8,13,16,23,66,67,83,84,89,93,97,100" machi="2" ten="20,8000,1" yaku="1,1,0,1,7,1,54,1,53,1" doraHai="122" doraHaiUra="5" who="1" fromWho="1" sc="240,-40,240,100,250,-20,250,-20" /><INIT seed="1,0,0,4,4,8" ten="200,340,230,230" oya="1" hai0="101,71,105,65,102,73,83,39,62,61,15,90,3" hai1="19,67,2,7,57,45,55,17,117,121,94,63,60" hai2="107,89,79,37,20,33,133,87,68,103,111,46,56" hai3="131,82,99,80,26,112,104,44,75,49,13,106,1"/><U91/><E117/><V0/><F68/><W10/><G1/><T92/><D3/><U93/><E121/><V50/><F33/><W85/><G112/><T113/><D113/><U4/><E94/><V77/><F0/><W95/><G131/><T66/><D39/><U84/><E2/><V119/><F119/><W81/><G75/><T40/><D40/><U132/><E132/><V135/><F111/><W53/><G26/><T126/><D126/><U22/><E19/><V114/><F114/><W64/><G64/><T12/><D105/><U134/><E134/><N who="2" m="51211" /><F37/><W118/><G118/><T108/><D108/><U31/><E31/><V98/><F56/><W123/><G85/><T110/><D110/><U32/><E32/><V122/><F20/><W120/><G120/><T88/><D92/><U29/><E29/><V58/><F58/><W14/><G123/><T74/><REACH who="0" step="1"/><D71/><REACH who="0" ten="190,340,230,230" step="2"/><U47/><E63/><V38/><F38/><W86/><G106/><T72/><D72/><U78/><E67/><V11/><F122/><W96/><G104/><T36/><D36/><U115/><E115/><V69/><F69/><W59/><G95/><T18/><D18/><U130/><E130/><V128/><F128/><W129/><G129/><T109/><D109/><U41/><E41/><V42/><F107/><W21/><G82/><AGARI ba="0,1" hai="12,15,61,62,65,66,73,74,82,83,88,90,101,102" machi="82" ten="25,12000,2" yaku="1,1,22,2,52,2,54,1,53,0" doraHai="8" doraHaiUra="43" who="0" fromWho="3" sc="190,130,340,0,230,0,230,-120" /><INIT seed="2,0,0,4,5,24" ten="320,340,230,110" oya="2" hai0="121,100,116,54,52,92,66,3,5,59,1,21,35" hai1="113,0,128,17,20,117,33,95,75,105,37,14,71" hai2="135,127,77,43,56,31,110,16,134,64,129,2,133" hai3="93,130,13,96,23,118,53,65,32,132,63,22,69"/><V94/><F2/><W67/><G118/><T126/><D35/><U68/><RYUUKYOKU type="yao9" ba="0,0" sc="320,0,340,0,230,0,110,0" hai1="0,14,17,20,33,37,68,71,75,95,105,113,117,128" /><INIT seed="2,1,0,5,5,23" ten="320,340,230,110" oya="2" hai0="118,6,119,112,50,80,81,89,17,35,9,95,55" hai1="34,69,12,31,59,11,108,127,42,2,132,117,116" hai2="57,33,92,66,96,110,8,109,88,27,72,102,48" hai3="61,115,126,46,43,114,128,90,121,84,83,51,1"/><V29/><F72/><W93/><G121/><T53/><D35/><U130/><E42/><V100/><F8/><W106/><G106/><T101/><D112/><U103/><E103/><V3/><F3/><W32/><G32/><T20/><D101/><U36/><E59/><V105/><F48/><W85/><G128/><T15/><D55/><U62/><E62/><N who="2" m="38223" /><F105/><W68/><G1/><T104/><D104/><U131/><E36/><V70/><F70/><W45/><G126/><T135/><D135/><U7/><E69/><V86/><F86/><W97/><G46/><T78/><D78/><U113/><E113/><V22/><F33/><W30/><G30/><T79/><D79/><U91/><E91/><V37/><F37/><W49/><G49/><T60/><D60/><U26/><E127/><V94/><F94/><W63/><G84/><T74/><D74/><U65/><E65/><V0/><F0/><W18/><G68/><T67/><D67/><U10/><E132/><V40/><F40/><W44/><G115/><T54/><D54/><U125/><E125/><V76/><F76/><W71/><G71/><T39/><D39/><U111/><E117/><V4/><F4/><W25/><G44/><N who="0" m="27847" /><D119/><U87/><E87/><V75/><F75/><W56/><G56/><T77/><D77/><U5/><E116/><V120/><F120/><W41/><G41/><T129/><D118/><U47/><E47/><V124/><F124/><W28/><G114/><T134/><D134/><U123/><E123/><V38/><F38/><W99/><G43/><T107/><D107/><U122/><E122/><RYUUKYOKU ba="1,0" sc="320,-15,340,15,230,15,110,-15" hai1="2,5,7,10,11,12,26,31,34,108,111,130,131" hai2="22,27,29,88,92,96,100,102,109,110" /><INIT seed="2,2,0,3,1,53" ten="305,355,245,95" oya="2" hai0="94,131,56,28,54,72,26,24,33,87,17,1,15" hai1="82,21,3,132,104,47,49,23,75,63,71,60,99" hai2="89,20,27,129,64,130,122,78,13,105,97,126,133" hai3="59,25,81,31,102,86,83,35,109,74,92,57,116"/><V90/><F122/><W95/><G116/><T16/><D72/><U62/><E3/><V46/><F126/><W119/><G119/><T36/><D36/><U48/><E71/><V124/><F124/><W6/><G109/><T123/><D123/><U106/><E132/><V45/><F133/><W121/><G121/><T65/><D1/><U44/><E75/><V19/><F78/><W39/><G39/><T68/><D131/><N who="2" m="50186" /><F64/><W50/><G6/><T127/><D127/><U12/><E82/><V84/><F27/><W37/><G37/><T120/><D120/><U70/><E70/><V41/><F41/><W134/><G134/><T11/><D68/><U93/><E104/><V77/><F77/><W8/><G8/><T9/><D65/><U66/><E106/><V61/><F61/><W98/><G50/><N who="1" m="19562" /><E66/><V117/><F117/><W67/><G67/><T32/><D94/><U14/><E14/><V101/><F90/><W76/><REACH who="3" step="1"/><G92/><AGARI ba="2,0" hai="13,19,20,45,46,84,89,92,97,101,105" m="50186" machi="92" ten="30,1500,0" yaku="19,1" doraHai="53" who="2" fromWho="3" sc="305,0,355,0,245,21,95,-21" /><INIT seed="2,3,0,4,1,26" ten="305,355,266,74" oya="2" hai0="5,78,103,111,31,124,70,69,9,119,54,4,128" hai1="48,18,55,92,115,132,123,91,57,1,114,108,11" hai2="61,58,32,129,79,96,50,98,36,3,81,51,109" hai3="38,13,94,37,56,34,22,21,7,24,15,76,113"/><V75/><F36/><W130/><G76/><T65/><D111/><U89/><E108/><V77/><F109/><W41/><G41/><T72/><D119/><U86/><E132/><V16/><F3/><W118/><G94/><T117/><D117/><U63/><E123/><V120/><F120/><W80/><G80/><T74/><D128/><U46/><E1/><V39/><F39/><W121/><G118/><T85/><D124/><U126/><E126/><V42/><F129/><W68/><G68/><T47/><D31/><U35/><E35/><V60/><F32/><W97/><G97/><T53/><D103/><U122/><E122/><V101/><F77/><W110/><G56/><T107/><D107/><U20/><E11/><V95/><F96/><W93/><G93/><T28/><D28/><U25/><REACH who="1" step="1"/><E91/><REACH who="1" ten="305,345,266,74" step="2"/><V0/><F0/><W125/><G34/><T104/><D9/><U6/><E6/><V29/><F42/><AGARI ba="3,1" hai="18,20,25,42,46,48,55,57,63,86,89,92,114,115" machi="42" ten="30,3900,0" yaku="1,1,7,1,53,1" doraHai="26" doraHaiUra="83" who="1" fromWho="2" sc="305,0,345,58,266,-48,74,0" /><INIT seed="3,0,0,4,0,122" ten="305,403,218,74" oya="3" hai0="108,109,92,64,20,66,43,10,78,98,104,4,9" hai1="94,116,61,74,57,38,50,0,58,76,90,111,26" hai2="131,40,77,72,129,103,135,14,55,5,101,112,128" hai3="107,56,31,130,42,51,91,22,34,85,21,110,105"/><W124/><G34/><T127/><D104/><N who="3" m="40009" /><G31/><T41/><D78/><U27/><E38/><V84/><F112/><W28/><G28/><T63/><D20/><U87/><E0/><V97/><F40/><N who="0" m="15434" /><D127/><U53/><E116/><V52/><F72/><W70/><G70/><T3/><D10/><U65/><E74/><V30/><F30/><W6/><G6/><T33/><D33/><U37/><E37/><V123/><F123/><W13/><G13/><T71/><D66/><U93/><E76/><V106/><F135/><W8/><G8/><T18/><D18/><U83/><E27/><V80/><F103/><W59/><G124/><T120/><D120/><U69/><E26/><V15/><F5/><W23/><G42/><T88/><D71/><U121/><E121/><V132/><F132/><W67/><G67/><T81/><D64/><U17/><E69/><V86/><F86/><W99/><G99/><T79/><D63/><U126/><E126/><V133/><F133/><W11/><G11/><T35/><D35/><U24/><E24/><V44/><F55/><N who="3" m="31871" /><G130/><T68/><D68/><U49/><E17/><V25/><F25/><W19/><G59/><T89/><D89/><U16/><E16/><V75/><F84/><W125/><G125/><T2/><D2/><U46/><E58/><V32/><F32/><W134/><G134/><T7/><D7/><U119/><E57/><V62/><F62/><W1/><G1/><T113/><D113/><U114/><E114/><V118/><F118/><W82/><G19/><T47/><D47/><U73/><E65/><V115/><F115/><RYUUKYOKU ba="0,0" sc="305,10,403,-30,218,10,74,10" hai0="3,4,9,79,81,88,92,98,108,109" hai2="14,15,44,52,75,77,80,97,101,106,128,129,131" hai3="21,22,23,82,85,91,110" /><BYE who="2" /><INIT seed="3,1,0,2,2,25" ten="315,373,228,84" oya="3" hai0="135,33,11,118,70,75,9,116,48,17,77,72,94" hai1="120,117,96,26,56,79,73,7,99,133,14,44,69" hai2="119,107,65,46,134,18,76,35,20,114,8,67,93" hai3="102,112,131,91,88,123,52,132,23,34,41,85,6"/><W95/><G112/><UN n2="%E6%B4%BE%E9%81%A3%E3%81%AE%E3%82%B8%E3%83%A3%E3%83%83%E3%82%AF" /><T115/><D70/><U61/><E69/><V55/><F107/><W86/><G34/><T54/><D33/><U78/><E120/><V109/><F35/><W108/><G123/><T31/><D135/><U50/><E133/><V80/><F114/><W125/><G132/><T97/><D115/><U12/><E26/><V29/><F119/><W82/><G41/><T19/><D31/><U0/><E0/><V104/><F104/><W84/><G125/><T130/><D130/><U30/><E30/><V28/><F109/><W126/><G126/><T101/><D116/><U121/><E73/><V2/><F134/><W38/><G38/><T58/><D75/><U24/><E24/><V10/><F93/><N who="3" m="54423" /><G131/><T43/><D118/><U106/><E106/><V37/><F37/><W105/><G6/><T16/><D72/><U71/><E71/><V39/><F39/><W128/><G128/><T36/><D36/><U122/><E117/><V92/><F92/><W111/><G23/><T21/><D77/><N who="1" m="29195" /><E122/><V110/><F110/><N who="3" m="42027" /><G52/><T127/><D127/><U129/><E129/><V47/><F55/><W83/><G84/><T98/><D43/><N who="1" m="24863" /><E121/><V59/><F20/><W68/><G68/><T66/><D21/><U5/><E5/><V113/><F113/><W45/><G45/><T74/><D74/><U103/><E7/><V27/><F47/><W57/><G57/><T49/><D54/><N who="1" m="33943" /><E103/><V4/><F59/><W13/><G13/><AGARI ba="1,0" hai="12,13,14,96,99" m="33943,24863,29195" machi="13" ten="30,1000,0" yaku="8,1" doraHai="25" who="1" fromWho="3" sc="315,0,373,13,228,0,84,-13" owari="315,11.5,386,48.6,228,-17.2,71,-42.9" /></mjloggm>