<mjloggm ver="2.3"><GO type="225" lobby="0"/><UN n0="%E3%81%93%E3%81%9F%E3%82%8D%E3%81%86%E3%81%8F%E3%82%93" n1="%E3%81%8B%E3%82%8F%E3%81%A1%E3%82%83%E3%82%93%35%38" n2="%E6%9C%88%E5%B3%B6%E5%9F%BA" n3="%E3%82%8F%E3%81%8B%E3%81%B0%2A%E3%82%AC%E3%83%BC%E3%83%AB" dan="16,16,18,16" rate="2057.06,2142.39,2216.66,2191.37" sx="M,M,M,M"/><TAIKYOKU oya="0"/><INIT seed="0,0,0,0,2,107" ten="250,250,250,250" oya="0" hai0="100,83,3,8,112,114,101,126,76,73,86,41,96" hai1="103,79,84,33,48,45,12,110,52,58,55,115,135" hai2="26,70,60,132,49,95,123,98,1,5,24,85,68" hai3="117,38,6,104,77,124,74,29,20,17,62,35,113"/><T22/><D41/><U75/><E110/><V64/><F123/><W87/><G104/><N who="0" m="63495" /><D3/><U14/><E135/><V89/><F132/><W129/><G38/><T130/><D8/><U92/><E115/><N who="0" m="44073" /><D22/><U57/><E33/><V31/><F70/><W72/><G6/><T21/><D21/><U10/><E45/><V54/><F1/><W111/><G113/><T65/><D65/><U116/><E116/><V25/><F5/><W109/><G117/><T122/><D122/><U121/><E121/><V30/><REACH who="2" step="1"/><F98/><REACH who="2" ten="250,250,240,250" step="2"/><W67/><G111/><T9/><D9/><U27/><E10/><V128/><F128/><W50/><G129/><T47/><D130/><U91/><E27/><V102/><F102/><W127/><G109/><T46/><D101/><U4/><E103/><V81/><F81/><W90/><G124/><T36/><D126/><U69/><E69/><V119/><F119/><W7/><G127/><T106/><D106/><U125/><E125/><V51/><F51/><W88/><G7/><T13/><D36/><U16/><E4/><V63/><F63/><W42/><G50/><T0/><D0/><U66/><E92/><V11/><F11/><W105/><G105/><T18/><D13/><U134/><E12/><V53/><F53/><W82/><G62/><T133/><D133/><U2/><E134/><V56/><AGARI ba="0,1" hai="24,25,26,30,31,49,54,56,60,64,68,85,89,95" machi="56" ten="30,2000,0" yaku="1,1,0,1,53,0" doraHai="107" doraHaiUra="94" who="2" fromWho="2" sc="250,-10,250,-5,240,30,250,-5" /><INIT seed="1,0,0,1,5,80" ten="240,245,270,245" oya="1" hai0="121,72,55,93,117,5,44,133,113,42,74,62,14" hai1="110,9,30,15,122,17,131,52,0,24,38,89,73" hai2="20,97,13,134,87,79,115,48,125,96,45,101,63" hai3="77,28,26,4,102,116,31,112,41,105,54,64,2"/><U84/><E38/><V10/><F125/><W78/><G112/><T53/><D113/><U22/><E122/><V61/><F134/><W37/><G64/><T68/><D117/><U103/><E131/><V66/><F115/><W107/><G116/><T100/><D121/><U99/><E110/><V98/><F20/><W39/><G54/><T81/><D133/><U27/><E73/><V95/><F79/><W104/><G102/><T12/><D81/><U25/><E0/><V83/><F83/><W69/><G69/><T56/><D68/><U49/><E99/><N who="2" m="37963" /><F87/><W51/><G4/><T36/><D55/><U65/><E103/><V33/><F33/><W82/><G2/><T43/><D43/><U128/><E65/><V90/><F66/><W126/><G126/><T120/><D120/><U23/><E128/><V6/><F101/><W127/><G127/><T60/><D72/><U108/><E108/><V119/><F119/><W46/><G77/><T35/><D35/><U34/><E34/><V124/><F124/><W11/><G11/><T59/><D74/><U21/><E30/><V106/><F106/><W94/><G94/><T109/><D109/><U132/><E132/><V16/><F6/><W71/><G71/><T123/><D5/><U129/><E129/><V92/><F95/><W47/><G26/><T29/><D29/><U7/><E7/><V58/><F58/><W70/><G70/><T76/><D123/><U88/><E84/><V57/><F57/><AGARI ba="0,0" hai="9,15,17,21,22,23,24,25,27,49,52,57,88,89" machi="57" ten="40,7700,0" yaku="8,1,54,2" doraHai="80" who="1" fromWho="2" sc="240,0,245,77,270,-77,245,0" /><INIT seed="1,1,0,5,2,113" ten="240,322,193,245" oya="1" hai0="100,115,92,11,67,47,15,98,109,55,129,24,91" hai1="94,70,97,36,81,122,20,37,22,110,19,57,123" hai2="68,133,75,23,118,38,80,112,108,71,49,102,32" hai3="116,56,51,82,30,93,21,117,95,17,10,53,62"/><U40/><E70/><V45/><F112/><W69/><G30/><T132/><D115/><U134/><E134/><V77/><F133/><W14/><G82/><T76/><D132/><U43/><E81/><V135/><F135/><W124/><G124/><T44/><D76/><U120/><E57/><V86/><F32/><W74/><G74/><T33/><D109/><U25/><E110/><V31/><F108/><W103/><G10/><T85/><D67/><U61/><E61/><V42/><F118/><N who="3" m="45675" /><G103/><T41/><D41/><U66/><E43/><V59/><F102/><W65/><AGARI ba="1,0" hai="14,17,21,51,53,56,62,65,69,93,95" m="45675" machi="65" ten="30,7900,0" yaku="12,1,52,3" doraHai="113" who="3" fromWho="3" sc="240,-21,322,-40,193,-21,245,82" /><INIT seed="2,0,0,5,2,99" ten="219,282,172,327" oya="2" hai0="76,108,107,130,106,65,4,48,97,123,110,87,103" hai1="51,28,56,12,62,32,6,7,78,121,98,9,66" hai2="20,13,128,31,81,11,14,122,68,129,44,59,46" hai3="50,21,120,83,71,88,29,26,125,92,117,40,27"/><V104/><F68/><W102/><G120/><T91/><D123/><U16/><E121/><V105/><F122/><W93/><G71/><T101/><D65/><U58/><E78/><V38/><F59/><W119/><G125/><T36/><D36/><U70/><E70/><V109/><F81/><W86/><G27/><T135/><D4/><U67/><E32/><V15/><F11/><W80/><G117/><T34/><D34/><U49/><E28/><V90/><F90/><W61/><G61/><T118/><D48/><N who="1" m="18507" /><E98/><V39/><F31/><W3/><G3/><T35/><D35/><U64/><E58/><V126/><F20/><W82/><G119/><T85/><D118/><U2/><E2/><V73/><F73/><W69/><G69/><T37/><D37/><N who="2" m="13834" /><F126/><W25/><G25/><T47/><D76/><U18/><E6/><V112/><F112/><W96/><G50/><T30/><D30/><U63/><E63/><V116/><F116/><W60/><G60/><T55/><D47/><N who="2" m="17962" /><F109/><W17/><G29/><T94/><D110/><U10/><E10/><V5/><F5/><W53/><G53/><AGARI ba="0,0" hai="7,9,12,16,18,53,56,62,64,66,67" m="18507" machi="53" ten="30,2000,0" yaku="8,1,54,1" doraHai="99" who="1" fromWho="3" sc="219,0,282,20,172,0,327,-20" /><INIT seed="3,0,0,0,0,123" ten="219,302,172,307" oya="3" hai0="29,69,2,26,124,52,116,9,72,102,134,28,83" hai1="12,126,105,131,78,104,61,96,59,35,85,11,127" hai2="97,107,21,86,93,24,8,75,27,98,57,34,73" hai3="23,55,45,56,76,68,38,40,129,70,135,50,67"/><W111/><G111/><T117/><D29/><U32/><E131/><V92/><F107/><N who="1" m="41033" /><E96/><V112/><F112/><W128/><G135/><T77/><D134/><U65/><E85/><V130/><F130/><N who="3" m="50283" /><G76/><T1/><D102/><U44/><E44/><V20/><F86/><W113/><G113/><T18/><D124/><N who="1" m="47659" /><E78/><V101/><F57/><N who="3" m="33015" /><G23/><T125/><D125/><U74/><E74/><V31/><F8/><W6/><G6/><AGARI ba="0,0" hai="6,11,12,32,35,59,61,65" m="47659,41033" machi="6" ten="30,1000,0" yaku="18,1" doraHai="123" who="1" fromWho="3" sc="219,0,302,10,172,0,307,-10" owari="219,-18.1,312,41.2,172,-32.8,297,9.7" /></mjloggm>