<mjloggm ver="2.3"><GO type="225" lobby="0"/><UN n0="%E3%81%90%E3%81%A1%E3%82%84%E3%81%BE" n1="%E3%80%93%E3%81%97%E3%83%BC%E3%82%89%E3%80%93" n2="%72%69%6F%75%63%68%61%6E" n3="%E3%83%A9%E3%82%A4%E3%83%B3%E3%81%AE%E8%99%8E" dan="16,16,16,16" rate="2128.90,2217.32,2142.02,2154.14" sx="M,M,M,M"/><TAIKYOKU oya="0"/><INIT seed="0,0,0,4,5,78" ten="250,250,250,250" oya="0" hai0="47,103,27,124,28,12,71,34,14,59,98,2,46" hai1="89,86,53,110,70,84,112,76,43,44,94,33,1" hai2="54,20,111,101,23,120,40,81,65,116,50,4,45" hai3="66,16,8,96,122,61,118,113,123,127,19,52,38"/><T109/><D71/><U87/><E70/><V102/><F120/><N who="3" m="46123" /><G113/><T58/><D2/><U26/><E1/><V91/><F111/><W104/><G118/><T106/><D124/><U92/><E110/><V115/><F115/><W24/><G127/><T125/><D125/><U32/><E112/><V15/><F116/><W128/><G128/><T134/><D134/><U3/><E3/><V21/><F65/><W5/><G24/><T95/><D109/><U49/><E94/><V77/><F91/><W133/><G38/><T69/><D69/><U37/><E26/><V10/><REACH who="2" step="1"/><F54/><REACH who="2" ten="250,250,240,250" step="2"/><W121/><G121/><T93/><D103/><U107/><E76/><V36/><F36/><W41/><G133/><T56/><D106/><U132/><E107/><V99/><F99/><W90/><G52/><T117/><D98/><U75/><E132/><V30/><F30/><W39/><G39/><T25/><D117/><U83/><E89/><V82/><F82/><W51/><G104/><T135/><D135/><U129/><E37/><V35/><F35/><W88/><G96/><T74/><D28/><U6/><E33/><V72/><AGARI ba="0,1" hai="4,10,15,20,21,23,40,45,50,72,77,81,101,102" machi="72" ten="30,7900,0" yaku="1,1,0,1,52,1,53,1" doraHai="78" doraHaiUra="42" who="2" fromWho="2" sc="250,-39,250,-20,240,89,250,-20" /><INIT seed="1,0,0,5,2,16" ten="211,230,329,230" oya="1" hai0="132,117,68,76,55,63,107,13,25,123,0,121,26" hai1="73,37,111,133,87,80,27,116,60,34,32,99,41" hai2="93,44,1,5,52,48,19,38,11,100,18,96,134" hai3="84,58,94,65,97,91,130,43,35,126,12,23,112"/><U9/><E73/><V101/><F134/><W72/><G35/><T57/><D117/><U119/><E133/><V129/><F129/><W28/><G72/><T62/><D0/><U85/><E111/><V64/><F64/><W30/><G112/><T88/><D107/><U69/><E99/><V110/><F110/><W29/><G126/><T118/><D76/><U71/><E9/><V108/><F108/><W47/><G130/><T42/><D42/><U77/><E60/><V120/><F120/><N who="0" m="46154" /><D118/><U109/><E109/><V66/><F38/><W90/><G65/><N who="0" m="41015" /><D132/><U135/><E135/><V81/><F66/><W61/><G61/><T70/><D70/><U114/><E114/><V124/><F124/><W95/><G58/><T4/><D88/><U17/><E41/><V21/><F81/><W39/><REACH who="3" step="1"/><G12/><REACH who="3" ten="211,230,329,220" step="2"/><T50/><D63/><U24/><E71/><V125/><F125/><W128/><G128/><T67/><D67/><U115/><E69/><V131/><F131/><W45/><G45/><T36/><D36/><U122/><E37/><V7/><F7/><W105/><G105/><T78/><D4/><U103/><E122/><V49/><F5/><W56/><G56/><T98/><D13/><U10/><E115/><V22/><F1/><W127/><G127/><T2/><D2/><U86/><E119/><V46/><F46/><W15/><G15/><T31/><D57/><U89/><E116/><V83/><F44/><W40/><G40/><T113/><D113/><U59/><E59/><V6/><F6/><W79/><G79/><T8/><D78/><U82/><E77/><RYUUKYOKU ba="0,1" sc="211,-10,230,-10,329,-10,220,30" hai3="23,28,29,30,39,43,47,84,90,91,94,95,97" /><INIT seed="2,1,1,2,2,121" ten="201,220,319,250" oya="2" hai0="39,1,22,123,76,40,110,101,2,87,115,128,34" hai1="3,21,65,120,111,48,105,114,134,58,83,129,15" hai2="57,103,88,106,56,19,131,135,70,108,118,63,29" hai3="10,37,31,126,25,91,28,116,89,75,92,79,84"/><V38/><F108/><W23/><G116/><T33/><D123/><U82/><E3/><V104/><F118/><W41/><G126/><T102/><D115/><U0/><E0/><V69/><F38/><W107/><G107/><T125/><D125/><U61/><E105/><V98/><F106/><W124/><G124/><T66/><D128/><U47/><E120/><V73/><F73/><W52/><G37/><T30/><D66/><U13/><E114/><V49/><F131/><W51/><G41/><T27/><D39/><U119/><E111/><V97/><F135/><W64/><G64/><T95/><D40/><N who="1" m="24679" /><E134/><V54/><F29/><W78/><G75/><T17/><D110/><U18/><E129/><V112/><F112/><W90/><G28/><T71/><D71/><U14/><E119/><V45/><F19/><W133/><G10/><T16/><D17/><U96/><E96/><V12/><F12/><AGARI ba="1,1" hai="12,13,14,15,18,21,58,61,65,82,83" m="24679" machi="12" ten="30,1000,0" yaku="8,1" doraHai="121" who="1" fromWho="2" sc="201,0,220,23,319,-13,250,0" /><INIT seed="3,0,0,4,2,70" ten="201,243,306,250" oya="3" hai0="36,29,35,28,6,65,34,84,119,5,130,48,26" hai1="134,82,98,86,128,9,102,43,11,22,83,68,87" hai2="66,99,54,75,113,4,71,40,16,59,25,88,79" hai3="42,81,62,41,57,95,118,104,7,132,108,46,78"/><W8/><G104/><T17/><D119/><U93/><E68/><V117/><F113/><W135/><G118/><T13/><D65/><U56/><E134/><N who="3" m="51242" /><G95/><T92/><D48/><U91/><E128/><V21/><F117/><W67/><G108/><T18/><D92/><U61/><E43/><V72/><F40/><W33/><G33/><N who="0" m="20631" /><D84/><U105/><E22/><V115/><F4/><N who="0" m="1642" /><D36/><U114/><E114/><V60/><F115/><W12/><G46/><T63/><D63/><U107/><E107/><V69/><F79/><W96/><G96/><T39/><D39/><U111/><E111/><V3/><F3/><W55/><G67/><T121/><D130/><U129/><E105/><V97/><F97/><W53/><G55/><T38/><D38/><U112/><E112/><V106/><F71/><W0/><G0/><T90/><D90/><N who="1" m="51543" /><E129/><V31/><F31/><W127/><G127/><T126/><D126/><U103/><E103/><V58/><F69/><W76/><G76/><T101/><D101/><U2/><E2/><V94/><F106/><W44/><G44/><T131/><D131/><U80/><E80/><V125/><F125/><W64/><G64/><AGARI ba="0,0" hai="9,11,56,61,64,83,87,91,93,98,102" m="51543" machi="64" ten="30,1000,0" yaku="8,1" doraHai="70" who="1" fromWho="3" sc="201,0,243,10,306,0,250,-10" owari="201,-29.9,253,5.3,306,40.6,240,-16.0" /></mjloggm>