<mjloggm ver="2.3"><GO type="225" lobby="0"/><UN n0="%E6%9D%B1%E9%A2%A8%E3%81%AE%E3%81%8D%E3%82%83%E3%81%B7%E3%81%95%E3%82%93" n1="%E3%82%BC%E3%83%AB%E3%83%80%E3%81%AE%E4%BC%9D%E8%AA%AC" n2="%E6%9C%88%E5%B3%B6%E5%9F%BA" n3="%E5%91%A8%E6%9D%B1" dan="16,17,17,16" rate="2196.69,2141.51,2182.58,2185.84" sx="M,M,M,M"/><TAIKYOKU oya="0"/><INIT seed="0,0,0,3,1,48" ten="250,250,250,250" oya="0" hai0="77,66,11,22,94,59,34,44,119,26,46,16,37" hai1="117,43,115,78,95,133,25,129,113,21,68,126,57" hai2="114,134,83,108,31,19,100,102,55,99,18,62,70" hai3="104,15,76,89,3,45,24,67,28,107,35,6,2"/><T50/><D119/><U103/><E68/><V7/><F114/><N who="1" m="43529" /><E117/><V120/><F120/><W85/><G76/><T82/><D34/><U69/><E69/><V101/><F108/><W91/><G67/><T65/><D37/><U29/><E126/><V53/><F134/><W84/><G45/><T64/><D94/><U93/><E133/><V132/><F132/><W47/><G15/><T112/><D11/><U106/><E129/><V72/><F7/><W5/><G47/><T36/><D36/><U61/><E43/><V40/><F40/><W52/><G35/><T135/><D135/><U9/><E78/><V51/><F31/><W17/><G28/><T127/><D127/><U110/><E110/><V12/><F72/><W79/><G79/><T13/><D26/><U131/><E131/><V42/><F83/><W130/><G130/><T60/><D112/><U92/><E9/><V4/><F99/><W111/><G24/><T109/><D109/><U0/><E0/><V74/><F74/><W123/><G111/><T128/><D128/><U124/><E124/><V33/><F33/><W98/><G98/><T121/><D121/><U1/><E1/><V49/><F42/><W96/><G96/><T90/><D90/><U75/><E75/><V10/><F62/><W71/><G123/><T54/><REACH who="0" step="1"/><D60/><REACH who="0" ten="240,250,250,250" step="2"/><U86/><E103/><V39/><F39/><W32/><G32/><T63/><D63/><U122/><E122/><V8/><F100/><W23/><G91/><T97/><D97/><U88/><E106/><V30/><F101/><W58/><G104/><T38/><D38/><RYUUKYOKU ba="0,1" sc="240,15,250,15,250,-15,250,-15" hai0="13,16,22,44,46,50,54,59,64,65,66,77,82" hai1="21,25,29,57,61,86,88,92,93,95" /><INIT seed="0,1,1,1,5,3" ten="255,265,235,235" oya="0" hai0="81,58,71,24,85,82,28,107,73,114,95,134,75" hai1="100,8,125,40,67,101,25,51,80,59,34,15,117" hai2="44,113,97,116,126,135,20,121,31,22,56,112,105" hai3="18,104,35,60,39,46,63,47,17,14,92,54,1"/><T99/><D71/><U86/><E117/><V123/><F56/><W94/><G104/><T65/><D114/><N who="2" m="44138" /><F44/><W102/><G1/><T12/><D107/><U91/><E125/><V89/><F105/><W128/><G128/><T5/><D134/><U83/><E34/><V130/><F89/><W109/><G35/><T52/><D65/><U131/><E131/><V98/><F130/><W68/><G68/><T78/><D75/><U11/><E25/><V124/><F116/><W133/><G133/><T111/><D111/><U90/><E40/><V93/><F93/><W36/><G14/><T119/><D119/><U96/><E8/><V118/><F118/><W32/><G32/><T42/><D42/><U74/><E74/><V30/><F98/><W53/><REACH who="3" step="1"/><G102/><REACH who="3" ten="255,265,235,225" step="2"/><T57/><D12/><U43/><E15/><V4/><F135/><W29/><G29/><T66/><D28/><U62/><E101/><V79/><F31/><W41/><G41/><T115/><D115/><U87/><E100/><V27/><F30/><W132/><G132/><T69/><D24/><U13/><E43/><V49/><F27/><W33/><G33/><T127/><D69/><U110/><E13/><V9/><F124/><W19/><G19/><T10/><D127/><U129/><E129/><V84/><F126/><W61/><G61/><T0/><D0/><U106/><E110/><AGARI ba="1,2" hai="17,18,36,39,46,47,53,54,60,63,92,94,109,110" machi="110" ten="25,3200,0" yaku="1,1,22,2,53,0" doraHai="3" doraHaiUra="77" who="3" fromWho="1" sc="255,0,265,-35,235,0,225,55" /><INIT seed="1,0,0,0,1,4" ten="255,230,235,280" oya="1" hai0="71,58,23,73,93,35,79,54,130,66,76,125,78" hai1="104,32,48,115,24,124,7,21,91,65,50,5,132" hai2="67,10,107,90,0,109,84,96,38,106,44,60,68" hai3="39,127,135,51,30,95,89,13,43,117,8,18,15"/><U41/><E115/><V131/><F109/><W11/><G127/><T100/><D35/><U9/><E104/><V133/><F133/><W12/><G135/><T36/><D36/><U34/><E132/><V126/><F126/><W57/><G117/><T42/><D42/><U28/><E124/><V29/><F131/><W116/><G116/><T74/><D125/><U62/><E5/><N who="2" m="1319" /><F90/><W120/><G120/><T80/><D130/><U102/><E102/><N who="2" m="62791" /><F84/><W25/><G39/><T47/><D47/><U94/><E34/><V17/><F17/><W19/><G15/><T85/><D23/><U33/><E33/><V88/><F88/><W101/><G101/><T103/><D103/><U31/><E32/><V86/><F86/><W119/><G119/><T2/><D100/><U77/><E31/><V97/><F29/><W83/><G83/><T26/><D26/><U111/><E111/><V123/><F97/><N who="3" m="57583" /><G30/><T110/><D110/><U98/><E77/><V92/><F92/><W56/><G25/><T1/><D93/><U128/><E128/><V134/><F134/><W69/><G69/><T82/><D71/><U105/><E105/><V52/><F123/><W53/><G43/><T49/><D66/><U55/><E41/><N who="2" m="22583" /><F107/><W20/><G20/><T75/><D85/><U3/><REACH who="1" step="1"/><E55/><REACH who="1" ten="255,220,235,280" step="2"/><V37/><F52/><W16/><G19/><T113/><D78/><U114/><E114/><V27/><F37/><W61/><G61/><T112/><D73/><U6/><E6/><V81/><F81/><W121/><G121/><T64/><D64/><U14/><E14/><V40/><F40/><RYUUKYOKU ba="0,1" sc="255,0,220,0,235,0,280,0" hai0="1,2,49,54,58,74,75,76,79,80,82,112,113" hai1="3,7,9,21,24,28,48,50,62,65,91,94,98" hai2="27,60,67,68" hai3="8,11,12,13,16,18,51,53,56,57" /><INIT seed="1,1,1,2,0,89" ten="255,220,235,280" oya="1" hai0="105,116,66,39,86,9,65,115,20,35,54,1,103" hai1="122,74,70,134,127,61,33,71,82,81,90,76,44" hai2="6,110,62,28,2,43,129,102,12,40,69,77,56" hai3="79,51,25,68,59,36,41,8,49,47,24,16,73"/><U118/><E118/><V135/><F2/><W114/><G114/><T96/><D39/><U42/><E122/><V104/><F69/><W126/><G126/><T30/><D116/><U88/><E127/><V26/><F110/><W91/><G68/><T101/><D101/><U130/><E33/><V117/><F117/><W85/><G73/><T87/><D115/><U111/><E111/><V75/><F129/><W58/><G79/><T57/><D35/><U37/><E130/><V112/><F112/><W128/><G128/><T46/><D46/><U97/><E134/><V113/><F113/><W106/><G106/><T133/><D133/><U48/><E37/><V131/><F131/><W29/><G36/><T121/><D121/><U92/><REACH who="1" step="1"/><E61/><REACH who="1" ten="255,210,235,280" step="2"/><V13/><F62/><W21/><G51/><T109/><D109/><U53/><E53/><V14/><F135/><W31/><G31/><T132/><D54/><U19/><E19/><V60/><F60/><W3/><G3/><T98/><D1/><U11/><E11/><V27/><F28/><W5/><G5/><T123/><D30/><U55/><E55/><V84/><F6/><W34/><REACH who="3" step="1"/><G8/><REACH who="3" ten="255,210,235,270" step="2"/><T38/><D9/><U99/><E99/><V15/><F40/><W23/><G23/><T125/><D20/><U100/><E100/><V93/><F43/><W124/><G124/><T107/><D125/><U72/><E72/><V52/><F75/><W64/><G64/><T67/><D38/><U50/><E50/><V22/><F102/><W95/><AGARI ba="1,3" hai="16,21,24,25,29,34,41,47,49,58,59,85,91,95" machi="95" ten="20,8000,1" yaku="1,1,0,1,7,1,52,1,54,1,53,0" doraHai="89" doraHaiUra="120" who="3" fromWho="3" sc="255,-21,210,-41,235,-21,270,113" /><INIT seed="2,0,0,2,5,18" ten="234,169,214,383" oya="2" hai0="17,132,62,95,133,54,102,111,20,5,42,76,108" hai1="46,68,10,120,105,126,16,127,104,85,35,1,86" hai2="75,135,21,77,38,29,36,26,14,121,39,74,71" hai3="130,30,106,79,84,66,65,103,83,99,119,134,13"/><V110/><F121/><W58/><G119/><T48/><D76/><U129/><E68/><V88/><F71/><W59/><G130/><T25/><D42/><U90/><E129/><V44/><F135/><N who="0" m="51786" /><D5/><U11/><E35/><V40/><F110/><W94/><G134/><T22/><D62/><U70/><E70/><V24/><F77/><W32/><G32/><T45/><D102/><U43/><E120/><V6/><F26/><W47/><G30/><N who="0" m="17703" /><D95/><U4/><E105/><V113/><F113/><W92/><G92/><T124/><D124/><N who="1" m="47659" /><E104/><V128/><F128/><W101/><G101/><T34/><D34/><U57/><E90/><V3/><F3/><W23/><G106/><T81/><D81/><U2/><E2/><V33/><F88/><W19/><G47/><T69/><D69/><U89/><E57/><AGARI ba="0,0" hai="13,19,23,57,58,59,65,66,79,83,84,94,99,103" machi="57" ten="40,2600,0" yaku="8,1,52,1" doraHai="18" who="3" fromWho="1" sc="234,0,169,-26,214,0,383,26" /><INIT seed="3,0,0,4,3,63" ten="234,143,214,409" oya="3" hai0="135,99,79,44,31,47,120,9,60,102,104,20,3" hai1="81,28,84,65,58,72,37,110,123,23,115,21,89" hai2="91,130,82,124,22,78,106,14,7,121,16,42,15" hai3="34,32,93,35,19,36,75,49,51,45,108,128,46"/><W132/><G36/><T48/><D120/><U1/><E123/><V53/><F121/><W59/><G59/><T98/><D79/><U71/><E115/><V105/><F124/><W25/><G93/><T126/><D135/><U86/><E110/><V131/><F42/><W10/><G19/><T39/><D60/><U67/><E37/><V69/><F69/><W26/><G10/><T40/><D99/><U62/><E1/><V61/><F91/><W97/><G25/><T2/><D9/><U122/><E72/><N who="2" m="43335" /><F7/><W118/><G26/><T30/><D126/><U87/><E122/><V80/><F80/><W70/><G128/><N who="2" m="49193" /><F15/><W68/><G32/><T27/><D30/><U95/><E28/><V109/><F109/><W92/><G92/><T66/><D66/><N who="1" m="25099" /><E71/><V11/><F11/><W41/><G75/><T50/><D39/><U54/><E86/><V101/><F101/><W103/><G103/><T111/><REACH who="0" step="1"/><D111/><REACH who="0" ten="224,143,214,409" step="2"/><U73/><E73/><V96/><F96/><W114/><G108/><T38/><D38/><U33/><E33/><V107/><F107/><W85/><G97/><T134/><D134/><U64/><N who="1" m="25107" /><U56/><DORA hai="113" /><E56/><AGARI ba="0,1" hai="14,16,22,53,56,61,105,106" m="49193,43335" machi="56" ten="30,2000,0" yaku="19,1,54,1" doraHai="63,113" who="2" fromWho="1" sc="224,0,143,-20,214,30,409,0" owari="224,-17.6,123,-37.7,244,4.4,409,50.9" /></mjloggm>