<mjloggm ver="2.3"><GO type="225" lobby="0"/><UN n0="%E5%A4%8F%E9%88%B4%E9%88%B4%E5%A4%8F" n1="%E3%81%99%E3%81%84%E3%81%BE%E3%81%9B%E3%83%BC%E3%82%93" n2="%E3%83%A9%E3%82%B9%E7%8E%87%EF%BC%93%E5%89%B2" n3="%65%76%69%61%6E%36%31%39" dan="16,18,16,16" rate="2109.90,2203.29,2201.80,2071.01" sx="F,M,F,M"/><TAIKYOKU oya="0"/><INIT seed="0,0,0,2,2,35" ten="250,250,250,250" oya="0" hai0="69,3,64,46,121,53,106,10,30,127,80,109,16" hai1="19,71,50,93,41,24,92,99,33,1,21,36,76" hai2="54,122,2,105,75,26,128,87,8,59,90,123,15" hai3="57,134,130,6,88,66,84,61,108,94,52,126,81"/><T17/><D121/><U28/><E71/><V23/><F128/><W107/><G108/><T43/><D106/><U13/><E36/><V97/><F75/><W74/><G134/><T27/><D127/><U124/><E124/><V7/><F105/><W117/><G130/><T22/><D109/><U110/><E110/><V44/><F44/><W114/><G114/><T12/><D53/><U101/><E76/><V45/><F45/><W11/><G117/><T102/><D102/><U115/><E115/><V72/><F72/><W60/><G107/><T67/><D3/><U103/><E1/><V68/><F97/><W100/><G126/><T55/><D55/><U32/><E50/><V63/><F68/><W129/><G129/><T31/><D80/><U133/><E41/><V118/><F15/><W47/><G74/><T91/><D91/><U104/><E133/><V48/><F48/><W58/><G47/><T95/><D95/><U18/><E103/><V96/><F96/><W85/><G100/><T119/><D119/><U38/><E38/><V112/><F112/><W111/><G111/><T125/><D125/><U79/><E79/><V82/><REACH who="2" step="1"/><F118/><REACH who="2" ten="250,250,240,250" step="2"/><W42/><G42/><T70/><D70/><U132/><E132/><V98/><F98/><N who="3" m="57671" /><G81/><T49/><D69/><U77/><E104/><V135/><F135/><W73/><G73/><T113/><D113/><U29/><E99/><V25/><F25/><W62/><G62/><T89/><D89/><U9/><E101/><V131/><F131/><W56/><G56/><T120/><D120/><U65/><E24/><V0/><F0/><AGARI ba="0,1" hai="0,6,11,52,57,58,60,61,66,84,85" m="57671" machi="0" ten="30,7700,0" yaku="6,1,52,1,54,2" doraHai="35" who="3" fromWho="2" sc="250,0,250,0,240,-77,250,87" /><INIT seed="1,0,0,4,3,34" ten="250,250,163,337" oya="1" hai0="129,53,85,12,122,100,116,84,65,67,112,36,131" hai1="0,115,71,107,37,27,19,98,101,99,89,8,92" hai2="124,11,68,26,46,135,103,18,128,33,42,61,30" hai3="93,17,56,83,21,113,94,118,120,114,7,48,31"/><U104/><E115/><V127/><F103/><W24/><G120/><T14/><D112/><U52/><E71/><V70/><F128/><N who="0" m="49226" /><D53/><U23/><E37/><V130/><F130/><W58/><G93/><T3/><D100/><U54/><REACH who="1" step="1"/><E104/><REACH who="1" ten="250,240,163,337" step="2"/><V102/><F70/><W110/><G114/><T6/><D36/><U111/><E111/><V20/><F68/><W55/><G110/><T5/><D122/><U80/><E80/><V82/><F82/><W121/><G83/><T72/><D116/><U16/><E16/><V50/><F18/><W86/><G118/><T43/><D6/><AGARI ba="0,1" hai="0,6,8,19,23,27,52,54,89,92,98,99,101,107" machi="6" ten="40,7700,0" yaku="1,1,52,1,54,1,53,0" doraHai="34" doraHaiUra="64" who="1" fromWho="0" sc="250,-77,240,87,163,0,337,0" /><INIT seed="1,1,0,1,3,74" ten="173,327,163,337" oya="1" hai0="31,2,102,39,116,110,125,68,55,51,43,47,53" hai1="7,18,41,96,77,118,69,105,49,89,8,91,90" hai2="5,0,121,30,104,54,65,58,97,23,109,72,99" hai3="38,94,93,27,71,113,25,133,32,98,60,100,37"/><U13/><E118/><V107/><F121/><W108/><G108/><T29/><D2/><U20/><E69/><V15/><F109/><W81/><G133/><T14/><D116/><U112/><E112/><V78/><F65/><W28/><G27/><T123/><D123/><U52/><E41/><V11/><F104/><W135/><G135/><T80/><D125/><U124/><E124/><V114/><F107/><W101/><G81/><T117/><D117/><U4/><E77/><V45/><F45/><W73/><G73/><T33/><D68/><U85/><E85/><V92/><F114/><W10/><G10/><T129/><D129/><U128/><E128/><V17/><F92/><W3/><G3/><T88/><D33/><U50/><E50/><V16/><F17/><W84/><G84/><N who="0" m="50183" /><D39/><U126/><E126/><V70/><F70/><W111/><G113/><T6/><D102/><U57/><E105/><V103/><F103/><W66/><G111/><T9/><D110/><U131/><E131/><V63/><REACH who="2" step="1"/><F30/><AGARI ba="1,0" hai="6,9,14,29,30,31,43,47,51,53,55" m="50183" machi="30" ten="30,2000,0" yaku="8,1,54,1" doraHai="74" who="0" fromWho="2" sc="173,23,327,0,163,-23,337,0" /><INIT seed="2,0,0,5,2,95" ten="196,327,140,337" oya="2" hai0="68,33,42,50,113,115,76,99,85,21,72,5,12" hai1="129,60,57,29,103,77,55,119,18,118,35,116,131" hai2="104,32,1,90,130,25,105,102,45,122,7,128,16" hai3="124,98,53,26,39,70,34,17,100,87,114,88,84"/><V71/><F71/><W11/><G39/><T58/><D33/><U31/><E35/><V3/><F122/><W134/><G134/><T91/><D68/><U108/><E108/><V101/><F90/><W63/><G124/><T37/><D37/><U19/><E77/><V94/><F45/><W107/><G84/><T78/><D78/><U48/><E103/><V52/><F32/><W81/><G11/><N who="0" m="4207" /><D58/><U40/><E40/><V82/><F82/><W133/><G133/><T75/><D21/><U24/><E48/><V47/><F94/><W49/><G17/><N who="1" m="6154" /><E24/><V30/><F30/><N who="3" m="19799" /><G49/><T46/><D99/><U38/><E38/><V83/><F83/><W65/><G53/><T2/><D91/><U6/><E6/><V92/><F7/><W97/><G97/><T67/><D67/><U10/><E10/><V43/><F52/><W80/><G80/><N who="0" m="47239" /><D2/><U44/><E44/><V15/><F25/><W106/><G106/><N who="2" m="41065" /><F1/><W69/><G69/><T61/><D61/><U112/><E112/><AGARI ba="0,0" hai="63,65,70,81,87,88,98,100,107,112,114" m="19799" machi="112" ten="30,3900,0" yaku="25,1,52,1,54,1" doraHai="95" who="3" fromWho="1" sc="196,0,327,-39,140,0,337,39" /><AGARI ba="0,0" hai="42,46,50,72,75,112,113,115" m="47239,4207" machi="112" ten="30,1000,0" yaku="25,1" doraHai="95" who="0" fromWho="1" sc="196,10,288,-10,140,0,376,0" /><INIT seed="3,0,0,5,2,125" ten="206,278,140,376" oya="3" hai0="67,7,60,16,43,28,71,5,1,96,65,50,87" hai1="117,15,22,92,39,26,77,63,70,13,105,114,36" hai2="109,56,76,126,44,46,19,54,119,118,69,47,95" hai3="68,27,42,127,94,129,12,128,120,83,116,59,115"/><W21/><G120/><T9/><D7/><U81/><E105/><V113/><F76/><W30/><G68/><T8/><D28/><U84/><E114/><V104/><F104/><W38/><G116/><T101/><D67/><U62/><E39/><V80/><F80/><W41/><G127/><T18/><D87/><U48/><E36/><V88/><F126/><W37/><G94/><T3/><D3/><U33/><E33/><V124/><F124/><W0/><G0/><T40/><D9/><U61/><E70/><V82/><F82/><W79/><G59/><T107/><REACH who="0" step="1"/><D50/><REACH who="0" ten="196,278,140,376" step="2"/><U32/><E48/><V102/><F69/><W86/><G38/><T11/><D11/><U74/><E84/><V53/><F113/><W66/><G37/><T64/><D64/><U98/><E63/><V23/><F109/><W111/><G66/><T14/><D14/><U130/><E13/><V97/><F102/><W10/><G111/><T35/><D35/><U17/><E32/><V108/><F108/><W112/><G112/><T121/><D121/><U24/><E62/><V55/><REACH who="2" step="1"/><F56/><REACH who="2" ten="196,278,130,376" step="2"/><W100/><G115/><T2/><D2/><U122/><E122/><V103/><F103/><W73/><G100/><T90/><D90/><U131/><E81/><V78/><F78/><W31/><G83/><T6/><D6/><U99/><E77/><V20/><F20/><W133/><G79/><T34/><D34/><U4/><E22/><V25/><AGARI ba="0,2" hai="19,23,25,44,46,47,53,54,55,88,95,97,118,119" machi="25" ten="30,4000,0" yaku="1,1,0,1,54,1,53,0" doraHai="125" doraHaiUra="106" who="2" fromWho="2" sc="196,-10,278,-10,130,60,376,-20" owari="186,-31.4,268,6.8,190,-21.0,356,45.6" /></mjloggm>