<mjloggm ver="2.3"><GO type="225" lobby="0"/><UN n0="%E9%A6%AC%E5%BC%95%E7%81%AB%33" n1="%E3%81%BF%E3%81%BF%E3%81%9A" n2="%72%69%6F%75%63%68%61%6E" n3="%72%61%6B%33" dan="16,17,16,16" rate="2144.80,2183.30,2109.57,2102.75" sx="M,M,M,M"/><TAIKYOKU oya="0"/><INIT seed="0,0,0,5,1,114" ten="250,250,250,250" oya="0" hai0="54,69,66,68,121,18,84,115,122,63,104,111,58" hai1="17,46,37,70,127,124,96,16,73,34,15,87,105" hai2="72,75,6,36,130,129,42,100,128,25,7,106,64" hai3="52,65,131,112,19,5,35,30,11,82,55,23,39"/><T109/><D104/><U28/><E73/><N who="2" m="28235" /><F64/><W135/><G112/><T74/><D74/><U85/><E70/><N who="0" m="27241" /><D84/><U38/><E28/><V77/><F77/><W80/><G39/><N who="1" m="14858" /><E46/><N who="2" m="23879" /><F25/><W4/><G65/><T27/><D27/><U108/><E34/><V133/><F133/><W12/><G135/><T118/><D118/><U31/><E31/><V125/><F125/><N who="1" m="48201" /><E108/><N who="0" m="41545" /><D18/><N who="1" m="7275" /><E15/><V123/><F123/><N who="0" m="47114" /><D115/><U44/><E44/><V32/><F32/><W14/><G35/><T21/><D21/><U126/><N who="1" m="48209" /><U97/><DORA hai="59" /><E105/><V91/><F91/><W78/><G30/><T90/><D90/><U9/><E9/><V41/><F106/><W47/><G23/><T62/><D66/><U120/><E120/><V94/><F6/><W22/><G5/><T79/><D79/><U89/><E85/><V45/><F7/><W83/><G4/><T61/><AGARI ba="0,0" hai="54,58,61,62,63" m="47114,41545,27241" machi="61" ten="40,18000,2" yaku="14,1,10,1,34,2,52,3" doraHai="114,59" who="0" fromWho="0" sc="250,180,250,-60,250,-60,250,-60" /><INIT seed="0,1,0,3,4,32" ten="430,190,190,190" oya="0" hai0="49,108,42,7,104,117,90,26,96,84,97,77,14" hai1="43,89,119,134,73,112,109,127,101,120,92,111,122" hai2="3,130,24,114,56,12,131,83,60,123,41,82,115" hai3="64,98,126,55,113,100,35,135,11,106,51,62,118"/><T81/><D117/><U52/><E43/><V72/><F123/><W40/><G118/><T132/><D132/><U107/><E119/><V80/><F72/><W58/><G113/><T36/><D36/><U53/><E73/><V99/><F3/><W31/><G135/><T59/><D104/><U23/><E134/><V20/><F41/><W67/><G126/><T71/><D71/><U61/><E127/><V2/><F2/><W5/><G40/><T4/><D26/><U33/><E33/><V91/><F12/><W25/><REACH who="3" step="1"/><G62/><REACH who="3" ten="430,190,190,180" step="2"/><T74/><D42/><U121/><E112/><V37/><F115/><W47/><G47/><T102/><D49/><U116/><E116/><V95/><F37/><W76/><G76/><T48/><D48/><U66/><E122/><V34/><F114/><W69/><G69/><T45/><D45/><U54/><E121/><V16/><REACH who="2" step="1"/><F34/><REACH who="2" ten="430,190,180,180" step="2"/><W70/><G70/><T27/><D74/><U19/><E120/><V128/><F128/><W57/><G57/><T10/><D59/><U44/><E44/><V0/><F0/><AGARI ba="1,2" hai="0,5,11,25,31,35,51,55,58,64,67,98,100,106" machi="0" ten="30,7700,0" yaku="1,1,7,1,52,1,53,1" doraHai="32" doraHaiUra="29" who="3" fromWho="2" sc="430,0,190,0,180,-80,180,100" /><INIT seed="1,0,0,0,1,30" ten="430,190,100,280" oya="1" hai0="87,101,84,70,125,109,122,10,32,47,89,69,17" hai1="38,36,46,55,60,2,58,28,14,102,27,103,80" hai2="85,90,0,99,35,110,3,113,106,19,65,135,50" hai3="77,59,56,93,112,40,5,43,53,100,33,71,20"/><U34/><E2/><V61/><F110/><W72/><G71/><T31/><D109/><U21/><E80/><V45/><F135/><W4/><G112/><T54/><D101/><U107/><E107/><V48/><F113/><W68/><G68/><T52/><D125/><U75/><E75/><V25/><F19/><W91/><G100/><T134/><D134/><U66/><E36/><V97/><F48/><W94/><G20/><T115/><D115/><U116/><E116/><V26/><F0/><W126/><G53/><T131/><D131/><U127/><E127/><V15/><F15/><W44/><G44/><T78/><D122/><U41/><E21/><V62/><F3/><W96/><G96/><N who="2" m="36937" /><F35/><W79/><G91/><T133/><D89/><U114/><E114/><V22/><F106/><W39/><G126/><T118/><D17/><U57/><REACH who="1" step="1"/><E14/><REACH who="1" ten="430,180,100,280" step="2"/><V95/><F22/><W11/><G39/><T108/><D118/><U129/><E129/><V12/><F12/><W49/><G72/><T104/><D104/><U29/><E29/><V13/><F13/><W18/><G94/><T120/><D31/><U119/><E119/><V23/><F23/><W42/><G93/><T81/><D81/><U24/><E24/><N who="2" m="9323" /><F65/><W51/><G79/><T88/><D78/><U6/><E6/><V67/><F67/><W121/><G77/><T73/><D73/><U76/><E76/><V130/><F130/><W7/><G7/><T8/><D108/><U92/><E92/><V16/><F16/><W132/><G4/><T105/><D105/><U63/><AGARI ba="0,1" hai="27,28,34,38,41,46,55,57,58,60,63,66,102,103" machi="63" ten="20,7800,0" yaku="1,1,0,1,7,1,52,1,53,0" doraHai="30" doraHaiUra="111" who="1" fromWho="1" sc="430,-26,180,88,100,-26,280,-26" /><INIT seed="1,1,0,4,4,101" ten="404,268,74,254" oya="1" hai0="83,128,37,44,96,89,105,91,103,104,7,115,16" hai1="38,26,58,80,102,18,14,32,24,5,85,65,97" hai2="33,29,132,15,111,2,129,69,73,31,108,57,27" hai3="118,106,75,67,117,99,82,116,42,40,76,59,94"/><U0/><E38/><V43/><F69/><W6/><G6/><T1/><D115/><U52/><E65/><V79/><F43/><W11/><G11/><T121/><D105/><U84/><E0/><V78/><F2/><W95/><G95/><T125/><D128/><U48/><E5/><V120/><F120/><W8/><G8/><T23/><D121/><U109/><E109/><N who="2" m="42059" /><F73/><W86/><G67/><T28/><D125/><U41/><E41/><V107/><F57/><W9/><G9/><T63/><D28/><U53/><E53/><V100/><F29/><W68/><G68/><T124/><D124/><U30/><E24/><V88/><F129/><W13/><G13/><T66/><D7/><U47/><E58/><V134/><F15/><W98/><G59/><T21/><D21/><U60/><E60/><V71/><F71/><W131/><G131/><T34/><D34/><U54/><E54/><V112/><F112/><W62/><G62/><T36/><D1/><U64/><E64/><V119/><F119/><W46/><G42/><T130/><D130/><U22/><REACH who="1" step="1"/><E80/><REACH who="1" ten="404,258,74,254" step="2"/><V70/><F70/><W135/><G40/><N who="0" m="22535" /><D83/><U93/><AGARI ba="1,1" hai="14,18,22,26,30,32,47,48,52,84,85,93,97,102" machi="93" ten="20,7800,0" yaku="1,1,0,1,7,1,54,1,53,0" doraHai="101" doraHaiUra="35" who="1" fromWho="1" sc="404,-27,258,91,74,-27,254,-27" /><INIT seed="1,2,0,5,3,66" ten="377,349,47,227" oya="1" hai0="6,80,135,106,100,46,91,72,56,38,52,131,33" hai1="15,39,86,41,23,2,0,16,84,132,9,124,108" hai2="30,4,74,123,115,89,96,107,122,129,93,127,26" hai3="14,125,12,110,121,37,13,7,105,118,24,59,102"/><U64/><E124/><V22/><F129/><W43/><G121/><T90/><D33/><U82/><E132/><V49/><F127/><W27/><G125/><T29/><D29/><U17/><E108/><V75/><F115/><W47/><G110/><T35/><D35/><U32/><E32/><V85/><F4/><W31/><G118/><T71/><D71/><U19/><E64/><V50/><F123/><W20/><G105/><T48/><D131/><U76/><E86/><V79/><F122/><W60/><G102/><T54/><D135/><U73/><E84/><V92/><F74/><W99/><G99/><T53/><D38/><U18/><REACH who="1" step="1"/><E9/><REACH who="1" ten="377,339,47,227" step="2"/><V94/><F75/><W88/><G7/><T3/><D72/><U70/><E70/><V40/><F79/><W130/><G130/><T28/><D6/><U63/><E63/><V111/><F111/><W112/><G60/><T61/><D61/><U45/><AGARI ba="2,1" hai="0,2,15,16,17,18,19,23,39,41,45,73,76,82" machi="45" ten="30,6000,0" yaku="1,1,0,1,54,1,53,0" doraHai="66" doraHaiUra="21" who="1" fromWho="1" sc="377,-22,339,76,47,-22,227,-22" /><INIT seed="1,3,0,2,3,22" ten="355,415,25,205" oya="1" hai0="51,76,23,35,25,107,103,50,95,115,21,108,18" hai1="20,104,91,118,45,101,49,11,6,29,19,0,5" hai2="110,54,93,59,90,92,130,48,70,98,33,84,2" hai3="27,26,109,66,117,124,32,16,79,122,112,78,111"/><U119/><E6/><V128/><F110/><N who="3" m="41995" /><G112/><T61/><D108/><U4/><E4/><V121/><F121/><W73/><G122/><T65/><D115/><U39/><E39/><V75/><F2/><W15/><G124/><T38/><D38/><U67/><E29/><V100/><F70/><W120/><G120/><T64/><D107/><U17/><E17/><V37/><F75/><W10/><G117/><T42/><D35/><U134/><E134/><V97/><F37/><W40/><G32/><T56/><D76/><N who="3" m="29225" /><G73/><T99/><D65/><U96/><E67/><V3/><F3/><W7/><G40/><T80/><D80/><U34/><E34/><V126/><F126/><W55/><G66/><T62/><D62/><U57/><E57/><V105/><REACH who="2" step="1"/><F33/><REACH who="2" ten="355,415,15,205" step="2"/><W86/><G86/><T116/><D116/><U41/><REACH who="1" step="1"/><E91/><AGARI ba="3,1" hai="48,54,59,84,90,91,92,93,97,98,100,105,128,130" machi="91" ten="40,2600,0" yaku="1,1,2,1,53,0" doraHai="22" doraHaiUra="1" who="2" fromWho="1" sc="355,0,415,-35,15,45,205,0" /><INIT seed="2,0,0,5,5,116" ten="355,380,60,205" oya="2" hai0="124,36,125,130,64,21,113,26,56,80,84,132,118" hai1="47,105,65,41,4,103,81,39,88,52,49,102,111" hai2="97,90,34,89,131,135,94,76,15,96,79,106,127" hai3="69,67,100,71,74,119,53,68,57,55,92,117,1"/><V44/><F34/><W6/><G74/><T58/><D36/><U9/><E111/><V101/><F131/><W133/><G1/><T99/><D113/><U77/><E65/><V28/><F127/><W104/><G104/><T82/><D118/><N who="3" m="45065" /><G92/><T40/><D40/><U31/><E31/><V120/><F135/><W72/><G72/><T91/><D130/><U62/><E62/><V85/><F28/><W20/><G20/><T10/><D132/><U83/><E105/><V54/><F15/><W128/><G100/><T23/><D64/><U25/><E25/><V122/><F54/><N who="3" m="20491" /><G6/><T19/><D10/><U5/><E83/><N who="2" m="49343" /><F44/><W18/><G18/><T95/><D21/><U115/><E115/><V78/><AGARI ba="0,0" hai="76,78,79,90,94,96,97,101,106,120,122" m="49343" machi="78" ten="30,11700,0" yaku="34,2,52,2" doraHai="116" who="2" fromWho="2" sc="355,-39,380,-39,60,117,205,-39" /><INIT seed="2,1,0,1,2,95" ten="316,341,177,166" oya="2" hai0="60,88,132,135,42,87,19,84,127,108,35,41,47" hai1="9,86,28,72,26,111,129,0,82,40,55,58,124" hai2="96,12,34,63,91,64,13,50,99,133,122,59,53" hai3="131,74,134,78,100,119,68,73,5,38,11,24,8"/><V104/><F133/><N who="0" m="51274" /><D108/><U21/><E111/><V114/><F114/><W15/><G119/><T89/><D127/><U10/><E124/><V123/><F34/><W16/><G134/><T37/><D35/><U94/><E129/><V43/><F43/><W56/><G68/><T20/><D41/><U57/><E40/><V115/><F115/><W48/><G131/><T80/><D60/><U3/><E72/><V107/><F107/><W85/><G38/><T62/><D62/><U113/><E113/><V4/><F104/><W29/><G100/><T49/><D49/><U54/><E94/><V130/><F130/><W18/><G85/><N who="0" m="50215" /><D89/><N who="1" m="51415" /><E0/><V71/><F91/><W39/><G39/><T17/><D17/><U2/><E3/><V65/><F65/><W92/><G18/><T30/><D30/><U110/><E2/><V90/><F90/><W75/><G48/><T126/><D126/><U109/><E110/><V6/><F123/><W44/><G29/><T51/><D37/><U120/><E109/><V7/><REACH who="2" step="1"/><F122/><REACH who="2" ten="316,341,167,166" step="2"/><W105/><G105/><T79/><D79/><U46/><E120/><V101/><F101/><W117/><G78/><T116/><D116/><U121/><E121/><V67/><F67/><W118/><G117/><T103/><D103/><U25/><E54/><V76/><F76/><W27/><G118/><T14/><AGARI ba="1,1" hai="14,19,20,42,47,51,84,87" m="50215,51274" machi="14" ten="30,2000,0" yaku="20,1,54,1" doraHai="95" who="0" fromWho="0" sc="316,33,341,-6,167,-11,166,-6" /><INIT seed="3,0,0,2,2,97" ten="349,335,156,160" oya="3" hai0="111,26,17,108,75,59,40,8,110,114,64,96,39" hai1="120,79,70,4,100,92,31,74,121,123,101,29,73" hai2="23,1,50,12,38,24,104,58,88,76,78,3,87" hai3="51,130,19,34,13,124,7,71,103,126,83,53,69"/><W105/><G34/><T102/><D114/><U60/><E4/><V35/><F38/><W49/><G7/><T48/><D75/><N who="1" m="28683" /><E92/><N who="2" m="54303" /><F104/><W44/><G130/><T46/><D8/><U134/><E60/><V99/><F35/><W129/><G129/><T77/><D77/><N who="2" m="29802" /><F99/><N who="3" m="61695" /><G83/><T33/><D17/><U132/><E79/><V94/><F94/><W63/><G63/><N who="0" m="38015" /><D39/><U45/><E45/><V2/><F2/><W125/><G49/><T84/><D84/><U61/><E61/><V82/><F82/><W106/><G106/><N who="0" m="63815" /><D33/><U128/><E128/><V68/><F68/><W18/><G18/><T86/><D86/><U107/><E70/><V37/><F37/><W11/><AGARI ba="0,0" hai="11,13,19,44,51,53,69,71,124,125,126" m="61695" machi="11" ten="30,3000,0" yaku="18,1,52,1" doraHai="97" who="3" fromWho="3" sc="349,-10,335,-10,156,-10,160,30" /><INIT seed="3,1,0,1,5,96" ten="339,325,146,190" oya="3" hai0="12,132,109,22,74,69,52,58,120,126,35,73,102" hai1="66,21,18,90,5,46,83,114,98,41,76,33,45" hai2="2,118,7,17,36,115,56,111,72,55,113,121,27" hai3="42,123,44,91,15,51,13,128,82,25,99,67,124"/><W131/><G123/><T129/><D35/><U61/><E33/><V80/><F118/><W34/><G124/><T8/><D69/><U79/><E114/><V14/><F121/><W89/><G67/><T48/><D120/><U87/><E5/><V0/><F111/><W23/><G34/><T134/><D109/><U93/><E79/><V10/><F36/><W29/><G89/><T64/><D64/><U47/><E41/><V71/><F71/><W4/><G4/><T26/><D129/><N who="3" m="49737" /><G82/><T103/><D126/><U53/><E66/><V127/><F127/><W38/><G38/><T16/><D74/><U60/><E53/><V78/><F27/><AGARI ba="1,0" hai="18,21,27,45,46,47,60,61,76,83,87,90,93,98" machi="27" ten="40,1300,0" yaku="8,1" doraHai="96" who="1" fromWho="2" sc="339,0,325,16,146,-16,190,0" owari="339,13.9,341,44.1,130,-37.0,190,-21.0" /></mjloggm>