<mjloggm ver="2.3"><GO type="225" lobby="0"/><UN n0="%E4%B8%89%E5%88%86%E5%B0%8F%E5%83%A7" n1="%E7%B4%94%E6%BD%94%E3%83%94%E3%83%A9%E3%83%8B%E3%82%A2" n2="%E3%83%94%E3%83%B3%E3%82%B5%E3%83%AD%E5%BA%97%E5%93%A1" n3="%77%72%77%72%77%72%77%72" dan="16,16,17,17" rate="2097.40,2089.41,2279.47,2160.08" sx="M,M,M,M"/><TAIKYOKU oya="0"/><INIT seed="0,0,0,2,3,23" ten="250,250,250,250" oya="0" hai0="17,63,14,39,30,72,121,13,85,110,103,9,128" hai1="67,19,3,53,8,50,76,101,62,94,12,83,123" hai2="6,51,4,5,59,22,52,126,87,64,37,131,28" hai3="35,31,75,34,60,119,97,27,49,107,46,78,127"/><T15/><D72/><U68/><E123/><V84/><F37/><W11/><G119/><T26/><D39/><U132/><E132/><V105/><F105/><W135/><G135/><T25/><D121/><U100/><E94/><V47/><F131/><W125/><G60/><T104/><D128/><U130/><E3/><V38/><F126/><N who="3" m="48139" /><G11/><T70/><D104/><U124/><E130/><V18/><F28/><W36/><G36/><T120/><D120/><U42/><E42/><V32/><F32/><N who="3" m="20607" /><G78/><T111/><D103/><U1/><E1/><V134/><F134/><W129/><G75/><T80/><D63/><U56/><REACH who="1" step="1"/><E124/><REACH who="1" ten="250,240,250,250" step="2"/><V122/><F122/><W106/><G129/><T82/><D70/><U69/><E69/><V65/><F38/><W88/><G107/><T41/><D41/><U86/><AGARI ba="0,1" hai="8,12,19,50,53,56,62,67,68,76,83,86,100,101" machi="86" ten="20,2700,0" yaku="1,1,0,1,7,1,53,0" doraHai="23" doraHaiUra="43" who="1" fromWho="1" sc="250,-13,240,37,250,-7,250,-7" /><INIT seed="1,0,0,1,0,105" ten="237,277,243,243" oya="1" hai0="133,87,31,89,59,27,73,113,39,110,48,21,61" hai1="13,4,8,62,94,124,104,63,70,128,96,19,108" hai2="45,99,37,131,69,68,130,86,76,28,98,32,120" hai3="2,54,34,22,67,65,57,107,56,23,118,127,41"/><U38/><E104/><V91/><F120/><W93/><G107/><T75/><D39/><U92/><E124/><V17/><F76/><W102/><G127/><T42/><D113/><U111/><E38/><V53/><F17/><W1/><G34/><T16/><D110/><N who="1" m="42027" /><E128/><N who="2" m="49195" /><F28/><W106/><G106/><T26/><D133/><U90/><E70/><N who="2" m="27243" /><F32/><W126/><G126/><T119/><D119/><U135/><E135/><V18/><F18/><W77/><G77/><T20/><D48/><U5/><E92/><N who="2" m="54391" /><F53/><W49/><G54/><T112/><D42/><AGARI ba="0,0" hai="37,42,45,98,99" m="54391,27243,49195" machi="42" ten="30,1000,0" yaku="19,1" doraHai="105" who="2" fromWho="0" sc="237,-10,277,0,243,10,243,0" /><INIT seed="2,0,0,5,3,11" ten="227,277,253,243" oya="2" hai0="29,91,24,80,81,30,92,49,71,74,48,133,16" hai1="8,102,43,63,90,6,98,50,41,26,94,2,57" hai2="0,72,117,14,5,70,53,10,107,99,59,112,51" hai3="52,40,67,106,134,73,123,119,61,21,46,89,109"/><V118/><F112/><W113/><G119/><T13/><D71/><U110/><E110/><V3/><F72/><W83/><G123/><T82/><D74/><U124/><E124/><V96/><F70/><W9/><G109/><T93/><D133/><U20/><E50/><N who="0" m="19561" /><D24/><U97/><E97/><V12/><F3/><W76/><G106/><T68/><D68/><U120/><E120/><V4/><F99/><W101/><G101/><T22/><D93/><U44/><E44/><V1/><F1/><W58/><G134/><T62/><D62/><U95/><E95/><V104/><F104/><W100/><G100/><T33/><D33/><U126/><E126/><V125/><F125/><W128/><G113/><T86/><AGARI ba="0,0" hai="13,16,22,29,30,80,81,82,86,91,92" m="19561" machi="86" ten="30,4000,0" yaku="8,1,52,1,54,1" doraHai="11" who="0" fromWho="0" sc="227,40,277,-10,253,-20,243,-10" /><INIT seed="3,0,0,2,1,115" ten="267,267,233,233" oya="3" hai0="91,70,100,23,54,125,8,86,57,52,97,129,113" hai1="134,109,133,116,88,40,106,27,49,61,95,53,82" hai2="47,30,58,7,11,66,114,14,89,111,34,76,39" hai3="41,122,110,104,90,20,117,65,83,22,31,79,77"/><W67/><G117/><T36/><D70/><U5/><E106/><V2/><F114/><W126/><G122/><T29/><D36/><U85/><E109/><V120/><F111/><W45/><G110/><T33/><D33/><U121/><E121/><V74/><F120/><W105/><G126/><T68/><D68/><U12/><E116/><V75/><F76/><N who="3" m="29259" /><G105/><T96/><D129/><U10/><E27/><V102/><F102/><W93/><G83/><N who="0" m="49631" /><D125/><U99/><E61/><V60/><F89/><W42/><G104/><T28/><D8/><U63/><E63/><V0/><F30/><N who="0" m="11882" /><D23/><N who="3" m="8745" /><G31/><T135/><D100/><U84/><E40/><N who="3" m="15466" /><G45/><T32/><D32/><U73/><E73/><V128/><F34/><W108/><G108/><T118/><D118/><U1/><E1/><V56/><F128/><W26/><G26/><T87/><D113/><U103/><REACH who="1" step="1"/><E85/><AGARI ba="0,0" hai="65,67,85,90,93" m="15466,8745,29259" machi="85" ten="30,1500,0" yaku="8,1" doraHai="115" who="3" fromWho="1" sc="267,0,267,-15,233,0,233,15" /><INIT seed="3,1,0,4,3,117" ten="267,252,233,248" oya="3" hai0="30,34,74,127,57,110,77,130,123,52,21,29,115" hai1="45,119,48,103,44,31,111,126,90,107,131,128,114" hai2="133,28,95,62,9,23,39,125,86,104,132,16,26" hai3="118,35,50,105,58,113,25,6,106,5,78,14,69"/><W12/><G118/><T82/><D110/><U54/><E119/><V37/><F104/><W124/><G113/><T93/><D127/><U49/><E114/><V1/><F125/><W84/><G69/><T55/><D130/><N who="1" m="49707" /><E126/><V43/><F62/><W97/><G124/><T122/><D34/><U11/><E31/><V19/><F1/><W7/><G35/><T92/><D115/><U42/><E90/><N who="2" m="53719" /><F43/><W134/><G134/><N who="2" m="51817" /><F9/><W33/><G33/><T40/><D40/><U10/><E111/><V79/><F79/><W80/><G106/><T135/><D135/><U72/><E72/><V47/><F47/><W36/><G36/><AGARI ba="1,0" hai="16,19,23,26,28,36,37,39" m="51817,53719" machi="36" ten="30,2000,0" yaku="20,1,54,1" doraHai="117" who="2" fromWho="3" sc="267,0,252,0,233,23,248,-23" /><INIT seed="4,0,0,5,2,56" ten="267,252,256,225" oya="0" hai0="98,4,80,131,91,107,105,26,52,31,0,110,45" hai1="47,5,117,55,85,115,65,61,39,23,76,108,13" hai2="44,37,25,90,114,35,75,122,27,53,121,127,72" hai3="24,34,103,15,87,6,69,126,19,29,119,18,57"/><T12/><D0/><U129/><E108/><V125/><F90/><W134/><G69/><T120/><D120/><N who="2" m="46186" /><F114/><W135/><G103/><T130/><D110/><U113/><E117/><V79/><F53/><W116/><G87/><N who="0" m="50663" /><D98/><U7/><E129/><N who="0" m="49161" /><D12/><U93/><E23/><V9/><F9/><N who="3" m="4535" /><G57/><T33/><D4/><U3/><E13/><V49/><F49/><AGARI ba="0,0" hai="26,31,33,45,49,52,105,107" m="49161,50663" machi="49" ten="30,2900,0" yaku="19,1,54,1" doraHai="56" who="0" fromWho="2" sc="267,29,252,0,256,-29,225,0" /><INIT seed="4,1,0,4,1,44" ten="296,252,227,225" oya="0" hai0="56,52,85,74,0,61,87,5,20,48,97,4,70" hai1="82,76,36,99,18,103,109,131,66,45,108,15,107" hai2="115,6,106,69,27,12,132,75,17,57,84,83,118" hai3="30,88,24,98,41,8,54,81,58,94,2,34,60"/><T39/><D39/><U86/><E131/><V23/><F69/><W104/><G104/><T33/><D74/><U55/><E66/><V10/><F106/><W73/><G41/><T62/><D33/><U7/><E7/><N who="0" m="2633" /><D70/><U49/><REACH who="1" step="1"/><E36/><REACH who="1" ten="296,242,227,225" step="2"/><V78/><F118/><W77/><REACH who="3" step="1"/><G8/><AGARI ba="1,1" hai="8,15,18,45,49,55,76,82,86,99,103,107,108,109" machi="8" ten="30,7700,0" yaku="1,1,2,1,7,1,52,1,53,0" doraHai="44" doraHaiUra="21" who="1" fromWho="3" sc="296,0,242,90,227,0,225,-80" owari="296,9.6,332,43.2,227,-17.3,145,-35.5" /></mjloggm>