<mjloggm ver="2.3"><GO type="225" lobby="0"/><UN n0="%E3%82%BC%E3%83%AB%E3%83%80%E3%81%AE%E4%BC%9D%E8%AA%AC" n1="%E6%9C%88%E5%B3%B6%E5%9F%BA" n2="%33%74%72%65%65" n3="%E5%91%A8%E6%9D%B1" dan="17,17,17,16" rate="2155.42,2176.67,2106.66,2192.31" sx="M,M,F,M"/><TAIKYOKU oya="0"/><INIT seed="0,0,0,0,3,120" ten="250,250,250,250" oya="0" hai0="108,106,96,37,73,135,27,112,1,99,17,76,126" hai1="54,42,87,132,97,2,5,25,95,43,77,71,6" hai2="91,102,124,7,11,50,70,125,127,58,115,83,30" hai3="46,110,86,33,20,79,60,23,34,4,118,129,69"/><T85/><D112/><U38/><E71/><V49/><F70/><W130/><G46/><T74/><D37/><U59/><E132/><V84/><F115/><W100/><G100/><N who="0" m="62727" /><D17/><U65/><E2/><N who="2" m="503" /><F102/><W13/><G60/><T51/><D27/><U53/><E38/><V122/><F122/><W80/><G69/><T15/><D15/><U111/><E111/><V67/><F30/><W12/><G110/><T56/><D56/><U41/><E25/><V128/><F128/><N who="3" m="49259" /><G118/><T103/><D51/><N who="2" m="19466" /><F58/><W134/><G134/><T44/><D1/><U123/><E123/><V18/><F18/><N who="3" m="10311" /><G23/><T35/><D44/><U78/><E65/><AGARI ba="0,0" hai="65,67,83,84,91,124,125,127" m="19466,503" machi="65" ten="40,1300,0" yaku="18,1" doraHai="120" who="2" fromWho="1" sc="250,0,250,-13,250,13,250,0" /><INIT seed="1,0,0,2,5,94" ten="250,237,263,250" oya="1" hai0="131,101,110,108,87,44,74,60,40,22,80,103,19" hai1="7,45,46,111,64,61,41,34,66,84,55,11,57" hai2="49,31,78,13,62,116,109,33,15,90,21,86,16" hai3="118,50,106,77,82,107,71,98,1,132,92,129,104"/><U75/><E75/><V43/><F116/><W89/><G1/><T72/><D60/><U28/><E34/><V12/><F109/><N who="0" m="42090" /><D131/><U39/><E111/><V10/><F78/><W24/><G71/><T35/><D35/><U14/><E28/><V58/><F33/><W130/><G24/><N who="0" m="14431" /><D103/><U114/><E114/><V102/><F102/><W122/><G50/><N who="0" m="26887" /><D101/><U30/><E30/><V17/><F31/><W120/><G118/><T134/><D134/><U59/><E39/><V26/><F49/><W115/><G132/><T99/><D99/><U112/><E112/><V4/><F43/><W68/><G68/><T3/><D3/><U8/><E41/><V5/><F5/><W63/><G63/><T85/><D85/><U96/><E64/><N who="2" m="38999" /><F4/><W81/><G115/><T119/><D119/><U125/><E7/><V2/><F2/><W9/><G9/><T38/><D38/><U100/><E11/><V25/><F25/><W73/><REACH who="3" step="1"/><G82/><AGARI ba="0,0" hai="10,12,13,15,16,17,21,26,82,86,90" m="38999" machi="82" ten="30,2000,0" yaku="8,1,54,1" doraHai="94" who="2" fromWho="3" sc="250,0,237,0,263,20,250,-20" /><INIT seed="2,0,0,4,0,8" ten="250,237,283,230" oya="2" hai0="76,97,42,26,126,6,21,69,15,111,40,104,59" hai1="114,62,135,128,12,106,3,55,115,60,83,47,109" hai2="71,23,28,107,132,85,133,77,95,125,41,67,80" hai3="112,73,81,36,105,20,27,16,0,65,10,37,64"/><V72/><F107/><W98/><G112/><T1/><D69/><U30/><E3/><V32/><F32/><W84/><G73/><T61/><D1/><U13/><E106/><V127/><F41/><W14/><G0/><T34/><D111/><U94/><E109/><V29/><F67/><W22/><G36/><T100/><D126/><N who="2" m="48138" /><F71/><W4/><G37/><T123/><D76/><U129/><E30/><N who="2" m="11883" /><F23/><W113/><G113/><N who="1" m="43018" /><E94/><V43/><F43/><W90/><REACH who="3" step="1"/><G22/><REACH who="3" ten="250,237,283,220" step="2"/><T74/><D21/><U121/><E128/><V53/><F72/><W31/><G31/><T102/><D74/><U79/><E129/><V108/><F108/><W86/><G86/><T63/><D34/><U51/><E121/><V38/><F38/><W78/><G78/><T103/><D123/><U58/><E79/><V56/><F77/><W46/><G46/><T120/><D120/><U70/><E47/><V49/><F85/><W33/><G33/><T89/><D97/><U50/><E70/><V52/><F133/><W24/><G24/><T91/><D26/><U66/><E135/><V124/><F132/><W57/><G57/><T5/><D59/><U117/><E58/><V119/><F124/><W48/><G48/><T131/><D131/><U82/><E51/><V44/><F49/><W93/><G93/><T88/><D104/><U101/><E50/><V7/><F44/><W45/><G45/><T54/><D63/><U110/><E110/><V9/><F95/><W39/><G39/><T18/><D61/><U134/><E134/><V19/><F56/><W87/><G87/><T35/><D35/><RYUUKYOKU ba="0,1" sc="250,-10,237,-10,283,-10,220,30" hai3="4,10,14,16,20,27,64,65,81,84,90,98,105" /><INIT seed="3,1,1,3,2,17" ten="240,227,273,250" oya="3" hai0="76,83,7,97,79,95,77,135,44,132,82,43,30" hai1="12,124,21,133,123,34,121,107,66,15,29,126,24" hai2="64,101,18,112,36,129,2,26,73,67,20,69,51" hai3="48,78,99,120,71,91,39,38,60,98,89,109,45"/><W14/><G120/><N who="1" m="46154" /><E107/><V22/><F112/><W113/><G113/><T13/><D30/><U16/><E66/><V110/><F36/><W32/><G32/><T131/><D7/><U28/><E133/><N who="0" m="51273" /><D13/><N who="1" m="5195" /><E34/><V63/><F2/><W96/><G78/><T125/><D44/><U75/><E75/><V70/><F73/><W37/><G109/><T50/><D50/><U46/><E46/><V68/><F110/><W100/><G100/><N who="0" m="60479" /><D43/><U90/><E90/><V84/><F51/><W72/><G72/><T35/><D35/><U134/><E134/><V31/><F101/><W114/><G114/><T23/><D23/><U58/><E58/><V119/><F22/><W102/><G102/><T19/><D19/><U57/><E57/><V8/><F18/><W115/><G115/><T117/><D117/><U108/><E108/><V116/><F119/><W10/><G48/><T27/><D27/><U65/><E65/><V9/><F67/><N who="3" m="41447" /><G45/><T53/><D53/><U127/><AGARI ba="1,1" hai="16,21,24,28,29,124,126,127" m="5195,46154" machi="127" ten="40,8000,1" yaku="18,1,34,2,52,1,54,1" doraHai="17" who="1" fromWho="1" sc="240,-21,227,93,273,-21,250,-41" owari="219,-18.1,320,42.0,252,5.2,209,-29.1" /></mjloggm>