<mjloggm ver="2.3"><GO type="225" lobby="0"/><UN n0="%E5%A4%8F%E9%88%B4%E9%88%B4%E5%A4%8F" n1="%E9%A6%AC%E5%BC%95%E7%81%AB%33" n2="%E3%83%A9%E3%82%B9%E7%8E%87%EF%BC%93%E5%89%B2" n3="%E3%83%96%E3%83%83%E3%83%91%E3%82%AA%E3%83%96%E3%83%81%E3%82%AD%E3%83%B3" dan="16,16,16,16" rate="2105.39,2082.75,2187.67,2151.12" sx="F,M,F,M"/><TAIKYOKU oya="0"/><INIT seed="0,0,0,1,0,75" ten="250,250,250,250" oya="0" hai0="21,45,24,63,98,44,102,3,71,101,97,16,83" hai1="89,118,86,81,134,94,29,26,51,124,70,90,110" hai2="82,79,115,87,14,85,6,95,119,104,9,129,5" hai3="60,33,106,12,123,105,66,10,18,40,64,22,38"/><T108/><D108/><U31/><E118/><V17/><F104/><W7/><G123/><T135/><D135/><U56/><E70/><V114/><F119/><W11/><G33/><T46/><D3/><U132/><E110/><V28/><F129/><W15/><G66/><T96/><REACH who="0" step="1"/><D83/><REACH who="0" ten="240,250,250,250" step="2"/><U88/><E132/><V133/><F133/><W67/><G106/><T78/><D78/><U126/><E134/><V55/><F115/><W61/><G105/><T62/><D62/><U84/><E126/><V1/><F114/><W13/><G61/><T112/><D112/><U36/><E124/><V47/><F1/><W130/><G60/><T32/><D32/><U23/><E81/><V68/><F82/><W72/><G130/><T120/><D120/><U92/><E86/><V128/><F79/><W91/><G72/><T77/><D77/><U65/><E84/><V54/><F87/><W42/><G91/><T52/><D52/><U20/><E90/><V59/><F54/><W99/><G99/><T131/><D131/><U35/><E35/><V50/><F128/><W122/><G122/><T37/><D37/><U76/><E76/><V8/><F55/><W111/><G111/><T43/><D43/><N who="3" m="16425" /><G38/><T39/><D39/><U27/><E36/><V127/><F85/><W4/><AGARI ba="0,1" hai="4,7,10,11,12,13,15,18,22,64,67" m="16425" machi="4" ten="30,1100,0" yaku="8,1" doraHai="75" who="3" fromWho="3" sc="240,-5,250,-3,250,-3,250,21" /><INIT seed="1,0,0,1,1,107" ten="235,247,247,271" oya="1" hai0="110,123,91,126,132,4,127,47,3,104,119,54,51" hai1="68,46,20,100,106,120,67,17,28,135,71,25,32" hai2="83,86,117,35,34,9,134,5,73,24,39,37,79" hai3="43,1,121,114,8,111,16,85,7,40,27,56,23"/><U14/><E120/><V2/><F117/><W29/><G121/><T63/><D119/><U80/><E135/><V82/><F134/><W69/><G114/><T26/><D110/><U116/><E116/><V44/><F24/><W10/><G69/><T0/><D132/><U108/><E108/><V131/><F131/><W21/><G111/><T84/><D104/><U93/><E106/><V59/><F59/><W13/><G85/><T103/><D103/><U124/><E124/><N who="0" m="47657" /><D123/><U96/><E67/><V66/><F66/><W58/><G58/><N who="0" m="35287" /><D26/><U101/><E101/><V97/><F97/><W19/><REACH who="3" step="1"/><G56/><REACH who="3" ten="235,247,247,261" step="2"/><T45/><D4/><U94/><E71/><V22/><F86/><W112/><G112/><T41/><D45/><U98/><E68/><V70/><F70/><W12/><AGARI ba="0,1" hai="1,7,8,10,12,13,16,19,21,23,27,29,40,43" machi="12" ten="20,8000,1" yaku="1,1,0,1,7,1,54,1,53,1" doraHai="107" doraHaiUra="33" who="3" fromWho="3" sc="235,-20,247,-40,247,-20,261,90" /><INIT seed="2,0,0,0,2,89" ten="215,207,227,351" oya="2" hai0="132,123,46,125,35,87,63,114,120,74,93,8,44" hai1="115,72,118,130,57,127,60,124,81,91,32,135,48" hai2="19,67,97,11,116,121,112,38,82,30,84,18,2" hai3="102,51,110,66,117,52,119,109,34,59,104,126,53"/><V101/><F112/><W10/><G34/><T92/><D114/><U26/><E115/><V86/><F116/><N who="3" m="44619" /><G102/><T96/><D74/><U1/><E118/><V45/><F121/><W16/><G104/><T69/><D35/><U68/><E1/><V14/><F2/><W0/><G126/><N who="1" m="48170" /><E130/><V50/><F38/><W7/><G16/><N who="2" m="6185" /><F30/><W131/><G131/><T20/><D125/><U78/><E135/><V15/><F67/><W73/><G73/><T134/><D8/><U39/><E39/><V12/><F11/><W31/><G31/><T128/><D20/><U56/><E48/><V62/><F62/><N who="3" m="38239" /><G51/><T111/><D128/><U129/><E129/><V133/><F133/><N who="0" m="51306" /><D123/><U54/><E57/><V3/><F3/><W88/><G10/><T4/><D4/><U23/><E32/><V5/><F5/><W105/><G7/><T41/><D111/><N who="3" m="42505" /><G0/><T90/><D120/><U94/><E23/><V103/><F82/><W55/><G105/><T29/><D41/><U17/><E17/><V21/><F21/><W61/><G61/><T100/><D29/><U64/><E26/><V47/><F50/><W99/><G55/><T80/><D80/><U37/><E37/><V85/><F97/><W36/><G36/><T27/><D27/><U65/><E54/><V75/><F75/><W42/><G42/><T40/><D40/><U108/><E108/><V79/><F79/><W71/><G71/><T76/><D76/><U43/><E43/><V22/><F22/><W95/><AGARI ba="0,0" hai="52,53,88,95,99" m="42505,38239,44619" machi="95" ten="40,8000,1" yaku="14,1,52,1,54,2" doraHai="89" who="3" fromWho="3" sc="215,-20,207,-20,227,-40,351,80" /><INIT seed="3,0,0,3,0,115" ten="195,187,187,431" oya="3" hai0="124,36,15,61,49,103,23,87,117,65,57,45,123" hai1="60,62,81,59,18,131,28,106,20,84,94,114,97" hai2="80,119,111,128,22,51,5,135,19,93,42,56,72" hai3="105,85,75,6,101,92,48,88,16,127,66,120,130"/><W26/><G120/><T34/><D49/><U3/><E114/><V129/><F111/><W52/><G75/><T79/><D57/><U9/><E106/><V104/><F104/><W78/><G130/><N who="2" m="50281" /><F119/><W55/><G127/><T132/><D87/><U90/><E131/><V29/><F135/><W98/><G6/><T133/><D15/><N who="1" m="7535" /><E3/><V69/><F69/><W83/><G66/><T53/><D65/><U108/><E108/><V70/><F70/><W73/><G48/><T50/><D50/><U54/><E60/><V7/><F29/><W95/><G95/><T1/><D61/><U91/><E28/><V38/><F38/><W110/><G110/><T71/><D36/><U12/><E12/><N who="2" m="9575" /><F93/><W134/><G134/><T11/><D133/><U121/><E121/><V76/><F56/><W63/><G63/><T107/><D132/><U2/><E2/><V68/><F68/><W41/><G41/><T44/><D71/><U30/><E30/><V118/><F118/><W86/><G86/><T58/><D117/><U96/><E20/><AGARI ba="0,0" hai="16,20,26,52,55,73,78,83,85,88,92,98,101,105" machi="20" ten="40,12000,1" yaku="24,2,54,3" doraHai="115" who="3" fromWho="1" sc="195,0,187,-120,187,0,431,120" owari="195,-0.5,67,-43.3,187,-21.3,551,65.1" /></mjloggm>