<mjloggm ver="2.3"><GO type="225" lobby="0"/><UN n0="%E3%83%A9%E3%83%96%E3%83%AC%E3%83%BC" n1="%E3%83%A9%E3%82%A4%E3%83%B3%E3%81%AE%E8%99%8E" n2="%E5%8D%A0%E3%81%84%E5%B8%AB%E8%A3%8F%E3%81%AA%E3%81%84%E3%81%97" n3="%70%65%6E%74%6F%6C%61" dan="16,16,17,17" rate="2127.28,2148.13,2184.09,2177.13" sx="M,M,M,M"/><TAIKYOKU oya="0"/><INIT seed="0,0,0,1,3,101" ten="250,250,250,250" oya="0" hai0="62,105,117,126,110,11,38,12,83,15,34,21,70" hai1="77,66,43,8,35,31,19,45,130,106,71,123,10" hai2="63,108,72,125,41,95,14,132,40,20,23,46,134" hai3="53,89,27,1,128,50,57,90,94,104,49,56,68"/><T124/><D117/><U59/><E123/><V80/><F108/><W76/><G1/><T116/><D116/><U51/><E130/><V36/><F125/><N who="0" m="48234" /><D38/><U127/><E127/><V92/><F40/><W6/><G6/><T29/><D110/><U118/><E77/><N who="2" m="44071" /><F63/><W60/><G128/><T84/><D105/><U30/><E71/><V98/><F14/><W28/><G76/><N who="0" m="46183" /><D34/><U82/><E35/><V64/><F64/><W109/><G104/><T2/><D2/><U67/><E106/><V111/><F92/><W122/><G109/><T81/><D81/><U32/><E82/><V7/><F7/><W48/><G68/><T97/><D97/><U96/><E32/><V133/><F111/><W25/><G94/><T24/><D11/><U13/><E96/><V37/><F37/><W100/><G122/><T129/><D129/><U91/><E118/><V54/><F54/><W113/><G113/><T69/><D69/><U78/><E8/><V5/><F5/><W120/><G120/><T99/><D99/><U17/><E10/><V18/><F18/><W47/><G28/><T65/><AGARI ba="0,0" hai="12,15,21,24,29,62,65,70" m="46183,48234" machi="65" ten="30,1500,0" yaku="18,1" doraHai="101" who="0" fromWho="0" sc="250,15,250,-5,250,-5,250,-5" /><INIT seed="0,1,0,0,2,55" ten="265,245,245,245" oya="0" hai0="49,13,20,6,106,107,14,52,92,19,116,75,134" hai1="21,80,120,50,94,95,37,64,56,22,70,40,43" hai2="113,122,130,111,46,16,115,133,131,8,135,129,33" hai3="67,103,123,44,65,84,99,4,51,17,42,78,63"/><T59/><D116/><U34/><E34/><V112/><F33/><W18/><G4/><T45/><D75/><U91/><E70/><V90/><F90/><W104/><G123/><T48/><D134/><N who="2" m="51210" /><F46/><W132/><G67/><T54/><REACH who="0" step="1"/><D92/><REACH who="0" ten="255,245,245,245" step="2"/><U68/><E95/><V119/><F119/><W5/><G132/><T74/><D74/><U53/><E120/><V77/><F122/><W127/><G127/><T36/><D36/><U31/><E37/><V25/><F77/><W57/><REACH who="3" step="1"/><G5/><REACH who="3" ten="255,245,245,235" step="2"/><T121/><D121/><U87/><E94/><V71/><F113/><W2/><G2/><T24/><D24/><U0/><E0/><V58/><F25/><W88/><G88/><T41/><D41/><U28/><E43/><V101/><F112/><W118/><G118/><T93/><D93/><U105/><E40/><V1/><F115/><W81/><AGARI ba="1,2" hai="17,18,42,44,51,57,63,65,78,81,84,99,103,104" machi="81" ten="30,4000,0" yaku="1,1,0,1,52,1,53,0" doraHai="55" doraHaiUra="7" who="3" fromWho="3" sc="255,-21,245,-11,245,-11,235,63" /><INIT seed="1,0,0,2,2,93" ten="234,234,234,298" oya="1" hai0="83,71,113,95,125,77,15,0,12,111,58,13,82" hai1="134,84,20,44,7,9,132,87,90,1,51,117,81" hai2="98,65,114,56,78,72,10,105,89,27,8,16,74" hai3="11,100,23,76,41,67,36,135,43,39,129,31,4"/><U115/><E115/><V26/><F114/><W109/><G76/><T122/><D71/><U17/><E117/><V121/><F121/><W24/><G109/><T127/><D111/><U123/><E87/><V120/><F120/><W70/><G129/><T2/><D122/><U66/><E66/><V48/><F74/><W68/><G135/><T59/><D113/><U130/><E130/><V61/><F72/><W101/><G67/><T131/><D131/><U75/><E75/><V47/><F78/><W80/><G80/><N who="0" m="30763" /><D95/><U40/><REACH who="1" step="1"/><E123/><REACH who="1" ten="234,224,234,298" step="2"/><V54/><F89/><W88/><G88/><T28/><D77/><U110/><E110/><V133/><F133/><W32/><G68/><T106/><D127/><U124/><E124/><V96/><F105/><W97/><G70/><T116/><D116/><U29/><E29/><V92/><F92/><W6/><G31/><T126/><D28/><U19/><E19/><V33/><F33/><W46/><G32/><T52/><D106/><U45/><E45/><V34/><F34/><W53/><G46/><T25/><D126/><U62/><E62/><V64/><F65/><W118/><G118/><T63/><D125/><U69/><E69/><V50/><F50/><W21/><G36/><T99/><D63/><U73/><E73/><V57/><F47/><W18/><G39/><T107/><D107/><U35/><E35/><V38/><F38/><W104/><G104/><T108/><D108/><U5/><E5/><V103/><F16/><W112/><G18/><T30/><D30/><U86/><E86/><V85/><F64/><W102/><G112/><RYUUKYOKU ba="0,1" sc="234,-10,224,30,234,-10,298,-10" hai1="1,7,9,17,20,40,44,51,81,84,90,132,134" /><INIT seed="1,1,1,3,5,51" ten="224,254,224,288" oya="1" hai0="100,24,133,50,65,105,120,68,40,87,107,39,96" hai1="116,59,56,83,118,124,130,54,6,94,57,114,21" hai2="104,82,80,34,16,20,8,38,77,90,134,25,99" hai3="123,128,71,103,102,85,52,48,0,19,2,32,75"/><U49/><E114/><V36/><F34/><W69/><G75/><T79/><D39/><U55/><E124/><V117/><F117/><W66/><G32/><T63/><D133/><U81/><E130/><V45/><F134/><W70/><G66/><T4/><D120/><U5/><E116/><V67/><F67/><W11/><G123/><T88/><D79/><U111/><E118/><V95/><F104/><W112/><G112/><T131/><D131/><U17/><E94/><V73/><F80/><N who="1" m="30793" /><E111/><V89/><F90/><W12/><G85/><T115/><D115/><U109/><E109/><V29/><REACH who="2" step="1"/><F45/><REACH who="2" ten="224,254,214,288" step="2"/><W91/><G128/><T62/><D107/><U15/><E59/><V106/><F106/><W1/><REACH who="3" step="1"/><G91/><REACH who="3" ten="224,254,214,278" step="2"/><T113/><D88/><U121/><E121/><V37/><F37/><W27/><G27/><T14/><D24/><U98/><E98/><V18/><F18/><W76/><G76/><T28/><D96/><U46/><E46/><AGARI ba="1,3" hai="0,1,2,11,12,19,46,48,52,69,70,71,102,103" machi="46" ten="50,6400,0" yaku="1,1,52,1,54,1,53,0" doraHai="51" doraHaiUra="60" who="3" fromWho="1" sc="224,0,254,-67,214,0,278,97" /><INIT seed="2,0,0,1,5,6" ten="224,187,214,375" oya="2" hai0="22,57,2,112,30,24,110,121,118,87,123,134,100" hai1="18,92,82,72,80,109,114,96,99,32,126,3,93" hai2="27,130,135,91,129,65,49,51,8,16,29,62,11" hai3="15,5,50,119,59,7,77,117,133,0,74,79,40"/><V43/><F135/><W48/><G15/><T103/><D112/><U42/><E32/><V33/><F43/><W58/><G74/><T98/><D2/><U31/><E31/><V17/><F51/><W94/><G94/><T104/><D134/><U68/><E68/><V61/><F49/><W20/><G20/><T122/><D110/><U66/><E114/><V64/><F91/><W90/><G90/><T97/><D57/><U101/><E66/><V115/><F115/><W56/><G0/><T83/><D118/><U70/><E70/><V14/><F17/><W1/><G59/><T125/><D125/><U128/><E126/><V63/><REACH who="2" step="1"/><F8/><REACH who="2" ten="224,187,204,375" step="2"/><W71/><G40/><T37/><D123/><U53/><E42/><V26/><F26/><W23/><G133/><T78/><D37/><U36/><E36/><V127/><F127/><W95/><G117/><T12/><D12/><U124/><E124/><V28/><F28/><W60/><G119/><T89/><D89/><U73/><E3/><V111/><F111/><W54/><G1/><T131/><D131/><AGARI ba="0,1" hai="11,14,16,27,29,33,61,62,63,64,65,129,130,131" machi="131" ten="40,12000,1" yaku="1,1,19,1,52,1,54,1,53,0" doraHai="6" doraHaiUra="81" who="2" fromWho="0" sc="224,-120,187,0,204,130,375,0" /><INIT seed="2,1,0,4,1,81" ten="104,187,334,375" oya="2" hai0="124,101,39,13,105,21,75,28,93,55,53,18,46" hai1="95,9,51,3,29,52,103,84,127,24,71,41,17" hai2="61,86,58,135,40,73,129,112,67,27,68,38,89" hai3="15,5,49,66,104,69,99,48,0,77,79,130,107"/><V10/><F112/><W22/><G0/><T64/><D105/><U131/><E71/><V33/><F73/><W19/><G5/><T110/><D75/><U2/><E41/><V80/><F129/><W31/><G31/><T30/><D124/><U47/><E127/><V120/><F120/><W102/><G104/><T123/><D123/><U126/><E126/><V98/><F135/><W116/><G116/><T50/><D39/><U83/><E131/><V132/><F132/><W74/><G74/><T34/><D34/><U36/><E36/><V54/><F10/><W4/><G4/><T85/><D110/><U70/><E70/><V23/><F33/><W16/><G19/><T45/><D64/><U76/><E103/><V43/><F38/><W12/><G12/><T63/><D101/><U35/><REACH who="1" step="1"/><E95/><REACH who="1" ten="104,177,334,375" step="2"/><N who="2" m="56687" /><F68/><W60/><G130/><T109/><D109/><U25/><E25/><V96/><F40/><W8/><G69/><T56/><REACH who="0" step="1"/><D46/><REACH who="0" ten="94,177,334,375" step="2"/><U62/><E62/><V42/><F61/><W37/><G60/><T91/><AGARI ba="1,2" hai="13,18,21,28,30,45,50,53,55,56,63,85,91,93" machi="91" ten="30,8000,1" yaku="1,1,2,1,0,1,8,1,52,1,53,0" doraHai="81" doraHaiUra="111" who="0" fromWho="0" sc="94,103,177,-21,334,-41,375,-21" /><INIT seed="3,0,0,3,2,30" ten="197,156,293,354" oya="3" hai0="25,115,80,89,33,1,21,50,82,126,47,5,52" hai1="122,16,104,70,133,98,108,37,76,24,62,79,83" hai2="13,87,67,74,58,8,134,85,53,4,31,51,100" hai3="57,77,125,11,132,120,42,48,129,105,56,112,114"/><W72/><G105/><T118/><D118/><U20/><E122/><V65/><F74/><W15/><G77/><T96/><D126/><U60/><E108/><V101/><F134/><W109/><G72/><T84/><D115/><U7/><E133/><V97/><F100/><W22/><G56/><T40/><D33/><U19/><E37/><V28/><F28/><W119/><G22/><T36/><D96/><U45/><E7/><V106/><F85/><W99/><G48/><T59/><D1/><U107/><E76/><V90/><REACH who="2" step="1"/><F31/><REACH who="2" ten="197,156,283,354" step="2"/><W124/><G132/><T26/><D84/><U34/><E34/><V95/><AGARI ba="0,1" hai="4,8,13,51,53,58,65,67,87,90,95,97,101,106" machi="95" ten="20,5200,0" yaku="1,1,2,1,0,1,7,1,53,0" doraHai="30" doraHaiUra="38" who="2" fromWho="2" sc="197,-13,156,-13,283,62,354,-26" owari="184,-21.6,143,-35.7,345,44.5,328,12.8" /></mjloggm>