<mjloggm ver="2.3"><GO type="225" lobby="0"/><UN n0="%72%69%6F%75%63%68%61%6E" n1="%E3%81%99%E3%81%84%E3%81%BE%E3%81%9B%E3%83%BC%E3%82%93" n2="%E9%B4%A8%4E%45%47%49" n3="%E3%81%BD%E3%81%A1%E3%81%9F%E3%81%93%E3%82%84" dan="16,18,16,17" rate="2200.60,2192.85,2076.91,2210.76" sx="M,M,M,M"/><TAIKYOKU oya="0"/><INIT seed="0,0,0,3,4,77" ten="250,250,250,250" oya="0" hai0="30,125,39,119,74,113,52,70,122,25,31,48,12" hai1="135,57,128,72,29,116,89,103,28,95,79,23,133" hai2="124,43,37,14,120,63,88,46,4,34,17,93,3" hai3="110,47,131,78,127,60,11,108,115,32,91,54,129"/><T26/><D113/><U64/><E116/><V90/><F124/><W104/><G32/><T67/><D119/><U20/><E128/><N who="3" m="49226" /><G115/><T21/><D122/><U71/><E71/><V107/><F107/><W59/><G104/><T55/><D39/><U123/><E103/><V50/><F34/><W97/><G127/><T106/><D125/><U87/><E123/><V109/><F109/><N who="3" m="42091" /><G78/><T38/><D38/><U27/><E79/><V81/><F37/><W53/><G11/><T117/><D74/><U84/><E72/><V83/><F63/><W6/><G6/><T114/><D114/><U85/><E135/><V22/><F120/><W132/><G97/><T36/><D36/><U41/><E133/><V68/><F68/><W49/><G91/><T13/><D117/><U112/><E112/><V35/><F35/><W73/><G73/><T118/><D118/><U61/><E41/><V98/><REACH who="2" step="1"/><F90/><REACH who="2" ten="250,250,240,250" step="2"/><W58/><G132/><T56/><D106/><U101/><E101/><V33/><F33/><W65/><G54/><T40/><D40/><U86/><REACH who="1" step="1"/><E20/><REACH who="1" ten="250,240,240,250" step="2"/><V5/><F5/><W130/><G130/><T105/><D105/><U51/><E51/><V45/><F45/><AGARI ba="0,2" hai="45,47,49,53,58,59,60,65" m="42091,49226" machi="45" ten="30,7700,0" yaku="19,1,14,1,34,2" doraHai="77" who="3" fromWho="2" sc="250,0,240,0,240,-77,250,97" /><INIT seed="1,0,0,5,2,9" ten="250,240,163,347" oya="1" hai0="68,119,30,39,13,29,112,42,59,15,31,88,18" hai1="46,120,63,105,77,35,76,90,65,89,28,0,32" hai2="19,12,85,71,14,125,4,118,106,21,91,127,104" hai3="36,74,113,129,103,115,27,52,3,49,97,87,126"/><U17/><E120/><V121/><F118/><W94/><G74/><T26/><D112/><U84/><E105/><V64/><F121/><W56/><G129/><T25/><D119/><U95/><E0/><V100/><F64/><W33/><G126/><N who="2" m="48137" /><F71/><W44/><G3/><T66/><D68/><U109/><E109/><V107/><F4/><W93/><G33/><T45/><D88/><U99/><E46/><V83/><F100/><W102/><G27/><AGARI ba="0,0" hai="12,14,19,21,27,83,85,91,104,106,107" m="48137" machi="27" ten="40,5200,0" yaku="18,1,52,2" doraHai="9" who="2" fromWho="3" sc="250,0,240,0,163,52,347,-52" /><INIT seed="2,0,0,2,0,12" ten="250,240,215,295" oya="2" hai0="92,119,2,127,72,86,121,25,73,74,133,62,31" hai1="26,83,79,41,107,34,33,130,24,132,0,110,96" hai2="89,44,106,98,36,94,108,135,70,82,129,1,97" hai3="47,78,85,80,67,134,123,71,95,43,126,8,122"/><V16/><F70/><W55/><G134/><T9/><D121/><U84/><E0/><V99/><F1/><W50/><G126/><T42/><D133/><U93/><E132/><V17/><F135/><W35/><G35/><T87/><D127/><U32/><E110/><V111/><F129/><W75/><G67/><T20/><D119/><U23/><E130/><V114/><F114/><W27/><G71/><T60/><D42/><U91/><E41/><N who="2" m="22567" /><F82/><W14/><G27/><T6/><REACH who="0" step="1"/><D92/><REACH who="0" ten="240,240,215,295" step="2"/><U15/><E107/><V124/><F124/><W65/><G43/><T100/><D100/><U48/><E48/><V46/><F106/><W117/><G117/><T125/><D125/><U115/><E115/><V37/><F37/><W90/><REACH who="3" step="1"/><G65/><REACH who="3" ten="240,240,215,285" step="2"/><T21/><D21/><U49/><E23/><V116/><F116/><W63/><G63/><AGARI ba="0,2" hai="2,6,9,20,25,31,60,62,63,72,73,74,86,87" machi="63" ten="40,8000,1" yaku="1,1,53,3" doraHai="12" doraHaiUra="105" who="0" fromWho="3" sc="240,100,240,0,215,0,285,-80" /><INIT seed="3,0,0,4,3,91" ten="340,240,215,205" oya="3" hai0="123,39,15,105,43,24,20,42,29,134,119,19,38" hai1="2,47,34,77,57,9,7,11,55,98,128,103,120" hai2="50,113,78,102,13,25,30,26,95,12,130,94,45" hai3="75,61,112,114,64,110,82,28,59,22,101,41,85"/><W109/><G75/><T70/><D119/><U5/><E120/><V121/><F113/><W40/><G101/><T106/><D123/><U46/><E34/><V53/><F121/><W60/><G61/><T62/><D134/><U135/><E77/><V132/><F132/><W125/><G125/><T58/><D70/><U108/><E108/><N who="3" m="41578" /><G28/><T89/><D39/><U33/><E33/><V51/><F78/><N who="3" m="46295" /><G22/><T10/><D38/><U0/><E128/><V17/><F130/><W107/><G107/><T96/><D106/><U71/><E71/><V49/><F102/><W127/><G127/><T1/><D105/><U36/><E135/><V118/><F118/><W131/><G131/><T4/><D89/><U80/><E36/><V21/><F45/><W48/><G48/><T73/><D73/><U88/><E103/><V115/><F53/><W116/><G116/><T16/><D96/><U83/><E47/><V104/><F104/><W84/><G84/><T122/><D122/><U100/><E46/><V14/><REACH who="2" step="1"/><F115/><AGARI ba="0,0" hai="40,41,59,60,64,112,114,115" m="46295,41578" machi="115" ten="30,2900,0" yaku="14,1,10,1" doraHai="91" who="3" fromWho="2" sc="340,0,240,0,215,-29,205,29" /><INIT seed="3,1,0,4,5,61" ten="340,240,186,234" oya="3" hai0="57,53,59,76,105,134,132,114,55,70,102,125,22" hai1="43,17,31,111,50,108,15,92,5,100,88,110,2" hai2="54,14,68,83,47,97,0,82,107,103,128,122,58" hai3="74,19,23,124,34,7,106,24,25,123,75,20,28"/><W9/><G106/><T131/><D125/><U8/><E100/><V126/><F68/><W85/><G123/><T62/><D114/><U42/><E31/><V38/><F126/><W130/><G124/><T93/><D105/><U77/><E77/><V84/><F122/><W87/><G130/><T4/><D70/><U120/><E50/><V44/><F0/><W64/><G64/><T119/><D119/><U29/><E29/><V27/><F128/><W115/><G115/><T33/><D33/><U12/><E120/><V60/><F83/><W13/><REACH who="3" step="1"/><G34/><REACH who="3" ten="340,240,186,224" step="2"/><T39/><D131/><U66/><E66/><V48/><F27/><W121/><G121/><T41/><D134/><U69/><E111/><V89/><F38/><W32/><G32/><T99/><D132/><U101/><E110/><V40/><F14/><W112/><G112/><T79/><D39/><U116/><E108/><V113/><F113/><W81/><G81/><T67/><D67/><U37/><E37/><V96/><F96/><W135/><G135/><T65/><D65/><U109/><E109/><V127/><F127/><W35/><G35/><T117/><D117/><U129/><E116/><V133/><F133/><W63/><G63/><T104/><D104/><U3/><E129/><V11/><F11/><W36/><G36/><T45/><D99/><U118/><E118/><V94/><F107/><W10/><G10/><T46/><D62/><U71/><E15/><V30/><F30/><W72/><AGARI ba="1,1" hai="7,9,13,19,20,23,24,25,28,72,74,75,85,87" machi="72" ten="30,3000,0" yaku="1,1,0,1,53,0" doraHai="61" doraHaiUra="91" who="3" fromWho="3" sc="340,-11,240,-11,186,-11,224,43" /><INIT seed="3,2,0,2,2,8" ten="329,229,175,267" oya="3" hai0="34,27,82,79,3,31,44,129,16,35,18,45,38" hai1="124,63,17,57,133,120,47,66,39,74,90,37,76" hai2="97,64,53,130,68,46,58,1,36,121,70,86,77" hai3="85,113,119,102,11,105,107,75,28,15,92,48,59"/><W40/><G113/><T65/><D35/><U33/><E120/><V98/><F121/><W71/><G71/><T23/><D129/><U21/><E33/><V103/><F1/><W132/><G75/><T19/><D3/><U60/><E133/><V30/><F130/><W52/><G119/><T94/><D65/><U5/><E5/><V101/><F30/><W51/><G132/><T12/><D94/><U22/><E124/><V122/><F122/><W10/><G28/><T6/><D38/><U80/><E90/><V56/><F77/><W24/><G24/><T13/><D6/><U87/><E74/><V100/><F86/><W84/><G10/><T123/><D123/><U111/><E111/><V42/><F64/><W0/><G0/><T54/><D54/><U69/><E47/><N who="0" m="17993" /><D34/><U93/><E93/><V9/><F9/><W99/><G40/><T55/><D55/><U126/><E126/><V89/><F58/><W106/><REACH who="3" step="1"/><G48/><REACH who="3" ten="329,229,175,257" step="2"/><T7/><D7/><AGARI ba="2,1" hai="7,11,15,51,52,59,84,85,92,99,102,105,106,107" machi="7" ten="40,12000,1" yaku="1,1,2,1,52,1,54,1,53,0" doraHai="8" doraHaiUra="118" who="3" fromWho="0" sc="329,-126,229,0,175,0,257,136" owari="203,-19.7,229,2.9,175,-32.5,393,49.3" /></mjloggm>