<mjloggm ver="2.3"><GO type="225" lobby="0"/><UN n0="%77%72%77%72%77%72%77%72" n1="%E7%9C%BC%E7%A7%91%E5%8C%BB" n2="%E6%98%93%E5%88%A9%E8%96%A9%E4%BC%AF" n3="%E6%A1%9C%E8%8A%B1%E9%96%83%E3%80%85" dan="17,16,17,16" rate="2152.69,2142.02,2204.23,2109.25" sx="M,M,F,M"/><TAIKYOKU oya="0"/><INIT seed="0,0,0,5,5,17" ten="250,250,250,250" oya="0" hai0="69,96,132,81,21,29,34,30,78,53,110,89,59" hai1="107,105,39,99,27,128,52,66,47,70,94,55,3" hai2="38,76,104,88,67,72,42,113,131,44,97,37,135" hai3="32,126,40,50,56,133,6,24,63,68,90,1,103"/><T124/><D69/><U84/><E3/><V92/><F113/><W91/><G126/><T10/><D124/><U45/><E84/><V73/><F131/><W100/><G133/><T121/><D132/><U71/><E128/><V120/><F135/><W43/><G68/><T7/><D121/><U49/><E27/><V5/><F120/><W8/><G91/><T46/><D46/><U102/><E71/><V31/><F38/><W122/><G90/><T109/><D34/><U64/><E70/><V83/><F67/><W57/><G57/><T106/><D89/><U93/><E39/><V82/><F5/><W123/><G123/><T111/><D106/><U9/><E9/><V74/><F83/><W125/><G125/><T2/><D96/><U87/><E87/><V75/><REACH who="2" step="1"/><F31/><REACH who="2" ten="250,250,240,250" step="2"/><W14/><G6/><T118/><D118/><U22/><E66/><V0/><F0/><W13/><G1/><T41/><D29/><U134/><E64/><V129/><F129/><W12/><G122/><T28/><D30/><U98/><E134/><V18/><F18/><W4/><G4/><T16/><D28/><U33/><E33/><V15/><F15/><W112/><G13/><N who="0" m="9359" /><D81/><U116/><E116/><V48/><F48/><W86/><G50/><N who="0" m="31159" /><D78/><U115/><E115/><V108/><F108/><W77/><G77/><T85/><D41/><U127/><E127/><V119/><F119/><W80/><G43/><T95/><D111/><U60/><E49/><V36/><F36/><W26/><G40/><T79/><D79/><U25/><E60/><V35/><F35/><W58/><G32/><RYUUKYOKU ba="0,1" sc="250,15,250,-15,240,15,250,-15" hai0="2,7,10,85,95,109,110" hai2="37,42,44,72,73,74,75,76,82,88,92,97,104" /><INIT seed="0,1,1,4,5,37" ten="265,235,255,235" oya="0" hai0="51,11,3,132,9,39,114,79,20,111,90,55,44" hai1="53,125,49,62,96,45,5,116,100,14,104,6,4" hai2="81,23,83,1,16,87,30,71,119,88,128,22,130" hai3="43,33,80,134,68,12,0,85,29,76,78,57,48"/><T75/><D114/><U91/><E116/><V13/><F71/><W89/><G0/><T40/><D132/><U18/><E125/><V69/><F69/><W63/><G134/><T123/><D123/><U8/><E91/><V19/><F1/><W97/><G68/><T54/><D111/><U34/><E34/><V99/><F119/><W126/><G126/><T17/><D90/><U35/><E35/><V61/><F30/><W124/><G124/><T135/><D135/><U117/><E117/><V107/><F81/><W24/><G12/><T103/><D103/><U36/><E36/><V65/><F99/><W15/><G15/><T95/><D95/><U72/><E72/><V86/><F86/><W94/><G48/><T67/><D67/><U60/><AGARI ba="1,1" hai="4,5,6,8,14,18,45,49,53,60,62,96,100,104" machi="60" ten="30,1100,0" yaku="0,1" doraHai="37" who="1" fromWho="1" sc="265,-6,235,24,255,-4,235,-4" /><INIT seed="1,0,0,2,3,120" ten="259,259,251,231" oya="1" hai0="128,102,108,30,63,133,113,32,56,2,31,79,10" hai1="55,123,12,74,22,109,131,9,34,66,52,57,47" hai2="119,15,92,1,59,64,129,44,84,117,0,51,67" hai3="45,75,98,48,118,134,26,100,115,18,81,110,125"/><U65/><E34/><V86/><F129/><W38/><G115/><T105/><D113/><U16/><E123/><V62/><F67/><W6/><G125/><T73/><D128/><U76/><E131/><V36/><F36/><W40/><G134/><T50/><D133/><U112/><E112/><V85/><F92/><W130/><G130/><T71/><D32/><U39/><E109/><V23/><F15/><W95/><G6/><T7/><D108/><U91/><E74/><V106/><F106/><W116/><G110/><T72/><D71/><U103/><E76/><V61/><F61/><W83/><G38/><T114/><D114/><U96/><E91/><V78/><F23/><N who="3" m="13687" /><G75/><T8/><D8/><U5/><E39/><V24/><F24/><W41/><G41/><T88/><D73/><U124/><E124/><V42/><REACH who="2" step="1"/><F78/><REACH who="2" ten="259,259,241,231" step="2"/><W111/><G111/><T28/><D105/><U97/><E65/><V70/><F70/><W80/><G118/><AGARI ba="0,1" hai="0,1,42,44,51,59,62,64,84,85,86,117,118,119" machi="118" ten="40,2600,0" yaku="1,1,53,1" doraHai="120" doraHaiUra="58" who="2" fromWho="3" sc="259,0,259,0,241,36,231,-26" /><INIT seed="2,0,0,1,1,28" ten="259,259,277,205" oya="2" hai0="97,84,70,108,78,73,107,56,0,94,123,109,130" hai1="46,23,89,21,27,69,36,110,122,8,49,80,5" hai2="33,57,86,17,71,26,133,79,60,113,35,126,65" hai3="48,55,101,40,37,72,90,77,22,127,47,82,63"/><V30/><F113/><W67/><G127/><T116/><D70/><U31/><E69/><V2/><F2/><W112/><G112/><T104/><D0/><U39/><E110/><N who="0" m="42601" /><D56/><U15/><E122/><V4/><F4/><W102/><G22/><T91/><D123/><U13/><E80/><V19/><F133/><W16/><G90/><N who="0" m="55511" /><D130/><U68/><E89/><V100/><F100/><W18/><G101/><T128/><D128/><U51/><E68/><V9/><F71/><N who="3" m="42495" /><G102/><T10/><D10/><U75/><E75/><V43/><F43/><W87/><G72/><T131/><D131/><U24/><E15/><V134/><F134/><W92/><G92/><N who="0" m="54375" /><D116/><U12/><E12/><V106/><F9/><W83/><G83/><AGARI ba="0,0" hai="73,78,83,104,107" m="54375,55511,42601" machi="83" ten="30,3900,0" yaku="14,1,34,2" doraHai="28" who="0" fromWho="3" sc="259,39,259,0,277,0,205,-39" /><INIT seed="3,0,0,3,3,94" ten="298,259,277,166" oya="3" hai0="65,90,79,98,96,116,127,67,125,26,35,113,60" hai1="110,1,43,8,121,101,22,71,34,63,38,83,19" hai2="50,16,33,15,133,100,104,9,69,4,76,119,97" hai3="70,5,114,48,32,129,54,134,85,53,29,44,25"/><W42/><G114/><T14/><D113/><U108/><E121/><V58/><F69/><W81/><G134/><T41/><D116/><U61/><E34/><V49/><F33/><W47/><G129/><T31/><D79/><U7/><E101/><V30/><F30/><W51/><G70/><T102/><D41/><U27/><E71/><V103/><F103/><W68/><G68/><N who="0" m="42023" /><D67/><U2/><E2/><V37/><F37/><W56/><G5/><T80/><D14/><U52/><E83/><V86/><F119/><W66/><G66/><T23/><D23/><U105/><E105/><V64/><F4/><W18/><G18/><T109/><D109/><N who="1" m="42091" /><E52/><V107/><F107/><W122/><G122/><T106/><D96/><U130/><E130/><V36/><F36/><W10/><G10/><T128/><D128/><U92/><E92/><V77/><F133/><W120/><G120/><T118/><D118/><U123/><E123/><V24/><F24/><W135/><G135/><T74/><D74/><U131/><E131/><V0/><F0/><W78/><REACH who="3" step="1"/><G42/><REACH who="3" ten="298,259,277,156" step="2"/><T91/><D127/><U75/><E75/><V115/><F115/><W112/><G112/><T21/><D125/><U82/><E82/><V124/><F124/><W126/><G126/><T132/><D132/><U45/><AGARI ba="0,1" hai="1,7,8,19,22,27,38,43,45,61,63" m="42091" machi="45" ten="30,1100,0" yaku="14,1" doraHai="94" who="1" fromWho="1" sc="298,-3,259,21,277,-3,156,-5" /><INIT seed="4,0,0,4,3,20" ten="295,280,274,151" oya="0" hai0="132,1,87,95,51,68,107,108,113,118,13,94,104" hai1="59,98,48,69,66,111,110,91,47,2,18,101,109" hai2="21,103,8,4,127,105,115,89,38,11,72,53,28" hai3="114,82,79,119,62,24,12,16,77,83,37,50,120"/><T134/><D1/><U10/><E69/><V75/><F38/><W25/><G119/><T67/><D118/><U86/><E66/><V6/><F115/><W131/><G37/><T88/><D113/><U102/><E59/><V112/><F127/><W22/><G114/><T32/><D108/><U55/><E98/><V41/><F41/><W45/><G131/><T133/><D32/><U30/><E30/><V56/><F89/><W71/><G120/><T122/><D122/><U23/><E2/><V126/><F126/><W43/><G71/><T130/><D130/><U42/><E42/><V9/><F103/><W96/><G96/><T125/><D125/><U80/><E23/><V35/><F35/><W92/><G92/><T90/><D13/><AGARI ba="0,0" hai="10,13,18,47,48,55,80,86,91,101,102,109,110,111" machi="13" ten="40,2600,0" yaku="25,2" doraHai="20" who="1" fromWho="0" sc="295,-26,280,26,274,0,151,0" owari="269,-13.1,306,40.6,274,7.4,151,-34.9" /></mjloggm>