<mjloggm ver="2.3"><GO type="225" lobby="0"/><UN n0="%4D%2E%61%72%74%65%74%61" n1="%E6%9C%88%E5%B3%B6%E5%9F%BA" n2="%E4%BF%BA%E3%81%A8%E5%A6%96%E5%A4%A2" n3="%E5%82%8D%E8%8B%A5%E7%84%A1%E4%BA%BA%35%31" dan="16,17,16,16" rate="2152.14,2216.67,2181.43,2174.65" sx="M,M,F,M"/><TAIKYOKU oya="0"/><INIT seed="0,0,0,3,5,19" ten="250,250,250,250" oya="0" hai0="93,118,74,89,87,126,45,104,73,6,40,130,11" hai1="32,18,131,58,24,75,133,117,95,119,105,85,47" hai2="49,125,41,52,67,77,88,127,66,90,97,7,91" hai3="113,44,124,4,108,81,132,46,122,51,39,134,17"/><T111/><D118/><U21/><E105/><V53/><F77/><W102/><G108/><T42/><D130/><U0/><E75/><V57/><F41/><N who="3" m="22591" /><G113/><T37/><D126/><N who="2" m="48138" /><F7/><W60/><G4/><T43/><D104/><U84/><BYE who="0" /><E0/><V3/><F3/><W33/><G102/><T34/><D34/><U65/><E32/><V96/><F53/><N who="3" m="29943" /><G33/><UN n0="%4D%2E%61%72%74%65%74%61" /><T23/><D111/><U38/><E131/><V20/><F20/><W56/><G81/><T64/><D64/><AGARI ba="0,0" hai="49,52,57,64,66,67,88,90,91,96,97" m="48138" machi="64" ten="30,3900,0" yaku="18,1,54,2" doraHai="19" who="2" fromWho="0" sc="250,-39,250,0,250,39,250,0" /><INIT seed="1,0,0,1,4,2" ten="211,250,289,250" oya="1" hai0="73,60,48,61,30,109,41,114,111,28,9,55,121" hai1="94,95,104,67,80,96,1,126,64,118,106,66,103" hai2="101,19,72,63,21,117,25,42,123,39,27,18,13" hai3="43,38,135,16,78,32,99,57,24,113,133,53,71"/><U86/><E118/><V34/><F117/><W76/><G71/><T7/><D73/><U69/><E126/><V87/><F72/><W110/><G110/><N who="0" m="41995" /><D114/><U97/><E1/><V52/><F123/><W129/><G129/><T116/><D116/><U20/><E20/><V105/><F39/><W102/><G113/><T49/><D41/><U10/><E10/><N who="2" m="6455" /><F34/><W108/><G32/><T81/><D81/><U107/><E69/><V45/><F105/><W119/><G43/><T17/><D17/><U127/><E127/><V15/><F101/><W36/><G38/><T92/><D92/><U47/><E47/><V56/><F87/><W54/><G36/><T85/><D85/><U65/><N who="1" m="16384" /><DORA hai="124" /><U131/><E131/><V23/><F42/><W8/><G8/><T35/><D48/><U125/><E125/><V4/><F4/><W14/><G16/><T5/><D121/><U11/><E11/><N who="2" m="6655" /><F45/><W12/><G119/><T58/><D35/><U62/><E103/><V6/><F6/><N who="0" m="2058" /><D9/><U29/><E29/><AGARI ba="0,0" hai="28,29,30,49,55,58,60,61" m="2058,41995" machi="29" ten="30,7700,0" yaku="14,1,52,3" doraHai="2,124" who="0" fromWho="1" sc="211,77,250,-77,289,0,250,0" /><INIT seed="2,0,0,4,4,90" ten="288,173,289,250" oya="2" hai0="11,101,115,37,30,34,71,107,53,131,68,81,63" hai1="99,43,23,118,97,74,4,94,98,19,0,5,110" hai2="50,1,39,27,49,100,46,55,82,61,79,127,86" hai3="60,123,92,84,24,14,6,29,129,10,42,32,128"/><V31/><F1/><W21/><G42/><T2/><D115/><U103/><E118/><V125/><F39/><W114/><G123/><T78/><D37/><U47/><E74/><V133/><F133/><W35/><G60/><T83/><D131/><N who="3" m="50249" /><G114/><T130/><D83/><U109/><E0/><V104/><F61/><W102/><G84/><T28/><D28/><U17/><E99/><AGARI ba="0,0" hai="6,10,14,21,24,29,32,35,92,99,102" m="50249" machi="99" ten="30,2000,0" yaku="19,1,52,1" doraHai="90" who="3" fromWho="1" sc="288,0,173,-20,289,0,250,20" /><INIT seed="3,0,0,1,1,86" ten="288,153,289,270" oya="3" hai0="111,15,44,49,2,12,54,105,91,108,66,78,19" hai1="23,82,123,21,34,94,26,55,14,126,33,39,0" hai2="67,59,119,17,9,132,65,20,73,42,61,56,63" hai3="27,22,3,50,10,11,116,32,122,16,110,8,74"/><W87/><G74/><T77/><D2/><U113/><E39/><V101/><F119/><W51/><G116/><T71/><D105/><U118/><E118/><V83/><F132/><W115/><G115/><T135/><D135/><U46/><E113/><V129/><F129/><W107/><G107/><T99/><D66/><U100/><E123/><V64/><F42/><W128/><G122/><T106/><D71/><U109/><E0/><V57/><F101/><W130/><G3/><T102/><D15/><U43/><E109/><N who="0" m="42057" /><D91/><U7/><E126/><V41/><F41/><W75/><G75/><T40/><D40/><U4/><E43/><V45/><F45/><W70/><G70/><T120/><D120/><U92/><E82/><V24/><REACH who="2" step="1"/><F9/><AGARI ba="0,0" hai="9,12,19,44,49,54,77,78,99,102,106" m="42057" machi="9" ten="30,1000,0" yaku="14,1" doraHai="86" who="0" fromWho="2" sc="288,10,153,0,289,-10,270,0" /><INIT seed="4,0,0,3,4,108" ten="298,153,279,270" oya="0" hai0="56,33,49,133,16,59,125,61,72,112,40,66,20" hai1="46,73,90,106,71,17,100,0,15,62,29,120,24" hai2="30,94,35,52,64,60,89,130,91,41,129,79,18" hai3="39,135,118,85,55,48,50,34,21,98,42,6,11"/><T109/><D72/><U26/><E120/><V78/><F41/><W4/><G34/><T68/><D33/><N who="1" m="20647" /><E73/><V13/><F30/><W96/><G118/><T116/><D109/><U63/><E63/><V69/><F35/><W104/><G135/><T32/><D32/><U9/><E90/><V47/><F89/><W12/><G39/><T76/><D116/><U131/><E46/><V54/><F79/><W84/><G6/><T124/><D76/><U122/><E122/><V2/><F2/><W87/><G104/><T123/><D123/><U80/><E80/><V37/><F78/><W115/><G115/><T5/><D5/><U128/><E0/><V126/><F126/><N who="0" m="48746" /><D112/><U99/><E26/><V75/><F75/><W103/><G103/><T77/><D77/><U110/><E110/><V53/><F47/><N who="3" m="25719" /><G21/><T81/><D81/><U117/><E117/><V28/><F37/><W19/><G4/><T86/><D86/><N who="3" m="22017" /><W67/><DORA hai="22" /><G67/><AGARI ba="0,0" hai="9,15,17,62,67,71,99,100,106,128,131" m="20647" machi="67" ten="30,2000,0" yaku="25,1,52,1" doraHai="108,22" who="1" fromWho="3" sc="298,0,153,20,279,0,270,-20" /><INIT seed="5,0,0,2,5,16" ten="298,173,279,250" oya="1" hai0="14,40,72,129,11,87,86,73,123,97,53,94,102" hai1="44,133,106,30,82,85,26,119,38,21,89,25,114" hai2="3,91,126,71,24,88,37,81,98,112,50,127,7" hai3="28,51,55,77,45,48,1,54,83,23,116,2,52"/><U128/><E119/><V15/><F37/><W110/><G110/><T61/><D129/><U108/><E128/><V125/><F3/><W4/><G116/><T118/><D118/><U115/><E108/><V67/><F112/><N who="1" m="43049" /><E106/><V58/><F71/><W33/><G33/><T46/><D123/><U120/><E120/><V103/><F81/><W100/><G100/><T43/><D73/><U42/><E26/><V80/><F80/><W39/><G39/><T32/><D72/><U57/><E57/><V13/><F24/><W78/><G2/><T69/><D32/><U35/><E133/><V41/><F41/><N who="0" m="15946" /><D69/><U60/><E60/><N who="2" m="38295" /><F50/><N who="3" m="18987" /><G4/><N who="0" m="3431" /><D46/><U8/><E8/><N who="2" m="4255" /><F15/><W31/><G1/><T113/><D113/><U121/><E121/><V10/><F10/><W107/><G107/><AGARI ba="0,0" hai="88,91,98,103,107,125,126,127" m="4255,38295" machi="107" ten="30,2000,0" yaku="18,1,54,1" doraHai="16" who="2" fromWho="3" sc="298,0,173,0,279,20,250,-20" /><INIT seed="6,0,0,0,1,111" ten="298,173,299,230" oya="2" hai0="36,47,12,53,99,49,97,103,101,69,82,110,66" hai1="114,62,78,116,65,51,8,70,42,85,135,5,94" hai2="3,43,32,6,38,46,108,61,11,123,60,96,115" hai3="54,75,7,10,105,72,33,19,88,39,77,134,113"/><V28/><F123/><W89/><G33/><T37/><D110/><U93/><E116/><V9/><F108/><W106/><G39/><T76/><D69/><U80/><E135/><V129/><F115/><W24/><G113/><T128/><D66/><U63/><E63/><V48/><F129/><W92/><G54/><T132/><D128/><U107/><E107/><V118/><F118/><W21/><G134/><T34/><D34/><U15/><REACH who="1" step="1"/><E114/><REACH who="1" ten="298,163,299,230" step="2"/><V102/><F61/><W1/><G106/><T81/><D132/><U16/><E16/><V90/><F60/><W104/><G105/><T40/><D103/><U91/><E91/><V126/><F102/><W27/><G104/><T20/><D101/><U73/><E73/><V50/><F126/><W83/><G75/><T0/><D36/><U127/><E127/><V117/><F117/><W79/><G77/><T64/><D37/><U23/><E23/><V52/><F38/><W68/><G89/><T29/><D20/><U41/><E41/><V44/><F32/><W86/><G68/><T4/><D40/><U67/><E67/><V131/><F131/><W98/><REACH who="3" step="1"/><G72/><REACH who="3" ten="298,163,299,220" step="2"/><T18/><D76/><U13/><E13/><AGARI ba="0,2" hai="1,7,10,13,19,21,24,27,79,83,86,88,92,98" machi="13" ten="30,8000,1" yaku="1,1,2,1,7,1,54,1,53,1" doraHai="111" doraHaiUra="74" who="3" fromWho="1" sc="298,0,163,-80,299,0,220,100" owari="298,-10.2,83,-41.7,299,9.9,320,42.0" /></mjloggm>