<mjloggm ver="2.3"><GO type="225" lobby="0"/><UN n0="%70%68%65%6E%6F%6D%65" n1="%E5%B8%86%E7%AB%8B%E5%A4%8F%E8%A1%A3" n2="%33%74%72%65%65" n3="%E3%83%8F%E3%83%B3%E3%83%89%E3%83%A9%E3%83%BC%E3%83%BB%E3%83%AF%E3%83%B3" dan="16,17,17,17" rate="2131.08,2208.43,2205.93,2234.10" sx="M,M,F,M"/><TAIKYOKU oya="0"/><INIT seed="0,0,0,4,5,26" ten="250,250,250,250" oya="0" hai0="130,64,11,3,84,30,116,114,73,76,55,59,47" hai1="10,5,97,123,90,96,68,85,81,29,51,94,67" hai2="44,118,41,19,48,134,24,27,108,45,61,100,131" hai3="77,32,132,125,102,35,9,31,8,66,115,135,91"/><T18/><D114/><U65/><E123/><V83/><F108/><W40/><G115/><T126/><D116/><U42/><E68/><V129/><F118/><W43/><G102/><T82/><D126/><U33/><E97/><V38/><F134/><N who="3" m="51243" /><G77/><T74/><D130/><N who="2" m="49674" /><F100/><W75/><G75/><T56/><D47/><U1/><E51/><V69/><F83/><W60/><G91/><T119/><D119/><U20/><E42/><N who="3" m="15914" /><G125/><T113/><D113/><U104/><E33/><N who="3" m="12874" /><G31/><T98/><D98/><U63/><E104/><V52/><F19/><W28/><G28/><T53/><D30/><U110/><E110/><V111/><F111/><W122/><G122/><T36/><D18/><U50/><E50/><V78/><F78/><W124/><G124/><T39/><D74/><U105/><E105/><V22/><F22/><W57/><AGARI ba="0,0" hai="8,9,57,60,66" m="12874,15914,51243" machi="57" ten="40,1500,0" yaku="20,1" doraHai="26" who="3" fromWho="3" sc="250,-7,250,-4,250,-4,250,15" /><INIT seed="1,0,0,0,3,61" ten="243,246,246,265" oya="1" hai0="120,32,100,68,38,54,96,118,9,134,29,27,123" hai1="101,69,133,92,60,31,55,93,107,84,94,24,70" hai2="82,95,104,75,74,121,132,109,99,22,62,6,119" hai3="116,89,47,33,128,112,77,86,129,72,108,126,122"/><U117/><E117/><V35/><F35/><W106/><RYUUKYOKU type="yao9" ba="0,0" sc="243,0,246,0,246,0,265,0" hai3="33,47,72,77,86,89,106,108,112,116,122,126,128,129" /><INIT seed="1,1,0,3,2,113" ten="243,246,246,265" oya="1" hai0="97,129,122,58,4,130,2,36,124,90,10,44,78" hai1="103,95,117,75,30,94,98,0,96,18,132,61,112" hai2="71,127,67,54,29,63,48,55,83,13,53,79,123" hai3="31,102,66,65,133,35,114,62,77,118,80,20,88"/><U82/><E112/><V76/><F123/><W11/><G114/><T47/><D122/><U134/><E0/><V9/><F127/><W26/><G133/><N who="1" m="51306" /><E30/><V60/><F29/><W7/><G102/><T49/><D124/><U59/><E18/><V107/><F107/><W84/><G118/><T52/><D78/><N who="1" m="44383" /><E59/><V120/><F120/><W38/><G38/><T39/><D36/><U24/><E24/><V28/><F28/><W73/><G35/><T109/><D109/><U116/><E61/><V125/><F125/><W105/><G105/><T15/><D2/><U99/><E99/><V56/><F60/><W91/><G73/><T85/><D97/><U128/><E128/><N who="0" m="49257" /><D39/><U25/><E25/><V27/><F27/><W22/><G22/><T119/><D119/><U57/><E57/><V110/><F110/><W46/><G46/><T45/><D58/><U19/><E19/><V21/><F21/><W40/><G40/><T87/><D87/><U81/><E81/><AGARI ba="1,0" hai="4,10,15,44,45,47,49,52,81,85,90" m="49257" machi="81" ten="30,2000,0" yaku="19,1,54,1" doraHai="113" who="0" fromWho="1" sc="243,23,246,-23,246,0,265,0" /><INIT seed="2,0,0,5,1,100" ten="266,223,246,265" oya="2" hai0="21,92,34,67,62,14,79,94,118,22,3,90,29" hai1="18,91,68,49,105,26,27,53,78,103,116,70,109" hai2="20,28,127,113,47,5,9,25,55,120,66,1,111" hai3="12,82,119,54,132,135,63,102,46,64,96,31,0"/><V133/><F113/><W51/><G119/><T50/><D3/><U129/><E116/><V36/><F120/><W126/><G0/><T115/><D115/><U43/><E43/><V93/><F133/><W56/><G126/><T123/><D123/><U8/><E129/><V57/><F127/><W88/><G31/><T81/><D118/><U86/><E78/><V39/><F111/><W42/><G12/><T84/><D34/><U17/><E109/><V65/><F93/><W89/><G42/><T108/><D108/><U125/><E125/><V13/><F47/><W59/><G46/><T4/><D50/><U45/><E70/><V112/><F112/><W58/><G58/><N who="0" m="37335" /><D29/><U83/><E68/><V77/><F77/><W61/><G61/><T35/><D35/><U6/><E103/><V101/><F101/><W134/><REACH who="3" step="1"/><G82/><REACH who="3" ten="266,223,246,255" step="2"/><T2/><D2/><U73/><E105/><AGARI ba="0,1" hai="51,54,56,59,63,64,88,89,96,102,105,132,134,135" machi="105" ten="40,8000,1" yaku="1,1,2,1,20,1,52,1,54,1,53,0" doraHai="100" doraHaiUra="117" who="3" fromWho="1" sc="266,0,223,-80,246,0,255,90" /><INIT seed="3,0,0,1,0,11" ten="266,143,246,345" oya="3" hai0="109,25,130,36,75,112,5,15,117,115,20,127,31" hai1="85,0,39,44,73,87,18,128,22,3,129,79,47" hai2="55,13,63,65,122,95,120,60,41,52,97,1,26" hai3="70,28,93,49,37,114,118,123,24,74,9,104,30"/><W58/><G104/><T2/><D75/><U59/><E59/><N who="2" m="37023" /><F1/><W35/><G37/><T126/><D36/><U84/><E39/><V19/><F26/><W56/><G70/><T103/><D103/><U14/><E73/><V62/><F41/><W43/><G114/><N who="0" m="43563" /><D117/><U38/><E38/><V10/><F120/><W121/><G74/><T33/><D109/><U91/><E79/><V21/><F10/><W96/><G9/><N who="0" m="2231" /><D130/><U92/><E3/><V27/><F27/><W108/><G24/><T102/><D102/><U77/><E0/><V48/><F122/><W124/><G118/><T12/><D33/><U16/><E77/><V45/><F55/><W50/><G35/><T134/><D134/><U53/><E129/><V40/><F40/><W17/><G43/><T107/><D107/><U66/><E128/><V88/><AGARI ba="0,0" hai="13,19,21,45,48,52,62,63,88,95,97" m="37023" machi="88" ten="30,7900,0" yaku="8,1,52,1,54,2" doraHai="11" who="2" fromWho="2" sc="266,-20,143,-20,246,79,345,-39" owari="246,-15.4,123,-37.7,325,42.5,306,10.6" /></mjloggm>