<mjloggm ver="2.3"><GO type="225" lobby="0"/><UN n0="%E6%9C%88%E5%B3%B6%E5%9F%BA" n1="%E7%AB%8B%E8%8A%B1%E9%9F%BF" n2="%E6%A1%9C%E8%8A%B1%E9%96%83%E3%80%85" n3="%E6%81%A5%E6%99%92%E3%81%97" dan="16,17,16,16" rate="2125.54,2191.37,2119.31,2138.32" sx="M,F,M,M"/><TAIKYOKU oya="0"/><INIT seed="0,0,0,1,0,41" ten="250,250,250,250" oya="0" hai0="4,15,114,64,126,116,43,102,39,86,22,2,23" hai1="0,66,71,7,1,13,88,87,119,122,89,107,104" hai2="61,69,94,19,105,46,50,73,48,109,3,113,36" hai3="40,10,52,70,20,17,84,72,117,51,96,82,100"/><T108/><D114/><U85/><E119/><V79/><F105/><W21/><G117/><T68/><D116/><U42/><E122/><V93/><F113/><W130/><G130/><T128/><D128/><U33/><E33/><V78/><F3/><W80/><G70/><T120/><D120/><U16/><E42/><N who="2" m="24663" /><F36/><W110/><G110/><T67/><D108/><U55/><E55/><V25/><F73/><W18/><G40/><T127/><D102/><U63/><E7/><V32/><F32/><W81/><G72/><T75/><D75/><U38/><E38/><V27/><F69/><W30/><G84/><T57/><D68/><U59/><E71/><V6/><F6/><W133/><G133/><T134/><D2/><U77/><E77/><V111/><F61/><W14/><G30/><T8/><D134/><U103/><E1/><V91/><F93/><N who="3" m="58383" /><G18/><T53/><D43/><U101/><E0/><V92/><F92/><W11/><G21/><N who="0" m="7691" /><D39/><U5/><E5/><V121/><F121/><W12/><G12/><T31/><D31/><U98/><E107/><V29/><F19/><W124/><G124/><N who="0" m="47659" /><D86/><U34/><E34/><N who="2" m="20783" /><F27/><W54/><G54/><T132/><D132/><U37/><E37/><V44/><F111/><W74/><G74/><T115/><D115/><U95/><E104/><V60/><F109/><W129/><G129/><T26/><D26/><U123/><E123/><V76/><F60/><AGARI ba="0,0" hai="4,8,15,53,57,60,64,67" m="47659,7691" machi="60" ten="30,1500,0" yaku="18,1" doraHai="41" who="0" fromWho="2" sc="250,15,250,0,250,-15,250,0" /><INIT seed="0,1,0,0,3,84" ten="265,250,235,250" oya="0" hai0="96,132,11,102,44,129,64,56,17,50,2,8,31" hai1="68,77,108,12,23,83,110,35,48,85,66,62,45" hai2="112,127,135,105,41,91,21,98,106,131,27,10,123" hai3="120,60,92,111,1,52,37,126,16,89,128,5,14"/><T76/><D129/><U40/><REACH who="1" step="1"/><E35/><REACH who="1" ten="265,240,235,250" step="2"/><V61/><F131/><W55/><G128/><T113/><D113/><U58/><E58/><V74/><F112/><W121/><G120/><T43/><D56/><U134/><E134/><V6/><F135/><W101/><G121/><T90/><D132/><U122/><E122/><V33/><F123/><W115/><G115/><T65/><D65/><U63/><E63/><V0/><F61/><W26/><G60/><T99/><D64/><U78/><E78/><V87/><F33/><W47/><G126/><T42/><D76/><U95/><E95/><V54/><F127/><W114/><G114/><T93/><D93/><U75/><E75/><V32/><F74/><W22/><G92/><T4/><D2/><U72/><E72/><V7/><F32/><W104/><G1/><T133/><D133/><U94/><E94/><V36/><F0/><W125/><G125/><T81/><D99/><U51/><E51/><V124/><F98/><W69/><G104/><T70/><D50/><U34/><E34/><V13/><F124/><W97/><G97/><T130/><D130/><U19/><AGARI ba="1,1" hai="12,19,23,40,45,48,62,66,68,77,83,85,108,110" machi="19" ten="30,4000,0" yaku="21,2,0,1,53,0" doraHai="84" doraHaiUra="20" who="1" fromWho="1" sc="265,-21,240,53,235,-11,250,-11" /><INIT seed="1,0,0,4,3,82" ten="244,293,224,239" oya="1" hai0="58,33,124,66,130,57,12,39,132,2,119,61,32" hai1="125,38,75,56,26,49,53,110,41,85,23,47,128" hai2="43,74,113,78,120,42,92,55,129,127,5,44,13" hai3="81,25,121,102,111,59,131,73,64,126,134,99,89"/><U123/><E75/><V17/><F120/><W97/><G121/><T76/><D2/><U117/><E123/><V118/><F118/><W109/><G25/><T14/><D119/><U36/><E117/><V18/><F127/><W54/><G64/><T106/><D39/><U77/><E125/><V6/><F129/><W103/><G126/><T68/><D106/><U93/><E128/><V16/><F113/><W84/><G131/><T94/><D130/><U52/><E110/><N who="3" m="41994" /><G134/><T100/><D76/><U60/><E53/><V51/><F74/><W19/><G19/><N who="2" m="7241" /><F92/><N who="3" m="58663" /><G73/><T8/><D33/><U3/><E3/><V105/><F105/><N who="3" m="63743" /><G54/><T71/><D32/><U40/><E40/><N who="2" m="15403" /><F78/><N who="3" m="46135" /><G59/><T67/><D58/><U70/><E70/><V4/><N who="2" m="7249" /><V107/><DORA hai="133" /><F107/><W122/><G89/><T98/><D68/><U9/><E9/><AGARI ba="0,0" hai="4,5,6,9,13,44,51,55" m="15403,7249" machi="9" ten="40,2600,0" yaku="8,1,54,1" doraHai="82,133" who="2" fromWho="1" sc="244,0,293,-26,224,26,239,0" /><INIT seed="2,0,0,4,1,118" ten="244,267,250,239" oya="2" hai0="132,52,55,102,79,1,24,122,4,96,47,75,91" hai1="62,113,17,22,107,15,108,95,124,20,29,13,25" hai2="76,40,119,43,37,87,73,88,110,70,85,134,128" hai3="3,14,10,117,67,56,100,86,115,90,30,133,84"/><V42/><F119/><W32/><G117/><T126/><D122/><U101/><E107/><V28/><F128/><W12/><G133/><T21/><D132/><U6/><E113/><V34/><F134/><W112/><G100/><T83/><D126/><U8/><E108/><V131/><F131/><W58/><G3/><T82/><D4/><U121/><E124/><V104/><F70/><W0/><G0/><T18/><D1/><U129/><E129/><V9/><F104/><W111/><G111/><T130/><D130/><U135/><E135/><V80/><F110/><W109/><G109/><T51/><D83/><U66/><E121/><V57/><F57/><N who="3" m="22123" /><G67/><T38/><D91/><U50/><E50/><V98/><F9/><W16/><G14/><T125/><D38/><U54/><E54/><V33/><F37/><W77/><G77/><T68/><D68/><U45/><E45/><V69/><F69/><W103/><G103/><T78/><D78/><U127/><E127/><V89/><F98/><W5/><G5/><T26/><D125/><U81/><E81/><V36/><F36/><W99/><G30/><T23/><D96/><N who="1" m="59551" /><E62/><V94/><REACH who="2" step="1"/><F28/><REACH who="2" ten="244,267,240,239" step="2"/><W105/><G105/><T49/><D49/><U92/><E66/><V59/><F59/><W74/><G112/><T39/><D39/><U35/><E35/><V2/><F2/><W61/><G115/><T106/><D106/><U60/><E60/><V53/><F53/><W44/><G32/><T27/><D55/><U123/><E123/><V63/><F63/><W46/><G61/><T72/><D52/><U120/><E120/><RYUUKYOKU ba="0,1" sc="244,-15,267,15,240,15,239,-15" hai1="6,8,13,15,17,20,22,25,29,92" hai2="33,34,40,42,43,73,76,80,85,87,88,89,94" /><INIT seed="2,1,1,2,2,53" ten="229,282,255,224" oya="2" hai0="64,30,111,117,44,110,15,38,85,32,120,82,10" hai1="87,75,133,129,50,49,43,126,41,36,114,13,96" hai2="118,63,40,122,31,109,131,91,107,27,34,7,57" hai3="90,95,21,92,8,78,3,86,18,25,46,59,89"/><V67/><F118/><W116/><G116/><T97/><D120/><U28/><E75/><V93/><F122/><W11/><G78/><N who="0" m="46295" /><D117/><U83/><E114/><V5/><F107/><W60/><G46/><T70/><D97/><U2/><E2/><V99/><F131/><W112/><G3/><T66/><D70/><U0/><E0/><V45/><REACH who="2" step="1"/><F109/><REACH who="2" ten="229,282,245,224" step="2"/><W42/><G112/><T102/><D110/><U52/><E129/><V80/><F80/><W17/><G42/><T24/><D111/><U123/><E83/><V119/><F119/><W35/><G35/><T84/><D32/><U69/><E43/><V77/><F77/><W47/><G95/><T14/><D38/><AGARI ba="1,2" hai="5,7,27,31,34,38,40,45,57,63,67,91,93,99" machi="38" ten="30,5800,0" yaku="1,1,7,1,52,1,53,0" doraHai="53" doraHaiUra="72" who="2" fromWho="0" sc="229,-61,282,0,245,81,224,0" /><INIT seed="2,2,0,3,3,50" ten="168,282,326,224" oya="2" hai0="113,73,126,119,90,122,7,132,8,16,83,74,76" hai1="52,46,12,128,40,17,135,28,27,48,91,103,127" hai2="66,110,9,24,114,67,95,44,116,29,109,62,89" hai3="38,77,93,20,72,26,59,54,105,57,3,37,120"/><V61/><F114/><W94/><G105/><T49/><D122/><U56/><E128/><V36/><F116/><W68/><G120/><T98/><D113/><U39/><E135/><V81/><F81/><W108/><G68/><T129/><D132/><U133/><E133/><V11/><F36/><W78/><G3/><T71/><D129/><U58/><E127/><V43/><F44/><W97/><G108/><N who="2" m="41577" /><F43/><W75/><G20/><T112/><D71/><U64/><E103/><V19/><F62/><W18/><G18/><T23/><D126/><U125/><E125/><V53/><F19/><W41/><G41/><T84/><D119/><U63/><E91/><V31/><F53/><W21/><G97/><T86/><D98/><U4/><E4/><V34/><F31/><W55/><G21/><T79/><D112/><U13/><E17/><V102/><F102/><W33/><G26/><T1/><D49/><U88/><E88/><V22/><F22/><AGARI ba="2,0" hai="12,13,22,27,28,39,40,46,48,52,56,58,63,64" machi="22" ten="30,3900,0" yaku="7,1,52,1,54,1" doraHai="50" who="1" fromWho="2" sc="168,0,282,45,326,-45,224,0" /><INIT seed="3,0,0,5,5,102" ten="168,327,281,224" oya="3" hai0="22,28,4,57,77,103,72,18,32,99,89,33,46" hai1="84,64,118,68,56,87,131,88,104,45,86,44,73" hai2="110,21,116,58,26,47,79,53,61,35,125,40,96" hai3="69,127,93,75,81,129,62,119,1,94,83,134,111"/><W121/><RYUUKYOKU type="yao9" ba="0,0" sc="168,0,327,0,281,0,224,0" hai3="1,62,69,75,81,83,93,94,111,119,121,127,129,134" /><INIT seed="3,1,0,1,0,15" ten="168,327,281,224" oya="3" hai0="70,1,31,110,57,9,94,21,69,71,74,46,125" hai1="23,75,103,108,55,102,64,111,62,124,82,116,12" hai2="6,7,18,106,114,25,132,17,16,76,101,83,27" hai3="40,30,11,130,38,118,97,72,115,126,109,52,79"/><W49/><G115/><T89/><D74/><U35/><E35/><V78/><F114/><W96/><G118/><T122/><D122/><U29/><E55/><V134/><F101/><W91/><G38/><T133/><D110/><N who="1" m="42027" /><E124/><V54/><F54/><W135/><G126/><T53/><D125/><U47/><E47/><V99/><F99/><W32/><G40/><T58/><D133/><N who="2" m="51306" /><F106/><W66/><G109/><T117/><D117/><U10/><E116/><V123/><F123/><W20/><G66/><T2/><D31/><U65/><E65/><V19/><F78/><W68/><G68/><T112/><D112/><U50/><E50/><V0/><N who="2" m="4096" /><DORA hai="56" /><V93/><F93/><W85/><G135/><T87/><D21/><U128/><E82/><V120/><F120/><W73/><G20/><T59/><REACH who="0" step="1"/><D9/><REACH who="0" ten="158,327,281,224" step="2"/><U95/><E10/><N who="2" m="2375" /><F7/><W51/><G73/><AGARI ba="1,1" hai="25,27,73,76,83" m="2375,4096,51306" machi="73" ten="40,12000,2" yaku="20,1,52,4,54,1" doraHai="15,56" who="2" fromWho="3" sc="158,0,327,0,281,133,224,-123" owari="158,-24.2,327,12.7,414,51.4,101,-39.9" /></mjloggm>