<mjloggm ver="2.3"><GO type="225" lobby="0"/><UN n0="%6C%61%6D%62" n1="%E3%81%8B%E3%82%8F%E3%81%A1%E3%82%83%E3%82%93%35%38" n2="%E3%83%96%E3%83%83%E3%83%91%E3%82%AA%E3%83%96%E3%83%81%E3%82%AD%E3%83%B3" n3="%E6%9D%BE%E6%9C%AC%E5%81%A5%E7%94%B7" dan="16,16,16,17" rate="2243.72,2116.28,2176.16,2236.62" sx="M,M,M,M"/><TAIKYOKU oya="0"/><INIT seed="0,0,0,1,1,20" ten="250,250,250,250" oya="0" hai0="120,40,87,16,43,134,103,3,17,61,102,6,14" hai1="121,37,33,41,22,82,117,45,77,68,106,19,91" hai2="36,69,95,93,35,59,86,52,96,112,11,75,53" hai3="32,7,99,29,2,66,115,113,72,48,13,47,133"/><T90/><D120/><U80/><E117/><V111/><F112/><W84/><G72/><T116/><D116/><U67/><E121/><V129/><F75/><W114/><G133/><T27/><D134/><U105/><E33/><V104/><F69/><W135/><G135/><T128/><D3/><U26/><E91/><V21/><F35/><W79/><G2/><T88/><D128/><U123/><E123/><V92/><F36/><W81/><G66/><T65/><D90/><U46/><E82/><V54/><F129/><W57/><G57/><N who="0" m="37039" /><D6/><U119/><E119/><V50/><F111/><W100/><G7/><T5/><D27/><U94/><E94/><N who="2" m="36459" /><F104/><W126/><G13/><T58/><D58/><U34/><E34/><V15/><F86/><W63/><G63/><T78/><D78/><U42/><E67/><V70/><F70/><W38/><G38/><T10/><D17/><U71/><E68/><V101/><F21/><W1/><G1/><T60/><D60/><U9/><E71/><V12/><F12/><W131/><G131/><T73/><D5/><AGARI ba="0,0" hai="5,11,15,50,52,53,54,59,95,96,101" m="36459" machi="5" ten="30,2000,0" yaku="8,1,54,1" doraHai="20" who="2" fromWho="0" sc="250,-20,250,0,250,20,250,0" /><INIT seed="1,0,0,1,2,0" ten="230,250,270,250" oya="1" hai0="52,78,59,73,63,60,55,93,31,96,39,41,100" hai1="126,109,76,46,111,23,20,98,72,82,35,91,49" hai2="105,48,95,26,1,15,27,42,25,121,34,108,88" hai3="113,90,114,92,51,79,134,61,89,45,102,5,107"/><U81/><E35/><V67/><F121/><W65/><G134/><T7/><D31/><U43/><E126/><V115/><F1/><W10/><G107/><T3/><D39/><U84/><REACH who="1" step="1"/><E98/><REACH who="1" ten="230,240,270,250" step="2"/><V128/><F34/><W120/><G120/><T36/><D96/><U4/><E4/><V130/><F130/><W18/><G113/><T9/><D7/><U117/><E117/><V103/><F128/><W32/><G114/><T85/><D73/><U69/><E69/><V54/><F115/><W21/><G32/><T101/><D85/><U62/><E62/><V30/><F105/><W75/><G75/><T125/><D60/><U132/><E132/><V19/><F103/><W97/><G79/><T28/><D63/><U66/><E66/><V129/><F129/><W94/><G61/><T50/><D78/><U38/><E38/><V112/><F67/><W123/><G65/><T127/><D36/><U83/><E83/><V33/><F112/><W116/><G116/><T106/><D106/><U104/><E104/><V110/><F110/><AGARI ba="0,1" hai="20,23,43,46,49,72,76,81,82,84,91,109,110,111" machi="110" ten="40,7700,0" yaku="1,1,14,1,10,1,53,0" doraHai="0" doraHaiUra="22" who="1" fromWho="2" sc="230,0,240,87,270,-77,250,0" /><INIT seed="1,1,0,0,1,109" ten="230,327,193,250" oya="1" hai0="57,13,127,88,16,80,3,37,99,74,4,96,71" hai1="24,90,85,14,41,42,120,65,113,53,79,11,108" hai2="70,7,51,0,121,27,75,124,125,55,62,35,103" hai3="92,48,115,112,89,56,102,84,126,5,81,107,9"/><U47/><E113/><V118/><F118/><W123/><G123/><T28/><D71/><U29/><E120/><V54/><F121/><W58/><G107/><T60/><D37/><U39/><E108/><V2/><F75/><W72/><G126/><N who="2" m="48745" /><F103/><W26/><G26/><T46/><D127/><U130/><E130/><V40/><F7/><W15/><G56/><T135/><D28/><U111/><E111/><V104/><F104/><W32/><G32/><T6/><D3/><N who="2" m="1066" /><F35/><W110/><G110/><T66/><D46/><U117/><E65/><N who="2" m="41271" /><F27/><W114/><G102/><T44/><D44/><AGARI ba="1,0" hai="40,44,51,54,55" m="41271,1066,48745" machi="44" ten="30,1000,0" yaku="18,1" doraHai="109" who="2" fromWho="0" sc="230,-13,327,0,193,13,250,0" /><INIT seed="2,0,0,3,2,55" ten="217,327,206,250" oya="2" hai0="54,96,115,63,66,123,18,83,88,62,120,3,44" hai1="7,40,6,14,31,99,12,93,107,45,34,38,74" hai2="37,5,53,126,108,32,78,101,19,35,29,46,132" hai3="68,17,72,119,1,67,42,85,116,97,128,124,81"/><V48/><F126/><W16/><G124/><T49/><D3/><U127/><E107/><V112/><F112/><W94/><G128/><T64/><D115/><U87/><E74/><V103/><F132/><W91/><G1/><T111/><D111/><U20/><E34/><V130/><F130/><W61/><G72/><T60/><D120/><U27/><E127/><V51/><F37/><W100/><REACH who="3" step="1"/><G42/><REACH who="3" ten="217,327,206,240" step="2"/><T28/><D123/><U90/><E12/><V25/><F108/><W70/><G70/><T50/><D66/><U24/><E14/><V129/><F129/><W77/><G77/><T15/><D64/><U26/><E26/><V84/><F78/><W33/><G33/><T117/><D117/><AGARI ba="0,1" hai="16,17,61,67,68,81,85,91,94,97,100,116,117,119" machi="117" ten="40,2600,0" yaku="1,1,54,1,53,0" doraHai="55" doraHaiUra="10" who="3" fromWho="0" sc="217,-26,327,0,206,0,240,36" /><INIT seed="3,0,0,3,0,134" ten="191,327,206,276" oya="3" hai0="96,13,28,132,127,14,89,1,70,107,6,37,102" hai1="43,111,106,109,53,9,17,129,52,57,128,24,10" hai2="7,92,19,63,118,18,97,69,32,26,12,54,130" hai3="125,66,61,81,124,64,55,56,135,79,0,110,87"/><W78/><G135/><T59/><D132/><U114/><E114/><V112/><F112/><W3/><G110/><N who="1" m="41994" /><E106/><V65/><F118/><W116/><G116/><T68/><D37/><U25/><E43/><V100/><F130/><W40/><G40/><T75/><D75/><U98/><E98/><V21/><F7/><W105/><G105/><T46/><D1/><U73/><E73/><V31/><F19/><W36/><G36/><T30/><D46/><U90/><E90/><V103/><F54/><N who="1" m="21097" /><E57/><V101/><AGARI ba="0,0" hai="12,18,21,26,31,32,63,65,69,92,97,100,101,103" machi="101" ten="20,1500,0" yaku="0,1,7,1" doraHai="134" who="2" fromWho="2" sc="191,-4,327,-4,206,15,276,-7" owari="187,-31.3,323,42.3,221,-17.9,269,6.9" /></mjloggm>