<mjloggm ver="2.3"><GO type="225" lobby="0"/><UN n0="%E2%98%86%E5%B0%8F%E5%AD%A6%E7%94%B7%E7%94%9F%E2%98%86" n1="%E5%91%A8%E6%9D%B1" n2="%E6%81%A5%E6%99%92%E3%81%97" n3="%77%72%77%72%77%72%77%72" dan="16,17,16,17" rate="2134.45,2183.84,2143.14,2188.63" sx="M,M,M,M"/><TAIKYOKU oya="0"/><INIT seed="0,0,0,5,2,2" ten="250,250,250,250" oya="0" hai0="50,116,129,107,27,22,112,104,125,132,28,25,36" hai1="133,37,102,70,41,68,11,127,82,47,134,44,63" hai2="6,14,4,135,124,12,81,72,7,85,84,58,61" hai3="117,92,120,1,106,59,43,46,80,118,20,60,49"/><T53/><D36/><U114/><E102/><V73/><F124/><W45/><G106/><T122/><D116/><U38/><E82/><V76/><F135/><N who="1" m="51721" /><E11/><V23/><F23/><W64/><G1/><T123/><D132/><U113/><E127/><V24/><F24/><W130/><G80/><T90/><D125/><U111/><E111/><V86/><REACH who="2" step="1"/><F72/><REACH who="2" ten="250,250,240,250" step="2"/><W54/><G20/><T26/><D26/><U16/><E16/><V131/><F131/><W79/><G130/><T57/><D129/><U89/><E89/><V65/><AGARI ba="0,1" hai="4,6,7,12,14,58,61,65,73,76,81,84,85,86" machi="65" ten="30,8000,1" yaku="1,1,0,1,52,3,53,0" doraHai="2" doraHaiUra="33" who="2" fromWho="2" sc="250,-40,250,-20,240,90,250,-20" /><INIT seed="1,0,0,5,3,35" ten="210,230,330,230" oya="1" hai0="13,6,93,102,95,69,72,97,132,75,26,21,81" hai1="49,116,43,38,48,90,7,113,59,99,129,10,130" hai2="109,20,76,123,46,3,87,85,27,82,100,121,71" hai3="11,58,45,112,4,24,104,12,15,44,83,33,42"/><U128/><E116/><V122/><F71/><W131/><G112/><T1/><D69/><U107/><E113/><V60/><F109/><W73/><G104/><T55/><D132/><U61/><E38/><V40/><F60/><W56/><G131/><T9/><D81/><U126/><E126/><V101/><F87/><W124/><G124/><T66/><D66/><U52/><E43/><V22/><F3/><W64/><G15/><T36/><D36/><U50/><E90/><V127/><F127/><W86/><G73/><T91/><D55/><U29/><E29/><V68/><F68/><W31/><G64/><T88/><D13/><U103/><REACH who="1" step="1"/><E61/><REACH who="1" ten="210,220,330,230" step="2"/><V118/><F118/><W39/><REACH who="3" step="1"/><G44/><REACH who="3" ten="210,220,330,220" step="2"/><T106/><D75/><U51/><E51/><V115/><F115/><W2/><G2/><AGARI ba="0,2" hai="2,7,10,48,49,50,52,59,99,103,107,128,129,130" machi="2" ten="40,12000,1" yaku="1,1,19,1,52,1,54,1,53,0" doraHai="35" doraHaiUra="70" who="1" fromWho="3" sc="210,0,220,140,330,0,220,-120" /><INIT seed="1,1,0,3,5,50" ten="210,360,330,100" oya="1" hai0="28,125,114,99,41,59,25,92,116,10,33,79,47" hai1="68,109,55,85,94,38,26,86,82,40,96,71,93" hai2="80,74,135,69,9,13,12,57,122,15,104,23,121" hai3="53,112,75,32,16,102,54,119,130,51,90,5,30"/><U106/><E106/><V129/><F69/><W19/><G112/><T100/><D116/><U118/><E118/><V67/><F104/><W78/><G119/><T45/><D114/><U58/><E109/><V0/><F129/><W1/><G130/><T56/><D125/><U117/><E117/><V124/><F124/><W111/><G111/><T65/><D79/><U105/><E105/><V4/><F135/><W21/><G102/><T131/><D131/><U113/><E113/><V42/><F42/><W37/><G37/><T72/><D72/><U63/><E26/><V127/><F127/><W2/><G78/><T126/><D126/><U31/><E31/><V83/><F23/><W77/><G77/><T61/><D10/><U87/><E82/><V120/><F74/><W6/><G75/><T39/><REACH who="0" step="1"/><D47/><REACH who="0" ten="200,360,330,100" step="2"/><U97/><E71/><AGARI ba="1,1" hai="25,28,33,39,41,45,56,59,61,65,71,92,99,100" machi="71" ten="30,3900,0" yaku="1,1,2,1,7,1,53,0" doraHai="50" doraHaiUra="76" who="0" fromWho="1" sc="200,52,360,-42,330,0,100,0" /><INIT seed="2,0,0,5,1,62" ten="252,318,330,100" oya="2" hai0="128,109,131,75,59,14,113,16,91,20,112,33,90" hai1="77,134,11,1,27,132,115,130,122,28,82,42,67" hai2="126,65,70,8,74,10,4,72,53,95,101,92,49" hai3="36,48,57,43,40,61,51,25,58,111,19,35,84"/><V98/><F126/><W100/><G100/><T73/><D33/><U12/><E115/><N who="0" m="44105" /><D109/><U124/><E122/><V120/><F120/><W38/><G19/><T94/><D59/><N who="3" m="22537" /><G84/><N who="0" m="52551" /><D91/><U0/><E42/><N who="3" m="15914" /><G25/><T46/><D46/><U97/><E124/><V55/><F74/><W9/><G9/><T34/><D34/><U119/><E97/><V93/><F10/><W2/><G2/><T39/><D39/><N who="3" m="14889" /><G35/><T80/><D80/><U102/><E0/><V6/><F8/><W88/><G88/><T76/><D76/><U114/><E1/><V79/><F79/><W105/><G105/><T5/><D5/><U44/><E82/><V41/><F4/><W117/><G111/><T121/><D121/><U66/><E77/><V99/><F6/><W129/><G117/><T47/><D47/><U22/><E119/><V32/><F32/><W107/><G107/><T86/><D86/><U63/><E114/><V87/><F87/><W60/><G129/><AGARI ba="0,0" hai="14,16,20,73,75,128,129,131" m="52551,44105" machi="129" ten="30,2000,0" yaku="19,1,54,1" doraHai="62" who="0" fromWho="3" sc="252,20,318,0,330,0,100,-20" /><INIT seed="3,0,0,2,2,101" ten="272,318,330,80" oya="3" hai0="34,119,59,104,26,38,61,62,28,21,5,118,103" hai1="60,80,105,11,129,77,115,6,52,30,76,47,54" hai2="9,99,31,3,111,63,68,113,37,55,29,72,15" hai3="86,74,23,100,4,2,87,1,126,22,25,75,43"/><W33/><G33/><T0/><D38/><U81/><E105/><V17/><F113/><W83/><G126/><T89/><D89/><U93/><E115/><V131/><F72/><W110/><G100/><T20/><D5/><U94/><E30/><V106/><F111/><W44/><G110/><T13/><D0/><U58/><E129/><V65/><F131/><W40/><G4/><T128/><D128/><U24/><E24/><V91/><F37/><W8/><G8/><T46/><D46/><U16/><E16/><V39/><F39/><W112/><G112/><T49/><D49/><N who="1" m="28735" /><E11/><V127/><F127/><W14/><G14/><T88/><D62/><U109/><E6/><V84/><F3/><W122/><G44/><T114/><D114/><U64/><E64/><V107/><F55/><W67/><G67/><T98/><D88/><U82/><E109/><V48/><F48/><W108/><G108/><T32/><D32/><U27/><E27/><V50/><F50/><W19/><G25/><T10/><D10/><U35/><E35/><V79/><F31/><W132/><G19/><T45/><D45/><U70/><E70/><V66/><F29/><W71/><G71/><T42/><D42/><U90/><E94/><N who="2" m="56799" /><F66/><W36/><G36/><T51/><D51/><U135/><E135/><V69/><F68/><W130/><G130/><T18/><REACH who="0" step="1"/><D34/><REACH who="0" ten="262,318,330,80" step="2"/><U53/><E53/><AGARI ba="0,1" hai="13,18,20,21,26,28,53,59,61,98,103,104,118,119" machi="53" ten="30,7700,0" yaku="1,1,2,1,7,1,52,1,53,0" doraHai="101" doraHaiUra="85" who="0" fromWho="1" sc="262,87,318,-77,330,0,80,0" owari="349,44.9,241,-15.9,330,13.0,80,-42.0" /></mjloggm>