<mjloggm ver="2.3"><GO type="225" lobby="0"/><UN n0="%77%72%77%72%77%72%77%72" n1="%6C%65%74%69%74%62%65" n2="%E3%81%BF%E3%81%BF%E3%81%9A" n3="%4C%4F%4C%49%54%41" dan="17,16,17,16" rate="2151.97,2114.19,2189.06,2112.77" sx="M,M,M,F"/><TAIKYOKU oya="0"/><INIT seed="0,0,0,3,0,39" ten="250,250,250,250" oya="0" hai0="20,130,116,112,111,128,45,56,113,10,82,97,114" hai1="89,12,18,81,63,5,17,84,16,59,123,34,41" hai2="44,83,101,46,88,62,0,51,7,43,69,2,4" hai3="98,32,95,15,73,107,55,64,102,68,131,117,108"/><T53/><D116/><U122/><E34/><V47/><F101/><W115/><G115/><T19/><D10/><U79/><E5/><N who="2" m="2123" /><F69/><W105/><G117/><T28/><D28/><U40/><E12/><V76/><F0/><W48/><G73/><T90/><D45/><N who="2" m="17514" /><F2/><W25/><G108/><T31/><D31/><U96/><E122/><V132/><F132/><W67/><G131/><N who="0" m="50219" /><D111/><U72/><E123/><V74/><F74/><W66/><G15/><N who="0" m="9343" /><D82/><U26/><E26/><V54/><F76/><W3/><G3/><T119/><D119/><U126/><E126/><V127/><F127/><W99/><G68/><T94/><D112/><U104/><E104/><V11/><F11/><W120/><G120/><T49/><AGARI ba="0,0" hai="49,53,56,90,94,97,113,114" m="9343,50219" machi="49" ten="30,1500,0" yaku="19,1" doraHai="39" who="0" fromWho="0" sc="250,15,250,-5,250,-5,250,-5" /><INIT seed="0,1,0,4,4,33" ten="265,245,245,245" oya="0" hai0="58,89,107,72,5,44,120,7,56,78,45,70,62" hai1="4,127,98,18,2,103,48,131,102,6,28,59,125" hai2="14,10,104,106,50,124,63,119,26,73,32,39,132" hai3="134,86,87,60,112,111,31,92,115,135,23,54,53"/><T84/><D120/><U69/><E69/><V122/><F39/><W34/><G34/><T24/><D107/><U55/><E131/><V52/><F122/><W123/><G123/><T75/><D70/><U95/><E28/><V30/><F73/><W42/><G31/><T117/><D117/><U88/><E18/><V110/><F119/><W40/><G23/><T121/><D121/><U116/><E116/><V91/><F110/><W105/><G60/><T108/><D108/><U49/><E4/><V51/><F124/><N who="1" m="47689" /><E48/><V11/><F132/><W93/><REACH who="3" step="1"/><G111/><REACH who="3" ten="265,245,245,235" step="2"/><T128/><D62/><U19/><E19/><V130/><F130/><W21/><G21/><T65/><D128/><U67/><E67/><V43/><F63/><W113/><G113/><T15/><D65/><U114/><E114/><V1/><F32/><W80/><G80/><T83/><D83/><U64/><E64/><V41/><F30/><W76/><G76/><T81/><D78/><U17/><E17/><V85/><F26/><W12/><G12/><T82/><D24/><U3/><E6/><V61/><F61/><W68/><G68/><T101/><D15/><U25/><E25/><V20/><F20/><W27/><G27/><T133/><D5/><U94/><E103/><V9/><F14/><W22/><G22/><T16/><D101/><U118/><E118/><V29/><F29/><W99/><G99/><AGARI ba="1,1" hai="2,3,49,55,59,88,94,95,98,99,102" m="47689" machi="99" ten="30,7700,0" yaku="18,1,52,2,54,1" doraHai="33" who="1" fromWho="3" sc="265,0,245,90,245,0,235,-80" /><INIT seed="1,0,0,5,0,54" ten="265,335,245,155" oya="1" hai0="88,64,111,49,7,131,121,87,75,105,1,31,93" hai1="90,56,122,118,68,117,125,4,84,116,70,135,23" hai2="46,98,92,8,52,55,66,81,59,96,9,6,57" hai3="15,128,83,20,85,44,24,71,5,28,41,34,48"/><U72/><E72/><V106/><F106/><W79/><G128/><T124/><D131/><U114/><E114/><V115/><F115/><W67/><G71/><T107/><D75/><U35/><E35/><V104/><F104/><W77/><G67/><T134/><D111/><U99/><E122/><V18/><F81/><W25/><G79/><T86/><D121/><U39/><E39/><V3/><F46/><W102/><G102/><T91/><D134/><U37/><E37/><V33/><F33/><W94/><G94/><T62/><D124/><U103/><E4/><V22/><F66/><W130/><G130/><T119/><D119/><U69/><E23/><V76/><F76/><W63/><G63/><T89/><D49/><U32/><E32/><V129/><F129/><W27/><REACH who="3" step="1"/><G34/><REACH who="3" ten="265,335,245,145" step="2"/><T13/><D93/><U65/><E69/><V17/><F92/><W40/><G40/><T82/><D82/><U30/><E68/><V47/><F47/><W21/><G21/><T50/><D62/><U132/><E70/><V43/><F43/><W29/><G29/><T73/><D31/><U51/><E30/><V78/><F78/><W10/><AGARI ba="0,1" hai="5,10,15,20,24,25,27,28,41,44,48,77,83,85" machi="10" ten="30,8000,1" yaku="1,1,0,1,25,2,8,1,53,0" doraHai="54" doraHaiUra="113" who="3" fromWho="3" sc="265,-20,335,-40,245,-20,145,90" /><INIT seed="2,0,0,2,5,104" ten="245,295,225,235" oya="2" hai0="113,100,12,33,116,111,91,28,23,129,70,19,21" hai1="15,126,79,98,108,92,106,76,89,90,38,105,22" hai2="56,118,68,99,0,54,65,51,30,39,114,103,109" hai3="112,31,18,58,124,10,121,127,84,96,75,74,20"/><V133/><F114/><W26/><G121/><T67/><D113/><U27/><E38/><V107/><F118/><W135/><G112/><T128/><D116/><U94/><E108/><V40/><F133/><W14/><G135/><T57/><D111/><U36/><E36/><V17/><F109/><W130/><G130/><N who="0" m="50283" /><D100/><U97/><E15/><V72/><F0/><W62/><G84/><T63/><D33/><U32/><E32/><V11/><F30/><W71/><G71/><T41/><D41/><U45/><E45/><V34/><F34/><W7/><G96/><T64/><D91/><U46/><E46/><N who="2" m="23839" /><F11/><W78/><G78/><T6/><D6/><U37/><E37/><V95/><F17/><W9/><G9/><T123/><D123/><U115/><E115/><V48/><F48/><W83/><G83/><T125/><D125/><N who="3" m="48201" /><G7/><T13/><D28/><U24/><E126/><V119/><F119/><W59/><G59/><T1/><D1/><U131/><E22/><V8/><F8/><W120/><G120/><T134/><D134/><U60/><E131/><V69/><F69/><W43/><G43/><T42/><D42/><U110/><E110/><V16/><F16/><W35/><G35/><T52/><D70/><U88/><E89/><V50/><F50/><W73/><G58/><T66/><D21/><U25/><E25/><AGARI ba="0,0" hai="12,13,19,23,25,52,57,63,64,66,67" m="50283" machi="25" ten="30,2000,0" yaku="19,1,54,1" doraHai="104" who="0" fromWho="1" sc="245,20,295,-20,225,0,235,0" /><INIT seed="3,0,0,1,0,10" ten="265,275,225,235" oya="3" hai0="90,116,102,24,109,25,36,103,74,84,63,30,83" hai1="87,65,9,113,2,70,98,3,66,96,53,97,120" hai2="133,56,62,49,19,59,101,131,55,105,117,0,77" hai3="121,39,33,46,26,41,93,32,6,12,130,127,8"/><W122/><G127/><T73/><D116/><U7/><E113/><V16/><F117/><W118/><G118/><T72/><D36/><U17/><E120/><V88/><F0/><W60/><G130/><T112/><D112/><U35/><E70/><V37/><F37/><W48/><G39/><T91/><D109/><U47/><E35/><V89/><F131/><W78/><G33/><T58/><D91/><N who="2" m="34890" /><F105/><W69/><G93/><T114/><D114/><U94/><E2/><V57/><F133/><W81/><G69/><T27/><REACH who="0" step="1"/><D30/><REACH who="0" ten="255,275,225,235" step="2"/><U99/><E94/><V110/><F110/><W82/><G82/><T11/><D11/><U71/><E9/><V29/><F29/><W124/><G124/><T38/><D38/><U115/><E115/><V67/><F101/><W4/><G121/><T100/><D100/><U21/><E3/><V1/><F1/><W42/><G122/><T34/><D34/><U119/><E119/><V13/><F77/><W45/><G78/><T128/><D128/><U15/><E7/><V92/><F92/><W64/><G4/><T104/><D104/><U51/><E17/><V132/><F132/><W5/><G5/><T135/><D135/><U40/><E21/><N who="2" m="11407" /><F19/><W111/><G111/><T85/><D85/><U80/><E87/><V108/><F108/><W61/><G81/><T76/><D76/><U95/><E80/><V43/><F43/><W68/><G32/><T18/><D18/><U54/><E40/><V125/><F125/><W123/><G123/><T28/><D28/><U22/><E95/><V134/><F134/><W23/><G42/><RYUUKYOKU ba="0,1" sc="255,15,275,-15,225,15,235,-15" hai0="24,25,27,58,63,72,73,74,83,84,90,102,103" hai2="49,55,56,57,59,62,67" /><INIT seed="4,1,1,4,0,75" ten="270,260,240,220" oya="0" hai0="35,19,49,4,6,58,7,41,84,91,51,11,99" hai1="73,30,12,55,109,67,112,71,118,74,39,53,31" hai2="111,117,42,102,3,15,115,134,17,132,122,29,79" hai3="45,37,46,116,119,36,127,106,60,100,89,34,107"/><T108/><D35/><U131/><E109/><V21/><F122/><W5/><G34/><T16/><D108/><U90/><E39/><V124/><F111/><W69/><G5/><T43/><D99/><U103/><E103/><V28/><F102/><W2/><G2/><T70/><D70/><U8/><E90/><V1/><F79/><W121/><G121/><T64/><D64/><U78/><E73/><V133/><F42/><N who="0" m="15882" /><D11/><U54/><E112/><V113/><F124/><W86/><G127/><T23/><D58/><U13/><E67/><V77/><F77/><W96/><G107/><T72/><D72/><U104/><E78/><V81/><F81/><W50/><G69/><T93/><D19/><U95/><E74/><V14/><F117/><W125/><G125/><T32/><D32/><U59/><E104/><V114/><F14/><AGARI ba="1,1" hai="4,6,7,14,16,23,49,51,84,91,93" m="15882" machi="14" ten="30,2900,0" yaku="8,1,54,1" doraHai="75" who="0" fromWho="2" sc="270,42,260,0,240,-32,220,0" owari="312,41.2,260,6.0,208,-29.2,220,-18.0" /></mjloggm>