<mjloggm ver="2.3"><GO type="225" lobby="0"/><UN n0="%E3%81%99%E3%81%84%E3%81%BE%E3%81%9B%E3%83%BC%E3%82%93" n1="%E3%82%B3%E3%83%90%E3%83%AC%E3%82%A4" n2="%E3%81%BF%E3%81%BF%E3%81%9A" n3="%E6%A1%9C%E8%8A%B1%E9%96%83%E3%80%85" dan="18,16,18,16" rate="2167.20,2183.64,2218.24,2094.17" sx="M,M,M,M"/><TAIKYOKU oya="0"/><INIT seed="0,0,0,4,5,133" ten="250,250,250,250" oya="0" hai0="134,52,4,36,106,61,46,30,69,125,114,86,92" hai1="57,79,3,126,95,1,45,83,119,108,21,110,122" hai2="27,123,14,118,55,117,90,40,16,107,62,26,96" hai3="39,100,53,75,25,78,89,8,28,10,124,34,84"/><T112/><D106/><U80/><E119/><N who="2" m="45579" /><F123/><W105/><G39/><T103/><D134/><U98/><E122/><V63/><F40/><W47/><G47/><T56/><D125/><U41/><E126/><V43/><F43/><W130/><G124/><T91/><D103/><U111/><E57/><N who="2" m="35135" /><F63/><W101/><G130/><T49/><D4/><U42/><E42/><V73/><F73/><W128/><G128/><T116/><D116/><U38/><E21/><N who="2" m="11415" /><F90/><W88/><G53/><T68/><D36/><U59/><E59/><V0/><F0/><N who="1" m="73" /><E79/><V29/><F29/><W60/><G60/><T48/><D30/><U102/><AGARI ba="0,0" hai="38,41,45,80,83,95,98,102,108,110,111" m="73" machi="102" ten="40,1500,0" yaku="14,1" doraHai="133" who="1" fromWho="1" sc="250,-7,250,15,250,-4,250,-4" /><INIT seed="1,0,0,5,0,22" ten="243,265,246,246" oya="1" hai0="106,70,23,119,84,19,126,63,53,38,86,131,90" hai1="27,69,48,54,104,35,11,10,33,120,74,5,3" hai2="25,102,124,20,14,87,43,0,108,30,135,72,52" hai3="92,71,118,107,50,80,15,44,61,56,34,77,9"/><U66/><E120/><V8/><F72/><W68/><G107/><T28/><D119/><U82/><E104/><V2/><F43/><W97/><G34/><T65/><D38/><U93/><E11/><V110/><F102/><W113/><G113/><T76/><D131/><U29/><E66/><V116/><F116/><W55/><G118/><T13/><D126/><U57/><E69/><V101/><F101/><W17/><G92/><T32/><D106/><U117/><E117/><V62/><F87/><W125/><G97/><T111/><D111/><N who="2" m="42538" /><F124/><W114/><G114/><T132/><D132/><U100/><E100/><V46/><F135/><W26/><G26/><T21/><D32/><U94/><REACH who="1" step="1"/><E35/><REACH who="1" ten="243,255,246,246" step="2"/><V64/><F64/><W41/><REACH who="3" step="1"/><G125/><REACH who="3" ten="243,255,246,236" step="2"/><T88/><D70/><U75/><E75/><AGARI ba="0,2" hai="9,15,17,41,44,50,55,56,61,68,71,75,77,80" machi="75" ten="30,3900,0" yaku="1,1,2,1,7,1,53,0" doraHai="22" doraHaiUra="134" who="3" fromWho="1" sc="243,0,255,-39,246,0,236,59" /><INIT seed="2,0,0,0,2,57" ten="243,216,246,295" oya="2" hai0="48,73,123,117,125,56,118,21,66,2,15,8,0" hai1="100,101,91,105,68,1,88,128,26,23,86,39,42" hai2="106,72,81,84,53,27,45,51,107,126,99,114,59" hai3="103,102,104,31,110,69,9,28,52,132,12,90,111"/><V33/><F114/><W119/><G119/><N who="0" m="45579" /><D123/><U127/><E1/><V97/><F72/><W40/><G40/><T32/><D32/><U63/><E128/><V44/><F126/><W61/><G132/><T37/><D37/><U131/><E127/><V115/><F115/><W7/><G90/><T41/><D125/><U11/><E11/><V36/><F33/><W60/><G69/><T133/><D73/><U75/><E75/><V50/><F27/><W76/><G76/><T5/><D133/><U77/><E77/><V19/><F36/><W80/><G80/><T121/><D121/><U29/><E131/><V134/><F134/><W55/><G104/><T65/><D21/><U22/><E105/><V112/><F112/><W16/><G7/><T87/><D87/><U25/><E91/><N who="2" m="51599" /><F107/><W49/><G55/><N who="0" m="31847" /><D41/><U54/><E42/><N who="2" m="24855" /><F106/><W116/><G116/><T58/><D66/><U38/><E38/><V4/><F4/><W6/><G6/><T124/><D124/><U93/><E39/><V30/><F30/><N who="3" m="11307" /><G111/><T47/><D47/><U96/><E68/><V89/><F19/><W43/><G110/><T17/><D17/><N who="1" m="12495" /><E96/><V120/><F120/><W108/><G43/><T129/><D129/><U14/><E14/><V82/><F45/><N who="3" m="27695" /><G108/><T130/><D130/><U67/><E67/><V64/><F64/><W62/><AGARI ba="0,0" hai="9,12,16,60,61,62,102,103" m="27695,11307" machi="62" ten="30,12000,2" yaku="8,1,52,3,54,2" doraHai="57" who="3" fromWho="3" sc="243,-30,216,-30,246,-60,295,120" /><INIT seed="3,0,0,2,2,125" ten="213,186,186,415" oya="3" hai0="11,122,0,107,95,8,40,86,1,132,127,35,97" hai1="85,15,9,75,41,81,82,135,91,123,50,106,55" hai2="38,78,23,76,121,42,59,20,105,57,115,70,129" hai3="29,84,7,104,117,73,18,17,98,61,21,13,22"/><W34/><G73/><T87/><D122/><U79/><E123/><V58/><F121/><W31/><G117/><T66/><D35/><U27/><E135/><V63/><F105/><W10/><G84/><N who="0" m="32299" /><D107/><U77/><E106/><V51/><F115/><W114/><G114/><T47/><D132/><U103/><E103/><V111/><F38/><W65/><G34/><T45/><D66/><U64/><E64/><V92/><F111/><W96/><G96/><T30/><D30/><U2/><E2/><V83/><F129/><W60/><G60/><T69/><D69/><U116/><E116/><V56/><F70/><W120/><G21/><N who="2" m="8265" /><F92/><W44/><G44/><N who="0" m="16971" /><D40/><U131/><E131/><V130/><F130/><W119/><G10/><N who="0" m="3627" /><D127/><U25/><E41/><V54/><F83/><W48/><G48/><T28/><D28/><U89/><E79/><N who="2" m="30251" /><F42/><W71/><G119/><T90/><D0/><U5/><E91/><V16/><F16/><W94/><G18/><T109/><D1/><U108/><E108/><V67/><AGARI ba="0,0" hai="51,54,56,57,58,59,63,67" m="30251,8265" machi="67" ten="30,1100,0" yaku="8,1" doraHai="125" who="2" fromWho="2" sc="213,-3,186,-3,186,11,415,-5" owari="210,1.0,183,-31.7,197,-20.3,410,51.0" /></mjloggm>