<mjloggm ver="2.3"><GO type="225" lobby="0"/><UN n0="%E3%81%BF%E3%81%BF%E3%81%9A" n1="%E7%B4%94%E6%BD%94%E3%83%94%E3%83%A9%E3%83%8B%E3%82%A2" n2="%E6%9C%88%E5%B3%B6%E5%9F%BA" n3="%E9%A6%AC%E5%BC%95%E7%81%AB%33" dan="17,17,17,16" rate="2182.81,2201.39,2202.63,2134.21" sx="M,M,M,M"/><TAIKYOKU oya="0"/><INIT seed="0,0,0,5,2,109" ten="250,250,250,250" oya="0" hai0="48,31,121,102,116,124,27,67,108,103,131,12,57" hai1="89,72,20,114,55,104,107,87,18,96,113,82,2" hai2="50,4,41,37,59,69,71,32,6,73,80,77,78" hai3="17,39,70,95,128,134,30,76,38,66,75,14,125"/><T46/><D116/><U99/><E2/><V60/><F32/><W106/><G106/><N who="1" m="40490" /><E55/><N who="2" m="32247" /><F77/><W94/><G125/><T63/><D121/><U129/><E129/><V62/><F62/><W110/><G110/><T135/><D108/><U21/><E21/><V119/><F71/><W25/><G128/><T16/><D135/><U112/><E72/><V44/><F119/><W49/><G134/><T105/><D124/><U40/><E40/><V36/><F36/><W10/><G49/><T68/><D68/><U123/><E123/><V83/><F80/><W118/><G118/><T52/><D105/><U90/><E89/><V117/><F117/><W64/><G39/><T79/><D79/><U13/><AGARI ba="0,0" hai="13,18,20,82,87,90,96,99,112,113,114" m="40490" machi="13" ten="40,8000,1" yaku="11,1,52,3" doraHai="109" who="1" fromWho="1" sc="250,-40,250,80,250,-20,250,-20" /><INIT seed="1,0,0,4,3,132" ten="210,330,230,230" oya="1" hai0="97,48,83,8,28,4,88,50,33,117,99,86,58" hai1="129,60,124,64,17,115,133,100,77,73,101,35,41" hai2="89,110,71,120,22,130,49,79,1,75,16,32,72" hai3="90,135,10,114,53,121,3,0,102,19,14,67,47"/><U55/><E115/><V37/><F37/><W9/><G114/><T30/><D117/><U107/><E133/><V42/><F120/><W91/><G121/><T38/><D38/><U25/><E129/><V36/><F36/><W123/><G123/><T24/><D30/><U87/><E41/><V59/><F32/><W69/><G135/><T31/><D31/><U7/><E7/><V92/><F71/><W113/><G113/><T51/><REACH who="0" step="1"/><D58/><REACH who="0" ten="200,330,230,230" step="2"/><U23/><E35/><V20/><F59/><W43/><G69/><T21/><D21/><U93/><E23/><V52/><F22/><W27/><G47/><T63/><D63/><U119/><E60/><V54/><F20/><W74/><G67/><T26/><D26/><U46/><E25/><V65/><F65/><W78/><G27/><T29/><D29/><U5/><E46/><V111/><F111/><W128/><G128/><T18/><D18/><U85/><E17/><V103/><F16/><W68/><G68/><T44/><D44/><U94/><E119/><V34/><F110/><W12/><G19/><T106/><D106/><U76/><E107/><V70/><F34/><W98/><G10/><T57/><D57/><U39/><E39/><V122/><F70/><W118/><G9/><T80/><D80/><U84/><E64/><V134/><F130/><W125/><G118/><T108/><D108/><U109/><E109/><V96/><F134/><W15/><G3/><AGARI ba="0,1" hai="3,4,8,24,28,33,48,50,51,83,86,88,97,99" machi="3" ten="40,8000,1" yaku="1,1,54,1,53,2" doraHai="132" doraHaiUra="95" who="0" fromWho="3" sc="200,90,330,0,230,0,230,-80" /><INIT seed="2,0,0,5,2,65" ten="290,330,230,150" oya="2" hai0="71,50,103,91,15,60,110,29,0,117,77,63,120" hai1="78,74,16,2,7,54,70,56,111,94,36,98,114" hai2="9,40,89,118,30,1,92,131,59,26,49,81,10" hai3="102,51,95,73,34,39,80,20,134,126,25,75,28"/><V125/><F118/><W5/><G39/><T133/><D120/><U124/><E114/><V113/><F113/><W27/><G126/><T67/><D133/><U85/><E124/><V66/><F125/><W58/><G134/><T96/><D77/><U52/><E70/><V43/><F131/><W88/><G102/><T12/><D0/><U109/><E36/><V135/><F135/><W108/><G108/><N who="1" m="41546" /><E74/><V24/><F81/><W47/><G58/><T123/><D110/><U104/><E104/><V33/><F1/><W99/><G5/><T13/><D123/><U105/><E105/><V107/><F107/><W8/><G8/><N who="2" m="3177" /><F33/><W31/><REACH who="3" step="1"/><G80/><REACH who="3" ten="290,330,230,140" step="2"/><T83/><D103/><N who="1" m="60887" /><E7/><V101/><F59/><W130/><G130/><T127/><D83/><N who="1" m="47351" /><E2/><V48/><F101/><W38/><G38/><T35/><D127/><U17/><E54/><AGARI ba="0,1" hai="20,25,27,28,31,34,47,51,54,73,75,88,95,99" machi="54" ten="30,3900,0" yaku="1,1,7,1,54,1,53,0" doraHai="65" doraHaiUra="97" who="3" fromWho="1" sc="290,0,330,-39,230,0,140,49" /><INIT seed="3,0,0,4,5,121" ten="290,291,230,189" oya="3" hai0="114,70,51,96,56,29,22,35,49,59,11,104,40" hai1="4,86,81,135,99,64,84,75,18,47,36,118,87" hai2="125,37,101,57,2,93,20,54,113,109,91,90,100" hai3="16,74,71,111,95,132,44,133,34,72,82,7,127"/><W122/><G122/><T13/><D70/><U107/><E118/><V116/><F37/><W28/><G71/><T78/><D35/><U66/><E135/><N who="3" m="51786" /><G127/><T31/><D104/><U89/><E4/><V55/><F2/><W73/><G7/><N who="0" m="3327" /><D114/><U26/><E107/><V48/><F113/><W3/><G3/><T10/><D78/><U0/><E0/><V38/><F38/><W88/><G44/><N who="0" m="25735" /><D10/><U23/><E75/><V15/><F116/><W128/><G128/><T92/><D51/><U60/><E36/><V33/><F33/><W19/><G82/><T110/><D110/><U41/><E99/><V106/><F109/><W45/><G45/><T130/><D130/><U131/><E131/><V67/><F106/><W32/><G111/><T58/><D22/><U77/><E77/><V46/><F46/><W76/><G76/><T63/><D63/><U115/><E60/><V83/><F83/><W65/><G34/><T80/><D80/><U42/><E47/><V30/><F125/><W97/><G65/><N who="1" m="25194" /><E115/><V1/><F67/><W5/><G5/><T52/><D52/><U25/><E41/><V120/><F55/><W126/><G126/><T21/><D21/><N who="1" m="13495" /><E42/><V98/><F120/><W105/><G105/><T8/><D8/><U27/><E23/><V102/><F1/><W123/><G123/><T24/><D24/><AGARI ba="0,0" hai="24,26,27,81,84,86,87,89" m="13495,25194" machi="24" ten="30,1000,0" yaku="8,1" doraHai="121" who="1" fromWho="0" sc="290,-10,291,10,230,0,189,0" /><AGARI ba="0,0" hai="16,19,24,28,32,72,73,74,88,95,97" m="51786" machi="24" ten="40,7700,0" yaku="20,1,54,2" doraHai="121" who="3" fromWho="0" sc="280,-77,301,0,230,0,189,77" /><INIT seed="3,1,0,5,3,121" ten="203,301,230,266" oya="3" hai0="64,79,129,27,6,89,123,135,58,106,128,44,62" hai1="125,119,110,30,122,69,54,84,78,61,38,66,14" hai2="63,73,131,75,25,7,20,72,94,104,126,34,55" hai3="109,118,115,28,100,1,114,76,116,41,105,45,108"/><W49/><G1/><T42/><D123/><U56/><E122/><V40/><F104/><W29/><G76/><T65/><D106/><U46/><E119/><N who="3" m="45610" /><G29/><T21/><D135/><U26/><E125/><V85/><F34/><W50/><G28/><N who="0" m="17519" /><D79/><U39/><E14/><V22/><F131/><N who="0" m="50250" /><D6/><U97/><E97/><V33/><F40/><W36/><G100/><T4/><D4/><U86/><E78/><V92/><F126/><W77/><G77/><T3/><D3/><U31/><E31/><V24/><F7/><W70/><G70/><T48/><D89/><U112/><E112/><N who="3" m="43050" /><G105/><T133/><D133/><U67/><BYE who="0" /><E69/><UN n0="%E3%81%BF%E3%81%BF%E3%81%9A" /><V87/><F73/><W43/><G36/><T16/><D64/><U19/><E67/><V102/><F75/><W12/><G12/><T134/><D134/><U124/><E124/><V18/><F72/><W32/><G32/><T127/><D127/><U47/><E66/><V57/><F33/><W15/><G15/><T83/><D83/><U74/><E74/><V95/><REACH who="2" step="1"/><F102/><REACH who="2" ten="203,301,220,266" step="2"/><W53/><G43/><T80/><D80/><U35/><E35/><V99/><F99/><W120/><G120/><T98/><D98/><U11/><E86/><V132/><F132/><W68/><G68/><T130/><N who="0" m="50258" /><T111/><DORA hai="37" /><D16/><AGARI ba="1,1" hai="16,18,20,22,24,25,55,57,63,85,87,92,94,95" machi="16" ten="40,12000,2" yaku="1,1,9,1,8,1,54,1,53,2" doraHai="121,37" doraHaiUra="17,10" who="2" fromWho="0" sc="203,-123,301,0,220,133,266,0" owari="80,-42.0,301,10.1,353,45.3,266,-13.4" /></mjloggm>