<mjloggm ver="2.3"><GO type="225" lobby="0"/><UN n0="%E3%81%8B%E3%82%8F%E3%81%A1%E3%82%83%E3%82%93%35%38" n1="%E8%81%B7%E6%A5%AD%E3%80%81%E9%A2%A8%32" n2="%4C%E3%82%AA%E3%83%97%E3%83%86%E3%82%A3%E3%82%B8%E3%83%B3%E3%82%AF" n3="%E3%83%A9%E3%82%B9%E7%8E%87%EF%BC%93%E5%89%B2" dan="16,16,16,17" rate="2162.97,2182.42,2122.16,2199.20" sx="M,M,M,F"/><TAIKYOKU oya="0"/><INIT seed="0,0,0,1,1,85" ten="250,250,250,250" oya="0" hai0="35,54,72,120,67,20,56,97,130,108,110,93,83" hai1="125,106,134,57,63,59,55,10,87,39,8,25,37" hai2="102,30,62,135,0,123,73,17,81,48,71,12,98" hai3="107,119,47,127,109,104,86,13,77,90,42,14,70"/><T68/><D35/><U40/><E106/><V133/><F123/><W79/><G70/><T6/><D120/><U26/><E134/><N who="2" m="51211" /><F0/><W122/><G122/><T33/><D33/><U19/><E125/><V89/><F30/><W38/><G119/><T64/><D68/><U4/><E40/><V88/><F48/><W96/><G109/><N who="0" m="42091" /><D130/><U49/><E87/><V103/><F81/><W94/><G127/><T50/><D6/><U9/><E4/><V74/><F62/><W132/><G132/><T101/><D20/><U78/><E78/><AGARI ba="0,0" hai="50,54,56,64,67,72,78,83,93,97,101" m="42091" machi="78" ten="30,2900,0" yaku="14,1,10,1" doraHai="85" who="0" fromWho="1" sc="250,29,250,-29,250,0,250,0" /><INIT seed="0,1,0,4,4,76" ten="279,221,250,250" oya="0" hai0="5,134,22,60,133,64,107,73,33,7,72,12,18" hai1="78,77,62,53,39,88,109,117,95,119,65,66,40" hai2="68,52,13,118,44,115,25,71,27,84,67,47,50" hai3="19,135,131,36,104,51,87,58,43,6,121,70,57"/><T10/><D33/><U102/><E109/><V75/><F75/><W85/><G70/><T37/><D37/><U11/><E102/><V82/><F115/><W98/><G131/><T108/><D107/><U91/><E39/><V21/><F118/><W123/><G135/><N who="0" m="51723" /><D108/><U59/><E117/><V127/><F127/><W94/><G104/><T106/><D106/><U34/><E34/><V1/><F1/><W69/><G69/><N who="0" m="42119" /><D5/><U55/><E119/><V110/><F110/><W125/><G6/><T46/><D46/><U97/><E40/><V49/><F67/><N who="1" m="25609" /><E11/><V116/><F116/><W41/><G36/><T15/><AGARI ba="1,0" hai="7,10,12,15,18,22,72,73" m="42119,51723" machi="15" ten="30,1500,0" yaku="20,1" doraHai="76" who="0" fromWho="0" sc="279,18,221,-6,250,-6,250,-6" /><INIT seed="0,2,0,1,3,90" ten="297,215,244,244" oya="0" hai0="28,12,10,121,129,131,45,24,123,95,53,128,23" hai1="15,106,127,83,74,42,37,25,117,91,69,57,82" hai2="81,94,102,44,107,29,14,96,133,76,36,34,105" hai3="35,47,52,109,65,132,43,49,66,98,108,8,38"/><T71/><D71/><U63/><E117/><V70/><F70/><W124/><G35/><T89/><D45/><U112/><E127/><V92/><F133/><W30/><G30/><T39/><D53/><U99/><E69/><V114/><F114/><W50/><G8/><T16/><REACH who="0" step="1"/><D39/><REACH who="0" ten="287,215,244,244" step="2"/><U46/><E46/><V13/><F36/><W48/><G52/><T115/><D115/><U125/><E37/><V73/><F44/><W87/><G132/><T20/><D20/><U86/><E112/><V67/><F67/><W5/><G65/><T100/><D100/><U6/><E125/><V27/><REACH who="2" step="1"/><F107/><REACH who="2" ten="287,215,234,244" step="2"/><W0/><G66/><T51/><D51/><U1/><E106/><V33/><F33/><W31/><G124/><T118/><D118/><U55/><E55/><V97/><F97/><AGARI ba="2,2" hai="10,12,16,23,24,28,89,95,97,121,123,128,129,131" machi="97" ten="40,12000,1" yaku="1,1,19,1,52,1,54,1,53,0" doraHai="90" doraHaiUra="54" who="0" fromWho="2" sc="287,146,215,0,234,-126,244,0" /><INIT seed="0,3,0,5,1,132" ten="433,215,108,244" oya="0" hai0="91,12,58,135,98,1,28,128,90,60,24,16,75" hai1="64,101,83,40,4,99,129,49,71,92,7,84,115" hai2="95,37,34,69,126,0,63,109,100,2,86,88,93" hai3="114,127,77,44,17,68,123,74,111,134,112,116,51"/><T120/><D120/><U52/><E129/><V121/><F121/><W73/><G17/><T3/><D75/><U61/><E40/><V8/><F37/><W76/><G51/><T65/><D128/><U70/><E71/><V5/><F34/><W30/><G30/><T107/><D135/><U103/><E101/><V94/><F109/><W87/><G44/><T62/><D90/><U29/><E29/><V72/><F72/><W21/><G21/><T48/><D48/><U80/><E80/><V105/><F126/><W15/><G15/><T85/><D60/><U10/><E10/><V118/><F118/><W122/><G68/><T119/><D98/><U102/><E102/><V38/><F38/><W9/><G9/><T50/><D50/><U13/><E13/><V22/><F22/><W33/><G33/><T19/><D107/><U11/><E11/><V46/><F46/><W39/><G39/><T32/><D119/><U66/><E66/><V47/><F47/><W106/><G106/><T36/><D36/><U104/><E104/><V125/><F125/><W41/><G41/><T6/><D6/><U78/><REACH who="1" step="1"/><E115/><REACH who="1" ten="433,205,108,244" step="2"/><V130/><F130/><W82/><G134/><T59/><D12/><U54/><E54/><V131/><F131/><W53/><G53/><N who="0" m="34127" /><D19/><U14/><E14/><N who="2" m="5391" /><F105/><W23/><G122/><T96/><D16/><U57/><AGARI ba="3,1" hai="4,7,49,52,57,61,64,70,78,83,84,92,99,103" machi="57" ten="20,5200,0" yaku="1,1,0,1,7,1,54,1,53,0" doraHai="132" doraHaiUra="20" who="1" fromWho="1" sc="433,-29,205,71,108,-16,244,-16" /><INIT seed="1,0,0,1,5,115" ten="404,276,92,228" oya="1" hai0="55,32,102,43,64,20,56,127,126,132,69,87,74" hai1="85,124,31,108,92,101,27,40,131,77,14,79,39" hai2="35,123,94,97,84,121,61,37,41,49,71,2,21" hai3="67,90,46,34,73,93,65,54,130,24,30,26,13"/><U18/><E124/><N who="0" m="47657" /><D74/><U76/><E131/><V59/><F35/><W63/><G73/><T45/><D32/><U42/><E39/><V62/><F2/><W83/><G130/><T134/><D102/><U47/><E47/><V57/><F37/><W100/><G100/><T1/><D1/><U95/><E108/><V114/><F114/><W33/><G83/><T16/><D87/><U48/><E48/><V38/><F38/><W15/><G46/><T17/><D64/><U110/><E110/><V9/><F71/><W111/><G54/><T118/><D69/><U6/><E6/><V99/><F41/><N who="1" m="15977" /><E85/><V70/><F70/><W103/><G103/><T68/><D68/><U86/><E86/><V8/><F49/><W133/><G111/><T107/><D107/><U117/><E117/><V105/><F84/><W116/><G63/><N who="0" m="36255" /><D118/><U60/><E101/><V10/><F105/><W19/><G116/><T82/><D82/><U72/><E72/><V51/><F51/><W129/><G129/><T88/><D45/><U122/><E60/><N who="2" m="23147" /><F121/><W25/><G67/><T78/><D43/><U28/><E122/><V50/><F123/><W113/><G65/><T58/><D58/><N who="2" m="22026" /><F50/><W81/><G33/><T112/><D112/><U91/><E95/><V109/><F109/><W104/><G113/><T22/><D78/><U29/><E92/><V23/><F94/><W106/><G93/><T80/><D80/><U75/><E75/><V0/><F0/><W98/><G81/><T89/><D134/><U120/><E120/><V44/><F44/><W5/><G133/><T36/><D132/><RYUUKYOKU ba="0,0" sc="404,-10,276,-10,92,30,228,-10" hai2="8,9,10,21,23,97,99" /><INIT seed="2,1,0,0,4,91" ten="394,266,122,218" oya="2" hai0="94,87,78,3,98,60,55,82,105,127,20,70,85" hai1="67,133,48,88,95,29,75,100,77,21,116,30,65" hai2="38,6,97,134,18,44,31,32,106,11,69,46,108" hai3="123,90,129,53,1,113,57,121,102,7,74,15,36"/><V109/><F69/><W110/><G74/><T131/><D3/><U51/><E116/><V39/><F134/><W41/><G1/><T72/><D127/><U61/><E100/><N who="2" m="62735" /><F18/><W14/><G113/><T76/><D131/><U33/><E33/><V120/><F120/><W34/><G34/><T130/><D130/><U49/><E133/><V5/><F31/><N who="1" m="11785" /><E75/><V24/><F24/><W93/><G102/><T79/><D105/><U119/><E119/><V12/><F6/><W27/><G27/><T19/><D72/><U99/><E21/><V9/><F9/><W35/><G35/><T25/><D85/><U64/><E77/><V81/><F81/><W37/><G129/><T89/><D70/><U68/><E68/><V47/><F32/><W58/><G7/><T2/><D2/><U118/><E118/><V71/><F71/><W56/><G121/><T96/><D96/><U122/><E122/><V63/><F63/><W54/><G123/><T112/><D112/><U73/><E73/><V125/><F125/><W66/><G15/><T104/><D104/><U101/><E61/><V59/><F59/><AGARI ba="1,0" hai="19,20,25,55,59,60,76,78,79,82,87,89,94,98" machi="59" ten="40,8000,1" yaku="25,2,8,1,52,1" doraHai="91" who="0" fromWho="2" sc="394,83,266,0,122,-83,218,0" /><INIT seed="3,0,0,0,2,11" ten="477,266,39,218" oya="3" hai0="18,24,90,29,126,77,64,65,120,128,26,102,58" hai1="55,124,25,98,75,94,36,127,63,68,50,51,62" hai2="70,76,117,66,105,133,130,15,71,56,108,122,85" hai3="28,19,9,100,110,93,88,3,125,69,20,48,40"/><W118/><G118/><T46/><D120/><U5/><E75/><V109/><F15/><W92/><G125/><N who="1" m="48202" /><E36/><V81/><F56/><W79/><G110/><T39/><D128/><U60/><E5/><V42/><F42/><W6/><G69/><T91/><D91/><N who="1" m="55647" /><E25/><V72/><F85/><W1/><G28/><T99/><D58/><N who="1" m="33143" /><E51/><V135/><F66/><AGARI ba="0,0" hai="60,62,63,66,68" m="33143,55647,48202" machi="66" ten="30,1000,0" yaku="18,1" doraHai="11" who="1" fromWho="2" sc="477,0,266,10,39,-10,218,0" owari="477,57.7,276,7.6,29,-47.1,218,-18.2" /></mjloggm>