<mjloggm ver="2.3"><GO type="225" lobby="0"/><UN n0="%E4%BF%BA%E3%81%A8%E5%A6%96%E5%A4%A2" n1="%E6%98%93%E5%88%A9%E8%96%A9%E4%BC%AF" n2="%33%74%72%65%65" n3="%E8%A8%88%E7%AE%97%E6%A9%9F%E8%87%AA%E7%84%B6" dan="16,17,16,17" rate="2187.04,2188.84,2158.49,2155.02" sx="F,F,F,M"/><TAIKYOKU oya="0"/><INIT seed="0,0,0,1,4,7" ten="250,250,250,250" oya="0" hai0="19,66,80,73,51,84,123,92,93,121,133,81,2" hai1="115,114,97,46,39,118,67,60,50,61,28,25,16" hai2="49,75,8,90,103,122,96,68,26,89,78,31,29" hai3="45,94,86,41,32,128,23,72,98,9,91,109,17"/><T13/><D2/><U88/><E118/><V48/><F122/><W5/><G109/><T3/><D3/><U101/><E39/><V57/><F68/><W38/><G128/><T82/><D133/><U37/><E37/><V58/><F75/><W55/><G72/><T54/><D73/><U42/><E28/><V35/><F78/><W77/><G32/><T87/><D66/><U127/><E127/><V134/><F134/><W64/><G55/><T83/><D123/><U110/><E110/><V33/><F103/><W6/><G64/><T120/><D120/><U15/><E25/><V52/><F8/><W100/><G77/><T79/><D87/><U117/><E117/><V99/><REACH who="2" step="1"/><F26/><REACH who="2" ten="250,250,240,250" step="2"/><W12/><REACH who="3" step="1"/><G23/><REACH who="3" ten="250,250,240,240" step="2"/><N who="0" m="11759" /><D121/><U10/><E115/><V125/><F125/><W85/><G85/><T76/><D76/><U0/><E114/><V4/><F4/><W62/><G62/><T65/><D65/><U40/><E61/><V69/><F69/><W95/><AGARI ba="0,2" hai="5,6,9,12,17,38,41,45,86,91,94,95,98,100" machi="95" ten="20,5200,0" yaku="1,1,0,1,7,1,52,1,53,0" doraHai="7" doraHaiUra="27" who="3" fromWho="3" sc="250,-26,250,-13,240,-13,240,72" /><INIT seed="1,0,0,3,3,90" ten="224,237,227,312" oya="1" hai0="45,27,57,52,60,53,32,89,95,43,126,111,36" hai1="116,125,121,98,88,59,48,10,86,109,19,117,83" hai2="87,79,62,31,63,93,69,46,8,119,108,110,65" hai3="23,1,107,78,132,11,113,51,91,50,30,0,15"/><U13/><E121/><V101/><F119/><W18/><G113/><T94/><D111/><N who="2" m="42538" /><F31/><W37/><G37/><T61/><D126/><U81/><E109/><V129/><F129/><W127/><G107/><T14/><D14/><U49/><E125/><V76/><F46/><W64/><G78/><T85/><D32/><U105/><E83/><V135/><F135/><W103/><G103/><T21/><D61/><U17/><E17/><V102/><F8/><W3/><G64/><T55/><REACH who="0" step="1"/><D94/><REACH who="0" ten="214,237,227,312" step="2"/><U130/><E130/><V97/><F62/><W114/><G15/><T100/><D100/><U4/><E105/><N who="2" m="63663" /><F102/><W2/><G1/><T67/><D67/><U7/><E117/><V35/><F35/><W123/><G2/><T112/><D112/><U29/><E116/><V16/><F93/><W134/><G3/><T80/><D80/><U24/><E98/><V99/><F99/><W120/><G0/><T72/><D72/><U82/><E82/><V5/><F87/><W74/><G114/><T56/><D56/><U118/><E118/><V131/><F131/><W47/><G127/><T70/><D70/><U26/><E26/><V6/><F63/><W28/><G74/><T75/><D75/><U68/><E68/><V58/><F58/><W44/><G132/><T71/><D71/><U106/><E106/><V54/><F65/><W9/><G134/><T128/><D128/><U22/><REACH who="1" step="1"/><E59/><REACH who="1" ten="214,227,227,312" step="2"/><V41/><F69/><W12/><G123/><T42/><D42/><U39/><E39/><V66/><F41/><N who="3" m="24847" /><G120/><T92/><D92/><U38/><E38/><V77/><F66/><RYUUKYOKU ba="0,2" sc="214,15,227,15,227,-15,312,-15" hai0="21,27,36,43,45,52,53,55,57,60,85,89,95" hai1="4,7,10,13,19,22,24,29,48,49,81,86,88" /><INIT seed="1,1,2,2,0,46" ten="229,242,212,297" oya="1" hai0="95,77,73,22,8,123,19,128,1,28,78,122,64" hai1="62,106,83,31,85,121,5,92,0,116,36,74,87" hai2="35,50,7,126,107,102,24,2,27,26,57,48,76" hai3="134,93,67,89,118,98,56,15,41,103,11,127,44"/><U45/><E116/><V61/><F126/><W120/><G120/><N who="0" m="46123" /><D128/><U52/><E106/><V18/><F35/><W80/><G134/><T101/><D73/><U53/><E121/><V51/><F76/><W34/><G34/><T17/><D28/><U13/><E0/><V133/><F133/><W38/><G127/><T112/><D112/><U10/><E74/><V104/><F18/><N who="0" m="6666" /><D22/><U66/><E31/><V110/><F110/><W4/><G118/><T70/><D64/><U55/><E92/><V97/><F104/><W58/><G67/><T9/><D70/><U90/><E85/><V54/><REACH who="2" step="1"/><F2/><REACH who="2" ten="229,242,202,297" step="2"/><W91/><G80/><T96/><D1/><U39/><REACH who="1" step="1"/><E45/><REACH who="1" ten="229,232,202,297" step="2"/><V30/><F30/><W49/><G38/><T113/><D113/><U86/><E86/><V20/><F20/><W47/><G44/><T129/><D129/><U132/><E132/><V125/><F125/><W16/><G47/><T119/><D119/><U79/><E79/><AGARI ba="1,4" hai="8,9,77,78,79,95,96,101" m="6666,46123" machi="79" ten="30,1000,0" yaku="13,1" doraHai="46" who="0" fromWho="1" sc="229,53,232,-13,202,0,297,0" /><INIT seed="2,0,0,1,0,42" ten="282,219,202,297" oya="2" hai0="56,101,26,45,103,78,100,82,88,131,14,105,24" hai1="40,64,38,21,71,22,123,96,94,13,110,18,8" hai2="134,28,93,122,62,77,90,115,57,48,135,109,35" hai3="95,92,73,130,104,2,84,97,118,69,33,112,7"/><V74/><F115/><W121/><RYUUKYOKU type="yao9" ba="0,0" sc="282,0,219,0,202,0,297,0" hai3="2,7,33,69,73,84,92,95,97,104,112,118,121,130" /><INIT seed="2,1,0,3,5,91" ten="282,219,202,297" oya="2" hai0="22,16,45,53,68,13,23,82,121,106,103,90,102" hai1="55,112,27,94,12,77,11,39,96,20,3,42,29" hai2="15,17,26,65,33,51,66,75,110,8,24,0,113" hai3="92,87,84,76,6,93,62,5,19,104,128,71,1"/><V36/><F113/><W83/><G104/><T69/><D121/><U48/><E3/><V80/><F36/><W98/><G1/><T109/><D106/><U124/><E124/><V7/><F110/><W125/><G128/><T133/><D109/><U40/><E77/><V63/><F51/><W79/><G71/><T100/><D133/><U111/><E39/><V95/><F65/><W120/><G62/><T32/><D32/><U101/><E112/><V135/><F135/><W118/><G19/><T81/><D68/><U57/><REACH who="1" step="1"/><E111/><REACH who="1" ten="282,209,202,297" step="2"/><V10/><F33/><W64/><G79/><T18/><D69/><U60/><E60/><V123/><F123/><W134/><G76/><T117/><D117/><U41/><E41/><V99/><F75/><W122/><G125/><T85/><D81/><U116/><E116/><V34/><F80/><W58/><G118/><T43/><D53/><U30/><E30/><V67/><F34/><W131/><G83/><T49/><REACH who="0" step="1"/><D102/><REACH who="0" ten="272,209,202,297" step="2"/><U59/><E59/><V114/><F114/><W132/><G58/><T97/><D97/><U105/><E105/><V129/><F129/><W25/><G98/><T52/><D52/><U47/><E47/><V28/><F99/><W31/><G131/><T108/><D108/><U4/><AGARI ba="1,2" hai="4,11,12,20,27,29,40,42,48,55,57,94,96,101" machi="4" ten="20,8000,1" yaku="1,1,0,1,7,1,8,1,52,1,53,0" doraHai="91" doraHaiUra="86" who="1" fromWho="1" sc="272,-21,209,103,202,-41,297,-21" /><INIT seed="3,0,0,4,5,68" ten="251,312,161,276" oya="3" hai0="126,31,119,43,4,44,52,84,75,47,99,81,19" hai1="27,109,10,105,56,116,72,107,0,127,65,35,46" hai2="80,7,134,69,92,110,112,97,95,57,114,25,1" hai3="17,26,131,78,67,59,74,79,23,66,133,94,40"/><W73/><G131/><T117/><D75/><U22/><E46/><V123/><F69/><W11/><G133/><T83/><D126/><U42/><E42/><V45/><F134/><W132/><G132/><T88/><D31/><N who="1" m="19967" /><E56/><V125/><F125/><W30/><G73/><T8/><D19/><U12/><E65/><V71/><F71/><W87/><G40/><T85/><D99/><U55/><E55/><V90/><F123/><W118/><G118/><T76/><D44/><U135/><E109/><V33/><F110/><W102/><G74/><T113/><D113/><U104/><E116/><V89/><F80/><W49/><G49/><T100/><D100/><U16/><E72/><V93/><F45/><W64/><G59/><T129/><D52/><U3/><E3/><V9/><F57/><W121/><G121/><T36/><D129/><U115/><E115/><V5/><F5/><W28/><G11/><T13/><AGARI ba="0,0" hai="4,8,13,36,43,47,76,81,83,84,85,88,117,119" machi="13" ten="20,5200,0" yaku="0,1,7,1,52,1,54,1" doraHai="68" who="0" fromWho="0" sc="251,52,312,-13,161,-13,276,-26" owari="303,40.3,299,9.9,148,-35.2,250,-15.0" /></mjloggm>