<mjloggm ver="2.3"><GO type="225" lobby="0"/><UN n0="%77%72%77%72%77%72%77%72" n1="%E3%83%A9%E3%82%B9%E7%8E%87%EF%BC%93%E5%89%B2" n2="%E7%9A%AE%E3%80%85" n3="%E9%BB%99%E8%81%B4%E3%81%AE%E3%81%99%E3%82%9D%E3%82%81" dan="16,17,16,16" rate="2141.35,2204.41,2149.29,2094.26" sx="M,F,F,M"/><TAIKYOKU oya="0"/><INIT seed="0,0,0,3,3,24" ten="250,250,250,250" oya="0" hai0="123,1,39,21,23,130,109,19,16,88,29,69,55" hai1="74,2,122,85,72,18,52,10,90,65,128,40,83" hai2="46,43,57,103,119,73,92,110,77,135,50,47,34" hai3="62,53,111,99,38,107,97,14,42,118,48,96,78"/><T98/><D123/><U76/><E122/><V60/><F110/><W7/><G111/><T81/><D109/><U87/><E128/><V17/><F135/><W113/><G113/><T64/><D39/><U8/><E65/><V101/><F119/><W89/><G118/><T131/><D1/><U5/><E40/><V36/><F34/><W68/><G78/><T94/><D55/><U15/><REACH who="1" step="1"/><E52/><REACH who="1" ten="250,240,250,250" step="2"/><V120/><F120/><W22/><G42/><T4/><D64/><U121/><E121/><V134/><F134/><W0/><G53/><T59/><D69/><U124/><E124/><V27/><F43/><W41/><G41/><T3/><D59/><U70/><E70/><V100/><F57/><W44/><G68/><T117/><D117/><U112/><E112/><V30/><F60/><W102/><G62/><T61/><D61/><U115/><E115/><V26/><F47/><W12/><G44/><T45/><D45/><U9/><E9/><V71/><F46/><W104/><G38/><T49/><D49/><U86/><E86/><V79/><F50/><W35/><G48/><T127/><D127/><U32/><E32/><V93/><F71/><W84/><G35/><T82/><D131/><U13/><E13/><V66/><F66/><W33/><G33/><T63/><D130/><U80/><AGARI ba="0,1" hai="2,5,8,10,15,18,72,74,76,80,83,85,87,90" machi="80" ten="20,2700,0" yaku="1,1,0,1,7,1,53,0" doraHai="24" doraHaiUra="51" who="1" fromWho="1" sc="250,-13,240,37,250,-7,250,-7" /><INIT seed="1,0,0,2,5,2" ten="237,277,243,243" oya="1" hai0="77,1,9,120,16,59,123,61,98,93,27,22,29" hai1="102,73,87,55,128,100,101,79,86,92,13,72,53" hai2="20,33,89,6,99,95,118,109,66,67,74,106,69" hai3="4,38,44,12,46,14,7,49,37,103,104,117,39"/><U75/><E13/><N who="3" m="5226" /><G104/><T122/><D77/><U107/><E55/><V132/><F118/><W82/><G103/><N who="1" m="39498" /><E53/><V10/><F33/><W17/><G17/><T18/><D9/><U105/><E128/><V47/><F109/><W125/><G82/><T108/><D1/><U35/><E35/><V84/><F106/><N who="1" m="40457" /><E79/><V54/><F69/><W45/><G117/><T32/><D108/><U11/><E11/><V43/><F20/><W26/><G26/><T34/><D34/><U115/><E115/><V130/><F54/><W94/><G94/><T78/><D78/><U111/><E111/><V56/><F56/><W97/><G97/><AGARI ba="0,0" hai="72,73,75,86,87,92,97,102" m="40457,39498" machi="97" ten="40,12000,1" yaku="35,5" doraHai="2" who="1" fromWho="3" sc="237,0,277,120,243,0,243,-120" /><INIT seed="1,1,0,3,2,43" ten="237,397,243,123" oya="1" hai0="78,70,77,135,95,126,76,134,9,47,87,89,13" hai1="15,65,27,35,117,133,80,97,82,28,67,12,39" hai2="93,79,81,51,127,98,99,49,112,102,94,44,104" hai3="91,116,123,58,59,131,62,120,115,14,69,25,20"/><U32/><E117/><V45/><F127/><W128/><G115/><T17/><D70/><U73/><E39/><V113/><F104/><W52/><G69/><T121/><D126/><U107/><E133/><N who="0" m="50697" /><D121/><U108/><E108/><V48/><F112/><W72/><G72/><T88/><D89/><U92/><E107/><V56/><F56/><W103/><G116/><T64/><D64/><U55/><E55/><V11/><F11/><W83/><G103/><T129/><D129/><N who="3" m="49737" /><G14/><T101/><D101/><U68/><E68/><V57/><F57/><W105/><G105/><T118/><D118/><U0/><E73/><V125/><F125/><W26/><G26/><T84/><D47/><N who="2" m="17994" /><F113/><W130/><N who="3" m="49745" /><W50/><DORA hai="31" /><G83/><AGARI ba="1,0" hai="9,13,17,76,77,78,83,84,87,88,95" m="50697" machi="83" ten="30,2000,0" yaku="20,1,54,1" doraHai="43,31" who="0" fromWho="3" sc="237,23,397,0,243,0,123,-23" /><INIT seed="2,0,0,0,4,17" ten="260,397,243,100" oya="2" hai0="22,5,115,81,28,42,108,1,124,36,86,55,95" hai1="119,70,104,37,59,88,9,69,80,76,39,40,19" hai2="91,29,13,61,26,73,0,107,31,84,106,66,23" hai3="111,74,132,82,18,16,133,127,4,8,126,62,122"/><V102/><F73/><W21/><G82/><T92/><D115/><U101/><E119/><V67/><F0/><N who="3" m="7" /><G62/><T93/><D108/><U51/><E69/><V56/><F31/><W118/><G74/><T71/><D71/><U135/><E70/><V46/><F102/><W6/><G118/><T27/><D124/><N who="3" m="47657" /><G122/><T89/><D1/><U54/><E39/><V121/><F121/><W78/><G78/><T11/><D36/><U25/><E104/><V130/><F46/><W7/><G18/><T64/><D42/><U3/><E40/><V12/><F67/><W87/><G87/><T48/><D64/><U77/><E101/><V129/><F106/><W90/><G90/><T109/><D109/><U65/><E65/><V47/><F47/><W15/><G111/><T131/><D81/><U14/><E37/><V98/><F98/><W10/><G6/><T97/><D86/><U50/><E80/><N who="2" m="49543" /><F107/><W44/><G44/><T20/><D89/><U32/><E88/><V60/><F60/><W24/><AGARI ba="0,0" hai="7,10,15,16,21,24,132,133" m="47657,7" machi="24" ten="30,8000,1" yaku="18,1,34,2,52,1,54,1" doraHai="17" who="3" fromWho="3" sc="260,-20,397,-20,243,-40,100,80" /><INIT seed="3,0,0,2,3,125" ten="240,377,203,180" oya="3" hai0="82,39,115,61,29,124,65,24,77,46,102,30,101" hai1="5,48,55,60,32,17,121,110,8,27,122,94,63" hai2="62,70,35,104,14,99,134,31,108,129,114,88,133" hai3="103,45,13,25,83,74,12,131,22,71,135,54,105"/><W90/><G71/><T85/><D124/><U1/><E110/><V7/><F114/><W21/><G135/><N who="2" m="51721" /><F108/><W33/><G33/><T120/><D120/><U4/><E60/><V72/><F72/><W6/><G105/><T51/><D39/><U36/><E5/><V44/><F44/><W38/><G103/><T119/><D119/><U117/><E94/><N who="2" m="56775" /><F104/><W93/><G131/><T106/><D106/><U10/><E8/><N who="2" m="4383" /><F31/><W11/><G74/><T50/><D30/><U20/><E20/><V75/><F75/><W49/><G38/><T78/><D46/><U40/><E32/><V116/><F35/><W59/><G83/><T42/><D29/><U66/><E55/><V69/><F116/><W107/><G107/><T15/><D82/><U57/><E48/><V19/><F19/><W26/><G13/><T76/><D15/><U68/><E57/><V91/><F91/><W2/><G2/><T3/><D3/><U130/><E63/><V28/><F28/><W111/><G111/><T67/><D50/><U89/><E68/><N who="2" m="26219" /><F62/><W95/><G45/><N who="0" m="26039" /><D61/><U118/><E118/><V86/><F86/><W132/><G132/><T0/><D0/><U53/><E117/><V79/><F79/><N who="0" m="30282" /><D24/><N who="3" m="9321" /><G95/><T80/><D115/><U9/><E122/><V123/><F123/><W58/><G58/><T34/><D34/><U18/><E121/><V64/><F64/><AGARI ba="0,0" hai="64,65,67,78,80,85,101,102" m="30282,26039" machi="64" ten="30,1000,0" yaku="8,1" doraHai="125" who="0" fromWho="2" sc="240,10,377,0,203,-10,180,0" owari="250,5.0,377,47.7,193,-20.7,180,-32.0" /></mjloggm>