<mjloggm ver="2.3"><GO type="225" lobby="0"/><UN n0="%E3%81%BF%E3%81%BF%E3%81%9A" n1="%E7%89%B9%E6%9D%B1%E3%81%AF%E4%B8%96%E7%95%8C%E3%82%92%E6%95%91%E3%81%86" n2="%E9%A6%AC%E5%BC%95%E7%81%AB%33" n3="%E6%9C%88%E5%B3%B6%E5%9F%BA" dan="17,16,16,16" rate="2166.47,2238.01,2109.90,2129.05" sx="M,M,M,M"/><TAIKYOKU oya="0"/><INIT seed="0,0,0,3,2,36" ten="250,250,250,250" oya="0" hai0="85,91,48,102,87,118,30,95,14,29,40,23,50" hai1="68,131,133,3,119,83,43,22,49,73,45,84,117" hai2="20,11,113,81,99,135,106,97,108,124,78,56,13" hai3="67,17,18,8,130,94,4,47,60,0,89,90,76"/><T6/><D118/><U34/><E34/><V62/><F113/><W63/><G130/><T70/><D70/><U5/><E131/><V44/><F108/><W75/><G89/><T51/><D102/><U1/><E73/><V127/><F135/><W26/><G63/><T32/><D32/><U103/><E133/><V19/><F44/><W37/><G26/><T59/><D40/><U132/><E132/><V93/><F106/><W10/><G10/><N who="0" m="4439" /><D23/><U111/><E68/><V31/><F31/><N who="0" m="11786" /><D59/><U55/><E111/><V33/><F33/><W79/><G75/><T61/><D61/><U92/><E22/><V15/><F15/><W39/><G39/><T53/><D53/><U12/><E12/><V38/><F38/><W105/><G105/><T88/><D48/><U112/><E112/><V104/><F104/><W128/><G128/><T134/><D134/><U42/><E119/><V74/><F20/><W16/><G47/><T77/><D77/><U66/><E66/><V69/><F69/><W122/><G37/><T126/><D126/><N who="2" m="48170" /><F93/><AGARI ba="0,0" hai="50,51,85,87,88,91,93,95" m="11786,4439" machi="93" ten="30,2900,0" yaku="8,1,54,1" doraHai="36" who="0" fromWho="2" sc="250,29,250,0,250,-29,250,0" /><INIT seed="0,1,0,0,2,105" ten="279,250,221,250" oya="0" hai0="0,10,117,53,55,11,42,30,135,13,41,20,18" hai1="75,58,66,67,6,81,12,25,114,84,26,16,35" hai2="89,14,93,57,124,22,47,34,29,121,27,104,46" hai3="70,61,51,68,65,15,118,87,77,111,48,4,64"/><T7/><D117/><U88/><E114/><V32/><F121/><W102/><G102/><T73/><D135/><U50/><E6/><V33/><F104/><W125/><G87/><T60/><D73/><U63/><E35/><V98/><F124/><W9/><G77/><T45/><D60/><U56/><E75/><V36/><F36/><W95/><G95/><T132/><D132/><U82/><E82/><V101/><F14/><W19/><G111/><T74/><D74/><U39/><E39/><V130/><F130/><W115/><G115/><T31/><D42/><U120/><E120/><V100/><F100/><W133/><G133/><T108/><D108/><U86/><E86/><V128/><F128/><W37/><G37/><T2/><D0/><U49/><E67/><V129/><F129/><W126/><G118/><T72/><D72/><U97/><E97/><V8/><F8/><N who="3" m="6631" /><G65/><T17/><D31/><U103/><E103/><V52/><REACH who="2" step="1"/><F101/><REACH who="2" ten="279,250,211,250" step="2"/><W99/><G125/><T28/><D11/><N who="1" m="6175" /><E50/><AGARI ba="1,1" hai="22,27,29,32,33,34,46,47,50,52,57,89,93,98" machi="50" ten="40,2600,0" yaku="1,1,54,1,53,0" doraHai="105" doraHaiUra="131" who="2" fromWho="1" sc="279,0,250,-29,211,39,250,0" /><INIT seed="1,0,0,3,0,50" ten="279,221,250,250" oya="1" hai0="109,83,96,52,30,93,10,38,46,64,67,25,86" hai1="126,56,85,97,102,117,34,90,129,19,72,116,18" hai2="37,51,6,112,17,134,120,63,27,78,100,135,61" hai3="98,4,106,77,115,82,95,101,79,26,41,35,21"/><U16/><E72/><V81/><F120/><W23/><G115/><T8/><D109/><U2/><E129/><V60/><F37/><W31/><G41/><T87/><D38/><U58/><E126/><V28/><F112/><W103/><G4/><T22/><D46/><U45/><E34/><V76/><F6/><W121/><G121/><T99/><D52/><U32/><E32/><V107/><F17/><W7/><G7/><T73/><D73/><U15/><E2/><V74/><F78/><W130/><G79/><N who="0" m="46463" /><D87/><U13/><E45/><V33/><F100/><W49/><G49/><T40/><D40/><U84/><E102/><V89/><F107/><W53/><G53/><T1/><D99/><U71/><E71/><V94/><REACH who="2" step="1"/><F51/><REACH who="2" ten="279,221,240,250" step="2"/><W24/><G103/><N who="0" m="60815" /><D1/><U70/><E117/><V123/><F123/><W92/><G106/><T29/><D30/><U14/><E116/><V48/><F48/><W20/><G101/><T127/><D127/><U66/><E19/><V105/><F105/><W88/><G31/><T110/><D110/><U128/><E18/><V36/><F36/><W111/><G111/><T44/><D44/><U39/><E39/><V118/><F118/><W122/><G122/><T68/><D68/><U9/><E16/><V131/><F131/><W54/><G130/><T114/><D114/><U57/><E128/><V104/><F104/><W47/><G47/><T5/><D5/><U75/><E70/><V59/><F59/><W119/><G119/><T69/><D69/><U132/><E57/><V133/><F133/><W113/><G113/><T3/><D3/><RYUUKYOKU ba="0,1" sc="279,15,221,-15,240,15,250,-15" hai0="8,10,22,25,29,64,67" hai2="27,28,33,60,61,63,74,76,81,89,94,134,135" /><INIT seed="2,1,1,2,2,58" ten="294,206,255,235" oya="2" hai0="19,33,118,130,13,84,70,42,122,32,126,52,98" hai1="64,17,38,67,131,4,37,41,60,5,73,56,35" hai2="63,132,45,106,1,133,76,110,94,116,123,43,65" hai3="80,25,99,105,87,61,15,127,44,9,85,55,125"/><V104/><F116/><W27/><G105/><T117/><D122/><U101/><E73/><V3/><F123/><W79/><G99/><T59/><D70/><U28/><E131/><V75/><F94/><W128/><G128/><T14/><D130/><U30/><E101/><V102/><F110/><W82/><G125/><T54/><D126/><U49/><E35/><V120/><F120/><W18/><G127/><T34/><D42/><U115/><E115/><V134/><F76/><W68/><G68/><T129/><D129/><U11/><E38/><N who="2" m="21751" /><F75/><W97/><G97/><T77/><D98/><U112/><E37/><V78/><F78/><N who="3" m="46231" /><G61/><N who="0" m="36071" /><D54/><U69/><E112/><V108/><F108/><W90/><G79/><T81/><D19/><U114/><E114/><V40/><F102/><W107/><G107/><N who="2" m="41001" /><F40/><W8/><G55/><T12/><D12/><N who="1" m="7327" /><E67/><V53/><F53/><W62/><G44/><T7/><D7/><N who="1" m="2635" /><E69/><AGARI ba="1,1" hai="1,3,63,65,69,132,133,134" m="41001,21751" machi="69" ten="40,7700,0" yaku="20,1,23,1,52,1" doraHai="58" who="2" fromWho="1" sc="294,0,206,-80,255,90,235,0" /><INIT seed="2,2,0,3,1,116" ten="294,126,345,235" oya="2" hai0="46,22,54,78,7,20,35,3,41,10,47,11,95" hai1="117,115,65,26,87,16,81,60,33,42,105,127,133" hai2="19,73,63,126,91,80,37,119,121,75,90,123,52" hai3="69,104,1,88,28,55,32,29,24,13,67,40,6"/><V8/><F119/><W59/><G1/><T39/><D35/><U113/><E117/><V68/><F37/><W56/><G104/><T58/><D47/><U23/><E133/><V5/><F19/><W134/><G134/><T129/><D129/><U31/><E127/><V71/><F126/><W130/><G130/><T103/><D11/><U122/><E42/><V92/><F52/><W62/><G40/><T107/><D107/><U48/><E48/><V25/><F25/><W106/><G106/><T17/><D17/><U18/><E105/><V34/><F34/><W21/><G69/><T99/><REACH who="0" step="1"/><D78/><REACH who="0" ten="284,126,345,235" step="2"/><U131/><E131/><V27/><F8/><N who="3" m="4247" /><G32/><T84/><D84/><U86/><E18/><V89/><F75/><W15/><G28/><T0/><D0/><U112/><E122/><V4/><F73/><W101/><G29/><T114/><D114/><U79/><E86/><V82/><F121/><W57/><G21/><T102/><D102/><U83/><E83/><V14/><F82/><W38/><G101/><T49/><AGARI ba="2,1" hai="3,7,10,20,22,39,41,46,49,54,58,95,99,103" machi="49" ten="20,2700,0" yaku="1,1,0,1,7,1,53,0" doraHai="116" doraHaiUra="108" who="0" fromWho="0" sc="284,43,126,-9,345,-15,235,-9" /><INIT seed="3,0,0,1,0,125" ten="327,117,330,226" oya="3" hai0="86,123,68,111,59,27,74,48,47,52,42,9,126" hai1="54,110,2,70,65,36,22,72,23,128,82,31,4" hai2="24,63,92,62,69,114,89,51,28,102,81,21,87" hai3="84,57,129,56,17,108,40,18,91,39,60,122,50"/><W79/><G122/><T58/><D123/><U19/><E70/><V64/><F114/><W53/><G108/><T1/><D74/><U95/><E65/><V71/><F71/><W3/><G3/><T20/><D68/><U103/><E110/><V12/><F63/><W5/><G5/><T11/><D111/><U49/><E36/><V66/><F66/><W88/><G39/><T61/><D126/><U98/><E2/><V85/><F51/><W130/><G79/><T119/><D119/><U0/><E0/><V29/><F12/><W14/><G40/><T35/><D35/><U44/><E4/><V32/><F102/><W43/><G43/><T131/><D131/><N who="3" m="50185" /><G84/><T112/><D112/><U6/><E128/><V83/><F83/><W76/><G76/><T134/><D134/><U132/><E132/><V121/><F121/><W120/><G120/><T7/><D86/><U97/><E6/><V124/><F124/><W41/><G41/><T45/><D9/><U106/><E72/><V67/><F67/><N who="3" m="39303" /><G18/><T73/><D73/><U93/><E82/><V113/><F113/><W104/><G104/><T115/><D115/><U15/><E106/><V80/><F87/><W46/><G46/><T75/><D75/><U105/><E105/><V25/><AGARI ba="0,0" hai="21,24,25,28,29,32,62,64,69,80,81,85,89,92" machi="25" ten="30,1100,0" yaku="0,1" doraHai="125" who="2" fromWho="2" sc="327,-3,117,-3,330,11,226,-5" owari="324,12.4,114,-38.6,341,44.1,221,-17.9" /></mjloggm>