<mjloggm ver="2.3"><GO type="225" lobby="0"/><UN n0="%E7%89%B9%E6%9D%B1%E3%81%AF%E4%B8%96%E7%95%8C%E3%82%92%E6%95%91%E3%81%86" n1="%70%68%65%6E%6F%6D%65" n2="%E2%98%86%E5%B0%8F%E5%AD%A6%E7%94%B7%E7%94%9F%E2%98%86" n3="%E6%A1%9C%E8%8A%B1%E9%96%83%E3%80%85" dan="16,16,17,16" rate="2170.22,2132.19,2187.98,2110.25" sx="M,M,M,M"/><TAIKYOKU oya="0"/><INIT seed="0,0,0,3,5,128" ten="250,250,250,250" oya="0" hai0="21,28,65,113,10,102,6,67,41,27,52,26,83" hai1="14,88,34,115,44,122,94,99,30,98,32,70,64" hai2="49,82,74,72,15,77,40,85,46,125,106,60,112" hai3="56,114,76,7,0,61,81,35,33,13,47,93,118"/><T71/><D113/><U123/><E115/><V100/><F125/><W127/><G114/><T78/><D71/><U89/><E70/><V132/><F112/><W108/><G118/><T22/><D41/><U50/><E64/><V95/><F106/><W18/><G127/><T68/><D102/><U116/><E116/><V126/><F126/><W92/><G108/><T133/><D133/><U53/><E14/><V4/><F132/><W63/><G47/><T96/><D96/><U2/><E2/><V59/><F95/><W119/><G7/><T17/><D52/><U135/><E135/><V91/><F91/><W8/><G0/><T105/><D105/><U9/><E9/><N who="2" m="4519" /><F100/><W117/><G35/><T12/><REACH who="0" step="1"/><D68/><REACH who="0" ten="240,250,250,250" step="2"/><U97/><E98/><V62/><F62/><W31/><G63/><T36/><D36/><U120/><E99/><V20/><F20/><W43/><G119/><T79/><D79/><U129/><E34/><V39/><F39/><W134/><G117/><T75/><AGARI ba="0,1" hai="6,10,12,17,21,22,26,27,28,65,67,75,78,83" machi="75" ten="20,7800,0" yaku="1,1,0,1,7,1,53,1" doraHai="128" doraHaiUra="104" who="0" fromWho="0" sc="240,88,250,-26,250,-26,250,-26" /><INIT seed="0,1,0,3,5,102" ten="328,224,224,224" oya="0" hai0="38,13,113,5,105,36,128,135,23,78,45,22,47" hai1="93,49,62,71,117,104,132,8,39,72,58,57,108" hai2="63,74,21,52,56,119,107,40,59,19,48,75,15" hai3="66,73,134,110,80,95,51,46,24,122,54,103,79"/><T97/><D113/><U7/><E117/><V35/><F35/><W43/><G110/><T3/><D3/><U10/><E108/><V81/><F119/><W26/><G134/><T53/><D135/><U20/><E132/><V123/><F123/><W4/><G122/><T28/><D78/><U37/><E72/><V99/><F81/><W121/><G121/><T14/><D128/><U115/><E115/><V60/><F40/><W133/><G133/><T41/><D5/><U129/><E129/><V42/><F42/><W34/><G4/><T12/><D28/><U83/><E83/><V85/><F85/><W29/><G66/><T124/><D124/><U98/><E104/><V82/><F82/><W55/><REACH who="3" step="1"/><G24/><REACH who="3" ten="328,224,224,214" step="2"/><T90/><D14/><U31/><E7/><V126/><F126/><W65/><G65/><T1/><D12/><U127/><E127/><V2/><F2/><W91/><G91/><T64/><D90/><U61/><E71/><V18/><F18/><W27/><G27/><T76/><D13/><U109/><E109/><V68/><F68/><W67/><G67/><T44/><D64/><U96/><E31/><V0/><F0/><W118/><G118/><T32/><D1/><U33/><E33/><V131/><F131/><W25/><G25/><T112/><D112/><U106/><E20/><V120/><F120/><W100/><G100/><N who="0" m="62607" /><D32/><U9/><E8/><V17/><F17/><W30/><G30/><T84/><D23/><U6/><E6/><V114/><F114/><W89/><G89/><T88/><D22/><U101/><E9/><V125/><F125/><RYUUKYOKU ba="1,1" sc="328,-10,224,-10,224,-10,214,30" hai3="26,29,34,43,46,51,54,55,73,79,80,95,103" /><INIT seed="1,2,1,1,1,0" ten="318,214,214,244" oya="1" hai0="90,130,88,74,4,64,10,110,59,107,72,135,19" hai1="53,51,104,87,40,42,68,47,123,102,79,66,91" hai2="109,69,85,46,101,41,15,121,126,113,96,120,103" hai3="118,127,29,82,119,67,80,117,112,75,34,54,37"/><U20/><E123/><V12/><F69/><W26/><G112/><T52/><D107/><U62/><E79/><V115/><F109/><W44/><G127/><T100/><D100/><U97/><REACH who="1" step="1"/><E20/><REACH who="1" ten="318,204,214,244" step="2"/><V33/><F33/><W86/><G118/><T60/><D110/><U56/><E56/><V81/><F126/><W99/><G119/><T114/><D59/><U38/><E38/><N who="2" m="21815" /><F120/><W84/><G37/><T16/><D114/><N who="2" m="43530" /><F121/><W30/><G117/><T70/><D70/><U58/><E58/><V49/><F49/><W131/><G34/><T17/><D74/><U94/><AGARI ba="2,2" hai="40,42,47,51,53,62,66,68,87,91,94,97,102,104" machi="94" ten="20,7800,0" yaku="1,1,0,1,7,1,53,1" doraHai="0" doraHaiUra="63" who="1" fromWho="1" sc="318,-28,204,104,214,-28,244,-28" /><INIT seed="1,3,0,2,2,20" ten="290,308,186,216" oya="1" hai0="73,23,125,80,119,122,39,133,78,66,14,44,59" hai1="34,87,101,81,114,3,121,105,35,30,128,41,24" hai2="46,132,93,17,1,26,25,126,7,95,56,70,82" hai3="108,37,76,118,68,94,58,0,11,74,130,19,88"/><U100/><E114/><V15/><F70/><W102/><G68/><T50/><D119/><U97/><E121/><V55/><F126/><W85/><G118/><T4/><D39/><U71/><E128/><V91/><F132/><W131/><G108/><T62/><D133/><U117/><E117/><V31/><F1/><W49/><G37/><T5/><D125/><U75/><E3/><V54/><F7/><W12/><G0/><T112/><D112/><U65/><E100/><V10/><F31/><W18/><G102/><T134/><D134/><U63/><E41/><V40/><F82/><N who="3" m="47303" /><G74/><T6/><D122/><U52/><E52/><N who="2" m="20011" /><F56/><W2/><G2/><T79/><D79/><N who="1" m="44287" /><E87/><N who="2" m="52479" /><F95/><W135/><G135/><T13/><D4/><U106/><E35/><V48/><AGARI ba="3,0" hai="10,15,17,25,26,40,46,48" m="52479,20011" machi="48" ten="30,7900,0" yaku="8,1,52,2,54,1" doraHai="20" who="2" fromWho="2" sc="290,-23,308,-42,186,88,216,-23" /><INIT seed="2,0,0,3,4,93" ten="267,266,274,193" oya="2" hai0="74,90,81,46,45,76,109,69,130,87,54,100,133" hai1="23,21,67,61,68,43,97,8,30,70,73,55,24" hai2="63,16,83,56,96,132,85,60,107,94,108,128,66" hai3="52,134,37,35,113,124,92,71,123,95,115,31,5"/><V17/><F107/><W84/><G123/><T22/><D69/><U120/><E120/><V125/><F125/><W82/><G124/><T3/><D3/><U47/><E73/><V65/><F128/><W1/><G37/><T38/><D130/><U29/><E8/><V10/><F132/><W32/><G71/><T34/><D34/><N who="3" m="12841" /><G31/><T6/><D6/><U118/><E118/><V79/><F108/><W111/><G134/><T89/><D133/><U59/><E55/><V102/><F10/><N who="3" m="2351" /><G52/><T119/><D109/><U9/><E9/><V77/><F77/><N who="3" m="46159" /><G111/><T121/><D121/><U0/><E0/><V27/><F27/><W75/><G75/><T53/><D119/><U40/><E40/><V19/><F63/><W117/><G117/><T112/><D100/><U129/><E129/><V64/><AGARI ba="0,0" hai="16,17,19,56,60,64,65,66,79,83,85,94,96,102" machi="64" ten="30,11700,0" yaku="0,1,8,1,52,1,54,1" doraHai="93" who="2" fromWho="2" sc="267,-39,266,-39,274,117,193,-39" /><INIT seed="2,1,0,4,0,49" ten="228,227,391,154" oya="2" hai0="1,54,124,90,5,45,22,15,32,83,28,105,120" hai1="81,101,3,84,88,116,98,55,109,87,129,130,38" hai2="100,119,72,125,126,39,58,75,23,73,117,19,74" hai3="86,89,35,70,127,113,63,102,43,80,62,65,106"/><V20/><N who="2" m="18432" /><DORA hai="47" /><V95/><F39/><W61/><G127/><N who="2" m="48649" /><F58/><W123/><G123/><T104/><D22/><N who="2" m="8234" /><F19/><W37/><G37/><T17/><D17/><U108/><E3/><V21/><N who="2" m="8242" /><V57/><DORA hai="122" /><F57/><W53/><G63/><T44/><D1/><U4/><E4/><V34/><F34/><W118/><G35/><T134/><D32/><U11/><E11/><V110/><F110/><N who="1" m="42601" /><E116/><V133/><F133/><W2/><G2/><T76/><D5/><U12/><E12/><V46/><F46/><W6/><G118/><T10/><D15/><U135/><E38/><V68/><F68/><W27/><G70/><T96/><D10/><U60/><E135/><V33/><F33/><W67/><G6/><T13/><D13/><U97/><E60/><V66/><F66/><W103/><G65/><T36/><D36/><U114/><E114/><V115/><F115/><W82/><G67/><T48/><D134/><U16/><E16/><V107/><F107/><W50/><G62/><T31/><D124/><U18/><E18/><V69/><F69/><W85/><G61/><T64/><D64/><U41/><E130/><V94/><F117/><W131/><G113/><T26/><D44/><U77/><E129/><V29/><F29/><W79/><G131/><T8/><D104/><U91/><E41/><V71/><F71/><W52/><G106/><T42/><D42/><U128/><E128/><V121/><F119/><W111/><G111/><T24/><D31/><U92/><E55/><N who="3" m="21066" /><G27/><T93/><D28/><U9/><E9/><V51/><F121/><W30/><G30/><RYUUKYOKU ba="1,0" sc="228,-10,227,-10,391,-10,154,30" hai3="43,50,79,80,82,85,86,89,102,103" /><INIT seed="3,2,0,0,4,114" ten="218,217,381,184" oya="3" hai0="113,60,106,43,1,111,62,85,28,41,29,74,120" hai1="66,59,131,99,135,22,89,96,81,9,38,117,72" hai2="12,112,80,30,50,16,82,132,47,37,36,115,116" hai3="54,65,11,126,26,6,79,70,64,42,49,92,56"/><W118/><G126/><T39/><D74/><U21/><E38/><V98/><F116/><W73/><G118/><T48/><D1/><U61/><E117/><V44/><F30/><W103/><G42/><T57/><D106/><U88/><E131/><V134/><F98/><N who="1" m="37417" /><E72/><V76/><F37/><W8/><G103/><T14/><D120/><U25/><E135/><N who="2" m="51755" /><F36/><W75/><G92/><T19/><D111/><U123/><E123/><V32/><F32/><W10/><G6/><T127/><D127/><U110/><E110/><V94/><F94/><W78/><G70/><T52/><D85/><N who="1" m="50223" /><E25/><V27/><F27/><W15/><G15/><T84/><D84/><U87/><E9/><N who="2" m="6159" /><F47/><W93/><G93/><AGARI ba="2,0" hai="21,22,59,61,66,87,89,93" m="50223,37417" machi="93" ten="30,2000,0" yaku="8,1,54,1" doraHai="114" who="1" fromWho="3" sc="218,0,217,26,381,0,184,-26" owari="218,-18.2,243,4.3,381,48.1,158,-34.2" /></mjloggm>