<mjloggm ver="2.3"><GO type="225" lobby="0"/><UN n0="%E3%83%81%E3%83%AF%E3%83%AF%E9%9A%8A%E9%95%B7" n1="%43%68%65" n2="%E3%81%BF%E3%81%BF%E3%81%9A" n3="%6C%61%6D%62" dan="16,16,18,16" rate="2114.44,2117.67,2226.78,2227.33" sx="M,M,M,M"/><TAIKYOKU oya="0"/><INIT seed="0,0,0,4,5,67" ten="250,250,250,250" oya="0" hai0="102,100,39,95,68,124,54,13,88,77,44,106,59" hai1="22,108,12,9,18,120,47,31,8,19,3,10,36" hai2="4,63,101,25,79,82,126,73,87,23,129,20,89" hai3="26,17,107,135,134,70,115,15,66,53,109,49,28"/><T85/><D124/><U91/><E120/><V60/><F126/><W45/><G107/><T43/><D106/><U57/><E108/><V71/><F129/><W74/><G74/><T103/><D77/><U83/><E57/><V35/><F4/><W30/><G115/><T56/><D68/><U78/><E91/><V69/><F101/><W90/><G109/><T0/><D0/><U51/><E36/><V116/><F35/><W132/><G90/><T98/><D13/><U94/><E94/><V2/><F2/><W24/><G30/><T131/><D131/><U81/><E31/><V5/><F5/><W123/><G123/><T93/><REACH who="0" step="1"/><D56/><REACH who="0" ten="240,250,250,250" step="2"/><U128/><E3/><V65/><F116/><W122/><G122/><T21/><D21/><U133/><E128/><V11/><F11/><N who="3" m="6399" /><G28/><T118/><D118/><U7/><E133/><V55/><F25/><W104/><G104/><T130/><D130/><U80/><E78/><V38/><F20/><W62/><AGARI ba="0,1" hai="24,26,45,49,53,62,66,70,132,134,135" m="6399" machi="62" ten="40,2700,0" yaku="20,1,52,1" doraHai="67" who="3" fromWho="3" sc="240,-13,250,-7,250,-7,250,37" /><INIT seed="1,0,0,0,3,66" ten="227,243,243,287" oya="1" hai0="115,65,16,77,95,29,111,59,88,38,12,8,6" hai1="98,76,63,61,7,56,123,44,3,108,84,71,18" hai2="64,30,2,87,97,34,27,118,55,120,15,24,135" hai3="126,68,103,57,82,72,50,58,73,67,31,60,22"/><U109/><E123/><V106/><F118/><W132/><G132/><T17/><D115/><U14/><E3/><V9/><F120/><W39/><G39/><T13/><D38/><U21/><E7/><V86/><F135/><W83/><G126/><T28/><D111/><N who="1" m="42571" /><E98/><V107/><F2/><W122/><G122/><T54/><D77/><U46/><E63/><V101/><F106/><W128/><G128/><T90/><D65/><N who="1" m="41391" /><E56/><V36/><F36/><W47/><G103/><T112/><D112/><U100/><E100/><V62/><F24/><W110/><G110/><T45/><D45/><U105/><E105/><V127/><F55/><W4/><G4/><T1/><D1/><U5/><E5/><N who="2" m="3503" /><F127/><W124/><G124/><T35/><D6/><U93/><E93/><V80/><F80/><AGARI ba="0,0" hai="14,18,21,44,46,76,80,84" m="41391,42571" machi="80" ten="30,5800,0" yaku="14,1,10,1,52,1" doraHai="66" who="1" fromWho="2" sc="227,0,243,58,243,-58,287,0" /><INIT seed="1,1,0,2,4,37" ten="227,301,185,287" oya="1" hai0="64,54,120,41,24,71,40,10,111,65,35,53,124" hai1="80,104,9,69,121,87,78,106,109,127,114,133,95" hai2="55,74,135,29,112,8,115,30,110,3,46,49,96" hai3="38,20,22,48,25,75,105,63,26,13,77,61,58"/><U36/><E69/><V89/><F74/><W6/><G38/><T131/><D111/><U81/><E36/><V44/><F110/><W51/><G105/><T15/><D131/><U68/><E68/><V92/><F135/><W32/><G32/><T82/><D124/><U72/><E109/><V70/><F70/><W14/><G75/><T59/><D71/><U73/><E9/><V108/><F108/><W67/><G77/><T1/><D1/><U34/><E34/><V129/><F129/><W83/><G83/><T118/><D118/><U76/><E114/><V16/><F3/><W27/><G63/><T99/><D120/><U101/><E121/><V4/><F4/><W18/><REACH who="3" step="1"/><G6/><REACH who="3" ten="227,301,185,277" step="2"/><T97/><D82/><U88/><E127/><V60/><F60/><W84/><G84/><T39/><D39/><U50/><E50/><N who="2" m="29127" /><F115/><W42/><G42/><N who="0" m="16491" /><D35/><U21/><E133/><V0/><F112/><W126/><G126/><T116/><D116/><U90/><E106/><V12/><F0/><W94/><G94/><T7/><D24/><U132/><E132/><V117/><F117/><W43/><G43/><AGARI ba="1,1" hai="8,12,16,29,30,43,46,49,89,92,96" m="29127" machi="43" ten="30,3900,0" yaku="8,1,52,1,54,1" doraHai="37" who="2" fromWho="3" sc="227,0,301,0,185,52,277,-42" /><INIT seed="2,0,0,4,1,124" ten="227,301,237,235" oya="2" hai0="75,134,82,74,67,94,58,39,78,51,93,91,11" hai1="116,36,96,49,104,98,85,105,18,24,129,55,92" hai2="62,59,48,127,16,107,108,6,42,40,9,115,37" hai3="131,2,99,76,125,113,68,86,97,81,26,10,83"/><V111/><F115/><W35/><G68/><T52/><D39/><U130/><E36/><V114/><F114/><W87/><G125/><T61/><D134/><U34/><E116/><V28/><F127/><W47/><G113/><T95/><D74/><U63/><E85/><V14/><F107/><W80/><G47/><T65/><D11/><U33/><E63/><V8/><F37/><W100/><G35/><T123/><D123/><U106/><E34/><V3/><F28/><W84/><G26/><T56/><REACH who="0" step="1"/><D65/><REACH who="0" ten="217,301,237,235" step="2"/><U31/><E18/><V20/><F9/><W132/><G132/><T57/><D57/><U128/><E92/><V77/><F77/><W43/><G10/><T60/><D60/><U0/><E0/><V22/><F48/><W89/><G2/><T29/><D29/><U90/><E90/><AGARI ba="0,1" hai="51,52,56,58,61,67,75,78,82,90,91,93,94,95" machi="90" ten="40,2600,0" yaku="1,1,54,1,53,0" doraHai="124" doraHaiUra="120" who="0" fromWho="1" sc="217,36,301,-26,237,0,235,0" /><INIT seed="3,0,0,2,5,113" ten="253,275,237,235" oya="3" hai0="14,93,79,133,45,126,43,57,62,15,63,25,60" hai1="28,74,41,83,20,82,80,36,111,135,131,31,5" hai2="70,21,22,44,124,91,34,92,26,130,56,39,54" hai3="29,102,73,51,32,78,116,12,27,3,11,101,59"/><W95/><G3/><T109/><D126/><U127/><E127/><V106/><F124/><W120/><G120/><T68/><D68/><U132/><E111/><V65/><F106/><W105/><G105/><T96/><D109/><U48/><E36/><V53/><F130/><W117/><G73/><T77/><D57/><U112/><E112/><V128/><F128/><W122/><G78/><N who="0" m="29707" /><D133/><N who="1" m="51275" /><E131/><V47/><F34/><W23/><G32/><T24/><D45/><N who="1" m="25647" /><E74/><V50/><F70/><W114/><G114/><T42/><D42/><U76/><E5/><V67/><F39/><W110/><G122/><T107/><D43/><U99/><E99/><N who="2" m="57759" /><F21/><W18/><G110/><T35/><D35/><U61/><E61/><N who="2" m="35983" /><F44/><W69/><G69/><T103/><D107/><U71/><E71/><V38/><F38/><W100/><REACH who="3" step="1"/><G95/><REACH who="3" ten="253,275,237,225" step="2"/><T49/><D49/><U37/><E37/><V8/><F8/><W129/><G129/><T121/><D121/><U64/><E76/><V125/><F125/><W9/><G9/><T115/><D115/><U30/><E20/><V58/><F47/><W4/><G4/><T90/><D103/><U88/><E83/><V75/><F75/><W1/><G1/><T46/><D62/><U13/><E82/><V33/><F33/><W40/><G40/><T0/><D0/><U84/><E80/><V66/><F22/><W134/><G134/><T52/><D60/><U119/><E31/><V98/><F26/><N who="0" m="10346" /><D63/><U7/><E30/><V86/><F86/><W108/><G108/><T72/><D72/><U87/><E87/><V6/><F6/><W89/><G89/><RYUUKYOKU ba="0,1" sc="253,10,275,-30,237,10,225,10" hai0="14,15,46,52,90,93,96" hai2="50,54,58,65,66,67,98" hai3="11,12,18,23,27,29,51,59,100,101,102,116,117" /><INIT seed="3,1,1,2,5,12" ten="263,245,247,235" oya="3" hai0="6,113,126,85,31,11,55,116,34,124,5,52,129" hai1="96,72,10,29,111,117,67,90,102,53,91,103,19" hai2="99,62,97,106,0,134,76,92,63,110,39,77,123" hai3="17,47,3,89,133,45,49,51,1,100,88,131,127"/><W119/><G119/><T18/><D116/><U105/><E117/><V7/><F110/><W14/><G1/><T8/><D113/><U115/><E115/><V68/><F39/><W61/><G3/><T15/><D129/><U42/><E111/><V41/><F41/><N who="3" m="24751" /><G131/><T22/><D85/><U54/><E72/><V71/><F134/><W23/><G133/><T59/><D34/><U122/><E122/><V82/><F0/><W27/><G127/><N who="0" m="48683" /><D31/><U114/><E114/><V107/><F7/><N who="0" m="2570" /><D55/><U94/><E29/><V35/><F35/><W104/><G100/><T132/><D132/><U25/><E103/><V130/><F130/><W125/><G104/><T93/><D93/><U101/><E101/><V66/><F92/><W58/><G125/><T43/><D43/><U30/><E42/><V120/><F82/><W75/><G75/><T4/><D4/><U95/><E105/><V60/><F107/><W86/><G86/><T37/><D37/><U28/><E102/><V78/><F106/><W112/><G112/><T32/><D32/><U87/><E30/><V50/><F120/><W70/><G27/><T64/><D64/><U128/><E67/><V26/><F123/><W108/><G108/><T24/><D24/><U56/><E128/><V121/><F121/><W2/><G2/><T13/><D13/><N who="1" m="7607" /><E25/><V74/><F26/><W21/><G89/><T20/><D8/><U79/><E28/><V73/><F74/><W40/><G88/><T69/><D69/><N who="2" m="26698" /><F73/><W57/><G23/><T83/><D83/><U46/><E90/><V98/><F66/><W44/><G44/><RYUUKYOKU ba="1,1" sc="263,10,245,-30,247,10,235,10" hai0="11,15,18,20,22,52,59" hai2="50,60,62,63,76,77,78,97,98,99" hai3="14,17,21,40,47,51,57,58,61,70" /><INIT seed="3,2,1,2,0,125" ten="273,215,257,245" oya="3" hai0="101,62,44,100,8,119,46,86,80,123,127,39,104" hai1="74,28,73,133,85,7,122,45,83,9,115,48,124" hai2="113,24,49,102,53,89,50,43,67,0,26,105,64" hai3="3,23,21,11,81,108,96,107,60,75,27,57,6"/><W87/><G75/><T38/><D119/><U1/><E115/><V35/><F0/><W5/><G5/><T42/><D123/><U36/><E122/><V25/><F35/><W14/><G108/><T33/><D33/><U12/><E36/><V29/><F29/><W69/><G69/><T66/><D127/><U117/><E124/><V95/><F102/><W118/><G118/><T72/><D72/><U19/><E28/><V88/><F105/><W34/><G3/><T84/><D104/><U93/><E93/><V20/><F20/><W128/><G128/><T22/><D22/><U16/><E117/><V17/><F17/><W98/><G34/><T109/><D109/><U30/><E30/><V129/><F129/><W114/><G114/><T59/><D8/><U55/><E19/><V112/><F113/><W10/><G10/><T41/><D84/><U47/><E47/><N who="2" m="25855" /><F112/><W79/><G23/><T2/><D2/><U13/><E1/><V18/><F18/><N who="3" m="12727" /><G107/><T97/><D97/><U15/><E15/><V40/><F40/><W77/><G77/><AGARI ba="2,1" hai="38,39,41,42,44,46,59,62,66,77,80,86,100,101" machi="77" ten="30,2000,0" yaku="7,1,9,1" doraHai="125" who="0" fromWho="3" sc="273,36,215,0,257,0,245,-26" owari="309,40.9,215,-28.5,257,5.7,219,-18.1" /></mjloggm>