<mjloggm ver="2.3"><GO type="225" lobby="0"/><UN n0="%E3%81%BF%E3%81%BF%E3%81%9A" n1="%E7%99%BD%E5%80%89%E5%AF%9B%E4%B9%8B" n2="%E5%84%AA%40%41%42%43" n3="%E6%81%A5%E6%99%92%E3%81%97" dan="17,16,17,16" rate="2258.96,2142.15,2139.42,2122.35" sx="M,M,M,M"/><TAIKYOKU oya="0"/><INIT seed="0,0,0,2,2,11" ten="250,250,250,250" oya="0" hai0="27,116,9,26,3,125,94,126,37,47,41,24,119" hai1="49,83,60,113,7,30,122,75,23,4,120,82,48" hai2="17,91,28,71,10,52,61,46,12,86,87,1,129" hai3="65,55,62,76,56,36,77,130,70,115,68,128,118"/><T93/><D3/><U57/><E113/><V45/><F129/><N who="3" m="49771" /><G115/><T29/><D29/><U51/><E75/><V134/><F134/><W106/><G106/><T84/><D9/><U102/><E102/><V6/><F28/><W85/><G118/><T72/><D72/><U38/><E38/><V96/><F96/><W114/><G114/><T2/><D2/><U111/><E111/><V8/><F87/><W109/><G109/><T103/><D103/><U89/><E122/><V79/><F79/><N who="3" m="30283" /><G36/><T110/><D110/><U135/><E135/><V99/><F99/><W64/><G85/><T74/><D74/><U18/><E30/><V105/><F105/><W88/><G88/><N who="0" m="53383" /><D94/><U108/><E108/><V124/><F124/><AGARI ba="0,0" hai="24,26,27,37,41,47,116,119,124,125,126" m="53383" machi="124" ten="30,2900,0" yaku="18,1,54,1" doraHai="11" who="0" fromWho="2" sc="250,29,250,0,250,-29,250,0" /><INIT seed="0,1,0,3,0,89" ten="279,250,221,250" oya="0" hai0="0,87,45,93,10,16,120,57,7,8,11,111,59" hai1="33,69,4,56,105,66,1,113,90,36,43,83,13" hai2="5,88,100,77,109,76,27,122,22,128,131,23,110" hai3="9,71,39,34,18,73,49,51,91,46,95,38,121"/><T75/><D120/><U119/><E105/><V58/><F122/><W31/><G73/><T70/><D75/><U47/><E33/><V134/><F134/><W64/><G121/><T112/><D70/><U126/><E119/><V68/><F68/><W2/><G71/><T55/><D112/><U28/><E28/><V99/><F5/><W81/><G64/><T53/><D111/><N who="2" m="42506" /><F58/><N who="0" m="22026" /><D0/><U52/><E1/><V14/><F14/><W40/><G81/><T94/><D7/><U106/><E106/><N who="2" m="63775" /><F22/><W48/><G39/><T116/><D116/><U78/><E113/><V102/><F102/><W29/><G34/><T104/><D104/><U125/><E66/><V127/><F127/><W85/><REACH who="3" step="1"/><G2/><REACH who="3" ten="279,250,221,240" step="2"/><T25/><D53/><U117/><E69/><V26/><F128/><W37/><G37/><T3/><D3/><U41/><E117/><V123/><F131/><W103/><G103/><T21/><D87/><U124/><E36/><V118/><F123/><W74/><G74/><T107/><D107/><U114/><E114/><V63/><F118/><W86/><G86/><T92/><D55/><U50/><E126/><V54/><F54/><W32/><G32/><T72/><D72/><U97/><E125/><V20/><F63/><W42/><G42/><T115/><D115/><U67/><E124/><V82/><F82/><W80/><G80/><T65/><D65/><U6/><E83/><V135/><F135/><W101/><G101/><T62/><D62/><N who="1" m="38343" /><E43/><V44/><F76/><W19/><G19/><N who="0" m="12479" /><D45/><U132/><E78/><V24/><F77/><W61/><G61/><T108/><D108/><RYUUKYOKU ba="1,1" sc="279,15,250,-15,221,-15,240,15" hai0="8,10,11,16,92,93,94" hai3="9,18,29,31,38,40,46,48,49,51,85,91,95" /><INIT seed="0,2,1,5,3,85" ten="294,235,206,255" oya="0" hai0="9,12,33,105,17,123,72,91,10,38,52,35,98" hai1="58,120,130,31,46,86,41,66,45,87,77,109,55" hai2="30,125,127,131,115,48,107,60,21,94,16,134,0" hai3="62,96,133,129,73,50,36,49,102,69,28,11,63"/><T90/><D123/><U29/><E120/><V75/><F107/><W117/><G117/><T20/><D72/><U132/><E109/><V111/><F115/><W135/><G36/><T92/><D38/><U78/><E130/><V57/><F75/><W65/><G129/><T80/><D105/><U84/><E66/><V25/><F131/><W59/><G73/><T114/><D114/><U76/><E132/><N who="3" m="50762" /><G11/><T7/><D10/><U122/><E122/><V113/><F113/><W108/><G28/><N who="1" m="10826" /><E41/><V8/><F134/><W13/><G13/><T27/><REACH who="0" step="1"/><D52/><REACH who="0" ten="284,235,206,255" step="2"/><U83/><E83/><V97/><F48/><AGARI ba="2,2" hai="45,46,48,55,58,76,77,78,84,86,87" m="10826" machi="48" ten="30,1000,0" yaku="8,1" doraHai="85" who="1" fromWho="2" sc="284,0,235,36,206,-16,255,0" /><INIT seed="1,0,0,3,0,102" ten="284,271,190,255" oya="1" hai0="69,82,103,75,132,11,95,93,121,118,92,129,1" hai1="99,57,20,104,135,122,33,101,83,38,66,53,105" hai2="72,91,60,97,107,96,85,46,31,63,110,65,70" hai3="28,74,90,112,35,111,64,22,119,86,126,4,30"/><U2/><E33/><V39/><F110/><W48/><G112/><T9/><D69/><U73/><E38/><V21/><F21/><W34/><BYE who="2" /><G74/><T12/><D118/><U88/><E2/><V16/><F16/><W81/><G111/><T29/><D129/><U17/><E122/><V55/><F55/><W7/><G119/><T37/><D121/><U54/><E135/><V78/><F78/><W49/><G126/><T45/><D132/><U40/><E40/><V8/><F8/><W67/><G22/><T84/><D29/><U32/><E32/><UN n2="%E5%84%AA%40%41%42%43" /><V24/><F72/><W117/><G117/><T3/><D75/><U0/><E0/><V19/><F19/><W76/><G76/><T15/><D37/><U47/><E47/><V79/><F79/><W58/><G58/><T120/><D120/><U116/><E116/><V124/><F63/><W130/><G86/><T123/><D123/><U77/><E88/><V125/><F46/><W51/><G90/><N who="0" m="51479" /><D45/><U61/><REACH who="1" step="1"/><E104/><REACH who="1" ten="284,261,190,255" step="2"/><V43/><F39/><W41/><G41/><T128/><D1/><U62/><E62/><V114/><F43/><W26/><G35/><T127/><D3/><U131/><E131/><V42/><F42/><W133/><G130/><T71/><D128/><U100/><E100/><N who="2" m="62855" /><F97/><W113/><G34/><T87/><D103/><U36/><E36/><V98/><F98/><W134/><G133/><T5/><D93/><U56/><E56/><V109/><F109/><W23/><G134/><T52/><D95/><U115/><E115/><V14/><F114/><W25/><G113/><T94/><D92/><RYUUKYOKU ba="0,1" sc="284,-10,261,30,190,-10,255,-10" hai1="17,20,53,54,57,61,66,73,77,83,99,101,105" /><INIT seed="1,1,1,1,3,61" ten="274,291,180,245" oya="1" hai0="56,3,58,110,11,2,76,26,89,119,28,86,106" hai1="91,116,130,14,104,31,115,111,25,120,38,1,42" hai2="22,48,50,105,126,54,107,97,109,33,37,129,67" hai3="5,12,93,59,85,88,6,84,20,96,80,30,133"/><U72/><RYUUKYOKU type="yao9" ba="1,1" sc="274,0,291,0,180,0,245,0" hai1="1,14,25,31,38,42,72,91,104,111,115,116,120,130" /><INIT seed="1,2,1,5,5,5" ten="274,291,180,245" oya="1" hai0="19,69,37,60,112,36,68,80,122,111,98,108,66" hai1="85,35,131,94,86,76,33,51,124,54,2,123,63" hai2="29,79,119,1,67,95,91,48,31,53,74,17,47" hai3="3,99,127,20,135,22,105,96,70,49,18,10,27"/><U83/><E123/><V64/><F119/><W12/><G70/><T4/><D112/><U7/><E124/><V89/><F1/><W9/><G127/><T109/><D122/><U132/><E132/><V0/><F0/><W39/><G39/><T77/><D4/><U41/><E131/><V61/><F74/><W15/><G135/><T28/><D19/><U100/><E63/><V92/><F79/><W6/><G105/><T121/><D121/><U125/><E41/><V43/><F43/><W72/><G72/><N who="0" m="43047" /><D68/><U116/><E116/><V16/><F31/><N who="3" m="17895" /><G3/><T104/><D28/><U107/><E107/><V78/><F29/><W106/><G106/><T130/><D130/><U88/><E100/><AGARI ba="2,1" hai="36,37,60,66,69,98,100,104,108,109,111" m="43047" machi="100" ten="30,2000,0" yaku="14,1,23,1" doraHai="5" who="0" fromWho="1" sc="274,36,291,-26,180,0,245,0" /><INIT seed="2,0,0,3,3,75" ten="310,265,180,245" oya="2" hai0="25,52,22,37,20,97,47,9,82,93,99,76,62" hai1="102,50,58,30,40,106,108,132,31,66,133,127,55" hai2="119,110,39,118,26,84,89,38,92,71,81,85,5" hai3="120,7,128,34,54,94,59,126,49,91,11,1,123"/><V60/><F5/><W77/><G126/><T19/><D37/><U109/><E127/><V79/><F110/><N who="1" m="42601" /><E40/><V114/><F114/><W103/><G128/><T95/><D9/><U13/><E66/><V10/><F10/><W124/><G124/><T116/><D116/><U23/><E13/><V131/><F131/><W122/><G34/><T68/><D68/><U117/><E117/><V18/><F119/><W45/><G103/><T86/><D22/><U6/><E6/><V72/><F118/><W29/><G29/><N who="1" m="10762" /><E23/><V16/><F72/><W101/><G101/><T125/><D125/><U33/><E33/><V70/><F70/><W15/><G15/><T129/><D129/><U107/><E102/><V8/><F26/><W14/><G14/><T69/><D69/><U43/><E43/><V80/><F8/><W96/><G59/><N who="0" m="35175" /><D47/><U42/><E42/><V27/><F92/><AGARI ba="0,0" hai="19,20,25,76,82,86,92,93,95,97,99" m="35175" machi="92" ten="30,3900,0" yaku="8,1,52,1,54,1" doraHai="75" who="0" fromWho="2" sc="310,39,265,0,180,-39,245,0" /><INIT seed="3,0,0,0,4,72" ten="349,265,141,245" oya="3" hai0="21,33,125,66,109,103,23,32,86,68,64,54,106" hai1="73,26,88,108,16,97,128,132,5,4,41,8,42" hai2="76,134,44,6,34,22,83,129,70,99,38,25,85" hai3="17,9,27,71,29,119,111,58,77,69,59,18,11"/><W36/><G119/><T121/><D121/><U47/><E73/><V1/><F129/><W39/><G27/><T94/><D106/><U48/><E108/><V105/><F134/><W115/><G111/><T50/><D109/><U113/><E113/><V82/><F70/><W114/><G29/><T117/><D117/><U49/><E132/><V107/><F34/><W61/><G61/><T35/><D125/><U91/><E128/><V123/><F123/><W87/><G87/><T93/><D68/><U102/><E102/><V62/><F62/><W10/><G10/><T90/><D103/><U37/><E37/><V126/><F126/><W101/><G101/><T89/><D64/><U55/><E42/><V45/><F99/><W19/><G18/><T53/><D66/><U135/><E135/><V124/><F124/><W96/><G96/><T24/><D24/><U14/><E26/><V51/><F38/><W46/><G46/><T67/><D67/><U28/><E28/><V56/><F56/><W116/><G116/><T92/><D50/><U7/><E97/><V75/><F44/><AGARI ba="0,0" hai="4,5,7,8,14,16,41,44,47,48,49,55,88,91" machi="44" ten="40,5200,0" yaku="8,1,54,2" doraHai="72" who="1" fromWho="2" sc="349,0,265,52,141,-52,245,0" owari="349,44.9,317,11.7,89,-41.1,245,-15.5" /></mjloggm>