<mjloggm ver="2.3"><GO type="225" lobby="0"/><UN n0="%E5%8D%A0%E3%81%84%E5%B8%AB%E8%A3%8F%E3%81%AA%E3%81%84%E3%81%97" n1="%41%6F%54" n2="%E5%AF%82%E5%AF%9E%E3%82%AE%E3%83%8D%E3%82%B9%E3%83%93%E3%83%BC%E3%83%AB" n3="%E6%B8%A9%E2%98%85%E6%83%85%E2%98%85%E6%8E%AA%E2%98%85%E7%BD%AE" dan="17,16,16,17" rate="2166.74,2071.49,2165.59,2182.97" sx="M,M,M,M"/><TAIKYOKU oya="0"/><INIT seed="0,0,0,5,0,19" ten="250,250,250,250" oya="0" hai0="43,9,77,94,99,86,6,24,104,87,101,52,22" hai1="90,119,109,39,3,69,47,82,31,81,17,126,26" hai2="41,1,105,37,15,2,123,13,38,61,29,112,55" hai3="125,32,83,8,62,65,135,100,49,59,73,103,36"/><T111/><D43/><U0/><E119/><V130/><F105/><W48/><G135/><T84/><D111/><U96/><E69/><V93/><F123/><W76/><G125/><T128/><D128/><U91/><E109/><V7/><F29/><W63/><G32/><T133/><D133/><U66/><E66/><V35/><F35/><W53/><G36/><T67/><D67/><U20/><E126/><V107/><F107/><W106/><G8/><T14/><D52/><U70/><E70/><V102/><F93/><W30/><G30/><T131/><D131/><U117/><E117/><V56/><F102/><W40/><G40/><T25/><D25/><U60/><E60/><V74/><F74/><W33/><G33/><T108/><D108/><U127/><E47/><V122/><F112/><W124/><G124/><T28/><REACH who="0" step="1"/><D104/><REACH who="0" ten="240,250,250,250" step="2"/><U23/><E26/><V78/><F55/><W110/><G106/><T54/><D54/><U58/><E127/><V79/><F41/><W12/><G110/><T116/><D116/><U27/><E27/><V72/><F130/><W98/><G63/><T114/><D114/><U42/><E42/><V45/><F61/><W89/><G49/><T50/><D50/><U4/><E39/><V21/><F38/><W80/><G48/><T115/><D115/><U10/><E58/><V64/><F56/><W68/><G65/><T51/><D51/><U95/><E31/><V97/><F64/><W113/><G113/><T57/><D57/><U88/><E0/><V44/><F1/><W134/><G59/><T120/><D120/><U75/><E3/><RYUUKYOKU ba="0,1" sc="240,30,250,-10,250,-10,250,-10" hai0="6,9,14,22,24,28,77,84,86,87,94,99,101" /><INIT seed="0,1,1,3,4,130" ten="270,240,240,240" oya="0" hai0="39,129,113,110,12,104,64,115,102,69,97,62,33" hai1="63,10,8,86,76,107,47,9,106,46,59,108,49" hai2="77,80,84,128,58,42,88,99,66,117,123,135,81" hai3="90,22,43,35,105,19,38,73,40,50,67,23,122"/><T92/><D129/><U31/><E108/><V98/><F128/><W20/><G35/><T25/><D110/><U134/><E31/><V11/><F123/><W127/><G105/><T72/><D92/><U79/><E46/><V17/><F117/><W71/><G73/><T85/><D85/><U2/><E2/><V21/><F42/><N who="3" m="15915" /><G71/><T78/><D12/><U28/><E28/><V109/><F11/><W41/><G38/><T48/><D48/><U101/><E101/><V54/><F66/><W15/><G127/><T96/><D96/><U91/><E107/><V124/><F124/><W3/><G67/><T56/><D56/><U7/><E7/><V13/><F135/><W116/><G3/><T26/><D26/><U24/><E24/><V14/><F14/><W132/><G132/><T103/><D103/><U44/><E134/><V75/><REACH who="2" step="1"/><F109/><REACH who="2" ten="270,240,230,240" step="2"/><W70/><G116/><T51/><D39/><U36/><E36/><V100/><F100/><W60/><G122/><T131/><D131/><U83/><E106/><V52/><F52/><W68/><G68/><T93/><D104/><U55/><REACH who="1" step="1"/><E44/><REACH who="1" ten="270,230,230,240" step="2"/><V82/><F82/><W89/><G15/><T120/><D120/><U1/><E1/><V16/><F16/><W32/><G19/><T34/><D102/><U6/><E6/><V45/><F45/><W65/><G41/><AGARI ba="1,3" hai="8,9,10,41,47,49,55,59,63,76,79,83,86,91" machi="41" ten="40,2600,0" yaku="1,1,8,1,53,0" doraHai="130" doraHaiUra="18" who="1" fromWho="3" sc="270,0,230,59,230,0,240,-29" /><INIT seed="1,0,0,2,0,5" ten="270,289,230,211" oya="1" hai0="119,29,43,38,75,57,13,96,97,47,22,8,123" hai1="32,46,112,45,19,111,135,124,77,81,2,21,133" hai2="33,129,113,110,131,16,115,4,61,54,88,122,10" hai3="12,11,83,126,3,80,125,69,76,51,94,17,65"/><U95/><E112/><N who="2" m="43083" /><F122/><W30/><G30/><T7/><D75/><U20/><E32/><V44/><F33/><W39/><G39/><T79/><D119/><U128/><E2/><N who="2" m="279" /><F110/><W64/><G69/><T31/><D123/><U23/><E124/><N who="3" m="47722" /><G3/><T91/><D79/><U66/><E128/><V130/><F88/><W36/><G36/><T118/><D118/><U89/><E66/><N who="3" m="25706" /><G76/><T86/><D96/><U27/><E111/><V34/><F34/><W93/><G51/><T59/><D97/><U35/><E35/><V63/><F16/><W41/><G41/><T100/><D29/><U55/><E77/><V72/><F72/><W70/><G70/><T85/><D85/><U26/><E19/><V62/><F44/><W18/><G17/><T24/><REACH who="0" step="1"/><D100/><REACH who="0" ten="260,289,230,211" step="2"/><U104/><E89/><V49/><F49/><W127/><N who="3" m="47730" /><W117/><DORA hai="60" /><G117/><T56/><D56/><AGARI ba="0,1" hai="54,56,61,62,63,129,130,131" m="279,43083" machi="56" ten="40,5200,0" yaku="19,1,11,1,52,1" doraHai="5,60" who="2" fromWho="0" sc="260,-52,289,0,230,62,211,0" /><INIT seed="2,0,0,3,0,116" ten="208,289,292,211" oya="2" hai0="78,54,133,15,107,94,36,135,28,75,91,57,114" hai1="0,95,62,47,108,33,106,112,119,134,30,71,72" hai2="105,64,22,126,50,86,42,63,97,98,104,101,24" hai3="32,13,85,60,41,96,35,4,11,65,79,27,12"/><V103/><F126/><W49/><G96/><T111/><D114/><U67/><RYUUKYOKU type="yao9" ba="0,0" sc="208,0,289,0,292,0,211,0" hai1="0,30,33,47,62,67,71,72,95,106,108,112,119,134" /><INIT seed="2,1,0,5,5,95" ten="208,289,292,211" oya="2" hai0="107,31,29,69,44,85,89,68,14,87,61,76,54" hai1="45,126,10,116,120,11,135,66,77,121,117,65,64" hai2="59,7,133,28,26,56,127,73,125,70,27,90,41" hai3="84,113,71,43,82,93,114,16,51,104,60,1,47"/><V21/><F70/><W131/><G104/><T6/><D107/><U34/><E34/><V118/><F118/><N who="1" m="45673" /><E77/><V103/><F73/><W109/><G109/><T100/><D100/><U42/><E126/><N who="2" m="48139" /><F103/><W20/><G131/><T67/><D69/><U129/><E129/><V123/><F123/><N who="1" m="47177" /><E135/><V53/><F41/><W97/><G1/><T92/><D54/><U37/><AGARI ba="1,0" hai="10,11,37,42,45,64,65,66" m="47177,45673" machi="37" ten="40,1500,0" yaku="13,1" doraHai="95" who="1" fromWho="1" sc="208,-5,289,18,292,-8,211,-5" /><INIT seed="3,0,0,3,2,68" ten="203,307,284,206" oya="3" hai0="104,87,134,44,7,43,63,112,14,34,6,78,119" hai1="85,80,101,20,2,32,86,92,117,90,37,121,77" hai2="70,46,29,13,114,15,74,131,54,35,71,65,18" hai3="16,19,62,111,97,108,23,5,0,115,81,38,69"/><W10/><G115/><T75/><D119/><U42/><E32/><V3/><F114/><W98/><G81/><N who="0" m="47543" /><D75/><U8/><E121/><V36/><F3/><W12/><G38/><T107/><D34/><U49/><E117/><V88/><F74/><W31/><G31/><T99/><D112/><U66/><E66/><V128/><F29/><W95/><G19/><T57/><D134/><U103/><E37/><V52/><F35/><W105/><G105/><T89/><D6/><U4/><E42/><N who="2" m="22855" /><F88/><W11/><G11/><N who="0" m="4479" /><D89/><U135/><E135/><V47/><F13/><W118/><G118/><T60/><D99/><U124/><E124/><V113/><F65/><N who="3" m="41143" /><G95/><T102/><D102/><U123/><E123/><V116/><F116/><W132/><G132/><T93/><D93/><U22/><E101/><V39/><F113/><W109/><AGARI ba="0,0" hai="0,5,10,12,16,23,97,98,108,109,111" m="41143" machi="109" ten="30,6000,0" yaku="14,1,10,1,54,1" doraHai="68" who="3" fromWho="3" sc="203,-20,307,-20,284,-20,206,60" /><INIT seed="3,1,0,2,5,70" ten="183,287,264,266" oya="3" hai0="133,83,97,52,25,119,90,29,0,104,45,5,42" hai1="31,120,50,62,2,24,14,95,1,96,36,121,40" hai2="94,32,79,47,75,57,84,135,3,66,10,39,17" hai3="41,67,16,63,22,43,46,114,126,127,80,85,56"/><W34/><G34/><T7/><D119/><U106/><E50/><V123/><F135/><W109/><G114/><T48/><D133/><U107/><E14/><V19/><F32/><W76/><G109/><T65/><D65/><U93/><E62/><N who="2" m="38223" /><F84/><W61/><G61/><T130/><D130/><U100/><E95/><V23/><F23/><W134/><G134/><T20/><D0/><N who="1" m="107" /><E93/><V108/><F94/><W49/><REACH who="3" step="1"/><G43/><REACH who="3" ten="183,287,264,256" step="2"/><T37/><D83/><U26/><E40/><N who="2" m="22943" /><F108/><W103/><G103/><T102/><REACH who="0" step="1"/><D90/><REACH who="0" ten="173,287,264,256" step="2"/><U11/><E100/><V72/><F123/><W77/><G77/><T12/><D12/><AGARI ba="1,2" hai="12,16,22,41,46,49,56,63,67,76,80,85,126,127" machi="12" ten="40,7700,0" yaku="1,1,54,1,53,1" doraHai="70" doraHaiUra="15" who="3" fromWho="0" sc="173,-80,287,0,264,0,256,100" owari="93,-40.7,287,8.7,264,-13.6,356,45.6" /></mjloggm>