<mjloggm ver="2.3"><GO type="225" lobby="0"/><UN n0="%E3%81%95%E3%81%8D%E3%81%9F%E3%81%BE%E6%9E%97%E6%AA%8E" n1="%E7%AB%8B%E8%8A%B1%E9%9F%BF" n2="%E6%97%A5%E6%9B%9C%E6%97%A5%E3%82%88%E3%82%8A%E3%81%AE%E4%BD%BF%E8%80%85" n3="%72%69%6F%75%63%68%61%6E" dan="16,17,17,16" rate="2129.95,2204.95,2221.94,2132.88" sx="M,F,M,M"/><TAIKYOKU oya="0"/><INIT seed="0,0,0,5,3,69" ten="250,250,250,250" oya="0" hai0="70,91,27,117,59,36,44,80,113,61,78,130,19" hai1="83,25,65,86,16,60,3,37,39,66,114,48,119" hai2="126,134,55,51,34,111,13,1,6,90,30,32,62" hai3="104,100,46,84,49,43,92,95,17,9,35,52,129"/><T81/><D113/><U122/><E119/><V68/><F1/><W20/><G129/><T76/><D117/><U101/><E122/><V123/><F123/><W24/><G35/><T77/><BYE who="2" /><D70/><U110/><E114/><V96/><F96/><W15/><G84/><T75/><D130/><U47/><E3/><V105/><F105/><W7/><REACH who="3" step="1"/><G43/><REACH who="3" ten="250,250,250,240" step="2"/><T125/><D75/><U0/><E110/><V112/><F112/><W54/><G54/><T87/><D125/><U107/><E86/><V58/><F58/><W85/><G85/><T38/><D59/><U12/><E66/><V29/><F29/><W131/><G131/><T82/><D87/><U99/><E65/><V73/><F73/><W11/><G11/><T21/><D82/><U128/><E83/><V108/><F108/><W63/><G63/><T42/><D61/><U93/><E60/><V33/><F33/><W135/><G135/><UN n2="%E6%97%A5%E6%9B%9C%E6%97%A5%E3%82%88%E3%82%8A%E3%81%AE%E4%BD%BF%E8%80%85" /><T2/><D81/><U89/><E128/><V115/><F134/><W53/><G53/><T71/><D80/><U79/><E79/><V94/><F55/><W10/><G10/><T109/><D42/><U57/><E57/><V74/><F62/><W45/><G45/><T127/><D44/><U22/><E47/><V67/><F115/><W124/><G124/><T41/><D127/><U88/><E99/><AGARI ba="0,1" hai="7,9,15,17,20,24,46,49,52,92,95,99,100,104" machi="99" ten="40,5200,0" yaku="1,1,54,1,53,1" doraHai="69" doraHaiUra="18" who="3" fromWho="1" sc="250,0,250,-52,250,0,240,62" /><INIT seed="1,0,0,4,5,31" ten="250,198,250,302" oya="1" hai0="104,68,73,32,0,4,65,51,33,101,127,75,87" hai1="5,50,35,47,44,6,57,56,115,69,26,54,16" hai2="92,15,46,106,37,99,111,74,20,93,102,112,14" hai3="103,41,30,94,119,116,83,43,70,122,58,77,23"/><U132/><E115/><V10/><F111/><W34/><G70/><T130/><D87/><U86/><E69/><V66/><F74/><N who="0" m="28170" /><D51/><U1/><E132/><V85/><F112/><W118/><G122/><T48/><D48/><U120/><E120/><V45/><F66/><W90/><G103/><T7/><D7/><U55/><E86/><V52/><F37/><W29/><G23/><T126/><D130/><U78/><E78/><V124/><F124/><N who="0" m="47658" /><D4/><N who="1" m="1643" /><E35/><N who="0" m="13385" /><D0/><U60/><E1/><V123/><F85/><N who="3" m="48367" /><G34/><T107/><D101/><U109/><E109/><V19/><F123/><W128/><G128/><T88/><D88/><U135/><E135/><V62/><F46/><W13/><G90/><T133/><D133/><U22/><AGARI ba="0,0" hai="16,22,26,44,47,50,54,55,56,57,60" m="1643" machi="22" ten="30,3000,0" yaku="8,1,54,1" doraHai="31" who="1" fromWho="1" sc="250,-10,198,30,250,-10,302,-10" /><INIT seed="1,1,0,1,1,28" ten="240,228,240,292" oya="1" hai0="132,21,117,106,56,2,76,33,47,39,67,103,70" hai1="119,45,68,115,55,15,52,16,124,134,1,40,42" hai2="108,92,22,34,98,81,125,130,91,27,101,121,18" hai3="5,129,25,4,32,54,97,10,83,43,123,114,11"/><U65/><E115/><V79/><F121/><W66/><G123/><T37/><D117/><U104/><E119/><V36/><F36/><W69/><G114/><T38/><D2/><U100/><E1/><V133/><F108/><W64/><G129/><T41/><D21/><U113/><E113/><V44/><F130/><W85/><G43/><T122/><D56/><U46/><E134/><V87/><F125/><W99/><G69/><T127/><D127/><U94/><E104/><V60/><F133/><W88/><G54/><N who="1" m="20522" /><E65/><N who="3" m="25194" /><G32/><T135/><D122/><U111/><E68/><V30/><F60/><W80/><G25/><T112/><D112/><U128/><E111/><V120/><F120/><W0/><G0/><T82/><D135/><U57/><E57/><V73/><F44/><N who="1" m="17001" /><E128/><V58/><F58/><W49/><G49/><T110/><D132/><U19/><E124/><V51/><F51/><W62/><G80/><T86/><D110/><U20/><E19/><V31/><REACH who="2" step="1"/><F34/><REACH who="2" ten="240,228,230,292" step="2"/><W107/><G62/><T84/><D33/><U89/><E100/><V126/><F126/><W72/><G72/><T23/><D103/><U77/><E77/><V59/><F59/><W63/><G63/><T131/><D76/><U12/><E12/><V9/><F9/><N who="3" m="3083" /><G107/><AGARI ba="1,1" hai="18,22,27,30,31,73,79,81,87,91,92,98,101,107" machi="107" ten="30,8000,1" yaku="1,1,7,1,24,2,53,1" doraHai="28" doraHaiUra="78" who="2" fromWho="3" sc="240,0,228,0,230,93,292,-83" /><INIT seed="2,0,0,0,4,104" ten="240,228,323,209" oya="2" hai0="56,70,131,43,88,67,27,18,47,26,55,98,59" hai1="89,115,92,0,30,100,10,16,21,34,116,90,128" hai2="113,95,41,133,96,108,66,5,20,49,76,123,117" hai3="7,94,99,51,15,74,109,107,63,23,77,81,65"/><V1/><F66/><W12/><G109/><T73/><D73/><U72/><E115/><V134/><F5/><W80/><G107/><T118/><D131/><U111/><E116/><V79/><F1/><W132/><G132/><N who="2" m="50793" /><F20/><W22/><G81/><T103/><D118/><U46/><E72/><V64/><F64/><W82/><G80/><T62/><D103/><U114/><E114/><V93/><F49/><W126/><G126/><T19/><D70/><U71/><E71/><V87/><F41/><W50/><G22/><T31/><D43/><U11/><E111/><V48/><F48/><W35/><G35/><T13/><D47/><U33/><E128/><V38/><F38/><W130/><G130/><T68/><D68/><U36/><E46/><V121/><F117/><W78/><G77/><N who="2" m="29769" /><F113/><W29/><G7/><T54/><D67/><U105/><E36/><V42/><F42/><W45/><G51/><N who="0" m="30815" /><D31/><U85/><E30/><V8/><F8/><W32/><G32/><T124/><D124/><U58/><E58/><V40/><F40/><W3/><G3/><T4/><D4/><U127/><E127/><V86/><F108/><W53/><G29/><T102/><D102/><U6/><E11/><V135/><F135/><W84/><G23/><N who="0" m="11727" /><D19/><U110/><E110/><V24/><F24/><W57/><REACH who="3" step="1"/><G74/><REACH who="3" ten="240,228,323,199" step="2"/><T112/><D112/><U14/><E34/><V61/><F95/><AGARI ba="0,1" hai="26,27,55,59,62,88,95,98" m="11727,30815" machi="95" ten="30,2000,0" yaku="8,1,54,1" doraHai="104" who="0" fromWho="2" sc="240,30,228,0,323,-20,199,0" /><INIT seed="3,0,0,1,4,57" ten="270,228,303,199" oya="3" hai0="88,49,6,12,45,70,76,56,123,66,98,67,79" hai1="83,61,62,23,37,0,7,130,48,124,9,129,17" hai2="15,32,86,22,92,8,2,30,113,111,51,104,119" hai3="125,105,109,34,134,121,110,35,41,78,52,103,39"/><W131/><G121/><T53/><D70/><U135/><E37/><V69/><F104/><W80/><G131/><N who="1" m="50186" /><E135/><V84/><F69/><W60/><G134/><T126/><D126/><U108/><E124/><V42/><F32/><W102/><G125/><T13/><D123/><U122/><E122/><V65/><F2/><W11/><G11/><T77/><D6/><U100/><E108/><N who="3" m="41578" /><G41/><T99/><D99/><U28/><E28/><V58/><F8/><W59/><G39/><T16/><D13/><N who="1" m="9647" /><E100/><N who="3" m="38442" /><G105/><T44/><D67/><U115/><E115/><V106/><F106/><W5/><G5/><T55/><D66/><U50/><E83/><V133/><F133/><W87/><AGARI ba="0,0" hai="34,35,52,59,60,78,80,87" m="38442,41578" machi="87" ten="30,11700,0" yaku="14,1,10,1,52,1,54,1" doraHai="57" who="3" fromWho="3" sc="270,-39,228,-39,303,-39,199,117" owari="231,-16.9,189,-31.1,264,6.4,316,41.6" /></mjloggm>