<mjloggm ver="2.3"><GO type="225" lobby="0"/><UN n0="%E3%82%A4%E3%83%BC%E3%82%B1%E3%83%97%E3%83%A9" n1="%E3%81%AF%E3%82%88%E3%81%8A%E3%81%98%E3%81%95%E3%82%93" n2="%E3%81%BF%E3%81%BF%E3%81%9A" n3="%73%79%75%70%6F%6E" dan="16,17,17,17" rate="2140.88,2140.50,2197.14,2108.91" sx="M,M,M,M"/><TAIKYOKU oya="0"/><INIT seed="0,0,0,4,0,68" ten="250,250,250,250" oya="0" hai0="41,1,110,2,72,85,120,115,33,7,94,126,3" hai1="44,106,64,19,27,57,78,24,4,34,51,88,25" hai2="0,118,14,53,69,82,79,116,107,98,40,104,97" hai3="32,132,105,74,31,93,80,135,55,13,49,101,122"/><T70/><D115/><U75/><E106/><N who="2" m="40491" /><F0/><W127/><G105/><T47/><D120/><U73/><E34/><V108/><F69/><W91/><G127/><T96/><D70/><U10/><E19/><V12/><F53/><W129/><G129/><T84/><D72/><U71/><E71/><V121/><F40/><W9/><G101/><T63/><D33/><U56/><E78/><V114/><F114/><W67/><G67/><T128/><D7/><U23/><E23/><V81/><F121/><W18/><G80/><N who="2" m="30825" /><F79/><W59/><G122/><T30/><D30/><U90/><E75/><V95/><F95/><W60/><G74/><T58/><D128/><U123/><E73/><V11/><F11/><W76/><G76/><T111/><D126/><U99/><E123/><V46/><F46/><W50/><G31/><T43/><D58/><U21/><E21/><V117/><F108/><N who="0" m="41514" /><D63/><U61/><E57/><V134/><F134/><N who="3" m="51243" /><G32/><T87/><D47/><U89/><E44/><V39/><F39/><W62/><G62/><T8/><D8/><U92/><REACH who="1" step="1"/><E51/><REACH who="1" ten="250,240,250,250" step="2"/><V36/><F36/><W28/><G28/><T20/><D20/><U131/><E131/><V133/><F133/><W102/><G49/><T17/><D17/><U103/><E103/><AGARI ba="0,1" hai="1,2,3,41,43,84,85,87,94,96,103" m="41514" machi="103" ten="40,3900,0" yaku="14,1,10,1" doraHai="68" who="0" fromWho="1" sc="250,49,240,-39,250,0,250,0" /><INIT seed="0,1,0,3,3,33" ten="299,201,250,250" oya="0" hai0="6,127,134,35,119,51,26,2,67,135,116,9,48" hai1="113,49,79,13,87,118,25,8,15,34,74,130,131" hai2="77,82,22,10,122,99,129,55,83,17,64,85,101" hai3="115,54,104,3,5,94,47,66,43,128,73,100,11"/><T45/><D67/><U126/><E74/><V121/><F129/><N who="1" m="49161" /><E79/><V103/><F64/><W23/><G115/><T7/><D127/><U37/><E87/><V105/><F10/><W70/><G104/><T107/><D107/><U27/><E49/><V80/><F55/><W84/><G73/><T123/><D123/><N who="2" m="47114" /><F17/><W58/><G23/><T41/><D51/><U18/><E37/><V62/><F22/><W32/><G32/><T31/><REACH who="0" step="1"/><D7/><REACH who="0" ten="289,201,250,250" step="2"/><N who="1" m="3231" /><E126/><V98/><F62/><W21/><G5/><T91/><D91/><U36/><E36/><V102/><F102/><W76/><G100/><T50/><D50/><U125/><E125/><V56/><F56/><W53/><G58/><T57/><D57/><U132/><E113/><V112/><F112/><W14/><G70/><T110/><D110/><U4/><E4/><V72/><F72/><W78/><G128/><T59/><D59/><U89/><E89/><V114/><F114/><W81/><G66/><T20/><D20/><U92/><E34/><V71/><F71/><W30/><G21/><T124/><D124/><U1/><E27/><V108/><F108/><W61/><G61/><T63/><D63/><U19/><E25/><V111/><F111/><W38/><G38/><T29/><D29/><U0/><E19/><V93/><AGARI ba="1,1" hai="77,80,82,83,85,93,98,99,101,103,105" m="47114" machi="93" ten="30,2000,0" yaku="34,2" doraHai="33" who="2" fromWho="2" sc="289,-11,201,-6,250,33,250,-6" /><INIT seed="1,0,0,2,0,128" ten="278,195,283,244" oya="1" hai0="33,47,118,86,109,58,101,133,6,97,134,8,79" hai1="21,90,3,121,7,38,78,87,119,30,135,63,39" hai2="72,115,19,92,29,52,37,131,116,20,80,2,67" hai3="60,82,122,124,84,51,42,17,65,93,66,69,104"/><U98/><E119/><V31/><F116/><W53/><G104/><T88/><D79/><U56/><E121/><V70/><F131/><W100/><G122/><T132/><D33/><U75/><E135/><V12/><F37/><W57/><G124/><T77/><D77/><U5/><E98/><V81/><F2/><W32/><G32/><T112/><D118/><U0/><E75/><V108/><F108/><W13/><G42/><T55/><D47/><U1/><E78/><V43/><F43/><W59/><G69/><T27/><D27/><U83/><E38/><V123/><F72/><W61/><G93/><N who="0" m="54423" /><D112/><U111/><E39/><V96/><F67/><W46/><G100/><T22/><D22/><U40/><E40/><V23/><F70/><W18/><G13/><N who="0" m="5271" /><D109/><U126/><E126/><V73/><F73/><W15/><G15/><T41/><D41/><U62/><E111/><V129/><F115/><W71/><G71/><T110/><D110/><U26/><REACH who="1" step="1"/><E63/><REACH who="1" ten="278,185,283,244" step="2"/><V35/><F123/><W120/><G120/><T36/><D36/><U25/><E25/><N who="2" m="16551" /><F129/><W14/><G61/><N who="0" m="36063" /><D97/><U50/><E50/><V16/><F96/><W107/><G51/><T10/><D101/><U91/><E91/><V102/><F102/><W45/><G60/><T103/><D103/><U74/><E74/><V113/><F113/><W127/><G127/><T64/><D64/><AGARI ba="0,1" hai="0,1,3,5,7,21,26,30,56,62,64,83,87,90" machi="64" ten="40,2000,0" yaku="1,1,53,0" doraHai="128" doraHaiUra="9" who="1" fromWho="0" sc="278,-20,185,30,283,0,244,0" /><INIT seed="1,1,0,0,3,40" ten="258,215,283,244" oya="1" hai0="70,14,32,134,6,48,37,87,79,113,5,30,76" hai1="21,44,51,115,83,1,33,126,54,112,61,132,12" hai2="73,41,74,57,10,75,117,4,16,88,97,124,80" hai3="92,43,26,53,104,85,123,135,46,36,20,55,127"/><U128/><E1/><V108/><F117/><W109/><G104/><T9/><D37/><U98/><E33/><V24/><F108/><W35/><G123/><T77/><D70/><U68/><E126/><V121/><F121/><W93/><G109/><T86/><D113/><U31/><E128/><V114/><F124/><W47/><G35/><T56/><D134/><U94/><E132/><V81/><F114/><W78/><G127/><T29/><D6/><U19/><E31/><N who="0" m="11785" /><D32/><U99/><E99/><V131/><F131/><W11/><G11/><T65/><D48/><U96/><E96/><V118/><F118/><W62/><G135/><T69/><D69/><U120/><E120/><V133/><F133/><W130/><G55/><T100/><D100/><U110/><E110/><V18/><F57/><W90/><G78/><T105/><D105/><U60/><E83/><V15/><F41/><W129/><G93/><T49/><D49/><U39/><E39/><V111/><F111/><W59/><REACH who="3" step="1"/><G47/><REACH who="3" ten="258,215,283,234" step="2"/><T71/><D71/><U119/><E119/><V0/><F81/><W23/><G23/><T84/><D79/><U28/><E68/><V103/><F10/><W72/><G72/><T106/><D106/><U27/><E115/><V50/><F74/><W125/><G125/><T2/><D2/><U17/><E112/><V116/><F75/><W34/><G34/><T63/><AGARI ba="1,1" hai="5,9,14,56,63,65,76,77,84,86,87" m="11785" machi="63" ten="30,1100,0" yaku="8,1" doraHai="40" who="0" fromWho="0" sc="258,24,215,-6,283,-4,234,-4" /><INIT seed="2,0,0,0,4,84" ten="282,209,279,230" oya="2" hai0="12,108,20,109,21,132,29,13,14,0,85,2,42" hai1="61,115,81,76,17,79,93,91,19,15,47,133,64" hai2="70,103,116,48,25,110,105,107,124,69,80,57,87" hai3="119,77,88,6,90,111,113,127,55,8,23,123,53"/><V106/><F116/><W18/><G123/><T26/><D42/><U130/><E115/><V1/><F1/><N who="0" m="618" /><D85/><U67/><E130/><V16/><F103/><W66/><G119/><T37/><D37/><U92/><E133/><V68/><F124/><W11/><G127/><T73/><D73/><U7/><E7/><V95/><F95/><N who="1" m="36425" /><E47/><V101/><F101/><W89/><G111/><N who="0" m="42571" /><D132/><U59/><E67/><V78/><F110/><W120/><G120/><T134/><D134/><U72/><E72/><V34/><F34/><AGARI ba="0,0" hai="12,13,14,20,21,26,29,34" m="42571,618" machi="34" ten="40,5200,0" yaku="14,1,34,2" doraHai="84" who="0" fromWho="2" sc="282,52,209,0,279,-52,230,0" /><INIT seed="3,0,0,3,4,101" ten="334,209,227,230" oya="3" hai0="63,121,82,104,126,62,47,65,123,89,45,118,130" hai1="61,12,25,46,34,69,18,32,33,106,4,15,87" hai2="76,74,36,78,64,77,17,95,71,116,99,84,51" hai3="124,56,37,2,8,9,20,16,90,59,57,50,26"/><W72/><G37/><T109/><D104/><U48/><E106/><V91/><F116/><W107/><G124/><T52/><D118/><U117/><E117/><V41/><F36/><W97/><G72/><T27/><D109/><U120/><E120/><V105/><F71/><W6/><G9/><T80/><D126/><U19/><E87/><V53/><F64/><W24/><G24/><T111/><D111/><U112/><E112/><V29/><F41/><W49/><REACH who="3" step="1"/><G90/><REACH who="3" ten="334,209,227,220" step="2"/><T35/><D89/><U127/><E127/><V10/><F74/><W133/><G133/><T21/><D27/><U86/><E25/><V128/><F128/><W38/><G38/><T58/><D130/><U5/><E15/><N who="2" m="7415" /><F29/><W129/><G129/><T122/><D123/><U115/><E115/><V60/><F77/><W93/><G93/><T73/><D122/><U92/><E19/><V134/><F134/><W94/><G94/><T83/><D73/><U98/><E18/><V132/><F132/><W0/><G0/><T79/><D121/><U81/><E12/><V11/><F11/><W40/><G40/><T23/><D79/><N who="1" m="46399" /><E4/><V135/><F135/><W113/><G113/><T66/><D82/><U3/><E5/><V54/><F105/><W14/><G14/><T31/><D80/><U44/><E3/><V103/><F91/><W96/><G96/><T55/><D83/><U22/><E92/><V7/><F7/><W39/><G39/><T1/><D1/><U13/><E98/><V88/><F88/><W75/><G75/><T102/><D31/><U131/><E131/><V110/><F99/><RYUUKYOKU ba="0,1" sc="334,-10,209,-10,227,-10,220,30" hai3="2,6,8,16,20,26,49,50,56,57,59,97,107" /><INIT seed="3,1,1,5,5,18" ten="324,199,217,250" oya="3" hai0="110,23,58,104,53,73,40,49,79,131,36,71,127" hai1="86,47,35,32,20,90,16,91,123,8,50,109,12" hai2="108,61,132,27,5,118,38,3,34,10,2,37,100" hai3="88,26,107,70,68,75,113,44,64,115,134,6,82"/><W78/><G107/><T33/><D33/><U52/><E123/><V84/><F118/><W135/><G6/><T15/><D104/><U1/><E109/><V0/><F100/><W129/><G129/><T30/><D71/><U9/><E91/><V119/><F119/><W67/><G44/><T7/><D110/><U66/><E66/><N who="3" m="25130" /><G70/><T55/><D131/><U94/><E9/><V117/><F61/><W92/><G26/><N who="0" m="16735" /><D36/><N who="2" m="13930" /><F84/><N who="3" m="52231" /><G68/><T114/><D127/><U102/><E102/><V83/><F117/><W95/><G95/><T46/><D73/><U22/><E22/><V98/><F98/><W43/><G43/><T97/><D79/><U25/><E1/><N who="2" m="619" /><F83/><W130/><G130/><T96/><D40/><U28/><AGARI ba="1,1" hai="8,12,16,20,25,28,32,35,47,50,52,86,90,94" machi="28" ten="20,8000,1" yaku="0,1,7,1,52,1,54,2" doraHai="18" who="1" fromWho="1" sc="324,-21,199,93,217,-21,250,-41" owari="303,40.3,292,9.2,196,-30.4,209,-19.1" /></mjloggm>