<mjloggm ver="2.3"><GO type="225" lobby="0"/><UN n0="%E5%8D%A0%E3%81%84%E5%B8%AB%E8%A3%8F%E3%81%AA%E3%81%84%E3%81%97" n1="%E6%81%A5%E6%99%92%E3%81%97" n2="%E3%81%8B%E3%82%8F%E3%81%A1%E3%82%83%E3%82%93%35%38" n3="%E3%81%BF%E3%81%BF%E3%81%9A" dan="17,17,16,18" rate="2163.05,2198.72,2139.17,2215.20" sx="M,M,M,M"/><TAIKYOKU oya="0"/><INIT seed="0,0,0,2,4,27" ten="250,250,250,250" oya="0" hai0="13,4,49,115,121,8,132,130,98,105,67,91,20" hai1="60,19,82,128,135,10,74,125,73,68,77,75,85" hai2="3,26,76,87,116,97,54,55,23,32,107,89,31" hai3="66,88,17,86,62,110,7,33,35,40,126,9,45"/><T93/><D115/><U22/><E125/><V70/><F116/><W42/><G110/><T113/><D113/><U101/><E128/><V6/><F70/><W100/><G100/><T108/><D121/><U69/><E135/><V30/><F32/><W94/><G17/><T50/><D130/><U92/><E10/><V25/><F3/><W131/><G126/><T14/><D132/><U24/><REACH who="1" step="1"/><E60/><REACH who="1" ten="250,240,250,250" step="2"/><V80/><F6/><W83/><G131/><T51/><D108/><U96/><AGARI ba="0,1" hai="19,22,24,68,69,73,74,75,77,82,85,92,96,101" machi="96" ten="40,8000,1" yaku="1,1,2,1,0,1,53,1" doraHai="27" doraHaiUra="99" who="1" fromWho="1" sc="250,-40,240,90,250,-20,250,-20" /><INIT seed="1,0,0,4,5,20" ten="210,330,230,230" oya="1" hai0="129,56,17,46,81,74,67,118,98,8,93,66,130" hai1="124,34,3,127,48,119,43,57,22,68,31,96,73" hai2="2,126,53,125,87,24,108,105,107,101,41,104,33" hai3="112,63,117,42,79,71,32,35,132,83,91,12,50"/><U131/><E119/><V123/><F2/><W102/><G112/><T52/><D118/><U113/><E113/><V27/><F123/><W92/><G117/><T120/><D120/><U55/><E3/><V134/><F33/><W80/><G102/><T85/><D74/><U133/><E73/><V84/><F108/><W88/><G132/><T75/><D46/><U109/><E68/><V19/><F134/><W76/><G71/><T97/><D75/><U115/><E115/><V65/><F101/><W128/><G63/><T44/><D44/><U58/><E43/><V21/><F41/><W59/><G42/><T69/><D69/><U62/><E131/><N who="0" m="50185" /><D8/><U30/><E133/><V82/><F65/><N who="0" m="24586" /><D17/><U99/><E124/><N who="2" m="47723" /><F53/><N who="3" m="32183" /><G128/><T37/><D93/><U4/><E127/><V6/><F6/><W14/><G35/><T16/><D16/><U13/><E4/><V47/><F47/><W1/><G32/><T0/><D37/><U94/><E34/><V23/><F82/><N who="3" m="31275" /><G1/><T18/><D18/><AGARI ba="0,0" hai="18,19,21,23,24,27,84,87,104,105,107" m="47723" machi="18" ten="40,5200,0" yaku="18,1,52,2" doraHai="20" who="2" fromWho="0" sc="210,-52,330,0,230,52,230,0" /><INIT seed="2,0,0,3,4,105" ten="158,330,282,230" oya="2" hai0="115,14,38,40,0,93,30,92,128,78,77,89,15" hai1="95,58,130,8,73,85,121,44,43,97,120,135,133" hai2="99,117,35,79,71,36,1,26,129,45,56,125,113" hai3="110,9,50,101,62,23,83,118,69,31,42,63,53"/><V112/><F26/><W96/><G118/><T48/><D115/><N who="2" m="44106" /><F35/><W47/><G110/><T86/><D0/><U59/><E85/><V24/><F24/><W7/><G69/><T22/><D38/><N who="1" m="21623" /><E130/><V4/><F4/><W132/><G132/><N who="1" m="50762" /><E8/><V18/><F18/><W10/><G31/><T91/><D128/><U28/><E73/><V119/><F1/><W116/><G116/><N who="2" m="44617" /><F99/><W106/><G23/><T111/><D111/><U82/><E82/><V100/><F100/><W49/><G83/><T114/><D114/><U66/><E28/><V61/><F79/><W19/><G19/><T84/><D40/><U33/><E33/><V103/><F103/><W67/><G67/><T2/><D48/><U3/><E66/><N who="2" m="41423" /><F129/><W124/><G10/><T127/><D2/><U98/><E98/><V20/><F20/><W55/><G9/><T65/><D65/><U81/><E81/><V13/><F13/><W57/><G7/><T27/><REACH who="0" step="1"/><D127/><REACH who="0" ten="148,330,282,230" step="2"/><U109/><E3/><V80/><F125/><W6/><G124/><T94/><D94/><U134/><E134/><V29/><F80/><W68/><G68/><T88/><D88/><N who="1" m="55527" /><E109/><V60/><F36/><W32/><G42/><T104/><D104/><U87/><E120/><V76/><F76/><AGARI ba="0,1" hai="14,15,22,27,30,76,77,78,84,86,89,91,92,93" machi="76" ten="40,12000,2" yaku="1,1,9,1,8,1,53,3" doraHai="105" doraHaiUra="74" who="0" fromWho="2" sc="148,130,330,0,282,-120,230,0" /><INIT seed="3,0,0,0,5,131" ten="278,330,162,230" oya="3" hai0="79,38,42,94,64,113,87,19,55,118,29,22,8" hai1="127,99,31,25,89,121,61,41,124,114,84,18,125" hai2="77,5,92,120,11,35,108,106,96,109,51,62,45" hai3="7,56,54,58,32,117,6,133,107,111,59,82,30"/><W110/><G117/><T105/><D118/><U101/><E114/><V23/><F106/><W88/><G107/><T76/><D105/><U129/><E121/><V9/><F35/><W78/><G78/><T112/><D64/><U1/><E129/><V50/><F120/><W66/><G66/><T36/><D29/><U134/><E134/><V3/><F77/><W33/><G133/><T10/><D55/><U2/><E18/><V28/><F62/><W48/><G6/><T17/><D94/><N who="1" m="58615" /><E61/><V16/><F11/><W70/><G7/><T75/><D22/><N who="1" m="15799" /><E41/><V47/><F28/><W135/><G135/><T90/><D87/><U128/><E128/><V4/><F4/><W72/><G70/><T98/><D98/><U34/><E34/><V57/><F51/><W80/><G72/><T102/><D102/><U39/><E39/><V65/><F109/><N who="3" m="41483" /><G82/><AGARI ba="0,0" hai="1,2,82,84,89,124,125,127" m="15799,58615" machi="82" ten="30,1000,0" yaku="18,1" doraHai="131" who="1" fromWho="3" sc="278,0,330,10,162,0,230,-10" owari="278,7.8,340,44.0,162,-33.8,220,-18.0" /></mjloggm>