<mjloggm ver="2.3"><GO type="225" lobby="0"/><UN n0="%33%74%72%65%65" n1="%E3%81%BE%E3%81%A8%E3%81%9F" n2="%E3%81%A8%E3%82%89%E3%81%84%E3%81%A1" n3="%E3%82%8C%E3%81%99%E3%81%93" dan="16,16,16,17" rate="2110.46,2073.09,2111.52,2175.34" sx="F,M,M,F"/><TAIKYOKU oya="0"/><INIT seed="0,0,0,2,1,66" ten="250,250,250,250" oya="0" hai0="127,11,38,13,69,5,42,60,81,31,43,134,105" hai1="73,72,99,29,96,15,25,8,135,84,30,39,63" hai2="88,32,117,102,24,65,85,18,109,129,98,33,74" hai3="119,54,61,6,57,115,23,75,4,123,1,2,68"/><T40/><D134/><U79/><E39/><V100/><F74/><W71/><G115/><T80/><D127/><U52/><E73/><V121/><F121/><W10/><G119/><T126/><D126/><U27/><E72/><V128/><F109/><W108/><G108/><T34/><D105/><U103/><E79/><V94/><F65/><W92/><G123/><T132/><D38/><U44/><E84/><V28/><F117/><W107/><G107/><T9/><D132/><U7/><E99/><V97/><F18/><W0/><G75/><T17/><D60/><U49/><E63/><V111/><F32/><W62/><G62/><T118/><D69/><U104/><REACH who="1" step="1"/><E135/><REACH who="1" ten="250,240,250,250" step="2"/><V133/><F133/><W20/><G92/><T41/><D118/><U45/><E45/><V46/><F46/><W16/><G6/><T113/><D113/><U93/><E93/><V35/><F111/><W76/><G76/><T36/><D36/><U91/><E91/><V89/><F85/><W37/><G37/><T125/><D125/><U130/><E130/><N who="2" m="50283" /><F35/><W22/><REACH who="3" step="1"/><G16/><REACH who="3" ten="250,240,250,240" step="2"/><T77/><D77/><U110/><E110/><V116/><F116/><W56/><G56/><T124/><D124/><U114/><E114/><V64/><F64/><W12/><AGARI ba="0,2" hai="0,1,2,4,10,12,20,22,23,54,57,61,68,71" machi="12" ten="40,8000,1" yaku="1,1,0,1,52,2,53,1" doraHai="66" doraHaiUra="55" who="3" fromWho="3" sc="250,-40,240,-20,250,-20,240,100" /><INIT seed="1,0,0,4,3,118" ten="210,220,230,340" oya="1" hai0="75,110,80,18,77,96,104,0,107,31,128,14,11" hai1="9,66,48,133,91,122,101,61,130,78,72,25,84" hai2="90,10,54,16,95,97,49,100,36,115,119,131,79" hai3="50,125,3,65,53,132,24,102,70,32,33,56,55"/><U59/><E130/><V21/><F119/><W114/><G114/><T39/><D128/><U87/><E133/><V17/><F131/><W57/><G3/><T134/><D134/><U73/><E101/><V58/><F36/><W89/><G132/><T92/><D110/><U111/><E111/><V23/><F115/><W124/><G102/><T40/><D0/><U67/><E67/><V42/><F42/><W135/><G135/><T35/><D35/><U1/><E25/><V105/><F79/><W4/><G4/><T6/><D31/><U13/><E1/><V30/><F30/><W81/><G65/><T83/><D83/><U129/><E129/><V98/><REACH who="2" step="1"/><F10/><REACH who="2" ten="210,220,220,340" step="2"/><W38/><G38/><T5/><D40/><U123/><E78/><V106/><F106/><W113/><G113/><T69/><D39/><U43/><E73/><V2/><F2/><W20/><G125/><T44/><D104/><U99/><E72/><V19/><AGARI ba="0,1" hai="16,17,19,21,23,49,54,58,90,95,97,98,100,105" machi="19" ten="30,4000,0" yaku="1,1,0,1,54,1,53,0" doraHai="118" doraHaiUra="8" who="2" fromWho="2" sc="210,-10,220,-20,220,50,340,-10" /><INIT seed="2,0,0,0,1,37" ten="200,200,270,330" oya="2" hai0="25,94,118,15,21,81,43,123,72,98,69,38,124" hai1="120,32,0,127,101,87,66,79,90,65,46,5,78" hai2="95,71,129,48,8,53,17,62,19,50,104,106,134" hai3="10,86,92,126,75,77,33,56,9,12,51,67,76"/><V85/><F134/><W13/><G33/><T40/><D123/><U99/><E32/><V20/><F129/><W35/><G35/><T1/><D1/><U105/><E127/><V4/><F104/><W74/><G126/><T102/><D124/><U114/><E114/><V52/><F106/><W45/><G74/><T29/><D38/><U18/><E120/><V60/><F71/><W113/><G75/><T84/><D118/><U11/><E18/><V128/><F128/><W30/><G30/><T110/><D110/><U28/><E28/><V41/><F4/><N who="3" m="3111" /><G113/><T6/><D69/><U83/><REACH who="1" step="1"/><E46/><REACH who="1" ten="200,190,270,330" step="2"/><V2/><F19/><N who="3" m="8631" /><G45/><T70/><D6/><U27/><E27/><V96/><F17/><W63/><G51/><T14/><D25/><U61/><E61/><V111/><F62/><W88/><AGARI ba="0,1" hai="56,63,67,76,77,86,88,92" m="8631,3111" machi="88" ten="30,2000,0" yaku="8,1,54,1" doraHai="37" who="3" fromWho="3" sc="200,-5,190,-5,270,-10,330,30" /><INIT seed="3,0,0,2,5,62" ten="195,185,260,360" oya="3" hai0="54,45,4,93,8,61,132,79,31,118,75,113,82" hai1="135,101,106,55,116,42,120,48,134,102,40,7,124" hai2="60,110,15,103,26,115,98,28,10,6,52,100,25" hai3="81,99,91,77,68,66,0,72,37,33,46,71,41"/><W123/><G123/><T119/><D132/><N who="1" m="50731" /><E120/><V34/><F115/><W83/><G33/><T127/><D113/><U111/><E111/><V69/><F110/><W56/><G56/><T67/><D127/><U3/><E124/><V73/><F73/><W121/><G121/><T126/><D126/><U117/><E7/><V14/><F26/><W38/><G38/><T90/><D31/><U105/><E3/><V70/><F15/><W89/><G66/><T85/><D45/><N who="1" m="28047" /><E102/><V131/><F103/><W43/><G43/><N who="1" m="16426" /><E101/><V23/><F131/><W109/><G109/><T86/><D75/><U24/><E24/><V122/><F122/><W51/><G51/><T47/><D47/><U30/><E30/><V16/><F6/><W96/><G89/><T20/><D54/><U57/><E57/><V74/><F74/><W5/><G83/><T22/><D118/><AGARI ba="0,0" hai="105,106,116,117,118" m="16426,28047,50731" machi="118" ten="30,2000,0" yaku="12,1,20,1" doraHai="62" who="1" fromWho="0" sc="195,-20,185,20,260,0,360,0" owari="175,-32.5,205,-19.5,260,6.0,360,46.0" /></mjloggm>