<mjloggm ver="2.3"><GO type="225" lobby="0"/><UN n0="%E3%81%AF%E3%82%88%E3%81%8A%E3%81%98%E3%81%95%E3%82%93" n1="%E3%82%A2%E3%83%9E%E3%83%9D%EF%BD%9E%EF%BD%9E%E3%83%A9" n2="%E3%81%A4%E3%81%A3%E3%81%B1%E3%82%8A%E3%83%9D%E3%83%BC%E3%83%AB" n3="%E3%83%B4%E3%83%A0%EF%BC%99%E3%81%A6" dan="16,17,17,16" rate="2130.39,2048.79,2148.54,2153.80" sx="M,M,M,M"/><TAIKYOKU oya="0"/><INIT seed="0,0,0,1,4,37" ten="250,250,250,250" oya="0" hai0="44,132,66,59,47,63,11,98,64,57,36,13,87" hai1="77,113,12,62,32,10,117,74,90,108,34,82,100" hai2="78,41,79,111,29,116,51,70,65,76,115,61,88" hai3="73,92,75,83,109,48,38,14,71,134,84,112,129"/><T54/><D132/><U52/><E108/><V45/><F115/><W35/><G38/><T15/><D98/><U130/><E117/><V106/><F111/><W27/><G112/><T0/><D0/><U99/><E130/><V68/><F106/><W7/><G71/><T94/><D36/><U4/><E90/><V25/><F116/><W125/><G129/><T128/><D128/><U93/><REACH who="1" step="1"/><E113/><REACH who="1" ten="250,240,250,250" step="2"/><V102/><F88/><W3/><G109/><T110/><D110/><U131/><E131/><V1/><F102/><W86/><G134/><T135/><D135/><U50/><E50/><V97/><F97/><W95/><G48/><T105/><D105/><U67/><E67/><V104/><F104/><W17/><G95/><T43/><D66/><U80/><E80/><V5/><F70/><W89/><G83/><T2/><D94/><U33/><E33/><V81/><F81/><W19/><G35/><T31/><D64/><U96/><E96/><V122/><F122/><W121/><G89/><T120/><D120/><U49/><E49/><V28/><F79/><W114/><G92/><T6/><D63/><U16/><E16/><V60/><F78/><W58/><G114/><T124/><D31/><N who="2" m="11850" /><F76/><W46/><G19/><T22/><D87/><U23/><E23/><V8/><F61/><W133/><G133/><T56/><D22/><U42/><E42/><V103/><F103/><W72/><G84/><T30/><D30/><U107/><E107/><V9/><F9/><W119/><G86/><T91/><D91/><U127/><E127/><V101/><F101/><W55/><G121/><RYUUKYOKU ba="0,1" sc="250,-15,240,15,250,15,250,-15" hai1="4,10,12,32,34,52,62,74,77,82,93,99,100" hai2="1,5,8,25,41,45,51,60,65,68" /><INIT seed="1,1,1,4,1,28" ten="235,255,265,235" oya="1" hai0="66,78,87,79,59,27,101,83,133,47,122,68,9" hai1="108,74,29,0,38,118,96,134,105,8,22,46,54" hai2="85,71,88,42,3,49,5,116,44,45,30,131,23" hai3="92,41,63,55,75,7,114,64,24,17,100,36,2"/><U130/><E118/><V1/><F116/><W76/><G114/><T84/><D68/><U32/><E22/><V58/><F71/><W4/><G55/><T11/><D133/><U110/><E134/><V106/><F106/><W91/><G100/><T72/><D122/><U82/><E54/><V18/><F131/><W33/><G75/><T98/><D47/><U104/><E130/><V113/><F30/><W34/><G76/><T97/><D27/><N who="1" m="18495" /><E96/><V57/><F113/><W107/><G107/><N who="1" m="41034" /><E8/><N who="0" m="3145" /><D72/><U14/><E14/><V13/><F5/><W25/><G4/><T81/><D101/><U6/><E6/><V50/><F1/><W48/><G7/><T43/><D43/><N who="1" m="22903" /><E0/><V125/><F3/><W129/><G2/><T52/><D66/><U93/><E93/><V62/><F42/><W99/><G129/><T102/><D102/><U117/><E117/><V67/><F67/><W80/><G36/><T103/><D103/><U121/><E121/><V31/><F45/><N who="3" m="25647" /><G17/><T73/><D73/><U56/><E56/><V35/><F18/><W115/><G115/><T26/><D26/><U94/><E94/><V21/><F44/><W65/><G24/><T120/><D120/><U77/><AGARI ba="1,1" hai="74,77,82,108,110" m="22903,41034,18495" machi="77" ten="40,3900,0" yaku="23,1,52,1" doraHai="28" who="1" fromWho="1" sc="235,-14,255,52,265,-14,235,-14" /><INIT seed="1,2,0,2,2,47" ten="221,307,251,221" oya="1" hai0="106,40,78,11,117,30,14,68,16,32,129,44,70" hai1="104,21,10,107,22,2,43,23,35,113,83,37,64" hai2="71,84,120,31,50,123,51,133,100,73,111,97,15" hai3="45,125,105,112,19,54,55,3,41,33,128,130,102"/><U52/><E113/><V63/><F73/><W18/><G112/><T5/><D117/><U56/><E64/><V34/><F111/><W72/><G33/><T132/><D106/><U80/><E35/><V12/><F133/><W39/><G3/><T9/><D132/><U36/><E43/><V1/><F1/><W86/><G72/><T67/><D129/><N who="3" m="49769" /><G125/><T110/><D110/><U76/><E10/><V90/><F15/><W119/><G119/><T109/><D109/><U53/><E56/><V122/><F12/><W94/><G105/><N who="1" m="40522" /><E76/><V69/><F97/><N who="3" m="59703" /><G86/><T81/><D67/><U49/><E2/><V4/><F100/><W74/><G74/><T0/><D30/><U87/><E87/><V42/><F31/><W98/><G98/><T28/><D28/><U66/><E66/><N who="2" m="41183" /><F34/><W79/><G79/><T91/><D91/><U29/><E29/><V24/><F90/><W60/><G60/><T77/><D32/><U124/><E124/><V131/><F84/><W115/><G115/><T116/><D116/><U26/><E26/><V101/><F122/><W38/><G38/><N who="0" m="21527" /><D78/><U82/><E36/><V85/><F120/><W7/><G7/><T121/><D121/><U99/><E37/><V20/><F4/><W88/><G88/><T135/><D135/><U27/><E27/><V61/><F123/><W65/><G65/><T59/><D59/><N who="1" m="33167" /><E99/><V48/><F24/><W62/><G62/><T58/><D58/><U108/><E108/><V46/><F61/><W103/><G103/><T118/><D118/><U17/><E17/><AGARI ba="2,0" hai="17,18,19,39,41,45,54,55" m="59703,49769" machi="17" ten="30,1000,0" yaku="19,1" doraHai="47" who="3" fromWho="1" sc="221,0,307,-16,251,0,221,16" /><INIT seed="2,0,0,0,1,106" ten="221,291,251,237" oya="2" hai0="116,7,39,132,11,117,25,74,91,55,85,121,119" hai1="81,57,126,111,58,26,29,98,56,5,14,4,109" hai2="71,108,3,135,6,28,79,124,47,80,18,41,68" hai3="17,64,90,67,34,130,62,16,84,97,107,75,10"/><V125/><F135/><W70/><G130/><T60/><D121/><U93/><E81/><V43/><F28/><W92/><G34/><T12/><D132/><U2/><E14/><V22/><F108/><N who="1" m="41545" /><E2/><V72/><F41/><W23/><G75/><T1/><D39/><U110/><E126/><N who="2" m="48747" /><F18/><W44/><G67/><T53/><D74/><U95/><E95/><V46/><F22/><W31/><G44/><N who="2" m="16937" /><F43/><W24/><REACH who="3" step="1"/><G10/><AGARI ba="0,0" hai="3,6,10,68,71,72,79,80" m="16937,48747" machi="10" ten="30,2900,0" yaku="18,1,52,1" doraHai="106" who="2" fromWho="3" sc="221,0,291,0,251,29,237,-29" /><INIT seed="2,1,0,4,1,34" ten="221,291,280,208" oya="2" hai0="94,6,90,65,12,70,110,23,5,112,89,53,87" hai1="8,35,80,130,132,84,101,47,3,46,29,45,31" hai2="115,28,109,118,74,123,104,95,116,107,111,61,81" hai3="25,41,71,42,58,83,51,129,122,67,93,69,73"/><V7/><F28/><W76/><G122/><T134/><D112/><U37/><E37/><V0/><F61/><W121/><G121/><T17/><D110/><N who="2" m="41994" /><F123/><W105/><G105/><N who="2" m="40521" /><F95/><W48/><G129/><T21/><D134/><U1/><E101/><V22/><F22/><W88/><G25/><T43/><D43/><U32/><E8/><N who="2" m="2151" /><F115/><W133/><G133/><T100/><D100/><U49/><E130/><V78/><AGARI ba="1,0" hai="74,78,81,116,118" m="2151,40521,41994" machi="78" ten="40,12000,1" yaku="14,1,10,1,23,1,52,1" doraHai="34" who="2" fromWho="2" sc="221,-41,291,-41,280,123,208,-41" /><INIT seed="2,2,0,3,1,85" ten="180,250,403,167" oya="2" hai0="26,22,44,67,121,0,134,102,119,33,120,57,27" hai1="9,97,132,81,98,55,124,46,68,73,18,5,61" hai2="128,116,28,133,123,86,42,62,47,1,101,35,83" hai3="126,21,36,92,108,17,31,63,75,25,115,11,76"/><V40/><F116/><W48/><G36/><T7/><D119/><U19/><E124/><V29/><F123/><W43/><G126/><T6/><D134/><U10/><E68/><V125/><F1/><W131/><G108/><T74/><D74/><U93/><E132/><V3/><F3/><W114/><G131/><T66/><D102/><U89/><E98/><V64/><F125/><W49/><G63/><T59/><D0/><U14/><E73/><V12/><F101/><W69/><G69/><T58/><D44/><U53/><E81/><V52/><F35/><W38/><G38/><T122/><D33/><U87/><E97/><V135/><F128/><W71/><G71/><T90/><D90/><U129/><E129/><V84/><F84/><W4/><G92/><T94/><D94/><U78/><E78/><V65/><F47/><W130/><G130/><T127/><D127/><U111/><E10/><V80/><F86/><W30/><G76/><T91/><D91/><U113/><E111/><V109/><F109/><W70/><G70/><T112/><D112/><N who="3" m="43049" /><G75/><T23/><D66/><U79/><E79/><V72/><F65/><W45/><G48/><T105/><D67/><U96/><E113/><V51/><F64/><W2/><AGARI ba="2,0" hai="2,4,11,17,21,25,30,31,43,45,49" m="43049" machi="2" ten="30,1100,0" yaku="11,1" doraHai="85" who="3" fromWho="3" sc="180,-5,250,-5,403,-7,167,17" /><INIT seed="3,0,0,1,5,92" ten="175,245,396,184" oya="3" hai0="116,132,34,101,73,31,51,36,88,117,19,120,35" hai1="18,22,44,78,60,71,21,115,119,85,39,14,103" hai2="122,62,123,17,97,30,66,81,99,41,11,26,38" hai3="24,57,80,9,93,27,43,15,42,56,37,53,121"/><W70/><G70/><T130/><D36/><U65/><E115/><V25/><F41/><N who="3" m="15371" /><G37/><T55/><D120/><N who="2" m="46122" /><F38/><W79/><G121/><T3/><D73/><U127/><E44/><V40/><F40/><W84/><G93/><T131/><D3/><U107/><E119/><N who="0" m="45641" /><D31/><U90/><E127/><V125/><F81/><W67/><G67/><T129/><D132/><U6/><E78/><V46/><F46/><W20/><G20/><T100/><D88/><U8/><E39/><V76/><F76/><W28/><G28/><T113/><D19/><U134/><E22/><N who="2" m="13519" /><F11/><W29/><G29/><T64/><D64/><U61/><E134/><V74/><F125/><W77/><G77/><T124/><D113/><U4/><E65/><V106/><F106/><W104/><G104/><T83/><D83/><N who="1" m="49471" /><E71/><N who="2" m="42455" /><F74/><W52/><G79/><T135/><D135/><U2/><E4/><V110/><F110/><W49/><G80/><T95/><D124/><U112/><E112/><V94/><F94/><W86/><G27/><T91/><D34/><AGARI ba="0,0" hai="26,30,34,97,99" m="42455,13519,46122" machi="34" ten="30,3900,0" yaku="13,1,52,2" doraHai="92" who="2" fromWho="0" sc="175,-39,245,0,396,39,184,0" owari="136,-36.4,245,4.5,435,53.5,184,-21.6" /></mjloggm>