<mjloggm ver="2.3"><GO type="225" lobby="0"/><UN n0="%E3%83%96%E3%83%83%E3%83%91%E3%82%AA%E3%83%96%E3%83%81%E3%82%AD%E3%83%B3" n1="%E5%91%A8%E6%9D%B1" n2="%E6%98%93%E5%88%A9%E8%96%A9%E4%BC%AF" n3="%E3%81%A4%E3%81%A3%E3%81%B1%E3%82%8A%E3%83%9D%E3%83%BC%E3%83%AB" dan="16,17,17,17" rate="2052.28,2229.57,2142.57,2121.53" sx="M,M,F,M"/><TAIKYOKU oya="0"/><INIT seed="0,0,0,3,5,84" ten="250,250,250,250" oya="0" hai0="2,135,106,54,132,40,100,37,50,47,71,110,69" hai1="29,0,49,78,114,14,19,104,55,119,76,70,4" hai2="16,120,23,58,12,75,31,38,94,28,113,122,52" hai3="118,98,99,125,57,24,127,10,121,111,48,5,8"/><T20/><D2/><U43/><E104/><V53/><F38/><W44/><G118/><T105/><D20/><U108/><E70/><N who="0" m="26633" /><D100/><U60/><E119/><V128/><F113/><W41/><G121/><T101/><D101/><U89/><E114/><V42/><F75/><W133/><G133/><N who="0" m="51275" /><D110/><U96/><E108/><V72/><F72/><W79/><G111/><T73/><D73/><U77/><E0/><V93/><F128/><W115/><G115/><T27/><D27/><U116/><E116/><V7/><F42/><W68/><G68/><T95/><D95/><N who="1" m="56431" /><E43/><V88/><F94/><W85/><G24/><T87/><D87/><U86/><E4/><V129/><F53/><N who="3" m="31911" /><G85/><T117/><D117/><U107/><E107/><V59/><F59/><AGARI ba="0,0" hai="37,40,47,50,54,59,105,106" m="51275,26633" machi="59" ten="30,1500,0" yaku="20,1" doraHai="84" who="0" fromWho="2" sc="250,15,250,0,250,-15,250,0" /><INIT seed="0,1,0,4,3,120" ten="265,250,235,250" oya="0" hai0="42,111,53,29,90,28,109,114,6,37,65,49,92" hai1="76,110,40,17,124,88,123,52,117,36,118,38,46" hai2="84,61,97,78,103,59,75,83,35,63,22,82,47" hai3="132,56,62,41,55,20,48,80,3,89,11,45,102"/><T44/><D114/><U134/><E123/><V108/><F35/><W72/><G132/><T96/><D6/><U5/><E134/><V101/><F47/><W0/><G102/><T122/><D65/><U7/><E124/><V69/><F69/><W135/><G135/><T85/><D96/><U68/><E68/><V131/><F131/><W31/><G11/><T64/><D64/><U58/><E76/><V9/><F9/><W112/><G112/><T129/><D129/><U100/><E100/><V81/><F63/><W15/><G72/><T4/><D4/><U98/><E38/><V24/><F108/><N who="0" m="41546" /><D122/><U119/><E110/><V106/><F75/><W2/><G2/><T39/><D39/><U95/><REACH who="1" step="1"/><E17/><REACH who="1" ten="265,240,235,250" step="2"/><V77/><F103/><W67/><G0/><T113/><D113/><U74/><E74/><V54/><F78/><W70/><G3/><T57/><AGARI ba="1,1" hai="28,29,37,42,44,49,53,57,85,90,92" m="41546" machi="57" ten="30,12000,1" yaku="14,1,10,1,52,3" doraHai="120" who="0" fromWho="0" sc="265,133,240,-41,235,-41,250,-41" /><INIT seed="0,2,0,5,5,105" ten="398,199,194,209" oya="0" hai0="61,52,50,101,69,68,2,72,85,35,28,123,102" hai1="84,53,17,12,47,95,14,64,34,100,30,127,93" hai2="97,7,36,26,115,38,96,24,31,18,131,45,87" hai3="70,107,90,92,51,73,128,54,59,74,109,3,0"/><T13/><D123/><U89/><E127/><V83/><F115/><W118/><G118/><T6/><D2/><U10/><E34/><V94/><F7/><W111/><G107/><T39/><D39/><U104/><E104/><V60/><F97/><N who="3" m="57495" /><G70/><T81/><D72/><N who="3" m="27753" /><G128/><T67/><D68/><U1/><E1/><V78/><F60/><W40/><G40/><T121/><D121/><U65/><E30/><V33/><F131/><W79/><G79/><T66/><D66/><U16/><E100/><V120/><F120/><W55/><G55/><T44/><D28/><U112/><E95/><V20/><REACH who="2" step="1"/><F45/><REACH who="2" ten="398,199,184,209" step="2"/><W125/><G125/><T86/><D44/><U114/><E112/><V124/><F124/><W106/><G106/><T135/><D61/><U134/><E114/><V77/><F77/><W108/><AGARI ba="2,1" hai="0,3,51,54,59,108,109,111" m="27753,57495" machi="108" ten="40,8000,1" yaku="14,1,52,3" doraHai="105" who="3" fromWho="3" sc="398,-42,199,-22,184,-22,209,96" /><INIT seed="1,0,0,5,0,133" ten="356,177,162,305" oya="1" hai0="109,38,88,67,27,118,6,100,110,85,123,82,21" hai1="83,64,127,119,112,101,58,34,59,46,132,116,33" hai2="17,117,68,7,114,5,49,23,3,69,63,126,60" hai3="0,91,87,15,8,71,108,84,78,86,32,41,10"/><U103/><E46/><V125/><F117/><W12/><G108/><N who="0" m="41579" /><D118/><U96/><E83/><V97/><F114/><W61/><G32/><T56/><D123/><U16/><E132/><V92/><F49/><W48/><G0/><T25/><D38/><U128/><E112/><V19/><F92/><W39/><G39/><T76/><D100/><U111/><E111/><V62/><F97/><W73/><G73/><N who="0" m="43279" /><D6/><N who="2" m="2058" /><F3/><W131/><G131/><T70/><D70/><N who="2" m="27242" /><F23/><W2/><G2/><T30/><D27/><U65/><E96/><V18/><AGARI ba="0,0" hai="17,18,19,60,62,63,125,126" m="27242,2058" machi="18" ten="40,8000,1" yaku="28,2,52,2" doraHai="133" who="2" fromWho="2" sc="356,-20,177,-40,162,80,305,-20" /><INIT seed="2,0,0,5,0,118" ten="336,137,242,285" oya="2" hai0="128,53,99,37,50,22,32,44,117,21,31,6,16" hai1="36,7,18,40,108,100,43,66,80,68,72,135,96" hai2="90,76,98,17,125,62,85,87,123,24,19,91,88" hai3="97,2,49,105,104,45,69,73,27,8,133,67,63"/><V39/><F39/><W35/><G133/><T60/><D117/><U74/><E135/><V12/><F125/><W29/><G73/><T23/><D128/><U48/><E7/><V106/><F123/><W83/><G83/><T1/><D37/><U109/><E36/><V119/><F119/><W33/><G33/><T134/><D134/><U47/><E66/><V93/><F106/><W92/><G8/><N who="0" m="2127" /><D99/><U51/><E80/><V34/><F34/><W101/><REACH who="3" step="1"/><G2/><REACH who="3" ten="336,137,242,275" step="2"/><T28/><D28/><U52/><E74/><V113/><F76/><W9/><G9/><T10/><D10/><U94/><E72/><V121/><F113/><W0/><G0/><T110/><D23/><U11/><E11/><V124/><F124/><W38/><G38/><T15/><D22/><U61/><E68/><V64/><F87/><W122/><G122/><T120/><D120/><U126/><E126/><V5/><F85/><W132/><G132/><T129/><D21/><U25/><E25/><V59/><F121/><W57/><G57/><T78/><D31/><U56/><REACH who="1" step="1"/><E18/><REACH who="1" ten="336,127,242,275" step="2"/><V42/><F24/><W115/><G115/><T77/><D16/><U20/><E20/><V70/><F70/><W13/><G13/><T127/><D15/><U4/><E4/><V46/><F5/><W111/><G111/><T103/><D110/><U3/><E3/><V86/><F19/><W58/><G58/><T26/><D127/><U30/><E30/><V114/><F17/><W14/><G14/><T81/><D26/><U54/><E54/><AGARI ba="0,2" hai="27,29,35,45,49,54,63,67,69,92,97,101,104,105" machi="54" ten="30,2000,0" yaku="1,1,7,1,53,0" doraHai="118" doraHaiUra="107" who="3" fromWho="1" sc="336,0,127,-20,242,0,275,40" /><INIT seed="3,0,0,0,4,130" ten="336,107,242,315" oya="3" hai0="132,63,71,0,95,88,97,67,78,36,1,129,29" hai1="38,46,19,68,56,81,55,48,87,61,44,105,94" hai2="91,18,58,40,135,12,96,89,110,114,23,118,57" hai3="79,125,8,108,33,69,6,126,51,102,41,2,74"/><W134/><G69/><T128/><D132/><U59/><E105/><V60/><F114/><W9/><G33/><T104/><D36/><U77/><E94/><V76/><F118/><W85/><G108/><T66/><D78/><U100/><E100/><V75/><F40/><W93/><G9/><T82/><D82/><U30/><E30/><V14/><F135/><W15/><G134/><T49/><D29/><U121/><E121/><V34/><F34/><W37/><G15/><T5/><D67/><U70/><E19/><V86/><F58/><W98/><G85/><T17/><D104/><U65/><E87/><V72/><F110/><W47/><G51/><T45/><D17/><U27/><E81/><AGARI ba="0,0" hai="2,6,8,37,41,47,74,79,81,93,98,102,125,126" machi="81" ten="40,3900,0" yaku="25,2" doraHai="130" who="3" fromWho="1" sc="336,0,107,-39,242,0,315,39" owari="336,13.6,68,-43.2,242,-15.8,354,45.4" /></mjloggm>