<mjloggm ver="2.3"><GO type="225" lobby="0"/><UN n0="%72%65%6E%6B%75%6E" n1="%E7%99%BD%E5%80%89%E5%AF%9B%E4%B9%8B" n2="%E6%81%A5%E6%99%92%E3%81%97" n3="%E9%A6%AC%E5%BC%95%E7%81%AB%33" dan="17,16,16,16" rate="2199.40,2110.58,2148.70,2117.79" sx="M,M,M,M"/><TAIKYOKU oya="0"/><INIT seed="0,0,0,0,0,127" ten="250,250,250,250" oya="0" hai0="8,70,88,7,44,115,121,109,1,105,28,114,124" hai1="61,89,71,15,112,116,0,67,107,52,94,30,17" hai2="108,23,51,98,45,46,47,135,101,12,106,82,35" hai3="50,69,68,57,33,34,102,126,21,122,39,130,81"/><T43/><D121/><U36/><E0/><V29/><F108/><W18/><G39/><T66/><D109/><U59/><E107/><V119/><F135/><W4/><G126/><T95/><D124/><U123/><E123/><V9/><F119/><W93/><G4/><T26/><D105/><U24/><E36/><V25/><F82/><W63/><G50/><T83/><D83/><U84/><E116/><V110/><F110/><W86/><G122/><T42/><D66/><U104/><E104/><V91/><F91/><W133/><G133/><T131/><D70/><U118/><E118/><V117/><F117/><W90/><G68/><T58/><D58/><U16/><E112/><V37/><F37/><W54/><G69/><T80/><D80/><U100/><E100/><V134/><F134/><W77/><G102/><T72/><D72/><U64/><E71/><V76/><F76/><W2/><G2/><T20/><D43/><U14/><E30/><V113/><F113/><W6/><G6/><T74/><D74/><U13/><E24/><V49/><REACH who="2" step="1"/><F35/><REACH who="2" ten="250,250,240,250" step="2"/><W75/><G33/><T19/><D115/><U87/><E87/><V99/><F99/><N who="3" m="57783" /><G34/><T31/><D114/><U55/><E64/><V73/><F73/><W11/><G75/><T22/><D88/><U78/><E78/><V125/><F125/><W97/><G97/><T129/><D131/><U40/><E40/><V38/><F38/><W5/><G130/><T96/><D129/><U41/><E41/><V85/><F85/><W48/><G86/><T60/><D42/><U32/><E32/><V120/><F120/><RYUUKYOKU ba="0,1" sc="250,-15,250,15,240,15,250,-15" hai1="13,14,15,16,17,52,55,59,61,67,84,89,94" hai2="9,12,23,25,29,45,46,47,49,51,98,101,106" /><INIT seed="1,1,1,4,5,31" ten="235,265,255,235" oya="1" hai0="30,96,42,80,55,33,59,91,8,115,132,84,12" hai1="77,128,65,4,134,22,6,67,93,1,27,41,109" hai2="64,117,15,54,52,17,60,35,97,43,16,122,118" hai3="94,101,25,106,7,123,127,72,18,129,11,75,45"/><U26/><E134/><V50/><F122/><W87/><G123/><T19/><D132/><U69/><E128/><V113/><F113/><W44/><G106/><T56/><D115/><U63/><E109/><V120/><F120/><W104/><G104/><T111/><D111/><U114/><E114/><V74/><F74/><W79/><G129/><T32/><D42/><U130/><E130/><V81/><F35/><W9/><G127/><T78/><D30/><U135/><E135/><V76/><F97/><N who="3" m="59575" /><G75/><T119/><D119/><U39/><E67/><V133/><F133/><W38/><G72/><T124/><D124/><U13/><E77/><V3/><F17/><W108/><G38/><T92/><REACH who="0" step="1"/><D59/><REACH who="0" ten="225,265,255,235" step="2"/><U110/><E110/><V2/><F117/><W23/><G108/><T95/><D95/><U66/><E93/><V131/><F118/><W36/><G36/><T53/><D53/><U10/><E41/><V48/><F43/><W105/><G105/><T37/><D37/><U85/><E39/><V116/><F116/><W24/><G45/><T49/><AGARI ba="1,2" hai="8,12,19,32,33,49,55,56,78,80,84,91,92,96" machi="49" ten="20,8000,1" yaku="1,1,0,1,7,1,52,2,53,0" doraHai="31" doraHaiUra="125" who="0" fromWho="0" sc="225,103,265,-41,255,-21,235,-21" /><INIT seed="2,0,0,4,4,88" ten="328,224,234,214" oya="2" hai0="70,99,121,93,117,39,135,22,31,20,12,73,126" hai1="77,78,38,43,133,62,1,17,16,5,100,91,10" hai2="85,94,26,119,28,69,52,111,53,79,129,71,107" hai3="37,64,92,48,83,41,130,46,6,105,82,110,118"/><V19/><F119/><W3/><G118/><T29/><D73/><U47/><E133/><V25/><F107/><W113/><G105/><T32/><D70/><U15/><E100/><V66/><F129/><W109/><G130/><T18/><D39/><U55/><E17/><V14/><F71/><W81/><G64/><T27/><D117/><U128/><E128/><V56/><F111/><N who="3" m="42507" /><G113/><T123/><D135/><U45/><E91/><N who="2" m="53615" /><F69/><W95/><G37/><T50/><D126/><U112/><E112/><V104/><F79/><W90/><G90/><T120/><D50/><U132/><E132/><V134/><F134/><W24/><G24/><N who="2" m="9321" /><F28/><W11/><AGARI ba="0,0" hai="3,6,11,41,46,48,81,82,83,92,95" m="42507" machi="11" ten="40,5200,0" yaku="14,1,52,2" doraHai="88" who="3" fromWho="3" sc="328,-13,224,-13,234,-26,214,52" /><INIT seed="3,0,0,2,5,41" ten="315,211,208,266" oya="3" hai0="36,118,27,131,88,98,51,60,122,14,120,106,84" hai1="66,111,17,89,69,91,113,9,35,54,132,45,1" hai2="43,48,38,39,64,67,103,82,78,68,87,21,46" hai3="129,37,76,119,56,95,15,127,74,83,81,96,8"/><W62/><G119/><T23/><D36/><U13/><E35/><V40/><F103/><W53/><G127/><T126/><D118/><U42/><E113/><V117/><F117/><W105/><G129/><T77/><D126/><U22/><E132/><V6/><F68/><W2/><G37/><T47/><D131/><U63/><E111/><V30/><F6/><W28/><G28/><T25/><D60/><U11/><E54/><N who="2" m="29975" /><F39/><W135/><G135/><T134/><D14/><U4/><E11/><V75/><F75/><W101/><G83/><T3/><D3/><U65/><E66/><N who="2" m="25131" /><F38/><AGARI ba="0,0" hai="1,4,9,13,17,22,38,42,45,63,65,69,89,91" machi="38" ten="30,2000,0" yaku="7,1,52,1" doraHai="41" who="1" fromWho="2" sc="315,0,211,20,208,-20,266,0" owari="315,41.5,231,-16.9,188,-31.2,266,6.6" /></mjloggm>