<mjloggm ver="2.3"><GO type="225" lobby="0"/><UN n0="%E3%80%90%E3%83%88%E3%83%AA%E3%83%A5%E3%83%95%E3%80%91" n1="%E6%B7%91%E5%A5%B3%E3%81%AE%E5%97%9C%E3%81%BF" n2="%E3%83%B4%E3%83%A0%EF%BC%99%E3%81%A6" n3="%E4%BF%BA%E3%81%A8%E5%A6%96%E5%A4%A2" dan="16,16,16,16" rate="2122.49,2094.18,2154.49,2128.59" sx="M,M,M,F"/><TAIKYOKU oya="0"/><INIT seed="0,0,0,5,3,73" ten="250,250,250,250" oya="0" hai0="39,51,127,49,44,59,2,22,70,99,18,40,21" hai1="64,60,132,36,3,63,25,58,74,9,29,107,122" hai2="106,90,28,24,14,80,32,115,79,117,131,57,15" hai3="6,5,41,72,114,83,27,38,1,71,45,46,19"/><T30/><D2/><U129/><E122/><V8/><F115/><W128/><G114/><T81/><D70/><U88/><E107/><V96/><F117/><W82/><G71/><T85/><D99/><U112/><E112/><V134/><F134/><W104/><G104/><T34/><D127/><U116/><E116/><V52/><F131/><W93/><G128/><T33/><D39/><U43/><E132/><V16/><F14/><W35/><G1/><T125/><D125/><U23/><E129/><V61/><F106/><W130/><G130/><T109/><D109/><U120/><E120/><V10/><F96/><W75/><G93/><T47/><D59/><U12/><E74/><V124/><F124/><W76/><G46/><T20/><D18/><U111/><E111/><V77/><REACH who="2" step="1"/><F8/><REACH who="2" ten="250,250,240,250" step="2"/><W97/><G97/><T37/><D30/><U89/><E12/><V62/><F62/><W110/><G110/><T48/><REACH who="0" step="1"/><D47/><REACH who="0" ten="240,250,240,250" step="2"/><U17/><E29/><V68/><F68/><W87/><G45/><T98/><D98/><U91/><E63/><V105/><F105/><W123/><G123/><T121/><D121/><U133/><E60/><V42/><F42/><W65/><G41/><T92/><D92/><U0/><E43/><V101/><F101/><W102/><G102/><T135/><D135/><U119/><E133/><V95/><F95/><W103/><G103/><T31/><D31/><U7/><E119/><V55/><F55/><W69/><G69/><T126/><D126/><U11/><E0/><V13/><F13/><W78/><G27/><T118/><D118/><U84/><E3/><RYUUKYOKU ba="0,2" sc="240,15,250,-15,240,15,250,-15" hai0="20,21,22,33,34,37,40,44,48,49,51,81,85" hai2="10,15,16,24,28,32,52,57,61,77,79,80,90" /><INIT seed="0,1,2,0,2,89" ten="255,235,255,235" oya="0" hai0="53,48,28,63,20,2,132,1,43,127,118,39,58" hai1="80,31,36,45,92,104,27,102,135,77,66,24,78" hai2="5,26,17,105,74,94,3,13,4,120,12,108,130" hai3="98,84,37,65,69,44,85,23,33,82,61,125,97"/><T88/><D118/><U25/><E135/><V111/><F105/><W93/><G33/><T55/><D132/><U64/><E104/><V70/><F70/><W15/><G125/><T100/><D100/><U67/><E31/><V8/><F74/><W35/><G35/><T7/><D39/><U76/><E36/><V90/><F120/><W134/><G134/><T68/><D127/><U81/><E45/><V109/><F130/><W10/><G23/><T133/><D7/><U128/><E128/><V60/><F60/><W129/><G129/><T52/><D68/><U41/><E41/><V107/><F107/><W30/><G30/><T51/><D133/><U124/><E124/><V106/><F106/><W14/><G98/><AGARI ba="1,2" hai="24,25,27,64,66,67,76,77,78,80,81,92,98,102" machi="98" ten="50,8000,1" yaku="29,2,8,1,52,1" doraHai="89" who="1" fromWho="3" sc="255,0,235,103,255,0,235,-83" /><INIT seed="1,0,0,0,3,52" ten="255,338,255,152" oya="1" hai0="107,1,51,64,61,62,98,108,125,14,89,4,117" hai1="87,32,116,8,94,97,47,38,23,20,15,9,63" hai2="35,40,25,95,127,66,96,44,112,101,39,102,134" hai3="103,53,26,3,45,42,67,12,123,93,132,34,46"/><U58/><E116/><V5/><F127/><W111/><G123/><T133/><D108/><U104/><E32/><V75/><F75/><W43/><G3/><T55/><D1/><U17/><E104/><V78/><F78/><W33/><G111/><T31/><D125/><U54/><E87/><V74/><F74/><W60/><G132/><T118/><D133/><U100/><REACH who="1" step="1"/><E8/><REACH who="1" ten="255,328,255,152" step="2"/><V79/><F134/><W110/><G34/><T73/><D107/><U50/><E50/><V7/><F35/><W27/><G33/><T28/><D73/><U76/><E76/><V41/><F79/><W18/><G110/><T131/><D118/><U92/><E92/><V19/><F95/><W85/><G85/><T22/><D117/><U36/><E36/><V37/><F39/><W99/><G93/><N who="0" m="56623" /><D51/><U0/><E0/><V135/><F37/><W130/><G99/><T65/><D131/><U56/><E56/><V11/><F96/><W106/><G130/><T81/><D81/><U119/><E119/><V124/><F135/><W30/><G106/><T122/><D122/><U129/><E129/><V83/><F83/><W126/><G126/><T113/><D113/><U121/><E121/><V29/><F112/><W128/><G128/><T57/><D62/><U13/><E13/><V70/><F124/><W80/><G60/><T115/><D115/><U10/><E10/><V82/><F11/><W24/><G80/><T6/><D14/><U90/><E90/><V77/><F82/><W88/><G88/><T109/><D109/><U16/><E16/><V114/><F77/><W59/><G18/><RYUUKYOKU ba="0,1" sc="255,-10,328,30,255,-10,152,-10" hai1="9,15,17,20,23,38,47,54,58,63,94,97,100" /><INIT seed="1,1,1,2,4,67" ten="245,358,245,142" oya="1" hai0="129,123,5,110,100,112,54,20,88,11,101,105,66" hai1="92,103,83,14,50,102,58,53,130,24,56,127,15" hai2="40,31,95,63,109,49,23,114,13,18,71,128,106" hai3="96,98,133,120,131,7,21,82,99,44,74,48,8"/><U41/><E127/><V113/><F106/><W28/><G120/><T85/><D112/><N who="2" m="43114" /><F109/><W47/><G131/><T10/><D110/><U68/><E68/><V30/><F128/><W0/><G133/><T35/><D35/><U36/><E36/><V107/><F107/><W37/><G47/><T3/><D129/><U91/><E41/><V76/><F76/><W84/><G37/><T122/><D66/><U108/><E108/><V121/><F121/><N who="0" m="46090" /><D20/><U29/><E83/><V70/><F95/><W33/><G74/><T34/><D34/><U4/><E58/><V81/><F81/><W125/><G33/><T57/><D11/><U69/><E69/><N who="2" m="26123" /><F63/><W39/><G125/><T51/><D105/><U19/><E103/><V16/><F18/><W60/><G60/><T86/><D86/><U12/><E92/><AGARI ba="1,1" hai="3,5,10,51,54,57,85,88,92,100,101" m="46090" machi="92" ten="30,2000,0" yaku="13,1,54,1" doraHai="67" who="0" fromWho="1" sc="245,33,358,-23,245,0,142,0" /><INIT seed="2,0,0,4,4,101" ten="278,335,245,142" oya="2" hai0="15,12,130,83,51,124,89,116,60,13,41,0,100" hai1="30,74,58,127,78,118,2,119,65,21,27,93,85" hai2="46,95,125,45,16,103,114,17,47,97,67,71,66" hai3="33,34,91,117,108,39,86,44,5,82,14,92,28"/><V59/><F114/><W24/><G117/><T49/><D0/><U102/><E2/><V29/><F125/><W99/><G108/><T40/><D100/><U111/><E111/><V52/><F29/><W36/><G34/><T133/><D130/><U10/><E127/><V81/><F81/><W55/><G5/><T96/><D133/><U18/><E74/><V88/><F103/><W11/><G55/><T54/><D60/><N who="1" m="38039" /><E10/><V80/><F80/><W22/><G33/><T113/><D113/><U121/><E121/><V123/><F71/><W64/><G64/><N who="2" m="24617" /><F123/><W42/><G14/><T72/><D124/><U4/><E102/><V107/><F107/><W25/><G25/><T31/><D31/><U126/><E30/><V6/><F6/><W120/><G11/><T94/><D116/><U35/><E4/><V76/><F76/><W98/><G120/><T77/><REACH who="0" step="1"/><D49/><AGARI ba="0,0" hai="16,17,45,46,47,49,52,59,88,95,97" m="24617" machi="49" ten="30,11600,0" yaku="8,1,54,3" doraHai="101" who="2" fromWho="0" sc="278,-116,335,0,245,116,142,0" /><INIT seed="2,1,0,5,0,5" ten="162,335,361,142" oya="2" hai0="54,66,35,123,15,52,58,46,73,7,116,56,10" hai1="64,102,34,82,88,107,9,112,47,53,29,57,133" hai2="12,27,61,22,44,110,98,114,124,100,94,113,0" hai3="81,106,16,90,26,89,85,33,38,43,18,37,119"/><V60/><F0/><W8/><G119/><T68/><D123/><U86/><E112/><V17/><F124/><W109/><G106/><T24/><D73/><U120/><E120/><V78/><F110/><W69/><G69/><T41/><D68/><U115/><E115/><V93/><F78/><W63/><G109/><T48/><D116/><U129/><E129/><V101/><F113/><W80/><G63/><T6/><D66/><U59/><E133/><V13/><F114/><W50/><G38/><T31/><D6/><U121/><E121/><V21/><F44/><W62/><G37/><T84/><D84/><U91/><E64/><V40/><F40/><W75/><G62/><T25/><D25/><U19/><E91/><V30/><F12/><N who="3" m="7175" /><G33/><T130/><D130/><U122/><E29/><V23/><F23/><N who="3" m="13687" /><G75/><T134/><D134/><U70/><E34/><V132/><F132/><W72/><G72/><T67/><D67/><U126/><E70/><V51/><F51/><W11/><G11/><T83/><REACH who="0" step="1"/><D83/><REACH who="0" ten="152,335,361,142" step="2"/><N who="3" m="31817" /><G85/><T111/><D111/><U28/><E122/><V99/><AGARI ba="1,1" hai="13,17,21,22,27,30,60,61,93,94,98,99,100,101" machi="99" ten="30,6000,0" yaku="0,1,9,1,8,1" doraHai="5" who="2" fromWho="2" sc="152,-21,335,-21,361,73,142,-21" /><INIT seed="2,2,0,2,3,54" ten="131,314,434,121" oya="2" hai0="135,71,51,78,126,1,40,125,66,46,102,59,118" hai1="50,131,93,10,90,115,130,30,123,100,128,24,104" hai2="105,35,121,15,107,20,61,92,19,65,101,112,0" hai3="124,99,39,132,44,96,18,82,52,89,129,63,83"/><V103/><F112/><W133/><G129/><T88/><D1/><U97/><E115/><V57/><F121/><W43/><G124/><N who="0" m="47723" /><D102/><U95/><E123/><V22/><F35/><W53/><G18/><T38/><D78/><U48/><E10/><V69/><F0/><W74/><G74/><T106/><D106/><U42/><E42/><V9/><F69/><W111/><G111/><T47/><D135/><N who="3" m="51785" /><G53/><N who="0" m="32191" /><D88/><U60/><E60/><V81/><F81/><N who="3" m="30731" /><G89/><T75/><D75/><U64/><E64/><V134/><F134/><W86/><G86/><T14/><D14/><U68/><E104/><V84/><F105/><W113/><G113/><T114/><D114/><U80/><E80/><V32/><F32/><W98/><G98/><T117/><D47/><U76/><E76/><V17/><F107/><W45/><G45/><T31/><D31/><U26/><E30/><V120/><F120/><W12/><G12/><T87/><D87/><U58/><E128/><V8/><F101/><W4/><G4/><T27/><D27/><U108/><E90/><N who="2" m="53319" /><F103/><W79/><G79/><T41/><D41/><U127/><E127/><V91/><F91/><W23/><G23/><T94/><D94/><U119/><E100/><V55/><F20/><W85/><G85/><T109/><D109/><U73/><E73/><V56/><F17/><W28/><G28/><T122/><D122/><U6/><E108/><V5/><F5/><W25/><G25/><T67/><D67/><U70/><E6/><V33/><F33/><W2/><G2/><T7/><D7/><U110/><E110/><V11/><F22/><RYUUKYOKU ba="2,0" sc="131,10,314,-30,434,10,121,10" hai0="38,40,46,66,71,117,118" hai2="8,9,11,15,19,55,56,57,61,65" hai3="39,43,44,52,63,96,99" /><INIT seed="2,3,0,0,1,119" ten="141,284,444,131" oya="2" hai0="131,11,55,24,128,25,66,130,65,120,3,85,95" hai1="134,51,2,56,121,53,21,116,60,75,50,68,125" hai2="118,127,34,33,71,122,104,27,84,88,48,10,93" hai3="40,80,31,43,16,113,44,7,102,13,23,14,17"/><V70/><F118/><W107/><G113/><T62/><D55/><U46/><E116/><V6/><F104/><W101/><G107/><T64/><D120/><U26/><E75/><V94/><F122/><W9/><G31/><T30/><D11/><U61/><E2/><V1/><F127/><W49/><G43/><T58/><D3/><U52/><E121/><V106/><F106/><W20/><REACH who="3" step="1"/><G80/><REACH who="3" ten="141,284,444,121" step="2"/><T32/><D24/><AGARI ba="3,1" hai="7,9,13,14,16,17,20,23,24,40,44,49,101,102" machi="24" ten="30,8000,1" yaku="1,1,2,1,7,1,8,1,54,1,53,0" doraHai="119" doraHaiUra="110" who="3" fromWho="0" sc="141,-89,284,0,444,0,121,99" /><INIT seed="3,0,0,2,5,73" ten="52,284,444,220" oya="3" hai0="18,85,11,20,130,12,112,74,103,34,19,41,71" hai1="109,121,50,125,95,84,90,78,7,83,29,88,132" hai2="36,107,102,69,133,3,55,135,56,9,59,43,39" hai3="51,38,15,106,134,131,122,100,97,127,21,54,57"/><W61/><G122/><T124/><D74/><U77/><E121/><V47/><F69/><W46/><G134/><N who="2" m="51209" /><F36/><W80/><G131/><T93/><D71/><U86/><E132/><V35/><F35/><W105/><G127/><T28/><D124/><U10/><E125/><V67/><F67/><W120/><G120/><T37/><D37/><U63/><E109/><V68/><F68/><W64/><G38/><T23/><D130/><U49/><E63/><V108/><F108/><W70/><G70/><T65/><D85/><U4/><E29/><V42/><F42/><W17/><G80/><T53/><D93/><AGARI ba="0,0" hai="15,17,21,46,51,54,57,61,64,93,97,100,105,106" machi="93" ten="30,1500,0" yaku="7,1" doraHai="73" who="3" fromWho="0" sc="52,-15,284,0,444,0,220,15" /><INIT seed="3,1,0,2,1,117" ten="37,284,444,235" oya="3" hai0="134,33,67,83,70,54,90,18,38,68,47,37,40" hai1="57,64,120,52,30,112,26,9,34,97,77,85,87" hai2="24,29,91,95,31,72,43,21,114,103,89,25,80" hai3="42,115,118,69,88,86,11,58,62,131,96,8,55"/><W126/><G118/><T51/><D18/><U111/><E112/><V105/><F114/><W82/><G115/><T79/><D90/><U1/><E120/><V13/><F105/><W7/><G131/><T127/><D83/><U12/><E111/><V93/><F43/><W132/><G126/><T59/><D79/><U128/><E128/><V107/><F107/><W15/><G132/><T124/><D33/><U129/><E129/><V0/><F0/><W19/><G69/><T71/><D134/><U94/><E1/><V104/><F104/><W44/><G96/><T2/><D2/><U130/><E64/><V74/><F13/><W48/><REACH who="3" step="1"/><G7/><REACH who="3" ten="37,284,444,225" step="2"/><T121/><D127/><U49/><E77/><V56/><F103/><W14/><G14/><T32/><D124/><U65/><E130/><V135/><F135/><W53/><G53/><T4/><D4/><U6/><E65/><V46/><F25/><W92/><G92/><T119/><D119/><U113/><E113/><V109/><F93/><W36/><G36/><T76/><D121/><U61/><E49/><V10/><F24/><W63/><G63/><T39/><D76/><U102/><AGARI ba="1,1" hai="6,9,12,26,30,34,52,57,61,85,87,94,97,102" machi="102" ten="20,2700,0" yaku="0,1,7,1,54,1" doraHai="117" who="1" fromWho="1" sc="37,-8,284,40,444,-8,225,-14" owari="29,-47.1,324,12.4,436,53.6,211,-18.9" /></mjloggm>