<mjloggm ver="2.3"><GO type="225" lobby="0"/><UN n0="%E6%A1%9C%E8%8A%B1%E9%96%83%E3%80%85" n1="%50%69%73%38" n2="%43%68%65" n3="%E6%81%A5%E6%99%92%E3%81%97" dan="16,16,16,17" rate="2105.89,2104.33,2185.36,2222.38" sx="M,M,M,M"/><TAIKYOKU oya="0"/><INIT seed="0,0,0,1,4,19" ten="250,250,250,250" oya="0" hai0="102,77,90,125,27,70,91,18,59,33,82,47,1" hai1="81,101,20,119,21,131,123,88,60,25,95,39,100" hai2="10,127,23,28,85,104,62,113,0,38,73,105,128" hai3="126,89,30,110,122,12,65,103,63,109,14,83,6"/><T76/><D70/><U61/><E39/><V35/><F73/><W56/><G126/><T75/><D125/><U9/><E119/><V96/><F127/><W111/><G122/><T94/><D1/><U69/><E123/><V13/><F113/><W107/><G6/><T120/><D120/><U44/><E131/><V43/><F128/><W11/><G11/><T55/><D47/><U93/><E69/><V54/><F43/><W58/><G58/><T133/><D133/><U124/><E124/><V15/><F15/><W72/><G30/><T68/><D68/><U17/><E44/><V49/><F62/><N who="1" m="24169" /><E9/><V116/><F38/><W108/><G89/><N who="0" m="33803" /><D75/><U4/><E81/><V48/><F35/><W67/><G67/><T71/><D82/><U31/><E4/><V42/><F0/><W16/><G111/><T98/><D33/><U135/><E135/><V79/><F116/><W41/><G83/><T117/><D71/><U57/><E57/><V29/><F105/><W80/><G80/><T51/><D117/><U99/><E93/><V87/><F104/><W132/><G72/><T112/><D112/><U7/><E7/><V121/><F121/><W34/><G34/><T129/><D129/><U40/><E40/><V64/><F42/><W118/><G118/><T106/><D106/><U84/><E84/><V52/><F64/><W3/><G3/><T8/><D8/><U66/><E66/><V22/><F10/><N who="3" m="6167" /><G132/><T97/><D97/><U92/><E92/><V46/><F46/><W5/><G108/><T114/><D114/><U53/><E53/><V32/><F32/><RYUUKYOKU ba="0,0" sc="250,15,250,15,250,-15,250,-15" hai0="18,27,51,55,59,76,77,94,98,102" hai1="17,20,21,25,31,88,95,99,100,101" /><INIT seed="0,1,0,1,3,90" ten="265,265,235,235" oya="0" hai0="25,38,63,107,44,20,47,54,52,126,6,4,123" hai1="2,104,130,82,8,124,48,16,17,98,105,36,31" hai2="3,28,88,1,116,75,93,45,22,74,87,111,119" hai3="101,94,56,14,11,97,10,55,95,118,12,134,34"/><T89/><D123/><U71/><E36/><V64/><F64/><W42/><G134/><T78/><D107/><U79/><E71/><V7/><F45/><N who="0" m="17482" /><D38/><U110/><E48/><V67/><F67/><W84/><G118/><N who="2" m="45097" /><F111/><W21/><G34/><T61/><D126/><U69/><E69/><V57/><F57/><W33/><G33/><T66/><D78/><U100/><E110/><V108/><F108/><W122/><G122/><T121/><D121/><U92/><E124/><V114/><F114/><W40/><G21/><T19/><D66/><U80/><E31/><V128/><F128/><W24/><G24/><T39/><D39/><U59/><E130/><V91/><F7/><N who="0" m="2602" /><D89/><U109/><E109/><V58/><F58/><W65/><G65/><T18/><D19/><U62/><E2/><N who="2" m="523" /><F91/><N who="3" m="53607" /><G42/><T127/><D127/><U96/><E104/><V9/><F9/><N who="3" m="3083" /><G40/><T132/><D132/><U117/><E117/><V133/><F133/><W102/><G101/><T99/><D99/><U49/><E8/><V77/><F77/><W26/><G26/><AGARI ba="1,0" hai="22,26,28,74,75,87,88,93" m="523,45097" machi="26" ten="30,3900,0" yaku="12,1,52,1,54,1" doraHai="90" who="2" fromWho="3" sc="265,0,265,0,235,42,235,-42" /><INIT seed="1,0,0,0,1,87" ten="265,265,277,193" oya="1" hai0="64,132,91,71,32,22,15,94,60,100,120,56,30" hai1="112,31,122,135,121,78,89,128,83,127,119,52,84" hai2="107,81,108,63,133,99,12,82,68,23,50,96,58" hai3="62,29,7,113,74,11,17,26,13,9,24,101,124"/><U0/><E31/><V57/><F68/><W93/><G74/><T16/><D132/><U48/><E0/><V97/><F107/><W27/><G101/><T34/><D120/><U117/><E112/><V46/><F133/><W37/><G37/><T4/><D100/><U92/><E135/><V103/><F108/><W44/><G113/><T45/><D71/><U49/><E127/><V43/><F103/><W25/><G62/><T129/><D129/><U72/><E128/><V123/><F123/><W76/><G76/><T53/><D4/><U67/><E67/><N who="2" m="39407" /><F58/><W73/><G44/><T19/><D30/><U88/><E49/><V114/><F114/><W2/><G93/><T6/><D6/><U66/><E66/><V59/><F59/><W104/><G73/><T75/><D75/><U10/><E10/><V61/><F61/><W35/><G104/><T3/><D3/><U1/><E1/><V70/><F70/><W8/><G124/><T40/><D19/><AGARI ba="0,0" hai="12,19,23,43,46,50,81,82,96,97,99" m="39407" machi="19" ten="30,1000,0" yaku="8,1" doraHai="87" who="2" fromWho="0" sc="265,-10,265,0,277,10,193,0" /><INIT seed="2,0,0,4,0,125" ten="255,265,287,193" oya="2" hai0="2,102,19,118,24,47,73,81,111,83,87,84,93" hai1="122,108,65,130,90,39,71,55,40,129,5,30,96" hai2="21,64,7,105,52,33,101,69,77,134,0,57,3" hai3="114,66,28,25,86,18,41,12,15,131,91,38,50"/><V97/><F33/><W119/><G119/><T95/><D2/><U109/><E30/><V70/><F134/><W123/><G123/><T23/><D118/><U106/><E5/><V135/><F135/><W34/><G38/><T133/><D133/><U49/><E122/><V11/><F3/><W48/><G114/><T6/><D111/><N who="1" m="42571" /><E90/><V72/><F64/><W17/><G66/><T13/><D73/><U44/><E96/><V16/><F77/><W4/><G41/><T54/><D47/><N who="1" m="23967" /><E106/><V112/><F72/><W14/><G4/><T61/><D102/><U10/><E10/><V117/><F112/><W37/><G37/><T121/><D84/><U124/><E124/><V132/><F117/><W43/><G43/><T80/><D87/><U107/><E107/><V94/><F105/><W98/><G98/><T58/><D121/><U29/><E29/><V59/><F132/><W56/><G56/><T27/><D6/><U116/><E116/><V9/><F9/><W35/><G35/><T36/><D36/><U60/><AGARI ba="0,0" hai="44,49,55,60,65,71,129,130" m="23967,42571" machi="60" ten="30,8000,1" yaku="14,1,34,2,52,2" doraHai="125" who="1" fromWho="1" sc="255,-20,265,80,287,-40,193,-20" /><INIT seed="3,0,0,2,0,98" ten="235,345,247,173" oya="3" hai0="72,51,112,16,76,37,44,74,33,46,40,108,22" hai1="20,7,56,18,94,64,71,9,97,17,104,4,23" hai2="13,5,92,124,30,129,119,96,128,61,82,43,21" hai3="35,102,73,41,113,91,109,126,116,48,24,95,99"/><W118/><G113/><T121/><D121/><U11/><E71/><V15/><F119/><W59/><G73/><T70/><D33/><U78/><E104/><V101/><F124/><W80/><G126/><T106/><D108/><U115/><E78/><V110/><F110/><W88/><G109/><T32/><D32/><U14/><E115/><V57/><F43/><W2/><G2/><T26/><D112/><U84/><E84/><V53/><F82/><W12/><G12/><T39/><D70/><U67/><E7/><V125/><F125/><W50/><G116/><T93/><D106/><U1/><E18/><V29/><F5/><W58/><G118/><T89/><D76/><U8/><E11/><V75/><F75/><W49/><G41/><T135/><D135/><U25/><E25/><N who="2" m="16559" /><F30/><W45/><G45/><T79/><D79/><U62/><E64/><V28/><F28/><W123/><G123/><T68/><D68/><U55/><E67/><V107/><F107/><W103/><G24/><T3/><D3/><U120/><E120/><V85/><F85/><N who="3" m="50599" /><G35/><T42/><D39/><U31/><E31/><V10/><F10/><W105/><G105/><T65/><D65/><U130/><E130/><AGARI ba="0,0" hai="13,15,53,57,61,92,96,101,128,129,130" m="16559" machi="130" ten="30,2000,0" yaku="19,1,52,1" doraHai="98" who="2" fromWho="1" sc="235,0,345,-20,247,20,173,0" owari="235,-16.5,325,42.5,267,6.7,173,-32.7" /></mjloggm>