<mjloggm ver="2.3"><GO type="225" lobby="0"/><UN n0="%E3%80%93%E3%81%97%E3%83%BC%E3%82%89%E3%80%93" n1="%E3%82%BC%E3%83%AB%E3%83%80%E3%81%AE%E4%BC%9D%E8%AA%AC" n2="%4B%2E%32%2E%4B%2E" n3="%E3%83%81%E3%83%83%E3%82%BF%E3%82%BD%E3%83%BC" dan="16,17,17,16" rate="2171.88,2185.47,2185.75,2138.20" sx="M,M,M,F"/><TAIKYOKU oya="0"/><INIT seed="0,0,0,1,5,109" ten="250,250,250,250" oya="0" hai0="83,51,7,87,42,119,78,56,123,25,54,55,65" hai1="121,66,115,23,70,41,105,73,64,80,52,58,85" hai2="77,88,44,81,112,113,75,31,10,63,61,34,114" hai3="16,102,15,69,19,131,134,118,4,106,111,60,18"/><T21/><D119/><U82/><E121/><V8/><F34/><W35/><G111/><T13/><D123/><U26/><E105/><V79/><F31/><W29/><G131/><T24/><D65/><U20/><E70/><V133/><F133/><W122/><G122/><T97/><D97/><U43/><E73/><V89/><F44/><W59/><G134/><T93/><D93/><U101/><E101/><V0/><F0/><W49/><G4/><T100/><D100/><U30/><E115/><V95/><F79/><W84/><G49/><T107/><D107/><U1/><E1/><V37/><F37/><W92/><G118/><T3/><D3/><U2/><E2/><V129/><F89/><W47/><G47/><N who="0" m="26103" /><D56/><U46/><E20/><V90/><F88/><N who="3" m="53255" /><G59/><T94/><D94/><U53/><E53/><N who="0" m="19977" /><D21/><U126/><E82/><V33/><F129/><W104/><G104/><T68/><D68/><U14/><E64/><V76/><F76/><W98/><G15/><T28/><D28/><U130/><E14/><V132/><F132/><W135/><G135/><T124/><D124/><U45/><E126/><V62/><REACH who="2" step="1"/><F33/><REACH who="2" ten="250,250,240,250" step="2"/><W12/><G102/><T125/><D125/><U74/><E130/><V99/><AGARI ba="0,1" hai="8,10,61,62,63,75,77,81,90,95,99,112,113,114" machi="99" ten="40,12000,2" yaku="1,1,2,1,0,1,52,3,53,0" doraHai="109" doraHaiUra="120" who="2" fromWho="2" sc="250,-60,250,-30,240,130,250,-30" /><INIT seed="1,0,0,2,0,77" ten="190,220,370,220" oya="1" hai0="33,132,63,57,65,124,92,29,94,44,97,0,9" hai1="40,36,96,122,12,104,126,113,117,69,45,41,109" hai2="27,83,3,15,24,60,76,80,54,73,133,111,25" hai3="71,115,130,28,42,31,35,49,43,64,75,22,21"/><U112/><E117/><V55/><F3/><W72/><G115/><T106/><D132/><U32/><E122/><V48/><F133/><W58/><G130/><T127/><D44/><U107/><E32/><V8/><F111/><W129/><G129/><T59/><D59/><U74/><E69/><V17/><F60/><W91/><G71/><T11/><D106/><U102/><E109/><V20/><F83/><W82/><G35/><T85/><D85/><U88/><E126/><N who="0" m="48169" /><D0/><U1/><E1/><V87/><F73/><W121/><G121/><T37/><D37/><U52/><E74/><V66/><F66/><W123/><G123/><T84/><D84/><U61/><E41/><V116/><F116/><W26/><G72/><T119/><D119/><U131/><E104/><V34/><F34/><W4/><G75/><T18/><D18/><U86/><E131/><V135/><F135/><W19/><G4/><T118/><D118/><U98/><E98/><V114/><F114/><W70/><G70/><T79/><D79/><U67/><E67/><V120/><F120/><W13/><G31/><T7/><D7/><U103/><E103/><V105/><F105/><W38/><G38/><T2/><D2/><U81/><REACH who="1" step="1"/><E12/><REACH who="1" ten="190,210,370,220" step="2"/><V56/><REACH who="2" step="1"/><F55/><REACH who="2" ten="190,210,360,220" step="2"/><N who="3" m="32111" /><G64/><T23/><D33/><U134/><E134/><V46/><F46/><W10/><G43/><T128/><D128/><U99/><E99/><V47/><F47/><W14/><G42/><T100/><D97/><U90/><E90/><V93/><F93/><N who="0" m="35946" /><D100/><U6/><E6/><AGARI ba="0,2" hai="6,8,15,17,20,24,25,27,48,54,56,76,80,87" machi="6" ten="30,7700,0" yaku="1,1,7,1,8,1,52,1,53,0" doraHai="77" doraHaiUra="125" who="2" fromWho="1" sc="190,0,210,-77,360,97,220,0" /><INIT seed="2,0,0,2,2,126" ten="190,133,457,220" oya="2" hai0="101,29,132,103,96,13,88,18,7,99,83,12,2" hai1="87,48,20,117,26,85,4,34,128,59,67,25,125" hai2="42,89,124,16,70,57,56,94,32,75,21,15,110" hai3="115,134,76,73,3,106,114,92,46,71,95,120,78"/><V90/><F70/><W131/><G120/><T51/><D132/><U118/><E125/><V49/><F124/><W50/><G71/><T112/><D112/><N who="3" m="43049" /><G3/><T91/><D2/><U10/><E34/><V65/><F75/><W122/><G134/><T43/><D29/><U36/><E36/><V58/><F110/><W121/><G106/><T93/><D7/><U14/><E117/><V30/><F65/><W63/><G63/><T23/><D12/><U123/><E123/><N who="3" m="47114" /><G73/><T69/><D69/><U119/><E119/><V113/><F113/><W52/><G131/><T135/><D135/><U133/><E118/><V79/><F79/><AGARI ba="0,0" hai="46,50,52,76,78,79,92,95" m="47114,43049" machi="79" ten="30,2000,0" yaku="11,1,54,1" doraHai="126" who="3" fromWho="2" sc="190,0,133,0,457,-20,220,20" /><INIT seed="3,0,0,2,5,78" ten="190,133,437,240" oya="3" hai0="41,75,76,126,123,133,3,130,135,59,72,16,31" hai1="107,81,77,54,36,34,88,23,105,109,124,0,120" hai2="55,12,33,121,98,104,69,26,49,10,125,39,87" hai3="89,73,9,82,99,56,11,129,122,30,79,7,27"/><W94/><G129/><T132/><D3/><U46/><E120/><V24/><F39/><W131/><G131/><T91/><D130/><U52/><E34/><V61/><F87/><W111/><G122/><T17/><D123/><U60/><E0/><V119/><F119/><W112/><G112/><T113/><D113/><U84/><E109/><V28/><F24/><W53/><G7/><T97/><D126/><U90/><E124/><V115/><F115/><W118/><G118/><T106/><D31/><U67/><E23/><V29/><F29/><W66/><G66/><T14/><D41/><U38/><E107/><V45/><F125/><W101/><G111/><T4/><D59/><U68/><E105/><V83/><F61/><W6/><G6/><T48/><D48/><U100/><E100/><V128/><F69/><W74/><G73/><N who="0" m="28235" /><D76/><U18/><E18/><V44/><F104/><W50/><REACH who="3" step="1"/><G101/><REACH who="3" ten="190,133,437,230" step="2"/><T103/><D4/><U116/><E116/><V86/><F128/><W70/><G70/><T85/><D14/><U42/><REACH who="1" step="1"/><E38/><REACH who="1" ten="190,123,437,230" step="2"/><V15/><F15/><W57/><G57/><T134/><N who="0" m="33792" /><DORA hai="35" /><T64/><D64/><U25/><E25/><V62/><F121/><W80/><G80/><AGARI ba="0,2" hai="16,17,80,85,91,97,103,106" m="33792,28235" machi="80" ten="60,7700,0" yaku="20,1,52,1,54,1" doraHai="78,35" who="0" fromWho="3" sc="190,97,123,0,437,0,230,-77" owari="287,8.7,123,-37.7,437,53.7,153,-24.7" /></mjloggm>