<mjloggm ver="2.3"><GO type="225" lobby="0"/><UN n0="%E3%81%AF%E3%82%88%E3%81%8A%E3%81%98%E3%81%95%E3%82%93" n1="%E3%81%A4%E3%81%A3%E3%81%B1%E3%82%8A%E3%83%9D%E3%83%BC%E3%83%AB" n2="%E6%98%93%E5%88%A9%E8%96%A9%E4%BC%AF" n3="%E3%83%B4%E3%82%A3%E3%83%AF%E3%82%B3%E3%82%B0%E3%83%8B" dan="16,17,17,17" rate="2121.14,2105.39,2137.66,2213.26" sx="M,M,F,M"/><TAIKYOKU oya="0"/><INIT seed="0,0,0,0,2,83" ten="250,250,250,250" oya="0" hai0="5,128,44,62,4,94,59,100,54,40,105,81,11" hai1="35,107,127,66,110,106,2,26,132,6,43,90,64" hai2="84,48,77,63,36,32,52,68,96,42,135,91,71" hai3="116,134,20,8,115,98,13,78,19,129,41,89,65"/><T109/><D105/><U85/><E110/><V37/><F32/><W126/><G134/><T38/><D109/><U112/><E132/><V51/><F135/><W0/><G129/><T88/><D128/><U29/><E127/><V117/><F117/><W7/><G126/><T30/><D30/><U74/><E74/><V86/><F42/><W111/><G111/><T22/><D22/><U60/><E112/><V121/><F121/><W34/><G116/><T102/><D81/><U119/><E119/><V72/><F72/><W125/><G125/><T10/><D10/><U118/><E118/><V33/><F33/><W82/><G65/><T92/><D92/><U122/><E43/><V69/><F63/><W133/><G133/><T57/><D59/><U87/><E66/><V80/><F96/><W93/><G41/><T9/><D9/><U21/><E35/><V16/><F16/><W31/><G115/><T70/><D70/><U12/><E2/><V58/><REACH who="2" step="1"/><F51/><REACH who="2" ten="250,250,240,250" step="2"/><W47/><G34/><T114/><D114/><U46/><E60/><V108/><F108/><W49/><G31/><T120/><D120/><U67/><E29/><V23/><F23/><W18/><G18/><T101/><REACH who="0" step="1"/><D11/><REACH who="0" ten="240,250,240,250" step="2"/><N who="1" m="4215" /><E21/><V95/><AGARI ba="0,2" hai="36,37,48,52,58,68,69,71,77,80,84,86,91,95" machi="95" ten="30,8000,1" yaku="1,1,0,1,52,2,54,1,53,0" doraHai="83" doraHaiUra="28" who="2" fromWho="2" sc="240,-40,250,-20,240,100,250,-20" /><INIT seed="1,0,0,1,2,107" ten="200,230,340,230" oya="1" hai0="41,17,43,44,22,135,27,91,117,103,80,30,11" hai1="63,35,128,3,77,104,58,115,70,13,132,106,112" hai2="129,133,84,134,111,14,95,32,67,1,85,64,123" hai3="83,49,113,82,15,78,68,105,130,101,56,46,98"/><U122/><E3/><V5/><F32/><W39/><G113/><T110/><D117/><U93/><E122/><V131/><F1/><W109/><G109/><T40/><D110/><U124/><E70/><V25/><F25/><W42/><G130/><N who="2" m="49673" /><F123/><W89/><G68/><T96/><D135/><N who="2" m="51722" /><F111/><W34/><G34/><T120/><D120/><U121/><E35/><V29/><F29/><W57/><G39/><T79/><D91/><U55/><E121/><V48/><F48/><W47/><G47/><T88/><D88/><U9/><E132/><V71/><F95/><W45/><G45/><T7/><D30/><U59/><E106/><V94/><F94/><W99/><G15/><T116/><D116/><U76/><E104/><V65/><F71/><W62/><G99/><T81/><D44/><U12/><E93/><V33/><F33/><W60/><G89/><T23/><D23/><U6/><E128/><V19/><F5/><W16/><G16/><T127/><D96/><U97/><E97/><V37/><F37/><W74/><REACH who="3" step="1"/><G83/><REACH who="3" ten="200,230,340,220" step="2"/><T52/><D81/><U36/><E36/><V28/><F28/><W31/><G31/><T53/><D103/><U38/><E38/><V86/><F19/><W114/><G114/><T102/><D102/><U4/><E112/><V2/><F2/><W18/><G18/><T90/><D90/><U24/><E115/><V50/><F14/><W10/><G10/><T126/><D11/><U108/><E9/><V51/><AGARI ba="0,1" hai="50,51,64,65,67,84,85,86" m="51722,49673" machi="51" ten="40,8000,1" yaku="28,2,19,1,20,1" doraHai="107" who="2" fromWho="2" sc="200,-20,230,-40,340,90,220,-20" /><INIT seed="2,0,0,0,3,71" ten="180,190,430,200" oya="2" hai0="1,115,114,81,25,133,92,48,10,63,126,80,69" hai1="134,41,70,109,85,121,72,102,117,21,23,100,76" hai2="16,5,94,50,43,60,9,11,108,68,107,96,8" hai3="120,113,74,17,82,58,130,13,99,89,14,88,0"/><V104/><F108/><W98/><G120/><T53/><D126/><U3/><E117/><V77/><F77/><W75/><G0/><T52/><D133/><U65/><E72/><V128/><F128/><W119/><G119/><T26/><D92/><U103/><E134/><V20/><F5/><W61/><G130/><T87/><D81/><N who="1" m="47271" /><E70/><V93/><F93/><N who="3" m="56615" /><G74/><T33/><D69/><U54/><E3/><V56/><F68/><W38/><G38/><T73/><D73/><U51/><E109/><V7/><F7/><W57/><G75/><T36/><D36/><U49/><E65/><V110/><F110/><W78/><G113/><T112/><D63/><U12/><E121/><V124/><F124/><W62/><G78/><T31/><D26/><U27/><E12/><N who="3" m="4714" /><G17/><T18/><D18/><U122/><E122/><V84/><F107/><W44/><G44/><T116/><D116/><U125/><E125/><V59/><F104/><W105/><G105/><T30/><D30/><U39/><E39/><V83/><F16/><W37/><G37/><T123/><D123/><U32/><E32/><V86/><F11/><W131/><G131/><T45/><D1/><U64/><E27/><V6/><F9/><W118/><G118/><T79/><REACH who="0" step="1"/><D10/><REACH who="0" ten="170,190,430,200" step="2"/><U55/><E23/><V40/><F20/><W28/><G28/><T90/><D90/><U127/><E21/><V91/><F8/><W67/><G82/><T15/><D15/><U29/><E29/><V47/><F83/><W97/><G89/><T129/><D129/><U4/><E127/><V2/><F2/><W95/><G95/><RYUUKYOKU ba="0,1" sc="170,15,190,-15,430,-15,200,15" hai0="25,31,33,45,48,52,53,79,80,87,112,114,115" hai3="57,58,61,62,67,97,99" /><INIT seed="3,1,1,4,4,16" ten="185,175,415,215" oya="3" hai0="61,105,127,124,95,125,42,12,114,36,81,134,119" hai1="22,128,19,38,115,49,100,25,126,94,69,11,73" hai2="97,3,92,27,96,78,60,99,40,50,52,64,66" hai3="5,135,108,6,72,62,113,45,109,65,4,130,33"/><W15/><G113/><T57/><D119/><U122/><E38/><V1/><F40/><W133/><G72/><T120/><D134/><N who="3" m="51209" /><G33/><T79/><D105/><U0/><E115/><V91/><F78/><W88/><G130/><T46/><D114/><U17/><E122/><V28/><F1/><W35/><G35/><T83/><D120/><U18/><E69/><V63/><F3/><W86/><G15/><T87/><D12/><N who="1" m="7327" /><E73/><V20/><F66/><W98/><G98/><N who="2" m="37993" /><F64/><W85/><G45/><AGARI ba="1,1" hai="20,27,28,45,50,52,60,63,91,92,99" m="37993" machi="45" ten="30,3900,0" yaku="8,1,52,1,54,1" doraHai="16" who="2" fromWho="3" sc="185,0,175,0,415,52,215,-42" owari="185,-1.5,175,-22.5,467,56.7,173,-32.7" /></mjloggm>