<mjloggm ver="2.3"><GO type="225" lobby="0"/><UN n0="%E7%89%B9%E6%9D%B1%E3%81%AF%E4%B8%96%E7%95%8C%E3%82%92%E6%95%91%E3%81%86" n1="%E7%9A%AE%E3%80%85" n2="%E5%A4%8F%E9%88%B4%E9%88%B4%E5%A4%8F" n3="%E9%BA%BB%E9%9B%80%E5%B0%91%E5%B9%B4" dan="16,16,16,17" rate="2222.38,2135.40,2160.71,2189.01" sx="M,M,F,M"/><TAIKYOKU oya="0"/><INIT seed="0,0,0,5,3,41" ten="250,250,250,250" oya="0" hai0="98,32,9,67,112,22,39,18,83,76,78,13,61" hai1="106,23,35,101,93,11,46,50,115,52,10,21,15" hai2="120,79,73,29,37,8,31,126,111,64,65,88,33" hai3="116,107,19,91,71,128,130,105,40,80,119,110,96"/><T117/><D112/><U2/><E35/><V85/><F120/><W69/><G110/><T43/><D117/><U47/><E106/><V44/><F111/><W53/><G40/><T49/><D32/><U86/><E115/><V75/><F126/><W72/><G19/><T70/><D39/><U127/><E127/><V3/><F33/><W16/><G72/><T134/><D134/><U45/><E2/><V123/><F123/><W100/><G107/><T54/><D43/><U124/><E124/><V48/><F37/><W17/><G119/><T34/><D34/><U58/><E10/><V84/><F3/><W108/><G116/><T7/><D98/><N who="1" m="59599" /><E86/><V122/><F122/><W135/><G108/><T103/><D103/><U77/><E77/><V68/><F8/><W82/><G135/><T30/><D83/><U89/><E89/><V125/><F125/><W118/><G80/><T94/><D30/><N who="2" m="11274" /><F68/><W57/><G69/><T60/><D60/><U132/><E132/><V28/><F75/><W92/><G71/><T129/><D94/><U56/><E56/><V26/><F73/><W87/><G105/><T27/><REACH who="0" step="1"/><D129/><REACH who="0" ten="240,250,250,250" step="2"/><N who="3" m="49769" /><G118/><T55/><D55/><U121/><E121/><V59/><F28/><W131/><G131/><T20/><D20/><U38/><E38/><V1/><F65/><W4/><G100/><T104/><D104/><U51/><E51/><V5/><F48/><W109/><G96/><T25/><D25/><U99/><E99/><V133/><F26/><W95/><G109/><T62/><D62/><U66/><E66/><V14/><F133/><W74/><G95/><RYUUKYOKU ba="0,1" sc="240,15,250,15,250,-15,250,-15" hai0="7,9,13,18,22,27,49,54,61,67,70,76,78" hai1="11,15,21,23,45,46,47,50,52,58" /><INIT seed="0,1,1,0,5,91" ten="255,265,235,235" oya="0" hai0="110,22,29,8,42,98,2,6,112,36,103,82,134" hai1="133,75,84,63,87,37,38,104,41,94,74,99,66" hai2="131,115,23,39,95,17,20,14,80,27,105,92,34" hai3="48,73,56,68,79,86,108,71,119,30,72,128,132"/><T100/><D112/><U97/><E133/><V57/><F115/><W121/><G119/><T46/><D134/><U10/><E104/><V70/><F105/><W90/><G132/><T135/><D135/><U26/><E26/><V107/><F107/><W102/><G108/><T117/><D117/><U9/><E63/><V33/><F70/><W32/><G102/><T106/><D100/><U83/><E83/><V69/><F69/><W13/><G128/><T122/><D122/><U45/><E45/><V127/><F39/><W28/><G68/><T61/><D61/><U24/><E24/><V114/><F114/><W59/><G71/><T62/><D62/><U120/><E41/><V78/><F127/><W113/><G113/><T118/><D118/><U43/><E43/><V123/><F123/><W18/><G121/><T96/><D96/><U88/><E88/><V15/><BYE who="1" /><F15/><W49/><G79/><T16/><D82/><U130/><E130/><V126/><F126/><UN n1="%E7%9A%AE%E3%80%85" /><W65/><G73/><T5/><D5/><U124/><E120/><V4/><F4/><W77/><G77/><T64/><D29/><N who="3" m="11369" /><G72/><T60/><D110/><U93/><REACH who="1" step="1"/><E66/><REACH who="1" ten="255,255,235,235" step="2"/><V67/><F131/><W52/><G65/><T35/><D60/><U51/><E51/><V101/><F34/><W54/><G32/><T55/><D64/><U129/><E129/><V25/><F33/><W58/><G48/><T21/><D35/><U3/><E3/><V89/><F67/><W44/><G54/><T0/><D55/><U81/><E81/><V19/><F80/><N who="3" m="49479" /><G44/><T12/><D0/><U53/><E53/><RYUUKYOKU ba="1,2" sc="255,10,255,10,235,-30,235,10" hai0="2,6,8,12,16,21,22,36,42,46,98,103,106" hai1="9,10,37,38,74,75,84,87,93,94,97,99,124" hai3="13,18,49,52,56,58,59" /><INIT seed="0,2,2,4,4,5" ten="265,265,205,245" oya="0" hai0="70,34,94,92,30,120,129,115,71,124,63,21,99" hai1="100,29,126,65,26,105,20,106,4,33,104,52,81" hai2="101,23,36,61,45,59,127,93,32,98,135,8,109" hai3="43,83,77,116,66,74,107,68,67,112,54,11,15"/><T17/><D115/><U9/><E65/><V6/><F109/><W91/><G112/><T75/><D120/><U82/><E126/><V51/><F127/><W95/><G107/><T16/><D124/><U39/><E39/><V10/><F135/><W55/><G116/><T62/><D75/><U13/><E100/><V22/><F32/><W0/><G0/><T134/><D134/><U97/><E97/><V37/><F36/><W42/><G42/><T48/><D129/><U35/><REACH who="1" step="1"/><E52/><REACH who="1" ten="265,255,205,245" step="2"/><N who="2" m="29807" /><F37/><W125/><G43/><T131/><D99/><U41/><E41/><V12/><F10/><W76/><G125/><T90/><D71/><U128/><E128/><V119/><F119/><W27/><G66/><AGARI ba="2,3" hai="6,8,12,22,23,59,61,66,93,98,101" m="29807" machi="66" ten="30,3900,0" yaku="8,1,52,1,54,1" doraHai="5" who="2" fromWho="3" sc="265,0,255,0,205,75,245,-45" /><INIT seed="1,0,0,5,0,94" ten="265,255,280,200" oya="1" hai0="88,9,26,65,127,126,20,75,106,52,17,61,44" hai1="76,81,57,101,6,3,25,77,62,4,78,56,113" hai2="135,49,7,105,43,55,15,39,124,2,31,68,70" hai3="107,125,13,82,95,23,24,40,116,74,120,69,11"/><U114/><E101/><V37/><F105/><W5/><G107/><T92/><D106/><U118/><E118/><V128/><F2/><W22/><G120/><T129/><D75/><U89/><E25/><V14/><F124/><N who="0" m="47658" /><D9/><U131/><E131/><V111/><F111/><W91/><G125/><T63/><D65/><U85/><E57/><V100/><F135/><W79/><G69/><T60/><D129/><U1/><E1/><V46/><F128/><W0/><G116/><T53/><D44/><U112/><REACH who="1" step="1"/><E3/><REACH who="1" ten="265,245,280,200" step="2"/><V36/><F100/><W29/><G0/><T97/><AGARI ba="0,1" hai="17,20,26,52,53,60,61,63,88,92,97" m="47658" machi="97" ten="30,7900,0" yaku="18,1,52,1,54,2" doraHai="94" who="0" fromWho="0" sc="265,89,245,-39,280,-20,200,-20" /><INIT seed="2,0,0,2,4,124" ten="354,206,260,180" oya="2" hai0="68,39,61,46,97,77,36,2,135,111,76,20,133" hai1="102,16,134,122,91,23,116,11,9,69,99,114,15" hai2="43,101,93,14,129,65,47,71,4,81,18,123,44" hai3="21,45,74,40,79,50,110,57,98,22,82,112,38"/><V84/><F123/><W131/><G110/><T73/><D111/><U117/><E114/><V126/><F126/><W86/><G112/><T41/><D2/><U17/><E122/><V132/><F132/><N who="0" m="50762" /><D73/><U56/><E134/><V10/><F129/><W28/><G131/><T6/><D6/><U29/><E69/><V100/><F71/><W12/><G74/><T27/><D97/><U130/><E130/><V115/><F115/><W89/><G28/><N who="0" m="17511" /><D36/><U30/><E56/><V92/><F65/><AGARI ba="0,0" hai="39,41,46,61,65,68,76,77" m="17511,50762" machi="65" ten="30,1000,0" yaku="20,1" doraHai="124" who="0" fromWho="2" sc="354,10,206,0,260,-10,180,0" /><INIT seed="3,0,0,3,5,35" ten="364,206,250,180" oya="3" hai0="133,125,59,123,10,86,124,103,104,114,57,43,4" hai1="32,17,12,83,31,38,115,25,28,130,73,61,82" hai2="95,26,106,77,112,120,36,1,98,99,131,96,80" hai3="52,85,40,92,84,44,126,18,134,88,6,53,128"/><W70/><G126/><N who="0" m="48747" /><D114/><U7/><E115/><V29/><F112/><W109/><G128/><T54/><D123/><U89/><E38/><V105/><F36/><W75/><G134/><T50/><D43/><U41/><E41/><V121/><F1/><W66/><G75/><T33/><D33/><U23/><E130/><V20/><F131/><W119/><G119/><T13/><D133/><U100/><E100/><V65/><F65/><W5/><G109/><T19/><D86/><U116/><E116/><V110/><F95/><W15/><G66/><T118/><D118/><U97/><E73/><N who="2" m="43055" /><F110/><W3/><G70/><T58/><D19/><U78/><E78/><V132/><F132/><W74/><G74/><T135/><D135/><U11/><E61/><V49/><F49/><N who="3" m="26759" /><G3/><T47/><D103/><U63/><E63/><V87/><F87/><W56/><G85/><T127/><D127/><U69/><E69/><V91/><F91/><W0/><G0/><T21/><D21/><U107/><E107/><AGARI ba="0,0" hai="4,10,13,47,50,54,57,58,59,104,107" m="48747" machi="107" ten="30,1000,0" yaku="18,1" doraHai="35" who="0" fromWho="1" sc="364,10,206,-10,250,0,180,0" owari="374,47.4,196,-20.4,250,5.0,180,-32.0" /></mjloggm>