<mjloggm ver="2.3"><GO type="225" lobby="0"/><UN n0="%E7%99%BD%E5%80%89%E5%AF%9B%E4%B9%8B" n1="%E3%82%AF%E3%82%A3%E3%82%A6" n2="%E3%81%90%E3%81%A1%E3%82%84%E3%81%BE" n3="%E3%81%AF%E3%82%88%E3%81%8A%E3%81%98%E3%81%95%E3%82%93" dan="16,16,16,17" rate="2120.25,2051.20,2154.31,2153.96" sx="M,M,M,M"/><TAIKYOKU oya="0"/><INIT seed="0,0,0,3,1,130" ten="250,250,250,250" oya="0" hai0="16,92,65,17,128,12,61,114,74,79,81,32,50" hai1="4,48,68,135,6,110,84,116,129,7,51,133,106" hai2="117,11,45,94,63,23,97,83,132,76,38,115,80" hai3="91,105,104,102,93,89,47,122,58,37,21,31,25"/><T77/><D128/><U39/><E110/><V118/><F115/><W14/><G122/><T35/><D114/><U54/><E39/><V18/><F11/><W98/><G14/><T55/><D79/><U52/><E129/><V70/><F70/><W40/><G91/><T108/><D108/><U49/><E116/><N who="2" m="44651" /><F63/><W43/><G43/><T100/><D17/><U1/><E68/><V27/><F76/><W126/><G126/><T9/><D92/><U87/><E106/><V109/><F109/><W95/><REACH who="3" step="1"/><G58/><REACH who="3" ten="250,250,250,240" step="2"/><T34/><D100/><U30/><E1/><V75/><F132/><N who="1" m="50761" /><E30/><V125/><F125/><W112/><G112/><T8/><D8/><U124/><E124/><V41/><F75/><W42/><G42/><T72/><D72/><U131/><E131/><V22/><F22/><W26/><G26/><T44/><D35/><U113/><E113/><V127/><F127/><W107/><G107/><T29/><D29/><U66/><E66/><V73/><F73/><W36/><G36/><T103/><D103/><AGARI ba="0,1" hai="18,23,27,38,41,45,80,83,94,97,103" m="44651" machi="103" ten="30,1000,0" yaku="12,1" doraHai="130" who="2" fromWho="0" sc="250,-10,250,0,250,20,240,0" /><INIT seed="1,0,0,3,4,107" ten="240,250,270,240" oya="1" hai0="50,129,95,118,31,9,51,6,66,22,74,46,92" hai1="29,121,91,82,100,85,88,54,124,5,102,36,64" hai2="134,12,28,1,132,61,133,98,128,15,67,45,84" hai3="131,23,96,105,21,43,68,90,115,26,123,116,56"/><U4/><E121/><V135/><F1/><W117/><G123/><T47/><D118/><N who="3" m="45673" /><G68/><T62/><D129/><U30/><E36/><V32/><F128/><W104/><G131/><T49/><D74/><U7/><E124/><V24/><F135/><W108/><G115/><T73/><D73/><U122/><E122/><V125/><F125/><W48/><G108/><T39/><D39/><U93/><E54/><V40/><F84/><W2/><G2/><T69/><D46/><U112/><E112/><V71/><REACH who="2" step="1"/><F98/><REACH who="2" ten="240,250,260,240" step="2"/><W76/><G76/><T78/><D78/><U126/><E126/><V83/><F83/><W52/><G43/><T80/><D80/><U34/><E34/><V41/><F41/><W10/><G21/><T44/><D22/><U8/><E85/><V87/><F87/><W11/><G104/><T106/><D106/><U75/><E82/><V37/><AGARI ba="0,1" hai="12,15,24,28,32,37,40,45,61,67,71,132,133,134" machi="37" ten="30,4000,0" yaku="1,1,0,1,20,1,53,0" doraHai="107" doraHaiUra="13" who="2" fromWho="2" sc="240,-10,250,-20,260,50,240,-10" /><INIT seed="2,0,0,5,1,118" ten="230,230,310,230" oya="2" hai0="111,50,46,84,52,43,93,70,90,77,101,45,15" hai1="83,100,80,120,95,125,105,69,74,13,30,37,94" hai2="56,17,60,14,36,54,31,128,126,11,97,2,68" hai3="73,0,85,82,65,58,21,132,12,24,71,26,18"/><V25/><F36/><W64/><G0/><T114/><D70/><U34/><E37/><V103/><F126/><W44/><G73/><T49/><D111/><U7/><E125/><V119/><F128/><W109/><G71/><T81/><D114/><U102/><E34/><V106/><F119/><W48/><G132/><T112/><D112/><U53/><E53/><V47/><F2/><W4/><G109/><T42/><D15/><U33/><E33/><V78/><F78/><W91/><G4/><T3/><D3/><U123/><E30/><V22/><F68/><W20/><G58/><T127/><D101/><N who="1" m="39019" /><E69/><V135/><REACH who="2" step="1"/><F47/><REACH who="2" ten="230,230,300,230" step="2"/><W66/><REACH who="3" step="1"/><G21/><REACH who="3" ten="230,230,300,220" step="2"/><T19/><D127/><U1/><E1/><V55/><F55/><AGARI ba="0,2" hai="12,18,20,24,26,44,48,55,64,65,66,82,85,91" machi="55" ten="40,5200,0" yaku="1,1,2,1,8,1,53,0" doraHai="118" doraHaiUra="59" who="3" fromWho="2" sc="230,0,230,0,300,-52,220,72" /><INIT seed="3,0,0,0,5,106" ten="230,230,248,292" oya="3" hai0="99,46,33,135,81,133,108,113,1,22,128,45,119" hai1="114,127,56,70,79,53,14,89,15,65,55,18,112" hai2="16,27,100,64,61,90,104,58,37,111,73,76,83" hai3="75,43,91,97,25,80,130,21,63,103,35,52,107"/><W78/><G130/><T40/><D33/><U19/><E70/><V32/><F37/><W7/><G35/><T93/><D1/><U4/><E127/><V60/><F111/><W38/><G7/><T42/><D108/><U11/><E114/><V2/><F2/><W0/><G0/><T121/><D128/><U125/><E125/><V116/><F116/><W51/><G63/><T85/><D119/><U86/><E112/><V30/><F100/><W72/><G91/><N who="0" m="55743" /><D22/><U122/><E122/><V88/><F104/><W62/><G62/><T23/><D23/><U31/><E79/><V71/><REACH who="2" step="1"/><F16/><REACH who="2" ten="230,230,238,292" step="2"/><W13/><G13/><T12/><D12/><U36/><E36/><V110/><F110/><W3/><G3/><T96/><D113/><U77/><E19/><V129/><F129/><W134/><G38/><T48/><D133/><U87/><E18/><V9/><F9/><W124/><G134/><T34/><D135/><U82/><E15/><V117/><F117/><W57/><G124/><T10/><D10/><U67/><E4/><V20/><F20/><W8/><G8/><T44/><D34/><U132/><E11/><V95/><F95/><W29/><G43/><T49/><D42/><U68/><E132/><V59/><F59/><W54/><G54/><AGARI ba="0,1" hai="27,30,32,54,58,60,61,64,71,73,76,83,88,90" machi="54" ten="30,8000,1" yaku="1,1,7,1,52,1,54,1,53,1" doraHai="106" doraHaiUra="105" who="2" fromWho="3" sc="230,0,230,0,238,90,292,-80" owari="230,3.0,230,-17.0,328,42.8,212,-28.8" /></mjloggm>