<mjloggm ver="2.3"><GO type="225" lobby="0"/><UN n0="%E3%81%B2%E3%81%AA%E3%81%AE%E3%82%8A%E3%81%8F" n1="%E7%9A%AE%E3%80%85" n2="%E6%B8%A9%E2%98%85%E6%83%85%E2%98%85%E6%8E%AA%E2%98%85%E7%BD%AE" n3="%E3%81%AF%E3%82%88%E3%81%8A%E3%81%98%E3%81%95%E3%82%93" dan="16,16,17,17" rate="2067.57,2073.77,2183.32,2151.32" sx="M,F,M,M"/><TAIKYOKU oya="0"/><INIT seed="0,0,0,4,0,107" ten="250,250,250,250" oya="0" hai0="11,26,121,93,46,133,14,34,86,96,47,8,39" hai1="35,62,131,70,64,7,81,63,87,83,80,51,52" hai2="33,125,53,113,54,36,3,20,15,1,114,92,21" hai3="22,118,82,61,18,9,102,74,117,25,94,132,109"/><T10/><D121/><U88/><E35/><V58/><F33/><W84/><G109/><T91/><D133/><U75/><E131/><V44/><F125/><W6/><G132/><T69/><D69/><U66/><E7/><V24/><F92/><W120/><G120/><T59/><D59/><U90/><E90/><V99/><F99/><W123/><G123/><T110/><D110/><U100/><E100/><V103/><F103/><W73/><G61/><T85/><D14/><U12/><E12/><V4/><F4/><W38/><G38/><T5/><D5/><U71/><E75/><V112/><F15/><W95/><G95/><T126/><D126/><U130/><E130/><V45/><F36/><W49/><G49/><T43/><REACH who="0" step="1"/><D47/><AGARI ba="0,0" hai="47,51,52,62,63,64,66,70,71,80,81,83,87,88" machi="47" ten="30,7700,0" yaku="7,1,9,1,54,2" doraHai="107" who="1" fromWho="0" sc="250,-77,250,77,250,0,250,0" /><INIT seed="1,0,0,1,2,76" ten="173,327,250,250" oya="1" hai0="54,118,119,92,135,15,24,101,40,19,111,130,107" hai1="38,56,27,69,106,63,60,94,53,8,66,73,37" hai2="32,123,109,58,29,47,99,127,0,77,110,28,36" hai3="4,21,95,82,83,67,68,6,65,97,64,43,44"/><U116/><E106/><V72/><F123/><W51/><G68/><T55/><D135/><U84/><E73/><V102/><F0/><W12/><G21/><T103/><D130/><U39/><E116/><V75/><F127/><W115/><G115/><T70/><D70/><U30/><E8/><V96/><F32/><W20/><G20/><T80/><D111/><N who="2" m="42506" /><F58/><W7/><G12/><T86/><D40/><U85/><REACH who="1" step="1"/><E94/><REACH who="1" ten="173,317,250,250" step="2"/><N who="2" m="58647" /><F75/><W105/><REACH who="3" step="1"/><G105/><REACH who="3" ten="173,317,250,240" step="2"/><T114/><D107/><U129/><E129/><V131/><F131/><W79/><G79/><T11/><D114/><U26/><E26/><V134/><F77/><W17/><G17/><T49/><D24/><U22/><AGARI ba="0,2" hai="22,27,30,37,38,39,53,56,60,63,66,69,84,85" machi="22" ten="30,3000,0" yaku="1,1,0,1,53,0" doraHai="76" doraHaiUra="90" who="1" fromWho="1" sc="173,-10,317,50,250,-10,240,-10" /><INIT seed="1,1,0,3,4,60" ten="163,367,240,230" oya="1" hai0="74,15,103,28,128,96,112,3,132,83,100,84,78" hai1="18,57,32,29,2,23,16,114,77,27,71,37,93" hai2="76,105,92,38,36,52,43,21,33,61,121,108,70" hai3="7,91,30,129,11,124,0,88,123,73,125,72,20"/><U68/><E37/><V47/><F105/><W12/><G123/><T75/><D3/><U4/><E114/><V117/><F33/><W26/><G129/><T69/><D112/><U113/><E113/><V1/><F1/><W122/><G122/><T48/><D128/><U67/><E77/><V31/><F121/><W120/><G120/><T102/><D28/><U46/><E46/><V118/><F38/><W50/><G50/><T51/><D132/><U98/><E57/><V55/><F76/><W39/><G39/><T58/><D69/><U95/><E95/><V116/><F92/><W131/><G131/><T8/><D96/><U90/><E67/><N who="2" m="41327" /><F21/><W79/><G0/><T109/><D109/><U134/><E134/><V126/><F31/><W53/><G53/><N who="2" m="20553" /><F126/><N who="3" m="48747" /><G79/><T66/><D51/><U56/><E18/><V13/><F13/><W22/><G20/><T63/><REACH who="0" step="1"/><D48/><REACH who="0" ten="153,367,240,230" step="2"/><U5/><E2/><V104/><F104/><W127/><N who="3" m="48755" /><W81/><DORA hai="89" /><G81/><T54/><D54/><U99/><E99/><V24/><F108/><W35/><G35/><T17/><AGARI ba="1,1" hai="8,15,17,58,63,66,74,75,78,83,84,100,102,103" machi="17" ten="30,8000,1" yaku="1,1,0,1,52,1,53,2" doraHai="60,89" doraHaiUra="41,106" who="0" fromWho="0" sc="153,93,367,-41,240,-21,230,-21" /><INIT seed="2,0,0,0,4,25" ten="246,326,219,209" oya="2" hai0="70,121,78,38,94,69,7,6,29,43,5,101,18" hai1="49,125,28,60,126,15,35,58,33,109,36,16,104" hai2="47,133,63,65,99,52,39,59,12,102,32,105,80" hai3="128,48,135,21,46,127,123,66,24,110,40,56,22"/><V77/><F133/><W51/><G123/><T31/><D78/><U117/><E117/><V129/><F129/><W0/><G0/><T100/><D121/><U115/><E115/><V74/><F32/><W124/><G128/><T79/><D79/><U76/><E36/><V42/><REACH who="2" step="1"/><F12/><REACH who="2" ten="246,326,209,209" step="2"/><W37/><G135/><T71/><D70/><U85/><E35/><V91/><F91/><W4/><G110/><T27/><D71/><U98/><E109/><V108/><F108/><W116/><G116/><T14/><D69/><U2/><E33/><V89/><F89/><W131/><G131/><T64/><D14/><U114/><E15/><V113/><F113/><W17/><G4/><T30/><D7/><U97/><E114/><V44/><F44/><W55/><G22/><T134/><D6/><U57/><E2/><V67/><AGARI ba="0,1" hai="39,42,47,52,59,63,65,67,74,77,80,99,102,105" machi="67" ten="30,6000,0" yaku="1,1,0,1,54,1,53,0" doraHai="25" doraHaiUra="87" who="2" fromWho="2" sc="246,-20,326,-20,209,70,209,-20" /><INIT seed="2,1,0,5,2,117" ten="226,306,279,189" oya="2" hai0="99,116,3,2,67,50,102,120,134,88,127,94,64" hai1="24,31,66,80,106,122,46,32,65,11,19,59,6" hai2="76,135,92,45,14,21,112,28,84,68,71,75,36" hai3="131,91,87,81,56,49,40,78,72,83,27,82,77"/><V111/><F112/><W44/><G131/><T29/><D116/><U8/><E106/><V55/><F135/><W89/><G82/><T105/><D134/><U7/><E46/><V38/><F75/><W104/><G104/><T47/><D127/><U22/><E80/><V39/><F111/><W73/><G87/><T13/><D29/><U41/><E41/><V61/><F14/><W90/><G27/><T128/><D128/><U30/><E59/><V62/><F21/><W118/><G118/><T119/><D119/><U37/><E37/><N who="2" m="14443" /><F28/><N who="1" m="10793" /><E65/><V58/><F84/><W70/><REACH who="3" step="1"/><G56/><REACH who="3" ten="226,306,279,179" step="2"/><T9/><D105/><U16/><E32/><V103/><F58/><W113/><G113/><T114/><D114/><U26/><E66/><V20/><F71/><AGARI ba="1,1" hai="40,44,49,70,71,72,73,77,78,81,83,89,90,91" machi="71" ten="40,2600,0" yaku="1,1,9,1,53,0" doraHai="117" doraHaiUra="124" who="3" fromWho="2" sc="226,0,306,0,279,-29,179,39" /><INIT seed="3,0,0,2,5,134" ten="226,306,250,218" oya="3" hai0="101,90,10,9,124,30,110,108,63,55,115,93,61" hai1="66,12,34,92,72,24,48,42,96,94,117,82,112" hai2="85,22,25,125,39,37,75,127,71,47,58,56,131" hai3="69,33,126,50,67,35,78,54,109,95,49,98,18"/><W133/><G133/><T52/><D115/><U3/><E112/><V68/><F75/><W121/><G121/><T116/><D116/><U73/><E3/><V76/><F131/><W57/><G109/><N who="0" m="42091" /><D124/><N who="2" m="47690" /><F85/><W122/><G122/><T88/><D30/><U44/><E73/><V13/><F13/><W20/><G126/><T29/><D29/><U70/><E12/><V99/><F99/><W23/><G78/><T83/><D101/><U26/><E96/><V74/><F58/><W111/><G111/><T104/><D104/><U105/><E72/><V84/><F56/><W59/><G69/><N who="2" m="26697" /><F47/><W17/><G67/><T118/><D118/><U31/><E44/><V113/><F74/><W130/><G130/><T14/><D83/><U60/><E70/><V123/><F113/><W41/><G33/><T89/><D93/><U65/><E65/><V91/><F76/><W7/><G35/><T28/><D28/><U43/><E66/><V81/><F123/><W100/><G7/><N who="0" m="3391" /><D10/><U11/><E11/><V27/><F22/><N who="3" m="8235" /><G41/><T15/><D15/><U40/><E40/><V46/><F39/><W102/><G100/><T8/><D8/><U62/><E117/><V6/><F6/><W135/><G135/><T64/><D64/><U45/><E45/><V21/><F21/><W87/><G87/><T0/><D0/><U97/><E97/><V107/><F107/><W132/><G132/><T106/><D106/><U1/><E105/><V38/><F38/><W120/><G120/><T129/><D129/><U77/><E1/><V19/><F19/><W5/><G5/><T36/><D36/><RYUUKYOKU ba="0,0" sc="226,10,306,-30,250,10,218,10" hai0="52,55,61,63,88,89,90" hai2="25,27,37,46,81,84,91" hai3="17,18,49,50,54,57,59,95,98,102" /><INIT seed="3,1,0,4,1,28" ten="236,276,260,228" oya="3" hai0="23,7,30,88,67,8,83,85,40,55,6,57,13" hai1="128,61,43,103,15,74,62,34,65,77,1,71,101" hai2="133,115,111,47,129,106,29,25,16,9,33,84,91" hai3="63,38,131,79,92,10,118,36,134,126,37,70,114"/><W113/><G79/><T58/><D40/><U96/><E1/><V51/><F115/><N who="3" m="44043" /><G92/><T109/><D109/><U21/><E101/><V95/><F111/><W69/><G10/><T24/><D67/><U117/><E117/><V73/><F106/><W116/><G126/><T20/><D58/><U124/><E124/><V90/><F73/><W120/><G120/><T12/><D12/><U121/><E62/><V130/><F91/><W0/><G0/><T32/><REACH who="0" step="1"/><D6/><REACH who="0" ten="226,276,260,228" step="2"/><U11/><E65/><V26/><F130/><W4/><G4/><T22/><D22/><U81/><E21/><V122/><F129/><W59/><G131/><T56/><D56/><U89/><E128/><V53/><F122/><W18/><G134/><T27/><D27/><U75/><E121/><V5/><F133/><W14/><G14/><T99/><D99/><U80/><E96/><V107/><F26/><W94/><G18/><T50/><AGARI ba="1,1" hai="7,8,13,20,23,24,30,32,50,55,57,83,85,88" machi="50" ten="20,8000,1" yaku="1,1,0,1,7,1,52,1,54,1,53,0" doraHai="28" doraHaiUra="132" who="0" fromWho="0" sc="226,93,276,-21,260,-21,228,-41" owari="319,41.9,255,5.5,239,-16.1,187,-31.3" /></mjloggm>