<mjloggm ver="2.3"><GO type="225" lobby="0"/><UN n0="%74%61%6B%65%2D%79%6F%75" n1="%E6%81%A5%E6%99%92%E3%81%97" n2="%E3%81%BF%E3%81%BF%E3%81%9A" n3="%E5%B8%86%E7%AB%8B%E5%A4%8F%E8%A1%A3" dan="16,16,18,17" rate="2129.84,2150.94,2239.51,2189.89" sx="M,M,M,M"/><TAIKYOKU oya="0"/><INIT seed="0,0,0,3,3,101" ten="250,250,250,250" oya="0" hai0="58,119,3,72,91,37,131,124,87,35,24,120,117" hai1="123,4,25,52,98,114,61,5,33,57,89,112,76" hai2="2,107,31,115,17,55,74,13,64,46,127,94,53" hai3="96,132,28,84,130,48,36,1,99,92,103,68,77"/><T38/><D120/><U69/><E123/><V113/><F74/><W97/><G36/><T104/><D131/><U128/><E128/><V39/><F2/><W116/><G68/><T41/><D124/><U100/><E76/><V86/><F107/><W10/><G130/><T49/><D72/><U65/><E89/><V88/><F31/><W11/><G116/><T133/><D3/><U40/><E40/><V118/><F118/><W56/><G132/><T111/><D133/><U59/><E59/><V121/><F121/><W6/><BYE who="2" /><G28/><T66/><D111/><U73/><E73/><V71/><F71/><W15/><G77/><UN n2="%E3%81%BF%E3%81%BF%E3%81%9A" /><T62/><D104/><N who="1" m="63511" /><E5/><V80/><F64/><W82/><G56/><T134/><D134/><U79/><E79/><V85/><F127/><W129/><G129/><T83/><D117/><U63/><E4/><V22/><F53/><W93/><G48/><T102/><D102/><U14/><E14/><V135/><F135/><W27/><G93/><T43/><D119/><U45/><E45/><V110/><F110/><W7/><G82/><T20/><D35/><U81/><E81/><V34/><F34/><W30/><REACH who="3" step="1"/><G84/><REACH who="3" ten="250,250,250,240" step="2"/><T12/><D87/><U75/><E75/><V9/><F39/><W67/><G67/><T70/><D37/><U29/><AGARI ba="0,1" hai="25,29,33,52,57,61,63,65,69,112,114" m="63511" machi="29" ten="30,4000,0" yaku="25,1,52,1,54,1" doraHai="101" who="1" fromWho="1" sc="250,-20,250,50,250,-10,240,-10" /><INIT seed="1,0,0,1,5,118" ten="230,300,240,230" oya="1" hai0="44,65,7,121,41,90,56,106,8,52,17,11,83" hai1="73,36,30,79,133,132,54,89,29,22,2,123,98" hai2="127,9,35,114,61,116,134,103,130,20,63,37,58" hai3="67,99,49,55,5,86,117,94,16,100,13,108,31"/><U122/><E36/><V110/><F35/><W71/><G108/><T113/><D113/><U51/><E2/><V12/><F116/><W1/><G117/><T47/><D106/><U112/><E112/><V59/><F114/><W119/><G119/><T66/><D17/><U131/><E131/><V74/><F37/><W78/><G31/><T84/><D121/><N who="1" m="46091" /><E73/><V62/><F74/><W87/><G71/><T109/><D109/><U128/><E79/><V68/><F110/><W91/><G67/><N who="0" m="25611" /><D41/><U25/><E128/><V27/><F68/><W105/><G1/><T120/><D120/><U53/><E30/><V10/><F10/><N who="0" m="3626" /><D7/><U97/><E89/><V111/><F130/><W45/><G5/><T70/><D70/><U64/><E64/><V34/><F34/><W4/><G4/><T115/><D115/><U21/><E21/><V19/><F111/><W125/><G125/><T48/><AGARI ba="0,0" hai="44,47,48,52,56,83,84,90" m="3626,25611" machi="48" ten="30,2000,0" yaku="8,1,54,1" doraHai="118" who="0" fromWho="0" sc="230,20,300,-10,240,-5,230,-5" /><INIT seed="2,0,0,3,2,18" ten="250,290,235,225" oya="2" hai0="116,109,99,79,86,101,120,82,103,90,69,91,115" hai1="27,65,87,127,61,2,73,43,24,84,130,32,33" hai2="97,135,5,54,26,88,106,0,62,41,121,56,8" hai3="10,23,17,75,19,22,70,46,29,105,31,118,85"/><V25/><F121/><W122/><G75/><T131/><D69/><U64/><E73/><V74/><F74/><W53/><G105/><T78/><D120/><U11/><E43/><V50/><F135/><W98/><G70/><T39/><D39/><U133/><E133/><V83/><F106/><W100/><G122/><T40/><D40/><U47/><E47/><V108/><F108/><W45/><G118/><T71/><D71/><U72/><E72/><V14/><F0/><W28/><G10/><T48/><D48/><U51/><E51/><V49/><F49/><N who="3" m="28847" /><G46/><T95/><D115/><U107/><E107/><V52/><F41/><W3/><G3/><T57/><D57/><U35/><E127/><V66/><F54/><W126/><G126/><T9/><D9/><U16/><E130/><V12/><F12/><N who="3" m="9511" /><G85/><T34/><D34/><U117/><E117/><V104/><F104/><W7/><G7/><T37/><D37/><U114/><E114/><V123/><F123/><W68/><G68/><T102/><D116/><U111/><E111/><V60/><F60/><W15/><G98/><T94/><D109/><U80/><E87/><N who="2" m="50303" /><F97/><W93/><G100/><N who="0" m="38507" /><D131/><U20/><E2/><V77/><F77/><W6/><G6/><T13/><D13/><U67/><E35/><V112/><F112/><W38/><G38/><T113/><D113/><U59/><E33/><V132/><F132/><W96/><G96/><AGARI ba="0,0" hai="78,79,82,86,90,91,94,95,96,99,103" m="38507" machi="96" ten="30,12000,2" yaku="8,1,35,5" doraHai="18" who="0" fromWho="3" sc="250,120,290,0,235,0,225,-120" /><INIT seed="3,0,0,3,0,43" ten="370,290,235,105" oya="3" hai0="3,25,21,76,70,93,66,89,63,52,67,38,57" hai1="98,84,48,68,94,46,133,4,127,88,51,69,60" hai2="27,39,62,118,126,78,47,85,16,132,61,97,33" hai3="112,108,42,29,130,31,20,26,113,15,6,30,49"/><W50/><G130/><T22/><D3/><U24/><E127/><V23/><F118/><W13/><G42/><T134/><D134/><U104/><E133/><V90/><F132/><W54/><G108/><T2/><D2/><U72/><E4/><V35/><F126/><W11/><G50/><T73/><D38/><U37/><E72/><V82/><F39/><W106/><G106/><T79/><D73/><U80/><E104/><V5/><F5/><W55/><G55/><T119/><D119/><U1/><E1/><V14/><F35/><W86/><G15/><T120/><D120/><U105/><E105/><V121/><F121/><W74/><G74/><T131/><D131/><U109/><E109/><V7/><F33/><W114/><REACH who="3" step="1"/><G86/><REACH who="3" ten="370,290,235,95" step="2"/><T58/><D52/><U87/><E51/><V100/><F47/><AGARI ba="0,1" hai="6,11,13,20,26,29,30,31,47,49,54,112,113,114" machi="47" ten="40,7700,0" yaku="1,1,2,1,52,1,53,0" doraHai="43" doraHaiUra="12" who="3" fromWho="2" sc="370,0,290,0,235,-77,95,87" /><INIT seed="3,1,0,3,4,19" ten="370,290,158,182" oya="3" hai0="129,124,121,52,110,134,2,16,28,114,15,109,49" hai1="125,135,88,126,95,81,116,75,108,64,66,100,35" hai2="25,27,37,80,63,7,47,41,12,123,39,36,98" hai3="45,60,59,51,77,96,118,102,62,104,55,73,89"/><W131/><G118/><T43/><D121/><U113/><E35/><V69/><F123/><W48/><G131/><T93/><D129/><U83/><E66/><V3/><F3/><W10/><G73/><T107/><D107/><U76/><E64/><V130/><F130/><W20/><G77/><T11/><D134/><U61/><E116/><V58/><F69/><W5/><G89/><T72/><D124/><N who="1" m="47723" /><E61/><V79/><F98/><W97/><G97/><T119/><D119/><U0/><E0/><V56/><F56/><W38/><G38/><T46/><D114/><U133/><E108/><V127/><F127/><W14/><REACH who="3" step="1"/><G20/><REACH who="3" ten="370,290,158,172" step="2"/><T78/><D78/><U67/><E113/><V21/><F37/><W44/><G44/><T92/><D46/><U87/><E67/><V85/><F39/><W74/><G74/><T117/><D72/><U106/><E106/><V18/><F7/><W31/><G31/><T40/><D28/><U42/><E42/><AGARI ba="1,1" hai="5,10,14,42,45,48,51,55,59,60,62,96,102,104" machi="42" ten="30,2900,0" yaku="1,1,7,1,53,0" doraHai="19" doraHaiUra="82" who="3" fromWho="1" sc="370,0,290,-32,158,0,172,42" /><INIT seed="3,2,0,3,1,33" ten="370,258,158,214" oya="3" hai0="66,120,57,36,12,5,107,8,78,4,106,115,14" hai1="84,99,88,26,68,20,72,94,100,24,71,56,109" hai2="92,90,0,108,91,135,86,30,114,1,70,127,63" hai3="61,95,39,10,69,29,60,62,76,89,93,122,58"/><W87/><G122/><T77/><D120/><U80/><E109/><V27/><F114/><W55/><G39/><T119/><D119/><U47/><E47/><V96/><F108/><W116/><G116/><T35/><D35/><U6/><E26/><V123/><F123/><W111/><G111/><T117/><D117/><U65/><E6/><V43/><F43/><W46/><G46/><T2/><D36/><U75/><E72/><V34/><F127/><W41/><G41/><T25/><D115/><U81/><E81/><V79/><F79/><W50/><G29/><T104/><D25/><U118/><E75/><V83/><REACH who="2" step="1"/><F135/><REACH who="2" ten="370,258,148,214" step="2"/><W98/><G76/><T40/><D40/><U31/><E118/><V82/><F82/><W124/><G124/><T37/><D78/><U52/><E65/><AGARI ba="2,1" hai="0,1,27,30,34,63,65,70,83,86,90,91,92,96" machi="65" ten="40,5200,0" yaku="1,1,52,2,53,0" doraHai="33" doraHaiUra="51" who="2" fromWho="1" sc="370,0,258,-58,148,68,214,0" owari="370,47.0,200,-30.0,216,1.6,214,-18.6" /></mjloggm>