<mjloggm ver="2.3"><GO type="225" lobby="0"/><UN n0="%E3%83%94%E3%83%B3%E3%82%B5%E3%83%AD%E5%BA%97%E5%93%A1" n1="%E3%83%96%E3%83%83%E3%83%91%E3%82%AA%E3%83%96%E3%83%81%E3%82%AD%E3%83%B3" n2="%70%6F%69%73%6F%6E%30%32" n3="%E3%81%BF%E3%81%BF%E3%81%9A" dan="16,16,16,17" rate="2166.16,2158.15,2109.60,2215.90" sx="M,M,M,M"/><TAIKYOKU oya="0"/><INIT seed="0,0,0,4,3,61" ten="250,250,250,250" oya="0" hai0="47,127,75,104,35,80,4,134,86,43,65,58,59" hai1="39,23,106,98,50,0,31,6,79,72,125,11,90" hai2="68,18,95,15,74,111,24,112,7,30,94,83,28" hai3="60,91,25,16,114,123,81,129,37,132,131,105,121"/><T48/><D104/><U122/><E122/><N who="3" m="46602" /><G114/><T17/><D35/><U70/><E125/><V108/><F112/><W14/><G105/><T1/><D127/><U110/><E110/><N who="2" m="42027" /><F68/><W2/><G2/><T10/><D75/><U3/><E39/><V69/><F69/><W42/><G25/><T116/><D116/><U26/><E3/><V12/><F7/><W19/><G132/><T120/><D120/><U96/><E70/><V109/><F30/><W45/><G60/><T54/><D134/><U62/><E62/><V92/><F18/><N who="3" m="6699" /><G14/><T93/><D17/><U55/><E106/><V71/><F71/><W13/><G13/><T97/><D43/><U56/><REACH who="1" step="1"/><E90/><REACH who="1" ten="250,240,250,250" step="2"/><V64/><F109/><W76/><G91/><T101/><REACH who="0" step="1"/><D65/><REACH who="0" ten="240,240,250,250" step="2"/><U44/><E44/><V46/><F64/><W84/><AGARI ba="0,2" hai="37,42,45,76,81,84,129,131" m="6699,46602" machi="84" ten="30,2000,0" yaku="13,1,54,1" doraHai="61" who="3" fromWho="3" sc="240,-10,240,-5,250,-5,250,40" /><INIT seed="1,0,0,3,0,99" ten="230,235,245,290" oya="1" hai0="50,30,43,35,116,80,39,72,113,12,16,92,66" hai1="64,84,98,126,104,36,40,21,63,46,51,87,23" hai2="77,130,96,101,55,91,59,10,73,3,117,38,128" hai3="106,22,33,69,110,105,127,120,82,108,134,65,26"/><U129/><E129/><N who="2" m="49771" /><F117/><W11/><G120/><T89/><D113/><U56/><E126/><V68/><F68/><W19/><G127/><T100/><D116/><U7/><E7/><N who="2" m="1407" /><F38/><W24/><G134/><T9/><D39/><U49/><E49/><V58/><F91/><W103/><G82/><T31/><D35/><U44/><E87/><V45/><F77/><W14/><G33/><T28/><D66/><U131/><E131/><V102/><F73/><W121/><G121/><T8/><D72/><U86/><E86/><V85/><F85/><W61/><G24/><T52/><D80/><U119/><E119/><V118/><F118/><W34/><G34/><T6/><D43/><U18/><E84/><V13/><F13/><W53/><G53/><T0/><D89/><U29/><E29/><V17/><F17/><W107/><REACH who="3" step="1"/><G103/><REACH who="3" ten="230,235,245,280" step="2"/><N who="2" m="39433" /><F96/><W67/><G67/><T135/><D135/><U93/><E98/><V37/><F55/><W81/><G81/><T57/><REACH who="0" step="1"/><D100/><REACH who="0" ten="220,235,245,280" step="2"/><U88/><E36/><V97/><F97/><W94/><G94/><AGARI ba="0,2" hai="0,6,8,9,12,16,28,30,31,50,52,57,92,94" machi="94" ten="40,8000,1" yaku="1,1,2,1,54,2,53,0" doraHai="99" doraHaiUra="95" who="0" fromWho="3" sc="220,100,235,0,245,0,280,-80" /><INIT seed="2,0,0,2,1,56" ten="320,235,245,200" oya="2" hai0="39,28,65,22,122,74,33,45,92,9,41,88,134" hai1="48,90,125,17,103,42,105,14,131,79,54,64,12" hai2="83,98,31,47,3,85,55,108,13,49,93,15,16" hai3="99,68,26,1,63,10,78,124,67,23,112,2,61"/><V109/><F3/><W96/><G124/><T29/><D122/><U37/><E125/><V62/><F62/><W53/><G112/><T70/><D74/><U116/><E116/><V97/><F31/><W20/><G78/><T69/><D33/><U4/><E131/><V66/><F66/><W57/><G20/><T102/><D102/><U118/><E118/><V6/><F6/><W94/><G10/><T127/><D127/><U120/><E79/><V130/><F130/><W110/><G110/><N who="2" m="42601" /><F93/><W81/><G81/><T24/><D134/><U60/><E120/><V8/><F15/><W107/><G107/><T72/><D29/><U43/><E4/><V119/><F119/><W27/><G27/><T89/><D65/><U50/><E17/><V73/><F73/><W135/><G135/><T115/><D115/><U34/><E14/><V44/><F47/><W123/><G123/><T87/><D72/><U77/><E12/><V5/><F5/><W121/><G121/><T104/><D104/><U129/><E60/><V100/><F100/><W75/><G75/><T95/><D9/><U113/><E64/><V80/><F80/><W133/><G133/><T35/><D35/><U52/><E103/><V111/><N who="2" m="42609" /><V117/><DORA hai="91" /><F117/><W76/><G76/><AGARI ba="0,0" hai="8,13,16,44,49,55,76,83,85,97,98" m="42609" machi="76" ten="40,7700,0" yaku="14,1,10,1,54,1" doraHai="56,91" who="2" fromWho="3" sc="320,0,235,0,245,77,200,-77" /><INIT seed="2,1,0,1,3,18" ten="320,235,322,123" oya="2" hai0="1,55,119,111,71,69,48,39,91,59,42,31,3" hai1="79,36,115,65,35,56,33,110,28,17,38,49,51" hai2="128,96,8,21,126,40,30,64,125,129,82,45,114" hai3="80,50,77,0,63,104,93,101,100,106,120,11,4"/><V88/><F114/><W116/><G116/><T7/><D119/><U34/><E115/><V68/><F8/><W32/><G120/><T41/><D111/><U70/><E28/><V66/><F68/><W102/><G32/><T124/><D124/><N who="2" m="47722" /><F30/><W47/><G63/><T117/><D117/><U103/><E110/><V107/><F21/><W19/><G93/><T27/><D91/><U83/><E103/><V9/><F9/><W84/><REACH who="3" step="1"/><G19/><REACH who="3" ten="320,235,322,113" step="2"/><T15/><D31/><U26/><E17/><V135/><F129/><W123/><G123/><T14/><D71/><U113/><E35/><V62/><F128/><W61/><G61/><T90/><D69/><U20/><E34/><V81/><F62/><W2/><G2/><T99/><D3/><U134/><E33/><V67/><F67/><W24/><G24/><T98/><D27/><U44/><E70/><V75/><F66/><W57/><G57/><T74/><D59/><U5/><E56/><V130/><F64/><W127/><G127/><T86/><D1/><U97/><E65/><V85/><F130/><W58/><G58/><T78/><D15/><U109/><E26/><V53/><F107/><W108/><G108/><T43/><D14/><U6/><E109/><V95/><F135/><W92/><G92/><T16/><D16/><U52/><E113/><V13/><F13/><W23/><G23/><T46/><D7/><N who="1" m="2571" /><E20/><V72/><F96/><W12/><G12/><T10/><D99/><U131/><E97/><V37/><F53/><AGARI ba="1,1" hai="0,4,11,47,50,53,77,80,84,100,101,102,104,106" machi="53" ten="40,2600,0" yaku="1,1,53,1" doraHai="18" doraHaiUra="76" who="3" fromWho="2" sc="320,0,235,0,322,-29,113,39" /><INIT seed="3,0,0,4,0,50" ten="320,235,293,152" oya="3" hai0="54,74,7,60,31,25,9,104,87,130,0,117,67" hai1="11,49,91,64,62,8,65,103,56,119,75,12,23" hai2="45,29,71,95,6,113,19,109,22,61,13,81,18" hai3="120,92,102,132,88,55,93,100,63,38,124,114,41"/><W122/><G114/><T123/><D123/><U72/><E119/><V26/><F109/><W110/><G38/><T97/><D74/><U86/><E103/><N who="3" m="39466" /><G41/><T69/><D97/><U94/><E65/><V44/><F113/><W99/><G110/><T53/><D104/><U128/><E128/><V17/><F71/><W82/><G122/><T115/><D115/><U83/><E75/><V3/><F3/><W125/><G120/><T101/><D101/><U129/><E129/><V15/><F95/><N who="3" m="56807" /><G132/><T46/><D117/><U79/><E49/><V85/><F61/><W133/><G133/><T135/><D135/><U39/><E39/><V90/><F6/><W1/><G1/><T111/><D111/><U108/><E108/><V4/><F4/><W42/><G42/><T43/><D130/><U89/><E89/><V24/><REACH who="2" step="1"/><F26/><REACH who="2" ten="320,235,283,152" step="2"/><W107/><G107/><T58/><D69/><U5/><E5/><V66/><F66/><W77/><G63/><T70/><D70/><U68/><E68/><V16/><N who="2" m="4096" /><DORA hai="14" /><V52/><F52/><W34/><G34/><T47/><D43/><U126/><E64/><V134/><F134/><W116/><G116/><T127/><D54/><U84/><E62/><V32/><F32/><W80/><G55/><T98/><D53/><U105/><E23/><V51/><F51/><W48/><G48/><T118/><D118/><U73/><E12/><AGARI ba="0,1" hai="12,13,15,22,24,29,44,45,81,85,90" m="4096" machi="12" ten="50,16000,3" yaku="1,1,8,1,52,4,54,1,53,1" doraHai="50,14" doraHaiUra="78,106" who="2" fromWho="1" sc="320,0,235,-160,283,170,152,0" owari="320,12.0,75,-42.5,453,55.3,152,-24.8" /></mjloggm>