<mjloggm ver="2.3"><GO type="225" lobby="0"/><UN n0="%E4%BF%BA%E3%81%A8%E5%A6%96%E5%A4%A2" n1="%E3%81%A4%E3%81%A3%E3%81%B1%E3%82%8A%E3%83%9D%E3%83%BC%E3%83%AB" n2="%E6%9C%88%E5%A4%9C%E3%81%AB%E9%A2%A8" n3="%E5%B0%8F%E9%B3%A5%E9%81%8A%E7%B7%B4%E7%84%A1%32%31%E6%AD%B3" dan="16,17,16,17" rate="2173.49,2163.05,2079.25,2219.18" sx="F,M,M,F"/><TAIKYOKU oya="0"/><INIT seed="0,0,0,4,0,115" ten="250,250,250,250" oya="0" hai0="41,121,122,32,108,132,53,20,47,59,28,69,54" hai1="102,101,67,78,90,46,60,62,33,124,95,10,109" hai2="22,98,31,56,131,63,128,36,88,40,107,55,37" hai3="51,23,104,80,85,97,127,84,117,82,61,111,1"/><T19/><D69/><U65/><E33/><V17/><F31/><W134/><G1/><T68/><D68/><U118/><E118/><V73/><F73/><W27/><G134/><T129/><D132/><U133/><E133/><V76/><F76/><W112/><G111/><T119/><D108/><U30/><E109/><V116/><F116/><W123/><G112/><T105/><D105/><U21/><E78/><V49/><F49/><W35/><G35/><T25/><D119/><U0/><E46/><V135/><F135/><W7/><G7/><T48/><D129/><N who="2" m="49738" /><F40/><W114/><G51/><T34/><D34/><U3/><E124/><V75/><F75/><W113/><G61/><N who="1" m="23658" /><E10/><V110/><F110/><W79/><G127/><T77/><D77/><U94/><E3/><V83/><F107/><W12/><G123/><T2/><D2/><U39/><E39/><V91/><F91/><W13/><G117/><T4/><D4/><U52/><E90/><V44/><F44/><W8/><G114/><T106/><D106/><U125/><E0/><V38/><F38/><W92/><G104/><T57/><D57/><U11/><E125/><V14/><F83/><W15/><G82/><T130/><D130/><U26/><E101/><V5/><F5/><W18/><G113/><T72/><D72/><U45/><E102/><V89/><F89/><N who="3" m="53287" /><G97/><T29/><D59/><U6/><E95/><AGARI ba="0,0" hai="14,17,22,36,37,55,56,63,88,95,98" m="49738" machi="95" ten="30,2000,0" yaku="19,1,54,1" doraHai="115" who="2" fromWho="1" sc="250,0,250,-20,250,20,250,0" /><INIT seed="1,0,0,2,2,30" ten="250,230,270,250" oya="1" hai0="50,102,95,126,47,109,89,31,75,77,44,27,125" hai1="25,0,21,114,121,105,54,86,74,135,7,56,46" hai2="55,90,69,2,18,78,68,22,13,3,58,12,53" hai3="64,88,4,128,38,130,32,131,29,117,62,112,5"/><U1/><E114/><V26/><F78/><W57/><G112/><T134/><D102/><U8/><E121/><V24/><F90/><W133/><G38/><T80/><D109/><U76/><E135/><V16/><F58/><W82/><G133/><T111/><D134/><U91/><E105/><V96/><F22/><W70/><G70/><T39/><D39/><U132/><E132/><V106/><F106/><W115/><G117/><T28/><D111/><U6/><E46/><V122/><REACH who="2" step="1"/><F96/><REACH who="2" ten="250,230,260,250" step="2"/><W85/><G115/><T110/><D110/><U123/><E76/><V113/><F113/><W103/><G103/><T63/><D89/><U66/><E91/><V72/><F72/><W98/><G98/><T45/><D77/><U61/><E74/><V11/><F11/><W107/><G107/><T15/><D75/><U124/><E86/><V104/><F104/><W67/><G64/><T43/><D43/><U92/><E66/><V81/><F81/><W36/><G36/><T9/><D80/><U23/><E92/><V84/><F84/><W14/><G14/><T97/><D97/><U94/><E94/><V17/><F17/><W87/><G85/><T116/><D15/><U108/><E8/><V79/><F79/><W40/><G40/><T120/><D9/><U48/><E56/><V37/><F37/><W52/><G67/><T100/><D100/><U119/><E0/><V99/><F99/><W83/><G82/><T118/><D95/><U49/><E1/><V65/><F65/><W71/><G71/><T101/><D101/><U20/><E21/><V60/><F60/><RYUUKYOKU ba="0,1" sc="250,-15,230,-15,260,15,250,15" hai2="2,3,12,13,16,18,24,26,53,55,68,69,122" hai3="4,5,29,32,52,57,62,83,87,88,128,130,131" /><INIT seed="2,1,1,3,2,16" ten="235,215,275,265" oya="2" hai0="3,24,95,125,33,101,102,19,67,113,100,50,66" hai1="65,52,98,135,48,42,123,116,9,119,26,128,21" hai2="131,127,103,4,99,104,38,45,124,105,10,1,20" hai3="79,84,90,108,14,35,130,54,129,91,60,11,80"/><V34/><F131/><N who="3" m="50187" /><G35/><T114/><D3/><U117/><E128/><V69/><F34/><W0/><G0/><T73/><D73/><U56/><E135/><V64/><F104/><W110/><G54/><T134/><D134/><U122/><E42/><N who="2" m="22743" /><F20/><W68/><G60/><AGARI ba="1,1" hai="1,4,10,60,64,69,99,103,105,124,127" m="22743" machi="60" ten="30,1500,0" yaku="23,1" doraHai="16" who="2" fromWho="3" sc="235,0,215,0,275,28,265,-18" /><INIT seed="2,2,0,0,5,99" ten="235,215,303,247" oya="2" hai0="70,131,63,85,122,113,73,10,102,61,52,108,54" hai1="117,95,72,44,97,103,71,58,100,30,27,0,26" hai2="4,112,39,55,86,37,87,125,9,64,6,11,75" hai3="32,23,94,14,12,35,57,25,65,60,104,106,38"/><V8/><F112/><W7/><G38/><T69/><D113/><U28/><E71/><N who="0" m="27145" /><D73/><U134/><E117/><V107/><F125/><W74/><G74/><T42/><D85/><U3/><E72/><V21/><F107/><W68/><G68/><T111/><D10/><U43/><E134/><V130/><F130/><W49/><G49/><T128/><D102/><N who="1" m="60735" /><E3/><V84/><F64/><W82/><G82/><T114/><D114/><U79/><E0/><V109/><F109/><N who="0" m="42058" /><D122/><U83/><E58/><V89/><F75/><W15/><G7/><N who="2" m="2601" /><F21/><W90/><G106/><T78/><D78/><U132/><E132/><V118/><F118/><W80/><G80/><T40/><D131/><U81/><E81/><V119/><F119/><W45/><G104/><T41/><D128/><U120/><E120/><V19/><F89/><W135/><G135/><T93/><D93/><U2/><E2/><V47/><F37/><W124/><G94/><T133/><D133/><U67/><E67/><V76/><F39/><W48/><G90/><T121/><D121/><U62/><E83/><N who="2" m="47207" /><F19/><W50/><G65/><T46/><D46/><U36/><E79/><V29/><F29/><N who="1" m="11369" /><E103/><V105/><F105/><W51/><G45/><T13/><D13/><U17/><E100/><V129/><F129/><W24/><G12/><T16/><D16/><U20/><E27/><V115/><F115/><W96/><G24/><T34/><D34/><U110/><E110/><V53/><F47/><W5/><G25/><T77/><D77/><U66/><E66/><V33/><F33/><W92/><G32/><T1/><D1/><RYUUKYOKU ba="2,0" sc="235,10,215,10,303,10,247,-30" hai0="40,41,42,52,54,61,63" hai1="17,20,26,36,43,44,62" hai2="8,9,11,53,55,86,87" /><INIT seed="2,3,0,3,4,80" ten="245,225,313,217" oya="2" hai0="132,29,31,98,65,85,11,37,120,92,48,127,3" hai1="117,99,36,49,60,9,61,45,15,46,19,35,14" hai2="41,62,96,8,107,104,124,55,75,82,131,67,118" hai3="26,69,2,57,52,106,112,44,5,88,73,100,133"/><V91/><F118/><W77/><G112/><T1/><D120/><U128/><E117/><V111/><F124/><W97/><G69/><T50/><D37/><U33/><E128/><V47/><F131/><W21/><G133/><T74/><D74/><U79/><E36/><V22/><F111/><W86/><G44/><T115/><D115/><U135/><E135/><V134/><F55/><W70/><G70/><T27/><D132/><U76/><E99/><V129/><F129/><W51/><G5/><T17/><D65/><U66/><E66/><V84/><F22/><W24/><G21/><T119/><D119/><U40/><E46/><V123/><F123/><W101/><G101/><T102/><D1/><U89/><E89/><V43/><F43/><W81/><G2/><T72/><D72/><U7/><E35/><V114/><F8/><W12/><G12/><N who="0" m="7327" /><D3/><U10/><REACH who="1" step="1"/><E33/><REACH who="1" ten="245,215,313,217" step="2"/><V87/><F96/><W116/><REACH who="3" step="1"/><G116/><REACH who="3" ten="245,215,313,207" step="2"/><T122/><D122/><U113/><E113/><V108/><F114/><W30/><G30/><T78/><D31/><U83/><E83/><AGARI ba="3,2" hai="24,26,51,52,57,73,77,81,83,86,88,97,100,106" machi="83" ten="30,8000,1" yaku="1,1,7,1,52,1,54,2,53,0" doraHai="80" doraHaiUra="38" who="3" fromWho="1" sc="245,0,215,-89,313,0,207,109" /><INIT seed="3,0,0,5,4,104" ten="245,126,313,316" oya="3" hai0="25,129,26,28,21,75,49,4,47,97,108,44,113" hai1="107,70,9,45,64,118,23,133,16,80,18,122,69" hai2="95,34,53,27,98,126,134,22,13,87,77,3,5" hai3="30,99,50,83,66,114,103,48,89,11,94,84,6"/><W106/><G114/><T120/><D113/><U125/><E122/><V127/><F134/><W36/><G36/><T7/><D120/><U86/><E125/><N who="2" m="47627" /><F3/><W17/><G30/><T110/><D97/><U14/><E133/><V0/><F0/><W15/><G66/><T55/><D129/><U102/><E118/><V81/><F53/><W20/><G106/><T63/><D63/><U51/><E64/><V62/><F62/><W54/><G54/><T56/><D26/><AGARI ba="0,0" hai="6,11,15,17,20,26,48,50,83,84,89,94,99,103" machi="26" ten="30,2900,0" yaku="7,1,8,1" doraHai="104" who="3" fromWho="0" sc="245,-29,126,0,313,0,316,29" owari="216,-18.4,126,-37.4,313,11.3,345,44.5" /></mjloggm>