<mjloggm ver="2.3"><GO type="225" lobby="0"/><UN n0="%E3%81%95%E3%81%8D%E3%81%9F%E3%81%BE%E6%9E%97%E6%AA%8E" n1="%E3%81%BF%E3%81%BF%E3%81%9A" n2="%E7%B4%94%E6%BD%94%E3%83%94%E3%83%A9%E3%83%8B%E3%82%A2" n3="%E3%81%8A%E3%81%AB%E3%82%83%E3%81%8A%E3%81%A1%E3%82%83" dan="16,17,17,16" rate="2111.85,2210.74,2175.54,2086.80" sx="M,M,M,M"/><TAIKYOKU oya="0"/><INIT seed="0,0,0,5,0,32" ten="250,250,250,250" oya="0" hai0="3,85,80,19,124,76,91,1,95,2,99,98,9" hai1="111,0,101,79,122,33,36,86,87,71,102,56,105" hai2="52,78,127,89,15,129,62,74,10,28,65,31,45" hai3="116,121,92,112,50,21,119,103,24,38,61,130,64"/><T12/><REACH who="0" step="1"/><D124/><REACH who="0" ten="240,250,250,250" step="2"/><U27/><E122/><V75/><F127/><W84/><G121/><T113/><D113/><U26/><E111/><V43/><F129/><W90/><G112/><T18/><D18/><U51/><E105/><V123/><F123/><W118/><G130/><T35/><D35/><U4/><E33/><V5/><F31/><W134/><G134/><T117/><D117/><U57/><E102/><V39/><F28/><W41/><G103/><T108/><D108/><U44/><E101/><V96/><F78/><W125/><G125/><T94/><D94/><U48/><E79/><V106/><F106/><W133/><G133/><T17/><D17/><U135/><E135/><V6/><F74/><AGARI ba="0,1" hai="1,2,3,9,12,19,74,76,80,85,91,95,98,99" machi="74" ten="40,18000,2" yaku="21,2,52,3,53,1" doraHai="32" doraHaiUra="8" who="0" fromWho="2" sc="240,190,250,0,250,-180,250,0" /><INIT seed="0,1,0,0,3,83" ten="430,250,70,250" oya="0" hai0="23,126,102,25,125,3,132,86,29,60,30,69,103" hai1="121,18,93,13,1,101,123,135,124,5,24,54,11" hai2="21,78,31,59,46,0,22,45,64,4,98,38,96" hai3="115,67,127,7,107,100,20,72,51,57,92,27,9"/><T12/><D3/><U40/><E40/><V63/><F0/><W42/><G115/><T74/><D74/><U35/><E124/><V104/><F104/><W6/><G127/><T52/><D132/><U97/><E135/><V91/><F38/><W10/><G72/><T116/><D116/><U89/><E54/><V111/><F111/><W120/><G107/><T55/><D12/><U43/><E43/><V58/><F78/><W8/><G120/><T84/><D60/><U37/><E37/><V53/><F4/><W17/><G42/><T128/><D23/><N who="2" m="8714" /><F31/><W39/><G39/><T80/><D80/><U85/><E1/><V119/><F119/><W109/><G109/><T66/><D66/><U81/><REACH who="1" step="1"/><E18/><REACH who="1" ten="430,240,70,250" step="2"/><V95/><F98/><N who="3" m="59463" /><G51/><AGARI ba="1,1" hai="45,46,51,53,58,59,63,64,91,95,96" m="8714" machi="51" ten="30,1000,0" yaku="8,1" doraHai="83" who="2" fromWho="3" sc="430,0,240,0,70,23,250,-13" /><INIT seed="1,0,0,2,0,57" ten="430,240,93,237" oya="1" hai0="93,133,116,1,64,15,89,91,83,4,70,84,51" hai1="53,63,55,45,30,105,102,78,128,38,107,31,36" hai2="54,37,61,67,11,40,19,6,68,114,69,8,29" hai3="43,122,111,115,82,9,80,76,120,65,92,7,5"/><U109/><E78/><V48/><F114/><W23/><G115/><T98/><D116/><U79/><E79/><V26/><F68/><W34/><G111/><T52/><D133/><U3/><E3/><V135/><F135/><W106/><G34/><T118/><D118/><U14/><E109/><V24/><F19/><W88/><G106/><T96/><D1/><U35/><E14/><V108/><F108/><W56/><G43/><T17/><D4/><U110/><E110/><V126/><F126/><W131/><G131/><T12/><D64/><U119/><E119/><V28/><F40/><W77/><G122/><T74/><D74/><U71/><E128/><V85/><F85/><W117/><G117/><T121/><D70/><U72/><E72/><V125/><F37/><W134/><G134/><T20/><D121/><U58/><E71/><V18/><F18/><W49/><G23/><T99/><D15/><U103/><E45/><AGARI ba="0,0" hai="12,17,20,45,51,52,83,84,89,91,93,96,98,99" machi="45" ten="30,3900,0" yaku="7,1,8,1,54,1" doraHai="57" who="0" fromWho="1" sc="430,39,240,-39,93,0,237,0" /><BYE who="0" /><INIT seed="2,0,0,5,2,72" ten="469,201,93,237" oya="2" hai0="65,131,38,52,95,49,132,122,76,73,71,68,91" hai1="61,59,0,101,111,15,37,115,56,123,13,66,77" hai2="9,87,64,54,21,10,36,107,83,82,24,85,93" hai3="88,94,79,22,26,14,135,17,46,128,35,20,50"/><V116/><F107/><W103/><G135/><T134/><D134/><U75/><E0/><UN n0="%E3%81%95%E3%81%8D%E3%81%9F%E3%81%BE%E6%9E%97%E6%AA%8E" /><V47/><F116/><W30/><G128/><T19/><D132/><U31/><E115/><V43/><F64/><W104/><G104/><T29/><D122/><U1/><E1/><V33/><F33/><W117/><G117/><T5/><D38/><U48/><E37/><V28/><F93/><W114/><G114/><T34/><D5/><U118/><E118/><V106/><F106/><W84/><G103/><T67/><D19/><U90/><E101/><V45/><F54/><W12/><G12/><T6/><D6/><U55/><E111/><V99/><F99/><W70/><G70/><T40/><D40/><U121/><E90/><V7/><F45/><W63/><G63/><T127/><D127/><U27/><E77/><V129/><F129/><W78/><G35/><T110/><D76/><U130/><E75/><V4/><F4/><W119/><G119/><T32/><D73/><U102/><E102/><V60/><F60/><W44/><G44/><T57/><D29/><U89/><E89/><N who="2" m="51383" /><F7/><W125/><G125/><T74/><D74/><U3/><E3/><V62/><F62/><W105/><G105/><T92/><D92/><U98/><E98/><V39/><F39/><W2/><G2/><T69/><D131/><U100/><E100/><V16/><F28/><W124/><G124/><T18/><D34/><N who="1" m="20863" /><E130/><V51/><F36/><W81/><G94/><T58/><D32/><U126/><E126/><V120/><F120/><AGARI ba="0,0" hai="13,15,48,55,56,59,61,66,120,121,123" m="20863" machi="120" ten="30,1000,0" yaku="13,1" doraHai="72" who="1" fromWho="2" sc="469,0,201,10,93,-10,237,0" /><INIT seed="3,0,0,3,2,26" ten="469,211,83,237" oya="3" hai0="94,113,2,17,15,96,121,80,99,69,98,112,62" hai1="81,16,90,68,70,56,45,32,4,95,106,3,120" hai2="22,60,100,128,39,65,118,58,18,48,84,14,21" hai3="55,72,126,117,52,51,104,46,123,44,29,82,114"/><W125/><G104/><T93/><D121/><U105/><E120/><V101/><F118/><W67/><G123/><T71/><D2/><U78/><E32/><V92/><F39/><W25/><G117/><T107/><D107/><U89/><E56/><V63/><F128/><W103/><G103/><T19/><D80/><U66/><E45/><V102/><F22/><W76/><G114/><N who="0" m="44139" /><D19/><U50/><E50/><V79/><F79/><W40/><G67/><N who="0" m="41207" /><D71/><U53/><E53/><V28/><F48/><W42/><G126/><T86/><D86/><U27/><E4/><V12/><F12/><W1/><G1/><T108/><D108/><U11/><E3/><V41/><F41/><W5/><G5/><T57/><D57/><U23/><E11/><AGARI ba="0,0" hai="11,15,17,93,94,96,98,99" m="41207,44139" machi="11" ten="30,1000,0" yaku="11,1" doraHai="26" who="0" fromWho="1" sc="469,10,211,-10,83,0,237,0" owari="479,57.9,201,-19.9,83,-41.7,237,3.7" /></mjloggm>