<mjloggm ver="2.3"><GO type="225" lobby="0"/><UN n0="%E6%98%93%E5%88%A9%E8%96%A9%E4%BC%AF" n1="%28%EF%BF%A3%E2%96%BD%EF%BF%A3%29%CE%B4%E2%8C%92%E3%83%BB" n2="%E4%BF%BA%E3%81%A8%E5%A6%96%E5%A4%A2" n3="%E6%B8%A9%E2%98%85%E6%83%85%E2%98%85%E6%8E%AA%E2%98%85%E7%BD%AE" dan="17,17,16,17" rate="2211.89,2286.26,2205.12,2178.05" sx="F,M,F,M"/><TAIKYOKU oya="0"/><INIT seed="0,0,0,0,5,128" ten="250,250,250,250" oya="0" hai0="63,47,49,132,91,121,130,112,60,89,17,94,56" hai1="22,67,122,75,16,96,51,107,41,39,76,109,12" hai2="8,102,72,15,2,45,77,127,21,37,114,35,83" hai3="90,54,65,1,3,42,14,62,31,113,118,92,0"/><T87/><D112/><U131/><E131/><V93/><F114/><W71/><G113/><T33/><D130/><U135/><E122/><V119/><F35/><W110/><G118/><T85/><D33/><U125/><E39/><V19/><F119/><W70/><G110/><T25/><D132/><U78/><E109/><V4/><F127/><W24/><G42/><T120/><D120/><U10/><E125/><V124/><F124/><W52/><G14/><T103/><D103/><U97/><E135/><V6/><F6/><W98/><REACH who="3" step="1"/><G71/><REACH who="3" ten="250,250,250,240" step="2"/><T99/><D121/><U58/><E41/><N who="2" m="22703" /><F102/><W73/><G73/><T20/><D56/><U18/><E75/><V66/><F93/><W27/><G27/><T29/><D29/><U64/><E107/><V104/><F66/><W108/><G108/><T81/><REACH who="0" step="1"/><D87/><REACH who="0" ten="240,250,250,240" step="2"/><U123/><E123/><V36/><F36/><W117/><G117/><T32/><D32/><AGARI ba="0,2" hai="0,1,3,24,31,32,52,54,62,65,70,90,92,98" machi="32" ten="40,8000,1" yaku="1,1,54,1,53,2" doraHai="128" doraHaiUra="50" who="3" fromWho="0" sc="240,-80,250,0,250,0,240,100" /><INIT seed="1,0,0,5,1,118" ten="160,250,250,340" oya="1" hai0="84,127,79,61,110,99,8,41,46,94,14,1,82" hai1="42,26,122,50,117,24,51,30,31,47,72,104,63" hai2="100,3,18,90,132,15,85,108,116,113,98,130,114" hai3="17,103,56,89,49,20,96,109,32,135,40,126,4"/><U19/><E104/><V21/><F116/><W129/><G32/><T35/><D110/><U101/><E72/><V78/><F108/><W45/><G109/><T111/><D111/><U65/><E117/><V16/><F3/><W93/><G135/><T0/><D35/><U23/><E101/><V64/><F132/><W22/><G129/><T123/><D127/><U77/><E77/><V36/><F36/><W121/><G121/><T125/><D125/><U62/><E122/><V69/><F78/><W25/><G126/><T7/><D61/><U10/><E10/><V55/><F55/><W12/><G56/><T34/><D34/><U37/><E62/><V131/><F64/><W120/><G120/><T92/><D92/><U91/><E91/><V11/><F69/><W52/><G4/><T38/><REACH who="0" step="1"/><D123/><REACH who="0" ten="150,250,250,340" step="2"/><U13/><E63/><V48/><F131/><W105/><G105/><T44/><D44/><U102/><E47/><V70/><F130/><W119/><G119/><T58/><D58/><U88/><E65/><V107/><F70/><W86/><G93/><T71/><D71/><U9/><E37/><V73/><F48/><W6/><G49/><T5/><D5/><U75/><E51/><V2/><F114/><W124/><G6/><T28/><D28/><U59/><E50/><V39/><F113/><W128/><G124/><T54/><D54/><U33/><E31/><V66/><F39/><N who="3" m="21663" /><G52/><T74/><D74/><U83/><E30/><V106/><F73/><W115/><G128/><T81/><D81/><U60/><E83/><V134/><F134/><W29/><G115/><RYUUKYOKU ba="0,1" sc="150,30,250,-10,250,-10,340,-10" hai0="0,1,7,8,14,38,41,46,79,82,84,94,99" /><INIT seed="2,1,1,1,1,118" ten="180,240,240,330" oya="2" hai0="101,48,40,124,17,8,78,90,59,32,120,104,61" hai1="6,3,5,128,60,0,62,89,58,96,41,87,131" hai2="122,92,65,25,121,67,74,129,26,95,28,35,70" hai3="66,125,36,9,115,54,117,98,12,110,102,15,2"/><V100/><F74/><W43/><G117/><T97/><D124/><U132/><E96/><V31/><F100/><W127/><G110/><T34/><D78/><U7/><E41/><V107/><F107/><W71/><G115/><T52/><D90/><U22/><E22/><V20/><F129/><N who="1" m="49737" /><E132/><V83/><F83/><W38/><G54/><T21/><D8/><U84/><E62/><V73/><F73/><W1/><G15/><T49/><D120/><U42/><E42/><V68/><REACH who="2" step="1"/><F20/><REACH who="2" ten="180,240,230,330" step="2"/><W103/><G103/><T18/><D18/><U23/><E23/><V72/><F72/><W86/><G102/><T53/><D40/><U33/><E33/><AGARI ba="1,2" hai="25,26,28,31,33,35,65,67,68,70,92,95,121,122" machi="33" ten="25,12000,1" yaku="1,1,22,2,52,2,53,0" doraHai="118" doraHaiUra="93" who="2" fromWho="1" sc="180,0,240,-123,230,143,330,0" /><INIT seed="2,2,0,5,3,74" ten="180,117,373,330" oya="2" hai0="53,6,7,36,12,21,94,26,135,89,65,52,99" hai1="46,133,43,109,116,72,4,41,67,106,114,132,124" hai2="32,125,34,39,47,44,110,13,128,55,23,62,115" hai3="73,76,119,66,59,61,20,29,90,33,134,37,64"/><V107/><F115/><W3/><G119/><T75/><D135/><N who="1" m="51787" /><E106/><V8/><F107/><W68/><G134/><T77/><D36/><N who="1" m="21799" /><E72/><V101/><F101/><W40/><G3/><T131/><D131/><U10/><E10/><V15/><F128/><W100/><G100/><T9/><D7/><U42/><E4/><V105/><F105/><W28/><G33/><T127/><D127/><U27/><E27/><V78/><F125/><W118/><G118/><T0/><D0/><U123/><E124/><V103/><F103/><W95/><G20/><T85/><D75/><U30/><E30/><V82/><F34/><W17/><G17/><N who="0" m="12591" /><D65/><U48/><E116/><V35/><F35/><W56/><G66/><T24/><D24/><U129/><E129/><V51/><F32/><W49/><G37/><T11/><D11/><U130/><E130/><V79/><F23/><W14/><G14/><T2/><D2/><U117/><E117/><V19/><F15/><W120/><G28/><T121/><D121/><U63/><E114/><V84/><F110/><W58/><G120/><T96/><D99/><U80/><E80/><AGARI ba="2,0" hai="6,9,12,52,53,77,80,85,89,94,96" m="12591" machi="80" ten="30,3900,0" yaku="8,1,52,1,54,1" doraHai="74" who="0" fromWho="1" sc="180,45,117,-45,373,0,330,0" /><INIT seed="3,0,0,4,5,104" ten="225,72,373,330" oya="3" hai0="131,52,45,68,60,94,82,37,20,6,96,69,119" hai1="33,46,3,40,114,5,11,128,79,27,93,73,76" hai2="102,125,56,14,2,81,95,58,77,53,72,19,123" hai3="63,1,38,59,18,67,4,13,71,49,48,133,111"/><W127/><G38/><T35/><D119/><U112/><E79/><V54/><F2/><W109/><G133/><T78/><D35/><U107/><E93/><V132/><F132/><W64/><G127/><T124/><D131/><U43/><E43/><V113/><F113/><W100/><G100/><T16/><D6/><U36/><E128/><V70/><F70/><W105/><G105/><T55/><D55/><U87/><E87/><V74/><F125/><W120/><G120/><T0/><D0/><U8/><E8/><V118/><F102/><W62/><G4/><T42/><D60/><U122/><E122/><V26/><F26/><W32/><G32/><T25/><D52/><U7/><E7/><V61/><F95/><W101/><G101/><T91/><D124/><U23/><E23/><V47/><F47/><W30/><G30/><T66/><D66/><U28/><REACH who="1" step="1"/><E107/><REACH who="1" ten="225,62,373,330" step="2"/><V39/><F123/><W92/><G92/><T108/><D94/><U10/><E10/><V41/><F41/><W110/><G1/><T83/><D78/><U99/><E99/><V9/><F9/><AGARI ba="0,1" hai="9,13,18,48,49,59,62,63,64,67,71,109,110,111" machi="9" ten="40,3900,0" yaku="14,1,10,1" doraHai="104" who="3" fromWho="2" sc="225,0,62,0,373,-39,330,49" owari="225,-17.5,62,-43.8,334,13.4,379,47.9" /></mjloggm>