<mjloggm ver="2.3"><GO type="225" lobby="0"/><UN n0="%70%6F%69%73%6F%6E%30%32" n1="%E8%81%B7%E6%A5%AD%E3%80%81%E9%A2%A8%32" n2="%E4%BF%BA%E3%81%A8%E5%A6%96%E5%A4%A2" n3="%E3%82%A2%E3%83%9E%E3%83%9D%EF%BD%9E%EF%BD%9E%E3%83%A9" dan="16,16,16,17" rate="2115.06,2143.44,2119.42,2086.65" sx="M,M,F,M"/><TAIKYOKU oya="0"/><INIT seed="0,0,0,4,4,117" ten="250,250,250,250" oya="0" hai0="83,64,108,78,107,56,127,36,40,52,31,25,114" hai1="54,43,96,38,17,95,15,18,57,77,22,0,105" hai2="134,60,71,5,133,11,33,110,68,85,91,126,81" hai3="39,75,135,106,80,109,119,89,19,87,93,49,90"/><T103/><D114/><U9/><E105/><V101/><F33/><W46/><G109/><T53/><D108/><U84/><E38/><V128/><F110/><W7/><G135/><N who="2" m="51721" /><F128/><W32/><G106/><T62/><D127/><U115/><E115/><V97/><F126/><W35/><G39/><T10/><D40/><U69/><E69/><V129/><F60/><W132/><G119/><T98/><D10/><U100/><E43/><V130/><F71/><W113/><G113/><T44/><D44/><U72/><E72/><V122/><F68/><W37/><G37/><T131/><D36/><U112/><E112/><V65/><F65/><W13/><G7/><T45/><D45/><U26/><E0/><N who="2" m="423" /><F122/><W23/><G75/><T28/><D131/><U104/><E104/><AGARI ba="0,0" hai="81,85,91,97,101,104,129,130" m="423,51721" machi="104" ten="30,1000,0" yaku="20,1" doraHai="117" who="2" fromWho="1" sc="250,0,250,-10,250,10,250,0" /><INIT seed="1,0,0,0,4,22" ten="250,240,260,250" oya="1" hai0="98,83,26,103,14,45,35,73,37,86,10,94,129" hai1="126,2,62,57,38,21,95,127,97,111,32,53,43" hai2="18,46,34,99,33,68,54,80,85,74,70,71,55" hai3="112,115,128,64,31,131,24,40,82,130,134,59,13"/><U19/><E2/><V52/><F74/><W16/><G134/><T42/><D73/><U77/><E32/><V84/><F46/><W39/><G82/><T87/><D129/><U30/><E30/><V116/><F116/><W106/><G106/><T108/><D108/><U23/><E111/><V66/><F66/><W120/><G120/><T133/><D133/><U102/><E77/><V110/><F110/><W8/><G40/><T28/><REACH who="0" step="1"/><D83/><REACH who="0" ten="240,240,260,250" step="2"/><U78/><E78/><V101/><F80/><W3/><G130/><T88/><D88/><U67/><E38/><V15/><F34/><W56/><G39/><T47/><D47/><U118/><E118/><V7/><F33/><W51/><G131/><T41/><D41/><U96/><E43/><V5/><F85/><W20/><G128/><T76/><D76/><U92/><E67/><V81/><F84/><W12/><G64/><T11/><D11/><U114/><E114/><V48/><F81/><W25/><G115/><T119/><D119/><U121/><E23/><V79/><F79/><W63/><G112/><T6/><AGARI ba="0,1" hai="6,10,14,26,28,35,37,42,45,86,87,94,98,103" machi="6" ten="20,8000,1" yaku="1,1,0,1,7,1,52,1,53,1" doraHai="22" doraHaiUra="4" who="0" fromWho="0" sc="240,90,240,-40,260,-20,250,-20" /><INIT seed="2,0,0,2,5,39" ten="330,200,240,230" oya="2" hai0="41,49,10,57,103,14,130,56,23,90,58,28,67" hai1="122,24,128,1,132,111,65,30,48,80,133,81,11" hai2="6,123,73,51,110,3,54,8,88,40,16,98,37" hai3="127,78,9,7,94,53,44,114,95,32,36,76,121"/><V102/><F73/><W113/><G121/><T93/><D103/><U75/><E122/><V131/><F123/><W66/><G66/><T21/><D67/><U64/><E111/><V25/><F110/><W84/><G32/><T43/><D49/><U69/><E128/><V129/><F102/><W68/><G68/><T116/><D130/><N who="2" m="49674" /><F54/><W70/><G70/><T38/><D38/><U112/><E112/><N who="3" m="43114" /><G127/><T108/><D108/><U12/><E64/><V27/><F37/><W86/><G53/><T26/><D23/><U104/><E75/><V115/><F115/><W46/><G86/><N who="0" m="52439" /><D116/><U45/><E1/><V63/><F63/><W117/><G117/><T118/><D118/><U34/><E104/><V17/><F27/><W92/><G84/><T87/><D87/><U61/><E132/><V124/><F25/><W62/><G62/><T60/><D60/><U82/><E133/><V29/><F29/><W50/><G36/><T135/><D135/><U52/><REACH who="1" step="1"/><E81/><REACH who="1" ten="330,190,240,230" step="2"/><V134/><F134/><W106/><G106/><T119/><D119/><U42/><E42/><V83/><F124/><W79/><G50/><T31/><D31/><U18/><AGARI ba="0,1" hai="11,12,18,24,30,34,45,48,52,61,65,69,80,82" machi="18" ten="20,5200,0" yaku="1,1,0,1,7,1,54,1,53,0" doraHai="39" doraHaiUra="100" who="1" fromWho="1" sc="330,-13,190,62,240,-26,230,-13" /><INIT seed="3,0,0,1,1,87" ten="317,252,214,217" oya="3" hai0="106,83,17,109,44,132,128,114,98,84,119,130,31" hai1="61,75,53,72,5,104,58,80,68,110,91,39,79" hai2="67,93,131,9,96,34,112,52,124,47,55,26,103" hai3="49,3,76,88,10,99,40,100,24,12,89,86,29"/><W1/><G76/><T35/><D109/><U19/><E110/><V115/><F124/><W113/><G113/><T97/><D97/><U82/><BYE who="0" /><E39/><V20/><F34/><UN n0="%70%6F%69%73%6F%6E%30%32" /><W126/><G126/><T14/><D119/><U56/><E104/><V11/><F131/><N who="0" m="50218" /><D114/><U120/><E120/><V27/><F112/><W60/><G60/><T43/><D31/><U36/><E36/><V21/><F115/><W32/><G40/><T50/><D35/><U95/><E5/><V45/><F67/><W121/><G49/><T125/><D132/><U118/><E118/><V6/><F6/><W64/><G64/><T15/><D125/><U77/><E19/><N who="2" m="12575" /><F47/><W23/><G32/><T122/><D17/><U41/><E41/><V46/><F46/><W134/><G134/><T63/><D63/><U57/><REACH who="1" step="1"/><E68/><REACH who="1" ten="317,242,214,217" step="2"/><V90/><F9/><W48/><G121/><T85/><D122/><U74/><E74/><V25/><F11/><W0/><G48/><T69/><D69/><U102/><E102/><V123/><F123/><W13/><G10/><T8/><D8/><U37/><E37/><V116/><F116/><W22/><G22/><T4/><D4/><U51/><E51/><N who="2" m="28783" /><F21/><W42/><G42/><T135/><D135/><U129/><E129/><V7/><F7/><W66/><G66/><T73/><D73/><U54/><E54/><V78/><F103/><W2/><N who="3" m="0" /><DORA hai="101" /><W81/><G100/><T38/><D38/><U111/><E111/><V105/><F105/><W127/><G127/><T133/><D133/><U71/><E71/><V16/><F55/><W107/><G107/><RYUUKYOKU ba="0,1" sc="317,-15,242,15,214,-15,217,15" hai1="53,56,57,58,61,72,75,77,79,80,82,91,95" hai3="12,13,23,24,29,81,86,88,89,99" /><INIT seed="3,1,1,1,2,100" ten="302,257,199,232" oya="3" hai0="12,8,77,114,103,99,49,56,121,52,30,125,70" hai1="95,128,108,111,115,91,33,48,94,1,131,0,135" hai2="4,118,129,110,18,42,20,74,112,38,134,27,26" hai3="78,5,126,120,75,97,106,36,44,104,122,57,6"/><W102/><G126/><T37/><D121/><N who="3" m="46697" /><G5/><T32/><D125/><U51/><E33/><V68/><F74/><W79/><G57/><T96/><D114/><U76/><E76/><V124/><F112/><W123/><G79/><T127/><D127/><U53/><E115/><V7/><F124/><W40/><G6/><N who="2" m="2089" /><F68/><W13/><G13/><T132/><D70/><U50/><E53/><V10/><F118/><W130/><G123/><T89/><D37/><U59/><E59/><V113/><F113/><W24/><G24/><N who="2" m="9257" /><F42/><W88/><G88/><T46/><D56/><U73/><E73/><V19/><F38/><W117/><G117/><T58/><D58/><U25/><E25/><N who="2" m="14487" /><F134/><W93/><G93/><N who="1" m="35338" /><E91/><V11/><F129/><N who="1" m="49737" /><E135/><V80/><F80/><N who="3" m="45151" /><G130/><T39/><D77/><U98/><E98/><V101/><F101/><W92/><G92/><T133/><D99/><U43/><E43/><V29/><F29/><W69/><G69/><T119/><D119/><U55/><E55/><V3/><F3/><AGARI ba="1,1" hai="0,1,3,48,50,51,108,111" m="49737,35338" machi="3" ten="40,5200,0" yaku="28,2,19,1" doraHai="100" who="1" fromWho="2" sc="302,0,257,65,199,-55,232,0" owari="302,10.2,322,42.2,144,-35.6,232,-16.8" /></mjloggm>