<mjloggm ver="2.3"><GO type="225" lobby="0"/><UN n0="%E5%8D%A0%E3%81%84%E5%B8%AB%E8%A3%8F%E3%81%AA%E3%81%84%E3%81%97" n1="%E3%83%A9%E3%83%96%E3%83%AC%E3%83%BC" n2="%E7%89%B9%E6%9D%B1%E3%81%AF%E4%B8%96%E7%95%8C%E3%82%92%E6%95%91%E3%81%86" n3="%E6%B8%A1%E5%A4%A9%E8%97%8D" dan="17,16,16,16" rate="2185.81,2142.45,2211.09,2066.05" sx="M,M,M,M"/><TAIKYOKU oya="0"/><INIT seed="0,0,0,4,5,74" ten="250,250,250,250" oya="0" hai0="16,46,0,42,10,84,106,32,121,125,113,130,55" hai1="39,14,33,17,73,44,104,51,93,1,24,107,86" hai2="116,79,62,63,43,96,58,11,7,2,77,135,112" hai3="53,90,54,118,72,56,126,92,4,49,47,66,78"/><T48/><D113/><U64/><E73/><V37/><F112/><W41/><G118/><T38/><D121/><U30/><E39/><V65/><F116/><W129/><G129/><T15/><D125/><U3/><E64/><V120/><F120/><W69/><G126/><T29/><D130/><U45/><E45/><V89/><F135/><W52/><G4/><T82/><D106/><U98/><E86/><V99/><F63/><N who="3" m="38247" /><G69/><T6/><D32/><U128/><E1/><V31/><F31/><W23/><G72/><T110/><D110/><U21/><E3/><V34/><F34/><W9/><G9/><T40/><D29/><U35/><E128/><V61/><F61/><W75/><G75/><T22/><REACH who="0" step="1"/><D38/><REACH who="0" ten="240,250,250,250" step="2"/><U133/><E35/><V124/><F124/><W122/><G122/><T101/><D101/><U109/><E109/><V127/><F127/><W57/><G23/><T111/><D111/><U119/><E119/><V13/><F37/><W20/><G20/><T115/><D115/><U105/><E133/><V71/><F11/><W91/><G57/><T87/><D87/><U5/><E107/><V59/><F59/><W102/><G102/><T12/><D12/><U114/><E105/><V26/><F13/><W68/><G68/><T88/><AGARI ba="0,1" hai="0,6,10,15,16,22,40,42,46,48,55,82,84,88" machi="88" ten="20,12000,1" yaku="1,1,0,1,7,1,54,2,53,0" doraHai="74" doraHaiUra="131" who="0" fromWho="0" sc="240,130,250,-40,250,-40,250,-40" /><INIT seed="0,1,0,1,5,120" ten="370,210,210,210" oya="0" hai0="85,6,93,79,76,84,133,57,123,54,112,4,31" hai1="128,124,72,109,63,106,87,41,101,2,118,119,113" hai2="82,88,134,97,62,56,111,7,0,47,74,43,135" hai3="55,80,122,45,125,18,15,23,26,98,20,117,102"/><T35/><D112/><U71/><RYUUKYOKU type="yao9" ba="1,0" sc="370,0,210,0,210,0,210,0" hai1="2,41,63,71,72,87,101,106,109,113,118,119,124,128" /><INIT seed="0,2,0,1,1,73" ten="370,210,210,210" oya="0" hai0="41,4,81,39,63,12,132,119,29,34,125,98,31" hai1="38,26,37,19,66,0,44,87,110,40,86,51,88" hai2="46,126,36,80,111,128,101,130,85,55,14,82,62" hai3="47,9,35,103,69,56,61,53,32,121,93,96,48"/><T78/><D119/><U71/><E0/><V113/><F113/><W116/><G116/><T20/><D34/><U114/><E114/><V97/><F111/><W134/><G134/><T8/><D132/><U135/><E135/><V107/><F126/><W67/><G121/><T10/><D125/><U108/><E86/><V79/><F14/><W22/><G9/><T90/><D63/><U105/><E105/><V117/><F117/><W70/><G70/><T104/><D20/><N who="1" m="13599" /><E66/><V92/><F107/><W5/><G5/><T74/><D90/><U57/><E57/><V100/><F100/><W30/><REACH who="3" step="1"/><G69/><REACH who="3" ten="370,210,210,200" step="2"/><T68/><D68/><U2/><E71/><V15/><F130/><W94/><G94/><T7/><D104/><U58/><E110/><V27/><F128/><W83/><G83/><T6/><D4/><U133/><E133/><V13/><F82/><W59/><G59/><T120/><D120/><U23/><E58/><V106/><F106/><W76/><G76/><T52/><D8/><U129/><E129/><V60/><F79/><W11/><G11/><T91/><D6/><U42/><E108/><V112/><F112/><W75/><G75/><T77/><D77/><U3/><E3/><V43/><F80/><W50/><G50/><T99/><D74/><U123/><E2/><V64/><F92/><W54/><G54/><T16/><D7/><U84/><E123/><V115/><F115/><W127/><G127/><T72/><D52/><U95/><E95/><V17/><F55/><W24/><AGARI ba="2,1" hai="22,24,30,32,35,47,48,53,56,61,67,93,96,103" machi="24" ten="30,7900,0" yaku="1,1,0,1,25,2,53,0" doraHai="73" doraHaiUra="122" who="3" fromWho="3" sc="370,-41,210,-22,210,-22,200,95" /><INIT seed="1,0,0,0,0,63" ten="329,188,188,295" oya="1" hai0="69,41,62,73,14,88,125,87,27,103,68,22,61" hai1="109,49,42,129,53,101,17,116,120,58,24,28,50" hai2="121,21,75,97,36,123,91,56,102,44,115,105,54" hai3="99,48,94,15,130,104,3,93,34,83,8,20,39"/><U78/><E120/><V82/><F115/><W67/><G39/><T51/><D73/><U124/><E116/><V135/><F135/><W66/><G34/><T23/><D125/><U57/><E124/><V60/><F21/><W55/><G130/><T76/><D103/><U81/><E129/><V86/><REACH who="2" step="1"/><F75/><REACH who="2" ten="329,188,178,295" step="2"/><W132/><G132/><T40/><D22/><U13/><E109/><V90/><F90/><W74/><G20/><T52/><D23/><N who="1" m="11695" /><E101/><V64/><F64/><W113/><G113/><T43/><D88/><U2/><E28/><V6/><F6/><W71/><G66/><T59/><D27/><U110/><E110/><V118/><F118/><W119/><G67/><T35/><D35/><U29/><E29/><V16/><F16/><W32/><G32/><T0/><D0/><U98/><E24/><V126/><F126/><W47/><G119/><T111/><D111/><U80/><E2/><V38/><F38/><W108/><G3/><T100/><D100/><U85/><E78/><V12/><F12/><W131/><G108/><T114/><D14/><U84/><E81/><V70/><F70/><W46/><G71/><T33/><D33/><U10/><E80/><V45/><F45/><W89/><G46/><T77/><D114/><U79/><E79/><N who="0" m="30281" /><D68/><U106/><E57/><V5/><F5/><N who="3" m="3471" /><G74/><T134/><D69/><U112/><E112/><V37/><F37/><W107/><G131/><T122/><D134/><U9/><E9/><V1/><F1/><W18/><G18/><T72/><D72/><U25/><E25/><V96/><F96/><N who="3" m="57391" /><G83/><T133/><D133/><RYUUKYOKU ba="0,1" sc="329,-15,188,-15,178,15,295,15" hai2="36,44,54,56,60,82,86,91,97,102,105,121,123" hai3="47,48,55,94,99,104,107" /><INIT seed="2,1,1,3,5,79" ten="314,173,193,310" oya="2" hai0="94,103,84,52,78,8,96,121,1,106,29,3,17" hai1="47,135,89,72,101,43,53,117,88,114,93,54,45" hai2="69,44,19,122,109,112,21,123,126,41,127,85,113" hai3="75,63,28,11,65,95,31,15,62,100,58,22,116"/><V92/><F69/><W80/><G116/><T37/><D121/><N who="2" m="46090" /><F92/><W115/><G115/><N who="2" m="44105" /><F85/><W104/><G104/><T66/><D29/><U55/><E117/><V102/><F102/><W71/><G22/><T59/><D37/><U98/><E114/><V64/><F21/><W128/><G128/><T68/><D66/><U6/><E135/><V46/><F19/><W42/><G42/><T50/><D68/><U35/><E72/><V118/><F118/><W33/><G71/><T67/><D67/><U108/><E108/><V134/><F64/><W36/><G36/><T97/><D84/><U13/><E35/><V38/><F134/><W119/><G119/><T30/><D30/><U73/><E73/><V23/><F23/><W131/><G75/><T24/><D78/><U39/><REACH who="1" step="1"/><E47/><REACH who="1" ten="314,163,193,310" step="2"/><N who="2" m="23991" /><F109/><W57/><G33/><T133/><D133/><U90/><E90/><V107/><F107/><W99/><G100/><T5/><D106/><U87/><E87/><V81/><F81/><W132/><G80/><T9/><D103/><U74/><E74/><V12/><F12/><W130/><G132/><T49/><D97/><U110/><E110/><V61/><F61/><W86/><G86/><T18/><D96/><U129/><E129/><N who="3" m="49162" /><G99/><T120/><D120/><U25/><E25/><V111/><F111/><W40/><G63/><T70/><D24/><U20/><E20/><V91/><F91/><W14/><G62/><T34/><D34/><U77/><E77/><V83/><F83/><W2/><G14/><T51/><D94/><U0/><E0/><V26/><F26/><W7/><G95/><RYUUKYOKU ba="1,2" sc="314,-15,163,15,193,15,310,-15" hai1="6,13,39,43,45,53,54,55,88,89,93,98,101" hai2="44,46,126,127" /><INIT seed="2,2,2,3,2,71" ten="299,178,208,295" oya="2" hai0="69,98,111,42,97,80,33,13,31,62,44,38,114" hai1="18,134,110,0,35,106,39,122,102,53,95,29,25" hai2="1,126,50,75,104,86,3,40,129,41,70,83,17" hai3="26,28,49,55,112,115,2,21,135,93,116,43,46"/><V103/><F70/><W108/><G116/><T66/><D114/><N who="3" m="43561" /><G2/><T91/><D111/><U131/><E110/><V105/><F75/><W121/><G108/><T7/><D33/><U92/><E0/><N who="2" m="75" /><F17/><W128/><G128/><T79/><D31/><U27/><E131/><V4/><F4/><W82/><G135/><T54/><D91/><U89/><E134/><V16/><F16/><W24/><G121/><T34/><D34/><U125/><E122/><V19/><F19/><N who="3" m="12351" /><G93/><T32/><D32/><U57/><E106/><N who="2" m="41067" /><F103/><W88/><G55/><T6/><D54/><U58/><E102/><V14/><F14/><W8/><G8/><T59/><D69/><U51/><E125/><V10/><F10/><W11/><G11/><T94/><D13/><U90/><E95/><V85/><F50/><W77/><G88/><T117/><D117/><U64/><E92/><V45/><F129/><W5/><G5/><T127/><D127/><U124/><E124/><V113/><F113/><W81/><G77/><T119/><D119/><U109/><E109/><V61/><F126/><W22/><AGARI ba="2,2" hai="22,26,28,43,46,49,81,82" m="12351,43561" machi="22" ten="30,1100,0" yaku="11,1" doraHai="71" who="3" fromWho="3" sc="299,-5,178,-5,208,-7,295,37" /><INIT seed="3,0,0,2,0,126" ten="294,173,201,332" oya="3" hai0="65,88,68,101,15,95,18,99,6,114,71,76,97" hai1="134,69,32,34,109,1,26,4,121,20,53,54,19" hai2="17,100,107,2,60,39,61,48,5,8,43,51,9" hai3="103,29,52,106,30,92,31,118,10,40,81,55,120"/><W67/><G106/><T135/><D135/><U38/><E121/><V23/><F39/><W111/><G120/><T12/><D114/><U82/><E134/><V14/><F107/><W79/><G118/><T128/><D76/><U89/><E69/><V94/><F100/><W85/><G111/><T66/><D128/><U127/><E127/><V75/><F75/><W35/><G35/><T16/><D6/><U93/><E38/><V74/><F74/><W119/><G119/><T57/><D57/><U59/><E109/><V124/><F94/><W84/><G67/><T110/><D110/><U33/><E82/><V72/><F72/><W24/><G40/><T117/><D117/><U44/><E44/><V125/><F124/><W102/><G24/><T115/><D115/><U58/><E59/><V80/><F80/><N who="3" m="47135" /><G10/><T56/><D56/><U7/><E1/><V105/><F105/><W86/><G86/><T130/><D130/><U77/><E77/><V122/><F122/><W49/><G92/><N who="0" m="56455" /><D68/><U133/><E133/><V0/><F125/><W132/><G132/><T78/><D78/><U63/><REACH who="1" step="1"/><E54/><REACH who="1" ten="294,163,201,332" step="2"/><V116/><F116/><W83/><G55/><T70/><D70/><U91/><E91/><V104/><F43/><W113/><G113/><T129/><D71/><U108/><E108/><V41/><F104/><W46/><G81/><T50/><D50/><N who="2" m="18986" /><F41/><W87/><G83/><T11/><D129/><U45/><E45/><V37/><F37/><W96/><G103/><T3/><D3/><U22/><E22/><AGARI ba="0,1" hai="11,12,15,16,18,22,65,66,95,99,101" m="56455" machi="22" ten="30,3900,0" yaku="8,1,54,2" doraHai="126" who="0" fromWho="1" sc="294,49,163,-39,201,0,332,0" owari="343,44.3,124,-37.6,201,-19.9,332,13.2" /></mjloggm>