<mjloggm ver="2.3"><GO type="225" lobby="0"/><UN n0="%E6%9C%88%E5%B3%B6%E5%9F%BA" n1="%E7%AC%B9%E9%A4%85" n2="%72%69%6F%75%63%68%61%6E" n3="%E5%8D%A0%E3%81%84%E5%B8%AB%E8%A3%8F%E3%81%AA%E3%81%84%E3%81%97" dan="16,18,16,17" rate="2024.43,2243.90,2115.32,2186.71" sx="M,M,M,M"/><TAIKYOKU oya="0"/><INIT seed="0,0,0,4,3,16" ten="250,250,250,250" oya="0" hai0="37,109,93,20,104,56,101,39,22,24,46,98,122" hai1="48,83,1,116,132,115,58,72,129,25,51,61,126" hai2="100,8,7,82,76,103,125,80,19,88,75,33,0" hai3="69,92,95,66,59,107,106,18,121,44,112,119,10"/><T84/><D122/><U114/><E116/><V42/><F125/><W123/><G112/><N who="1" m="43050" /><E1/><V41/><F33/><W133/><G119/><T87/><D109/><U29/><E126/><V2/><F2/><W11/><G69/><T91/><D87/><U15/><E15/><V47/><F41/><W96/><G133/><T70/><D70/><U49/><E132/><V12/><F80/><W55/><G44/><T79/><D79/><N who="1" m="44519" /><E129/><V85/><F76/><W102/><G66/><T68/><D68/><U134/><E134/><V4/><F75/><W124/><G124/><T5/><D5/><U53/><E61/><V110/><F110/><W97/><G18/><T50/><D56/><U9/><E9/><V35/><F35/><AGARI ba="0,0" hai="25,29,35,48,49,51,53,58" m="44519,43050" machi="35" ten="30,1000,0" yaku="11,1" doraHai="16" who="1" fromWho="2" sc="250,0,250,10,250,-10,250,0" /><INIT seed="1,0,0,1,2,0" ten="250,260,240,250" oya="1" hai0="15,94,123,19,131,57,65,14,17,49,81,60,86" hai1="32,30,33,99,76,35,73,38,23,108,121,44,130" hai2="85,55,79,71,5,74,126,96,75,13,90,29,106" hai3="10,64,110,39,111,135,4,7,67,128,21,20,52"/><U91/><E121/><V104/><F71/><W12/><G39/><T42/><D123/><U34/><E130/><V115/><F29/><W116/><G128/><T40/><D131/><U100/><E108/><N who="3" m="41514" /><G135/><T80/><D94/><U25/><E91/><V66/><F66/><N who="3" m="25131" /><G116/><T26/><D26/><U88/><E88/><V120/><F120/><W93/><G93/><T47/><D42/><U132/><E132/><V48/><F126/><W102/><G102/><T84/><D84/><U87/><E87/><V1/><F115/><W16/><G52/><T2/><D2/><U125/><E125/><V83/><F1/><W63/><G63/><T24/><D24/><U112/><E112/><V58/><F96/><W109/><G109/><T41/><D41/><U118/><E118/><V22/><F75/><W61/><G61/><T117/><D117/><U122/><E122/><V45/><F45/><W54/><G54/><T119/><D119/><U127/><E127/><V114/><F114/><W134/><G134/><T129/><D129/><U103/><E99/><V72/><F72/><W105/><G105/><T98/><D98/><U46/><E46/><V56/><F58/><W92/><G92/><T69/><D69/><U27/><E44/><V133/><F133/><W8/><G8/><N who="0" m="6343" /><D86/><U78/><E38/><V36/><F36/><W11/><G10/><AGARI ba="0,0" hai="10,15,19,40,47,49,57,60,65,80,81" m="6343" machi="10" ten="30,1000,0" yaku="8,1" doraHai="0" who="0" fromWho="3" sc="250,10,260,0,240,0,250,-10" /><INIT seed="2,0,0,1,3,53" ten="260,260,240,240" oya="2" hai0="130,128,122,42,9,33,84,11,110,129,22,106,47" hai1="67,83,118,12,7,82,92,30,58,125,72,32,96" hai2="34,48,131,99,126,8,71,90,10,4,105,119,115" hai3="31,76,85,57,123,45,94,91,80,89,114,77,16"/><V14/><F115/><W102/><G123/><T111/><D106/><U132/><E118/><V38/><F119/><W20/><G114/><T56/><D122/><U93/><E125/><V78/><F38/><W62/><G45/><T74/><D74/><U0/><E0/><V26/><F126/><W86/><G31/><T5/><D33/><U35/><E132/><V59/><F71/><W104/><G102/><T88/><D22/><U135/><E135/><V60/><F131/><W100/><G100/><T19/><D19/><U3/><E3/><V112/><F112/><W127/><G104/><T64/><D64/><U43/><E43/><V13/><F78/><W27/><G127/><T36/><D56/><U116/><E116/><V107/><F48/><W41/><G41/><T95/><REACH who="0" step="1"/><D5/><REACH who="0" ten="250,260,240,240" step="2"/><U73/><E7/><V29/><F107/><W6/><G6/><T97/><D97/><U50/><E96/><V39/><F105/><W98/><G85/><T65/><D65/><AGARI ba="0,1" hai="16,20,27,57,62,65,76,77,80,86,89,91,94,98" machi="65" ten="30,7700,0" yaku="7,1,8,1,52,1,54,1" doraHai="53" who="3" fromWho="0" sc="250,-77,260,0,240,0,240,87" /><INIT seed="3,0,0,0,4,13" ten="173,260,240,327" oya="3" hai0="110,98,115,118,71,0,35,96,81,130,109,121,129" hai1="126,43,41,117,135,21,90,14,101,1,61,25,22" hai2="94,38,11,47,46,6,7,82,131,99,48,123,89" hai3="5,63,105,106,29,65,4,52,54,24,77,74,9"/><W33/><G105/><T40/><D118/><U75/><E1/><V19/><F131/><N who="0" m="50186" /><D121/><U85/><E75/><V111/><F111/><N who="0" m="42506" /><D71/><U80/><E126/><V127/><F127/><W3/><G106/><T103/><D0/><U107/><E135/><V55/><F123/><W132/><G132/><T2/><D2/><U23/><E101/><V18/><F82/><W92/><G4/><N who="2" m="1577" /><F38/><W49/><G74/><T113/><D40/><U93/><E107/><V10/><F46/><W57/><G77/><T100/><D35/><U114/><E117/><V27/><F27/><W97/><G49/><T88/><D103/><AGARI ba="0,0" hai="3,5,9,24,29,33,52,54,57,63,65,92,97,103" machi="103" ten="30,2900,0" yaku="7,1,54,1" doraHai="13" who="3" fromWho="0" sc="173,-29,260,0,240,0,327,29" owari="144,-35.6,260,6.0,240,-16.0,356,45.6" /></mjloggm>