<mjloggm ver="2.3"><GO type="225" lobby="0"/><UN n0="%E3%81%A4%E3%81%A3%E3%81%B1%E3%82%8A%E3%83%9D%E3%83%BC%E3%83%AB" n1="%E3%81%82%E3%81%97%E3%82%85%E3%82%8A%E3%82%93" n2="%E3%82%A4%E3%83%BC%E3%82%B1%E3%83%97%E3%83%A9" n3="%E3%83%A9%E3%83%BC%E3%83%A1%E3%83%B3%E4%BA%94%E9%83%8E" dan="17,16,17,16" rate="2168.71,2149.48,2227.09,2088.41" sx="M,M,M,M"/><TAIKYOKU oya="0"/><INIT seed="0,0,0,2,2,130" ten="250,250,250,250" oya="0" hai0="36,113,105,111,83,60,74,2,95,59,24,106,79" hai1="4,88,18,68,96,27,5,41,92,3,58,6,110" hai2="103,84,122,19,63,86,131,64,69,116,126,82,65" hai3="47,34,114,132,115,127,91,87,98,28,119,21,15"/><T11/><D113/><U123/><E68/><V56/><F122/><W108/><G119/><T37/><D111/><U76/><E123/><V118/><F131/><W94/><G108/><T125/><D125/><U35/><E110/><V12/><F126/><W120/><G127/><T10/><D95/><U133/><E41/><V51/><F103/><W46/><G120/><T61/><D24/><U109/><E109/><V112/><F112/><W73/><G73/><T90/><D90/><U78/><E3/><V17/><F86/><W29/><G34/><T77/><D59/><U101/><E101/><V55/><F65/><W100/><G114/><T70/><D2/><U80/><E133/><V117/><REACH who="2" step="1"/><F12/><REACH who="2" ten="250,250,240,250" step="2"/><W14/><G115/><T129/><D129/><U49/><E49/><V39/><F39/><W30/><G132/><T124/><D124/><U0/><E0/><V72/><F72/><W45/><REACH who="3" step="1"/><G21/><REACH who="3" ten="250,250,240,240" step="2"/><T16/><D74/><U99/><E35/><V40/><F40/><W8/><G8/><T22/><D22/><N who="1" m="13783" /><E99/><V43/><F43/><W50/><G50/><T52/><D37/><U32/><E32/><V107/><F107/><AGARI ba="0,2" hai="14,15,28,29,30,45,46,47,87,91,94,98,100,107" machi="107" ten="40,1300,0" yaku="1,1,53,0" doraHai="130" doraHaiUra="104" who="3" fromWho="2" sc="250,0,250,0,240,-13,240,33" /><INIT seed="1,0,0,4,1,77" ten="250,250,227,273" oya="1" hai0="122,4,3,28,68,46,22,59,86,113,49,125,32" hai1="26,67,66,45,37,129,40,60,73,70,79,24,93" hai2="78,33,90,0,123,114,19,116,35,41,115,55,130" hai3="69,92,7,51,75,62,17,72,54,65,53,29,95"/><U9/><E129/><V42/><F116/><W74/><G29/><T10/><D68/><U131/><E131/><V109/><F130/><W57/><G7/><T12/><D113/><N who="2" m="43018" /><F0/><W81/><G17/><N who="0" m="10535" /><D59/><U6/><E93/><V87/><F78/><W112/><G112/><T76/><D125/><U21/><E67/><V91/><F123/><W36/><G36/><T5/><D5/><U98/><E98/><V43/><F109/><W100/><G100/><T128/><D128/><U50/><E21/><V23/><F55/><W121/><G121/><T27/><D122/><U106/><E106/><V56/><F56/><W31/><G31/><T133/><D133/><U63/><E63/><V34/><F87/><W105/><G105/><T16/><D16/><U104/><E104/><V103/><F103/><W118/><G118/><T127/><D127/><U110/><E110/><V117/><F117/><W83/><REACH who="3" step="1"/><G54/><REACH who="3" ten="250,250,227,263" step="2"/><N who="0" m="30007" /><D76/><U126/><E126/><V71/><F71/><W30/><G30/><T1/><D1/><U44/><E37/><V102/><F102/><W84/><G84/><AGARI ba="0,1" hai="3,4,10,27,28,32,84,86" m="30007,10535" machi="84" ten="30,1000,0" yaku="24,1" doraHai="77" who="0" fromWho="3" sc="250,20,250,0,227,0,263,-10" /><INIT seed="2,0,0,1,1,134" ten="270,250,227,253" oya="2" hai0="57,65,97,72,34,51,114,85,59,74,69,83,130" hai1="21,26,58,99,8,132,131,60,79,78,103,80,108" hai2="52,102,27,101,1,111,17,110,24,106,88,13,7" hai3="3,109,35,19,66,117,31,28,128,84,45,100,63"/><V126/><F7/><W82/><G117/><T77/><D114/><U98/><E108/><N who="2" m="41515" /><F1/><W0/><G109/><T92/><D34/><U2/><E132/><V36/><F36/><W120/><G120/><T121/><D121/><U18/><E131/><V41/><F41/><W22/><G128/><T37/><D37/><U76/><E80/><V89/><F126/><W47/><G100/><N who="2" m="38505" /><F106/><W23/><G35/><T93/><D130/><U4/><REACH who="1" step="1"/><E103/><REACH who="1" ten="270,240,227,253" step="2"/><V125/><F125/><W90/><G82/><T71/><D83/><U20/><E20/><N who="2" m="11311" /><F52/><AGARI ba="0,1" hai="2,4,8,18,21,26,52,58,60,76,78,79,98,99" machi="52" ten="40,5200,0" yaku="1,1,54,1,53,1" doraHai="134" doraHaiUra="32" who="1" fromWho="2" sc="270,0,240,62,227,-52,253,0" /><INIT seed="3,0,0,1,5,129" ten="270,302,175,253" oya="3" hai0="111,39,85,22,58,62,15,0,131,120,1,105,71" hai1="34,117,94,112,18,80,7,110,43,66,76,74,51" hai2="100,90,135,75,36,45,118,125,132,84,4,55,57" hai3="68,98,97,41,53,126,128,5,35,73,116,87,64"/><W47/><G116/><T107/><D39/><U17/><E34/><V79/><F118/><W69/><G73/><T13/><D71/><U115/><E117/><V23/><F125/><W26/><G126/><T130/><D120/><U114/><E110/><V119/><F119/><W70/><G128/><N who="0" m="49195" /><D85/><U29/><E29/><V44/><F100/><W106/><G5/><T92/><D92/><U86/><E66/><V63/><F4/><W72/><G72/><T95/><D95/><U65/><E65/><V60/><F63/><N who="3" m="39967" /><G53/><N who="0" m="34127" /><D111/><U121/><E121/><V10/><F10/><W61/><G87/><T46/><D46/><U91/><E7/><V3/><F3/><N who="0" m="1098" /><D22/><U134/><E114/><V93/><F23/><W77/><G77/><T11/><D11/><U54/><E112/><V133/><F36/><N who="3" m="21927" /><G97/><T6/><D6/><U99/><E115/><V124/><F124/><W2/><G61/><T67/><D67/><U52/><E74/><V14/><F14/><AGARI ba="0,0" hai="13,14,15,105,107" m="1098,34127,49195" machi="14" ten="30,1000,0" yaku="19,1" doraHai="129" who="0" fromWho="2" sc="270,10,302,0,175,-10,253,0" owari="280,8.0,302,40.2,165,-33.5,253,-14.7" /></mjloggm>