<mjloggm ver="2.3"><GO type="225" lobby="0"/><UN n0="%E3%83%B4%E3%83%A0%EF%BC%99%E3%81%A6" n1="%5C%28%E2%89%A7%E2%96%BD%E2%89%A6%29%2F" n2="%E3%82%89%E3%81%84%E3%81%B5%E3%81%8C%E3%83%BC%E3%81%A9%E3%81%99%E3%81%8D" n3="%E3%81%99%E3%83%BC%5F%E9%88%B4%E6%9C%A8%E6%B5%A9%E5%B9%B3" dan="16,16,17,16" rate="2175.62,2086.39,2115.80,2086.11" sx="M,M,M,M"/><TAIKYOKU oya="0"/><INIT seed="0,0,0,1,0,122" ten="250,250,250,250" oya="0" hai0="65,35,109,127,66,89,114,75,49,1,119,63,58" hai1="24,50,71,115,92,113,118,8,88,25,21,22,52" hai2="6,104,51,125,47,54,73,129,57,80,11,33,17" hai3="29,96,107,36,94,4,81,123,79,32,131,76,110"/><T23/><D114/><N who="1" m="43531" /><E71/><V45/><F104/><W26/><G107/><T111/><D119/><U86/><E118/><V68/><F68/><W100/><G123/><T56/><D35/><U102/><E102/><V121/><F121/><W42/><G131/><T99/><D1/><U126/><E126/><V117/><F129/><W128/><G128/><T12/><D127/><U105/><E105/><V130/><F33/><W40/><G36/><T112/><D75/><U72/><E72/><V135/><F125/><W13/><G79/><T46/><D112/><U106/><E106/><V30/><F30/><W2/><G2/><T43/><D99/><U108/><E108/><N who="0" m="41545" /><D89/><U38/><E8/><V85/><F11/><W14/><G110/><T95/><D95/><U34/><E38/><V15/><F73/><W44/><G4/><T31/><D12/><U41/><E41/><V19/><F15/><W61/><G42/><T90/><D90/><U124/><E124/><V20/><F130/><W101/><G13/><T91/><D91/><U132/><E132/><V103/><F135/><W7/><G100/><T67/><D63/><U48/><E34/><V98/><F103/><W70/><G61/><T27/><AGARI ba="0,0" hai="23,27,31,43,46,49,56,58,65,66,67" m="41545" machi="27" ten="40,12000,1" yaku="14,1,10,1,52,3" doraHai="122" who="0" fromWho="0" sc="250,120,250,-40,250,-40,250,-40" /><INIT seed="0,1,0,1,3,7" ten="370,210,210,210" oya="0" hai0="102,56,114,46,11,6,74,35,32,3,26,51,97" hai1="8,13,16,112,52,82,54,103,93,73,40,129,119" hai2="128,27,99,125,49,21,18,94,29,36,131,12,33" hai3="92,17,77,98,42,95,126,90,83,15,0,19,96"/><T67/><D114/><U59/><E119/><V39/><F125/><W76/><G0/><T5/><D74/><U30/><E112/><V133/><F133/><W1/><G1/><T75/><D75/><U4/><E129/><N who="2" m="49739" /><F49/><W118/><G118/><T55/><D6/><U117/><E117/><V87/><F87/><N who="3" m="48615" /><G77/><T38/><D26/><U53/><E73/><V48/><F48/><W43/><G126/><T61/><REACH who="0" step="1"/><D38/><REACH who="0" ten="360,210,210,210" step="2"/><U130/><E4/><V100/><AGARI ba="1,1" hai="12,18,21,27,29,33,36,39,94,99,100" m="49739" machi="100" ten="30,1100,0" yaku="19,1" doraHai="7" who="2" fromWho="2" sc="360,-6,210,-4,210,24,210,-4" /><INIT seed="1,0,0,0,3,88" ten="354,206,234,206" oya="1" hai0="95,26,118,48,7,33,104,21,24,51,4,99,46" hai1="67,75,119,124,57,60,121,107,85,0,61,112,59" hai2="134,76,14,84,116,81,38,66,90,65,9,130,12" hai3="129,55,54,18,8,91,103,111,32,127,25,94,40"/><U120/><E75/><V49/><F38/><W1/><G111/><T80/><D104/><U16/><E112/><V53/><F116/><W128/><G40/><T86/><D118/><U77/><E119/><V2/><F130/><N who="3" m="50283" /><G103/><N who="0" m="60927" /><D33/><U47/><E107/><V109/><F134/><W87/><G127/><T62/><D62/><U10/><E124/><V5/><F109/><W56/><G56/><T71/><D71/><U115/><E115/><V101/><F101/><W6/><G18/><N who="0" m="12343" /><D26/><U92/><E47/><V100/><F100/><W43/><G43/><N who="0" m="24671" /><D51/><U102/><E120/><V126/><F126/><W108/><G108/><T50/><D50/><U19/><E121/><V42/><F42/><W96/><G96/><T74/><D74/><U28/><E28/><AGARI ba="0,0" hai="1,6,8,25,28,32,54,55,87,91,94" m="50283" machi="28" ten="30,2000,0" yaku="19,1,52,1" doraHai="88" who="3" fromWho="1" sc="354,0,206,-20,234,0,206,20" /><INIT seed="2,0,0,4,2,101" ten="354,186,234,226" oya="2" hai0="45,112,40,60,49,2,32,14,103,21,27,0,65" hai1="116,23,73,22,111,6,119,63,52,61,123,122,83" hai2="124,76,81,17,125,100,78,53,107,44,41,74,128" hai3="3,12,130,82,54,72,37,31,9,25,84,47,106"/><V43/><F128/><W109/><G130/><T80/><D112/><U18/><E6/><V126/><F76/><W48/><G109/><T118/><D118/><U104/><E104/><V38/><F17/><W87/><G106/><T135/><D135/><U66/><E111/><V1/><F53/><W15/><G37/><T99/><D80/><U134/><E83/><V4/><F43/><W50/><G3/><T96/><D14/><U46/><E73/><V75/><F75/><W19/><G72/><T120/><D96/><U121/><E22/><V110/><F110/><W56/><G82/><T105/><D120/><U86/><E86/><V30/><F30/><W16/><G25/><T11/><D11/><U89/><E89/><V92/><F92/><W68/><G68/><N who="0" m="42023" /><D21/><U67/><E134/><V102/><F107/><W64/><G31/><AGARI ba="0,0" hai="0,2,27,31,32,40,45,49,99,103,105" m="42023" machi="31" ten="30,2000,0" yaku="25,1,52,1" doraHai="101" who="0" fromWho="3" sc="354,20,186,0,234,0,226,-20" /><INIT seed="3,0,0,2,1,16" ten="374,186,234,206" oya="3" hai0="117,77,34,11,103,112,115,22,74,40,90,55,81" hai1="108,65,134,121,99,18,135,94,3,73,70,35,60" hai2="53,41,39,6,38,83,33,71,98,113,102,133,119" hai3="1,129,49,8,4,107,15,36,61,64,82,29,114"/><W10/><G114/><N who="0" m="43563" /><D34/><U20/><E35/><V126/><F53/><W132/><G129/><T109/><D109/><U27/><E121/><V5/><F83/><W76/><G132/><N who="1" m="50730" /><E108/><V131/><F98/><W125/><G125/><T25/><D40/><U93/><E73/><V45/><F102/><W118/><G107/><T2/><D117/><U21/><E3/><V92/><F45/><W101/><G101/><T31/><D103/><N who="1" m="60911" /><E94/><V130/><F92/><W62/><G36/><T104/><D90/><U9/><E27/><V52/><F119/><W48/><G118/><T0/><D104/><U51/><E51/><V44/><F39/><W124/><G29/><T120/><D120/><U47/><E47/><V122/><F38/><W95/><G95/><T97/><D97/><U84/><E84/><V106/><F122/><W56/><G62/><T110/><D110/><U24/><E24/><V28/><F106/><W80/><G124/><T85/><D74/><U14/><AGARI ba="0,0" hai="9,14,18,20,21,60,65,70" m="60911,50730" machi="14" ten="30,4000,0" yaku="20,1,52,2" doraHai="16" who="1" fromWho="1" sc="374,-10,186,40,234,-10,206,-20" owari="364,46.4,226,2.6,224,-17.6,186,-31.4" /></mjloggm>