<mjloggm ver="2.3"><GO type="225" lobby="0"/><UN n0="%E3%82%B3%E3%83%90%E3%83%AC%E3%82%A4" n1="%E3%81%BF%E3%81%BF%E3%81%9A" n2="%E3%81%8B%E3%82%8F%E3%81%A1%E3%82%83%E3%82%93%35%38" n3="%28%EF%BF%A3%E2%96%BD%EF%BF%A3%29%CE%B4%E2%8C%92%E3%83%BB" dan="16,18,16,17" rate="2167.36,2231.38,2148.76,2289.89" sx="M,M,M,M"/><TAIKYOKU oya="0"/><INIT seed="0,0,0,5,4,7" ten="250,250,250,250" oya="0" hai0="123,127,102,131,125,17,58,44,91,67,28,25,97" hai1="121,107,87,24,31,43,12,122,100,54,64,68,63" hai2="111,82,132,76,10,101,39,74,83,129,3,96,21" hai3="16,118,85,5,32,11,70,33,112,60,9,35,2"/><T72/><D72/><U79/><E54/><V27/><F111/><W47/><G112/><T29/><D123/><U134/><E43/><V51/><F129/><W66/><G118/><T80/><D131/><U103/><E103/><V62/><F132/><W86/><REACH who="3" step="1"/><G47/><REACH who="3" ten="250,250,250,240" step="2"/><T52/><D127/><U38/><E134/><V48/><F39/><W0/><G0/><T22/><D125/><U126/><E38/><V124/><F124/><W53/><G53/><T105/><D44/><U59/><E126/><V8/><F3/><W6/><G6/><T88/><D67/><U34/><E121/><V45/><F62/><W23/><G23/><T46/><D46/><U65/><E122/><V117/><F117/><W104/><G104/><T90/><REACH who="0" step="1"/><D80/><REACH who="0" ten="240,250,250,240" step="2"/><U93/><E65/><V18/><F83/><W55/><G55/><T81/><D81/><U61/><E64/><V98/><F45/><W75/><G75/><T106/><D106/><U26/><E107/><V49/><REACH who="2" step="1"/><F96/><REACH who="2" ten="240,250,240,240" step="2"/><W78/><G78/><T4/><D4/><U84/><E79/><V116/><F116/><W69/><G69/><T119/><D119/><U41/><E68/><V1/><F1/><W14/><AGARI ba="0,3" hai="2,5,9,11,14,16,32,33,35,60,66,70,85,86" machi="14" ten="40,8000,1" yaku="1,1,0,1,52,2,54,1,53,0" doraHai="7" doraHaiUra="133" who="3" fromWho="3" sc="240,-40,250,-20,240,-20,240,110" /><INIT seed="1,0,0,3,1,85" ten="200,230,220,350" oya="1" hai0="71,82,97,86,77,74,11,96,1,128,35,10,83" hai1="123,17,134,70,122,20,58,63,132,14,29,135,38" hai2="37,33,119,127,65,57,105,4,9,114,45,133,47" hai3="126,68,108,64,78,94,109,117,116,48,93,7,112"/><U19/><E38/><V5/><F105/><W73/><G112/><T91/><D71/><U41/><E70/><V102/><F33/><W66/><G126/><T95/><D35/><U130/><E41/><V75/><F75/><W124/><G124/><T50/><D128/><U54/><E130/><V53/><F102/><W61/><G66/><T6/><D11/><U98/><E29/><V3/><F127/><W106/><G106/><T121/><D121/><U87/><E98/><V24/><F119/><N who="3" m="45643" /><G7/><T23/><D23/><U104/><E104/><V15/><F37/><W31/><G31/><T34/><D34/><U28/><E28/><V42/><F65/><W89/><G48/><T60/><D60/><U16/><E87/><V80/><F80/><N who="3" m="45135" /><G94/><T92/><D95/><U27/><REACH who="1" step="1"/><E19/><REACH who="1" ten="200,220,220,350" step="2"/><V110/><F42/><W12/><G68/><T76/><REACH who="0" step="1"/><D50/><REACH who="0" ten="190,220,220,350" step="2"/><U43/><E43/><V40/><F40/><W52/><G61/><T111/><D111/><U13/><E13/><V88/><F110/><W21/><G12/><T118/><D118/><U72/><E72/><AGARI ba="0,2" hai="1,6,10,72,74,76,77,82,83,86,91,92,96,97" machi="72" ten="30,8000,1" yaku="1,1,7,1,9,1,52,1,53,1" doraHai="85" doraHaiUra="0" who="0" fromWho="1" sc="190,100,220,-80,220,0,350,0" /><INIT seed="2,0,0,4,3,119" ten="290,140,220,350" oya="2" hai0="54,114,128,15,13,28,84,108,88,71,91,5,92" hai1="104,7,6,26,65,60,52,64,134,37,123,8,74" hai2="113,35,11,42,25,59,133,73,16,2,117,124,40" hai3="122,72,79,77,99,1,97,103,96,82,47,81,63"/><V89/><F117/><W14/><G1/><T30/><D71/><U75/><E104/><V125/><F113/><W95/><G63/><T115/><D128/><U33/><E37/><V107/><F73/><N who="3" m="43183" /><G14/><N who="0" m="5131" /><D114/><U83/><E134/><V132/><F107/><N who="3" m="63975" /><G47/><T120/><D5/><U41/><E41/><N who="2" m="15979" /><F89/><N who="3" m="55535" /><G99/><N who="0" m="57735" /><D115/><U118/><E118/><V85/><F85/><W86/><G122/><T29/><D120/><U18/><E123/><V0/><F59/><W36/><G36/><T94/><D108/><U55/><E33/><V130/><F130/><W121/><G121/><T111/><D111/><U34/><E34/><V67/><F67/><W31/><G31/><T112/><D112/><U62/><E26/><V68/><F68/><W109/><G109/><T90/><D90/><U10/><REACH who="1" step="1"/><E18/><REACH who="1" ten="290,130,220,350" step="2"/><V24/><F16/><W49/><G49/><T53/><AGARI ba="0,1" hai="28,29,30,53,54,84,91,94" m="57735,5131" machi="53" ten="30,2000,0" yaku="8,1,54,1" doraHai="119" who="0" fromWho="0" sc="290,30,130,-5,220,-10,350,-5" /><INIT seed="3,0,0,4,1,75" ten="320,125,210,345" oya="3" hai0="63,101,90,70,5,82,91,49,66,96,93,72,128" hai1="22,99,98,12,24,122,113,47,48,9,54,52,41" hai2="2,44,124,117,73,67,32,17,133,127,29,131,109" hai3="13,56,20,60,130,40,45,103,114,46,15,62,100"/><W129/><G114/><T61/><D128/><N who="3" m="49257" /><G46/><T110/><D110/><U121/><E113/><V25/><F131/><W134/><G134/><T125/><D125/><U14/><E122/><V57/><F117/><W65/><G60/><T18/><D5/><U43/><E121/><V21/><F44/><W107/><G20/><T51/><D63/><U88/><E54/><V39/><F39/><N who="3" m="21663" /><G107/><T55/><D49/><U53/><E53/><V10/><F57/><W123/><G123/><T116/><D116/><U8/><E14/><AGARI ba="0,0" hai="13,14,15,56,62,65,100,103" m="21663,49257" machi="14" ten="30,1500,0" yaku="19,1" doraHai="75" who="3" fromWho="1" sc="320,0,125,-15,210,0,345,15" owari="320,12.0,110,-39.0,210,-19.0,360,46.0" /></mjloggm>