<mjloggm ver="2.3"><GO type="225" lobby="0"/><UN n0="%E6%A1%9C%E8%8A%B1%E9%96%83%E3%80%85" n1="%E4%B8%89%E9%80%A3%E7%99%BA" n2="%E7%99%BD%E5%80%89%E5%AF%9B%E4%B9%8B" n3="%E4%BF%BA%E3%81%A8%E5%A6%96%E5%A4%A2" dan="17,16,16,16" rate="2287.21,2169.26,2169.10,2264.00" sx="M,M,M,F"/><TAIKYOKU oya="0"/><INIT seed="0,0,0,1,4,50" ten="250,250,250,250" oya="0" hai0="2,65,34,115,7,67,38,126,73,23,46,3,24" hai1="135,80,101,12,81,103,88,107,114,26,33,82,72" hai2="71,86,123,111,62,110,133,48,112,100,64,21,42" hai3="121,61,84,58,30,18,74,97,116,131,40,31,96"/><T134/><D115/><U66/><E33/><V49/><F100/><N who="1" m="38473" /><E26/><V128/><F86/><W14/><G116/><T57/><D34/><U68/><E68/><V106/><F21/><W104/><G74/><T102/><D102/><U41/><E66/><V9/><F9/><W89/><G40/><N who="0" m="22807" /><D2/><U130/><E41/><V90/><F90/><W132/><G132/><T1/><D1/><U56/><E130/><V83/><F83/><N who="1" m="31817" /><E56/><V87/><F87/><W53/><G131/><T109/><D57/><U13/><E135/><V60/><F106/><W19/><G121/><T98/><D7/><U5/><E72/><V113/><F128/><W0/><G19/><T39/><D39/><U75/><E75/><V8/><F8/><W70/><G70/><T94/><D3/><U51/><E107/><V54/><F133/><W25/><G0/><T4/><D4/><U35/><E35/><V108/><F123/><W32/><G104/><T77/><D134/><U125/><E5/><V44/><F62/><W69/><G69/><T52/><D24/><U22/><E114/><V29/><F29/><W120/><G120/><T55/><D67/><U16/><E12/><V11/><F11/><W122/><G122/><T17/><D65/><U85/><E125/><V76/><F76/><W78/><G78/><T119/><D77/><U15/><E13/><V28/><F28/><N who="3" m="10795" /><G25/><T59/><D126/><U63/><E63/><V93/><F93/><N who="3" m="54439" /><G32/><T95/><D73/><U118/><E118/><V117/><F117/><W6/><G6/><T45/><D119/><U92/><E82/><V105/><F105/><RYUUKYOKU ba="0,0" sc="250,-30,250,10,250,10,250,10" hai1="15,16,22,51,85,88,92" hai2="42,44,48,49,54,60,64,71,108,110,111,112,113" hai3="14,18,53,58,61,96,97" /><INIT seed="1,1,0,2,3,60" ten="220,260,260,260" oya="1" hai0="78,35,97,51,16,39,37,62,104,27,79,122,127" hai1="84,47,107,100,21,58,46,65,116,95,110,109,92" hai2="72,31,55,61,5,24,132,73,94,33,25,99,71" hai3="133,59,1,56,49,119,93,106,11,115,34,96,36"/><U64/><E107/><V4/><F132/><W43/><G115/><T111/><D111/><N who="1" m="42507" /><E116/><V20/><F72/><W17/><G106/><T88/><D127/><U19/><E58/><V0/><F73/><W50/><G34/><T26/><D122/><U9/><E9/><V48/><F0/><W38/><G133/><T89/><D51/><U77/><E77/><V53/><F53/><W57/><G119/><T41/><D41/><U130/><E130/><V128/><F128/><W121/><G121/><T76/><D62/><U90/><E92/><V68/><F68/><W10/><G1/><T81/><D81/><U98/><E100/><V18/><F71/><W2/><G2/><T134/><D134/><U135/><E98/><V29/><F29/><W22/><G43/><T117/><D104/><U87/><E87/><V66/><F61/><W86/><G86/><T113/><D97/><U12/><E135/><V85/><F85/><W42/><G93/><T32/><D78/><U23/><E23/><V108/><F108/><W75/><G96/><T129/><D129/><U112/><E112/><V44/><REACH who="2" step="1"/><F66/><AGARI ba="1,0" hai="12,19,21,46,47,64,65,66,84,90,95" m="42507" machi="66" ten="30,12000,1" yaku="14,1,10,1,52,3" doraHai="60" who="1" fromWho="2" sc="220,0,260,123,260,-123,260,0" /><INIT seed="1,2,0,5,4,83" ten="220,383,137,260" oya="1" hai0="71,47,30,129,99,27,82,80,1,96,68,19,36" hai1="14,53,60,67,11,77,114,9,37,65,64,70,75" hai2="132,52,35,22,41,111,39,32,118,126,88,45,48" hai3="16,120,101,124,81,76,44,28,107,91,73,84,108"/><U4/><E114/><V106/><F106/><W33/><G120/><T7/><D19/><U12/><E37/><V87/><F118/><W135/><G108/><T97/><D129/><U116/><E116/><V63/><F111/><W56/><G135/><T85/><D80/><U103/><E75/><V6/><F132/><W59/><G124/><T21/><D7/><U8/><E77/><V105/><F105/><W29/><G44/><T115/><D1/><U128/><E103/><V50/><F126/><W109/><G109/><T93/><D93/><U46/><E128/><V98/><F98/><W20/><G33/><T90/><REACH who="0" step="1"/><D115/><REACH who="0" ten="210,383,137,260" step="2"/><U95/><E95/><V54/><F6/><W100/><G107/><T119/><D119/><U51/><E11/><V110/><F110/><W123/><G123/><T78/><D78/><U58/><E70/><V127/><F127/><W10/><G76/><T133/><D133/><U134/><E134/><V89/><F63/><W130/><G10/><T104/><D104/><U72/><E72/><V117/><F117/><W62/><G130/><T31/><D31/><N who="3" m="11849" /><G73/><T3/><D3/><U17/><AGARI ba="2,1" hai="4,8,9,12,14,17,46,51,53,58,60,64,65,67" machi="17" ten="20,3900,0" yaku="0,1,7,1,8,1" doraHai="83" who="1" fromWho="1" sc="210,-15,383,55,137,-15,260,-15" /><INIT seed="1,3,0,3,1,83" ten="195,438,122,245" oya="1" hai0="99,92,8,79,48,93,121,0,119,86,12,117,58" hai1="45,15,7,64,56,107,33,20,109,21,103,101,127" hai2="123,52,108,128,130,27,37,40,49,129,63,41,111" hai3="114,98,43,10,59,96,89,65,72,131,113,29,82"/><U100/><E33/><V133/><F27/><W71/><G71/><T30/><D0/><U28/><E107/><V95/><F95/><W102/><G29/><T60/><D121/><U57/><E127/><V26/><F26/><W31/><G31/><T132/><D132/><U61/><E109/><N who="2" m="42059" /><F123/><W110/><G110/><T2/><D2/><U81/><E45/><N who="2" m="27695" /><F133/><W23/><G23/><T39/><D48/><U24/><E81/><V97/><F97/><W36/><G10/><T74/><D74/><U18/><REACH who="1" step="1"/><E7/><REACH who="1" ten="195,428,122,245" step="2"/><V62/><F40/><W66/><G82/><T70/><D93/><U122/><E122/><V69/><F69/><AGARI ba="3,1" hai="15,18,20,21,24,28,56,57,61,64,69,100,101,103" machi="69" ten="40,2000,0" yaku="1,1,53,0" doraHai="83" doraHaiUra="5" who="1" fromWho="2" sc="195,0,428,39,122,-29,245,0" /><INIT seed="1,4,0,0,4,49" ten="195,467,93,245" oya="1" hai0="100,79,36,69,21,60,135,82,85,12,57,116,113" hai1="125,108,104,114,13,94,111,34,47,20,56,120,84" hai2="25,117,38,123,6,93,30,70,50,10,8,44,74" hai3="59,97,62,130,1,86,9,118,91,35,68,122,77"/><U90/><E114/><V37/><F74/><W27/><G122/><T54/><D113/><U53/><E120/><V18/><F70/><W121/><G121/><T102/><D116/><U17/><E104/><V87/><F123/><W40/><G68/><T78/><D135/><U83/><E20/><V52/><F117/><W88/><G118/><T132/><D132/><U66/><E34/><V0/><F18/><W14/><G130/><T41/><D69/><U92/><E66/><V11/><F38/><W73/><G1/><T115/><D115/><U3/><E3/><V129/><F129/><W48/><G97/><T4/><D79/><U119/><E125/><V99/><F87/><W127/><G73/><T81/><D81/><U64/><E64/><V5/><F37/><W89/><G77/><T23/><D41/><U75/><E47/><V55/><F55/><N who="3" m="34175" /><G35/><T110/><D110/><N who="1" m="42027" /><E119/><V98/><F0/><W80/><G27/><T124/><D124/><U63/><E75/><V45/><F45/><N who="3" m="25639" /><G127/><T58/><D58/><U103/><E103/><N who="0" m="39465" /><D36/><U133/><E133/><V65/><F65/><W46/><G46/><T39/><D39/><U51/><E51/><V128/><F128/><W76/><G91/><T16/><D23/><U19/><E13/><V29/><F99/><W134/><G134/><T31/><D31/><N who="2" m="11786" /><F25/><W112/><G112/><T72/><D72/><U2/><E2/><V67/><F67/><W101/><G101/><AGARI ba="4,0" hai="5,6,8,10,11,44,50,52,93,98,101" m="11786" machi="101" ten="30,3900,0" yaku="8,1,52,1,54,1" doraHai="49" who="2" fromWho="3" sc="195,0,467,0,93,51,245,-51" /><INIT seed="2,0,0,0,2,81" ten="195,467,144,194" oya="2" hai0="70,104,49,92,9,24,78,134,112,44,48,99,59" hai1="94,74,28,53,18,66,114,31,72,115,40,75,55" hai2="95,32,5,47,133,10,68,125,135,62,69,122,64" hai3="96,16,102,2,120,101,123,107,58,4,82,84,11"/><V41/><F32/><W117/><G117/><T128/><D70/><N who="2" m="27242" /><F95/><W73/><G73/><T91/><D112/><N who="1" m="43051" /><E94/><V25/><F25/><W100/><G58/><T63/><D128/><U97/><E18/><V83/><F83/><W108/><G108/><T85/><D134/><N who="2" m="51210" /><F10/><W26/><G26/><T19/><D104/><U61/><E28/><V15/><F15/><W86/><G16/><T30/><D78/><U12/><E31/><V39/><F5/><W23/><G23/><N who="0" m="15647" /><D44/><U126/><E72/><V93/><F93/><W13/><G2/><T35/><D35/><U113/><E74/><V50/><F122/><W0/><G0/><T51/><D19/><U77/><E75/><V17/><F17/><W88/><REACH who="3" step="1"/><G86/><REACH who="3" ten="195,467,144,184" step="2"/><T37/><D9/><U60/><E113/><V21/><F21/><W76/><G76/><T1/><D1/><U7/><E77/><V118/><F118/><W36/><G36/><T38/><D37/><U14/><E12/><V45/><F125/><W116/><G116/><T121/><D121/><AGARI ba="0,1" hai="4,11,13,82,84,88,96,100,101,102,107,120,121,123" machi="121" ten="40,5200,0" yaku="1,1,52,1,54,1,53,0" doraHai="81" doraHaiUra="110" who="3" fromWho="0" sc="195,-52,467,0,144,0,184,62" /><INIT seed="3,0,0,4,1,56" ten="143,467,144,246" oya="3" hai0="12,83,65,119,40,58,118,69,101,96,93,82,1" hai1="6,80,110,111,38,95,131,49,50,116,3,42,78" hai2="76,121,63,31,128,67,53,81,90,44,94,23,22" hai3="18,74,71,135,134,92,108,84,88,106,98,35,15"/><W26/><G74/><T103/><D1/><U107/><E107/><V99/><F128/><W59/><G71/><T112/><D69/><U0/><E95/><V72/><F121/><W85/><G108/><N who="1" m="41514" /><E116/><V130/><F130/><W37/><G37/><T48/><D112/><U126/><E126/><V86/><F31/><W64/><G26/><T43/><D118/><U79/><E79/><V55/><F72/><W105/><G35/><T87/><D119/><U114/><E114/><V51/><F55/><W10/><G106/><T102/><D12/><U54/><E54/><V68/><AGARI ba="0,0" hai="22,23,44,51,53,63,67,68,76,81,86,90,94,99" machi="68" ten="20,2700,0" yaku="0,1,7,1,52,1" doraHai="56" who="2" fromWho="2" sc="143,-7,467,-7,144,27,246,-13" owari="136,-36.4,460,56.0,171,-22.9,233,3.3" /></mjloggm>