<mjloggm ver="2.3"><GO type="225" lobby="0"/><UN n0="%E6%A1%9C%E8%8A%B1%E9%96%83%E3%80%85" n1="%E5%91%A8%E6%9D%B1" n2="%E9%BB%99%E8%81%B4%E3%81%AE%E3%81%99%E3%82%9D%E3%82%81" n3="%E3%83%96%E3%83%83%E3%83%91%E3%82%AA%E3%83%96%E3%83%81%E3%82%AD%E3%83%B3" dan="16,17,16,16" rate="2119.49,2137.85,2107.77,2120.25" sx="M,M,M,M"/><TAIKYOKU oya="0"/><INIT seed="0,0,0,3,5,17" ten="250,250,250,250" oya="0" hai0="114,135,107,19,88,124,98,20,40,8,38,53,41" hai1="82,5,68,18,67,103,73,26,86,3,54,120,111" hai2="15,60,71,133,55,85,128,116,64,12,45,90,126" hai3="21,59,101,113,109,33,115,63,93,39,94,80,123"/><T95/><D114/><U112/><E112/><V81/><F128/><W27/><G109/><T72/><D124/><U119/><E120/><V25/><F126/><W7/><G123/><T58/><D135/><U89/><E111/><V31/><F133/><W83/><G39/><T9/><D72/><U24/><E119/><V96/><F116/><W0/><G33/><T43/><D107/><U2/><E103/><V28/><F28/><N who="3" m="17519" /><G0/><T22/><D38/><U1/><E5/><V11/><F11/><N who="0" m="4170" /><D19/><U74/><E54/><V51/><REACH who="2" step="1"/><F96/><REACH who="2" ten="250,250,240,250" step="2"/><W117/><G117/><T106/><D106/><U104/><E104/><V44/><F44/><W78/><G115/><T37/><D37/><U65/><E2/><V13/><F13/><W127/><G113/><T87/><D98/><U52/><E3/><V77/><F77/><W130/><G78/><T42/><D42/><U118/><E1/><V132/><F132/><W32/><G127/><T4/><D4/><U49/><E118/><V69/><F69/><W57/><G7/><T56/><D56/><U110/><E110/><V99/><F99/><W50/><G59/><T61/><AGARI ba="0,1" hai="20,22,40,41,43,53,58,61,87,88,95" m="4170" machi="61" ten="30,11700,0" yaku="8,1,52,2,54,1" doraHai="17" who="0" fromWho="0" sc="250,127,250,-39,240,-39,250,-39" /><INIT seed="0,1,0,4,0,58" ten="377,211,201,211" oya="0" hai0="83,70,82,16,104,108,53,67,8,50,46,22,4" hai1="119,27,97,116,39,28,55,101,21,48,134,80,11" hai2="124,76,109,77,118,98,47,75,91,30,59,103,114" hai3="131,79,105,94,64,42,10,60,6,23,51,17,90"/><T61/><D104/><U20/><E39/><V87/><F114/><W68/><G105/><T56/><D108/><U88/><E134/><V26/><F109/><W81/><G131/><T44/><D44/><U40/><E40/><V49/><F124/><W122/><G122/><T5/><D70/><U107/><E11/><V112/><F75/><W19/><G42/><T133/><D133/><U3/><E21/><V62/><F118/><W29/><G51/><T15/><REACH who="0" step="1"/><D4/><REACH who="0" ten="367,211,201,211" step="2"/><U96/><E119/><V57/><F112/><W132/><G132/><T65/><D65/><U2/><E116/><V100/><F59/><W9/><G6/><T45/><D45/><U110/><E110/><V33/><F47/><W92/><G64/><T86/><D86/><U106/><E106/><V63/><F87/><W117/><G117/><T71/><D71/><U128/><E128/><V125/><F57/><W85/><G68/><T102/><D102/><U32/><E107/><V121/><F103/><W72/><G85/><T93/><D93/><U113/><E113/><V13/><F100/><W127/><G94/><T130/><D130/><U78/><E101/><V38/><F121/><W95/><G95/><T52/><D52/><U35/><E55/><V43/><F43/><W0/><G92/><T129/><D129/><U1/><E97/><V74/><F98/><W12/><G127/><T54/><D54/><U126/><E126/><V120/><F125/><W99/><G99/><T31/><D31/><U18/><E96/><V111/><F111/><W14/><G29/><T25/><AGARI ba="1,1" hai="5,8,15,16,22,25,46,50,53,56,61,67,82,83" machi="25" ten="20,18000,2" yaku="1,1,0,1,7,1,8,1,52,1,54,1,53,0" doraHai="58" doraHaiUra="36" who="0" fromWho="0" sc="367,193,211,-61,201,-61,211,-61" /><INIT seed="0,2,0,5,5,3" ten="560,150,140,150" oya="0" hai0="57,81,25,6,117,10,29,42,126,59,60,63,110" hai1="5,53,24,64,129,92,113,22,61,51,106,52,35" hai2="111,96,89,44,31,88,75,116,105,112,9,79,84" hai3="14,123,50,83,127,11,30,23,78,2,87,71,62"/><T122/><D117/><U4/><E106/><V108/><F31/><W95/><G127/><T65/><D122/><U45/><E129/><V85/><F44/><W46/><G123/><T107/><D126/><U55/><E35/><V18/><F18/><W119/><G119/><T69/><D107/><U20/><E113/><V39/><F9/><W70/><G62/><T94/><D110/><N who="2" m="42026" /><F39/><W121/><G121/><T82/><D94/><U58/><E92/><N who="2" m="56327" /><F112/><W68/><G95/><T97/><D97/><U67/><E67/><V27/><F27/><W74/><G2/><T17/><D17/><N who="1" m="12303" /><E22/><V41/><F41/><AGARI ba="2,0" hai="4,5,41,45,51,52,53,55,58,61,64" m="12303" machi="41" ten="30,7700,0" yaku="8,1,52,2,54,1" doraHai="3" who="1" fromWho="2" sc="560,0,150,83,140,-83,150,0" /><INIT seed="1,0,0,0,2,118" ten="560,233,57,150" oya="1" hai0="33,66,53,122,43,84,114,76,61,9,0,112,25" hai1="23,73,79,91,68,133,115,32,2,113,124,56,39" hai2="12,108,63,83,123,90,31,120,8,10,42,13,110" hai3="52,80,22,135,4,86,121,111,92,5,60,93,16"/><U105/><RYUUKYOKU type="yao9" ba="0,0" sc="560,0,233,0,57,0,150,0" hai1="2,23,32,39,56,68,73,79,91,105,113,115,124,133" /><INIT seed="1,1,0,3,1,94" ten="560,233,57,150" oya="1" hai0="113,22,106,110,31,65,115,8,71,87,95,61,60" hai1="86,33,79,97,128,83,134,131,130,124,5,76,25" hai2="21,132,70,92,101,39,114,47,19,3,93,38,27" hai3="116,66,26,51,98,57,119,7,112,102,15,75,73"/><U69/><E69/><V9/><F70/><W59/><G112/><T109/><D106/><U43/><E43/><V54/><F132/><W129/><G129/><T72/><D72/><U90/><E5/><V111/><F111/><N who="0" m="42506" /><D61/><U20/><E134/><V127/><F127/><W88/><G26/><N who="0" m="16855" /><D8/><U81/><E33/><V133/><F133/><W45/><G88/><AGARI ba="1,0" hai="60,65,71,87,88,95,113,115" m="16855,42506" machi="88" ten="30,2000,0" yaku="14,1,54,1" doraHai="94" who="0" fromWho="3" sc="560,23,233,0,57,0,150,-23" /><INIT seed="2,0,0,5,2,85" ten="583,233,57,127" oya="2" hai0="64,100,115,52,67,127,121,11,8,77,7,96,47" hai1="50,123,109,120,0,75,117,97,65,21,89,1,36" hai2="22,14,116,79,114,69,70,51,111,103,18,122,130" hai3="10,28,113,53,19,124,131,72,46,49,101,2,107"/><V38/><F38/><W56/><G72/><T81/><D115/><U63/><E36/><V133/><F114/><W112/><G124/><T83/><D121/><U119/><E75/><V104/><F116/><W82/><G131/><T55/><D127/><U35/><E35/><V62/><F122/><N who="1" m="46633" /><E50/><V88/><F130/><W44/><G28/><T27/><D27/><U87/><E97/><V92/><F133/><W15/><G2/><N who="1" m="1130" /><E21/><V34/><F34/><W78/><G113/><T102/><D67/><U12/><E12/><V61/><F111/><W128/><G112/><T43/><D7/><U32/><E32/><V91/><F79/><W94/><G128/><T73/><D81/><N who="1" m="49391" /><E109/><V74/><F74/><W5/><G107/><T95/><D64/><U25/><E25/><V29/><F104/><W126/><G126/><T3/><D100/><U80/><E80/><V54/><F70/><AGARI ba="0,0" hai="63,65,70,117,119" m="49391,1130,46633" machi="70" ten="30,2000,0" yaku="13,1,52,1" doraHai="85" who="1" fromWho="2" sc="583,0,233,20,57,-20,127,0" /><INIT seed="3,0,0,2,4,79" ten="583,253,37,127" oya="3" hai0="32,10,36,33,132,57,44,89,93,77,28,105,113" hai1="64,41,118,101,84,95,59,21,67,112,20,63,8" hai2="98,109,115,74,35,107,82,18,130,134,86,16,24" hai3="55,68,0,99,45,116,72,127,114,73,5,126,70"/><W47/><G114/><T135/><D105/><U37/><E112/><V34/><F115/><W42/><G99/><T25/><D77/><U90/><E118/><V129/><F109/><W15/><G15/><T2/><D57/><U120/><E120/><V123/><F74/><N who="3" m="28779" /><G55/><T81/><D93/><U103/><E37/><V128/><F134/><W29/><G29/><T100/><D100/><N who="1" m="38475" /><E41/><V39/><F39/><W6/><G116/><T23/><D23/><N who="1" m="8779" /><E8/><V60/><F123/><W121/><G0/><T49/><D49/><U78/><E78/><V58/><F98/><W9/><G9/><T125/><D10/><U27/><E27/><V14/><F107/><W7/><G42/><T1/><D1/><U104/><E104/><V65/><F14/><W13/><G13/><T122/><D2/><U80/><E95/><V110/><F110/><W87/><G87/><T75/><D75/><U119/><E119/><V40/><F40/><W56/><G56/><T22/><D113/><U19/><E19/><V61/><F61/><W97/><G97/><T66/><D28/><U83/><E67/><V96/><F96/><W3/><G3/><T62/><D66/><U17/><E17/><V26/><F26/><W133/><G133/><T92/><D25/><U38/><E38/><V4/><F4/><W54/><G54/><T85/><D36/><U31/><E31/><V46/><F46/><N who="3" m="17419" /><G121/><T117/><D122/><U102/><E102/><V76/><F24/><W111/><G111/><T88/><D132/><U52/><E64/><V94/><F94/><W108/><G5/><T91/><D135/><RYUUKYOKU ba="0,0" sc="583,-15,253,15,37,15,127,-15" hai1="52,59,63,80,83,84,90" hai2="16,18,34,35,58,60,65,76,82,86,128,129,130" owari="568,66.8,268,6.8,52,-44.8,112,-28.8" /></mjloggm>