<mjloggm ver="2.3"><GO type="225" lobby="0"/><UN n0="%E6%B8%A9%E2%98%85%E6%83%85%E2%98%85%E6%8E%AA%E2%98%85%E7%BD%AE" n1="%72%69%6F%75%63%68%61%6E" n2="%E4%BF%BA%E3%81%A8%E5%A6%96%E5%A4%A2" n3="%E3%81%8B%E3%82%8F%E3%81%A1%E3%82%83%E3%82%93%35%38" dan="17,16,16,16" rate="2228.35,2099.71,2202.41,2175.78" sx="M,M,F,M"/><TAIKYOKU oya="0"/><INIT seed="0,0,0,1,3,43" ten="250,250,250,250" oya="0" hai0="101,82,13,106,27,78,69,77,53,11,81,126,134" hai1="83,20,80,4,62,39,49,65,70,128,63,7,29" hai2="46,102,51,107,76,98,72,74,48,12,108,16,14" hai3="55,8,35,110,25,22,5,97,132,52,57,86,36"/><T100/><D69/><U94/><E128/><V120/><F120/><W113/><G113/><T114/><D114/><U133/><E133/><V38/><F108/><W125/><G110/><T3/><D3/><U109/><E109/><V56/><F76/><N who="0" m="29290" /><D106/><U58/><E39/><V105/><F107/><W9/><G132/><T44/><D134/><U88/><E49/><V47/><F14/><W60/><G125/><T95/><D27/><U67/><E20/><V17/><F56/><W0/><G35/><T104/><D104/><U24/><E4/><V61/><F61/><W87/><G36/><T73/><D73/><U103/><E7/><V41/><F38/><W2/><G9/><T28/><D28/><U32/><REACH who="1" step="1"/><E103/><REACH who="1" ten="250,240,250,250" step="2"/><V40/><F17/><W68/><G0/><T54/><D101/><U1/><E1/><V6/><F6/><W42/><G2/><T96/><D126/><U37/><E37/><V71/><F71/><W115/><G68/><T59/><D11/><AGARI ba="0,1" hai="11,12,16,40,41,46,47,48,51,72,74,98,102,105" machi="11" ten="30,8000,1" yaku="7,1,9,1,52,2,54,1" doraHai="43" who="2" fromWho="0" sc="250,-80,240,0,250,90,250,0" /><INIT seed="1,0,0,0,0,53" ten="170,240,340,250" oya="1" hai0="32,63,35,13,33,84,113,112,72,115,60,118,5" hai1="50,105,120,88,6,17,22,44,59,9,45,58,2" hai2="31,65,101,79,122,108,133,25,87,43,100,135,83" hai3="26,15,66,89,124,123,116,90,102,62,42,71,131"/><U95/><E120/><V18/><F122/><W78/><G123/><T12/><D72/><U125/><E105/><V41/><F108/><W55/><G124/><T38/><D38/><U30/><E30/><V92/><F18/><W21/><G131/><T39/><D39/><U119/><E119/><V132/><F65/><W34/><G116/><T91/><D118/><U19/><E125/><V24/><F92/><W104/><G42/><N who="2" m="15881" /><F25/><W69/><G78/><T64/><D5/><U128/><E128/><V107/><F107/><W14/><G71/><T126/><D126/><U23/><E19/><V52/><F52/><W20/><G55/><T103/><D103/><U70/><E70/><V48/><F48/><W82/><G21/><AGARI ba="0,0" hai="21,24,31,79,83,87,100,101,132,133,135" m="15881" machi="21" ten="30,1000,0" yaku="20,1" doraHai="53" who="2" fromWho="3" sc="170,0,240,0,340,10,250,-10" /><INIT seed="2,0,0,1,4,120" ten="170,240,350,240" oya="2" hai0="94,3,87,19,80,58,119,47,44,92,14,86,2" hai1="113,26,66,82,75,68,127,57,48,102,13,21,117" hai2="62,78,114,124,74,71,84,63,15,123,91,96,115" hai3="73,90,111,134,98,49,128,55,112,8,30,5,42"/><V20/><F123/><W16/><G73/><T50/><D119/><U32/><E113/><V46/><F124/><W64/><G30/><T17/><D58/><U29/><E117/><V25/><F96/><W101/><G64/><T6/><D6/><U135/><E127/><V28/><F63/><W7/><G112/><T85/><D80/><U72/><E135/><V51/><F78/><W23/><G134/><T34/><D34/><U110/><E110/><V108/><F74/><W107/><G128/><T116/><D116/><U12/><E102/><V70/><F108/><W36/><G111/><T9/><D47/><U38/><E38/><V97/><F97/><W103/><G103/><T125/><D125/><U0/><E0/><V93/><F71/><W104/><G104/><T56/><D56/><U132/><E132/><V118/><F118/><W18/><G42/><T27/><D2/><U126/><E126/><V77/><F77/><W22/><G36/><T99/><D3/><U40/><E32/><V35/><F62/><W69/><G90/><T54/><REACH who="0" step="1"/><D99/><REACH who="0" ten="160,240,350,240" step="2"/><U130/><E57/><V88/><F70/><W59/><G69/><T106/><D106/><U60/><E82/><V105/><F105/><W24/><REACH who="3" step="1"/><G8/><REACH who="3" ten="160,240,350,230" step="2"/><T4/><D4/><U89/><E68/><V76/><F115/><W33/><G33/><T43/><D43/><U100/><E40/><V81/><F114/><W45/><G45/><T39/><D39/><U67/><E67/><V121/><F121/><W65/><G65/><T83/><D83/><U53/><E66/><V129/><F35/><W61/><G61/><RYUUKYOKU ba="0,2" sc="160,15,240,-15,350,-15,230,15" hai0="9,14,17,19,27,44,50,54,85,86,87,92,94" hai3="5,7,16,18,22,23,24,49,55,59,98,101,107" /><INIT seed="3,1,2,5,2,84" ten="175,225,335,245" oya="3" hai0="17,95,73,35,108,100,111,51,99,105,7,59,106" hai1="104,72,4,58,89,42,26,69,114,134,126,115,92" hai2="88,38,65,37,25,54,45,80,102,16,76,9,86" hai3="128,118,103,6,8,48,96,119,62,66,79,34,57"/><W110/><G34/><T31/><D7/><U47/><E69/><V124/><F124/><W23/><G128/><T71/><D71/><U24/><E104/><V77/><F65/><W43/><G110/><N who="0" m="42027" /><D73/><U130/><E134/><V56/><F102/><W10/><G79/><T15/><D31/><U132/><E132/><V74/><F76/><W1/><G8/><N who="0" m="6375" /><D35/><U36/><E72/><V2/><F2/><W18/><G48/><T127/><D127/><U64/><E126/><V52/><F45/><W125/><G43/><T133/><D133/><U33/><E130/><V120/><F54/><W60/><G60/><T49/><D59/><U44/><E44/><V78/><F78/><W0/><G0/><T63/><D63/><U50/><E4/><V93/><F120/><W41/><G41/><T83/><D83/><U39/><E33/><V20/><F9/><W5/><G5/><T97/><D106/><U28/><E28/><V122/><F122/><W85/><G125/><T129/><D129/><U94/><E36/><V117/><F117/><W82/><G119/><T135/><D135/><U29/><E39/><V55/><F55/><W107/><G118/><T12/><D12/><U123/><E123/><V112/><F112/><W109/><G109/><T13/><D13/><U90/><E29/><V19/><F19/><W121/><G121/><T87/><D87/><N who="1" m="52287" /><E115/><V91/><F38/><W3/><G3/><T40/><D40/><U11/><E114/><V75/><F37/><W98/><G107/><T101/><D105/><U68/><E68/><V67/><F75/><W30/><G1/><RYUUKYOKU ba="1,2" sc="175,30,225,-10,335,-10,245,-10" hai0="49,51,95,97,99,100,101" owari="205,-29.5,215,-18.5,345,44.5,235,3.5" /></mjloggm>