<mjloggm ver="2.3"><GO type="225" lobby="0"/><UN n0="%E3%82%A2%E3%82%B8%E3%83%BC%E3%83%B3" n1="%E3%81%A4%E3%81%A3%E3%81%B1%E3%82%8A%E3%83%9D%E3%83%BC%E3%83%AB" n2="%E6%97%A5%E6%9B%9C%E6%97%A5%E3%82%88%E3%82%8A%E3%81%AE%E4%BD%BF%E8%80%85" n3="%E9%80%86%E9%80%A3%E5%B8%AF%E3%81%AE%E9%AC%BC" dan="16,17,17,16" rate="2120.71,2238.15,2187.39,2083.60" sx="M,M,M,M"/><TAIKYOKU oya="0"/><INIT seed="0,0,0,5,0,30" ten="250,250,250,250" oya="0" hai0="35,17,110,7,1,64,90,33,106,70,61,52,40" hai1="55,32,73,94,58,50,78,100,2,27,80,82,4" hai2="67,87,71,36,122,104,118,23,41,24,57,48,13" hai3="89,124,109,69,96,119,20,34,39,128,60,111,133"/><T131/><D106/><U108/><E108/><V19/><F122/><W116/><G39/><T45/><D110/><U130/><E130/><V135/><F104/><W95/><G128/><T46/><D131/><U132/><E132/><V11/><F135/><W66/><G133/><T22/><D7/><U31/><E82/><V12/><F118/><W103/><G124/><T126/><D1/><U18/><E18/><V10/><F71/><W6/><G111/><T56/><D90/><U107/><E107/><V0/><F0/><W117/><G109/><T29/><D29/><U105/><E105/><V54/><F67/><W68/><G68/><T97/><D97/><U49/><E94/><V93/><F41/><W65/><G65/><T129/><D129/><U76/><E76/><V15/><REACH who="2" step="1"/><F36/><REACH who="2" ten="250,250,240,250" step="2"/><W44/><G119/><T28/><D126/><U51/><REACH who="1" step="1"/><E100/><REACH who="1" ten="250,240,240,250" step="2"/><V72/><F72/><W86/><G117/><T98/><D70/><U113/><E113/><V74/><F74/><W8/><G116/><T38/><D38/><U120/><E120/><V84/><F84/><W47/><G86/><T25/><D98/><U3/><E3/><V79/><F79/><W43/><G103/><T112/><D112/><U83/><E83/><V5/><F5/><W59/><G96/><T85/><D85/><U16/><E16/><V81/><F81/><W77/><G6/><T121/><D17/><U92/><E92/><V125/><F125/><W88/><G95/><T101/><D121/><U127/><E127/><V115/><F115/><W102/><G77/><T91/><D101/><U62/><E62/><RYUUKYOKU ba="0,2" sc="250,-15,240,15,240,15,250,-15" hai1="2,4,27,31,32,49,50,51,55,58,73,78,80" hai2="10,11,12,13,15,19,23,24,48,54,57,87,93" /><INIT seed="1,1,2,0,3,85" ten="235,255,255,235" oya="1" hai0="135,91,87,79,4,77,46,84,99,106,109,94,5" hai1="126,43,10,132,125,122,100,74,13,33,66,51,102" hai2="31,133,89,50,41,57,108,112,34,104,32,129,98" hai3="9,70,114,69,75,101,76,17,37,55,54,42,96"/><U64/><E74/><V0/><F0/><W90/><G114/><T61/><D109/><U80/><E33/><V56/><F104/><W28/><G28/><T12/><D135/><U93/><E122/><V20/><F34/><W71/><G90/><T21/><D61/><U29/><E29/><V11/><F32/><W60/><G60/><T40/><D106/><U44/><E80/><V52/><F41/><W18/><G42/><T30/><D84/><U92/><E132/><V62/><F133/><W8/><G37/><T97/><D97/><N who="1" m="59431" /><E126/><V116/><F116/><W53/><G76/><T86/><D86/><U128/><E128/><V88/><F108/><W24/><G75/><T107/><D107/><U47/><E47/><V111/><F111/><W118/><G118/><T38/><D79/><U15/><E15/><V103/><F11/><W39/><G39/><T131/><D131/><U6/><E125/><V14/><F129/><W72/><G72/><T35/><D35/><U105/><E105/><V26/><F14/><W113/><G113/><T117/><D117/><U23/><E23/><V3/><F3/><W67/><G24/><T115/><D115/><U27/><E27/><V16/><F31/><W127/><G127/><T2/><D2/><U83/><E83/><V134/><F134/><W45/><G45/><T25/><D12/><U7/><E7/><V82/><F82/><W124/><G124/><T81/><AGARI ba="1,2" hai="4,5,21,25,30,38,40,46,77,81,87,91,94,99" machi="81" ten="30,2000,0" yaku="0,1,52,1" doraHai="85" who="0" fromWho="0" sc="235,43,255,-11,255,-6,235,-6" /><INIT seed="2,0,0,3,3,130" ten="278,244,249,229" oya="2" hai0="122,24,131,66,40,13,98,71,67,54,100,134,52" hai1="117,47,27,111,99,16,63,49,14,4,61,44,133" hai2="73,62,123,115,90,109,76,95,37,103,17,135,91" hai3="5,114,21,10,121,92,57,20,25,128,79,97,28"/><V9/><F37/><W87/><G128/><T30/><D131/><U120/><E117/><V124/><F123/><W36/><G114/><T23/><D122/><U82/><E120/><V118/><F118/><W93/><G36/><T110/><D110/><U55/><E111/><V38/><F38/><W3/><G121/><T42/><D134/><U127/><E133/><V94/><F109/><W81/><G57/><T31/><D13/><U80/><E127/><V89/><F135/><W53/><G53/><N who="0" m="20587" /><D31/><U119/><E119/><V11/><F124/><W41/><G41/><N who="0" m="15979" /><D71/><U72/><E72/><V75/><F115/><W34/><REACH who="3" step="1"/><G93/><AGARI ba="0,0" hai="23,24,30,66,67,93,98,100" m="15979,20587" machi="93" ten="30,2000,0" yaku="8,1,54,1" doraHai="130" who="0" fromWho="3" sc="278,20,244,0,249,0,229,-20" /><INIT seed="3,0,0,0,3,118" ten="298,244,249,209" oya="3" hai0="112,68,34,1,23,90,15,91,120,14,12,74,8" hai1="47,39,53,92,21,104,3,135,37,65,59,48,115" hai2="46,30,52,32,62,130,50,33,4,86,64,124,79" hai3="88,72,28,87,110,96,122,71,22,83,76,109,58"/><W131/><G71/><T97/><D120/><U11/><E104/><V127/><F4/><W27/><G122/><T51/><D68/><U102/><E3/><V25/><F33/><W78/><G131/><T36/><D34/><U114/><E11/><V9/><F9/><W108/><G96/><T67/><D36/><N who="1" m="13899" /><E92/><V134/><F130/><W99/><G99/><T126/><D74/><U7/><E21/><V77/><F134/><W103/><G103/><T43/><D1/><U0/><E7/><V133/><F133/><W44/><G44/><N who="0" m="26015" /><D112/><N who="1" m="43051" /><E0/><V6/><F6/><W17/><G58/><T113/><D113/><U45/><E102/><V128/><F128/><W49/><G49/><T61/><D126/><N who="2" m="48170" /><F86/><N who="3" m="50271" /><G28/><T129/><D129/><U40/><E135/><V94/><F94/><W119/><G119/><T19/><D97/><U73/><E73/><V70/><AGARI ba="0,0" hai="25,30,32,46,50,52,62,64,70,77,79" m="48170" machi="70" ten="30,2000,0" yaku="18,1,54,1" doraHai="118" who="2" fromWho="2" sc="298,-5,244,-5,249,20,209,-10" /><INIT seed="4,0,0,3,4,57" ten="293,239,269,199" oya="0" hai0="118,24,1,132,78,62,124,93,66,60,77,64,134" hai1="30,45,68,135,91,5,41,115,104,112,113,76,102" hai2="11,83,38,7,8,55,4,106,92,32,101,89,59" hai3="98,81,65,19,108,88,114,31,110,131,86,28,123"/><T35/><D1/><U99/><E68/><V0/><F38/><W50/><G123/><T42/><D42/><U67/><E67/><N who="0" m="25641" /><D118/><U97/><E5/><V95/><F32/><W10/><G131/><T107/><D107/><U18/><E30/><V94/><F106/><W44/><G114/><T52/><D52/><U9/><E76/><N who="0" m="29289" /><D124/><U12/><E135/><N who="0" m="51753" /><D93/><N who="1" m="56511" /><E41/><V6/><F101/><W21/><G110/><T127/><D127/><U39/><E45/><V125/><F125/><W49/><G108/><T36/><D36/><AGARI ba="0,0" hai="9,12,18,36,39,99,102,104,112,113,115" m="56511" machi="36" ten="30,2000,0" yaku="15,1,11,1" doraHai="57" who="1" fromWho="0" sc="293,-20,239,20,269,0,199,0" /><INIT seed="5,0,0,5,0,2" ten="273,259,269,199" oya="1" hai0="57,81,114,53,95,6,110,48,109,26,97,7,133" hai1="127,117,25,87,100,93,89,13,54,111,98,112,51" hai2="104,32,80,78,35,113,64,68,60,73,67,107,39" hai3="31,40,16,8,47,69,62,116,122,71,22,70,5"/><U49/><E117/><V102/><F113/><W77/><G116/><T50/><D114/><U128/><E112/><V76/><F39/><W72/><G122/><T82/><D133/><U91/><E128/><V21/><F21/><W94/><G31/><T135/><D135/><U43/><E127/><V66/><F66/><W23/><G94/><T126/><D126/><U131/><E131/><V28/><F78/><W63/><G77/><T125/><D125/><U106/><E111/><V33/><F67/><W42/><G72/><T118/><D118/><U3/><E3/><V11/><F11/><W115/><G115/><T14/><D14/><U129/><E129/><V24/><F107/><W74/><G74/><T41/><D26/><U29/><E43/><V36/><F36/><W1/><G23/><T44/><D110/><U103/><E103/><V108/><F108/><W121/><G121/><T0/><D0/><U99/><E54/><V17/><F17/><W20/><G20/><T92/><D92/><U83/><REACH who="1" step="1"/><E13/><REACH who="1" ten="273,249,269,199" step="2"/><V85/><F85/><W119/><G119/><T9/><D109/><U124/><E124/><V12/><F12/><W84/><G84/><T105/><D53/><U34/><AGARI ba="0,1" hai="25,29,34,49,51,83,87,89,91,93,98,99,100,106" machi="34" ten="20,3900,0" yaku="1,1,0,1,7,1,53,0" doraHai="2" doraHaiUra="58" who="1" fromWho="1" sc="273,-13,249,49,269,-13,199,-13" /><INIT seed="5,1,0,5,0,101" ten="260,298,256,186" oya="1" hai0="42,19,63,100,82,86,23,87,111,27,20,65,16" hai1="131,118,132,47,64,115,74,26,59,57,58,105,93" hai2="71,41,2,102,44,112,48,95,77,6,128,127,96" hai3="113,25,99,10,66,121,122,133,109,75,29,91,43"/><U15/><E118/><V30/><F71/><W123/><G75/><T12/><D111/><U32/><E105/><V33/><F127/><W28/><G109/><T94/><D42/><U7/><E74/><V54/><F128/><W119/><G119/><T107/><D107/><U46/><E131/><V67/><F112/><W69/><G113/><T22/><D22/><U103/><E115/><V72/><F67/><W120/><N who="3" m="30720" /><DORA hai="9" /><W80/><G133/><T31/><D19/><U129/><E32/><V126/><F126/><W135/><G135/><T18/><D18/><U124/><E26/><V36/><F2/><W130/><G130/><T56/><D82/><U92/><E124/><V70/><F6/><W76/><G43/><T49/><D49/><U45/><E93/><V81/><F70/><W73/><G10/><T39/><D39/><U4/><E64/><V90/><F30/><W85/><G99/><AGARI ba="1,0" hai="12,16,20,23,27,31,56,63,65,86,87,94,99,100" machi="99" ten="40,8000,1" yaku="25,2,8,1,52,1,54,1" doraHai="101,9" who="0" fromWho="3" sc="260,83,298,0,256,0,186,-83" owari="343,44.3,298,9.8,256,-14.4,103,-39.7" /></mjloggm>