<mjloggm ver="2.3"><GO type="225" lobby="0"/><UN n0="%E5%A4%8F%E9%88%B4%E9%88%B4%E5%A4%8F" n1="%E3%83%A9%E3%83%BC%E3%83%A1%E3%83%B3%E4%BA%94%E9%83%8E" n2="%E9%B3%B3%E6%9D%B1%E3%81%AE%E3%81%86%E3%81%95%E3%81%8E%E3%81%95%E3%82%93" n3="%E9%BB%99%E8%81%B4%E3%81%AE%E3%81%99%E3%82%9D%E3%82%81" dan="16,16,17,16" rate="2105.41,2121.02,2184.05,2113.96" sx="F,M,M,M"/><TAIKYOKU oya="0"/><INIT seed="0,0,0,0,0,106" ten="250,250,250,250" oya="0" hai0="74,61,134,12,36,77,127,86,78,80,128,104,0" hai1="90,25,135,126,120,50,30,14,24,79,63,37,2" hai2="41,116,65,18,82,99,123,108,114,59,31,10,51" hai3="69,5,40,17,73,113,23,48,107,101,4,11,32"/><T3/><D36/><U67/><E120/><V92/><F123/><W84/><G69/><T68/><D104/><U89/><E2/><V43/><F108/><W121/><G32/><T72/><D127/><U38/><E126/><V94/><F114/><W27/><G113/><T9/><D128/><U52/><E135/><V75/><F116/><W122/><G107/><T102/><D102/><U64/><E79/><V8/><F31/><W109/><G101/><T46/><D134/><U124/><E124/><V60/><F75/><W58/><G109/><T34/><D34/><U29/><E14/><V53/><F82/><W26/><G73/><T7/><D46/><U70/><E70/><V129/><F92/><W62/><G5/><T42/><D42/><N who="2" m="15882" /><F18/><W45/><G84/><T112/><D112/><U83/><E83/><V132/><F129/><W119/><G27/><T56/><D68/><U91/><E91/><N who="2" m="55775" /><F132/><W22/><G22/><T115/><D115/><U111/><E111/><V98/><F98/><W6/><G6/><T96/><D96/><U133/><E133/><V16/><F16/><W131/><G119/><T118/><D118/><U110/><E110/><V55/><F65/><W19/><G19/><T47/><D78/><U105/><E105/><V95/><F95/><W85/><G85/><T76/><D77/><U21/><E30/><V57/><AGARI ba="0,0" hai="8,10,51,53,55,57,59,60" m="55775,15882" machi="57" ten="30,1100,0" yaku="8,1" doraHai="106" who="2" fromWho="2" sc="250,-5,250,-3,250,11,250,-3" /><INIT seed="1,0,0,0,2,1" ten="245,247,261,247" oya="1" hai0="80,116,15,89,27,17,38,20,7,55,45,123,125" hai1="134,21,9,26,110,91,39,54,32,129,69,79,50" hai2="64,78,126,6,46,105,100,120,121,124,40,76,68" hai3="59,65,93,92,135,33,23,108,85,28,73,96,118"/><U102/><E69/><V70/><F100/><W25/><G108/><T113/><D116/><U56/><E110/><V84/><F105/><W44/><G73/><T41/><D113/><U81/><E39/><N who="2" m="21791" /><F84/><W58/><G135/><T4/><D125/><N who="2" m="48234" /><F6/><W122/><G122/><N who="2" m="47209" /><F78/><W11/><G118/><T114/><D123/><U133/><E32/><V74/><F64/><W95/><G33/><T130/><D114/><U5/><E102/><V117/><F117/><W107/><G107/><T18/><D130/><U30/><E91/><V14/><F14/><W31/><G31/><T87/><REACH who="0" step="1"/><D55/><REACH who="0" ten="235,247,261,247" step="2"/><U34/><E129/><V83/><AGARI ba="0,1" hai="68,70,74,76,83" m="47209,48234,21791" machi="83" ten="40,2700,0" yaku="18,1,23,1" doraHai="1" who="2" fromWho="2" sc="235,-7,247,-13,261,37,247,-7" /><INIT seed="2,0,0,1,0,12" ten="228,234,298,240" oya="2" hai0="80,133,53,79,89,37,45,76,98,36,125,40,16" hai1="94,66,32,54,126,44,67,4,27,29,38,20,8" hai2="13,49,48,121,102,61,109,33,60,112,21,2,78" hai3="96,68,56,75,57,15,74,108,59,70,64,107,113"/><V6/><F121/><W71/><G107/><T123/><D123/><U69/><E126/><V14/><F112/><W135/><G96/><T58/><D125/><U87/><E69/><V3/><F33/><W100/><G100/><T73/><D133/><U91/><E32/><V31/><F102/><W81/><G108/><T95/><D79/><U119/><E119/><V22/><F78/><W120/><G120/><T116/><D116/><U18/><E29/><V85/><F31/><W55/><G135/><T118/><D37/><U51/><REACH who="1" step="1"/><E38/><REACH who="1" ten="228,224,298,240" step="2"/><V114/><F109/><W106/><G70/><T62/><REACH who="0" step="1"/><D118/><REACH who="0" ten="218,224,298,240" step="2"/><U0/><AGARI ba="0,2" hai="0,4,8,18,20,27,44,51,54,66,67,87,91,94" machi="0" ten="20,8000,1" yaku="1,1,2,1,0,1,7,1,52,1,53,0" doraHai="12" doraHaiUra="11" who="1" fromWho="1" sc="218,-20,224,100,298,-40,240,-20" /><INIT seed="3,0,0,4,2,83" ten="198,324,258,220" oya="3" hai0="32,37,46,1,119,113,114,94,105,54,12,129,101" hai1="38,67,6,84,44,133,87,77,69,10,7,14,80" hai2="108,26,40,13,125,31,20,0,35,15,24,79,86" hai3="81,29,66,107,130,131,17,71,19,118,8,33,97"/><W27/><G118/><T57/><D1/><U117/><E117/><V102/><F108/><W70/><G81/><T91/><D119/><U18/><E133/><V60/><F0/><W110/><G110/><T5/><D32/><U3/><E69/><V41/><F125/><W16/><G8/><T126/><D126/><U68/><E68/><V51/><F102/><N who="3" m="62927" /><G71/><T43/><D129/><U49/><E67/><V122/><F122/><W99/><G99/><T48/><D101/><U135/><E135/><V63/><F79/><W47/><G47/><T61/><D105/><U82/><E38/><V100/><F100/><W112/><G112/><T132/><D132/><U116/><E3/><V30/><F86/><W65/><G65/><T96/><D114/><U28/><E28/><V9/><F51/><W72/><G72/><T127/><D113/><U42/><E116/><V2/><F2/><W76/><G76/><AGARI ba="0,0" hai="6,7,10,14,18,42,44,49,76,77,80,82,84,87" machi="76" ten="30,8000,1" yaku="7,1,9,1,8,1,52,2" doraHai="83" who="1" fromWho="3" sc="198,0,324,80,258,0,220,-80" owari="198,-20.2,404,50.4,258,5.8,140,-36.0" /></mjloggm>