<mjloggm ver="2.3"><GO type="225" lobby="0"/><UN n0="%4C%4F%4C%49%54%41" n1="%E3%83%A9%E3%82%A4%E3%83%B3%E3%81%AE%E8%99%8E" n2="%E3%83%94%E3%83%B3%E3%82%B5%E3%83%AD%E5%BA%97%E5%93%A1" n3="%E6%98%BC%E4%B8%8B%E3%81%8C%E3%82%8A%E3%81%AE%E5%9B%A3%E5%9C%B0%E5%A6%BB" dan="16,16,17,16" rate="2196.82,2098.98,2250.31,2139.32" sx="F,M,M,F"/><TAIKYOKU oya="0"/><INIT seed="0,0,0,0,1,89" ten="250,250,250,250" oya="0" hai0="14,33,0,54,59,19,101,71,48,16,9,17,45" hai1="37,82,29,103,23,109,66,105,30,2,78,52,85" hai2="15,24,112,125,74,25,50,108,11,84,79,75,127" hai3="117,4,119,5,35,118,21,28,86,6,27,106,32"/><T70/><D33/><N who="3" m="12873" /><G86/><T20/><D101/><U34/><E109/><V31/><F112/><W99/><G99/><T58/><D58/><U22/><E2/><V77/><F108/><W95/><G95/><T51/><D0/><U26/><E37/><V114/><F114/><W60/><G60/><T93/><D93/><U98/><E30/><V132/><F132/><W94/><G94/><T47/><D59/><U46/><REACH who="1" step="1"/><E66/><REACH who="1" ten="250,240,250,250" step="2"/><V135/><F135/><W3/><G106/><T55/><REACH who="0" step="1"/><D19/><REACH who="0" ten="240,240,250,250" step="2"/><U134/><E134/><V18/><F18/><W91/><G3/><T56/><D56/><U8/><E8/><V12/><F11/><W63/><G117/><T129/><D129/><U67/><E67/><V72/><F31/><W44/><G119/><T83/><D83/><U64/><E64/><V107/><F107/><W90/><G118/><T110/><D110/><U40/><E40/><V57/><F57/><W102/><G28/><T65/><D65/><U81/><E81/><V97/><F127/><W62/><G62/><T80/><D80/><U120/><E120/><V76/><F125/><W100/><G63/><T1/><D1/><U92/><E92/><V69/><F75/><W88/><G5/><T116/><D116/><U115/><E115/><V122/><F74/><W126/><G126/><T43/><D43/><U7/><E7/><V133/><F72/><W39/><G4/><T42/><D42/><U13/><E13/><AGARI ba="0,2" hai="9,13,14,16,17,20,45,47,48,51,54,55,70,71" machi="13" ten="30,11600,0" yaku="1,1,7,1,9,1,54,1,53,0" doraHai="89" doraHaiUra="73" who="0" fromWho="1" sc="240,136,240,-116,250,0,250,0" /><INIT seed="0,1,0,2,4,9" ten="376,124,250,250" oya="0" hai0="90,66,12,100,75,22,104,50,3,55,107,94,102" hai1="92,60,114,65,37,133,91,46,61,78,69,95,72" hai2="67,64,109,125,80,44,25,10,110,38,126,130,19" hai3="15,113,120,83,111,13,132,35,128,4,71,108,58"/><T134/><D3/><U77/><E133/><V49/><F38/><W52/><G113/><T17/><D75/><U118/><E118/><V5/><F130/><W48/><G132/><T70/><D134/><U129/><E129/><V99/><F99/><W97/><G128/><T135/><D135/><U85/><E114/><V86/><F19/><W115/><G115/><T76/><D76/><U14/><E72/><V62/><F25/><W124/><G35/><T11/><D66/><N who="2" m="25130" /><F62/><W68/><G120/><T0/><D70/><U36/><E61/><V47/><F86/><W82/><G97/><T56/><D104/><U127/><E127/><N who="2" m="48651" /><F80/><N who="3" m="30763" /><G124/><T103/><D107/><U54/><E36/><V122/><F122/><W106/><G106/><T105/><D105/><U7/><E92/><V53/><F47/><W123/><G123/><T45/><D45/><U29/><E29/><V43/><F43/><W18/><G4/><T101/><D101/><U131/><E131/><V40/><F40/><W20/><G71/><T93/><D103/><U81/><E95/><V98/><F98/><W28/><G68/><T1/><D94/><U117/><E117/><V87/><F87/><W63/><G28/><T2/><D11/><N who="1" m="4479" /><E37/><V21/><F21/><W6/><G63/><T84/><AGARI ba="1,0" hai="0,1,2,12,17,22,50,55,56,84,90,93,100,102" machi="84" ten="30,11700,0" yaku="0,1,25,2,52,1" doraHai="9" who="0" fromWho="0" sc="376,120,124,-40,250,-40,250,-40" /><INIT seed="0,2,0,3,3,40" ten="496,84,210,210" oya="0" hai0="17,61,56,25,49,24,4,33,120,119,60,97,0" hai1="18,68,9,14,5,55,130,42,113,93,101,114,65" hai2="6,133,82,103,73,7,90,26,79,58,118,81,112" hai3="128,32,20,54,109,110,23,123,29,115,98,102,36"/><T87/><D119/><U95/><E130/><V135/><F112/><N who="1" m="43113" /><E42/><V16/><F103/><W2/><G115/><T28/><D120/><U63/><E101/><V104/><F104/><W51/><G128/><T15/><D97/><U116/><E116/><V83/><F118/><W131/><G131/><T124/><D124/><U105/><E105/><V11/><F58/><W74/><G36/><T125/><D125/><U99/><E99/><V39/><F39/><W31/><G2/><T53/><D24/><U12/><E55/><V13/><F82/><W69/><G69/><T111/><D111/><N who="3" m="42505" /><G74/><T72/><D72/><U76/><E76/><V34/><F34/><W92/><G123/><T107/><D107/><U134/><E134/><N who="2" m="51211" /><F26/><N who="3" m="18551" /><G29/><T121/><D121/><U70/><E68/><V117/><F117/><W48/><G48/><T91/><D0/><U46/><E46/><AGARI ba="2,0" hai="20,23,46,51,54,92,98,102" m="18551,42505" machi="46" ten="30,2000,0" yaku="14,1,52,1" doraHai="40" who="3" fromWho="1" sc="496,0,84,-26,210,0,210,26" /><INIT seed="1,0,0,0,1,41" ten="496,58,210,236" oya="1" hai0="107,12,16,87,110,57,81,39,27,68,11,58,24" hai1="118,15,34,103,43,117,31,126,104,84,94,53,36" hai2="77,38,4,5,128,79,116,62,71,125,119,64,35" hai3="109,93,61,25,115,67,48,13,7,120,56,55,29"/><U0/><E0/><V40/><F35/><W51/><G115/><T47/><D68/><U90/><E126/><V83/><F125/><W133/><G120/><T102/><D110/><U122/><E122/><V54/><F128/><W17/><G109/><T30/><D107/><U26/><E53/><V91/><F91/><W10/><G133/><T101/><D57/><U124/><E124/><V22/><F79/><W33/><G93/><T42/><D58/><U23/><E34/><V37/><F54/><W130/><G130/><T100/><REACH who="0" step="1"/><D30/><REACH who="0" ten="486,58,210,236" step="2"/><U89/><E89/><AGARI ba="0,1" hai="11,12,16,24,27,39,42,47,81,87,89,100,101,102" machi="89" ten="40,8000,1" yaku="1,1,2,1,52,1,54,1,53,0" doraHai="41" doraHaiUra="73" who="0" fromWho="1" sc="486,90,58,-80,210,0,236,0" owari="576,67.6,-22,-52.2,210,-19.0,236,3.6" /></mjloggm>