<mjloggm ver="2.3"><GO type="225" lobby="0"/><UN n0="%E3%83%B4%E3%83%A0%EF%BC%99%E3%81%A6" n1="%72%69%6F%75%63%68%61%6E" n2="%E6%98%93%E5%88%A9%E8%96%A9%E4%BC%AF" n3="%E3%81%99%E3%81%84%E3%81%BE%E3%81%9B%E3%83%BC%E3%82%93" dan="16,16,17,18" rate="2176.67,2141.70,2187.25,2188.78" sx="M,M,F,M"/><TAIKYOKU oya="0"/><INIT seed="0,0,0,1,3,60" ten="250,250,250,250" oya="0" hai0="66,121,30,108,75,82,72,104,14,64,16,12,106" hai1="47,102,26,5,68,63,40,97,39,32,46,79,127" hai2="87,42,71,21,92,13,103,110,18,78,52,80,27" hai3="31,48,133,73,95,84,96,105,125,109,43,4,99"/><T117/><D117/><U128/><E127/><V131/><F110/><W29/><G73/><T88/><D121/><U129/><E5/><V100/><F131/><N who="1" m="50249" /><E79/><V8/><F71/><W122/><G109/><T15/><D108/><U3/><E3/><V89/><F42/><W123/><G133/><T49/><D49/><U17/><E46/><V135/><F135/><W38/><G38/><T93/><D30/><N who="1" m="19543" /><E17/><V98/><REACH who="2" step="1"/><F52/><REACH who="2" ten="250,250,240,250" step="2"/><W62/><G43/><T54/><D54/><U50/><E68/><V111/><F111/><W59/><G123/><T6/><D6/><AGARI ba="0,1" hai="6,8,13,18,21,27,78,80,87,89,92,98,100,103" machi="6" ten="30,7700,0" yaku="1,1,7,1,8,1,53,1" doraHai="60" doraHaiUra="11" who="2" fromWho="0" sc="250,-77,250,0,240,87,250,0" /><INIT seed="1,0,0,2,3,42" ten="173,250,327,250" oya="1" hai0="28,49,73,133,37,87,129,79,26,97,109,101,14" hai1="46,125,20,22,105,40,61,92,54,104,63,44,21" hai2="18,62,65,43,48,53,110,11,15,99,106,89,78" hai3="57,45,81,29,16,4,50,70,80,8,95,102,68"/><U100/><E125/><V90/><F110/><W27/><G57/><T41/><D109/><U82/><E82/><V7/><F78/><W35/><G70/><T122/><D122/><U107/><E54/><V123/><F43/><W2/><G68/><T60/><D129/><U96/><REACH who="1" step="1"/><E46/><REACH who="1" ten="173,240,327,250" step="2"/><V119/><F53/><W75/><G75/><T112/><D73/><U84/><E84/><V72/><F72/><W113/><G113/><T128/><D87/><U12/><E12/><V98/><F15/><W115/><G115/><T38/><D14/><U66/><E66/><V9/><F65/><W52/><REACH who="3" step="1"/><G16/><REACH who="3" ten="173,240,327,240" step="2"/><T76/><D112/><U36/><AGARI ba="0,2" hai="20,21,22,36,40,44,61,63,92,96,100,104,105,107" machi="36" ten="40,7800,0" yaku="1,1,0,1,52,1,53,0" doraHai="42" doraHaiUra="0" who="1" fromWho="1" sc="173,-26,240,98,327,-26,240,-26" /><INIT seed="1,1,0,3,1,16" ten="147,338,301,214" oya="1" hai0="104,125,8,45,13,98,115,111,81,72,9,133,18" hai1="49,105,128,116,60,100,69,74,50,76,46,27,53" hai2="19,82,70,67,127,88,21,39,66,65,103,63,52" hai3="15,113,118,51,33,17,62,56,11,91,31,130,61"/><U132/><E116/><V135/><F39/><W24/><G113/><T23/><D115/><U7/><E128/><V71/><F103/><W80/><G130/><T109/><D125/><U119/><E119/><V26/><F127/><W5/><G118/><T6/><D133/><U68/><E132/><V10/><F135/><W42/><G91/><T101/><D45/><U96/><E7/><V84/><REACH who="2" step="1"/><F10/><REACH who="2" ten="147,338,291,214" step="2"/><W1/><G80/><T134/><D134/><U78/><E74/><V110/><F110/><W114/><G114/><T48/><D9/><U43/><E27/><V41/><F41/><W79/><G42/><T90/><D48/><U59/><REACH who="1" step="1"/><E69/><REACH who="1" ten="147,328,291,214" step="2"/><V112/><F112/><W87/><G24/><T94/><D72/><U93/><E93/><V37/><F37/><W121/><G121/><T77/><D111/><U117/><E117/><V107/><F107/><W85/><G51/><T28/><D109/><U29/><E29/><V95/><F95/><W47/><G31/><T129/><D129/><U108/><E108/><V97/><F97/><W122/><G122/><T4/><D28/><U120/><E120/><V58/><AGARI ba="1,2" hai="19,21,26,52,58,63,65,66,67,70,71,82,84,88" machi="58" ten="30,8000,1" yaku="1,1,0,1,52,1,54,2,53,0" doraHai="16" doraHaiUra="0" who="2" fromWho="2" sc="147,-21,328,-41,291,103,214,-21" /><INIT seed="2,0,0,2,3,2" ten="126,287,394,193" oya="2" hai0="62,105,91,49,23,103,29,20,84,31,90,14,57" hai1="1,120,0,112,51,12,26,95,110,127,55,65,59" hai2="93,73,133,18,114,48,53,60,102,89,94,118,96" hai3="131,39,124,8,37,4,99,36,83,86,113,79,38"/><V46/><F114/><W34/><N who="3" m="9216" /><DORA hai="52" /><W92/><G34/><T75/><D75/><U6/><E112/><V13/><F133/><W47/><G113/><T80/><D49/><U61/><E110/><V115/><F73/><W3/><G47/><T85/><D103/><U82/><E127/><V72/><F72/><W122/><G124/><T25/><D105/><U116/><E120/><V81/><F60/><W16/><G16/><T21/><D14/><U66/><E116/><V32/><F32/><W77/><G131/><T27/><D20/><U50/><E50/><V58/><F81/><W54/><G54/><T9/><D9/><U119/><E119/><V108/><F108/><W19/><G19/><T87/><REACH who="0" step="1"/><D91/><REACH who="0" ten="116,287,394,193" step="2"/><U24/><E12/><V109/><F89/><W15/><G122/><T42/><D42/><U121/><E51/><V41/><F48/><W17/><G79/><T56/><D56/><U134/><E59/><V11/><F58/><W126/><G126/><T128/><D128/><U45/><E0/><V7/><F11/><W117/><G117/><T67/><AGARI ba="0,1" hai="21,23,25,27,29,31,57,62,67,80,84,85,87,90" machi="67" ten="20,12000,2" yaku="1,1,0,1,7,1,9,1,8,1,52,1,53,0" doraHai="2,52" doraHaiUra="5,135" who="0" fromWho="0" sc="116,130,287,-30,394,-60,193,-30" /><INIT seed="3,0,0,0,5,127" ten="246,257,334,163" oya="3" hai0="135,27,9,12,76,118,58,24,35,102,83,14,114" hai1="73,55,45,94,103,80,60,99,38,75,23,130,97" hai2="21,3,115,72,116,104,39,34,124,121,86,70,87" hai3="64,42,2,51,91,111,59,65,29,40,15,0,56"/><W8/><G29/><T79/><D118/><U61/><E130/><V85/><F85/><W107/><G107/><T18/><D135/><U133/><E133/><V132/><F87/><W106/><G106/><T134/><D134/><U46/><E38/><V32/><F86/><W13/><G111/><T88/><D114/><U7/><E7/><V66/><F21/><W17/><G51/><T101/><D35/><U117/><E117/><V110/><F66/><W123/><G123/><T10/><D58/><U95/><E23/><V49/><F49/><W69/><G69/><T31/><D83/><U89/><E80/><V48/><F48/><W113/><G113/><T92/><D31/><U16/><E16/><V84/><F84/><W82/><G82/><T126/><D126/><U47/><REACH who="1" step="1"/><E60/><REACH who="1" ten="246,247,334,163" step="2"/><V4/><F4/><W119/><G17/><N who="0" m="8335" /><D27/><U71/><E71/><V120/><F34/><W28/><G28/><T41/><D24/><U109/><E109/><V128/><AGARI ba="0,1" hai="3,32,39,70,72,104,110,115,116,120,121,124,128,132" machi="128" ten="0,32000,5" yakuman="47" doraHai="127" who="2" fromWho="2" sc="246,-80,247,-80,334,330,163,-160" owari="166,-23.4,167,-3.3,664,76.4,3,-49.7" /></mjloggm>