<mjloggm ver="2.3"><GO type="225" lobby="0"/><UN n0="%E3%81%BD%E3%81%A1%E3%81%9F%E3%81%93%E3%82%84" n1="%28%EF%BF%A3%E2%96%BD%EF%BF%A3%29%CE%B4%E2%8C%92%E3%83%BB" n2="%E3%82%AF%E3%82%A3%E3%82%A6" n3="%72%69%6F%75%63%68%61%6E" dan="17,17,16,16" rate="2213.57,2271.93,2071.60,2112.47" sx="M,M,M,M"/><TAIKYOKU oya="0"/><INIT seed="0,0,0,0,5,12" ten="250,250,250,250" oya="0" hai0="119,112,49,117,40,30,47,41,63,130,5,86,66" hai1="116,79,74,102,103,15,64,115,109,125,133,61,129" hai2="88,25,93,14,38,71,22,4,70,94,45,81,76" hai3="32,98,113,77,85,34,73,87,62,19,42,114,37"/><T17/><D112/><U58/><E116/><V21/><F38/><W123/><G123/><T107/><D107/><U82/><E115/><V18/><F45/><W13/><G73/><T31/><D130/><U54/><E129/><V105/><F105/><W33/><G87/><T57/><D5/><U16/><E125/><V91/><F76/><W35/><N who="3" m="8192" /><DORA hai="1" /><W96/><G62/><T44/><D86/><U9/><E133/><V29/><F81/><W120/><G120/><T10/><D117/><U59/><REACH who="1" step="1"/><E109/><REACH who="1" ten="250,240,250,250" step="2"/><V60/><F60/><AGARI ba="0,1" hai="9,15,16,54,58,59,60,61,64,74,79,82,102,103" machi="60" ten="30,12000,2" yaku="1,1,2,1,7,1,52,1,54,1,53,1" doraHai="12,1" doraHaiUra="75,2" who="1" fromWho="2" sc="250,0,240,130,250,-120,250,0" /><INIT seed="1,0,0,1,1,57" ten="250,370,130,250" oya="1" hai0="125,63,89,116,23,99,40,61,58,114,122,17,135" hai1="27,30,66,86,117,126,11,69,34,128,71,5,45" hai2="84,36,42,98,115,46,93,91,52,9,107,72,79" hai3="33,21,92,103,67,31,88,44,110,102,74,113,22"/><U108/><E117/><V54/><F115/><W1/><G113/><T60/><D116/><U81/><E126/><V7/><F107/><W28/><G1/><T97/><D114/><U111/><E45/><V10/><F10/><W47/><G74/><T118/><D118/><U25/><E25/><V76/><F98/><N who="0" m="37386" /><D125/><U131/><E86/><V49/><F79/><W100/><G110/><N who="1" m="42026" /><E81/><V35/><F35/><W3/><G3/><T59/><D135/><U20/><E20/><N who="3" m="7786" /><G67/><T73/><D73/><U133/><E133/><V85/><F36/><W95/><G33/><T55/><D40/><U14/><E66/><V15/><REACH who="2" step="1"/><F72/><REACH who="2" ten="250,370,120,250" step="2"/><W50/><G103/><T87/><D122/><U124/><E124/><V77/><F77/><W18/><G102/><T120/><D120/><U26/><E26/><V29/><F29/><W24/><G100/><T41/><D41/><U134/><E134/><V121/><F121/><W94/><G28/><T119/><D119/><U101/><E101/><V112/><F112/><W106/><G31/><T109/><D109/><U0/><E14/><V83/><AGARI ba="0,1" hai="7,9,15,42,46,49,52,54,76,83,84,85,91,93" machi="83" ten="30,16000,3" yaku="1,1,0,1,25,2,8,1,54,1,53,2" doraHai="57" doraHaiUra="82" who="2" fromWho="2" sc="250,-40,370,-80,120,170,250,-40" /><INIT seed="2,0,0,4,1,16" ten="210,290,290,210" oya="2" hai0="50,135,81,115,21,77,129,110,69,96,70,127,91" hai1="100,133,76,130,51,11,32,113,6,9,19,29,104" hai2="95,56,66,111,131,79,22,37,118,36,121,53,82" hai3="83,92,125,20,124,73,42,23,74,25,4,17,134"/><V30/><F118/><W34/><G134/><T109/><D115/><U93/><E113/><V72/><F121/><W119/><G119/><T35/><D35/><U15/><E133/><V97/><F131/><W12/><G34/><T3/><D3/><U65/><E130/><V116/><F116/><W7/><G42/><T39/><D39/><U31/><E104/><V120/><F120/><W2/><G2/><T60/><D135/><U68/><E32/><V112/><F112/><W86/><G92/><N who="0" m="56351" /><D60/><U106/><E106/><V64/><F37/><W103/><G103/><T84/><D127/><N who="3" m="48713" /><G4/><T5/><D5/><U67/><E76/><V94/><F94/><W28/><G7/><T59/><D129/><U80/><E80/><V87/><F36/><W44/><G44/><T89/><D77/><AGARI ba="0,0" hai="12,17,20,23,25,28,73,74,77,83,86" m="48713" machi="77" ten="30,3900,0" yaku="18,1,52,2" doraHai="16" who="3" fromWho="0" sc="210,-39,290,0,290,0,210,39" /><INIT seed="3,0,0,3,3,35" ten="171,290,290,249" oya="3" hai0="64,40,6,134,100,93,42,111,81,96,104,65,71" hai1="22,76,107,97,135,60,18,14,29,109,63,94,43" hai2="16,45,52,114,9,31,55,38,87,101,116,131,70" hai3="0,132,13,12,129,56,84,49,53,32,78,47,48"/><W25/><G129/><T112/><D111/><U10/><E107/><V7/><F114/><W130/><G130/><T3/><D134/><U91/><E109/><V62/><F131/><W122/><G122/><T98/><D112/><U86/><E135/><V106/><F116/><W27/><G132/><T41/><D71/><U39/><E39/><V89/><F31/><W103/><G0/><T125/><D125/><U19/><E29/><V28/><F28/><W117/><G117/><T58/><D81/><N who="1" m="47399" /><E43/><V44/><F106/><W61/><G103/><T72/><D72/><U108/><E108/><V26/><F38/><W133/><G133/><T119/><D119/><U128/><E128/><V83/><F101/><W115/><G115/><T34/><D34/><U66/><E66/><V59/><F70/><W79/><G32/><T67/><D58/><U73/><E73/><V51/><F7/><W37/><G37/><T24/><D24/><AGARI ba="0,0" hai="10,14,18,19,22,24,60,63,91,94,97" m="47399" machi="24" ten="30,1000,0" yaku="8,1" doraHai="35" who="1" fromWho="0" sc="171,-10,290,10,290,0,249,0" owari="161,-33.9,300,40.0,290,9.0,249,-15.1" /></mjloggm>