<mjloggm ver="2.3"><GO type="225" lobby="0"/><UN n0="%E3%81%BE%E3%81%A8%E3%81%9F" n1="%E6%9D%B1%E9%A2%A8%E3%81%AE%E3%81%8D%E3%82%83%E3%81%B7%E3%81%95%E3%82%93" n2="%E3%83%B4%E3%83%A0%EF%BC%99%E3%81%A6" n3="%E3%83%96%E3%83%83%E3%83%91%E3%82%AA%E3%83%96%E3%83%81%E3%82%AD%E3%83%B3" dan="16,16,17,16" rate="2077.46,2174.01,2125.33,2204.68" sx="M,M,M,M"/><TAIKYOKU oya="0"/><INIT seed="0,0,0,2,2,100" ten="250,250,250,250" oya="0" hai0="39,23,132,135,20,45,33,131,125,90,86,36,71" hai1="92,27,76,57,116,129,74,98,122,46,40,47,115" hai2="112,134,105,14,81,10,65,6,56,103,21,22,62" hai3="31,66,120,95,64,26,34,59,77,43,114,121,78"/><T104/><D125/><U69/><E69/><V0/><F112/><W107/><G114/><T106/><D33/><U25/><E115/><V109/><F109/><W85/><G43/><N who="0" m="22759" /><D71/><U28/><E116/><V55/><F134/><N who="0" m="51242" /><D39/><U110/><E122/><N who="3" m="47210" /><G95/><N who="0" m="54743" /><D131/><U15/><E110/><V94/><F94/><W11/><G11/><T3/><D3/><U5/><E129/><V18/><F81/><N who="3" m="47279" /><G78/><T41/><D41/><U12/><E76/><V16/><F65/><N who="3" m="25195" /><G59/><T119/><D119/><U127/><E57/><V89/><F89/><W4/><G4/><T30/><D30/><U123/><E74/><V9/><REACH who="2" step="1"/><F18/><REACH who="2" ten="250,250,240,250" step="2"/><W42/><G42/><T54/><D54/><U80/><E123/><V61/><F61/><W133/><G133/><T51/><D51/><N who="1" m="27079" /><E127/><V75/><F75/><W113/><G113/><T102/><D102/><N who="1" m="60743" /><E80/><V72/><F72/><W84/><G84/><T19/><D19/><U70/><E70/><V97/><AGARI ba="0,1" hai="0,6,9,10,14,16,21,22,55,56,62,97,103,105" machi="97" ten="30,8000,1" yaku="1,1,0,1,52,1,54,1,53,1" doraHai="100" doraHaiUra="58" who="2" fromWho="2" sc="250,-40,250,-20,240,90,250,-20" /><INIT seed="1,0,0,4,4,84" ten="210,230,330,230" oya="1" hai0="133,70,85,101,79,28,54,88,117,53,4,67,105" hai1="12,115,98,65,34,111,83,107,106,123,80,103,128" hai2="31,30,91,19,121,42,21,26,126,63,89,61,23" hai3="104,69,113,41,55,9,29,46,1,82,44,99,20"/><U48/><E34/><V50/><F121/><W2/><G113/><T51/><D117/><U52/><E123/><V58/><F126/><W35/><G69/><T27/><D133/><U25/><E115/><V118/><F118/><W32/><G32/><T125/><D79/><U135/><E107/><V116/><F116/><W45/><G35/><T127/><D4/><U10/><E135/><V66/><F61/><W71/><G71/><T38/><D38/><U102/><E102/><V90/><F23/><W57/><G41/><T97/><D67/><U131/><E65/><V5/><F5/><W112/><G112/><T110/><D70/><U100/><E100/><V109/><F109/><W16/><G82/><N who="0" m="49207" /><D110/><U36/><E25/><V93/><F93/><W73/><G73/><T37/><D51/><U92/><E36/><V14/><F26/><W8/><G104/><T81/><D81/><U134/><E106/><V119/><F119/><W95/><G1/><T114/><D37/><U122/><E111/><V72/><F72/><W40/><G2/><T86/><D86/><U6/><E122/><V13/><F13/><N who="3" m="9231" /><G40/><T94/><D105/><U76/><E134/><V3/><F3/><W68/><G68/><T15/><D15/><U49/><E49/><V39/><F39/><W129/><G129/><N who="1" m="49738" /><E76/><V108/><F108/><W74/><G74/><T75/><D75/><U24/><E24/><V96/><F96/><W17/><G29/><T60/><D114/><U22/><E22/><V56/><F42/><W120/><G120/><T47/><D125/><U77/><E77/><V59/><F50/><RYUUKYOKU ba="0,0" sc="210,-15,230,15,330,15,230,-15" hai1="6,10,12,48,52,80,83,92,98,103" hai2="14,19,21,30,31,56,58,59,63,66,89,90,91" /><INIT seed="1,1,0,4,5,103" ten="195,245,345,215" oya="1" hai0="17,8,24,99,108,2,119,53,121,28,72,89,33" hai1="12,57,83,69,96,127,95,40,0,120,92,60,122" hai2="100,78,5,59,9,20,30,111,7,49,23,55,132" hai3="88,56,4,125,52,73,93,82,10,43,116,64,39"/><U77/><E69/><V112/><F111/><W19/><G125/><T31/><D72/><U45/><E0/><V58/><F132/><W29/><G116/><T36/><D36/><U129/><E127/><V74/><F112/><W86/><G29/><T131/><D119/><U3/><E3/><V81/><F100/><W22/><G64/><T62/><D108/><U26/><E129/><V107/><F107/><W54/><G39/><T32/><D131/><U44/><E26/><V109/><F109/><W123/><G123/><T97/><D17/><U27/><E27/><V76/><F76/><W75/><G43/><T113/><D113/><U84/><E12/><V115/><F115/><W90/><G10/><T117/><D117/><U42/><E120/><V50/><F30/><W25/><G54/><T68/><D53/><N who="1" m="33839" /><E122/><V126/><F126/><W34/><G4/><T63/><D121/><U106/><E106/><V102/><F5/><W87/><REACH who="3" step="1"/><G34/><REACH who="3" ten="195,245,345,205" step="2"/><T1/><D33/><U61/><E61/><AGARI ba="1,1" hai="19,22,25,52,56,61,73,75,82,86,87,88,90,93" machi="61" ten="30,8000,1" yaku="1,1,2,1,7,1,54,2,53,0" doraHai="103" doraHaiUra="11" who="3" fromWho="1" sc="195,0,245,-83,345,0,205,93" /><INIT seed="2,0,0,2,3,76" ten="195,162,345,298" oya="2" hai0="89,123,20,29,36,21,66,109,129,122,78,131,77" hai1="88,16,52,3,106,47,35,26,28,10,121,73,103" hai2="108,110,58,97,118,63,13,82,31,71,111,61,91" hai3="43,24,120,19,54,41,11,102,7,55,23,51,127"/><V65/><F118/><W38/><G120/><N who="0" m="46123" /><D36/><U107/><E121/><V116/><F116/><W45/><G127/><T85/><D66/><U124/><E73/><V8/><F31/><W62/><G102/><T18/><D29/><U22/><E124/><V53/><F97/><W133/><G133/><T60/><D60/><U4/><E103/><V72/><F72/><W75/><G75/><T125/><D20/><U84/><E47/><V95/><F95/><W80/><G80/><N who="0" m="49319" /><D125/><U69/><E69/><V130/><F130/><N who="0" m="49674" /><D109/><U79/><E79/><V90/><F82/><W100/><G38/><T119/><D119/><U117/><E117/><V44/><F44/><W81/><G62/><T48/><D48/><U37/><E37/><V46/><F46/><W6/><G43/><T17/><D17/><AGARI ba="0,0" hai="8,13,17,53,58,61,63,65,71,90,91,108,110,111" machi="17" ten="40,3900,0" yaku="14,1,10,1" doraHai="76" who="2" fromWho="0" sc="195,-39,162,0,345,39,298,0" /><INIT seed="2,1,0,2,4,18" ten="156,162,384,298" oya="2" hai0="68,104,90,115,80,40,91,54,51,128,82,121,43" hai1="49,30,23,100,58,64,27,89,62,46,95,50,120" hai2="14,105,34,60,132,112,20,84,74,0,126,15,114" hai3="119,103,116,125,97,87,13,131,2,94,123,31,29"/><V1/><F74/><W118/><G2/><N who="2" m="1129" /><F105/><W33/><G123/><T101/><D121/><U130/><E130/><V66/><F84/><W92/><G131/><T24/><D68/><U81/><E120/><V37/><F37/><W75/><G75/><T98/><D115/><U86/><E46/><V117/><F60/><W7/><G125/><T78/><D82/><U5/><E5/><V12/><F66/><W113/><G113/><N who="2" m="43625" /><F126/><W21/><G33/><T19/><D128/><U65/><E65/><V122/><F122/><W63/><G63/><T85/><D90/><U57/><E57/><V4/><F132/><W70/><G70/><T9/><D78/><U67/><E67/><V127/><F127/><W25/><G87/><T76/><D76/><U17/><E17/><N who="2" m="10279" /><F117/><W22/><G94/><T55/><D55/><U44/><E44/><V56/><F56/><W8/><G118/><T72/><D72/><U102/><E102/><V35/><F14/><W6/><G6/><T129/><D129/><U26/><E26/><AGARI ba="1,0" hai="7,8,13,21,22,25,26,29,31,92,97,103,116,119" machi="26" ten="40,5200,0" yaku="9,1,52,2" doraHai="18" who="3" fromWho="1" sc="156,0,162,-55,384,0,298,55" /><INIT seed="3,0,0,2,1,34" ten="156,107,384,353" oya="3" hai0="59,118,103,89,56,124,96,63,8,21,32,67,52" hai1="135,92,9,132,48,122,39,105,10,36,6,18,72" hai2="4,113,127,30,106,117,81,73,53,28,75,79,2" hai3="93,22,111,98,29,116,104,74,68,47,82,123,3"/><W133/><G116/><T129/><D118/><U119/><E105/><V107/><F117/><W70/><G123/><T110/><D32/><U25/><E119/><V109/><F113/><W85/><G22/><T16/><D110/><U17/><E72/><V65/><F109/><W77/><G111/><T23/><D129/><U94/><E48/><V57/><F65/><W55/><G29/><T14/><D89/><U128/><E25/><V64/><F64/><W44/><G133/><T134/><D124/><U20/><E20/><V15/><F2/><W35/><G35/><T31/><D31/><U1/><E6/><V87/><F127/><W108/><G108/><T26/><D26/><U11/><E11/><N who="2" m="4583" /><F107/><W40/><G55/><T131/><D131/><U33/><E128/><V126/><F106/><W61/><G61/><N who="0" m="35975" /><D134/><U80/><E33/><V43/><F126/><W71/><G3/><T101/><D101/><U42/><E42/><V83/><F43/><W112/><G112/><T24/><D24/><U27/><E27/><V125/><F125/><W62/><G62/><T78/><D78/><U69/><E69/><V88/><F73/><W99/><G40/><T66/><D66/><U58/><E58/><V0/><F0/><W7/><G7/><T50/><D50/><U84/><E1/><V13/><F13/><W76/><G76/><T130/><D130/><U5/><E5/><V120/><F120/><W114/><G114/><T49/><D49/><U38/><E122/><V100/><F100/><W102/><G74/><T91/><D103/><U51/><E38/><V97/><F97/><RYUUKYOKU ba="0,0" sc="156,10,107,-30,384,10,353,10" hai0="8,14,16,21,23,59,63,67,91,96" hai2="28,30,53,57,75,79,81,83,87,88" hai3="44,47,68,70,71,77,82,85,93,98,99,102,104" /><INIT seed="3,1,0,2,0,100" ten="166,77,394,363" oya="3" hai0="105,96,63,52,123,117,133,55,97,88,106,37,101" hai1="1,57,54,110,86,73,16,82,111,68,39,80,10" hai2="5,129,38,60,99,120,87,74,79,134,77,17,56" hai3="61,58,112,70,34,4,135,85,59,131,49,11,43"/><W27/><G112/><T91/><D117/><U41/><E68/><V104/><F74/><W114/><G114/><T121/><D37/><U36/><E1/><V84/><F38/><W28/><G131/><T95/><D133/><U33/><E33/><V64/><F129/><W83/><G135/><T19/><D19/><U108/><E73/><V9/><F134/><W25/><G25/><T76/><D76/><N who="2" m="29258" /><F104/><W32/><G32/><T26/><D26/><U6/><E6/><V0/><F0/><W14/><G70/><T92/><D101/><U44/><E39/><V3/><F3/><W119/><G119/><T90/><D90/><U128/><E128/><V46/><F120/><W71/><G71/><T50/><D50/><U2/><E86/><N who="2" m="32811" /><F99/><W40/><G49/><T45/><D45/><U107/><E2/><V31/><F31/><W24/><G24/><T98/><D98/><U20/><E10/><V132/><F132/><W116/><G116/><T130/><D130/><U115/><E115/><V47/><F5/><W42/><REACH who="3" step="1"/><G61/><AGARI ba="1,0" hai="52,55,61,63,88,91,92,95,96,97,105,106,121,123" machi="61" ten="25,12000,2" yaku="22,2,52,2,54,2" doraHai="100" who="0" fromWho="3" sc="166,123,77,0,394,0,363,-123" owari="289,8.9,77,-42.3,394,49.4,240,-16.0" /></mjloggm>