<mjloggm ver="2.3"><GO type="225" lobby="0"/><UN n0="%E5%A4%8F%E9%88%B4%E9%88%B4%E5%A4%8F" n1="%E3%81%A4%E3%81%A3%E3%81%B1%E3%82%8A%E3%83%9D%E3%83%BC%E3%83%AB" n2="%E3%80%90%E8%92%BC%E7%90%89%E3%80%91" n3="%E3%83%A9%E3%82%B9%E7%8E%87%EF%BC%93%E5%89%B2" dan="16,17,16,16" rate="2124.96,2192.08,2158.05,2198.34" sx="F,M,F,F"/><TAIKYOKU oya="0"/><INIT seed="0,0,0,1,4,67" ten="250,250,250,250" oya="0" hai0="126,56,103,70,49,129,123,14,3,58,122,133,26" hai1="44,6,62,15,34,88,78,7,134,41,115,20,120" hai2="61,124,55,30,1,95,81,66,75,46,60,107,106" hai3="98,24,69,130,32,112,42,127,18,118,9,119,76"/><T97/><D3/><U17/><E34/><V83/><F1/><W110/><G112/><T132/><D126/><U80/><E120/><V104/><F124/><W77/><G127/><T8/><D129/><U113/><E134/><N who="0" m="51817" /><D26/><U2/><E62/><V36/><F30/><W29/><G110/><T108/><D108/><U72/><E88/><V50/><F36/><W105/><G42/><T89/><D89/><U92/><E92/><V43/><F75/><W28/><G18/><N who="0" m="8519" /><D70/><U93/><E93/><V54/><F95/><W102/><G130/><T82/><D82/><U65/><E65/><V125/><F125/><W39/><G69/><T109/><D109/><U86/><E86/><V57/><REACH who="2" step="1"/><F43/><REACH who="2" ten="250,250,240,250" step="2"/><W52/><G29/><T12/><D123/><U51/><REACH who="1" step="1"/><E2/><REACH who="1" ten="250,240,240,250" step="2"/><V40/><F40/><W64/><G32/><T90/><D122/><U91/><E91/><V117/><F117/><W114/><G119/><T128/><D90/><U121/><E121/><V11/><F11/><W37/><G118/><T23/><D128/><U94/><E94/><V48/><F48/><W79/><G9/><T131/><D49/><U71/><E71/><AGARI ba="0,2" hai="46,50,54,55,57,60,61,66,71,81,83,104,106,107" machi="71" ten="40,2600,0" yaku="1,1,52,1,53,0" doraHai="67" doraHaiUra="73" who="2" fromWho="1" sc="250,0,240,-26,240,46,250,0" /><INIT seed="1,0,0,3,5,76" ten="250,214,286,250" oya="1" hai0="60,15,95,61,114,109,34,66,90,33,68,44,52" hai1="58,5,106,93,125,65,37,18,2,45,98,41,36" hai2="100,130,9,32,111,85,115,88,54,17,116,30,55" hai3="48,1,14,51,82,126,80,69,132,0,135,97,31"/><U25/><E125/><V121/><F116/><W83/><G126/><T84/><D114/><U73/><E106/><V56/><F121/><W57/><G69/><T50/><D109/><U104/><E104/><V23/><F111/><W35/><G14/><T72/><D72/><U120/><E120/><V75/><F75/><W39/><G39/><T131/><D131/><U129/><E129/><V117/><F117/><W8/><G97/><T43/><D15/><U20/><E73/><V21/><F130/><W6/><G1/><T63/><D60/><U79/><E79/><V13/><F100/><W108/><G108/><T40/><REACH who="0" step="1"/><D61/><REACH who="0" ten="240,214,286,250" step="2"/><U128/><E128/><V71/><F115/><W103/><G103/><T94/><D94/><U47/><E2/><V53/><F71/><W133/><G57/><T3/><D3/><U42/><E5/><V81/><REACH who="2" step="1"/><F56/><REACH who="2" ten="240,214,276,250" step="2"/><W59/><REACH who="3" step="1"/><G59/><REACH who="3" ten="240,214,276,240" step="2"/><T123/><D123/><U99/><E58/><V19/><F19/><W64/><G64/><T89/><D89/><U70/><E65/><V112/><F112/><W110/><G110/><T74/><D74/><U113/><E70/><V26/><AGARI ba="0,3" hai="9,13,17,21,23,26,30,32,53,54,55,81,85,88" machi="26" ten="30,7900,0" yaku="1,1,0,1,52,1,54,1,53,0" doraHai="76" doraHaiUra="96" who="2" fromWho="2" sc="240,-20,214,-39,276,109,240,-20" /><INIT seed="2,0,0,1,0,125" ten="220,175,385,220" oya="2" hai0="93,134,82,55,94,130,95,129,107,59,61,41,23" hai1="40,128,1,36,116,63,51,121,114,106,58,86,69" hai2="34,104,54,39,99,5,75,65,53,131,70,56,113" hai3="100,92,73,89,48,11,79,37,132,96,30,6,109"/><V74/><F34/><W90/><G109/><T91/><D107/><U67/><E106/><V118/><F39/><W21/><G132/><T31/><D134/><U22/><E1/><V18/><F113/><W117/><G117/><T25/><REACH who="0" step="1"/><D41/><REACH who="0" ten="210,175,385,220" step="2"/><U87/><E114/><V126/><F104/><W103/><G37/><T76/><D76/><U71/><E116/><V49/><F118/><W83/><G79/><T120/><D120/><U33/><E121/><V44/><F126/><W12/><G73/><T0/><D0/><U15/><E36/><V88/><F74/><W42/><G42/><T2/><D2/><U84/><E33/><V66/><F75/><W27/><G48/><T38/><D38/><U50/><E40/><V102/><F49/><W60/><G60/><T85/><AGARI ba="0,1" hai="23,25,31,55,59,61,82,85,91,93,94,95,129,130" machi="85" ten="30,7900,0" yaku="1,1,0,1,52,2,53,0" doraHai="125" doraHaiUra="62" who="0" fromWho="0" sc="210,89,175,-20,385,-39,220,-20" /><INIT seed="3,0,0,2,1,89" ten="299,155,346,200" oya="3" hai0="44,130,46,79,64,135,42,68,111,114,31,50,10" hai1="52,101,13,92,128,47,125,84,134,121,29,22,32" hai2="99,85,97,33,83,36,5,51,41,35,27,98,7" hai3="100,53,48,62,132,49,66,123,104,96,20,88,87"/><W65/><G123/><T116/><D116/><U120/><E128/><V118/><F36/><W133/><G20/><T15/><D111/><U56/><E134/><N who="3" m="51818" /><G62/><T3/><D130/><U37/><E125/><V91/><F118/><W55/><G49/><T1/><D135/><U28/><E32/><V9/><F27/><W0/><G0/><T58/><D79/><U23/><E121/><V80/><F80/><W26/><G26/><T110/><D110/><U45/><E37/><V73/><F73/><W38/><G38/><T57/><D31/><N who="1" m="11851" /><E120/><V106/><F106/><W19/><G19/><T113/><D46/><N who="1" m="17419" /><E13/><V71/><F71/><W105/><G105/><T126/><D126/><U61/><E84/><V124/><F124/><W18/><G18/><N who="0" m="8567" /><D68/><U82/><E82/><V81/><F81/><N who="3" m="49263" /><G55/><T21/><D21/><U4/><E4/><V67/><F5/><W117/><G117/><T25/><D25/><U6/><E6/><V16/><F7/><W127/><G127/><T78/><D64/><U76/><E76/><V131/><F67/><W70/><G70/><T30/><D78/><U94/><E94/><V11/><F33/><W108/><G108/><T103/><D30/><U77/><E77/><V72/><F35/><W8/><G8/><T12/><D12/><U86/><E86/><V54/><F9/><W129/><G129/><T59/><D1/><U39/><E39/><V112/><F131/><W60/><G60/><T40/><D3/><U43/><E43/><V74/><F11/><W2/><G2/><T14/><D40/><U115/><E115/><N who="0" m="44041" /><D14/><U34/><E34/><RYUUKYOKU ba="0,0" sc="299,10,155,10,346,-30,200,10" hai0="42,44,50,57,58,59,103" hai1="22,23,52,56,61,92,101" hai3="48,53,65,66,96,100,104" /><INIT seed="3,1,0,1,0,78" ten="309,165,316,210" oya="3" hai0="80,102,119,97,92,17,3,55,58,8,129,116,6" hai1="24,111,18,67,105,56,32,109,95,100,44,68,101" hai2="96,63,122,126,40,41,131,22,20,108,74,112,4" hai3="33,21,118,134,130,83,61,29,53,47,31,19,110"/><W66/><G118/><T132/><D129/><U13/><E105/><V10/><F74/><W37/><G130/><T7/><D132/><U5/><E68/><V125/><F112/><W87/><G33/><T133/><D133/><U0/><E44/><V26/><F108/><N who="1" m="41545" /><E67/><V62/><F96/><W135/><G110/><T35/><D35/><U23/><E56/><V36/><F122/><W128/><G128/><T73/><D7/><U70/><E95/><V69/><F20/><W94/><G94/><T72/><D17/><U39/><E39/><V15/><F36/><W99/><G99/><T93/><D72/><U51/><E51/><V82/><F62/><W46/><G135/><T1/><D1/><U107/><E70/><V75/><F63/><W114/><G114/><T48/><D92/><U9/><E107/><V28/><F69/><W76/><G134/><T65/><D65/><U91/><E91/><V60/><F60/><W88/><G37/><T25/><REACH who="0" step="1"/><D25/><REACH who="0" ten="299,165,316,210" step="2"/><N who="1" m="14583" /><E101/><V86/><F131/><W11/><G66/><T38/><D38/><U30/><E100/><V12/><F75/><W106/><G106/><T124/><D124/><U54/><E54/><V52/><F52/><W50/><G53/><T84/><D84/><U57/><E57/><V71/><F125/><W121/><G87/><T113/><D113/><U120/><E120/><V89/><F126/><W103/><G121/><T2/><D2/><AGARI ba="1,1" hai="0,2,5,9,13,24,30,32" m="14583,41545" machi="2" ten="30,3900,0" yaku="14,1,34,2" doraHai="78" who="1" fromWho="0" sc="299,-42,165,52,316,0,210,0" owari="257,5.7,217,-18.3,316,41.6,210,-29.0" /></mjloggm>