<mjloggm ver="2.3"><GO type="225" lobby="0"/><UN n0="%E3%82%AF%E3%82%A3%E3%82%A6" n1="%E3%83%94%E3%83%B3%E3%82%B5%E3%83%AD%E5%BA%97%E5%93%A1" n2="%E3%81%90%E3%81%A1%E3%82%84%E3%81%BE" n3="%E6%98%93%E5%88%A9%E8%96%A9%E4%BC%AF" dan="16,17,16,17" rate="2069.05,2251.21,2146.83,2215.34" sx="M,M,M,F"/><TAIKYOKU oya="0"/><INIT seed="0,0,0,2,2,0" ten="250,250,250,250" oya="0" hai0="86,83,36,71,105,130,122,17,56,95,13,3,134" hai1="131,20,46,6,52,116,26,84,108,111,22,39,40" hai2="58,94,98,59,7,73,64,118,68,51,62,14,4" hai3="72,128,34,91,10,44,112,67,41,31,100,25,75"/><T101/><D71/><U70/><E116/><V97/><F73/><W87/><G112/><T89/><D3/><U2/><E70/><V28/><F118/><W82/><G128/><T66/><D36/><U114/><E131/><V42/><F68/><W47/><G67/><T11/><D130/><U16/><E114/><V33/><F33/><W15/><G100/><T93/><D122/><U45/><E84/><V8/><F28/><W99/><G99/><N who="2" m="37897" /><F94/><N who="0" m="35850" /><D105/><U74/><E74/><V24/><F24/><W54/><G47/><T5/><D134/><U61/><E22/><V110/><F110/><N who="1" m="42025" /><E46/><N who="2" m="26071" /><F58/><W32/><G32/><T81/><D101/><U63/><E52/><V60/><F60/><W129/><G129/><T53/><D66/><U79/><E79/><V57/><F57/><W76/><G91/><T92/><D17/><AGARI ba="0,0" hai="4,7,8,14,17,59,62,64" m="26071,37897" machi="17" ten="30,3900,0" yaku="8,1,52,2" doraHai="0" who="2" fromWho="0" sc="250,-39,250,0,250,39,250,0" /><INIT seed="1,0,0,4,4,88" ten="211,250,289,250" oya="1" hai0="52,76,119,22,133,107,27,77,120,54,109,6,9" hai1="63,60,35,38,36,49,79,68,86,66,33,135,101" hai2="106,28,19,2,100,15,102,39,72,30,44,90,14" hai3="118,55,104,43,114,48,23,41,57,96,115,117,67"/><U129/><E129/><V110/><F2/><W108/><G23/><T16/><D119/><N who="3" m="45577" /><G104/><T31/><D107/><U82/><E135/><V105/><F72/><W37/><G96/><T17/><D109/><U74/><E101/><V73/><F73/><W7/><G7/><T62/><D120/><U69/><E49/><V70/><F70/><W50/><G37/><N who="1" m="14442" /><E86/><V13/><F102/><W42/><G67/><AGARI ba="0,0" hai="33,35,60,63,66,67,68,69,74,79,82" m="14442" machi="67" ten="30,2900,0" yaku="33,2" doraHai="88" who="1" fromWho="3" sc="211,0,250,29,289,0,250,-29" /><INIT seed="1,1,0,5,2,63" ten="211,279,289,221" oya="1" hai0="134,77,127,117,21,53,69,82,34,85,16,116,37" hai1="4,11,42,105,33,111,91,119,55,10,81,109,26" hai2="92,24,65,64,17,93,95,120,123,84,103,56,124" hai3="47,110,2,3,58,112,25,90,100,5,32,62,121"/><U18/><E119/><V36/><F36/><W48/><G112/><T89/><D34/><U7/><E105/><V83/><F124/><W27/><G110/><N who="1" m="41994" /><E42/><V59/><F103/><W113/><G121/><T76/><D37/><U135/><E55/><V43/><F43/><W75/><G75/><T13/><D127/><U79/><E91/><V22/><F123/><W97/><G90/><T74/><D134/><U78/><E135/><V131/><F131/><W14/><G14/><T98/><D69/><U44/><E44/><V12/><F120/><W9/><G3/><T52/><D77/><N who="1" m="29195" /><E81/><V0/><F0/><W102/><G102/><T30/><D98/><U20/><E33/><V73/><F73/><W133/><G32/><T50/><D30/><U46/><E46/><V104/><F104/><W106/><G133/><T71/><D71/><U87/><E87/><V118/><F118/><W29/><G29/><T122/><D122/><U86/><E86/><V94/><N who="2" m="23552" /><DORA hai="38" /><V19/><F83/><W101/><G101/><T8/><D117/><U57/><E57/><N who="2" m="22091" /><F84/><W125/><G125/><T39/><D116/><U129/><E129/><V88/><F88/><W51/><G51/><T107/><D39/><U49/><E49/><V35/><F35/><W132/><G132/><T1/><D107/><U40/><E40/><V130/><F130/><W28/><G100/><T66/><D50/><U108/><N who="1" m="42002" /><U67/><DORA hai="23" /><E67/><V96/><F96/><W114/><G97/><T70/><D70/><U72/><E72/><V45/><F45/><W115/><G106/><T126/><D66/><RYUUKYOKU ba="1,0" sc="211,-15,279,15,289,15,221,-15" hai1="4,7,10,11,18,20,26" hai2="12,17,19,22,24,64,65" /><INIT seed="1,2,0,2,5,86" ten="196,294,304,206" oya="1" hai0="101,18,4,90,19,9,31,55,118,0,8,135,3" hai1="103,99,63,80,112,46,29,51,61,10,105,82,25" hai2="26,108,28,96,77,54,50,97,12,83,94,14,23" hai3="115,71,59,107,133,45,27,87,102,104,49,16,129"/><U68/><E112/><V7/><F108/><W84/><G71/><T70/><D70/><U21/><E10/><V67/><F67/><W131/><G115/><T81/><D101/><U117/><E117/><V74/><F7/><W73/><G73/><T11/><D118/><U56/><E68/><V53/><F94/><W75/><G75/><T38/><D38/><U33/><E33/><V78/><F78/><W15/><G27/><T66/><D66/><U111/><E111/><V92/><F54/><W134/><G59/><T24/><D135/><N who="3" m="51721" /><G87/><T13/><D55/><U128/><E128/><N who="3" m="49226" /><G84/><T17/><D90/><U123/><E123/><V20/><F74/><W37/><G102/><T44/><D44/><U6/><E6/><V43/><F26/><W60/><G37/><T30/><D81/><U22/><E56/><V114/><F83/><W110/><G60/><T58/><D58/><U125/><E63/><V88/><F114/><W1/><G1/><N who="0" m="587" /><D31/><U120/><E61/><V122/><F28/><W79/><G79/><T47/><D47/><U34/><E82/><V36/><F77/><W127/><G110/><T109/><D109/><U100/><E100/><V132/><F36/><W76/><G76/><T5/><D5/><U95/><E80/><V65/><F132/><W48/><G127/><T42/><D42/><N who="1" m="25047" /><E125/><V93/><F43/><N who="3" m="24639" /><G49/><T52/><D52/><U130/><E130/><V39/><F53/><W32/><G32/><AGARI ba="2,0" hai="4,8,9,11,13,17,18,19,24,30,32" m="587" machi="32" ten="30,8000,1" yaku="35,5" doraHai="86" who="0" fromWho="3" sc="196,86,294,0,304,0,206,-86" /><INIT seed="2,0,0,4,4,88" ten="282,294,304,120" oya="2" hai0="135,120,89,59,98,61,133,2,84,128,72,31,118" hai1="74,116,95,55,10,94,23,32,14,3,33,101,103" hai2="86,77,85,63,15,93,48,44,125,87,105,29,39" hai3="71,91,129,114,104,24,22,49,81,53,130,67,6"/><V0/><F0/><W13/><G104/><T28/><D2/><U47/><E116/><V58/><F105/><W99/><G114/><T69/><D120/><U115/><E74/><V121/><F121/><W1/><G1/><T42/><D72/><U26/><E115/><V20/><F39/><W46/><G71/><T8/><D118/><U35/><E3/><V109/><F125/><W131/><G67/><T65/><D128/><U30/><E103/><V76/><F109/><W70/><G70/><T127/><D127/><U112/><E101/><V96/><F29/><N who="0" m="11338" /><D8/><U124/><E112/><V132/><F132/><N who="0" m="50762" /><D98/><U100/><E100/><N who="2" m="60431" /><F15/><W57/><G81/><N who="0" m="49295" /><D42/><U92/><E124/><V51/><F20/><W90/><G99/><T50/><D50/><N who="2" m="18986" /><F44/><W43/><G46/><T82/><D82/><U40/><E40/><V41/><F41/><W21/><G43/><T107/><D107/><U54/><REACH who="1" step="1"/><E47/><REACH who="1" ten="282,284,304,120" step="2"/><V56/><F56/><AGARI ba="0,1" hai="56,59,61,65,69" m="49295,50762,11338" machi="56" ten="30,1000,0" yaku="20,1" doraHai="88" who="0" fromWho="2" sc="282,20,284,0,304,-10,120,0" /><INIT seed="3,0,0,2,0,78" ten="302,284,294,120" oya="3" hai0="122,7,11,18,56,50,79,15,100,134,95,125,85" hai1="93,31,1,59,81,83,29,13,130,8,17,20,14" hai2="86,4,74,132,39,82,37,120,24,5,80,2,28" hai3="65,46,26,77,102,43,61,32,109,73,67,30,44"/><W126/><G126/><T54/><D122/><U70/><E70/><V19/><F120/><W49/><G109/><T63/><D125/><U69/><E69/><V22/><F132/><W84/><G73/><T115/><D134/><U112/><E112/><V0/><F5/><W62/><G102/><T64/><D115/><U119/><E1/><V123/><F123/><W87/><G46/><N who="0" m="27991" /><D79/><U97/><E130/><V52/><F4/><W94/><G94/><T38/><D38/><U113/><E119/><V114/><F114/><W16/><G16/><T51/><D51/><U121/><E121/><V131/><F131/><W99/><G99/><N who="0" m="59519" /><D85/><U129/><E129/><V92/><F74/><W23/><G32/><T33/><D33/><U117/><E117/><V106/><F106/><W27/><G27/><T133/><D133/><U76/><E59/><V6/><F0/><W91/><G77/><T105/><D105/><U42/><E42/><V118/><F118/><W68/><REACH who="3" step="1"/><G91/><REACH who="3" ten="302,284,294,110" step="2"/><T40/><D18/><N who="1" m="10319" /><E113/><V60/><F19/><W88/><G88/><T111/><D111/><U101/><E76/><V35/><F35/><W55/><G55/><T21/><D21/><U34/><E34/><V98/><F92/><W135/><G135/><T66/><D66/><U10/><E10/><N who="2" m="2391" /><F98/><W127/><G127/><T45/><D45/><U48/><E48/><V107/><F107/><W9/><G9/><T103/><D103/><U124/><E124/><V72/><F72/><W90/><G90/><T89/><D89/><U25/><E25/><V116/><F116/><W57/><AGARI ba="0,1" hai="23,26,30,43,44,49,57,61,62,65,67,68,84,87" machi="57" ten="20,3900,0" yaku="1,1,0,1,7,1,53,0" doraHai="78" doraHaiUra="71" who="3" fromWho="3" sc="302,-13,284,-13,294,-13,110,49" /><INIT seed="3,1,0,5,0,121" ten="289,271,281,159" oya="3" hai0="105,90,116,68,72,57,22,33,5,78,124,45,40" hai1="103,73,41,55,129,83,7,117,65,8,93,70,89" hai2="4,56,81,67,134,61,74,49,91,115,101,19,80" hai3="51,97,104,46,6,106,113,32,118,84,14,44,131"/><W107/><G113/><T12/><D33/><U133/><E41/><V135/><F115/><W17/><G118/><T114/><D114/><U60/><E117/><V2/><F101/><W125/><G32/><T112/><D112/><U87/><E129/><V79/><F19/><W127/><G131/><T31/><D68/><U42/><E133/><V38/><F38/><W64/><G6/><T26/><D116/><U94/><E42/><V109/><F49/><W102/><G64/><T54/><D105/><U10/><E55/><V15/><F2/><W63/><G63/><T100/><D124/><N who="3" m="47689" /><G84/><T82/><D100/><U75/><E10/><V108/><F4/><W66/><G66/><T3/><D90/><U53/><E53/><V96/><F15/><W111/><G111/><N who="2" m="42569" /><F81/><W130/><G130/><T47/><D3/><U52/><E52/><V24/><F24/><W122/><G122/><T18/><D40/><U128/><E128/><V0/><F0/><W25/><G25/><T95/><D5/><U126/><E126/><V120/><F120/><W36/><G36/><T99/><D31/><U35/><E35/><V88/><F96/><W59/><G59/><T50/><D26/><U86/><E103/><V20/><F135/><W21/><G51/><T27/><D27/><U92/><REACH who="1" step="1"/><E87/><REACH who="1" ten="289,261,281,159" step="2"/><V43/><F134/><W77/><G77/><T37/><D37/><U9/><E9/><V62/><F20/><W132/><G132/><T48/><D48/><U85/><E85/><V98/><F62/><W39/><G39/><T16/><D57/><U110/><E110/><V58/><F61/><RYUUKYOKU ba="1,1" sc="289,-15,261,15,281,-15,159,15" hai1="7,8,60,65,70,73,75,83,86,89,92,93,94" hai3="14,17,21,44,46,97,102,104,106,107" /><INIT seed="3,2,1,1,3,11" ten="274,276,266,174" oya="3" hai0="57,51,17,90,103,6,28,102,73,23,107,116,63" hai1="33,16,46,114,66,86,132,35,40,7,39,72,108" hai2="82,3,121,55,91,79,104,81,100,109,120,123,118" hai3="76,4,38,74,106,25,15,124,68,22,99,20,89"/><W14/><G38/><T50/><D116/><U27/><E114/><V130/><F118/><W21/><G68/><T18/><D73/><U24/><E72/><V56/><F3/><W131/><G131/><T122/><D122/><U128/><E7/><V37/><F37/><W60/><G124/><T88/><D6/><U127/><E128/><V84/><F130/><W8/><G25/><N who="0" m="16447" /><D107/><U61/><E127/><V59/><F109/><W129/><G129/><T92/><D18/><U29/><E108/><V32/><F32/><W97/><G74/><T19/><D17/><U77/><E132/><V80/><F59/><W95/><G76/><T126/><D19/><U111/><E111/><V2/><F2/><W42/><G42/><T1/><D1/><U52/><E52/><V134/><F134/><W9/><G106/><T94/><D126/><U105/><E105/><V64/><F64/><W5/><G60/><T47/><D94/><U26/><E16/><V78/><F56/><W87/><AGARI ba="2,1" hai="4,5,8,9,14,15,20,21,22,87,89,95,97,99" machi="87" ten="30,12000,1" yaku="0,1,9,1,8,1,52,2" doraHai="11" who="3" fromWho="3" sc="274,-42,276,-42,266,-42,174,136" owari="232,-16.8,234,3.4,224,-27.6,310,41.0" /></mjloggm>