<mjloggm ver="2.3"><GO type="225" lobby="0"/><UN n0="%E3%81%8B%E3%82%8F%E3%81%A1%E3%82%83%E3%82%93%35%38" n1="%E3%82%B3%E3%83%90%E3%83%AC%E3%82%A4" n2="%E6%9C%88%E5%A4%9C%E3%81%AB%E9%A2%A8" n3="%E5%91%A8%E6%9D%B1" dan="16,16,16,16" rate="2169.58,2157.76,2079.15,2168.73" sx="M,M,M,M"/><TAIKYOKU oya="0"/><INIT seed="0,0,0,5,2,88" ten="250,250,250,250" oya="0" hai0="13,66,83,76,32,3,120,62,85,42,106,44,57" hai1="63,29,43,110,51,21,26,5,118,93,132,69,15" hai2="2,103,33,90,7,0,111,98,10,68,130,108,117" hai3="12,47,49,28,96,116,119,16,80,129,61,131,1"/><T54/><D3/><U50/><E118/><V11/><F117/><W112/><G112/><T20/><D32/><U56/><E132/><V121/><F121/><W55/><G1/><T58/><D106/><U67/><E110/><N who="2" m="42027" /><F33/><W6/><G6/><T73/><D120/><U122/><E122/><V101/><F68/><W104/><G28/><T97/><D73/><U71/><E69/><V27/><F27/><W53/><G80/><T115/><D115/><U94/><E71/><V23/><F23/><W125/><G125/><T38/><D97/><U19/><E5/><N who="2" m="1319" /><F130/><N who="3" m="49675" /><G55/><T59/><REACH who="0" step="1"/><D54/><REACH who="0" ten="240,250,250,250" step="2"/><U92/><REACH who="1" step="1"/><E43/><REACH who="1" ten="240,240,250,250" step="2"/><V78/><F2/><W70/><G119/><T79/><D79/><U99/><E99/><V107/><F78/><W84/><G116/><T52/><D52/><U102/><E102/><V75/><F103/><W9/><G96/><T39/><D39/><U30/><E30/><V89/><F98/><W123/><G123/><T91/><D91/><U135/><E135/><V77/><F101/><W48/><G104/><T35/><D35/><AGARI ba="0,2" hai="15,19,21,26,29,35,50,51,56,63,67,92,93,94" machi="35" ten="40,8000,1" yaku="1,1,52,3,53,1" doraHai="88" doraHaiUra="31" who="1" fromWho="0" sc="240,-80,240,100,250,0,250,0" /><INIT seed="1,0,0,1,0,132" ten="160,340,250,250" oya="1" hai0="57,3,120,45,87,60,2,47,29,65,25,15,18" hai1="129,6,123,109,68,106,13,124,7,43,28,131,88" hai2="58,52,83,100,61,86,14,20,76,72,92,11,0" hai3="98,133,38,35,55,119,31,104,125,71,75,79,96"/><U95/><E68/><V105/><F0/><W26/><G55/><T118/><D118/><U27/><E106/><V102/><F20/><W9/><G98/><T56/><D120/><U41/><E123/><V37/><F37/><W127/><G119/><T49/><D2/><U50/><E109/><V77/><F105/><W51/><G51/><T99/><D3/><U19/><E50/><V74/><F74/><W36/><G9/><T54/><D99/><U5/><E43/><V78/><F72/><W34/><G34/><T17/><D87/><N who="1" m="52639" /><E41/><V110/><F110/><W8/><G8/><T67/><D67/><U89/><E89/><N who="2" m="53303" /><F83/><N who="3" m="45567" /><G71/><T113/><D113/><U23/><E28/><V32/><F32/><W30/><G30/><T69/><D69/><U12/><E27/><V121/><F121/><W10/><G10/><T64/><D64/><U44/><E13/><V130/><F130/><N who="1" m="49673" /><E44/><V108/><F108/><W40/><G133/><T114/><D114/><U90/><E90/><V63/><F63/><W115/><G115/><T94/><D94/><U24/><E24/><V85/><F85/><W81/><G81/><T33/><REACH who="0" step="1"/><D18/><AGARI ba="0,0" hai="11,14,18,52,58,61,76,77,78,100,102" m="53303" machi="18" ten="30,2000,0" yaku="8,1,54,1" doraHai="132" who="2" fromWho="0" sc="160,-20,340,0,250,20,250,0" /><INIT seed="2,0,0,3,0,93" ten="140,340,270,250" oya="2" hai0="88,130,3,56,123,8,52,26,89,113,5,103,83" hai1="27,117,128,129,42,10,116,127,94,80,74,57,111" hai2="12,68,72,49,25,77,135,36,67,86,38,102,60" hai3="32,64,30,119,121,0,87,81,20,75,15,51,29"/><V34/><F135/><W7/><G121/><T131/><D113/><U11/><E42/><V41/><F86/><W91/><G119/><T69/><D69/><U100/><E57/><V99/><F12/><W133/><G133/><T109/><D123/><U85/><E27/><V2/><F49/><W46/><G32/><T61/><D109/><U54/><E54/><V59/><F59/><W33/><G33/><T105/><D26/><U134/><E10/><V35/><F2/><W65/><G75/><T120/><D120/><U122/><E11/><V23/><F23/><W37/><G37/><T6/><D6/><U114/><E122/><V107/><F41/><W55/><G0/><T90/><REACH who="0" step="1"/><D83/><REACH who="0" ten="130,340,270,250" step="2"/><U125/><E111/><V95/><F35/><W108/><G108/><T40/><D40/><U106/><E114/><V9/><F25/><W58/><G7/><T62/><D62/><U47/><E134/><V24/><F24/><W97/><G29/><T63/><D63/><U21/><E117/><V14/><F34/><W4/><G4/><T70/><D70/><U53/><E116/><V118/><F118/><W19/><G30/><T50/><D50/><U43/><E43/><V39/><F39/><W18/><G18/><T1/><D1/><U96/><E80/><V82/><F38/><W16/><G19/><T22/><D22/><U71/><E21/><V17/><F36/><W112/><G112/><T13/><D13/><U104/><E71/><V31/><F31/><W76/><G46/><T28/><D28/><U73/><E47/><V98/><F68/><W44/><G44/><RYUUKYOKU ba="0,1" sc="130,15,340,-15,270,-15,250,15" hai0="3,5,8,52,56,61,88,89,90,103,105,130,131" hai3="15,16,20,51,55,58,64,65,76,81,87,91,97" /><INIT seed="3,1,1,4,0,78" ten="145,325,255,265" oya="3" hai0="123,5,103,9,83,42,17,104,60,74,122,62,128" hai1="37,41,100,67,44,11,131,24,93,35,116,43,133" hai2="91,58,19,88,8,18,121,51,34,113,76,111,69" hai3="39,65,6,130,28,30,36,110,80,115,12,10,46"/><W3/><G115/><T22/><D128/><U89/><E116/><V53/><F113/><W117/><G117/><T57/><D42/><U126/><E131/><V54/><F111/><W63/><G130/><T99/><D122/><U134/><E67/><V85/><F69/><W56/><G110/><T73/><D73/><U86/><E43/><V94/><F34/><W106/><G106/><T26/><D123/><U15/><E100/><V124/><F124/><W21/><G46/><T2/><D74/><U92/><E126/><V32/><F32/><W45/><G45/><T101/><D101/><U95/><E24/><V129/><F129/><W68/><G68/><T72/><D72/><U132/><E35/><V20/><F76/><W38/><REACH who="3" step="1"/><G80/><REACH who="3" ten="145,325,255,255" step="2"/><T49/><D49/><U79/><E79/><V98/><F121/><W135/><G135/><T33/><D57/><U105/><E105/><V102/><F51/><W125/><G125/><T16/><D17/><AGARI ba="1,2" hai="11,15,17,37,41,44,86,89,92,93,95,132,133,134" machi="17" ten="40,1300,0" yaku="20,1" doraHai="78" who="1" fromWho="0" sc="145,-16,325,36,255,0,255,0" /><AGARI ba="1,0" hai="3,6,10,12,17,21,28,30,36,38,39,56,63,65" machi="17" ten="40,2000,0" yaku="1,1,53,0" doraHai="78" doraHaiUra="97" who="3" fromWho="0" sc="129,-20,361,0,255,0,255,20" /><INIT seed="3,2,0,2,2,105" ten="109,361,255,275" oya="3" hai0="71,83,53,60,19,38,54,86,65,133,33,6,96" hai1="50,48,113,23,52,0,1,10,130,68,2,76,75" hai2="12,35,29,93,73,9,132,99,59,77,70,85,106" hai3="64,14,94,98,26,89,31,87,13,125,110,90,135"/><W91/><G125/><T15/><D133/><U57/><E68/><V27/><F132/><W81/><G135/><T101/><D6/><U20/><E113/><V32/><F70/><W80/><G110/><T56/><D15/><U112/><E112/><V61/><F106/><W82/><G64/><T22/><D22/><U25/><E130/><V129/><F129/><W30/><G87/><T102/><D19/><U45/><E10/><V66/><F85/><W39/><G39/><T109/><D109/><U84/><E75/><V97/><F35/><W4/><G30/><T63/><D38/><U134/><E134/><V92/><F77/><W42/><G42/><T16/><D86/><U49/><E45/><V131/><F73/><W115/><G115/><T100/><D83/><U3/><E0/><V44/><F44/><W62/><G62/><T126/><D126/><U118/><E118/><V124/><F131/><W8/><REACH who="3" step="1"/><G14/><REACH who="3" ten="109,361,255,265" step="2"/><T34/><D54/><U18/><E84/><V5/><REACH who="2" step="1"/><F124/><REACH who="2" ten="109,361,245,265" step="2"/><W111/><G111/><T74/><D74/><U37/><E37/><V11/><F11/><W21/><AGARI ba="2,2" hai="4,8,13,21,26,31,80,81,82,89,90,91,94,98" machi="21" ten="30,11700,0" yaku="1,1,0,1,8,1,53,1" doraHai="105" doraHaiUra="95" who="3" fromWho="3" sc="109,-41,361,-41,245,-41,265,143" owari="68,-43.2,320,12.0,204,-19.6,408,50.8" /></mjloggm>