<mjloggm ver="2.3"><GO type="225" lobby="0"/><UN n0="%E3%83%96%E3%83%83%E3%83%91%E3%82%AA%E3%83%96%E3%83%81%E3%82%AD%E3%83%B3" n1="%E6%97%A5%E6%9B%9C%E6%97%A5%E3%82%88%E3%82%8A%E3%81%AE%E4%BD%BF%E8%80%85" n2="%E7%99%BD%E5%80%89%E5%AF%9B%E4%B9%8B" n3="%E6%B7%91%E5%A5%B3%E3%81%AE%E5%97%9C%E3%81%BF" dan="16,17,16,16" rate="2217.86,2213.93,2159.05,2136.65" sx="M,M,M,M"/><TAIKYOKU oya="0"/><INIT seed="0,0,0,0,4,88" ten="250,250,250,250" oya="0" hai0="96,7,22,105,85,93,110,60,114,3,58,90,55" hai1="134,14,68,94,61,25,59,78,112,21,36,34,8" hai2="5,76,107,10,113,79,97,75,106,129,48,26,109" hai3="92,65,4,66,44,82,122,116,72,0,38,1,33"/><T102/><D114/><U100/><E36/><V77/><F113/><W2/><G116/><T53/><D110/><U69/><E112/><V19/><F109/><W62/><G33/><T120/><D120/><U133/><E34/><V117/><F117/><W108/><G108/><T84/><D22/><U80/><E69/><V37/><F37/><W16/><G122/><T67/><REACH who="0" step="1"/><D85/><REACH who="0" ten="240,250,250,250" step="2"/><U50/><E133/><V13/><F75/><W83/><G72/><T74/><D74/><U70/><E134/><V29/><F129/><W98/><G0/><T56/><D56/><U121/><E70/><V31/><F97/><W32/><G1/><T135/><D135/><U52/><E68/><V86/><F86/><W99/><G32/><T17/><D17/><U130/><E121/><V12/><F19/><W49/><G16/><T35/><D35/><U125/><E130/><V57/><F57/><W119/><G98/><T127/><D127/><U101/><E125/><V131/><F131/><W71/><G119/><T123/><D123/><U91/><E21/><V11/><F31/><W73/><G73/><T47/><D47/><U103/><E25/><V54/><F26/><W40/><G2/><T115/><D115/><U64/><E14/><V87/><F87/><W132/><G132/><T28/><D28/><U51/><E8/><AGARI ba="0,1" hai="3,7,8,53,55,58,60,67,84,90,93,96,102,105" machi="8" ten="40,3900,0" yaku="1,1,52,1,53,0" doraHai="88" doraHaiUra="9" who="0" fromWho="1" sc="240,49,250,-39,250,0,250,0" /><INIT seed="0,1,0,1,4,125" ten="289,211,250,250" oya="0" hai0="37,135,105,27,124,48,79,14,60,82,51,19,118" hai1="62,91,88,59,66,86,108,100,69,123,107,46,71" hai2="16,13,101,40,39,42,36,126,41,57,11,75,49" hai3="54,38,90,67,134,96,115,6,63,29,76,32,73"/><T97/><D118/><U12/><E123/><V68/><F75/><W33/><G115/><T117/><D117/><U24/><E108/><V8/><F68/><W58/><G38/><T85/><D124/><U104/><E24/><V26/><F126/><W35/><G134/><T130/><D37/><U21/><E46/><V50/><F39/><W52/><G6/><T128/><D135/><U81/><E91/><V98/><F36/><W53/><G73/><T72/><D27/><U87/><E87/><V131/><F131/><N who="0" m="50218" /><D72/><U43/><E43/><V119/><F119/><W106/><G76/><T64/><D97/><U92/><E92/><V84/><F26/><W122/><G122/><T28/><D28/><U5/><E100/><V80/><F11/><W93/><G106/><T7/><D7/><U65/><E5/><V2/><F2/><W113/><G113/><T111/><D105/><U4/><E107/><V129/><F129/><W1/><G1/><T34/><D34/><U10/><E104/><V120/><F120/><W102/><REACH who="3" step="1"/><G29/><REACH who="3" ten="289,211,250,240" step="2"/><T78/><D78/><U9/><E4/><N who="2" m="3207" /><F98/><W47/><G47/><T22/><D111/><U132/><E132/><V70/><F84/><W0/><G0/><T74/><D74/><U83/><E86/><V103/><F103/><AGARI ba="1,1" hai="32,33,35,52,53,54,58,63,67,90,93,96,102,103" machi="103" ten="50,3200,0" yaku="1,1,54,1,53,0" doraHai="125" doraHaiUra="3" who="3" fromWho="2" sc="289,0,211,0,250,-35,240,45" /><INIT seed="1,0,0,1,5,72" ten="289,211,215,285" oya="1" hai0="82,62,34,63,59,107,101,80,37,97,77,7,27" hai1="78,53,127,96,119,33,6,111,40,69,122,103,17" hai2="8,88,86,118,130,131,38,41,87,25,22,9,54" hai3="85,39,115,28,60,32,58,42,71,81,125,75,84"/><U109/><E119/><V68/><F68/><W13/><G115/><T35/><D37/><U89/><E122/><V47/><F118/><W0/><G0/><T135/><D135/><U104/><E33/><V31/><F87/><W52/><G125/><T43/><D43/><U91/><E69/><V98/><F98/><W15/><G71/><T29/><D7/><U70/><E70/><V124/><F124/><W5/><G32/><T45/><D45/><U134/><E127/><V12/><F54/><W20/><G39/><T10/><D10/><U11/><E134/><V95/><REACH who="2" step="1"/><F12/><REACH who="2" ten="289,211,205,285" step="2"/><W3/><G3/><T57/><D35/><U21/><E53/><V129/><AGARI ba="0,1" hai="8,9,22,25,31,38,41,47,86,88,95,129,130,131" machi="129" ten="30,8000,1" yaku="1,1,2,1,0,1,19,1,54,1,53,0" doraHai="72" doraHaiUra="51" who="2" fromWho="2" sc="289,-20,211,-40,205,90,285,-20" /><INIT seed="2,0,0,4,2,32" ten="269,171,295,265" oya="2" hai0="68,46,67,64,101,106,117,126,75,125,99,91,7" hai1="55,120,26,111,104,1,43,57,78,69,18,31,4" hai2="121,11,102,107,80,122,10,56,62,14,5,12,27" hai3="81,93,50,94,34,84,77,129,41,105,6,135,28"/><V92/><F107/><W134/><G105/><T127/><D117/><U52/><E69/><V66/><F80/><W15/><G129/><T71/><D75/><U63/><E104/><V33/><F102/><W103/><G28/><T133/><D133/><N who="3" m="50697" /><G34/><T40/><D7/><U118/><E118/><V70/><F92/><W0/><G103/><T89/><D68/><U128/><E128/><V29/><REACH who="2" step="1"/><F70/><REACH who="2" ten="269,171,285,265" step="2"/><W82/><G82/><T42/><D71/><U90/><E120/><V76/><F76/><W119/><G119/><T25/><D126/><U8/><E78/><V72/><F72/><W13/><G93/><T44/><D106/><U17/><E111/><V110/><F110/><W123/><G94/><T98/><D101/><U116/><E116/><V9/><F9/><N who="3" m="2247" /><G123/><T54/><D127/><U108/><E108/><V3/><F3/><W124/><G124/><T24/><D125/><U109/><E109/><V83/><F83/><W35/><G35/><T49/><D91/><U51/><E90/><V39/><F39/><W53/><G41/><T85/><D89/><U20/><REACH who="1" step="1"/><E43/><REACH who="1" ten="269,161,285,265" step="2"/><V132/><F132/><W88/><G77/><T48/><D40/><U79/><E79/><V23/><F23/><W130/><G130/><T60/><D42/><U47/><AGARI ba="0,2" hai="1,4,8,17,18,20,26,31,47,51,52,55,57,63" machi="47" ten="20,12000,2" yaku="1,1,0,1,7,1,52,1,54,1,53,1" doraHai="32" doraHaiUra="2" who="1" fromWho="1" sc="269,-30,161,140,285,-60,265,-30" /><INIT seed="3,0,0,5,1,129" ten="239,301,225,235" oya="3" hai0="90,88,116,32,10,24,48,12,95,25,125,11,20" hai1="42,74,126,57,53,3,113,21,103,114,61,58,94" hai2="1,30,99,34,23,132,75,127,101,56,110,46,112" hai3="26,60,41,15,106,130,64,33,0,72,27,121,45"/><W47/><G121/><T133/><D116/><U4/><E74/><V51/><F75/><W39/><G0/><T107/><D125/><U63/><E42/><V35/><F1/><W91/><G130/><T79/><D107/><U6/><E3/><V54/><F112/><W124/><G124/><T87/><D133/><U40/><E40/><V68/><F68/><W82/><G47/><T100/><D32/><U118/><E126/><V28/><F127/><W119/><G106/><T83/><D25/><U9/><E118/><V69/><F69/><W66/><G119/><T104/><D104/><U49/><E21/><V70/><F70/><W76/><G91/><N who="0" m="34859" /><D12/><U13/><E6/><V89/><F89/><W8/><G33/><T135/><D135/><U109/><E109/><V105/><F132/><W14/><G14/><T22/><D48/><U59/><E113/><V37/><F110/><W131/><G131/><T55/><D55/><U44/><E114/><V93/><F105/><W85/><G72/><T77/><D77/><U73/><E73/><V92/><F92/><W117/><G117/><T134/><D134/><U111/><E111/><V29/><REACH who="2" step="1"/><F23/><REACH who="2" ten="239,301,215,235" step="2"/><W102/><G102/><T122/><D22/><U62/><E94/><V52/><F52/><W38/><G38/><T78/><D78/><U108/><E108/><V7/><F7/><N who="3" m="3487" /><G66/><T19/><D122/><U43/><E103/><V123/><F123/><W50/><G39/><T96/><AGARI ba="0,1" hai="10,11,19,20,24,79,83,87,95,96,100" m="34859" machi="96" ten="30,2000,0" yaku="8,1,54,1" doraHai="129" who="0" fromWho="0" sc="239,30,301,-5,215,-5,235,-10" /><INIT seed="4,0,0,0,1,123" ten="269,296,210,225" oya="0" hai0="4,100,11,88,47,15,69,35,21,25,87,34,60" hai1="37,101,8,92,41,52,55,64,84,43,63,19,20" hai2="131,51,57,90,54,29,2,26,104,39,45,23,53" hai3="44,36,91,83,102,118,10,77,78,115,124,16,85"/><T74/><D74/><U98/><E8/><V126/><F104/><W109/><G118/><T113/><D113/><U7/><E7/><V94/><F2/><W14/><G115/><T122/><D122/><U70/><E84/><V121/><F121/><W1/><G109/><T97/><D47/><U128/><E128/><V5/><F131/><W13/><G1/><T59/><D69/><U65/><E65/><V18/><F126/><W0/><G0/><T3/><D3/><U58/><E37/><V106/><F106/><W120/><G124/><T117/><D117/><U103/><E103/><V134/><F134/><W49/><G36/><T62/><D97/><U73/><E73/><V111/><F5/><N who="3" m="3279" /><G102/><T71/><D71/><U31/><E31/><V75/><F75/><W112/><G112/><T99/><D99/><U114/><E114/><V22/><F111/><W61/><G61/><T17/><D62/><U96/><E96/><N who="2" m="57431" /><F39/><W130/><G130/><T67/><REACH who="0" step="1"/><D100/><REACH who="0" ten="259,296,210,225" step="2"/><U105/><E70/><V9/><F9/><N who="3" m="6223" /><G120/><T129/><D129/><U110/><E110/><V80/><F80/><AGARI ba="0,1" hai="4,11,15,17,21,25,34,35,59,60,67,80,87,88" machi="80" ten="30,5800,0" yaku="1,1,7,1,54,1,53,0" doraHai="123" doraHaiUra="127" who="0" fromWho="2" sc="259,68,296,0,210,-58,225,0" owari="327,42.7,296,9.6,152,-34.8,225,-17.5" /></mjloggm>