<mjloggm ver="2.3"><GO type="225" lobby="0"/><UN n0="%E5%B0%8F%E9%B3%A5%E9%81%8A%E7%B7%B4%E7%84%A1%32%31%E6%AD%B3" n1="%E3%83%96%E3%83%83%E3%83%91%E3%82%AA%E3%83%96%E3%83%81%E3%82%AD%E3%83%B3" n2="%E3%83%8F%E3%82%A4%E3%83%91%E3%83%BC%E3%83%84%E3%83%8A%E7%BC%B6" n3="%E9%A6%AC%E5%BC%95%E7%81%AB%33" dan="16,16,16,17" rate="2173.49,2164.66,2087.00,2195.16" sx="F,M,M,M"/><TAIKYOKU oya="0"/><INIT seed="0,0,0,0,3,12" ten="250,250,250,250" oya="0" hai0="75,0,45,130,122,67,15,83,22,61,128,37,113" hai1="24,129,88,65,115,72,1,132,77,81,112,71,47" hai2="87,59,52,110,79,105,76,68,96,20,57,103,51" hai3="100,124,66,27,36,95,8,121,6,80,58,53,120"/><T23/><D0/><U43/><E1/><V133/><F68/><W35/><G124/><T50/><D37/><U78/><E132/><V108/><F133/><W17/><G36/><T11/><D122/><N who="3" m="47209" /><G66/><T98/><D98/><U38/><E129/><N who="0" m="49769" /><D113/><U101/><E78/><V94/><F59/><W89/><G100/><T3/><D3/><U56/><E101/><V69/><F69/><W60/><G80/><T7/><D83/><U107/><E107/><V9/><F9/><W48/><G48/><T74/><D74/><U34/><E56/><V41/><F41/><W30/><G17/><T2/><D75/><U73/><E88/><N who="2" m="53535" /><F20/><W85/><G8/><T135/><D2/><U99/><E99/><V26/><F26/><W33/><G6/><T131/><D135/><U5/><E72/><V134/><F134/><W21/><AGARI ba="0,0" hai="21,27,30,33,35,53,58,60,85,89,95" m="47209" machi="21" ten="30,1100,0" yaku="13,1" doraHai="12" who="3" fromWho="3" sc="250,-5,250,-3,250,-3,250,11" /><INIT seed="1,0,0,1,1,46" ten="245,247,247,261" oya="1" hai0="79,112,27,123,78,109,8,81,39,36,135,25,35" hai1="89,80,133,52,58,22,127,54,2,73,103,55,17" hai2="33,93,111,77,84,40,72,106,9,113,63,90,124" hai3="119,122,88,67,108,57,83,100,86,3,21,134,101"/><U75/><E2/><V59/><F33/><W13/><G122/><T107/><D112/><U118/><E118/><V6/><F113/><W125/><G3/><T50/><D109/><U42/><E133/><V47/><F111/><W23/><G108/><T91/><D107/><U51/><E127/><V19/><F106/><W69/><G69/><T102/><D102/><U41/><E103/><V70/><F70/><W120/><G120/><T18/><D135/><U99/><E75/><V12/><F124/><W92/><G125/><T87/><D123/><U20/><E73/><V76/><F72/><W126/><G126/><T48/><D36/><U44/><E22/><N who="3" m="8202" /><G134/><T117/><D39/><U95/><E80/><V34/><F34/><W68/><G68/><T31/><D117/><U96/><E42/><V129/><F129/><W14/><G119/><T94/><D78/><U104/><E104/><V60/><F6/><W82/><G82/><T7/><D18/><U56/><REACH who="1" step="1"/><E99/><REACH who="1" ten="245,237,247,261" step="2"/><V132/><F132/><W116/><G101/><T53/><D27/><AGARI ba="0,1" hai="17,20,27,41,44,51,52,54,55,56,58,89,95,96" machi="27" ten="40,12000,1" yaku="1,1,2,1,8,1,52,1,54,1,53,0" doraHai="46" doraHaiUra="5" who="1" fromWho="0" sc="245,-120,237,130,247,0,261,0" /><INIT seed="1,1,0,1,5,26" ten="125,367,247,261" oya="1" hai0="87,60,31,122,5,57,103,110,108,99,6,1,62" hai1="111,85,58,29,70,130,95,12,82,59,7,15,81" hai2="120,109,48,21,72,129,102,49,115,44,84,23,28" hai3="16,19,18,39,92,50,40,37,113,35,30,64,101"/><U41/><E70/><V24/><F120/><W88/><G113/><T76/><D122/><U69/><E69/><V86/><F72/><W127/><G101/><T66/><D87/><U3/><E130/><V4/><F129/><W46/><G127/><T89/><D89/><N who="1" m="53679" /><E3/><V104/><F115/><W119/><G119/><T20/><D76/><U93/><E41/><V36/><F36/><W22/><G35/><T100/><D60/><U43/><E43/><V121/><F121/><W56/><G30/><T47/><D47/><U51/><E111/><N who="0" m="42537" /><D1/><U33/><E33/><V112/><F112/><W90/><G22/><T126/><D126/><U94/><E29/><V17/><F4/><N who="0" m="1642" /><D99/><U27/><E82/><V123/><F123/><W116/><G116/><T107/><D107/><U97/><E81/><V98/><F109/><W73/><G73/><T61/><D61/><U131/><E94/><V8/><F8/><W9/><G9/><T96/><D96/><U34/><E93/><V79/><F79/><W63/><REACH who="3" step="1"/><G90/><REACH who="3" ten="125,367,247,251" step="2"/><T78/><D78/><U42/><E131/><V45/><F102/><W2/><G2/><T114/><D114/><U13/><E34/><V124/><F124/><W80/><G80/><T14/><D31/><U71/><E7/><V117/><F117/><W106/><G106/><T134/><D134/><U77/><E77/><V38/><F104/><W25/><G25/><T52/><D20/><U125/><E125/><V53/><F28/><W128/><G128/><T0/><D0/><U83/><E83/><V74/><F74/><W32/><G32/><T10/><D66/><RYUUKYOKU ba="1,1" sc="125,15,367,-15,247,-15,251,15" hai0="10,14,52,57,62,100,103" hai3="16,18,19,37,39,40,46,50,56,63,64,88,92" /><INIT seed="2,2,1,3,3,72" ten="140,352,232,266" oya="2" hai0="63,38,54,75,17,130,14,80,106,64,11,123,35" hai1="132,8,65,68,77,118,52,19,25,98,10,12,13" hai2="0,55,18,48,15,126,133,22,53,114,41,39,16" hai3="49,47,5,60,50,30,103,122,127,93,57,46,121"/><V116/><F114/><W62/><G5/><T42/><D123/><U90/><E118/><V70/><F116/><W40/><G30/><T99/><D130/><U26/><E132/><V78/><F70/><W33/><G33/><T88/><D35/><U3/><E3/><V32/><F32/><W58/><G93/><T36/><D54/><U100/><E65/><V86/><F0/><W135/><G103/><T1/><D1/><U37/><E37/><V45/><F133/><W29/><G29/><T34/><D34/><U97/><E68/><V113/><F126/><W76/><G76/><T84/><D42/><U81/><E90/><V111/><F113/><W73/><G73/><T67/><D67/><U2/><E2/><V56/><F111/><W95/><G95/><T59/><REACH who="0" step="1"/><D75/><REACH who="0" ten="130,352,232,266" step="2"/><U44/><E52/><V105/><F55/><W87/><G135/><T71/><D71/><U89/><E44/><V120/><F120/><W131/><G131/><T21/><D21/><U31/><E8/><V96/><F22/><W104/><G40/><T108/><D108/><U91/><E10/><V107/><F15/><W83/><G122/><T51/><D51/><U94/><E12/><V61/><F48/><W43/><G121/><T79/><D79/><U74/><E77/><V28/><F78/><W101/><G50/><T4/><D4/><U115/><E13/><V9/><F9/><W117/><G47/><T124/><D124/><U119/><E74/><V6/><F45/><W92/><G127/><T128/><D128/><U110/><E115/><V82/><F6/><W69/><G46/><RYUUKYOKU ba="2,2" sc="130,30,352,-10,232,-10,266,-10" hai0="11,14,17,36,38,59,63,64,80,84,88,99,106" /><INIT seed="3,3,2,2,0,38" ten="160,342,222,256" oya="3" hai0="121,75,114,24,17,53,128,30,112,100,6,79,97" hai1="21,77,92,15,94,61,29,95,101,41,133,135,96" hai2="49,122,23,126,33,86,117,131,27,28,106,66,73" hai3="67,83,88,124,52,35,3,69,48,45,93,115,34"/><W18/><G115/><T4/><D121/><U68/><E77/><V47/><F117/><W72/><G3/><T102/><D53/><U125/><E125/><V2/><F73/><W90/><G124/><T84/><D17/><N who="1" m="10431" /><E29/><V107/><F126/><W110/><G69/><T99/><D128/><U57/><E41/><V120/><F2/><W8/><G67/><T74/><D24/><U43/><E43/><N who="2" m="24831" /><F66/><W32/><G110/><T123/><D30/><U71/><E71/><V78/><F131/><W37/><G37/><T7/><D123/><N who="2" m="47146" /><F33/><W116/><G116/><T127/><D127/><U82/><E82/><AGARI ba="3,2" hai="23,27,28,78,82,86,106,107" m="47146,24831" machi="82" ten="30,2000,0" yaku="13,1,52,1" doraHai="38" who="2" fromWho="1" sc="160,0,342,-29,222,49,256,0" owari="160,-34.0,313,41.3,271,7.1,256,-14.4" /></mjloggm>