<mjloggm ver="2.3"><GO type="225" lobby="0"/><UN n0="%E6%9C%88%E5%B3%B6%E5%9F%BA" n1="%E3%83%A9%E3%82%B9%E7%8E%87%EF%BC%93%E5%89%B2" n2="%33%74%72%65%65" n3="%E4%B8%8B%E6%AE%B5%E3%83%81%E3%82%A7%E3%83%AA%E3%83%BC" dan="18,17,16,16" rate="2231.25,2186.25,2058.32,2160.13" sx="M,F,F,M"/><TAIKYOKU oya="0"/><INIT seed="0,0,0,4,3,61" ten="250,250,250,250" oya="0" hai0="35,57,6,41,18,105,94,126,51,121,59,108,112" hai1="77,128,97,67,34,0,99,103,106,3,98,25,109" hai2="124,117,110,29,88,87,123,28,45,12,11,75,119" hai3="92,83,93,78,32,127,50,71,122,85,13,64,129"/><T89/><D112/><U55/><E109/><V10/><F110/><W54/><G122/><T30/><D105/><U96/><E128/><V73/><F123/><W74/><G32/><T118/><D118/><N who="2" m="45066" /><F124/><W68/><G129/><T2/><D2/><U52/><E77/><V116/><N who="2" m="45074" /><V86/><DORA hai="9" /><F45/><W15/><G127/><T39/><D6/><U46/><E67/><V66/><F66/><W24/><G24/><T8/><D39/><U72/><E72/><N who="2" m="27723" /><F10/><W14/><G64/><T114/><D114/><U132/><E132/><V48/><F48/><W120/><G120/><T58/><D126/><U62/><E62/><V27/><F27/><W43/><G43/><T101/><D41/><U60/><E60/><V100/><F100/><W4/><G4/><T26/><D101/><U19/><E46/><V42/><F42/><W90/><REACH who="3" step="1"/><G92/><REACH who="3" ten="250,250,250,240" step="2"/><T76/><D121/><U53/><REACH who="1" step="1"/><E19/><REACH who="1" ten="250,240,250,240" step="2"/><V37/><F28/><AGARI ba="0,2" hai="0,3,25,28,34,52,53,55,96,97,98,99,103,106" machi="28" ten="40,8000,1" yaku="1,1,2,1,54,1,53,1" doraHai="61,9" doraHaiUra="31,84" who="1" fromWho="2" sc="250,0,240,100,250,-80,240,0" /><INIT seed="1,0,0,5,2,64" ten="250,340,170,240" oya="1" hai0="44,63,134,21,86,72,125,88,2,111,56,132,112" hai1="32,6,71,75,48,126,9,101,99,105,31,18,90" hai2="17,50,67,55,19,76,43,28,52,108,78,94,83" hai3="127,57,131,96,35,66,121,115,5,12,13,130,107"/><U116/><E116/><V8/><F108/><W37/><G35/><T61/><D112/><U54/><E126/><V103/><F28/><W42/><G115/><T102/><D72/><U20/><E75/><V7/><F67/><W117/><G121/><T29/><D2/><U119/><E119/><V68/><F68/><W27/><G117/><T70/><D111/><U113/><E71/><V85/><F76/><W24/><G127/><T95/><D125/><U23/><E113/><V82/><F82/><W40/><G57/><T128/><D128/><N who="3" m="49193" /><G66/><N who="0" m="41295" /><D44/><U110/><E110/><V98/><F43/><N who="3" m="16427" /><G37/><T3/><D3/><U46/><E32/><V59/><REACH who="2" step="1"/><F55/><REACH who="2" ten="250,340,160,240" step="2"/><W77/><G77/><T73/><D29/><U22/><E31/><V100/><F100/><N who="3" m="62855" /><G5/><T38/><D102/><U69/><E69/><V34/><F34/><W1/><G1/><AGARI ba="0,1" hai="1,7,8,17,19,50,52,59,78,83,85,94,98,103" machi="1" ten="30,7700,0" yaku="1,1,7,1,54,1,53,1" doraHai="64" doraHaiUra="92" who="2" fromWho="3" sc="250,0,340,0,160,87,240,-77" /><INIT seed="2,0,0,0,3,90" ten="250,340,247,163" oya="2" hai0="129,66,3,122,24,52,91,95,114,53,77,27,73" hai1="23,126,16,107,62,104,76,5,105,48,6,20,121" hai2="19,101,1,100,65,56,83,93,58,75,4,40,81" hai3="106,96,125,120,94,79,50,43,18,86,80,59,63"/><V134/><F134/><W13/><G120/><T42/><D122/><U37/><E37/><V64/><F40/><W2/><G2/><T108/><D3/><U30/><E76/><V70/><F70/><W117/><G125/><T124/><D114/><U99/><E121/><V36/><F36/><W49/><G106/><T123/><D123/><U130/><E130/><V57/><F19/><W55/><G43/><T60/><D124/><U0/><E0/><V38/><F38/><W118/><G118/><T109/><D129/><U45/><E62/><V46/><F46/><W26/><G117/><T97/><D77/><U35/><E35/><V110/><F110/><N who="0" m="42602" /><D73/><U21/><E30/><V113/><F100/><W84/><G84/><T54/><D42/><U32/><E32/><V111/><F113/><W71/><G71/><AGARI ba="0,0" hai="24,27,52,53,54,60,66,71,91,95,97" m="42602" machi="71" ten="30,3900,0" yaku="14,1,52,1,54,1" doraHai="90" who="0" fromWho="3" sc="250,39,340,0,247,0,163,-39" /><INIT seed="3,0,0,5,1,63" ten="289,340,247,124" oya="3" hai0="51,26,67,119,5,78,117,110,70,19,72,80,25" hai1="71,105,30,129,103,44,92,82,132,50,29,108,61" hai2="40,65,66,4,109,3,1,7,121,113,45,74,59" hai3="38,64,55,106,6,69,39,115,20,84,10,91,95"/><W14/><G115/><T28/><D110/><U12/><E108/><V94/><F109/><W49/><G106/><T127/><D127/><U8/><E129/><V43/><F74/><W107/><G107/><T135/><D135/><U99/><E132/><V13/><F113/><W134/><G134/><T125/><D125/><U60/><E105/><V47/><F121/><W9/><G9/><T34/><D5/><N who="1" m="3087" /><E71/><V16/><F59/><W131/><G131/><T2/><D51/><U54/><E82/><V88/><F1/><W68/><G68/><T87/><D87/><U48/><E48/><N who="2" m="26663" /><F3/><W56/><REACH who="3" step="1"/><G20/><REACH who="3" ten="289,340,247,114" step="2"/><N who="0" m="13471" /><D70/><U46/><E46/><V17/><F47/><W120/><G120/><T52/><D117/><U101/><E101/><V76/><F43/><W97/><G97/><T128/><D119/><U27/><E27/><V22/><F22/><W90/><G90/><T18/><D128/><U118/><E118/><V104/><F104/><W62/><AGARI ba="0,1" hai="6,10,14,38,39,49,55,56,62,64,69,84,91,95" machi="62" ten="30,6000,0" yaku="1,1,0,1,52,1,53,0" doraHai="63" doraHaiUra="75" who="3" fromWho="3" sc="289,-20,340,-20,247,-20,114,70" /><INIT seed="3,1,0,1,0,25" ten="269,320,227,184" oya="3" hai0="35,73,96,31,34,130,86,32,13,16,108,39,87" hai1="5,61,135,54,52,43,66,74,14,49,110,85,19" hai2="60,95,20,93,128,125,71,26,58,18,104,76,27" hai3="119,63,94,4,91,99,47,113,115,132,122,59,8"/><W2/><G119/><T121/><D73/><U102/><E74/><V37/><F104/><W79/><G122/><T107/><D121/><U78/><E110/><V55/><F125/><W77/><G132/><T120/><D39/><U114/><E114/><V106/><F106/><W6/><G6/><T1/><D1/><U53/><E102/><V28/><F128/><W68/><G68/><T124/><D108/><U22/><E5/><V69/><F37/><W36/><G115/><T64/><D130/><U131/><E135/><V126/><F126/><W0/><G0/><T21/><D124/><U103/><E103/><V84/><F93/><W116/><G116/><T123/><D64/><U10/><E43/><V90/><REACH who="2" step="1"/><F76/><REACH who="2" ten="269,320,217,184" step="2"/><W57/><G113/><T24/><D120/><U101/><E78/><V40/><F40/><W56/><REACH who="3" step="1"/><G63/><REACH who="3" ten="269,320,217,174" step="2"/><T48/><D123/><U70/><E131/><V62/><F62/><W133/><G133/><T82/><D107/><U30/><E61/><V98/><F98/><W38/><G38/><T83/><D96/><U15/><E70/><V3/><F3/><W12/><G12/><T45/><D13/><U80/><E15/><V42/><F42/><AGARI ba="1,2" hai="2,4,8,36,42,47,56,57,59,77,79,91,94,99" machi="42" ten="40,2000,0" yaku="1,1,53,0" doraHai="25" doraHaiUra="81" who="3" fromWho="2" sc="269,0,320,0,217,-23,174,43" /><INIT seed="3,2,0,5,4,96" ten="269,320,194,217" oya="3" hai0="99,124,59,7,33,20,71,67,52,104,73,55,135" hai1="42,46,97,110,12,62,94,70,83,121,113,111,114" hai2="30,56,117,129,130,22,81,23,69,79,11,6,131" hai3="53,118,128,102,54,75,134,63,14,10,74,103,105"/><W41/><G118/><T40/><D73/><U9/><E121/><V2/><F117/><W106/><G41/><T115/><D33/><U78/><E62/><V108/><F108/><N who="1" m="41513" /><E70/><V133/><F133/><W1/><G1/><T65/><D20/><U98/><E12/><V48/><F69/><W18/><G134/><T34/><D99/><N who="1" m="37899" /><E94/><V89/><F89/><W87/><G128/><N who="2" m="32769" /><V38/><DORA hai="85" /><F38/><W51/><G105/><T122/><D104/><U24/><E24/><V32/><F32/><W31/><G106/><T77/><D34/><U58/><E58/><V49/><F30/><W15/><G31/><T120/><D59/><U68/><E9/><V112/><F112/><W90/><G74/><T95/><D115/><U123/><E68/><V101/><F101/><N who="3" m="38411" /><G75/><T16/><D71/><U5/><E123/><V100/><F100/><W76/><G76/><T4/><D77/><U132/><E132/><V57/><F56/><N who="3" m="35223" /><G15/><T126/><D135/><U37/><E114/><V28/><F28/><W116/><G116/><T43/><D120/><U0/><E113/><V88/><F79/><W26/><G26/><T92/><D122/><U50/><E37/><V21/><F57/><N who="3" m="32959" /><G87/><AGARI ba="2,0" hai="2,6,11,21,22,23,48,49,81,87,88" m="32769" machi="87" ten="50,6400,0" yaku="19,1,52,1,54,1" doraHai="96,85" who="2" fromWho="3" sc="269,0,320,0,194,70,217,-70" owari="269,6.9,320,42.0,264,-13.6,147,-35.3" /></mjloggm>