<mjloggm ver="2.3"><GO type="225" lobby="0"/><UN n0="%E8%B5%A4%E3%81%84%E8%9B%99%31%31" n1="%E5%91%A8%E6%9D%B1" n2="%E9%80%86%E9%80%A3%E5%B8%AF%E3%81%AE%E9%AC%BC" n3="%E3%83%96%E3%83%83%E3%83%91%E3%82%AA%E3%83%96%E3%83%81%E3%82%AD%E3%83%B3" dan="16,16,16,16" rate="2061.69,2188.15,2008.34,2172.42" sx="M,M,M,M"/><TAIKYOKU oya="0"/><INIT seed="0,0,0,3,0,103" ten="250,250,250,250" oya="0" hai0="89,60,38,79,128,82,66,46,104,76,23,73,129" hai1="106,26,18,8,17,4,120,15,108,67,48,59,50" hai2="84,114,70,116,112,6,22,12,88,65,0,71,132" hai3="35,11,78,111,133,105,1,121,77,52,24,83,13"/><T19/><D79/><U43/><E120/><V47/><F116/><W92/><G121/><T56/><D89/><U119/><E119/><V91/><F132/><W110/><G133/><T62/><D62/><N who="1" m="38367" /><E106/><V98/><F0/><W25/><G1/><T39/><D104/><U118/><E118/><V125/><F125/><W53/><G105/><T135/><D135/><U131/><E108/><N who="3" m="41514" /><G92/><T49/><D38/><U54/><E131/><V130/><F130/><W42/><G42/><T20/><D39/><U115/><E115/><V68/><F65/><W14/><G77/><T107/><D107/><U72/><E72/><V34/><F34/><W57/><G35/><T44/><D44/><N who="1" m="25631" /><E26/><N who="3" m="10346" /><G57/><AGARI ba="0,0" hai="4,8,15,17,18,50,54,57" m="25631,38367" machi="57" ten="30,1000,0" yaku="8,1" doraHai="103" who="1" fromWho="3" sc="250,0,250,10,250,0,250,-10" /><INIT seed="1,0,0,5,5,92" ten="250,260,250,240" oya="1" hai0="42,51,53,82,60,50,46,98,71,15,34,79,89" hai1="32,108,23,28,3,59,126,8,66,105,13,35,22" hai2="103,123,74,65,124,14,67,127,21,76,107,7,19" hai3="118,0,93,117,85,1,125,63,27,5,88,129,12"/><U70/><E70/><V37/><F123/><W95/><G125/><N who="2" m="48201" /><F37/><W101/><G129/><T45/><D34/><N who="1" m="12843" /><E105/><V69/><F69/><W4/><G27/><T90/><D15/><U102/><E102/><V25/><F74/><W26/><G26/><T133/><D133/><U31/><E66/><V36/><F36/><W38/><G38/><T135/><D135/><U94/><E59/><V9/><F76/><W134/><G134/><T10/><D10/><U97/><E126/><V100/><F107/><W104/><G12/><T121/><D121/><U116/><E116/><N who="3" m="44650" /><G104/><T87/><REACH who="0" step="1"/><D98/><REACH who="0" ten="240,260,250,240" step="2"/><U122/><E97/><V24/><F24/><W29/><G0/><T110/><D110/><U62/><E108/><V18/><F7/><W30/><G1/><T58/><D58/><U6/><E122/><V55/><F14/><W47/><G4/><T56/><D56/><U41/><E3/><V17/><F9/><W99/><G5/><T106/><D106/><U54/><E13/><V39/><F25/><W75/><G75/><T84/><D84/><U120/><E120/><V112/><F21/><W48/><G63/><T109/><D109/><U77/><E62/><V114/><F114/><W91/><G101/><T20/><D20/><U33/><E23/><V78/><F112/><W132/><G132/><T96/><D96/><U111/><E22/><V119/><F103/><W86/><G86/><T57/><D57/><U2/><E111/><V49/><F100/><W131/><G131/><T81/><D81/><U68/><E6/><V52/><F119/><W80/><G80/><T73/><D73/><RYUUKYOKU ba="0,1" sc="240,15,260,-15,250,-15,240,15" hai0="42,45,46,50,51,53,60,71,79,82,87,89,90" hai3="29,30,47,48,85,88,91,93,95,99" /><INIT seed="2,1,1,5,2,37" ten="255,245,235,255" oya="2" hai0="76,128,1,65,56,17,6,44,80,112,30,89,57" hai1="31,3,127,13,43,117,94,71,49,53,130,90,46" hai2="21,66,119,4,67,32,91,52,7,98,124,27,14" hai3="92,110,0,64,121,99,36,85,55,133,61,109,39"/><V83/><F124/><W23/><G121/><T95/><D112/><U81/><E127/><V5/><F119/><W60/><G0/><T74/><D30/><U69/><E3/><V118/><F118/><W106/><G106/><T134/><D134/><U24/><E117/><V48/><F32/><W88/><G133/><T125/><D125/><U25/><E130/><V50/><F14/><W28/><G55/><T84/><D128/><U12/><E81/><V34/><F34/><W78/><G78/><T8/><D65/><U108/><E108/><N who="3" m="41578" /><G85/><T107/><D17/><U72/><E72/><V123/><F123/><W101/><G101/><T79/><D79/><U97/><E25/><V9/><F9/><W120/><G120/><T103/><D44/><U19/><E53/><V115/><F115/><W35/><G35/><T104/><D104/><U122/><E122/><V15/><F15/><W129/><G129/><T59/><D59/><U131/><E13/><V73/><F73/><W135/><G61/><T82/><D82/><U126/><E131/><V47/><F50/><W58/><G135/><T51/><D51/><U20/><REACH who="1" step="1"/><E126/><REACH who="1" ten="255,235,235,255" step="2"/><V16/><F83/><W87/><G87/><T63/><D63/><U18/><E18/><V38/><F38/><W70/><G39/><T86/><D84/><U26/><E26/><V33/><F33/><AGARI ba="1,2" hai="12,19,20,24,31,33,43,46,49,69,71,90,94,97" machi="33" ten="30,3900,0" yaku="1,1,7,1,52,1,53,0" doraHai="37" doraHaiUra="77" who="1" fromWho="2" sc="255,0,235,62,235,-42,255,0" /><INIT seed="3,0,0,3,2,0" ten="255,297,193,255" oya="3" hai0="103,69,27,106,118,111,5,47,8,92,135,114,129" hai1="76,131,56,110,115,42,73,74,71,91,90,70,29" hai2="20,97,109,23,113,35,10,37,16,80,54,51,117" hai3="72,88,81,105,99,2,53,55,12,127,48,33,58"/><W50/><G127/><T100/><D118/><U66/><E115/><V104/><F117/><W101/><G2/><T89/><D69/><U65/><E29/><V28/><F113/><W36/><G36/><T79/><D114/><U3/><E3/><V126/><F126/><W64/><G33/><T39/><D27/><U68/><E42/><V67/><F109/><W116/><G116/><T61/><D61/><U31/><E31/><V107/><F37/><W120/><G120/><T85/><D79/><U86/><E56/><V134/><F67/><W43/><G43/><T34/><D34/><U84/><E76/><V22/><F134/><W125/><G125/><T98/><D111/><U78/><E78/><V11/><F80/><W83/><G64/><N who="1" m="24682" /><E131/><V44/><F97/><W15/><G72/><N who="1" m="27754" /><E110/><V7/><F16/><W49/><G83/><T77/><D77/><U63/><E63/><V9/><REACH who="2" step="1"/><F7/><REACH who="2" ten="255,297,183,255" step="2"/><W122/><G122/><T60/><D5/><U95/><E70/><V121/><F121/><W82/><G81/><T13/><D129/><U59/><E68/><V40/><F40/><W32/><G82/><T52/><D39/><U57/><E71/><V128/><F128/><W18/><G18/><T94/><D135/><U24/><E24/><AGARI ba="0,1" hai="9,10,11,20,22,23,24,28,35,44,51,54,104,107" machi="24" ten="40,8000,1" yaku="1,1,53,3" doraHai="0" doraHaiUra="4" who="2" fromWho="1" sc="255,0,297,-80,183,90,255,0" /><INIT seed="4,0,0,2,5,59" ten="255,217,273,255" oya="0" hai0="110,68,128,132,115,80,43,133,28,23,91,123,46" hai1="25,9,11,99,64,74,42,106,50,82,114,73,10" hai2="84,120,3,48,21,47,66,111,16,15,101,52,33" hai3="103,96,20,72,118,45,105,63,49,79,108,29,116"/><T112/><D123/><U8/><E114/><N who="0" m="43561" /><D68/><U65/><N who="1" m="2048" /><DORA hai="57" /><U54/><E42/><V127/><F111/><W12/><G108/><T76/><D110/><U119/><E119/><V109/><F127/><W61/><G118/><T77/><D128/><U27/><E99/><V40/><F120/><W89/><G116/><T32/><D32/><U100/><E100/><V102/><F3/><W83/><G89/><T2/><D2/><U75/><E82/><V86/><F33/><W122/><G122/><T69/><D69/><U92/><E92/><V7/><F7/><W129/><G129/><T0/><D0/><U125/><E106/><V90/><F66/><W5/><G5/><T70/><D70/><U104/><E104/><V121/><F121/><W13/><G13/><T98/><D28/><U55/><E125/><V31/><F31/><W18/><G29/><T134/><D23/><U17/><E17/><V113/><F109/><W67/><G67/><N who="1" m="25674" /><E50/><N who="2" m="26983" /><F113/><W71/><G71/><T135/><N who="0" m="33792" /><DORA hai="94" /><T78/><D98/><U51/><E51/><V41/><F41/><AGARI ba="0,0" hai="12,18,20,41,45,49,61,63,72,79,83,96,103,105" machi="41" ten="30,12000,2" yaku="7,1,52,5" doraHai="59,57,94" who="3" fromWho="2" sc="255,0,217,0,273,-120,255,120" owari="255,5.5,217,-18.3,153,-34.7,375,47.5" /></mjloggm>