<mjloggm ver="2.3"><GO type="225" lobby="0"/><UN n0="%E3%81%99%E3%83%BC%5F%E9%88%B4%E6%9C%A8%E6%B5%A9%E5%B9%B3" n1="%E6%A1%9C%E8%8A%B1%E9%96%83%E3%80%85" n2="%E6%98%93%E5%88%A9%E8%96%A9%E4%BC%AF" n3="%E3%83%81%E3%83%83%E3%82%BF%E3%82%BD%E3%83%BC" dan="16,16,17,16" rate="2079.95,2133.72,2131.35,2168.67" sx="M,M,F,F"/><TAIKYOKU oya="0"/><INIT seed="0,0,0,1,5,91" ten="250,250,250,250" oya="0" hai0="114,108,40,1,33,17,132,127,73,81,79,6,93" hai1="7,43,21,122,9,41,48,38,119,131,84,87,5" hai2="42,37,64,103,89,77,2,70,25,10,61,94,115" hai3="124,116,97,102,100,60,19,27,36,82,20,86,39"/><T92/><D33/><U32/><E32/><V88/><F115/><W45/><G124/><T128/><D114/><U75/><E119/><V16/><F77/><W55/><G116/><T54/><D127/><U85/><E122/><V107/><F107/><W34/><G34/><T46/><D132/><U83/><E38/><V68/><F68/><W50/><G60/><T28/><D128/><U63/><E131/><V76/><F76/><W59/><G45/><T133/><D133/><U78/><E21/><V90/><F2/><W109/><G109/><T71/><D71/><U135/><E135/><V72/><F72/><W67/><G67/><T98/><D28/><U96/><E63/><V14/><F25/><W118/><G118/><T24/><D54/><U44/><E43/><V129/><F129/><W105/><G102/><T110/><D24/><U15/><E7/><V51/><F37/><W11/><G11/><N who="0" m="2511" /><D17/><U47/><E47/><V62/><F62/><W57/><G57/><T35/><D35/><U80/><REACH who="1" step="1"/><E96/><REACH who="1" ten="250,240,250,250" step="2"/><V22/><F22/><W0/><G0/><T3/><D3/><U74/><E74/><V126/><F126/><W130/><G130/><T125/><D125/><U95/><E95/><N who="0" m="36425" /><D98/><U4/><E4/><V111/><F94/><W101/><G101/><T66/><D66/><U112/><E112/><V65/><F65/><W31/><G31/><T69/><D69/><U120/><E120/><V30/><F64/><W123/><G123/><T106/><D106/><U99/><E99/><V49/><F70/><W13/><G27/><T53/><D53/><U18/><E18/><RYUUKYOKU ba="0,1" sc="250,10,240,10,250,-30,250,10" hai0="40,46,73,79,81,108,110" hai1="5,9,15,41,44,48,75,78,80,83,84,85,87" hai3="13,19,20,36,39,50,55,59,82,86,97,100,105" /><INIT seed="0,1,1,3,0,75" ten="260,250,220,260" oya="0" hai0="64,88,97,37,55,39,0,107,108,15,29,87,98" hai1="128,127,86,5,40,112,8,70,20,135,58,114,99" hai2="104,67,57,69,134,65,61,7,4,73,45,51,13" hai3="72,24,106,63,126,14,28,17,85,101,9,36,124"/><T31/><D0/><U16/><E70/><V12/><F104/><W100/><G72/><T133/><D64/><U123/><E40/><V80/><F134/><W81/><G36/><T56/><D133/><U60/><E135/><V11/><F67/><W96/><G100/><T6/><D108/><U3/><E123/><V71/><F13/><W103/><G103/><T38/><D6/><U52/><E127/><V95/><F95/><W68/><G63/><T94/><D15/><U105/><E128/><V66/><F66/><W122/><G122/><T19/><D19/><U48/><E86/><V125/><F7/><W79/><REACH who="3" step="1"/><G68/><REACH who="3" ten="260,250,220,250" step="2"/><T76/><D107/><U117/><E60/><V111/><F111/><W74/><G74/><T47/><D37/><U18/><E117/><V110/><F110/><W102/><G102/><T26/><D38/><U35/><E105/><V32/><F125/><W93/><G93/><T120/><D120/><U91/><E112/><V25/><F71/><W109/><G109/><T131/><D39/><U129/><E114/><V130/><F69/><W2/><G2/><T53/><D94/><U82/><E3/><V27/><F73/><W90/><G90/><T132/><D88/><U41/><E91/><V10/><F61/><W43/><G43/><T46/><D132/><U62/><E41/><V34/><F51/><W84/><G84/><T78/><D87/><U1/><E48/><V113/><F113/><W22/><AGARI ba="1,2" hai="9,14,17,22,24,28,79,81,85,96,101,106,124,126" machi="22" ten="30,4000,0" yaku="1,1,0,1,52,1,53,0" doraHai="75" doraHaiUra="42" who="3" fromWho="3" sc="260,-21,250,-11,220,-11,250,63" /><INIT seed="1,0,0,5,2,26" ten="239,239,209,313" oya="1" hai0="134,13,85,92,43,94,44,100,68,8,133,89,1" hai1="17,59,30,127,48,50,99,107,20,24,71,53,7" hai2="70,97,124,2,51,122,81,86,129,98,6,61,14" hai3="28,16,62,42,84,63,47,33,115,31,102,106,37"/><U9/><E127/><V46/><F122/><W105/><G115/><T119/><D68/><U120/><E120/><V69/><F2/><W78/><G102/><T41/><D1/><U19/><E71/><V0/><F0/><W21/><G105/><T117/><D100/><U76/><E76/><V25/><F129/><W112/><G106/><T83/><D83/><U128/><E128/><V45/><F45/><W29/><G33/><T113/><D113/><U67/><E67/><V3/><F3/><W15/><REACH who="3" step="1"/><G112/><REACH who="3" ten="239,239,209,303" step="2"/><T103/><D103/><U32/><E32/><V93/><F124/><W130/><G130/><T65/><D117/><U22/><E107/><V75/><F75/><W27/><G27/><T23/><D119/><U132/><E132/><V111/><F25/><W80/><AGARI ba="0,1" hai="15,16,21,28,29,31,37,42,47,62,63,78,80,84" machi="80" ten="30,12000,2" yaku="1,1,0,1,52,3,54,1,53,0" doraHai="26" doraHaiUra="125" who="3" fromWho="3" sc="239,-30,239,-60,209,-30,303,130" /><INIT seed="2,0,0,3,1,55" ten="209,179,179,433" oya="2" hai0="68,8,125,46,27,91,101,19,108,121,49,100,61" hai1="116,65,97,78,57,124,28,70,135,58,17,131,126" hai2="40,130,115,109,52,43,4,114,119,33,120,3,113" hai3="50,81,107,104,64,35,105,112,87,48,67,15,96"/><V74/><F119/><W84/><G35/><T66/><D121/><U82/><E116/><V134/><F120/><W88/><G112/><T1/><D125/><N who="1" m="48235" /><E135/><V127/><F127/><W99/><G15/><T11/><D108/><U111/><E111/><V75/><F109/><W79/><G99/><T51/><D51/><U98/><E28/><V37/><F134/><W38/><G38/><T117/><D117/><U31/><E31/><V26/><F130/><W106/><G96/><N who="1" m="36970" /><E17/><V73/><F37/><W34/><G34/><T80/><D8/><U39/><E39/><V62/><F33/><W103/><G103/><T9/><D9/><U94/><E94/><V69/><F69/><W32/><G32/><T129/><D129/><U47/><E47/><V14/><F3/><W132/><G132/><T85/><D1/><U36/><E36/><V63/><F75/><W5/><G5/><T29/><D11/><U77/><E131/><V110/><F110/><W7/><G7/><T30/><D19/><U54/><E54/><V89/><F74/><W93/><N who="3" m="26624" /><DORA hai="133" /><W76/><REACH who="3" step="1"/><G79/><REACH who="3" ten="209,179,179,423" step="2"/><N who="1" m="30218" /><E82/><V20/><F113/><W60/><G60/><AGARI ba="0,1" hai="57,58,60,65,70" m="30218,36970,48235" machi="60" ten="30,12000,2" yaku="18,1,52,5" doraHai="55,133" who="1" fromWho="3" sc="209,0,179,130,179,0,423,-120" /><INIT seed="3,0,0,1,5,78" ten="209,309,179,303" oya="3" hai0="59,4,17,134,39,61,103,6,92,18,121,30,63" hai1="11,91,115,96,51,46,77,116,109,130,19,76,57" hai2="14,86,135,102,43,12,98,104,55,80,33,32,97" hai3="36,111,8,132,29,41,23,13,126,5,38,52,26"/><W100/><G111/><T127/><D39/><U42/><E115/><V81/><F135/><W60/><G126/><T20/><D121/><U64/><E109/><V21/><F43/><W22/><G132/><T15/><D134/><U37/><E130/><V99/><F104/><W10/><G100/><T74/><D74/><U89/><E116/><V7/><F102/><W53/><G8/><N who="0" m="6375" /><D30/><U40/><E40/><V131/><F131/><W75/><G75/><T72/><D72/><U87/><E96/><V3/><F3/><W73/><G73/><T49/><D127/><U88/><E87/><V114/><F114/><W71/><G22/><T27/><D49/><U107/><E107/><V70/><F70/><W83/><G83/><T48/><D48/><U123/><E123/><V129/><F129/><W69/><G36/><T118/><D118/><U110/><E110/><V31/><F33/><W54/><REACH who="3" step="1"/><G60/><REACH who="3" ten="209,309,179,293" step="2"/><T112/><D63/><N who="1" m="37999" /><E37/><V84/><F32/><W67/><G67/><N who="0" m="39359" /><D112/><U16/><E11/><N who="2" m="4223" /><F55/><W68/><G68/><T101/><D101/><U79/><AGARI ba="0,1" hai="16,19,42,46,51,76,77,79,88,89,91" m="37999" machi="79" ten="30,4000,0" yaku="8,1,54,2" doraHai="78" who="1" fromWho="1" sc="209,-10,309,50,179,-10,293,-20" owari="199,-20.1,359,45.9,169,-33.1,273,7.3" /></mjloggm>