<mjloggm ver="2.3"><GO type="225" lobby="0"/><UN n0="%E6%81%A5%E6%99%92%E3%81%97" n1="%E3%81%BD%E3%81%A1%E3%81%9F%E3%81%93%E3%82%84" n2="%E3%83%81%E3%83%83%E3%82%BF%E3%82%BD%E3%83%BC" n3="%E6%98%93%E5%88%A9%E8%96%A9%E4%BC%AF" dan="16,17,16,16" rate="2199.32,2213.22,2091.76,2150.71" sx="M,M,F,F"/><TAIKYOKU oya="0"/><INIT seed="0,0,0,3,3,11" ten="250,250,250,250" oya="0" hai0="121,108,97,3,134,9,118,40,135,81,16,129,7" hai1="1,55,73,119,48,90,43,39,10,102,96,110,95" hai2="115,53,12,38,113,131,62,65,72,28,24,128,106" hai3="2,17,14,44,56,59,84,50,26,78,82,15,21"/><T71/><D118/><U27/><E119/><V18/><F72/><W112/><G2/><T80/><D121/><U104/><E110/><V89/><F106/><W105/><G105/><T98/><D108/><U123/><E123/><V83/><F53/><N who="3" m="29895" /><G112/><T34/><D71/><U99/><E73/><V33/><F38/><W133/><G133/><N who="0" m="50699" /><D34/><U64/><E64/><V25/><F25/><W94/><G94/><T5/><D40/><U45/><E27/><V0/><F0/><W114/><G114/><T46/><D46/><U42/><REACH who="1" step="1"/><E39/><REACH who="1" ten="250,240,250,250" step="2"/><V30/><F113/><W57/><AGARI ba="0,1" hai="14,15,17,21,26,56,57,59,78,82,84" m="29895" machi="57" ten="30,4000,0" yaku="8,1,52,2" doraHai="11" who="3" fromWho="3" sc="250,-20,240,-10,250,-10,250,50" /><INIT seed="1,0,0,5,0,19" ten="230,230,240,300" oya="1" hai0="73,127,40,85,122,118,17,16,33,77,131,25,134" hai1="55,107,47,88,126,18,108,41,93,82,51,72,102" hai2="119,66,89,37,114,56,101,124,110,21,109,74,91" hai3="99,95,97,29,59,34,22,4,61,9,1,116,39"/><U132/><E132/><V6/><F119/><W71/><G39/><T90/><D118/><U42/><E126/><V106/><F124/><W48/><G71/><T120/><D127/><U117/><E117/><V46/><F114/><W96/><G48/><T26/><D134/><U80/><E108/><N who="2" m="41579" /><F74/><W63/><G63/><T31/><D131/><U50/><E107/><V53/><F66/><W14/><G116/><T7/><D7/><U112/><E102/><V58/><F6/><W100/><G34/><T75/><D40/><U94/><E94/><V67/><F67/><N who="3" m="39359" /><G1/><T30/><D77/><U11/><E72/><V70/><F70/><W27/><AGARI ba="0,0" hai="4,9,14,22,27,29,95,96,97,99,100" m="39359" machi="27" ten="30,4000,0" yaku="25,1,8,1,52,1" doraHai="19" who="3" fromWho="3" sc="230,-10,230,-20,240,-10,300,40" /><INIT seed="2,0,0,5,2,22" ten="220,210,230,340" oya="2" hai0="25,59,84,78,40,26,64,100,47,19,95,50,4" hai1="21,30,71,106,90,85,110,13,34,33,116,63,114" hai2="108,115,81,109,66,133,48,56,107,0,92,118,130" hai3="35,75,91,18,87,14,9,11,117,61,77,82,16"/><V126/><F107/><W98/><G35/><T1/><D1/><U31/><E114/><V32/><F118/><W46/><G117/><T65/><D4/><U125/><E116/><V80/><F115/><W112/><G112/><T134/><D134/><U73/><E73/><V135/><F0/><W10/><G46/><T123/><D123/><U29/><E106/><V23/><F32/><W54/><G98/><N who="0" m="59487" /><D19/><U129/><E110/><N who="2" m="42603" /><F126/><W43/><G43/><T58/><D58/><U15/><E125/><V20/><F92/><W5/><G5/><T52/><D84/><U88/><E129/><V105/><F105/><W68/><G18/><T74/><D78/><U51/><E34/><V99/><F99/><W97/><G97/><T7/><D7/><U120/><E120/><V3/><F3/><W12/><G12/><T39/><D39/><U121/><E121/><V37/><F37/><W72/><G72/><T42/><D74/><U41/><E33/><V86/><F130/><W70/><G75/><T27/><D47/><U96/><E96/><V6/><F6/><W2/><G2/><T60/><D60/><U102/><E85/><V53/><F66/><AGARI ba="0,0" hai="25,26,27,40,42,50,52,59,64,65,66" m="59487" machi="66" ten="30,8000,1" yaku="8,1,52,3,54,1" doraHai="22" who="0" fromWho="2" sc="220,80,210,0,230,-80,340,0" /><INIT seed="3,0,0,0,2,11" ten="300,210,150,340" oya="3" hai0="12,122,18,25,62,98,46,30,82,78,56,132,109" hai1="119,85,135,54,45,50,83,117,66,53,59,49,86" hai2="131,108,13,14,111,93,57,100,101,9,116,115,48" hai3="8,79,6,3,110,15,16,35,68,34,61,36,104"/><W21/><G36/><T133/><D122/><U24/><E135/><N who="0" m="51785" /><D46/><U128/><E128/><V69/><F69/><W63/><G104/><T94/><D109/><N who="2" m="42058" /><F115/><W52/><G110/><T23/><D94/><U20/><E66/><V126/><F116/><N who="1" m="44617" /><E83/><V80/><F80/><W87/><G68/><T60/><D98/><U4/><E4/><V89/><F131/><W1/><G87/><N who="0" m="48599" /><D56/><U130/><E130/><V112/><F112/><W51/><G79/><T113/><D113/><U5/><E5/><V95/><F126/><W121/><G121/><T99/><D99/><U75/><E75/><V84/><F9/><W42/><G42/><T0/><D0/><U107/><E107/><V32/><F32/><W91/><G3/><T27/><D27/><U114/><E114/><V41/><F95/><W19/><G91/><T29/><D29/><AGARI ba="0,0" hai="20,24,29,45,49,50,53,54,59,85,86" m="44617" machi="29" ten="30,1000,0" yaku="12,1" doraHai="11" who="1" fromWho="0" sc="300,-10,210,10,150,0,340,0" owari="290,9.0,220,-18.0,150,-35.0,340,44.0" /></mjloggm>