<mjloggm ver="2.3"><GO type="225" lobby="0"/><UN n0="%E3%83%96%E3%83%83%E3%83%91%E3%82%AA%E3%83%96%E3%83%81%E3%82%AD%E3%83%B3" n1="%E3%83%B4%E3%83%A0%EF%BC%99%E3%81%A6" n2="%72%65%6E%6B%75%6E" n3="%E9%A6%AC%E5%BC%95%E7%81%AB%33" dan="16,16,17,16" rate="2166.55,2129.71,2214.22,2130.75" sx="M,M,M,M"/><TAIKYOKU oya="0"/><INIT seed="0,0,0,1,1,22" ten="250,250,250,250" oya="0" hai0="53,120,117,30,122,66,107,76,44,33,24,108,65" hai1="10,116,38,101,57,129,79,126,74,14,77,123,135" hai2="21,113,62,80,84,48,5,8,71,11,41,91,110" hai3="111,51,1,81,73,93,28,19,29,64,0,47,124"/><T121/><D117/><U85/><E116/><V26/><F113/><W13/><G111/><T58/><D107/><U86/><E38/><V78/><F110/><W109/><G109/><T94/><D108/><U23/><E123/><V87/><F71/><W69/><G124/><T106/><D106/><U46/><E126/><V4/><F62/><W102/><G64/><T18/><D76/><U130/><E46/><N who="2" m="25679" /><F8/><W55/><G69/><T12/><D44/><U104/><E57/><V125/><F125/><W88/><G102/><T60/><REACH who="0" step="1"/><D94/><REACH who="0" ten="240,250,250,250" step="2"/><U90/><E77/><V68/><F68/><W100/><G93/><T103/><D103/><U70/><E101/><V52/><F11/><AGARI ba="0,1" hai="11,12,18,24,30,33,53,58,60,65,66,120,121,122" machi="11" ten="40,3900,0" yaku="1,1,52,1,53,0" doraHai="22" doraHaiUra="45" who="0" fromWho="2" sc="240,49,250,0,250,-39,250,0" /><INIT seed="0,1,0,1,5,132" ten="289,250,211,250" oya="0" hai0="50,16,70,88,17,31,120,8,61,35,86,42,13" hai1="24,63,93,78,123,74,52,37,9,44,121,14,30" hai2="96,47,82,79,111,12,128,119,32,1,22,7,112" hai3="72,54,135,83,53,40,3,113,133,36,98,109,107"/><T92/><D120/><U122/><E37/><V10/><F112/><W25/><G113/><T38/><D38/><U110/><E110/><V97/><F111/><W33/><G109/><T102/><D35/><U15/><E93/><V95/><F32/><W130/><G130/><T69/><D31/><U131/><E131/><V117/><F128/><W19/><G3/><T5/><D102/><U94/><E94/><V134/><F134/><N who="3" m="51211" /><G83/><T124/><D124/><U100/><E100/><V26/><F1/><W11/><G72/><T59/><D70/><U6/><E14/><V64/><F64/><W58/><G98/><T46/><REACH who="0" step="1"/><D69/><REACH who="0" ten="279,250,211,250" step="2"/><U115/><E115/><V71/><F71/><W60/><G33/><T27/><D27/><U81/><E121/><V75/><F117/><W66/><G25/><T18/><D18/><U43/><E24/><V20/><F119/><W114/><G114/><T65/><AGARI ba="1,1" hai="5,8,13,16,17,42,46,50,59,61,65,86,88,92" machi="65" ten="20,18000,2" yaku="1,1,0,1,7,1,8,1,54,2,53,0" doraHai="132" doraHaiUra="68" who="0" fromWho="0" sc="279,193,250,-61,211,-61,250,-61" /><INIT seed="0,2,0,0,4,21" ten="472,189,150,189" oya="0" hai0="32,85,86,126,131,98,89,2,68,30,83,123,103" hai1="128,113,4,37,100,31,88,36,9,62,25,54,14" hai2="94,87,1,108,75,99,77,49,10,122,125,78,15" hai3="35,109,115,102,26,63,24,93,73,48,29,39,84"/><T116/><D116/><U56/><E128/><V57/><F122/><W107/><G115/><T135/><D123/><U6/><E113/><V13/><F108/><W55/><G39/><T40/><D2/><U130/><E130/><V91/><F125/><W23/><G73/><T41/><D68/><U69/><E69/><V52/><F75/><W65/><G109/><T34/><D131/><U67/><E54/><V114/><F114/><W3/><G3/><T33/><D126/><U5/><E100/><V47/><F1/><W80/><G107/><T111/><D135/><U97/><E36/><V42/><F99/><W16/><G93/><T38/><D111/><U134/><E37/><V22/><F22/><W96/><G96/><T0/><D0/><U28/><E134/><V106/><F106/><W110/><G102/><T51/><D38/><U8/><E8/><V27/><F27/><W53/><G48/><T50/><D34/><U112/><E112/><V119/><F119/><W127/><G127/><T44/><D33/><U120/><E120/><V133/><F133/><W79/><G110/><T71/><D32/><U129/><E129/><V64/><F64/><W132/><G132/><T74/><D74/><U90/><E28/><V104/><F104/><W95/><G95/><T17/><D71/><AGARI ba="2,0" hai="16,23,24,26,29,35,53,55,63,65,71,79,80,84" machi="71" ten="30,7700,0" yaku="7,1,52,2,54,1" doraHai="21" who="3" fromWho="0" sc="472,-83,189,0,150,0,189,83" /><INIT seed="1,0,0,5,3,33" ten="389,189,150,272" oya="1" hai0="27,105,97,90,9,72,82,101,133,113,55,73,85" hai1="100,18,24,65,135,66,68,26,132,10,59,58,21" hai2="78,51,5,36,81,69,112,83,39,96,56,130,4" hai3="117,108,64,77,70,52,38,129,41,127,2,45,53"/><U57/><E100/><V50/><F96/><W25/><G77/><T125/><D113/><U120/><E120/><V61/><F56/><W115/><G2/><T40/><D133/><N who="1" m="51275" /><E68/><V22/><F22/><W122/><G25/><N who="1" m="9834" /><E10/><V114/><F61/><N who="3" m="40207" /><G115/><T1/><D125/><U84/><E84/><V6/><F69/><W16/><G16/><T116/><D116/><U29/><E29/><V13/><F4/><W98/><G98/><T128/><D128/><U14/><AGARI ba="0,0" hai="14,18,21,57,58,59,65,66" m="9834,51275" machi="14" ten="40,2100,0" yaku="20,1" doraHai="33" who="1" fromWho="1" sc="389,-7,189,21,150,-7,272,-7" /><INIT seed="1,1,0,0,2,111" ten="382,210,143,265" oya="1" hai0="5,4,130,43,31,89,108,37,79,104,123,94,67" hai1="44,113,98,53,28,126,57,76,14,84,83,20,105" hai2="12,127,135,74,78,68,13,133,80,35,109,81,15" hai3="107,63,95,101,61,16,103,92,99,29,18,33,102"/><U96/><E126/><V121/><F121/><W26/><G107/><T119/><D119/><U73/><E105/><V54/><F109/><W22/><G33/><T59/><D108/><U128/><E128/><V52/><F127/><W58/><G61/><T7/><D104/><U51/><E113/><V134/><F68/><W40/><G40/><T93/><D130/><U21/><E73/><V45/><F35/><W9/><G9/><T46/><D123/><U50/><E14/><V10/><F10/><W125/><G125/><T8/><D31/><U41/><REACH who="1" step="1"/><E20/><REACH who="1" ten="382,200,143,265" step="2"/><V91/><REACH who="2" step="1"/><F45/><REACH who="2" ten="382,200,133,265" step="2"/><W72/><G72/><T55/><D46/><U75/><E75/><V117/><F117/><W112/><G112/><T34/><D34/><U24/><AGARI ba="1,2" hai="21,24,28,41,44,50,51,53,57,76,83,84,96,98" machi="24" ten="30,11700,0" yaku="1,1,0,1,8,1,53,1" doraHai="111" doraHaiUra="38" who="1" fromWho="1" sc="382,-40,200,140,133,-40,265,-40" /><INIT seed="1,2,0,0,4,24" ten="342,340,93,225" oya="1" hai0="111,135,112,88,28,57,115,17,74,127,105,54,7" hai1="91,4,55,95,5,42,61,58,3,107,64,119,70" hai2="59,14,83,75,89,72,92,56,27,18,13,99,29" hai3="34,46,71,30,110,38,124,79,129,15,21,0,81"/><U66/><E119/><V96/><F83/><W6/><G110/><T11/><D74/><U132/><E107/><V125/><F125/><W109/><G109/><T100/><D111/><U60/><E132/><V87/><F87/><W106/><G124/><T35/><D127/><U134/><E134/><V90/><F27/><N who="3" m="18783" /><G129/><T128/><D128/><U94/><E3/><V51/><F51/><W37/><G15/><T130/><D130/><U102/><E42/><V49/><F49/><W40/><G21/><T2/><D17/><U25/><E25/><V97/><F18/><W65/><G106/><T80/><D135/><U116/><E116/><V131/><F131/><W126/><G126/><T12/><D28/><U120/><E120/><V123/><F92/><W103/><G103/><T63/><D35/><U77/><E77/><V31/><REACH who="2" step="1"/><F97/><REACH who="2" ten="342,340,83,225" step="2"/><W108/><G108/><T50/><D50/><U133/><E133/><V98/><F98/><W69/><G37/><T36/><D80/><U82/><E82/><V113/><F113/><W47/><G47/><T86/><D36/><U19/><E19/><V121/><AGARI ba="2,1" hai="13,14,29,31,56,59,72,75,89,90,96,99,121,123" machi="121" ten="25,12000,2" yaku="1,1,0,1,22,2,52,2,53,0" doraHai="24" doraHaiUra="44" who="2" fromWho="2" sc="342,-32,340,-62,83,136,225,-32" /><INIT seed="2,0,0,4,4,80" ten="310,278,219,193" oya="2" hai0="30,116,60,76,90,11,73,23,127,40,59,111,82" hai1="113,43,74,101,42,12,26,39,105,104,130,19,135" hai2="134,91,3,67,65,55,53,32,17,70,25,0,33" hai3="63,5,85,16,110,8,6,89,126,77,69,120,62"/><V66/><F70/><W86/><G120/><T51/><D111/><U97/><E113/><V112/><F112/><W99/><G110/><T48/><D127/><U93/><E74/><V41/><F41/><W123/><G123/><T15/><D116/><U79/><E79/><V75/><F75/><W125/><G99/><T20/><D40/><U132/><E130/><V57/><F134/><N who="1" m="51241" /><E26/><V28/><F32/><W18/><G77/><T47/><D47/><N who="1" m="24031" /><E43/><V9/><F91/><W92/><G89/><T35/><D90/><U124/><E124/><V84/><F84/><W121/><G121/><T109/><D35/><U31/><E31/><V107/><F107/><W56/><G69/><T34/><D34/><U87/><E87/><V27/><F55/><W21/><G92/><T61/><D30/><U2/><E2/><V115/><F115/><W58/><G21/><AGARI ba="0,0" hai="12,19,21,93,97,101,104,105" m="24031,51241" machi="21" ten="30,1000,0" yaku="20,1" doraHai="80" who="1" fromWho="3" sc="310,0,278,10,219,0,193,-10" /><INIT seed="3,0,0,5,4,32" ten="310,288,219,183" oya="3" hai0="14,89,19,105,107,119,5,85,57,111,135,62,61" hai1="47,69,21,33,82,54,126,131,98,121,97,91,34" hai2="8,17,106,65,3,59,84,23,104,46,42,10,118" hai3="83,74,38,76,2,7,78,132,113,103,31,72,123"/><W75/><G113/><T93/><D119/><U56/><E69/><V77/><F118/><W125/><G123/><T127/><D111/><U81/><E121/><V90/><F77/><W48/><G38/><T115/><D127/><U49/><E126/><V122/><F122/><W133/><G125/><T73/><D73/><U128/><E21/><V114/><F114/><W4/><G103/><T44/><D115/><U53/><E91/><V63/><F104/><W11/><G7/><T70/><D135/><N who="3" m="51785" /><G78/><T112/><D112/><U64/><E64/><V95/><F106/><W66/><G66/><T110/><D110/><U37/><E37/><V16/><F3/><W109/><G109/><T13/><D5/><U30/><E30/><V117/><F117/><W80/><G80/><T35/><D89/><U20/><E20/><V26/><REACH who="2" step="1"/><F17/><REACH who="2" ten="310,288,209,183" step="2"/><W87/><G31/><T36/><D19/><U28/><E28/><V108/><F108/><W43/><G74/><T55/><D107/><U12/><E33/><V116/><F116/><W96/><G96/><T6/><D105/><U129/><E34/><V15/><F15/><W50/><G50/><AGARI ba="0,1" hai="8,10,16,23,26,42,46,50,59,63,65,84,90,95" machi="50" ten="30,8000,1" yaku="1,1,7,1,8,1,54,1,53,1" doraHai="32" doraHaiUra="58" who="2" fromWho="3" sc="310,0,288,0,209,90,183,-80" owari="310,41.0,288,-11.2,299,9.9,103,-39.7" /></mjloggm>