<mjloggm ver="2.3"><GO type="225" lobby="0"/><UN n0="%70%68%65%6E%6F%6D%65" n1="%E6%81%A5%E6%99%92%E3%81%97" n2="%E3%81%8B%E3%82%8F%E3%81%A1%E3%82%83%E3%82%93%35%38" n3="%E5%A4%8F%E9%88%B4%E9%88%B4%E5%A4%8F" dan="16,17,16,16" rate="2133.69,2163.86,2173.56,2115.80" sx="M,M,M,F"/><TAIKYOKU oya="0"/><INIT seed="0,0,0,4,1,26" ten="250,250,250,250" oya="0" hai0="2,93,13,97,17,12,23,116,24,47,119,58,31" hai1="90,68,102,34,99,72,1,82,59,48,38,54,78" hai2="91,40,30,113,55,8,64,27,49,86,60,123,25" hai3="44,135,35,7,128,105,70,22,132,52,88,120,15"/><T96/><D2/><U121/><E121/><V33/><F113/><W83/><G120/><T10/><D47/><U28/><E38/><V110/><F110/><W81/><G105/><T21/><D58/><U71/><E1/><V39/><F123/><W11/><G70/><T56/><D56/><U74/><E74/><V29/><F39/><W109/><G35/><T43/><D43/><U134/><E134/><N who="3" m="51242" /><G109/><T37/><D37/><U14/><E14/><V115/><F40/><W36/><G128/><T32/><D97/><U63/><E90/><V106/><F106/><W75/><G75/><T131/><D131/><U112/><E112/><V77/><F77/><W107/><G107/><T45/><D45/><U61/><E61/><V69/><F8/><W124/><G124/><T108/><D108/><U62/><E68/><V87/><F91/><W98/><G22/><T46/><D46/><U42/><E42/><V130/><F130/><W41/><G52/><T19/><REACH who="0" step="1"/><D10/><REACH who="0" ten="240,250,250,250" step="2"/><U129/><E129/><V101/><F115/><W126/><G126/><T94/><D94/><AGARI ba="0,1" hai="7,11,15,36,41,44,81,83,88,94,98" m="51242" machi="94" ten="30,2000,0" yaku="20,1,54,1" doraHai="26" who="3" fromWho="0" sc="240,-20,250,0,250,0,250,30" /><INIT seed="1,0,0,1,5,59" ten="220,250,250,280" oya="1" hai0="66,85,34,123,122,53,95,107,31,127,21,126,75" hai1="79,101,77,100,24,14,2,114,67,81,44,82,89" hai2="17,10,6,83,117,40,58,109,80,74,105,133,49" hai3="87,3,90,116,69,115,73,121,45,47,1,26,88"/><U56/><E114/><V13/><F117/><W5/><G115/><T30/><D75/><U135/><E2/><V119/><F119/><W38/><G69/><T39/><D107/><U132/><E14/><V130/><F105/><W72/><G121/><N who="0" m="46091" /><D39/><U43/><E24/><V35/><F35/><W63/><G90/><N who="0" m="53711" /><D34/><U32/><E32/><V19/><F74/><W71/><G47/><T42/><D42/><U57/><E89/><V52/><F109/><W94/><G26/><N who="0" m="16719" /><D31/><U18/><E43/><V96/><F133/><N who="1" m="51273" /><E44/><N who="2" m="25735" /><F96/><W70/><G45/><T61/><D53/><U16/><E67/><V50/><F130/><W125/><G73/><T29/><D29/><U12/><E101/><V102/><F102/><W93/><G72/><T8/><D8/><N who="1" m="6151" /><E100/><V98/><F98/><W51/><G116/><T124/><D126/><U64/><E18/><AGARI ba="0,0" hai="6,10,13,17,18,19,50,52,58,80,83" m="25735" machi="18" ten="30,2000,0" yaku="8,1,54,1" doraHai="59" who="2" fromWho="1" sc="220,0,250,-20,250,20,280,0" /><INIT seed="2,0,0,3,5,99" ten="220,230,270,280" oya="2" hai0="133,122,88,94,32,118,100,14,51,119,89,61,41" hai1="81,71,101,57,69,132,25,82,130,22,105,128,77" hai2="49,91,3,2,120,56,9,134,79,18,0,111,86" hai3="27,64,65,90,75,123,33,85,43,58,72,74,102"/><V97/><F120/><W37/><G102/><T21/><D122/><U6/><E6/><V23/><F134/><W66/><G123/><T68/><D32/><U15/><E15/><V93/><F111/><W127/><G127/><T35/><D35/><U83/><E132/><V104/><F9/><W4/><G4/><T29/><D133/><U12/><E12/><V87/><F79/><W30/><G43/><T106/><D106/><U84/><E57/><V55/><REACH who="2" step="1"/><F104/><REACH who="2" ten="220,230,260,280" step="2"/><W10/><G10/><T5/><D118/><U114/><E77/><V135/><F135/><W73/><G73/><T113/><D119/><U20/><E128/><V34/><F34/><W31/><G75/><T59/><D113/><U110/><E130/><V60/><F60/><W103/><G74/><T42/><D5/><U109/><E110/><V19/><F19/><W78/><G33/><T125/><D125/><U38/><E109/><V107/><F107/><W53/><G78/><T117/><D117/><U46/><E105/><V98/><F98/><W50/><G72/><T24/><D68/><U116/><E116/><V28/><F28/><W44/><G31/><T40/><D14/><AGARI ba="0,1" hai="0,2,3,14,18,23,49,55,56,86,87,91,93,97" machi="14" ten="40,3900,0" yaku="1,1,53,1" doraHai="99" doraHaiUra="13" who="2" fromWho="0" sc="220,-39,230,0,260,49,280,0" /><INIT seed="2,1,0,3,3,24" ten="181,230,309,280" oya="2" hai0="93,3,130,6,88,129,59,95,32,16,107,10,56" hai1="41,40,48,116,111,94,62,121,118,23,19,64,128" hai2="70,38,68,115,49,26,36,106,91,85,13,52,113" hai3="102,34,65,81,61,104,97,100,83,110,51,37,119"/><V78/><F106/><W27/><G119/><T60/><D107/><U12/><E111/><V120/><F78/><W134/><G110/><T28/><D95/><U4/><E128/><V96/><F96/><W58/><G102/><T2/><D2/><U73/><E73/><V71/><F13/><W11/><G37/><N who="2" m="14441" /><F26/><W80/><G134/><T126/><D126/><U123/><E94/><V86/><F91/><W67/><G51/><T53/><D59/><U63/><E48/><V66/><F85/><W22/><G34/><T20/><D32/><U117/><E4/><V135/><F86/><W72/><G11/><T84/><REACH who="0" step="1"/><D28/><REACH who="0" ten="171,230,309,280" step="2"/><U89/><E118/><V132/><F66/><W133/><G133/><N who="2" m="51273" /><F120/><W30/><REACH who="3" step="1"/><G65/><REACH who="3" ten="171,230,309,270" step="2"/><T39/><D39/><U90/><E64/><V114/><F114/><W18/><G18/><T50/><D50/><U76/><E19/><V105/><F105/><W7/><G7/><T43/><D43/><U124/><E40/><V35/><F35/><W25/><G25/><AGARI ba="1,2" hai="3,6,10,16,20,25,53,56,60,84,88,93,129,130" machi="25" ten="40,5200,0" yaku="1,1,54,2,53,0" doraHai="24" doraHaiUra="103" who="0" fromWho="3" sc="171,75,230,0,309,0,270,-55" /><INIT seed="3,0,0,0,2,86" ten="246,230,309,215" oya="3" hai0="33,127,78,85,88,6,134,50,59,71,14,7,74" hai1="66,128,73,100,83,44,55,4,79,25,42,123,92" hai2="118,21,76,8,60,115,87,108,133,124,18,81,57" hai3="31,39,126,5,117,112,67,27,94,16,69,12,65"/><W13/><G112/><T41/><D71/><U120/><E128/><V40/><F115/><W1/><G126/><T52/><D33/><U37/><E66/><V103/><F118/><W48/><G117/><T107/><D107/><U116/><E116/><V49/><F103/><W96/><G39/><T26/><D127/><U35/><E55/><V24/><F124/><W20/><G69/><T51/><D134/><U111/><E111/><V29/><F108/><W45/><G5/><T19/><D26/><U62/><E62/><V46/><F133/><W11/><G12/><T119/><D78/><U36/><E36/><V109/><F109/><W58/><G58/><T101/><D74/><U9/><E92/><V0/><F0/><W64/><G1/><T17/><D101/><U77/><E100/><V47/><F47/><W10/><G10/><N who="0" m="4439" /><D7/><U130/><E79/><V132/><F132/><W54/><REACH who="3" step="1"/><G67/><REACH who="3" ten="246,230,309,205" step="2"/><T114/><D119/><U95/><E130/><V110/><F110/><W22/><G22/><T90/><D114/><U89/><E35/><V72/><F8/><W63/><G63/><T82/><D51/><U93/><E37/><V28/><F72/><W43/><G43/><T3/><D41/><U15/><E42/><V32/><F32/><W129/><G129/><T70/><D3/><U104/><E120/><V122/><F122/><W56/><G56/><T61/><D70/><U121/><E123/><V2/><F2/><W38/><G38/><T102/><D61/><U23/><E121/><V106/><F106/><W68/><G68/><T97/><D102/><AGARI ba="0,1" hai="11,13,16,20,27,31,45,48,54,64,65,94,96,102" machi="102" ten="30,11600,0" yaku="1,1,7,1,8,1,54,1,53,0" doraHai="86" doraHaiUra="53" who="3" fromWho="0" sc="246,-116,230,0,309,0,205,126" owari="130,-37.0,230,-17.0,309,10.9,331,43.1" /></mjloggm>