<mjloggm ver="2.3"><GO type="225" lobby="0"/><UN n0="%E3%83%A9%E3%83%BC%E3%83%A1%E3%83%B3%E4%BA%94%E9%83%8E" n1="%E3%83%96%E3%83%83%E3%83%91%E3%82%AA%E3%83%96%E3%83%81%E3%82%AD%E3%83%B3" n2="%E3%83%A9%E3%82%B9%E7%8E%87%EF%BC%93%E5%89%B2" n3="%E9%A6%AC%E5%BC%95%E7%81%AB%33" dan="16,17,17,16" rate="2159.14,2182.93,2190.16,2099.32" sx="M,M,F,M"/><TAIKYOKU oya="0"/><INIT seed="0,0,0,4,1,53" ten="250,250,250,250" oya="0" hai0="45,92,120,89,7,126,71,63,134,121,88,124,56" hai1="49,114,12,106,51,115,1,99,118,11,22,79,35" hai2="90,135,8,69,40,128,0,77,6,123,108,15,57" hai3="54,9,29,42,78,37,80,119,83,48,59,24,5"/><T104/><D104/><U66/><E118/><V20/><F69/><W44/><G119/><T21/><D134/><U84/><E35/><V107/><F107/><W111/><G111/><T38/><D71/><U116/><E116/><V122/><F108/><W33/><REACH who="3" step="1"/><G78/><REACH who="3" ten="250,250,250,240" step="2"/><T72/><D121/><U110/><E79/><V97/><F77/><W10/><G10/><T133/><D120/><U102/><E11/><V3/><F123/><W95/><G95/><T64/><D133/><U131/><E110/><V129/><F122/><W70/><G70/><T28/><D92/><U27/><E106/><V96/><F135/><W23/><G23/><T60/><D21/><U85/><E22/><V87/><F20/><W86/><G86/><T82/><D126/><U55/><E85/><V4/><F87/><W32/><G32/><T76/><D124/><U17/><E84/><V98/><F8/><W25/><G25/><T67/><D28/><U26/><E27/><V73/><F97/><W81/><G81/><T132/><D132/><U61/><E99/><V68/><F68/><W109/><G109/><T125/><D125/><U112/><E26/><V113/><F98/><W47/><G47/><T43/><D7/><U30/><E30/><V58/><F6/><W62/><G62/><T41/><D41/><U74/><E61/><V100/><F40/><W50/><G50/><T91/><D63/><U14/><E115/><V65/><F113/><W36/><G36/><T31/><D31/><U94/><E114/><V46/><F4/><W105/><G105/><T39/><D39/><U93/><E112/><RYUUKYOKU ba="0,1" sc="250,15,250,-15,250,-15,240,15" hai0="38,43,45,56,60,64,67,72,76,82,88,89,91" hai3="5,9,24,29,33,37,42,44,48,54,59,80,83" /><INIT seed="0,1,1,3,3,56" ten="265,235,235,255" oya="0" hai0="130,89,118,90,21,5,63,113,133,58,50,120,93" hai1="131,51,15,96,68,87,46,69,116,10,48,13,43" hai2="117,62,44,100,123,99,135,75,102,110,81,78,26" hai3="16,95,128,29,106,65,105,107,86,2,33,45,122"/><T72/><D113/><U71/><E116/><V115/><F115/><W53/><G2/><T98/><D118/><U35/><E131/><V19/><F117/><W27/><G128/><T22/><D120/><U91/><E35/><V114/><F114/><W125/><G122/><T64/><D130/><U14/><E96/><V79/><F123/><W101/><G125/><T3/><D133/><U73/><E73/><V41/><F135/><W127/><G127/><T103/><D72/><U32/><E32/><V42/><F110/><W31/><G65/><T121/><D121/><U85/><E85/><V119/><F79/><W24/><G31/><T60/><D50/><U25/><E25/><V82/><F82/><W6/><G6/><T74/><D74/><U124/><E124/><V8/><F119/><W0/><G0/><T59/><D5/><U40/><E40/><V132/><F42/><W111/><G111/><T34/><D3/><U109/><E109/><V1/><F99/><W38/><G38/><T12/><D34/><U28/><E28/><V77/><F77/><W47/><G101/><N who="2" m="39017" /><F26/><W92/><G107/><T17/><D22/><U55/><E43/><V126/><F132/><W30/><G33/><T104/><D104/><U11/><REACH who="1" step="1"/><E51/><REACH who="1" ten="265,225,235,255" step="2"/><N who="2" m="27023" /><F126/><W57/><G29/><T88/><D103/><U36/><E36/><V134/><F134/><W112/><G112/><T4/><D4/><U23/><E23/><V52/><F75/><W61/><G30/><T70/><D70/><U97/><E97/><V37/><F37/><W49/><G106/><T7/><D7/><U18/><E18/><RYUUKYOKU ba="1,2" sc="265,15,225,15,235,-15,255,-15" hai0="12,17,21,58,59,60,63,64,88,89,90,93,98" hai1="10,11,13,14,15,46,48,55,68,69,71,87,91" /><INIT seed="0,2,2,0,2,72" ten="280,240,220,240" oya="0" hai0="65,109,98,120,5,118,21,59,83,14,84,2,96" hai1="7,13,11,101,76,86,6,105,82,53,20,15,55" hai2="63,42,44,113,30,129,26,47,18,114,125,103,71" hai3="9,100,46,104,97,77,28,49,106,102,85,64,17"/><T54/><D118/><U4/><E105/><V128/><F103/><W122/><G122/><T12/><D120/><U50/><E101/><V8/><F8/><W107/><G64/><T58/><D2/><U123/><E123/><V134/><F18/><W89/><G28/><T60/><D109/><U52/><E50/><V22/><F134/><W116/><G116/><T94/><D5/><U43/><E43/><V0/><F0/><W48/><G48/><N who="0" m="31047" /><D21/><U67/><E67/><N who="2" m="41471" /><F47/><W115/><G115/><T108/><D108/><U45/><E45/><V27/><F27/><W1/><G1/><T92/><D92/><U131/><E131/><N who="2" m="50251" /><F125/><W57/><G9/><T10/><D10/><U119/><E119/><V112/><F112/><W95/><G46/><T29/><D29/><U32/><E32/><V66/><F66/><W19/><G106/><T75/><D12/><U69/><E69/><V73/><F73/><W31/><G107/><T110/><D75/><U135/><E135/><V33/><F33/><W91/><G95/><T34/><D34/><U117/><E117/><V35/><F35/><W68/><G68/><T41/><D110/><U78/><E78/><V81/><F81/><W90/><G77/><T88/><D14/><U56/><E56/><V111/><F111/><W79/><G57/><T62/><D83/><U133/><E133/><V99/><F99/><N who="0" m="37930" /><D62/><U126/><E126/><V93/><F93/><W121/><G104/><T127/><D127/><U39/><E39/><AGARI ba="2,2" hai="22,26,30,39,42,44,113,114" m="50251,41471" machi="39" ten="30,1000,0" yaku="19,1" doraHai="72" who="2" fromWho="1" sc="280,0,240,-16,220,36,240,0" /><INIT seed="1,0,0,0,2,11" ten="280,224,256,240" oya="1" hai0="103,131,66,125,84,101,19,78,129,41,5,85,111" hai1="107,18,44,58,55,126,20,16,123,114,134,113,48" hai2="99,94,69,116,72,133,21,81,82,63,34,105,2" hai3="61,100,97,64,91,0,60,23,96,74,30,3,93"/><U95/><E123/><V51/><F34/><W27/><G74/><T98/><D111/><U108/><E107/><V13/><F2/><W54/><G60/><T15/><D125/><U124/><E134/><V46/><F105/><W8/><G54/><T40/><D66/><U39/><E95/><V28/><F116/><W9/><G0/><T70/><D5/><U4/><E4/><V49/><F133/><W14/><G3/><T10/><D70/><U36/><E18/><V7/><F72/><W115/><G14/><T59/><D59/><U56/><E108/><V67/><F51/><W35/><G115/><N who="1" m="44042" /><E16/><V50/><F50/><W32/><G32/><T87/><D78/><U130/><E20/><V88/><F28/><W68/><REACH who="3" step="1"/><G23/><REACH who="3" ten="280,224,256,230" step="2"/><T47/><D15/><U127/><E130/><V53/><REACH who="2" step="1"/><F21/><REACH who="2" ten="280,224,246,230" step="2"/><W118/><G118/><T121/><D131/><U6/><E6/><V135/><F135/><W122/><G122/><T104/><D129/><U33/><E33/><V17/><F17/><W89/><G89/><T117/><D117/><U120/><E120/><V83/><F83/><W90/><G90/><T45/><D121/><U37/><AGARI ba="0,2" hai="36,37,39,44,48,55,56,58,124,126,127" m="44042" machi="37" ten="50,9600,0" yaku="18,1,34,2" doraHai="11" who="1" fromWho="1" sc="280,-32,224,116,246,-32,230,-32" /><INIT seed="1,1,0,0,5,68" ten="248,340,214,198" oya="1" hai0="22,83,40,114,116,34,80,84,92,86,41,98,118" hai1="44,30,9,109,21,37,130,115,70,47,15,50,4" hai2="60,73,93,33,55,14,88,31,10,77,51,87,58" hai3="79,8,29,96,129,43,32,91,18,78,106,53,75"/><U1/><E115/><V59/><F33/><W27/><G129/><T6/><D34/><U42/><E130/><V131/><F131/><W39/><G53/><T13/><D114/><U28/><E70/><V107/><F107/><W25/><G75/><T97/><D118/><U85/><E109/><V105/><F105/><W26/><G26/><T117/><D117/><U49/><E37/><V24/><F73/><W82/><G25/><T124/><D124/><U35/><E35/><V126/><F126/><W76/><G18/><N who="0" m="10575" /><D6/><U19/><REACH who="1" step="1"/><E85/><REACH who="1" ten="248,330,214,198" step="2"/><V104/><F104/><W112/><G112/><T56/><D116/><U57/><E57/><V132/><F132/><W125/><G125/><T20/><D56/><U95/><E95/><V74/><F74/><W113/><G113/><T121/><D92/><U72/><E72/><V65/><F93/><W38/><G38/><T103/><D86/><U23/><E23/><V110/><F110/><W45/><G106/><T89/><D20/><U128/><E128/><V36/><F36/><W16/><G82/><T120/><D83/><U46/><E46/><V62/><F87/><W135/><G135/><T5/><D80/><U2/><E2/><V81/><F81/><W52/><G32/><T102/><D121/><U111/><E111/><V11/><F59/><W67/><G45/><T63/><D120/><U127/><E127/><V12/><F58/><W99/><G39/><T101/><D84/><U48/><E48/><V17/><F51/><W69/><G69/><T119/><D119/><U3/><E3/><V64/><F62/><W0/><G0/><RYUUKYOKU ba="1,1" sc="248,-10,330,30,214,-10,198,-10" hai1="1,4,9,15,19,21,28,30,42,44,47,49,50" /><INIT seed="1,2,1,3,5,72" ten="238,360,204,188" oya="1" hai0="56,127,91,21,24,122,101,46,89,70,114,64,39" hai1="12,35,123,133,82,15,27,62,29,130,53,132,76" hai2="98,9,41,47,97,25,104,111,67,119,80,126,128" hai3="59,36,113,49,92,106,100,61,19,88,90,38,99"/><U8/><E123/><V3/><F119/><W40/><G113/><T74/><D114/><U120/><E120/><V93/><F111/><W22/><G49/><T69/><D122/><U55/><E130/><V30/><F128/><W108/><G108/><T112/><D112/><U51/><E62/><V0/><F126/><W32/><G32/><T94/><D74/><U124/><E124/><V71/><F67/><W73/><G73/><T78/><D78/><U85/><E55/><V96/><F71/><W14/><G40/><N who="0" m="22815" /><D91/><U77/><E77/><V60/><F60/><W118/><G90/><T33/><D89/><U103/><E103/><V43/><F104/><W75/><G75/><T66/><D33/><U18/><REACH who="1" step="1"/><E15/><REACH who="1" ten="238,350,204,188" step="2"/><V110/><F110/><W135/><G118/><T81/><D101/><U87/><E87/><V13/><F13/><W31/><G135/><T44/><D127/><U134/><E134/><V83/><F43/><W4/><G4/><T26/><D66/><U54/><E54/><V95/><F41/><W28/><G100/><T52/><D64/><U37/><E37/><V107/><F98/><W125/><G125/><T86/><D86/><U84/><E84/><V50/><F97/><W129/><G129/><T45/><D52/><U121/><E121/><V17/><F96/><W5/><G5/><T11/><D81/><U6/><E6/><V10/><F83/><W109/><G109/><T117/><D117/><U1/><E1/><V16/><F80/><W102/><G36/><T116/><D116/><U105/><E105/><V48/><F107/><W79/><G38/><RYUUKYOKU ba="2,2" sc="238,-10,350,30,204,-10,188,-10" hai1="8,12,18,27,29,35,51,53,76,82,85,132,133" /><INIT seed="1,3,2,5,3,92" ten="228,380,194,178" oya="1" hai0="30,74,19,56,124,88,2,6,129,111,77,62,102" hai1="67,11,89,47,104,20,9,0,40,51,66,54,58" hai2="50,57,100,10,73,36,7,105,27,29,41,116,24" hai3="5,32,90,131,85,46,31,8,52,86,26,12,132"/><U133/><E133/><V97/><F116/><W48/><G132/><T83/><D111/><U21/><E104/><V108/><F108/><W96/><REACH who="3" step="1"/><G131/><REACH who="3" ten="228,380,194,168" step="2"/><T15/><D129/><U72/><E72/><V103/><F73/><W34/><G34/><T23/><D74/><U87/><E0/><V135/><F135/><W107/><G107/><T117/><D2/><U118/><E118/><V18/><F36/><W134/><G134/><T49/><D117/><U98/><E67/><V70/><F70/><W59/><G59/><T127/><D56/><U76/><E66/><V95/><F105/><W121/><G121/><T17/><D127/><U113/><E113/><V128/><F128/><W65/><G65/><T126/><D126/><U115/><E115/><V91/><F57/><W81/><G81/><T60/><D83/><N who="1" m="47591" /><E9/><V4/><F10/><W28/><G28/><T68/><D30/><U75/><E11/><V33/><F33/><W61/><G61/><T38/><D62/><N who="1" m="36183" /><E75/><V25/><F29/><W71/><G71/><T93/><D68/><U80/><E80/><V84/><F18/><W3/><G3/><T37/><D19/><U55/><E40/><V125/><F125/><W69/><G69/><T119/><D124/><U39/><E39/><V109/><F109/><W35/><G35/><T22/><D38/><U64/><E64/><V123/><F123/><W82/><G82/><T1/><D37/><U45/><E45/><N who="2" m="25903" /><F7/><W63/><G63/><T43/><D60/><U112/><E112/><V110/><F4/><W14/><G14/><T79/><D15/><U53/><E53/><RYUUKYOKU ba="3,3" sc="228,-15,380,15,194,-15,168,15" hai1="20,21,47,51,55,89,98" hai3="5,8,12,26,31,32,46,48,52,85,86,90,96" /><INIT seed="1,4,3,1,0,21" ten="213,395,179,183" oya="1" hai0="119,23,51,54,84,32,59,75,85,25,81,122,0" hai1="55,24,132,4,130,86,39,49,52,99,110,10,22" hai2="69,26,77,97,1,38,102,16,13,46,116,31,117" hai3="3,11,33,82,57,98,28,74,107,115,29,72,106"/><U76/><E39/><V47/><F1/><W40/><G115/><T135/><D119/><U87/><E130/><V71/><F77/><W95/><G40/><T14/><D0/><U30/><E132/><V120/><F120/><W121/><G121/><T64/><D122/><U111/><E99/><V94/><F117/><W126/><G126/><T73/><D135/><U128/><E128/><V61/><F116/><W56/><G3/><T53/><D32/><U35/><E35/><V109/><F109/><N who="1" m="41481" /><E76/><V129/><F129/><W9/><G33/><T27/><D64/><U78/><E78/><V80/><F80/><W67/><G82/><T68/><D68/><U34/><E34/><V17/><F38/><W20/><G98/><T5/><D75/><U125/><E125/><V62/><F69/><W66/><G20/><T19/><D73/><U12/><E55/><V7/><F7/><W91/><G91/><N who="0" m="51599" /><D5/><U133/><E133/><V101/><F101/><W108/><G108/><T43/><D43/><U105/><E105/><V96/><F96/><W123/><G123/><T70/><D70/><U45/><AGARI ba="4,3" hai="4,10,12,22,24,30,45,49,52,86,87" m="41481" machi="45" ten="30,11700,0" yaku="14,1,10,1,52,1,54,1" doraHai="21" who="1" fromWho="1" sc="213,-43,395,159,179,-43,183,-43" /><INIT seed="1,5,0,0,1,121" ten="170,554,136,140" oya="1" hai0="6,135,130,79,14,2,133,94,66,107,43,82,58" hai1="11,120,111,87,1,85,109,46,126,131,69,56,39" hai2="116,81,41,110,13,29,103,115,118,7,38,88,105" hai3="60,57,20,129,47,90,19,9,91,59,55,102,35"/><U22/><E120/><V89/><F29/><W108/><G35/><T70/><D107/><U50/><E69/><V15/><F41/><W23/><G129/><T113/><D113/><U53/><E131/><V75/><F38/><W64/><G102/><T76/><D130/><U104/><E104/><V93/><F115/><W83/><G47/><T44/><D2/><U77/><E126/><V100/><F7/><W62/><G108/><N who="1" m="41546" /><E77/><V34/><F34/><W54/><G64/><T125/><D66/><U99/><E99/><V92/><F110/><W18/><G83/><T68/><D82/><U4/><E22/><V33/><F33/><W74/><G74/><T3/><D79/><U36/><E36/><V98/><F81/><W10/><AGARI ba="5,0" hai="9,10,18,19,20,23,54,55,57,59,60,62,90,91" machi="10" ten="25,6400,0" yaku="0,1,22,2,8,1" doraHai="121" who="3" fromWho="3" sc="170,-21,554,-37,136,-21,140,79" /><INIT seed="2,0,0,3,4,19" ten="149,517,115,219" oya="2" hai0="84,117,64,2,130,31,100,32,18,68,50,119,20" hai1="44,83,60,6,90,118,28,93,66,110,86,113,0" hai2="53,111,116,52,61,124,78,15,41,58,135,12,104" hai3="121,27,16,62,120,79,127,36,128,29,22,91,95"/><V65/><F116/><N who="0" m="44618" /><D130/><U26/><E118/><V134/><F104/><W4/><G36/><T82/><D100/><U51/><E113/><V43/><F78/><W123/><G4/><T80/><D2/><U24/><E110/><V25/><F25/><W54/><G79/><N who="0" m="46111" /><D50/><U63/><E0/><V131/><F131/><W42/><G42/><N who="2" m="15881" /><F15/><W14/><G128/><T35/><D31/><U57/><E6/><V33/><F12/><W30/><G14/><N who="0" m="9303" /><D82/><U129/><E129/><V94/><F33/><W101/><G101/><T108/><D108/><U11/><E28/><V5/><F94/><W72/><G72/><T89/><D89/><U7/><E7/><V92/><F92/><W47/><G29/><T73/><D73/><U125/><E11/><V122/><F5/><W8/><G8/><T87/><D87/><U76/><E26/><V67/><F111/><W107/><G107/><T48/><D48/><U99/><E24/><V9/><F9/><W55/><G30/><T106/><D106/><U112/><E93/><V77/><F77/><W23/><G95/><T114/><D114/><U69/><E112/><V38/><F38/><W71/><G121/><T75/><D75/><U105/><E76/><V1/><F1/><W115/><G115/><T40/><D40/><N who="1" m="24967" /><E105/><V59/><F122/><W45/><G123/><T49/><D49/><U85/><E99/><V21/><F21/><W126/><G23/><T132/><D132/><N who="2" m="50730" /><F124/><W70/><G126/><T98/><D98/><U39/><E39/><V102/><F102/><W103/><G103/><T17/><D17/><U13/><E125/><RYUUKYOKU ba="0,0" sc="149,15,517,-15,115,15,219,-15" hai0="32,35,64,68" hai2="52,53,58,59,61,65,67" /><INIT seed="2,1,0,4,0,21" ten="164,502,130,204" oya="2" hai0="105,96,5,11,111,97,76,71,17,82,91,24,93" hai1="123,120,60,45,101,41,6,134,107,19,102,1,98" hai2="131,106,83,132,50,67,70,37,2,53,43,61,77" hai3="125,13,73,129,116,22,112,124,51,115,68,18,92"/><V126/><F131/><W42/><G116/><T12/><D71/><U15/><E134/><V81/><F132/><W40/><G129/><T95/><D105/><U64/><E102/><V55/><F126/><N who="3" m="48747" /><G73/><T48/><D111/><U118/><E118/><V113/><F113/><N who="3" m="43595" /><G68/><T100/><D48/><U10/><E19/><V30/><F106/><W63/><G63/><T69/><D69/><N who="1" m="42119" /><E15/><V84/><F2/><W23/><G23/><N who="0" m="13423" /><D82/><U47/><E47/><V34/><F83/><W117/><G117/><T94/><D94/><U74/><E74/><V14/><F14/><W4/><G4/><T9/><D9/><U20/><E20/><V8/><F8/><W7/><G7/><T87/><D76/><U99/><E99/><AGARI ba="1,0" hai="5,11,12,87,91,93,95,96,97,99,100" m="13423" machi="99" ten="30,2000,0" yaku="8,1,52,1" doraHai="21" who="0" fromWho="1" sc="164,23,502,-23,130,0,204,0" /><INIT seed="3,0,0,4,2,72" ten="187,479,130,204" oya="3" hai0="82,13,81,97,67,88,79,66,74,108,56,118,12" hai1="22,49,73,64,21,70,83,111,51,10,36,16,122" hai2="11,9,127,47,105,57,48,129,114,123,96,90,120" hai3="85,94,38,3,28,126,43,86,107,109,99,89,0"/><W52/><G126/><T106/><D118/><U115/><E122/><V20/><F114/><W15/><G28/><T116/><D116/><U61/><E115/><V45/><F127/><W44/><G86/><N who="0" m="48447" /><D106/><U130/><E36/><V91/><F129/><W30/><G30/><T128/><D74/><U46/><E130/><V37/><F37/><W87/><G87/><N who="0" m="50295" /><D108/><U98/><E111/><V117/><F117/><W125/><G125/><T7/><D128/><U112/><E112/><V119/><F119/><W132/><G132/><T77/><D77/><U80/><E73/><V42/><F57/><W8/><G85/><T29/><D29/><U134/><E134/><V101/><F20/><W62/><G107/><T5/><D97/><U4/><E98/><V84/><F90/><W131/><G131/><T124/><D124/><U14/><E22/><V23/><F23/><W133/><G133/><T50/><D50/><U95/><E95/><V39/><F123/><W2/><G109/><T26/><D26/><U31/><E51/><V113/><F113/><W40/><G2/><T68/><D68/><U63/><E63/><V18/><F18/><W58/><G0/><T24/><D24/><U27/><E31/><V78/><F120/><W59/><G3/><T33/><D33/><U17/><E17/><V135/><F135/><W1/><G1/><T25/><D25/><U110/><E110/><V53/><REACH who="2" step="1"/><F91/><REACH who="2" ten="187,479,120,204" step="2"/><W76/><G89/><T93/><D56/><U19/><E4/><V55/><F55/><AGARI ba="0,1" hai="10,14,16,19,21,27,46,49,55,61,64,70,80,83" machi="55" ten="30,2000,0" yaku="7,1,54,1" doraHai="72" who="1" fromWho="2" sc="187,0,479,30,120,-20,204,0" owari="187,-21.3,509,60.9,100,-40.0,204,0.4" /></mjloggm>