<mjloggm ver="2.3"><GO type="225" lobby="0"/><UN n0="%E3%81%BF%E3%81%BF%E3%81%9A" n1="%E6%B7%91%E5%A5%B3%E3%81%AE%E5%97%9C%E3%81%BF" n2="%4B%2E%32%2E%4B%2E" n3="%E7%B4%94%E6%BD%94%E3%83%94%E3%83%A9%E3%83%8B%E3%82%A2" dan="17,16,16,17" rate="2189.81,2168.16,2172.53,2207.26" sx="M,M,M,M"/><TAIKYOKU oya="0"/><INIT seed="0,0,0,4,2,55" ten="250,250,250,250" oya="0" hai0="71,84,75,56,46,18,93,7,52,77,72,123,81" hai1="115,17,27,110,54,29,23,116,73,80,51,48,95" hai2="66,14,21,24,11,101,108,20,88,3,125,83,91" hai3="120,67,114,119,5,107,127,79,2,129,132,16,50"/><T37/><D123/><U122/><E116/><V31/><F3/><W49/><G5/><T85/><D71/><U82/><E122/><V22/><F108/><W76/><G67/><T0/><D18/><U133/><E110/><V44/><F125/><W42/><G42/><N who="0" m="22863" /><D93/><U128/><E128/><V36/><F101/><W130/><G16/><T94/><D94/><U63/><E133/><V43/><F66/><W96/><G96/><T105/><D75/><U32/><E115/><V58/><F58/><W53/><G53/><T87/><D87/><U106/><E106/><V19/><REACH who="2" step="1"/><F83/><REACH who="2" ten="250,250,240,250" step="2"/><W104/><G127/><T25/><D105/><U70/><E82/><V109/><F109/><W6/><G120/><T62/><D25/><U39/><E95/><V8/><F8/><AGARI ba="0,1" hai="0,7,8,52,56,62,72,77,81,84,85" m="22863" machi="8" ten="30,5800,0" yaku="25,1,52,1,54,1" doraHai="55" who="0" fromWho="2" sc="250,68,250,0,240,-58,250,0" /><INIT seed="0,1,0,4,5,119" ten="318,250,182,250" oya="0" hai0="108,54,49,25,89,111,35,1,134,4,28,39,76" hai1="23,56,21,61,94,91,60,127,87,130,81,13,102" hai2="41,52,114,74,12,124,104,133,20,32,118,55,16" hai3="105,24,8,57,40,98,26,92,128,66,68,46,0"/><T122/><D39/><U120/><E127/><V129/><F114/><W97/><G68/><T42/><D42/><U135/><E135/><V43/><F74/><W93/><G105/><T69/><D134/><U18/><E130/><V2/><F133/><W29/><G128/><T45/><D76/><U6/><E6/><V112/><F112/><W95/><G0/><T14/><D69/><U110/><E110/><N who="0" m="42025" /><D1/><U121/><E23/><V17/><F129/><W80/><G8/><N who="0" m="4359" /><D89/><U11/><E11/><N who="2" m="6175" /><F2/><W73/><G73/><T126/><D126/><U62/><REACH who="1" step="1"/><E56/><REACH who="1" ten="318,240,182,250" step="2"/><V19/><F124/><W106/><G57/><T47/><D47/><U5/><E5/><V125/><F125/><W116/><G46/><T99/><D99/><AGARI ba="1,1" hai="13,18,21,60,61,62,81,87,91,94,99,102,120,121" machi="99" ten="40,5200,0" yaku="1,1,52,2,53,0" doraHai="119" doraHaiUra="22" who="1" fromWho="0" sc="318,-55,240,65,182,0,250,0" /><INIT seed="1,0,0,1,2,131" ten="263,305,182,250" oya="1" hai0="113,13,76,25,133,16,107,82,12,4,121,130,93" hai1="55,11,6,51,87,39,50,40,125,26,71,127,21" hai2="1,69,66,102,92,43,103,67,47,106,129,20,18" hai3="70,84,94,85,109,64,126,81,96,58,19,114,2"/><U3/><E71/><V32/><F32/><W68/><G109/><T63/><D107/><U35/><E35/><V99/><F1/><W97/><G126/><N who="1" m="48138" /><E87/><V91/><F129/><W49/><G2/><T115/><D130/><U9/><E9/><V95/><F106/><W0/><G0/><T83/><D93/><U60/><E60/><V120/><F69/><W88/><G114/><T54/><D121/><U37/><E40/><V110/><F110/><W59/><G59/><T17/><D63/><U77/><E77/><V5/><F5/><W46/><G19/><T61/><D61/><U111/><E111/><V31/><F31/><W118/><G118/><T80/><D76/><U122/><E122/><V62/><F62/><W53/><G64/><T123/><D123/><U7/><E7/><V36/><F120/><W57/><G70/><T44/><D4/><U117/><E117/><V52/><F52/><N who="3" m="29751" /><G68/><T101/><D115/><U135/><E50/><V29/><F29/><W65/><G65/><T134/><D113/><U105/><E105/><V72/><F72/><W10/><G10/><T45/><D54/><U22/><E55/><V74/><F74/><W34/><G34/><T48/><D48/><U119/><E51/><V27/><REACH who="2" step="1"/><F103/><REACH who="2" ten="263,305,172,250" step="2"/><W90/><G53/><T75/><D101/><U56/><E3/><V100/><F100/><W78/><G57/><T128/><D75/><U15/><E56/><V24/><F24/><W98/><G58/><T23/><D128/><U116/><E26/><V89/><F89/><AGARI ba="0,1" hai="78,81,84,85,88,89,90,94,96,97,98" m="29751" machi="89" ten="30,3900,0" yaku="8,1,54,2" doraHai="131" who="3" fromWho="2" sc="263,0,305,0,172,-39,250,49" /><INIT seed="2,0,0,0,3,38" ten="263,305,133,299" oya="2" hai0="21,52,127,122,110,81,10,93,30,51,86,131,85" hai1="56,15,92,134,68,102,133,105,64,1,59,27,40" hai2="37,54,17,116,0,18,128,117,107,106,82,123,75" hai3="66,28,109,124,20,88,84,96,104,12,25,72,32"/><V74/><F37/><W97/><G72/><N who="2" m="27689" /><F82/><W26/><G124/><T58/><D122/><U113/><E1/><V31/><F0/><W29/><G109/><T36/><D110/><U24/><E113/><V47/><F47/><W65/><G12/><T9/><D127/><U41/><E105/><N who="2" m="39947" /><F54/><W70/><G70/><T99/><D131/><U61/><E15/><V63/><F63/><W89/><G104/><T6/><D36/><U2/><E2/><V46/><F46/><W14/><G14/><T69/><D69/><U103/><E68/><V79/><F79/><W22/><G32/><T71/><D71/><U35/><E59/><V8/><F31/><W73/><G73/><T49/><D6/><U90/><E35/><V108/><F108/><W50/><G84/><T67/><D67/><U43/><E102/><V44/><F44/><W39/><G39/><T77/><D86/><N who="1" m="52311" /><E103/><V83/><F83/><W19/><G50/><T112/><D112/><U94/><E94/><V48/><F48/><W53/><G53/><T125/><D125/><U115/><E115/><V129/><F123/><W42/><G19/><N who="2" m="7177" /><F8/><W11/><G11/><T95/><D95/><U101/><E101/><V87/><F87/><W45/><G45/><T5/><D5/><U60/><E60/><V135/><F135/><AGARI ba="0,0" hai="24,27,40,41,43,56,61,64,133,134,135" m="52311" machi="135" ten="30,7700,0" yaku="20,1,52,3" doraHai="38" who="1" fromWho="2" sc="263,0,305,77,133,-77,299,0" /><INIT seed="3,0,0,5,1,108" ten="263,382,56,299" oya="3" hai0="22,120,76,71,100,132,57,131,93,119,127,40,124" hai1="75,66,103,73,68,112,15,21,101,61,79,74,34" hai2="64,43,94,49,35,8,19,98,102,7,47,1,51" hai3="125,37,88,31,58,48,106,128,67,50,65,111,135"/><W96/><G37/><T122/><D22/><U117/><E34/><V69/><F35/><W80/><G111/><T39/><D76/><U92/><E79/><V11/><F69/><W54/><G135/><T16/><D16/><U42/><E42/><V9/><F64/><N who="3" m="24651" /><G128/><T4/><D4/><U95/><E117/><V60/><F60/><N who="3" m="35927" /><G106/><T78/><D78/><U26/><E15/><V77/><F77/><W84/><G125/><N who="0" m="48203" /><D93/><U30/><E95/><V91/><F1/><W2/><G2/><T62/><D100/><U3/><E3/><V20/><F7/><W104/><G104/><T118/><D132/><U55/><E92/><V115/><F51/><N who="3" m="19499" /><G31/><T133/><D133/><U38/><E75/><V28/><F28/><W81/><G81/><T18/><D18/><U123/><E74/><V134/><F134/><W121/><G121/><N who="0" m="46699" /><D131/><U24/><E73/><V70/><F70/><W25/><G25/><T85/><D85/><U114/><E26/><N who="2" m="14623" /><F102/><W29/><G29/><T32/><D32/><U0/><E0/><V82/><F82/><W10/><G10/><T13/><D13/><U14/><E123/><V52/><F43/><W33/><G33/><T27/><D27/><U63/><E14/><V105/><F105/><W89/><G89/><T90/><D90/><U116/><E101/><V6/><F6/><W130/><G130/><T126/><N who="0" m="48211" /><T23/><DORA hai="44" /><D71/><N who="1" m="42447" /><E103/><V12/><F12/><W5/><G5/><T113/><D39/><U36/><E68/><V46/><F46/><W87/><G87/><T83/><D83/><U110/><E36/><V17/><F17/><RYUUKYOKU ba="0,0" sc="263,-15,382,-15,56,15,299,15" hai2="8,9,11,47,49,52,91,94,98,115" hai3="80,84,88,96" /><INIT seed="3,1,0,3,1,7" ten="248,367,71,314" oya="3" hai0="117,74,52,66,80,130,79,57,102,105,1,25,6" hai1="114,28,73,54,75,4,65,109,76,22,62,110,93" hai2="106,107,88,127,111,12,98,89,121,24,17,56,31" hai3="85,91,120,70,58,131,0,8,112,123,43,14,41"/><W101/><G70/><T40/><D117/><U126/><E114/><V45/><F127/><W11/><G112/><T122/><D122/><U116/><E126/><V26/><F111/><N who="1" m="42505" /><E116/><V95/><F121/><W60/><G0/><T103/><D130/><U34/><E34/><V81/><F106/><W38/><G38/><T48/><D105/><U5/><E93/><V29/><F107/><W39/><G39/><T37/><D25/><N who="1" m="16439" /><E54/><V108/><F108/><W42/><G131/><T16/><D66/><U19/><E19/><V132/><F132/><W84/><G120/><T18/><D103/><U92/><E92/><V129/><F129/><W134/><G123/><T69/><D102/><U20/><E20/><V51/><F56/><W53/><G101/><T104/><D69/><N who="1" m="42167" /><E76/><V135/><F135/><W50/><G134/><T46/><D104/><U3/><E3/><V32/><F32/><W13/><G60/><T87/><D87/><N who="3" m="33353" /><G91/><T71/><D71/><U72/><AGARI ba="1,0" hai="4,5,72,73,75" m="42167,16439,42505" machi="72" ten="40,1500,0" yaku="14,1" doraHai="7" who="1" fromWho="1" sc="248,-5,367,18,71,-5,314,-8" owari="243,-15.7,385,48.5,66,-43.4,306,10.6" /></mjloggm>