<mjloggm ver="2.3"><GO type="225" lobby="0"/><UN n0="%E6%9C%88%E5%B3%B6%E5%9F%BA" n1="%E5%8D%A0%E3%81%84%E5%B8%AB%E8%A3%8F%E3%81%AA%E3%81%84%E3%81%97" n2="%E7%89%B9%E6%9D%B1%E3%81%AF%E4%B8%96%E7%95%8C%E3%82%92%E6%95%91%E3%81%86" n3="%E3%83%96%E3%83%83%E3%83%91%E3%82%AA%E3%83%96%E3%83%81%E3%82%AD%E3%83%B3" dan="16,17,16,16" rate="2119.48,2181.79,2190.20,2154.76" sx="M,M,M,M"/><TAIKYOKU oya="0"/><INIT seed="0,0,0,0,2,26" ten="250,250,250,250" oya="0" hai0="90,114,40,30,109,56,81,44,64,129,39,87,67" hai1="9,127,95,70,131,21,1,28,12,86,20,19,41" hai2="8,48,120,122,2,92,0,74,11,17,84,100,118" hai3="101,59,112,135,128,25,27,33,43,113,115,125,98"/><T77/><D114/><U4/><E70/><V37/><F37/><W107/><G128/><T134/><D129/><U123/><E123/><N who="2" m="47147" /><F48/><W47/><G135/><T38/><D134/><U88/><E131/><V97/><F84/><W34/><G125/><T133/><D133/><U69/><E69/><V46/><F46/><W117/><G117/><T10/><D39/><U14/><E127/><V42/><F42/><W116/><G116/><T105/><D105/><U36/><E1/><N who="2" m="619" /><F92/><W52/><G34/><T23/><D10/><N who="2" m="3626" /><F17/><W104/><G104/><T22/><D77/><U78/><E78/><V76/><F76/><W85/><G85/><T15/><D56/><U13/><E41/><V82/><F82/><W60/><REACH who="3" step="1"/><G33/><REACH who="3" ten="250,250,250,240" step="2"/><T111/><D87/><U71/><E36/><AGARI ba="0,1" hai="25,27,36,43,47,52,59,60,98,101,107,112,113,115" machi="36" ten="40,5200,0" yaku="1,1,2,1,54,1,53,0" doraHai="26" doraHaiUra="132" who="3" fromWho="1" sc="250,0,250,-52,250,0,240,62" /><INIT seed="1,0,0,3,0,133" ten="250,198,250,302" oya="1" hai0="69,40,129,97,11,73,121,113,67,88,59,96,38" hai1="125,54,92,42,117,60,120,86,31,95,87,116,114" hai2="36,22,35,100,21,52,119,79,17,126,13,105,28" hai3="2,90,12,130,110,43,57,8,102,94,6,4,61"/><U74/><E74/><V109/><F119/><W124/><G110/><T103/><D113/><U0/><E114/><V1/><F36/><W9/><G130/><T80/><D69/><U122/><E0/><V50/><F109/><W72/><G124/><T83/><D129/><U62/><E54/><V30/><F1/><W53/><G72/><T128/><D38/><U37/><E37/><V14/><F79/><W19/><G43/><T51/><D67/><U3/><E3/><V112/><F112/><W7/><REACH who="3" step="1"/><G102/><REACH who="3" ten="250,198,250,292" step="2"/><T85/><D40/><U64/><E42/><V123/><F126/><W106/><G106/><T47/><D103/><U15/><E125/><V132/><F100/><W98/><AGARI ba="0,1" hai="2,4,6,7,8,9,12,19,53,57,61,90,94,98" machi="98" ten="20,2700,0" yaku="1,1,0,1,7,1,53,0" doraHai="133" doraHaiUra="135" who="3" fromWho="3" sc="250,-7,198,-13,250,-7,292,37" /><INIT seed="2,0,0,5,5,67" ten="243,185,243,329" oya="2" hai0="17,91,107,76,110,124,46,47,54,62,92,8,18" hai1="111,0,28,116,37,126,29,50,39,128,2,30,13" hai2="36,122,25,119,73,48,120,53,112,123,42,114,72" hai3="86,51,115,60,65,87,58,83,14,3,9,81,32"/><V98/><F25/><W21/><G32/><T71/><D107/><U4/><E116/><V117/><F42/><W1/><G115/><N who="2" m="44073" /><F36/><W94/><G94/><T77/><D8/><U108/><E50/><V44/><F48/><W109/><G109/><N who="1" m="42058" /><E128/><V74/><F44/><W11/><G3/><N who="1" m="1066" /><E126/><V102/><F53/><W27/><G1/><T45/><D54/><U130/><E130/><V57/><F57/><W19/><G51/><T129/><D124/><U133/><E133/><V23/><F23/><W96/><G96/><T40/><D40/><U78/><E78/><V69/><F69/><W20/><G20/><T84/><D77/><U70/><E70/><V43/><F43/><W56/><G56/><T33/><D76/><U131/><E131/><V26/><F26/><W118/><G118/><T113/><D33/><U103/><E103/><V15/><F15/><W38/><G38/><N who="1" m="14346" /><E13/><V105/><AGARI ba="0,0" hai="72,73,74,98,102,105,117,119,120,122,123" m="44073" machi="105" ten="50,9600,0" yaku="23,1,34,2" doraHai="67" who="2" fromWho="2" sc="243,-32,185,-32,243,96,329,-32" /><INIT seed="2,1,0,0,1,13" ten="211,153,339,297" oya="2" hai0="101,14,103,92,59,25,22,127,2,10,134,24,42" hai1="118,23,71,76,116,21,72,49,67,114,122,84,102" hai2="27,19,4,45,44,20,34,62,112,65,97,128,124" hai3="28,47,80,131,88,115,87,35,82,17,26,96,60"/><V52/><F112/><W85/><G131/><T30/><D127/><U69/><E114/><V48/><F128/><W107/><G115/><T64/><D134/><U41/><E72/><V109/><F124/><W98/><G107/><T120/><D120/><U119/><E122/><V130/><F130/><W32/><G60/><N who="0" m="37919" /><D2/><U108/><E108/><V135/><F135/><W125/><G125/><T93/><D25/><U68/><E67/><V70/><F109/><W129/><G129/><T36/><D42/><U16/><E102/><N who="0" m="38921" /><D36/><U6/><E6/><AGARI ba="1,0" hai="6,10,14,22,24,30,92,93" m="38921,37919" machi="6" ten="30,1000,0" yaku="8,1" doraHai="13" who="0" fromWho="1" sc="211,13,153,-13,339,0,297,0" /><INIT seed="3,0,0,0,0,10" ten="224,140,339,297" oya="3" hai0="6,94,113,107,53,70,28,18,37,57,29,35,47" hai1="108,87,3,78,115,42,7,19,33,122,125,11,72" hai2="27,119,0,103,51,1,93,79,30,114,133,84,111" hai3="81,56,25,104,105,97,99,88,20,14,22,127,26"/><W116/><G116/><T74/><D107/><U2/><E122/><V91/><F119/><W64/><G127/><T49/><D74/><U45/><E115/><V75/><F114/><W17/><G105/><T134/><D70/><U21/><E125/><V60/><F103/><W54/><G64/><T12/><D134/><U23/><E108/><V129/><F111/><W118/><G118/><T68/><D68/><U50/><E33/><V48/><F60/><N who="3" m="35863" /><G104/><T128/><D35/><U24/><E72/><V109/><F0/><W101/><G101/><T86/><D128/><U100/><E21/><V90/><F1/><W43/><G43/><T39/><D6/><U98/><E98/><N who="3" m="37386" /><G22/><N who="0" m="11591" /><D39/><U121/><E100/><V31/><F129/><W65/><G65/><T58/><D37/><U89/><E89/><V36/><F36/><W132/><G132/><T59/><D113/><U110/><E110/><V16/><F133/><W126/><G126/><T76/><D76/><U67/><E67/><V117/><F109/><W66/><G66/><T73/><D73/><U120/><E2/><V9/><F117/><W80/><G80/><T44/><D94/><U32/><E32/><V83/><F75/><W69/><G69/><T135/><D135/><U34/><E34/><V82/><F83/><W85/><AGARI ba="0,0" hai="14,17,20,25,26,81,85,88" m="37386,35863" machi="85" ten="30,6000,0" yaku="8,1,52,1,54,1" doraHai="10" who="3" fromWho="3" sc="224,-20,140,-20,339,-20,297,60" owari="204,-19.6,120,-38.0,319,11.9,357,45.7" /></mjloggm>