<mjloggm ver="2.3"><GO type="225" lobby="0"/><UN n0="%E7%B4%94%E6%BD%94%E3%83%94%E3%83%A9%E3%83%8B%E3%82%A2" n1="%E5%91%A8%E6%9D%B1" n2="%E3%82%8F%E3%81%8B%E3%81%B0%2A%E3%82%AC%E3%83%BC%E3%83%AB" n3="%E6%A1%9C%E8%8A%B1%E9%96%83%E3%80%85" dan="17,16,16,17" rate="2203.78,2195.05,2066.13,2238.67" sx="M,M,M,M"/><TAIKYOKU oya="0"/><INIT seed="0,0,0,3,0,135" ten="250,250,250,250" oya="0" hai0="40,100,98,110,62,65,58,11,9,46,114,68,42" hai1="120,89,22,2,6,123,30,21,128,66,122,85,95" hai2="112,70,75,78,20,102,49,59,54,86,63,61,64" hai3="129,109,79,67,24,77,105,51,33,41,97,91,94"/><T96/><D114/><U28/><E66/><V69/><F75/><W29/><G109/><T106/><D110/><U71/><E71/><V8/><F112/><W3/><G129/><T39/><D42/><U4/><E128/><V57/><F102/><W37/><G37/><T17/><D96/><U87/><E2/><V111/><F111/><W76/><G3/><T90/><D90/><U38/><E38/><V74/><F74/><W108/><G108/><T83/><D83/><U101/><E101/><V92/><F8/><W27/><G67/><T23/><REACH who="0" step="1"/><D68/><REACH who="0" ten="240,250,250,250" step="2"/><U60/><E89/><N who="2" m="53303" /><F70/><W117/><G41/><T34/><D34/><U72/><E123/><V80/><F69/><W81/><G81/><T43/><D43/><U103/><E122/><V31/><F80/><W130/><G130/><T84/><D84/><U35/><E35/><V14/><F78/><W73/><G73/><T104/><D104/><U93/><E72/><V56/><F31/><N who="3" m="19687" /><G105/><T121/><D121/><U1/><E120/><V7/><F64/><W48/><G79/><T53/><D53/><U82/><E82/><V119/><F54/><W131/><G131/><T26/><AGARI ba="0,1" hai="9,11,17,23,26,39,40,46,58,62,65,98,100,106" machi="26" ten="20,3900,0" yaku="1,1,0,1,7,1,53,0" doraHai="135" doraHaiUra="113" who="0" fromWho="0" sc="240,49,250,-13,250,-13,250,-13" /><INIT seed="0,1,0,0,5,49" ten="289,237,237,237" oya="0" hai0="55,7,73,36,125,67,129,22,126,94,93,128,134" hai1="75,44,112,103,9,107,104,122,17,21,98,59,54" hai2="11,116,25,99,69,123,109,34,46,20,63,124,43" hai3="127,118,37,47,80,85,106,133,90,50,101,131,115"/><T130/><D36/><U68/><E122/><V60/><F123/><W23/><G115/><T121/><D121/><U1/><E112/><V10/><F109/><W39/><G118/><T5/><D73/><U105/><E68/><V78/><F34/><W0/><G0/><T114/><D114/><U13/><E75/><V30/><F116/><W120/><G120/><T62/><D22/><U51/><E1/><V88/><F78/><W91/><G131/><T61/><D55/><U113/><E113/><V110/><F124/><N who="0" m="47722" /><D134/><U97/><E97/><V135/><F110/><W12/><G37/><T87/><D62/><U3/><E3/><V16/><F135/><W2/><G2/><T65/><D61/><N who="2" m="23626" /><F69/><W18/><G39/><T38/><D87/><U40/><REACH who="1" step="1"/><E21/><REACH who="1" ten="289,227,237,237" step="2"/><V108/><F108/><W89/><G127/><T77/><D38/><AGARI ba="1,1" hai="9,13,17,38,40,44,51,54,59,98,103,104,105,107" machi="38" ten="30,7700,0" yaku="1,1,2,1,7,1,52,1,53,0" doraHai="49" doraHaiUra="111" who="1" fromWho="0" sc="289,-80,227,90,237,0,237,0" /><INIT seed="1,0,0,5,0,134" ten="209,317,237,237" oya="1" hai0="64,61,97,37,94,36,29,73,65,67,52,47,117" hai1="93,51,115,56,113,62,43,16,119,74,76,33,42" hai2="66,127,31,85,23,0,57,27,6,86,102,114,82" hai3="35,100,69,89,10,40,79,7,13,49,98,46,83"/><U122/><E119/><V19/><F114/><W133/><G133/><T53/><D73/><U90/><E33/><V20/><F102/><W80/><G69/><N who="0" m="42127" /><D94/><U54/><E122/><V8/><F127/><W123/><G35/><T96/><D97/><U41/><E76/><V109/><F109/><W11/><G123/><T75/><D96/><U3/><E3/><V17/><F82/><W105/><G89/><T110/><D29/><U68/><E74/><V45/><F45/><W22/><G22/><T1/><D75/><U91/><E91/><V118/><F118/><W71/><G71/><T28/><D28/><U84/><E68/><V2/><F2/><W78/><G78/><T87/><D87/><U88/><E90/><V5/><F5/><W63/><G63/><T44/><D1/><U55/><REACH who="1" step="1"/><E16/><REACH who="1" ten="209,307,237,237" step="2"/><V38/><F17/><W112/><G79/><T39/><D117/><U60/><E60/><V108/><F19/><W132/><G132/><T24/><D24/><U103/><E103/><V12/><F0/><W77/><G77/><T92/><D110/><U18/><E18/><V131/><F108/><W81/><G11/><T25/><D25/><U135/><E135/><V120/><F120/><W101/><G101/><T32/><D32/><U9/><E9/><V34/><F34/><W125/><G112/><T106/><D106/><U99/><E99/><V128/><F27/><W21/><G21/><T95/><D95/><U70/><E70/><V58/><F23/><W124/><AGARI ba="0,1" hai="7,10,13,40,46,49,80,81,83,98,100,105,124,125" machi="124" ten="30,4000,0" yaku="0,1,52,2" doraHai="134" who="3" fromWho="3" sc="209,-10,307,-20,237,-10,237,50" /><INIT seed="2,0,0,0,3,54" ten="199,287,227,287" oya="2" hai0="70,73,84,91,15,46,5,82,134,32,74,6,115" hai1="29,119,93,96,21,59,68,11,110,99,77,24,130" hai2="97,52,26,56,101,1,81,133,125,72,100,104,36" hai3="127,122,37,88,7,107,0,128,92,53,69,131,39"/><V86/><F36/><W118/><G118/><T85/><D70/><U80/><E110/><V61/><F1/><W62/><G107/><T65/><D115/><U111/><E111/><V105/><F72/><W55/><G122/><T47/><D32/><U106/><E130/><N who="3" m="49706" /><G127/><T22/><D65/><U16/><E68/><V51/><F125/><W94/><G94/><T129/><D129/><U116/><E106/><V112/><F112/><W50/><G7/><T44/><D134/><U38/><E38/><V102/><F133/><W121/><G0/><T95/><D73/><U12/><E59/><V17/><F61/><W117/><G117/><T30/><D74/><U42/><E42/><V89/><REACH who="2" step="1"/><F105/><REACH who="2" ten="199,287,217,287" step="2"/><W135/><G135/><T123/><D123/><U4/><E119/><V23/><AGARI ba="0,1" hai="17,23,26,51,52,56,81,86,89,97,100,101,102,104" machi="23" ten="30,12000,1" yaku="1,1,2,1,0,1,52,1,54,1,53,0" doraHai="54" doraHaiUra="43" who="2" fromWho="2" sc="199,-40,287,-40,217,130,287,-40" /><INIT seed="2,1,0,5,0,4" ten="159,247,347,247" oya="2" hai0="77,7,34,83,47,69,111,92,50,91,115,37,12" hai1="107,119,19,98,22,1,2,117,54,70,49,66,11" hai2="5,112,126,72,35,44,96,121,31,25,76,130,28" hai3="59,88,93,74,120,29,3,124,135,30,101,39,61"/><V40/><F112/><W73/><G120/><T118/><D115/><U51/><E70/><V102/><F121/><W58/><G39/><T113/><D113/><U13/><E66/><V94/><F31/><W0/><G101/><T52/><D118/><U23/><E107/><V9/><F130/><W81/><G124/><T109/><D34/><U27/><E98/><V97/><F97/><W62/><G81/><T60/><D37/><U75/><E75/><V114/><F114/><W90/><REACH who="3" step="1"/><G135/><REACH who="3" ten="159,247,347,237" step="2"/><T87/><D69/><U108/><E119/><V122/><F126/><W42/><G42/><T104/><D104/><U8/><E117/><V18/><F40/><W99/><G99/><T80/><D80/><U6/><E108/><V110/><F96/><W46/><G46/><T100/><D100/><U36/><E36/><V103/><F44/><W106/><G106/><T127/><D127/><U132/><E132/><V14/><F103/><W56/><G56/><T20/><D60/><U10/><E51/><V125/><F102/><W67/><G67/><T21/><D111/><U64/><E64/><V128/><F110/><W134/><G134/><T53/><D109/><U57/><REACH who="1" step="1"/><E6/><REACH who="1" ten="159,237,347,237" step="2"/><V133/><F5/><W123/><G123/><T105/><D105/><U41/><E41/><V78/><F122/><W89/><G89/><T63/><D63/><U71/><E71/><V65/><F65/><W55/><G55/><T79/><D53/><U86/><E86/><V15/><F133/><W84/><G84/><N who="0" m="52327" /><D77/><U85/><E85/><V16/><F78/><W43/><G43/><T38/><D38/><RYUUKYOKU ba="1,2" sc="159,10,237,10,347,-30,237,10" hai0="7,12,20,21,47,50,52,79,83,87" hai1="1,2,8,10,11,13,19,22,23,27,49,54,57" hai3="0,3,29,30,58,59,61,62,73,74,88,90,93" /><INIT seed="3,2,2,3,5,135" ten="169,247,317,247" oya="3" hai0="75,100,22,70,34,115,128,97,58,8,62,25,67" hai1="96,120,123,30,76,61,40,124,26,81,127,125,87" hai2="109,92,93,20,112,24,86,38,90,65,32,64,54" hai3="3,2,21,39,35,119,1,9,133,117,13,108,47"/><W132/><G47/><T10/><D128/><U52/><E40/><V111/><F112/><W94/><G39/><T49/><D75/><U27/><E96/><V130/><F32/><W85/><G35/><T31/><D115/><U126/><E126/><V78/><F38/><W110/><G21/><T121/><D121/><N who="1" m="46667" /><E30/><N who="2" m="17671" /><F130/><W107/><G107/><T14/><D49/><U114/><E114/><V134/><F134/><N who="3" m="51819" /><G94/><T4/><D10/><U12/><E12/><V106/><F106/><W16/><G85/><T104/><D22/><U41/><E41/><V48/><F93/><W53/><G53/><T18/><REACH who="0" step="1"/><D58/><AGARI ba="2,2" hai="26,27,52,58,61,76,81,87,124,125,127" m="46667" machi="58" ten="40,8000,1" yaku="18,1,52,3,54,1" doraHai="135" who="1" fromWho="0" sc="169,-86,247,106,317,0,247,0" owari="83,-41.7,353,45.3,317,11.7,247,-15.3" /></mjloggm>