<mjloggm ver="2.3"><GO type="225" lobby="0"/><UN n0="%E6%97%A5%E6%9B%9C%E6%97%A5%E3%82%88%E3%82%8A%E3%81%AE%E4%BD%BF%E8%80%85" n1="%E9%A6%AC%E5%BC%95%E7%81%AB%33" n2="%E3%81%A1%E3%82%83%E3%81%93%E3%81%93" n3="%E3%81%AF%E3%82%88%E3%81%8A%E3%81%98%E3%81%95%E3%82%93" dan="17,16,16,17" rate="2246.07,2088.43,2153.03,2208.54" sx="M,M,F,M"/><TAIKYOKU oya="0"/><INIT seed="0,0,0,5,5,73" ten="250,250,250,250" oya="0" hai0="125,131,1,115,87,78,50,81,22,32,51,28,15" hai1="70,133,58,120,7,12,69,127,31,20,100,21,14" hai2="33,101,19,90,40,5,6,71,84,17,124,68,89" hai3="44,10,126,53,74,85,56,79,116,128,67,8,119"/><T27/><D115/><U95/><E120/><V59/><F101/><W105/><G74/><T25/><D125/><U3/><E3/><V62/><F40/><W64/><G105/><T91/><D131/><U93/><E58/><V26/><F59/><W43/><G126/><T123/><D123/><U75/><E75/><V102/><F102/><W57/><G128/><T80/><D1/><U29/><E100/><V34/><F124/><W60/><G116/><T134/><D15/><U122/><E127/><V35/><F84/><W65/><G56/><T82/><D134/><U94/><E122/><V72/><F72/><W54/><G54/><T63/><D63/><U86/><E94/><V18/><F26/><W49/><REACH who="3" step="1"/><G119/><REACH who="3" ten="250,250,250,240" step="2"/><T99/><D99/><U113/><E113/><V37/><F62/><W47/><G47/><T88/><D91/><N who="2" m="34826" /><F37/><W66/><N who="3" m="16384" /><DORA hai="13" /><W55/><G55/><T114/><D114/><U0/><E133/><V77/><F77/><W45/><G45/><T9/><D78/><U83/><E70/><AGARI ba="0,1" hai="5,6,17,18,19,33,34,35,68,70,71" m="34826" machi="70" ten="40,8000,1" yaku="28,2,52,3" doraHai="73,13" who="2" fromWho="1" sc="250,0,250,-80,250,90,240,0" /><INIT seed="1,0,0,3,4,109" ten="250,170,340,240" oya="1" hai0="22,66,36,17,117,51,90,33,61,23,88,1,28" hai1="44,18,16,83,127,123,116,60,62,87,39,13,126" hai2="64,11,92,29,26,19,125,114,81,128,115,110,82" hai3="103,63,52,77,21,7,97,31,79,85,70,37,130"/><U45/><E116/><V86/><F110/><W133/><G37/><T48/><D36/><U43/><E123/><V6/><F128/><W121/><G121/><T95/><D1/><U55/><E44/><V96/><F125/><N who="1" m="47625" /><E55/><V53/><F19/><N who="1" m="7209" /><E13/><V93/><F53/><W20/><G130/><T68/><D117/><U58/><E58/><V84/><F64/><W15/><G70/><T129/><D129/><U76/><AGARI ba="0,0" hai="39,43,45,60,62,76,83,87" m="7209,47625" machi="76" ten="30,3000,0" yaku="18,1,54,1" doraHai="109" who="1" fromWho="1" sc="250,-10,170,30,340,-10,240,-10" /><INIT seed="1,1,0,0,0,0" ten="240,200,330,230" oya="1" hai0="122,2,37,27,99,129,1,111,5,92,13,18,29" hai1="89,87,108,50,43,66,77,33,121,44,35,135,7" hai2="14,47,42,65,91,22,60,52,11,78,76,117,56" hai3="125,71,110,41,21,112,123,113,131,4,49,120,85"/><U119/><E121/><V46/><F117/><W72/><G72/><T133/><D37/><U84/><E119/><V107/><F107/><W114/><G85/><T16/><D122/><N who="3" m="46633" /><G21/><T132/><D111/><U32/><E135/><N who="0" m="51785" /><D129/><U8/><E108/><V28/><F91/><W31/><G31/><T88/><D5/><U53/><E66/><V51/><F46/><N who="3" m="25807" /><G4/><T116/><D116/><U58/><E77/><V59/><F59/><W130/><G110/><T69/><D69/><U45/><E45/><V101/><F101/><W115/><N who="3" m="28672" /><DORA hai="82" /><W105/><G105/><T75/><D75/><U61/><REACH who="1" step="1"/><E89/><REACH who="1" ten="240,190,330,230" step="2"/><V25/><REACH who="2" step="1"/><F65/><REACH who="2" ten="240,190,320,230" step="2"/><W86/><G130/><T48/><D88/><U73/><E73/><V128/><F128/><W100/><G131/><T98/><D98/><U3/><AGARI ba="1,2" hai="3,7,8,32,33,35,43,44,50,53,58,61,84,87" machi="3" ten="30,12000,1" yaku="1,1,0,1,52,3,53,0" doraHai="0,82" doraHaiUra="79,106" who="1" fromWho="1" sc="240,-41,190,143,320,-41,230,-41" /><INIT seed="1,2,0,2,0,81" ten="199,333,279,189" oya="1" hai0="56,115,38,102,53,105,78,57,31,8,14,13,126" hai1="16,117,46,128,63,123,71,11,29,19,87,45,49" hai2="93,22,50,62,129,133,77,70,122,40,52,41,61" hai3="132,48,51,66,84,110,43,96,60,58,103,119,72"/><U20/><E117/><V130/><F122/><W85/><G72/><T69/><D69/><U91/><E123/><V75/><F133/><W37/><G37/><T73/><D38/><U121/><E121/><V27/><F75/><W114/><G114/><T35/><D115/><U2/><E128/><N who="2" m="49259" /><F77/><W90/><G132/><T86/><D73/><U3/><E29/><N who="2" m="17655" /><F93/><N who="3" m="58767" /><G119/><T120/><D120/><U30/><E30/><V12/><F12/><W4/><G110/><T135/><D135/><U112/><E112/><V18/><F18/><W64/><G4/><T99/><D126/><U7/><E2/><V28/><F28/><W100/><G100/><T59/><D53/><U55/><E46/><N who="2" m="27735" /><F70/><W108/><G108/><T89/><D78/><U26/><E19/><V15/><F15/><W101/><G101/><T95/><REACH who="0" step="1"/><D8/><REACH who="0" ten="189,333,279,189" step="2"/><U134/><E134/><V10/><F10/><W23/><G43/><AGARI ba="2,1" hai="40,41,43,61,62" m="27735,17655,49259" machi="43" ten="30,2000,0" yaku="19,1,54,1" doraHai="81" who="2" fromWho="3" sc="189,0,333,0,279,36,189,-26" /><INIT seed="2,0,0,0,1,92" ten="189,333,315,163" oya="2" hai0="8,63,1,83,43,106,13,125,77,75,100,11,39" hai1="58,47,95,131,119,52,14,23,84,51,89,49,76" hai2="53,41,31,132,29,19,127,21,74,36,59,10,88" hai3="28,46,97,54,78,25,108,81,113,121,103,69,42"/><V109/><F132/><W105/><G108/><T96/><D125/><U102/><E131/><V33/><F127/><W57/><G121/><T72/><D72/><U17/><E119/><V30/><F109/><W26/><G69/><T38/><D43/><U94/><E76/><V86/><F74/><W90/><G90/><T12/><D63/><U67/><E67/><V5/><F36/><W126/><G113/><T114/><D1/><U62/><E47/><V120/><F41/><W15/><G15/><T99/><D114/><U80/><E80/><V112/><F112/><W0/><G0/><T44/><D44/><U101/><E95/><N who="2" m="54679" /><F33/><W2/><G2/><T124/><D124/><U104/><E104/><V45/><F45/><W71/><G71/><T27/><D27/><U7/><E7/><V133/><F133/><W22/><G25/><T64/><D64/><U91/><E91/><V122/><F10/><W24/><G24/><T32/><D32/><U82/><E82/><V35/><F5/><W16/><G126/><T98/><D39/><U4/><E4/><V18/><F35/><W134/><G134/><T123/><D38/><U128/><E128/><V65/><F65/><W37/><G28/><T60/><D123/><N who="2" m="47146" /><F21/><W93/><G105/><T118/><D118/><U56/><E56/><V66/><F66/><W73/><G57/><T61/><D11/><U40/><E40/><V110/><F110/><W20/><G22/><T68/><D68/><U87/><E87/><V107/><F107/><W130/><G130/><T85/><D75/><U117/><E117/><V50/><AGARI ba="0,0" hai="18,19,29,30,31,50,53,59" m="47146,54679" machi="50" ten="30,3000,0" yaku="5,1,54,1" doraHai="92" who="2" fromWho="2" sc="189,-10,333,-10,315,30,163,-10" /><INIT seed="2,1,0,4,0,120" ten="179,323,345,153" oya="2" hai0="85,48,78,113,131,111,118,97,12,107,93,53,32" hai1="90,11,59,38,70,65,50,28,61,26,35,127,117" hai2="1,44,16,71,57,109,19,23,134,34,72,8,99" hai3="92,4,91,47,116,46,74,51,60,10,82,86,67"/><V128/><F71/><W52/><G116/><T33/><D113/><U87/><E127/><V123/><F123/><W77/><G47/><T79/><D107/><U25/><E117/><V2/><F72/><W129/><G129/><T37/><D37/><U103/><E38/><V94/><F34/><W126/><G126/><T89/><D118/><U98/><E25/><V105/><F105/><W80/><G80/><T0/><D0/><U9/><E50/><V84/><F44/><W75/><G75/><T106/><D106/><U124/><E59/><V45/><F45/><W114/><G114/><T36/><D36/><U18/><E18/><V133/><F84/><W40/><G40/><T54/><D33/><U20/><E20/><V125/><F125/><W24/><G24/><T115/><D32/><U55/><E55/><V121/><F57/><W43/><G43/><T108/><D115/><U14/><E14/><V96/><F23/><W58/><G10/><T110/><D131/><U101/><E101/><V27/><F121/><W102/><G102/><N who="0" m="60719" /><D12/><U69/><E69/><V119/><F27/><W31/><REACH who="3" step="1"/><G4/><REACH who="3" ten="179,323,345,143" step="2"/><T130/><D130/><U56/><E124/><V112/><F128/><W132/><G132/><T83/><D54/><U122/><E122/><V76/><F119/><W17/><G17/><T6/><D6/><U39/><E26/><V42/><F42/><W100/><G100/><T95/><D83/><U21/><E103/><V13/><F134/><W3/><G3/><T73/><D73/><U63/><E39/><V41/><F133/><W49/><G49/><T81/><D81/><RYUUKYOKU ba="1,1" sc="179,15,323,-15,345,-15,143,15" hai0="48,53,78,79,85,89,95,108,110,111" hai3="31,46,51,52,58,60,67,74,77,82,86,91,92" /><INIT seed="3,2,1,5,0,105" ten="194,308,330,158" oya="3" hai0="122,92,41,23,100,38,30,15,91,69,111,12,3" hai1="17,120,104,31,112,109,13,107,87,90,130,9,89" hai2="124,128,40,50,79,86,64,63,83,61,99,58,82" hai3="60,131,119,66,113,53,81,29,73,103,35,11,51"/><W85/><G113/><T20/><D69/><U33/><E120/><V117/><F117/><W6/><G119/><T115/><D3/><U0/><E112/><V129/><F124/><W43/><G131/><N who="2" m="50249" /><F99/><W108/><G108/><T57/><D38/><U46/><E130/><V114/><F114/><W10/><G73/><T125/><D122/><U1/><E109/><V28/><F28/><W59/><G103/><T102/><D41/><U110/><E110/><V26/><F26/><W36/><G35/><T56/><D30/><U55/><E31/><V133/><F133/><W116/><G116/><T118/><D118/><U14/><E33/><V75/><F63/><W72/><G29/><T101/><D125/><U45/><E17/><V134/><F134/><W25/><G25/><T84/><D111/><U98/><E87/><V5/><F5/><W68/><G72/><T71/><D71/><U77/><E55/><V127/><F127/><W97/><G97/><T8/><D115/><U42/><E98/><V106/><F106/><W70/><G68/><T49/><D15/><U4/><E42/><V74/><F82/><W94/><G94/><T96/><D96/><U32/><E32/><V37/><F37/><W52/><G53/><N who="0" m="31791" /><D57/><U34/><E34/><V44/><AGARI ba="2,1" hai="40,44,50,58,61,64,74,75,79,83,86" m="50249" machi="44" ten="30,4000,0" yaku="19,1,52,2" doraHai="105" who="2" fromWho="2" sc="194,-12,308,-12,330,56,158,-22" owari="182,-21.8,296,9.6,386,48.6,136,-36.4" /></mjloggm>