<mjloggm ver="2.3"><GO type="225" lobby="0"/><UN n0="%E7%99%BD%E5%80%89%E5%AF%9B%E4%B9%8B" n1="%E7%9A%AE%E3%80%85" n2="%E7%89%B9%E6%9D%B1%E3%81%AF%E4%B8%96%E7%95%8C%E3%82%92%E6%95%91%E3%81%86" n3="%E3%81%BF%E3%81%BF%E3%81%9A" dan="16,16,16,17" rate="2133.97,2115.67,2200.82,2163.34" sx="M,M,M,M"/><TAIKYOKU oya="0"/><INIT seed="0,0,0,3,5,90" ten="250,250,250,250" oya="0" hai0="93,11,129,7,134,133,124,8,26,121,21,27,113" hai1="109,112,34,76,94,118,24,123,130,60,103,132,114" hai2="88,13,56,29,48,46,25,107,77,86,102,50,115" hai3="53,0,55,72,96,42,16,20,30,43,39,35,99"/><T108/><D93/><U57/><E123/><V97/><F115/><N who="1" m="44073" /><E118/><V40/><F77/><W82/><G0/><T100/><D100/><U41/><E109/><V62/><F13/><W49/><G35/><T51/><D51/><U70/><E132/><N who="0" m="50793" /><D113/><U95/><E130/><V110/><F110/><W59/><G30/><N who="0" m="17743" /><D108/><U32/><E70/><V10/><F10/><N who="0" m="3626" /><D121/><U119/><E119/><V2/><F2/><W64/><G72/><T12/><D129/><U6/><E41/><N who="3" m="15370" /><G39/><T69/><D69/><U71/><E71/><V79/><F79/><W5/><G5/><T84/><D84/><U37/><E37/><V1/><F1/><W17/><G82/><T47/><D47/><U22/><E76/><V23/><F46/><N who="3" m="27831" /><G64/><T98/><D98/><N who="3" m="37417" /><G20/><T105/><D105/><U89/><E6/><V38/><F38/><W116/><G116/><T44/><D44/><U78/><E78/><V61/><F40/><W131/><G131/><T15/><D7/><U75/><E75/><V52/><REACH who="2" step="1"/><F50/><AGARI ba="0,0" hai="16,17,50,55,59" m="37417,27831,15370" machi="50" ten="30,2000,0" yaku="8,1,54,1" doraHai="90" who="3" fromWho="2" sc="250,0,250,0,250,-20,250,20" /><INIT seed="1,0,0,0,4,25" ten="250,250,230,270" oya="1" hai0="18,89,2,41,7,100,59,131,127,103,80,111,61" hai1="87,74,72,120,48,135,105,134,62,98,118,58,112" hai2="99,6,24,94,65,101,5,125,69,76,56,130,132" hai3="14,36,26,108,57,109,3,49,11,15,88,68,23"/><U39/><E39/><V54/><F130/><W17/><G36/><T22/><D131/><U79/><E120/><V12/><F132/><N who="1" m="50729" /><E112/><V31/><F125/><W95/><G68/><T133/><D111/><N who="3" m="42569" /><G49/><T8/><D133/><U19/><E118/><V77/><F69/><W84/><G57/><T71/><D71/><U96/><E48/><V9/><F65/><W51/><G51/><T86/><D41/><U43/><E43/><V78/><F6/><AGARI ba="0,0" hai="3,6,11,14,15,17,23,26,84,88,95" m="42569" machi="6" ten="30,2000,0" yaku="14,1,54,1" doraHai="25" who="3" fromWho="2" sc="250,0,250,0,230,-20,270,20" /><INIT seed="2,0,0,0,4,41" ten="250,250,210,290" oya="2" hai0="130,48,108,105,37,135,16,58,102,81,85,15,22" hai1="91,131,55,128,113,98,62,95,82,97,122,29,121" hai2="133,2,51,38,101,10,13,70,49,116,46,34,69" hai3="28,68,42,45,32,20,47,119,89,44,78,33,12"/><V56/><F116/><W114/><G119/><T35/><D37/><U21/><E113/><V127/><F2/><W134/><G68/><T71/><D71/><U90/><E62/><V87/><F34/><W94/><G78/><T63/><D35/><U80/><E55/><V31/><F38/><W88/><G114/><T53/><D135/><U96/><E21/><V100/><F133/><W0/><G0/><T61/><D108/><U14/><E14/><V86/><F31/><W18/><G134/><T103/><D130/><N who="1" m="49707" /><E29/><V17/><F127/><W73/><G73/><T111/><D111/><U30/><E30/><V60/><F69/><W64/><G64/><N who="0" m="38967" /><D63/><U123/><E91/><V40/><F51/><N who="3" m="27031" /><G32/><T5/><D5/><U118/><E118/><V75/><F70/><W52/><G33/><T11/><D22/><U112/><E112/><V24/><F24/><N who="3" m="16391" /><G52/><T93/><D93/><U132/><E132/><V25/><F25/><W6/><G6/><T110/><D105/><U36/><E36/><V4/><F4/><W50/><G50/><T109/><D110/><U79/><E79/><V104/><F104/><W77/><G77/><N who="0" m="46255" /><D109/><U76/><E76/><V106/><F75/><W120/><G120/><N who="1" m="30722" /><U57/><DORA hai="54" /><E57/><AGARI ba="0,0" hai="11,15,16,48,53,57,102,103" m="46255,38967" machi="57" ten="30,7700,0" yaku="8,1,52,2,54,1" doraHai="41,54" who="0" fromWho="1" sc="250,77,250,-77,210,0,290,0" /><INIT seed="3,0,0,1,5,9" ten="327,173,210,290" oya="3" hai0="56,100,46,114,81,111,21,97,116,130,89,42,29" hai1="45,8,108,71,84,27,86,32,36,92,109,50,74" hai2="34,22,61,104,126,107,131,113,39,106,25,26,72" hai3="80,85,133,51,134,23,12,75,44,78,95,37,65"/><W1/><G1/><T124/><D116/><U112/><E112/><V119/><F113/><W38/><G65/><T121/><D114/><U59/><E71/><V123/><F119/><W77/><G12/><T13/><D121/><U31/><E74/><V76/><F39/><W35/><G35/><T3/><D3/><U66/><E36/><V69/><F123/><W63/><G23/><T58/><D111/><U132/><E132/><N who="3" m="50794" /><G63/><T70/><D70/><U17/><E92/><V87/><F72/><W20/><G20/><T129/><D124/><U62/><E109/><V5/><F5/><W105/><G105/><N who="0" m="63631" /><D89/><U64/><E108/><V82/><F126/><W110/><G110/><T118/><D81/><U88/><E66/><V33/><F26/><W115/><G115/><T55/><D55/><U83/><E86/><V68/><F68/><W2/><G2/><T49/><D118/><U28/><E32/><V67/><F34/><W16/><G16/><N who="0" m="10383" /><D29/><U93/><E93/><V101/><F33/><W4/><G4/><T94/><D94/><U15/><E27/><V128/><F25/><W79/><G95/><T53/><D53/><AGARI ba="0,0" hai="8,15,17,28,31,45,50,53,59,62,64,83,84,88" machi="53" ten="30,12000,2" yaku="7,1,25,2,8,1,52,1,54,1" doraHai="9" who="1" fromWho="0" sc="327,-120,173,120,210,0,290,0" /><INIT seed="4,0,0,3,3,2" ten="207,293,210,290" oya="0" hai0="41,87,20,76,72,86,43,66,64,106,113,101,126" hai1="97,50,9,4,24,104,18,53,25,109,118,10,34" hai2="112,116,58,120,135,60,63,88,40,128,111,33,19" hai3="115,36,77,54,82,90,127,3,0,67,42,16,134"/><T6/><D72/><U69/><E109/><V17/><F120/><W26/><G67/><N who="0" m="25643" /><D106/><U108/><E108/><V133/><F111/><W99/><G36/><T89/><D113/><U84/><E69/><V13/><F33/><W14/><G42/><N who="0" m="15883" /><D126/><U47/><E118/><V55/><F112/><W35/><G115/><T94/><D101/><U132/><E132/><N who="2" m="50763" /><F116/><W129/><G134/><T78/><D20/><N who="1" m="13335" /><E34/><V12/><F40/><W32/><G127/><T107/><D107/><U122/><E122/><V98/><F128/><W21/><G129/><T48/><D48/><U103/><E104/><V46/><F46/><W8/><G35/><T73/><D73/><U61/><E4/><V23/><F63/><W92/><G32/><T123/><D123/><U130/><E130/><V102/><F102/><W100/><G54/><T7/><D87/><U65/><E84/><V119/><F119/><W125/><G125/><T51/><D51/><U91/><E103/><V30/><F30/><W79/><G100/><T105/><D105/><U39/><E39/><V124/><F124/><W44/><G44/><T117/><D117/><U83/><E61/><V52/><F55/><W57/><G57/><T96/><D86/><N who="1" m="50655" /><E65/><V95/><F23/><W70/><G70/><T114/><D114/><U38/><E38/><V74/><F74/><W49/><G49/><T1/><D1/><U68/><E68/><V56/><F56/><W28/><G79/><AGARI ba="0,0" hai="6,7,76,78,79,89,94,96" m="15883,25643" machi="79" ten="30,5800,0" yaku="8,1,52,2" doraHai="2" who="0" fromWho="3" sc="207,58,293,0,210,0,290,-58" /><INIT seed="4,1,0,1,5,40" ten="265,293,210,232" oya="0" hai0="77,66,17,5,55,41,91,25,100,85,13,59,116" hai1="7,97,22,126,113,118,3,19,0,9,76,63,56" hai2="18,95,60,54,110,10,43,78,117,58,28,129,34" hai3="33,109,24,64,15,90,121,134,108,8,50,119,72"/><T20/><D116/><U67/><E118/><V26/><F110/><W122/><G119/><T107/><D66/><U14/><E126/><V36/><F117/><W4/><G72/><T53/><D77/><U92/><E113/><V46/><F129/><W127/><G64/><T42/><D100/><U131/><E131/><V123/><F123/><N who="3" m="47115" /><G90/><T48/><D107/><U69/><E76/><V84/><F95/><W73/><G73/><T128/><D128/><U135/><E135/><V61/><F61/><W101/><G101/><T62/><D5/><U96/><E96/><V30/><F30/><N who="3" m="19655" /><G134/><T82/><REACH who="0" step="1"/><D25/><REACH who="0" ten="255,293,210,232" step="2"/><U23/><E69/><V2/><F2/><W32/><G127/><T83/><D83/><U111/><E111/><V45/><F78/><W71/><G71/><T44/><AGARI ba="1,1" hai="13,17,20,41,42,44,48,53,55,59,62,82,85,91" machi="44" ten="20,12000,1" yaku="1,1,0,1,7,1,8,1,52,1,53,0" doraHai="40" doraHaiUra="115" who="0" fromWho="0" sc="255,133,293,-41,210,-41,232,-41" owari="388,48.8,252,5.2,169,-33.1,191,-20.9" /></mjloggm>