<mjloggm ver="2.3"><GO type="225" lobby="0"/><UN n0="%E6%98%93%E5%88%A9%E8%96%A9%E4%BC%AF" n1="%72%69%6F%75%63%68%61%6E" n2="%E9%B4%A8%4E%45%47%49" n3="%E3%83%B4%E3%83%A0%EF%BC%99%E3%81%A6" dan="17,16,16,16" rate="2181.03,2191.28,2074.87,2169.32" sx="F,M,M,M"/><TAIKYOKU oya="0"/><INIT seed="0,0,0,0,5,69" ten="250,250,250,250" oya="0" hai0="125,59,58,112,63,123,45,39,134,84,81,90,75" hai1="85,80,133,74,94,37,0,100,86,15,52,22,121" hai2="20,57,82,68,56,129,21,78,135,7,43,30,115" hai3="9,16,71,6,41,103,26,14,124,96,110,64,91"/><T10/><D112/><U44/><E121/><V105/><F68/><W76/><G110/><T127/><D123/><U35/><E35/><V128/><F115/><W87/><G124/><N who="0" m="47691" /><D75/><U130/><E130/><N who="2" m="50283" /><F105/><W19/><G41/><N who="0" m="22719" /><D134/><U24/><E133/><V70/><F70/><W83/><G76/><T93/><D10/><U38/><E0/><V65/><F65/><W116/><G116/><T60/><D59/><N who="2" m="22602" /><F135/><W40/><G40/><T51/><D81/><U111/><E111/><V72/><F30/><W17/><G71/><T117/><D117/><U92/><E74/><V29/><F29/><W1/><G64/><T18/><D18/><U114/><E114/><V27/><F27/><W88/><G26/><T23/><D23/><N who="2" m="8778" /><F7/><W122/><G122/><T36/><D36/><U42/><E24/><V106/><F106/><W49/><G49/><T118/><D118/><U108/><E108/><V4/><F4/><W104/><G19/><T8/><D8/><U50/><E37/><V109/><F109/><W53/><G17/><T97/><D51/><U34/><E38/><V32/><F43/><W107/><G107/><T67/><D63/><U54/><E34/><AGARI ba="0,0" hai="32,34,72,78,82" m="8778,22602,50283" machi="34" ten="30,1000,0" yaku="19,1" doraHai="69" who="2" fromWho="1" sc="250,0,250,-10,250,10,250,0" /><INIT seed="1,0,0,3,1,89" ten="250,240,260,250" oya="1" hai0="124,116,27,38,96,103,21,12,130,14,34,60,65" hai1="13,1,6,9,53,41,135,86,32,26,68,22,118" hai2="75,56,125,16,52,117,119,50,81,84,105,4,122" hai3="106,83,72,0,8,23,78,102,115,79,49,59,19"/><U3/><E118/><V67/><F122/><W66/><G115/><T43/><D116/><U33/><E68/><V77/><F105/><W51/><G78/><T114/><D114/><U107/><E107/><V46/><F125/><W58/><G0/><N who="1" m="74" /><E53/><V90/><F4/><W129/><G8/><T25/><D130/><U92/><E92/><V131/><F131/><W5/><G5/><T85/><D124/><U133/><E86/><V88/><F90/><W35/><G129/><T109/><D109/><U98/><E98/><V37/><F37/><W128/><G128/><T110/><D110/><U95/><E95/><V113/><F113/><W39/><G39/><T48/><D38/><U47/><E47/><V31/><F31/><W120/><G120/><T111/><D85/><U63/><E63/><V108/><F108/><W70/><G70/><T112/><D112/><U18/><E41/><V2/><F2/><W10/><G10/><T24/><D43/><U91/><E91/><V36/><F36/><W74/><G74/><T87/><D48/><N who="3" m="18505" /><G66/><T123/><D123/><U127/><E127/><V94/><REACH who="2" step="1"/><F16/><REACH who="2" ten="250,240,250,250" step="2"/><W45/><G19/><T97/><D111/><U7/><E6/><V54/><F54/><W55/><G55/><T73/><D65/><U11/><E11/><V100/><F100/><W42/><G102/><T80/><D103/><U28/><E7/><V64/><F64/><W57/><G106/><T29/><D29/><U101/><E101/><V93/><F93/><W71/><G42/><T44/><D27/><U104/><E104/><V121/><F121/><W17/><G17/><RYUUKYOKU ba="0,1" sc="250,-15,240,15,250,15,250,-15" hai1="9,13,18,22,26,28,32,33,133,135" hai2="46,50,52,56,67,75,77,81,84,88,94,117,119" /><INIT seed="1,1,1,0,3,104" ten="235,255,265,235" oya="1" hai0="70,50,37,89,106,18,135,17,27,43,36,127,15" hai1="16,46,114,44,119,26,85,90,128,113,42,80,134" hai2="97,76,122,28,13,99,58,94,130,8,51,35,107" hai3="88,96,132,116,59,95,112,117,5,131,30,87,68"/><U55/><E119/><N who="3" m="45642" /><G68/><T66/><D106/><U93/><E128/><V34/><F130/><W24/><G131/><T83/><D135/><U109/><E134/><V71/><F71/><W124/><G132/><T45/><D127/><U56/><E109/><V78/><F122/><W63/><G124/><T133/><D133/><U57/><E93/><V123/><F123/><W52/><G5/><T32/><D70/><U92/><E92/><V29/><F35/><N who="3" m="20935" /><G112/><T102/><D66/><U65/><E65/><V23/><F34/><W118/><N who="3" m="45650" /><W4/><DORA hai="125" /><G4/><T3/><D102/><U75/><E75/><V120/><F99/><AGARI ba="1,1" hai="52,59,63,87,88,95,96,99" m="20935,45650" machi="99" ten="40,5200,0" yaku="12,1,54,2" doraHai="104,125" who="3" fromWho="2" sc="235,0,255,0,265,-55,235,65" /><INIT seed="2,0,0,4,0,111" ten="235,255,210,300" oya="2" hai0="64,40,53,3,4,89,18,102,1,66,87,94,59" hai1="57,107,78,79,71,44,74,56,49,7,91,130,31" hai2="68,0,72,65,123,95,20,6,26,82,109,69,33" hai3="80,16,97,9,88,54,118,119,22,113,63,19,120"/><V81/><F123/><W11/><G120/><T106/><D40/><U70/><E107/><V47/><F109/><W10/><G118/><T2/><D4/><U122/><E122/><V75/><F33/><W23/><G119/><T86/><D106/><U8/><E130/><V29/><F47/><W15/><G113/><T45/><D102/><U21/><E74/><V127/><F127/><W27/><G80/><T12/><D45/><U132/><E132/><V84/><F95/><N who="3" m="56551" /><G54/><T51/><REACH who="0" step="1"/><D87/><REACH who="0" ten="225,255,210,300" step="2"/><U100/><E100/><V108/><F108/><W83/><G83/><T98/><D98/><U99/><E99/><V42/><F42/><W24/><G63/><T25/><D25/><AGARI ba="0,1" hai="9,10,11,15,16,19,22,23,24,25,27" m="56551" machi="25" ten="30,3900,0" yaku="8,1,54,2" doraHai="111" who="3" fromWho="0" sc="225,-39,255,0,210,0,300,49" /><INIT seed="3,0,0,5,3,81" ten="186,255,210,349" oya="3" hai0="69,9,130,63,27,99,40,117,45,1,67,85,77" hai1="101,75,56,92,7,109,128,47,123,79,51,36,115" hai2="42,83,16,107,20,66,102,48,93,19,5,49,118" hai3="133,14,57,17,78,4,86,6,113,135,122,104,64"/><W100/><G113/><T72/><D117/><U95/><E115/><V76/><F107/><W55/><G64/><T53/><D130/><U96/><E123/><V74/><F118/><W94/><G122/><T98/><D27/><U34/><E34/><V32/><F32/><W88/><G78/><T71/><D71/><U2/><E56/><V60/><F5/><W105/><G100/><T116/><D116/><U62/><E62/><V125/><F125/><W58/><G104/><T87/><D53/><U110/><E128/><V37/><F37/><W108/><G108/><T3/><D99/><U131/><E131/><V44/><F49/><N who="3" m="30959" /><G58/><T11/><D98/><U82/><E36/><V90/><F102/><W129/><G105/><T52/><D52/><U39/><E39/><V65/><F65/><W91/><G91/><T70/><D70/><U23/><E96/><V61/><F66/><W0/><G0/><T80/><D3/><U10/><E101/><V35/><F35/><W28/><G28/><T12/><D11/><U18/><E110/><V43/><F43/><W54/><G54/><T112/><D112/><U31/><E31/><V106/><F106/><W21/><G129/><T68/><D68/><U89/><E109/><V73/><F73/><W38/><G38/><N who="0" m="21655" /><D12/><U127/><E2/><V26/><F19/><W15/><G14/><T24/><D24/><U30/><E18/><V29/><F16/><W59/><G15/><T97/><D97/><AGARI ba="0,0" hai="20,26,29,42,44,48,60,61,74,76,83,90,93,97" machi="97" ten="30,1000,0" yaku="7,1" doraHai="81" who="2" fromWho="0" sc="186,-10,255,0,210,10,349,0" owari="176,-32.4,255,5.5,220,-18.0,349,44.9" /></mjloggm>