<mjloggm ver="2.3"><GO type="225" lobby="0"/><UN n0="%E3%81%A9%E3%82%93%E3%82%88%E3%81%8F%4D%6B%2E%32" n1="%E3%83%96%E3%83%83%E3%83%91%E3%82%AA%E3%83%96%E3%83%81%E3%82%AD%E3%83%B3" n2="%E3%83%A9%E3%83%BC%E3%83%A1%E3%83%B3%E4%BA%94%E9%83%8E" n3="%E6%80%AA%E3%81%97%E3%81%99%E3%81%8E%E3%82%8B%E3%83%81%E3%83%BC" dan="16,16,16,16" rate="2128.41,2132.47,2170.08,2105.75" sx="M,M,M,M"/><TAIKYOKU oya="0"/><INIT seed="0,0,0,0,4,82" ten="250,250,250,250" oya="0" hai0="72,85,96,39,0,34,63,71,23,46,7,69,105" hai1="84,9,106,37,25,27,89,128,116,11,114,62,45" hai2="52,6,64,113,60,36,70,18,40,51,124,47,109" hai3="20,16,44,91,43,31,92,42,50,77,14,123,132"/><T74/><D34/><U3/><E116/><V58/><F113/><W87/><G132/><T75/><D23/><U102/><E114/><V107/><F107/><W35/><G123/><T86/><D7/><U28/><E128/><V66/><F6/><W81/><G35/><T135/><D0/><U110/><E3/><V125/><F109/><W5/><G5/><T127/><D135/><U29/><E110/><V122/><F122/><W57/><G57/><T93/><D105/><U100/><E106/><V2/><F2/><W32/><G32/><T8/><D8/><N who="1" m="3147" /><E37/><V65/><F18/><W68/><G68/><T98/><D127/><AGARI ba="0,0" hai="36,40,47,51,52,58,60,64,65,66,70,124,125,127" machi="127" ten="40,12000,2" yaku="24,2,18,1,34,3,54,1" doraHai="82" who="2" fromWho="0" sc="250,-120,250,0,250,120,250,0" /><INIT seed="1,0,0,4,5,92" ten="130,250,370,250" oya="1" hai0="122,86,135,44,53,37,115,58,24,97,4,17,103" hai1="105,3,21,71,109,130,121,96,68,102,93,95,27" hai2="18,134,36,76,101,33,13,106,91,43,88,87,48" hai3="5,23,107,133,80,14,20,55,50,90,9,42,62"/><U104/><E121/><V108/><F33/><W28/><G107/><T79/><D115/><U89/><E3/><V22/><F36/><W126/><G126/><T72/><D72/><U129/><E109/><V64/><F108/><W70/><G133/><T7/><D135/><U26/><E89/><V82/><F134/><W59/><G28/><T11/><D122/><U31/><E31/><V124/><F124/><W61/><G70/><T132/><D132/><U16/><E21/><N who="3" m="8266" /><G42/><T66/><D66/><U1/><E102/><V78/><F64/><W39/><G39/><T98/><D24/><U83/><E1/><V99/><F76/><W81/><G90/><T120/><D120/><U54/><E54/><V45/><AGARI ba="0,0" hai="13,18,22,43,45,48,78,82,87,88,91,99,101,106" machi="45" ten="30,4000,0" yaku="0,1,52,1,54,1" doraHai="92" who="2" fromWho="2" sc="130,-10,250,-20,370,40,250,-10" /><INIT seed="2,0,0,0,0,91" ten="120,230,410,240" oya="2" hai0="69,33,85,122,21,71,16,59,87,106,6,44,29" hai1="88,51,55,66,14,63,45,47,132,118,58,104,13" hai2="98,38,11,124,49,48,130,15,62,27,53,7,52" hai3="93,109,81,20,82,8,86,40,25,95,134,57,107"/><V72/><F72/><W39/><G107/><T65/><D122/><U31/><E118/><V36/><F124/><W103/><G109/><T97/><D6/><U105/><E132/><V64/><F130/><W133/><G8/><T76/><D33/><U46/><E105/><V56/><F36/><W35/><G35/><T70/><D29/><U23/><E104/><V89/><F38/><W120/><G120/><T19/><D44/><U54/><E31/><V90/><F27/><W26/><G103/><T117/><D117/><U80/><E23/><V110/><F110/><W75/><G57/><T43/><D43/><U5/><E5/><V2/><F2/><W112/><G112/><T24/><D19/><U34/><E34/><V1/><F1/><W0/><G0/><T84/><D76/><U101/><E101/><V94/><F90/><N who="3" m="51535" /><G26/><T74/><D74/><U108/><E108/><V78/><F78/><N who="3" m="44383" /><G40/><T129/><D129/><U115/><E115/><V123/><F123/><W119/><G39/><T116/><D116/><U42/><E42/><V9/><F9/><W68/><G68/><T111/><D111/><U67/><E67/><V79/><F79/><W3/><G3/><T125/><D125/><U121/><E121/><V96/><F64/><W127/><G119/><T12/><D24/><U99/><E66/><V100/><F53/><W73/><G73/><T102/><REACH who="0" step="1"/><D70/><REACH who="0" ten="110,230,410,240" step="2"/><U10/><E46/><V77/><F77/><W30/><G127/><T4/><D4/><U22/><E47/><V113/><F7/><W131/><G131/><T28/><D28/><U114/><E114/><RYUUKYOKU ba="0,1" sc="110,15,230,-15,410,-15,240,15" hai0="12,16,21,59,65,69,71,84,85,87,97,102,106" hai3="20,25,30,93,95,133,134" /><INIT seed="3,1,1,2,0,46" ten="125,215,395,255" oya="3" hai0="16,7,126,32,15,40,49,72,9,52,113,65,20" hai1="105,12,70,28,11,121,88,5,69,102,97,27,123" hai2="104,43,21,22,118,89,135,120,8,60,109,29,130" hai3="14,47,79,84,18,74,99,131,62,59,87,100,92"/><W38/><G131/><T3/><D72/><U66/><E70/><V10/><F118/><W39/><G74/><T25/><D126/><U93/><E66/><V112/><F104/><W103/><G103/><T45/><D65/><U42/><E69/><V95/><F112/><W117/><G117/><T68/><D68/><U61/><E61/><V31/><F130/><W78/><G39/><T94/><D94/><U133/><E42/><V115/><F115/><W36/><G38/><T108/><D113/><U41/><E41/><V58/><F135/><W34/><G47/><T96/><D96/><U53/><E53/><V44/><F109/><W128/><G36/><T86/><D86/><U6/><E6/><V57/><F120/><W82/><G34/><T132/><D132/><U119/><E119/><V134/><F43/><W127/><G87/><T1/><D108/><U77/><E77/><V26/><F44/><W63/><G63/><T30/><D40/><U91/><E133/><V75/><F75/><W129/><G127/><T85/><D85/><N who="1" m="52367" /><E91/><V33/><F33/><W23/><G78/><T19/><D19/><U4/><E4/><V48/><F134/><W110/><G110/><T35/><D35/><N who="1" m="20895" /><E123/><V98/><F60/><W114/><G114/><T83/><D83/><U107/><E107/><V124/><F124/><W73/><G73/><T116/><D116/><U37/><E37/><V125/><F125/><W13/><G128/><T122/><D122/><U51/><E121/><V76/><F76/><W17/><G129/><T106/><D106/><U55/><E55/><V90/><F98/><RYUUKYOKU ba="1,1" sc="125,15,215,15,395,-15,255,-15" hai0="1,3,7,9,15,16,20,25,30,32,45,49,52" hai1="5,11,12,51,97,102,105" owari="140,-36.0,230,-17.0,390,49.0,240,4.0" /></mjloggm>