<mjloggm ver="2.3"><GO type="225" lobby="0"/><UN n0="%E3%81%8B%E3%82%8F%E3%81%A1%E3%82%83%E3%82%93%35%38" n1="%E7%99%BD%E5%80%89%E5%AF%9B%E4%B9%8B" n2="%74%75%72%74%6C%65%2E" n3="%E6%81%A5%E6%99%92%E3%81%97" dan="16,16,16,16" rate="2124.73,2181.49,2075.97,2122.45" sx="M,M,M,M"/><TAIKYOKU oya="0"/><INIT seed="0,0,0,5,2,99" ten="250,250,250,250" oya="0" hai0="34,101,105,132,135,3,64,103,66,87,11,96,61" hai1="38,16,128,43,36,31,112,30,98,48,127,24,18" hai2="13,8,39,83,69,60,91,4,12,74,59,70,7" hai3="6,25,45,5,73,63,41,110,104,123,21,65,82"/><T57/><D34/><U51/><E98/><V78/><F39/><W80/><G110/><T76/><D66/><U56/><E56/><V37/><F37/><W26/><G123/><T55/><D3/><U113/><E24/><V28/><F28/><W2/><G104/><T126/><D126/><U67/><E67/><V53/><REACH who="2" step="1"/><F91/><REACH who="2" ten="250,250,240,250" step="2"/><W17/><G2/><T130/><D130/><U44/><E128/><V9/><AGARI ba="0,1" hai="4,7,8,9,12,13,53,59,60,69,70,74,78,83" machi="9" ten="30,8000,1" yaku="1,1,2,1,0,1,9,1,53,1" doraHai="99" doraHaiUra="79" who="2" fromWho="2" sc="250,-40,250,-20,240,90,250,-20" /><INIT seed="1,0,0,5,0,92" ten="210,230,330,230" oya="1" hai0="14,62,34,106,84,18,27,133,112,11,45,76,36" hai1="97,68,118,115,71,66,26,72,85,67,81,128,131" hai2="88,130,95,126,13,134,90,89,107,2,102,83,19" hai3="17,87,59,58,29,31,15,78,82,64,100,55,105"/><U80/><E118/><V42/><F2/><W0/><G0/><T74/><D112/><U93/><E115/><V127/><F134/><W20/><G64/><N who="1" m="24618" /><E26/><V8/><F130/><N who="1" m="49705" /><E72/><V48/><F107/><W61/><REACH who="3" step="1"/><G58/><REACH who="3" ten="210,230,330,220" step="2"/><T32/><D133/><U41/><E41/><V101/><F127/><W37/><G37/><T47/><D36/><U9/><E9/><V73/><F126/><W70/><G70/><N who="1" m="26666" /><E85/><V108/><F73/><W46/><G46/><T111/><D47/><U116/><E116/><V35/><F42/><W16/><G16/><T28/><D45/><U5/><E5/><V125/><F125/><W44/><G44/><T104/><D84/><U114/><E114/><V54/><F19/><W43/><G43/><T4/><D4/><U23/><E23/><V129/><F129/><W135/><G135/><T22/><D22/><U53/><E53/><V120/><F8/><W124/><G124/><T65/><D18/><U38/><E38/><V79/><F54/><W113/><G113/><T56/><D11/><U122/><E122/><V110/><F120/><W103/><G103/><AGARI ba="0,1" hai="80,81,93,97,103" m="26666,49705,24618" machi="103" ten="30,2900,0" yaku="19,1,52,1" doraHai="92" who="1" fromWho="3" sc="210,0,230,39,330,0,220,-29" /><INIT seed="1,1,0,1,0,102" ten="210,269,330,191" oya="1" hai0="24,17,98,81,90,130,84,109,126,72,127,76,117" hai1="122,59,5,120,132,62,104,40,58,74,134,83,107" hai2="86,119,64,129,55,108,123,27,128,124,29,32,61" hai3="96,34,75,2,57,46,89,121,115,94,80,67,68"/><U49/><E5/><V92/><F123/><N who="1" m="47145" /><E83/><V16/><F119/><W112/><G121/><T36/><D36/><U91/><E91/><V133/><F55/><W8/><G68/><T71/><D71/><U43/><E74/><V110/><F86/><W37/><G34/><T13/><D117/><U39/><E39/><V114/><F92/><W97/><G97/><T63/><D98/><U77/><E77/><V12/><F114/><W45/><G45/><T65/><D24/><U3/><E3/><V66/><F66/><W47/><G47/><T118/><D118/><U15/><E15/><V87/><F87/><W131/><G131/><T135/><D130/><U50/><E50/><V19/><F12/><W82/><G8/><T10/><D72/><U22/><E22/><V116/><F116/><W9/><G9/><T88/><D90/><U35/><E35/><V23/><F23/><W48/><G2/><T21/><D10/><U14/><E14/><V100/><F32/><W7/><G7/><T93/><D76/><U113/><E113/><N who="3" m="43594" /><G37/><T99/><D99/><U78/><E78/><V125/><F129/><W60/><G75/><T44/><D81/><U25/><E25/><V53/><F27/><W38/><G38/><T101/><D13/><U0/><E0/><V26/><F26/><W28/><G28/><T30/><D30/><U69/><E69/><V54/><F29/><W20/><G20/><T33/><D21/><U11/><E11/><V70/><F70/><W6/><G6/><T18/><D33/><U42/><E49/><V95/><F128/><W51/><G48/><RYUUKYOKU ba="1,0" sc="210,-10,269,-10,330,-10,191,30" hai3="46,51,57,60,67,80,82,89,94,96" /><INIT seed="2,2,0,4,5,131" ten="200,259,320,221" oya="2" hai0="93,122,10,82,44,19,58,88,30,2,31,65,20" hai1="9,95,76,127,5,110,124,67,18,26,135,129,4" hai2="6,53,80,121,132,125,35,118,81,15,54,90,98" hai3="108,96,52,50,28,91,72,130,86,126,115,59,61"/><V75/><F121/><W23/><G130/><T134/><D122/><U47/><E76/><V0/><F0/><W94/><G72/><T49/><D2/><U117/><E67/><V83/><F35/><W1/><G1/><T123/><D123/><U7/><E129/><V62/><F118/><W133/><G108/><T73/><D73/><U56/><E56/><V107/><F125/><N who="1" m="48201" /><E47/><V114/><F114/><W41/><G126/><T71/><D71/><U68/><E68/><V33/><F33/><W66/><G115/><T37/><D37/><U84/><E84/><V24/><F107/><W29/><G41/><N who="0" m="24719" /><D82/><U14/><E95/><V113/><F113/><W55/><G133/><T120/><D134/><U104/><E104/><V102/><F132/><W128/><G66/><T38/><D38/><U8/><E135/><V60/><F24/><N who="3" m="16415" /><G128/><T70/><D10/><N who="1" m="6487" /><E117/><V51/><F75/><W87/><G29/><T92/><D92/><U22/><E110/><V25/><F54/><W78/><G78/><T11/><D11/><U85/><E85/><V21/><F83/><W13/><G13/><N who="0" m="9327" /><D70/><U89/><E89/><V57/><F90/><W116/><G116/><T111/><D120/><U112/><E112/><V119/><F119/><W69/><G69/><T45/><D45/><AGARI ba="2,0" hai="45,50,52,55,59,61,86,87,91,94,96" m="16415" machi="45" ten="30,2000,0" yaku="8,1,54,1" doraHai="131" who="3" fromWho="0" sc="200,-26,259,0,320,0,221,26" /><INIT seed="3,0,0,0,0,99" ten="174,259,320,247" oya="3" hai0="95,3,35,5,96,101,56,106,33,18,25,37,24" hai1="75,8,29,71,1,27,45,88,44,94,49,54,7" hai2="63,67,134,102,70,38,85,130,82,131,26,61,114" hai3="89,41,84,46,55,77,73,58,64,103,74,34,52"/><W11/><G34/><T28/><D37/><U62/><E75/><V86/><F38/><W14/><G77/><T90/><D3/><U129/><E129/><V117/><F117/><W115/><G115/><T127/><D127/><U110/><E110/><V76/><F114/><W126/><G126/><T83/><D5/><U0/><E0/><V116/><F116/><W92/><G64/><T128/><D128/><U69/><E62/><V119/><F119/><W107/><G55/><T19/><D83/><U118/><E45/><V80/><F134/><W133/><G133/><T124/><D124/><U22/><REACH who="1" step="1"/><E118/><REACH who="1" ten="174,249,320,247" step="2"/><V9/><F131/><W47/><G74/><T91/><D56/><U113/><E113/><V17/><F130/><W105/><G73/><T108/><D108/><U97/><AGARI ba="0,1" hai="1,7,8,22,27,29,44,49,54,69,71,88,94,97" machi="97" ten="20,5200,0" yaku="1,1,0,1,7,1,54,1,53,0" doraHai="99" doraHaiUra="30" who="1" fromWho="1" sc="174,-13,249,62,320,-13,247,-26" owari="161,-33.9,311,41.1,307,10.7,221,-17.9" /></mjloggm>