<mjloggm ver="2.3"><GO type="225" lobby="0"/><UN n0="%E6%98%93%E5%88%A9%E8%96%A9%E4%BC%AF" n1="%E3%81%94%E3%81%BE%E6%B2%B9%E9%A3%B2%E3%81%BF%E5%A4%AA%E9%83%8E" n2="%E3%81%8B%E3%82%8F%E3%81%A1%E3%82%83%E3%82%93%35%38" n3="%E7%99%BD%E5%80%89%E5%AF%9B%E4%B9%8B" dan="17,16,16,16" rate="2150.44,2091.12,2132.95,2110.96" sx="F,M,M,M"/><TAIKYOKU oya="0"/><INIT seed="0,0,0,1,0,128" ten="250,250,250,250" oya="0" hai0="57,107,88,63,108,49,13,24,61,14,70,129,79" hai1="98,27,1,30,122,82,72,102,20,62,28,58,130" hai2="80,51,101,16,53,54,85,99,75,3,47,86,95" hai3="29,93,22,26,38,12,66,17,46,33,10,121,64"/><T104/><D129/><U65/><E122/><V41/><F3/><W94/><G121/><T81/><D108/><U5/><E130/><V9/><F75/><W50/><G38/><T117/><D117/><U109/><E109/><V77/><REACH who="2" step="1"/><F85/><REACH who="2" ten="250,250,240,250" step="2"/><W112/><G112/><T119/><D119/><U55/><E1/><V18/><F18/><W15/><G94/><T110/><D110/><U116/><E5/><V133/><F133/><W89/><G33/><T97/><D107/><U4/><E4/><V78/><F78/><W100/><G15/><AGARI ba="0,1" hai="9,15,16,41,47,51,53,54,77,80,86,95,99,101" machi="15" ten="40,8000,1" yaku="1,1,8,1,54,1,53,1" doraHai="128" doraHaiUra="37" who="2" fromWho="3" sc="250,0,250,0,240,90,250,-80" /><INIT seed="1,0,0,3,1,52" ten="250,250,330,170" oya="1" hai0="104,61,56,46,118,23,111,19,53,96,42,26,102" hai1="91,84,12,37,93,108,131,0,31,14,50,63,120" hai2="40,15,25,90,13,35,62,73,74,17,48,24,57" hai3="95,116,130,29,36,107,60,39,132,83,9,77,103"/><U21/><E120/><V7/><F74/><W86/><G116/><T66/><D118/><U85/><E0/><V18/><F73/><W69/><G132/><T67/><REACH who="0" step="1"/><D111/><REACH who="0" ten="240,250,330,170" step="2"/><U49/><E108/><V126/><F126/><W115/><G115/><T22/><D22/><U123/><E123/><V79/><F35/><W124/><G124/><T34/><D34/><U5/><E131/><V32/><F32/><W133/><G130/><T2/><D2/><U121/><E121/><V70/><F15/><W119/><G119/><T99/><D99/><U76/><E37/><AGARI ba="0,1" hai="19,23,26,37,42,46,53,56,61,66,67,96,102,104" machi="37" ten="30,7700,0" yaku="1,1,7,1,52,1,53,1" doraHai="52" doraHaiUra="98" who="0" fromWho="1" sc="240,87,250,-77,330,0,170,0" /><INIT seed="2,0,0,3,2,74" ten="327,173,330,170" oya="2" hai0="67,88,89,28,85,108,106,72,112,38,10,2,87" hai1="6,95,62,73,45,119,110,49,24,25,63,126,111" hai2="75,116,27,69,11,19,8,4,132,55,64,21,20" hai3="127,46,41,12,107,51,128,17,9,1,37,121,96"/><V16/><F116/><W133/><G121/><T117/><D112/><U15/><E119/><V114/><F114/><W32/><G32/><T59/><D72/><U54/><E73/><V23/><F75/><W120/><G120/><T50/><D38/><U78/><E126/><V104/><F104/><W129/><G127/><T113/><D113/><U58/><E78/><V22/><F69/><W125/><G125/><T43/><D106/><U3/><E3/><N who="2" m="31" /><F55/><W103/><G133/><T94/><D108/><N who="1" m="41515" /><E95/><V56/><F56/><W130/><REACH who="3" step="1"/><G1/><REACH who="3" ten="327,173,330,160" step="2"/><T7/><D117/><U134/><E134/><V47/><F132/><W48/><AGARI ba="0,1" hai="9,12,17,37,41,46,48,51,96,103,107,128,129,130" machi="48" ten="40,8000,1" yaku="1,1,2,1,0,1,19,1,53,0" doraHai="74" doraHaiUra="52" who="3" fromWho="3" sc="327,-20,173,-20,330,-40,160,90" /><INIT seed="3,0,0,1,5,91" ten="307,153,290,250" oya="3" hai0="26,119,49,87,88,101,33,14,52,12,72,63,28" hai1="23,27,83,132,19,37,123,35,34,118,70,61,94" hai2="58,9,124,60,78,68,82,7,117,100,133,57,127" hai3="45,75,99,84,134,55,31,66,4,59,85,50,38"/><W111/><G75/><T11/><D72/><U62/><E118/><V95/><F117/><W114/><G114/><T73/><D73/><U20/><E132/><V74/><F133/><W43/><G134/><T32/><D63/><U129/><E129/><V130/><F130/><W3/><G111/><T96/><D33/><U22/><E37/><V81/><F81/><W76/><G76/><T67/><D67/><U98/><E123/><V103/><F68/><W5/><G31/><T21/><D32/><U112/><E112/><V93/><F100/><W13/><G3/><T110/><D11/><U44/><E83/><V126/><F103/><W131/><G131/><T56/><D110/><U104/><E104/><V15/><F58/><W29/><G29/><T8/><D8/><U65/><E62/><V79/><F79/><W40/><G40/><T116/><D116/><U80/><E80/><V1/><F1/><W30/><G30/><T17/><D28/><U102/><E34/><V39/><F39/><W41/><G41/><T109/><D109/><U120/><E120/><V36/><F36/><W92/><G66/><AGARI ba="0,0" hai="7,9,15,57,60,66,74,78,82,93,95,124,126,127" machi="66" ten="40,5200,0" yaku="18,1,52,2" doraHai="91" who="2" fromWho="3" sc="307,0,153,0,290,52,250,-52" owari="307,10.7,153,-34.7,342,44.2,198,-20.2" /></mjloggm>