<mjloggm ver="2.3"><GO type="225" lobby="0"/><UN n0="%E6%98%93%E5%88%A9%E8%96%A9%E4%BC%AF" n1="%E6%A1%9C%E8%8A%B1%E9%96%83%E3%80%85" n2="%E9%80%86%E9%80%A3%E5%B8%AF%E3%81%AE%E9%AC%BC" n3="%E3%81%BD%E3%81%A1%E3%81%9F%E3%81%93%E3%82%84" dan="17,16,17,17" rate="2108.72,2133.56,2102.74,2151.41" sx="F,M,M,M"/><TAIKYOKU oya="0"/><INIT seed="0,0,0,2,4,47" ten="250,250,250,250" oya="0" hai0="41,120,5,113,24,82,119,13,56,125,98,0,105" hai1="49,28,115,132,71,46,8,20,108,60,39,54,59" hai2="99,29,38,111,7,63,131,61,110,10,77,27,118" hai3="57,16,68,64,101,117,74,103,86,80,19,2,84"/><T53/><D113/><U76/><E115/><V128/><F38/><W104/><G68/><T90/><D119/><U121/><E121/><V6/><F118/><W4/><G117/><T15/><D125/><U52/><E108/><N who="2" m="41515" /><F77/><W72/><G2/><T122/><D41/><U32/><E32/><V66/><F99/><W22/><G4/><N who="2" m="1577" /><F10/><W50/><G74/><T93/><D105/><U129/><E129/><N who="2" m="49739" /><F66/><W134/><G72/><T30/><D0/><U37/><E8/><V25/><F29/><W114/><G64/><T36/><D36/><U21/><E76/><V65/><F65/><W85/><G114/><T55/><D122/><U83/><E28/><V31/><F31/><W106/><G85/><T73/><D120/><U133/><E83/><V18/><F18/><W79/><G80/><T135/><D5/><U116/><E116/><V48/><F48/><W40/><G79/><T100/><D73/><U51/><E39/><V3/><F3/><W23/><G50/><T127/><D127/><U130/><E130/><V33/><F33/><W26/><G19/><T123/><D123/><U12/><E37/><V34/><F34/><W78/><G16/><T70/><D82/><U87/><E87/><V112/><F112/><W42/><G78/><T96/><D96/><U102/><E49/><V75/><F75/><W91/><G86/><T109/><D98/><U1/><E1/><V67/><F67/><W126/><G84/><T58/><D30/><U14/><E51/><V45/><F45/><W107/><G126/><T17/><D109/><U88/><E46/><V35/><F35/><RYUUKYOKU ba="0,0" sc="250,-10,250,-10,250,30,250,-10" hai2="25,27,61,63" /><INIT seed="1,1,0,4,2,39" ten="240,240,280,240" oya="1" hai0="69,46,5,24,28,54,88,120,86,58,101,19,45" hai1="43,26,17,50,52,81,79,9,114,30,64,61,119" hai2="47,65,89,111,3,31,132,98,55,12,122,36,100" hai3="71,63,92,25,2,103,11,82,66,27,77,6,87"/><U104/><E114/><V105/><F3/><W129/><REACH who="3" step="1"/><G129/><REACH who="3" ten="240,240,280,230" step="2"/><T1/><D120/><U22/><E119/><V48/><F122/><W38/><G38/><T126/><D126/><U123/><E123/><V34/><F36/><W113/><G113/><T40/><D69/><U131/><E131/><V0/><F0/><W97/><AGARI ba="1,1" hai="2,6,11,25,27,63,66,71,77,82,87,92,97,103" machi="97" ten="30,4000,0" yaku="21,2,0,1,53,0" doraHai="39" doraHaiUra="15" who="3" fromWho="3" sc="240,-11,240,-21,280,-11,230,53" /><INIT seed="2,0,0,3,3,93" ten="229,219,269,283" oya="2" hai0="15,135,102,29,100,50,16,66,14,58,13,25,46" hai1="114,106,78,76,129,9,35,88,119,118,98,91,79" hai2="133,121,82,109,99,87,75,7,104,34,63,69,4" hai3="39,18,3,17,116,128,6,32,120,84,64,68,40"/><V45/><F121/><W71/><G84/><T97/><D135/><U22/><E35/><V42/><F133/><W24/><G18/><T95/><D102/><N who="1" m="62807" /><E22/><V43/><F75/><W26/><G24/><T23/><D66/><U21/><E21/><V72/><F72/><W54/><G17/><T11/><D58/><U37/><E37/><V53/><F34/><W125/><G54/><AGARI ba="0,0" hai="11,13,14,15,16,23,25,29,46,50,54,95,97,100" machi="54" ten="30,7700,0" yaku="7,1,8,1,52,1,54,1" doraHai="93" who="0" fromWho="3" sc="229,77,219,0,269,0,283,-77" /><INIT seed="3,0,0,4,1,112" ten="306,219,269,206" oya="3" hai0="88,125,59,44,70,109,97,80,52,24,29,68,76" hai1="113,106,134,2,93,90,47,91,21,0,135,83,94" hai2="118,63,104,77,129,124,96,43,119,49,22,38,103" hai3="36,86,28,45,130,78,121,105,11,73,13,14,110"/><W131/><G121/><T15/><D109/><U31/><E47/><V6/><F129/><N who="3" m="49163" /><G110/><T51/><D15/><U101/><E31/><V55/><F124/><W69/><G73/><T30/><D125/><U16/><E113/><V4/><F38/><W84/><G105/><T99/><D70/><U75/><E106/><V133/><F133/><N who="1" m="50697" /><E101/><V9/><F63/><W95/><G69/><T17/><D17/><U33/><E33/><V82/><F22/><W42/><G28/><T26/><D44/><U85/><E75/><V98/><F98/><W20/><G20/><T115/><D68/><U19/><E19/><V54/><F43/><W7/><G78/><T65/><D99/><N who="1" m="57783" /><E83/><V35/><F35/><W72/><G72/><T128/><D115/><U71/><E71/><V57/><F55/><W61/><G95/><N who="0" m="56551" /><D30/><U111/><E111/><V3/><F4/><N who="3" m="3303" /><G61/><T25/><D29/><U1/><E0/><V5/><F5/><W87/><G14/><AGARI ba="0,0" hai="1,2,14,16,21,85,91,94" m="57783,50697" machi="14" ten="30,2000,0" yaku="20,1,54,1" doraHai="112" who="1" fromWho="3" sc="306,0,219,20,269,0,206,-20" owari="306,40.6,239,-16.1,269,6.9,186,-31.4" /></mjloggm>