<mjloggm ver="2.3"><GO type="225" lobby="0"/><UN n0="%E9%A6%AC%E5%BC%95%E7%81%AB%33" n1="%E5%A4%8F%E9%88%B4%E9%88%B4%E5%A4%8F" n2="%E7%9A%AE%E3%80%85" n3="%E4%BF%8A%E6%96%87%E9%BE%8D" dan="16,16,16,16" rate="2099.95,2084.98,2174.47,2072.73" sx="M,F,M,M"/><TAIKYOKU oya="0"/><INIT seed="0,0,0,2,2,132" ten="250,250,250,250" oya="0" hai0="93,39,49,86,38,45,131,104,120,76,73,32,100" hai1="109,30,81,90,107,35,78,92,99,20,53,48,50" hai2="61,62,129,94,60,25,52,114,2,80,59,16,116" hai3="1,71,42,46,133,72,31,108,68,54,65,26,11"/><T40/><D120/><U13/><E109/><V18/><F114/><W7/><G108/><T124/><D32/><U89/><E107/><V122/><F122/><W125/><G133/><T56/><D131/><U130/><E130/><V126/><F129/><W4/><G4/><T106/><D73/><U85/><E35/><V84/><F126/><W43/><G125/><T102/><D124/><U127/><E127/><V21/><F2/><W119/><G119/><T34/><D34/><U83/><E53/><V98/><F18/><W22/><G72/><T88/><D76/><U27/><REACH who="1" step="1"/><E13/><REACH who="1" ten="250,240,250,250" step="2"/><V134/><F116/><W9/><G54/><T112/><D112/><U111/><E111/><V64/><F134/><W14/><G65/><T58/><D106/><U37/><E37/><V41/><F64/><W115/><G115/><T121/><D121/><U123/><E123/><V3/><F3/><W55/><G55/><T8/><D104/><U33/><E33/><V36/><F36/><W47/><G1/><T103/><D38/><U12/><E12/><V19/><F41/><W91/><G42/><T135/><D135/><U28/><E28/><V82/><F19/><W105/><G43/><T63/><D39/><U57/><E57/><N who="0" m="22121" /><D63/><N who="2" m="24074" /><F84/><AGARI ba="0,1" hai="20,27,30,48,50,78,81,83,84,85,89,90,92,99" machi="84" ten="30,3900,0" yaku="1,1,7,1,8,1,53,0" doraHai="132" doraHaiUra="5" who="1" fromWho="2" sc="250,0,240,49,250,-39,250,0" /><INIT seed="1,0,0,4,5,115" ten="250,289,211,250" oya="1" hai0="111,110,24,109,58,130,62,56,87,42,104,92,91" hai1="107,20,13,93,119,76,126,23,118,26,82,2,17" hai2="44,133,81,66,22,117,105,83,25,14,1,47,113" hai3="125,3,11,103,102,128,34,7,108,51,16,50,97"/><U54/><E107/><V52/><F113/><W129/><G108/><T127/><D104/><U90/><E2/><V88/><F105/><W38/><G38/><T112/><D112/><U120/><E120/><V61/><F1/><W39/><G39/><T72/><D72/><U40/><E40/><V106/><F106/><W65/><G34/><T55/><D127/><U134/><E54/><V114/><F114/><W67/><G125/><T10/><D130/><N who="3" m="50281" /><G97/><T99/><D42/><U49/><E49/><N who="3" m="18442" /><G16/><T21/><D56/><U57/><E57/><N who="2" m="37167" /><F133/><W101/><AGARI ba="0,0" hai="3,7,11,65,67,101,102,103" m="18442,50281" machi="101" ten="40,1500,0" yaku="19,1" doraHai="115" who="3" fromWho="3" sc="250,-4,289,-7,211,-4,250,15" /><INIT seed="2,0,0,4,4,73" ten="246,282,207,265" oya="2" hai0="23,40,37,117,31,96,120,79,18,72,74,109,44" hai1="47,108,63,76,2,90,10,53,131,133,29,97,84" hai2="24,28,65,11,12,39,107,33,27,119,102,68,50" hai3="60,14,128,78,70,80,104,7,19,130,113,64,89"/><V32/><F119/><W132/><G104/><T17/><D120/><U55/><E108/><V16/><F39/><W85/><G113/><T77/><D109/><U125/><E125/><V121/><F121/><W86/><G132/><T58/><D117/><U3/><E131/><V71/><F50/><W57/><G7/><T103/><D31/><U116/><E116/><V114/><F114/><W106/><G106/><T92/><D58/><U124/><E124/><V118/><F118/><W115/><G115/><T99/><D96/><U98/><E133/><V46/><F46/><W126/><G70/><T52/><D52/><U8/><E29/><V122/><F122/><W22/><G126/><T134/><D134/><U36/><E76/><V100/><F100/><W25/><REACH who="3" step="1"/><G14/><REACH who="3" ten="246,282,207,255" step="2"/><T110/><D110/><U30/><E2/><V105/><F68/><W56/><G56/><T95/><D95/><AGARI ba="0,1" hai="19,22,25,57,60,64,78,80,85,86,89,95,128,130" machi="95" ten="40,5200,0" yaku="1,1,52,1,53,1" doraHai="73" doraHaiUra="62" who="3" fromWho="0" sc="246,-52,282,0,207,0,255,62" /><INIT seed="3,0,0,2,5,52" ten="194,282,207,317" oya="3" hai0="45,76,135,124,31,128,51,33,28,49,48,56,115" hai1="118,127,11,12,13,5,79,107,84,39,57,87,111" hai2="2,27,70,1,8,101,16,40,55,4,6,100,81" hai3="44,22,73,71,134,24,94,15,125,30,61,108,93"/><W90/><G73/><T25/><D124/><U95/><E111/><V123/><F123/><W116/><G116/><T68/><D68/><U23/><E127/><V133/><F70/><W37/><G134/><T62/><D135/><U97/><E39/><V78/><F133/><W69/><G108/><T102/><D128/><U38/><E38/><V59/><F40/><W63/><G94/><T120/><D120/><U91/><E118/><V64/><F64/><W106/><G106/><T105/><D115/><U103/><E79/><V43/><F43/><W3/><G3/><T14/><D31/><U42/><E42/><V83/><F83/><W60/><G37/><T9/><D76/><U19/><E87/><N who="2" m="48567" /><F1/><W113/><G113/><T96/><D45/><U10/><E10/><V0/><F0/><W65/><G44/><T77/><D77/><U99/><E99/><V47/><F47/><W88/><G71/><T66/><D48/><U53/><E53/><V32/><F32/><W26/><G65/><T67/><D67/><U35/><E35/><V29/><F2/><W109/><G69/><T80/><D80/><U36/><E36/><V110/><F110/><W18/><G109/><T54/><D66/><U85/><E85/><V126/><F126/><W119/><G119/><T92/><D105/><U34/><E34/><N who="2" m="20799" /><F16/><AGARI ba="0,0" hai="9,14,16,25,28,33,49,51,54,56,62,92,96,102" machi="16" ten="30,3900,0" yaku="7,1,52,1,54,1" doraHai="52" who="0" fromWho="2" sc="194,39,282,0,207,-39,317,0" owari="233,-16.7,282,8.2,168,-33.2,317,41.7" /></mjloggm>