<mjloggm ver="2.3"><GO type="225" lobby="0"/><UN n0="%E5%B6%BA%E4%B8%8A%E5%92%B2" n1="%E3%82%A2%E3%83%9E%E3%83%9D%EF%BD%9E%EF%BD%9E%E3%83%A9" n2="%E3%83%96%E3%83%83%E3%83%91%E3%82%AA%E3%83%96%E3%83%81%E3%82%AD%E3%83%B3" n3="%E6%9C%88%E5%B3%B6%E5%9F%BA" dan="16,17,16,17" rate="2133.19,2113.46,2156.48,2192.93" sx="F,M,M,M"/><TAIKYOKU oya="0"/><INIT seed="0,0,0,0,1,22" ten="250,250,250,250" oya="0" hai0="88,39,30,15,44,80,13,35,95,8,111,47,11" hai1="93,126,3,49,94,10,102,135,119,85,84,133,7" hai2="62,4,31,86,9,106,123,36,58,20,121,130,73" hai3="56,122,96,1,116,2,128,113,82,87,114,16,18"/><T92/><D111/><U34/><E126/><V32/><F73/><W25/><G116/><T90/><D35/><U17/><E119/><V23/><F36/><W75/><G75/><T101/><D30/><U43/><E17/><V66/><F106/><W51/><G128/><T55/><D39/><U38/><E38/><V76/><F130/><W115/><G122/><T64/><D55/><U5/><E34/><V104/><F104/><W81/><G96/><T127/><D80/><U131/><E131/><V33/><F33/><W68/><G68/><T89/><D101/><U28/><E28/><V125/><F32/><W63/><G51/><T41/><D64/><U91/><E7/><V105/><F105/><W99/><G99/><T52/><D127/><U110/><E102/><V53/><F125/><W107/><G107/><T77/><D77/><U46/><E110/><V54/><F123/><W132/><G132/><T61/><D41/><U27/><E27/><N who="2" m="16871" /><F23/><W42/><G42/><T129/><D129/><U14/><E3/><V72/><F72/><W26/><G82/><T12/><D61/><U100/><E100/><V59/><F121/><W134/><G134/><T0/><D0/><U37/><E37/><V60/><F66/><N who="3" m="39271" /><G2/><T70/><D70/><U21/><E21/><V19/><F4/><W48/><G1/><T65/><D65/><U67/><E67/><V117/><F117/><W6/><G113/><T57/><D57/><U71/><E71/><V69/><F69/><W98/><G114/><T40/><D40/><U79/><E79/><V109/><F109/><W24/><G115/><RYUUKYOKU ba="0,0" sc="250,-10,250,30,250,-10,250,-10" hai1="5,10,14,43,46,49,84,85,91,93,94,133,135" /><INIT seed="1,1,0,0,5,2" ten="240,280,240,240" oya="1" hai0="72,124,119,90,101,120,78,39,6,29,10,22,81" hai1="95,60,134,83,62,46,109,71,102,105,47,114,25" hai2="85,68,48,20,23,24,96,1,87,131,51,7,98" hai3="80,38,65,126,30,31,74,16,103,84,3,61,44"/><U123/><E114/><V40/><F68/><W12/><G3/><T128/><D119/><U45/><E123/><V35/><F131/><W13/><G74/><T89/><D128/><U108/><E105/><V76/><F35/><W113/><G113/><T92/><D124/><U112/><E112/><V52/><F1/><W99/><G126/><T55/><D120/><U130/><E130/><V86/><F76/><W14/><G38/><T110/><D110/><N who="1" m="42603" /><E71/><V79/><F79/><W69/><G44/><T64/><D64/><U91/><E134/><V27/><F40/><W132/><G132/><T49/><D39/><U17/><E83/><V32/><F32/><W66/><G66/><T0/><D101/><U56/><E56/><V122/><F122/><W129/><G129/><T15/><D92/><U133/><E102/><V125/><F125/><W18/><G31/><T88/><D0/><U107/><E107/><V63/><F63/><W77/><REACH who="3" step="1"/><G30/><REACH who="3" ten="240,280,240,230" step="2"/><T94/><D29/><U5/><E46/><V26/><F7/><W116/><G116/><T37/><D37/><U75/><E5/><V21/><REACH who="2" step="1"/><F52/><REACH who="2" ten="240,280,230,230" step="2"/><W121/><G121/><T104/><D55/><U70/><E133/><V4/><F4/><W34/><G34/><T53/><D53/><U59/><E47/><V33/><F33/><W67/><G67/><T36/><D6/><U117/><E45/><V111/><F111/><W41/><G41/><T115/><D115/><U50/><E117/><V106/><F106/><AGARI ba="1,2" hai="12,13,14,16,18,61,65,69,77,80,84,99,103,106" machi="106" ten="40,5200,0" yaku="1,1,54,1,53,1" doraHai="2" doraHaiUra="93" who="3" fromWho="2" sc="240,0,280,0,230,-55,230,75" /><INIT seed="2,0,0,3,0,80" ten="240,280,175,305" oya="2" hai0="122,33,121,42,124,66,0,130,63,34,101,62,7" hai1="109,57,35,64,58,74,69,93,5,86,54,8,90" hai2="113,87,100,56,89,75,28,134,84,116,78,68,132" hai3="17,36,6,47,51,12,131,65,126,23,82,22,117"/><V61/><F113/><W29/><G117/><T111/><D111/><U20/><E35/><V67/><F116/><W114/><G36/><T59/><D130/><U14/><E109/><V39/><F39/><W10/><G131/><T60/><D124/><U98/><E74/><V24/><F100/><W41/><G126/><T88/><D42/><U95/><E69/><V127/><F127/><W1/><G114/><T99/><D7/><U55/><E20/><V31/><F89/><W11/><G65/><T133/><D0/><U2/><E2/><V26/><F75/><W115/><G115/><T4/><D4/><U19/><E5/><V73/><F73/><W30/><G11/><T83/><D133/><N who="2" m="51306" /><F78/><W48/><G23/><T77/><D33/><U85/><E64/><V37/><F37/><W72/><G51/><T25/><D88/><N who="1" m="53391" /><E98/><V53/><F31/><W129/><G129/><T128/><D128/><U50/><E55/><V49/><F26/><W118/><G118/><T45/><D25/><U70/><E70/><V71/><F71/><W125/><G125/><T3/><D34/><AGARI ba="0,0" hai="24,28,34,49,53,56,61,67,68,84,87" m="51306" machi="34" ten="30,5800,0" yaku="20,1,52,2" doraHai="80" who="2" fromWho="0" sc="240,-58,280,0,175,58,305,0" /><INIT seed="2,1,0,0,0,37" ten="182,280,233,305" oya="2" hai0="97,101,128,124,115,33,35,21,90,121,43,94,63" hai1="89,28,15,29,8,133,96,84,104,40,134,112,47" hai2="120,53,123,1,46,59,75,14,82,114,18,12,2" hai3="60,70,122,107,3,30,32,135,72,26,125,79,64"/><V108/><F114/><W71/><G122/><T76/><D115/><U85/><E112/><V6/><F75/><W42/><G125/><T129/><D121/><N who="2" m="46666" /><F82/><N who="3" m="45415" /><G135/><N who="1" m="51722" /><E104/><V110/><F46/><W51/><G51/><T48/><D124/><U38/><E96/><V5/><F53/><W13/><G13/><N who="2" m="5225" /><F18/><W116/><G116/><T86/><D76/><U58/><E58/><V10/><F59/><W109/><G71/><T91/><D63/><U49/><E49/><V25/><F25/><W50/><G50/><T118/><D118/><U127/><E127/><V62/><F62/><W20/><G60/><T99/><D21/><U130/><E85/><V93/><F93/><W22/><G22/><T126/><D126/><U131/><E131/><V67/><F67/><W69/><G20/><T44/><D128/><U16/><E130/><V83/><F83/><AGARI ba="1,0" hai="8,15,16,28,29,38,40,47,83,84,89" m="51722" machi="83" ten="30,3900,0" yaku="20,1,52,1,54,1" doraHai="37" who="1" fromWho="2" sc="182,0,280,42,233,-42,305,0" /><INIT seed="3,0,0,1,2,127" ten="182,322,191,305" oya="3" hai0="107,131,50,26,2,109,121,88,41,112,34,95,129" hai1="114,87,45,90,40,46,29,133,47,68,37,93,62" hai2="81,63,5,64,96,15,44,105,115,110,56,67,3" hai3="20,55,77,99,73,42,132,10,17,51,74,53,119"/><W123/><G119/><T22/><D34/><U66/><E114/><V21/><F115/><W30/><G123/><T48/><D2/><U43/><E133/><V86/><F110/><W80/><G132/><T61/><D107/><U54/><E43/><V76/><F3/><W4/><G30/><N who="0" m="17751" /><D121/><U31/><E47/><V19/><F5/><W32/><G32/><T134/><D134/><U97/><E46/><V104/><F67/><W82/><G42/><T52/><D109/><U118/><E118/><V6/><F6/><W79/><G99/><N who="0" m="57831" /><D112/><U35/><E54/><V70/><F70/><W60/><G60/><T12/><D41/><U24/><E29/><V124/><F124/><W57/><G53/><T101/><D101/><U122/><E122/><V94/><F44/><W103/><G103/><AGARI ba="0,0" hai="15,19,21,56,63,64,76,81,86,94,96,103,104,105" machi="103" ten="30,1000,0" yaku="7,1" doraHai="127" who="2" fromWho="3" sc="182,0,322,0,191,10,305,-10" owari="182,-31.8,322,42.2,201,-19.9,295,9.5" /></mjloggm>