<mjloggm ver="2.3"><GO type="225" lobby="0"/><UN n0="%E3%81%AD%E3%82%80%E3%81%84%40%E9%9B%80%E9%B3%B4%E4%BC%9A" n1="%E3%82%8F%E3%81%8B%E3%81%B0%2A%E3%82%AC%E3%83%BC%E3%83%AB" n2="%E6%97%A5%E6%9B%9C%E6%97%A5%E3%82%88%E3%82%8A%E3%81%AE%E4%BD%BF%E8%80%85" n3="%72%65%6E%6B%75%6E" dan="16,16,17,17" rate="2201.03,2194.13,2185.76,2187.44" sx="F,M,M,M"/><TAIKYOKU oya="0"/><INIT seed="0,0,0,5,2,5" ten="250,250,250,250" oya="0" hai0="103,95,58,38,96,63,79,57,116,27,104,30,12" hai1="47,74,84,43,0,53,67,90,117,113,69,120,97" hai2="29,52,37,24,32,88,18,75,93,98,124,87,25" hai3="50,21,91,112,78,114,19,34,81,127,109,8,44"/><T77/><D116/><U71/><E117/><V83/><F37/><W22/><G34/><T6/><D38/><U94/><E120/><V11/><F124/><W131/><G127/><T92/><D104/><U110/><E110/><V64/><F64/><W106/><G106/><T86/><D57/><U107/><E74/><V129/><F129/><W2/><G109/><T100/><D12/><U115/><E0/><V125/><F125/><W121/><G131/><T68/><D68/><U15/><E53/><V35/><F75/><W39/><G39/><T16/><D6/><U101/><E15/><V61/><F35/><W10/><G91/><N who="0" m="53367" /><D30/><U135/><E135/><V72/><F72/><W17/><G121/><T133/><D103/><U62/><REACH who="1" step="1"/><E71/><REACH who="1" ten="250,240,250,250" step="2"/><V105/><F32/><W7/><G112/><T48/><D133/><U82/><E82/><V130/><F130/><W42/><G114/><T73/><D73/><U28/><E28/><V59/><F29/><W49/><G2/><T54/><D63/><U55/><E55/><V31/><F31/><W23/><G81/><T128/><D128/><U14/><E14/><N who="2" m="7519" /><F105/><W102/><G7/><T65/><D65/><U33/><E33/><V3/><F3/><W132/><G132/><T85/><D85/><U111/><E111/><V56/><F56/><W46/><G46/><T41/><D41/><U70/><E70/><V26/><F26/><W123/><G44/><T60/><D60/><U51/><AGARI ba="0,1" hai="43,47,51,62,67,69,84,90,94,97,101,107,113,115" machi="51" ten="30,4000,0" yaku="1,1,0,1,53,1" doraHai="5" doraHaiUra="45" who="1" fromWho="1" sc="250,-20,240,50,250,-10,250,-10" /><INIT seed="1,0,0,2,1,47" ten="230,290,240,240" oya="1" hai0="84,3,23,53,39,77,54,83,70,106,80,8,95" hai1="71,56,41,25,61,20,5,65,129,51,79,68,120" hai2="67,134,82,60,18,133,11,86,91,87,26,52,34" hai3="99,57,102,69,6,93,128,59,89,131,10,19,125"/><U94/><E120/><V127/><F127/><W85/><G69/><T132/><D106/><U108/><E129/><N who="3" m="49738" /><G19/><T17/><D70/><U43/><E108/><V63/><F87/><W81/><G125/><T36/><D132/><N who="2" m="50794" /><F67/><W76/><G76/><T32/><D32/><U116/><E116/><V100/><F100/><W27/><G27/><T2/><D95/><U110/><E110/><V9/><F34/><W55/><G55/><T44/><D8/><N who="2" m="3146" /><F52/><W113/><G113/><T135/><D135/><U46/><E79/><V15/><F26/><W16/><G16/><T104/><D17/><N who="1" m="12431" /><E71/><V35/><F35/><W112/><G112/><T73/><D77/><U98/><E68/><V66/><F66/><W97/><G97/><T75/><D54/><N who="1" m="30071" /><E5/><V109/><F109/><W64/><G64/><T45/><D53/><U121/><E121/><V4/><F4/><W13/><AGARI ba="0,0" hai="6,10,13,57,59,81,85,89,93,99,102" m="49738" machi="13" ten="30,1100,0" yaku="19,1" doraHai="47" who="3" fromWho="3" sc="230,-3,290,-5,240,-3,240,11" /><INIT seed="2,0,0,2,1,110" ten="227,285,237,251" oya="2" hai0="67,50,15,101,35,4,93,11,34,61,104,94,7" hai1="27,62,14,31,111,0,47,103,24,8,66,72,38" hai2="63,76,2,107,95,123,112,49,43,25,16,6,33" hai3="77,89,132,42,84,19,105,126,102,59,70,118,51"/><V131/><F123/><W55/><G70/><T92/><D4/><U120/><E72/><V91/><F107/><W46/><G118/><T20/><D104/><U1/><E111/><V99/><F112/><W81/><G132/><T117/><D117/><U5/><E120/><V12/><F131/><W108/><G108/><T86/><D101/><U133/><E133/><V135/><F135/><W97/><G126/><T130/><D130/><U79/><E79/><V53/><F76/><W78/><REACH who="3" step="1"/><G19/><REACH who="3" ten="227,285,237,241" step="2"/><T41/><D7/><U29/><E0/><V65/><F2/><W127/><G127/><T119/><D119/><U3/><E1/><V73/><F6/><W87/><G87/><T56/><D86/><U122/><E3/><V28/><F73/><W23/><G23/><T36/><D20/><U124/><E124/><V71/><F43/><W90/><G90/><T100/><D41/><U9/><E122/><V26/><F33/><W125/><G125/><T10/><D34/><U134/><E134/><V39/><F28/><W88/><G88/><T32/><D35/><U129/><E31/><V80/><F39/><AGARI ba="0,1" hai="39,42,46,51,55,59,77,78,81,84,89,97,102,105" machi="39" ten="30,2000,0" yaku="1,1,7,1,53,0" doraHai="110" doraHaiUra="60" who="3" fromWho="2" sc="227,0,285,0,237,-20,241,30" /><INIT seed="3,0,0,2,0,107" ten="227,285,217,271" oya="3" hai0="20,104,36,9,129,85,88,74,131,47,17,79,113" hai1="90,94,98,75,135,49,80,95,70,127,67,6,4" hai2="56,50,115,22,111,66,24,3,110,61,120,69,109" hai3="99,46,41,116,31,59,65,114,58,124,57,96,97"/><W118/><G114/><T121/><D121/><U101/><E127/><V89/><F115/><W68/><G124/><T14/><D113/><U15/><E135/><V52/><F3/><W21/><G31/><T125/><D104/><U119/><E119/><V133/><F89/><W40/><G21/><T43/><D125/><U16/><E70/><V112/><F112/><W87/><G87/><T38/><D38/><U42/><E67/><V55/><F133/><W62/><REACH who="3" step="1"/><G40/><REACH who="3" ten="227,285,217,261" step="2"/><T76/><D20/><N who="1" m="11295" /><E75/><V82/><F120/><W103/><G103/><T126/><D126/><U33/><E33/><V123/><F123/><W83/><G83/><N who="0" m="49215" /><D74/><U34/><E80/><V72/><F82/><W35/><G35/><T60/><D43/><U134/><E34/><V117/><F117/><W28/><G28/><T37/><D131/><U12/><E134/><V77/><F72/><W132/><G132/><T25/><D129/><U100/><E100/><V71/><F77/><W108/><G108/><T105/><D79/><U84/><E12/><V2/><F2/><W81/><G81/><T48/><D76/><U11/><E11/><V102/><F102/><W39/><AGARI ba="0,1" hai="39,41,46,57,58,59,62,65,68,96,97,99,116,118" machi="39" ten="30,3000,0" yaku="1,1,0,1,53,0" doraHai="107" doraHaiUra="130" who="3" fromWho="3" sc="227,-10,285,-10,217,-10,261,40" owari="217,-18.3,275,7.5,207,-29.3,301,40.1" /></mjloggm>