<mjloggm ver="2.3"><GO type="225" lobby="0"/><UN n0="%E9%A6%AC%E5%BC%95%E7%81%AB%33" n1="%E5%A4%8F%E9%88%B4%E9%88%B4%E5%A4%8F" n2="%E7%AB%8B%E7%9B%B4%E5%A5%BD%E6%A3%92%40%E5%BF%98" n3="%E3%83%96%E3%83%83%E3%83%91%E3%82%AA%E3%83%96%E3%83%81%E3%82%AD%E3%83%B3" dan="16,16,17,16" rate="2056.45,2106.17,2160.67,2142.16" sx="M,F,M,M"/><TAIKYOKU oya="0"/><INIT seed="0,0,0,4,3,69" ten="250,250,250,250" oya="0" hai0="41,68,40,18,5,103,20,83,38,87,84,26,58" hai1="134,72,126,117,32,90,88,37,76,43,1,34,133" hai2="115,104,0,50,105,92,63,49,31,13,73,6,98" hai3="116,135,120,80,17,99,45,82,52,123,110,86,89"/><T9/><D68/><U96/><E117/><V108/><F0/><W35/><G116/><T113/><D113/><U122/><E122/><N who="3" m="46634" /><G110/><T95/><D38/><U114/><E1/><V25/><F73/><W112/><G112/><T132/><D132/><N who="1" m="50795" /><E126/><V130/><F104/><W33/><G135/><T66/><D66/><U67/><E67/><V46/><F105/><W85/><G99/><N who="0" m="59903" /><D58/><U127/><E127/><V36/><F63/><W77/><G17/><T16/><D5/><U97/><E114/><V65/><F65/><W53/><G45/><T118/><D118/><U81/><E97/><V3/><F3/><W23/><G23/><T19/><D87/><U28/><E96/><V4/><F115/><W51/><G51/><T79/><D9/><U22/><E22/><N who="2" m="15799" /><F50/><W8/><G8/><T91/><D79/><U71/><E71/><V15/><F36/><W107/><G107/><T64/><D64/><U39/><E39/><V44/><F44/><W106/><G106/><T109/><D109/><U47/><E28/><AGARI ba="0,0" hai="16,18,19,20,26,28,40,41,83,84,91" m="59903" machi="28" ten="30,2900,0" yaku="8,1,54,1" doraHai="69" who="0" fromWho="1" sc="250,29,250,-29,250,0,250,0" /><INIT seed="0,1,0,2,5,25" ten="279,221,250,250" oya="0" hai0="45,44,99,31,57,65,48,26,84,8,10,16,111" hai1="51,43,125,97,80,60,1,109,124,55,94,66,130" hai2="118,68,78,75,53,117,28,70,114,92,59,72,90" hai3="4,12,95,108,27,89,83,88,86,11,34,76,112"/><T15/><D111/><U127/><E109/><V7/><F7/><W123/><G112/><T39/><D39/><U20/><E1/><V30/><F114/><W38/><G108/><T129/><D129/><U37/><E130/><V93/><F78/><W113/><G113/><T104/><D8/><U110/><E110/><V103/><F103/><W69/><G123/><T24/><D24/><U41/><E80/><V18/><F18/><W121/><G121/><T49/><D84/><U133/><E133/><V122/><F122/><W50/><G69/><T98/><D104/><U3/><E3/><V46/><F46/><W47/><G38/><T22/><D65/><U100/><E20/><V71/><F75/><W128/><G95/><N who="2" m="36425" /><F90/><W107/><G107/><T119/><D57/><U131/><E131/><V126/><F126/><W52/><REACH who="3" step="1"/><G128/><REACH who="3" ten="279,221,250,240" step="2"/><T0/><D119/><N who="2" m="45578" /><F72/><W21/><G21/><T6/><D0/><U56/><REACH who="1" step="1"/><E37/><REACH who="1" ten="279,211,250,240" step="2"/><V77/><F77/><W23/><G23/><T106/><D22/><U19/><E19/><V74/><F74/><W81/><G81/><T13/><D16/><U9/><E9/><V29/><F71/><AGARI ba="1,2" hai="41,43,51,55,56,60,66,71,94,97,100,124,125,127" machi="71" ten="40,5200,0" yaku="1,1,18,1,53,1" doraHai="25" doraHaiUra="58" who="1" fromWho="2" sc="279,0,211,75,250,-55,240,0" /><INIT seed="1,0,0,4,3,7" ten="279,286,195,240" oya="1" hai0="60,130,133,94,87,24,97,73,55,128,43,17,67" hai1="134,10,48,86,117,62,49,47,64,83,39,30,56" hai2="74,118,6,52,115,61,0,45,106,34,119,18,16" hai3="135,44,93,38,81,104,3,23,82,2,19,116,127"/><U80/><E117/><V91/><F115/><W70/><G104/><T88/><D73/><U76/><E134/><V41/><F34/><W112/><G70/><T95/><D133/><U125/><E125/><V78/><F106/><W108/><G135/><T12/><D43/><U1/><E30/><V28/><F28/><W89/><G108/><T103/><D55/><U100/><E100/><V126/><F91/><W96/><G112/><T14/><D24/><U79/><E39/><N who="2" m="21695" /><F126/><W20/><G2/><T29/><D29/><U26/><E26/><V99/><F99/><W75/><G3/><T113/><D113/><U84/><E47/><V102/><F102/><W131/><G38/><T85/><D87/><U101/><E101/><V36/><F36/><W9/><G75/><T53/><D53/><U40/><E40/><V69/><F69/><W54/><G116/><N who="2" m="44585" /><F61/><W122/><G127/><T105/><D105/><U5/><AGARI ba="0,0" hai="1,5,10,48,49,56,62,64,76,79,80,83,84,86" machi="5" ten="30,6000,0" yaku="0,1,9,1,52,1" doraHai="7" who="1" fromWho="1" sc="279,-20,286,60,195,-20,240,-20" /><INIT seed="1,1,0,3,3,95" ten="259,346,175,220" oya="1" hai0="85,100,10,28,44,31,32,36,3,97,88,46,67" hai1="12,66,5,128,123,132,94,84,126,71,65,56,63" hai2="41,91,40,130,75,43,131,61,77,93,34,16,53" hai3="109,134,83,102,107,135,133,82,52,129,86,76,15"/><U74/><E123/><V72/><F34/><W116/><G109/><T8/><D67/><U58/><E74/><V101/><F101/><W9/><G129/><N who="2" m="49161" /><F77/><W125/><G125/><T11/><D3/><U59/><E128/><V104/><F104/><W26/><G116/><T24/><D36/><U4/><E126/><V118/><F118/><W119/><G119/><T121/><D28/><U37/><E37/><V25/><F61/><W51/><G26/><T73/><D73/><N who="2" m="28234" /><F53/><W13/><G83/><T57/><D57/><U14/><E132/><V108/><F108/><W89/><G76/><T96/><D121/><U81/><E94/><V122/><F122/><W106/><G102/><T55/><D55/><U98/><E98/><N who="2" m="57663" /><F43/><W20/><G20/><AGARI ba="1,0" hai="16,20,25,40,41" m="57663,28234,49161" machi="20" ten="30,3900,0" yaku="19,1,52,1,54,1" doraHai="95" who="2" fromWho="3" sc="259,0,346,0,175,42,220,-42" /><INIT seed="2,0,0,3,2,101" ten="259,346,217,178" oya="2" hai0="99,120,31,23,126,6,110,12,34,121,77,91,25" hai1="117,29,58,113,33,85,90,18,125,72,96,51,53" hai2="104,132,70,71,46,45,26,39,36,2,66,134,78" hai3="63,135,95,69,65,20,133,129,21,76,19,17,42"/><V11/><F78/><W122/><G122/><T54/><D110/><U48/><E117/><V4/><F26/><W131/><G42/><T9/><D126/><U24/><E113/><V80/><F80/><W59/><G76/><T93/><D54/><U44/><E72/><V43/><F104/><W107/><G95/><T10/><D77/><U84/><E125/><V128/><F128/><N who="3" m="49227" /><G69/><N who="2" m="26121" /><F66/><W116/><G116/><T50/><D50/><U75/><E75/><V13/><F13/><N who="3" m="9263" /><G21/><T32/><D10/><U108/><E108/><V52/><F52/><N who="3" m="34279" /><G19/><T3/><D34/><U55/><E18/><AGARI ba="0,0" hai="3,6,9,12,18,23,25,31,32,91,93,99,120,121" machi="18" ten="40,2600,0" yaku="24,2" doraHai="101" who="0" fromWho="1" sc="259,26,346,-26,217,0,178,0" /><INIT seed="3,0,0,3,5,66" ten="285,320,217,178" oya="3" hai0="108,107,44,106,123,65,90,94,12,51,47,35,103" hai1="14,77,129,18,118,57,102,99,76,120,16,86,78" hai2="26,63,74,105,133,17,40,93,95,101,56,6,9" hai3="8,45,49,31,34,121,24,91,64,42,75,85,62"/><W53/><G121/><T48/><D35/><U112/><E120/><V27/><F74/><W126/><G126/><T1/><D1/><U3/><E3/><V89/><F133/><W84/><G75/><T10/><D123/><U96/><E112/><V61/><F40/><W131/><G131/><T11/><D65/><U79/><E129/><V116/><F116/><W125/><G125/><T92/><D108/><U98/><E102/><V5/><F105/><W115/><G115/><T67/><D67/><U111/><E111/><V23/><F27/><W113/><G113/><T71/><D71/><U30/><E30/><V54/><F63/><W46/><G8/><T20/><D20/><U104/><E104/><V25/><F25/><W97/><G97/><T19/><D103/><U69/><E69/><V58/><F58/><W32/><G91/><T135/><D135/><U15/><E57/><V119/><F119/><W134/><G34/><T37/><D37/><U68/><E68/><V117/><F117/><W43/><G134/><T7/><D90/><U82/><E118/><V50/><F9/><W83/><G83/><T110/><D110/><U13/><AGARI ba="0,0" hai="13,14,15,16,18,76,77,78,79,82,86,96,98,99" machi="13" ten="40,8000,1" yaku="0,1,29,2,8,1,54,1" doraHai="66" who="1" fromWho="1" sc="285,-20,320,80,217,-20,178,-40" owari="265,6.5,400,50.0,197,-20.3,138,-36.2" /></mjloggm>