<mjloggm ver="2.3"><GO type="225" lobby="0"/><UN n0="%E7%9A%AE%E3%80%85" n1="%E3%83%96%E3%83%83%E3%83%91%E3%82%AA%E3%83%96%E3%83%81%E3%82%AD%E3%83%B3" n2="%E9%A6%AC%E5%BC%95%E7%81%AB%33" n3="%E3%83%81%E3%83%83%E3%82%BF%E3%82%BD%E3%83%BC" dan="16,16,16,16" rate="2116.77,2204.59,2109.02,2170.61" sx="F,M,M,F"/><TAIKYOKU oya="0"/><INIT seed="0,0,0,4,1,5" ten="250,250,250,250" oya="0" hai0="131,96,55,41,81,105,34,10,22,88,128,94,80" hai1="40,117,57,32,111,48,46,132,44,114,116,66,75" hai2="3,76,27,87,8,83,23,31,42,51,108,89,6" hai3="70,60,39,37,35,104,20,65,127,115,133,109,123"/><T92/><D34/><U18/><E75/><V53/><F108/><W62/><RYUUKYOKU type="yao9" ba="0,0" sc="250,0,250,0,250,0,250,0" hai3="20,35,37,39,60,62,65,70,104,109,115,123,127,133" /><INIT seed="0,1,0,0,4,52" ten="250,250,250,250" oya="0" hai0="100,7,88,12,8,38,133,92,27,101,110,134,32" hai1="72,65,98,76,127,62,49,85,28,87,67,66,94" hai2="106,11,91,2,21,105,23,59,123,0,130,35,46" hai3="45,41,75,63,19,129,108,128,1,3,132,64,30"/><T55/><D38/><U118/><E118/><V90/><F11/><W61/><G108/><T4/><D4/><U50/><E127/><V84/><F84/><N who="1" m="32329" /><E72/><V124/><F35/><W82/><G132/><N who="0" m="50795" /><D110/><U95/><E76/><V114/><F46/><W10/><G30/><N who="0" m="19551" /><D55/><U36/><E36/><V116/><F124/><W20/><G82/><T119/><D119/><U18/><E28/><V79/><F116/><W43/><G75/><T26/><D26/><U70/><E70/><V48/><F48/><N who="1" m="18537" /><E98/><AGARI ba="1,0" hai="7,8,12,88,92,98,100,101" m="19551,50795" machi="98" ten="30,2900,0" yaku="20,1,54,1" doraHai="52" who="0" fromWho="1" sc="250,32,250,-32,250,0,250,0" /><INIT seed="0,2,0,4,0,35" ten="282,218,250,250" oya="0" hai0="29,134,133,2,124,94,99,11,36,77,20,75,125" hai1="96,105,109,84,95,39,103,30,88,6,40,97,78" hai2="33,59,41,32,64,21,15,114,115,92,90,118,121" hai3="22,9,70,43,73,14,37,85,18,104,76,112,81"/><T3/><D36/><U46/><E109/><V1/><F121/><W126/><G126/><N who="0" m="48747" /><D11/><U80/><REACH who="1" step="1"/><E30/><REACH who="1" ten="282,208,250,250" step="2"/><V113/><F113/><W48/><G112/><T119/><D119/><U51/><E51/><V60/><F118/><W4/><G37/><T54/><D29/><U72/><E72/><V131/><F115/><W108/><G108/><T34/><D34/><U130/><E130/><V57/><F131/><W83/><G70/><T7/><D133/><U50/><E50/><V42/><F114/><W17/><G48/><T106/><D134/><U127/><E127/><V62/><F33/><W23/><G43/><T122/><D122/><U28/><E28/><V0/><F32/><W61/><G61/><T67/><D75/><U117/><E117/><V44/><F41/><W110/><G110/><T31/><D31/><U10/><E10/><V19/><F42/><W116/><G116/><T128/><D128/><U89/><E89/><V100/><F100/><W82/><G73/><T79/><D20/><U49/><E49/><V16/><F44/><W8/><G8/><T123/><D123/><U56/><E56/><V12/><F59/><W71/><G71/><T63/><D77/><U132/><E132/><V27/><F62/><W111/><G111/><T135/><D79/><U91/><E91/><V55/><F60/><W53/><G22/><T107/><D135/><U58/><E58/><V25/><F57/><W102/><G23/><T47/><D47/><U129/><E129/><V65/><F21/><W38/><G38/><T74/><D74/><U101/><E101/><V93/><F55/><RYUUKYOKU ba="2,1" sc="282,-15,208,15,250,15,250,-15" hai1="6,39,40,46,78,80,84,88,95,96,97,103,105" hai2="0,1,12,15,16,19,25,27,64,65,90,92,93" /><INIT seed="1,3,1,4,5,43" ten="267,223,265,235" oya="1" hai0="134,7,87,12,123,25,121,99,105,84,40,125,70" hai1="76,10,117,109,133,69,113,122,112,67,3,38,64" hai2="31,110,135,85,72,5,8,128,42,68,23,118,46" hai3="39,44,35,13,75,33,129,124,17,107,53,95,91"/><U98/><E38/><V90/><F118/><W88/><G124/><T93/><D70/><U132/><E76/><V61/><F110/><W63/><G129/><T16/><D125/><U6/><E117/><V62/><F128/><W32/><G107/><T47/><D105/><U36/><E122/><N who="0" m="46601" /><D134/><N who="1" m="51819" /><E109/><V66/><F72/><W103/><G75/><T73/><D73/><U102/><E36/><V65/><F135/><W60/><G103/><N who="0" m="60911" /><D25/><U24/><E24/><V97/><F97/><W119/><G119/><T30/><D7/><U20/><E20/><V28/><F23/><W19/><G19/><T106/><D30/><U126/><E126/><V100/><F100/><W89/><G95/><T51/><D106/><N who="1" m="63831" /><E69/><V56/><F8/><AGARI ba="3,1" hai="8,12,16,40,47,51,84,87" m="60911,46601" machi="8" ten="30,3900,0" yaku="13,1,52,1,54,1" doraHai="43" who="0" fromWho="2" sc="267,58,223,0,265,-48,235,0" /><INIT seed="2,0,0,3,0,90" ten="325,223,217,235" oya="2" hai0="86,101,17,69,11,47,95,132,19,42,64,104,113" hai1="56,129,55,28,127,80,97,46,130,120,37,82,29" hai2="62,22,76,107,134,75,44,50,30,36,2,51,70" hai3="83,105,63,59,40,8,26,4,125,3,98,9,57"/><V6/><F107/><W118/><G125/><T92/><D113/><U61/><E127/><V39/><F134/><W131/><G131/><N who="1" m="50186" /><E120/><V60/><F30/><N who="1" m="11881" /><E97/><V84/><F22/><W122/><G122/><T23/><D104/><U114/><E114/><V43/><F84/><W35/><G118/><T49/><D132/><U14/><E14/><V1/><F36/><W121/><G35/><T94/><D69/><U99/><E99/><V93/><F93/><N who="0" m="35338" /><D64/><U27/><E27/><V128/><F128/><W74/><G26/><T58/><D58/><U12/><E12/><V102/><F102/><W73/><G57/><T54/><D42/><AGARI ba="0,0" hai="37,42,46,55,56,61,80,82" m="11881,50186" machi="42" ten="30,1000,0" yaku="19,1" doraHai="90" who="1" fromWho="0" sc="325,-10,223,10,217,0,235,0" /><INIT seed="3,0,0,2,0,38" ten="315,233,217,235" oya="3" hai0="24,73,128,87,61,47,123,48,104,62,40,4,117" hai1="33,98,120,81,121,108,126,6,91,86,109,36,18" hai2="46,17,119,41,115,23,101,51,72,11,37,99,58" hai3="25,132,89,100,74,26,50,85,103,8,13,97,122"/><W66/><G74/><T64/><D73/><U21/><E33/><V84/><F119/><W63/><G132/><T32/><D117/><U116/><E116/><V135/><F115/><W34/><G50/><T57/><D123/><U105/><E126/><V5/><F72/><W54/><G54/><T78/><D104/><U30/><E30/><V124/><F135/><W55/><G55/><T3/><D3/><U65/><E36/><V133/><F133/><W19/><G122/><T76/><D128/><U43/><E43/><V69/><F69/><W113/><G113/><T127/><D127/><U70/><E6/><V94/><F124/><W88/><G89/><T59/><D4/><U67/><E120/><V35/><F35/><W28/><G25/><T39/><D39/><U82/><E121/><V83/><F58/><W111/><G97/><T102/><D102/><N who="1" m="62679" /><E81/><V106/><F106/><W107/><G111/><N who="1" m="42570" /><E70/><V134/><F134/><W42/><G42/><T79/><D24/><AGARI ba="0,0" hai="18,21,24,65,67,82,86,91" m="42570,62679" machi="24" ten="30,1000,0" yaku="14,1" doraHai="38" who="1" fromWho="0" sc="315,-10,233,10,217,0,235,0" owari="305,40.5,243,4.3,217,-28.3,235,-16.5" /></mjloggm>