<mjloggm ver="2.3"><GO type="225" lobby="0"/><UN n0="%E3%83%96%E3%83%83%E3%83%91%E3%82%AA%E3%83%96%E3%83%81%E3%82%AD%E3%83%B3" n1="%E3%83%81%E3%83%A7%E3%83%99%E3%83%83%E3%82%AF" n2="%E5%B6%BA%E4%B8%8A%E5%92%B2" n3="%33%74%72%65%65" dan="16,16,16,17" rate="2168.09,2119.70,2127.76,2178.05" sx="M,M,F,F"/><TAIKYOKU oya="0"/><INIT seed="0,0,0,4,4,13" ten="250,250,250,250" oya="0" hai0="32,74,124,111,135,97,88,73,33,67,53,116,72" hai1="44,128,127,87,86,31,134,21,84,36,38,118,62" hai2="71,24,63,79,41,6,77,109,98,29,18,108,80" hai3="7,99,120,4,129,101,57,30,96,8,65,78,43"/><T25/><D116/><U102/><E118/><V26/><F6/><W126/><G126/><T12/><D124/><U61/><E128/><V19/><F41/><W104/><G129/><T34/><D135/><U37/><E134/><V48/><F48/><W27/><G120/><T132/><D132/><U123/><E127/><V110/><F98/><W105/><G78/><N who="2" m="29705" /><F80/><W10/><G43/><T100/><D67/><U2/><E2/><V69/><F63/><W113/><G113/><T46/><D111/><N who="2" m="28418" /><V112/><DORA hai="47" /><F112/><W39/><G39/><T45/><D25/><N who="2" m="9834" /><F29/><W60/><G7/><T130/><D130/><U91/><E31/><V68/><AGARI ba="0,0" hai="18,19,68,69,71" m="9834,28418,29705" machi="68" ten="50,8000,1" yaku="28,2,14,1,52,2" doraHai="13,47" who="2" fromWho="2" sc="250,-40,250,-20,250,80,250,-20" /><INIT seed="1,0,0,4,2,114" ten="210,230,330,230" oya="1" hai0="94,128,16,104,93,18,14,129,97,58,130,111,101" hai1="116,88,56,60,115,82,54,59,103,11,107,118,71" hai2="110,12,52,39,84,50,29,62,73,134,25,113,51" hai3="55,133,6,85,7,87,1,26,77,13,45,43,4"/><U31/><E115/><V2/><F73/><W24/><G133/><T22/><D111/><U120/><E120/><V19/><F2/><W37/><G1/><T64/><REACH who="0" step="1"/><D18/><REACH who="0" ten="200,230,330,230" step="2"/><U100/><E31/><V53/><F110/><W125/><G125/><T92/><D92/><U135/><E107/><V121/><F113/><W67/><G67/><T42/><D42/><U106/><E135/><V98/><F134/><W117/><G117/><T38/><D38/><U75/><E106/><V0/><F0/><W44/><BYE who="2" /><G37/><UN n2="%E5%B6%BA%E4%B8%8A%E5%92%B2" /><T30/><D30/><U8/><E71/><V27/><F39/><W40/><G43/><T69/><D69/><U90/><E82/><V10/><F29/><W99/><G40/><T109/><D109/><U33/><E33/><V86/><F121/><W70/><G70/><T68/><D68/><U105/><E105/><V21/><F19/><W126/><G126/><T76/><D76/><U49/><E75/><V63/><F53/><W119/><G77/><T46/><D46/><U102/><E118/><V32/><F52/><W35/><G119/><T131/><N who="0" m="32768" /><DORA hai="48" /><T89/><D89/><N who="1" m="34411" /><E116/><V112/><F112/><W20/><G35/><T23/><D23/><U127/><E127/><V61/><F21/><W28/><G28/><T72/><D72/><U79/><E79/><V47/><F47/><W96/><G44/><T36/><D36/><U17/><E17/><V9/><F32/><W122/><G45/><T57/><D57/><U41/><E41/><V95/><F95/><W83/><G122/><T80/><D80/><U66/><AGARI ba="0,1" hai="8,11,49,54,56,59,60,66,100,102,103" m="34411" machi="66" ten="30,6000,0" yaku="8,1,52,1,54,1" doraHai="114,48" who="1" fromWho="1" sc="200,-20,230,70,330,-20,230,-20" /><INIT seed="1,1,0,2,5,45" ten="180,300,310,210" oya="1" hai0="4,3,55,44,98,10,125,128,38,20,77,9,8" hai1="32,61,129,124,67,93,24,94,46,71,64,90,27" hai2="62,31,0,68,113,28,6,122,56,63,29,133,106" hai3="83,52,86,99,80,69,30,115,73,12,25,48,130"/><U65/><E129/><V104/><F122/><W36/><G115/><T37/><D128/><U11/><E124/><V110/><F110/><W53/><G130/><T134/><D134/><U47/><E94/><V88/><F133/><W116/><G116/><T33/><D33/><U19/><E32/><V92/><F113/><W41/><G69/><T17/><D125/><U23/><E71/><V5/><F68/><W84/><G73/><T118/><D118/><U51/><E61/><V15/><F0/><W14/><G36/><T75/><D38/><U58/><E11/><V82/><F82/><N who="3" m="31275" /><G99/><T2/><D2/><U34/><E34/><V95/><F15/><N who="3" m="5675" /><G25/><T50/><D37/><U120/><E120/><V13/><F13/><W127/><G30/><T72/><D72/><U76/><E76/><V119/><F119/><W22/><G22/><T105/><D77/><U21/><E23/><V132/><F132/><W131/><G131/><T135/><D75/><U85/><E24/><V91/><F31/><W7/><G7/><T49/><D135/><U43/><E43/><V18/><REACH who="2" step="1"/><F56/><REACH who="2" ten="180,300,300,210" step="2"/><W57/><G127/><T101/><D3/><U123/><E123/><V114/><F114/><W39/><G57/><T16/><D4/><U108/><E108/><V60/><F60/><W40/><G39/><T35/><D35/><U70/><E70/><V79/><F79/><W121/><G121/><T96/><D20/><U81/><E81/><V97/><F97/><W100/><G48/><N who="0" m="29063" /><D98/><U42/><E42/><V112/><F112/><W107/><G40/><T126/><D126/><U26/><E26/><RYUUKYOKU ba="1,1" sc="180,10,300,10,300,10,210,-30" hai0="8,9,10,16,17,49,50,96,101,105" hai1="19,21,27,46,47,51,58,64,65,67,85,90,93" hai2="5,6,18,28,29,62,63,88,91,92,95,104,106" /><INIT seed="1,2,1,5,4,49" ten="190,310,310,180" oya="1" hai0="38,104,35,135,34,73,26,109,119,66,98,67,88" hai1="57,92,128,15,65,3,107,47,78,52,124,55,76" hai2="118,63,102,44,89,117,75,79,21,127,71,0,121" hai3="123,40,60,122,82,62,59,54,37,27,112,10,39"/><U72/><E107/><V129/><F121/><W31/><G112/><T29/><D119/><U105/><E105/><V81/><F129/><W86/><G10/><T19/><D38/><U17/><E3/><V24/><F127/><W106/><G106/><T25/><D73/><U64/><E72/><V115/><F102/><W74/><G74/><T46/><D109/><U103/><E128/><V41/><F115/><W42/><G39/><T87/><D135/><U18/><E47/><V80/><F0/><W51/><G37/><T94/><D46/><U134/><E124/><V70/><F81/><W133/><G133/><T23/><REACH who="0" step="1"/><D35/><REACH who="0" ten="180,310,310,180" step="2"/><U120/><E134/><V111/><F111/><W11/><G123/><T56/><D56/><U4/><E120/><V32/><F32/><W28/><G122/><T36/><D36/><U61/><E64/><V48/><F118/><W22/><G28/><T83/><D83/><U101/><E4/><V14/><F117/><W50/><G11/><T91/><D91/><U69/><E17/><V33/><F89/><N who="3" m="51415" /><G40/><T84/><D84/><U45/><E45/><AGARI ba="2,2" hai="22,27,31,42,45,50,51,54,59,60,62" m="51415" machi="45" ten="30,2000,0" yaku="8,1,52,1" doraHai="49" who="3" fromWho="1" sc="180,0,310,-26,310,0,180,46" /><INIT seed="2,0,0,2,0,117" ten="180,284,310,226" oya="2" hai0="122,92,5,47,33,70,107,11,135,48,53,41,124" hai1="2,25,113,119,134,27,34,78,61,28,9,15,51" hai2="68,94,63,132,84,73,110,83,85,116,101,127,57" hai3="36,59,79,91,12,74,100,56,29,104,129,86,35"/><V81/><F116/><W37/><G129/><T30/><D107/><U76/><E113/><V108/><F132/><W105/><G35/><T97/><D135/><U62/><E134/><V6/><F127/><W31/><G79/><T130/><D124/><U3/><E78/><V40/><F68/><W60/><G74/><T46/><D130/><U65/><E76/><V44/><F6/><W7/><G7/><T43/><D70/><U58/><E25/><V106/><F106/><W133/><G133/><T69/><D69/><U102/><E102/><V66/><F73/><W22/><G100/><T55/><D122/><U67/><E51/><N who="2" m="27015" /><F101/><W19/><G36/><T1/><D30/><N who="3" m="11273" /><G37/><T42/><D33/><U64/><E119/><V77/><F94/><N who="3" m="54647" /><G104/><T82/><D82/><N who="2" m="31242" /><F77/><W96/><G105/><T80/><D80/><U128/><E128/><V14/><F14/><W120/><G120/><T0/><D0/><U4/><REACH who="1" step="1"/><E67/><REACH who="1" ten="180,274,310,226" step="2"/><V23/><F110/><W88/><G60/><T95/><REACH who="0" step="1"/><D97/><REACH who="0" ten="170,274,310,226" step="2"/><U26/><E26/><V98/><F98/><W89/><G96/><T32/><D32/><U16/><E16/><V24/><F108/><W49/><G89/><T17/><D17/><AGARI ba="0,2" hai="17,23,24,57,63,66,84,85" m="31242,27015" machi="17" ten="30,1500,0" yaku="8,1" doraHai="117" who="2" fromWho="0" sc="170,-15,274,0,310,35,226,0" /><INIT seed="2,1,0,0,1,48" ten="155,274,345,226" oya="2" hai0="46,34,90,109,81,7,93,54,4,38,25,111,15" hai1="13,82,64,29,10,20,27,43,0,11,126,50,51" hai2="60,135,37,88,71,98,124,16,44,52,70,85,125" hai3="6,116,123,69,103,65,18,89,3,47,133,108,1"/><V128/><F128/><W55/><G116/><T45/><D81/><U104/><E104/><V78/><F135/><W84/><G123/><T112/><D112/><U130/><E126/><N who="2" m="48747" /><F78/><W72/><G72/><T17/><D34/><U22/><E130/><V121/><F121/><W68/><G103/><T77/><D77/><U80/><E0/><V66/><F98/><W113/><G113/><T122/><D25/><U99/><E99/><V83/><F37/><W132/><G18/><T91/><D122/><U118/><E118/><V9/><F70/><W59/><G68/><T8/><D38/><U76/><E64/><V74/><F74/><W129/><G129/><T86/><D91/><U36/><E36/><V94/><F83/><W95/><G69/><T30/><D30/><U5/><E10/><V110/><F110/><W114/><G108/><T131/><D131/><U134/><E82/><V19/><F9/><W97/><G97/><T56/><D111/><U28/><E134/><V115/><F115/><W57/><G114/><T100/><D100/><U92/><E92/><V49/><AGARI ba="1,0" hai="16,19,44,49,52,60,66,71,85,88,94" m="48747" machi="49" ten="30,12000,1" yaku="18,1,52,1,54,3" doraHai="48" who="2" fromWho="2" sc="155,-41,274,-41,345,123,226,-41" /><INIT seed="2,2,0,4,2,71" ten="114,233,468,185" oya="2" hai0="83,101,104,6,74,21,113,36,24,41,31,120,61" hai1="47,16,40,97,60,79,43,51,126,20,7,109,3" hai2="65,45,76,87,130,102,15,105,19,32,81,75,67" hai3="134,4,72,82,49,128,0,107,29,86,56,100,13"/><V80/><F32/><W50/><G0/><T26/><D120/><U1/><E109/><V55/><F130/><W108/><G108/><T66/><D113/><U58/><E7/><V133/><F133/><W89/><G128/><T54/><D6/><U11/><E126/><V118/><F118/><W90/><G134/><T124/><D124/><U59/><E11/><V62/><F102/><W14/><G72/><T85/><D74/><U106/><E79/><V5/><F105/><W96/><G29/><T38/><D41/><U116/><E116/><V119/><F119/><W93/><G4/><T91/><D54/><U88/><E106/><V73/><F5/><W127/><G127/><T99/><REACH who="0" step="1"/><D26/><REACH who="0" ten="104,233,468,185" step="2"/><N who="1" m="14599" /><E1/><V94/><F75/><W135/><G135/><T69/><AGARI ba="2,1" hai="21,24,31,36,38,61,66,69,83,85,91,99,101,104" machi="69" ten="20,8000,1" yaku="1,1,0,1,7,1,52,2,53,0" doraHai="71" doraHaiUra="46" who="0" fromWho="0" sc="104,96,233,-22,468,-42,185,-22" /><INIT seed="3,0,0,4,5,71" ten="200,211,426,163" oya="3" hai0="124,108,120,92,82,28,102,85,38,5,79,56,96" hai1="111,84,74,64,35,66,54,121,80,118,132,135,8" hai2="73,10,13,7,67,115,117,75,88,100,55,87,4" hai3="9,62,18,52,34,61,65,103,37,113,32,112,101"/><W81/><G81/><T119/><D120/><U16/><E35/><V33/><F115/><W93/><G65/><T68/><D119/><U77/><E121/><V3/><F117/><W116/><G116/><T24/><D108/><U17/><E118/><V76/><F33/><W104/><G104/><T45/><D124/><U57/><E111/><V44/><F100/><W36/><G93/><T106/><D68/><U20/><E8/><V14/><F76/><W25/><G9/><T47/><D5/><U91/><E17/><V105/><F105/><W59/><G18/><T51/><D38/><U49/><E135/><V69/><F69/><W58/><G25/><T98/><D56/><U78/><E132/><V97/><F67/><N who="1" m="25641" /><E74/><V42/><F97/><W50/><G50/><T26/><D51/><U12/><AGARI ba="0,0" hai="12,16,20,49,54,57,77,78,80,84,91" m="25641" machi="12" ten="30,2000,0" yaku="8,1,54,1" doraHai="71" who="1" fromWho="1" sc="200,-5,211,20,426,-5,163,-10" owari="195,-20.5,231,3.1,421,52.1,153,-34.7" /></mjloggm>