<mjloggm ver="2.3"><GO type="225" lobby="0"/><UN n0="%E3%83%96%E3%83%83%E3%83%91%E3%82%AA%E3%83%96%E3%83%81%E3%82%AD%E3%83%B3" n1="%79%75%72%69%6D%6F%67" n2="%E3%81%BF%E3%81%BF%E3%81%9A" n3="%77%72%77%72%77%72%77%72" dan="16,16,17,17" rate="2184.58,2178.46,2157.16,2181.81" sx="M,F,M,M"/><TAIKYOKU oya="0"/><INIT seed="0,0,0,2,5,78" ten="250,250,250,250" oya="0" hai0="4,127,94,8,126,21,119,31,39,17,24,134,132" hai1="111,80,45,43,76,38,41,125,130,98,40,55,54" hai2="90,36,1,11,128,44,83,29,13,52,117,120,62" hai3="53,107,115,116,86,34,42,10,28,123,73,27,37"/><T114/><D39/><U92/><E111/><V112/><F120/><W14/><G115/><T5/><D114/><U56/><E125/><N who="0" m="47625" /><D119/><U105/><E105/><V118/><F112/><W99/><G116/><N who="2" m="44649" /><F128/><W124/><G124/><T110/><D94/><U89/><E130/><V75/><F29/><W9/><G73/><T7/><D110/><U50/><REACH who="1" step="1"/><E55/><REACH who="1" ten="250,240,250,250" step="2"/><V6/><F36/><W70/><G107/><T22/><D8/><U51/><E51/><N who="2" m="28775" /><F62/><W18/><G9/><T32/><D32/><U95/><E95/><V20/><F75/><AGARI ba="0,1" hai="38,40,41,43,45,50,54,56,75,76,80,89,92,98" machi="75" ten="30,3900,0" yaku="1,1,7,1,52,1,53,0" doraHai="78" doraHaiUra="12" who="1" fromWho="2" sc="250,0,240,49,250,-39,250,0" /><INIT seed="1,0,0,0,5,39" ten="250,289,211,250" oya="1" hai0="43,10,42,106,59,32,31,68,101,3,79,113,100" hai1="93,80,119,67,15,69,94,75,14,35,7,104,123" hai2="45,115,36,70,109,27,78,86,38,13,132,107,76" hai3="102,58,133,62,105,130,134,2,88,72,26,135,124"/><U84/><E35/><V77/><F107/><W63/><G2/><T73/><D68/><U25/><E104/><V41/><F70/><W9/><G72/><T57/><D113/><U116/><E75/><V96/><F115/><W8/><G130/><T89/><D73/><U4/><E123/><V11/><F109/><W128/><G128/><T103/><D79/><U129/><E129/><V118/><F118/><W56/><G124/><T92/><D106/><U53/><E67/><V40/><F132/><W19/><G88/><T23/><D32/><U90/><E69/><V1/><F1/><W54/><G26/><N who="0" m="16863" /><D10/><U65/><E65/><V95/><F27/><W49/><G19/><T98/><D3/><U74/><E25/><V83/><F38/><W121/><G121/><T5/><D5/><U122/><E122/><V81/><F81/><W6/><G6/><N who="1" m="2090" /><E74/><V112/><F112/><W44/><G102/><T12/><D12/><N who="1" m="4651" /><E119/><V117/><F117/><W18/><G105/><T108/><D108/><U24/><E24/><V17/><REACH who="2" step="1"/><F40/><AGARI ba="0,0" hai="40,42,43,57,59,89,92,98,100,101,103" m="16863" machi="40" ten="30,7700,0" yaku="8,1,52,3" doraHai="39" who="0" fromWho="2" sc="250,77,289,0,211,-77,250,0" /><INIT seed="2,0,0,0,3,109" ten="327,289,134,250" oya="2" hai0="87,23,67,90,70,91,131,78,55,127,85,97,75" hai1="12,79,62,110,6,14,61,99,94,50,35,46,74" hai2="3,86,135,133,54,20,24,57,15,108,122,16,116" hai3="2,83,82,96,45,129,107,117,114,13,44,123,27"/><V64/><F116/><W112/><G2/><T126/><D70/><U113/><E110/><V72/><F122/><W93/><G117/><T119/><D67/><U101/><E113/><N who="3" m="43626" /><G107/><T26/><D119/><U33/><E79/><V43/><F108/><W88/><G123/><T48/><D131/><U66/><E74/><V102/><F72/><W17/><G27/><T7/><D7/><U118/><E62/><V34/><F3/><W60/><G60/><T100/><D75/><U65/><E65/><V128/><F128/><W132/><G132/><N who="2" m="50761" /><F64/><W125/><G125/><N who="0" m="47627" /><D87/><U42/><E118/><V121/><F121/><W77/><G129/><T56/><D85/><U0/><E0/><V40/><F102/><W28/><G28/><N who="0" m="17503" /><D78/><U124/><E124/><V92/><F34/><W68/><G68/><T89/><D100/><U8/><E14/><V4/><F4/><W11/><G82/><T120/><D120/><U106/><REACH who="1" step="1"/><E106/><REACH who="1" ten="327,279,134,250" step="2"/><V49/><F24/><W38/><G38/><T52/><D55/><U130/><E130/><V30/><F30/><W32/><G32/><T81/><D81/><U41/><E41/><V80/><F92/><AGARI ba="0,1" hai="48,52,56,89,90,91,92,97" m="17503,47627" machi="92" ten="30,2000,0" yaku="18,1,54,1" doraHai="109" who="0" fromWho="2" sc="327,30,279,0,134,-20,250,0" /><INIT seed="3,0,0,4,1,37" ten="357,279,114,250" oya="3" hai0="22,113,50,135,71,134,45,44,78,111,94,48,21" hai1="51,77,120,53,128,42,59,33,96,90,31,30,19" hai2="62,56,65,74,89,81,35,57,105,119,67,29,76" hai3="20,116,69,117,9,75,86,49,58,68,64,28,27"/><W95/><G75/><T127/><D71/><U46/><E120/><V124/><F119/><W83/><G95/><T97/><D111/><U55/><E128/><V131/><F131/><W66/><G9/><T106/><D106/><U107/><E53/><V14/><F124/><W110/><G110/><T34/><D34/><U121/><E121/><V8/><F105/><W18/><G69/><T16/><D78/><U5/><E33/><V61/><F35/><W114/><G114/><T24/><D127/><U60/><E77/><V122/><F122/><W43/><G68/><T1/><D1/><U104/><E104/><V26/><F26/><W73/><G73/><T25/><D113/><U112/><E112/><V115/><F115/><W47/><G18/><N who="0" m="12343" /><D45/><U15/><E5/><V129/><F129/><W108/><G108/><T13/><D44/><U12/><E12/><V7/><F29/><W4/><G4/><T126/><D126/><U80/><E107/><V98/><F98/><W133/><G133/><N who="0" m="50699" /><D25/><U99/><E99/><V70/><F70/><W103/><G103/><AGARI ba="0,0" hai="13,16,22,48,50,94,97,103" m="50699,12343" machi="103" ten="30,2000,0" yaku="20,1,54,1" doraHai="37" who="0" fromWho="3" sc="357,20,279,0,114,0,250,-20" owari="377,47.7,279,7.9,114,-38.6,230,-17.0" /></mjloggm>