<mjloggm ver="2.3"><GO type="225" lobby="0"/><UN n0="%E3%82%A4%E3%83%BC%E3%82%B1%E3%83%97%E3%83%A9" n1="%E3%83%B4%E3%83%A0%EF%BC%99%E3%81%A6" n2="%E3%81%A4%E3%81%A3%E3%81%B1%E3%82%8A%E3%83%9D%E3%83%BC%E3%83%AB" n3="%E5%91%A8%E6%9D%B1" dan="16,16,17,17" rate="2170.16,2192.70,2141.07,2135.81" sx="M,M,M,M"/><TAIKYOKU oya="0"/><INIT seed="0,0,0,3,3,126" ten="250,250,250,250" oya="0" hai0="115,1,107,118,20,86,15,62,82,96,95,65,80" hai1="88,19,67,28,31,52,120,66,114,90,78,26,104" hai2="16,10,17,68,2,109,122,113,132,111,50,27,69" hai3="53,36,128,100,135,102,84,79,39,32,83,125,46"/><T76/><D115/><U99/><E120/><V134/><F113/><W18/><G125/><T35/><D118/><U97/><E78/><V77/><F77/><W7/><G32/><T40/><D35/><U25/><E114/><V98/><F98/><W45/><G135/><N who="2" m="51753" /><F50/><W29/><G29/><T70/><D1/><U5/><E5/><N who="2" m="1335" /><F122/><W55/><G7/><T24/><D40/><U43/><E43/><V63/><F63/><W47/><G128/><T11/><D107/><U48/><E48/><V129/><F129/><W3/><G3/><T44/><D44/><U123/><E123/><V34/><F34/><W22/><G39/><T13/><D82/><U89/><E89/><V30/><F30/><W105/><G36/><T49/><D49/><U74/><E74/><V38/><F38/><W87/><G87/><T94/><D11/><U103/><E103/><N who="3" m="39466" /><G105/><T93/><REACH who="0" step="1"/><D96/><REACH who="0" ten="240,250,250,250" step="2"/><U56/><E104/><V61/><F61/><W60/><G60/><T33/><D33/><U9/><E97/><V112/><F112/><W6/><G6/><T116/><D116/><U71/><E99/><V58/><F111/><W41/><G41/><T133/><D133/><U110/><E9/><V130/><F109/><W124/><G124/><T14/><D14/><AGARI ba="0,1" hai="14,18,22,45,46,47,53,55,79,83,84" m="39466" machi="14" ten="30,1000,0" yaku="8,1" doraHai="126" who="3" fromWho="0" sc="240,-10,250,0,250,0,250,20" /><INIT seed="1,0,0,1,3,128" ten="230,250,250,270" oya="1" hai0="88,114,45,120,83,123,126,124,0,32,22,69,36" hai1="54,23,26,38,48,135,17,29,89,42,52,2,95" hai2="72,61,78,18,84,132,47,59,85,62,111,109,86" hai3="98,21,30,108,129,19,130,6,58,105,60,133,99"/><U14/><E2/><V104/><F104/><W92/><G108/><N who="2" m="41545" /><F18/><W53/><G6/><T82/><D32/><U118/><E135/><V80/><F47/><W5/><G5/><T43/><D0/><U9/><E118/><V122/><F122/><N who="0" m="46634" /><D114/><U79/><E79/><V71/><F71/><W46/><G133/><T112/><D112/><U76/><E76/><V27/><F132/><W67/><G30/><T100/><D69/><U77/><E77/><V51/><F27/><W134/><G134/><T106/><D22/><U119/><E119/><V34/><F34/><W131/><G105/><T64/><D64/><U3/><E3/><V16/><F16/><W93/><G46/><T1/><D1/><U7/><E38/><V81/><F81/><N who="0" m="30730" /><D88/><U74/><E74/><V20/><F20/><W25/><G67/><T102/><D106/><U41/><E7/><V103/><F103/><AGARI ba="0,0" hai="36,43,45,100,102,103,124,126" m="30730,46634" machi="103" ten="30,1000,0" yaku="13,1" doraHai="128" who="0" fromWho="2" sc="230,10,250,0,250,-10,270,0" /><INIT seed="2,0,0,1,3,33" ten="240,250,240,270" oya="2" hai0="89,115,22,74,51,44,97,130,83,43,34,78,11" hai1="30,75,61,68,76,47,103,54,27,124,48,13,25" hai2="90,58,114,67,23,20,132,88,32,19,100,109,101" hai3="92,96,26,77,49,5,85,82,46,91,112,24,37"/><V12/><F114/><W113/><G37/><T129/><D34/><U128/><E103/><N who="2" m="39499" /><F32/><W66/><G66/><T52/><D115/><N who="3" m="44105" /><G5/><T117/><D117/><U71/><E124/><V95/><F132/><W6/><G6/><T65/><D65/><U18/><E128/><N who="0" m="49257" /><D11/><U69/><E61/><N who="2" m="38327" /><F109/><W16/><G16/><T56/><D22/><N who="2" m="8234" /><F95/><W125/><G125/><T135/><D135/><U42/><E30/><V116/><F116/><W64/><G64/><T118/><D118/><U0/><E68/><V31/><F31/><W63/><G63/><N who="0" m="36231" /><D89/><U102/><E102/><V38/><F38/><W87/><G96/><AGARI ba="0,0" hai="43,44,51,74,78,83,96,97" m="36231,49257" machi="96" ten="30,2000,0" yaku="19,1,54,1" doraHai="33" who="0" fromWho="3" sc="240,20,250,0,240,0,270,-20" /><INIT seed="3,0,0,3,2,8" ten="260,250,240,250" oya="3" hai0="112,100,33,0,34,77,48,58,73,113,118,69,108" hai1="21,15,68,35,47,78,30,44,62,119,3,27,53" hai2="132,133,41,50,104,5,22,29,4,74,84,11,39" hai3="2,65,45,107,18,14,120,38,51,42,96,49,91"/><W124/><G120/><T94/><D0/><U105/><E105/><V1/><F74/><W121/><G121/><T20/><D69/><U97/><E119/><V103/><F39/><W129/><G2/><T126/><D118/><U90/><E78/><V17/><F29/><W81/><G129/><T87/><D108/><U86/><E97/><N who="2" m="61551" /><F5/><W13/><G124/><T25/><D126/><U122/><E3/><V127/><F84/><W89/><G65/><T55/><D73/><U66/><E122/><V40/><F50/><W70/><G70/><T128/><D128/><U135/><E53/><V123/><F123/><W60/><G60/><T24/><D100/><U115/><E115/><N who="0" m="44105" /><D94/><U59/><E68/><V46/><F46/><W19/><G107/><T26/><D20/><U37/><E37/><V10/><F10/><N who="3" m="6455" /><G38/><T61/><D61/><U109/><E109/><V106/><F106/><W125/><G125/><T12/><D87/><U75/><E75/><V31/><F31/><W111/><G111/><T102/><D77/><U98/><E98/><V130/><F127/><W16/><G51/><T88/><D102/><U83/><E135/><N who="2" m="51787" /><F130/><W76/><G96/><T114/><D114/><U54/><E66/><V79/><F79/><W72/><G19/><T93/><D34/><U116/><E116/><V52/><F52/><W56/><G56/><T67/><D33/><U131/><E131/><V63/><F63/><W85/><G72/><T134/><D134/><U117/><E117/><V64/><F64/><W92/><G92/><T36/><D36/><U80/><E80/><V82/><F82/><RYUUKYOKU ba="0,0" sc="260,-30,250,10,240,10,250,10" hai1="15,21,27,30,35,44,47,54,59,62,83,86,90" hai2="1,4,11,17,22,40,41" hai3="14,16,42,45,49,76,81,85,89,91" /><INIT seed="3,1,0,3,4,81" ten="230,260,250,260" oya="3" hai0="12,93,86,26,9,13,57,128,0,24,83,14,113" hai1="56,46,118,7,18,134,70,17,103,1,99,109,45" hai2="117,40,2,62,92,29,115,111,20,63,34,127,15" hai3="54,44,90,36,89,91,85,106,124,104,51,87,74"/><W67/><G74/><T49/><D128/><U21/><E70/><V75/><F117/><W30/><G124/><T10/><D113/><U35/><E35/><V47/><F115/><W37/><G30/><T38/><D38/><U8/><E109/><V16/><F75/><W39/><REACH who="3" step="1"/><G67/><REACH who="3" ten="230,260,250,250" step="2"/><T5/><D10/><U76/><E8/><V19/><F29/><W108/><G108/><T123/><D123/><U110/><E110/><V130/><F111/><W50/><G50/><T88/><REACH who="0" step="1"/><D83/><REACH who="0" ten="220,260,250,250" step="2"/><U126/><E118/><V116/><F116/><W95/><G95/><T107/><D107/><AGARI ba="1,2" hai="36,37,39,44,51,54,85,87,89,90,91,104,106,107" machi="107" ten="50,12000,1" yaku="1,1,52,2,53,1" doraHai="81" doraHaiUra="43" who="3" fromWho="0" sc="220,-123,260,0,250,0,250,143" owari="97,-40.3,260,6.0,250,-15.0,393,49.3" /></mjloggm>