<mjloggm ver="2.3"><GO type="225" lobby="0"/><UN n0="%E3%83%96%E3%83%83%E3%83%91%E3%82%AA%E3%83%96%E3%83%81%E3%82%AD%E3%83%B3" n1="%E6%9D%B1%E9%A2%A8%E3%81%AE%E3%81%8D%E3%82%83%E3%81%B7%E3%81%95%E3%82%93" n2="%E3%81%BF%E3%81%BF%E3%81%9A" n3="%E7%99%BD%E5%80%89%E5%AF%9B%E4%B9%8B" dan="16,16,17,16" rate="2131.81,2175.64,2251.22,2119.84" sx="M,M,M,M"/><TAIKYOKU oya="0"/><INIT seed="0,0,0,1,3,134" ten="250,250,250,250" oya="0" hai0="76,17,18,127,100,125,49,35,6,28,102,58,50" hai1="64,60,94,30,70,92,9,95,10,108,114,47,44" hai2="34,27,16,38,87,14,29,118,56,24,81,43,68" hai3="124,53,13,135,80,97,119,112,63,105,101,23,21"/><T123/><D6/><U54/><E108/><V32/><F68/><W103/><G135/><T15/><D123/><U39/><E114/><V121/><F121/><W115/><G119/><T11/><D76/><U66/><E30/><V86/><F118/><W78/><G103/><N who="0" m="39467" /><D18/><U65/><E70/><V77/><F27/><W89/><G89/><T113/><D113/><U4/><E39/><V73/><F34/><W37/><G37/><T7/><D58/><U57/><REACH who="1" step="1"/><E9/><REACH who="1" ten="250,240,250,250" step="2"/><V91/><F38/><W2/><G115/><T116/><D116/><U46/><E46/><V84/><F56/><N who="3" m="35215" /><G112/><T5/><D28/><U55/><E55/><V88/><REACH who="2" step="1"/><F43/><REACH who="2" ten="250,240,240,250" step="2"/><W128/><G128/><T1/><D35/><U96/><E96/><V107/><F107/><W71/><G71/><T120/><D120/><U72/><E72/><V126/><F126/><N who="0" m="48138" /><D7/><U79/><E79/><V83/><F83/><W22/><G124/><T106/><D106/><U26/><E26/><V111/><F111/><W133/><G80/><T25/><D25/><U90/><E90/><V42/><F42/><W82/><G82/><T131/><D131/><U40/><E40/><V33/><F33/><W132/><G78/><T109/><D109/><U122/><E122/><V110/><F110/><W67/><G133/><T130/><D130/><U36/><E36/><V62/><F62/><W12/><G132/><T74/><D74/><U117/><E117/><V20/><AGARI ba="0,2" hai="14,16,20,24,29,32,73,77,81,84,86,87,88,91" machi="20" ten="30,8000,1" yaku="1,1,0,1,54,2,53,1" doraHai="134" doraHaiUra="19" who="2" fromWho="2" sc="250,-40,240,-20,240,100,250,-20" /><INIT seed="1,0,0,1,2,97" ten="210,220,340,230" oya="1" hai0="108,93,134,14,47,84,52,62,92,15,82,31,0" hai1="126,113,45,131,41,88,64,71,101,76,17,133,115" hai2="50,54,89,80,19,114,112,3,32,4,8,74,43" hai3="59,18,57,94,99,16,118,109,69,102,98,117,49"/><U85/><E133/><V39/><F32/><W68/><G109/><T72/><D0/><U13/><E131/><V53/><F19/><N who="3" m="7211" /><G98/><T51/><D72/><U12/><E126/><V35/><F35/><W135/><G135/><T63/><D134/><U30/><E30/><V120/><F120/><W130/><G130/><T60/><D31/><U110/><E76/><N who="2" m="44055" /><F89/><W6/><G6/><T46/><D108/><U9/><E110/><V61/><F61/><N who="0" m="15618" /><T33/><DORA hai="106" /><D33/><U129/><E129/><V58/><F54/><N who="3" m="31951" /><G59/><T105/><D105/><U26/><E26/><V22/><F22/><W29/><G29/><T36/><D47/><AGARI ba="0,0" hai="3,4,8,39,43,47,50,53,58,112,114" m="44055" machi="47" ten="30,2000,0" yaku="25,1,52,1" doraHai="97,106" who="2" fromWho="0" sc="210,-20,220,0,340,20,230,0" /><INIT seed="2,0,0,5,5,26" ten="190,220,360,230" oya="2" hai0="128,66,48,103,102,19,89,58,31,126,7,17,131" hai1="24,83,20,94,80,36,112,133,132,9,87,43,59" hai2="97,109,95,130,68,42,134,15,11,34,63,76,114" hai3="90,104,121,44,1,79,50,46,27,124,13,49,29"/><V45/><F114/><W16/><G1/><T8/><D126/><U2/><E112/><V14/><F34/><W119/><G104/><T62/><D89/><N who="1" m="53567" /><E59/><V81/><F134/><N who="1" m="51817" /><E43/><V122/><F122/><W12/><G121/><T105/><D131/><U107/><E36/><V116/><F116/><W123/><G123/><T41/><D128/><U85/><E107/><V77/><F130/><W129/><G129/><T61/><D105/><U67/><E67/><V74/><F77/><W99/><G79/><T57/><D41/><U33/><E33/><V120/><F120/><W47/><G124/><T32/><D48/><U98/><E98/><V88/><F109/><W101/><G101/><T113/><D113/><U38/><E38/><V60/><F68/><W35/><G119/><T72/><D72/><U39/><E39/><V108/><F15/><W117/><G12/><T6/><D32/><U125/><E125/><V93/><F93/><W115/><G115/><T5/><D66/><U106/><E106/><V96/><F97/><W25/><G25/><T70/><D70/><U64/><E64/><V54/><F54/><W10/><REACH who="3" step="1"/><G117/><REACH who="3" ten="190,220,360,220" step="2"/><T71/><D71/><U118/><E118/><V21/><F14/><W91/><G91/><T4/><D102/><U84/><E2/><V82/><F76/><W53/><G53/><T75/><D103/><U55/><E55/><V18/><F88/><W127/><G127/><T37/><D75/><U40/><E40/><V92/><F74/><W86/><G86/><N who="1" m="33386" /><E9/><V3/><F11/><W65/><G65/><N who="0" m="39087" /><D8/><U51/><E24/><V135/><F42/><RYUUKYOKU ba="0,1" sc="190,-10,220,-10,360,-10,220,30" hai3="10,13,16,27,29,35,44,46,47,49,50,90,99" /><INIT seed="3,1,1,1,3,22" ten="180,210,350,250" oya="3" hai0="113,11,30,40,101,45,103,122,81,58,125,71,62" hai1="89,18,109,106,98,65,119,84,41,135,61,63,31" hai2="85,74,46,130,73,37,24,9,3,68,34,69,39" hai3="97,47,93,118,105,17,51,7,80,67,115,114,8"/><W35/><G35/><T52/><D122/><U49/><E31/><N who="2" m="19815" /><F85/><W110/><G105/><T79/><D125/><U117/><E109/><V87/><F87/><W1/><G118/><N who="1" m="45066" /><E135/><V29/><F29/><W95/><G67/><T90/><D71/><N who="2" m="27210" /><F130/><W50/><G110/><T124/><D124/><U56/><E18/><V121/><F121/><W15/><G80/><T64/><D113/><U16/><E16/><V128/><F128/><W77/><G77/><T134/><D134/><U36/><E61/><V108/><F108/><W129/><G129/><T20/><D64/><U14/><E14/><V54/><F54/><W88/><G95/><T38/><D90/><U82/><E49/><V131/><F131/><W91/><G91/><T25/><D11/><U102/><E41/><N who="2" m="22831" /><F39/><AGARI ba="1,1" hai="36,39,56,63,65,82,84,89,98,102,106" m="45066" machi="39" ten="30,1000,0" yaku="12,1" doraHai="22" who="1" fromWho="2" sc="180,0,210,23,350,-13,250,0" owari="180,-32.0,233,-16.7,337,43.7,250,5.0" /></mjloggm>