<mjloggm ver="2.3"><GO type="225" lobby="0"/><UN n0="%E3%83%81%E3%83%83%E3%82%BF%E3%82%BD%E3%83%BC" n1="%E3%81%BF%E3%81%BF%E3%81%9A" n2="%E3%81%95%E3%81%8D%E3%81%9F%E3%81%BE%E6%9E%97%E6%AA%8E" n3="%E9%B3%B3%E6%9D%B1%E3%81%AE%E3%81%86%E3%81%95%E3%81%8E%E3%81%95%E3%82%93" dan="16,18,16,17" rate="2086.89,2234.43,2112.42,2191.58" sx="F,M,M,M"/><TAIKYOKU oya="0"/><INIT seed="0,0,0,1,1,75" ten="250,250,250,250" oya="0" hai0="126,27,50,128,30,61,97,38,36,105,94,129,40" hai1="104,8,45,60,100,86,65,96,7,12,11,110,79" hai2="9,47,39,15,127,118,133,72,49,21,111,44,25" hai3="99,109,5,73,120,78,116,64,35,114,34,16,131"/><T23/><D105/><U95/><E110/><V84/><F111/><W69/><G109/><T14/><D126/><U20/><E45/><V70/><F72/><W31/><G114/><T122/><D61/><U37/><E37/><V130/><F70/><W103/><G116/><T112/><D112/><U121/><E121/><V58/><F127/><W63/><G120/><T32/><D122/><U18/><E7/><V17/><F130/><N who="0" m="50282" /><D50/><U107/><E107/><V43/><F133/><W93/><G131/><T134/><D40/><U123/><E123/><V81/><F118/><W2/><G31/><T29/><D134/><U0/><E0/><V87/><F58/><W53/><G53/><T98/><D98/><U77/><E104/><V85/><F39/><W57/><G57/><T115/><D115/><U101/><E101/><V88/><REACH who="2" step="1"/><F47/><REACH who="2" ten="250,250,240,250" step="2"/><W3/><G73/><T1/><D36/><U89/><E8/><V26/><F26/><W92/><G69/><T54/><D38/><U66/><E11/><V55/><F55/><W91/><G64/><T48/><D54/><U41/><E41/><V24/><F24/><W82/><G2/><T102/><D1/><U22/><E65/><V6/><AGARI ba="0,1" hai="6,9,15,17,21,25,43,44,49,81,84,85,87,88" machi="6" ten="20,8000,1" yaku="1,1,0,1,7,1,8,1,54,1,53,0" doraHai="75" doraHaiUra="67" who="2" fromWho="2" sc="250,-40,250,-20,240,90,250,-20" /><INIT seed="1,0,0,1,5,1" ten="210,230,330,230" oya="1" hai0="14,17,21,80,108,92,77,84,59,38,3,133,102" hai1="129,32,69,12,5,29,40,132,83,4,106,78,126" hai2="109,18,10,28,97,85,124,116,61,60,35,54,44" hai3="73,8,125,6,105,120,65,67,75,113,31,39,117"/><U43/><E69/><V76/><F116/><W23/><G120/><T115/><D108/><U101/><E126/><V128/><F109/><W119/><G113/><T114/><D133/><U30/><E132/><V135/><F135/><W51/><G39/><T58/><D3/><U2/><E2/><V95/><F124/><W112/><G112/><T66/><D38/><U47/><E129/><V123/><F123/><W79/><G105/><T34/><D34/><U103/><E106/><V89/><F128/><W53/><G125/><T50/><D58/><U26/><E30/><V98/><F35/><W134/><G134/><T9/><D21/><U13/><E13/><N who="2" m="7479" /><F28/><W122/><G122/><T46/><D59/><U131/><E131/><V121/><F121/><W62/><G23/><T36/><D66/><N who="3" m="25097" /><G62/><N who="2" m="24169" /><F76/><W24/><G79/><T93/><D36/><U71/><E71/><V42/><F42/><W63/><G63/><T16/><D17/><U25/><E25/><V19/><F19/><W49/><G24/><T45/><D45/><U70/><E43/><V99/><F44/><N who="3" m="27815" /><G31/><T0/><D0/><U37/><E70/><V22/><F22/><W74/><G51/><T91/><D77/><U48/><E37/><V96/><N who="2" m="24576" /><DORA hai="55" /><V15/><F15/><W90/><G90/><T7/><D114/><U20/><E32/><V27/><F27/><W81/><G119/><T111/><D111/><U107/><E107/><V72/><F72/><W127/><G117/><T100/><D115/><U56/><E12/><V82/><F54/><W110/><G127/><T64/><D14/><U88/><E78/><RYUUKYOKU ba="0,0" sc="210,-10,230,-10,330,30,230,-10" hai2="82,85,89,95" /><INIT seed="2,1,0,3,2,27" ten="200,220,360,220" oya="2" hai0="117,8,29,1,91,55,40,119,50,125,103,35,53" hai1="109,57,121,44,102,25,56,28,30,61,65,2,111" hai2="86,0,96,5,134,135,3,124,12,90,107,104,24" hai3="45,92,116,37,128,11,95,81,9,113,51,129,66"/><V10/><F124/><W75/><G116/><N who="0" m="44619" /><D125/><U93/><E121/><V58/><F58/><W80/><G37/><T115/><D115/><U89/><E2/><V88/><F90/><W15/><G66/><T47/><D103/><U22/><E44/><V16/><F24/><W33/><G33/><T99/><D1/><U20/><E57/><V108/><F108/><N who="1" m="41545" /><E102/><N who="2" m="62535" /><F107/><W74/><G45/><T48/><D8/><U46/><E46/><V98/><F98/><W72/><G72/><T70/><D70/><U38/><E38/><V54/><F54/><N who="0" m="20490" /><D48/><U23/><E25/><V39/><F39/><W101/><G101/><T78/><D78/><U127/><E127/><V62/><F62/><W120/><G51/><T126/><D126/><U82/><E82/><N who="2" m="49239" /><F5/><W42/><G113/><T60/><D60/><U118/><E118/><V49/><F49/><W87/><G120/><T69/><D69/><U41/><E41/><V84/><F84/><AGARI ba="1,0" hai="20,22,23,28,30,56,61,65,84,89,93" m="41545" machi="84" ten="30,3900,0" yaku="14,1,52,2" doraHai="27" who="1" fromWho="2" sc="200,0,220,42,360,-42,220,0" /><INIT seed="3,0,0,4,2,91" ten="200,262,318,220" oya="3" hai0="34,35,100,108,81,45,80,85,29,99,18,12,30" hai1="7,65,82,110,101,62,14,48,72,64,66,5,86" hai2="111,133,58,44,128,89,93,102,6,103,120,134,47" hai3="119,74,69,76,37,28,41,68,79,125,23,77,92"/><W117/><G74/><T131/><D108/><U83/><E110/><V40/><F111/><W87/><G125/><T73/><D131/><U113/><E113/><V97/><F128/><W63/><G37/><T9/><D73/><U38/><E38/><V57/><F120/><W96/><G87/><T127/><D127/><U8/><E72/><V3/><F47/><W24/><G41/><T121/><D121/><U78/><E83/><V43/><F43/><W31/><G31/><T59/><D45/><U32/><E32/><V26/><F26/><W53/><G53/><T42/><D42/><U27/><E27/><V118/><F118/><W94/><G94/><N who="0" m="58487" /><D34/><U36/><E36/><V51/><F58/><W122/><G122/><T10/><D35/><U52/><E101/><V0/><F57/><W17/><G28/><N who="0" m="10859" /><D59/><N who="1" m="36959" /><E5/><V107/><F107/><W123/><G123/><T88/><D80/><U106/><E106/><V124/><F124/><W98/><G68/><T33/><D33/><U67/><E67/><V46/><F46/><AGARI ba="0,0" hai="7,8,14,46,48,52,65,66,78,82,86" m="36959" machi="46" ten="30,2000,0" yaku="8,1,54,1" doraHai="91" who="1" fromWho="2" sc="200,0,262,20,318,-20,220,0" /><INIT seed="4,0,0,2,5,77" ten="200,282,298,220" oya="0" hai0="15,100,51,29,120,130,101,135,43,19,7,20,122" hai1="55,118,0,60,63,110,10,46,28,50,86,117,24" hai2="53,92,21,127,109,71,91,112,108,99,80,111,52" hai3="134,105,94,17,96,62,59,13,132,85,31,56,74"/><T22/><D130/><U104/><E104/><V58/><F71/><W89/><G74/><T119/><D119/><U47/><E110/><V129/><F129/><W44/><G31/><T81/><D135/><N who="3" m="51753" /><G44/><N who="0" m="26015" /><D122/><U14/><E0/><V49/><F127/><W45/><G45/><T68/><D68/><U78/><E46/><V103/><F112/><W114/><G114/><T42/><D120/><U116/><E78/><V121/><F121/><W88/><G62/><T34/><D34/><U26/><E86/><V4/><F4/><W82/><G105/><T131/><D131/><U33/><REACH who="1" step="1"/><E26/><REACH who="1" ten="200,272,298,220" step="2"/><V125/><F111/><W76/><G76/><T97/><D97/><U1/><E1/><V48/><F109/><W25/><G25/><N who="0" m="16551" /><D42/><U37/><E37/><V35/><F99/><W3/><G3/><T39/><D39/><U30/><E30/><V40/><F40/><W9/><AGARI ba="0,1" hai="9,13,17,56,59,82,85,88,89,94,96" m="51753" machi="9" ten="30,4000,0" yaku="20,1,52,1,54,1" doraHai="77" who="3" fromWho="3" sc="200,-20,272,-10,298,-10,220,50" /><INIT seed="5,0,0,2,3,31" ten="180,262,288,270" oya="1" hai0="120,79,73,35,113,57,66,64,116,134,100,20,74" hai1="58,38,40,36,126,94,131,62,44,77,22,123,110" hai2="50,86,60,71,30,93,75,108,104,61,81,5,121" hai3="16,39,1,54,41,88,84,28,124,34,42,13,63"/><U119/><E123/><V14/><F121/><W18/><G1/><T106/><D120/><U105/><E105/><V67/><F108/><W130/><G39/><T15/><D113/><U11/><E119/><V92/><F104/><W96/><G130/><T98/><D134/><U72/><E131/><V26/><F75/><W65/><G124/><T25/><D116/><U47/><E126/><V83/><F50/><W122/><G122/><T91/><D73/><U109/><E94/><V59/><F81/><N who="3" m="49167" /><G34/><T111/><D111/><N who="1" m="42507" /><E22/><V46/><F46/><N who="1" m="17449" /><E11/><V56/><F71/><W27/><G65/><T32/><D15/><U128/><E128/><V133/><F14/><W107/><G107/><T10/><D10/><U87/><E87/><V132/><F5/><W103/><G28/><T0/><D0/><U4/><E4/><V90/><F133/><W7/><G7/><T51/><D91/><U125/><E125/><V9/><F9/><N who="3" m="6191" /><G96/><T78/><D74/><U24/><E24/><V8/><F8/><W68/><G68/><T118/><D118/><U33/><E33/><V129/><F129/><W29/><G29/><N who="0" m="17575" /><D32/><U117/><E117/><V45/><F132/><W115/><G115/><T6/><D6/><U114/><E114/><V48/><F26/><W21/><G103/><T127/><D127/><U85/><E72/><V37/><F30/><W53/><G53/><N who="0" m="31935" /><D35/><U55/><E40/><N who="2" m="24615" /><F37/><W89/><G89/><T102/><D102/><U52/><E55/><AGARI ba="0,0" hai="55,56,59,60,61,67,83,86,90,92,93" m="24615" machi="55" ten="30,1000,0" yaku="8,1" doraHai="31" who="2" fromWho="1" sc="180,0,262,-10,288,10,270,0" /><INIT seed="6,0,0,5,4,53" ten="180,252,298,270" oya="2" hai0="80,18,75,44,22,14,28,114,134,41,131,120,71" hai1="11,133,128,96,123,105,84,1,59,10,130,119,68" hai2="106,5,35,45,113,36,121,51,0,50,67,116,40" hai3="103,61,93,49,66,132,42,33,94,24,129,88,8"/><V26/><F116/><W55/><G129/><N who="1" m="49770" /><E119/><V126/><F121/><W23/><G132/><T12/><D131/><U108/><E68/><V37/><F106/><W100/><G33/><T13/><D120/><U52/><E108/><V81/><F67/><W104/><G42/><T99/><D134/><U117/><E133/><V62/><F62/><W111/><G104/><T79/><D114/><U6/><E117/><V76/><F113/><W110/><G93/><T30/><D71/><U15/><E84/><V25/><F37/><W125/><G125/><T70/><D99/><U16/><E105/><V32/><F126/><W77/><G77/><T34/><D70/><U43/><E43/><V58/><F35/><W101/><G8/><T107/><D107/><U97/><E123/><V20/><F32/><W54/><G49/><AGARI ba="0,0" hai="1,6,10,11,15,16,49,52,59,96,97" m="49770" machi="49" ten="30,7700,0" yaku="19,1,52,1,54,2" doraHai="53" who="1" fromWho="3" sc="180,0,252,77,298,0,270,-77" owari="180,-32.0,329,42.9,298,9.8,193,-20.7" /></mjloggm>