<mjloggm ver="2.3"><GO type="225" lobby="0"/><UN n0="%E5%B6%BA%E4%B8%8A%E5%92%B2" n1="%E6%81%AC%E6%B7%A1%E5%AF%82%E5%AF%9E" n2="%E3%83%96%E3%83%83%E3%83%91%E3%82%AA%E3%83%96%E3%83%81%E3%82%AD%E3%83%B3" n3="%E6%A1%9C%E8%8A%B1%E9%96%83%E3%80%85" dan="16,16,17,17" rate="2137.86,2134.09,2185.73,2176.91" sx="F,F,M,M"/><TAIKYOKU oya="0"/><INIT seed="0,0,0,1,1,53" ten="250,250,250,250" oya="0" hai0="67,89,49,18,87,106,28,72,83,79,132,105,41" hai1="52,86,10,22,64,29,56,21,51,97,99,50,123" hai2="91,34,100,36,23,121,25,20,133,119,125,58,40" hai3="128,77,69,78,7,12,16,59,111,88,43,33,92"/><T3/><D3/><U104/><E123/><V82/><F121/><W98/><G69/><T74/><D28/><U71/><E104/><V1/><F1/><W109/><G128/><T17/><D132/><U26/><E71/><V61/><F133/><W117/><G117/><T80/><D72/><U122/><E64/><V102/><F119/><W46/><G33/><T118/><D118/><U127/><E127/><V63/><F34/><W96/><G7/><T14/><D67/><U73/><E73/><V93/><F125/><W8/><G98/><N who="1" m="37386" /><E122/><V131/><F131/><W9/><G9/><T113/><D113/><U70/><E70/><V6/><F6/><W65/><G109/><T114/><D114/><U45/><E86/><N who="2" m="52471" /><F82/><W103/><G103/><N who="2" m="39465" /><F36/><W66/><G111/><T62/><D105/><U57/><E10/><V30/><F40/><W31/><G31/><T116/><D106/><U19/><E51/><V27/><F58/><W55/><G66/><T2/><D2/><U60/><E60/><V0/><F0/><W42/><G65/><T120/><D62/><U94/><E94/><V81/><F81/><W124/><G124/><T110/><D120/><U126/><E126/><V35/><F35/><W90/><G90/><T108/><D116/><U84/><E84/><V54/><F54/><W75/><G75/><T76/><D76/><N who="3" m="29289" /><G46/><N who="0" m="25807" /><D110/><U32/><E32/><V115/><F115/><W68/><G68/><T130/><D108/><U39/><E39/><V15/><F63/><AGARI ba="0,0" hai="8,12,16,42,43,55,59,63,88,92,96" m="29289" machi="63" ten="30,7700,0" yaku="8,1,52,1,54,2" doraHai="53" who="3" fromWho="2" sc="250,0,250,0,250,-77,250,77" /><INIT seed="1,0,0,3,4,6" ten="250,250,173,327" oya="1" hai0="120,130,105,112,84,119,49,17,66,126,39,106,46" hai1="55,124,100,53,90,88,134,109,65,116,23,107,93" hai2="5,110,32,47,72,44,13,9,2,45,41,18,54" hai3="64,99,20,121,3,24,26,78,122,33,103,29,0"/><U115/><E115/><V11/><F110/><W77/><G64/><T59/><D112/><U87/><E116/><V97/><F32/><W80/><G0/><T40/><D119/><U37/><E37/><V38/><F54/><W132/><G132/><T51/><D130/><U117/><E117/><V101/><REACH who="2" step="1"/><F72/><REACH who="2" ten="250,250,163,327" step="2"/><W75/><G75/><T79/><D120/><U133/><E109/><V56/><F56/><W83/><G33/><T76/><D59/><U73/><E73/><V131/><F131/><W94/><G122/><T25/><D66/><U1/><E134/><V114/><F114/><W135/><G121/><T58/><D58/><U82/><E133/><V108/><F108/><W52/><G135/><T125/><D125/><U69/><E124/><V86/><F86/><W35/><G52/><T74/><D126/><U22/><E55/><V98/><F98/><W68/><G35/><T85/><D74/><U42/><E53/><V111/><F111/><W92/><G99/><T28/><D84/><U104/><E65/><V81/><F81/><W7/><G83/><T31/><D85/><U123/><E123/><V14/><F14/><W36/><G80/><T63/><D63/><U4/><E82/><V60/><F60/><W43/><G3/><T95/><D79/><U96/><E96/><V34/><F34/><W15/><G15/><T91/><D76/><U62/><E1/><V89/><F89/><W71/><G78/><T21/><D91/><U127/><E90/><V16/><F16/><W12/><G77/><T67/><D67/><N who="1" m="41207" /><E127/><V102/><F102/><W129/><G129/><RYUUKYOKU ba="0,1" sc="250,-10,250,-10,163,30,327,-10" hai2="2,5,9,11,13,18,38,41,44,45,47,97,101" /><INIT seed="2,1,1,1,0,38" ten="240,240,193,317" oya="2" hai0="7,6,124,47,96,12,112,5,36,114,29,28,98" hai1="10,78,70,116,90,15,111,14,35,17,79,92,115" hai2="101,8,80,53,131,66,103,128,39,52,82,23,34" hai3="113,72,32,88,27,69,3,68,21,102,132,44,95"/><V97/><F34/><W2/><G32/><T37/><D124/><U31/><E70/><V42/><F66/><W22/><G72/><T122/><D12/><U50/><E115/><N who="0" m="44073" /><D47/><U118/><E111/><V57/><F23/><W24/><G132/><T135/><D135/><U126/><E126/><V54/><F57/><W43/><G102/><N who="2" m="38921" /><F97/><N who="0" m="37482" /><D122/><U60/><E35/><V67/><F67/><W64/><G113/><T51/><D51/><U89/><E50/><V0/><F8/><W65/><G44/><T133/><D133/><U49/><E10/><V120/><F0/><W71/><G71/><T105/><D105/><U110/><E110/><V91/><F120/><W125/><G125/><T77/><D77/><U85/><E31/><AGARI ba="1,1" hai="5,6,7,28,29,31,36,37" m="37482,44073" machi="31" ten="40,2600,0" yaku="28,2" doraHai="38" who="0" fromWho="1" sc="240,39,240,-29,193,0,317,0" /><INIT seed="3,0,0,1,0,19" ten="279,211,193,317" oya="3" hai0="133,91,124,33,130,67,113,3,82,26,120,71,97" hai1="22,80,44,112,1,99,98,34,58,59,27,109,36" hai2="41,60,8,64,20,106,12,93,95,43,70,117,10" hai3="96,46,77,74,118,18,135,78,52,108,126,119,65"/><W132/><G108/><T87/><D120/><U79/><E1/><V127/><F106/><W131/><G131/><T16/><D3/><U81/><E34/><V134/><F117/><W13/><G65/><T49/><D130/><U104/><E112/><V57/><F127/><W7/><G7/><T90/><D133/><N who="3" m="51273" /><G96/><N who="1" m="36906" /><E104/><V89/><F134/><W85/><G74/><T129/><D129/><U63/><E36/><V86/><F70/><W25/><G25/><T88/><D124/><U125/><E125/><V53/><F64/><W42/><G52/><T56/><D71/><U94/><E109/><V54/><F54/><W128/><G128/><T61/><D113/><U73/><E73/><V24/><F95/><W114/><G114/><T9/><D33/><U35/><E35/><V0/><F0/><W116/><G85/><T6/><D97/><U38/><E94/><V47/><F12/><W29/><G29/><T121/><D121/><U100/><E100/><V50/><F41/><W21/><G126/><T62/><D62/><U15/><E63/><V17/><AGARI ba="0,0" hai="8,10,17,20,24,43,47,50,53,57,60,86,89,93" machi="17" ten="20,5200,0" yaku="0,1,7,1,8,1,52,1" doraHai="19" who="2" fromWho="2" sc="279,-13,211,-13,193,52,317,-26" /><INIT seed="4,0,0,0,4,66" ten="266,198,245,291" oya="0" hai0="40,85,87,135,25,8,76,125,100,4,110,130,11" hai1="31,57,62,82,27,122,17,63,43,44,105,39,114" hai2="94,12,133,113,103,71,95,22,116,59,102,75,49" hai3="35,79,3,90,131,37,53,50,48,73,68,92,42"/><T64/><D130/><U55/><E122/><V23/><F75/><W91/><G68/><T132/><D125/><U121/><E121/><V111/><F111/><W72/><G35/><T47/><D110/><U16/><E105/><V88/><F113/><W120/><G120/><T134/><D100/><N who="2" m="38442" /><F71/><W54/><G3/><T26/><D64/><U2/><E2/><V115/><F115/><W106/><G106/><T28/><D4/><U86/><E63/><V65/><F133/><W70/><G70/><T6/><D6/><U78/><REACH who="1" step="1"/><E114/><REACH who="1" ten="266,188,245,291" step="2"/><V69/><F116/><W83/><G131/><T56/><D134/><U21/><AGARI ba="0,1" hai="16,17,21,27,31,39,43,44,55,57,62,78,82,86" machi="21" ten="20,8000,1" yaku="1,1,2,1,0,1,7,1,54,1,53,0" doraHai="66" doraHaiUra="99" who="1" fromWho="1" sc="266,-40,188,90,245,-20,291,-20" /><INIT seed="5,0,0,1,5,43" ten="226,278,225,271" oya="1" hai0="135,134,125,4,111,84,78,88,53,98,87,118,42" hai1="83,17,29,94,96,20,23,18,63,73,30,46,67" hai2="76,8,1,79,58,14,47,50,129,38,86,3,77" hai3="62,120,5,71,113,97,90,21,95,15,112,2,33"/><U56/><E73/><V37/><F129/><W117/><G120/><T85/><D111/><U130/><E83/><N who="2" m="47487" /><F38/><W36/><G33/><T51/><D125/><U11/><E11/><V9/><F37/><W100/><G36/><T70/><D70/><U45/><E130/><V106/><F106/><W72/><G72/><T24/><D118/><U59/><E59/><V107/><F107/><W6/><G117/><T133/><D4/><U13/><E30/><V108/><F108/><W64/><G2/><N who="2" m="521" /><F58/><W122/><G122/><T26/><D42/><U22/><E29/><V115/><F9/><W74/><G74/><T48/><D78/><U131/><E131/><V25/><F25/><N who="0" m="9834" /><D53/><U40/><E40/><N who="2" m="24935" /><F115/><N who="3" m="44107" /><G100/><T126/><D126/><U101/><E22/><V105/><F105/><W0/><G0/><T93/><AGARI ba="0,0" hai="48,51,84,85,87,88,93,98,133,134,135" m="9834" machi="93" ten="40,2700,0" yaku="20,1,54,1" doraHai="43" who="0" fromWho="0" sc="226,27,278,-13,225,-7,271,-7" /><INIT seed="6,0,0,2,4,0" ten="253,265,218,264" oya="2" hai0="62,18,56,78,92,17,119,43,22,52,23,73,39" hai1="74,59,71,118,29,11,3,98,33,12,30,42,49" hai2="45,131,9,21,51,129,133,68,28,37,24,134,25" hai3="94,35,132,101,4,96,50,80,88,10,110,123,113"/><V58/><F68/><W97/><G110/><T79/><D73/><U34/><E71/><V60/><F37/><W26/><G123/><T81/><D119/><U99/><E74/><V85/><F85/><W90/><G132/><T16/><D39/><U66/><E3/><V69/><F69/><W46/><G113/><T82/><D43/><U76/><E76/><N who="0" m="29225" /><D92/><U117/><E33/><V126/><F9/><W125/><G125/><T89/><D89/><U122/><E122/><V44/><F25/><W8/><G80/><AGARI ba="0,0" hai="16,17,18,22,23,52,56,62,80,81,82" m="29225" machi="80" ten="30,3900,0" yaku="8,1,54,2" doraHai="0" who="0" fromWho="3" sc="253,39,265,0,218,0,264,-39" /><INIT seed="7,0,0,5,3,112" ten="292,265,218,225" oya="3" hai0="119,89,28,78,51,92,128,66,104,69,90,120,93" hai1="7,124,68,103,71,67,9,35,36,86,125,118,3" hai2="121,15,99,116,32,129,43,77,106,101,123,61,40" hai3="6,105,62,47,44,42,18,110,4,70,19,79,108"/><W80/><G105/><T134/><D104/><U49/><E36/><V63/><F32/><W39/><G47/><T94/><D120/><N who="2" m="46154" /><F129/><W48/><G39/><T13/><D128/><U59/><E35/><V117/><F77/><W20/><G70/><T24/><D134/><U33/><E33/><V82/><F82/><W23/><G62/><N who="2" m="23561" /><F15/><N who="3" m="9311" /><G19/><T41/><D78/><U52/><E103/><V115/><F115/><W12/><G23/><T37/><D37/><U109/><E71/><V87/><F87/><N who="3" m="48543" /><G4/><T83/><D69/><U10/><E7/><V46/><F46/><W21/><G21/><T60/><D83/><U38/><E38/><V11/><F11/><AGARI ba="0,0" hai="6,11,12,42,44,48,108,110" m="48543,9311" machi="11" ten="30,1500,0" yaku="25,1" doraHai="112" who="3" fromWho="2" sc="292,0,265,0,218,-15,225,15" /><INIT seed="7,1,0,1,4,108" ten="292,265,203,240" oya="3" hai0="54,121,44,36,4,132,26,84,16,49,28,72,8" hai1="29,71,87,134,101,112,88,130,129,3,122,82,67" hai2="91,11,59,92,120,20,14,98,13,135,123,24,95" hai3="79,21,27,52,99,30,9,76,34,96,62,80,124"/><W35/><G124/><T23/><D72/><U65/><E3/><V117/><F117/><W46/><G9/><T104/><D104/><U106/><E122/><V89/><F135/><W118/><G118/><T70/><D70/><U68/><E134/><V75/><F75/><W127/><G127/><T133/><D36/><U110/><E110/><V93/><F93/><W12/><G35/><T114/><D114/><U115/><E29/><V66/><F11/><W111/><G111/><T131/><D131/><N who="1" m="50187" /><E68/><V7/><F7/><W1/><G1/><T55/><D121/><U0/><E0/><V102/><F123/><W125/><G125/><T10/><D4/><U107/><E107/><V109/><F120/><W83/><G12/><T40/><D28/><U73/><E73/><V63/><F109/><W116/><G34/><T85/><D132/><U6/><E6/><V56/><F56/><N who="3" m="35079" /><G46/><T50/><D133/><U31/><E71/><V77/><F77/><N who="3" m="29771" /><G116/><T15/><D8/><U25/><E112/><V41/><F41/><W81/><AGARI ba="1,0" hai="21,27,30,80,81,83,96,99" m="29771,35079" machi="81" ten="30,3000,0" yaku="8,1,54,1" doraHai="108" who="3" fromWho="3" sc="292,-11,265,-11,203,-11,240,33" /><INIT seed="7,2,0,3,0,127" ten="281,254,192,273" oya="3" hai0="21,42,104,119,116,46,64,110,103,105,1,69,129" hai1="61,114,14,76,26,57,17,68,101,128,63,97,67" hai2="118,120,75,11,96,83,121,27,7,100,109,82,13" hai3="108,60,86,135,12,74,117,115,81,107,32,33,56"/><W24/><G117/><T112/><D110/><U126/><E126/><V98/><F109/><W44/><G108/><T124/><D129/><U41/><E128/><V20/><F118/><W40/><G74/><T10/><D124/><U50/><E76/><V5/><F75/><W0/><G0/><T77/><D77/><U78/><E78/><V36/><F36/><W99/><G115/><T93/><D93/><U79/><E79/><V15/><F27/><W52/><G135/><T51/><D21/><U30/><E114/><V125/><F125/><W45/><G12/><T106/><D112/><U31/><E26/><V28/><F20/><W94/><G107/><T123/><D123/><U91/><E91/><V90/><F90/><N who="3" m="51535" /><G33/><T19/><D103/><U47/><E63/><V2/><F2/><W131/><G131/><T62/><D19/><U80/><E80/><V84/><F100/><N who="3" m="60535" /><G32/><T29/><D29/><U122/><E68/><V85/><REACH who="2" step="1"/><F28/><REACH who="2" ten="281,254,182,273" step="2"/><W89/><G24/><T4/><AGARI ba="2,1" hai="1,4,10,42,46,51,62,64,69,104,105,106,116,119" machi="4" ten="40,1500,0" yaku="0,1" doraHai="127" who="0" fromWho="0" sc="281,31,254,-6,182,-6,273,-9" owari="312,41.2,248,-15.2,176,-32.4,264,6.4" /></mjloggm>