<mjloggm ver="2.3"><GO type="225" lobby="0"/><UN n0="%70%68%65%6E%6F%6D%65" n1="%E5%8C%97%E6%AC%A7%E3%81%AE%E3%82%82%E3%81%93%E3%81%86" n2="%E7%99%BD%E5%80%89%E5%AF%9B%E4%B9%8B" n3="%E3%81%95%E3%81%8D%E3%81%9F%E3%81%BE%E6%9E%97%E6%AA%8E" dan="16,16,16,16" rate="2153.46,2159.18,2177.29,2097.04" sx="M,M,M,M"/><TAIKYOKU oya="0"/><INIT seed="0,0,0,4,1,56" ten="250,250,250,250" oya="0" hai0="97,51,130,20,58,5,11,2,30,45,44,49,69" hai1="96,108,84,95,1,35,76,40,27,118,24,98,126" hai2="71,132,81,15,109,21,110,103,93,128,111,60,80" hai3="50,89,47,46,41,114,13,10,28,91,112,94,129"/><T92/><D69/><U116/><E1/><V73/><F132/><W105/><G105/><T99/><D130/><U36/><E36/><V127/><F128/><W83/><G129/><T37/><D37/><U66/><E40/><V106/><F106/><W100/><G100/><T133/><D133/><U121/><E121/><V88/><F103/><W79/><G28/><T107/><D107/><U65/><E35/><V90/><F127/><W85/><G91/><N who="2" m="34857" /><F93/><W72/><REACH who="3" step="1"/><G47/><REACH who="3" ten="250,250,250,240" step="2"/><T59/><D92/><U115/><E95/><V122/><F122/><W64/><G64/><T18/><D30/><U102/><E66/><N who="2" m="41415" /><F73/><W67/><G67/><T25/><D97/><U17/><E65/><V113/><F113/><W38/><G38/><T34/><D99/><U82/><E98/><V75/><F75/><W68/><G68/><T42/><REACH who="0" step="1"/><D34/><REACH who="0" ten="240,250,250,240" step="2"/><U119/><E96/><V54/><F111/><W61/><G61/><T48/><D48/><U6/><E108/><V9/><F110/><W0/><G0/><T19/><D19/><AGARI ba="0,2" hai="10,13,19,41,46,50,72,79,83,85,89,94,112,114" machi="19" ten="30,2000,0" yaku="1,1,7,1,53,0" doraHai="56" doraHaiUra="33" who="3" fromWho="0" sc="240,-20,250,0,250,0,240,40" /><INIT seed="1,0,0,4,2,47" ten="220,250,250,280" oya="1" hai0="81,125,112,39,35,75,102,83,59,46,13,71,113" hai1="63,111,98,34,33,36,109,105,3,104,18,124,67" hai2="4,119,6,11,7,128,89,123,90,1,58,42,107" hai3="100,32,77,74,50,2,86,44,51,17,60,24,110"/><U95/><E124/><V55/><F107/><N who="1" m="41033" /><E18/><V129/><F119/><W118/><G74/><T56/><D71/><U25/><E3/><V103/><F103/><W54/><G2/><T65/><D125/><U57/><E25/><V116/><F42/><W10/><G100/><T23/><D35/><U85/><E85/><V48/><F123/><W91/><G110/><N who="1" m="41994" /><E36/><V37/><F37/><W114/><G114/><T26/><D13/><U43/><E43/><V96/><F116/><W22/><G32/><T99/><D112/><U30/><E30/><V134/><F134/><W130/><G130/><N who="2" m="50281" /><F96/><W101/><G101/><AGARI ba="0,0" hai="33,34,57,63,67,95,98,101" m="41994,41033" machi="101" ten="30,2900,0" yaku="14,1,10,1" doraHai="47" who="1" fromWho="3" sc="220,0,250,29,250,0,280,-29" /><INIT seed="1,1,0,2,1,73" ten="220,279,250,251" oya="1" hai0="117,61,51,128,66,78,29,119,72,27,112,90,52" hai1="115,129,127,76,133,96,124,104,49,30,11,64,62" hai2="17,38,10,100,42,118,67,84,45,81,57,85,50" hai3="26,12,36,77,103,105,7,44,111,37,35,33,92"/><U2/><E115/><V68/><F118/><W21/><G105/><T97/><D112/><U126/><E129/><V132/><F100/><W22/><G111/><T32/><D128/><U54/><E133/><V39/><F132/><W59/><G7/><T95/><D72/><U3/><E30/><V40/><F85/><W123/><G123/><T41/><D41/><U113/><E113/><V102/><F102/><W56/><G12/><T108/><D108/><U24/><E24/><V5/><F17/><W48/><G92/><T116/><D78/><U94/><E104/><V69/><F42/><W86/><G103/><T130/><D130/><U125/><E11/><V47/><F47/><W70/><G70/><T8/><D8/><U74/><E94/><V89/><F57/><W98/><G98/><T6/><D6/><U79/><E96/><V55/><F67/><W122/><G122/><T63/><REACH who="0" step="1"/><D66/><REACH who="0" ten="210,279,250,251" step="2"/><U13/><E74/><V91/><F40/><W20/><G37/><T71/><D71/><N who="1" m="42391" /><E127/><V18/><F68/><W0/><G36/><T14/><D14/><U16/><E2/><N who="2" m="311" /><F69/><W25/><G0/><T1/><D1/><U120/><E3/><V99/><F39/><W58/><G26/><T134/><D134/><U9/><E120/><V60/><F38/><W83/><REACH who="3" step="1"/><G25/><REACH who="3" ten="210,279,250,241" step="2"/><T43/><D43/><AGARI ba="1,2" hai="20,21,22,33,35,43,44,48,56,58,59,77,83,86" machi="43" ten="40,12000,2" yaku="1,1,2,1,52,1,53,3" doraHai="73" doraHaiUra="19" who="3" fromWho="0" sc="210,-123,279,0,250,0,241,143" /><INIT seed="2,0,0,5,3,112" ten="87,279,250,384" oya="2" hai0="44,30,133,46,59,22,128,60,48,134,102,63,49" hai1="31,3,33,57,0,123,16,69,99,80,135,126,83" hai2="77,92,95,86,37,40,19,6,21,23,54,17,111" hai3="91,64,132,71,129,26,45,43,98,47,101,67,53"/><V96/><F111/><W90/><G71/><T41/><D102/><U62/><E135/><V11/><F37/><W51/><G132/><N who="0" m="50795" /><D22/><U24/><E126/><V27/><F40/><W8/><G129/><T34/><D30/><U14/><E69/><V25/><F54/><W104/><G8/><T121/><D34/><U82/><E123/><V1/><F96/><W110/><G110/><T61/><D121/><U73/><E73/><V84/><F77/><W66/><REACH who="3" step="1"/><G26/><REACH who="3" ten="87,279,250,374" step="2"/><T100/><D128/><U7/><E7/><V12/><F1/><W124/><G124/><T89/><D100/><U113/><E113/><V15/><F15/><W32/><G32/><T28/><D28/><U93/><E0/><V55/><F12/><W118/><G118/><T70/><D89/><U106/><E3/><V117/><F11/><W125/><G125/><T107/><D107/><U2/><E106/><V35/><F35/><W29/><G29/><T65/><D70/><U58/><E2/><V50/><F117/><W85/><G85/><N who="2" m="32873" /><F6/><W42/><G42/><AGARI ba="0,1" hai="41,42,44,46,48,49,59,60,61,63,65" m="50795" machi="42" ten="30,3900,0" yaku="20,1,34,2" doraHai="112" who="0" fromWho="3" sc="87,49,279,0,250,0,374,-39" /><INIT seed="3,0,0,0,0,75" ten="136,279,250,335" oya="3" hai0="88,21,19,87,132,71,84,65,60,34,101,111,4" hai1="11,28,125,13,22,56,99,38,39,46,58,134,94" hai2="64,3,80,68,135,93,113,37,79,24,52,121,116" hai3="105,30,119,109,51,33,126,108,67,106,115,15,49"/><W77/><G115/><T8/><D111/><N who="3" m="42569" /><G126/><T123/><D132/><U112/><E38/><V61/><F3/><W31/><G119/><T36/><D36/><U27/><E112/><V54/><F37/><W17/><G67/><T100/><D34/><U96/><E125/><V86/><F113/><W55/><G77/><T98/><D123/><U0/><E0/><V53/><F116/><W57/><G49/><T72/><D72/><U95/><E46/><V25/><F135/><W74/><G74/><T91/><D98/><U9/><E39/><V50/><F121/><W14/><G14/><T104/><D104/><N who="3" m="40041" /><G33/><T122/><D122/><U42/><E13/><V107/><F107/><W118/><G118/><T97/><D97/><U16/><E96/><V85/><F50/><W6/><G6/><T131/><D131/><U47/><E99/><V69/><F69/><W7/><G7/><T103/><D87/><U66/><E66/><V2/><F2/><W10/><AGARI ba="0,0" hai="10,15,17,30,31,51,55,57" m="40041,42569" machi="10" ten="30,3000,0" yaku="14,1,10,1" doraHai="75" who="3" fromWho="3" sc="136,-10,279,-10,250,-10,335,30" owari="126,-37.4,269,6.9,240,-16.0,365,46.5" /></mjloggm>