<mjloggm ver="2.3"><GO type="225" lobby="0"/><UN n0="%E3%82%BC%E3%83%AB%E3%83%80%E3%81%AE%E4%BC%9D%E8%AA%AC" n1="%E6%A1%9C%E8%8A%B1%E9%96%83%E3%80%85" n2="%E5%B8%86%E7%AB%8B%E5%A4%8F%E8%A1%A3" n3="%E3%83%96%E3%83%83%E3%83%91%E3%82%AA%E3%83%96%E3%83%81%E3%82%AD%E3%83%B3" dan="17,17,17,17" rate="2129.49,2182.93,2184.02,2205.30" sx="M,M,M,M"/><TAIKYOKU oya="0"/><INIT seed="0,0,0,1,1,45" ten="250,250,250,250" oya="0" hai0="30,91,47,70,93,97,104,16,19,51,58,10,4" hai1="38,121,107,99,85,68,8,133,105,100,75,46,52" hai2="9,17,11,89,134,88,127,95,79,43,117,119,20" hai3="126,14,40,65,128,3,63,78,1,0,12,109,77"/><T116/><D70/><U125/><E121/><V98/><F79/><W84/><G109/><T61/><D116/><N who="2" m="44618" /><F134/><W114/><G114/><T32/><D104/><U24/><E75/><V44/><F89/><W103/><G128/><T135/><D135/><U15/><E133/><V76/><F76/><W71/><G126/><T69/><D69/><U113/><E125/><V108/><F108/><W53/><G40/><T57/><D30/><U48/><E113/><V26/><F127/><W129/><G129/><T22/><D32/><U34/><E68/><V28/><F28/><W59/><G103/><T81/><D81/><U27/><E38/><AGARI ba="0,0" hai="9,11,17,20,26,38,43,44,88,95,98" m="44618" machi="38" ten="30,2000,0" yaku="12,1,54,1" doraHai="45" who="2" fromWho="1" sc="250,0,250,-20,250,20,250,0" /><INIT seed="1,0,0,3,4,119" ten="250,230,270,250" oya="1" hai0="38,33,37,7,89,123,135,26,95,94,67,115,61" hai1="86,81,39,0,116,40,14,63,65,29,108,66,93" hai2="57,73,103,72,97,76,48,125,52,71,131,96,42" hai3="25,133,60,16,45,118,2,114,82,100,128,106,24"/><U129/><E116/><V15/><F125/><W120/><G114/><T51/><D115/><U36/><E0/><V54/><F131/><W107/><G118/><T43/><D135/><U113/><E113/><V1/><F1/><W88/><G128/><T35/><D7/><U30/><E129/><V19/><F71/><W47/><G133/><T23/><D51/><U85/><E108/><V28/><F28/><N who="1" m="10857" /><E39/><V79/><F42/><W6/><G120/><T18/><D123/><U8/><E36/><V11/><F97/><W98/><G106/><T77/><D77/><N who="1" m="46255" /><E63/><V17/><F17/><W49/><G60/><T117/><D117/><U132/><E40/><V84/><F54/><W50/><G2/><T22/><D38/><U70/><E70/><V55/><F55/><W58/><G107/><T31/><D43/><U3/><E3/><V134/><F134/><W46/><G50/><T80/><D37/><U9/><E132/><V126/><F126/><W41/><G49/><T110/><D110/><U127/><E127/><V121/><F121/><W102/><G41/><T104/><D104/><U4/><E8/><V87/><F73/><W68/><G68/><N who="0" m="42095" /><D33/><U34/><E34/><V111/><F111/><W56/><G100/><T69/><D35/><U12/><E12/><V101/><F101/><W44/><G102/><T99/><D69/><U78/><E78/><N who="2" m="29739" /><F72/><W13/><G13/><N who="0" m="9551" /><D80/><U91/><AGARI ba="0,0" hai="4,9,14,65,66,86,91,93" m="46255,10857" machi="91" ten="30,1500,0" yaku="8,1" doraHai="119" who="1" fromWho="1" sc="250,-5,230,15,270,-5,250,-5" /><INIT seed="1,1,0,4,2,117" ten="245,245,265,245" oya="1" hai0="63,46,8,62,9,73,133,128,101,23,25,53,135" hai1="57,24,98,83,116,31,79,15,126,20,3,40,85" hai2="64,93,113,92,5,61,65,90,84,4,115,80,86" hai3="56,121,99,36,104,67,66,127,111,26,34,134,44"/><U122/><E116/><V59/><F65/><W35/><G111/><T130/><D73/><U124/><E3/><V48/><F48/><W132/><G127/><N who="1" m="48682" /><E40/><V68/><F68/><W47/><G121/><T49/><D101/><U125/><N who="1" m="48690" /><U0/><DORA hai="96" /><E0/><V75/><F75/><W2/><G2/><T97/><D97/><U42/><E42/><V103/><F103/><W114/><G114/><N who="2" m="43529" /><F93/><W55/><G99/><T131/><D8/><U119/><E119/><V13/><F13/><W71/><G71/><T7/><D62/><U10/><E57/><V27/><F27/><W109/><G104/><T58/><D9/><U77/><E98/><V110/><F110/><W41/><G109/><T112/><D7/><N who="1" m="3551" /><E122/><V94/><F94/><W82/><G56/><T1/><D1/><U21/><E21/><V54/><F54/><W129/><G55/><N who="0" m="30135" /><D112/><U14/><E14/><V28/><F4/><W108/><G108/><T123/><D123/><U120/><E120/><V32/><F5/><W12/><G12/><T69/><D69/><U74/><E74/><V78/><F32/><W70/><G35/><T17/><AGARI ba="1,0" hai="17,23,25,53,58,63,128,130,131,133,135" m="30135" machi="17" ten="40,1500,0" yaku="19,1" doraHai="117,96" who="0" fromWho="0" sc="245,18,245,-8,265,-5,245,-5" /><INIT seed="2,0,0,3,1,41" ten="263,237,260,240" oya="2" hai0="92,90,91,70,15,135,65,54,84,130,104,13,132" hai1="23,69,3,22,71,2,87,74,25,76,123,48,96" hai2="111,46,102,115,119,118,83,64,29,30,52,62,86" hai3="47,1,36,73,4,116,10,20,9,14,37,43,58"/><V67/><F115/><W110/><G116/><T121/><D121/><U53/><E74/><V129/><F119/><W32/><G110/><T61/><D104/><U117/><E117/><V68/><F118/><W133/><G133/><N who="0" m="51275" /><D130/><U59/><E123/><V79/><F129/><W89/><G32/><T100/><D100/><U40/><E96/><V97/><F111/><W26/><G73/><T11/><D11/><U63/><E69/><V108/><F67/><W106/><G106/><T101/><D101/><U35/><E35/><V51/><F108/><W24/><G37/><T49/><D90/><U16/><E23/><V39/><F39/><W38/><G38/><T77/><D77/><U42/><E71/><V27/><F27/><W60/><G20/><T94/><D94/><AGARI ba="0,0" hai="29,30,46,51,52,62,64,68,79,83,86,94,97,102" machi="94" ten="30,5800,0" yaku="7,1,52,1,54,1" doraHai="41" who="2" fromWho="0" sc="263,-58,237,0,260,58,240,0" /><INIT seed="2,1,0,5,1,52" ten="205,237,318,240" oya="2" hai0="135,111,88,11,16,53,124,17,95,70,59,19,104" hai1="127,86,50,36,18,113,116,97,100,133,13,77,64" hai2="125,71,67,46,110,30,84,126,83,7,54,94,8" hai3="2,106,32,114,90,39,28,123,103,89,45,42,99"/><V132/><F132/><W40/><G123/><T34/><D104/><U15/><E36/><V65/><F71/><W96/><G114/><T128/><D70/><U105/><E113/><V112/><F94/><W63/><G2/><T12/><D34/><U109/><E116/><V20/><F110/><W134/><G134/><T58/><D135/><U62/><E133/><V87/><F87/><W49/><G99/><T5/><D111/><U3/><E3/><V41/><F54/><W0/><G0/><T61/><D124/><U73/><E127/><V26/><F112/><W81/><G81/><T23/><D59/><U78/><E109/><V85/><F85/><W72/><G72/><T48/><D128/><U66/><E73/><V47/><F47/><W121/><G121/><T75/><D75/><U44/><E13/><N who="2" m="5279" /><F126/><W27/><G42/><T55/><D55/><U29/><E86/><V131/><F131/><W38/><G38/><T6/><D6/><U43/><E66/><V14/><F14/><W101/><G39/><T74/><D74/><U10/><REACH who="1" step="1"/><E29/><REACH who="1" ten="205,227,318,240" step="2"/><V91/><F125/><W9/><G28/><T118/><D118/><U80/><E80/><V79/><F79/><W51/><G27/><N who="0" m="14823" /><D48/><AGARI ba="1,1" hai="20,26,30,41,46,48,65,67,83,84,91" m="5279" machi="48" ten="30,1500,0" yaku="8,1" doraHai="52" who="2" fromWho="0" sc="205,-18,227,0,318,28,240,0" /><INIT seed="2,2,0,1,1,92" ten="187,227,346,240" oya="2" hai0="86,13,88,78,47,46,30,104,5,85,120,123,41" hai1="24,126,37,95,71,57,122,4,131,39,103,52,42" hai2="62,19,101,109,8,59,118,134,27,64,18,49,72" hai3="111,79,87,25,7,67,16,53,2,76,115,36,1"/><V116/><F72/><W15/><G36/><T6/><D104/><U98/><E71/><V128/><F128/><W43/><G43/><T119/><D119/><U69/><E69/><V73/><F73/><W56/><G111/><T96/><D123/><U38/><E131/><V26/><F134/><W108/><G108/><T54/><D120/><U89/><E122/><V29/><F109/><W22/><G115/><T12/><D30/><U125/><E4/><N who="0" m="1641" /><D54/><U35/><E42/><V113/><F27/><W114/><G114/><T10/><D78/><N who="3" m="29737" /><G1/><T21/><D21/><U127/><E24/><V68/><F19/><W81/><G2/><T45/><D41/><U70/><E70/><V32/><F113/><W80/><G67/><T63/><D63/><N who="1" m="36263" /><E35/><V102/><F118/><W34/><G34/><T65/><D65/><U121/><E121/><V91/><F116/><W82/><G7/><N who="0" m="3167" /><D13/><U17/><E17/><V135/><F135/><W20/><G20/><T48/><D48/><U55/><E55/><V60/><F49/><N who="3" m="30767" /><G15/><T112/><D112/><U74/><E74/><V99/><F68/><W110/><G110/><T93/><AGARI ba="2,0" hai="45,46,47,85,86,88,93,96" m="3167,1641" machi="93" ten="30,4000,0" yaku="8,1,52,1,54,1" doraHai="92" who="0" fromWho="0" sc="187,46,227,-12,346,-22,240,-12" /><INIT seed="3,0,0,0,4,118" ten="233,215,324,228" oya="3" hai0="21,2,43,84,39,32,66,115,35,36,90,133,69" hai1="65,58,8,14,19,6,46,134,105,71,3,12,73" hai2="91,23,25,123,107,86,37,122,11,104,55,100,15" hai3="68,102,97,47,60,59,44,45,28,51,42,75,18"/><W95/><G75/><T132/><D2/><U98/><E71/><V125/><F125/><W17/><G68/><T128/><D128/><U103/><E134/><N who="0" m="51817" /><D115/><U5/><E73/><V135/><F55/><W99/><G28/><T40/><D21/><U22/><E46/><N who="3" m="18026" /><G97/><T129/><D129/><U41/><E41/><N who="0" m="15945" /><D66/><AGARI ba="0,0" hai="17,18,42,47,51,59,60,66,95,99,102" m="18026" machi="66" ten="30,1500,0" yaku="8,1" doraHai="118" who="3" fromWho="0" sc="233,-15,215,0,324,0,228,15" /><INIT seed="3,1,0,0,5,80" ten="218,215,324,243" oya="3" hai0="122,95,26,96,97,71,50,88,91,42,90,75,105" hai1="25,134,49,131,41,61,14,48,56,106,92,57,128" hai2="39,44,64,124,0,58,19,73,126,112,89,3,98" hai3="23,135,125,10,83,43,110,1,99,13,87,9,86"/><W55/><G135/><T16/><D122/><U46/><E106/><V117/><F112/><W104/><G125/><N who="2" m="48233" /><F73/><W85/><G110/><T6/><D71/><U72/><E134/><V53/><F117/><W108/><G108/><T31/><D75/><U47/><E72/><V20/><F64/><W120/><G120/><T36/><D36/><U107/><E107/><V68/><F68/><W66/><G66/><T114/><D114/><U62/><E14/><N who="2" m="9335" /><F89/><W15/><G1/><T77/><D77/><U127/><E127/><V101/><F44/><W12/><G83/><T109/><D6/><U74/><E74/><V28/><F28/><W115/><G115/><T93/><D105/><U79/><E79/><V63/><F39/><W69/><G69/><T111/><D90/><U76/><E76/><V119/><F119/><W100/><G43/><T102/><D102/><U45/><E92/><AGARI ba="1,0" hai="0,3,53,58,63,92,98,101" m="9335,48233" machi="92" ten="30,1000,0" yaku="18,1" doraHai="80" who="2" fromWho="1" sc="218,0,215,-13,324,13,243,0" owari="218,-18.2,202,-29.8,337,43.7,243,4.3" /></mjloggm>