<mjloggm ver="2.3"><GO type="225" lobby="0"/><UN n0="%E6%98%93%E5%88%A9%E8%96%A9%E4%BC%AF" n1="%43%68%65" n2="%72%65%6E%6B%75%6E" n3="%E5%A4%8F%E9%88%B4%E9%88%B4%E5%A4%8F" dan="17,16,17,16" rate="2184.87,2210.37,2231.27,2166.65" sx="F,M,M,F"/><TAIKYOKU oya="0"/><INIT seed="0,0,0,5,0,46" ten="250,250,250,250" oya="0" hai0="69,92,104,94,35,45,110,122,2,105,91,52,31" hai1="81,15,85,115,25,53,123,125,126,32,83,40,58" hai2="29,56,133,7,118,60,124,22,16,70,0,74,12" hai3="96,117,108,68,89,73,79,21,113,51,20,134,5"/><T24/><D69/><U26/><E123/><V39/><F39/><W33/><G113/><T11/><D122/><U102/><E115/><V77/><F133/><W100/><G33/><T38/><D38/><U48/><E32/><V80/><F124/><N who="1" m="47721" /><E83/><V132/><F132/><W103/><G117/><T75/><D75/><U98/><E15/><V87/><F118/><W86/><G68/><T3/><D94/><N who="1" m="58711" /><E40/><V4/><F70/><W127/><G73/><T101/><D101/><U120/><E120/><V41/><F41/><W19/><G103/><T116/><D116/><U36/><E36/><V72/><F29/><W135/><G100/><T82/><D82/><U47/><E58/><V49/><F0/><W10/><G127/><T17/><D3/><U71/><E71/><V84/><F74/><W90/><G134/><T109/><D92/><U9/><E9/><V93/><F72/><W111/><G10/><T57/><D91/><AGARI ba="0,0" hai="25,26,47,48,53,81,85,91" m="58711,47721" machi="91" ten="30,2000,0" yaku="18,1,52,1" doraHai="46" who="1" fromWho="0" sc="250,-20,250,20,250,0,250,0" /><INIT seed="1,0,0,3,5,50" ten="230,270,250,250" oya="1" hai0="53,113,85,28,9,91,96,16,22,40,116,95,51" hai1="14,133,73,106,23,118,68,4,130,6,59,10,109" hai2="83,99,126,131,46,123,100,2,45,43,82,117,75" hai3="39,63,110,86,94,76,1,125,88,19,127,72,64"/><U25/><E68/><V103/><F117/><W90/><G39/><T5/><D116/><U26/><E106/><V57/><F123/><W49/><G1/><T27/><D113/><U97/><E73/><V34/><F34/><W107/><G107/><T89/><D40/><U114/><E118/><V0/><F126/><N who="3" m="48139" /><G110/><T58/><D5/><U37/><E37/><V135/><F135/><W41/><G19/><T70/><D70/><U87/><E114/><V56/><F99/><W35/><G35/><T80/><REACH who="0" step="1"/><D9/><REACH who="0" ten="220,270,250,250" step="2"/><U120/><E6/><V121/><F43/><W129/><G41/><T7/><D7/><U44/><E4/><V93/><F121/><W78/><G129/><T32/><D32/><U98/><E10/><V36/><F36/><W105/><G105/><T31/><AGARI ba="0,1" hai="16,22,27,28,31,51,53,58,80,85,89,91,95,96" machi="31" ten="30,8000,1" yaku="1,1,0,1,8,1,52,1,54,1,53,0" doraHai="50" doraHaiUra="115" who="0" fromWho="0" sc="220,90,270,-40,250,-20,250,-20" /><INIT seed="2,0,0,4,0,58" ten="310,230,230,230" oya="2" hai0="52,81,123,120,100,9,113,7,94,64,122,19,87" hai1="36,121,127,119,65,63,2,114,27,39,107,24,89" hai2="128,88,0,111,49,99,98,129,31,86,110,134,133" hai3="66,80,90,130,76,78,38,13,34,135,28,32,42"/><V23/><F0/><W10/><G130/><N who="2" m="50281" /><F23/><W125/><G125/><T115/><D64/><U30/><E114/><V45/><F31/><W35/><G135/><N who="2" m="51721" /><F49/><W25/><G66/><T53/><D19/><U48/><E127/><V22/><F22/><W59/><G59/><T84/><D7/><U116/><E2/><V97/><F45/><W29/><G29/><T103/><D9/><U101/><E121/><V51/><F51/><W77/><G38/><T14/><D14/><U72/><E48/><V11/><F11/><W83/><G42/><T56/><D56/><U21/><E27/><V71/><F71/><W95/><G25/><T16/><D123/><U74/><E39/><V12/><F12/><W75/><G28/><T57/><D57/><U102/><E36/><V17/><F17/><W73/><G75/><T61/><D16/><U43/><E43/><V6/><F6/><W26/><G26/><T105/><D122/><U112/><E112/><V91/><F91/><W85/><REACH who="3" step="1"/><G73/><REACH who="3" ten="310,230,230,220" step="2"/><T68/><D120/><U47/><E74/><V108/><F108/><W20/><G20/><T79/><D115/><U5/><E72/><V70/><F70/><W60/><G60/><T15/><D61/><U93/><E63/><V46/><F46/><W54/><G54/><T124/><D53/><U109/><E47/><V117/><F117/><W41/><G41/><T40/><D40/><U106/><E65/><V33/><F33/><W67/><G67/><T62/><D68/><U1/><E119/><V126/><F126/><W104/><G104/><N who="1" m="39978" /><E116/><V8/><F8/><W18/><AGARI ba="0,1" hai="10,13,18,32,34,35,76,77,78,80,83,85,90,95" machi="18" ten="40,5200,0" yaku="1,1,5,1,0,1,53,0" doraHai="58" doraHaiUra="131" who="3" fromWho="3" sc="310,-13,230,-13,230,-26,220,62" /><INIT seed="3,0,0,0,3,26" ten="297,217,204,282" oya="3" hai0="115,84,29,42,57,52,69,132,44,135,121,20,34" hai1="11,90,133,97,23,9,37,33,102,70,71,78,127" hai2="25,65,6,80,7,98,51,95,94,43,40,38,91" hai3="134,119,99,83,16,54,81,105,58,15,50,122,68"/><W67/><G119/><T14/><D121/><U117/><E33/><V36/><F65/><W116/><G122/><T59/><D69/><U45/><E117/><V100/><F80/><W92/><G116/><T75/><D75/><U24/><E78/><V66/><F66/><W73/><G105/><T88/><D115/><U112/><E90/><V35/><F35/><W129/><G134/><N who="0" m="51243" /><D34/><U109/><E109/><V126/><F126/><W47/><G68/><T123/><D52/><U74/><E74/><V10/><F25/><W27/><G27/><N who="0" m="16615" /><D14/><U111/><E111/><V8/><F51/><N who="3" m="31071" /><G67/><T62/><D62/><U110/><E110/><V82/><F82/><W46/><G129/><T5/><D5/><N who="2" m="1546" /><F36/><W93/><G73/><T106/><D106/><U108/><E108/><V17/><F38/><W104/><G104/><T4/><D4/><U130/><E130/><V103/><F40/><N who="3" m="24903" /><G92/><N who="0" m="54279" /><D123/><U125/><E133/><V72/><F43/><W64/><G47/><T41/><D41/><N who="1" m="22703" /><E112/><V56/><F56/><W55/><G55/><T3/><D3/><U60/><E71/><V0/><F72/><W89/><G64/><T76/><D76/><U107/><E70/><V49/><F0/><W86/><G99/><T53/><D53/><U1/><E1/><V87/><F98/><W31/><G31/><T2/><D2/><U12/><E60/><V114/><F114/><W124/><G124/><N who="1" m="47690" /><E24/><V21/><F17/><AGARI ba="0,0" hai="9,11,12,17,23,97,102,107" m="47690,22703" machi="17" ten="30,1000,0" yaku="18,1" doraHai="26" who="1" fromWho="2" sc="297,0,217,10,204,-10,282,0" /><INIT seed="4,0,0,4,3,51" ten="297,227,194,282" oya="0" hai0="102,30,123,60,98,97,56,62,99,55,32,33,126" hai1="6,100,18,73,28,96,87,59,29,122,79,103,27" hai2="77,40,42,67,93,11,65,101,4,24,64,108,52" hai3="89,127,63,23,75,3,10,120,68,61,21,38,106"/><T124/><D123/><U66/><E122/><V105/><F105/><W44/><G106/><T20/><D102/><U72/><E6/><V22/><F77/><W39/><G39/><T14/><D62/><U113/><E113/><V85/><F108/><W104/><G104/><T110/><D110/><U34/><E29/><V12/><F101/><W36/><G36/><T5/><D30/><U130/><E130/><V15/><F15/><W131/><G63/><T1/><D1/><U50/><E103/><V35/><F35/><W41/><G127/><N who="0" m="48683" /><D20/><U116/><E116/><V53/><F85/><W107/><G107/><T135/><D135/><U80/><E96/><V13/><F13/><W7/><G89/><T119/><D119/><U70/><E100/><V133/><F93/><W31/><G31/><T9/><AGARI ba="0,0" hai="5,9,14,32,33,55,56,60,97,98,99" m="48683" machi="9" ten="40,3900,0" yaku="18,1,52,1" doraHai="51" who="0" fromWho="0" sc="297,39,227,-13,194,-13,282,-13" owari="336,43.6,214,-18.6,181,-31.9,269,6.9" /></mjloggm>