<mjloggm ver="2.3"><GO type="225" lobby="0"/><UN n0="%E4%BF%BA%E3%81%A8%E5%A6%96%E5%A4%A2" n1="%72%61%6B%33" n2="%E3%81%BD%E3%81%A1%E3%81%9F%E3%81%93%E3%82%84" n3="%E6%98%93%E5%88%A9%E8%96%A9%E4%BC%AF" dan="16,16,16,17" rate="2171.74,2118.84,2146.18,2231.53" sx="F,M,M,F"/><TAIKYOKU oya="0"/><INIT seed="0,0,0,4,5,105" ten="250,250,250,250" oya="0" hai0="25,43,53,2,81,24,76,77,21,18,41,70,11" hai1="93,52,74,134,35,47,29,98,124,117,82,8,87" hai2="33,7,34,6,12,78,64,121,27,54,16,96,20" hai3="3,39,90,116,131,83,37,23,38,13,10,69,128"/><T130/><D70/><U127/><E117/><V32/><F64/><W5/><G69/><T67/><D130/><U91/><E134/><V88/><F121/><W101/><G101/><T104/><D104/><U97/><E8/><V28/><F78/><W0/><G116/><T79/><D67/><U85/><E29/><V66/><F66/><W63/><G63/><T45/><D25/><U40/><E35/><N who="2" m="13387" /><F88/><W108/><G108/><T22/><D22/><U44/><E44/><V102/><F54/><W99/><G23/><T48/><D81/><U36/><E52/><V95/><F96/><W86/><REACH who="3" step="1"/><G99/><REACH who="3" ten="250,250,250,240" step="2"/><T72/><D21/><U112/><E98/><V46/><F102/><W111/><G111/><T59/><D72/><U61/><E61/><V118/><F118/><W9/><G9/><T65/><D11/><U62/><E62/><V19/><F34/><W49/><G49/><T68/><D68/><U80/><E74/><V100/><F100/><W17/><G17/><T135/><D18/><U94/><E112/><V31/><F19/><W106/><G106/><T75/><D75/><U84/><E124/><V89/><F16/><W119/><G119/><T56/><D48/><U122/><E127/><V92/><F20/><W125/><G125/><T26/><D26/><U133/><E97/><V123/><F27/><W57/><G57/><T113/><D24/><U55/><E133/><V126/><F126/><W58/><G58/><T71/><D135/><U109/><E109/><V129/><F28/><W115/><G115/><T107/><D113/><U4/><E36/><V1/><F31/><RYUUKYOKU ba="0,1" sc="250,-10,250,-10,250,-10,240,30" hai3="0,3,5,10,13,37,38,39,83,86,90,128,131" /><INIT seed="1,1,1,1,1,111" ten="240,240,240,270" oya="1" hai0="129,3,84,62,48,120,61,82,119,104,128,30,28" hai1="49,37,102,107,93,99,88,58,71,134,100,103,75" hai2="130,117,15,20,114,35,44,26,79,7,113,10,40" hai3="39,17,69,51,13,33,65,122,98,32,97,70,108"/><U73/><E71/><V131/><F79/><W116/><G39/><T67/><D119/><U76/><E37/><N who="2" m="21519" /><F35/><W63/><G122/><T6/><D104/><U24/><E134/><V38/><F38/><W77/><G108/><T41/><D120/><U14/><E24/><V95/><F95/><W31/><G70/><T110/><D110/><U90/><E14/><V43/><F43/><W60/><G60/><T126/><D126/><U18/><E18/><N who="2" m="12567" /><F117/><W1/><G1/><T5/><D41/><U78/><E49/><V80/><F80/><W72/><G116/><T115/><D48/><U127/><E58/><V4/><F7/><N who="0" m="2570" /><D3/><U74/><E127/><V34/><F34/><W8/><G51/><T11/><D11/><U55/><E55/><V66/><F66/><W29/><G33/><T52/><D52/><U16/><E16/><V59/><F59/><W45/><G45/><T46/><D46/><U135/><E135/><V23/><F23/><W121/><G121/><T54/><D54/><U106/><E90/><V57/><F57/><W123/><G123/><T133/><D133/><U124/><E124/><V0/><F0/><W9/><G9/><T36/><D36/><U42/><E42/><V109/><F109/><W86/><G72/><T91/><D62/><U56/><E56/><V12/><F12/><W47/><G47/><T83/><D61/><U19/><E19/><V132/><F132/><W22/><G32/><T50/><D67/><U85/><E106/><V96/><F96/><N who="3" m="36971" /><G22/><T53/><D53/><U87/><E107/><V25/><F25/><W81/><AGARI ba="1,1" hai="8,13,17,29,31,63,65,69,77,81,86" m="36971" machi="81" ten="30,1100,0" yaku="5,1" doraHai="111" who="3" fromWho="3" sc="240,-4,240,-6,240,-4,270,24" /><INIT seed="2,0,0,1,4,31" ten="236,234,236,294" oya="2" hai0="83,100,26,88,107,134,4,32,62,11,45,42,37" hai1="3,56,68,126,74,5,24,117,27,78,80,96,129" hai2="89,58,128,41,8,105,67,104,9,98,50,39,48" hai3="25,47,90,127,130,133,34,1,111,33,17,46,82"/><V52/><F128/><W85/><G1/><T76/><D134/><U91/><E68/><V108/><F39/><W86/><G133/><T2/><D107/><U59/><E117/><V120/><F120/><W66/><G130/><T102/><D62/><U101/><E129/><V70/><F108/><W132/><G132/><T99/><D99/><U55/><E126/><V61/><F104/><W19/><G127/><T106/><D106/><U109/><E109/><V115/><F115/><W125/><G66/><T18/><D18/><U16/><E56/><V54/><F41/><W40/><G47/><T118/><D118/><U121/><E121/><V7/><F7/><W23/><G125/><T63/><D63/><U103/><E3/><V15/><F15/><W113/><G113/><T112/><D112/><U79/><E79/><V38/><F38/><W72/><G72/><N who="0" m="43399" /><D88/><U71/><E71/><V93/><REACH who="2" step="1"/><F105/><REACH who="2" ten="236,234,226,294" step="2"/><W81/><G111/><T29/><AGARI ba="0,1" hai="2,4,11,26,29,32,37,42,45,100,102" m="43399" machi="29" ten="30,2000,0" yaku="25,1,52,1" doraHai="31" who="0" fromWho="0" sc="236,30,234,-5,226,-10,294,-5" /><INIT seed="3,0,0,2,1,4" ten="266,229,216,289" oya="3" hai0="33,64,106,37,59,34,51,60,122,97,129,105,80" hai1="111,39,76,77,24,17,27,11,38,50,36,99,86" hai2="121,133,87,134,6,44,40,31,0,98,48,95,18" hai3="12,26,71,67,125,10,19,85,119,135,65,15,35"/><W73/><G73/><T9/><D122/><U21/><E111/><V92/><F121/><W30/><G119/><T14/><D37/><U20/><E99/><V25/><F18/><W74/><G74/><T113/><D129/><U13/><E50/><V93/><F87/><W58/><G71/><T3/><D3/><U69/><E69/><V88/><F6/><W116/><G116/><T91/><D113/><U81/><E77/><V2/><F2/><W131/><G131/><T57/><D57/><U83/><E83/><V53/><F0/><W114/><G125/><T63/><D63/><U68/><E68/><V130/><F130/><W132/><G114/><T90/><D51/><U109/><E109/><V1/><F1/><W108/><G85/><T5/><D106/><U23/><AGARI ba="0,0" hai="11,13,17,20,21,23,24,27,36,38,39,76,81,86" machi="23" ten="40,2700,0" yaku="0,1,52,1" doraHai="4" who="1" fromWho="1" sc="266,-7,229,27,216,-7,289,-13" /><INIT seed="4,0,0,5,4,49" ten="259,256,209,276" oya="0" hai0="4,0,114,90,40,93,45,32,132,133,37,104,58" hai1="17,9,18,117,91,87,88,125,118,78,110,94,68" hai2="52,22,113,135,67,41,119,128,63,102,43,100,84" hai3="48,124,130,54,65,16,83,112,5,30,1,19,50"/><T64/><D104/><U61/><E110/><V56/><F113/><W2/><G30/><T115/><D32/><U126/><E78/><V36/><F128/><W27/><G65/><T59/><D4/><U66/><E91/><V26/><F135/><N who="0" m="51786" /><D0/><U23/><E9/><V122/><F122/><W6/><G124/><N who="1" m="47722" /><E17/><V127/><F127/><W85/><G112/><N who="0" m="43051" /><D64/><U28/><E28/><N who="2" m="17495" /><F36/><W51/><G2/><T107/><D107/><U120/><E120/><V11/><F119/><W13/><G1/><T121/><D121/><U60/><E60/><V111/><F111/><W73/><G73/><T47/><D90/><U8/><E8/><V98/><F11/><W131/><G27/><AGARI ba="0,0" hai="18,23,27,61,66,68,87,88,94,117,118" m="47722" machi="27" ten="30,2000,0" yaku="18,1,54,1" doraHai="49" who="1" fromWho="3" sc="259,0,256,20,209,0,276,-20" /><INIT seed="5,0,0,1,5,27" ten="259,276,209,256" oya="1" hai0="19,119,67,134,11,46,81,87,37,78,20,105,122" hai1="17,135,77,55,99,38,62,88,47,45,113,115,130" hai2="59,102,0,69,31,28,109,60,3,4,66,127,74" hai3="14,68,98,114,132,107,52,125,118,41,44,43,96"/><U18/><E130/><V51/><F109/><W40/><G68/><T94/><D119/><U82/><E135/><V89/><F74/><W100/><G114/><N who="1" m="43530" /><E17/><V15/><F127/><W112/><G112/><T9/><D105/><U121/><E121/><V39/><F39/><W2/><G2/><T76/><D134/><U110/><E18/><V57/><F102/><W84/><G132/><T128/><D128/><U25/><E25/><V10/><F0/><W103/><G118/><T75/><D122/><U116/><E110/><V48/><F3/><W36/><G84/><T35/><D35/><U49/><E62/><N who="2" m="38223" /><F69/><W95/><G125/><T101/><D67/><U29/><E29/><N who="2" m="11339" /><F89/><W80/><G80/><T56/><D81/><U72/><E116/><V65/><AGARI ba="0,0" hai="4,10,15,48,51,59,60,65" m="11339,38223" machi="65" ten="30,7900,0" yaku="8,1,52,3" doraHai="27" who="2" fromWho="2" sc="259,-20,276,-39,209,79,256,-20" /><INIT seed="6,0,0,5,3,64" ten="239,237,288,236" oya="2" hai0="108,79,50,123,76,100,34,84,92,89,74,73,91" hai1="98,56,101,38,86,94,105,3,29,117,78,107,62" hai2="120,32,109,52,121,115,118,111,47,16,119,71,25" hai3="70,37,127,12,14,77,21,83,61,24,104,49,9"/><V41/><F71/><W28/><G37/><T42/><D123/><N who="2" m="47178" /><F52/><W135/><G135/><T103/><D108/><N who="2" m="41546" /><F115/><W51/><G127/><T17/><D17/><U35/><E117/><V96/><F96/><W110/><G110/><T36/><D34/><U54/><E35/><V128/><F128/><W8/><G104/><T46/><D36/><U112/><E38/><N who="2" m="21943" /><F16/><N who="3" m="8199" /><G70/><T126/><D126/><U19/><E19/><V130/><F130/><W26/><G61/><T48/><D46/><U75/><E112/><V13/><F13/><W85/><G26/><T133/><D42/><U132/><E132/><V114/><F114/><W22/><G22/><T39/><D39/><U43/><E43/><V65/><F65/><W60/><G60/><T116/><D133/><U97/><E62/><V55/><F55/><W44/><G44/><T131/><D131/><U2/><E54/><V53/><F53/><W4/><AGARI ba="0,0" hai="4,9,14,21,24,28,49,51,77,83,85" m="8199" machi="4" ten="30,2000,0" yaku="8,1,54,1" doraHai="64" who="3" fromWho="3" sc="239,-5,237,-5,288,-10,236,20" /><INIT seed="7,0,0,4,2,23" ten="234,232,278,256" oya="3" hai0="123,2,27,114,57,9,109,85,98,94,122,83,73" hai1="0,52,102,15,38,48,135,132,6,90,108,36,62" hai2="74,31,42,32,3,13,100,84,96,125,86,128,61" hai3="26,121,40,106,101,77,117,80,87,120,58,71,10"/><W64/><G117/><T19/><D73/><U67/><E108/><V112/><F3/><W29/><G58/><T78/><D109/><U89/><E0/><V124/><F74/><W110/><G110/><T11/><D122/><U60/><E102/><V46/><F112/><W28/><G40/><T55/><D123/><U69/><E62/><V63/><F128/><W49/><G29/><T45/><D45/><U44/><E6/><V104/><F32/><N who="3" m="20503" /><G49/><N who="0" m="30959" /><D2/><U99/><E15/><V54/><F31/><W126/><G10/><T93/><D114/><U95/><REACH who="1" step="1"/><E90/><REACH who="1" ten="234,222,278,256" step="2"/><V30/><F13/><W103/><G103/><N who="0" m="60879" /><D94/><U59/><E59/><V88/><F100/><W35/><G121/><T53/><D53/><U82/><E82/><V107/><F54/><W70/><G101/><T39/><D39/><AGARI ba="0,1" hai="36,38,39,44,48,52,60,67,69,89,95,99,132,135" machi="39" ten="40,2600,0" yaku="1,1,54,1,53,0" doraHai="23" doraHaiUra="118" who="1" fromWho="0" sc="234,-26,222,36,278,0,256,0" owari="208,-29.2,258,5.8,278,37.8,256,-14.4" /></mjloggm>