<mjloggm ver="2.3"><GO type="225" lobby="0"/><UN n0="%E9%B7%B9%E5%80%89%E6%9D%8F%E9%88%B4" n1="%E9%A6%AC%E5%BC%95%E7%81%AB%33" n2="%E6%A1%9C%E8%8A%B1%E9%96%83%E3%80%85" n3="%E7%99%BD%E5%80%89%E5%AF%9B%E4%B9%8B" dan="16,16,16,16" rate="2145.17,2115.12,2113.16,2113.47" sx="F,M,M,M"/><TAIKYOKU oya="0"/><INIT seed="0,0,0,3,2,18" ten="250,250,250,250" oya="0" hai0="28,127,101,85,32,3,23,42,74,8,47,48,34" hai1="14,95,26,4,121,30,123,81,19,120,133,20,11" hai2="131,107,5,119,57,60,49,78,52,94,16,129,77" hai3="112,125,76,41,17,118,27,132,73,124,55,69,13"/><T114/><D74/><U96/><E81/><V62/><F107/><W102/><G69/><T108/><D114/><U59/><E59/><V135/><F5/><W12/><G112/><T87/><D101/><U115/><E115/><V71/><F135/><W25/><G102/><T44/><D127/><U97/><E95/><V54/><F119/><W66/><G66/><T40/><D108/><U111/><E111/><V84/><F71/><W91/><G41/><T45/><D3/><N who="1" m="415" /><E133/><V38/><F38/><W65/><G65/><T70/><D8/><U39/><E39/><V21/><F94/><W92/><G76/><N who="2" m="29289" /><F84/><W64/><G64/><T106/><D106/><U50/><E50/><N who="2" m="30871" /><F131/><W109/><G73/><T130/><D130/><U100/><E100/><V61/><F129/><W90/><G109/><T15/><D70/><U105/><E105/><V9/><F9/><W2/><G92/><T22/><D47/><U56/><E56/><N who="2" m="32847" /><F62/><W126/><G132/><T58/><D58/><U83/><E83/><V24/><AGARI ba="0,0" hai="16,21,24,60,61" m="32847,30871,29289" machi="24" ten="30,7900,0" yaku="8,1,52,1,54,2" doraHai="18" who="2" fromWho="2" sc="250,-39,250,-20,250,79,250,-20" /><INIT seed="1,0,0,4,1,80" ten="211,230,329,230" oya="1" hai0="51,19,79,115,109,35,110,116,123,16,130,86,24" hai1="9,10,114,4,38,77,90,99,45,102,132,55,56" hai2="31,15,60,62,21,106,49,82,48,29,98,94,53" hai3="134,32,118,57,8,7,97,126,68,113,27,30,42"/><U17/><E114/><V131/><F106/><W69/><G113/><T0/><D115/><U75/><E132/><V135/><F131/><W50/><G134/><T121/><D116/><U6/><E90/><N who="2" m="55639" /><F135/><W41/><G118/><T39/><D39/><U72/><E17/><N who="0" m="6729" /><D51/><N who="2" m="19530" /><F15/><W93/><G126/><T40/><D40/><U124/><E124/><V33/><F33/><W65/><G42/><T22/><D35/><U43/><E77/><V20/><F82/><W66/><G66/><T125/><D125/><U78/><E78/><V46/><F46/><W25/><G25/><T74/><D74/><U122/><E122/><N who="0" m="46601" /><D0/><U52/><E55/><V85/><F85/><W84/><G84/><T83/><D130/><U1/><E52/><V44/><F44/><W36/><G36/><T63/><D63/><N who="2" m="24106" /><F53/><W58/><G65/><T76/><D76/><U54/><E54/><V47/><F47/><W71/><G41/><T91/><D79/><U89/><E56/><V11/><F11/><W61/><G50/><T64/><D64/><U117/><E117/><V96/><F96/><W59/><G61/><T67/><D67/><U81/><E81/><V129/><F129/><W101/><REACH who="3" step="1"/><G59/><REACH who="3" ten="211,230,329,220" step="2"/><T2/><D2/><AGARI ba="0,1" hai="2,7,8,27,30,32,57,58,68,69,71,93,97,101" machi="2" ten="40,2600,0" yaku="1,1,2,1,53,0" doraHai="80" doraHaiUra="14" who="3" fromWho="0" sc="211,-26,230,0,329,0,220,36" /><INIT seed="2,0,0,2,0,125" ten="185,230,329,256" oya="2" hai0="106,27,74,2,56,58,1,13,7,91,123,81,92" hai1="23,71,87,6,30,97,93,90,53,43,129,52,17" hai2="39,34,100,122,16,4,131,102,29,104,117,84,79" hai3="66,47,55,77,46,95,111,28,115,41,98,59,107"/><V37/><F117/><W70/><G107/><T33/><D106/><U20/><E71/><V36/><F122/><W75/><G111/><T57/><D123/><U105/><E43/><V76/><F4/><W134/><G134/><T48/><D48/><U22/><E6/><V65/><F65/><W8/><G115/><T124/><D124/><U94/><E105/><V62/><F62/><W61/><G28/><T101/><D101/><U69/><E69/><V73/><F84/><W108/><G108/><T83/><D13/><U88/><E30/><V112/><F16/><W96/><G8/><T15/><D33/><U21/><E129/><V119/><F119/><W19/><G19/><T89/><D27/><AGARI ba="0,0" hai="17,20,21,22,23,27,52,53,87,88,90,93,94,97" machi="27" ten="40,5200,0" yaku="8,1,54,2" doraHai="125" who="1" fromWho="0" sc="185,-52,230,52,329,0,256,0" /><INIT seed="3,0,0,4,3,96" ten="133,282,329,256" oya="3" hai0="12,48,110,124,81,53,121,15,65,113,24,2,49" hai1="51,25,72,66,86,132,54,85,9,17,80,111,134" hai2="108,27,40,64,77,109,42,59,79,135,0,58,68" hai3="114,10,128,90,78,126,26,38,57,31,123,52,88"/><W99/><G38/><T129/><D81/><U106/><E111/><V84/><F0/><W73/><G114/><T89/><D110/><N who="2" m="42602" /><F135/><N who="1" m="51753" /><E106/><V46/><F27/><W18/><G123/><T6/><D24/><U55/><E66/><V130/><F130/><W1/><G128/><T75/><D65/><U117/><E117/><V19/><F19/><W20/><G126/><T131/><D129/><U69/><E69/><V133/><F133/><W91/><G73/><T97/><D131/><U104/><E104/><V116/><F116/><W127/><G127/><T92/><D75/><U115/><E115/><V103/><F103/><W22/><G78/><N who="2" m="29705" /><F84/><W45/><G45/><T29/><D89/><U94/><E55/><V105/><F105/><W82/><G1/><T120/><D49/><U83/><E51/><N who="2" m="27079" /><F42/><W36/><G10/><T63/><D15/><U13/><E9/><V33/><F33/><W87/><G36/><T125/><D92/><U122/><E83/><V67/><F67/><W62/><G99/><T11/><D11/><U34/><E34/><V56/><F56/><W23/><G23/><T112/><D97/><U8/><E122/><V5/><F5/><W98/><G98/><T21/><D21/><U44/><E44/><V41/><F41/><W76/><G76/><T37/><D48/><U93/><E72/><V107/><F107/><W60/><G60/><AGARI ba="0,0" hai="58,59,60,64,68" m="27079,29705,42602" machi="60" ten="30,1000,0" yaku="14,1" doraHai="96" who="2" fromWho="3" sc="133,0,282,0,329,10,256,-10" owari="133,-36.7,282,8.2,339,43.9,246,-15.4" /></mjloggm>