<mjloggm ver="2.3"><GO type="225" lobby="0"/><UN n0="%33%74%72%65%65" n1="%E3%82%8A%E3%81%93%E3%82%8A%E3%82%93%E3%81%94" n2="%E3%83%81%E3%83%83%E3%82%BF%E3%82%BD%E3%83%BC" n3="%E3%83%81%E3%83%AF%E3%83%AF%E9%9A%8A%E9%95%B7" dan="16,17,16,16" rate="2173.93,2220.37,2179.66,2094.37" sx="F,M,F,M"/><TAIKYOKU oya="0"/><INIT seed="0,0,0,5,3,124" ten="250,250,250,250" oya="0" hai0="35,17,70,49,103,39,94,60,4,95,52,126,10" hai1="57,3,125,86,85,110,64,69,128,50,65,25,53" hai2="11,1,41,87,104,119,96,34,98,67,23,84,30" hai3="46,71,62,130,92,91,59,122,45,83,116,31,8"/><T27/><D39/><U93/><E3/><V63/><F119/><W81/><G116/><T18/><D126/><U28/><E125/><V33/><F23/><W78/><G71/><T55/><D35/><U42/><E110/><V5/><F41/><W61/><G122/><T115/><D115/><U99/><E42/><V135/><F96/><W13/><G31/><T73/><D73/><U106/><E106/><V101/><F34/><W121/><G121/><T21/><D18/><U14/><E14/><V6/><F6/><W105/><G105/><T66/><D103/><U19/><E19/><V29/><F29/><W15/><G130/><T58/><REACH who="0" step="1"/><D55/><REACH who="0" ten="240,250,250,250" step="2"/><U134/><E53/><V109/><F109/><W108/><G108/><T36/><D36/><U24/><E128/><V118/><F118/><W56/><G78/><T131/><D131/><U9/><E28/><V127/><F127/><W123/><G123/><T7/><D7/><U16/><E16/><V88/><F33/><W77/><G77/><T113/><D113/><U54/><E54/><V75/><F75/><W40/><G40/><T20/><D20/><U47/><E9/><V102/><F30/><W12/><G8/><T90/><D90/><U132/><E132/><V43/><F102/><W72/><G91/><T2/><AGARI ba="0,1" hai="2,4,10,17,21,27,49,52,58,60,66,70,94,95" machi="2" ten="20,7800,0" yaku="1,1,0,1,7,1,54,1,53,0" doraHai="124" doraHaiUra="97" who="0" fromWho="0" sc="240,88,250,-26,250,-26,250,-26" /><INIT seed="0,1,0,5,4,28" ten="328,224,224,224" oya="0" hai0="19,134,17,113,56,70,64,108,58,85,14,33,59" hai1="35,54,3,126,13,125,60,103,15,62,114,92,61" hai2="21,116,77,7,72,30,63,24,122,38,46,5,93" hai3="89,84,4,39,97,25,96,26,133,128,135,104,124"/><T34/><D113/><U45/><E3/><V101/><F122/><W82/><G39/><T107/><D134/><N who="3" m="51209" /><G128/><T79/><D107/><U41/><E114/><V12/><F116/><W9/><G124/><N who="1" m="47722" /><E35/><V81/><F12/><N who="3" m="5159" /><G97/><T8/><D108/><U73/><E73/><V23/><F21/><W76/><G76/><T95/><D79/><U66/><E54/><V102/><F63/><N who="1" m="24137" /><E92/><V130/><F130/><W51/><G51/><T117/><D117/><U11/><E11/><V111/><F111/><W22/><G22/><T31/><D8/><U68/><E103/><AGARI ba="1,0" hai="25,26,82,84,89,96,103,104" m="5159,51209" machi="103" ten="30,1000,0" yaku="20,1" doraHai="28" who="3" fromWho="1" sc="328,0,224,-13,224,0,224,13" /><INIT seed="1,0,0,1,5,53" ten="328,211,224,237" oya="1" hai0="28,7,72,48,132,81,119,38,11,23,114,37,4" hai1="110,52,56,67,111,61,26,14,5,13,29,97,96" hai2="9,49,127,39,77,125,73,79,8,6,94,103,118" hai3="76,60,3,121,33,70,20,83,58,45,62,88,75"/><U106/><E67/><V87/><F39/><W17/><G121/><T82/><D119/><U95/><E106/><V100/><F118/><W99/><G33/><T90/><D114/><U135/><E135/><V44/><F73/><W65/><G3/><T89/><D48/><U86/><E86/><V43/><F9/><W130/><G130/><T32/><D23/><N who="1" m="15583" /><E5/><V46/><F44/><W36/><G36/><T66/><D66/><U115/><E96/><V102/><F94/><W50/><G62/><T51/><D4/><U63/><E63/><V105/><F105/><W133/><G133/><T24/><D38/><U129/><E129/><V19/><F19/><W59/><G99/><T84/><D37/><U47/><E47/><V80/><REACH who="2" step="1"/><F77/><REACH who="2" ten="328,211,214,237" step="2"/><W122/><G122/><T101/><D72/><U69/><E115/><V16/><F16/><W126/><G17/><T10/><D132/><U134/><E134/><V74/><F74/><W108/><G75/><T120/><D120/><U27/><E95/><V34/><F34/><W107/><G76/><T18/><D32/><U92/><E92/><V64/><F64/><W93/><G65/><T123/><D123/><U116/><E116/><V1/><AGARI ba="0,1" hai="1,6,8,43,46,49,79,80,87,100,102,103,125,127" machi="1" ten="30,2000,0" yaku="1,1,0,1,53,0" doraHai="53" doraHaiUra="25" who="2" fromWho="2" sc="328,-5,211,-10,214,30,237,-5" /><INIT seed="2,0,0,5,2,66" ten="323,201,244,232" oya="2" hai0="54,88,5,97,128,1,9,46,129,24,34,87,96" hai1="13,130,121,10,120,83,85,56,23,79,39,42,98" hai2="72,37,40,76,108,117,113,61,26,110,84,32,12" hai3="101,38,134,33,30,48,100,15,135,95,77,45,14"/><V11/><F113/><W125/><G38/><T102/><D46/><U105/><E130/><N who="0" m="50281" /><D54/><U59/><E23/><V8/><F117/><W81/><G125/><T60/><D60/><U90/><E39/><V63/><F72/><W2/><G2/><T132/><D132/><N who="3" m="50729" /><G33/><T27/><D34/><U73/><E42/><V104/><F104/><W103/><G30/><T4/><D4/><U49/><E105/><V74/><F74/><N who="3" m="43191" /><G95/><N who="0" m="58655" /><D97/><U35/><E98/><V94/><F40/><AGARI ba="0,0" hai="14,15,40,45,48,100,101,103" m="43191,50729" machi="40" ten="30,1000,0" yaku="20,1" doraHai="66" who="3" fromWho="2" sc="323,0,201,0,244,-10,232,10" /><INIT seed="3,0,0,5,1,108" ten="323,201,234,242" oya="3" hai0="62,73,124,106,72,13,3,31,69,17,122,127,105" hai1="133,107,22,119,14,131,25,33,42,65,12,120,9" hai2="125,102,130,48,47,53,113,38,28,23,134,41,101" hai3="132,92,1,2,103,55,19,89,109,26,96,44,6"/><W8/><G109/><T85/><D3/><U68/><E107/><N who="0" m="40969" /><D31/><U75/><E75/><V78/><F113/><W63/><G132/><T84/><D122/><U45/><E120/><V37/><F134/><W11/><G103/><T52/><D85/><U16/><E133/><V118/><F118/><W29/><G19/><T70/><D84/><U54/><E131/><V135/><F135/><W66/><G44/><T18/><D52/><U39/><E119/><V100/><F125/><N who="0" m="48202" /><D18/><U61/><E33/><V115/><F130/><W49/><G55/><T86/><D86/><U58/><REACH who="1" step="1"/><E9/><REACH who="1" ten="323,191,234,242" step="2"/><V71/><F78/><W15/><G8/><T121/><D73/><U46/><E46/><V51/><F47/><W79/><G11/><T67/><D72/><U20/><E20/><V110/><F23/><W50/><G1/><T80/><D121/><U91/><E91/><V104/><F104/><W27/><G89/><T128/><D128/><U81/><E81/><V40/><F100/><W88/><G2/><T0/><D80/><U74/><E74/><V56/><F101/><W77/><G88/><T98/><D0/><U82/><E82/><V95/><F102/><W7/><G77/><T36/><D36/><U30/><E30/><V76/><F28/><W21/><G29/><T111/><D111/><U35/><E35/><V117/><F38/><W90/><G79/><T94/><D94/><U32/><E32/><V114/><F110/><W43/><G92/><T83/><D83/><U87/><E87/><V99/><F37/><W10/><G90/><T34/><D34/><U59/><E59/><RYUUKYOKU ba="0,1" sc="323,-10,191,30,234,-10,242,-10" hai1="12,14,16,22,25,39,42,45,54,58,61,65,68" owari="323,42.3,221,-27.9,224,-17.6,232,3.2" /></mjloggm>