<mjloggm ver="2.3"><GO type="225" lobby="0"/><UN n0="%E9%B4%A8%4E%45%47%49" n1="%E3%81%8B%E3%82%8F%E3%81%A1%E3%82%83%E3%82%93%35%38" n2="%E6%B8%A9%E2%98%85%E6%83%85%E2%98%85%E6%8E%AA%E2%98%85%E7%BD%AE" n3="%E5%AF%82%E5%AF%9E%E3%82%AE%E3%83%8D%E3%82%B9%E3%83%93%E3%83%BC%E3%83%AB" dan="16,16,17,16" rate="2085.42,2138.55,2195.73,2172.10" sx="M,M,M,M"/><TAIKYOKU oya="0"/><INIT seed="0,0,0,0,2,22" ten="250,250,250,250" oya="0" hai0="75,129,80,52,3,79,5,97,86,48,106,108,123" hai1="130,0,71,100,109,32,36,76,114,8,59,17,90" hai2="102,37,49,40,101,57,119,16,96,46,1,45,41" hai3="64,28,103,12,72,111,13,77,126,60,29,121,44"/><T73/><D123/><U7/><E71/><V61/><F1/><W110/><G121/><T105/><D129/><U122/><E36/><V116/><F16/><W15/><G126/><T82/><D108/><N who="3" m="41513" /><G103/><T135/><D135/><U69/><E69/><V120/><F120/><W87/><G72/><T65/><D65/><U125/><E100/><V107/><REACH who="2" step="1"/><F102/><REACH who="2" ten="250,250,240,250" step="2"/><W84/><G29/><T53/><D97/><U81/><E17/><V10/><F10/><W26/><G15/><T83/><D5/><U42/><E7/><V93/><F93/><W91/><G13/><T24/><D3/><U20/><E0/><V6/><F6/><W23/><G12/><T19/><D82/><U18/><E81/><V11/><F11/><W85/><G77/><T67/><D83/><U89/><E76/><V124/><F124/><W113/><G28/><T132/><D79/><U88/><E125/><V133/><F133/><W134/><G134/><T95/><D80/><U104/><E109/><V127/><F127/><W63/><G91/><T99/><D132/><U94/><E122/><V39/><F39/><W9/><G9/><T70/><D75/><U21/><E8/><V4/><F4/><W38/><G38/><T54/><D73/><U31/><E18/><V112/><F112/><W56/><G113/><T118/><D19/><U2/><E114/><V43/><F43/><W35/><G87/><T128/><D86/><U78/><E78/><V30/><F30/><W47/><G85/><T131/><D128/><U66/><E31/><V33/><F33/><W25/><G35/><T58/><D131/><RYUUKYOKU ba="0,1" sc="250,-10,250,-10,240,30,250,-10" hai2="37,40,41,45,46,49,57,61,96,101,107,116,119" /><INIT seed="1,1,1,1,2,135" ten="240,240,270,240" oya="1" hai0="84,80,110,43,132,108,134,131,103,4,23,53,116" hai1="106,75,77,70,62,129,20,49,73,10,55,32,0" hai2="100,105,9,18,51,92,90,14,34,11,16,133,22" hai3="30,36,59,13,109,130,82,69,60,48,114,5,12"/><U112/><E112/><V117/><F117/><W88/><G114/><T67/><D116/><U57/><E32/><V74/><F34/><W28/><G36/><T58/><D43/><U81/><E106/><V25/><F74/><W2/><G2/><T15/><D67/><U91/><E129/><V102/><F105/><W26/><G130/><T37/><D37/><U1/><E75/><V33/><F33/><W17/><G69/><T85/><D103/><U24/><E10/><V38/><F38/><W19/><G48/><N who="0" m="31015" /><D131/><U127/><E91/><V40/><F9/><N who="3" m="4143" /><G109/><N who="0" m="42091" /><D4/><U111/><E111/><V121/><F133/><N who="0" m="51306" /><D80/><U93/><E93/><V45/><REACH who="2" step="1"/><F121/><REACH who="2" ten="240,240,260,240" step="2"/><W101/><G101/><T71/><D71/><U115/><E115/><V35/><F35/><W7/><G7/><T27/><D15/><U52/><E70/><V89/><F89/><W119/><G13/><T107/><D107/><U124/><E0/><V61/><F61/><W6/><G6/><T99/><D99/><AGARI ba="1,2" hai="11,14,16,18,22,25,40,45,51,90,92,99,100,102" machi="99" ten="30,8000,1" yaku="1,1,7,1,8,1,54,1,53,1" doraHai="135" doraHaiUra="44" who="2" fromWho="0" sc="240,-83,240,0,260,103,240,0" /><INIT seed="2,0,0,4,3,84" ten="157,240,363,240" oya="2" hai0="75,130,80,10,21,9,35,126,69,3,0,79,57" hai1="114,43,32,106,91,4,14,77,98,85,110,105,107" hai2="49,101,65,28,12,76,1,64,58,34,119,23,68" hai3="48,128,55,121,39,99,131,63,86,92,72,8,104"/><V22/><F119/><W59/><G39/><T54/><D69/><U135/><E32/><V20/><F1/><W134/><G72/><T112/><D112/><U123/><E43/><V30/><F34/><W113/><G121/><T15/><D130/><U132/><E4/><V83/><F101/><W11/><G113/><T127/><D35/><U27/><E114/><V17/><F68/><W45/><G86/><T50/><D21/><U93/><E14/><V16/><F49/><W74/><G74/><T37/><D37/><U61/><E27/><V88/><F76/><W87/><G87/><T89/><D10/><U29/><E29/><N who="2" m="11371" /><F58/><W52/><G104/><N who="1" m="40042" /><E61/><V53/><F53/><W81/><G81/><T73/><D73/><U18/><E18/><N who="2" m="7275" /><F12/><W129/><REACH who="3" step="1"/><G134/><REACH who="3" ten="157,240,363,230" step="2"/><N who="1" m="51242" /><E123/><V5/><F5/><W95/><G95/><T60/><D3/><U66/><E107/><V122/><F122/><W42/><G42/><T19/><D0/><U13/><E77/><V82/><F82/><W116/><G116/><T7/><D7/><U36/><E36/><V31/><F31/><W44/><G44/><T102/><D50/><U133/><E133/><V40/><F40/><W2/><G2/><T124/><REACH who="0" step="1"/><D102/><AGARI ba="0,1" hai="8,11,45,48,52,55,59,63,92,99,102,128,129,131" machi="102" ten="40,8000,1" yaku="1,1,19,1,54,1,53,1" doraHai="84" doraHaiUra="94" who="3" fromWho="0" sc="157,-80,240,0,363,0,230,90" /><INIT seed="3,0,0,4,1,98" ten="77,240,363,320" oya="3" hai0="121,59,11,99,133,3,91,60,115,19,107,33,54" hai1="4,84,125,28,56,87,114,126,134,14,49,48,90" hai2="123,35,85,96,38,89,130,10,52,30,25,70,76" hai3="6,8,108,15,16,131,17,2,101,118,36,64,72"/><W34/><G118/><T106/><D33/><U124/><E114/><V27/><F38/><W62/><G72/><T29/><D29/><U111/><E111/><V116/><F116/><W41/><G108/><T68/><D68/><U86/><E134/><V31/><F70/><W65/><G34/><T24/><D24/><N who="2" m="9290" /><F35/><W82/><G131/><T5/><D133/><U77/><E28/><V97/><F76/><W122/><G122/><T69/><D115/><U0/><E0/><V103/><F130/><W57/><G101/><T81/><D121/><U95/><E77/><V53/><F123/><W119/><G119/><T61/><D19/><U73/><E73/><V80/><F97/><W66/><G82/><T92/><D81/><U83/><E56/><V113/><F113/><W128/><G128/><T67/><D107/><U78/><E86/><V37/><F37/><W129/><G129/><T32/><D106/><U71/><E71/><V50/><F10/><W88/><G88/><T43/><D32/><U63/><E63/><V110/><F110/><W117/><G117/><T1/><D1/><U51/><E4/><V75/><F75/><W132/><G132/><T100/><D91/><U22/><E22/><V40/><F31/><W109/><G109/><T46/><D46/><U112/><E112/><V120/><F30/><W47/><REACH who="3" step="1"/><G17/><REACH who="3" ten="77,240,363,310" step="2"/><T58/><REACH who="0" step="1"/><D69/><REACH who="0" ten="67,240,363,310" step="2"/><U18/><E18/><V13/><F120/><W79/><G79/><T135/><D135/><U9/><E125/><V12/><F80/><W45/><G45/><T23/><D23/><AGARI ba="0,2" hai="2,6,8,15,16,23,36,41,47,57,62,64,65,66" machi="23" ten="30,5800,0" yaku="1,1,7,1,54,1,53,0" doraHai="98" doraHaiUra="127" who="3" fromWho="0" sc="67,-58,240,0,363,0,310,78" owari="9,-49.1,240,-16.0,363,16.3,388,48.8" /></mjloggm>