<mjloggm ver="2.3"><GO type="225" lobby="0"/><UN n0="%E5%A4%8F%E9%88%B4%E9%88%B4%E5%A4%8F" n1="%E6%A0%B9%E5%85%83%E3%81%8B%E3%82%89%E5%90%B9%E3%81%A3%E9%A3%9B%E3%81%B6" n2="%65%76%69%61%6E%36%31%39" n3="%E3%81%BD%E3%81%A1%E3%81%9F%E3%81%93%E3%82%84" dan="16,16,16,17" rate="2149.28,2113.58,2013.30,2164.19" sx="F,F,M,M"/><TAIKYOKU oya="0"/><INIT seed="0,0,0,3,3,4" ten="250,250,250,250" oya="0" hai0="16,59,106,30,0,9,91,112,111,55,124,1,32" hai1="61,117,113,81,78,88,92,96,3,97,15,77,60" hai2="11,51,37,33,71,90,12,28,70,110,65,49,54" hai3="134,114,42,135,39,85,118,27,53,125,13,115,8"/><T29/><D112/><U129/><E117/><V57/><F110/><W79/><G118/><T94/><D106/><U128/><E3/><V7/><F37/><W99/><G125/><T52/><D124/><U45/><E45/><V46/><F33/><W40/><G99/><N who="0" m="57823" /><D32/><U83/><E15/><V93/><F28/><N who="0" m="10858" /><D0/><U35/><E35/><V19/><F19/><W103/><G103/><T38/><D38/><U109/><E109/><V105/><F105/><W86/><G27/><T104/><D1/><U87/><E113/><V126/><F126/><W121/><G121/><T69/><D69/><U80/><E60/><V98/><REACH who="2" step="1"/><F65/><REACH who="2" ten="250,250,240,250" step="2"/><W50/><G39/><T74/><D104/><U84/><E129/><V36/><F36/><W26/><G114/><T21/><D111/><U17/><E128/><V131/><F131/><W122/><G115/><T22/><D74/><N who="1" m="43063" /><E17/><V95/><F95/><W14/><G134/><T58/><D58/><U108/><E108/><V89/><F89/><W76/><G135/><T101/><D101/><N who="1" m="60551" /><E61/><V68/><F68/><W2/><G122/><T43/><D43/><AGARI ba="0,1" hai="7,11,12,43,46,49,51,54,57,70,71,90,93,98" machi="43" ten="30,3900,0" yaku="1,1,7,1,52,1,53,0" doraHai="4" doraHaiUra="24" who="2" fromWho="0" sc="250,-39,250,0,240,49,250,0" /><INIT seed="1,0,0,1,0,8" ten="211,250,289,250" oya="1" hai0="4,13,121,124,73,130,86,40,5,85,117,26,19" hai1="10,24,113,48,65,59,64,102,133,9,128,103,81" hai2="52,109,49,35,76,39,51,74,62,107,129,97,111" hai3="125,78,83,120,31,32,30,0,105,3,55,70,63"/><U27/><E113/><V56/><F39/><W38/><G120/><T41/><D73/><U127/><E127/><V61/><F35/><W37/><G105/><T43/><D117/><U116/><E116/><V87/><F74/><N who="3" m="43479" /><G55/><T77/><D124/><U132/><E128/><V20/><F129/><W45/><G31/><T21/><D130/><U60/><E48/><V58/><F20/><W92/><G92/><T90/><D121/><U122/><E122/><V98/><F87/><W95/><G95/><T14/><D77/><U67/><E81/><V75/><F75/><W71/><G125/><T23/><D86/><U80/><E80/><V16/><F76/><W106/><G106/><T135/><D135/><N who="1" m="51787" /><E59/><V66/><F107/><W101/><G101/><N who="1" m="38410" /><E60/><V89/><F51/><W22/><G63/><T33/><D85/><U7/><E7/><N who="0" m="2633" /><D90/><U118/><E118/><V53/><F89/><W110/><G38/><T99/><D99/><U25/><AGARI ba="0,0" hai="9,10,24,25,27,64,65,67" m="38410,51787" machi="25" ten="40,7800,0" yaku="28,2,20,1" doraHai="8" who="1" fromWho="1" sc="211,-26,250,78,289,-26,250,-26" /><INIT seed="1,1,0,2,3,99" ten="185,328,263,224" oya="1" hai0="73,9,119,59,76,13,12,77,89,21,90,60,97" hai1="66,61,115,106,72,41,75,131,135,112,40,22,78" hai2="109,54,120,81,79,39,49,18,83,108,32,92,51" hai3="87,118,80,102,85,86,123,113,17,70,50,95,57"/><U65/><E106/><V7/><F39/><W3/><G70/><T46/><D119/><U19/><E131/><V27/><F120/><W36/><G36/><T69/><D69/><U103/><E135/><V134/><F7/><W20/><G113/><T28/><D73/><U25/><E103/><V42/><F32/><W34/><G34/><T128/><D128/><U38/><E66/><V116/><F42/><W96/><G3/><T0/><D0/><U5/><E5/><V44/><F51/><W94/><G118/><T45/><D28/><U15/><E75/><V14/><F134/><W11/><G11/><T122/><D21/><U23/><E78/><V31/><F79/><W88/><G123/><T10/><D122/><U35/><E72/><V107/><F107/><W71/><G71/><T47/><D47/><U84/><E84/><V33/><F116/><W30/><G30/><T55/><D97/><U4/><E35/><V1/><F1/><W29/><G29/><T133/><D133/><U91/><E38/><V52/><F44/><W93/><G80/><T121/><D121/><U62/><E112/><V130/><F83/><W48/><G95/><T67/><D67/><U43/><E65/><V6/><F81/><W129/><G129/><T2/><D2/><U124/><E115/><V82/><F33/><W117/><G117/><T98/><D98/><U111/><E41/><V126/><F130/><W100/><G50/><N who="0" m="29135" /><D46/><U110/><E61/><V125/><F49/><W63/><G48/><T105/><D105/><U68/><E43/><V132/><F132/><W114/><G114/><RYUUKYOKU ba="1,0" sc="185,0,328,0,263,0,224,0" /><INIT seed="2,2,0,2,0,28" ten="185,328,263,224" oya="2" hai0="12,108,116,36,98,64,135,129,77,51,6,134,114" hai1="56,7,33,67,30,20,106,78,130,94,68,54,105" hai2="8,87,4,117,45,15,115,42,126,65,82,5,57" hai3="62,118,50,128,92,73,71,23,69,109,16,22,39"/><V21/><F117/><W18/><G39/><T3/><D36/><U38/><E78/><V99/><F126/><W120/><G118/><T13/><D114/><U121/><E121/><V26/><F115/><W0/><G0/><T40/><D116/><U14/><E38/><V9/><F99/><W95/><G73/><T89/><D77/><U79/><E79/><N who="2" m="46559" /><F45/><W101/><G120/><T104/><D64/><U113/><E94/><V34/><F34/><W133/><G109/><T83/><D108/><U43/><E43/><V100/><F100/><W25/><G128/><T88/><D129/><U49/><E33/><V60/><F42/><W41/><G133/><T31/><D104/><U131/><E113/><V76/><F76/><W61/><G41/><T122/><D98/><U84/><E84/><V74/><F74/><W10/><G10/><N who="2" m="4201" /><F15/><W80/><G80/><T103/><D83/><U11/><E105/><V102/><F102/><W52/><G71/><T72/><D122/><U90/><E106/><V32/><F32/><W48/><G69/><T125/><D103/><U19/><E90/><V37/><F37/><W2/><G2/><T107/><D125/><U124/><E124/><V59/><F57/><N who="3" m="32903" /><G101/><T47/><D107/><U35/><E35/><V44/><F44/><W75/><G75/><T111/><D72/><U53/><E131/><V66/><F66/><W46/><G95/><T17/><D111/><U110/><E110/><V63/><F63/><W127/><G92/><T81/><D81/><U29/><E130/><V24/><F24/><N who="3" m="14407" /><G127/><T93/><D3/><U1/><E68/><RYUUKYOKU ba="2,0" sc="185,-15,328,-15,263,15,224,15" hai2="4,5,21,26,59,60,65" hai3="18,23,25,46,50,61,62" /><INIT seed="2,3,0,5,0,113" ten="170,313,278,239" oya="2" hai0="24,3,40,64,10,93,87,86,16,133,99,54,38" hai1="92,101,43,62,50,53,48,73,13,109,19,72,125" hai2="117,124,131,100,81,56,21,7,96,63,42,20,102" hai3="0,44,2,45,69,52,84,4,55,30,110,31,104"/><V9/><F131/><W90/><G104/><T57/><D133/><U91/><E109/><V118/><F124/><W106/><G106/><T36/><D64/><U68/><E125/><V27/><F42/><W77/><G69/><T29/><D40/><U75/><E101/><V129/><F81/><W122/><G122/><T83/><D87/><U65/><E43/><V34/><F34/><W103/><G103/><T60/><D3/><U78/><E78/><V39/><F102/><W32/><G77/><T126/><D126/><U1/><E1/><V94/><F39/><W112/><G110/><T61/><D61/><U85/><REACH who="1" step="1"/><E53/><REACH who="1" ten="170,303,278,239" step="2"/><V107/><F107/><W22/><G0/><T51/><D36/><U67/><E67/><V108/><F108/><W70/><G55/><T12/><D38/><U46/><E46/><V97/><F100/><W5/><G52/><T6/><D60/><U80/><E80/><V41/><F63/><W128/><G45/><T82/><D6/><U135/><E135/><V127/><F41/><W35/><G44/><T95/><D99/><U116/><E116/><V79/><F97/><W120/><G5/><T76/><REACH who="0" step="1"/><D83/><REACH who="0" ten="160,303,278,239" step="2"/><U66/><E66/><V74/><F96/><W121/><G4/><T111/><D111/><U14/><E14/><V98/><F7/><W130/><G2/><T15/><D15/><U23/><AGARI ba="3,2" hai="13,19,23,48,50,62,65,68,72,73,75,85,91,92" machi="23" ten="30,2000,0" yaku="1,1,0,1,53,0" doraHai="113" doraHaiUra="49" who="1" fromWho="1" sc="160,-8,303,49,278,-13,239,-8" /><INIT seed="3,0,0,5,2,109" ten="152,352,265,231" oya="3" hai0="102,45,94,69,106,133,124,110,3,50,64,21,104" hai1="58,115,48,37,88,49,134,126,78,101,125,11,16" hai2="122,117,19,90,62,84,32,33,121,105,83,26,123" hai3="25,71,56,66,1,75,77,68,73,34,82,128,93"/><W120/><G120/><N who="2" m="30721" /><V63/><DORA hai="41" /><F117/><W31/><G128/><T114/><D110/><U87/><E115/><V59/><F105/><W18/><G75/><T38/><D124/><N who="1" m="47723" /><E37/><V8/><F63/><W85/><G1/><T0/><D133/><U67/><E78/><V14/><F26/><W132/><G132/><T23/><D38/><U119/><E101/><V108/><F108/><W30/><G30/><T57/><D106/><U118/><E134/><V61/><F61/><W44/><G56/><T74/><D104/><U10/><E67/><AGARI ba="0,0" hai="8,14,19,32,33,59,62,67,83,84,90" m="30721" machi="67" ten="40,1300,0" yaku="13,1" doraHai="109,41" who="2" fromWho="1" sc="152,0,352,-13,265,13,231,0" owari="152,-34.8,339,43.9,278,7.8,231,-16.9" /></mjloggm>