<mjloggm ver="2.3"><GO type="225" lobby="0"/><UN n0="%E5%91%A8%E6%9D%B1" n1="%E3%83%B4%E3%83%A0%EF%BC%99%E3%81%A6" n2="%E5%A4%8F%E9%88%B4%E9%88%B4%E5%A4%8F" n3="%E7%89%B9%E6%9D%B1%E3%81%AF%E4%B8%96%E7%95%8C%E3%82%92%E6%95%91%E3%81%86" dan="17,16,16,16" rate="2189.46,2172.89,2158.79,2224.87" sx="M,M,F,M"/><TAIKYOKU oya="0"/><INIT seed="0,0,0,0,1,21" ten="250,250,250,250" oya="0" hai0="22,125,9,127,23,4,71,116,45,108,84,91,76" hai1="24,67,55,105,12,33,11,126,8,18,59,25,48" hai2="131,1,31,90,65,61,111,101,77,50,15,103,117" hai3="122,128,43,87,26,56,104,60,42,44,83,6,3"/><T120/><D71/><U80/><E105/><V123/><F111/><W115/><G115/><T129/><D120/><U62/><E126/><N who="0" m="48137" /><D116/><U32/><E8/><V119/><F123/><W34/><G104/><T29/><D108/><U134/><E134/><V47/><F1/><W38/><G122/><T14/><D129/><U57/><REACH who="1" step="1"/><E80/><REACH who="1" ten="250,240,250,250" step="2"/><V72/><F119/><W124/><G83/><N who="0" m="49567" /><D76/><U109/><E109/><V70/><F77/><W52/><G124/><T0/><D0/><U49/><E49/><V88/><F50/><W97/><G3/><T93/><D93/><U17/><E17/><V39/><F117/><W28/><G128/><T36/><D29/><U46/><E46/><V27/><F47/><W107/><G28/><T89/><D89/><U16/><E16/><V10/><F90/><W64/><G107/><T74/><D74/><U94/><E94/><V63/><F88/><W113/><G44/><T75/><D75/><U66/><E66/><N who="2" m="41295" /><F72/><W100/><G64/><T135/><D135/><U2/><E2/><V114/><F131/><W35/><G113/><T132/><D132/><U5/><E5/><N who="2" m="3535" /><F114/><W102/><G6/><T95/><D95/><U40/><E40/><AGARI ba="0,1" hai="4,9,14,22,23,36,40,45" m="49567,48137" machi="40" ten="30,1500,0" yaku="18,1" doraHai="21" who="0" fromWho="1" sc="250,25,240,-15,250,0,250,0" /><INIT seed="0,1,0,2,0,90" ten="275,225,250,250" oya="0" hai0="111,36,109,26,107,12,42,115,76,99,24,124,135" hai1="118,120,131,127,0,75,77,48,40,1,38,33,62" hai2="47,85,121,88,64,108,17,22,5,14,103,53,67" hai3="41,119,13,84,3,29,9,28,35,101,66,116,98"/><T122/><D122/><U50/><E120/><V57/><F108/><N who="0" m="41546" /><D115/><U11/><E33/><V21/><F121/><W32/><G41/><T4/><D76/><U133/><E133/><V87/><F103/><W63/><G3/><T61/><D135/><U104/><E0/><V95/><F5/><W132/><G132/><T126/><D61/><U20/><E104/><V97/><F47/><W10/><G84/><N who="2" m="32329" /><F22/><W2/><G2/><T69/><D69/><U102/><E75/><V23/><F23/><W117/><G32/><T39/><D107/><U106/><E106/><V34/><F34/><W6/><G35/><T49/><D49/><AGARI ba="1,0" hai="14,17,21,49,53,57,64,67,88,95,97" m="32329" machi="49" ten="30,3900,0" yaku="8,1,52,1,54,1" doraHai="90" who="2" fromWho="0" sc="275,-42,225,0,250,42,250,0" /><INIT seed="1,0,0,0,0,133" ten="233,225,292,250" oya="1" hai0="48,9,88,11,113,80,76,117,47,27,127,32,128" hai1="126,57,15,132,54,50,109,42,131,30,114,66,38" hai2="65,55,23,107,91,34,89,7,63,112,18,46,53" hai3="108,10,130,84,43,103,14,12,95,72,6,20,90"/><U93/><E114/><V123/><F123/><W62/><G72/><T67/><D117/><U19/><E132/><V26/><F107/><W8/><G108/><T97/><D113/><U25/><E109/><V79/><F112/><W56/><G130/><T73/><D128/><U110/><E110/><V85/><F34/><W59/><G43/><T74/><D74/><U5/><E131/><V99/><F7/><W58/><G20/><T44/><D67/><U101/><E5/><V29/><F79/><W1/><G103/><T70/><D70/><U106/><E106/><V28/><F99/><W92/><G92/><T119/><D119/><U24/><E66/><V78/><F91/><W0/><REACH who="3" step="1"/><G62/><REACH who="3" ten="233,225,292,240" step="2"/><T135/><D73/><U116/><E116/><V96/><F63/><W122/><G122/><T17/><D32/><U51/><E101/><V45/><F23/><W124/><G124/><T121/><D127/><U21/><E126/><V98/><F28/><W36/><G36/><T102/><D121/><U120/><E120/><V75/><F29/><W31/><G31/><T16/><D102/><U52/><E93/><V105/><F75/><W134/><G134/><T37/><D37/><U41/><E38/><V111/><F111/><W118/><G118/><T86/><D135/><U64/><E30/><V39/><F39/><W87/><G87/><T2/><D86/><U115/><E115/><V49/><F85/><W83/><G83/><T81/><D80/><U94/><E94/><V77/><F105/><W13/><G13/><N who="0" m="7215" /><D81/><U125/><E125/><V129/><F129/><W3/><G3/><RYUUKYOKU ba="0,1" sc="233,-10,225,-10,292,-10,240,30" hai3="0,1,6,8,10,12,14,56,58,59,84,90,95" /><INIT seed="2,1,1,4,1,76" ten="223,215,282,270" oya="2" hai0="92,11,74,5,60,4,33,134,20,41,56,42,101" hai1="88,43,110,29,50,8,105,12,38,90,107,15,82" hai2="23,77,24,59,44,27,36,39,61,18,63,69,66" hai3="2,22,46,83,104,131,120,10,21,106,35,128,102"/><V98/><F77/><W26/><G120/><T81/><D33/><U127/><E38/><V78/><F78/><W73/><G35/><T0/><D5/><U17/><E29/><V34/><F44/><W84/><G73/><T93/><D134/><U133/><E133/><V132/><F132/><W70/><G70/><T94/><D101/><U7/><E110/><V96/><F96/><W40/><G2/><T91/><D20/><N who="3" m="7785" /><G10/><T16/><D16/><U71/><E71/><V67/><REACH who="2" step="1"/><F98/><REACH who="2" ten="223,215,272,270" step="2"/><W57/><G102/><T51/><D74/><U113/><E113/><V37/><F37/><W53/><G46/><T118/><D118/><U30/><E43/><V97/><F97/><W31/><G40/><T45/><D42/><U48/><E90/><V55/><F55/><W58/><G53/><T95/><N who="0" m="23552" /><DORA hai="19" /><T72/><D72/><U54/><E88/><V3/><F3/><W135/><G135/><T87/><D91/><U47/><E47/><V52/><F52/><W115/><G115/><T119/><D119/><U68/><E54/><V112/><F112/><W1/><G1/><T62/><D87/><U109/><E48/><V14/><F14/><W65/><G84/><T80/><REACH who="0" step="1"/><D62/><REACH who="0" ten="213,215,272,270" step="2"/><U9/><E12/><V100/><F100/><W108/><G106/><T125/><D125/><U28/><E15/><V64/><F64/><AGARI ba="1,3" hai="0,4,11,41,45,51,56,60,64,80,81" m="23552" machi="64" ten="50,6400,0" yaku="1,1,52,2,53,0" doraHai="76,19" doraHaiUra="49,130" who="0" fromWho="2" sc="213,97,215,0,272,-67,270,0" /><INIT seed="3,0,0,1,4,95" ten="310,215,205,270" oya="3" hai0="37,81,74,29,125,122,75,129,26,89,65,55,100" hai1="117,2,77,104,39,7,49,76,73,4,85,24,36" hai2="38,134,25,132,19,12,11,126,90,14,35,94,115" hai3="97,56,57,61,110,79,124,112,30,86,107,20,33"/><W28/><G112/><T71/><D122/><U84/><E104/><V50/><F115/><W106/><G33/><T91/><D37/><U52/><E117/><V127/><F38/><W22/><G124/><N who="2" m="47657" /><F50/><W32/><G32/><T21/><D100/><U41/><E41/><V51/><F51/><W66/><G110/><T103/><D103/><U40/><E40/><V128/><F128/><W13/><G106/><T72/><D55/><U63/><E63/><V118/><F118/><W60/><G107/><T83/><D129/><U44/><E36/><V45/><F45/><W46/><G46/><T109/><D109/><U131/><E39/><V6/><F90/><W93/><G86/><T80/><D125/><U105/><E131/><V133/><F94/><W8/><G79/><T59/><D71/><U88/><E105/><V16/><F14/><W135/><G60/><T87/><D87/><N who="1" m="33355" /><E88/><V15/><F12/><W1/><G61/><N who="0" m="38079" /><D91/><U3/><E3/><V67/><F67/><W64/><G1/><T108/><D89/><U34/><E2/><V114/><F114/><W54/><G64/><T17/><D108/><U58/><E44/><V9/><F11/><W116/><G66/><T120/><D75/><U43/><E43/><V130/><F130/><W0/><G0/><T70/><D74/><U92/><E92/><V113/><F113/><W102/><G116/><T121/><D72/><U101/><E101/><V82/><F82/><W111/><G111/><T5/><D120/><U69/><E69/><V48/><F48/><N who="3" m="30791" /><G57/><T96/><D121/><U99/><E73/><V53/><F53/><RYUUKYOKU ba="0,0" sc="310,-10,215,-10,205,30,270,-10" hai2="6,9,15,16,19,25,35,132,133,134" owari="300,40.0,205,-29.5,235,-16.5,260,6.0" /></mjloggm>