<mjloggm ver="2.3"><GO type="225" lobby="0"/><UN n0="%E7%99%BD%E5%80%89%E5%AF%9B%E4%B9%8B" n1="%E6%9C%88%E5%B3%B6%E5%9F%BA" n2="%E3%81%BF%E3%81%BF%E3%81%9A" n3="%E3%81%A1%E3%82%83%E3%81%93%E3%81%93" dan="16,17,17,16" rate="2160.91,2209.98,2217.67,2159.14" sx="M,M,M,F"/><TAIKYOKU oya="0"/><INIT seed="0,0,0,4,1,119" ten="250,250,250,250" oya="0" hai0="57,50,98,19,51,112,66,17,70,56,20,83,103" hai1="64,101,99,73,122,100,92,13,22,43,44,114,59" hai2="26,109,111,68,104,89,113,108,18,7,87,97,85" hai3="107,8,124,115,36,9,23,25,41,129,125,58,116"/><T90/><D112/><U126/><E73/><V52/><F113/><W53/><G107/><T121/><D70/><U28/><E114/><V0/><F68/><W120/><G115/><T102/><D66/><U46/><E126/><N who="3" m="48746" /><G116/><T15/><D121/><U4/><E122/><V106/><F7/><W1/><G1/><T69/><D69/><U65/><E101/><N who="0" m="38409" /><D19/><U27/><E43/><V14/><F26/><W91/><G120/><T12/><D12/><U55/><E65/><V34/><F0/><W123/><G123/><T35/><D35/><U10/><REACH who="1" step="1"/><E64/><REACH who="1" ten="250,240,250,250" step="2"/><V78/><F109/><W84/><G41/><T88/><D90/><U128/><E128/><V127/><F111/><W60/><G129/><T86/><D98/><U131/><E131/><V63/><F108/><W132/><G36/><T80/><D80/><U3/><E3/><V11/><F127/><W37/><G37/><T105/><D105/><U71/><E71/><V110/><F110/><W6/><G91/><T29/><D29/><U118/><E118/><V30/><F106/><W74/><G74/><T135/><D135/><U130/><E130/><V42/><F104/><W31/><G132/><T117/><D117/><U82/><E82/><N who="2" m="47319" /><F42/><W5/><G84/><T47/><D83/><U134/><E134/><V72/><F72/><W24/><G24/><T40/><D86/><U45/><E45/><V54/><F87/><W38/><G38/><N who="0" m="21911" /><D88/><U95/><E95/><N who="2" m="56559" /><F30/><W67/><G67/><T133/><D133/><U79/><E79/><V16/><F54/><W32/><G32/><T61/><D57/><U76/><E76/><RYUUKYOKU ba="0,1" sc="250,10,240,10,250,-30,250,10" hai0="15,17,20,50,51,56,61" hai1="4,10,13,22,27,28,44,46,55,59,92,99,100" hai3="5,6,8,9,23,25,31,53,58,60" /><INIT seed="0,1,1,3,3,41" ten="260,250,220,260" oya="0" hai0="79,8,48,82,13,46,97,53,103,20,118,57,91" hai1="23,115,43,107,47,88,86,74,3,39,50,65,67" hai2="130,15,87,42,58,71,125,16,99,44,56,40,129" hai3="7,54,135,61,11,27,36,77,78,62,116,66,38"/><T126/><D126/><U132/><E107/><V111/><F71/><W73/><G116/><T0/><D118/><U12/><E3/><V18/><F125/><W68/><G135/><T5/><D91/><U108/><E74/><V76/><F111/><W106/><G106/><T121/><D121/><U35/><E35/><V45/><F99/><W124/><G124/><T105/><D20/><U25/><E108/><V64/><F87/><W83/><G77/><T113/><D113/><U29/><E132/><V102/><F76/><W24/><G54/><T128/><D128/><N who="2" m="49258" /><F102/><W60/><G60/><T34/><D34/><U133/><E133/><V110/><F110/><W112/><G61/><T123/><D123/><U10/><E39/><N who="2" m="21535" /><F64/><W6/><G112/><T2/><REACH who="0" step="1"/><D57/><REACH who="0" ten="250,250,220,260" step="2"/><N who="2" m="22122" /><F15/><W122/><G122/><T120/><D120/><U104/><E115/><V84/><F84/><AGARI ba="1,2" hai="0,2,5,8,13,46,48,53,79,82,84,97,103,105" machi="84" ten="30,12000,1" yaku="1,1,7,1,52,1,53,2" doraHai="41" doraHaiUra="32" who="0" fromWho="2" sc="250,143,250,0,220,-123,260,0" /><INIT seed="0,2,0,2,5,91" ten="393,250,97,260" oya="0" hai0="1,77,101,18,28,110,123,120,26,62,125,109,74" hai1="66,100,44,70,94,12,57,103,78,11,4,80,34" hai2="39,129,61,92,96,93,41,8,131,29,16,134,117" hai3="0,47,71,112,75,13,88,126,36,133,72,19,73"/><T24/><D1/><U83/><E70/><V130/><F134/><W127/><G112/><T65/><D125/><N who="3" m="47625" /><G0/><T56/><D101/><U14/><E34/><V35/><F117/><W115/><G71/><T52/><D18/><U122/><E122/><N who="0" m="46633" /><D28/><U49/><E14/><N who="2" m="7239" /><F96/><W98/><G115/><T128/><D128/><N who="2" m="32770" /><V116/><DORA hai="121" /><F116/><W32/><G32/><T84/><D74/><U85/><E83/><V25/><F61/><W135/><G36/><T111/><D65/><U81/><E81/><AGARI ba="2,0" hai="24,26,52,56,62,77,81,84,109,110,111" m="46633" machi="81" ten="40,18000,2" yaku="14,1,10,1,52,3,54,1" doraHai="91,121" who="0" fromWho="1" sc="393,186,250,-186,97,0,260,0" /><INIT seed="0,3,0,3,1,52" ten="579,64,97,260" oya="0" hai0="58,24,41,26,10,116,96,124,104,95,0,68,1" hai1="60,6,82,117,46,103,125,77,22,87,42,111,118" hai2="44,78,25,134,101,122,84,133,37,75,108,110,20" hai3="105,57,48,11,9,13,115,28,91,119,21,59,90"/><T43/><D68/><U15/><E125/><V81/><F122/><W27/><G115/><T51/><D104/><U93/><E111/><N who="2" m="42539" /><F101/><W100/><G119/><T7/><D1/><U47/><E47/><V2/><F2/><W32/><G105/><T29/><D124/><U113/><E113/><V12/><F12/><W40/><G100/><T16/><D116/><U67/><E93/><V132/><F44/><N who="3" m="25607" /><G32/><T94/><D94/><U19/><E6/><V72/><F37/><W126/><G126/><T17/><D43/><U5/><E5/><V127/><F127/><W83/><G9/><T112/><D41/><U23/><E23/><V39/><F39/><W114/><G114/><T31/><D112/><U49/><REACH who="1" step="1"/><E103/><REACH who="1" ten="579,54,97,260" step="2"/><V135/><N who="2" m="33792" /><DORA hai="106" /><V65/><F65/><W123/><G123/><T88/><D7/><U70/><AGARI ba="3,1" hai="15,19,22,42,46,49,60,67,70,77,82,87,117,118" machi="70" ten="20,8000,1" yaku="1,1,0,1,7,1,53,2" doraHai="52,106" doraHaiUra="14,36" who="1" fromWho="1" sc="579,-43,54,99,97,-23,260,-23" /><INIT seed="1,0,0,5,2,81" ten="536,153,74,237" oya="1" hai0="14,41,90,135,72,30,120,128,124,69,103,118,93" hai1="86,59,98,102,114,117,110,115,3,123,16,119,2" hai2="130,18,63,29,94,9,96,104,121,111,37,97,22" hai3="1,95,53,68,49,50,65,11,0,108,66,105,38"/><U60/><E3/><V43/><F121/><W12/><G95/><T26/><D69/><U67/><E2/><V42/><F111/><W34/><G49/><T32/><D72/><U10/><E123/><V91/><F130/><W113/><G53/><T7/><D103/><U56/><E110/><V132/><F132/><W24/><G65/><T129/><D41/><U64/><E98/><V19/><F37/><W76/><G12/><T71/><D71/><U31/><E31/><V80/><F104/><W75/><G68/><T61/><D30/><U83/><E102/><V112/><F112/><W17/><G113/><T8/><D32/><U36/><E36/><V58/><F97/><W99/><G34/><T74/><D74/><U107/><E107/><V48/><F80/><W109/><G75/><T122/><D118/><U131/><E131/><V126/><F126/><W5/><G0/><T4/><D124/><U35/><E35/><V116/><F116/><W21/><G38/><T55/><D135/><U133/><E133/><V15/><F48/><W79/><G50/><T20/><D120/><U85/><E83/><V92/><F92/><W77/><G66/><T73/><D93/><U127/><E127/><V57/><F29/><W47/><G99/><T78/><D122/><U27/><E60/><V45/><F45/><W33/><G47/><T23/><D61/><U101/><E101/><V51/><F51/><W134/><G134/><T62/><D62/><U44/><E44/><V52/><REACH who="2" step="1"/><F58/><REACH who="2" ten="536,153,64,237" step="2"/><W13/><G105/><T87/><D128/><U89/><E115/><V46/><F46/><RYUUKYOKU ba="0,1" sc="536,-15,153,-15,64,15,237,15" hai2="9,15,18,19,22,42,43,52,57,63,91,94,96" hai3="1,5,11,13,17,21,24,33,76,77,79,108,109" /><INIT seed="2,1,1,5,2,87" ten="521,138,79,252" oya="2" hai0="75,123,58,12,15,105,49,134,43,127,103,48,79" hai1="41,36,100,110,119,84,16,78,73,23,2,112,45" hai2="125,21,9,95,104,118,51,106,32,28,26,57,81" hai3="116,10,20,135,39,8,130,80,133,40,69,63,83"/><V37/><F118/><W121/><G121/><T101/><D105/><U132/><E119/><V64/><F37/><W107/><G83/><T99/><D99/><U38/><E112/><V52/><F125/><W55/><G20/><T115/><D79/><U76/><E2/><V122/><F122/><W89/><G107/><T113/><D58/><U25/><E110/><V27/><F9/><W1/><G130/><T5/><D43/><U33/><E132/><V22/><F32/><W60/><G60/><T71/><D134/><U111/><E111/><V59/><F81/><W97/><G80/><T72/><D5/><U88/><E100/><V4/><F4/><W68/><G1/><T74/><D74/><U54/><E38/><V90/><F64/><W85/><G10/><T17/><D71/><U7/><E7/><V109/><F109/><W114/><G69/><T14/><D14/><U93/><E73/><V19/><REACH who="2" step="1"/><F59/><REACH who="2" ten="521,138,69,252" step="2"/><W102/><G8/><N who="0" m="6279" /><D123/><U44/><REACH who="1" step="1"/><E33/><REACH who="1" ten="521,128,69,252" step="2"/><V117/><F117/><W35/><G116/><T0/><D115/><U30/><E30/><V56/><F56/><N who="3" m="35231" /><G35/><T91/><D113/><U96/><E96/><AGARI ba="1,3" hai="19,21,22,26,27,28,51,52,57,90,95,96,104,106" machi="96" ten="30,11600,0" yaku="1,1,7,1,52,1,54,1,53,0" doraHai="87" doraHaiUra="62" who="2" fromWho="1" sc="521,0,128,-119,69,149,252,0" /><INIT seed="2,2,0,2,5,106" ten="521,9,218,252" oya="2" hai0="115,34,36,65,124,46,118,69,72,82,111,2,26" hai1="75,84,93,91,107,64,123,92,68,128,78,86,52" hai2="134,29,109,110,79,22,113,4,73,80,116,18,49" hai3="50,32,3,102,122,66,51,25,120,108,90,131,104"/><V67/><F113/><W11/><G108/><N who="2" m="41577" /><F116/><W70/><G131/><T63/><D2/><U30/><E30/><V59/><F134/><W33/><G90/><T41/><D111/><U87/><E64/><V9/><F29/><N who="3" m="19503" /><G51/><T88/><D124/><U94/><E68/><V100/><F100/><W38/><G50/><T0/><D0/><U60/><E60/><N who="2" m="38303" /><F49/><W56/><G38/><T24/><D36/><U8/><E8/><V28/><F28/><W14/><G33/><T57/><D34/><U61/><E61/><V10/><F4/><N who="3" m="1439" /><G56/><T125/><D57/><U5/><E5/><V42/><F42/><W6/><G6/><T55/><D41/><U135/><E52/><V40/><F40/><W43/><G43/><T31/><D55/><U81/><E128/><V62/><F62/><N who="3" m="40279" /><G14/><AGARI ba="2,0" hai="9,10,14,18,22,73,79,80" m="38303,41577" machi="14" ten="30,5800,0" yaku="14,1,10,1,52,1" doraHai="106" who="2" fromWho="3" sc="521,0,9,0,218,64,252,-64" /><INIT seed="2,3,0,5,2,37" ten="521,9,282,188" oya="2" hai0="126,48,108,120,54,69,86,130,44,104,75,53,127" hai1="38,33,79,105,132,4,14,42,106,1,118,8,123" hai2="71,95,34,0,19,31,15,90,117,70,65,91,6" hai3="32,30,2,97,87,129,55,82,35,73,43,50,96"/><V72/><F117/><W21/><G129/><T103/><D75/><U119/><E14/><V64/><F72/><W112/><G112/><T92/><D69/><U88/><E88/><V7/><F71/><W80/><G2/><T81/><D104/><N who="1" m="40043" /><E79/><V116/><F116/><N who="1" m="44585" /><E132/><V109/><F109/><W85/><G73/><T113/><D120/><U125/><E123/><V93/><F70/><W39/><G21/><T100/><D130/><U47/><E33/><V62/><F34/><W121/><G121/><T128/><D127/><AGARI ba="3,0" hai="1,4,8,38,42,47,125,127" m="44585,40043" machi="127" ten="40,2600,0" yaku="23,1,52,1" doraHai="37" who="1" fromWho="0" sc="521,-35,9,35,282,0,188,0" /><INIT seed="3,0,0,0,4,84" ten="486,44,282,188" oya="3" hai0="62,105,54,100,53,119,26,30,13,72,38,116,50" hai1="127,42,12,58,68,70,80,85,92,131,78,31,64" hai2="27,43,101,74,120,18,125,6,10,1,107,16,44" hai3="113,91,122,2,36,37,79,67,46,71,96,81,90"/><W82/><G113/><T47/><D72/><U5/><E127/><V32/><F125/><W109/><G122/><T98/><D38/><U0/><E131/><V88/><F120/><W117/><G117/><T99/><D99/><U103/><E0/><V57/><F74/><W112/><G112/><T123/><D123/><U108/><E108/><V106/><F57/><W111/><G2/><T128/><D128/><U73/><E31/><V102/><F32/><W133/><G96/><T29/><D29/><U135/><E135/><V7/><F27/><W86/><G133/><T23/><D13/><U20/><E42/><V121/><F121/><W3/><G3/><T56/><AGARI ba="0,0" hai="23,26,30,47,50,53,54,56,62,98,100,105,116,119" machi="56" ten="30,1100,0" yaku="0,1" doraHai="84" who="0" fromWho="0" sc="486,11,44,-3,282,-3,188,-5" owari="497,59.7,41,-45.9,279,7.9,183,-21.7" /></mjloggm>