<mjloggm ver="2.3"><GO type="225" lobby="0"/><UN n0="%E5%91%A8%E6%9D%B1" n1="%E3%82%B3%E3%83%90%E3%83%AC%E3%82%A4" n2="%E6%A5%93%E4%BB%8B" n3="%E5%A4%8F%E9%88%B4%E9%88%B4%E5%A4%8F" dan="17,16,16,16" rate="2218.01,2201.52,2069.98,2113.93" sx="M,M,M,F"/><TAIKYOKU oya="0"/><INIT seed="0,0,0,5,4,14" ten="250,250,250,250" oya="0" hai0="17,127,84,8,106,77,82,129,85,58,88,93,95" hai1="97,91,75,122,49,57,83,99,3,109,45,44,103" hai2="114,68,55,15,135,63,125,73,119,78,20,32,19" hai3="64,79,11,87,0,108,34,124,130,23,40,107,21"/><T112/><D112/><U96/><E3/><V69/><F32/><W31/><G107/><T2/><D129/><U61/><E122/><V81/><F114/><W35/><G108/><T5/><D127/><U48/><E109/><V90/><F135/><W70/><G40/><T27/><D106/><U117/><E117/><V41/><F125/><W22/><G130/><T56/><REACH who="0" step="1"/><D95/><REACH who="0" ten="240,250,250,250" step="2"/><U101/><E103/><V76/><F119/><W120/><G124/><T134/><D134/><U71/><E101/><V13/><F78/><W39/><G79/><T10/><D10/><U16/><E71/><V52/><F68/><W37/><G11/><T110/><D110/><U51/><E83/><V46/><F90/><W133/><G70/><T74/><D74/><U53/><E91/><V102/><F102/><W121/><G133/><T29/><D29/><U72/><E72/><V116/><F116/><W65/><G31/><T30/><D30/><U111/><E75/><V92/><F92/><W6/><G121/><T24/><D24/><U123/><E111/><V18/><F81/><W4/><G120/><T25/><D25/><U118/><E123/><V126/><F73/><W28/><G28/><T132/><D132/><U67/><E118/><V128/><F128/><W33/><G34/><T98/><D98/><U62/><E97/><V12/><F76/><W54/><G33/><T94/><D94/><U100/><E99/><V38/><F126/><W9/><G35/><T7/><D7/><U59/><E96/><V43/><F69/><W113/><G6/><T50/><D50/><U80/><E49/><RYUUKYOKU ba="0,1" sc="240,30,250,-10,250,-10,250,-10" hai0="2,5,8,17,27,56,58,77,82,84,85,88,93" /><INIT seed="0,1,1,4,1,129" ten="270,240,240,240" oya="0" hai0="109,112,31,104,131,92,54,113,82,80,45,37,70" hai1="21,36,57,79,110,103,51,86,10,75,135,49,101" hai2="42,8,128,65,111,35,17,120,60,26,62,73,76" hai3="16,27,4,40,87,114,38,108,32,78,95,106,0"/><T83/><D70/><U89/><E36/><V7/><F120/><W33/><G114/><T74/><D31/><U117/><E117/><V61/><F128/><W30/><G106/><T55/><D131/><U119/><E119/><V77/><F111/><W81/><G108/><T12/><D104/><U107/><E110/><V22/><F73/><W23/><G95/><T132/><D74/><U71/><E71/><V100/><F65/><W53/><G53/><N who="0" m="19979" /><D92/><U24/><E107/><V72/><F100/><N who="1" m="38473" /><E75/><V11/><F35/><W93/><G93/><T58/><D58/><U44/><E79/><V99/><F99/><W69/><G69/><T39/><D12/><U94/><E57/><V133/><F72/><W68/><G68/><T20/><D20/><U98/><E10/><V90/><F11/><W116/><G116/><T48/><D109/><U121/><E121/><V3/><F8/><W63/><G63/><T29/><D29/><U124/><E124/><V43/><F62/><W14/><G4/><T123/><D123/><U126/><E126/><V2/><F7/><W91/><G0/><T127/><D127/><U97/><E44/><V84/><F3/><W102/><G102/><T130/><D130/><U125/><E125/><V18/><F2/><W15/><G33/><T46/><D46/><U115/><E115/><N who="0" m="44105" /><D39/><U13/><E13/><V96/><F22/><W50/><G38/><T25/><D37/><U1/><E1/><V105/><F105/><W56/><G14/><T19/><D45/><U9/><E21/><V34/><F34/><W85/><G23/><N who="0" m="13567" /><D48/><U59/><E51/><RYUUKYOKU ba="1,1" sc="270,30,240,-10,240,-10,240,-10" hai0="80,82,83,132" /><INIT seed="0,2,1,2,5,129" ten="300,230,230,230" oya="0" hai0="91,106,109,116,86,95,24,47,15,45,96,46,13" hai1="80,35,2,70,31,4,36,21,39,104,14,9,103" hai2="59,85,19,64,27,41,32,74,7,65,92,84,113" hai3="128,62,118,130,79,3,126,40,90,98,33,22,56"/><T11/><D116/><U54/><E54/><V60/><F74/><W72/><G118/><T17/><D109/><U101/><E101/><V16/><F113/><W43/><G33/><T81/><D106/><U38/><E14/><V135/><F7/><W34/><G34/><T133/><D133/><U66/><E21/><V108/><F108/><W82/><G126/><T73/><D73/><U77/><E80/><V10/><F135/><W131/><G3/><T20/><REACH who="0" step="1"/><D11/><REACH who="0" ten="290,230,230,230" step="2"/><U68/><E104/><V26/><F10/><W102/><G22/><T75/><D75/><U25/><E35/><V58/><F32/><W93/><REACH who="3" step="1"/><G102/><AGARI ba="2,2" hai="13,15,17,20,24,45,46,47,81,86,91,95,96,102" machi="102" ten="40,3900,0" yaku="1,1,8,1,53,0" doraHai="129" doraHaiUra="61" who="0" fromWho="3" sc="290,65,230,0,230,0,230,-45" /><INIT seed="0,3,0,2,3,65" ten="355,230,230,185" oya="0" hai0="19,4,54,27,20,52,112,23,29,89,25,0,88" hai1="132,40,22,105,71,131,106,15,107,45,97,74,13" hai2="41,84,118,48,79,50,83,46,101,75,93,9,73" hai3="109,7,10,113,122,72,14,125,32,95,42,18,55"/><T130/><D130/><U78/><E131/><V117/><F50/><W98/><G113/><T17/><D112/><U99/><E132/><V56/><F56/><W61/><G109/><T127/><D127/><U135/><E135/><V96/><REACH who="2" step="1"/><F9/><REACH who="2" ten="355,230,220,185" step="2"/><W104/><G10/><T77/><D0/><U37/><E71/><V47/><F47/><W64/><G125/><T57/><D57/><U43/><E43/><V8/><F8/><W28/><G42/><T59/><D59/><U121/><E121/><V30/><F30/><W6/><G61/><T108/><D29/><U110/><E110/><V102/><F102/><W90/><G28/><T53/><D108/><U24/><E74/><AGARI ba="3,1" hai="41,46,48,73,74,75,79,83,84,93,96,101,117,118" machi="74" ten="40,2600,0" yaku="1,1,53,1" doraHai="65" doraHaiUra="44" who="2" fromWho="1" sc="355,0,230,-35,220,45,185,0" /><INIT seed="1,0,0,5,1,62" ten="355,195,265,185" oya="1" hai0="48,14,88,37,121,40,106,59,27,131,119,35,74" hai1="17,66,15,9,134,73,82,123,46,5,92,132,6" hai2="91,8,3,54,43,4,7,107,64,102,20,12,52" hai3="124,41,70,29,23,117,18,53,49,84,118,33,97"/><U104/><E104/><V105/><F43/><W26/><G70/><T79/><D106/><U47/><E123/><V135/><F135/><N who="1" m="51753" /><E92/><V2/><F91/><W68/><G68/><T24/><D119/><U128/><E128/><V57/><F20/><W32/><G124/><T86/><D131/><U63/><E82/><V50/><F102/><W65/><G41/><T0/><D0/><U22/><E73/><V80/><F80/><W61/><G84/><T36/><D79/><U60/><E60/><V93/><F93/><W89/><G89/><T116/><D86/><U58/><E6/><V110/><F110/><W13/><G97/><T125/><D74/><U51/><E51/><V108/><F108/><W133/><G133/><T76/><D48/><U30/><E30/><V56/><F12/><AGARI ba="0,0" hai="5,9,12,15,17,22,46,47,58,63,66" m="51753" machi="12" ten="30,2900,0" yaku="20,1,52,1" doraHai="62" who="1" fromWho="2" sc="355,0,195,29,265,-29,185,0" /><INIT seed="1,1,0,4,3,45" ten="355,224,236,185" oya="1" hai0="82,52,75,114,120,135,3,111,125,95,56,48,106" hai1="11,63,12,31,0,108,112,33,104,43,39,37,115" hai2="93,81,46,129,98,72,92,131,32,40,78,118,126" hai3="38,90,107,86,13,70,124,6,69,19,54,134,2"/><U61/><E104/><V85/><F32/><W25/><G107/><T14/><D3/><U76/><E0/><V60/><F60/><W44/><G124/><T55/><D106/><U41/><E76/><V73/><F118/><W113/><G134/><T96/><D114/><U133/><E31/><V121/><F121/><W128/><G128/><N who="2" m="49225" /><F93/><W62/><G25/><T83/><D75/><U130/><E33/><V123/><F123/><W35/><G35/><T28/><D28/><U5/><E12/><V97/><F126/><W24/><G24/><T47/><D135/><U102/><E130/><V26/><F26/><W77/><G77/><T100/><D120/><U42/><E102/><N who="2" m="60711" /><F98/><W87/><G62/><N who="1" m="23562" /><E11/><V34/><F34/><W105/><G69/><T23/><D14/><U110/><E5/><V49/><AGARI ba="1,0" hai="40,46,49,72,73,78,81,85" m="60711,49225" machi="49" ten="30,2000,0" yaku="19,1,52,1" doraHai="45" who="2" fromWho="2" sc="355,-6,224,-11,236,23,185,-6" /><INIT seed="2,0,0,4,5,117" ten="349,213,259,179" oya="2" hai0="59,104,18,36,19,100,58,15,63,94,29,4,135" hai1="5,81,50,43,121,14,60,71,52,83,16,25,3" hai2="51,26,56,84,118,110,55,33,119,23,106,27,11" hai3="35,61,72,9,62,98,96,21,40,28,123,77,114"/><V88/><F106/><W90/><G114/><T82/><D104/><U124/><E124/><V85/><F85/><W41/><G35/><T112/><D36/><U49/><E3/><V20/><F33/><W70/><G70/><T108/><D112/><U129/><E129/><V111/><F11/><W127/><G127/><T17/><D108/><N who="2" m="41514" /><F23/><W128/><G77/><T46/><D29/><U80/><E121/><V45/><F56/><W22/><G21/><T12/><D59/><N who="1" m="34919" /><E71/><V133/><F133/><W95/><G22/><T47/><D135/><U42/><E25/><N who="2" m="9227" /><F20/><W2/><G9/><N who="0" m="4135" /><D15/><U64/><E64/><V73/><F73/><W87/><G72/><T76/><D76/><U74/><E74/><V32/><F32/><W78/><G2/><T107/><D107/><U69/><E69/><V89/><F89/><W92/><G28/><T54/><D82/><AGARI ba="0,0" hai="45,51,55,82,84,88,118,119" m="9227,41514" machi="82" ten="30,5800,0" yaku="14,1,10,1,54,1" doraHai="117" who="2" fromWho="0" sc="349,-58,213,0,259,58,179,0" /><INIT seed="2,1,0,1,1,17" ten="291,213,317,179" oya="2" hai0="123,111,6,4,66,113,19,36,61,96,102,82,22" hai1="97,93,30,23,130,27,99,125,126,88,9,92,3" hai2="87,60,15,59,2,121,98,63,1,76,26,14,16" hai3="89,108,41,29,0,124,7,103,73,129,39,52,105"/><V50/><F2/><W32/><G108/><T42/><D113/><U33/><E130/><V40/><F1/><W47/><G129/><T55/><D123/><U13/><E3/><V69/><F69/><W68/><G124/><T107/><D111/><U46/><E46/><N who="2" m="25927" /><F98/><W44/><G68/><T75/><D55/><U77/><E77/><V18/><F121/><W43/><G73/><T109/><D109/><U79/><E79/><V101/><F101/><W35/><G89/><T20/><D82/><U85/><E33/><V81/><F26/><W119/><G29/><T128/><D75/><U78/><E78/><V117/><F117/><W67/><G52/><T72/><D72/><U58/><E58/><V57/><F57/><W37/><G67/><T70/><D128/><U38/><E38/><V115/><F59/><W53/><G53/><T45/><REACH who="0" step="1"/><D22/><REACH who="0" ten="281,213,317,179" step="2"/><U54/><E54/><V21/><F115/><W127/><G119/><T56/><D56/><U5/><E126/><V131/><F131/><W110/><G127/><T11/><D11/><AGARI ba="1,1" hai="11,14,15,16,18,21,60,63,76,81,87" m="25927" machi="11" ten="30,5800,0" yaku="8,1,52,1,54,1" doraHai="17" who="2" fromWho="0" sc="281,-61,213,0,317,71,179,0" /><INIT seed="2,2,0,2,4,48" ten="220,213,388,179" oya="2" hai0="93,108,17,134,36,87,99,22,111,124,98,18,74" hai1="0,86,31,102,3,84,80,57,32,37,129,16,11" hai2="75,101,65,77,61,117,56,50,70,45,91,9,69" hai3="72,52,125,132,128,94,68,110,4,90,2,107,49"/><V76/><F117/><W123/><RYUUKYOKU type="yao9" ba="2,0" sc="220,0,213,0,388,0,179,0" hai3="2,4,49,52,68,72,90,94,107,110,123,125,128,132" /><INIT seed="2,3,0,0,2,24" ten="220,213,388,179" oya="2" hai0="58,110,90,102,133,69,124,73,81,85,116,44,93" hai1="50,130,27,51,28,99,18,111,74,59,47,80,52" hai2="121,75,96,25,41,3,56,91,76,103,42,67,61" hai3="83,115,66,128,49,64,68,88,95,57,7,62,135"/><V34/><F3/><W11/><G135/><T123/><D69/><U33/><E130/><V106/><F121/><W100/><G128/><T19/><D123/><U8/><E111/><V87/><F76/><W54/><G115/><T104/><D110/><U35/><E35/><V0/><F0/><W126/><G126/><T14/><D124/><U20/><E8/><V53/><F75/><W125/><G66/><T113/><D113/><U117/><E117/><V129/><F53/><W107/><G83/><T2/><D2/><U13/><E99/><V77/><F77/><W70/><G125/><T30/><D44/><U98/><E74/><V15/><F15/><W43/><G43/><T17/><D133/><U84/><E98/><V4/><F4/><W9/><G68/><T40/><D40/><U78/><REACH who="1" step="1"/><E47/><REACH who="1" ten="220,203,388,179" step="2"/><V55/><F34/><W114/><G114/><T97/><D116/><U26/><E26/><V132/><F25/><W39/><G11/><T21/><D73/><U23/><E23/><V63/><F129/><W65/><G9/><T71/><D21/><U22/><E22/><V112/><F112/><W86/><G7/><T134/><D134/><U32/><E32/><V120/><F132/><W118/><G118/><T38/><D97/><U48/><AGARI ba="3,1" hai="13,18,20,27,28,33,48,50,51,52,59,78,80,84" machi="48" ten="20,8000,1" yaku="1,1,0,1,7,1,52,1,54,1,53,0" doraHai="24" doraHaiUra="108" who="1" fromWho="1" sc="220,-23,203,99,388,-43,179,-23" /><INIT seed="3,0,0,3,2,128" ten="197,302,345,156" oya="3" hai0="126,91,80,90,85,56,22,134,122,12,34,115,75" hai1="70,135,14,78,88,17,13,50,101,11,130,59,111" hai2="10,65,64,45,5,15,40,99,39,97,76,62,36" hai3="33,21,16,108,93,82,94,98,120,89,63,71,105"/><W117/><G117/><T79/><D122/><U74/><E70/><V81/><F39/><W129/><G120/><T67/><D34/><U35/><E35/><V46/><F46/><W104/><G33/><T132/><D115/><U73/><E130/><V127/><F127/><W123/><G123/><T86/><D126/><U53/><E111/><V47/><F47/><W31/><G31/><T29/><D56/><U116/><E116/><V8/><F8/><W69/><G129/><T0/><D67/><U54/><E101/><V107/><F107/><W106/><G108/><T52/><D52/><U38/><E38/><V58/><F65/><W3/><G3/><T110/><D0/><U131/><E78/><V19/><F5/><W103/><G82/><T23/><D110/><U25/><E25/><V77/><F77/><W114/><G63/><T133/><D12/><U92/><E131/><V124/><F124/><W1/><G1/><T44/><D44/><U119/><E119/><V18/><F19/><W30/><G30/><T60/><D60/><U32/><E32/><V61/><F62/><W87/><REACH who="3" step="1"/><G114/><REACH who="3" ten="197,302,345,146" step="2"/><T100/><D29/><U28/><E28/><V57/><F81/><W9/><G9/><T6/><D22/><U112/><E112/><V49/><F61/><W109/><G109/><T42/><D23/><U43/><E74/><V26/><F10/><W7/><G7/><T55/><D6/><N who="1" m="3319" /><E73/><V113/><F113/><W51/><G51/><T125/><D75/><U20/><E50/><V24/><F49/><W72/><G72/><T68/><D80/><U95/><E20/><RYUUKYOKU ba="0,1" sc="197,-10,302,-10,345,-10,146,30" hai3="16,21,69,71,87,89,93,94,98,103,104,105,106" /><INIT seed="3,1,1,4,2,126" ten="187,292,335,176" oya="3" hai0="94,127,12,43,30,53,62,24,101,17,73,42,32" hai1="13,21,11,95,130,64,69,85,65,96,71,10,120" hai2="88,41,83,0,105,78,28,55,115,34,60,104,100" hai3="80,98,118,25,40,48,20,128,82,131,109,77,7"/><W54/><G118/><T123/><D73/><U89/><E120/><V9/><F115/><W68/><G68/><T51/><D123/><U119/><E119/><V106/><F88/><W132/><G40/><T36/><D36/><U129/><E21/><V102/><F41/><W52/><G132/><T8/><D127/><U114/><E114/><V63/><F34/><W39/><G39/><T107/><D107/><U125/><E125/><V75/><F28/><N who="3" m="17447" /><G109/><T113/><D62/><U1/><E1/><V37/><F37/><W47/><G7/><T56/><REACH who="0" step="1"/><D113/><REACH who="0" ten="177,292,335,176" step="2"/><U16/><E71/><V33/><F106/><W81/><G77/><T111/><D111/><U76/><E69/><V58/><F105/><W86/><G98/><AGARI ba="1,2" hai="8,12,17,24,30,32,42,43,51,53,56,94,98,101" machi="98" ten="40,1300,0" yaku="1,1,53,0" doraHai="126" doraHaiUra="110" who="0" fromWho="3" sc="177,36,292,0,335,0,176,-16" owari="213,-18.7,292,9.2,335,43.5,160,-34.0" /></mjloggm>