<mjloggm ver="2.3"><GO type="225" lobby="0"/><UN n0="%E9%B3%B3%E6%9D%B1%E3%81%AE%E3%81%BF%E3%81%91%E3%81%AB%E3%82%83%E3%82%93" n1="%33%74%72%65%65" n2="%E6%81%A5%E6%99%92%E3%81%97" n3="%73%68%75%6D%70" dan="16,17,16,16" rate="2154.12,2198.36,2127.19,2126.94" sx="F,F,M,M"/><TAIKYOKU oya="0"/><INIT seed="0,0,0,3,3,54" ten="250,250,250,250" oya="0" hai0="3,0,103,55,21,42,112,5,28,34,134,30,105" hai1="22,51,35,99,84,89,9,124,73,93,128,116,100" hai2="59,31,122,90,11,16,121,87,20,75,4,48,82" hai3="125,68,127,106,47,107,63,113,92,46,71,6,50"/><T72/><D112/><U49/><E116/><V24/><F75/><W102/><G6/><T94/><D105/><U95/><E35/><V12/><REACH who="2" step="1"/><F31/><REACH who="2" ten="250,250,240,250" step="2"/><W60/><G113/><T14/><D72/><U69/><E73/><V37/><F37/><W2/><G125/><T111/><D28/><U74/><E124/><V86/><F86/><W98/><G127/><T17/><D30/><U76/><E128/><V39/><F39/><W18/><G71/><T53/><D134/><U96/><E69/><V64/><F64/><W80/><G68/><T101/><D111/><U19/><E74/><V117/><F117/><W62/><G107/><T67/><D67/><U70/><E70/><V114/><F114/><W23/><G106/><T131/><D131/><U83/><REACH who="1" step="1"/><E9/><REACH who="1" ten="250,240,240,250" step="2"/><V129/><F129/><W32/><G32/><T123/><D34/><U132/><E132/><V13/><F13/><AGARI ba="0,2" hai="13,19,22,49,51,76,83,84,89,93,95,96,99,100" machi="13" ten="30,7700,0" yaku="1,1,7,1,8,1,53,1" doraHai="54" doraHaiUra="77" who="1" fromWho="2" sc="250,0,240,97,240,-77,250,0" /><INIT seed="1,0,0,3,3,94" ten="250,337,163,250" oya="1" hai0="92,129,89,81,126,41,117,114,4,19,15,35,33" hai1="98,25,121,14,40,68,1,87,115,12,16,90,37" hai2="99,84,120,32,72,108,23,123,100,50,47,49,58" hai3="77,24,56,48,88,26,135,96,61,62,95,53,102"/><U119/><E115/><V127/><F32/><W10/><G135/><T83/><D117/><U54/><E119/><V76/><F72/><W59/><G77/><T36/><D114/><U64/><E121/><V51/><F108/><W3/><G62/><T63/><D4/><U43/><E1/><V27/><F127/><W0/><G0/><T93/><D126/><U104/><E68/><V103/><F120/><W128/><G128/><T101/><D129/><U91/><E64/><V80/><F123/><W73/><G73/><T133/><D133/><U13/><E37/><V85/><F85/><W6/><REACH who="3" step="1"/><G102/><REACH who="3" ten="250,337,163,240" step="2"/><T52/><D101/><U109/><E109/><V57/><F103/><W125/><G125/><T67/><D63/><U86/><E91/><V97/><F47/><W112/><G112/><T122/><D89/><U65/><E90/><V105/><REACH who="2" step="1"/><F99/><REACH who="2" ten="250,337,153,240" step="2"/><W5/><G5/><T44/><D122/><U116/><E98/><V78/><F78/><W71/><G71/><T113/><D113/><U130/><E130/><V111/><F111/><W21/><G21/><T55/><D44/><U2/><E116/><V134/><F134/><W39/><G39/><T131/><D36/><U70/><E70/><V110/><F110/><W20/><G20/><T8/><D131/><U107/><E86/><V11/><F11/><W66/><AGARI ba="0,2" hai="3,6,10,24,26,48,53,56,59,61,66,88,95,96" machi="66" ten="20,8000,1" yaku="1,1,0,1,7,1,52,1,54,1,53,0" doraHai="94" doraHaiUra="69" who="3" fromWho="3" sc="250,-20,337,-40,153,-20,240,100" /><INIT seed="2,0,0,5,0,69" ten="230,297,133,340" oya="2" hai0="94,80,117,49,66,83,82,90,102,56,81,50,7" hai1="13,96,133,113,62,48,57,61,36,24,76,116,126" hai2="75,131,121,106,18,78,44,21,52,53,25,122,46" hai3="20,71,104,70,110,39,97,26,31,135,63,16,38"/><V6/><F106/><W114/><G110/><T8/><D117/><U134/><E116/><V132/><F75/><W32/><G135/><N who="1" m="51722" /><E113/><V118/><F118/><W100/><G114/><T109/><D109/><U55/><E126/><V67/><F132/><W73/><G73/><T120/><D102/><U87/><E36/><V43/><F131/><W127/><G127/><T101/><D101/><U98/><E13/><V14/><F78/><W0/><G0/><T3/><D120/><U40/><E24/><V30/><F6/><W65/><G71/><T17/><D17/><U108/><E108/><V27/><F67/><W103/><G103/><T12/><D3/><U64/><E40/><V112/><F112/><W88/><G88/><T86/><N who="0" m="20480" /><DORA hai="5" /><T54/><REACH who="0" step="1"/><D66/><REACH who="0" ten="220,297,133,340" step="2"/><U119/><E119/><V9/><F25/><AGARI ba="0,1" hai="16,20,25,26,31,32,38,39,63,65,70,97,100,104" machi="25" ten="30,12000,2" yaku="7,1,25,2,52,2,54,1" doraHai="69,5" who="3" fromWho="2" sc="220,0,297,0,133,-120,340,130" /><INIT seed="3,0,0,5,4,41" ten="220,297,13,470" oya="3" hai0="28,88,79,132,52,26,0,103,30,101,74,84,66" hai1="65,34,70,116,13,27,33,14,114,91,11,85,131" hai2="39,48,97,20,46,123,115,134,22,95,94,127,106" hai3="23,24,10,21,135,110,67,6,8,89,38,31,124"/><W130/><G67/><T18/><D0/><U113/><E131/><V71/><F48/><W43/><G89/><T73/><D66/><U37/><E37/><V77/><F97/><W86/><G23/><T1/><D1/><U51/><E116/><V107/><F77/><W90/><G10/><T56/><D132/><U121/><E121/><V36/><F123/><W57/><G21/><T129/><D129/><U44/><E13/><V126/><F71/><W133/><G8/><T98/><D74/><U100/><E100/><V122/><F122/><W72/><G6/><T105/><D101/><U16/><E70/><V68/><F68/><W69/><G57/><T15/><D73/><U78/><E78/><V47/><F134/><W75/><G90/><T54/><D79/><U87/><E87/><V17/><F17/><W32/><G69/><T81/><D26/><U9/><E9/><V109/><REACH who="2" step="1"/><F109/><REACH who="2" ten="220,297,3,470" step="2"/><W42/><G133/><T120/><D120/><U29/><E51/><V125/><F125/><W40/><G110/><T55/><REACH who="0" step="1"/><D56/><REACH who="0" ten="210,297,3,470" step="2"/><U60/><E91/><V50/><F50/><W99/><G135/><T83/><D83/><U45/><E27/><V82/><F82/><W118/><G24/><T76/><D76/><U104/><E14/><V59/><F59/><W58/><G75/><T35/><D35/><U112/><E33/><V4/><F4/><W117/><G72/><T63/><D63/><U111/><E34/><V7/><F7/><W49/><G32/><T2/><D2/><U102/><E111/><V64/><F64/><W61/><G61/><T128/><D128/><RYUUKYOKU ba="0,2" sc="210,15,297,-15,3,15,470,-15" hai0="15,18,28,30,52,54,55,81,84,88,98,103,105" hai2="20,22,36,39,46,47,94,95,106,107,115,126,127" owari="225,-17.5,282,8.2,18,-48.2,475,57.5" /></mjloggm>