<mjloggm ver="2.3"><GO type="225" lobby="0"/><UN n0="%E9%BB%99%E8%81%B4%E3%81%AE%E3%81%99%E3%82%9D%E3%82%81" n1="%E3%83%A9%E3%82%A4%E3%83%B3%E3%81%AE%E8%99%8E" n2="%E5%B8%86%E7%AB%8B%E5%A4%8F%E8%A1%A3" n3="%E3%81%B2%E3%81%AA%E3%81%AE%E3%82%8A%E3%81%8F" dan="16,16,17,16" rate="2115.72,2175.66,2195.10,2109.91" sx="M,M,M,M"/><TAIKYOKU oya="0"/><INIT seed="0,0,0,3,3,29" ten="250,250,250,250" oya="0" hai0="89,5,134,81,128,110,82,27,78,4,124,127,80" hai1="112,113,90,15,52,35,101,1,93,108,19,75,69" hai2="92,3,51,43,21,115,55,42,6,103,50,30,109" hai3="25,74,40,85,64,44,84,32,111,104,9,57,59"/><T49/><D128/><U129/><E1/><V63/><F109/><W68/><G74/><T79/><D134/><U56/><E69/><V17/><F115/><N who="1" m="44105" /><E108/><V88/><F103/><W125/><G111/><T66/><D110/><U67/><E129/><V58/><F30/><W31/><G125/><N who="0" m="48203" /><D66/><U121/><E75/><V24/><F6/><N who="0" m="2666" /><D27/><U133/><E133/><V116/><F116/><W99/><G9/><T53/><D89/><U106/><E67/><V33/><F33/><W11/><G11/><T70/><D70/><U96/><E35/><V122/><F122/><W118/><G118/><T13/><D13/><U46/><E46/><AGARI ba="0,0" hai="46,49,53,78,79,80,81,82" m="2666,48203" machi="46" ten="30,1500,0" yaku="18,1" doraHai="29" who="0" fromWho="1" sc="250,15,250,-15,250,0,250,0" /><INIT seed="0,1,0,3,2,68" ten="265,235,250,250" oya="0" hai0="95,12,83,111,98,70,126,41,88,22,14,79,69" hai1="57,128,116,46,90,40,129,6,85,27,91,45,52" hai2="31,96,2,84,124,59,112,65,32,53,71,73,75" hai3="130,120,99,11,37,24,127,81,9,78,15,131,106"/><T92/><D126/><U4/><E116/><V29/><F2/><W39/><G127/><T17/><D111/><U114/><E27/><V100/><F112/><W104/><G120/><T74/><D41/><U34/><E34/><V86/><F124/><W108/><G108/><T60/><D60/><U97/><E114/><V0/><F0/><W101/><G106/><T94/><D94/><U55/><E97/><V3/><F3/><W115/><G24/><T103/><REACH who="0" step="1"/><D14/><REACH who="0" ten="255,235,250,250" step="2"/><U51/><E40/><V54/><F54/><W42/><G42/><T72/><D72/><U82/><E55/><V105/><F75/><W23/><G115/><T135/><D135/><U13/><E13/><V21/><F73/><W80/><G131/><T33/><D33/><U38/><E129/><V26/><F65/><W50/><G130/><T119/><D119/><U89/><E128/><V1/><F1/><W87/><G104/><T109/><D109/><U48/><E38/><V132/><F132/><W61/><G61/><T77/><D77/><N who="1" m="46287" /><E48/><V67/><F32/><W43/><G50/><T118/><D118/><U44/><AGARI ba="1,1" hai="4,6,44,45,46,51,52,57,89,90,91" m="46287" machi="44" ten="30,2000,0" yaku="8,1,54,1" doraHai="68" who="1" fromWho="1" sc="255,-11,235,33,250,-6,250,-6" /><INIT seed="1,0,0,4,2,110" ten="244,268,244,244" oya="1" hai0="7,72,100,53,25,54,64,121,108,112,86,31,102" hai1="47,129,41,116,26,101,77,61,69,18,83,113,98" hai2="63,125,59,3,122,21,119,91,2,20,43,23,90" hai3="87,97,51,115,68,81,133,131,58,114,104,78,67"/><U30/><E116/><V82/><F122/><W45/><G68/><T128/><D72/><U35/><E18/><V71/><F119/><W93/><G104/><T32/><D108/><U50/><E129/><V106/><F125/><W56/><G133/><T62/><D128/><U132/><E132/><V127/><F127/><W84/><G131/><T49/><D121/><U0/><E0/><V10/><F71/><W135/><G87/><T38/><D38/><U79/><E83/><V66/><F106/><W99/><G99/><T39/><D39/><U1/><E1/><V55/><F43/><W46/><G46/><T120/><D120/><U92/><REACH who="1" step="1"/><E113/><REACH who="1" ten="244,258,244,244" step="2"/><V94/><F3/><W29/><G135/><T60/><D112/><U75/><E75/><V85/><F2/><W42/><G29/><T27/><D7/><U89/><E89/><V8/><REACH who="2" step="1"/><F66/><AGARI ba="0,1" hai="26,30,35,41,47,50,61,66,69,77,79,92,98,101" machi="66" ten="40,2000,0" yaku="1,1,53,0" doraHai="110" doraHaiUra="5" who="1" fromWho="2" sc="244,0,258,30,244,-20,244,0" /><INIT seed="1,1,0,1,2,68" ten="244,288,224,244" oya="1" hai0="26,3,76,70,112,117,109,58,97,41,75,84,127" hai1="25,46,66,38,22,132,48,29,69,74,90,20,72" hai2="95,83,123,31,4,85,62,130,15,13,11,99,37" hai3="57,42,40,105,28,102,96,51,101,44,93,98,108"/><U125/><E125/><V118/><F118/><W114/><G108/><T87/><D70/><U30/><E132/><V133/><F133/><W100/><G114/><T131/><D3/><U122/><E122/><V128/><F123/><W55/><G28/><T27/><D75/><U121/><E121/><V71/><F31/><W45/><G102/><T18/><D112/><U88/><E38/><V24/><F24/><W80/><G80/><N who="0" m="47111" /><D117/><U129/><E129/><N who="2" m="49771" /><F15/><W134/><G134/><T81/><D109/><U33/><E69/><V9/><F11/><W65/><G65/><T135/><D127/><U2/><E66/><N who="2" m="41431" /><F83/><W126/><G126/><T79/><D135/><U60/><E2/><V14/><F14/><W49/><G45/><T77/><D77/><U92/><E33/><V111/><F85/><W106/><G106/><T36/><D36/><U54/><E60/><V119/><F119/><W110/><G110/><T61/><D41/><AGARI ba="1,0" hai="40,41,42,44,49,51,55,57,93,96,98,100,101,105" machi="41" ten="30,1000,0" yaku="7,1" doraHai="68" who="3" fromWho="0" sc="244,-13,288,0,224,0,244,13" /><INIT seed="2,0,0,3,5,127" ten="231,288,224,257" oya="2" hai0="46,117,84,106,35,8,134,130,111,97,81,98,61" hai1="49,122,20,13,74,70,132,131,18,52,120,11,86" hai2="36,55,85,135,38,6,32,59,133,110,28,128,50" hai3="77,66,126,107,65,64,40,72,9,69,73,96,92"/><V10/><F32/><W22/><G126/><T43/><D111/><U67/><E74/><V62/><F28/><W63/><G107/><T68/><D35/><U87/><E132/><N who="2" m="50763" /><F110/><W51/><G22/><T91/><D134/><U3/><E131/><V75/><F75/><W16/><G73/><T95/><D117/><U25/><E3/><N who="2" m="351" /><F85/><W56/><G72/><T41/><D130/><U116/><E116/><V39/><F50/><W14/><G77/><T83/><D8/><U53/><E67/><V34/><F34/><W109/><G109/><T93/><D106/><U79/><E70/><V12/><F12/><W26/><G26/><T76/><D83/><N who="1" m="47487" /><E87/><V102/><F102/><N who="3" m="60679" /><G69/><T121/><D121/><N who="1" m="46699" /><E49/><V118/><F118/><W21/><G9/><T15/><D15/><U113/><E113/><V100/><F100/><W7/><G7/><AGARI ba="0,0" hai="7,11,13,18,20,25,52,53" m="46699,47487" machi="7" ten="30,2000,0" yaku="13,1,54,1" doraHai="127" who="1" fromWho="3" sc="231,0,288,20,224,0,257,-20" /><INIT seed="3,0,0,3,0,45" ten="231,308,224,237" oya="3" hai0="29,82,68,27,90,125,14,133,24,57,39,44,75" hai1="111,42,28,67,5,79,78,13,104,51,112,115,101" hai2="46,26,74,95,21,48,99,96,16,56,130,88,4" hai3="34,20,49,97,120,81,116,108,19,55,93,33,63"/><W86/><G120/><T9/><D68/><U121/><E121/><V89/><F130/><W7/><G7/><T23/><D133/><U58/><E28/><V53/><F74/><W94/><G63/><T0/><D125/><U69/><E111/><V114/><F4/><W30/><G116/><T61/><D0/><U127/><E104/><V76/><F76/><W25/><G108/><T35/><D39/><U12/><E101/><N who="2" m="60575" /><F114/><W17/><G17/><T40/><D75/><U102/><E102/><V128/><F128/><W110/><G110/><T47/><D40/><U98/><E42/><N who="2" m="24663" /><F99/><W106/><G106/><T126/><D126/><U11/><E98/><V100/><F100/><W135/><G135/><T77/><D77/><U38/><E79/><V41/><F41/><W73/><G97/><T52/><D90/><U113/><E78/><V92/><F92/><W18/><G73/><T131/><D82/><U85/><E127/><V134/><F134/><W1/><G1/><T31/><REACH who="0" step="1"/><D131/><REACH who="0" ten="221,308,224,237" step="2"/><U64/><E38/><V8/><F8/><W65/><G81/><T50/><D50/><AGARI ba="0,1" hai="16,21,26,50,53,56,88,89" m="24663,60575" machi="50" ten="30,8000,1" yaku="8,1,52,2,54,2" doraHai="45" who="2" fromWho="0" sc="221,-80,308,0,224,90,237,0" owari="141,-35.9,308,10.8,314,41.4,237,-16.3" /></mjloggm>