<mjloggm ver="2.3"><GO type="225" lobby="0"/><UN n0="%72%69%6F%75%63%68%61%6E" n1="%E6%B7%91%E5%A5%B3%E3%81%AE%E5%97%9C%E3%81%BF" n2="%E6%98%93%E5%88%A9%E8%96%A9%E4%BC%AF" n3="%E3%81%99%E3%81%84%E3%81%BE%E3%81%9B%E3%83%BC%E3%82%93" dan="16,16,17,18" rate="2155.40,2107.55,2175.94,2196.95" sx="M,M,F,M"/><TAIKYOKU oya="0"/><INIT seed="0,0,0,0,3,24" ten="250,250,250,250" oya="0" hai0="110,128,84,13,117,82,121,42,51,19,79,5,118" hai1="12,18,106,123,100,56,49,21,124,127,45,116,125" hai2="27,58,91,10,85,4,83,11,47,38,103,114,8" hai3="115,78,3,60,102,17,67,70,36,96,122,26,69"/><T131/><D121/><U35/><E116/><V88/><F114/><W80/><G115/><T37/><D37/><U50/><E123/><V86/><F103/><W44/><G3/><T112/><D112/><U107/><E100/><V129/><F129/><N who="0" m="49738" /><D110/><U64/><E35/><V101/><F101/><W32/><G122/><T1/><D1/><U16/><E50/><V105/><F105/><W59/><G36/><T94/><D5/><U98/><E98/><V53/><F27/><W99/><G44/><N who="0" m="26007" /><D94/><U25/><E56/><V75/><F75/><W63/><G99/><T22/><AGARI ba="0,0" hai="13,19,22,79,82,84,117,118" m="26007,49738" machi="22" ten="30,1500,0" yaku="19,1" doraHai="24" who="0" fromWho="0" sc="250,15,250,-5,250,-5,250,-5" /><INIT seed="0,1,0,4,5,70" ten="265,245,245,245" oya="0" hai0="25,12,76,57,2,100,27,69,95,4,35,30,31" hai1="58,1,131,39,61,48,20,59,32,41,42,3,56" hai2="86,28,118,62,96,128,33,80,51,81,132,134,53" hai3="21,123,9,92,19,50,84,97,78,105,101,127,129"/><T26/><D69/><U85/><E32/><V111/><F111/><W91/><G129/><T49/><D2/><U7/><E131/><V135/><F128/><W115/><G115/><T88/><D100/><U22/><E61/><V47/><F118/><W13/><G127/><T102/><D102/><U73/><E73/><V103/><F62/><W23/><G123/><T130/><D130/><U82/><E48/><V120/><F120/><W63/><G63/><T77/><D4/><U104/><E104/><V109/><F109/><W15/><G15/><T93/><D12/><U36/><E7/><V99/><F99/><W68/><G68/><T38/><D38/><U75/><E58/><V65/><F65/><W116/><G116/><T67/><D95/><U8/><E75/><V6/><F6/><W87/><REACH who="3" step="1"/><G50/><REACH who="3" ten="265,245,245,235" step="2"/><T60/><D49/><U52/><E3/><V24/><REACH who="2" step="1"/><F86/><REACH who="2" ten="265,245,235,235" step="2"/><W107/><G107/><AGARI ba="1,2" hai="24,28,33,47,51,53,80,81,96,103,107,132,134,135" machi="107" ten="40,5200,0" yaku="1,1,2,1,20,1,53,0" doraHai="70" doraHaiUra="37" who="2" fromWho="3" sc="265,0,245,0,235,75,235,-55" /><INIT seed="1,0,0,0,0,117" ten="265,245,310,180" oya="1" hai0="69,37,86,102,2,43,30,46,126,22,13,33,107" hai1="130,49,71,17,91,11,50,68,87,94,106,109,56" hai2="123,95,45,63,82,75,70,96,108,135,122,101,120" hai3="52,28,84,73,8,100,10,132,127,118,0,57,44"/><U12/><E106/><V114/><F108/><W58/><G73/><T38/><D2/><U21/><E130/><V6/><F135/><W16/><G118/><T67/><D126/><U25/><E109/><V23/><F114/><W24/><G132/><T81/><D22/><U88/><E49/><V4/><F23/><W14/><G127/><T9/><D37/><U92/><E50/><V54/><F45/><W110/><G110/><T80/><D67/><U34/><E56/><V19/><F19/><W104/><G84/><T60/><D60/><U134/><E34/><V62/><F63/><W55/><G44/><T27/><D69/><U113/><E134/><V51/><F51/><N who="3" m="30879" /><G104/><T93/><D107/><U89/><E89/><V97/><F97/><W61/><G0/><T53/><D53/><U128/><E128/><V85/><F75/><W111/><G111/><T98/><REACH who="0" step="1"/><D86/><REACH who="0" ten="255,245,310,180" step="2"/><U74/><E74/><V115/><F54/><W131/><G131/><T32/><D32/><U133/><E133/><V59/><F70/><W47/><G8/><T35/><D35/><U116/><E116/><V76/><F76/><W90/><G47/><T66/><D66/><U83/><E113/><V78/><F115/><W124/><G124/><T105/><D105/><U41/><E71/><V129/><F129/><W77/><G77/><T121/><D121/><U5/><E68/><V103/><F62/><W112/><G112/><T119/><D119/><U29/><E41/><V26/><F122/><W64/><G55/><T3/><D3/><N who="1" m="447" /><E91/><V7/><F120/><W20/><G90/><T18/><AGARI ba="0,1" hai="9,13,18,27,30,33,38,43,46,80,81,93,98,102" machi="18" ten="20,5200,0" yaku="1,1,5,1,0,1,7,1,53,0" doraHai="117" doraHaiUra="125" who="0" fromWho="0" sc="255,62,245,-26,310,-13,180,-13" /><INIT seed="2,0,0,2,2,3" ten="317,219,297,167" oya="2" hai0="127,109,9,19,86,128,16,73,97,108,114,12,29" hai1="78,47,93,55,17,56,1,65,99,7,95,0,119" hai2="112,62,10,90,124,102,14,104,57,134,61,52,58" hai3="15,64,113,37,44,83,92,120,38,60,77,53,43"/><V76/><F112/><W130/><G120/><T41/><D114/><U105/><E119/><V26/><F134/><W34/><G113/><T121/><D121/><U106/><E78/><V5/><F124/><W24/><G130/><T131/><D73/><U118/><E118/><V50/><F76/><W88/><G53/><T30/><D127/><U74/><E74/><V110/><F110/><N who="0" m="42602" /><D41/><U31/><E31/><N who="0" m="11785" /><D97/><U48/><E99/><V2/><F26/><W33/><G24/><T79/><D19/><U51/><E17/><V11/><F102/><W126/><G126/><T4/><D16/><U71/><E105/><V20/><F104/><W21/><G21/><T28/><N who="0" m="11793" /><T40/><DORA hai="63" /><D40/><U22/><E22/><V100/><F20/><W39/><G15/><T66/><D66/><U132/><E106/><V87/><F100/><W111/><G111/><T117/><D117/><U8/><E0/><V81/><REACH who="2" step="1"/><F57/><REACH who="2" ten="317,219,287,167" step="2"/><W94/><G33/><T45/><D79/><U59/><E132/><V72/><F72/><W42/><G34/><T27/><D27/><U35/><E35/><V96/><F96/><W98/><G77/><T25/><D25/><U18/><E56/><V69/><F69/><W75/><G75/><T122/><D122/><U6/><E71/><V129/><F129/><N who="0" m="49738" /><D86/><U107/><E107/><V13/><F13/><W91/><G37/><T115/><D115/><U68/><E1/><V82/><F82/><W85/><G83/><T123/><D123/><U133/><E133/><V36/><F36/><N who="3" m="13867" /><G44/><AGARI ba="0,1" hai="4,9,12,44,45" m="49738,11793,42602" machi="44" ten="40,5200,0" yaku="14,1,19,1,52,1" doraHai="3,63" who="0" fromWho="3" sc="317,62,219,0,287,0,167,-52" /><INIT seed="3,0,0,2,4,69" ten="379,219,287,115" oya="3" hai0="31,68,112,135,17,114,49,80,98,44,104,75,50" hai1="22,129,37,61,13,125,85,96,45,24,78,66,5" hai2="86,8,101,51,4,1,113,84,131,19,126,34,111" hai3="59,29,90,41,6,57,36,134,42,117,92,23,9"/><W83/><G117/><T60/><D135/><U65/><E125/><V70/><F113/><N who="0" m="43626" /><D31/><U103/><E129/><V63/><F111/><W132/><G83/><T67/><D17/><U39/><E45/><V20/><F34/><W35/><G35/><T47/><D49/><U74/><E74/><V88/><F101/><W110/><G110/><T94/><D104/><U99/><E85/><V79/><F126/><W11/><G29/><T10/><D10/><N who="3" m="3593" /><G23/><T33/><D33/><U133/><E78/><V55/><F79/><W89/><G6/><T15/><D15/><U54/><E133/><N who="3" m="51306" /><G36/><T56/><D68/><U26/><E22/><V106/><F70/><W2/><G2/><T64/><D64/><U118/><E13/><V127/><F20/><W18/><G18/><T95/><D50/><U58/><E5/><V71/><F19/><W107/><G107/><T116/><D116/><U32/><E32/><V109/><F106/><W7/><G7/><T27/><D27/><U105/><E118/><V128/><F4/><W21/><G21/><T46/><D98/><U100/><E26/><V52/><F1/><W30/><G30/><T130/><D130/><U121/><E24/><V43/><F131/><W73/><G73/><T38/><D38/><N who="1" m="14347" /><E121/><V81/><F128/><W97/><G90/><T77/><AGARI ba="0,0" hai="44,46,47,56,60,67,75,77,80,94,95" m="43626" machi="77" ten="40,1500,0" yaku="11,1" doraHai="69" who="0" fromWho="0" sc="379,15,219,-4,287,-4,115,-7" owari="394,49.4,215,-18.5,283,8.3,108,-39.2" /></mjloggm>