<mjloggm ver="2.3"><GO type="225" lobby="0"/><UN n0="%E6%81%A5%E6%99%92%E3%81%97" n1="%72%65%6E%6B%75%6E" n2="%E3%83%96%E3%83%83%E3%83%91%E3%82%AA%E3%83%96%E3%83%81%E3%82%AD%E3%83%B3" n3="%E7%99%BD%E6%98%BC%E9%87%8C%E7%9A%84%E5%A4%9C" dan="16,17,16,16" rate="2132.69,2212.06,2144.60,2080.22" sx="M,M,M,M"/><TAIKYOKU oya="0"/><INIT seed="0,0,0,3,4,51" ten="250,250,250,250" oya="0" hai0="113,121,39,63,49,23,56,14,128,126,59,36,35" hai1="55,93,41,44,122,13,15,24,7,81,127,102,99" hai2="116,50,68,2,83,45,18,65,106,66,3,29,43" hai3="67,104,101,19,79,75,95,86,47,58,73,53,8"/><T42/><D35/><U133/><E122/><V38/><F106/><W26/><G104/><T108/><D121/><U37/><E133/><V100/><F100/><W94/><G75/><T32/><D32/><U85/><E127/><V54/><F29/><W69/><G73/><T105/><D105/><U130/><E130/><V6/><F116/><W61/><G47/><N who="0" m="25847" /><D23/><U11/><E24/><V22/><F83/><N who="3" m="47487" /><G69/><T115/><D14/><U46/><E46/><V110/><F110/><W91/><G101/><T134/><D128/><U74/><E74/><V52/><F54/><W72/><G72/><T64/><D126/><U21/><E55/><V31/><F31/><W20/><G91/><T33/><D33/><U84/><E81/><V107/><F107/><W48/><G8/><T90/><D90/><U0/><E0/><V12/><F68/><W9/><G9/><T5/><D5/><U28/><E28/><V17/><F17/><W34/><G34/><T1/><D1/><U97/><E21/><V71/><F6/><W27/><G27/><T111/><D134/><U98/><E13/><V109/><F109/><N who="0" m="42058" /><D59/><U135/><E135/><V118/><F71/><W92/><G67/><T123/><D123/><U57/><E57/><V96/><F66/><W131/><G131/><T25/><D25/><U16/><E7/><V124/><F65/><W103/><G103/><T87/><D87/><U89/><E84/><V10/><F124/><W60/><AGARI ba="0,0" hai="19,20,26,48,53,58,60,61,92,94,95" m="47487" machi="60" ten="30,2000,0" yaku="8,1,52,1" doraHai="51" who="3" fromWho="3" sc="250,-10,250,-5,250,-5,250,20" /><INIT seed="1,0,0,5,1,22" ten="240,245,245,270" oya="1" hai0="25,45,95,85,65,120,27,26,16,30,72,100,83" hai1="8,102,133,103,109,4,58,98,31,91,7,14,128" hai2="55,131,81,75,35,66,19,46,78,24,107,64,105" hai3="60,89,12,47,119,93,40,90,0,104,124,117,76"/><U51/><E128/><V53/><F131/><W11/><G0/><T44/><D72/><U9/><E133/><V115/><F115/><W111/><G111/><T2/><D2/><U79/><E109/><V135/><F135/><W23/><G104/><T114/><D114/><U57/><E79/><V3/><F3/><W18/><G124/><T54/><D65/><U122/><E31/><V84/><F107/><W126/><G126/><T134/><D134/><U32/><E122/><V17/><F105/><W20/><G76/><N who="0" m="46311" /><D120/><U36/><E32/><V62/><F75/><W10/><G60/><T125/><D30/><U71/><E36/><V1/><F1/><W33/><G20/><N who="0" m="13447" /><D125/><U112/><E14/><V116/><F116/><N who="3" m="44619" /><G33/><T73/><D73/><U101/><E71/><V129/><F129/><W68/><G68/><T52/><D52/><N who="1" m="31903" /><E58/><N who="2" m="35167" /><F35/><W5/><G5/><N who="1" m="2122" /><E112/><V96/><F78/><W37/><G90/><T42/><D42/><U21/><E21/><V106/><F106/><W61/><G61/><T108/><D108/><U130/><E130/><V94/><F17/><W63/><G63/><T127/><D127/><U77/><E77/><V6/><F19/><W80/><G37/><T99/><D45/><U121/><E121/><V34/><F46/><W43/><G47/><T50/><AGARI ba="0,0" hai="26,27,44,50,54,95,99,100" m="13447,46311" machi="50" ten="30,8000,1" yaku="8,1,52,3,54,1" doraHai="22" who="0" fromWho="0" sc="240,80,245,-40,245,-20,270,-20" /><INIT seed="2,0,0,3,0,104" ten="320,205,225,250" oya="2" hai0="83,53,40,11,122,2,3,21,49,19,92,54,46" hai1="15,80,95,45,38,107,93,51,39,32,91,89,58" hai2="110,98,75,114,55,112,27,76,124,135,8,65,108" hai3="103,113,121,57,71,10,120,37,99,4,130,117,67"/><V90/><F65/><W109/><G117/><T6/><D122/><U96/><E32/><V62/><F62/><N who="3" m="40439" /><G57/><T47/><D2/><U17/><E107/><V31/><F55/><W97/><G97/><T1/><D1/><U16/><E80/><N who="2" m="45087" /><F8/><W56/><G56/><T133/><D133/><U7/><E58/><V70/><F70/><W131/><G109/><N who="2" m="42089" /><F135/><W14/><G113/><N who="2" m="43625" /><F124/><W100/><G37/><T78/><D54/><U44/><E7/><V127/><F127/><W52/><G52/><T41/><D53/><U79/><E51/><V64/><F64/><W42/><G42/><T36/><D41/><U94/><E39/><V85/><F98/><W43/><G43/><T68/><D68/><U128/><E96/><V118/><F118/><W24/><G24/><T81/><D40/><U26/><E38/><V115/><N who="2" m="43633" /><V23/><DORA hai="33" /><F85/><W18/><G99/><T28/><D36/><U73/><E45/><V59/><F59/><W22/><G120/><T105/><D47/><U134/><E44/><V69/><F69/><W9/><G121/><T77/><D11/><N who="3" m="4105" /><G4/><T61/><D6/><U72/><E134/><V25/><F25/><W66/><G66/><T30/><D61/><U13/><E26/><V35/><F90/><N who="1" m="34313" /><E72/><V74/><F74/><W5/><G5/><T84/><D84/><U125/><E125/><V101/><F101/><W102/><G102/><T132/><D132/><U106/><E106/><V0/><F0/><W87/><G87/><N who="0" m="48559" /><D105/><U126/><E126/><V88/><F88/><W123/><G123/><T12/><D3/><U20/><E73/><RYUUKYOKU ba="0,0" sc="320,-15,205,-15,225,15,250,15" hai2="23,27,31,35" hai3="14,18,22,100,103,130,131" /><INIT seed="2,1,0,1,3,126" ten="305,190,240,265" oya="2" hai0="26,75,38,6,131,32,80,29,68,27,118,7,28" hai1="102,76,36,70,93,9,128,25,39,21,53,42,113" hai2="61,114,8,108,31,50,129,104,62,120,56,89,41" hai3="46,23,94,96,47,57,97,22,65,67,91,37,4"/><V72/><F114/><W59/><G37/><T81/><D38/><U95/><E70/><V43/><F120/><W48/><G4/><T116/><D68/><U115/><E76/><V135/><F72/><W88/><G48/><T49/><D49/><U122/><E122/><V40/><F104/><W84/><G84/><T79/><D131/><U100/><E9/><V87/><F135/><W90/><G90/><T127/><D127/><U60/><E60/><V110/><F31/><W3/><REACH who="3" step="1"/><G94/><REACH who="3" ten="305,190,240,255" step="2"/><T33/><D81/><U85/><E85/><V133/><F133/><W64/><G64/><T63/><D63/><U83/><E83/><V112/><F50/><W16/><G16/><T17/><D17/><U58/><E39/><V130/><F62/><W0/><AGARI ba="1,1" hai="0,3,22,23,46,47,57,59,65,67,88,91,96,97" machi="0" ten="25,12000,2" yaku="1,1,0,1,22,2,54,1,53,2" doraHai="126" doraHaiUra="54" who="3" fromWho="3" sc="305,-31,190,-31,240,-61,255,133" /><INIT seed="3,0,0,1,0,93" ten="274,159,179,388" oya="3" hai0="79,34,125,8,43,58,4,90,102,66,17,16,44" hai1="20,107,13,130,127,121,35,65,91,61,32,47,120" hai2="52,37,18,106,55,82,14,53,92,24,7,72,60" hai3="123,15,115,56,96,129,132,95,86,99,98,19,100"/><W23/><G123/><T97/><D125/><U122/><E127/><V26/><F106/><W62/><G115/><T9/><D34/><U108/><E107/><V40/><F37/><W71/><G71/><T38/><D79/><U29/><E108/><V67/><F40/><W73/><G73/><T85/><D66/><U110/><E110/><V135/><F135/><W48/><G132/><T51/><D38/><U131/><E47/><V109/><F109/><W128/><G48/><T36/><D58/><U6/><E91/><V45/><F45/><W25/><G86/><T0/><D9/><N who="1" m="4279" /><E61/><V112/><F7/><W41/><G41/><T119/><D119/><U77/><E65/><V88/><F82/><W84/><G84/><T76/><D76/><U57/><E57/><N who="2" m="37263" /><F72/><W54/><G128/><N who="1" m="49194" /><E77/><V22/><F112/><W113/><G113/><T94/><REACH who="0" step="1"/><D36/><REACH who="0" ten="264,159,179,388" step="2"/><U78/><E78/><V126/><F126/><W133/><G129/><T103/><D103/><U28/><E20/><V80/><F80/><W5/><G133/><T117/><D117/><U30/><AGARI ba="0,1" hai="28,29,30,32,35,120,121,122" m="49194,4279" machi="30" ten="40,5200,0" yaku="19,1,34,2" doraHai="93" who="1" fromWho="1" sc="264,-13,159,62,179,-13,388,-26" owari="251,5.1,221,-17.9,166,-33.4,362,46.2" /></mjloggm>