<mjloggm ver="2.3"><GO type="225" lobby="0"/><UN n0="%E4%BF%BA%E3%81%A8%E5%A6%96%E5%A4%A2" n1="%E7%99%BD%E5%80%89%E5%AF%9B%E4%B9%8B" n2="%77%72%77%72%77%72%77%72" n3="%E5%8D%A0%E3%81%84%E5%B8%AB%E8%A3%8F%E3%81%AA%E3%81%84%E3%81%97" dan="16,16,16,17" rate="2150.09,2151.69,2111.84,2246.54" sx="F,M,M,M"/><TAIKYOKU oya="0"/><INIT seed="0,0,0,2,4,58" ten="250,250,250,250" oya="0" hai0="130,99,68,134,50,1,111,127,82,102,132,116,96" hai1="129,53,80,28,8,60,114,16,21,126,117,19,47" hai2="88,106,40,128,91,85,48,55,71,86,13,63,67" hai3="135,72,124,65,108,120,31,52,7,62,42,32,75"/><T92/><D1/><U110/><E117/><V125/><F128/><W115/><G115/><T39/><D39/><U95/><E129/><V109/><F109/><W0/><G108/><T112/><D130/><U56/><E110/><V104/><F125/><W4/><G124/><T121/><D111/><U61/><E126/><V9/><F40/><W77/><G135/><N who="0" m="51755" /><D127/><U38/><E114/><V36/><F36/><W90/><G42/><T70/><D112/><U79/><E38/><V69/><F69/><W24/><G0/><T27/><D116/><U35/><E35/><V133/><F133/><W83/><G75/><T18/><D121/><U78/><E47/><V81/><F86/><W64/><G120/><T123/><D123/><U45/><E45/><V74/><F91/><W87/><G64/><T107/><D50/><N who="1" m="30775" /><E95/><V113/><F74/><W3/><G3/><T76/><D27/><N who="1" m="16495" /><E80/><V59/><REACH who="2" step="1"/><F113/><REACH who="2" ten="250,250,240,250" step="2"/><W30/><G72/><N who="0" m="43271" /><D18/><AGARI ba="0,1" hai="9,13,18,48,55,59,63,67,71,81,85,88,104,106" machi="18" ten="30,7700,0" yaku="1,1,7,1,52,1,54,1,53,0" doraHai="58" doraHaiUra="37" who="2" fromWho="0" sc="250,-77,250,0,240,87,250,0" /><INIT seed="1,0,0,1,3,99" ten="173,250,327,250" oya="1" hai0="27,21,132,46,130,110,18,109,123,85,36,67,117" hai1="128,98,47,94,62,78,95,72,76,93,61,8,64" hai2="119,38,50,55,11,126,69,33,84,49,29,20,12" hai3="122,22,89,63,125,23,134,40,101,114,83,127,105"/><U113/><E113/><V37/><F119/><W112/><G122/><T41/><D117/><U124/><E124/><N who="3" m="47690" /><G40/><T75/><D75/><U108/><E128/><V45/><F69/><W54/><G134/><T111/><D132/><U9/><E98/><V15/><F33/><W31/><G105/><T17/><D130/><U80/><E108/><N who="0" m="27649" /><T103/><DORA hai="58" /><D123/><U81/><E47/><V97/><F126/><W135/><G135/><T60/><D85/><U7/><E64/><V104/><F84/><N who="3" m="50335" /><G101/><T34/><D34/><U86/><REACH who="1" step="1"/><E9/><REACH who="1" ten="173,240,327,250" step="2"/><V10/><F11/><W129/><G129/><T59/><D103/><U107/><E107/><V30/><F10/><W28/><G112/><T3/><D3/><AGARI ba="0,1" hai="3,7,8,61,62,72,76,78,80,81,86,93,94,95" machi="3" ten="40,12000,1" yaku="1,1,52,2,53,1" doraHai="99,58" doraHaiUra="16,6" who="1" fromWho="0" sc="173,-120,240,130,327,0,250,0" /><INIT seed="1,1,0,4,4,112" ten="53,370,327,250" oya="1" hai0="110,113,90,93,107,26,67,64,25,21,45,48,76" hai1="23,59,134,22,32,88,15,133,77,75,18,3,101" hai2="114,120,57,0,111,119,121,103,49,16,105,71,66" hai3="132,33,68,127,116,124,27,4,44,58,80,97,37"/><U100/><E32/><V35/><F0/><W39/><G68/><T40/><D113/><U84/><E3/><V10/><F114/><W108/><G108/><T102/><D107/><U28/><E75/><V30/><F111/><W17/><G132/><N who="1" m="50794" /><E77/><V7/><F7/><W13/><G4/><T72/><D102/><N who="1" m="39531" /><E59/><V51/><F119/><W20/><G97/><T98/><D110/><U129/><E129/><V69/><F69/><W52/><G116/><T92/><D76/><U82/><E28/><V94/><F105/><W56/><G56/><T2/><D2/><U63/><E63/><N who="2" m="38255" /><F71/><W81/><G33/><T115/><D72/><U43/><E43/><V95/><F35/><W83/><G13/><T125/><D125/><N who="3" m="48201" /><G44/><T104/><D104/><U99/><E99/><V78/><F103/><W135/><G135/><T131/><D131/><U65/><E65/><V91/><F120/><W74/><G74/><T128/><D128/><U118/><E118/><V38/><F121/><W47/><G47/><T31/><D115/><U122/><E122/><V85/><F38/><W41/><G41/><T89/><REACH who="0" step="1"/><D26/><REACH who="0" ten="43,370,327,250" step="2"/><U96/><E15/><V50/><F78/><W46/><G27/><T6/><D6/><U1/><E1/><V109/><F109/><W9/><G37/><T54/><D54/><U19/><E96/><AGARI ba="1,1" hai="21,25,31,40,45,48,64,67,89,90,92,93,96,98" machi="96" ten="30,8000,1" yaku="1,1,7,1,9,1,8,1,53,1" doraHai="112" doraHaiUra="36" who="0" fromWho="1" sc="43,93,370,-83,327,0,250,0" /><INIT seed="2,0,0,2,4,60" ten="136,287,327,250" oya="2" hai0="129,109,92,115,70,5,43,123,107,37,20,53,49" hai1="122,71,54,15,29,134,117,84,26,65,18,6,76" hai2="124,119,4,66,51,31,28,94,102,112,40,99,132" hai3="25,57,100,77,91,35,0,106,42,13,16,98,130"/><V21/><F112/><W96/><G0/><T36/><D123/><U125/><E122/><V110/><F119/><W24/><G130/><T103/><D115/><U34/><E117/><V88/><F132/><W78/><G42/><T101/><D129/><U82/><E134/><V52/><F124/><W116/><G116/><T90/><D109/><U56/><E125/><V22/><F40/><W135/><G135/><T104/><D5/><U105/><E105/><V111/><F4/><W7/><G7/><T58/><D70/><U2/><E6/><V126/><F126/><W46/><G46/><T14/><D107/><U39/><E39/><V12/><F102/><W93/><G25/><T95/><D104/><U121/><E121/><V48/><F48/><W9/><REACH who="3" step="1"/><G57/><REACH who="3" ten="136,287,327,240" step="2"/><T131/><D131/><U33/><E2/><V47/><F111/><W97/><G97/><T1/><D1/><U41/><E41/><V80/><F110/><W63/><G63/><T3/><D3/><U19/><E71/><V32/><F99/><W86/><G86/><N who="0" m="52311" /><D37/><U67/><E34/><V87/><F47/><W75/><G75/><T8/><D36/><U69/><E69/><V23/><F32/><W61/><G61/><T59/><D58/><U55/><E56/><V79/><F87/><W81/><G81/><T50/><D43/><U133/><E133/><V120/><F80/><W83/><G83/><T10/><D49/><U62/><E62/><V68/><F51/><W85/><G85/><T17/><D95/><U73/><E73/><V38/><F94/><W128/><G128/><T27/><D27/><RYUUKYOKU ba="0,1" sc="136,15,287,-15,327,-15,240,15" hai0="8,10,14,17,20,50,53,59,101,103" hai3="9,13,16,24,35,77,78,91,93,96,98,100,106" /><INIT seed="3,1,1,4,0,111" ten="151,272,312,255" oya="3" hai0="39,1,55,40,135,114,17,125,69,44,107,4,57" hai1="3,11,32,89,50,128,126,134,14,92,43,49,68" hai2="63,8,23,10,123,98,31,100,60,35,93,106,102" hai3="99,20,83,28,85,75,105,80,131,133,21,120,29"/><W127/><G120/><T72/><D107/><U73/><E32/><V88/><F35/><W78/><G131/><T33/><D33/><U59/><E68/><V0/><F0/><W115/><G133/><T113/><D135/><U130/><E73/><V77/><F77/><W15/><G127/><T62/><D125/><U5/><E126/><V38/><F38/><W27/><G15/><T56/><D72/><U13/><E134/><V19/><F123/><W9/><G9/><N who="2" m="3689" /><F31/><W76/><G99/><T66/><D1/><U6/><E6/><V96/><F106/><W82/><G105/><T117/><D4/><U71/><E71/><V34/><F34/><W79/><G115/><N who="0" m="44043" /><D17/><U112/><E112/><V119/><F96/><W84/><G75/><T48/><D117/><U22/><E3/><V90/><F119/><W81/><N who="3" m="20480" /><DORA hai="47" /><W132/><G132/><T86/><D86/><N who="3" m="33385" /><G27/><T122/><D122/><U26/><E5/><V7/><F7/><W53/><G53/><T108/><D108/><U45/><E128/><V54/><F90/><W18/><G18/><T37/><D37/><U52/><E130/><V41/><F54/><W129/><G129/><T101/><D101/><N who="2" m="39018" /><F41/><W104/><G104/><T24/><D24/><AGARI ba="1,1" hai="19,23,24,60,63,88,93,98" m="39018,3689" machi="24" ten="30,2000,0" yaku="8,1,54,1" doraHai="111,47" who="2" fromWho="0" sc="151,-23,272,0,312,33,255,0" owari="128,-37.2,272,7.2,345,44.5,255,-14.5" /></mjloggm>