<mjloggm ver="2.3"><GO type="225" lobby="0"/><UN n0="%E6%80%AA%E3%81%97%E3%81%99%E3%81%8E%E3%82%8B%E3%83%81%E3%83%BC" n1="%6D%61%74%69%67%75%73%61" n2="%E5%B6%BA%E4%B8%8A%E5%92%B2" n3="%E8%A8%88%E7%AE%97%E6%A9%9F%E8%87%AA%E7%84%B6" dan="16,17,16,17" rate="2086.19,2146.38,2160.10,2171.50" sx="M,M,F,M"/><TAIKYOKU oya="0"/><INIT seed="0,0,0,3,1,15" ten="250,250,250,250" oya="0" hai0="4,48,121,43,64,34,110,10,42,60,99,56,75" hai1="57,44,96,49,92,59,101,133,66,13,108,93,85" hai2="115,17,55,78,54,90,2,94,106,109,87,12,105" hai3="84,61,29,50,89,118,129,11,23,24,116,9,40"/><T62/><D121/><U126/><E108/><V52/><F2/><W117/><G129/><T100/><D75/><U68/><E133/><V82/><F115/><W95/><REACH who="3" step="1"/><G61/><REACH who="3" ten="250,250,250,240" step="2"/><T130/><D130/><U88/><E126/><V16/><F109/><W31/><G31/><T119/><D110/><U98/><E68/><V91/><F91/><W73/><G73/><T127/><D62/><U33/><E66/><V103/><F103/><W21/><G21/><T30/><D127/><U113/><E113/><V125/><F125/><W5/><G5/><T69/><D69/><U71/><E71/><V22/><REACH who="2" step="1"/><F17/><REACH who="2" ten="250,250,240,240" step="2"/><W51/><G51/><T122/><D48/><U81/><E49/><V36/><F36/><W102/><G102/><T41/><D100/><U3/><E101/><V74/><AGARI ba="0,2" hai="12,16,22,52,54,55,74,78,82,87,90,94,105,106" machi="74" ten="30,8000,1" yaku="1,1,0,1,52,1,54,2,53,0" doraHai="15" doraHaiUra="131" who="2" fromWho="2" sc="250,-40,250,-20,240,100,240,-20" /><INIT seed="1,0,0,2,3,20" ten="210,230,340,220" oya="1" hai0="100,128,101,49,76,41,5,7,11,37,65,126,73" hai1="48,15,86,134,91,113,105,44,108,98,66,93,94" hai2="54,135,121,90,12,24,85,23,31,35,68,25,45" hai3="130,97,55,26,27,61,125,118,60,52,17,114,119"/><U80/><E113/><V124/><F68/><W4/><G114/><T102/><D37/><U28/><E134/><V112/><F112/><W77/><G130/><T103/><D128/><U62/><E108/><V10/><F121/><W107/><G4/><T43/><D126/><U117/><E117/><N who="3" m="44554" /><G125/><T16/><D65/><U99/><E105/><V96/><F135/><W104/><G77/><T88/><N who="0" m="25600" /><DORA hai="30" /><T46/><D41/><U122/><E122/><V115/><F96/><W74/><G74/><T18/><D88/><U39/><E39/><V72/><F72/><W56/><G97/><T120/><D120/><U13/><E28/><V1/><F1/><W84/><G84/><T133/><D133/><U75/><E75/><V81/><F124/><W64/><G17/><T38/><D49/><U70/><E99/><V92/><F115/><W132/><G55/><T58/><D58/><U0/><E0/><V59/><F92/><W69/><G132/><T79/><D7/><U63/><E94/><V106/><F106/><AGARI ba="0,0" hai="26,27,52,56,60,61,64,69,104,106,107" m="44554" machi="106" ten="30,7700,0" yaku="12,1,52,2,54,1" doraHai="20,30" who="3" fromWho="2" sc="210,0,230,0,340,-77,220,77" /><INIT seed="2,0,0,0,4,63" ten="210,230,263,297" oya="2" hai0="25,82,114,84,119,28,55,54,109,123,1,0,132" hai1="17,15,56,6,16,87,104,47,34,85,92,72,67" hai2="53,113,8,11,106,23,81,68,48,73,71,37,64" hai3="57,30,2,5,118,121,117,98,108,105,9,32,26"/><V33/><F33/><W27/><G57/><T134/><D114/><U83/><E104/><V61/><F106/><W45/><G27/><T51/><D123/><U35/><E72/><V107/><F107/><W115/><G121/><T66/><D109/><U3/><E3/><N who="0" m="1097" /><D119/><N who="3" m="45577" /><G45/><T10/><D10/><U101/><E34/><V125/><F37/><W88/><G88/><N who="0" m="51223" /><D51/><U22/><E35/><V41/><F125/><W116/><G116/><T24/><D66/><U18/><E47/><V21/><F113/><W36/><G115/><T99/><D99/><N who="1" m="59623" /><E6/><V74/><F74/><W128/><G128/><T120/><D120/><U43/><E43/><V91/><F73/><W103/><G108/><T19/><D19/><N who="1" m="7243" /><E83/><V12/><F41/><W29/><G29/><T40/><D40/><U110/><E110/><V93/><F81/><W7/><G7/><T70/><D70/><U46/><E46/><V75/><F71/><W59/><G59/><T65/><D65/><U14/><E14/><V78/><F75/><W126/><G126/><T111/><D111/><U50/><E50/><V4/><F48/><W77/><G77/><T94/><D94/><U13/><E13/><N who="2" m="5255" /><F78/><W135/><G36/><T58/><D58/><U90/><E90/><V44/><F68/><W76/><G76/><T95/><D95/><U96/><E96/><N who="2" m="57407" /><F44/><W38/><G38/><T122/><D122/><U62/><AGARI ba="0,0" hai="15,18,22,56,62,67,85,87" m="7243,59623" machi="62" ten="30,4000,0" yaku="8,1,52,1,54,1" doraHai="63" who="1" fromWho="1" sc="210,-10,230,40,263,-20,297,-10" /><INIT seed="3,0,0,0,2,25" ten="200,270,243,287" oya="3" hai0="99,10,36,111,52,43,35,53,114,115,107,65,59" hai1="63,45,57,113,55,129,87,77,73,119,50,49,3" hai2="116,126,78,69,90,123,85,120,131,51,133,134,89" hai3="15,86,12,22,61,2,7,48,64,33,104,4,18"/><W56/><G33/><T6/><D111/><U97/><E113/><N who="0" m="43017" /><D35/><U88/><E3/><V66/><F116/><W37/><G37/><T46/><D65/><U38/><E129/><V34/><F34/><W75/><G75/><T101/><D59/><U20/><E119/><V109/><F109/><W26/><G104/><T124/><D124/><U24/><E38/><V23/><F131/><W60/><G2/><AGARI ba="0,0" hai="2,6,10,36,43,46,52,53,99,101,107" m="43017" machi="2" ten="30,2000,0" yaku="11,1,54,1" doraHai="25" who="0" fromWho="3" sc="200,20,270,0,243,0,287,-20" /><INIT seed="4,0,0,0,2,117" ten="220,270,243,267" oya="0" hai0="132,33,101,61,135,72,36,59,43,93,119,3,80" hai1="87,104,77,102,95,129,11,97,100,111,56,107,5" hai2="2,4,131,82,84,81,68,105,38,78,24,22,123" hai3="46,31,49,1,65,64,70,58,53,14,55,113,57"/><T20/><D119/><U110/><E56/><N who="3" m="21610" /><G1/><T74/><D33/><U120/><E11/><V121/><F68/><W40/><G31/><T42/><D3/><U27/><E27/><V91/><F105/><N who="1" m="40521" /><E5/><V125/><F131/><W35/><G14/><T92/><D20/><U17/><E17/><V115/><F115/><W12/><G12/><T134/><D101/><N who="1" m="60607" /><E120/><V16/><F38/><N who="3" m="21783" /><G35/><T103/><D103/><N who="1" m="39467" /><E129/><V23/><F125/><W116/><G116/><T15/><D15/><U45/><E45/><V6/><F23/><W26/><G26/><T76/><D74/><U133/><E133/><N who="0" m="34049" /><T32/><DORA hai="89" /><D32/><U51/><E51/><V75/><REACH who="2" step="1"/><F6/><REACH who="2" ten="220,270,233,267" step="2"/><W126/><G126/><T86/><D72/><U79/><E111/><V73/><F73/><W50/><G113/><T44/><D42/><U25/><E110/><V67/><F67/><AGARI ba="0,1" hai="36,43,44,59,61,67,76,80,86,92,93" m="34049" machi="67" ten="40,7700,0" yaku="20,1,52,2" doraHai="117,89" who="0" fromWho="2" sc="220,87,270,0,233,-77,267,0" owari="307,40.7,270,7.0,156,-34.4,267,-13.3" /></mjloggm>