<mjloggm ver="2.3"><GO type="225" lobby="0"/><UN n0="%E7%9A%AE%E3%80%85" n1="%E3%82%AF%E3%82%A3%E3%82%A6" n2="%E3%83%B4%E3%82%A3%E3%83%AF%E3%82%B3%E3%82%B0%E3%83%8B" n3="%E4%BF%BA%E3%81%A8%E5%A6%96%E5%A4%A2" dan="16,16,17,16" rate="2137.99,2073.67,2236.49,2112.26" sx="F,M,M,F"/><TAIKYOKU oya="0"/><INIT seed="0,0,0,0,3,90" ten="250,250,250,250" oya="0" hai0="28,6,107,25,42,73,85,89,105,102,125,110,50" hai1="92,37,35,117,132,29,27,81,11,82,128,69,45" hai2="97,41,64,115,53,131,99,12,38,88,3,113,72" hai3="20,40,86,39,134,71,58,130,15,118,114,47,70"/><T22/><D73/><U54/><E117/><V32/><F3/><W135/><G118/><T127/><D6/><U62/><E128/><V60/><F72/><W0/><G0/><T14/><D14/><U133/><E11/><V103/><F32/><W30/><G114/><T77/><D77/><U112/><E112/><V26/><F131/><W48/><G130/><T13/><D13/><U65/><E92/><V94/><F53/><W7/><G86/><T1/><D1/><U87/><E54/><V121/><F121/><W9/><G58/><T56/><D102/><U46/><E81/><V43/><F26/><N who="3" m="16711" /><G39/><T17/><D28/><U76/><REACH who="1" step="1"/><E37/><REACH who="1" ten="250,240,250,250" step="2"/><V44/><F115/><W106/><G106/><T8/><D107/><U16/><E16/><V36/><F113/><W120/><G120/><T96/><D105/><U104/><E104/><V21/><F36/><W33/><G33/><T95/><D8/><U116/><E116/><V66/><F38/><W18/><G18/><T122/><D122/><U75/><E75/><V91/><F94/><W55/><G55/><T100/><D110/><U109/><E109/><V78/><F64/><W108/><G108/><T124/><D42/><U80/><E80/><V52/><F41/><W129/><G129/><T68/><D125/><U101/><E101/><V119/><F103/><W83/><G83/><N who="0" m="49343" /><D127/><U61/><E61/><V84/><F119/><W123/><G123/><T67/><D124/><U2/><E2/><V10/><F60/><W79/><G9/><T31/><D17/><U51/><E51/><V19/><F43/><W111/><G111/><RYUUKYOKU ba="0,1" sc="250,-10,240,30,250,-10,250,-10" hai1="27,29,35,45,46,62,65,69,76,82,87,132,133" /><INIT seed="1,1,1,0,5,109" ten="240,270,240,240" oya="1" hai0="17,12,114,34,33,105,110,23,66,108,123,49,38" hai1="82,18,55,44,84,134,83,135,2,3,122,111,36" hai2="99,30,53,80,72,81,10,104,86,14,11,47,106" hai3="1,95,133,93,46,96,0,52,56,5,112,63,27"/><U64/><E122/><V37/><F30/><W75/><G75/><T28/><D123/><U100/><E64/><V7/><F72/><W58/><G133/><N who="1" m="50698" /><E100/><V51/><F37/><W120/><G120/><T41/><D105/><U121/><E121/><V32/><F32/><W60/><G112/><T79/><D114/><U20/><E111/><N who="0" m="42537" /><D38/><U4/><E4/><V61/><F99/><W113/><G113/><T42/><D66/><U25/><E82/><V116/><F116/><W22/><G46/><N who="0" m="25807" /><D79/><N who="1" m="46207" /><E55/><V40/><F10/><W124/><G5/><T35/><D42/><AGARI ba="1,1" hai="2,3,18,20,25,36,42,44" m="46207,50698" machi="42" ten="30,1500,0" yaku="20,1" doraHai="109" who="1" fromWho="0" sc="240,-18,270,28,240,0,240,0" /><INIT seed="1,2,0,4,1,39" ten="222,298,240,240" oya="1" hai0="64,112,1,19,79,3,38,108,86,95,97,17,101" hai1="61,12,66,130,80,27,50,8,129,98,5,105,76" hai2="131,6,71,121,67,20,115,124,75,45,34,85,36" hai3="31,127,47,125,89,43,52,40,70,48,21,44,41"/><U107/><E27/><V92/><F34/><W29/><G70/><T4/><D112/><U117/><E117/><V28/><F75/><W63/><G63/><T126/><D108/><U15/><E50/><V77/><F121/><W133/><G133/><T123/><D123/><U78/><E15/><V46/><F36/><W32/><G32/><T83/><D126/><N who="3" m="48137" /><G47/><T99/><D64/><U90/><E90/><V93/><F6/><W60/><G60/><T37/><D97/><U9/><E9/><V57/><F71/><W33/><G33/><T65/><D65/><U56/><E76/><V69/><F69/><W10/><G21/><T116/><D116/><U109/><E109/><V49/><F131/><W26/><G26/><T23/><D19/><U13/><E13/><V120/><F115/><W53/><G53/><T96/><D96/><U87/><REACH who="1" step="1"/><E98/><REACH who="1" ten="222,288,240,240" step="2"/><V7/><F77/><W51/><G51/><T22/><D38/><U106/><AGARI ba="2,1" hai="5,8,12,56,61,66,78,80,87,105,106,107,129,130" machi="106" ten="40,7800,0" yaku="1,1,2,1,0,1,53,0" doraHai="39" doraHaiUra="118" who="1" fromWho="1" sc="222,-28,288,94,240,-28,240,-28" /><INIT seed="1,3,0,4,5,64" ten="194,382,212,212" oya="1" hai0="95,68,100,14,132,57,22,80,115,45,6,114,31" hai1="74,51,18,27,34,3,49,124,50,109,85,26,73" hai2="105,112,129,1,61,93,32,15,28,104,70,35,133" hai3="94,67,0,36,121,75,82,52,40,55,122,71,62"/><U128/><E3/><V17/><F1/><W63/><G0/><T4/><D68/><U9/><E124/><V10/><F129/><W60/><G94/><T91/><D132/><U58/><E128/><V12/><F133/><W120/><G82/><T39/><D100/><U125/><E125/><V106/><F112/><W103/><G103/><T117/><D117/><U2/><E58/><V41/><F41/><W113/><G75/><T43/><D80/><U56/><E56/><V119/><F119/><W102/><G102/><T90/><D90/><U38/><E38/><V65/><F28/><W110/><G113/><T21/><D57/><U47/><E47/><V53/><F53/><N who="3" m="20555" /><G110/><T83/><D83/><U29/><E109/><V92/><REACH who="2" step="1"/><F15/><REACH who="2" ten="194,382,202,212" step="2"/><W101/><G101/><T33/><D33/><AGARI ba="3,1" hai="10,12,17,32,33,35,61,65,70,92,93,104,105,106" machi="33" ten="50,6400,0" yaku="1,1,2,1,52,1,53,0" doraHai="64" doraHaiUra="131" who="2" fromWho="0" sc="194,-73,382,0,202,83,212,0" /><INIT seed="2,0,0,3,5,15" ten="121,382,285,212" oya="2" hai0="58,80,51,25,83,120,105,88,9,5,114,110,31" hai1="67,0,30,76,101,7,75,2,11,52,115,35,32" hai2="39,68,118,46,53,111,54,62,130,109,132,94,79" hai3="4,19,98,37,45,134,90,22,1,26,44,10,71"/><V112/><F79/><W97/><G71/><T126/><D114/><U84/><E115/><V113/><F118/><W124/><G124/><T123/><D126/><U117/><E117/><V122/><F122/><W48/><G134/><T92/><D105/><U87/><E101/><V29/><F29/><W24/><G37/><T57/><D110/><N who="2" m="41994" /><F94/><W38/><G38/><T119/><D119/><U61/><E75/><V135/><F130/><W131/><G131/><T116/><D116/><U78/><E30/><V59/><F68/><W12/><G45/><T17/><D123/><U36/><E78/><V42/><F53/><W108/><G108/><T95/><D120/><U6/><E52/><V128/><F128/><W125/><G125/><T70/><D70/><U18/><E76/><V99/><F99/><W89/><G98/><N who="0" m="57607" /><D95/><U40/><E84/><V33/><F33/><W107/><G107/><T64/><D64/><U77/><E87/><V100/><F100/><W56/><G97/><T63/><D63/><U85/><E77/><V34/><F34/><W65/><G90/><T41/><D41/><U96/><E85/><V82/><F82/><N who="0" m="31274" /><D51/><U103/><E35/><V50/><F50/><W66/><G89/><T43/><D43/><U133/><E32/><V102/><F102/><W72/><G72/><T21/><D31/><U86/><E103/><V127/><F127/><W16/><G66/><T27/><D27/><U129/><E96/><V121/><F121/><W104/><G104/><T106/><D106/><U47/><E129/><V8/><F113/><W28/><G65/><T55/><D55/><RYUUKYOKU ba="0,0" sc="121,30,382,-10,285,-10,212,-10" hai0="5,9,17,21,25,57,58" /><INIT seed="3,1,0,0,4,123" ten="151,372,275,202" oya="3" hai0="121,134,10,74,27,37,120,24,45,115,73,81,19" hai1="50,29,110,20,83,53,46,7,55,66,96,106,117" hai2="119,77,70,23,51,127,57,28,2,78,44,91,63" hai3="130,103,59,102,114,21,88,60,132,67,94,86,76"/><W30/><G114/><T17/><D115/><U98/><E110/><V38/><F2/><W31/><G132/><T16/><D10/><U82/><E117/><V41/><F119/><W105/><G130/><T85/><D134/><U79/><E106/><V14/><F127/><W93/><G105/><T64/><D64/><U99/><E66/><V118/><F118/><W129/><G129/><T3/><D3/><U108/><E108/><V48/><F48/><W12/><G76/><T42/><D120/><U26/><E7/><V90/><F38/><W34/><G34/><T39/><D121/><U11/><E11/><V36/><F36/><W5/><G94/><T25/><REACH who="0" step="1"/><D39/><REACH who="0" ten="141,372,275,202" step="2"/><U62/><E79/><AGARI ba="1,1" hai="16,17,19,24,25,27,37,42,45,73,74,79,81,85" machi="79" ten="40,5200,0" yaku="1,1,2,1,54,1,53,0" doraHai="123" doraHaiUra="33" who="0" fromWho="1" sc="141,65,372,-55,275,0,202,0" owari="206,-19.4,317,41.7,275,7.5,202,-29.8" /></mjloggm>