<mjloggm ver="2.3"><GO type="225" lobby="0"/><UN n0="%E7%9A%AE%E3%80%85" n1="%EF%BC%AE%EF%BC%A1%EF%BC%AF%33%33%39" n2="%E9%BB%99%E8%81%B4%E3%81%AE%E3%81%99%E3%82%9D%E3%82%81" n3="%E3%83%96%E3%83%83%E3%83%91%E3%82%AA%E3%83%96%E3%83%81%E3%82%AD%E3%83%B3" dan="16,16,16,16" rate="2133.93,2111.39,2118.97,2081.81" sx="F,M,M,M"/><TAIKYOKU oya="0"/><INIT seed="0,0,0,3,1,114" ten="250,250,250,250" oya="0" hai0="65,31,85,62,90,105,22,58,48,75,64,117,109" hai1="8,11,135,25,80,20,72,96,119,103,49,59,51" hai2="44,13,83,35,46,2,89,106,116,66,47,71,10" hai3="110,133,29,55,130,40,131,101,122,69,88,56,99"/><T30/><D75/><U81/><E135/><V27/><F106/><W76/><G69/><T82/><D105/><U43/><E72/><V36/><F2/><W34/><G133/><T19/><D109/><U42/><E59/><V77/><F89/><W0/><G0/><T17/><D65/><U63/><E20/><V95/><F95/><W21/><G34/><T41/><D117/><U126/><E63/><V28/><F66/><W111/><G76/><T91/><D91/><U68/><E25/><V67/><F67/><W84/><G40/><T124/><D124/><U78/><E96/><V61/><F61/><N who="3" m="35999" /><G21/><T50/><D19/><U73/><E103/><V127/><F71/><W60/><G60/><T1/><D1/><U123/><E73/><V70/><F70/><W86/><G29/><N who="0" m="10763" /><D41/><U97/><E68/><V128/><F127/><W3/><G3/><T134/><D134/><U79/><E126/><V120/><F120/><W45/><G122/><T74/><D74/><U26/><E97/><V37/><F128/><N who="3" m="49195" /><G101/><T33/><D33/><U4/><E123/><V53/><F53/><W12/><G99/><T24/><AGARI ba="0,0" hai="17,22,24,48,50,58,62,64,82,85,90" m="10763" machi="24" ten="30,1500,0" yaku="8,1" doraHai="114" who="0" fromWho="0" sc="250,15,250,-5,250,-5,250,-5" /><INIT seed="0,1,0,3,5,77" ten="265,245,245,245" oya="0" hai0="118,98,34,26,85,120,37,91,44,20,115,93,133" hai1="47,56,15,67,21,27,40,82,41,22,97,24,50" hai2="79,35,0,106,39,122,45,29,74,19,134,109,81" hai3="57,92,69,111,3,87,6,32,135,113,23,49,59"/><T60/><D115/><U33/><E33/><V46/><F122/><W14/><G113/><T53/><D120/><U13/><E97/><V58/><F109/><W9/><G111/><T129/><D118/><U7/><E7/><V55/><F106/><W51/><G69/><T80/><D34/><U127/><E127/><V72/><F134/><W101/><G135/><T11/><D133/><U96/><E96/><V110/><F110/><W18/><G59/><T123/><D123/><U54/><E67/><V71/><F71/><W31/><G57/><T12/><D129/><U43/><E56/><V63/><F0/><W75/><G75/><T105/><D105/><U124/><E124/><V114/><F114/><W52/><G52/><T107/><D107/><U25/><REACH who="1" step="1"/><E82/><REACH who="1" ten="265,235,245,245" step="2"/><V102/><F81/><W131/><G131/><T104/><D98/><U119/><E119/><V89/><F35/><W73/><G101/><T116/><D116/><U100/><E100/><V84/><F102/><W5/><G5/><T1/><D104/><U126/><E126/><V90/><F58/><W38/><G32/><T64/><D64/><U128/><E128/><V48/><F63/><W95/><G6/><N who="0" m="3191" /><D60/><U121/><E121/><V88/><F74/><W30/><G73/><T2/><D80/><U8/><E8/><V65/><F72/><W86/><G9/><T68/><D68/><U16/><E16/><V103/><F103/><W62/><G18/><N who="0" m="12567" /><D53/><U36/><E36/><V61/><F39/><W28/><G38/><T112/><D112/><U42/><N who="1" m="10240" /><DORA hai="76" /><U4/><E4/><V99/><F65/><RYUUKYOKU ba="1,1" sc="265,15,235,15,245,-15,245,-15" hai0="1,2,37,44,85,91,93" hai1="13,15,21,22,24,25,27,47,50,54" /><INIT seed="0,2,1,4,4,75" ten="280,250,230,230" oya="0" hai0="40,115,38,34,121,63,67,17,23,90,82,11,45" hai1="87,8,52,131,108,98,42,9,100,39,109,117,92" hai2="95,33,85,129,101,58,73,132,91,7,1,24,113" hai3="22,79,13,56,50,16,124,128,78,97,15,47,111"/><T20/><D115/><U19/><E117/><V88/><F113/><W133/><G111/><N who="1" m="42570" /><E42/><V84/><F129/><W51/><G124/><T89/><D121/><U36/><E131/><V80/><F132/><W44/><G133/><T119/><D119/><U43/><E87/><V104/><F1/><W118/><G118/><T134/><D134/><U0/><E0/><V5/><F73/><W4/><G56/><T125/><D125/><U64/><E64/><V3/><F3/><W60/><G60/><T25/><D34/><U105/><E105/><V10/><F10/><N who="1" m="4201" /><E43/><V68/><F68/><W76/><G128/><T127/><D127/><U49/><E19/><V59/><F104/><W123/><G123/><T130/><D130/><U53/><E53/><V2/><F101/><W86/><G97/><T102/><D102/><U69/><E69/><V83/><F95/><W29/><G86/><T81/><D11/><U41/><E41/><V122/><F2/><W12/><G4/><T114/><D114/><U112/><E112/><V65/><F122/><W106/><G106/><T135/><D135/><U93/><E93/><V116/><F116/><W70/><G70/><T96/><D96/><U61/><E61/><N who="2" m="38071" /><F59/><AGARI ba="2,1" hai="36,39,49,52,59,92,98,100" m="4201,42570" machi="59" ten="30,2000,0" yaku="14,1,54,1" doraHai="75" who="1" fromWho="2" sc="280,0,250,36,230,-26,230,0" /><INIT seed="1,0,0,4,3,4" ten="280,286,204,230" oya="1" hai0="120,48,127,11,87,20,46,89,115,133,111,114,84" hai1="126,71,121,33,99,50,59,74,67,15,100,57,14" hai2="109,47,68,27,5,7,13,103,123,1,49,91,22" hai3="65,69,82,106,16,40,43,80,8,86,76,51,19"/><U36/><E121/><V90/><F68/><W130/><G106/><T83/><D120/><U23/><E33/><V78/><F123/><W53/><G130/><T37/><D37/><U34/><E34/><V132/><F1/><W2/><G69/><T42/><D111/><U32/><E32/><V101/><F132/><W28/><G65/><T63/><D133/><U17/><E36/><V113/><F78/><N who="3" m="46359" /><G2/><T61/><D127/><U25/><E74/><V64/><F64/><W128/><G28/><T102/><D102/><N who="2" m="38922" /><F109/><W58/><G128/><T94/><D20/><U77/><E77/><V29/><F113/><W79/><G19/><T122/><D122/><U70/><E70/><V119/><F119/><W18/><G18/><T112/><REACH who="0" step="1"/><D11/><REACH who="0" ten="270,286,204,230" step="2"/><U35/><E35/><V6/><F13/><N who="3" m="7207" /><G79/><AGARI ba="0,1" hai="42,46,48,61,63,79,83,84,87,89,94,112,114,115" machi="79" ten="40,1300,0" yaku="1,1,53,0" doraHai="4" doraHaiUra="135" who="0" fromWho="3" sc="270,23,286,0,204,0,230,-13" /><INIT seed="2,0,0,4,3,74" ten="293,286,204,217" oya="2" hai0="40,94,1,115,57,15,133,52,64,118,72,28,43" hai1="127,76,16,0,82,5,17,33,12,35,53,61,110" hai2="11,117,122,59,134,55,112,109,88,50,3,97,24" hai3="65,22,25,44,102,18,90,14,20,23,79,26,37"/><V31/><F112/><W73/><G102/><T54/><D1/><U62/><E0/><V36/><F117/><W70/><G70/><T13/><D115/><U98/><E5/><V29/><F122/><W120/><G120/><T30/><D72/><U10/><E110/><V132/><F36/><W67/><G73/><T95/><D118/><U19/><E127/><V105/><F109/><W104/><G79/><T21/><D64/><N who="3" m="24649" /><G104/><T9/><D133/><N who="2" m="51306" /><F24/><N who="3" m="9323" /><G37/><T92/><D21/><N who="3" m="8297" /><G90/><T89/><D89/><U56/><E35/><V8/><F105/><W126/><G126/><T32/><D32/><U42/><E33/><V48/><F48/><W135/><G135/><T66/><D66/><U93/><E61/><V114/><F114/><W121/><G121/><T91/><D91/><U111/><E111/><V131/><F131/><W80/><G80/><T27/><D27/><U124/><E124/><V41/><F41/><N who="0" m="15946" /><D15/><U47/><E42/><V107/><F107/><W51/><G14/><T87/><D87/><N who="1" m="48583" /><E47/><V130/><F130/><W84/><G44/><T39/><D39/><U101/><AGARI ba="0,0" hai="10,12,16,17,19,53,56,62,93,98,101" m="48583" machi="101" ten="30,4000,0" yaku="8,1,52,1,54,1" doraHai="74" who="1" fromWho="1" sc="293,-10,286,40,204,-20,217,-10" /><INIT seed="3,0,0,1,5,123" ten="283,326,184,207" oya="3" hai0="87,64,32,36,100,33,57,113,28,47,7,12,66" hai1="15,80,67,72,95,58,86,116,132,18,83,93,65" hai2="49,79,1,21,44,17,29,76,105,75,5,74,4" hai3="81,8,129,9,99,42,54,114,23,112,48,130,118"/><W24/><G81/><T38/><D100/><U13/><E72/><V90/><F105/><W22/><G42/><T124/><D87/><U84/><E132/><V85/><F75/><W53/><G99/><T6/><D12/><U77/><E116/><V60/><F29/><W102/><G102/><T3/><D57/><U98/><E58/><V39/><F39/><W110/><G48/><T92/><D28/><U109/><E109/><V14/><F60/><W134/><G24/><T68/><D92/><N who="1" m="35403" /><E98/><V26/><F1/><W40/><G40/><T111/><D111/><U30/><E30/><V25/><F74/><W35/><G35/><T59/><D59/><U2/><E2/><V45/><F45/><W127/><G127/><T19/><D3/><U10/><E15/><V96/><F96/><W91/><G91/><AGARI ba="0,0" hai="10,13,18,65,67,77,80,83,84,86,91" m="35403" machi="91" ten="30,1000,0" yaku="8,1" doraHai="123" who="1" fromWho="3" sc="283,0,326,10,184,0,207,-10" owari="283,8.3,336,43.6,184,-31.6,197,-20.3" /></mjloggm>