<mjloggm ver="2.3"><GO type="225" lobby="0"/><UN n0="%E3%81%99%E3%81%84%E3%81%BE%E3%81%9B%E3%83%BC%E3%82%93" n1="%E5%A4%8F%E9%88%B4%E9%88%B4%E5%A4%8F" n2="%E5%8F%AF%E5%85%90%E9%82%A3%E7%94%B1%E5%A4%9A" n3="%E9%BB%99%E8%81%B4%E3%81%AE%E3%81%99%E3%82%9D%E3%82%81" dan="18,16,16,16" rate="2224.90,2112.45,2119.24,2067.60" sx="M,F,F,M"/><TAIKYOKU oya="0"/><INIT seed="0,0,0,1,0,26" ten="250,250,250,250" oya="0" hai0="80,12,114,116,40,21,54,111,79,42,70,50,89" hai1="41,14,46,93,64,117,29,24,77,6,105,51,75" hai2="133,36,113,130,16,1,134,13,3,2,109,69,73" hai3="25,120,49,67,68,44,28,19,72,101,59,135,125"/><T30/><D114/><U81/><E105/><V37/><F69/><W43/><G135/><N who="2" m="51721" /><F73/><W128/><G128/><T32/><D116/><U76/><E76/><V10/><F113/><W11/><G125/><T22/><D70/><U56/><E93/><V99/><F130/><W18/><G72/><T55/><D111/><U83/><E83/><V104/><F109/><W9/><G68/><T103/><D103/><AGARI ba="0,0" hai="1,2,3,10,13,16,36,37,99,103,104" m="51721" machi="103" ten="40,2600,0" yaku="20,1,54,1" doraHai="26" who="2" fromWho="0" sc="250,-26,250,0,250,26,250,0" /><INIT seed="1,0,0,2,1,19" ten="224,250,276,250" oya="1" hai0="89,91,36,97,79,74,87,6,10,28,135,117,115" hai1="8,116,29,125,11,25,128,68,26,98,13,78,66" hai2="0,52,48,106,110,15,59,107,62,72,41,17,132" hai3="127,120,33,12,75,85,92,16,102,95,134,31,7"/><U84/><E116/><V24/><F0/><W5/><G75/><T105/><D115/><U54/><E128/><V39/><F72/><W46/><G120/><T40/><D117/><U43/><E125/><V35/><F110/><W118/><G134/><T83/><D135/><U99/><E43/><V96/><F132/><W101/><G127/><T49/><D28/><U34/><E54/><V65/><F96/><N who="3" m="59527" /><G33/><T64/><D64/><U67/><E8/><V20/><F39/><W77/><G118/><T93/><D36/><U42/><E42/><V32/><F41/><W129/><G129/><T9/><D6/><U130/><E130/><V37/><F37/><W50/><G31/><T22/><D22/><U30/><E68/><V61/><F61/><W51/><G102/><N who="0" m="62671" /><D89/><U4/><E67/><V60/><F60/><W56/><G56/><T14/><D14/><U121/><E66/><V57/><REACH who="2" step="1"/><F15/><REACH who="2" ten="224,250,266,250" step="2"/><W122/><G122/><T131/><D131/><U53/><E121/><V112/><F112/><W100/><G51/><T44/><AGARI ba="0,1" hai="9,10,40,44,49,74,79,83,87,91,93" m="62671" machi="44" ten="30,1100,0" yaku="24,1" doraHai="19" who="0" fromWho="0" sc="224,21,250,-5,266,-3,250,-3" /><INIT seed="2,0,0,1,4,90" ten="245,245,263,247" oya="2" hai0="125,74,129,13,61,68,103,116,79,127,92,52,106" hai1="118,63,109,121,34,119,110,78,114,19,55,51,76" hai2="28,20,16,117,10,38,1,67,88,111,135,133,72" hai3="21,18,107,97,89,113,84,3,0,120,69,101,32"/><V66/><F117/><W39/><G120/><T123/><D123/><U131/><E34/><V25/><F72/><W132/><G32/><T80/><D116/><N who="1" m="44587" /><E121/><V64/><F38/><W115/><G69/><T53/><D129/><U44/><E19/><V36/><F36/><W83/><G39/><T87/><D13/><U124/><E114/><N who="3" m="43530" /><G132/><N who="2" m="50761" /><F111/><N who="1" m="42505" /><E131/><V82/><F1/><W122/><G122/><T126/><D68/><U31/><E31/><V85/><F10/><W128/><G128/><T91/><D61/><U59/><E124/><V93/><F82/><W45/><G45/><T33/><D33/><U57/><E57/><V23/><F23/><W130/><G130/><T56/><D56/><U102/><E102/><V94/><F94/><W71/><G71/><T81/><D81/><U99/><E99/><AGARI ba="0,0" hai="52,53,74,79,80,87,91,92,99,103,106,125,126,127" machi="99" ten="40,8000,1" yaku="24,2,18,1,52,1,54,1" doraHai="90" who="0" fromWho="1" sc="245,80,245,-80,263,0,247,0" /><INIT seed="3,0,0,5,5,49" ten="325,165,263,247" oya="3" hai0="36,58,45,9,28,20,18,30,97,73,93,94,62" hai1="72,130,113,44,114,85,3,78,31,70,59,43,46" hai2="115,99,33,63,0,79,52,117,38,10,116,23,109" hai3="84,32,86,98,131,55,16,104,57,39,77,24,54"/><W128/><G39/><T42/><D73/><U80/><E130/><N who="3" m="49706" /><G77/><T35/><D9/><U2/><E70/><V129/><F115/><W101/><G32/><T7/><D7/><U8/><E31/><V103/><F33/><W88/><G57/><T75/><D75/><U118/><E118/><V133/><F38/><W134/><G134/><T132/><D132/><U76/><E46/><V21/><F133/><W48/><G48/><N who="0" m="26679" /><D94/><U56/><E85/><N who="3" m="32874" /><G88/><N who="0" m="55463" /><D36/><U122/><E78/><V82/><F129/><W4/><G4/><T100/><D100/><U124/><E122/><V108/><F117/><W111/><G111/><T34/><D34/><U37/><E124/><V123/><F116/><W27/><G27/><N who="0" m="14743" /><D35/><U19/><E2/><V66/><F123/><W74/><G74/><T89/><D89/><U68/><E68/><V125/><F125/><W11/><G11/><T29/><D29/><U60/><E19/><V121/><F10/><W64/><G64/><AGARI ba="0,0" hai="28,30,58,62,64" m="14743,55463,26679" machi="64" ten="30,2000,0" yaku="8,1,54,1" doraHai="49" who="0" fromWho="3" sc="325,20,165,0,263,0,247,-20" owari="345,44.5,165,-33.5,263,6.3,227,-17.3" /></mjloggm>