<mjloggm ver="2.3"><GO type="225" lobby="0"/><UN n0="%E3%81%8B%E3%82%8F%E3%81%A1%E3%82%83%E3%82%93%35%38" n1="%E3%83%96%E3%83%83%E3%83%91%E3%82%AA%E3%83%96%E3%83%81%E3%82%AD%E3%83%B3" n2="%E5%91%A8%E6%9D%B1" n3="%EF%BC%AE%EF%BC%A1%EF%BC%AF%33%33%39" dan="16,16,17,16" rate="2136.06,2153.51,2130.74,2109.16" sx="M,M,M,M"/><TAIKYOKU oya="0"/><INIT seed="0,0,0,0,1,105" ten="250,250,250,250" oya="0" hai0="93,114,129,64,107,35,16,25,37,115,51,88,122" hai1="48,62,79,18,104,42,28,32,63,15,126,55,90" hai2="124,71,73,102,21,6,7,1,59,97,95,110,24" hai3="119,56,86,67,76,130,44,0,89,99,131,3,132"/><T117/><D37/><U103/><E126/><V38/><F71/><W78/><G119/><T46/><D117/><U39/><E79/><V83/><F124/><W65/><G99/><T33/><D122/><U77/><E77/><V120/><F120/><W68/><G68/><T8/><D107/><U52/><E103/><V50/><F38/><W121/><G44/><T34/><D129/><U19/><E104/><V134/><F134/><W108/><G121/><T100/><D64/><U47/><E90/><V2/><F110/><W30/><G30/><T72/><D72/><U29/><E19/><V14/><F73/><W127/><G89/><T57/><D57/><N who="1" m="35111" /><E32/><V80/><F1/><W135/><G127/><T36/><D36/><U118/><E39/><V22/><F2/><W5/><G5/><N who="2" m="1545" /><F14/><W45/><G108/><T26/><D100/><U113/><E113/><V82/><F24/><W43/><G3/><T54/><D26/><U49/><E63/><V4/><F4/><W9/><G0/><T53/><D53/><AGARI ba="0,0" hai="21,22,50,53,59,80,82,83,95,97,102" m="1545" machi="53" ten="30,1000,0" yaku="8,1" doraHai="105" who="2" fromWho="0" sc="250,-10,250,0,250,10,250,0" /><INIT seed="1,0,0,0,1,73" ten="240,250,260,250" oya="1" hai0="92,3,11,51,57,26,23,2,21,45,96,132,29" hai1="68,80,119,74,35,40,13,10,56,112,63,78,42" hai2="54,14,37,47,94,22,38,30,43,53,48,72,91" hai3="131,31,133,101,84,105,118,67,64,85,79,61,71"/><U102/><E112/><V7/><F72/><W66/><G31/><T90/><D132/><U41/><E119/><V50/><F43/><W135/><G101/><T106/><D106/><U62/><E35/><V12/><F7/><W120/><G105/><T18/><D57/><U99/><E68/><V97/><F38/><W110/><G120/><T111/><D111/><U65/><E63/><V127/><F37/><W103/><G103/><T128/><D128/><U108/><E108/><V58/><REACH who="2" step="1"/><F127/><REACH who="2" ten="240,250,250,250" step="2"/><W98/><G110/><T123/><D123/><U126/><E126/><V115/><F115/><W81/><G133/><T55/><REACH who="0" step="1"/><D11/><REACH who="0" ten="230,250,250,250" step="2"/><U4/><REACH who="1" step="1"/><E41/><REACH who="1" ten="230,240,250,250" step="2"/><V6/><F6/><W124/><G124/><T60/><D60/><U70/><E70/><V36/><F36/><W33/><G61/><T19/><D19/><U1/><E1/><V116/><F116/><W24/><G71/><T39/><D39/><U9/><E9/><V95/><F95/><AGARI ba="0,3" hai="4,10,13,40,42,56,62,65,74,78,80,95,99,102" machi="95" ten="30,5800,0" yaku="1,1,7,1,52,1,53,0" doraHai="73" doraHaiUra="87" who="1" fromWho="2" sc="230,0,240,88,250,-58,250,0" /><INIT seed="1,1,0,1,5,122" ten="230,328,192,250" oya="1" hai0="50,60,43,35,20,114,88,16,85,39,91,55,54" hai1="62,63,47,56,32,4,12,19,71,84,23,59,133" hai2="6,132,28,65,22,38,111,41,10,93,103,61,113" hai3="15,8,130,57,75,124,112,117,99,3,127,82,40"/><U33/><E71/><V125/><F113/><W79/><G112/><T135/><D35/><U83/><E133/><V94/><F132/><W101/><G3/><T98/><D39/><U73/><E73/><V25/><F125/><W48/><G130/><T24/><D114/><U69/><E69/><V29/><F29/><W37/><G37/><T45/><D135/><U104/><E104/><V121/><F121/><W11/><G117/><T72/><D72/><U51/><E4/><V97/><F38/><W27/><G27/><T74/><D74/><U78/><E59/><N who="2" m="37055" /><F94/><W123/><G123/><T0/><D0/><U102/><E63/><V126/><F41/><W36/><G36/><T17/><D17/><U86/><E102/><V96/><F96/><W129/><G129/><T18/><D18/><U2/><E86/><V134/><F126/><N who="3" m="48171" /><G15/><T67/><D98/><U44/><E2/><N who="2" m="343" /><F134/><W118/><G118/><T53/><REACH who="0" step="1"/><D85/><REACH who="0" ten="220,328,192,250" step="2"/><U26/><E33/><V89/><F89/><W95/><G99/><T108/><D108/><AGARI ba="1,1" hai="22,25,28,93,97,103,108,111" m="343,37055" machi="108" ten="30,3900,0" yaku="25,1,52,2" doraHai="122" who="2" fromWho="0" sc="220,-42,328,0,192,52,250,0" /><INIT seed="2,0,0,5,4,47" ten="178,328,244,250" oya="2" hai0="70,25,15,88,129,128,95,71,30,79,100,99,28" hai1="89,73,6,50,36,103,54,133,110,9,131,120,52" hai2="90,16,56,93,58,98,65,22,87,49,123,23,0" hai3="72,111,68,83,91,29,8,12,20,53,5,112,14"/><V41/><F0/><W67/><G111/><T122/><D122/><U82/><E36/><V132/><F123/><W27/><G112/><T55/><D79/><U63/><E120/><V66/><F132/><W57/><G68/><T115/><D115/><U126/><E110/><V44/><F23/><W18/><G67/><N who="2" m="25609" /><F98/><W117/><G117/><T75/><D75/><U113/><E113/><V40/><F40/><W46/><G46/><T39/><D39/><U108/><E108/><V35/><F35/><W3/><G72/><T59/><D71/><U77/><E133/><V34/><F34/><W10/><G83/><T31/><D70/><U43/><E43/><V119/><F119/><W69/><G69/><T21/><D15/><AGARI ba="0,0" hai="15,16,22,41,44,49,56,58,87,90,93" m="25609" machi="15" ten="30,5800,0" yaku="8,1,52,1,54,1" doraHai="47" who="2" fromWho="0" sc="178,-58,328,0,244,58,250,0" /><INIT seed="2,1,0,5,0,103" ten="120,328,302,250" oya="2" hai0="20,14,63,83,9,117,3,131,49,92,53,35,28" hai1="65,58,12,21,5,40,22,90,56,100,61,111,118" hai2="110,52,80,46,98,120,119,0,73,107,45,126,1" hai3="132,11,89,6,36,16,124,76,19,31,94,27,112"/><V47/><F120/><W127/><G36/><T116/><D35/><U79/><E118/><N who="0" m="45673" /><D131/><U85/><E111/><V96/><F119/><W105/><G76/><T115/><D115/><U48/><E100/><V97/><F110/><W24/><G112/><T54/><D3/><U55/><E79/><V87/><F73/><W4/><G105/><T18/><D83/><N who="1" m="49471" /><E40/><V122/><F107/><W64/><G64/><T39/><D39/><U101/><E101/><V29/><F122/><W88/><G132/><T30/><D92/><U13/><E13/><V10/><F126/><N who="3" m="48171" /><G89/><T78/><D78/><U69/><E69/><V108/><F108/><W72/><G72/><T113/><D113/><U71/><E71/><V121/><F121/><W95/><G95/><T59/><D9/><AGARI ba="1,0" hai="5,9,12,21,22,48,55,56,58,61,65" m="49471" machi="9" ten="30,1000,0" yaku="8,1" doraHai="103" who="1" fromWho="0" sc="120,-13,328,13,302,0,250,0" /><INIT seed="3,0,0,3,3,0" ten="107,341,302,250" oya="3" hai0="101,14,81,121,11,27,80,63,30,98,117,88,61" hai1="108,9,43,97,75,44,26,85,109,52,99,124,126" hai2="60,115,49,69,66,65,54,8,23,74,103,38,28" hai3="134,129,79,19,96,50,106,111,17,57,24,33,13"/><W132/><G79/><T104/><D117/><U5/><E75/><V72/><F115/><W135/><G129/><T128/><D128/><U47/><E85/><V34/><F34/><W53/><G111/><N who="1" m="42570" /><E26/><V16/><F28/><N who="3" m="19591" /><G13/><T71/><D121/><U1/><E52/><V56/><F103/><AGARI ba="0,0" hai="17,19,50,53,57,96,103,106,132,134,135" m="19591" machi="103" ten="30,1500,0" yaku="20,1" doraHai="0" who="3" fromWho="2" sc="107,0,341,0,302,-15,250,15" /><INIT seed="3,1,0,1,3,107" ten="107,341,287,265" oya="3" hai0="40,27,132,70,80,102,38,50,60,121,45,101,106" hai1="105,20,0,58,29,135,119,124,66,9,18,17,34" hai2="79,4,44,120,131,74,15,41,1,118,37,33,109" hai3="92,24,5,76,39,96,30,73,25,89,90,59,54"/><W81/><G39/><T84/><D121/><U46/><E105/><V14/><F118/><W103/><G5/><T8/><D132/><U71/><E71/><V113/><F113/><W28/><G25/><T85/><D106/><U108/><E108/><V134/><F33/><W19/><G19/><T55/><D27/><N who="1" m="18751" /><E18/><V100/><F100/><W67/><G67/><T116/><D116/><U93/><E46/><V61/><F109/><W12/><G12/><T32/><D32/><U57/><E66/><V21/><F120/><W47/><G47/><T7/><D70/><U94/><E124/><V125/><F125/><W42/><G42/><T56/><D84/><U36/><E36/><V78/><F61/><W52/><G54/><T115/><D38/><U86/><E135/><V127/><F131/><W63/><REACH who="3" step="1"/><G28/><REACH who="3" ten="107,341,287,255" step="2"/><T129/><D129/><U11/><E17/><N who="2" m="10423" /><F127/><W87/><G87/><T53/><D53/><U48/><E86/><V95/><F4/><W83/><G83/><T75/><D75/><U72/><E72/><V99/><F74/><W77/><G77/><T65/><D65/><U82/><E82/><V51/><F15/><W64/><G64/><T110/><D110/><U23/><E119/><V6/><F37/><W104/><G104/><T49/><D115/><U91/><E0/><V3/><F134/><W88/><G88/><N who="0" m="51239" /><D60/><U98/><E91/><N who="2" m="55807" /><F3/><W130/><G130/><T22/><D22/><AGARI ba="1,1" hai="22,24,30,52,59,63,73,76,81,89,90,92,96,103" machi="22" ten="30,12000,1" yaku="1,1,7,1,52,1,54,1,53,1" doraHai="107" doraHaiUra="16" who="3" fromWho="0" sc="107,-123,341,0,287,0,255,133" owari="-16,-51.6,341,14.1,287,-11.3,388,48.8" /></mjloggm>