<mjloggm ver="2.3"><GO type="225" lobby="0"/><UN n0="%70%68%65%6E%6F%6D%65" n1="%E7%9A%AE%E3%80%85" n2="%E6%A1%9C%E8%8A%B1%E9%96%83%E3%80%85" n3="%E5%B0%8F%E9%B3%A5%E9%81%8A%E7%B7%B4%E7%84%A1%32%31%E6%AD%B3" dan="16,16,16,16" rate="2147.29,2135.62,2110.37,2163.92" sx="M,F,M,F"/><TAIKYOKU oya="0"/><INIT seed="0,0,0,0,0,39" ten="250,250,250,250" oya="0" hai0="46,53,14,93,16,12,113,41,133,34,19,83,69" hai1="132,85,62,84,60,29,8,31,15,50,66,80,7" hai2="117,33,87,26,118,37,51,101,107,86,94,10,54" hai3="44,106,109,68,120,78,55,92,125,81,9,6,76"/><T108/><D113/><U59/><E132/><V127/><F37/><W79/><G106/><T98/><D34/><U42/><E62/><V105/><F10/><W131/><G109/><T40/><D69/><U89/><E85/><N who="2" m="32267" /><F26/><W126/><G131/><T128/><D128/><U77/><E89/><V134/><F33/><W123/><G68/><T64/><D64/><U56/><E59/><V119/><F134/><W99/><G55/><T135/><D108/><U28/><REACH who="1" step="1"/><E29/><REACH who="1" ten="250,240,250,250" step="2"/><V90/><F90/><W32/><G123/><T70/><D70/><U75/><E75/><V88/><F101/><W63/><G120/><T112/><D133/><U57/><E57/><N who="2" m="32991" /><F127/><W3/><G126/><T47/><D135/><U23/><E23/><V58/><F58/><W72/><G125/><T5/><D112/><U27/><E27/><V116/><F116/><W130/><G72/><T96/><D98/><AGARI ba="0,1" hai="88,94,98,105,107,117,118,119" m="32991,32267" machi="98" ten="30,2000,0" yaku="12,1,54,1" doraHai="39" who="2" fromWho="0" sc="250,-20,240,0,250,30,250,0" /><INIT seed="1,0,0,5,1,83" ten="230,240,280,250" oya="1" hai0="18,97,81,23,47,61,0,54,63,49,79,8,93" hai1="118,80,76,51,1,27,120,95,37,129,66,11,103" hai2="121,17,130,32,3,26,4,5,9,108,29,123,6" hai3="68,126,135,52,94,127,39,90,128,119,132,133,57"/><U64/><E120/><N who="2" m="46155" /><F108/><W59/><G39/><T112/><D112/><U110/><E110/><V14/><F130/><W86/><G68/><T10/><D0/><AGARI ba="0,0" hai="0,3,4,5,6,9,14,17,26,29,32" m="46155" machi="0" ten="30,2000,0" yaku="34,2" doraHai="83" who="2" fromWho="0" sc="230,-20,240,0,280,20,250,0" /><INIT seed="2,0,0,4,3,30" ten="210,240,300,250" oya="2" hai0="125,122,133,90,18,104,114,84,124,27,28,81,25" hai1="82,59,2,41,110,109,117,50,14,77,17,108,35" hai2="23,9,79,22,21,94,19,51,119,38,76,33,89" hai3="7,12,61,31,86,24,80,71,1,58,93,85,131"/><V129/><F119/><W74/><G71/><T92/><D122/><U67/><E117/><V132/><F38/><W78/><G131/><T36/><D114/><U63/><E2/><V46/><F129/><W103/><G1/><T105/><D36/><U88/><E50/><V73/><F132/><W97/><G12/><T39/><D39/><U52/><E41/><V134/><F134/><W54/><REACH who="3" step="1"/><G7/><REACH who="3" ten="210,240,300,240" step="2"/><T130/><D130/><U112/><E14/><N who="2" m="7631" /><F73/><W65/><G65/><T116/><D116/><U56/><E112/><V43/><F33/><AGARI ba="0,1" hai="24,31,33,54,58,61,74,78,80,85,86,93,97,103" machi="33" ten="30,7700,0" yaku="1,1,7,1,52,1,53,1" doraHai="30" doraHaiUra="96" who="3" fromWho="2" sc="210,0,240,0,300,-77,240,87" /><INIT seed="3,0,0,0,1,6" ten="210,240,223,327" oya="3" hai0="105,93,104,126,98,11,84,61,67,134,47,69,72" hai1="4,108,68,53,121,113,97,80,114,135,107,31,116" hai2="37,86,7,120,65,117,22,129,63,75,95,128,26" hai3="111,12,42,79,119,45,112,96,76,101,40,19,71"/><W41/><G112/><T25/><D72/><U57/><E121/><V18/><F117/><W13/><G71/><T21/><D126/><U100/><E108/><V124/><F124/><W62/><G119/><T5/><D134/><U8/><E116/><V49/><F37/><W110/><G62/><T48/><D84/><U74/><E68/><V34/><F75/><W118/><G45/><T78/><D78/><U64/><E64/><V29/><F120/><W36/><G12/><T102/><D21/><U60/><E135/><V94/><F49/><W88/><G88/><T89/><D25/><U122/><E122/><V51/><F51/><W50/><G50/><T131/><D89/><U56/><E31/><V17/><F7/><W55/><G36/><T82/><D82/><U81/><E57/><N who="2" m="37103" /><F86/><W39/><G39/><T43/><D131/><N who="2" m="50250" /><F17/><W2/><G118/><T127/><D127/><U30/><E30/><V15/><AGARI ba="0,0" hai="15,18,22,26,29,34,94,95" m="50250,37103" machi="15" ten="30,1100,0" yaku="19,1" doraHai="6" who="2" fromWho="2" sc="210,-3,240,-3,223,11,327,-5" owari="207,-29.3,237,3.7,234,-16.6,322,42.2" /></mjloggm>