<mjloggm ver="2.3"><GO type="225" lobby="0"/><UN n0="%E3%81%A8%E3%82%89%E3%81%84%E3%81%A1" n1="%E6%80%AA%E3%81%97%E3%81%99%E3%81%8E%E3%82%8B%E3%83%81%E3%83%BC" n2="%E6%A1%9C%E8%8A%B1%E9%96%83%E3%80%85" n3="%E3%81%A4%E3%81%A3%E3%81%B1%E3%82%8A%E3%83%9D%E3%83%BC%E3%83%AB" dan="16,16,17,17" rate="2135.61,2089.90,2189.45,2266.19" sx="M,M,M,M"/><TAIKYOKU oya="0"/><INIT seed="0,0,0,5,4,128" ten="250,250,250,250" oya="0" hai0="31,95,103,125,42,59,69,23,88,26,2,43,62" hai1="51,98,66,67,15,32,120,39,65,58,118,104,36" hai2="16,80,0,37,27,53,34,13,61,79,33,127,54" hai3="38,110,73,93,81,116,106,114,89,44,19,49,77"/><T99/><D125/><U24/><E120/><V75/><F127/><W25/><G116/><T130/><D130/><U133/><E118/><V52/><F0/><W115/><G110/><T83/><D2/><U86/><E133/><V71/><F37/><W76/><G38/><T50/><D69/><U56/><E15/><V10/><REACH who="2" step="1"/><F27/><REACH who="2" ten="250,250,240,250" step="2"/><W91/><G25/><T9/><D9/><U28/><E39/><V20/><F20/><W48/><G115/><T35/><D35/><U30/><E36/><V85/><F85/><W60/><G114/><T122/><D122/><U70/><E86/><V123/><F123/><W112/><G112/><T72/><D72/><U41/><E24/><V63/><F63/><W17/><G60/><T135/><D135/><U84/><E84/><V87/><F87/><W111/><G73/><T126/><D126/><U107/><E32/><V6/><F6/><W22/><G22/><T11/><D11/><U82/><E51/><V92/><F92/><W124/><G93/><N who="0" m="58863" /><D50/><U74/><E74/><V68/><F68/><W55/><G49/><T119/><D119/><U14/><E70/><V4/><F4/><W94/><G124/><T21/><D23/><U7/><E7/><V96/><F96/><N who="3" m="57423" /><G111/><T102/><D83/><U1/><E98/><V47/><F47/><W90/><G81/><T109/><D109/><U129/><E82/><V64/><AGARI ba="0,1" hai="10,13,16,33,34,52,53,54,61,64,71,75,79,80" machi="64" ten="30,8000,1" yaku="1,1,0,1,54,2,53,1" doraHai="128" doraHaiUra="105" who="2" fromWho="2" sc="250,-40,250,-20,240,90,250,-20" /><INIT seed="1,0,0,0,1,78" ten="210,230,330,230" oya="1" hai0="116,81,42,122,89,117,92,48,128,21,112,105,82" hai1="96,121,17,59,86,62,36,70,133,47,115,123,20" hai2="124,3,111,9,95,8,14,56,11,64,30,19,107" hai3="31,102,67,57,88,49,91,109,83,104,103,15,63"/><U125/><E115/><V6/><F107/><W60/><G109/><T68/><D68/><U28/><E125/><V94/><F111/><W76/><G31/><T69/><D69/><U85/><E133/><V23/><F124/><W24/><G104/><T135/><D105/><U38/><E28/><V34/><F64/><W40/><G24/><T119/><D21/><U29/><E29/><V2/><F56/><W114/><G114/><T54/><D42/><U134/><E70/><V100/><F100/><N who="3" m="38443" /><G63/><T1/><D1/><N who="2" m="10" /><F95/><W66/><G15/><T33/><D33/><U80/><E134/><V118/><F94/><W45/><G67/><T65/><D65/><U35/><E35/><V97/><F97/><W75/><G75/><T12/><D12/><U53/><E96/><V127/><F118/><W71/><G71/><T126/><D112/><U98/><E98/><V90/><F90/><N who="3" m="34347" /><G76/><T18/><D135/><U4/><E121/><V58/><F127/><W87/><G87/><N who="0" m="52287" /><D126/><U120/><E86/><V41/><F34/><W61/><G60/><T39/><D39/><U132/><E132/><V84/><F84/><W79/><G79/><T5/><D119/><U51/><E36/><V52/><F30/><W16/><G16/><T26/><D18/><U77/><E38/><V46/><F19/><W50/><G49/><T32/><D48/><U129/><E129/><V101/><F23/><W99/><G99/><T27/><D128/><U110/><E110/><V10/><F101/><W72/><G72/><T44/><D117/><U73/><E73/><V93/><F93/><W108/><G108/><RYUUKYOKU ba="0,0" sc="210,-10,230,-10,330,-10,230,30" hai3="40,45,50,57,61,66,83" /><INIT seed="2,1,0,4,3,86" ten="200,220,320,260" oya="2" hai0="43,115,78,81,88,49,54,113,126,57,102,0,67" hai1="11,118,15,27,36,79,19,21,84,16,127,90,121" hai2="93,103,30,120,68,39,119,10,60,22,114,134,112" hai3="28,87,83,64,129,123,1,13,51,6,40,20,95"/><V131/><F119/><W128/><G123/><T111/><D0/><U116/><E36/><V62/><F120/><W26/><G64/><T59/><D111/><U104/><E121/><V12/><F39/><W99/><G1/><T42/><D126/><U46/><E127/><V125/><F125/><W101/><G40/><T108/><D108/><U58/><E104/><V96/><F131/><N who="3" m="50251" /><G51/><T47/><D102/><U24/><E79/><V100/><F134/><W3/><G3/><T25/><D78/><U117/><E46/><V48/><F103/><W91/><G13/><T35/><D113/><U2/><E2/><V23/><F68/><W94/><G6/><T56/><D67/><U135/><E135/><V97/><F48/><W66/><G66/><T80/><D80/><AGARI ba="1,0" hai="20,26,28,80,83,87,91,94,95,99,101" m="50251" machi="80" ten="30,2000,0" yaku="19,1,52,1" doraHai="86" who="3" fromWho="0" sc="200,-23,220,0,320,0,260,23" /><INIT seed="3,0,0,2,1,128" ten="177,220,320,283" oya="3" hai0="87,63,77,118,132,32,129,92,9,74,7,119,60" hai1="124,116,34,133,49,30,88,130,3,107,45,90,134" hai2="31,44,16,66,81,104,135,76,73,28,52,15,6" hai3="113,19,103,123,29,122,125,114,94,127,48,115,17"/><W121/><G48/><T43/><D129/><U37/><E130/><V54/><F135/><N who="1" m="51721" /><E124/><N who="3" m="47690" /><G103/><T55/><D132/><U131/><E131/><V4/><F104/><W105/><G105/><T65/><D32/><U96/><E3/><V1/><F66/><W89/><G29/><T79/><D43/><N who="1" m="22767" /><E116/><V112/><F112/><N who="3" m="28675" /><W8/><DORA hai="21" /><G8/><T70/><D74/><U109/><E109/><V83/><F54/><W62/><G62/><T22/><D22/><U38/><E38/><V59/><F44/><W57/><G57/><T98/><D60/><U24/><E49/><V102/><F102/><AGARI ba="0,0" hai="24,30,34,88,90,96,102,107" m="22767,51721" machi="102" ten="30,12000,2" yaku="20,1,52,4,54,1" doraHai="128,21" who="1" fromWho="2" sc="177,0,220,120,320,-120,283,0" owari="177,-32.3,340,44.0,200,-20.0,283,8.3" /></mjloggm>