<mjloggm ver="2.3"><GO type="225" lobby="0"/><UN n0="%E5%A4%8F%E9%88%B4%E9%88%B4%E5%A4%8F" n1="%E3%81%BF%E3%81%BF%E3%81%9A" n2="%E5%91%A8%E6%9D%B1" n3="%E3%81%A4%E3%81%A3%E3%81%B1%E3%82%8A%E3%83%9D%E3%83%BC%E3%83%AB" dan="16,17,17,17" rate="2134.35,2178.32,2191.27,2143.25" sx="F,M,M,M"/><TAIKYOKU oya="0"/><INIT seed="0,0,0,2,4,45" ten="250,250,250,250" oya="0" hai0="12,88,115,33,132,53,4,85,5,18,62,71,51" hai1="41,38,15,126,100,58,64,92,0,108,114,3,82" hai2="46,109,72,83,118,55,95,66,73,128,22,127,52" hai3="101,24,102,26,50,67,34,28,57,130,79,39,104"/><T43/><D115/><U129/><E114/><V11/><F109/><W94/><G39/><T69/><D132/><U81/><E108/><V54/><F127/><W36/><G36/><T31/><D31/><U63/><E126/><V35/><F35/><W9/><G130/><T8/><D33/><U1/><E129/><V49/><F128/><W99/><G79/><T59/><D43/><U131/><E131/><V110/><F110/><W78/><G78/><T32/><D32/><U112/><E112/><V68/><F118/><W77/><G77/><T47/><D71/><U111/><E111/><V107/><F107/><W44/><G26/><T42/><REACH who="0" step="1"/><D69/><REACH who="0" ten="240,250,250,250" step="2"/><U27/><E41/><V40/><F68/><W48/><G28/><T16/><D16/><U90/><E38/><V20/><F73/><W29/><G34/><T21/><D21/><U14/><E27/><V121/><F72/><W13/><G29/><T7/><D7/><U30/><E30/><V61/><F121/><W119/><G24/><T134/><D134/><U2/><N who="1" m="0" /><DORA hai="125" /><U124/><E124/><V135/><F135/><W116/><G116/><T76/><D76/><U89/><E100/><V93/><F11/><W10/><G119/><T96/><D96/><U65/><E90/><V25/><F20/><W122/><G102/><T113/><D113/><U91/><E89/><V19/><F83/><AGARI ba="0,1" hai="4,5,8,12,18,42,47,51,53,59,62,83,85,88" machi="83" ten="30,18000,2" yaku="1,1,7,1,8,1,52,1,54,1,53,1" doraHai="45,125" doraHaiUra="56,103" who="0" fromWho="2" sc="240,190,250,0,250,-180,250,0" /><INIT seed="0,1,0,5,3,33" ten="430,250,70,250" oya="0" hai0="0,12,62,9,7,58,68,102,2,128,14,1,110" hai1="61,94,120,40,53,117,83,72,87,91,129,34,3" hai2="88,100,113,104,4,45,67,47,71,86,96,51,124" hai3="121,41,22,134,66,63,39,27,70,103,80,97,54"/><T79/><D68/><U108/><E117/><V52/><F124/><W20/><G134/><T112/><D112/><U85/><E120/><V57/><F113/><W132/><G132/><T98/><D128/><U24/><E129/><V5/><F67/><W127/><G127/><T28/><D28/><U29/><E108/><V19/><F71/><W50/><G121/><T131/><D131/><U81/><E40/><V56/><F19/><W116/><G116/><T122/><D122/><U17/><E3/><V65/><F45/><N who="3" m="23743" /><G80/><T111/><D14/><U30/><E72/><V37/><F37/><W38/><G27/><T59/><D79/><U64/><E53/><V32/><F32/><W6/><G6/><T60/><D59/><N who="1" m="36927" /><E34/><V69/><F69/><W107/><G38/><T82/><D82/><N who="1" m="31243" /><E87/><V130/><F130/><W135/><G135/><T15/><D15/><U133/><E133/><V23/><F23/><AGARI ba="1,0" hai="17,23,24,29,30,85,91,94" m="31243,36927" machi="23" ten="30,1000,0" yaku="8,1" doraHai="33" who="1" fromWho="2" sc="430,0,250,13,70,-13,250,0" /><INIT seed="1,0,0,4,4,4" ten="430,263,57,250" oya="1" hai0="23,114,85,96,30,18,125,3,5,79,93,133,11" hai1="80,70,47,123,115,20,36,81,43,87,75,61,49" hai2="127,65,55,126,105,13,92,16,28,37,113,41,25" hai3="42,90,57,64,91,94,129,63,29,19,78,8,132"/><U110/><E115/><V72/><F105/><W7/><G132/><T119/><D114/><U71/><E123/><V26/><F113/><W38/><G129/><T124/><D119/><U27/><E87/><V116/><F116/><W52/><G29/><T89/><D30/><U46/><E81/><V128/><BYE who="1" /><F72/><W50/><G78/><T120/><D133/><UN n1="%E3%81%BF%E3%81%BF%E3%81%9A" /><U39/><E110/><V6/><F128/><W24/><G38/><T88/><D79/><U135/><E135/><V2/><F65/><W31/><G42/><T122/><D18/><U22/><E61/><V86/><F55/><W121/><G19/><T14/><D23/><U60/><E60/><V76/><F41/><W104/><G104/><T101/><D89/><U83/><E43/><V103/><F37/><W0/><G94/><N who="0" m="54543" /><D3/><U118/><E118/><V35/><F26/><W109/><G109/><T58/><D58/><U44/><E44/><V10/><F103/><W9/><G9/><T134/><D134/><U59/><E59/><V95/><F76/><W62/><G62/><T51/><D51/><U74/><E49/><V131/><F131/><W48/><G48/><T73/><D73/><U102/><E27/><V117/><F117/><W67/><G67/><T98/><D98/><U82/><E82/><V100/><F100/><AGARI ba="0,0" hai="20,22,36,39,46,47,70,71,74,75,80,83,100,102" machi="100" ten="25,2400,0" yaku="22,2" doraHai="4" who="1" fromWho="2" sc="430,0,263,24,57,-24,250,0" /><INIT seed="1,1,0,2,0,42" ten="430,287,33,250" oya="1" hai0="72,62,102,67,78,74,53,97,127,90,0,6,3" hai1="12,119,37,49,128,9,8,5,2,46,33,107,69" hai2="36,79,20,54,1,120,98,80,75,35,123,18,87" hai3="85,11,115,114,40,126,43,61,88,71,50,45,131"/><U32/><E119/><V83/><F35/><W22/><G131/><T121/><D90/><U38/><E107/><V93/><F36/><W41/><G126/><T39/><D39/><U91/><E128/><V55/><F1/><W116/><G116/><T28/><D28/><U31/><E69/><V4/><F4/><W24/><G11/><T7/><BYE who="1" /><D53/><U113/><E113/><V70/><F70/><W124/><G124/><T110/><D127/><U117/><E117/><V21/><F21/><W109/><G109/><T99/><D78/><U81/><E81/><V108/><F108/><W94/><G71/><T133/><D133/><U76/><E76/><V65/><F65/><W96/><G61/><T47/><D47/><U19/><E19/><V105/><F105/><W106/><G106/><T130/><D130/><U63/><E63/><V68/><F68/><W77/><G115/><T103/><D62/><UN n1="%E3%81%BF%E3%81%BF%E3%81%9A" /><U66/><E66/><V48/><F55/><W29/><G114/><T122/><D67/><U134/><E91/><V89/><F83/><AGARI ba="1,0" hai="22,24,29,40,41,43,45,50,77,83,85,88,94,96" machi="83" ten="40,5200,0" yaku="8,1,52,1,54,1" doraHai="42" who="3" fromWho="2" sc="430,0,287,0,33,-55,250,55" owari="430,53.0,287,-11.3,-22,-52.2,305,10.5" /></mjloggm>