<mjloggm ver="2.3"><GO type="225" lobby="0"/><UN n0="%E8%81%B7%E6%A5%AD%E3%80%81%E9%A2%A8%32" n1="%E3%83%B4%E3%83%A0%EF%BC%99%E3%81%A6" n2="%E7%89%B9%E6%9D%B1%E3%81%AF%E4%B8%96%E7%95%8C%E3%82%92%E6%95%91%E3%81%86" n3="%E3%82%A4%E3%83%BC%E3%82%B1%E3%83%97%E3%83%A9" dan="16,16,16,17" rate="2173.22,2178.29,2161.59,2237.31" sx="M,M,M,M"/><TAIKYOKU oya="0"/><INIT seed="0,0,0,4,0,84" ten="250,250,250,250" oya="0" hai0="103,58,9,106,123,98,45,3,10,96,19,36,53" hai1="56,75,60,42,11,0,90,108,105,8,117,46,7" hai2="13,129,43,55,44,127,101,88,2,113,27,37,57" hai3="74,70,94,99,131,61,64,20,35,82,59,67,126"/><T135/><D123/><U34/><E117/><V50/><F113/><W71/><G35/><T48/><D135/><U15/><E105/><V68/><F2/><W122/><G122/><T128/><D128/><U132/><E132/><V73/><F129/><W102/><G131/><T116/><D116/><U29/><E75/><V125/><F73/><W63/><G126/><N who="2" m="48137" /><F68/><W91/><G20/><T77/><D77/><U39/><E108/><V65/><F65/><W32/><G32/><T14/><D3/><U95/><E34/><V28/><F101/><W83/><G74/><T118/><D118/><U25/><E25/><V121/><F121/><W66/><G66/><T111/><D111/><U80/><E80/><V120/><F120/><W119/><G119/><T1/><D1/><U81/><E81/><V72/><F72/><W33/><G33/><T18/><D98/><U21/><E21/><N who="2" m="15471" /><F13/><W41/><G41/><T5/><D9/><U78/><E29/><V30/><F30/><W130/><G130/><T110/><D110/><U87/><E78/><V4/><F4/><W24/><G24/><T107/><D107/><U54/><E0/><V69/><F69/><W104/><REACH who="3" step="1"/><G59/><REACH who="3" ten="250,250,250,240" step="2"/><T12/><D58/><U16/><REACH who="1" step="1"/><E11/><REACH who="1" ten="250,240,250,240" step="2"/><V93/><F93/><W79/><G79/><T124/><D10/><U26/><E26/><V134/><F134/><W86/><AGARI ba="0,2" hai="61,63,64,67,70,71,82,83,86,91,94,99,102,104" machi="86" ten="20,8000,1" yaku="1,1,0,1,7,1,9,1,52,1,53,0" doraHai="84" doraHaiUra="31" who="3" fromWho="3" sc="250,-40,240,-20,250,-20,240,100" /><INIT seed="1,0,0,4,2,90" ten="210,220,230,340" oya="1" hai0="126,128,86,75,18,61,72,68,16,34,132,12,29" hai1="54,114,82,10,45,92,39,87,40,77,135,81,74" hai2="85,88,83,36,3,33,84,79,52,28,124,56,122" hai3="25,67,100,130,8,99,115,26,31,70,105,80,64"/><U125/><E114/><V20/><F122/><W51/><G115/><T30/><D126/><U129/><E125/><V102/><F124/><W108/><G108/><T103/><D128/><U58/><E129/><V44/><F3/><W42/><G130/><T32/><D132/><U48/><E135/><V43/><F102/><W121/><G121/><T69/><D103/><U17/><E10/><V7/><F7/><W97/><G80/><T21/><D86/><U13/><E92/><V66/><F66/><W89/><G8/><T127/><D127/><U113/><E113/><V63/><F33/><W38/><G38/><T22/><D61/><U47/><E47/><V59/><F59/><W23/><G70/><T110/><REACH who="0" step="1"/><D12/><REACH who="0" ten="200,220,230,340" step="2"/><U93/><E74/><V37/><F37/><W4/><G100/><T95/><D95/><U109/><E109/><AGARI ba="0,1" hai="16,18,21,22,29,30,32,34,68,69,72,75,109,110" machi="109" ten="25,6400,0" yaku="1,1,22,2,54,1,53,0" doraHai="90" doraHaiUra="111" who="0" fromWho="1" sc="200,74,220,-64,230,0,340,0" /><INIT seed="2,0,0,1,2,37" ten="274,156,230,340" oya="2" hai0="53,96,72,10,12,50,3,88,82,98,9,49,97" hai1="39,133,131,108,78,59,56,117,77,135,8,116,112" hai2="1,11,34,103,73,44,7,90,20,35,93,85,5" hai3="114,27,36,32,81,0,127,76,67,79,29,68,43"/><V91/><F73/><N who="3" m="43151" /><G79/><N who="1" m="30218" /><E8/><N who="0" m="3177" /><D72/><U129/><E39/><V111/><F5/><W124/><G0/><T26/><D3/><U38/><E38/><V122/><F122/><W80/><G80/><T61/><D26/><U66/><E66/><V13/><F103/><W120/><G120/><T65/><D12/><U109/><E112/><V119/><F119/><N who="1" m="45641" /><E56/><V87/><F111/><N who="1" m="42569" /><E59/><V22/><F44/><N who="3" m="23655" /><G114/><T24/><D24/><U100/><E100/><V126/><F22/><W134/><G134/><AGARI ba="0,0" hai="129,131,133,134,135" m="42569,45641,30218" machi="134" ten="40,12000,2" yaku="28,2,20,1,14,1,34,2" doraHai="37" who="1" fromWho="3" sc="274,0,156,120,230,0,340,-120" /><INIT seed="3,0,0,3,0,113" ten="274,276,230,220" oya="3" hai0="107,28,51,25,46,117,27,13,78,93,86,41,43" hai1="21,37,125,134,91,120,135,12,11,33,75,38,97" hai2="24,23,42,5,104,130,71,22,58,90,65,67,69" hai3="64,10,131,101,105,8,14,62,81,63,32,15,35"/><W66/><G131/><T132/><D117/><U102/><E33/><V77/><F104/><W50/><G105/><T53/><D107/><N who="1" m="63951" /><E120/><V74/><F42/><W17/><G101/><T19/><D132/><N who="1" m="50731" /><E75/><V52/><F5/><W94/><G81/><T70/><D70/><U119/><E125/><V36/><F36/><W20/><G50/><T111/><D111/><U127/><E127/><V45/><F45/><W114/><G94/><T9/><D27/><U99/><E21/><V31/><F71/><W3/><G3/><T57/><D78/><U80/><E119/><V0/><F69/><W29/><G29/><T26/><D26/><U47/><E47/><V55/><F0/><W73/><G73/><T39/><D43/><U4/><E80/><V16/><F130/><W110/><G20/><T61/><D39/><U60/><E60/><V83/><F23/><W121/><G17/><T1/><D1/><U128/><E128/><V2/><F2/><W129/><G129/><T40/><D40/><U100/><E91/><V112/><F90/><W133/><G133/><T124/><D124/><U118/><E118/><V72/><F72/><W49/><G49/><T68/><D25/><U116/><E116/><V109/><F74/><W6/><G6/><T82/><D82/><U87/><E87/><V76/><F83/><W54/><G54/><T123/><D86/><U88/><E88/><V126/><F126/><W59/><G121/><T98/><D123/><U48/><E48/><V79/><F55/><W44/><G44/><T115/><D46/><U108/><E108/><V106/><F109/><RYUUKYOKU ba="0,0" sc="274,-10,276,30,230,-10,220,-10" hai1="4,11,12,37,38,99,100" owari="264,6.4,306,40.6,220,-18.0,210,-29.0" /></mjloggm>