<mjloggm ver="2.3"><GO type="225" lobby="0"/><UN n0="%E3%83%96%E3%83%83%E3%83%91%E3%82%AA%E3%83%96%E3%83%81%E3%82%AD%E3%83%B3" n1="%E6%A1%9C%E8%8A%B1%E9%96%83%E3%80%85" n2="%33%74%72%65%65" n3="%E9%A6%AC%E5%BC%95%E7%81%AB%33" dan="16,16,17,16" rate="2142.58,2107.03,2225.05,2142.47" sx="M,M,F,M"/><TAIKYOKU oya="0"/><INIT seed="0,0,0,4,0,87" ten="250,250,250,250" oya="0" hai0="39,98,120,130,47,75,82,55,36,97,76,69,19" hai1="2,20,15,73,134,84,85,17,131,53,18,122,135" hai2="62,9,78,111,11,123,29,4,58,61,125,31,5" hai3="46,86,1,88,37,57,51,132,12,7,54,45,79"/><T107/><D120/><U110/><E122/><V67/><F123/><W90/><G1/><T127/><D130/><U10/><E73/><V124/><F78/><W68/><G68/><T21/><D127/><N who="2" m="48714" /><F111/><W128/><G128/><T93/><D69/><U81/><E131/><V13/><F61/><W64/><G132/><N who="1" m="50730" /><E110/><V92/><F92/><W52/><G64/><T49/><D107/><U22/><E2/><AGARI ba="0,0" hai="2,4,5,9,11,13,29,31,58,62,67" m="48714" machi="2" ten="30,1000,0" yaku="18,1" doraHai="87" who="2" fromWho="1" sc="250,0,250,-10,250,10,250,0" /><INIT seed="1,0,0,5,1,74" ten="250,240,260,250" oya="1" hai0="75,29,63,8,68,114,41,119,122,15,39,1,118" hai1="69,123,22,129,16,128,66,24,121,98,62,82,90" hai2="37,4,5,116,101,106,79,33,50,36,127,132,107" hai3="109,43,108,99,11,7,78,89,81,73,135,102,67"/><U0/><E0/><V76/><F116/><W83/><G67/><T56/><D114/><U77/><E90/><V35/><F50/><W28/><G28/><T52/><D122/><U53/><E53/><V42/><F101/><W85/><G43/><T12/><D29/><U80/><E80/><V18/><F42/><W97/><G97/><T92/><D75/><U96/><E96/><V72/><F72/><W10/><G10/><T100/><D100/><U23/><E98/><V34/><F18/><W49/><G49/><N who="0" m="30735" /><D92/><U30/><E129/><V64/><F64/><W112/><G112/><T57/><D57/><U6/><E6/><N who="2" m="2667" /><F132/><W38/><G38/><N who="2" m="14953" /><F127/><W84/><G73/><T9/><D1/><U86/><REACH who="1" step="1"/><E128/><REACH who="1" ten="250,230,260,250" step="2"/><V48/><F48/><W25/><G135/><T26/><D119/><U87/><E87/><V65/><F65/><W13/><REACH who="3" step="1"/><G25/><AGARI ba="0,1" hai="16,22,23,24,25,30,62,66,69,77,82,86,121,123" machi="25" ten="30,11600,0" yaku="1,1,7,1,52,1,54,1,53,0" doraHai="74" doraHaiUra="40" who="1" fromWho="3" sc="250,0,230,126,260,0,250,-116" /><INIT seed="1,1,0,4,5,120" ten="250,356,260,134" oya="1" hai0="98,113,111,52,126,66,104,30,72,26,112,55,85" hai1="121,56,77,19,130,106,115,91,125,2,92,35,102" hai2="68,28,38,4,93,69,62,34,99,41,48,29,124" hai3="63,50,22,18,49,8,87,5,82,74,128,89,78"/><U116/><E121/><V45/><F124/><W133/><G128/><T27/><D72/><U58/><E115/><V23/><F34/><W95/><G133/><T13/><D126/><U17/><E125/><V135/><F135/><W118/><G118/><T117/><D117/><U11/><E116/><V1/><F1/><W12/><REACH who="3" step="1"/><G63/><REACH who="3" ten="250,356,260,124" step="2"/><T131/><D131/><U114/><E130/><V71/><F62/><W54/><G54/><T96/><D52/><U47/><E114/><V53/><F53/><W7/><G7/><T20/><D55/><U32/><E47/><V129/><F4/><W108/><G108/><T64/><D111/><U127/><E127/><V88/><F129/><W75/><G75/><T90/><D113/><U103/><E56/><V16/><REACH who="2" step="1"/><F48/><REACH who="2" ten="250,356,250,124" step="2"/><W123/><G123/><T0/><D112/><U119/><E119/><V60/><F60/><W24/><AGARI ba="1,2" hai="5,8,12,18,22,24,49,50,74,78,82,87,89,95" machi="24" ten="20,5200,0" yaku="1,1,0,1,7,1,53,1" doraHai="120" doraHaiUra="83" who="3" fromWho="3" sc="250,-14,356,-27,250,-14,124,75" /><INIT seed="2,0,0,5,5,73" ten="236,329,236,199" oya="2" hai0="55,9,93,29,38,83,26,14,120,102,108,124,109" hai1="129,88,16,43,11,78,34,41,6,22,89,132,94" hai2="0,125,30,75,135,17,122,67,77,127,33,106,133" hai3="12,39,128,61,86,21,13,117,87,24,65,134,31"/><V42/><F122/><W23/><G117/><T54/><D120/><U10/><E34/><V130/><F106/><W121/><G121/><T60/><D38/><U7/><E132/><N who="2" m="50763" /><F42/><N who="1" m="15881" /><E78/><V64/><F0/><W101/><G134/><T52/><D124/><N who="2" m="47690" /><F17/><W131/><G39/><T5/><D83/><U69/><E69/><V3/><F3/><W2/><G101/><T85/><D60/><U79/><E79/><V92/><F92/><W74/><G74/><T80/><D93/><U37/><E89/><V25/><F130/><W51/><G2/><T84/><D102/><U98/><E129/><V48/><F48/><W20/><G51/><T104/><D104/><U18/><E37/><V1/><F1/><W72/><G131/><T105/><D105/><U40/><E40/><V119/><F119/><W44/><G128/><T126/><D126/><U118/><E18/><V66/><F75/><W47/><G72/><T19/><D19/><U35/><E118/><V53/><F77/><W100/><G100/><T59/><D80/><U49/><E49/><V46/><F67/><W116/><G116/><T97/><D97/><U112/><E16/><V95/><F95/><W111/><G12/><T91/><D14/><U36/><E36/><V45/><F53/><W103/><G13/><T115/><D54/><U96/><E94/><V82/><F82/><W58/><G103/><T110/><D55/><U63/><E98/><V99/><F99/><W57/><G65/><T81/><D52/><U4/><E96/><V62/><F66/><W70/><G86/><T113/><D85/><U114/><E4/><RYUUKYOKU ba="0,0" sc="236,-10,329,-10,236,30,199,-10" hai2="25,30,33,45,46,62,64" /><INIT seed="2,1,0,2,5,74" ten="226,319,266,189" oya="2" hai0="110,7,87,94,61,4,0,44,77,5,45,49,24" hai1="125,31,116,59,65,78,52,112,39,121,97,103,89" hai2="64,105,1,63,85,34,91,20,109,9,83,73,115" hai3="75,101,118,117,82,13,17,29,90,51,41,127,32"/><V19/><F115/><W128/><G127/><T102/><D110/><U23/><E112/><V10/><F109/><W84/><G128/><T11/><D61/><U135/><E116/><V99/><F34/><W46/><G101/><T50/><D24/><U43/><E135/><V81/><F1/><W53/><G75/><T98/><D87/><U86/><E65/><V92/><F105/><W95/><G95/><T54/><REACH who="0" step="1"/><D77/><REACH who="0" ten="216,319,266,189" step="2"/><U16/><E78/><V6/><F85/><W123/><G123/><T100/><D100/><U56/><E103/><V108/><F108/><W70/><G70/><T14/><D14/><U131/><E86/><V48/><F63/><W126/><G126/><T3/><D3/><U27/><E27/><V107/><F73/><W72/><G72/><T60/><D60/><U69/><E69/><V47/><F91/><W30/><G32/><T122/><D122/><U68/><E89/><V2/><F2/><W25/><G25/><T76/><D76/><U62/><E68/><V35/><F35/><W111/><G111/><T28/><D28/><N who="3" m="10857" /><G41/><AGARI ba="1,1" hai="0,4,5,7,11,41,44,45,49,50,54,94,98,102" machi="41" ten="30,2000,0" yaku="1,1,7,1,53,0" doraHai="74" doraHaiUra="113" who="0" fromWho="3" sc="216,33,319,0,266,0,189,-23" /><INIT seed="3,0,0,3,1,116" ten="249,319,266,166" oya="3" hai0="133,90,126,52,12,128,28,114,48,0,105,62,84" hai1="81,8,121,83,127,44,41,129,10,107,108,23,87" hai2="40,38,69,131,57,124,39,33,67,7,99,2,125" hai3="101,55,22,70,37,132,11,9,104,49,109,59,5"/><W119/><G119/><T36/><D36/><U56/><E121/><V30/><F131/><W15/><G37/><N who="2" m="13833" /><F57/><W1/><G70/><T82/><D128/><U117/><E108/><V47/><F99/><W78/><G109/><T50/><D133/><U102/><E127/><V111/><F47/><W134/><G78/><T92/><D126/><U19/><E117/><V98/><F98/><W96/><REACH who="3" step="1"/><G22/><REACH who="3" ten="249,319,266,156" step="2"/><T32/><D114/><U79/><E23/><V3/><F111/><W93/><G93/><T130/><D92/><U58/><E79/><V91/><F125/><W77/><G77/><T46/><D82/><U123/><E83/><V65/><F124/><W25/><G25/><T64/><D105/><U86/><E81/><V20/><F20/><W135/><G135/><T76/><D76/><U14/><E129/><V115/><F69/><W74/><G74/><T34/><D130/><U29/><E107/><V88/><F115/><W54/><G54/><T122/><D52/><U97/><E41/><V110/><F40/><W31/><G31/><T18/><D28/><U100/><E29/><V118/><F118/><W53/><G53/><T6/><D34/><U43/><E43/><V85/><F110/><W113/><G113/><T21/><D32/><U94/><E94/><N who="2" m="54543" /><F30/><W95/><G95/><T27/><D21/><U51/><E100/><V61/><F33/><W45/><G45/><T80/><D27/><U112/><E102/><V89/><F89/><W66/><G66/><T120/><D64/><U4/><E112/><V35/><F67/><W72/><G72/><T60/><D46/><RYUUKYOKU ba="0,1" sc="249,-10,319,-10,266,-10,156,30" hai3="1,5,9,11,15,49,55,59,96,101,104,132,134" /><INIT seed="3,1,1,0,4,90" ten="239,309,256,186" oya="3" hai0="84,112,31,38,63,116,50,43,89,100,26,21,85" hai1="101,72,36,82,10,9,108,32,121,118,15,97,3" hai2="8,74,71,86,62,115,12,124,92,107,119,68,34" hai3="4,44,53,6,61,132,76,22,45,23,7,16,2"/><W47/><G132/><T14/><D116/><U135/><E121/><V105/><F115/><W30/><G2/><T99/><D112/><U58/><E118/><V117/><F74/><W59/><G76/><T113/><D113/><U73/><E36/><V103/><F34/><W78/><G78/><T79/><D38/><U77/><E32/><V94/><F124/><W83/><G83/><N who="0" m="47231" /><D63/><U65/><E108/><V35/><F35/><W91/><G91/><T0/><D0/><U80/><E135/><V25/><F25/><N who="3" m="16695" /><G4/><T48/><D43/><U95/><E3/><V1/><F1/><W129/><G129/><T67/><D67/><U130/><E130/><V96/><F119/><W41/><G41/><T29/><D29/><U27/><E73/><V88/><F117/><W33/><G33/><T39/><D39/><U28/><E82/><V134/><F134/><W55/><G55/><T56/><D56/><U49/><E65/><V54/><F71/><W98/><G98/><T128/><D128/><U125/><E72/><V20/><F68/><W111/><G111/><T17/><D99/><U69/><E69/><V42/><F42/><W127/><G127/><T66/><D66/><U114/><E125/><V126/><F126/><W87/><G87/><T40/><D40/><U46/><E114/><V106/><F54/><W52/><G53/><T11/><D100/><U64/><E64/><V110/><F110/><W93/><G93/><AGARI ba="1,1" hai="11,14,17,21,26,31,48,50,85,89,93" m="47231" machi="93" ten="30,2000,0" yaku="8,1,52,1" doraHai="90" who="0" fromWho="3" sc="239,33,309,0,256,0,186,-23" owari="272,7.2,309,40.9,256,-14.4,163,-33.7" /></mjloggm>