<mjloggm ver="2.3"><GO type="225" lobby="0"/><UN n0="%E3%83%A9%E3%82%A4%E3%83%B3%E3%81%AE%E8%99%8E" n1="%73%61%6B%6F%EF%BC%A0%E6%9C%80" n2="%E3%81%BF%E3%81%BF%E3%81%9A" n3="%E3%81%90%E3%81%A1%E3%82%84%E3%81%BE" dan="16,17,18,16" rate="2125.46,2198.09,2275.50,2132.11" sx="M,M,M,M"/><TAIKYOKU oya="0"/><INIT seed="0,0,0,1,2,96" ten="250,250,250,250" oya="0" hai0="5,19,126,67,73,120,121,116,107,89,123,11,24" hai1="14,110,125,15,112,69,26,88,60,0,78,122,72" hai2="31,97,106,55,90,29,10,74,62,52,27,44,127" hai3="65,18,81,7,23,101,3,131,64,41,132,114,86"/><T119/><D67/><U58/><E122/><V92/><F127/><W21/><G114/><T28/><D73/><U99/><E0/><V54/><F74/><W42/><G131/><T56/><D56/><U108/><E69/><V102/><F10/><W76/><G132/><T98/><D126/><U47/><E125/><V95/><F106/><W53/><G7/><T111/><D89/><U49/><E26/><V105/><F105/><W94/><G3/><T91/><D91/><U34/><E34/><V59/><F44/><W133/><G53/><N who="2" m="20585" /><F27/><W109/><G109/><N who="1" m="42090" /><E112/><V87/><AGARI ba="0,0" hai="29,31,55,59,62,87,90,92,95,97,102" m="20585" machi="87" ten="30,4000,0" yaku="8,1,52,1,54,1" doraHai="96" who="2" fromWho="2" sc="250,-20,250,-10,250,40,250,-10" /><INIT seed="1,0,0,0,2,108" ten="230,240,290,240" oya="1" hai0="44,78,58,90,117,33,82,17,12,105,31,47,133" hai1="24,67,21,120,126,65,96,76,92,75,109,13,32" hai2="91,103,94,48,16,52,7,89,56,97,23,38,50" hai3="26,57,39,54,4,19,114,64,49,119,29,115,83"/><U106/><E120/><V63/><F38/><W93/><G39/><T15/><D117/><U1/><E106/><V72/><F72/><W116/><G4/><T53/><D133/><U123/><E1/><V35/><F7/><W110/><G110/><T127/><D127/><U30/><E123/><V27/><F35/><W100/><G83/><T11/><D105/><U81/><E126/><V51/><AGARI ba="0,0" hai="16,23,27,48,50,51,52,56,63,89,91,94,97,103" machi="51" ten="30,7900,0" yaku="0,1,8,1,54,2" doraHai="108" who="2" fromWho="2" sc="230,-20,240,-39,290,79,240,-20" /><INIT seed="2,0,0,3,4,111" ten="210,201,369,220" oya="2" hai0="65,135,125,116,71,97,54,104,130,56,134,46,115" hai1="101,122,95,47,1,20,73,114,110,15,132,117,63" hai2="68,124,67,75,32,40,58,30,53,61,87,109,106" hai3="26,72,36,6,108,77,35,12,62,131,120,8,93"/><V28/><F75/><W0/><G120/><T81/><D81/><U10/><E117/><V17/><F106/><W79/><G108/><T69/><D97/><U31/><E110/><V24/><F109/><W92/><G131/><T34/><D34/><U13/><E73/><V55/><F124/><W18/><G36/><T83/><D83/><U60/><E1/><V85/><F40/><W103/><G62/><N who="0" m="38087" /><D104/><U9/><E132/><N who="0" m="50729" /><D130/><U42/><E122/><V57/><F30/><N who="3" m="19927" /><G72/><T102/><D102/><U118/><E31/><V121/><F121/><W27/><G27/><T86/><D86/><U107/><E101/><V119/><F119/><W38/><G38/><T64/><D116/><U88/><E107/><V99/><F99/><N who="3" m="59879" /><G93/><T82/><D82/><U89/><E95/><V7/><F87/><W29/><G29/><T128/><D128/><U78/><E78/><V74/><F85/><W59/><G59/><T39/><D125/><U16/><E118/><V14/><F58/><W98/><G98/><T23/><D23/><AGARI ba="0,0" hai="0,6,8,12,18,23,77,79" m="59879,19927" machi="23" ten="30,1000,0" yaku="24,1" doraHai="111" who="3" fromWho="0" sc="210,-10,201,0,369,0,220,10" /><INIT seed="3,0,0,2,5,19" ten="200,201,369,230" oya="3" hai0="84,16,88,93,131,59,14,71,6,133,72,80,102" hai1="48,23,127,58,129,4,2,122,12,109,61,135,130" hai2="18,73,86,33,115,52,51,75,39,79,15,1,45" hai3="69,9,22,49,46,41,76,17,3,54,85,37,87"/><W7/><G69/><T94/><D71/><U104/><E104/><V44/><F1/><W134/><G76/><T62/><D131/><N who="1" m="50187" /><E122/><V74/><F33/><W25/><REACH who="3" step="1"/><G134/><REACH who="3" ten="200,201,369,220" step="2"/><T66/><D133/><U112/><E135/><V65/><F79/><W13/><G13/><T81/><D102/><U0/><E112/><V95/><F115/><W82/><G82/><N who="0" m="49175" /><D72/><U118/><E0/><V108/><F74/><W98/><G98/><T119/><D119/><U53/><E2/><V57/><F73/><W132/><G132/><T92/><D6/><U113/><E4/><V90/><F75/><W101/><G101/><T5/><D5/><U64/><E118/><V34/><F15/><W110/><G110/><T28/><D28/><U31/><E109/><V60/><F108/><W27/><G27/><T63/><D62/><U56/><E12/><V105/><F60/><W55/><G55/><T116/><D116/><U35/><E113/><V20/><F52/><W10/><G10/><AGARI ba="0,1" hai="10,14,16,59,63,66,80,81,92,93,94" m="49175" machi="10" ten="30,3900,0" yaku="8,1,54,2" doraHai="19" who="0" fromWho="3" sc="200,49,201,0,369,0,220,-39" owari="249,4.9,201,-19.9,369,46.9,181,-31.9" /></mjloggm>