<mjloggm ver="2.3"><GO type="225" lobby="0"/><UN n0="%E3%81%B0%E3%81%94%E3%83%BC%E3%82%93" n1="%72%65%6E%6B%75%6E" n2="%E3%81%BF%E3%81%BF%E3%81%9A" n3="%E6%A1%9C%E8%8A%B1%E9%96%83%E3%80%85" dan="16,17,17,16" rate="2057.94,2214.89,2163.52,2116.61" sx="M,M,M,M"/><TAIKYOKU oya="0"/><INIT seed="0,0,0,4,2,81" ten="250,250,250,250" oya="0" hai0="13,28,82,34,119,9,48,4,8,110,55,118,112" hai1="21,3,51,66,86,42,15,94,133,45,36,53,114" hai2="5,87,125,106,101,26,108,32,134,90,132,29,122" hai3="58,22,77,89,126,24,41,79,47,43,88,96,17"/><T57/><D112/><U99/><E3/><V65/><F122/><W91/><G126/><T39/><D39/><U76/><E114/><V35/><F125/><W37/><G43/><T104/><D104/><U120/><E120/><V19/><F108/><W113/><G113/><T23/><D110/><U72/><E72/><V115/><F115/><W83/><G58/><T30/><D34/><U75/><E75/><V1/><F32/><W127/><G127/><T7/><D82/><N who="1" m="47431" /><E36/><V20/><F65/><W56/><G56/><T59/><D23/><U60/><E133/><V102/><F106/><W135/><G135/><N who="2" m="51753" /><F5/><W69/><G69/><T54/><REACH who="0" step="1"/><D48/><REACH who="0" ten="240,250,250,250" step="2"/><U14/><E21/><N who="2" m="15567" /><F1/><W78/><REACH who="3" step="1"/><G96/><REACH who="3" ten="240,250,250,240" step="2"/><T2/><D2/><U121/><E121/><V111/><F111/><W123/><G123/><T93/><D93/><U61/><E94/><N who="2" m="54623" /><F35/><W27/><G27/><AGARI ba="0,2" hai="19,20,27,101,102" m="54623,15567,51753" machi="27" ten="30,2000,0" yaku="20,1,52,1" doraHai="81" who="2" fromWho="3" sc="240,0,250,0,250,40,240,-20" /><INIT seed="1,0,0,2,0,113" ten="240,250,290,220" oya="1" hai0="36,31,73,81,22,4,126,19,108,101,6,131,12" hai1="119,102,14,53,103,83,89,9,107,39,41,78,82" hai2="60,123,46,67,63,28,86,59,122,55,33,96,3" hai3="97,120,71,132,61,94,23,104,7,27,77,70,58"/><U35/><E35/><V130/><F3/><W134/><G120/><T92/><D36/><U10/><E53/><V99/><F33/><W45/><G104/><T50/><D108/><U105/><E89/><V133/><F28/><N who="3" m="17535" /><G7/><N who="0" m="2603" /><D73/><U49/><E49/><V38/><F86/><W42/><G77/><T117/><D117/><U84/><E14/><V18/><F18/><W8/><G8/><N who="0" m="6535" /><D131/><U15/><E15/><V5/><F5/><W47/><G58/><T125/><D81/><U64/><E84/><V37/><F99/><W34/><G34/><T69/><D69/><U11/><E64/><V76/><F96/><W115/><G115/><T100/><D92/><U62/><E78/><V32/><F76/><W85/><G85/><T20/><D50/><U43/><E62/><V65/><F32/><W80/><G80/><T95/><D95/><U56/><E10/><V0/><F0/><W91/><G61/><T44/><D44/><N who="3" m="16969" /><G42/><T88/><D22/><U66/><E56/><N who="2" m="36999" /><F130/><W13/><G13/><T106/><D106/><U90/><E39/><N who="2" m="14859" /><F123/><W112/><G112/><T51/><D20/><U52/><E83/><V26/><F122/><W98/><G98/><T17/><D17/><U2/><E82/><V57/><F26/><W30/><G30/><T79/><D31/><U118/><E2/><V1/><F1/><W48/><G48/><T129/><D51/><U109/><E105/><V40/><F55/><W24/><G24/><T54/><D54/><U135/><E52/><V74/><F74/><W124/><G124/><N who="0" m="47723" /><D79/><U16/><E107/><V121/><F121/><W116/><G116/><RYUUKYOKU ba="0,0" sc="240,-10,250,-10,290,-10,220,30" hai3="70,71,91,94,97,132,134" /><INIT seed="2,1,0,2,1,57" ten="230,240,280,250" oya="2" hai0="34,90,78,135,125,81,10,101,98,87,131,41,118" hai1="52,128,11,16,40,111,9,30,71,84,53,27,94" hai2="13,46,124,97,65,51,66,106,25,62,105,77,60" hai3="74,113,116,67,70,85,55,115,12,44,37,4,103"/><V49/><F77/><W17/><G74/><T36/><D34/><U2/><E71/><V59/><F124/><W129/><G116/><T32/><D32/><U43/><E2/><V126/><F126/><W99/><G4/><T22/><D125/><U69/><E69/><V6/><F25/><W89/><G129/><T29/><D131/><U72/><E72/><V3/><F3/><W48/><G37/><T133/><D118/><U68/><E68/><V54/><F97/><W0/><G0/><T8/><D41/><N who="1" m="15947" /><E128/><V79/><F79/><W95/><G70/><T23/><D36/><U18/><E111/><V100/><F100/><W108/><G67/><N who="2" m="25609" /><F106/><W104/><REACH who="3" step="1"/><G108/><REACH who="3" ten="230,240,280,240" step="2"/><T122/><D133/><U5/><E5/><V96/><F105/><W26/><G26/><T110/><D135/><U102/><E27/><V20/><F6/><W64/><G64/><T21/><D110/><U121/><E121/><V109/><F109/><W14/><G14/><T123/><D123/><U42/><E30/><V58/><F96/><W33/><G33/><T83/><D29/><U15/><E15/><V120/><F120/><W132/><G132/><T39/><D39/><U38/><E38/><V61/><F49/><W50/><G50/><T45/><D122/><U73/><E73/><V117/><F117/><W114/><G114/><T35/><D35/><U28/><E28/><V134/><F134/><W80/><G80/><T107/><REACH who="0" step="1"/><D45/><REACH who="0" ten="220,240,280,240" step="2"/><U130/><E130/><V91/><F46/><W112/><G112/><T82/><D82/><U47/><E47/><V119/><F119/><W88/><G88/><RYUUKYOKU ba="1,2" sc="220,15,240,-15,280,-15,240,15" hai0="8,10,21,22,23,78,81,83,87,90,98,101,107" hai3="12,17,44,48,55,85,89,95,99,103,104,113,115" /><INIT seed="3,2,2,0,3,50" ten="235,225,265,255" oya="3" hai0="41,25,40,87,111,23,115,81,108,56,110,96,1" hai1="121,67,133,116,19,72,2,74,42,30,65,92,73" hai2="64,7,20,75,11,28,49,105,114,24,51,119,54" hai3="45,131,122,62,118,3,8,113,80,125,84,37,44"/><W89/><G113/><T34/><D1/><U29/><E2/><V57/><F114/><W52/><G118/><T86/><D34/><U32/><E121/><V132/><F105/><W94/><G122/><T68/><D68/><U39/><E116/><V36/><F36/><W107/><G107/><T59/><D115/><U135/><E19/><V66/><F119/><W22/><G125/><T38/><D96/><U117/><E117/><V5/><F75/><W48/><G131/><T13/><D13/><U100/><E42/><N who="0" m="16489" /><D38/><U43/><E43/><V83/><F132/><N who="1" m="50761" /><E39/><V126/><F126/><W0/><G37/><T120/><D120/><U15/><E15/><N who="2" m="5615" /><F7/><W31/><G44/><T69/><D69/><U18/><E18/><V103/><F103/><W53/><G8/><T60/><D81/><U10/><E10/><V12/><F12/><W16/><G31/><N who="1" m="11786" /><E32/><V106/><F106/><W58/><G80/><T70/><D23/><U33/><E33/><V129/><F129/><W78/><G78/><T91/><D25/><AGARI ba="2,2" hai="0,3,16,22,25,45,48,52,53,58,62,84,89,94" machi="25" ten="30,12000,1" yaku="7,1,52,2,54,2" doraHai="50" who="3" fromWho="0" sc="235,-126,225,0,265,0,255,146" owari="109,-39.1,225,-17.5,265,6.5,401,50.1" /></mjloggm>