<mjloggm ver="2.3"><GO type="225" lobby="0"/><UN n0="%72%69%6F%75%63%68%61%6E" n1="%E3%80%93%E3%81%97%E3%83%BC%E3%82%89%E3%80%93" n2="%E3%81%90%E3%81%A1%E3%82%84%E3%81%BE" n3="%6C%65%74%69%74%62%65" dan="16,16,16,16" rate="2082.14,2194.68,2122.21,2124.70" sx="M,M,M,M"/><TAIKYOKU oya="0"/><INIT seed="0,0,0,2,4,135" ten="250,250,250,250" oya="0" hai0="1,3,64,45,69,133,35,6,10,29,57,63,13" hai1="62,49,32,117,51,36,30,105,11,83,27,40,46" hai2="7,44,73,55,43,106,53,134,79,88,93,95,118" hai3="85,24,56,5,123,59,77,109,91,0,82,75,115"/><T66/><D133/><U14/><E117/><V81/><F134/><W54/><G115/><T8/><D45/><U20/><E105/><V114/><F106/><W80/><G109/><T126/><D126/><U132/><E132/><V18/><F114/><W87/><G123/><T37/><D37/><U25/><E83/><V103/><F118/><W9/><G24/><T113/><D113/><U84/><E84/><V90/><F7/><W99/><G99/><T120/><D120/><U34/><E62/><V98/><F18/><W97/><G97/><T101/><D101/><U58/><E58/><V107/><F93/><W26/><G26/><T72/><D72/><U38/><E51/><N who="2" m="27039" /><F90/><W28/><G28/><T12/><D66/><U116/><E116/><V42/><F42/><W23/><G23/><T92/><D57/><U124/><E124/><V104/><F104/><W121/><G121/><T65/><D64/><U19/><REACH who="1" step="1"/><E34/><REACH who="1" ten="250,240,250,250" step="2"/><V61/><F61/><W39/><G59/><T70/><D69/><U71/><E71/><V128/><F128/><W131/><G131/><T52/><D92/><U89/><E89/><V41/><F41/><W76/><G91/><T110/><D110/><U17/><AGARI ba="0,1" hai="11,14,17,19,20,25,27,30,32,36,38,40,46,49" machi="17" ten="20,2700,0" yaku="1,1,0,1,7,1,53,0" doraHai="135" doraHaiUra="60" who="1" fromWho="1" sc="250,-13,240,37,250,-7,250,-7" /><INIT seed="1,0,0,5,2,34" ten="237,277,243,243" oya="1" hai0="48,55,86,21,106,97,64,89,12,107,25,123,108" hai1="20,79,46,76,67,4,58,120,134,111,72,78,92" hai2="17,118,10,26,87,127,71,109,81,39,95,54,125" hai3="33,30,124,28,80,119,22,59,14,19,94,90,75"/><U102/><E120/><V65/><F118/><W133/><G133/><T51/><D123/><U23/><E134/><V100/><F39/><W16/><G119/><T130/><D108/><U68/><E72/><V5/><F109/><W3/><G3/><T61/><D130/><U2/><E68/><V41/><F41/><W38/><G33/><T52/><D12/><U50/><E111/><V49/><F65/><W104/><G104/><T24/><D97/><N who="1" m="59687" /><E2/><V6/><F71/><W43/><G59/><N who="0" m="36927" /><D107/><U77/><N who="1" m="19456" /><DORA hai="13" /><U60/><E4/><V131/><F131/><W73/><G124/><T103/><D103/><U8/><E8/><V56/><F10/><W129/><G129/><T1/><D106/><U63/><E63/><V117/><F117/><W9/><G73/><T37/><D37/><U91/><E91/><N who="2" m="51695" /><F127/><W114/><G114/><T40/><D1/><U83/><E83/><V135/><F135/><W66/><G80/><N who="0" m="49351" /><D51/><U42/><AGARI ba="0,0" hai="20,23,42,46,50,58,60,67" m="19456,59687" machi="42" ten="40,2100,0" yaku="8,1" doraHai="34,13" who="1" fromWho="1" sc="237,-7,277,21,243,-7,243,-7" /><INIT seed="1,1,0,1,5,128" ten="230,298,236,236" oya="1" hai0="107,79,25,51,71,44,92,84,27,34,59,49,57" hai1="114,55,87,131,74,39,70,81,89,121,43,67,97" hai2="119,68,96,83,26,29,17,18,58,19,37,10,135" hai3="85,93,118,1,76,12,16,95,113,6,134,31,60"/><U108/><E131/><V14/><F68/><W54/><G113/><T30/><D71/><U0/><E0/><V117/><F37/><W88/><G76/><T50/><D107/><U4/><E4/><V52/><F96/><W56/><G118/><T11/><D44/><U28/><E28/><V125/><F83/><W110/><G110/><T47/><D47/><U80/><E43/><V9/><F125/><W115/><G31/><T130/><D130/><U36/><E108/><V64/><F64/><W61/><G115/><T105/><D105/><U111/><E111/><V48/><F135/><W90/><G134/><T22/><D11/><U133/><E121/><V63/><F63/><N who="3" m="36247" /><G6/><T5/><D5/><U116/><E133/><V109/><F109/><W62/><G1/><T124/><D124/><U82/><E116/><V101/><F101/><W120/><G120/><T53/><D59/><U78/><E67/><V77/><F77/><W7/><G7/><T40/><D40/><U132/><E70/><V72/><F72/><W3/><G3/><T99/><D84/><U100/><E132/><V65/><F65/><W38/><G38/><N who="1" m="14378" /><E55/><V75/><F75/><W41/><G41/><T106/><D106/><N who="1" m="63759" /><E114/><V21/><REACH who="2" step="1"/><F19/><REACH who="2" ten="230,298,226,236" step="2"/><W23/><G61/><T13/><D79/><U94/><AGARI ba="1,1" hai="74,78,80,81,82,87,89,94" m="63759,14378" machi="94" ten="30,1500,0" yaku="24,1" doraHai="128" who="1" fromWho="1" sc="230,-6,298,28,226,-6,236,-6" /><INIT seed="1,2,0,5,5,15" ten="224,326,220,230" oya="1" hai0="8,79,84,59,58,80,44,131,103,77,69,54,45" hai1="19,63,0,81,33,86,93,51,109,48,95,71,89" hai2="111,29,129,94,116,31,107,10,7,2,117,35,16" hai3="113,135,122,32,9,112,110,118,133,25,128,52,127"/><U104/><E104/><V108/><F107/><W82/><G122/><T5/><D69/><U106/><E106/><V90/><F129/><W66/><G66/><T126/><D131/><U60/><E33/><V23/><F90/><W120/><G120/><T61/><D126/><U49/><E0/><V125/><F94/><N who="1" m="35849" /><E71/><V42/><F42/><W62/><G128/><T101/><D77/><U12/><E109/><N who="2" m="42059" /><F125/><W114/><G110/><T97/><D58/><U85/><E86/><V53/><F53/><W134/><G82/><T40/><D97/><U75/><E75/><V56/><F56/><N who="3" m="35079" /><G127/><T72/><D45/><U18/><E18/><V26/><F31/><N who="3" m="19567" /><G118/><T55/><D55/><U47/><E47/><V41/><F41/><W11/><AGARI ba="2,0" hai="9,11,112,113,114,133,134,135" m="19567,35079" machi="11" ten="40,2700,0" yaku="20,1,54,1" doraHai="15" who="3" fromWho="3" sc="224,-9,326,-15,220,-9,230,33" /><INIT seed="2,0,0,2,1,33" ten="215,311,211,263" oya="2" hai0="73,81,126,122,93,58,71,69,123,75,89,15,29" hai1="85,76,119,133,63,106,111,84,80,54,12,52,108" hai2="94,45,90,49,39,83,55,28,8,61,51,67,104" hai3="105,32,42,74,87,26,19,23,130,115,96,18,5"/><V14/><F104/><W70/><G74/><T22/><D126/><U121/><E106/><V118/><F118/><W60/><G130/><T9/><D58/><N who="1" m="35271" /><E119/><V21/><F83/><W50/><G87/><T24/><D69/><U36/><E36/><V20/><F51/><W7/><G18/><T68/><D71/><U38/><E38/><V124/><F39/><W65/><G115/><T120/><D68/><U57/><E12/><V78/><F78/><W59/><G32/><T98/><REACH who="0" step="1"/><D81/><REACH who="0" ten="205,311,211,263" step="2"/><U112/><E112/><V82/><F124/><W25/><G59/><T103/><D103/><U100/><E100/><V2/><F82/><W117/><G70/><T127/><D127/><U95/><E121/><V44/><F94/><W109/><G117/><T46/><D46/><U99/><E108/><V35/><F45/><W47/><G109/><T132/><D132/><U48/><E111/><V135/><F135/><W72/><G105/><T102/><D102/><N who="1" m="60799" /><E133/><V97/><F44/><W37/><G37/><T77/><D77/><U11/><E76/><V13/><F90/><W3/><G47/><T110/><D110/><U116/><E80/><V34/><F34/><W6/><G42/><T0/><D0/><U114/><E116/><V107/><F2/><W16/><G3/><T134/><D134/><U27/><E114/><V31/><F35/><W62/><G72/><T4/><AGARI ba="0,1" hai="4,9,15,22,24,29,73,75,89,93,98,120,122,123" machi="4" ten="30,2000,0" yaku="1,1,0,1,53,0" doraHai="33" doraHaiUra="30" who="0" fromWho="0" sc="205,30,311,-5,211,-10,263,-5" /><INIT seed="3,0,0,2,1,31" ten="235,306,201,258" oya="3" hai0="105,134,35,76,108,46,59,42,121,51,27,113,128" hai1="47,20,55,7,36,28,62,65,61,110,120,9,125" hai2="39,106,57,100,14,32,52,96,91,8,70,16,102" hai3="99,126,115,74,82,24,89,81,4,43,58,114,6"/><W83/><G74/><T133/><D121/><U88/><E120/><V53/><F70/><W18/><G126/><T95/><D108/><U135/><E110/><V54/><F39/><W41/><G58/><T119/><D105/><U90/><E125/><V26/><F106/><W103/><G103/><N who="2" m="39465" /><F32/><W111/><G111/><T38/><D119/><U127/><E135/><N who="0" m="51721" /><D128/><U92/><E127/><V63/><F26/><W98/><G18/><T122/><D122/><U123/><E36/><V69/><F69/><W109/><G109/><T73/><D113/><U56/><E123/><V77/><F77/><W104/><G104/><T72/><D76/><U23/><E28/><V5/><F5/><W64/><G24/><T131/><D131/><U25/><E25/><V30/><F30/><W33/><G89/><T10/><D35/><U124/><E90/><V34/><F34/><W78/><G33/><T40/><D27/><U94/><E124/><V87/><F96/><W22/><G78/><T17/><D40/><N who="3" m="15433" /><G98/><T71/><D71/><U101/><E101/><V44/><F44/><W116/><G99/><T49/><D38/><U19/><E47/><V48/><F63/><W75/><G116/><T79/><D79/><U45/><E62/><V68/><F68/><W2/><G75/><T117/><D117/><U15/><E45/><V0/><F0/><W37/><G37/><T67/><D72/><U107/><E107/><V12/><F12/><W3/><G2/><T86/><D73/><U84/><E15/><V11/><F8/><N who="3" m="2079" /><G6/><T85/><D46/><U29/><E7/><V66/><F66/><RYUUKYOKU ba="0,0" sc="235,-10,306,-10,201,30,258,-10" hai2="11,14,16,48,52,53,54,57,87,91" /><INIT seed="4,1,0,2,2,67" ten="225,296,231,248" oya="0" hai0="73,21,15,109,68,112,0,4,41,24,99,32,8" hai1="120,110,78,48,124,25,80,74,113,123,93,128,130" hai2="28,103,117,64,134,13,5,50,51,76,27,69,14" hai3="30,126,111,129,40,121,116,60,85,11,10,98,61"/><T59/><D112/><U17/><E110/><V101/><F134/><W95/><G111/><T92/><D109/><U82/><E113/><V119/><F76/><W63/><G116/><N who="2" m="44617" /><F64/><W43/><G129/><N who="1" m="49770" /><E124/><V122/><F122/><W96/><G121/><T26/><D73/><U54/><E82/><V33/><F69/><W56/><G30/><N who="0" m="19527" /><D41/><U72/><E72/><V79/><F79/><W132/><G40/><T46/><D46/><N who="1" m="27927" /><E93/><V131/><F131/><W62/><G43/><T90/><D68/><U66/><E66/><V29/><F29/><W36/><G126/><T107/><D107/><U34/><E34/><V23/><F33/><W31/><G31/><T45/><D45/><U115/><E115/><V108/><F108/><W105/><G105/><T1/><D59/><U102/><E102/><N who="2" m="38923" /><F5/><W127/><G127/><T49/><D49/><AGARI ba="1,0" hai="13,14,23,27,28,49,50,51" m="38923,44617" machi="49" ten="30,1000,0" yaku="12,1" doraHai="67" who="2" fromWho="0" sc="225,-13,296,0,231,13,248,0" /><INIT seed="5,0,0,1,5,127" ten="212,296,244,248" oya="1" hai0="23,67,135,19,76,102,71,95,57,53,2,105,61" hai1="84,81,10,29,35,39,16,111,119,21,99,108,77" hai2="64,88,37,120,116,98,94,110,87,129,73,70,52" hai3="68,63,123,0,8,112,107,79,92,78,1,56,100"/><U9/><E39/><V75/><F116/><W106/><G68/><T28/><D135/><U17/><E119/><V69/><F120/><W97/><G123/><T93/><D2/><U7/><E35/><V101/><F110/><N who="1" m="42025" /><E10/><V14/><F37/><W36/><G36/><T45/><D28/><U26/><E99/><V40/><F40/><W65/><G112/><T113/><D113/><U66/><E66/><V109/><F109/><W59/><G0/><AGARI ba="0,0" hai="0,7,9,16,17,21,26,29,77,81,84" m="42025" machi="0" ten="30,2900,0" yaku="10,1,54,1" doraHai="127" who="1" fromWho="3" sc="212,0,296,29,244,0,248,-29" owari="212,-28.8,325,42.5,244,4.4,219,-18.1" /></mjloggm>