<mjloggm ver="2.3"><GO type="225" lobby="0"/><UN n0="%70%68%65%6E%6F%6D%65" n1="%E5%A4%8F%E9%88%B4%E9%88%B4%E5%A4%8F" n2="%E3%83%96%E3%83%83%E3%83%91%E3%82%AA%E3%83%96%E3%83%81%E3%82%AD%E3%83%B3" n3="%E4%BC%8A%E9%81%94%E6%9C%B1%E9%87%8C%E7%B4%97" dan="16,16,16,16" rate="2156.63,2101.58,2076.79,2123.44" sx="M,F,M,F"/><TAIKYOKU oya="0"/><INIT seed="0,0,0,2,1,67" ten="250,250,250,250" oya="0" hai0="102,40,1,73,74,130,86,29,111,37,46,114,113" hai1="22,54,53,58,38,69,116,129,83,56,4,96,60" hai2="94,27,7,120,16,55,66,112,75,71,104,70,79" hai3="14,109,124,2,117,26,10,5,49,50,132,48,108"/><T127/><D1/><U63/><E116/><V13/><F120/><W118/><G132/><T115/><D127/><U119/><E119/><V32/><F112/><W25/><G124/><T39/><D130/><U134/><E134/><V9/><F104/><W121/><G121/><T34/><D39/><U131/><E4/><V59/><F66/><W128/><G128/><N who="1" m="49226" /><E38/><V36/><F36/><W81/><G118/><T20/><D20/><U92/><E83/><V42/><F42/><W122/><G122/><T98/><D86/><U78/><E78/><V43/><F43/><W64/><G117/><T77/><D77/><U135/><E135/><V85/><F75/><W33/><G64/><T133/><D133/><U65/><E22/><V52/><F55/><N who="1" m="21001" /><E63/><V72/><F72/><W15/><G81/><T61/><D61/><U11/><E11/><V62/><F79/><W123/><G123/><T51/><D51/><U110/><E110/><N who="3" m="42602" /><G33/><T125/><D111/><U6/><E6/><V0/><F32/><W95/><G95/><T88/><D125/><U19/><E19/><V57/><F0/><W23/><G2/><T31/><D34/><U17/><E17/><AGARI ba="0,0" hai="5,10,14,15,17,23,25,26,48,49,50" m="42602" machi="17" ten="30,1000,0" yaku="14,1" doraHai="67" who="3" fromWho="1" sc="250,0,250,-10,250,0,250,10" /><INIT seed="1,0,0,5,5,129" ten="250,240,250,260" oya="1" hai0="59,16,67,100,19,30,125,107,66,80,93,122,112" hai1="27,58,92,40,3,81,117,36,44,47,42,48,11" hai2="12,22,85,39,75,126,57,106,79,13,73,76,74" hai3="70,60,0,78,38,131,50,86,119,133,61,15,105"/><U124/><E117/><V91/><F39/><W53/><G0/><T51/><D112/><U101/><E124/><V127/><F57/><W64/><G131/><T24/><D107/><U49/><E27/><V17/><F106/><W23/><G105/><T56/><D125/><N who="2" m="47626" /><F12/><W29/><G119/><T130/><D130/><U102/><E92/><AGARI ba="0,0" hai="13,17,22,73,74,75,76,79,85,91,92" m="47626" machi="92" ten="40,1300,0" yaku="18,1" doraHai="129" who="2" fromWho="1" sc="250,0,240,-13,250,13,260,0" /><INIT seed="2,0,0,1,1,41" ten="250,227,263,260" oya="2" hai0="35,131,88,60,127,133,4,23,47,54,102,18,79" hai1="76,40,84,74,130,115,31,90,61,124,113,80,29" hai2="103,17,56,58,22,46,42,114,109,13,132,93,3" hai3="91,7,117,71,105,75,33,8,73,94,106,97,5"/><V37/><F114/><W120/><G120/><T118/><D127/><U66/><E124/><V134/><F3/><W12/><G117/><T26/><D118/><U99/><E130/><V110/><F93/><W65/><G33/><T57/><D131/><U59/><E115/><V51/><F103/><W116/><G116/><T92/><D133/><N who="2" m="51306" /><F37/><W64/><G71/><T108/><D108/><AGARI ba="0,0" hai="13,17,22,42,46,51,56,58,108,109,110" m="51306" machi="108" ten="30,11600,0" yaku="14,1,10,1,20,1,52,1" doraHai="41" who="2" fromWho="0" sc="250,-116,227,0,263,116,260,0" /><INIT seed="2,1,0,0,2,70" ten="134,227,379,260" oya="2" hai0="88,39,128,86,31,65,107,64,120,27,101,103,30" hai1="74,41,59,116,47,127,28,92,71,58,67,9,132" hai2="125,7,56,124,95,122,85,11,14,75,3,79,35" hai3="68,119,40,117,53,19,49,108,104,130,63,32,100"/><V61/><F122/><W131/><G108/><T60/><D120/><U110/><E116/><V98/><F35/><W113/><G32/><T121/><D121/><U99/><E110/><V4/><F75/><W52/><G19/><T0/><D128/><N who="3" m="49193" /><G104/><T17/><D0/><U23/><E74/><V24/><F24/><W66/><G100/><T94/><D64/><U69/><E127/><N who="2" m="48715" /><F79/><W76/><G76/><T90/><D39/><U126/><E9/><V20/><F85/><W1/><G1/><T91/><D17/><U82/><E82/><V123/><F123/><W37/><G37/><T118/><D31/><U109/><E109/><V5/><F20/><W114/><G40/><T29/><D30/><U25/><E58/><V45/><F3/><W43/><G43/><T46/><D46/><U112/><E132/><V48/><F45/><N who="3" m="27695" /><G53/><T2/><D2/><U77/><E77/><V22/><F48/><W8/><G8/><T55/><D55/><U10/><E10/><V72/><F22/><W12/><G12/><T106/><D118/><AGARI ba="1,0" hai="63,66,68,113,114,117,118,119" m="27695,49193" machi="118" ten="30,7700,0" yaku="19,1,34,2,54,1" doraHai="70" who="3" fromWho="0" sc="134,-80,227,0,379,0,260,80" /><INIT seed="3,0,0,5,5,108" ten="54,227,379,340" oya="3" hai0="16,120,127,17,95,115,64,37,98,93,125,135,4" hai1="113,88,25,118,82,111,22,49,9,41,52,35,131" hai2="23,27,61,94,51,13,26,101,129,55,71,10,30" hai3="116,53,73,33,81,103,57,18,72,114,87,84,40"/><W43/><G116/><T102/><D120/><U36/><E111/><V19/><F129/><W34/><G114/><T62/><D37/><U77/><E131/><V78/><F78/><W60/><G103/><T28/><D28/><U76/><E35/><V12/><F71/><W63/><G18/><T99/><D4/><U107/><E107/><V1/><F1/><W65/><G53/><T47/><D135/><U31/><E113/><V92/><F61/><W112/><G112/><T8/><D115/><U132/><E132/><V86/><F86/><W117/><G117/><T42/><D125/><U14/><E41/><V110/><F110/><W6/><G81/><T128/><D128/><U119/><E36/><V32/><F101/><W50/><G50/><T46/><D127/><U121/><E121/><V109/><F109/><W68/><G57/><T21/><D8/><U130/><E130/><V7/><F27/><W29/><G29/><T38/><D21/><U24/><E24/><V3/><F13/><W97/><G6/><T79/><D79/><U54/><E54/><V66/><F66/><W126/><G126/><T106/><D47/><AGARI ba="0,0" hai="3,7,10,12,19,23,26,30,32,47,51,55,92,94" machi="47" ten="30,3900,0" yaku="7,1,24,2" doraHai="108" who="2" fromWho="0" sc="54,-39,227,0,379,39,340,0" owari="15,-48.5,227,-17.3,418,51.8,340,14.0" /></mjloggm>