<mjloggm ver="2.3"><GO type="225" lobby="0"/><UN n0="%E3%83%81%E3%83%83%E3%82%BF%E3%82%BD%E3%83%BC" n1="%E3%83%96%E3%83%83%E3%83%91%E3%82%AA%E3%83%96%E3%83%81%E3%82%AD%E3%83%B3" n2="%E3%81%95%E3%81%8D%E3%81%9F%E3%81%BE%E6%9E%97%E6%AA%8E" n3="%E9%A6%AC%E5%BC%95%E7%81%AB%33" dan="17,16,16,16" rate="2202.51,2133.35,2139.19,2086.01" sx="F,M,M,M"/><TAIKYOKU oya="0"/><INIT seed="0,0,0,5,2,133" ten="250,250,250,250" oya="0" hai0="92,124,18,1,98,78,52,66,131,34,58,23,75" hai1="59,17,109,33,125,0,37,54,38,6,134,30,2" hai2="8,13,89,77,9,49,129,5,120,51,20,15,113" hai3="90,56,70,79,42,64,68,86,110,48,95,50,116"/><T93/><D34/><U40/><E134/><V128/><F120/><W123/><G116/><T47/><D1/><U3/><E109/><V132/><F113/><W97/><G110/><T36/><D66/><U62/><E6/><V46/><F132/><W11/><G123/><T122/><D122/><U84/><E40/><V104/><F104/><W67/><G70/><T112/><D112/><U61/><E125/><V119/><F119/><W94/><G68/><T96/><D124/><U19/><E84/><V21/><F77/><W76/><G76/><T31/><D31/><U44/><E44/><V103/><F103/><W121/><G121/><T65/><D131/><N who="2" m="50250" /><F89/><W80/><G11/><N who="2" m="4169" /><F5/><W73/><G42/><T22/><D65/><U135/><E135/><V115/><F115/><W82/><G82/><T91/><D78/><U10/><E10/><V117/><F117/><W25/><G64/><T69/><D75/><U118/><E118/><V102/><F102/><W55/><G67/><T106/><D106/><U126/><E126/><V43/><F51/><W4/><G4/><T100/><D69/><U87/><E62/><V74/><F74/><W12/><G48/><N who="0" m="30983" /><D36/><U39/><REACH who="1" step="1"/><E87/><REACH who="1" ten="250,240,250,250" step="2"/><V111/><F111/><W53/><G86/><T35/><D47/><U26/><AGARI ba="0,1" hai="0,2,3,17,19,26,30,33,37,38,39,54,59,61" machi="26" ten="40,8000,1" yaku="1,1,2,1,0,1,53,1" doraHai="133" doraHaiUra="27" who="1" fromWho="1" sc="250,-40,240,90,250,-20,250,-20" /><INIT seed="1,0,0,5,5,115" ten="210,330,230,230" oya="1" hai0="34,13,0,2,71,85,114,12,117,56,119,55,74" hai1="125,9,40,11,21,22,101,31,5,66,62,48,80" hai2="132,60,57,116,24,59,106,70,109,104,135,73,16" hai3="107,38,30,46,65,95,69,110,134,82,44,37,103"/><U120/><E120/><V129/><F73/><W35/><G95/><T27/><D74/><U124/><E101/><V20/><F70/><W111/><G82/><T14/><D85/><U10/><E5/><V105/><F109/><N who="3" m="41483" /><G134/><N who="2" m="51241" /><F129/><W87/><G87/><T98/><D98/><U68/><E80/><V128/><F128/><W81/><G81/><T102/><D102/><U96/><E96/><V33/><F33/><W123/><G123/><T97/><D97/><U23/><REACH who="1" step="1"/><E31/><REACH who="1" ten="210,320,230,230" step="2"/><V86/><F86/><W77/><G30/><T79/><D114/><U15/><E15/><V4/><F4/><W18/><G103/><T19/><D12/><U49/><E49/><V75/><F75/><W94/><G38/><T90/><D13/><U83/><E83/><V108/><F108/><W6/><G37/><T39/><D39/><U118/><E118/><V42/><F116/><W17/><G6/><T88/><D117/><U121/><E121/><V43/><F60/><W25/><G94/><T52/><D119/><U93/><E93/><V45/><F45/><AGARI ba="0,1" hai="9,10,11,21,22,23,40,45,48,62,66,68,124,125" machi="45" ten="50,4800,0" yaku="1,1,53,1" doraHai="115" doraHaiUra="47" who="1" fromWho="2" sc="210,0,320,58,230,-48,230,0" /><INIT seed="1,1,0,3,0,43" ten="210,378,182,230" oya="1" hai0="101,71,99,55,96,82,117,132,22,5,66,19,118" hai1="53,75,108,97,123,12,109,110,119,4,21,130,49" hai2="26,106,45,92,80,103,94,23,73,51,62,85,41" hai3="86,91,70,93,69,87,38,131,30,57,48,76,83"/><U9/><E119/><V13/><F73/><W34/><G38/><T32/><D32/><U104/><E123/><V18/><F106/><W36/><G36/><T129/><D129/><U37/><E37/><V40/><F40/><W114/><G114/><T95/><D132/><U59/><E130/><V65/><F103/><W3/><G3/><T29/><D29/><U84/><E75/><V6/><F65/><W11/><G11/><T107/><D5/><U126/><E126/><V58/><F6/><W50/><G131/><T15/><D82/><U116/><E116/><V39/><F39/><W16/><G16/><T27/><D15/><U31/><E84/><V68/><F68/><W24/><G57/><T135/><D135/><U74/><E74/><V122/><F122/><W63/><G63/><T44/><D66/><U47/><E59/><V60/><F60/><W79/><G76/><T56/><D71/><U121/><E121/><V77/><REACH who="2" step="1"/><F13/><REACH who="2" ten="210,378,172,230" step="2"/><W90/><G69/><T42/><D117/><U61/><E61/><V0/><F0/><W98/><G70/><T133/><D118/><U14/><E14/><V124/><F124/><W35/><G48/><N who="0" m="26647" /><D133/><U72/><E72/><V7/><F7/><W112/><G50/><N who="0" m="30839" /><D107/><U10/><E4/><V113/><F113/><W78/><G112/><T64/><D64/><U81/><E12/><V111/><F111/><W28/><G24/><T120/><D120/><U134/><E134/><V115/><F115/><W25/><G25/><T17/><D19/><U52/><E109/><V54/><AGARI ba="1,1" hai="18,23,26,41,45,51,54,58,62,77,80,85,92,94" machi="54" ten="20,8000,1" yaku="1,1,0,1,7,1,8,1,52,1,53,0" doraHai="43" doraHaiUra="100" who="2" fromWho="2" sc="210,-21,378,-41,172,93,230,-21" /><INIT seed="2,0,0,2,4,124" ten="189,337,265,209" oya="2" hai0="78,85,29,68,7,91,17,6,48,87,43,70,79" hai1="67,0,101,90,42,41,71,58,130,59,84,132,97" hai2="112,3,75,2,127,16,26,45,95,20,47,63,56" hai3="5,94,119,122,44,52,30,66,34,23,114,65,24"/><V64/><F75/><W100/><G119/><T103/><D29/><U28/><E0/><V123/><F127/><W27/><G122/><T93/><D103/><U40/><E132/><V128/><F112/><W82/><G114/><T31/><D31/><U22/><E130/><V54/><F128/><W73/><G5/><T55/><D43/><U77/><E77/><V11/><F123/><W1/><G1/><T8/><D17/><U99/><E71/><V88/><F64/><W69/><G69/><T12/><D6/><U35/><E35/><V104/><F104/><W115/><G115/><T131/><D131/><U14/><E67/><V92/><F92/><W62/><G82/><T9/><D8/><U108/><E108/><V81/><F81/><W83/><G83/><T10/><D10/><U96/><E101/><V36/><F11/><W106/><G73/><T15/><D15/><U18/><E28/><V61/><F61/><W74/><G74/><T60/><D60/><U33/><E33/><V121/><F121/><W53/><G106/><T46/><REACH who="0" step="1"/><D78/><REACH who="0" ten="179,337,265,209" step="2"/><U4/><E4/><V109/><F2/><W105/><G105/><T13/><D13/><U98/><N who="1" m="24576" /><DORA hai="51" /><U135/><E135/><V110/><F3/><W72/><G100/><T50/><D50/><U89/><E14/><V133/><F133/><W86/><G62/><T19/><D19/><U76/><E18/><V111/><F36/><W126/><G30/><T25/><D25/><U49/><E76/><V57/><F111/><W38/><G24/><T39/><D39/><U113/><E113/><V21/><F110/><RYUUKYOKU ba="0,1" sc="179,30,337,-10,265,-10,209,-10" hai0="7,9,12,46,48,55,68,70,79,85,87,91,93" /><INIT seed="3,1,1,5,3,11" ten="209,327,255,199" oya="3" hai0="110,77,74,58,98,97,115,0,23,133,132,134,33" hai1="89,30,3,107,75,36,118,85,39,43,86,120,131" hai2="60,64,117,78,44,37,17,63,103,62,40,128,7" hai3="45,69,16,26,66,111,113,15,67,57,127,10,55"/><W82/><G113/><T1/><D33/><U59/><E120/><V20/><F128/><W124/><G111/><T72/><D110/><U34/><E75/><N who="0" m="28713" /><D77/><U125/><E3/><N who="0" m="1097" /><D115/><U76/><E39/><V119/><F7/><W99/><G82/><T52/><D23/><U53/><E107/><V68/><F78/><W18/><G45/><T105/><D105/><U94/><E131/><V42/><F42/><W54/><G99/><T25/><D25/><U116/><E125/><N who="3" m="48202" /><G69/><T70/><D70/><U112/><E112/><V32/><F32/><W4/><G55/><T22/><D22/><U130/><E130/><V28/><F103/><W12/><G26/><T27/><D27/><U101/><E53/><V104/><F104/><W83/><G83/><T61/><AGARI ba="1,1" hai="52,58,61,97,98,132,133,134" m="1097,28713" machi="61" ten="40,2700,0" yaku="20,1,54,1" doraHai="11" who="0" fromWho="0" sc="209,40,327,-8,255,-8,199,-14" owari="249,4.9,319,41.9,247,-15.3,185,-31.5" /></mjloggm>