<mjloggm ver="2.3"><GO type="225" lobby="0"/><UN n0="%E6%81%A5%E6%99%92%E3%81%97" n1="%E9%B3%B3%E6%9D%B1%E3%81%AE%E3%81%86%E3%81%95%E3%81%8E%E3%81%95%E3%82%93" n2="%E5%8D%A0%E3%81%84%E5%B8%AB%E8%A3%8F%E3%81%AA%E3%81%84%E3%81%97" n3="%E3%83%B4%E3%83%A0%EF%BC%99%E3%81%A6" dan="17,17,17,16" rate="2184.76,2184.05,2250.62,2158.39" sx="M,M,M,M"/><TAIKYOKU oya="0"/><INIT seed="0,0,0,1,2,6" ten="250,250,250,250" oya="0" hai0="112,55,133,61,108,102,113,54,43,135,74,78,0" hai1="11,128,129,72,101,8,116,24,125,92,67,103,123" hai2="99,76,60,19,35,91,41,63,57,53,79,105,34" hai3="119,111,104,1,94,23,114,59,50,109,100,3,131"/><T130/><D0/><U16/><E116/><V65/><F41/><W62/><G119/><T56/><D102/><N who="1" m="38923" /><E123/><V29/><F105/><W120/><G114/><N who="0" m="44139" /><D78/><U15/><E72/><V134/><F134/><N who="0" m="51210" /><D74/><U110/><E110/><V106/><F106/><W115/><G115/><T68/><D130/><N who="1" m="50283" /><E125/><V118/><F118/><W25/><G120/><T45/><D68/><U89/><E24/><V88/><F29/><W69/><G104/><T26/><D108/><U127/><E127/><V85/><F34/><W7/><G131/><T32/><D26/><U47/><E67/><V2/><F2/><W38/><G1/><T107/><D32/><U132/><E47/><V39/><F35/><W66/><G109/><T58/><D107/><U20/><E132/><V49/><F39/><W82/><G38/><N who="0" m="21751" /><D58/><U122/><E122/><V33/><F33/><W48/><G111/><T44/><D44/><U98/><AGARI ba="0,0" hai="8,11,15,16,20,89,92,98" m="50283,38923" machi="98" ten="30,7900,0" yaku="19,1,52,2,54,1" doraHai="6" who="1" fromWho="1" sc="250,-39,250,79,250,-20,250,-20" /><INIT seed="1,0,0,1,1,55" ten="211,329,230,230" oya="1" hai0="130,64,8,71,84,41,119,76,62,29,98,89,2" hai1="20,94,49,9,40,31,43,33,117,102,116,110,34" hai2="15,6,99,28,61,105,101,134,128,112,32,53,88" hai3="83,74,118,120,107,42,126,38,115,58,1,79,78"/><U45/><E110/><V77/><F77/><W135/><RYUUKYOKU type="yao9" ba="0,0" sc="211,0,329,0,230,0,230,0" hai3="1,38,42,58,74,78,79,83,107,115,118,120,126,135" /><INIT seed="1,1,0,5,0,101" ten="211,329,230,230" oya="1" hai0="40,135,54,99,134,117,70,26,87,89,27,85,31" hai1="30,65,49,66,64,73,42,75,131,114,120,8,109" hai2="12,84,20,10,74,71,82,38,79,24,39,33,63" hai3="118,107,69,48,32,92,55,97,59,43,67,133,47"/><U13/><E114/><V3/><F33/><W77/><G32/><T45/><D117/><U36/><E120/><V15/><F3/><W19/><G118/><T105/><D70/><U108/><E36/><V52/><F74/><W127/><G127/><T4/><D54/><U110/><E30/><V18/><F12/><W125/><G125/><T129/><D4/><N who="1" m="3207" /><E131/><V2/><F2/><W53/><G133/><N who="0" m="50699" /><D129/><U11/><E11/><V132/><F132/><W88/><G77/><T106/><D99/><U121/><E121/><V104/><F104/><N who="0" m="40042" /><D89/><U115/><E115/><V102/><F102/><W16/><G107/><T50/><D27/><U14/><E14/><V5/><REACH who="2" step="1"/><F52/><REACH who="2" ten="211,329,220,230" step="2"/><N who="3" m="20043" /><G69/><T96/><D96/><U123/><E123/><V57/><F57/><W103/><G103/><T126/><D126/><U80/><E108/><V46/><F46/><W93/><G93/><T112/><D112/><U35/><E109/><V81/><F81/><W116/><G116/><T83/><D83/><U37/><E80/><V124/><F124/><W9/><G59/><T119/><D119/><U58/><E58/><V98/><F98/><W28/><G92/><T111/><D111/><U25/><E110/><V1/><F1/><W0/><G97/><T22/><AGARI ba="1,1" hai="22,26,31,40,45,50,85,87" m="40042,50699" machi="22" ten="30,7900,0" yaku="20,1,52,3" doraHai="101" who="0" fromWho="0" sc="211,92,329,-40,220,-21,230,-21" /><INIT seed="2,0,0,0,4,103" ten="303,289,199,209" oya="2" hai0="3,29,40,128,0,73,53,57,97,43,114,17,44" hai1="124,62,91,14,83,63,34,61,105,100,69,92,131" hai2="52,42,50,84,89,134,12,18,102,120,80,51,113" hai3="90,68,8,54,11,109,108,36,21,117,116,41,7"/><V112/><F120/><W48/><G68/><T110/><D114/><U38/><E38/><V1/><F1/><W95/><G36/><T93/><D73/><U76/><E34/><V20/><F134/><W13/><G41/><T104/><D104/><U130/><E69/><V79/><F102/><W129/><G129/><N who="1" m="49162" /><E124/><V122/><F122/><W111/><G21/><T96/><D128/><U125/><E125/><V15/><F15/><W32/><G8/><T16/><D110/><U74/><E14/><V60/><F79/><W6/><G6/><T9/><D29/><U72/><E72/><V39/><F39/><W19/><G7/><T123/><D123/><U25/><E25/><V119/><F119/><W115/><G32/><T107/><D3/><U56/><E100/><V78/><F78/><W30/><G30/><T133/><D133/><U58/><E105/><V66/><F42/><W59/><REACH who="3" step="1"/><G115/><REACH who="3" ten="303,289,199,199" step="2"/><T81/><D43/><U10/><E10/><V65/><F113/><W35/><G35/><T55/><D9/><U4/><E4/><V24/><F112/><W82/><G82/><T2/><D81/><U75/><E75/><V5/><F5/><W31/><G31/><T118/><D40/><U126/><E126/><V71/><F12/><W27/><G27/><T121/><D121/><U47/><E47/><V88/><F71/><W101/><G101/><T67/><D44/><U94/><E94/><V33/><F33/><W132/><G132/><T23/><D93/><U70/><E70/><V106/><F106/><W46/><G46/><T77/><D107/><U22/><E22/><RYUUKYOKU ba="0,1" sc="303,-15,289,15,199,-15,199,15" hai1="56,58,61,62,63,74,76,83,91,92" hai3="11,13,19,48,54,59,90,95,108,109,111,116,117" /><INIT seed="3,1,1,1,1,23" ten="288,304,184,214" oya="3" hai0="29,125,67,75,50,27,113,38,130,45,74,40,49" hai1="118,79,28,116,96,64,61,134,3,78,63,8,109" hai2="131,127,73,99,53,33,112,1,12,108,115,70,98" hai3="5,43,60,52,123,20,46,103,54,26,117,85,129"/><W110/><G123/><T105/><D105/><U16/><E109/><V55/><F108/><W9/><G110/><T0/><D0/><U93/><E28/><V14/><F1/><W4/><G117/><N who="1" m="45162" /><E134/><V132/><F132/><W114/><G114/><T124/><D113/><U119/><E119/><V58/><F70/><W80/><G103/><T15/><D130/><U107/><E107/><V95/><F73/><N who="0" m="27658" /><D15/><N who="1" m="7271" /><E3/><V104/><F33/><W90/><G129/><T102/><D67/><U106/><E106/><V56/><F104/><W51/><G60/><N who="1" m="23114" /><E64/><V59/><F131/><W89/><G89/><AGARI ba="1,1" hai="78,79,89,93,96" m="23114,7271,45162" machi="89" ten="30,2000,0" yaku="12,1,54,1" doraHai="23" who="1" fromWho="3" sc="288,0,304,33,184,0,214,-23" owari="288,8.8,337,43.7,184,-31.6,191,-20.9" /></mjloggm>