<mjloggm ver="2.3"><GO type="225" lobby="0"/><UN n0="%E6%81%A5%E6%99%92%E3%81%97" n1="%E3%83%96%E3%83%83%E3%83%91%E3%82%AA%E3%83%96%E3%83%81%E3%82%AD%E3%83%B3" n2="%E5%A4%8F%E9%88%B4%E9%88%B4%E5%A4%8F" n3="%E3%83%B4%E3%83%A0%EF%BC%99%E3%81%A6" dan="17,16,16,16" rate="2119.62,2088.17,2109.03,2152.56" sx="M,M,F,M"/><TAIKYOKU oya="0"/><INIT seed="0,0,0,5,5,114" ten="250,250,250,250" oya="0" hai0="18,69,110,111,122,51,71,23,20,98,85,120,54" hai1="45,118,121,12,100,59,88,19,86,22,2,90,40" hai2="61,14,109,60,92,33,1,32,99,135,82,27,5" hai3="134,34,115,65,11,62,57,43,117,124,16,73,78"/><T116/><D98/><U106/><E121/><N who="0" m="46697" /><D85/><U68/><E68/><N who="0" m="26185" /><D18/><U127/><E127/><V38/><F109/><N who="0" m="41482" /><D116/><U123/><E123/><V41/><F32/><W44/><G16/><T129/><D129/><U67/><E118/><V42/><F33/><W29/><G34/><T55/><D51/><U101/><E106/><V66/><F5/><W125/><G117/><T53/><AGARI ba="0,0" hai="20,23,53,54,55" m="41482,26185,46697" machi="53" ten="40,12000,1" yaku="28,2,14,1,10,1" doraHai="114" who="0" fromWho="0" sc="250,120,250,-40,250,-40,250,-40" /><INIT seed="0,1,0,5,0,28" ten="370,210,210,210" oya="0" hai0="102,65,64,18,132,10,96,9,5,63,108,66,0" hai1="23,72,57,128,100,39,110,109,77,88,103,70,30" hai2="6,135,53,112,32,16,54,80,21,129,86,22,45" hai3="115,29,105,3,85,95,12,44,74,47,8,133,89"/><T93/><D132/><U83/><E70/><V43/><F112/><W90/><G115/><T122/><D122/><U84/><E39/><V62/><F135/><W134/><G74/><T34/><D108/><N who="1" m="41579" /><E57/><V41/><F129/><W59/><G105/><T55/><D55/><U113/><E113/><V11/><F32/><W33/><G3/><T13/><REACH who="0" step="1"/><D34/><REACH who="0" ten="360,210,210,210" step="2"/><U7/><E128/><V1/><F54/><W125/><G133/><T87/><D87/><U31/><E72/><V38/><F43/><W130/><G134/><T98/><D98/><U24/><E84/><V119/><F119/><W4/><G130/><T117/><D117/><U97/><E97/><V79/><F53/><W71/><G33/><T14/><D14/><U48/><E103/><V35/><F35/><W92/><G85/><T46/><D46/><U114/><E100/><V50/><F86/><W75/><G12/><T127/><D127/><U78/><E114/><V121/><F121/><W99/><G75/><T27/><D27/><U118/><E24/><V68/><F1/><W67/><G99/><T20/><D20/><U126/><E23/><V106/><F22/><W91/><G44/><T124/><D124/><U2/><E126/><V123/><F45/><W81/><G125/><T76/><D76/><U111/><E118/><V94/><F79/><W82/><G47/><T69/><AGARI ba="1,1" hai="0,5,9,10,13,18,63,64,65,66,69,93,96,102" machi="69" ten="20,3900,0" yaku="1,1,0,1,7,1,53,0" doraHai="28" doraHaiUra="101" who="0" fromWho="0" sc="360,52,210,-14,210,-14,210,-14" /><INIT seed="0,2,0,4,5,34" ten="412,196,196,196" oya="0" hai0="83,2,60,86,89,20,45,131,37,18,99,58,5" hai1="91,88,90,64,55,25,0,17,98,12,115,7,21" hai2="132,44,129,73,133,23,38,104,1,81,103,77,47" hai3="4,121,123,95,70,124,9,128,134,24,101,14,19"/><T36/><D131/><U96/><E115/><V56/><F129/><W50/><G128/><T39/><D99/><U8/><E64/><V92/><F56/><W33/><G70/><T46/><D18/><U110/><E110/><V111/><F111/><W28/><G124/><T16/><D5/><U112/><E112/><V84/><F23/><W135/><G50/><T125/><D2/><U48/><REACH who="1" step="1"/><E0/><REACH who="1" ten="412,186,196,196" step="2"/><V68/><F1/><N who="3" m="143" /><G101/><T65/><D125/><U126/><E126/><V75/><F68/><W42/><G42/><T43/><D43/><U127/><E127/><V74/><F103/><W32/><G32/><T29/><D65/><U53/><E53/><V120/><F120/><N who="3" m="46155" /><G95/><T85/><D39/><U76/><E76/><V79/><F38/><W93/><G93/><T106/><D37/><U108/><E108/><V105/><F92/><W41/><G41/><T109/><D36/><U57/><AGARI ba="2,1" hai="7,8,12,17,21,25,48,55,57,88,90,91,96,98" machi="57" ten="30,7900,0" yaku="1,1,0,1,8,1,54,1,53,0" doraHai="34" doraHaiUra="72" who="1" fromWho="1" sc="412,-41,186,95,196,-22,196,-22" /><INIT seed="1,0,0,1,3,119" ten="371,281,174,174" oya="1" hai0="62,49,133,6,91,2,106,74,25,125,85,96,4" hai1="57,100,86,75,130,76,29,93,38,27,24,72,113" hai2="84,54,9,97,126,18,108,14,8,61,89,123,31" hai3="13,40,128,134,80,47,21,88,110,37,114,42,103"/><U132/><E113/><V1/><F108/><W81/><G114/><T52/><D74/><U109/><E38/><V44/><F126/><W127/><G127/><T16/><D133/><U101/><E132/><V105/><F31/><W68/><G134/><T122/><D122/><U22/><E109/><V60/><F123/><W78/><G110/><T94/><D125/><U59/><E130/><V87/><F1/><W58/><G68/><T51/><D2/><U92/><E86/><V77/><F8/><W20/><G128/><T19/><D85/><U99/><E29/><V30/><F30/><W117/><G103/><T56/><D106/><U10/><E10/><V95/><F105/><W0/><G0/><T82/><D82/><U32/><E22/><V12/><F14/><W118/><G58/><T45/><D51/><U73/><E73/><V131/><F87/><W26/><G47/><T23/><D19/><U102/><E102/><V55/><F131/><W69/><G69/><T66/><AGARI ba="0,0" hai="4,6,16,23,25,45,49,52,56,62,66,91,94,96" machi="66" ten="20,8000,1" yaku="0,1,7,1,8,1,54,2" doraHai="119" who="0" fromWho="0" sc="371,80,281,-40,174,-20,174,-20" /><INIT seed="2,0,0,3,3,48" ten="451,241,154,154" oya="2" hai0="103,1,12,72,37,129,14,45,65,24,56,132,84" hai1="75,32,99,117,119,93,63,76,39,5,130,3,109" hai2="9,59,30,91,89,54,35,105,85,18,88,104,62" hai3="125,53,114,52,31,97,78,67,10,11,60,120,20"/><V135/><F135/><W71/><G120/><T70/><D72/><U110/><E32/><V41/><F41/><W79/><G125/><T115/><D1/><U82/><E39/><V34/><F85/><W38/><G38/><T19/><D103/><U43/><E43/><V66/><F66/><W116/><G116/><N who="1" m="44618" /><E63/><V80/><F80/><W101/><G114/><T111/><D84/><U90/><E5/><V128/><F128/><W61/><G31/><T73/><D73/><U121/><E3/><V8/><F9/><W95/><G20/><T127/><D65/><U57/><E57/><V118/><F118/><W36/><G36/><T44/><D56/><U51/><E51/><V29/><F29/><W22/><G22/><T7/><D14/><U64/><E64/><V126/><F126/><W42/><G42/><T106/><D12/><U0/><E0/><V74/><F74/><W46/><G46/><T27/><D45/><U68/><E68/><V107/><REACH who="2" step="1"/><F30/><REACH who="2" ten="451,241,144,154" step="2"/><W92/><G10/><T94/><D127/><U122/><E130/><V96/><F96/><N who="3" m="59527" /><G11/><T87/><D129/><U17/><E17/><V81/><F81/><W25/><G25/><T83/><D27/><U16/><E16/><V4/><F4/><W77/><G71/><T69/><D24/><U113/><E113/><V13/><AGARI ba="0,1" hai="8,13,18,34,35,54,59,62,88,89,91,104,105,107" machi="13" ten="40,12000,1" yaku="1,1,0,1,52,1,54,1,53,0" doraHai="48" doraHaiUra="133" who="2" fromWho="2" sc="451,-40,241,-40,144,130,154,-40" /><INIT seed="2,1,0,4,2,29" ten="411,201,274,114" oya="2" hai0="7,99,63,121,109,22,26,52,92,95,97,43,6" hai1="61,3,11,123,36,15,5,56,85,37,69,110,17" hai2="16,120,134,82,127,39,90,118,132,88,19,62,67" hai3="124,55,135,38,31,46,28,128,102,24,0,35,34"/><V32/><F120/><W49/><G0/><T41/><D109/><U13/><E110/><V59/><F118/><W51/><G38/><T27/><D121/><U25/><E123/><V100/><F39/><W40/><G124/><T101/><D52/><U9/><E69/><V1/><F1/><W47/><G135/><N who="2" m="51753" /><F127/><W111/><G111/><T125/><D63/><U21/><E85/><N who="2" m="50231" /><F100/><W44/><G128/><T10/><D10/><U77/><E77/><V4/><F4/><N who="0" m="1578" /><D125/><U14/><REACH who="1" step="1"/><E11/><REACH who="1" ten="411,191,274,114" step="2"/><V76/><F76/><W130/><G130/><T72/><D72/><U48/><E48/><V87/><F32/><W75/><G75/><T80/><D99/><U114/><E114/><V2/><F2/><W64/><G35/><T116/><D97/><U45/><E45/><V84/><F84/><W79/><G79/><T58/><D116/><U112/><E112/><V108/><F108/><W96/><G44/><T18/><D101/><U74/><E74/><V104/><F104/><W60/><G96/><T94/><D58/><U129/><E129/><V53/><F67/><AGARI ba="1,1" hai="3,5,9,13,14,15,17,21,25,36,37,56,61,67" machi="67" ten="40,1300,0" yaku="1,1,53,0" doraHai="29" doraHaiUra="50" who="1" fromWho="2" sc="411,0,191,26,274,-16,114,0" /><INIT seed="3,0,0,4,2,29" ten="411,217,258,114" oya="3" hai0="95,7,125,102,12,104,108,51,35,13,130,135,26" hai1="120,25,61,71,97,54,40,50,81,22,17,3,33" hai2="99,126,46,56,76,75,15,41,58,123,73,110,89" hai3="105,32,74,124,67,113,42,112,52,116,84,6,70"/><W85/><G116/><T134/><D108/><U121/><E3/><V27/><F110/><W66/><G74/><T59/><D104/><U60/><E33/><V20/><F126/><W96/><G124/><T69/><D69/><U118/><E118/><V109/><F109/><W132/><G132/><N who="0" m="50731" /><D130/><U19/><E40/><V55/><F15/><W47/><G6/><T101/><D13/><U63/><E71/><V103/><F89/><W87/><G32/><T91/><D125/><U122/><E97/><V68/><F68/><W106/><G42/><T39/><D39/><U127/><E127/><V62/><F56/><W88/><G105/><T5/><D59/><U10/><E81/><V31/><F76/><W80/><G70/><T18/><D51/><U94/><E94/><V57/><F57/><W72/><G72/><T115/><D115/><U119/><E119/><V93/><F123/><W14/><G14/><T53/><D7/><U49/><E54/><V43/><F43/><W44/><G44/><T16/><D53/><U78/><E78/><V79/><F79/><W1/><G1/><T107/><D5/><U129/><E129/><V8/><F8/><W2/><G2/><T24/><D12/><U48/><E10/><V21/><F20/><W9/><G9/><T114/><D114/><N who="3" m="44137" /><G80/><T64/><D107/><U100/><E100/><V65/><F55/><W86/><N who="3" m="21504" /><DORA hai="30" /><W111/><G111/><T0/><D0/><U36/><E36/><AGARI ba="0,0" hai="21,27,31,36,41,46,58,62,65,73,75,93,99,103" machi="36" ten="30,3900,0" yaku="7,1,25,2" doraHai="29,30" who="2" fromWho="1" sc="411,0,217,-39,258,39,114,0" owari="411,51.1,178,-22.2,297,9.7,114,-38.6" /></mjloggm>