<mjloggm ver="2.3"><GO type="225" lobby="0"/><UN n0="%72%69%6F%75%63%68%61%6E" n1="%E3%82%82%E3%82%8A%E3%82%8A%E3%82%93%E3%82%82%E3%82%8A%E3%82%82%E3%82%8A" n2="%E4%BF%BA%E3%81%A8%E5%A6%96%E5%A4%A2" n3="%E3%81%B2%E3%81%AA%E3%81%AE%E3%82%8A%E3%81%8F" dan="16,16,16,16" rate="2138.58,2110.03,2221.51,2115.00" sx="M,M,F,M"/><TAIKYOKU oya="0"/><INIT seed="0,0,0,4,5,15" ten="250,250,250,250" oya="0" hai0="101,111,68,9,1,32,91,125,55,26,100,58,69" hai1="67,3,7,54,62,63,95,36,42,61,30,124,134" hai2="71,79,40,47,130,19,86,120,115,104,80,126,96" hai3="81,25,11,87,114,35,127,98,56,28,18,132,70"/><T45/><D125/><U109/><E109/><V97/><F120/><W2/><G70/><T43/><D111/><U88/><E124/><V73/><F126/><W82/><G127/><T85/><D69/><U60/><E134/><V20/><F115/><W121/><G114/><T92/><D68/><U39/><E30/><V27/><F71/><W13/><G132/><T34/><D1/><U49/><E42/><V103/><F130/><W53/><G121/><T116/><D116/><U113/><E113/><V119/><F119/><W135/><G135/><T84/><D9/><U75/><E75/><V107/><F96/><W29/><G29/><T6/><D6/><U110/><E110/><V5/><F5/><W57/><G2/><T24/><D84/><U14/><E3/><V17/><F73/><W90/><G81/><T0/><D0/><U94/><E94/><V93/><REACH who="2" step="1"/><F19/><REACH who="2" ten="250,250,240,250" step="2"/><W108/><G108/><T41/><D101/><U78/><E67/><V52/><F52/><W76/><REACH who="3" step="1"/><G53/><REACH who="3" ten="250,250,240,240" step="2"/><T23/><D55/><U122/><E122/><V37/><AGARI ba="0,2" hai="17,20,27,37,40,47,79,80,86,93,97,103,104,107" machi="37" ten="20,5200,0" yaku="1,1,0,1,7,1,52,1,53,0" doraHai="15" doraHaiUra="65" who="2" fromWho="2" sc="250,-26,250,-13,240,72,240,-13" /><INIT seed="1,0,0,5,2,5" ten="224,237,312,227" oya="1" hai0="122,36,0,89,9,103,121,99,43,106,2,86,92" hai1="33,39,71,120,128,6,58,134,91,44,72,4,82" hai2="109,97,55,95,24,1,40,69,25,42,41,87,23" hai3="10,15,21,81,127,101,29,57,70,11,64,7,16"/><U102/><E120/><N who="0" m="46185" /><D9/><U66/><E71/><V61/><F69/><W130/><G70/><T20/><D20/><U126/><E33/><V32/><F32/><W47/><G127/><T75/><D75/><U90/><E126/><V60/><F1/><N who="0" m="618" /><D43/><U53/><E66/><V104/><F109/><W27/><G130/><T12/><D12/><U83/><E128/><V132/><F132/><W85/><G101/><T54/><D54/><U84/><E134/><V62/><F104/><W74/><G74/><T63/><D36/><U100/><E100/><V98/><F55/><W119/><G119/><T94/><D63/><U52/><E102/><V107/><F107/><AGARI ba="0,0" hai="86,89,92,94,99,103,106,107" m="618,46185" machi="107" ten="30,1000,0" yaku="13,1" doraHai="5" who="0" fromWho="2" sc="224,10,237,0,312,-10,227,0" /><INIT seed="2,0,0,0,0,4" ten="234,237,302,227" oya="2" hai0="97,129,59,40,131,134,3,118,39,10,83,95,130" hai1="116,110,42,54,107,81,100,82,48,109,22,67,7" hai2="124,125,92,16,51,35,98,93,87,96,34,79,94" hai3="75,55,135,33,25,64,66,76,128,6,9,20,113"/><V77/><F51/><W24/><G128/><T11/><D3/><U78/><E116/><V121/><F121/><W13/><G135/><T88/><D134/><U12/><E67/><V117/><F117/><W111/><G111/><N who="1" m="42506" /><E42/><V80/><F16/><W126/><G126/><N who="2" m="48745" /><F34/><W103/><G103/><T46/><D118/><U120/><E120/><V21/><F21/><W14/><G113/><T63/><D83/><U15/><E22/><V84/><F35/><W49/><G33/><T99/><D97/><N who="2" m="37482" /><F80/><W38/><G38/><T23/><D23/><U106/><E81/><V43/><F43/><W132/><G132/><T31/><D31/><U57/><E100/><V58/><F58/><W70/><G70/><T26/><D26/><U56/><E56/><V36/><F36/><W91/><G25/><T1/><D1/><U30/><E30/><V108/><F108/><W8/><G24/><T72/><D72/><N who="1" m="43335" /><E7/><V85/><AGARI ba="0,0" hai="77,79,84,85,87,92,93,94" m="37482,48745" machi="85" ten="40,12000,1" yaku="28,2,18,1,34,2" doraHai="4" who="2" fromWho="2" sc="234,-40,237,-40,302,120,227,-40" /><INIT seed="2,1,0,2,3,90" ten="194,197,422,187" oya="2" hai0="100,111,71,130,44,49,112,15,25,32,52,23,84" hai1="13,133,50,108,30,126,28,124,18,56,24,102,3" hai2="119,8,65,115,118,68,114,128,7,82,19,22,76" hai3="106,60,98,33,81,54,11,17,38,5,105,96,55"/><V27/><F68/><W72/><G38/><T64/><D112/><N who="2" m="43050" /><F65/><W75/><G33/><T45/><D111/><U122/><E3/><N who="2" m="127" /><F82/><W10/><G17/><T51/><D130/><U58/><E108/><V62/><F62/><W34/><G34/><T101/><D15/><U78/><E13/><V57/><F57/><W47/><G81/><T86/><D32/><U103/><E18/><V120/><F76/><W113/><G113/><T31/><D64/><U116/><E24/><V134/><F128/><W87/><G87/><N who="0" m="33323" /><D71/><U14/><E14/><V21/><F134/><W66/><G5/><T109/><D109/><U95/><E133/><V129/><F129/><W1/><G66/><T89/><D89/><U36/><E36/><V26/><F120/><W69/><G69/><T92/><D92/><U37/><E95/><V83/><F83/><W70/><G70/><T12/><D12/><U16/><E37/><V97/><F97/><W85/><G85/><T2/><D2/><U127/><E122/><V67/><F67/><W131/><G1/><T107/><D107/><U48/><E78/><V99/><F99/><W9/><G131/><T93/><D93/><U6/><E103/><V41/><F41/><AGARI ba="1,0" hai="23,25,31,41,44,45,49,51,52,100,101" m="33323" machi="41" ten="30,2000,0" yaku="8,1,54,1" doraHai="90" who="0" fromWho="2" sc="194,23,197,0,422,-23,187,0" /><INIT seed="3,0,0,5,4,55" ten="217,197,399,187" oya="3" hai0="17,51,111,99,36,105,135,102,19,8,84,76,0" hai1="106,65,43,47,128,113,15,45,58,72,37,75,124" hai2="54,20,131,115,22,70,107,114,59,121,5,53,134" hai3="127,23,79,91,90,39,16,85,83,34,68,60,92"/><W27/><G39/><T103/><D111/><U101/><E113/><V77/><F70/><W125/><G34/><T1/><D36/><U63/><E124/><V110/><F107/><W61/><G91/><T24/><D135/><U123/><E123/><V44/><F110/><W104/><G104/><T132/><D132/><U73/><E128/><V46/><F134/><W129/><G129/><T120/><D120/><U69/><E47/><V112/><F131/><W42/><G42/><T98/><D51/><U86/><E86/><V87/><F5/><W50/><G50/><T29/><D76/><U81/><E81/><V96/><F96/><W13/><G27/><T25/><D84/><U67/><E15/><V9/><F9/><W28/><G28/><T116/><D116/><U122/><E122/><V97/><F97/><N who="0" m="36874" /><D105/><U108/><E108/><V32/><F32/><W56/><G68/><T109/><D109/><U7/><E106/><V35/><F35/><W10/><G10/><T18/><D29/><U88/><E7/><V78/><F87/><N who="3" m="52319" /><G56/><T118/><D118/><U48/><E88/><V30/><F121/><W133/><G133/><T62/><D8/><U95/><E95/><V14/><F115/><W130/><G130/><T119/><D119/><U100/><E48/><V3/><F30/><W40/><G40/><T126/><D0/><U64/><REACH who="1" step="1"/><E69/><REACH who="1" ten="217,187,399,187" step="2"/><V52/><F112/><W12/><G12/><T94/><D94/><U4/><E4/><V49/><F14/><W82/><G82/><T117/><D117/><U26/><E26/><V89/><F114/><W41/><G41/><RYUUKYOKU ba="0,1" sc="217,-15,187,15,399,-15,187,15" hai1="37,43,45,58,63,64,65,67,72,73,75,100,101" hai3="13,16,23,60,61,79,83,85,125,127" /><INIT seed="3,1,1,4,0,33" ten="202,202,384,202" oya="3" hai0="20,122,41,24,2,60,134,28,110,83,69,85,78" hai1="51,103,3,130,108,121,43,109,64,73,125,91,38" hai2="74,4,45,94,67,113,97,17,71,112,126,79,120" hai3="102,18,29,89,6,86,12,25,49,19,104,117,23"/><W92/><G104/><T75/><D122/><U27/><E121/><V101/><F120/><W131/><G117/><T128/><D2/><U62/><E3/><V44/><F4/><W77/><G131/><T34/><D128/><U96/><E130/><V118/><F118/><W105/><G105/><T114/><D110/><N who="1" m="42603" /><E73/><V42/><F126/><W50/><G102/><T32/><D41/><U8/><E125/><V39/><F44/><W10/><G77/><T133/><D114/><U5/><E38/><V116/><F116/><W15/><REACH who="3" step="1"/><G6/><REACH who="3" ten="202,202,384,192" step="2"/><T16/><D75/><U87/><E27/><V76/><F79/><W123/><G123/><T22/><D134/><U13/><E103/><V129/><F129/><W106/><G106/><T53/><D133/><U68/><E96/><V21/><F101/><W11/><AGARI ba="1,2" hai="10,11,12,15,18,19,23,25,29,49,50,86,89,92" machi="11" ten="20,18000,2" yaku="1,1,0,1,7,1,9,1,8,1,53,1" doraHai="33" doraHaiUra="26" who="3" fromWho="3" sc="202,-61,202,-61,384,-61,192,203" owari="141,-25.9,141,-35.9,323,12.3,395,49.5" /></mjloggm>