<mjloggm ver="2.3"><GO type="225" lobby="0"/><UN n0="%43%68%65" n1="%41%6F%54" n2="%E3%83%8F%E3%83%B3%E3%83%89%E3%83%A9%E3%83%BC%E3%83%BB%E3%83%AF%E3%83%B3" n3="%E6%98%93%E5%88%A9%E8%96%A9%E4%BC%AF" dan="16,16,17,17" rate="2098.15,2059.45,2189.60,2182.55" sx="M,M,M,F"/><TAIKYOKU oya="0"/><INIT seed="0,0,0,3,2,8" ten="250,250,250,250" oya="0" hai0="135,112,99,40,133,68,122,87,3,39,34,23,22" hai1="52,57,85,75,134,90,130,102,97,30,115,129,24" hai2="63,7,101,20,127,2,53,77,61,82,16,106,46" hai3="70,110,78,91,15,54,84,41,32,79,86,50,36"/><T128/><D112/><U104/><E115/><V72/><F127/><W14/><G32/><T6/><D122/><U80/><E134/><N who="0" m="51209" /><D68/><U12/><E75/><V13/><F2/><W108/><G70/><T103/><D34/><U65/><E65/><V25/><F106/><W92/><G41/><T125/><D125/><U17/><E24/><V35/><F101/><W73/><G36/><T9/><D128/><U11/><REACH who="1" step="1"/><E30/><REACH who="1" ten="250,240,250,250" step="2"/><V88/><F72/><W48/><G73/><T76/><D39/><U5/><E5/><V19/><F7/><W62/><G110/><T18/><D18/><U47/><E47/><V107/><F19/><W132/><G108/><T95/><D40/><U60/><AGARI ba="0,1" hai="11,12,17,52,57,60,80,85,90,97,102,104,129,130" machi="60" ten="30,7900,0" yaku="1,1,0,1,52,1,54,1,53,0" doraHai="8" doraHaiUra="21" who="1" fromWho="1" sc="250,-39,240,89,250,-20,250,-20" /><INIT seed="1,0,0,2,2,76" ten="211,329,230,230" oya="1" hai0="18,71,86,8,104,96,70,120,128,51,39,20,33" hai1="130,12,65,97,45,107,31,115,74,49,109,58,100" hai2="87,35,124,36,110,5,91,117,42,34,4,102,106" hai3="30,125,60,84,108,9,83,54,59,123,11,38,113"/><U134/><E115/><V16/><F117/><W85/><G113/><T133/><D39/><U1/><E1/><V61/><F110/><W75/><G108/><T80/><D33/><U77/><E109/><V2/><F124/><W52/><G38/><T23/><D128/><U17/><E31/><V98/><F36/><W116/><G123/><T53/><D120/><U29/><E29/><V99/><F42/><W121/><G121/><T44/><D133/><U111/><E111/><V7/><F2/><W69/><G69/><T10/><D71/><U41/><E130/><V37/><F37/><W46/><G116/><T21/><D70/><U93/><E134/><V62/><F99/><W94/><G30/><T47/><D47/><U40/><E40/><V50/><F50/><N who="3" m="28759" /><G75/><T43/><D43/><U27/><E27/><V119/><F119/><W24/><G24/><T105/><D96/><U57/><E107/><V48/><F48/><W67/><G67/><T131/><D131/><U55/><E65/><V112/><F112/><W19/><G19/><T26/><D104/><U92/><E41/><V135/><F135/><W88/><G125/><T122/><D105/><U32/><E32/><V101/><F16/><W14/><G14/><T81/><D122/><U118/><E118/><V95/><F102/><W28/><G28/><T82/><D86/><U89/><E74/><V132/><F132/><W129/><G129/><T6/><REACH who="0" step="1"/><D10/><REACH who="0" ten="201,329,230,230" step="2"/><N who="1" m="6295" /><E45/><V68/><F68/><W0/><G0/><AGARI ba="0,1" hai="0,6,8,18,20,21,23,26,44,51,53,80,81,82" machi="0" ten="40,8000,1" yaku="1,1,52,3,53,1" doraHai="76" doraHaiUra="3" who="0" fromWho="3" sc="201,90,329,0,230,0,230,-80" /><INIT seed="2,0,0,0,2,84" ten="291,329,230,150" oya="2" hai0="82,80,72,67,128,38,31,10,32,129,27,87,96" hai1="117,57,43,14,28,116,105,135,100,30,2,52,42" hai2="110,104,7,86,21,11,66,3,83,95,122,29,107" hai3="79,125,65,40,8,39,78,49,131,62,77,6,118"/><V36/><F122/><W112/><G118/><T5/><D38/><U0/><E57/><V24/><F36/><W41/><G39/><T58/><D96/><U92/><E92/><V33/><F110/><W101/><G131/><N who="0" m="50251" /><D72/><U89/><E100/><V106/><F66/><W63/><G125/><T50/><D87/><U120/><E14/><V127/><F127/><W81/><G112/><T74/><D74/><U35/><E35/><V61/><F61/><W130/><G130/><T18/><D18/><U64/><E64/><V75/><F95/><W19/><G19/><T59/><D59/><U121/><E135/><V98/><F75/><W114/><G114/><T70/><D70/><U16/><E16/><V48/><F48/><W45/><G101/><T51/><D51/><U13/><E13/><V44/><F44/><W88/><G41/><T4/><D4/><U55/><E105/><V111/><F111/><W109/><G109/><T132/><D132/><U23/><E23/><V22/><REACH who="2" step="1"/><F98/><REACH who="2" ten="291,329,220,150" step="2"/><W85/><REACH who="3" step="1"/><G65/><REACH who="3" ten="291,329,220,140" step="2"/><T17/><D67/><U126/><E126/><V115/><F115/><W119/><G119/><T71/><D71/><U60/><E116/><V90/><AGARI ba="0,2" hai="3,7,11,21,22,24,29,33,83,86,90,104,106,107" machi="90" ten="30,11700,0" yaku="1,1,0,1,52,1,53,1" doraHai="84" doraHaiUra="34" who="2" fromWho="2" sc="291,-39,329,-39,220,137,140,-39" /><INIT seed="2,1,0,2,1,75" ten="252,290,357,101" oya="2" hai0="130,72,121,6,105,84,37,66,102,134,112,129,113" hai1="53,46,13,100,51,77,26,82,71,125,15,68,50" hai2="95,83,89,64,22,118,94,25,2,4,73,30,87" hai3="85,17,81,86,92,76,11,41,0,31,78,70,35"/><V28/><F118/><W122/><G70/><T110/><D37/><U62/><E125/><V56/><F73/><W88/><G122/><T103/><D6/><U80/><E100/><V69/><F69/><W74/><G35/><T98/><D66/><U59/><E51/><V9/><REACH who="2" step="1"/><F30/><REACH who="2" ten="252,290,347,101" step="2"/><W61/><G31/><T19/><D72/><U116/><E116/><V90/><F90/><W40/><G61/><AGARI ba="1,1" hai="2,4,9,22,25,28,56,61,64,83,87,89,94,95" machi="61" ten="40,2000,0" yaku="1,1,53,0" doraHai="75" doraHaiUra="107" who="2" fromWho="3" sc="252,0,290,0,347,33,101,-23" /><INIT seed="2,2,0,0,2,124" ten="252,290,380,78" oya="2" hai0="4,67,93,131,23,10,29,135,57,72,41,85,37" hai1="84,1,25,14,113,77,71,35,79,63,31,99,47" hai2="49,102,70,43,112,16,53,105,130,98,117,123,126" hai3="120,17,48,56,32,13,55,28,61,8,19,95,110"/><V115/><F117/><W38/><G38/><T26/><D72/><U42/><E113/><V20/><F123/><W30/><G120/><T121/><D121/><U69/><E1/><V51/><F70/><W3/><G110/><T60/><D135/><U76/><E63/><V133/><F126/><W109/><G109/><T58/><D37/><U6/><E99/><V80/><F133/><W65/><G3/><T116/><D41/><U12/><E12/><V46/><F80/><W18/><G32/><T36/><D36/><U107/><E107/><V119/><F130/><W103/><G103/><T5/><D116/><U87/><E69/><V111/><F111/><W34/><G95/><T101/><D131/><U104/><E104/><V82/><F82/><W75/><G75/><T127/><D127/><U97/><E97/><V122/><F122/><W83/><G83/><T94/><D94/><U66/><E66/><V78/><F78/><W40/><G40/><T132/><D132/><U59/><E59/><V54/><F43/><W44/><REACH who="3" step="1"/><G34/><REACH who="3" ten="252,290,380,68" step="2"/><T125/><D125/><U15/><E35/><V62/><F119/><W118/><G118/><T96/><D101/><U52/><E42/><V50/><F115/><W45/><G45/><T89/><D93/><U21/><E47/><V74/><F112/><W9/><G9/><T92/><D10/><U86/><E77/><V68/><F46/><W11/><G11/><T81/><D81/><U7/><E79/><V24/><F74/><W27/><G27/><T64/><D26/><N who="1" m="16847" /><E76/><V88/><F105/><W90/><G90/><T134/><D92/><RYUUKYOKU ba="2,1" sc="252,-10,290,-10,380,-10,68,30" hai3="8,13,17,18,19,28,30,44,48,55,56,61,65" /><INIT seed="3,3,1,3,4,29" ten="242,280,370,98" oya="3" hai0="61,4,132,102,21,26,112,16,37,27,23,44,14" hai1="68,8,89,93,9,12,88,121,52,110,125,50,45" hai2="98,111,104,18,51,10,95,123,75,133,71,39,48" hai3="35,126,41,131,17,54,84,13,56,129,1,114,30"/><W40/><G114/><T67/><D112/><U100/><E121/><V72/><F39/><W22/><G1/><T92/><D132/><U130/><E110/><V7/><F104/><W80/><G126/><T119/><D119/><U115/><E115/><V108/><F71/><W70/><G70/><T65/><D37/><U3/><E68/><V113/><F18/><W5/><G5/><T0/><D0/><U87/><E130/><N who="3" m="49674" /><G30/><N who="0" m="17743" /><D44/><U120/><E120/><V128/><F133/><W134/><G134/><T106/><D106/><U6/><E125/><V116/><F116/><W81/><G35/><T69/><D69/><U94/><E100/><V11/><F123/><W109/><G109/><T63/><D92/><U58/><E58/><V47/><F113/><W101/><G101/><T107/><D107/><U60/><E60/><N who="0" m="23113" /><D102/><U55/><E55/><V38/><F128/><W43/><G84/><T28/><D4/><U66/><E66/><V76/><F7/><W77/><G77/><T19/><D28/><U64/><E64/><V42/><F76/><W135/><G135/><T118/><D118/><U73/><E73/><V49/><F75/><W82/><G82/><T90/><D90/><U99/><E3/><V117/><F72/><W33/><G33/><T2/><D2/><U36/><E36/><V86/><F117/><W59/><G59/><T74/><D74/><U57/><E57/><V46/><F111/><W83/><G83/><T62/><N who="0" m="23121" /><AGARI ba="3,1" hai="13,17,22,40,41,43,54,56,62,80,81" m="49674" machi="62" ten="30,2900,0" yaku="3,1,19,1" doraHai="29" who="3" fromWho="0" sc="242,-38,280,0,370,0,98,48" /><INIT seed="3,4,0,5,1,79" ten="204,280,370,146" oya="3" hai0="47,118,133,94,130,58,102,106,11,46,90,117,85" hai1="4,105,0,1,8,18,103,65,126,132,43,45,87" hai2="3,125,57,5,131,99,59,73,37,93,54,60,31" hai3="89,16,128,35,29,12,75,25,19,42,20,113,9"/><W15/><G113/><T27/><D130/><U61/><E18/><V24/><F73/><W13/><G128/><T112/><D112/><U33/><E126/><V88/><F37/><W92/><G75/><T53/><D133/><U51/><E132/><V86/><F131/><W49/><G13/><T134/><D134/><U50/><E33/><V63/><F125/><W34/><G42/><T91/><D118/><U62/><E62/><V101/><F3/><W22/><REACH who="3" step="1"/><G49/><REACH who="3" ten="204,280,370,136" step="2"/><T71/><D117/><U127/><E51/><V64/><F5/><W81/><G81/><T76/><D27/><U104/><E43/><V82/><F24/><W30/><G30/><AGARI ba="4,1" hai="30,31,54,57,59,60,63,64,82,86,88,93,99,101" machi="30" ten="40,5200,0" yaku="8,1,52,1,54,1" doraHai="79" who="2" fromWho="3" sc="204,0,280,0,370,74,136,-64" owari="204,-19.6,280,8.0,444,54.4,72,-42.8" /></mjloggm>