<mjloggm ver="2.3"><GO type="225" lobby="0"/><UN n0="%E4%BF%BA%E3%81%A8%E5%A6%96%E5%A4%A2" n1="%E3%81%AF%E3%82%88%E3%81%8A%E3%81%98%E3%81%95%E3%82%93" n2="%6C%65%74%69%74%62%65" n3="%E6%98%93%E5%88%A9%E8%96%A9%E4%BC%AF" dan="16,17,16,17" rate="2174.57,2135.51,2113.55,2133.21" sx="F,M,M,F"/><TAIKYOKU oya="0"/><INIT seed="0,0,0,4,0,54" ten="250,250,250,250" oya="0" hai0="18,44,87,35,66,119,94,130,10,110,8,48,9" hai1="70,49,113,12,15,99,45,62,132,26,81,71,2" hai2="52,67,58,43,105,83,13,69,25,107,0,7,121" hai3="30,103,53,124,55,122,11,82,1,129,33,127,77"/><T27/><D119/><U133/><E2/><V31/><F121/><W61/><G103/><T46/><D130/><U59/><E113/><V51/><F0/><W95/><G33/><T5/><D110/><U34/><E81/><V68/><F43/><W104/><G104/><T102/><D66/><U19/><E99/><V39/><F39/><W21/><G95/><T116/><D116/><U16/><E34/><V84/><F7/><W60/><G1/><T75/><D75/><U89/><E89/><V117/><F13/><W118/><G118/><T22/><D35/><U24/><E49/><V125/><F125/><N who="3" m="48203" /><G11/><T4/><D46/><U56/><E62/><N who="3" m="24170" /><G122/><T131/><D131/><U37/><REACH who="1" step="1"/><E45/><REACH who="1" ten="250,240,250,250" step="2"/><V36/><F117/><W93/><G129/><T42/><D102/><U128/><E128/><V123/><F36/><AGARI ba="0,1" hai="12,15,16,19,24,26,36,37,56,59,70,71,132,133" machi="36" ten="25,16000,3" yaku="1,1,22,2,52,2,54,1,53,2" doraHai="54" doraHaiUra="64" who="1" fromWho="2" sc="250,0,240,170,250,-160,250,0" /><INIT seed="1,0,0,3,3,130" ten="250,410,90,250" oya="1" hai0="33,97,31,48,65,103,118,71,7,81,20,102,34" hai1="16,52,100,106,112,39,95,22,1,15,134,122,9" hai2="66,4,116,111,23,88,68,36,62,54,46,104,90" hai3="133,78,126,45,19,50,109,125,70,135,6,79,124"/><U108/><E112/><V129/><F116/><W89/><G109/><T110/><D118/><U74/><E122/><V94/><F129/><W98/><G70/><T49/><D110/><U21/><E74/><V123/><F123/><W53/><G6/><T63/><D7/><U93/><E39/><V131/><F131/><W132/><G19/><T114/><D114/><U38/><E38/><V119/><F104/><W87/><REACH who="3" step="1"/><G98/><REACH who="3" ten="250,410,90,240" step="2"/><T55/><D71/><U25/><E108/><V59/><F111/><W10/><G10/><T37/><D97/><U77/><E9/><V73/><F4/><W24/><G24/><T17/><D17/><U27/><E16/><V99/><F119/><W61/><G61/><T91/><D63/><U13/><E25/><V86/><F73/><W113/><G113/><T115/><D115/><U67/><E27/><V5/><F5/><W92/><AGARI ba="0,1" hai="45,50,53,78,79,87,89,92,124,125,126,132,133,135" machi="92" ten="40,12000,2" yaku="1,1,0,1,18,1,20,1,52,3,53,0" doraHai="130" doraHaiUra="105" who="3" fromWho="3" sc="250,-30,410,-60,90,-30,240,130" /><INIT seed="2,0,0,2,5,59" ten="220,350,60,370" oya="2" hai0="61,41,84,8,2,9,107,79,109,6,102,71,0" hai1="56,93,7,87,114,124,11,22,47,129,130,91,21" hai2="1,97,75,26,72,62,24,88,86,25,98,65,133" hai3="115,119,20,37,67,92,35,17,117,46,28,54,5"/><V38/><F1/><W58/><G115/><T53/><D109/><U77/><E114/><V90/><F38/><W110/><G110/><T49/><D107/><U125/><E77/><V27/><N who="2" m="6144" /><DORA hai="135" /><V112/><F112/><W68/><G28/><T132/><D102/><U13/><E56/><V127/><F133/><W105/><G35/><T52/><D132/><U4/><E47/><V78/><F78/><W76/><G105/><T96/><D96/><U50/><E50/><V60/><F127/><N who="1" m="48713" /><E4/><V29/><F29/><W111/><G5/><T43/><D6/><U36/><E36/><V51/><F51/><W80/><G37/><T69/><D49/><U70/><E70/><V116/><F116/><W123/><G68/><T31/><D79/><U108/><E108/><V99/><F65/><W89/><G111/><T48/><D48/><U131/><AGARI ba="0,0" hai="7,11,13,21,22,87,91,93,129,130,131" m="48713" machi="131" ten="40,8000,1" yaku="19,1,18,1,52,3" doraHai="59,135" who="1" fromWho="1" sc="220,-20,350,80,60,-40,370,-20" /><INIT seed="3,0,0,3,1,22" ten="200,430,20,350" oya="3" hai0="134,120,12,32,1,31,77,59,64,66,82,17,2" hai1="112,3,15,21,99,97,85,9,57,19,98,68,29" hai2="80,131,62,93,111,123,18,87,116,95,67,114,92" hai3="60,61,121,26,73,78,38,16,20,113,90,126,13"/><W55/><G113/><T96/><D120/><U40/><E68/><V14/><F114/><W86/><G121/><T135/><D96/><U100/><E112/><V46/><F116/><W105/><G38/><T47/><D47/><U65/><E40/><V94/><F111/><W118/><G105/><T102/><D102/><U36/><E36/><V70/><N who="2" m="23552" /><DORA hai="48" /><V7/><F123/><W27/><G118/><T129/><D129/><U74/><E74/><V45/><F131/><W117/><G117/><T8/><D2/><U128/><E128/><V37/><F7/><W54/><G78/><T35/><D1/><U0/><E85/><V23/><REACH who="2" step="1"/><F37/><REACH who="2" ten="200,430,10,350" step="2"/><W52/><G126/><T58/><D134/><U91/><E100/><V101/><F101/><W104/><G104/><T44/><D135/><U106/><E106/><V43/><F43/><W11/><G73/><T124/><D124/><U88/><E0/><V130/><F130/><W56/><G61/><T69/><D82/><U28/><E3/><V49/><F49/><W83/><G27/><T10/><D66/><U51/><E29/><AGARI ba="0,1" hai="11,13,16,20,26,29,52,54,55,56,60,83,86,90" machi="29" ten="30,24000,3" yaku="7,1,8,1,52,4,54,2" doraHai="22,48" who="3" fromWho="1" sc="200,0,430,-240,10,0,350,250" owari="200,0.0,190,-21.0,10,-49.0,600,70.0" /></mjloggm>