<mjloggm ver="2.3"><GO type="225" lobby="0"/><UN n0="%E3%83%96%E3%83%83%E3%83%91%E3%82%AA%E3%83%96%E3%83%81%E3%82%AD%E3%83%B3" n1="%E3%81%8B%E3%82%8F%E3%81%A1%E3%82%83%E3%82%93%35%38" n2="%70%68%65%6E%6F%6D%65" n3="%E6%A1%9C%E8%8A%B1%E9%96%83%E3%80%85" dan="16,16,16,16" rate="2249.61,2113.30,2172.19,2168.89" sx="M,M,M,M"/><TAIKYOKU oya="0"/><INIT seed="0,0,0,1,5,30" ten="250,250,250,250" oya="0" hai0="131,87,77,41,2,14,78,103,22,40,102,50,19" hai1="38,13,80,75,82,134,7,100,112,37,99,49,93" hai2="20,18,123,101,109,57,61,26,44,92,27,36,25" hai3="53,16,4,128,79,58,34,122,83,5,11,124,15"/><T64/><D2/><U69/><E69/><V12/><F123/><W46/><G122/><T132/><D131/><U71/><E71/><V52/><F109/><W133/><G128/><T24/><D132/><U88/><E134/><V114/><F114/><W17/><G133/><T47/><D64/><U81/><E75/><V70/><F70/><W107/><G124/><T108/><D108/><U35/><E35/><V110/><F110/><W9/><G107/><T84/><D41/><U60/><E112/><V111/><F111/><W73/><G46/><T91/><D87/><U89/><E60/><V28/><F36/><W121/><G34/><T6/><D78/><U42/><E38/><V120/><F120/><W31/><G31/><T96/><D96/><U67/><E67/><V106/><F106/><W127/><G127/><T45/><D45/><N who="1" m="25783" /><E37/><V29/><REACH who="2" step="1"/><F44/><REACH who="2" ten="250,250,240,250" step="2"/><W126/><G121/><T55/><D40/><U66/><E66/><V59/><F59/><W104/><G104/><T1/><D1/><U10/><AGARI ba="0,1" hai="7,10,13,80,81,82,88,89,93,99,100" m="25783" machi="10" ten="30,2000,0" yaku="8,1,54,1" doraHai="30" who="1" fromWho="1" sc="250,-10,250,30,240,-5,250,-5" /><INIT seed="1,0,0,3,3,133" ten="240,280,235,245" oya="1" hai0="101,19,47,97,44,79,76,43,135,51,73,1,5" hai1="50,120,134,66,62,131,132,68,63,104,32,90,98" hai2="29,61,83,118,125,75,59,86,130,40,4,22,91" hai3="54,95,87,105,13,96,52,23,38,70,48,112,56"/><U39/><E32/><V82/><F118/><W57/><G112/><T2/><D135/><N who="1" m="51755" /><E90/><V8/><F130/><W45/><G70/><T28/><D28/><U107/><E98/><V34/><F34/><W109/><G109/><T129/><D129/><U49/><E107/><V31/><F40/><W24/><G38/><T27/><D19/><U9/><E9/><V122/><F122/><W114/><G114/><T0/><D27/><U10/><E10/><V42/><F42/><N who="3" m="24631" /><G87/><T119/><D119/><U77/><E77/><V94/><F75/><W37/><G13/><T55/><D5/><U108/><E104/><V102/><F102/><N who="3" m="60703" /><G37/><T72/><D72/><U89/><E89/><V81/><F22/><W16/><G105/><T53/><D73/><U67/><E120/><V35/><F35/><W60/><G57/><T100/><D97/><U127/><E39/><V88/><F91/><W33/><G33/><T121/><D121/><U7/><E7/><V21/><F21/><W85/><G85/><T128/><D128/><U36/><E36/><V12/><REACH who="2" step="1"/><F125/><REACH who="2" ten="240,280,225,245" step="2"/><W64/><AGARI ba="0,1" hai="16,23,24,52,54,56,60,64" m="60703,24631" machi="64" ten="30,4000,0" yaku="8,1,54,2" doraHai="133" who="3" fromWho="3" sc="240,-10,280,-20,225,-10,245,50" /><INIT seed="2,0,0,4,5,48" ten="230,260,215,295" oya="2" hai0="118,28,119,97,27,108,36,87,12,74,65,4,122" hai1="126,92,34,96,81,132,94,73,10,121,57,64,103" hai2="50,133,113,125,39,18,17,41,47,86,26,71,111" hai3="23,42,60,6,21,134,14,123,19,104,109,38,9"/><V85/><F113/><W120/><G104/><T56/><D122/><U84/><E34/><V127/><F71/><W67/><G109/><T124/><D74/><U52/><E73/><V33/><F133/><W98/><G134/><T116/><D36/><U30/><E132/><V75/><F75/><W44/><G98/><T99/><D108/><U82/><E126/><N who="2" m="48139" /><F111/><W129/><G129/><T59/><D124/><U93/><E121/><V79/><F39/><W51/><G23/><N who="0" m="15487" /><D87/><N who="2" m="33290" /><F79/><W24/><REACH who="3" step="1"/><G38/><REACH who="3" ten="230,260,215,285" step="2"/><T55/><D99/><U89/><E82/><V35/><F35/><W61/><G61/><T45/><D97/><U37/><E37/><V20/><F33/><W11/><G11/><N who="0" m="4199" /><D65/><U15/><E64/><V77/><F77/><W2/><G2/><T31/><D31/><AGARI ba="0,1" hai="17,18,20,26,31,41,47,50" m="33290,48139" machi="31" ten="30,1500,0" yaku="18,1" doraHai="48" who="2" fromWho="0" sc="230,-15,260,0,215,25,285,0" /><INIT seed="2,1,0,2,5,87" ten="215,260,240,285" oya="2" hai0="1,24,71,114,105,11,52,63,58,86,39,73,110" hai1="127,120,48,85,75,56,17,129,6,22,62,124,94" hai2="55,77,119,84,2,69,132,42,23,61,43,130,40" hai3="125,113,108,28,3,38,97,68,54,12,37,99,53"/><V51/><F119/><W118/><G118/><T76/><D114/><U66/><E75/><V16/><F2/><W19/><G68/><T7/><D110/><U32/><E32/><V79/><F130/><W44/><G3/><T131/><D131/><U121/><E6/><V29/><F132/><W70/><G70/><T21/><D39/><U8/><E8/><V57/><F29/><W103/><G99/><T78/><D105/><U111/><E129/><V5/><F5/><W35/><G108/><T109/><D109/><U95/><E48/><V122/><F122/><N who="1" m="47209" /><E111/><V13/><REACH who="2" step="1"/><F84/><REACH who="2" ten="215,260,230,285" step="2"/><W90/><G28/><T83/><D73/><U46/><E85/><V135/><F135/><W96/><G113/><T0/><D71/><U33/><E33/><V101/><F101/><W31/><G31/><T116/><D116/><U112/><E112/><V107/><F107/><W18/><G35/><T91/><REACH who="0" step="1"/><D1/><REACH who="0" ten="205,260,230,285" step="2"/><U49/><E127/><V128/><F128/><W67/><G125/><T10/><D10/><U92/><E124/><V88/><F88/><W25/><G90/><T45/><D45/><U26/><E46/><V115/><F115/><W89/><G44/><T134/><D134/><U65/><E94/><V15/><F15/><W59/><G12/><T82/><D82/><U117/><E117/><V64/><AGARI ba="1,2" hai="13,16,23,40,42,43,51,55,57,61,64,69,77,79" machi="64" ten="30,6000,0" yaku="1,1,0,1,54,1,53,0" doraHai="87" doraHaiUra="133" who="2" fromWho="2" sc="205,-21,260,-21,230,83,285,-21" /><INIT seed="2,2,0,2,5,95" ten="184,239,313,264" oya="2" hai0="97,25,85,104,132,33,134,81,36,44,66,74,0" hai1="71,40,94,5,64,96,47,79,63,9,59,26,3" hai2="8,77,53,93,17,49,21,111,98,114,123,30,126" hai3="6,92,54,108,32,78,90,72,107,1,43,18,42"/><V34/><F114/><W125/><G107/><T76/><D0/><U87/><E26/><N who="2" m="16719" /><F34/><W84/><G32/><T135/><D66/><U73/><E73/><V55/><F123/><W11/><G108/><T70/><D70/><U23/><E23/><V37/><F37/><W56/><G125/><T60/><D60/><U45/><E71/><V91/><F126/><W69/><G69/><T113/><D113/><U16/><E16/><V7/><F111/><W121/><G121/><T117/><D117/><U28/><E28/><V4/><F77/><W102/><G102/><T27/><D33/><U68/><E68/><V29/><F29/><W116/><G116/><T83/><D44/><U106/><E106/><V52/><F49/><W129/><G129/><T119/><D36/><U22/><E22/><V19/><F19/><W51/><G18/><T2/><D2/><U128/><E128/><V120/><F120/><W14/><G1/><T31/><D119/><U130/><E130/><V61/><F61/><W103/><G103/><N who="0" m="62575" /><D31/><U124/><E124/><V80/><F80/><N who="3" m="47127" /><G72/><T48/><D48/><U115/><E115/><V100/><F100/><W127/><G127/><T20/><D20/><U15/><E3/><V110/><F110/><W39/><G39/><T109/><D109/><U118/><E118/><V57/><F57/><W99/><AGARI ba="2,0" hai="6,11,14,42,43,51,54,56,90,92,99" m="47127" machi="99" ten="30,2000,0" yaku="8,1,52,1" doraHai="95" who="3" fromWho="3" sc="184,-7,239,-7,313,-12,264,26" /><INIT seed="3,0,0,4,3,87" ten="177,232,301,290" oya="3" hai0="123,94,78,51,7,52,117,116,114,122,16,65,119" hai1="84,97,108,130,95,120,50,44,57,36,135,31,10" hai2="56,101,12,8,23,113,19,39,73,71,99,48,4" hai3="33,75,30,81,67,100,104,80,102,66,17,9,127"/><W47/><G127/><T109/><D7/><U38/><E120/><N who="0" m="46121" /><D78/><U24/><E108/><V55/><F113/><W83/><G75/><T89/><D16/><U20/><E135/><V34/><F39/><W91/><G104/><T79/><D79/><U2/><E130/><V1/><F71/><W110/><G110/><T131/><D109/><U132/><E132/><V68/><F68/><W60/><G33/><T37/><D89/><U41/><E57/><V29/><F73/><W59/><G30/><T85/><D85/><U77/><E2/><V14/><F34/><W76/><G76/><T86/><D86/><U64/><E64/><V111/><F29/><W25/><G67/><T35/><D94/><U134/><E134/><V13/><F111/><W103/><G47/><N who="0" m="27775" /><D35/><U129/><E129/><V70/><F70/><W92/><G25/><T69/><D131/><U112/><E112/><V90/><F90/><W49/><G49/><T18/><D18/><U45/><E45/><V46/><F46/><W62/><G62/><N who="0" m="40119" /><D114/><U26/><E26/><V53/><F1/><W32/><G32/><T21/><D21/><U88/><E10/><V43/><F13/><N who="3" m="7343" /><G83/><T124/><D37/><U28/><E28/><V98/><F101/><W128/><G128/><T82/><D82/><N who="1" m="47183" /><E38/><V126/><F12/><W106/><G106/><T96/><D96/><AGARI ba="0,0" hai="59,60,66,80,81,91,92,96,100,102,103" m="7343" machi="96" ten="30,2900,0" yaku="8,1,52,1" doraHai="87" who="3" fromWho="0" sc="177,-29,232,0,301,0,290,29" owari="148,-35.2,232,-16.8,301,10.1,319,41.9" /></mjloggm>