<mjloggm ver="2.3"><GO type="225" lobby="0"/><UN n0="%E5%8D%A0%E3%81%84%E5%B8%AB%E8%A3%8F%E3%81%AA%E3%81%84%E3%81%97" n1="%E6%98%93%E5%88%A9%E8%96%A9%E4%BC%AF" n2="%E6%B4%BE%E9%81%A3%E3%81%AE%E3%82%B8%E3%83%A3%E3%83%83%E3%82%AF" n3="%E7%89%B9%E6%9D%B1%E3%81%AF%E4%B8%96%E7%95%8C%E3%82%92%E6%95%91%E3%81%86" dan="17,17,17,16" rate="2175.69,2128.09,2196.16,2192.06" sx="M,F,M,M"/><TAIKYOKU oya="0"/><INIT seed="0,0,0,0,5,105" ten="250,250,250,250" oya="0" hai0="52,121,96,25,35,24,32,63,109,90,36,40,23" hai1="56,9,60,13,21,72,122,112,2,31,99,131,22" hai2="76,115,126,133,65,47,110,46,81,3,100,132,0" hai3="129,39,135,108,44,51,38,102,79,97,1,11,14"/><T119/><D119/><U128/><E122/><V116/><F110/><W84/><G1/><T43/><D121/><U20/><E2/><V111/><F111/><W82/><G129/><N who="1" m="49738" /><E112/><V80/><F115/><W58/><G135/><N who="2" m="51785" /><F100/><W89/><G58/><N who="0" m="35271" /><D109/><U117/><E117/><V130/><F130/><W123/><G123/><T66/><D66/><N who="1" m="39175" /><E99/><V59/><F116/><W34/><G34/><N who="0" m="12843" /><D24/><N who="1" m="16775" /><E72/><V37/><F0/><W48/><G108/><T28/><D36/><U41/><E41/><V113/><F37/><W103/><G103/><T30/><D28/><U33/><E33/><V101/><F101/><W71/><G71/><T95/><D30/><U114/><E114/><V18/><F113/><W106/><G48/><T19/><AGARI ba="0,0" hai="19,23,25,40,43,90,95,96" m="12843,35271" machi="19" ten="30,3000,0" yaku="25,1,54,1" doraHai="105" who="0" fromWho="0" sc="250,30,250,-10,250,-10,250,-10" /><INIT seed="0,1,0,5,2,111" ten="280,240,240,240" oya="0" hai0="40,50,78,56,96,90,106,85,103,121,11,100,105" hai1="44,117,32,132,77,48,112,116,22,47,23,125,92" hai2="20,74,57,39,60,54,62,41,67,124,110,5,27" hai3="37,76,21,66,94,8,98,80,24,13,64,93,130"/><T134/><D121/><U51/><E32/><V81/><F110/><W101/><G130/><T133/><D11/><U28/><E77/><V16/><F124/><W127/><G37/><T68/><D68/><U86/><E125/><V97/><F5/><W42/><G42/><T82/><D56/><U49/><E132/><N who="0" m="50793" /><D50/><U19/><E28/><V46/><F97/><W25/><G127/><T53/><D53/><U129/><E129/><V83/><REACH who="2" step="1"/><F74/><REACH who="2" ten="280,240,230,240" step="2"/><W7/><G94/><N who="0" m="56407" /><D40/><U108/><E108/><V14/><F14/><W131/><G131/><T30/><D30/><U18/><E18/><V2/><F2/><W10/><G25/><T63/><D63/><U33/><E19/><V43/><F43/><W38/><G24/><T17/><D17/><U107/><E117/><V113/><F113/><W115/><G115/><T4/><D4/><U9/><E112/><V65/><F65/><W122/><G64/><T99/><D99/><U120/><E116/><V52/><F52/><W109/><G66/><T79/><D79/><U55/><E55/><V35/><F35/><W84/><G7/><T69/><D69/><AGARI ba="1,1" hai="16,20,27,39,41,46,54,57,60,62,67,69,81,83" machi="69" ten="30,3900,0" yaku="1,1,7,1,54,1,53,0" doraHai="111" doraHaiUra="34" who="2" fromWho="0" sc="280,-42,240,0,230,52,240,0" /><INIT seed="1,0,0,4,5,13" ten="238,240,282,240" oya="1" hai0="43,118,132,85,12,119,71,77,84,59,44,19,117" hai1="74,24,47,109,100,4,49,51,33,102,96,63,121" hai2="53,128,107,30,23,62,86,70,93,115,65,112,76" hai3="61,32,106,108,67,26,3,124,14,34,40,66,8"/><U39/><E121/><V126/><F107/><W28/><G106/><T97/><D71/><U103/><E74/><V83/><F126/><W72/><G124/><T0/><D0/><U129/><E129/><V104/><F104/><W21/><G72/><T18/><D132/><U101/><E109/><V127/><F127/><W20/><G108/><T48/><D97/><U75/><E75/><V37/><F37/><W105/><G105/><T95/><D95/><U88/><E4/><V130/><F53/><W54/><G40/><T35/><D35/><U25/><E39/><V10/><F10/><W27/><G54/><T68/><D68/><U52/><E33/><V64/><F64/><W110/><G3/><T69/><D69/><U123/><E123/><V6/><F6/><W94/><G94/><T56/><D77/><U1/><E1/><V16/><F30/><W99/><G99/><T55/><D59/><N who="1" m="35303" /><E103/><V113/><F93/><W38/><G38/><T2/><D2/><U17/><E47/><V114/><N who="2" m="28672" /><DORA hai="120" /><V89/><F76/><W131/><G131/><T135/><D135/><U133/><E133/><V98/><F98/><W45/><G45/><T90/><D90/><U50/><E17/><V7/><F7/><N who="3" m="3359" /><G110/><T60/><REACH who="0" step="1"/><D19/><REACH who="0" ten="228,240,282,240" step="2"/><U9/><E96/><V73/><F73/><W92/><G34/><T91/><D91/><U41/><E88/><V78/><F89/><W122/><G122/><T82/><D82/><U87/><E102/><V29/><F29/><N who="3" m="17607" /><G32/><T42/><D42/><U31/><E41/><V57/><F70/><N who="3" m="42319" /><G92/><T80/><D80/><U46/><E101/><RYUUKYOKU ba="0,1" sc="228,10,240,-30,282,10,240,10" hai0="12,18,43,44,48,55,56,60,84,85,117,118,119" hai2="16,23,57,62,65,78,83,86,128,130" hai3="21,27,28,67" /><INIT seed="2,1,1,3,5,122" ten="238,210,292,250" oya="2" hai0="85,68,71,88,99,65,46,13,114,90,76,5,56" hai1="105,64,49,4,23,20,95,102,3,110,66,21,63" hai2="120,26,11,73,42,131,39,62,75,98,48,53,15" hai3="121,30,115,126,96,107,103,45,58,52,129,81,28"/><V19/><F120/><W83/><G121/><T31/><D114/><U92/><E66/><V1/><F1/><W2/><G115/><T44/><D31/><U27/><E110/><V34/><F62/><W78/><G2/><T94/><D68/><U97/><E27/><V24/><F24/><W127/><G45/><N who="0" m="17515" /><D71/><U87/><E49/><V29/><F42/><W35/><G129/><T108/><D108/><U61/><E87/><V67/><F67/><W77/><G81/><N who="0" m="47271" /><D13/><U69/><REACH who="1" step="1"/><E63/><REACH who="1" ten="238,200,292,250" step="2"/><V128/><F128/><W22/><G127/><T38/><D38/><U50/><E50/><V47/><F131/><W18/><G126/><T135/><D135/><U70/><E70/><V116/><F39/><W40/><G35/><T113/><D113/><U10/><AGARI ba="1,2" hai="3,4,10,20,21,23,61,64,69,92,95,97,102,105" machi="10" ten="30,2000,0" yaku="1,1,0,1,53,0" doraHai="122" doraHaiUra="54" who="1" fromWho="1" sc="238,-6,200,43,292,-11,250,-6" /><INIT seed="3,0,0,0,5,30" ten="232,243,281,244" oya="3" hai0="1,122,38,81,23,124,70,114,17,67,37,29,130" hai1="91,45,27,129,83,52,2,12,16,78,54,42,31" hai2="92,50,15,90,111,127,24,116,53,74,101,126,77" hai3="22,20,41,109,49,117,118,47,62,35,18,107,57"/><W128/><G107/><T60/><D122/><U9/><E2/><V59/><F116/><W80/><G128/><T64/><D130/><U89/><E129/><V5/><F101/><W4/><G35/><T98/><D124/><U108/><E108/><V134/><F111/><W6/><G109/><T44/><D114/><U46/><E91/><V56/><F134/><W63/><G118/><T120/><D120/><U86/><E78/><V115/><F115/><W25/><G117/><T94/><D1/><U7/><E7/><V72/><F59/><W61/><G57/><T14/><D67/><U93/><E83/><V106/><F106/><W131/><G131/><T71/><D71/><U79/><E79/><V11/><F24/><W69/><G69/><T19/><D81/><U73/><E73/><V36/><F36/><W65/><G65/><T113/><D113/><U121/><E121/><V87/><REACH who="2" step="1"/><F77/><REACH who="2" ten="232,243,271,244" step="2"/><W8/><G8/><T119/><D119/><U32/><E46/><V84/><F84/><W103/><G103/><N who="0" m="60887" /><D44/><U48/><AGARI ba="0,1" hai="9,12,16,27,31,32,42,45,48,52,54,86,89,93" machi="48" ten="20,8000,1" yaku="0,1,7,1,52,1,54,2" doraHai="30" who="1" fromWho="1" sc="232,-20,243,90,271,-20,244,-40" owari="212,-18.8,333,43.3,251,5.1,204,-29.6" /></mjloggm>