<mjloggm ver="2.3"><GO type="225" lobby="0"/><UN n0="%77%72%77%72%77%72%77%72" n1="%E7%99%BD%E5%80%89%E5%AF%9B%E4%B9%8B" n2="%E4%BC%8A%E9%81%94%E6%9C%B1%E9%87%8C%E7%B4%97" n3="%E5%82%8D%E8%8B%A5%E7%84%A1%E4%BA%BA%35%31" dan="16,16,16,16" rate="2189.55,2131.93,2073.53,2182.03" sx="M,M,F,M"/><TAIKYOKU oya="0"/><INIT seed="0,0,0,2,4,47" ten="250,250,250,250" oya="0" hai0="25,13,9,113,115,134,51,133,48,20,87,104,107" hai1="90,55,58,21,42,63,67,5,3,69,125,116,52" hai2="86,28,121,101,7,38,34,96,123,60,14,8,30" hai3="132,79,31,82,84,77,85,122,36,118,127,71,49"/><T11/><D87/><U99/><E116/><V66/><F38/><W0/><G36/><T106/><D113/><U50/><E125/><V75/><F75/><W61/><G127/><T43/><D115/><U88/><E3/><V29/><F86/><W110/><G110/><T22/><D43/><U32/><E32/><V92/><REACH who="2" step="1"/><F34/><REACH who="2" ten="250,250,240,250" step="2"/><W44/><G85/><T18/><D9/><U76/><E99/><V46/><F46/><W74/><G44/><T100/><D20/><U91/><E76/><V26/><F26/><W45/><G45/><T131/><D131/><U59/><E42/><V83/><F83/><W37/><G84/><T1/><D1/><U105/><E105/><V15/><F15/><W112/><G82/><T12/><D12/><U68/><E5/><V95/><F95/><W81/><G81/><T114/><D114/><U40/><E40/><V24/><F24/><W19/><G37/><T111/><D111/><U119/><E119/><V89/><F89/><W10/><G74/><T35/><D35/><U129/><E129/><V2/><F2/><W128/><G128/><T56/><D100/><U130/><E130/><V6/><F6/><W54/><G112/><T109/><D109/><U41/><E41/><V94/><F94/><W80/><G79/><T103/><D103/><U120/><E120/><V126/><F126/><W98/><G122/><T65/><D104/><U64/><REACH who="1" step="1"/><E21/><REACH who="1" ten="250,240,240,250" step="2"/><V62/><F62/><W93/><G61/><N who="0" m="38055" /><D106/><U57/><E57/><AGARI ba="0,2" hai="7,8,14,28,29,30,57,60,66,92,96,101,121,123" machi="57" ten="40,1300,0" yaku="1,1,53,0" doraHai="47" doraHaiUra="108" who="2" fromWho="1" sc="250,0,240,-13,240,33,250,0" /><INIT seed="1,0,0,3,3,6" ten="250,227,273,250" oya="1" hai0="23,14,42,47,110,21,38,2,75,68,53,93,48" hai1="118,76,132,87,45,24,11,5,50,127,36,99,111" hai2="69,61,107,102,114,92,27,16,119,35,98,74,39" hai3="46,10,95,96,101,28,135,82,29,113,134,79,41"/><U116/><E36/><V78/><F119/><W20/><G113/><T72/><D2/><U109/><E127/><V115/><F39/><W54/><G54/><T34/><D34/><U26/><E99/><V100/><F100/><W44/><G10/><T52/><D68/><U123/><E123/><V133/><F133/><N who="3" m="50699" /><G20/><T51/><D110/><N who="1" m="41995" /><E132/><V86/><F61/><W37/><G46/><T3/><D3/><N who="1" m="447" /><E76/><V103/><F69/><W81/><G81/><T108/><D108/><U84/><E26/><V7/><F7/><W131/><G131/><T49/><D93/><U83/><E24/><V18/><F103/><W77/><G77/><T33/><D33/><U70/><E70/><V130/><F130/><W58/><G58/><T121/><D121/><U13/><E13/><V9/><F115/><W80/><G80/><T88/><D14/><U105/><E83/><N who="2" m="45527" /><F114/><W85/><AGARI ba="0,0" hai="28,29,37,41,44,79,82,85,95,96,101" m="50699" machi="85" ten="30,1100,0" yaku="20,1" doraHai="6" who="3" fromWho="3" sc="250,-3,227,-5,273,-3,250,11" /><INIT seed="2,0,0,0,2,9" ten="247,222,270,261" oya="2" hai0="126,30,114,67,23,22,61,11,70,59,36,4,19" hai1="102,46,2,48,47,40,99,87,103,65,107,73,118" hai2="6,125,92,79,35,76,5,106,81,13,84,18,66" hai3="132,128,135,44,133,95,85,64,24,49,14,1,100"/><V42/><F125/><W15/><G1/><T90/><D114/><U109/><E73/><V57/><F106/><W89/><G128/><T20/><D126/><U108/><E2/><V21/><F35/><W82/><G24/><T39/><D70/><U51/><E118/><V97/><F42/><W78/><G64/><T86/><D30/><U119/><E119/><V16/><F76/><W115/><G100/><T113/><D113/><U25/><E65/><V60/><F18/><W83/><G115/><T123/><D123/><U33/><E87/><V105/><F105/><W37/><G37/><T28/><D28/><U62/><E62/><V8/><F8/><W0/><G0/><T52/><D67/><U104/><E25/><V55/><F66/><W130/><G130/><T50/><D61/><U96/><REACH who="1" step="1"/><E33/><REACH who="1" ten="247,212,270,261" step="2"/><V69/><F69/><W29/><G29/><T127/><D127/><U129/><E129/><V122/><F122/><W3/><G3/><T10/><D86/><U94/><E94/><V27/><F27/><W54/><G83/><T56/><D4/><U134/><E134/><V124/><F124/><W63/><G63/><T112/><D112/><U43/><AGARI ba="0,1" hai="40,43,46,47,48,51,96,99,102,103,104,107,108,109" machi="43" ten="30,8000,1" yaku="1,1,0,1,32,3,53,0" doraHai="9" doraHaiUra="110" who="1" fromWho="1" sc="247,-20,212,90,270,-40,261,-20" /><INIT seed="3,0,0,3,0,54" ten="227,302,230,241" oya="3" hai0="25,106,113,2,130,61,34,117,19,44,99,118,82" hai1="87,22,55,6,132,116,64,48,107,9,75,104,70" hai2="7,102,77,14,76,56,32,26,80,74,125,123,59" hai3="98,16,126,38,68,100,12,24,81,93,60,69,62"/><W29/><G38/><T103/><D2/><U33/><E33/><V94/><F125/><W10/><G126/><T124/><D124/><U108/><E75/><V133/><F133/><W23/><REACH who="3" step="1"/><G81/><REACH who="3" ten="227,302,230,231" step="2"/><T63/><D113/><U0/><E132/><V41/><F80/><W114/><G114/><T112/><D112/><U135/><E135/><V40/><F123/><W67/><G67/><T89/><D130/><U42/><E64/><V96/><F76/><W5/><G5/><T3/><D118/><U131/><E6/><V51/><F77/><W4/><G4/><T58/><D117/><U71/><E116/><V84/><F7/><W111/><G111/><T72/><D3/><U20/><E0/><V101/><F74/><W110/><G110/><T88/><D72/><U49/><E108/><V30/><F102/><W129/><G129/><T127/><D127/><U86/><E131/><V46/><F84/><W53/><G53/><T120/><D120/><U73/><E55/><V66/><F66/><W43/><G43/><T37/><D82/><U95/><E73/><V21/><F40/><W31/><G31/><N who="0" m="19823" /><D19/><U65/><E42/><V13/><F32/><W79/><G79/><T78/><D78/><U122/><E122/><V92/><F30/><W115/><G115/><T83/><D83/><U119/><E119/><V85/><F85/><W45/><G45/><T39/><D44/><U90/><E65/><V15/><F41/><W36/><G36/><N who="0" m="13899" /><D58/><U35/><E35/><V50/><F46/><W52/><G52/><T47/><D47/><U97/><E87/><V134/><F134/><RYUUKYOKU ba="0,1" sc="227,15,302,-15,230,-15,231,15" hai0="61,63,88,89,99,103,106" hai3="10,12,16,23,24,29,60,62,68,69,93,98,100" /><INIT seed="3,1,1,0,0,36" ten="242,287,215,246" oya="3" hai0="122,99,63,34,70,87,29,97,100,20,12,42,8" hai1="13,92,132,121,66,9,130,125,57,1,14,7,32" hai2="73,103,126,2,48,17,54,51,128,38,107,82,123" hai3="89,94,53,39,118,78,119,102,96,95,76,115,91"/><W33/><G33/><T59/><D122/><U134/><E121/><V18/><F38/><W108/><G39/><T55/><D70/><U72/><E125/><V58/><F123/><W37/><G37/><T116/><D34/><U74/><E32/><V114/><F2/><W47/><G47/><T15/><D116/><N who="3" m="44585" /><G53/><T28/><D42/><U86/><E130/><V52/><F126/><W124/><G115/><T109/><D87/><U45/><E45/><V105/><F114/><W135/><G124/><T10/><D109/><U31/><E31/><N who="0" m="11849" /><D100/><U24/><E24/><V5/><F128/><W27/><G27/><T81/><D81/><U11/><E57/><V71/><F71/><W112/><G112/><T84/><D84/><U56/><E56/><V46/><F5/><W41/><G41/><T43/><D43/><U101/><E66/><V23/><F103/><W44/><G44/><T93/><D93/><N who="3" m="35337" /><G108/><T6/><D20/><U21/><E21/><V25/><REACH who="2" step="1"/><F17/><AGARI ba="1,1" hai="6,8,10,12,15,17,55,59,63,97,99" m="11849" machi="17" ten="30,1000,0" yaku="8,1" doraHai="36" who="0" fromWho="2" sc="242,23,287,0,215,-13,246,0" /><INIT seed="4,0,0,0,4,39" ten="265,287,202,246" oya="0" hai0="82,78,33,67,128,127,40,37,91,125,57,18,51" hai1="130,24,124,35,90,42,85,120,112,134,129,79,81" hai2="135,77,100,80,89,132,101,36,71,21,59,102,29" hai3="15,5,34,75,65,26,2,121,8,133,12,69,52"/><T32/><D37/><U28/><E120/><V88/><F71/><W53/><G75/><T47/><D128/><N who="1" m="49259" /><E112/><V13/><F36/><W3/><G133/><N who="2" m="51273" /><F59/><W41/><G41/><T45/><D91/><N who="2" m="34890" /><F29/><W72/><G72/><T122/><D122/><U31/><E134/><V111/><F13/><W87/><G121/><T98/><D98/><U38/><E124/><N who="0" m="47689" /><D18/><U126/><E126/><V66/><F21/><W113/><G87/><N who="0" m="48599" /><D45/><N who="1" m="23767" /><E31/><V27/><F66/><W116/><G65/><T97/><D97/><U62/><E62/><AGARI ba="0,0" hai="32,33,40,47,51,57,62,67" m="48599,47689" machi="62" ten="30,2900,0" yaku="18,1,52,1" doraHai="39" who="0" fromWho="1" sc="265,29,287,-29,202,0,246,0" /><INIT seed="4,1,0,0,1,74" ten="294,258,202,246" oya="0" hai0="62,66,19,6,103,110,60,135,113,80,88,47,82" hai1="57,59,40,20,7,28,18,87,38,3,124,116,128" hai2="121,98,8,129,27,16,96,43,105,68,134,29,31" hai3="78,35,122,100,23,131,65,115,109,2,37,112,91"/><T83/><D113/><N who="3" m="43593" /><G35/><T127/><D135/><U4/><E116/><V76/><F121/><W9/><G37/><T22/><D127/><U84/><E124/><V73/><F134/><W55/><G91/><T133/><D133/><U49/><E38/><V45/><F68/><W36/><G36/><T26/><D110/><U61/><E28/><N who="2" m="10827" /><F73/><W44/><G23/><T39/><D103/><U119/><E128/><V0/><F0/><W46/><G65/><T118/><D118/><U79/><E3/><V89/><F105/><W126/><G100/><T95/><D6/><N who="1" m="2091" /><E119/><V52/><F129/><W106/><G131/><T92/><D92/><U42/><E87/><V104/><F104/><W58/><G106/><T64/><D47/><N who="1" m="25831" /><E42/><V130/><F130/><W93/><G93/><T17/><D17/><U94/><E94/><N who="2" m="56399" /><F43/><W48/><G109/><T33/><D33/><U97/><E97/><V56/><F98/><W85/><G126/><T1/><D1/><U15/><E61/><N who="0" m="23657" /><D39/><U51/><E51/><N who="2" m="30751" /><F45/><W34/><G34/><T117/><D117/><U5/><E5/><V72/><F72/><W114/><G122/><T111/><D111/><U14/><E14/><N who="2" m="7239" /><F27/><W24/><G24/><T123/><D123/><U12/><E12/><V108/><F108/><W125/><G125/><T67/><D80/><AGARI ba="1,0" hai="15,18,20,57,59,79,80,84" m="25831,2091" machi="80" ten="30,2000,0" yaku="8,1,52,1" doraHai="74" who="1" fromWho="0" sc="294,-23,258,23,202,0,246,0" /><INIT seed="5,0,0,3,0,16" ten="271,281,202,246" oya="1" hai0="110,94,17,0,72,99,98,28,89,100,82,69,93" hai1="84,134,108,60,38,54,106,101,27,37,51,36,130" hai2="31,121,62,83,25,12,23,79,103,129,102,19,49" hai3="33,124,53,55,86,64,14,87,59,118,132,47,131"/><U35/><E134/><V75/><F129/><W63/><G132/><T77/><D69/><U29/><E130/><V66/><F121/><W88/><G33/><T95/><D0/><U92/><E108/><V119/><F49/><N who="3" m="28863" /><G118/><T11/><D28/><U45/><E106/><V114/><F114/><W58/><G124/><T78/><D11/><U30/><E30/><V122/><F119/><W85/><G131/><T70/><D17/><U67/><E84/><V20/><REACH who="2" step="1"/><F122/><REACH who="2" ten="271,281,192,246" step="2"/><W117/><G117/><T116/><D116/><U52/><E38/><V26/><F26/><W46/><G46/><T1/><D110/><U97/><E54/><V39/><F39/><W13/><G88/><T61/><D89/><U71/><AGARI ba="0,1" hai="27,29,35,36,37,45,51,52,60,67,71,92,97,101" machi="71" ten="20,3900,0" yaku="0,1,7,1,54,1" doraHai="16" who="1" fromWho="1" sc="271,-13,281,49,192,-13,246,-13" owari="258,5.8,330,43.0,179,-32.1,233,-16.7" /></mjloggm>