<mjloggm ver="2.3"><GO type="225" lobby="0"/><UN n0="%E6%A1%9C%E8%8A%B1%E9%96%83%E3%80%85" n1="%EF%BC%AE%EF%BC%A1%EF%BC%AF%33%33%39" n2="%33%74%72%65%65" n3="%E5%91%A8%E6%9D%B1" dan="17,16,17,16" rate="2253.11,2238.39,2131.25,2176.17" sx="M,M,F,M"/><TAIKYOKU oya="0"/><INIT seed="0,0,0,3,0,118" ten="250,250,250,250" oya="0" hai0="32,52,96,58,31,114,23,72,20,123,44,35,18" hai1="110,39,15,3,93,88,86,82,46,11,73,77,21" hai2="0,113,103,10,28,87,26,65,112,62,56,4,37" hai3="7,95,84,117,80,109,124,89,60,45,8,99,71"/><T53/><D114/><U79/><E79/><V119/><F119/><W64/><G117/><T42/><D72/><U83/><E110/><V121/><F121/><W129/><G109/><T51/><D123/><U19/><E3/><V63/><F37/><W127/><G129/><T1/><D1/><U69/><E69/><V34/><F103/><W12/><REACH who="3" step="1"/><G45/><REACH who="3" ten="250,250,250,240" step="2"/><T100/><D42/><U41/><REACH who="1" step="1"/><E82/><REACH who="1" ten="250,240,250,240" step="2"/><V122/><F113/><W92/><G92/><N who="0" m="58375" /><D35/><U70/><E70/><V50/><F112/><W97/><G97/><T67/><D32/><U85/><E85/><V24/><F87/><W90/><AGARI ba="0,2" hai="7,8,12,60,64,71,80,84,89,90,95,99,124,127" machi="90" ten="30,4000,0" yaku="1,1,0,1,53,1" doraHai="118" doraHaiUra="78" who="3" fromWho="3" sc="250,-20,240,-10,250,-10,240,60" /><INIT seed="1,0,0,0,2,21" ten="230,230,240,300" oya="1" hai0="108,112,37,99,30,80,103,74,50,98,116,0,2" hai1="124,126,27,23,56,19,76,100,62,115,128,45,52" hai2="17,113,40,15,93,134,39,54,130,131,109,4,51" hai3="118,12,90,135,92,79,13,72,75,123,117,83,26"/><U44/><E115/><V105/><F105/><W102/><G123/><T97/><D112/><U43/><E100/><V86/><F113/><W96/><G75/><T6/><D37/><U53/><E128/><N who="2" m="49195" /><F109/><W11/><G135/><T14/><D116/><N who="3" m="44649" /><G26/><T63/><D63/><U77/><E53/><V61/><F134/><W106/><G11/><T132/><D50/><U55/><E55/><V5/><F61/><W73/><G73/><T129/><D98/><AGARI ba="0,0" hai="12,13,72,79,83,90,92,96,98,102,106" m="44649" machi="98" ten="30,1000,0" yaku="12,1" doraHai="21" who="3" fromWho="0" sc="230,-10,230,0,240,0,300,10" /><INIT seed="2,0,0,0,0,50" ten="220,230,240,310" oya="2" hai0="17,122,29,10,60,126,107,97,49,9,58,128,74" hai1="6,101,16,23,123,26,44,25,83,20,131,40,95" hai2="135,91,72,119,111,94,102,55,33,37,47,117,80" hai3="85,5,104,71,133,27,96,98,24,89,59,82,127"/><V69/><F135/><W106/><G71/><T114/><D122/><U66/><E123/><V87/><F111/><W99/><G133/><T81/><D114/><U21/><E66/><V93/><F69/><W90/><G127/><T76/><D126/><U3/><E3/><V54/><F33/><W92/><G5/><T84/><D128/><U105/><E105/><V22/><F94/><W61/><G106/><T77/><D29/><U53/><E6/><V112/><F112/><W35/><G35/><T65/><D76/><U19/><E83/><V45/><F22/><W118/><G118/><T43/><D74/><U34/><E34/><V115/><F115/><W13/><G13/><T103/><REACH who="0" step="1"/><D17/><REACH who="0" ten="210,230,240,310" step="2"/><U1/><E131/><V116/><F72/><W0/><G104/><T38/><D38/><U52/><E1/><V4/><F37/><W48/><G0/><T62/><D62/><U129/><E129/><V70/><F119/><W12/><G48/><T63/><D63/><U68/><E19/><V46/><F117/><W100/><G100/><T31/><D31/><U15/><E16/><V124/><F116/><W113/><G113/><T11/><D11/><U109/><E101/><V78/><F102/><W32/><G61/><T42/><D42/><U18/><E40/><V108/><F124/><W134/><G134/><T125/><D125/><U7/><E18/><V86/><F108/><W51/><G51/><T88/><D88/><U2/><E2/><V132/><F132/><W75/><G90/><T14/><D14/><U79/><E15/><V120/><F120/><W57/><G12/><RYUUKYOKU ba="0,1" sc="210,30,230,-10,240,-10,310,-10" hai0="9,10,43,49,58,60,65,77,81,84,97,103,107" /><INIT seed="3,1,1,0,1,115" ten="240,220,230,300" oya="3" hai0="66,25,31,127,71,124,59,14,57,99,109,53,106" hai1="9,54,28,3,113,98,101,68,131,102,90,116,65" hai2="75,13,110,80,74,45,36,117,70,50,62,51,82" hai3="16,96,26,118,83,103,0,89,60,19,63,29,123"/><W4/><G118/><T87/><D109/><U12/><E113/><V97/><F117/><W122/><G4/><T93/><D14/><U56/><E116/><V1/><F1/><W129/><G0/><T126/><D87/><U15/><E28/><V49/><F110/><W17/><G129/><T33/><D53/><U73/><E73/><V41/><F97/><W125/><G125/><T91/><REACH who="0" step="1"/><D106/><REACH who="0" ten="230,220,230,300" step="2"/><U79/><E131/><V78/><F13/><W86/><G122/><T85/><D85/><U61/><E3/><V81/><F75/><W44/><G123/><T119/><D119/><U40/><E15/><V121/><F121/><W24/><G24/><T27/><D27/><U32/><E40/><V35/><F74/><W42/><G26/><T94/><D94/><U112/><E112/><V30/><F41/><W107/><REACH who="3" step="1"/><G29/><REACH who="3" ten="230,220,230,290" step="2"/><T72/><D72/><U134/><E32/><V11/><F30/><W6/><G6/><T20/><D20/><U135/><E135/><V5/><F5/><W23/><G23/><T52/><D52/><U22/><E22/><V104/><F35/><W111/><G111/><T2/><D2/><U69/><E134/><V46/><F11/><W76/><G76/><T132/><D132/><U39/><E79/><V92/><F78/><W58/><G58/><T105/><D105/><U43/><E43/><N who="2" m="22759" /><F104/><W55/><G55/><T128/><D128/><U77/><E77/><V18/><F18/><W67/><G67/><T8/><D8/><U38/><E65/><N who="2" m="41271" /><F46/><W133/><G133/><T64/><D64/><U84/><E54/><V130/><F130/><RYUUKYOKU ba="1,3" sc="230,10,220,-30,230,10,290,10" hai0="25,31,33,57,59,66,71,91,93,99,124,126,127" hai2="49,50,51,80,81,82,92" hai3="16,17,19,42,44,60,63,83,86,89,96,103,107" owari="240,4.0,190,-31.0,240,-16.0,330,43.0" /></mjloggm>