<mjloggm ver="2.3"><GO type="225" lobby="0"/><UN n0="%E3%81%AF%E3%82%88%E3%81%8A%E3%81%98%E3%81%95%E3%82%93" n1="%E3%83%96%E3%83%83%E3%83%91%E3%82%AA%E3%83%96%E3%83%81%E3%82%AD%E3%83%B3" n2="%E3%83%A9%E3%82%A4%E3%83%B3%E3%81%AE%E8%99%8E" n3="%E7%9A%AE%E3%80%85" dan="17,16,16,16" rate="2141.58,2133.66,2180.87,2145.35" sx="M,M,M,F"/><TAIKYOKU oya="0"/><INIT seed="0,0,0,3,2,85" ten="250,250,250,250" oya="0" hai0="11,83,90,20,72,65,103,120,89,17,10,39,69" hai1="108,8,67,30,71,64,55,86,40,62,121,59,3" hai2="16,68,1,60,126,82,100,128,35,92,42,111,132" hai3="114,61,115,47,88,133,23,135,5,32,48,38,6"/><T80/><D120/><U79/><E121/><V70/><F35/><W43/><G61/><T117/><D117/><U77/><E108/><V119/><F1/><W36/><G32/><T44/><D69/><U113/><E113/><V134/><F111/><W2/><G23/><T122/><D122/><U41/><E30/><V123/><F123/><W51/><G51/><T7/><D65/><N who="1" m="25163" /><E3/><V54/><F119/><W49/><G2/><N who="0" m="375" /><D103/><U109/><E109/><V102/><F42/><N who="1" m="16489" /><E71/><V94/><F68/><W21/><G43/><N who="0" m="22655" /><D80/><U0/><E0/><V78/><F82/><W131/><G21/><T31/><D11/><U112/><E112/><V96/><F70/><W4/><G4/><T127/><D127/><U34/><E34/><V58/><F126/><W33/><G33/><T37/><D31/><U57/><E8/><V12/><F78/><W95/><G47/><T106/><D106/><U75/><E79/><V76/><F76/><W110/><G110/><T24/><D37/><U56/><E86/><V50/><F50/><W91/><G95/><T52/><D52/><U9/><E9/><V29/><F29/><W101/><G101/><T45/><D45/><U84/><E84/><V19/><F94/><W130/><AGARI ba="0,0" hai="5,6,36,38,48,49,88,91,114,115,130,131,133,135" machi="130" ten="25,12000,2" yaku="0,1,22,2,52,2,54,1" doraHai="85" who="3" fromWho="3" sc="250,-60,250,-30,250,-30,250,120" /><INIT seed="1,0,0,3,3,51" ten="190,220,220,370" oya="1" hai0="114,59,63,8,31,106,19,67,132,16,103,119,92" hai1="90,118,9,45,26,99,11,7,91,68,38,71,81" hai2="112,124,50,129,5,115,79,39,102,93,125,121,3" hai3="75,89,78,69,2,58,107,98,49,94,35,29,10"/><U44/><E118/><V104/><F39/><W88/><G69/><T20/><D114/><N who="2" m="43562" /><F5/><W48/><G107/><T70/><D119/><U1/><E26/><V100/><F3/><W36/><G36/><T21/><D132/><U41/><E45/><V97/><F50/><W80/><G89/><T56/><D106/><U87/><E99/><N who="2" m="61535" /><F121/><W86/><G75/><T62/><D70/><U120/><E120/><V6/><F6/><W128/><G128/><T47/><D47/><U12/><REACH who="1" step="1"/><E90/><REACH who="1" ten="190,210,220,370" step="2"/><V43/><F43/><W74/><G98/><T101/><D31/><U55/><E55/><V18/><F129/><W23/><G29/><T33/><D33/><U135/><E135/><V66/><F66/><W60/><G88/><T116/><D116/><U77/><E77/><V61/><F79/><W4/><G78/><T15/><D101/><U27/><E27/><V37/><F37/><W123/><G35/><T127/><D103/><U14/><E14/><V34/><F34/><W133/><G133/><T76/><D76/><U30/><E30/><V117/><F117/><W17/><G123/><T57/><D67/><U96/><E96/><V13/><F61/><W85/><G2/><T64/><D62/><U53/><E53/><V0/><F0/><W130/><G130/><T46/><D63/><U22/><E22/><AGARI ba="0,1" hai="13,18,22,93,97,100,124,125" m="61535,43562" machi="22" ten="30,1000,0" yaku="11,1" doraHai="51" who="2" fromWho="1" sc="190,0,210,-10,220,20,370,0" /><INIT seed="2,0,0,5,2,20" ten="190,200,240,370" oya="2" hai0="101,19,58,63,119,34,55,80,114,133,89,18,78" hai1="56,130,105,33,32,7,40,28,59,98,53,87,6" hai2="46,14,108,90,45,106,44,76,67,25,86,60,26" hai3="1,65,115,120,21,50,73,48,96,104,15,107,49"/><V24/><F106/><W35/><G120/><T95/><D114/><U31/><E40/><V12/><F76/><W64/><G73/><T22/><D34/><U103/><E130/><V126/><F126/><W0/><G35/><T51/><D133/><U123/><E123/><V135/><F108/><W54/><G54/><T113/><D113/><U127/><E127/><V100/><F100/><W85/><G85/><N who="0" m="48279" /><D119/><U83/><E33/><V68/><REACH who="2" step="1"/><F135/><REACH who="2" ten="190,200,230,370" step="2"/><W82/><G104/><T70/><D101/><U3/><E103/><V4/><F4/><W131/><G107/><T110/><D110/><U74/><E7/><V75/><F75/><W122/><G115/><T134/><D134/><U9/><E6/><V52/><F52/><W99/><G122/><T69/><D69/><U66/><E53/><V117/><F117/><W41/><G131/><T129/><D129/><U125/><E74/><V72/><F72/><W121/><G121/><T43/><D70/><U30/><E105/><V102/><F102/><W39/><G64/><T128/><D128/><U112/><E125/><V132/><F132/><W111/><G65/><T2/><D2/><U77/><E66/><V124/><F124/><W5/><G111/><T36/><D36/><U27/><E112/><V88/><F88/><W57/><G5/><T16/><D43/><U47/><E3/><V84/><F84/><W81/><G0/><T94/><D51/><U93/><E87/><V116/><F116/><W97/><G1/><T11/><D11/><U13/><E9/><V61/><F61/><W8/><G8/><T23/><D89/><RYUUKYOKU ba="0,1" sc="190,15,200,-15,230,15,370,-15" hai0="16,18,19,22,23,55,58,63,94,95" hai2="12,14,24,25,26,44,45,46,60,67,68,86,90" /><INIT seed="2,1,1,5,3,92" ten="205,185,245,355" oya="2" hai0="58,11,22,32,108,102,13,104,79,85,50,26,0" hai1="19,125,128,69,23,67,39,70,54,134,120,112,124" hai2="6,5,46,110,17,61,53,42,123,45,121,21,94" hai3="101,34,82,65,9,111,98,20,55,72,28,27,44"/><V95/><F121/><W60/><G111/><T71/><D71/><U132/><E39/><V36/><F123/><W100/><G9/><T64/><D108/><U8/><E120/><V135/><F110/><W81/><G72/><T115/><D115/><U86/><E112/><V66/><F135/><N who="1" m="51753" /><E8/><V113/><F113/><W2/><G101/><T15/><D32/><U43/><E43/><V77/><F77/><W76/><G76/><T88/><D79/><U24/><E86/><V133/><F133/><W129/><G2/><T89/><D0/><U4/><E4/><V90/><F94/><N who="3" m="58455" /><G34/><T83/><D89/><U12/><E128/><V68/><F53/><W91/><G91/><T127/><D11/><N who="1" m="6559" /><E54/><V87/><REACH who="2" step="1"/><F46/><REACH who="2" ten="205,185,235,355" step="2"/><W75/><G55/><T29/><D104/><U106/><E106/><V130/><F130/><W62/><G44/><T59/><D83/><U37/><E67/><V84/><F84/><W31/><G129/><T14/><D85/><U25/><E37/><V38/><F38/><W47/><G47/><T118/><D64/><U35/><E125/><V49/><F49/><W74/><G82/><T7/><D127/><U18/><E124/><V126/><F126/><W131/><G81/><T122/><D50/><U97/><E97/><V56/><F56/><N who="3" m="36999" /><G131/><T57/><D122/><U63/><E63/><V30/><F30/><AGARI ba="1,2" hai="18,23,24,25,30,35,69,70" m="6559,51753" machi="30" ten="30,1000,0" yaku="20,1" doraHai="92" who="1" fromWho="2" sc="205,0,185,33,235,-13,355,0" /><INIT seed="3,0,0,3,1,35" ten="205,218,222,355" oya="3" hai0="21,40,10,133,117,78,108,4,105,96,17,18,44" hai1="66,28,48,63,77,126,85,68,53,29,62,76,13" hai2="31,74,111,15,90,2,26,16,56,46,115,124,92" hai3="45,109,51,39,94,89,33,64,118,132,22,52,43"/><W129/><G118/><T101/><D117/><U106/><E106/><V73/><F115/><W49/><G33/><T12/><D108/><U59/><E126/><V81/><F2/><W67/><G109/><T130/><D130/><U93/><E13/><V30/><F111/><W11/><G129/><T125/><D125/><U120/><E120/><V112/><F112/><W8/><G22/><T61/><D133/><U123/><E123/><V27/><F124/><W95/><G39/><T91/><D78/><N who="1" m="30315" /><E68/><V83/><F73/><W58/><G95/><T57/><D91/><N who="1" m="53487" /><E66/><N who="3" m="25130" /><G132/><T54/><REACH who="0" step="1"/><D21/><REACH who="0" ten="195,218,222,355" step="2"/><U50/><E63/><V110/><F110/><W135/><G135/><T98/><D98/><AGARI ba="0,1" hai="8,11,43,45,49,51,52,58,89,94,98" m="25130" machi="98" ten="30,2900,0" yaku="8,1,54,1" doraHai="35" who="3" fromWho="0" sc="195,-29,218,0,222,0,355,39" owari="166,-33.4,218,-18.2,222,2.2,394,49.4" /></mjloggm>