<mjloggm ver="2.3"><GO type="225" lobby="0"/><UN n0="%E3%82%86%E3%81%86%E3%82%8C%E3%81%84%E3%81%84%E3%81%8B" n1="%E6%97%A5%E6%9B%9C%E6%97%A5%E3%82%88%E3%82%8A%E3%81%AE%E4%BD%BF%E8%80%85" n2="%E3%81%95%E3%81%8D%E3%81%9F%E3%81%BE%E6%9E%97%E6%AA%8E" n3="%E3%82%BC%E3%83%AB%E3%83%80%E3%81%AE%E4%BC%9D%E8%AA%AC" dan="18,17,16,17" rate="2259.49,2226.39,2133.49,2139.94" sx="M,M,M,M"/><TAIKYOKU oya="0"/><INIT seed="0,0,0,0,5,4" ten="250,250,250,250" oya="0" hai0="48,123,86,20,36,6,28,19,113,130,114,107,13" hai1="77,9,96,41,31,111,103,54,2,49,32,39,11" hai2="97,68,94,93,21,0,112,59,91,22,117,121,82" hai3="52,67,64,131,5,69,57,66,119,76,116,78,83"/><T30/><D36/><U80/><E2/><V7/><F121/><W99/><G69/><T8/><D107/><U115/><E111/><V12/><F112/><N who="0" m="43114" /><D48/><U62/><E115/><V95/><F0/><W79/><G131/><T1/><D86/><U110/><E110/><V14/><F68/><W55/><G5/><T47/><D47/><U106/><E62/><V88/><F117/><W56/><G83/><T85/><D85/><U40/><E39/><V25/><F82/><W17/><G17/><T65/><D65/><U122/><E122/><V42/><F42/><W90/><G90/><N who="2" m="34345" /><F97/><W27/><G27/><N who="0" m="14751" /><D123/><U118/><E118/><N who="3" m="45098" /><G99/><T124/><D124/><U18/><E41/><V126/><F126/><W129/><G129/><T50/><D50/><U26/><E40/><V38/><F38/><W3/><G3/><T33/><D130/><U100/><E100/><V73/><F73/><W44/><G44/><T101/><D101/><U132/><E106/><V58/><F7/><W72/><G72/><T34/><D1/><U128/><E103/><V84/><F84/><W87/><G87/><T23/><D23/><N who="2" m="8714" /><F25/><W105/><G105/><T29/><AGARI ba="0,0" hai="6,8,13,28,29,30,33,34" m="14751,43114" machi="29" ten="30,6000,0" yaku="34,2,52,1" doraHai="4" who="0" fromWho="0" sc="250,60,250,-20,250,-20,250,-20" /><INIT seed="0,1,0,3,2,75" ten="310,230,230,230" oya="0" hai0="110,79,58,89,7,126,33,84,28,15,11,86,21" hai1="59,4,102,108,95,69,106,115,29,9,82,77,63" hai2="93,12,44,6,23,113,130,68,13,97,124,99,135" hai3="109,92,50,72,61,40,26,18,46,56,25,41,129"/><T71/><D71/><U48/><E108/><V90/><F68/><W8/><G109/><T39/><D39/><U78/><E115/><V123/><F123/><W120/><G72/><T24/><D110/><U94/><E106/><V16/><F113/><W70/><G70/><T47/><D126/><U122/><E122/><V66/><F124/><W0/><G129/><T27/><D58/><U81/><E69/><V83/><F130/><W65/><G120/><T2/><D47/><U38/><E38/><V80/><F66/><W117/><G117/><T55/><D55/><U91/><E102/><V100/><F135/><W131/><G131/><T116/><D116/><U111/><E29/><V5/><F44/><W87/><G41/><T132/><D132/><U76/><E48/><V17/><F99/><W14/><REACH who="3" step="1"/><G0/><REACH who="3" ten="310,230,230,220" step="2"/><T34/><D2/><U114/><E111/><V43/><F43/><W103/><G103/><T101/><D101/><U30/><E114/><V62/><F100/><W57/><G57/><T45/><D45/><U119/><E119/><V74/><F74/><W67/><G67/><T22/><D34/><U112/><E112/><V19/><F62/><W85/><G85/><T49/><D33/><U31/><E59/><V52/><F52/><W53/><G53/><T10/><D86/><N who="1" m="52599" /><E63/><V51/><F51/><W42/><G42/><T3/><D49/><U125/><E125/><V133/><F133/><W73/><G73/><T128/><D128/><U118/><E118/><V104/><F97/><W20/><G20/><T121/><D121/><U88/><E9/><V127/><F127/><RYUUKYOKU ba="1,1" sc="310,-10,230,-10,230,-10,220,30" hai3="8,14,18,25,26,40,46,50,56,61,65,87,92" /><INIT seed="1,2,1,2,1,118" ten="300,220,220,250" oya="1" hai0="42,122,28,83,61,65,5,89,124,14,44,22,99" hai1="21,71,49,117,114,53,13,131,107,41,98,43,66" hai2="80,133,121,30,116,113,106,23,101,93,52,54,19" hai3="3,88,12,59,27,0,95,135,97,17,100,20,25"/><U126/><E117/><V34/><F116/><W134/><G59/><N who="0" m="37055" /><D124/><U115/><E98/><N who="2" m="59599" /><F121/><W39/><G39/><T36/><D36/><U68/><E107/><V57/><F106/><W7/><G100/><T15/><D122/><U50/><E21/><V112/><F34/><W26/><REACH who="3" step="1"/><G7/><REACH who="3" ten="300,220,220,240" step="2"/><T8/><D5/><U56/><E126/><V108/><F108/><W123/><G123/><T85/><D44/><U46/><E131/><V78/><F57/><W72/><G72/><T31/><D8/><U84/><E115/><V74/><F113/><W2/><AGARI ba="2,2" hai="0,2,3,12,17,20,25,26,27,88,95,97,134,135" machi="2" ten="40,5200,0" yaku="1,1,0,1,54,1,53,0" doraHai="118" doraHaiUra="75" who="3" fromWho="3" sc="300,-15,220,-28,220,-15,240,78" /><INIT seed="2,0,0,3,3,42" ten="285,192,205,318" oya="2" hai0="27,23,130,31,45,129,107,84,102,60,79,39,82" hai1="3,90,106,67,134,6,16,10,88,35,112,21,115" hai2="108,75,95,113,78,47,100,122,131,0,17,36,19" hai3="87,103,118,65,127,34,14,50,4,96,12,46,83"/><V13/><F113/><W9/><G34/><T124/><D124/><U76/><E106/><V99/><F122/><W22/><G127/><T109/><D109/><U71/><E134/><V2/><F131/><N who="0" m="50186" /><D60/><U104/><E104/><V89/><F108/><W32/><G32/><T68/><D68/><U85/><E35/><V114/><F114/><W120/><G120/><T80/><D80/><U20/><E76/><V25/><F100/><W41/><G118/><T61/><D61/><U132/><E132/><V93/><F93/><N who="3" m="58767" /><G65/><T92/><D107/><U101/><E101/><V72/><F2/><W8/><G22/><T128/><N who="0" m="50194" /><T94/><DORA hai="110" /><D102/><U63/><E21/><V51/><F0/><W18/><G87/><T116/><D116/><U121/><E121/><V48/><F36/><W43/><G83/><T29/><D29/><U15/><REACH who="1" step="1"/><E90/><REACH who="1" ten="285,182,205,318" step="2"/><N who="2" m="55799" /><F78/><W30/><G30/><T133/><D133/><U70/><E70/><V123/><F123/><W125/><G125/><T119/><D119/><U105/><E105/><V49/><F89/><W26/><G26/><T1/><D27/><U5/><E5/><V44/><F75/><W73/><G73/><T58/><D79/><U54/><E54/><AGARI ba="0,1" hai="4,8,9,12,14,18,41,43,46,50,54" m="58767" machi="54" ten="30,2000,0" yaku="8,1,52,1" doraHai="42,110" who="3" fromWho="1" sc="285,0,182,-20,205,0,318,30" /><INIT seed="3,0,0,2,0,85" ten="285,162,205,348" oya="3" hai0="24,125,106,87,12,31,36,71,62,59,48,17,14" hai1="42,4,93,21,123,46,41,110,96,75,5,114,7" hai2="11,20,77,100,78,2,105,54,57,88,33,94,104" hai3="49,128,127,56,130,28,133,122,135,118,107,124,120"/><W16/><G107/><T112/><D106/><U1/><E114/><V61/><F33/><W99/><G28/><T72/><D72/><U35/><E35/><V52/><F105/><W101/><G16/><T3/><D36/><U65/><E123/><N who="3" m="47146" /><G118/><T132/><D125/><N who="3" m="48201" /><G99/><T111/><D3/><U68/><E75/><V34/><F34/><W37/><G37/><T45/><D17/><U116/><E116/><V92/><F104/><W113/><G101/><T98/><D31/><U95/><E110/><V63/><F100/><W9/><G9/><T0/><D111/><U82/><E1/><V29/><F2/><W115/><G49/><T126/><D48/><U18/><E82/><V134/><F11/><W90/><G90/><T26/><D126/><U15/><E95/><V50/><F94/><W43/><G56/><T108/><D62/><U131/><E131/><N who="3" m="50218" /><G43/><T47/><D98/><U76/><E76/><V84/><F50/><W27/><G27/><T6/><D24/><U19/><E19/><V55/><F57/><W13/><G13/><T58/><D14/><U64/><E68/><V89/><F63/><W91/><G91/><N who="2" m="34889" /><F61/><W25/><G113/><T86/><D112/><U60/><E60/><V73/><F92/><W79/><G115/><T53/><D59/><U8/><E8/><V67/><F84/><W40/><G135/><T81/><D87/><U119/><E119/><V23/><F134/><W102/><G102/><T103/><D132/><U109/><E109/><V121/><F121/><W66/><G133/><T83/><D108/><U32/><E32/><V70/><F78/><RYUUKYOKU ba="0,0" sc="285,0,162,0,205,0,348,0" owari="285,8.5,162,-33.8,205,-19.5,348,44.8" /></mjloggm>