<mjloggm ver="2.3"><GO type="225" lobby="0"/><UN n0="%E3%83%96%E3%83%83%E3%83%91%E3%82%AA%E3%83%96%E3%83%81%E3%82%AD%E3%83%B3" n1="%E3%81%AF%E3%82%88%E3%81%8A%E3%81%98%E3%81%95%E3%82%93" n2="%E3%81%99%E3%81%84%E3%81%BE%E3%81%9B%E3%83%BC%E3%82%93" n3="%E6%98%93%E5%88%A9%E8%96%A9%E4%BC%AF" dan="16,16,18,17" rate="2228.40,2188.65,2204.96,2162.82" sx="M,M,M,F"/><TAIKYOKU oya="0"/><INIT seed="0,0,0,4,3,57" ten="250,250,250,250" oya="0" hai0="100,42,6,25,11,117,87,107,94,98,47,97,59" hai1="119,50,46,112,43,102,5,62,99,69,20,84,77" hai2="95,106,71,92,70,75,15,115,32,52,28,76,113" hai3="73,130,54,48,66,39,105,135,8,86,120,19,41"/><T22/><D117/><U26/><E119/><V65/><F106/><W78/><G105/><T13/><D87/><U38/><E112/><V121/><F121/><W124/><G120/><T90/><D59/><U79/><E5/><V61/><F71/><W74/><G130/><T33/><D33/><U40/><E40/><V85/><F75/><W9/><G135/><T108/><D108/><U18/><E38/><V63/><F15/><W51/><G39/><T4/><D13/><U83/><E69/><V23/><F32/><W67/><G124/><T91/><D11/><U49/><E50/><V53/><F92/><W109/><G109/><T31/><REACH who="0" step="1"/><D91/><REACH who="0" ten="240,250,250,250" step="2"/><U126/><E126/><V35/><F35/><W131/><G86/><T133/><D133/><U89/><REACH who="1" step="1"/><E62/><REACH who="1" ten="240,240,250,250" step="2"/><V60/><F70/><W21/><G131/><T45/><D45/><U96/><E96/><V111/><F111/><W34/><G34/><T110/><D110/><U125/><E125/><V3/><F63/><W103/><G73/><T10/><D10/><U12/><E12/><V127/><F127/><W114/><G8/><T128/><D128/><U2/><E2/><V16/><F3/><W129/><G9/><T55/><D55/><U118/><E118/><V58/><F53/><W24/><G54/><T14/><D14/><U7/><E7/><V37/><F52/><W82/><G129/><T44/><D44/><U17/><E17/><V81/><F16/><W93/><G19/><T122/><D122/><U101/><E101/><V64/><F61/><W104/><G103/><T68/><D68/><U30/><E30/><RYUUKYOKU ba="0,2" sc="240,15,240,15,250,-15,250,-15" hai0="4,6,22,25,31,42,47,90,94,97,98,100,107" hai1="18,20,26,43,46,49,77,79,83,84,89,99,102" /><INIT seed="0,1,2,1,0,34" ten="255,255,235,235" oya="0" hai0="42,27,89,69,76,86,52,132,60,17,125,47,82" hai1="25,135,62,106,92,43,123,51,115,45,3,65,111" hai2="81,2,54,108,90,4,30,120,29,13,98,100,83" hai3="110,9,1,14,116,20,97,74,70,88,63,128,91"/><T72/><D132/><U53/><E106/><V103/><F120/><W118/><G74/><T12/><D125/><U93/><E123/><V59/><F108/><W84/><G110/><T130/><D130/><U23/><E111/><V102/><F2/><W26/><G128/><T94/><D27/><U46/><E3/><V36/><F36/><W80/><G1/><T73/><D69/><U105/><E105/><V61/><F98/><W68/><G97/><T28/><D28/><N who="2" m="10858" /><F90/><W19/><G91/><T35/><D35/><U119/><E119/><V122/><F122/><W44/><G44/><T134/><D134/><U71/><E115/><V124/><F124/><W56/><G118/><T126/><D126/><U31/><REACH who="1" step="1"/><E135/><REACH who="1" ten="255,245,235,235" step="2"/><V113/><F113/><W114/><G116/><T11/><D60/><U87/><E87/><V77/><F77/><W49/><G114/><T50/><REACH who="0" step="1"/><D42/><REACH who="0" ten="245,245,235,235" step="2"/><U95/><E95/><V18/><F4/><W33/><G33/><T112/><D112/><U39/><AGARI ba="1,4" hai="23,25,31,39,43,45,46,51,53,62,65,71,92,93" machi="39" ten="20,2700,0" yaku="1,1,0,1,7,1,53,0" doraHai="34" doraHaiUra="99" who="1" fromWho="1" sc="245,-14,245,70,235,-8,235,-8" /><INIT seed="1,0,0,2,3,34" ten="231,315,227,227" oya="1" hai0="14,123,49,29,126,65,46,66,131,97,71,80,44" hai1="127,20,30,47,67,4,45,0,54,132,96,38,118" hai2="13,99,31,100,110,40,24,85,108,83,117,19,23" hai3="121,52,16,109,41,55,82,89,115,119,7,120,87"/><U51/><E118/><V84/><F117/><W12/><G115/><T43/><D126/><U77/><E127/><V9/><F40/><W59/><G119/><T11/><D131/><U36/><E132/><V61/><F61/><W18/><G109/><N who="2" m="42089" /><F83/><W68/><G68/><T64/><D123/><U134/><E134/><V106/><AGARI ba="0,0" hai="9,13,19,23,24,31,84,85,99,100,106" m="42089" machi="106" ten="30,1100,0" yaku="14,1" doraHai="34" who="2" fromWho="2" sc="231,-3,315,-5,227,11,227,-3" /><INIT seed="2,0,0,3,0,8" ten="228,310,238,224" oya="2" hai0="80,106,29,44,70,67,55,68,114,125,127,124,36" hai1="13,10,3,72,57,128,71,96,24,39,91,59,107" hai2="92,27,62,21,104,89,131,47,51,7,113,48,1" hai3="40,66,15,6,77,110,79,115,12,97,88,132,32"/><V85/><F113/><W120/><G120/><T23/><D106/><U19/><E71/><N who="0" m="27177" /><D114/><U105/><E39/><V83/><F131/><W75/><G115/><T78/><D67/><U28/><E72/><V98/><F104/><W20/><G32/><T31/><D23/><U0/><E105/><V73/><F73/><W102/><G110/><T134/><D134/><U93/><E128/><V87/><F62/><W46/><G102/><T94/><D94/><U35/><E107/><V119/><F119/><W26/><G75/><N who="0" m="43103" /><D55/><U108/><E108/><V25/><F25/><W54/><G66/><T133/><D133/><U116/><E116/><V45/><F87/><W65/><G65/><T101/><D101/><U43/><E43/><AGARI ba="0,0" hai="29,31,36,43,44,124,125,127" m="43103,27177" machi="43" ten="40,1300,0" yaku="18,1" doraHai="8" who="0" fromWho="1" sc="228,13,310,-13,238,0,224,0" /><INIT seed="3,0,0,1,3,106" ten="241,297,238,224" oya="3" hai0="58,37,66,78,19,18,48,5,54,22,13,79,86" hai1="3,41,49,83,113,112,1,75,96,129,108,91,133" hai2="11,110,33,123,59,10,80,135,51,57,132,124,127" hai3="63,98,4,15,31,52,70,119,111,101,12,8,107"/><W55/><G119/><T17/><D37/><U42/><E96/><V69/><F33/><W122/><G122/><T117/><D117/><U9/><E91/><V128/><F69/><W72/><G111/><T74/><D74/><U131/><E133/><N who="2" m="51275" /><F110/><W121/><G121/><T103/><D103/><U100/><E100/><V120/><F128/><N who="1" m="49225" /><E108/><V93/><F93/><W7/><G31/><T85/><D66/><U65/><E65/><V126/><F80/><W90/><G72/><T2/><D2/><N who="1" m="523" /><E9/><N who="2" m="3083" /><F51/><W14/><G7/><T71/><D5/><U130/><E130/><V30/><F30/><W73/><G73/><T81/><D71/><U104/><E104/><V77/><F77/><W24/><G70/><T89/><REACH who="0" step="1"/><D78/><REACH who="0" ten="231,297,238,224" step="2"/><U44/><E75/><V32/><F123/><W99/><G101/><T43/><D43/><U26/><E41/><V118/><F120/><W39/><G39/><T29/><D29/><U25/><E112/><V6/><F118/><W64/><G64/><T20/><D20/><U94/><E42/><V61/><F6/><W67/><G67/><T28/><D28/><U92/><E113/><V23/><F23/><W114/><G114/><T56/><D56/><N who="2" m="21578" /><F32/><W35/><G35/><T125/><D125/><U27/><E44/><V53/><F127/><W68/><G68/><T116/><D116/><U60/><E60/><V46/><F61/><W102/><G63/><T16/><D16/><U95/><E49/><N who="2" m="28855" /><F126/><W36/><G36/><T87/><D87/><U45/><E45/><V38/><F124/><W115/><G115/><T0/><D0/><U134/><E134/><RYUUKYOKU ba="0,1" sc="231,10,297,10,238,10,224,-30" hai0="13,17,18,19,22,48,54,58,79,81,85,86,89" hai1="25,26,27,83,92,94,95" hai2="38" owari="241,-15.9,317,41.7,248,4.8,194,-30.6" /></mjloggm>