<mjloggm ver="2.3"><GO type="225" lobby="0"/><UN n0="%E6%97%A5%E6%9B%9C%E6%97%A5%E3%82%88%E3%82%8A%E3%81%AE%E4%BD%BF%E8%80%85" n1="%E5%91%A8%E6%9D%B1" n2="%E3%81%A4%E3%81%A3%E3%81%B1%E3%82%8A%E3%83%9D%E3%83%BC%E3%83%AB" n3="%E3%81%A0%E3%81%8A" dan="16,17,17,17" rate="2158.93,2147.57,2155.64,2074.16" sx="M,M,M,M"/><TAIKYOKU oya="0"/><INIT seed="0,0,0,1,0,89" ten="250,250,250,250" oya="0" hai0="101,44,90,123,70,112,46,124,99,105,38,75,130" hai1="127,94,118,31,49,133,119,40,23,109,117,19,114" hai2="29,61,3,103,57,22,50,106,10,126,92,125,96" hai3="56,86,58,51,9,82,74,66,87,20,5,54,122"/><T1/><RYUUKYOKU type="yao9" ba="0,0" sc="250,0,250,0,250,0,250,0" hai0="1,38,44,46,70,75,90,99,101,105,112,123,124,130" /><INIT seed="0,1,0,4,4,63" ten="250,250,250,250" oya="0" hai0="121,103,135,105,6,31,7,115,132,25,19,65,110" hai1="13,123,84,86,69,21,33,128,94,41,43,87,73" hai2="40,116,38,66,62,51,89,133,83,124,60,59,9" hai3="61,39,93,4,120,12,42,11,130,113,56,22,18"/><T127/><D115/><U114/><E33/><V37/><F133/><N who="0" m="51274" /><D121/><U104/><E104/><V24/><F124/><W30/><G113/><T108/><D65/><U46/><E73/><V122/><F122/><W78/><G78/><T48/><D48/><N who="1" m="26703" /><E69/><V53/><F116/><W98/><G130/><T131/><D127/><U118/><E123/><V119/><F119/><W117/><G30/><T47/><D47/><U81/><E118/><V88/><F38/><W106/><G106/><T34/><D131/><U79/><E128/><V70/><F62/><W10/><G61/><T68/><D68/><U23/><E114/><V102/><F102/><W1/><G39/><T58/><D58/><U52/><E43/><V28/><F9/><W54/><G42/><T55/><D55/><U72/><E72/><V26/><F83/><W20/><G117/><T8/><D103/><U67/><E94/><V85/><F85/><N who="1" m="32873" /><E67/><V16/><F37/><W27/><G120/><T100/><D100/><U0/><E0/><V5/><F40/><W32/><G1/><T29/><D105/><U126/><E126/><V97/><F70/><W99/><G56/><T90/><D90/><U101/><E101/><V134/><F59/><W80/><G54/><T109/><D31/><U74/><E74/><V17/><F53/><W45/><G45/><T107/><D107/><U91/><E91/><V44/><F134/><W129/><G129/><T57/><D57/><U75/><E75/><V15/><F44/><W14/><G93/><T82/><D82/><U92/><E52/><V76/><F66/><W64/><G64/><RYUUKYOKU ba="1,0" sc="250,30,250,-10,250,-10,250,-10" hai0="6,7,8,19,25,29,34,108,109,110" /><INIT seed="0,2,0,4,0,124" ten="280,240,240,240" oya="0" hai0="133,59,58,94,93,15,129,2,6,34,102,77,10" hai1="60,53,62,47,105,128,91,132,113,3,45,103,85" hai2="43,97,80,46,14,11,108,20,96,9,35,123,21" hai3="52,40,51,131,135,112,32,119,16,115,64,8,65"/><T37/><D37/><U55/><E3/><V25/><F123/><W22/><G119/><T48/><D34/><U29/><E29/><V90/><F108/><W73/><G32/><T110/><D133/><U26/><E26/><V120/><F35/><W87/><G73/><T72/><D72/><U63/><E103/><V42/><F120/><W78/><G135/><T134/><D134/><U109/><E105/><V84/><F21/><W81/><G40/><N who="2" m="15401" /><F46/><N who="1" m="17417" /><E132/><V69/><F69/><W71/><G8/><N who="2" m="3145" /><F14/><W116/><G71/><T117/><D117/><U89/><E109/><V17/><AGARI ba="2,0" hai="17,20,25,80,84,90,96,97" m="3145,15401" machi="17" ten="30,1100,0" yaku="8,1" doraHai="124" who="2" fromWho="2" sc="280,-7,240,-5,240,17,240,-5" /><INIT seed="1,0,0,4,2,134" ten="273,235,257,235" oya="1" hai0="30,9,117,75,58,45,0,67,34,123,100,99,59" hai1="38,66,108,96,94,72,118,48,14,1,50,95,37" hai2="104,102,79,132,6,73,64,124,98,53,63,24,126" hai3="119,83,86,19,26,49,125,27,70,90,5,106,20"/><U81/><E1/><V57/><F132/><W87/><G106/><T120/><D75/><U135/><E135/><V69/><F6/><W77/><G70/><T129/><D117/><U74/><E118/><V7/><F7/><W36/><G119/><T32/><D45/><U29/><E29/><V60/><REACH who="2" step="1"/><F24/><REACH who="2" ten="273,235,247,235" step="2"/><W133/><G27/><T91/><D123/><U42/><E108/><V127/><F127/><W109/><G125/><T8/><D120/><U23/><E14/><V4/><F4/><W62/><G5/><T82/><D0/><U97/><E72/><V52/><F52/><W103/><G26/><T31/><D129/><U44/><E74/><V12/><F12/><W101/><G109/><T39/><D34/><U105/><E66/><V10/><F10/><W68/><G133/><T65/><D32/><U15/><E15/><V2/><F2/><W84/><G103/><T76/><D8/><U22/><E42/><V55/><F55/><W17/><G101/><T85/><D9/><U114/><E114/><V47/><F47/><W13/><G13/><T115/><D115/><U11/><E11/><V131/><F131/><W16/><G20/><T121/><D121/><U78/><E44/><V110/><F110/><W111/><G111/><T35/><D35/><U54/><E54/><V80/><AGARI ba="0,1" hai="53,57,60,63,64,69,73,79,80,98,102,104,124,126" machi="80" ten="30,7900,0" yaku="1,1,0,1,52,2,53,0" doraHai="134" doraHaiUra="46" who="2" fromWho="2" sc="273,-20,235,-39,247,89,235,-20" /><INIT seed="2,0,0,5,5,125" ten="253,196,336,215" oya="2" hai0="45,12,98,6,67,58,70,130,117,60,71,122,65" hai1="22,104,43,92,112,59,40,111,99,69,57,95,66" hai2="118,13,78,84,30,105,127,39,50,0,93,115,19" hai3="82,86,64,7,49,101,37,116,42,102,85,23,25"/><V128/><F39/><W74/><G116/><T3/><D3/><U114/><E111/><V109/><F105/><W135/><G74/><T21/><D122/><U121/><E104/><V2/><F115/><W132/><G37/><T87/><D117/><U68/><E22/><V47/><F30/><W9/><G64/><T88/><D130/><U134/><E66/><V110/><F118/><W61/><G61/><T72/><D72/><U126/><E99/><V120/><F128/><W14/><G49/><T4/><D45/><U96/><E96/><V55/><F127/><W51/><G51/><T38/><D98/><U24/><E24/><V76/><F120/><W32/><G42/><T1/><D38/><U46/><E126/><V48/><F48/><W81/><G32/><T53/><D1/><N who="2" m="618" /><F93/><W62/><G62/><T35/><D35/><U83/><E121/><V27/><F84/><W16/><G85/><T28/><D71/><U108/><E108/><N who="2" m="41579" /><F27/><W41/><G82/><T15/><D28/><U97/><E97/><V11/><AGARI ba="0,0" hai="11,13,19,47,50,55,76,78" m="41579,618" machi="11" ten="30,3000,0" yaku="14,1,10,1" doraHai="125" who="2" fromWho="2" sc="253,-10,196,-10,336,30,215,-10" /><INIT seed="2,1,0,1,2,121" ten="243,186,366,205" oya="2" hai0="73,56,49,17,21,108,110,38,54,66,69,48,112" hai1="20,39,71,97,45,131,22,127,74,51,106,7,11" hai2="111,46,5,83,32,34,114,30,96,119,105,27,115" hai3="26,41,80,90,33,53,0,60,126,128,9,13,62"/><V81/><F119/><W42/><G0/><T43/><D73/><U79/><E71/><V65/><F5/><W78/><G126/><T91/><D91/><U132/><E127/><V25/><F46/><W103/><G103/><T130/><D49/><U120/><E120/><V72/><F65/><W89/><G128/><T77/><D77/><U86/><E131/><V101/><F83/><W50/><G26/><N who="0" m="14639" /><D130/><U3/><E132/><V84/><F84/><N who="3" m="48151" /><G33/><T100/><D100/><N who="1" m="62735" /><E51/><V109/><F81/><W113/><G90/><T16/><D16/><U82/><E86/><V10/><F10/><W23/><G23/><T93/><D93/><U116/><E116/><V133/><F133/><W98/><G113/><N who="2" m="43017" /><F72/><W31/><G31/><AGARI ba="1,0" hai="25,27,30,31,32,34,96,101,105,109,111" m="43017" machi="31" ten="30,5800,0" yaku="23,1,52,2" doraHai="121" who="2" fromWho="3" sc="243,0,186,0,366,61,205,-61" /><INIT seed="2,2,0,4,4,14" ten="243,186,427,144" oya="2" hai0="94,13,27,16,103,91,58,109,48,73,115,57,20" hai1="0,4,122,39,55,96,31,131,101,1,30,51,71" hai2="99,88,84,33,98,87,5,42,34,133,117,43,76" hai3="8,59,46,72,89,63,17,66,104,24,37,79,49"/><V50/><F117/><W12/><G104/><T125/><D115/><U92/><E39/><V90/><F5/><W95/><G37/><T126/><D73/><U19/><E71/><V52/><F76/><W102/><G102/><T80/><D109/><U61/><E131/><V100/><F100/><W2/><G2/><T111/><D111/><U74/><E74/><V97/><F133/><W21/><G72/><T118/><D118/><U65/><E122/><V75/><F75/><W124/><G124/><N who="0" m="47723" /><D103/><U15/><E4/><V18/><F18/><W81/><G81/><T23/><D48/><U127/><E1/><V40/><F34/><W110/><G79/><T113/><D80/><U67/><E0/><V45/><F33/><W116/><G116/><T134/><D134/><U56/><E127/><V36/><REACH who="2" step="1"/><F36/><REACH who="2" ten="243,186,417,144" step="2"/><W26/><G110/><T119/><D119/><U62/><E101/><V25/><F25/><W123/><G123/><T3/><D113/><U44/><E19/><V112/><F112/><W53/><REACH who="3" step="1"/><G8/><REACH who="3" ten="243,186,417,134" step="2"/><T54/><D3/><U114/><E114/><V60/><F60/><W68/><G68/><T77/><D77/><U47/><E61/><V93/><F93/><W121/><G121/><T107/><D107/><U120/><E92/><V78/><F78/><W69/><G69/><T41/><D94/><U129/><E120/><V130/><F130/><W128/><G128/><T64/><D91/><AGARI ba="2,2" hai="40,42,43,45,50,52,84,87,88,90,91,97,98,99" machi="91" ten="40,12000,1" yaku="1,1,8,1,54,2,53,0" doraHai="14" doraHaiUra="70" who="2" fromWho="0" sc="243,-126,186,0,417,146,134,0" /><INIT seed="2,3,0,3,5,127" ten="117,186,563,134" oya="2" hai0="66,94,37,128,50,102,71,64,68,91,78,43,46" hai1="99,86,18,111,96,52,22,26,48,39,24,16,93" hai2="28,10,31,74,114,62,126,49,36,95,107,65,30" hai3="42,61,13,35,9,77,27,63,82,17,92,2,6"/><V11/><F107/><W103/><G42/><T130/><D102/><U45/><E39/><V100/><F36/><W51/><G51/><T113/><D78/><U104/><E104/><V88/><F74/><W58/><G27/><T118/><D113/><U133/><E133/><V8/><F114/><W53/><G35/><T38/><D118/><U19/><E111/><V72/><F72/><W115/><G115/><T55/><D37/><U40/><E40/><V97/><F126/><W131/><G131/><N who="0" m="50219" /><D71/><U125/><E125/><V69/><REACH who="2" step="1"/><F49/><REACH who="2" ten="117,186,553,134" step="2"/><W5/><G63/><T12/><D68/><U110/><E110/><V120/><F120/><W108/><G61/><T32/><D32/><U101/><E26/><V79/><F79/><W116/><G77/><T59/><D12/><U41/><E24/><V135/><F135/><W56/><G13/><T129/><N who="0" m="50227" /><T7/><DORA hai="67" /><D7/><U60/><E60/><V81/><F81/><W87/><G82/><T98/><AGARI ba="3,1" hai="38,43,46,50,55,59,64,66,91,94,98" m="50227" machi="98" ten="40,8000,1" yaku="19,1,52,4" doraHai="127,67" who="0" fromWho="0" sc="117,99,186,-23,553,-43,134,-23" /><INIT seed="3,0,0,1,1,122" ten="216,163,510,111" oya="3" hai0="117,92,4,91,51,15,90,19,67,118,3,64,42" hai1="12,61,78,8,62,106,104,56,18,40,108,2,88" hai2="97,14,10,103,23,20,115,35,37,6,121,101,79" hai3="46,124,53,13,84,25,134,77,116,95,129,110,9"/><W45/><G116/><T72/><D72/><U93/><E108/><V105/><F115/><W39/><G124/><T27/><D3/><U44/><E2/><V125/><F125/><W114/><G114/><T17/><D117/><U82/><E62/><V83/><F121/><W57/><G129/><T31/><D4/><U32/><E32/><V107/><F37/><W47/><G134/><T71/><D71/><U54/><E82/><V69/><F69/><W87/><G39/><T127/><D118/><U98/><REACH who="1" step="1"/><E78/><REACH who="1" ten="216,153,510,111" step="2"/><V50/><F35/><W102/><G110/><T130/><D127/><U21/><E21/><V111/><F111/><W119/><G119/><T86/><D130/><U133/><E133/><V80/><F50/><AGARI ba="0,1" hai="8,12,18,40,44,50,54,56,61,88,93,98,104,106" machi="50" ten="30,7700,0" yaku="1,1,7,1,54,1,53,1" doraHai="122" doraHaiUra="11" who="1" fromWho="2" sc="216,0,153,87,510,-77,111,0" owari="216,-18.4,240,4.0,433,53.3,111,-38.9" /></mjloggm>