<mjloggm ver="2.3"><GO type="225" lobby="0"/><UN n0="%E6%A1%9C%E8%8A%B1%E9%96%83%E3%80%85" n1="%77%72%77%72%77%72%77%72" n2="%E3%82%A4%E3%83%BC%E3%82%B1%E3%83%97%E3%83%A9" n3="%70%68%65%6E%6F%6D%65" dan="16,17,17,16" rate="2190.98,2133.30,2227.51,2155.52" sx="M,M,M,M"/><TAIKYOKU oya="0"/><INIT seed="0,0,0,1,0,119" ten="250,250,250,250" oya="0" hai0="15,75,120,133,48,93,117,44,12,129,108,81,18" hai1="73,8,23,114,26,78,94,95,126,105,17,51,34" hai2="1,131,96,116,100,19,53,127,30,55,107,88,61" hai3="29,4,115,32,49,66,3,80,28,45,110,31,98"/><T128/><D117/><U39/><E39/><V25/><F116/><W71/><G115/><T106/><D106/><U24/><E114/><V132/><F1/><W10/><G110/><T41/><D133/><U60/><E105/><V102/><F132/><W37/><G37/><T46/><D108/><U69/><E126/><V54/><F127/><W14/><G98/><T87/><D75/><U56/><E8/><V38/><F38/><W43/><G32/><T22/><D93/><U67/><E73/><V125/><F125/><W121/><G121/><T91/><D120/><U68/><E78/><V50/><F131/><N who="0" m="50250" /><D46/><U103/><E103/><V112/><F102/><W72/><G72/><T85/><D85/><U118/><E118/><V58/><F112/><W21/><G80/><T124/><D124/><U62/><E51/><V89/><F19/><W104/><G104/><T40/><D12/><U57/><E69/><V82/><F82/><W77/><G77/><T7/><D7/><U122/><E68/><V97/><F96/><W20/><G3/><T135/><D135/><U79/><E79/><V86/><F86/><W83/><G83/><T2/><D2/><U35/><E122/><V99/><F97/><W16/><G4/><T65/><D65/><U90/><E24/><V123/><F123/><W109/><G109/><T13/><D13/><U64/><REACH who="1" step="1"/><E95/><REACH who="1" ten="250,240,250,250" step="2"/><V59/><F25/><W27/><G27/><T130/><D130/><U84/><AGARI ba="0,1" hai="17,23,26,34,35,56,57,60,62,64,67,84,90,94" machi="84" ten="20,12000,2" yaku="1,1,2,1,0,1,7,1,9,1,53,2" doraHai="119" doraHaiUra="63" who="1" fromWho="1" sc="250,-60,240,130,250,-30,250,-30" /><INIT seed="1,0,0,5,0,113" ten="190,370,220,220" oya="1" hai0="80,101,55,69,123,21,1,36,48,52,53,74,10" hai1="75,83,14,18,93,42,107,27,39,23,37,22,5" hai2="111,94,6,30,91,17,126,24,73,98,45,133,56" hai3="25,88,60,120,76,87,100,61,68,81,11,114,2"/><U117/><E107/><V0/><F73/><W106/><G114/><T13/><D36/><U109/><E117/><V99/><F111/><W51/><G120/><T77/><D123/><U34/><E34/><V66/><F133/><W125/><G125/><T129/><D129/><U44/><E109/><V46/><F126/><W71/><G51/><T97/><D69/><U130/><E130/><V28/><F0/><W38/><G38/><T59/><D21/><U127/><E127/><V108/><F6/><W134/><G134/><T54/><D1/><U118/><E118/><V47/><F108/><W84/><G25/><T31/><D31/><U86/><E93/><V128/><F99/><W7/><G100/><T43/><D43/><U64/><E64/><V50/><F128/><W112/><G106/><T90/><D90/><U32/><E32/><V119/><F119/><W89/><G76/><T131/><D131/><U65/><E65/><V132/><F132/><W63/><REACH who="3" step="1"/><G112/><REACH who="3" ten="190,370,220,210" step="2"/><T41/><D41/><U58/><E37/><V62/><F50/><W96/><G96/><T19/><REACH who="0" step="1"/><D55/><REACH who="0" ten="180,370,220,210" step="2"/><U33/><E39/><V26/><F26/><W3/><G3/><T78/><D78/><U104/><E42/><V95/><F24/><W102/><G102/><T29/><D29/><U49/><E27/><V92/><F66/><W16/><G16/><T85/><D85/><U110/><E18/><V124/><F17/><W20/><G20/><T135/><D135/><U70/><E86/><V105/><F124/><W40/><G40/><T67/><D67/><U4/><E110/><V116/><F116/><RYUUKYOKU ba="0,2" sc="180,15,370,-15,220,-15,210,15" hai0="10,13,19,48,52,53,54,59,74,77,80,97,101" hai3="2,7,11,60,61,63,68,71,81,84,87,88,89" /><INIT seed="2,1,2,0,4,109" ten="195,355,205,225" oya="2" hai0="99,42,27,65,114,29,48,68,75,33,60,121,23" hai1="13,8,47,41,95,14,28,4,67,100,66,2,38" hai2="90,52,83,37,0,71,69,9,77,5,62,111,25" hai3="102,130,7,92,74,49,64,133,17,117,53,89,79"/><V19/><F37/><W34/><G117/><T24/><D121/><U61/><E28/><V135/><F135/><W30/><G7/><T127/><D127/><U1/><E1/><V128/><F128/><W126/><G64/><T84/><D75/><U134/><E134/><V125/><F125/><W103/><G133/><T39/><D39/><U118/><E118/><V123/><F123/><W50/><G126/><T12/><D114/><U116/><E66/><V46/><F90/><W45/><G130/><T15/><D84/><U87/><E116/><V82/><F111/><W80/><G17/><T40/><D99/><U94/><E94/><V106/><F106/><W107/><G107/><T73/><D73/><U63/><E63/><V58/><F46/><W115/><G115/><T108/><D108/><U3/><E3/><V70/><REACH who="2" step="1"/><F77/><REACH who="2" ten="195,355,195,225" step="2"/><W113/><G113/><T119/><D119/><U16/><E47/><V11/><F11/><W31/><G102/><T120/><D120/><U124/><E38/><V59/><F59/><W44/><G103/><T132/><D132/><U18/><E100/><V122/><F122/><W22/><G34/><T20/><D33/><U76/><E76/><V54/><F54/><W72/><G74/><T51/><D42/><U98/><E41/><V6/><F6/><W56/><G56/><T36/><D36/><U96/><E124/><V104/><F104/><W110/><G110/><T86/><D40/><U129/><E129/><V43/><F43/><N who="3" m="24735" /><G22/><AGARI ba="1,3" hai="0,5,9,19,22,25,52,58,62,69,70,71,82,83" machi="22" ten="40,3900,0" yaku="1,1,54,1,53,0" doraHai="109" doraHaiUra="88" who="2" fromWho="3" sc="195,0,355,0,195,72,225,-42" /><INIT seed="2,2,0,4,3,86" ten="195,355,267,183" oya="2" hai0="131,15,33,125,91,100,104,105,88,1,14,12,107" hai1="126,116,29,54,122,77,69,8,50,119,132,93,20" hai2="36,97,49,95,48,89,98,74,37,68,28,65,87" hai3="78,63,70,101,24,129,2,81,60,56,66,84,113"/><V21/><F74/><W71/><G129/><T10/><D131/><U127/><E69/><V123/><F123/><W39/><G113/><T124/><D33/><U99/><E122/><V3/><F3/><W67/><G39/><T26/><D26/><N who="1" m="16583" /><E77/><V44/><F68/><W59/><G2/><T7/><D100/><U94/><E94/><BYE who="1" /><V72/><F72/><W128/><G128/><T110/><REACH who="0" step="1"/><D110/><REACH who="0" ten="185,355,267,183" step="2"/><UN n1="%77%72%77%72%77%72%77%72" /><U118/><E118/><V133/><F95/><W53/><G101/><T23/><D23/><U79/><E93/><V16/><F21/><W111/><G111/><T80/><D80/><U45/><E116/><V40/><F133/><W134/><G134/><T46/><D46/><U43/><E45/><V19/><F44/><W27/><REACH who="3" step="1"/><G59/><REACH who="3" ten="185,355,267,173" step="2"/><T83/><D83/><U61/><E132/><V102/><F102/><W34/><G34/><T106/><N who="0" m="26624" /><DORA hai="121" /><T52/><D52/><U103/><E54/><V18/><F37/><W5/><G5/><T13/><N who="0" m="3072" /><DORA hai="90" /><T47/><D47/><U109/><E109/><V41/><F36/><W114/><G114/><T92/><D92/><U115/><E115/><V38/><F38/><W6/><G6/><T32/><D32/><U73/><E119/><V17/><N who="2" m="4096" /><DORA hai="9" /><V120/><F120/><W108/><G108/><T51/><D51/><AGARI ba="2,2" hai="24,27,51,53,56,60,63,66,67,70,71,78,81,84" machi="51" ten="30,7700,0" yaku="1,1,7,1,9,1,53,1" doraHai="86,121,90,9" doraHaiUra="75,135,35,31" who="3" fromWho="0" sc="185,-83,355,0,267,0,173,103" /><INIT seed="3,0,0,3,2,29" ten="102,355,267,276" oya="3" hai0="25,23,4,40,37,119,53,32,111,27,62,91,16" hai1="114,112,129,2,80,73,74,50,90,28,10,86,116" hai2="123,52,96,24,87,26,81,77,92,104,22,67,133" hai3="17,13,110,55,8,63,125,88,31,106,130,39,49"/><W89/><G39/><T109/><D91/><U79/><E28/><V46/><F133/><W15/><G106/><T78/><D78/><U102/><E50/><N who="2" m="28759" /><F104/><W3/><G3/><T0/><D53/><U131/><E10/><V94/><F123/><W65/><G125/><T64/><D40/><U36/><E2/><V42/><F42/><W105/><G105/><T59/><D37/><U30/><E30/><N who="2" m="17687" /><F26/><W117/><G117/><T97/><D97/><U7/><E7/><V38/><F38/><W20/><G130/><N who="1" m="49674" /><E36/><V21/><F21/><W135/><G135/><T18/><D119/><U54/><E54/><V93/><F67/><W12/><G31/><N who="0" m="19583" /><D59/><U61/><E61/><V108/><F108/><N who="0" m="41546" /><D62/><U99/><E116/><V128/><F128/><W84/><G110/><T44/><D44/><U41/><E41/><V83/><F83/><W6/><G84/><T121/><D64/><U14/><E86/><V98/><AGARI ba="0,0" hai="77,81,87,92,93,94,96,98" m="17687,28759" machi="98" ten="30,2000,0" yaku="8,1,54,1" doraHai="29" who="2" fromWho="2" sc="102,-5,355,-5,267,20,276,-10" owari="97,-40.3,350,45.0,287,8.7,266,-13.4" /></mjloggm>