<mjloggm ver="2.3"><GO type="225" lobby="0"/><UN n0="%E5%8D%A0%E3%81%84%E5%B8%AB%E8%A3%8F%E3%81%AA%E3%81%84%E3%81%97" n1="%E6%98%93%E5%88%A9%E8%96%A9%E4%BC%AF" n2="%E3%81%94%E3%81%BE%E6%B2%B9%E9%A3%B2%E3%81%BF%E5%A4%AA%E9%83%8E" n3="%E7%B4%94%E6%BD%94%E3%83%94%E3%83%A9%E3%83%8B%E3%82%A2" dan="17,17,16,16" rate="2227.13,2123.35,2098.37,2127.04" sx="M,F,M,M"/><TAIKYOKU oya="0"/><INIT seed="0,0,0,4,2,7" ten="250,250,250,250" oya="0" hai0="120,117,119,122,2,65,19,50,13,41,67,47,75" hai1="46,68,81,31,73,91,59,116,23,114,70,134,32" hai2="77,96,132,131,71,107,24,97,9,16,87,5,74" hai3="1,82,29,25,63,57,103,102,124,123,80,133,121"/><T86/><D75/><U15/><E116/><N who="0" m="44617" /><D13/><U88/><E32/><V129/><F71/><W106/><G1/><T49/><D19/><U126/><E126/><V22/><F132/><W89/><G133/><T54/><D86/><U99/><E114/><V100/><F74/><W66/><G124/><T53/><D2/><U14/><E46/><V76/><F96/><W37/><G37/><T60/><D41/><U55/><E134/><V8/><F8/><W111/><G111/><T113/><D113/><U33/><E33/><V20/><F20/><W3/><G3/><T58/><D65/><U83/><E31/><V93/><F76/><W6/><G6/><T118/><N who="0" m="44625" /><T84/><DORA hai="26" /><D84/><U61/><E15/><V105/><F105/><W98/><G103/><T21/><D21/><U115/><E115/><V127/><F127/><W78/><G89/><T94/><D94/><U110/><E110/><V62/><F62/><W36/><G36/><T56/><AGARI ba="0,0" hai="47,49,50,53,54,56,58,60,67,120,122" m="44625" machi="56" ten="40,3900,0" yaku="34,2" doraHai="7,26" who="0" fromWho="0" sc="250,39,250,-13,250,-13,250,-13" /><INIT seed="0,1,0,2,0,39" ten="289,237,237,237" oya="0" hai0="2,76,0,125,65,56,73,122,23,38,45,61,124" hai1="1,25,66,90,71,41,62,15,29,67,126,123,7" hai2="78,11,77,87,75,110,128,63,68,109,92,16,113" hai3="94,118,40,98,79,85,112,103,89,93,36,80,31"/><T37/><D122/><U130/><E123/><V3/><F113/><W28/><G112/><T115/><D115/><U95/><E130/><V97/><F75/><W18/><G18/><T4/><D23/><U111/><E111/><N who="2" m="42507" /><F3/><N who="0" m="1066" /><D4/><U59/><E1/><V44/><F44/><W134/><G134/><T108/><D108/><U19/><E7/><V6/><F6/><W10/><G10/><T102/><D102/><U9/><E126/><N who="0" m="48745" /><D45/><U24/><E29/><V50/><F50/><W57/><G57/><T54/><D54/><U35/><E35/><V132/><F128/><W70/><G70/><T22/><D22/><U74/><E25/><V104/><F104/><W107/><G118/><T119/><D119/><U51/><E24/><V49/><F49/><W12/><G12/><T27/><D27/><U48/><E71/><V60/><F68/><W53/><G53/><T72/><D76/><U8/><E8/><V43/><F77/><W133/><G133/><T21/><D21/><U82/><E67/><V33/><F33/><W26/><G26/><T91/><D91/><U121/><E121/><V52/><F52/><W34/><G34/><T105/><D105/><U30/><E30/><V64/><F78/><W100/><G100/><T131/><D131/><U117/><E117/><V42/><F132/><W114/><G114/><T84/><D84/><U88/><E90/><N who="2" m="55447" /><F87/><N who="3" m="52415" /><G107/><T14/><D14/><U69/><E15/><N who="2" m="7295" /><F64/><W101/><G101/><T106/><D106/><U55/><E66/><V99/><F99/><W120/><G120/><T46/><D37/><U83/><E9/><V86/><F86/><RYUUKYOKU ba="1,0" sc="289,10,237,-30,237,10,237,10" hai0="38,46,56,61,65,72,73" hai2="42,43,60,63" hai3="28,31,36,40,79,80,85,94,98,103" /><INIT seed="0,2,0,3,0,55" ten="299,207,247,247" oya="0" hai0="42,60,87,3,89,118,6,129,75,70,62,24,85" hai1="116,48,15,72,31,95,10,36,97,74,92,26,56" hai2="128,59,127,124,100,103,132,107,57,115,53,122,91" hai3="80,8,125,82,117,135,2,40,38,35,126,45,90"/><T78/><D118/><U77/><E36/><V49/><F122/><W130/><G117/><T110/><D129/><U81/><E74/><V104/><F115/><W30/><G130/><T66/><D75/><U19/><E116/><V106/><F128/><W5/><G135/><T63/><D42/><U43/><E97/><V58/><F91/><W86/><G35/><T113/><D113/><U96/><E96/><V112/><F132/><W71/><G71/><T105/><D105/><U14/><E14/><V21/><F21/><W17/><G30/><T79/><D110/><U69/><E69/><V123/><F123/><W98/><G98/><T94/><D24/><U99/><E99/><V52/><F49/><W34/><G34/><T0/><D6/><U23/><REACH who="1" step="1"/><E43/><REACH who="1" ten="299,197,247,247" step="2"/><V20/><F112/><W65/><G65/><T83/><D66/><U4/><E4/><V18/><F100/><W101/><G101/><T73/><D70/><U16/><E16/><V9/><F103/><W108/><G17/><T119/><D119/><U121/><E121/><V120/><F120/><W76/><REACH who="3" step="1"/><G108/><REACH who="3" ten="299,197,247,237" step="2"/><T47/><D73/><AGARI ba="2,2" hai="2,5,8,38,40,45,73,76,80,82,86,90,125,126" machi="73" ten="40,8000,1" yaku="1,1,2,1,25,2,53,0" doraHai="55" doraHaiUra="67" who="3" fromWho="0" sc="299,-86,197,0,247,0,237,106" /><INIT seed="1,0,0,5,1,85" ten="213,197,247,343" oya="1" hai0="60,1,112,53,15,50,76,115,5,108,126,66,123" hai1="106,18,25,114,7,54,64,129,77,47,58,104,93" hai2="117,46,12,113,49,65,86,21,79,80,90,71,59" hai3="51,78,52,95,27,120,29,121,62,42,48,23,9"/><U98/><E114/><V88/><F71/><W3/><G78/><T100/><D108/><U91/><E129/><V8/><F117/><W2/><G62/><T31/><D1/><U103/><E7/><N who="2" m="3103" /><F21/><W87/><G42/><T19/><D126/><U45/><E77/><V33/><F33/><W133/><G48/><T44/><D100/><U102/><E64/><V82/><F82/><W119/><G133/><T89/><D76/><U96/><E104/><V22/><F22/><W109/><G109/><T55/><D123/><U39/><E103/><V75/><F75/><W111/><G119/><T105/><D31/><U14/><E39/><V131/><F131/><W127/><G127/><T30/><D30/><U128/><E25/><V16/><F16/><W67/><G67/><T40/><D5/><U34/><E34/><V99/><F99/><W56/><G3/><T61/><D105/><U0/><E0/><V20/><F20/><W81/><G81/><T43/><D112/><U125/><E125/><V69/><F69/><W84/><G111/><T13/><D13/><U135/><E135/><V107/><F107/><W57/><G2/><T35/><D35/><U68/><E68/><V38/><F38/><W116/><G9/><N who="0" m="6639" /><D115/><U122/><E122/><V28/><F28/><W118/><G118/><T97/><D66/><U73/><E73/><V37/><F37/><W41/><G116/><T63/><D40/><U110/><E110/><V11/><F113/><W26/><G120/><T6/><D6/><U70/><E70/><V94/><F65/><W92/><G121/><T4/><D4/><RYUUKYOKU ba="0,0" sc="213,30,197,-10,247,-10,343,-10" hai0="43,44,50,53,55,60,61,63,89,97" /><INIT seed="2,1,0,2,4,33" ten="243,187,237,333" oya="2" hai0="119,78,9,22,70,94,17,105,117,73,5,46,58" hai1="85,99,75,134,113,59,127,95,40,20,96,103,6" hai2="51,71,32,47,131,100,121,56,91,125,25,21,50" hai3="45,108,129,102,57,15,104,98,84,68,109,80,37"/><V7/><F71/><W31/><G68/><T83/><D70/><U60/><E113/><V77/><F121/><W28/><G57/><T18/><D105/><U44/><E134/><V55/><F131/><W92/><G104/><T0/><D58/><U76/><E127/><V1/><F32/><W126/><G15/><T49/><D94/><U64/><E75/><V4/><F100/><W54/><G126/><T52/><REACH who="0" step="1"/><D22/><REACH who="0" ten="233,187,237,333" step="2"/><U130/><E130/><V106/><F106/><W35/><G129/><T86/><D86/><U101/><E6/><V107/><F107/><W89/><G35/><T13/><D13/><U19/><E99/><V29/><F125/><W124/><G124/><T36/><D36/><U87/><E101/><V41/><F77/><W2/><G37/><T34/><D34/><U39/><REACH who="1" step="1"/><E76/><REACH who="1" ten="233,177,237,333" step="2"/><V115/><F7/><W97/><G98/><T112/><D112/><U133/><E133/><V12/><F115/><W88/><G102/><T90/><D90/><U123/><E123/><V82/><F91/><W3/><G97/><T66/><D66/><U114/><E114/><V61/><F4/><W116/><G89/><T111/><D111/><U65/><E65/><V63/><F12/><AGARI ba="1,2" hai="12,19,20,39,40,44,59,60,64,85,87,95,96,103" machi="12" ten="30,2000,0" yaku="1,1,7,1,53,0" doraHai="33" doraHaiUra="118" who="1" fromWho="2" sc="233,0,177,43,237,-23,333,0" /><INIT seed="3,0,0,0,5,54" ten="233,220,214,333" oya="3" hai0="125,88,97,47,132,31,11,78,44,26,127,106,120" hai1="39,129,16,7,95,74,58,8,104,24,53,130,42" hai2="9,91,96,70,49,102,36,59,79,114,98,94,29" hai3="134,77,121,60,21,105,4,18,89,69,45,72,122"/><W34/><G34/><T113/><D120/><U12/><E104/><V37/><F70/><W46/><G105/><T128/><D113/><U51/><E74/><V66/><F114/><W13/><G4/><T108/><D78/><U118/><E118/><V100/><F79/><W83/><G89/><T126/><D108/><U71/><E71/><V67/><F37/><W41/><G45/><T80/><D128/><N who="1" m="49259" /><E95/><N who="2" m="58399" /><F36/><W56/><G69/><T43/><D11/><U50/><E39/><V32/><F32/><W33/><G33/><N who="0" m="20727" /><D132/><U87/><E87/><V68/><F68/><W30/><G134/><T2/><D2/><U73/><E73/><V76/><F76/><W115/><G115/><T62/><D62/><N who="1" m="36175" /><E42/><V81/><F29/><W117/><G30/><T109/><D109/><U99/><E99/><V103/><F9/><W101/><G117/><T1/><D43/><U82/><E82/><V110/><F110/><W57/><G83/><T25/><D80/><U3/><E24/><V92/><F81/><W55/><G72/><T6/><D25/><U135/><E135/><V28/><F28/><W15/><G77/><T133/><D133/><U14/><E3/><V93/><F103/><W19/><G101/><N who="0" m="62767" /><D88/><U20/><AGARI ba="0,0" hai="7,8,12,14,16,20,50,51" m="36175,49259" machi="20" ten="30,4000,0" yaku="19,1,52,1,54,1" doraHai="54" who="1" fromWho="1" sc="233,-10,220,40,214,-10,333,-20" owari="223,-17.7,260,6.0,204,-29.6,313,41.3" /></mjloggm>