<mjloggm ver="2.3"><GO type="225" lobby="0"/><UN n0="%72%65%6E%6B%75%6E" n1="%E6%9D%B1%E9%A2%A8%E3%81%AE%E3%81%8D%E3%82%83%E3%81%B7%E3%81%95%E3%82%93" n2="%E4%BF%BA%E3%81%A8%E5%A6%96%E5%A4%A2" n3="%E7%99%BD%E5%80%89%E5%AF%9B%E4%B9%8B" dan="17,16,16,16" rate="2195.63,2183.56,2201.65,2138.33" sx="M,M,F,M"/><TAIKYOKU oya="0"/><INIT seed="0,0,0,0,4,128" ten="250,250,250,250" oya="0" hai0="105,14,3,117,28,98,45,125,68,7,51,70,52" hai1="89,84,92,27,48,44,38,12,126,72,37,60,18" hai2="118,100,30,122,55,134,19,10,129,31,119,115,69" hai3="64,43,41,40,4,39,63,9,120,74,35,2,96"/><T90/><D117/><N who="2" m="44554" /><F122/><W91/><G120/><T8/><D125/><U131/><E72/><V108/><F129/><W36/><G74/><T77/><D77/><U79/><E131/><V24/><F69/><W16/><G35/><T86/><D28/><U82/><E126/><V124/><F115/><W17/><G39/><T101/><REACH who="0" step="1"/><D3/><REACH who="0" ten="240,250,250,250" step="2"/><U46/><E37/><V61/><F124/><W95/><REACH who="3" step="1"/><G36/><REACH who="3" ten="240,250,250,240" step="2"/><T132/><D132/><U121/><E38/><V123/><F134/><W85/><G85/><T33/><D33/><U112/><E121/><V5/><F123/><W15/><G15/><T80/><AGARI ba="0,2" hai="7,8,14,45,51,52,68,70,80,86,90,98,101,105" machi="80" ten="20,7800,0" yaku="1,1,0,1,7,1,54,1,53,0" doraHai="128" doraHaiUra="54" who="0" fromWho="0" sc="240,98,250,-26,250,-26,240,-26" /><INIT seed="0,1,0,0,3,87" ten="338,224,224,214" oya="0" hai0="98,132,83,76,69,133,117,42,16,15,118,94,131" hai1="46,19,73,79,14,21,105,123,70,134,6,89,60" hai2="26,97,9,22,38,56,51,55,37,129,93,103,59" hai3="63,41,71,12,28,13,17,54,122,102,106,68,36"/><T30/><D69/><U1/><E105/><V101/><F129/><W34/><G122/><T20/><D30/><U112/><E123/><V82/><F9/><W57/><G13/><T29/><D29/><U52/><E134/><N who="0" m="51817" /><D42/><U66/><E112/><V116/><F116/><W62/><G62/><T115/><D115/><U110/><E110/><V0/><F0/><W85/><G41/><T130/><D83/><U84/><E73/><V11/><F11/><W113/><G36/><T2/><D76/><U58/><E79/><V114/><F114/><W5/><G5/><T108/><D2/><U49/><E1/><V107/><F59/><W48/><G113/><T50/><D50/><U120/><E6/><V92/><F82/><W119/><G119/><N who="0" m="45579" /><D108/><U27/><E120/><V65/><F65/><W7/><G7/><T33/><D33/><U18/><E70/><V125/><F125/><W77/><G28/><T104/><D104/><U128/><E128/><V78/><F78/><W35/><G71/><T45/><D45/><U4/><E4/><V25/><F107/><W95/><G106/><T126/><D126/><U23/><E66/><V135/><F135/><W96/><G68/><T44/><D44/><U47/><E60/><V72/><F72/><W8/><G63/><T100/><AGARI ba="1,0" hai="15,16,20,94,98,100,130,131" m="45579,51817" machi="100" ten="40,3900,0" yaku="20,1,54,1" doraHai="87" who="0" fromWho="0" sc="338,42,224,-14,224,-14,214,-14" /><INIT seed="0,2,0,4,0,28" ten="380,210,210,200" oya="0" hai0="7,48,72,83,73,12,74,106,71,81,88,23,122" hai1="121,54,57,89,61,129,123,36,65,77,93,33,95" hai2="100,127,113,109,5,70,128,87,46,79,62,31,30" hai3="21,103,49,13,0,134,26,52,91,34,80,107,105"/><T45/><D71/><U9/><E36/><V78/><F113/><W101/><G0/><T86/><D106/><U96/><E77/><V116/><F109/><W51/><G134/><T133/><D122/><U130/><E9/><V32/><F127/><W4/><G107/><T76/><D133/><U22/><E22/><V68/><F128/><N who="1" m="49257" /><E33/><V69/><F116/><W20/><G51/><T40/><REACH who="0" step="1"/><D23/><REACH who="0" ten="370,210,210,200" step="2"/><U120/><E120/><V24/><F70/><W35/><G105/><T37/><D37/><U84/><E123/><V131/><F69/><W112/><G112/><T111/><D111/><U59/><E121/><V110/><F68/><W15/><G35/><T43/><D43/><U53/><E59/><V94/><F32/><W25/><G34/><T27/><D27/><U124/><E124/><V126/><F131/><W44/><G26/><T99/><D99/><U14/><E14/><N who="3" m="5130" /><G21/><T98/><D98/><U8/><E8/><AGARI ba="2,1" hai="7,8,12,40,45,48,72,73,74,76,81,83,86,88" machi="8" ten="40,3900,0" yaku="1,1,54,1,53,0" doraHai="28" doraHaiUra="60" who="0" fromWho="1" sc="370,55,210,-45,210,0,200,0" /><INIT seed="0,3,0,0,2,25" ten="425,165,210,200" oya="0" hai0="114,70,40,125,60,110,115,107,99,106,65,47,131" hai1="84,117,72,73,43,116,51,108,15,122,79,22,35" hai2="87,55,8,120,97,123,105,102,130,0,28,109,30" hai3="80,29,119,124,129,21,24,37,32,76,94,50,118"/><T6/><D125/><U95/><E35/><V31/><F109/><W44/><G124/><T5/><D110/><U18/><E108/><V92/><F130/><W135/><G135/><T90/><D131/><U75/><E122/><V128/><F128/><W101/><G37/><T41/><D90/><U10/><E22/><V53/><F0/><W54/><G129/><T27/><D27/><U69/><E69/><V71/><F71/><W17/><G94/><T48/><D41/><U104/><E104/><V111/><F111/><W81/><G101/><T85/><D85/><U89/><E79/><V132/><F132/><W88/><G88/><T61/><D61/><U63/><E63/><V13/><F87/><W45/><G45/><T1/><D106/><U98/><REACH who="1" step="1"/><E98/><REACH who="1" ten="425,155,210,200" step="2"/><V49/><F105/><W33/><G33/><T133/><D133/><U3/><E3/><V126/><F126/><W16/><G32/><T68/><D68/><U52/><E52/><V11/><F55/><W112/><G76/><T93/><D107/><U9/><E9/><V4/><REACH who="2" step="1"/><F11/><REACH who="2" ten="425,155,200,200" step="2"/><W2/><G2/><T7/><D1/><U46/><AGARI ba="3,2" hai="10,15,18,43,46,51,72,73,75,84,89,95,116,117" machi="46" ten="40,2700,0" yaku="1,1,0,1,53,0" doraHai="25" doraHaiUra="96" who="1" fromWho="1" sc="425,-16,155,56,200,-10,200,-10" /><INIT seed="1,0,0,3,0,81" ten="409,211,190,190" oya="1" hai0="86,12,133,51,45,60,70,132,14,104,94,52,62" hai1="71,2,124,32,54,53,98,23,131,6,29,3,103" hai2="84,40,82,76,49,33,97,85,87,46,110,31,91" hai3="134,135,77,13,55,99,120,102,42,67,21,4,128"/><U28/><E71/><V83/><F110/><W106/><G120/><T90/><D104/><U15/><E131/><V74/><REACH who="2" step="1"/><F97/><REACH who="2" ten="409,211,180,190" step="2"/><W73/><G128/><T66/><REACH who="0" step="1"/><D62/><REACH who="0" ten="399,211,180,190" step="2"/><U47/><E98/><V34/><F34/><W64/><G99/><T108/><D108/><U123/><E32/><V130/><F130/><W10/><G134/><AGARI ba="0,2" hai="12,14,45,51,52,60,66,70,86,90,94,132,133,134" machi="134" ten="40,8000,1" yaku="1,1,20,1,52,1,54,1,53,0" doraHai="81" doraHaiUra="22" who="0" fromWho="3" sc="399,100,211,0,180,0,190,-80" /><INIT seed="2,0,0,2,2,29" ten="499,211,180,110" oya="2" hai0="45,64,130,95,26,76,41,114,72,102,109,50,70" hai1="117,96,32,129,105,80,18,123,113,68,62,27,56" hai2="100,98,99,104,125,2,122,85,8,34,20,49,89" hai3="13,74,61,5,71,0,9,87,14,37,82,118,90"/><V75/><F122/><W79/><G118/><T44/><D114/><U131/><E80/><V36/><F36/><W40/><G71/><T63/><D109/><U94/><E105/><V1/><F75/><W88/><G61/><T30/><D130/><U135/><E68/><V17/><F125/><W52/><G52/><T81/><D95/><U103/><E135/><V35/><F98/><W7/><G7/><T101/><D44/><U84/><E84/><V42/><F42/><W73/><G73/><T46/><REACH who="0" step="1"/><D45/><REACH who="0" ten="489,211,180,110" step="2"/><U77/><E113/><V55/><F1/><W47/><G90/><T126/><D126/><U133/><E94/><AGARI ba="0,1" hai="0,5,9,13,14,37,40,47,74,79,82,87,88,94" machi="94" ten="30,7700,0" yaku="7,1,25,2,54,1" doraHai="29" who="3" fromWho="1" sc="489,0,211,-77,180,0,110,87" /><INIT seed="3,0,0,5,3,119" ten="489,134,180,197" oya="3" hai0="115,83,21,101,78,36,129,56,14,106,44,38,24" hai1="58,57,126,93,84,7,98,127,31,123,9,133,109" hai2="46,18,61,114,47,51,17,92,66,108,60,86,1" hai3="2,22,120,100,54,116,30,107,52,96,122,74,8"/><W76/><G116/><T39/><D129/><U72/><E72/><V112/><F1/><W81/><G30/><T62/><D115/><U97/><E31/><V40/><F108/><W59/><G22/><T63/><D44/><U69/><E69/><V3/><F3/><W55/><REACH who="3" step="1"/><G59/><REACH who="3" ten="489,134,180,187" step="2"/><T43/><D56/><U42/><E58/><V6/><F114/><W110/><G110/><T134/><D21/><U82/><E57/><V49/><F112/><W67/><G67/><T75/><D63/><U103/><E109/><V131/><F61/><W25/><G25/><T118/><D62/><U41/><E133/><V117/><F60/><W15/><G15/><T125/><D24/><U104/><E123/><V95/><F66/><W34/><G34/><T113/><D14/><U12/><E127/><V65/><F65/><W90/><G90/><T48/><D125/><U64/><E64/><V13/><F117/><W10/><G10/><T68/><D118/><U94/><E126/><V91/><F131/><W79/><G79/><T20/><D20/><U35/><E35/><V0/><F0/><W70/><G70/><T45/><D113/><U135/><E135/><V80/><F13/><W121/><G121/><T29/><D29/><U5/><E5/><AGARI ba="0,1" hai="2,5,8,52,54,55,74,76,81,96,100,107,120,122" machi="5" ten="40,12000,1" yaku="1,1,52,2,54,1,53,0" doraHai="119" doraHaiUra="37" who="3" fromWho="1" sc="489,0,134,-120,180,0,187,130" /><INIT seed="3,1,0,1,5,48" ten="489,14,180,317" oya="3" hai0="115,61,27,76,85,40,107,51,121,91,130,22,60" hai1="43,81,56,129,72,78,89,117,114,118,19,11,92" hai2="50,120,26,112,87,12,15,67,52,66,35,4,54" hai3="7,39,64,79,125,73,134,28,63,101,17,94,122"/><W34/><G39/><T100/><D121/><U126/><E43/><V109/><F112/><W20/><G122/><T82/><D115/><U90/><E56/><V45/><F120/><W102/><G125/><T77/><D130/><U57/><E57/><V97/><F109/><W44/><G134/><T93/><D107/><U46/><E46/><V18/><F97/><W110/><G110/><T98/><D51/><U131/><E19/><V99/><F99/><W9/><G44/><T6/><D6/><U38/><E11/><V47/><F87/><W128/><G128/><N who="1" m="49226" /><E38/><V16/><F4/><W55/><G28/><N who="0" m="17527" /><D40/><U75/><E114/><V8/><F35/><W53/><G34/><T106/><D106/><U14/><E14/><V111/><F111/><W31/><G31/><T59/><D60/><U65/><E65/><AGARI ba="1,0" hai="59,61,65,76,77,82,85,91,93,98,100" m="17527" machi="65" ten="30,2000,0" yaku="25,1,8,1" doraHai="48" who="0" fromWho="1" sc="489,23,14,-23,180,0,317,0" owari="512,61.2,-9,-50.9,180,-22.0,317,11.7" /></mjloggm>