<mjloggm ver="2.3"><GO type="225" lobby="0"/><UN n0="%E3%81%95%E3%81%8D%E3%81%9F%E3%81%BE%E6%9E%97%E6%AA%8E" n1="%E4%BF%BA%E3%81%A8%E5%A6%96%E5%A4%A2" n2="%33%74%72%65%65" n3="%E3%83%A9%E3%83%BC%E3%83%A1%E3%83%B3%E4%BA%94%E9%83%8E" dan="16,16,16,16" rate="2109.72,2258.40,2100.28,2134.83" sx="M,F,F,M"/><TAIKYOKU oya="0"/><INIT seed="0,0,0,0,2,24" ten="250,250,250,250" oya="0" hai0="43,50,41,8,74,130,116,60,97,114,91,70,92" hai1="95,118,17,65,82,16,76,25,131,62,119,121,102" hai2="72,10,90,66,133,26,111,96,13,83,58,68,112" hai3="42,23,103,87,126,49,40,61,63,73,98,108,27"/><T75/><D114/><U101/><E121/><V127/><F112/><W105/><G73/><T86/><D116/><U3/><E3/><V67/><F111/><W44/><G108/><T12/><D130/><U132/><E131/><V128/><F128/><W6/><G126/><T7/><D75/><U2/><E2/><V18/><F127/><W115/><G115/><T21/><D74/><U79/><E132/><V15/><F133/><W45/><G87/><T100/><D50/><U117/><E95/><V94/><F68/><W78/><G78/><T30/><D70/><U19/><E25/><V0/><F0/><W120/><G6/><T29/><D60/><U93/><E93/><V125/><F125/><W35/><G35/><T34/><D34/><U71/><REACH who="1" step="1"/><E82/><REACH who="1" ten="250,240,250,250" step="2"/><V104/><F26/><W135/><G120/><T89/><D100/><AGARI ba="0,1" hai="16,17,19,62,65,71,76,79,100,101,102,117,118,119" machi="100" ten="50,6400,0" yaku="1,1,2,1,54,1,53,0" doraHai="24" doraHaiUra="37" who="1" fromWho="0" sc="250,-64,240,74,250,0,250,0" /><INIT seed="1,0,0,5,3,22" ten="186,314,250,250" oya="1" hai0="27,76,78,42,50,73,51,15,116,48,67,82,88" hai1="134,101,85,124,93,108,69,81,106,91,117,119,49" hai2="0,122,98,13,58,62,5,105,57,102,52,87,94" hai3="11,92,25,133,96,45,84,97,20,6,56,104,130"/><U35/><E69/><V2/><F122/><W29/><G130/><T47/><D116/><U21/><E35/><V110/><F110/><W86/><G133/><T132/><D132/><U46/><E134/><V80/><F105/><W107/><G107/><T118/><D118/><U65/><E65/><V33/><F33/><W113/><G113/><T34/><D67/><U128/><E128/><V68/><F68/><W41/><G104/><T115/><D115/><U8/><E106/><V123/><F123/><W135/><G56/><T70/><D70/><U55/><E108/><V59/><F2/><W64/><G64/><T24/><D76/><U53/><E53/><V7/><F0/><W23/><G23/><T114/><D114/><U111/><E111/><V120/><F120/><W12/><G135/><T17/><D34/><U39/><E39/><V125/><F125/><W61/><G61/><T10/><REACH who="0" step="1"/><D88/><REACH who="0" ten="176,314,250,250" step="2"/><U71/><E71/><V63/><F63/><W60/><G60/><T72/><D72/><U77/><E119/><V31/><F62/><W112/><G112/><T44/><D44/><U19/><E117/><V32/><F32/><W79/><G79/><T66/><D66/><U40/><E77/><V89/><F59/><W127/><G127/><T37/><AGARI ba="0,1" hai="10,15,17,24,27,37,42,47,48,50,51,73,78,82" machi="37" ten="30,7900,0" yaku="1,1,0,1,52,2,53,0" doraHai="22" doraHaiUra="54" who="0" fromWho="0" sc="176,89,314,-39,250,-20,250,-20" /><INIT seed="2,0,0,0,2,37" ten="265,275,230,230" oya="2" hai0="105,46,11,48,18,38,78,80,102,47,63,94,32" hai1="87,23,60,61,106,108,29,55,126,65,68,42,62" hai2="98,49,71,124,15,2,57,99,84,112,35,93,72" hai3="54,51,103,21,134,56,129,114,17,70,64,10,89"/><V22/><F112/><W9/><G129/><T125/><D105/><U6/><E106/><V27/><F124/><W74/><G134/><T73/><D32/><U88/><E126/><V13/><F2/><W83/><G114/><T31/><D31/><U40/><E108/><V75/><F71/><W12/><G103/><T36/><D125/><U113/><E113/><V39/><F39/><W4/><G4/><T67/><D46/><U44/><E6/><V110/><F110/><W128/><G128/><T69/><D102/><U3/><E3/><V28/><F72/><W131/><G131/><T135/><D135/><U85/><E85/><V82/><F75/><W26/><G26/><T132/><D132/><U7/><E7/><V109/><F109/><W14/><G14/><N who="2" m="5129" /><F35/><W92/><G70/><T127/><D127/><U91/><E65/><V115/><F115/><W0/><G0/><T53/><D94/><N who="1" m="54559" /><E91/><N who="2" m="53479" /><F82/><W1/><G1/><T133/><D133/><U96/><E96/><V81/><F81/><W116/><G116/><T25/><D25/><N who="1" m="16575" /><E68/><V79/><F79/><W101/><G74/><T50/><D38/><U121/><E121/><V77/><F77/><W107/><G107/><T100/><D36/><U52/><E55/><AGARI ba="0,0" hai="22,27,28,49,55,57,98,99" m="53479,5129" machi="55" ten="30,1500,0" yaku="8,1" doraHai="37" who="2" fromWho="1" sc="265,0,275,-15,230,15,230,0" /><INIT seed="2,1,0,5,3,41" ten="265,260,245,230" oya="2" hai0="130,108,122,58,54,64,7,29,48,69,110,35,0" hai1="27,102,101,131,81,85,15,91,124,5,63,116,26" hai2="12,20,90,28,87,117,133,57,83,24,115,17,49" hai3="34,111,38,62,21,37,79,73,70,95,118,71,16"/><V76/><F115/><W132/><G118/><T30/><D122/><U125/><E116/><V65/><F117/><W114/><G34/><T45/><D130/><U56/><E131/><V50/><F133/><W4/><G132/><T96/><D69/><U31/><E15/><V98/><F65/><W109/><G114/><T44/><D64/><U33/><E26/><V75/><F57/><W94/><G4/><T32/><D96/><U113/><E5/><V22/><REACH who="2" step="1"/><F98/><REACH who="2" ten="265,260,235,230" step="2"/><W99/><G99/><T119/><D119/><U13/><E113/><V51/><F51/><W134/><G134/><T52/><D58/><U103/><REACH who="1" step="1"/><E13/><REACH who="1" ten="265,250,235,230" step="2"/><V97/><F97/><W135/><G135/><T82/><D0/><U126/><E126/><V19/><F19/><W18/><G18/><T66/><D7/><U105/><E105/><V3/><F3/><W8/><G16/><T60/><D30/><U112/><E112/><V104/><F104/><W100/><G111/><T92/><D29/><U129/><E129/><V128/><F128/><W61/><G109/><T1/><D1/><U74/><E74/><V77/><F77/><W46/><G79/><T121/><D110/><U67/><AGARI ba="1,2" hai="27,31,33,56,63,67,81,85,91,101,102,103,124,125" machi="67" ten="30,4000,0" yaku="1,1,0,1,53,1" doraHai="41" doraHaiUra="80" who="1" fromWho="1" sc="265,-11,250,63,235,-21,230,-11" /><INIT seed="3,0,0,5,1,1" ten="254,313,214,219" oya="3" hai0="7,78,55,26,81,19,73,135,118,9,4,18,95" hai1="133,110,86,65,91,38,44,33,132,112,45,131,93" hai2="22,115,61,62,57,101,119,29,63,79,43,58,75" hai3="48,30,39,72,130,47,46,3,84,56,66,24,92"/><W117/><G117/><T13/><D118/><U94/><E112/><V64/><F115/><W68/><G72/><T71/><D71/><U14/><E33/><V70/><F119/><W113/><G113/><T10/><D135/><N who="1" m="51787" /><E110/><V0/><F0/><W116/><G116/><T82/><D26/><U27/><E131/><V97/><F43/><W74/><G74/><T128/><D128/><U90/><E27/><N who="2" m="16631" /><F70/><W83/><G130/><T69/><D69/><U52/><E38/><V121/><F121/><W102/><G68/><T20/><D20/><U35/><E35/><V59/><F75/><W98/><G3/><T114/><D114/><U11/><E52/><N who="2" m="33959" /><F79/><W23/><G39/><T36/><D36/><U88/><E65/><N who="2" m="39127" /><F97/><W109/><G109/><T28/><D73/><U100/><E44/><V49/><F101/><W134/><G134/><T85/><D28/><U125/><E125/><V34/><F34/><W80/><G80/><T60/><D82/><U5/><E45/><V16/><F49/><W129/><G129/><T50/><D50/><U104/><E104/><V122/><F122/><W67/><G67/><T31/><D31/><U54/><E54/><V105/><F105/><W127/><G127/><T17/><D55/><U37/><E37/><V99/><F99/><AGARI ba="0,0" hai="5,11,14,86,88,90,91,93,94,99,100" m="51787" machi="99" ten="30,3900,0" yaku="20,1,52,1,54,1" doraHai="1" who="1" fromWho="2" sc="254,0,313,39,214,-39,219,0" owari="254,5.4,352,45.2,175,-32.5,219,-18.1" /></mjloggm>