<mjloggm ver="2.3"><GO type="225" lobby="0"/><UN n0="%6D%61%74%69%67%75%73%61" n1="%E5%B8%86%E7%AB%8B%E5%A4%8F%E8%A1%A3" n2="%E3%81%95%E3%81%8D%E3%81%9F%E3%81%BE%E6%9E%97%E6%AA%8E" n3="%E3%82%BC%E3%83%AB%E3%83%80%E3%81%AE%E4%BC%9D%E8%AA%AC" dan="17,17,16,17" rate="2104.76,2257.30,2163.77,2146.52" sx="M,M,M,M"/><TAIKYOKU oya="0"/><INIT seed="0,0,0,3,1,79" ten="250,250,250,250" oya="0" hai0="133,16,4,44,1,115,33,129,5,80,122,105,85" hai1="74,117,72,97,102,70,40,99,48,25,38,55,50" hai2="86,103,66,57,26,41,14,34,36,31,63,23,101" hai3="53,73,118,68,15,119,93,132,27,127,0,104,88"/><T124/><D105/><U6/><E117/><V111/><F111/><W109/><G0/><T35/><D115/><U58/><E6/><V18/><F36/><W61/><G104/><T67/><D122/><U59/><E38/><V130/><F130/><W98/><G73/><T112/><D67/><U49/><E70/><V134/><F134/><W54/><G15/><T24/><D112/><U2/><E2/><V96/><F41/><W10/><G10/><T3/><D44/><U7/><E7/><V128/><F128/><W125/><G27/><T90/><D124/><N who="3" m="47689" /><G109/><T17/><D129/><U75/><E25/><V135/><F135/><W56/><G68/><T108/><D108/><U120/><E120/><V114/><F114/><W51/><G132/><T43/><D43/><U83/><E102/><V52/><F66/><W28/><G28/><T95/><D133/><U39/><E39/><V47/><F47/><AGARI ba="0,0" hai="47,51,53,54,56,61,88,93,98,118,119" m="47689" machi="47" ten="30,2000,0" yaku="18,1,54,1" doraHai="79" who="3" fromWho="2" sc="250,0,250,0,250,-20,250,20" /><INIT seed="1,0,0,4,0,50" ten="250,250,230,270" oya="1" hai0="84,123,117,102,119,68,78,112,26,106,5,95,33" hai1="45,98,115,110,20,63,92,73,48,23,77,101,104" hai2="132,43,42,56,108,86,40,135,76,0,116,17,13" hai3="75,87,59,4,133,35,44,9,94,82,61,127,71"/><U16/><E115/><V46/><F116/><W69/><G35/><T66/><D5/><U134/><E134/><N who="2" m="51243" /><F0/><W129/><G133/><T70/><D70/><U10/><E110/><V39/><F39/><W122/><G122/><T6/><D6/><U85/><E104/><V83/><F108/><W130/><G94/><T105/><D66/><U53/><E73/><V90/><F76/><W47/><G75/><T32/><D26/><U49/><E63/><V12/><F56/><W118/><G127/><T103/><D95/><N who="1" m="58591" /><E49/><N who="2" m="26823" /><F12/><W64/><G118/><T55/><D68/><U67/><E67/><V93/><F83/><W1/><G69/><T120/><D78/><U80/><E92/><V96/><F86/><W2/><G2/><T131/><D84/><U114/><E114/><V79/><F79/><N who="3" m="46559" /><G71/><T8/><D112/><U15/><AGARI ba="0,0" hai="10,15,16,20,23,45,48,53,77,80,85" m="58591" machi="15" ten="30,6000,0" yaku="8,1,52,1,54,1" doraHai="50" who="1" fromWho="1" sc="250,-20,250,60,230,-20,270,-20" /><INIT seed="1,1,0,3,0,8" ten="230,310,210,250" oya="1" hai0="34,53,77,94,95,11,43,33,109,60,59,69,128" hai1="76,120,89,21,74,18,93,124,0,90,114,129,108" hai2="10,13,132,131,24,56,39,63,44,62,99,26,127" hai3="79,4,46,67,101,31,32,107,35,20,7,51,110"/><U40/><E114/><V38/><F132/><W27/><G110/><T52/><D69/><U5/><E120/><V91/><F131/><W61/><G79/><T134/><D43/><U47/><E124/><V12/><F127/><W73/><G73/><T78/><D109/><U22/><E129/><V85/><F39/><W58/><G107/><T25/><D128/><U88/><E108/><V17/><F38/><W92/><G35/><T112/><D112/><U96/><E22/><N who="2" m="11559" /><F99/><N who="3" m="59623" /><G32/><T1/><D134/><U123/><E123/><V75/><F75/><W80/><G80/><T3/><D11/><U87/><E74/><V115/><F115/><W113/><G113/><T15/><D59/><U81/><E5/><N who="2" m="3279" /><F44/><W14/><G14/><T6/><D15/><N who="1" m="9439" /><E0/><V122/><F122/><W19/><G19/><T84/><D6/><U16/><E16/><V82/><F63/><W42/><AGARI ba="1,0" hai="4,7,20,27,31,42,46,51,58,61,67" m="59623" machi="42" ten="30,2000,0" yaku="25,1,8,1" doraHai="8" who="3" fromWho="3" sc="230,-6,310,-11,210,-6,250,23" /><INIT seed="2,0,0,1,2,119" ten="224,299,204,273" oya="2" hai0="33,65,9,36,129,72,125,57,47,130,6,59,122" hai1="24,29,27,22,7,102,4,15,118,96,112,121,49" hai2="38,25,117,68,104,76,93,56,85,114,31,81,78" hai3="32,13,89,5,17,124,70,48,67,34,23,37,91"/><V64/><F114/><W113/><G37/><T12/><D33/><U84/><E112/><V97/><F117/><W135/><G113/><T107/><D107/><U128/><E128/><N who="0" m="49257" /><D72/><U105/><E118/><V52/><F38/><W134/><G124/><T62/><D125/><U131/><E131/><V19/><F104/><W103/><G103/><T120/><D57/><U21/><E15/><V11/><F68/><W1/><G48/><T10/><D9/><U108/><E108/><V61/><F64/><W3/><G91/><T116/><D116/><U2/><E2/><N who="3" m="522" /><G89/><T30/><D30/><U73/><E73/><V98/><F78/><W18/><G5/><T123/><D36/><U0/><E0/><V35/><REACH who="2" step="1"/><F93/><REACH who="2" ten="224,299,194,273" step="2"/><W75/><G67/><T54/><D47/><U60/><E105/><V79/><F79/><W95/><G95/><T51/><D65/><U99/><E102/><V101/><F101/><W46/><G46/><T126/><D126/><U127/><E127/><V26/><F26/><N who="3" m="14703" /><G70/><T109/><D109/><U88/><E88/><V42/><F42/><W14/><G135/><T39/><D39/><U53/><E53/><V82/><F82/><W86/><G134/><T44/><D44/><U16/><E27/><V41/><F41/><W87/><G32/><T69/><D69/><U92/><E92/><V55/><F55/><W71/><G34/><T8/><D8/><U90/><E90/><V43/><F43/><W80/><G71/><T133/><D133/><U115/><E115/><V74/><F74/><W20/><G75/><T45/><D45/><U94/><E94/><RYUUKYOKU ba="0,1" sc="224,15,299,-15,194,15,273,-15" hai0="6,10,12,51,54,59,62,120,122,123" hai2="11,19,25,31,35,52,56,61,76,81,85,97,98" /><INIT seed="2,1,1,1,0,95" ten="239,284,209,258" oya="2" hai0="40,86,60,81,16,104,35,21,29,92,111,17,129" hai1="34,74,108,120,20,13,55,62,64,12,69,87,77" hai2="0,105,48,80,124,132,18,4,31,65,123,25,115" hai3="84,59,96,76,116,90,27,53,6,41,19,44,68"/><V114/><F123/><W122/><G68/><T83/><D104/><U70/><E34/><V91/><F105/><W73/><G116/><T133/><D35/><U24/><E74/><V71/><F71/><W93/><G122/><T54/><D111/><U5/><E108/><V82/><F65/><W121/><G121/><T63/><D129/><U106/><E106/><V11/><F132/><W109/><G109/><T66/><D40/><U79/><E70/><V43/><F124/><W26/><G6/><T30/><D66/><U15/><E120/><V99/><F18/><W47/><G73/><T3/><D3/><U37/><E37/><V52/><F43/><W100/><G76/><T36/><D36/><U10/><E55/><V45/><F82/><N who="3" m="49431" /><G19/><T75/><D75/><U38/><E38/><V2/><F2/><W119/><G119/><T130/><D130/><U126/><E126/><V14/><F0/><W50/><G44/><T94/><D21/><U78/><REACH who="1" step="1"/><E87/><REACH who="1" ten="239,274,209,258" step="2"/><N who="2" m="50663" /><F115/><W23/><G41/><T58/><D86/><U1/><E1/><V49/><F114/><W117/><G117/><T22/><D22/><U131/><E131/><V102/><F49/><W103/><G23/><T98/><D133/><U107/><E107/><V46/><F48/><W97/><G47/><T112/><D112/><U101/><E101/><V110/><F110/><W32/><G32/><T88/><D58/><U125/><E125/><V72/><F72/><W7/><G59/><T127/><D127/><U113/><E113/><V42/><F46/><W135/><G135/><T9/><D54/><U89/><E89/><RYUUKYOKU ba="1,2" sc="239,-10,274,30,209,-10,258,-10" hai1="5,10,12,13,15,20,24,62,64,69,77,78,79" /><INIT seed="3,2,2,2,3,19" ten="229,304,199,248" oya="3" hai0="62,12,111,1,119,56,81,46,45,20,48,69,96" hai1="79,28,33,41,52,105,74,125,7,16,27,38,88" hai2="26,127,11,129,130,0,93,114,6,87,4,103,123" hai3="92,21,60,61,117,24,99,134,128,84,89,34,97"/><W58/><G117/><T109/><D1/><U76/><E105/><V132/><F114/><W71/><G34/><T54/><D119/><U23/><E7/><N who="2" m="1511" /><F103/><W13/><G134/><T14/><D69/><U75/><E41/><V17/><F93/><W100/><G128/><N who="2" m="49257" /><F87/><W133/><G133/><T77/><D96/><U101/><E38/><V55/><F132/><W66/><G13/><T124/><D124/><U64/><E125/><V15/><F127/><W57/><G71/><T95/><D95/><U36/><E64/><V9/><F123/><W86/><G89/><T131/><D131/><U49/><E36/><V43/><F43/><W53/><G97/><T82/><D82/><U102/><E75/><V29/><F55/><W50/><G61/><T40/><D81/><U91/><E74/><V107/><F107/><W35/><G35/><AGARI ba="2,2" hai="4,6,9,15,17,26,29,35" m="49257,1511" machi="35" ten="30,3900,0" yaku="19,1,34,2" doraHai="19" who="2" fromWho="3" sc="229,0,304,0,199,65,248,-45" owari="229,-17.1,304,40.4,264,6.4,203,-29.7" /></mjloggm>