<mjloggm ver="2.3"><GO type="225" lobby="0"/><UN n0="%E3%82%BC%E3%83%AB%E3%83%80%E3%81%AE%E4%BC%9D%E8%AA%AC" n1="%79%7A%68%61%6E%67" n2="%E3%81%8B%E3%82%8F%E3%81%A1%E3%82%83%E3%82%93%35%38" n3="%E5%8D%A0%E3%81%84%E5%B8%AB%E8%A3%8F%E3%81%AA%E3%81%84%E3%81%97" dan="17,16,16,17" rate="2141.18,2167.10,2146.65,2281.18" sx="M,M,M,M"/><TAIKYOKU oya="0"/><INIT seed="0,0,0,2,0,87" ten="250,250,250,250" oya="0" hai0="14,46,0,82,89,51,8,101,63,130,66,67,20" hai1="76,126,85,49,57,125,106,117,25,58,70,83,59" hai2="127,16,90,27,26,33,107,5,96,109,34,2,64" hai3="129,84,28,40,72,86,123,111,32,108,132,75,19"/><T116/><D116/><U71/><E117/><V31/><F109/><N who="3" m="42059" /><G132/><T29/><D130/><U128/><E128/><V81/><F127/><N who="1" m="48649" /><E106/><V91/><F81/><W122/><G129/><T79/><D101/><U113/><E113/><V61/><F2/><W43/><G19/><T22/><D0/><U21/><E49/><V119/><F5/><W4/><G4/><T114/><D114/><U80/><E83/><V118/><F118/><W18/><G18/><AGARI ba="0,0" hai="18,21,25,57,58,59,70,71,76,80,85" m="48649" machi="18" ten="30,1000,0" yaku="18,1" doraHai="87" who="1" fromWho="3" sc="250,0,250,10,250,0,250,-10" /><INIT seed="1,0,0,3,3,84" ten="250,260,250,240" oya="1" hai0="22,69,10,31,93,104,120,61,106,57,113,77,79" hai1="119,131,27,87,60,5,47,75,125,62,89,80,111" hai2="33,36,18,109,130,13,3,9,101,56,121,8,76" hai3="117,124,1,85,105,51,123,100,7,114,14,67,103"/><U59/><E119/><V112/><F36/><W68/><G123/><T38/><D113/><U53/><E131/><V72/><F101/><W32/><G117/><T83/><D69/><U96/><E125/><V81/><F121/><W25/><G124/><T37/><D120/><U129/><E129/><V122/><F122/><W70/><G114/><T45/><D10/><U99/><E75/><V126/><F130/><W39/><G39/><T29/><D93/><U54/><E111/><V64/><F126/><W30/><G1/><T35/><D22/><U97/><E5/><V135/><F112/><W95/><G105/><T90/><D35/><U28/><E47/><V65/><F33/><W134/><G134/><T63/><D57/><U19/><E19/><V128/><F128/><W52/><G67/><T12/><D12/><U34/><REACH who="1" step="1"/><E62/><REACH who="1" ten="250,250,250,240" step="2"/><V88/><F109/><W73/><G73/><T91/><D45/><U115/><E115/><V82/><F135/><W17/><G7/><T108/><D108/><U4/><E4/><V46/><F46/><N who="3" m="27767" /><G68/><T66/><D66/><AGARI ba="0,1" hai="27,28,34,53,54,59,60,66,80,87,89,96,97,99" machi="66" ten="40,3900,0" yaku="1,1,52,1,53,0" doraHai="84" doraHaiUra="2" who="1" fromWho="0" sc="250,-39,250,49,250,0,240,0" /><INIT seed="1,1,0,5,5,120" ten="211,299,250,240" oya="1" hai0="62,119,102,109,125,123,106,112,100,13,91,79,57" hai1="115,4,46,84,107,65,118,72,55,23,26,67,128" hai2="76,130,127,45,111,134,73,126,86,66,85,129,29" hai3="81,10,114,132,83,24,89,122,56,69,8,50,42"/><U20/><E72/><V64/><F29/><W101/><G122/><T108/><D123/><U27/><E118/><V60/><F73/><W92/><G69/><T124/><D112/><U17/><E115/><V99/><F111/><N who="0" m="42570" /><D119/><U53/><E107/><V110/><F110/><W35/><G132/><T19/><D91/><U117/><E117/><V34/><F34/><W40/><G114/><T43/><D43/><U30/><E128/><N who="2" m="49259" /><F134/><W7/><G101/><N who="0" m="39019" /><D79/><U36/><E36/><V47/><F99/><W0/><G40/><T90/><D90/><U95/><E4/><V97/><F97/><W3/><G42/><T78/><D78/><U121/><E121/><V77/><F77/><W12/><G89/><T49/><D49/><N who="1" m="28855" /><E55/><V116/><F116/><W113/><G113/><T71/><D71/><U21/><E65/><N who="2" m="25195" /><F60/><W2/><G7/><T9/><D106/><U70/><E70/><V82/><F85/><W11/><G50/><T96/><D96/><U31/><E84/><V105/><F105/><W38/><G38/><T75/><D75/><U87/><E87/><V14/><F86/><W41/><G41/><T103/><N who="0" m="39027" /><T51/><DORA hai="32" /><D51/><U1/><E67/><AGARI ba="1,0" hai="9,13,19,57,62,67,124,125" m="39027,42570" machi="67" ten="40,8000,1" yaku="14,1,52,3" doraHai="120,32" who="0" fromWho="1" sc="211,83,299,-83,250,0,240,0" /><INIT seed="2,0,0,5,2,73" ten="294,216,250,240" oya="2" hai0="43,15,64,46,131,111,67,28,71,8,78,112,37" hai1="100,130,70,29,85,24,128,27,90,66,56,62,104" hai2="44,0,86,23,132,54,107,133,103,106,7,98,80" hai3="6,89,129,109,50,57,31,116,30,81,51,120,88"/><V61/><F0/><W16/><G116/><T22/><D112/><U19/><E19/><V79/><F7/><W1/><G120/><T123/><D123/><U99/><E56/><V118/><F118/><W115/><G109/><T60/><D111/><U42/><E42/><V13/><F106/><W26/><G115/><T93/><D131/><U47/><E47/><V125/><F125/><W4/><G129/><N who="1" m="49770" /><E29/><N who="3" m="10762" /><G1/><T18/><D67/><U102/><E102/><V49/><REACH who="2" step="1"/><F61/><REACH who="2" ten="294,216,240,240" step="2"/><W110/><G110/><T121/><D121/><U117/><E117/><V72/><F72/><W96/><G4/><T14/><D60/><U40/><E40/><V35/><F35/><W34/><G34/><T122/><D43/><U75/><E75/><V55/><F55/><W25/><G6/><T65/><D122/><U63/><E62/><V134/><F134/><W45/><G51/><T127/><D127/><U124/><E124/><V108/><F108/><W9/><G50/><T33/><D33/><U3/><E3/><V39/><F39/><W77/><G26/><T36/><D36/><U114/><E114/><V83/><F83/><AGARI ba="0,1" hai="24,27,63,66,70,83,85,90,99,100,104" m="49770" machi="83" ten="30,1000,0" yaku="19,1" doraHai="73" who="1" fromWho="2" sc="294,0,216,20,240,-10,240,0" /><INIT seed="3,0,0,5,5,34" ten="294,236,230,240" oya="3" hai0="53,14,127,3,85,44,30,134,92,11,38,110,132" hai1="24,111,115,56,81,48,28,106,86,31,123,103,64" hai2="74,39,12,108,41,1,33,131,118,47,80,93,5" hai3="7,109,63,88,16,82,91,50,105,37,69,15,54"/><W107/><G37/><T2/><D110/><U19/><E123/><V125/><F118/><W40/><G109/><T45/><D30/><U133/><E115/><V61/><F108/><W20/><G40/><N who="0" m="22551" /><D127/><U135/><E111/><V75/><F33/><W26/><G105/><T46/><D85/><U79/><E19/><V62/><F125/><W49/><G107/><T9/><D92/><U104/><E28/><V97/><F12/><W128/><G128/><T32/><D32/><N who="1" m="20583" /><E103/><N who="2" m="60847" /><F75/><W52/><G69/><T73/><D73/><U96/><E96/><V55/><F55/><N who="3" m="21035" /><G63/><T57/><D46/><U67/><E48/><N who="3" m="18538" /><G82/><T4/><D45/><U121/><E121/><V51/><F51/><W129/><G129/><T59/><D53/><U119/><E119/><V43/><F43/><W77/><G77/><T27/><D57/><U84/><E56/><V66/><F66/><N who="1" m="25129" /><E84/><V10/><F131/><W117/><G117/><T120/><D59/><U90/><E79/><AGARI ba="0,0" hai="1,5,10,39,41,47,61,62,74,79,80" m="60847" machi="79" ten="30,2000,0" yaku="25,1,52,1" doraHai="34" who="2" fromWho="1" sc="294,0,236,-20,230,20,240,0" /><INIT seed="4,0,0,5,3,19" ten="294,216,250,240" oya="0" hai0="119,11,109,49,73,24,121,55,62,132,124,111,52" hai1="20,107,74,113,82,37,81,131,51,45,50,78,98" hai2="13,16,129,28,7,34,44,63,42,116,60,26,125" hai3="68,72,9,69,127,85,95,89,21,8,114,33,115"/><T128/><D119/><U23/><E131/><V65/><F129/><W123/><G33/><T94/><D128/><U112/><E81/><V80/><F116/><W105/><G127/><T57/><D121/><U29/><E37/><V122/><F122/><W43/><G123/><T91/><D73/><U77/><E77/><V84/><F7/><W99/><G72/><T17/><D124/><U58/><E58/><V103/><F103/><W133/><G43/><T15/><D132/><U126/><E126/><V59/><F125/><W36/><G36/><T56/><REACH who="0" step="1"/><D24/><REACH who="0" ten="284,216,250,240" step="2"/><U70/><E70/><V106/><F106/><W66/><G68/><T30/><D30/><U92/><E107/><V3/><F26/><W135/><G69/><T25/><D25/><U100/><E29/><V134/><F28/><W47/><G105/><T75/><D75/><U40/><REACH who="1" step="1"/><E50/><REACH who="1" ten="284,206,250,240" step="2"/><V35/><F134/><W79/><G133/><T48/><D48/><U110/><E110/><V67/><F63/><W46/><G135/><T76/><D76/><U14/><E14/><V12/><F12/><W102/><G79/><T97/><AGARI ba="0,2" hai="11,15,17,49,52,55,56,57,62,91,94,97,109,111" machi="97" ten="30,11700,0" yaku="1,1,0,1,54,1,53,1" doraHai="19" doraHaiUra="88" who="0" fromWho="0" sc="284,137,206,-39,250,-39,240,-39" owari="421,52.1,167,-33.3,211,1.1,201,-19.9" /></mjloggm>