<mjloggm ver="2.3"><GO type="225" lobby="0"/><UN n0="%E3%81%8B%E3%82%8F%E3%81%A1%E3%82%83%E3%82%93%35%38" n1="%E6%81%A5%E6%99%92%E3%81%97" n2="%EF%BC%AE%EF%BC%A1%EF%BC%AF%33%33%39" n3="%E3%81%AF%E3%82%88%E3%81%8A%E3%81%98%E3%81%95%E3%82%93" dan="16,16,16,17" rate="2129.26,2084.86,2107.11,2134.82" sx="M,M,M,M"/><TAIKYOKU oya="0"/><INIT seed="0,0,0,4,3,31" ten="250,250,250,250" oya="0" hai0="59,68,50,57,122,24,67,109,48,22,4,70,104" hai1="61,82,27,47,46,33,83,125,131,79,95,74,32" hai2="126,89,115,7,129,85,36,135,34,133,13,58,45" hai3="100,108,118,21,63,28,71,3,99,1,23,38,119"/><T12/><D122/><U113/><E125/><V64/><F115/><W105/><G38/><T62/><D104/><U54/><E131/><V134/><F126/><W14/><G108/><T103/><D103/><U116/><E116/><V37/><F129/><W10/><G118/><T16/><D109/><U69/><E113/><V41/><F34/><W9/><G119/><T5/><D68/><U53/><E95/><V106/><F106/><W114/><G114/><T8/><D70/><U120/><E120/><V17/><F7/><N who="0" m="2634" /><D59/><U25/><E69/><V81/><F58/><W94/><G105/><T72/><D72/><U128/><E128/><V56/><F56/><W42/><G42/><T19/><AGARI ba="0,0" hai="8,12,16,19,22,24,48,50,57,62,67" m="2634" machi="19" ten="30,3000,0" yaku="8,1,54,1" doraHai="31" who="0" fromWho="0" sc="250,30,250,-10,250,-10,250,-10" /><INIT seed="0,1,0,4,3,92" ten="280,240,240,240" oya="0" hai0="38,22,12,89,111,3,79,25,65,68,42,86,32" hai1="57,110,101,98,63,0,41,50,129,112,122,123,24" hai2="127,33,10,94,102,55,90,43,1,34,72,134,47" hai3="104,39,8,95,27,107,115,35,103,118,71,53,83"/><T80/><D3/><U116/><E116/><V81/><F134/><W5/><G118/><T2/><D2/><U45/><E0/><V109/><F55/><W20/><G35/><T93/><D111/><U4/><E110/><V19/><F109/><W87/><G39/><T7/><D32/><U133/><E4/><V100/><F100/><W96/><G71/><T61/><D38/><U15/><E15/><V76/><F102/><W26/><G115/><T69/><D42/><U48/><E112/><V6/><F19/><W97/><G53/><T130/><D130/><U17/><E129/><V46/><F46/><W82/><G82/><T30/><D12/><U21/><E50/><V120/><F120/><W117/><G117/><T88/><D7/><U14/><E14/><V91/><F91/><W49/><G49/><T77/><REACH who="0" step="1"/><D68/><REACH who="0" ten="270,240,240,240" step="2"/><U121/><E133/><V114/><F114/><W131/><G131/><T9/><D9/><U40/><E40/><V28/><F34/><W126/><G8/><T75/><D75/><U54/><REACH who="1" step="1"/><E122/><REACH who="1" ten="270,230,240,240" step="2"/><V44/><F43/><W74/><G5/><T84/><AGARI ba="1,2" hai="22,25,30,61,65,69,77,79,80,84,86,88,89,93" machi="84" ten="20,12000,1" yaku="1,1,0,1,7,1,54,1,53,1" doraHai="92" doraHaiUra="67" who="0" fromWho="0" sc="270,143,230,-41,240,-41,240,-41" /><INIT seed="0,2,0,4,3,11" ten="413,189,199,199" oya="0" hai0="108,113,77,23,28,22,47,87,55,93,68,133,44" hai1="34,99,16,78,80,82,35,105,66,24,6,90,3" hai2="45,129,92,51,135,0,65,91,15,67,118,103,13" hai3="12,25,50,57,62,110,106,102,9,2,39,107,60"/><T30/><D68/><U89/><E66/><N who="2" m="25099" /><F0/><W122/><G39/><T1/><D1/><U63/><E63/><V36/><F36/><W134/><G2/><T19/><D113/><U127/><E127/><V48/><F129/><W119/><G119/><T54/><D133/><U75/><E3/><V120/><F120/><W88/><G122/><T71/><D71/><U86/><E6/><V70/><F70/><W100/><G134/><T95/><D87/><U76/><E76/><V46/><F103/><N who="3" m="39467" /><G106/><T104/><D19/><U18/><E105/><V26/><F26/><W29/><G107/><T109/><D104/><U56/><E56/><V17/><F17/><W61/><G110/><T40/><D40/><U79/><E79/><AGARI ba="2,0" hai="22,23,28,30,44,47,54,55,77,79,93,95,108,109" machi="79" ten="25,2400,0" yaku="22,2" doraHai="11" who="0" fromWho="1" sc="413,30,189,-30,199,0,199,0" /><INIT seed="0,3,0,4,5,53" ten="443,159,199,199" oya="0" hai0="16,62,28,77,8,128,7,95,4,130,101,80,11" hai1="78,116,24,22,75,97,29,129,50,2,82,61,93" hai2="43,81,45,135,30,72,132,46,85,88,89,48,17" hai3="35,23,104,69,26,79,38,15,111,120,119,70,12"/><T106/><D106/><U25/><E116/><V60/><F72/><W134/><G119/><T3/><D28/><U71/><E129/><V127/><F30/><W41/><G104/><T123/><D123/><U19/><E2/><V102/><F102/><W37/><G79/><T27/><D62/><U110/><E110/><V100/><F100/><W68/><G111/><T20/><D95/><U121/><E121/><V59/><F127/><W40/><G120/><T124/><D101/><U64/><E50/><V98/><F45/><W21/><G35/><T14/><REACH who="0" step="1"/><D124/><REACH who="0" ten="433,159,199,199" step="2"/><U13/><REACH who="1" step="1"/><E29/><REACH who="1" ten="433,149,199,199" step="2"/><V5/><F132/><W87/><G134/><T39/><D39/><U133/><E133/><V44/><F135/><W96/><G38/><T6/><D6/><U126/><E126/><V56/><F5/><W84/><G37/><T36/><D36/><U54/><E54/><V112/><F17/><W10/><G41/><T118/><D118/><U31/><E31/><V86/><F43/><W67/><G40/><T32/><D32/><U65/><E65/><V33/><F33/><W58/><G67/><T57/><D57/><U47/><E47/><V105/><F46/><W114/><G58/><T18/><D18/><U49/><E49/><V34/><F44/><W103/><G70/><T92/><D92/><U55/><E55/><V83/><F48/><W52/><G52/><T113/><D113/><U90/><AGARI ba="3,2" hai="13,19,22,24,25,61,64,71,75,78,82,90,93,97" machi="90" ten="20,2700,0" yaku="1,1,0,1,7,1,53,0" doraHai="53" doraHaiUra="117" who="1" fromWho="1" sc="433,-16,149,56,199,-10,199,-10" /><INIT seed="1,0,0,4,1,114" ten="417,205,189,189" oya="1" hai0="0,12,41,110,115,86,124,131,58,37,22,94,10" hai1="16,62,2,75,70,65,45,29,64,121,80,50,47" hai2="40,109,92,103,120,56,134,118,24,107,130,78,128" hai3="43,76,34,33,7,38,59,19,20,83,18,82,46"/><U108/><BYE who="3" /><BYE who="0" /><E121/><V61/><F120/><W51/><G51/><T132/><D132/><U53/><E2/><UN n0="%E3%81%8B%E3%82%8F%E3%81%A1%E3%82%83%E3%82%93%35%38" /><V60/><F107/><W102/><G102/><T87/><D115/><U49/><E29/><V125/><F78/><W88/><G88/><T42/><D37/><U23/><E108/><V68/><F40/><N who="0" m="15466" /><D0/><U55/><E65/><N who="2" m="40999" /><F24/><W1/><G1/><T44/><D124/><U52/><E55/><N who="2" m="33951" /><F92/><UN n3="%E3%81%AF%E3%82%88%E3%81%8A%E3%81%98%E3%81%95%E3%82%93" /><W27/><G7/><T25/><D44/><U5/><E5/><V39/><F103/><W36/><G36/><T116/><D131/><N who="2" m="50218" /><F39/><W93/><G34/><T3/><D94/><U15/><E80/><V99/><F99/><W96/><G33/><T9/><D87/><U11/><E75/><V66/><F134/><W129/><G129/><T105/><D86/><U112/><E112/><V67/><F109/><W135/><G135/><T84/><D84/><U35/><E35/><V91/><F91/><W111/><G111/><T14/><D105/><U81/><E81/><V123/><F123/><W98/><G18/><T28/><D110/><U54/><E54/><V63/><F125/><W8/><G8/><AGARI ba="0,0" hai="8,11,15,16,23,45,47,49,50,52,53,62,64,70" machi="8" ten="40,7700,0" yaku="9,1,54,2" doraHai="114" who="1" fromWho="3" sc="417,0,205,77,189,0,189,-77" /><INIT seed="1,1,0,1,4,30" ten="417,282,189,112" oya="1" hai0="80,37,82,51,52,34,58,0,39,68,95,48,104" hai1="90,29,92,63,88,109,11,129,86,38,31,83,45" hai2="14,115,24,47,66,9,79,121,93,98,49,22,16" hai3="87,81,19,25,91,70,64,103,84,33,60,75,28"/><U44/><E129/><V120/><F115/><W111/><G111/><T119/><D104/><U15/><E109/><V126/><F66/><W96/><G19/><T20/><D119/><U65/><E31/><V62/><F62/><W127/><G127/><T107/><D107/><U36/><E29/><V101/><F79/><W55/><G55/><T32/><D68/><U4/><E38/><V112/><F112/><W57/><G57/><T99/><D0/><U54/><E54/><V72/><F72/><W125/><G125/><T89/><D37/><U5/><E5/><V18/><REACH who="2" step="1"/><F126/><REACH who="2" ten="417,282,179,112" step="2"/><W114/><G114/><T74/><D74/><U13/><E36/><V53/><AGARI ba="1,1" hai="9,14,16,18,22,24,47,49,53,93,98,101,120,121" machi="53" ten="20,8000,1" yaku="1,1,2,1,0,1,7,1,54,1,53,0" doraHai="30" doraHaiUra="131" who="2" fromWho="2" sc="417,-21,282,-41,179,93,112,-21" /><INIT seed="2,0,0,4,2,0" ten="396,241,272,91" oya="2" hai0="117,41,114,10,87,42,12,21,83,71,118,85,89" hai1="50,124,70,20,128,43,15,52,101,3,130,110,51" hai2="11,8,35,81,134,116,22,94,125,93,122,131,119" hai3="23,27,24,33,103,97,6,49,84,107,123,80,45"/><V59/><F35/><W75/><G123/><T96/><D71/><U73/><E70/><V90/><F122/><W76/><G33/><T72/><D72/><U92/><E73/><V66/><F134/><W115/><G115/><T30/><D114/><U82/><E110/><V127/><F22/><W100/><G103/><T65/><D65/><U4/><E124/><V19/><F81/><W37/><G37/><T62/><D62/><U26/><E82/><V91/><F59/><W99/><G99/><T54/><D54/><U61/><E3/><V74/><F74/><W40/><G23/><T34/><D87/><U120/><E120/><V38/><F19/><W63/><G63/><T95/><D34/><U121/><E121/><V9/><F66/><W112/><G112/><T1/><D1/><U57/><E92/><N who="2" m="35435" /><F38/><W105/><G105/><T86/><D86/><U32/><E32/><V77/><F77/><W104/><G107/><T79/><D21/><U2/><E2/><V44/><F44/><W39/><G39/><T64/><D64/><U133/><E133/><V25/><F25/><W56/><G56/><T28/><D118/><N who="2" m="45098" /><F131/><N who="1" m="50217" /><E101/><V135/><F135/><W29/><G75/><T126/><D117/><U102/><E102/><V17/><F17/><W69/><G69/><T88/><D79/><U36/><E36/><V55/><F55/><W13/><G29/><N who="0" m="11371" /><D126/><AGARI ba="0,0" hai="8,9,11,90,91,125,126,127" m="45098,35435" machi="126" ten="40,7700,0" yaku="28,2,18,1" doraHai="0" who="2" fromWho="0" sc="396,-77,241,0,272,77,91,0" /><INIT seed="2,1,0,0,5,122" ten="319,241,349,91" oya="2" hai0="31,87,107,12,33,10,127,48,125,91,13,11,73" hai1="57,60,116,61,118,22,35,111,58,46,50,18,105" hai2="20,115,38,45,19,55,6,34,121,56,53,42,119" hai3="84,114,67,76,65,15,62,0,82,63,132,129,109"/><V96/><F121/><W7/><G129/><T26/><D73/><U80/><E105/><V88/><F34/><W39/><G39/><T101/><D48/><U23/><E35/><V21/><F115/><W51/><G132/><T93/><D107/><U30/><E80/><V14/><F119/><W128/><G128/><T32/><D101/><U108/><E30/><V49/><F6/><W37/><G37/><T72/><D72/><U28/><E28/><V40/><F21/><W69/><G114/><T95/><D31/><U43/><E18/><V124/><F124/><W8/><G51/><T3/><D87/><U106/><E106/><V90/><F42/><W79/><G0/><T41/><D91/><U94/><E94/><V104/><REACH who="2" step="1"/><F55/><REACH who="2" ten="319,241,339,91" step="2"/><W54/><G54/><T89/><D41/><U83/><E23/><V92/><F92/><W77/><REACH who="3" step="1"/><G109/><REACH who="3" ten="319,241,339,81" step="2"/><T71/><D127/><U25/><E116/><V5/><F5/><W64/><G64/><T74/><D125/><U29/><E118/><V68/><F68/><AGARI ba="1,2" hai="7,8,15,62,63,65,67,68,69,76,77,79,82,84" machi="68" ten="30,3900,0" yaku="1,1,7,1,9,1,53,0" doraHai="122" doraHaiUra="135" who="3" fromWho="2" sc="319,0,241,0,339,-42,81,62" /><INIT seed="3,0,0,1,1,72" ten="319,241,297,143" oya="3" hai0="23,101,56,54,55,114,49,8,40,100,68,104,80" hai1="9,88,57,83,67,24,121,66,107,75,29,60,124" hai2="16,14,95,1,96,34,76,4,109,99,135,5,28" hai3="74,131,7,0,45,47,134,106,93,33,103,123,87"/><W22/><G123/><T44/><D68/><U97/><E121/><V17/><F1/><W10/><G33/><T79/><D104/><U108/><E108/><V94/><F109/><W42/><G74/><T32/><D32/><U82/><E124/><V51/><F34/><W92/><G131/><T125/><D125/><U102/><E9/><V2/><F2/><W31/><G134/><T39/><D114/><U89/><E67/><V118/><F28/><W129/><G129/><T117/><D117/><U127/><E127/><V11/><F118/><W58/><G58/><T61/><D23/><U78/><REACH who="1" step="1"/><E83/><REACH who="1" ten="319,231,297,143" step="2"/><V81/><F135/><W111/><G111/><T27/><D8/><U48/><E48/><V52/><F5/><W133/><G133/><T73/><D80/><U84/><E84/><N who="2" m="48167" /><F96/><W13/><G87/><T21/><D73/><U43/><E43/><V59/><F95/><W71/><G71/><T19/><D39/><U50/><E50/><V36/><F36/><W122/><G122/><T25/><D40/><U3/><E3/><V119/><F119/><W53/><G53/><T110/><D110/><U38/><E38/><V112/><F112/><W85/><G42/><T12/><D55/><U20/><AGARI ba="0,1" hai="20,24,29,57,60,66,75,78,82,88,89,97,102,107" machi="20" ten="20,12000,2" yaku="1,1,0,1,7,1,52,1,54,1,53,2" doraHai="72" doraHaiUra="86" who="1" fromWho="1" sc="319,-30,231,130,297,-30,143,-60" owari="289,8.9,361,46.1,267,-13.3,83,-41.7" /></mjloggm>