<mjloggm ver="2.3"><GO type="225" lobby="0"/><UN n0="%E7%99%BD%E5%80%89%E5%AF%9B%E4%B9%8B" n1="%E9%B7%B9%E5%80%89%E6%9D%8F%E9%88%B4" n2="%E6%A1%9C%E6%B2%A2%E5%A2%A8" n3="%6C%65%74%69%74%62%65" dan="16,16,17,16" rate="2135.56,2098.29,2153.92,2118.30" sx="M,F,F,M"/><TAIKYOKU oya="0"/><INIT seed="0,0,0,2,1,121" ten="250,250,250,250" oya="0" hai0="135,41,32,92,59,66,2,10,42,6,63,38,132" hai1="124,29,111,83,34,116,30,100,101,117,18,58,21" hai2="61,128,53,110,95,78,109,70,46,80,77,43,106" hai3="120,127,12,57,94,91,97,72,71,115,39,82,20"/><T25/><D92/><U27/><E124/><V19/><F106/><W98/><G115/><T129/><D129/><U22/><E34/><V68/><F128/><W113/><G71/><T125/><D125/><U88/><E58/><N who="2" m="35023" /><F95/><W14/><G113/><T40/><REACH who="0" step="1"/><D38/><REACH who="0" ten="240,250,250,250" step="2"/><U4/><E117/><V55/><F55/><W69/><G39/><T56/><D56/><U126/><E116/><V17/><F68/><W84/><G57/><T48/><D48/><U81/><E126/><V62/><F70/><W24/><G69/><T1/><D1/><U93/><E93/><V103/><F62/><W122/><G127/><T3/><D3/><U51/><E51/><N who="2" m="27103" /><F103/><W114/><G114/><T50/><D50/><U36/><E36/><V86/><F78/><W75/><G120/><T104/><D104/><U85/><E101/><V8/><F8/><W26/><G122/><T87/><D87/><U134/><E85/><V96/><F96/><W108/><G97/><T16/><D16/><U74/><E18/><V11/><F11/><W5/><G94/><T0/><D0/><U119/><E100/><V23/><F17/><N who="3" m="10279" /><G98/><T35/><D35/><U7/><E119/><V45/><F45/><W102/><G102/><T130/><D130/><U107/><E107/><V99/><F99/><W49/><G49/><T52/><D52/><U118/><E118/><V112/><F112/><W76/><G84/><T13/><D13/><U44/><E44/><V131/><F131/><W15/><G15/><T9/><D9/><U73/><E7/><V65/><F65/><W60/><G5/><T79/><D79/><RYUUKYOKU ba="0,1" sc="240,15,250,-15,250,15,250,-15" hai0="2,6,10,25,32,40,41,42,59,63,66,132,135" hai2="19,23,77,80,86,109,110" /><INIT seed="0,1,1,4,3,25" ten="255,235,265,235" oya="0" hai0="13,73,99,61,131,133,89,81,93,128,108,5,114" hai1="82,39,69,74,22,26,79,85,60,7,111,75,90" hai2="8,51,78,97,91,29,56,1,62,76,119,50,57" hai3="17,72,112,68,135,53,49,45,63,70,52,24,11"/><T65/><D114/><U87/><E39/><V98/><F119/><W71/><G112/><T33/><D33/><U43/><E43/><V46/><F1/><W96/><G135/><T44/><D133/><U125/><E7/><V110/><F110/><W9/><G72/><T48/><D108/><U132/><E132/><V12/><F29/><W104/><G104/><T23/><D73/><U134/><E134/><V34/><F34/><W122/><G96/><N who="2" m="36969" /><F91/><W41/><G122/><T37/><D81/><U35/><E35/><V32/><F32/><W118/><G118/><T0/><D0/><U40/><E40/><N who="2" m="24903" /><F51/><W42/><G42/><T36/><D48/><U4/><E4/><N who="2" m="3079" /><F57/><W6/><G6/><T109/><BYE who="3" /><D44/><U80/><E111/><V113/><F113/><W86/><G86/><T67/><D109/><U117/><E117/><V102/><F102/><W30/><G30/><T105/><D105/><U129/><E74/><V14/><F14/><W38/><G38/><N who="0" m="14955" /><D61/><U115/><E75/><V58/><F58/><W83/><G83/><T47/><D47/><U16/><E115/><V124/><F124/><W15/><G15/><T10/><D23/><UN n3="%6C%65%74%69%74%62%65" /><U127/><E127/><V106/><F106/><W20/><G41/><T94/><D94/><U116/><E125/><V31/><F31/><W55/><G63/><T107/><D107/><U95/><E116/><V126/><F126/><W121/><G121/><T21/><D21/><U103/><E103/><V59/><F59/><W130/><G130/><AGARI ba="1,1" hai="5,10,13,65,67,89,93,99,128,130,131" m="14955" machi="130" ten="30,1500,0" yaku="19,1" doraHai="25" who="0" fromWho="3" sc="255,28,235,0,265,0,235,-18" /><INIT seed="0,2,0,2,5,18" ten="283,235,265,217" oya="0" hai0="72,39,5,101,103,12,114,13,45,53,43,17,80" hai1="67,102,34,98,6,132,22,20,16,0,19,35,4" hai2="46,111,31,127,65,11,63,99,82,49,9,112,47" hai3="121,88,118,56,55,64,70,115,37,61,3,135,44"/><T40/><D114/><U60/><E132/><V73/><F112/><W130/><G3/><T104/><D43/><U42/><E42/><V10/><F111/><W2/><G2/><T57/><D104/><U26/><E0/><V7/><F127/><W126/><G115/><T108/><D108/><U1/><E1/><V36/><F31/><W15/><G118/><T79/><D5/><U23/><E35/><V110/><F110/><W71/><G130/><T78/><D78/><U133/><E34/><V74/><F36/><W107/><G107/><T38/><D38/><U24/><E23/><V32/><F32/><W124/><G135/><T125/><D125/><N who="3" m="48233" /><G15/><T58/><D12/><U95/><E133/><V81/><F7/><W69/><G88/><T97/><D97/><U129/><E129/><V66/><F99/><W21/><G21/><T48/><REACH who="0" step="1"/><D58/><AGARI ba="2,0" hai="4,6,16,19,20,22,24,26,58,60,67,95,98,102" machi="58" ten="30,12000,2" yaku="7,1,9,1,8,1,52,2,54,1" doraHai="18" who="1" fromWho="0" sc="283,-126,235,126,265,0,217,0" /><INIT seed="1,0,0,5,0,17" ten="157,361,265,217" oya="1" hai0="106,123,43,64,34,107,45,122,31,38,2,120,93" hai1="13,12,129,55,128,103,102,49,113,47,23,53,40" hai2="119,72,7,118,14,76,124,15,30,135,11,41,109" hai3="60,78,8,9,67,28,10,77,131,48,108,57,58"/><U85/><E113/><V125/><F41/><W86/><G108/><T92/><D2/><U5/><E5/><V19/><F76/><W114/><G114/><T70/><D93/><U79/><E79/><V117/><F72/><W44/><G131/><T98/><D92/><U1/><E85/><V42/><F42/><W37/><G37/><T25/><D98/><U110/><E1/><V84/><F84/><W6/><G6/><T83/><D83/><U130/><E110/><V46/><F46/><W89/><G28/><T104/><D64/><U121/><E121/><V88/><F88/><W101/><G101/><N who="1" m="38410" /><E12/><V26/><F135/><W126/><G57/><T74/><D74/><U105/><E105/><V4/><F109/><W51/><G126/><N who="2" m="48745" /><F14/><W90/><G90/><T80/><D80/><U0/><E0/><V75/><F75/><W116/><G77/><T99/><D99/><U133/><E133/><V94/><F94/><W50/><G78/><T22/><REACH who="0" step="1"/><D70/><REACH who="0" ten="147,361,265,217" step="2"/><U66/><E66/><V32/><AGARI ba="0,1" hai="4,7,11,15,19,26,30,32,117,118,119" m="48745" machi="32" ten="40,5200,0" yaku="18,1,34,2" doraHai="17" who="2" fromWho="2" sc="147,-13,361,-26,265,62,217,-13" /><INIT seed="2,0,0,0,2,91" ten="134,335,327,204" oya="2" hai0="106,65,112,121,42,97,95,45,39,23,133,120,114" hai1="41,76,8,125,89,98,26,56,20,73,101,116,131" hai2="9,115,78,18,32,93,100,30,60,81,74,103,87" hai3="10,49,94,128,7,129,80,105,2,50,122,17,132"/><V79/><F115/><W62/><G122/><T54/><D106/><U68/><E68/><V82/><F32/><W55/><G105/><T109/><D133/><U66/><E116/><V71/><F30/><W86/><G132/><T124/><D124/><U4/><E41/><V57/><F71/><W3/><G3/><T118/><D23/><U67/><E125/><V28/><F28/><W83/><G17/><T53/><D97/><U92/><E131/><N who="3" m="50250" /><G62/><T33/><D95/><U5/><E101/><V64/><F18/><W16/><G49/><T12/><D12/><N who="1" m="5127" /><E73/><V123/><F123/><N who="0" m="47178" /><D33/><U21/><E76/><V48/><F9/><W108/><G108/><T14/><D14/><U15/><E56/><V119/><F119/><W111/><G111/><T40/><D109/><U22/><E26/><V6/><F6/><W63/><G16/><T38/><D65/><U117/><E117/><V85/><REACH who="2" step="1"/><F48/><REACH who="2" ten="134,335,317,204" step="2"/><W75/><G50/><T99/><D118/><U47/><E47/><V29/><F29/><W36/><G7/><T19/><D19/><U96/><E5/><V1/><F1/><W104/><G2/><T77/><D114/><U34/><E34/><V52/><F52/><W27/><G10/><T69/><D112/><U110/><E110/><V24/><F24/><W135/><G27/><T126/><D69/><U35/><E35/><V90/><AGARI ba="0,1" hai="57,60,64,74,78,79,81,82,85,87,90,93,100,103" machi="90" ten="30,11700,0" yaku="1,1,0,1,52,1,53,1" doraHai="91" doraHaiUra="107" who="2" fromWho="2" sc="134,-39,335,-39,317,127,204,-39" /><INIT seed="2,1,0,2,2,47" ten="95,296,444,165" oya="2" hai0="1,104,94,71,8,93,135,28,74,97,2,35,123" hai1="98,110,115,50,0,59,80,66,14,127,76,92,87" hai2="119,133,96,116,10,58,46,69,48,83,105,23,86" hai3="60,131,99,11,19,125,89,5,52,67,103,16,108"/><V17/><F69/><W118/><G118/><T129/><D123/><U27/><E0/><V111/><F133/><W20/><G108/><T73/><D135/><U22/><E115/><V70/><F70/><W51/><G131/><T49/><D129/><U6/><E110/><V121/><F121/><W134/><G125/><T34/><D71/><U132/><E132/><V113/><F113/><W53/><G53/><T65/><D65/><U79/><E127/><V62/><F10/><W7/><G89/><T102/><D8/><N who="1" m="4375" /><E66/><V109/><F109/><W68/><G134/><T26/><D35/><U38/><E38/><V43/><F111/><W114/><G114/><T32/><D32/><U77/><E59/><V40/><F40/><W81/><G81/><T57/><D1/><U31/><E50/><V63/><F63/><W54/><G54/><T15/><D2/><U30/><E30/><V25/><F105/><W4/><G20/><T44/><D57/><U122/><E122/><V36/><F36/><W91/><G91/><AGARI ba="1,0" hai="22,27,31,76,77,79,80,87,91,92,98" m="4375" machi="91" ten="30,1000,0" yaku="8,1" doraHai="47" who="1" fromWho="3" sc="95,0,296,13,444,0,165,-13" /><INIT seed="3,0,0,1,0,69" ten="95,309,444,152" oya="3" hai0="95,129,65,80,6,55,127,38,125,74,53,10,83" hai1="36,117,7,3,77,98,78,94,68,47,16,56,67" hai2="92,40,32,128,130,29,132,34,103,86,41,72,134" hai3="48,52,46,37,96,13,4,33,110,12,75,79,57"/><W87/><G33/><N who="2" m="12905" /><F29/><W107/><G75/><T58/><D95/><U133/><E133/><N who="2" m="51307" /><F72/><W2/><G110/><T60/><D129/><N who="2" m="49770" /><F86/><W100/><G79/><T114/><D114/><U30/><E47/><V119/><F119/><W18/><G87/><T122/><D122/><U39/><E67/><V101/><F92/><W9/><G18/><T82/><D74/><U104/><E98/><V21/><F21/><W113/><G113/><T62/><D38/><U121/><E16/><V99/><F99/><W126/><G37/><T35/><D35/><U102/><E68/><V43/><AGARI ba="0,0" hai="40,41,43,101,103" m="49770,51307,12905" machi="43" ten="40,8000,1" yaku="28,2,20,1,19,1" doraHai="69" who="2" fromWho="2" sc="95,-20,309,-20,444,80,152,-40" owari="75,-42.5,289,8.9,524,62.4,112,-28.8" /></mjloggm>