<mjloggm ver="2.3"><GO type="225" lobby="0"/><UN n0="%E5%8F%AF%E5%85%90%E9%82%A3%E7%94%B1%E5%A4%9A" n1="%EF%BC%AE%EF%BC%A1%EF%BC%AF%33%33%39" n2="%E7%99%BD%E5%80%89%E5%AF%9B%E4%B9%8B" n3="%E3%81%A0%E3%81%8A" dan="16,16,16,17" rate="2117.69,2107.47,2178.28,2078.13" sx="F,M,M,M"/><TAIKYOKU oya="0"/><INIT seed="0,0,0,0,1,87" ten="250,250,250,250" oya="0" hai0="124,7,2,110,4,35,6,99,79,95,53,98,64" hai1="23,122,86,100,113,117,32,67,40,42,91,60,129" hai2="126,65,63,24,62,121,19,11,108,75,27,16,5" hai3="18,82,96,0,73,104,51,84,72,92,81,45,94"/><T119/><D119/><U134/><E32/><V54/><F75/><W8/><G104/><T97/><D35/><U127/><E117/><V135/><F121/><W22/><G94/><T31/><D31/><U57/><E122/><V15/><F126/><W61/><G61/><T115/><D115/><U34/><E34/><V85/><F135/><W43/><G8/><T112/><D112/><U33/><E33/><V130/><F108/><W48/><G48/><T10/><D64/><U77/><E77/><V46/><F130/><W123/><G0/><T25/><D25/><N who="2" m="9802" /><F65/><W38/><G38/><T76/><D124/><U69/><E113/><V93/><F46/><W125/><G82/><T109/><D53/><U36/><E36/><V37/><F37/><W132/><G132/><T89/><D79/><U56/><E134/><V30/><F30/><W131/><G131/><T114/><D76/><U14/><E129/><V128/><F128/><W59/><G59/><T88/><D114/><U41/><E100/><V133/><F133/><W78/><G125/><T68/><D68/><U105/><E105/><V74/><F74/><W50/><G50/><T58/><D58/><U26/><E14/><N who="2" m="5487" /><F54/><W28/><G28/><T17/><D2/><U90/><E127/><V47/><F47/><W52/><G52/><T44/><D44/><U13/><E69/><V12/><F12/><N who="3" m="9543" /><G123/><T9/><D110/><U106/><E57/><V120/><F120/><W83/><G83/><T102/><D109/><U29/><E106/><V3/><F3/><W20/><G20/><T80/><D10/><U39/><E67/><RYUUKYOKU ba="0,0" sc="250,-10,250,-10,250,-10,250,30" hai3="43,45,51,72,73,78,81,84,92,96" /><INIT seed="1,1,0,4,4,110" ten="240,240,240,280" oya="1" hai0="51,125,97,15,90,89,117,45,72,44,12,133,55" hai1="130,4,63,8,16,13,71,3,56,0,135,105,115" hai2="82,57,39,27,25,33,14,79,99,120,35,43,126" hai3="54,38,49,29,36,47,17,62,96,118,34,19,5"/><U75/><E75/><V53/><F120/><W50/><G118/><T2/><D117/><U74/><E74/><V7/><F126/><W26/><G5/><T66/><D2/><U93/><E105/><V69/><F69/><W68/><G50/><T80/><D125/><U61/><E130/><V101/><F43/><W83/><G83/><T100/><D133/><U60/><E135/><V21/><F39/><W65/><REACH who="3" step="1"/><G96/><REACH who="3" ten="240,240,240,270" step="2"/><T103/><D80/><U122/><E122/><V107/><F7/><W84/><G84/><T85/><D85/><U67/><E3/><V81/><F82/><W124/><G124/><T42/><D72/><U127/><E127/><V94/><F81/><W134/><G134/><T88/><D66/><U1/><E1/><V9/><F99/><W95/><G95/><N who="0" m="58431" /><D103/><U40/><E93/><V112/><F94/><W98/><G98/><T6/><D6/><U24/><E4/><V91/><F101/><W28/><G28/><T18/><D18/><AGARI ba="1,1" hai="17,18,19,26,29,34,36,38,47,49,54,62,65,68" machi="18" ten="40,2600,0" yaku="1,1,53,1" doraHai="110" doraHaiUra="23" who="3" fromWho="0" sc="240,-29,240,0,240,0,270,39" /><INIT seed="2,0,0,1,5,50" ten="211,240,240,309" oya="2" hai0="20,35,119,103,78,109,60,45,5,62,48,94,131" hai1="79,123,43,61,87,16,91,12,11,21,22,105,15" hai2="14,30,73,121,132,76,125,23,70,101,3,115,63" hai3="99,64,33,56,18,9,54,107,135,10,90,116,39"/><V40/><F3/><W42/><G116/><T89/><D35/><U120/><E105/><V102/><F115/><W92/><G33/><T74/><D119/><U77/><E43/><V32/><F121/><N who="1" m="46665" /><E61/><V24/><F125/><W126/><G64/><T95/><D109/><U72/><E72/><V2/><F132/><W47/><G126/><T122/><D122/><U29/><E29/><V55/><F2/><W81/><G135/><T46/><D131/><U25/><E22/><V59/><F40/><W93/><G107/><T68/><D20/><U130/><E130/><V80/><REACH who="2" step="1"/><F70/><REACH who="2" ten="211,240,230,309" step="2"/><W104/><G42/><T58/><D68/><U133/><E133/><V83/><F83/><W86/><G81/><T52/><D5/><N who="1" m="3183" /><E15/><V134/><F134/><W82/><G82/><AGARI ba="0,1" hai="16,21,25,77,79,82,87,91" m="3183,46665" machi="82" ten="30,2000,0" yaku="13,1,54,1" doraHai="50" who="1" fromWho="3" sc="211,0,240,30,230,0,309,-20" /><INIT seed="3,0,0,1,5,44" ten="211,270,230,289" oya="3" hai0="3,51,117,121,83,91,10,14,127,129,29,126,80" hai1="9,61,64,37,86,53,6,36,76,128,120,98,81" hai2="100,27,74,71,77,18,105,50,90,69,35,112,21" hai3="2,46,88,11,65,48,38,22,52,32,66,68,70"/><W28/><G32/><T119/><D3/><U62/><E120/><V102/><F112/><W92/><G38/><T78/><D121/><U115/><E115/><V114/><F114/><W56/><G2/><T97/><D29/><U1/><E128/><V133/><F35/><W131/><G131/><T33/><D33/><U7/><E7/><V45/><F133/><W123/><G11/><T17/><D129/><U72/><E98/><V95/><F77/><W12/><G70/><T49/><D117/><U8/><E8/><V25/><F74/><W58/><G68/><T116/><D116/><U26/><E26/><N who="2" m="14647" /><F71/><W39/><G39/><T23/><D10/><U43/><E43/><N who="2" m="24895" /><F69/><W103/><G103/><N who="2" m="39465" /><F105/><W4/><G123/><T40/><D119/><U13/><E72/><V108/><F108/><W130/><G130/><T99/><D40/><U101/><E1/><V15/><F15/><W113/><G113/><T135/><D135/><U0/><E0/><V31/><F31/><W110/><G110/><T55/><D55/><U24/><E53/><V82/><F82/><N who="0" m="31274" /><D78/><U30/><E30/><V93/><F93/><W96/><G66/><T94/><D99/><AGARI ba="0,0" hai="25,27,90,95,99" m="39465,24895,14647" machi="99" ten="30,2000,0" yaku="8,1,52,1" doraHai="44" who="2" fromWho="0" sc="211,-20,270,0,230,20,289,0" /><INIT seed="4,0,0,2,2,29" ten="191,270,250,289" oya="0" hai0="64,93,83,128,31,50,94,55,68,10,4,9,80" hai1="112,111,62,54,60,77,45,86,3,5,52,23,2" hai2="72,36,39,117,61,57,58,89,27,108,8,48,59" hai3="24,78,53,28,127,47,18,65,70,74,17,133,49"/><T131/><D31/><U109/><E23/><V51/><F72/><W26/><G127/><T100/><D64/><U132/><E77/><V42/><F89/><W6/><G133/><T66/><D66/><U129/><E86/><V134/><F27/><W97/><G6/><T116/><D68/><U44/><E5/><V25/><F25/><W12/><G97/><T15/><D116/><U19/><E19/><V14/><F14/><W114/><G114/><T43/><D43/><U41/><E41/><V40/><F8/><W110/><G110/><T13/><D100/><U135/><E112/><V95/><F95/><W113/><G113/><T69/><D69/><U130/><AGARI ba="0,0" hai="2,3,44,45,52,54,60,62,109,111,129,130,132,135" machi="130" ten="25,6400,0" yaku="0,1,22,2,54,1" doraHai="29" who="1" fromWho="1" sc="191,-32,270,64,250,-16,289,-16" owari="159,-34.1,334,43.4,234,-16.6,273,7.3" /></mjloggm>