<mjloggm ver="2.3"><GO type="225" lobby="0"/><UN n0="%E4%BF%BA%E3%81%A8%E5%A6%96%E5%A4%A2" n1="%E3%83%B4%E3%83%A0%EF%BC%99%E3%81%A6" n2="%33%74%72%65%65" n3="%E6%81%A5%E6%99%92%E3%81%97" dan="16,16,17,17" rate="2187.98,2156.58,2183.02,2186.81" sx="F,M,F,M"/><TAIKYOKU oya="0"/><INIT seed="0,0,0,4,0,90" ten="250,250,250,250" oya="0" hai0="16,116,96,72,56,124,81,101,26,132,94,104,1" hai1="119,22,32,24,66,23,42,15,4,86,6,115,114" hai2="21,41,33,59,7,34,121,122,89,37,52,134,95" hai3="5,53,117,88,107,65,105,111,129,27,75,123,18"/><T29/><D116/><U31/><E42/><V85/><F134/><W135/><G117/><T125/><D1/><U46/><E46/><V78/><F7/><N who="1" m="2601" /><E66/><V2/><F2/><W83/><G135/><T103/><D132/><U126/><E119/><V14/><F78/><W9/><G65/><T128/><D128/><U70/><E70/><V60/><F41/><W49/><G129/><T98/><D56/><U100/><E100/><V30/><F37/><W3/><G111/><T17/><D81/><U84/><E84/><V131/><F131/><W39/><G123/><T63/><D63/><U67/><E67/><V110/><F110/><W79/><G39/><T38/><D38/><U36/><E86/><V20/><F20/><N who="1" m="7721" /><E36/><V82/><F82/><W106/><G27/><T57/><D57/><U64/><E64/><V8/><F121/><W120/><G120/><T133/><D72/><U93/><E93/><V58/><F58/><W68/><G68/><T118/><D118/><U43/><E43/><V44/><F44/><W69/><G69/><T92/><D104/><U25/><E126/><N who="0" m="48745" /><D133/><U99/><E99/><V45/><F45/><N who="3" m="27823" /><G107/><T0/><D0/><U113/><E24/><V12/><F122/><W91/><G106/><T71/><D71/><U47/><E47/><V11/><F59/><W61/><G105/><T80/><D80/><U109/><E109/><V55/><F60/><W50/><G61/><T10/><D10/><U102/><E102/><V35/><F8/><N who="3" m="2111" /><G50/><T13/><D13/><AGARI ba="0,0" hai="13,15,25,31,32,113,114,115" m="7721,2601" machi="13" ten="40,5200,0" yaku="11,1,34,2" doraHai="90" who="1" fromWho="0" sc="250,-52,250,52,250,0,250,0" /><INIT seed="1,0,0,1,5,77" ten="198,302,250,250" oya="1" hai0="73,22,2,68,58,41,82,36,124,111,86,117,94" hai1="62,5,109,24,3,134,0,39,79,35,126,96,115" hai2="120,13,31,64,84,132,49,26,20,53,92,91,12" hai3="121,105,130,104,98,18,118,112,110,7,15,63,133"/><U6/><E115/><V67/><F120/><W95/><G121/><T97/><D117/><U100/><E39/><V83/><F132/><W116/><G112/><T14/><D2/><U74/><E134/><V106/><F106/><W75/><G133/><T54/><D68/><U10/><E126/><V80/><F12/><W37/><G37/><T119/><D119/><N who="3" m="45609" /><G110/><T11/><D124/><U66/><E109/><V59/><F13/><W27/><G130/><T19/><D73/><U87/><E87/><V60/><REACH who="2" step="1"/><F67/><REACH who="2" ten="198,302,240,250" step="2"/><W43/><G104/><T90/><D111/><U17/><E0/><V102/><F102/><W131/><G105/><T23/><D41/><U40/><E40/><V32/><F32/><W4/><G43/><T88/><REACH who="0" step="1"/><D36/><REACH who="0" ten="188,302,240,250" step="2"/><U38/><E38/><V65/><F65/><W114/><G114/><T50/><AGARI ba="0,2" hai="11,14,19,22,23,50,54,58,82,86,88,90,94,97" machi="50" ten="20,12000,2" yaku="1,1,2,1,0,1,7,1,8,1,52,1,54,1,53,0" doraHai="77" doraHaiUra="71" who="0" fromWho="0" sc="188,140,302,-60,240,-30,250,-30" /><INIT seed="2,0,0,2,5,113" ten="328,242,210,220" oya="2" hai0="52,90,122,21,32,24,19,123,99,105,97,71,116" hai1="96,79,16,30,40,0,4,10,49,73,133,50,65" hai2="109,53,102,41,94,11,110,87,134,95,131,108,15" hai3="29,117,55,39,45,101,54,58,83,77,88,98,104"/><V62/><F131/><W35/><G35/><T26/><D71/><U38/><E133/><V20/><F134/><W124/><G124/><T86/><D123/><U69/><E30/><V47/><F20/><W107/><G29/><T74/><D122/><U119/><E96/><V129/><F129/><W85/><G117/><T132/><D132/><U31/><E31/><V18/><F102/><W57/><G39/><T60/><D74/><U37/><E37/><V100/><F100/><W82/><G45/><T8/><D32/><U22/><E119/><V121/><F121/><W34/><G34/><T56/><D26/><U9/><E9/><V46/><F87/><W59/><REACH who="3" step="1"/><G107/><REACH who="3" ten="328,242,210,210" step="2"/><T115/><D105/><U27/><E38/><N who="2" m="21815" /><F47/><W89/><G89/><T120/><D116/><U68/><E40/><V106/><F106/><W66/><G66/><T75/><D120/><U112/><E65/><V17/><F17/><W92/><G92/><N who="0" m="54359" /><D115/><U44/><E112/><V6/><F18/><W14/><G14/><N who="0" m="7623" /><D75/><AGARI ba="0,1" hai="54,55,57,58,59,75,77,82,83,85,88,98,101,104" machi="75" ten="40,2600,0" yaku="1,1,54,1,53,0" doraHai="113" doraHaiUra="33" who="3" fromWho="0" sc="328,-26,242,0,210,0,210,36" /><INIT seed="3,0,0,0,5,18" ten="302,242,210,246" oya="3" hai0="20,108,43,86,92,91,14,44,26,130,2,117,124" hai1="75,7,9,101,74,45,128,88,81,79,0,8,93" hai2="64,51,65,31,95,102,3,56,106,60,80,103,1" hai3="107,126,115,24,17,47,119,73,55,125,42,57,22"/><W13/><G115/><T6/><D117/><U54/><E128/><V27/><F106/><W84/><G73/><T12/><D130/><U63/><E101/><V69/><F80/><W111/><G107/><T131/><D131/><U53/><E74/><V89/><F102/><W66/><G119/><T38/><D108/><U52/><E9/><V61/><F51/><N who="3" m="27127" /><G111/><T96/><D124/><N who="3" m="47721" /><G84/><T83/><D6/><U11/><E11/><V39/><F39/><W16/><G66/><T62/><D62/><U87/><REACH who="1" step="1"/><E63/><REACH who="1" ten="302,232,210,246" step="2"/><V32/><REACH who="2" step="1"/><F103/><REACH who="2" ten="302,232,200,246" step="2"/><W33/><G33/><T58/><D38/><U30/><E30/><V121/><F121/><W34/><G34/><T23/><D83/><U5/><E5/><V133/><F133/><W104/><G104/><T109/><D109/><U127/><E127/><V50/><F50/><AGARI ba="0,2" hai="0,7,8,45,50,52,53,54,75,79,81,87,88,93" machi="50" ten="40,5200,0" yaku="1,1,54,2,53,0" doraHai="18" doraHaiUra="15" who="1" fromWho="2" sc="302,0,232,72,200,-52,246,0" owari="302,10.2,304,40.4,148,-35.2,246,-15.4" /></mjloggm>