<mjloggm ver="2.3"><GO type="225" lobby="0"/><UN n0="%E4%BF%BA%E3%81%A8%E5%A6%96%E5%A4%A2" n1="%33%74%72%65%65" n2="%E3%83%A9%E3%83%BC%E3%83%A1%E3%83%B3%E4%BA%94%E9%83%8E" n3="%E9%BB%99%E8%81%B4%E3%81%AE%E3%81%99%E3%82%9D%E3%82%81" dan="16,16,16,16" rate="2242.39,2167.74,2124.06,2154.16" sx="F,F,M,M"/><TAIKYOKU oya="0"/><INIT seed="0,0,0,3,0,107" ten="250,250,250,250" oya="0" hai0="53,69,95,71,117,89,85,26,83,81,65,57,135" hai1="27,38,47,134,131,13,11,30,96,41,29,55,76" hai2="1,72,20,103,54,100,70,10,119,3,98,112,121" hai3="82,123,110,90,64,14,87,21,35,114,92,8,113"/><T68/><D117/><U94/><E134/><V59/><F121/><W125/><G35/><T97/><D135/><U23/><E131/><V2/><F112/><W116/><G116/><T63/><D26/><U118/><E118/><V88/><F119/><W5/><G110/><T18/><D18/><U61/><E29/><V86/><F70/><W39/><G39/><T51/><REACH who="0" step="1"/><D81/><REACH who="0" ten="240,250,250,250" step="2"/><U22/><E27/><V12/><F1/><W129/><G114/><T40/><D40/><U74/><E41/><V75/><F2/><W42/><G42/><T84/><D84/><U36/><E30/><V77/><F3/><W133/><G113/><T7/><D7/><U120/><E120/><V28/><F28/><W60/><G133/><T80/><D80/><U46/><E36/><V104/><F86/><W24/><G123/><T124/><D124/><U78/><E38/><V48/><F12/><W44/><G125/><T33/><D33/><U91/><E13/><V93/><F72/><W101/><G82/><T32/><D32/><U34/><E74/><V19/><F75/><W105/><G87/><T37/><D37/><U132/><E34/><V49/><F19/><W127/><G127/><T9/><D9/><U6/><E11/><V128/><F10/><W73/><G73/><T108/><D108/><U17/><E6/><V126/><F126/><W4/><G14/><T115/><D115/><U45/><E132/><V62/><F128/><W79/><G8/><T50/><D50/><U109/><E109/><V0/><F48/><W15/><G15/><T25/><D25/><N who="1" m="14543" /><E23/><V111/><F20/><RYUUKYOKU ba="0,1" sc="240,15,250,15,250,-15,250,-15" hai0="51,53,57,63,65,68,69,71,83,85,89,95,97" hai1="45,46,47,55,61,76,78,91,94,96" /><INIT seed="0,1,1,4,4,10" ten="255,265,235,235" oya="0" hai0="11,99,76,64,55,56,57,0,120,118,82,31,60" hai1="18,93,43,121,65,70,8,129,17,52,3,114,94" hai2="115,42,62,101,19,34,78,2,6,116,30,40,59" hai3="38,112,87,104,39,80,7,21,58,111,69,90,71"/><T122/><D118/><U16/><E121/><V92/><F115/><W123/><G112/><T97/><D31/><U85/><E114/><V95/><F116/><W37/><G104/><T68/><D68/><U96/><E129/><V4/><F78/><W79/><G111/><T24/><D24/><U22/><E43/><N who="2" m="16427" /><F34/><W5/><G123/><T103/><D0/><U20/><E70/><V113/><F30/><W88/><G71/><T77/><D77/><U48/><E65/><N who="2" m="39135" /><F2/><W45/><G69/><T12/><D120/><U54/><E3/><V67/><F67/><W132/><G132/><T14/><D11/><U117/><E117/><V53/><F113/><W105/><G105/><T23/><D23/><N who="1" m="8747" /><E8/><V131/><F131/><W108/><G108/><T36/><D36/><U44/><E54/><V9/><F53/><W33/><G33/><T81/><D122/><U13/><E13/><N who="0" m="5225" /><D76/><U72/><E72/><V133/><F133/><W125/><G39/><T29/><D29/><U89/><E18/><V46/><F19/><W119/><G38/><T32/><D32/><U50/><E50/><V102/><F9/><W47/><G37/><T124/><D124/><U26/><E26/><V1/><F1/><W28/><G125/><T98/><D103/><AGARI ba="1,1" hai="16,17,44,48,52,85,89,93,94,96,103" m="8747" machi="103" ten="30,3900,0" yaku="8,1,54,2" doraHai="10" who="1" fromWho="0" sc="255,-42,265,52,235,0,235,0" /><INIT seed="1,0,0,4,4,120" ten="213,317,235,235" oya="1" hai0="69,36,98,78,119,72,109,77,79,24,39,126,66" hai1="18,102,130,38,82,56,84,115,133,28,40,23,122" hai2="61,55,9,106,21,13,6,70,48,85,97,14,94" hai3="42,44,74,37,29,62,132,105,108,121,16,43,0"/><U124/><E115/><V57/><F106/><W86/><G121/><T34/><D119/><U116/><E122/><V100/><F85/><W95/><G105/><T134/><D134/><U117/><E116/><V93/><F93/><W68/><G74/><T80/><D126/><U4/><E117/><V15/><F70/><W135/><G0/><T123/><D123/><U63/><E124/><V33/><F33/><W50/><G29/><T83/><D78/><U35/><E4/><V113/><F113/><W125/><G125/><T89/><D89/><U47/><E102/><V90/><F100/><W2/><G2/><T71/><D98/><U30/><E35/><V17/><REACH who="2" step="1"/><F61/><REACH who="2" ten="213,317,225,235" step="2"/><W110/><G95/><T51/><D71/><U101/><E101/><V53/><F53/><N who="3" m="29895" /><G86/><T25/><D69/><U52/><E84/><V58/><F58/><W41/><G68/><T88/><D80/><U20/><E82/><V10/><F10/><W103/><G62/><T22/><D83/><U111/><E63/><V65/><F65/><W49/><G103/><T11/><D66/><U3/><E56/><V118/><F118/><W75/><G75/><T46/><D72/><U131/><E131/><V59/><F59/><W8/><G37/><T76/><D11/><U129/><E38/><V60/><F60/><W127/><G127/><T27/><D34/><U7/><E130/><V81/><F81/><W107/><G107/><T54/><D22/><U92/><E20/><V99/><F99/><W67/><G67/><T32/><D32/><U12/><E129/><V64/><F64/><W73/><G73/><RYUUKYOKU ba="0,1" sc="213,-10,317,-10,225,30,235,-10" hai2="6,9,13,14,15,17,21,48,55,57,90,94,97" /><INIT seed="2,1,1,0,0,43" ten="203,307,255,225" oya="2" hai0="100,10,65,26,95,72,32,38,93,6,14,17,121" hai1="24,114,42,83,63,47,92,67,90,118,124,36,111" hai2="59,2,40,88,80,79,127,51,39,7,129,53,126" hai3="9,99,91,25,109,5,113,76,116,98,120,94,77"/><V135/><F129/><W70/><G116/><T54/><D121/><U96/><E118/><V3/><F135/><W134/><G120/><T4/><D72/><U11/><E114/><V117/><F117/><W21/><G70/><T56/><D38/><U74/><E111/><V30/><F30/><W123/><G123/><T16/><D65/><U75/><E124/><N who="2" m="47659" /><F7/><N who="0" m="2602" /><D32/><U78/><E11/><V41/><F88/><W31/><G109/><T81/><D81/><U122/><E122/><V15/><F15/><N who="3" m="5551" /><G134/><T132/><D100/><U28/><E83/><V27/><F27/><W23/><G113/><T35/><D35/><U66/><E78/><N who="3" m="30314" /><G21/><N who="0" m="13607" /><D132/><U50/><E75/><N who="2" m="43135" /><F39/><W107/><G107/><T55/><D55/><U44/><E74/><V85/><F2/><W58/><G58/><T69/><D69/><U57/><E28/><V12/><F3/><W62/><G62/><AGARI ba="1,1" hai="10,14,17,54,56,62,93,95" m="13607,2602" machi="62" ten="30,2000,0" yaku="8,1,54,1" doraHai="43" who="0" fromWho="3" sc="203,33,307,0,255,0,225,-23" /><INIT seed="3,0,0,4,5,50" ten="236,307,255,202" oya="3" hai0="36,39,33,131,30,94,67,85,88,7,5,4,0" hai1="49,121,108,96,70,47,127,111,84,27,8,61,13" hai2="19,83,106,82,10,66,31,54,74,86,87,35,102" hai3="1,62,80,73,91,90,65,6,116,100,81,15,43"/><W92/><G1/><T71/><D0/><U21/><E121/><V129/><F74/><W37/><G116/><T60/><REACH who="0" step="1"/><D131/><REACH who="0" ten="226,307,255,202" step="2"/><U112/><E111/><V11/><F129/><W41/><G37/><T123/><D123/><U78/><E108/><V69/><F82/><N who="3" m="31851" /><G73/><T18/><D18/><U29/><E127/><V46/><F19/><W14/><G100/><T117/><D117/><U34/><E112/><V57/><F102/><W124/><G124/><T20/><D20/><U44/><E21/><V51/><F83/><W42/><G6/><T12/><D12/><N who="3" m="4649" /><G92/><T103/><D103/><U58/><E34/><V97/><F35/><W122/><G122/><T120/><D120/><U23/><E13/><V28/><F106/><W125/><G125/><T53/><D53/><U17/><E23/><V68/><F54/><W95/><G95/><T45/><D45/><U52/><E44/><V133/><F46/><W32/><G32/><T63/><D63/><U99/><E61/><V56/><F28/><W25/><G25/><AGARI ba="0,1" hai="4,5,7,25,30,33,36,39,60,67,71,85,88,94" machi="25" ten="40,2600,0" yaku="1,1,54,1,53,0" doraHai="50" doraHaiUra="135" who="0" fromWho="3" sc="226,36,307,0,255,0,202,-26" owari="262,6.2,307,40.7,255,-14.5,176,-32.4" /></mjloggm>