<mjloggm ver="2.3"><GO type="225" lobby="0"/><UN n0="%77%72%77%72%77%72%77%72" n1="%E6%A1%9C%E8%8A%B1%E9%96%83%E3%80%85" n2="%E3%83%B4%E3%82%A3%E3%83%AF%E3%82%B3%E3%82%B0%E3%83%8B" n3="%70%6E%64%73%6E%67" dan="17,16,17,16" rate="2151.76,2173.24,2210.38,2114.92" sx="M,M,M,M"/><TAIKYOKU oya="0"/><INIT seed="0,0,0,0,2,44" ten="250,250,250,250" oya="0" hai0="49,77,46,83,116,43,50,102,24,25,67,97,19" hai1="21,86,70,48,110,112,61,117,32,17,130,121,99" hai2="118,22,0,133,8,26,6,18,28,14,85,57,135" hai3="71,119,73,106,82,126,103,109,98,42,47,92,34"/><T4/><D116/><U13/><E117/><V1/><F57/><W58/><G119/><T31/><D4/><U79/><E121/><V124/><F118/><W125/><G71/><T40/><D67/><U89/><E110/><V88/><F124/><N who="3" m="47723" /><G34/><T41/><D19/><U37/><E37/><V104/><F104/><W27/><G109/><T72/><D46/><U65/><E130/><V53/><F53/><W87/><G73/><T23/><REACH who="0" step="1"/><D24/><REACH who="0" ten="240,250,250,250" step="2"/><U62/><E65/><V94/><REACH who="2" step="1"/><F0/><REACH who="2" ten="240,250,240,250" step="2"/><W64/><G64/><T33/><D33/><AGARI ba="0,2" hai="1,6,8,14,18,22,26,28,33,85,88,94,133,135" machi="33" ten="40,8000,1" yaku="1,1,2,1,24,2,54,1,53,0" doraHai="44" doraHaiUra="55" who="2" fromWho="0" sc="240,-80,250,0,240,100,250,0" /><INIT seed="1,0,0,2,4,70" ten="160,250,340,250" oya="1" hai0="79,106,36,135,96,71,67,64,50,97,62,38,17" hai1="20,19,52,11,78,58,92,55,51,49,14,3,37" hai2="105,29,13,126,56,65,30,95,124,102,18,4,93" hai3="94,61,91,98,28,131,54,68,115,127,120,60,26"/><U132/><E132/><V100/><F4/><W16/><G115/><T73/><D135/><U82/><E37/><V12/><F105/><W118/><G120/><T123/><D123/><U80/><E92/><V108/><F108/><W84/><G131/><T31/><D64/><U116/><E116/><V6/><F6/><W45/><G127/><T104/><D31/><U46/><E3/><V109/><F65/><W90/><G118/><T1/><D1/><U88/><E88/><V47/><F56/><W121/><G121/><T48/><D17/><U57/><E78/><V22/><F109/><W43/><G68/><T34/><D34/><U83/><E46/><V87/><F47/><W25/><G16/><T2/><D2/><U39/><E39/><V8/><F87/><W110/><G110/><T114/><D114/><U89/><E89/><V27/><F13/><W44/><G44/><T134/><D134/><U125/><E125/><N who="2" m="48235" /><F29/><W133/><G133/><T5/><D5/><U99/><E99/><V117/><F117/><W111/><G111/><T103/><D79/><U23/><AGARI ba="0,0" hai="11,14,19,20,23,49,51,52,55,57,58,80,82,83" machi="23" ten="30,11700,0" yaku="0,1,9,1,8,1,54,1" doraHai="70" who="1" fromWho="1" sc="160,-39,250,117,340,-39,250,-39" /><INIT seed="1,1,0,4,0,58" ten="121,367,301,211" oya="1" hai0="94,92,65,25,31,12,118,115,7,77,107,37,23" hai1="78,47,79,55,135,70,39,49,74,128,28,71,17" hai2="121,42,108,9,120,13,114,10,76,19,75,57,15" hai3="44,98,27,130,53,4,125,110,24,86,43,11,26"/><U101/><E128/><V59/><F108/><W111/><G130/><T102/><D115/><U105/><E135/><V51/><F114/><W61/><G125/><T22/><D118/><U127/><E127/><V33/><F33/><W132/><G132/><T104/><D37/><U66/><E17/><V35/><F35/><W81/><G98/><T88/><D77/><U89/><E89/><V32/><F32/><W54/><G110/><T36/><D36/><U83/><E28/><V96/><F57/><W34/><G34/><T99/><D65/><U48/><E39/><V95/><F75/><W8/><G8/><T2/><D2/><U84/><E49/><V82/><F42/><W91/><G61/><T134/><D134/><U129/><E129/><V63/><F51/><N who="3" m="27039" /><G111/><T5/><D107/><U85/><E66/><V122/><F82/><W103/><G103/><T80/><D80/><U1/><E1/><V29/><F76/><W90/><G91/><T119/><D119/><U109/><E109/><V60/><F59/><W14/><AGARI ba="1,0" hai="4,11,14,24,26,27,53,54,81,86,90" m="27039" machi="14" ten="30,1100,0" yaku="8,1" doraHai="58" who="3" fromWho="3" sc="121,-4,367,-6,301,-4,211,14" /><INIT seed="2,0,0,1,2,4" ten="117,361,297,225" oya="2" hai0="59,96,79,15,124,55,47,129,100,30,94,22,126" hai1="128,50,20,38,61,44,23,133,57,134,49,64,31" hai2="98,89,11,39,71,52,115,105,14,117,120,135,42" hai3="24,19,62,27,77,7,21,45,74,113,93,82,1"/><V103/><F115/><W86/><G113/><T123/><D123/><U99/><E128/><V2/><F120/><W65/><G74/><T33/><D129/><U70/><E99/><V72/><F117/><W104/><G104/><T106/><D79/><U95/><E95/><V102/><F71/><W16/><G1/><T83/><D33/><U51/><E70/><V73/><F2/><W78/><G7/><T36/><D83/><U101/><E101/><V127/><F103/><W111/><G111/><T108/><D108/><U97/><E97/><V29/><F29/><W13/><G45/><T0/><D0/><U28/><E28/><V10/><F89/><W116/><G116/><T107/><D47/><U53/><E31/><V66/><F66/><W40/><G40/><T118/><D36/><U75/><E75/><N who="2" m="28747" /><F14/><W8/><G27/><T110/><D110/><U17/><E64/><V76/><F76/><N who="3" m="46407" /><G93/><T67/><D67/><U92/><E92/><V54/><F42/><W25/><G25/><N who="0" m="16695" /><D15/><U60/><E38/><V84/><F84/><W43/><G43/><T6/><D6/><U119/><E119/><V41/><F41/><W109/><G109/><T130/><D118/><U56/><E44/><V125/><F39/><W3/><G3/><T112/><D130/><U68/><E68/><V12/><F135/><N who="1" m="51721" /><E17/><N who="2" m="8343" /><F11/><W9/><G9/><T18/><D112/><U132/><E132/><V85/><F85/><W35/><G35/><T34/><D18/><U63/><E56/><AGARI ba="0,0" hai="8,13,16,19,21,24,56,62,65,77,78" m="46407" machi="56" ten="30,3900,0" yaku="8,1,52,1,54,1" doraHai="4" who="3" fromWho="1" sc="117,0,361,-39,297,0,225,39" /><INIT seed="3,0,0,2,5,96" ten="117,322,297,264" oya="3" hai0="91,117,47,5,72,59,79,8,33,15,121,53,17" hai1="36,83,93,131,69,105,19,65,64,23,18,134,44" hai2="1,113,132,30,2,32,102,124,60,22,40,77,111" hai3="26,130,62,48,116,28,94,128,24,75,61,14,78"/><W10/><G116/><T56/><D117/><U109/><E105/><V39/><F113/><W21/><G26/><T29/><D121/><U104/><E104/><V106/><F22/><W50/><G75/><T81/><D72/><U97/><E109/><V98/><F111/><W85/><G128/><T25/><D79/><U38/><E131/><V46/><F124/><W126/><G126/><T103/><D5/><U112/><E112/><V35/><F77/><W68/><G68/><T101/><D59/><U115/><E115/><V127/><F127/><W9/><G9/><T13/><D13/><U55/><E134/><V99/><F99/><W114/><G114/><T51/><REACH who="0" step="1"/><D56/><REACH who="0" ten="107,322,297,264" step="2"/><U11/><E69/><V66/><F132/><W123/><G123/><T41/><D41/><U71/><E71/><N who="2" m="42439" /><F30/><W4/><G130/><T90/><D90/><U16/><E19/><V67/><F67/><W31/><G78/><T42/><D42/><U87/><E65/><V27/><F27/><W63/><G4/><T110/><D110/><U108/><E64/><V7/><F7/><W57/><G57/><T52/><D52/><U133/><E108/><V70/><F70/><W20/><G14/><T135/><D135/><U119/><E133/><V76/><F76/><W49/><G24/><T34/><D34/><AGARI ba="0,1" hai="1,2,32,34,35,39,40,46,98,102,106" m="42439" machi="34" ten="30,3900,0" yaku="33,2,52,1" doraHai="96" who="2" fromWho="0" sc="107,-39,322,0,297,49,264,0" owari="68,-43.2,322,12.2,346,44.6,264,-13.6" /></mjloggm>