<mjloggm ver="2.3"><GO type="225" lobby="0"/><UN n0="%E3%81%BF%E3%81%BF%E3%81%9A" n1="%E8%A8%88%E7%AE%97%E6%A9%9F%E8%87%AA%E7%84%B6" n2="%E3%82%8F%E3%81%8B%E3%81%B0%2A%E3%82%AC%E3%83%BC%E3%83%AB" n3="%E3%81%AD%E3%82%80%E3%81%84%40%E9%9B%80%E9%B3%B4%E4%BC%9A" dan="17,17,16,16" rate="2275.46,2183.10,2196.45,2207.20" sx="M,M,M,F"/><TAIKYOKU oya="0"/><INIT seed="0,0,0,0,3,6" ten="250,250,250,250" oya="0" hai0="119,11,124,133,103,60,76,81,128,9,77,83,43" hai1="36,129,24,53,92,130,90,127,21,15,117,102,54" hai2="115,29,14,125,104,47,73,123,87,13,107,131,23" hai3="12,16,44,38,114,3,116,100,19,134,37,86,91"/><T126/><D119/><U34/><E117/><V20/><F123/><W28/><G116/><T95/><D43/><U63/><E36/><V132/><F73/><W122/><G114/><T84/><D133/><U98/><E127/><N who="0" m="48681" /><D128/><N who="1" m="49259" /><E34/><V33/><F115/><W52/><G3/><T67/><D103/><U94/><E15/><V55/><F132/><W31/><G100/><T4/><D4/><U5/><E63/><V65/><F65/><W106/><G106/><T105/><D105/><U18/><E5/><V56/><F33/><W66/><G66/><T22/><D22/><U10/><E10/><N who="0" m="3593" /><D95/><U121/><E121/><V1/><F23/><W72/><G122/><T111/><D111/><U68/><E68/><V112/><F20/><W35/><G35/><T96/><D96/><AGARI ba="0,0" hai="18,21,24,53,54,90,92,94,96,98,102" m="49259" machi="96" ten="30,1000,0" yaku="19,1" doraHai="6" who="1" fromWho="0" sc="250,-10,250,10,250,0,250,0" /><INIT seed="1,0,0,3,0,5" ten="240,260,250,250" oya="1" hai0="91,12,4,55,62,85,83,36,88,46,134,135,28" hai1="124,72,78,87,75,67,57,92,34,86,117,90,10" hai2="110,63,59,19,21,54,126,127,100,69,119,23,47" hai3="103,30,64,102,80,74,108,8,77,128,37,22,3"/><U14/><E117/><V105/><F119/><W0/><G108/><T39/><D28/><U2/><E2/><V52/><F110/><W76/><G128/><T106/><D106/><U131/><E34/><V18/><F69/><W132/><G132/><N who="0" m="50731" /><D91/><U44/><E131/><V129/><F129/><W123/><G123/><T9/><D46/><U50/><E124/><N who="2" m="47659" /><F100/><W70/><G77/><T31/><D31/><U45/><E75/><V25/><F105/><W109/><G109/><T98/><D98/><U118/><E72/><V107/><F107/><W125/><G125/><T111/><D111/><U120/><E120/><V15/><F47/><W6/><G0/><T113/><D113/><U42/><E118/><V51/><F51/><W101/><G37/><N who="0" m="14411" /><D62/><N who="1" m="38351" /><E45/><V73/><F73/><W96/><G96/><T112/><D112/><U82/><E78/><V115/><F115/><W11/><G30/><T89/><D89/><U130/><E130/><V38/><F38/><W16/><G103/><T71/><BYE who="3" /><D71/><U104/><E104/><V60/><F60/><UN n3="%E3%81%AD%E3%82%80%E3%81%84%40%E9%9B%80%E9%B3%B4%E4%BC%9A" /><W94/><G70/><T114/><D114/><U56/><E56/><V65/><AGARI ba="0,0" hai="15,18,19,21,23,25,52,54,59,63,65" m="47659" machi="65" ten="30,2000,0" yaku="18,1,54,1" doraHai="5" who="2" fromWho="2" sc="240,-5,260,-10,250,20,250,-5" /><INIT seed="2,0,0,0,4,108" ten="235,250,270,245" oya="2" hai0="38,132,34,59,53,46,83,75,57,8,27,60,43" hai1="123,77,15,76,45,50,115,26,122,81,33,3,29" hai2="99,114,120,110,74,73,42,11,135,64,13,5,93" hai3="51,18,82,128,17,100,47,41,127,30,68,78,124"/><V94/><F114/><W14/><G68/><T63/><D132/><U20/><E3/><V134/><F120/><N who="1" m="46121" /><E115/><V116/><F116/><W12/><G30/><T19/><D34/><U31/><E81/><V86/><F110/><W22/><G100/><T92/><D92/><U85/><E85/><V103/><F42/><W109/><G128/><T23/><D8/><U28/><E15/><V70/><F70/><W96/><G96/><T105/><D105/><U49/><E49/><V80/><F64/><W16/><G109/><T88/><D75/><U2/><E2/><V55/><F55/><W39/><G39/><T107/><D107/><U66/><E66/><V36/><F36/><W112/><G112/><T102/><D102/><U89/><E89/><V9/><F9/><W121/><G121/><T97/><D97/><U130/><E130/><V24/><F24/><W1/><G1/><T65/><REACH who="0" step="1"/><D83/><REACH who="0" ten="225,250,270,245" step="2"/><U0/><E33/><V118/><F118/><W25/><G82/><T69/><D69/><U90/><E0/><V21/><F21/><W4/><G22/><T126/><D126/><U133/><E133/><N who="2" m="50699" /><F94/><W113/><G127/><T129/><D129/><U37/><E20/><V7/><F7/><W56/><G124/><T35/><D35/><U6/><E6/><V98/><F99/><W101/><G113/><T125/><D125/><U67/><E31/><V79/><AGARI ba="0,1" hai="5,11,13,73,74,79,80,86,93,98,103" m="50699" machi="79" ten="30,1500,0" yaku="20,1" doraHai="108" who="2" fromWho="2" sc="225,-5,250,-5,270,25,245,-5" /><INIT seed="2,1,0,1,0,98" ten="220,245,295,240" oya="2" hai0="82,100,19,1,67,53,75,14,51,66,80,84,32" hai1="101,96,83,102,40,12,119,106,108,0,130,103,48" hai2="131,61,74,97,4,118,90,117,92,134,123,30,87" hai3="25,39,58,47,57,79,35,9,122,112,85,16,54"/><V10/><F123/><W114/><G122/><T125/><D1/><U116/><E0/><V22/><F131/><W15/><G79/><T3/><D3/><U89/><E12/><V121/><F121/><W95/><G35/><T111/><D32/><U60/><E60/><V6/><F74/><W127/><G127/><T115/><D115/><N who="3" m="44073" /><G25/><T21/><D125/><U45/><E130/><V93/><F134/><W110/><G110/><T26/><D111/><U77/><E108/><V33/><F33/><W55/><G39/><T43/><D43/><U91/><E106/><V13/><F4/><W129/><G129/><T124/><D124/><U2/><E2/><V135/><F135/><W44/><G85/><T128/><D128/><U29/><E29/><V69/><F69/><W23/><G95/><T81/><D75/><U65/><E65/><N who="0" m="24585" /><D26/><U78/><E78/><V36/><F36/><W41/><G9/><T126/><D126/><U11/><E11/><V120/><F120/><W94/><G94/><T88/><D100/><U62/><E96/><V28/><F22/><W49/><G41/><T109/><D109/><U132/><E132/><V63/><F117/><W37/><G37/><T18/><D19/><U64/><E119/><V46/><F118/><W27/><G27/><T31/><D31/><U107/><E116/><V5/><F5/><W105/><G105/><T17/><D17/><U56/><REACH who="1" step="1"/><E107/><REACH who="1" ten="220,235,295,240" step="2"/><V42/><F30/><W73/><G73/><AGARI ba="1,1" hai="40,45,48,56,62,64,73,77,83,89,91,101,102,103" machi="73" ten="40,12000,2" yaku="1,1,2,1,52,3,53,1" doraHai="98" doraHaiUra="52" who="1" fromWho="3" sc="220,0,235,133,295,0,240,-123" /><INIT seed="3,0,0,1,5,114" ten="220,368,295,117" oya="3" hai0="80,10,84,25,86,3,109,43,62,27,34,92,133" hai1="58,18,88,128,117,7,98,60,36,96,47,46,29" hai2="51,105,69,11,21,1,131,115,124,56,121,19,120" hai3="52,5,93,73,6,68,14,41,100,55,74,71,23"/><W42/><G93/><T67/><D109/><U119/><E7/><N who="2" m="1519" /><F115/><W9/><G9/><T64/><D133/><U104/><E29/><V33/><F69/><W2/><G14/><T39/><D34/><U97/><E128/><V59/><F131/><W38/><G100/><T63/><D39/><U81/><E104/><V28/><F105/><W65/><G38/><T112/><D43/><U87/><E36/><V108/><F108/><W134/><G23/><T54/><D112/><U132/><E132/><V95/><F95/><W16/><G134/><T4/><D54/><N who="1" m="33879" /><E119/><V123/><F124/><W101/><G101/><T110/><D110/><U53/><E117/><V126/><F126/><W37/><G37/><T127/><D86/><U103/><E103/><V94/><F51/><W111/><G111/><T31/><D62/><U49/><E18/><V85/><F28/><W72/><G72/><T76/><D25/><U13/><E13/><N who="2" m="9455" /><F33/><W30/><G30/><T125/><D67/><U48/><E97/><V20/><F20/><W89/><G65/><T32/><REACH who="0" step="1"/><D92/><REACH who="0" ten="210,368,295,117" step="2"/><U70/><E87/><V66/><F66/><W82/><G82/><T0/><D0/><U78/><E81/><V61/><F61/><W77/><G2/><T40/><D40/><U113/><E113/><V57/><F94/><W75/><G75/><T118/><D118/><U90/><E49/><V17/><F85/><W45/><G77/><T50/><D50/><U99/><E78/><V44/><F123/><W116/><G116/><T26/><D26/><U24/><E24/><V12/><F121/><W135/><G135/><RYUUKYOKU ba="0,1" sc="210,30,368,-10,295,-10,117,-10" hai0="3,4,10,27,31,32,63,64,76,80,84,125,127" owari="240,-16.0,368,46.8,285,8.5,107,-39.3" /></mjloggm>