<mjloggm ver="2.3"><GO type="225" lobby="0"/><UN n0="%E3%80%90%E3%83%88%E3%83%AA%E3%83%A5%E3%83%95%E3%80%91" n1="%E6%B2%B3%E7%AB%A5%E3%81%AE%E3%83%AF%E3%82%AB%E3%83%9E%E3%83%84" n2="%E7%B4%94%E6%BD%94%E3%83%94%E3%83%A9%E3%83%8B%E3%82%A2" n3="%E6%9C%88%E5%B3%B6%E5%9F%BA" dan="16,18,17,16" rate="2101.03,2207.13,2230.47,2053.37" sx="M,M,M,M"/><TAIKYOKU oya="0"/><INIT seed="0,0,0,2,2,45" ten="250,250,250,250" oya="0" hai0="53,26,102,82,85,69,58,117,1,10,42,106,2" hai1="71,0,134,105,19,3,91,84,49,41,74,72,86" hai2="131,27,51,120,63,62,99,5,79,83,119,65,30" hai3="12,133,6,114,107,34,22,11,25,39,121,103,116"/><T20/><D117/><U111/><E71/><V38/><F38/><W78/><G39/><T18/><D69/><U15/><E105/><V55/><F131/><W66/><G114/><T13/><D42/><U23/><E111/><V104/><F120/><W98/><G116/><T21/><D106/><U113/><E113/><V124/><F124/><W110/><G110/><T123/><D102/><U36/><E36/><V7/><F99/><W129/><G129/><T28/><D21/><U73/><E134/><V95/><F95/><W52/><G133/><T130/><D130/><U96/><E96/><V76/><F76/><W127/><G127/><T57/><D123/><U101/><E101/><V126/><F104/><W9/><G121/><T32/><D58/><U132/><E86/><V88/><F88/><W4/><G34/><T93/><D93/><U100/><E100/><V61/><F65/><W70/><G78/><T77/><REACH who="0" step="1"/><D32/><REACH who="0" ten="240,250,250,250" step="2"/><U92/><E132/><V50/><F119/><W97/><G103/><T67/><D67/><U94/><E94/><V112/><F126/><W16/><G107/><T90/><D90/><U29/><E41/><V54/><F112/><W60/><REACH who="3" step="1"/><G52/><REACH who="3" ten="240,250,250,240" step="2"/><T89/><D89/><U75/><E91/><V44/><F79/><W128/><G128/><T81/><D81/><U37/><E92/><V46/><F83/><W87/><G87/><T108/><D108/><U109/><E109/><V118/><F118/><W80/><G80/><T8/><D8/><U64/><E84/><V35/><AGARI ba="0,2" hai="5,7,27,30,35,44,46,50,51,54,55,61,62,63" machi="35" ten="30,7900,0" yaku="0,1,9,1,52,2" doraHai="45" who="2" fromWho="2" sc="240,-39,250,-20,250,99,240,-20" /><INIT seed="1,0,0,2,3,86" ten="201,230,349,220" oya="1" hai0="101,10,95,88,66,54,135,120,102,73,70,106,58" hai1="53,51,77,50,33,17,113,78,97,132,65,121,76" hai2="119,2,72,31,19,79,87,43,125,93,64,122,3" hai3="117,23,90,40,128,22,83,27,55,46,69,71,6"/><U4/><E121/><V123/><F119/><W42/><G117/><T118/><D118/><U20/><E113/><V21/><F31/><N who="3" m="17911" /><G71/><T36/><D36/><U32/><E132/><V5/><F64/><W116/><G69/><T37/><D37/><U56/><E4/><V14/><F43/><N who="3" m="16427" /><G128/><T84/><D135/><U108/><E108/><V81/><F125/><W68/><G68/><T91/><D106/><U99/><E65/><V74/><F74/><W109/><G109/><T61/><D73/><U92/><E51/><V25/><F2/><W62/><G116/><T112/><D112/><U114/><E97/><V0/><F3/><W7/><G23/><T59/><D70/><U30/><E30/><V124/><F0/><W28/><G28/><T82/><D10/><U130/><E130/><V16/><F5/><N who="3" m="1547" /><G46/><T126/><D126/><U115/><E114/><V35/><F35/><W133/><G133/><T131/><D120/><U13/><REACH who="1" step="1"/><E115/><REACH who="1" ten="201,220,349,220" step="2"/><V57/><F124/><W110/><G110/><T96/><D131/><U1/><E1/><V85/><F122/><W38/><G38/><T60/><AGARI ba="0,1" hai="54,58,59,60,61,66,82,84,88,91,95,96,101,102" machi="60" ten="20,12000,2" yaku="0,1,7,1,8,1,52,2,54,1" doraHai="86" who="0" fromWho="0" sc="201,130,220,-60,349,-30,220,-30" /><INIT seed="2,0,0,0,4,126" ten="331,160,319,190" oya="2" hai0="42,36,103,1,129,122,34,57,111,15,107,114,17" hai1="106,52,102,54,135,118,85,73,0,94,79,20,14" hai2="22,89,98,124,33,97,50,110,55,19,60,93,68" hai3="37,43,61,125,47,10,51,67,116,115,30,45,53"/><V28/><F124/><W99/><G116/><T77/><D1/><U21/><E0/><V13/><F33/><W95/><G125/><T132/><D77/><U133/><E118/><V66/><F28/><W90/><G115/><T8/><D34/><U104/><E73/><V11/><F110/><W41/><G30/><T39/><D114/><U86/><E79/><V12/><F12/><W56/><REACH who="3" step="1"/><G10/><REACH who="3" ten="331,160,319,180" step="2"/><T26/><D8/><U70/><E70/><V112/><F112/><W76/><G76/><T58/><D111/><U69/><E69/><V128/><F11/><W65/><AGARI ba="0,1" hai="37,41,43,45,47,51,53,56,61,65,67,90,95,99" machi="65" ten="30,2000,0" yaku="1,1,0,1,53,0" doraHai="126" doraHaiUra="100" who="3" fromWho="3" sc="331,-5,160,-5,319,-10,180,30" /><INIT seed="3,0,0,3,4,69" ten="326,155,309,210" oya="3" hai0="107,14,104,101,36,99,62,84,87,33,57,39,117" hai1="24,88,7,18,47,19,46,134,48,23,40,1,43" hai2="8,83,75,112,6,103,130,11,25,92,116,56,73" hai3="124,122,81,20,60,34,28,3,129,131,0,97,91"/><W44/><G122/><T12/><D117/><U133/><E1/><V15/><F116/><W68/><G34/><T41/><D33/><U123/><E7/><V74/><F112/><W63/><G124/><T93/><D41/><U126/><E123/><V120/><F120/><W45/><G28/><T109/><D109/><U98/><E126/><V94/><F130/><N who="3" m="49675" /><G20/><T10/><D12/><U77/><E77/><V135/><F135/><W51/><G45/><T96/><D84/><U95/><REACH who="1" step="1"/><E18/><REACH who="1" ten="326,145,309,210" step="2"/><V113/><F6/><W38/><G3/><T71/><D14/><U125/><E125/><V132/><F15/><W100/><G0/><T70/><D10/><U13/><E13/><V128/><F8/><W67/><G63/><T119/><D62/><U89/><E89/><V114/><F11/><W80/><G91/><T121/><D121/><U76/><E76/><V59/><F128/><W102/><G102/><T110/><D101/><U4/><E4/><V27/><F103/><W52/><G38/><AGARI ba="0,1" hai="19,23,24,38,40,43,46,47,48,88,95,98,133,134" machi="38" ten="40,5200,0" yaku="1,1,52,1,54,1,53,0" doraHai="69" doraHaiUra="35" who="1" fromWho="3" sc="326,0,145,62,309,0,210,-52" owari="326,42.6,207,-19.3,309,10.9,158,-34.2" /></mjloggm>