<mjloggm ver="2.3"><GO type="225" lobby="0"/><UN n0="%E7%9A%AE%E3%80%85" n1="%E3%82%BC%E3%83%AB%E3%83%80%E3%81%AE%E4%BC%9D%E8%AA%AC" n2="%72%61%6B%33" n3="%E3%81%8B%E3%82%8F%E3%81%A1%E3%82%83%E3%82%93%35%38" dan="16,17,16,16" rate="2161.72,2144.86,2107.15,2152.78" sx="F,M,M,M"/><TAIKYOKU oya="0"/><INIT seed="0,0,0,3,2,74" ten="250,250,250,250" oya="0" hai0="60,102,26,28,65,15,23,17,98,5,99,128,107" hai1="8,117,95,130,124,134,24,127,133,96,113,88,3" hai2="39,83,87,32,82,12,108,41,55,61,20,35,42" hai3="89,1,131,63,85,16,11,4,76,2,22,38,72"/><T126/><D126/><N who="1" m="48171" /><E3/><V111/><F20/><W10/><G131/><T0/><D128/><U114/><E130/><V100/><F12/><W70/><G38/><T27/><D27/><U51/><E8/><V44/><F100/><W73/><G76/><T104/><D98/><N who="1" m="57703" /><E51/><V78/><F41/><W101/><G101/><T45/><D45/><U58/><E58/><N who="2" m="35039" /><F82/><W56/><G70/><T48/><D48/><U121/><E24/><V64/><F64/><W50/><G50/><T109/><D109/><AGARI ba="0,0" hai="32,35,39,42,44,78,83,87,108,109,111" m="35039" machi="109" ten="30,2000,0" yaku="14,1,52,1" doraHai="74" who="2" fromWho="0" sc="250,-20,250,0,250,20,250,0" /><INIT seed="1,0,0,1,2,12" ten="230,250,270,250" oya="1" hai0="89,49,122,121,53,88,67,3,16,5,69,71,35" hai1="118,32,43,10,97,6,18,51,90,123,131,112,95" hai2="64,81,92,86,57,52,135,34,59,128,37,109,39" hai3="26,96,133,21,72,78,83,87,82,100,79,31,132"/><U62/><E112/><V15/><F109/><W85/><REACH who="3" step="1"/><G72/><REACH who="3" ten="230,250,270,240" step="2"/><T102/><D35/><U114/><E32/><V48/><F34/><W129/><G129/><T56/><D102/><U68/><E131/><V119/><F128/><W22/><G22/><T50/><D50/><U106/><E51/><V7/><F48/><W61/><G61/><N who="0" m="40175" /><D71/><U66/><E114/><V42/><F37/><W107/><AGARI ba="0,1" hai="21,26,31,78,79,82,83,85,87,96,100,107,132,133" machi="107" ten="30,8000,1" yaku="21,2,0,1,9,1,53,1" doraHai="12" doraHaiUra="99" who="3" fromWho="3" sc="230,-20,250,-40,270,-20,240,90" /><INIT seed="2,0,0,5,2,48" ten="210,210,250,330" oya="2" hai0="4,17,2,122,28,15,113,97,90,46,31,104,119" hai1="16,100,44,21,58,23,6,98,33,7,101,93,128" hai2="25,134,103,40,35,116,94,53,9,68,108,124,47" hai3="82,74,12,42,132,92,84,135,65,66,130,60,91"/><V10/><F116/><W102/><G130/><T5/><D122/><U96/><E33/><V38/><F68/><W112/><G112/><T125/><D113/><U36/><E128/><V95/><F124/><W73/><G42/><T67/><D125/><U127/><E127/><V43/><F134/><N who="3" m="51243" /><G12/><T118/><D67/><N who="3" m="25609" /><G60/><T59/><D46/><U41/><E58/><V79/><F108/><W69/><G69/><T120/><D120/><U1/><E23/><V39/><F53/><W105/><G105/><T85/><D59/><U72/><E72/><N who="3" m="27754" /><G102/><T76/><D76/><U13/><REACH who="1" step="1"/><E1/><REACH who="1" ten="210,200,250,330" step="2"/><V20/><F35/><W89/><G92/><AGARI ba="0,1" hai="6,7,13,16,21,36,41,44,92,93,96,98,100,101" machi="92" ten="30,8000,1" yaku="1,1,2,1,7,1,9,1,54,1,53,0" doraHai="48" doraHaiUra="62" who="1" fromWho="3" sc="210,0,200,90,250,0,330,-80" /><INIT seed="3,0,0,4,3,27" ten="210,290,250,250" oya="3" hai0="91,92,65,36,12,109,57,49,66,41,133,132,95" hai1="99,123,129,124,60,118,134,78,122,105,102,39,45" hai2="37,50,38,58,88,63,119,42,81,104,110,83,80" hai3="32,7,67,11,8,79,28,47,89,107,51,61,117"/><W71/><G117/><T82/><D109/><U14/><E118/><V76/><F119/><W33/><G107/><T29/><D36/><U100/><E100/><V98/><F110/><W113/><G113/><T55/><D41/><U72/><E14/><V85/><F50/><W125/><G125/><T108/><D108/><U131/><E124/><V126/><F126/><W15/><G79/><T30/><D12/><U77/><E60/><V46/><F37/><W86/><G11/><T87/><D95/><U21/><E21/><V13/><F13/><W44/><G28/><N who="0" m="10859" /><D92/><U128/><E134/><AGARI ba="0,0" hai="49,55,57,65,66,82,87,91,132,133,134" m="10859" machi="134" ten="30,7700,0" yaku="20,1,52,3" doraHai="27" who="0" fromWho="1" sc="210,77,290,-77,250,0,250,0" /><INIT seed="4,0,0,2,2,6" ten="287,213,250,250" oya="0" hai0="127,31,87,67,134,123,135,25,1,54,119,120,108" hai1="18,101,117,57,105,66,43,38,86,130,104,88,49" hai2="95,8,5,122,112,106,79,15,99,121,19,24,41" hai3="22,98,0,59,64,113,97,80,71,61,78,94,131"/><T23/><D119/><U39/><E117/><V109/><F109/><W42/><G0/><T7/><D108/><U30/><E130/><V70/><F70/><W90/><G131/><T89/><D67/><U125/><E125/><V93/><F112/><W115/><G42/><T52/><D127/><U20/><E30/><V72/><F106/><W17/><G97/><T75/><D75/><U26/><E66/><V11/><F95/><W85/><REACH who="3" step="1"/><G71/><REACH who="3" ten="287,213,250,240" step="2"/><T16/><D120/><U92/><E101/><V29/><F41/><W3/><G3/><T84/><D123/><U63/><E63/><V62/><F62/><W34/><G34/><T77/><D31/><U12/><E26/><AGARI ba="0,1" hai="17,22,26,59,61,64,78,80,85,90,94,98,113,115" machi="26" ten="40,1300,0" yaku="1,1,53,0" doraHai="6" doraHaiUra="28" who="3" fromWho="1" sc="287,0,213,-13,250,0,240,23" /><INIT seed="5,0,0,2,0,106" ten="287,200,250,263" oya="1" hai0="93,26,6,10,118,72,126,85,79,127,103,73,52" hai1="90,75,14,39,68,43,41,129,19,8,122,45,3" hai2="100,128,42,2,74,70,47,120,20,27,133,77,89" hai3="86,135,38,18,82,108,78,105,88,111,67,11,60"/><U132/><E122/><V16/><F120/><W121/><G38/><T83/><D118/><U66/><E132/><V80/><F133/><W116/><G135/><T130/><D130/><U125/><E129/><V114/><F128/><W24/><G121/><T76/><D26/><U84/><E125/><N who="0" m="47625" /><D52/><U7/><E43/><V23/><F70/><W61/><G105/><T96/><D79/><U55/><E55/><V49/><F114/><W31/><G61/><T37/><D37/><U0/><E75/><V5/><F100/><W54/><G54/><T94/><D94/><U119/><E119/><V12/><F89/><W28/><G116/><T9/><D9/><U99/><E99/><V124/><F124/><W112/><G112/><T101/><D101/><U15/><E68/><V109/><F109/><W53/><G53/><T30/><D30/><U56/><E56/><V17/><REACH who="2" step="1"/><F5/><REACH who="2" ten="287,200,240,263" step="2"/><W64/><G111/><T131/><D131/><U98/><E98/><V25/><F25/><W29/><G108/><T48/><D48/><U123/><E123/><V40/><F40/><W35/><G24/><T62/><D62/><U32/><E32/><V134/><F134/><W34/><G34/><T71/><D71/><U59/><E66/><N who="3" m="25130" /><G60/><T115/><D115/><U113/><E113/><V97/><F97/><W4/><G4/><T91/><D103/><U46/><E46/><V36/><F36/><W102/><G102/><T69/><D69/><U117/><E117/><V22/><F22/><W65/><N who="3" m="25138" /><W81/><DORA hai="33" /><G35/><T44/><D44/><U50/><E39/><V1/><AGARI ba="0,1" hai="1,2,12,16,17,20,23,27,42,47,49,74,77,80" machi="1" ten="30,12000,2" yaku="1,1,5,1,0,1,52,3,54,1,53,0" doraHai="106,33" doraHaiUra="51,58" who="2" fromWho="2" sc="287,-30,200,-60,240,130,263,-30" owari="257,5.7,140,-36.0,370,47.0,233,-16.7" /></mjloggm>