<mjloggm ver="2.3"><GO type="225" lobby="0"/><UN n0="%E6%9C%88%E5%B3%B6%E5%9F%BA" n1="%E7%9A%AE%E3%80%85" n2="%E3%83%94%E3%83%B3%E3%82%B5%E3%83%AD%E5%BA%97%E5%93%A1" n3="%6C%61%6D%62" dan="16,16,17,16" rate="2133.06,2140.33,2218.36,2206.96" sx="M,F,M,M"/><TAIKYOKU oya="0"/><INIT seed="0,0,0,3,1,105" ten="250,250,250,250" oya="0" hai0="14,76,23,13,12,99,1,42,79,29,66,48,82" hai1="26,103,16,11,91,93,60,43,124,97,67,102,84" hai2="116,80,55,8,83,78,86,27,115,5,45,59,28" hai3="7,10,98,54,0,88,90,114,46,131,85,9,73"/><T36/><D1/><U118/><E118/><V32/><F116/><W126/><G114/><T70/><D36/><U120/><E120/><V44/><F83/><W58/><G131/><T109/><D109/><U40/><E124/><V18/><F18/><W122/><G126/><T4/><D70/><U39/><E39/><V72/><F86/><W89/><G73/><T130/><D130/><U64/><E103/><V19/><F19/><W24/><G122/><T3/><D66/><N who="1" m="25131" /><E60/><V87/><F87/><W62/><G98/><T113/><D113/><U81/><E11/><V133/><F133/><W22/><G10/><T132/><D3/><U33/><E33/><V34/><F34/><W134/><G46/><N who="0" m="25687" /><D132/><U129/><E129/><V96/><F96/><W30/><REACH who="3" step="1"/><G134/><REACH who="3" ten="250,250,250,240" step="2"/><T38/><D99/><U112/><E112/><V135/><F135/><W65/><G65/><T110/><D110/><U119/><E119/><V6/><F115/><W31/><G31/><T108/><D108/><U117/><E117/><V25/><F8/><W35/><G35/><T50/><D29/><U75/><E75/><V101/><F28/><W56/><G56/><T57/><D57/><U94/><E81/><AGARI ba="0,1" hai="0,7,9,22,24,30,54,58,62,81,85,88,89,90" machi="81" ten="30,3900,0" yaku="1,1,7,1,54,1,53,0" doraHai="105" doraHaiUra="95" who="3" fromWho="1" sc="250,0,250,-39,250,0,240,49" /><INIT seed="1,0,0,4,2,62" ten="250,211,250,289" oya="1" hai0="118,57,19,132,41,12,46,45,58,60,124,127,89" hai1="67,130,75,88,36,77,69,51,53,119,29,117,39" hai2="80,81,32,27,97,120,82,115,91,37,113,121,87" hai3="101,104,111,86,15,76,6,44,35,131,129,22,79"/><U56/><E29/><N who="2" m="19519" /><F97/><W43/><G35/><T110/><D118/><N who="1" m="45067" /><E88/><V61/><F61/><W112/><G112/><N who="2" m="43081" /><F37/><N who="1" m="14409" /><E77/><N who="3" m="29770" /><G101/><T126/><D110/><U24/><E75/><V4/><F4/><W92/><G104/><T128/><D128/><U108/><E24/><V49/><F49/><W42/><G111/><T8/><D127/><U10/><E10/><V109/><F109/><W9/><G92/><AGARI ba="0,0" hai="80,81,82,87,91,92,120,121" m="43081,19519" machi="92" ten="30,1000,0" yaku="11,1" doraHai="62" who="2" fromWho="3" sc="250,0,211,0,250,10,289,-10" /><INIT seed="2,0,0,3,4,45" ten="250,211,260,279" oya="2" hai0="74,70,71,22,7,59,66,96,91,50,127,94,128" hai1="123,37,119,23,13,122,48,0,51,56,47,120,86" hai2="73,8,88,121,116,89,18,83,111,14,34,31,125" hai3="114,101,1,19,93,4,133,100,98,113,17,110,129"/><V135/><F121/><W38/><G38/><T26/><D74/><U61/><E0/><V132/><F116/><W44/><G110/><T42/><D127/><U12/><E119/><V32/><F125/><W81/><G129/><T16/><D128/><U62/><E37/><V5/><F111/><W104/><G133/><N who="2" m="51273" /><F31/><W11/><G81/><T28/><D7/><U75/><E75/><V106/><F106/><W82/><G82/><T72/><D72/><U102/><E102/><V29/><F5/><W9/><G44/><N who="0" m="25879" /><D71/><U64/><E86/><V85/><F73/><W43/><G43/><T49/><D70/><N who="1" m="42255" /><E47/><V55/><F29/><W134/><G134/><T52/><D66/><N who="1" m="39239" /><E13/><V131/><F131/><W35/><G35/><N who="2" m="13353" /><F55/><W57/><G101/><T58/><D28/><U112/><E112/><N who="3" m="43114" /><G104/><T53/><D53/><U78/><E78/><AGARI ba="0,0" hai="8,14,18,78,83,85,88,89" m="13353,51273" machi="78" ten="30,2900,0" yaku="20,1,54,1" doraHai="45" who="2" fromWho="1" sc="250,0,211,-29,260,29,279,0" /><INIT seed="2,1,0,2,0,121" ten="250,182,289,279" oya="2" hai0="28,64,81,38,50,35,16,68,5,74,82,57,89" hai1="53,24,13,112,62,75,123,41,117,109,124,61,114" hai2="72,110,15,129,20,78,52,22,135,26,66,122,37" hai3="8,44,40,4,93,104,85,125,103,134,59,1,11"/><V32/><F122/><W65/><G104/><T115/><D115/><U96/><E75/><V92/><F37/><W6/><G134/><T29/><D38/><U95/><E123/><V101/><F66/><W113/><G125/><T23/><D68/><U47/><E117/><V21/><F135/><W106/><G106/><T48/><D35/><U132/><E132/><V131/><F101/><W14/><G113/><T2/><D2/><U94/><E124/><V27/><F92/><W18/><G65/><T55/><D64/><U0/><E0/><V86/><F86/><W39/><G59/><T3/><D3/><U84/><E13/><V79/><F72/><W105/><G105/><T12/><D74/><U69/><E69/><V98/><F98/><W120/><G120/><T31/><D5/><U80/><E24/><N who="2" m="9259" /><F15/><W60/><G60/><T56/><D89/><U133/><E133/><V91/><F91/><W73/><G73/><T36/><D36/><U128/><E128/><N who="2" m="49227" /><F32/><W87/><G6/><T127/><D127/><U30/><E114/><V70/><F70/><W102/><G102/><T33/><D33/><U63/><E112/><V107/><F107/><W76/><G76/><N who="2" m="29225" /><F52/><AGARI ba="1,0" hai="12,16,23,28,29,31,48,50,52,55,56,57,81,82" machi="52" ten="40,8000,1" yaku="9,1,8,1,54,2" doraHai="121" who="0" fromWho="2" sc="250,83,182,0,289,-83,279,0" /><INIT seed="3,0,0,0,0,98" ten="333,182,206,279" oya="3" hai0="128,68,116,94,79,41,124,82,80,119,114,13,117" hai1="112,106,8,83,126,73,33,0,107,110,26,135,115" hai2="89,62,63,1,19,29,28,92,47,61,60,4,55" hai3="134,86,37,20,109,77,38,67,87,130,14,64,95"/><W111/><G130/><T16/><D68/><U40/><E110/><N who="3" m="41994" /><G134/><T100/><D128/><U71/><E135/><V44/><F1/><W53/><G53/><T7/><D7/><N who="1" m="1127" /><E126/><V102/><F4/><W56/><G56/><T30/><D30/><N who="2" m="11882" /><F102/><W3/><G3/><T49/><D124/><U36/><E71/><V127/><F127/><W11/><G20/><T96/><D114/><N who="1" m="43563" /><E26/><V50/><N who="2" m="15360" /><DORA hai="90" /><V72/><F72/><W108/><G77/><T10/><D79/><N who="1" m="44527" /><E33/><V2/><F2/><W129/><G129/><T121/><D121/><U74/><E74/><V21/><F55/><W75/><G75/><T23/><D41/><U24/><E24/><N who="2" m="14399" /><F50/><W66/><G108/><T32/><D49/><U122/><E122/><V93/><F93/><W22/><G95/><T81/><D32/><U69/><E69/><V125/><F125/><W88/><G38/><T59/><D116/><U52/><E52/><V105/><F105/><W5/><G37/><T120/><D120/><U46/><AGARI ba="0,0" hai="36,40,46,106,107" m="44527,43563,1127" machi="46" ten="30,2000,0" yaku="25,1,23,1" doraHai="98,90" who="1" fromWho="1" sc="333,-5,182,20,206,-5,279,-10" owari="328,42.8,202,-19.8,201,-29.9,269,6.9" /></mjloggm>