<mjloggm ver="2.3"><GO type="225" lobby="0"/><UN n0="%33%74%72%65%65" n1="%6C%65%74%69%74%62%65" n2="%E6%98%93%E5%88%A9%E8%96%A9%E4%BC%AF" n3="%4C%4F%4C%49%54%41" dan="17,16,17,16" rate="2168.90,2112.66,2145.88,2097.61" sx="F,M,F,F"/><TAIKYOKU oya="0"/><INIT seed="0,0,0,3,3,35" ten="250,250,250,250" oya="0" hai0="17,13,113,48,115,78,114,3,104,95,109,56,0" hai1="6,45,21,121,86,96,116,108,64,44,67,68,47" hai2="52,24,77,130,30,107,88,66,20,90,50,57,39" hai3="33,43,85,128,7,81,5,133,75,9,80,31,42"/><T134/><D104/><U118/><E121/><V54/><F130/><W93/><G128/><T29/><D134/><U46/><E108/><V131/><F131/><W71/><G71/><T19/><D109/><U91/><E96/><V55/><F39/><W111/><G111/><T79/><D29/><U127/><E127/><V40/><F107/><W112/><G112/><T76/><D95/><U65/><E68/><V15/><F77/><W16/><G75/><T2/><D13/><U72/><E72/><V110/><F110/><W83/><G33/><T89/><D89/><N who="2" m="34410" /><F40/><N who="3" m="15403" /><G31/><T70/><D70/><U12/><N who="1" m="11264" /><DORA hai="27" /><U60/><E60/><N who="2" m="38159" /><F15/><N who="3" m="7279" /><G133/><T106/><REACH who="0" step="1"/><D106/><REACH who="0" ten="240,250,250,250" step="2"/><U23/><E116/><V102/><F102/><W1/><G93/><T26/><D26/><U119/><E118/><V99/><F99/><W51/><G81/><T32/><D32/><U58/><E119/><V124/><F124/><W28/><G80/><T122/><D122/><U22/><E12/><V117/><F117/><W101/><G83/><T69/><D69/><U98/><E98/><V73/><F73/><W14/><G14/><T4/><D4/><U62/><E6/><V25/><F25/><W10/><G7/><T120/><D120/><U8/><E8/><V92/><F92/><AGARI ba="0,1" hai="21,22,23,58,62,64,65,67,86,91,92" m="11264" machi="92" ten="50,1600,0" yaku="8,1" doraHai="35,27" who="1" fromWho="2" sc="240,0,250,26,250,-16,250,0" /><INIT seed="1,0,0,3,0,69" ten="240,276,234,250" oya="1" hai0="52,30,37,47,85,77,74,23,117,70,55,129,68" hai1="57,97,123,24,16,31,38,32,45,102,134,4,104" hai2="28,59,5,71,107,96,15,10,2,36,18,89,114" hai3="51,17,76,48,75,93,135,63,100,106,12,26,122"/><U111/><E123/><V130/><F71/><W27/><G122/><T82/><D117/><U19/><E134/><V56/><F130/><W124/><G106/><T54/><D129/><U29/><E111/><V105/><F114/><W91/><G100/><T128/><D128/><U101/><E4/><V109/><F109/><W81/><G124/><T61/><D61/><U40/><E29/><V33/><F89/><W121/><G135/><T11/><D11/><U131/><E131/><V90/><F90/><W95/><G95/><T84/><D84/><U99/><REACH who="1" step="1"/><E57/><REACH who="1" ten="240,266,234,250" step="2"/><V22/><F59/><W110/><G110/><T115/><D115/><U53/><E53/><V65/><F28/><W25/><G121/><T14/><D30/><U133/><E133/><V9/><F56/><W66/><G17/><T7/><D7/><U60/><E60/><V44/><F18/><W34/><G63/><T98/><D68/><U62/><E62/><V120/><F5/><W73/><G66/><T83/><D70/><U39/><E39/><V13/><F36/><W46/><G34/><T88/><D37/><U49/><E49/><V6/><F6/><W41/><G48/><T21/><D47/><U72/><E72/><V3/><F44/><W118/><G75/><T80/><D74/><U116/><E116/><V126/><F33/><W94/><G118/><T50/><D50/><U127/><E127/><V78/><F65/><W0/><G73/><T125/><D125/><U43/><E43/><V8/><F126/><W64/><G46/><T20/><D14/><U35/><E35/><V79/><F120/><RYUUKYOKU ba="0,1" sc="240,15,266,15,234,-15,250,-15" hai0="20,21,23,52,54,55,77,80,82,83,85,88,98" hai1="16,19,24,31,32,38,40,45,97,99,101,102,104" /><INIT seed="1,1,1,2,5,34" ten="255,281,219,235" oya="1" hai0="61,37,115,114,8,118,38,69,89,120,131,74,56" hai1="49,125,100,46,50,98,15,78,80,44,106,82,103" hai2="130,51,30,0,29,41,54,17,39,110,72,25,42" hai3="53,96,77,84,10,63,67,133,57,99,97,88,35"/><U86/><E125/><V31/><F72/><W91/><G35/><T22/><D74/><U7/><E80/><V111/><F130/><W116/><G133/><T134/><D118/><U109/><E109/><N who="2" m="41483" /><F39/><W18/><G116/><T4/><D131/><U135/><E135/><V128/><F128/><W73/><G73/><T68/><D134/><U19/><E7/><V121/><F121/><W108/><G108/><T129/><D129/><U83/><E83/><V43/><F17/><W58/><G77/><T113/><D120/><U117/><E117/><V124/><F124/><W55/><G84/><T13/><D89/><N who="3" m="34377" /><G58/><T66/><REACH who="0" step="1"/><D22/><REACH who="0" ten="245,281,219,235" step="2"/><U26/><E100/><V11/><F25/><W87/><G87/><T132/><D132/><U95/><E26/><V112/><F112/><W45/><G45/><N who="1" m="17514" /><E106/><V126/><F126/><W12/><AGARI ba="1,2" hai="10,12,18,53,55,57,63,67,96,97,99" m="34377" machi="12" ten="30,2000,0" yaku="8,1,54,1" doraHai="34" who="3" fromWho="3" sc="245,-6,281,-11,219,-6,235,43" /><INIT seed="2,0,0,4,0,24" ten="239,270,213,278" oya="2" hai0="33,58,46,12,35,93,83,47,40,80,76,26,132" hai1="53,68,103,111,109,113,61,122,101,37,81,82,56" hai2="38,31,3,41,135,77,74,20,2,55,51,13,97" hai3="102,100,89,92,27,125,85,79,0,87,91,66,5"/><V121/><F121/><W29/><G125/><T71/><D71/><U75/><E113/><V62/><F135/><W8/><G79/><T4/><D132/><U1/><E37/><V54/><F38/><W18/><G66/><T7/><D93/><U69/><E1/><V99/><F74/><W129/><G18/><T134/><D134/><U6/><E6/><V131/><F131/><W25/><G25/><T50/><D58/><U105/><E122/><V106/><F77/><W72/><G72/><T127/><D127/><U21/><E21/><V48/><F41/><W65/><G65/><T115/><D115/><U120/><E81/><V52/><F62/><W10/><G8/><T119/><D119/><U30/><E30/><V94/><F106/><W84/><G129/><T126/><D126/><U90/><E120/><V39/><F39/><W98/><REACH who="3" step="1"/><G102/><REACH who="3" ten="239,270,213,268" step="2"/><T23/><D76/><U130/><E101/><V9/><F9/><W95/><G95/><T15/><D26/><U78/><E130/><V124/><F124/><W96/><G96/><T22/><D4/><U86/><E75/><V128/><F128/><W45/><G45/><T28/><D7/><U49/><E78/><V104/><F97/><W116/><G116/><T133/><D133/><U60/><E103/><N who="2" m="62591" /><F94/><W36/><G36/><T110/><D46/><U19/><E105/><V42/><F13/><W67/><G67/><T34/><D12/><U17/><E82/><V107/><F107/><W112/><G112/><T64/><D83/><N who="1" m="49503" /><E17/><V43/><F3/><W14/><G14/><T63/><D80/><U44/><E19/><RYUUKYOKU ba="0,1" sc="239,-10,270,-10,213,-10,268,30" hai3="0,5,10,27,29,84,85,87,89,91,92,98,100" /><INIT seed="3,1,1,3,0,75" ten="229,260,203,298" oya="3" hai0="47,68,59,12,69,42,90,2,105,34,86,72,10" hai1="26,46,66,121,78,63,128,55,115,104,116,122,118" hai2="27,87,70,56,99,117,40,19,52,79,25,124,131" hai3="21,8,51,81,5,132,4,88,39,9,22,83,20"/><W31/><G39/><T76/><D105/><U50/><E104/><V102/><F70/><W133/><G31/><T14/><D34/><U123/><E26/><V53/><F117/><N who="1" m="45161" /><E115/><V82/><F131/><W98/><G51/><T65/><D59/><N who="1" m="37247" /><E78/><V0/><F0/><N who="3" m="7" /><G88/><T80/><D2/><U125/><E125/><V134/><F124/><W11/><G98/><T43/><D90/><U35/><E35/><V18/><F40/><W108/><G108/><T23/><D43/><U37/><E128/><V100/><F53/><W33/><G33/><T44/><D42/><U93/><E93/><N who="2" m="58479" /><F102/><W103/><G103/><T96/><D69/><U120/><E120/><V89/><F89/><W28/><G28/><T30/><D96/><U60/><E60/><N who="2" m="35847" /><F134/><N who="3" m="51819" /><G11/><T38/><D38/><AGARI ba="1,1" hai="37,38,46,50,55,121,122,123" m="37247,45161" machi="38" ten="40,5200,0" yaku="12,1,34,2" doraHai="75" who="1" fromWho="0" sc="229,-55,260,65,203,0,298,0" owari="174,-32.6,325,42.5,203,-19.7,298,9.8" /></mjloggm>