<mjloggm ver="2.3"><GO type="225" lobby="0"/><UN n0="%E6%9C%88%E5%B3%B6%E5%9F%BA" n1="%47%68%6F%73%74%55%30" n2="%E7%99%BD%E9%9B%AA%E4%B9%83%E6%84%9B" n3="%E5%B8%86%E7%AB%8B%E5%A4%8F%E8%A1%A3" dan="16,16,16,17" rate="2091.71,2168.99,2017.51,2167.92" sx="M,M,F,M"/><TAIKYOKU oya="0"/><INIT seed="0,0,0,3,1,96" ten="250,250,250,250" oya="0" hai0="76,0,58,105,16,133,56,37,52,70,18,127,74" hai1="25,55,134,3,34,97,109,49,29,107,122,51,61" hai2="31,83,90,99,1,60,38,121,59,46,19,114,11" hai3="86,44,69,32,117,91,23,10,87,72,64,80,27"/><T77/><D70/><U66/><E122/><V28/><F121/><W100/><G117/><T102/><D37/><U6/><E109/><V35/><F114/><W112/><G112/><T131/><D0/><U78/><E78/><N who="0" m="30313" /><D74/><U42/><E134/><V22/><F35/><W118/><G32/><T89/><D133/><U41/><E49/><V4/><F46/><W40/><G72/><T65/><D131/><U119/><E119/><V15/><F38/><W123/><G123/><T130/><D130/><U8/><E107/><V120/><F120/><W110/><G110/><T88/><D102/><U95/><E61/><V113/><F113/><W93/><G118/><T21/><D105/><U33/><E66/><V106/><F83/><W13/><G64/><T7/><D7/><U24/><E24/><V116/><F116/><W108/><G69/><T26/><D127/><U5/><E5/><V2/><F2/><W57/><G108/><T50/><D18/><U132/><E34/><V45/><F45/><W63/><G44/><T126/><D126/><U62/><E132/><V14/><F1/><W53/><G40/><T47/><D47/><U81/><E41/><V125/><F125/><W94/><G100/><T75/><D75/><U79/><E42/><V71/><F71/><W135/><G135/><T82/><D82/><U115/><E81/><V92/><REACH who="2" step="1"/><F106/><REACH who="2" ten="250,250,240,250" step="2"/><W36/><G36/><T124/><D124/><U111/><E115/><V98/><F98/><W12/><G87/><T48/><D48/><U104/><E111/><V17/><F17/><N who="3" m="12783" /><G10/><T84/><D84/><U30/><E104/><RYUUKYOKU ba="0,1" sc="250,10,250,-30,240,10,250,10" hai0="16,21,26,50,52,56,58,65,88,89" hai2="4,11,14,15,19,22,28,31,59,60,90,92,99" hai3="12,13,53,57,63,80,86,91,93,94" /><INIT seed="0,1,1,0,5,0" ten="260,220,250,260" oya="0" hai0="63,69,32,94,88,1,127,24,29,93,77,126,33" hai1="104,70,128,122,13,91,95,35,74,87,80,75,47" hai2="82,68,105,129,120,38,44,92,57,113,8,111,109" hai3="76,89,21,101,65,49,52,7,39,36,53,121,56"/><T81/><D1/><U61/><E122/><V100/><F68/><W135/><G135/><T25/><D69/><U3/><E3/><V6/><F120/><W114/><G114/><T66/><D66/><U41/><E128/><V58/><F113/><W31/><G121/><T83/><D63/><U90/><E35/><V72/><F105/><W112/><G112/><T37/><D37/><U17/><E104/><V131/><F92/><W98/><G76/><T16/><D77/><U2/><E2/><N who="2" m="87" /><F100/><W19/><G65/><T5/><D5/><U125/><E61/><V106/><F106/><W45/><G7/><T18/><D29/><U86/><E125/><V11/><F11/><W40/><G31/><T30/><D30/><U99/><E87/><V46/><F82/><W64/><G39/><T4/><D4/><U26/><E26/><V110/><F72/><W55/><G64/><T124/><D124/><U102/><E70/><V48/><F38/><W103/><G36/><T107/><D107/><U20/><E102/><V12/><F12/><N who="3" m="9447" /><G56/><N who="2" m="21609" /><F46/><W133/><G133/><T27/><D27/><U97/><REACH who="1" step="1"/><E99/><REACH who="1" ten="260,210,250,260" step="2"/><V85/><F85/><W118/><G103/><T115/><D115/><U71/><E71/><V73/><F73/><W134/><G101/><T15/><D15/><U79/><E79/><V123/><F123/><W23/><G134/><T54/><D88/><U43/><E43/><AGARI ba="1,2" hai="43,44,48,109,110,111,129,131" m="21609,87" machi="43" ten="40,2600,0" yaku="14,1,52,1" doraHai="0" who="2" fromWho="1" sc="260,0,210,-29,250,49,260,0" /><INIT seed="1,0,0,2,2,128" ten="260,181,299,260" oya="1" hai0="125,58,11,112,77,107,105,127,86,94,12,72,104" hai1="92,41,52,96,78,57,123,101,28,81,0,10,38" hai2="108,51,34,8,129,131,33,55,36,25,17,83,4" hai3="116,97,14,48,135,63,21,109,19,100,119,3,16"/><U110/><E123/><V102/><F36/><W87/><G109/><T84/><D58/><U22/><E110/><V2/><F108/><W9/><G48/><T76/><D12/><U126/><E126/><N who="0" m="48137" /><D11/><U69/><E69/><V60/><F60/><W70/><G87/><N who="0" m="33323" /><D112/><U98/><E98/><V134/><F102/><W79/><G79/><N who="0" m="30283" /><D94/><U111/><E111/><V106/><F83/><W65/><G135/><T115/><D115/><U31/><E22/><N who="2" m="13519" /><F134/><W42/><G42/><T68/><D68/><U130/><E10/><V85/><F34/><W118/><G3/><T88/><D88/><U75/><E0/><V133/><F33/><W15/><REACH who="3" step="1"/><G116/><REACH who="3" ten="260,181,299,250" step="2"/><T74/><AGARI ba="0,1" hai="72,74,104,105,107" m="30283,33323,48137" machi="74" ten="40,8000,1" yaku="28,2,18,1,34,2" doraHai="128" who="0" fromWho="0" sc="260,90,181,-40,299,-20,250,-20" /><INIT seed="2,0,0,5,3,38" ten="350,141,279,230" oya="2" hai0="112,64,108,102,134,94,75,74,93,80,53,49,62" hai1="48,29,12,103,28,104,116,22,126,89,131,110,3" hai2="111,46,128,11,45,77,83,9,13,50,36,1,127" hai3="122,68,33,117,44,114,129,42,87,32,24,19,91"/><V7/><F127/><W118/><G68/><T107/><D112/><U27/><E116/><V4/><F128/><W82/><G122/><T31/><D108/><U97/><E110/><V23/><F111/><W56/><G129/><T8/><D134/><U16/><E131/><V73/><F23/><W88/><G114/><T40/><D107/><U120/><E126/><V99/><F50/><W47/><G56/><T133/><D31/><U106/><E120/><V123/><F123/><W21/><G91/><T100/><D8/><U6/><E29/><V63/><F63/><W130/><G47/><T43/><D80/><U34/><E89/><V20/><F20/><W109/><G109/><T70/><D75/><U52/><E97/><V69/><F69/><W2/><G2/><T124/><D74/><U90/><E90/><V67/><F67/><W57/><G57/><N who="0" m="36943" /><D133/><U81/><E81/><V15/><F99/><W84/><G84/><T65/><D65/><U125/><E103/><N who="0" m="39465" /><D70/><U115/><E115/><V39/><F1/><W41/><G130/><T135/><D135/><U72/><E72/><V105/><F105/><W59/><G59/><N who="0" m="33199" /><D124/><U61/><E61/><V101/><F101/><W25/><G44/><AGARI ba="0,0" hai="4,7,9,11,13,15,36,39,44,45,46,73,77,83" machi="44" ten="40,2000,0" yaku="9,1" doraHai="38" who="2" fromWho="3" sc="350,0,141,0,279,20,230,-20" /><INIT seed="2,1,0,1,5,84" ten="350,141,299,210" oya="2" hai0="67,85,47,32,59,88,23,122,69,87,53,15,39" hai1="60,76,37,103,83,90,7,133,123,9,11,21,71" hai2="64,27,25,13,10,115,79,40,77,72,125,96,73" hai3="121,104,130,134,109,38,74,22,92,135,119,86,129"/><V35/><F115/><W52/><G22/><T131/><D32/><U14/><E133/><N who="3" m="50698" /><G38/><T78/><D122/><U81/><E37/><V82/><F125/><W4/><G4/><T114/><D114/><U50/><E123/><V65/><F40/><W126/><G121/><T44/><D131/><N who="3" m="50185" /><G109/><T105/><D105/><U28/><E103/><V124/><F124/><W98/><G126/><T29/><D67/><U20/><E71/><V3/><F3/><W80/><G119/><T5/><D69/><U110/><E110/><V93/><F64/><W89/><G52/><T70/><D70/><U128/><E128/><V36/><F65/><W55/><G55/><T58/><D39/><U120/><E60/><V99/><F36/><W63/><G63/><N who="0" m="36303" /><D59/><U34/><E120/><V116/><F116/><W108/><G108/><T48/><D29/><U61/><E61/><V33/><F13/><W41/><G41/><T106/><D48/><U24/><E50/><V97/><F10/><W42/><G42/><T68/><D68/><U113/><E11/><V31/><F27/><W26/><G26/><T132/><D15/><U111/><E111/><V8/><F35/><W2/><G2/><T112/><D5/><U16/><E113/><V17/><F8/><W30/><G30/><T117/><D23/><U101/><E101/><N who="2" m="60559" /><F17/><W94/><G74/><T0/><D0/><U54/><E54/><V95/><F73/><W46/><G46/><T43/><D112/><U19/><E7/><V75/><F75/><W107/><G107/><T62/><D132/><U118/><E118/><V1/><F1/><RYUUKYOKU ba="1,0" sc="350,-10,141,-10,299,-10,210,30" hai3="80,86,89,92,94,98,104" /><INIT seed="3,2,0,5,2,114" ten="340,131,289,240" oya="3" hai0="118,97,61,48,113,88,71,81,86,100,40,108,37" hai1="2,68,46,110,34,75,111,78,115,18,14,80,39" hai2="103,133,131,95,65,47,30,3,77,93,44,66,51" hai3="36,124,50,8,12,0,70,84,42,26,32,55,6"/><W4/><G70/><T41/><D118/><U43/><E115/><V89/><F3/><W28/><G124/><T52/><D37/><U90/><E34/><V62/><F133/><W79/><G36/><T69/><D113/><U91/><E68/><V92/><F131/><W107/><G107/><T56/><D108/><U7/><E14/><V53/><F77/><W106/><G106/><T112/><D112/><U22/><E18/><V60/><F30/><W134/><G134/><T64/><D71/><U24/><E22/><V104/><F104/><AGARI ba="2,0" hai="40,41,48,52,56,61,64,69,81,86,88,97,100,104" machi="104" ten="30,3900,0" yaku="7,1,54,2" doraHai="114" who="0" fromWho="2" sc="340,45,131,0,289,-45,240,0" owari="385,48.5,131,-36.9,244,4.4,240,-16.0" /></mjloggm>