<mjloggm ver="2.3"><GO type="225" lobby="0"/><UN n0="%E4%BF%BA%E3%81%A8%E5%A6%96%E5%A4%A2" n1="%E3%82%B9%E3%83%BC%E3%83%91%E3%83%BC%E3%81%BE%E3%81%BB%E3%81%A3%E3%81%A1" n2="%E3%81%A4%E3%81%A3%E3%81%B1%E3%82%8A%E3%83%9D%E3%83%BC%E3%83%AB" n3="%E3%81%BF%E3%81%BF%E3%81%9A" dan="16,16,17,17" rate="2135.52,2105.00,2150.99,2153.07" sx="F,F,M,M"/><TAIKYOKU oya="0"/><INIT seed="0,0,0,3,3,7" ten="250,250,250,250" oya="0" hai0="122,59,99,41,123,70,72,134,116,108,47,60,104" hai1="93,79,34,25,22,86,46,5,52,107,49,71,11" hai2="61,51,9,16,121,57,17,63,103,73,113,124,33" hai3="40,28,135,24,129,67,0,106,37,19,15,98,56"/><T101/><D116/><U50/><E107/><V36/><F113/><W53/><G0/><T10/><D134/><U94/><E34/><V97/><F121/><W38/><G67/><T83/><D108/><U58/><E71/><V55/><F124/><W27/><G135/><T12/><D70/><U64/><E64/><V44/><F73/><W82/><G82/><T110/><D110/><U89/><E79/><V30/><F36/><W90/><G129/><T133/><D133/><U132/><E132/><V66/><F30/><W78/><G78/><T65/><D83/><U26/><E93/><N who="2" m="58799" /><F33/><W48/><G40/><T68/><D72/><U115/><E22/><V105/><F105/><W91/><G27/><T88/><D88/><U1/><REACH who="1" step="1"/><E115/><REACH who="1" ten="250,240,250,250" step="2"/><V111/><F111/><W69/><G69/><T80/><D68/><U42/><AGARI ba="0,1" hai="1,5,11,25,26,42,46,49,50,52,58,86,89,94" machi="42" ten="20,12000,2" yaku="1,1,2,1,0,1,7,1,52,1,54,1,53,0" doraHai="7" doraHaiUra="114" who="1" fromWho="1" sc="250,-60,240,130,250,-30,250,-30" /><INIT seed="1,0,0,0,4,89" ten="190,370,220,220" oya="1" hai0="88,99,12,46,55,44,28,125,84,72,83,134,21" hai1="47,50,25,29,102,78,80,68,62,107,114,49,36" hai2="15,109,130,2,104,64,32,63,77,71,37,103,13" hai3="33,34,59,121,67,70,127,115,94,38,9,85,98"/><U58/><E68/><V106/><F109/><W30/><G121/><T60/><D134/><U133/><E133/><V56/><F130/><W73/><G73/><T22/><D72/><U0/><E0/><V123/><F123/><W81/><G38/><T20/><D125/><U6/><E6/><V17/><F37/><W131/><G70/><T100/><D28/><U122/><E114/><V39/><F39/><W18/><G115/><T90/><D90/><U101/><E102/><V26/><F2/><W42/><G42/><T79/><D79/><U23/><E101/><V112/><F112/><W66/><G127/><T74/><D74/><U116/><E107/><V75/><F56/><W51/><G131/><T35/><D35/><U3/><E3/><V41/><F41/><W5/><G5/><T40/><D12/><U16/><E29/><N who="2" m="19511" /><F17/><W31/><G33/><T65/><D55/><U92/><E36/><V8/><F8/><W108/><G108/><T111/><D40/><U113/><E113/><V45/><F45/><W11/><G34/><T10/><D10/><N who="3" m="3593" /><G18/><T53/><D53/><U95/><E122/><V105/><F105/><W4/><G4/><T132/><D132/><U128/><E128/><V7/><F7/><W27/><G51/><T126/><D126/><U93/><E47/><V82/><F106/><W96/><G59/><N who="0" m="37023" /><D111/><U54/><E116/><V97/><AGARI ba="0,0" hai="13,15,63,64,71,75,77,82,97,103,104" m="19511" machi="97" ten="30,1100,0" yaku="25,1" doraHai="89" who="2" fromWho="2" sc="190,-3,370,-5,220,11,220,-3" /><INIT seed="2,0,0,3,0,10" ten="187,365,231,217" oya="2" hai0="26,44,108,91,87,80,88,41,3,122,28,105,93" hai1="69,81,72,13,115,57,8,35,24,68,11,1,58" hai2="36,27,14,99,125,86,129,22,21,133,82,76,111" hai3="15,121,96,70,7,98,47,52,120,92,135,85,4"/><V116/><F116/><W38/><G70/><T124/><D122/><U100/><E100/><V25/><F36/><W5/><G135/><T84/><D3/><U110/><E110/><V118/><F118/><W50/><G38/><T71/><D108/><U89/><E68/><V65/><F111/><W18/><G121/><T107/><D71/><U64/><E11/><V123/><F123/><W49/><G120/><T95/><D80/><U30/><E1/><V77/><F133/><W119/><G119/><T134/><D134/><U94/><E81/><V9/><F129/><W12/><G50/><T109/><D124/><U113/><E72/><V126/><F65/><W19/><G85/><T61/><D61/><U90/><E89/><V62/><F62/><W60/><G60/><T132/><D109/><U34/><E35/><V112/><F99/><W45/><G45/><T101/><D101/><U63/><E115/><V48/><F48/><W16/><G98/><T67/><D67/><U37/><E37/><V128/><F128/><W73/><G73/><T17/><D17/><N who="3" m="4353" /><W130/><DORA hai="55" /><G130/><T43/><D132/><U78/><E78/><V32/><F77/><W51/><G49/><T131/><D131/><U75/><E75/><V66/><F112/><W127/><G127/><N who="2" m="48649" /><F32/><W46/><G47/><T103/><D103/><AGARI ba="0,0" hai="4,5,7,12,15,46,51,52,92,96,103" m="4353" machi="103" ten="40,8000,1" yaku="8,1,52,2,54,2" doraHai="10,55" who="3" fromWho="0" sc="187,-80,365,0,231,0,217,80" /><INIT seed="3,0,0,0,2,65" ten="107,365,231,297" oya="3" hai0="3,19,58,98,127,133,11,40,53,8,132,13,10" hai1="122,21,18,107,33,66,112,22,9,14,121,73,118" hai2="82,51,38,123,26,49,101,44,128,68,29,119,94" hai3="78,30,114,71,41,27,106,113,117,35,61,5,116"/><W108/><G41/><T100/><D40/><U72/><E107/><V67/><F119/><W130/><G5/><T0/><D127/><U90/><E112/><V24/><F128/><W4/><G78/><T120/><D120/><U76/><E33/><V12/><F123/><W45/><G45/><T109/><D58/><U88/><E118/><N who="3" m="45674" /><G130/><T25/><D53/><U86/><E66/><V79/><F12/><W70/><G61/><T81/><D81/><U111/><E76/><V99/><F26/><W2/><G106/><T56/><D56/><U15/><E86/><V87/><F38/><W42/><G42/><T102/><D98/><U62/><E62/><V131/><F131/><W74/><G74/><T80/><D80/><U60/><E60/><V28/><F28/><W47/><G47/><T115/><D115/><N who="3" m="44041" /><G108/><T64/><D64/><U31/><E111/><V59/><F44/><W69/><G4/><T39/><D109/><U135/><E73/><V85/><F85/><W126/><G2/><T95/><D95/><U43/><E72/><V125/><F125/><AGARI ba="0,0" hai="27,30,35,69,70,71,125,126" m="44041,45674" machi="125" ten="40,12000,1" yaku="23,1,52,3" doraHai="65" who="3" fromWho="2" sc="107,0,365,0,231,-120,297,120" owari="107,-39.3,365,16.5,111,-28.9,417,51.7" /></mjloggm>