<mjloggm ver="2.3"><GO type="225" lobby="0"/><UN n0="%E3%81%BF%E3%81%BF%E3%81%9A" n1="%E6%9C%88%E5%B3%B6%E5%9F%BA" n2="%E3%80%90%E3%83%88%E3%83%AA%E3%83%A5%E3%83%95%E3%80%91" n3="%E3%81%90%E3%81%A1%E3%82%84%E3%81%BE" dan="18,16,16,16" rate="2243.68,2040.95,2113.52,2129.17" sx="M,M,M,M"/><TAIKYOKU oya="0"/><INIT seed="0,0,0,5,5,8" ten="250,250,250,250" oya="0" hai0="133,118,57,82,70,31,63,87,73,90,85,16,102" hai1="50,68,78,129,3,74,100,99,84,4,65,42,123" hai2="38,79,81,22,30,101,115,96,105,131,97,88,0" hai3="60,107,20,15,109,110,46,10,2,91,75,61,77"/><T37/><D118/><U117/><E117/><V76/><F115/><W59/><G107/><T49/><D37/><U119/><E119/><V51/><F0/><W33/><G33/><T83/><D133/><U43/><E123/><V23/><F131/><W94/><G2/><T18/><D73/><U95/><E129/><V14/><F38/><W62/><G20/><T35/><D102/><U80/><E3/><V124/><F124/><W72/><G46/><T13/><D70/><U6/><E68/><V54/><F30/><W125/><G59/><T104/><D104/><U45/><E65/><V106/><F106/><W26/><G26/><T53/><D35/><U130/><E130/><V122/><F122/><W21/><G21/><N who="0" m="11407" /><D31/><U52/><REACH who="1" step="1"/><E74/><REACH who="1" ten="250,240,250,250" step="2"/><V132/><F132/><W71/><G71/><T112/><D112/><U89/><E89/><V113/><F113/><W24/><G125/><T116/><D116/><U36/><E36/><V17/><F88/><W25/><G75/><T29/><D29/><U86/><E86/><N who="0" m="32777" /><D90/><U121/><E121/><V9/><F97/><W120/><G120/><T134/><D134/><U28/><E28/><V47/><F76/><W64/><G77/><T11/><D63/><N who="3" m="24137" /><G72/><AGARI ba="0,1" hai="9,14,17,22,23,47,51,54,72,79,81,96,101,105" machi="72" ten="30,2000,0" yaku="7,1,52,1" doraHai="8" who="2" fromWho="3" sc="250,0,240,0,250,30,250,-20" /><INIT seed="1,0,0,2,3,129" ten="250,240,280,230" oya="1" hai0="21,57,13,100,85,55,26,78,74,23,110,9,76" hai1="41,51,40,19,70,82,77,113,15,135,50,91,111" hai2="125,5,97,52,106,80,4,53,43,49,92,112,63" hai3="114,90,69,121,75,60,98,14,42,17,58,120,65"/><U93/><E113/><V56/><F106/><W54/><G114/><T6/><D74/><U46/><E70/><V94/><F112/><W48/><G75/><T134/><D110/><U122/><E122/><V126/><F80/><W66/><G66/><T101/><D134/><U73/><E111/><V124/><F43/><W105/><G42/><T96/><D21/><U34/><E34/><V89/><REACH who="2" step="1"/><F94/><REACH who="2" ten="250,240,270,230" step="2"/><W61/><G105/><T28/><D85/><U81/><E81/><V119/><F119/><W104/><G104/><T39/><D39/><U115/><E115/><V7/><F7/><W108/><G108/><T84/><D84/><U71/><E41/><V116/><F116/><W33/><G121/><T3/><D96/><U87/><E135/><V36/><F36/><W10/><G120/><T38/><D38/><U88/><E73/><V123/><F123/><W107/><G107/><T130/><D130/><U62/><E93/><V95/><F95/><W83/><G98/><T30/><D78/><U31/><E87/><V1/><F1/><W68/><G83/><T0/><D76/><U59/><E82/><V32/><F32/><W103/><G33/><T102/><D0/><U99/><E77/><V29/><F29/><W22/><G103/><T44/><D3/><U128/><E31/><V37/><F37/><W8/><G90/><T79/><D79/><U86/><E86/><V127/><N who="2" m="31744" /><DORA hai="117" /><V45/><AGARI ba="0,1" hai="4,5,45,49,52,53,56,63,89,92,97" m="31744" machi="45" ten="60,8000,1" yaku="1,1,4,1,0,1,18,1,54,1,53,0" doraHai="129,117" doraHaiUra="24,109" who="2" fromWho="2" sc="250,-20,240,-40,270,90,230,-20" /><INIT seed="2,0,0,5,1,56" ten="230,200,360,210" oya="2" hai0="103,134,12,114,59,124,65,15,17,77,125,94,105" hai1="10,62,30,50,126,66,85,47,93,23,1,81,130" hai2="100,51,115,26,86,38,33,43,95,44,24,25,11" hai3="73,78,31,75,129,110,20,29,35,79,14,91,101"/><V49/><F115/><W89/><G35/><T58/><D114/><U8/><E126/><N who="0" m="48745" /><D134/><U80/><E130/><V108/><F33/><W82/><G129/><T128/><D128/><U118/><E118/><V116/><F116/><W13/><G110/><T18/><D77/><U107/><E107/><V97/><F108/><W71/><G101/><T111/><D111/><U109/><E109/><V112/><F112/><W84/><G71/><T104/><D94/><U36/><E36/><V4/><REACH who="2" step="1"/><F86/><REACH who="2" ten="230,200,350,210" step="2"/><W27/><G84/><T96/><D105/><U28/><E85/><V113/><F113/><W68/><G75/><T7/><D65/><U3/><E66/><V127/><F127/><W120/><G73/><T46/><D7/><U70/><E1/><AGARI ba="0,1" hai="1,4,11,24,25,26,38,43,44,49,51,95,97,100" machi="1" ten="40,2000,0" yaku="1,1,53,0" doraHai="56" doraHaiUra="52" who="2" fromWho="1" sc="230,0,200,-20,350,30,210,0" /><INIT seed="2,1,0,2,2,76" ten="230,180,380,210" oya="2" hai0="98,39,21,38,59,131,135,45,56,127,101,124,55" hai1="35,68,19,111,132,26,114,31,88,73,77,112,81" hai2="2,86,108,126,125,87,57,47,30,121,4,66,65" hai3="9,52,32,37,63,133,71,103,134,90,33,11,84"/><V82/><F121/><W78/><G37/><T18/><D131/><U92/><E68/><V10/><F30/><W28/><G103/><T110/><D110/><U99/><E111/><V106/><F106/><W41/><G41/><T70/><D70/><U22/><REACH who="1" step="1"/><E132/><REACH who="1" ten="230,170,380,210" step="2"/><V25/><F108/><W0/><G133/><T79/><D135/><U3/><E3/><V116/><F2/><W14/><G134/><T72/><D127/><U95/><E95/><V97/><F125/><W62/><G0/><T119/><D124/><U100/><E100/><V102/><F102/><W46/><G71/><T42/><D119/><U83/><E83/><V89/><F82/><W50/><G33/><T75/><D101/><U58/><E58/><V105/><F57/><W1/><G1/><T20/><D59/><U17/><E17/><V8/><F116/><W117/><G117/><T24/><D18/><U48/><E48/><V104/><F104/><W51/><G32/><T49/><D38/><U67/><E67/><V107/><F65/><W80/><G28/><T130/><D39/><U54/><E54/><V6/><F66/><W113/><G113/><T123/><D55/><U16/><E16/><V44/><F126/><W15/><G51/><T36/><D36/><U12/><AGARI ba="1,1" hai="12,19,22,26,31,35,73,77,81,88,92,99,112,114" machi="12" ten="20,8000,1" yaku="1,1,0,1,7,1,52,1,54,1,53,0" doraHai="76" doraHaiUra="40" who="1" fromWho="1" sc="230,-21,170,93,380,-41,210,-21" /><INIT seed="3,0,0,4,5,61" ten="209,263,339,189" oya="3" hai0="1,67,64,94,2,48,74,111,122,50,41,129,49" hai1="3,83,36,13,95,107,28,42,20,79,23,17,124" hai2="97,31,53,119,57,100,93,116,72,71,39,25,47" hai3="115,76,113,120,99,77,127,128,132,14,90,5,66"/><W65/><G120/><T118/><D122/><U24/><E107/><V6/><F71/><W37/><G37/><T4/><D74/><U126/><E3/><V46/><F72/><W89/><G127/><N who="1" m="48682" /><E95/><V45/><F6/><W96/><G5/><T19/><D118/><U108/><E108/><V81/><F81/><W29/><G14/><T63/><D63/><U58/><E58/><V18/><F18/><W32/><G132/><T121/><D121/><U73/><E42/><V114/><F114/><W35/><G29/><T78/><D78/><U30/><E30/><V60/><REACH who="2" step="1"/><F39/><AGARI ba="0,0" hai="13,17,20,23,24,28,36,39,73,79,83" m="48682" machi="39" ten="30,1000,0" yaku="18,1" doraHai="61" who="1" fromWho="2" sc="209,0,263,10,339,-10,189,0" owari="209,-19.1,273,7.3,329,42.9,189,-31.1" /></mjloggm>