<mjloggm ver="2.3"><GO type="225" lobby="0"/><UN n0="%E3%83%A9%E3%83%BC%E3%83%A1%E3%83%B3%E4%BA%94%E9%83%8E" n1="%E9%B3%B4%E8%8C%B6" n2="%72%65%6E%6B%75%6E" n3="%E3%83%96%E3%83%83%E3%83%91%E3%82%AA%E3%83%96%E3%83%81%E3%82%AD%E3%83%B3" dan="16,16,17,16" rate="2160.20,2143.88,2182.11,2108.86" sx="M,M,M,M"/><TAIKYOKU oya="0"/><INIT seed="0,0,0,2,0,89" ten="250,250,250,250" oya="0" hai0="109,127,42,130,8,66,65,107,88,101,37,50,69" hai1="9,24,96,100,63,5,6,102,117,72,51,17,38" hai2="15,26,70,45,54,0,77,73,16,3,47,135,81" hai3="90,32,68,55,57,80,2,14,87,7,64,36,43"/><T111/><D37/><U30/><E38/><V29/><F135/><W78/><G32/><T131/><D127/><U124/><E72/><V103/><F70/><W27/><G2/><T12/><D101/><U75/><E75/><V119/><F119/><W21/><G36/><T110/><D107/><U132/><E117/><V108/><F108/><W56/><G43/><T22/><D22/><U98/><E124/><V92/><F3/><W44/><G68/><T123/><D123/><U23/><E132/><V59/><F0/><W116/><G116/><T35/><D35/><U10/><E51/><V4/><F4/><W53/><G44/><N who="0" m="25879" /><D69/><U46/><E63/><V105/><F105/><W134/><G134/><T60/><D60/><U39/><E46/><V133/><F133/><W62/><G57/><T106/><D106/><U71/><E39/><V125/><F125/><W115/><G115/><T95/><D66/><U34/><E71/><V85/><F26/><W28/><REACH who="3" step="1"/><G78/><REACH who="3" ten="250,250,250,240" step="2"/><T61/><D65/><U49/><E34/><V76/><F76/><W84/><G84/><N who="0" m="52615" /><D61/><U128/><E96/><V40/><F40/><W93/><G93/><T94/><D94/><U18/><E98/><V113/><F113/><W120/><G120/><T129/><D129/><U48/><E128/><V112/><F112/><W86/><G86/><T20/><D20/><U118/><E118/><V52/><F73/><W33/><G33/><T25/><D25/><U13/><E23/><V79/><F92/><W19/><G19/><AGARI ba="0,1" hai="8,12,19,109,110,111,130,131" m="52615,25879" machi="19" ten="30,11600,0" yaku="14,1,10,1,52,1,54,1" doraHai="89" who="0" fromWho="3" sc="250,126,250,0,250,0,240,-116" /><INIT seed="0,1,0,5,0,103" ten="376,250,250,124" oya="0" hai0="133,42,29,106,107,55,74,27,61,86,75,117,32" hai1="4,0,66,53,134,113,132,105,5,108,93,89,65" hai2="67,123,109,9,101,80,58,17,15,57,71,129,98" hai3="69,78,24,84,87,48,92,115,102,120,96,51,104"/><T30/><D117/><U54/><E108/><V10/><F123/><W37/><G115/><T95/><D42/><U91/><E93/><V99/><F109/><W31/><G120/><T119/><D119/><U90/><E0/><V85/><F129/><W44/><G69/><T18/><D133/><N who="1" m="51307" /><E113/><V21/><F71/><W11/><G37/><T50/><D61/><U125/><E125/><V1/><F1/><W7/><G78/><T130/><D130/><U3/><E3/><V127/><F127/><W40/><G51/><T68/><D68/><U128/><E128/><V112/><F112/><W13/><REACH who="3" step="1"/><G92/><REACH who="3" ten="376,250,250,114" step="2"/><T70/><D95/><U6/><E105/><V111/><F111/><W131/><G131/><T81/><D107/><U88/><N who="1" m="22528" /><DORA hai="25" /><U49/><E49/><V45/><F99/><W43/><G43/><T38/><D106/><U116/><E116/><V59/><F98/><W41/><G41/><T52/><D50/><U12/><E12/><V73/><F15/><W82/><G82/><T46/><D81/><U36/><E36/><V94/><F80/><W35/><AGARI ba="1,1" hai="7,11,13,24,31,35,40,44,48,84,87,96,102,104" machi="35" ten="20,12000,2" yaku="1,1,0,1,7,1,52,2,53,1" doraHai="103,25" doraHaiUra="110,28" who="3" fromWho="3" sc="376,-61,250,-31,250,-31,114,133" /><INIT seed="1,0,0,5,5,34" ten="315,219,219,247" oya="1" hai0="54,24,113,20,109,116,121,112,12,104,65,66,106" hai1="6,114,11,36,3,135,59,96,74,42,89,110,86" hai2="27,107,41,71,57,23,78,80,126,90,28,67,68" hai3="82,33,105,64,101,120,92,124,47,81,61,58,21"/><U98/><E114/><V56/><F126/><W130/><G120/><T91/><D116/><U128/><E135/><V63/><F107/><W111/><G33/><T115/><D121/><U7/><E128/><V43/><F90/><W131/><G105/><T5/><D109/><U125/><E125/><V40/><REACH who="2" step="1"/><F71/><REACH who="2" ten="315,219,209,247" step="2"/><W99/><G124/><T62/><D91/><U60/><E110/><V77/><F77/><W22/><G111/><T132/><D106/><U129/><E129/><V69/><F69/><W84/><G131/><T0/><D104/><U102/><E102/><V10/><F10/><W29/><G130/><T30/><D113/><U85/><E89/><V4/><F4/><W73/><G101/><T88/><D88/><U100/><E7/><V18/><F18/><W13/><G92/><T75/><D5/><U2/><E100/><V76/><F76/><W122/><G122/><T39/><D115/><U14/><E11/><V50/><F50/><W16/><G16/><T133/><D112/><U8/><E8/><V31/><F31/><W118/><G29/><T123/><D30/><U37/><E6/><V35/><F35/><W55/><G118/><T83/><D123/><U32/><E32/><V87/><AGARI ba="0,1" hai="23,27,28,40,41,43,56,57,63,67,68,78,80,87" machi="87" ten="30,4000,0" yaku="1,1,0,1,53,1" doraHai="34" doraHaiUra="17" who="2" fromWho="2" sc="315,-10,219,-20,209,50,247,-10" /><INIT seed="2,0,0,5,4,46" ten="305,199,259,237" oya="2" hai0="128,19,127,104,103,78,60,98,62,109,100,126,80" hai1="113,65,43,130,123,9,90,55,5,81,58,89,75" hai2="111,54,85,22,10,101,107,14,106,4,21,39,131" hai3="91,59,25,3,108,67,12,47,37,30,61,114,8"/><V50/><F39/><W20/><G108/><T36/><D109/><U119/><E119/><V6/><F131/><W66/><G114/><T26/><D128/><U69/><E130/><V99/><F111/><W134/><G134/><T135/><D135/><U16/><E113/><V72/><F72/><W83/><G3/><T92/><D36/><U93/><E123/><V95/><F4/><W48/><G37/><T73/><D103/><U64/><E43/><V133/><F133/><W68/><G68/><T13/><D26/><U121/><E121/><V132/><F132/><W38/><G38/><T53/><D104/><U97/><E69/><V15/><F15/><W110/><G110/><T29/><D29/><U63/><E5/><V122/><F122/><W56/><G56/><T94/><D94/><U120/><E120/><V33/><F33/><W70/><G70/><T44/><D44/><U28/><E28/><V57/><REACH who="2" step="1"/><F85/><REACH who="2" ten="305,199,249,237" step="2"/><N who="3" m="50623" /><G12/><T7/><D13/><N who="1" m="7215" /><E75/><V124/><F124/><W11/><G67/><T82/><D127/><U112/><E112/><V31/><F31/><W88/><G88/><N who="1" m="33898" /><E81/><V40/><F40/><AGARI ba="0,1" hai="8,11,20,25,30,40,47,48,59,61,66" m="50623" machi="40" ten="30,2000,0" yaku="8,1,52,1" doraHai="46" who="3" fromWho="2" sc="305,0,199,0,249,-20,237,30" /><INIT seed="3,0,0,0,1,131" ten="305,199,229,267" oya="3" hai0="21,75,85,35,133,65,125,96,106,3,34,59,81" hai1="29,121,89,60,48,130,107,53,104,103,95,128,61" hai2="117,91,26,101,62,110,71,44,100,77,80,54,108" hai3="0,37,129,120,15,4,32,87,27,30,93,79,11"/><W56/><G120/><T68/><D3/><U73/><E121/><V111/><F117/><W109/><G129/><N who="1" m="49770" /><E73/><N who="2" m="43055" /><F91/><W99/><G109/><N who="2" m="27905" /><V86/><DORA hai="66" /><F86/><W6/><G37/><T63/><D85/><U132/><E29/><V16/><F44/><W122/><G122/><T90/><D75/><U10/><E10/><V45/><F45/><W83/><G56/><T72/><D59/><U97/><E48/><V51/><F51/><W7/><REACH who="3" step="1"/><G0/><REACH who="3" ten="305,199,229,257" step="2"/><T38/><D38/><U42/><E42/><V8/><F54/><W17/><G17/><T58/><D58/><N who="1" m="34895" /><E61/><V82/><F82/><W28/><G28/><T2/><D81/><U78/><E78/><V40/><F40/><W113/><G113/><T88/><D63/><U127/><E127/><V19/><F19/><W55/><G55/><T134/><D125/><U114/><E114/><V1/><F1/><W74/><G74/><T5/><D72/><U76/><E76/><V70/><F62/><W24/><G24/><T41/><D2/><U119/><E119/><V22/><F8/><W52/><G52/><T112/><D112/><U49/><E49/><V14/><F26/><W116/><G116/><T102/><D41/><U25/><E25/><V39/><F39/><W9/><G9/><T124/><D124/><U23/><E23/><V118/><F118/><W67/><G67/><T64/><D65/><U105/><E89/><AGARI ba="0,1" hai="4,6,7,11,15,27,30,32,79,83,87,89,93,99" machi="89" ten="30,5800,0" yaku="1,1,7,1,53,1" doraHai="131,66" doraHaiUra="31,12" who="3" fromWho="1" sc="305,0,199,-58,229,0,257,68" owari="305,10.5,141,-35.9,229,-17.1,325,42.5" /></mjloggm>