<mjloggm ver="2.3"><GO type="225" lobby="0"/><UN n0="%E3%81%BD%E3%81%A1%E3%81%9F%E3%81%93%E3%82%84" n1="%E3%81%99%E3%81%84%E3%81%BE%E3%81%9B%E3%83%BC%E3%82%93" n2="%E7%B4%94%E6%BD%94%E3%83%94%E3%83%A9%E3%83%8B%E3%82%A2" n3="%E6%81%A5%E6%99%92%E3%81%97" dan="17,18,16,17" rate="2233.89,2216.74,2091.62,2200.85" sx="M,M,M,M"/><TAIKYOKU oya="0"/><INIT seed="0,0,0,5,0,109" ten="250,250,250,250" oya="0" hai0="46,126,21,104,93,25,65,99,48,128,42,2,77" hai1="123,29,22,56,91,8,121,74,135,30,90,106,32" hai2="110,127,119,131,124,47,28,17,78,51,114,73,6" hai3="72,27,43,20,75,35,44,60,38,13,54,39,18"/><T36/><D128/><U11/><E74/><V111/><F78/><W80/><G38/><T97/><D126/><N who="2" m="48170" /><F73/><W122/><G122/><T81/><D2/><U115/><E106/><V4/><F131/><W31/><G80/><T85/><D65/><U64/><E64/><V68/><F68/><W49/><REACH who="3" step="1"/><G60/><REACH who="3" ten="250,250,250,240" step="2"/><T134/><D36/><U63/><E63/><V57/><F111/><W133/><G133/><T41/><D134/><U84/><E135/><V98/><F110/><W101/><G101/><T71/><D81/><U89/><E123/><V120/><F120/><W40/><G40/><T58/><D42/><U23/><E121/><V79/><F119/><W67/><G67/><T117/><D41/><U125/><E125/><V82/><F82/><W1/><G1/><T34/><D117/><U14/><E91/><V96/><F79/><W86/><G86/><T62/><D85/><U83/><E83/><V129/><F129/><W87/><G87/><T92/><D77/><U19/><E84/><V118/><F118/><W88/><G88/><T50/><D97/><U69/><E90/><V95/><F96/><W113/><G113/><T105/><D99/><U102/><E89/><V3/><F114/><W116/><G116/><T15/><D104/><U10/><E102/><V59/><F98/><W33/><G33/><T112/><D105/><U53/><E32/><V16/><F95/><W5/><G5/><N who="2" m="2153" /><F3/><W107/><G107/><T76/><D93/><U61/><E115/><V130/><F130/><W52/><G52/><T94/><D92/><U26/><E69/><V103/><F103/><RYUUKYOKU ba="0,1" sc="250,-15,250,15,250,-15,240,15" hai1="8,10,11,14,19,22,23,26,29,30,53,56,61" hai3="13,18,20,27,31,35,39,43,44,49,54,72,75" /><INIT seed="1,1,1,1,2,40" ten="235,265,235,255" oya="1" hai0="134,33,62,96,68,133,39,81,132,78,104,48,100" hai1="105,15,10,85,41,91,80,37,75,56,14,135,21" hai2="98,58,59,46,1,4,116,77,107,65,8,115,106" hai3="82,112,101,43,110,69,11,131,129,60,97,70,124"/><U90/><E135/><V74/><F116/><W118/><G118/><T113/><D113/><U49/><E105/><V87/><F74/><W31/><G112/><T99/><D39/><U38/><E75/><V52/><F115/><W71/><G110/><T51/><D33/><U88/><E38/><V61/><F98/><W34/><G124/><T26/><D26/><U128/><E37/><V121/><F121/><W9/><G82/><T53/><D99/><U6/><E128/><N who="3" m="49226" /><G60/><T125/><D125/><U50/><E56/><V86/><F46/><W16/><G31/><T22/><D22/><U25/><E15/><V17/><F17/><W35/><G43/><T103/><D103/><U95/><E41/><V47/><F47/><W7/><G9/><T30/><D30/><N who="1" m="17711" /><E95/><V73/><F106/><N who="3" m="63791" /><G7/><T19/><D19/><U92/><E92/><V114/><F107/><W89/><G89/><AGARI ba="1,1" hai="6,10,14,49,50,80,85,88,89,90,91" m="17711" machi="89" ten="30,2900,0" yaku="8,1,54,1" doraHai="40" who="1" fromWho="3" sc="235,0,265,42,235,0,255,-32" /><INIT seed="1,2,0,1,5,81" ten="235,307,235,223" oya="1" hai0="2,113,134,123,82,17,119,5,76,38,68,29,35" hai1="115,105,15,34,83,50,74,89,72,73,108,86,97" hai2="64,103,121,90,22,43,62,48,57,14,9,23,61" hai3="71,112,10,85,36,46,84,96,109,24,41,91,3"/><U95/><E34/><V56/><F121/><W37/><G112/><T39/><D113/><U117/><E115/><V30/><F103/><W66/><G109/><T92/><D119/><U27/><E117/><V133/><F133/><W44/><G71/><T78/><D68/><U55/><E108/><V135/><F135/><W16/><G66/><T104/><D104/><U80/><E27/><V129/><F129/><W106/><G3/><T87/><D29/><U75/><E75/><V26/><F90/><W98/><G106/><T58/><D35/><U70/><E70/><V6/><F48/><W125/><G125/><T79/><D5/><U11/><E105/><V4/><F43/><W49/><G37/><T28/><D2/><U32/><E32/><V40/><F40/><W118/><G118/><T101/><D28/><U63/><E63/><V107/><F107/><W21/><G10/><T122/><D134/><U51/><E55/><N who="2" m="33951" /><F23/><W31/><G31/><T0/><D0/><U69/><E69/><V126/><F126/><W7/><G7/><AGARI ba="2,0" hai="4,6,7,9,14,22,26,30,57,62,64" m="33951" machi="7" ten="30,1000,0" yaku="8,1" doraHai="81" who="2" fromWho="3" sc="235,0,307,0,235,16,223,-16" /><INIT seed="2,0,0,4,0,127" ten="235,307,251,207" oya="2" hai0="117,110,15,17,3,42,106,8,48,104,36,24,57" hai1="26,73,40,18,6,60,21,96,80,37,2,89,29" hai2="84,82,72,30,68,99,122,59,71,108,114,130,49" hai3="93,131,87,120,56,69,83,119,13,105,28,70,79"/><V133/><F114/><W44/><G119/><T103/><D110/><U128/><E128/><V41/><F122/><W9/><G120/><T88/><D117/><U81/><E73/><V23/><F72/><W51/><G105/><T116/><D116/><U74/><E74/><V115/><F115/><W124/><G124/><T54/><D3/><U33/><E60/><V46/><F130/><W62/><G131/><T64/><D103/><U126/><E126/><V47/><F59/><W25/><G93/><T76/><D76/><U27/><E40/><V85/><F85/><W34/><G56/><T135/><D135/><U86/><E37/><V10/><F133/><W129/><G129/><T63/><D24/><U109/><E96/><V77/><F99/><W91/><G62/><T32/><D32/><U50/><E50/><V112/><F112/><W97/><G97/><T61/><D61/><U78/><E109/><V58/><F58/><W123/><G123/><T5/><D5/><U75/><E6/><V1/><F47/><W53/><REACH who="3" step="1"/><G79/><REACH who="3" ten="235,307,251,197" step="2"/><T39/><D104/><U102/><E102/><V7/><F108/><W101/><G101/><T67/><D106/><U100/><E100/><V19/><REACH who="2" step="1"/><F30/><REACH who="2" ten="235,307,241,197" step="2"/><W55/><G55/><T118/><D118/><U12/><E29/><V95/><F95/><W20/><G20/><T65/><D88/><U22/><E22/><V98/><F98/><W0/><G0/><T11/><D11/><U111/><E111/><V66/><F66/><W35/><G35/><T134/><D134/><U90/><E2/><V4/><F4/><AGARI ba="0,2" hai="4,9,13,25,28,34,44,51,53,69,70,83,87,91" machi="4" ten="30,3900,0" yaku="1,1,7,1,53,1" doraHai="127" doraHaiUra="43" who="3" fromWho="2" sc="235,0,307,0,241,-39,197,59" /><INIT seed="3,0,0,2,2,135" ten="235,307,202,256" oya="3" hai0="57,50,53,111,105,24,134,80,5,32,21,30,28" hai1="40,36,39,70,118,20,49,71,13,37,19,59,27" hai2="85,120,108,52,99,84,90,81,8,133,61,33,91" hai3="29,86,130,9,62,124,41,51,17,47,98,79,117"/><W102/><G130/><T18/><D134/><U123/><E123/><V58/><F133/><W72/><G72/><T112/><D111/><U82/><E118/><V83/><F108/><W23/><G117/><T42/><D112/><U109/><E109/><V103/><F120/><W73/><G62/><T4/><D105/><U56/><E82/><V131/><F33/><W97/><G73/><T88/><D42/><U87/><E87/><V48/><F131/><W3/><G102/><T45/><D45/><U26/><E59/><V121/><F121/><W43/><G29/><N who="0" m="11371" /><D32/><U65/><E65/><V15/><F61/><W64/><G43/><T128/><D128/><U129/><E129/><V104/><F15/><W0/><G64/><T38/><D38/><U63/><E63/><V101/><F101/><W6/><G3/><T89/><D80/><U25/><E56/><V95/><F104/><W11/><G47/><T35/><D35/><U122/><E122/><V127/><F8/><W44/><G11/><T92/><D89/><U7/><E7/><V113/><F113/><W93/><G79/><T46/><D46/><N who="1" m="25799" /><E71/><V54/><F54/><W126/><G0/><T68/><D68/><U2/><E70/><V75/><F75/><W114/><G114/><T66/><D66/><U132/><E2/><V100/><F100/><W60/><G41/><T106/><D106/><U22/><E132/><V74/><F74/><W115/><G115/><T67/><D67/><U77/><E77/><V116/><F116/><W125/><G124/><AGARI ba="0,0" hai="48,52,58,81,83,84,85,90,91,95,99,103,124,127" machi="124" ten="40,8000,1" yaku="9,1,52,2,54,1" doraHai="135" who="2" fromWho="3" sc="235,0,307,0,202,80,256,-80" owari="235,-16.5,307,40.7,282,8.2,176,-32.4" /></mjloggm>