<mjloggm ver="2.3"><GO type="225" lobby="0"/><UN n0="%45%6C%79%73%69%75%6D" n1="%72%61%6B%33" n2="%68%75%69%68%75%69" n3="%E3%83%B4%E3%83%A0%EF%BC%99%E3%81%A6" dan="16,16,16,16" rate="2122.61,2079.11,2103.31,2178.25" sx="M,M,M,M"/><TAIKYOKU oya="0"/><INIT seed="0,0,0,2,3,102" ten="250,250,250,250" oya="0" hai0="54,130,80,131,73,135,27,32,6,63,9,53,34" hai1="127,22,117,109,50,66,20,123,105,108,119,43,46" hai2="103,21,91,86,62,107,31,40,87,65,75,93,13" hai3="83,67,69,116,96,25,2,118,95,28,11,78,82"/><T61/><D80/><U104/><E123/><V115/><F115/><W60/><G82/><T71/><D73/><U125/><E66/><V30/><F75/><W1/><G11/><T4/><D9/><U12/><E12/><V81/><F40/><W88/><G118/><N who="1" m="45066" /><E20/><V37/><F37/><W99/><G99/><T85/><D85/><U5/><E22/><V19/><F107/><N who="1" m="41033" /><E5/><V56/><REACH who="2" step="1"/><F103/><REACH who="2" ten="250,250,240,250" step="2"/><W7/><G116/><T59/><D131/><U0/><E0/><V72/><F72/><W76/><G1/><T129/><D130/><U68/><E68/><V79/><AGARI ba="0,1" hai="13,19,21,30,31,56,62,65,79,81,86,87,91,93" machi="79" ten="20,5200,0" yaku="1,1,0,1,7,1,8,1,53,0" doraHai="102" doraHaiUra="121" who="2" fromWho="2" sc="250,-26,250,-13,240,62,250,-13" /><INIT seed="1,0,0,4,2,31" ten="224,237,302,237" oya="1" hai0="124,118,75,72,51,49,47,80,93,76,58,10,104" hai1="2,103,98,33,53,59,88,82,45,26,27,48,85" hai2="36,44,56,43,83,0,62,63,94,41,90,135,115" hai3="129,109,117,4,30,130,123,46,100,37,99,12,50"/><U95/><E2/><V35/><F0/><W55/><G123/><T122/><D118/><U67/><E33/><V78/><F43/><W131/><G117/><T77/><D104/><U71/><E71/><V54/><F135/><W11/><G30/><T7/><D122/><U1/><E1/><V70/><F115/><W116/><G116/><T39/><D124/><U110/><E110/><V91/><F35/><W106/><REACH who="3" step="1"/><G37/><REACH who="3" ten="224,237,302,227" step="2"/><T97/><D39/><U127/><E127/><V64/><REACH who="2" step="1"/><F94/><REACH who="2" ten="224,237,292,227" step="2"/><W84/><G84/><AGARI ba="0,2" hai="36,41,44,54,56,62,63,64,70,78,83,84,90,91" machi="84" ten="30,3900,0" yaku="1,1,2,1,7,1,53,0" doraHai="31" doraHaiUra="126" who="2" fromWho="3" sc="224,0,237,0,292,59,227,-39" /><INIT seed="2,0,0,5,1,7" ten="224,237,351,188" oya="2" hai0="36,73,132,51,8,9,90,94,102,58,25,59,20" hai1="39,107,117,27,126,104,15,121,37,128,129,30,116" hai2="130,113,99,101,4,23,49,112,98,119,83,57,84" hai3="41,82,52,64,0,13,85,92,34,67,10,2,127"/><V95/><F119/><W12/><G34/><T45/><D36/><U135/><E15/><V91/><F23/><W89/><G127/><T40/><D73/><U88/><E126/><V75/><F4/><W26/><G41/><T78/><D78/><U100/><E135/><V16/><F75/><W97/><G26/><T42/><D102/><U47/><E121/><V35/><F35/><W87/><G13/><T118/><D40/><U96/><E104/><V24/><F130/><N who="1" m="50281" /><E88/><N who="2" m="55655" /><F49/><W68/><G85/><N who="0" m="52559" /><D132/><U28/><E28/><V93/><F57/><N who="0" m="21514" /><D118/><N who="1" m="45675" /><E47/><V123/><F24/><W32/><G32/><AGARI ba="0,0" hai="27,30,32,37,39,96,100,107" m="45675,50281" machi="32" ten="30,2000,0" yaku="19,1,23,1" doraHai="7" who="1" fromWho="3" sc="224,0,237,20,351,0,188,-20" /><INIT seed="3,0,0,3,2,134" ten="224,257,351,168" oya="3" hai0="69,30,58,19,130,54,23,18,91,33,119,124,129" hai1="32,89,48,34,74,112,108,26,49,71,5,131,59" hai2="111,15,99,57,7,47,13,94,63,101,109,38,44" hai3="103,126,3,53,35,45,73,11,27,88,65,87,51"/><W80/><G103/><T6/><D119/><U64/><E74/><V122/><F122/><W92/><G65/><T84/><D69/><U9/><E71/><V10/><F15/><W16/><G126/><T25/><D6/><U135/><E112/><V37/><F47/><W97/><G73/><T46/><D46/><U50/><E135/><V113/><F113/><W117/><G117/><T85/><D124/><U42/><E42/><V12/><F12/><N who="3" m="7199" /><G3/><T123/><D123/><U72/><E72/><V22/><F22/><W93/><G35/><T4/><D4/><U106/><E106/><V66/><REACH who="2" step="1"/><F44/><REACH who="2" ten="224,257,341,168" step="2"/><W0/><G0/><T107/><D33/><U2/><E32/><V79/><F79/><N who="3" m="46495" /><G93/><T8/><D107/><U14/><E2/><V29/><F29/><W67/><G67/><T31/><D31/><U120/><E64/><V86/><F86/><W55/><G27/><T20/><D84/><U82/><E26/><V81/><F81/><W28/><G28/><T24/><D30/><U83/><E34/><V70/><F70/><W43/><AGARI ba="0,1" hai="43,45,51,53,55,88,92,97" m="46495,7199" machi="43" ten="30,6000,0" yaku="8,1,54,2" doraHai="134" who="3" fromWho="3" sc="224,-20,257,-20,341,-20,168,70" /><INIT seed="3,1,0,2,3,118" ten="204,237,321,238" oya="3" hai0="12,8,75,65,104,40,38,27,76,5,128,77,82" hai1="39,45,73,130,105,4,126,86,100,96,47,127,132" hai2="18,135,67,32,125,69,49,107,115,58,110,28,122" hai3="36,51,129,117,66,98,121,60,88,113,120,97,23"/><W91/><G36/><T0/><D77/><U24/><E73/><V131/><RYUUKYOKU type="yao9" ba="1,0" sc="204,0,237,0,321,0,238,0" hai2="18,28,32,49,58,67,69,107,110,115,122,125,131,135" /><INIT seed="3,2,0,1,5,28" ten="204,237,321,238" oya="3" hai0="5,37,120,35,27,0,84,86,23,40,133,59,57" hai1="105,7,71,10,70,29,38,90,9,127,130,8,33" hai2="122,53,49,25,62,85,69,63,77,117,34,19,88" hai3="13,11,50,123,100,134,14,36,114,112,95,80,41"/><W91/><G123/><T46/><D120/><U113/><E113/><V116/><F122/><W16/><G36/><T1/><D133/><U115/><E115/><V87/><F69/><W44/><G134/><T111/><D111/><U20/><E38/><V110/><F110/><W78/><G100/><T21/><D21/><U4/><E105/><V74/><F74/><W31/><G31/><T98/><D98/><U109/><E33/><V101/><F34/><W65/><G65/><T18/><D35/><U56/><E109/><V83/><F101/><W119/><G119/><T82/><D86/><U32/><E32/><V48/><F48/><W72/><REACH who="3" step="1"/><G14/><REACH who="3" ten="204,237,321,228" step="2"/><T79/><REACH who="0" step="1"/><D5/><REACH who="0" ten="194,237,321,228" step="2"/><U30/><E4/><V103/><F117/><W81/><G81/><T102/><D102/><U96/><E7/><V26/><F103/><W73/><G73/><T75/><D75/><U94/><E29/><V22/><F116/><W52/><G52/><T47/><D47/><U60/><E30/><V64/><F64/><W121/><G121/><T97/><D97/><AGARI ba="2,2" hai="11,13,16,41,44,50,72,78,80,91,95,97,112,114" machi="97" ten="30,5800,0" yaku="1,1,7,1,54,1,53,0" doraHai="28" doraHaiUra="3" who="3" fromWho="0" sc="194,-64,237,0,321,0,228,84" /><INIT seed="3,3,0,5,4,92" ten="130,237,321,312" oya="3" hai0="132,31,114,65,57,80,11,117,32,38,30,55,16" hai1="26,24,27,84,28,125,69,39,70,101,134,29,20" hai2="8,95,116,124,83,102,127,25,110,135,96,107,109" hai3="13,21,23,52,37,0,130,90,43,76,42,33,81"/><W78/><G0/><T91/><D117/><U123/><E123/><V131/><F116/><W62/><G33/><T86/><D38/><U112/><E112/><V93/><F131/><W49/><G130/><T74/><D114/><U19/><E39/><V128/><F128/><W68/><G62/><T120/><D120/><U4/><E4/><V9/><F25/><W71/><G37/><T94/><D132/><U87/><E134/><V40/><F135/><W108/><G108/><N who="2" m="41577" /><F40/><N who="3" m="15403" /><G71/><T103/><D65/><U59/><E125/><N who="2" m="48203" /><F83/><W47/><G68/><T1/><D32/><U99/><E59/><V50/><F50/><W60/><G60/><T66/><D66/><U118/><E118/><V12/><F9/><W10/><G90/><T129/><D129/><U7/><E7/><AGARI ba="3,0" hai="7,8,12,93,95,96,102,107" m="48203,41577" machi="7" ten="30,3900,0" yaku="14,1,18,1,52,1" doraHai="92" who="2" fromWho="1" sc="130,0,237,-48,321,48,312,0" owari="130,-37.0,189,-21.1,369,46.9,312,11.2" /></mjloggm>