<mjloggm ver="2.3"><GO type="225" lobby="0"/><UN n0="%E7%99%BD%E5%80%89%E5%AF%9B%E4%B9%8B" n1="%E7%89%B9%E6%9D%B1%E3%81%AF%E4%B8%96%E7%95%8C%E3%82%92%E6%95%91%E3%81%86" n2="%E5%8D%A0%E3%81%84%E5%B8%AB%E8%A3%8F%E3%81%AA%E3%81%84%E3%81%97" n3="%E3%82%AF%E3%82%A3%E3%82%A6" dan="16,16,17,16" rate="2100.25,2205.96,2244.87,2077.62" sx="M,M,M,M"/><TAIKYOKU oya="0"/><INIT seed="0,0,0,0,0,80" ten="250,250,250,250" oya="0" hai0="10,84,118,96,24,121,0,25,66,11,13,82,67" hai1="19,133,15,52,116,43,48,63,106,75,59,126,113" hai2="16,125,69,23,93,33,79,102,31,85,7,26,40" hai3="104,35,78,81,88,127,132,94,50,5,128,105,97"/><T99/><D118/><U90/><E116/><V32/><F69/><W123/><G35/><T54/><D121/><U134/><E75/><V71/><F71/><W30/><G123/><T62/><D0/><U38/><E106/><V108/><F108/><W83/><G30/><T120/><D120/><U117/><E117/><V55/><F125/><W111/><G111/><T6/><D11/><U95/><E38/><V39/><F7/><W70/><G70/><T18/><D54/><U2/><E2/><V37/><F32/><W135/><G5/><T92/><D6/><U41/><E113/><V17/><F17/><W29/><G29/><T112/><D112/><U12/><E126/><V73/><F40/><W27/><G27/><N who="0" m="10315" /><D62/><U107/><E107/><N who="3" m="41034" /><G50/><T103/><D99/><N who="1" m="57847" /><E63/><V44/><F73/><N who="3" m="43215" /><G128/><T86/><D82/><U131/><E131/><V101/><F37/><W115/><G115/><T76/><D76/><U56/><E12/><N who="2" m="9607" /><F79/><W60/><G60/><T57/><D57/><U46/><E59/><V21/><F33/><W129/><G129/><T20/><D20/><N who="1" m="11391" /><E56/><V87/><F39/><W14/><G14/><T91/><D91/><U51/><E51/><N who="2" m="29159" /><F102/><N who="3" m="60727" /><G127/><T109/><D109/><U130/><E130/><V49/><F49/><W22/><G22/><T110/><D110/><U3/><E3/><V124/><F124/><W1/><G1/><T65/><AGARI ba="0,0" hai="10,13,18,65,66,67,84,86,92,96,103" m="10315" machi="65" ten="30,6000,0" yaku="8,1,52,2" doraHai="80" who="0" fromWho="0" sc="250,60,250,-20,250,-20,250,-20" /><INIT seed="0,1,0,3,3,72" ten="310,230,230,230" oya="0" hai0="114,129,48,71,41,89,5,7,116,12,74,96,70" hai1="117,80,31,78,67,46,27,77,44,105,16,119,106" hai2="124,68,59,40,24,33,38,93,97,91,85,23,64" hai3="82,14,21,113,134,57,63,1,98,11,76,65,26"/><T32/><D32/><U19/><E67/><V88/><F68/><W9/><G113/><T28/><D74/><U118/><E80/><V107/><F124/><W34/><G134/><T131/><D114/><U84/><E84/><V126/><F126/><W101/><G34/><T104/><D28/><U115/><E31/><V102/><F33/><W69/><G69/><T0/><D0/><U99/><E115/><V39/><F40/><W110/><G110/><T10/><D5/><U108/><E99/><V20/><F20/><W112/><G112/><T56/><D116/><U132/><E119/><V53/><F91/><W90/><G90/><T4/><D4/><U18/><E18/><V122/><F64/><W92/><G14/><T55/><D41/><U61/><E61/><V8/><F8/><W2/><G2/><T45/><D56/><U62/><E62/><V94/><F107/><W22/><G1/><T58/><D58/><U79/><E79/><V120/><F122/><W37/><G37/><T87/><D96/><U13/><E13/><V83/><F83/><W133/><G133/><T73/><D73/><U86/><E86/><V15/><F120/><W75/><REACH who="3" step="1"/><G22/><REACH who="3" ten="310,230,230,220" step="2"/><T52/><D71/><U25/><E132/><V125/><F15/><W17/><AGARI ba="1,1" hai="9,11,17,21,26,57,63,65,75,76,82,92,98,101" machi="17" ten="20,8000,1" yaku="1,1,2,1,0,1,7,1,52,1,53,0" doraHai="72" doraHaiUra="81" who="3" fromWho="3" sc="310,-41,230,-21,230,-21,220,93" /><INIT seed="1,0,0,2,1,94" ten="269,209,209,313" oya="1" hai0="119,134,122,107,20,81,34,42,66,87,61,60,123" hai1="35,38,53,15,127,113,12,77,47,21,69,30,73" hai2="76,46,70,59,23,29,100,7,109,115,78,36,121" hai3="18,104,39,25,5,135,16,91,9,68,125,96,3"/><U74/><E113/><V31/><F121/><N who="0" m="46090" /><D34/><U44/><E69/><V106/><F70/><W83/><G68/><T8/><D119/><U54/><E35/><V62/><F109/><W92/><G104/><T52/><D107/><U133/><E77/><V26/><F115/><W120/><G120/><T27/><D134/><U118/><E21/><V28/><F7/><W32/><G125/><T97/><D42/><U82/><E82/><V11/><F11/><W89/><G135/><T99/><D8/><U90/><E133/><V129/><F129/><W71/><G71/><N who="0" m="42439" /><D52/><U84/><E84/><V114/><F114/><W2/><G2/><T95/><D95/><U6/><E6/><V108/><F108/><W86/><G32/><T4/><D61/><U33/><E33/><V131/><F131/><W43/><G25/><T98/><D4/><U56/><E38/><V58/><F58/><W55/><G55/><T45/><D45/><U48/><E56/><V49/><F36/><W37/><G37/><T112/><D112/><U80/><E48/><V10/><F10/><W111/><G111/><T50/><D50/><U67/><E67/><N who="2" m="39391" /><F49/><W79/><G39/><T102/><D102/><U22/><E118/><V14/><F46/><W1/><G43/><T17/><D99/><U72/><E44/><V19/><F100/><W126/><G126/><T132/><D132/><U116/><E116/><V88/><F106/><W101/><G1/><T24/><D24/><N who="1" m="16663" /><E127/><V41/><F41/><W128/><G128/><T64/><D64/><U40/><E40/><V105/><F105/><W124/><G124/><RYUUKYOKU ba="0,0" sc="269,15,209,-15,209,-15,313,15" hai0="17,20,27,81,87,97,98" hai3="3,5,9,16,18,79,83,86,89,91,92,96,101" /><INIT seed="2,1,0,1,2,33" ten="284,194,194,328" oya="2" hai0="88,18,22,59,126,116,100,94,55,6,61,65,97" hai1="2,23,62,107,48,16,49,13,85,45,132,105,51" hai2="31,92,46,28,103,27,56,53,91,4,95,79,30" hai3="60,114,25,40,54,121,37,101,32,80,106,67,58"/><V117/><F117/><W89/><G114/><T110/><D116/><U50/><E132/><V123/><F123/><W24/><G121/><T47/><D110/><U39/><E39/><V76/><F4/><W99/><G37/><T82/><D126/><U43/><E2/><V57/><F27/><W21/><G40/><T81/><D6/><U119/><E119/><V118/><F118/><W98/><G32/><T17/><D17/><U133/><E133/><V38/><F38/><W35/><G35/><T124/><D124/><U1/><E1/><V63/><F46/><W19/><G67/><T112/><D112/><U90/><REACH who="1" step="1"/><E62/><REACH who="1" ten="284,184,194,328" step="2"/><N who="2" m="36111" /><F103/><W66/><G60/><T72/><D100/><U26/><E26/><V70/><F70/><W11/><G25/><N who="0" m="14551" /><D72/><U111/><E111/><V8/><F8/><W102/><G102/><T9/><D9/><U10/><E10/><V3/><F3/><W74/><G101/><T127/><D127/><U93/><AGARI ba="1,1" hai="13,16,23,43,45,48,49,50,51,85,90,93,105,107" machi="93" ten="30,4000,0" yaku="1,1,0,1,54,1,53,0" doraHai="33" doraHaiUra="29" who="1" fromWho="1" sc="284,-11,184,53,194,-21,328,-11" /><INIT seed="3,0,0,2,1,23" ten="273,237,173,317" oya="3" hai0="99,11,8,55,119,65,82,109,15,95,91,51,108" hai1="100,72,62,27,18,107,114,57,131,130,19,37,126" hai2="116,93,79,73,128,104,86,81,64,60,132,118,50" hai3="103,135,85,4,94,53,125,49,67,10,1,75,38"/><W35/><G75/><T56/><D119/><U26/><E114/><V58/><F128/><N who="1" m="49193" /><E37/><V3/><F132/><W34/><G38/><T89/><D65/><N who="1" m="39119" /><E72/><V31/><F3/><W41/><G67/><T20/><D20/><U43/><E43/><V52/><F104/><W78/><G125/><T102/><D82/><U84/><E126/><V101/><F31/><W48/><G135/><T97/><D11/><U77/><E77/><V133/><F133/><W39/><G39/><T42/><D42/><U70/><E70/><V47/><REACH who="2" step="1"/><F101/><REACH who="2" ten="273,237,163,317" step="2"/><W122/><G103/><T83/><D102/><U129/><E129/><V61/><F61/><W25/><G1/><T44/><D108/><U71/><E71/><V110/><F110/><W0/><G0/><T7/><D109/><U6/><E100/><V28/><F28/><W17/><G35/><T98/><D98/><U105/><E107/><V124/><F124/><W45/><G34/><T90/><D99/><U29/><E105/><V9/><F9/><W32/><G32/><T80/><D97/><U92/><E29/><V68/><F68/><W12/><G10/><T127/><D127/><U69/><E69/><V14/><F14/><W87/><G12/><T16/><D15/><U59/><E26/><V30/><F30/><W22/><G25/><T54/><D8/><U5/><E27/><V33/><F33/><W106/><G106/><T123/><D7/><U66/><E5/><V111/><F111/><W2/><G4/><T121/><D16/><U74/><E6/><V120/><F120/><W21/><G122/><T46/><D123/><RYUUKYOKU ba="0,1" sc="273,-10,237,-10,163,30,317,-10" hai2="47,50,52,58,60,64,73,79,81,86,93,116,118" owari="263,6.3,227,-17.3,193,-30.7,317,41.7" /></mjloggm>