<mjloggm ver="2.3"><GO type="225" lobby="0"/><UN n0="%E5%91%A8%E6%9D%B1" n1="%72%65%6E%6B%75%6E" n2="%E6%81%AC%E6%B7%A1%E5%AF%82%E5%AF%9E" n3="%E7%99%BD%E5%80%89%E5%AF%9B%E4%B9%8B" dan="16,17,16,16" rate="2187.61,2224.89,2131.45,2131.12" sx="M,M,F,M"/><TAIKYOKU oya="0"/><INIT seed="0,0,0,0,1,40" ten="250,250,250,250" oya="0" hai0="17,21,86,128,10,87,47,27,111,91,108,118,80" hai1="84,58,130,71,14,104,49,15,67,51,101,95,83" hai2="52,28,2,30,90,73,77,134,9,98,7,16,102" hai3="8,48,117,23,62,42,82,38,34,36,12,132,122"/><T60/><D118/><U129/><E104/><V89/><F134/><W85/><G34/><T20/><D128/><N who="1" m="49259" /><E71/><V94/><F73/><W120/><G117/><T105/><D105/><U76/><E67/><V5/><F77/><N who="3" m="46287" /><G23/><T88/><D60/><U93/><E51/><V53/><F7/><N who="3" m="3103" /><G62/><T81/><D10/><U74/><E95/><V29/><F16/><W54/><G132/><T44/><D21/><U18/><E18/><V75/><F75/><W37/><G54/><T116/><D116/><U61/><E61/><V78/><F78/><W115/><G115/><T96/><D96/><N who="1" m="59535" /><E74/><V97/><REACH who="2" step="1"/><F90/><REACH who="2" ten="250,250,240,250" step="2"/><W56/><G122/><T109/><AGARI ba="0,1" hai="17,20,27,44,47,80,81,86,87,88,91,108,109,111" machi="109" ten="30,18000,2" yaku="0,1,9,1,14,1,10,1,52,2,54,1" doraHai="40" who="0" fromWho="0" sc="250,190,250,-60,240,-60,250,-60" /><INIT seed="0,1,0,5,3,25" ten="440,190,180,190" oya="0" hai0="38,32,96,59,22,124,67,54,123,113,58,132,73" hai1="63,130,10,122,101,30,76,15,24,125,37,64,31" hai2="62,79,74,20,85,109,127,19,8,0,134,65,115" hai3="102,89,2,29,111,18,107,47,34,106,42,104,100"/><T55/><D32/><U36/><E122/><V72/><F115/><W23/><G2/><T93/><D73/><U131/><E101/><V49/><F109/><W75/><G75/><T94/><D123/><U11/><E76/><V77/><F127/><W28/><G111/><T56/><D124/><U103/><E103/><V120/><F134/><W84/><G34/><T92/><D132/><U5/><E125/><V121/><F49/><W52/><G102/><T118/><D38/><N who="1" m="14955" /><E11/><V81/><F85/><W61/><G100/><T6/><D118/><U119/><E24/><V78/><F78/><W116/><G116/><T71/><D113/><U40/><E40/><V117/><F117/><W21/><G42/><T46/><D6/><U110/><E110/><V83/><F20/><W4/><G4/><T50/><D22/><U99/><E99/><V26/><F26/><W88/><G23/><T14/><D14/><U98/><E98/><V80/><F80/><W48/><G61/><T13/><D13/><U95/><E95/><V57/><F19/><W105/><N who="3" m="26624" /><DORA hai="82" /><W87/><G87/><T1/><D96/><U60/><E60/><V114/><F114/><W135/><G135/><T53/><D1/><U3/><E3/><V70/><F57/><W86/><G86/><T69/><D67/><U35/><E35/><V51/><F51/><W108/><G108/><T39/><D39/><U33/><E33/><V43/><F43/><AGARI ba="1,0" hai="43,46,50,53,54,55,56,58,59,69,71,92,93,94" machi="43" ten="50,4800,0" yaku="29,2" doraHai="25,82" who="0" fromWho="2" sc="440,51,190,0,180,-51,190,0" /><INIT seed="0,2,0,0,3,3" ten="491,190,129,190" oya="0" hai0="28,30,81,112,71,85,68,35,48,101,49,24,77" hai1="36,4,25,5,15,14,125,65,59,114,102,19,44" hai2="93,127,41,60,39,20,92,78,69,47,29,63,66" hai3="38,57,109,110,34,86,16,58,107,10,18,9,2"/><T105/><D112/><U96/><E114/><V111/><F111/><N who="3" m="42507" /><G107/><T52/><D30/><U33/><E125/><V83/><F127/><W13/><G38/><T31/><D31/><U97/><E36/><V50/><F63/><W1/><G34/><T87/><D49/><U134/><E44/><V100/><F100/><W21/><G86/><T40/><D40/><U103/><E19/><V113/><F113/><W130/><G130/><T104/><D85/><U26/><E59/><N who="3" m="22538" /><G10/><T67/><D101/><U8/><E8/><V84/><F20/><W27/><AGARI ba="2,0" hai="1,2,9,13,16,18,21,27" m="22538,42507" machi="27" ten="30,2000,0" yaku="14,1,54,1" doraHai="3" who="3" fromWho="3" sc="491,-12,190,-7,129,-7,190,26" /><INIT seed="1,0,0,0,4,0" ten="479,183,122,216" oya="1" hai0="14,98,127,125,43,100,119,93,107,48,104,39,34" hai1="1,116,83,76,89,60,2,46,61,21,102,129,86" hai2="87,82,109,65,55,41,36,51,35,58,13,111,112" hai3="23,124,105,67,22,57,97,44,117,17,31,33,28"/><U27/><E116/><V64/><F35/><W123/><G117/><T132/><D119/><U37/><E129/><V53/><F13/><W50/><G33/><T62/><D132/><U120/><E120/><V110/><F112/><W75/><G75/><T11/><D34/><U131/><E131/><V122/><F122/><W40/><G123/><T106/><D62/><U73/><E102/><V4/><F4/><W42/><G124/><N who="0" m="47691" /><D39/><U84/><E73/><V54/><F87/><W10/><G42/><T30/><D30/><N who="3" m="11305" /><G97/><T45/><D106/><U38/><E60/><V59/><F82/><W29/><G105/><T70/><D70/><U88/><E61/><N who="2" m="37943" /><F65/><W47/><G57/><T121/><D121/><U18/><E76/><V8/><F8/><W126/><G67/><T49/><D49/><U114/><E114/><V69/><F69/><W79/><G47/><AGARI ba="0,0" hai="36,41,47,51,53,54,55,59,109,110,111" m="37943" machi="47" ten="30,3900,0" yaku="14,1,34,2" doraHai="0" who="2" fromWho="3" sc="479,0,183,0,122,39,216,-39" /><INIT seed="2,0,0,1,5,28" ten="479,183,161,177" oya="2" hai0="109,89,129,64,115,6,71,34,55,108,56,69,62" hai1="49,133,112,32,18,125,15,35,94,85,127,45,59" hai2="102,20,53,66,79,9,73,11,40,37,98,119,42" hai3="2,91,120,124,51,82,61,110,27,68,121,50,88"/><V122/><F122/><W93/><G2/><T84/><D115/><U38/><E112/><V8/><F119/><W114/><G114/><T33/><D6/><U24/><E38/><V7/><F42/><W52/><G110/><N who="0" m="42603" /><D129/><U47/><E24/><V25/><F53/><W113/><G113/><T43/><D43/><U118/><E118/><V23/><F66/><W107/><G107/><T117/><D117/><U100/><E59/><V103/><F25/><W131/><G124/><N who="1" m="47690" /><E133/><V65/><F65/><W3/><G3/><T39/><D39/><U29/><E29/><V13/><F103/><W58/><G131/><T106/><D106/><U21/><E47/><N who="2" m="23951" /><F13/><W26/><G68/><N who="0" m="26187" /><D64/><U116/><E116/><V17/><F17/><W75/><G121/><T44/><D44/><U46/><E46/><V4/><F4/><W135/><G135/><T10/><D10/><U41/><E100/><V70/><F70/><W105/><G105/><T12/><D12/><U92/><E85/><V130/><F130/><W95/><G120/><T90/><D90/><N who="3" m="34345" /><G26/><T97/><D97/><U87/><E87/><V86/><F86/><W60/><G27/><T48/><D62/><U104/><E104/><N who="2" m="63575" /><F7/><W123/><G123/><T74/><D74/><U111/><E111/><V36/><F36/><W80/><G75/><T16/><D16/><U78/><E78/><V30/><F30/><W14/><G61/><T134/><D134/><U81/><E81/><AGARI ba="0,0" hai="33,34,48,55,56,81,84,89" m="26187,42603" machi="81" ten="30,3900,0" yaku="14,1,52,2" doraHai="28" who="0" fromWho="1" sc="479,39,183,-39,161,0,177,0" /><INIT seed="3,0,0,0,0,73" ten="518,144,161,177" oya="3" hai0="42,119,102,52,62,131,134,82,105,79,1,41,98" hai1="71,126,50,59,21,77,67,128,107,2,94,31,22" hai2="87,127,28,91,101,35,37,86,106,27,39,113,89" hai3="55,72,5,8,65,4,132,16,17,129,111,12,25"/><W36/><G36/><T48/><D119/><U61/><E2/><V14/><F113/><W135/><G72/><T15/><D1/><U51/><E107/><V81/><F127/><W29/><G65/><T69/><D134/><N who="3" m="51241" /><G55/><T40/><D131/><U93/><E126/><V83/><F14/><N who="3" m="7239" /><G111/><T3/><D3/><U70/><E128/><V58/><F58/><W63/><G63/><T76/><D15/><U104/><E104/><V100/><F106/><W121/><G121/><T44/><REACH who="0" step="1"/><D82/><REACH who="0" ten="508,144,161,177" step="2"/><U13/><E70/><V11/><F83/><W7/><G129/><T68/><D68/><U96/><E71/><V57/><F81/><W66/><G4/><T85/><D85/><U24/><E77/><V125/><F87/><W118/><G118/><T53/><D53/><U32/><E32/><V34/><F86/><W120/><G120/><T122/><D122/><U109/><E109/><V80/><F34/><N who="3" m="20783" /><G66/><AGARI ba="0,1" hai="40,41,42,44,48,52,62,66,69,76,79,98,102,105" machi="66" ten="40,8000,1" yaku="1,1,52,2,54,1,53,0" doraHai="73" doraHaiUra="23" who="0" fromWho="3" sc="508,90,144,0,161,0,177,-80" owari="598,69.8,144,-25.6,161,-3.9,97,-40.3" /></mjloggm>