<mjloggm ver="2.3"><GO type="225" lobby="0"/><UN n0="%33%74%72%65%65" n1="%E9%80%86%E9%80%A3%E5%B8%AF%E3%81%AE%E9%AC%BC" n2="%E3%83%96%E3%83%83%E3%83%91%E3%82%AA%E3%83%96%E3%83%81%E3%82%AD%E3%83%B3" n3="%E3%81%99%E3%81%84%E3%81%BE%E3%81%9B%E3%83%BC%E3%82%93" dan="17,16,16,18" rate="2129.60,2048.94,2187.71,2199.29" sx="F,M,M,M"/><TAIKYOKU oya="0"/><INIT seed="0,0,0,4,1,1" ten="250,250,250,250" oya="0" hai0="10,45,118,111,121,132,79,57,31,27,124,133,41" hai1="51,19,9,120,12,117,84,71,2,67,119,26,69" hai2="68,87,30,52,99,55,78,65,20,96,39,128,93" hai3="22,135,62,116,80,81,127,47,100,50,14,13,115"/><T25/><D118/><U103/><E120/><V38/><F128/><W3/><G115/><T46/><D121/><U35/><E2/><V0/><F0/><W76/><G116/><T83/><D124/><U7/><E103/><V29/><F68/><W130/><G3/><T23/><D111/><U44/><E119/><V74/><F74/><W109/><G130/><T92/><D10/><U11/><E117/><V89/><F65/><W88/><G127/><T123/><D123/><U73/><E73/><V33/><F33/><W5/><G135/><N who="0" m="51787" /><D92/><U49/><E84/><V42/><F42/><W64/><G100/><T56/><D27/><U85/><E85/><N who="2" m="52399" /><F38/><W106/><G106/><T34/><D34/><U122/><E122/><V32/><F39/><W16/><G109/><T107/><D107/><U17/><E51/><V24/><F30/><W98/><G76/><T113/><D113/><U36/><E36/><V95/><F32/><W28/><G28/><T125/><D125/><U110/><E110/><V63/><F63/><W94/><G62/><T101/><D101/><U54/><E67/><V97/><F95/><W59/><G64/><T4/><D41/><U21/><REACH who="1" step="1"/><E35/><REACH who="1" ten="250,240,250,250" step="2"/><V8/><F8/><N who="3" m="4239" /><G59/><T15/><D57/><U108/><E108/><V105/><F105/><W104/><G104/><T58/><D56/><U70/><E70/><V60/><F60/><W77/><G77/><T102/><D58/><U43/><E43/><AGARI ba="0,1" hai="14,16,22,43,47,50,80,81,88,94,98" m="4239" machi="43" ten="30,7700,0" yaku="8,1,52,1,54,2" doraHai="1" who="3" fromWho="1" sc="250,0,240,-77,250,0,250,87" /><INIT seed="1,0,0,2,2,131" ten="250,163,250,337" oya="1" hai0="37,79,108,106,8,46,48,111,94,59,52,90,103" hai1="99,114,38,13,85,55,31,0,50,65,105,74,129" hai2="16,56,66,70,34,72,26,69,3,54,6,30,63" hai3="81,130,61,76,101,68,53,109,97,119,120,42,12"/><U132/><E114/><V115/><F115/><W27/><G120/><T123/><D123/><U24/><E129/><V36/><F72/><W98/><G130/><T112/><D112/><U124/><E74/><V51/><F69/><W78/><G109/><N who="0" m="42059" /><D79/><U135/><E0/><V18/><REACH who="2" step="1"/><F36/><REACH who="2" ten="250,163,240,337" step="2"/><W22/><G68/><T45/><D37/><U91/><E38/><V41/><F41/><W71/><G42/><T89/><D45/><U126/><E65/><V102/><F102/><W25/><G101/><T118/><D46/><U122/><E122/><V64/><F64/><W15/><G71/><T113/><D103/><U92/><E13/><V49/><F49/><W77/><G12/><T9/><D48/><U60/><E60/><V44/><F44/><W2/><G15/><T86/><D113/><U17/><E17/><V116/><F116/><W40/><G119/><T35/><D118/><U29/><E105/><V73/><F73/><W133/><G61/><T127/><D106/><U20/><E31/><V84/><F84/><W110/><G110/><T125/><D86/><U39/><E39/><V10/><AGARI ba="0,1" hai="3,6,10,16,18,26,30,34,51,54,56,63,66,70" machi="10" ten="30,4000,0" yaku="1,1,0,1,54,1,53,0" doraHai="131" doraHaiUra="134" who="2" fromWho="2" sc="250,-10,163,-20,240,50,337,-10" /><INIT seed="2,0,0,0,0,4" ten="240,143,290,327" oya="2" hai0="28,37,82,9,60,108,87,105,78,119,135,91,84" hai1="36,104,26,116,2,68,110,39,34,49,55,111,61" hai2="12,57,67,54,88,7,94,113,50,15,124,33,27" hai3="31,65,106,25,85,121,66,47,125,22,16,96,114"/><V86/><F113/><W131/><G121/><T44/><D108/><N who="1" m="41515" /><E2/><V123/><F123/><W0/><G0/><T120/><D120/><U38/><E26/><V40/><F124/><W83/><G125/><T3/><D119/><U69/><E34/><V73/><F73/><W102/><G131/><T117/><D28/><U30/><E30/><V79/><F79/><W19/><G114/><T109/><D3/><U133/><E104/><V52/><F33/><W62/><G47/><T122/><D105/><U11/><E11/><N who="2" m="4223" /><F27/><W72/><G72/><T129/><D9/><U20/><E20/><V51/><F40/><W29/><G29/><T46/><D117/><U93/><E116/><V14/><F67/><W134/><G65/><T23/><D23/><U8/><E8/><V43/><F43/><W115/><G115/><T59/><D122/><U101/><E133/><V13/><F14/><W130/><G134/><T71/><D135/><U45/><E101/><V89/><F89/><W90/><REACH who="3" step="1"/><G130/><REACH who="3" ten="240,143,290,317" step="2"/><T64/><D129/><U76/><E76/><V21/><F21/><W77/><G77/><T95/><D109/><U41/><E93/><V70/><F70/><AGARI ba="0,1" hai="16,19,22,25,31,62,66,70,83,85,90,96,102,106" machi="70" ten="30,7700,0" yaku="1,1,7,1,54,1,53,1" doraHai="4" doraHaiUra="58" who="3" fromWho="2" sc="240,0,143,0,290,-77,317,87" /><INIT seed="3,0,0,2,3,21" ten="240,143,213,404" oya="3" hai0="36,9,30,15,99,114,98,23,7,19,46,27,134" hai1="105,119,64,41,126,78,83,12,111,128,49,13,93" hai2="112,54,75,120,87,76,4,55,100,11,108,44,26" hai3="125,10,32,42,50,65,117,5,89,73,18,107,48"/><W129/><G117/><T127/><D127/><U122/><E105/><V81/><F112/><W34/><G73/><T74/><D114/><U66/><E122/><V17/><F120/><W116/><G50/><T106/><D134/><U95/><E128/><V67/><F108/><W94/><G18/><T14/><D74/><U82/><E126/><V61/><F100/><W86/><G65/><T60/><D106/><U16/><E111/><V85/><F17/><W90/><G107/><T115/><D115/><U58/><E119/><V124/><F124/><W123/><G123/><T101/><D101/><U103/><E103/><V84/><F26/><W80/><G129/><T63/><D46/><U35/><E35/><V71/><REACH who="2" step="1"/><F44/><REACH who="2" ten="240,143,203,404" step="2"/><W56/><G125/><T45/><D45/><U57/><E16/><V77/><F77/><W20/><G116/><T47/><D47/><U6/><E6/><V53/><F53/><W2/><G42/><T28/><D36/><U109/><E109/><V133/><F133/><W43/><G43/><T37/><D37/><U102/><E102/><V79/><F79/><W72/><G5/><T68/><D68/><U130/><E130/><V24/><F24/><W59/><G59/><T62/><REACH who="0" step="1"/><D30/><REACH who="0" ten="230,143,203,404" step="2"/><U96/><E41/><V8/><F8/><AGARI ba="0,2" hai="7,8,9,14,15,19,23,27,28,60,62,63,98,99" machi="8" ten="40,8000,1" yaku="1,1,2,1,8,1,52,1,53,0" doraHai="21" doraHaiUra="29" who="0" fromWho="2" sc="230,100,143,0,203,-80,404,0" owari="330,13.0,143,-25.7,123,-37.7,404,50.4" /></mjloggm>