<mjloggm ver="2.3"><GO type="225" lobby="0"/><UN n0="%E3%83%A9%E3%82%B9%E7%8E%87%EF%BC%93%E5%89%B2" n1="%E7%99%BD%E5%80%89%E5%AF%9B%E4%B9%8B" n2="%70%68%65%6E%6F%6D%65" n3="%E3%83%A9%E3%83%BC%E3%83%A1%E3%83%B3%E4%BA%94%E9%83%8E" dan="17,16,16,16" rate="2190.36,2158.44,2185.62,2171.21" sx="F,M,M,M"/><TAIKYOKU oya="0"/><INIT seed="0,0,0,0,1,94" ten="250,250,250,250" oya="0" hai0="111,30,20,18,117,29,98,122,65,127,28,84,113" hai1="34,47,21,123,80,11,53,5,112,114,132,26,71" hai2="63,124,54,3,69,66,62,7,4,14,12,85,56" hai3="50,121,103,109,115,48,55,106,70,52,92,42,31"/><T79/><D117/><U72/><E71/><V91/><F124/><W118/><G115/><N who="1" m="44074" /><E53/><V35/><F35/><W96/><G118/><T46/><D122/><U100/><E47/><V99/><F99/><W130/><G121/><T45/><D127/><U40/><E40/><V102/><F102/><W76/><G70/><T41/><D111/><U15/><E100/><V134/><F134/><W90/><G109/><T81/><D113/><U44/><E44/><V22/><F3/><W119/><G119/><T58/><D41/><U13/><E80/><V78/><F78/><W9/><G130/><T110/><D110/><U128/><E72/><V43/><F43/><W36/><G31/><T97/><D46/><U24/><E123/><V33/><F33/><W23/><G36/><T126/><D45/><U32/><E128/><V64/><F66/><W125/><G42/><T129/><D126/><U82/><E82/><V25/><F7/><W59/><G125/><T116/><D116/><U57/><E57/><V93/><REACH who="2" step="1"/><F4/><REACH who="2" ten="250,250,240,250" step="2"/><W89/><G76/><T86/><D129/><U61/><E132/><V101/><F101/><W104/><G103/><T37/><D37/><U87/><E34/><V17/><AGARI ba="0,1" hai="12,14,17,22,25,54,56,62,63,64,69,85,91,93" machi="17" ten="20,8000,1" yaku="1,1,0,1,7,1,53,2" doraHai="94" doraHaiUra="8" who="2" fromWho="2" sc="250,-40,250,-20,240,90,250,-20" /><INIT seed="1,0,0,0,3,79" ten="210,230,330,230" oya="1" hai0="37,69,86,88,130,18,70,103,133,99,14,98,28" hai1="117,21,134,115,53,2,109,81,96,91,120,31,54" hai2="101,36,100,123,42,50,17,97,16,63,129,121,66" hai3="132,107,113,122,60,15,119,80,24,33,83,111,52"/><U65/><E2/><V59/><F129/><W20/><G122/><T12/><D37/><U62/><E120/><V73/><F73/><W29/><G113/><T76/><D130/><U118/><E115/><V94/><F36/><W0/><G107/><T106/><D133/><U75/><E134/><V124/><F124/><W1/><G132/><T104/><D76/><U64/><E109/><V110/><F110/><W82/><G111/><T22/><D28/><U72/><E31/><V128/><F128/><W114/><G114/><T6/><D6/><U127/><E21/><V30/><F30/><W126/><G126/><T5/><D5/><U84/><E127/><V13/><F17/><W8/><G33/><T61/><D14/><U41/><E41/><V48/><F101/><W93/><G93/><T27/><D12/><U11/><E11/><V57/><F50/><W7/><REACH who="3" step="1"/><G119/><REACH who="3" ten="210,230,330,220" step="2"/><T102/><D61/><U26/><E62/><V74/><F121/><W85/><G85/><T10/><D10/><U44/><E84/><V40/><F123/><W58/><AGARI ba="0,1" hai="0,1,7,8,15,20,24,29,52,58,60,80,82,83" machi="58" ten="30,12000,2" yaku="1,1,0,1,52,3,54,1,53,0" doraHai="79" doraHaiUra="39" who="3" fromWho="3" sc="210,-30,230,-60,330,-30,220,130" /><INIT seed="2,0,0,5,4,90" ten="180,170,300,350" oya="2" hai0="70,130,0,106,104,75,62,115,40,113,78,116,118" hai1="59,127,101,121,91,89,81,19,124,33,123,99,132" hai2="63,45,88,100,87,129,79,4,80,76,60,131,23" hai3="122,3,102,53,22,107,114,14,42,16,96,105,93"/><V30/><F4/><W39/><G122/><N who="1" m="46602" /><E33/><V82/><F45/><W29/><G3/><T66/><D130/><N who="2" m="49674" /><F30/><W86/><G114/><N who="0" m="43531" /><D40/><U25/><E59/><V112/><F23/><W55/><G29/><T133/><D0/><U77/><E19/><V21/><F21/><W54/><REACH who="3" step="1"/><G86/><REACH who="3" ten="180,170,300,340" step="2"/><T26/><D133/><U97/><E132/><V52/><F112/><W34/><G34/><T20/><D20/><U135/><E135/><V28/><F28/><W49/><G49/><T56/><D26/><U98/><E25/><V108/><F108/><W95/><G95/><T120/><D120/><U84/><E101/><V35/><F100/><W13/><G13/><T110/><D110/><U68/><E68/><V12/><F12/><W126/><G126/><AGARI ba="0,1" hai="77,81,84,89,91,97,98,99,124,126,127" m="46602" machi="126" ten="40,8000,1" yaku="18,1,13,1,34,2" doraHai="90" who="1" fromWho="3" sc="180,0,170,90,300,0,340,-80" /><INIT seed="3,0,0,2,0,38" ten="180,260,300,260" oya="3" hai0="63,95,81,71,112,22,135,118,2,32,127,110,48" hai1="82,133,21,44,104,29,60,24,128,58,4,99,126" hai2="45,5,40,101,79,31,6,65,17,51,122,11,57" hai3="30,107,123,49,106,19,55,10,84,73,117,41,72"/><W46/><G117/><T25/><D118/><U132/><E126/><V131/><F131/><W121/><G121/><T64/><D127/><U124/><E124/><V130/><F130/><W34/><G123/><T120/><D120/><U129/><E4/><V125/><F125/><W61/><G72/><T68/><D110/><U108/><E108/><V50/><F122/><W98/><G73/><T7/><D135/><N who="1" m="51787" /><E82/><V43/><F101/><W87/><G34/><T100/><D112/><U12/><E12/><N who="2" m="7327" /><F31/><W0/><G30/><T23/><D68/><U14/><E14/><V16/><F79/><W77/><G107/><T109/><D109/><U62/><E62/><N who="2" m="38095" /><F16/><W115/><G115/><T36/><D36/><U78/><E78/><V96/><F96/><W66/><G106/><T27/><D32/><U53/><E44/><AGARI ba="0,0" hai="5,6,40,43,44,45,50,51" m="38095,7327" machi="44" ten="30,3900,0" yaku="8,1,52,2" doraHai="38" who="2" fromWho="1" sc="180,0,260,-39,300,39,260,0" owari="180,-32.0,221,-17.9,339,43.9,260,6.0" /></mjloggm>