<mjloggm ver="2.3"><GO type="225" lobby="0"/><UN n0="%E7%B4%94%E6%BD%94%E3%83%94%E3%83%A9%E3%83%8B%E3%82%A2" n1="%E3%81%95%E3%81%8D%E3%81%9F%E3%81%BE%E6%9E%97%E6%AA%8E" n2="%74%2E%6F%2E%6F%2E%73" n3="%E3%83%96%E3%83%83%E3%83%91%E3%82%AA%E3%83%96%E3%83%81%E3%82%AD%E3%83%B3" dan="17,16,17,17" rate="2190.84,2105.28,2133.71,2184.59" sx="M,M,M,M"/><TAIKYOKU oya="0"/><INIT seed="0,0,0,5,0,47" ten="250,250,250,250" oya="0" hai0="33,127,116,71,103,115,93,101,70,29,22,55,111" hai1="125,106,48,1,123,87,78,80,54,88,36,77,128" hai2="8,5,20,72,68,6,12,19,104,51,108,31,69" hai3="56,94,40,15,3,133,126,17,62,26,39,100,83"/><T75/><D75/><U112/><E123/><V35/><F72/><W65/><G126/><T2/><D2/><U9/><E36/><V120/><F104/><W46/><G133/><T98/><D33/><U117/><E117/><V60/><F120/><W130/><G130/><T107/><D115/><U45/><E125/><V52/><F108/><W121/><G121/><T135/><D116/><U67/><E128/><V81/><F81/><W124/><G124/><T66/><D127/><U134/><E134/><V16/><F19/><W86/><G3/><T64/><D111/><U119/><E106/><V0/><F6/><W43/><G43/><T25/><D135/><U42/><E119/><V96/><F96/><W27/><G94/><T58/><D71/><U30/><E30/><V4/><F4/><W18/><G100/><N who="0" m="60495" /><D70/><U41/><E112/><V73/><F60/><W44/><G44/><T113/><D107/><U129/><E129/><V82/><F82/><W34/><G34/><T76/><D76/><N who="1" m="29291" /><E1/><V74/><F74/><W131/><G131/><T99/><D113/><U23/><E67/><N who="0" m="25641" /><D99/><U89/><E89/><V37/><F37/><W28/><G28/><T90/><D90/><U85/><E85/><V14/><F73/><W84/><G84/><T10/><D10/><U132/><E132/><V105/><F105/><W91/><REACH who="3" step="1"/><G18/><REACH who="3" ten="250,250,250,240" step="2"/><T110/><D110/><U97/><E97/><V53/><F0/><W122/><G122/><T49/><AGARI ba="0,1" hai="22,25,29,49,55,58,101,103" m="25641,60495" machi="49" ten="30,3000,0" yaku="8,1,52,1" doraHai="47" who="0" fromWho="0" sc="250,40,250,-10,250,-10,240,-10" /><INIT seed="0,1,0,1,1,80" ten="290,240,240,230" oya="0" hai0="94,110,83,2,11,32,0,106,23,96,50,104,43" hai1="46,65,60,5,53,10,39,75,40,64,17,28,33" hai2="121,27,101,24,113,54,4,131,12,130,99,97,116" hai3="68,93,125,16,29,117,19,126,119,127,30,47,81"/><T135/><D32/><U18/><E75/><V71/><F121/><W123/><G68/><T133/><D23/><U105/><E105/><N who="0" m="40553" /><D11/><U22/><E33/><V85/><F113/><W78/><G123/><T92/><D83/><U91/><E53/><V34/><F71/><W114/><G93/><N who="0" m="35947" /><D96/><U63/><E91/><V120/><F120/><W108/><G114/><T115/><D115/><U128/><E128/><N who="2" m="49195" /><F54/><W48/><G108/><T103/><D103/><U107/><E107/><N who="2" m="63919" /><F99/><W102/><G102/><T129/><D129/><U8/><E28/><N who="2" m="19719" /><F27/><W89/><G30/><T35/><D35/><U109/><E109/><V84/><F116/><N who="3" m="44619" /><G29/><T73/><D73/><U14/><E17/><V111/><F111/><W61/><G89/><T86/><D86/><N who="2" m="33386" /><F12/><W7/><G81/><T15/><D15/><U62/><REACH who="1" step="1"/><E10/><REACH who="1" ten="290,230,240,230" step="2"/><V87/><F87/><W21/><G19/><T67/><D110/><U88/><E88/><V20/><F4/><W36/><G7/><T118/><D118/><U44/><E44/><V25/><F25/><AGARI ba="1,1" hai="5,8,14,18,22,25,39,40,46,60,62,63,64,65" machi="25" ten="40,1300,0" yaku="1,1,53,0" doraHai="80" doraHaiUra="122" who="1" fromWho="2" sc="290,0,230,26,240,-16,230,0" /><INIT seed="1,0,0,4,1,43" ten="290,256,224,230" oya="1" hai0="98,59,76,100,23,115,58,66,120,1,5,78,86" hai1="6,34,88,31,52,24,71,119,134,124,74,50,8" hai2="28,114,68,27,109,63,107,13,62,125,36,65,82" hai3="57,131,110,25,118,9,92,10,61,79,55,11,123"/><U101/><E119/><V106/><F109/><W29/><G123/><T18/><D115/><U54/><E74/><V84/><F125/><W19/><G110/><T44/><D120/><U70/><E124/><V102/><F114/><W38/><G131/><T135/><D1/><U42/><E42/><V60/><F36/><W53/><G118/><T26/><D5/><U22/><E34/><V72/><F72/><W64/><G38/><T96/><D96/><U95/><E101/><V41/><F41/><W45/><G79/><T7/><D7/><U117/><E134/><V33/><F13/><W77/><G77/><T111/><D135/><U51/><E117/><V126/><F126/><W113/><G113/><T75/><D75/><U121/><E121/><V128/><F128/><W103/><G19/><T94/><D76/><U21/><E21/><V108/><F108/><W12/><G12/><T14/><D66/><U104/><E104/><V40/><F40/><W67/><G45/><T97/><D97/><N who="1" m="57575" /><E71/><V116/><F116/><W49/><G92/><T105/><D105/><U99/><E99/><N who="2" m="61791" /><F107/><W90/><G103/><T73/><D73/><U127/><E127/><V56/><F56/><N who="3" m="32815" /><G90/><AGARI ba="0,0" hai="27,28,33,60,62,63,65,68,82,84,90" m="61791" machi="90" ten="30,1000,0" yaku="25,1" doraHai="43" who="2" fromWho="3" sc="290,0,256,0,224,10,230,-10" /><INIT seed="2,0,0,2,0,45" ten="290,256,234,220" oya="2" hai0="96,77,27,74,71,33,54,104,103,102,129,17,15" hai1="114,131,115,70,120,126,67,106,116,88,0,59,2" hai2="41,52,122,117,8,1,13,29,55,87,21,14,25" hai3="134,99,133,44,66,101,34,26,60,56,92,86,36"/><V40/><F117/><W107/><G34/><T105/><D71/><U73/><RYUUKYOKU type="yao9" ba="0,0" sc="290,0,256,0,234,0,220,0" hai1="0,2,59,67,70,73,88,106,114,115,116,120,126,131" /><INIT seed="2,1,0,0,2,103" ten="290,256,234,220" oya="2" hai0="79,100,64,96,68,66,13,105,129,74,69,30,62" hai1="50,115,60,21,6,130,27,101,58,72,48,118,71" hai2="9,45,98,38,29,73,36,43,25,83,18,35,55" hai3="0,1,17,112,46,39,92,126,84,80,2,134,90"/><V4/><F18/><W40/><G126/><T70/><D13/><U77/><E115/><V59/><F98/><W49/><G112/><T111/><D111/><U107/><E118/><V133/><F133/><W31/><G134/><T110/><D110/><U81/><E71/><V119/><F119/><W51/><G31/><T37/><D66/><U116/><E116/><V102/><F102/><W52/><G17/><T16/><D16/><U132/><E132/><V61/><F73/><W78/><REACH who="3" step="1"/><G52/><REACH who="3" ten="290,256,234,210" step="2"/><T20/><D30/><U85/><E6/><V15/><REACH who="2" step="1"/><F83/><REACH who="2" ten="290,256,224,210" step="2"/><W114/><G114/><T41/><D74/><AGARI ba="1,2" hai="0,1,2,39,40,46,49,51,74,78,80,84,90,92" machi="74" ten="40,1300,0" yaku="1,1,53,0" doraHai="103" doraHaiUra="93" who="3" fromWho="0" sc="290,-16,256,0,224,0,210,36" /><INIT seed="3,0,0,0,4,58" ten="274,256,224,246" oya="3" hai0="83,44,95,47,46,52,94,2,6,85,45,69,104" hai1="36,35,91,135,120,123,13,105,32,81,31,19,78" hai2="3,9,51,89,111,98,72,30,80,50,64,106,128" hai3="65,34,82,74,114,11,92,42,93,29,37,67,84"/><W4/><G114/><T0/><D104/><U25/><E105/><V12/><F111/><W55/><G34/><T107/><D107/><U38/><E135/><V39/><F128/><W54/><G29/><T130/><D69/><U75/><E35/><V23/><F39/><W131/><G74/><T56/><D130/><U102/><E102/><V125/><F125/><W57/><G131/><T79/><N who="0" m="11264" /><DORA hai="87" /><T14/><D0/><U76/><E76/><V116/><F116/><W7/><G37/><T18/><D6/><N who="3" m="2089" /><G11/><T59/><D59/><U68/><E68/><V109/><F109/><W132/><G42/><T108/><D2/><U20/><E38/><V15/><F3/><W113/><G132/><T21/><D108/><U100/><E100/><V119/><F119/><W88/><G113/><T61/><AGARI ba="0,0" hai="14,18,21,52,56,61,79,83,85,94,95" m="11264" machi="61" ten="40,8000,1" yaku="0,1,8,1,52,1,54,1" doraHai="58,87" who="0" fromWho="0" sc="274,80,256,-20,224,-20,246,-40" owari="354,45.4,236,3.6,204,-29.6,206,-19.4" /></mjloggm>