<mjloggm ver="2.3"><GO type="225" lobby="0"/><UN n0="%E3%81%AF%E3%81%84%E3%81%A6%E3%82%93%E3%81%BC%E3%83%BC" n1="%E6%A1%9C%E8%8A%B1%E9%96%83%E3%80%85" n2="%E6%B7%91%E5%A5%B3%E3%81%AE%E5%97%9C%E3%81%BF" n3="%33%74%72%65%65" dan="16,16,16,16" rate="2130.29,2117.40,2096.93,2145.89" sx="M,M,M,F"/><TAIKYOKU oya="0"/><INIT seed="0,0,0,1,5,36" ten="250,250,250,250" oya="0" hai0="18,122,127,124,4,77,123,53,81,48,6,61,129" hai1="42,21,80,107,100,104,101,59,51,64,32,70,109" hai2="1,11,110,92,24,78,31,120,37,94,88,9,96" hai3="82,67,114,57,41,25,33,90,98,22,105,12,119"/><T52/><D129/><U74/><E32/><V130/><F120/><W54/><G114/><T106/><D106/><U128/><E128/><V15/><F130/><W68/><G119/><T8/><D61/><U5/><E109/><V121/><F121/><N who="0" m="46090" /><D18/><U50/><E70/><V65/><F110/><W97/><G68/><T45/><D53/><U79/><E5/><V95/><F65/><W46/><G67/><T73/><D8/><U29/><E104/><V72/><F9/><W10/><G105/><T89/><D89/><U47/><E107/><V69/><F69/><W30/><G54/><T27/><D27/><U115/><E115/><V71/><F71/><W58/><G10/><T16/><D16/><U38/><E64/><V133/><F11/><W126/><G90/><T134/><D134/><U28/><E28/><V118/><F24/><W56/><G30/><T3/><D3/><U86/><E29/><V7/><F1/><W132/><G25/><T111/><D111/><U43/><E100/><V103/><F133/><W34/><G132/><T93/><D93/><N who="2" m="35946" /><F31/><W23/><G34/><T85/><D73/><U112/><E74/><V87/><F118/><W131/><G33/><T91/><D77/><U13/><E112/><V66/><F72/><W76/><G131/><T116/><D116/><U84/><E79/><V62/><F78/><W19/><G76/><T108/><D108/><U117/><E117/><V20/><F103/><W125/><G82/><T39/><D39/><U55/><E80/><V83/><F37/><N who="3" m="21807" /><G23/><T102/><D102/><U35/><E101/><N who="2" m="60575" /><F20/><W113/><G113/><RYUUKYOKU ba="0,0" sc="250,15,250,-15,250,-15,250,15" hai0="4,6,45,48,52,81,85,91,124,127" hai3="12,19,22,56,57,58,97,98,125,126" /><INIT seed="0,1,0,2,3,52" ten="265,235,235,265" oya="0" hai0="3,114,90,104,50,15,75,29,111,116,113,115,100" hai1="120,9,7,23,66,40,107,123,28,48,70,119,65" hai2="96,130,118,95,67,10,73,62,22,71,79,35,126" hai3="98,64,101,93,51,0,54,43,81,89,14,5,88"/><T124/><D116/><U122/><E119/><V106/><F118/><W55/><G0/><T129/><D3/><U69/><E107/><V34/><F126/><W131/><G131/><T42/><D75/><U86/><E86/><V13/><F106/><W19/><G5/><T58/><D129/><U21/><E40/><V18/><F130/><W32/><G32/><T74/><D74/><U68/><E48/><V87/><F73/><W20/><G64/><T6/><D124/><U112/><E112/><V24/><F87/><N who="3" m="50287" /><G101/><T36/><D36/><U39/><E39/><V49/><F49/><W38/><G38/><T53/><D29/><U2/><REACH who="1" step="1"/><E28/><REACH who="1" ten="265,225,235,265" step="2"/><V1/><F79/><W128/><G128/><T47/><D104/><U26/><E26/><V12/><F1/><W59/><G54/><T99/><D42/><AGARI ba="1,1" hai="14,19,20,42,43,51,55,59,89,93,98" m="50287" machi="42" ten="30,3900,0" yaku="8,1,52,1,54,1" doraHai="52" who="3" fromWho="0" sc="265,-42,225,0,235,0,265,52" /><INIT seed="1,0,0,1,5,95" ten="223,225,235,317" oya="1" hai0="128,76,66,89,29,18,74,21,135,98,106,84,101" hai1="10,31,52,114,53,130,93,51,16,77,61,33,42" hai2="5,127,120,113,56,129,19,4,83,7,22,96,64" hai3="90,1,71,134,11,45,85,58,92,133,79,81,122"/><U108/><E114/><V87/><F120/><W110/><G71/><T57/><D128/><U14/><E130/><V124/><F129/><W49/><G122/><T13/><D135/><U67/><E108/><V111/><F111/><W3/><G58/><T20/><D74/><U118/><E118/><V23/><F113/><W24/><G24/><T34/><D34/><U82/><E33/><V103/><F64/><W27/><G27/><T104/><D76/><U65/><E31/><V107/><F56/><W48/><G48/><T9/><D29/><U126/><E126/><N who="2" m="48171" /><F19/><W12/><G110/><T41/><D41/><U102/><E42/><V28/><F28/><W117/><G117/><T100/><D66/><N who="1" m="25099" /><E61/><V119/><F119/><W116/><G116/><T131/><D57/><U109/><E51/><V54/><F54/><W94/><G134/><T63/><D63/><U73/><E73/><V46/><F46/><W125/><G45/><T40/><D40/><U70/><E109/><V32/><F32/><W105/><G49/><T86/><D131/><U72/><E72/><V97/><F97/><N who="3" m="57495" /><G133/><T55/><D55/><U38/><E70/><V132/><F132/><W78/><G125/><T25/><D25/><U2/><E38/><V17/><F17/><W91/><G1/><T47/><D47/><U6/><E2/><V60/><F60/><W0/><G3/><T69/><D69/><U50/><E16/><V43/><F43/><W115/><G0/><T121/><D121/><U36/><E36/><V80/><F80/><N who="3" m="47255" /><G115/><T37/><D37/><U39/><E39/><V123/><F123/><RYUUKYOKU ba="0,0" sc="223,-10,225,-10,235,30,317,-10" hai2="4,5,7,22,23,83,87,96,103,107" /><INIT seed="2,1,0,0,4,103" ten="213,215,265,307" oya="2" hai0="89,18,112,86,57,60,97,115,47,77,58,49,79" hai1="45,120,27,26,80,38,50,94,76,5,36,72,61" hai2="126,110,123,0,3,40,44,24,78,93,132,13,14" hai3="33,133,92,102,54,28,70,87,21,2,43,7,46"/><V135/><F123/><W118/><G118/><T31/><D31/><U91/><E120/><V108/><F126/><W104/><G70/><T30/><D30/><U111/><E111/><N who="2" m="42539" /><F78/><W25/><G133/><N who="2" m="51273" /><F93/><W37/><G33/><T4/><D79/><U119/><E61/><V127/><F127/><W116/><G116/><T20/><D77/><U84/><E5/><V121/><F121/><W23/><G92/><T15/><D4/><U131/><E131/><V109/><N who="2" m="42547" /><V1/><DORA hai="75" /><F24/><W81/><G25/><T85/><D115/><U55/><E119/><V35/><F35/><W128/><G7/><T73/><D112/><U16/><REACH who="1" step="1"/><E27/><REACH who="1" ten="213,205,265,307" step="2"/><V125/><F125/><W41/><G128/><T29/><D60/><U114/><E114/><V99/><F99/><W98/><G98/><T83/><D97/><U96/><E96/><V11/><F11/><W53/><G102/><T8/><D73/><U51/><E51/><AGARI ba="1,1" hai="0,1,3,13,14,40,44,51" m="51273,42547" machi="51" ten="50,9600,0" yaku="14,1,10,1,20,1" doraHai="103,75" who="2" fromWho="1" sc="213,0,205,-99,265,109,307,0" /><INIT seed="2,2,0,1,4,96" ten="213,106,374,307" oya="2" hai0="101,61,52,103,66,79,87,130,45,122,134,118,114" hai1="43,85,78,8,46,22,55,63,92,132,86,74,0" hai2="32,59,120,18,124,10,104,98,15,116,19,82,6" hai3="117,13,2,73,35,3,36,77,49,27,121,111,42"/><V119/><F120/><W28/><G13/><T106/><D114/><U90/><E132/><V91/><F32/><W14/><G14/><T54/><D122/><U72/><E22/><V40/><F124/><W4/><G49/><T41/><D106/><U70/><E86/><V126/><F126/><W84/><G84/><T56/><D130/><U99/><E78/><V75/><F40/><W71/><G121/><T107/><D107/><U17/><E85/><V115/><F115/><W20/><G20/><T38/><D118/><U97/><E97/><V26/><F26/><W80/><G111/><T125/><D134/><U7/><E17/><V5/><F59/><W30/><G30/><T112/><D112/><U48/><REACH who="1" step="1"/><E55/><REACH who="1" ten="213,96,374,307" step="2"/><V25/><F19/><W123/><G77/><T102/><REACH who="0" step="1"/><D125/><REACH who="0" ten="203,96,374,307" step="2"/><U9/><E9/><N who="2" m="4527" /><F119/><W21/><G117/><T93/><D93/><U65/><AGARI ba="2,2" hai="0,7,8,43,46,48,63,65,70,72,74,90,92,99" machi="65" ten="30,2000,0" yaku="1,1,0,1,53,0" doraHai="96" doraHaiUra="129" who="1" fromWho="1" sc="203,-7,96,46,374,-12,307,-7" /><INIT seed="3,0,0,2,1,50" ten="196,142,362,300" oya="3" hai0="5,76,26,39,79,123,7,64,87,66,41,40,30" hai1="17,109,92,107,102,124,116,71,58,131,47,115,100" hai2="61,72,65,22,20,77,6,28,51,94,21,42,33" hai3="122,111,97,63,13,90,86,9,27,99,121,112,34"/><W54/><G112/><T43/><D39/><U36/><E115/><V88/><F6/><N who="0" m="2058" /><D87/><U98/><E71/><V134/><F134/><W23/><G34/><T104/><D104/><U24/><E109/><V55/><F42/><W46/><G111/><T10/><D10/><U31/><E116/><V4/><F4/><N who="3" m="3239" /><G121/><T120/><D120/><U125/><E131/><V127/><F127/><W130/><G130/><T2/><D2/><U95/><E17/><V82/><F33/><W133/><G133/><T80/><D80/><U0/><E0/><V32/><F32/><W91/><G122/><T75/><D75/><U11/><E11/><V38/><F38/><W118/><G118/><T48/><D48/><U81/><E81/><V1/><F1/><W12/><G86/><T45/><D45/><U70/><E70/><V84/><F28/><N who="3" m="17535" /><G46/><T117/><D117/><U37/><E107/><V67/><REACH who="2" step="1"/><F61/><REACH who="2" ten="196,142,352,300" step="2"/><W93/><G63/><T78/><D123/><U110/><E110/><V15/><F15/><W68/><G12/><T113/><D113/><U135/><E135/><V96/><F96/><N who="3" m="36939" /><G68/><T69/><D69/><U53/><E37/><V129/><F129/><W105/><G105/><T35/><AGARI ba="0,1" hai="26,30,35,40,41,43,64,66,76,78,79" m="2058" machi="35" ten="40,2700,0" yaku="26,2" doraHai="50" who="0" fromWho="0" sc="196,37,142,-7,352,-7,300,-13" owari="233,-16.7,135,-36.5,345,44.5,287,8.7" /></mjloggm>