<mjloggm ver="2.3"><GO type="225" lobby="0"/><UN n0="%E6%B7%91%E5%A5%B3%E3%81%AE%E5%97%9C%E3%81%BF" n1="%E6%A0%B9%E5%85%83%E3%81%8B%E3%82%89%E5%90%B9%E3%81%A3%E9%A3%9B%E3%81%B6" n2="%E6%A1%9C%E8%8A%B1%E9%96%83%E3%80%85" n3="%E3%81%99%E3%81%84%E3%81%BE%E3%81%9B%E3%83%BC%E3%82%93" dan="16,17,16,18" rate="2131.61,2110.34,2115.95,2179.19" sx="M,F,M,M"/><TAIKYOKU oya="0"/><INIT seed="0,0,0,0,3,133" ten="250,250,250,250" oya="0" hai0="24,64,104,107,16,11,8,26,12,3,75,72,93" hai1="18,82,88,29,25,78,101,53,105,100,49,30,60" hai2="109,114,99,0,106,98,17,68,1,10,15,21,102" hai3="36,45,87,94,9,79,65,22,81,115,43,51,116"/><T135/><BYE who="2" /><D135/><U32/><E30/><V20/><F20/><W63/><G115/><UN n2="%E6%A1%9C%E8%8A%B1%E9%96%83%E3%80%85" /><T19/><D64/><U117/><E117/><V118/><F114/><W111/><G116/><T92/><REACH who="0" step="1"/><D12/><REACH who="0" ten="240,250,250,250" step="2"/><U84/><E105/><V119/><F118/><W35/><G65/><T41/><D41/><U130/><E130/><V70/><F119/><W83/><G43/><T14/><D14/><U27/><E60/><V42/><F42/><W89/><G63/><T23/><D23/><U38/><E38/><V120/><F21/><W7/><G22/><T90/><D90/><U126/><E27/><V62/><F62/><W113/><G89/><T125/><D125/><U129/><E126/><V6/><F1/><AGARI ba="0,1" hai="1,3,8,11,16,19,24,26,72,75,92,93,104,107" machi="1" ten="25,9600,0" yaku="1,1,22,2,54,1,53,0" doraHai="133" doraHaiUra="131" who="0" fromWho="2" sc="240,106,250,0,250,-96,250,0" /><INIT seed="0,1,0,1,1,99" ten="346,250,154,250" oya="0" hai0="43,69,37,100,125,120,72,105,53,35,66,127,79" hai1="112,21,130,94,44,19,107,49,47,98,104,77,91" hai2="51,62,116,12,121,60,45,39,42,31,58,5,24" hai3="129,40,114,92,133,1,90,84,126,73,61,18,76"/><T56/><D120/><U89/><E130/><V102/><F121/><W119/><G114/><T63/><D35/><U85/><E112/><V41/><F116/><W50/><G119/><T6/><D6/><U38/><E38/><V93/><F42/><W95/><G1/><T134/><D134/><U13/><E47/><V113/><F113/><W25/><G129/><T101/><D79/><U0/><E0/><V68/><F68/><W74/><G133/><T75/><D43/><U81/><REACH who="1" step="1"/><E91/><REACH who="1" ten="346,240,154,250" step="2"/><V48/><F39/><W96/><G90/><T33/><D37/><U27/><E27/><V108/><F24/><W117/><G25/><T32/><D32/><U83/><E83/><V54/><F108/><W109/><G109/><T4/><D33/><U55/><AGARI ba="1,1" hai="13,19,21,44,49,55,77,81,85,89,94,98,104,107" machi="55" ten="20,5200,0" yaku="1,1,0,1,7,1,53,1" doraHai="99" doraHaiUra="10" who="1" fromWho="1" sc="346,-27,240,65,154,-14,250,-14" /><INIT seed="1,0,0,5,5,18" ten="319,305,140,236" oya="1" hai0="55,87,125,27,116,122,131,111,14,64,89,60,123" hai1="38,73,85,65,119,2,102,67,1,61,105,37,19" hai2="78,91,132,59,24,41,10,56,0,98,52,26,70" hai3="82,21,5,57,22,71,74,16,45,117,6,83,124"/><U128/><E119/><V133/><F70/><W75/><G71/><T23/><D116/><U30/><E128/><V118/><F118/><W129/><G117/><T103/><D131/><U112/><E112/><V90/><F41/><W3/><G129/><T84/><D111/><U35/><E85/><V17/><F78/><W33/><G33/><T72/><D72/><U44/><E19/><V25/><F59/><W12/><G124/><T7/><D103/><U32/><E73/><V95/><F91/><W36/><G57/><T13/><D55/><U93/><E93/><V92/><F92/><W39/><G16/><N who="0" m="12775" /><D84/><U121/><E121/><N who="0" m="46089" /><D7/><U135/><E67/><V130/><F130/><W113/><G113/><T109/><D109/><U126/><E126/><V53/><F53/><W110/><G110/><T99/><D99/><N who="1" m="61663" /><E135/><V79/><F79/><W114/><G114/><T134/><D134/><U97/><E97/><V120/><F120/><W77/><G77/><T42/><D42/><N who="1" m="22607" /><E38/><V54/><F54/><W96/><G96/><T101/><D101/><U46/><E46/><V9/><F133/><W81/><G45/><T28/><D28/><U100/><E100/><V51/><F132/><W20/><G75/><T104/><D104/><U15/><E15/><V80/><F17/><W4/><G74/><T43/><D125/><U31/><E31/><V47/><F47/><W68/><G12/><N who="0" m="4715" /><D43/><U11/><E11/><V76/><REACH who="2" step="1"/><F0/><REACH who="2" ten="319,305,130,236" step="2"/><N who="1" m="105" /><E30/><V127/><F127/><W48/><G3/><T63/><D64/><U115/><E115/><V40/><F40/><W66/><G39/><T50/><D50/><RYUUKYOKU ba="0,1" sc="319,10,305,10,130,10,236,-30" hai0="60,63,87,89" hai1="32,35,61,65" hai2="9,10,24,25,26,51,52,56,76,80,90,95,98" /><INIT seed="1,1,1,2,4,111" ten="329,315,140,206" oya="1" hai0="30,69,3,94,118,107,125,61,8,63,46,44,9" hai1="92,91,134,93,22,21,74,52,27,48,49,32,88" hai2="50,97,79,89,23,2,45,5,0,31,72,110,14" hai3="15,128,29,51,19,6,108,115,11,96,130,13,85"/><U126/><E74/><V95/><F110/><W78/><G108/><T100/><D118/><U39/><E39/><V70/><F70/><W34/><G115/><T131/><D107/><U80/><E134/><V65/><F65/><W37/><G37/><T84/><D131/><N who="3" m="50217" /><G96/><T102/><D30/><U87/><E126/><V123/><F123/><W7/><G51/><T60/><D125/><U20/><E49/><V77/><F72/><W56/><G56/><T66/><D3/><U4/><E4/><V12/><F2/><W16/><G85/><T103/><D69/><U68/><E68/><V81/><F0/><W127/><G78/><N who="2" m="29705" /><F81/><W25/><G127/><T40/><D66/><U109/><E32/><V62/><F62/><W120/><G120/><T99/><D84/><N who="1" m="52231" /><E109/><V1/><F1/><W90/><G90/><N who="0" m="55767" /><D40/><U43/><E43/><N who="2" m="24895" /><F5/><W114/><G114/><T59/><D59/><N who="1" m="33159" /><E80/><V24/><AGARI ba="1,1" hai="12,14,23,24,31,89,95,97" m="24895,29705" machi="24" ten="30,1100,0" yaku="8,1" doraHai="111" who="2" fromWho="2" sc="329,-4,315,-6,140,24,206,-4" /><INIT seed="2,0,0,3,3,4" ten="325,309,164,202" oya="2" hai0="77,123,12,116,120,74,19,68,25,22,21,75,84" hai1="45,33,59,85,20,107,102,90,48,129,73,28,49" hai2="133,40,43,32,93,92,89,88,121,31,114,39,122" hai3="69,78,38,60,56,11,52,17,105,79,47,55,99"/><V41/><F114/><W96/><G69/><T110/><D68/><U131/><E73/><V57/><F39/><W103/><G99/><T111/><D116/><U62/><E33/><V3/><F3/><W128/><G128/><N who="1" m="49226" /><E107/><V115/><F115/><W134/><G134/><T14/><D84/><U8/><E102/><V23/><F32/><W9/><G17/><N who="0" m="10407" /><D77/><U51/><E8/><V119/><F119/><W101/><G103/><T61/><D61/><U98/><E98/><N who="2" m="57607" /><F122/><N who="0" m="46634" /><D25/><N who="1" m="16423" /><E62/><V35/><F121/><W91/><G91/><T124/><D124/><U7/><E7/><V108/><F133/><W36/><G36/><T70/><D70/><U135/><E135/><V6/><F6/><W94/><G105/><T126/><D126/><U127/><E127/><V67/><F89/><W24/><G24/><T117/><D117/><U18/><E59/><V16/><F57/><W66/><G38/><T27/><D27/><U100/><E100/><V54/><F67/><W50/><G66/><T58/><D58/><U15/><E45/><V86/><F86/><W44/><G47/><T64/><D64/><U130/><E130/><V34/><F93/><W76/><AGARI ba="0,0" hai="9,11,44,50,52,55,56,60,76,78,79,94,96,101" machi="76" ten="30,8000,1" yaku="0,1,8,1,52,2,54,1" doraHai="4" who="3" fromWho="3" sc="325,-20,309,-20,164,-40,202,80" /><INIT seed="3,0,0,0,5,20" ten="305,289,124,282" oya="3" hai0="89,62,53,123,116,69,11,78,38,130,110,80,135" hai1="92,5,51,49,133,70,30,102,132,56,25,54,7" hai2="76,109,40,32,10,87,15,52,77,111,84,22,104" hai3="71,98,117,73,12,115,14,61,48,100,106,108,72"/><W60/><G115/><T23/><D116/><U0/><E70/><V86/><F32/><W64/><G117/><T129/><D123/><U105/><E105/><V27/><F104/><W107/><G107/><T46/><D110/><U63/><E102/><V41/><F109/><W88/><G108/><T127/><D127/><U83/><E92/><V81/><F111/><W6/><G60/><T75/><D135/><N who="1" m="51787" /><E83/><V21/><F21/><W99/><G48/><N who="1" m="18506" /><E0/><V33/><F33/><AGARI ba="0,0" hai="5,7,25,30,33,54,56,63" m="18506,51787" machi="33" ten="30,2000,0" yaku="20,1,52,1" doraHai="20" who="1" fromWho="2" sc="305,0,289,20,124,-20,282,0" owari="305,10.5,309,40.9,104,-39.6,282,-11.8" /></mjloggm>