<mjloggm ver="2.3"><GO type="225" lobby="0"/><UN n0="%EF%BC%9D%E4%BC%8A%E8%97%A4%E3%81%8B%E3%81%AA%E6%81%B5%EF%BC%9D" n1="%E7%B4%94%E6%BD%94%E3%83%94%E3%83%A9%E3%83%8B%E3%82%A2" n2="%E3%82%BC%E3%83%AB%E3%83%80%E3%81%AE%E4%BC%9D%E8%AA%AC" n3="%72%61%6B%33" dan="16,17,17,16" rate="2076.33,2212.88,2138.85,2113.33" sx="F,M,M,M"/><TAIKYOKU oya="0"/><INIT seed="0,0,0,3,0,48" ten="250,250,250,250" oya="0" hai0="57,81,46,84,100,96,106,72,58,86,67,108,18" hai1="92,118,74,9,21,68,16,43,70,64,37,36,35" hai2="85,109,55,53,49,17,34,104,13,56,99,114,134" hai3="101,44,0,90,78,23,63,133,66,126,98,125,50"/><T107/><D107/><U111/><E35/><V129/><F114/><W22/><G0/><T128/><D128/><U122/><E74/><V61/><F34/><W52/><G90/><T130/><D130/><U19/><E92/><V115/><F115/><W32/><G78/><T102/><D102/><U121/><E21/><V28/><F129/><W135/><G32/><T12/><D108/><U124/><E64/><V73/><F73/><W20/><G98/><T24/><D24/><U39/><E43/><V105/><F28/><W47/><G47/><T89/><D72/><U69/><E9/><V27/><F109/><W11/><G11/><T94/><D46/><U120/><E111/><V91/><F134/><N who="3" m="51211" /><G101/><T59/><D67/><U82/><E82/><V65/><F27/><W97/><G97/><T7/><D7/><U3/><E3/><V119/><F119/><W8/><G8/><T88/><REACH who="0" step="1"/><D57/><AGARI ba="0,0" hai="20,22,23,44,50,52,57,63,66,125,126" m="51211" machi="57" ten="30,3900,0" yaku="20,1,52,1,54,1" doraHai="48" who="3" fromWho="0" sc="250,-39,250,0,250,0,250,39" /><INIT seed="1,0,0,0,4,40" ten="211,250,250,289" oya="1" hai0="54,104,34,74,45,95,49,60,55,84,86,106,107" hai1="75,66,133,85,65,102,16,63,48,77,68,116,62" hai2="31,32,114,83,0,109,44,9,125,72,57,76,27" hai3="61,119,113,47,135,18,73,110,93,130,11,96,105"/><U115/><E116/><V6/><F109/><W14/><G113/><T67/><D74/><U69/><E115/><V120/><F114/><W108/><G73/><T123/><D123/><U90/><E133/><V28/><F125/><W70/><G105/><T126/><D126/><U97/><E75/><V7/><F120/><W79/><G79/><T15/><D34/><U52/><E77/><V39/><F31/><W94/><G135/><T122/><D122/><U58/><E16/><V17/><F57/><W10/><G130/><T29/><D29/><U127/><E127/><V12/><REACH who="2" step="1"/><F0/><REACH who="2" ten="211,250,240,289" step="2"/><W100/><G110/><T81/><D81/><U26/><E26/><V2/><F2/><W25/><G25/><T112/><D112/><U56/><E56/><V117/><F117/><W98/><G108/><T134/><D134/><U71/><E68/><V129/><F129/><W21/><G119/><T13/><D13/><U80/><E102/><V1/><F1/><W20/><G70/><T131/><D131/><U37/><E97/><V19/><F19/><W82/><G18/><T132/><D132/><U78/><E78/><V124/><F124/><W43/><G14/><T92/><D15/><U4/><E4/><V51/><F51/><W87/><G100/><T64/><D84/><U121/><E121/><V23/><F23/><W8/><G20/><T53/><D86/><U38/><AGARI ba="0,1" hai="37,38,48,52,58,62,63,65,66,69,71,80,85,90" machi="38" ten="30,6000,0" yaku="0,1,9,1,54,1" doraHai="40" who="1" fromWho="1" sc="211,-20,250,70,240,-20,289,-20" /><INIT seed="1,1,0,2,2,91" ten="191,320,220,269" oya="1" hai0="98,1,73,54,45,28,53,38,15,86,27,72,131" hai1="7,135,111,134,110,20,4,119,5,18,102,112,84" hai2="52,17,92,23,126,117,133,55,26,21,14,128,93" hai3="121,57,16,19,129,101,95,97,94,79,35,6,113"/><U43/><E43/><V25/><F117/><W63/><G121/><T127/><D1/><U104/><E119/><V56/><F126/><W124/><G113/><T85/><D127/><U33/><E112/><V103/><F133/><N who="1" m="50697" /><E84/><V125/><F125/><W2/><G124/><T81/><D131/><U13/><E102/><V123/><F123/><W60/><G129/><T48/><D38/><U40/><E40/><V44/><F128/><W61/><G35/><T65/><D65/><U70/><E104/><V76/><F76/><W47/><G79/><T87/><D81/><U0/><E70/><V67/><F103/><W107/><G57/><T29/><D29/><U59/><E59/><V42/><F67/><W46/><G6/><N who="1" m="2666" /><E33/><V105/><F105/><W51/><G2/><T75/><D98/><U9/><AGARI ba="1,0" hai="0,7,9,13,18,20,110,111" m="2666,50697" machi="9" ten="40,7800,0" yaku="20,1,34,2" doraHai="91" who="1" fromWho="1" sc="191,-27,320,81,220,-27,269,-27" /><INIT seed="1,2,0,0,5,134" ten="164,401,193,242" oya="1" hai0="103,93,111,35,91,67,90,65,73,68,105,50,104" hai1="18,53,66,7,109,11,107,131,125,47,83,31,56" hai2="121,124,23,85,38,27,6,15,114,75,2,49,52" hai3="0,132,17,5,16,30,54,108,34,84,130,82,81"/><U70/><E107/><V86/><F121/><W101/><G132/><T100/><D35/><U76/><E131/><V126/><F38/><W113/><G113/><T99/><D50/><U71/><E31/><V97/><F75/><W78/><G130/><T58/><D58/><U133/><E133/><V48/><F2/><W80/><G108/><T63/><D67/><U24/><E24/><V4/><F114/><W62/><G101/><T72/><D111/><U88/><E18/><N who="2" m="12791" /><F97/><W25/><G0/><T89/><REACH who="0" step="1"/><D93/><REACH who="0" ten="154,401,193,242" step="2"/><U119/><E109/><V122/><F122/><W36/><G34/><T37/><D37/><U110/><E110/><V33/><F33/><W9/><G36/><T61/><D61/><U3/><E56/><N who="2" m="32775" /><F49/><W42/><G62/><T79/><D79/><U43/><E76/><V118/><F118/><W12/><G78/><T127/><D127/><N who="2" m="48682" /><F4/><W98/><G5/><T51/><D51/><U44/><E7/><V96/><F96/><AGARI ba="2,1" hai="63,65,68,72,73,89,90,91,96,99,100,103,104,105" machi="96" ten="40,2600,0" yaku="1,1,9,1,53,0" doraHai="134" doraHaiUra="29" who="0" fromWho="2" sc="154,42,401,0,193,-32,242,0" /><INIT seed="2,0,0,4,2,7" ten="196,401,161,242" oya="2" hai0="1,97,126,94,87,47,39,134,22,3,6,90,83" hai1="4,84,50,124,21,103,20,102,81,37,12,43,111" hai2="52,86,70,19,78,60,64,63,67,54,113,33,31" hai3="129,71,93,8,85,72,68,40,133,36,108,73,65"/><V53/><F113/><W26/><G108/><T130/><D130/><U49/><E37/><V58/><F19/><W135/><G129/><T91/><D134/><U122/><E122/><V15/><F15/><W132/><G26/><T29/><D126/><U42/><E124/><V0/><F0/><W56/><G56/><T2/><D39/><U45/><E111/><V11/><F11/><W96/><G85/><T34/><D47/><N who="1" m="25847" /><E4/><V89/><F78/><W131/><G131/><T28/><D34/><U9/><E9/><V117/><F117/><W125/><G125/><T48/><D6/><U10/><E10/><V95/><REACH who="2" step="1"/><F33/><REACH who="2" ten="196,401,151,242" step="2"/><W24/><G8/><T41/><D3/><U18/><E20/><V57/><F57/><W38/><G135/><T30/><D22/><U55/><E43/><V128/><F128/><W114/><G40/><T79/><D79/><AGARI ba="0,1" hai="12,18,21,45,50,55,79,81,84,102,103" m="25847" machi="79" ten="30,1000,0" yaku="8,1" doraHai="7" who="1" fromWho="0" sc="196,-10,401,20,151,0,242,0" /><INIT seed="3,0,0,2,0,10" ten="186,421,151,242" oya="3" hai0="119,33,127,104,125,97,82,124,63,100,28,67,0" hai1="114,71,109,56,46,1,83,3,42,129,74,2,68" hai2="43,4,14,58,32,78,79,122,101,41,48,5,76" hai3="38,121,112,21,19,105,61,64,106,108,91,85,47"/><W131/><G112/><T132/><D132/><U128/><E56/><V89/><F32/><W22/><G121/><T66/><D119/><U94/><E94/><V50/><F122/><W29/><G131/><N who="1" m="50250" /><E109/><V51/><F101/><W13/><G108/><T90/><D0/><U7/><E7/><N who="2" m="2635" /><F58/><W80/><G29/><T60/><D28/><U102/><E102/><V11/><F89/><W30/><G22/><T111/><D33/><U88/><E114/><V16/><AGARI ba="0,0" hai="11,14,16,41,43,48,50,51,76,78,79" m="2635" machi="16" ten="40,5200,0" yaku="8,1,52,1,54,1" doraHai="10" who="2" fromWho="2" sc="186,-13,421,-13,151,52,242,-26" owari="173,-32.7,408,50.8,203,-19.7,216,1.6" /></mjloggm>