<mjloggm ver="2.3"><GO type="225" lobby="0"/><UN n0="%E3%82%BC%E3%83%AB%E3%83%80%E3%81%AE%E4%BC%9D%E8%AA%AC" n1="%72%69%6F%75%63%68%61%6E" n2="%E3%81%8A%E3%81%AB%E3%82%83%E3%81%8A%E3%81%A1%E3%82%83" n3="%E3%83%9D%E3%83%B3%E3%83%9D%E3%82%B3%E5%95%86%E4%BA%8B" dan="17,16,16,16" rate="2119.19,2124.91,2097.74,2156.50" sx="M,M,M,M"/><TAIKYOKU oya="0"/><INIT seed="0,0,0,1,3,43" ten="250,250,250,250" oya="0" hai0="97,6,134,15,32,128,59,72,107,94,85,129,8" hai1="33,133,88,117,95,130,13,19,67,5,38,127,74" hai2="29,124,34,114,41,17,27,28,115,31,80,53,84" hai3="23,98,56,112,25,36,63,100,90,75,125,123,61"/><T40/><D72/><U120/><E117/><V91/><F124/><W87/><G75/><T69/><D69/><U30/><E120/><V132/><F132/><W121/><G112/><T46/><D134/><U35/><E133/><V103/><F103/><W9/><G9/><T55/><D32/><U86/><E127/><V111/><F111/><W70/><G70/><T12/><D85/><U109/><E109/><V14/><F41/><W0/><G0/><T48/><D107/><U3/><E130/><V18/><F18/><W73/><G73/><T44/><D15/><U47/><E74/><V24/><F34/><W11/><G11/><T99/><D99/><U42/><E30/><V54/><F115/><W83/><G36/><T45/><REACH who="0" step="1"/><D40/><REACH who="0" ten="240,250,250,250" step="2"/><U10/><REACH who="1" step="1"/><E67/><REACH who="1" ten="240,240,250,250" step="2"/><V89/><F114/><W57/><G125/><T66/><D66/><U116/><E116/><V52/><REACH who="2" step="1"/><F89/><AGARI ba="0,2" hai="6,8,12,44,45,46,48,55,59,89,94,97,128,129" machi="89" ten="40,12000,1" yaku="1,1,52,3,53,0" doraHai="43" doraHaiUra="110" who="0" fromWho="2" sc="240,140,240,0,250,-120,250,0" /><INIT seed="0,1,0,3,4,53" ten="380,240,130,250" oya="0" hai0="41,82,116,106,33,122,45,131,67,123,84,58,101" hai1="36,89,68,78,39,30,43,46,132,98,120,34,1" hai2="90,73,48,102,74,22,55,72,21,107,112,97,23" hai3="2,18,62,15,3,51,133,87,10,50,135,42,13"/><T66/><D33/><U121/><E132/><N who="3" m="50762" /><G62/><T86/><D116/><U44/><E68/><V38/><F38/><W24/><G24/><T47/><D131/><U64/><E1/><V76/><F112/><W96/><G96/><T57/><D82/><U12/><E64/><V81/><REACH who="2" step="1"/><F90/><REACH who="2" ten="380,240,120,250" step="2"/><W85/><G13/><T54/><D123/><U118/><E89/><V16/><F16/><W93/><G3/><T71/><D122/><U17/><E36/><V124/><F124/><W29/><G2/><T109/><D109/><U32/><E39/><V117/><F117/><W79/><G29/><T75/><D71/><U14/><E30/><V91/><F91/><N who="3" m="53487" /><G42/><T27/><D41/><U65/><E43/><V26/><F26/><W104/><G104/><T59/><D27/><U94/><E118/><V56/><AGARI ba="1,1" hai="21,22,23,48,55,56,72,73,74,76,81,97,102,107" machi="56" ten="30,4000,0" yaku="1,1,0,1,52,1,53,0" doraHai="53" doraHaiUra="0" who="2" fromWho="2" sc="380,-21,240,-11,120,53,250,-11" /><INIT seed="1,0,0,0,0,35" ten="359,229,173,239" oya="1" hai0="56,0,8,101,66,25,95,11,93,63,73,107,33" hai1="131,100,15,126,54,6,1,115,47,104,49,121,130" hai2="5,21,81,117,84,42,55,111,18,36,123,134,72" hai3="69,61,92,87,82,89,120,99,43,2,77,10,7"/><U31/><E115/><V102/><F117/><W103/><G120/><T127/><D73/><U97/><E126/><V37/><F123/><W85/><G43/><T62/><D127/><U4/><E121/><V108/><F5/><W91/><G69/><N who="0" m="42199" /><D11/><U52/><E31/><V34/><F34/><W46/><G46/><T135/><D8/><N who="1" m="2063" /><E15/><V16/><F72/><W94/><G61/><T129/><D0/><U76/><E76/><V80/><F102/><W44/><G44/><T38/><D38/><N who="2" m="14954" /><F42/><W51/><G51/><T125/><D125/><U116/><E6/><V64/><F64/><W114/><REACH who="3" step="1"/><G77/><REACH who="3" ten="359,229,173,229" step="2"/><T19/><D63/><U90/><E116/><V32/><F55/><W112/><AGARI ba="0,1" hai="2,7,10,82,85,87,89,91,92,94,99,103,112,114" machi="112" ten="30,7900,0" yaku="1,1,2,1,0,1,52,1,53,0" doraHai="35" doraHaiUra="71" who="3" fromWho="3" sc="359,-20,229,-39,173,-20,229,89" /><INIT seed="2,0,0,0,5,11" ten="339,190,153,318" oya="2" hai0="30,125,62,36,12,38,51,54,23,66,18,67,97" hai1="1,117,119,15,63,40,133,21,33,126,123,78,43" hai2="7,110,8,118,55,92,128,60,82,81,131,93,39" hai3="135,108,127,89,57,132,83,77,64,74,42,124,41"/><V107/><F107/><W71/><G108/><T73/><D73/><U85/><E33/><V80/><F118/><W114/><G71/><T34/><D125/><N who="3" m="48201" /><G114/><T96/><D38/><U9/><E126/><V28/><F39/><W91/><G64/><T65/><D36/><U129/><E1/><V32/><F110/><W49/><G57/><T22/><D62/><U27/><E129/><N who="2" m="49739" /><F60/><W99/><G49/><T31/><D34/><U75/><E133/><N who="3" m="51274" /><G99/><N who="0" m="37963" /><D22/><U106/><E119/><V44/><F55/><W101/><G101/><T105/><D105/><U25/><E117/><V14/><F44/><AGARI ba="0,0" hai="12,18,23,30,31,44,51,54,65,66,67" m="37963" machi="44" ten="30,2000,0" yaku="8,1,52,1" doraHai="11" who="0" fromWho="2" sc="339,20,190,0,153,-20,318,0" /><INIT seed="3,0,0,2,4,15" ten="359,190,133,318" oya="3" hai0="54,2,59,75,18,30,93,10,41,134,51,77,120" hai1="36,133,33,72,35,97,12,127,5,55,125,40,66" hai2="115,38,34,4,22,42,123,98,53,101,31,73,70" hai3="81,130,29,20,57,27,112,65,7,47,69,116,113"/><W8/><G116/><T74/><D120/><U121/><E121/><V86/><F123/><W43/><G69/><T62/><D30/><U110/><E110/><V63/><F115/><W13/><G130/><T21/><D77/><U99/><E72/><V94/><F73/><W102/><G102/><T1/><D1/><U90/><E133/><V108/><F108/><W32/><G81/><T100/><D134/><U129/><E129/><V111/><F111/><W85/><G85/><T122/><D122/><U117/><E117/><V91/><F4/><W16/><G57/><T39/><D39/><U52/><E66/><V89/><F89/><W79/><G65/><T17/><D17/><U49/><E36/><V105/><F38/><N who="3" m="22007" /><G79/><T126/><D100/><U104/><E40/><V14/><F42/><W114/><G114/><T64/><D93/><U23/><E90/><V84/><F84/><W95/><G95/><T132/><D132/><U60/><E104/><V124/><F124/><N who="1" m="47689" /><E60/><V83/><F34/><N who="1" m="12809" /><E23/><V67/><F53/><N who="1" m="20553" /><E49/><V50/><F50/><W48/><G48/><T88/><D126/><U37/><E37/><V45/><F45/><W92/><G92/><T82/><D41/><U58/><E58/><V106/><REACH who="2" step="1"/><F31/><REACH who="2" ten="359,190,123,318" step="2"/><W71/><G71/><T3/><D75/><U26/><E5/><V96/><F96/><W6/><G6/><T135/><D74/><U109/><E109/><V76/><F76/><W11/><G11/><T24/><D10/><U78/><E78/><V0/><F0/><AGARI ba="0,1" hai="0,7,8,13,16,20,27,29,32,112,113" m="22007" machi="0" ten="30,5800,0" yaku="24,1,52,1,54,1" doraHai="15" who="3" fromWho="2" sc="359,0,190,0,123,-58,318,68" owari="359,15.9,190,-21.0,65,-43.5,386,48.6" /></mjloggm>