<mjloggm ver="2.3"><GO type="225" lobby="0"/><UN n0="%E3%81%AF%E3%82%88%E3%81%8A%E3%81%98%E3%81%95%E3%82%93" n1="%E3%81%99%E3%81%84%E3%81%BE%E3%81%9B%E3%83%BC%E3%82%93" n2="%E5%A4%8F%E9%88%B4%E9%88%B4%E5%A4%8F" n3="%43%68%65" dan="17,18,16,16" rate="2147.86,2215.62,2132.70,2127.14" sx="M,M,F,M"/><TAIKYOKU oya="0"/><INIT seed="0,0,0,0,1,114" ten="250,250,250,250" oya="0" hai0="109,67,83,8,44,125,46,127,79,50,81,10,63" hai1="18,27,42,62,47,71,7,54,91,93,34,106,4" hai2="78,51,123,49,15,58,94,20,74,60,0,11,5" hai3="32,135,21,68,75,103,113,120,72,87,40,35,1"/><T59/><D109/><U96/><E106/><V102/><F123/><W88/><G113/><T82/><D79/><U117/><E117/><V37/><F37/><W31/><G68/><T43/><REACH who="0" step="1"/><D46/><REACH who="0" ten="240,250,250,250" step="2"/><U39/><E47/><V84/><F74/><W61/><G75/><T116/><D116/><U55/><E39/><V66/><F78/><W85/><G72/><T53/><D53/><U112/><E54/><V19/><REACH who="2" step="1"/><F84/><REACH who="2" ten="240,250,240,250" step="2"/><W13/><G87/><T70/><D70/><U90/><E71/><V104/><F104/><W89/><G85/><T69/><D69/><U29/><E112/><V133/><F133/><W77/><G135/><T110/><D110/><U108/><E108/><V131/><F131/><W73/><G77/><T16/><D16/><U41/><E18/><V64/><F64/><W22/><G73/><T33/><D33/><U134/><E34/><V86/><F86/><W95/><G35/><T38/><D38/><U126/><E134/><V128/><F128/><W101/><G32/><T115/><D115/><U105/><E105/><V121/><F121/><W36/><G36/><T45/><D45/><U28/><E28/><V99/><AGARI ba="0,2" hai="0,5,11,15,19,20,49,51,58,60,66,94,99,102" machi="99" ten="30,2000,0" yaku="1,1,0,1,53,0" doraHai="114" doraHaiUra="100" who="2" fromWho="2" sc="240,-10,250,-5,240,40,250,-5" /><INIT seed="1,0,0,3,5,131" ten="230,245,280,245" oya="1" hai0="100,51,31,101,72,90,99,111,97,94,105,47,35" hai1="124,79,112,118,93,73,135,23,29,63,80,67,103" hai2="22,92,20,126,15,66,50,14,82,18,13,28,78" hai3="116,87,61,134,56,9,6,49,77,55,52,130,53"/><U123/><E112/><V132/><F126/><W17/><G130/><T106/><D111/><U41/><E118/><V70/><F132/><W19/><G116/><T121/><D121/><U33/><E123/><V110/><F110/><W83/><G134/><T75/><D31/><U117/><E117/><V44/><F92/><W122/><G122/><T127/><D35/><U57/><E124/><V58/><F70/><W24/><G24/><T119/><D127/><U1/><E1/><V88/><F88/><W62/><G62/><T30/><D30/><U27/><E41/><N who="2" m="24847" /><F82/><W98/><G98/><T4/><D4/><U5/><E5/><V64/><F78/><W81/><G81/><T68/><D68/><U8/><E8/><V89/><F89/><W91/><G77/><T128/><D128/><U11/><E11/><V36/><F36/><W96/><G96/><T69/><D69/><U85/><E135/><V129/><F66/><W34/><G34/><T125/><D119/><U109/><E109/><V26/><F129/><W25/><G25/><T2/><D2/><U102/><E33/><V133/><F133/><W48/><G61/><AGARI ba="0,0" hai="13,14,15,18,20,22,26,28,58,61,64" m="24847" machi="61" ten="30,1000,0" yaku="8,1" doraHai="131" who="2" fromWho="3" sc="230,0,245,0,280,10,245,-10" /><INIT seed="2,0,0,3,4,57" ten="230,245,290,235" oya="2" hai0="3,127,34,120,99,16,8,90,61,89,40,128,84" hai1="44,19,105,121,125,107,134,66,55,6,131,130,12" hai2="118,73,30,24,48,94,124,33,71,2,64,112,75" hai3="103,9,58,49,96,98,133,116,39,37,35,46,62"/><V104/><F104/><W83/><G116/><T72/><D72/><U77/><E125/><V41/><F118/><W29/><G133/><T100/><D34/><U54/><E134/><V67/><F112/><W101/><G83/><T42/><D120/><U69/><E6/><V50/><F2/><W0/><G0/><T18/><D127/><U45/><E77/><V59/><F71/><W36/><G9/><T23/><D128/><U115/><E115/><V4/><F4/><W81/><G81/><T52/><D3/><U109/><E109/><V70/><F70/><W87/><G87/><T15/><D100/><U11/><E121/><V25/><F25/><W53/><G29/><T135/><D135/><U95/><E95/><V82/><F82/><W91/><G35/><T31/><D99/><U27/><E27/><V22/><F22/><W60/><G91/><N who="0" m="34827" /><D31/><U102/><E102/><V132/><F75/><W108/><G108/><T38/><D38/><U122/><E122/><V78/><F124/><W56/><G103/><T5/><D84/><U93/><E93/><V123/><F94/><W119/><G119/><T86/><D86/><U85/><E85/><V32/><F132/><W79/><G79/><T13/><D5/><U28/><E28/><V14/><F123/><W92/><REACH who="3" step="1"/><G98/><REACH who="3" ten="230,245,290,225" step="2"/><T129/><D129/><U106/><E131/><V51/><F78/><W26/><G26/><T97/><D97/><U76/><E76/><V65/><F73/><W88/><G88/><T10/><D8/><U113/><E130/><V74/><F74/><W47/><G47/><N who="1" m="17994" /><E113/><V126/><F126/><RYUUKYOKU ba="0,1" sc="230,10,245,10,290,-30,225,10" hai0="10,13,15,16,18,23,40,42,52,61" hai1="11,12,19,54,55,66,69,105,106,107" hai3="36,37,39,46,49,53,56,58,60,62,92,96,101" /><INIT seed="3,1,1,4,0,108" ten="240,255,260,235" oya="3" hai0="88,63,87,92,131,3,61,15,25,122,51,32,58" hai1="104,31,55,53,73,42,129,22,75,74,89,4,90" hai2="39,80,45,130,125,26,9,33,62,119,28,120,7" hai3="84,83,105,93,99,94,36,78,86,134,81,77,65"/><W60/><G36/><T2/><D122/><U67/><E104/><V113/><F119/><W56/><REACH who="3" step="1"/><G134/><REACH who="3" ten="240,255,260,225" step="2"/><T132/><D132/><U59/><E129/><V121/><F39/><W117/><G117/><T10/><D131/><U54/><E75/><V23/><F130/><W128/><G128/><T48/><D2/><U19/><E74/><V98/><F121/><W82/><G82/><T123/><D3/><U114/><E73/><V64/><F80/><W72/><G72/><T57/><D123/><U127/><E127/><V133/><F125/><W12/><G12/><T29/><D15/><U35/><E114/><V6/><F133/><W118/><G118/><T0/><D0/><U124/><E124/><V5/><F113/><W101/><AGARI ba="1,2" hai="56,60,65,77,78,81,83,84,86,93,94,99,101,105" machi="101" ten="30,6000,0" yaku="1,1,0,1,9,1,53,0" doraHai="108" doraHaiUra="21" who="3" fromWho="3" sc="240,-21,255,-21,260,-21,225,83" owari="219,-28.1,234,-16.6,239,3.9,308,40.8" /></mjloggm>