<mjloggm ver="2.3"><GO type="225" lobby="0"/><UN n0="%E3%83%A9%E3%82%B9%E7%8E%87%EF%BC%93%E5%89%B2" n1="%E3%83%A9%E3%83%BC%E3%83%A1%E3%83%B3%E4%BA%94%E9%83%8E" n2="%E3%83%96%E3%83%83%E3%83%91%E3%82%AA%E3%83%96%E3%83%81%E3%82%AD%E3%83%B3" n3="%E3%81%A4%E3%81%A3%E3%81%B1%E3%82%8A%E3%83%9D%E3%83%BC%E3%83%AB" dan="17,16,16,17" rate="2191.95,2167.34,2125.31,2270.25" sx="F,M,M,M"/><TAIKYOKU oya="0"/><INIT seed="0,0,0,2,2,85" ten="250,250,250,250" oya="0" hai0="6,26,126,46,92,25,7,44,30,108,94,90,96" hai1="74,12,1,64,9,3,127,5,24,112,120,77,18" hai2="83,8,128,101,117,133,116,88,28,62,20,124,15" hai3="0,115,51,57,49,2,135,89,130,110,48,67,4"/><T29/><D126/><U52/><E64/><V16/><F124/><W69/><G115/><T118/><D108/><U107/><E127/><V109/><F109/><W87/><G110/><T50/><D118/><N who="2" m="45674" /><F128/><W19/><G130/><T53/><D46/><U66/><E66/><V125/><F125/><W111/><G111/><T114/><D114/><U23/><E107/><V79/><F133/><W22/><G135/><T21/><REACH who="0" step="1"/><D94/><REACH who="0" ten="240,250,250,250" step="2"/><U106/><E112/><V38/><F101/><W75/><G69/><T121/><D121/><U68/><E120/><V60/><F38/><W37/><G37/><T84/><D84/><U10/><E68/><V105/><F105/><W27/><G75/><T47/><D47/><U42/><E106/><V93/><F83/><W131/><G131/><T32/><AGARI ba="0,1" hai="6,7,21,25,26,29,30,32,44,50,53,90,92,96" machi="32" ten="20,7800,0" yaku="1,1,0,1,7,1,52,1,53,0" doraHai="85" doraHaiUra="11" who="0" fromWho="0" sc="240,88,250,-26,250,-26,250,-26" /><INIT seed="0,1,0,4,5,63" ten="328,224,224,224" oya="0" hai0="12,17,74,60,109,133,39,84,83,112,76,48,126" hai1="7,94,75,97,104,57,113,1,95,23,90,111,68" hai2="110,93,21,55,11,42,31,98,114,71,103,32,72" hai3="121,80,59,18,8,54,67,19,29,4,50,86,33"/><T115/><D39/><U20/><E104/><V58/><F114/><W100/><G121/><T73/><D133/><U14/><E75/><V28/><F110/><W130/><G130/><T52/><D126/><U79/><E68/><V92/><F72/><W15/><G100/><T26/><D109/><U135/><E111/><V81/><F71/><W34/><G67/><T96/><D74/><U88/><E135/><V132/><F132/><W128/><G128/><T40/><D73/><U117/><E117/><V51/><F32/><W43/><G43/><T69/><D26/><U108/><E108/><V91/><F81/><W89/><REACH who="3" step="1"/><G29/><REACH who="3" ten="328,224,224,214" step="2"/><T105/><D40/><U70/><E113/><V22/><F42/><W13/><G13/><T99/><D115/><U129/><E129/><V25/><F11/><W125/><G125/><T127/><D127/><U66/><E1/><V10/><F10/><W36/><G36/><T101/><D112/><U0/><E0/><V119/><F119/><W38/><G38/><T77/><D101/><U6/><E14/><V62/><F22/><W27/><G27/><T123/><D123/><U49/><E23/><V44/><F21/><W131/><G131/><T16/><D12/><U53/><E20/><V5/><F25/><W9/><G9/><T35/><D105/><U41/><E41/><N who="2" m="24975" /><F5/><W56/><G56/><T124/><D124/><U120/><E120/><V24/><F24/><W2/><G2/><T106/><D106/><U85/><E79/><V45/><F45/><W47/><G47/><T61/><D77/><U122/><E122/><V64/><F64/><RYUUKYOKU ba="1,1" sc="328,-30,224,10,224,10,214,10" hai1="6,7,49,53,57,66,70,85,88,90,94,95,97" hai2="28,31,55,58,62,91,92,93,98,103" hai3="4,8,15,18,19,33,34,50,54,59,80,86,89" /><INIT seed="1,2,1,4,3,127" ten="298,234,234,224" oya="1" hai0="34,41,31,7,16,83,65,55,126,39,69,12,99" hai1="63,111,125,73,70,9,110,8,124,121,43,81,66" hai2="1,37,98,59,32,47,20,17,3,14,100,18,51" hai3="116,29,102,22,86,109,78,46,40,91,88,50,120"/><U74/><E121/><V132/><F132/><W89/><G120/><T131/><D7/><U129/><E43/><V61/><F32/><W42/><G109/><N who="1" m="41482" /><E129/><V94/><F37/><W27/><G116/><T10/><D41/><U106/><E106/><V21/><F47/><W58/><G102/><T128/><D39/><U135/><E135/><V15/><REACH who="2" step="1"/><F51/><REACH who="2" ten="298,234,224,224" step="2"/><W38/><G38/><T64/><D34/><U52/><E125/><V97/><F97/><W123/><G123/><T30/><D99/><U113/><E124/><V26/><F26/><W93/><G42/><T56/><D126/><U77/><E113/><V103/><F103/><W92/><G58/><T62/><D83/><AGARI ba="2,2" hai="22,27,29,40,46,50,78,83,86,88,89,91,92,93" machi="83" ten="40,2600,0" yaku="8,1,54,1" doraHai="127" who="3" fromWho="0" sc="298,-32,234,0,224,0,224,52" /><INIT seed="2,0,0,2,1,99" ten="266,234,224,276" oya="2" hai0="106,123,124,36,79,68,20,45,71,3,8,26,133" hai1="129,92,111,65,75,131,96,112,93,48,135,78,94" hai2="118,89,63,122,117,53,134,77,74,54,76,52,102" hai3="19,82,1,6,62,72,104,130,83,70,30,28,73"/><V44/><F122/><W64/><G130/><N who="1" m="49674" /><E65/><V16/><F134/><W80/><G104/><T51/><D36/><U23/><E135/><V42/><F74/><W107/><G107/><T4/><D124/><U101/><E112/><V41/><F118/><W103/><G103/><T7/><D123/><U90/><E111/><V97/><F117/><W40/><G40/><N who="2" m="15465" /><F44/><W121/><G121/><T87/><D106/><N who="1" m="63783" /><E48/><V34/><F34/><W66/><G66/><T33/><D33/><U31/><E31/><V109/><F109/><W15/><G30/><T105/><D105/><U38/><E23/><V85/><F63/><W60/><G28/><T114/><D114/><U47/><E47/><V128/><F128/><W125/><G60/><T116/><D116/><U86/><E38/><V69/><F69/><W11/><REACH who="3" step="1"/><G125/><REACH who="3" ten="266,234,224,266" step="2"/><T119/><D133/><U132/><E132/><V67/><F67/><W22/><AGARI ba="0,1" hai="1,6,11,15,19,22,62,64,70,72,73,80,82,83" machi="22" ten="30,4000,0" yaku="1,1,2,1,0,1,53,0" doraHai="99" doraHaiUra="37" who="3" fromWho="3" sc="266,-10,234,-10,224,-20,266,50" /><INIT seed="3,0,0,1,2,7" ten="256,224,204,316" oya="3" hai0="133,125,130,49,108,57,8,20,23,67,74,6,33" hai1="58,50,84,53,91,1,41,12,101,5,61,21,131" hai2="106,51,80,124,26,93,79,105,39,126,18,62,97" hai3="110,59,135,44,17,52,2,16,81,94,38,19,24"/><W73/><G2/><T70/><D33/><U48/><E131/><V40/><F39/><W55/><G110/><T99/><D74/><U31/><E101/><V112/><F62/><W113/><G113/><T85/><D70/><U92/><E1/><V88/><F112/><W71/><G71/><T14/><D133/><U28/><E41/><V121/><F121/><W9/><G135/><T104/><D125/><N who="2" m="48234" /><F40/><W75/><G75/><T102/><D108/><U45/><E50/><V115/><F115/><W42/><G94/><T56/><D130/><U3/><E3/><V43/><F26/><W46/><G46/><T111/><D57/><U118/><E118/><V83/><F18/><W54/><G24/><T64/><D111/><U100/><E100/><V68/><F68/><W122/><G122/><T109/><D109/><U90/><E90/><V87/><F83/><W132/><G132/><T127/><D127/><U63/><E63/><V129/><F129/><W11/><REACH who="3" step="1"/><G59/><REACH who="3" ten="256,224,204,306" step="2"/><T72/><D56/><U30/><E58/><V27/><F27/><W96/><G96/><T15/><D99/><U98/><E61/><V123/><F123/><W103/><G103/><T76/><D102/><U114/><E114/><V89/><F79/><AGARI ba="0,1" hai="9,11,16,17,19,38,42,44,52,54,55,73,79,81" machi="79" ten="40,12000,1" yaku="1,1,52,2,54,2,53,0" doraHai="7" doraHaiUra="86" who="3" fromWho="2" sc="256,0,224,0,204,-120,306,130" owari="256,5.6,224,-17.6,84,-41.6,436,53.6" /></mjloggm>