<mjloggm ver="2.3"><GO type="225" lobby="0"/><UN n0="%E5%8D%A0%E3%81%84%E5%B8%AB%E8%A3%8F%E3%81%AA%E3%81%84%E3%81%97" n1="%E6%A0%B9%E5%85%83%E3%81%8B%E3%82%89%E5%90%B9%E3%81%A3%E9%A3%9B%E3%81%B6" n2="%E7%99%BD%E5%80%89%E5%AF%9B%E4%B9%8B" n3="%77%72%77%72%77%72%77%72" dan="17,16,16,16" rate="2199.42,2131.72,2131.31,2161.60" sx="M,F,M,M"/><TAIKYOKU oya="0"/><INIT seed="0,0,0,4,1,82" ten="250,250,250,250" oya="0" hai0="100,134,109,80,77,89,43,49,31,35,1,37,55" hai1="119,85,111,3,4,23,79,46,24,81,2,42,108" hai2="59,26,125,30,41,126,36,120,68,86,114,53,45" hai3="7,62,72,74,83,73,22,48,84,78,70,101,64"/><T127/><D1/><U128/><E119/><V11/><F68/><W0/><G101/><T66/><D134/><U51/><E128/><V123/><F11/><W98/><G98/><T131/><D131/><U118/><E118/><V9/><F9/><W104/><G104/><T57/><D127/><N who="2" m="48650" /><F86/><W52/><G22/><T95/><D109/><N who="1" m="42059" /><E4/><V115/><F26/><W132/><G132/><T103/><D66/><U34/><E34/><V116/><F30/><AGARI ba="0,0" hai="2,3,23,24,30,42,46,51,79,81,85" m="42059" machi="30" ten="30,2000,0" yaku="14,1,52,1" doraHai="82" who="1" fromWho="2" sc="250,0,250,20,250,-20,250,0" /><INIT seed="1,0,0,3,0,82" ten="250,270,230,250" oya="1" hai0="115,94,135,9,62,78,127,79,41,80,11,58,2" hai1="93,134,54,35,101,111,46,104,8,39,65,130,21" hai2="27,44,56,72,17,15,117,45,43,76,74,33,108" hai3="61,109,132,71,5,18,53,103,29,32,28,114,57"/><U23/><E35/><V13/><F108/><W91/><G114/><T133/><D115/><U48/><E130/><V73/><F117/><W106/><G109/><T42/><D127/><U67/><E134/><N who="0" m="51209" /><D94/><U12/><E104/><V20/><F76/><N who="0" m="29226" /><D80/><U95/><E39/><V24/><F33/><W118/><G132/><T113/><D113/><U90/><E111/><V49/><F15/><W97/><G118/><T92/><D92/><U52/><E54/><V81/><F81/><W51/><G5/><N who="0" m="1207" /><D11/><U38/><E95/><V87/><F87/><W88/><G18/><T107/><D107/><U102/><E102/><V121/><F121/><W55/><G28/><T98/><D98/><U26/><E101/><V0/><F0/><W131/><G131/><T128/><D128/><U85/><E38/><V122/><F122/><W119/><G119/><T116/><D116/><U30/><E8/><V25/><F56/><W105/><G105/><T83/><D83/><U34/><E34/><V59/><F59/><W120/><G120/><T126/><D126/><U19/><AGARI ba="0,0" hai="12,19,21,23,26,30,46,48,52,65,67,85,90,93" machi="19" ten="30,11700,0" yaku="0,1,8,1,52,1,54,1" doraHai="82" who="1" fromWho="1" sc="250,-39,270,117,230,-39,250,-39" /><INIT seed="1,1,0,2,0,124" ten="211,387,191,211" oya="1" hai0="126,11,68,122,95,27,31,1,10,52,87,14,9" hai1="107,88,90,36,64,16,58,104,105,33,94,93,119" hai2="13,60,132,38,108,114,127,25,133,2,62,74,120" hai3="97,24,109,113,34,91,49,128,77,134,18,66,30"/><U131/><E36/><V117/><RYUUKYOKU type="yao9" ba="1,0" sc="211,0,387,0,191,0,211,0" hai2="2,13,25,38,60,62,74,108,114,117,120,127,132,133" /><INIT seed="1,2,0,2,1,123" ten="211,387,191,211" oya="1" hai0="12,112,64,9,61,83,85,71,41,57,59,66,74" hai1="91,97,113,111,134,82,78,2,96,4,76,43,110" hai2="48,89,132,16,86,63,32,20,79,131,60,65,121" hai3="70,28,29,120,124,94,8,117,44,6,15,72,40"/><U122/><E113/><V33/><F121/><W98/><G120/><T42/><D112/><U103/><E134/><V67/><F132/><W133/><G133/><T75/><D74/><U25/><E43/><V39/><F39/><W135/><G135/><T56/><D75/><U47/><E47/><V109/><F131/><W0/><G72/><T54/><D54/><U87/><E25/><V35/><F79/><N who="1" m="30249" /><E122/><V92/><F109/><N who="1" m="41481" /><E103/><V69/><F48/><W88/><G124/><T55/><D42/><U37/><E37/><V50/><F50/><W84/><G117/><T14/><D41/><U118/><E118/><V107/><F107/><W53/><G40/><T128/><D128/><U21/><E21/><V116/><F116/><W19/><G44/><T51/><D9/><AGARI ba="2,0" hai="2,4,9,82,87,91,96,97" m="41481,30249" machi="9" ten="30,12000,1" yaku="14,1,10,1,52,3" doraHai="123" who="1" fromWho="0" sc="211,-126,387,126,191,0,211,0" /><INIT seed="1,3,0,3,3,95" ten="85,513,191,211" oya="1" hai0="38,45,67,131,22,113,93,43,32,120,109,63,46" hai1="97,68,94,4,20,56,12,123,26,118,92,27,99" hai2="114,24,85,76,108,121,110,122,72,35,49,126,1" hai3="36,30,111,124,28,40,2,71,21,73,31,64,83"/><U16/><E68/><V58/><F1/><W65/><G2/><T55/><D32/><U59/><E118/><V134/><F134/><W50/><G36/><T7/><D113/><U23/><E123/><V11/><F114/><W96/><G111/><T87/><D109/><N who="2" m="42090" /><F72/><W103/><G124/><T88/><D131/><U19/><E4/><V117/><F11/><W48/><G71/><T10/><D120/><U135/><E12/><V129/><F117/><W75/><G75/><T47/><D22/><U70/><REACH who="1" step="1"/><E70/><REACH who="1" ten="85,503,191,211" step="2"/><V33/><F122/><W80/><G73/><T74/><D74/><U13/><E13/><V61/><F121/><W89/><G21/><T82/><D55/><U100/><E100/><V34/><F34/><W44/><G64/><T130/><D130/><U79/><E79/><V62/><F129/><W77/><G65/><T39/><D39/><U18/><E18/><V90/><F35/><W119/><G77/><T112/><D112/><U69/><E69/><V98/><F76/><W133/><G119/><T3/><REACH who="0" step="1"/><D82/><REACH who="0" ten="75,503,191,211" step="2"/><U128/><E128/><V81/><F33/><W25/><G80/><T86/><D86/><U51/><E51/><V17/><F49/><W41/><G48/><T57/><AGARI ba="3,2" hai="3,7,10,38,43,45,46,47,57,63,67,87,88,93" machi="57" ten="20,8000,1" yaku="1,1,0,1,7,1,54,1,53,1" doraHai="95" doraHaiUra="37" who="0" fromWho="0" sc="75,109,503,-43,191,-23,211,-23" /><INIT seed="2,0,0,4,0,91" ten="184,460,168,188" oya="2" hai0="79,2,96,64,86,123,127,109,81,99,52,57,134" hai1="3,102,88,115,60,49,41,90,4,20,94,87,61" hai2="122,18,34,97,104,63,17,35,132,75,45,68,119" hai3="128,53,46,65,78,69,98,106,42,72,55,21,117"/><V29/><F119/><W105/><G117/><T24/><D123/><U108/><E108/><V16/><F122/><W83/><G128/><T62/><D109/><U14/><E115/><V54/><F75/><W101/><G105/><T1/><D134/><U38/><E38/><V89/><F132/><W131/><G131/><T103/><D127/><U30/><E3/><V114/><F114/><W39/><REACH who="3" step="1"/><G21/><REACH who="3" ten="184,460,168,178" step="2"/><T28/><D1/><U58/><E20/><V37/><F104/><W70/><G70/><T120/><D2/><U33/><E33/><V50/><F37/><W48/><G48/><T77/><D120/><U47/><E49/><V82/><F29/><W44/><G44/><T116/><D116/><U135/><E47/><V110/><F110/><W10/><G10/><T126/><D126/><U67/><E30/><V8/><F8/><W95/><G95/><T43/><D28/><U80/><E94/><N who="2" m="56527" /><F35/><W125/><G125/><T31/><D31/><U23/><E135/><V13/><F34/><W32/><G32/><T121/><D121/><U112/><E23/><N who="2" m="11663" /><F68/><W9/><G9/><T85/><D62/><AGARI ba="0,1" hai="39,42,46,53,55,62,65,69,72,78,83,98,101,106" machi="62" ten="40,2600,0" yaku="1,1,53,1" doraHai="91" doraHaiUra="76" who="3" fromWho="0" sc="184,-26,460,0,168,0,178,36" /><INIT seed="3,0,0,2,1,8" ten="158,460,168,214" oya="3" hai0="125,41,5,6,70,121,66,96,108,57,30,79,78" hai1="51,98,48,104,84,103,111,67,33,20,17,115,26" hai2="24,37,64,44,32,34,124,63,123,133,21,101,87" hai3="126,93,113,2,69,110,109,52,119,120,65,18,42"/><W112/><G2/><T90/><D121/><U85/><E111/><N who="3" m="42506" /><G120/><T116/><D116/><U9/><E115/><V10/><F123/><W135/><G119/><T4/><D108/><U3/><E67/><V97/><F124/><W95/><G126/><T130/><D125/><U73/><E73/><V16/><F133/><W27/><G135/><T127/><D127/><U105/><E105/><V117/><F117/><W75/><G75/><T99/><D130/><U49/><E33/><V68/><F87/><W80/><G80/><T81/><D70/><U14/><REACH who="1" step="1"/><E3/><REACH who="1" ten="158,450,168,214" step="2"/><V134/><F134/><W23/><G65/><T100/><D41/><U55/><E55/><V128/><F128/><W61/><G42/><T31/><D90/><U102/><E102/><V38/><F34/><W0/><G0/><T36/><D36/><U114/><E114/><V82/><F32/><W118/><G118/><T88/><D88/><U13/><E13/><V40/><F38/><W60/><G52/><T35/><D35/><U28/><AGARI ba="0,1" hai="9,14,17,20,26,28,48,49,51,84,85,98,103,104" machi="28" ten="30,4000,0" yaku="1,1,0,1,52,1,53,0" doraHai="8" doraHaiUra="62" who="1" fromWho="1" sc="158,-10,450,50,168,-10,214,-20" owari="148,-35.2,500,60.0,158,-24.2,194,-0.6" /></mjloggm>