<mjloggm ver="2.3"><GO type="225" lobby="0"/><UN n0="%77%72%77%72%77%72%77%72" n1="%6B%61%7A%75%73%61" n2="%E3%83%96%E3%83%83%E3%83%91%E3%82%AA%E3%83%96%E3%83%81%E3%82%AD%E3%83%B3" n3="%E3%82%A4%E3%83%BC%E3%82%B1%E3%83%97%E3%83%A9" dan="17,17,16,16" rate="2161.51,2220.34,2178.46,2198.83" sx="M,F,M,M"/><TAIKYOKU oya="0"/><INIT seed="0,0,0,5,2,45" ten="250,250,250,250" oya="0" hai0="15,53,110,131,60,81,29,97,125,5,14,19,36" hai1="95,17,132,88,93,55,4,76,13,129,92,22,116" hai2="6,102,113,58,21,115,57,73,130,107,51,87,41" hai3="31,37,61,72,121,96,99,135,63,43,66,103,133"/><T108/><D36/><U114/><E116/><V80/><F73/><W64/><G72/><T90/><D131/><U65/><E129/><V112/><F130/><W23/><G43/><T18/><D125/><U74/><E132/><N who="3" m="50762" /><G37/><T1/><D29/><U59/><E65/><N who="3" m="25194" /><G121/><T84/><D97/><N who="3" m="37449" /><G103/><T56/><D1/><U89/><E74/><V85/><F102/><W127/><G127/><T2/><D2/><U122/><E122/><V7/><F107/><W54/><G54/><T34/><D34/><U44/><E55/><N who="2" m="31999" /><F41/><W94/><G94/><T20/><REACH who="0" step="1"/><D5/><REACH who="0" ten="240,250,250,250" step="2"/><U77/><E4/><V104/><F7/><W128/><G128/><T109/><D109/><U126/><E126/><V40/><F6/><W38/><G38/><T52/><D52/><U70/><E17/><V50/><F113/><W46/><G46/><T120/><D120/><U91/><E114/><V9/><F115/><W12/><G31/><T11/><AGARI ba="0,1" hai="11,14,15,18,19,20,53,56,60,81,84,90,108,110" machi="11" ten="30,6000,0" yaku="1,1,0,1,53,1" doraHai="45" doraHaiUra="86" who="0" fromWho="0" sc="240,70,250,-20,250,-20,250,-20" /><INIT seed="0,1,0,4,5,88" ten="310,230,230,230" oya="0" hai0="59,122,89,6,64,125,57,65,33,84,107,7,45" hai1="24,60,26,94,126,32,90,111,71,113,98,76,0" hai2="72,14,92,81,23,134,4,79,1,54,120,101,10" hai3="106,56,19,70,53,30,110,25,82,119,133,103,11"/><T42/><D122/><U12/><E0/><V115/><F120/><W16/><G70/><T80/><D107/><U21/><E111/><V130/><F134/><W31/><G119/><T118/><D118/><U49/><E126/><V116/><F116/><W135/><G110/><T44/><D125/><U15/><E76/><V97/><F115/><W124/><G124/><T128/><D128/><U20/><E32/><V75/><F130/><W28/><G82/><T105/><D105/><U3/><E3/><V2/><F75/><W91/><G91/><T95/><D33/><U47/><E113/><V48/><REACH who="2" step="1"/><F23/><REACH who="2" ten="310,230,220,230" step="2"/><N who="3" m="13543" /><G106/><T114/><D114/><U127/><E127/><V117/><F117/><W96/><G133/><T93/><D80/><U46/><E20/><V8/><F8/><W83/><G135/><T73/><D73/><U77/><E21/><V36/><F36/><W52/><G83/><T100/><D84/><U13/><E24/><V67/><F67/><W85/><G85/><T38/><D38/><U112/><E26/><V68/><F68/><W35/><G35/><T123/><D123/><U131/><E71/><V108/><F108/><W43/><G11/><T27/><D27/><U18/><E112/><V37/><F37/><W121/><G121/><T104/><D65/><U55/><E131/><V87/><F87/><W78/><G31/><T41/><D64/><U86/><E86/><V51/><F51/><W99/><G30/><T22/><D22/><N who="1" m="11591" /><E49/><V132/><F132/><W9/><G28/><T109/><D109/><U29/><E29/><V62/><F62/><N who="3" m="36103" /><G9/><T39/><D39/><RYUUKYOKU ba="1,1" sc="310,-10,230,-10,220,30,230,-10" hai2="1,2,4,10,14,48,54,72,79,81,92,97,101" /><INIT seed="1,2,1,4,2,44" ten="300,220,250,220" oya="1" hai0="0,98,28,129,128,107,6,34,3,114,11,108,89" hai1="97,116,66,95,61,8,62,82,86,132,7,101,64" hai2="78,119,10,58,29,31,127,37,70,103,121,130,68" hai3="85,47,12,94,122,4,76,16,79,123,115,42,93"/><U90/><E132/><V23/><F119/><W67/><G115/><T109/><D114/><U15/><REACH who="1" step="1"/><E116/><REACH who="1" ten="300,210,250,220" step="2"/><V48/><F121/><W134/><G122/><T53/><D128/><U50/><E50/><V59/><F48/><N who="3" m="26743" /><G134/><T25/><D129/><U125/><E125/><V19/><F130/><W81/><G123/><T49/><D0/><U73/><E73/><V126/><F126/><W38/><G38/><T17/><D3/><U20/><E20/><V88/><F37/><W55/><G4/><T124/><D6/><U113/><E113/><V18/><F23/><N who="3" m="11655" /><G67/><AGARI ba="2,2" hai="7,8,15,61,62,64,66,67,82,86,90,95,97,101" machi="67" ten="40,3900,0" yaku="1,1,8,1,53,0" doraHai="44" doraHaiUra="75" who="1" fromWho="3" sc="300,0,210,65,250,0,220,-45" /><INIT seed="1,3,0,1,2,34" ten="300,275,250,175" oya="1" hai0="17,133,21,35,90,45,107,52,132,46,29,91,18" hai1="11,56,87,111,25,101,63,117,98,27,125,83,19" hai2="38,66,13,84,54,12,61,114,118,127,23,59,79" hai3="108,124,120,110,67,129,64,6,82,43,44,70,89"/><U22/><E117/><V53/><F118/><W9/><G120/><T77/><D107/><U99/><E125/><V8/><F127/><W106/><G124/><T93/><D77/><U42/><E42/><V121/><F38/><W100/><G129/><T37/><D35/><U26/><E11/><V74/><F74/><W103/><G89/><T78/><D78/><N who="1" m="46583" /><E111/><V41/><F41/><W55/><G55/><N who="2" m="21001" /><F121/><W14/><G82/><T119/><D119/><U112/><E112/><V15/><F114/><W47/><G47/><T24/><D37/><U2/><E2/><V94/><F23/><W7/><G7/><T62/><D91/><U28/><E28/><V3/><F3/><W50/><G106/><T51/><D62/><U115/><E115/><V97/><F84/><W85/><G85/><T95/><D95/><N who="1" m="58591" /><E99/><V76/><F8/><W116/><G116/><T58/><D133/><U131/><E131/><V80/><F80/><W48/><G48/><T135/><D135/><U71/><E71/><V16/><F16/><N who="0" m="6250" /><D132/><U4/><E4/><V102/><AGARI ba="3,0" hai="12,13,15,59,61,66,76,79,94,97,102" m="21001" machi="102" ten="30,1100,0" yaku="8,1" doraHai="34" who="2" fromWho="2" sc="300,-6,275,-8,250,20,175,-6" /><INIT seed="2,0,0,2,0,100" ten="294,267,270,169" oya="2" hai0="35,93,117,124,111,104,71,5,40,131,30,76,21" hai1="64,120,33,86,83,72,116,59,0,65,66,109,105" hai2="110,48,108,106,29,28,118,62,84,12,97,2,38" hai3="112,82,80,96,126,31,81,32,1,25,121,90,7"/><V130/><F118/><W4/><G121/><T36/><D104/><U78/><E116/><V129/><F38/><W17/><G126/><T67/><D117/><U87/><E120/><V56/><F2/><W37/><G37/><T60/><D124/><U74/><E33/><V14/><F48/><W24/><G112/><T132/><D35/><U45/><E0/><V22/><F84/><W122/><G122/><T13/><D111/><N who="2" m="42538" /><F97/><W11/><G7/><T92/><D131/><N who="2" m="50186" /><F106/><W73/><G73/><T113/><D36/><U98/><E109/><V8/><F56/><W27/><G90/><T75/><D75/><U55/><E86/><V15/><F62/><W6/><G6/><T91/><D5/><U34/><E45/><V3/><F22/><W114/><G114/><T61/><D21/><U123/><E123/><V44/><F44/><W58/><G58/><T9/><D60/><U70/><E34/><V69/><F69/><W50/><G50/><T94/><D61/><N who="1" m="36095" /><E70/><V16/><F3/><W42/><G42/><T103/><D40/><U23/><E23/><N who="2" m="11655" /><F15/><W128/><G128/><T43/><D13/><U26/><E105/><V18/><AGARI ba="0,0" hai="8,14,18,28,29" m="11655,50186,42538" machi="18" ten="30,18000,2" yaku="14,1,10,1,19,1,34,2,54,1" doraHai="100" who="2" fromWho="2" sc="294,-60,267,-60,270,180,169,-60" /><INIT seed="2,1,0,3,5,56" ten="234,207,450,109" oya="2" hai0="103,17,87,135,4,59,69,109,57,134,112,34,27" hai1="88,122,74,133,92,26,85,1,63,66,58,45,50" hai2="76,125,19,32,10,123,13,62,31,70,111,75,46" hai3="25,20,97,128,38,100,132,114,121,7,47,104,106"/><V60/><F123/><W61/><G121/><T28/><D112/><U117/><E117/><V65/><F125/><W98/><G128/><T118/><D118/><U107/><E133/><N who="0" m="50697" /><D69/><U35/><E74/><V83/><F111/><W54/><G132/><T41/><D109/><U21/><E107/><V81/><F46/><W15/><G114/><T33/><D33/><U12/><E1/><V42/><F42/><W127/><G127/><T18/><D4/><U124/><E124/><V72/><F62/><W113/><G113/><T64/><D41/><U93/><E122/><V55/><F55/><W89/><G38/><T48/><D103/><U68/><E35/><V51/><F51/><W49/><G7/><T8/><D8/><U39/><E39/><V126/><F126/><W53/><G15/><T9/><D9/><U44/><E68/><V82/><REACH who="2" step="1"/><F76/><REACH who="2" ten="234,207,440,109" step="2"/><W30/><G54/><T120/><D120/><U40/><E44/><V78/><F78/><W94/><REACH who="3" step="1"/><G106/><REACH who="3" ten="234,207,440,99" step="2"/><T2/><D64/><U80/><REACH who="1" step="1"/><E12/><REACH who="1" ten="234,197,440,99" step="2"/><V91/><F91/><W14/><G14/><T90/><D2/><U108/><E108/><V95/><F95/><W29/><G29/><AGARI ba="1,3" hai="21,26,29,40,45,50,58,63,66,80,85,88,92,93" machi="29" ten="30,8000,1" yaku="1,1,7,1,8,1,52,1,54,1,53,0" doraHai="56" doraHaiUra="130" who="1" fromWho="3" sc="234,0,197,113,440,0,99,-83" /><INIT seed="3,0,0,2,5,42" ten="234,310,440,16" oya="3" hai0="67,70,79,49,29,32,116,132,105,28,50,112,118" hai1="24,81,94,10,6,39,76,85,25,133,74,101,46" hai2="55,22,135,48,128,8,83,120,2,102,130,107,93" hai3="52,97,60,104,36,114,11,88,99,58,108,5,38"/><W77/><G114/><T0/><D0/><U109/><E133/><V90/><F135/><W12/><G77/><T82/><D132/><U4/><E109/><V122/><F83/><W131/><G131/><N who="2" m="50217" /><F22/><W1/><G108/><T125/><D112/><U119/><E119/><V3/><F102/><W19/><G104/><T98/><D125/><U91/><E4/><N who="2" m="1047" /><F3/><W18/><G97/><T41/><D41/><N who="1" m="22847" /><E101/><V7/><F7/><W9/><REACH who="3" step="1"/><G19/><REACH who="3" ten="234,310,440,6" step="2"/><T96/><D96/><U111/><E111/><V51/><F107/><W84/><G84/><T72/><D98/><U61/><E85/><V73/><F73/><W35/><G35/><T27/><D105/><U127/><E76/><V57/><F122/><W43/><G43/><T106/><D106/><U34/><E74/><V33/><F33/><W56/><G56/><T92/><D79/><U80/><E34/><V17/><F120/><W103/><G103/><T64/><D72/><U30/><E91/><V37/><F17/><W115/><G115/><T62/><D32/><U21/><E30/><V95/><F57/><W53/><G53/><T71/><D29/><U26/><E6/><V65/><F55/><W20/><G20/><T15/><D28/><U110/><E21/><V121/><F90/><W63/><G63/><T134/><D62/><U23/><E61/><V16/><F16/><W86/><G86/><T129/><D134/><U45/><E23/><V100/><F100/><W13/><G13/><T124/><D15/><U47/><E110/><V66/><F121/><W89/><G89/><T14/><D129/><U31/><E31/><RYUUKYOKU ba="0,1" sc="234,-10,310,-10,440,-10,6,30" hai3="1,5,9,11,12,18,36,38,52,58,60,88,99" /><INIT seed="3,1,1,4,1,37" ten="224,300,430,36" oya="3" hai0="52,49,116,76,46,77,131,10,135,13,124,3,112" hai1="32,107,89,79,21,93,48,64,65,68,2,105,101" hai2="128,36,33,55,109,41,24,121,98,133,129,27,96" hai3="25,57,67,119,6,118,58,20,40,42,12,87,63"/><W103/><G103/><T130/><D116/><U16/><E32/><V113/><F113/><W102/><G102/><T51/><D3/><U19/><E2/><V23/><F109/><W134/><G134/><T122/><D122/><U99/><E79/><V100/><F133/><W11/><G118/><T5/><D135/><U54/><E107/><V75/><F75/><W86/><G119/><T14/><D112/><U127/><E127/><V83/><F121/><W90/><G58/><N who="0" m="33039" /><D124/><U104/><E104/><V53/><F83/><W84/><REACH who="3" step="1"/><G90/><REACH who="3" ten="224,300,430,26" step="2"/><T43/><D131/><U1/><E89/><V97/><F100/><W117/><G117/><T114/><D130/><U108/><E101/><V61/><F129/><W56/><G56/><T132/><D114/><U91/><E105/><V29/><F128/><W26/><G26/><T18/><D132/><U47/><E91/><V92/><F27/><W74/><G74/><T81/><D81/><U45/><E93/><V35/><F24/><W15/><G15/><T30/><D30/><AGARI ba="1,2" hai="6,11,12,20,25,30,40,42,57,63,67,84,86,87" machi="30" ten="40,12000,1" yaku="1,1,8,1,52,2,53,1" doraHai="37" doraHaiUra="7" who="3" fromWho="0" sc="224,-123,300,0,430,0,26,143" /><INIT seed="3,2,0,5,5,18" ten="101,300,430,169" oya="3" hai0="54,108,78,38,3,4,81,113,104,36,23,70,26" hai1="14,63,77,132,89,93,17,91,74,131,120,12,119" hai2="86,111,102,80,16,11,112,117,116,50,24,124,25" hai3="48,127,34,46,129,37,59,122,27,75,21,134,107"/><W35/><G122/><T130/><D104/><U7/><E120/><V94/><F112/><W135/><G75/><T101/><D113/><U97/><E131/><V128/><F128/><W95/><G107/><T32/><D130/><U0/><E0/><V8/><F111/><W28/><G129/><T90/><D108/><U69/><E132/><N who="3" m="50730" /><G127/><T79/><D32/><U42/><E42/><V61/><F124/><W62/><G95/><T88/><D70/><U5/><E89/><N who="2" m="51399" /><F117/><W9/><G9/><N who="2" m="3657" /><F116/><W100/><G100/><T126/><D126/><U110/><E63/><V51/><F61/><W115/><G37/><T133/><D133/><U49/><E91/><V44/><F44/><W30/><G30/><T29/><D101/><U10/><E69/><V72/><F72/><W31/><G31/><T40/><D3/><U33/><E33/><V105/><F105/><W87/><G87/><T47/><D36/><U76/><E97/><N who="2" m="59703" /><F25/><W58/><G58/><T67/><D4/><U43/><E5/><V15/><F24/><W114/><G114/><T65/><D78/><U106/><E93/><V57/><F57/><W1/><G1/><T22/><D22/><AGARI ba="2,0" hai="15,16,22,50,51" m="59703,3657,51399" machi="22" ten="30,3900,0" yaku="8,1,52,1,54,1" doraHai="18" who="2" fromWho="0" sc="101,-45,300,0,430,45,169,0" owari="56,-44.4,300,10.0,475,57.5,169,-23.1" /></mjloggm>