<mjloggm ver="2.3"><GO type="225" lobby="0"/><UN n0="%E3%82%AF%E3%82%A3%E3%82%A6" n1="%E3%81%8B%E3%82%8F%E3%81%A1%E3%82%83%E3%82%93%35%38" n2="%E5%A4%8F%E9%88%B4%E9%88%B4%E5%A4%8F" n3="%E3%83%A9%E3%82%B9%E7%8E%87%EF%BC%93%E5%89%B2" dan="16,16,16,17" rate="2088.61,2135.07,2107.36,2185.11" sx="M,M,F,F"/><TAIKYOKU oya="0"/><INIT seed="0,0,0,2,5,102" ten="250,250,250,250" oya="0" hai0="122,71,3,48,134,58,104,89,69,99,16,25,81" hai1="33,85,72,131,41,121,31,66,23,1,10,38,36" hai2="53,75,40,5,109,117,123,44,120,50,28,45,98" hai3="21,82,97,20,14,116,125,34,61,15,4,27,119"/><T90/><D122/><U126/><E121/><V108/><F75/><W111/><G97/><T79/><D3/><U64/><E23/><V68/><F5/><W60/><G82/><T51/><D134/><U130/><E72/><V83/><F28/><W87/><G87/><T105/><D71/><U127/><E85/><V63/><F83/><W18/><G4/><T49/><D69/><U74/><E74/><V132/><F98/><W46/><G27/><T77/><D58/><U43/><E10/><V2/><F2/><W93/><G93/><T11/><D99/><U54/><E31/><V73/><F73/><W6/><G6/><T92/><D92/><U115/><E33/><V94/><F94/><W67/><G18/><T29/><D16/><U56/><E1/><V76/><F76/><N who="0" m="29258" /><D11/><U30/><E30/><V32/><F32/><W100/><G100/><T7/><D29/><U135/><E135/><V35/><F35/><W42/><G34/><T84/><D7/><U110/><E115/><V107/><F107/><N who="0" m="41034" /><D84/><U86/><E86/><V114/><F132/><W22/><G21/><T80/><D25/><U13/><E13/><V62/><F114/><W57/><G20/><T112/><D112/><U9/><E9/><V8/><F8/><W39/><G22/><T88/><AGARI ba="0,0" hai="48,49,51,80,81,88,89,90" m="41034,29258" machi="88" ten="40,18000,2" yaku="28,2,52,3,54,1" doraHai="102" who="0" fromWho="0" sc="250,180,250,-60,250,-60,250,-60" /><INIT seed="0,1,0,2,0,60" ten="430,190,190,190" oya="0" hai0="31,56,104,6,122,9,50,98,101,103,32,58,124" hai1="84,128,38,123,100,45,15,119,18,93,53,82,70" hai2="134,10,34,12,16,94,65,40,57,133,95,79,89" hai3="33,118,81,49,67,115,42,4,114,41,46,77,69"/><T86/><D122/><U39/><E119/><V97/><F34/><W36/><G33/><T102/><D124/><U29/><E123/><V30/><F79/><W66/><G118/><T92/><D104/><U127/><E70/><V71/><F30/><W110/><G69/><T21/><D32/><U99/><E128/><V37/><F71/><W131/><G131/><T19/><D86/><U3/><E3/><V47/><F95/><W74/><G110/><T51/><D31/><U116/><E116/><V125/><F125/><W27/><G27/><T55/><D6/><U78/><E127/><V52/><REACH who="2" step="1"/><F65/><REACH who="2" ten="430,190,180,190" step="2"/><N who="3" m="24587" /><G42/><T8/><D58/><U43/><E29/><V20/><F20/><W96/><G96/><T76/><D76/><U28/><E28/><V73/><F73/><W17/><G74/><T0/><D92/><U80/><E80/><V35/><F35/><W44/><G77/><T59/><D98/><U11/><E53/><V5/><F5/><W117/><G4/><T7/><D55/><U54/><E54/><V120/><F120/><W112/><G81/><T108/><D108/><U87/><E87/><V85/><F85/><W106/><G117/><T24/><D7/><U48/><AGARI ba="1,1" hai="11,15,18,38,39,43,45,48,78,82,84,93,99,100" machi="48" ten="20,1500,0" yaku="0,1,7,1" doraHai="60" who="1" fromWho="1" sc="430,-8,190,28,180,-5,190,-5" /><INIT seed="1,0,0,2,4,94" ten="422,218,175,185" oya="1" hai0="43,67,100,85,130,133,113,123,110,39,78,53,54" hai1="48,73,13,21,22,15,129,47,97,58,119,7,4" hai2="92,23,91,57,107,19,65,6,127,37,24,0,105" hai3="11,132,1,74,2,59,99,69,10,34,76,31,50"/><U25/><E73/><V60/><F127/><W80/><G69/><T12/><D113/><U109/><E119/><V46/><F6/><W41/><G132/><T62/><D100/><U33/><E33/><V64/><F0/><W89/><G31/><T116/><D78/><U96/><E129/><V26/><F26/><W128/><G34/><T112/><D12/><N who="1" m="4683" /><E58/><V63/><F46/><W84/><G128/><T42/><D116/><U101/><E101/><V68/><REACH who="2" step="1"/><F37/><REACH who="2" ten="422,218,165,185" step="2"/><W93/><G1/><T81/><D39/><U66/><E4/><V77/><F77/><W40/><G2/><T71/><D130/><U79/><E7/><V111/><F111/><W49/><G11/><T45/><D110/><U20/><E79/><V75/><F75/><W52/><G10/><T124/><D123/><U82/><E109/><V5/><F5/><W115/><G115/><T118/><D118/><U18/><E25/><V88/><F88/><W55/><G74/><T3/><D112/><U72/><E72/><V35/><F35/><W125/><G125/><T108/><D124/><U14/><E14/><V135/><F135/><W56/><AGARI ba="0,1" hai="40,41,49,50,52,55,56,59,76,80,84,89,93,99" machi="56" ten="20,12000,2" yaku="0,1,7,1,9,1,8,1,52,1,54,1" doraHai="94" who="3" fromWho="3" sc="422,-30,218,-60,165,-30,185,130" /><INIT seed="2,0,0,5,3,26" ten="392,158,135,315" oya="2" hai0="5,114,94,0,70,36,34,24,55,105,27,98,7" hai1="90,83,134,52,14,104,21,118,77,18,45,115,19" hai2="73,65,67,30,121,2,16,28,42,86,112,108,111" hai3="135,78,47,74,39,48,113,120,125,124,59,46,4"/><V17/><F112/><W13/><G113/><T85/><D114/><U66/><E118/><V132/><F121/><W35/><G35/><T41/><D70/><U106/><E115/><V49/><F73/><W22/><G74/><T57/><D105/><U103/><E134/><V102/><F2/><W130/><G78/><T58/><D0/><U20/><E66/><N who="2" m="25099" /><F102/><W131/><G120/><T110/><D110/><N who="2" m="42026" /><F132/><W128/><G135/><T84/><D41/><U97/><E90/><V72/><F72/><W64/><G39/><T96/><D34/><U99/><E103/><V44/><F86/><N who="0" m="33386" /><D36/><U63/><E104/><V123/><F123/><W62/><G46/><T31/><D98/><U68/><E99/><V50/><F50/><W29/><G48/><N who="0" m="30951" /><D58/><U38/><E97/><V107/><F107/><W56/><G47/><T54/><D54/><U91/><E106/><V116/><F116/><W133/><G56/><T32/><D32/><U15/><E38/><V88/><F88/><W69/><G59/><T101/><D24/><U40/><E91/><V75/><F75/><W79/><G133/><T109/><D109/><U100/><E100/><V89/><F89/><W127/><G79/><T12/><D27/><U60/><E52/><V80/><F80/><W25/><G13/><T8/><D7/><AGARI ba="0,0" hai="4,7,22,25,29,62,64,69,124,125,127,128,130,131" machi="7" ten="50,6400,0" yaku="18,1,19,1,52,1" doraHai="26" who="3" fromWho="0" sc="392,-64,158,0,135,0,315,64" /><INIT seed="3,0,0,2,0,84" ten="328,158,135,379" oya="3" hai0="25,100,135,76,13,57,94,83,102,60,56,27,3" hai1="104,91,21,45,4,110,63,129,113,24,5,119,99" hai2="92,10,79,22,95,96,33,40,0,23,75,52,73" hai3="109,89,74,59,121,61,131,30,90,85,117,58,32"/><W80/><G117/><T127/><D3/><U50/><E113/><V46/><F33/><W106/><G121/><T112/><D127/><U31/><E119/><V17/><F92/><W62/><G106/><T70/><D112/><U105/><E105/><V14/><F52/><N who="3" m="33991" /><G74/><T1/><D135/><U9/><E110/><V36/><F0/><W125/><G131/><T54/><D1/><U68/><E129/><V86/><F75/><W107/><G107/><T128/><D102/><U8/><E68/><V26/><F73/><W38/><G38/><T19/><D128/><U133/><E133/><V51/><F36/><W87/><G125/><T34/><D70/><U53/><E104/><V48/><F51/><W111/><G32/><T55/><D34/><U2/><E63/><V103/><REACH who="2" step="1"/><F26/><REACH who="2" ten="328,158,125,379" step="2"/><W29/><G111/><T11/><D94/><N who="1" m="56799" /><E2/><V101/><F101/><W20/><G109/><T69/><D100/><U66/><E66/><V77/><F77/><W64/><G20/><T16/><D69/><U47/><E47/><V123/><F123/><W88/><G87/><N who="0" m="48615" /><D19/><U134/><E134/><V28/><F28/><AGARI ba="0,1" hai="28,29,30,59,62,64,80,85,88,89,90" m="33991" machi="28" ten="30,18000,2" yaku="8,1,52,3,54,2" doraHai="84" who="3" fromWho="2" sc="328,0,158,0,125,-180,379,190" owari="328,12.8,158,-24.2,-55,-55.5,569,66.9" /></mjloggm>