<mjloggm ver="2.3"><GO type="225" lobby="0"/><UN n0="%70%6F%69%73%6F%6E%30%32" n1="%E3%81%BF%E3%81%BF%E3%81%9A" n2="%E3%83%96%E3%83%83%E3%83%91%E3%82%AA%E3%83%96%E3%83%81%E3%82%AD%E3%83%B3" n3="%E6%9C%88%E5%B3%B6%E5%9F%BA" dan="16,17,16,17" rate="2070.55,2207.72,2197.54,2185.94" sx="M,M,M,M"/><TAIKYOKU oya="0"/><INIT seed="0,0,0,0,0,19" ten="250,250,250,250" oya="0" hai0="29,107,28,102,4,74,90,35,132,109,60,59,0" hai1="104,41,78,83,23,128,93,99,87,134,33,12,70" hai2="21,135,43,14,26,75,44,124,50,16,117,127,24" hai3="67,81,122,71,96,55,89,112,97,11,58,40,110"/><T25/><D132/><U130/><E33/><V37/><F135/><W49/><G112/><T108/><D74/><U61/><E134/><V53/><F75/><W8/><G122/><T63/><D29/><U31/><E41/><V39/><F117/><W82/><G110/><N who="0" m="42603" /><D90/><U121/><E104/><V10/><F26/><W106/><G89/><T32/><D4/><U30/><E121/><V100/><F100/><W47/><G106/><T57/><D0/><U76/><E76/><V45/><REACH who="2" step="1"/><F39/><REACH who="2" ten="250,250,240,250" step="2"/><N who="3" m="21919" /><G97/><N who="0" m="61903" /><D35/><U65/><E130/><V79/><F79/><W91/><G96/><T129/><D129/><U54/><E128/><V86/><F86/><W114/><G91/><T72/><D72/><U95/><E99/><V120/><F120/><W73/><G73/><T38/><D38/><U1/><E78/><V88/><F88/><W36/><G36/><T13/><D13/><U125/><E1/><V18/><AGARI ba="0,1" hai="10,14,16,18,21,24,37,43,44,45,50,53,124,127" machi="18" ten="30,8000,1" yaku="1,1,0,1,52,1,54,1,53,1" doraHai="19" doraHaiUra="46" who="2" fromWho="2" sc="250,-40,250,-20,240,90,250,-20" /><INIT seed="1,0,0,2,2,50" ten="210,230,330,230" oya="1" hai0="130,86,118,43,63,10,36,89,0,96,6,47,3" hai1="54,33,60,87,27,125,38,90,66,57,95,83,12" hai2="59,22,121,78,117,80,105,55,18,107,102,127,29" hai3="13,68,99,56,35,34,67,112,119,98,9,97,21"/><U110/><E125/><V82/><F117/><W131/><G112/><T23/><D118/><U85/><E110/><V5/><F121/><W70/><G119/><T32/><D130/><U28/><E38/><V51/><F127/><W45/><G131/><T71/><D32/><U30/><E12/><V100/><F5/><W11/><G35/><T64/><D96/><U17/><E30/><V123/><F123/><W46/><G34/><T58/><D23/><U115/><E17/><V40/><F29/><W133/><G133/><T20/><D20/><U129/><E129/><V113/><F113/><W26/><G70/><T7/><D71/><U84/><E115/><V61/><F105/><W134/><G68/><T132/><D132/><U39/><E39/><V52/><F40/><W135/><G135/><T104/><D104/><U48/><REACH who="1" step="1"/><E95/><REACH who="1" ten="210,220,330,230" step="2"/><V16/><F107/><W44/><G134/><T114/><D114/><U8/><E8/><V111/><F18/><N who="3" m="12599" /><G13/><T1/><D7/><U109/><E109/><V15/><F111/><W126/><G126/><T31/><D31/><U106/><E106/><V74/><REACH who="2" step="1"/><F82/><AGARI ba="0,1" hai="0,1,3,6,10,36,43,47,58,63,64,82,86,89" machi="82" ten="30,1000,0" yaku="7,1" doraHai="50" who="0" fromWho="2" sc="210,20,220,0,330,-10,230,0" /><INIT seed="2,0,0,2,0,14" ten="230,220,320,230" oya="2" hai0="100,80,91,87,15,21,29,42,17,135,28,108,83" hai1="117,82,16,6,97,68,31,66,125,7,107,131,23" hai2="20,99,122,4,51,84,57,13,65,98,76,123,124" hai3="86,73,0,44,113,127,92,130,64,18,37,30,128"/><V79/><F124/><W39/><G73/><T53/><D108/><U111/><E117/><V2/><F2/><W112/><G0/><T47/><D135/><U46/><E125/><V90/><F123/><W58/><G127/><T56/><D100/><U43/><E31/><V70/><F70/><W126/><G30/><T3/><D3/><U59/><E68/><V102/><F122/><W121/><G121/><T54/><D83/><U93/><E107/><V34/><F34/><W71/><G71/><T24/><D56/><U41/><E82/><V11/><F20/><W19/><G126/><T134/><D134/><U32/><E32/><V69/><F69/><W27/><G27/><T119/><D119/><U36/><E131/><N who="3" m="50218" /><G64/><T35/><REACH who="0" step="1"/><D29/><REACH who="0" ten="220,220,320,230" step="2"/><U55/><E111/><V85/><F57/><W78/><G58/><T67/><D67/><U33/><E66/><V118/><F102/><W106/><G106/><T114/><D114/><N who="3" m="44137" /><G44/><T49/><AGARI ba="0,1" hai="15,17,21,24,28,35,42,47,49,53,54,80,87,91" machi="49" ten="20,5200,0" yaku="1,1,0,1,7,1,52,1,53,0" doraHai="14" doraHaiUra="96" who="0" fromWho="0" sc="220,62,220,-13,320,-26,230,-13" /><INIT seed="3,0,0,5,4,50" ten="282,207,294,217" oya="3" hai0="74,15,24,6,73,121,76,120,34,43,101,97,57" hai1="5,4,1,79,30,106,109,17,3,16,19,42,8" hai2="11,82,110,104,128,134,113,117,87,70,66,27,60" hai3="44,90,126,52,63,118,130,85,80,38,86,77,0"/><W89/><G118/><T2/><D2/><N who="1" m="523" /><E79/><V54/><F113/><W69/><G126/><T10/><D43/><U116/><E42/><V35/><F117/><W62/><G38/><T115/><D115/><U40/><E40/><V100/><F11/><W51/><G0/><T98/><D98/><U75/><E116/><V94/><F110/><W102/><G130/><T61/><D24/><U72/><E72/><BYE who="1" /><V37/><F134/><W59/><G102/><T95/><D34/><U46/><E46/><V47/><F94/><N who="3" m="54575" /><G69/><UN n1="%E3%81%BF%E3%81%BF%E3%81%9A" /><T67/><REACH who="0" step="1"/><D76/><REACH who="0" ten="272,207,294,217" step="2"/><U99/><E99/><N who="2" m="61471" /><F128/><W29/><G29/><T64/><D64/><U125/><E106/><V103/><F37/><W26/><G26/><T65/><D65/><U78/><E125/><V133/><F133/><W14/><G77/><T22/><D22/><U105/><E105/><V41/><F27/><W107/><G107/><T23/><D23/><U36/><E109/><V18/><F35/><W49/><G14/><T13/><D13/><N who="1" m="7207" /><E36/><V123/><F66/><W131/><G131/><T114/><D114/><U12/><E30/><V20/><F70/><W45/><G45/><T68/><D68/><U39/><E39/><V88/><F47/><W21/><G21/><T32/><D32/><U96/><E96/><V55/><F20/><W91/><G91/><T124/><D124/><U122/><E122/><AGARI ba="0,1" hai="6,10,15,57,61,67,73,74,95,97,101,120,121,122" machi="122" ten="40,1300,0" yaku="1,1,53,0" doraHai="50" doraHaiUra="84" who="0" fromWho="1" sc="272,23,207,-13,294,0,217,0" /><INIT seed="4,0,0,4,2,125" ten="295,194,294,217" oya="0" hai0="15,78,31,40,3,103,126,82,121,25,128,106,75" hai1="48,56,88,104,91,97,119,4,84,93,38,131,18" hai2="2,44,123,46,89,6,117,96,35,57,118,105,36" hai3="92,86,28,114,76,43,110,108,19,53,63,87,58"/><T71/><D121/><U109/><E119/><N who="2" m="45579" /><F123/><W22/><G114/><T14/><D3/><U66/><E109/><V65/><F35/><W29/><G110/><T32/><D126/><U23/><E38/><V74/><F74/><W50/><G108/><T9/><D128/><U59/><E131/><V101/><F36/><W127/><G127/><T90/><D71/><U45/><E4/><V37/><F37/><W111/><G111/><T129/><D129/><U61/><E104/><V54/><F65/><W30/><G76/><T34/><D40/><U47/><E56/><V26/><F26/><N who="3" m="14687" /><G92/><T72/><D34/><U124/><E48/><N who="2" m="30919" /><F89/><W107/><G107/><T1/><D75/><U24/><REACH who="1" step="1"/><E124/><REACH who="1" ten="295,184,294,217" step="2"/><V5/><F5/><W13/><G50/><T98/><REACH who="0" step="1"/><D90/><REACH who="0" ten="285,184,294,217" step="2"/><U113/><E113/><V112/><F112/><W39/><G39/><T130/><D130/><U27/><E27/><V95/><F105/><W115/><G115/><T10/><D10/><AGARI ba="0,2" hai="2,6,10,44,46,95,96,101" m="30919,45579" machi="10" ten="30,1000,0" yaku="12,1" doraHai="125" who="2" fromWho="0" sc="285,-10,184,0,294,30,217,0" owari="275,7.5,184,-31.6,324,42.4,217,-18.3" /></mjloggm>