<mjloggm ver="2.3"><GO type="225" lobby="0"/><UN n0="%E9%BB%99%E8%81%B4%E3%81%AE%E3%81%99%E3%82%9D%E3%82%81" n1="%E3%81%BF%E3%81%BF%E3%81%9A" n2="%E6%A1%9C%E8%8A%B1%E9%96%83%E3%80%85" n3="%E4%BF%BA%E3%81%A8%E5%A6%96%E5%A4%A2" dan="16,17,16,16" rate="2148.38,2192.81,2103.67,2200.29" sx="M,M,M,F"/><TAIKYOKU oya="0"/><INIT seed="0,0,0,4,0,90" ten="250,250,250,250" oya="0" hai0="55,69,31,14,37,80,96,98,8,68,17,45,22" hai1="119,66,95,28,112,104,114,108,41,52,57,81,47" hai2="122,63,88,115,43,97,42,0,67,126,129,9,123" hai3="109,26,4,29,130,19,124,118,134,10,58,84,85"/><T132/><D132/><U116/><E104/><V33/><F33/><W23/><G118/><N who="1" m="45098" /><E28/><V56/><F115/><N who="1" m="44073" /><E81/><V75/><F126/><W27/><G124/><T73/><D69/><U1/><E1/><V120/><F129/><W117/><G117/><T62/><D68/><U100/><E108/><V34/><F75/><W125/><G125/><T39/><D39/><N who="1" m="21951" /><E100/><V113/><F34/><W91/><G109/><T78/><D37/><U3/><E3/><V111/><F111/><W51/><G85/><T30/><D30/><U86/><E86/><V83/><F113/><W46/><G4/><T128/><D31/><U60/><E95/><V110/><F110/><W70/><G10/><T32/><D8/><U20/><E20/><V106/><F106/><W94/><G27/><T99/><D32/><U61/><E61/><V49/><F83/><W16/><G130/><T93/><D128/><U65/><AGARI ba="0,0" hai="52,57,60,65,66" m="21951,44073,45098" machi="65" ten="40,8000,1" yaku="11,1,34,2,54,1" doraHai="90" who="1" fromWho="1" sc="250,-40,250,80,250,-20,250,-20" /><INIT seed="1,0,0,1,5,6" ten="210,330,230,230" oya="1" hai0="81,135,83,48,116,120,109,17,98,110,19,106,96" hai1="75,2,59,28,14,36,9,54,47,31,44,27,126" hai2="78,65,89,51,16,95,112,60,62,56,94,114,49" hai3="20,58,15,132,130,125,45,122,128,111,39,52,119"/><U50/><E126/><V100/><F78/><W25/><G122/><T99/><D116/><U97/><E75/><V13/><F62/><W87/><G125/><T42/><D106/><U102/><E2/><V0/><F0/><W129/><G119/><T46/><D135/><U29/><E36/><V53/><F100/><W133/><G87/><T11/><D120/><U66/><E27/><V33/><F33/><W18/><G111/><N who="0" m="42507" /><D19/><U72/><E72/><V123/><F123/><W113/><G113/><N who="2" m="43625" /><F89/><W108/><G108/><T24/><D24/><U85/><E85/><V127/><F127/><W105/><G105/><T23/><D23/><U61/><E44/><N who="2" m="27815" /><F51/><N who="3" m="31007" /><G25/><T131/><D131/><U82/><E82/><V68/><F68/><W101/><G101/><T55/><D55/><U21/><E21/><AGARI ba="0,0" hai="13,16,21,56,60,65,94,95" m="27815,43625" machi="21" ten="30,2000,0" yaku="11,1,54,1" doraHai="6" who="2" fromWho="1" sc="210,0,330,-20,230,20,230,0" /><INIT seed="2,0,0,0,5,115" ten="210,310,250,230" oya="2" hai0="74,100,96,41,105,124,47,97,49,23,36,130,62" hai1="29,80,57,19,78,61,87,48,106,65,88,17,82" hai2="28,32,26,126,125,71,113,8,55,110,73,85,10" hai3="72,109,112,42,83,54,22,127,128,64,9,14,59"/><V89/><F113/><W116/><G112/><T56/><D130/><U30/><E106/><V119/><F73/><W68/><G128/><T35/><D124/><N who="2" m="47722" /><F110/><W81/><G127/><T122/><D122/><U50/><E29/><V13/><F71/><W4/><G109/><T11/><D35/><U6/><E30/><V25/><F25/><W79/><G42/><T5/><D74/><U3/><E3/><V121/><F121/><W129/><G129/><T69/><D23/><U135/><E135/><V31/><F31/><W91/><G64/><T60/><D97/><U2/><E6/><N who="2" m="3223" /><F55/><W20/><G68/><T52/><REACH who="0" step="1"/><D69/><REACH who="0" ten="200,310,250,230" step="2"/><U67/><E2/><AGARI ba="0,1" hai="2,5,11,36,41,47,49,52,56,60,62,96,100,105" machi="2" ten="30,7700,0" yaku="1,1,2,1,7,1,54,1,53,0" doraHai="115" doraHaiUra="120" who="0" fromWho="1" sc="200,87,310,-77,250,0,230,0" /><INIT seed="3,0,0,4,4,19" ten="287,233,250,230" oya="3" hai0="72,104,100,93,10,119,116,133,42,65,59,24,46" hai1="38,118,25,108,51,82,117,43,48,40,81,15,14" hai2="18,52,58,113,22,39,54,17,35,130,3,115,126" hai3="11,29,120,63,41,0,109,21,7,98,110,70,97"/><W9/><G120/><T77/><D133/><U23/><E108/><N who="3" m="41578" /><G41/><T66/><D104/><U88/><E38/><V99/><F35/><W26/><G9/><T96/><D72/><U123/><E123/><V32/><F32/><W125/><G125/><T60/><D77/><U6/><E6/><V28/><F3/><W128/><G128/><T47/><D47/><U45/><E48/><V75/><F75/><W105/><G105/><T86/><D66/><AGARI ba="0,0" hai="0,7,11,21,26,29,63,66,70,97,98" m="41578" machi="66" ten="30,5800,0" yaku="14,1,10,1,52,1" doraHai="19" who="3" fromWho="0" sc="287,-58,233,0,250,0,230,58" /><INIT seed="3,1,0,2,3,2" ten="229,233,250,288" oya="3" hai0="22,68,43,65,34,17,133,96,80,35,89,72,104" hai1="56,21,20,10,16,31,118,132,53,36,88,47,30" hai2="24,23,61,115,77,87,135,4,50,76,124,93,94" hai3="29,63,110,117,51,55,102,111,13,121,130,114,60"/><W103/><G114/><T67/><D133/><U127/><E132/><V25/><F135/><W54/><G117/><T90/><D43/><U112/><E112/><V27/><F115/><W134/><G134/><T78/><D90/><U57/><E118/><V98/><F124/><W6/><G121/><T37/><D37/><U69/><E69/><V123/><F123/><W128/><G29/><N who="1" m="10762" /><E36/><V11/><F23/><N who="1" m="8777" /><E127/><V41/><F61/><W99/><G13/><T44/><D44/><U64/><E64/><V113/><F87/><W0/><G6/><T15/><D89/><U73/><E73/><V92/><F98/><W75/><G0/><T108/><D108/><N who="3" m="41513" /><G75/><T79/><D79/><U1/><E1/><V19/><F19/><W26/><G26/><T14/><D14/><N who="1" m="7255" /><E88/><V62/><F113/><W59/><G103/><T81/><D81/><U12/><E12/><V83/><F83/><W70/><G70/><T39/><D39/><U91/><E91/><V8/><F25/><W116/><G116/><T7/><D68/><U100/><E100/><V84/><F27/><W105/><G63/><T101/><REACH who="0" step="1"/><D7/><REACH who="0" ten="219,233,250,288" step="2"/><U85/><E85/><V42/><F4/><W38/><G38/><T71/><D71/><U33/><E33/><AGARI ba="1,1" hai="15,17,22,33,34,35,65,67,72,78,80,96,101,104" machi="33" ten="40,1300,0" yaku="1,1,53,0" doraHai="2" doraHaiUra="48" who="0" fromWho="1" sc="219,26,233,-16,250,0,288,0" /><INIT seed="4,0,0,5,1,114" ten="245,217,250,288" oya="0" hai0="134,79,47,86,73,68,130,38,76,90,133,53,102" hai1="131,67,1,37,120,124,55,60,112,29,96,56,113" hai2="23,87,50,74,129,110,103,19,39,105,0,49,10" hai3="82,48,46,6,54,83,7,88,17,26,89,118,20"/><T58/><D68/><U30/><E1/><V2/><F74/><W116/><G116/><T98/><D130/><U64/><E120/><V94/><F39/><W45/><G45/><T9/><D9/><U117/><E37/><V11/><F105/><W69/><G69/><T135/><D47/><U71/><E131/><V77/><F110/><W14/><G118/><T132/><N who="0" m="33792" /><DORA hai="51" /><T121/><D73/><U3/><E3/><V15/><F50/><W16/><G83/><N who="0" m="49503" /><D38/><U111/><E111/><V22/><F11/><N who="3" m="6239" /><G82/><T78/><D121/><U4/><E4/><AGARI ba="0,0" hai="4,6,7,17,20,26,46,48,54,88,89" m="6239" machi="4" ten="30,7700,0" yaku="8,1,52,1,54,2" doraHai="114,51" who="3" fromWho="1" sc="245,0,217,-77,250,0,288,77" owari="245,-15.5,140,-36.0,250,5.0,365,46.5" /></mjloggm>