<mjloggm ver="2.3"><GO type="225" lobby="0"/><UN n0="%E8%A8%88%E7%AE%97%E6%A9%9F%E8%87%AA%E7%84%B6" n1="%E3%81%AD%E3%82%80%E3%81%84%40%E9%9B%80%E9%B3%B4%E4%BC%9A" n2="%E9%A6%AC%E5%BC%95%E7%81%AB%33" n3="%E3%81%AF%E3%82%88%E3%81%8A%E3%81%98%E3%81%95%E3%82%93" dan="17,16,16,17" rate="2152.47,2184.95,2076.15,2130.90" sx="M,F,M,M"/><TAIKYOKU oya="0"/><INIT seed="0,0,0,2,5,83" ten="250,250,250,250" oya="0" hai0="2,128,120,119,133,34,59,106,118,18,63,92,125" hai1="82,32,53,56,84,36,69,46,31,51,61,68,67" hai2="126,97,0,58,129,26,14,20,104,48,8,6,95" hai3="93,5,23,57,112,16,79,15,37,134,88,30,85"/><T94/><D120/><U27/><REACH who="1" step="1"/><E36/><REACH who="1" ten="250,240,250,250" step="2"/><V114/><F114/><W55/><G37/><T3/><D119/><U109/><E109/><V72/><F126/><W41/><G112/><T113/><D118/><U80/><E80/><V33/><F129/><W123/><G123/><T121/><D121/><U17/><E17/><V52/><F72/><W13/><G134/><T89/><D18/><U130/><E130/><V91/><F104/><W73/><G73/><T43/><D106/><U66/><E66/><V81/><F81/><W64/><G64/><T108/><D125/><U62/><E62/><V132/><F132/><W70/><G70/><T71/><D63/><U124/><E124/><V65/><F65/><W47/><G79/><AGARI ba="0,1" hai="27,31,32,46,51,53,56,61,67,68,69,79,82,84" machi="79" ten="30,7700,0" yaku="21,2,7,1,52,1,53,0" doraHai="83" doraHaiUra="1" who="1" fromWho="3" sc="250,0,240,87,250,0,250,-77" /><INIT seed="1,0,0,2,0,68" ten="250,327,250,173" oya="1" hai0="54,101,12,80,19,93,100,40,69,128,43,16,6" hai1="114,112,8,73,60,18,67,27,134,129,124,56,133" hai2="55,103,14,17,45,127,122,121,119,132,89,98,7" hai3="42,1,131,123,11,120,111,51,77,102,24,50,52"/><U0/><E73/><V106/><F119/><W57/><G111/><T116/><D69/><U37/><E0/><V3/><F127/><W78/><G131/><T20/><D116/><U125/><E18/><V26/><F132/><N who="1" m="50793" /><E27/><V75/><F75/><W117/><G117/><T130/><D6/><U29/><E8/><V87/><F26/><W97/><G24/><T72/><D54/><U70/><E29/><V59/><F45/><W47/><G120/><T32/><D32/><U92/><E92/><V95/><F7/><W84/><G123/><T76/><D19/><U83/><E83/><V96/><F96/><W46/><G84/><T15/><D12/><U118/><E118/><V94/><F106/><W99/><G99/><N who="0" m="59503" /><D101/><U81/><E81/><V9/><F3/><W39/><G11/><T62/><D62/><AGARI ba="0,0" hai="9,14,17,55,59,62,87,89,94,95,98,103,121,122" machi="62" ten="30,1000,0" yaku="7,1" doraHai="68" who="2" fromWho="0" sc="250,-10,327,0,250,10,173,0" /><INIT seed="2,0,0,4,1,94" ten="240,327,260,173" oya="2" hai0="130,6,32,97,103,9,43,66,47,120,48,70,108" hai1="117,30,89,60,4,53,132,26,114,77,51,88,115" hai2="105,83,95,96,101,128,133,3,61,0,106,25,39" hai3="65,59,85,13,118,72,15,112,24,19,10,123,127"/><V122/><F122/><W93/><G72/><T5/><D120/><U8/><E117/><V52/><F39/><W119/><G123/><T126/><D32/><U42/><E77/><V34/><F128/><W121/><G121/><T44/><D130/><U131/><E42/><V104/><F133/><W23/><G127/><T33/><D33/><U62/><E131/><V116/><F116/><W11/><G112/><T82/><D126/><U55/><E132/><V129/><F129/><W78/><G118/><T67/><D108/><U27/><E55/><V107/><N who="2" m="26624" /><DORA hai="45" /><V91/><F25/><W58/><G119/><T100/><D82/><U86/><E114/><V16/><F16/><W69/><G69/><T40/><D70/><U111/><E111/><V2/><F34/><W113/><G65/><T28/><D28/><U20/><E27/><V29/><F29/><W22/><G113/><T12/><D5/><U18/><E30/><V63/><REACH who="2" step="1"/><F52/><REACH who="2" ten="240,327,250,173" step="2"/><W87/><G24/><T38/><D38/><U81/><E115/><V99/><F99/><W92/><REACH who="3" step="1"/><G78/><REACH who="3" ten="240,327,250,163" step="2"/><T57/><D66/><U125/><E125/><V46/><F46/><W35/><G35/><T76/><D76/><U71/><E26/><V84/><AGARI ba="0,2" hai="0,2,3,61,63,83,84,91,95,96,101" m="26624" machi="84" ten="70,12000,1" yaku="1,1,0,1,52,1,53,0" doraHai="94,45" doraHaiUra="74,14" who="2" fromWho="2" sc="240,-40,327,-40,250,140,163,-40" /><INIT seed="2,1,0,0,5,97" ten="200,287,390,123" oya="2" hai0="38,79,84,8,80,9,0,131,101,59,43,27,121" hai1="53,119,117,28,2,3,51,88,73,92,86,55,89" hai2="6,94,64,68,7,105,33,46,66,54,52,63,96" hai3="132,75,127,91,21,116,60,78,110,128,71,44,135"/><V83/><F33/><W118/><G21/><T133/><D121/><U70/><E73/><V106/><F94/><W134/><G91/><T130/><D133/><U61/><E28/><V108/><F83/><W87/><G87/><T19/><D101/><U114/><E114/><V125/><F125/><W74/><G78/><T100/><D100/><U99/><E117/><N who="3" m="45162" /><G44/><N who="0" m="23671" /><D0/><U123/><E119/><V48/><F46/><W65/><G127/><T82/><D82/><U126/><E123/><V4/><F4/><W26/><G26/><T85/><D85/><U124/><E55/><V29/><F96/><W35/><G35/><T57/><D27/><U129/><E3/><V109/><F29/><W36/><G75/><T107/><D107/><U112/><E2/><V34/><F34/><W113/><G74/><T1/><D19/><U37/><E126/><V98/><F98/><W39/><G113/><T122/><D122/><U95/><E112/><V93/><F93/><W69/><G110/><T45/><D45/><N who="1" m="27887" /><E124/><V10/><F106/><W103/><G103/><T40/><D40/><U67/><E37/><N who="3" m="14410" /><G128/><N who="0" m="49195" /><D1/><U20/><E129/><V56/><F105/><W31/><G31/><T72/><D72/><U90/><E89/><V115/><F115/><W77/><G77/><T25/><D25/><U16/><E16/><V50/><F109/><W11/><G11/><AGARI ba="1,0" hai="8,9,11,57,59,79,80,84" m="49195,23671" machi="11" ten="30,1000,0" yaku="19,1" doraHai="97" who="0" fromWho="3" sc="200,13,287,0,390,0,123,-13" /><INIT seed="3,0,0,2,2,78" ten="213,287,390,110" oya="3" hai0="133,6,24,30,63,60,85,62,13,115,112,17,111" hai1="3,105,81,91,86,116,128,32,108,19,113,44,8" hai2="114,39,67,2,87,77,132,29,20,125,135,95,99" hai3="0,127,45,102,134,38,121,9,119,26,117,51,110"/><W72/><G121/><T103/><D111/><U73/><E19/><V16/><F125/><W55/><G72/><T37/><D37/><U94/><E44/><V22/><F114/><N who="0" m="43562" /><D133/><U118/><E8/><V129/><F129/><W28/><G127/><T79/><D103/><U5/><E5/><V80/><F2/><W107/><G134/><N who="2" m="51241" /><F39/><W15/><G0/><T66/><D6/><U58/><E58/><V84/><F84/><W122/><G122/><T71/><D85/><U54/><E54/><V57/><F29/><W92/><G107/><T131/><D79/><N who="1" m="44271" /><E32/><V52/><F67/><W83/><G110/><T98/><D98/><U23/><E23/><V109/><F109/><W46/><G83/><T106/><D106/><U69/><E69/><V76/><F77/><W25/><G25/><T33/><D131/><U42/><E3/><V56/><F56/><W124/><G124/><T75/><D75/><U43/><E113/><V27/><F22/><AGARI ba="0,0" hai="13,17,22,24,30,33,60,62,63,66,71" m="43562" machi="22" ten="30,1000,0" yaku="11,1" doraHai="78" who="0" fromWho="2" sc="213,10,287,0,390,-10,110,0" owari="223,-17.7,287,8.7,380,48.0,110,-39.0" /></mjloggm>