<mjloggm ver="2.3"><GO type="225" lobby="0"/><UN n0="%E3%83%96%E3%83%83%E3%83%91%E3%82%AA%E3%83%96%E3%83%81%E3%82%AD%E3%83%B3" n1="%E7%99%BD%E5%80%89%E5%AF%9B%E4%B9%8B" n2="%E3%82%A4%E3%83%BC%E3%82%B1%E3%83%97%E3%83%A9" n3="%E5%85%83%E3%82%AB%E3%83%8E%E7%B3%BB%E3%83%92%E3%83%AD%E3%82%A4%E3%83%B3" dan="16,16,17,16" rate="2187.94,2138.85,2215.17,2168.30" sx="M,M,M,M"/><TAIKYOKU oya="0"/><INIT seed="0,0,0,2,1,39" ten="250,250,250,250" oya="0" hai0="81,125,60,98,14,59,115,80,114,24,116,105,134" hai1="21,29,133,96,65,112,9,108,37,43,15,50,53" hai2="99,11,20,61,124,102,27,64,30,48,55,71,94" hai3="74,107,7,69,72,42,6,66,5,86,10,1,84"/><T67/><D116/><U90/><E108/><V110/><F110/><W2/><G107/><T95/><D105/><U12/><E133/><V85/><F124/><W58/><G58/><T47/><D134/><U26/><E112/><V132/><F132/><W52/><G52/><T103/><D125/><U62/><E37/><V54/><F11/><W22/><G22/><T127/><D127/><U44/><E53/><V121/><F121/><W68/><G66/><T76/><D14/><U106/><E9/><V89/><REACH who="2" step="1"/><F48/><REACH who="2" ten="250,250,240,250" step="2"/><W83/><G10/><T119/><D119/><U35/><E21/><V57/><F57/><W101/><G68/><T118/><D118/><U13/><E90/><V135/><F135/><W19/><G69/><T100/><D114/><U41/><E44/><V31/><F31/><W92/><G1/><T128/><D115/><U117/><E50/><V4/><F4/><W63/><G6/><T130/><D47/><U131/><E117/><V0/><F0/><W109/><G5/><T23/><D103/><N who="1" m="62823" /><E131/><N who="0" m="50217" /><D76/><U87/><E87/><V104/><AGARI ba="0,1" hai="20,27,30,54,55,61,64,71,85,89,94,99,102,104" machi="104" ten="20,2700,0" yaku="1,1,0,1,7,1,53,0" doraHai="39" doraHaiUra="34" who="2" fromWho="2" sc="250,-13,250,-7,240,37,250,-7" /><INIT seed="1,0,0,2,2,92" ten="237,243,277,243" oya="1" hai0="119,56,54,116,120,64,38,99,97,98,63,75,60" hai1="13,28,49,66,36,17,124,61,125,69,102,111,79" hai2="131,16,134,48,72,91,94,83,128,52,53,87,34" hai3="90,112,44,126,41,85,20,96,37,86,26,59,95"/><U32/><E36/><V23/><F34/><W109/><G112/><T2/><D120/><U47/><E111/><V12/><F134/><W77/><G109/><T84/><D75/><U9/><E79/><N who="2" m="44519" /><F48/><W93/><G126/><T19/><D38/><U50/><E102/><V67/><F67/><W110/><G110/><T31/><D2/><U11/><E11/><V0/><F0/><W89/><G59/><T129/><D129/><AGARI ba="0,0" hai="12,16,23,52,53,87,91,94,128,129,131" m="44519" machi="129" ten="30,3900,0" yaku="19,1,54,2" doraHai="92" who="2" fromWho="0" sc="237,-39,243,0,277,39,243,0" /><INIT seed="2,0,0,0,0,118" ten="198,243,316,243" oya="2" hai0="57,104,7,77,116,4,1,47,13,51,130,19,71" hai1="52,79,94,55,81,60,111,30,12,66,117,74,56" hai2="38,127,3,96,31,58,65,82,112,53,64,95,103" hai3="91,37,46,24,122,102,133,129,59,134,99,14,98"/><V34/><F112/><W135/><G129/><T5/><D116/><U45/><E117/><V42/><F3/><W132/><N who="3" m="33792" /><DORA hai="0" /><W2/><G2/><T126/><D71/><U41/><E111/><V48/><F127/><W86/><G122/><T25/><D104/><U97/><E30/><V106/><F82/><W44/><G37/><T20/><D130/><U69/><E12/><V43/><F106/><W121/><G121/><T100/><D126/><U90/><REACH who="1" step="1"/><E69/><REACH who="1" ten="198,233,316,243" step="2"/><V17/><F31/><W61/><G14/><T78/><D1/><U119/><E119/><V21/><F34/><W70/><G70/><T125/><D125/><U75/><E75/><V89/><F38/><AGARI ba="0,1" hai="38,41,45,52,55,56,60,66,74,79,81,90,94,97" machi="38" ten="30,8000,1" yaku="1,1,7,1,54,1,53,2" doraHai="118,0" doraHaiUra="87,62" who="1" fromWho="2" sc="198,0,233,90,316,-80,243,0" /><INIT seed="3,0,0,0,0,116" ten="198,323,236,243" oya="3" hai0="104,68,58,113,17,30,0,34,47,81,26,74,63" hai1="134,69,114,21,65,71,94,16,45,120,111,78,84" hai2="90,20,49,72,93,28,38,25,88,11,22,106,51" hai3="18,119,132,98,56,46,48,27,8,54,105,79,128"/><W80/><G119/><T91/><D113/><U95/><E114/><V92/><F106/><W15/><G132/><T29/><D0/><U50/><E134/><V129/><F38/><W100/><G128/><T66/><D104/><U10/><E10/><V76/><F129/><W83/><G27/><T122/><D30/><U31/><E31/><V62/><F72/><W59/><REACH who="3" step="1"/><G83/><REACH who="3" ten="198,323,236,233" step="2"/><T102/><D102/><U55/><E111/><V130/><F130/><W77/><G77/><T125/><D125/><U118/><E118/><V42/><F76/><W9/><G9/><T73/><D47/><U24/><E78/><V115/><F115/><W101/><G101/><T131/><D131/><U103/><E103/><V135/><F135/><W117/><G117/><T44/><D44/><U6/><E45/><V87/><F11/><W89/><G89/><T61/><D122/><U2/><E24/><V43/><F25/><W110/><G110/><T96/><D81/><U53/><E120/><V82/><F82/><W37/><G37/><T4/><D4/><U19/><E6/><V57/><F90/><W70/><G70/><T7/><D7/><U41/><E71/><V5/><F88/><W14/><G14/><T13/><D91/><U123/><E69/><V107/><F5/><W75/><AGARI ba="0,1" hai="8,15,18,46,48,54,56,59,75,79,80,98,100,105" machi="75" ten="20,3900,0" yaku="1,1,0,1,7,1,53,0" doraHai="116" doraHaiUra="33" who="3" fromWho="3" sc="198,-13,323,-13,236,-13,233,49" /><INIT seed="3,1,0,4,5,91" ten="185,310,223,282" oya="3" hai0="48,93,61,75,90,132,26,59,85,100,34,53,7" hai1="27,98,39,123,33,15,86,42,73,28,83,8,68" hai2="36,71,118,52,109,89,41,55,105,108,45,63,19" hai3="129,110,82,88,69,111,106,119,56,131,127,2,29"/><W87/><G119/><T66/><D132/><U80/><E68/><V99/><F118/><W51/><G127/><T32/><D75/><U12/><E123/><V113/><F113/><W14/><G2/><T70/><D7/><U72/><E83/><V1/><F1/><W4/><G69/><T50/><D100/><U46/><E98/><V3/><F3/><W21/><G106/><T22/><REACH who="0" step="1"/><D50/><REACH who="0" ten="175,310,223,282" step="2"/><U117/><E117/><V130/><F130/><W77/><G4/><T31/><AGARI ba="1,1" hai="22,26,31,32,34,48,53,59,61,66,70,85,90,93" machi="31" ten="20,12000,2" yaku="1,1,2,1,0,1,7,1,52,1,53,1" doraHai="91" doraHaiUra="17" who="0" fromWho="0" sc="175,133,310,-31,223,-31,282,-61" owari="308,40.8,279,7.9,192,-30.8,221,-17.9" /></mjloggm>