<mjloggm ver="2.3"><GO type="225" lobby="0"/><UN n0="%E3%83%81%E3%83%83%E3%82%BF%E3%82%BD%E3%83%BC" n1="%72%69%6F%75%63%68%61%6E" n2="%E3%81%95%E3%81%8D%E3%81%9F%E3%81%BE%E6%9E%97%E6%AA%8E" n3="%E3%81%BF%E3%81%BF%E3%81%9A" dan="16,16,16,17" rate="2187.99,2147.05,2137.55,2236.43" sx="F,M,M,M"/><TAIKYOKU oya="0"/><INIT seed="0,0,0,2,3,46" ten="250,250,250,250" oya="0" hai0="130,3,99,32,76,88,113,42,121,49,104,18,77" hai1="134,111,7,117,66,63,96,103,87,68,125,97,132" hai2="86,12,57,29,83,38,25,36,135,112,82,20,54" hai3="50,5,0,11,23,127,56,70,93,78,94,128,15"/><T41/><D113/><U106/><E111/><V131/><F135/><N who="1" m="51753" /><E117/><V71/><F131/><W73/><G70/><T17/><D32/><U40/><E125/><V47/><F112/><W64/><G127/><T124/><D3/><U19/><E7/><V61/><F71/><W1/><G128/><T39/><D121/><U2/><E2/><V14/><F38/><W67/><G0/><T10/><D39/><U58/><E40/><V105/><F105/><W55/><G78/><N who="0" m="30315" /><D104/><U26/><E87/><V120/><F120/><W60/><G73/><T80/><D124/><U100/><E68/><V37/><F37/><W102/><G1/><T13/><D18/><U114/><E114/><V90/><F83/><W92/><G102/><N who="1" m="38954" /><E106/><V33/><F33/><W16/><G60/><T65/><D130/><U44/><E44/><V34/><F34/><W43/><G43/><T72/><D72/><U35/><E19/><V24/><F24/><W122/><G122/><T129/><D129/><U53/><E66/><N who="3" m="25130" /><G5/><T85/><D65/><U21/><E35/><V89/><F36/><W6/><G6/><T101/><D101/><U79/><E79/><N who="2" m="46431" /><F47/><W59/><G56/><T118/><D118/><U30/><AGARI ba="0,0" hai="21,26,30,53,58,63,96,97" m="38954,51753" machi="30" ten="30,1100,0" yaku="20,1" doraHai="46" who="1" fromWho="1" sc="250,-5,250,11,250,-3,250,-3" /><INIT seed="1,0,0,1,4,9" ten="245,261,247,247" oya="1" hai0="8,1,92,56,26,121,103,112,80,126,67,119,62" hai1="85,107,25,115,53,23,14,70,18,20,131,135,29" hai2="35,45,17,117,2,69,59,21,122,50,95,37,129" hai3="77,130,127,44,40,42,63,33,110,57,71,82,36"/><U60/><E115/><V15/><F117/><W118/><G118/><T28/><D112/><U106/><E131/><V66/><F122/><W124/><G130/><T38/><D126/><N who="3" m="48169" /><G110/><T89/><D121/><U90/><E135/><V30/><F129/><W48/><G33/><T22/><D38/><U54/><E54/><V6/><F37/><W88/><G71/><T13/><D1/><U65/><REACH who="1" step="1"/><E53/><REACH who="1" ten="245,251,247,247" step="2"/><N who="2" m="29903" /><F69/><W16/><G42/><T75/><D119/><U120/><E120/><V109/><F109/><W10/><G63/><T102/><D62/><U24/><E24/><V113/><F113/><W111/><G111/><T104/><D67/><U41/><E41/><V43/><F43/><W0/><G36/><T84/><D26/><U114/><E114/><V68/><F66/><W87/><G57/><T34/><D56/><U91/><E91/><V73/><F59/><W31/><G31/><T97/><D28/><U86/><E86/><V133/><F68/><W76/><G0/><T74/><D75/><U55/><E55/><V94/><F73/><W7/><G7/><T128/><D74/><U83/><AGARI ba="0,1" hai="14,18,20,23,25,29,60,65,70,83,85,90,106,107" machi="83" ten="20,7800,0" yaku="1,1,0,1,7,1,52,1,53,0" doraHai="9" doraHaiUra="116" who="1" fromWho="1" sc="245,-26,251,88,247,-26,247,-26" /><INIT seed="1,1,0,2,1,74" ten="219,339,221,221" oya="1" hai0="48,75,7,58,101,93,1,108,0,90,53,112,16" hai1="117,109,103,77,28,86,19,81,2,88,72,104,9" hai2="120,64,47,92,131,115,80,54,113,41,76,79,83" hai3="8,102,23,99,45,98,59,32,114,118,96,22,82"/><U130/><E117/><V60/><F131/><W106/><G32/><T111/><D112/><N who="2" m="43082" /><F120/><W68/><G114/><T52/><D75/><U94/><E130/><V127/><F127/><W119/><G68/><T89/><D101/><U91/><E109/><N who="0" m="42057" /><D53/><U66/><E28/><V30/><F30/><W105/><G59/><T121/><D121/><U51/><E66/><V71/><F54/><W107/><G8/><N who="0" m="2151" /><D1/><U110/><E110/><V132/><F132/><W34/><G34/><T18/><D89/><N who="1" m="53559" /><E51/><N who="2" m="27119" /><F92/><W26/><G45/><T49/><D49/><U63/><E63/><V85/><F83/><W122/><G122/><T56/><D56/><U24/><E2/><V100/><F100/><W133/><G102/><T21/><D21/><N who="3" m="7689" /><G82/><T17/><D17/><U123/><E123/><V67/><F67/><W40/><G40/><T125/><D125/><U84/><E24/><V70/><F70/><W57/><G57/><T37/><D37/><U3/><E3/><V134/><F134/><W55/><G133/><T6/><D6/><U42/><E42/><V97/><F97/><AGARI ba="1,0" hai="16,18,48,52,58,90,93,97" m="2151,42057" machi="97" ten="30,3900,0" yaku="14,1,54,2" doraHai="74" who="0" fromWho="2" sc="219,42,339,0,221,-42,221,0" /><INIT seed="2,0,0,5,2,7" ten="261,339,179,221" oya="2" hai0="76,80,118,99,97,129,75,6,86,73,53,96,35" hai1="121,3,78,20,79,72,126,24,69,49,125,12,82" hai2="26,106,18,98,101,30,120,81,67,47,51,34,94" hai3="105,87,71,60,103,111,58,11,41,113,104,9,37"/><V68/><F120/><W61/><G111/><T42/><D35/><U93/><E3/><V57/><F57/><W8/><G113/><T123/><D123/><U40/><E121/><V83/><F94/><W1/><G1/><T63/><D129/><U48/><E69/><V36/><F36/><W119/><G119/><T92/><D118/><U39/><E79/><V0/><F0/><W29/><G29/><T14/><D42/><U90/><E12/><V108/><F108/><W124/><G124/><N who="1" m="47722" /><E40/><V16/><F83/><W95/><G71/><T127/><D127/><U74/><E72/><V84/><F67/><W85/><G103/><N who="0" m="60807" /><D73/><U100/><E100/><V88/><REACH who="2" step="1"/><F68/><REACH who="2" ten="261,339,169,221" step="2"/><W134/><G95/><T43/><D80/><U130/><E39/><V112/><F112/><W131/><G131/><T107/><D107/><U62/><E130/><V116/><F116/><W13/><G104/><T133/><D97/><N who="1" m="57527" /><E62/><V55/><AGARI ba="0,1" hai="16,18,26,30,34,47,51,55,81,84,88,98,101,106" machi="55" ten="20,18000,2" yaku="1,1,0,1,7,1,54,2,53,1" doraHai="7" doraHaiUra="46" who="2" fromWho="2" sc="261,-60,339,-60,169,190,221,-60" /><INIT seed="2,1,0,0,0,109" ten="201,279,359,161" oya="2" hai0="54,98,124,117,112,105,58,94,35,29,126,133,23" hai1="113,39,43,88,131,12,11,33,56,5,14,114,80" hai2="27,74,17,19,82,128,9,83,18,40,4,13,104" hai3="57,48,66,2,116,132,125,63,20,89,31,34,45"/><V24/><F104/><W127/><G2/><T10/><D117/><U93/><E33/><V119/><F119/><W8/><G116/><T26/><D133/><U42/><E131/><V122/><F122/><W60/><G34/><T72/><D72/><U55/><E80/><V102/><F74/><W6/><G132/><T46/><D105/><U115/><E14/><V118/><F118/><W107/><G107/><T41/><D35/><U96/><REACH who="1" step="1"/><E39/><REACH who="1" ten="201,269,359,161" step="2"/><V111/><F83/><W36/><G36/><T101/><D112/><U97/><E97/><V53/><F82/><W75/><G75/><T1/><D1/><U90/><E90/><V129/><F13/><N who="3" m="5271" /><G89/><T50/><REACH who="0" step="1"/><D10/><REACH who="0" ten="191,269,359,161" step="2"/><U106/><E106/><V73/><F9/><W0/><G0/><T84/><D84/><U25/><E25/><V7/><F27/><N who="3" m="16871" /><G127/><T95/><D95/><U71/><E71/><V110/><F24/><W44/><G125/><T78/><D78/><U135/><E135/><V52/><F111/><W28/><G28/><T86/><D86/><U61/><AGARI ba="1,2" hai="5,11,12,42,43,55,56,61,88,93,96,113,114,115" machi="61" ten="30,12000,2" yaku="1,1,0,1,52,3,54,1,53,1" doraHai="109" doraHaiUra="91" who="1" fromWho="1" sc="191,-31,269,143,359,-61,161,-31" /><INIT seed="3,0,0,3,5,97" ten="160,412,298,130" oya="3" hai0="124,121,86,4,118,5,83,59,51,3,99,65,33" hai1="54,21,48,133,90,6,127,58,43,72,98,45,125" hai2="113,93,52,115,132,39,130,24,14,105,122,95,61" hai3="75,129,94,128,27,103,78,40,35,57,37,56,96"/><W114/><G114/><T67/><D124/><N who="1" m="47691" /><E72/><V26/><F39/><W77/><G40/><T70/><D70/><U119/><E119/><V38/><F38/><W71/><G37/><T44/><D33/><U104/><E133/><V109/><F109/><W15/><G71/><T25/><D118/><U11/><E21/><V9/><F105/><W13/><G27/><T131/><D131/><N who="3" m="50249" /><G35/><T102/><D25/><U36/><E104/><V34/><F34/><W79/><G75/><T82/><D121/><U32/><E32/><V8/><F122/><W18/><G13/><T16/><D16/><U50/><E98/><V76/><F14/><W19/><G18/><T17/><D17/><U1/><E90/><V134/><F130/><W7/><G7/><N who="0" m="2635" /><D3/><U106/><E106/><V84/><F26/><W12/><G12/><T73/><D73/><U2/><E2/><V120/><F24/><W126/><G126/><T68/><D68/><U80/><E80/><N who="0" m="30761" /><D86/><U22/><E22/><AGARI ba="0,0" hai="15,19,22,56,57,77,78,79,94,96,103" m="50249" machi="22" ten="30,2900,0" yaku="19,1,52,1" doraHai="97" who="3" fromWho="1" sc="160,0,412,-29,298,0,130,29" /><INIT seed="3,1,0,5,1,9" ten="160,383,298,159" oya="3" hai0="51,13,11,133,114,112,122,33,134,50,87,19,31" hai1="8,34,74,119,40,16,39,35,46,2,20,132,97" hai2="94,84,10,55,70,7,36,38,100,69,115,59,68" hai3="30,125,123,91,37,124,21,67,47,17,71,109,45"/><W118/><G118/><T98/><D122/><U53/><E119/><V101/><F115/><N who="0" m="44074" /><D98/><U105/><E132/><N who="0" m="50793" /><D87/><U120/><E120/><V107/><F107/><W104/><G123/><T66/><D66/><U58/><E74/><V89/><F38/><W117/><G117/><T78/><D78/><U15/><E2/><V83/><F36/><W62/><G104/><T93/><D93/><U18/><E18/><V73/><F73/><W111/><G30/><T1/><D1/><U135/><E8/><V95/><F101/><W72/><G72/><T113/><N who="0" m="44082" /><T99/><DORA hai="131" /><D99/><U92/><E105/><V27/><F100/><W3/><G3/><T57/><D57/><U52/><E135/><V88/><F95/><W61/><G91/><T0/><D0/><U43/><E97/><V6/><F59/><W44/><G37/><T106/><D106/><U81/><E92/><V12/><F94/><W86/><G86/><T5/><D5/><U90/><E39/><V60/><F70/><W96/><G96/><T126/><D126/><N who="3" m="48745" /><G62/><T56/><D56/><U28/><E58/><V64/><F60/><W42/><G42/><T32/><D32/><U121/><E34/><V4/><F84/><W102/><G102/><T48/><D33/><U22/><E35/><V129/><F69/><W49/><G49/><N who="0" m="12547" /><T14/><DORA hai="76" /><D31/><U26/><E121/><V80/><F68/><W130/><G130/><T63/><D13/><AGARI ba="1,0" hai="13,17,21,44,45,47,61,67,71,109,111" m="48745" machi="13" ten="40,3900,0" yaku="18,1,52,1" doraHai="9,131,76" who="3" fromWho="0" sc="160,-42,383,0,298,0,159,42" /><INIT seed="3,2,0,3,2,37" ten="118,383,298,201" oya="3" hai0="9,133,103,83,81,84,90,17,55,28,38,111,76" hai1="132,85,36,16,78,46,69,68,71,31,4,3,60" hai2="35,65,14,26,24,20,123,66,41,15,98,93,110" hai3="61,27,131,120,79,0,30,113,87,49,102,108,39"/><W6/><G113/><T70/><D111/><U22/><E132/><V57/><F110/><W96/><G39/><T53/><D133/><U72/><E31/><V29/><F123/><W8/><G108/><T77/><D70/><U40/><E85/><V91/><F41/><W54/><G120/><T116/><D38/><U23/><E60/><V2/><F2/><W51/><G131/><T86/><D116/><U58/><E58/><V44/><F44/><W47/><G61/><T124/><D124/><U1/><E16/><V45/><F45/><W64/><G64/><T63/><D103/><U32/><E32/><V50/><F66/><W5/><G51/><T128/><D128/><U125/><E125/><V33/><F33/><W118/><G118/><T80/><D28/><U43/><E43/><V21/><F35/><W25/><G6/><T129/><D129/><U62/><E62/><V134/><F134/><W114/><G114/><T130/><D130/><U95/><E95/><V75/><F75/><W105/><G30/><T59/><D90/><U112/><E112/><V7/><F7/><W42/><G54/><T12/><REACH who="0" step="1"/><D81/><REACH who="0" ten="108,383,298,201" step="2"/><N who="1" m="45255" /><E1/><V48/><F48/><W67/><G102/><T99/><D99/><U82/><E82/><V52/><REACH who="2" step="1"/><F65/><AGARI ba="2,1" hai="9,12,17,53,55,59,63,65,76,77,80,83,84,86" machi="65" ten="30,7700,0" yaku="1,1,7,1,9,1,8,1,53,0" doraHai="37" doraHaiUra="97" who="0" fromWho="2" sc="108,93,383,0,298,-83,201,0" owari="201,-19.9,383,48.3,215,1.5,201,-29.9" /></mjloggm>