<mjloggm ver="2.3"><GO type="225" lobby="0"/><UN n0="%E7%99%BD%E5%80%89%E5%AF%9B%E4%B9%8B" n1="%E6%9C%88%E5%B3%B6%E5%9F%BA" n2="%65%76%69%61%6E%36%31%39" n3="%69%4F%4B%4F%69" dan="16,16,16,16" rate="2126.46,2137.04,2031.02,2134.61" sx="M,M,M,M"/><TAIKYOKU oya="0"/><INIT seed="0,0,0,0,2,48" ten="250,250,250,250" oya="0" hai0="95,42,57,105,72,35,7,46,9,93,34,118,16" hai1="65,40,111,94,68,5,17,86,102,31,24,106,21" hai2="123,33,51,128,2,135,97,124,133,14,84,122,126" hai3="59,127,26,62,108,131,18,109,37,1,101,89,87"/><T81/><D105/><U38/><E111/><N who="3" m="42570" /><G37/><T0/><D118/><U112/><E112/><V20/><F51/><W36/><G36/><N who="0" m="21831" /><D57/><U78/><E5/><V39/><F84/><W103/><G1/><T90/><D16/><U12/><E106/><V58/><F58/><W129/><G127/><N who="2" m="48681" /><F97/><W116/><G116/><T121/><D121/><N who="2" m="46090" /><F39/><W30/><G18/><T19/><D19/><U23/><E40/><V49/><F2/><W50/><G50/><T73/><D73/><U25/><E38/><V134/><F49/><W11/><G11/><T71/><D71/><U110/><E68/><V22/><F33/><N who="0" m="12298" /><D90/><U60/><E110/><V98/><F98/><W44/><G26/><T10/><D10/><U41/><E25/><V91/><F91/><W96/><G30/><T85/><D85/><U64/><E41/><V8/><F128/><N who="3" m="49227" /><G96/><T88/><D88/><U75/><E24/><V67/><F67/><N who="3" m="39391" /><G44/><T61/><D61/><U77/><E60/><V132/><F132/><W104/><G104/><T28/><D28/><U56/><E31/><V69/><F22/><W29/><G29/><T53/><D53/><U117/><E23/><V99/><F20/><W114/><G114/><T92/><D92/><AGARI ba="0,0" hai="87,89,92,101,103" m="39391,49227,42570" machi="92" ten="30,2000,0" yaku="14,1,19,1" doraHai="48" who="3" fromWho="0" sc="250,-20,250,0,250,0,250,20" /><INIT seed="1,0,0,3,4,24" ten="230,250,250,270" oya="1" hai0="123,73,120,82,76,63,102,28,60,72,12,81,50" hai1="30,105,35,23,29,130,51,71,107,54,41,116,6" hai2="42,13,3,96,37,115,86,58,48,2,99,27,62" hai3="131,118,127,33,114,4,66,43,67,52,134,79,25"/><U44/><BYE who="3" /><E116/><UN n3="%69%4F%4B%4F%69" /><V46/><F115/><W45/><G114/><T40/><D102/><U122/><E122/><N who="0" m="46633" /><D12/><U36/><E71/><V32/><F37/><W103/><G118/><T88/><D40/><U61/><E35/><V17/><F99/><W98/><G131/><T7/><D50/><U55/><E6/><V47/><F47/><W74/><G127/><T119/><D7/><U15/><E130/><V20/><F96/><W39/><G134/><T9/><D9/><U0/><E0/><V95/><F95/><W104/><G4/><T69/><D119/><U90/><E105/><V22/><F86/><W65/><G74/><T92/><D69/><U109/><E107/><V101/><F32/><W91/><G79/><N who="0" m="44263" /><D28/><N who="1" m="10859" /><E36/><V129/><F101/><W93/><G104/><T19/><D19/><N who="1" m="10751" /><E61/><V11/><F129/><W5/><G5/><T133/><D133/><U97/><E109/><V111/><F111/><W8/><G39/><T106/><D106/><U38/><E38/><V83/><F3/><W135/><G33/><T10/><D10/><U128/><E128/><V110/><F11/><W18/><G8/><T132/><D132/><U87/><E97/><AGARI ba="0,0" hai="60,63,73,76,82,88,92,97" m="44263,46633" machi="97" ten="30,2000,0" yaku="13,1,54,1" doraHai="24" who="0" fromWho="1" sc="230,20,250,-20,250,0,270,0" /><INIT seed="2,0,0,4,2,135" ten="250,230,250,270" oya="2" hai0="53,113,125,115,133,96,63,101,58,31,100,8,38" hai1="67,123,76,60,81,13,27,83,99,88,11,102,14" hai2="130,22,82,61,35,33,43,48,131,109,32,74,107" hai3="23,34,19,111,128,90,55,25,116,51,66,77,57"/><V39/><F107/><W72/><G116/><T75/><D38/><U49/><E123/><V86/><F74/><W17/><G111/><T95/><D75/><U127/><E127/><V16/><F39/><W24/><G128/><T129/><D129/><N who="2" m="49162" /><F109/><W28/><G66/><T69/><D133/><U9/><E27/><N who="2" m="14791" /><F61/><W93/><G72/><T50/><D101/><U54/><E102/><V78/><F48/><W46/><G77/><T2/><D31/><U84/><E67/><V71/><F43/><W106/><G106/><T45/><D69/><AGARI ba="0,0" hai="32,33,35,69,71,78,82,86" m="14791,49162" machi="69" ten="40,3900,0" yaku="19,1,54,1" doraHai="135" who="2" fromWho="0" sc="250,-39,230,0,250,39,270,0" /><INIT seed="2,1,0,5,5,110" ten="211,230,289,270" oya="2" hai0="27,77,129,9,113,10,135,97,8,106,49,69,115" hai1="30,14,100,127,99,47,20,26,63,50,62,78,38" hai2="43,0,81,98,48,79,67,4,114,21,44,119,109" hai3="116,36,134,112,88,51,82,52,93,61,74,19,108"/><V55/><F119/><W11/><G116/><T3/><D69/><U126/><E38/><V128/><F67/><W65/><G36/><T15/><D77/><U132/><E78/><V66/><F66/><W23/><G108/><T95/><D106/><U124/><E14/><V72/><F128/><W59/><G134/><T94/><D3/><U35/><E35/><V102/><F21/><W64/><G112/><N who="0" m="43083" /><D49/><U133/><E63/><V45/><F109/><W1/><G74/><T118/><D118/><U107/><REACH who="1" step="1"/><E62/><REACH who="1" ten="211,220,289,270" step="2"/><V68/><F114/><W42/><G61/><T87/><D15/><U84/><E84/><V16/><F79/><W130/><G130/><T2/><D129/><U7/><E7/><V60/><F4/><W56/><G1/><T37/><D2/><U70/><E70/><V73/><F0/><W105/><G11/><T17/><D37/><U90/><E90/><V18/><F60/><W40/><G88/><T34/><D87/><U32/><E32/><V31/><F68/><W104/><G104/><T41/><D34/><U89/><E89/><V54/><F73/><W24/><G105/><T123/><D97/><U57/><E57/><V13/><F72/><W75/><G59/><T92/><D135/><U122/><E122/><V22/><F98/><W125/><G65/><T71/><D71/><U83/><E83/><V131/><F81/><W91/><G64/><T6/><D123/><U5/><E5/><V76/><F76/><N who="3" m="44319" /><G125/><T46/><D6/><U103/><E103/><V33/><F102/><W25/><G25/><T12/><D27/><U86/><E86/><AGARI ba="1,1" hai="19,23,24,40,42,51,52,56,86,91,93" m="44319" machi="86" ten="30,2000,0" yaku="6,1,54,1" doraHai="110" who="3" fromWho="1" sc="211,0,220,-23,289,0,270,33" /><INIT seed="3,0,0,2,2,42" ten="211,197,289,303" oya="3" hai0="17,53,76,24,49,83,123,4,32,56,37,67,41" hai1="127,29,88,84,92,44,20,99,54,33,96,117,19" hai2="108,124,10,25,55,131,75,61,121,120,16,0,52" hai3="134,109,81,91,118,36,72,60,77,65,50,26,58"/><W93/><G118/><T1/><D123/><N who="2" m="47178" /><F108/><W125/><G36/><T15/><D67/><U62/><E117/><V47/><F75/><W130/><G109/><T82/><D37/><U69/><E127/><V14/><F124/><W122/><G122/><T28/><D41/><U39/><E33/><V9/><F131/><W43/><G125/><T106/><D106/><U35/><E35/><V102/><F102/><W11/><G130/><T34/><D34/><U7/><E69/><V94/><F25/><W116/><G116/><T3/><D4/><U31/><E7/><N who="2" m="1255" /><F94/><W86/><G134/><T107/><D107/><U101/><E39/><V111/><F111/><W27/><G11/><T95/><D95/><N who="1" m="58527" /><E84/><V115/><F115/><W38/><G38/><T100/><D100/><U114/><E114/><V97/><F97/><N who="3" m="57535" /><G72/><T64/><D83/><U79/><E79/><V98/><F98/><W126/><G126/><T80/><D82/><U110/><E110/><V51/><F61/><W119/><G119/><T22/><D64/><U113/><E113/><V68/><F55/><W105/><G105/><T78/><D78/><U71/><E71/><AGARI ba="0,0" hai="10,14,16,47,51,52,68,71" m="1255,47178" machi="71" ten="30,7700,0" yaku="13,1,52,1,54,2" doraHai="42" who="2" fromWho="1" sc="211,0,197,-77,289,77,303,0" owari="211,-18.9,120,-38.0,366,46.6,303,10.3" /></mjloggm>