<mjloggm ver="2.3"><GO type="225" lobby="0"/><UN n0="%72%69%6F%75%63%68%61%6E" n1="%E5%A4%8F%E3%81%AA%E3%81%AE%E3%81%AB" n2="%E9%B4%A8%4E%45%47%49" n3="%3E%5F%30%40%E6%9D%8F%E6%9D%8F%E8%BB%8D%E5%9C%98" dan="16,17,16,16" rate="2195.69,2122.96,2075.14,2134.22" sx="M,M,M,F"/><TAIKYOKU oya="0"/><INIT seed="0,0,0,5,4,123" ten="250,250,250,250" oya="0" hai0="95,105,5,114,58,118,96,13,124,75,79,39,51" hai1="62,77,0,99,127,37,117,47,34,35,30,61,74" hai2="42,49,28,108,52,33,3,41,56,14,103,91,16" hai3="89,15,109,101,111,19,120,18,100,46,66,7,17"/><T134/><D114/><U135/><E135/><V2/><F103/><N who="3" m="39499" /><G120/><T76/><D118/><U126/><E117/><V92/><F33/><W98/><G66/><T125/><D134/><U69/><E99/><V78/><F28/><W107/><G107/><T10/><D39/><U129/><E0/><V87/><F108/><N who="3" m="41547" /><G46/><T85/><D75/><U82/><E129/><V9/><REACH who="2" step="1"/><F78/><REACH who="2" ten="250,250,240,250" step="2"/><W70/><G70/><T54/><D105/><U53/><E69/><V80/><F80/><W57/><G57/><T112/><D112/><U121/><E121/><V36/><F36/><W4/><G15/><T71/><D71/><U128/><E82/><V113/><F113/><W84/><G98/><T86/><D76/><U11/><E77/><V1/><AGARI ba="0,1" hai="1,2,3,9,14,16,41,42,49,52,56,87,91,92" machi="1" ten="30,7900,0" yaku="1,1,0,1,54,2,53,0" doraHai="123" doraHaiUra="29" who="2" fromWho="2" sc="250,-39,250,-20,240,89,250,-20" /><INIT seed="1,0,0,0,0,99" ten="211,230,329,230" oya="1" hai0="102,116,50,133,86,29,105,30,96,87,111,51,68" hai1="119,53,132,90,32,81,135,72,83,67,12,44,121" hai2="13,91,38,88,64,42,60,127,31,11,37,46,36" hai3="52,124,40,113,24,26,103,61,25,34,70,20,104"/><U77/><E119/><V101/><F127/><W47/><G113/><T0/><D111/><U27/><E121/><V48/><F31/><N who="3" m="19831" /><G124/><T79/><D133/><N who="1" m="51275" /><E12/><V100/><F91/><W109/><G109/><T108/><D108/><U65/><E32/><V57/><REACH who="2" step="1"/><F88/><REACH who="2" ten="211,230,319,230" step="2"/><W4/><G103/><T78/><D116/><U76/><E90/><V15/><F15/><W89/><G89/><T131/><D0/><U94/><E27/><V75/><F75/><W23/><G25/><T49/><D131/><U41/><E94/><V114/><F114/><W55/><G24/><T123/><D123/><U122/><E122/><V125/><F125/><W130/><G130/><T82/><REACH who="0" step="1"/><D68/><REACH who="0" ten="201,230,319,230" step="2"/><U3/><E3/><V22/><F22/><W21/><G23/><T28/><D28/><U8/><E8/><V107/><F107/><W126/><G104/><T1/><D1/><U98/><E83/><AGARI ba="0,2" hai="29,30,49,50,51,78,79,82,83,86,87,96,102,105" machi="83" ten="40,5200,0" yaku="1,1,9,1,52,1,53,0" doraHai="99" doraHaiUra="56" who="0" fromWho="1" sc="201,72,230,-52,319,0,230,0" /><INIT seed="2,0,0,0,2,127" ten="273,178,319,230" oya="2" hai0="108,8,43,52,21,33,22,53,26,87,85,75,84" hai1="13,93,110,36,132,4,91,12,47,30,81,0,63" hai2="112,57,61,83,62,41,73,17,117,90,96,34,44" hai3="131,38,106,37,16,67,79,58,70,88,45,65,107"/><V89/><F112/><W120/><G120/><T94/><D108/><U78/><E110/><V101/><F34/><W86/><G79/><T25/><D75/><U99/><E132/><V14/><F117/><W11/><G70/><T109/><D109/><U2/><E30/><V126/><F126/><W130/><G45/><T129/><D129/><N who="3" m="49161" /><G58/><T72/><D33/><U18/><E63/><V59/><F73/><W46/><G65/><T9/><D43/><U76/><E76/><V118/><F83/><N who="3" m="49247" /><G67/><T7/><D72/><U92/><E47/><V10/><F59/><W50/><G50/><T77/><D77/><U113/><E36/><N who="3" m="13930" /><G46/><T20/><D53/><U114/><E114/><V15/><F57/><W56/><G56/><T95/><D52/><U60/><E113/><V31/><F62/><W80/><G80/><T121/><D121/><U105/><E60/><V100/><F61/><W69/><G69/><T97/><D7/><U55/><E55/><V102/><F44/><W82/><G82/><T124/><D124/><U51/><E51/><V23/><F41/><W40/><G40/><T35/><D35/><U49/><E49/><V6/><F102/><W39/><N who="3" m="13938" /><W71/><DORA hai="68" /><G71/><T64/><D64/><U27/><E81/><V42/><F42/><W98/><G98/><T111/><D111/><U125/><E78/><V104/><F101/><W3/><G16/><T123/><D123/><U5/><E125/><V1/><F17/><W66/><G66/><T24/><D97/><U54/><E18/><V115/><F96/><W128/><N who="3" m="49169" /><W133/><DORA hai="134" /><G133/><RYUUKYOKU ba="0,0" sc="273,15,178,-15,319,-15,230,15" hai0="8,9,20,21,22,24,25,26,84,85,87,94,95" hai3="3,11,106,107" /><INIT seed="3,1,0,0,3,16" ten="288,163,304,245" oya="3" hai0="40,58,14,133,77,64,81,30,24,125,91,68,63" hai1="1,5,104,73,47,17,19,129,55,112,79,86,7" hai2="25,60,45,56,119,123,92,62,11,75,121,49,102" hai3="132,89,3,28,130,38,100,48,4,103,87,10,61"/><W2/><G38/><T23/><D125/><U134/><E112/><V90/><F75/><W71/><G130/><T33/><D133/><U43/><E104/><V67/><F102/><W109/><G132/><T115/><D115/><U35/><E134/><V106/><F106/><W26/><G2/><T122/><D122/><N who="2" m="46602" /><F11/><W57/><G48/><T50/><D91/><U95/><E35/><V135/><F25/><W94/><G71/><T22/><D14/><U99/><E129/><V128/><F128/><W76/><G76/><T118/><D118/><U101/><E55/><N who="2" m="30127" /><F135/><W37/><G37/><T15/><D15/><U83/><E86/><N who="2" m="52311" /><F62/><W12/><G3/><T70/><D70/><U39/><REACH who="1" step="1"/><E7/><REACH who="1" ten="288,153,304,245" step="2"/><V65/><F119/><W52/><REACH who="3" step="1"/><G109/><REACH who="3" ten="288,153,304,235" step="2"/><T9/><D33/><AGARI ba="1,2" hai="4,10,12,26,28,33,52,57,61,87,89,94,100,103" machi="33" ten="30,11600,0" yaku="1,1,2,1,7,1,54,1,53,0" doraHai="16" doraHaiUra="32" who="3" fromWho="0" sc="288,-119,153,0,304,0,235,139" owari="169,-23.1,153,-34.7,304,10.4,374,47.4" /></mjloggm>