<mjloggm ver="2.3"><GO type="225" lobby="0"/><UN n0="%E3%82%8F%E3%81%8B%E3%81%B0%2A%E3%82%AC%E3%83%BC%E3%83%AB" n1="%E6%81%AC%E6%B7%A1%E5%AF%82%E5%AF%9E" n2="%72%69%6F%75%63%68%61%6E" n3="%E7%99%BD%E5%80%89%E5%AF%9B%E4%B9%8B" dan="16,16,16,16" rate="2086.12,2136.65,2134.73,2152.14" sx="M,F,M,M"/><TAIKYOKU oya="0"/><INIT seed="0,0,0,2,1,100" ten="250,250,250,250" oya="0" hai0="23,112,37,111,97,119,62,45,10,21,29,82,67" hai1="39,96,55,90,77,24,36,116,104,94,22,123,61" hai2="75,99,63,106,130,131,83,114,25,132,16,44,117" hai3="79,38,69,1,133,32,120,103,76,9,118,59,2"/><T11/><D112/><U84/><E116/><V12/><F114/><W53/><G69/><T91/><D119/><U15/><E123/><V54/><F117/><W128/><G38/><T30/><D111/><U27/><E15/><V60/><F132/><W34/><G133/><T71/><D45/><U41/><E27/><V125/><F125/><W57/><G128/><N who="2" m="49193" /><F25/><W43/><G43/><T73/><D37/><U115/><E41/><V6/><F6/><W51/><G120/><T33/><D33/><U47/><E115/><V87/><F75/><W126/><G126/><T107/><D73/><U110/><E110/><V124/><F124/><W35/><G118/><T129/><D129/><U58/><E47/><V18/><F99/><W102/><G9/><T86/><D21/><U108/><E108/><V72/><F72/><W8/><G8/><T135/><D135/><U122/><E122/><V50/><F106/><W4/><G4/><T95/><D107/><U52/><E55/><V98/><F98/><W101/><REACH who="3" step="1"/><G57/><REACH who="3" ten="250,250,250,240" step="2"/><T56/><D71/><U65/><E36/><V89/><F18/><W42/><G42/><T105/><D30/><N who="1" m="17687" /><E39/><V17/><F17/><W81/><G81/><T28/><D29/><U70/><E70/><V13/><F13/><W20/><G20/><AGARI ba="0,1" hai="12,16,20,44,50,54,60,63,83,87,89" m="49193" machi="20" ten="30,2000,0" yaku="19,1,54,1" doraHai="100" who="2" fromWho="3" sc="250,0,250,0,250,30,240,-20" /><INIT seed="1,0,0,0,2,13" ten="250,250,280,220" oya="1" hai0="9,130,57,99,72,84,71,14,91,49,118,100,124" hai1="131,34,80,120,119,135,79,86,5,85,7,50,65" hai2="17,98,110,63,56,16,32,125,1,2,29,54,109" hai3="20,35,39,96,123,41,111,97,60,6,23,113,19"/><U45/><E34/><V122/><F125/><W4/><G35/><T132/><D72/><U83/><E119/><V22/><F122/><W10/><G123/><T74/><D74/><U15/><E120/><V105/><F32/><W87/><G111/><N who="2" m="42505" /><F29/><W73/><G73/><T52/><D118/><U64/><E131/><V107/><F17/><W108/><G108/><T40/><D130/><U12/><E135/><V30/><F30/><W53/><G113/><T78/><D71/><U134/><E134/><V51/><F63/><W24/><G41/><T81/><D132/><U44/><E50/><V88/><F107/><W43/><G43/><T106/><D124/><U62/><E62/><V127/><F127/><W33/><G39/><T25/><D25/><U31/><E31/><V89/><F105/><W121/><G33/><T42/><REACH who="0" step="1"/><D78/><AGARI ba="0,0" hai="5,7,12,15,44,45,64,65,78,79,80,83,85,86" machi="78" ten="25,4800,0" yaku="22,2,8,1" doraHai="13" who="1" fromWho="0" sc="250,-48,250,48,280,0,220,0" /><INIT seed="1,1,0,2,4,45" ten="202,298,280,220" oya="1" hai0="96,31,74,90,76,2,23,22,11,64,134,85,98" hai1="129,49,80,6,72,16,124,56,116,70,135,83,20" hai2="38,95,50,82,42,24,47,79,84,29,51,3,21" hai3="104,1,53,97,55,52,123,106,113,25,132,130,8"/><U117/><E70/><V78/><F3/><W44/><G123/><T75/><D134/><U7/><E135/><V99/><REACH who="2" step="1"/><F78/><REACH who="2" ten="202,298,270,220" step="2"/><W59/><G1/><T127/><D2/><U14/><E117/><V118/><F118/><W100/><G132/><T46/><D76/><U58/><E116/><V112/><F112/><W62/><G113/><T114/><D114/><U91/><E72/><V105/><F105/><W61/><G106/><T10/><D74/><U13/><E129/><V102/><AGARI ba="1,1" hai="21,24,29,38,42,47,50,51,79,82,84,95,99,102" machi="102" ten="20,12000,2" yaku="1,1,0,1,7,1,52,2,53,1" doraHai="45" doraHaiUra="37" who="2" fromWho="2" sc="202,-31,298,-61,270,133,220,-31" /><INIT seed="2,0,0,0,1,54" ten="171,237,403,189" oya="2" hai0="56,25,97,99,5,108,59,46,88,133,29,129,41" hai1="92,135,50,120,32,70,21,22,17,61,115,104,74" hai2="53,69,48,13,116,6,134,28,73,65,124,2,64" hai3="16,107,24,93,19,37,33,76,26,106,114,103,105"/><V95/><F116/><W125/><G37/><T18/><D108/><U80/><E115/><V89/><F2/><W83/><G114/><T82/><D129/><U45/><E32/><V31/><F73/><W81/><G125/><T131/><D131/><U111/><E111/><V47/><F124/><W38/><G38/><T101/><D5/><U110/><E104/><V79/><F79/><W126/><G126/><T36/><D133/><U121/><E135/><V51/><F134/><W118/><G118/><T119/><D18/><U43/><E92/><V1/><F1/><W75/><G83/><T132/><D132/><U55/><E70/><V123/><F123/><N who="1" m="47177" /><E17/><V67/><F69/><W12/><G33/><T109/><D109/><U40/><E40/><V71/><F71/><W91/><G103/><T3/><D3/><U0/><E0/><V66/><F66/><W85/><REACH who="3" step="1"/><G19/><REACH who="3" ten="171,237,403,179" step="2"/><T15/><D119/><U8/><E110/><V94/><F94/><W4/><G4/><T78/><D101/><U60/><E80/><V35/><F35/><W130/><G130/><T27/><D36/><U68/><E74/><V7/><F7/><W77/><G77/><T62/><D78/><U86/><E8/><AGARI ba="0,1" hai="8,12,16,24,26,75,76,81,85,91,93,105,106,107" machi="8" ten="40,2600,0" yaku="1,1,54,1,53,0" doraHai="54" doraHaiUra="39" who="3" fromWho="1" sc="171,0,237,-26,403,0,179,36" /><INIT seed="3,0,0,0,0,133" ten="171,211,403,215" oya="3" hai0="112,121,37,118,49,88,120,15,45,134,76,98,41" hai1="38,27,85,73,80,106,83,108,62,12,25,86,31" hai2="11,100,111,125,48,1,95,22,110,89,51,23,128" hai3="124,67,92,113,127,114,72,21,46,20,60,55,18"/><W96/><G72/><T87/><D118/><U7/><E38/><V71/><F125/><N who="3" m="48203" /><G55/><T29/><D134/><U9/><E106/><V3/><F3/><W42/><G92/><T13/><D112/><N who="3" m="43113" /><G96/><T115/><D115/><U36/><E36/><V105/><F95/><W109/><G18/><T90/><D98/><U8/><E73/><V54/><F54/><W10/><G10/><T39/><D29/><U24/><E31/><V69/><F11/><W97/><G97/><T103/><D103/><U16/><E9/><V19/><F100/><W93/><G93/><T79/><D49/><U52/><E16/><V57/><F48/><N who="3" m="26711" /><G109/><T28/><D28/><U35/><E108/><V34/><F110/><W61/><G61/><T107/><D41/><U68/><E62/><V33/><F111/><W44/><G44/><T4/><D45/><U53/><E53/><V123/><F19/><W63/><G63/><T50/><D50/><U2/><E52/><V47/><F51/><W40/><G40/><T101/><D101/><U65/><E8/><V59/><F47/><W82/><G82/><T74/><D74/><U78/><E83/><V84/><F84/><W17/><G17/><T132/><D132/><U130/><E86/><V64/><F105/><W70/><AGARI ba="0,0" hai="20,21,60,67,70" m="26711,43113,48203" machi="70" ten="30,11700,0" yaku="18,1,52,3" doraHai="133" who="3" fromWho="3" sc="171,-39,211,-39,403,-39,215,117" /><INIT seed="3,1,0,5,1,5" ten="132,172,364,332" oya="3" hai0="19,45,132,69,67,58,54,9,29,79,24,127,117" hai1="130,50,92,77,48,74,84,23,44,62,18,26,83" hai2="8,22,6,122,98,121,118,56,78,7,71,124,131" hai3="106,123,11,114,42,0,129,13,133,70,112,116,91"/><W35/><RYUUKYOKU type="yao9" ba="1,0" sc="132,0,172,0,364,0,332,0" hai3="0,11,13,35,42,70,91,106,112,114,116,123,129,133" /><INIT seed="3,2,0,2,3,110" ten="132,172,364,332" oya="3" hai0="50,106,114,1,68,46,104,78,81,45,76,122,0" hai1="58,79,124,26,88,132,126,24,3,48,100,4,20" hai2="37,12,49,67,52,66,54,77,36,21,75,133,134" hai3="60,70,117,8,125,83,65,129,10,51,101,14,95"/><W39/><G39/><N who="2" m="14921" /><F77/><N who="0" m="29802" /><D122/><U115/><E132/><N who="2" m="50795" /><F75/><W97/><G117/><T63/><D81/><U2/><E100/><V31/><F52/><W47/><G125/><N who="1" m="48234" /><E58/><N who="2" m="33103" /><F12/><W19/><G129/><T17/><D17/><U92/><E20/><V107/><F107/><N who="0" m="41002" /><D50/><U18/><E26/><AGARI ba="2,0" hai="21,26,31,66,67" m="33103,50795,14921" machi="26" ten="30,1000,0" yaku="20,1" doraHai="110" who="2" fromWho="1" sc="132,0,172,-16,364,16,332,0" owari="132,-36.8,156,-24.4,380,48.0,332,13.2" /></mjloggm>