<mjloggm ver="2.3"><GO type="225" lobby="0"/><UN n0="%72%69%6F%75%63%68%61%6E" n1="%E4%BB%8A%E6%97%A5%E4%B8%80" n2="%E5%90%91%E4%BA%95%E7%A7%80%E5%BE%B3" n3="%E3%81%BF%E3%81%BF%E3%81%9A" dan="16,17,16,18" rate="2188.06,2234.54,2018.64,2255.77" sx="M,F,M,M"/><TAIKYOKU oya="0"/><INIT seed="0,0,0,0,0,57" ten="250,250,250,250" oya="0" hai0="76,54,110,62,75,8,46,37,69,33,80,43,109" hai1="131,28,15,66,42,78,59,49,30,70,11,47,38" hai2="101,121,126,129,98,26,127,44,20,48,27,0,51" hai3="3,13,74,124,21,85,87,128,118,71,24,40,77"/><T116/><D116/><U130/><E78/><V36/><F121/><W16/><G3/><T104/><D33/><U56/><E56/><V73/><F73/><W23/><G118/><T117/><D117/><U4/><E70/><V106/><F0/><W25/><G124/><N who="2" m="47657" /><F129/><N who="1" m="49161" /><E38/><V103/><F101/><W122/><G128/><T92/><D104/><U2/><E2/><V34/><F34/><W125/><G125/><T6/><D92/><U82/><E82/><V81/><F81/><W108/><G108/><N who="0" m="41579" /><D54/><U113/><E113/><V45/><F27/><W91/><G40/><T39/><D39/><U19/><E4/><V89/><F89/><W120/><G91/><T96/><D96/><U55/><E66/><V86/><F86/><W114/><G77/><T105/><D105/><U102/><E102/><V93/><F106/><W9/><G114/><T67/><D6/><U31/><E42/><N who="2" m="22599" /><F45/><W61/><G120/><T17/><D17/><AGARI ba="0,0" hai="17,20,26,48,51,93,98,103" m="22599,47657" machi="17" ten="30,1000,0" yaku="18,1" doraHai="57" who="2" fromWho="0" sc="250,-10,250,0,250,10,250,0" /><INIT seed="1,0,0,4,1,47" ten="240,250,260,250" oya="1" hai0="34,70,111,63,88,87,79,105,109,50,101,122,9" hai1="89,18,113,80,16,124,19,11,59,125,86,75,68" hai2="4,71,110,49,99,135,62,15,131,66,108,130,24" hai3="55,107,52,10,54,127,8,97,106,6,41,2,12"/><U0/><E68/><V5/><F135/><W69/><G127/><N who="1" m="48714" /><E113/><V29/><F99/><W1/><G69/><T36/><D36/><U53/><E75/><V112/><F112/><W67/><G67/><N who="0" m="41343" /><D79/><U31/><E31/><V76/><F76/><W30/><G30/><T119/><D119/><U102/><E102/><V38/><F38/><W103/><G41/><T120/><D34/><U132/><E132/><V45/><F15/><W93/><REACH who="3" step="1"/><G1/><REACH who="3" ten="240,250,260,240" step="2"/><T118/><D118/><U77/><E0/><V26/><F29/><W104/><G104/><T96/><D9/><U35/><E35/><V61/><F71/><W13/><G13/><T95/><D50/><N who="1" m="31159" /><E77/><V100/><F66/><W65/><G65/><T134/><D134/><U40/><E40/><V129/><F129/><W126/><G126/><T46/><D46/><U82/><E11/><V90/><F45/><W121/><G121/><AGARI ba="0,1" hai="87,88,95,96,101,105,109,111,120,121,122" m="41343" machi="121" ten="30,2000,0" yaku="13,1,54,1" doraHai="47" who="0" fromWho="3" sc="240,30,250,0,260,0,240,-20" /><INIT seed="2,0,0,4,1,20" ten="270,250,260,220" oya="2" hai0="40,102,78,28,103,5,80,135,22,45,64,29,24" hai1="63,32,21,57,46,1,116,12,90,124,113,9,13" hai2="134,89,4,0,17,36,104,105,125,133,16,82,114" hai3="37,71,47,120,86,123,69,51,131,118,87,27,50"/><V91/><F114/><W34/><G37/><T67/><D135/><N who="2" m="51722" /><F36/><W18/><G118/><T53/><D5/><U55/><E32/><V74/><F125/><W101/><G101/><T112/><D112/><U56/><E113/><V122/><F122/><W33/><G18/><N who="2" m="7273" /><F74/><W43/><G47/><T38/><D29/><U42/><E46/><V8/><F82/><W100/><G100/><T19/><D53/><U26/><E55/><V66/><F66/><W99/><G99/><T88/><D103/><U132/><E42/><V49/><F49/><W58/><G58/><T93/><D102/><U6/><E56/><V115/><F115/><W77/><G131/><T35/><D78/><U54/><E124/><V70/><F70/><W108/><G108/><T107/><D107/><AGARI ba="0,0" hai="0,4,8,89,91,104,105,107" m="7273,51722" machi="107" ten="30,2900,0" yaku="20,1,54,1" doraHai="20" who="2" fromWho="0" sc="270,-29,250,0,260,29,220,0" /><INIT seed="2,1,0,1,0,31" ten="241,250,289,220" oya="2" hai0="135,64,116,68,88,11,32,63,35,75,97,100,33" hai1="102,85,103,123,91,18,73,44,14,133,94,54,2" hai2="9,112,92,113,72,42,104,53,26,86,90,70,36" hai3="58,120,27,124,134,84,111,65,25,0,107,108,3"/><V62/><F104/><W57/><G120/><T20/><D75/><U60/><E2/><N who="3" m="554" /><G65/><T129/><D129/><U78/><E133/><V43/><F72/><W21/><G107/><T71/><D11/><U17/><E123/><V83/><F9/><W105/><G105/><N who="0" m="63631" /><D20/><U30/><E30/><V69/><F69/><W101/><G101/><T82/><D82/><N who="1" m="47319" /><E73/><V29/><F92/><W117/><G117/><T48/><D48/><N who="1" m="28935" /><E60/><V37/><F37/><W51/><G134/><T121/><D135/><U41/><E41/><V50/><F36/><W10/><G10/><T96/><D88/><U16/><E14/><V77/><F42/><W55/><G21/><T87/><D87/><AGARI ba="1,0" hai="16,17,18,87,91,94,102,103" m="28935,47319" machi="87" ten="30,2000,0" yaku="8,1,54,1" doraHai="31" who="1" fromWho="0" sc="241,-23,250,23,289,0,220,0" /><INIT seed="3,0,0,2,2,4" ten="218,273,289,220" oya="3" hai0="94,116,83,69,91,50,86,90,128,88,112,52,15" hai1="84,127,104,92,58,34,109,99,28,134,48,120,53" hai2="33,55,0,100,29,20,135,61,27,102,67,124,6" hai3="82,51,87,81,37,89,10,72,62,47,78,74,93"/><W77/><G62/><T56/><D69/><U25/><E120/><V19/><F124/><W35/><G35/><T22/><D116/><U16/><E134/><V38/><F38/><W97/><G37/><T95/><D128/><U24/><E127/><V36/><F36/><W14/><G97/><T76/><D112/><U40/><E40/><V131/><F131/><W3/><G3/><T54/><D54/><U79/><E104/><V96/><F55/><W41/><REACH who="3" step="1"/><G14/><REACH who="3" ten="218,273,289,210" step="2"/><T9/><D22/><U17/><E99/><V32/><F32/><W39/><G39/><T68/><D68/><U105/><E34/><V43/><F96/><W133/><G133/><T7/><AGARI ba="0,1" hai="7,9,15,50,52,56,76,83,86,88,90,91,94,95" machi="7" ten="30,8000,1" yaku="0,1,8,1,52,1,54,2" doraHai="4" who="0" fromWho="0" sc="218,90,273,-20,289,-20,210,-40" owari="308,40.8,253,-14.7,269,6.9,170,-33.0" /></mjloggm>