<mjloggm ver="2.3"><GO type="225" lobby="0"/><UN n0="%E3%83%B4%E3%83%A0%EF%BC%99%E3%81%A6" n1="%72%61%6B%33" n2="%4C%4F%4C%49%54%41" n3="%E3%81%8B%E3%82%8F%E3%81%A1%E3%82%83%E3%82%93%35%38" dan="16,16,16,16" rate="2187.14,2069.75,2113.32,2117.84" sx="M,M,F,M"/><TAIKYOKU oya="0"/><INIT seed="0,0,0,3,2,34" ten="250,250,250,250" oya="0" hai0="40,4,32,28,48,51,11,77,38,70,111,84,120" hai1="25,36,92,12,64,108,67,110,100,83,101,128,9" hai2="78,45,14,27,59,16,50,41,131,121,126,47,90" hai3="49,125,15,44,10,46,98,91,135,113,21,87,24"/><T114/><D114/><U76/><E128/><V82/><F121/><W105/><G113/><T65/><D120/><U60/><E36/><V31/><F126/><W86/><G125/><T75/><D84/><U109/><E25/><V39/><F131/><W35/><G35/><T81/><D111/><U115/><E115/><V23/><F59/><W43/><G135/><T132/><D132/><U5/><E92/><V2/><F90/><W3/><G3/><N who="0" m="415" /><D65/><U0/><E12/><V26/><F2/><W18/><G46/><N who="0" m="23831" /><D70/><U80/><E80/><V13/><F13/><W133/><G133/><T106/><D106/><U19/><E19/><V104/><F104/><W58/><G58/><T96/><D96/><U52/><E52/><V118/><F118/><W89/><G105/><T66/><D66/><U61/><E64/><V22/><F27/><AGARI ba="0,0" hai="27,28,32,48,51,75,77,81" m="23831,415" machi="27" ten="30,2900,0" yaku="25,1,52,1" doraHai="34" who="0" fromWho="2" sc="250,29,250,0,250,-29,250,0" /><INIT seed="0,1,0,3,3,42" ten="279,250,221,250" oya="0" hai0="21,25,6,84,79,108,99,5,37,20,88,77,68" hai1="113,62,131,120,101,125,31,33,15,32,91,73,121" hai2="60,54,76,35,43,67,19,58,74,82,23,17,56" hai3="98,26,30,86,116,71,61,9,3,115,64,106,7"/><T48/><D37/><U97/><E73/><V102/><F35/><N who="3" m="20951" /><G86/><T4/><D68/><U134/><E125/><V107/><F43/><W87/><G87/><T8/><D8/><U0/><E0/><V72/><F72/><W38/><G116/><T53/><D99/><U22/><E113/><V135/><F135/><W11/><G11/><T10/><D10/><U94/><E134/><V112/><F112/><W47/><G115/><T27/><D108/><U95/><E131/><V130/><F130/><W128/><G128/><T14/><D14/><U70/><E15/><V109/><F109/><W124/><G124/><T2/><D2/><U93/><E22/><N who="0" m="8809" /><D25/><U104/><E91/><V83/><F23/><W16/><G16/><T39/><D39/><U78/><E78/><V123/><F19/><W49/><G38/><T55/><D27/><N who="1" m="18559" /><E33/><V36/><F36/><W127/><G127/><T45/><D55/><U50/><E50/><V29/><F54/><N who="3" m="30015" /><G98/><T105/><D105/><U129/><E129/><V117/><F107/><W66/><G66/><AGARI ba="1,0" hai="62,66,70,93,94,95,97,101,104,120,121" m="18559" machi="66" ten="30,1000,0" yaku="25,1" doraHai="42" who="1" fromWho="3" sc="279,0,250,13,221,0,250,-13" /><INIT seed="1,0,0,1,2,29" ten="279,263,221,237" oya="1" hai0="123,105,77,95,86,61,126,9,53,109,89,40,10" hai1="30,15,90,128,106,118,135,72,42,36,11,20,102" hai2="12,56,127,110,129,82,3,8,104,98,62,65,84" hai3="71,87,85,125,17,13,48,16,103,25,52,67,112"/><U94/><E118/><V50/><F110/><W22/><G112/><T18/><D105/><U115/><E115/><V27/><F3/><W131/><G131/><T79/><D109/><U4/><E128/><V83/><F129/><W1/><G1/><T58/><D126/><U19/><E135/><V28/><F127/><W119/><G125/><T108/><D108/><U35/><E72/><V73/><F73/><W69/><G119/><T124/><D123/><U100/><E106/><V74/><F74/><W97/><G67/><T75/><D124/><U81/><E81/><V0/><F0/><W44/><G69/><T114/><D114/><U78/><E78/><N who="0" m="29705" /><D75/><U133/><E133/><V32/><F84/><W41/><G41/><T60/><D40/><U92/><E92/><V54/><F98/><W31/><G71/><T121/><D121/><U2/><E42/><V51/><F51/><W111/><G111/><T39/><D39/><U96/><E36/><V24/><F24/><AGARI ba="0,0" hai="2,4,11,15,19,20,24,30,35,90,94,96,100,102" machi="24" ten="40,7700,0" yaku="24,2,52,1" doraHai="29" who="1" fromWho="2" sc="279,0,263,77,221,-77,237,0" /><INIT seed="1,1,0,1,4,91" ten="279,340,144,237" oya="1" hai0="30,39,81,103,94,58,26,104,69,130,1,18,122" hai1="98,3,73,115,13,7,9,47,83,123,40,55,22" hai2="8,19,33,46,28,56,50,87,127,52,135,36,131" hai3="62,21,129,132,85,23,99,37,118,77,109,31,111"/><U59/><E115/><V97/><F131/><W66/><G37/><T49/><D130/><U101/><E123/><V42/><F135/><W25/><G129/><T2/><D39/><U10/><E22/><V116/><F116/><W16/><G132/><T134/><D69/><U29/><E29/><V133/><F133/><W107/><G118/><T76/><D104/><U112/><E112/><V92/><F127/><W41/><G41/><T80/><D134/><U5/><E83/><V43/><F33/><N who="3" m="20719" /><G85/><T6/><D18/><U93/><E73/><V14/><F28/><W108/><G77/><T57/><D122/><U106/><E106/><V17/><F87/><W102/><G16/><T64/><D80/><U125/><E125/><V24/><F36/><W88/><G88/><T74/><D6/><U15/><E3/><V105/><F105/><W20/><G20/><N who="0" m="15687" /><D57/><AGARI ba="1,0" hai="21,23,57,62,66,99,102,107,108,109,111" m="20719" machi="57" ten="30,1000,0" yaku="14,1" doraHai="91" who="3" fromWho="0" sc="279,-13,340,0,144,0,237,13" /><INIT seed="2,0,0,2,2,3" ten="266,340,144,250" oya="2" hai0="126,75,29,133,32,14,70,79,120,86,21,91,80" hai1="63,114,100,101,87,47,94,109,98,72,78,127,38" hai2="22,0,60,20,105,39,82,115,93,103,129,33,8" hai3="74,135,52,108,51,53,18,26,13,69,6,121,12"/><V90/><F115/><W17/><G74/><T64/><D120/><U112/><E63/><V83/><F33/><W65/><G69/><T67/><D126/><U125/><E47/><V92/><F105/><W11/><G121/><T104/><D104/><U1/><E38/><V107/><F107/><W45/><G108/><T27/><D133/><U59/><E59/><V123/><F123/><W31/><G65/><T25/><D14/><U5/><E109/><V28/><F39/><W4/><G135/><T58/><D58/><U77/><E72/><V49/><F129/><W43/><G53/><T46/><D46/><U132/><E101/><V37/><F37/><W96/><G96/><T97/><D97/><U95/><E132/><V85/><F60/><W34/><G43/><T84/><D70/><U88/><E78/><V24/><F49/><W19/><G19/><T131/><D75/><U42/><E77/><V116/><F116/><W10/><AGARI ba="0,0" hai="4,6,10,11,12,13,17,18,26,31,34,45,51,52" machi="10" ten="20,12000,2" yaku="0,1,7,1,9,1,52,2,54,1" doraHai="3" who="3" fromWho="3" sc="266,-30,340,-30,144,-60,250,120" /><INIT seed="3,0,0,5,3,123" ten="236,310,84,370" oya="3" hai0="131,9,86,97,117,5,107,27,73,22,17,75,81" hai1="129,47,16,103,104,15,128,102,63,26,56,53,122" hai2="37,18,55,4,115,120,94,57,74,11,45,112,21" hai3="84,1,30,24,87,64,98,119,113,95,49,125,25"/><W78/><G1/><T101/><D117/><U44/><E122/><V108/><F120/><W51/><G64/><T93/><D131/><N who="1" m="50251" /><E26/><V31/><F74/><W68/><G68/><T96/><D96/><N who="1" m="61511" /><E103/><V110/><F94/><W34/><G24/><T111/><D111/><N who="2" m="42538" /><F45/><W41/><G25/><T90/><D107/><U124/><E124/><V105/><F37/><W121/><G125/><T29/><D29/><U13/><E13/><AGARI ba="0,0" hai="5,9,13,17,22,27,73,75,81,86,90,93,97,101" machi="13" ten="30,1000,0" yaku="7,1" doraHai="123" who="0" fromWho="1" sc="236,10,310,-10,84,0,370,0" owari="246,-15.4,300,10.0,84,-41.6,370,47.0" /></mjloggm>