<mjloggm ver="2.3"><GO type="225" lobby="0"/><UN n0="%E3%81%BF%E3%81%BF%E3%81%9A" n1="%E7%99%BD%E5%92%B2%E8%8A%B1%E3%81%A1%E3%82%83%E3%82%93" n2="%E3%81%AF%E3%82%88%E3%81%8A%E3%81%98%E3%81%95%E3%82%93" n3="%E9%80%86%E9%80%A3%E5%B8%AF%E3%81%AE%E9%AC%BC" dan="17,16,17,17" rate="2170.02,2156.54,2152.39,2095.71" sx="M,F,M,M"/><TAIKYOKU oya="0"/><INIT seed="0,0,0,1,2,61" ten="250,250,250,250" oya="0" hai0="55,54,79,41,60,34,118,70,46,48,30,98,59" hai1="65,119,122,1,62,96,82,121,15,71,111,25,88" hai2="18,102,19,58,109,73,14,6,77,97,84,86,44" hai3="50,20,107,11,24,28,72,135,69,105,75,16,116"/><T100/><D118/><U87/><E119/><V85/><F109/><W43/><G116/><T12/><D79/><U83/><E1/><V114/><F114/><W13/><G135/><T99/><D12/><U108/><E96/><V129/><F129/><W45/><REACH who="3" step="1"/><G69/><REACH who="3" ten="250,250,250,240" step="2"/><T133/><D133/><U22/><E111/><V8/><F58/><W31/><G31/><T23/><D70/><U104/><E108/><V21/><F44/><W66/><G66/><N who="0" m="39199" /><D34/><U53/><E121/><V124/><F124/><W80/><G80/><T7/><D7/><U128/><E83/><V89/><F6/><W76/><G76/><T35/><D35/><U125/><E122/><V64/><F77/><W93/><G93/><N who="0" m="58447" /><D99/><U120/><E120/><V103/><F64/><W52/><G52/><T92/><D92/><U4/><E53/><V123/><F123/><W49/><G49/><T36/><D36/><U117/><E117/><V39/><F39/><W126/><G126/><T115/><D115/><U51/><E125/><V42/><F42/><W110/><G110/><T2/><D2/><U56/><E65/><V40/><F40/><W3/><G3/><T9/><D55/><U74/><E71/><V38/><F38/><W130/><G130/><T90/><D54/><U10/><E128/><V132/><F132/><W68/><G68/><T113/><D113/><U95/><E95/><N who="2" m="56559" /><F73/><AGARI ba="0,1" hai="11,13,16,20,24,28,43,45,50,72,73,75,105,107" machi="73" ten="40,2600,0" yaku="1,1,54,1,53,0" doraHai="61" doraHaiUra="67" who="3" fromWho="2" sc="250,0,250,0,250,-26,240,36" /><INIT seed="1,0,0,1,0,62" ten="250,250,224,276" oya="1" hai0="83,103,97,101,45,51,54,98,33,120,34,23,106" hai1="3,111,35,114,74,2,25,58,59,77,36,80,110" hai2="15,52,30,72,85,124,119,91,75,127,48,126,109" hai3="129,20,40,96,26,38,56,99,73,118,89,29,67"/><U44/><E114/><V9/><F109/><N who="1" m="41481" /><E59/><V46/><F30/><W21/><G73/><T116/><D116/><U13/><E58/><V122/><F122/><W22/><G129/><T28/><D120/><U112/><E13/><V47/><F47/><W128/><G128/><T135/><D135/><U134/><E112/><V117/><F75/><W70/><G56/><T81/><D23/><U7/><E134/><V37/><F72/><W43/><G118/><T105/><REACH who="0" step="1"/><D28/><REACH who="0" ten="240,250,224,276" step="2"/><N who="1" m="19855" /><E7/><N who="2" m="3519" /><F37/><W130/><G38/><T4/><D4/><U100/><E100/><V55/><F55/><W115/><G130/><T61/><D61/><U11/><E11/><V49/><F49/><W132/><G115/><T0/><D0/><U32/><E32/><AGARI ba="0,1" hai="32,33,34,45,51,54,81,83,97,98,101,103,105,106" machi="32" ten="40,2600,0" yaku="1,1,9,1,53,0" doraHai="62" doraHaiUra="10" who="0" fromWho="1" sc="240,36,250,-26,224,0,276,0" /><INIT seed="2,0,0,4,5,13" ten="276,224,224,276" oya="2" hai0="105,12,95,123,18,84,122,22,53,83,96,92,42" hai1="125,2,112,7,78,104,4,24,107,45,91,81,33" hai2="54,90,57,85,75,3,130,98,135,58,67,39,101" hai3="132,68,59,73,102,113,77,30,93,29,126,89,133"/><V15/><F75/><W35/><G68/><T87/><D42/><U8/><E112/><V110/><F3/><W119/><G113/><T108/><D108/><U46/><E125/><V100/><F39/><W1/><G1/><T86/><D105/><U44/><E91/><V64/><F110/><W14/><G126/><T117/><D117/><U124/><E124/><V79/><F130/><W115/><G119/><T50/><D95/><U111/><E7/><V127/><F127/><W25/><G102/><N who="2" m="39529" /><F135/><W60/><G30/><T116/><D116/><U21/><E33/><V28/><F28/><W55/><G115/><T66/><D66/><N who="2" m="25130" /><F54/><W106/><G106/><T129/><D129/><U63/><E111/><V34/><F34/><W31/><G31/><T65/><D65/><U0/><E0/><V41/><F41/><W120/><G120/><T131/><D131/><U69/><E69/><V74/><F74/><W61/><G73/><T11/><D123/><U134/><E134/><V118/><F118/><W70/><G133/><T103/><D122/><U88/><E63/><V26/><F26/><W37/><G37/><T72/><D72/><U38/><E38/><V94/><F15/><W49/><G70/><T5/><D83/><AGARI ba="0,0" hai="57,58,79,83,85,90,94,98" m="25130,39529" machi="83" ten="30,1500,0" yaku="8,1" doraHai="13" who="2" fromWho="0" sc="276,-15,224,0,224,15,276,0" /><INIT seed="2,1,0,2,0,41" ten="261,224,239,276" oya="2" hai0="20,70,104,36,10,75,105,135,51,131,18,13,23" hai1="103,3,86,130,77,114,44,96,19,29,14,82,48" hai2="95,4,116,89,128,15,30,49,93,39,99,110,71" hai3="12,61,37,115,79,111,55,92,74,50,72,76,31"/><V64/><F39/><W53/><G37/><T58/><D36/><U33/><E130/><V68/><F116/><W120/><G120/><T57/><D70/><U107/><E114/><V122/><F122/><W121/><G121/><T42/><D75/><U129/><E129/><V5/><F128/><W88/><G115/><T124/><D131/><U21/><E3/><V85/><F110/><W108/><G31/><T125/><D135/><U7/><E7/><V113/><F113/><W80/><G61/><T127/><D42/><U25/><REACH who="1" step="1"/><E48/><REACH who="1" ten="261,214,239,276" step="2"/><V54/><F4/><W117/><G50/><T109/><D51/><U34/><E34/><V97/><F5/><W27/><G111/><T17/><D109/><U84/><E84/><V0/><F85/><W102/><G108/><T91/><D125/><U133/><E133/><V98/><F0/><W118/><G74/><T60/><D127/><U119/><E119/><V67/><F49/><W32/><G72/><T94/><D124/><U45/><AGARI ba="1,1" hai="14,19,21,25,29,33,44,45,77,82,86,96,103,107" machi="45" ten="30,7900,0" yaku="1,1,0,1,52,2,53,0" doraHai="41" doraHaiUra="65" who="1" fromWho="1" sc="261,-21,214,92,239,-40,276,-21" /><INIT seed="3,0,0,1,3,36" ten="240,306,199,255" oya="3" hai0="108,11,33,15,77,24,30,110,5,51,17,69,82" hai1="99,96,4,114,49,73,9,27,98,54,25,65,29" hai2="47,95,75,18,117,116,42,132,40,92,130,14,119" hai3="68,66,72,44,0,1,97,74,128,115,10,16,90"/><W2/><G115/><T100/><D69/><U70/><E114/><V45/><F75/><W64/><G128/><T102/><D51/><U88/><E73/><V94/><F130/><W89/><G68/><T31/><D31/><U120/><E120/><V46/><F132/><W41/><G74/><T129/><D129/><U122/><E122/><V7/><F7/><W59/><G72/><N who="0" m="43303" /><D17/><U21/><E88/><V12/><F12/><W32/><G32/><T57/><D57/><U109/><E109/><AGARI ba="0,0" hai="5,11,15,24,30,33,100,102,108,109,110" m="43303" machi="109" ten="30,1000,0" yaku="14,1" doraHai="36" who="0" fromWho="1" sc="240,10,306,-10,199,0,255,0" /><INIT seed="4,0,0,4,2,125" ten="250,296,199,255" oya="0" hai0="104,74,105,133,134,82,15,127,23,22,79,128,6" hai1="87,31,7,38,99,59,80,107,29,115,94,57,42" hai2="58,17,123,132,33,50,100,91,30,1,77,70,66" hai3="76,11,44,119,16,116,102,121,88,112,78,3,51"/><T34/><D34/><U32/><E107/><N who="0" m="41033" /><D127/><U54/><E7/><V84/><F123/><W120/><G102/><T98/><D98/><U61/><E59/><V45/><F70/><W65/><G65/><T19/><D6/><U9/><E9/><V8/><F132/><N who="0" m="50794" /><D22/><U60/><E32/><V64/><F77/><W68/><G68/><T10/><D10/><U108/><E99/><V52/><F100/><W12/><G3/><T28/><D28/><U4/><E29/><V13/><F1/><W25/><G25/><T56/><D56/><U2/><E31/><V39/><F39/><W83/><G121/><T37/><D37/><U35/><E4/><V85/><F85/><N who="3" m="50239" /><G120/><T75/><D75/><U86/><E35/><V27/><REACH who="2" step="1"/><F58/><REACH who="2" ten="250,296,189,255" step="2"/><W40/><G78/><T36/><D36/><U109/><E57/><V93/><AGARI ba="0,1" hai="8,13,17,27,30,33,45,50,52,64,66,84,91,93" machi="93" ten="20,8000,1" yaku="1,1,2,1,0,1,7,1,54,1,53,0" doraHai="125" doraHaiUra="73" who="2" fromWho="2" sc="250,-40,296,-20,189,90,255,-20" /><INIT seed="5,0,0,3,4,43" ten="210,276,279,235" oya="1" hai0="129,85,60,114,127,92,106,67,89,2,87,38,39" hai1="4,36,125,107,23,126,37,111,20,124,10,12,79" hai2="15,109,24,101,80,68,59,117,35,95,123,33,19" hai3="82,83,131,93,102,14,6,119,98,134,45,3,96"/><U70/><E107/><V71/><F123/><W34/><G34/><T132/><D2/><U50/><E111/><V86/><F117/><W56/><G3/><T41/><D106/><U133/><E133/><V47/><F109/><W0/><G0/><T29/><D132/><U69/><E79/><V100/><F59/><W7/><G131/><T76/><D129/><U84/><E84/><V1/><F1/><W108/><G108/><T78/><D29/><U130/><E130/><V112/><F112/><W99/><G119/><T63/><D114/><U81/><E81/><V27/><F47/><W64/><G134/><T21/><D21/><N who="1" m="8267" /><E50/><V22/><F71/><AGARI ba="0,0" hai="4,10,12,36,37,69,70,71,124,125,126" m="8267" machi="71" ten="40,2000,0" yaku="18,1" doraHai="43" who="1" fromWho="2" sc="210,0,276,20,279,-20,235,0" /><INIT seed="5,1,0,4,2,29" ten="210,296,259,235" oya="1" hai0="103,77,40,22,45,57,85,115,114,123,46,96,48" hai1="92,128,16,35,72,135,109,10,66,20,79,56,15" hai2="28,58,7,36,18,108,90,17,81,98,78,107,94" hai3="71,55,69,44,100,105,68,60,14,73,95,43,25"/><U134/><E109/><V118/><F118/><W47/><G73/><T51/><D57/><U39/><E128/><V23/><F108/><W53/><G105/><T80/><D22/><U67/><E39/><V113/><F36/><W104/><G104/><T106/><REACH who="0" step="1"/><D123/><REACH who="0" ten="200,296,259,235" step="2"/><U133/><E20/><V9/><F58/><W65/><G69/><T62/><D62/><U122/><E56/><V127/><F23/><W41/><G60/><T93/><D93/><U6/><E122/><V38/><F94/><W76/><G95/><T112/><D112/><U97/><E92/><V33/><F113/><W50/><G71/><T125/><D125/><U59/><E59/><V42/><F127/><W26/><G68/><T24/><D24/><U21/><E133/><V111/><F107/><W27/><G27/><T101/><D101/><U82/><E134/><V102/><F102/><W64/><G100/><T5/><D5/><U1/><E135/><V11/><F7/><W88/><G26/><T61/><D61/><U87/><E97/><V116/><F98/><W121/><G25/><T129/><D129/><U13/><E6/><V49/><F111/><W110/><G110/><T52/><AGARI ba="1,1" hai="40,45,46,48,51,52,77,80,85,96,103,106,114,115" machi="52" ten="30,7900,0" yaku="1,1,0,1,54,1,53,1" doraHai="29" doraHaiUra="99" who="0" fromWho="0" sc="200,92,296,-40,259,-21,235,-21" /><INIT seed="6,0,0,2,3,46" ten="292,256,238,214" oya="2" hai0="83,52,128,98,77,116,10,93,48,113,133,3,129" hai1="81,9,100,131,72,79,37,127,97,66,85,92,1" hai2="123,4,88,19,40,99,69,18,120,32,0,42,51" hai3="71,56,119,15,43,61,75,67,65,27,103,82,114"/><V134/><F69/><W41/><G119/><T44/><D113/><U2/><E131/><N who="0" m="50249" /><D116/><U49/><E127/><V7/><F32/><W13/><G114/><T31/><D133/><U70/><E37/><V87/><F0/><W122/><G122/><T118/><D118/><U117/><E117/><V68/><F68/><W50/><G103/><N who="0" m="60879" /><D31/><U25/><E25/><V17/><F134/><W80/><G27/><T21/><D21/><U121/><E121/><V28/><F28/><W95/><G95/><T110/><D110/><U94/><E94/><N who="2" m="54559" /><F99/><W35/><G35/><T106/><D106/><U111/><E111/><V109/><F109/><W63/><G75/><N who="0" m="43455" /><D10/><U16/><E9/><V45/><F123/><W14/><REACH who="3" step="1"/><G50/><REACH who="3" ten="292,256,238,204" step="2"/><T39/><D3/><U64/><E2/><V84/><F120/><W107/><G107/><T60/><D60/><U34/><E1/><V33/><F33/><W38/><G38/><AGARI ba="0,1" hai="38,39,44,48,52" m="43455,60879,50249" machi="38" ten="30,3900,0" yaku="19,1,52,1,54,1" doraHai="46" who="0" fromWho="3" sc="292,49,256,0,238,0,204,-39" owari="341,44.1,256,5.6,238,-16.2,165,-33.5" /></mjloggm>