<mjloggm ver="2.3"><GO type="225" lobby="0"/><UN n0="%E3%81%BF%E3%81%BF%E3%81%9A" n1="%E5%91%A8%E6%9D%B1" n2="%E6%81%A5%E6%99%92%E3%81%97" n3="%E5%8D%A0%E3%81%84%E5%B8%AB%E8%A3%8F%E3%81%AA%E3%81%84%E3%81%97" dan="18,17,16,17" rate="2227.92,2200.65,2200.56,2197.70" sx="M,M,M,M"/><TAIKYOKU oya="0"/><INIT seed="0,0,0,0,3,52" ten="250,250,250,250" oya="0" hai0="40,5,89,17,64,83,51,62,75,59,60,33,76" hai1="134,113,81,91,50,56,122,12,99,116,55,25,34" hai2="7,97,1,42,127,125,123,82,16,129,58,130,92" hai3="69,11,43,90,68,8,73,84,95,28,118,111,57"/><T135/><D135/><U4/><E122/><V119/><F123/><W45/><G118/><T19/><D33/><U27/><E116/><V133/><F119/><W31/><G111/><T78/><D5/><U20/><E134/><V98/><F133/><W65/><G73/><T54/><D78/><U13/><E113/><V44/><F82/><W74/><G74/><T37/><D89/><U86/><E99/><V100/><F1/><W106/><G106/><T0/><D0/><U14/><E34/><V39/><F7/><W128/><G128/><N who="2" m="49257" /><F98/><W110/><G110/><T23/><D62/><U87/><E4/><V18/><F58/><W22/><G68/><T88/><D23/><U96/><E96/><V94/><F94/><W85/><G69/><T29/><D29/><U93/><REACH who="1" step="1"/><E20/><REACH who="1" ten="250,240,250,250" step="2"/><V114/><F114/><W109/><G22/><T70/><D88/><AGARI ba="0,1" hai="12,13,14,25,27,50,55,56,81,86,87,88,91,93" machi="88" ten="40,8000,1" yaku="1,1,2,1,8,1,52,1,54,1,53,0" doraHai="52" doraHaiUra="3" who="1" fromWho="0" sc="250,-80,240,90,250,0,250,0" /><INIT seed="1,0,0,0,4,91" ten="170,330,250,250" oya="1" hai0="104,66,96,34,102,98,9,44,43,126,133,117,7" hai1="45,80,131,69,24,60,84,4,62,36,111,132,41" hai2="42,46,11,116,86,134,75,16,5,19,48,72,51" hai3="108,53,127,119,17,20,12,67,78,89,50,118,40"/><U92/><E131/><V109/><F116/><N who="3" m="44587" /><G108/><T3/><D117/><U99/><E132/><V79/><F109/><W105/><G127/><T90/><D126/><U37/><E111/><V95/><F134/><W115/><G115/><T124/><D124/><U31/><E4/><V122/><F122/><W13/><G105/><T123/><D133/><U39/><E69/><V76/><F75/><W94/><G78/><T101/><D123/><U93/><E80/><N who="2" m="47367" /><F72/><W71/><G40/><T81/><D66/><U120/><E84/><V29/><F79/><W100/><G100/><T26/><D90/><U128/><E120/><V35/><F51/><W38/><G38/><T88/><D81/><U30/><E128/><V27/><F95/><W110/><G110/><T82/><D82/><U106/><E106/><V73/><F73/><W52/><G50/><T23/><D88/><U63/><E93/><V103/><F103/><W65/><G12/><AGARI ba="0,0" hai="5,11,12,16,19,27,29,35,42,46,48" m="47367" machi="12" ten="30,2000,0" yaku="25,1,54,1" doraHai="91" who="2" fromWho="3" sc="170,0,330,0,250,20,250,-20" /><INIT seed="2,0,0,1,3,85" ten="170,330,270,230" oya="2" hai0="130,36,10,98,111,131,34,0,135,92,99,11,77" hai1="23,102,127,26,42,39,124,119,47,80,79,81,53" hai2="24,117,50,106,46,134,40,14,70,8,31,30,88" hai3="35,16,104,123,126,57,109,97,13,33,17,60,120"/><V29/><F117/><W91/><G109/><T96/><D111/><U62/><E119/><V90/><F134/><W64/><G126/><N who="1" m="48170" /><E102/><V20/><F106/><W112/><G112/><T59/><D34/><U74/><E81/><V12/><F70/><W1/><G1/><T78/><D36/><U6/><E6/><N who="2" m="3095" /><F14/><W107/><G17/><AGARI ba="0,0" hai="17,20,24,29,30,31,40,46,50,88,90" m="3095" machi="17" ten="30,11600,0" yaku="8,1,52,2,54,1" doraHai="85" who="2" fromWho="3" sc="170,0,330,0,270,116,230,-116" /><INIT seed="2,1,0,3,2,75" ten="170,330,386,114" oya="2" hai0="69,79,135,78,66,127,83,4,58,43,81,134,72" hai1="9,128,34,55,113,130,33,42,84,35,26,57,41" hai2="46,124,11,25,6,5,1,53,106,129,12,107,88" hai3="27,112,47,126,51,21,62,10,52,122,44,37,121"/><V97/><F124/><W39/><G126/><T95/><D127/><U30/><E113/><V110/><F129/><N who="1" m="49769" /><E9/><V70/><F70/><W96/><G112/><T74/><D43/><N who="1" m="16395" /><E84/><V67/><F6/><W115/><G115/><T29/><D29/><U105/><E105/><V103/><F67/><W63/><G10/><T89/><D4/><U71/><E71/><V85/><F25/><W119/><G96/><T104/><D69/><U109/><E109/><V98/><F110/><W118/><G21/><T91/><D104/><U2/><E2/><V114/><F114/><W61/><G27/><T65/><D58/><U60/><AGARI ba="1,0" hai="26,30,33,34,35,55,57,60" m="16395,49769" machi="60" ten="30,1100,0" yaku="19,1" doraHai="75" who="1" fromWho="1" sc="170,-4,330,14,386,-6,114,-4" /><INIT seed="3,0,0,0,5,12" ten="166,344,380,110" oya="3" hai0="32,91,61,134,74,135,21,95,103,20,98,26,97" hai1="120,58,13,23,22,48,67,65,28,6,31,79,100" hai2="33,72,128,82,55,10,116,84,1,114,2,78,83" hai3="59,70,62,64,69,96,7,41,44,54,90,27,92"/><W102/><G7/><T115/><D74/><U71/><E71/><V85/><F116/><W66/><G70/><T42/><D42/><U49/><E120/><V113/><F33/><W36/><G69/><T38/><D38/><U35/><E35/><V50/><F128/><W112/><G112/><T34/><D115/><U126/><E126/><V40/><F40/><W129/><G129/><T47/><D47/><U75/><E75/><V68/><F72/><W99/><REACH who="3" step="1"/><G27/><REACH who="3" ten="166,344,380,100" step="2"/><T8/><D26/><U132/><E6/><V25/><F68/><W56/><G56/><T73/><D134/><U52/><E132/><V45/><F113/><W17/><G17/><T80/><D135/><U3/><E58/><V9/><F25/><W89/><G89/><T111/><D91/><U57/><E57/><V0/><F114/><W11/><G11/><T53/><D8/><U86/><E3/><V5/><F10/><W39/><G39/><T130/><D130/><U106/><E100/><V81/><F78/><W88/><G88/><T19/><D103/><U60/><E79/><V133/><F133/><W124/><G124/><T117/><D19/><U123/><E123/><V76/><F76/><W110/><G110/><T18/><D111/><U119/><E119/><V108/><F108/><W93/><AGARI ba="0,1" hai="36,41,44,54,59,62,64,66,90,92,93,96,99,102" machi="93" ten="20,7800,0" yaku="1,1,0,1,7,1,53,1" doraHai="12" doraHaiUra="43" who="3" fromWho="3" sc="166,-26,344,-26,380,-26,100,88" /><INIT seed="3,1,0,4,4,99" ten="140,318,354,188" oya="3" hai0="12,135,89,14,105,42,69,82,52,95,92,86,28" hai1="13,97,15,127,134,48,17,61,112,114,4,81,45" hai2="53,118,22,70,67,101,21,74,122,64,91,44,37" hai3="11,39,133,27,72,9,109,87,110,85,128,58,130"/><W49/><G72/><T88/><D105/><U1/><E1/><V77/><F118/><W76/><G39/><T25/><D69/><U34/><E34/><V98/><F91/><W6/><G133/><T102/><D135/><U36/><E36/><V63/><F67/><W78/><G27/><T26/><D42/><U106/><E134/><V117/><F117/><W16/><G49/><T84/><D52/><U10/><E127/><V57/><F122/><W93/><G58/><T104/><D104/><U107/><E107/><V31/><F31/><W66/><G93/><T55/><D55/><U96/><E61/><V94/><F77/><N who="3" m="29803" /><G66/><T29/><D82/><U59/><E59/><V79/><F79/><W100/><G85/><T111/><D111/><N who="3" m="42505" /><G87/><T71/><D71/><U73/><E73/><V19/><F74/><W0/><G100/><AGARI ba="1,0" hai="12,14,25,26,28,29,84,86,88,89,92,95,100,102" machi="100" ten="25,12000,2" yaku="22,2,8,1,52,2,54,1" doraHai="99" who="0" fromWho="3" sc="140,123,318,0,354,0,188,-123" owari="263,-13.7,318,11.8,354,45.4,65,-43.5" /></mjloggm>