<mjloggm ver="2.3"><GO type="225" lobby="0"/><UN n0="%E3%83%81%E3%83%83%E3%82%BF%E3%82%BD%E3%83%BC" n1="%E3%81%95%E3%81%8D%E3%81%9F%E3%81%BE%E6%9E%97%E6%AA%8E" n2="%E3%81%8B%E3%82%8F%E3%81%A1%E3%82%83%E3%82%93%35%38" n3="%E3%82%A2%E3%83%9E%E3%83%9D%EF%BD%9E%EF%BD%9E%E3%83%A9" dan="17,16,16,17" rate="2212.75,2095.70,2166.79,2075.68" sx="F,M,M,M"/><TAIKYOKU oya="0"/><INIT seed="0,0,0,1,5,61" ten="250,250,250,250" oya="0" hai0="109,50,107,24,118,122,98,92,115,40,111,60,103" hai1="104,10,48,55,124,25,78,54,93,128,62,29,11" hai2="32,26,30,51,31,0,82,16,23,18,112,84,28" hai3="105,114,39,45,71,81,110,65,57,106,96,83,113"/><T49/><D118/><U134/><E104/><N who="3" m="40042" /><G57/><T87/><D122/><U27/><E124/><V6/><F112/><W37/><G96/><T75/><D75/><U126/><E126/><V42/><F42/><N who="3" m="22735" /><G83/><T97/><D115/><U102/><E134/><V14/><F51/><W13/><G13/><T117/><D117/><U9/><E128/><V72/><F72/><W130/><G110/><T74/><D74/><U94/><E78/><V68/><F68/><W7/><G81/><T80/><D24/><N who="1" m="9291" /><E29/><V19/><F84/><W88/><G88/><T21/><D109/><U89/><E102/><V5/><F82/><W64/><G64/><T127/><D127/><U35/><E35/><V15/><F19/><W53/><G53/><T90/><D111/><U33/><E33/><V67/><F67/><W85/><G85/><T52/><D21/><U58/><E89/><V56/><F56/><AGARI ba="0,0" hai="9,10,11,48,54,55,56,58,62,93,94" m="9291" machi="56" ten="30,1000,0" yaku="8,1" doraHai="61" who="1" fromWho="2" sc="250,0,250,10,250,-10,250,0" /><INIT seed="1,0,0,4,4,44" ten="250,260,240,250" oya="1" hai0="133,105,97,61,62,10,21,32,29,88,55,74,114" hai1="22,0,34,17,69,37,48,6,64,59,92,66,13" hai2="30,102,58,12,35,75,50,77,11,94,86,132,78" hai3="93,90,107,56,108,16,39,3,23,95,84,72,83"/><U123/><E37/><V28/><F75/><W85/><G108/><T122/><D114/><U127/><E123/><V31/><F132/><W70/><G70/><T103/><D133/><U15/><E69/><V42/><F35/><W113/><G107/><T135/><D135/><U19/><E34/><V47/><F58/><W130/><G130/><T115/><D115/><U124/><E0/><V40/><F40/><W76/><G39/><T112/><D112/><U25/><E6/><V99/><REACH who="2" step="1"/><F86/><REACH who="2" ten="250,260,230,250" step="2"/><W80/><G113/><T8/><D74/><U118/><E118/><V4/><AGARI ba="0,1" hai="4,11,12,28,30,31,42,47,50,77,78,94,99,102" machi="4" ten="30,8000,1" yaku="1,1,2,1,0,1,8,1,52,1,53,0" doraHai="44" doraHaiUra="54" who="2" fromWho="2" sc="250,-20,260,-40,230,90,250,-20" /><INIT seed="2,0,0,5,2,102" ten="230,220,320,230" oya="2" hai0="68,100,127,106,2,87,105,37,32,16,93,53,81" hai1="56,116,74,12,50,66,79,88,60,44,103,80,90" hai2="73,97,131,0,67,134,135,42,112,64,23,113,78" hai3="61,43,21,108,129,24,92,118,26,8,10,86,125"/><V46/><F23/><W75/><G75/><T14/><D2/><U69/><E116/><V82/><F0/><W4/><G118/><T85/><D32/><U47/><E69/><V59/><F97/><W29/><G108/><T55/><D68/><U65/><E65/><N who="2" m="25163" /><F82/><W20/><G125/><T107/><D37/><U89/><E103/><V101/><F78/><W17/><G129/><T133/><D127/><U54/><REACH who="1" step="1"/><E12/><REACH who="1" ten="230,210,320,230" step="2"/><V19/><F101/><W25/><G43/><T70/><D70/><U117/><E117/><V11/><F42/><W124/><G124/><T49/><D100/><U51/><E51/><V121/><F131/><W30/><G61/><T40/><D133/><U38/><E38/><V115/><F115/><W128/><G128/><T110/><D110/><U122/><E122/><V83/><F121/><W114/><G114/><T27/><D49/><U7/><E7/><V98/><F113/><W22/><G4/><T76/><D14/><U33/><E33/><V39/><F112/><W36/><G36/><T62/><D62/><U9/><E9/><V132/><F132/><W94/><G8/><T71/><D71/><U111/><E111/><V3/><F135/><W5/><G86/><T52/><D40/><U31/><E31/><V123/><F134/><W126/><G126/><T45/><D45/><U84/><E84/><V1/><F123/><W91/><G91/><N who="0" m="53487" /><D53/><U109/><E109/><V35/><F39/><W96/><G96/><T13/><D13/><AGARI ba="0,1" hai="5,10,13,17,20,21,22,24,25,26,29,30,92,94" machi="13" ten="30,3900,0" yaku="7,1,9,1,8,1" doraHai="102" who="3" fromWho="0" sc="230,-39,210,0,320,0,230,49" /><INIT seed="3,0,0,4,2,97" ten="191,210,320,279" oya="3" hai0="79,121,75,52,81,128,35,127,87,122,88,67,9" hai1="93,86,117,111,78,54,55,72,102,95,10,23,64" hai2="91,68,83,4,123,89,124,62,12,15,112,98,16" hai3="101,69,38,19,60,106,22,5,36,33,17,29,41"/><W132/><G132/><T6/><D35/><U8/><E72/><V47/><F112/><W42/><G5/><T131/><D67/><U99/><E111/><V103/><F68/><W107/><G33/><T53/><D127/><U31/><E117/><V100/><F98/><W3/><G29/><T135/><D135/><U2/><E2/><V74/><F91/><W30/><G30/><T134/><D134/><U32/><E32/><V27/><F27/><W90/><G90/><T119/><D119/><U0/><E64/><V58/><F47/><W118/><G60/><T129/><D121/><U125/><E125/><V37/><F37/><W14/><G3/><N who="0" m="223" /><D122/><U50/><E0/><V48/><F48/><W113/><G113/><T61/><D61/><U114/><E114/><V56/><F56/><W109/><G69/><T130/><N who="0" m="32768" /><DORA hai="92" /><T76/><D76/><U104/><E104/><V28/><F62/><W20/><G109/><T110/><D110/><U126/><E126/><V70/><F70/><W26/><G107/><T63/><D63/><U73/><E73/><V105/><F105/><W46/><G106/><T51/><D51/><U85/><E55/><V49/><F124/><W57/><G36/><T40/><D40/><U115/><E115/><V133/><F123/><W25/><G42/><T18/><D18/><U45/><E78/><V13/><F133/><W66/><G41/><T21/><D21/><U96/><E8/><V34/><F34/><W65/><G65/><T59/><D59/><U84/><E10/><V44/><F16/><N who="3" m="10263" /><G66/><T94/><AGARI ba="0,0" hai="52,53,75,79,81,87,88,94" m="32768,223" machi="94" ten="60,7900,0" yaku="19,1,54,2" doraHai="97,92" who="0" fromWho="0" sc="191,79,210,-20,320,-20,279,-39" owari="270,7.0,190,-31.0,300,40.0,240,-16.0" /></mjloggm>