<mjloggm ver="2.3"><GO type="225" lobby="0"/><UN n0="%E3%83%96%E3%83%83%E3%83%91%E3%82%AA%E3%83%96%E3%83%81%E3%82%AD%E3%83%B3" n1="%E5%91%A8%E6%9D%B1" n2="%70%68%65%6E%6F%6D%65" n3="%E3%81%8B%E3%82%8F%E3%81%A1%E3%82%83%E3%82%93%35%38" dan="16,16,16,16" rate="2134.76,2152.23,2188.11,2145.64" sx="M,M,M,M"/><TAIKYOKU oya="0"/><INIT seed="0,0,0,4,5,19" ten="250,250,250,250" oya="0" hai0="67,125,100,5,33,68,128,32,106,36,9,112,130" hai1="73,89,34,29,15,126,35,11,133,2,63,94,17" hai2="31,48,97,20,115,77,116,49,104,39,108,127,42" hai3="51,18,105,71,6,82,76,129,88,132,124,58,0"/><T54/><BYE who="2" /><D112/><U102/><E73/><UN n2="%70%68%65%6E%6F%6D%65" /><V85/><F115/><W1/><G71/><T96/><D36/><U57/><E133/><V60/><F108/><W56/><G105/><T113/><D113/><U79/><E79/><V107/><F127/><W23/><G124/><T43/><D43/><U109/><E126/><V24/><F116/><W26/><G132/><T21/><D125/><U93/><E109/><V8/><F39/><W3/><G129/><N who="0" m="49771" /><D54/><U53/><E2/><V62/><F8/><W120/><G120/><T98/><D98/><U47/><E29/><V87/><F49/><W83/><G6/><T84/><D84/><U92/><E102/><V59/><F77/><W25/><G51/><T41/><D41/><U91/><E47/><N who="2" m="25719" /><F107/><W66/><G66/><T28/><D67/><U131/><E131/><V50/><F104/><W90/><G82/><T123/><D68/><U111/><E111/><V40/><F97/><W103/><G103/><T121/><D121/><U86/><E94/><V69/><F69/><W4/><G4/><T119/><D119/><U30/><E30/><V122/><F122/><W27/><G58/><T13/><D123/><U52/><REACH who="1" step="1"/><E53/><REACH who="1" ten="250,240,250,250" step="2"/><N who="2" m="32183" /><F40/><W37/><G37/><T81/><D81/><U55/><E55/><V12/><F31/><W16/><G76/><T118/><D118/><U14/><E14/><V78/><F12/><N who="3" m="9607" /><G83/><T46/><D46/><U38/><E38/><V10/><F78/><W110/><G110/><T117/><D117/><U74/><E74/><V114/><F114/><W45/><G45/><T64/><D64/><U22/><E22/><RYUUKYOKU ba="0,1" sc="250,15,240,15,250,-15,250,-15" hai0="5,9,13,21,28,32,33,96,100,106" hai1="11,15,17,34,35,52,57,63,86,89,91,92,93" /><INIT seed="0,1,1,2,2,28" ten="265,255,235,235" oya="0" hai0="100,118,88,38,4,95,31,124,36,70,62,93,22" hai1="90,75,0,104,94,33,73,6,135,114,21,30,58" hai2="27,98,61,25,102,2,14,107,12,71,35,17,86" hai3="111,132,81,40,23,85,67,103,116,56,83,117,101"/><T79/><D118/><U46/><E104/><V43/><F2/><W127/><G40/><T72/><D124/><U3/><E114/><V51/><F86/><W119/><G23/><T13/><D72/><U39/><E135/><V60/><F25/><W63/><G132/><T87/><D79/><U131/><E131/><V48/><F43/><W24/><G127/><T92/><D31/><U97/><E39/><V68/><F61/><W121/><G111/><T32/><D32/><U42/><E58/><V120/><F14/><W8/><G121/><T66/><D22/><U110/><E21/><V20/><F120/><W80/><G24/><T47/><D47/><U113/><E110/><V96/><F96/><W84/><REACH who="3" step="1"/><G8/><REACH who="3" ten="265,255,235,225" step="2"/><T64/><D64/><U57/><E42/><V74/><F27/><W77/><G77/><T109/><D109/><U34/><E113/><V37/><F20/><W130/><G130/><T91/><D100/><AGARI ba="1,2" hai="56,63,67,80,81,83,84,85,100,101,103,116,117,119" machi="100" ten="50,8000,1" yaku="1,1,53,3" doraHai="28" doraHaiUra="115" who="3" fromWho="0" sc="265,-83,255,0,235,0,225,103" /><INIT seed="1,0,0,5,2,15" ten="182,255,235,328" oya="1" hai0="64,120,12,6,54,121,73,107,29,39,58,116,126" hai1="127,98,45,67,81,112,99,132,19,88,119,89,31" hai2="57,122,7,42,133,60,2,33,17,47,63,109,9" hai3="103,62,105,72,115,38,37,108,118,96,131,48,106"/><U30/><E119/><V135/><F122/><N who="0" m="47210" /><D116/><U94/><E112/><V34/><F109/><W56/><G115/><T134/><D73/><U92/><E132/><N who="2" m="50763" /><F17/><W53/><G118/><T40/><D134/><U59/><E127/><V97/><F97/><W124/><G72/><T100/><D126/><U41/><E81/><V128/><F128/><W52/><G124/><T74/><D74/><U102/><E102/><V77/><F77/><W75/><G75/><T26/><D64/><U14/><E67/><N who="2" m="39311" /><F63/><W61/><G108/><T69/><D69/><U93/><E59/><V35/><F34/><W10/><G131/><T65/><D65/><U90/><E94/><V80/><F80/><W46/><G106/><T87/><D87/><U49/><E90/><V11/><F9/><AGARI ba="0,0" hai="9,14,19,30,31,41,45,49,88,89,92,93,98,99" machi="9" ten="30,12000,1" yaku="7,1,9,1,8,1,52,1,54,1" doraHai="15" who="1" fromWho="2" sc="182,0,255,120,235,-120,328,0" /><INIT seed="1,1,0,0,3,88" ten="182,375,115,328" oya="1" hai0="81,69,75,86,30,25,38,32,47,120,50,37,33" hai1="70,29,8,107,126,62,98,80,71,76,14,45,90" hai2="42,130,6,28,121,115,46,10,31,93,133,84,94" hai3="59,103,111,102,124,26,116,117,15,99,1,72,57"/><U118/><E118/><N who="3" m="45674" /><G1/><T112/><D112/><U22/><E126/><V74/><F121/><W7/><G72/><T17/><D120/><U110/><E110/><V23/><F74/><W131/><G124/><T48/><D75/><U24/><E45/><V122/><F122/><W85/><G111/><T87/><D69/><U43/><E43/><V78/><F115/><W54/><G131/><T41/><D33/><U56/><E76/><V73/><F73/><W127/><G127/><T125/><D125/><U113/><E113/><V92/><F130/><W39/><G39/><T123/><D123/><U119/><E119/><V34/><F34/><W66/><G85/><T104/><D104/><U11/><E11/><V21/><F133/><W0/><G0/><T40/><D40/><U109/><E109/><V9/><F28/><W63/><G26/><T64/><D64/><U95/><E80/><N who="2" m="47127" /><F31/><W58/><G102/><T16/><D38/><U96/><E96/><V101/><F101/><W51/><G15/><T100/><D100/><U134/><E107/><V2/><F2/><W5/><G58/><T4/><D87/><U18/><E134/><V55/><F42/><W65/><G66/><AGARI ba="1,0" hai="8,14,18,22,24,29,56,62,66,70,71,90,95,98" machi="66" ten="30,2900,0" yaku="7,1,52,1" doraHai="88" who="1" fromWho="3" sc="182,0,375,32,115,0,328,-32" /><INIT seed="1,2,0,4,3,50" ten="182,407,115,296" oya="1" hai0="110,116,56,29,87,4,134,28,62,91,115,13,16" hai1="108,122,71,53,114,128,14,129,40,133,69,0,23" hai2="95,45,18,120,11,6,64,15,63,93,105,34,31" hai3="101,66,37,32,119,72,10,33,103,57,127,76,36"/><U3/><E122/><V49/><F120/><W1/><G57/><T118/><D115/><U60/><E114/><V30/><F105/><W79/><G10/><N who="0" m="4295" /><D116/><U55/><E40/><V124/><F124/><W113/><G113/><T8/><D118/><U59/><E133/><V78/><F78/><W88/><G119/><T52/><D110/><U38/><E38/><V39/><F39/><W54/><G66/><T41/><D41/><U12/><E108/><V22/><F34/><W21/><G21/><T26/><D134/><U67/><E23/><V46/><F46/><W80/><G80/><N who="0" m="49639" /><D26/><U65/><E59/><V68/><F95/><W130/><G1/><T94/><D94/><U89/><E89/><V43/><REACH who="2" step="1"/><F93/><REACH who="2" ten="182,407,105,296" step="2"/><W97/><G127/><T104/><D104/><U90/><E129/><V51/><F51/><W107/><G107/><T86/><D86/><U125/><E128/><V135/><F135/><W27/><G130/><T19/><D8/><U111/><E125/><V123/><F123/><W109/><G109/><T2/><D2/><AGARI ba="2,1" hai="2,6,11,15,18,22,30,31,43,45,49,63,64,68" machi="2" ten="30,3900,0" yaku="1,1,7,1,53,1" doraHai="50" doraHaiUra="44" who="2" fromWho="0" sc="182,-45,407,0,105,55,296,0" /><INIT seed="2,0,0,2,2,119" ten="137,407,160,296" oya="2" hai0="87,123,120,69,109,0,91,33,86,47,134,58,52" hai1="31,92,42,5,75,74,12,83,128,93,48,32,28" hai2="19,104,96,127,95,39,9,116,38,88,97,11,118" hai3="94,16,53,10,56,126,84,133,65,34,20,105,37"/><V71/><F71/><W113/><G105/><T72/><D69/><U73/><E83/><V61/><F127/><W68/><G34/><T100/><D72/><U98/><E32/><V29/><F29/><W59/><G37/><T70/><D70/><U80/><E80/><V4/><F61/><W25/><G68/><T67/><D33/><U108/><E108/><V3/><F38/><W43/><G43/><T26/><D0/><U35/><E35/><V49/><F39/><W8/><G126/><T114/><D114/><U99/><E42/><V125/><F125/><W21/><G133/><T60/><D109/><U111/><E111/><V1/><F49/><N who="3" m="30767" /><G113/><T131/><D134/><U85/><E85/><V117/><F19/><W90/><G21/><T15/><D131/><U77/><E128/><V57/><F57/><W51/><G51/><T101/><D26/><U78/><E48/><V129/><F129/><W82/><G82/><T110/><D87/><U76/><E31/><V30/><F30/><W54/><G54/><T22/><D110/><U40/><E28/><V2/><REACH who="2" step="1"/><F4/><REACH who="2" ten="137,407,150,296" step="2"/><W135/><G135/><T102/><D67/><U79/><E5/><V64/><F64/><W112/><G112/><T62/><D62/><AGARI ba="0,1" hai="8,10,16,20,25,59,62,65,84,90,94" m="30767" machi="62" ten="30,2000,0" yaku="8,1,54,1" doraHai="119" who="3" fromWho="0" sc="137,-20,407,0,150,0,296,30" /><INIT seed="3,0,0,3,1,77" ten="117,407,150,326" oya="3" hai0="36,62,75,99,108,101,80,42,122,103,43,132,117" hai1="73,29,51,54,85,95,125,118,94,19,84,113,127" hai2="123,3,60,129,87,35,65,111,102,13,114,135,26" hai3="32,55,116,134,105,130,67,30,11,100,0,72,14"/><W97/><G116/><T6/><D117/><U49/><E73/><V90/><F3/><W69/><G130/><T37/><D122/><U20/><E118/><V34/><F114/><W56/><G134/><T104/><D132/><U71/><E71/><V74/><F74/><W79/><G0/><T107/><D108/><U45/><E29/><V86/><F135/><W48/><G69/><T128/><D128/><U17/><E113/><V9/><F102/><W59/><G32/><T41/><D6/><U78/><E51/><V121/><F111/><W83/><G30/><T92/><D62/><U126/><E19/><N who="2" m="8623" /><F86/><N who="1" m="33385" /><E78/><V119/><F119/><W4/><REACH who="3" step="1"/><G67/><REACH who="3" ten="117,407,150,316" step="2"/><T1/><D1/><U110/><E110/><V23/><F35/><W21/><G21/><T66/><D66/><U68/><E68/><V88/><F34/><W47/><AGARI ba="0,1" hai="4,11,14,47,48,55,56,59,72,79,83,97,100,105" machi="47" ten="20,7800,0" yaku="1,1,0,1,7,1,52,1,53,0" doraHai="77" doraHaiUra="124" who="3" fromWho="3" sc="117,-26,407,-26,150,-26,316,88" owari="91,-40.9,381,18.1,124,-27.6,404,50.4" /></mjloggm>