<mjloggm ver="2.3"><GO type="225" lobby="0"/><UN n0="%E9%A6%AC%E5%BC%95%E7%81%AB%33" n1="%E3%82%B3%E3%83%90%E3%83%AC%E3%82%A4" n2="%E3%81%99%E3%81%84%E3%81%BE%E3%81%9B%E3%83%BC%E3%82%93" n3="%33%74%72%65%65" dan="16,16,18,17" rate="2146.40,2151.50,2207.39,2142.74" sx="M,M,M,F"/><TAIKYOKU oya="0"/><INIT seed="0,0,0,0,1,113" ten="250,250,250,250" oya="0" hai0="69,23,44,80,58,48,118,65,103,49,52,120,123" hai1="114,70,57,14,11,95,20,131,77,17,119,75,102" hai2="134,8,109,135,126,18,13,38,128,2,28,82,59" hai3="5,85,86,50,84,39,89,71,104,31,74,47,34"/><T73/><D118/><U15/><E70/><V111/><F38/><W60/><G74/><T27/><D103/><U36/><E36/><V3/><F82/><W0/><G104/><T33/><D33/><U62/><E114/><V107/><F59/><W81/><G39/><T110/><D110/><N who="2" m="41994" /><F107/><W6/><G34/><T112/><D112/><U9/><E131/><V24/><F126/><W101/><G101/><T88/><D69/><U98/><E75/><V56/><F56/><W90/><G31/><T45/><D45/><U93/><E77/><V121/><F121/><W25/><G25/><T43/><D65/><U117/><E95/><V122/><F128/><W125/><G125/><T22/><D22/><U41/><E20/><N who="2" m="15367" /><F122/><W64/><G0/><AGARI ba="0,0" hai="0,2,3,8,13,18,134,135" m="15367,41994" machi="0" ten="30,3900,0" yaku="14,1,34,2" doraHai="113" who="2" fromWho="3" sc="250,0,250,0,250,39,250,-39" /><INIT seed="1,0,0,4,1,125" ten="250,250,289,211" oya="1" hai0="40,61,87,71,28,98,80,37,7,31,90,70,77" hai1="124,26,115,107,106,67,89,105,118,11,109,63,114" hai2="133,119,82,100,129,134,4,34,64,57,58,78,131" hai3="74,127,25,13,76,75,56,52,36,18,94,93,27"/><U9/><E124/><V86/><F119/><W5/><G127/><T103/><D7/><U42/><E118/><V102/><F34/><W97/><G36/><T122/><D122/><U81/><E42/><V53/><F4/><W51/><G76/><T130/><D130/><N who="2" m="49674" /><F64/><W108/><G108/><T73/><D61/><U95/><E109/><V91/><F91/><W123/><G123/><T44/><D70/><U92/><E81/><V30/><F30/><W128/><G128/><T47/><D47/><U24/><E89/><V43/><F43/><W46/><G46/><T121/><D71/><U112/><E67/><V99/><F102/><W88/><G5/><T72/><D72/><U21/><E63/><N who="2" m="36271" /><F58/><W8/><REACH who="3" step="1"/><G93/><AGARI ba="0,0" hai="78,82,86,93,99,100,133,134" m="36271,49674" machi="93" ten="30,7700,0" yaku="19,1,52,3" doraHai="125" who="2" fromWho="3" sc="250,0,250,0,289,77,211,-77" /><INIT seed="2,0,0,1,2,96" ten="250,250,366,134" oya="2" hai0="116,42,88,69,58,52,120,76,12,72,22,57,62" hai1="16,95,66,37,86,114,59,2,126,93,130,48,60" hai2="6,70,135,19,40,61,13,65,122,79,47,55,99" hai3="43,10,75,84,31,78,129,83,74,90,51,81,106"/><V117/><F117/><W92/><G129/><T35/><D120/><U131/><E2/><V3/><F122/><W46/><G106/><T29/><D69/><U128/><E37/><V18/><F135/><W112/><G112/><T67/><D72/><U50/><E114/><V105/><F79/><W103/><G31/><T11/><D35/><U73/><E73/><V5/><F55/><W34/><G34/><T14/><D76/><U119/><E119/><V54/><F54/><W15/><G75/><T32/><D32/><U111/><E126/><V118/><F18/><W71/><G71/><T4/><D42/><U8/><E111/><V102/><F3/><W1/><G1/><T33/><D33/><U53/><E86/><V26/><F26/><W85/><G74/><T110/><D110/><U125/><E50/><V24/><F24/><W133/><G133/><T113/><D113/><U44/><E125/><V23/><REACH who="2" step="1"/><F118/><REACH who="2" ten="250,250,356,134" step="2"/><W36/><G36/><AGARI ba="0,1" hai="5,6,13,19,23,36,40,47,61,65,70,99,102,105" machi="36" ten="30,11600,0" yaku="1,1,2,1,7,1,52,1,53,0" doraHai="96" doraHaiUra="108" who="2" fromWho="3" sc="250,0,250,0,356,126,134,-116" /><INIT seed="2,1,0,4,5,125" ten="250,250,482,18" oya="2" hai0="58,34,2,87,66,70,4,115,3,25,30,37,33" hai1="79,63,95,23,98,132,64,62,109,102,104,65,31" hai2="39,12,116,48,18,44,50,123,76,27,32,100,80" hai3="13,43,118,129,57,77,120,91,99,119,114,126,11"/><V108/><F116/><W110/><G120/><T7/><D115/><U17/><E132/><V105/><F123/><W82/><G114/><T96/><D58/><U134/><E134/><V72/><F108/><W38/><G126/><T5/><D87/><U106/><E109/><V59/><F100/><W10/><G110/><T117/><D96/><U69/><E79/><V127/><F105/><W6/><G10/><T36/><D66/><U135/><E135/><V24/><F127/><W122/><G122/><T19/><D70/><U15/><E31/><V130/><F32/><N who="0" m="12394" /><D37/><U78/><E78/><V75/><F75/><W56/><G129/><T29/><D36/><U128/><E128/><V68/><F68/><AGARI ba="1,0" hai="15,17,23,62,63,64,65,68,69,95,98,102,104,106" machi="68" ten="30,2000,0" yaku="7,1,9,1" doraHai="125" who="1" fromWho="2" sc="250,0,250,23,482,-23,18,0" /><INIT seed="3,0,0,3,1,121" ten="250,273,459,18" oya="3" hai0="130,23,53,90,84,71,18,73,62,46,40,99,132" hai1="42,112,86,81,95,64,34,75,31,85,47,116,32" hai2="35,70,20,12,87,69,126,44,120,28,61,118,122" hai3="58,133,117,56,127,17,135,66,129,45,37,26,21"/><W43/><G66/><T119/><D119/><U93/><E116/><V19/><F118/><W9/><G117/><T10/><D130/><U107/><E107/><V83/><F126/><W82/><G129/><T1/><D132/><N who="3" m="50761" /><G127/><T25/><D73/><U15/><E75/><V65/><F70/><W51/><G82/><T39/><D99/><U63/><E32/><V48/><F35/><W128/><G128/><T115/><D115/><U4/><E85/><V98/><F98/><W5/><G37/><T101/><D101/><U100/><E31/><V3/><F28/><W134/><N who="3" m="50769" /><W14/><AGARI ba="0,0" hai="5,9,14,17,21,26,43,45,51,56,58" m="50769" machi="14" ten="40,3900,0" yaku="4,1,20,1" doraHai="121" who="3" fromWho="3" sc="250,-13,273,-13,459,-13,18,39" /><INIT seed="3,1,0,0,4,99" ten="237,260,446,57" oya="3" hai0="72,14,117,127,74,79,24,66,68,15,106,86,49" hai1="126,107,67,90,80,120,111,57,101,45,112,43,113" hai2="29,93,75,97,110,108,84,73,122,81,92,2,133" hai3="115,6,114,1,87,20,118,82,123,36,63,39,85"/><W134/><G118/><T102/><D117/><U8/><E120/><V62/><F122/><W37/><G123/><T35/><D49/><U42/><E126/><V91/><F133/><W7/><G134/><T69/><D86/><U28/><E43/><V77/><F2/><W51/><G51/><T44/><D44/><U128/><E28/><V71/><F29/><W23/><G63/><N who="0" m="40031" /><D69/><U38/><E67/><N who="2" m="41463" /><F93/><W4/><G1/><T96/><D127/><U104/><E57/><V32/><F32/><W40/><G40/><T98/><D98/><U78/><E107/><V125/><F125/><W89/><REACH who="3" step="1"/><G85/><REACH who="3" ten="237,260,446,47" step="2"/><T54/><D54/><U17/><E42/><V129/><F129/><W55/><G55/><T121/><D121/><U34/><E128/><V3/><F3/><W61/><G61/><T109/><D72/><U47/><E113/><AGARI ba="1,1" hai="4,6,7,20,23,36,37,39,82,87,89,113,114,115" machi="113" ten="50,2400,0" yaku="1,1,53,0" doraHai="99" doraHaiUra="59" who="3" fromWho="1" sc="237,0,260,-27,446,0,47,37" /><INIT seed="3,2,0,0,0,42" ten="237,233,446,84" oya="3" hai0="77,63,31,76,7,85,119,75,105,5,127,65,130" hai1="56,1,134,12,96,16,62,95,72,98,100,129,126" hai2="135,124,30,49,66,41,50,111,125,106,54,40,91" hai3="68,88,115,133,53,0,70,89,122,23,29,73,3"/><W118/><G115/><T109/><D119/><U20/><E72/><V79/><F111/><W38/><G118/><T74/><D105/><U112/><E112/><V82/><F135/><W11/><G122/><T4/><D109/><U46/><E134/><V128/><F128/><W39/><G133/><T14/><D130/><U99/><E129/><V71/><F106/><W61/><G73/><T28/><D127/><U58/><E1/><N who="3" m="586" /><G11/><N who="0" m="4455" /><D75/><U92/><E126/><V48/><F91/><N who="3" m="34891" /><G53/><T6/><D74/><U45/><E58/><V52/><F54/><W69/><G61/><T87/><D63/><U9/><E9/><V108/><F52/><W51/><G51/><T35/><D65/><N who="1" m="39111" /><E99/><V33/><F125/><W64/><G64/><T32/><D32/><U17/><E17/><V57/><F124/><W18/><G18/><T55/><D55/><U114/><E114/><V25/><F50/><W22/><G29/><N who="0" m="11339" /><D35/><U21/><E21/><AGARI ba="2,0" hai="21,22,23,38,39,68,69,70" m="34891,586" machi="21" ten="40,7700,0" yaku="28,2,54,1" doraHai="42" who="3" fromWho="1" sc="237,0,233,-83,446,0,84,83" /><INIT seed="3,3,0,0,3,101" ten="237,150,446,167" oya="3" hai0="31,112,48,128,49,0,9,73,56,78,14,38,134" hai1="23,109,122,119,37,95,121,67,19,36,40,92,88" hai2="18,61,131,77,57,91,62,53,59,25,90,117,68" hai3="28,45,105,46,76,115,13,130,125,86,135,97,85"/><W113/><G125/><T52/><D38/><U123/><E119/><V87/><F117/><W116/><G116/><T55/><D0/><U132/><E132/><V7/><F131/><W39/><G135/><T47/><D134/><U104/><E104/><V6/><F68/><W15/><G130/><T111/><D111/><U43/><E109/><V103/><F103/><W81/><G28/><T5/><D128/><U27/><E67/><V70/><F70/><W120/><G120/><T102/><D102/><U99/><E37/><V126/><F77/><W30/><G30/><T82/><D31/><U129/><E36/><V118/><F126/><W84/><G97/><T75/><D112/><N who="3" m="43081" /><G105/><T44/><D56/><U54/><E129/><V127/><F127/><W106/><G106/><T8/><D8/><U89/><REACH who="1" step="1"/><E54/><REACH who="1" ten="237,140,446,167" step="2"/><N who="2" m="33975" /><F118/><W12/><G39/><T69/><D69/><U71/><E71/><V124/><F124/><W34/><G34/><T2/><D2/><U32/><E32/><V4/><F87/><AGARI ba="3,1" hai="5,9,14,44,47,48,49,52,55,73,75,78,82,87" machi="87" ten="30,3900,0" yaku="7,1,9,1,54,1" doraHai="101" who="0" fromWho="2" sc="237,58,140,0,446,-48,167,0" /><AGARI ba="3,0" hai="19,23,27,40,43,87,88,89,92,95,99,121,122,123" machi="87" ten="40,5200,0" yaku="1,1,54,1,53,1" doraHai="101" doraHaiUra="80" who="1" fromWho="2" sc="295,0,140,52,398,-52,167,0" owari="295,9.5,192,-20.8,346,44.6,167,-33.3" /></mjloggm>