<mjloggm ver="2.3"><GO type="225" lobby="0"/><UN n0="%E9%A6%AC%E5%BC%95%E7%81%AB%33" n1="%E3%83%9D%E3%82%B1%E3%83%83%E3%83%88" n2="%E3%82%B3%E3%83%90%E3%83%AC%E3%82%A4" n3="%E3%81%99%E3%81%84%E3%81%BE%E3%81%9B%E3%83%BC%E3%82%93" dan="16,16,16,18" rate="2140.33,2051.54,2159.50,2263.26" sx="M,M,M,M"/><TAIKYOKU oya="0"/><INIT seed="0,0,0,3,5,64" ten="250,250,250,250" oya="0" hai0="116,45,67,49,74,25,91,123,72,88,31,61,78" hai1="18,126,44,81,13,0,12,129,112,6,131,4,7" hai2="20,75,59,14,73,76,52,95,128,63,108,71,2" hai3="124,94,37,24,41,89,34,3,134,119,135,17,110"/><T29/><D116/><U84/><E0/><V114/><F2/><W5/><G119/><T47/><D123/><U26/><E126/><V98/><F114/><W80/><G124/><T36/><D36/><U107/><E107/><V70/><F128/><N who="1" m="49225" /><E112/><V82/><F75/><W121/><G121/><T105/><D105/><U54/><E26/><V77/><F77/><W106/><G106/><T27/><D78/><N who="1" m="46135" /><E18/><V60/><F60/><W83/><G17/><T28/><D28/><U35/><E35/><V62/><F62/><W133/><G110/><T66/><D61/><U53/><E44/><V97/><F108/><W30/><G5/><T19/><D19/><U38/><E38/><V132/><F132/><W58/><G3/><T40/><D49/><U22/><E22/><V120/><F120/><W57/><G83/><T65/><D65/><U51/><E51/><V102/><F20/><W111/><G80/><T56/><D56/><U48/><E48/><V86/><F14/><AGARI ba="0,0" hai="4,6,7,12,13,14,53,54" m="46135,49225" machi="14" ten="30,1000,0" yaku="19,1" doraHai="64" who="1" fromWho="2" sc="250,0,250,10,250,-10,250,0" /><INIT seed="1,0,0,1,5,72" ten="250,260,240,250" oya="1" hai0="6,132,103,61,86,37,23,131,75,62,48,74,110" hai1="126,3,122,116,79,38,129,95,76,7,36,44,93" hai2="115,14,4,80,8,63,70,9,17,29,51,107,73" hai3="1,109,60,25,84,43,53,134,33,42,94,96,90"/><U58/><E116/><V100/><F115/><W105/><G1/><T65/><D37/><U15/><E122/><V34/><F107/><W104/><G109/><T71/><D110/><U120/><E120/><V13/><F34/><W92/><G134/><T2/><D132/><U55/><E3/><V52/><F29/><W19/><G105/><T121/><D121/><U56/><E126/><V31/><F31/><W57/><G104/><T21/><D103/><U78/><E129/><V26/><F100/><W83/><G94/><N who="1" m="35850" /><E38/><V98/><F98/><W91/><REACH who="3" step="1"/><G33/><REACH who="3" ten="250,260,240,240" step="2"/><T22/><D2/><U117/><E117/><V77/><F26/><W87/><G87/><T85/><D86/><U125/><E125/><V128/><F128/><W130/><G130/><T106/><D85/><U69/><E36/><V97/><F97/><W54/><G54/><T11/><D75/><U39/><E39/><V67/><F52/><W88/><G88/><T0/><D74/><U32/><E32/><V135/><F135/><W118/><G118/><T46/><D106/><U111/><E111/><V27/><F27/><W66/><G66/><T47/><D131/><U133/><E133/><V20/><REACH who="2" step="1"/><F51/><REACH who="2" ten="250,260,230,240" step="2"/><W114/><G114/><T127/><D48/><N who="1" m="29063" /><E69/><V99/><F99/><W41/><G41/><T89/><D127/><U113/><E113/><V16/><F16/><W124/><G124/><T12/><D71/><U35/><E35/><V50/><F50/><W30/><G30/><T64/><D6/><U123/><E123/><V101/><F101/><W59/><G59/><T24/><D24/><U82/><E82/><RYUUKYOKU ba="0,2" sc="250,-30,260,10,230,10,240,10" hai1="7,15,56,58,76,78,79" hai2="4,8,9,13,14,17,20,63,67,70,73,77,80" hai3="19,25,42,43,53,57,60,83,84,90,91,92,96" /><INIT seed="1,1,2,0,2,90" ten="220,270,240,250" oya="1" hai0="80,99,13,7,130,9,95,125,118,61,102,81,66" hai1="21,112,8,101,88,32,89,115,55,98,93,128,14" hai2="87,24,29,53,77,27,28,49,92,68,74,104,69" hai3="70,36,83,91,54,72,15,5,63,100,38,3,120"/><U79/><E32/><V133/><F104/><W47/><G120/><T84/><D118/><U48/><E128/><V85/><F133/><W51/><G3/><T108/><D130/><U26/><E79/><V50/><F77/><W86/><G72/><T129/><D129/><U123/><E123/><V73/><REACH who="2" step="1"/><F53/><REACH who="2" ten="220,270,230,250" step="2"/><W131/><G131/><T121/><D121/><U82/><E115/><V105/><F105/><W114/><G114/><T75/><D125/><U44/><E112/><V17/><F17/><W4/><G54/><T62/><D108/><U71/><E82/><V127/><F127/><W19/><G83/><N who="0" m="31819" /><D75/><U126/><E126/><V134/><F134/><W31/><G19/><T106/><D106/><U65/><E65/><V40/><F40/><W46/><G4/><T10/><D66/><U43/><E55/><V103/><F103/><W20/><G100/><T34/><D102/><U94/><E93/><AGARI ba="1,3" hai="24,27,28,29,49,50,68,69,73,74,85,87,92,93" machi="93" ten="25,8000,1" yaku="1,1,22,2,52,2,53,0" doraHai="90" doraHaiUra="124" who="2" fromWho="1" sc="220,0,270,-83,230,113,250,0" /><INIT seed="2,0,0,4,3,64" ten="220,187,343,250" oya="2" hai0="72,73,6,125,15,120,92,35,30,26,3,25,98" hai1="90,36,14,95,83,99,75,81,1,56,22,100,112" hai2="62,104,60,86,109,85,77,114,106,108,20,57,5" hai3="76,82,32,2,128,68,88,18,130,50,97,132,31"/><V129/><F114/><W46/><G2/><T65/><D120/><U101/><E1/><V45/><F5/><W93/><G132/><T33/><D125/><U58/><E36/><V28/><F45/><W17/><G68/><T66/><D3/><U74/><E112/><V119/><F119/><W41/><G31/><T59/><D59/><U52/><E58/><V23/><F57/><W103/><G103/><T127/><D127/><U91/><E75/><V13/><F13/><W116/><G32/><T63/><D15/><U8/><E22/><N who="2" m="8235" /><F28/><W16/><REACH who="3" step="1"/><G116/><REACH who="3" ten="220,187,343,240" step="2"/><T48/><D30/><U21/><E100/><V44/><F129/><W123/><G123/><T89/><D33/><U126/><E126/><V122/><F122/><W54/><G54/><T37/><D66/><U94/><E21/><V42/><F106/><W118/><G118/><T69/><D65/><U12/><E101/><V27/><F104/><W11/><G11/><T24/><D69/><U9/><E12/><V55/><F27/><W7/><G7/><T49/><D25/><U96/><E74/><AGARI ba="0,1" hai="16,17,18,41,46,50,74,76,82,88,93,97,128,130" machi="74" ten="40,5200,0" yaku="1,1,54,2,53,0" doraHai="64" doraHaiUra="51" who="3" fromWho="1" sc="220,0,187,-52,343,0,240,62" /><INIT seed="3,0,0,1,1,55" ten="220,135,343,302" oya="3" hai0="133,76,58,16,80,110,62,111,109,100,51,47,129" hai1="45,61,107,27,68,59,9,57,128,92,67,13,112" hai2="63,78,39,10,2,33,38,79,96,22,93,74,118" hai3="131,135,7,52,37,124,115,24,50,103,97,48,17"/><W104/><G115/><T113/><D113/><U29/><E107/><V127/><F33/><W88/><G37/><T86/><D133/><U15/><E112/><V98/><F118/><W4/><G135/><T120/><D120/><U70/><E128/><V3/><F74/><W53/><G124/><T132/><D132/><U21/><E68/><V85/><F10/><W23/><G131/><T108/><D129/><U83/><E83/><V12/><F85/><W73/><G73/><T90/><D100/><U20/><E45/><V30/><F93/><N who="3" m="56487" /><G103/><T64/><D16/><U35/><E92/><V121/><F39/><W117/><G117/><T25/><D25/><U71/><E71/><V87/><F38/><W0/><G0/><T114/><D114/><U5/><REACH who="1" step="1"/><E35/><REACH who="1" ten="220,125,343,302" step="2"/><V44/><F121/><W75/><G104/><T125/><D111/><U77/><E77/><V72/><F72/><W95/><G95/><T31/><D76/><U1/><E1/><V32/><F2/><W116/><G75/><T43/><D110/><U49/><E49/><V126/><F3/><W19/><G116/><T18/><D109/><U81/><E81/><V84/><F127/><W6/><G50/><T28/><D125/><U66/><E66/><V119/><F126/><W14/><G48/><T105/><D105/><U99/><E99/><V106/><F32/><W89/><G89/><T41/><D108/><U36/><E36/><V60/><F106/><W123/><G123/><T42/><D90/><U82/><E82/><V8/><F119/><W56/><G14/><T122/><D80/><U102/><E102/><RYUUKYOKU ba="0,1" sc="220,-10,125,30,343,-10,302,-10" hai1="5,9,13,15,20,21,27,29,57,59,61,67,70" owari="210,-19.0,155,-34.5,343,44.3,292,9.2" /></mjloggm>