<mjloggm ver="2.3"><GO type="225" lobby="0"/><UN n0="%E5%91%A8%E6%9D%B1" n1="%E3%81%8B%E3%82%8F%E3%81%A1%E3%82%83%E3%82%93%35%38" n2="%E7%99%BD%E5%80%89%E5%AF%9B%E4%B9%8B" n3="%47%68%6F%73%74%55%30" dan="17,16,16,16" rate="2197.36,2123.44,2072.83,2132.28" sx="M,M,M,M"/><TAIKYOKU oya="0"/><INIT seed="0,0,0,0,5,18" ten="250,250,250,250" oya="0" hai0="39,57,107,79,135,48,86,10,21,55,122,73,59" hai1="119,7,54,33,46,53,94,111,82,58,28,89,17" hai2="50,37,69,61,6,95,38,105,98,96,90,134,103" hai3="34,93,72,60,47,29,99,83,129,126,15,124,1"/><T30/><D122/><U100/><E119/><V132/><F6/><W113/><G1/><T128/><D39/><U121/><E121/><V78/><F78/><W36/><G113/><T87/><D107/><U4/><E111/><V108/><F108/><W106/><G129/><T11/><D128/><U91/><E33/><V130/><F130/><W13/><G106/><T118/><D118/><U92/><E28/><V102/><F50/><W45/><G60/><T12/><D135/><N who="2" m="51754" /><F102/><W51/><G36/><N who="2" m="13929" /><F61/><W75/><G45/><T63/><D73/><U66/><E46/><V133/><N who="2" m="51762" /><V97/><DORA hai="80" /><F98/><W44/><G47/><T81/><D87/><U65/><E100/><V84/><F97/><W0/><G0/><T42/><D42/><U77/><E77/><V67/><F67/><W43/><G75/><T125/><D125/><N who="3" m="48233" /><G29/><T31/><D31/><U3/><E3/><V114/><F69/><W62/><G34/><T101/><D101/><U5/><E66/><V120/><F120/><W123/><G62/><T24/><REACH who="0" step="1"/><D12/><REACH who="0" ten="240,250,250,250" step="2"/><U49/><E91/><N who="2" m="53735" /><F114/><W41/><G123/><T22/><D22/><U20/><E20/><V2/><F2/><W32/><G32/><T88/><D88/><AGARI ba="0,1" hai="88,90,96,103,105" m="53735,13929,51762" machi="88" ten="50,6400,0" yaku="20,1,52,1,54,1" doraHai="18,80" who="2" fromWho="0" sc="240,-64,250,0,250,74,250,0" /><INIT seed="1,0,0,0,2,99" ten="176,250,324,250" oya="1" hai0="73,127,62,113,50,74,64,80,82,86,72,17,60" hai1="36,123,105,42,131,104,22,114,66,83,54,135,49" hai2="44,63,110,115,15,75,19,35,47,67,120,100,23" hai3="69,85,20,95,56,132,52,106,126,18,57,8,0"/><U25/><E114/><V103/><F75/><W48/><G106/><T12/><D113/><U31/><E123/><V38/><F115/><W112/><G112/><T84/><D50/><U130/><E135/><V94/><F120/><W6/><G69/><T21/><D127/><U32/><E66/><V116/><F35/><W76/><G126/><T5/><D5/><U124/><E124/><V26/><F116/><W122/><G122/><T29/><D29/><U51/><E83/><V10/><F110/><W14/><G132/><T77/><REACH who="0" step="1"/><D64/><REACH who="0" ten="166,250,324,250" step="2"/><U40/><E51/><V121/><F121/><W98/><G76/><AGARI ba="0,1" hai="12,17,21,60,62,72,73,74,76,77,80,82,84,86" machi="76" ten="40,5200,0" yaku="1,1,2,1,9,1,53,0" doraHai="99" doraHaiUra="24" who="0" fromWho="3" sc="166,62,250,0,324,0,250,-52" /><INIT seed="2,0,0,3,3,35" ten="228,250,324,198" oya="2" hai0="124,97,13,55,71,46,89,83,64,112,57,6,61" hai1="23,98,20,111,43,33,118,17,95,67,47,49,90" hai2="59,73,68,42,132,117,30,78,11,69,105,125,60" hai3="16,53,76,63,127,121,25,102,128,72,110,48,37"/><V109/><F105/><W129/><G121/><T8/><D124/><U82/><E118/><V85/><F117/><W3/><G3/><T54/><D112/><U115/><E33/><V119/><F73/><W99/><G37/><T70/><D70/><U7/><E115/><V92/><F119/><W126/><G63/><T40/><D71/><U45/><E111/><V130/><F125/><N who="3" m="47627" /><G76/><T51/><REACH who="0" step="1"/><D97/><REACH who="0" ten="218,250,324,198" step="2"/><U31/><E67/><N who="2" m="39327" /><F69/><W19/><G110/><T21/><D21/><U4/><E45/><V29/><F68/><W65/><G72/><T18/><D18/><N who="3" m="6697" /><G65/><T74/><D74/><U93/><E23/><V38/><F109/><W41/><G41/><T79/><D79/><U133/><E31/><V52/><F30/><W96/><G25/><T10/><D10/><U94/><E133/><V122/><F29/><W12/><G12/><T24/><D24/><N who="1" m="14351" /><E98/><N who="3" m="37418" /><G102/><T106/><D106/><U26/><E26/><V120/><F132/><W134/><G134/><T87/><AGARI ba="0,1" hai="6,8,13,40,46,51,54,55,57,61,64,83,87,89" machi="87" ten="30,7900,0" yaku="1,1,0,1,8,1,53,1" doraHai="35" doraHaiUra="86" who="0" fromWho="0" sc="218,89,250,-20,324,-39,198,-20" /><INIT seed="3,0,0,4,3,18" ten="307,230,285,178" oya="3" hai0="59,24,126,13,44,66,62,63,114,121,116,52,61" hai1="91,80,129,96,83,109,42,73,22,134,100,32,60" hai2="110,54,88,0,122,67,124,11,43,50,89,72,95" hai3="125,10,3,51,46,97,4,33,118,47,127,82,53"/><W87/><G118/><T69/><D121/><U113/><E32/><V123/><F72/><W26/><G97/><T35/><D116/><U8/><E113/><V14/><F0/><W101/><G101/><T29/><D114/><U19/><E109/><V111/><F43/><W45/><G33/><T41/><D126/><U58/><E129/><V105/><F67/><W9/><G26/><T70/><D13/><U21/><E134/><V102/><F102/><W28/><G28/><T65/><D41/><U30/><E42/><V108/><F105/><W31/><G31/><T36/><D44/><U132/><E132/><V68/><F68/><W16/><G125/><T1/><D1/><U5/><E73/><V71/><F71/><W17/><G127/><T12/><D12/><N who="1" m="5135" /><E30/><V85/><F89/><N who="3" m="51447" /><G17/><T20/><D36/><U37/><E100/><V15/><F124/><W76/><G76/><T99/><D99/><U112/><E37/><V131/><F131/><W75/><G75/><T6/><D6/><U120/><E120/><N who="2" m="46123" /><F11/><W49/><G49/><T64/><D64/><U74/><E74/><V133/><F133/><W25/><G25/><T135/><D135/><U92/><E112/><V55/><F55/><W98/><G98/><T106/><D106/><U23/><E19/><V2/><F2/><W34/><G34/><AGARI ba="0,0" hai="20,24,29,34,35,52,59,61,62,63,65,66,69,70" machi="34" ten="40,5200,0" yaku="9,1,52,1,54,1" doraHai="18" who="0" fromWho="3" sc="307,52,230,0,285,0,178,-52" owari="359,45.9,230,-17.0,285,8.5,126,-37.4" /></mjloggm>