<mjloggm ver="2.3"><GO type="225" lobby="0"/><UN n0="%E3%83%94%E3%83%B3%E3%82%B5%E3%83%AD%E5%BA%97%E5%93%A1" n1="%E3%83%A9%E3%82%B9%E7%8E%87%EF%BC%93%E5%89%B2" n2="%E6%98%93%E5%88%A9%E8%96%A9%E4%BC%AF" n3="%E5%B8%86%E7%AB%8B%E5%A4%8F%E8%A1%A3" dan="16,16,17,17" rate="2195.02,2224.33,2199.04,2167.59" sx="M,F,F,M"/><TAIKYOKU oya="0"/><INIT seed="0,0,0,5,5,113" ten="250,250,250,250" oya="0" hai0="17,63,108,79,61,117,67,46,123,22,120,99,92" hai1="54,102,77,30,55,58,3,90,35,39,24,56,107" hai2="101,59,93,132,12,130,129,116,19,41,37,68,31" hai3="127,134,50,34,81,52,124,94,1,70,119,36,47"/><T66/><D79/><U75/><E39/><V0/><F68/><W83/><G34/><T5/><D5/><U85/><E3/><V9/><F132/><W104/><G104/><T13/><D108/><U14/><E14/><V48/><F37/><W109/><G109/><T73/><D73/><U100/><E58/><V2/><F31/><W86/><G134/><T106/><D106/><U110/><E110/><V44/><F59/><W60/><G1/><T21/><D46/><U105/><E105/><V97/><REACH who="2" step="1"/><F116/><REACH who="2" ten="250,250,240,250" step="2"/><W51/><G36/><T115/><D117/><U84/><E56/><V49/><F49/><W25/><G119/><T78/><D115/><U57/><E57/><V38/><F38/><W43/><G70/><T27/><D123/><U82/><E30/><V45/><F45/><W114/><G114/><T131/><D120/><U4/><E55/><V95/><F95/><W121/><G121/><T72/><D63/><U112/><E54/><V32/><F32/><W29/><G60/><T126/><D61/><U65/><E112/><V133/><F133/><W103/><G51/><T6/><D92/><U33/><E33/><V23/><F23/><N who="3" m="15551" /><G52/><T71/><D71/><U118/><E118/><V91/><F91/><N who="3" m="53623" /><G103/><T11/><D67/><U111/><E65/><V7/><F7/><W122/><G122/><T87/><D6/><U20/><E4/><V18/><F18/><W69/><G69/><T96/><D17/><N who="1" m="12303" /><E35/><V16/><F16/><W42/><G42/><T15/><D66/><U53/><E53/><V28/><F28/><W128/><G128/><AGARI ba="0,1" hai="0,2,9,12,19,41,44,48,93,97,101,128,129,130" machi="128" ten="40,2600,0" yaku="1,1,19,1,53,0" doraHai="113" doraHaiUra="26" who="2" fromWho="3" sc="250,0,250,0,240,36,250,-26" /><INIT seed="1,0,0,5,2,115" ten="250,250,276,224" oya="1" hai0="106,120,38,51,11,12,33,86,42,65,67,6,124" hai1="75,126,89,108,9,31,94,72,82,39,123,109,133" hai2="135,36,35,73,127,63,14,101,91,28,70,113,93" hai3="3,102,112,50,125,61,76,97,8,132,99,5,54"/><U119/><E39/><V46/><F113/><W98/><G132/><T87/><D106/><U59/><E31/><V104/><F73/><N who="1" m="28233" /><E59/><V48/><F127/><W78/><G125/><T56/><D33/><U18/><E18/><V129/><F129/><W68/><G112/><T110/><D124/><U81/><E9/><V16/><F135/><W25/><G102/><T52/><D110/><N who="1" m="42603" /><E126/><V13/><F13/><W95/><G95/><T100/><D100/><U116/><E123/><V121/><F36/><W60/><G25/><T0/><D120/><U83/><E133/><V118/><F28/><W130/><G130/><T44/><D0/><U23/><E23/><V96/><F35/><W103/><G103/><T114/><D114/><U80/><N who="1" m="20480" /><DORA hai="24" /><U7/><E7/><V21/><F63/><W1/><G1/><T134/><D134/><U40/><E40/><V55/><F70/><W10/><G10/><T43/><D43/><U37/><E37/><V122/><REACH who="2" step="1"/><F118/><REACH who="2" ten="250,250,266,224" step="2"/><W53/><G68/><T30/><D30/><U27/><E27/><V128/><F128/><W69/><G69/><T117/><D117/><U62/><E62/><V64/><F64/><W66/><G66/><T85/><AGARI ba="0,1" hai="6,11,12,38,42,44,51,52,56,65,67,85,86,87" machi="85" ten="30,2000,0" yaku="0,1,54,1" doraHai="115,24" who="0" fromWho="0" sc="250,30,250,-10,266,-5,224,-5" /><INIT seed="2,0,0,4,2,22" ten="280,240,261,219" oya="2" hai0="115,39,68,89,83,70,63,33,99,62,27,0,17" hai1="108,110,57,72,106,56,125,65,28,15,45,118,40" hai2="85,81,30,19,93,44,98,79,117,104,84,21,97" hai3="101,8,122,107,102,37,77,13,20,76,1,24,48"/><V31/><F117/><W25/><G37/><T35/><D115/><U14/><E106/><V11/><F11/><W71/><G71/><T12/><D0/><U6/><E72/><V78/><F44/><W129/><G122/><T29/><D39/><U53/><E118/><V133/><F133/><W66/><G66/><T109/><D109/><N who="1" m="42091" /><E6/><V94/><F104/><W73/><G129/><T82/><D35/><U3/><E3/><V67/><F67/><W38/><G38/><T116/><D116/><U124/><E28/><V92/><F79/><N who="3" m="30283" /><G73/><T121/><D121/><U64/><E15/><V42/><F42/><W126/><G107/><T91/><D70/><U128/><E14/><V80/><F80/><W123/><G126/><N who="1" m="48746" /><E128/><V54/><F54/><W9/><G123/><T10/><D68/><U69/><E69/><V5/><F5/><N who="3" m="3215" /><G9/><T47/><D10/><U46/><E40/><V58/><F58/><N who="1" m="22633" /><E53/><V59/><F59/><W105/><G105/><T96/><D33/><U51/><E51/><V134/><F134/><W50/><G1/><T86/><D63/><U131/><E131/><V32/><F32/><W132/><G132/><T49/><D62/><U90/><E90/><V120/><F120/><W36/><G36/><T103/><D49/><N who="3" m="19049" /><G20/><T135/><D135/><U4/><E4/><V34/><F34/><W119/><G119/><T43/><D43/><U113/><E113/><V127/><F127/><W41/><G41/><T75/><D75/><U2/><E2/><V74/><F21/><W16/><G16/><T26/><D17/><U95/><E95/><N who="2" m="24323" /><V100/><DORA hai="23" /><F19/><RYUUKYOKU ba="0,0" sc="280,-15,240,15,261,-15,219,15" hai1="45,46,64,65" hai3="24,25,101,102" /><INIT seed="3,1,0,5,5,66" ten="265,255,246,234" oya="3" hai0="103,47,49,73,11,26,61,135,8,92,53,37,29" hai1="105,56,77,112,44,96,32,43,71,119,39,33,64" hai2="129,114,100,133,34,131,13,38,120,35,82,12,51" hai3="40,126,1,15,95,48,36,108,50,121,45,16,78"/><W106/><G121/><T90/><D73/><U9/><E112/><V122/><F38/><W134/><G106/><T28/><D135/><U46/><E46/><V72/><F100/><W67/><G1/><T117/><D117/><U89/><E89/><V63/><F51/><W76/><G134/><T19/><D37/><U132/><E9/><N who="0" m="3657" /><D103/><N who="1" m="62695" /><E119/><V127/><F114/><W54/><G126/><T94/><D61/><N who="1" m="40335" /><E132/><V74/><F63/><W6/><G6/><T14/><D26/><U83/><E56/><V23/><F133/><W85/><G67/><T59/><D47/><U97/><E97/><V115/><F115/><W0/><G0/><T57/><D57/><U79/><E79/><V75/><F23/><N who="3" m="11679" /><G36/><T62/><D62/><U70/><E70/><V60/><F60/><W10/><G10/><N who="0" m="6615" /><D94/><U102/><E102/><V5/><F127/><W116/><G116/><T87/><AGARI ba="1,0" hai="28,29,49,53,59,87,90,92" m="6615,3657" machi="87" ten="30,1100,0" yaku="8,1" doraHai="66" who="0" fromWho="0" sc="265,14,255,-4,246,-4,234,-6" /><INIT seed="4,0,0,5,3,36" ten="279,251,242,228" oya="0" hai0="48,111,130,131,44,26,101,2,66,75,92,9,58" hai1="125,104,95,99,34,8,79,86,38,123,134,18,31" hai2="114,121,64,62,6,63,45,24,115,72,133,46,19" hai3="106,52,81,28,110,61,35,25,20,15,14,54,23"/><T68/><D75/><U3/><E134/><V127/><F72/><W42/><G110/><T0/><D68/><U12/><E125/><V5/><F121/><W109/><G109/><T78/><D78/><U11/><E104/><V124/><F24/><N who="3" m="16391" /><G35/><T91/><D101/><U107/><E107/><V103/><F19/><N who="3" m="12543" /><G106/><T83/><D83/><U84/><E38/><V119/><F103/><W22/><G42/><N who="0" m="24599" /><D26/><U60/><E34/><V47/><F119/><W71/><G71/><T4/><D111/><U118/><E3/><V82/><F82/><W73/><G73/><T100/><D100/><U37/><E37/><V65/><F47/><W69/><G69/><T43/><D43/><U87/><E118/><V29/><F29/><W128/><G128/><N who="0" m="49195" /><D2/><U97/><E31/><V76/><F76/><W32/><G32/><T51/><D51/><U10/><E79/><V117/><F117/><W120/><G120/><T129/><N who="0" m="49203" /><T89/><DORA hai="113" /><D92/><U55/><E95/><V93/><F93/><W105/><G105/><T88/><D58/><N who="1" m="34911" /><E123/><V41/><F41/><W30/><G81/><T13/><D0/><U49/><E49/><V50/><F50/><W56/><G30/><T132/><D132/><AGARI ba="0,0" hai="5,6,45,46,62,63,64,65,114,115,124,127,132,133" machi="132" ten="25,1600,0" yaku="22,2" doraHai="36,113" who="2" fromWho="0" sc="279,-16,251,0,242,16,228,0" /><INIT seed="5,0,0,1,1,20" ten="263,251,258,228" oya="1" hai0="52,85,76,104,108,88,47,128,94,8,89,3,35" hai1="96,79,53,10,18,80,64,86,122,63,115,134,121" hai2="97,98,102,51,1,61,123,59,90,124,117,66,72" hai3="28,2,58,44,21,34,91,46,4,70,69,31,107"/><U49/><E115/><V74/><F1/><W45/><G34/><T17/><D108/><U56/><E134/><V135/><F117/><W67/><G107/><T83/><D128/><U30/><E30/><V127/><F123/><W25/><G31/><T114/><D114/><U48/><E48/><V26/><F90/><W41/><G41/><T77/><D104/><U111/><E111/><V32/><F98/><W110/><G110/><T68/><D68/><U55/><E55/><V101/><F101/><W116/><G116/><T16/><D35/><U87/><E96/><V60/><F60/><W112/><G112/><T73/><D73/><U126/><E126/><N who="2" m="48171" /><F51/><W106/><G106/><T43/><D3/><U62/><E62/><V23/><F32/><W113/><G113/><T105/><D105/><U33/><E33/><V131/><F131/><W24/><G91/><T15/><D17/><U103/><E103/><V95/><F135/><W27/><G70/><T12/><D12/><N who="1" m="7447" /><E122/><V100/><F102/><W133/><G69/><T82/><D52/><U92/><E121/><V78/><F78/><N who="0" m="30314" /><D89/><N who="1" m="53303" /><E49/><AGARI ba="0,0" hai="8,15,16,43,47,49,82,83,85,88,94" m="30314" machi="49" ten="30,3900,0" yaku="8,1,54,2" doraHai="20" who="0" fromWho="1" sc="263,39,251,-39,258,0,228,0" owari="302,40.2,212,-28.8,258,5.8,228,-17.2" /></mjloggm>