<mjloggm ver="2.3"><GO type="225" lobby="0"/><UN n0="%E3%81%8F%E3%82%8B%E3%82%8B" n1="%E3%81%99%E3%81%84%E3%81%BE%E3%81%9B%E3%83%BC%E3%82%93" n2="%43%68%65" n3="%E3%81%8B%E3%82%8F%E3%81%A1%E3%82%83%E3%82%93%35%38" dan="18,18,16,16" rate="2280.28,2171.31,2198.34,2138.93" sx="F,M,M,M"/><TAIKYOKU oya="0"/><INIT seed="0,0,0,5,0,32" ten="250,250,250,250" oya="0" hai0="87,81,76,112,21,119,124,38,83,51,44,70,130" hai1="82,68,92,12,108,77,78,80,23,0,39,54,34" hai2="47,94,15,120,122,60,2,56,59,111,115,10,35" hai3="50,16,135,88,116,85,69,7,75,79,102,61,86"/><T74/><D119/><U132/><E34/><V37/><F35/><W42/><G116/><T71/><D112/><U107/><E107/><V62/><F115/><W45/><G135/><T125/><D38/><U30/><E68/><V93/><F111/><W89/><G75/><T5/><D130/><U13/><E39/><V17/><F2/><W4/><G69/><T41/><D21/><U127/><E92/><V46/><F37/><W25/><G102/><T14/><D71/><U19/><E30/><V6/><F17/><W26/><G61/><T96/><D96/><U98/><E98/><V49/><F49/><W24/><G79/><N who="0" m="46591" /><D70/><U118/><E23/><V48/><F48/><W20/><G86/><T103/><D103/><U3/><E118/><V121/><F121/><W134/><G134/><T106/><D106/><U64/><E132/><V9/><F15/><N who="3" m="9247" /><G89/><T126/><D14/><U58/><E108/><V67/><F6/><AGARI ba="0,0" hai="5,6,41,44,51,74,76,81,124,125,126" m="46591" machi="6" ten="30,1500,0" yaku="18,1" doraHai="32" who="0" fromWho="2" sc="250,15,250,0,250,-15,250,0" /><INIT seed="0,1,0,4,5,125" ten="265,250,235,250" oya="0" hai0="53,22,19,79,132,134,11,97,119,32,72,6,63" hai1="74,16,49,92,115,85,100,94,13,33,38,2,83" hai2="47,56,110,26,95,135,59,70,44,23,15,12,93" hai3="106,5,31,84,21,66,109,30,75,90,64,17,14"/><T36/><D119/><U99/><E38/><V24/><F70/><W107/><G75/><T28/><D36/><U87/><E115/><V57/><F110/><W78/><G109/><T52/><D97/><N who="1" m="59431" /><E2/><V91/><F135/><N who="0" m="51754" /><D72/><U130/><E33/><V68/><F68/><W65/><G78/><T105/><D105/><U124/><E74/><V40/><F40/><W54/><G107/><T88/><D79/><U111/><E124/><V122/><F122/><W128/><G106/><T117/><D117/><U7/><E7/><V108/><F108/><W129/><G54/><T46/><D46/><N who="2" m="17450" /><F95/><N who="3" m="54727" /><G5/><T61/><D32/><U76/><E111/><V133/><F133/><W18/><G18/><T69/><D28/><U27/><E76/><V113/><F113/><W3/><G3/><N who="0" m="479" /><D88/><U121/><E121/><V96/><F26/><W114/><G114/><T123/><D123/><U67/><E27/><V39/><F39/><W77/><G77/><T118/><D118/><U86/><E94/><V20/><F20/><W29/><G29/><AGARI ba="1,0" hai="12,15,23,24,29,56,57,59,91,93,96" m="17450" machi="29" ten="30,1000,0" yaku="8,1" doraHai="125" who="2" fromWho="3" sc="265,0,250,0,235,13,250,-13" /><INIT seed="1,0,0,3,3,90" ten="265,250,248,237" oya="1" hai0="128,64,27,97,100,22,107,36,65,50,35,18,73" hai1="87,88,40,68,76,118,105,26,70,75,25,46,119" hai2="52,3,2,117,116,59,51,24,44,78,124,115,130" hai3="48,60,55,66,82,89,94,95,14,38,106,11,0"/><U13/><E105/><V17/><F124/><W127/><G38/><T67/><D36/><U57/><E75/><V125/><F125/><W28/><G0/><T74/><D128/><U86/><E70/><V33/><F130/><W69/><G106/><T1/><D1/><U91/><E68/><V71/><F71/><W32/><G127/><T111/><D111/><U34/><E34/><V63/><F115/><W9/><G9/><T84/><D35/><U30/><E76/><V45/><F45/><W134/><G134/><T93/><D50/><N who="1" m="26951" /><E30/><V43/><F78/><W123/><G123/><T47/><D47/><U114/><E114/><V56/><F3/><W133/><G133/><T4/><D4/><U98/><E98/><V108/><F2/><W99/><G28/><T77/><REACH who="0" step="1"/><D107/><REACH who="0" ten="255,250,248,237" step="2"/><U58/><E119/><V53/><F108/><W110/><G32/><T8/><D8/><U83/><E118/><V79/><F33/><W15/><G110/><T39/><D39/><U131/><E131/><V104/><F104/><W122/><G11/><T92/><D92/><N who="1" m="54295" /><E13/><V126/><F126/><W112/><G112/><T37/><D37/><U61/><E58/><V12/><F12/><W54/><G14/><T102/><D102/><U121/><E121/><V42/><F117/><W19/><G122/><T21/><D21/><U80/><E83/><AGARI ba="0,1" hai="18,22,27,64,65,67,73,74,77,83,84,93,97,100" machi="83" ten="40,5200,0" yaku="1,1,52,1,53,1" doraHai="90" doraHaiUra="23" who="0" fromWho="1" sc="255,62,250,-52,248,0,237,0" /><INIT seed="2,0,0,5,5,13" ten="317,198,248,237" oya="2" hai0="0,25,42,66,68,129,10,12,79,71,11,52,31" hai1="124,132,83,85,72,120,50,117,6,87,36,17,55" hai2="69,86,122,76,127,27,112,48,125,33,46,74,82" hai3="65,32,43,9,41,95,94,62,61,60,101,108,34"/><V15/><F112/><W4/><G65/><T1/><D42/><U45/><E117/><V70/><F122/><W29/><G108/><T53/><D79/><U35/><E120/><V63/><F74/><W59/><G59/><T114/><D114/><U3/><E132/><V104/><F104/><W57/><G57/><T107/><D107/><U118/><E118/><V131/><F131/><W26/><G32/><T8/><D12/><U97/><E35/><V103/><F103/><W99/><REACH who="3" step="1"/><G95/><REACH who="3" ten="317,198,248,227" step="2"/><T123/><D66/><U109/><E109/><V23/><F33/><W116/><G116/><T16/><D123/><U113/><E113/><V73/><F70/><W128/><G128/><T126/><D129/><U111/><E111/><V24/><F69/><W110/><G110/><T44/><D71/><U89/><E124/><V37/><F127/><W121/><G121/><T98/><D68/><U80/><E45/><V58/><F125/><W90/><G90/><T67/><D44/><U91/><E89/><V51/><F46/><W30/><G30/><T5/><D31/><U38/><E91/><V102/><F58/><W134/><G134/><T64/><D126/><U106/><E106/><V115/><F115/><W2/><AGARI ba="0,1" hai="2,4,9,26,29,34,41,43,60,61,62,94,99,101" machi="2" ten="30,7900,0" yaku="1,1,0,1,53,2" doraHai="13" doraHaiUra="39" who="3" fromWho="3" sc="317,-20,198,-20,248,-39,227,89" /><INIT seed="3,0,0,5,0,128" ten="297,178,209,316" oya="3" hai0="121,35,119,60,103,126,87,1,40,90,76,21,86" hai1="29,62,4,102,38,85,131,84,11,63,95,56,19" hai2="96,81,109,113,101,77,83,64,13,116,7,108,31" hai3="130,125,127,99,32,75,42,37,45,22,114,94,133"/><W0/><G133/><T5/><D121/><U59/><E131/><V53/><F113/><W3/><G32/><T12/><D35/><U132/><E38/><V55/><F116/><W82/><G130/><T51/><D119/><U54/><E29/><V34/><F64/><W52/><G114/><T25/><D126/><N who="3" m="48137" /><G52/><T135/><D135/><U73/><E73/><V23/><F34/><W79/><G22/><T9/><D60/><U107/><E107/><V129/><F129/><W89/><AGARI ba="0,0" hai="0,3,37,42,45,75,79,82,89,94,99" m="48137" machi="89" ten="30,1500,0" yaku="18,1" doraHai="128" who="3" fromWho="3" sc="297,-5,178,-5,209,-5,316,15" owari="292,9.2,173,-32.7,204,-19.6,331,43.1" /></mjloggm>