<mjloggm ver="2.3"><GO type="225" lobby="0"/><UN n0="%E3%80%90%E3%83%88%E3%83%AA%E3%83%A5%E3%83%95%E3%80%91" n1="%E3%81%8B%E3%82%8F%E3%81%A1%E3%82%83%E3%82%93%35%38" n2="%E3%82%B3%E3%83%90%E3%83%AC%E3%82%A4" n3="%E3%83%8F%E3%83%B3%E3%83%89%E3%83%A9%E3%83%BC%E3%83%BB%E3%83%AF%E3%83%B3" dan="16,16,16,17" rate="2132.05,2155.87,2180.99,2199.88" sx="M,M,M,M"/><TAIKYOKU oya="0"/><INIT seed="0,0,0,0,0,88" ten="250,250,250,250" oya="0" hai0="133,62,3,1,135,24,66,2,47,60,75,32,79" hai1="29,132,20,17,49,44,43,59,81,54,106,65,101" hai2="85,42,22,118,108,23,87,68,56,126,130,119,121" hai3="71,13,83,102,89,90,27,61,16,115,73,63,7"/><T111/><D47/><U40/><E132/><N who="0" m="50761" /><D111/><U84/><E106/><V72/><F68/><W38/><G115/><T107/><D107/><U35/><E35/><V6/><F72/><W10/><G38/><T113/><D113/><U15/><E29/><V64/><F108/><W128/><G128/><T120/><D120/><U33/><E33/><V125/><F42/><W45/><G45/><T134/><N who="0" m="50769" /><T103/><DORA hai="96" /><D103/><U76/><REACH who="1" step="1"/><E101/><REACH who="1" ten="250,240,250,250" step="2"/><V98/><F121/><W26/><G102/><T57/><D32/><U4/><E4/><V123/><F123/><W52/><G7/><T112/><D112/><U78/><E78/><V91/><F6/><W117/><G89/><T25/><D62/><AGARI ba="0,1" hai="15,17,20,40,43,44,49,54,59,62,65,76,81,84" machi="62" ten="40,5200,0" yaku="1,1,8,1,53,1" doraHai="88,96" doraHaiUra="9,104" who="1" fromWho="0" sc="250,-52,240,62,250,0,250,0" /><INIT seed="1,0,0,3,2,53" ten="198,302,250,250" oya="1" hai0="48,122,99,78,28,104,12,66,41,0,121,23,94" hai1="69,17,34,83,132,31,98,71,57,38,54,74,62" hai2="8,124,86,88,18,134,73,7,58,45,30,75,67" hai3="93,70,68,77,110,135,109,127,24,114,29,128,97"/><U6/><E132/><V123/><F123/><N who="0" m="47114" /><D0/><U20/><E38/><V36/><F134/><W1/><G135/><T42/><D78/><U33/><E6/><V39/><F30/><W100/><G114/><T117/><D104/><U13/><E98/><V101/><F101/><W84/><G1/><T15/><D117/><U130/><E130/><V115/><F18/><W65/><G127/><T76/><D76/><U19/><E31/><V118/><F124/><W51/><G128/><T52/><D66/><U85/><E74/><V116/><F115/><W72/><G72/><T120/><N who="0" m="47122" /><T91/><DORA hai="113" /><D12/><U87/><E87/><V80/><F39/><W102/><G102/><T82/><D82/><U59/><E19/><V43/><F75/><W49/><G84/><T35/><D35/><U27/><E27/><V55/><F67/><W26/><G77/><T129/><D129/><U108/><E33/><V125/><F73/><W50/><G24/><N who="0" m="16415" /><D15/><U14/><E14/><V47/><F125/><W111/><REACH who="3" step="1"/><G65/><REACH who="3" ten="198,302,250,240" step="2"/><T21/><D21/><AGARI ba="0,1" hai="21,26,29,49,50,51,68,70,93,97,100,109,110,111" machi="21" ten="50,12000,2" yaku="1,1,2,1,14,1,53,3" doraHai="53,113" doraHaiUra="96,64" who="3" fromWho="0" sc="198,-120,302,0,250,0,240,130" /><INIT seed="2,0,0,0,3,11" ten="78,302,250,370" oya="2" hai0="35,16,30,28,121,61,12,119,122,117,101,8,73" hai1="74,47,83,120,86,126,124,43,134,125,66,100,131" hai2="20,128,57,1,22,21,113,111,103,27,65,34,32" hai3="15,107,50,63,108,24,18,51,118,33,58,77,26"/><V29/><F113/><W102/><G118/><N who="0" m="45067" /><D73/><U2/><E2/><V95/><F128/><W75/><G108/><T45/><D101/><U129/><E66/><V56/><F1/><W91/><G75/><T112/><D45/><U4/><E4/><V135/><F111/><W40/><G77/><T44/><D44/><U67/><E67/><V97/><F135/><W99/><G91/><T84/><D84/><U52/><E74/><V48/><F34/><W41/><G50/><T123/><D61/><U46/><E100/><V39/><F39/><W5/><G5/><T72/><D72/><U71/><E71/><V78/><F78/><W109/><G109/><T87/><D87/><U53/><E120/><N who="0" m="30721" /><T104/><DORA hai="94" /><D104/><U37/><E134/><V36/><F36/><W81/><G81/><T60/><D60/><U10/><E10/><V79/><F79/><W127/><G51/><T19/><D112/><U3/><E3/><V6/><F6/><W68/><G68/><T133/><D133/><U130/><E47/><V92/><F92/><W90/><G90/><AGARI ba="0,0" hai="37,43,46,52,53,83,86,90,124,125,126,129,130,131" machi="90" ten="50,6400,0" yaku="18,1,19,1,54,1" doraHai="11,94" who="1" fromWho="3" sc="78,0,302,64,250,0,370,-64" /><INIT seed="3,0,0,3,5,90" ten="78,366,250,306" oya="3" hai0="34,40,32,4,109,44,19,69,18,89,61,5,41" hai1="99,50,122,54,79,9,23,72,129,105,52,115,24" hai2="120,33,85,46,117,57,12,131,2,78,108,112,92" hai3="93,56,111,28,53,101,134,38,64,36,128,45,7"/><W106/><G106/><T125/><D109/><U132/><E115/><V103/><F2/><W130/><G111/><T100/><D89/><U8/><E122/><V133/><F33/><W126/><G126/><T118/><D125/><U31/><E72/><V74/><F108/><W20/><G134/><T76/><D118/><U86/><E105/><V96/><F133/><W116/><G116/><T73/><D73/><U70/><E70/><V48/><F117/><W87/><G7/><T13/><D69/><U49/><E132/><V35/><F35/><W91/><G64/><T17/><D61/><U84/><E99/><V110/><F110/><W51/><G101/><T97/><D76/><U26/><E129/><N who="3" m="49770" /><G45/><T77/><D77/><U83/><E84/><V14/><F131/><W62/><G62/><T102/><D44/><N who="1" m="27943" /><E24/><AGARI ba="0,0" hai="20,24,28,36,38,51,53,56,87,91,93" m="49770" machi="24" ten="30,2900,0" yaku="19,1,52,1" doraHai="90" who="3" fromWho="1" sc="78,0,366,-29,250,0,306,29" /><INIT seed="3,1,0,1,1,78" ten="78,337,250,335" oya="3" hai0="33,51,63,121,134,26,85,2,58,83,55,21,8" hai1="6,62,1,73,130,50,72,53,49,0,37,99,40" hai2="133,88,24,3,119,107,115,18,95,28,39,123,68" hai3="12,90,19,36,71,69,117,11,86,56,67,93,43"/><W30/><G117/><T5/><D121/><U22/><E37/><V82/><F3/><W96/><G30/><T101/><D134/><U97/><E62/><V29/><F39/><W35/><G35/><T23/><D33/><U126/><E22/><V17/><F119/><W120/><G120/><T80/><D21/><U60/><E60/><V91/><F123/><W54/><G67/><T135/><D135/><U38/><E38/><V102/><F68/><W92/><G43/><T46/><D101/><U131/><E40/><V65/><F65/><W48/><G36/><T79/><D23/><U84/><E84/><V81/><F107/><W106/><G106/><T25/><D25/><U7/><E53/><V87/><F133/><W112/><G112/><T66/><D26/><U15/><E15/><V132/><F132/><W103/><AGARI ba="1,0" hai="11,12,19,48,54,56,69,71,86,90,92,93,96,103" machi="103" ten="20,2100,0" yaku="0,1,7,1" doraHai="78" who="3" fromWho="3" sc="78,-8,337,-8,250,-8,335,24" owari="70,-43.0,329,12.9,242,-15.8,359,45.9" /></mjloggm>