<mjloggm ver="2.3"><GO type="225" lobby="0"/><UN n0="%E3%83%96%E3%83%83%E3%83%91%E3%82%AA%E3%83%96%E3%83%81%E3%82%AD%E3%83%B3" n1="%70%68%65%6E%6F%6D%65" n2="%E6%9C%88%E5%B3%B6%E5%9F%BA" n3="%E5%A4%8F%E9%88%B4%E9%88%B4%E5%A4%8F" dan="16,16,16,16" rate="2083.88,2116.23,2130.64,2117.62" sx="M,M,M,F"/><TAIKYOKU oya="0"/><INIT seed="0,0,0,2,3,3" ten="250,250,250,250" oya="0" hai0="79,71,115,114,112,96,51,127,32,47,70,20,10" hai1="89,135,31,53,39,60,44,130,133,124,74,83,105" hai2="6,67,123,118,106,33,78,73,4,56,48,97,92" hai3="37,66,14,2,77,126,116,64,81,42,76,55,120"/><T26/><D32/><U5/><E105/><V101/><F123/><W62/><G116/><T43/><D127/><U107/><E107/><V50/><F33/><W113/><G2/><T93/><D79/><U85/><E124/><V28/><F118/><W69/><G120/><T36/><D36/><U40/><E130/><V16/><F28/><W49/><G113/><T0/><D0/><U17/><E31/><V103/><F73/><W13/><G66/><T57/><D57/><N who="1" m="34863" /><E17/><V75/><F75/><W54/><G54/><T59/><D59/><U7/><E74/><V86/><F106/><W109/><G109/><T129/><D10/><U104/><E104/><V24/><F103/><W45/><G126/><T72/><D72/><U19/><E19/><V111/><F111/><W131/><G131/><T25/><D129/><U46/><E44/><V110/><F110/><W88/><G88/><T15/><D15/><N who="3" m="5641" /><G81/><T108/><D108/><U99/><E99/><V41/><F50/><W128/><G128/><T94/><D94/><U1/><E1/><V119/><F119/><W91/><G91/><T9/><D93/><U21/><E21/><N who="2" m="13351" /><F67/><W65/><G64/><T34/><D114/><U18/><E18/><V27/><F27/><W122/><G122/><T52/><D115/><U134/><AGARI ba="0,0" hai="5,7,39,40,46,83,85,89,133,134,135" m="34863" machi="134" ten="30,4000,0" yaku="20,1,52,2" doraHai="3" who="1" fromWho="1" sc="250,-20,250,40,250,-10,250,-10" /><INIT seed="1,0,0,1,5,130" ten="230,290,240,240" oya="1" hai0="10,55,34,115,29,26,135,86,70,43,99,112,75" hai1="19,100,77,84,68,63,24,134,78,102,37,41,98" hai2="80,44,21,56,76,92,126,5,101,23,113,36,131" hai3="8,71,123,91,9,83,117,122,81,90,72,57,13"/><U67/><E100/><V124/><F131/><W73/><G57/><T60/><D75/><U11/><E134/><V95/><F113/><W96/><G71/><T17/><D43/><U108/><E108/><V62/><F5/><W42/><G42/><T7/><D17/><U64/><E67/><V127/><F44/><W54/><G54/><T50/><D86/><U116/><E116/><V82/><F36/><W97/><G13/><T107/><D50/><U69/><E69/><V128/><F128/><W47/><REACH who="3" step="1"/><G47/><REACH who="3" ten="230,290,240,230" step="2"/><T45/><D55/><U32/><E41/><V125/><F125/><W46/><G46/><T94/><D45/><U35/><E37/><V12/><F12/><W27/><G27/><T59/><D59/><U3/><E24/><V118/><F56/><W0/><G0/><T133/><D70/><U120/><E3/><V51/><F124/><W66/><G66/><T109/><D60/><U31/><E63/><V28/><F62/><W74/><G74/><T22/><D112/><U58/><E58/><V48/><F126/><W14/><G14/><T18/><D115/><U6/><E64/><V93/><F127/><W61/><G61/><T49/><D26/><U52/><E52/><V15/><F15/><W119/><AGARI ba="0,1" hai="8,9,72,73,81,83,90,91,96,97,117,119,122,123" machi="119" ten="25,6400,0" yaku="1,1,0,1,22,2,53,0" doraHai="130" doraHaiUra="121" who="3" fromWho="3" sc="230,-16,290,-32,240,-16,230,74" /><INIT seed="2,0,0,5,1,133" ten="214,258,224,304" oya="2" hai0="100,97,113,85,30,105,128,62,130,63,92,102,56" hai1="119,50,61,10,24,59,118,76,72,65,80,55,39" hai2="87,114,90,51,4,131,1,33,42,34,112,93,3" hai3="16,7,71,5,81,125,78,52,104,132,101,134,12"/><V19/><F131/><N who="0" m="50218" /><D113/><U15/><E39/><V83/><F112/><W79/><G71/><T25/><D56/><U41/><E41/><V89/><F114/><W95/><G104/><T23/><D102/><U36/><E36/><V64/><F64/><W129/><G129/><T17/><D30/><U69/><REACH who="1" step="1"/><E24/><REACH who="1" ten="214,248,224,304" step="2"/><V124/><F42/><W2/><G134/><T99/><D99/><U82/><E82/><V20/><F83/><W43/><G81/><T127/><D127/><U106/><E106/><V22/><F124/><W47/><G43/><T126/><D126/><U67/><E67/><V74/><F93/><W120/><G125/><T60/><D105/><U86/><E86/><AGARI ba="0,1" hai="17,23,25,60,62,63,85,86,92,97,100" m="50218" machi="86" ten="30,1000,0" yaku="19,1" doraHai="133" who="0" fromWho="1" sc="214,20,248,-10,224,0,304,0" /><INIT seed="3,0,0,2,2,124" ten="234,238,224,304" oya="3" hai0="74,99,125,130,75,11,127,43,30,95,57,15,115" hai1="72,9,45,83,87,58,108,32,102,62,126,25,97" hai2="22,114,28,90,17,73,47,121,117,98,123,106,107" hai3="129,91,88,113,64,39,63,128,21,4,104,68,29"/><W8/><G104/><T110/><D43/><U27/><E126/><N who="0" m="48137" /><D110/><U120/><E120/><N who="2" m="46155" /><F114/><W60/><G39/><T34/><D130/><N who="3" m="50281" /><G63/><T5/><D115/><U59/><E72/><V93/><F117/><W41/><G41/><T48/><D48/><U85/><E45/><V40/><F28/><W12/><G113/><T92/><D57/><U23/><E58/><V65/><F73/><N who="0" m="27658" /><D99/><U111/><E108/><V135/><F65/><W36/><G36/><T61/><D61/><U79/><E59/><V50/><F135/><W94/><G94/><T13/><D13/><AGARI ba="0,0" hai="13,17,22,40,47,50,90,93,98,106,107" m="46155" machi="13" ten="30,1000,0" yaku="13,1" doraHai="124" who="2" fromWho="0" sc="234,-10,238,0,224,10,304,0" owari="224,-27.6,238,3.8,234,-16.6,304,40.4" /></mjloggm>