<mjloggm ver="2.3"><GO type="225" lobby="0"/><UN n0="%E3%81%8B%E3%82%8F%E3%81%A1%E3%82%83%E3%82%93%35%38" n1="%E5%91%A8%E6%9D%B1" n2="%E9%B4%A8%4E%45%47%49" n3="%E9%BB%99%E8%81%B4%E3%81%AE%E3%81%99%E3%82%9D%E3%82%81" dan="16,17,16,16" rate="2136.97,2274.13,2093.73,2142.18" sx="M,M,M,M"/><TAIKYOKU oya="0"/><INIT seed="0,0,0,5,3,1" ten="250,250,250,250" oya="0" hai0="133,44,103,16,15,57,106,87,38,130,32,25,11" hai1="74,5,4,107,9,49,7,110,82,27,34,114,79" hai2="19,77,72,109,2,93,53,59,31,83,99,112,26" hai3="36,76,125,73,68,97,100,127,41,96,88,123,121"/><T78/><D130/><U134/><E114/><V95/><F109/><W23/><G41/><T86/><D133/><U54/><E110/><V65/><F112/><W14/><G36/><T40/><D78/><U51/><E107/><V126/><F126/><N who="3" m="48139" /><G68/><T39/><D39/><U69/><E134/><V22/><F2/><W98/><G14/><T122/><D122/><N who="3" m="46601" /><G23/><T118/><D118/><U60/><E9/><V132/><F132/><W91/><G100/><T61/><D103/><U37/><E37/><V62/><F99/><W28/><G28/><T42/><D42/><U120/><E120/><V50/><REACH who="2" step="1"/><F31/><REACH who="2" ten="250,250,240,250" step="2"/><W90/><G73/><T117/><D117/><U81/><E74/><V104/><F104/><W71/><G71/><AGARI ba="0,1" hai="19,22,26,50,53,59,62,65,71,72,77,83,93,95" machi="71" ten="30,2000,0" yaku="1,1,7,1,53,0" doraHai="1" doraHaiUra="111" who="2" fromWho="3" sc="250,0,250,0,240,30,250,-20" /><INIT seed="1,0,0,2,3,77" ten="250,250,270,230" oya="1" hai0="76,81,98,117,93,41,84,131,28,106,102,18,45" hai1="29,109,113,15,95,34,116,66,73,21,5,33,103" hai2="48,31,0,49,58,42,68,71,22,12,130,53,67" hai3="125,26,122,47,90,126,115,79,133,62,2,16,32"/><U100/><E116/><V83/><F0/><W19/><G2/><T107/><D117/><U86/><E113/><V87/><F130/><W7/><G7/><T44/><D131/><U99/><E73/><V78/><F67/><W59/><G122/><T80/><D28/><U94/><E109/><V88/><F42/><W72/><G115/><T91/><D18/><U82/><E66/><V74/><F49/><W61/><G133/><T92/><D44/><U70/><E70/><V30/><F30/><N who="3" m="19543" /><G62/><T97/><D45/><U20/><E29/><V13/><F31/><W8/><G8/><T85/><D41/><U3/><E3/><V64/><F22/><W75/><G90/><AGARI ba="0,0" hai="76,80,81,84,85,90,91,92,93,97,98,102,106,107" machi="90" ten="30,16000,3" yaku="7,1,35,6,52,2" doraHai="77" who="0" fromWho="3" sc="250,160,250,0,270,0,230,-160" /><INIT seed="2,0,0,4,2,104" ten="410,250,270,70" oya="2" hai0="111,16,25,43,121,123,75,97,76,5,78,77,45" hai1="23,11,14,64,93,39,17,74,132,29,50,15,114" hai2="26,59,134,38,95,128,87,124,69,41,113,44,62" hai3="133,1,13,119,32,98,27,48,115,0,107,18,2"/><V83/><F113/><W99/><G119/><T106/><D75/><U12/><E39/><V52/><F124/><W96/><G133/><T21/><D5/><U79/><E114/><V56/><F134/><W6/><G115/><T68/><D68/><U108/><E132/><V53/><F128/><W81/><G48/><T31/><D111/><U92/><E108/><V118/><F118/><W127/><G127/><T65/><D65/><U84/><E74/><V40/><F26/><W61/><G61/><T60/><D60/><U120/><E64/><V90/><F41/><W46/><G46/><T33/><D97/><U88/><E79/><V57/><REACH who="2" step="1"/><F83/><REACH who="2" ten="410,250,260,70" step="2"/><W36/><G81/><T54/><D106/><U37/><E120/><V130/><F130/><W7/><G107/><T71/><D54/><U3/><E93/><V94/><F94/><W9/><REACH who="3" step="1"/><G36/><REACH who="3" ten="410,250,260,60" step="2"/><T67/><D121/><U10/><E37/><V55/><F55/><W131/><G131/><T129/><D123/><U49/><E92/><V117/><F117/><W126/><G126/><T100/><D129/><U73/><E49/><V116/><F116/><W109/><G109/><T35/><D43/><U66/><E50/><V24/><F24/><W122/><G122/><T103/><D33/><U19/><E66/><AGARI ba="0,2" hai="38,40,44,52,53,56,57,59,62,66,69,87,90,95" machi="66" ten="40,7700,0" yaku="1,1,54,1,53,1" doraHai="104" doraHaiUra="82" who="2" fromWho="1" sc="410,0,250,-77,260,97,60,0" /><INIT seed="2,1,0,2,5,15" ten="410,173,357,60" oya="2" hai0="92,100,82,109,40,53,5,105,70,106,67,94,27" hai1="23,91,48,103,6,71,123,132,116,26,110,39,79" hai2="99,8,57,80,125,84,55,65,63,90,42,118,73" hai3="111,98,120,97,20,52,47,50,54,83,30,58,68"/><V81/><F118/><W77/><G68/><T112/><D112/><U2/><E103/><V12/><F125/><W107/><G107/><T121/><D121/><U129/><E91/><V93/><F42/><W28/><G111/><T21/><D109/><U86/><E48/><V124/><F124/><W9/><G9/><T75/><D40/><U101/><E86/><V87/><F73/><W24/><G30/><T60/><D5/><U25/><E79/><V96/><F65/><W113/><G113/><T35/><D53/><U119/><E101/><V114/><F114/><W104/><G104/><T19/><D35/><U43/><E39/><V49/><F49/><W7/><G7/><T14/><D14/><U44/><E6/><V0/><F0/><W117/><G117/><T89/><D100/><U13/><E2/><V133/><F133/><W4/><G4/><T61/><D92/><U76/><E71/><V10/><F93/><W36/><G120/><T16/><D61/><U31/><E43/><V128/><F12/><W17/><G28/><T72/><D19/><U46/><E31/><V127/><F127/><W11/><G11/><N who="2" m="4137" /><F128/><W74/><REACH who="3" step="1"/><G36/><REACH who="3" ten="410,173,357,50" step="2"/><T85/><D105/><U69/><E123/><V95/><F95/><W126/><G126/><T66/><D106/><U78/><E110/><V18/><F18/><W37/><G37/><T41/><D41/><U51/><E119/><V130/><F130/><W3/><G3/><T56/><D94/><U38/><E129/><V88/><AGARI ba="1,1" hai="55,57,63,80,81,84,87,88,90,96,99" m="4137" machi="88" ten="30,3000,0" yaku="8,1,54,1" doraHai="15" who="2" fromWho="2" sc="410,-11,173,-11,357,43,50,-11" /><INIT seed="2,2,0,5,3,31" ten="399,162,400,39" oya="2" hai0="72,101,113,54,83,19,84,135,18,5,13,26,2" hai1="29,112,61,85,104,106,43,6,67,17,71,52,69" hai2="94,70,122,98,65,30,118,48,117,41,55,56,38" hai3="87,47,4,51,23,0,120,133,91,15,21,92,102"/><V64/><F30/><W25/><G133/><T82/><D113/><U49/><E112/><V80/><F80/><W123/><G0/><T78/><D2/><U46/><E6/><V132/><F94/><W119/><G119/><N who="2" m="45577" /><F98/><W105/><G105/><T131/><D101/><U45/><E71/><V14/><F14/><W124/><G124/><T50/><D50/><U42/><E29/><V114/><F132/><W57/><G102/><T121/><D135/><U129/><E129/><V7/><F7/><W35/><G57/><T130/><D121/><U12/><E85/><V39/><F114/><W34/><G123/><T134/><D54/><U33/><E33/><V107/><F107/><W96/><G96/><T68/><D68/><U44/><E43/><V37/><F122/><W76/><G76/><N who="0" m="46151" /><D134/><U63/><E106/><V20/><F20/><W62/><G62/><T28/><D5/><U109/><E104/><V99/><F99/><W88/><G91/><T126/><D126/><U53/><E17/><N who="0" m="6153" /><D13/><U111/><E12/><V24/><F24/><W58/><G58/><T40/><D40/><U90/><E90/><V115/><F115/><W81/><G92/><T3/><D3/><U125/><E125/><V100/><F100/><W97/><G97/><T27/><D28/><U108/><E42/><V79/><F70/><W128/><G120/><T77/><D77/><U10/><E10/><V1/><F1/><W127/><G127/><T9/><D9/><U73/><E73/><V86/><F41/><N who="3" m="25071" /><G128/><AGARI ba="2,0" hai="26,27,72,78,83,128,130,131" m="6153,46151" machi="128" ten="30,1000,0" yaku="19,1" doraHai="31" who="0" fromWho="3" sc="399,16,162,0,400,0,39,-16" /><INIT seed="3,0,0,5,4,8" ten="415,162,400,23" oya="3" hai0="127,33,115,68,64,134,58,47,94,55,81,99,26" hai1="101,32,50,13,116,1,70,65,44,77,84,113,57" hai2="132,129,41,97,3,78,71,105,19,40,48,86,35" hai3="87,12,69,28,46,93,103,9,59,80,14,7,110"/><W42/><G69/><T98/><D68/><U6/><E1/><V21/><F71/><W73/><G110/><T60/><D33/><U109/><E101/><V106/><F35/><W45/><G73/><T29/><D81/><U76/><E32/><V111/><F3/><W43/><G28/><T38/><D38/><U122/><E84/><V120/><F111/><W2/><G59/><T96/><D127/><U0/><E44/><V118/><F97/><N who="0" m="37482" /><D134/><U15/><E0/><V11/><F86/><W108/><G108/><T67/><D115/><U25/><E25/><V119/><F48/><W34/><G34/><T83/><D83/><U54/><E6/><V49/><F78/><W90/><G103/><N who="0" m="60919" /><D29/><U61/><E113/><V31/><F132/><W102/><G102/><T72/><D72/><U75/><E122/><V20/><F120/><W79/><G79/><T100/><D100/><U107/><E107/><V36/><F31/><W114/><G80/><T128/><D128/><U10/><E116/><V56/><F129/><W125/><G125/><T131/><D131/><U130/><E109/><V27/><F36/><W5/><G114/><T92/><D92/><U18/><E75/><V17/><F118/><W62/><G62/><T24/><D47/><N who="3" m="17929" /><G2/><T104/><D104/><U51/><E130/><V30/><F119/><W121/><G121/><T124/><D124/><U53/><E77/><V123/><F106/><W89/><G89/><T52/><D55/><N who="1" m="21003" /><E76/><V112/><F105/><W91/><G91/><T95/><D95/><U22/><E70/><V88/><F112/><W37/><G37/><RYUUKYOKU ba="0,0" sc="415,10,162,10,400,-30,23,10" hai0="24,26,52,58,60,64,67" hai1="10,13,15,18,22,50,51,57,61,65" hai3="5,7,9,12,14,42,43,87,90,93" /><INIT seed="3,1,0,4,0,114" ten="425,172,370,33" oya="3" hai0="32,135,102,45,115,30,14,117,94,59,77,128,105" hai1="104,19,92,37,43,8,25,63,34,11,50,3,112" hai2="22,6,28,99,85,54,120,23,129,69,110,38,93" hai3="122,27,66,90,76,26,49,46,83,51,100,107,36"/><W57/><G122/><T88/><D117/><U82/><E104/><V118/><F38/><W47/><G36/><T17/><D77/><U97/><E37/><V81/><F69/><W71/><G71/><T119/><D119/><U41/><E112/><V72/><F110/><W2/><G2/><T91/><D115/><U62/><E3/><V44/><F72/><W16/><G107/><T98/><D105/><U109/><E109/><V123/><F129/><W60/><G100/><T124/><D128/><U65/><E82/><V86/><F6/><W111/><G90/><T84/><D135/><U33/><E33/><V35/><F35/><W95/><G95/><T20/><D124/><U1/><E34/><V52/><F44/><W68/><G68/><T103/><D45/><U40/><E50/><V74/><F74/><W13/><G111/><T58/><D30/><U10/><E65/><V48/><F28/><W55/><G83/><N who="0" m="49183" /><D32/><U0/><E0/><V113/><F113/><W42/><REACH who="3" step="1"/><G76/><REACH who="3" ten="425,172,370,23" step="2"/><T80/><D103/><U131/><E131/><V87/><F123/><W126/><G126/><T116/><D116/><U5/><E1/><V127/><F118/><W130/><G130/><T108/><D108/><U78/><E78/><V132/><F127/><W15/><G15/><T4/><D80/><U121/><E121/><V101/><F120/><W61/><G61/><T39/><D39/><U64/><E63/><V70/><F81/><W67/><G67/><T106/><D106/><U31/><E62/><V79/><F79/><W96/><G96/><T29/><D98/><U53/><E97/><RYUUKYOKU ba="1,1" sc="425,-10,172,-10,370,-10,23,30" hai3="13,16,26,27,42,46,47,49,51,55,57,60,66" /><INIT seed="3,2,1,2,4,100" ten="415,162,360,53" oya="3" hai0="13,85,108,21,116,8,67,54,77,83,109,87,61" hai1="26,107,24,68,105,71,22,62,65,69,27,117,38" hai2="103,98,6,7,132,2,50,59,63,118,30,131,40" hai3="123,70,45,72,127,25,55,121,48,23,43,74,66"/><W9/><G127/><T78/><D116/><U37/><E117/><V0/><F118/><W111/><G111/><N who="0" m="42571" /><D54/><U93/><E93/><V128/><F132/><W96/><G70/><N who="0" m="42351" /><D21/><U134/><E134/><V4/><F50/><W102/><G66/><T44/><D44/><U57/><REACH who="1" step="1"/><E22/><REACH who="1" ten="415,152,360,53" step="2"/><V49/><F128/><W126/><G126/><T114/><D114/><U115/><E115/><V52/><F131/><W82/><G9/><T79/><D83/><U92/><E92/><V97/><F2/><W36/><G82/><T16/><AGARI ba="2,2" hai="8,13,16,77,78,79,85,87" m="42351,42571" machi="16" ten="30,2000,0" yaku="14,1,54,1" doraHai="100" who="0" fromWho="0" sc="415,46,152,-7,360,-7,53,-12" owari="461,56.1,145,-25.5,353,15.3,41,-45.9" /></mjloggm>