<mjloggm ver="2.3"><GO type="225" lobby="0"/><UN n0="%E3%83%A9%E3%82%A4%E3%83%B3%E3%81%AE%E8%99%8E" n1="%E7%9A%AE%E3%80%85" n2="%E9%BB%99%E8%81%B4%E3%81%AE%E3%81%99%E3%82%9D%E3%82%81" n3="%66%67%67%68%68%64%66" dan="16,16,16,16" rate="2182.72,2141.14,2086.68,2094.87" sx="M,F,M,M"/><TAIKYOKU oya="0"/><INIT seed="0,0,0,2,3,117" ten="250,250,250,250" oya="0" hai0="65,82,103,11,25,93,113,23,131,43,69,123,134" hai1="40,2,6,132,111,18,110,121,105,62,97,32,107" hai2="28,0,106,104,68,21,66,124,125,67,61,1,86" hai3="8,126,79,72,45,76,20,98,47,9,87,118,36"/><T24/><D113/><U58/><E32/><V52/><F86/><W81/><G118/><T39/><D131/><U48/><E132/><V12/><F67/><W33/><G126/><N who="2" m="48745" /><F52/><W35/><G20/><T90/><D134/><U95/><E18/><N who="2" m="10439" /><F28/><W7/><G98/><T96/><D65/><U50/><E107/><AGARI ba="0,0" hai="0,1,61,66,68,104,106,107" m="10439,48745" machi="107" ten="30,1000,0" yaku="18,1" doraHai="117" who="2" fromWho="1" sc="250,0,250,-10,250,10,250,0" /><INIT seed="1,0,0,1,1,23" ten="250,240,260,250" oya="1" hai0="45,8,66,87,33,30,99,115,9,92,21,26,38" hai1="32,124,2,135,64,112,4,134,0,128,96,122,56" hai2="123,57,91,102,50,54,130,15,118,127,131,68,125" hai3="62,78,110,10,67,114,5,116,6,117,3,81,7"/><U111/><E112/><V74/><F74/><W47/><G114/><T83/><D66/><U42/><E122/><V80/><F102/><W88/><G110/><T61/><D61/><U113/><E113/><V31/><F68/><W107/><G107/><T25/><D115/><U55/><E111/><V84/><F118/><N who="3" m="45675" /><G47/><T43/><D92/><U79/><E42/><V109/><F109/><W120/><G120/><T58/><D58/><U101/><E64/><V22/><F123/><W121/><G121/><T1/><D1/><U17/><E79/><V77/><F77/><W129/><G129/><N who="2" m="49161" /><F31/><W82/><G88/><T72/><D99/><U46/><E128/><V60/><F60/><W100/><G100/><T133/><D133/><N who="1" m="50699" /><E124/><V76/><F76/><W86/><G82/><T51/><D72/><U16/><E46/><V59/><F59/><AGARI ba="0,0" hai="3,5,6,7,10,59,62,67,78,81,86" m="45675" machi="59" ten="30,1000,0" yaku="12,1" doraHai="23" who="3" fromWho="2" sc="250,0,240,0,260,-10,250,10" /><INIT seed="2,0,0,2,4,79" ten="250,240,250,260" oya="2" hai0="89,106,59,102,97,96,58,72,114,74,42,22,19" hai1="116,46,5,49,64,14,101,65,77,70,112,56,67" hai2="1,88,68,110,126,86,20,76,33,103,115,50,32" hai3="6,100,125,9,34,132,24,62,93,66,119,107,53"/><V69/><F115/><W25/><G119/><T84/><D114/><U30/><E112/><V91/><F1/><W7/><G132/><T95/><D42/><U121/><E116/><V111/><F103/><W21/><G125/><T51/><D97/><U80/><E121/><V113/><F113/><W3/><G6/><T57/><REACH who="0" step="1"/><D51/><REACH who="0" ten="240,240,250,260" step="2"/><U78/><E49/><V118/><F118/><W47/><G107/><T87/><D87/><U63/><E70/><V104/><F104/><W120/><G120/><T44/><D44/><U54/><E46/><V45/><F126/><W52/><G47/><T81/><D81/><U99/><E80/><N who="2" m="47367" /><F68/><W60/><G93/><T85/><D85/><U122/><E122/><V38/><F69/><W10/><G62/><T90/><D90/><U31/><E99/><V61/><F61/><W82/><G82/><T127/><D127/><U71/><E71/><V13/><F91/><W94/><G94/><T131/><D131/><U133/><E133/><V2/><F88/><W12/><G60/><T128/><D128/><U55/><E101/><V17/><F38/><W15/><G100/><T23/><D23/><U16/><E5/><V43/><F2/><W130/><G130/><T105/><D105/><U108/><E108/><AGARI ba="0,1" hai="13,17,20,32,33,43,45,50,108,110,111" m="47367" machi="108" ten="30,5800,0" yaku="14,1,10,1,52,1" doraHai="79" who="2" fromWho="1" sc="240,0,240,-58,250,68,260,0" /><INIT seed="2,1,0,2,4,26" ten="240,182,318,260" oya="2" hai0="109,56,101,80,36,133,7,16,40,15,72,11,118" hai1="17,60,64,107,104,114,126,47,27,76,94,127,95" hai2="6,82,63,13,35,22,62,120,43,116,103,99,134" hai3="122,55,115,18,129,31,73,89,51,37,87,135,67"/><V9/><F116/><W124/><G122/><T68/><D68/><U38/><E114/><V61/><F120/><W3/><G37/><T88/><D101/><U85/><E17/><V105/><F134/><W66/><G73/><T44/><D109/><U69/><E94/><V52/><F35/><W90/><G3/><T83/><D133/><U4/><E95/><V24/><F43/><W1/><G1/><T14/><D118/><U28/><E4/><V70/><F82/><W119/><G119/><T34/><D34/><N who="1" m="20767" /><E85/><V125/><F125/><N who="1" m="47625" /><E76/><V74/><F74/><W58/><G135/><T65/><D72/><U112/><E112/><V45/><F45/><W96/><G115/><T93/><D56/><U97/><E97/><V131/><F131/><W77/><G129/><T2/><D2/><U92/><E92/><V48/><F70/><W50/><G96/><T49/><D36/><U132/><E132/><V84/><F84/><W32/><G124/><T100/><D100/><U20/><E20/><V128/><F128/><W71/><G71/><T117/><D117/><U130/><E130/><V78/><F78/><W59/><G77/><T57/><D93/><U25/><E25/><V12/><F12/><W54/><G87/><T46/><D88/><U10/><E10/><V23/><REACH who="2" step="1"/><F24/><REACH who="2" ten="240,182,308,260" step="2"/><W81/><G81/><T21/><D44/><U102/><E102/><V8/><F8/><W0/><G0/><T106/><D106/><U121/><E121/><V91/><F91/><W79/><G79/><T5/><D5/><U111/><E111/><V86/><F86/><W53/><G90/><RYUUKYOKU ba="1,1" sc="240,10,182,10,308,10,260,-30" hai0="7,11,14,15,16,21,40,46,49,57,65,80,83" hai1="38,47,60,64,69,104,107" hai2="6,9,13,22,23,48,52,61,62,63,99,103,105" /><INIT seed="2,2,1,5,3,93" ten="250,192,318,230" oya="2" hai0="134,131,98,43,109,60,132,77,59,13,125,66,111" hai1="120,86,41,15,118,122,123,91,124,102,100,10,5" hai2="117,68,27,1,70,47,115,108,36,82,107,119,20" hai3="52,56,135,39,127,8,25,76,95,48,19,73,128"/><V79/><F115/><W37/><G128/><T4/><D77/><U74/><E74/><V44/><F1/><W33/><G135/><N who="0" m="51755" /><D131/><U62/><E118/><V53/><F107/><W57/><G127/><T116/><D125/><U30/><E124/><V104/><F104/><W67/><G95/><T49/><D116/><U32/><E41/><V121/><F121/><W133/><G133/><T83/><D83/><U7/><E7/><V129/><F129/><W81/><G8/><N who="0" m="4231" /><D98/><U34/><E62/><V80/><F108/><W22/><REACH who="3" step="1"/><G33/><REACH who="3" ten="250,192,318,220" step="2"/><T26/><D26/><N who="1" m="18519" /><E34/><V71/><F27/><W101/><G101/><T0/><D0/><U88/><E91/><V84/><F119/><W42/><G42/><T112/><D112/><U89/><E89/><V6/><F117/><W61/><AGARI ba="2,2" hai="19,22,25,37,39,48,52,56,57,61,67,73,76,81" machi="61" ten="30,7900,0" yaku="1,1,0,1,54,1,53,1" doraHai="93" doraHaiUra="105" who="3" fromWho="3" sc="250,-22,192,-22,318,-41,220,105" /><INIT seed="3,0,0,0,1,29" ten="228,170,277,325" oya="3" hai0="55,77,108,54,1,118,35,21,122,85,41,111,73" hai1="107,113,23,100,57,9,32,96,105,28,51,67,56" hai2="112,49,59,19,31,7,34,102,104,4,110,20,93" hai3="94,12,25,66,120,18,127,71,125,42,24,26,27"/><W70/><G120/><T82/><D118/><U61/><E113/><V68/><F104/><W17/><G42/><T115/><D122/><U45/><E9/><V129/><F68/><W0/><G0/><T131/><D1/><U126/><E126/><N who="3" m="48138" /><G66/><T116/><D116/><U92/><E56/><V40/><F110/><W43/><G43/><T121/><D131/><U101/><E101/><V62/><F129/><W106/><G106/><T74/><D121/><U76/><E76/><V123/><F112/><W99/><G24/><T8/><D41/><U60/><E60/><V109/><F109/><W81/><G81/><T53/><D82/><U30/><E30/><V58/><F34/><W38/><G38/><T33/><D35/><U48/><E32/><V64/><F123/><W130/><G18/><T15/><D33/><U132/><E132/><V50/><F50/><W89/><G130/><T88/><D115/><U39/><E39/><V83/><F83/><W114/><G114/><T16/><D111/><U5/><E5/><V37/><F37/><W65/><G65/><T36/><D36/><U90/><E90/><V47/><F59/><W46/><G46/><T124/><D88/><U87/><E87/><V6/><F31/><W119/><G119/><T128/><D85/><U134/><E134/><V22/><REACH who="2" step="1"/><F19/><REACH who="2" ten="228,170,267,325" step="2"/><W13/><G17/><T2/><D124/><U63/><E63/><V10/><F10/><W69/><AGARI ba="0,1" hai="12,13,25,26,27,69,70,71,89,94,99" m="48138" machi="69" ten="40,2100,0" yaku="18,1" doraHai="29" who="3" fromWho="3" sc="228,-7,170,-7,267,-7,325,31" owari="221,-17.9,163,-33.7,260,6.0,356,45.6" /></mjloggm>