<mjloggm ver="2.3"><GO type="225" lobby="0"/><UN n0="%E8%81%B7%E6%A5%AD%E3%80%81%E9%A2%A8%32" n1="%E5%91%A8%E6%9D%B1" n2="%E3%81%82%E3%81%84%E3%81%82%E3%81%8A%E3%81%84" n3="%43%55%4B%45%59" dan="16,16,18,16" rate="2180.42,2181.46,2179.68,2124.60" sx="M,M,M,M"/><TAIKYOKU oya="0"/><INIT seed="0,0,0,3,3,36" ten="250,250,250,250" oya="0" hai0="71,40,3,6,47,31,2,44,80,85,115,86,13" hai1="123,11,73,68,39,127,99,49,30,16,106,129,54" hai2="89,116,41,43,82,81,121,135,100,32,124,48,19" hai3="21,75,9,133,125,72,59,27,26,95,87,103,15"/><T93/><D115/><U97/><E123/><V64/><F121/><W79/><G133/><T108/><D71/><U29/><E73/><V101/><F32/><W88/><G125/><T76/><D108/><U46/><E127/><V118/><F124/><W112/><G112/><T34/><D47/><U65/><E129/><V52/><F135/><W62/><G103/><N who="2" m="39497" /><F64/><W120/><G120/><T4/><D34/><U113/><E113/><V70/><F70/><W132/><G132/><T28/><D3/><U78/><E78/><V14/><F89/><W131/><G131/><T114/><D2/><U104/><E106/><V77/><F77/><W109/><G109/><T58/><D58/><U25/><E104/><V17/><F17/><W24/><G21/><T50/><D114/><U84/><E39/><V61/><F61/><W38/><G38/><T105/><D105/><U60/><E84/><V18/><F18/><W53/><REACH who="3" step="1"/><G79/><REACH who="3" ten="250,250,250,240" step="2"/><T119/><D119/><N who="2" m="45610" /><F82/><W10/><G10/><N who="0" m="4295" /><D6/><AGARI ba="0,1" hai="6,9,15,24,26,27,53,59,62,72,75,87,88,95" machi="6" ten="40,2600,0" yaku="1,1,54,1,53,0" doraHai="36" doraHaiUra="110" who="3" fromWho="0" sc="250,-26,250,0,250,0,240,36" /><INIT seed="1,0,0,2,3,93" ten="224,250,250,276" oya="1" hai0="79,51,102,118,110,29,25,92,55,98,120,4,61" hai1="45,62,106,39,125,114,18,77,134,109,2,113,116" hai2="103,119,64,115,96,127,132,74,71,104,135,76,5" hai3="123,40,6,30,89,133,91,22,66,108,95,1,58"/><U83/><E116/><V31/><F119/><W80/><G123/><T107/><D120/><U73/><E134/><N who="2" m="51243" /><F5/><W15/><G133/><T70/><D118/><U63/><E125/><V50/><F31/><W0/><G108/><T24/><D110/><U56/><E109/><V38/><F38/><W100/><G40/><T60/><D4/><U117/><E117/><V43/><F127/><W44/><G44/><N who="0" m="28135" /><D70/><U8/><E106/><V17/><F115/><W90/><G80/><T10/><D107/><U7/><E18/><V121/><F121/><W23/><G0/><T59/><D79/><U78/><E78/><V82/><F17/><W86/><G1/><T54/><D10/><U99/><E99/><V9/><F9/><N who="3" m="4535" /><G100/><T105/><D105/><U112/><REACH who="1" step="1"/><E56/><REACH who="1" ten="224,240,250,276" step="2"/><V14/><F71/><W88/><G30/><T21/><D25/><U42/><AGARI ba="0,1" hai="2,7,8,39,42,45,62,63,73,77,83,112,113,114" machi="42" ten="40,12000,1" yaku="1,1,2,1,0,1,25,2,53,0" doraHai="93" doraHaiUra="124" who="1" fromWho="1" sc="224,-40,240,130,250,-40,276,-40" /><INIT seed="1,1,0,0,1,114" ten="184,370,210,236" oya="1" hai0="130,25,17,70,16,38,98,52,112,94,32,45,82" hai1="21,80,47,96,117,14,110,115,97,26,15,125,123" hai2="43,67,111,109,87,35,105,116,46,133,2,92,126" hai3="127,10,31,99,84,90,56,103,89,11,12,64,39"/><U19/><E115/><V13/><F2/><W57/><G127/><T44/><D112/><U104/><E123/><V124/><F35/><W24/><G39/><T40/><D70/><U101/><E125/><N who="2" m="48235" /><F105/><W68/><G68/><T128/><D82/><U1/><E117/><V36/><F133/><W48/><G56/><T30/><D45/><U5/><E110/><N who="2" m="41995" /><F13/><W102/><G10/><T63/><D63/><U42/><E97/><V100/><F67/><W120/><G120/><T91/><REACH who="0" step="1"/><D52/><REACH who="0" ten="174,370,210,236" step="2"/><U106/><E47/><V37/><F37/><W113/><G113/><T78/><D78/><U75/><E80/><V135/><F135/><W62/><G62/><T34/><D34/><U73/><E73/><V132/><F132/><W4/><G64/><T28/><D28/><U86/><E75/><V83/><F83/><N who="3" m="49311" /><G31/><T122/><D122/><U41/><E41/><V27/><F43/><W50/><G57/><T72/><D72/><U61/><E42/><V22/><F36/><W79/><G79/><T85/><D85/><U6/><E86/><V9/><F87/><W71/><G71/><T121/><D121/><U54/><E54/><V7/><F46/><W134/><G134/><T58/><D58/><U118/><E61/><V131/><F22/><W3/><G48/><T55/><D55/><U20/><E21/><V53/><F53/><W81/><G50/><T107/><D107/><U119/><E104/><V66/><F66/><W0/><G81/><T76/><D76/><U74/><E74/><V77/><F77/><W33/><G33/><T60/><D60/><U23/><E20/><RYUUKYOKU ba="1,1" sc="174,30,370,-10,210,-10,236,-10" hai0="16,17,25,30,32,38,40,44,91,94,98,128,130" /><INIT seed="2,2,1,5,2,21" ten="204,360,200,226" oya="2" hai0="92,46,113,33,125,34,93,108,84,72,76,96,41" hai1="32,79,55,135,88,28,23,80,58,24,69,9,29" hai2="120,51,123,74,129,38,70,65,36,6,97,101,0" hai3="75,83,127,95,98,3,100,99,132,107,112,90,67"/><V110/><F74/><W131/><G3/><T49/><D113/><U18/><E69/><V128/><F51/><W121/><G67/><T14/><D108/><U68/><E68/><V61/><F110/><W126/><G121/><N who="2" m="46665" /><F6/><W102/><G112/><T60/><D125/><N who="3" m="47625" /><G132/><T17/><D72/><U37/><E135/><V5/><F5/><W78/><G131/><N who="2" m="50249" /><F0/><W13/><G13/><T105/><D105/><AGARI ba="2,1" hai="36,38,61,65,70,97,101,105" m="50249,46665" machi="105" ten="30,2900,0" yaku="19,1,23,1" doraHai="21" who="2" fromWho="0" sc="204,-35,360,0,200,45,226,0" /><INIT seed="2,3,0,4,1,69" ten="169,360,245,226" oya="2" hai0="120,101,105,128,34,77,32,81,13,135,103,49,2" hai1="70,7,79,129,108,99,43,60,10,0,116,38,40" hai2="65,107,37,31,127,14,52,62,87,23,109,1,84" hai3="92,86,41,17,9,110,117,75,8,133,111,15,118"/><V94/><F107/><W22/><G41/><T130/><D120/><U45/><E116/><N who="3" m="44650" /><G86/><T114/><D114/><U55/><E129/><N who="0" m="49769" /><D2/><U124/><E108/><N who="3" m="41514" /><G92/><T51/><D13/><U126/><E43/><V3/><F109/><W63/><G63/><T113/><D113/><U19/><E19/><V134/><F94/><W123/><G75/><T30/><D30/><U28/><E28/><V121/><F87/><W39/><G39/><T42/><D42/><U48/><E79/><V78/><F84/><W33/><G133/><T35/><D135/><U50/><E99/><V88/><F134/><W66/><G66/><T102/><D105/><U57/><E50/><N who="0" m="18953" /><D81/><U132/><E132/><V46/><F65/><AGARI ba="3,0" hai="0,7,10,38,40,45,48,55,57,60,65,70,124,126" machi="65" ten="40,5200,0" yaku="24,2,52,1" doraHai="69" who="1" fromWho="2" sc="169,0,360,61,245,-61,226,0" /><INIT seed="3,0,0,1,0,43" ten="169,421,184,226" oya="3" hai0="114,41,50,0,104,61,71,2,106,33,63,6,10" hai1="9,69,126,20,37,58,64,101,87,123,99,54,121" hai2="68,90,91,72,7,24,131,124,39,96,102,94,122" hai3="112,60,8,38,132,31,11,47,23,103,73,56,28"/><W16/><G103/><T34/><D2/><U36/><E9/><V15/><F68/><W78/><G78/><T57/><D114/><U84/><E20/><V49/><F39/><W86/><G73/><T133/><D133/><U13/><E13/><V130/><F72/><W22/><G86/><T35/><D71/><U120/><E126/><V81/><F124/><W51/><G38/><T75/><D75/><U117/><E117/><V134/><F134/><W32/><G32/><T128/><D128/><N who="2" m="49194" /><F122/><W55/><G112/><T76/><D76/><U42/><E87/><N who="2" m="50543" /><F49/><W44/><G132/><T19/><D19/><U59/><E84/><V118/><F118/><W80/><G80/><T100/><D100/><U67/><E59/><V88/><F24/><N who="3" m="16407" /><G31/><T18/><D18/><U119/><E119/><V48/><F48/><W3/><G3/><T30/><D30/><U110/><E69/><V5/><F5/><W113/><G113/><T1/><D1/><U77/><E77/><V29/><F29/><W27/><G51/><T53/><REACH who="0" step="1"/><D63/><REACH who="0" ten="159,421,184,226" step="2"/><U129/><E101/><V25/><F25/><W85/><G8/><AGARI ba="0,1" hai="7,8,15,88,91,94,96,102" m="50543,49194" machi="8" ten="30,2000,0" yaku="19,1,54,1" doraHai="43" who="2" fromWho="3" sc="159,0,421,0,184,30,226,-20" owari="159,-34.1,421,52.1,214,1.4,206,-19.4" /></mjloggm>