<mjloggm ver="2.3"><GO type="225" lobby="0"/><UN n0="%61%79%61%70%69%6E" n1="%E7%9A%AE%E3%80%85" n2="%E3%80%90%E8%92%BC%E7%90%89%E3%80%91" n3="%E5%91%A8%E6%9D%B1" dan="16,16,16,17" rate="2122.57,2122.86,2126.47,2222.66" sx="M,F,F,M"/><TAIKYOKU oya="0"/><INIT seed="0,0,0,4,2,88" ten="250,250,250,250" oya="0" hai0="18,114,37,94,34,23,105,78,116,133,86,77,71" hai1="8,9,109,24,120,95,72,83,111,106,36,62,74" hai2="12,89,84,63,52,47,43,42,80,97,4,54,126" hai3="60,49,2,102,27,44,129,108,57,67,124,3,1"/><T113/><D116/><U100/><E120/><V91/><F126/><W40/><G124/><T101/><D34/><U79/><E36/><V93/><F63/><W68/><G108/><N who="1" m="41546" /><E106/><V90/><F90/><W31/><G129/><T134/><D71/><U25/><E72/><V132/><F132/><N who="0" m="50794" /><D37/><U122/><E62/><V110/><F110/><W51/><G102/><T17/><D105/><U32/><E122/><V14/><F42/><W75/><G75/><T61/><D61/><U125/><E125/><V87/><F97/><W41/><G68/><T59/><D59/><U48/><E48/><N who="2" m="26751" /><F4/><W55/><REACH who="3" step="1"/><G51/><REACH who="3" ten="250,250,250,240" step="2"/><T28/><D114/><U112/><E112/><V96/><F96/><W117/><G117/><T66/><D113/><U5/><E100/><V15/><AGARI ba="0,1" hai="12,14,15,52,54,80,84,87,89,91,93" m="26751" machi="15" ten="30,4000,0" yaku="8,1,52,1,54,1" doraHai="88" who="2" fromWho="2" sc="250,-20,250,-10,250,50,240,-10" /><INIT seed="1,0,0,2,3,91" ten="230,240,300,230" oya="1" hai0="64,133,41,114,56,6,61,43,37,42,100,93,57" hai1="95,23,117,85,94,67,80,24,76,71,18,26,32" hai2="0,22,54,87,122,44,105,29,3,59,126,58,39" hai3="132,9,69,99,75,55,121,70,33,14,8,31,120"/><U103/><E117/><V83/><F105/><W78/><G75/><T49/><D114/><U118/><E118/><V97/><F122/><W115/><G78/><T135/><D6/><U38/><E38/><V13/><F126/><W101/><G115/><T4/><D4/><U19/><E103/><V7/><F7/><W60/><G132/><N who="0" m="50763" /><D100/><U36/><E36/><V107/><F107/><W50/><G33/><T51/><D93/><N who="1" m="35339" /><E32/><V40/><F97/><W92/><G31/><T2/><D2/><U123/><E71/><V98/><F98/><W84/><G70/><N who="0" m="42255" /><D37/><U79/><E123/><V65/><F65/><W20/><G69/><T86/><D86/><U77/><E67/><V16/><F29/><W17/><G120/><T68/><D68/><U34/><E34/><V116/><F116/><W52/><G84/><T62/><D62/><U28/><E26/><V72/><F72/><W106/><G106/><T109/><D109/><U130/><E130/><V134/><F134/><W102/><G102/><T47/><D51/><U35/><E35/><V10/><F10/><W119/><G119/><T89/><D89/><AGARI ba="0,0" hai="18,19,23,24,28,76,77,79,80,85,89" m="35339" machi="89" ten="30,11600,0" yaku="8,1,52,3" doraHai="91" who="1" fromWho="0" sc="230,-116,240,116,300,0,230,0" /><INIT seed="1,1,0,0,5,104" ten="114,356,300,230" oya="1" hai0="96,52,21,32,119,103,82,107,6,69,73,125,22" hai1="114,35,5,23,76,116,16,17,74,126,128,123,19" hai2="18,132,134,9,71,11,2,14,95,27,122,72,58" hai3="117,111,25,75,10,81,131,85,1,40,113,49,37"/><U127/><E114/><V83/><F71/><W91/><G113/><T106/><D119/><U87/><E116/><V51/><F122/><W129/><G117/><T13/><D32/><U38/><E38/><V110/><F27/><W93/><G25/><T135/><D69/><U62/><E123/><V90/><F110/><W89/><G49/><T101/><D135/><N who="2" m="51754" /><F83/><W48/><G48/><T44/><D125/><N who="1" m="47627" /><E35/><V3/><F72/><W54/><G54/><T120/><D120/><U94/><E128/><V130/><F130/><W53/><G53/><T88/><D6/><U41/><E41/><V42/><F11/><W0/><G111/><T43/><D13/><N who="1" m="9711" /><E5/><V102/><F102/><W97/><G129/><T47/><D43/><U100/><E62/><V115/><F115/><W112/><G112/><T77/><D52/><U63/><E63/><V7/><F7/><W92/><G131/><T8/><D8/><U36/><E36/><V56/><F42/><W98/><G10/><T50/><D50/><U66/><E66/><V28/><F28/><W64/><G64/><T124/><D124/><U29/><E29/><V84/><F51/><W70/><G70/><T46/><REACH who="0" step="1"/><D88/><REACH who="0" ten="104,356,300,230" step="2"/><N who="1" m="53535" /><E100/><V61/><F61/><W57/><G40/><T133/><D133/><U99/><E99/><AGARI ba="1,1" hai="21,22,44,46,47,73,77,82,96,99,101,103,106,107" machi="99" ten="40,5200,0" yaku="1,1,9,1,52,1,53,0" doraHai="104" doraHaiUra="55" who="0" fromWho="1" sc="104,65,356,-55,300,0,230,0" /><INIT seed="2,0,0,2,3,111" ten="169,301,300,230" oya="2" hai0="11,53,80,84,40,114,63,76,58,38,36,69,103" hai1="23,24,95,27,65,51,66,9,127,1,25,4,118" hai2="26,74,96,87,86,17,133,41,71,35,67,47,45" hai3="2,90,82,48,22,79,123,56,88,57,49,100,20"/><V81/><F133/><W89/><G2/><T116/><D116/><U21/><E118/><V32/><F74/><W6/><G123/><T117/><D117/><U134/><E134/><V77/><F87/><W128/><G128/><T34/><D34/><U19/><E127/><V61/><F47/><W94/><G6/><T129/><D129/><U92/><E51/><N who="3" m="19530" /><G79/><T125/><D125/><U124/><E124/><V109/><F109/><W73/><G73/><T78/><D69/><U102/><E23/><N who="3" m="8746" /><G82/><T119/><D119/><U3/><E3/><V135/><F135/><W16/><G16/><T121/><D121/><U120/><E120/><V14/><F26/><W104/><G104/><T99/><D78/><U72/><E72/><V7/><F7/><W39/><G39/><T60/><D60/><U50/><E50/><V13/><F13/><W101/><G94/><N who="1" m="35882" /><E102/><AGARI ba="0,0" hai="56,57,88,89,90,100,101,102" m="8746,19530" machi="102" ten="30,7700,0" yaku="28,2,8,1,54,1" doraHai="111" who="3" fromWho="1" sc="169,0,301,-77,300,0,230,77" /><INIT seed="3,0,0,4,0,57" ten="169,224,300,307" oya="3" hai0="53,82,86,23,129,81,15,16,91,64,89,100,109" hai1="12,27,34,49,87,13,111,85,45,128,69,70,112" hai2="33,37,26,35,123,135,7,40,92,39,30,102,43" hai3="59,18,134,52,20,101,108,106,132,54,46,11,9"/><W126/><G126/><T122/><D109/><U58/><E112/><V118/><F118/><W42/><G108/><T55/><D122/><U97/><E111/><V76/><F123/><W95/><G95/><T63/><D129/><U107/><E128/><V61/><F135/><N who="3" m="51755" /><G101/><T78/><D100/><U28/><E69/><V66/><F76/><W73/><G73/><T99/><D91/><U60/><E85/><V80/><F80/><W110/><G106/><T113/><D113/><U29/><E29/><V38/><F7/><W125/><G125/><T22/><D22/><U51/><E87/><V127/><F33/><W62/><G54/><T72/><REACH who="0" step="1"/><D99/><REACH who="0" ten="159,224,300,307" step="2"/><U21/><E21/><V65/><F127/><W19/><G110/><T79/><D79/><U71/><E97/><V56/><F102/><W3/><G20/><T131/><D131/><U36/><E34/><V124/><F124/><W50/><G11/><T114/><D114/><U104/><E104/><V17/><F35/><W94/><G94/><T75/><D75/><U32/><E107/><V5/><F92/><W117/><G117/><T96/><D96/><U77/><E77/><V2/><F37/><W103/><G103/><T47/><D47/><U130/><E130/><V44/><F38/><W105/><G105/><T10/><D10/><U88/><E88/><V83/><F44/><W119/><G119/><T84/><D84/><U121/><E45/><V98/><F39/><W120/><G120/><T24/><D24/><U0/><E36/><V67/><F26/><W90/><G90/><T115/><D115/><U6/><E27/><RYUUKYOKU ba="0,1" sc="159,15,224,-15,300,-15,307,15" hai0="15,16,23,53,55,63,64,72,78,81,82,86,89" hai3="3,9,18,19,42,46,50,52,59,62" owari="174,-32.6,209,-19.1,285,8.5,332,43.2" /></mjloggm>