<mjloggm ver="2.3"><GO type="225" lobby="0"/><UN n0="%E7%99%BD%E5%80%89%E5%AF%9B%E4%B9%8B" n1="%E7%B4%94%E6%BD%94%E3%83%94%E3%83%A9%E3%83%8B%E3%82%A2" n2="%33%74%72%65%65" n3="%4B%2E%32%2E%4B%2E" dan="16,17,17,16" rate="2150.36,2219.37,2122.77,2143.06" sx="M,M,F,M"/><TAIKYOKU oya="0"/><INIT seed="0,0,0,2,3,75" ten="250,250,250,250" oya="0" hai0="107,3,48,4,19,25,40,123,74,43,96,88,85" hai1="22,36,122,99,127,42,125,2,39,29,30,131,33" hai2="57,76,14,34,90,102,35,92,132,104,69,80,126" hai3="115,117,20,62,64,1,108,60,67,110,44,32,17"/><T133/><D74/><U16/><E2/><V68/><F126/><N who="1" m="48137" /><E122/><V94/><F132/><W28/><G115/><T113/><D123/><U0/><E0/><V84/><F14/><W87/><G117/><T52/><D133/><U10/><E10/><V129/><F129/><W79/><G1/><T83/><D113/><U38/><E131/><V50/><F94/><W124/><G124/><T116/><D116/><U63/><E33/><N who="2" m="12299" /><F57/><W7/><G7/><T13/><D3/><U118/><E118/><V49/><F49/><W15/><G44/><N who="0" m="27655" /><D107/><U128/><E128/><V95/><F50/><W8/><G32/><T27/><D96/><U121/><E63/><V97/><F95/><W135/><G135/><T23/><D4/><U109/><E42/><AGARI ba="0,0" hai="13,19,23,25,27,40,42,43,83,85,88" m="27655" machi="42" ten="30,5800,0" yaku="8,1,54,2" doraHai="75" who="0" fromWho="1" sc="250,58,250,-58,250,0,250,0" /><INIT seed="0,1,0,0,2,46" ten="308,192,250,250" oya="0" hai0="79,75,57,9,0,71,8,47,31,114,1,48,14" hai1="3,37,39,52,58,10,99,23,27,119,28,42,18" hai2="17,82,77,96,29,101,21,64,113,65,94,59,2" hai3="83,110,121,80,74,5,116,93,45,53,88,60,92"/><T85/><D71/><U67/><E67/><V130/><F113/><W22/><G116/><T7/><D75/><U123/><E123/><V44/><F130/><W125/><G74/><T72/><D72/><U56/><E56/><V124/><F124/><W118/><G118/><T20/><D114/><U43/><E119/><V91/><F2/><W54/><G121/><T122/><D122/><U86/><E86/><N who="2" m="48463" /><F29/><W19/><G125/><T90/><D79/><U107/><E107/><V69/><F69/><W115/><G115/><T11/><D57/><U127/><E127/><V135/><F135/><W111/><G5/><T89/><D89/><U25/><E99/><V126/><F126/><W13/><G60/><T120/><D120/><U76/><E76/><V66/><F44/><W12/><G45/><T112/><D112/><U16/><E39/><V97/><F59/><W95/><G12/><T34/><D34/><U103/><E103/><V131/><F131/><W129/><G129/><T100/><D100/><U106/><E106/><V84/><F101/><W49/><G88/><T70/><D70/><U108/><E37/><V36/><F36/><W63/><G63/><T87/><D87/><U62/><E108/><N who="3" m="41514" /><G83/><N who="0" m="49471" /><D0/><U134/><E134/><V6/><F6/><W35/><G35/><T41/><D1/><U33/><REACH who="1" step="1"/><E3/><REACH who="1" ten="308,182,250,250" step="2"/><V68/><F68/><W24/><G80/><T81/><D81/><U26/><E26/><AGARI ba="1,1" hai="17,21,26,64,65,66,84,91,94,96,97" m="48463" machi="26" ten="30,1000,0" yaku="8,1" doraHai="46" who="2" fromWho="1" sc="308,0,182,-13,250,23,250,0" /><AGARI ba="1,0" hai="7,8,9,11,14,20,26,31,41,47,48" m="49471" machi="26" ten="30,2900,0" yaku="8,1,52,1" doraHai="46" who="0" fromWho="1" sc="308,29,169,-29,273,0,250,0" /><INIT seed="0,2,0,3,4,110" ten="337,140,273,250" oya="0" hai0="99,12,121,46,127,56,33,4,111,132,11,6,0" hai1="125,21,114,129,87,10,5,64,57,2,126,3,13" hai2="112,8,71,134,88,49,40,76,52,44,75,61,94" hai3="39,24,131,96,120,85,59,103,133,37,60,97,118"/><T119/><D33/><U15/><E64/><V72/><F112/><W18/><G118/><T65/><D119/><U22/><E57/><V81/><F134/><W83/><G133/><T48/><D121/><U62/><E62/><V113/><F113/><W115/><G115/><T55/><D132/><U32/><E87/><V34/><F34/><W117/><G117/><T124/><D111/><U128/><E114/><V70/><F72/><W108/><G108/><T35/><D35/><U69/><E69/><V123/><F123/><W14/><G131/><N who="1" m="50250" /><E32/><V43/><F8/><W16/><G120/><T45/><D65/><U58/><E58/><V122/><F122/><W53/><G24/><T130/><D130/><U84/><E84/><V74/><F74/><W92/><G96/><T107/><D107/><U68/><E68/><V79/><F79/><W47/><G47/><T135/><D99/><U30/><E30/><V105/><F105/><W54/><G54/><T26/><D135/><U82/><E82/><V86/><F40/><W29/><G29/><T101/><D101/><U67/><E67/><V51/><F61/><W66/><G66/><T23/><D46/><AGARI ba="2,0" hai="43,44,46,49,51,52,70,71,75,76,81,86,88,94" machi="46" ten="30,3900,0" yaku="7,1,54,2" doraHai="110" who="2" fromWho="0" sc="337,-45,140,0,273,45,250,0" /><INIT seed="1,0,0,4,1,108" ten="292,140,318,250" oya="1" hai0="29,1,121,117,27,83,133,135,54,103,31,15,98" hai1="7,86,95,34,41,122,100,6,66,44,96,24,68" hai2="73,58,2,63,77,65,17,129,20,118,30,81,85" hai3="51,56,28,37,48,123,126,75,128,93,53,99,14"/><U64/><E122/><V79/><F118/><W109/><G37/><T110/><D1/><U45/><E86/><V46/><F129/><W112/><G123/><T69/><D69/><U12/><E44/><V10/><F30/><W61/><G75/><T111/><D121/><U62/><E64/><V90/><F73/><W47/><G109/><N who="0" m="41483" /><D117/><U78/><E78/><V97/><F97/><W13/><G128/><T106/><D83/><U91/><E12/><V19/><F46/><W26/><G126/><T92/><D54/><U104/><E95/><V74/><F74/><W8/><G112/><T32/><D31/><U55/><E55/><V42/><F42/><W125/><G125/><T82/><D82/><U113/><E91/><V57/><F57/><W88/><G8/><T39/><D39/><U131/><E131/><V102/><F102/><W18/><G18/><T76/><D76/><U33/><E113/><V40/><F40/><W11/><G11/><T130/><D130/><U132/><E132/><N who="0" m="50761" /><D15/><U16/><E33/><V25/><F2/><W4/><G4/><T35/><D32/><U72/><E72/><V52/><F52/><N who="3" m="29727" /><G51/><T5/><D5/><U107/><E107/><AGARI ba="0,0" hai="27,29,35,92,98,103,106,107" m="50761,41483" machi="107" ten="30,2000,0" yaku="14,1,20,1" doraHai="108" who="0" fromWho="1" sc="292,20,140,-20,318,0,250,0" /><INIT seed="2,0,0,3,3,114" ten="312,120,318,250" oya="2" hai0="50,71,121,24,57,82,37,106,25,74,38,16,20" hai1="119,99,123,112,19,101,87,14,7,120,66,4,78" hai2="42,116,132,126,6,135,91,64,94,45,9,81,77" hai3="110,3,105,113,1,59,70,13,122,29,86,69,12"/><V133/><F126/><W56/><G113/><T17/><D106/><U95/><E112/><V44/><F64/><W43/><G105/><T93/><D71/><U10/><E66/><V115/><F115/><W48/><G29/><T102/><D121/><U62/><E62/><V53/><F53/><W49/><G86/><T23/><D102/><U63/><E63/><V22/><F22/><W2/><G2/><T85/><D93/><U108/><E108/><V107/><F107/><W75/><G75/><T98/><D98/><U90/><E78/><V109/><F109/><W129/><G110/><T27/><D74/><U80/><REACH who="1" step="1"/><E119/><REACH who="1" ten="312,110,318,250" step="2"/><V68/><F116/><W131/><G122/><AGARI ba="0,1" hai="4,7,10,14,19,80,87,90,95,99,101,120,122,123" machi="122" ten="40,5200,0" yaku="1,1,2,1,13,1,53,0" doraHai="114" doraHaiUra="72" who="1" fromWho="3" sc="312,0,110,62,318,0,250,-52" /><INIT seed="3,0,0,3,1,65" ten="312,172,318,198" oya="3" hai0="130,126,134,117,0,108,31,99,89,10,92,129,112" hai1="128,4,86,12,74,47,110,133,22,32,3,121,66" hai2="6,101,33,30,20,1,29,60,25,24,123,67,73" hai3="2,94,56,83,87,7,38,34,102,59,95,57,85"/><W103/><G38/><T14/><D108/><U16/><E110/><V13/><F73/><W9/><G34/><T18/><D117/><U68/><E121/><V26/><F123/><W81/><G2/><T19/><D134/><U116/><E74/><V27/><F101/><N who="3" m="38411" /><G7/><T46/><D126/><U45/><E133/><V97/><F97/><W75/><G9/><T72/><D72/><U76/><E116/><V119/><F119/><W11/><G11/><T39/><D112/><U107/><E107/><V124/><F124/><W105/><G105/><T135/><D135/><U64/><E32/><N who="2" m="20519" /><F60/><W88/><G75/><T77/><D77/><AGARI ba="0,0" hai="56,57,59,77,81,83,85,87,88,94,95" m="38411" machi="77" ten="30,2900,0" yaku="8,1,54,1" doraHai="65" who="3" fromWho="0" sc="312,-29,172,0,318,0,198,29" /><INIT seed="3,1,0,0,4,104" ten="283,172,318,227" oya="3" hai0="36,41,75,57,119,50,72,114,0,30,53,126,91" hai1="42,22,43,15,31,71,35,113,59,107,10,128,45" hai2="106,132,124,112,116,117,89,56,40,102,14,27,130" hai3="1,13,82,96,24,125,65,46,111,73,123,129,70"/><W108/><G1/><T97/><D119/><U25/><E107/><V69/><F112/><W122/><G125/><T118/><D118/><U32/><E71/><V28/><F69/><W3/><G3/><T2/><D114/><U9/><E113/><V39/><F124/><W55/><G129/><T11/><D126/><U20/><E128/><V48/><F130/><W67/><G24/><T127/><D127/><U131/><E131/><V33/><F132/><W52/><G96/><T64/><D30/><U84/><E59/><V49/><F39/><W83/><G13/><T105/><D0/><U38/><E42/><V85/><F14/><W19/><G19/><T6/><D64/><U66/><E66/><V101/><F106/><W7/><G7/><T88/><D91/><U109/><E109/><N who="3" m="42058" /><G65/><T47/><REACH who="0" step="1"/><D88/><REACH who="0" ten="273,172,318,227" step="2"/><U90/><E32/><V44/><F116/><W94/><G67/><T86/><D86/><U87/><E84/><V4/><F117/><W23/><G70/><T120/><D120/><U98/><E98/><V110/><F110/><W16/><G123/><T21/><D21/><U58/><E10/><V121/><F121/><W18/><G122/><T76/><D76/><U133/><E133/><V95/><F33/><W63/><G23/><T79/><D79/><U62/><E87/><V37/><F85/><W34/><G34/><T93/><D93/><U99/><E99/><V60/><F95/><W68/><G68/><T17/><D17/><N who="1" m="8431" /><E90/><V26/><F89/><W12/><G18/><T78/><D78/><U92/><E92/><V103/><F28/><W5/><G94/><RYUUKYOKU ba="1,1" sc="273,15,172,15,318,-15,227,-15" hai0="2,6,11,36,41,47,50,53,57,72,75,97,105" hai1="20,22,25,31,35,38,43,45,58,62" owari="288,8.8,187,-31.3,313,41.3,212,-18.8" /></mjloggm>