<mjloggm ver="2.3"><GO type="225" lobby="0"/><UN n0="%E3%83%96%E3%83%83%E3%83%91%E3%82%AA%E3%83%96%E3%83%81%E3%82%AD%E3%83%B3" n1="%E3%83%81%E3%83%83%E3%82%BF%E3%82%BD%E3%83%BC" n2="%55%E3%81%A3%E3%81%A1" n3="%E3%81%95%E3%81%8D%E3%81%9F%E3%81%BE%E6%9E%97%E6%AA%8E" dan="16,17,16,16" rate="2141.23,2203.75,2115.06,2134.97" sx="M,F,M,M"/><TAIKYOKU oya="0"/><INIT seed="0,0,0,5,0,82" ten="250,250,250,250" oya="0" hai0="99,41,134,40,59,68,96,23,73,4,132,22,106" hai1="72,26,29,91,50,61,105,66,10,31,19,102,58" hai2="20,0,1,14,89,42,85,124,78,104,90,9,131" hai3="79,116,69,80,109,123,87,95,60,54,92,21,86"/><T17/><D68/><U16/><E72/><V45/><F104/><W128/><G69/><T81/><D4/><U49/><E91/><V55/><F131/><W13/><G116/><T57/><D73/><U122/><E122/><V15/><F124/><W46/><G109/><T114/><D114/><U8/><E105/><V115/><F115/><W2/><G2/><T129/><D106/><U36/><E36/><V71/><F71/><W108/><G108/><T67/><D81/><U24/><E66/><V110/><F110/><W63/><G128/><T94/><D129/><U28/><E61/><V70/><F70/><W117/><G117/><T3/><D3/><U75/><E75/><V97/><F97/><W11/><G21/><T93/><REACH who="0" step="1"/><D17/><REACH who="0" ten="240,250,250,250" step="2"/><U32/><E31/><V121/><F0/><W100/><G123/><T56/><D56/><U125/><E58/><V6/><F1/><W130/><G130/><T52/><D52/><U119/><E119/><V43/><F55/><W51/><G95/><T83/><D83/><U38/><E29/><V53/><F53/><W101/><G79/><T76/><D76/><U133/><E28/><V120/><F120/><W7/><G80/><T112/><D112/><U113/><E113/><V37/><F121/><W34/><G92/><T111/><D111/><U5/><E5/><V98/><F43/><W77/><G77/><T126/><D126/><U44/><E125/><V107/><F107/><W12/><G7/><T47/><D47/><U35/><E44/><V62/><F78/><W39/><G46/><T48/><D48/><U27/><E50/><RYUUKYOKU ba="0,1" sc="240,30,250,-10,250,-10,250,-10" hai0="22,23,40,41,57,59,67,93,94,96,99,132,134" /><INIT seed="0,1,1,0,1,44" ten="270,240,240,240" oya="0" hai0="16,116,21,33,40,85,10,31,128,71,80,88,20" hai1="96,93,54,82,13,29,95,77,65,36,50,47,105" hai2="61,94,14,53,127,0,12,117,129,133,58,84,32" hai3="107,119,108,63,89,67,114,27,73,110,11,134,59"/><T87/><D116/><U23/><E36/><V24/><F0/><W79/><G114/><T42/><D128/><U122/><E122/><V15/><F133/><W112/><G112/><T111/><D71/><U17/><E65/><V78/><F127/><W83/><G119/><T92/><D111/><N who="3" m="42537" /><G134/><T106/><D106/><U91/><E29/><V39/><F39/><W74/><G107/><T56/><D33/><U90/><E105/><V123/><F123/><W57/><G89/><T48/><D31/><U30/><E30/><V38/><F38/><W132/><G132/><T66/><D10/><U121/><E121/><V49/><F32/><W52/><G27/><N who="0" m="14727" /><D21/><U28/><E28/><V126/><F129/><W37/><G37/><T131/><D131/><U120/><E120/><V81/><F24/><W124/><G124/><T9/><D9/><U46/><E46/><N who="2" m="27831" /><F126/><W35/><G35/><T1/><D1/><U19/><E19/><V22/><F117/><W64/><G11/><T55/><D66/><U70/><E70/><V2/><F2/><W51/><G67/><T98/><D87/><AGARI ba="1,1" hai="51,52,57,59,63,64,73,74,79,83,87" m="42537" machi="87" ten="30,3900,0" yaku="14,1,52,1,54,1" doraHai="44" who="3" fromWho="0" sc="270,-42,240,0,240,0,240,52" /><INIT seed="1,0,0,0,1,111" ten="228,240,240,292" oya="1" hai0="22,104,26,36,71,67,88,123,5,37,133,85,33" hai1="48,86,10,11,76,53,2,75,129,83,101,57,120" hai2="79,84,21,25,46,12,64,65,118,98,70,40,49" hai3="91,102,20,69,54,131,132,103,82,27,24,106,115"/><U87/><E129/><V13/><F118/><W114/><G69/><T30/><D133/><U125/><E125/><V32/><F32/><W126/><G126/><T80/><D123/><U3/><E120/><V50/><F70/><W4/><G4/><T45/><D104/><U113/><E113/><V52/><F98/><W1/><G1/><T16/><D5/><U60/><E2/><V66/><F84/><W73/><G73/><T15/><REACH who="0" step="1"/><D45/><REACH who="0" ten="218,240,240,292" step="2"/><U110/><E110/><V89/><F79/><W134/><G106/><T108/><D108/><U18/><E3/><V38/><F38/><W0/><G0/><T78/><D78/><U42/><E75/><V117/><F117/><W135/><G135/><T39/><D39/><U47/><E87/><V29/><REACH who="2" step="1"/><F89/><REACH who="2" ten="218,240,230,292" step="2"/><W43/><G91/><T31/><D31/><U121/><E121/><V81/><F81/><W62/><G82/><T23/><D23/><U116/><E116/><V93/><F93/><W90/><G20/><T51/><D51/><U17/><REACH who="1" step="1"/><E101/><REACH who="1" ten="218,230,230,292" step="2"/><V6/><F6/><W68/><G103/><T112/><D112/><U109/><E109/><V107/><F107/><W41/><G102/><T35/><D35/><U94/><E94/><V122/><F122/><W19/><G134/><T59/><D59/><AGARI ba="0,3" hai="12,13,21,25,29,40,46,49,50,52,59,64,65,66" machi="59" ten="40,5200,0" yaku="1,1,8,1,54,1,53,0" doraHai="111" doraHaiUra="96" who="2" fromWho="0" sc="218,-52,230,0,230,82,292,0" /><INIT seed="2,0,0,0,1,27" ten="166,230,312,292" oya="2" hai0="133,45,99,127,4,110,51,92,59,88,128,52,47" hai1="50,85,61,117,73,44,46,130,100,62,112,71,101" hai2="83,35,121,134,8,81,19,1,43,34,78,60,98" hai3="16,90,72,12,6,66,3,56,129,30,26,113,10"/><V15/><F121/><W116/><G72/><T124/><D110/><U65/><E112/><V122/><F122/><W118/><G129/><T131/><D4/><U54/><E117/><V109/><F134/><W123/><G123/><T106/><D106/><U42/><E73/><V105/><F83/><W75/><G75/><T53/><D133/><U13/><E130/><N who="0" m="49705" /><D53/><U20/><E85/><V14/><F1/><W33/><G90/><T29/><D29/><U114/><E114/><V79/><F43/><W31/><G66/><T11/><D11/><U120/><E120/><V104/><F104/><W76/><G76/><T87/><D99/><U63/><E63/><V17/><F109/><W40/><G40/><T96/><D96/><U82/><E82/><V25/><F81/><W70/><G70/><T94/><D94/><U97/><E97/><V93/><F105/><W84/><G84/><T22/><D22/><U67/><E20/><V55/><F35/><N who="3" m="20951" /><G56/><T135/><D135/><U49/><REACH who="1" step="1"/><E13/><REACH who="1" ten="166,220,312,292" step="2"/><V0/><F34/><W64/><G113/><T39/><D39/><U41/><E41/><V80/><F80/><W32/><G32/><T107/><D107/><U119/><E119/><V108/><F108/><W37/><G118/><T38/><D38/><U74/><E74/><V21/><F15/><W24/><G37/><T58/><D59/><AGARI ba="0,1" hai="42,44,46,49,50,54,59,61,62,65,67,71,100,101" machi="59" ten="30,2000,0" yaku="1,1,7,1,53,0" doraHai="27" doraHaiUra="2" who="1" fromWho="0" sc="166,-20,220,30,312,0,292,0" /><INIT seed="3,0,0,3,5,25" ten="146,250,312,292" oya="3" hai0="90,43,70,103,74,85,30,104,76,29,88,26,49" hai1="75,84,120,87,52,32,21,10,110,35,6,65,55" hai2="50,5,133,64,100,107,60,14,33,83,7,61,106" hai3="17,89,57,69,16,27,80,116,128,115,81,54,119"/><W51/><G115/><T117/><D117/><U101/><E75/><V19/><F33/><W66/><G128/><T121/><D121/><U86/><E120/><V92/><F61/><N who="3" m="38191" /><G119/><T98/><D70/><U3/><E110/><V13/><F83/><N who="3" m="31819" /><G116/><T44/><D26/><U4/><E65/><V123/><F123/><W59/><G69/><T68/><D68/><U9/><E101/><V127/><F127/><W58/><G27/><T1/><D1/><U113/><E21/><V96/><F133/><W111/><G111/><T99/><D99/><U79/><E79/><V77/><F77/><W134/><G134/><T112/><D112/><U36/><E36/><V105/><F50/><N who="3" m="31063" /><G89/><T38/><D38/><U12/><REACH who="1" step="1"/><E113/><REACH who="1" ten="146,240,312,292" step="2"/><V73/><F73/><W46/><G59/><T63/><D63/><U0/><E0/><V126/><F126/><W15/><G15/><T118/><D118/><U24/><E24/><V82/><F14/><W45/><G45/><T125/><D125/><U34/><AGARI ba="0,1" hai="3,4,6,9,10,12,32,34,35,52,55,84,86,87" machi="34" ten="40,5200,0" yaku="1,1,0,1,54,1,53,0" doraHai="25" doraHaiUra="78" who="1" fromWho="1" sc="146,-13,240,62,312,-13,292,-26" owari="133,-36.7,302,40.2,299,9.9,266,-13.4" /></mjloggm>