<mjloggm ver="2.3"><GO type="225" lobby="0"/><UN n0="%E6%9D%B1%E9%A2%A8%E3%81%AE%E3%81%8D%E3%82%83%E3%81%B7%E3%81%95%E3%82%93" n1="%EF%BC%AE%EF%BC%A1%EF%BC%AF%33%33%39" n2="%E9%80%86%E9%80%A3%E5%B8%AF%E3%81%AE%E9%AC%BC" n3="%E3%83%A9%E3%82%B9%E7%8E%87%EF%BC%93%E5%89%B2" dan="16,16,16,17" rate="2181.68,2178.79,2042.73,2191.79" sx="M,M,M,F"/><TAIKYOKU oya="0"/><INIT seed="0,0,0,5,1,135" ten="250,250,250,250" oya="0" hai0="105,60,107,112,18,41,35,61,46,72,13,92,23" hai1="96,10,106,121,44,125,90,126,123,48,58,120,5" hai2="65,21,101,28,94,63,38,79,6,89,19,71,100" hai3="116,69,22,59,88,3,134,77,29,95,57,84,7"/><T40/><D72/><U78/><E78/><V17/><F38/><W99/><G69/><T119/><D35/><U114/><E58/><N who="3" m="22026" /><G116/><T74/><D74/><U54/><E114/><V2/><F79/><W39/><G3/><T8/><D119/><U109/><E109/><V111/><F111/><W80/><G39/><T104/><D112/><U110/><E110/><V36/><F36/><W34/><G34/><T12/><D92/><U68/><E68/><V52/><F28/><W30/><G134/><T53/><D53/><U118/><E118/><V113/><F113/><W33/><G33/><T132/><D132/><U70/><E70/><V31/><F31/><N who="3" m="11787" /><G22/><T76/><D76/><U93/><REACH who="1" step="1"/><E106/><REACH who="1" ten="250,240,250,250" step="2"/><V50/><F71/><W87/><G7/><T75/><D75/><U102/><E102/><V45/><F101/><W67/><G67/><T32/><D32/><U103/><E103/><V27/><F100/><W49/><G49/><T128/><D105/><U83/><E83/><V81/><F81/><W115/><G115/><T4/><D104/><U129/><E129/><V66/><F66/><W1/><G1/><AGARI ba="0,1" hai="1,5,10,44,48,54,90,93,96,120,121,123,125,126" machi="1" ten="40,5200,0" yaku="1,1,52,2,53,0" doraHai="135" doraHaiUra="73" who="1" fromWho="3" sc="250,0,240,62,250,0,250,-52" /><INIT seed="1,0,0,5,4,93" ten="250,302,250,198" oya="1" hai0="121,109,77,21,68,82,98,51,39,10,34,59,44" hai1="92,12,1,13,71,64,112,123,133,46,85,110,90" hai2="114,86,19,108,15,29,47,48,3,117,35,70,16" hai3="37,102,118,120,135,129,67,41,119,22,113,130,78"/><U87/><E1/><V23/><F117/><N who="3" m="44555" /><G22/><T17/><D68/><U96/><E112/><V18/><F108/><W30/><G30/><T72/><D34/><U49/><E123/><V0/><F114/><W105/><G67/><T69/><D69/><U26/><E110/><V2/><F70/><W56/><G56/><T25/><D109/><U81/><E133/><V111/><F111/><W124/><G41/><T65/><D121/><U97/><E26/><V88/><F29/><W63/><G63/><T125/><D125/><U5/><E64/><V134/><F35/><W45/><G45/><T66/><D10/><N who="1" m="4175" /><E13/><V116/><F134/><W55/><G37/><T42/><REACH who="0" step="1"/><D98/><REACH who="0" ten="240,302,250,198" step="2"/><U31/><E71/><V104/><F116/><W58/><G120/><T73/><D73/><U38/><E38/><V14/><F104/><W57/><G113/><T79/><D79/><N who="1" m="46271" /><E31/><V54/><REACH who="2" step="1"/><F23/><REACH who="2" ten="240,302,240,198" step="2"/><W36/><G135/><T84/><D84/><U128/><E128/><V91/><F91/><W131/><G130/><T101/><D101/><U83/><E83/><AGARI ba="0,2" hai="0,2,3,14,15,16,18,19,47,48,54,83,86,88" machi="83" ten="50,8000,1" yaku="1,1,54,2,53,2" doraHai="93" doraHaiUra="9" who="2" fromWho="1" sc="240,0,302,-80,240,100,198,0" /><INIT seed="2,0,0,2,5,5" ten="240,222,340,198" oya="2" hai0="20,114,30,103,60,101,104,62,19,120,11,117,73" hai1="27,39,61,109,63,132,59,41,44,43,28,17,79" hai2="87,57,107,119,33,21,49,12,65,80,51,127,15" hai3="122,23,48,77,95,38,66,22,9,6,92,106,88"/><V26/><F107/><W1/><G122/><T8/><D73/><U112/><E112/><V64/><F127/><W2/><G38/><T55/><D120/><U46/><E79/><V45/><F33/><W29/><G106/><T0/><D0/><U18/><E109/><V91/><F119/><W128/><G128/><T42/><D117/><U135/><E28/><V115/><F115/><W81/><G2/><T86/><D42/><U74/><E74/><V133/><F133/><N who="1" m="51273" /><E27/><V14/><F57/><W37/><G37/><T25/><D114/><U118/><E118/><V116/><F116/><W98/><G29/><T102/><D104/><U130/><E130/><V32/><F32/><W82/><G82/><T31/><D86/><U97/><E97/><V125/><F125/><W75/><G66/><N who="2" m="25705" /><F45/><W111/><G111/><T13/><D31/><AGARI ba="0,0" hai="12,14,15,21,26,31,49,51,80,87,91" m="25705" machi="31" ten="30,1500,0" yaku="8,1" doraHai="5" who="2" fromWho="0" sc="240,-15,222,0,340,15,198,0" /><INIT seed="2,1,0,4,1,64" ten="225,222,355,198" oya="2" hai0="31,126,41,57,5,18,120,117,127,68,11,115,66" hai1="89,128,71,94,86,100,32,19,130,129,25,67,4" hai2="52,113,77,82,103,123,33,37,99,93,69,92,96" hai3="95,122,79,110,27,76,91,38,35,28,22,101,20"/><V63/><F33/><W98/><G122/><T112/><D31/><U104/><E4/><V6/><F113/><N who="0" m="43594" /><D18/><U85/><E85/><V17/><F37/><W7/><G110/><T15/><D120/><U48/><E48/><V105/><F123/><W72/><G38/><T10/><D41/><U121/><E121/><V46/><F6/><W135/><G135/><T102/><D102/><U12/><E25/><V49/><F17/><W45/><G7/><T80/><D80/><U132/><E132/><V106/><F63/><W56/><G45/><T116/><D57/><U70/><E67/><V131/><F131/><W107/><G56/><T54/><D54/><U58/><E58/><V16/><F16/><W50/><G50/><T125/><D11/><N who="1" m="6559" /><E32/><V51/><F51/><W55/><G55/><T81/><D81/><U43/><E43/><V87/><F69/><N who="1" m="26121" /><E100/><AGARI ba="1,0" hai="46,49,52,77,82,87,92,93,96,99,100,103,105,106" machi="100" ten="30,5800,0" yaku="7,1,9,1,54,1" doraHai="64" who="2" fromWho="1" sc="225,0,222,-61,355,61,198,0" /><INIT seed="2,2,0,0,1,1" ten="225,161,416,198" oya="2" hai0="133,25,63,33,121,56,79,93,68,54,23,130,119" hai1="95,43,97,37,99,59,82,105,101,108,28,12,104" hai2="42,48,90,19,69,20,92,87,115,58,122,21,60" hai3="83,18,53,107,126,55,132,84,6,34,81,61,13"/><V9/><F122/><W7/><G107/><T17/><D121/><U131/><E28/><V113/><F69/><W14/><G34/><T62/><D133/><U109/><E59/><V40/><F9/><W112/><G132/><T123/><D123/><U89/><E12/><V135/><F135/><W110/><G110/><N who="1" m="42602" /><E43/><V11/><F11/><W124/><G112/><T51/><D130/><U50/><E50/><V45/><F42/><W125/><G61/><T36/><D36/><U94/><E37/><V39/><F39/><W118/><G118/><T57/><D119/><U49/><E49/><V31/><F31/><W96/><G96/><T30/><D68/><U0/><E0/><V67/><F21/><W5/><G18/><T35/><D79/><U78/><E131/><V127/><F127/><W134/><G134/><T38/><D38/><U106/><E106/><V46/><F46/><W15/><G84/><AGARI ba="2,0" hai="78,82,84,89,94,95,97,99,101,104,105" m="42602" machi="84" ten="30,3900,0" yaku="14,1,34,2" doraHai="1" who="1" fromWho="3" sc="225,0,161,45,416,0,198,-45" /><INIT seed="3,0,0,2,0,76" ten="225,206,416,153" oya="3" hai0="53,130,27,46,42,36,60,115,10,3,1,16,82" hai1="39,132,40,54,117,98,31,73,110,113,100,104,111" hai2="28,87,121,69,50,7,96,6,75,24,68,26,0" hai3="47,30,51,33,2,15,99,20,5,49,79,124,129"/><W4/><G129/><T109/><D130/><U25/><E113/><V14/><F75/><W52/><G124/><T65/><D115/><U48/><E73/><V93/><F121/><W62/><G2/><T128/><D128/><U29/><E132/><V91/><F0/><W80/><G33/><T21/><D109/><N who="1" m="41483" /><E117/><V84/><F69/><W67/><G99/><T131/><D131/><U11/><E11/><V66/><F66/><W92/><G92/><T88/><D53/><U34/><E29/><V125/><F68/><W37/><G37/><T44/><D44/><N who="1" m="23583" /><E48/><V56/><F125/><W83/><G51/><T90/><D10/><U81/><E54/><V22/><F26/><N who="3" m="16711" /><G79/><T55/><D55/><U38/><E38/><V112/><F112/><W70/><G70/><T19/><D19/><U13/><E13/><V135/><F135/><W12/><G62/><T78/><D1/><U43/><E43/><V59/><F50/><W85/><G67/><T63/><D3/><U108/><E108/><V122/><F122/><W35/><G35/><T71/><D60/><U134/><E134/><V64/><F64/><W72/><G72/><AGARI ba="0,0" hai="16,21,27,36,42,46,63,65,71,72,78,82,88,90" machi="72" ten="30,7700,0" yaku="7,1,52,1,54,2" doraHai="76" who="0" fromWho="3" sc="225,77,206,0,416,0,153,-77" owari="302,10.2,206,-19.4,416,51.6,76,-42.4" /></mjloggm>