<mjloggm ver="2.3"><GO type="225" lobby="0"/><UN n0="%E9%A6%AC%E5%BC%95%E7%81%AB%33" n1="%72%69%6F%75%63%68%61%6E" n2="%E3%83%96%E3%83%83%E3%83%91%E3%82%AA%E3%83%96%E3%83%81%E3%82%AD%E3%83%B3" n3="%E9%80%86%E9%80%A3%E5%B8%AF%E3%81%AE%E9%AC%BC" dan="16,16,17,16" rate="2092.03,2104.04,2213.80,2065.24" sx="M,M,M,M"/><TAIKYOKU oya="0"/><INIT seed="0,0,0,1,1,20" ten="250,250,250,250" oya="0" hai0="121,50,32,60,22,134,67,124,74,107,90,38,37" hai1="76,129,2,93,53,70,118,55,73,14,86,97,101" hai2="10,79,51,41,46,47,104,9,135,15,26,11,57" hai3="114,24,59,31,99,87,88,103,106,108,5,85,113"/><T13/><D121/><U19/><E118/><V34/><F104/><W25/><G108/><T18/><D32/><U8/><E129/><V33/><F135/><W45/><G5/><T110/><D74/><U65/><E73/><V54/><F79/><W69/><G69/><T122/><D122/><U4/><E65/><V44/><F15/><W94/><G45/><T81/><D107/><U27/><E70/><V96/><F41/><W36/><G36/><T0/><D0/><U63/><E63/><V126/><F126/><W125/><G125/><T43/><D124/><U29/><E76/><V7/><F7/><W62/><G87/><T130/><D134/><U105/><E86/><V133/><F133/><W1/><G1/><T21/><D21/><N who="1" m="11511" /><E105/><V52/><F96/><W109/><G109/><T49/><D110/><U84/><E84/><V6/><F6/><W61/><G61/><T83/><D37/><U92/><E93/><V116/><F116/><W35/><REACH who="3" step="1"/><G24/><REACH who="3" ten="250,250,250,240" step="2"/><T12/><D60/><U48/><E48/><V111/><F26/><W95/><G95/><T58/><D50/><U91/><E91/><V127/><F127/><W77/><G77/><T100/><D49/><U120/><E120/><V128/><F111/><W30/><G30/><T131/><D90/><U23/><E29/><V56/><F128/><W98/><G98/><T39/><D39/><U71/><E71/><V28/><F28/><W115/><G115/><T75/><D131/><U117/><E117/><V78/><F78/><W80/><G80/><T42/><D130/><U40/><E40/><V66/><F66/><AGARI ba="0,1" hai="25,31,35,59,62,66,85,88,94,99,103,106,113,114" machi="66" ten="30,8000,1" yaku="1,1,6,1,7,1,52,1,54,1,53,0" doraHai="20" doraHaiUra="112" who="3" fromWho="2" sc="250,0,250,0,250,-80,240,90" /><INIT seed="1,0,0,5,3,27" ten="250,250,170,330" oya="1" hai0="56,66,85,94,105,73,82,102,14,20,87,114,33" hai1="92,23,36,37,128,19,119,9,63,103,15,42,124" hai2="52,59,101,93,64,81,58,107,51,110,47,40,123" hai3="108,134,111,3,90,79,6,100,1,32,133,126,24"/><U129/><E119/><V16/><F123/><W116/><G116/><T130/><D114/><U99/><E124/><V104/><F110/><N who="3" m="42027" /><G100/><T29/><D130/><N who="1" m="50283" /><E42/><V30/><F64/><W8/><G90/><N who="0" m="53583" /><D105/><U95/><E63/><V113/><F113/><W50/><G50/><T57/><D73/><U7/><E92/><V109/><F109/><W25/><G79/><T54/><D33/><U34/><E34/><V12/><F59/><W45/><G45/><T121/><D102/><U76/><E76/><V78/><F30/><N who="3" m="19527" /><G126/><T117/><D121/><U10/><E10/><V39/><F93/><W97/><G97/><T55/><D117/><U72/><E72/><V48/><F101/><W70/><G70/><T125/><D125/><U35/><E35/><V89/><F89/><W28/><G1/><AGARI ba="0,0" hai="1,7,9,15,19,23,36,37,95,99,103" m="50283" machi="1" ten="30,1500,0" yaku="19,1" doraHai="27" who="1" fromWho="3" sc="250,0,250,15,170,0,330,-15" /><INIT seed="1,1,0,0,0,45" ten="250,265,170,315" oya="1" hai0="6,47,23,105,70,110,93,28,66,100,18,50,86" hai1="85,130,71,24,84,125,65,31,42,35,38,121,30" hai2="123,14,109,96,77,116,37,129,63,111,51,7,52" hai3="91,8,120,88,32,78,58,12,22,95,107,126,90"/><U59/><E121/><V80/><F116/><W106/><G32/><T43/><D110/><N who="2" m="41994" /><F123/><W64/><G126/><T61/><D6/><U62/><E130/><V74/><F37/><W68/><G120/><T89/><D28/><U15/><E125/><V26/><F129/><W9/><G68/><T75/><D75/><U55/><E30/><V5/><F26/><W124/><G124/><T19/><REACH who="0" step="1"/><D23/><REACH who="0" ten="240,265,170,315" step="2"/><U48/><REACH who="1" step="1"/><E15/><REACH who="1" ten="240,255,170,315" step="2"/><V99/><F14/><W115/><G12/><T25/><D25/><U54/><E54/><V27/><F27/><W44/><G115/><T0/><D0/><U101/><E101/><V67/><F7/><W127/><G127/><T40/><D40/><U128/><E128/><V2/><F5/><W113/><G113/><T20/><D20/><U33/><E33/><V117/><F2/><W131/><G22/><T134/><D134/><U16/><E16/><V132/><F132/><W119/><G131/><T108/><D108/><U87/><E87/><V102/><F102/><W135/><G135/><T17/><D17/><U76/><E76/><V79/><F79/><W112/><G78/><T94/><D94/><U57/><E57/><N who="2" m="32927" /><F117/><W49/><G119/><T114/><D114/><U60/><E60/><V83/><F83/><W56/><G112/><T53/><D53/><U21/><E21/><V13/><F13/><W104/><G95/><T34/><D34/><U82/><E82/><V29/><F29/><W97/><G107/><T69/><D69/><AGARI ba="1,2" hai="63,67,69,74,77,80,96,99" m="32927,41994" machi="69" ten="30,3900,0" yaku="14,1,52,1,54,1" doraHai="45" who="2" fromWho="0" sc="240,-42,255,0,170,62,315,0" /><INIT seed="2,0,0,0,3,55" ten="198,255,232,315" oya="2" hai0="0,71,43,108,59,65,19,72,89,25,73,100,84" hai1="7,135,98,18,6,63,114,34,120,36,8,64,32" hai2="54,75,44,11,113,33,87,119,121,17,38,97,24" hai3="28,70,53,15,12,94,4,80,62,122,134,46,82"/><V76/><F113/><W21/><G134/><T88/><D71/><U20/><E114/><V103/><F119/><W3/><G122/><T130/><D0/><U90/><E36/><V22/><F121/><W10/><G70/><T61/><D108/><U92/><E135/><V40/><F33/><W29/><G94/><T104/><D130/><U129/><E129/><V131/><F131/><W107/><G107/><T79/><D43/><U66/><E120/><V125/><F125/><W9/><G3/><T118/><D118/><U78/><E78/><V116/><F116/><W2/><G2/><T85/><D79/><U67/><E63/><V37/><F75/><W14/><G14/><T123/><D123/><U39/><E39/><V68/><F68/><W81/><G21/><T83/><D19/><U30/><E30/><V56/><F11/><W112/><G112/><T93/><REACH who="0" step="1"/><D25/><REACH who="0" ten="188,255,232,315" step="2"/><U109/><E109/><V45/><F40/><W127/><G127/><T48/><D48/><U35/><REACH who="1" step="1"/><E8/><REACH who="1" ten="188,245,232,315" step="2"/><V1/><F38/><W124/><G124/><T74/><D74/><U5/><E5/><V47/><F37/><W117/><G117/><T57/><D57/><U13/><AGARI ba="0,2" hai="6,7,13,18,20,32,34,35,64,66,67,90,92,98" machi="13" ten="40,5200,0" yaku="1,1,0,1,53,1" doraHai="55" doraHaiUra="86" who="1" fromWho="1" sc="188,-13,245,72,232,-26,315,-13" /><INIT seed="3,0,0,2,0,93" ten="175,317,206,302" oya="3" hai0="117,55,103,77,26,124,75,40,82,48,16,53,115" hai1="28,109,51,113,41,96,131,105,15,83,102,33,13" hai2="121,133,19,34,130,43,118,1,22,46,45,86,30" hai3="122,37,66,31,38,71,25,114,52,11,59,134,101"/><W126/><G122/><T112/><D117/><U106/><E113/><V132/><F118/><W87/><G114/><N who="0" m="43563" /><D40/><U14/><E109/><V90/><F121/><W135/><G126/><T119/><D119/><U27/><E131/><V69/><F1/><W84/><G101/><T127/><D103/><U61/><E83/><V104/><F69/><W57/><G11/><T64/><D64/><U47/><REACH who="1" step="1"/><E61/><REACH who="1" ten="175,307,206,302" step="2"/><V79/><F130/><W21/><G38/><T76/><D76/><U12/><E12/><V65/><F79/><W39/><G37/><T54/><D48/><U35/><E35/><V63/><F34/><W32/><G39/><T67/><D67/><U78/><E78/><V94/><F63/><N who="3" m="38255" /><G71/><T60/><D60/><U99/><E99/><V85/><F65/><W111/><G111/><T73/><D73/><U98/><E98/><V129/><F129/><W62/><G32/><T91/><D91/><U116/><E116/><V110/><F110/><W120/><G120/><T72/><D72/><U8/><E8/><V70/><F70/><W36/><G36/><T6/><D6/><U3/><E3/><V9/><F9/><W74/><G74/><T44/><D44/><U24/><E24/><V58/><F46/><W88/><G88/><T20/><AGARI ba="0,1" hai="16,20,26,53,54,55,75,77,82,124,127" m="43563" machi="20" ten="40,2700,0" yaku="11,1,54,1" doraHai="93" who="0" fromWho="0" sc="175,37,307,-7,206,-7,302,-13" owari="212,-18.8,300,40.0,199,-30.1,289,8.9" /></mjloggm>