<mjloggm ver="2.3"><GO type="225" lobby="0"/><UN n0="%E6%97%A5%E6%9B%9C%E6%97%A5%E3%82%88%E3%82%8A%E3%81%AE%E4%BD%BF%E8%80%85" n1="%E3%81%AF%E3%82%88%E3%81%8A%E3%81%98%E3%81%95%E3%82%93" n2="%6C%61%6D%62" n3="%6A%79%75%6E%6F%68" dan="17,16,16,18" rate="2212.23,2159.54,2257.65,2236.79" sx="M,M,M,M"/><TAIKYOKU oya="0"/><INIT seed="0,0,0,0,3,53" ten="250,250,250,250" oya="0" hai0="100,44,63,27,45,15,23,90,5,80,59,21,107" hai1="123,85,127,50,24,94,57,41,125,121,22,25,129" hai2="126,83,74,131,79,4,8,12,42,72,110,130,134" hai3="39,0,86,118,132,133,95,91,102,52,3,122,40"/><T47/><D107/><U106/><E106/><V65/><F110/><W98/><G118/><T81/><D100/><U101/><E129/><N who="2" m="49163" /><F134/><N who="3" m="51819" /><G122/><T16/><D90/><U17/><E25/><V117/><F117/><W105/><G52/><N who="0" m="34279" /><D5/><U99/><E85/><N who="2" m="48383" /><F126/><N who="1" m="48137" /><E57/><V82/><F82/><W93/><G93/><T73/><D73/><U11/><E11/><V135/><F135/><W36/><G40/><T48/><D48/><U19/><E19/><AGARI ba="0,0" hai="15,16,19,21,23,27,44,45,47,80,81" m="34279" machi="19" ten="30,11600,0" yaku="8,1,52,1,54,2" doraHai="53" who="0" fromWho="1" sc="250,116,250,-116,250,0,250,0" /><INIT seed="0,1,0,1,4,69" ten="366,134,250,250" oya="0" hai0="128,134,123,25,81,135,50,94,73,99,59,5,115" hai1="16,126,117,9,27,68,8,6,4,38,2,51,107" hai2="21,18,36,64,130,67,109,88,66,110,72,54,125" hai3="79,114,10,85,58,84,3,26,19,121,39,24,13"/><T120/><D5/><U87/><E68/><V118/><F72/><W33/><G114/><T22/><D50/><U63/><E107/><V92/><F125/><W132/><G132/><N who="0" m="50731" /><D59/><U28/><E63/><V46/><F130/><W7/><G121/><N who="0" m="46667" /><D22/><U41/><E51/><N who="2" m="29047" /><F36/><W111/><G39/><T98/><D25/><U122/><E87/><N who="2" m="52255" /><F118/><W76/><G84/><T34/><D34/><U65/><E65/><V124/><F124/><W62/><G85/><T15/><D15/><U14/><E41/><V101/><F101/><W83/><G33/><T74/><D115/><U1/><E122/><V103/><F103/><W71/><G71/><T82/><D128/><U93/><E93/><V57/><F57/><W43/><G43/><T31/><D31/><U49/><E49/><V90/><F90/><W52/><G26/><T11/><D11/><N who="1" m="2447" /><E38/><V116/><F116/><W108/><G58/><T95/><D95/><U60/><E60/><V102/><F102/><W37/><G62/><T75/><D94/><U55/><E55/><V78/><F21/><W89/><G37/><T56/><D56/><U53/><E53/><V105/><F18/><W47/><G19/><T44/><D44/><U17/><E126/><V77/><F105/><W127/><G47/><T129/><D129/><U80/><E117/><V113/><F113/><W20/><G127/><T131/><D131/><U104/><E104/><V100/><F100/><W23/><G52/><T96/><AGARI ba="1,0" hai="73,74,75,81,82,96,98,99" m="46667,50731" machi="96" ten="50,12000,1" yaku="28,2,20,1,34,2" doraHai="69" who="0" fromWho="0" sc="366,123,134,-41,250,-41,250,-41" /><INIT seed="0,2,0,3,5,4" ten="489,93,209,209" oya="0" hai0="47,70,95,100,90,111,56,84,116,128,13,36,51" hai1="83,99,109,127,52,3,133,30,59,60,18,44,89" hai2="7,61,34,12,15,0,2,43,82,38,26,57,87" hai3="46,11,5,53,54,96,122,134,6,40,118,50,91"/><T75/><D116/><U85/><E109/><V66/><F38/><W17/><G118/><T114/><D70/><U101/><E127/><V67/><F43/><W69/><G69/><T74/><D114/><U32/><E133/><V92/><F66/><W65/><G65/><T68/><D68/><U110/><E110/><V14/><F92/><N who="3" m="56351" /><G122/><T58/><D111/><U98/><E3/><V124/><F124/><W115/><G134/><T41/><D128/><U117/><E117/><V130/><F130/><W81/><G81/><T108/><D108/><U126/><E126/><V107/><F107/><W86/><G86/><T28/><D28/><U120/><E120/><V132/><F132/><W35/><G35/><T104/><D104/><U119/><E119/><V42/><F42/><W55/><G115/><T27/><D100/><U49/><E101/><V39/><F39/><W94/><G94/><T76/><D27/><U63/><E63/><V64/><F64/><W106/><G106/><T71/><D71/><U72/><E72/><V105/><F105/><W123/><G123/><T33/><D33/><U78/><E30/><N who="2" m="19799" /><F0/><W31/><G31/><T102/><D102/><U135/><E32/><V121/><F121/><W73/><G73/><N who="0" m="27659" /><D76/><U10/><E78/><N who="2" m="46551" /><F2/><W21/><G21/><T8/><D36/><U1/><E135/><V112/><F112/><W93/><G93/><T103/><D103/><U19/><E98/><V97/><F97/><W37/><G37/><T79/><D79/><U48/><E99/><V22/><F22/><W62/><G62/><T24/><D24/><U23/><E60/><RYUUKYOKU ba="2,0" sc="489,10,93,-30,209,10,209,10" hai0="8,13,41,47,51,56,58,84,90,95" hai2="7,12,14,15,57,61,67" hai3="5,6,11,17,40,46,50,53,54,55" /><INIT seed="0,3,0,3,5,122" ten="499,63,219,219" oya="0" hai0="111,4,17,123,125,47,117,30,134,64,25,78,56" hai1="108,119,7,43,103,51,21,48,65,6,53,31,116" hai2="87,98,83,109,94,80,112,28,92,99,69,49,106" hai3="54,46,126,1,95,113,97,10,3,76,23,127,67"/><T13/><D117/><U91/><E65/><V90/><F69/><W14/><G113/><T75/><D123/><U61/><E103/><N who="2" m="62847" /><F28/><W8/><G76/><T39/><D4/><U88/><E61/><V58/><F58/><W20/><G67/><T68/><D56/><U118/><E43/><V45/><F49/><W130/><G130/><T104/><D104/><U34/><E34/><V120/><F45/><W89/><G20/><T0/><D0/><U33/><E33/><V77/><F120/><W11/><G23/><T86/><D75/><U15/><E51/><V42/><F42/><W22/><G22/><T115/><D115/><U128/><E128/><V16/><F16/><W105/><G14/><T74/><D74/><U81/><E7/><V9/><F9/><W41/><G54/><T102/><D102/><U110/><E6/><V79/><F112/><W100/><G1/><T5/><D5/><U2/><E2/><V12/><F12/><W19/><G19/><T63/><D13/><U24/><E15/><V107/><F109/><N who="1" m="42089" /><E81/><N who="2" m="31307" /><F107/><W85/><G3/><T135/><D111/><U32/><E32/><V132/><F132/><N who="0" m="50730" /><D64/><U84/><E84/><V101/><AGARI ba="3,0" hai="77,79,87,90,92,94,98,101" m="31307,62847" machi="101" ten="30,8000,1" yaku="35,5" doraHai="122" who="2" fromWho="2" sc="499,-43,63,-23,219,89,219,-23" /><INIT seed="1,0,0,0,4,76" ten="456,40,308,196" oya="1" hai0="29,95,13,52,22,108,78,111,14,6,65,58,63" hai1="37,112,47,114,36,119,61,27,85,91,88,2,87" hai2="81,122,67,54,92,94,123,129,71,107,80,24,48" hai3="43,77,5,118,90,66,60,45,64,21,46,28,70"/><U115/><E119/><V132/><F107/><W15/><G118/><T113/><D113/><U75/><E75/><V34/><F71/><W79/><G66/><T40/><D40/><U25/><E2/><V106/><F106/><W96/><G45/><T82/><D95/><U1/><E1/><V50/><F67/><W120/><G120/><T51/><D6/><U101/><E47/><V42/><F42/><W133/><G133/><T7/><D7/><U74/><E74/><V127/><F132/><W83/><G28/><T16/><D29/><U72/><E72/><V55/><F129/><W126/><G126/><T121/><D121/><U93/><E61/><V3/><F3/><W99/><G90/><T38/><D38/><U124/><E124/><V131/><F24/><W105/><G79/><T41/><D41/><U116/><E116/><V62/><F62/><W97/><G105/><T17/><D17/><U39/><REACH who="1" step="1"/><E101/><REACH who="1" ten="456,30,308,196" step="2"/><V56/><F127/><W110/><G46/><T102/><D102/><U98/><E98/><V12/><F123/><W31/><G97/><T69/><D14/><U135/><E135/><V103/><F122/><W57/><G96/><T0/><D0/><U18/><E18/><V11/><F103/><W9/><G99/><T117/><D117/><U73/><E73/><V10/><F12/><W35/><G15/><T20/><D13/><U89/><E89/><V26/><F10/><W53/><G9/><T23/><D16/><U109/><E109/><V68/><F11/><W130/><G5/><T32/><D111/><U44/><E44/><V59/><F131/><RYUUKYOKU ba="0,1" sc="456,-10,30,30,308,-10,196,-10" hai1="25,27,36,37,39,85,87,88,91,93,112,114,115" /><INIT seed="1,1,1,5,1,88" ten="446,60,298,186" oya="1" hai0="95,108,106,67,83,129,113,114,15,117,10,64,98" hai1="80,69,22,100,77,97,13,111,65,70,87,26,38" hai2="37,79,8,29,104,121,75,130,16,31,39,7,72" hai3="61,132,126,81,119,123,27,68,23,135,54,5,122"/><U18/><E111/><V110/><F121/><W66/><G126/><T17/><D117/><U116/><E116/><V2/><F104/><W128/><G119/><T12/><D106/><U102/><E38/><V56/><F110/><W93/><G128/><T89/><D108/><U46/><E46/><V6/><F130/><W32/><G32/><T40/><D129/><U73/><E73/><V33/><F56/><W120/><G5/><T59/><D40/><U58/><E100/><V52/><F52/><W48/><G81/><T49/><D83/><U133/><E133/><N who="3" m="51274" /><G93/><T99/><D114/><U74/><E74/><V90/><F6/><W86/><G86/><T14/><D113/><U125/><E125/><V107/><F33/><W91/><G91/><T127/><D99/><U47/><E47/><V105/><F90/><W109/><G109/><T35/><D35/><U96/><E96/><V3/><F7/><W0/><G0/><T42/><D127/><U50/><E13/><N who="0" m="5225" /><D59/><U9/><E9/><V41/><F8/><W131/><G131/><T84/><D98/><U45/><E58/><V101/><F2/><W63/><G63/><T62/><D62/><U25/><E26/><V19/><F3/><W11/><G11/><T115/><D115/><U43/><REACH who="1" step="1"/><E65/><REACH who="1" ten="446,50,298,186" step="2"/><V71/><F37/><W21/><G27/><T82/><D67/><U118/><E118/><V76/><F39/><W44/><AGARI ba="1,2" hai="21,23,44,48,54,61,66,68,120,122,123" m="51274" machi="44" ten="40,1500,0" yaku="20,1" doraHai="88" who="3" fromWho="3" sc="446,-5,50,-8,298,-5,186,38" /><INIT seed="2,0,0,2,2,65" ten="441,42,293,224" oya="2" hai0="25,71,50,84,33,120,105,56,111,26,66,91,69" hai1="64,54,131,46,86,133,15,117,114,135,75,82,115" hai2="125,85,6,68,38,121,108,73,97,87,127,67,20" hai3="110,134,57,72,28,37,130,98,34,18,88,0,60"/><V49/><F38/><W122/><G122/><T22/><D120/><U2/><E2/><V109/><F121/><W123/><G123/><T4/><D105/><U58/><E75/><V126/><F73/><W92/><G37/><T104/><D104/><U32/><E32/><V61/><F6/><W9/><G110/><N who="2" m="42601" /><F97/><W35/><G72/><T51/><D4/><U113/><E15/><V89/><F20/><W119/><G119/><T80/><D111/><U99/><E99/><V23/><F23/><W77/><G77/><T59/><D33/><U74/><E74/><V52/><F89/><W94/><G0/><T90/><D22/><U100/><E100/><V55/><F55/><W129/><G34/><T19/><D84/><U63/><E117/><V1/><F1/><W40/><G35/><T116/><D116/><U93/><E86/><V96/><F96/><W112/><G88/><T14/><D91/><U42/><E82/><V7/><F7/><W45/><G98/><T10/><D80/><U103/><E103/><V79/><F79/><W53/><G53/><T29/><D90/><U81/><E81/><V3/><F3/><W106/><G92/><T30/><D10/><U78/><E93/><V102/><F102/><W128/><G94/><T12/><D19/><U8/><E78/><V43/><F43/><W47/><G106/><T118/><D118/><U16/><E54/><V124/><N who="2" m="31744" /><DORA hai="27" /><V21/><F21/><W13/><G40/><T101/><D101/><U48/><E131/><V5/><F5/><W95/><G128/><T132/><D14/><N who="1" m="7239" /><E42/><V62/><F62/><RYUUKYOKU ba="0,0" sc="441,-15,42,15,293,15,224,-15" hai1="46,48,58,63,64,113,114,115,133,135" hai2="49,52,61,67,68,85,87" /><INIT seed="2,1,0,0,5,12" ten="426,57,308,209" oya="2" hai0="130,30,71,96,72,117,60,47,125,68,51,26,10" hai1="97,121,75,11,1,103,80,52,38,126,69,43,98" hai2="86,50,101,119,131,23,59,134,102,105,8,118,7" hai3="35,107,127,22,55,120,92,128,114,19,123,45,106"/><V25/><F134/><W62/><G35/><T95/><D72/><U94/><E126/><V27/><F131/><W100/><G127/><T40/><D125/><U84/><E121/><V110/><F105/><W90/><G128/><T17/><D130/><U109/><E109/><V24/><F110/><W99/><G114/><T39/><D117/><U87/><E69/><V29/><F118/><W91/><G91/><T132/><D132/><U83/><E43/><V67/><F119/><W3/><G3/><T89/><D39/><U4/><E38/><V73/><F73/><W70/><G107/><T116/><D60/><U79/><E83/><V61/><F50/><W54/><G54/><T77/><D77/><U133/><E133/><V46/><F46/><W6/><G6/><T122/><D122/><U53/><E98/><V20/><F86/><W41/><G70/><T5/><D116/><U108/><E108/><V32/><F25/><W64/><G64/><T112/><D112/><U0/><E0/><V57/><F57/><W14/><G55/><T42/><D42/><U85/><E52/><V58/><F58/><W63/><G120/><T115/><D115/><U129/><E53/><V111/><F111/><W56/><G56/><T2/><D71/><U78/><E79/><V36/><F36/><W44/><G123/><T48/><D68/><U37/><E37/><V18/><F32/><W34/><G34/><N who="0" m="20823" /><D51/><U113/><E129/><V16/><F29/><W135/><G135/><T88/><D89/><U82/><E113/><V31/><F31/><W13/><G62/><T76/><D76/><RYUUKYOKU ba="1,0" sc="426,10,57,10,308,10,209,-30" hai0="2,5,10,17,40,47,48,88,95,96" hai1="1,4,11,75,78,80,82,84,85,87,94,97,103" hai2="7,8,16,18,20,23,24,27,59,61,67,101,102" /><INIT seed="2,2,0,3,1,78" ten="436,67,318,179" oya="2" hai0="83,89,117,82,114,13,64,39,84,130,19,120,79" hai1="128,7,134,4,18,58,74,135,34,68,63,88,101" hai2="93,91,36,66,50,12,38,131,24,8,10,87,81" hai3="112,70,95,22,25,20,85,110,1,61,133,54,75"/><V43/><F131/><W97/><G75/><T65/><D120/><U15/><E74/><V115/><F115/><W59/><G112/><T21/><D114/><U94/><E68/><V124/><F124/><W62/><G1/><T113/><D113/><U30/><E101/><V6/><F66/><W105/><G110/><T46/><D130/><U69/><E128/><V104/><F104/><W26/><G105/><T11/><D117/><U57/><E69/><V35/><F8/><W125/><G133/><T132/><D132/><N who="1" m="50731" /><E30/><V33/><F24/><N who="3" m="9323" /><G70/><T14/><D46/><U52/><E58/><V2/><F2/><W118/><G118/><T51/><D51/><N who="1" m="30879" /><E34/><V31/><F31/><W116/><G125/><T56/><D56/><U45/><E45/><N who="2" m="25919" /><F33/><W121/><G121/><T99/><D39/><U28/><E63/><V17/><F35/><W37/><G37/><T44/><D44/><U23/><E28/><V106/><F106/><W49/><G116/><T32/><D32/><U47/><E47/><V53/><F53/><W109/><G62/><T77/><D65/><U5/><E4/><V42/><F42/><W40/><G40/><T9/><D64/><U100/><E100/><V98/><F6/><W41/><G41/><T96/><D9/><U111/><E111/><V129/><F129/><W80/><G109/><T90/><D11/><U92/><E92/><V72/><F72/><W71/><G71/><T60/><D60/><U48/><E48/><V103/><F36/><W27/><G61/><T73/><D14/><U86/><AGARI ba="2,0" hai="5,7,15,18,23,86,88,94" m="30879,50731" machi="86" ten="30,7900,0" yaku="25,1,20,1,54,2" doraHai="78" who="1" fromWho="1" sc="436,-22,67,85,318,-41,179,-22" /><INIT seed="3,0,0,0,5,16" ten="414,152,277,157" oya="3" hai0="23,54,80,89,19,68,75,66,9,34,132,60,25" hai1="43,91,40,3,18,119,78,49,71,115,70,121,95" hai2="20,64,26,59,101,33,85,100,8,14,125,12,55" hai3="28,110,53,2,35,58,38,123,113,105,86,67,52"/><W82/><G113/><T84/><D132/><U124/><E121/><V45/><F33/><W1/><G123/><T47/><D75/><U120/><E115/><V97/><F125/><W46/><G105/><T79/><D34/><U4/><E120/><V131/><F131/><W32/><G67/><T6/><D54/><U13/><E124/><V129/><F129/><W102/><G102/><T103/><D47/><U133/><E133/><V27/><F27/><W63/><G110/><T130/><D103/><U0/><E78/><V37/><F64/><W15/><G35/><T11/><D130/><U83/><E83/><V117/><F14/><W98/><G98/><T88/><D11/><U109/><E109/><V126/><F117/><W92/><G92/><T17/><D17/><U74/><E74/><V57/><F85/><W51/><G38/><T7/><D7/><U56/><E119/><V111/><F101/><W96/><G96/><T90/><D90/><U24/><E24/><V30/><F111/><W135/><G135/><T108/><D108/><U61/><E4/><N who="2" m="3079" /><F37/><W94/><G15/><AGARI ba="0,0" hai="6,9,15,19,23,25,60,66,68,79,80,84,88,89" machi="15" ten="30,3900,0" yaku="7,1,52,1,54,1" doraHai="16" who="0" fromWho="3" sc="414,39,152,0,277,0,157,-39" owari="453,55.3,152,-24.8,277,7.7,118,-38.2" /></mjloggm>