<mjloggm ver="2.3"><GO type="225" lobby="0"/><UN n0="%E9%B7%B9%E5%80%89%E6%9D%8F%E9%88%B4" n1="%E3%83%94%E3%82%AB%E3%83%81%E3%83%A5%E3%82%A6%E3%81%8F%E3%82%93" n2="%E5%8C%97%E6%AC%A7%E3%81%AE%E3%82%82%E3%81%93%E3%81%86" n3="%E9%B3%B3%E6%9D%B1%E3%81%AE%E3%81%BF%E3%81%91%E3%81%AB%E3%82%83%E3%82%93" dan="16,16,16,16" rate="2136.90,2092.38,2101.53,2117.73" sx="F,F,M,F"/><TAIKYOKU oya="0"/><INIT seed="0,0,0,2,1,41" ten="250,250,250,250" oya="0" hai0="3,54,27,4,101,29,81,93,32,120,22,106,133" hai1="116,36,79,82,35,118,43,100,102,10,62,24,121" hai2="111,134,58,57,66,130,88,112,53,113,105,47,61" hai3="131,128,86,48,46,124,115,1,2,9,126,114,0"/><T55/><D120/><U13/><E121/><V11/><F105/><W40/><G9/><T18/><D106/><U51/><E36/><V73/><F73/><W15/><G15/><T60/><D133/><U110/><E110/><V76/><F76/><W45/><G86/><T6/><D81/><U28/><E62/><V67/><F134/><W5/><G5/><T97/><D60/><U37/><E37/><V87/><F111/><W103/><G103/><T85/><D85/><N who="1" m="48351" /><E118/><V80/><F130/><N who="3" m="49707" /><G46/><T108/><D108/><U38/><E38/><V91/><F113/><AGARI ba="0,0" hai="0,1,2,40,45,48,113,114,115,124,126" m="49707" machi="113" ten="40,2600,0" yaku="19,1,52,1" doraHai="41" who="3" fromWho="2" sc="250,0,250,0,250,-26,250,26" /><INIT seed="1,0,0,1,0,37" ten="250,250,224,276" oya="1" hai0="5,40,36,97,55,96,69,70,51,12,56,32,54" hai1="27,82,50,46,95,65,124,80,60,38,28,47,115" hai2="6,133,25,84,73,1,75,33,53,2,42,119,26" hai3="29,116,103,34,125,68,101,106,22,41,45,94,19"/><U99/><E124/><V23/><F119/><W39/><G68/><T98/><D32/><U20/><E115/><V7/><F133/><W76/><G106/><T107/><D107/><U131/><E38/><V134/><F134/><W81/><G125/><T4/><D55/><U74/><E131/><V14/><F53/><W110/><G110/><T0/><D0/><N who="2" m="106" /><F84/><W57/><G116/><T72/><D72/><U58/><E74/><V79/><F79/><W127/><G127/><T17/><D70/><U102/><E47/><V121/><F121/><W83/><G57/><T128/><D128/><U85/><E85/><V52/><F52/><AGARI ba="0,0" hai="20,27,28,46,50,52,58,60,65,80,82,95,99,102" machi="52" ten="30,12000,1" yaku="7,1,25,2,8,1,54,1" doraHai="37" who="1" fromWho="2" sc="250,0,250,120,224,-120,276,0" /><INIT seed="1,1,0,3,1,66" ten="250,370,104,276" oya="1" hai0="36,48,111,64,124,102,47,30,116,51,59,18,119" hai1="78,100,99,17,1,84,110,68,45,33,2,88,96" hai2="85,134,44,54,21,120,91,89,112,8,67,35,25" hai3="52,76,80,69,39,49,58,42,4,105,20,115,11"/><U38/><E33/><V27/><F134/><W75/><G115/><T92/><D30/><U104/><E68/><V19/><F120/><W107/><G20/><T117/><D102/><U82/><E110/><V22/><F112/><W114/><G114/><T34/><D34/><U53/><E17/><V125/><F125/><W70/><G105/><T14/><D92/><U81/><E53/><V63/><F35/><W103/><G103/><T130/><D14/><U24/><E24/><V132/><F8/><W109/><G107/><T29/><D18/><U5/><E5/><V122/><F132/><W62/><G109/><T94/><D29/><U73/><REACH who="1" step="1"/><E99/><REACH who="1" ten="250,360,104,276" step="2"/><V77/><F122/><W93/><G4/><T61/><D111/><U83/><E83/><N who="2" m="47343" /><F25/><W97/><G11/><T16/><D16/><U118/><E118/><V26/><F26/><W129/><G129/><T127/><D130/><U23/><E23/><V87/><F21/><W126/><G126/><N who="0" m="48171" /><D94/><U57/><E57/><N who="2" m="37359" /><F87/><W131/><G131/><T113/><D113/><U79/><E79/><V46/><F54/><W6/><G6/><T13/><D13/><U133/><E133/><V28/><F19/><W40/><G93/><T86/><D86/><U37/><E37/><V98/><F98/><W50/><G97/><T43/><AGARI ba="1,1" hai="36,43,47,48,51,59,61,64,116,117,119" m="48171" machi="43" ten="40,5200,0" yaku="18,1,34,2" doraHai="66" who="0" fromWho="0" sc="250,65,360,-27,104,-14,276,-14" /><INIT seed="2,0,0,1,3,123" ten="315,333,90,262" oya="2" hai0="11,49,92,20,80,1,21,4,84,114,89,124,54" hai1="64,63,16,125,13,103,116,36,101,14,30,15,35" hai2="43,96,78,17,121,65,86,82,71,10,42,83,127" hai3="51,75,129,32,111,106,59,33,2,28,108,37,95"/><V62/><F127/><W66/><G106/><T122/><D122/><U115/><E115/><V126/><F126/><W98/><G129/><T74/><D124/><U110/><E116/><V77/><F121/><W135/><G135/><T93/><D114/><U39/><E125/><V52/><F96/><W67/><G37/><T134/><D134/><U57/><E110/><N who="3" m="42026" /><G2/><T79/><REACH who="0" step="1"/><D93/><REACH who="0" ten="305,333,90,262" step="2"/><U6/><E39/><V73/><REACH who="2" step="1"/><F52/><REACH who="2" ten="305,333,80,262" step="2"/><N who="3" m="32159" /><G75/><T18/><D18/><U69/><E16/><V112/><F112/><W117/><G117/><T12/><D12/><AGARI ba="0,2" hai="10,12,17,42,43,62,65,71,73,77,78,82,83,86" machi="12" ten="40,3900,0" yaku="1,1,53,1" doraHai="123" doraHaiUra="104" who="2" fromWho="0" sc="305,-39,333,0,80,59,262,0" /><INIT seed="2,1,0,2,0,23" ten="266,333,139,262" oya="2" hai0="130,109,8,39,42,98,56,49,132,60,96,59,95" hai1="65,112,12,74,0,44,48,13,58,135,106,29,123" hai2="121,76,129,69,27,6,110,46,7,18,63,11,119" hai3="55,52,94,99,28,62,115,92,50,26,127,34,21"/><V131/><F119/><W35/><G127/><T108/><D130/><N who="2" m="49674" /><F121/><W126/><G126/><T88/><D132/><U17/><E0/><V57/><F69/><W101/><G115/><T116/><D116/><U45/><E74/><V15/><F110/><N who="0" m="42602" /><D39/><U97/><E106/><V77/><F46/><W89/><G62/><T36/><D36/><U30/><E45/><V53/><F27/><W104/><G104/><T125/><D125/><U107/><E44/><V1/><F6/><W102/><G55/><N who="0" m="31855" /><D8/><AGARI ba="1,0" hai="1,7,8,11,15,18,53,57,63,76,77" m="49674" machi="8" ten="30,1500,0" yaku="19,1" doraHai="23" who="2" fromWho="0" sc="266,-18,333,0,139,18,262,0" /><INIT seed="2,2,0,1,4,56" ten="248,333,157,262" oya="2" hai0="94,114,32,16,24,23,126,58,52,1,87,82,21" hai1="25,117,4,40,18,121,63,112,105,64,19,108,71" hai2="49,84,102,0,92,80,128,93,26,132,103,3,9" hai3="90,59,61,97,134,6,17,65,22,14,135,30,110"/><V36/><F36/><W79/><G110/><T70/><D114/><U62/><E105/><V111/><F111/><W2/><G79/><T28/><D70/><U54/><E112/><V130/><F26/><W107/><G30/><T8/><D126/><U72/><E117/><V39/><F39/><W100/><REACH who="3" step="1"/><G90/><REACH who="3" ten="248,333,157,252" step="2"/><T77/><D94/><N who="2" m="36458" /><F132/><W85/><G85/><T11/><D1/><U47/><E108/><V74/><F0/><W20/><G20/><T116/><D116/><U35/><E72/><V113/><F74/><W95/><G95/><T124/><D124/><U119/><E119/><V41/><F113/><W118/><G118/><T48/><D32/><U7/><E35/><V106/><F3/><W33/><G33/><T75/><D75/><U81/><E81/><V133/><F133/><W122/><G122/><T51/><D48/><U115/><E121/><V31/><F106/><W27/><G27/><AGARI ba="2,1" hai="8,11,16,21,23,24,27,28,51,52,58,77,82,87" machi="27" ten="30,7700,0" yaku="7,1,8,1,54,2" doraHai="56" who="0" fromWho="3" sc="248,93,333,0,157,0,252,-83" /><INIT seed="3,0,0,2,3,37" ten="341,333,157,169" oya="3" hai0="54,104,4,13,129,118,62,84,59,79,31,123,14" hai1="73,93,109,82,7,65,120,10,21,117,112,15,49" hai2="87,3,126,111,78,135,134,94,56,105,98,74,102" hai3="50,38,103,53,80,86,8,101,107,95,34,30,91"/><W16/><G38/><T24/><D118/><U41/><E112/><V52/><F111/><W18/><G107/><T43/><D123/><U22/><E120/><V83/><F3/><W115/><G115/><T46/><D104/><U1/><E109/><V131/><F131/><W75/><G34/><T33/><D129/><U55/><E117/><V5/><F5/><W127/><G30/><T47/><D4/><U71/><E93/><V11/><F11/><W42/><G127/><T97/><D97/><U99/><E99/><V130/><F126/><W2/><G2/><T40/><D79/><N who="1" m="44399" /><E55/><V69/><F69/><W32/><G32/><T110/><D84/><U96/><E96/><V124/><F124/><W12/><G18/><T88/><D88/><U119/><E15/><V48/><F130/><W61/><G75/><T89/><D89/><AGARI ba="0,0" hai="48,52,56,74,78,83,87,89,94,98,102,105,134,135" machi="89" ten="40,5200,0" yaku="24,2,54,1" doraHai="37" who="2" fromWho="0" sc="341,-52,333,0,157,52,169,0" owari="289,8.9,333,43.3,209,-19.1,169,-33.1" /></mjloggm>