<mjloggm ver="2.3"><GO type="225" lobby="0"/><UN n0="%E3%83%A9%E3%82%B9%E7%8E%87%EF%BC%93%E5%89%B2" n1="%E3%81%BD%E3%81%A1%E3%81%9F%E3%81%93%E3%82%84" n2="%4D%2E%61%72%74%65%74%61" n3="%E3%83%A9%E3%83%BC%E3%83%A1%E3%83%B3%E4%BA%94%E9%83%8E" dan="17,16,16,16" rate="2213.83,2182.59,2161.55,2133.95" sx="F,M,M,M"/><TAIKYOKU oya="0"/><INIT seed="0,0,0,2,4,26" ten="250,250,250,250" oya="0" hai0="36,45,100,8,133,50,31,110,27,81,102,18,17" hai1="63,20,70,120,19,54,55,116,131,98,61,135,64" hai2="48,4,66,132,1,60,125,7,23,129,16,95,38" hai3="72,51,123,30,0,49,99,112,46,32,97,84,87"/><T127/><D36/><U53/><E116/><V88/><F38/><W111/><G112/><T93/><D133/><U74/><E120/><V67/><F132/><W62/><G72/><T58/><D127/><U59/><E135/><V105/><F105/><W37/><G37/><T6/><D58/><U118/><E74/><V39/><F39/><W12/><G0/><T121/><D81/><U10/><E131/><V29/><F129/><W73/><G73/><T114/><D114/><U35/><E35/><V89/><F125/><W3/><G3/><T86/><D110/><U90/><E10/><V43/><F89/><W122/><G111/><T117/><D121/><N who="3" m="46089" /><G12/><T2/><D117/><U94/><REACH who="1" step="1"/><E118/><REACH who="1" ten="250,240,250,250" step="2"/><V101/><F1/><W13/><G32/><T40/><D102/><U126/><E126/><V113/><F101/><W65/><G99/><T115/><D115/><U68/><E68/><V130/><F113/><W108/><G97/><T24/><D100/><U80/><E80/><V5/><F130/><W109/><G109/><T92/><D86/><U124/><E124/><V28/><F67/><W71/><G108/><T69/><D2/><U47/><E47/><N who="2" m="25727" /><F66/><W57/><G71/><T44/><D69/><U34/><E34/><V41/><F41/><W96/><G65/><T104/><D40/><U42/><E42/><V82/><F82/><W91/><G96/><T77/><D45/><U33/><E33/><V14/><F60/><W15/><G62/><T78/><D44/><U128/><E128/><V107/><F107/><W83/><G46/><T134/><D104/><U103/><E103/><RYUUKYOKU ba="0,1" sc="250,-15,240,15,250,15,250,-15" hai1="19,20,53,54,55,59,61,63,64,70,90,94,98" hai2="4,5,7,14,16,23,28,29,88,95" /><INIT seed="1,1,1,4,2,101" ten="235,255,265,235" oya="1" hai0="19,0,102,67,83,96,88,105,73,70,94,1,26" hai1="114,24,110,134,29,11,135,13,92,48,97,9,72" hai2="25,85,116,62,56,68,28,43,124,42,128,12,74" hai3="6,55,122,106,123,37,111,27,118,117,66,89,21"/><U82/><E114/><V86/><F74/><W45/><G111/><T100/><D100/><U41/><E110/><V78/><F116/><N who="3" m="44651" /><G66/><T38/><D38/><U71/><E71/><V31/><F128/><W44/><G6/><T113/><D113/><U57/><E72/><V65/><F124/><W17/><G106/><T40/><D40/><N who="2" m="15402" /><F68/><W20/><G37/><T50/><D50/><U33/><E82/><N who="2" m="47319" /><F25/><N who="3" m="14479" /><G89/><T18/><D67/><U22/><E33/><V108/><F108/><W87/><G87/><N who="0" m="52511" /><D70/><U54/><E41/><V90/><F12/><W133/><G133/><N who="1" m="50698" /><E13/><V2/><F2/><N who="0" m="1130" /><D26/><U69/><E69/><V103/><F103/><AGARI ba="1,1" hai="9,11,22,24,29,48,54,57,92,97,103" m="50698" machi="103" ten="30,1500,0" yaku="20,1" doraHai="101" who="1" fromWho="2" sc="235,0,255,28,265,-18,235,0" /><INIT seed="1,2,0,4,3,2" ten="235,283,247,235" oya="1" hai0="127,94,71,118,20,37,55,75,30,86,56,134,59" hai1="44,109,126,41,67,9,14,89,98,69,95,5,132" hai2="91,31,23,64,129,83,114,51,12,48,125,28,8" hai3="7,4,27,61,90,123,13,25,11,120,54,32,66"/><U42/><E132/><V3/><F129/><W18/><G54/><T72/><D71/><U73/><E126/><V93/><F125/><W124/><G124/><T104/><D104/><U133/><E133/><V17/><F114/><W58/><G90/><T119/><D37/><U19/><E73/><V82/><F64/><W87/><G87/><T15/><D134/><U108/><E5/><N who="3" m="2122" /><G32/><T22/><D127/><U128/><E128/><V34/><F34/><W45/><G123/><T43/><D55/><U92/><E42/><V113/><F113/><W40/><G120/><T103/><D43/><U26/><E67/><V78/><F78/><W100/><G100/><T84/><D103/><U88/><E41/><V96/><F3/><W33/><G33/><T74/><D74/><U29/><E89/><V121/><F121/><W21/><G11/><T62/><D75/><U122/><E9/><V116/><F116/><W80/><G80/><N who="2" m="30761" /><F8/><W52/><G40/><T68/><D72/><U76/><E76/><V24/><F12/><W107/><G107/><T115/><D15/><U70/><E14/><V38/><F38/><W79/><G79/><T85/><D115/><U105/><E105/><V60/><F60/><W106/><G106/><T110/><D119/><U16/><E122/><V49/><AGARI ba="2,0" hai="17,23,24,28,31,48,49,51,91,93,96" m="30761" machi="49" ten="30,1100,0" yaku="8,1" doraHai="2" who="2" fromWho="2" sc="235,-5,283,-7,247,17,235,-5" /><INIT seed="2,0,0,1,0,131" ten="230,276,264,230" oya="2" hai0="107,54,62,108,8,14,40,67,132,97,4,58,101" hai1="57,30,116,23,79,11,109,96,120,51,125,55,100" hai2="123,106,10,72,70,104,83,24,63,98,126,49,117" hai3="68,127,64,53,66,82,94,105,34,89,37,48,50"/><V33/><F117/><W133/><G34/><T81/><D108/><U47/><E116/><V115/><F115/><W13/><G105/><T135/><D40/><U88/><E109/><V5/><F123/><W15/><G37/><T95/><D81/><U1/><E79/><N who="2" m="44519" /><F49/><W43/><G127/><T73/><D73/><U29/><E125/><V2/><F98/><W110/><G110/><T21/><D107/><U7/><E120/><V80/><F80/><W12/><G68/><T128/><D128/><U92/><E23/><V85/><F85/><W26/><G82/><T41/><D41/><U6/><E7/><V42/><F42/><W74/><G74/><T38/><D38/><U3/><E3/><V84/><F84/><W78/><G78/><T102/><D102/><U25/><E25/><V36/><F36/><W60/><G26/><T46/><D21/><U103/><E103/><V87/><F87/><N who="3" m="52543" /><G43/><T35/><REACH who="0" step="1"/><D35/><REACH who="0" ten="220,276,264,230" step="2"/><U22/><E22/><V75/><F75/><W77/><G77/><T130/><D130/><U19/><E100/><V113/><F126/><W31/><G66/><T9/><D9/><U59/><E11/><V121/><F121/><W65/><G65/><T124/><D124/><U129/><E129/><V61/><F106/><W99/><G64/><T16/><D16/><U119/><E19/><V39/><F104/><W20/><G20/><T76/><D76/><U44/><E119/><V27/><F33/><W134/><G53/><T91/><D91/><U71/><E88/><V118/><F118/><W45/><G31/><N who="1" m="11786" /><E55/><V17/><F17/><W122/><G122/><RYUUKYOKU ba="0,1" sc="220,30,276,-10,264,-10,230,-10" hai0="4,8,14,46,54,58,62,67,95,97,101,132,135" /><INIT seed="3,1,1,2,1,92" ten="250,266,254,220" oya="3" hai0="105,91,35,34,61,122,44,66,49,98,129,93,116" hai1="7,39,15,36,107,80,18,33,25,2,24,120,50" hai2="55,88,103,17,87,74,4,72,112,132,9,106,58" hai3="32,90,95,86,16,78,110,27,77,48,13,118,128"/><W104/><G118/><T65/><D116/><U101/><E120/><V11/><F112/><W47/><G104/><T130/><D122/><U62/><E50/><V133/><F17/><W41/><G128/><N who="0" m="49259" /><D105/><U46/><E24/><V14/><F9/><W96/><G110/><T124/><D124/><U113/><E46/><V126/><F126/><W45/><G45/><T94/><D94/><U69/><E80/><N who="2" m="49255" /><F103/><W82/><G27/><T12/><D12/><U109/><E15/><V76/><F76/><N who="3" m="46407" /><G32/><N who="0" m="12331" /><D61/><U21/><E33/><V60/><F106/><W108/><G108/><T117/><D117/><U97/><E113/><V6/><F6/><W84/><G84/><T40/><AGARI ba="1,1" hai="40,44,49,65,66,91,93,98" m="12331,49259" machi="40" ten="30,2000,0" yaku="19,1,52,1" doraHai="92" who="0" fromWho="0" sc="250,33,266,-6,254,-6,220,-11" /><INIT seed="4,0,0,5,5,25" ten="283,260,248,209" oya="0" hai0="28,94,77,135,129,2,133,79,51,110,69,104,57" hai1="89,18,27,73,60,33,87,99,29,30,7,124,59" hai2="39,43,61,106,86,58,76,23,96,114,112,126,122" hai3="55,16,8,84,115,14,40,78,121,91,20,66,128"/><T109/><D104/><U9/><E73/><V95/><F122/><W48/><G128/><T101/><D69/><U6/><E124/><V118/><F126/><W117/><G117/><T1/><D28/><N who="1" m="10859" /><E99/><V11/><F118/><W34/><G34/><T107/><D107/><U54/><E33/><V113/><F23/><W100/><G121/><T134/><D129/><U17/><E27/><V24/><F24/><W105/><G105/><T88/><D101/><U22/><E22/><V67/><F106/><W130/><G130/><T125/><D125/><U41/><E41/><V52/><F11/><W116/><G116/><T31/><D31/><U65/><E65/><V98/><F43/><W45/><G115/><T83/><D57/><U119/><E119/><V42/><F42/><W131/><G131/><T26/><D26/><U56/><E59/><N who="2" m="35047" /><F39/><W49/><G100/><T38/><D38/><U47/><E47/><V70/><F70/><W92/><G66/><T12/><D133/><U127/><E127/><V53/><F67/><W102/><G102/><T3/><D135/><U37/><E37/><V44/><F44/><N who="3" m="28039" /><G78/><T123/><D134/><U15/><E6/><V10/><F113/><W13/><G8/><T64/><D123/><U97/><E97/><V4/><F10/><W21/><G21/><T74/><D64/><U82/><AGARI ba="0,0" hai="7,9,15,17,18,54,56,60,82,87,89" m="10859" machi="82" ten="30,7900,0" yaku="8,1,52,3" doraHai="25" who="1" fromWho="1" sc="283,-39,260,79,248,-20,209,-20" owari="244,4.4,339,43.9,228,-17.2,189,-31.1" /></mjloggm>