<mjloggm ver="2.3"><GO type="225" lobby="0"/><UN n0="%33%74%72%65%65" n1="%E3%81%8B%E3%82%8F%E3%81%A1%E3%82%83%E3%82%93%35%38" n2="%E6%97%A5%E6%9B%9C%E6%97%A5%E3%82%88%E3%82%8A%E3%81%AE%E4%BD%BF%E8%80%85" n3="%E3%82%B3%E3%83%90%E3%83%AC%E3%82%A4" dan="17,16,17,16" rate="2112.17,2152.75,2221.03,2146.05" sx="F,M,M,M"/><TAIKYOKU oya="0"/><INIT seed="0,0,0,1,1,10" ten="250,250,250,250" oya="0" hai0="34,126,84,8,37,109,41,85,134,82,27,64,15" hai1="30,108,17,9,118,99,75,128,3,80,2,31,111" hai2="48,49,12,45,79,103,50,97,120,119,93,4,133" hai3="33,73,106,52,117,115,61,54,129,68,71,35,107"/><T110/><D134/><U130/><E99/><V29/><F120/><W114/><G73/><T112/><D112/><U72/><E80/><V98/><F133/><W59/><G61/><T94/><D126/><U11/><REACH who="1" step="1"/><E17/><REACH who="1" ten="250,240,250,250" step="2"/><V16/><F119/><AGARI ba="0,1" hai="2,3,9,11,30,31,72,75,108,111,118,119,128,130" machi="119" ten="25,12000,2" yaku="1,1,2,1,22,2,53,2" doraHai="10" doraHaiUra="121" who="1" fromWho="2" sc="250,0,240,130,250,-120,250,0" /><INIT seed="1,0,0,4,0,86" ten="250,370,130,250" oya="1" hai0="64,13,16,104,10,26,126,67,55,50,99,11,58" hai1="72,115,12,37,61,9,91,35,132,69,113,20,59" hai2="6,3,68,43,42,49,17,95,47,135,108,128,122" hai3="31,85,23,22,123,117,105,19,18,21,77,27,54"/><U110/><E35/><V125/><F122/><W120/><G105/><T101/><D126/><U112/><E72/><V131/><F68/><W80/><G117/><T57/><D26/><U92/><E37/><V124/><F3/><W44/><G123/><T32/><D32/><U39/><E39/><V82/><F6/><W51/><G120/><T79/><D79/><U73/><E73/><V78/><F108/><W36/><G36/><T102/><D102/><U34/><E34/><V107/><F107/><W8/><G8/><T111/><D111/><U89/><E69/><V74/><F43/><W65/><G65/><T114/><D114/><U70/><E70/><V133/><F95/><W63/><G63/><T88/><D58/><U53/><E110/><V56/><F17/><AGARI ba="0,0" hai="17,18,19,21,22,23,27,31,44,51,54,77,80,85" machi="17" ten="40,1300,0" yaku="8,1" doraHai="86" who="3" fromWho="2" sc="250,0,370,0,130,-13,250,13" /><INIT seed="2,0,0,5,2,121" ten="250,370,117,263" oya="2" hai0="63,62,46,101,2,128,99,22,127,106,52,94,78" hai1="41,49,120,33,118,98,20,14,36,26,116,110,0" hai2="5,11,64,65,61,51,124,130,48,39,108,34,44" hai3="29,31,70,122,37,111,27,60,28,73,88,4,81"/><V40/><F34/><W83/><G37/><T68/><D127/><U25/><E49/><V9/><F124/><W114/><G122/><T90/><D128/><U45/><E120/><V134/><F130/><W15/><G114/><T47/><D2/><U76/><E14/><V103/><F134/><W104/><G104/><T117/><D117/><U105/><E25/><V19/><F103/><W135/><G135/><T42/><D78/><U91/><E91/><V102/><F102/><W50/><G73/><T35/><D35/><U129/><E20/><V79/><F79/><W58/><G70/><T1/><D1/><U112/><E0/><V17/><F108/><W96/><G58/><T72/><D72/><U119/><E129/><V115/><F115/><W71/><G50/><T87/><D68/><U54/><E112/><V113/><F113/><W18/><G4/><T133/><D133/><U126/><E126/><V38/><F61/><W13/><G60/><T125/><D125/><U30/><E54/><V55/><F40/><W109/><G71/><T6/><D6/><U89/><E89/><V7/><REACH who="2" step="1"/><F55/><REACH who="2" ten="250,370,107,263" step="2"/><W86/><G111/><T100/><D100/><N who="1" m="62615" /><E76/><V84/><F84/><W32/><G109/><AGARI ba="0,1" hai="26,30,33,36,41,45,109,110,116,118,119" m="62615" machi="109" ten="40,5200,0" yaku="23,1,52,2" doraHai="121" who="1" fromWho="3" sc="250,0,370,62,107,0,263,-52" /><INIT seed="3,0,0,3,1,15" ten="250,432,107,211" oya="3" hai0="83,10,74,112,16,59,24,51,78,37,12,126,97" hai1="14,123,110,108,84,6,28,2,4,120,31,69,106" hai2="107,25,80,127,3,87,40,104,33,66,111,46,57" hai3="134,98,89,75,105,91,118,21,72,135,73,85,82"/><W114/><G21/><T129/><D129/><U5/><E106/><V20/><F3/><W35/><G35/><T115/><D37/><U121/><E69/><V34/><F107/><W70/><G70/><T30/><D97/><U7/><E2/><V43/><F104/><W92/><G118/><T0/><D0/><U19/><E5/><V94/><F111/><N who="1" m="42537" /><E84/><V117/><F117/><W119/><G119/><T79/><D79/><U61/><E61/><V68/><F68/><W124/><G114/><N who="0" m="43563" /><D126/><U109/><E109/><V93/><F127/><W63/><G63/><T132/><D132/><U62/><E62/><V86/><F33/><W44/><G44/><T116/><D116/><U41/><E41/><V22/><F34/><W100/><G124/><T128/><D128/><U8/><AGARI ba="0,0" hai="4,6,7,8,14,19,28,31,120,121,123" m="42537" machi="8" ten="40,8000,1" yaku="14,1,34,2,52,1" doraHai="15" who="1" fromWho="1" sc="250,-20,432,80,107,-20,211,-40" owari="230,3.0,512,61.2,87,-41.3,171,-22.9" /></mjloggm>