<mjloggm ver="2.3"><GO type="225" lobby="0"/><UN n0="%E4%BF%BA%E3%81%A8%E5%A6%96%E5%A4%A2" n1="%E6%97%A5%E6%9B%9C%E6%97%A5%E3%82%88%E3%82%8A%E3%81%AE%E4%BD%BF%E8%80%85" n2="%41%6F%54" n3="%E5%A4%96%E5%B7%9D%E7%AB%9C%E6%88%90" dan="16,16,16,16" rate="2204.28,2151.78,2071.42,2095.17" sx="F,M,M,M"/><TAIKYOKU oya="0"/><INIT seed="0,0,0,3,0,99" ten="250,250,250,250" oya="0" hai0="44,121,35,131,33,29,43,24,100,47,79,113,71" hai1="32,22,36,89,112,12,5,63,127,53,92,95,73" hai2="38,97,66,31,54,103,85,60,80,93,78,107,74" hai3="65,70,135,61,26,21,91,81,101,46,134,23,111"/><T67/><D113/><U83/><E32/><V20/><F38/><W9/><G111/><T62/><D121/><U14/><E36/><V77/><F54/><W84/><G46/><T126/><D126/><U55/><E127/><V96/><F77/><W68/><G68/><T109/><D109/><U123/><E123/><V16/><F31/><W115/><G115/><T28/><D131/><U124/><E124/><V118/><F118/><W86/><G9/><T76/><D47/><U7/><E112/><V52/><F52/><N who="1" m="20041" /><E73/><V50/><F50/><W0/><G0/><T56/><D56/><U114/><E114/><V8/><F8/><W59/><G59/><T120/><D120/><U110/><E63/><V75/><F60/><W19/><G23/><T117/><D117/><U6/><E110/><V58/><F66/><W119/><G119/><T41/><D41/><U88/><E83/><V94/><F58/><W30/><G30/><T48/><REACH who="0" step="1"/><D100/><REACH who="0" ten="240,250,250,250" step="2"/><U42/><E42/><V1/><F1/><W82/><REACH who="3" step="1"/><G101/><REACH who="3" ten="240,250,250,240" step="2"/><T4/><D4/><U34/><E5/><V90/><REACH who="2" step="1"/><F107/><REACH who="2" ten="240,250,240,240" step="2"/><W125/><G125/><T45/><D45/><U17/><E6/><V69/><F69/><W49/><G49/><T2/><D2/><U87/><E7/><V133/><F133/><W122/><G122/><T116/><D116/><U108/><E108/><V105/><F105/><W15/><G15/><AGARI ba="0,3" hai="15,16,20,74,75,78,80,85,90,93,94,96,97,103" machi="15" ten="30,7700,0" yaku="1,1,7,1,52,1,54,1,53,0" doraHai="99" doraHaiUra="51" who="2" fromWho="3" sc="240,0,250,0,240,107,240,-77" /><INIT seed="1,0,0,4,2,1" ten="240,250,347,163" oya="1" hai0="66,89,79,63,6,118,48,65,64,45,32,115,21" hai1="133,26,119,68,12,44,40,2,97,76,126,7,86" hai2="54,3,80,50,52,62,129,116,72,36,57,41,67" hai3="10,73,23,22,37,77,96,8,60,125,102,34,11"/><U124/><E119/><V135/><F3/><W49/><G37/><T130/><D118/><U93/><E68/><V29/><F116/><W14/><G34/><T39/><D32/><U112/><E2/><V105/><F105/><W53/><G125/><N who="1" m="48234" /><E26/><V42/><F29/><W70/><G73/><T111/><D115/><U78/><E86/><V117/><F117/><W85/><G70/><T61/><D39/><N who="1" m="21535" /><E133/><V82/><F72/><W30/><G60/><T43/><D63/><U20/><E112/><V108/><F135/><W91/><G14/><T19/><D61/><U31/><E31/><V18/><F62/><W55/><G30/><T120/><D66/><U99/><E99/><V134/><F67/><W83/><G77/><T9/><D79/><U25/><E25/><V75/><F75/><W47/><REACH who="3" step="1"/><G55/><REACH who="3" ten="240,250,347,153" step="2"/><T87/><D65/><U33/><E33/><V131/><F52/><W107/><AGARI ba="0,1" hai="8,10,11,22,23,47,49,53,83,85,91,96,102,107" machi="107" ten="30,4000,0" yaku="1,1,2,1,0,1,53,0" doraHai="1" doraHaiUra="15" who="3" fromWho="3" sc="240,-10,250,-20,347,-10,153,50" /><INIT seed="2,0,0,2,5,102" ten="230,230,337,203" oya="2" hai0="26,114,130,66,35,86,105,93,74,117,8,57,40" hai1="110,34,91,99,69,1,42,14,125,19,22,75,48" hai2="96,116,52,131,37,0,89,94,113,132,9,33,112" hai3="101,60,134,95,85,87,61,45,70,30,119,29,59"/><V21/><F116/><W54/><G119/><T83/><D117/><U27/><E75/><V103/><F33/><W133/><G45/><T109/><D114/><U43/><E69/><V10/><F37/><W49/><G101/><T65/><D109/><U97/><E1/><V23/><F131/><W63/><G70/><T67/><D130/><U73/><E73/><V25/><F132/><W123/><G123/><T7/><D74/><U41/><E110/><V24/><F103/><W121/><G121/><T64/><D93/><U104/><E125/><V71/><F71/><W82/><G95/><T84/><D40/><U68/><E68/><V106/><F106/><W72/><G72/><T58/><D84/><U118/><E118/><V11/><F0/><W78/><REACH who="3" step="1"/><G85/><REACH who="3" ten="230,230,337,193" step="2"/><T4/><D86/><U80/><E104/><V36/><F94/><W32/><G32/><T107/><D83/><U55/><E34/><V56/><F112/><W127/><G127/><T88/><D107/><U18/><E80/><V108/><F113/><W76/><G76/><T6/><D105/><U81/><E81/><V100/><F100/><W129/><G129/><T17/><N who="0" m="16384" /><DORA hai="46" /><T111/><D111/><U31/><E91/><V15/><F89/><W38/><G38/><T90/><D90/><U39/><E39/><V5/><F36/><W77/><G77/><T126/><D126/><U2/><E99/><V115/><F96/><W47/><G47/><T51/><D88/><U135/><E97/><V28/><F115/><W16/><G16/><T79/><D79/><U120/><E19/><V124/><F124/><RYUUKYOKU ba="0,1" sc="230,-10,230,-10,337,-10,193,30" hai3="29,30,49,54,59,60,61,63,78,82,87,133,134" /><INIT seed="3,1,1,4,1,34" ten="220,220,327,223" oya="3" hai0="92,86,15,7,49,113,124,41,132,69,91,103,133" hai1="81,110,84,134,21,1,39,85,26,37,11,115,126" hai2="27,71,3,19,99,24,60,14,131,104,135,109,90" hai3="8,6,17,25,67,66,62,61,120,106,80,129,88"/><W108/><G120/><T42/><D69/><U36/><E115/><V16/><F3/><W98/><G129/><T48/><D113/><U78/><E110/><V28/><F109/><W20/><G108/><T125/><D103/><U102/><E126/><N who="0" m="48745" /><D7/><U44/><E134/><N who="0" m="51817" /><D15/><U72/><E102/><V56/><F71/><W51/><G106/><T9/><D9/><U45/><E11/><V114/><F14/><W32/><G8/><T5/><D5/><U52/><E1/><V117/><F114/><W70/><G6/><T63/><D63/><U23/><E23/><V123/><F60/><W13/><G32/><T83/><D83/><U95/><E95/><V101/><F101/><W82/><G13/><T65/><D65/><U79/><E21/><V10/><F10/><W58/><G51/><AGARI ba="1,1" hai="41,42,48,49,51,86,91,92" m="51817,48745" machi="51" ten="30,2000,0" yaku="18,1,20,1" doraHai="34" who="0" fromWho="3" sc="220,33,220,0,327,0,223,-23" owari="253,5.3,220,-18.0,327,42.7,200,-30.0" /></mjloggm>