<mjloggm ver="2.3"><GO type="225" lobby="0"/><UN n0="%E7%89%B9%E6%9D%B1%E3%81%AF%E4%B8%96%E7%95%8C%E3%82%92%E6%95%91%E3%81%86" n1="%E8%A8%88%E7%AE%97%E6%A9%9F%E8%87%AA%E7%84%B6" n2="%E3%80%93%E3%81%97%E3%83%BC%E3%82%89%E3%80%93" n3="%E3%81%90%E3%81%A1%E3%82%84%E3%81%BE" dan="16,17,17,16" rate="2151.47,2159.22,2152.49,2128.14" sx="M,M,M,M"/><TAIKYOKU oya="0"/><INIT seed="0,0,0,4,1,74" ten="250,250,250,250" oya="0" hai0="63,88,56,75,117,120,34,58,90,98,106,125,32" hai1="134,68,69,40,114,29,14,92,21,80,71,89,127" hai2="135,17,102,28,97,70,84,16,99,73,124,11,6" hai3="93,81,50,10,123,49,116,131,37,39,36,126,72"/><T53/><D117/><U77/><E127/><V95/><F73/><W13/><G116/><T60/><D120/><U133/><E40/><V121/><F70/><W54/><G126/><T85/><D75/><N who="1" m="43071" /><E29/><V4/><F124/><W87/><G131/><T109/><D125/><U108/><E108/><V119/><F121/><W31/><G123/><T105/><D109/><U86/><E21/><V55/><F119/><W25/><G93/><T128/><D128/><U15/><E114/><V8/><F28/><W35/><G72/><T59/><D59/><U3/><E3/><V57/><F84/><W26/><G26/><T112/><D112/><U0/><E0/><V104/><F135/><AGARI ba="0,0" hai="14,15,68,69,71,86,89,92,133,134,135" m="43071" machi="135" ten="40,2600,0" yaku="20,1,52,1" doraHai="74" who="1" fromWho="2" sc="250,0,250,26,250,-26,250,0" /><INIT seed="1,0,0,2,3,128" ten="250,276,224,250" oya="1" hai0="108,39,47,18,75,26,96,27,29,119,40,100,74" hai1="6,28,130,62,84,123,37,66,134,53,124,92,51" hai2="13,15,46,112,129,68,48,21,61,14,10,55,113" hai3="135,41,87,7,115,131,50,70,82,33,72,122,105"/><U5/><E123/><V34/><F34/><W95/><G70/><T43/><D119/><U2/><E37/><V114/><F129/><W49/><G33/><T99/><D108/><U101/><E130/><V16/><REACH who="2" step="1"/><F10/><REACH who="2" ten="250,276,214,250" step="2"/><W67/><G131/><T30/><D18/><U107/><E5/><V32/><F32/><W103/><G7/><T79/><D39/><U64/><E6/><V8/><F8/><W54/><G122/><T116/><D116/><U36/><E36/><V111/><F111/><W77/><G115/><T106/><D106/><U25/><E107/><V91/><F91/><W98/><G105/><T110/><D110/><U59/><E28/><V65/><AGARI ba="0,1" hai="13,14,15,16,21,46,48,55,61,65,68,112,113,114" machi="65" ten="40,8000,1" yaku="1,1,0,1,11,1,54,1,53,1" doraHai="128" doraHaiUra="56" who="2" fromWho="2" sc="250,-20,276,-40,214,90,250,-20" /><INIT seed="2,0,0,5,2,7" ten="230,236,304,230" oya="2" hai0="129,25,82,130,30,135,132,94,22,37,15,27,8" hai1="75,88,87,126,23,56,28,21,91,76,74,55,38" hai2="117,81,62,109,18,104,11,95,9,106,0,71,120" hai3="86,115,19,50,127,29,102,114,121,33,134,20,49"/><V128/><F117/><W65/><G121/><T47/><D82/><N who="1" m="47559" /><E38/><V68/><F120/><W4/><G127/><T98/><D47/><U32/><E32/><V107/><F0/><W43/><G134/><N who="0" m="51243" /><D37/><U6/><E74/><V78/><F128/><N who="0" m="49258" /><D94/><U100/><E126/><V110/><F95/><W1/><G43/><T96/><D27/><N who="1" m="16495" /><E75/><N who="2" m="43231" /><F18/><AGARI ba="0,0" hai="8,15,18,22,25,30,96,98" m="49258,51243" machi="18" ten="30,3900,0" yaku="20,1,19,1,52,1" doraHai="7" who="0" fromWho="2" sc="230,39,236,0,304,-39,230,0" /><INIT seed="3,0,0,1,0,80" ten="269,236,265,230" oya="3" hai0="124,16,42,105,135,98,116,30,63,103,41,20,31" hai1="99,117,53,128,57,82,35,55,58,14,43,110,46" hai2="114,34,4,23,101,95,77,123,22,65,96,70,108" hai3="97,107,21,118,83,68,2,69,88,17,78,48,1"/><W111/><G118/><T26/><D116/><U40/><E117/><V75/><F34/><W11/><G111/><T93/><D135/><U15/><E35/><V104/><F114/><W85/><G69/><T119/><D124/><U33/><E33/><V94/><F123/><W121/><G121/><T24/><D119/><U130/><E82/><V59/><F70/><W8/><G68/><T49/><D63/><U50/><E99/><V71/><F71/><W84/><G1/><T47/><D105/><U37/><E110/><V7/><F75/><W51/><G2/><T13/><REACH who="0" step="1"/><D42/><REACH who="0" ten="259,236,265,230" step="2"/><U90/><E40/><V19/><F104/><W29/><G107/><T106/><D106/><U87/><E130/><V0/><F108/><W76/><G97/><T61/><D61/><U38/><E128/><V81/><F96/><W86/><G78/><T67/><D67/><U129/><E129/><V79/><F65/><W133/><G133/><T115/><D115/><U66/><E66/><V28/><F77/><W64/><G64/><T102/><D102/><U72/><E43/><V91/><F79/><W60/><G60/><T113/><D113/><U52/><E53/><V54/><F54/><W73/><G88/><T134/><D134/><U3/><E55/><V125/><F91/><W27/><REACH who="3" step="1"/><G29/><AGARI ba="0,1" hai="13,16,20,24,26,29,30,31,41,47,49,93,98,103" machi="29" ten="40,8000,1" yaku="1,1,8,1,54,1,53,1" doraHai="80" doraHaiUra="45" who="0" fromWho="3" sc="259,90,236,0,265,0,230,-80" owari="349,44.9,236,-16.4,265,6.5,150,-35.0" /></mjloggm>