<mjloggm ver="2.3"><GO type="225" lobby="0"/><UN n0="%4C%4F%4C%49%54%41" n1="%73%69%67%65%6E%6F%72%69" n2="%E5%A4%8F%E9%88%B4%E9%88%B4%E5%A4%8F" n3="%E7%99%BD%E5%80%89%E5%AF%9B%E4%B9%8B" dan="16,18,16,16" rate="2113.52,2234.23,2106.14,2105.36" sx="F,M,M,M"/><TAIKYOKU oya="0"/><INIT seed="0,0,0,4,0,130" ten="250,250,250,250" oya="0" hai0="107,78,45,52,66,79,3,70,127,12,87,73,58" hai1="18,33,81,118,76,85,4,84,10,135,30,115,57" hai2="114,125,128,59,28,7,19,92,1,68,6,48,108" hai3="124,21,102,88,134,113,62,121,91,60,14,20,110"/><T133/><D3/><U99/><E99/><V90/><F68/><W46/><G121/><T106/><D73/><U31/><E31/><V44/><F114/><W36/><G113/><T77/><D127/><U53/><E53/><V55/><F125/><W105/><G124/><T71/><D133/><U131/><E131/><V72/><F108/><W132/><G110/><T9/><D87/><U80/><E80/><V119/><F119/><W37/><G102/><T5/><D45/><U126/><E126/><V86/><F72/><W94/><G105/><T82/><D82/><U15/><E15/><V17/><F28/><W111/><G111/><T38/><D38/><N who="3" m="14953" /><G46/><T50/><REACH who="0" step="1"/><D71/><REACH who="0" ten="240,250,250,250" step="2"/><U27/><E27/><V64/><F128/><W13/><G13/><T23/><D23/><N who="3" m="8777" /><G14/><T96/><D96/><U75/><E75/><V11/><F11/><W120/><G120/><T123/><D123/><U117/><E117/><V83/><F1/><W103/><G103/><T8/><D8/><U74/><E74/><V65/><F44/><W97/><G91/><T35/><D35/><U25/><E25/><V61/><F90/><W39/><N who="3" m="14961" /><W42/><DORA hai="69" /><G42/><T32/><D32/><U16/><E16/><V109/><F17/><W98/><G98/><T112/><D112/><U47/><E118/><V2/><F19/><W40/><G40/><T51/><D51/><U129/><E129/><V104/><F48/><W26/><G26/><T56/><D56/><U101/><E33/><V43/><F59/><W24/><G24/><T63/><AGARI ba="0,1" hai="5,9,12,50,52,58,63,66,70,77,78,79,106,107" machi="63" ten="30,6000,0" yaku="1,1,0,1,54,1,53,0" doraHai="130,69" doraHaiUra="122,41" who="0" fromWho="0" sc="240,70,250,-20,250,-20,250,-20" /><INIT seed="0,1,0,4,1,18" ten="310,230,230,230" oya="0" hai0="127,37,99,135,131,50,102,15,32,112,125,76,47" hai1="52,79,123,68,109,10,105,40,12,107,2,72,27" hai2="81,82,134,31,108,115,121,100,95,120,133,104,1" hai3="23,83,114,124,78,55,44,13,66,43,117,119,16"/><T129/><D32/><U96/><E123/><N who="2" m="47179" /><F1/><W60/><G114/><T85/><D37/><U110/><E68/><V5/><F31/><W26/><G124/><N who="0" m="47691" /><D15/><U63/><E2/><V64/><F5/><W118/><G55/><T8/><D8/><U53/><E40/><V49/><F115/><W3/><G3/><T6/><D6/><U80/><E27/><V91/><F108/><N who="1" m="41577" /><E96/><N who="2" m="61447" /><F49/><W90/><G90/><T74/><D112/><U17/><E53/><V25/><F64/><W19/><G66/><T38/><D38/><U59/><AGARI ba="1,0" hai="10,12,17,52,59,63,72,79,80,105,107" m="41577" machi="59" ten="30,2000,0" yaku="14,1,54,1" doraHai="18" who="1" fromWho="1" sc="310,-11,230,23,230,-6,230,-6" /><INIT seed="1,0,0,3,5,22" ten="299,253,224,224" oya="1" hai0="129,90,78,135,94,117,72,92,123,77,49,120,133" hai1="126,47,115,59,3,131,105,48,121,106,12,23,109" hai2="93,40,6,74,98,108,39,128,50,5,100,114,119" hai3="53,36,24,101,42,9,26,37,60,81,76,130,107"/><U110/><E115/><V45/><F119/><W67/><G53/><T63/><D117/><U46/><E121/><N who="0" m="46665" /><D49/><U96/><E3/><V132/><F108/><N who="1" m="41577" /><E131/><V21/><F114/><W134/><G130/><T11/><D129/><U62/><E126/><V99/><F128/><W127/><G127/><T68/><D11/><U70/><E70/><V7/><F132/><N who="0" m="50762" /><D72/><U113/><E113/><V65/><F74/><W1/><G134/><T86/><D94/><U51/><E51/><V20/><F39/><W80/><G80/><T14/><D14/><U122/><E122/><V116/><F116/><W32/><G32/><T125/><D125/><U75/><E75/><V61/><REACH who="2" step="1"/><F99/><REACH who="2" ten="299,253,214,224" step="2"/><W25/><G37/><T111/><D111/><U4/><E96/><V34/><F34/><W82/><G36/><T66/><AGARI ba="0,1" hai="63,66,68,77,78,86,90,92" m="50762,46665" machi="66" ten="40,2700,0" yaku="13,1,20,1" doraHai="22" who="0" fromWho="0" sc="299,37,253,-13,214,-7,224,-7" /><INIT seed="2,0,0,4,5,103" ten="336,240,207,217" oya="2" hai0="23,37,46,102,43,129,0,2,14,116,113,12,84" hai1="108,82,55,107,3,21,124,22,79,112,15,101,8" hai2="40,71,90,31,66,64,19,83,100,104,24,72,67" hai3="120,13,57,6,111,34,114,77,92,110,29,20,135"/><V26/><F40/><W75/><G120/><T95/><D113/><U123/><E112/><V42/><F42/><W130/><G114/><T35/><D35/><U52/><E3/><V39/><F39/><W80/><G135/><T115/><D115/><U99/><E124/><V25/><F19/><W125/><G125/><T61/><D129/><U86/><E123/><V122/><F122/><W50/><G130/><T81/><D116/><U62/><E108/><N who="3" m="41514" /><G92/><T91/><D102/><U132/><E132/><V18/><F18/><N who="3" m="10319" /><G6/><T9/><D23/><U45/><E55/><V5/><F5/><W32/><G29/><T17/><D14/><U105/><E105/><V54/><F31/><W97/><G97/><T76/><D61/><U73/><E73/><AGARI ba="0,0" hai="0,2,9,12,17,37,43,46,73,76,81,84,91,95" machi="73" ten="30,1000,0" yaku="7,1" doraHai="103" who="0" fromWho="1" sc="336,10,240,-10,207,0,217,0" /><INIT seed="3,0,0,3,2,63" ten="346,230,207,217" oya="3" hai0="126,69,130,57,36,40,46,72,14,100,125,18,44" hai1="97,52,55,61,49,89,59,32,17,4,79,28,29" hai2="78,53,84,134,8,123,120,87,48,15,7,39,103" hai3="86,88,80,54,21,62,70,94,93,113,102,90,67"/><W110/><G113/><T56/><D69/><U5/><E32/><V42/><F103/><W119/><G119/><T118/><D118/><U124/><E124/><N who="0" m="47721" /><D72/><U23/><E79/><V112/><F112/><W77/><G110/><T30/><D130/><U34/><E34/><V68/><F68/><W115/><G115/><T135/><D135/><U38/><E38/><V12/><F12/><W13/><G54/><T117/><D117/><U58/><E89/><V127/><F78/><W129/><G129/><T75/><D75/><U11/><E97/><V65/><F65/><W3/><G3/><T64/><D30/><N who="1" m="11883" /><E11/><V16/><F7/><W92/><REACH who="3" step="1"/><G102/><REACH who="3" ten="346,230,207,207" step="2"/><T122/><D100/><U71/><E71/><V45/><F127/><W24/><G24/><AGARI ba="0,1" hai="4,5,17,23,24,49,52,55,58,59,61" m="11883" machi="24" ten="30,2000,0" yaku="8,1,54,1" doraHai="63" who="1" fromWho="3" sc="346,0,230,30,207,0,207,-20" owari="346,44.6,260,6.0,207,-19.3,187,-31.3" /></mjloggm>