<mjloggm ver="2.3"><GO type="225" lobby="0"/><UN n0="%E3%82%8F%E3%81%8B%E3%81%B0%2A%E3%82%AC%E3%83%BC%E3%83%AB" n1="%E6%80%AA%E3%81%97%E3%81%99%E3%81%8E%E3%82%8B%E3%83%81%E3%83%BC" n2="%E5%8D%A0%E3%81%84%E5%B8%AB%E8%A3%8F%E3%81%AA%E3%81%84%E3%81%97" n3="%E3%81%A4%E3%81%A3%E3%81%B1%E3%82%8A%E3%83%9D%E3%83%BC%E3%83%AB" dan="16,16,17,17" rate="2196.98,2097.14,2271.64,2269.53" sx="M,M,M,M"/><TAIKYOKU oya="0"/><INIT seed="0,0,0,2,3,85" ten="250,250,250,250" oya="0" hai0="66,23,112,88,68,24,62,65,108,93,33,44,40" hai1="39,0,10,130,75,82,125,51,72,60,71,122,35" hai2="58,113,103,20,11,22,12,104,53,30,34,94,8" hai3="87,121,61,102,119,81,135,38,92,126,99,117,42"/><T84/><D112/><U89/><E122/><V31/><F104/><W29/><G121/><T123/><D123/><U120/><E120/><V131/><F131/><W79/><G135/><T74/><D74/><U48/><E39/><V78/><F78/><W26/><G126/><T43/><D108/><U77/><E35/><V18/><F34/><W19/><G19/><T98/><D33/><U129/><E125/><V21/><F113/><W100/><G100/><T3/><D3/><U127/><E72/><V37/><F37/><W50/><G38/><T2/><D2/><U107/><E107/><V83/><F83/><W28/><G61/><T15/><D15/><U105/><E105/><V4/><F103/><W56/><G29/><T73/><D73/><U64/><E127/><V47/><F47/><W114/><G114/><T69/><D44/><U16/><E89/><V106/><F106/><W134/><G134/><T96/><D66/><U63/><E63/><V54/><F94/><W57/><G119/><T76/><D69/><U95/><E95/><V132/><F54/><W41/><G117/><T91/><D76/><U70/><E70/><V13/><REACH who="2" step="1"/><F132/><REACH who="2" ten="250,250,240,250" step="2"/><W36/><G36/><T1/><D1/><U80/><E80/><V133/><F133/><W116/><G116/><T46/><D46/><U115/><E115/><V32/><F32/><N who="3" m="20503" /><G41/><N who="0" m="15947" /><D91/><U6/><E129/><V9/><F9/><W67/><G67/><T97/><D23/><U45/><E130/><V7/><F7/><W59/><G42/><T101/><D24/><U14/><E45/><V27/><F27/><W90/><G90/><RYUUKYOKU ba="0,1" sc="250,0,250,0,240,0,250,0" hai0="62,65,68,84,88,93,96,97,98,101" hai1="0,6,10,14,16,48,51,60,64,71,75,77,82" hai2="4,8,11,12,13,18,20,21,22,30,31,53,58" hai3="50,56,57,59,79,81,87,92,99,102" /><INIT seed="0,1,1,1,1,19" ten="250,250,240,250" oya="0" hai0="57,27,104,117,78,6,41,15,21,10,17,70,86" hai1="47,61,42,100,62,84,99,22,28,111,23,52,97" hai2="109,1,18,69,106,33,50,80,105,95,92,77,9" hai3="131,48,89,0,135,64,82,79,107,75,93,134,2"/><T60/><D117/><U108/><E84/><V125/><F109/><N who="1" m="42057" /><E28/><V98/><F125/><W58/><G107/><T90/><D104/><N who="1" m="63503" /><E99/><V8/><F33/><W54/><G64/><T73/><D70/><U35/><E35/><V5/><F69/><W85/><REACH who="3" step="1"/><G131/><REACH who="3" ten="250,250,240,240" step="2"/><T101/><D73/><U126/><E126/><V124/><F106/><W25/><G25/><T74/><D74/><U127/><E127/><V40/><F105/><W4/><G4/><T43/><D101/><U83/><E83/><V3/><F5/><W44/><G44/><T49/><D78/><U91/><E91/><V36/><F80/><W116/><G116/><T72/><D72/><U63/><E52/><V129/><F77/><W113/><G113/><T11/><D90/><U45/><E47/><V53/><F53/><W94/><G94/><T121/><D121/><U123/><E123/><V115/><F95/><W30/><G30/><T122/><D122/><U39/><AGARI ba="1,2" hai="22,23,39,42,45,61,62,63" m="63503,42057" machi="39" ten="30,4000,0" yaku="14,1,52,2" doraHai="19" who="1" fromWho="1" sc="250,-21,250,63,240,-11,240,-11" /><INIT seed="1,0,0,4,5,110" ten="229,313,229,229" oya="1" hai0="78,76,33,113,124,17,75,16,44,105,125,53,61" hai1="122,60,43,102,134,112,90,96,133,91,0,15,42" hai2="65,70,80,37,114,34,18,121,106,99,132,45,103" hai3="46,50,47,55,120,64,128,135,9,68,101,21,86"/><U29/><E122/><V32/><F121/><W57/><G120/><T77/><D75/><U107/><E0/><V39/><F18/><N who="0" m="7274" /><D33/><N who="2" m="12906" /><F132/><N who="1" m="50793" /><E15/><V95/><F95/><W27/><G135/><T126/><D105/><U130/><E29/><V63/><F80/><W89/><G128/><T6/><D6/><U19/><E19/><V52/><F52/><N who="3" m="31895" /><G68/><T118/><D118/><U13/><E13/><V98/><F98/><W36/><G36/><N who="2" m="13897" /><F45/><W28/><G64/><T7/><D7/><U20/><E130/><V54/><F54/><W59/><G101/><T11/><D11/><U109/><E20/><V66/><F66/><W97/><G97/><T73/><D73/><U87/><E87/><V72/><F72/><W30/><G30/><T108/><D108/><U82/><E109/><V23/><F23/><W83/><G9/><T26/><D26/><U123/><E123/><V115/><AGARI ba="0,0" hai="63,65,70,99,103,106,114,115" m="13897,12906" machi="115" ten="40,5200,0" yaku="23,1,52,2" doraHai="110" who="2" fromWho="2" sc="229,-13,313,-26,229,52,229,-13" /><INIT seed="2,0,0,3,1,109" ten="216,287,281,216" oya="2" hai0="42,0,123,4,5,26,126,36,86,11,61,24,46" hai1="8,118,122,128,127,120,110,77,2,81,106,48,73" hai2="39,30,67,12,131,1,55,96,3,33,45,38,6" hai3="34,62,125,95,68,134,87,113,20,121,59,43,104"/><V85/><F131/><W25/><G121/><N who="1" m="46698" /><E110/><V83/><F67/><W84/><G104/><T54/><D123/><U18/><E118/><V79/><F33/><W135/><G68/><T78/><D126/><U129/><E127/><V133/><F30/><W76/><G34/><T21/><D5/><N who="1" m="1079" /><E106/><V58/><F133/><N who="3" m="50699" /><G125/><T27/><D78/><U9/><E48/><V22/><F45/><W16/><G76/><T132/><D132/><U31/><E31/><V75/><F38/><W51/><G95/><T108/><D108/><U94/><E94/><V97/><F39/><W72/><G72/><T130/><D130/><U105/><E105/><V102/><F75/><W89/><G89/><T56/><REACH who="0" step="1"/><D86/><REACH who="0" ten="206,287,281,216" step="2"/><U103/><E128/><V37/><F85/><W35/><G87/><T92/><D92/><U7/><E129/><V93/><F79/><W114/><G84/><T19/><AGARI ba="0,1" hai="0,4,11,19,21,24,26,27,36,42,46,54,56,61" machi="19" ten="20,2700,0" yaku="1,1,0,1,7,1,53,0" doraHai="109" doraHaiUra="65" who="0" fromWho="0" sc="206,37,287,-7,281,-13,216,-7" /><INIT seed="3,0,0,4,2,49" ten="243,280,268,209" oya="3" hai0="86,26,111,72,37,68,10,31,6,36,78,56,41" hai1="90,75,0,55,79,74,70,114,60,21,102,85,28" hai2="131,101,109,126,1,11,122,64,40,9,128,2,88" hai3="91,135,98,67,52,121,3,123,110,34,50,15,119"/><W80/><G3/><T116/><D111/><U47/><E0/><V44/><F109/><W93/><G119/><T100/><D68/><U130/><E130/><V129/><F101/><W43/><G110/><T29/><D116/><U81/><E102/><V33/><F33/><W105/><G34/><T133/><D72/><U12/><E47/><V84/><F126/><W71/><G105/><T48/><D133/><U108/><E114/><V38/><F64/><W112/><G112/><T13/><D100/><U4/><E4/><V18/><F122/><W19/><G43/><T14/><D14/><U103/><E103/><V7/><F18/><W106/><G106/><T65/><D31/><U73/><E12/><N who="2" m="5183" /><F11/><W95/><G80/><AGARI ba="0,0" hai="1,2,38,40,44,80,84,88,128,129,131" m="5183" machi="80" ten="30,2000,0" yaku="19,1,54,1" doraHai="49" who="2" fromWho="3" sc="243,0,280,0,268,20,209,-20" /><INIT seed="4,0,0,5,4,99" ten="243,280,288,189" oya="0" hai0="110,57,34,128,42,50,23,25,4,132,22,55,20" hai1="118,105,53,52,98,43,93,109,100,89,71,97,58" hai2="111,76,0,117,12,3,121,103,2,17,13,113,122" hai3="81,101,72,95,91,32,15,86,70,35,123,30,80"/><T65/><D128/><U90/><E109/><V6/><F103/><W54/><G123/><N who="2" m="47113" /><F76/><W29/><G70/><T133/><D110/><U10/><E118/><V87/><F87/><W61/><G35/><T92/><D4/><U116/><E116/><V82/><F82/><N who="3" m="31851" /><G32/><T9/><D9/><U59/><E71/><V47/><F117/><W79/><G72/><T68/><D42/><U112/><E112/><V37/><F47/><W120/><G120/><T102/><D68/><U21/><E21/><N who="2" m="11431" /><F37/><W26/><G26/><T48/><D65/><U45/><E10/><N who="2" m="4311" /><F111/><W119/><G119/><T67/><D67/><U107/><E89/><V83/><F83/><N who="3" m="47487" /><G15/><T44/><D34/><U51/><E105/><V7/><F113/><W27/><G27/><T131/><D25/><U127/><E127/><V108/><F108/><W33/><G33/><T56/><D131/><U14/><E14/><V75/><F75/><W39/><G39/><T18/><D18/><U11/><E11/><AGARI ba="0,0" hai="0,2,3,7,11" m="4311,11431,47113" machi="11" ten="30,2000,0" yaku="34,2" doraHai="99" who="2" fromWho="1" sc="243,0,280,-20,288,20,189,0" owari="243,-15.7,260,6.0,308,40.8,189,-31.1" /></mjloggm>