<mjloggm ver="2.3"><GO type="225" lobby="0"/><UN n0="%E7%99%BD%E6%98%BC%E9%87%8C%E7%9A%84%E5%A4%9C" n1="%E5%91%A8%E6%9D%B1" n2="%72%65%6E%6B%75%6E" n3="%66%67%67%68%68%64%66" dan="16,17,17,16" rate="2069.53,2137.47,2213.13,2103.19" sx="M,M,M,M"/><TAIKYOKU oya="0"/><INIT seed="0,0,0,4,0,41" ten="250,250,250,250" oya="0" hai0="65,108,43,80,6,56,45,91,28,36,9,102,54" hai1="124,32,15,130,131,40,109,92,69,70,27,117,26" hai2="101,71,111,21,22,96,1,98,16,42,17,3,122" hai3="118,67,66,90,76,34,89,12,25,53,35,84,18"/><T50/><D108/><U59/><E117/><V49/><F71/><N who="1" m="27145" /><E32/><V14/><F122/><W30/><G118/><T78/><D65/><U125/><E109/><V120/><F120/><W116/><G116/><T29/><D91/><U31/><E31/><V61/><F61/><W55/><G76/><T107/><D102/><U86/><E15/><V127/><F111/><W85/><G12/><T79/><D107/><U19/><E19/><V68/><F68/><W73/><G18/><T99/><D99/><U100/><E59/><V133/><F49/><W82/><G73/><T115/><D79/><U62/><E62/><V113/><F42/><W0/><G0/><T63/><D115/><U72/><E72/><V2/><F14/><W64/><REACH who="3" step="1"/><G35/><REACH who="3" ten="250,250,250,240" step="2"/><T105/><D105/><U38/><E130/><V60/><F3/><W106/><G106/><T128/><D128/><U5/><E131/><V47/><F2/><W23/><G23/><T134/><D6/><U95/><E5/><V119/><F17/><W10/><G10/><T97/><D9/><U7/><E7/><V33/><F16/><W52/><G52/><T37/><D29/><U87/><E27/><V24/><F21/><W129/><G129/><T103/><D28/><U46/><E26/><V121/><F22/><W104/><G104/><N who="0" m="63599" /><D134/><U51/><E125/><V13/><F133/><W48/><G48/><T11/><D11/><U4/><E124/><V114/><F127/><W8/><G8/><T93/><D93/><AGARI ba="0,1" hai="25,30,34,53,55,64,66,67,82,84,85,89,90,93" machi="93" ten="40,2600,0" yaku="1,1,53,1" doraHai="41" doraHaiUra="88" who="3" fromWho="0" sc="250,-26,250,0,250,0,240,36" /><INIT seed="1,0,0,4,5,85" ten="224,250,250,276" oya="1" hai0="122,130,50,96,51,53,78,116,42,93,125,99,82" hai1="36,124,100,134,22,28,71,49,135,108,84,32,19" hai2="59,123,62,103,48,58,26,92,69,6,45,95,112" hai3="73,21,56,5,113,74,29,126,57,2,46,105,16"/><U83/><E36/><V114/><F123/><W118/><G113/><N who="2" m="43625" /><F6/><W80/><G105/><T33/><D122/><U23/><E71/><V98/><F95/><W88/><G126/><T54/><D116/><U31/><E124/><V94/><F94/><W10/><G118/><T38/><D125/><U109/><E100/><V39/><F39/><W64/><G29/><N who="1" m="11338" /><E32/><V4/><F4/><W97/><G46/><T115/><D33/><U25/><E23/><V72/><F26/><W76/><G73/><T111/><D115/><U18/><E18/><V67/><F72/><W41/><G41/><AGARI ba="0,0" hai="41,45,48,58,59,62,67,69,92,98,103" m="43625" machi="41" ten="30,1000,0" yaku="11,1" doraHai="85" who="2" fromWho="3" sc="224,0,250,0,250,10,276,-10" /><INIT seed="2,0,0,3,1,64" ten="224,250,260,266" oya="2" hai0="8,135,129,119,75,108,34,61,116,91,110,78,120" hai1="104,93,3,114,98,11,53,28,132,67,26,20,50" hai2="84,71,107,12,111,30,105,47,1,90,56,102,117" hai3="76,15,19,113,118,4,18,24,44,109,25,54,101"/><V124/><F1/><W46/><G118/><N who="0" m="45099" /><D34/><U10/><E114/><V88/><F117/><W121/><G121/><T81/><D61/><U92/><E132/><V39/><F30/><W23/><G109/><N who="0" m="42091" /><D8/><U123/><E123/><V16/><F111/><W6/><G113/><T134/><D120/><U126/><E126/><V99/><F124/><W72/><G101/><T31/><D31/><U95/><E3/><V115/><F107/><W60/><G76/><T73/><D129/><U103/><REACH who="1" step="1"/><E67/><REACH who="1" ten="224,240,260,266" step="2"/><V83/><F115/><W68/><G4/><T89/><D73/><U106/><E106/><V43/><F56/><AGARI ba="0,1" hai="10,11,20,26,28,50,53,56,92,93,95,98,103,104" machi="56" ten="40,2600,0" yaku="1,1,53,1" doraHai="64" doraHaiUra="96" who="1" fromWho="2" sc="224,0,240,36,260,-26,266,0" /><INIT seed="3,0,0,2,5,4" ten="224,276,234,266" oya="3" hai0="133,25,64,22,108,40,20,35,26,118,93,0,31" hai1="43,70,114,71,106,49,14,24,135,92,72,125,63" hai2="131,109,76,95,48,55,66,90,5,1,16,122,54" hai3="123,6,94,8,127,19,75,21,103,69,105,57,134"/><W112/><G112/><T61/><D118/><U126/><E106/><V9/><F109/><W85/><G123/><T110/><D40/><U10/><E72/><V13/><F122/><W59/><G75/><T83/><D83/><U73/><E73/><V51/><F131/><W98/><G69/><T62/><D133/><U38/><E114/><V128/><F128/><W58/><G127/><N who="1" m="48650" /><E38/><V37/><F37/><W79/><G134/><T53/><D0/><U117/><E135/><V120/><F66/><W82/><G105/><T101/><D53/><U46/><E117/><V33/><F33/><W129/><G129/><T12/><D12/><U42/><E42/><V56/><F76/><W80/><G80/><T96/><D62/><U18/><E63/><V113/><F113/><W74/><G74/><T100/><D100/><U7/><E92/><V87/><F120/><W99/><G99/><T86/><D86/><U115/><E115/><V17/><F1/><W15/><G59/><AGARI ba="0,0" hai="5,9,13,16,17,48,51,54,55,56,59,87,90,95" machi="59" ten="30,8000,1" yaku="7,1,9,1,8,1,52,1,54,1" doraHai="4" who="2" fromWho="3" sc="224,0,276,0,234,80,266,-80" owari="224,-17.6,276,7.6,314,41.4,186,-31.4" /></mjloggm>