<mjloggm ver="2.3"><GO type="225" lobby="0"/><UN n0="%E5%91%A8%E6%9D%B1" n1="%4C%4F%4C%49%54%41" n2="%E6%98%93%E5%88%A9%E8%96%A9%E4%BC%AF" n3="%E3%81%AF%E3%82%88%E3%81%8A%E3%81%98%E3%81%95%E3%82%93" dan="16,16,17,16" rate="2178.59,2091.02,2172.07,2195.19" sx="M,F,F,M"/><TAIKYOKU oya="0"/><INIT seed="0,0,0,5,1,88" ten="250,250,250,250" oya="0" hai0="126,55,69,57,17,120,4,2,92,82,53,8,134" hai1="84,109,38,107,117,5,100,26,129,70,81,80,23" hai2="37,1,21,72,78,65,61,12,98,95,118,131,97" hai3="49,11,133,124,33,6,40,62,48,114,74,105,91"/><T15/><D126/><U41/><E117/><V7/><F37/><W106/><G114/><T73/><D134/><U113/><E70/><V128/><F118/><W125/><G133/><T63/><D120/><U19/><E113/><V54/><F54/><W127/><G33/><T58/><D69/><U56/><E109/><V71/><F98/><W102/><G74/><T10/><D73/><U60/><E129/><V64/><F64/><W112/><G112/><T18/><D82/><U34/><E34/><V28/><F78/><W50/><G40/><T110/><D110/><U103/><E5/><V75/><F1/><W108/><G108/><T86/><D18/><U76/><E107/><V25/><F7/><W52/><G91/><T3/><D3/><U83/><E41/><V68/><F12/><N who="3" m="5239" /><G102/><N who="1" m="38954" /><E38/><V122/><F122/><W24/><G24/><T31/><D31/><U43/><E43/><V121/><F121/><W36/><G36/><T87/><REACH who="0" step="1"/><D92/><REACH who="0" ten="240,250,250,250" step="2"/><U104/><E104/><V77/><F71/><W116/><G116/><T39/><D39/><U115/><E115/><V46/><F75/><W66/><G106/><T45/><D45/><U111/><E111/><V32/><F46/><N who="3" m="27671" /><G105/><T29/><D29/><U89/><E76/><V27/><F77/><W22/><G22/><T96/><D96/><U130/><E130/><V14/><F72/><W123/><G123/><T99/><D99/><U30/><E30/><N who="2" m="17711" /><F97/><W101/><G101/><T16/><D16/><U132/><E132/><V119/><F119/><W51/><G125/><T94/><D94/><N who="1" m="54567" /><E56/><V59/><F131/><W47/><G47/><RYUUKYOKU ba="0,1" sc="240,10,250,10,250,-30,250,10" hai0="2,4,8,10,15,17,53,55,57,58,63,86,87" hai1="19,23,26,60,80,81,83" hai3="49,50,51,62,66,124,127" /><INIT seed="0,1,1,0,1,132" ten="250,260,220,260" oya="0" hai0="112,97,41,64,135,22,116,103,81,30,2,127,111" hai1="131,87,20,83,11,12,98,82,25,122,36,129,96" hai2="40,34,104,118,66,130,44,92,57,24,0,114,28" hai3="47,33,46,35,123,43,3,133,80,21,105,58,77"/><T7/><D116/><U16/><E36/><V78/><F114/><W51/><G105/><T84/><D112/><U117/><E122/><V101/><F130/><N who="1" m="49673" /><E117/><V48/><F118/><W53/><G3/><T14/><D135/><U86/><E86/><V119/><F119/><W55/><G133/><T26/><D111/><U54/><E54/><V6/><F104/><W59/><G123/><T88/><D2/><U89/><E83/><V37/><F78/><W121/><G121/><T50/><D64/><U8/><E8/><V19/><F19/><AGARI ba="1,1" hai="11,12,16,19,20,25,82,87,89,96,98" m="49673" machi="19" ten="30,2000,0" yaku="19,1,54,1" doraHai="132" who="1" fromWho="2" sc="250,0,260,33,220,-23,260,0" /><INIT seed="1,0,0,3,2,9" ten="250,293,197,260" oya="1" hai0="34,25,108,39,26,126,90,14,125,55,31,102,12" hai1="94,38,43,100,86,124,88,2,63,104,50,135,6" hai2="91,29,54,19,30,18,67,20,113,123,42,84,107" hai3="105,22,52,46,95,115,129,99,71,45,111,21,65"/><U60/><E38/><V96/><F123/><W133/><G115/><T82/><D108/><U134/><E124/><N who="0" m="47721" /><D39/><U62/><E2/><V16/><F113/><W132/><G111/><T59/><D102/><U51/><E6/><V74/><F74/><W61/><G105/><T66/><D66/><U122/><E122/><V3/><F3/><W128/><G21/><T0/><D0/><U127/><E127/><V98/><F42/><W5/><G5/><T118/><D118/><U4/><E4/><V68/><F68/><W93/><G22/><T56/><D26/><U85/><E85/><V92/><F67/><W101/><G95/><T10/><D10/><U116/><E116/><V76/><F107/><W77/><G77/><T33/><D33/><U15/><E15/><N who="0" m="5673" /><D55/><U73/><E43/><V17/><F54/><W53/><G53/><T36/><D36/><U131/><E100/><V49/><F49/><N who="3" m="28719" /><G46/><T28/><D28/><U40/><E40/><V130/><F130/><AGARI ba="0,0" hai="61,65,71,93,99,101,128,129,130,132,133" m="28719" machi="130" ten="30,2000,0" yaku="19,1,54,1" doraHai="9" who="3" fromWho="2" sc="250,0,293,0,197,-20,260,20" /><INIT seed="2,0,0,2,5,44" ten="250,293,177,280" oya="2" hai0="67,21,112,34,72,130,102,42,15,119,3,52,6" hai1="49,75,62,80,1,108,18,46,123,125,77,20,129" hai2="4,40,96,94,105,92,65,25,103,28,69,55,14" hai3="38,63,106,91,74,36,85,104,131,117,133,82,126"/><V17/><F4/><W5/><G5/><T84/><D112/><U76/><E1/><V97/><F40/><W78/><G63/><T0/><D72/><U70/><E108/><V31/><F65/><W57/><G57/><T109/><D34/><U116/><E116/><V111/><F69/><W120/><G36/><T13/><D109/><U100/><E125/><V83/><F111/><W132/><G38/><T122/><D130/><U39/><E129/><V95/><F97/><W64/><G64/><T114/><D122/><U68/><E39/><V135/><F135/><N who="3" m="51787" /><G131/><T37/><D114/><U51/><E123/><V24/><F83/><N who="3" m="45527" /><G120/><T86/><D119/><U29/><E62/><V115/><F115/><W58/><G58/><T26/><D0/><U93/><E68/><V88/><F55/><W101/><G117/><T89/><D52/><U48/><E46/><V60/><F60/><W81/><G126/><T127/><D3/><U110/><E110/><V35/><F88/><N who="3" m="51247" /><G101/><T61/><D102/><U66/><E100/><V53/><F53/><W10/><G10/><T7/><D127/><U30/><E70/><V8/><REACH who="2" step="1"/><F95/><REACH who="2" ten="250,293,167,280" step="2"/><W50/><G50/><T11/><D61/><U99/><E66/><V2/><F2/><W124/><G124/><T47/><D67/><U54/><E54/><V9/><F9/><W113/><G113/><T56/><D11/><U98/><E93/><V107/><F107/><W87/><AGARI ba="0,1" hai="82,87,91,104,106" m="51247,45527,51787" machi="87" ten="30,7900,0" yaku="20,1,34,2,54,1" doraHai="44" who="3" fromWho="3" sc="250,-20,293,-20,167,-39,280,89" /><INIT seed="3,0,0,0,5,110" ten="230,273,128,369" oya="3" hai0="90,77,134,96,97,76,100,102,14,75,129,95,8" hai1="50,1,34,56,66,132,93,60,65,30,94,105,118" hai2="126,55,109,23,39,10,116,80,86,73,123,47,58" hai3="83,128,121,84,81,79,3,68,124,24,28,4,9"/><W117/><G117/><T82/><D14/><U36/><E36/><V26/><F116/><W33/><G121/><T69/><D69/><U38/><E118/><V12/><F123/><W104/><G68/><T112/><D8/><U89/><E38/><V48/><F109/><W71/><G71/><T37/><D37/><U63/><E105/><V20/><F126/><W44/><G104/><T78/><D134/><U125/><E1/><V120/><F73/><W27/><G124/><T32/><D32/><U62/><E125/><V106/><F106/><W11/><G128/><T42/><D42/><U107/><E107/><V17/><F120/><W135/><G135/><T72/><D129/><U127/><E132/><V64/><F39/><W21/><G44/><T51/><D51/><U13/><E94/><V59/><F64/><W88/><G11/><T113/><D90/><U54/><E127/><V16/><REACH who="2" step="1"/><F23/><REACH who="2" ten="230,273,118,369" step="2"/><W49/><G21/><T41/><D72/><U130/><E66/><V46/><F46/><W119/><G33/><T114/><D41/><U31/><E34/><V25/><F25/><W101/><G27/><T52/><D52/><U98/><E54/><V40/><F40/><W45/><G24/><T6/><D6/><U108/><E108/><V18/><F18/><W87/><G4/><T91/><D102/><U122/><E122/><V131/><F131/><W57/><G101/><T61/><D100/><U92/><E130/><V35/><F35/><W103/><G103/><T43/><D43/><U22/><E65/><V2/><F2/><W53/><G3/><T74/><D75/><RYUUKYOKU ba="0,1" sc="230,-10,273,-10,118,30,369,-10" hai2="10,12,16,17,20,26,47,48,55,58,59,80,86" owari="220,-18.0,263,6.3,148,-35.2,369,46.9" /></mjloggm>