<mjloggm ver="2.3"><GO type="225" lobby="0"/><UN n0="%E3%81%AD%E3%82%80%E3%81%84%40%E9%9B%80%E9%B3%B4%E4%BC%9A" n1="%E3%81%95%E3%81%8D%E3%81%9F%E3%81%BE%E6%9E%97%E6%AA%8E" n2="%E3%83%96%E3%83%83%E3%83%91%E3%82%AA%E3%83%96%E3%83%81%E3%82%AD%E3%83%B3" n3="%E6%80%AA%E3%81%97%E3%81%99%E3%81%8E%E3%82%8B%E3%83%81%E3%83%BC" dan="16,16,16,16" rate="2205.74,2079.71,2120.99,2081.19" sx="F,M,M,M"/><TAIKYOKU oya="0"/><INIT seed="0,0,0,5,3,71" ten="250,250,250,250" oya="0" hai0="18,9,64,7,3,22,23,116,27,2,131,88,41" hai1="95,68,92,29,91,50,127,13,40,84,56,63,77" hai2="14,73,67,107,79,38,43,12,118,133,17,60,114" hai3="21,48,55,37,132,102,110,51,11,115,46,52,69"/><T20/><D116/><U111/><E111/><V15/><F114/><W36/><G115/><T1/><D64/><U96/><E127/><V85/><F107/><W28/><G110/><T42/><D42/><U19/><E68/><V105/><F105/><W109/><G109/><T120/><D41/><U30/><E40/><V123/><F118/><W61/><G132/><T25/><D120/><U10/><E50/><V119/><F119/><W93/><G11/><T45/><D45/><U49/><E49/><V75/><F123/><W130/><G130/><T70/><D70/><U108/><E108/><V39/><F133/><W32/><G32/><T135/><D135/><U31/><E77/><V80/><F17/><W4/><G4/><T106/><D106/><U90/><REACH who="1" step="1"/><E31/><REACH who="1" ten="250,240,250,250" step="2"/><V35/><F43/><W101/><G69/><T126/><D126/><U59/><E59/><V124/><F124/><W98/><G61/><T81/><D131/><U134/><E134/><V83/><F35/><W89/><G36/><T62/><D62/><U121/><E121/><V125/><F125/><W86/><G37/><T117/><D117/><U8/><E8/><V113/><F113/><W97/><G28/><T103/><D9/><U65/><AGARI ba="0,1" hai="10,13,19,29,30,56,63,65,84,90,91,92,95,96" machi="65" ten="20,5200,0" yaku="1,1,0,1,7,1,8,1,53,0" doraHai="71" doraHaiUra="72" who="1" fromWho="1" sc="250,-26,240,62,250,-13,250,-13" /><INIT seed="1,0,0,5,4,24" ten="224,302,237,237" oya="1" hai0="13,3,34,57,35,63,36,18,59,115,46,53,80" hai1="27,135,21,51,79,82,56,6,102,50,11,66,106" hai2="112,39,92,7,10,72,73,30,133,78,132,17,103" hai3="121,88,60,129,94,42,52,123,9,109,75,93,40"/><U131/><E131/><V117/><F117/><W5/><G75/><T43/><D115/><U98/><E135/><N who="2" m="51787" /><F112/><W108/><G129/><T0/><D80/><U25/><E25/><V49/><F39/><W122/><G94/><T74/><D74/><N who="2" m="28778" /><F78/><W19/><G19/><T70/><D59/><U91/><E91/><V124/><F124/><W26/><G26/><T20/><REACH who="0" step="1"/><D70/><REACH who="0" ten="214,302,237,237" step="2"/><U64/><E82/><V1/><F17/><W32/><G109/><T134/><D134/><U58/><E58/><V113/><F113/><W104/><G108/><T71/><D71/><U95/><E56/><V100/><F92/><W33/><G93/><T81/><D81/><U85/><E95/><V48/><F30/><W55/><G121/><T41/><D41/><U4/><E106/><V97/><F97/><W120/><G104/><T110/><D110/><U84/><E98/><V37/><F37/><W2/><G120/><T12/><D12/><U107/><E107/><V22/><F22/><W31/><G122/><T128/><D128/><U69/><E21/><V77/><F77/><W45/><G31/><T23/><D23/><U86/><E79/><V47/><F47/><W89/><G45/><T65/><D65/><U118/><E66/><V127/><F127/><W8/><G123/><T68/><D68/><U16/><E64/><V44/><F44/><W101/><G42/><T14/><D14/><U90/><E69/><V29/><F29/><W87/><G40/><T119/><D119/><U116/><E116/><V105/><F105/><W28/><G28/><T114/><D114/><U15/><E118/><RYUUKYOKU ba="0,1" sc="214,15,302,-15,237,15,237,-15" hai0="0,3,13,18,20,34,35,36,43,46,53,57,63" hai2="1,7,10,48,49,100,103" /><INIT seed="2,1,1,1,1,129" ten="229,287,252,222" oya="2" hai0="77,64,42,54,108,36,41,122,73,34,22,56,28" hai1="40,91,132,90,99,109,1,131,13,11,21,81,88" hai2="14,63,45,52,89,101,78,69,76,24,66,60,6" hai3="130,116,37,26,32,112,47,44,15,55,95,79,127"/><V61/><F101/><W2/><G116/><T85/><D122/><U5/><E131/><V27/><F69/><W125/><G2/><T8/><D34/><U123/><E123/><V25/><F66/><W18/><G130/><T62/><D73/><U107/><E40/><N who="0" m="15465" /><D36/><U23/><E1/><V102/><F102/><W49/><G112/><T38/><D38/><U33/><E33/><V9/><REACH who="2" step="1"/><F89/><REACH who="2" ten="229,287,242,222" step="2"/><W50/><G125/><T43/><D64/><U67/><E88/><V98/><F98/><W12/><G127/><T118/><D118/><U121/><E90/><V72/><F72/><W65/><G65/><T134/><D77/><U31/><E91/><V19/><F19/><W97/><G18/><T84/><D84/><U87/><E87/><V58/><F58/><W74/><G79/><T120/><D85/><U83/><E67/><V126/><F126/><W57/><G74/><T30/><D120/><U4/><E99/><V46/><F46/><W16/><G57/><T86/><D56/><U114/><E121/><V70/><F70/><W92/><G97/><T10/><D86/><U117/><E117/><V59/><F59/><W135/><G47/><T124/><D124/><U51/><E81/><V110/><F110/><W48/><G44/><T3/><D108/><U71/><E83/><V0/><F0/><W93/><G16/><T17/><D17/><U29/><E71/><V115/><F115/><W53/><G37/><T104/><D3/><U103/><E109/><V105/><F105/><W100/><G100/><T35/><D104/><U75/><E107/><V20/><F20/><RYUUKYOKU ba="1,2" sc="229,-10,287,-10,242,30,222,-10" hai2="6,9,14,24,25,27,45,52,60,61,63,76,78" /><INIT seed="2,2,2,1,1,25" ten="219,277,272,212" oya="2" hai0="122,119,81,103,77,104,39,106,54,108,14,49,9" hai1="13,5,109,10,82,92,86,60,84,56,72,15,48" hai2="68,127,88,7,133,107,24,18,75,46,28,100,120" hai3="102,51,121,17,112,67,134,93,80,27,132,130,16"/><V71/><F120/><W83/><G121/><T128/><D122/><U45/><E109/><V95/><F7/><W4/><G130/><T73/><D39/><U78/><E15/><V34/><F127/><W131/><G131/><T23/><D128/><U37/><E37/><V115/><F115/><W135/><G112/><T31/><D108/><U41/><E92/><V57/><F133/><W90/><G102/><T97/><D119/><U3/><E3/><V129/><F129/><W124/><G124/><T74/><D23/><U52/><AGARI ba="2,2" hai="5,10,13,41,45,48,52,56,60,72,78,82,84,86" machi="52" ten="20,2700,0" yaku="0,1,7,1,54,1" doraHai="25" who="1" fromWho="1" sc="219,-9,277,53,272,-15,212,-9" /><INIT seed="3,0,0,2,2,88" ten="210,330,257,203" oya="3" hai0="65,62,12,1,70,132,48,93,61,86,27,121,19" hai1="34,3,107,53,36,128,51,98,90,7,102,50,41" hai2="29,74,63,85,8,114,60,80,45,5,66,38,22" hai3="124,122,104,46,117,11,87,113,43,112,83,84,110"/><W111/><G122/><T16/><D121/><U18/><E34/><V44/><F114/><W71/><G117/><T115/><D1/><U15/><E36/><V89/><F74/><W54/><G124/><T64/><D132/><U6/><E3/><V10/><F38/><W116/><G116/><T4/><D115/><U37/><E37/><V32/><F32/><W96/><G71/><T67/><D48/><U31/><E31/><V21/><F63/><N who="0" m="24074" /><D70/><U123/><E123/><V126/><F126/><W39/><G54/><T109/><D109/><N who="3" m="41481" /><G11/><N who="2" m="4137" /><F5/><W30/><G30/><T101/><D4/><U94/><E128/><V69/><F69/><W103/><G84/><T58/><D58/><U9/><E41/><V125/><F125/><W91/><AGARI ba="0,0" hai="39,43,46,83,87,91,96,103,104,112,113" m="41481" machi="91" ten="30,3000,0" yaku="14,1,10,1" doraHai="88" who="3" fromWho="3" sc="210,-10,330,-10,257,-10,203,30" /><INIT seed="3,1,0,1,0,82" ten="200,320,247,233" oya="3" hai0="40,17,127,10,30,20,55,54,111,116,92,115,100" hai1="18,114,113,68,80,23,99,4,107,15,41,110,69" hai2="103,6,126,88,119,118,49,21,71,95,102,79,128" hai3="5,120,109,38,132,96,25,93,124,52,135,22,72"/><W108/><G120/><T112/><D116/><N who="2" m="44586" /><F71/><W85/><G72/><T131/><D40/><U64/><E110/><N who="3" m="42602" /><G124/><T97/><D111/><U77/><E41/><V62/><F62/><W12/><G38/><T123/><D123/><U122/><E122/><V47/><F21/><W125/><G125/><T26/><D127/><U70/><E64/><V1/><F6/><W42/><G85/><T32/><D131/><U83/><E4/><V7/><F7/><W46/><G52/><T73/><D73/><U53/><E53/><V104/><F49/><N who="3" m="26839" /><G12/><T2/><D2/><U67/><E67/><V28/><F47/><W105/><G105/><T35/><D55/><U27/><E15/><V121/><F1/><W87/><G87/><T13/><REACH who="0" step="1"/><D54/><REACH who="0" ten="190,320,247,233" step="2"/><U36/><E114/><AGARI ba="1,1" hai="10,13,17,20,26,30,32,35,92,97,100,112,114,115" machi="114" ten="40,8000,1" yaku="1,1,2,1,11,1,53,1" doraHai="82" doraHaiUra="91" who="0" fromWho="1" sc="190,93,320,-83,247,0,233,0" /><INIT seed="4,0,0,2,0,41" ten="283,237,247,233" oya="0" hai0="74,103,8,48,6,118,33,84,96,68,75,80,36" hai1="61,134,66,131,13,109,132,3,86,106,98,110,23" hai2="102,59,70,52,29,105,88,123,76,18,112,16,43" hai3="94,117,12,62,57,82,129,38,37,39,130,81,128"/><T21/><D118/><U100/><E3/><V11/><F123/><W24/><G117/><T73/><D33/><U44/><E131/><N who="3" m="33538" /><W14/><DORA hai="7" /><G94/><T40/><D36/><N who="3" m="9217" /><W89/><DORA hai="55" /><G24/><T126/><D68/><U114/><E114/><V60/><F112/><W58/><G89/><T125/><D21/><U95/><E23/><V90/><F76/><W28/><G28/><T91/><D40/><U46/><E13/><N who="3" m="5226" /><G62/><T93/><REACH who="0" step="1"/><D48/><REACH who="0" ten="273,237,247,233" step="2"/><U122/><E122/><V47/><F43/><W54/><G54/><T87/><D87/><U133/><E86/><V121/><F52/><W69/><G69/><T116/><D116/><U99/><E110/><V85/><F70/><W124/><G124/><T49/><D49/><U22/><E109/><V0/><F85/><W56/><AGARI ba="0,1" hai="56,57,58,81,82" m="5226,9217,33538" machi="56" ten="60,12000,2" yaku="28,2,19,1,52,3" doraHai="41,7,55" who="3" fromWho="3" sc="273,-60,237,-30,247,-30,233,130" owari="213,-18.7,207,-29.3,217,1.7,363,46.3" /></mjloggm>