<mjloggm ver="2.3"><GO type="225" lobby="0"/><UN n0="%72%65%6E%6B%75%6E" n1="%4C%4F%4C%49%54%41" n2="%E3%83%A9%E3%82%A4%E3%83%B3%E3%81%AE%E8%99%8E" n3="%41%6F%54" dan="17,16,16,16" rate="2211.27,2118.34,2166.05,2073.07" sx="M,F,M,M"/><TAIKYOKU oya="0"/><INIT seed="0,0,0,1,3,58" ten="250,250,250,250" oya="0" hai0="62,16,28,24,102,48,31,64,86,21,76,75,106" hai1="12,71,121,115,17,29,128,69,7,1,6,116,35" hai2="19,111,50,108,2,47,80,4,110,60,5,120,107" hai3="59,84,129,87,92,37,134,105,74,45,20,127,46"/><T133/><D75/><U94/><E116/><V26/><F120/><W91/><G105/><T67/><D133/><U11/><E121/><V117/><F107/><W39/><G74/><T96/><D48/><U72/><E72/><V36/><F36/><W83/><G134/><T30/><REACH who="0" step="1"/><D62/><REACH who="0" ten="240,250,250,250" step="2"/><U52/><E115/><V85/><F60/><W132/><G132/><T73/><D73/><U0/><E128/><V44/><F50/><W42/><G129/><T43/><D43/><U89/><E0/><V103/><F2/><W15/><G37/><T10/><D10/><U8/><E1/><V57/><F111/><W38/><G38/><T130/><D130/><U27/><E8/><V9/><F9/><W97/><G39/><T113/><D113/><U109/><E109/><V93/><F108/><W33/><G42/><T55/><D55/><U65/><E52/><V119/><F110/><W77/><G45/><T101/><D101/><U66/><E6/><V99/><F44/><W122/><G46/><T14/><D14/><U90/><E7/><V51/><F4/><W100/><G122/><T18/><D18/><U54/><E54/><N who="2" m="31967" /><F47/><W53/><G15/><T56/><D56/><U124/><E11/><V114/><F5/><W95/><G59/><T104/><D104/><U82/><E12/><V32/><F114/><W34/><G53/><T98/><D98/><U112/><E112/><V61/><F61/><W40/><G40/><T131/><D131/><U22/><E17/><V123/><F123/><W118/><G118/><T13/><D13/><U81/><E66/><V70/><F119/><RYUUKYOKU ba="0,1" sc="240,30,250,-10,250,-10,250,-10" hai0="16,21,24,28,30,31,64,67,76,86,96,102,106" /><INIT seed="0,1,1,4,4,96" ten="270,240,240,240" oya="0" hai0="15,99,89,28,1,34,129,12,13,120,87,21,81" hai1="14,52,102,55,72,2,27,114,85,49,75,16,5" hai2="121,91,128,11,76,42,115,101,111,44,35,20,73" hai3="23,100,61,86,131,25,53,58,88,123,106,82,98"/><T66/><D120/><U62/><E114/><V0/><F121/><W90/><G123/><T67/><D1/><U95/><E2/><V83/><F115/><W47/><G131/><T94/><D34/><U109/><E109/><V45/><F128/><W118/><G118/><T6/><D6/><U125/><E125/><V36/><F45/><W105/><G47/><T135/><D135/><U104/><E104/><V107/><F91/><W51/><G105/><T56/><D129/><U46/><E75/><V97/><F20/><W132/><G132/><T78/><REACH who="0" step="1"/><D56/><REACH who="0" ten="260,240,240,240" step="2"/><U130/><E5/><N who="2" m="1447" /><F111/><W60/><REACH who="3" step="1"/><G90/><REACH who="3" ten="260,240,240,230" step="2"/><T48/><D48/><U108/><E49/><V79/><F79/><W117/><G117/><T119/><D119/><U30/><E130/><V133/><F133/><W37/><G37/><T92/><D92/><U22/><E95/><V50/><F50/><W84/><G84/><T70/><D70/><U54/><E108/><V26/><F36/><W38/><G38/><T68/><D68/><U32/><E85/><V3/><F76/><W18/><AGARI ba="1,3" hai="18,23,25,51,53,58,60,61,82,86,88,98,100,106" machi="18" ten="20,12000,2" yaku="1,1,0,1,7,1,52,1,54,1,53,1" doraHai="96" doraHaiUra="93" who="3" fromWho="3" sc="260,-61,240,-31,240,-31,230,153" /><INIT seed="1,0,0,5,4,119" ten="199,209,209,383" oya="1" hai0="118,56,19,116,48,4,17,60,35,44,76,69,55" hai1="85,20,105,127,77,92,134,42,49,25,15,8,102" hai2="126,9,46,128,82,67,121,130,2,95,14,10,62" hai3="34,117,16,135,43,36,29,112,40,79,70,31,113"/><U26/><E105/><V74/><F126/><W114/><G70/><T110/><D35/><U89/><E127/><V83/><F95/><W111/><G117/><T47/><D110/><U71/><E71/><V87/><F46/><W13/><G111/><T6/><D76/><U39/><E134/><V125/><F125/><W100/><G135/><T107/><D107/><U65/><E65/><V33/><F33/><W12/><G100/><T108/><D69/><U115/><E115/><V3/><F74/><W32/><G79/><T11/><D108/><U132/><E132/><V57/><F10/><W97/><G97/><T73/><D73/><U38/><E102/><V27/><F27/><W103/><G103/><T75/><D75/><U24/><E77/><N who="2" m="46543" /><F83/><W59/><G113/><T58/><D116/><U80/><E92/><V133/><F133/><W21/><G59/><T30/><D30/><U5/><REACH who="1" step="1"/><E20/><REACH who="1" ten="199,199,209,383" step="2"/><V52/><F67/><W131/><G21/><T88/><D118/><U22/><E22/><V64/><F64/><W120/><G114/><T93/><D11/><U96/><E96/><V84/><F9/><W72/><G112/><T61/><D6/><U81/><E81/><V37/><F128/><W86/><G131/><T101/><D101/><U0/><E0/><V78/><F2/><W41/><G32/><T7/><D7/><U91/><E91/><V124/><F3/><W90/><G90/><T109/><D4/><U99/><E99/><V45/><F124/><W68/><G68/><T1/><D1/><U122/><E122/><V23/><F121/><W66/><G120/><RYUUKYOKU ba="0,1" sc="199,-10,199,30,209,-10,383,-10" hai1="5,8,15,24,25,26,38,39,42,49,80,85,89" /><INIT seed="1,1,1,3,5,59" ten="189,229,199,373" oya="1" hai0="31,108,21,26,48,18,45,19,17,83,97,102,84" hai1="42,109,35,72,71,104,81,98,66,68,124,30,99" hai2="1,0,67,86,3,37,133,69,24,74,121,43,4" hai3="77,106,91,126,5,128,115,100,16,70,111,14,49"/><U116/><E116/><V96/><F86/><W78/><G70/><T87/><D108/><U61/><E124/><V6/><F133/><W62/><G115/><T55/><REACH who="0" step="1"/><D83/><REACH who="0" ten="179,229,199,373" step="2"/><U39/><E109/><V73/><F121/><W129/><G111/><T52/><D52/><U44/><E104/><AGARI ba="1,2" hai="17,18,19,21,26,31,45,48,55,84,87,97,102,104" machi="104" ten="40,1300,0" yaku="1,1,53,0" doraHai="59" doraHaiUra="89" who="0" fromWho="1" sc="179,36,229,-16,199,0,373,0" /><INIT seed="2,0,0,3,0,69" ten="215,213,199,373" oya="2" hai0="131,86,117,60,52,32,121,47,18,77,120,81,115" hai1="62,75,83,100,108,30,54,46,1,64,127,85,126" hai2="66,20,25,50,42,112,29,22,40,82,122,0,26" hai3="105,109,39,11,116,19,73,74,123,135,17,41,79"/><V76/><F112/><W99/><G17/><T49/><D115/><U133/><E1/><V24/><F122/><W68/><G19/><T35/><D131/><U124/><E108/><V94/><F0/><W28/><G109/><T91/><D117/><U10/><E133/><V33/><F66/><W113/><G113/><T5/><D5/><U7/><E30/><V9/><F9/><W51/><G51/><T87/><D18/><U63/><E75/><V36/><F33/><W107/><G11/><T129/><D129/><U59/><E100/><V55/><F94/><W15/><G15/><T101/><D101/><U88/><E46/><V102/><F102/><W106/><G99/><T89/><D77/><U48/><E64/><V72/><F36/><W38/><G135/><T21/><D21/><U110/><E110/><V90/><F90/><W61/><G116/><T71/><D71/><U3/><AGARI ba="0,0" hai="3,7,10,48,54,59,62,63,83,85,88,124,126,127" machi="3" ten="30,4000,0" yaku="0,1,18,1,54,1" doraHai="69" who="1" fromWho="1" sc="215,-10,213,40,199,-20,373,-10" /><INIT seed="3,0,0,0,0,36" ten="205,253,179,363" oya="3" hai0="43,127,101,119,29,35,114,58,8,47,26,116,112" hai1="10,18,123,104,113,20,68,21,111,62,135,5,107" hai2="82,63,12,0,124,72,19,74,86,1,131,57,134" hai3="33,30,56,65,49,4,133,67,15,46,34,64,27"/><W115/><G115/><N who="0" m="44075" /><D127/><U28/><E113/><V66/><F124/><W23/><G133/><T61/><D101/><U84/><E123/><V129/><F134/><W31/><G4/><T13/><D47/><U121/><E121/><V11/><F72/><W52/><G15/><T2/><D2/><U122/><E111/><V40/><F74/><W106/><G106/><T14/><D43/><U71/><E104/><V85/><F85/><W53/><G31/><T88/><D88/><U83/><E28/><V108/><F108/><W100/><G100/><T81/><D81/><U132/><E83/><V24/><F24/><W102/><G102/><T130/><D130/><U9/><E107/><V76/><REACH who="2" step="1"/><F40/><REACH who="2" ten="205,253,169,363" step="2"/><W44/><G27/><T109/><D109/><U38/><E84/><V73/><F73/><W51/><G34/><T103/><D103/><U55/><E132/><V117/><F117/><N who="0" m="45130" /><D8/><U96/><E10/><V92/><F92/><W97/><G33/><T48/><D48/><U80/><E9/><V60/><F60/><W87/><G51/><T3/><D3/><AGARI ba="0,1" hai="0,1,3,11,12,19,57,63,66,76,82,86,129,131" machi="3" ten="40,5200,0" yaku="1,1,53,2" doraHai="36" doraHaiUra="126" who="2" fromWho="0" sc="205,-52,253,0,169,62,363,0" owari="153,-34.7,253,5.3,231,-16.9,363,46.3" /></mjloggm>