<mjloggm ver="2.3"><GO type="225" lobby="0"/><UN n0="%E3%81%BF%E3%81%BF%E3%81%9A" n1="%E5%B8%86%E7%AB%8B%E5%A4%8F%E8%A1%A3" n2="%E8%81%B7%E6%A5%AD%E3%80%81%E9%A2%A8%32" n3="%72%69%6F%75%63%68%61%6E" dan="17,17,16,16" rate="2213.32,2210.77,2165.95,2114.63" sx="M,M,M,M"/><TAIKYOKU oya="0"/><INIT seed="0,0,0,0,4,8" ten="250,250,250,250" oya="0" hai0="73,64,27,59,44,70,90,42,120,102,132,95,111" hai1="130,43,128,113,28,133,9,72,87,82,13,126,26" hai2="104,91,80,74,35,2,67,63,134,83,15,33,50" hai3="85,124,57,56,10,11,37,49,77,116,24,45,25"/><T109/><D73/><U68/><E68/><V31/><F2/><W22/><G124/><T135/><D102/><U21/><E126/><V40/><F134/><N who="0" m="51242" /><D27/><U54/><E133/><V99/><F74/><W131/><G131/><N who="1" m="50218" /><E72/><V62/><F31/><W81/><G116/><T106/><D106/><U78/><E43/><V115/><F115/><W6/><G37/><N who="0" m="21583" /><D120/><U19/><E54/><V36/><F104/><W58/><G6/><T84/><D70/><U101/><E101/><V4/><F40/><W1/><G1/><T127/><D127/><U53/><E53/><V76/><F35/><W94/><G24/><T16/><D64/><U18/><E113/><V65/><F33/><W86/><G45/><T125/><D125/><U129/><N who="1" m="50226" /><U47/><DORA hai="105" /><E47/><V48/><F65/><W60/><G49/><T32/><D59/><U117/><E117/><V23/><F50/><W51/><G51/><T20/><D32/><U34/><E34/><V66/><F67/><W123/><G123/><T118/><D118/><U108/><E108/><V107/><F66/><W5/><G5/><AGARI ba="0,0" hai="5,9,13,18,19,21,26,28,78,82,87" m="50226" machi="5" ten="40,2600,0" yaku="19,1,52,1" doraHai="8,105" who="1" fromWho="3" sc="250,0,250,26,250,0,250,-26" /><INIT seed="1,0,0,0,1,15" ten="250,276,250,224" oya="1" hai0="47,94,78,49,9,69,59,6,115,92,10,130,11" hai1="121,82,38,0,104,125,120,105,107,101,118,45,32" hai2="106,129,41,66,13,112,36,30,40,34,111,76,72" hai3="77,113,48,17,91,62,33,18,44,133,57,117,123"/><U81/><E0/><V124/><F111/><W1/><G123/><N who="1" m="47178" /><E45/><V131/><F106/><N who="1" m="41065" /><E38/><V65/><F124/><W60/><G133/><T95/><D69/><U52/><E52/><V68/><F76/><W21/><G113/><T98/><D115/><U96/><E32/><V5/><F72/><W25/><G117/><T114/><D130/><N who="2" m="49674" /><F112/><W132/><G132/><T56/><D114/><U93/><E118/><V26/><F68/><W55/><G77/><T79/><D98/><N who="1" m="61879" /><E125/><V7/><F36/><W58/><G1/><T28/><D6/><N who="2" m="2058" /><F13/><W35/><G35/><T71/><D71/><U67/><E67/><AGARI ba="0,0" hai="26,30,34,40,41,65,66,67" m="2058,49674" machi="67" ten="30,1000,0" yaku="19,1" doraHai="15" who="2" fromWho="1" sc="250,0,276,-10,250,10,224,0" /><INIT seed="2,0,0,1,4,14" ten="250,266,260,224" oya="2" hai0="50,88,21,82,40,105,116,119,74,22,111,45,12" hai1="118,93,134,72,127,110,100,80,25,47,68,98,7" hai2="36,75,84,52,35,58,61,67,38,44,94,5,123" hai3="18,39,56,17,69,9,70,121,3,108,1,26,106"/><V41/><F75/><W6/><G121/><T16/><D111/><U55/><E68/><V46/><F123/><W65/><G108/><T11/><D105/><U60/><E110/><V125/><F35/><W109/><G109/><T89/><D74/><U13/><E118/><N who="0" m="45097" /><D82/><U53/><E127/><V126/><F5/><W54/><G39/><T33/><D33/><U101/><E134/><V20/><F20/><AGARI ba="0,0" hai="11,12,16,20,21,22,40,45,50,88,89" m="45097" machi="20" ten="30,7700,0" yaku="12,1,52,1,54,2" doraHai="14" who="0" fromWho="2" sc="250,77,266,0,260,-77,224,0" /><INIT seed="3,0,0,1,0,35" ten="327,266,183,224" oya="3" hai0="115,88,44,12,28,113,2,118,82,93,87,129,124" hai1="27,59,94,122,86,74,23,79,76,0,125,17,56" hai2="4,29,63,135,55,15,103,121,98,114,130,78,45" hai3="117,39,50,83,61,58,34,104,116,80,64,51,107"/><W5/><G39/><T96/><D2/><U1/><E122/><V67/><F114/><N who="0" m="43530" /><D124/><U106/><E106/><V95/><F130/><W73/><G34/><T26/><D129/><U102/><E125/><V25/><F121/><W11/><G107/><T132/><D132/><U123/><E123/><V42/><F135/><W53/><G104/><T131/><D131/><U85/><E74/><V119/><F119/><W43/><G43/><T99/><D118/><U72/><E72/><V37/><F78/><W65/><G50/><T33/><D44/><U77/><E102/><V109/><F109/><W18/><G18/><T128/><D128/><U54/><E59/><V47/><F55/><W31/><G65/><T14/><D99/><U66/><E66/><V91/><F47/><W38/><G31/><T7/><D7/><U133/><E133/><V36/><F36/><W30/><G30/><T111/><D111/><U20/><E20/><V13/><F4/><W16/><G38/><T75/><D75/><U108/><E108/><V68/><REACH who="2" step="1"/><F103/><AGARI ba="0,0" hai="12,14,26,28,33,82,87,88,93,96,103" m="43530" machi="103" ten="30,2000,0" yaku="11,1,54,1" doraHai="35" who="0" fromWho="2" sc="327,20,266,0,183,-20,224,0" owari="347,44.7,266,6.6,163,-33.7,224,-17.6" /></mjloggm>