<mjloggm ver="2.3"><GO type="225" lobby="0"/><UN n0="%72%61%6B%33" n1="%E3%83%A9%E3%83%BC%E3%83%A1%E3%83%B3%E4%BA%94%E9%83%8E" n2="%E3%82%BC%E3%83%AB%E3%83%80%E3%81%AE%E4%BC%9D%E8%AA%AC" n3="%E6%98%93%E5%88%A9%E8%96%A9%E4%BC%AF" dan="16,16,17,17" rate="2103.21,2062.87,2147.46,2212.78" sx="M,M,M,F"/><TAIKYOKU oya="0"/><INIT seed="0,0,0,5,1,125" ten="250,250,250,250" oya="0" hai0="65,113,91,2,8,18,111,54,16,56,36,87,85" hai1="35,49,23,103,64,95,4,41,78,109,123,126,99" hai2="7,135,81,32,134,53,59,69,20,14,45,74,15" hai3="25,67,51,19,55,124,12,131,115,39,71,94,107"/><T57/><D113/><U63/><E123/><V50/><F32/><W114/><G107/><T105/><D36/><U60/><E35/><V10/><F69/><W3/><G39/><T129/><D105/><U26/><E126/><V37/><F20/><W128/><G3/><T76/><D111/><U5/><E109/><V97/><F97/><W27/><G124/><T108/><D108/><U101/><E78/><V42/><REACH who="2" step="1"/><F15/><REACH who="2" ten="250,250,240,250" step="2"/><W93/><G114/><T33/><D33/><U13/><E13/><V48/><F48/><W17/><G115/><T120/><D120/><U119/><E49/><V1/><F1/><W58/><G12/><T9/><D2/><U82/><E99/><V21/><F21/><W31/><G71/><T121/><D121/><U84/><E23/><V116/><F116/><W47/><G31/><T106/><D8/><U88/><E119/><V40/><F40/><W75/><G75/><T122/><D9/><U118/><E118/><V86/><F86/><W22/><G22/><T29/><D87/><N who="1" m="52639" /><E41/><V112/><F112/><W104/><G27/><T132/><D85/><U80/><E26/><V133/><F133/><W61/><G25/><T72/><D132/><U89/><E84/><V52/><F52/><W117/><G117/><T73/><D54/><U43/><E43/><V100/><F100/><W24/><G24/><T46/><D122/><U130/><E103/><V68/><F68/><W30/><G30/><T127/><D127/><U77/><E101/><V62/><F62/><W28/><G28/><T66/><D73/><N who="1" m="43055" /><E63/><V38/><F38/><W44/><G61/><RYUUKYOKU ba="0,1" sc="250,-10,250,-10,240,30,250,-10" hai2="7,10,14,37,42,45,50,53,59,74,81,134,135" /><INIT seed="1,1,1,3,5,110" ten="240,240,270,240" oya="1" hai0="2,112,120,59,29,35,114,106,74,94,88,1,56" hai1="57,81,4,52,58,124,96,13,11,5,93,40,131" hai2="49,73,80,100,26,27,3,132,75,55,104,42,113" hai3="9,92,130,25,53,39,126,14,72,44,121,23,129"/><U77/><E124/><V18/><F3/><W61/><G121/><T128/><D106/><U108/><E131/><V60/><F132/><W6/><G72/><T97/><D74/><U68/><E68/><V118/><F118/><W127/><G92/><T102/><D102/><U78/><E108/><V63/><F100/><W67/><G39/><T33/><D128/><N who="3" m="49257" /><G44/><T66/><D120/><U17/><E40/><V135/><F104/><W105/><G53/><T122/><D122/><U19/><E4/><V20/><F135/><W98/><G98/><T47/><D47/><U86/><E78/><V37/><F73/><W36/><G36/><T30/><D66/><U95/><E58/><V28/><F37/><W76/><G76/><T22/><D22/><U111/><E111/><V79/><F42/><W69/><G105/><T16/><D94/><N who="1" m="35851" /><E96/><V48/><F48/><AGARI ba="1,1" hai="5,11,13,17,19,48,52,57,77,81,86" m="35851" machi="48" ten="30,2900,0" yaku="8,1,54,1" doraHai="110" who="1" fromWho="2" sc="240,0,240,42,270,-32,240,0" /><INIT seed="1,2,0,4,4,73" ten="240,282,238,240" oya="1" hai0="20,38,69,44,85,90,110,8,117,48,49,120,10" hai1="71,52,108,121,100,12,91,64,41,19,1,77,95" hai2="109,79,72,101,54,3,76,97,68,130,0,30,75" hai3="32,131,134,113,67,106,104,5,28,84,74,82,62"/><U9/><E121/><V89/><F68/><W17/><G113/><T14/><D117/><U86/><E1/><V128/><F89/><W25/><G74/><N who="2" m="28201" /><F30/><W24/><G131/><N who="2" m="50217" /><F54/><W81/><G5/><T126/><D69/><U42/><E71/><V124/><F109/><W50/><G50/><T102/><D48/><U87/><E108/><V29/><F124/><W36/><G36/><T11/><D38/><U39/><E39/><V21/><F29/><W34/><G82/><T13/><D126/><U135/><E64/><V63/><F63/><W16/><G134/><T129/><D110/><U133/><E52/><V45/><F45/><W65/><G34/><T47/><D47/><U123/><E123/><V94/><F21/><W119/><G119/><T96/><D20/><U98/><E135/><V56/><F56/><W127/><G127/><T115/><D129/><U112/><E133/><V27/><F27/><W59/><G67/><T107/><D120/><U116/><E116/><V111/><F111/><W66/><G66/><T26/><D26/><U93/><REACH who="1" step="1"/><E112/><REACH who="1" ten="240,272,238,240" step="2"/><V6/><F0/><W35/><G35/><T114/><D115/><U55/><E55/><V118/><F118/><W23/><REACH who="3" step="1"/><G17/><REACH who="3" ten="240,272,238,230" step="2"/><T58/><D114/><U53/><E53/><V4/><F3/><W2/><G2/><T80/><REACH who="0" step="1"/><D58/><REACH who="0" ten="230,272,238,230" step="2"/><U88/><E88/><AGARI ba="2,3" hai="16,23,24,25,28,32,59,62,65,81,84,88,104,106" machi="88" ten="30,8000,1" yaku="1,1,7,1,54,2,53,1" doraHai="73" doraHaiUra="57" who="3" fromWho="1" sc="230,0,272,-86,238,0,230,116" /><INIT seed="2,0,0,3,4,94" ten="230,186,238,346" oya="2" hai0="131,83,44,65,52,4,29,43,26,127,59,101,88" hai1="24,18,51,64,40,91,5,128,74,35,62,118,37" hai2="72,112,95,99,130,39,19,0,81,22,66,70,80" hai3="12,16,110,45,134,20,122,76,1,50,116,121,107"/><V17/><F112/><W27/><G116/><T115/><D115/><U96/><E118/><V126/><F39/><W124/><G1/><T125/><D131/><U60/><E128/><V49/><F130/><W10/><G110/><T34/><D65/><U54/><E74/><V9/><F126/><N who="0" m="48138" /><D4/><U38/><E5/><V105/><F105/><W120/><G124/><T90/><D101/><U13/><E40/><V85/><F72/><W132/><G76/><T32/><D83/><U86/><E35/><V69/><F49/><W98/><G98/><T97/><D97/><U92/><E86/><V104/><F104/><W61/><G61/><N who="0" m="36071" /><D32/><U55/><E60/><V73/><F73/><W106/><G106/><T7/><D7/><U108/><E62/><V84/><F66/><W123/><G107/><T25/><D25/><U57/><E24/><V41/><F81/><W53/><N who="3" m="30720" /><DORA hai="46" /><W77/><REACH who="3" step="1"/><G77/><REACH who="3" ten="230,186,238,336" step="2"/><T87/><D87/><U3/><E3/><V31/><F0/><W113/><G113/><T78/><D78/><U63/><E108/><V129/><F84/><W79/><G79/><T133/><D133/><U135/><E135/><V56/><F85/><W33/><G33/><T114/><D114/><U15/><E15/><V28/><F129/><W75/><G75/><T67/><D67/><U93/><E64/><V103/><F99/><W102/><G102/><T119/><D119/><U23/><E93/><V42/><F95/><W47/><G47/><AGARI ba="0,1" hai="13,18,23,37,38,47,51,54,55,57,63,91,92,96" machi="47" ten="30,3900,0" yaku="7,1,52,2" doraHai="94,46" who="1" fromWho="3" sc="230,0,186,49,238,0,336,-39" /><INIT seed="3,0,0,5,5,78" ten="230,235,238,297" oya="3" hai0="0,40,19,96,25,61,36,2,5,12,41,33,124" hai1="75,59,47,15,128,53,89,26,38,7,46,14,117" hai2="23,131,44,82,111,68,42,45,17,29,21,129,84" hai3="30,100,65,39,43,135,10,127,94,103,6,64,11"/><W27/><G135/><T119/><D119/><U63/><E75/><V69/><F111/><W88/><G39/><T113/><D61/><U115/><E115/><V74/><F74/><W66/><G43/><T57/><D57/><U62/><E117/><V104/><F104/><W35/><G127/><T32/><D124/><U34/><E128/><N who="2" m="49227" /><F29/><W134/><G134/><T133/><D133/><U79/><E79/><N who="2" m="46175" /><F44/><W118/><G11/><T114/><D96/><U18/><E38/><N who="2" m="21719" /><F21/><W112/><G112/><T122/><D36/><U49/><E47/><V98/><F98/><W106/><G106/><T87/><D87/><U83/><E46/><V109/><F109/><W20/><G35/><T56/><D41/><U4/><E34/><V72/><F72/><W8/><G118/><T101/><D40/><U55/><E63/><V31/><F31/><W123/><G123/><T99/><D122/><U80/><E62/><V50/><F50/><W73/><G73/><T77/><D32/><U132/><E132/><V13/><AGARI ba="0,0" hai="13,17,23,68,69" m="21719,46175,49227" machi="13" ten="30,2000,0" yaku="19,1,52,1" doraHai="78" who="2" fromWho="2" sc="230,-5,235,-5,238,20,297,-10" /><INIT seed="4,0,0,5,5,128" ten="225,230,258,287" oya="0" hai0="90,89,95,36,0,71,3,11,121,55,80,67,113" hai1="60,26,132,88,73,45,12,53,114,14,110,29,79" hai2="42,118,50,57,86,83,63,48,102,133,24,84,85" hai3="17,6,20,127,106,126,54,69,124,104,75,77,107"/><T56/><D121/><U119/><E110/><V21/><F118/><W82/><G6/><T43/><D113/><U92/><E119/><V10/><F133/><W22/><G69/><T81/><D90/><U125/><E114/><V41/><F83/><W25/><G22/><T105/><D105/><U46/><E125/><V122/><F122/><W34/><G54/><T91/><D91/><U59/><E79/><V32/><F32/><AGARI ba="0,0" hai="17,20,25,32,34,75,77,82,104,106,107,124,126,127" machi="32" ten="50,1600,0" yaku="18,1" doraHai="128" who="3" fromWho="2" sc="225,0,230,0,258,-16,287,16" owari="225,-27.5,230,-17.0,242,4.2,303,40.3" /></mjloggm>