<mjloggm ver="2.3"><GO type="225" lobby="0"/><UN n0="%E3%81%A4%E3%81%A3%E3%81%B1%E3%82%8A%E3%83%9D%E3%83%BC%E3%83%AB" n1="%E7%99%BD%E5%80%89%E5%AF%9B%E4%B9%8B" n2="%E9%A6%AC%E5%BC%95%E7%81%AB%33" n3="%E7%9A%AE%E3%80%85" dan="17,16,16,16" rate="2130.84,2120.34,2127.58,2155.67" sx="M,M,M,M"/><TAIKYOKU oya="0"/><INIT seed="0,0,0,5,2,128" ten="250,250,250,250" oya="0" hai0="100,64,27,73,85,29,22,69,75,12,66,82,26" hai1="3,108,71,124,23,131,112,4,101,31,36,130,80" hai2="89,5,74,96,46,93,103,94,118,35,119,72,43" hai3="122,41,42,59,135,126,16,54,70,88,13,2,45"/><T25/><D100/><U92/><E71/><V57/><F35/><W58/><G70/><T102/><D102/><U78/><E36/><V19/><F5/><W123/><G2/><T95/><D95/><U39/><E39/><V127/><F57/><W97/><G126/><T0/><D0/><U7/><E124/><V38/><F19/><W50/><G135/><T52/><D69/><U98/><E108/><V79/><F127/><W116/><G116/><N who="2" m="44585" /><F79/><W134/><G134/><T120/><D120/><N who="3" m="46121" /><G41/><T1/><D1/><U83/><E112/><V10/><F10/><N who="3" m="6199" /><G42/><T33/><D33/><U55/><E55/><V21/><F21/><W53/><G53/><T48/><D73/><U6/><E3/><V30/><F30/><W56/><G45/><N who="0" m="27663" /><D75/><U77/><E77/><V129/><F129/><N who="1" m="49161" /><E78/><V18/><F18/><W68/><G68/><T111/><D111/><U40/><E40/><V106/><F106/><W60/><G60/><T11/><D66/><U63/><E63/><V51/><F38/><W28/><G28/><T86/><D64/><U34/><E34/><V47/><F47/><W49/><G54/><T90/><D29/><U32/><E32/><V8/><F8/><W115/><G115/><T44/><D44/><U114/><E114/><V65/><F65/><W81/><G97/><AGARI ba="0,0" hai="43,46,51,72,74,89,93,94,96,97,103" m="44585" machi="97" ten="30,1000,0" yaku="12,1" doraHai="128" who="2" fromWho="3" sc="250,0,250,0,250,10,250,-10" /><INIT seed="1,0,0,0,2,83" ten="250,250,260,240" oya="1" hai0="46,105,100,55,36,66,65,69,107,12,52,90,6" hai1="61,132,74,60,53,49,21,79,125,42,56,63,96" hai2="28,112,120,129,85,92,20,17,77,84,87,127,34" hai3="9,1,2,41,91,44,57,23,134,78,88,108,130"/><U18/><E125/><V15/><F120/><W26/><G108/><T71/><D100/><U39/><E132/><V128/><F127/><W121/><G121/><T68/><D90/><U109/><E109/><V102/><F112/><W7/><G134/><T104/><D36/><U72/><E79/><V123/><F123/><W40/><G130/><N who="2" m="50281" /><F28/><W82/><G1/><T37/><D37/><U16/><E96/><N who="2" m="59655" /><F34/><W33/><G57/><T24/><D24/><U116/><E116/><V106/><F106/><W43/><G44/><T97/><D97/><U59/><E59/><V54/><F54/><W111/><G33/><T131/><D131/><U50/><E50/><V11/><F20/><W22/><G22/><T10/><REACH who="0" step="1"/><D46/><REACH who="0" ten="240,250,260,240" step="2"/><U35/><E39/><V67/><F67/><AGARI ba="0,1" hai="6,10,12,52,55,65,66,67,68,69,71,104,105,107" machi="67" ten="50,6400,0" yaku="1,1,2,1,54,1,53,0" doraHai="83" doraHaiUra="117" who="0" fromWho="2" sc="240,74,250,0,260,-64,240,0" /><INIT seed="2,0,0,1,2,82" ten="314,250,196,240" oya="2" hai0="73,103,62,88,122,55,93,60,105,130,4,50,20" hai1="96,78,56,66,34,0,110,61,111,1,83,81,135" hai2="129,120,53,70,30,39,107,12,115,124,109,102,36" hai3="86,48,76,128,19,127,52,64,99,27,23,133,22"/><V25/><F115/><W89/><G133/><T67/><D122/><U5/><E34/><N who="2" m="20815" /><F12/><N who="3" m="9575" /><G128/><T29/><D73/><U32/><E32/><V28/><F53/><W74/><G127/><T40/><D130/><U58/><E135/><V54/><F54/><W118/><G118/><T75/><D75/><U8/><E0/><V11/><F129/><W97/><G74/><T38/><D4/><U92/><E58/><V101/><F101/><W106/><G106/><T15/><D103/><U37/><E37/><N who="2" m="14411" /><F28/><N who="3" m="17535" /><G64/><T132/><D67/><U3/><E3/><V9/><F9/><W45/><G76/><T51/><D132/><U35/><E35/><V47/><F11/><W33/><G33/><T119/><D29/><U90/><REACH who="1" step="1"/><E78/><REACH who="1" ten="314,240,196,240" step="2"/><V87/><F120/><W68/><G68/><T77/><D77/><U114/><E114/><V94/><F70/><W65/><G65/><T79/><D79/><U24/><E24/><V98/><F124/><W85/><G85/><T134/><D134/><U16/><E16/><V18/><F18/><W108/><G108/><AGARI ba="0,1" hai="1,5,8,56,61,66,81,83,90,92,96,108,110,111" machi="108" ten="40,2600,0" yaku="1,1,14,1,53,0" doraHai="82" doraHaiUra="113" who="1" fromWho="3" sc="314,0,240,36,196,0,240,-26" /><INIT seed="3,0,0,4,0,5" ten="314,276,196,214" oya="3" hai0="44,114,85,103,123,9,17,90,45,65,13,58,119" hai1="55,133,21,80,100,109,46,108,121,11,52,101,107" hai2="18,98,38,122,76,132,72,96,97,124,115,61,67" hai3="99,22,86,79,125,19,20,54,73,51,75,6,92"/><W134/><G134/><T0/><D119/><U129/><E133/><V56/><F132/><W78/><G125/><T116/><D116/><U42/><E121/><V128/><F115/><W64/><G64/><T120/><D114/><U23/><E80/><V14/><F124/><W25/><G6/><T110/><D110/><N who="1" m="42603" /><E129/><V70/><F128/><W77/><G86/><T81/><D0/><U30/><E11/><V127/><F127/><W1/><G1/><T82/><D103/><N who="1" m="39499" /><E107/><V34/><F122/><W84/><G84/><N who="0" m="50447" /><D123/><U95/><E95/><V113/><F113/><W91/><REACH who="3" step="1"/><G22/><REACH who="3" ten="314,276,196,204" step="2"/><N who="1" m="8202" /><E30/><V131/><F131/><W89/><G89/><T111/><D120/><U39/><AGARI ba="0,1" hai="39,42,46,52,55" m="8202,39499,42603" machi="39" ten="30,2000,0" yaku="14,1,54,1" doraHai="5" who="1" fromWho="1" sc="314,-5,276,30,196,-5,204,-10" owari="309,40.9,306,10.6,191,-30.9,194,-20.6" /></mjloggm>