<mjloggm ver="2.3"><GO type="225" lobby="0"/><UN n0="%E3%83%A9%E3%83%BC%E3%83%A1%E3%83%B3%E4%BA%94%E9%83%8E" n1="%E6%A1%9C%E6%B2%A2%E5%A2%A8" n2="%E5%A4%8F%E9%88%B4%E9%88%B4%E5%A4%8F" n3="%6B%65%6E%6E%64%69" dan="16,17,16,16" rate="2146.41,2179.31,2112.52,2164.52" sx="M,F,F,M"/><TAIKYOKU oya="0"/><INIT seed="0,0,0,0,3,100" ten="250,250,250,250" oya="0" hai0="42,71,44,82,133,35,126,47,15,132,88,13,87" hai1="62,46,84,134,104,74,52,115,10,26,124,37,120" hai2="11,19,128,30,83,127,70,12,9,49,89,29,45" hai3="58,7,109,59,24,27,94,86,108,75,3,18,102"/><T1/><D35/><U20/><E74/><V116/><F70/><W119/><G119/><T8/><D71/><U76/><E120/><V66/><F127/><W21/><G75/><T73/><D73/><U103/><E124/><V28/><F128/><W85/><G3/><T96/><D126/><U99/><E134/><N who="0" m="51817" /><D96/><U40/><E115/><V135/><F135/><W111/><G7/><N who="0" m="1135" /><D47/><U117/><E117/><V51/><F116/><W78/><G27/><T131/><D131/><U6/><E76/><V77/><F89/><N who="3" m="53551" /><G102/><T31/><D31/><U114/><E84/><N who="2" m="48239" /><F66/><W33/><G33/><T4/><D4/><U34/><E34/><V25/><F25/><W41/><G41/><T67/><D67/><U93/><E114/><V53/><F51/><AGARI ba="0,0" hai="13,15,42,44,51,82,87,88" m="1135,51817" machi="51" ten="30,2900,0" yaku="20,1,54,1" doraHai="100" who="0" fromWho="2" sc="250,29,250,0,250,-29,250,0" /><INIT seed="0,1,0,1,2,15" ten="279,250,221,250" oya="0" hai0="62,82,20,75,19,34,49,61,104,42,66,53,94" hai1="102,0,97,96,101,24,80,109,60,39,54,120,100" hai2="51,105,17,26,85,43,68,98,28,48,87,135,72" hai3="38,92,112,59,121,122,36,128,70,119,7,110,117"/><T86/><D104/><U33/><E120/><N who="3" m="46186" /><G7/><T1/><D1/><U21/><E0/><V55/><F72/><W69/><G92/><T35/><D42/><U44/><E33/><V27/><F68/><N who="3" m="26219" /><G112/><T134/><D75/><U37/><E109/><V16/><F135/><W25/><G25/><N who="2" m="9225" /><F28/><W22/><G22/><T23/><D134/><U5/><E5/><V65/><F105/><W45/><G110/><T40/><D94/><U13/><E13/><V56/><F98/><W90/><G90/><T130/><D34/><U91/><E37/><N who="3" m="14442" /><G128/><T123/><D130/><U107/><E80/><V3/><F3/><W126/><G126/><T76/><D35/><U113/><E113/><V78/><F65/><W116/><G59/><N who="0" m="33199" /><D66/><U18/><E91/><V84/><F78/><W129/><G129/><T67/><D67/><U57/><REACH who="1" step="1"/><E107/><REACH who="1" ten="279,240,221,250" step="2"/><V9/><F9/><W89/><G89/><T88/><D123/><U77/><E77/><V4/><F4/><W14/><G14/><N who="0" m="9335" /><D76/><U106/><E106/><V71/><F71/><W103/><G103/><T41/><D23/><U10/><E10/><V31/><F31/><W52/><G117/><T11/><D11/><U63/><E63/><V125/><F125/><W12/><G12/><T32/><D32/><U114/><E114/><V47/><AGARI ba="1,1" hai="16,17,43,47,48,51,55,56,84,85,87" m="9225" machi="47" ten="30,7900,0" yaku="8,1,52,2,54,1" doraHai="15" who="2" fromWho="2" sc="279,-40,240,-21,221,92,250,-21" /><INIT seed="1,0,0,5,3,30" ten="239,219,313,229" oya="1" hai0="10,32,13,116,107,40,18,8,72,114,44,69,90" hai1="54,77,59,14,112,74,119,110,37,16,126,56,79" hai2="124,128,109,135,88,29,106,127,42,28,125,41,55" hai3="45,120,92,134,27,121,0,26,52,83,104,68,7"/><U123/><E112/><V67/><F106/><W75/><G104/><T24/><D69/><U78/><E119/><V34/><F109/><W130/><G68/><T97/><D72/><U115/><E115/><V20/><F135/><W12/><G0/><T2/><D114/><U129/><E123/><V84/><F67/><W105/><G105/><T3/><D116/><U1/><E1/><V81/><F128/><W99/><G130/><T102/><D90/><U118/><E118/><V46/><F20/><W95/><G134/><T113/><D8/><U22/><E129/><V25/><F28/><W47/><G75/><T93/><D107/><U122/><E122/><V4/><F4/><W60/><G83/><T89/><D102/><U96/><E37/><V36/><F55/><W38/><G38/><T86/><D86/><U85/><E74/><V133/><F133/><W33/><G33/><T53/><D53/><U17/><E126/><V111/><F111/><W103/><G95/><T91/><D91/><U5/><E5/><V51/><F42/><W73/><G73/><T66/><D66/><U23/><E96/><V117/><F117/><W131/><G131/><T31/><REACH who="0" step="1"/><D113/><REACH who="0" ten="229,219,313,229" step="2"/><U43/><E110/><V50/><AGARI ba="0,1" hai="25,29,34,36,41,46,50,51,81,84,88,124,125,127" machi="50" ten="40,8000,1" yaku="0,1,18,1,52,1,54,1" doraHai="30" who="2" fromWho="2" sc="229,-20,219,-40,313,90,229,-20" /><INIT seed="2,0,0,2,0,99" ten="209,179,403,209" oya="2" hai0="82,84,97,118,31,17,125,79,40,101,8,113,57" hai1="102,37,110,127,129,89,14,77,50,27,75,81,105" hai2="4,18,107,100,59,112,103,61,3,98,38,72,85" hai3="133,6,51,26,20,64,117,35,95,42,44,55,91"/><V120/><F112/><W111/><G117/><T36/><D113/><U12/><E37/><V87/><F72/><W92/><G111/><T41/><D118/><U128/><E110/><V67/><F38/><W88/><G133/><T116/><D116/><U25/><E127/><V135/><F120/><W96/><G35/><T45/><D125/><U2/><E2/><V94/><F135/><W90/><G64/><T53/><D31/><U121/><E121/><V46/><F46/><W60/><G6/><T5/><D17/><U66/><E66/><V114/><F114/><W13/><G13/><N who="1" m="5226" /><E89/><V122/><F122/><W124/><G124/><T108/><D108/><U68/><E68/><V29/><F29/><N who="3" m="17607" /><G95/><T0/><D36/><U7/><E7/><V130/><F130/><N who="1" m="50281" /><E50/><V123/><F123/><W70/><G70/><T109/><D109/><U131/><N who="1" m="50289" /><U24/><DORA hai="30" /><E105/><V1/><F18/><W83/><G83/><T47/><D40/><U73/><E73/><V19/><F19/><W22/><G22/><T21/><D21/><U106/><E106/><V39/><F39/><W65/><G65/><T23/><D23/><U48/><E48/><V132/><F132/><W86/><G86/><T34/><D41/><U93/><E93/><V78/><F4/><W58/><AGARI ba="0,0" hai="42,44,51,55,58,60,88,90,91,92,96" m="17607" machi="58" ten="30,2000,0" yaku="8,1,54,1" doraHai="99,30" who="3" fromWho="3" sc="209,-5,179,-5,403,-10,209,20" /><INIT seed="3,0,0,4,1,58" ten="204,174,393,229" oya="3" hai0="91,109,60,9,47,133,11,73,131,18,85,48,8" hai1="59,66,128,116,51,84,88,25,81,97,28,35,62" hai2="33,17,44,31,63,124,24,14,80,90,54,95,101" hai3="36,78,0,46,55,86,45,16,37,34,20,96,42"/><W89/><G34/><T56/><D73/><U87/><E128/><V4/><F124/><W43/><G0/><T126/><D131/><U135/><E135/><V108/><F108/><W57/><G78/><T15/><D109/><U41/><E116/><V74/><F101/><W27/><G96/><T67/><D126/><U1/><E1/><V110/><F110/><W26/><G26/><T111/><D133/><U40/><E97/><V94/><F4/><W125/><G125/><T72/><D72/><U71/><E51/><V119/><F119/><W113/><G113/><T118/><D118/><U82/><E71/><V132/><F132/><W30/><G30/><T98/><D98/><U21/><E35/><V127/><F127/><W2/><G2/><T104/><D104/><U19/><E28/><V107/><F107/><W121/><G121/><T115/><D115/><U99/><E99/><V102/><F102/><W68/><G68/><T92/><D111/><U3/><E3/><V76/><F90/><AGARI ba="0,0" hai="19,21,25,40,41,59,62,66,81,82,84,87,88,90" machi="90" ten="30,8000,1" yaku="7,1,9,1,8,1,52,1,54,1" doraHai="58" who="1" fromWho="2" sc="204,0,174,80,393,-80,229,0" owari="204,-29.6,254,5.4,313,41.3,229,-17.1" /></mjloggm>