<mjloggm ver="2.3"><GO type="225" lobby="0"/><UN n0="%E3%83%A9%E3%83%BC%E3%83%A1%E3%83%B3%E4%BA%94%E9%83%8E" n1="%6E%69%63%6F%6E%74%6F" n2="%33%74%72%65%65" n3="%E6%98%93%E5%88%A9%E8%96%A9%E4%BC%AF" dan="16,16,17,17" rate="2109.24,2093.38,2143.10,2159.25" sx="M,M,M,F"/><TAIKYOKU oya="0"/><INIT seed="0,0,0,0,0,98" ten="250,250,250,250" oya="0" hai0="73,2,44,130,100,36,83,65,55,109,37,91,61" hai1="3,126,84,39,1,53,133,46,104,82,48,111,127" hai2="78,92,105,66,57,108,115,23,50,103,132,102,101" hai3="87,122,72,74,15,42,89,79,11,28,121,24,116"/><T64/><D2/><N who="1" m="523" /><E104/><V62/><F115/><W95/><G116/><T60/><D130/><U119/><E119/><V21/><F105/><W75/><G42/><T7/><D7/><U35/><E35/><V94/><F108/><W123/><G79/><T106/><D109/><U18/><E111/><V5/><F132/><W93/><G93/><N who="2" m="35945" /><F78/><W41/><G41/><T16/><D73/><U38/><E18/><V63/><F5/><W10/><REACH who="3" step="1"/><G15/><REACH who="3" ten="250,250,250,240" step="2"/><T76/><D76/><N who="1" m="46151" /><E133/><V26/><F63/><W113/><G113/><T49/><D61/><U52/><E53/><N who="2" m="31927" /><F26/><W117/><G117/><T99/><D60/><U4/><E4/><V40/><F40/><W20/><AGARI ba="0,1" hai="10,11,20,24,28,72,74,75,87,89,95,121,122,123" machi="20" ten="40,12000,2" yaku="1,1,0,1,13,1,53,3" doraHai="98" doraHaiUra="118" who="3" fromWho="3" sc="250,-60,250,-30,250,-30,240,130" /><INIT seed="1,0,0,4,2,109" ten="190,220,220,370" oya="1" hai0="108,69,17,112,50,33,111,113,102,39,114,54,38" hai1="36,94,129,116,65,10,52,55,28,96,127,64,31" hai2="57,118,30,2,121,122,60,78,59,53,130,126,1" hai3="71,3,135,26,40,19,100,23,47,32,74,22,105"/><U106/><E116/><V95/><F118/><W14/><G74/><T68/><D33/><U7/><E36/><N who="0" m="13865" /><D102/><U84/><E129/><V62/><F130/><W12/><G71/><N who="0" m="27211" /><D17/><U44/><E127/><V107/><F126/><W72/><G72/><T86/><D86/><U35/><E106/><V115/><F107/><W82/><G3/><T124/><D124/><U76/><E84/><V27/><F78/><W133/><G82/><T92/><D92/><U99/><E76/><V18/><F18/><W21/><G32/><T11/><D11/><U101/><E99/><V85/><F85/><W43/><G14/><T77/><D77/><U9/><E35/><V98/><F115/><W5/><G5/><T81/><D81/><U6/><E96/><V8/><F2/><W15/><G15/><T66/><D66/><U48/><E94/><V45/><F8/><N who="3" m="6535" /><G26/><T73/><D73/><U56/><E101/><V58/><F1/><W61/><G100/><T42/><D42/><U110/><E7/><V104/><F104/><W117/><G43/><T128/><D128/><U70/><E6/><V83/><F83/><W132/><G105/><T46/><AGARI ba="0,0" hai="46,50,54,108,111,112,113,114" m="27211,13865" machi="46" ten="40,8000,1" yaku="34,2,52,3" doraHai="109" who="0" fromWho="0" sc="190,80,220,-40,220,-20,370,-20" /><INIT seed="2,0,0,4,0,121" ten="270,180,200,350" oya="2" hai0="33,2,60,23,1,93,14,135,128,102,35,72,8" hai1="131,40,22,66,98,4,94,17,89,25,88,79,34" hai2="15,10,18,62,85,37,45,48,50,74,67,70,63" hai3="28,75,21,71,31,130,116,108,39,99,114,97,82"/><V16/><F74/><W58/><G116/><T19/><D72/><U83/><E131/><V87/><F37/><W24/><G71/><T6/><D128/><U41/><E34/><N who="0" m="12809" /><D60/><U26/><E4/><V107/><F107/><W95/><G39/><T81/><D93/><N who="1" m="56615" /><E66/><V96/><F63/><W104/><G114/><T134/><D81/><U68/><E68/><V38/><F38/><W47/><G47/><T133/><D102/><U132/><E132/><V117/><F117/><W86/><G75/><T115/><D115/><U122/><E122/><V118/><F118/><W112/><G58/><T42/><D42/><N who="1" m="16491" /><E83/><V5/><F96/><W111/><G99/><T92/><D92/><U13/><E79/><V106/><F106/><W32/><G112/><T123/><D123/><U69/><E69/><V61/><F61/><W55/><G55/><T53/><D53/><U105/><E105/><V120/><F120/><W3/><G82/><T126/><D126/><U125/><E125/><V9/><F5/><W0/><G86/><AGARI ba="0,0" hai="13,17,22,25,26,86,89,94" m="16491,56615" machi="86" ten="30,2000,0" yaku="8,1,54,1" doraHai="121" who="1" fromWho="3" sc="270,0,180,20,200,0,350,-20" /><INIT seed="3,0,0,1,0,126" ten="270,200,200,330" oya="3" hai0="13,34,49,43,18,51,87,118,44,129,96,4,46" hai1="68,77,88,2,95,1,11,20,125,92,74,75,99" hai2="90,3,41,123,80,8,120,14,37,97,91,12,23" hai3="115,102,79,113,10,25,133,70,93,73,38,63,114"/><W31/><G38/><T116/><D34/><U107/><E125/><V16/><F3/><W35/><G133/><T29/><D29/><U121/><E121/><N who="2" m="46667" /><F80/><W7/><G93/><T52/><D4/><U9/><E68/><V82/><F97/><W109/><G102/><T85/><D96/><U19/><E107/><V71/><F71/><W83/><G109/><T54/><D43/><U106/><E106/><V86/><F41/><W22/><G22/><T60/><D60/><U6/><E95/><V39/><F90/><W36/><G36/><T117/><REACH who="0" step="1"/><D129/><REACH who="0" ten="260,200,200,330" step="2"/><U28/><E28/><V104/><F104/><W26/><G31/><T58/><D58/><U100/><E6/><AGARI ba="0,1" hai="6,8,12,14,16,23,37,39,82,86,91" m="46667" machi="6" ten="30,2000,0" yaku="13,1,54,1" doraHai="126" who="2" fromWho="1" sc="260,0,200,-20,200,30,330,0" owari="260,6.0,180,-32.0,230,-17.0,330,43.0" /></mjloggm>