<mjloggm ver="2.3"><GO type="225" lobby="0"/><UN n0="%EF%BC%AE%EF%BC%A1%EF%BC%AF%33%33%39" n1="%77%72%77%72%77%72%77%72" n2="%E3%83%B4%E3%82%A3%E3%83%AF%E3%82%B3%E3%82%B0%E3%83%8B" n3="%E4%BC%8A%E9%81%94%E6%9C%B1%E9%87%8C%E7%B4%97" dan="16,16,17,16" rate="2109.50,2147.74,2206.11,2073.12" sx="M,M,M,F"/><TAIKYOKU oya="0"/><INIT seed="0,0,0,3,4,107" ten="250,250,250,250" oya="0" hai0="67,51,103,100,62,29,74,54,19,69,83,110,58" hai1="22,82,117,16,104,95,85,126,115,38,96,27,2" hai2="130,79,73,102,108,7,20,49,8,91,78,56,28" hai3="122,42,35,86,87,21,76,59,114,64,46,10,11"/><T63/><D29/><U41/><E117/><V105/><F108/><W68/><G35/><T60/><D110/><U12/><E2/><V37/><F37/><W31/><G114/><T120/><D120/><U18/><E115/><V0/><F130/><W119/><G68/><T36/><D36/><U75/><E126/><V24/><F73/><W90/><G119/><T134/><D134/><U112/><E112/><V53/><REACH who="2" step="1"/><F91/><REACH who="2" ten="250,250,240,250" step="2"/><W124/><G90/><T116/><D116/><U45/><E75/><V127/><F127/><W43/><G124/><T39/><D39/><U81/><E104/><V80/><F80/><W99/><G122/><T66/><D83/><U50/><E38/><V40/><F40/><W71/><G42/><T15/><D74/><U34/><E34/><V125/><F125/><W26/><G43/><T101/><REACH who="0" step="1"/><D69/><REACH who="0" ten="240,250,240,250" step="2"/><U111/><E111/><V97/><AGARI ba="0,2" hai="0,7,8,20,24,28,49,53,56,78,79,97,102,105" machi="97" ten="30,4000,0" yaku="1,1,0,1,53,1" doraHai="107" doraHaiUra="23" who="2" fromWho="2" sc="240,-20,250,-10,240,60,250,-10" /><INIT seed="1,0,0,4,1,23" ten="220,240,300,240" oya="1" hai0="64,60,90,35,97,135,61,58,44,29,98,47,99" hai1="9,124,2,93,104,12,33,87,83,32,114,40,54" hai2="106,115,86,30,127,108,132,59,25,45,34,91,67" hai3="79,105,131,126,94,38,18,13,111,63,112,5,134"/><U73/><E114/><V50/><F106/><W57/><G105/><T55/><D135/><U37/><E104/><V119/><F108/><W11/><G134/><T80/><D29/><U116/><E116/><V27/><F132/><W41/><G112/><T128/><D35/><U75/><E2/><V52/><F119/><W109/><G131/><T84/><REACH who="0" step="1"/><D128/><REACH who="0" ten="210,240,300,240" step="2"/><U85/><E33/><V7/><F115/><W26/><G111/><T125/><D125/><U81/><E32/><V78/><F127/><W42/><G109/><T107/><D107/><U117/><E124/><V96/><F34/><W36/><G126/><T88/><D88/><U46/><E117/><V43/><F30/><W70/><G79/><T102/><D102/><U130/><E130/><V95/><F67/><W100/><G100/><T62/><D62/><U118/><E118/><V110/><F110/><W51/><G63/><T121/><D121/><U89/><E89/><V24/><F7/><W103/><G5/><T22/><D22/><U69/><E9/><V66/><F66/><W20/><G11/><T122/><D122/><U71/><E69/><AGARI ba="0,1" hai="44,47,55,58,60,61,64,69,80,84,90,97,98,99" machi="69" ten="40,2600,0" yaku="1,1,53,1" doraHai="23" doraHaiUra="82" who="0" fromWho="1" sc="210,36,240,-26,300,0,240,0" /><INIT seed="2,0,0,4,5,48" ten="246,214,300,240" oya="2" hai0="46,41,122,90,57,16,115,77,68,74,119,67,70" hai1="75,35,53,31,1,29,83,110,73,92,45,114,134" hai2="51,63,25,4,61,102,36,99,60,56,95,98,117" hai3="86,54,69,121,100,42,81,14,33,111,13,89,130"/><V120/><F117/><W58/><G121/><T126/><D122/><U43/><E114/><V22/><F120/><W32/><G111/><T133/><D115/><U82/><E110/><V131/><F131/><W91/><G69/><T76/><D90/><U87/><E1/><V65/><F36/><W34/><G130/><T40/><D74/><U52/><E134/><V38/><F38/><W124/><G124/><T135/><D126/><U7/><E7/><V113/><F113/><W103/><G42/><N who="0" m="16491" /><D46/><U72/><E35/><V132/><F132/><N who="0" m="50762" /><D57/><U47/><E92/><V123/><F123/><W20/><G89/><T93/><D93/><U97/><E97/><V19/><F4/><W84/><G86/><T80/><D67/><U108/><E108/><V21/><F98/><W6/><G6/><T23/><D119/><U18/><E43/><V106/><F106/><W10/><G20/><T94/><D94/><U28/><E87/><V17/><REACH who="2" step="1"/><F51/><REACH who="2" ten="246,214,290,240" step="2"/><W128/><G128/><T5/><D5/><U125/><E125/><V11/><F11/><W101/><REACH who="3" step="1"/><G10/><REACH who="3" ten="246,214,290,230" step="2"/><T12/><D68/><U9/><E9/><V112/><F112/><W49/><AGARI ba="0,2" hai="13,14,32,33,34,49,54,58,81,84,91,100,101,103" machi="49" ten="40,8000,1" yaku="1,1,2,1,0,1,52,1,53,0" doraHai="48" doraHaiUra="37" who="3" fromWho="3" sc="246,-20,214,-20,290,-40,230,100" /><INIT seed="3,0,0,1,1,33" ten="226,194,250,330" oya="3" hai0="94,50,88,15,14,63,129,19,26,74,47,24,7" hai1="69,107,13,134,76,64,71,41,90,123,131,117,40" hai2="6,29,87,4,51,81,125,49,55,2,108,20,30" hai3="102,124,0,65,111,78,70,106,5,52,58,66,21"/><W67/><G124/><T45/><D74/><U60/><E123/><V9/><F125/><W8/><G111/><T23/><D129/><U10/><E131/><V73/><F108/><W44/><G78/><T79/><D79/><U72/><E107/><V25/><F73/><W130/><G130/><T54/><D63/><U119/><E134/><V121/><F121/><W1/><G44/><T101/><D101/><U96/><E69/><V89/><F4/><W32/><G32/><T62/><D62/><U43/><E76/><V132/><F132/><W133/><G133/><T42/><D15/><U18/><E72/><V38/><F38/><W93/><G106/><T68/><D7/><U39/><E39/><V82/><F30/><W105/><G105/><T80/><D80/><U118/><E96/><V35/><F35/><W114/><G114/><T53/><D68/><U22/><REACH who="1" step="1"/><E90/><REACH who="1" ten="226,184,250,330" step="2"/><V37/><F37/><W100/><G70/><T112/><D112/><U83/><E83/><V126/><F126/><W46/><G93/><T109/><D109/><U61/><E61/><V122/><F122/><W77/><G77/><T34/><D34/><U12/><E12/><V27/><F81/><W92/><G92/><T16/><D26/><U28/><E28/><V115/><F115/><W85/><G102/><T48/><D14/><U135/><E135/><V75/><F75/><W97/><G97/><N who="0" m="57543" /><D19/><U86/><E86/><V91/><F25/><W57/><G85/><T84/><D84/><U11/><AGARI ba="0,1" hai="10,11,13,18,22,40,41,43,60,64,71,117,118,119" machi="11" ten="40,8000,1" yaku="1,1,0,1,12,1,53,1" doraHai="33" doraHaiUra="59" who="1" fromWho="1" sc="226,-20,184,90,250,-20,330,-40" /><INIT seed="4,0,0,2,0,13" ten="206,274,230,290" oya="0" hai0="34,52,92,103,94,50,21,65,7,120,86,132,129" hai1="64,125,97,82,127,95,47,113,23,60,69,98,9" hai2="124,15,66,75,106,130,93,1,84,55,44,128,87" hai3="101,22,62,126,48,0,4,76,71,26,10,72,42"/><T5/><D34/><U24/><E113/><V67/><F1/><W121/><G101/><T18/><D120/><U28/><E82/><V131/><F75/><W29/><G121/><T33/><D33/><U112/><E112/><V36/><F106/><W73/><G76/><T114/><D114/><U78/><E78/><V111/><F111/><W51/><G126/><N who="1" m="48138" /><E9/><V30/><F124/><W119/><G119/><T25/><D65/><N who="2" m="24586" /><F30/><W57/><G71/><T56/><D129/><U45/><E98/><V2/><F2/><W107/><G107/><T59/><D132/><U134/><E134/><V12/><F93/><N who="0" m="35946" /><D103/><AGARI ba="0,0" hai="23,24,28,45,47,60,64,69,95,97,103" m="48138" machi="103" ten="30,1000,0" yaku="18,1" doraHai="13" who="1" fromWho="0" sc="206,-10,274,10,230,0,290,0" /><INIT seed="5,0,0,0,4,37" ten="196,284,230,290" oya="1" hai0="80,33,113,13,20,101,111,134,100,60,107,114,73" hai1="89,9,81,127,78,110,70,12,92,62,29,124,66" hai2="1,47,41,132,54,122,133,19,65,91,39,43,48" hai3="75,14,116,76,74,84,95,103,58,87,94,17,115"/><U3/><E110/><V4/><F122/><W117/><G58/><T88/><D33/><U25/><E3/><V108/><F108/><W86/><G115/><N who="0" m="44043" /><D111/><U97/><E12/><V18/><F65/><W23/><G103/><T123/><D60/><U55/><E55/><V83/><F83/><N who="3" m="45463" /><G75/><T93/><D107/><U52/><E52/><V49/><F91/><W130/><G130/><T34/><D34/><U96/><E9/><N who="2" m="2191" /><F39/><W121/><G121/><T71/><D71/><U51/><E51/><V8/><F8/><W10/><G23/><T109/><D109/><U32/><E97/><V46/><F54/><W57/><G57/><T2/><D2/><U119/><E119/><AGARI ba="0,0" hai="10,14,17,84,86,87,94,95,116,117,119" m="45463" machi="119" ten="30,1000,0" yaku="12,1" doraHai="37" who="3" fromWho="1" sc="196,0,284,-10,230,0,290,10" owari="196,-30.4,274,7.4,230,-17.0,300,40.0" /></mjloggm>