<mjloggm ver="2.3"><GO type="225" lobby="0"/><UN n0="%E4%B8%89%E5%88%86%E5%B0%8F%E5%83%A7" n1="%E6%A1%9C%E8%8A%B1%E9%96%83%E3%80%85" n2="%E6%97%A5%E6%9B%9C%E6%97%A5%E3%82%88%E3%82%8A%E3%81%AE%E4%BD%BF%E8%80%85" n3="%E5%8D%A0%E3%81%84%E5%B8%AB%E8%A3%8F%E3%81%AA%E3%81%84%E3%81%97" dan="16,16,16,17" rate="2066.44,2126.25,2169.70,2252.77" sx="M,M,M,M"/><TAIKYOKU oya="0"/><INIT seed="0,0,0,4,0,107" ten="250,250,250,250" oya="0" hai0="5,23,85,80,53,111,16,117,103,72,7,99,46" hai1="38,93,89,77,67,10,127,78,98,129,87,22,115" hai2="42,50,0,25,33,54,55,58,132,100,48,131,28" hai3="110,56,6,124,15,108,57,40,69,37,75,21,52"/><T92/><D117/><U114/><E38/><V19/><F0/><W61/><G69/><T3/><D3/><U24/><E67/><V4/><F131/><W12/><G124/><T9/><D111/><N who="3" m="42537" /><G40/><T43/><D72/><U8/><E127/><V41/><F4/><W83/><G37/><T2/><D53/><U63/><E63/><V62/><F132/><W20/><G56/><T65/><D65/><U106/><E129/><V113/><F113/><N who="1" m="43017" /><E106/><V27/><F100/><W64/><G64/><T94/><D94/><U51/><E51/><V135/><F135/><W116/><G116/><T66/><D66/><U68/><E68/><V45/><F62/><W13/><G6/><T91/><D9/><N who="1" m="3691" /><E98/><V130/><F130/><W126/><G126/><T112/><D2/><U76/><E76/><AGARI ba="0,0" hai="12,13,15,20,21,52,57,61,75,76,83" m="42537" machi="76" ten="30,3900,0" yaku="14,1,52,1,54,1" doraHai="107" who="3" fromWho="1" sc="250,0,250,-39,250,0,250,39" /><INIT seed="1,0,0,1,3,58" ten="250,211,250,289" oya="1" hai0="105,44,25,92,72,22,21,60,101,134,2,70,93" hai1="79,108,132,99,65,24,83,47,124,28,91,52,6" hai2="113,90,49,106,66,98,82,84,111,128,3,54,78" hai3="38,129,23,100,12,67,77,86,119,68,34,63,57"/><U1/><E124/><V76/><F3/><W35/><G38/><T64/><D72/><U17/><E132/><V89/><F111/><W103/><G129/><T32/><D2/><U85/><E108/><V46/><F128/><W127/><G127/><T33/><D134/><U96/><E65/><V81/><F113/><W29/><G119/><T116/><D116/><U9/><E17/><V80/><F66/><W135/><G135/><T94/><D44/><U61/><E79/><V133/><F133/><W121/><G121/><T40/><D40/><U13/><E1/><V0/><F0/><W59/><G34/><T114/><D114/><U11/><E11/><V50/><F50/><W62/><G35/><T88/><D88/><U126/><E126/><V115/><F115/><W117/><G68/><T36/><D36/><U97/><E47/><V120/><F120/><W45/><G45/><T56/><D56/><N who="1" m="34951" /><E24/><V107/><F107/><W26/><G117/><T37/><D37/><U10/><E9/><V95/><REACH who="2" step="1"/><F106/><REACH who="2" ten="250,211,240,289" step="2"/><W48/><G48/><T55/><D105/><U112/><E112/><V73/><F73/><W69/><G67/><T30/><D64/><U31/><AGARI ba="0,1" hai="6,10,13,28,31,83,85,91,96,97,99" m="34951" machi="31" ten="30,6000,0" yaku="8,1,52,1,54,1" doraHai="58" who="1" fromWho="1" sc="250,-20,211,70,240,-20,289,-20" /><INIT seed="1,1,0,2,2,95" ten="230,281,220,269" oya="1" hai0="89,115,18,32,131,132,94,30,49,96,97,68,26" hai1="34,53,81,111,128,75,82,63,86,19,101,93,24" hai2="118,92,69,113,72,124,100,57,3,90,0,127,10" hai3="106,31,77,38,73,67,109,5,129,62,52,80,42"/><U66/><E128/><V35/><F69/><W65/><G129/><T45/><D115/><U83/><E75/><V88/><F118/><W105/><G109/><T64/><D131/><U36/><E36/><V23/><F35/><W58/><G31/><T7/><D132/><U78/><E53/><V55/><F72/><W29/><G29/><T79/><D7/><U12/><E24/><V61/><F113/><W39/><G39/><T4/><D4/><U70/><E34/><V85/><F100/><W84/><G84/><T43/><D79/><U59/><E70/><V108/><F108/><W15/><G65/><T47/><D18/><U110/><E110/><V60/><F60/><W56/><G15/><T28/><D28/><U112/><E112/><V40/><F40/><W107/><G5/><T9/><D9/><N who="1" m="6543" /><E111/><V121/><F121/><W20/><G20/><T22/><D32/><U98/><AGARI ba="1,0" hai="59,63,66,78,81,82,83,86,93,98,101" m="6543" machi="98" ten="30,3000,0" yaku="8,1,52,1" doraHai="95" who="1" fromWho="1" sc="230,-11,281,33,220,-11,269,-11" /><INIT seed="1,2,0,3,4,20" ten="219,314,209,258" oya="1" hai0="7,67,116,34,75,13,100,125,78,29,82,47,112" hai1="42,33,69,0,59,70,96,111,103,26,79,44,115" hai2="60,127,105,12,71,64,25,68,92,9,46,106,74" hai3="17,95,55,123,31,48,77,58,18,39,28,94,49"/><U81/><E59/><V63/><F74/><W19/><G39/><T101/><D112/><U24/><E115/><V126/><F46/><W36/><G36/><T50/><D116/><U8/><E111/><V84/><F84/><W38/><G38/><T52/><D125/><N who="2" m="47626" /><F92/><N who="3" m="35371" /><G123/><T16/><D7/><U132/><E132/><V10/><F25/><W23/><G77/><T65/><D101/><U2/><E33/><V56/><F9/><W104/><G104/><N who="2" m="40041" /><F63/><N who="3" m="36319" /><G23/><T114/><D100/><U120/><E120/><V119/><F119/><W110/><G110/><T4/><D4/><AGARI ba="2,0" hai="4,10,12,56,60,64,68,71" m="40041,47626" machi="4" ten="30,1000,0" yaku="18,1" doraHai="20" who="2" fromWho="0" sc="219,-16,314,0,209,16,258,0" /><INIT seed="2,0,0,5,3,15" ten="203,314,225,258" oya="2" hai0="92,55,10,56,133,115,129,13,132,34,85,0,102" hai1="28,41,122,58,101,84,35,63,74,82,88,60,79" hai2="94,3,131,62,73,70,93,124,50,107,65,72,16" hai3="9,64,91,121,80,30,25,59,89,105,61,23,2"/><V90/><F3/><W83/><G105/><T75/><D75/><U43/><E122/><V117/><F107/><W97/><G121/><T123/><D123/><U4/><E4/><V98/><F117/><W87/><G2/><T86/><D115/><U44/><E101/><V37/><F37/><W125/><G125/><T78/><D34/><U17/><E17/><V21/><F124/><W29/><G9/><T57/><D0/><U36/><E43/><V22/><F131/><W96/><G29/><T24/><D24/><U1/><E1/><V69/><F69/><W100/><G100/><T113/><D113/><U38/><E38/><V6/><F6/><W108/><G108/><T130/><D78/><U135/><E135/><N who="0" m="51785" /><D102/><U77/><E74/><V68/><F68/><W126/><G126/><T48/><D57/><U120/><E120/><V49/><F22/><W12/><G12/><T20/><D20/><U112/><E112/><V47/><F93/><W127/><G127/><T128/><D92/><U81/><E81/><V40/><F50/><W66/><G66/><T32/><D32/><U99/><E58/><V5/><F5/><AGARI ba="0,0" hai="5,10,13,48,55,56,85,86,128,129,130" m="51785" machi="5" ten="40,2600,0" yaku="19,1,20,1" doraHai="15" who="0" fromWho="2" sc="203,26,314,0,225,-26,258,0" /><INIT seed="3,0,0,3,1,79" ten="229,314,199,258" oya="3" hai0="59,69,12,132,106,88,119,131,85,13,34,112,64" hai1="62,100,21,73,67,48,52,42,71,111,46,93,104" hai2="101,124,61,11,1,87,53,43,27,96,38,3,31" hai3="19,26,91,30,103,56,95,66,32,78,125,24,6"/><W84/><G125/><T121/><D119/><U115/><E115/><V63/><F124/><W28/><G6/><T99/><D121/><U70/><E73/><V102/><F38/><W108/><G103/><T80/><D69/><U110/><E104/><V81/><F43/><W15/><G108/><N who="1" m="41514" /><E21/><V82/><F102/><W109/><G109/><T133/><D34/><U47/><E71/><V44/><F1/><W92/><G78/><T57/><D112/><U105/><E105/><V45/><F11/><W14/><G19/><T114/><D114/><U120/><E120/><V128/><F3/><W0/><G0/><T50/><D131/><U7/><E7/><V129/><F87/><W5/><G5/><T9/><D99/><N who="1" m="59503" /><E42/><V89/><F89/><W113/><G113/><T60/><D106/><U41/><E41/><V55/><F101/><W25/><G95/><T65/><D13/><U49/><E49/><V10/><F10/><W118/><G118/><T17/><REACH who="0" step="1"/><D50/><REACH who="0" ten="219,314,199,258" step="2"/><U35/><E35/><V86/><F96/><W18/><G32/><T135/><D135/><U36/><E36/><V20/><F129/><W107/><G107/><T33/><D33/><U29/><E46/><N who="2" m="18027" /><F128/><W116/><G116/><T75/><D75/><U72/><E72/><V8/><F8/><W51/><G14/><T97/><D97/><U37/><E37/><V16/><F86/><W98/><G84/><T77/><D77/><U54/><E47/><V68/><F68/><W22/><G98/><T117/><D117/><U94/><E70/><V123/><F123/><W76/><G76/><T90/><D90/><RYUUKYOKU ba="0,1" sc="219,30,314,-10,199,-10,258,-10" hai0="9,12,17,57,59,60,64,65,80,85,88,132,133" owari="249,4.9,314,41.4,189,-31.1,248,-15.2" /></mjloggm>