<mjloggm ver="2.3"><GO type="225" lobby="0"/><UN n0="%E6%81%A5%E6%99%92%E3%81%97" n1="%E3%83%9D%E3%82%B1%E3%83%83%E3%83%88" n2="%E6%9D%B1%E9%A2%A8%E3%81%AE%E3%81%8D%E3%82%83%E3%81%B7%E3%81%95%E3%82%93" n3="%E3%81%90%E3%81%A1%E3%82%84%E3%81%BE" dan="16,16,16,16" rate="2167.71,2062.21,2114.17,2094.68" sx="M,M,M,M"/><TAIKYOKU oya="0"/><INIT seed="0,0,0,0,2,68" ten="250,250,250,250" oya="0" hai0="73,22,9,26,122,63,104,128,4,52,34,50,133" hai1="124,41,20,96,91,51,28,115,55,64,61,111,120" hai2="65,82,44,19,17,32,129,125,74,86,83,93,100" hai3="76,107,39,85,60,70,113,72,46,79,99,18,45"/><T33/><D73/><U43/><E120/><V59/><F32/><W127/><G113/><T69/><D122/><U27/><E115/><V35/><F35/><W121/><G72/><T131/><D104/><U114/><E114/><V53/><F44/><W106/><G121/><T103/><D103/><U56/><E111/><V117/><F65/><W108/><G108/><T134/><D34/><U23/><E124/><V3/><F3/><W109/><G109/><T6/><D33/><U116/><E116/><V94/><F129/><N who="0" m="49738" /><D63/><U37/><E37/><V126/><F117/><W105/><G127/><N who="2" m="48649" /><F74/><W132/><G107/><T84/><D84/><U29/><E96/><N who="2" m="59407" /><F94/><W1/><G106/><T54/><D69/><U21/><E91/><N who="2" m="51671" /><F83/><W112/><G105/><T24/><D6/><U67/><E67/><V130/><F130/><W8/><G112/><T12/><D54/><U11/><E11/><V90/><F90/><W38/><G8/><T2/><D2/><U58/><REACH who="1" step="1"/><E21/><REACH who="1" ten="250,240,250,250" step="2"/><V75/><F75/><W25/><G99/><T40/><D22/><U48/><E48/><AGARI ba="0,1" hai="17,19,48,53,59" m="51671,59407,48649" machi="48" ten="30,1000,0" yaku="18,1" doraHai="68" who="2" fromWho="1" sc="250,0,240,-10,250,20,250,0" /><INIT seed="1,0,0,1,5,109" ten="250,230,270,250" oya="1" hai0="89,28,114,13,20,54,68,106,76,124,118,23,66" hai1="16,3,29,5,61,11,48,35,52,31,27,38,77" hai2="87,40,128,6,37,32,57,126,107,121,81,4,58" hai3="105,104,21,63,42,10,22,117,34,119,98,67,25"/><U72/><E38/><V102/><F32/><W88/><G42/><T12/><D118/><N who="3" m="45065" /><G10/><T14/><D106/><N who="3" m="41065" /><G34/><T93/><D76/><U2/><E2/><V17/><F40/><W49/><G49/><T100/><D100/><U116/><E116/><V85/><F102/><W55/><G55/><T24/><D124/><U123/><E123/><V65/><F107/><W73/><G73/><T26/><D54/><U92/><E92/><V19/><F37/><W125/><G125/><T132/><D66/><U51/><E31/><V33/><F33/><W60/><G25/><T53/><D53/><U39/><E39/><V103/><F121/><W83/><G63/><T129/><D68/><U91/><E91/><V62/><F126/><W86/><G98/><T41/><D26/><U1/><E1/><V18/><F62/><W71/><AGARI ba="0,0" hai="21,22,60,67,71,83,86,88" m="41065,45065" machi="71" ten="30,2000,0" yaku="12,1,54,1" doraHai="109" who="3" fromWho="3" sc="250,-5,230,-10,270,-5,250,20" /><INIT seed="2,0,0,5,5,129" ten="245,220,265,270" oya="2" hai0="10,128,71,24,43,114,11,113,87,61,46,105,7" hai1="47,124,59,85,94,27,15,31,131,121,76,9,80" hai2="116,64,104,107,92,13,111,74,1,135,35,18,58" hai3="70,69,130,118,2,23,17,106,25,20,72,93,41"/><V6/><F74/><W22/><G118/><T34/><D128/><U110/><E131/><V95/><F116/><W29/><G106/><T62/><D87/><U16/><E110/><V81/><F81/><W86/><G2/><T88/><D105/><U12/><E124/><V36/><F36/><W122/><G122/><T5/><D34/><U26/><E121/><V42/><F42/><W120/><G120/><T53/><D24/><U44/><E94/><N who="2" m="35883" /><F35/><W84/><G72/><T79/><D79/><U39/><E39/><V28/><F28/><W102/><G130/><T90/><D53/><U117/><E117/><V112/><F112/><W49/><G70/><T45/><REACH who="0" step="1"/><D71/><REACH who="0" ten="235,220,265,270" step="2"/><U52/><E15/><V55/><F107/><W54/><G86/><T68/><D68/><U37/><E37/><V96/><F104/><W14/><G69/><T133/><D133/><U78/><E78/><V67/><F135/><W65/><G54/><T91/><D91/><U60/><REACH who="1" step="1"/><E26/><REACH who="1" ten="235,210,265,270" step="2"/><V109/><F111/><W134/><G14/><T48/><D48/><U21/><AGARI ba="0,2" hai="9,12,16,21,27,31,44,47,52,59,60,76,80,85" machi="21" ten="20,12000,2" yaku="1,1,2,1,0,1,7,1,8,1,54,2,53,0" doraHai="129" doraHaiUra="126" who="1" fromWho="1" sc="235,-30,210,140,265,-60,270,-30" /><INIT seed="3,0,0,5,5,127" ten="205,350,205,240" oya="3" hai0="16,3,95,126,46,41,5,93,26,47,31,60,133" hai1="100,17,32,25,78,85,108,90,27,73,22,56,91" hai2="61,121,124,15,97,99,20,71,116,62,19,48,135" hai3="125,119,28,69,109,51,81,110,128,103,0,80,120"/><W105/><G69/><T42/><D126/><U107/><E108/><N who="3" m="41578" /><G0/><T118/><D118/><U68/><E68/><V14/><F124/><W10/><G125/><T55/><D133/><U52/><E73/><V39/><F39/><W53/><G119/><T1/><D5/><U112/><E112/><V2/><F2/><W83/><G28/><T89/><D31/><U72/><E72/><V114/><F114/><W67/><G67/><T8/><D60/><N who="2" m="23146" /><F116/><W34/><G10/><T87/><D55/><U64/><E52/><V63/><N who="2" m="23154" /><V70/><DORA hai="24" /><F70/><W104/><G34/><T13/><D26/><U79/><E25/><N who="2" m="14495" /><F71/><W131/><G120/><T66/><D66/><U84/><E90/><V117/><F117/><W74/><G74/><T129/><D129/><N who="3" m="49737" /><G103/><T23/><D3/><U94/><E100/><V4/><F135/><W75/><G75/><T50/><D1/><U96/><E32/><V88/><F121/><W12/><G12/><T92/><D8/><U57/><E64/><V130/><F130/><W113/><G113/><T21/><D23/><U6/><E22/><V43/><F15/><W36/><G36/><AGARI ba="0,0" hai="13,16,21,36,41,42,46,47,50,87,89,92,93,95" machi="36" ten="30,2000,0" yaku="7,1,54,1" doraHai="127,24" who="0" fromWho="3" sc="205,20,350,0,205,0,240,-20" owari="225,2.5,350,45.0,205,-29.5,220,-18.0" /></mjloggm>