<mjloggm ver="2.3"><GO type="225" lobby="0"/><UN n0="%E9%A6%AC%E5%BC%95%E7%81%AB%33" n1="%E3%81%BF%E3%81%BF%E3%81%9A" n2="%E3%81%A4%E3%81%A3%E3%81%B1%E3%82%8A%E3%83%9D%E3%83%BC%E3%83%AB" n3="%E6%A1%9C%E8%8A%B1%E9%96%83%E3%80%85" dan="16,17,17,16" rate="2145.52,2251.54,2115.07,2158.75" sx="M,M,M,M"/><TAIKYOKU oya="0"/><INIT seed="0,0,0,5,1,75" ten="250,250,250,250" oya="0" hai0="111,62,43,3,89,115,127,16,121,18,55,25,29" hai1="110,114,90,132,49,0,1,24,95,27,2,63,20" hai2="72,69,65,76,73,13,61,10,71,21,42,44,123" hai3="103,97,64,38,35,113,108,118,53,7,70,52,46"/><T28/><D115/><U107/><E107/><V26/><F123/><W57/><G113/><T126/><D121/><U101/><E114/><V117/><F71/><W82/><G118/><T12/><D3/><U86/><E110/><V19/><F117/><W78/><G35/><T68/><D43/><U91/><E132/><V93/><F93/><W135/><G70/><T87/><D111/><U23/><E63/><V36/><REACH who="2" step="1"/><F76/><REACH who="2" ten="250,250,240,250" step="2"/><W8/><G108/><T22/><D126/><U67/><E101/><V120/><F120/><W66/><G135/><T58/><D127/><U134/><E134/><V4/><AGARI ba="0,1" hai="4,10,13,19,21,26,36,42,44,61,65,69,72,73" machi="4" ten="20,2700,0" yaku="1,1,0,1,7,1,53,0" doraHai="75" doraHaiUra="83" who="2" fromWho="2" sc="250,-13,250,-7,240,37,250,-7" /><INIT seed="1,0,0,5,2,36" ten="237,243,277,243" oya="1" hai0="135,131,79,3,26,59,102,90,76,111,124,122,41" hai1="109,73,65,120,70,88,126,12,125,62,71,63,30" hai2="49,11,96,104,47,69,113,7,116,117,128,75,24" hai3="6,57,84,87,99,17,86,107,28,98,92,78,13"/><U127/><E120/><V10/><F128/><W121/><G121/><T32/><D122/><U4/><E73/><V53/><F113/><W134/><G134/><T103/><D3/><U67/><E109/><V33/><F69/><W19/><G107/><T64/><D131/><U2/><E30/><V16/><F75/><W48/><G28/><T39/><D135/><U93/><E2/><V81/><F81/><N who="3" m="47159" /><G6/><T132/><D32/><U15/><REACH who="1" step="1"/><E4/><REACH who="1" ten="237,233,277,243" step="2"/><V55/><F7/><W9/><G19/><T18/><D18/><U35/><E35/><V27/><F33/><W21/><G9/><T80/><D111/><U72/><E72/><V40/><F11/><W23/><G23/><T130/><D130/><U45/><E45/><V0/><F47/><W119/><G119/><T51/><D132/><U118/><E118/><V83/><F10/><W110/><G110/><T37/><D124/><U38/><E38/><V101/><F0/><W100/><G98/><AGARI ba="0,1" hai="12,15,62,63,65,67,70,71,88,93,98,125,126,127" machi="98" ten="40,18000,2" yaku="1,1,9,1,18,1,54,1,53,2" doraHai="36" doraHaiUra="61" who="1" fromWho="3" sc="237,0,233,190,277,0,243,-180" /><INIT seed="1,1,0,5,2,55" ten="237,423,277,63" oya="1" hai0="71,125,121,88,29,113,9,1,106,12,4,127,74" hai1="33,81,104,60,87,77,37,79,24,109,129,75,114" hai2="45,47,73,65,105,66,2,124,35,126,19,101,39" hai3="36,90,96,21,31,84,111,119,120,123,108,59,43"/><U118/><E114/><V7/><F35/><W25/><G96/><T34/><D113/><U131/><E118/><V22/><F73/><W133/><G119/><T20/><D74/><U18/><E37/><V99/><F7/><W69/><G69/><T16/><D106/><U49/><E104/><V57/><F2/><W135/><G43/><T51/><D71/><U10/><E49/><V82/><F82/><W30/><G36/><T83/><D121/><N who="3" m="46665" /><G59/><T78/><D78/><U64/><E109/><N who="3" m="42058" /><G84/><N who="0" m="50207" /><D51/><U52/><E52/><V116/><F116/><W26/><G90/><T86/><D86/><U128/><E75/><V54/><F39/><W91/><G91/><T103/><D103/><U40/><E40/><V117/><F117/><W85/><G85/><T122/><D122/><U76/><E33/><AGARI ba="1,0" hai="21,25,26,30,31,33,133,135" m="42058,46665" machi="33" ten="30,3900,0" yaku="14,1,34,2" doraHai="55" who="3" fromWho="1" sc="237,0,423,-42,277,0,63,42" /><INIT seed="2,0,0,3,1,58" ten="237,381,277,105" oya="2" hai0="30,57,62,39,45,7,9,29,48,115,74,31,2" hai1="21,24,56,55,108,82,109,75,23,134,104,33,37" hai2="107,17,40,60,70,95,80,81,92,73,69,76,106" hai3="112,93,123,102,53,14,110,5,103,51,121,20,78"/><V96/><F40/><W113/><G5/><T0/><D115/><N who="3" m="44105" /><G14/><T83/><D39/><U61/><E134/><V129/><F129/><W64/><G20/><T131/><D131/><U63/><E104/><N who="2" m="39979" /><F17/><W49/><G78/><T27/><D83/><U99/><E99/><V66/><F70/><W59/><G93/><T8/><D74/><U77/><E37/><V44/><F95/><W122/><G103/><T43/><D8/><U68/><E33/><V114/><F81/><W111/><G102/><T34/><REACH who="0" step="1"/><D0/><REACH who="0" ten="227,381,277,105" step="2"/><U98/><E75/><V4/><F114/><W86/><G86/><T46/><D46/><U127/><E82/><V87/><F44/><N who="3" m="27879" /><G49/><T47/><D47/><U54/><E109/><V10/><F87/><W124/><G124/><T101/><D101/><U126/><E108/><V11/><F11/><W135/><G135/><T128/><D128/><U52/><E127/><V35/><F10/><W38/><G38/><T94/><D94/><U71/><E126/><V130/><F130/><W100/><G100/><T28/><D28/><U84/><E84/><V105/><F92/><W18/><G18/><T88/><D88/><U89/><E77/><V72/><F72/><W32/><G32/><T26/><D26/><U12/><E89/><V16/><F35/><W41/><G41/><T90/><D90/><U1/><E24/><V116/><F16/><W91/><G91/><T36/><D36/><U19/><E19/><V25/><F105/><W118/><G118/><T42/><D42/><U3/><E98/><V85/><F116/><W67/><G111/><T22/><D22/><RYUUKYOKU ba="0,1" sc="227,30,381,-10,277,-10,105,-10" hai0="2,7,9,27,29,30,31,34,43,45,48,57,62" /><INIT seed="3,1,1,0,1,74" ten="257,371,267,95" oya="3" hai0="11,43,10,24,65,46,33,62,96,25,66,109,60" hai1="49,107,72,114,135,104,52,2,101,7,56,48,39" hai2="124,69,123,53,81,4,6,127,54,90,108,106,110" hai3="22,35,100,126,47,120,132,130,129,23,44,75,41"/><W91/><G35/><T5/><D109/><N who="2" m="42090" /><F69/><W112/><G112/><T28/><D96/><U18/><E48/><V3/><F106/><W51/><G120/><T83/><D83/><U30/><E18/><V113/><F113/><W79/><G100/><T111/><D111/><U42/><E101/><V20/><F123/><W58/><G126/><N who="2" m="48169" /><F20/><N who="3" m="7723" /><G132/><T29/><D33/><U71/><E30/><V103/><F103/><W21/><N who="3" m="7731" /><W67/><DORA hai="93" /><G91/><T31/><D31/><U86/><E71/><V15/><F3/><W9/><G9/><T34/><D34/><U38/><E114/><V115/><F115/><W59/><G67/><T88/><D88/><U80/><E135/><V92/><F81/><N who="3" m="45311" /><G44/><T64/><D64/><U37/><E42/><V77/><F77/><W97/><G97/><T57/><D5/><N who="2" m="2154" /><F15/><W98/><G98/><AGARI ba="1,1" hai="53,54,90,92,98" m="2154,48169,42090" machi="98" ten="30,3900,0" yaku="14,1,18,1,52,1" doraHai="74,93" who="2" fromWho="3" sc="257,0,371,0,267,52,95,-42" owari="257,-14.3,371,47.1,319,11.9,53,-44.7" /></mjloggm>