<mjloggm ver="2.3"><GO type="225" lobby="0"/><UN n0="%4C%4F%4C%49%54%41" n1="%E9%B7%B9%E5%80%89%E6%9D%8F%E9%88%B4" n2="%E3%81%8B%E3%82%8F%E3%81%A1%E3%82%83%E3%82%93%35%38" n3="%66%67%67%68%68%64%66" dan="16,16,16,16" rate="2095.56,2126.59,2163.43,2082.54" sx="F,F,M,M"/><TAIKYOKU oya="0"/><INIT seed="0,0,0,3,5,43" ten="250,250,250,250" oya="0" hai0="64,77,101,67,72,48,69,109,95,26,115,121,97" hai1="33,105,80,13,21,50,10,39,82,71,129,75,135" hai2="24,62,2,76,11,55,44,133,78,94,61,96,110" hai3="47,9,4,59,120,60,16,40,134,58,23,7,1"/><T84/><D115/><U42/><E33/><V126/><F110/><W36/><G134/><T19/><D121/><U92/><E105/><V125/><F24/><W85/><G120/><T29/><D69/><U49/><E71/><V132/><F2/><W114/><G114/><T118/><D118/><U73/><E39/><V131/><F11/><W63/><G7/><T25/><D72/><U74/><E129/><V103/><F61/><W68/><G85/><T54/><D19/><U119/><E119/><V37/><F62/><W52/><G68/><T88/><D77/><N who="2" m="29802" /><F55/><W104/><G104/><T53/><D53/><U51/><E135/><N who="2" m="51787" /><F131/><W32/><G32/><T27/><D29/><U18/><E42/><AGARI ba="0,0" hai="37,42,44,94,96,103,125,126" m="51787,29802" machi="42" ten="30,2000,0" yaku="20,1,52,1" doraHai="43" who="2" fromWho="1" sc="250,0,250,-20,250,20,250,0" /><INIT seed="1,0,0,1,3,44" ten="250,230,270,250" oya="1" hai0="61,58,131,29,10,78,28,36,68,96,99,59,42" hai1="73,119,72,2,38,106,71,85,134,63,13,39,103" hai2="6,11,3,109,26,113,32,86,45,123,40,122,37" hai3="97,90,47,100,9,51,112,46,12,133,101,132,35"/><U115/><E115/><V27/><F113/><W117/><G35/><T15/><D131/><U21/><E119/><V84/><F109/><W129/><G112/><T64/><D78/><U52/><E2/><V17/><F27/><W48/><G129/><T110/><D110/><U70/><E134/><N who="3" m="51818" /><G90/><T65/><D36/><U50/><E39/><V25/><F25/><W18/><G117/><T104/><D42/><U77/><E38/><V75/><F17/><W41/><G97/><N who="0" m="37451" /><D68/><U91/><E106/><V33/><F33/><W94/><G94/><T54/><D104/><U130/><E103/><V107/><F107/><W121/><G121/><T105/><D105/><U92/><E130/><V31/><F84/><W43/><AGARI ba="0,0" hai="9,12,18,41,43,46,47,48,51,100,101" m="51818" machi="43" ten="30,4000,0" yaku="20,1,52,2" doraHai="44" who="3" fromWho="3" sc="250,-10,230,-20,270,-10,250,40" /><INIT seed="2,0,0,5,3,42" ten="240,210,260,290" oya="2" hai0="1,52,93,82,40,97,31,49,9,84,116,25,126" hai1="102,124,132,104,83,107,54,28,12,70,130,5,118" hai2="99,34,48,94,91,11,74,3,135,63,45,32,80" hai3="13,44,106,7,56,127,77,133,101,89,68,122,134"/><V47/><F135/><N who="3" m="51723" /><G68/><T123/><D123/><U96/><E132/><V66/><F32/><W128/><G122/><T120/><D120/><U117/><E130/><V69/><F34/><W39/><G127/><T90/><D126/><U33/><E124/><V46/><F3/><W71/><G71/><T29/><D40/><U88/><E104/><V37/><F37/><W105/><G101/><T58/><D116/><U131/><E131/><V8/><REACH who="2" step="1"/><F48/><REACH who="2" ten="240,210,250,290" step="2"/><W55/><G39/><T86/><D1/><U59/><E117/><V50/><F50/><W15/><G128/><T98/><D9/><U79/><E118/><V27/><F27/><W112/><G15/><T24/><D25/><U87/><E33/><V73/><F73/><W2/><G13/><T6/><D24/><U4/><E12/><V26/><F26/><W109/><G2/><T95/><D49/><U14/><E14/><V110/><F110/><W115/><G109/><T67/><D29/><U113/><E28/><V17/><F17/><W36/><G36/><T62/><D31/><U21/><E5/><V92/><F92/><W43/><G7/><T35/><D6/><U38/><E4/><V78/><AGARI ba="0,1" hai="8,11,45,46,47,63,66,69,74,78,80,91,94,99" machi="78" ten="30,12000,1" yaku="1,1,0,1,52,3,53,0" doraHai="42" doraHaiUra="119" who="2" fromWho="2" sc="240,-40,210,-40,250,130,290,-40" /><INIT seed="2,1,0,0,4,68" ten="200,170,380,250" oya="2" hai0="116,44,110,83,73,100,46,92,133,101,14,106,117" hai1="59,1,89,111,71,6,60,95,40,27,75,93,108" hai2="94,98,70,19,53,31,2,76,39,34,3,134,81" hai3="7,26,64,63,74,96,61,121,84,56,55,11,91"/><V36/><F70/><W86/><G121/><T128/><D106/><U37/><E71/><V65/><F65/><W99/><G74/><T28/><D110/><N who="1" m="42027" /><E75/><V54/><F134/><W72/><G72/><T0/><D0/><U13/><E1/><V67/><F67/><W57/><G26/><T16/><D128/><U5/><E27/><V90/><F2/><W52/><G64/><T118/><D28/><U15/><E15/><V66/><F66/><W126/><G126/><T109/><D133/><U132/><E132/><V78/><F3/><W79/><G79/><N who="0" m="44527" /><D109/><U10/><E5/><V23/><F31/><W8/><G91/><T119/><N who="0" m="29696" /><DORA hai="127" /><T112/><D112/><U38/><E40/><V48/><F34/><W88/><G88/><T45/><D92/><N who="1" m="35403" /><E89/><V33/><F33/><W135/><G135/><T85/><D85/><U49/><E49/><V124/><F124/><W32/><G32/><T43/><D43/><U41/><E41/><V47/><F78/><W113/><REACH who="3" step="1"/><G7/><REACH who="3" ten="200,170,380,240" step="2"/><T58/><D100/><U35/><E35/><V51/><F76/><W17/><G17/><T77/><D101/><U42/><E42/><V97/><F81/><W18/><G18/><T21/><D77/><U87/><E87/><V131/><F19/><W69/><G69/><T125/><D125/><U123/><E123/><V129/><F90/><W114/><AGARI ba="1,1" hai="8,11,52,55,56,57,61,63,84,86,96,99,113,114" machi="114" ten="25,16000,3" yaku="1,1,0,1,22,2,54,1,53,4" doraHai="68,127" doraHaiUra="4,82" who="3" fromWho="3" sc="200,-41,170,-41,380,-81,240,173" /><INIT seed="3,0,0,5,0,49" ten="159,129,299,413" oya="3" hai0="32,121,101,22,134,124,25,63,128,35,111,12,108" hai1="93,86,36,52,104,123,125,48,39,90,133,74,110" hai2="98,135,61,79,91,88,129,16,7,40,115,69,54" hai3="99,75,15,6,34,105,122,66,76,19,10,106,0"/><W45/><G122/><T41/><D121/><U26/><E123/><V85/><F115/><W73/><G34/><T116/><D116/><U114/><E114/><V44/><F7/><W17/><G66/><T126/><D134/><U51/><E104/><V2/><F2/><W67/><G67/><T113/><D128/><U24/><E74/><V130/><F135/><W13/><G45/><T1/><D1/><U117/><E133/><V109/><F109/><N who="0" m="42058" /><D113/><U60/><E117/><V53/><F79/><W27/><G17/><N who="0" m="12495" /><D41/><U20/><E110/><V9/><F98/><W95/><G95/><T92/><D63/><U127/><E60/><V71/><F61/><W103/><G73/><T82/><D12/><U72/><E72/><V21/><F9/><W29/><G29/><T94/><D82/><U65/><E65/><V4/><F4/><W77/><G77/><T102/><D32/><U112/><E112/><V87/><F40/><W58/><G58/><T78/><D35/><U118/><E118/><V70/><F44/><W84/><G84/><N who="2" m="32329" /><F16/><W62/><G6/><T81/><D101/><U57/><E48/><V89/><F21/><W37/><G99/><N who="0" m="59751" /><D94/><U3/><E3/><V46/><F46/><W8/><G0/><T59/><D59/><U107/><E107/><V5/><F5/><W56/><G62/><T23/><D23/><U14/><E14/><V119/><F119/><W132/><G132/><T38/><D38/><N who="1" m="14379" /><E20/><V50/><F50/><W30/><G37/><T43/><D43/><U47/><E57/><V11/><F11/><W33/><G10/><T68/><D68/><RYUUKYOKU ba="0,0" sc="159,10,129,10,299,10,413,-30" hai0="78,81,124,126" hai1="24,26,47,51,52,86,90,93,125,127" hai2="53,54,69,70,71,88,89,91,129,130" owari="169,-23.1,139,-36.1,309,10.9,383,48.3" /></mjloggm>