<mjloggm ver="2.3"><GO type="225" lobby="0"/><UN n0="%70%6E%64%73%6E%67" n1="%E5%91%A8%E6%9D%B1" n2="%E6%9C%88%E5%B3%B6%E5%9F%BA" n3="%E9%97%98%E5%B0%86%E3%81%A0%E3%82%93%E3%81%A7%E3%81%83" dan="16,17,16,16" rate="2116.25,2176.52,2155.71,2084.42" sx="M,M,M,M"/><TAIKYOKU oya="0"/><INIT seed="0,0,0,3,3,78" ten="250,250,250,250" oya="0" hai0="98,106,73,45,44,76,135,112,57,121,80,30,25" hai1="86,47,61,0,129,82,40,36,79,50,38,9,89" hai2="72,132,20,128,111,122,14,99,118,119,21,127,3" hai3="97,90,32,92,77,130,87,35,84,101,48,28,75"/><T103/><D112/><U65/><E129/><V37/><RYUUKYOKU type="yao9" ba="0,0" sc="250,0,250,0,250,0,250,0" hai2="3,14,20,21,37,72,99,111,118,119,122,127,128,132" /><INIT seed="0,1,0,1,3,71" ten="250,250,250,250" oya="0" hai0="83,125,30,27,13,58,96,19,129,94,10,57,20" hai1="25,123,92,56,12,130,134,106,42,101,5,82,131" hai2="95,63,21,112,126,59,90,86,64,80,54,65,107" hai3="115,50,23,53,70,4,3,33,0,67,109,113,117"/><T34/><D129/><U11/><E123/><V104/><F112/><W105/><G33/><T73/><D125/><U98/><E134/><V69/><F126/><W28/><G117/><T89/><D73/><U127/><E127/><V135/><F135/><W121/><G105/><T111/><D111/><U132/><E132/><V31/><F69/><W60/><G109/><T118/><D118/><U44/><E82/><V55/><F104/><W24/><G121/><T100/><D83/><U78/><E78/><V29/><F107/><W84/><G4/><T36/><D36/><U87/><E87/><V26/><F31/><W128/><G128/><N who="1" m="49194" /><E56/><V102/><F65/><W61/><G61/><T124/><D124/><U122/><E25/><V108/><F108/><W37/><G37/><T14/><REACH who="0" step="1"/><D100/><REACH who="0" ten="240,250,250,250" step="2"/><U52/><E122/><V119/><F119/><W17/><G113/><T66/><D66/><U43/><E106/><V77/><REACH who="2" step="1"/><F102/><REACH who="2" ten="240,250,240,250" step="2"/><W93/><G115/><T103/><D103/><U7/><E7/><AGARI ba="1,2" hai="7,10,13,14,19,20,27,30,34,57,58,89,94,96" machi="7" ten="30,2900,0" yaku="1,1,7,1,53,0" doraHai="71" doraHaiUra="110" who="0" fromWho="1" sc="240,52,250,-32,240,0,250,0" /><INIT seed="0,2,0,3,0,65" ten="292,218,240,250" oya="0" hai0="101,15,23,90,43,57,69,95,85,74,114,102,109" hai1="19,118,73,112,98,2,31,33,128,119,129,39,35" hai2="134,6,55,92,126,107,122,127,53,10,12,56,88" hai3="94,76,28,41,40,132,42,22,16,93,61,79,131"/><T64/><D114/><U125/><E73/><V50/><F122/><W123/><G131/><N who="1" m="50250" /><E39/><V77/><F107/><W59/><G132/><T91/><D74/><U121/><E98/><V9/><F134/><W62/><G28/><T49/><D109/><U11/><E121/><V105/><F105/><W115/><G115/><T120/><D120/><U124/><E112/><V84/><F77/><N who="3" m="29771" /><G123/><T26/><D15/><N who="1" m="7679" /><E2/><V72/><F72/><W113/><G113/><T0/><D0/><U7/><E7/><V111/><F111/><W63/><G59/><T20/><D69/><U89/><E89/><V34/><F34/><N who="1" m="12809" /><E31/><V36/><F36/><W29/><G29/><T135/><D135/><U96/><E96/><V87/><F87/><W83/><G83/><T86/><D23/><U117/><AGARI ba="2,0" hai="117,118,119,124,125" m="12809,7679,50250" machi="117" ten="40,5200,0" yaku="19,1,34,2" doraHai="65" who="1" fromWho="1" sc="292,-28,218,58,240,-15,250,-15" /><INIT seed="1,0,0,4,0,24" ten="264,276,225,235" oya="1" hai0="22,58,97,44,8,111,75,53,43,100,107,54,51" hai1="127,121,81,134,0,78,25,52,128,106,82,66,65" hai2="94,120,76,90,86,95,39,48,7,96,47,28,59" hai3="38,60,42,9,73,29,119,15,32,130,114,108,133"/><U124/><E121/><V135/><F120/><W67/><G114/><T98/><D111/><U56/><E106/><V126/><F126/><N who="1" m="48169" /><E0/><V92/><F135/><W45/><G108/><T46/><D75/><N who="1" m="43231" /><E134/><V89/><F39/><W16/><G133/><T129/><D129/><U6/><E6/><V79/><F7/><W31/><G32/><T63/><D97/><U105/><E105/><V20/><F59/><W87/><G73/><T123/><D123/><U88/><E25/><N who="2" m="16423" /><F94/><W50/><G130/><T77/><D77/><U122/><E128/><V109/><F109/><W23/><G119/><T57/><D44/><U131/><E131/><V19/><F19/><W74/><G74/><T36/><D22/><U30/><E30/><V71/><F71/><W21/><G38/><T27/><D27/><U33/><E33/><V102/><F90/><W116/><G116/><T5/><D5/><U26/><E26/><V69/><F69/><W14/><G23/><T37/><REACH who="0" step="1"/><D8/><REACH who="0" ten="254,276,225,235" step="2"/><U117/><E122/><V62/><F79/><W13/><G87/><T49/><AGARI ba="0,1" hai="36,37,43,46,49,51,53,54,57,58,63,98,100,107" machi="49" ten="20,5200,0" yaku="1,1,2,1,0,1,7,1,53,0" doraHai="24" doraHaiUra="104" who="0" fromWho="0" sc="254,62,276,-26,225,-13,235,-13" /><INIT seed="2,0,0,5,0,85" ten="316,250,212,222" oya="2" hai0="24,22,11,9,56,120,44,25,132,134,4,23,8" hai1="42,64,37,99,77,67,10,68,108,79,94,17,60" hai2="73,95,32,63,119,115,58,39,35,102,13,38,69" hai3="40,88,74,62,113,121,21,110,117,16,89,101,78"/><V103/><F115/><W81/><G117/><T127/><D44/><U20/><E108/><V104/><F119/><W87/><G121/><T43/><D43/><U84/><E67/><V116/><F116/><W107/><G110/><T5/><D56/><U98/><E10/><V100/><F104/><W29/><G113/><T2/><D127/><U66/><E66/><V7/><F73/><W15/><G74/><T123/><D11/><U51/><E37/><V27/><F69/><W50/><G107/><T65/><D65/><U57/><E84/><V54/><F39/><W75/><G101/><T36/><D36/><U130/><E99/><V93/><F38/><W122/><G122/><T92/><D92/><U1/><E1/><AGARI ba="0,0" hai="1,2,4,5,8,9,22,23,24,25,120,123,132,134" machi="1" ten="25,8000,1" yaku="22,2,34,3" doraHai="85" who="0" fromWho="1" sc="316,80,250,-80,212,0,222,0" /><INIT seed="3,0,0,1,1,103" ten="396,170,212,222" oya="3" hai0="107,21,0,62,52,63,32,16,1,28,119,122,23" hai1="110,11,86,33,79,132,104,114,42,111,94,19,101" hai2="68,93,15,56,135,66,45,74,57,85,71,17,58" hai3="20,49,134,81,6,67,87,12,59,109,112,4,102"/><W13/><G112/><T69/><D119/><U3/><E114/><V95/><F74/><W22/><G134/><T50/><D122/><U127/><E132/><V128/><F135/><W88/><G109/><T25/><D107/><U10/><E33/><V24/><F71/><W80/><G102/><T60/><D69/><U106/><E42/><V39/><F39/><W115/><G115/><T89/><D89/><N who="1" m="53559" /><E101/><V73/><F73/><W27/><G80/><T35/><D35/><U29/><E29/><V37/><F37/><W83/><G83/><T53/><D53/><U113/><E113/><V36/><F36/><W64/><G49/><T34/><D34/><U9/><E3/><V124/><F66/><N who="3" m="25131" /><G59/><T55/><D55/><U126/><E19/><V43/><F68/><W117/><G117/><T120/><D120/><U118/><E79/><V40/><F40/><W44/><G44/><T100/><D100/><U92/><E92/><V91/><F45/><W2/><G2/><T76/><D76/><U61/><E61/><V125/><F93/><W54/><G54/><T131/><D131/><U18/><E18/><V82/><F95/><W38/><G38/><T75/><D75/><U31/><E31/><V47/><F128/><W51/><G51/><T84/><D32/><U41/><E41/><V72/><F72/><W99/><G99/><T70/><D70/><U98/><E118/><V116/><F116/><W26/><G6/><T7/><D7/><U133/><E133/><V78/><F43/><W77/><G77/><T46/><D84/><U97/><E97/><V129/><F78/><RYUUKYOKU ba="0,0" sc="396,30,170,-10,212,-10,222,-10" hai0="0,1,16,21,23,25,28,46,50,52,60,62,63" owari="426,52.6,160,-34.0,202,-19.8,212,1.2" /></mjloggm>