<mjloggm ver="2.3"><GO type="225" lobby="0"/><UN n0="%E3%81%BD%E3%81%A1%E3%81%9F%E3%81%93%E3%82%84" n1="%E5%91%A8%E6%9D%B1" n2="%E3%83%96%E3%83%83%E3%83%91%E3%82%AA%E3%83%96%E3%83%81%E3%82%AD%E3%83%B3" n3="%4B%2E%32%2E%4B%2E" dan="16,16,16,17" rate="2152.53,2158.65,2188.84,2205.52" sx="M,M,M,M"/><TAIKYOKU oya="0"/><INIT seed="0,0,0,5,3,102" ten="250,250,250,250" oya="0" hai0="48,69,12,72,32,8,93,135,57,47,70,40,29" hai1="20,59,97,66,133,103,15,9,112,90,91,98,127" hai2="35,118,80,56,18,73,125,22,51,100,55,109,123" hai3="78,62,41,17,24,79,119,23,95,128,106,89,52"/><T11/><D72/><U85/><E127/><V37/><F123/><W33/><G119/><T42/><D135/><U3/><E133/><V26/><F125/><W49/><G128/><T76/><D76/><U0/><E112/><V120/><F120/><W67/><G33/><T34/><D40/><U92/><E20/><V1/><F118/><W30/><G30/><T88/><D8/><U83/><E59/><V134/><F134/><W14/><G24/><T27/><D57/><U94/><REACH who="1" step="1"/><E66/><REACH who="1" ten="250,240,250,250" step="2"/><V28/><F56/><W74/><G67/><T124/><D124/><U5/><AGARI ba="0,1" hai="0,3,5,9,15,83,85,90,91,92,94,97,98,103" machi="5" ten="20,12000,2" yaku="1,1,2,1,0,1,7,1,53,2" doraHai="102" doraHaiUra="87" who="1" fromWho="1" sc="250,-60,240,130,250,-30,250,-30" /><INIT seed="1,0,0,3,4,74" ten="190,370,220,220" oya="1" hai0="128,98,125,92,82,76,109,86,118,35,84,70,27" hai1="101,30,126,31,9,46,113,2,88,39,75,3,72" hai2="97,23,83,65,24,123,56,94,100,17,21,134,114" hai3="20,80,45,130,34,18,51,91,48,57,103,22,5"/><U104/><E113/><V69/><F134/><W38/><G34/><T13/><D118/><U129/><E101/><V127/><F127/><W131/><G5/><T33/><D125/><U19/><E104/><V105/><F114/><W12/><G103/><T58/><D70/><U73/><E46/><V124/><F124/><W110/><G110/><T15/><D109/><U47/><E47/><V122/><F69/><W64/><G38/><T55/><D128/><N who="3" m="49193" /><G45/><T99/><D35/><U50/><E39/><V8/><F8/><W7/><G7/><T71/><D71/><U40/><E40/><V6/><F6/><W28/><G91/><N who="0" m="53351" /><D27/><U85/><E126/><V54/><F65/><W108/><G80/><T43/><D33/><U87/><E3/><V95/><F83/><W102/><G102/><T41/><D99/><U115/><E2/><V53/><F53/><W107/><G107/><T93/><D41/><U37/><E37/><V77/><F95/><W89/><G89/><N who="0" m="55599" /><D43/><U49/><E88/><V112/><F105/><W116/><G116/><T96/><D96/><U10/><E115/><V132/><F112/><W14/><G108/><T4/><D4/><U60/><E129/><V120/><F97/><W25/><G12/><T117/><D117/><U121/><E121/><V16/><F100/><W42/><G42/><T59/><D58/><U36/><E36/><V11/><F122/><W66/><G57/><T68/><D68/><U62/><E75/><V26/><F56/><W133/><G133/><T90/><D90/><U135/><E135/><V63/><F132/><W44/><G44/><RYUUKYOKU ba="0,0" sc="190,10,370,10,220,-30,220,10" hai0="13,15,55,59,76,82,86" hai1="9,10,19,30,31,49,50,60,62,72,73,85,87" hai3="14,18,20,22,25,28,48,51,64,66" /><INIT seed="1,1,0,0,0,1" ten="200,380,190,230" oya="1" hai0="112,104,134,44,37,113,118,59,106,46,126,14,100" hai1="124,19,131,51,9,111,128,69,28,88,7,2,74" hai2="25,129,108,91,121,120,29,24,18,8,83,123,6" hai3="56,81,47,33,117,26,102,82,70,85,115,13,40"/><U36/><E36/><V130/><F108/><W5/><G70/><T58/><D14/><U96/><E69/><V101/><F101/><W42/><G115/><T114/><D100/><U10/><E74/><V67/><F67/><W15/><G117/><T95/><D95/><N who="1" m="56423" /><E111/><V62/><F62/><W135/><G135/><T105/><D37/><U31/><E51/><V132/><F132/><W64/><G26/><T60/><D134/><U94/><E94/><V49/><F49/><W133/><G33/><T55/><D118/><U119/><E119/><V0/><F91/><W4/><G102/><T20/><D126/><U116/><E124/><V99/><F83/><W86/><G133/><T92/><D92/><U76/><E76/><V75/><F99/><W35/><G35/><T27/><REACH who="0" step="1"/><D58/><REACH who="0" ten="190,380,190,230" step="2"/><U54/><E116/><V87/><F75/><W34/><G56/><T23/><D23/><U127/><E127/><V57/><F57/><W22/><G34/><T43/><D43/><U93/><E93/><V30/><F87/><W3/><G22/><T41/><D41/><U61/><E128/><N who="2" m="49259" /><F25/><W63/><G85/><T65/><D65/><U109/><E131/><V125/><F125/><W72/><G72/><T38/><D38/><U77/><E109/><V110/><F110/><W107/><G86/><T50/><D50/><U16/><E61/><V68/><F68/><W32/><G63/><T84/><D84/><U79/><E54/><V73/><F73/><W39/><G64/><T17/><AGARI ba="1,1" hai="17,20,27,44,46,55,59,60,104,105,106,112,113,114" machi="17" ten="40,5200,0" yaku="1,1,0,1,53,1" doraHai="1" doraHaiUra="48" who="0" fromWho="0" sc="190,65,380,-27,190,-14,230,-14" /><INIT seed="2,0,0,4,5,7" ten="255,353,176,216" oya="2" hai0="71,134,78,110,121,27,6,90,126,93,61,36,35" hai1="9,49,60,77,106,44,41,0,23,127,8,10,103" hai2="15,38,12,125,112,124,24,58,40,89,56,33,118" hai3="105,83,72,129,101,66,79,20,67,30,70,32,34"/><V131/><F112/><W113/><G113/><T133/><D121/><U94/><E106/><V13/><F118/><W85/><G129/><T46/><D78/><U43/><E127/><N who="2" m="48715" /><F131/><W63/><G67/><T130/><D130/><U65/><E0/><V4/><F89/><W26/><G34/><T98/><D126/><U37/><E77/><V117/><F117/><W31/><G31/><T128/><D128/><U5/><E5/><V21/><F33/><W22/><REACH who="3" step="1"/><G72/><REACH who="3" ten="255,353,176,206" step="2"/><T119/><D35/><U107/><E65/><V17/><F4/><W135/><G135/><T18/><D6/><U47/><E107/><V68/><F68/><W97/><AGARI ba="0,1" hai="20,22,26,30,32,63,66,70,79,83,85,97,101,105" machi="97" ten="30,7900,0" yaku="1,1,0,1,25,2,53,0" doraHai="7" doraHaiUra="91" who="3" fromWho="3" sc="255,-20,353,-20,176,-39,206,89" /><INIT seed="3,0,0,2,5,6" ten="235,333,137,295" oya="3" hai0="116,80,82,20,29,38,66,49,43,131,88,79,125" hai1="21,34,62,13,39,61,46,35,9,123,126,133,101" hai2="84,90,54,128,65,28,19,83,23,72,89,115,8" hai3="95,16,86,25,117,103,44,102,67,30,81,4,135"/><W121/><G117/><T36/><D116/><U107/><E123/><V78/><F115/><W132/><G121/><T85/><D131/><U41/><E126/><V99/><F128/><W69/><G44/><T18/><D125/><U105/><E133/><N who="3" m="51274" /><G4/><T94/><D29/><U48/><E21/><V76/><F65/><W32/><G95/><T109/><D66/><U0/><E0/><V58/><F28/><W111/><G111/><T37/><D109/><U45/><E35/><V108/><F108/><W104/><G104/><T100/><D100/><U3/><E34/><V75/><F75/><W27/><G67/><T70/><D70/><U53/><E3/><V68/><F68/><W77/><G69/><T98/><D82/><U14/><E14/><V74/><F74/><W134/><N who="3" m="51282" /><W71/><DORA hai="51" /><G71/><T31/><D31/><U119/><E119/><V93/><F72/><W57/><G57/><T118/><D118/><U56/><E101/><V50/><REACH who="2" step="1"/><F8/><REACH who="2" ten="235,333,127,295" step="2"/><W127/><G127/><T55/><D43/><U124/><E124/><V2/><F2/><W7/><G32/><T130/><D130/><U96/><E41/><V92/><F92/><W114/><G114/><T42/><D42/><U40/><E40/><V15/><AGARI ba="0,1" hai="15,19,23,50,54,58,76,78,83,84,89,90,93,99" machi="15" ten="20,12000,2" yaku="1,1,0,1,7,1,8,1,52,1,53,1" doraHai="6,51" doraHaiUra="33,10" who="2" fromWho="2" sc="235,-30,333,-30,127,130,295,-60" owari="205,-29.5,303,40.3,257,5.7,235,-16.5" /></mjloggm>