<mjloggm ver="2.3"><GO type="225" lobby="0"/><UN n0="%E4%B8%8B%E6%AE%B5%E3%83%81%E3%82%A7%E3%83%AA%E3%83%BC" n1="%E3%81%A8%E3%82%89%E3%81%84%E3%81%A1" n2="%6D%61%74%69%67%75%73%61" n3="%E3%81%BF%E3%81%BF%E3%81%9A" dan="16,16,17,17" rate="2162.15,2134.57,2131.63,2208.25" sx="M,M,M,M"/><TAIKYOKU oya="0"/><INIT seed="0,0,0,0,3,62" ten="250,250,250,250" oya="0" hai0="109,99,11,61,89,12,69,36,68,33,39,102,113" hai1="67,37,20,30,104,44,88,130,21,51,127,105,3" hai2="119,95,0,129,32,42,35,5,16,75,76,6,23" hai3="112,47,58,78,14,53,125,107,22,50,116,19,131"/><T103/><D113/><U64/><E3/><V9/><F129/><W87/><G112/><T106/><D103/><U38/><E38/><V70/><F70/><W46/><G116/><T73/><D73/><U118/><E37/><V28/><F119/><W59/><G107/><T117/><D117/><U57/><E118/><V24/><F42/><W43/><G125/><T60/><D109/><U56/><E130/><V123/><F95/><W111/><G111/><T120/><D120/><U122/><E122/><V108/><F123/><W82/><REACH who="3" step="1"/><G131/><REACH who="3" ten="250,250,250,240" step="2"/><T85/><D33/><U81/><E104/><V97/><F108/><W34/><G34/><T79/><D79/><U96/><E127/><V133/><F76/><W100/><G100/><T134/><D134/><U40/><E105/><V83/><F133/><W52/><G52/><T55/><D68/><U110/><E110/><V13/><F32/><W93/><G93/><T92/><D61/><N who="1" m="37927" /><E81/><V77/><F97/><W49/><AGARI ba="0,1" hai="14,19,22,43,46,47,49,50,53,58,59,78,82,87" machi="49" ten="20,5200,0" yaku="1,1,0,1,7,1,8,1,53,0" doraHai="62" doraHaiUra="25" who="3" fromWho="3" sc="250,-26,250,-13,250,-13,240,62" /><INIT seed="1,0,0,5,1,56" ten="224,237,237,302" oya="1" hai0="17,101,126,91,33,32,26,9,76,45,60,2,88" hai1="73,38,36,53,6,102,81,3,12,120,109,70,118" hai2="94,42,123,131,124,61,7,83,8,48,27,59,108" hai3="135,40,99,115,4,87,122,66,75,58,119,127,24"/><U93/><E3/><V100/><F123/><W65/><G75/><T0/><D76/><U110/><E118/><V103/><F108/><N who="1" m="41577" /><E120/><V13/><F131/><W132/><G122/><T98/><D126/><U104/><E104/><V95/><F124/><W96/><G115/><T21/><D45/><U25/><E70/><V11/><F27/><W50/><G127/><T112/><D112/><U5/><E25/><V80/><F8/><W43/><G4/><N who="1" m="1642" /><E12/><V10/><F11/><W49/><G119/><T113/><D113/><U46/><E53/><V97/><F48/><W64/><G24/><T82/><D9/><U130/><E46/><V117/><F42/><W30/><G30/><T105/><D0/><U51/><E51/><N who="3" m="19466" /><G58/><T23/><D2/><U77/><E130/><V129/><F129/><W18/><G87/><T47/><D47/><U67/><E67/><N who="3" m="17154" /><W15/><DORA hai="106" /><G135/><T14/><D105/><U34/><E34/><V133/><F117/><W107/><G132/><T84/><D33/><U52/><E52/><N who="2" m="34023" /><F133/><W134/><G107/><T89/><D32/><U55/><E55/><V116/><F116/><W90/><G134/><T54/><D54/><U69/><E69/><V1/><F1/><W74/><G43/><T29/><D60/><U62/><E62/><V86/><F103/><W20/><G40/><T72/><D72/><U37/><E37/><V92/><F13/><W125/><G74/><T71/><D71/><U78/><E78/><N who="2" m="46359" /><F7/><W39/><G39/><T68/><D68/><U19/><E19/><V111/><F111/><W31/><G125/><T41/><D41/><RYUUKYOKU ba="0,0" sc="224,15,237,15,237,-15,302,-15" hai0="14,17,21,23,26,29,82,84,88,89,91,98,101" hai1="36,38,73,77,81,93,102" /><INIT seed="1,1,0,2,2,120" ten="239,252,222,287" oya="1" hai0="1,76,55,111,8,94,31,2,53,112,108,127,125" hai1="12,59,29,30,82,23,17,6,24,3,9,73,103" hai2="99,74,121,105,22,107,60,77,56,115,14,36,126" hai3="110,102,90,40,48,42,50,133,91,95,61,75,25"/><U10/><E103/><V27/><F36/><W46/><G75/><T26/><D76/><U116/><E59/><V54/><F121/><W18/><G133/><T5/><D94/><U89/><E89/><V62/><F126/><N who="0" m="48138" /><D1/><U113/><E82/><V79/><F115/><W80/><G110/><N who="0" m="42027" /><D112/><U34/><E73/><V51/><F77/><W41/><G61/><T38/><D38/><U49/><E113/><V44/><F60/><W88/><G80/><T87/><D87/><U97/><E49/><V100/><F51/><W67/><G67/><T4/><D4/><N who="1" m="1183" /><E116/><V132/><F62/><W16/><G50/><T93/><D93/><U81/><E81/><V0/><F74/><W57/><G57/><T134/><D134/><U86/><E86/><V19/><F56/><W84/><G84/><T66/><D66/><U122/><E122/><V65/><F65/><W33/><G95/><T11/><D11/><U47/><E6/><V37/><F37/><W117/><G117/><T128/><D128/><U72/><E72/><V131/><F131/><W43/><G102/><T71/><D71/><U15/><E10/><V124/><F100/><W118/><G118/><T101/><D101/><U68/><E68/><V35/><F124/><W135/><G135/><T109/><N who="0" m="42035" /><T98/><DORA hai="20" /><D98/><U45/><E97/><V114/><F99/><W70/><G70/><T123/><D123/><U92/><E92/><V96/><F132/><W119/><G119/><T78/><D78/><U85/><E85/><V32/><F114/><W28/><AGARI ba="1,0" hai="16,18,25,28,33,40,41,42,43,46,48,88,90,91" machi="28" ten="40,8000,1" yaku="0,1,52,1,54,2" doraHai="120,20" who="3" fromWho="3" sc="239,-21,252,-41,222,-21,287,83" /><INIT seed="2,0,0,5,5,35" ten="218,211,201,370" oya="2" hai0="79,42,70,43,32,55,57,107,104,82,18,6,88" hai1="11,7,17,15,86,45,113,123,8,133,109,0,66" hai2="40,46,26,127,67,128,131,34,85,39,52,61,37" hai3="106,108,59,3,65,92,80,5,69,31,94,93,54"/><V125/><F85/><W121/><G121/><T27/><D70/><U116/><E113/><V124/><F26/><W98/><G108/><T110/><D110/><U114/><E114/><V111/><F34/><W60/><G31/><T83/><D6/><U9/><E109/><V132/><F111/><W73/><G73/><T105/><D18/><U22/><E116/><V25/><F25/><W95/><G80/><T64/><D64/><U2/><E123/><V81/><F81/><W24/><G24/><T63/><D82/><U47/><E133/><V28/><F28/><W119/><G119/><T96/><D27/><U74/><E74/><V89/><F89/><W30/><G30/><T48/><D63/><U23/><E66/><V122/><F122/><W68/><G106/><T12/><D12/><U19/><E86/><V130/><F52/><W99/><G65/><T120/><D32/><U118/><E118/><V91/><F91/><W103/><REACH who="3" step="1"/><G99/><REACH who="3" ten="218,211,201,360" step="2"/><T112/><D120/><U50/><E7/><V20/><F20/><W126/><G126/><T16/><D112/><U102/><E22/><V44/><F132/><W56/><G56/><T72/><D96/><U101/><E45/><N who="2" m="23695" /><F39/><W49/><G49/><T29/><D29/><U13/><E23/><V53/><F53/><W38/><G38/><T10/><D10/><AGARI ba="0,1" hai="3,5,10,54,59,60,68,69,92,93,94,95,98,103" machi="10" ten="40,2600,0" yaku="1,1,52,1,53,0" doraHai="35" doraHaiUra="14" who="3" fromWho="0" sc="218,-26,211,0,201,0,360,36" /><INIT seed="3,0,0,1,5,108" ten="192,211,201,396" oya="3" hai0="79,7,66,132,11,67,109,53,61,44,120,40,135" hai1="13,58,3,22,126,1,46,23,84,18,73,83,116" hai2="69,99,51,95,15,113,98,133,48,41,92,54,81" hai3="33,124,12,127,101,76,128,6,118,56,38,21,114"/><W55/><G114/><T110/><D79/><U105/><E105/><V75/><F69/><W96/><G33/><T37/><D120/><U80/><E126/><V30/><F113/><W14/><G38/><T47/><D47/><U26/><E73/><V60/><F133/><N who="0" m="51274" /><D53/><U125/><E125/><V9/><F30/><W134/><G76/><T78/><D78/><U62/><E46/><N who="2" m="25679" /><F60/><W16/><G14/><N who="0" m="5503" /><D66/><U8/><E116/><V115/><F81/><W82/><G96/><N who="2" m="36905" /><F75/><W74/><G21/><T0/><D0/><U59/><E83/><V100/><F100/><W130/><G56/><AGARI ba="0,0" hai="37,40,44,56,61,67,109,110" m="5503,51274" machi="56" ten="30,1000,0" yaku="20,1" doraHai="108" who="0" fromWho="3" sc="192,10,211,0,201,0,396,-10" owari="202,-19.8,211,1.1,201,-29.9,386,48.6" /></mjloggm>