<mjloggm ver="2.3"><GO type="225" lobby="0"/><UN n0="%E9%A6%AC%E5%BC%95%E7%81%AB%33" n1="%E3%83%96%E3%83%83%E3%83%91%E3%82%AA%E3%83%96%E3%83%81%E3%82%AD%E3%83%B3" n2="%E7%9A%AE%E3%80%85" n3="%E3%83%B4%E3%83%A0%EF%BC%99%E3%81%A6" dan="16,16,16,17" rate="2114.85,2206.88,2114.60,2152.32" sx="M,M,F,M"/><TAIKYOKU oya="0"/><INIT seed="0,0,0,2,4,0" ten="250,250,250,250" oya="0" hai0="22,69,34,72,126,121,35,118,90,54,36,131,65" hai1="116,4,95,99,109,17,37,48,3,123,129,31,1" hai2="97,11,63,14,120,55,51,21,8,6,49,32,12" hai3="83,117,25,13,85,111,56,7,80,130,134,9,133"/><T70/><D118/><U74/><E116/><V91/><F32/><W67/><G117/><T52/><D121/><U20/><E123/><V93/><F120/><W96/><G111/><T127/><D72/><U106/><E37/><V15/><F21/><W71/><G71/><T86/><D36/><U105/><E109/><V112/><F112/><W39/><G39/><T115/><D115/><U61/><E74/><V113/><F113/><W77/><G130/><T92/><D131/><U40/><E129/><V94/><F94/><W19/><G96/><T33/><D22/><U58/><E31/><V124/><F124/><N who="0" m="47658" /><D65/><U119/><E1/><V103/><F103/><W26/><G80/><T60/><D60/><U100/><E40/><V78/><F78/><W27/><REACH who="3" step="1"/><G19/><REACH who="3" ten="250,250,250,240" step="2"/><T76/><D76/><U75/><E17/><V81/><F81/><W62/><AGARI ba="0,1" hai="7,9,13,25,26,27,56,62,67,77,83,85,133,134" machi="62" ten="30,7900,0" yaku="1,1,2,1,0,1,52,1,53,0" doraHai="0" doraHaiUra="132" who="3" fromWho="3" sc="250,-39,250,-20,250,-20,240,89" /><INIT seed="1,0,0,3,0,123" ten="211,230,230,329" oya="1" hai0="82,3,109,72,77,59,126,51,20,119,108,42,25" hai1="24,7,11,30,93,49,65,15,131,88,22,17,71" hai2="10,127,90,99,60,83,107,125,13,69,116,0,36" hai3="64,115,133,97,45,39,132,98,75,124,61,134,105"/><U104/><E131/><V106/><F116/><W113/><G75/><T6/><D119/><U57/><E104/><V56/><F0/><W85/><G124/><N who="2" m="47689" /><F36/><W4/><G4/><T128/><D126/><U117/><E117/><V55/><F69/><N who="3" m="42127" /><G85/><T35/><D128/><U68/><E7/><N who="2" m="3295" /><F83/><W16/><G16/><N who="0" m="12423" /><D35/><U8/><E8/><V89/><F106/><W78/><G78/><T80/><D80/><U1/><E1/><V130/><F130/><W120/><G120/><T28/><D28/><U66/><E71/><V129/><F129/><W52/><G39/><T110/><D6/><U100/><E100/><AGARI ba="0,0" hai="55,56,60,89,90,99,100,107" m="3295,47689" machi="100" ten="30,1000,0" yaku="18,1" doraHai="123" who="2" fromWho="1" sc="211,0,230,-10,230,10,329,0" /><INIT seed="2,0,0,0,5,63" ten="211,220,240,329" oya="2" hai0="91,35,116,107,50,36,105,69,28,130,104,44,103" hai1="132,83,106,57,2,74,48,80,118,6,124,134,52" hai2="34,128,55,21,27,98,23,33,67,65,22,94,40" hai3="45,12,13,101,46,93,54,95,122,117,72,17,20"/><V10/><F128/><W41/><G72/><T1/><D130/><U125/><E106/><V119/><F119/><W112/><G122/><T3/><D69/><U127/><E118/><V92/><F34/><W58/><G112/><T5/><D116/><U131/><E74/><V115/><F115/><W81/><G117/><T70/><D70/><U38/><E38/><V15/><F33/><W62/><G81/><N who="1" m="31306" /><E131/><V0/><F0/><W135/><G135/><N who="1" m="51754" /><E2/><V61/><F40/><W100/><G12/><T121/><D36/><U29/><E6/><N who="2" m="3543" /><F27/><W110/><G110/><T102/><D121/><U18/><E18/><V68/><F68/><W76/><G76/><T9/><D1/><U96/><E96/><V90/><F94/><N who="3" m="35851" /><G41/><T120/><D120/><U78/><E78/><V111/><F111/><W56/><G17/><T31/><D35/><U126/><N who="1" m="31744" /><DORA hai="75" /><U49/><E29/><V8/><F8/><W114/><G114/><T43/><D28/><U4/><E4/><V30/><F30/><W79/><G79/><T19/><D31/><U26/><E26/><V14/><F14/><W60/><G13/><T82/><D19/><U53/><E53/><V32/><F32/><W113/><G113/><T73/><D73/><U109/><E109/><V39/><F39/><W84/><G54/><T37/><D37/><U42/><E42/><V108/><F108/><W97/><G97/><T25/><D25/><U129/><E129/><V87/><F98/><W133/><G133/><T11/><D11/><U47/><E47/><V59/><AGARI ba="0,0" hai="21,22,23,55,59,61,65,67,87,90,92" m="3543" machi="59" ten="30,6000,0" yaku="8,1,52,2" doraHai="63,75" who="2" fromWho="2" sc="211,-20,220,-20,240,60,329,-20" /><INIT seed="2,1,0,4,5,22" ten="191,200,300,309" oya="2" hai0="47,135,105,100,131,53,122,59,26,74,85,115,119" hai1="96,76,79,61,69,25,8,130,106,6,29,107,51" hai2="14,37,35,82,38,16,52,2,1,55,112,62,86" hai3="95,40,65,75,109,20,24,77,41,125,91,46,0"/><V4/><F112/><W17/><G0/><T73/><D115/><U90/><E130/><V72/><F72/><W87/><G109/><T132/><D122/><U49/><E69/><V83/><F35/><W63/><G125/><T57/><D131/><U21/><E61/><V33/><F33/><W36/><G41/><T42/><D119/><U81/><E79/><V44/><F62/><W66/><G75/><N who="0" m="28683" /><D85/><U9/><E9/><V39/><F4/><W97/><REACH who="3" step="1"/><G63/><REACH who="3" ten="191,200,300,299" step="2"/><T129/><D129/><U128/><E128/><V134/><F134/><W19/><G19/><T102/><D42/><U117/><E117/><V121/><F121/><W113/><G113/><T3/><D3/><U108/><E108/><V127/><F127/><W124/><G124/><T92/><D135/><U67/><E6/><V89/><F82/><AGARI ba="1,1" hai="17,20,24,36,40,46,65,66,77,82,87,91,95,97" machi="82" ten="40,2600,0" yaku="1,1,52,1,53,0" doraHai="22" doraHaiUra="118" who="3" fromWho="2" sc="191,0,200,0,300,-29,299,39" /><INIT seed="3,0,0,1,3,116" ten="191,200,271,338" oya="3" hai0="86,57,109,129,108,63,8,19,35,26,79,46,61" hai1="30,115,22,68,11,72,82,89,52,94,31,58,80" hai2="38,9,64,33,39,37,124,71,75,91,15,21,40" hai3="10,42,14,59,97,122,4,66,53,84,104,77,70"/><W117/><G122/><T133/><D129/><U100/><E115/><V67/><F33/><W12/><G117/><T49/><D133/><U132/><E68/><V105/><F105/><W96/><G42/><T7/><D79/><U81/><E132/><V1/><F1/><W110/><G110/><N who="0" m="42603" /><D86/><U76/><E100/><V17/><F75/><W113/><G104/><T51/><D46/><U102/><E102/><V25/><F124/><W50/><G70/><T103/><D103/><U18/><E11/><V131/><F131/><W73/><G66/><N who="0" m="39215" /><D63/><N who="1" m="36295" /><E76/><V43/><F91/><W134/><G73/><T60/><D60/><U111/><E72/><V88/><F88/><W121/><G14/><N who="0" m="7623" /><D7/><U90/><E111/><V101/><F101/><W93/><G10/><T65/><D65/><U62/><E62/><V36/><N who="2" m="9216" /><DORA hai="48" /><V56/><F56/><W106/><G59/><T0/><D0/><U20/><E90/><V85/><F85/><W118/><G84/><T44/><D44/><U3/><E3/><V123/><F123/><W83/><G121/><T78/><D78/><U92/><E92/><V128/><F128/><W13/><G93/><T74/><D74/><U34/><E34/><V127/><F127/><W32/><G77/><T112/><D112/><U126/><E126/><V130/><F130/><W87/><G32/><T95/><D95/><U125/><E125/><V24/><F24/><W99/><G106/><T16/><D35/><U28/><E18/><V23/><F71/><W119/><G113/><T2/><D2/><U47/><E47/><V107/><F107/><W5/><G118/><RYUUKYOKU ba="0,0" sc="191,15,200,15,271,-15,338,-15" hai0="16,26,49,51" hai1="20,22,28,30,31,80,81,82,89,94" owari="206,-29.4,215,-18.5,256,5.6,323,42.3" /></mjloggm>