<mjloggm ver="2.3"><GO type="225" lobby="0"/><UN n0="%62%6F%6E%6F%73%2E%2E" n1="%E6%A1%9C%E8%8A%B1%E9%96%83%E3%80%85" n2="%E7%B4%94%E6%BD%94%E3%83%94%E3%83%A9%E3%83%8B%E3%82%A2" n3="%E9%81%A0%E8%BF%91%E9%99%B0%E6%99%B4%E7%9A%86%E5%85%A5%E5%BF%83" dan="17,16,17,16" rate="2195.28,2135.33,2227.47,2146.13" sx="M,M,M,F"/><TAIKYOKU oya="0"/><INIT seed="0,0,0,5,4,40" ten="250,250,250,250" oya="0" hai0="49,69,44,17,81,12,13,87,80,53,16,51,109" hai1="65,31,34,129,27,47,37,67,24,42,19,52,32" hai2="110,119,74,8,14,106,83,63,102,112,4,89,122" hai3="103,133,125,35,123,85,30,120,105,76,90,71,20"/><T135/><D135/><U98/><E129/><V93/><F112/><W23/><G71/><T28/><D69/><U43/><E43/><V50/><F122/><N who="3" m="46635" /><G125/><T100/><D28/><U15/><E98/><V91/><F63/><W84/><G133/><T121/><D121/><U33/><E52/><V29/><F110/><W118/><G118/><T79/><D100/><U60/><E60/><V101/><F106/><W11/><G11/><T114/><D114/><U66/><REACH who="1" step="1"/><E31/><REACH who="1" ten="250,240,250,250" step="2"/><V73/><F29/><W46/><G30/><T56/><D109/><U59/><E59/><V131/><F131/><W70/><G70/><T6/><D6/><U88/><E88/><V96/><F119/><W54/><G90/><T22/><D17/><U10/><AGARI ba="0,1" hai="10,15,19,24,27,32,33,34,37,42,47,65,66,67" machi="10" ten="40,5200,0" yaku="1,1,0,1,52,1,53,0" doraHai="40" doraHaiUra="72" who="1" fromWho="1" sc="250,-26,240,62,250,-13,250,-13" /><INIT seed="1,0,0,1,2,4" ten="224,302,237,237" oya="1" hai0="74,88,117,26,57,73,120,32,109,13,102,127,84" hai1="87,135,46,49,116,14,128,53,119,93,48,91,62" hai2="12,132,131,15,114,37,2,19,68,83,108,50,59" hai3="97,22,96,80,112,89,100,94,126,27,95,111,101"/><U103/><E128/><V125/><F12/><W134/><G112/><T25/><D117/><U90/><E135/><V72/><F15/><W104/><G134/><T122/><D109/><U10/><E103/><V69/><F19/><W55/><G111/><T45/><D102/><U129/><E129/><V38/><F83/><W20/><G126/><T28/><D127/><U7/><E62/><V8/><F8/><W6/><G6/><T107/><D107/><U66/><E66/><V3/><F50/><W133/><G133/><T0/><D0/><U35/><E35/><V18/><F18/><W16/><G80/><N who="0" m="49159" /><D45/><U106/><E106/><V81/><F81/><W79/><G79/><T9/><D57/><U67/><E67/><V54/><F59/><W75/><G75/><T21/><D21/><U29/><E29/><V5/><F5/><W92/><G22/><T105/><D25/><U130/><E130/><V52/><F132/><W82/><REACH who="3" step="1"/><G55/><REACH who="3" ten="224,302,237,227" step="2"/><T36/><D73/><U51/><E116/><V99/><F131/><W42/><G42/><T110/><D74/><U121/><E119/><V86/><F72/><W43/><G43/><T64/><D110/><U24/><E53/><V98/><F108/><W63/><G63/><T71/><D64/><U70/><E7/><V58/><F125/><W85/><AGARI ba="0,1" hai="16,20,27,82,85,89,92,94,95,96,97,100,101,104" machi="85" ten="30,7900,0" yaku="1,1,0,1,54,1,53,1" doraHai="4" doraHaiUra="77" who="3" fromWho="3" sc="224,-20,302,-39,237,-20,227,89" /><INIT seed="2,0,0,0,3,2" ten="204,263,217,316" oya="2" hai0="67,118,8,84,0,15,112,93,35,19,83,119,60" hai1="33,96,7,80,133,10,50,54,9,74,76,11,36" hai2="43,90,131,122,30,130,5,113,21,101,109,3,48" hai3="78,46,129,62,42,111,68,117,28,25,105,114,134"/><V55/><F113/><W64/><G117/><N who="0" m="44555" /><D112/><U47/><E133/><V26/><F122/><W72/><G134/><T128/><D35/><U94/><E33/><V66/><F66/><W29/><G114/><T89/><D0/><U45/><E36/><V49/><F101/><W82/><G111/><T23/><D128/><N who="2" m="49194" /><F109/><W95/><G129/><T22/><D83/><U71/><E47/><N who="2" m="25727" /><F90/><W108/><G108/><T120/><D120/><U79/><E71/><V16/><F30/><W69/><G29/><T116/><N who="0" m="44563" /><T44/><DORA hai="125" /><D44/><U37/><E37/><V102/><F102/><W103/><G105/><T61/><D61/><U32/><E79/><V127/><F127/><W85/><G68/><AGARI ba="0,0" hai="8,15,19,22,23,60,67,68,84,89,93" m="44563" machi="68" ten="40,1300,0" yaku="12,1" doraHai="2,125" who="0" fromWho="3" sc="204,13,263,0,217,0,316,-13" /><INIT seed="3,0,0,3,5,95" ten="217,263,217,303" oya="3" hai0="72,123,9,112,68,89,99,119,101,39,111,79,84" hai1="109,76,48,104,3,12,2,46,25,92,13,50,115" hai2="34,63,66,80,19,127,65,1,16,8,6,24,114" hai3="116,121,82,18,35,62,49,53,110,88,57,133,0"/><W71/><G116/><T103/><D39/><U4/><E104/><V70/><F114/><W134/><G121/><T100/><D68/><U130/><E115/><V11/><F127/><W122/><G122/><T96/><D123/><U41/><E109/><V107/><F65/><W113/><G113/><T23/><D112/><U42/><E130/><V135/><F135/><N who="3" m="51723" /><G35/><T20/><D119/><U44/><E76/><V7/><F107/><W21/><G0/><T93/><D111/><U17/><E4/><V97/><F80/><W78/><G110/><T54/><D72/><U128/><E128/><V94/><F34/><W118/><G118/><T69/><D69/><U85/><E25/><V77/><F24/><N who="3" m="14391" /><G88/><N who="0" m="53383" /><D79/><U126/><E126/><V56/><F77/><W38/><G38/><T36/><D36/><U108/><E108/><V29/><F29/><W73/><G71/><T117/><D117/><U120/><E120/><V30/><F30/><W43/><G43/><T33/><D33/><U67/><E67/><V55/><F66/><W37/><G37/><T125/><D125/><U15/><E17/><V28/><F28/><W102/><G102/><T105/><D105/><U27/><E27/><V64/><F64/><W106/><G106/><T98/><D89/><AGARI ba="0,0" hai="2,3,12,13,15,41,42,44,46,48,50,85,89,92" machi="89" ten="40,1300,0" yaku="9,1" doraHai="95" who="1" fromWho="0" sc="217,-13,263,13,217,0,303,0" owari="204,-29.6,276,7.6,217,-18.3,303,40.3" /></mjloggm>