<mjloggm ver="2.3"><GO type="225" lobby="0"/><UN n0="%E3%81%82%E3%81%84%E3%81%82%E3%81%8A%E3%81%84" n1="%72%65%6E%6B%75%6E" n2="%E3%81%AF%E3%82%88%E3%81%8A%E3%81%98%E3%81%95%E3%82%93" n3="%E3%83%B4%E3%83%A0%EF%BC%99%E3%81%A6" dan="18,17,16,17" rate="2232.71,2199.81,2165.40,2171.43" sx="M,M,M,M"/><TAIKYOKU oya="0"/><INIT seed="0,0,0,4,1,115" ten="250,250,250,250" oya="0" hai0="112,83,67,4,44,65,71,48,30,39,102,103,100" hai1="86,133,117,130,27,12,110,60,106,80,73,97,10" hai2="81,31,113,2,120,61,33,51,123,5,35,53,34" hai3="58,43,78,99,95,111,96,91,47,19,16,94,11"/><T98/><D112/><U126/><E117/><V84/><F113/><W25/><G111/><T9/><D39/><U41/><E73/><V93/><F31/><W124/><G124/><T134/><D134/><U74/><E74/><V20/><F20/><W14/><G78/><T88/><D30/><U52/><E41/><V6/><F93/><W49/><G58/><T107/><D107/><U22/><E126/><V26/><F26/><W68/><G68/><T46/><D71/><U101/><E110/><V64/><F2/><W62/><G62/><T66/><D48/><U125/><E125/><V92/><F92/><W1/><G1/><T72/><D72/><U87/><E130/><V82/><F5/><W57/><G57/><T119/><D119/><U79/><E133/><V104/><F6/><W75/><G75/><T128/><D128/><U63/><E87/><V29/><F29/><W17/><REACH who="3" step="1"/><G25/><REACH who="3" ten="250,250,250,240" step="2"/><T32/><D46/><U116/><E116/><V131/><F131/><W42/><G42/><T109/><D44/><U76/><E76/><V135/><F135/><W13/><G13/><N who="0" m="5287" /><D109/><U77/><E77/><V3/><F3/><W121/><G121/><T56/><D56/><U40/><E40/><V37/><F120/><W129/><G129/><T45/><D45/><U69/><E69/><V55/><F123/><W132/><G132/><T38/><D66/><U90/><E79/><N who="2" m="46143" /><F61/><W23/><G23/><T108/><D108/><U122/><E122/><V0/><F0/><W24/><G24/><T59/><D32/><N who="2" m="8194" /><V7/><DORA hai="54" /><F64/><W127/><G127/><T18/><D67/><RYUUKYOKU ba="0,1" sc="250,-10,250,-10,250,-10,240,30" hai3="11,14,16,17,19,43,47,49,91,94,95,96,99" /><INIT seed="1,1,1,4,5,0" ten="240,240,240,270" oya="1" hai0="5,132,16,58,129,1,65,109,41,60,79,98,35" hai1="85,101,124,128,22,78,112,133,67,62,126,89,121" hai2="27,70,40,110,125,43,15,135,119,83,120,97,95" hai3="38,45,118,19,104,106,3,87,76,2,68,71,113"/><U56/><E112/><V59/><F120/><W111/><G113/><T73/><D35/><U130/><E121/><V46/><F119/><W103/><G87/><T127/><D109/><U54/><E101/><V26/><F70/><N who="3" m="26667" /><G19/><T17/><D41/><U20/><E78/><V100/><F110/><W61/><G61/><T92/><D127/><N who="1" m="48683" /><E54/><V75/><F125/><W88/><G88/><T9/><D129/><N who="1" m="49771" /><E133/><V84/><F75/><W86/><G86/><T7/><D132/><U72/><E72/><V37/><F43/><N who="3" m="22775" /><G111/><T77/><D77/><U10/><E10/><V91/><F135/><W81/><G118/><T117/><D117/><U116/><E116/><V57/><F100/><W105/><G103/><T28/><D79/><U64/><E67/><V21/><F83/><AGARI ba="1,1" hai="20,22,56,62,64,83,85,89" m="49771,48683" machi="83" ten="30,2900,0" yaku="18,1,19,1" doraHai="0" who="1" fromWho="2" sc="240,0,240,42,240,-32,270,0" /><INIT seed="1,2,0,3,3,28" ten="240,282,208,270" oya="1" hai0="75,106,92,132,55,127,60,91,121,51,73,29,120" hai1="98,57,41,35,67,81,126,82,44,123,33,128,11" hai2="42,74,14,118,107,99,38,50,48,1,135,61,12" hai3="100,4,87,6,111,59,113,115,93,5,36,124,112"/><U95/><E123/><N who="0" m="47177" /><D106/><U16/><E126/><V13/><F118/><W104/><G36/><T66/><D29/><U27/><E128/><V15/><F135/><W96/><G124/><T52/><D132/><U134/><E134/><V58/><F74/><N who="0" m="28170" /><D51/><U84/><E67/><V56/><N who="2" m="3072" /><DORA hai="30" /><V62/><F1/><W97/><G111/><T47/><D47/><U68/><E57/><V65/><F38/><W131/><G131/><T8/><D8/><U9/><E68/><V32/><F32/><W64/><G87/><N who="0" m="52351" /><D127/><U17/><E9/><V110/><F42/><W117/><G117/><T49/><D49/><U3/><E11/><V24/><F110/><W21/><G21/><T70/><AGARI ba="2,0" hai="52,55,60,66,70" m="52351,28170,47177" machi="70" ten="30,2000,0" yaku="13,1,54,1" doraHai="28,30" who="0" fromWho="0" sc="240,26,282,-12,208,-7,270,-7" /><INIT seed="2,0,0,4,5,125" ten="266,270,201,263" oya="2" hai0="59,65,129,49,101,117,43,7,26,54,1,114,23" hai1="94,60,34,35,82,0,69,4,122,3,58,102,40" hai2="61,113,109,91,124,15,97,56,46,39,68,19,86" hai3="24,78,79,8,31,96,128,37,134,72,133,66,119"/><V30/><F113/><W92/><G119/><T12/><D114/><U48/><E122/><V95/><F124/><W83/><G37/><T103/><D1/><U57/><E69/><V62/><F109/><W21/><G66/><T104/><D104/><U76/><E102/><V118/><F118/><W70/><G70/><T50/><D65/><U17/><E94/><V123/><F123/><W98/><G78/><T75/><D75/><U80/><E17/><V87/><F68/><W116/><G116/><T90/><D117/><U81/><E76/><V32/><F62/><W108/><G108/><T27/><D27/><U132/><E132/><N who="3" m="50794" /><G128/><T11/><D129/><U52/><E40/><V53/><F32/><W73/><G73/><T20/><D20/><U67/><REACH who="1" step="1"/><E0/><REACH who="1" ten="266,260,201,263" step="2"/><V130/><F130/><W93/><G93/><T47/><REACH who="0" step="1"/><D90/><REACH who="0" ten="256,260,201,263" step="2"/><U71/><E71/><V63/><F91/><W5/><G92/><T121/><D121/><U88/><E88/><V10/><F95/><W131/><G131/><T18/><AGARI ba="0,2" hai="7,11,12,18,23,26,43,47,49,50,54,59,101,103" machi="18" ten="20,8000,1" yaku="1,1,0,1,7,1,8,1,53,1" doraHai="125" doraHaiUra="13" who="0" fromWho="0" sc="256,100,260,-20,201,-40,263,-20" /><INIT seed="3,0,0,3,0,87" ten="356,240,161,243" oya="3" hai0="52,51,47,34,27,81,53,67,74,8,5,93,116" hai1="132,26,30,62,14,75,129,24,122,22,105,125,85" hai2="20,59,13,19,97,64,18,108,82,110,128,106,61" hai3="118,29,86,46,79,55,120,71,32,57,10,28,131"/><W80/><G120/><T0/><D116/><U63/><E75/><V78/><F128/><W39/><G118/><T44/><D67/><U25/><E105/><V70/><F70/><W45/><G131/><T15/><D93/><U1/><E1/><V89/><F106/><W100/><G71/><T92/><D92/><U101/><E122/><V69/><F69/><W113/><G113/><T134/><D134/><U54/><E129/><V83/><F78/><W66/><G66/><T126/><D126/><U41/><E41/><V38/><F38/><W58/><G100/><T98/><D98/><U65/><E101/><V33/><F33/><W109/><G109/><T119/><D119/><U21/><E125/><V107/><F107/><W23/><G32/><T49/><D0/><U37/><E37/><V123/><F123/><W31/><G39/><T2/><D2/><U121/><E121/><V43/><F43/><W50/><G10/><T103/><D103/><U36/><E36/><V104/><F104/><W124/><G124/><T72/><D81/><U88/><E65/><V115/><F115/><W35/><G35/><T95/><D95/><N who="1" m="54671" /><E132/><V114/><F114/><W40/><G40/><T91/><D91/><U9/><E54/><V77/><F77/><W127/><G127/><T112/><D112/><U90/><E90/><V56/><F108/><W76/><G79/><T42/><D42/><U130/><E130/><V94/><F110/><W4/><G4/><T73/><D73/><U96/><E96/><V3/><F3/><W135/><G135/><T60/><D72/><U17/><E9/><RYUUKYOKU ba="0,0" sc="356,-10,240,30,161,-10,243,-10" hai1="14,17,21,22,24,25,26,30,62,63" owari="346,44.6,270,7.0,151,-34.9,233,-16.7" /></mjloggm>