<mjloggm ver="2.3"><GO type="225" lobby="0"/><UN n0="%E3%81%90%E3%81%A1%E3%82%84%E3%81%BE" n1="%E3%81%BF%E3%81%BF%E3%81%9A" n2="%72%69%6F%75%63%68%61%6E" n3="%E7%B4%94%E6%BD%94%E3%83%94%E3%83%A9%E3%83%8B%E3%82%A2" dan="16,18,16,17" rate="2134.83,2245.89,2200.84,2227.28" sx="M,M,M,M"/><TAIKYOKU oya="0"/><INIT seed="0,0,0,4,2,132" ten="250,250,250,250" oya="0" hai0="14,95,98,48,42,94,26,91,35,106,120,77,78" hai1="0,131,112,41,10,75,5,105,101,18,27,100,8" hai2="57,36,20,16,93,44,6,34,4,53,83,84,117" hai3="110,60,92,86,128,126,17,25,73,97,7,31,55"/><T133/><D120/><U107/><E75/><V103/><F34/><W12/><G73/><T32/><D106/><U22/><E41/><V80/><F117/><W71/><G110/><T119/><D119/><U129/><E112/><V90/><F44/><W65/><G86/><T76/><D133/><U114/><E114/><V33/><F33/><W85/><G85/><T56/><D35/><U59/><E59/><V123/><F36/><W28/><G128/><N who="1" m="49226" /><E8/><V9/><F123/><W104/><G104/><AGARI ba="0,0" hai="0,5,10,18,22,27,100,101,104,105,107" m="49226" machi="104" ten="30,1000,0" yaku="19,1" doraHai="132" who="1" fromWho="3" sc="250,0,250,10,250,0,250,-10" /><INIT seed="1,0,0,5,4,34" ten="250,260,250,240" oya="1" hai0="22,128,18,107,3,93,70,38,57,72,71,78,82" hai1="114,117,43,7,17,73,132,63,6,58,65,27,84" hai2="95,111,49,54,94,88,126,26,35,97,60,112,86" hai3="10,124,77,51,103,2,64,25,33,62,42,15,80"/><U85/><E114/><V90/><F111/><W41/><G124/><T83/><D107/><U61/><E73/><V115/><F126/><W74/><G103/><T133/><D38/><U16/><E117/><V31/><REACH who="2" step="1"/><F60/><REACH who="2" ten="250,260,240,240" step="2"/><W39/><G62/><T108/><D108/><U98/><E63/><V67/><F67/><W91/><G64/><T102/><D71/><U120/><E120/><V50/><F50/><W125/><G51/><T8/><D70/><U55/><E65/><V89/><F89/><W9/><G125/><T53/><D128/><U116/><E116/><V1/><F1/><W4/><G39/><T56/><D3/><U52/><E132/><V100/><F100/><W106/><G91/><T13/><D133/><U81/><E61/><V20/><F20/><W134/><G134/><T96/><D22/><U23/><E23/><V127/><F127/><W119/><G119/><T11/><D11/><U48/><E48/><V24/><F24/><W28/><REACH who="3" step="1"/><G106/><REACH who="3" ten="250,260,240,230" step="2"/><T32/><D102/><U36/><E36/><V44/><AGARI ba="0,2" hai="26,31,35,44,49,54,86,88,90,94,95,97,112,115" machi="44" ten="30,4000,0" yaku="1,1,0,1,54,1,53,0" doraHai="34" doraHaiUra="59" who="2" fromWho="2" sc="250,-10,260,-20,240,60,230,-10" /><INIT seed="2,0,0,5,3,85" ten="240,240,300,220" oya="2" hai0="28,21,83,60,121,95,78,14,76,35,32,94,33" hai1="6,119,13,66,20,84,110,24,16,129,107,72,101" hai2="117,39,67,74,70,58,52,59,82,8,115,29,91" hai3="53,37,15,48,44,36,106,40,38,81,130,61,42"/><V43/><F115/><W133/><G106/><T19/><D121/><U4/><E119/><V3/><F117/><W123/><G123/><T114/><D114/><U124/><E72/><V92/><F29/><W100/><G100/><T41/><D28/><U79/><E110/><V105/><F105/><W122/><G122/><T102/><D78/><U22/><E124/><V113/><F113/><W116/><G15/><T103/><D41/><N who="3" m="15977" /><G81/><T7/><D7/><U45/><E129/><V63/><F43/><N who="3" m="22631" /><G130/><T108/><D108/><U23/><E45/><V30/><F39/><N who="3" m="14859" /><G133/><T49/><D49/><U120/><E120/><V126/><F30/><W73/><G73/><T27/><D14/><U135/><E135/><V62/><F126/><W64/><G116/><T87/><D103/><U18/><E22/><V112/><F112/><W17/><G17/><T50/><D102/><U10/><E10/><V2/><F8/><W86/><G86/><T96/><D96/><U134/><E134/><V11/><F11/><W68/><G48/><T31/><D50/><U5/><E101/><V75/><F75/><W98/><G98/><T47/><D47/><U1/><E107/><V90/><F74/><W0/><G0/><T77/><D77/><U89/><E1/><V93/><F82/><W127/><G127/><T26/><REACH who="0" step="1"/><D60/><REACH who="0" ten="230,240,300,220" step="2"/><U65/><E79/><V109/><F109/><W125/><G125/><T131/><D131/><U25/><E13/><V12/><F12/><W55/><AGARI ba="0,1" hai="53,55,61,64,68" m="14859,22631,15977" machi="55" ten="30,8000,1" yaku="35,5" doraHai="85" who="3" fromWho="3" sc="230,-20,240,-20,300,-40,220,90" /><INIT seed="3,0,0,2,2,30" ten="210,220,260,310" oya="3" hai0="28,78,123,91,82,83,126,0,72,8,115,110,94" hai1="129,63,122,6,9,71,121,68,107,92,77,27,112" hai2="50,97,117,23,51,114,95,1,133,52,42,13,62" hai3="70,81,31,113,12,109,4,90,48,14,11,85,44"/><W125/><G70/><N who="1" m="26666" /><E63/><V69/><F117/><W75/><G113/><T10/><D123/><U102/><E92/><V60/><F133/><W105/><G105/><T56/><D115/><U74/><E27/><V119/><F119/><W111/><G75/><T55/><D110/><N who="3" m="41993" /><G31/><T58/><D126/><U40/><E40/><V79/><F114/><W43/><G125/><T20/><D82/><N who="1" m="45367" /><E129/><V96/><F1/><AGARI ba="0,0" hai="1,4,11,12,14,43,44,48,81,85,90" m="41993" machi="1" ten="30,2900,0" yaku="14,1,10,1" doraHai="30" who="3" fromWho="2" sc="210,0,220,0,260,-29,310,29" owari="210,-29.0,220,-18.0,231,3.1,339,43.9" /></mjloggm>