<mjloggm ver="2.3"><GO type="225" lobby="0"/><UN n0="%E3%83%A2%E3%83%B3%E3%82%AD%E3%83%BC%E3%83%88%E3%83%AA%E3%83%83%E3%82%AF" n1="%E3%80%90%E3%83%88%E3%83%AA%E3%83%A5%E3%83%95%E3%80%91" n2="%E3%81%90%E3%81%A1%E3%82%84%E3%81%BE" n3="%72%69%6F%75%63%68%61%6E" dan="16,16,16,16" rate="2170.81,2121.45,2121.60,2181.37" sx="M,M,M,M"/><TAIKYOKU oya="0"/><INIT seed="0,0,0,4,2,66" ten="250,250,250,250" oya="0" hai0="41,2,7,30,18,99,124,39,122,125,107,102,59" hai1="5,128,15,101,11,97,31,100,94,104,79,89,32" hai2="68,72,4,105,52,110,84,55,44,121,119,67,45" hai3="76,88,93,1,95,46,22,108,14,86,0,42,71"/><T8/><D122/><U98/><E128/><V36/><F72/><W6/><G108/><T81/><D59/><U34/><E31/><V37/><F105/><W21/><G71/><T64/><D64/><U54/><E79/><V103/><F103/><W87/><G0/><T131/><D131/><U115/><E115/><V13/><F84/><W83/><G1/><T26/><D18/><U92/><REACH who="1" step="1"/><E54/><REACH who="1" ten="250,240,250,250" step="2"/><V73/><F55/><W49/><REACH who="3" step="1"/><G93/><REACH who="3" ten="250,240,250,240" step="2"/><T129/><D129/><U135/><E135/><V91/><F121/><W43/><G43/><T65/><D65/><U33/><E33/><V112/><F67/><W126/><G126/><T111/><D111/><U113/><E113/><V12/><F112/><W127/><G127/><T133/><D133/><U130/><E130/><V58/><F110/><W118/><G118/><T53/><D53/><U29/><E29/><V116/><F116/><W109/><G109/><T114/><D114/><U50/><E50/><V80/><F119/><W134/><G134/><T85/><D41/><U106/><E106/><V56/><F52/><W70/><G70/><T40/><D40/><U9/><E9/><AGARI ba="0,2" hai="6,9,14,21,22,42,46,49,76,83,86,87,88,95" machi="9" ten="40,8000,1" yaku="1,1,25,2,8,1,54,1,53,0" doraHai="66" doraHaiUra="20" who="3" fromWho="1" sc="250,0,240,-80,250,0,240,100" /><INIT seed="1,0,0,2,5,117" ten="250,160,250,340" oya="1" hai0="57,33,34,2,15,28,23,89,107,40,38,76,21" hai1="39,125,84,53,88,90,55,116,110,3,112,75,119" hai2="131,54,69,71,36,94,128,22,83,101,95,109,105" hai3="0,14,63,73,129,64,13,126,91,58,51,72,59"/><U45/><E3/><V44/><F109/><W18/><G0/><T77/><D107/><U67/><E75/><V19/><F83/><W98/><G126/><T52/><D2/><U78/><E125/><V81/><F81/><W25/><G129/><N who="2" m="49737" /><F105/><W108/><G108/><T87/><D38/><U104/><E104/><V5/><F5/><W56/><G25/><T102/><D40/><U49/><E110/><V80/><F80/><W111/><G111/><T86/><D102/><U120/><E112/><V11/><F11/><W96/><G13/><T118/><D118/><U20/><E67/><V93/><F101/><W27/><G27/><T133/><D133/><U79/><E39/><V74/><F74/><W65/><G51/><T48/><D86/><U30/><E120/><V12/><F54/><W47/><G47/><T4/><D33/><U115/><E115/><V97/><F97/><N who="3" m="37483" /><G64/><T9/><D34/><U42/><E116/><V68/><F71/><W134/><G134/><T106/><D106/><U66/><E66/><V85/><F85/><W50/><G50/><T26/><REACH who="0" step="1"/><D23/><REACH who="0" ten="240,160,250,340" step="2"/><U31/><E119/><V35/><F35/><W130/><G130/><T123/><D123/><U82/><E20/><V62/><F36/><W122/><G122/><T1/><D1/><U92/><E84/><V24/><F22/><N who="3" m="11607" /><G72/><T17/><D17/><U103/><E103/><V135/><F19/><W7/><G73/><T113/><D113/><U121/><E121/><V99/><F135/><W16/><G16/><T60/><D60/><U127/><E127/><V32/><F32/><W37/><G37/><RYUUKYOKU ba="0,1" sc="240,30,160,-10,250,-10,340,-10" hai0="4,9,15,21,26,28,48,52,57,76,77,87,89" /><INIT seed="2,1,1,0,5,132" ten="270,150,240,330" oya="2" hai0="121,32,2,65,105,96,104,95,73,43,135,46,33" hai1="92,67,49,114,123,106,9,111,86,90,127,34,23" hai2="51,6,118,91,75,22,126,53,128,120,18,131,63" hai3="79,41,81,45,56,61,122,124,76,110,42,109,107"/><V72/><F118/><W60/><G124/><T24/><D121/><U66/><E114/><V100/><F120/><W28/><G122/><T77/><D2/><U84/><E123/><V88/><F6/><W58/><G107/><T119/><D119/><U101/><E34/><V40/><F100/><W125/><G125/><T113/><D113/><U35/><E35/><V69/><F126/><W112/><G112/><T39/><D135/><U5/><E127/><V129/><F40/><N who="3" m="15467" /><G45/><T47/><D33/><U116/><E111/><N who="3" m="42506" /><G28/><T98/><D32/><U27/><E116/><V97/><F63/><N who="3" m="24139" /><G76/><T93/><D73/><AGARI ba="1,1" hai="56,58,73,79,81" m="24139,42506,15467" machi="73" ten="30,1000,0" yaku="14,1" doraHai="132" who="3" fromWho="0" sc="270,-13,150,0,240,0,330,23" /><INIT seed="3,0,0,3,4,67" ten="257,150,240,353" oya="3" hai0="95,64,77,68,22,128,80,8,103,19,105,14,35" hai1="60,83,114,24,86,58,126,116,31,12,5,43,46" hai2="108,38,34,81,32,130,100,134,111,26,1,106,23" hai3="94,37,29,49,90,91,56,117,65,70,59,63,120"/><W18/><G117/><T41/><D35/><U7/><E116/><V20/><F38/><W50/><G120/><T55/><D41/><U123/><E114/><V53/><F1/><W39/><G29/><T62/><D128/><U2/><E2/><V51/><F130/><W112/><G112/><T28/><D105/><U17/><E126/><V45/><F134/><W82/><G18/><T69/><D55/><U76/><E123/><V47/><F100/><W42/><G70/><T88/><D103/><U101/><E101/><V36/><F106/><W98/><G42/><T118/><D118/><U102/><E102/><V54/><F81/><W109/><G109/><N who="2" m="42057" /><F36/><W0/><G0/><T115/><D115/><U61/><E61/><V92/><F92/><N who="3" m="56599" /><G82/><T104/><D104/><U97/><E97/><V74/><F74/><W85/><G37/><T48/><D48/><U21/><E43/><N who="2" m="25023" /><F47/><W66/><G39/><T30/><D69/><U121/><E46/><V52/><F20/><W73/><G73/><T129/><D22/><U122/><E122/><V113/><F113/><W87/><G87/><T127/><D127/><U75/><E75/><V15/><F15/><W89/><G91/><T93/><D129/><U40/><E40/><V132/><F132/><W119/><G119/><T84/><REACH who="0" step="1"/><D95/><REACH who="0" ten="247,150,240,353" step="2"/><U124/><E124/><V99/><F99/><AGARI ba="0,1" hai="8,14,19,28,30,62,64,68,77,80,84,88,93,99" machi="99" ten="30,8000,1" yaku="1,1,2,1,7,1,52,1,54,1,53,0" doraHai="67" doraHaiUra="133" who="0" fromWho="2" sc="247,90,150,0,240,-80,353,0" owari="337,13.7,150,-35.0,160,-24.0,353,45.3" /></mjloggm>