<mjloggm ver="2.3"><GO type="225" lobby="0"/><UN n0="%E6%A1%9C%E8%8A%B1%E9%96%83%E3%80%85" n1="%E3%83%96%E3%83%83%E3%83%91%E3%82%AA%E3%83%96%E3%83%81%E3%82%AD%E3%83%B3" n2="%73%74%61%72%E6%98%9F%E8%BE%B0" n3="%E3%83%A9%E3%83%BC%E3%83%A1%E3%83%B3%E4%BA%94%E9%83%8E" dan="16,16,16,16" rate="2183.89,2203.79,2107.26,2123.09" sx="M,M,M,M"/><TAIKYOKU oya="0"/><INIT seed="0,0,0,4,5,112" ten="250,250,250,250" oya="0" hai0="10,67,110,28,49,118,90,125,84,132,129,33,94" hai1="11,78,60,106,107,97,70,31,130,100,115,117,39" hai2="62,77,81,17,37,54,53,85,29,114,69,56,102" hai3="135,65,27,95,57,88,44,24,120,43,82,113,42"/><T4/><D125/><U46/><E115/><V58/><F114/><W75/><G113/><T51/><D129/><U133/><E130/><V34/><F69/><W121/><G135/><T16/><D132/><U109/><E133/><V55/><F37/><W127/><G127/><T96/><D118/><U63/><E109/><V72/><F102/><W68/><G68/><T14/><D110/><U105/><E63/><V13/><F72/><W87/><G65/><T47/><D67/><N who="1" m="41319" /><E11/><V98/><F98/><W126/><G57/><T79/><D33/><U103/><E78/><V6/><F6/><W101/><G126/><T41/><D28/><U131/><E131/><V9/><REACH who="2" step="1"/><F62/><REACH who="2" ten="250,250,240,250" step="2"/><W92/><G75/><T73/><D73/><U123/><E103/><V30/><F30/><W20/><G101/><T22/><D51/><U76/><E31/><V124/><F124/><W74/><G74/><T8/><REACH who="0" step="1"/><D4/><REACH who="0" ten="240,250,240,250" step="2"/><U45/><E39/><V91/><F91/><W61/><G88/><T104/><D104/><U128/><E106/><V25/><AGARI ba="0,2" hai="9,13,17,25,29,34,53,54,55,56,58,77,81,85" machi="25" ten="30,2000,0" yaku="1,1,0,1,53,0" doraHai="112" doraHaiUra="122" who="2" fromWho="2" sc="240,-10,250,-5,240,40,250,-5" /><INIT seed="1,0,0,2,3,58" ten="230,245,280,245" oya="1" hai0="19,124,131,24,130,115,101,66,63,45,56,119,69" hai1="37,91,21,123,84,106,73,60,126,5,43,8,35" hai2="85,75,40,1,110,41,89,28,44,17,102,14,20" hai3="4,108,79,23,55,53,83,16,132,29,93,107,50"/><U51/><E123/><V36/><F75/><W87/><G107/><T122/><D115/><U2/><E35/><V34/><F1/><W112/><G112/><T42/><D101/><U54/><E126/><V135/><F110/><W57/><G108/><T33/><D124/><U26/><E106/><V11/><F135/><W49/><G132/><T127/><D127/><U105/><E105/><V86/><F102/><W95/><G4/><T0/><D0/><U6/><E73/><V94/><F40/><W129/><G29/><N who="0" m="19623" /><D19/><U78/><E78/><V22/><REACH who="2" step="1"/><F86/><REACH who="2" ten="230,245,270,245" step="2"/><W100/><G100/><T31/><D122/><U116/><E43/><V76/><F76/><W120/><G120/><T77/><D77/><U80/><E116/><V99/><F99/><W121/><G121/><T38/><D119/><U18/><E37/><V72/><F72/><W104/><G104/><T114/><D114/><U48/><REACH who="1" step="1"/><E6/><REACH who="1" ten="230,235,270,245" step="2"/><V109/><F109/><W62/><G79/><T3/><D38/><U59/><AGARI ba="0,2" hai="2,5,8,18,21,26,48,51,54,59,60,80,84,91" machi="59" ten="30,11700,0" yaku="1,1,2,1,0,1,52,1,53,0" doraHai="58" doraHaiUra="27" who="1" fromWho="1" sc="230,-39,235,137,270,-39,245,-39" /><INIT seed="1,1,0,3,5,89" ten="191,372,231,206" oya="1" hai0="15,53,118,10,58,110,81,42,46,120,126,85,98" hai1="1,128,121,24,5,134,3,113,12,56,93,39,16" hai2="54,111,101,116,69,102,2,117,59,90,82,76,49" hai3="9,105,87,47,35,4,44,28,107,77,23,19,135"/><U72/><E113/><V25/><F69/><W131/><G131/><T14/><D118/><U74/><E121/><V26/><F2/><W71/><G71/><T37/><D120/><U11/><E39/><V30/><F111/><W50/><G135/><T31/><D110/><U63/><E128/><V0/><F0/><W91/><G77/><T119/><D119/><U45/><E134/><V13/><F116/><W133/><G133/><T22/><D126/><U73/><E45/><V60/><F117/><W21/><G35/><T36/><D36/><U92/><E24/><V57/><F26/><W129/><G28/><T97/><D22/><U32/><E32/><V20/><F13/><N who="3" m="7599" /><G4/><T65/><D65/><U55/><REACH who="1" step="1"/><E3/><REACH who="1" ten="191,362,231,206" step="2"/><V109/><F109/><W80/><G44/><T6/><D15/><U104/><E104/><V62/><F25/><W43/><G129/><T100/><D31/><U70/><E70/><V78/><F30/><W124/><G124/><T130/><D130/><U64/><E64/><V94/><F57/><W103/><G107/><T123/><D123/><U27/><E27/><V41/><F59/><W88/><G105/><T29/><D29/><U8/><AGARI ba="1,1" hai="1,5,8,11,12,16,55,56,63,72,73,74,92,93" machi="8" ten="40,12000,1" yaku="1,1,0,1,52,2,54,1,53,0" doraHai="89" doraHaiUra="122" who="1" fromWho="1" sc="191,-41,362,133,231,-41,206,-41" /><INIT seed="1,2,0,0,4,46" ten="150,495,190,165" oya="1" hai0="82,116,87,133,4,8,53,49,88,48,12,31,22" hai1="103,19,59,79,61,36,85,83,11,54,96,81,30" hai2="37,3,111,25,10,129,76,118,90,120,77,73,45" hai3="42,33,124,68,78,98,58,60,125,7,74,71,134"/><U99/><E36/><V16/><F118/><W91/><G33/><T108/><D116/><U51/><E30/><V66/><F120/><W57/><G7/><T24/><D108/><U92/><E99/><V132/><F66/><W123/><G123/><T6/><D133/><U21/><E11/><V15/><F111/><W95/><G134/><T94/><D4/><U113/><E113/><V122/><F122/><W26/><G26/><T9/><D9/><U40/><E83/><V56/><F132/><W1/><G1/><T105/><D105/><U18/><REACH who="1" step="1"/><E21/><REACH who="1" ten="150,485,190,165" step="2"/><V109/><F10/><W65/><G98/><N who="0" m="57671" /><D53/><U50/><E50/><V86/><F37/><W80/><G80/><T62/><D62/><U102/><E102/><V72/><F109/><W131/><G60/><T13/><D13/><U28/><E28/><V35/><F15/><W130/><G124/><T27/><D27/><U20/><E20/><V55/><F3/><W100/><G125/><T115/><D115/><U75/><E75/><V119/><F72/><W67/><G74/><T38/><D38/><U5/><E5/><V84/><F73/><W106/><G100/><T89/><AGARI ba="2,1" hai="6,8,12,22,24,31,48,49,82,87,89" m="57671" machi="89" ten="30,7900,0" yaku="8,1,52,2,54,1" doraHai="46" who="0" fromWho="0" sc="150,95,485,-41,190,-22,165,-22" /><INIT seed="2,0,0,3,1,66" ten="245,444,168,143" oya="2" hai0="26,27,85,40,6,61,105,47,69,111,50,99,91" hai1="1,106,45,108,88,7,74,130,4,81,77,35,125" hai2="107,129,5,93,92,9,75,54,110,64,133,14,49" hai3="102,97,84,104,115,100,13,17,10,51,21,11,78"/><V128/><F107/><W34/><G115/><T109/><D6/><U65/><E108/><N who="0" m="41545" /><D61/><U32/><E125/><V127/><F110/><W44/><G34/><T132/><D69/><U87/><E130/><N who="2" m="50283" /><F127/><W46/><G102/><N who="0" m="62687" /><D132/><U60/><E106/><V67/><F75/><W28/><G28/><T39/><D50/><U134/><E134/><V124/><F124/><W18/><G18/><T19/><D19/><U113/><E113/><V55/><F133/><W48/><G48/><T94/><AGARI ba="0,0" hai="26,27,39,40,47,85,91,94" m="62687,41545" machi="94" ten="30,1100,0" yaku="14,1" doraHai="66" who="0" fromWho="0" sc="245,11,444,-3,168,-5,143,-3" /><INIT seed="3,0,0,1,1,69" ten="256,441,163,140" oya="3" hai0="55,63,135,7,73,84,86,28,85,16,70,93,41" hai1="42,109,132,74,90,38,83,29,89,79,12,20,122" hai2="124,62,1,27,71,26,81,33,43,47,105,32,48" hai3="64,0,5,116,54,88,6,101,114,80,131,68,92"/><W102/><G114/><T96/><D73/><U53/><E109/><V113/><F113/><W111/><G116/><T133/><D28/><U106/><E106/><V103/><F1/><W129/><G111/><T87/><D7/><N who="3" m="2569" /><G0/><T9/><D41/><U94/><E132/><N who="0" m="50761" /><D86/><U82/><E122/><V19/><F124/><W104/><G80/><T112/><D112/><U76/><E53/><V10/><F81/><W39/><G39/><T3/><D3/><U4/><E4/><V121/><F121/><W36/><G36/><T127/><D127/><U46/><E94/><V30/><F27/><W15/><G15/><N who="0" m="7279" /><D55/><U51/><E38/><V24/><F24/><W91/><G104/><T37/><D37/><U130/><E130/><N who="3" m="49674" /><G54/><T72/><D72/><U23/><E12/><V67/><F32/><W108/><G108/><T57/><D57/><U118/><E118/><V50/><F50/><W77/><G77/><T14/><D14/><U21/><E74/><V119/><F119/><W44/><G44/><T100/><D87/><U11/><E79/><V52/><F43/><W35/><G35/><T66/><AGARI ba="0,0" hai="63,66,70,84,85,93,96,100" m="7279,50761" machi="66" ten="30,2000,0" yaku="20,1,54,1" doraHai="69" who="0" fromWho="0" sc="256,20,441,-5,163,-5,140,-10" owari="276,7.6,436,53.6,158,-24.2,130,-37.0" /></mjloggm>