<mjloggm ver="2.3"><GO type="225" lobby="0"/><UN n0="%65%76%69%61%6E%36%31%39" n1="%4C%4F%4C%49%54%41" n2="%E3%81%94%E3%81%BE%E6%B2%B9%E9%A3%B2%E3%81%BF%E5%A4%AA%E9%83%8E" n3="%E3%81%A4%E3%81%A3%E3%81%B1%E3%82%8A%E3%83%9D%E3%83%BC%E3%83%AB" dan="16,16,16,17" rate="2081.52,2094.85,2099.41,2171.09" sx="M,F,M,M"/><TAIKYOKU oya="0"/><INIT seed="0,0,0,1,0,119" ten="250,250,250,250" oya="0" hai0="3,69,50,35,78,129,48,121,120,57,92,62,19" hai1="133,46,89,4,51,63,64,40,70,31,124,44,27" hai2="90,26,132,20,116,91,45,82,12,135,39,128,37" hai3="10,16,88,134,77,47,117,38,81,105,34,106,79"/><T58/><D35/><U30/><E133/><N who="2" m="51275" /><F116/><W83/><G34/><T33/><D33/><U104/><E104/><V86/><F128/><W87/><G117/><T66/><D3/><U107/><E107/><V101/><F101/><W113/><G113/><T1/><D1/><U22/><E124/><V53/><F12/><W54/><G134/><T99/><D78/><U126/><E126/><V85/><F53/><W43/><G54/><T49/><D19/><U61/><E4/><V15/><F15/><W111/><G111/><T103/><REACH who="0" step="1"/><D129/><REACH who="0" ten="240,250,250,250" step="2"/><U75/><E31/><N who="2" m="17863" /><F45/><W52/><G47/><T114/><D114/><U74/><E46/><V97/><F39/><W9/><G38/><T71/><D71/><U125/><E125/><V8/><F37/><W110/><G79/><T55/><D55/><U127/><E127/><V122/><F91/><W36/><G77/><T94/><D94/><U7/><E89/><V6/><F90/><N who="3" m="51567" /><G52/><T93/><D93/><U2/><E70/><V11/><F82/><W95/><G83/><T29/><D29/><U108/><E44/><V96/><F6/><W118/><G118/><T68/><D68/><U42/><E7/><V0/><F0/><W100/><G36/><T60/><D60/><U130/><E2/><V98/><F98/><W13/><G105/><T65/><D65/><U56/><E64/><V72/><F97/><N who="3" m="61711" /><G43/><T59/><AGARI ba="0,1" hai="48,49,50,57,58,59,62,66,69,92,99,103,120,121" machi="59" ten="30,11700,0" yaku="1,1,0,1,52,2,53,0" doraHai="119" doraHaiUra="115" who="0" fromWho="0" sc="240,127,250,-39,250,-39,250,-39" /><INIT seed="0,1,0,5,0,130" ten="367,211,211,211" oya="0" hai0="30,33,22,50,27,90,6,115,114,31,121,4,17" hai1="97,77,72,123,16,12,86,52,98,105,107,37,100" hai2="36,21,111,128,57,106,92,79,9,2,108,78,117" hai3="44,74,94,64,67,76,87,53,113,125,7,65,133"/><T134/><D121/><U81/><E123/><V101/><F106/><W127/><G113/><T29/><D90/><U135/><E37/><V60/><F36/><W68/><G68/><T99/><D99/><U82/><E135/><V5/><F128/><W58/><G74/><T54/><D134/><U88/><E52/><N who="2" m="33831" /><F21/><W75/><G75/><T55/><D55/><U70/><E70/><V116/><F92/><W32/><G7/><T91/><D91/><U84/><E12/><V11/><F11/><W103/><G32/><T63/><D63/><U26/><E26/><V13/><F2/><W41/><G133/><T51/><D51/><U131/><E16/><N who="2" m="8239" /><F101/><W129/><G129/><T112/><D33/><U110/><E131/><V61/><F5/><W93/><G103/><T119/><D119/><N who="2" m="45642" /><F61/><N who="3" m="36047" /><G127/><T89/><D4/><U73/><E110/><AGARI ba="1,0" hai="78,79,108,110,111" m="45642,8239,33831" machi="110" ten="30,7700,0" yaku="14,1,12,1,54,2" doraHai="130" who="2" fromWho="1" sc="367,0,211,-80,211,80,211,0" /><INIT seed="1,0,0,2,3,35" ten="367,131,291,211" oya="1" hai0="10,134,2,14,99,61,110,119,131,5,113,108,104" hai1="28,38,76,29,55,31,86,123,83,107,36,121,18" hai2="56,90,70,24,15,129,49,53,102,45,33,132,68" hai3="16,27,51,25,92,46,52,0,50,111,100,133,126"/><U44/><E107/><V41/><F129/><W101/><G111/><T122/><D113/><U87/><E18/><V23/><F102/><N who="3" m="39531" /><G0/><T67/><D99/><U106/><E106/><V94/><F132/><W130/><G130/><T13/><D104/><U9/><E9/><V81/><F81/><W26/><G133/><T124/><D124/><U32/><E32/><V120/><F15/><W77/><G126/><T128/><D119/><U37/><REACH who="1" step="1"/><E86/><REACH who="1" ten="367,121,291,211" step="2"/><V69/><F33/><W3/><G3/><T64/><D131/><U80/><E80/><V82/><F82/><W62/><G92/><T109/><D128/><U85/><E85/><V4/><F94/><W66/><G16/><T6/><D134/><U112/><E112/><V117/><F23/><W65/><G27/><T95/><D95/><U125/><E125/><V115/><F24/><W8/><G26/><T72/><D2/><U84/><E84/><V89/><F115/><W48/><G8/><T12/><D10/><U21/><E21/><V54/><F4/><W17/><G17/><T1/><D1/><U57/><E57/><V7/><F7/><W91/><G25/><T96/><D6/><U59/><E59/><V74/><F56/><N who="3" m="35079" /><G77/><T42/><D5/><U60/><E60/><V88/><F117/><W39/><G91/><T135/><D61/><U116/><E116/><V22/><F22/><W47/><G47/><T71/><D135/><U58/><E58/><V118/><F118/><W93/><G93/><T40/><D110/><U34/><E34/><V105/><F90/><W127/><G127/><T98/><D109/><RYUUKYOKU ba="0,1" sc="367,-15,121,15,291,-15,211,15" hai1="28,29,31,36,37,38,44,55,76,83,87,121,123" hai3="39,46,48,50,51,65,66" /><INIT seed="1,1,1,1,5,116" ten="352,136,276,226" oya="1" hai0="21,50,74,18,63,7,15,83,114,60,129,99,100" hai1="108,29,120,121,6,126,9,69,53,88,65,118,135" hai2="90,54,52,70,36,16,68,87,44,92,133,124,112" hai3="111,64,91,107,11,81,34,86,33,22,72,115,78"/><U40/><E118/><V71/><F124/><W117/><G115/><T46/><D129/><U2/><E126/><V109/><F109/><W14/><G117/><T105/><D114/><U61/><E135/><V79/><F112/><W32/><G111/><T43/><D74/><U66/><E108/><V55/><F133/><W123/><G123/><T93/><D105/><U48/><E65/><V35/><F35/><W31/><G107/><T104/><D104/><U30/><E40/><V110/><F110/><W39/><G39/><T125/><D125/><U27/><E88/><V102/><F102/><W76/><G64/><T23/><D83/><U103/><E103/><V80/><F16/><W49/><G49/><T73/><D73/><U0/><E0/><V10/><F10/><W37/><G37/><T26/><D7/><U51/><E30/><AGARI ba="1,1" hai="15,18,21,23,26,30,43,46,50,60,63,93,99,100" machi="30" ten="30,2000,0" yaku="7,1,8,1" doraHai="116" who="0" fromWho="1" sc="352,33,136,-23,276,0,226,0" /><INIT seed="2,0,0,3,2,63" ten="385,113,276,226" oya="2" hai0="46,14,5,23,78,124,82,61,128,74,11,43,104" hai1="108,98,52,49,103,121,22,114,80,56,118,37,18" hai2="12,17,19,21,20,127,134,75,60,28,45,68,35" hai3="10,71,4,66,57,42,115,36,91,122,130,73,54"/><V31/><F75/><W135/><G73/><T33/><D33/><U25/><E108/><V41/><F127/><W93/><G122/><T65/><D128/><U13/><E121/><V16/><F134/><W133/><G130/><T131/><D131/><U132/><E132/><N who="3" m="50762" /><G115/><T72/><D104/><U69/><E37/><V67/><F35/><W112/><G112/><T107/><D107/><U95/><E114/><V87/><F87/><N who="3" m="52479" /><G71/><T83/><D83/><U44/><E69/><V77/><F77/><W100/><G100/><T8/><D74/><U40/><E80/><V110/><F110/><W106/><G106/><T0/><D23/><U97/><E118/><V48/><F19/><W102/><G102/><T85/><D85/><U64/><E98/><V89/><F89/><W94/><G94/><T113/><D113/><U111/><E111/><V126/><F126/><W123/><G42/><T27/><D43/><U84/><E84/><V32/><F32/><W109/><G36/><T70/><D46/><U117/><E117/><V50/><F50/><N who="3" m="30935" /><G123/><T120/><D124/><U119/><E119/><V116/><F116/><W59/><G59/><T1/><D120/><U125/><E125/><V26/><AGARI ba="0,0" hai="12,16,17,20,21,26,28,31,41,45,48,60,67,68" machi="26" ten="20,7800,0" yaku="0,1,7,1,52,1,54,1" doraHai="63" who="2" fromWho="2" sc="385,-26,113,-26,276,78,226,-26" /><INIT seed="2,1,0,5,5,35" ten="359,87,354,200" oya="2" hai0="94,9,6,116,95,55,85,24,103,50,83,122,93" hai1="52,114,62,130,125,18,57,107,64,81,100,37,82" hai2="2,31,74,19,133,128,86,123,49,99,14,30,17" hai3="84,10,28,118,71,47,68,87,36,45,90,67,11"/><V126/><F123/><W39/><G28/><T40/><D122/><U23/><E114/><V115/><F115/><W72/><G72/><T73/><D73/><U54/><E125/><V121/><F74/><W21/><G21/><T13/><D116/><U109/><E109/><V20/><F121/><W111/><G67/><T58/><D40/><U105/><E37/><V25/><F86/><W41/><G41/><T89/><D24/><U77/><E130/><V98/><F2/><W63/><G63/><T101/><AGARI ba="1,0" hai="6,9,13,50,55,58,83,85,89,93,94,95,101,103" machi="101" ten="30,2000,0" yaku="0,1,8,1" doraHai="35" who="0" fromWho="0" sc="359,23,87,-6,354,-11,200,-6" /><INIT seed="3,0,0,5,2,53" ten="382,81,343,194" oya="3" hai0="27,3,102,44,4,64,45,110,15,39,13,76,97" hai1="23,119,61,135,81,69,101,94,114,55,105,5,92" hai2="111,63,80,120,91,82,34,24,90,30,96,42,60" hai3="84,46,104,33,117,16,109,38,41,18,0,118,52"/><W85/><G104/><T14/><D76/><U62/><E135/><V54/><F111/><W100/><G33/><T125/><D110/><U74/><E114/><V89/><F42/><W22/><G109/><T57/><D125/><U31/><E119/><V36/><F36/><W8/><G100/><T7/><D27/><U65/><E5/><V32/><F32/><W131/><G131/><T88/><D88/><U28/><E105/><V106/><F120/><W47/><G85/><T37/><D45/><U19/><E74/><V12/><F96/><W59/><G84/><T26/><D26/><U49/><E81/><V51/><F12/><W121/><G47/><T71/><D71/><U70/><E94/><V134/><F134/><W133/><G121/><T66/><D66/><U25/><E92/><V115/><F115/><W56/><G133/><T78/><D3/><U35/><E101/><V48/><F106/><W9/><G56/><T93/><D78/><U116/><E116/><V128/><F128/><W95/><G95/><T87/><D87/><U2/><E2/><V108/><F108/><W130/><G130/><T107/><D93/><U17/><E17/><V11/><F82/><W20/><G0/><T68/><D68/><U77/><E77/><V112/><F112/><W75/><G75/><T129/><D129/><U67/><REACH who="1" step="1"/><E35/><REACH who="1" ten="382,71,343,194" step="2"/><V126/><F80/><W40/><G118/><T21/><D102/><U127/><E127/><V86/><F126/><W43/><G117/><T10/><D107/><U103/><E103/><V50/><F34/><W58/><G18/><T123/><D123/><RYUUKYOKU ba="0,1" sc="382,-10,71,30,343,-10,194,-10" hai1="19,23,25,28,31,49,55,61,62,65,67,69,70" owari="382,48.2,101,-39.9,333,13.3,184,-21.6" /></mjloggm>