<mjloggm ver="2.3"><GO type="225" lobby="0"/><UN n0="%E6%9C%88%E5%B3%B6%E5%9F%BA" n1="%E5%91%A8%E6%9D%B1" n2="%E5%B0%8F%E9%B3%A5%E9%81%8A%E7%B7%B4%E7%84%A1%32%31%E6%AD%B3" n3="%E3%81%AF%E3%82%88%E3%81%8A%E3%81%98%E3%81%95%E3%82%93" dan="17,16,17,16" rate="2220.24,2188.10,2191.99,2184.08" sx="M,M,F,M"/><TAIKYOKU oya="0"/><INIT seed="0,0,0,3,2,50" ten="250,250,250,250" oya="0" hai0="94,74,96,130,35,133,109,79,7,45,106,60,87" hai1="59,115,83,0,26,2,20,41,100,112,29,123,67" hai2="56,81,5,12,92,73,132,89,125,113,121,40,48" hai3="93,34,127,86,46,27,16,80,51,107,110,84,120"/><T22/><D35/><U9/><E123/><V119/><F121/><W43/><G120/><T82/><D7/><U61/><E41/><V31/><F113/><N who="1" m="43593" /><E100/><V54/><F119/><W42/><G107/><T71/><D45/><U99/><E99/><V111/><F111/><W129/><G110/><T102/><D109/><U25/><E9/><V77/><F31/><W103/><G127/><T134/><D22/><N who="1" m="15543" /><E83/><V44/><F132/><W69/><G69/><T55/><D130/><U76/><E76/><V91/><F125/><W33/><G129/><T58/><D71/><U97/><E97/><V124/><F124/><W116/><G116/><T126/><D126/><U6/><E6/><V11/><REACH who="2" step="1"/><F92/><REACH who="2" ten="250,250,240,250" step="2"/><W122/><G93/><T70/><D70/><U18/><AGARI ba="0,1" hai="0,2,18,20,26,59,61,67" m="15543,43593" machi="18" ten="30,1100,0" yaku="11,1" doraHai="50" who="1" fromWho="1" sc="250,-5,250,21,240,-3,250,-3" /><INIT seed="1,0,0,1,2,33" ten="245,271,237,247" oya="1" hai0="21,59,71,40,122,35,48,124,89,125,13,78,109" hai1="42,134,130,102,110,80,131,119,111,60,14,95,113" hai2="67,120,32,128,82,19,91,97,47,12,93,88,129" hai3="29,18,2,107,65,96,55,63,17,9,69,15,28"/><U34/><E34/><V16/><F120/><W115/><G115/><T41/><D71/><U26/><E113/><V22/><F32/><W72/><G72/><T8/><D35/><U3/><E119/><V66/><F47/><W52/><G18/><T76/><D109/><N who="1" m="41483" /><E134/><V79/><F91/><W36/><G36/><T24/><D122/><U103/><E26/><V81/><F19/><W57/><G2/><T100/><D124/><U75/><E42/><V94/><F94/><W38/><G38/><T105/><D41/><U118/><E118/><V46/><F46/><W50/><REACH who="3" step="1"/><G55/><REACH who="3" ten="245,271,237,237" step="2"/><T85/><D125/><U20/><E3/><V25/><F129/><W83/><G83/><T84/><D40/><U1/><E1/><V106/><F128/><W77/><G77/><T0/><D76/><U61/><E80/><V132/><F132/><W51/><G51/><T127/><D48/><U53/><E75/><V54/><F82/><W108/><G108/><T99/><D78/><U73/><E73/><V133/><F133/><W7/><G7/><T27/><D0/><U135/><E135/><V70/><F54/><W39/><G39/><T4/><D4/><U112/><E112/><V37/><F37/><W64/><G64/><T43/><D43/><U30/><E131/><V114/><F114/><W86/><G86/><T49/><D85/><U126/><E53/><V98/><F66/><W123/><G123/><T90/><D84/><U121/><E121/><V117/><F81/><W45/><G45/><T44/><D127/><U58/><E130/><V68/><F79/><W31/><G31/><RYUUKYOKU ba="0,1" sc="245,-10,271,-10,237,-10,237,30" hai3="9,15,17,28,29,50,52,57,63,65,69,96,107" /><INIT seed="2,1,1,0,3,52" ten="235,261,227,267" oya="2" hai0="126,26,25,94,12,99,62,135,121,129,28,91,57" hai1="9,107,8,18,21,106,130,59,44,131,125,81,85" hai2="115,39,73,0,27,98,35,80,56,63,1,124,104" hai3="128,54,6,122,48,120,97,82,61,55,71,14,58"/><V43/><F115/><W87/><G128/><N who="1" m="49194" /><E125/><V47/><F124/><W38/><G38/><T74/><D121/><U19/><E44/><V79/><F27/><W40/><G40/><T100/><D126/><U46/><E46/><V53/><REACH who="2" step="1"/><F35/><REACH who="2" ten="235,261,217,267" step="2"/><W108/><G120/><T49/><D26/><U134/><E134/><V34/><F34/><W66/><G122/><T22/><D135/><U93/><E107/><V77/><F77/><W36/><G108/><T133/><D133/><U117/><E106/><V60/><F60/><W69/><G61/><T75/><D129/><U17/><E117/><V114/><F114/><W16/><G36/><T65/><D49/><U78/><E21/><V92/><F92/><W41/><G48/><T5/><D91/><U96/><E8/><AGARI ba="1,2" hai="5,8,12,22,25,28,57,62,65,74,75,94,99,100" machi="8" ten="40,5200,0" yaku="25,2,52,1" doraHai="52" who="0" fromWho="1" sc="235,75,261,-55,217,0,267,0" /><INIT seed="3,0,0,2,1,30" ten="310,206,217,267" oya="3" hai0="65,113,129,110,98,59,103,2,13,112,14,10,104" hai1="27,95,115,23,76,31,56,57,12,132,135,36,101" hai2="100,93,120,127,84,37,106,49,94,105,121,19,122" hai3="7,44,42,124,79,54,39,119,126,134,45,89,46"/><W91/><G119/><T125/><D110/><U99/><E36/><V92/><F37/><W6/><G79/><T22/><D125/><N who="3" m="48233" /><G39/><T63/><D129/><U85/><E115/><N who="0" m="44105" /><D22/><U111/><E111/><V73/><F49/><W1/><G54/><T80/><D80/><N who="1" m="47239" /><E12/><V38/><F19/><W33/><G42/><T15/><D2/><U71/><E71/><V35/><F35/><W11/><G1/><T72/><D72/><U133/><AGARI ba="0,0" hai="23,27,31,56,57,95,99,101,132,133,135" m="47239" machi="133" ten="30,1100,0" yaku="20,1" doraHai="30" who="1" fromWho="1" sc="310,-3,206,11,217,-3,267,-5" owari="307,40.7,217,-18.3,214,-28.6,262,6.2" /></mjloggm>