<mjloggm ver="2.3"><GO type="225" lobby="0"/><UN n0="%E7%99%BD%E5%80%89%E5%AF%9B%E4%B9%8B" n1="%E3%82%A4%E3%83%BC%E3%82%B1%E3%83%97%E3%83%A9" n2="%E3%83%A9%E3%83%BC%E3%83%A1%E3%83%B3%E4%BA%94%E9%83%8E" n3="%E3%83%96%E3%83%83%E3%83%91%E3%82%AA%E3%83%96%E3%83%81%E3%82%AD%E3%83%B3" dan="16,16,16,16" rate="2127.51,2147.52,2115.10,2215.37" sx="M,M,M,M"/><TAIKYOKU oya="0"/><INIT seed="0,0,0,2,5,97" ten="250,250,250,250" oya="0" hai0="133,84,59,69,20,33,80,87,60,5,114,86,48" hai1="4,21,132,127,131,77,110,30,11,18,95,102,79" hai2="83,108,104,2,122,35,103,26,106,75,73,61,96" hai3="90,19,92,42,72,52,81,65,27,105,85,46,123"/><T9/><D33/><U124/><E110/><V17/><F2/><W47/><G123/><T50/><D69/><U121/><E30/><V93/><F122/><W89/><G105/><T56/><D114/><U128/><E121/><V88/><F108/><W58/><G65/><T43/><D133/><U24/><E132/><V71/><F106/><W117/><G117/><T54/><D20/><U25/><E24/><V36/><F36/><W76/><G42/><T53/><D43/><U101/><E95/><V1/><F1/><W45/><G90/><T41/><D41/><U49/><E49/><V107/><F83/><W3/><G3/><T51/><REACH who="0" step="1"/><D80/><REACH who="0" ten="240,250,250,250" step="2"/><U100/><E79/><V109/><F109/><W116/><G116/><T99/><D99/><U134/><E77/><V28/><F71/><W118/><G118/><T44/><D44/><U34/><E34/><V66/><F35/><W22/><REACH who="3" step="1"/><G46/><REACH who="3" ten="240,250,250,240" step="2"/><T39/><D39/><U78/><E78/><V29/><F73/><W10/><G10/><T126/><D126/><N who="1" m="48171" /><E134/><V12/><F75/><W7/><G7/><T70/><D70/><U0/><AGARI ba="0,2" hai="0,4,11,18,21,25,100,101,102,128,131" m="48171" machi="0" ten="40,8000,1" yaku="18,1,52,3" doraHai="97" who="1" fromWho="1" sc="240,-40,250,100,250,-20,240,-20" /><INIT seed="1,0,0,2,1,121" ten="200,350,230,220" oya="1" hai0="102,22,69,3,16,65,42,11,117,46,66,83,78" hai1="111,70,41,14,15,119,13,44,135,80,128,106,123" hai2="67,108,52,28,50,76,9,129,35,134,133,7,94" hai3="103,110,90,104,86,96,40,39,82,8,26,48,116"/><U120/><E119/><V92/><F129/><W71/><G116/><T23/><D117/><U32/><E106/><V43/><F43/><W101/><G71/><T55/><D102/><U5/><E32/><V132/><F67/><W37/><G103/><T58/><D69/><U18/><E70/><V60/><F60/><W49/><G110/><T2/><D23/><U95/><E128/><V62/><F62/><W93/><G26/><T118/><D118/><U75/><E5/><V29/><F76/><W114/><G114/><T36/><D3/><U77/><E135/><V53/><F108/><W98/><G8/><T68/><D68/><U47/><E111/><V99/><F35/><W115/><G115/><T113/><D113/><U17/><E95/><N who="2" m="36395" /><F99/><W31/><G31/><N who="2" m="11849" /><F50/><W64/><G64/><T84/><D11/><U89/><E89/><V126/><F126/><W10/><G10/><T19/><D2/><AGARI ba="0,0" hai="2,7,9,52,53,132,133,134" m="11849,36395" machi="2" ten="40,2600,0" yaku="20,1,54,1" doraHai="121" who="2" fromWho="0" sc="200,-26,350,0,230,26,220,0" /><INIT seed="2,0,0,0,3,113" ten="174,350,256,220" oya="2" hai0="73,30,53,51,97,126,100,129,81,88,21,8,72" hai1="48,101,11,41,102,127,61,132,4,64,17,56,86" hai2="29,79,125,2,43,78,42,63,37,54,99,122,45" hai3="68,107,128,16,114,92,82,91,35,76,118,57,25"/><V117/><F122/><W85/><G114/><T116/><D129/><U20/><E132/><V110/><F2/><W90/><G128/><T0/><D126/><U5/><E127/><V52/><F125/><W95/><G68/><T6/><D116/><U103/><E86/><V83/><F117/><W18/><G107/><T13/><D30/><U55/><E41/><V131/><F131/><W65/><G118/><T26/><D0/><U12/><E11/><V33/><F110/><W94/><G35/><T40/><D40/><U31/><REACH who="1" step="1"/><E31/><REACH who="1" ten="174,340,256,220" step="2"/><V22/><F42/><W120/><G120/><T115/><D115/><U135/><E135/><V121/><F29/><W75/><G75/><T36/><D36/><U60/><E60/><V15/><F63/><N who="3" m="38127" /><G25/><T123/><D123/><U23/><E23/><V87/><F121/><W49/><G49/><T105/><D21/><U3/><E3/><V134/><F134/><W59/><G85/><T66/><D26/><U106/><E106/><V10/><F22/><W111/><G111/><T28/><D28/><U32/><E32/><V62/><F33/><W39/><G39/><T50/><D50/><U1/><E1/><V119/><F119/><W77/><G18/><T27/><D27/><U133/><E133/><V38/><F38/><W98/><G16/><T69/><D69/><AGARI ba="0,1" hai="4,5,12,17,20,48,55,56,61,64,69,101,102,103" machi="69" ten="40,1300,0" yaku="1,1,53,0" doraHai="113" doraHaiUra="89" who="1" fromWho="0" sc="174,-13,340,23,256,0,220,0" /><INIT seed="3,0,0,5,5,28" ten="161,363,256,220" oya="3" hai0="119,42,31,71,124,56,24,16,97,129,58,109,10" hai1="23,114,69,110,116,2,127,18,6,80,34,90,83" hai2="75,128,52,8,134,63,94,4,107,79,133,87,95" hai3="15,103,43,117,135,112,96,106,27,29,92,64,21"/><W19/><G112/><T45/><D119/><U17/><E69/><V54/><F107/><W86/><G117/><T67/><D109/><U82/><E34/><V50/><F75/><W61/><G135/><N who="2" m="51721" /><F128/><W51/><G43/><T35/><D129/><U118/><E114/><V120/><F120/><W14/><G51/><T41/><D124/><U101/><E101/><V98/><F63/><W100/><G19/><T3/><D71/><U85/><E110/><V104/><F104/><W115/><G115/><T22/><D97/><U12/><E127/><V47/><F54/><W89/><REACH who="3" step="1"/><G103/><REACH who="3" ten="161,363,256,210" step="2"/><T113/><D113/><U70/><E18/><V122/><F122/><W11/><G11/><T84/><D84/><U93/><E116/><V102/><F8/><W30/><G30/><T38/><D42/><U65/><E118/><V0/><F102/><W1/><G1/><T37/><D37/><U48/><E48/><V20/><F0/><W132/><G132/><T91/><D67/><U46/><E65/><V25/><F87/><W72/><G72/><T13/><D91/><U26/><E2/><V53/><F50/><W126/><G126/><T105/><D105/><U121/><E121/><V111/><F111/><W62/><G62/><T77/><D77/><U32/><E17/><V74/><F79/><W66/><G66/><T44/><D44/><U49/><E46/><V88/><F47/><W78/><G78/><T5/><AGARI ba="0,1" hai="3,5,10,13,16,22,24,31,35,38,41,45,56,58" machi="5" ten="30,8000,1" yaku="0,1,24,2,52,1,54,1" doraHai="28" who="0" fromWho="0" sc="161,90,363,-20,256,-20,210,-40" owari="251,5.1,343,44.3,236,-16.4,170,-33.0" /></mjloggm>