<mjloggm ver="2.3"><GO type="225" lobby="0"/><UN n0="%E7%99%BD%E5%80%89%E5%AF%9B%E4%B9%8B" n1="%72%61%6B%33" n2="%E3%83%81%E3%83%A7%E3%83%99%E3%83%83%E3%82%AF" n3="%E3%83%A9%E3%82%B9%E7%8E%87%EF%BC%93%E5%89%B2" dan="16,16,16,17" rate="2125.57,2085.72,2118.90,2213.22" sx="M,M,M,F"/><TAIKYOKU oya="0"/><INIT seed="0,0,0,4,4,73" ten="250,250,250,250" oya="0" hai0="133,17,29,130,49,64,65,132,63,18,121,112,62" hai1="100,81,110,74,6,107,86,21,24,76,94,78,35" hai2="93,111,89,87,22,51,123,25,1,40,59,48,127" hai3="47,0,50,28,66,44,15,72,124,92,109,118,7"/><T9/><D121/><U128/><E35/><V5/><F111/><W125/><G118/><T43/><D29/><U13/><E110/><V103/><F127/><W88/><G0/><T102/><D102/><U23/><E128/><V39/><F39/><W68/><G28/><T20/><D130/><U80/><E107/><V61/><F1/><W82/><G66/><N who="0" m="25707" /><D112/><U104/><E104/><V30/><F5/><W105/><G68/><T27/><D133/><U60/><E60/><N who="0" m="23081" /><D132/><U53/><E53/><N who="2" m="34031" /><F40/><W57/><G105/><T34/><D34/><U116/><E116/><V67/><F67/><W4/><G109/><T45/><D9/><U122/><E122/><V75/><F75/><W119/><G119/><T135/><D135/><U3/><E3/><V19/><F123/><W26/><G124/><T117/><D117/><U32/><E32/><V115/><F115/><W11/><G125/><T83/><D18/><U113/><E113/><V106/><F106/><W108/><G7/><T77/><D83/><U97/><REACH who="1" step="1"/><E24/><REACH who="1" ten="250,240,250,250" step="2"/><V41/><F25/><W55/><G26/><T8/><D8/><AGARI ba="0,1" hai="6,8,13,21,23,74,76,78,80,81,86,94,97,100" machi="8" ten="40,8000,1" yaku="1,1,2,1,52,2,53,1" doraHai="73" doraHaiUra="96" who="1" fromWho="0" sc="250,-80,240,90,250,0,250,0" /><INIT seed="1,0,0,3,0,21" ten="170,330,250,250" oya="1" hai0="48,92,29,57,33,119,80,52,0,66,88,36,128" hai1="102,56,100,23,55,60,42,135,62,53,31,69,122" hai2="134,130,11,46,133,79,121,113,15,91,37,6,101" hai3="131,43,16,18,14,63,17,112,22,65,110,38,27"/><U10/><E135/><N who="2" m="51723" /><F121/><W58/><G112/><T1/><D36/><U41/><E122/><V72/><F101/><W73/><G73/><T51/><D119/><U105/><E10/><V28/><F130/><W127/><G131/><T124/><D128/><U82/><E82/><N who="2" m="45415" /><F91/><W45/><G110/><T117/><D117/><U123/><E123/><V104/><F104/><W77/><G77/><T90/><D124/><U86/><E86/><V103/><F103/><W94/><G127/><T24/><D66/><U64/><E55/><V107/><F107/><W2/><G2/><T93/><D80/><U78/><E78/><V61/><F28/><W85/><REACH who="3" step="1"/><G14/><REACH who="3" ten="170,330,250,240" step="2"/><T13/><D13/><U111/><E111/><V125/><F125/><W54/><G54/><T47/><D1/><U67/><E53/><V5/><F113/><W71/><G71/><T4/><D0/><U129/><E129/><V35/><F61/><W84/><G84/><T59/><D4/><U126/><E126/><V98/><F5/><W25/><G25/><T97/><D51/><U12/><E12/><V70/><F70/><W68/><G68/><T19/><D19/><U8/><E105/><V99/><F35/><W39/><G39/><T87/><AGARI ba="0,1" hai="24,29,33,47,48,52,57,59,87,88,90,92,93,97" machi="87" ten="20,8000,1" yaku="0,1,7,1,52,1,54,2" doraHai="21" who="0" fromWho="0" sc="170,90,330,-40,250,-20,240,-20" /><INIT seed="2,0,0,3,3,122" ten="260,290,230,220" oya="2" hai0="71,119,81,105,39,23,69,66,42,25,6,120,28" hai1="54,29,133,128,47,111,40,127,107,20,1,125,99" hai2="109,55,0,84,32,3,116,98,94,80,57,135,53" hai3="104,75,12,30,36,51,129,2,96,90,5,35,92"/><V86/><F32/><W93/><G129/><T22/><D120/><U65/><E1/><V8/><F116/><W17/><G75/><T103/><D119/><U121/><E121/><V16/><F0/><W64/><G36/><T89/><D6/><U33/><E33/><V77/><F3/><W73/><G73/><T100/><D42/><U110/><E128/><V91/><F135/><W43/><G64/><T70/><D39/><U88/><E54/><V15/><F109/><N who="1" m="41481" /><E65/><V56/><F55/><W106/><G2/><T31/><D66/><U7/><E7/><V118/><F118/><W115/><G5/><T85/><D105/><U123/><E133/><V4/><F4/><W67/><G104/><T21/><REACH who="0" step="1"/><D25/><REACH who="0" ten="250,290,230,220" step="2"/><N who="1" m="16551" /><E123/><V78/><F53/><W112/><G67/><T37/><D37/><N who="1" m="21903" /><E107/><V59/><REACH who="2" step="1"/><F77/><REACH who="2" ten="250,290,220,220" step="2"/><W126/><G43/><T58/><D58/><U62/><E62/><V46/><F46/><W132/><G132/><T117/><D117/><U45/><E45/><V74/><AGARI ba="0,2" hai="8,15,16,56,57,59,74,78,80,84,86,91,94,98" machi="74" ten="30,6000,0" yaku="1,1,0,1,54,1,53,0" doraHai="122" doraHaiUra="24" who="2" fromWho="2" sc="250,-20,290,-20,220,80,220,-20" /><INIT seed="2,1,0,3,4,61" ten="230,270,300,200" oya="2" hai0="77,110,89,13,113,30,133,73,109,34,3,97,94" hai1="75,128,41,121,37,122,17,27,63,96,90,118,67" hai2="79,51,16,78,119,70,7,95,12,23,98,14,0" hai3="84,6,116,53,20,62,9,72,44,4,107,15,31"/><V10/><F70/><W108/><G72/><T101/><D3/><U106/><E75/><V99/><F119/><W56/><G116/><T45/><D113/><U93/><E118/><V48/><F99/><W19/><G108/><N who="0" m="41579" /><D133/><U24/><E128/><V102/><F0/><W66/><G107/><T112/><D112/><U40/><E106/><V129/><F129/><W114/><G114/><T43/><D13/><U5/><E5/><V39/><F39/><W42/><G84/><T81/><D30/><U131/><E131/><V111/><F111/><W126/><G126/><T68/><D34/><U50/><E37/><V91/><F102/><W124/><G124/><T71/><D89/><U64/><E63/><V52/><F48/><AGARI ba="1,0" hai="43,45,48,68,71,73,77,81,94,97,101" m="41579" machi="48" ten="30,1000,0" yaku="14,1" doraHai="61" who="0" fromWho="2" sc="230,13,270,0,300,-13,200,0" /><INIT seed="3,0,0,1,1,109" ten="243,270,287,200" oya="3" hai0="83,70,0,20,74,112,78,51,22,65,13,130,46" hai1="90,36,38,39,106,61,2,80,101,10,97,6,92" hai2="41,117,76,85,16,25,34,67,12,50,98,87,43" hai3="89,35,5,30,1,29,133,11,3,132,14,108,42"/><W52/><G42/><T131/><D0/><N who="3" m="73" /><G89/><T57/><D70/><U24/><E24/><V31/><F117/><W95/><G95/><T111/><D111/><U119/><E119/><V8/><F67/><W99/><G99/><T72/><D72/><U93/><E61/><V4/><F98/><W118/><G52/><N who="0" m="29815" /><D13/><U58/><E58/><V129/><F129/><N who="0" m="49162" /><D112/><U37/><N who="1" m="9216" /><DORA hai="18" /><U135/><REACH who="1" step="1"/><E135/><REACH who="1" ten="243,260,287,200" step="2"/><N who="3" m="51786" /><G118/><T84/><D74/><U94/><E94/><V26/><F26/><N who="3" m="18871" /><G108/><T66/><D66/><U23/><E23/><V54/><F34/><W79/><G79/><T56/><D57/><U107/><E107/><V17/><F76/><W55/><G55/><T125/><D125/><U104/><E104/><V121/><F54/><W124/><G30/><T64/><D64/><U102/><E102/><V126/><F31/><W7/><G124/><T60/><AGARI ba="0,1" hai="20,22,56,60,65,78,83,84" m="49162,29815" machi="60" ten="30,7900,0" yaku="19,1,52,2,54,1" doraHai="109,18" who="0" fromWho="0" sc="243,89,260,-20,287,-20,200,-39" owari="332,43.2,240,-16.0,267,6.7,161,-33.9" /></mjloggm>