<mjloggm ver="2.3"><GO type="225" lobby="0"/><UN n0="%E5%B6%BA%E4%B8%8A%E5%92%B2" n1="%E6%B4%BE%E9%81%A3%E3%81%AE%E3%82%B8%E3%83%A3%E3%83%83%E3%82%AF" n2="%72%65%6E%6B%75%6E" n3="%E7%99%BD%E5%80%89%E5%AF%9B%E4%B9%8B" dan="16,17,17,16" rate="2131.10,2193.69,2206.67,2171.68" sx="F,M,M,M"/><TAIKYOKU oya="0"/><INIT seed="0,0,0,2,5,127" ten="250,250,250,250" oya="0" hai0="111,96,132,14,120,121,102,78,57,2,47,29,129" hai1="91,9,130,80,36,113,24,82,1,33,4,32,112" hai2="18,31,35,77,74,92,85,94,93,97,45,124,27" hai3="95,119,12,71,68,73,105,81,17,67,116,40,128"/><T101/><D2/><U84/><E36/><V65/><F124/><W41/><G105/><T54/><D29/><U117/><E117/><V126/><F126/><W51/><G95/><T30/><D30/><U8/><E8/><V23/><F74/><W100/><G100/><T66/><D132/><U122/><E122/><V39/><F65/><W5/><G5/><T86/><D111/><U52/><E80/><V3/><F3/><W115/><G115/><N who="1" m="44106" /><E52/><V10/><F10/><W72/><G81/><T58/><D14/><U118/><E118/><V69/><F69/><W44/><G67/><T110/><D110/><U37/><E37/><V34/><F85/><W83/><G83/><T50/><D66/><U60/><E60/><V109/><F77/><W103/><G103/><T56/><D78/><U88/><E91/><V59/><F109/><W21/><G41/><T90/><D101/><U114/><N who="1" m="44114" /><U106/><DORA hai="43" /><E106/><V87/><F39/><W70/><G119/><T19/><D120/><U133/><E133/><V38/><F38/><W104/><G104/><T46/><D121/><U134/><E134/><V48/><F34/><N who="1" m="13417" /><E24/><V15/><F45/><W64/><G116/><T28/><D28/><U62/><E62/><V22/><F35/><W26/><G64/><T123/><D123/><U107/><E107/><V108/><F108/><W89/><G89/><T25/><D90/><U0/><E1/><V125/><F125/><W20/><REACH who="3" step="1"/><G128/><AGARI ba="0,0" hai="0,4,9,82,84,88,128,130" m="13417,44114" machi="128" ten="50,8000,1" yaku="11,1,52,2,54,1" doraHai="127,43" who="1" fromWho="3" sc="250,0,250,80,250,0,250,-80" /><INIT seed="1,0,0,2,5,34" ten="250,330,250,170" oya="1" hai0="104,110,99,13,28,10,71,121,111,122,14,16,92" hai1="120,115,35,80,73,90,54,36,124,59,22,72,29" hai2="78,107,103,9,81,82,32,102,91,8,55,11,38" hai3="106,74,84,97,27,85,108,87,83,1,118,17,5"/><U6/><E120/><N who="0" m="46185" /><D71/><U3/><E115/><V40/><F32/><W101/><G108/><N who="0" m="41515" /><D104/><U48/><E36/><V7/><F7/><W132/><G118/><T61/><D61/><U46/><E22/><V39/><F91/><W131/><G131/><T41/><D41/><U60/><E124/><V24/><F24/><W70/><G70/><T69/><D69/><U77/><E90/><V135/><F55/><W57/><G132/><T53/><D53/><U63/><E72/><V43/><F9/><W98/><G98/><T126/><D126/><U95/><E95/><V100/><F100/><W109/><G109/><T123/><N who="0" m="46193" /><T66/><DORA hai="47" /><D66/><U49/><E29/><V133/><REACH who="2" step="1"/><F78/><REACH who="2" ten="250,330,240,170" step="2"/><W127/><G127/><T128/><D28/><U30/><E30/><V42/><F42/><W134/><G134/><T20/><D128/><U15/><E35/><V12/><F12/><W116/><G116/><T130/><D130/><U76/><E15/><V45/><F45/><W50/><G5/><T79/><D79/><U58/><E76/><V67/><F67/><W51/><G27/><N who="0" m="14727" /><D10/><U4/><E54/><V89/><F89/><AGARI ba="0,1" hai="13,14,89,92,99" m="14727,41515,46193" machi="89" ten="40,5200,0" yaku="13,1,14,1,54,1" doraHai="34,47" who="0" fromWho="2" sc="250,62,330,0,240,-52,170,0" /><INIT seed="2,0,0,0,4,28" ten="312,330,188,170" oya="2" hai0="100,60,114,19,59,117,129,43,20,68,128,41,122" hai1="73,74,93,48,79,25,12,97,34,65,3,29,11" hai2="119,118,105,124,15,96,51,115,83,113,63,52,17" hai3="67,104,45,36,30,125,116,107,132,0,123,126,32"/><V16/><F124/><N who="3" m="47723" /><G116/><T49/><D114/><U10/><E65/><V8/><F63/><W31/><G123/><T84/><D122/><U39/><E39/><V110/><F110/><W75/><G132/><T54/><D100/><U127/><E127/><V94/><F105/><N who="3" m="40523" /><G67/><N who="0" m="41063" /><D84/><U85/><E85/><V53/><F83/><W1/><G75/><T58/><D117/><U23/><E48/><V130/><F130/><N who="0" m="50282" /><D59/><U42/><E79/><V33/><F33/><W111/><G111/><T46/><D58/><U56/><E56/><V44/><F53/><W106/><N who="3" m="40531" /><W95/><DORA hai="77" /><G95/><T57/><D57/><U18/><E42/><V112/><REACH who="2" step="1"/><F17/><REACH who="2" ten="312,330,178,170" step="2"/><W40/><G31/><T5/><D5/><U99/><E18/><V82/><F82/><W91/><G91/><AGARI ba="0,1" hai="8,15,16,44,51,52,91,94,96,112,113,115,118,119" machi="91" ten="40,7700,0" yaku="1,1,54,2,53,0" doraHai="28,77" doraHaiUra="61,62" who="2" fromWho="3" sc="312,0,330,0,178,87,170,-77" /><INIT seed="2,1,0,5,1,17" ten="312,330,265,93" oya="2" hai0="37,135,89,30,109,92,54,0,131,55,124,67,2" hai1="28,24,29,47,49,42,8,74,50,57,14,105,101" hai2="60,51,77,114,107,116,112,88,115,123,63,5,71" hai3="39,41,96,45,119,4,58,103,13,128,108,3,91"/><V122/><F5/><W62/><G119/><T93/><D109/><U75/><E105/><V81/><F107/><W83/><G108/><T82/><D131/><U102/><E75/><V69/><F116/><W26/><G128/><T43/><D135/><U36/><E74/><V22/><F77/><W1/><G13/><T76/><D124/><U33/><E29/><V19/><F51/><W121/><G4/><T7/><D30/><U44/><E57/><V104/><F104/><W106/><G121/><T23/><D23/><N who="1" m="15391" /><E36/><V52/><F69/><W118/><G118/><T127/><D127/><U10/><E33/><V94/><F81/><W6/><G6/><T53/><D67/><U68/><E68/><V79/><F79/><W32/><G91/><T120/><D7/><N who="1" m="3359" /><E10/><V134/><F134/><W25/><G83/><T113/><D113/><U66/><E66/><V11/><F11/><W16/><G32/><T72/><D120/><U73/><E73/><V125/><F125/><W35/><G35/><T86/><D0/><U132/><E132/><V59/><F63/><W100/><G100/><T61/><D2/><U117/><E117/><V15/><REACH who="2" step="1"/><F71/><REACH who="2" ten="312,330,255,93" step="2"/><W64/><REACH who="3" step="1"/><G26/><REACH who="3" ten="312,330,255,83" step="2"/><T99/><D82/><U9/><E9/><V97/><AGARI ba="1,2" hai="15,19,22,52,59,60,88,94,97,112,114,115,122,123" machi="97" ten="30,18000,2" yaku="1,1,2,1,0,1,52,1,54,2,53,1" doraHai="17" doraHaiUra="48" who="2" fromWho="2" sc="312,-61,330,-61,255,203,83,-61" /><INIT seed="2,2,0,4,2,62" ten="251,269,458,22" oya="2" hai0="77,76,122,8,129,3,57,108,43,10,107,97,85" hai1="21,79,23,117,40,37,28,86,54,92,16,116,70" hai2="53,124,56,14,111,132,115,41,120,130,109,125,17" hai3="45,13,134,55,118,65,24,12,114,88,46,25,11"/><V68/><F68/><W49/><G118/><T0/><D122/><U87/><E70/><V105/><F105/><W78/><G134/><T133/><D108/><N who="2" m="41546" /><F120/><W81/><G114/><T123/><D133/><U64/><E64/><V71/><F71/><W67/><G46/><T66/><D129/><U99/><E54/><V22/><F132/><W135/><G135/><T84/><D123/><U63/><E63/><N who="2" m="36239" /><F41/><W102/><G102/><T59/><D43/><U47/><E28/><V7/><F7/><W39/><G39/><T112/><D107/><U103/><E23/><V95/><F95/><W36/><G36/><T60/><D112/><U110/><E110/><V75/><F75/><W106/><G106/><T90/><D0/><U38/><E38/><V27/><F115/><W98/><G13/><T94/><D3/><U50/><E37/><V35/><F130/><W20/><G78/><N who="0" m="30315" /><D57/><U83/><E86/><AGARI ba="2,0" hai="8,10,59,60,66,84,85,86,90,94,97" m="30315" machi="86" ten="30,2000,0" yaku="8,1,52,1" doraHai="62" who="0" fromWho="1" sc="251,26,269,-26,458,0,22,0" /><INIT seed="3,0,0,4,1,123" ten="277,243,458,22" oya="3" hai0="37,8,15,77,58,49,111,109,32,41,102,133,69" hai1="101,86,70,53,107,12,134,130,124,100,30,13,92" hai2="51,118,55,97,122,80,24,98,28,93,110,73,57" hai3="132,29,131,89,135,105,114,3,47,99,87,108,115"/><W120/><G3/><T91/><D32/><U1/><E1/><V27/><F110/><N who="0" m="41994" /><D69/><U16/><E70/><V31/><F80/><N who="3" m="49383" /><G29/><N who="2" m="11337" /><F73/><W36/><G47/><N who="0" m="23983" /><D133/><N who="3" m="51273" /><G36/><T61/><D102/><U67/><E67/><V112/><F112/><N who="3" m="43051" /><G108/><T75/><D91/><U88/><E134/><V125/><F118/><W84/><G120/><T56/><D49/><U18/><E124/><V35/><F35/><W127/><G127/><T62/><D77/><U39/><E39/><V113/><F125/><W79/><G131/><T59/><D75/><U83/><E130/><V71/><F71/><W11/><G11/><T9/><D9/><N who="1" m="6159" /><E107/><V74/><F74/><W52/><G52/><T20/><D20/><N who="1" m="11343" /><E30/><V95/><F122/><W63/><G63/><T14/><D14/><U60/><E83/><V19/><F113/><W116/><G116/><T72/><D72/><U66/><E66/><V40/><F40/><W7/><G7/><AGARI ba="0,0" hai="7,8,15,56,58,59,61,62" m="23983,41994" machi="7" ten="30,7700,0" yaku="14,1,52,3" doraHai="123" who="0" fromWho="3" sc="277,77,243,0,458,0,22,-77" owari="354,15.4,243,-15.7,458,55.8,-55,-55.5" /></mjloggm>