<mjloggm ver="2.3"><GO type="225" lobby="0"/><UN n0="%E7%89%B9%E6%9D%B1%E3%81%AF%E4%B8%96%E7%95%8C%E3%82%92%E6%95%91%E3%81%86" n1="%E6%9C%88%E5%B3%B6%E5%9F%BA" n2="%E5%A4%8F%E9%88%B4%E9%88%B4%E5%A4%8F" n3="%E5%8D%A0%E3%81%84%E5%B8%AB%E8%A3%8F%E3%81%AA%E3%81%84%E3%81%97" dan="16,16,16,17" rate="2231.63,2127.21,2108.04,2196.94" sx="M,M,F,M"/><TAIKYOKU oya="0"/><INIT seed="0,0,0,1,4,10" ten="250,250,250,250" oya="0" hai0="58,84,81,108,117,127,78,3,121,131,76,74,97" hai1="91,46,11,4,116,20,80,112,26,47,94,64,72" hai2="130,79,104,103,95,33,69,62,41,2,36,96,9" hai3="126,134,60,66,123,22,34,54,13,125,119,25,15"/><T106/><D3/><U37/><E116/><V88/><F33/><W38/><G119/><T124/><D117/><U92/><E112/><V29/><F130/><W42/><G134/><T52/><D121/><U51/><E64/><V45/><F29/><W30/><G123/><T68/><D68/><U133/><E133/><V55/><F79/><W1/><G1/><T105/><D131/><U12/><E37/><V27/><F27/><N who="3" m="18783" /><G54/><T18/><D108/><U120/><E120/><V16/><F2/><W7/><G7/><T31/><D31/><U57/><E57/><V107/><F107/><W19/><G42/><T110/><D110/><U111/><E111/><V71/><F55/><W85/><G85/><T39/><D39/><U24/><E47/><V135/><F62/><W87/><G87/><T98/><D18/><U43/><E26/><V128/><F128/><W6/><G38/><T8/><D8/><U102/><E102/><V93/><F104/><N who="0" m="40042" /><D52/><U44/><E44/><V17/><F135/><W115/><G115/><T56/><D56/><U83/><E72/><V75/><F75/><W14/><G6/><T53/><D53/><U113/><E113/><V100/><F100/><W5/><G5/><T63/><D58/><U49/><E49/><V70/><REACH who="2" step="1"/><F9/><REACH who="2" ten="250,250,240,250" step="2"/><W101/><G101/><T114/><D63/><U48/><E91/><V118/><F118/><W77/><G77/><T59/><D114/><U32/><E32/><V90/><F90/><W23/><G23/><T65/><D65/><U0/><E0/><V50/><F50/><N who="1" m="18985" /><E20/><V122/><F122/><W67/><G67/><RYUUKYOKU ba="0,1" sc="250,-15,250,-15,240,15,250,15" hai2="16,17,36,41,45,69,70,71,88,93,95,96,103" hai3="13,14,15,19,22,25,60,66,125,126" /><INIT seed="1,1,1,1,4,24" ten="235,235,255,265" oya="1" hai0="36,121,22,35,69,6,95,3,86,135,12,115,122" hai1="98,51,2,71,57,134,18,41,23,87,97,103,128" hai2="28,124,119,17,49,64,79,72,62,34,123,32,9" hai3="66,85,54,61,42,88,21,39,109,20,83,100,19"/><U82/><E71/><V105/><F123/><N who="0" m="47114" /><D69/><U67/><E2/><V16/><F119/><W7/><G109/><T52/><D35/><U14/><E134/><V75/><F105/><W27/><G7/><T117/><D117/><U29/><E128/><V107/><F107/><W5/><G5/><T38/><D115/><U46/><E103/><V40/><F124/><W45/><G100/><T31/><D135/><U33/><E33/><V116/><F116/><W96/><G96/><T132/><D132/><U63/><REACH who="1" step="1"/><E29/><REACH who="1" ten="235,225,255,265" step="2"/><V118/><F28/><W37/><G37/><T89/><D3/><U47/><E47/><V56/><F32/><W94/><G21/><T48/><D31/><U131/><E131/><V106/><F34/><W43/><G39/><T113/><D113/><U13/><E13/><V65/><F118/><W120/><G120/><T74/><D22/><U114/><E114/><V76/><F106/><W53/><G45/><N who="0" m="27663" /><D74/><U81/><E81/><V25/><F75/><W4/><G83/><T30/><D30/><U126/><E126/><V110/><F72/><W80/><G80/><T50/><D50/><U93/><E93/><V101/><F49/><W0/><G0/><T1/><D1/><U26/><E26/><V90/><F25/><W104/><G104/><T129/><D129/><U125/><E125/><V130/><F130/><W133/><G133/><T112/><D112/><U99/><E99/><V108/><F110/><W91/><G27/><T102/><D102/><U11/><E11/><AGARI ba="1,2" hai="6,11,12,36,38,86,89,95" m="27663,47114" machi="11" ten="30,2000,0" yaku="13,1,54,1" doraHai="24" who="0" fromWho="1" sc="235,43,225,-23,255,0,265,0" /><INIT seed="2,0,0,5,5,109" ten="278,202,255,265" oya="2" hai0="12,48,63,58,106,60,108,79,130,29,33,56,22" hai1="80,93,99,75,16,78,59,2,94,21,116,52,124" hai2="128,49,96,87,64,67,90,91,17,14,126,25,131" hai3="104,30,100,105,54,86,69,9,101,11,8,34,71"/><V83/><F126/><W76/><G86/><T26/><D106/><N who="3" m="41065" /><G76/><T50/><D108/><U112/><E116/><V85/><F25/><W134/><G30/><T46/><D130/><N who="2" m="49706" /><F96/><W39/><G54/><T84/><D33/><U23/><E112/><V27/><F27/><W3/><G3/><T13/><D79/><U97/><E2/><V127/><F127/><W61/><G61/><N who="0" m="23627" /><D84/><N who="1" m="48151" /><E124/><V45/><F17/><W55/><G55/><N who="0" m="31863" /><D58/><U92/><E23/><V24/><F14/><W19/><G19/><T132/><D132/><U53/><E75/><V10/><F24/><W35/><G39/><T102/><D102/><N who="3" m="39529" /><G134/><T42/><AGARI ba="0,0" hai="12,13,22,26,29,42,46,48" m="31863,23627" machi="42" ten="30,1100,0" yaku="8,1" doraHai="109" who="0" fromWho="0" sc="278,11,202,-3,255,-5,265,-3" /><INIT seed="3,0,0,3,5,62" ten="289,199,250,262" oya="3" hai0="5,72,83,80,64,99,44,37,93,125,86,10,3" hai1="42,51,55,58,35,15,120,28,48,85,6,124,81" hai2="123,45,122,109,19,79,50,75,66,8,14,30,135" hai3="31,43,12,46,23,130,101,1,102,61,115,94,88"/><W57/><G1/><T20/><D72/><U71/><E71/><V67/><F109/><W114/><G130/><T13/><D64/><N who="2" m="24618" /><F30/><W0/><G0/><T106/><D106/><U21/><E120/><N who="2" m="46123" /><F135/><W91/><G91/><T118/><D118/><U60/><E124/><V90/><F90/><W103/><G115/><T73/><D73/><U11/><E35/><V105/><F105/><W56/><G114/><T128/><D86/><U126/><E126/><V110/><F110/><W39/><G31/><T74/><D74/><U54/><E42/><N who="2" m="24887" /><F75/><W36/><G36/><T97/><D37/><U98/><E98/><V33/><F33/><W107/><G107/><T84/><D97/><U92/><E92/><V24/><F24/><W76/><G39/><T117/><D93/><U16/><E28/><V96/><F96/><W68/><G94/><T65/><D99/><U112/><E112/><V25/><F25/><W131/><G88/><T108/><D108/><U18/><E55/><V134/><F134/><W9/><G131/><T104/><D104/><U38/><E38/><V121/><N who="2" m="46131" /><V63/><DORA hai="27" /><F63/><W113/><G61/><T95/><D95/><U116/><E116/><V69/><F79/><W53/><G76/><T4/><D128/><U133/><E133/><V49/><F49/><N who="1" m="19017" /><E21/><V22/><F69/><W40/><G68/><T78/><D78/><AGARI ba="0,0" hai="6,11,15,16,18,54,58,60,78,81,85" m="19017" machi="78" ten="30,2000,0" yaku="8,1,54,1" doraHai="62,27" who="1" fromWho="0" sc="289,-20,199,20,250,0,262,0" /><INIT seed="4,0,0,0,3,90" ten="269,219,250,262" oya="0" hai0="34,126,43,25,56,118,3,20,106,16,97,38,122" hai1="64,86,115,35,117,26,81,73,40,61,55,14,78" hai2="112,83,41,30,51,48,68,71,24,46,116,42,21" hai3="9,107,129,111,85,28,113,33,19,80,125,75,44"/><T4/><D118/><U130/><E117/><V91/><F116/><W79/><G111/><T96/><D122/><U105/><E130/><V67/><F112/><W57/><G129/><T109/><D109/><U18/><E115/><V131/><F131/><W124/><G107/><T70/><D70/><U23/><E105/><V69/><F67/><W37/><G113/><T103/><D126/><U123/><E123/><V120/><F120/><W134/><G134/><T110/><D110/><U59/><E40/><V100/><F100/><W62/><G28/><T11/><D97/><U39/><E39/><V53/><F51/><W13/><G33/><T92/><D34/><U72/><E35/><V95/><REACH who="2" step="1"/><F83/><REACH who="2" ten="269,219,240,262" step="2"/><W32/><G124/><T0/><D103/><U27/><REACH who="1" step="1"/><E64/><REACH who="1" ten="269,209,240,262" step="2"/><V101/><F101/><W98/><G125/><T2/><D38/><U99/><E99/><AGARI ba="0,2" hai="21,24,30,41,42,46,48,53,68,69,71,91,95,99" machi="99" ten="40,2600,0" yaku="1,1,52,1,53,0" doraHai="90" doraHaiUra="6" who="2" fromWho="1" sc="269,0,209,-26,240,46,262,0" /><INIT seed="5,0,0,1,3,70" ten="269,183,286,262" oya="1" hai0="76,72,0,132,27,20,130,13,56,92,17,52,4" hai1="2,74,10,127,65,8,89,125,26,112,6,98,71" hai2="22,81,82,114,61,41,85,18,55,80,3,16,37" hai3="5,47,95,106,62,48,39,51,103,19,83,68,96"/><U79/><E112/><V35/><F3/><W121/><G121/><T1/><D130/><U109/><E109/><V44/><F35/><W102/><G5/><T101/><D132/><U23/><E10/><V99/><F114/><W66/><G83/><T64/><D64/><U54/><E54/><V25/><F99/><W134/><G134/><T119/><D119/><U129/><E129/><V32/><F32/><W122/><G122/><T59/><D59/><U11/><E11/><V67/><F55/><W49/><G19/><T90/><D101/><U91/><E79/><V34/><F34/><W63/><G63/><T24/><D72/><U108/><E74/><V43/><F18/><W60/><G60/><T123/><D76/><U128/><E128/><V120/><F43/><W53/><G103/><T9/><D123/><U29/><E108/><V126/><F126/><N who="1" m="48137" /><E98/><V14/><F120/><W31/><G95/><T75/><D75/><U50/><E50/><V38/><F38/><W94/><G94/><T118/><D118/><U97/><E97/><V28/><F85/><W40/><REACH who="3" step="1"/><G31/><REACH who="3" ten="269,183,286,252" step="2"/><T93/><D93/><U86/><E86/><V87/><F87/><W131/><G131/><T115/><D115/><U100/><E100/><V78/><F78/><W69/><G69/><T46/><D92/><U15/><E2/><V111/><F111/><W42/><G42/><T12/><D0/><U21/><E21/><N who="2" m="15407" /><F82/><W135/><G135/><T57/><D1/><U77/><E77/><V133/><F133/><W88/><G88/><N who="1" m="33866" /><E71/><N who="2" m="42479" /><F81/><W84/><G84/><T30/><D90/><U7/><E7/><RYUUKYOKU ba="0,1" sc="269,-30,183,10,286,10,252,10" hai1="6,8,15,23,26,29,65" hai2="14,16,22,37,41,44,80" hai3="39,40,47,48,49,51,53,62,66,68,96,102,106" /><INIT seed="5,1,1,2,4,41" ten="239,193,296,262" oya="1" hai0="60,43,113,92,97,59,5,7,129,101,8,45,116" hai1="48,134,25,40,105,109,39,123,37,81,35,66,103" hai2="26,74,87,100,1,38,83,132,36,135,76,6,128" hai3="85,114,27,91,16,108,10,33,96,19,79,90,107"/><U29/><E123/><V50/><F128/><W111/><G114/><T77/><D113/><U110/><E134/><N who="2" m="51243" /><F100/><W54/><G107/><T120/><D129/><U67/><E81/><N who="2" m="45207" /><F50/><W118/><G118/><T93/><D120/><U11/><E11/><N who="2" m="2511" /><F26/><W78/><G33/><T70/><D70/><U131/><E131/><V104/><F104/><W99/><G10/><T88/><D77/><AGARI ba="1,1" hai="36,38,77,83,87" m="2511,45207,51243" machi="77" ten="30,1000,0" yaku="20,1" doraHai="41" who="2" fromWho="0" sc="239,-13,193,0,296,23,262,0" owari="226,-17.4,193,-30.7,319,41.9,262,6.2" /></mjloggm>