<mjloggm ver="2.3"><GO type="225" lobby="0"/><UN n0="%E7%B4%94%E6%BD%94%E3%83%94%E3%83%A9%E3%83%8B%E3%82%A2" n1="%E5%A4%8F%E9%88%B4%E9%88%B4%E5%A4%8F" n2="%33%74%72%65%65" n3="%E6%A1%9C%E8%8A%B1%E9%96%83%E3%80%85" dan="16,16,17,16" rate="2090.49,2120.74,2191.79,2126.83" sx="M,F,F,M"/><TAIKYOKU oya="0"/><INIT seed="0,0,0,1,1,19" ten="250,250,250,250" oya="0" hai0="71,54,68,20,95,89,126,83,69,84,108,81,82" hai1="72,41,1,23,18,85,105,120,124,93,6,16,103" hai2="67,117,112,45,127,40,118,116,56,42,96,122,131" hai3="79,134,58,44,123,133,39,86,7,13,101,47,97"/><T107/><D107/><U110/><E72/><V74/><F122/><W113/><G113/><T77/><D126/><U64/><E120/><V57/><F112/><W37/><G123/><T14/><D108/><U135/><E110/><V60/><F127/><W2/><G2/><T22/><D77/><U62/><E124/><V35/><F74/><W46/><G58/><N who="2" m="22633" /><F35/><W70/><G70/><T34/><D34/><U25/><E105/><V28/><F28/><W119/><G119/><T10/><REACH who="0" step="1"/><D54/><REACH who="0" ten="240,250,250,250" step="2"/><U17/><E135/><V66/><F118/><W115/><G115/><T121/><D121/><U76/><E41/><V31/><F42/><W12/><G133/><T32/><D32/><U8/><E76/><V5/><F40/><W9/><G134/><T75/><D75/><U102/><E85/><V52/><F52/><W125/><G125/><T114/><D114/><U55/><E55/><V36/><F117/><W3/><G86/><T99/><D99/><U53/><E53/><V26/><F96/><W21/><G79/><T109/><D109/><U94/><E93/><V29/><F116/><W0/><G39/><T90/><D90/><U78/><E78/><V43/><F43/><W100/><G37/><T128/><D128/><U111/><E111/><V15/><F36/><W132/><G132/><T92/><D92/><U88/><E88/><V4/><F45/><W106/><G100/><N who="1" m="38442" /><E94/><V11/><F131/><W80/><G80/><T49/><D49/><U48/><E48/><V33/><F33/><W61/><G61/><T104/><D104/><U51/><E51/><V91/><F91/><RYUUKYOKU ba="0,1" sc="240,10,250,10,250,-30,250,10" hai0="10,14,20,22,68,69,71,81,82,83,84,89,95" hai1="1,6,8,16,17,18,23,25,62,64" hai3="0,3,7,9,12,13,21,44,46,47,97,101,106" /><INIT seed="0,1,1,1,1,114" ten="250,260,220,260" oya="0" hai0="28,66,127,95,12,62,50,2,8,29,124,13,18" hai1="37,130,125,110,92,52,23,14,76,117,48,57,101" hai2="73,59,67,100,33,118,113,30,131,82,123,74,55" hai3="34,16,7,39,98,56,58,19,126,27,51,112,77"/><T44/><D2/><U47/><E117/><V1/><F123/><W78/><G39/><T86/><D12/><U121/><E121/><V128/><F113/><W107/><G112/><T72/><D72/><U42/><E110/><V81/><F1/><W111/><G7/><T63/><D95/><U103/><E125/><N who="0" m="48201" /><D86/><U4/><E130/><N who="2" m="49707" /><F67/><W105/><G111/><T89/><D89/><U68/><E68/><V17/><F100/><W10/><G98/><T75/><D75/><N who="2" m="28682" /><F118/><W108/><G10/><T122/><D122/><U6/><E76/><V88/><F88/><W24/><G126/><T102/><D102/><U132/><E132/><V115/><F115/><W133/><G108/><T21/><D66/><U5/><REACH who="1" step="1"/><E92/><REACH who="1" ten="250,250,220,260" step="2"/><V106/><F106/><W70/><G133/><T45/><D45/><U71/><E71/><V85/><F81/><W15/><G70/><T91/><D91/><U0/><E0/><V60/><F82/><W99/><G78/><T90/><D90/><U26/><E26/><N who="2" m="18647" /><F85/><W35/><G77/><T83/><D83/><U134/><E134/><V41/><F41/><W119/><G99/><T94/><D94/><U109/><E109/><V9/><F9/><W40/><G40/><N who="0" m="24839" /><D8/><U129/><E129/><V79/><F79/><W96/><G96/><T104/><D104/><U11/><E11/><V31/><F31/><AGARI ba="1,2" hai="13,18,21,28,29,31,62,63" m="24839,48201" machi="31" ten="30,1500,0" yaku="18,1" doraHai="114" who="0" fromWho="2" sc="250,38,250,0,220,-18,260,0" /><INIT seed="0,2,0,4,3,90" ten="288,250,202,260" oya="0" hai0="109,17,39,53,45,85,47,112,94,40,108,32,38" hai1="101,89,100,110,3,82,42,49,60,86,37,18,67" hai2="76,19,15,0,26,43,120,88,102,125,126,62,95" hai3="13,92,22,124,119,71,8,87,46,75,41,11,97"/><T1/><D112/><U128/><E110/><N who="0" m="42601" /><D32/><U7/><E37/><V73/><F120/><W79/><G75/><T111/><D1/><U14/><E7/><V81/><F0/><W131/><G71/><T132/><D132/><U9/><E3/><V44/><F26/><W50/><G124/><T25/><D111/><U70/><E128/><V5/><F5/><W78/><G119/><T68/><D68/><U24/><E24/><V115/><F102/><N who="3" m="60711" /><G131/><T29/><D53/><U56/><E70/><V106/><F62/><W30/><G30/><T66/><D66/><U10/><REACH who="1" step="1"/><E9/><REACH who="1" ten="288,240,202,260" step="2"/><V21/><F115/><W117/><G117/><T65/><D25/><U134/><E134/><V27/><F27/><W58/><G8/><T122/><D122/><U105/><E105/><V91/><F106/><W12/><G22/><T116/><D116/><U35/><E35/><V129/><F129/><W36/><G36/><T84/><D29/><U133/><E133/><V96/><REACH who="2" step="1"/><F91/><REACH who="2" ten="288,240,192,260" step="2"/><W72/><G13/><T20/><D38/><AGARI ba="2,2" hai="15,19,21,38,43,44,73,76,81,88,95,96,125,126" machi="38" ten="40,8000,1" yaku="1,1,2,1,52,1,54,1,53,0" doraHai="90" doraHaiUra="57" who="2" fromWho="0" sc="288,-86,240,0,192,106,260,0" /><INIT seed="1,0,0,0,0,114" ten="202,240,298,260" oya="1" hai0="66,17,81,107,85,56,41,112,47,93,45,20,124" hai1="4,134,78,100,92,44,5,73,10,115,97,77,113" hai2="19,0,61,108,110,7,64,49,40,130,55,105,98" hai3="27,127,23,29,1,90,24,8,51,103,95,9,79"/><U84/><E134/><V109/><F130/><W12/><G127/><T75/><D107/><U88/><E4/><V14/><F40/><W121/><G121/><T86/><D112/><U120/><E120/><V25/><F25/><W122/><G122/><T11/><D124/><U102/><E102/><N who="2" m="62679" /><F7/><W2/><G79/><T69/><D69/><U30/><E30/><V32/><F32/><N who="3" m="20519" /><G90/><T117/><D75/><U37/><E78/><V22/><F0/><N who="3" m="107" /><G95/><T67/><D11/><N who="3" m="4169" /><G51/><T74/><D74/><U106/><E10/><V118/><F49/><W43/><G43/><T126/><D126/><U31/><E5/><V94/><F94/><W26/><G103/><T58/><D93/><U135/><E31/><V65/><F55/><W62/><G62/><T46/><D41/><N who="1" m="22575" /><E135/><V42/><F42/><W111/><G111/><T83/><D46/><U91/><E91/><V80/><F80/><AGARI ba="0,0" hai="73,77,80,84,88,92,97,100,106,113,115" m="22575" machi="80" ten="30,2900,0" yaku="24,1,54,1" doraHai="114" who="1" fromWho="2" sc="202,0,240,29,298,-29,260,0" /><INIT seed="1,1,0,2,1,57" ten="202,269,269,260" oya="1" hai0="72,121,117,74,134,116,70,85,110,105,60,106,2" hai1="54,47,32,33,77,113,44,43,55,18,31,41,40" hai2="0,10,107,130,68,83,91,8,45,29,115,4,88" hai3="111,125,108,15,95,99,24,129,7,50,98,42,103"/><U3/><E3/><V122/><F122/><W37/><G37/><T9/><D85/><U76/><E18/><V90/><F130/><W14/><G129/><T6/><D121/><U64/><E64/><V51/><F115/><W26/><G125/><T112/><D112/><U30/><REACH who="1" step="1"/><E43/><REACH who="1" ten="202,259,269,260" step="2"/><V78/><F0/><W35/><G42/><T27/><D117/><U12/><E12/><V73/><F4/><W102/><G7/><T84/><D116/><U89/><E89/><V120/><F88/><W22/><G15/><T53/><D27/><U59/><E59/><V13/><F13/><W127/><G14/><T67/><D53/><U123/><E123/><V93/><F90/><W39/><G26/><T79/><D134/><U97/><E97/><V16/><F16/><W56/><G99/><T135/><D135/><U62/><E62/><V36/><F91/><W28/><G98/><T92/><D92/><U25/><E25/><V69/><F93/><W34/><G95/><T100/><D100/><U1/><E1/><V71/><F120/><W63/><G103/><T21/><D105/><U5/><E5/><V61/><F107/><W87/><G63/><T81/><D106/><U119/><E119/><V126/><F61/><W23/><G102/><T46/><D46/><U109/><E109/><V101/><F101/><W133/><G133/><T38/><D110/><U11/><E11/><V19/><F8/><W80/><G108/><T20/><REACH who="0" step="1"/><D38/><REACH who="0" ten="192,259,269,260" step="2"/><U104/><E104/><V114/><F36/><W82/><G39/><T48/><D48/><U65/><E65/><V118/><F51/><RYUUKYOKU ba="1,2" sc="192,15,259,15,269,-15,260,-15" hai0="2,6,9,20,21,60,67,70,72,74,79,81,84" hai1="30,31,32,33,40,41,44,47,54,55,76,77,113" /><INIT seed="1,2,2,1,3,81" ten="207,274,254,245" oya="1" hai0="14,69,41,52,128,104,88,72,24,94,76,118,54" hai1="66,12,25,96,57,101,113,6,1,7,2,36,63" hai2="15,82,64,124,35,119,38,13,127,26,48,112,10" hai3="39,16,77,135,4,98,126,56,102,3,28,74,20"/><U129/><E113/><V51/><F119/><W130/><G39/><T85/><D118/><U123/><E123/><V121/><F121/><W31/><G126/><N who="2" m="48169" /><F38/><W8/><G135/><T105/><D69/><U92/><E36/><V120/><F120/><W11/><G130/><T23/><D128/><U99/><E129/><V134/><F134/><W132/><G132/><T70/><D70/><U87/><E99/><V107/><F112/><W79/><G8/><T103/><D41/><U97/><E96/><V131/><F131/><W65/><G65/><T116/><D116/><U62/><E25/><V55/><F107/><W111/><G56/><T44/><D14/><U42/><E63/><V80/><F64/><W32/><G111/><T30/><D44/><U86/><E42/><V29/><F15/><N who="3" m="9247" /><G74/><T45/><D45/><U122/><E122/><V78/><F55/><W18/><G18/><T33/><D33/><U110/><E110/><V68/><F68/><W114/><G31/><T91/><D91/><U117/><E117/><V27/><F29/><W133/><G133/><T37/><D37/><U93/><E1/><V50/><F35/><W100/><G114/><T61/><D61/><U53/><E2/><V34/><F34/><W60/><G60/><T47/><D47/><U115/><E66/><V59/><F59/><W95/><G102/><T73/><D104/><N who="1" m="63535" /><E115/><V43/><F43/><W106/><G106/><T9/><D9/><N who="1" m="4151" /><E7/><V22/><F10/><W89/><G100/><T108/><D108/><U75/><E75/><N who="0" m="28745" /><D76/><N who="3" m="29257" /><G32/><T19/><D30/><U46/><E46/><V40/><F40/><RYUUKYOKU ba="2,2" sc="207,10,274,10,254,-30,245,10" hai0="19,23,24,52,54,85,88,94,103,105" hai1="53,57,62,86,87,92,93" hai3="3,4,11,28,89,95,98" /><INIT seed="1,3,2,2,3,74" ten="217,284,224,255" oya="1" hai0="18,14,55,66,135,86,79,109,44,40,126,50,78" hai1="19,17,61,107,16,48,81,73,35,117,113,52,114" hai2="132,25,89,118,29,57,88,67,115,96,23,124,5" hai3="4,103,24,2,12,6,99,64,128,110,121,93,130"/><U131/><E117/><V38/><F118/><W59/><G121/><T7/><D109/><U22/><E35/><V87/><F132/><W45/><G110/><T65/><D135/><U3/><E3/><V30/><F124/><W10/><G24/><T92/><D126/><U90/><E107/><V32/><F115/><W129/><G45/><T47/><D7/><U75/><E61/><N who="2" m="38319" /><F38/><W91/><G64/><N who="0" m="24683" /><D44/><U31/><E131/><V60/><F32/><W43/><G59/><T101/><D40/><U0/><E0/><V82/><F60/><W98/><G43/><T9/><D86/><U112/><E90/><V33/><F33/><W8/><REACH who="3" step="1"/><G99/><AGARI ba="3,2" hai="9,14,18,47,50,55,78,79,92,99,101" m="24683" machi="99" ten="30,3900,0" yaku="8,1,52,2" doraHai="74" who="0" fromWho="3" sc="217,68,284,0,224,0,255,-48" /><INIT seed="2,0,0,1,1,10" ten="285,284,224,207" oya="2" hai0="93,104,88,103,40,21,86,63,29,41,49,33,7" hai1="78,79,11,39,16,5,52,66,2,25,97,95,112" hai2="89,108,67,9,47,77,85,81,74,123,26,38,132" hai3="34,62,133,48,121,69,12,116,46,117,130,91,109"/><V44/><F123/><W19/><G121/><T3/><D33/><U22/><E39/><V113/><F113/><W126/><G109/><T37/><D37/><U61/><E52/><V96/><F108/><W115/><G115/><T17/><D29/><U102/><REACH who="1" step="1"/><E112/><REACH who="1" ten="285,274,224,207" step="2"/><V107/><F38/><W45/><G45/><T80/><D49/><U36/><E36/><V125/><F47/><W83/><G46/><T101/><D41/><U58/><AGARI ba="0,1" hai="2,5,11,16,22,25,58,61,66,78,79,95,97,102" machi="58" ten="20,5200,0" yaku="1,1,0,1,7,1,54,1,53,0" doraHai="10" doraHaiUra="28" who="1" fromWho="1" sc="285,-13,274,62,224,-26,207,-13" /><INIT seed="3,0,0,2,2,99" ten="272,336,198,194" oya="3" hai0="2,24,79,131,107,103,121,5,70,120,56,0,122" hai1="45,31,94,50,87,27,118,28,65,98,90,37,25" hai2="4,85,113,73,67,19,55,88,124,51,40,105,6" hai3="119,100,14,42,21,47,30,77,63,126,12,112,93"/><W116/><G112/><T10/><D70/><U117/><E37/><V68/><F113/><W32/><G77/><T76/><D131/><U106/><E65/><V49/><F73/><W83/><G32/><T33/><D2/><U133/><E133/><V78/><F124/><W20/><G126/><T69/><D69/><U11/><E11/><V89/><F105/><W26/><G83/><T48/><D24/><N who="1" m="9291" /><E87/><V82/><F68/><W8/><G21/><T38/><D48/><U57/><E57/><N who="2" m="33007" /><F67/><W44/><G63/><T41/><D56/><U108/><E108/><V96/><F19/><W132/><G132/><T46/><REACH who="0" step="1"/><D33/><REACH who="0" ten="262,336,198,194" step="2"/><U59/><E59/><V114/><F114/><W3/><G3/><T7/><D7/><U53/><E106/><V72/><F4/><W123/><G123/><T80/><D80/><U60/><E60/><V84/><F6/><W66/><G66/><T1/><D1/><U15/><E15/><V125/><F82/><W75/><G14/><T54/><D54/><U110/><E110/><V127/><F127/><W74/><G116/><AGARI ba="0,1" hai="28,31,45,50,53,90,94,98,116,117,118" m="9291" machi="116" ten="30,1000,0" yaku="12,1" doraHai="99" who="1" fromWho="3" sc="262,0,336,20,198,0,194,-10" owari="262,6.2,356,45.6,198,-20.2,184,-31.6" /></mjloggm>