<mjloggm ver="2.3"><GO type="225" lobby="0"/><UN n0="%E3%81%95%E3%81%8D%E3%81%9F%E3%81%BE%E6%9E%97%E6%AA%8E" n1="%E5%B8%86%E7%AB%8B%E5%A4%8F%E8%A1%A3" n2="%E4%B8%8B%E6%AE%B5%E3%83%81%E3%82%A7%E3%83%AA%E3%83%BC" n3="%E3%82%8F%E3%81%8B%E3%81%B0%2A%E3%82%AC%E3%83%BC%E3%83%AB" dan="16,17,16,16" rate="2108.85,2216.47,2126.77,2200.22" sx="M,M,M,M"/><TAIKYOKU oya="0"/><INIT seed="0,0,0,1,4,121" ten="250,250,250,250" oya="0" hai0="16,56,49,92,88,134,89,65,46,96,91,133,24" hai1="83,12,42,6,10,122,135,77,105,72,53,9,8" hai2="18,95,47,66,34,84,67,1,58,51,98,4,57" hai3="111,5,103,37,54,15,23,73,36,19,118,102,82"/><T0/><D0/><U48/><E135/><V31/><F1/><W63/><G118/><T11/><D134/><U21/><E122/><V43/><F4/><W85/><G73/><T109/><D109/><U128/><E105/><V61/><F18/><W45/><G111/><T17/><D133/><U81/><E128/><V75/><F75/><W113/><G113/><T3/><D3/><U33/><E33/><V125/><F125/><W126/><G126/><T99/><D99/><U26/><E81/><V76/><F34/><W44/><G5/><T112/><D112/><U127/><E42/><V100/><F31/><W64/><G37/><T20/><D17/><U104/><E104/><V55/><REACH who="2" step="1"/><F58/><REACH who="2" ten="250,250,240,250" step="2"/><N who="3" m="35287" /><G36/><T124/><D124/><U25/><E127/><V106/><F106/><W7/><G7/><T38/><D38/><U22/><E22/><V71/><F71/><W123/><G123/><T74/><D74/><U131/><E131/><V97/><F97/><W117/><G117/><T80/><D11/><U50/><E9/><V78/><F78/><N who="3" m="46295" /><G64/><T68/><D68/><U30/><E10/><V86/><F86/><W70/><G70/><T27/><D27/><U32/><E26/><V107/><F107/><W2/><G2/><T59/><D65/><U62/><E32/><V116/><F116/><W132/><G132/><T35/><D35/><U52/><REACH who="1" step="1"/><E62/><REACH who="1" ten="250,240,240,250" step="2"/><V14/><F14/><W120/><G120/><T41/><D80/><AGARI ba="0,2" hai="43,47,51,55,57,61,66,67,76,80,84,95,98,100" machi="80" ten="40,5200,0" yaku="1,1,8,1,53,1" doraHai="121" doraHaiUra="40" who="2" fromWho="0" sc="250,-52,240,0,240,72,250,0" /><INIT seed="1,0,0,3,3,85" ten="198,240,312,250" oya="1" hai0="96,18,114,86,40,36,21,91,57,41,84,103,53" hai1="82,35,111,123,117,39,20,109,71,120,67,130,7" hai2="63,116,74,90,87,38,60,94,17,22,124,28,88" hai3="51,129,118,104,2,34,128,62,16,76,42,107,47"/><U102/><E35/><V55/><F116/><W95/><G118/><T125/><D125/><U83/><E117/><V12/><F124/><W89/><G2/><T70/><D70/><U112/><E112/><V115/><F38/><W72/><G34/><T108/><D108/><N who="1" m="41547" /><E39/><V126/><F126/><W61/><G76/><T50/><D114/><U132/><E7/><V92/><F74/><W56/><G72/><T110/><D110/><U93/><E20/><V24/><F55/><W59/><G59/><T131/><D131/><N who="3" m="50249" /><G16/><T97/><D36/><U113/><E113/><V23/><F115/><W8/><G8/><T100/><D84/><AGARI ba="0,0" hai="12,17,22,23,24,28,60,63,84,87,88,90,92,94" machi="84" ten="30,12000,2" yaku="7,1,9,1,8,1,52,2,54,1" doraHai="85" who="2" fromWho="0" sc="198,-120,240,0,312,120,250,0" /><INIT seed="2,0,0,5,3,69" ten="78,240,432,250" oya="2" hai0="109,20,131,61,43,23,36,86,67,16,6,121,31" hai1="4,106,42,54,78,133,80,88,127,91,110,29,49" hai2="111,126,105,112,0,63,37,94,82,135,95,90,70" hai3="71,72,60,129,75,18,113,116,40,79,5,53,64"/><V117/><RYUUKYOKU type="yao9" ba="0,0" sc="78,0,240,0,432,0,250,0" hai2="0,37,63,70,82,90,94,95,105,111,112,117,126,135" /><INIT seed="2,1,0,4,4,124" ten="78,240,432,250" oya="2" hai0="40,86,71,0,102,58,31,22,127,17,3,117,116" hai1="42,103,123,100,1,104,51,63,46,20,128,36,115" hai2="10,89,93,95,52,21,74,35,68,13,23,34,44" hai3="4,19,105,65,69,16,50,120,28,112,25,61,129"/><V77/><F68/><W94/><G120/><T72/><D72/><U92/><E115/><V75/><F77/><W67/><G112/><T59/><D71/><U96/><E123/><V132/><F132/><W2/><G105/><T14/><D127/><U41/><E1/><V111/><F111/><W83/><G67/><T47/><D102/><U79/><E79/><V38/><F38/><W80/><G94/><T121/><D121/><U62/><E103/><V33/><F74/><W81/><G129/><T99/><D99/><U110/><E104/><V60/><F75/><W24/><G50/><T106/><D106/><U97/><E97/><V119/><F119/><W91/><G91/><T48/><D86/><U88/><E128/><V108/><F108/><W125/><G125/><T49/><D31/><U54/><E110/><V39/><F39/><W32/><G24/><T131/><D131/><U85/><E20/><V78/><F78/><W27/><G25/><T122/><D122/><U12/><E12/><V109/><F93/><W76/><G76/><T114/><D114/><U55/><E55/><V134/><F134/><W82/><N who="3" m="20480" /><DORA hai="18" /><W56/><REACH who="3" step="1"/><G69/><REACH who="3" ten="78,240,432,240" step="2"/><T53/><REACH who="0" step="1"/><D58/><REACH who="0" ten="68,240,432,240" step="2"/><U15/><E100/><V37/><F109/><W30/><G30/><T107/><D107/><U130/><E130/><V7/><F89/><W64/><G64/><T73/><D73/><U9/><E96/><V87/><F87/><W84/><G84/><T29/><D29/><U57/><E88/><V113/><F113/><W8/><AGARI ba="1,2" hai="2,4,8,16,19,27,28,32,56,61,65" m="20480" machi="8" ten="40,8000,1" yaku="1,1,0,1,54,1,53,1" doraHai="124,18" doraHaiUra="43,26" who="3" fromWho="3" sc="68,-21,240,-21,432,-41,240,103" /><INIT seed="3,0,0,2,5,68" ten="47,219,391,343" oya="3" hai0="84,39,14,7,108,13,92,86,76,90,114,62,87" hai1="63,49,10,98,51,20,8,102,55,89,93,127,109" hai2="58,57,45,83,77,134,67,18,121,78,19,23,73" hai3="6,21,56,70,75,96,110,66,27,97,29,42,128"/><W5/><G128/><T129/><D108/><U111/><E127/><V37/><F121/><W116/><G116/><T72/><D62/><U2/><E2/><V119/><F119/><W94/><G75/><T100/><D7/><U52/><E63/><V31/><F31/><W35/><G70/><T95/><D129/><U74/><E74/><V79/><F134/><W122/><G122/><T26/><D26/><U117/><E117/><V46/><F73/><W103/><G110/><T60/><D72/><U33/><E33/><V30/><F37/><W82/><G82/><T32/><D60/><U126/><E126/><V81/><F67/><W28/><G42/><T112/><D32/><U54/><E111/><V61/><F30/><N who="3" m="17775" /><G35/><T11/><D11/><U132/><E132/><V47/><F61/><N who="3" m="38183" /><G96/><T71/><D71/><U15/><E109/><V59/><F19/><W43/><G43/><T91/><D76/><U135/><E135/><V22/><F22/><W3/><G3/><T25/><D25/><AGARI ba="0,0" hai="18,23,25,45,46,47,57,58,59,77,78,79,81,83" machi="25" ten="50,6400,0" yaku="29,2,8,1" doraHai="68" who="2" fromWho="0" sc="47,-64,219,0,391,64,343,0" owari="-17,-51.7,219,-18.1,455,55.5,343,14.3" /></mjloggm>