<mjloggm ver="2.3"><GO type="225" lobby="0"/><UN n0="%E3%81%A4%E3%81%A3%E3%81%B1%E3%82%8A%E3%83%9D%E3%83%BC%E3%83%AB" n1="%E3%83%A9%E3%82%B9%E7%8E%87%EF%BC%93%E5%89%B2" n2="%E3%83%96%E3%83%83%E3%83%91%E3%82%AA%E3%83%96%E3%83%81%E3%82%AD%E3%83%B3" n3="%E7%B4%94%E6%BD%94%E3%83%94%E3%83%A9%E3%83%8B%E3%82%A2" dan="17,16,16,16" rate="2161.03,2193.30,2117.48,2127.08" sx="M,F,M,M"/><TAIKYOKU oya="0"/><INIT seed="0,0,0,3,1,34" ten="250,250,250,250" oya="0" hai0="131,134,97,88,76,80,96,71,129,18,68,117,135" hai1="26,113,132,92,82,108,42,126,10,16,20,89,104" hai2="38,112,27,116,123,110,115,14,31,41,63,119,15" hai3="30,91,24,40,79,118,101,90,121,2,22,62,133"/><T12/><D71/><U124/><E104/><V120/><F63/><W6/><G118/><N who="2" m="45097" /><F41/><W37/><G133/><N who="0" m="50699" /><D68/><U23/><E132/><V95/><F38/><W122/><G101/><T83/><D117/><U61/><E108/><V100/><F95/><W73/><G62/><T46/><D46/><U7/><E113/><N who="2" m="43595" /><F100/><W106/><G106/><T19/><D19/><U8/><E42/><V0/><F0/><W64/><G64/><T75/><D12/><N who="2" m="4650" /><F110/><W94/><G40/><T81/><D18/><U56/><E82/><N who="0" m="31849" /><D88/><U48/><E48/><V17/><F17/><W9/><G90/><T67/><D67/><U35/><E89/><V59/><F59/><W53/><G37/><T77/><D77/><U43/><E56/><V105/><F105/><W114/><G114/><T44/><D44/><U25/><E16/><V50/><F50/><W93/><G91/><T36/><D36/><U128/><E61/><V74/><F74/><W1/><G73/><T69/><D69/><U58/><E58/><V47/><F47/><W72/><G72/><T45/><D45/><U111/><E111/><V85/><F85/><W39/><G79/><T102/><D102/><U65/><E65/><V60/><F60/><W21/><G39/><T52/><D52/><U11/><E43/><V78/><F78/><W49/><G53/><T70/><D70/><U86/><E86/><V99/><F31/><W87/><G87/><T125/><D125/><U107/><E126/><V103/><F27/><W84/><G84/><T109/><D109/><U29/><E26/><V51/><F51/><W54/><G49/><RYUUKYOKU ba="0,0" sc="250,15,250,-15,250,15,250,-15" hai0="75,76,83,96,97,129,131" hai2="99,103,120,123" /><INIT seed="0,1,0,0,0,80" ten="265,235,265,235" oya="0" hai0="11,10,108,12,120,52,57,65,123,72,88,119,133" hai1="130,91,42,20,22,5,124,58,49,36,56,23,98" hai2="110,66,34,17,31,9,68,38,106,102,30,43,83" hai3="44,77,89,131,33,47,15,129,67,53,60,74,81"/><T62/><D119/><U24/><E130/><N who="3" m="49674" /><G33/><T84/><D72/><U82/><E124/><V41/><F110/><W27/><G27/><T37/><D37/><U104/><E36/><V63/><F38/><W21/><G53/><T87/><D108/><U79/><E5/><V70/><F70/><N who="3" m="42343" /><G89/><T118/><D118/><U29/><E42/><V96/><F31/><W94/><G94/><N who="0" m="54535" /><D123/><U95/><E104/><V78/><F30/><W71/><G71/><T76/><D120/><U0/><E0/><V127/><F34/><W103/><G103/><T64/><D133/><U26/><E49/><V125/><F125/><W28/><G28/><T109/><D109/><U25/><REACH who="1" step="1"/><E29/><REACH who="1" ten="265,225,265,235" step="2"/><V59/><F127/><W115/><G115/><T126/><D126/><U128/><E128/><V7/><F43/><W69/><G69/><T13/><D13/><U86/><AGARI ba="1,1" hai="20,22,23,24,25,26,56,58,79,82,86,91,95,98" machi="86" ten="30,7900,0" yaku="1,1,0,1,8,1,52,1,53,0" doraHai="80" doraHaiUra="121" who="1" fromWho="1" sc="265,-40,225,92,265,-21,235,-21" /><INIT seed="1,0,0,4,4,72" ten="225,317,244,214" oya="1" hai0="112,118,127,128,97,89,14,52,9,116,132,12,15" hai1="29,125,107,106,79,129,100,1,131,10,16,69,42" hai2="66,47,13,61,104,31,108,93,5,6,74,49,130" hai3="87,39,7,76,78,120,48,36,23,94,86,117,18"/><U98/><E69/><V11/><F104/><W45/><G120/><T102/><D112/><U2/><E42/><V124/><F108/><W33/><G33/><T71/><D71/><U96/><E125/><V119/><F119/><W70/><G70/><T19/><D127/><U68/><E68/><V32/><F124/><W77/><G117/><T38/><D38/><U20/><E29/><V21/><F130/><N who="1" m="49673" /><E79/><V99/><F74/><W84/><G7/><T25/><D128/><U57/><E57/><N who="2" m="37167" /><F32/><W85/><G85/><T53/><D132/><U43/><E43/><N who="2" m="24831" /><F21/><W55/><REACH who="3" step="1"/><G94/><REACH who="3" ten="225,317,244,204" step="2"/><N who="0" m="58679" /><D118/><U101/><E10/><V114/><F114/><W0/><G0/><T105/><D116/><U75/><E75/><V88/><F31/><W103/><G103/><T50/><D9/><U44/><E44/><V27/><F27/><AGARI ba="0,1" hai="18,23,27,36,39,45,48,55,76,77,78,84,86,87" machi="27" ten="40,8000,1" yaku="1,1,52,3,53,0" doraHai="72" doraHaiUra="35" who="3" fromWho="2" sc="225,0,317,0,244,-80,204,90" /><AGARI ba="0,0" hai="1,2,16,20,27,96,98,100,101,106,107" m="49673" machi="27" ten="30,2900,0" yaku="19,1,54,1" doraHai="72" who="1" fromWho="2" sc="225,0,317,29,164,-29,294,0" /><INIT seed="1,1,0,5,4,131" ten="225,346,135,294" oya="1" hai0="75,0,19,33,46,122,10,103,93,115,66,35,20" hai1="70,110,79,36,29,135,88,85,28,1,13,96,69" hai2="67,37,22,77,102,84,90,81,30,87,38,74,76" hai3="39,73,104,32,126,2,42,109,4,16,51,97,56"/><U45/><E1/><V64/><F102/><W114/><G73/><T83/><D115/><U40/><E110/><V124/><F124/><W12/><G32/><T34/><D122/><U133/><E79/><V134/><F74/><W5/><G114/><T113/><D113/><U59/><E59/><V14/><F30/><N who="1" m="11881" /><E96/><V72/><F72/><W116/><G2/><T43/><D66/><U100/><E13/><V57/><F57/><W94/><G104/><T111/><D111/><U65/><E100/><V86/><F14/><W132/><G126/><T53/><D53/><U119/><E65/><V128/><F86/><W68/><G68/><T95/><D103/><U82/><E119/><V9/><F128/><W125/><G116/><T71/><D71/><U92/><E82/><V117/><F117/><W105/><G105/><T106/><D83/><U89/><E89/><V112/><F112/><W101/><G39/><T26/><D106/><U120/><E120/><V130/><F81/><W6/><G109/><T21/><D75/><U123/><E123/><V80/><F80/><W49/><G56/><T107/><D107/><U44/><E44/><V54/><F130/><W48/><G42/><T7/><REACH who="0" step="1"/><D21/><REACH who="0" ten="215,346,135,294" step="2"/><U17/><E70/><V8/><F22/><N who="3" m="11527" /><G125/><T41/><D41/><U27/><E69/><V121/><F121/><W129/><G129/><T31/><D31/><U108/><E108/><V78/><F54/><W58/><G58/><T118/><D118/><U62/><E62/><V15/><F77/><W23/><G23/><T55/><D55/><U18/><E27/><V60/><F78/><RYUUKYOKU ba="1,1" sc="215,10,346,10,135,-30,294,10" hai0="0,7,10,19,20,26,33,34,35,43,46,93,95" hai1="17,18,36,40,45,85,88,92,133,135" hai3="4,5,6,48,49,51,94,97,101,132" /><INIT seed="1,2,1,3,4,44" ten="225,356,105,304" oya="1" hai0="106,76,9,95,43,45,61,72,4,52,32,131,114" hai1="55,96,82,98,107,21,104,75,34,126,92,30,48" hai2="97,71,69,50,7,132,108,84,41,121,16,109,63" hai3="122,19,13,120,134,74,0,14,18,110,64,103,2"/><U11/><E34/><V5/><F121/><W25/><G103/><T128/><D106/><U90/><E126/><V70/><F132/><W39/><G64/><T87/><D32/><U17/><E30/><V68/><N who="2" m="17408" /><DORA hai="115" /><V10/><F63/><W60/><G60/><T130/><D114/><U101/><E11/><V116/><F97/><W86/><G86/><T123/><D72/><U49/><E104/><V28/><F28/><W79/><G79/><T1/><D123/><U23/><E23/><V66/><F66/><W26/><G39/><T88/><D76/><U81/><E75/><V102/><F102/><W51/><G51/><N who="0" m="28783" /><D61/><U3/><E49/><V77/><F116/><W125/><G74/><T113/><D113/><U105/><E3/><V58/><F84/><W46/><G46/><T53/><D53/><U47/><REACH who="1" step="1"/><E105/><REACH who="1" ten="225,346,105,304" step="2"/><V42/><F77/><W57/><G125/><T85/><D43/><U111/><E111/><N who="2" m="42571" /><F42/><W59/><G110/><T94/><D131/><U31/><E31/><V93/><F41/><W91/><G134/><T8/><D130/><U127/><E127/><V36/><F36/><W67/><G120/><T65/><D9/><U27/><AGARI ba="2,2" hai="17,21,27,47,48,55,81,82,90,92,96,98,101,107" machi="27" ten="20,7800,0" yaku="1,1,0,1,7,1,52,1,53,0" doraHai="44,115" doraHaiUra="119,62" who="1" fromWho="1" sc="225,-28,346,104,105,-28,304,-28" /><INIT seed="1,3,0,4,3,101" ten="197,450,77,276" oya="1" hai0="16,63,103,62,58,37,130,77,72,21,111,39,110" hai1="41,85,51,106,129,24,0,119,99,93,40,117,54" hai2="84,67,32,44,113,70,107,13,53,94,48,90,89" hai3="133,98,60,121,116,30,134,9,52,38,100,57,2"/><U81/><E0/><V15/><F32/><W75/><G75/><T36/><D130/><U122/><E106/><V88/><F113/><W14/><G121/><T74/><D103/><N who="1" m="60911" /><E122/><V19/><F107/><N who="3" m="63895" /><G38/><T59/><D77/><N who="1" m="46255" /><E129/><V4/><F70/><W80/><G80/><T50/><D50/><U42/><E119/><V91/><F67/><W132/><G30/><T96/><D96/><U118/><E118/><V114/><F114/><W83/><G83/><T35/><D35/><U56/><E117/><V115/><F115/><W102/><G102/><T27/><D63/><N who="1" m="36247" /><E24/><V8/><REACH who="2" step="1"/><F91/><REACH who="2" ten="197,450,67,276" step="2"/><W12/><G116/><T108/><D59/><U25/><E25/><V7/><F7/><AGARI ba="3,1" hai="2,7,9,12,14,52,57,60,132,133,134" m="63895" machi="7" ten="30,3900,0" yaku="20,1,52,1,54,1" doraHai="101" who="3" fromWho="2" sc="197,0,450,0,67,-48,276,58" /><INIT seed="2,0,0,5,2,43" ten="197,450,19,334" oya="2" hai0="123,124,57,63,25,135,51,73,38,2,122,88,37" hai1="77,6,41,97,54,108,47,15,39,99,133,34,68" hai2="93,23,62,96,82,20,126,104,19,0,44,127,27" hai3="12,112,26,132,87,116,109,55,11,83,16,117,118"/><V101/><F0/><W10/><G109/><T5/><D73/><U28/><E68/><V48/><F82/><W79/><G132/><T3/><D135/><U70/><E70/><V131/><F131/><W100/><G112/><T40/><D25/><U85/><E34/><V7/><F7/><W115/><G115/><T125/><D88/><U18/><E28/><V64/><F23/><W49/><G100/><T106/><D106/><U59/><E6/><V119/><F119/><W36/><G36/><N who="0" m="13931" /><D5/><U31/><E108/><V69/><REACH who="2" step="1"/><F104/><REACH who="2" ten="197,450,9,334" step="2"/><W75/><G118/><T53/><D3/><U128/><E133/><V134/><F134/><W67/><G117/><T61/><D2/><U102/><E128/><V30/><F30/><W60/><G116/><T74/><D74/><U81/><E31/><V89/><F89/><W111/><G111/><T17/><D17/><U120/><E102/><V24/><F24/><W42/><G75/><T13/><D13/><U130/><E130/><V22/><F22/><W14/><G26/><T78/><D78/><U1/><E1/><V8/><F8/><W90/><G14/><T4/><D4/><U121/><E15/><V32/><F32/><W114/><G11/><T84/><D123/><N who="1" m="47179" /><E18/><V50/><F50/><AGARI ba="0,1" hai="39,41,47,50,54,59,77,81,85,97,99" m="47179" machi="50" ten="30,2000,0" yaku="13,1,52,1" doraHai="43" who="1" fromWho="2" sc="197,0,450,30,9,-20,334,0" owari="197,-20.3,480,58.0,-11,-51.1,334,13.4" /></mjloggm>