<mjloggm ver="2.3"><GO type="225" lobby="0"/><UN n0="%E6%98%93%E5%88%A9%E8%96%A9%E4%BC%AF" n1="%E3%82%B7%E3%83%88%E3%83%AD%E3%82%A8%E3%83%B3%E3%81%AE%E5%AD%A4%E7%8B%AC" n2="%E8%A8%88%E7%AE%97%E6%A9%9F%E8%87%AA%E7%84%B6" n3="%4B%2E%32%2E%4B%2E" dan="16,16,17,16" rate="2119.01,2143.11,2118.50,2169.82" sx="F,F,M,M"/><TAIKYOKU oya="0"/><INIT seed="0,0,0,5,3,127" ten="250,250,250,250" oya="0" hai0="11,31,112,4,93,80,35,38,119,96,129,135,72" hai1="58,6,79,27,132,64,76,104,123,114,98,90,59" hai2="12,20,122,34,78,60,99,85,116,97,46,25,42" hai3="82,15,100,108,131,7,115,47,36,55,110,118,13"/><T125/><D112/><U62/><E123/><V130/><F122/><W23/><G115/><T33/><D119/><U111/><E114/><V48/><F116/><W83/><G118/><T133/><D38/><U124/><E111/><N who="3" m="42538" /><G100/><T74/><D125/><U87/><E124/><V69/><F34/><W30/><G131/><T16/><D4/><U92/><E132/><N who="0" m="50761" /><D80/><N who="3" m="30761" /><G7/><T8/><D8/><U67/><E6/><V1/><F130/><W107/><G107/><T102/><D129/><U73/><E73/><N who="0" m="28265" /><D31/><U68/><E27/><V5/><F25/><N who="3" m="16703" /><G55/><T105/><D105/><U40/><E40/><AGARI ba="0,0" hai="13,15,36,40,47" m="16703,30761,42538" machi="40" ten="30,1000,0" yaku="14,1" doraHai="127" who="3" fromWho="1" sc="250,0,250,-10,250,0,250,10" /><INIT seed="1,0,0,3,4,46" ten="250,240,250,260" oya="1" hai0="76,79,110,16,130,92,131,135,0,43,71,101,24" hai1="33,77,30,128,38,1,45,84,68,123,118,7,3" hai2="52,97,102,109,37,112,88,126,50,11,121,89,86" hai3="95,27,105,63,104,114,117,53,134,91,18,21,87"/><U47/><E118/><V80/><F121/><W10/><G114/><T19/><D0/><U127/><E123/><V108/><F37/><W64/><G134/><T36/><D71/><U44/><E68/><V81/><F112/><W96/><G117/><T133/><D110/><N who="2" m="42602" /><F11/><W58/><G10/><T41/><D92/><U129/><E127/><V60/><F60/><W39/><G39/><T70/><D36/><U28/><E38/><V85/><F126/><W111/><G111/><T107/><D107/><U17/><E17/><N who="0" m="6729" /><D24/><N who="1" m="18567" /><E30/><V125/><F125/><W5/><G5/><T54/><D54/><U8/><E77/><N who="0" m="29769" /><D101/><U73/><E73/><V115/><F115/><W34/><G34/><T62/><D62/><U51/><E84/><N who="2" m="32363" /><F80/><W26/><G26/><T42/><D70/><U98/><E98/><V100/><F81/><W66/><REACH who="3" step="1"/><G87/><REACH who="3" ten="250,240,250,250" step="2"/><T9/><D9/><U48/><E1/><V113/><F113/><W32/><G32/><T15/><D15/><U120/><E120/><V124/><F124/><W132/><G132/><AGARI ba="0,1" hai="41,42,43,130,131,132,133,135" m="29769,6729" machi="132" ten="40,8000,1" yaku="28,2,20,1,54,1" doraHai="46" who="0" fromWho="3" sc="250,90,240,0,250,0,250,-80" /><INIT seed="2,0,0,4,4,117" ten="340,240,250,170" oya="2" hai0="111,17,121,101,94,100,76,49,38,62,77,53,63" hai1="12,3,46,1,47,87,129,108,105,54,93,61,118" hai2="45,11,19,10,9,59,41,97,90,18,22,55,112" hai3="124,70,113,85,0,50,84,68,24,33,81,14,89"/><V116/><F112/><W92/><G0/><T80/><D38/><U25/><E118/><V75/><F75/><W36/><G36/><T66/><D121/><U48/><E105/><V40/><F116/><W57/><G124/><T30/><D30/><U134/><E108/><V109/><F109/><W64/><G113/><T132/><D132/><U79/><E134/><V34/><F34/><W135/><G135/><T82/><D17/><U83/><E129/><V133/><F133/><W42/><G42/><T110/><D94/><U69/><E25/><V6/><F6/><W95/><G14/><T13/><D13/><U43/><E12/><V91/><F97/><W15/><G15/><T58/><D110/><U2/><E93/><V120/><F120/><W115/><G115/><T26/><D26/><U99/><E99/><V56/><F10/><W130/><G130/><T88/><D88/><U31/><E31/><V27/><F27/><W107/><G107/><T126/><D126/><U125/><E125/><V51/><F51/><W60/><G50/><T7/><D7/><U102/><E102/><V44/><REACH who="2" step="1"/><F55/><REACH who="2" ten="340,240,240,170" step="2"/><W98/><G98/><T65/><D111/><U37/><E37/><V86/><F86/><W21/><G33/><T96/><D96/><U78/><E54/><V127/><F127/><W114/><G114/><T29/><D49/><U20/><E48/><V23/><AGARI ba="0,1" hai="9,11,18,19,22,23,40,41,44,45,56,59,90,91" machi="23" ten="25,12000,1" yaku="1,1,0,1,22,2,8,1,53,0" doraHai="117" doraHaiUra="128" who="2" fromWho="2" sc="340,-40,240,-40,240,130,170,-40" /><INIT seed="2,1,0,1,4,104" ten="300,200,370,130" oya="2" hai0="31,66,68,38,27,5,63,51,1,100,59,103,119" hai1="78,72,37,45,74,95,127,133,17,129,126,44,39" hai2="47,28,67,15,83,26,42,43,33,36,7,81,125" hai3="132,20,4,135,101,110,115,113,128,41,13,46,23"/><V22/><F125/><N who="1" m="47625" /><E129/><V86/><F67/><W50/><G101/><T85/><D38/><N who="1" m="14347" /><E133/><N who="3" m="51274" /><G128/><T48/><D119/><U79/><E95/><V108/><F42/><W120/><G120/><T53/><D51/><U3/><E17/><V93/><F108/><W40/><G110/><T106/><D85/><U96/><E96/><V18/><F93/><W89/><G89/><T105/><D106/><U65/><E65/><V107/><F107/><W84/><G84/><T80/><D80/><U111/><E3/><V30/><F30/><W58/><G58/><T102/><D1/><U54/><E111/><V60/><F60/><W71/><G71/><T9/><D105/><U121/><E121/><V99/><F99/><W52/><G41/><T131/><D131/><U29/><E29/><V116/><F28/><W56/><G56/><T134/><D134/><U122/><E122/><V61/><F43/><W123/><G123/><T57/><D68/><U14/><E14/><V82/><F15/><W6/><G40/><T77/><D77/><N who="1" m="29195" /><E54/><V0/><F0/><W62/><G62/><T24/><D31/><U87/><E87/><V32/><F61/><W12/><G13/><N who="0" m="5295" /><D103/><U8/><E8/><V73/><F86/><W69/><G69/><T16/><D102/><U34/><E34/><V92/><F32/><W70/><G70/><T75/><D100/><U94/><E94/><V91/><F92/><W124/><G124/><T98/><D98/><U19/><E19/><V130/><F130/><W114/><G12/><T35/><D66/><U21/><E21/><AGARI ba="1,0" hai="4,6,20,21,23,46,50,52,113,114,115" m="51274" machi="21" ten="40,5200,0" yaku="11,1,20,1,54,1" doraHai="104" who="3" fromWho="1" sc="300,0,200,-55,370,0,130,55" /><INIT seed="3,0,0,4,1,37" ten="300,145,370,185" oya="3" hai0="130,30,11,99,63,25,132,101,17,98,76,35,106" hai1="27,80,119,19,92,47,95,66,57,54,118,51,88" hai2="10,44,23,100,59,135,29,53,120,9,69,67,65" hai3="121,122,39,5,105,125,128,129,18,50,90,61,20"/><W12/><G39/><T6/><D130/><N who="3" m="50281" /><G105/><T14/><D132/><U26/><E118/><V84/><F69/><W7/><G125/><T96/><D76/><U36/><E119/><V58/><F100/><W8/><G61/><T133/><D133/><U102/><E102/><V15/><F120/><N who="3" m="46187" /><G90/><T62/><D62/><U93/><E19/><V68/><F68/><W32/><G50/><T94/><D94/><U41/><REACH who="1" step="1"/><E66/><REACH who="1" ten="300,135,370,185" step="2"/><V87/><F65/><W4/><G32/><T108/><D108/><U52/><E52/><V42/><F53/><W38/><G38/><T115/><D115/><U73/><E73/><V134/><F67/><W2/><AGARI ba="0,1" hai="2,4,5,7,8,12,18,20" m="46187,50281" machi="2" ten="30,6000,0" yaku="19,1,34,2" doraHai="37" who="3" fromWho="3" sc="300,-20,135,-20,370,-20,185,70" /><INIT seed="3,1,0,0,5,16" ten="280,115,350,255" oya="3" hai0="59,129,96,75,57,63,66,8,87,27,84,49,7" hai1="70,113,22,114,120,52,100,85,3,32,40,99,46" hai2="98,91,68,123,42,72,74,6,43,36,102,53,41" hai3="81,37,1,2,26,20,112,12,127,38,19,51,0"/><W69/><G112/><T28/><D75/><U54/><E120/><V109/><F36/><W104/><G104/><T90/><D129/><U14/><E32/><V73/><F68/><W50/><G69/><T25/><D96/><U34/><E34/><V60/><F109/><W10/><G127/><T24/><D49/><U116/><E116/><V125/><F6/><W93/><G38/><T13/><D59/><U83/><E70/><V67/><F91/><W29/><G37/><T48/><D48/><U88/><E3/><V131/><F53/><W9/><G9/><T18/><D28/><U31/><E113/><V106/><F131/><W56/><G81/><N who="0" m="49423" /><D87/><U45/><E114/><V97/><F97/><W23/><G93/><T17/><AGARI ba="1,0" hai="7,8,13,17,18,24,25,27,57,63,66" m="49423" machi="17" ten="30,1100,0" yaku="8,1" doraHai="16" who="0" fromWho="0" sc="280,14,115,-4,350,-4,255,-6" owari="294,9.4,111,-38.9,346,44.6,249,-15.1" /></mjloggm>