<mjloggm ver="2.3"><GO type="225" lobby="0"/><UN n0="%E5%B8%86%E7%AB%8B%E5%A4%8F%E8%A1%A3" n1="%55%E3%81%A3%E3%81%A1" n2="%E3%82%8F%E3%81%8B%E3%81%B0%2A%E3%82%AC%E3%83%BC%E3%83%AB" n3="%E3%81%BF%E3%81%BF%E3%81%9A" dan="17,16,16,17" rate="2252.25,2098.42,2194.06,2268.42" sx="M,M,M,M"/><TAIKYOKU oya="0"/><INIT seed="0,0,0,5,3,54" ten="250,250,250,250" oya="0" hai0="19,39,68,98,27,41,0,31,55,129,93,24,60" hai1="85,35,74,123,42,89,130,87,76,71,111,10,91" hai2="114,103,52,72,3,48,63,121,36,82,88,17,40" hai3="109,117,75,47,14,131,43,135,80,115,12,32,33"/><T1/><D129/><U13/><E123/><V90/><F121/><W61/><G115/><T107/><D39/><U58/><E35/><V22/><F3/><W56/><G117/><T77/><D41/><U7/><E71/><V105/><F114/><W46/><G109/><T9/><D77/><U102/><E111/><V120/><F120/><W16/><G135/><T26/><D31/><U18/><E130/><V99/><F63/><W53/><G12/><T69/><D107/><U8/><E102/><V67/><F67/><W100/><G100/><T21/><D68/><U44/><E74/><V29/><F29/><W95/><G95/><T11/><D1/><U134/><E134/><V132/><F132/><W122/><G122/><T59/><D69/><U34/><E34/><V104/><F104/><W118/><G46/><T28/><D0/><U113/><E113/><V92/><F40/><W81/><G118/><T79/><D79/><U126/><E126/><V127/><F36/><W15/><G15/><N who="0" m="9471" /><D28/><U124/><E124/><V112/><F112/><W73/><G131/><T106/><D106/><U2/><E76/><N who="2" m="44295" /><F127/><W23/><G75/><T38/><D38/><U119/><E119/><V62/><F62/><W64/><G73/><T6/><D6/><U78/><E78/><V5/><F5/><W49/><G32/><T50/><D60/><U25/><E2/><V133/><F133/><W51/><G33/><T20/><D20/><U128/><E7/><V70/><F70/><W108/><G108/><T84/><D98/><U110/><E110/><V37/><F37/><W116/><G116/><RYUUKYOKU ba="0,0" sc="250,15,250,-15,250,-15,250,15" hai0="9,11,24,26,27,50,55,59,84,93" hai3="14,16,23,43,47,49,51,53,56,61,64,80,81" /><INIT seed="0,1,0,3,4,96" ten="265,235,235,265" oya="0" hai0="52,0,2,92,46,75,29,113,57,23,133,82,95" hai1="44,55,86,30,36,21,64,72,115,102,14,80,69" hai2="58,125,32,19,49,107,84,50,35,47,135,128,83" hai3="13,71,5,65,38,104,79,100,130,114,93,25,97"/><T88/><D113/><U120/><E120/><V76/><F128/><W90/><G114/><T1/><D133/><U111/><E111/><V31/><F135/><W48/><G130/><T34/><D34/><U129/><E129/><V77/><F125/><W56/><G38/><T41/><D29/><U18/><E72/><V15/><F107/><W81/><G25/><T60/><D23/><U9/><E115/><V101/><F76/><W126/><G126/><T117/><D117/><U66/><E69/><V134/><F134/><W105/><G71/><T91/><D75/><U112/><E112/><V110/><F110/><W12/><G5/><T106/><D106/><U94/><E36/><V109/><F109/><W45/><G105/><T78/><D78/><U4/><E30/><V53/><F31/><W3/><G3/><T123/><D123/><U6/><E44/><V42/><REACH who="2" step="1"/><F101/><REACH who="2" ten="265,235,225,265" step="2"/><W118/><G118/><T85/><REACH who="0" step="1"/><D91/><REACH who="0" ten="255,235,225,265" step="2"/><U39/><E39/><AGARI ba="1,2" hai="0,1,2,39,41,46,52,57,60,82,85,88,92,95" machi="39" ten="40,12000,1" yaku="1,1,2,1,54,2,53,1" doraHai="96" doraHaiUra="40" who="0" fromWho="1" sc="255,143,235,-123,225,0,265,0" /><INIT seed="0,2,0,0,5,50" ten="398,112,225,265" oya="0" hai0="53,116,21,45,103,107,61,56,68,104,112,41,25" hai1="117,120,79,134,30,73,22,127,66,90,28,14,78" hai2="110,3,12,20,109,42,102,54,75,82,119,115,98" hai3="0,114,84,74,132,87,69,58,31,131,128,18,123"/><T125/><D112/><U67/><E117/><V51/><F115/><W43/><G114/><T5/><D116/><U60/><E120/><V38/><F3/><W108/><G69/><T93/><D125/><U96/><E134/><V126/><F119/><W130/><G74/><T27/><D5/><U81/><E127/><V121/><F121/><W1/><G123/><T46/><D68/><U40/><E40/><V17/><F126/><W111/><G132/><T88/><D103/><U133/><E133/><V7/><F7/><W76/><G31/><T80/><D80/><U72/><E67/><V100/><F42/><W97/><G97/><T34/><D34/><U65/><E65/><V4/><F4/><W101/><G101/><T71/><D27/><U6/><E78/><N who="2" m="44383" /><F98/><W13/><G43/><T39/><D46/><U10/><E73/><V135/><F38/><W99/><G99/><T33/><D33/><U113/><E22/><V29/><F29/><W37/><G37/><T2/><D2/><N who="3" m="1129" /><G76/><T36/><D36/><U24/><E24/><V44/><F135/><W57/><G84/><T62/><D71/><U52/><E113/><V83/><F83/><W70/><G87/><T129/><D129/><N who="3" m="33025" /><W48/><DORA hai="106" /><G70/><T47/><D107/><U124/><E124/><V23/><F23/><N who="3" m="11727" /><G57/><T55/><D104/><U8/><E66/><V77/><F77/><W105/><G105/><T15/><D56/><U122/><E122/><V64/><F64/><W59/><G58/><T91/><D41/><U95/><E8/><V92/><F92/><W32/><G32/><T94/><D39/><RYUUKYOKU ba="2,0" sc="398,-30,112,10,225,10,265,10" hai1="6,10,14,28,30,52,60,72,79,81,90,95,96" hai2="12,17,20,44,51,54,100,102,109,110" hai3="48,59,108,111" /><INIT seed="1,3,0,1,0,71" ten="368,122,235,275" oya="1" hai0="133,5,17,32,3,56,96,112,31,126,7,78,55" hai1="6,124,69,90,14,9,117,99,30,134,81,53,61" hai2="64,86,83,127,37,0,23,73,97,58,42,74,116" hai3="115,132,21,16,25,68,44,15,13,38,129,110,48"/><U76/><E117/><V65/><F116/><W57/><G115/><T29/><D112/><U123/><E123/><V8/><F127/><W67/><G110/><T79/><D126/><U125/><E134/><V66/><F97/><W43/><G132/><T130/><D130/><U92/><E30/><V54/><F23/><W128/><G13/><T87/><D133/><U106/><E106/><V102/><F102/><W4/><G4/><N who="0" m="1611" /><D32/><U60/><E60/><V47/><F8/><W26/><G26/><T22/><D96/><U95/><E95/><V63/><REACH who="2" step="1"/><F0/><REACH who="2" ten="368,122,225,275" step="2"/><W114/><G114/><T12/><D3/><U24/><E24/><V100/><F100/><W10/><G10/><T19/><D19/><U33/><E33/><V34/><F34/><W109/><G109/><T82/><D79/><AGARI ba="3,1" hai="37,42,47,54,58,63,64,65,66,73,74,79,83,86" machi="79" ten="40,5200,0" yaku="1,1,52,1,53,1" doraHai="71" doraHaiUra="50" who="2" fromWho="0" sc="368,-61,122,0,225,71,275,0" /><INIT seed="2,0,0,2,4,30" ten="307,122,296,275" oya="2" hai0="9,110,12,106,93,35,31,51,89,123,13,79,94" hai1="122,120,88,45,121,81,32,60,66,27,109,118,67" hai2="61,46,76,62,126,102,25,131,22,133,39,84,8" hai3="53,4,33,36,82,107,10,49,37,74,24,70,58"/><V42/><F126/><W2/><G107/><T75/><D106/><U97/><E118/><V54/><F131/><W135/><G70/><T65/><D110/><U104/><E104/><V134/><F102/><W132/><G74/><T101/><D123/><U40/><E109/><V7/><F76/><W114/><G82/><T23/><D35/><U55/><E55/><V41/><F84/><W85/><G85/><N who="0" m="52399" /><D75/><U73/><E73/><V38/><F42/><W92/><G92/><T80/><D65/><U99/><E99/><V98/><F98/><W83/><G83/><T43/><D80/><U29/><E60/><V69/><F38/><W50/><G50/><T52/><D43/><U71/><E71/><V127/><F127/><W128/><G128/><T28/><D79/><U100/><E100/><V17/><F54/><W34/><G114/><T111/><D111/><U72/><E72/><V1/><REACH who="2" step="1"/><F69/><REACH who="2" ten="307,122,286,275" step="2"/><W26/><G37/><T48/><D101/><U86/><REACH who="1" step="1"/><E97/><REACH who="1" ten="307,112,286,275" step="2"/><V19/><F19/><W125/><G125/><T11/><D94/><U108/><E108/><V130/><F130/><W112/><G112/><T124/><D124/><U21/><E21/><V129/><F129/><W59/><G53/><T20/><D20/><U47/><E47/><V6/><F6/><W15/><G4/><N who="0" m="3111" /><D23/><U95/><E95/><V113/><F113/><W63/><G33/><T14/><D52/><U5/><E5/><V78/><F78/><W96/><G34/><T116/><D116/><U87/><E87/><V77/><F77/><W91/><G96/><T0/><D11/><U115/><E115/><RYUUKYOKU ba="0,2" sc="307,-15,112,15,286,15,275,-15" hai1="27,29,32,40,45,66,67,81,86,88,120,121,122" hai2="1,7,8,17,22,25,39,41,46,61,62,133,134" /><INIT seed="2,1,2,3,4,20" ten="292,127,301,260" oya="2" hai0="30,73,60,94,108,1,86,35,34,4,131,33,0" hai1="99,65,72,97,84,54,103,55,23,124,101,110,95" hai2="123,115,25,24,125,135,105,37,89,46,98,71,8" hai3="3,16,14,134,78,88,133,128,31,81,82,59,126"/><V100/><F115/><W29/><G3/><T91/><D108/><U76/><E110/><V42/><F123/><W49/><G128/><T67/><D131/><U22/><E124/><V109/><F125/><W83/><G126/><T90/><D73/><U56/><E72/><V19/><F109/><W48/><G78/><T18/><D30/><N who="3" m="11273" /><G59/><T132/><D132/><N who="3" m="50793" /><G88/><T43/><D43/><U21/><E65/><V127/><F135/><W45/><G45/><T62/><D4/><U61/><E61/><V40/><F127/><W63/><G63/><T96/><D18/><U75/><E75/><V120/><F120/><W38/><G38/><T28/><D28/><U66/><E66/><V52/><F71/><W6/><G6/><T7/><D7/><U69/><E69/><V57/><F89/><W58/><G58/><T50/><D50/><U9/><E56/><V92/><F40/><W2/><G2/><T11/><D62/><U111/><E111/><V102/><F102/><W41/><G41/><T13/><D60/><U107/><REACH who="1" step="1"/><E9/><AGARI ba="1,2" hai="9,14,16,48,49,81,82,83" m="50793,11273" machi="9" ten="30,2000,0" yaku="20,1,54,1" doraHai="20" who="3" fromWho="1" sc="292,0,127,-23,301,0,260,43" /><INIT seed="3,0,0,3,5,15" ten="292,104,301,303" oya="3" hai0="98,118,124,49,103,60,55,132,19,125,108,114,62" hai1="37,64,97,10,65,29,36,43,71,107,79,96,68" hai2="56,83,126,131,105,44,38,104,13,129,6,90,113" hai3="0,45,4,11,52,3,28,23,92,106,30,61,39"/><W123/><G106/><N who="0" m="63863" /><D118/><U46/><E29/><V34/><F113/><W8/><G123/><T76/><D114/><U63/><E79/><V58/><F126/><N who="0" m="48746" /><D108/><U57/><E10/><N who="2" m="4311" /><F34/><W18/><G39/><N who="1" m="14922" /><E96/><V81/><F44/><W41/><G41/><T130/><D130/><N who="2" m="49674" /><F38/><W50/><G61/><N who="0" m="23659" /><D132/><U127/><E97/><V89/><F104/><W116/><G116/><T16/><D76/><U32/><E107/><V1/><F1/><W20/><G92/><T94/><D94/><U51/><E32/><V72/><F105/><W22/><G18/><T115/><D115/><U42/><E127/><V135/><F135/><W128/><G128/><T78/><D78/><U17/><E17/><V75/><F81/><W88/><G88/><N who="2" m="33897" /><F83/><W134/><G134/><T48/><D48/><U86/><E86/><V25/><F25/><W99/><G99/><T47/><AGARI ba="0,0" hai="16,19,47,49,55" m="23659,48746,63863" machi="47" ten="30,7900,0" yaku="18,1,52,2,54,1" doraHai="15" who="0" fromWho="0" sc="292,79,104,-20,301,-20,303,-39" owari="371,47.1,84,-41.6,281,8.1,264,-13.6" /></mjloggm>