<mjloggm ver="2.3"><GO type="225" lobby="0"/><UN n0="%E5%91%A8%E6%9D%B1" n1="%E7%87%90%2E%2E" n2="%33%74%72%65%65" n3="%E7%9A%AE%E3%80%85" dan="17,16,16,16" rate="2262.93,2142.22,2151.31,2079.36" sx="M,M,F,F"/><TAIKYOKU oya="0"/><INIT seed="0,0,0,0,4,114" ten="250,250,250,250" oya="0" hai0="12,26,21,56,4,1,17,92,63,101,97,37,129" hai1="113,103,40,62,84,46,25,58,110,13,99,104,88" hai2="78,96,120,102,28,6,55,22,132,18,44,65,64" hai3="43,51,77,50,31,126,11,59,105,14,52,41,19"/><T124/><D37/><U34/><E110/><V130/><F120/><W69/><G69/><T29/><D129/><U135/><E135/><V27/><F132/><W75/><G105/><T90/><D124/><U117/><E117/><V125/><F125/><W80/><G126/><T115/><D115/><U38/><E113/><V5/><F130/><W33/><G33/><T53/><D1/><U85/><E85/><V9/><F78/><W73/><G31/><T39/><D39/><U54/><E13/><N who="2" m="7471" /><F102/><W49/><REACH who="3" step="1"/><G75/><REACH who="3" ten="250,250,250,240" step="2"/><T74/><D74/><U86/><E34/><V106/><F106/><W47/><G47/><T79/><D79/><U121/><E121/><V128/><F128/><W87/><G87/><T116/><D116/><U61/><E86/><V134/><F134/><W83/><G83/><T94/><D4/><N who="2" m="1642" /><F96/><W7/><G7/><T76/><D76/><U98/><E99/><V70/><F70/><W48/><AGARI ba="0,1" hai="11,14,19,41,43,48,49,50,51,52,59,73,77,80" machi="48" ten="30,4000,0" yaku="1,1,0,1,54,1,53,0" doraHai="114" doraHaiUra="122" who="3" fromWho="3" sc="250,-20,250,-10,250,-10,240,50" /><INIT seed="1,0,0,3,0,104" ten="230,240,240,290" oya="1" hai0="75,88,21,64,99,133,13,101,38,65,116,98,70" hai1="48,28,85,2,55,45,100,123,119,87,62,58,39" hai2="32,113,35,60,33,72,41,78,3,10,83,63,128" hai3="7,17,135,95,109,31,8,131,89,97,49,118,47"/><U6/><E123/><V23/><F128/><W105/><G105/><T36/><D116/><U73/><E73/><V68/><F113/><W61/><G118/><T82/><D133/><U26/><E119/><V67/><F41/><W76/><G135/><T106/><D70/><U44/><E39/><V92/><F60/><W0/><G131/><T110/><D110/><U66/><E45/><V107/><F107/><W129/><G129/><T15/><D38/><U125/><E125/><V94/><REACH who="2" step="1"/><F23/><REACH who="2" ten="230,240,230,290" step="2"/><W90/><G109/><T9/><D21/><U111/><E111/><V77/><F77/><W1/><G76/><T91/><D106/><U121/><E121/><V96/><F96/><W18/><G97/><T22/><D22/><U130/><E130/><V114/><F114/><W80/><G8/><T19/><D9/><U103/><E6/><AGARI ba="0,1" hai="3,6,10,32,33,35,63,67,68,72,78,83,92,94" machi="6" ten="40,2600,0" yaku="1,1,52,1,53,0" doraHai="104" doraHaiUra="71" who="2" fromWho="1" sc="230,0,240,-26,230,36,290,0" /><INIT seed="2,0,0,1,5,130" ten="230,214,266,290" oya="2" hai0="55,15,53,32,133,17,41,56,117,45,80,101,52" hai1="125,23,95,58,109,25,84,134,50,127,40,83,35" hai2="66,33,1,131,42,36,46,78,103,28,105,67,5" hai3="124,11,22,7,79,87,31,64,54,102,27,97,104"/><V123/><F123/><W48/><G124/><N who="1" m="47690" /><E35/><V107/><F131/><W100/><G100/><T16/><D32/><U112/><E112/><V9/><F103/><W77/><G87/><T20/><D117/><U19/><E109/><V69/><F78/><W85/><G85/><T39/><D101/><U86/><E95/><V29/><F29/><W76/><G64/><T92/><D92/><U89/><E86/><V47/><F47/><W65/><G65/><T73/><D133/><U51/><E40/><V118/><F67/><W106/><G106/><T0/><D0/><U71/><E71/><V49/><F49/><N who="1" m="18441" /><E58/><V62/><F118/><W37/><G37/><T115/><D115/><U114/><E114/><V4/><F4/><W57/><G77/><T44/><D44/><U88/><E89/><V10/><F10/><W61/><G61/><BYE who="3" /><T38/><D38/><U81/><E81/><V129/><F129/><W72/><G72/><T60/><REACH who="0" step="1"/><D17/><REACH who="0" ten="220,214,266,290" step="2"/><U26/><E134/><V24/><AGARI ba="0,1" hai="1,5,9,24,28,33,36,42,46,62,66,69,105,107" machi="24" ten="30,11700,0" yaku="0,1,33,3" doraHai="130" who="2" fromWho="2" sc="220,-39,214,-39,266,127,290,-39" /><INIT seed="2,1,0,3,4,110" ten="181,175,393,251" oya="2" hai0="4,22,12,85,60,87,40,24,134,96,79,115,75" hai1="135,44,124,71,50,29,48,54,64,103,130,3,77" hai2="56,122,58,114,127,72,129,69,18,45,65,35,131" hai3="84,2,101,67,78,27,116,94,42,13,38,11,126"/><V7/><F114/><W100/><G100/><T89/><D134/><U133/><E3/><UN n3="%E7%9A%AE%E3%80%85" /><V98/><F122/><W68/><G116/><T59/><D115/><U16/><E29/><V83/><F127/><W49/><G126/><T36/><D75/><U73/><E103/><V107/><F35/><W125/><G125/><T88/><D36/><U108/><E108/><V6/><F107/><W33/><G2/><T90/><D40/><U62/><E124/><V15/><F98/><W111/><G111/><T63/><D96/><U10/><E130/><V43/><F69/><W39/><G49/><T9/><D79/><U106/><E106/><V5/><F83/><W53/><G53/><T55/><REACH who="0" step="1"/><D63/><REACH who="0" ten="171,175,393,251" step="2"/><U81/><REACH who="1" step="1"/><E50/><REACH who="1" ten="171,165,393,251" step="2"/><N who="2" m="26943" /><F131/><W34/><G39/><T1/><D1/><U91/><E91/><V113/><F129/><W52/><G38/><T109/><D109/><U46/><E46/><V95/><F113/><W32/><G101/><T117/><D117/><U86/><E86/><V28/><F72/><W23/><G84/><T37/><D37/><U70/><E70/><V92/><F28/><AGARI ba="1,2" hai="4,9,12,22,24,28,55,59,60,85,87,88,89,90" machi="28" ten="40,5200,0" yaku="1,1,8,1,54,1,53,0" doraHai="110" doraHaiUra="99" who="0" fromWho="2" sc="171,75,165,0,393,-55,251,0" /><INIT seed="3,0,0,0,1,130" ten="246,165,338,251" oya="3" hai0="36,124,35,115,7,19,24,98,84,45,123,69,32" hai1="38,51,79,134,23,118,99,65,80,86,94,29,2" hai2="39,103,63,13,101,87,12,57,125,78,74,40,66" hai3="5,61,47,44,89,107,20,95,92,113,25,31,100"/><W9/><G113/><T1/><D69/><U42/><E38/><V55/><F74/><W58/><G107/><T102/><BYE who="3" /><D123/><U72/><E2/><V8/><F125/><W135/><G135/><T131/><D124/><U112/><E112/><UN n3="%E7%9A%AE%E3%80%85" /><V126/><F126/><W4/><G100/><T132/><D131/><U37/><E37/><V90/><F78/><W50/><G9/><N who="0" m="2287" /><D84/><U14/><E65/><V104/><F104/><W46/><G50/><T83/><D83/><U97/><E118/><V15/><F8/><W70/><G70/><T41/><D19/><U0/><E0/><V122/><F122/><W88/><G92/><T67/><D67/><U43/><E72/><V75/><F75/><W133/><G133/><T105/><D115/><U52/><E134/><V16/><F16/><W26/><G26/><T68/><D132/><U54/><E54/><V116/><F66/><N who="3" m="39223" /><G89/><T62/><D24/><U56/><E99/><AGARI ba="0,0" hai="4,5,20,25,31,44,46,47,88,95,99" m="39223" machi="99" ten="30,2900,0" yaku="8,1,54,1" doraHai="130" who="3" fromWho="1" sc="246,0,165,-29,338,0,251,29" /><INIT seed="3,1,0,4,3,103" ten="246,136,338,280" oya="3" hai0="132,32,81,115,107,96,46,120,62,60,30,106,7" hai1="88,111,15,89,71,50,42,93,23,52,36,72,56" hai2="8,26,48,20,118,134,28,92,63,38,98,1,21" hai3="44,13,101,130,47,57,69,135,25,45,126,117,86"/><W104/><G117/><T2/><D120/><U24/><E72/><V78/><F38/><W105/><G69/><T58/><D96/><U4/><E111/><V61/><F118/><W0/><G0/><T110/><D110/><U66/><E71/><V133/><F78/><W108/><G108/><T19/><D19/><U59/><E36/><V3/><F48/><W94/><G135/><N who="2" m="51721" /><F21/><W129/><G126/><T9/><D132/><U65/><E42/><V102/><F3/><W112/><G112/><T75/><D115/><U79/><E79/><V97/><F98/><N who="3" m="59607" /><G13/><T64/><D46/><U67/><E59/><V109/><F109/><W6/><G6/><AGARI ba="1,0" hai="1,6,8,20,26,28,61,63,92,97,102" m="51721" machi="6" ten="30,1000,0" yaku="20,1" doraHai="103" who="2" fromWho="3" sc="246,0,136,0,338,13,280,-13" owari="246,-15.4,136,-36.4,351,45.1,267,6.7" /></mjloggm>