<mjloggm ver="2.3"><GO type="225" lobby="0"/><UN n0="%E5%91%A8%E6%9D%B1" n1="%79%75%72%69%6D%6F%67" n2="%E3%82%8F%E3%81%A3%E3%81%97%E3%82%87%E3%81%84%E5%90%9B%32%E5%8F%B7" n3="%E9%B3%B3%E6%9D%B1%E3%81%AE%E3%81%86%E3%81%95%E3%81%8E%E3%81%95%E3%82%93" dan="17,16,20,17" rate="2154.63,2196.66,2237.22,2188.60" sx="M,F,M,M"/><TAIKYOKU oya="0"/><INIT seed="0,0,0,4,2,27" ten="250,250,250,250" oya="0" hai0="65,131,122,44,25,132,82,45,32,68,90,113,63" hai1="85,97,36,100,52,55,3,88,8,102,81,96,17" hai2="125,4,40,114,1,26,20,29,86,18,84,51,19" hai3="33,39,41,77,105,66,133,134,72,95,61,119,6"/><T107/><D113/><U87/><E36/><V127/><F114/><W76/><G119/><T128/><D122/><U99/><E3/><V109/><F109/><W23/><G105/><T69/><D69/><U9/><E87/><N who="2" m="33323" /><F1/><W11/><G33/><T91/><D82/><U50/><E55/><V43/><F4/><W75/><G95/><T15/><D107/><U83/><E83/><V0/><F0/><N who="3" m="455" /><G23/><T89/><D15/><N who="1" m="7399" /><E9/><V28/><F19/><W37/><G76/><T49/><D132/><N who="3" m="50793" /><G77/><T12/><D12/><U93/><E93/><V7/><F7/><W112/><G112/><T47/><REACH who="0" step="1"/><D49/><REACH who="0" ten="240,250,250,250" step="2"/><U106/><E106/><V13/><F51/><W92/><G92/><T71/><D71/><U110/><E110/><V103/><F13/><W38/><G41/><T53/><D53/><U98/><N who="1" m="24576" /><DORA hai="64" /><U30/><E30/><AGARI ba="0,1" hai="25,30,32,44,45,47,63,65,68,89,90,91,128,131" machi="30" ten="50,18000,2" yaku="1,1,52,2,53,3" doraHai="27,64" doraHaiUra="24,124" who="0" fromWho="1" sc="240,190,250,-180,250,0,250,0" /><INIT seed="0,1,0,1,5,88" ten="430,70,250,250" oya="0" hai0="117,78,105,21,130,44,1,82,51,56,76,7,57" hai1="134,43,10,11,97,52,103,59,22,83,47,102,132" hai2="36,87,129,18,69,16,107,92,85,113,108,95,13" hai3="96,67,111,124,54,50,98,28,70,127,126,55,58"/><T48/><D105/><U2/><E83/><V27/><F113/><W62/><G111/><T73/><D117/><U89/><E22/><N who="2" m="13767" /><F36/><W64/><G64/><T72/><D130/><U116/><E89/><V84/><F69/><W24/><REACH who="3" step="1"/><G55/><REACH who="3" ten="430,70,250,240" step="2"/><N who="0" m="30087" /><D73/><U65/><E116/><V37/><F108/><W31/><G31/><T71/><D72/><U53/><E65/><V25/><F129/><W125/><N who="3" m="31744" /><DORA hai="60" /><W66/><G66/><T41/><D71/><U106/><E53/><V46/><F37/><W14/><G14/><T23/><D1/><U5/><E11/><N who="2" m="6463" /><F107/><W77/><G77/><T99/><D78/><U4/><E4/><V33/><F33/><AGARI ba="1,1" hai="24,28,33,50,54,58,62,67,70,96,98" m="31744" machi="33" ten="70,8000,1" yaku="1,1,18,1,52,1,53,0" doraHai="88,60" doraHaiUra="115,0" who="3" fromWho="2" sc="430,0,70,0,250,-83,240,93" /><INIT seed="1,0,0,4,2,4" ten="430,70,167,333" oya="1" hai0="66,126,47,26,135,42,55,124,52,91,103,111,11" hai1="53,19,75,15,67,99,45,32,131,105,24,93,109" hai2="83,110,58,127,1,23,44,107,112,31,80,7,40" hai3="62,49,81,38,69,65,100,57,116,22,46,76,43"/><U96/><E131/><V2/><F107/><W98/><G116/><T60/><D111/><U125/><E75/><V3/><F110/><W130/><G130/><T88/><D103/><U132/><E125/><N who="0" m="48233" /><D26/><U123/><E132/><V8/><F127/><W56/><G22/><T41/><D135/><U86/><E123/><V73/><F112/><W97/><G38/><N who="0" m="21943" /><D42/><U70/><E109/><V50/><F58/><W79/><G98/><T12/><D66/><U78/><E67/><V87/><F73/><W121/><G121/><T30/><D30/><U84/><E70/><V6/><F6/><W118/><G118/><T14/><D14/><U74/><E74/><V68/><F68/><W34/><G34/><T94/><D60/><U36/><E36/><V108/><F108/><W37/><G81/><T39/><D39/><U9/><E78/><V134/><F80/><W119/><G119/><T129/><D129/><U64/><E64/><V117/><F117/><W20/><G20/><T48/><D48/><N who="1" m="28815" /><E105/><V27/><F134/><W85/><G56/><T51/><D51/><U0/><E0/><V115/><F115/><W102/><G79/><AGARI ba="0,0" hai="1,2,3,7,8,23,27,31,40,44,50,79,83,87" machi="79" ten="30,2000,0" yaku="7,1,52,1" doraHai="4" who="2" fromWho="3" sc="430,0,70,0,167,20,333,-20" /><INIT seed="2,0,0,0,2,20" ten="430,70,187,313" oya="2" hai0="62,121,124,125,81,93,17,61,101,89,133,84,45" hai1="49,10,27,87,72,65,77,114,119,105,120,1,97" hai2="127,126,39,102,113,135,75,15,73,28,123,9,129" hai3="46,94,108,79,131,90,24,118,18,106,55,122,51"/><V130/><F123/><W36/><G122/><T82/><D121/><U43/><E120/><RYUUKYOKU type="kaze4" ba="0,0" sc="430,0,70,0,187,0,313,0" /><INIT seed="2,1,0,5,0,71" ten="430,70,187,313" oya="2" hai0="53,20,118,65,52,113,114,68,33,101,110,88,16" hai1="37,55,134,31,69,1,25,84,87,75,9,96,128" hai2="5,50,81,29,40,48,36,23,131,92,43,61,94" hai3="63,45,39,11,17,44,123,14,91,90,26,34,79"/><V30/><F131/><W82/><G123/><T10/><D33/><U12/><E134/><V132/><F132/><W99/><G63/><T41/><D118/><U130/><E75/><V77/><F61/><W18/><G39/><T2/><D68/><U86/><E69/><V21/><F5/><W58/><G58/><T85/><D65/><U6/><E1/><V121/><F81/><W111/><G111/><T72/><D72/><U117/><E117/><V135/><F135/><W104/><G104/><T56/><D101/><U64/><E64/><V47/><F47/><W54/><G34/><T7/><D41/><U19/><E6/><V24/><F24/><W105/><G105/><T0/><D110/><U3/><E3/><V49/><F49/><W112/><G112/><T95/><D53/><U126/><E126/><V67/><F67/><W97/><G79/><T74/><D74/><U32/><E96/><N who="3" m="36938" /><G82/><T119/><D2/><U62/><E62/><V106/><F77/><W28/><G28/><T133/><D119/><U102/><E102/><V129/><F129/><N who="1" m="49769" /><E55/><V127/><F127/><W60/><G60/><T122/><D122/><U108/><E108/><V109/><F109/><W38/><G54/><T89/><D133/><U27/><E27/><V42/><F121/><W83/><G83/><T73/><D114/><U4/><E4/><V8/><F50/><W125/><G125/><T51/><D113/><U124/><E124/><V100/><F48/><W93/><G26/><N who="0" m="14599" /><D73/><U35/><E35/><V46/><F100/><W22/><G44/><T116/><D116/><U115/><E115/><RYUUKYOKU ba="1,0" sc="430,15,70,15,187,-15,313,-15" hai0="0,7,10,51,52,56,85,88,89,95" hai1="9,12,19,25,31,32,37,84,86,87" /><INIT seed="3,2,0,5,2,1" ten="445,85,172,298" oya="3" hai0="32,122,69,55,96,76,132,43,24,44,36,17,19" hai1="124,30,103,108,99,80,94,130,34,121,68,28,93" hai2="47,62,72,126,104,50,73,125,127,113,14,3,45" hai3="6,71,109,7,115,51,91,118,10,131,74,112,0"/><W33/><G71/><T128/><D122/><U42/><E121/><V60/><F3/><W78/><G118/><T119/><D69/><U105/><E68/><V83/><F104/><W5/><G74/><T46/><D119/><U120/><E34/><V77/><F113/><N who="3" m="43595" /><G91/><T2/><D76/><U133/><E120/><V66/><F72/><W59/><G51/><T56/><D96/><U25/><E42/><V114/><F114/><W79/><G59/><T81/><D81/><U11/><E25/><V61/><F66/><W27/><G79/><T95/><D95/><U134/><E11/><V98/><F98/><W67/><G78/><T41/><D56/><U123/><E123/><V40/><F47/><W54/><G54/><T12/><D55/><U4/><E108/><V64/><F64/><W15/><G67/><T22/><D43/><U48/><E48/><V57/><F57/><W106/><G106/><T117/><D46/><U39/><E124/><V49/><REACH who="2" step="1"/><F14/><REACH who="2" ten="445,85,162,298" step="2"/><W82/><G0/><T86/><D2/><U29/><E99/><V90/><F90/><W97/><G97/><T63/><D44/><U53/><E105/><V102/><F102/><W35/><G15/><T129/><D12/><U31/><E103/><V58/><F58/><W70/><G70/><T75/><D75/><U88/><E88/><V37/><AGARI ba="2,1" hai="37,40,45,49,50,60,61,62,73,77,83,125,126,127" machi="37" ten="40,5200,0" yaku="1,1,0,1,18,1,53,0" doraHai="1" doraHaiUra="101" who="2" fromWho="2" sc="445,-15,85,-15,162,68,298,-28" owari="430,53.0,70,-43.0,230,-17.0,270,7.0" /></mjloggm>