<mjloggm ver="2.3"><GO type="225" lobby="0"/><UN n0="%E5%A4%8F%E9%88%B4%E9%88%B4%E5%A4%8F" n1="%E5%8D%A0%E3%81%84%E5%B8%AB%E8%A3%8F%E3%81%AA%E3%81%84%E3%81%97" n2="%E3%81%90%E3%81%A1%E3%82%84%E3%81%BE" n3="%E3%81%BF%E3%81%BF%E3%81%9A" dan="16,17,16,17" rate="2139.50,2248.96,2134.56,2195.39" sx="F,M,M,M"/><TAIKYOKU oya="0"/><INIT seed="0,0,0,5,0,106" ten="250,250,250,250" oya="0" hai0="72,79,118,90,114,1,14,22,57,103,97,135,78" hai1="107,3,35,8,112,111,10,65,109,124,73,93,123" hai2="133,81,100,42,104,24,80,132,52,43,26,6,130" hai3="31,96,44,59,45,98,63,18,64,23,29,32,47"/><T55/><D118/><U94/><E123/><V67/><F67/><W85/><G32/><T34/><D114/><U119/><E119/><V20/><F6/><W125/><G125/><T11/><D34/><U30/><E107/><V66/><F66/><W48/><G85/><T50/><D1/><U131/><E124/><V33/><F130/><W101/><G48/><T126/><D126/><U116/><E116/><V56/><F33/><W54/><G64/><T99/><D135/><N who="2" m="51786" /><F100/><W9/><G9/><T40/><D72/><U108/><E131/><V89/><F89/><W5/><G5/><T82/><D22/><U2/><E112/><V15/><F15/><W88/><G101/><T128/><D128/><U121/><E121/><V41/><F104/><W74/><G74/><T117/><D117/><U39/><E39/><V122/><F122/><W86/><G98/><N who="0" m="37387" /><D40/><N who="2" m="10242" /><V37/><DORA hai="61" /><F37/><W110/><G110/><T68/><D68/><U113/><E113/><V84/><F20/><W134/><G134/><T12/><D12/><U91/><E2/><V87/><F81/><N who="3" m="49231" /><G96/><T76/><D103/><U36/><E3/><V83/><F83/><W46/><N who="3" m="11264" /><DORA hai="102" /><W4/><G4/><N who="0" m="3431" /><D82/><U17/><E36/><V25/><F80/><W120/><G120/><T0/><D0/><U16/><E109/><V62/><AGARI ba="0,0" hai="24,25,26,52,56,62,84,87" m="10242,51786" machi="62" ten="40,2700,0" yaku="20,1,54,1" doraHai="106,61,102" who="2" fromWho="2" sc="250,-13,250,-7,250,27,250,-7" /><INIT seed="1,0,0,5,0,130" ten="237,243,277,243" oya="1" hai0="90,13,5,47,42,124,86,131,11,14,72,87,112" hai1="17,70,44,110,71,99,125,18,84,126,123,109,27" hai2="8,57,9,19,113,101,49,108,60,20,46,3,48" hai3="54,80,75,74,69,26,116,82,38,6,33,40,96"/><U89/><E123/><V63/><F108/><N who="1" m="41577" /><E99/><V55/><F113/><W65/><G54/><T0/><D112/><U43/><E27/><V39/><F39/><W52/><G6/><T129/><D124/><N who="1" m="47723" /><E17/><V21/><F101/><W24/><G96/><T115/><D115/><U34/><E18/><V37/><F37/><W118/><G38/><T83/><D72/><U127/><N who="1" m="47731" /><U4/><DORA hai="135" /><E4/><V120/><F120/><W36/><G24/><T88/><D47/><U61/><E34/><V91/><F91/><W119/><G26/><T102/><D102/><U95/><E61/><N who="2" m="23627" /><F3/><W66/><G33/><T97/><D0/><U100/><E100/><V62/><F21/><W128/><G118/><T85/><D131/><U134/><E134/><V22/><F22/><W105/><G116/><T35/><D35/><U107/><E107/><V56/><F20/><W122/><G128/><T25/><D129/><U93/><E93/><V53/><F19/><W67/><G105/><T92/><D25/><U117/><E117/><V50/><F8/><W78/><G122/><T32/><D32/><U79/><E79/><V1/><F9/><W2/><G119/><T58/><D97/><U132/><E132/><V15/><F15/><W104/><G104/><T114/><D13/><U23/><E23/><V59/><F1/><W98/><G2/><T7/><D14/><U103/><E103/><V28/><F28/><W111/><G98/><T77/><D92/><U12/><E12/><V94/><F94/><W51/><G111/><T10/><D114/><U16/><E16/><V133/><F133/><RYUUKYOKU ba="0,0" sc="237,-15,243,15,277,15,243,-15" hai1="43,44,70,71,84,89,95" hai2="46,48,49,50,53,55,56,57,59,62" /><INIT seed="1,1,0,4,5,40" ten="222,258,292,228" oya="1" hai0="50,3,82,67,132,27,133,125,15,78,60,42,48" hai1="79,92,106,63,114,119,73,17,6,8,124,131,20" hai2="129,95,116,10,53,49,112,127,85,47,7,44,12" hai3="1,98,117,26,58,108,35,91,107,68,21,5,102"/><U90/><E114/><V100/><F116/><W86/><G117/><T43/><D3/><U54/><E119/><V9/><F112/><W66/><G108/><T121/><D121/><U37/><E106/><V65/><F127/><W76/><G76/><T70/><D125/><U22/><E124/><V56/><F129/><W59/><G1/><T31/><D15/><N who="1" m="5527" /><E37/><V52/><F65/><W97/><G5/><T25/><D25/><U84/><E73/><V34/><F34/><W126/><G98/><T111/><D111/><U75/><E75/><V110/><F110/><W71/><G126/><T41/><D50/><U81/><E131/><V99/><F53/><W19/><G35/><T57/><D48/><U130/><E130/><V16/><F85/><W103/><G103/><T46/><D46/><U4/><E4/><V135/><F135/><W128/><G128/><T113/><D70/><U69/><E69/><V83/><F83/><W118/><G118/><T134/><D113/><U72/><E72/><V77/><F77/><W51/><G59/><T64/><D64/><U18/><E54/><V30/><F30/><W45/><G66/><T2/><D2/><AGARI ba="1,0" hai="2,7,9,10,12,16,44,47,49,52,56,95,99,100" machi="2" ten="30,8000,1" yaku="7,1,52,2,54,2" doraHai="40" who="2" fromWho="0" sc="222,-83,258,0,292,83,228,0" /><INIT seed="2,0,0,4,0,119" ten="139,258,375,228" oya="2" hai0="62,8,48,106,97,33,66,0,15,105,99,28,126" hai1="82,64,131,18,96,88,101,121,45,5,24,85,129" hai2="59,57,21,35,55,77,72,80,52,74,26,56,108" hai3="34,40,116,86,16,132,102,103,84,11,71,54,87"/><V69/><F69/><W58/><G116/><T111/><D126/><U22/><E64/><V100/><F35/><W83/><G71/><T63/><D111/><U49/><E5/><V65/><F65/><W38/><G34/><T118/><D0/><U115/><E115/><V2/><F2/><W128/><G38/><T30/><D118/><U9/><E9/><V70/><F70/><W61/><G40/><T23/><D33/><U3/><E3/><V104/><F74/><W47/><G128/><T107/><D48/><U1/><E1/><V124/><F124/><W109/><G109/><T36/><D36/><U51/><E121/><V90/><F108/><W13/><G132/><T6/><D23/><U10/><E10/><V91/><F100/><N who="3" m="38443" /><G47/><T122/><D122/><U14/><E24/><V133/><F55/><W32/><G32/><T29/><REACH who="0" step="1"/><D66/><REACH who="0" ten="129,258,375,228" step="2"/><U94/><REACH who="1" step="1"/><E49/><REACH who="1" ten="129,248,375,228" step="2"/><V76/><F133/><W41/><G41/><AGARI ba="0,2" hai="14,18,22,41,45,51,82,85,88,94,96,101,129,131" machi="41" ten="40,5200,0" yaku="1,1,2,1,54,1,53,0" doraHai="119" doraHaiUra="50" who="1" fromWho="3" sc="129,0,248,72,375,0,228,-52" /><INIT seed="3,0,0,1,1,6" ten="129,320,375,176" oya="3" hai0="37,5,25,112,80,106,44,57,61,110,90,87,16" hai1="103,19,131,102,9,77,60,124,86,115,55,85,76" hai2="135,121,129,134,88,107,123,18,96,104,66,41,113" hai3="36,132,15,108,126,69,68,29,43,22,51,35,31"/><W53/><G126/><T39/><D110/><U71/><E115/><V120/><F113/><W75/><G75/><T74/><D112/><U133/><E133/><N who="2" m="50699" /><F129/><W67/><G132/><T32/><D106/><U11/><E71/><V23/><F66/><W130/><G130/><T64/><D74/><U49/><E60/><V48/><F41/><W24/><G108/><T84/><D32/><U34/><E34/><V73/><F73/><W119/><G119/><T30/><D30/><U101/><E124/><V128/><F128/><W100/><G100/><T33/><D33/><U97/><E97/><V12/><F48/><W93/><G67/><T52/><D5/><U1/><E1/><V4/><F4/><W116/><G116/><T125/><D125/><U58/><E131/><V62/><F62/><W122/><G122/><T56/><D44/><U98/><E98/><V59/><F59/><W47/><G93/><AGARI ba="0,0" hai="12,18,23,88,93,96,104,107,120,121,123" m="50699" machi="93" ten="40,5200,0" yaku="13,1,20,1,54,1" doraHai="6" who="2" fromWho="3" sc="129,0,320,0,375,52,176,-52" owari="129,-27.1,320,12.0,427,52.7,124,-37.6" /></mjloggm>