<mjloggm ver="2.3"><GO type="225" lobby="0"/><UN n0="%70%68%65%6E%6F%6D%65" n1="%4B%2E%32%2E%4B%2E" n2="%33%74%72%65%65" n3="%72%65%6E%6B%75%6E" dan="16,16,17,17" rate="2161.84,2139.25,2109.72,2182.25" sx="M,M,F,M"/><TAIKYOKU oya="0"/><INIT seed="0,0,0,0,0,19" ten="250,250,250,250" oya="0" hai0="129,15,123,88,12,79,46,38,60,21,82,97,22" hai1="42,26,128,44,115,85,18,49,118,95,93,11,77" hai2="120,10,101,1,36,7,31,69,48,2,112,107,58" hai3="20,41,116,52,86,133,27,16,67,65,132,72,62"/><T5/><D123/><U114/><E118/><V127/><F120/><W55/><G72/><T126/><D129/><U57/><E128/><V74/><F112/><N who="1" m="43049" /><E57/><V81/><F36/><W39/><G116/><T25/><D126/><U51/><E51/><V4/><F69/><N who="3" m="42167" /><G67/><T43/><D60/><U121/><E121/><V78/><F31/><W56/><G86/><T28/><D5/><U47/><E47/><V61/><F48/><N who="3" m="30727" /><G55/><T13/><D97/><U104/><E104/><V110/><F127/><W66/><G66/><T113/><D113/><U99/><E99/><V131/><F131/><W63/><G63/><T76/><REACH who="0" step="1"/><D22/><REACH who="0" ten="240,250,250,250" step="2"/><N who="1" m="13655" /><E11/><V122/><F10/><W40/><G40/><T29/><D29/><U80/><AGARI ba="0,1" hai="42,44,49,77,80,85,93,95" m="13655,43049" machi="80" ten="30,2000,0" yaku="11,1,52,1" doraHai="19" who="1" fromWho="1" sc="240,-10,250,30,250,-5,250,-5" /><INIT seed="1,0,0,0,0,22" ten="230,280,245,245" oya="1" hai0="115,52,118,26,33,126,64,121,65,70,100,69,129" hai1="36,5,90,114,128,86,4,49,28,42,108,60,96" hai2="30,130,93,3,117,79,27,81,89,131,2,17,66" hai3="62,14,21,95,16,44,51,106,6,25,88,47,56"/><U124/><E114/><V75/><F117/><W39/><G106/><T8/><D118/><U72/><E36/><V116/><F116/><W82/><G39/><T29/><D115/><U80/><E124/><V92/><F17/><W104/><G104/><T105/><D126/><U34/><E128/><N who="2" m="49195" /><F66/><N who="3" m="39239" /><G82/><T7/><D129/><U84/><E72/><V123/><F123/><W134/><G134/><T67/><D121/><U76/><E96/><N who="2" m="57359" /><F93/><W59/><G59/><T101/><D105/><U55/><E108/><V20/><AGARI ba="0,0" hai="2,3,20,27,30,75,79,81" m="57359,49195" machi="20" ten="30,2000,0" yaku="19,1,52,1" doraHai="22" who="2" fromWho="2" sc="230,-5,280,-10,245,20,245,-5" /><INIT seed="2,0,0,4,3,70" ten="225,270,265,240" oya="2" hai0="129,6,17,4,30,124,89,122,8,36,108,55,101" hai1="27,96,18,78,110,130,22,69,113,126,125,112,32" hai2="35,87,48,115,68,109,114,127,47,105,1,25,98" hai3="128,132,26,79,46,14,103,28,82,64,76,20,31"/><V104/><F1/><W131/><G132/><T7/><D122/><U66/><E110/><V0/><F0/><W62/><G103/><T97/><D108/><U13/><E78/><V21/><F109/><W15/><G31/><T94/><D124/><N who="1" m="47723" /><E96/><V44/><F127/><W106/><G46/><T61/><D129/><N who="3" m="49737" /><G106/><T81/><D30/><N who="1" m="19551" /><E130/><V84/><F104/><W65/><G65/><T12/><D36/><U116/><E116/><V120/><F105/><W29/><G29/><T39/><D39/><U86/><E86/><V77/><F87/><N who="3" m="48583" /><G79/><T40/><D40/><U51/><E51/><V38/><F48/><W3/><G3/><T111/><D111/><U24/><E66/><V49/><F77/><W71/><AGARI ba="0,0" hai="14,15,20,26,28,62,64,71" m="48583,49737" machi="71" ten="30,1100,0" yaku="19,1" doraHai="70" who="3" fromWho="3" sc="225,-3,270,-3,265,-5,240,11" /><INIT seed="3,0,0,2,1,55" ten="222,267,260,251" oya="3" hai0="59,99,33,76,34,116,20,120,68,88,27,38,23" hai1="30,4,40,127,25,118,102,64,82,22,17,109,41" hai2="96,69,45,1,130,123,60,124,101,132,112,15,75" hai3="135,104,108,52,73,77,90,78,100,93,44,92,53"/><W115/><G115/><T128/><D116/><U6/><E118/><V7/><F15/><W14/><G135/><T51/><D120/><U119/><E119/><V105/><F132/><W85/><G108/><T117/><D117/><U21/><E109/><V2/><F123/><W89/><G73/><T13/><D38/><U56/><E127/><V103/><F124/><W74/><G74/><T66/><D128/><U126/><E126/><V67/><F130/><W91/><G104/><T39/><D39/><U49/><E102/><V113/><F103/><W42/><G100/><T98/><D76/><N who="3" m="29289" /><G14/><T58/><D33/><U19/><E82/><V0/><F75/><W129/><G129/><T70/><D34/><U28/><E64/><V16/><F7/><W10/><G10/><T133/><D133/><U32/><E32/><V11/><F11/><W131/><G131/><T106/><D106/><U24/><E49/><V110/><F110/><W114/><G114/><T107/><D107/><U43/><E43/><V46/><F113/><W54/><G85/><T62/><D68/><U65/><E65/><V84/><F84/><W125/><G125/><T26/><D13/><U57/><AGARI ba="0,0" hai="4,6,17,19,21,22,24,25,28,30,40,41,56,57" machi="57" ten="25,12000,2" yaku="0,1,22,2,8,1,52,2" doraHai="55" who="1" fromWho="1" sc="222,-30,267,120,260,-30,251,-60" owari="192,-20.8,387,48.7,230,3.0,191,-30.9" /></mjloggm>