<mjloggm ver="2.3"><GO type="225" lobby="0"/><UN n0="%33%74%72%65%65" n1="%E6%9C%88%E5%B3%B6%E5%9F%BA" n2="%40%77%61%6B%61" n3="%EF%BC%AE%EF%BC%A1%EF%BC%AF%33%33%39" dan="17,16,16,16" rate="2204.89,2146.99,2091.64,2129.89" sx="F,M,M,M"/><TAIKYOKU oya="0"/><INIT seed="0,0,0,5,3,7" ten="250,250,250,250" oya="0" hai0="99,131,36,25,46,41,21,107,1,93,4,128,123" hai1="65,43,17,75,119,84,108,77,62,88,109,112,76" hai2="44,89,74,49,54,80,73,58,78,34,106,70,135" hai3="42,118,86,126,66,94,9,63,95,32,29,130,38"/><T81/><D123/><U56/><E119/><V127/><F70/><W60/><G118/><T134/><D107/><U59/><E112/><V0/><F74/><W87/><G38/><T98/><D134/><U114/><E114/><V55/><F0/><W37/><G37/><T122/><D122/><U18/><E43/><V47/><F34/><W117/><G42/><T11/><D81/><N who="1" m="49167" /><E75/><V53/><F135/><W113/><G29/><T48/><D36/><U24/><E59/><V28/><F106/><W52/><G32/><T103/><REACH who="0" step="1"/><D98/><REACH who="0" ten="240,250,250,250" step="2"/><U124/><E108/><V68/><F127/><W116/><G126/><T5/><D5/><U79/><E109/><V72/><F80/><W92/><G113/><T115/><D115/><U90/><E124/><V12/><F73/><W82/><G82/><T129/><D129/><U64/><E77/><V6/><F72/><W104/><G104/><T27/><D27/><U15/><E76/><V35/><F78/><W10/><G130/><T14/><D14/><U45/><E79/><V111/><F12/><W133/><G133/><T69/><D69/><U40/><E24/><V19/><F6/><W125/><G125/><T3/><D3/><U67/><E15/><V22/><F68/><W20/><G117/><T105/><D105/><U120/><E120/><V96/><F111/><W97/><G116/><T61/><D61/><U57/><E62/><V33/><F96/><W30/><G97/><T100/><D100/><U91/><E91/><V31/><F89/><W26/><G63/><T101/><D101/><U8/><E90/><V39/><F39/><RYUUKYOKU ba="0,1" sc="240,30,250,-10,250,-10,250,-10" hai0="1,4,11,21,25,41,46,48,93,99,103,128,131" /><INIT seed="0,1,1,2,0,5" ten="270,240,240,240" oya="0" hai0="85,127,23,7,48,45,107,135,97,68,91,53,93" hai1="47,131,87,108,76,120,119,66,36,38,59,6,82" hai2="63,10,111,128,14,42,83,133,40,104,29,78,9" hai3="74,77,122,73,16,124,65,25,115,89,22,95,11"/><T41/><D135/><U2/><E119/><V13/><F104/><W61/><G115/><T132/><D132/><U64/><E120/><V62/><F133/><W101/><G101/><T70/><D127/><U86/><E108/><V55/><F29/><W58/><G124/><T105/><D105/><U4/><E131/><V39/><F128/><W33/><G33/><T54/><D107/><U24/><E24/><V32/><F32/><W109/><G109/><T134/><D134/><U80/><E59/><V116/><F111/><W27/><G27/><T51/><D7/><U121/><E47/><V125/><F116/><W60/><G77/><T49/><D23/><U126/><E126/><V103/><F103/><W34/><G34/><T79/><D79/><U31/><E76/><V50/><F39/><W100/><G100/><T98/><D68/><U72/><E31/><V35/><F35/><W96/><G122/><T102/><D70/><U18/><E121/><V92/><F125/><W30/><G30/><T129/><D129/><U3/><REACH who="1" step="1"/><E18/><REACH who="1" ten="270,230,240,240" step="2"/><N who="2" m="8495" /><F78/><W110/><G110/><T117/><D117/><U113/><E113/><V123/><F123/><W8/><G74/><AGARI ba="1,2" hai="2,3,4,6,36,38,64,66,72,74,80,82,86,87" machi="74" ten="25,3200,0" yaku="1,1,22,2,53,0" doraHai="5" doraHaiUra="118" who="1" fromWho="3" sc="270,0,230,55,240,0,240,-35" /><INIT seed="1,0,0,5,3,43" ten="270,285,240,205" oya="1" hai0="12,32,92,28,75,74,99,86,19,9,7,115,81" hai1="55,103,54,125,109,50,31,100,122,41,88,82,108" hai2="13,67,131,16,77,96,21,44,49,60,15,126,85" hai3="57,23,93,105,3,53,64,114,104,58,79,80,118"/><U6/><E122/><V84/><F131/><W117/><G3/><T36/><D36/><U130/><E130/><V69/><F126/><W0/><G0/><T68/><D68/><U89/><E125/><V11/><F77/><W95/><G114/><T29/><D115/><U45/><E6/><V116/><F96/><W128/><G128/><T97/><D7/><U111/><E31/><V51/><F116/><N who="3" m="44651" /><G23/><T132/><D132/><U33/><E33/><V62/><F62/><N who="3" m="37967" /><G95/><T25/><D28/><U10/><E10/><V42/><REACH who="2" step="1"/><F51/><REACH who="2" ten="270,285,230,205" step="2"/><N who="3" m="31039" /><G93/><T18/><D99/><U8/><E82/><V34/><F34/><W63/><G63/><T120/><D81/><U24/><E109/><V71/><F71/><W133/><G133/><T91/><D97/><U121/><E108/><V20/><F20/><W27/><G27/><T70/><D70/><U107/><E24/><V48/><F48/><W119/><G119/><T87/><D25/><U59/><E50/><V22/><F22/><W134/><G134/><T17/><D32/><U101/><E111/><V123/><F123/><W110/><G110/><T40/><D120/><U129/><E121/><V65/><F65/><W61/><G61/><T78/><D78/><U72/><E129/><V113/><F113/><W106/><G106/><T26/><D26/><U135/><E107/><V73/><F73/><AGARI ba="0,1" hai="73,79,80,104,105" m="31039,37967,44651" machi="73" ten="30,1000,0" yaku="12,1" doraHai="43" who="3" fromWho="2" sc="270,0,285,0,230,-10,205,20" /><INIT seed="2,0,0,2,0,105" ten="270,285,220,225" oya="2" hai0="111,47,11,23,75,82,97,104,30,29,126,37,86" hai1="51,114,73,34,103,6,71,4,102,93,12,18,94" hai2="7,113,91,62,66,81,5,90,39,112,69,99,52" hai3="92,55,124,2,101,95,106,83,49,8,32,79,57"/><V118/><F39/><W116/><G32/><T44/><D111/><U13/><E71/><V70/><F118/><W129/><G116/><T21/><D126/><U64/><E34/><V125/><F125/><W107/><G124/><T74/><D104/><U127/><E127/><V35/><F35/><W19/><G129/><T85/><D37/><U115/><E64/><V108/><F108/><W117/><G117/><T65/><D65/><U3/><E51/><V78/><F69/><W84/><G106/><T15/><D15/><U68/><E68/><V109/><F109/><W48/><G107/><T67/><D67/><U119/><E119/><V128/><F128/><W0/><G0/><T61/><D11/><U41/><E3/><V130/><F130/><W43/><G101/><T16/><D82/><U134/><E18/><V121/><F121/><W87/><G87/><T53/><D53/><U72/><E41/><V120/><F120/><W33/><G33/><T131/><D131/><U14/><E14/><V20/><F20/><W27/><G2/><T58/><D97/><U56/><E56/><V100/><F52/><N who="3" m="31879" /><G43/><T133/><D21/><U63/><E63/><V77/><F90/><W135/><G135/><AGARI ba="0,0" hai="4,6,12,13,72,73,93,94,102,103,114,115,134,135" machi="135" ten="25,6400,0" yaku="22,2,52,2" doraHai="105" who="1" fromWho="3" sc="270,0,285,64,220,0,225,-64" /><INIT seed="3,0,0,3,5,110" ten="270,349,220,161" oya="3" hai0="6,10,99,125,83,51,79,30,117,23,0,119,7" hai1="47,100,11,22,38,53,54,133,98,116,61,67,123" hai2="93,105,40,43,27,37,49,72,92,89,112,91,26" hai3="95,118,121,126,14,129,24,88,66,56,62,8,21"/><W81/><G118/><T9/><D99/><U65/><E123/><V75/><F49/><W74/><G121/><T68/><D68/><U15/><E116/><V13/><F13/><W128/><G126/><T82/><D125/><U20/><E133/><V102/><F102/><W80/><G74/><T58/><D58/><N who="1" m="35023" /><E38/><V109/><F105/><W76/><G76/><T124/><D51/><N who="1" m="29055" /><E98/><V19/><F19/><N who="3" m="12351" /><G129/><T77/><D124/><U113/><E113/><V35/><F35/><W4/><G128/><T57/><D57/><U18/><E100/><V55/><F55/><W122/><G122/><T2/><D23/><AGARI ba="0,0" hai="11,15,18,20,22,23,65,67" m="29055,35023" machi="23" ten="30,1000,0" yaku="8,1" doraHai="110" who="1" fromWho="0" sc="270,-10,349,10,220,0,161,0" owari="260,6.0,359,45.9,220,-18.0,161,-33.9" /></mjloggm>