<mjloggm ver="2.3"><GO type="225" lobby="0"/><UN n0="%E3%80%90%E3%83%88%E3%83%AA%E3%83%A5%E3%83%95%E3%80%91" n1="%E9%B3%B3%E6%9D%B1%E3%81%AE%E3%81%BF%E3%81%91%E3%81%AB%E3%82%83%E3%82%93" n2="%E3%82%8A%E3%81%93%E3%82%8A%E3%82%93%E3%81%94" n3="%E5%B8%86%E7%AB%8B%E5%A4%8F%E8%A1%A3" dan="16,17,17,17" rate="2126.01,2170.03,2201.04,2175.02" sx="M,F,M,M"/><TAIKYOKU oya="0"/><INIT seed="0,0,0,4,0,131" ten="250,250,250,250" oya="0" hai0="12,11,88,124,67,3,117,63,0,30,101,39,116" hai1="15,37,129,42,56,34,120,16,109,14,40,25,92" hai2="107,41,90,97,21,31,36,76,49,135,44,96,111" hai3="128,123,79,9,51,78,50,130,57,65,2,134,43"/><T121/><D121/><U1/><E120/><V10/><F111/><W5/><G123/><T47/><D101/><U75/><E1/><V102/><F76/><N who="3" m="29227" /><G43/><T84/><D30/><U27/><E75/><V86/><F135/><W80/><G80/><T35/><D35/><U71/><E71/><V72/><F72/><W132/><G65/><T104/><D104/><U24/><E34/><V28/><F97/><W29/><G29/><T26/><D26/><U127/><E129/><N who="3" m="49770" /><G57/><T13/><D13/><U125/><E109/><V22/><F36/><W83/><G83/><T7/><D0/><U58/><E92/><V112/><F112/><W82/><G82/><T115/><D115/><U69/><E69/><V53/><F41/><N who="1" m="15977" /><E37/><V91/><F31/><W94/><G94/><T70/><D3/><U61/><E14/><V48/><F28/><W110/><G110/><T18/><D39/><U4/><E4/><V38/><F38/><W98/><G98/><T54/><D7/><U118/><E118/><V106/><F106/><W133/><AGARI ba="0,0" hai="2,5,9,50,51,132,133,134" m="49770,29227" machi="133" ten="40,8000,1" yaku="20,1,19,1,52,3" doraHai="131" who="3" fromWho="3" sc="250,-40,250,-20,250,-20,250,80" /><INIT seed="1,0,0,4,0,60" ten="210,230,230,330" oya="1" hai0="3,97,131,119,129,63,54,130,116,84,120,75,51" hai1="103,42,133,90,66,67,48,109,95,78,123,35,17" hai2="124,69,29,110,81,10,83,39,102,50,86,59,55" hai3="56,31,134,36,21,106,40,70,135,73,94,79,28"/><U65/><E123/><V46/><F69/><W52/><G106/><T114/><D3/><U89/><E35/><V58/><F110/><W121/><G121/><T99/><D120/><U107/><E107/><V105/><F124/><W88/><G70/><T4/><D4/><U22/><E78/><V111/><F111/><W13/><G40/><T115/><D75/><U53/><E42/><V122/><F122/><W71/><G71/><T38/><D84/><U49/><E133/><N who="3" m="50698" /><G36/><T61/><D38/><U41/><E41/><V7/><F39/><W47/><G47/><N who="0" m="28031" /><D97/><N who="1" m="59839" /><E109/><V27/><F102/><W64/><G64/><T108/><D99/><U72/><E72/><V20/><F105/><W0/><G0/><T9/><D9/><U57/><E49/><V91/><REACH who="2" step="1"/><F81/><REACH who="2" ten="210,230,220,330" step="2"/><W117/><G117/><N who="0" m="45131" /><D108/><U18/><E18/><V33/><F33/><W62/><G73/><T44/><D44/><U74/><E74/><V5/><F5/><W113/><G113/><AGARI ba="0,1" hai="61,63,113,114,115,129,130,131" m="45131,28031" machi="113" ten="40,5200,0" yaku="19,1,34,2" doraHai="60" who="0" fromWho="3" sc="210,62,230,0,220,0,330,-52" /><INIT seed="2,0,0,3,5,118" ten="272,230,220,278" oya="2" hai0="85,108,48,25,96,37,26,107,135,78,113,44,119" hai1="12,31,115,88,103,34,121,81,15,17,105,86,74" hai2="80,122,101,76,35,116,93,27,110,71,7,11,57" hai3="45,111,23,0,39,131,92,9,83,102,114,20,60"/><V133/><F116/><W51/><G114/><T21/><D113/><U123/><E115/><V10/><F71/><W120/><G120/><N who="1" m="46154" /><E74/><V94/><F122/><W104/><G104/><T46/><D108/><U68/><E68/><V19/><F133/><W134/><G39/><T54/><D135/><U75/><E75/><V38/><F38/><W36/><G131/><T67/><D67/><U30/><E34/><V58/><F110/><W50/><G83/><N who="0" m="47351" /><D107/><U117/><E117/><V109/><F109/><W4/><G134/><T55/><D96/><N who="1" m="61671" /><E12/><V49/><F10/><AGARI ba="0,0" hai="10,15,17,30,31,81,86,88" m="61671,46154" machi="10" ten="30,8000,1" yaku="13,1,52,3,54,1" doraHai="118" who="1" fromWho="2" sc="272,0,230,80,220,-80,278,0" /><INIT seed="3,0,0,4,3,92" ten="272,310,140,278" oya="3" hai0="100,46,70,20,110,5,38,44,125,104,90,64,69" hai1="107,29,27,108,55,95,113,30,0,74,99,116,18" hai2="63,77,22,106,6,50,2,62,91,68,16,7,115" hai3="109,49,51,41,36,45,96,60,66,131,31,126,15"/><W1/><G1/><T89/><D110/><U65/><E107/><V81/><F115/><W121/><G121/><T73/><D73/><U67/><E74/><V112/><F112/><W98/><G109/><T52/><D5/><U135/><E0/><V118/><F118/><W40/><G131/><T78/><D78/><U133/><E108/><V123/><F106/><W26/><G126/><T127/><D20/><N who="1" m="13719" /><E113/><V86/><F123/><W28/><G15/><T3/><D3/><U37/><E37/><V117/><F117/><W105/><G105/><T12/><D12/><U71/><E116/><V25/><F68/><N who="0" m="26218" /><D64/><N who="1" m="24651" /><E71/><V57/><F77/><W101/><G101/><T4/><D4/><U83/><E83/><V23/><F23/><N who="3" m="15455" /><G36/><T14/><D14/><U11/><E11/><V132/><F132/><N who="1" m="50761" /><E55/><N who="2" m="31991" /><F2/><W97/><G31/><T82/><D38/><U59/><E59/><V8/><F8/><W75/><G75/><T33/><D44/><U61/><E61/><AGARI ba="0,0" hai="6,7,16,22,25,61,62,63,81,86,91" m="31991" machi="61" ten="30,2000,0" yaku="8,1,54,1" doraHai="92" who="2" fromWho="1" sc="272,0,310,-20,140,20,278,0" /><INIT seed="4,0,0,4,3,56" ten="272,290,160,278" oya="0" hai0="125,60,38,135,72,42,117,59,90,9,127,39,112" hai1="19,21,63,35,99,34,82,81,102,124,80,28,95" hai2="61,68,69,93,50,98,74,1,46,5,88,30,4" hai3="49,76,18,128,0,103,44,57,77,15,71,113,51"/><T122/><D117/><U97/><E124/><N who="0" m="47689" /><D112/><U107/><E28/><V17/><F74/><W66/><G113/><T24/><D122/><U134/><E134/><V89/><F30/><W115/><G115/><T79/><D90/><U83/><E83/><V85/><F17/><W62/><G128/><T55/><D42/><U40/><E40/><V43/><F1/><W23/><G0/><T36/><D24/><U123/><E123/><V84/><F98/><W20/><G103/><T16/><D135/><U7/><E7/><V129/><F129/><W108/><G108/><T126/><D126/><U47/><E47/><V130/><F130/><W106/><G106/><T22/><D9/><U132/><E132/><V54/><F69/><W109/><G109/><T29/><D29/><U52/><E107/><V65/><REACH who="2" step="1"/><F43/><REACH who="2" ten="272,290,150,278" step="2"/><W13/><G71/><T31/><D31/><U101/><E34/><V2/><F2/><W67/><G18/><T120/><D120/><U73/><E35/><V100/><F100/><W119/><G119/><T32/><D32/><U104/><E73/><V114/><F114/><W6/><G6/><T45/><D16/><U53/><E99/><V48/><F48/><W41/><G41/><N who="0" m="22695" /><D22/><U78/><E101/><V133/><F133/><W118/><G118/><T111/><D111/><U87/><E104/><V94/><AGARI ba="0,1" hai="4,5,46,50,54,61,65,68,84,85,88,89,93,94" machi="94" ten="20,12000,2" yaku="1,1,0,1,7,1,9,1,52,1,54,1,53,0" doraHai="56" doraHaiUra="11" who="2" fromWho="2" sc="272,-60,290,-30,150,130,278,-30" /><INIT seed="5,0,0,1,2,18" ten="212,260,280,248" oya="1" hai0="9,135,28,54,2,58,51,19,83,40,118,12,93" hai1="13,100,126,62,20,115,124,132,56,86,39,33,52" hai2="77,48,101,63,16,123,11,60,114,127,99,47,116" hai3="45,105,131,79,108,38,10,64,26,23,117,95,75"/><U107/><E33/><V106/><F116/><W6/><G105/><T41/><D118/><U15/><E39/><V119/><F123/><W120/><G117/><T70/><D70/><U94/><E115/><V73/><F119/><W55/><G64/><T76/><D135/><U50/><E132/><V53/><F127/><N who="1" m="48681" /><E107/><V113/><F77/><W14/><G131/><T121/><D121/><U32/><E32/><V66/><F73/><W31/><G108/><T46/><D93/><U134/><E134/><V80/><F80/><W35/><G120/><T49/><D2/><U21/><E62/><V29/><F29/><W122/><G122/><T87/><REACH who="0" step="1"/><D28/><REACH who="0" ten="202,260,280,248" step="2"/><U74/><E74/><V1/><F1/><W97/><G75/><T129/><D129/><U7/><E100/><V88/><F101/><W92/><G92/><T27/><D27/><U130/><E130/><V78/><F113/><W72/><G95/><T3/><D3/><U103/><E103/><V91/><F114/><W24/><G24/><T36/><D36/><U44/><E13/><V104/><F106/><W30/><G38/><T85/><D85/><U34/><E94/><V89/><F104/><W5/><G31/><T68/><D68/><U4/><E86/><V128/><F128/><W57/><G30/><T109/><D109/><U133/><E133/><V42/><F99/><W67/><G97/><T110/><D110/><U125/><E125/><V84/><F84/><W71/><G71/><T69/><D69/><U102/><E102/><V22/><F91/><W43/><G72/><T59/><D59/><U37/><E56/><RYUUKYOKU ba="0,1" sc="202,30,260,-10,280,-10,248,-10" hai0="9,12,19,40,41,46,49,51,54,58,76,83,87" /><INIT seed="6,1,1,2,2,127" ten="232,250,270,238" oya="2" hai0="8,129,85,95,72,86,30,45,82,13,32,108,10" hai1="134,61,49,2,78,11,35,38,0,100,12,54,80" hai2="6,125,52,36,113,96,118,107,17,22,34,47,40" hai3="27,130,19,101,99,115,93,48,26,23,97,132,73"/><V1/><F118/><W116/><G73/><T56/><D108/><U128/><E35/><V79/><F34/><W92/><G116/><T44/><D72/><U63/><E38/><V66/><F113/><W20/><G132/><T109/><D109/><U90/><E100/><V110/><F125/><W121/><G121/><T14/><D32/><U133/><E90/><V87/><F66/><W74/><G74/><T69/><D69/><U59/><E0/><V51/><F110/><W3/><G3/><T89/><D30/><U70/><E2/><V126/><F126/><W119/><G130/><T58/><D129/><U62/><E70/><V106/><F96/><W21/><G119/><T105/><D105/><U111/><E111/><V39/><F6/><W117/><G117/><T24/><D24/><U31/><E31/><V131/><F131/><W81/><G81/><T57/><D13/><U41/><E41/><V94/><F39/><W16/><G115/><T9/><REACH who="0" step="1"/><D14/><REACH who="0" ten="222,250,270,238" step="2"/><U83/><E128/><V29/><F29/><W42/><G27/><T46/><D46/><U37/><E133/><V98/><F1/><W60/><G26/><T71/><D71/><U135/><E135/><V25/><F107/><W50/><G19/><T102/><D102/><U53/><E134/><V104/><F106/><W67/><G16/><T91/><AGARI ba="1,2" hai="8,9,10,44,45,56,57,58,82,85,86,89,91,95" machi="91" ten="40,5200,0" yaku="1,1,0,1,8,1,53,0" doraHai="127" doraHaiUra="28" who="0" fromWho="0" sc="222,75,250,-14,270,-27,238,-14" /><INIT seed="7,0,0,1,3,126" ten="297,236,243,224" oya="3" hai0="86,68,34,87,57,59,90,21,133,85,8,12,33" hai1="23,30,130,114,128,13,61,46,116,80,70,119,73" hai2="14,3,25,52,37,18,40,1,83,121,43,78,112" hai3="2,134,28,81,38,71,94,22,42,98,5,82,64"/><W113/><G113/><T62/><D68/><U124/><E114/><V108/><F108/><W102/><G134/><T19/><D133/><U7/><E124/><V20/><F112/><W110/><G110/><T69/><D69/><U91/><E46/><V77/><F121/><W41/><G2/><T47/><D47/><U131/><E7/><V93/><F93/><W120/><G5/><N who="0" m="3087" /><D33/><U63/><E13/><V115/><F115/><W65/><G120/><T72/><D72/><U29/><E23/><V89/><F37/><W79/><G38/><T4/><D34/><U122/><E122/><V58/><F3/><W95/><G71/><T50/><D50/><U88/><E73/><V99/><F25/><N who="3" m="16439" /><G94/><N who="0" m="54607" /><D4/><U56/><E70/><V32/><F1/><W76/><G42/><N who="2" m="15913" /><F32/><W60/><G41/><T127/><D127/><U118/><E63/><N who="2" m="36295" /><F99/><W6/><G6/><T17/><D17/><U117/><E117/><V31/><F31/><N who="1" m="11785" /><E80/><N who="3" m="30826" /><G60/><T100/><D62/><U15/><E15/><V26/><F14/><W54/><G54/><AGARI ba="0,0" hai="54,56,61,88,91,116,118,119,128,130,131" m="11785" machi="54" ten="40,12000,2" yaku="12,1,19,1,52,3,54,1" doraHai="126" who="1" fromWho="3" sc="297,0,236,120,243,0,224,-120" owari="297,9.7,356,45.6,243,-15.7,104,-39.6" /></mjloggm>