<mjloggm ver="2.3"><GO type="225" lobby="0"/><UN n0="%E5%8D%A0%E3%81%84%E5%B8%AB%E8%A3%8F%E3%81%AA%E3%81%84%E3%81%97" n1="%28%EF%BF%A3%E2%96%BD%EF%BF%A3%29%CE%B4%E2%8C%92%E3%83%BB" n2="%E6%A1%9C%E8%8A%B1%E9%96%83%E3%80%85" n3="%69%4F%4B%4F%69" dan="17,17,16,16" rate="2187.08,2283.10,2092.52,2128.36" sx="M,M,M,M"/><TAIKYOKU oya="0"/><INIT seed="0,0,0,0,0,93" ten="250,250,250,250" oya="0" hai0="119,41,29,56,42,102,45,98,15,11,19,100,122" hai1="125,65,46,63,108,127,96,3,82,27,129,10,106" hai2="26,44,77,73,87,62,37,12,111,116,33,121,71" hai3="109,128,34,114,1,17,75,55,103,113,50,4,52"/><T132/><D132/><U120/><E120/><V20/><F121/><W64/><G75/><T48/><D119/><U134/><E134/><V90/><F116/><W23/><G34/><T7/><D122/><U92/><E106/><V28/><F111/><W117/><G117/><T38/><D29/><U8/><E108/><V91/><F73/><W74/><G74/><T67/><D41/><U95/><E95/><V31/><F37/><W35/><G35/><T47/><D47/><U5/><E10/><V124/><F124/><W79/><G79/><T22/><D38/><U130/><E82/><V30/><F44/><W18/><G103/><T53/><D53/><BYE who="0" /><U85/><E27/><UN n0="%E5%8D%A0%E3%81%84%E5%B8%AB%E8%A3%8F%E3%81%AA%E3%81%84%E3%81%97" /><V133/><F77/><W78/><G78/><T81/><D81/><U101/><E85/><V72/><F91/><W60/><G109/><T9/><D9/><BYE who="0" /><U49/><E49/><V6/><F72/><W97/><G128/><N who="1" m="49258" /><E46/><UN n0="%E5%8D%A0%E3%81%84%E5%B8%AB%E8%A3%8F%E3%81%AA%E3%81%84%E3%81%97" /><V58/><F133/><W112/><G1/><T68/><D68/><AGARI ba="0,0" hai="3,5,8,63,65,68,92,96,101,125,127" m="49258" machi="68" ten="30,2000,0" yaku="19,1,52,1" doraHai="93" who="1" fromWho="0" sc="250,-20,250,20,250,0,250,0" /><INIT seed="1,0,0,3,0,30" ten="230,270,250,250" oya="1" hai0="57,8,76,115,9,84,35,20,24,0,114,87,50" hai1="101,13,119,99,7,72,58,34,126,70,104,98,59" hai2="40,88,22,65,73,78,82,14,124,47,92,103,54" hai3="27,75,63,90,25,6,135,5,121,15,86,130,55"/><U116/><E72/><V38/><F124/><W71/><G121/><T3/><D57/><U18/><E70/><V106/><F65/><W89/><G75/><T95/><D50/><U26/><E7/><V85/><F54/><W61/><G130/><T108/><D95/><U128/><E128/><V17/><F103/><W64/><G135/><T36/><D76/><U91/><E126/><V120/><REACH who="2" step="1"/><F106/><REACH who="2" ten="230,270,240,250" step="2"/><W94/><G55/><T48/><D114/><U112/><E101/><V131/><F131/><W23/><G64/><T66/><D115/><U109/><E104/><V51/><F51/><W33/><G71/><T134/><D48/><U1/><E112/><V11/><F11/><W111/><G63/><T105/><D105/><U45/><E59/><V118/><F118/><W93/><G61/><T60/><D60/><U29/><E58/><V122/><AGARI ba="0,1" hai="14,17,22,38,40,47,73,78,82,85,88,92,120,122" machi="122" ten="30,7900,0" yaku="1,1,0,1,54,1,53,1" doraHai="30" doraHaiUra="43" who="2" fromWho="2" sc="230,-20,270,-39,240,89,250,-20" /><INIT seed="2,0,0,4,5,118" ten="210,231,329,230" oya="2" hai0="61,134,81,57,120,92,66,99,33,77,18,46,39" hai1="49,70,90,22,54,16,72,42,102,41,36,135,47" hai2="123,129,108,59,94,113,17,6,116,26,98,32,25" hai3="28,76,58,126,4,96,21,11,80,125,48,106,107"/><V60/><F116/><W119/><G119/><T128/><D128/><U122/><E72/><V71/><F113/><W91/><G91/><T103/><D134/><U131/><E70/><V56/><F129/><W37/><G37/><T124/><D124/><N who="3" m="47721" /><G28/><T45/><D33/><U62/><E131/><V10/><F123/><W38/><G38/><T64/><D120/><U2/><E2/><V15/><F108/><W84/><G21/><T7/><D7/><U13/><E122/><V74/><F74/><W44/><G58/><T101/><D39/><U127/><E102/><V86/><F86/><W14/><G96/><T23/><D64/><U27/><E135/><V55/><F71/><W68/><G68/><T115/><D103/><U9/><E127/><V19/><F59/><W63/><G63/><T24/><REACH who="0" step="1"/><D115/><REACH who="0" ten="200,231,329,230" step="2"/><U3/><E36/><V53/><F32/><W97/><G97/><T109/><D109/><U34/><E34/><V88/><F55/><AGARI ba="0,1" hai="4,11,14,44,48,55,76,80,84,106,107" m="47721" machi="55" ten="30,1000,0" yaku="18,1" doraHai="118" who="3" fromWho="2" sc="200,0,231,0,329,-10,230,20" /><INIT seed="3,0,0,3,1,26" ten="200,231,319,250" oya="3" hai0="111,52,19,73,116,80,132,102,117,87,99,90,70" hai1="83,15,22,62,125,53,97,29,130,12,34,14,50" hai2="37,44,81,57,1,36,42,107,101,10,16,71,38" hai3="67,77,93,66,30,110,68,40,105,74,54,108,103"/><W3/><G3/><T33/><D70/><U47/><E125/><V120/><F71/><W2/><G2/><T100/><D33/><U124/><E124/><V72/><F57/><W84/><G40/><T65/><D65/><U27/><E130/><V8/><F120/><W82/><G68/><T88/><D111/><N who="3" m="42537" /><G105/><T25/><D73/><U55/><E34/><V91/><F101/><W49/><G30/><T135/><D19/><U96/><E83/><V94/><F107/><W9/><G9/><T59/><D25/><U75/><E75/><V78/><F16/><W115/><G115/><T85/><D52/><N who="1" m="20043" /><E62/><V109/><F109/><W69/><G69/><T58/><D80/><U131/><E131/><V0/><F10/><W95/><G74/><T41/><D41/><AGARI ba="0,0" hai="12,14,15,22,27,29,41,47,50,96,97" m="20043" machi="41" ten="30,3900,0" yaku="8,1,52,1,54,1" doraHai="26" who="1" fromWho="0" sc="200,-39,231,39,319,0,250,0" owari="161,-33.9,270,7.0,319,41.9,250,-15.0" /></mjloggm>