<mjloggm ver="2.3"><GO type="225" lobby="0"/><UN n0="%E3%81%8B%E3%82%8F%E3%81%A1%E3%82%83%E3%82%93%35%38" n1="%EF%BC%AE%EF%BC%A1%EF%BC%AF%33%33%39" n2="%E4%BF%BA%E3%81%A8%E5%A6%96%E5%A4%A2" n3="%E7%B4%94%E6%BD%94%E3%83%94%E3%83%A9%E3%83%8B%E3%82%A2" dan="16,16,16,17" rate="2152.43,2209.50,2266.27,2183.76" sx="M,M,F,M"/><TAIKYOKU oya="0"/><INIT seed="0,0,0,5,0,48" ten="250,250,250,250" oya="0" hai0="16,42,131,41,88,49,19,6,73,51,32,35,125" hai1="18,12,126,34,1,11,90,114,101,127,130,10,28" hai2="79,123,23,108,71,85,44,99,98,55,132,72,58" hai3="62,105,95,94,103,97,128,33,40,9,78,110,52"/><T92/><D73/><U111/><E101/><V24/><F123/><W121/><G121/><T86/><D131/><U59/><E90/><V30/><F71/><W25/><G128/><T75/><D75/><U89/><E89/><V112/><F112/><W47/><G110/><T45/><D125/><N who="1" m="47627" /><E59/><V63/><F108/><W4/><G78/><T5/><D35/><U15/><E111/><V65/><F132/><W70/><G33/><T38/><D32/><U77/><E77/><V80/><F72/><W113/><G25/><T29/><D29/><U124/><E124/><V100/><F44/><W46/><G113/><T36/><D36/><U83/><E83/><V27/><F27/><W74/><G74/><T106/><D106/><U82/><E82/><V26/><F26/><W122/><G122/><T115/><D38/><U117/><E130/><V91/><F79/><W0/><G46/><N who="0" m="25807" /><D115/><U134/><E114/><V116/><F116/><W54/><G70/><T102/><D102/><U56/><E56/><V93/><REACH who="2" step="1"/><F98/><REACH who="2" ten="250,250,240,250" step="2"/><W37/><REACH who="3" step="1"/><G62/><REACH who="3" ten="250,250,240,240" step="2"/><T118/><D118/><U39/><E117/><V69/><F69/><W66/><G66/><AGARI ba="0,2" hai="23,24,30,55,58,63,65,66,80,85,91,93,99,100" machi="66" ten="40,8000,1" yaku="1,1,8,1,52,1,53,1" doraHai="48" doraHaiUra="21" who="2" fromWho="3" sc="250,0,250,0,240,100,240,-80" /><INIT seed="1,0,0,4,3,120" ten="250,250,340,160" oya="1" hai0="19,41,32,130,95,53,124,94,14,113,2,101,82" hai1="27,90,0,69,51,48,98,62,74,81,44,71,36" hai2="111,16,5,39,80,60,70,78,118,107,97,64,26" hai3="72,121,119,52,67,131,132,75,9,46,105,89,92"/><U114/><E0/><V102/><F118/><W57/><G121/><T134/><D113/><U33/><E114/><V34/><F39/><W10/><G105/><T73/><D2/><U42/><E33/><V59/><F5/><W88/><G119/><T100/><D32/><U31/><E74/><V18/><F59/><W108/><G131/><T11/><D41/><U6/><E6/><V122/><F111/><W50/><G132/><T21/><D73/><U93/><E81/><V79/><F122/><W125/><G125/><T13/><D82/><U135/><E135/><V22/><F22/><W85/><G72/><T76/><D76/><N who="2" m="29226" /><F80/><W61/><G75/><T55/><D130/><U37/><E37/><V4/><F4/><W8/><REACH who="3" step="1"/><G89/><REACH who="3" ten="250,250,340,150" step="2"/><T40/><D124/><U47/><E90/><V23/><F23/><W38/><G38/><T25/><D134/><U115/><E36/><V110/><F110/><AGARI ba="0,1" hai="8,9,10,46,50,52,57,61,67,85,88,92,108,110" machi="110" ten="40,8000,1" yaku="1,1,52,2,54,2,53,0" doraHai="120" doraHaiUra="3" who="3" fromWho="2" sc="250,0,250,0,340,-80,150,90" /><INIT seed="2,0,0,5,2,16" ten="250,250,260,240" oya="2" hai0="6,21,83,123,22,39,118,95,109,51,117,84,30" hai1="86,119,97,23,110,79,73,8,15,112,11,58,104" hai2="65,40,87,36,72,129,99,19,102,100,18,106,56" hai3="63,114,121,47,120,20,38,76,89,107,98,55,12"/><V122/><F122/><W85/><G114/><T54/><D123/><U0/><E112/><V41/><F72/><W45/><G76/><T92/><D39/><U61/><E73/><V131/><F87/><W126/><G126/><T52/><D6/><U32/><E32/><V94/><F106/><W82/><G45/><N who="0" m="27759" /><D109/><U135/><E0/><V48/><F48/><W101/><G63/><T69/><D69/><U42/><E42/><N who="2" m="16491" /><F102/><W66/><G66/><T128/><D128/><N who="2" m="49226" /><F36/><W88/><G38/><T50/><D30/><U33/><E104/><V10/><F10/><W74/><G74/><T37/><D37/><U62/><E11/><V5/><F5/><W133/><G133/><T49/><D49/><U3/><E8/><V80/><F80/><W67/><G67/><T4/><D4/><U91/><E135/><V77/><F77/><W46/><G55/><T96/><D118/><U7/><E7/><V27/><F27/><W71/><G71/><T57/><D117/><U81/><E119/><V31/><F31/><W78/><G120/><T53/><D53/><U29/><E29/><V70/><F70/><W132/><G121/><T90/><D95/><U44/><E79/><AGARI ba="0,0" hai="21,22,50,54,57,79,83,84,90,92,96" m="27759" machi="79" ten="30,7700,0" yaku="8,1,52,2,54,1" doraHai="16" who="0" fromWho="1" sc="250,77,250,-77,260,0,240,0" /><INIT seed="3,0,0,3,4,31" ten="327,173,260,240" oya="3" hai0="84,68,0,15,56,124,53,4,3,22,83,128,97" hai1="35,38,63,59,127,5,73,69,49,19,40,134,130" hai2="29,77,27,65,129,11,122,8,36,60,13,54,64" hai3="51,94,98,88,71,33,123,12,110,18,133,105,42"/><W55/><G123/><T72/><D72/><U26/><E73/><V24/><F36/><W82/><G71/><T52/><D68/><U48/><E5/><V116/><F116/><W50/><G105/><T95/><D124/><U103/><E127/><V87/><F122/><W109/><G133/><T79/><D128/><U89/><E103/><V20/><F129/><W37/><G82/><T135/><D135/><U1/><E1/><V70/><F65/><W117/><G117/><T10/><D22/><U106/><E106/><V67/><F67/><W41/><G33/><T57/><D57/><U61/><E130/><V81/><F13/><W45/><G37/><T100/><D53/><N who="1" m="34031" /><E19/><V131/><F131/><W113/><G113/><T112/><D112/><U101/><E89/><V91/><F54/><W115/><G115/><T75/><D75/><U21/><E21/><V47/><F47/><W16/><G50/><AGARI ba="0,0" hai="0,3,4,10,15,50,52,56,79,83,84,95,97,100" machi="50" ten="30,2000,0" yaku="7,1,54,1" doraHai="31" who="0" fromWho="3" sc="327,20,173,0,260,0,240,-20" owari="347,44.7,173,-32.7,260,6.0,220,-18.0" /></mjloggm>