<mjloggm ver="2.3"><GO type="225" lobby="0"/><UN n0="%E3%83%96%E3%83%83%E3%83%91%E3%82%AA%E3%83%96%E3%83%81%E3%82%AD%E3%83%B3" n1="%E5%91%A8%E6%9D%B1" n2="%4C%4F%4C%49%54%41" n3="%E3%81%8B%E3%82%8F%E3%81%A1%E3%82%83%E3%82%93%35%38" dan="16,17,16,16" rate="2144.91,2164.59,2083.89,2166.70" sx="M,M,F,M"/><TAIKYOKU oya="0"/><INIT seed="0,0,0,0,2,39" ten="250,250,250,250" oya="0" hai0="68,32,60,114,44,6,119,69,133,111,14,99,38" hai1="30,96,112,89,80,86,71,81,18,11,48,43,94" hai2="129,41,13,128,20,33,104,125,34,83,50,88,19" hai3="77,36,10,120,49,135,122,117,55,124,46,24,78"/><T109/><D114/><U97/><E71/><V102/><F125/><W123/><G123/><T63/><D119/><U64/><E64/><V17/><F102/><W21/><G21/><T12/><BYE who="3" /><D32/><U3/><E112/><V130/><F19/><W58/><G58/><T42/><D133/><U76/><E30/><V121/><F104/><W92/><G92/><T87/><D69/><U91/><E3/><V56/><F121/><W132/><G132/><T1/><D1/><U54/><E43/><V103/><F103/><W5/><G5/><T115/><D115/><U110/><E110/><N who="0" m="41993" /><D68/><U51/><E97/><V75/><F56/><W16/><G16/><T131/><D131/><U74/><REACH who="1" step="1"/><E54/><REACH who="1" ten="250,240,250,250" step="2"/><V22/><F128/><W134/><G134/><T98/><D98/><U72/><E72/><V100/><F75/><W101/><G101/><T26/><D99/><U4/><E4/><V65/><F100/><W62/><G62/><N who="0" m="23595" /><D6/><U108/><E108/><V116/><F130/><W107/><G107/><T9/><D87/><U67/><E67/><V59/><F65/><W118/><G118/><T52/><D52/><U28/><E28/><V7/><F129/><W82/><G82/><T73/><D73/><U2/><E2/><V126/><F83/><W70/><G70/><T29/><D9/><U40/><E40/><V95/><F41/><W47/><G47/><T37/><D37/><U79/><E79/><V127/><F116/><W106/><G106/><T53/><D53/><U23/><E23/><V15/><F22/><W0/><G0/><T31/><D31/><U113/><E113/><RYUUKYOKU ba="0,1" sc="250,15,240,15,250,-15,250,-15" hai0="12,14,26,29,38,42,44" hai1="11,18,48,51,74,76,80,81,86,89,91,94,96" /><INIT seed="0,1,1,0,4,45" ten="265,255,235,235" oya="0" hai0="72,134,36,3,107,103,35,29,0,15,130,70,8" hai1="98,118,77,12,31,124,120,102,14,73,51,42,1" hai2="114,83,123,13,22,37,88,95,115,133,56,18,48" hai3="91,126,108,110,24,99,40,121,44,46,122,49,67"/><T80/><D36/><U43/><E1/><V38/><F123/><W111/><G111/><T131/><D70/><U64/><E120/><V97/><F133/><W5/><G5/><T105/><D134/><U76/><E118/><V78/><F37/><W27/><G27/><N who="0" m="18879" /><D80/><U96/><E124/><V9/><F38/><W79/><G79/><T109/><D72/><U58/><E31/><V25/><F56/><W26/><G26/><T65/><D65/><U128/><E128/><N who="0" m="49193" /><D109/><U101/><E64/><V53/><F53/><W21/><G21/><T66/><D66/><U89/><E73/><V33/><F48/><W6/><G6/><N who="0" m="3479" /><D103/><U106/><E89/><V94/><F33/><W135/><G135/><T4/><D4/><U16/><E102/><V41/><F41/><W92/><G92/><T2/><AGARI ba="1,1" hai="0,2,3,105,107" m="3479,49193,18879" machi="2" ten="40,2100,0" yaku="19,1" doraHai="45" who="0" fromWho="0" sc="265,34,255,-8,235,-8,235,-8" /><INIT seed="0,2,0,2,2,52" ten="299,247,227,227" oya="0" hai0="113,117,32,35,5,102,21,23,76,108,119,87,61" hai1="110,96,24,60,92,114,36,10,25,81,31,12,95" hai2="93,9,41,19,77,30,44,54,64,105,69,94,27" hai3="127,101,1,29,133,88,4,74,68,106,128,86,103"/><T124/><D113/><U47/><E110/><V65/><F105/><W62/><G62/><T38/><D38/><U100/><E114/><V118/><F118/><N who="0" m="45066" /><D87/><U82/><E95/><V53/><F77/><W116/><G116/><T134/><D61/><U132/><E132/><V109/><F109/><W98/><G98/><T99/><D102/><U126/><E126/><V37/><F69/><W58/><G58/><T111/><D99/><U112/><E112/><V63/><F63/><W50/><G50/><T67/><D76/><U11/><E11/><V84/><F37/><W14/><G14/><T28/><D67/><U46/><E60/><V42/><F65/><W51/><G51/><T13/><D134/><U115/><E115/><V8/><F84/><W0/><G0/><T16/><D124/><U18/><E25/><V78/><F27/><W48/><G48/><T79/><D79/><U57/><E57/><V40/><F78/><W121/><G121/><T20/><D5/><U66/><E66/><V122/><F64/><W22/><G22/><N who="0" m="11535" /><D28/><U131/><E36/><V135/><F30/><W55/><G55/><T85/><D85/><U123/><E123/><V34/><F122/><W59/><G59/><T120/><D120/><U7/><E7/><V33/><F53/><W72/><G72/><T3/><D3/><U39/><E39/><V17/><F135/><W6/><G6/><T26/><D26/><U125/><E125/><V43/><F54/><W80/><G80/><N who="1" m="30826" /><E47/><V83/><F44/><W15/><G15/><T75/><D75/><U71/><E46/><V45/><F45/><RYUUKYOKU ba="2,0" sc="299,30,247,-10,227,-10,227,-10" hai0="20,21,23,32,35,108,111" /><INIT seed="0,3,0,1,5,44" ten="329,237,217,217" oya="0" hai0="8,75,100,111,104,133,129,81,54,60,65,89,36" hai1="96,110,77,109,37,124,0,102,20,78,35,125,106" hai2="2,118,42,123,47,43,97,61,119,24,113,46,94" hai3="121,70,79,56,130,76,19,29,22,83,55,59,58"/><T116/><D116/><N who="2" m="44586" /><F113/><W12/><G12/><T21/><D36/><U28/><E37/><V14/><F2/><W38/><G38/><T91/><D129/><U73/><E0/><V49/><F123/><W92/><G92/><T3/><D133/><U52/><E35/><V25/><F61/><W40/><G40/><T115/><D115/><U135/><E135/><V80/><F80/><W127/><G127/><N who="1" m="48714" /><E73/><V88/><F14/><W85/><G85/><T120/><D120/><U132/><E132/><V87/><F87/><W30/><G30/><T114/><D114/><U63/><E28/><V71/><F71/><W66/><G66/><T72/><D72/><U82/><E82/><V134/><F134/><W107/><G107/><T90/><D75/><U98/><E98/><V41/><F41/><W57/><G57/><T62/><D81/><U7/><E7/><V84/><F97/><W93/><G93/><T17/><D3/><U126/><E126/><V95/><F95/><W23/><G23/><T53/><D21/><U131/><E20/><V27/><F27/><W13/><G13/><T117/><D117/><U108/><E131/><V64/><F64/><W9/><G9/><T39/><D65/><U128/><E128/><V16/><F16/><W99/><G99/><T103/><D17/><U86/><E86/><V1/><F1/><W4/><G4/><T26/><D8/><U50/><E63/><V68/><F68/><W6/><G6/><T67/><D62/><U34/><E34/><V18/><F18/><W11/><G11/><T15/><D60/><U51/><E52/><RYUUKYOKU ba="3,0" sc="329,-15,237,15,217,15,217,-15" hai1="50,51,77,78,96,102,106,108,109,110" hai2="24,25,42,43,46,47,49,84,88,94" /><INIT seed="1,4,0,0,3,126" ten="314,252,232,202" oya="1" hai0="132,6,129,45,34,120,80,33,46,106,85,39,107" hai1="105,67,90,102,101,3,115,19,49,121,60,81,51" hai2="58,95,114,13,59,28,18,11,50,9,36,94,56" hai3="77,20,52,103,30,88,87,17,38,62,29,69,35"/><U2/><E121/><V40/><F36/><W12/><G12/><T91/><D120/><U109/><E115/><V76/><F114/><W74/><G74/><T89/><D132/><U135/><E135/><V26/><F76/><W15/><G15/><T86/><D39/><U48/><E109/><V0/><F0/><W112/><G112/><T113/><D113/><U118/><E118/><V82/><F82/><W61/><G61/><T100/><D80/><U75/><E105/><V96/><F9/><W127/><G127/><T123/><D123/><U23/><E2/><V68/><F68/><W128/><G128/><T134/><D134/><U73/><E3/><V84/><F84/><W32/><G32/><T122/><D122/><U10/><E10/><V7/><F18/><W104/><G104/><T37/><D37/><U16/><E75/><V8/><F8/><W72/><G72/><T71/><D71/><U47/><E47/><N who="2" m="25959" /><F96/><W124/><G124/><T64/><D64/><U42/><E42/><V24/><F28/><W93/><G93/><AGARI ba="4,0" hai="7,11,13,24,26,56,58,59,93,94,95" m="25959" machi="93" ten="30,1000,0" yaku="8,1" doraHai="126" who="2" fromWho="3" sc="314,0,252,0,232,22,202,-22" /><INIT seed="2,0,0,4,0,95" ten="314,252,254,180" oya="2" hai0="4,38,1,130,133,98,55,41,58,56,46,120,74" hai1="83,118,135,102,65,6,37,17,47,48,87,62,54" hai2="23,32,112,14,96,81,8,123,124,90,63,43,103" hai3="129,34,109,80,69,88,86,94,108,114,19,99,85"/><V66/><F112/><W21/><G21/><T2/><D120/><U121/><E135/><V107/><F123/><W36/><G36/><T28/><D133/><U9/><E121/><V52/><F32/><W79/><G79/><T45/><D130/><U125/><E125/><V40/><F124/><W106/><G106/><T26/><D74/><U115/><E37/><V128/><F128/><W101/><G101/><T25/><D46/><U119/><E102/><V7/><F52/><W73/><G73/><T27/><D28/><U71/><E115/><V110/><F110/><W51/><G51/><T59/><D55/><U0/><REACH who="1" step="1"/><E17/><REACH who="1" ten="314,242,254,180" step="2"/><V10/><F103/><W29/><G29/><T12/><REACH who="0" step="1"/><D98/><REACH who="0" ten="304,242,254,180" step="2"/><U30/><E30/><V68/><F96/><W116/><G116/><T127/><D127/><U67/><E67/><V75/><F66/><W70/><G70/><T113/><D113/><U111/><E111/><V50/><F68/><W15/><G15/><T44/><D44/><U131/><E131/><V84/><F14/><W77/><G77/><AGARI ba="0,2" hai="0,6,9,47,48,54,62,65,71,77,83,87,118,119" machi="77" ten="30,3900,0" yaku="1,1,7,1,53,1" doraHai="95" doraHaiUra="60" who="1" fromWho="3" sc="304,0,242,59,254,0,180,-39" /><INIT seed="3,0,0,0,0,3" ten="304,301,254,141" oya="3" hai0="16,52,84,39,86,28,88,87,94,17,92,121,30" hai1="83,63,112,101,15,47,2,31,53,61,93,62,85" hai2="116,22,133,106,75,120,32,99,0,25,44,82,19" hai3="127,128,102,110,130,105,100,129,57,40,26,122,29"/><W46/><G46/><T58/><D121/><U70/><E2/><V11/><F116/><W65/><G65/><T115/><D39/><U118/><E112/><V56/><F133/><W6/><G6/><T74/><D74/><U104/><E104/><V107/><F120/><W1/><G1/><T134/><D134/><U103/><E70/><V132/><F132/><W97/><G97/><N who="0" m="57479" /><D94/><U5/><E31/><N who="0" m="11817" /><D115/><U41/><E93/><V7/><F32/><W49/><G49/><AGARI ba="0,0" hai="16,17,49,52,58,84,86,87" m="11817,57479" machi="49" ten="30,7700,0" yaku="8,1,54,3" doraHai="3" who="0" fromWho="3" sc="304,77,301,0,254,0,141,-77" owari="381,48.1,301,10.1,254,-14.6,64,-43.6" /></mjloggm>