<mjloggm ver="2.3"><GO type="225" lobby="0"/><UN n0="%E6%98%93%E5%88%A9%E8%96%A9%E4%BC%AF" n1="%E6%A1%9C%E8%8A%B1%E9%96%83%E3%80%85" n2="%E3%83%B4%E3%83%A0%EF%BC%99%E3%81%A6" n3="%E3%81%82%E3%81%84%E3%81%82%E3%81%8A%E3%81%84" dan="17,16,17,18" rate="2181.81,2206.67,2189.25,2223.67" sx="F,M,M,M"/><TAIKYOKU oya="0"/><INIT seed="0,0,0,3,2,42" ten="250,250,250,250" oya="0" hai0="9,1,95,57,30,115,3,4,78,109,87,6,48" hai1="77,34,128,92,24,56,132,69,113,86,89,111,47" hai2="23,79,105,16,107,98,12,50,32,99,104,73,84" hai3="85,25,53,63,135,18,83,127,100,11,82,29,129"/><T101/><D115/><U45/><E69/><V52/><F73/><W54/><G127/><T67/><D30/><U117/><E117/><V22/><F32/><W31/><G135/><T13/><D109/><U0/><E111/><V39/><F39/><W76/><G129/><T40/><D101/><U58/><E132/><V8/><F79/><W27/><G100/><T130/><D130/><U19/><E128/><V61/><F61/><W126/><G126/><T91/><D78/><U26/><E0/><V15/><F84/><W64/><G11/><T80/><D95/><U28/><E113/><V5/><REACH who="2" step="1"/><F23/><REACH who="2" ten="250,250,240,250" step="2"/><W37/><G37/><T103/><D87/><U43/><E77/><V121/><F121/><W114/><G85/><T41/><D80/><U122/><E122/><V116/><F116/><W68/><G83/><T108/><D108/><U71/><E34/><V10/><F10/><W133/><G63/><T38/><D9/><U124/><E124/><V81/><F81/><W90/><G82/><T66/><D38/><U65/><E86/><V49/><F49/><W72/><G76/><T33/><D48/><U46/><E71/><V119/><F119/><W35/><G68/><T134/><D33/><U59/><E65/><V106/><N who="2" m="26624" /><DORA hai="110" /><V62/><F62/><W2/><G64/><T93/><D67/><U36/><E36/><V131/><F131/><W88/><G72/><T123/><D66/><U75/><E75/><V102/><F102/><W120/><G120/><T20/><D103/><U118/><E118/><V55/><F55/><W60/><G35/><T74/><D123/><RYUUKYOKU ba="0,1" sc="250,-10,250,-10,240,30,250,-10" hai2="5,8,12,15,16,22,50,52,98,99" /><INIT seed="1,1,1,4,3,47" ten="240,240,270,240" oya="1" hai0="115,4,88,75,67,117,3,57,90,61,126,27,42" hai1="14,102,70,76,82,114,130,28,62,60,5,81,123" hai2="129,110,38,109,40,49,71,131,8,55,43,94,30" hai3="116,122,97,21,127,45,119,50,6,2,7,132,65"/><U15/><E114/><V53/><F30/><W113/><G113/><T56/><D115/><U84/><E123/><V29/><F29/><W10/><G122/><T125/><D117/><U66/><E130/><N who="2" m="49675" /><F8/><W39/><G39/><T95/><D75/><U105/><E28/><V98/><F71/><W52/><G7/><T106/><D106/><U1/><E62/><V26/><F26/><W92/><G65/><T79/><D79/><U72/><E1/><V33/><F38/><W51/><G127/><N who="0" m="48651" /><D42/><N who="2" m="15914" /><F33/><W32/><G32/><T19/><D57/><U111/><E5/><V74/><F74/><W37/><G21/><N who="0" m="13759" /><D95/><U133/><E105/><V16/><F16/><W120/><G120/><T64/><D64/><U85/><E72/><V58/><F55/><W22/><G52/><T77/><D4/><U103/><E133/><V100/><AGARI ba="1,1" hai="49,53,58,94,98,100,109,110" m="15914,49675" machi="100" ten="30,2000,0" yaku="19,1,52,1" doraHai="47" who="2" fromWho="2" sc="240,-6,240,-11,270,33,240,-6" /><INIT seed="2,0,0,0,4,112" ten="234,229,303,234" oya="2" hai0="3,77,32,21,126,129,57,84,80,48,11,103,33" hai1="135,71,14,37,127,118,94,79,2,5,123,20,24" hai2="110,100,75,121,105,51,73,16,82,106,107,22,47" hai3="131,25,59,19,133,132,43,128,29,63,27,15,26"/><V108/><F121/><W1/><G43/><T7/><D129/><N who="3" m="49737" /><G1/><T53/><D126/><U54/><E2/><V4/><F4/><W28/><G59/><T66/><D103/><U72/><E127/><V113/><F113/><W30/><G63/><T115/><D115/><U86/><E71/><V36/><F36/><W38/><G38/><T50/><D66/><U78/><E72/><V96/><F75/><W120/><G120/><T13/><D50/><U89/><E118/><V68/><F68/><W12/><G19/><T9/><REACH who="0" step="1"/><D21/><REACH who="0" ten="224,229,303,234" step="2"/><U95/><E37/><V117/><F100/><W49/><G49/><T119/><D119/><U111/><E123/><V42/><F117/><W56/><G56/><T76/><D76/><U39/><E39/><V130/><F130/><W116/><G116/><T67/><D67/><U45/><E79/><V83/><F73/><W70/><G70/><T134/><D134/><AGARI ba="0,1" hai="12,15,25,26,27,28,29,30,132,133,134" m="49737" machi="134" ten="40,12000,2" yaku="28,2,20,1,19,1,34,2" doraHai="112" who="3" fromWho="0" sc="224,-120,229,0,303,0,234,130" /><INIT seed="3,0,0,4,0,98" ten="104,229,303,364" oya="3" hai0="105,45,111,12,104,106,29,44,36,43,110,86,88" hai1="57,130,84,1,28,64,31,46,63,91,93,52,79" hai2="18,48,125,115,71,47,117,132,87,133,96,124,65" hai3="55,11,6,90,81,74,24,116,78,62,22,135,67"/><W34/><G135/><N who="2" m="51785" /><F87/><W35/><G55/><T38/><D29/><U26/><E130/><V16/><F96/><W119/><G90/><T41/><REACH who="0" step="1"/><D12/><REACH who="0" ten="94,229,303,364" step="2"/><U134/><E134/><V20/><F115/><W77/><G119/><T59/><D59/><U23/><E1/><V108/><F117/><W54/><G116/><T85/><D85/><U49/><E79/><V33/><F33/><W95/><G35/><T61/><D61/><U121/><E121/><V7/><F7/><W75/><G62/><T118/><D118/><U2/><E2/><V9/><F9/><W70/><G11/><T101/><D101/><U0/><E0/><V39/><F20/><W15/><G22/><T50/><D50/><U5/><E5/><V27/><F27/><W56/><G77/><T89/><D89/><U129/><E129/><V14/><F14/><W112/><G78/><T13/><D13/><U69/><E69/><V126/><F108/><W107/><G70/><T37/><D37/><U103/><E103/><V123/><F39/><W3/><G15/><T8/><D8/><U122/><E122/><V127/><F123/><W109/><G6/><T68/><D68/><U51/><E51/><V92/><F124/><W30/><G34/><T60/><D60/><U58/><E58/><V131/><F131/><W40/><G56/><T53/><D53/><U19/><AGARI ba="0,1" hai="19,23,26,28,31,46,49,52,57,63,64,84,91,93" machi="19" ten="20,5200,0" yaku="0,1,7,1,8,1,54,1" doraHai="98" who="1" fromWho="1" sc="94,-13,229,62,303,-13,364,-26" owari="81,-41.9,291,9.1,290,-11.0,338,43.8" /></mjloggm>