<mjloggm ver="2.3"><GO type="225" lobby="0"/><UN n0="%E3%81%94%E3%83%BC%E3%81%A9%E3%82%93" n1="%E3%81%BE%E3%81%A8%E3%81%9F" n2="%E7%99%BD%E5%80%89%E5%AF%9B%E4%B9%8B" n3="%72%61%6B%33" dan="16,16,16,16" rate="2110.92,2116.10,2174.95,2095.28" sx="M,M,M,M"/><TAIKYOKU oya="0"/><INIT seed="0,0,0,3,3,51" ten="250,250,250,250" oya="0" hai0="54,125,121,133,59,111,119,127,23,85,24,57,118" hai1="115,33,49,132,93,10,34,103,69,48,96,109,81" hai2="44,113,97,106,92,98,14,78,84,95,55,15,75" hai3="89,61,47,102,52,37,2,39,30,11,13,19,7"/><T128/><D121/><U79/><E115/><V18/><F113/><W64/><G102/><T22/><D128/><U91/><E69/><V126/><F126/><N who="0" m="48138" /><D133/><U108/><E132/><V110/><F110/><W73/><G73/><T100/><D100/><U4/><E48/><N who="2" m="29063" /><F75/><W112/><G112/><T122/><D122/><U120/><E120/><V99/><F106/><W58/><G30/><N who="0" m="17687" /><D111/><N who="1" m="42571" /><E49/><V131/><F131/><W60/><G89/><T0/><D0/><N who="1" m="263" /><E91/><N who="2" m="53351" /><F78/><W41/><G39/><T94/><D23/><U104/><E104/><V83/><F83/><W82/><G82/><T80/><D94/><U76/><E76/><V53/><F95/><W9/><REACH who="3" step="1"/><G61/><REACH who="3" ten="250,250,250,240" step="2"/><N who="0" m="36023" /><D59/><U70/><E70/><V134/><F134/><W68/><G68/><T124/><N who="0" m="48146" /><T105/><DORA hai="65" /><D105/><U88/><E103/><V129/><F129/><W74/><G74/><AGARI ba="0,1" hai="33,34,74,79,81,88,93,96" m="263,42571" machi="74" ten="30,2000,0" yaku="14,1,54,1" doraHai="51,65" who="1" fromWho="3" sc="250,0,250,30,250,0,240,-20" /><INIT seed="1,0,0,3,1,54" ten="250,280,250,220" oya="1" hai0="113,14,116,33,63,1,94,129,4,74,101,73,133" hai1="82,57,47,106,28,55,15,115,86,65,41,22,46" hai2="27,108,26,100,91,40,77,69,123,127,37,34,109" hai3="103,99,104,90,80,30,64,75,130,78,50,32,11"/><U81/><E106/><V42/><F69/><W67/><G130/><T98/><D113/><U49/><E115/><V71/><F71/><W121/><G121/><T43/><D116/><U111/><E111/><N who="2" m="42571" /><F123/><W19/><G50/><T61/><D33/><U120/><E65/><V92/><F100/><W16/><G30/><T35/><D35/><U96/><E81/><V132/><F34/><W124/><G32/><T89/><D129/><U112/><E112/><V36/><F77/><W122/><G122/><T51/><D1/><U134/><E134/><V24/><F132/><W31/><G31/><T79/><D133/><U135/><E120/><V13/><F13/><W29/><G29/><T110/><D110/><U58/><E96/><N who="2" m="57375" /><F127/><W119/><G119/><T5/><D101/><U118/><E15/><V72/><F72/><W126/><G90/><T60/><D79/><N who="1" m="46431" /><E118/><V59/><F59/><N who="1" m="22537" /><E135/><V53/><F53/><W23/><G64/><T131/><D14/><U84/><E84/><V20/><F20/><W70/><G67/><T39/><D131/><U66/><E66/><V102/><F102/><W2/><G70/><T6/><D39/><AGARI ba="0,0" hai="24,26,27,36,37,39,40,42" m="57375,42571" machi="39" ten="40,1300,0" yaku="14,1" doraHai="54" who="2" fromWho="0" sc="250,-13,280,0,250,13,220,0" /><INIT seed="2,0,0,4,1,78" ten="237,280,263,220" oya="2" hai0="112,49,47,53,26,124,43,66,56,129,134,4,40" hai1="20,38,0,131,69,118,21,16,8,92,117,72,84" hai2="110,50,48,98,75,87,55,58,86,10,31,111,125" hai3="115,27,91,94,19,104,90,89,74,60,102,34,11"/><V132/><F75/><W7/><G115/><T23/><D112/><U61/><E38/><V97/><F125/><W17/><G74/><T93/><D124/><U79/><E131/><V120/><F120/><W76/><G76/><T103/><D134/><U99/><E72/><V39/><F39/><W37/><G37/><T80/><D129/><U51/><E51/><V105/><F132/><W18/><G104/><T13/><D103/><U29/><E29/><V46/><F31/><W30/><G60/><N who="0" m="38151" /><D93/><U77/><E20/><V106/><F10/><W57/><G57/><T88/><D13/><U109/><E109/><N who="2" m="41483" /><F106/><W71/><G71/><T33/><D4/><U24/><E8/><V114/><F114/><W128/><G128/><T82/><D33/><U67/><E0/><V70/><F70/><W135/><G135/><T6/><D6/><U133/><E133/><V96/><F105/><W122/><G122/><T5/><D5/><U32/><E32/><V22/><F22/><W28/><G28/><N who="0" m="17503" /><D88/><U44/><E117/><V73/><F73/><W64/><G64/><T108/><D108/><U3/><E67/><V121/><F121/><W68/><G68/><T62/><D62/><U25/><E61/><V100/><F100/><W81/><G102/><T127/><D127/><U123/><E69/><V130/><F130/><W2/><REACH who="3" step="1"/><G94/><REACH who="3" ten="237,280,263,210" step="2"/><T59/><D59/><U54/><E123/><V65/><F65/><W63/><G63/><T116/><D116/><U15/><E118/><V107/><F107/><W113/><G113/><T14/><D14/><N who="1" m="9367" /><E92/><V36/><F36/><W12/><G12/><RYUUKYOKU ba="0,1" sc="237,10,280,-30,263,10,210,10" hai0="40,43,47,49,53,80,82" hai2="46,48,50,55,58,86,87,96,97,98" hai3="2,7,11,17,18,19,27,30,34,81,89,90,91" /><INIT seed="2,1,1,1,0,133" ten="247,250,273,220" oya="2" hai0="121,97,9,72,24,5,37,44,67,66,124,87,0" hai1="30,120,90,100,20,130,8,73,86,45,1,116,99" hai2="65,39,60,53,123,48,93,21,77,101,40,74,50" hai3="41,13,112,105,89,107,15,18,115,125,34,61,91"/><V12/><F123/><W33/><G61/><T119/><D72/><U96/><E73/><V109/><F109/><W110/><G41/><T62/><D121/><U59/><E116/><V64/><F39/><W54/><G54/><T2/><D2/><U58/><E130/><V36/><F36/><W6/><G18/><T83/><D119/><U84/><E1/><V26/><F74/><W43/><G43/><T51/><D37/><U118/><E86/><V134/><F77/><W102/><G102/><T117/><D117/><U23/><E99/><N who="2" m="59631" /><F12/><N who="3" m="4683" /><G6/><T69/><D124/><U81/><E120/><V17/><F134/><W95/><G95/><T98/><D24/><U57/><E118/><V126/><F126/><W104/><G110/><T52/><REACH who="0" step="1"/><D66/><REACH who="0" ten="237,250,273,220" step="2"/><U22/><E30/><V28/><F28/><W47/><G125/><T85/><D85/><U108/><E108/><V113/><F65/><W75/><G75/><T25/><D25/><U79/><E84/><V14/><F26/><W71/><G71/><T106/><D106/><U10/><E96/><V3/><F64/><W31/><G31/><T63/><D63/><U42/><E100/><V70/><F60/><W32/><G47/><T94/><D94/><U35/><E45/><N who="2" m="25639" /><F70/><W49/><G49/><T68/><D68/><U92/><E92/><V132/><F132/><W16/><G104/><T38/><D38/><U78/><E35/><V46/><F3/><W55/><G105/><T82/><D82/><U29/><E29/><V103/><F103/><W19/><G107/><T56/><D56/><U76/><E81/><V80/><F80/><RYUUKYOKU ba="1,2" sc="237,15,250,-15,273,15,220,-15" hai0="0,5,9,44,51,52,62,67,69,83,87,97,98" hai2="14,17,21,46,50,53,113" /><INIT seed="2,2,2,2,2,60" ten="252,235,288,205" oya="2" hai0="100,66,11,14,122,54,49,9,90,28,78,58,97" hai1="106,134,27,12,127,0,3,128,38,26,89,36,71" hai2="111,107,117,59,15,83,132,74,108,104,6,80,46" hai3="40,30,75,64,56,16,130,53,67,125,87,29,1"/><V98/><F117/><W25/><G75/><T20/><D122/><U52/><E106/><N who="2" m="40491" /><F46/><W13/><G1/><T18/><D78/><U133/><E71/><V41/><F41/><W115/><G125/><T61/><D90/><U69/><E69/><V48/><F48/><N who="3" m="30759" /><G130/><T68/><REACH who="0" step="1"/><D28/><REACH who="0" ten="242,235,288,205" step="2"/><U37/><E89/><V39/><F108/><W44/><G29/><T95/><AGARI ba="2,3" hai="9,11,14,18,20,49,54,58,61,66,68,95,97,100" machi="95" ten="20,8000,1" yaku="1,1,2,1,0,1,7,1,52,1,53,0" doraHai="60" doraHaiUra="121" who="0" fromWho="0" sc="242,116,235,-22,288,-42,205,-22" /><INIT seed="3,0,0,3,5,35" ten="358,213,246,183" oya="3" hai0="113,9,48,106,73,64,124,84,58,5,112,19,14" hai1="62,71,23,107,8,75,74,105,89,38,70,115,134" hai2="49,53,50,39,116,103,128,18,121,88,125,44,87" hai3="46,99,55,95,85,94,82,10,54,72,3,111,97"/><W33/><G33/><T117/><D73/><N who="1" m="27659" /><E23/><V120/><F116/><W81/><G111/><T25/><D117/><U0/><E89/><V15/><F125/><W1/><G72/><T67/><D84/><U133/><E115/><V4/><F128/><W45/><G85/><T41/><D106/><N who="1" m="40459" /><E62/><V98/><F4/><W68/><G10/><T21/><D9/><U135/><E38/><V11/><F39/><W91/><G91/><T63/><D41/><U86/><E86/><V102/><F50/><W76/><REACH who="3" step="1"/><G68/><REACH who="3" ten="358,213,246,173" step="2"/><N who="1" m="26154" /><E8/><V65/><F98/><W127/><G127/><T32/><D124/><U28/><E28/><V131/><F131/><W34/><G34/><T36/><D32/><U104/><E104/><V123/><REACH who="2" step="1"/><F65/><REACH who="2" ten="358,213,236,173" step="2"/><W61/><G61/><T129/><D63/><U122/><E122/><V93/><AGARI ba="0,2" hai="11,15,18,44,49,53,87,88,93,102,103,120,121,123" machi="93" ten="30,8000,1" yaku="1,1,2,1,0,1,13,1,54,1,53,0" doraHai="35" doraHaiUra="22" who="2" fromWho="2" sc="358,-20,213,-20,236,100,173,-40" owari="338,43.8,193,-20.7,336,13.6,133,-36.7" /></mjloggm>