<mjloggm ver="2.3"><GO type="225" lobby="0"/><UN n0="%E4%BC%8A%E9%81%94%E6%9C%B1%E9%87%8C%E7%B4%97" n1="%E3%81%A4%E3%81%A3%E3%81%B1%E3%82%8A%E3%83%9D%E3%83%BC%E3%83%AB" n2="%E3%81%8B%E3%82%8F%E3%81%A1%E3%82%83%E3%82%93%35%38" n3="%E9%A6%AC%E5%BC%95%E7%81%AB%33" dan="16,17,16,16" rate="2118.12,2153.33,2128.06,2114.88" sx="F,M,M,M"/><TAIKYOKU oya="0"/><INIT seed="0,0,0,5,5,78" ten="250,250,250,250" oya="0" hai0="106,91,33,61,95,107,24,20,56,102,41,108,93" hai1="3,82,64,124,110,118,34,80,37,131,75,18,88" hai2="6,8,16,48,123,126,98,2,36,40,59,130,97" hai3="113,112,29,117,4,19,105,15,122,65,51,96,10"/><T45/><D33/><U115/><RYUUKYOKU type="yao9" ba="0,0" sc="250,0,250,0,250,0,250,0" hai1="3,18,34,37,64,75,80,82,88,110,115,118,124,131" /><INIT seed="0,1,0,4,0,29" ten="250,250,250,250" oya="0" hai0="12,84,32,65,55,111,86,18,68,91,52,36,92" hai1="72,78,119,110,107,45,122,66,19,69,40,74,83" hai2="0,35,96,124,38,25,8,6,5,20,54,21,16" hai3="123,129,93,56,9,116,125,109,64,87,41,108,127"/><T44/><D32/><U117/><E122/><V10/><F38/><W126/><G9/><T26/><D26/><U118/><E110/><N who="3" m="42602" /><G87/><T81/><D111/><U67/><E107/><V106/><F124/><W105/><G105/><T63/><D36/><N who="1" m="21639" /><E19/><V113/><F113/><W112/><G93/><T99/><D44/><U114/><E66/><V39/><F39/><W60/><G112/><T73/><D73/><N who="1" m="43471" /><E114/><V71/><F71/><W62/><G116/><T49/><D49/><U133/><E133/><V3/><F54/><N who="3" m="33815" /><G129/><T97/><D86/><U37/><E37/><V27/><F96/><W95/><G95/><T13/><D99/><U82/><E82/><V85/><F85/><W7/><G7/><T11/><REACH who="0" step="1"/><D13/><REACH who="0" ten="240,250,250,250" step="2"/><U134/><E134/><V14/><F106/><W70/><G41/><T89/><AGARI ba="1,1" hai="11,12,18,52,55,63,65,68,81,84,89,91,92,97" machi="89" ten="20,12000,1" yaku="1,1,2,1,0,1,7,1,54,1,53,0" doraHai="29" doraHaiUra="98" who="0" fromWho="0" sc="240,133,250,-41,250,-41,250,-41" /><INIT seed="0,2,0,4,5,124" ten="373,209,209,209" oya="0" hai0="109,119,1,102,106,26,93,115,7,72,36,75,60" hai1="104,25,30,53,49,44,39,98,37,127,74,41,46" hai2="18,20,58,111,11,121,0,45,57,114,34,61,56" hai3="15,40,47,94,54,125,71,90,116,100,9,23,3"/><T123/><D115/><U76/><E127/><V87/><F121/><W88/><G125/><T17/><D123/><U84/><E74/><V133/><F114/><W118/><G71/><T52/><D119/><U2/><E2/><V65/><F34/><W130/><G3/><T79/><D36/><U99/><E39/><V107/><F107/><W86/><G100/><T31/><D106/><U126/><E126/><V24/><F111/><W92/><G23/><T10/><D109/><U131/><E131/><V97/><F133/><W48/><G130/><T103/><D17/><U38/><E38/><V135/><F135/><W117/><G40/><T68/><D79/><U85/><E76/><V5/><F97/><W21/><G21/><T81/><D81/><U77/><E77/><V83/><REACH who="2" step="1"/><F45/><REACH who="2" ten="373,209,199,209" step="2"/><W108/><G108/><T32/><D32/><U120/><E120/><V22/><F22/><W112/><G112/><T69/><D69/><U43/><E99/><V28/><F28/><W33/><G33/><T29/><D29/><U110/><E110/><V6/><F6/><W91/><REACH who="3" step="1"/><G86/><REACH who="3" ten="373,209,199,199" step="2"/><T50/><D68/><U35/><E85/><V59/><F59/><W13/><G13/><T73/><D73/><U62/><E84/><V134/><F134/><W78/><G78/><AGARI ba="2,2" hai="0,5,11,18,20,24,56,57,58,61,65,78,83,87" machi="78" ten="30,2000,0" yaku="1,1,7,1,53,0" doraHai="124" doraHaiUra="128" who="2" fromWho="3" sc="373,0,209,0,199,46,199,-26" /><INIT seed="1,0,0,4,3,69" ten="373,209,245,173" oya="1" hai0="94,85,70,15,8,41,133,62,2,9,32,30,74" hai1="13,79,1,124,134,19,96,88,78,40,20,18,118" hai2="112,55,71,45,103,110,105,64,48,24,127,81,130" hai3="44,42,97,84,4,87,135,102,104,123,53,93,17"/><U125/><E118/><V90/><F24/><W92/><G123/><T29/><D74/><U98/><E1/><V5/><F5/><W116/><G135/><T113/><D113/><U111/><E134/><V65/><F71/><W72/><G72/><T49/><D133/><U77/><E111/><V101/><F105/><W35/><G35/><T107/><D107/><U120/><E120/><V61/><F110/><W128/><G128/><T36/><D49/><U67/><E67/><V131/><F127/><N who="1" m="48713" /><E40/><V129/><F112/><W56/><G116/><T0/><D41/><U115/><E115/><V6/><F6/><W38/><G4/><T121/><D32/><U50/><E50/><V54/><F54/><W57/><G57/><T119/><D0/><U89/><E19/><V114/><F114/><W47/><G47/><T106/><D2/><U3/><E3/><V60/><F64/><W132/><G132/><T26/><D121/><U12/><E12/><V82/><F65/><W14/><G93/><T43/><D15/><U51/><E51/><V108/><F108/><W86/><G104/><T34/><D34/><U21/><E21/><V99/><F60/><W11/><REACH who="3" step="1"/><G86/><REACH who="3" ten="373,209,245,163" step="2"/><T46/><D119/><U52/><E52/><V117/><F117/><W73/><G73/><T33/><D33/><U66/><E66/><V68/><F68/><W63/><AGARI ba="0,1" hai="11,14,17,38,42,44,53,56,63,84,87,92,97,102" machi="63" ten="20,5200,0" yaku="1,1,0,1,7,1,52,1,53,0" doraHai="69" doraHaiUra="16" who="3" fromWho="3" sc="373,-13,209,-26,245,-13,163,62" /><INIT seed="2,0,0,5,0,107" ten="360,183,232,225" oya="2" hai0="34,41,102,38,44,115,96,64,58,111,135,75,9" hai1="71,119,31,117,52,81,56,49,28,87,88,129,32" hai2="36,39,78,97,114,93,122,70,72,26,100,86,18" hai3="2,116,121,118,92,133,132,65,134,14,98,80,73"/><V128/><F114/><W125/><G2/><T106/><D115/><U37/><E129/><V45/><F122/><W3/><G3/><T85/><D111/><U79/><E71/><V110/><F70/><W90/><G65/><T57/><D75/><U105/><E105/><V13/><F128/><W77/><G14/><T69/><D135/><U16/><E37/><V131/><F131/><W61/><G61/><T109/><D109/><U94/><E32/><V59/><F110/><W82/><G125/><T27/><D9/><U127/><E127/><V53/><F26/><W5/><G5/><T33/><D85/><N who="1" m="48319" /><E119/><N who="3" m="45610" /><G80/><T130/><D130/><U1/><E1/><V62/><F45/><W25/><G25/><T51/><D51/><U29/><E117/><V22/><F39/><W74/><G74/><T55/><D55/><U48/><E48/><V40/><F36/><W123/><AGARI ba="0,0" hai="73,77,82,90,92,98,121,123,132,133,134" m="45610" machi="123" ten="40,8000,1" yaku="20,1,34,2,52,1" doraHai="107" who="3" fromWho="3" sc="360,-20,183,-20,232,-40,225,80" /><INIT seed="3,0,0,5,0,14" ten="340,163,192,305" oya="3" hai0="33,25,128,10,8,119,50,80,28,27,12,123,16" hai1="100,70,13,124,11,7,130,4,129,51,105,103,40" hai2="111,98,38,20,127,0,76,112,9,114,110,3,71" hai3="74,53,48,109,86,91,134,37,118,81,97,115,36"/><W30/><G115/><T99/><D119/><U34/><E70/><V69/><F38/><W68/><G118/><T42/><D123/><U63/><E63/><V22/><F76/><W77/><G134/><T101/><D128/><N who="1" m="49259" /><E105/><V121/><F98/><W75/><G68/><T61/><D80/><U2/><E40/><V87/><F87/><W85/><G30/><T17/><D61/><U55/><E34/><V94/><F94/><W52/><G97/><T56/><D8/><N who="1" m="2071" /><E124/><V89/><F127/><W107/><G107/><T39/><D39/><U133/><E133/><V60/><F60/><W96/><G96/><T31/><D42/><U84/><E84/><V83/><F121/><W79/><G48/><T73/><D73/><U67/><E67/><V78/><F83/><W125/><G125/><T102/><D99/><U108/><E108/><V122/><F122/><W58/><G81/><T132/><D132/><U44/><E7/><N who="2" m="1255" /><F3/><W116/><G116/><T104/><D104/><U120/><E120/><V47/><F89/><W32/><G32/><T18/><D101/><U106/><E106/><V88/><F88/><W82/><G82/><T92/><D102/><U90/><E90/><V62/><F78/><W93/><G91/><T113/><D113/><N who="2" m="43626" /><F69/><W19/><G93/><T65/><D92/><U49/><E49/><V24/><F47/><W1/><G1/><T64/><D50/><U45/><E45/><V43/><F43/><W29/><G109/><N who="2" m="41481" /><F24/><W26/><G26/><T131/><D131/><U135/><E135/><V57/><F71/><W126/><G126/><T35/><D56/><RYUUKYOKU ba="0,0" sc="340,10,163,10,192,10,305,-30" hai0="10,12,16,17,18,25,27,28,31,33,35,64,65" hai1="11,13,44,51,55,100,103" hai2="20,22,57,62" owari="350,45.0,173,-32.7,202,-19.8,275,7.5" /></mjloggm>