<mjloggm ver="2.3"><GO type="225" lobby="0"/><UN n0="%E3%81%AF%E3%82%88%E3%81%8A%E3%81%98%E3%81%95%E3%82%93" n1="%E3%81%99%E3%81%84%E3%81%BE%E3%81%9B%E3%83%BC%E3%82%93" n2="%E3%81%BF%E3%81%BF%E3%81%9A" n3="%E3%82%8F%E3%81%8B%E3%81%B0%2A%E3%82%AC%E3%83%BC%E3%83%AB" dan="17,18,17,16" rate="2198.18,2196.21,2196.92,2070.61" sx="M,M,M,M"/><TAIKYOKU oya="0"/><INIT seed="0,0,0,4,4,122" ten="250,250,250,250" oya="0" hai0="8,9,2,32,65,23,125,134,41,27,124,20,62" hai1="66,5,31,79,74,45,75,47,13,28,22,91,3" hai2="93,19,83,82,72,69,6,120,76,21,119,94,126" hai3="132,118,67,85,128,101,108,14,11,98,130,40,10"/><T73/><D73/><U34/><E3/><V111/><F120/><W30/><G118/><T95/><D41/><U129/><E34/><V29/><F69/><W127/><G127/><N who="0" m="48715" /><D95/><U58/><E129/><N who="3" m="49770" /><G132/><T52/><D65/><U97/><E75/><V53/><F126/><W55/><G40/><T89/><D89/><U60/><E79/><V88/><F93/><N who="3" m="58575" /><G30/><N who="0" m="19551" /><D134/><U56/><E74/><V26/><F82/><W68/><G67/><T16/><D20/><U59/><E22/><V112/><F53/><W113/><G68/><T7/><D7/><U100/><E91/><V109/><F6/><W39/><G39/><T84/><D84/><U61/><E66/><V4/><F4/><W87/><G55/><T123/><D2/><U92/><E61/><V42/><F42/><W64/><G64/><T78/><D78/><U17/><E60/><V25/><F119/><W102/><G102/><T44/><D123/><U33/><E5/><V114/><F29/><N who="1" m="11337" /><E33/><V133/><F133/><W77/><G77/><T104/><D104/><U131/><E131/><V50/><F50/><W99/><G99/><T90/><D90/><U49/><E49/><V71/><F71/><W15/><G85/><T80/><D80/><U110/><E97/><N who="2" m="57543" /><F26/><W103/><G103/><T46/><D46/><N who="1" m="17419" /><E100/><V12/><F25/><W43/><G43/><T117/><D117/><U86/><E86/><V96/><F96/><W81/><G87/><T38/><D38/><U121/><E121/><V48/><F48/><W24/><G81/><T105/><D105/><U35/><E35/><V18/><F18/><W115/><G24/><RYUUKYOKU ba="0,0" sc="250,-10,250,-10,250,30,250,-10" hai2="12,19,21,72,76,83,109,111,112,114" /><INIT seed="1,1,0,4,1,11" ten="240,240,280,240" oya="1" hai0="60,13,32,82,84,126,30,100,88,20,75,35,39" hai1="25,103,45,57,86,19,56,98,133,93,44,1,64" hai2="34,111,124,50,22,105,127,8,83,66,95,12,0" hai3="69,49,52,130,87,117,122,63,85,97,55,108,90"/><U46/><E133/><V2/><F105/><W107/><G122/><T106/><D39/><U71/><E1/><V125/><F34/><W28/><G108/><T3/><D3/><U68/><E68/><V5/><F111/><W24/><G130/><T94/><D126/><U72/><E72/><V59/><F83/><W89/><G117/><T42/><D42/><U17/><E71/><V78/><F78/><W77/><G77/><N who="0" m="44351" /><D60/><N who="1" m="37895" /><E25/><V43/><F22/><N who="3" m="15383" /><G69/><T102/><D102/><U123/><E123/><V118/><F118/><W53/><G107/><T91/><D91/><N who="3" m="34825" /><G97/><N who="0" m="61711" /><D30/><U109/><E109/><V114/><F114/><W15/><G63/><T9/><D20/><U119/><E119/><V23/><F95/><W92/><G92/><T128/><D128/><U73/><E73/><V18/><F66/><W27/><G27/><T31/><D31/><U76/><E57/><V116/><F116/><W10/><G49/><T26/><D26/><U113/><E113/><V74/><F74/><W112/><G112/><T33/><D35/><U40/><E40/><V6/><F43/><W121/><G121/><T80/><D80/><AGARI ba="1,0" hai="17,19,44,45,46,76,80,86,93,98,103" m="37895" machi="80" ten="30,1500,0" yaku="8,1" doraHai="11" who="1" fromWho="0" sc="240,-18,240,18,280,0,240,0" /><INIT seed="1,2,0,3,4,28" ten="222,258,280,240" oya="1" hai0="68,59,117,23,2,64,34,37,60,81,12,24,79" hai1="8,88,86,104,21,52,103,36,46,112,76,77,14" hai2="9,129,0,4,11,132,110,42,20,17,51,18,39" hai3="90,58,22,96,120,7,128,43,66,122,115,101,62"/><U74/><E112/><V106/><F106/><W49/><G115/><T44/><D117/><U71/><E71/><V127/><F39/><W97/><G128/><T3/><D12/><U27/><E74/><V95/><F129/><W67/><G7/><T38/><D59/><U29/><E104/><V116/><F116/><W91/><G67/><T87/><D34/><U75/><E103/><V16/><F110/><W85/><G101/><T61/><D61/><U121/><E75/><V125/><F132/><W82/><G22/><T54/><D54/><U48/><E36/><V111/><F111/><W126/><G126/><N who="2" m="48137" /><F95/><W108/><G108/><T130/><D130/><U35/><E35/><V33/><F11/><W78/><G120/><T19/><REACH who="0" step="1"/><D38/><REACH who="0" ten="212,258,280,240" step="2"/><U45/><E121/><V32/><F20/><W53/><G122/><T50/><D50/><U102/><E46/><AGARI ba="2,1" hai="0,4,9,16,17,18,32,33,42,46,51" m="48137" machi="46" ten="30,7700,0" yaku="18,1,52,2,54,1" doraHai="28" who="2" fromWho="1" sc="212,0,258,-83,280,93,240,0" /><INIT seed="2,0,0,3,2,69" ten="212,175,373,240" oya="2" hai0="66,26,101,132,17,54,122,91,38,109,84,85,79" hai1="71,70,107,115,62,40,0,28,93,126,55,116,67" hai2="33,9,6,76,124,81,11,110,92,95,75,82,52" hai3="80,5,57,18,133,117,114,35,98,32,60,103,4"/><V51/><F124/><W8/><G117/><T68/><D122/><U25/><E115/><V97/><F33/><W74/><G114/><T88/><D38/><U34/><E116/><V61/><F110/><W10/><G133/><T90/><D132/><U27/><E126/><V118/><F118/><W123/><G123/><T31/><D109/><U23/><E0/><V45/><F82/><W24/><G80/><N who="0" m="47135" /><D68/><U59/><E107/><V48/><F61/><W37/><G37/><T113/><D113/><U58/><E40/><V134/><F134/><W15/><G74/><T94/><D66/><U72/><E93/><V43/><F6/><W22/><G10/><T78/><D31/><U14/><E14/><V44/><REACH who="2" step="1"/><F95/><REACH who="2" ten="212,175,363,240" step="2"/><W131/><G4/><T121/><D121/><U111/><E111/><V65/><F65/><W13/><G35/><T125/><D125/><U19/><REACH who="1" step="1"/><E72/><REACH who="1" ten="212,165,363,240" step="2"/><V2/><F2/><W130/><G32/><T64/><D94/><U100/><E100/><AGARI ba="0,2" hai="9,11,43,44,45,48,51,52,75,76,81,92,97,100" machi="100" ten="30,5800,0" yaku="1,1,7,1,54,1,53,0" doraHai="69" doraHaiUra="127" who="2" fromWho="1" sc="212,0,165,-58,363,78,240,0" /><INIT seed="2,1,0,3,2,25" ten="212,107,441,240" oya="2" hai0="63,21,33,101,50,134,114,92,126,68,90,72,85" hai1="9,77,37,75,54,47,76,121,14,78,107,67,108" hai2="2,88,129,1,48,124,131,20,44,96,40,86,104" hai3="19,116,53,117,39,65,118,71,11,125,34,61,57"/><V103/><F124/><W82/><G125/><T80/><D126/><U22/><E108/><V55/><F20/><W30/><G39/><T13/><D114/><U130/><E130/><N who="2" m="49675" /><F40/><W97/><G97/><T79/><D33/><U128/><E128/><V43/><F43/><W81/><G11/><T83/><D134/><U36/><E107/><V23/><F23/><W123/><G123/><T109/><D109/><U0/><E75/><V100/><F100/><W46/><G46/><T69/><D63/><U106/><E106/><V74/><F74/><W18/><G82/><AGARI ba="1,0" hai="1,2,44,48,55,82,86,88,96,103,104" m="49675" machi="82" ten="30,2900,0" yaku="19,1,54,1" doraHai="25" who="2" fromWho="3" sc="212,0,107,0,441,32,240,-32" /><INIT seed="2,2,0,4,1,75" ten="212,107,473,208" oya="2" hai0="0,76,92,106,51,5,81,90,11,87,112,23,89" hai1="71,97,125,10,134,111,2,79,101,68,40,49,126" hai2="104,103,123,55,82,17,56,65,43,67,118,37,47" hai3="25,24,131,122,28,31,94,129,42,62,53,86,1"/><V91/><F118/><W119/><G119/><T85/><D112/><U8/><E111/><V29/><F123/><W18/><G122/><T84/><D106/><U133/><E40/><V44/><F29/><W45/><G1/><T80/><D23/><U57/><E49/><V124/><F124/><N who="1" m="47721" /><E57/><V69/><F44/><W46/><G18/><T135/><D51/><U22/><E22/><V100/><F104/><W3/><G3/><T83/><D135/><N who="1" m="51723" /><E79/><V4/><F4/><W13/><G13/><T107/><D107/><N who="1" m="63919" /><E10/><V110/><F110/><W93/><G42/><T99/><REACH who="0" step="1"/><D89/><REACH who="0" ten="202,107,473,208" step="2"/><U127/><N who="1" m="47729" /><U115/><DORA hai="34" /><E115/><V7/><F91/><W19/><G31/><T61/><D61/><U109/><E109/><V48/><F103/><W32/><G28/><T95/><D95/><U77/><E77/><AGARI ba="2,1" hai="0,5,11,76,77,80,81,83,84,85,87,90,92,99" machi="77" ten="40,8000,1" yaku="1,1,52,3,53,0" doraHai="75,34" doraHaiUra="96,38" who="0" fromWho="1" sc="202,96,107,-86,473,0,208,0" /><INIT seed="3,0,0,5,0,46" ten="298,21,473,208" oya="3" hai0="58,67,5,45,130,6,100,29,41,106,51,95,129" hai1="77,112,79,76,63,133,121,16,73,33,93,34,82" hai2="25,39,40,38,75,54,53,1,114,102,66,118,59" hai3="124,71,14,55,13,36,27,57,9,90,62,50,126"/><W8/><G36/><T122/><D106/><U22/><E121/><V105/><F75/><W120/><G120/><T31/><D122/><U17/><E112/><V47/><F1/><W125/><G27/><T113/><D113/><U85/><E133/><V117/><F114/><W15/><G71/><T132/><D132/><U134/><E134/><V88/><F88/><W94/><REACH who="3" step="1"/><G62/><REACH who="3" ten="298,21,473,198" step="2"/><N who="0" m="38359" /><D130/><U32/><E73/><V98/><F25/><W48/><G48/><T52/><D129/><U4/><E63/><V110/><F39/><W101/><G101/><T115/><D115/><U87/><E4/><N who="0" m="1641" /><D41/><U56/><E56/><V28/><F59/><W135/><G135/><T119/><D119/><U70/><E70/><V99/><F40/><W108/><G108/><T72/><D72/><U7/><E7/><V65/><F38/><W0/><G0/><T42/><D42/><U18/><E22/><V3/><F110/><W26/><G26/><T81/><D81/><U61/><E61/><V24/><F3/><W37/><G37/><T12/><D12/><U83/><REACH who="1" step="1"/><E93/><REACH who="1" ten="298,11,473,198" step="2"/><N who="2" m="58703" /><F118/><W64/><G64/><T68/><D68/><U10/><E10/><V86/><F117/><W96/><AGARI ba="0,2" hai="8,9,13,14,15,50,55,57,90,94,96,124,125,126" machi="96" ten="40,12000,1" yaku="1,1,0,1,18,1,52,1,53,0" doraHai="46" doraHaiUra="116" who="3" fromWho="3" sc="298,-40,11,-40,473,-40,198,140" owari="258,-14.2,-29,-52.9,433,53.3,338,13.8" /></mjloggm>