<mjloggm ver="2.3"><GO type="225" lobby="0"/><UN n0="%E3%83%96%E3%83%83%E3%83%91%E3%82%AA%E3%83%96%E3%83%81%E3%82%AD%E3%83%B3" n1="%E3%81%A4%E3%81%A3%E3%81%B1%E3%82%8A%E3%83%9D%E3%83%BC%E3%83%AB" n2="%E5%91%A8%E6%9D%B1" n3="%E3%81%8B%E3%82%8F%E3%81%A1%E3%82%83%E3%82%93%35%38" dan="16,17,17,16" rate="2116.23,2177.78,2200.93,2150.18" sx="M,M,M,M"/><TAIKYOKU oya="0"/><INIT seed="0,0,0,2,4,125" ten="250,250,250,250" oya="0" hai0="3,91,69,96,115,82,63,34,5,20,114,110,49" hai1="124,53,89,122,35,30,79,100,119,128,72,52,98" hai2="73,21,87,4,81,29,74,108,1,10,102,135,39" hai3="22,6,116,33,47,60,123,130,59,2,55,77,107"/><T13/><D34/><U65/><E119/><V41/><F108/><W56/><G33/><T88/><D3/><U75/><E122/><V12/><F135/><W80/><G107/><T18/><D5/><U101/><E124/><V48/><F102/><W97/><G116/><T126/><D126/><U86/><E35/><V36/><F39/><W50/><G123/><T92/><D110/><U32/><E32/><V118/><F36/><W62/><G2/><T9/><D20/><U42/><E42/><V58/><F118/><W106/><G6/><T27/><D27/><U51/><E65/><V113/><F113/><W31/><G106/><T105/><D105/><U68/><E68/><V120/><F120/><W25/><G97/><T43/><D63/><U83/><E30/><V61/><F1/><W28/><G130/><T40/><D69/><U134/><E128/><V133/><F133/><W111/><G111/><T117/><D117/><U78/><E134/><V131/><F131/><W54/><G31/><T104/><D104/><U15/><E75/><V103/><F103/><N who="1" m="39497" /><E72/><V0/><F0/><W76/><REACH who="3" step="1"/><G80/><REACH who="3" ten="250,250,250,240" step="2"/><T93/><D82/><U85/><E98/><V109/><F109/><W66/><AGARI ba="0,1" hai="22,25,28,47,50,54,55,56,59,60,62,66,76,77" machi="66" ten="20,12000,2" yaku="1,1,2,1,0,1,7,1,8,1,53,1" doraHai="125" doraHaiUra="26" who="3" fromWho="3" sc="250,-60,250,-30,250,-30,240,130" /><INIT seed="1,0,0,4,4,52" ten="190,220,220,370" oya="1" hai0="97,119,12,124,108,7,54,51,25,23,22,81,102" hai1="33,103,43,48,2,91,0,10,57,131,135,45,105" hai2="5,16,104,66,44,78,110,98,82,29,116,11,46" hai3="95,96,21,114,13,31,123,127,18,32,109,115,69"/><U19/><E135/><V28/><F116/><W86/><G69/><T36/><D119/><U72/><E131/><V77/><F110/><W27/><G123/><T67/><D108/><U88/><E33/><V61/><F104/><W101/><G109/><T93/><D124/><U63/><E72/><V50/><F98/><W41/><G127/><T68/><D36/><U49/><E105/><V73/><F78/><W76/><G41/><T79/><D68/><U107/><E107/><V24/><F46/><W38/><G38/><T8/><D67/><N who="1" m="39407" /><E2/><V59/><F24/><W122/><G122/><T126/><D25/><U4/><E0/><V60/><F60/><W80/><AGARI ba="0,0" hai="13,18,21,27,31,32,76,80,86,95,96,101,114,115" machi="80" ten="30,1100,0" yaku="0,1" doraHai="52" who="3" fromWho="3" sc="190,-3,220,-5,220,-3,370,11" /><INIT seed="2,0,0,3,3,134" ten="187,215,217,381" oya="2" hai0="53,29,32,2,67,73,64,88,83,49,51,102,81" hai1="38,12,129,106,30,40,27,103,132,95,85,36,84" hai2="86,82,79,71,128,113,90,59,56,46,119,26,131" hai3="127,11,110,58,1,54,89,37,98,31,91,76,105"/><V21/><F71/><W72/><G37/><T107/><D2/><U42/><E106/><V52/><F119/><W125/><G110/><T120/><D120/><U25/><E132/><V22/><F113/><W100/><G31/><T94/><D32/><U77/><E129/><N who="2" m="49739" /><F22/><W33/><G33/><T66/><D29/><U8/><E38/><V104/><F104/><W18/><G76/><N who="0" m="44175" /><D53/><U4/><E36/><V45/><F79/><W24/><G72/><T19/><D19/><U57/><E77/><V17/><F59/><W68/><G68/><T135/><D83/><U93/><E57/><V0/><F0/><W133/><G133/><T124/><D135/><U96/><E27/><V10/><F10/><W75/><G75/><T118/><D118/><U92/><E42/><V9/><F9/><W116/><G116/><T74/><D74/><U6/><E40/><V15/><F26/><W35/><G1/><T130/><D130/><U39/><E6/><V43/><F43/><W48/><G11/><T109/><D109/><U28/><E28/><V97/><F97/><W3/><G3/><T115/><D115/><U65/><E39/><V50/><AGARI ba="0,0" hai="15,17,21,45,46,50,52,56,82,86,90" m="49739" machi="50" ten="30,3000,0" yaku="19,1,54,1" doraHai="134" who="2" fromWho="2" sc="187,-10,215,-10,217,30,381,-10" /><INIT seed="2,1,0,4,2,71" ten="177,205,247,371" oya="2" hai0="80,58,24,62,65,99,22,127,68,41,48,132,101" hai1="33,102,50,11,120,77,40,37,35,73,10,98,47" hai2="109,125,82,61,28,13,9,25,115,64,30,87,31" hai3="56,57,67,121,97,44,126,26,49,29,95,72,12"/><V38/><F115/><W119/><G72/><T32/><D132/><U130/><E130/><V113/><F113/><W1/><G1/><T110/><D110/><U78/><E120/><V16/><F109/><W76/><G121/><T85/><D127/><U84/><E73/><V60/><F125/><W46/><G119/><T100/><D32/><U103/><E35/><V14/><F38/><W123/><G76/><N who="1" m="29290" /><E37/><V83/><F25/><W81/><G81/><N who="2" m="30729" /><F64/><W114/><G123/><T20/><D99/><U128/><E33/><V89/><F14/><W117/><G117/><T108/><D108/><U129/><E129/><V91/><F91/><W5/><G126/><T135/><D135/><U17/><E128/><V7/><F7/><W88/><G46/><T66/><D22/><U124/><E124/><V59/><F59/><W74/><G74/><T23/><D20/><U34/><E34/><V27/><F27/><W54/><G67/><T51/><D66/><U122/><E122/><V105/><F105/><W36/><G36/><T0/><D0/><U96/><E103/><N who="0" m="39497" /><D68/><U133/><E133/><V79/><F79/><W118/><G118/><T6/><D6/><U92/><E96/><V86/><F86/><W53/><G114/><T18/><D85/><U4/><E4/><V15/><F15/><W42/><G12/><T3/><D80/><AGARI ba="1,0" hai="9,13,16,28,30,31,60,61,80,87,89" m="30729" machi="80" ten="30,2900,0" yaku="8,1,54,1" doraHai="71" who="2" fromWho="0" sc="177,-32,205,0,247,32,371,0" /><INIT seed="2,2,0,3,3,37" ten="145,205,279,371" oya="2" hai0="112,14,43,45,24,111,63,17,83,99,55,91,25" hai1="69,27,29,10,70,86,9,8,74,31,125,46,50" hai2="94,5,19,56,64,30,122,133,104,47,131,0,115" hai3="102,48,78,33,21,92,124,82,127,4,129,39,67"/><V103/><F122/><W1/><G33/><T38/><D112/><U79/><E74/><V98/><F115/><W6/><G39/><T66/><D111/><U11/><E125/><N who="3" m="48202" /><G1/><T26/><D55/><U35/><E31/><V68/><F133/><W109/><G109/><T132/><D132/><U42/><N who="1" m="2048" /><DORA hai="57" /><U126/><REACH who="1" step="1"/><E126/><REACH who="1" ten="145,195,279,371" step="2"/><V116/><F30/><W15/><G4/><T96/><D17/><U36/><E36/><V97/><F19/><W18/><G6/><T123/><D123/><U121/><E121/><V80/><F5/><W108/><G108/><T51/><D38/><U90/><E90/><V12/><F0/><W110/><G110/><T59/><REACH who="0" step="1"/><D14/><REACH who="0" ten="135,195,279,371" step="2"/><U128/><E128/><V87/><F131/><W130/><G130/><T22/><D22/><U44/><E44/><V114/><F47/><W119/><G129/><T89/><D89/><U65/><E65/><V3/><F64/><W95/><G67/><T53/><D53/><U120/><E120/><V100/><F12/><W84/><G15/><T2/><D2/><U72/><E72/><V135/><F3/><W113/><G18/><T52/><D52/><U28/><E28/><V134/><F135/><W75/><G21/><T71/><D71/><U101/><E101/><V23/><F23/><W117/><G113/><T58/><D58/><U76/><E76/><V20/><F114/><W40/><G102/><T107/><D107/><U32/><E32/><V41/><F103/><W85/><G75/><T61/><D61/><U88/><E88/><V77/><F134/><W118/><G78/><T60/><D60/><RYUUKYOKU ba="2,2" sc="135,15,195,15,279,-15,371,-15" hai0="24,25,26,43,45,51,59,63,66,83,91,96,99" hai1="27,29,35,42,46,50,69,70,79,86" /><INIT seed="3,3,2,4,5,84" ten="150,210,264,356" oya="3" hai0="91,17,108,115,21,32,119,9,56,8,72,80,1" hai1="92,81,79,78,110,122,127,13,98,130,120,76,16" hai2="37,114,61,63,28,60,135,105,36,44,20,123,22" hai3="24,129,18,104,74,5,118,88,19,47,112,38,35"/><W59/><G104/><T75/><D119/><U51/><E110/><V68/><F105/><W128/><G74/><T4/><D108/><U117/><E117/><V53/><F28/><N who="3" m="19847" /><G118/><T25/><D115/><U69/><E130/><N who="3" m="50282" /><G112/><T64/><D9/><N who="1" m="6191" /><E69/><V107/><F107/><W125/><G125/><T12/><D64/><U94/><E127/><V90/><F68/><W33/><G33/><T83/><D56/><U50/><E122/><V116/><F123/><W73/><G73/><T82/><REACH who="0" step="1"/><D91/><REACH who="0" ten="140,210,264,356" step="2"/><N who="1" m="55583" /><E120/><V100/><F114/><W134/><G88/><T3/><D3/><U10/><E10/><V6/><F90/><W41/><G59/><T58/><D58/><U49/><E94/><V133/><F116/><W52/><G5/><T89/><D89/><U65/><E65/><V30/><F6/><W121/><G121/><T85/><D85/><AGARI ba="3,3" hai="49,50,51,76,78,79,81,85" m="55583,6191" machi="85" ten="30,3900,0" yaku="8,1,52,1,54,1" doraHai="84" who="1" fromWho="0" sc="140,-48,210,78,264,0,356,0" owari="92,-40.8,288,8.8,264,-13.6,356,45.6" /></mjloggm>