<mjloggm ver="2.3"><GO type="225" lobby="0"/><UN n0="%E3%82%B3%E3%83%90%E3%83%AC%E3%82%A4" n1="%E3%81%A4%E3%81%A3%E3%81%B1%E3%82%8A%E3%83%9D%E3%83%BC%E3%83%AB" n2="%72%69%6F%75%63%68%61%6E" n3="%E6%98%93%E5%88%A9%E8%96%A9%E4%BC%AF" dan="16,17,16,17" rate="2172.56,2130.53,2074.86,2141.16" sx="M,M,M,F"/><TAIKYOKU oya="0"/><INIT seed="0,0,0,1,0,5" ten="250,250,250,250" oya="0" hai0="59,17,85,116,97,126,26,36,9,74,134,45,104" hai1="38,100,14,105,107,92,71,49,93,120,20,86,6" hai2="58,1,122,55,110,94,117,30,68,96,99,44,109" hai3="50,15,61,114,101,62,124,98,130,113,103,76,133"/><T31/><D74/><U78/><E38/><V72/><F122/><W27/><G130/><T37/><D116/><U33/><E33/><V118/><F68/><W115/><G133/><T32/><D134/><U56/><E71/><V125/><F125/><W131/><G131/><T89/><D126/><U22/><E120/><V4/><F72/><W0/><G0/><T39/><D59/><U91/><E78/><V2/><F30/><W121/><G124/><T70/><D70/><U13/><E107/><V34/><F34/><W111/><G121/><T102/><D45/><U21/><E105/><V127/><F44/><W66/><G111/><N who="2" m="42505" /><F127/><W54/><G76/><T67/><D67/><U119/><E119/><N who="2" m="45579" /><F4/><W57/><G27/><T25/><D25/><U83/><E6/><V88/><F96/><W90/><G62/><AGARI ba="0,0" hai="1,2,55,58,62,88,94,99" m="45579,42505" machi="62" ten="30,3900,0" yaku="14,1,12,1,54,1" doraHai="5" who="2" fromWho="3" sc="250,0,250,0,250,39,250,-39" /><INIT seed="1,0,0,0,4,4" ten="250,250,289,211" oya="1" hai0="90,103,37,100,39,128,61,115,17,21,94,42,87" hai1="22,93,75,5,97,33,11,72,108,26,107,30,67" hai2="18,127,65,29,36,50,76,116,86,112,129,31,70" hai3="14,111,20,79,34,130,74,80,124,16,62,38,48"/><U82/><E107/><V64/><F116/><W92/><G111/><T73/><D73/><U60/><E108/><V102/><F36/><W104/><G104/><T85/><D115/><U51/><E33/><V131/><F112/><W118/><G38/><T32/><D32/><U45/><E82/><N who="2" m="47431" /><F127/><W25/><G130/><N who="2" m="49673" /><F102/><W81/><G124/><T68/><D39/><U0/><E51/><V135/><F135/><W8/><G118/><T96/><D37/><U15/><E45/><V71/><F18/><W28/><G81/><T9/><D42/><U110/><E0/><V91/><F91/><W123/><G123/><T13/><D103/><U95/><E110/><V78/><F78/><W52/><G92/><T122/><D128/><U105/><E105/><V99/><F99/><W88/><G62/><T119/><D119/><U98/><E98/><V54/><F65/><W41/><G41/><T83/><D122/><U57/><E95/><V120/><F120/><W133/><G133/><T24/><D87/><U55/><E55/><V59/><F64/><W132/><G132/><T63/><REACH who="0" step="1"/><D68/><AGARI ba="0,0" hai="29,31,50,54,59,68,70,71" m="49673,47431" machi="68" ten="30,1000,0" yaku="19,1" doraHai="4" who="2" fromWho="0" sc="250,-10,250,0,289,10,211,0" /><INIT seed="2,0,0,1,0,58" ten="240,250,299,211" oya="2" hai0="71,103,118,100,29,123,10,101,80,38,98,31,111" hai1="82,75,1,124,102,55,13,92,106,130,22,20,60" hai2="129,50,133,57,84,95,68,3,113,112,69,78,85" hai3="0,90,16,15,127,62,27,87,64,66,73,108,36"/><V30/><F3/><W32/><G108/><T61/><D38/><U63/><E1/><V11/><F129/><W119/><G73/><T46/><D111/><U53/><E106/><V121/><F121/><W41/><G0/><T96/><D123/><U83/><E130/><V52/><F133/><W49/><G127/><T28/><D118/><U19/><E124/><V122/><F122/><W24/><G36/><T12/><D46/><U125/><E75/><V114/><F30/><W109/><G119/><T131/><D80/><N who="1" m="30763" /><E125/><V77/><F11/><W70/><G66/><T42/><D42/><U34/><E34/><V115/><F115/><W116/><G32/><T44/><D44/><U74/><E74/><V134/><F134/><W132/><G132/><T18/><D131/><U56/><E22/><V126/><F126/><W72/><G72/><T7/><D71/><U105/><E105/><V6/><F6/><W8/><G109/><T5/><REACH who="0" step="1"/><D61/><REACH who="0" ten="230,250,299,211" step="2"/><N who="1" m="23627" /><E56/><V65/><F68/><W93/><REACH who="3" step="1"/><G116/><REACH who="3" ten="230,250,299,201" step="2"/><T4/><AGARI ba="0,2" hai="4,5,7,10,12,18,28,29,31,96,98,100,101,103" machi="4" ten="40,8000,1" yaku="1,1,0,1,29,2,8,1,53,0" doraHai="58" doraHaiUra="88" who="0" fromWho="0" sc="230,100,250,-20,299,-40,201,-20" /><INIT seed="3,0,0,4,5,75" ten="330,230,259,181" oya="3" hai0="97,116,98,54,11,42,128,104,7,10,57,31,100" hai1="91,132,117,112,72,46,92,15,125,25,58,109,94" hai2="122,24,115,2,74,59,121,44,36,21,47,118,65" hai3="114,76,51,131,35,102,56,40,0,67,55,85,22"/><W62/><G114/><T69/><D69/><U6/><E112/><V53/><F115/><W52/><G35/><T60/><D116/><U28/><E72/><V17/><F2/><W27/><G0/><T37/><D128/><U23/><E117/><V38/><F74/><W84/><G131/><T16/><D31/><U89/><E132/><V33/><F118/><W105/><G105/><T29/><D29/><U61/><E125/><V111/><F111/><W135/><G102/><T9/><D98/><U73/><E73/><V26/><F65/><W80/><G135/><T34/><D34/><U18/><E46/><N who="2" m="17451" /><F26/><W82/><G40/><T83/><D42/><U49/><E49/><N who="2" m="31151" /><F33/><W99/><G99/><T129/><D37/><U63/><E6/><V134/><F134/><W107/><G51/><T39/><D39/><U20/><E109/><V32/><F32/><W48/><G48/><T88/><D129/><U126/><E126/><V8/><F8/><W70/><G70/><T13/><D7/><U101/><E101/><V127/><F127/><W103/><G103/><T19/><D13/><U66/><REACH who="1" step="1"/><E63/><REACH who="1" ten="330,220,259,181" step="2"/><V1/><F1/><W77/><G107/><T30/><D100/><U93/><AGARI ba="0,1" hai="15,18,20,23,25,28,58,61,66,89,91,92,93,94" machi="93" ten="30,7900,0" yaku="1,1,2,1,0,1,8,1,53,0" doraHai="75" doraHaiUra="95" who="1" fromWho="1" sc="330,-20,220,89,259,-20,181,-39" owari="310,41.0,309,10.9,239,-16.1,142,-35.8" /></mjloggm>