<mjloggm ver="2.3"><GO type="225" lobby="0"/><UN n0="%4B%2E%32%2E%4B%2E" n1="%E3%81%90%E3%81%A1%E3%82%84%E3%81%BE" n2="%E5%8D%A0%E3%81%84%E5%B8%AB%E8%A3%8F%E3%81%AA%E3%81%84%E3%81%97" n3="%E9%BB%99%E8%81%B4%E3%81%AE%E3%81%99%E3%82%9D%E3%82%81" dan="17,16,17,16" rate="2170.00,2150.93,2171.26,2130.60" sx="M,M,M,M"/><TAIKYOKU oya="0"/><INIT seed="0,0,0,0,3,20" ten="250,250,250,250" oya="0" hai0="23,4,111,56,35,16,114,85,37,96,83,47,41" hai1="40,102,5,76,87,127,30,64,65,86,125,120,28" hai2="60,13,66,130,128,1,39,67,63,21,129,101,38" hai3="81,33,75,112,44,0,126,3,71,49,88,123,68"/><T54/><D114/><U79/><E102/><V106/><F1/><W15/><G112/><T132/><D132/><U43/><REACH who="1" step="1"/><E5/><REACH who="1" ten="250,240,250,250" step="2"/><V50/><F101/><W48/><G123/><AGARI ba="0,1" hai="28,30,40,43,64,65,76,79,86,87,120,123,125,127" machi="123" ten="25,6400,0" yaku="1,1,2,1,22,2,53,0" doraHai="20" doraHaiUra="69" who="1" fromWho="3" sc="250,0,240,74,250,0,250,-64" /><INIT seed="1,0,0,4,3,129" ten="250,314,250,186" oya="1" hai0="128,71,26,45,85,117,83,98,73,59,118,103,84" hai1="93,57,76,95,41,74,2,87,34,3,78,37,33" hai2="9,55,18,63,25,102,114,32,0,112,68,66,107" hai3="116,127,90,81,99,28,51,19,54,23,13,70,5"/><U67/><E74/><V119/><F119/><W69/><G116/><T46/><D71/><U97/><E37/><V40/><F55/><W134/><G127/><T38/><D128/><U12/><E41/><V77/><F77/><W96/><G134/><T21/><D73/><U113/><E12/><V14/><F40/><W105/><G70/><T135/><D85/><U126/><E87/><V7/><F18/><W47/><G69/><T130/><D130/><U79/><E113/><V6/><F14/><W80/><G105/><T132/><D59/><U125/><E57/><V39/><F6/><W52/><G5/><T24/><D24/><U60/><E60/><V56/><F56/><W110/><G110/><T89/><D117/><U91/><E67/><V4/><F7/><W133/><G133/><N who="0" m="51275" /><D38/><U131/><E131/><V94/><F94/><N who="3" m="56407" /><G28/><N who="0" m="17487" /><D118/><U124/><REACH who="1" step="1"/><E95/><AGARI ba="0,0" hai="45,46,83,84,89,95,98,103" m="17487,51275" machi="95" ten="30,7700,0" yaku="20,1,52,3" doraHai="129" who="0" fromWho="1" sc="250,77,314,-77,250,0,186,0" /><INIT seed="2,0,0,0,2,9" ten="327,237,250,186" oya="2" hai0="132,59,58,27,76,62,52,21,101,118,79,18,0" hai1="95,89,121,14,106,4,47,2,133,46,20,66,96" hai2="123,99,65,113,10,41,67,131,107,115,28,105,120" hai3="84,94,15,124,50,32,11,108,103,126,60,83,49"/><V93/><F10/><W22/><G32/><T34/><D132/><U56/><E133/><V42/><F28/><W129/><G108/><T48/><D118/><U70/><E70/><V98/><REACH who="2" step="1"/><F93/><REACH who="2" ten="327,237,240,186" step="2"/><W69/><G11/><T110/><D0/><U3/><E3/><V78/><F78/><W63/><G94/><T35/><D79/><U54/><E2/><V1/><F1/><W26/><G126/><T40/><D76/><U30/><E30/><V75/><F75/><W17/><G124/><T45/><D34/><U7/><E95/><V127/><F127/><W39/><G22/><T12/><D35/><U16/><E20/><V97/><F97/><W114/><G114/><T88/><D21/><U116/><E96/><V82/><F82/><W13/><G83/><T43/><D18/><U37/><E16/><V53/><F53/><W77/><G17/><T24/><D52/><U134/><E54/><V130/><AGARI ba="0,1" hai="41,42,65,67,98,99,105,107,113,115,120,123,130,131" machi="130" ten="25,18000,2" yaku="1,1,0,1,22,2,53,2" doraHai="9" doraHaiUra="92" who="2" fromWho="2" sc="327,-60,237,-60,240,190,186,-60" /><INIT seed="2,1,0,5,3,103" ten="267,177,430,126" oya="2" hai0="110,68,125,1,66,92,71,126,63,4,78,135,134" hai1="97,35,109,133,116,18,13,43,72,95,32,6,5" hai2="22,85,55,123,44,112,60,84,131,121,0,14,98" hai3="93,75,74,7,65,3,124,94,19,41,27,34,59"/><V12/><F0/><W69/><G69/><T48/><D110/><U82/><E116/><V31/><F112/><W132/><G132/><N who="0" m="50731" /><D78/><U51/><E133/><V58/><F131/><W30/><G124/><N who="0" m="47723" /><D92/><U25/><E109/><V91/><F123/><W38/><G38/><T77/><D77/><U99/><E82/><V33/><F33/><W118/><G41/><T21/><D21/><U9/><E72/><V29/><F121/><W104/><G118/><T86/><D86/><N who="2" m="33386" /><F44/><W11/><G104/><T23/><D23/><U36/><E36/><V49/><F49/><W106/><G106/><T114/><D114/><U56/><E51/><V90/><F90/><W54/><G65/><T64/><D48/><U81/><E35/><V96/><F91/><W108/><G108/><T76/><D76/><U8/><E32/><V70/><F22/><W119/><G119/><T80/><D80/><U62/><E81/><V130/><F98/><W24/><G24/><T53/><D53/><U89/><E99/><V111/><F96/><W45/><G45/><T100/><D100/><U26/><E43/><V115/><F55/><W120/><G120/><T128/><D128/><U10/><E26/><V40/><F40/><W67/><G67/><N who="0" m="25643" /><D63/><U50/><E50/><V117/><F60/><N who="3" m="35959" /><G75/><T79/><D79/><U46/><E46/><V47/><F47/><W107/><G74/><T28/><D28/><U61/><E25/><V2/><F111/><W57/><G107/><T73/><D73/><U87/><E62/><V39/><F115/><W113/><G113/><T17/><D17/><U42/><E42/><RYUUKYOKU ba="1,0" sc="267,30,177,-10,430,-10,126,-10" hai0="1,4,68,71" /><INIT seed="3,2,0,4,2,111" ten="297,167,420,116" oya="3" hai0="101,30,69,53,77,132,1,59,92,37,55,40,79" hai1="107,39,33,134,80,58,75,17,28,91,41,47,22" hai2="84,35,114,97,18,20,52,125,95,7,46,70,104" hai3="57,129,122,66,72,83,32,67,128,99,65,121,5"/><W109/><G32/><T86/><D69/><U9/><E134/><V90/><F114/><W117/><G5/><T112/><D1/><U113/><E113/><V50/><F70/><W105/><G105/><T15/><D37/><U60/><E107/><V23/><F125/><W29/><G29/><T98/><D40/><U10/><E28/><V100/><F35/><W11/><G11/><T3/><D3/><U19/><E33/><V51/><F7/><W108/><G99/><T94/><D132/><U102/><E102/><V45/><F18/><W62/><G83/><T81/><D112/><U36/><E36/><V96/><F97/><W116/><G72/><T14/><D53/><AGARI ba="2,0" hai="20,23,45,46,50,51,52,53,84,90,95,96,100,104" machi="53" ten="30,3900,0" yaku="7,1,9,1,54,1" doraHai="111" who="2" fromWho="0" sc="297,-45,167,0,420,45,116,0" owari="252,5.2,167,-23.3,465,56.5,116,-38.4" /></mjloggm>