<mjloggm ver="2.3"><GO type="225" lobby="0"/><UN n0="%4C%4F%4C%49%54%41" n1="%E3%83%94%E3%83%B3%E3%82%B5%E3%83%AD%E5%BA%97%E5%93%A1" n2="%E4%BF%BA%E3%81%A8%E5%A6%96%E5%A4%A2" n3="%E3%81%8B%E3%82%8F%E3%81%A1%E3%82%83%E3%82%93%35%38" dan="16,17,16,16" rate="2093.93,2208.29,2090.08,2152.53" sx="F,M,F,M"/><TAIKYOKU oya="0"/><INIT seed="0,0,0,0,4,24" ten="250,250,250,250" oya="0" hai0="13,43,36,73,5,80,28,109,45,65,61,91,21" hai1="15,42,118,134,85,67,106,114,87,7,11,70,59" hai2="125,66,51,107,0,132,99,33,41,74,92,25,50" hai3="48,34,18,81,123,40,103,38,72,77,135,29,129"/><T16/><D109/><U111/><E118/><V23/><F107/><W53/><G129/><T20/><D5/><U100/><E70/><V55/><F74/><W76/><G135/><T79/><D91/><U64/><E134/><V31/><F132/><W96/><G123/><T78/><D78/><U116/><E116/><V9/><F125/><W58/><G77/><T93/><D93/><U68/><E68/><V47/><F66/><W19/><G38/><T83/><D83/><U69/><E69/><V49/><F33/><W122/><G40/><T127/><D127/><U1/><E111/><V104/><F104/><W12/><G122/><T2/><D2/><U17/><E42/><V26/><F26/><W113/><G113/><T90/><D90/><U128/><E128/><V82/><F82/><W8/><G34/><T89/><D89/><U14/><E1/><V98/><F92/><W131/><G131/><T54/><D54/><U101/><E114/><V126/><F126/><W3/><G3/><T27/><REACH who="0" step="1"/><D61/><REACH who="0" ten="240,250,250,250" step="2"/><N who="1" m="37951" /><E106/><V88/><F88/><W30/><G18/><T60/><D60/><U105/><E105/><AGARI ba="0,1" hai="8,12,19,29,30,48,53,58,72,76,81,96,103,105" machi="105" ten="30,3900,0" yaku="7,1,52,2" doraHai="24" who="3" fromWho="1" sc="240,0,250,-39,250,0,250,49" /><INIT seed="1,0,0,2,1,37" ten="240,211,250,299" oya="1" hai0="77,123,114,45,119,133,2,135,106,7,56,18,129" hai1="97,89,72,33,125,54,80,55,29,113,19,79,107" hai2="28,124,81,43,15,41,84,49,117,21,128,91,118" hai3="69,27,71,1,104,100,61,131,105,78,32,120,12"/><U48/><E113/><V35/><F128/><W47/><G12/><T4/><D106/><U74/><E74/><V13/><F124/><W63/><G78/><T53/><D114/><U90/><E125/><V126/><F126/><W109/><G120/><T3/><D119/><U73/><E73/><V101/><F35/><W130/><G1/><N who="0" m="11" /><D129/><N who="3" m="49161" /><G109/><T86/><D45/><U42/><E19/><V50/><F117/><W25/><G47/><T122/><D18/><U85/><E29/><V46/><F101/><W51/><G51/><N who="2" m="19465" /><F118/><W5/><G5/><N who="0" m="2123" /><D86/><U10/><E10/><V83/><F83/><W16/><G16/><T11/><D77/><U121/><E33/><V103/><F46/><W62/><G100/><T31/><D31/><U8/><E8/><V65/><F103/><W99/><G99/><T132/><D11/><U24/><E121/><V112/><F112/><W52/><G32/><T39/><D39/><U38/><E38/><V70/><F70/><N who="3" m="26635" /><G52/><N who="1" m="20010" /><E107/><AGARI ba="0,0" hai="25,27,61,62,63,104,105,107" m="26635,49161" machi="107" ten="40,5200,0" yaku="28,2,19,1" doraHai="37" who="3" fromWho="1" sc="240,0,211,-52,250,0,299,52" /><INIT seed="2,0,0,2,1,60" ten="240,159,250,351" oya="2" hai0="4,56,131,113,124,76,114,47,97,118,9,61,31" hai1="5,130,68,83,36,78,41,38,23,93,11,16,112" hai2="121,62,66,89,103,74,44,28,15,79,43,82,22" hai3="63,95,49,52,50,32,53,126,132,77,106,100,13"/><V123/><F103/><W107/><G32/><T122/><D122/><U45/><E112/><V26/><F89/><W96/><G126/><T91/><D131/><U73/><E130/><V20/><F20/><W101/><G132/><T12/><D124/><U18/><E68/><V104/><F104/><W135/><G135/><T35/><D118/><U116/><E116/><V81/><F81/><W98/><G77/><T29/><D76/><U80/><E80/><V34/><F15/><W129/><G129/><T69/><D69/><U125/><E125/><V108/><F22/><W134/><G134/><T128/><D128/><U88/><E38/><V111/><F44/><W21/><G95/><N who="0" m="56575" /><D35/><U30/><E23/><V120/><REACH who="2" step="1"/><F43/><REACH who="2" ten="240,159,240,351" step="2"/><W85/><G21/><T90/><D113/><U115/><E115/><V7/><F7/><W39/><G13/><T8/><D114/><U3/><E30/><V42/><F42/><W67/><G106/><T17/><D47/><U94/><E94/><V33/><F33/><W92/><G107/><T71/><D4/><U19/><E18/><V119/><F119/><W133/><G92/><T99/><D29/><U64/><E64/><V70/><AGARI ba="0,1" hai="26,28,34,62,66,70,74,79,82,108,111,120,121,123" machi="70" ten="40,24000,3" yaku="1,1,0,1,23,2,52,1,53,3" doraHai="60" doraHaiUra="117" who="2" fromWho="2" sc="240,-80,159,-80,240,250,351,-80" /><INIT seed="2,1,0,4,3,70" ten="160,79,490,271" oya="2" hai0="10,4,11,9,1,35,106,37,75,26,2,58,52" hai1="119,68,7,126,83,116,49,87,112,63,15,107,121" hai2="135,21,32,46,44,133,91,84,62,98,122,113,19" hai3="56,114,132,127,22,53,103,130,66,73,100,5,124"/><V72/><F113/><W115/><G5/><T86/><D75/><U76/><E112/><N who="3" m="43050" /><G22/><T69/><D106/><U92/><E107/><V6/><F32/><W79/><G66/><T29/><D69/><U23/><E126/><N who="3" m="48170" /><G56/><T134/><D37/><U77/><E121/><V82/><F122/><W30/><G30/><T90/><D134/><U78/><E92/><V38/><F135/><W34/><G34/><T95/><REACH who="0" step="1"/><D1/><REACH who="0" ten="150,79,490,271" step="2"/><U45/><E119/><V128/><F133/><W41/><G132/><T33/><D33/><U8/><E116/><V80/><F38/><W89/><G73/><T50/><AGARI ba="1,1" hai="2,4,9,10,11,26,29,35,50,52,58,86,90,95" machi="50" ten="20,5200,0" yaku="1,1,0,1,7,1,54,1,53,0" doraHai="70" doraHaiUra="120" who="0" fromWho="0" sc="150,65,79,-14,490,-27,271,-14" /><INIT seed="3,0,0,4,0,93" ten="215,65,463,257" oya="3" hai0="108,71,73,109,57,84,119,30,130,126,21,94,37" hai1="32,80,104,47,76,105,24,68,8,121,67,85,55" hai2="65,98,87,9,120,101,53,96,77,5,90,62,133" hai3="14,129,92,45,123,16,46,33,17,7,40,29,38"/><W70/><G123/><T88/><D71/><U134/><E134/><V61/><F133/><W63/><G129/><T107/><D37/><U35/><E121/><V59/><F77/><W58/><G70/><T19/><D119/><U72/><E8/><V81/><F120/><W31/><G7/><T125/><D73/><U74/><E67/><V36/><F36/><W20/><G33/><T66/><D30/><U114/><E68/><V23/><F23/><W43/><G17/><T39/><D39/><U112/><E47/><V91/><F91/><W89/><G45/><T42/><D42/><U122/><E55/><V48/><F101/><W82/><G82/><T100/><D130/><U15/><E122/><V13/><F62/><W27/><G14/><N who="0" m="9463" /><D66/><U49/><E49/><V64/><F64/><W6/><G6/><T132/><D57/><AGARI ba="0,0" hai="5,9,13,48,53,57,59,61,65,81,87,90,96,98" machi="57" ten="30,7700,0" yaku="7,1,8,1,52,2" doraHai="93" who="2" fromWho="0" sc="215,-77,65,0,463,77,257,0" owari="138,-26.2,65,-43.5,540,64.0,257,5.7" /></mjloggm>