<mjloggm ver="2.3"><GO type="225" lobby="0"/><UN n0="%72%61%6B%33" n1="%E5%91%A8%E6%9D%B1" n2="%E3%81%A4%E3%81%A3%E3%81%B1%E3%82%8A%E3%83%9D%E3%83%BC%E3%83%AB" n3="%E3%81%BF%E3%81%BF%E3%81%9A" dan="16,16,17,17" rate="2091.98,2146.29,2162.94,2192.68" sx="M,M,M,M"/><TAIKYOKU oya="0"/><INIT seed="0,0,0,0,2,32" ten="250,250,250,250" oya="0" hai0="16,11,25,8,127,92,17,60,61,97,130,107,55" hai1="91,75,71,81,13,26,120,56,6,54,106,98,12" hai2="53,132,118,65,40,59,108,5,15,78,27,80,73" hai3="9,82,96,131,135,47,126,124,113,110,72,66,102"/><T85/><D127/><N who="3" m="48681" /><G113/><T77/><D130/><U116/><E71/><V36/><F108/><W4/><G131/><T63/><D107/><U29/><E116/><V88/><F118/><W34/><G110/><T45/><D77/><U74/><E120/><V33/><F132/><W105/><G34/><T84/><D55/><U3/><E75/><V109/><F109/><W21/><G135/><T83/><D45/><U101/><E91/><V2/><F65/><W117/><G117/><T48/><D48/><U119/><E119/><V58/><F15/><W133/><G133/><T18/><D25/><U68/><E68/><V100/><F100/><W28/><G66/><T10/><D83/><U1/><E81/><V42/><F27/><W89/><G47/><T7/><D7/><U57/><E74/><V128/><F33/><W99/><G99/><T0/><D0/><U103/><E103/><AGARI ba="0,0" hai="8,10,11,16,17,18,60,61,63,84,85,92,97,103" machi="103" ten="50,12000,1" yaku="29,2,8,1,54,1" doraHai="32" who="0" fromWho="1" sc="250,120,250,-120,250,0,250,0" /><INIT seed="0,1,0,2,4,111" ten="370,130,250,250" oya="0" hai0="6,114,117,87,34,60,116,71,63,1,38,98,120" hai1="90,93,43,33,35,89,56,75,48,19,105,13,67" hai2="133,92,66,79,102,40,11,70,54,15,123,91,5" hai3="83,16,127,52,58,101,51,97,10,41,131,47,73"/><T2/><D34/><U129/><E105/><V68/><F123/><W119/><G119/><T69/><D87/><U36/><E75/><V112/><F133/><W31/><G127/><T32/><D32/><U14/><E36/><V135/><F135/><W99/><G31/><T24/><D98/><U49/><E43/><V0/><F79/><W88/><G131/><T18/><D6/><U28/><E56/><V62/><F40/><W72/><G72/><T7/><D7/><U126/><E67/><V85/><F102/><W8/><G73/><T39/><D18/><U3/><E93/><V130/><F130/><W78/><G78/><T27/><D120/><U44/><E44/><V50/><F112/><AGARI ba="1,0" hai="1,2,24,27,38,39,60,63,69,71,112,114,116,117" machi="112" ten="25,9600,0" yaku="22,2,52,2" doraHai="111" who="0" fromWho="2" sc="370,99,130,0,250,-99,250,0" /><INIT seed="0,2,0,5,0,55" ten="469,130,151,250" oya="0" hai0="99,108,6,106,26,94,36,24,42,46,33,53,74" hai1="40,103,8,59,119,86,105,14,29,60,39,128,129" hai2="2,124,70,112,76,19,69,25,80,37,91,90,27" hai3="111,63,114,118,130,85,135,56,132,72,57,49,28"/><T78/><D106/><U66/><E119/><V68/><F112/><W3/><G72/><T41/><D33/><U102/><E29/><V125/><F37/><W52/><G3/><T62/><D41/><U73/><E73/><V38/><F38/><W93/><G114/><T127/><D127/><N who="2" m="48714" /><F2/><W104/><G104/><T71/><D108/><U21/><E21/><N who="2" m="13503" /><F27/><W16/><G28/><T122/><D122/><U50/><E39/><V30/><F30/><W67/><G118/><T22/><D6/><U81/><E105/><V134/><F134/><N who="3" m="51243" /><G111/><T58/><D71/><N who="2" m="18178" /><V12/><DORA hai="5" /><F12/><W82/><G130/><N who="1" m="50282" /><E40/><V121/><F121/><W4/><G4/><T133/><D133/><U45/><E45/><V61/><F61/><W7/><G7/><T115/><D115/><U92/><E50/><V31/><F31/><W43/><G43/><T18/><D24/><U123/><E123/><V34/><F34/><W75/><G16/><T117/><D117/><U84/><E14/><V87/><AGARI ba="2,0" hai="76,80,87,90,91" m="18178,13503,48714" machi="87" ten="50,1600,0" yaku="18,1" doraHai="55,5" who="2" fromWho="2" sc="469,-10,130,-6,151,22,250,-6" /><INIT seed="1,0,0,1,5,50" ten="459,124,173,244" oya="1" hai0="30,46,77,128,3,69,31,75,1,93,100,63,133" hai1="17,79,22,59,94,90,37,106,20,122,19,39,125" hai2="14,7,67,99,32,38,61,91,114,117,107,92,88" hai3="96,102,11,35,116,121,51,68,84,16,44,85,72"/><U81/><E106/><V76/><F117/><W23/><G72/><T124/><D46/><U18/><E122/><V41/><F32/><W25/><G68/><T66/><D77/><U27/><E125/><V112/><F107/><W64/><G121/><T58/><D75/><U132/><E132/><V111/><F111/><W15/><G35/><T103/><D133/><U82/><E59/><N who="2" m="37311" /><F76/><W5/><G64/><T118/><D118/><U34/><E34/><V8/><F41/><W28/><G5/><T134/><D128/><U45/><E45/><V29/><F29/><W21/><G21/><T123/><D124/><U110/><E110/><V49/><F49/><W42/><G116/><T70/><D134/><U83/><E79/><V108/><F38/><W71/><G71/><T104/><D104/><AGARI ba="0,0" hai="11,15,16,23,25,28,42,44,51,84,85,96,102,104" machi="104" ten="30,2000,0" yaku="7,1,54,1" doraHai="50" who="3" fromWho="0" sc="459,-20,124,0,173,0,244,20" /><INIT seed="2,0,0,1,5,95" ten="439,124,173,264" oya="2" hai0="34,68,3,133,130,104,126,45,27,47,91,49,96" hai1="89,12,98,46,111,75,22,25,28,131,118,127,53" hai2="121,20,81,119,67,10,90,36,107,80,88,0,102" hai3="116,52,41,63,112,29,87,71,44,117,11,82,120"/><V64/><F119/><W92/><G120/><T94/><D3/><U132/><E111/><V61/><F121/><W65/><G29/><T108/><D68/><U100/><E127/><V134/><F36/><W5/><G92/><T60/><D126/><U109/><E109/><V2/><F134/><W101/><G52/><T4/><D4/><U14/><E132/><V99/><F20/><W103/><G112/><T135/><D108/><U86/><E75/><V84/><F10/><W113/><G103/><T42/><D130/><U38/><E131/><V18/><F18/><W1/><G101/><T74/><D74/><U124/><E118/><V24/><F24/><W31/><G31/><T48/><D60/><U76/><E76/><V56/><F67/><W115/><G113/><T123/><D123/><U39/><E124/><V114/><F114/><W51/><G115/><T78/><D78/><AGARI ba="0,0" hai="1,5,11,41,44,51,63,65,71,78,82,87,116,117" machi="78" ten="30,1000,0" yaku="7,1" doraHai="95" who="3" fromWho="0" sc="439,-10,124,0,173,0,264,10" /><INIT seed="3,0,0,3,1,16" ten="429,124,173,274" oya="3" hai0="135,13,96,38,36,48,11,50,17,8,85,108,32" hai1="37,66,52,100,1,106,20,120,64,111,23,70,45" hai2="42,77,39,47,41,83,126,117,84,114,128,74,130" hai3="109,26,63,107,6,44,72,123,134,55,122,62,34"/><W73/><G107/><T2/><D32/><U97/><E120/><V94/><F117/><W51/><G6/><T15/><D2/><U24/><E1/><V87/><F114/><W131/><G131/><N who="2" m="50217" /><F126/><W116/><G116/><T43/><D108/><U132/><E111/><V31/><F31/><W112/><G109/><T113/><D135/><U35/><E132/><V46/><F94/><W125/><G112/><T40/><D85/><U86/><E86/><V90/><F90/><W69/><G134/><T7/><D96/><U88/><E88/><V56/><F56/><W98/><G98/><T95/><D95/><U82/><E82/><V101/><F101/><W21/><G125/><T99/><D99/><U78/><E78/><V18/><F18/><W22/><G73/><T58/><D58/><U10/><E10/><V71/><F71/><W119/><G72/><T27/><D27/><U89/><E89/><V104/><F104/><W79/><G79/><T29/><D29/><N who="1" m="19879" /><E66/><V3/><F3/><W25/><G119/><T4/><D17/><U133/><E133/><V75/><F75/><W110/><G110/><T81/><D81/><U9/><E9/><V127/><F127/><W105/><G123/><T91/><D91/><U102/><E102/><V68/><F87/><W121/><G122/><T124/><D124/><U59/><E45/><V60/><F84/><W93/><G44/><T49/><D113/><U53/><E37/><AGARI ba="0,0" hai="4,7,8,11,13,15,36,37,38,40,43,48,49,50" machi="37" ten="40,1300,0" yaku="9,1" doraHai="16" who="0" fromWho="1" sc="429,13,124,-13,173,0,274,0" owari="442,54.2,111,-38.9,173,-22.7,274,7.4" /></mjloggm>