<mjloggm ver="2.3"><GO type="225" lobby="0"/><UN n0="%E3%81%AF%E3%82%88%E3%81%8A%E3%81%98%E3%81%95%E3%82%93" n1="%E3%81%95%E3%81%8D%E3%81%9F%E3%81%BE%E6%9E%97%E6%AA%8E" n2="%E6%9D%B1%E9%A2%A8%E3%81%AE%E3%81%8D%E3%82%83%E3%81%B7%E3%81%95%E3%82%93" n3="%E3%82%8F%E3%81%8B%E3%81%B0%2A%E3%82%AC%E3%83%BC%E3%83%AB" dan="17,16,16,16" rate="2161.66,2133.06,2153.87,2204.64" sx="M,M,M,M"/><TAIKYOKU oya="0"/><INIT seed="0,0,0,3,5,1" ten="250,250,250,250" oya="0" hai0="109,118,130,2,7,43,70,28,48,24,124,111,20" hai1="18,41,103,27,120,94,55,84,121,12,86,116,26" hai2="68,8,76,69,96,77,49,21,110,72,45,36,19" hai3="17,119,89,90,123,22,61,51,85,3,33,75,50"/><T4/><D70/><U59/><E116/><V46/><F110/><N who="0" m="41994" /><D118/><U107/><E107/><V80/><F77/><W65/><G75/><T112/><D2/><U64/><E64/><V74/><F74/><W73/><G73/><T93/><D112/><U10/><E41/><V106/><F36/><W30/><G3/><T52/><D124/><U13/><E121/><V97/><F8/><W53/><G119/><T98/><D43/><U15/><E120/><V38/><F38/><W101/><G101/><N who="0" m="60623" /><D130/><U127/><E127/><V35/><F35/><W83/><G33/><T126/><D126/><U25/><E103/><V6/><F6/><W92/><G123/><T31/><D28/><U87/><E94/><V37/><F37/><W78/><G30/><T60/><D60/><AGARI ba="0,0" hai="10,12,13,15,18,25,26,27,55,59,60,84,86,87" machi="60" ten="40,1300,0" yaku="8,1" doraHai="1" who="1" fromWho="0" sc="250,-13,250,13,250,0,250,0" /><INIT seed="1,0,0,5,0,39" ten="237,263,250,250" oya="1" hai0="134,38,29,27,67,42,103,9,53,43,120,45,41" hai1="5,122,56,100,85,84,101,82,89,130,90,33,99" hai2="15,14,132,76,116,32,126,54,17,105,34,7,61" hai3="135,128,104,78,19,63,24,109,48,46,11,2,123"/><U115/><E33/><N who="2" m="12907" /><F105/><W36/><G123/><T21/><D120/><U65/><E5/><V88/><F88/><N who="1" m="33897" /><E122/><V10/><F76/><W52/><G104/><T79/><D38/><U86/><E115/><V95/><F95/><W62/><G109/><T68/><D68/><U59/><E65/><V8/><F54/><W18/><G36/><T118/><D118/><U72/><E130/><V58/><F58/><N who="1" m="22057" /><E72/><V75/><F61/><W40/><G128/><T22/><D134/><U55/><E55/><V6/><F75/><W77/><G135/><T13/><D79/><N who="3" m="30217" /><G2/><T31/><D67/><U28/><E28/><N who="0" m="10825" /><D27/><U113/><E113/><V49/><F49/><N who="3" m="26823" /><G24/><T133/><D103/><N who="1" m="39499" /><E99/><V117/><F132/><W35/><G35/><T12/><D133/><U37/><E37/><V3/><F126/><W50/><G50/><N who="0" m="28879" /><D13/><U57/><N who="1" m="22065" /><U112/><DORA hai="0" /><E112/><V92/><F92/><W23/><G62/><T30/><N who="0" m="10833" /><T47/><DORA hai="64" /><D47/><U20/><E20/><AGARI ba="0,0" hai="3,6,7,8,10,14,15,17,20,116,117" m="12907" machi="20" ten="30,7700,0" yaku="34,2,52,2" doraHai="39,0,64" who="2" fromWho="1" sc="237,0,263,-77,250,77,250,0" /><INIT seed="2,0,0,4,0,109" ten="237,186,327,250" oya="2" hai0="40,7,86,77,111,103,90,6,16,32,24,4,110" hai1="130,38,132,116,14,31,134,2,133,83,126,51,117" hai2="74,65,104,85,13,19,105,129,131,28,106,10,15" hai3="8,5,45,108,80,34,0,122,99,27,25,42,47"/><V57/><F74/><W121/><G108/><N who="0" m="41515" /><D103/><U72/><E38/><V75/><F75/><W71/><G71/><T64/><D64/><U60/><E60/><V67/><F28/><W101/><G80/><T89/><D40/><U21/><E51/><V30/><F30/><W63/><G63/><T9/><D32/><U62/><E62/><V33/><F33/><W12/><G0/><T55/><D55/><U1/><E72/><V123/><F123/><W114/><G114/><T127/><D127/><U23/><E83/><V96/><F85/><W94/><G47/><T44/><D44/><U61/><E61/><V70/><F70/><W79/><G79/><T76/><D89/><U56/><E56/><V59/><F96/><W18/><G25/><T87/><D87/><U66/><E66/><N who="2" m="25099" /><F15/><W69/><G69/><T128/><D128/><AGARI ba="0,0" hai="10,13,19,57,59,104,105,106,128,129,131" m="25099" machi="128" ten="40,2000,0" yaku="19,1" doraHai="109" who="2" fromWho="0" sc="237,-20,186,0,327,20,250,0" /><INIT seed="2,1,0,1,0,20" ten="217,186,347,250" oya="2" hai0="31,82,49,25,91,15,27,119,129,47,114,87,70" hai1="1,103,102,63,52,28,19,79,22,122,120,36,135" hai2="101,98,115,24,11,84,130,132,123,53,21,54,99" hai3="76,112,9,80,38,48,116,32,90,7,105,56,4"/><V65/><F130/><W93/><G105/><T42/><D114/><U43/><E1/><V37/><F37/><W30/><G38/><T2/><D2/><U57/><E79/><V85/><F132/><W113/><G116/><T68/><D129/><U124/><E135/><V8/><F65/><W51/><G30/><T18/><D119/><U64/><E28/><V110/><F123/><N who="1" m="47145" /><E124/><V97/><F110/><W10/><G32/><T81/><D82/><U121/><N who="1" m="47153" /><U94/><DORA hai="86" /><E94/><V55/><F101/><N who="1" m="38409" /><E36/><V35/><F35/><W45/><G56/><T50/><D50/><N who="3" m="18985" /><G45/><T69/><REACH who="0" step="1"/><D31/><REACH who="0" ten="207,186,347,250" step="2"/><U34/><E34/><V41/><F115/><N who="3" m="44107" /><G80/><T71/><N who="0" m="17408" /><DORA hai="29" /><T3/><D3/><U73/><E73/><V108/><F108/><W133/><G133/><T61/><D61/><U23/><E43/><V92/><F41/><W77/><G77/><T75/><D75/><U66/><E23/><AGARI ba="1,1" hai="15,18,23,25,27,42,47,49,81,87,91" m="17408" machi="23" ten="70,8000,1" yaku="1,1,52,3,53,1" doraHai="20,86,29" doraHaiUra="128,118,46" who="0" fromWho="1" sc="207,93,186,-83,347,0,250,0" /><INIT seed="3,0,0,5,0,13" ten="300,103,347,250" oya="3" hai0="51,102,71,29,11,72,35,93,86,126,65,78,17" hai1="109,55,89,83,77,39,119,0,74,44,96,67,12" hai2="82,110,19,95,61,125,38,79,107,21,25,23,9" hai3="50,5,22,3,10,60,53,70,18,2,43,15,68"/><W1/><G43/><T30/><D126/><U129/><E109/><V116/><F107/><W105/><G105/><T34/><D72/><U120/><E120/><V52/><F38/><W127/><G127/><T98/><D51/><U20/><E119/><V103/><F125/><W73/><G73/><T75/><D75/><U84/><E129/><V40/><F116/><W123/><G123/><T59/><D71/><U91/><E67/><V106/><F106/><W42/><G42/><T133/><D133/><U48/><E39/><V36/><F110/><W64/><REACH who="3" step="1"/><G70/><REACH who="3" ten="300,103,347,240" step="2"/><T6/><D35/><U32/><E32/><V114/><F40/><W117/><G117/><T81/><D34/><U99/><E74/><V121/><F121/><W80/><G80/><T131/><D131/><U85/><E0/><V37/><F114/><W88/><G88/><N who="1" m="33866" /><E85/><N who="2" m="48351" /><F37/><W33/><G33/><T101/><D102/><U94/><E94/><V26/><F36/><W46/><AGARI ba="0,1" hai="1,2,3,5,10,15,18,22,46,50,53,60,64,68" machi="46" ten="20,12000,1" yaku="1,1,0,1,7,1,52,1,53,1" doraHai="13" doraHaiUra="49" who="3" fromWho="3" sc="300,-40,103,-40,347,-40,240,130" owari="260,-14.0,63,-43.7,307,10.7,370,47.0" /></mjloggm>