<mjloggm ver="2.3"><GO type="225" lobby="0"/><UN n0="%E5%8D%A0%E3%81%84%E5%B8%AB%E8%A3%8F%E3%81%AA%E3%81%84%E3%81%97" n1="%E3%83%B4%E3%82%A3%E3%83%AF%E3%82%B3%E3%82%B0%E3%83%8B" n2="%E6%98%BC%E4%B8%8B%E3%81%8C%E3%82%8A%E3%81%AE%E5%9B%A3%E5%9C%B0%E5%A6%BB" n3="%E7%89%B9%E6%9D%B1%E3%81%AF%E4%B8%96%E7%95%8C%E3%82%92%E6%95%91%E3%81%86" dan="17,16,16,16" rate="2203.86,2212.09,2139.74,2163.90" sx="M,M,F,M"/><TAIKYOKU oya="0"/><INIT seed="0,0,0,2,1,131" ten="250,250,250,250" oya="0" hai0="1,102,9,53,89,62,29,38,106,99,95,127,32" hai1="31,126,44,66,119,23,24,4,59,123,71,35,17" hai2="94,98,105,82,11,61,120,80,34,111,6,75,46" hai3="69,36,79,40,72,114,104,14,37,132,113,88,47"/><T90/><D38/><U63/><E126/><V54/><F120/><W15/><G104/><T128/><D128/><U110/><E110/><V112/><F112/><W92/><G69/><T42/><D127/><U93/><E123/><V57/><F34/><W3/><G37/><T109/><D42/><U28/><E119/><V81/><F111/><W16/><G3/><T30/><D109/><U77/><E77/><V91/><F105/><W67/><G67/><T19/><D32/><U21/><E35/><V10/><F46/><W43/><G43/><T101/><D106/><U45/><E4/><V65/><F11/><W124/><G124/><T135/><D1/><U84/><E71/><V86/><F75/><W122/><G122/><T133/><D19/><U129/><E129/><V12/><REACH who="2" step="1"/><F65/><REACH who="2" ten="250,250,240,250" step="2"/><W13/><G114/><T96/><D9/><U7/><E44/><V134/><F134/><N who="0" m="51210" /><D29/><U22/><E28/><V130/><F130/><W64/><G132/><T125/><D125/><U83/><E31/><V74/><F74/><W56/><G113/><T116/><D30/><U73/><E73/><V33/><F33/><W103/><G72/><T118/><D118/><U51/><E22/><V49/><F49/><W20/><G36/><T55/><D116/><U97/><E21/><V76/><AGARI ba="0,1" hai="6,10,12,54,57,61,76,80,81,82,86,91,94,98" machi="76" ten="20,5200,0" yaku="1,1,0,1,7,1,8,1,53,0" doraHai="131" doraHaiUra="60" who="2" fromWho="2" sc="250,-26,250,-13,240,62,250,-13" /><INIT seed="1,0,0,5,4,62" ten="224,237,302,237" oya="1" hai0="73,52,133,117,119,26,111,72,94,38,7,84,97" hai1="36,129,55,128,81,125,47,101,8,88,35,49,43" hai2="78,95,120,110,118,3,113,71,24,64,4,58,31" hai3="126,15,130,98,11,19,104,40,0,17,30,65,60"/><U63/><E35/><V85/><F118/><W22/><G130/><T12/><D38/><U89/><E101/><V91/><F120/><W53/><G126/><T32/><D111/><U41/><E125/><V77/><F110/><W37/><G30/><T99/><D133/><U83/><E8/><V2/><F71/><W28/><G28/><T109/><D109/><U124/><E124/><V18/><F113/><W13/><G0/><T82/><D32/><U96/><E41/><V14/><F58/><W23/><G53/><T54/><D26/><U115/><E115/><V107/><F107/><W48/><G37/><T20/><D20/><U5/><E5/><V116/><F64/><W93/><G104/><T27/><D27/><U112/><E63/><V51/><F51/><W80/><G80/><N who="1" m="30794" /><E96/><V76/><F4/><W103/><G11/><N who="0" m="4223" /><D73/><U56/><E112/><V42/><F42/><W29/><G40/><T134/><D72/><U105/><E105/><V114/><F116/><N who="0" m="44618" /><D97/><U106/><E106/><V21/><REACH who="2" step="1"/><F114/><REACH who="2" ten="224,237,292,237" step="2"/><W61/><G48/><T33/><D54/><U46/><E56/><V70/><F70/><W50/><G50/><T127/><D127/><U79/><E79/><V25/><F25/><N who="3" m="16575" /><G60/><T90/><D52/><U9/><E128/><V69/><F69/><W67/><G61/><T74/><D74/><U121/><E121/><V102/><F102/><W59/><G59/><T75/><D75/><U123/><E123/><V100/><F100/><W16/><G15/><T86/><D33/><AGARI ba="0,1" hai="2,3,14,18,21,24,31,33,76,77,78,85,91,95" machi="33" ten="40,1300,0" yaku="1,1,53,0" doraHai="62" doraHaiUra="57" who="2" fromWho="0" sc="224,-13,237,0,292,23,237,0" /><INIT seed="2,0,0,2,2,113" ten="211,237,315,237" oya="2" hai0="3,22,106,97,7,110,30,122,103,38,50,78,27" hai1="17,127,20,79,72,12,90,104,8,83,62,26,125" hai2="64,48,76,134,33,21,9,111,4,51,1,6,120" hai3="16,39,69,119,13,5,102,49,73,58,133,63,123"/><V24/><F120/><W52/><G123/><T94/><D122/><U75/><E104/><V109/><F134/><W55/><G73/><T98/><D38/><U121/><E121/><V112/><F112/><W117/><G39/><T57/><D110/><N who="2" m="41994" /><F33/><W87/><G133/><T10/><D78/><U92/><E72/><V93/><F6/><W31/><G5/><T59/><REACH who="0" step="1"/><D50/><REACH who="0" ten="201,237,315,237" step="2"/><U118/><E118/><V129/><F76/><W100/><G119/><T84/><D84/><U60/><E127/><V19/><F48/><W37/><G37/><T47/><D47/><U114/><E125/><V71/><F51/><W18/><G117/><T124/><D124/><U68/><E114/><V70/><F129/><W42/><G42/><T91/><AGARI ba="0,1" hai="3,7,10,22,27,30,57,59,91,94,97,98,103,106" machi="91" ten="20,5200,0" yaku="1,1,0,1,7,1,53,1" doraHai="113" doraHaiUra="32" who="0" fromWho="0" sc="201,62,237,-13,315,-26,237,-13" /><INIT seed="3,0,0,2,3,46" ten="263,224,289,224" oya="3" hai0="115,135,62,118,48,88,107,34,102,68,127,0,111" hai1="1,38,29,132,69,92,108,66,19,74,18,119,130" hai2="81,23,50,6,36,116,9,27,42,11,70,109,20" hai3="4,120,122,82,72,8,100,83,75,121,13,5,21"/><W30/><G100/><T25/><RYUUKYOKU type="yao9" ba="0,0" sc="263,0,224,0,289,0,224,0" hai0="0,25,34,48,62,68,88,102,107,111,115,118,127,135" /><INIT seed="3,1,0,3,1,45" ten="263,224,289,224" oya="3" hai0="18,15,0,114,110,24,44,21,26,119,1,19,56" hai1="74,67,14,35,41,48,62,58,86,81,69,126,49" hai2="91,83,66,2,4,5,46,98,124,31,27,87,121" hai3="84,77,29,16,113,135,89,96,30,11,78,75,131"/><W68/><G113/><T43/><D119/><U100/><E35/><V107/><F124/><W54/><G68/><T64/><D114/><U112/><E112/><V129/><F129/><W10/><G75/><T59/><D110/><U99/><E74/><V109/><F109/><W80/><G131/><T95/><D64/><U103/><E126/><V28/><F121/><W60/><G135/><T40/><D95/><U51/><E69/><V57/><F46/><W7/><G7/><T117/><D117/><U88/><E41/><V52/><F66/><W108/><G108/><T123/><D123/><U50/><E50/><V38/><F38/><W32/><G32/><T105/><D105/><U42/><E42/><V133/><F133/><W37/><G37/><T47/><D15/><U93/><E14/><V71/><F71/><W116/><G116/><T106/><D106/><U61/><E61/><V34/><F28/><N who="3" m="10859" /><G96/><T73/><D73/><U39/><E39/><V63/><F2/><W8/><G16/><T33/><D33/><U101/><AGARI ba="1,0" hai="48,49,51,58,62,67,81,86,88,93,99,100,101,103" machi="101" ten="30,12000,2" yaku="0,1,8,1,52,3,54,1" doraHai="45" who="1" fromWho="1" sc="263,-31,224,123,289,-31,224,-61" owari="232,-16.8,347,44.7,258,5.8,163,-33.7" /></mjloggm>