<mjloggm ver="2.3"><GO type="225" lobby="0"/><UN n0="%E6%B7%91%E5%A5%B3%E3%81%AE%E5%97%9C%E3%81%BF" n1="%E9%B3%B3%E6%9D%B1%E3%81%AE%E3%81%BF%E3%81%91%E3%81%AB%E3%82%83%E3%82%93" n2="%E9%80%86%E9%80%A3%E5%B8%AF%E3%81%AE%E9%AC%BC" n3="%E5%91%A8%E6%9D%B1" dan="16,17,17,17" rate="2097.07,2210.71,2127.49,2213.07" sx="M,F,M,M"/><TAIKYOKU oya="0"/><INIT seed="0,0,0,5,3,70" ten="250,250,250,250" oya="0" hai0="38,27,54,13,42,2,78,130,66,9,46,100,97" hai1="67,47,117,129,21,50,111,110,48,35,18,24,65" hai2="75,102,39,95,22,3,49,84,44,71,133,33,82" hai3="40,62,81,107,69,36,15,0,92,76,101,113,132"/><T57/><D130/><U23/><E117/><V7/><F33/><W29/><G15/><T32/><D78/><U121/><E121/><V131/><F131/><W83/><G92/><T17/><D66/><U51/><E129/><V114/><F71/><W60/><G0/><T86/><D86/><U59/><E35/><V135/><F114/><W112/><G40/><T108/><D108/><N who="1" m="41515" /><E59/><V73/><F22/><W56/><G107/><T94/><D2/><U115/><E115/><V63/><F63/><W11/><G60/><T119/><D119/><U68/><E68/><V8/><F95/><W85/><G62/><T53/><REACH who="0" step="1"/><D57/><REACH who="0" ten="240,250,250,250" step="2"/><U55/><E67/><V28/><F3/><W72/><G69/><T20/><D20/><N who="1" m="13335" /><E65/><V25/><F84/><W19/><G85/><T89/><D89/><U123/><E123/><V31/><F75/><W45/><G72/><T12/><D12/><U77/><E77/><V91/><F73/><W37/><G76/><T103/><D103/><U124/><E124/><V93/><F91/><W104/><G101/><T106/><D106/><U122/><E122/><V87/><F102/><W61/><G56/><T116/><D116/><U99/><E99/><V41/><F87/><W26/><G104/><T79/><D79/><U126/><E126/><V127/><F127/><W120/><G120/><T128/><D128/><U74/><E74/><V43/><F93/><W58/><G58/><T30/><AGARI ba="0,1" hai="9,13,17,27,30,32,38,42,46,53,54,94,97,100" machi="30" ten="30,11700,0" yaku="1,1,0,1,52,1,53,1" doraHai="70" doraHaiUra="88" who="0" fromWho="0" sc="240,127,250,-39,250,-39,250,-39" /><INIT seed="0,1,0,4,3,30" ten="367,211,211,211" oya="0" hai0="2,87,104,27,44,5,67,55,36,22,50,68,69" hai1="29,66,106,120,89,133,86,64,53,26,9,127,83" hai2="73,123,47,135,20,78,71,14,108,4,1,61,128" hai3="112,101,43,54,131,70,74,37,41,48,12,80,24"/><T57/><D104/><U60/><E120/><V81/><F123/><W7/><G112/><T45/><D36/><U56/><E106/><V46/><F135/><W17/><G70/><T25/><D25/><U95/><E133/><V134/><F128/><W40/><G131/><T3/><D87/><U102/><E127/><V105/><F105/><W126/><G126/><T65/><D68/><U125/><E9/><V38/><F108/><W15/><G101/><T100/><D100/><U98/><REACH who="1" step="1"/><E125/><REACH who="1" ten="367,201,211,211" step="2"/><V42/><F134/><W59/><G37/><T31/><D3/><U130/><E130/><V49/><F1/><W132/><G132/><T110/><D110/><U52/><E52/><V79/><F38/><W114/><G114/><T76/><D67/><U39/><E39/><V72/><F42/><W13/><G43/><T99/><D65/><U28/><E28/><V88/><F4/><W16/><G7/><T84/><D5/><U124/><E124/><V11/><F11/><W122/><G122/><T109/><D2/><U23/><AGARI ba="1,1" hai="23,26,29,53,56,60,64,66,83,86,89,95,98,102" machi="23" ten="20,8000,1" yaku="1,1,0,1,7,1,8,1,53,1" doraHai="30" doraHaiUra="82" who="1" fromWho="1" sc="367,-41,201,93,211,-21,211,-21" /><INIT seed="1,0,0,3,4,27" ten="326,294,190,190" oya="1" hai0="126,72,122,56,125,93,84,74,45,42,61,34,31" hai1="96,26,16,29,0,95,101,69,63,15,30,66,85" hai2="9,64,73,55,116,7,134,32,109,39,78,33,52" hai3="2,35,40,90,118,94,87,99,91,105,11,82,19"/><U123/><E123/><V76/><F116/><W62/><G118/><T135/><D122/><U113/><E113/><V102/><F39/><W114/><G114/><T6/><D135/><U133/><E133/><V121/><F121/><W8/><G35/><T67/><D6/><U28/><E0/><V120/><F120/><W70/><G2/><T83/><D93/><U17/><E85/><V5/><F134/><W1/><G1/><T112/><D112/><U92/><E26/><V106/><F64/><W49/><G105/><T71/><D71/><U115/><E115/><V59/><F109/><W132/><G132/><T100/><D100/><U110/><E110/><V65/><F65/><W129/><G129/><T48/><D31/><U37/><E37/><V81/><F76/><W128/><G128/><T108/><D34/><U68/><E68/><V18/><F18/><W58/><G19/><T131/><D131/><U25/><E25/><V47/><F47/><N who="3" m="25831" /><G70/><T36/><D36/><U111/><E111/><V13/><F5/><W38/><G38/><T130/><D130/><U97/><REACH who="1" step="1"/><E15/><REACH who="1" ten="326,284,190,190" step="2"/><V104/><F33/><W80/><G80/><T41/><D108/><U119/><E119/><V75/><F32/><W43/><G43/><T103/><D42/><U51/><E51/><V20/><F81/><W86/><G86/><T77/><REACH who="0" step="1"/><D103/><AGARI ba="0,1" hai="16,17,28,29,30,63,66,69,92,95,96,97,101,103" machi="103" ten="40,18000,2" yaku="1,1,9,1,52,3,54,1,53,0" doraHai="27" doraHaiUra="127" who="1" fromWho="0" sc="326,-180,284,190,190,0,190,0" /><INIT seed="1,1,0,0,2,73" ten="146,474,190,190" oya="1" hai0="102,133,115,29,61,31,68,104,110,41,24,49,5" hai1="125,36,48,38,30,130,85,95,65,35,74,64,40" hai2="131,111,117,71,69,99,83,87,135,7,58,51,11" hai3="78,25,53,108,22,44,15,4,18,101,114,12,39"/><U122/><E95/><V75/><F117/><W10/><G114/><T91/><D115/><U45/><E85/><V77/><F135/><W96/><G108/><T100/><D110/><U50/><E30/><V32/><F111/><W116/><G116/><T3/><D133/><U14/><E14/><V124/><F32/><W86/><G39/><T19/><D19/><U118/><E74/><V89/><F131/><W105/><G44/><T21/><D31/><U2/><E2/><V13/><F124/><W98/><G98/><T109/><D109/><U57/><E35/><V88/><F99/><W23/><G53/><T79/><D91/><U20/><E20/><V126/><F126/><W119/><G119/><T81/><D104/><U16/><E16/><V52/><F89/><W112/><G112/><T17/><D17/><U54/><E118/><V42/><F42/><W132/><G132/><T113/><D113/><U72/><E72/><V47/><F47/><W123/><G123/><T55/><D41/><U26/><E26/><V90/><F90/><W46/><G46/><T127/><D127/><U129/><E122/><V6/><F6/><W97/><G97/><T70/><D3/><U0/><E0/><V80/><AGARI ba="1,0" hai="7,11,13,51,52,58,69,71,75,77,80,83,87,88" machi="80" ten="20,8000,1" yaku="0,1,7,1,52,1,54,2" doraHai="73" who="2" fromWho="2" sc="146,-21,474,-41,190,83,190,-21" /><INIT seed="2,0,0,4,4,49" ten="125,433,273,169" oya="2" hai0="45,96,33,31,11,40,20,75,110,58,84,115,79" hai1="0,44,76,19,90,131,78,13,132,104,122,68,39" hai2="86,126,27,63,55,4,74,14,16,124,17,85,30" hai3="133,5,46,113,56,118,128,43,114,70,123,73,92"/><V111/><F74/><W97/><G70/><T108/><D115/><N who="3" m="44041" /><G118/><T64/><D33/><U12/><E0/><V98/><F111/><W125/><G123/><T6/><D75/><U29/><E104/><V82/><F98/><W25/><G73/><T3/><D96/><U93/><E68/><V10/><F86/><W69/><G69/><T1/><D1/><U47/><E78/><V9/><F9/><W61/><G25/><T66/><D31/><U127/><E76/><V18/><F63/><W72/><G5/><T117/><D20/><U99/><E99/><V50/><F85/><W129/><G72/><T112/><D112/><U130/><E90/><V102/><F82/><W106/><G106/><T2/><D2/><U38/><E93/><V95/><F95/><W53/><G133/><T71/><D71/><U51/><E132/><V91/><F91/><N who="3" m="55455" /><G125/><N who="2" m="48233" /><F102/><W28/><G28/><T134/><D134/><U42/><E127/><V65/><F65/><W89/><G89/><T48/><D66/><U77/><E77/><V24/><F30/><W15/><G15/><T107/><D107/><U8/><E29/><V94/><F94/><W22/><G22/><T81/><REACH who="0" step="1"/><D117/><REACH who="0" ten="115,433,273,169" step="2"/><U52/><E8/><V36/><F10/><W7/><G7/><T67/><D67/><U88/><E19/><V100/><F16/><W32/><G32/><T119/><D119/><U135/><E135/><V41/><F18/><W34/><G34/><T57/><D57/><U103/><E12/><V23/><F17/><W109/><G109/><T116/><D116/><U35/><E13/><V59/><F14/><RYUUKYOKU ba="0,1" sc="115,15,433,-15,273,-15,169,15" hai0="3,6,11,40,45,48,58,64,79,81,84,108,110" hai3="43,46,53,56,61,128,129" /><INIT seed="3,1,1,0,1,8" ten="130,418,258,184" oya="3" hai0="111,97,128,36,44,34,2,45,6,116,21,110,94" hai1="88,66,38,72,28,56,99,9,109,104,82,79,118" hai2="100,69,112,91,77,14,53,54,114,51,37,65,43" hai3="133,121,67,33,24,18,10,120,20,59,90,101,135"/><W75/><G75/><T130/><D34/><U86/><E38/><V108/><F108/><N who="0" m="41514" /><D2/><U74/><E109/><V41/><F100/><W84/><G33/><T61/><D6/><U3/><E28/><V127/><F77/><W55/><G101/><T1/><D1/><U52/><E66/><V103/><F103/><W80/><G67/><T7/><D7/><U106/><E74/><V19/><F127/><W50/><REACH who="3" step="1"/><G10/><REACH who="3" ten="130,418,258,174" step="2"/><T12/><D116/><U89/><E9/><N who="2" m="6607" /><F65/><W125/><G125/><T16/><D61/><U42/><E72/><V95/><F114/><W98/><G98/><T107/><D107/><U40/><E99/><V4/><F112/><W123/><AGARI ba="1,2" hai="18,20,24,50,55,59,80,84,90,120,121,123,133,135" machi="123" ten="40,12000,1" yaku="1,1,0,1,53,2" doraHai="8" doraHaiUra="131" who="3" fromWho="3" sc="130,-41,418,-41,258,-41,174,143" /><INIT seed="3,2,0,5,2,29" ten="89,377,217,317" oya="3" hai0="7,78,129,10,37,27,32,17,133,0,117,47,72" hai1="1,79,11,63,77,53,134,85,2,71,3,45,23" hai2="51,34,115,118,59,80,12,31,56,97,28,6,19" hai3="62,107,39,58,128,66,73,44,123,20,104,103,127"/><W121/><G73/><T96/><D117/><U41/><E134/><V135/><F115/><W43/><G128/><T8/><D129/><U131/><E131/><V57/><F135/><W110/><G127/><T124/><D124/><U102/><E11/><V36/><F36/><W14/><G110/><T54/><D133/><U64/><E102/><V87/><F118/><W126/><G126/><T106/><D10/><U89/><E23/><V13/><F97/><W16/><REACH who="3" step="1"/><G103/><REACH who="3" ten="89,377,217,307" step="2"/><T109/><D109/><U21/><E21/><V60/><F34/><W70/><G70/><T49/><D32/><U112/><E112/><V81/><F60/><W42/><G42/><T92/><D72/><U15/><E15/><V69/><F69/><W55/><G55/><T130/><D130/><U116/><E53/><V68/><F68/><W75/><G75/><T5/><D54/><U94/><REACH who="1" step="1"/><E116/><REACH who="1" ten="89,367,217,307" step="2"/><V38/><F13/><W91/><G91/><T122/><D0/><U52/><E52/><V108/><F12/><W113/><G113/><T125/><D125/><U90/><E90/><V4/><F108/><W50/><G50/><AGARI ba="2,2" hai="1,2,3,41,45,50,63,64,71,77,79,85,89,94" machi="50" ten="40,1300,0" yaku="1,1,53,0" doraHai="29" doraHaiUra="114" who="1" fromWho="3" sc="89,0,367,39,217,0,307,-19" owari="89,-41.1,406,50.6,217,-18.3,288,8.8" /></mjloggm>