<mjloggm ver="2.3"><GO type="225" lobby="0"/><UN n0="%E3%81%BF%E3%81%BF%E3%81%9A" n1="%E9%A6%AC%E5%BC%95%E7%81%AB%33" n2="%E5%91%A8%E6%9D%B1" n3="%4C%4F%4C%49%54%41" dan="18,17,16,16" rate="2196.56,2131.00,2140.90,2077.87" sx="M,M,M,F"/><TAIKYOKU oya="0"/><INIT seed="0,0,0,5,2,1" ten="250,250,250,250" oya="0" hai0="11,2,128,76,37,32,117,61,29,118,48,51,87" hai1="58,21,122,18,56,77,22,39,108,45,100,4,55" hai2="129,123,68,49,112,84,120,116,13,92,114,36,6" hai3="5,90,99,83,52,57,46,59,102,34,132,66,127"/><T80/><D37/><U25/><E122/><N who="2" m="46635" /><F84/><W44/><G34/><T50/><D128/><U115/><E108/><V104/><F92/><N who="3" m="58727" /><G132/><T72/><D61/><U89/><E115/><N who="2" m="44075" /><F104/><W125/><G5/><T101/><D101/><U98/><E77/><V12/><F68/><W9/><G9/><T53/><D72/><U106/><E89/><V69/><F69/><W19/><G19/><T71/><D71/><U131/><E131/><V33/><F36/><W67/><G59/><T133/><D133/><U15/><E55/><V135/><F49/><N who="3" m="30863" /><G127/><T23/><D32/><U91/><E91/><V74/><F74/><W42/><G125/><T81/><D81/><U24/><E24/><V0/><F135/><W31/><G31/><T88/><D76/><U10/><REACH who="1" step="1"/><E22/><REACH who="1" ten="250,240,250,250" step="2"/><V79/><F79/><W43/><G90/><T35/><D35/><U60/><E60/><V94/><F33/><W97/><G67/><T107/><D53/><U8/><E8/><N who="2" m="2119" /><F129/><W105/><G66/><T62/><D62/><U7/><E7/><V78/><F78/><W65/><G65/><T75/><D88/><U14/><E14/><N who="2" m="5739" /><F94/><W70/><G105/><T130/><D107/><U73/><E73/><V30/><F30/><W63/><G63/><T16/><D75/><U93/><E93/><V95/><F95/><W64/><G64/><T111/><D130/><U121/><E121/><V96/><F96/><W3/><G97/><T26/><D29/><U85/><E85/><V103/><F103/><W28/><G28/><T41/><D87/><U47/><E47/><V119/><AGARI ba="0,1" hai="116,119" m="5739,2119,44075,46635" machi="119" ten="40,5200,0" yaku="34,2,52,1" doraHai="1" who="2" fromWho="2" sc="250,-26,240,-13,250,62,250,-13" /><INIT seed="1,0,0,1,5,74" ten="224,227,312,237" oya="1" hai0="27,75,132,56,133,127,113,30,110,31,4,47,94" hai1="50,107,55,33,73,104,122,106,134,98,58,76,12" hai2="14,112,28,2,8,39,83,116,67,117,111,91,118" hai3="42,88,16,45,6,48,26,92,46,84,23,36,38"/><U97/><E122/><V102/><F39/><W72/><G72/><T69/><D69/><U121/><E121/><V95/><F2/><W29/><G6/><T79/><D113/><U18/><E33/><V131/><F67/><W59/><G59/><T10/><D110/><U93/><E134/><N who="0" m="51817" /><D127/><U109/><E109/><V64/><F64/><W101/><G101/><T13/><D56/><U25/><E25/><V68/><F68/><W81/><G45/><T61/><D61/><U80/><REACH who="1" step="1"/><E93/><REACH who="1" ten="224,217,312,237" step="2"/><V123/><F95/><W49/><G36/><T34/><D94/><U129/><E129/><V40/><F131/><W63/><G63/><T57/><D34/><U51/><E51/><V7/><F111/><W37/><G37/><T66/><D27/><U108/><E108/><V54/><F117/><W0/><G0/><T96/><D30/><U52/><E52/><V22/><F54/><W100/><REACH who="3" step="1"/><G29/><REACH who="3" ten="224,217,312,227" step="2"/><T53/><D31/><U125/><E125/><V9/><F28/><W24/><G24/><T65/><D65/><U124/><E124/><V62/><F118/><W60/><G60/><T44/><D66/><U120/><E120/><V32/><F62/><W41/><G41/><T130/><D130/><U114/><E114/><V21/><F40/><W103/><G103/><T19/><D53/><U20/><AGARI ba="0,2" hai="12,18,20,50,55,58,73,76,80,97,98,104,106,107" machi="20" ten="30,11700,0" yaku="1,1,0,1,52,1,53,1" doraHai="74" doraHaiUra="105" who="1" fromWho="1" sc="224,-39,217,137,312,-39,227,-39" /><INIT seed="1,1,0,3,5,76" ten="185,354,273,188" oya="1" hai0="84,131,75,79,40,41,111,20,18,130,47,30,61" hai1="31,4,70,36,1,2,121,99,91,109,126,110,28" hai2="19,15,100,112,119,64,97,114,21,118,113,81,96" hai3="127,72,88,52,17,32,46,94,0,29,12,27,92"/><U34/><E121/><V89/><F64/><W73/><G0/><N who="1" m="106" /><E36/><V80/><F89/><W57/><G46/><T14/><D111/><N who="1" m="42507" /><E70/><V13/><F13/><W87/><G94/><T37/><D75/><U82/><E126/><V22/><F22/><W5/><G5/><T67/><D30/><U50/><E4/><V39/><F39/><W11/><REACH who="3" step="1"/><G127/><REACH who="3" ten="185,354,273,178" step="2"/><T23/><D41/><U124/><E124/><V108/><F108/><W6/><G6/><T98/><D98/><N who="2" m="37994" /><F100/><W16/><G16/><T33/><D33/><U133/><E99/><V95/><F95/><W69/><G69/><T85/><D20/><U44/><E34/><V101/><F101/><W115/><G115/><T45/><D47/><U49/><E44/><V62/><F62/><AGARI ba="1,1" hai="11,12,17,27,29,32,52,57,62,72,73,87,88,92" machi="62" ten="30,7700,0" yaku="1,1,7,1,54,2,53,0" doraHai="76" doraHaiUra="122" who="3" fromWho="2" sc="185,0,354,0,273,-80,178,90" /><INIT seed="2,0,0,5,3,95" ten="185,354,193,268" oya="2" hai0="52,48,105,132,63,56,30,32,84,54,6,66,51" hai1="33,7,44,116,109,72,104,68,94,67,23,3,102" hai2="18,65,120,49,100,123,97,43,61,19,60,1,64" hai3="128,115,103,50,42,41,86,28,122,134,131,91,34"/><V73/><F73/><W40/><G122/><T24/><D132/><U118/><E94/><V21/><F1/><W110/><G110/><T74/><D74/><U83/><E23/><V119/><F119/><W22/><G134/><T20/><D105/><U81/><E81/><V59/><F43/><W37/><G115/><T80/><D6/><U135/><E109/><V11/><F49/><N who="0" m="19018" /><D32/><U75/><E75/><V57/><F11/><W78/><G50/><T12/><D12/><U46/><E46/><V39/><F39/><W112/><G112/><T9/><D9/><N who="1" m="2303" /><E33/><V87/><F87/><W98/><G78/><AGARI ba="0,0" hai="20,24,30,52,54,56,63,66,78,80,84" m="19018" machi="78" ten="30,2000,0" yaku="8,1,54,1" doraHai="95" who="0" fromWho="3" sc="185,20,354,0,193,0,268,-20" /><INIT seed="3,0,0,3,4,112" ten="205,354,193,248" oya="3" hai0="33,21,119,32,67,42,53,52,130,12,97,104,38" hai1="45,105,49,68,101,73,111,94,7,87,56,118,107" hai2="48,100,27,81,93,34,62,115,108,78,114,123,126" hai3="82,6,70,96,3,5,106,131,65,10,132,22,117"/><W44/><G6/><T11/><D119/><U61/><E73/><V54/><F123/><W125/><G125/><T71/><D21/><U19/><E68/><V4/><F126/><W109/><G22/><T74/><D74/><U14/><E7/><V25/><F4/><W88/><G117/><T16/><D130/><U95/><E111/><V66/><F108/><W64/><G109/><T75/><D75/><U43/><E118/><V18/><F100/><W20/><G132/><T72/><D72/><U76/><E101/><V92/><F18/><W13/><G70/><T51/><D97/><U0/><E0/><V113/><F34/><W24/><G3/><T29/><D104/><U46/><E46/><V9/><F9/><W57/><G106/><T90/><D90/><U1/><E1/><V40/><F40/><W23/><G23/><T135/><D135/><U121/><E121/><V86/><F27/><W85/><G44/><N who="0" m="23639" /><D29/><U37/><E37/><V91/><F25/><W83/><G96/><T35/><D51/><U8/><E107/><V63/><F66/><W84/><G131/><T98/><D98/><U36/><E36/><V50/><F50/><W31/><G84/><T110/><D110/><U77/><E105/><V39/><F39/><W128/><G128/><T129/><D129/><U60/><E87/><N who="2" m="52351" /><F93/><N who="3" m="54415" /><G65/><T28/><D28/><U41/><E41/><V15/><F15/><W133/><G133/><T127/><D127/><U47/><E47/><V55/><F48/><W80/><G64/><T17/><D17/><U120/><E120/><V103/><F103/><W26/><G31/><RYUUKYOKU ba="0,0" sc="205,15,354,-15,193,15,248,-15" hai0="11,12,16,32,33,35,52,53,67,71" hai2="54,55,62,63,78,81,86,113,114,115" owari="220,-18.0,339,43.9,208,-29.2,233,3.3" /></mjloggm>