<mjloggm ver="2.3"><GO type="225" lobby="0"/><UN n0="%E7%99%BD%E5%80%89%E5%AF%9B%E4%B9%8B" n1="%E3%83%96%E3%83%83%E3%83%91%E3%82%AA%E3%83%96%E3%83%81%E3%82%AD%E3%83%B3" n2="%79%75%72%69%6D%6F%67" n3="%E3%81%BF%E3%81%BF%E3%81%9A" dan="16,16,16,18" rate="2106.91,2207.23,2149.53,2204.24" sx="M,M,F,M"/><TAIKYOKU oya="0"/><INIT seed="0,0,0,1,1,43" ten="250,250,250,250" oya="0" hai0="74,86,49,38,63,105,40,97,96,27,93,25,53" hai1="84,44,125,101,69,113,73,66,82,37,85,13,115" hai2="102,71,122,98,110,0,112,95,127,83,10,23,64" hai3="39,119,100,52,120,87,50,133,56,4,80,91,57"/><T129/><D74/><U3/><E3/><V12/><F122/><W47/><G119/><T17/><D129/><U30/><E125/><V76/><F110/><W59/><G120/><T72/><D72/><U58/><E69/><V15/><F127/><W14/><G133/><T31/><D105/><U7/><E101/><V132/><F132/><W77/><G100/><T108/><D108/><U124/><E124/><V134/><F112/><N who="1" m="43081" /><E30/><V130/><F130/><W6/><G39/><T81/><D38/><U70/><E70/><V62/><F134/><W2/><G2/><T67/><D40/><N who="1" m="22543" /><E7/><V89/><F102/><W123/><G123/><T11/><D93/><U107/><E107/><V42/><F23/><W41/><G41/><T131/><D131/><U92/><E13/><V18/><F15/><W60/><G60/><T9/><D31/><U116/><E116/><V117/><F117/><W36/><G36/><T48/><D63/><N who="1" m="38263" /><E92/><V54/><F0/><W114/><G114/><T65/><D17/><U75/><E85/><V111/><F111/><W28/><G28/><T88/><D86/><U32/><E32/><V104/><F104/><W121/><G121/><T26/><D26/><U106/><E106/><V78/><F42/><W94/><REACH who="3" step="1"/><G14/><REACH who="3" ten="250,250,250,240" step="2"/><T103/><D103/><U5/><E5/><V61/><F61/><W21/><G21/><T24/><D9/><U51/><E51/><V20/><F20/><W99/><AGARI ba="0,1" hai="4,6,47,50,52,56,57,59,77,80,87,91,94,99" machi="99" ten="30,8000,1" yaku="1,1,0,1,8,1,52,1,54,1,53,0" doraHai="43" doraHaiUra="19" who="3" fromWho="3" sc="250,-40,250,-20,250,-20,240,90" /><INIT seed="1,0,0,5,0,132" ten="210,230,230,330" oya="1" hai0="73,15,39,107,37,110,34,56,83,3,125,65,118" hai1="9,69,43,87,101,99,72,109,16,81,82,76,80" hai2="11,123,20,127,95,108,66,111,119,10,53,98,71" hai3="33,90,124,25,40,21,64,31,97,49,0,115,2"/><U51/><E69/><V128/><F123/><W52/><G115/><T1/><D56/><U100/><E109/><N who="2" m="42059" /><F119/><W14/><G64/><T85/><D65/><U91/><E81/><V23/><F128/><W4/><G40/><T130/><D110/><U113/><E113/><V50/><F66/><W89/><G124/><T12/><D118/><U86/><E72/><V28/><F71/><W17/><G97/><T117/><D73/><U18/><E9/><N who="2" m="3083" /><F28/><W122/><G122/><T129/><D117/><U94/><REACH who="1" step="1"/><E101/><REACH who="1" ten="210,220,230,330" step="2"/><N who="2" m="60639" /><F127/><W131/><G131/><T29/><D125/><U74/><E74/><V13/><F13/><W96/><G4/><T126/><D130/><U59/><E59/><AGARI ba="0,1" hai="20,23,50,53,59" m="60639,3083,42059" machi="59" ten="30,1000,0" yaku="14,1" doraHai="132" who="2" fromWho="1" sc="210,0,220,-10,230,20,330,0" /><INIT seed="2,0,0,3,2,57" ten="210,210,250,330" oya="2" hai0="89,118,49,127,14,87,99,5,129,121,23,40,29" hai1="17,2,69,28,132,18,124,70,94,96,104,98,15" hai2="130,84,60,100,95,42,67,62,107,45,123,54,36" hai3="77,7,20,48,73,53,74,125,64,85,103,131,115"/><V106/><F130/><W24/><G7/><T46/><D121/><U34/><E2/><V111/><F123/><W117/><G117/><T39/><D118/><U0/><E0/><V31/><F31/><W8/><G8/><T12/><D129/><U93/><E104/><V88/><F100/><W128/><G103/><T80/><D127/><U43/><E124/><V86/><F111/><W38/><G38/><T47/><D5/><U58/><E132/><V83/><F54/><W82/><G125/><T1/><D1/><U11/><E43/><V13/><F13/><W113/><G64/><T135/><D135/><U134/><E134/><V51/><F36/><W65/><G65/><T76/><D46/><U119/><E119/><V22/><F22/><W101/><G101/><T25/><D39/><U63/><E18/><V26/><F26/><W21/><G131/><T110/><D110/><U68/><E28/><V19/><F19/><N who="3" m="12319" /><G21/><T61/><D61/><U114/><E34/><V78/><REACH who="2" step="1"/><F62/><REACH who="2" ten="210,210,240,330" step="2"/><W59/><G128/><T33/><D33/><U3/><E3/><V133/><F133/><W92/><G115/><T27/><D27/><U120/><E114/><V35/><F35/><W50/><G113/><T112/><D112/><U105/><E120/><V97/><F97/><N who="1" m="37481" /><E105/><V52/><F52/><W55/><G55/><T81/><REACH who="0" step="1"/><D99/><REACH who="0" ten="200,210,240,330" step="2"/><U16/><E17/><V126/><F126/><W32/><G32/><T37/><D37/><U72/><E72/><AGARI ba="0,2" hai="12,14,23,25,29,40,47,49,72,76,80,81,87,89" machi="72" ten="30,2000,0" yaku="1,1,7,1,53,0" doraHai="57" doraHaiUra="66" who="0" fromWho="1" sc="200,40,210,-20,240,0,330,0" /><INIT seed="3,0,0,5,0,33" ten="240,190,240,330" oya="3" hai0="132,89,94,11,105,95,7,126,80,53,37,38,23" hai1="84,66,29,48,18,65,123,133,42,21,118,1,124" hai2="44,134,120,59,51,54,22,102,101,97,50,69,61" hai3="129,110,49,90,81,78,20,10,119,39,17,104,58"/><W41/><G119/><T16/><D105/><U13/><E123/><V36/><F134/><W45/><G104/><T103/><D132/><U106/><E133/><V3/><F3/><W77/><G10/><T5/><D126/><U8/><E124/><V2/><F2/><W67/><G129/><T56/><D38/><U63/><E106/><V55/><F120/><W85/><G110/><T121/><D37/><U0/><E118/><V24/><F97/><W15/><G39/><T88/><D103/><U62/><E84/><V71/><F36/><W98/><G98/><N who="0" m="57671" /><D80/><U28/><E42/><N who="2" m="24855" /><F71/><W57/><G67/><T109/><D11/><U25/><E48/><V92/><F92/><W9/><G9/><T87/><D109/><U79/><E79/><AGARI ba="0,0" hai="15,17,20,41,45,49,57,58,77,78,79,81,85,90" machi="79" ten="40,2000,0" yaku="8,1" doraHai="33" who="3" fromWho="1" sc="240,0,190,-20,240,0,330,20" owari="240,4.0,170,-33.0,240,-16.0,350,45.0" /></mjloggm>