<mjloggm ver="2.3"><GO type="225" lobby="0"/><UN n0="%E3%81%BE%E3%81%A8%E3%81%9F" n1="%E6%98%93%E5%88%A9%E8%96%A9%E4%BC%AF" n2="%E3%80%90%E8%92%BC%E7%90%89%E3%80%91" n3="%E5%91%A8%E6%9D%B1" dan="16,17,16,17" rate="2118.76,2149.44,2186.30,2172.72" sx="M,F,F,M"/><TAIKYOKU oya="0"/><INIT seed="0,0,0,2,1,60" ten="250,250,250,250" oya="0" hai0="131,92,125,97,3,78,56,28,101,94,110,13,8" hai1="37,77,30,51,71,135,111,104,93,19,48,65,54" hai2="120,128,26,96,36,38,63,132,44,47,64,27,69" hai3="70,79,35,59,55,18,129,118,20,31,50,119,112"/><T22/><D125/><U87/><E104/><V1/><F120/><W123/><G112/><T80/><D131/><U58/><E111/><V90/><F1/><W16/><G129/><T133/><D133/><U88/><E135/><V73/><F73/><W41/><G123/><T115/><D115/><U72/><E37/><V4/><F4/><W46/><G79/><T86/><D110/><U57/><E30/><V66/><F128/><W76/><G76/><T102/><D3/><U21/><E71/><V68/><F132/><W121/><G121/><T49/><D28/><U67/><E72/><V116/><F116/><W39/><G18/><T74/><D22/><U106/><E106/><V15/><F15/><W12/><REACH who="3" step="1"/><G70/><REACH who="3" ten="250,250,250,240" step="2"/><T23/><D78/><U113/><E77/><V53/><F68/><W9/><G9/><T82/><D8/><U17/><E113/><V11/><F11/><W117/><G117/><T40/><D74/><U75/><E75/><V52/><F69/><W42/><G42/><T29/><D40/><U33/><E33/><V24/><F36/><W130/><G130/><T6/><D6/><U100/><E100/><V5/><F38/><W7/><G7/><T61/><D102/><U95/><E19/><V89/><F5/><W10/><G10/><T2/><D101/><U83/><E17/><V98/><F24/><AGARI ba="0,1" hai="12,16,20,24,31,35,39,41,46,50,55,59,118,119" machi="24" ten="40,2600,0" yaku="1,1,54,1,53,0" doraHai="60" doraHaiUra="103" who="3" fromWho="2" sc="250,0,250,0,250,-26,240,36" /><INIT seed="1,0,0,1,3,43" ten="250,250,224,276" oya="1" hai0="105,17,81,11,35,64,21,90,83,120,41,129,47" hai1="58,118,70,4,9,53,76,15,133,82,5,10,110" hai2="30,128,134,3,49,20,123,39,106,135,36,96,6" hai3="108,116,8,74,66,40,98,95,122,42,91,65,124"/><U94/><E118/><V127/><F123/><W50/><G122/><T102/><D35/><U68/><E133/><N who="2" m="50699" /><F128/><W24/><G74/><T60/><D129/><U132/><E132/><V23/><F127/><W7/><G124/><T109/><D109/><U84/><E94/><V75/><F75/><W33/><G108/><T16/><D90/><U32/><E32/><V115/><F115/><W59/><G116/><T54/><D54/><U46/><E110/><V126/><F126/><W103/><G91/><T69/><D17/><U31/><E31/><V72/><F72/><W44/><G42/><T100/><D11/><U12/><REACH who="1" step="1"/><E46/><REACH who="1" ten="250,240,224,276" step="2"/><V92/><F30/><W27/><G33/><T87/><D120/><U25/><E25/><V26/><F26/><W28/><G28/><T73/><D105/><U34/><E34/><V0/><F106/><W85/><G27/><T37/><D83/><U117/><E117/><V130/><F130/><W99/><G24/><T121/><D121/><U93/><E93/><V97/><F92/><W55/><G99/><T67/><D81/><U29/><E29/><V89/><F97/><W125/><G125/><T48/><D47/><U52/><E52/><V119/><F96/><W18/><G98/><T101/><D67/><U13/><E13/><V80/><F119/><W63/><G66/><T107/><D107/><U51/><AGARI ba="0,1" hai="4,5,9,10,12,15,51,53,58,68,70,76,82,84" machi="51" ten="20,7800,0" yaku="1,1,0,1,7,1,9,1,53,0" doraHai="43" doraHaiUra="111" who="1" fromWho="1" sc="250,-26,240,88,224,-26,276,-26" /><INIT seed="1,1,0,5,4,1" ten="224,328,198,250" oya="1" hai0="24,134,97,64,44,12,3,82,0,104,84,106,65" hai1="58,79,34,39,85,81,35,59,2,132,14,117,20" hai2="130,18,92,38,40,22,61,46,19,53,48,125,6" hai3="129,107,121,111,112,68,21,108,66,83,91,99,118"/><U101/><E117/><V78/><F125/><W31/><G66/><T89/><D3/><U7/><E39/><V17/><F130/><W63/><G63/><T96/><D0/><U74/><E132/><V98/><F78/><W57/><G57/><T27/><D104/><U90/><E101/><V62/><F6/><W80/><G21/><T94/><D134/><U133/><E133/><V41/><F22/><W124/><G31/><T114/><D114/><U43/><E43/><N who="2" m="16459" /><F38/><W49/><G68/><T26/><D44/><U16/><E35/><V52/><F53/><W32/><G32/><T69/><D69/><U37/><E34/><V8/><F8/><W131/><G124/><T102/><REACH who="0" step="1"/><D12/><REACH who="0" ten="214,328,198,250" step="2"/><U75/><E2/><V54/><F54/><W33/><G107/><T30/><D30/><U28/><E28/><V93/><F93/><W72/><G112/><T10/><D10/><U105/><E14/><V67/><F67/><W109/><G129/><T42/><D42/><U126/><E105/><V60/><F17/><W76/><G131/><T122/><D122/><U56/><E16/><N who="2" m="6187" /><F61/><W36/><G121/><T115/><D115/><U13/><E126/><V88/><AGARI ba="1,1" hai="46,48,52,60,62,88,92,98" m="6187,16459" machi="88" ten="30,7900,0" yaku="8,1,54,3" doraHai="1" who="2" fromWho="2" sc="214,-21,328,-40,198,92,250,-21" /><INIT seed="2,0,0,2,0,13" ten="193,288,290,229" oya="2" hai0="94,132,23,98,44,51,82,100,66,68,24,41,112" hai1="11,63,88,19,92,110,67,76,120,126,116,134,106" hai2="74,26,39,57,21,40,6,96,33,45,113,58,17" hai3="78,135,103,80,75,122,105,101,95,20,87,119,38"/><V0/><F113/><W25/><G38/><T99/><D132/><U125/><E116/><V118/><F118/><W22/><G119/><T60/><D112/><U49/><E106/><V89/><F74/><W55/><G122/><T111/><D111/><U85/><E110/><V36/><F36/><W86/><G135/><T37/><D82/><U77/><E134/><V93/><REACH who="2" step="1"/><F33/><REACH who="2" ten="193,288,280,229" step="2"/><W29/><G75/><T121/><D121/><U7/><E120/><V65/><F65/><W5/><G105/><T69/><D37/><U104/><E104/><V12/><F12/><W117/><G117/><T81/><D66/><U27/><E67/><V62/><F62/><W46/><G25/><T70/><D60/><U108/><E63/><V130/><F130/><W127/><G127/><T42/><D69/><U16/><E108/><V128/><F128/><W52/><G103/><T123/><D68/><U64/><E64/><V102/><F102/><W84/><G101/><T3/><D70/><U18/><E27/><V50/><F50/><W30/><G95/><T61/><D123/><U59/><E125/><V31/><F31/><W15/><G30/><T8/><D61/><U107/><E107/><V71/><F71/><W54/><G29/><T129/><D129/><U4/><E126/><V114/><F114/><W34/><G34/><T91/><D100/><U79/><E11/><AGARI ba="0,1" hai="0,6,11,17,21,26,39,40,45,57,58,89,93,96" machi="11" ten="40,3900,0" yaku="1,1,52,1,53,0" doraHai="13" doraHaiUra="10" who="2" fromWho="1" sc="193,0,288,-39,280,49,229,0" /><INIT seed="2,1,0,3,4,18" ten="193,249,329,229" oya="2" hai0="28,123,49,9,26,116,86,48,45,72,29,118,132" hai1="100,94,111,73,127,129,117,62,36,115,24,89,131" hai2="98,96,27,1,82,119,125,10,52,74,71,25,2" hai3="114,130,63,30,80,107,76,95,38,46,79,53,81"/><V33/><F71/><W5/><G107/><T110/><D72/><U128/><E115/><V68/><F68/><W22/><G114/><T16/><D123/><U21/><E117/><N who="0" m="45161" /><D110/><U101/><E36/><V64/><F64/><W23/><G130/><T109/><D109/><U0/><E0/><V15/><F119/><W59/><G5/><T112/><D112/><U65/><E73/><V41/><F41/><W47/><G38/><T32/><D132/><U3/><E3/><V92/><F125/><W104/><G104/><T13/><D29/><N who="1" m="17551" /><E127/><V57/><F74/><W113/><G113/><T87/><D49/><U31/><E31/><V51/><F33/><W120/><G120/><T70/><D70/><N who="1" m="42295" /><E111/><V58/><F1/><W124/><G124/><T6/><D6/><U37/><E37/><V12/><F2/><W50/><G30/><T121/><D121/><U20/><E20/><N who="3" m="7722" /><G95/><T35/><D32/><U43/><E43/><AGARI ba="1,0" hai="9,13,16,26,28,35,43,45,48,86,87" m="45161" machi="43" ten="30,2000,0" yaku="12,1,54,1" doraHai="18" who="0" fromWho="1" sc="193,23,249,-23,329,0,229,0" /><INIT seed="3,0,0,0,1,94" ten="216,226,329,229" oya="3" hai0="59,5,35,61,67,123,19,58,98,54,86,23,85" hai1="91,108,118,18,89,68,110,128,46,14,26,62,25" hai2="83,112,13,49,47,80,10,116,53,76,36,65,16" hai3="97,3,44,122,52,79,21,33,20,126,22,1,6"/><W29/><G122/><T109/><D123/><U81/><E118/><V64/><F116/><W9/><G79/><T11/><D109/><N who="1" m="42091" /><E128/><V42/><F112/><W133/><G126/><T8/><D35/><U111/><N who="1" m="42099" /><U63/><DORA hai="105" /><E46/><V124/><F124/><W92/><G133/><T113/><D113/><U12/><E12/><V45/><REACH who="2" step="1"/><F83/><REACH who="2" ten="216,226,319,229" step="2"/><W30/><G1/><T121/><D121/><U75/><E81/><V104/><F104/><W125/><G125/><T131/><D131/><U95/><E95/><V60/><F60/><W127/><G127/><T87/><D5/><U17/><E63/><V90/><F90/><W31/><G33/><T78/><D78/><U119/><E91/><V2/><F2/><W93/><REACH who="3" step="1"/><G97/><REACH who="3" ten="216,226,319,219" step="2"/><T117/><D98/><U120/><E120/><V103/><F103/><W51/><AGARI ba="0,2" hai="3,6,9,20,21,22,29,30,31,44,51,52,92,93" machi="51" ten="40,12000,1" yaku="1,1,2,1,0,1,54,1,53,0" doraHai="94,105" doraHaiUra="132,135" who="3" fromWho="3" sc="216,-40,226,-40,319,-40,219,140" owari="176,-32.4,186,-21.4,279,7.9,359,45.9" /></mjloggm>