<mjloggm ver="2.3"><GO type="225" lobby="0"/><UN n0="%E3%82%BC%E3%83%AB%E3%83%80%E3%81%AE%E4%BC%9D%E8%AA%AC" n1="%E3%83%81%E3%83%AF%E3%83%AF%E9%9A%8A%E9%95%B7" n2="%43%68%65" n3="%E5%B8%86%E7%AB%8B%E5%A4%8F%E8%A1%A3" dan="17,16,16,17" rate="2158.81,2102.59,2117.98,2170.16" sx="M,M,M,M"/><TAIKYOKU oya="0"/><INIT seed="0,0,0,2,5,131" ten="250,250,250,250" oya="0" hai0="127,93,79,42,72,111,12,53,39,52,1,90,86" hai1="13,103,92,124,6,55,63,25,17,96,54,51,77" hai2="31,123,87,37,23,43,30,115,118,18,133,65,28" hai3="9,110,112,38,125,8,24,95,129,75,70,85,26"/><T119/><D119/><U106/><E124/><V4/><F115/><W66/><G38/><T120/><D120/><U3/><E3/><V0/><F123/><W81/><G110/><T83/><D127/><U20/><E77/><V57/><F118/><W59/><G70/><T113/><D113/><U40/><E40/><V89/><F4/><W50/><G129/><T122/><D122/><U67/><E106/><V101/><F101/><W21/><G112/><T121/><D121/><U97/><E97/><V80/><F0/><W78/><G125/><T107/><D111/><U109/><E109/><V91/><F37/><W135/><G135/><T94/><D107/><U71/><E51/><V34/><F34/><W11/><G75/><T69/><D69/><U41/><E41/><V44/><F133/><W99/><G21/><T29/><D1/><U14/><E14/><V49/><F57/><W64/><G64/><T33/><D94/><U19/><REACH who="1" step="1"/><E6/><REACH who="1" ten="250,240,250,250" step="2"/><V68/><F68/><W130/><G130/><T126/><D12/><U7/><E7/><V74/><F74/><W61/><REACH who="3" step="1"/><G50/><REACH who="3" ten="250,240,250,240" step="2"/><T73/><D73/><U58/><E58/><V16/><F49/><W114/><G114/><T82/><D126/><U47/><E47/><V2/><F44/><W84/><G84/><T27/><D72/><U32/><E32/><V46/><F87/><W132/><G132/><T36/><D36/><U45/><E45/><V88/><F46/><W108/><G108/><T5/><D39/><U98/><E98/><V105/><F65/><W117/><G117/><T22/><D86/><U48/><E48/><RYUUKYOKU ba="0,2" sc="250,-15,240,15,250,-15,240,15" hai1="13,17,19,20,25,54,55,63,67,71,92,96,103" hai3="8,9,11,24,26,59,61,66,78,81,85,95,99" /><INIT seed="1,1,2,3,2,15" ten="235,255,235,255" oya="1" hai0="128,111,11,44,87,97,68,92,35,71,49,43,134" hai1="79,6,98,127,110,121,19,47,104,52,7,124,91" hai2="46,42,31,113,70,56,120,132,38,114,95,50,126" hai3="29,34,14,94,93,80,83,55,129,30,48,69,73"/><U130/><E121/><V17/><F120/><W39/><G69/><T33/><D111/><U67/><E110/><V28/><F70/><W119/><G129/><T66/><D128/><U118/><E118/><V57/><F126/><W12/><G39/><T1/><D134/><U100/><E130/><V27/><F132/><W106/><G106/><T72/><D72/><U76/><E67/><V82/><F82/><N who="3" m="31275" /><G34/><T23/><D87/><U99/><E19/><V107/><F95/><N who="3" m="36363" /><G73/><T131/><D131/><U13/><E91/><V116/><F107/><W63/><G63/><T77/><D77/><N who="1" m="29771" /><E98/><V112/><F116/><W62/><G62/><T24/><D66/><U16/><E47/><V22/><F38/><W58/><G119/><T88/><D68/><U32/><E32/><V115/><N who="2" m="28672" /><DORA hai="41" /><V117/><F117/><W4/><G4/><T75/><D75/><U89/><E89/><V81/><F81/><W123/><G123/><T5/><REACH who="0" step="1"/><D71/><REACH who="0" ten="225,255,235,255" step="2"/><U102/><E124/><V53/><F42/><W78/><G78/><T36/><D36/><U65/><E127/><V90/><F90/><W51/><G51/><T0/><D0/><U21/><E65/><V61/><F61/><W109/><G109/><T8/><D8/><U26/><E99/><V9/><F9/><W125/><G125/><T84/><D84/><U54/><E100/><V86/><F86/><W37/><G37/><T96/><D96/><U10/><E102/><V40/><F40/><W25/><G48/><T85/><D85/><U64/><E64/><V59/><AGARI ba="1,3" hai="17,22,27,28,31,46,50,53,56,57,59" m="28672" machi="59" ten="60,8000,1" yaku="0,1,11,1,52,2" doraHai="15,41" who="2" fromWho="2" sc="225,-21,255,-41,235,113,255,-21" /><INIT seed="2,0,0,0,1,31" ten="204,214,348,234" oya="2" hai0="57,53,38,125,17,25,8,44,15,24,32,78,2" hai1="103,54,14,126,28,77,102,112,42,113,5,106,63" hai2="118,67,4,37,110,90,66,123,51,62,115,121,3" hai3="84,86,98,96,11,95,75,27,34,36,122,52,74"/><V109/><F37/><W99/><G36/><T85/><D125/><U60/><E126/><V132/><F115/><W81/><G11/><T18/><D2/><U79/><E42/><V1/><F118/><W13/><G13/><T70/><D70/><U108/><E108/><N who="2" m="41579" /><F132/><W89/><G52/><T131/><D131/><U83/><E28/><V16/><F90/><N who="3" m="51471" /><G34/><T65/><D32/><U97/><E102/><V104/><F104/><W59/><G59/><T100/><D100/><U87/><E79/><V117/><F117/><W46/><G27/><T111/><D18/><U20/><E63/><V69/><F67/><W71/><G46/><T40/><D65/><U23/><E23/><V130/><F130/><W80/><G71/><T88/><D78/><U55/><E55/><V127/><F127/><W134/><G122/><N who="2" m="46601" /><F4/><W105/><G134/><T33/><D111/><U12/><E5/><V82/><F82/><W7/><G7/><T91/><D33/><U72/><E113/><V30/><F30/><W124/><G124/><T120/><D120/><U6/><E112/><V45/><F16/><W92/><G105/><T9/><D9/><U47/><E6/><V50/><F50/><W56/><G56/><T22/><D8/><U128/><E106/><V29/><F29/><W61/><G61/><T49/><D91/><U35/><E128/><V119/><F119/><W43/><G43/><AGARI ba="0,0" hai="1,3,43,45,51,62,66,69" m="46601,41579" machi="43" ten="30,2900,0" yaku="14,1,10,1" doraHai="31" who="2" fromWho="3" sc="204,0,214,0,348,29,234,-29" /><INIT seed="2,1,0,1,4,19" ten="204,214,377,205" oya="2" hai0="45,18,61,133,97,98,12,129,86,105,123,44,64" hai1="121,3,6,117,36,53,124,55,56,42,37,11,60" hai2="109,58,72,14,107,135,38,85,20,13,104,65,92" hai3="24,77,99,102,66,33,40,128,79,75,114,69,28"/><V57/><F72/><W78/><G128/><T52/><D123/><U93/><E117/><V71/><F38/><W50/><G114/><T23/><D129/><U35/><E35/><V119/><F119/><W34/><G34/><T134/><D86/><U84/><E121/><V59/><F135/><N who="0" m="51722" /><D105/><U63/><E124/><V81/><F92/><W100/><G75/><T95/><D52/><U54/><E42/><V1/><F1/><W70/><G102/><N who="0" m="60735" /><D98/><U7/><E7/><V51/><F51/><W131/><G131/><T39/><D39/><U76/><E54/><V83/><F83/><W21/><G33/><T80/><D80/><U120/><E120/><V27/><F107/><W130/><G130/><T103/><D103/><U127/><E37/><V96/><F96/><W101/><G101/><T115/><D115/><U31/><E36/><V118/><F104/><W122/><G122/><T0/><D0/><U74/><E3/><V91/><F118/><W29/><G100/><T22/><D22/><U48/><E74/><V90/><F90/><W94/><G94/><T106/><D106/><U43/><E93/><V88/><F91/><W4/><G99/><T25/><D25/><U125/><E84/><V26/><F26/><W132/><G132/><T62/><D62/><U17/><E60/><N who="2" m="40359" /><F109/><W68/><G4/><T46/><D46/><U112/><E6/><V116/><F116/><W126/><G126/><T89/><D89/><U5/><E127/><V108/><F108/><W41/><G66/><T2/><D2/><U87/><E125/><V30/><F27/><N who="3" m="16495" /><G50/><T9/><D9/><RYUUKYOKU ba="1,0" sc="204,10,214,-30,377,10,205,10" hai0="12,18,23,44,45,61,64" hai2="13,14,20,30,57,58,59,81,85,88" hai3="24,29,40,41,68,69,70,77,78,79" /><INIT seed="2,2,0,5,5,74" ten="214,184,387,215" oya="2" hai0="86,129,80,10,65,104,105,5,7,27,14,68,1" hai1="3,78,51,119,90,11,93,31,48,59,88,16,73" hai2="102,94,96,89,71,19,97,15,91,127,49,117,132" hai3="0,101,75,72,83,50,28,108,13,103,77,47,17"/><V62/><F117/><W66/><G108/><T42/><D129/><U95/><E119/><V29/><F127/><W57/><G0/><T67/><D27/><U2/><E31/><V120/><F120/><W87/><G28/><T122/><D122/><U55/><E48/><V113/><F113/><W39/><G39/><T84/><D42/><U112/><E112/><V6/><F132/><W124/><G75/><T76/><D84/><U20/><E11/><V8/><F29/><W69/><G69/><T125/><D125/><U81/><E95/><V25/><F49/><W21/><G72/><T92/><D92/><U32/><E32/><V58/><F71/><W106/><G106/><T118/><D118/><U12/><E90/><V107/><F91/><W61/><G124/><T85/><D85/><AGARI ba="2,0" hai="2,3,12,16,20,51,55,59,73,78,81,85,88,93" machi="85" ten="30,12000,2" yaku="7,1,25,2,52,1,54,2" doraHai="74" who="1" fromWho="0" sc="214,-126,184,126,387,0,215,0" /><INIT seed="3,0,0,5,0,47" ten="88,310,387,215" oya="3" hai0="3,32,94,128,119,109,0,15,56,124,13,121,126" hai1="28,25,29,112,70,36,67,75,95,114,10,16,79" hai2="51,134,81,8,14,24,130,7,83,122,60,39,48" hai3="77,65,111,35,31,11,103,72,89,120,118,6,105"/><W1/><G118/><T132/><D94/><U20/><E36/><V127/><F39/><W108/><G120/><T26/><D56/><U73/><E95/><V17/><F122/><W4/><G4/><T58/><D58/><U22/><E10/><V104/><F104/><W131/><G89/><T107/><D107/><U84/><E84/><V96/><F127/><W19/><G19/><T5/><D121/><U46/><E46/><V27/><F130/><W53/><G53/><T98/><D98/><U93/><E93/><V115/><F115/><W91/><G91/><T37/><D37/><U42/><E42/><V18/><F134/><W100/><G65/><T99/><D99/><U102/><E102/><V21/><F60/><W12/><G12/><T113/><D132/><U9/><E9/><V45/><F96/><N who="3" m="61575" /><G131/><T23/><D128/><U63/><E114/><V2/><F27/><N who="3" m="18943" /><G103/><T74/><D74/><U69/><E112/><V41/><F51/><W86/><G86/><T117/><D113/><U64/><E73/><V43/><F43/><W78/><G78/><T101/><D101/><U59/><E79/><V80/><F2/><W90/><G90/><T110/><D26/><N who="1" m="16455" /><E75/><V125/><F125/><W97/><G97/><T85/><D85/><U54/><E64/><V106/><F106/><W52/><G77/><T129/><D129/><U76/><E76/><V133/><F133/><W66/><G72/><T88/><D88/><U57/><E67/><V68/><F68/><N who="1" m="26217" /><E59/><V49/><F83/><W82/><G82/><T34/><D23/><U38/><E38/><V92/><F81/><RYUUKYOKU ba="0,0" sc="88,15,310,15,387,-15,215,-15" hai0="0,3,5,13,15,32,34,109,110,117,119,124,126" hai1="16,22,25,29,54,57,63" owari="103,-39.7,325,12.5,372,47.2,200,-20.0" /></mjloggm>