<mjloggm ver="2.3"><GO type="225" lobby="0"/><UN n0="%33%74%72%65%65" n1="%E6%81%A5%E6%99%92%E3%81%97" n2="%E6%98%93%E5%88%A9%E8%96%A9%E4%BC%AF" n3="%4C%4F%4C%49%54%41" dan="17,17,17,16" rate="2162.72,2192.72,2143.81,2099.78" sx="F,M,F,F"/><TAIKYOKU oya="0"/><INIT seed="0,0,0,1,1,30" ten="250,250,250,250" oya="0" hai0="3,107,28,86,97,52,85,102,133,110,93,75,109" hai1="2,19,54,59,61,22,88,68,51,32,21,72,74" hai2="34,48,134,87,41,31,96,8,131,100,5,36,13" hai3="65,64,82,126,78,6,123,26,124,101,60,77,98"/><T120/><D3/><U39/><E2/><V92/><F134/><W63/><G123/><T91/><D120/><U44/><E32/><V62/><F131/><W38/><G38/><T89/><D133/><U4/><E4/><V0/><F36/><W11/><G26/><T71/><D71/><U16/><E39/><V15/><F62/><W33/><G33/><T114/><D114/><U25/><E68/><V122/><F122/><W84/><G78/><T111/><D28/><U103/><E103/><V9/><F87/><W73/><G84/><T99/><D75/><U20/><E20/><V119/><F119/><W117/><G117/><T49/><REACH who="0" step="1"/><D91/><REACH who="0" ten="240,250,250,250" step="2"/><U47/><E88/><V23/><F0/><W130/><G73/><T81/><D81/><U106/><E72/><V27/><F34/><W67/><G82/><T12/><D12/><N who="1" m="9351" /><E74/><V90/><F90/><W40/><G130/><T83/><D83/><U95/><E106/><V69/><F69/><W42/><G77/><T10/><D10/><U17/><E95/><V79/><F79/><W46/><G11/><N who="2" m="4169" /><F5/><W113/><G6/><T76/><D76/><U29/><E17/><V80/><F80/><W112/><G113/><T58/><AGARI ba="0,1" hai="49,52,58,85,86,89,93,97,99,102,107,109,110,111" machi="58" ten="30,12000,1" yaku="1,1,0,1,14,1,10,1,54,1,53,0" doraHai="30" doraHaiUra="132" who="0" fromWho="0" sc="240,130,250,-40,250,-40,250,-40" /><INIT seed="0,1,0,1,0,134" ten="370,210,210,210" oya="0" hai0="124,28,90,24,37,49,109,111,42,15,70,68,107" hai1="82,103,10,9,73,62,119,38,61,132,53,2,123" hai2="14,67,118,29,59,6,55,48,0,129,11,106,85" hai3="76,63,20,74,16,120,5,17,60,51,102,88,64"/><T36/><D107/><U77/><E119/><V30/><F106/><W66/><G102/><T26/><D15/><U46/><E123/><V34/><F129/><W87/><G120/><T114/><D114/><U92/><E132/><V127/><F118/><W89/><G74/><T116/><D116/><U104/><E104/><V125/><F0/><W4/><G51/><T47/><D90/><U41/><E53/><V72/><F72/><W23/><G87/><T105/><D105/><U13/><E10/><V3/><F3/><W81/><G81/><T75/><D75/><U131/><E13/><V8/><F8/><W83/><G83/><T19/><D19/><U21/><E21/><V100/><F100/><W65/><REACH who="3" step="1"/><G64/><REACH who="3" ten="370,210,210,200" step="2"/><T135/><D49/><U110/><E131/><V95/><F67/><W57/><G57/><T96/><D135/><U31/><E110/><V98/><F85/><W126/><G126/><N who="2" m="48137" /><F34/><W122/><G122/><T113/><D124/><U71/><E103/><V108/><F108/><W32/><G32/><T115/><D111/><U52/><E82/><V18/><F95/><W78/><AGARI ba="1,1" hai="4,5,16,17,20,23,60,63,65,66,76,78,88,89" machi="78" ten="25,12000,2" yaku="1,1,0,1,22,2,8,1,54,2,53,0" doraHai="134" doraHaiUra="7" who="3" fromWho="3" sc="370,-61,210,-31,210,-31,200,133" /><INIT seed="1,0,0,3,5,72" ten="309,179,179,333" oya="1" hai0="9,128,125,95,113,77,0,69,98,70,134,68,131" hai1="80,62,5,29,82,52,71,17,102,112,11,36,53" hai2="103,135,84,59,66,44,129,42,33,26,94,132,115" hai3="109,47,7,78,117,30,13,93,111,12,49,79,23"/><U83/><E112/><V89/><F115/><W74/><G117/><T48/><D113/><U57/><E71/><V106/><F129/><N who="0" m="49738" /><D134/><U50/><E36/><V32/><F103/><W35/><G35/><T127/><D48/><U1/><E29/><V81/><F106/><W61/><G74/><T58/><D58/><U3/><E17/><V97/><F66/><W122/><G122/><T54/><D54/><U4/><E102/><V118/><F59/><W100/><G61/><T90/><D77/><N who="3" m="29193" /><G7/><AGARI ba="0,0" hai="0,7,9,68,69,70,90,95,98,125,127" m="49738" machi="7" ten="40,1300,0" yaku="19,1" doraHai="72" who="0" fromWho="3" sc="309,13,179,0,179,0,333,-13" /><INIT seed="2,0,0,5,0,27" ten="322,179,179,320" oya="2" hai0="79,26,101,28,95,39,104,42,135,9,105,56,34" hai1="94,35,130,75,7,52,31,6,129,113,5,16,99" hai2="126,2,44,46,80,78,72,131,33,43,114,107,92" hai3="22,125,76,37,115,21,53,58,51,128,112,89,15"/><V87/><F114/><N who="3" m="43563" /><G37/><T25/><D135/><U127/><E113/><V91/><F131/><N who="1" m="50185" /><E75/><V124/><F33/><W98/><G128/><T103/><D79/><U61/><E127/><N who="2" m="48683" /><F43/><W57/><G125/><T116/><D116/><U11/><E16/><V23/><F2/><W122/><G122/><T97/><D9/><U41/><E41/><V85/><F107/><W49/><G76/><T55/><D25/><N who="1" m="18927" /><E11/><V119/><F119/><W54/><G15/><T60/><REACH who="0" step="1"/><D103/><REACH who="0" ten="312,179,179,320" step="2"/><N who="1" m="60919" /><E5/><V71/><F72/><W48/><G21/><T90/><D90/><U45/><E45/><AGARI ba="0,1" hai="26,28,34,39,42,45,55,56,60,95,97,101,104,105" machi="45" ten="40,2600,0" yaku="1,1,52,1,53,0" doraHai="27" doraHaiUra="12" who="0" fromWho="1" sc="312,36,179,-26,179,0,320,0" /><INIT seed="3,0,0,2,1,125" ten="348,153,179,320" oya="3" hai0="59,51,54,103,42,95,79,36,25,20,55,46,37" hai1="82,94,33,100,35,88,3,134,13,10,120,104,58" hai2="6,56,97,81,98,85,69,5,122,118,111,99,45" hai3="133,21,29,28,119,53,62,108,131,114,0,127,110"/><W126/><G114/><T22/><D79/><U93/><E120/><V7/><F69/><W91/><G119/><T80/><D80/><U60/><E3/><V41/><F118/><W27/><G0/><T61/><D37/><U23/><E104/><V106/><F111/><N who="3" m="42539" /><G131/><T11/><D11/><U87/><E134/><V64/><F106/><W40/><G133/><T52/><D36/><U86/><E23/><N who="0" m="8745" /><D25/><U96/><E87/><V63/><F122/><W31/><G40/><T8/><D8/><U71/><E71/><V121/><F121/><W2/><G91/><T128/><D128/><U30/><E82/><V105/><F105/><W19/><G2/><T15/><D15/><U78/><E30/><V77/><F41/><W18/><G19/><T4/><D4/><U12/><E78/><V9/><F9/><W117/><G117/><T123/><D123/><U50/><E50/><V75/><F75/><W112/><G112/><T107/><D107/><U38/><E38/><V102/><F102/><W16/><G18/><T1/><D1/><U57/><E57/><AGARI ba="0,0" hai="16,21,27,28,29,31,53,57,62,126,127" m="42539" machi="57" ten="40,7700,0" yaku="14,1,10,1,54,1" doraHai="125" who="3" fromWho="1" sc="348,0,153,-77,179,0,320,77" owari="348,14.8,76,-42.4,179,-22.1,397,49.7" /></mjloggm>