<mjloggm ver="2.3"><GO type="225" lobby="0"/><UN n0="%E3%80%93%E3%81%97%E3%83%BC%E3%82%89%E3%80%93" n1="%E3%83%A2%E3%83%B3%E3%82%AD%E3%83%BC%E3%83%88%E3%83%AA%E3%83%83%E3%82%AF" n2="%E3%83%B4%E3%83%A0%EF%BC%99%E3%81%A6" n3="%E3%80%90%E3%83%88%E3%83%AA%E3%83%A5%E3%83%95%E3%80%91" dan="17,16,16,16" rate="2150.46,2173.96,2125.79,2101.73" sx="M,M,M,M"/><TAIKYOKU oya="0"/><INIT seed="0,0,0,3,4,8" ten="250,250,250,250" oya="0" hai0="97,114,44,9,75,118,46,124,15,23,85,52,108" hai1="110,55,13,91,40,90,39,80,63,41,83,22,122" hai2="35,16,82,62,65,93,57,11,25,59,119,58,61" hai3="111,113,7,105,43,1,67,107,88,134,19,87,38"/><T29/><D75/><U81/><E122/><V78/><F119/><W77/><G113/><T102/><D118/><U21/><E110/><V50/><F50/><W133/><G111/><T54/><D108/><U33/><E33/><V72/><F35/><W109/><G67/><T95/><D114/><U56/><E39/><V101/><F61/><W86/><G77/><T0/><D0/><U99/><E99/><V127/><F127/><W106/><G19/><N who="0" m="8687" /><D124/><U17/><REACH who="1" step="1"/><E22/><REACH who="1" ten="250,240,250,250" step="2"/><V32/><F32/><W5/><G109/><T131/><D131/><U37/><E37/><V64/><F64/><W132/><G1/><T70/><D70/><U112/><E112/><V45/><F65/><W96/><G96/><T76/><D23/><U94/><E94/><V60/><F93/><N who="3" m="54423" /><G87/><T120/><D120/><U6/><E6/><V12/><F101/><W84/><G84/><T71/><D71/><U66/><E66/><V104/><F104/><W69/><G69/><T121/><D121/><U130/><E130/><V135/><F135/><W129/><G129/><T49/><D29/><U28/><E28/><V125/><F125/><W47/><AGARI ba="0,1" hai="5,7,38,43,47,105,106,107,132,133,134" m="54423" machi="47" ten="40,2700,0" yaku="20,1,54,1" doraHai="8" who="3" fromWho="3" sc="250,-13,240,-7,250,-7,250,37" /><INIT seed="1,0,0,0,2,110" ten="237,233,243,287" oya="1" hai0="103,27,30,8,133,29,119,78,107,90,56,75,18" hai1="47,17,5,88,45,71,97,34,95,52,13,76,60" hai2="91,109,84,58,42,69,127,81,115,7,74,11,131" hai3="6,50,59,25,36,132,46,112,111,40,94,44,57"/><U43/><E34/><V73/><F69/><W100/><G111/><T31/><D119/><U89/><E76/><V82/><F109/><W83/><G83/><T51/><D133/><U99/><E5/><V63/><F131/><W124/><G132/><T117/><D117/><U92/><E43/><V33/><F33/><W104/><G104/><T41/><D75/><U108/><E108/><V134/><F134/><W101/><G124/><T54/><D78/><U12/><E71/><V22/><F127/><W125/><G6/><T129/><D129/><U118/><E118/><V123/><F123/><W23/><G112/><T66/><D66/><U21/><E13/><V80/><F42/><W93/><G93/><T37/><D90/><U39/><E39/><V68/><F68/><W61/><G44/><T28/><D41/><U121/><E121/><V116/><F116/><W72/><G72/><T48/><D37/><U35/><E35/><V24/><F74/><W105/><G105/><T32/><D51/><U2/><E2/><V87/><F73/><W79/><G79/><T86/><D86/><U26/><E12/><N who="2" m="5247" /><F115/><W16/><G36/><T20/><D8/><U67/><E67/><N who="2" m="39415" /><F91/><W96/><G125/><T102/><REACH who="0" step="1"/><D107/><REACH who="0" ten="227,233,243,287" step="2"/><U53/><E53/><V10/><F10/><W70/><G101/><T15/><AGARI ba="0,1" hai="15,18,20,27,28,29,30,31,32,48,54,56,102,103" machi="15" ten="30,4000,0" yaku="1,1,2,1,0,1,53,0" doraHai="110" doraHaiUra="135" who="0" fromWho="0" sc="227,50,233,-20,243,-10,287,-10" /><INIT seed="2,0,0,3,1,42" ten="277,213,233,277" oya="2" hai0="10,19,28,18,95,65,45,50,2,43,104,107,0" hai1="89,127,22,96,120,40,119,35,66,74,77,13,91" hai2="100,88,41,29,8,53,9,135,7,109,36,38,46" hai3="69,103,49,129,24,52,60,124,5,27,70,56,82"/><V21/><F100/><W99/><G129/><T68/><D28/><U61/><E119/><V108/><F135/><W130/><G130/><T116/><D116/><U102/><E35/><V123/><F123/><W57/><G124/><T12/><D95/><U48/><E120/><V93/><F38/><W31/><G5/><T126/><D126/><U106/><E127/><V23/><F53/><W33/><G82/><T55/><D19/><U6/><E77/><V125/><F125/><W92/><REACH who="3" step="1"/><G24/><REACH who="3" ten="277,213,233,267" step="2"/><T117/><D117/><U44/><E74/><V62/><F7/><W113/><G113/><T90/><D0/><U83/><E83/><V94/><F94/><W98/><G98/><T20/><D2/><U1/><E1/><V112/><F112/><W72/><G72/><T15/><D107/><U111/><E111/><N who="2" m="42571" /><F62/><W73/><G73/><T110/><D104/><U16/><REACH who="1" step="1"/><E6/><REACH who="1" ten="277,203,233,267" step="2"/><V118/><F118/><W81/><G81/><T59/><D110/><U85/><E85/><N who="2" m="52367" /><F29/><W114/><G114/><T122/><D122/><U37/><E37/><V32/><F32/><W75/><G75/><T39/><D39/><U84/><E84/><V25/><F25/><W4/><G4/><T14/><D14/><U30/><E30/><V34/><F34/><W87/><G87/><T71/><D15/><U47/><E47/><V86/><F86/><W105/><G105/><T134/><D12/><U133/><E133/><V63/><F63/><W115/><G115/><T11/><D134/><U79/><E79/><V80/><F80/><W97/><G97/><T101/><D45/><U64/><E64/><AGARI ba="0,2" hai="27,31,33,49,52,56,57,60,64,69,70,92,99,103" machi="64" ten="30,7700,0" yaku="1,1,6,1,7,1,54,1,53,0" doraHai="42" doraHaiUra="132" who="3" fromWho="1" sc="277,0,203,-77,233,0,267,97" /><INIT seed="3,0,0,5,5,37" ten="277,126,233,364" oya="3" hai0="90,45,100,84,20,122,133,1,18,66,135,63,119" hai1="57,51,67,12,50,22,116,112,11,69,39,7,30" hai2="87,107,44,104,124,14,98,28,25,128,126,35,33" hai3="81,64,92,73,80,32,10,52,75,27,58,43,94"/><W117/><G117/><T130/><D1/><U15/><E116/><V40/><F128/><W77/><G10/><T48/><D119/><U65/><E39/><V121/><F121/><W74/><G43/><T47/><D100/><U21/><E69/><V68/><F68/><W13/><G13/><N who="0" m="9295" /><D48/><U95/><E112/><V16/><F87/><W46/><G64/><T34/><D34/><U108/><E108/><V42/><F33/><W36/><G36/><T61/><D130/><U79/><E79/><V5/><F5/><W114/><G27/><T131/><D131/><U88/><E30/><V127/><F44/><N who="0" m="16970" /><D66/><U31/><E31/><V101/><F104/><W60/><G73/><T134/><D122/><U49/><E67/><V111/><F111/><W4/><G4/><T120/><D120/><U105/><E15/><V97/><F97/><W82/><G60/><T17/><D17/><U132/><E105/><V118/><F118/><W70/><G70/><T62/><D62/><U24/><E24/><V83/><F83/><AGARI ba="0,0" hai="61,63,83,84,90,133,134,135" m="16970,9295" machi="83" ten="30,1000,0" yaku="20,1" doraHai="37" who="0" fromWho="2" sc="277,10,126,0,233,-10,364,0" owari="287,8.7,126,-37.4,223,-17.7,364,46.4" /></mjloggm>