<mjloggm ver="2.3"><GO type="225" lobby="0"/><UN n0="%E3%81%BF%E3%81%BF%E3%81%9A" n1="%E7%99%BD%E5%80%89%E5%AF%9B%E4%B9%8B" n2="%E3%83%96%E3%83%83%E3%83%91%E3%82%AA%E3%83%96%E3%83%81%E3%82%AD%E3%83%B3" n3="%E3%83%A9%E3%82%B9%E7%8E%87%EF%BC%93%E5%89%B2" dan="18,16,16,17" rate="2213.83,2109.96,2204.88,2213.35" sx="M,M,M,F"/><TAIKYOKU oya="0"/><INIT seed="0,0,0,3,1,56" ten="250,250,250,250" oya="0" hai0="78,81,30,45,91,19,115,112,40,82,49,68,14" hai1="44,97,8,58,41,125,33,5,67,2,38,89,11" hai2="114,110,101,6,57,102,87,47,105,135,43,121,4" hai3="20,32,99,31,108,118,106,109,124,15,18,75,13"/><T77/><D30/><U131/><E33/><V60/><F121/><W129/><G75/><T69/><D91/><U26/><E125/><V3/><F114/><W48/><G124/><T50/><D14/><U72/><E72/><V46/><F110/><N who="3" m="42603" /><G129/><T104/><D104/><U92/><E131/><V113/><F113/><W28/><G118/><T83/><D19/><U128/><E128/><V98/><F135/><W95/><G106/><T80/><D49/><U84/><E26/><V130/><F130/><W94/><G15/><T35/><D35/><U34/><E34/><V0/><F102/><W25/><G31/><T17/><D17/><U59/><E11/><V70/><F70/><W88/><G48/><T127/><D127/><U73/><E73/><V85/><F0/><W132/><G95/><T16/><D16/><U65/><E59/><V133/><F133/><AGARI ba="0,0" hai="13,18,20,25,28,32,88,94,99,132,133" m="42603" machi="133" ten="30,2000,0" yaku="14,1,54,1" doraHai="56" who="3" fromWho="2" sc="250,0,250,0,250,-20,250,20" /><INIT seed="1,0,0,1,4,21" ten="250,250,230,270" oya="1" hai0="126,44,51,118,71,29,62,20,80,72,98,117,52" hai1="45,23,33,119,43,120,129,95,19,42,70,114,46" hai2="58,76,93,135,1,30,14,28,22,96,125,102,110" hai3="31,133,60,104,37,68,100,124,122,36,86,57,94"/><U49/><E70/><V0/><F110/><W65/><G122/><T24/><D126/><U99/><E120/><V77/><F125/><W18/><G124/><T27/><D98/><U101/><E33/><V84/><F135/><W50/><G133/><T6/><D6/><U115/><E129/><V92/><F0/><W64/><G18/><T130/><D130/><U40/><E119/><V73/><F1/><W78/><G65/><T26/><D117/><U107/><E107/><V56/><F73/><W134/><G50/><T108/><D118/><U4/><E4/><V55/><F58/><W5/><G5/><T81/><D108/><U12/><REACH who="1" step="1"/><E43/><REACH who="1" ten="250,240,230,270" step="2"/><V3/><F3/><W82/><G104/><T103/><D103/><U35/><E35/><V79/><F102/><W85/><G68/><T61/><D71/><U131/><E131/><V91/><F96/><W106/><G106/><T87/><D72/><U127/><E127/><V63/><REACH who="2" step="1"/><F93/><REACH who="2" ten="250,240,220,270" step="2"/><W88/><G100/><T25/><D81/><U132/><E132/><V38/><F38/><AGARI ba="0,2" hai="12,19,23,38,40,42,45,46,49,95,99,101,114,115" machi="38" ten="30,5800,0" yaku="1,1,7,1,53,1" doraHai="21" doraHaiUra="90" who="1" fromWho="2" sc="250,0,240,78,220,-58,270,0" /><INIT seed="1,1,0,4,5,71" ten="250,318,162,270" oya="1" hai0="32,102,118,39,60,116,46,130,83,67,0,49,23" hai1="58,79,14,128,81,36,43,108,109,9,105,64,88" hai2="122,6,66,34,104,110,2,16,30,84,92,82,87" hai3="65,69,26,113,29,50,31,8,91,90,114,41,62"/><U95/><E105/><V131/><F122/><W89/><G8/><T53/><D32/><U17/><E128/><V135/><F104/><W5/><G5/><T132/><D0/><U93/><E64/><V86/><F110/><N who="1" m="42601" /><E58/><V125/><F125/><W106/><G31/><T22/><D102/><U74/><E88/><N who="2" m="53279" /><F2/><W3/><G3/><T133/><D83/><U100/><E100/><V45/><F34/><W35/><G106/><T121/><D130/><U12/><E14/><V103/><F131/><W42/><REACH who="3" step="1"/><G50/><REACH who="3" ten="250,318,162,260" step="2"/><T124/><D124/><U96/><E96/><V24/><F6/><W117/><G117/><T99/><D118/><U56/><E56/><V119/><F119/><W18/><G18/><T13/><D116/><U19/><E17/><V4/><F16/><W25/><G25/><T33/><D99/><U47/><AGARI ba="1,1" hai="9,12,19,36,43,47,74,79,81,93,95" m="42601" machi="47" ten="30,6000,0" yaku="14,1,10,1,52,1" doraHai="71" who="1" fromWho="1" sc="250,-21,318,73,162,-21,260,-21" /><INIT seed="1,2,0,2,4,131" ten="229,391,141,239" oya="1" hai0="3,32,15,93,96,6,44,10,76,101,45,116,17" hai1="20,69,70,36,106,11,108,115,129,128,41,132,84" hai2="58,123,75,48,26,46,49,43,13,38,27,72,4" hai3="37,24,87,47,105,31,61,100,50,63,79,71,103"/><U104/><E115/><V18/><F123/><W81/><G37/><T135/><D116/><U9/><E20/><V65/><F4/><W89/><G105/><N who="1" m="40554" /><E84/><V99/><F75/><W114/><G114/><T102/><D76/><U2/><E108/><V67/><F72/><W16/><G79/><T54/><D32/><U122/><E122/><V119/><F119/><W90/><G90/><T133/><D102/><U82/><E82/><V14/><F99/><W53/><G71/><N who="1" m="27146" /><E2/><V92/><F92/><W85/><G85/><T51/><REACH who="0" step="1"/><D45/><REACH who="0" ten="219,391,141,239" step="2"/><N who="1" m="23719" /><E11/><AGARI ba="2,1" hai="3,6,10,11,15,17,44,51,54,93,96,101,133,135" machi="11" ten="40,5200,0" yaku="1,1,52,2,53,0" doraHai="131" doraHaiUra="68" who="0" fromWho="1" sc="219,68,391,-58,141,0,239,0" /><INIT seed="2,0,0,3,2,52" ten="287,333,141,239" oya="2" hai0="5,117,76,99,9,33,62,131,72,0,78,15,109" hai1="21,111,116,75,57,18,6,127,129,27,69,124,63" hai2="67,71,77,121,122,22,35,66,70,56,101,123,128" hai3="24,38,1,89,42,108,91,8,81,54,51,133,47"/><V83/><F35/><W34/><G108/><T49/><D109/><U32/><E75/><V46/><F101/><W114/><G133/><T119/><D131/><U28/><E111/><V118/><F118/><N who="0" m="45066" /><D33/><U96/><E116/><V30/><F128/><W65/><G114/><T73/><D99/><U104/><E129/><V60/><F30/><W134/><G134/><T31/><D31/><U37/><E37/><V25/><F46/><W84/><G65/><T80/><D62/><U85/><E6/><V55/><F55/><W17/><G34/><T107/><D49/><U7/><E7/><V43/><F43/><W103/><G103/><T39/><D39/><U74/><E74/><V88/><F67/><W112/><G112/><T10/><D107/><U16/><E69/><V2/><F2/><W29/><G1/><T50/><D50/><U44/><E44/><V20/><F88/><N who="3" m="51215" /><G38/><T11/><D0/><U4/><E32/><V26/><F26/><W23/><G42/><T135/><D135/><U125/><E85/><V68/><REACH who="2" step="1"/><F25/><REACH who="2" ten="287,333,131,239" step="2"/><W100/><G100/><T132/><D132/><U48/><E27/><V97/><F97/><W53/><G53/><T113/><D113/><U110/><E96/><V115/><F115/><W98/><G98/><T40/><D40/><U106/><E110/><V82/><F82/><AGARI ba="0,1" hai="5,9,10,11,15,72,73,76,78,80,82" m="45066" machi="82" ten="30,1000,0" yaku="12,1" doraHai="52" who="0" fromWho="2" sc="287,20,333,0,131,-10,239,0" /><INIT seed="3,0,0,2,2,123" ten="307,333,121,239" oya="3" hai0="31,16,112,64,126,98,117,115,113,5,135,125,73" hai1="90,91,6,67,59,103,33,41,81,57,29,18,43" hai2="129,76,51,25,92,114,101,116,54,97,52,38,39" hai3="127,70,100,89,53,74,20,27,10,47,134,121,40"/><W50/><G121/><T32/><D117/><U120/><E33/><V7/><F114/><W21/><G134/><T30/><D135/><U105/><E105/><V82/><F116/><W14/><G127/><N who="0" m="48651" /><D73/><U122/><E103/><V84/><F129/><W132/><G132/><T17/><D5/><U19/><E6/><V23/><F7/><W107/><G70/><T62/><D98/><U133/><E133/><V85/><F85/><W26/><G74/><T60/><D60/><U110/><E81/><V65/><F65/><W58/><G100/><T78/><D78/><U131/><E67/><V94/><F94/><W118/><G107/><T128/><D128/><U12/><E131/><V130/><F130/><W0/><G0/><T36/><D36/><U24/><E12/><V4/><F4/><N who="3" m="3399" /><G89/><T46/><D46/><U69/><E24/><N who="3" m="9258" /><G118/><T1/><D1/><U8/><E8/><V11/><F11/><W86/><G86/><T34/><D34/><U96/><E96/><V28/><REACH who="2" step="1"/><F54/><REACH who="2" ten="307,333,111,239" step="2"/><W71/><G71/><N who="0" m="42391" /><D32/><U102/><E122/><V77/><F77/><W124/><G124/><T56/><D56/><U63/><E59/><V44/><AGARI ba="0,1" hai="23,25,28,38,39,44,51,52,76,82,84,92,97,101" machi="44" ten="20,12000,2" yaku="1,1,0,1,7,1,54,1,53,2" doraHai="123" doraHaiUra="68" who="2" fromWho="2" sc="307,-30,333,-30,111,130,239,-60" owari="277,7.7,303,40.3,241,-15.9,179,-32.1" /></mjloggm>