<mjloggm ver="2.3"><GO type="225" lobby="0"/><UN n0="%E5%B6%BA%E4%B8%8A%E5%92%B2" n1="%E6%A1%9C%E8%8A%B1%E9%96%83%E3%80%85" n2="%E3%83%96%E3%83%83%E3%83%91%E3%82%AA%E3%83%96%E3%83%81%E3%82%AD%E3%83%B3" n3="%E3%81%A8%E3%82%89%E3%81%84%E3%81%A1" dan="16,17,16,16" rate="2180.96,2168.82,2114.47,2143.02" sx="F,M,M,M"/><TAIKYOKU oya="0"/><INIT seed="0,0,0,3,2,16" ten="250,250,250,250" oya="0" hai0="55,116,14,120,132,75,69,72,17,58,100,131,88" hai1="7,99,91,25,31,103,101,43,39,47,27,30,1" hai2="89,106,86,125,13,24,73,29,52,15,12,78,23" hai3="35,2,126,90,104,65,81,18,111,33,64,20,97"/><T84/><D116/><U119/><E119/><V59/><F106/><W57/><G2/><T130/><D120/><U102/><E1/><V114/><F114/><W95/><G111/><T122/><D69/><U50/><E7/><V123/><F123/><W22/><G126/><T3/><D3/><U113/><E113/><V4/><F125/><W46/><G104/><T98/><D122/><U66/><E66/><N who="3" m="25706" /><G33/><T70/><D70/><U105/><E39/><V117/><F117/><W109/><G35/><T11/><D132/><U133/><E133/><V124/><F124/><W0/><G0/><T129/><D98/><U54/><E43/><V5/><F78/><W42/><G18/><T128/><N who="0" m="32768" /><DORA hai="127" /><T85/><D100/><U67/><E67/><V45/><F45/><W28/><G28/><N who="1" m="10794" /><E105/><V36/><F36/><W53/><G109/><T92/><REACH who="0" step="1"/><D85/><REACH who="0" ten="240,250,250,250" step="2"/><U96/><E96/><V34/><F73/><W9/><G97/><T118/><D118/><U110/><E110/><V56/><F34/><W115/><G115/><T63/><AGARI ba="0,1" hai="11,14,17,55,58,63,72,75,84,88,92" m="32768" machi="63" ten="60,24000,3" yaku="1,1,0,1,19,1,52,4,54,1,53,0" doraHai="16,127" doraHaiUra="134,77" who="0" fromWho="0" sc="240,250,250,-80,250,-80,250,-80" /><INIT seed="0,1,0,0,0,113" ten="490,170,170,170" oya="0" hai0="20,32,119,87,34,72,64,21,77,31,122,89,38" hai1="52,100,90,57,27,126,123,76,85,19,55,5,132" hai2="47,46,56,81,15,35,58,71,26,84,114,41,22" hai3="2,128,129,79,88,61,96,54,40,117,103,62,51"/><T69/><D119/><U37/><E123/><V28/><F114/><W99/><G2/><T130/><D38/><U39/><E126/><V45/><F71/><W63/><G79/><T29/><D122/><U97/><E132/><V133/><F133/><W44/><G117/><T75/><D130/><U98/><E5/><V74/><F74/><W135/><G135/><T109/><D109/><U12/><E76/><V91/><REACH who="2" step="1"/><F41/><REACH who="2" ten="490,170,160,170" step="2"/><W93/><REACH who="3" step="1"/><G40/><REACH who="3" ten="490,170,160,160" step="2"/><T18/><D75/><U83/><E39/><V1/><F1/><W30/><G30/><T13/><D72/><U59/><E37/><V0/><F0/><W120/><G120/><T24/><D31/><U80/><E55/><V16/><AGARI ba="1,2" hai="15,16,22,26,28,35,45,46,47,56,58,81,84,91" machi="16" ten="30,4000,0" yaku="1,1,0,1,54,1,53,0" doraHai="113" doraHaiUra="48" who="2" fromWho="2" sc="490,-21,170,-11,160,63,160,-11" /><INIT seed="1,0,0,2,4,16" ten="469,159,223,149" oya="1" hai0="116,38,94,106,5,42,124,118,40,31,88,85,89" hai1="127,78,57,44,99,117,113,131,19,133,82,28,1" hai2="60,79,33,69,71,119,87,74,23,7,49,132,11" hai3="58,122,98,62,100,125,105,111,45,110,108,96,81"/><U48/><E117/><V20/><F119/><W77/><G122/><T55/><D106/><U47/><E113/><V12/><F33/><W29/><G125/><T41/><D124/><U56/><E127/><V103/><F74/><W18/><G29/><T21/><D38/><U107/><E131/><V64/><F132/><W121/><G121/><T4/><D116/><U25/><E1/><V95/><F71/><W114/><G114/><T76/><D118/><U17/><E17/><V9/><F49/><W2/><G2/><T24/><D76/><U75/><E19/><V32/><F32/><W135/><G96/><N who="0" m="57415" /><D55/><U101/><E133/><V102/><F11/><W43/><G18/><T67/><D67/><U72/><E72/><V51/><F51/><W90/><G90/><T126/><D126/><U128/><E128/><V61/><F61/><W35/><G35/><T115/><D115/><U97/><E97/><V3/><F3/><W134/><G62/><T91/><D91/><U93/><E107/><V14/><F14/><W104/><G58/><T46/><D46/><U8/><E47/><V26/><F26/><W80/><G105/><T92/><AGARI ba="0,0" hai="4,5,21,24,31,40,41,42,85,89,92" m="57415" machi="92" ten="30,4000,0" yaku="8,1,52,1,54,1" doraHai="16" who="0" fromWho="0" sc="469,40,159,-20,223,-10,149,-10" /><INIT seed="2,0,0,4,2,101" ten="509,139,213,139" oya="2" hai0="114,19,7,42,40,108,55,2,27,90,23,32,111" hai1="130,51,70,17,131,36,135,12,119,125,33,113,86" hai2="76,59,64,69,75,78,109,60,82,85,30,49,126" hai3="4,87,134,5,62,124,25,31,20,94,15,117,11"/><V127/><F30/><W115/><G117/><T18/><D114/><U122/><RYUUKYOKU type="yao9" ba="0,0" sc="509,0,139,0,213,0,139,0" hai1="12,17,33,36,51,70,86,113,119,122,125,130,131,135" /><INIT seed="2,1,0,2,5,104" ten="509,139,213,139" oya="2" hai0="10,115,57,49,109,127,108,73,65,75,112,67,71" hai1="33,116,128,100,58,7,30,102,118,36,69,79,91" hai2="93,87,43,80,98,9,119,38,46,0,52,76,1" hai3="26,114,103,15,111,78,19,74,86,55,66,130,11"/><V31/><F119/><W110/><G130/><T77/><D127/><U62/><E69/><V83/><F31/><W61/><G55/><N who="0" m="31983" /><D77/><U84/><E36/><V48/><F9/><W90/><G103/><T101/><D101/><U96/><E128/><V34/><F83/><W20/><G114/><N who="0" m="43563" /><D10/><U45/><E79/><V124/><F34/><W94/><G78/><T131/><D131/><U54/><E7/><V3/><F124/><W92/><G74/><T82/><D82/><U25/><E45/><V37/><REACH who="2" step="1"/><F43/><REACH who="2" ten="509,139,203,139" step="2"/><W13/><G110/><N who="0" m="42603" /><D71/><U106/><E116/><V68/><F68/><W99/><G111/><T17/><D17/><U44/><E118/><V53/><F53/><W72/><G11/><T64/><AGARI ba="1,1" hai="64,65,67,73,75" m="42603,43563,31983" machi="64" ten="40,5200,0" yaku="14,1,52,2" doraHai="104" who="0" fromWho="0" sc="509,65,139,-14,203,-27,139,-14" /><INIT seed="3,0,0,5,3,1" ten="574,125,176,125" oya="3" hai0="95,58,67,121,73,7,8,79,15,90,102,131,64" hai1="10,31,98,113,132,75,25,130,99,93,41,94,128" hai2="117,104,48,77,71,120,123,0,17,57,83,62,29" hai3="92,23,43,129,126,32,59,50,53,5,124,4,109"/><W52/><G32/><T19/><D121/><N who="2" m="46666" /><F117/><W85/><G129/><N who="1" m="49770" /><E132/><V133/><F133/><W3/><G109/><T39/><D131/><U30/><E113/><V72/><F104/><W112/><G112/><T122/><D39/><U54/><E75/><V106/><F106/><W81/><G3/><T51/><D122/><U61/><E41/><V86/><F29/><W87/><G43/><T108/><D102/><N who="1" m="60751" /><E10/><V100/><F100/><W66/><G66/><T116/><D58/><N who="1" m="35031" /><E25/><V14/><F0/><W80/><G23/><T84/><D19/><U20/><E20/><N who="2" m="11319" /><F72/><W27/><G27/><T68/><D84/><N who="3" m="32329" /><G92/><T101/><D79/><U18/><E18/><V56/><F71/><W103/><G103/><AGARI ba="0,0" hai="30,31,94,99,103" m="35031,60751,49770" machi="103" ten="30,1000,0" yaku="19,1" doraHai="1" who="1" fromWho="3" sc="574,0,125,10,176,0,125,-10" owari="574,67.4,135,-26.5,176,-2.4,115,-38.5" /></mjloggm>