<mjloggm ver="2.3"><GO type="225" lobby="0"/><UN n0="%E5%8D%A0%E3%81%84%E5%B8%AB%E8%A3%8F%E3%81%AA%E3%81%84%E3%81%97" n1="%E6%98%93%E5%88%A9%E8%96%A9%E4%BC%AF" n2="%E3%81%A4%E3%81%A3%E3%81%B1%E3%82%8A%E3%83%9D%E3%83%BC%E3%83%AB" n3="%E5%A4%8F%E9%88%B4%E9%88%B4%E5%A4%8F" dan="17,17,17,16" rate="2235.90,2141.04,2135.18,2110.36" sx="M,F,M,F"/><TAIKYOKU oya="0"/><INIT seed="0,0,0,1,0,48" ten="250,250,250,250" oya="0" hai0="22,118,131,69,50,97,114,90,39,10,80,2,38" hai1="99,96,127,132,40,43,19,15,100,79,54,49,84" hai2="21,7,107,133,58,29,85,35,47,64,41,129,70" hai3="93,16,17,108,106,128,86,111,24,45,130,57,51"/><T53/><D114/><U46/><E132/><V37/><F133/><W63/><G106/><T124/><D118/><U113/><E127/><V3/><F129/><N who="3" m="49771" /><G93/><T72/><D69/><U102/><E113/><V4/><F107/><W75/><G86/><T104/><D131/><U56/><E79/><V101/><F35/><W36/><G36/><T123/><D123/><U135/><E84/><V105/><F70/><W27/><G75/><T44/><D124/><U23/><E135/><V98/><F3/><W67/><G27/><T92/><D104/><U34/><E34/><V8/><F85/><W30/><G30/><T119/><D119/><U52/><E99/><V32/><F32/><W31/><G31/><T94/><D22/><U66/><E66/><V95/><F105/><W120/><G120/><T14/><D2/><U33/><E33/><V28/><F8/><W112/><G112/><T68/><D94/><N who="1" m="58391" /><E102/><V74/><F74/><W1/><G1/><T103/><D68/><U0/><E0/><V82/><F29/><W117/><G117/><T61/><D61/><AGARI ba="0,0" hai="15,19,23,40,43,46,49,52,54,56,61" m="58391" machi="61" ten="30,7700,0" yaku="8,1,52,2,54,1" doraHai="48" who="1" fromWho="0" sc="250,-77,250,77,250,0,250,0" /><INIT seed="1,0,0,0,0,112" ten="173,327,250,250" oya="1" hai0="113,29,73,28,88,54,30,95,67,131,102,25,60" hai1="93,36,9,129,41,2,43,48,46,81,132,62,27" hai2="26,63,22,99,61,40,15,71,128,105,121,89,69" hai3="92,104,11,90,52,33,4,34,75,134,31,57,5"/><U119/><E129/><V18/><F128/><W86/><G104/><T133/><D113/><U8/><E132/><V6/><F121/><W106/><G106/><T20/><D73/><U126/><E126/><V44/><F71/><W19/><G75/><T76/><D131/><U1/><E119/><V111/><F69/><W16/><G134/><T38/><D38/><U84/><E93/><N who="2" m="56751" /><F105/><W51/><G4/><T118/><D133/><U58/><E27/><V72/><F72/><W83/><G83/><T87/><D118/><U123/><E123/><V115/><F115/><W98/><G98/><T74/><D74/><U24/><E24/><V7/><F111/><W64/><G64/><T21/><D76/><U78/><E2/><V117/><F117/><W96/><G96/><T23/><D102/><U100/><E100/><V14/><F14/><W66/><G66/><T70/><REACH who="0" step="1"/><D54/><REACH who="0" ten="163,327,250,250" step="2"/><U68/><E78/><V110/><F110/><W13/><REACH who="3" step="1"/><G31/><AGARI ba="0,1" hai="20,21,23,25,28,29,30,31,60,67,70,87,88,95" machi="31" ten="40,5200,0" yaku="1,1,2,1,54,1,53,0" doraHai="112" doraHaiUra="39" who="0" fromWho="3" sc="163,62,327,0,250,0,250,-52" /><INIT seed="2,0,0,1,1,77" ten="225,327,250,198" oya="2" hai0="21,133,46,65,96,127,62,60,85,13,106,2,80" hai1="71,49,22,8,51,28,111,26,132,84,69,63,98" hai2="90,20,121,18,41,0,112,19,92,103,64,11,29" hai3="54,59,38,108,86,101,100,128,6,81,39,5,1"/><V130/><F112/><W53/><G108/><T95/><D2/><U117/><E117/><V24/><F121/><W78/><G128/><T129/><D106/><U32/><E132/><V7/><F130/><W50/><G1/><T67/><D129/><U25/><E111/><V76/><F41/><W115/><G115/><T47/><D133/><U70/><E8/><V131/><F131/><W37/><REACH who="3" step="1"/><G54/><REACH who="3" ten="225,327,250,188" step="2"/><T17/><D127/><U113/><E113/><V124/><F124/><W126/><G126/><T12/><D65/><U45/><E71/><V110/><F110/><W125/><G125/><T3/><D3/><U42/><E70/><V35/><F64/><W107/><G107/><T33/><D67/><U135/><E69/><V30/><F0/><W79/><G79/><T58/><D33/><U14/><E32/><V27/><F76/><W66/><G66/><T74/><D58/><U68/><E68/><V93/><F35/><W89/><G89/><N who="0" m="51367" /><D46/><U52/><E45/><V102/><F90/><W61/><G61/><T91/><D47/><U44/><E63/><N who="0" m="24105" /><D74/><U15/><E44/><V34/><F34/><W55/><G55/><T116/><D116/><U23/><E52/><V123/><F123/><W4/><AGARI ba="0,1" hai="4,5,6,37,38,39,50,53,59,78,81,86,100,101" machi="4" ten="40,8000,1" yaku="1,1,0,1,52,1,53,1" doraHai="77" doraHaiUra="72" who="3" fromWho="3" sc="225,-20,327,-20,250,-40,188,90" /><INIT seed="3,0,0,4,2,56" ten="205,307,210,278" oya="3" hai0="112,72,122,80,135,47,92,2,5,97,32,17,107" hai1="89,46,14,39,7,36,96,95,49,120,26,118,30" hai2="127,20,42,29,134,1,24,125,78,77,40,117,68" hai3="69,15,102,66,57,25,111,38,41,98,33,44,70"/><W52/><G15/><T28/><D122/><U12/><E120/><V65/><F117/><W130/><G130/><T86/><D135/><U121/><E121/><V79/><F1/><W83/><G83/><T81/><D32/><U115/><E115/><V103/><F134/><W104/><G111/><T34/><D112/><U9/><E14/><V75/><F75/><W85/><G85/><T27/><D72/><U6/><E6/><V76/><N who="2" m="19456" /><DORA hai="110" /><V22/><F103/><W48/><REACH who="3" step="1"/><G66/><REACH who="3" ten="205,307,210,268" step="2"/><T64/><D64/><U67/><E67/><V63/><F20/><W124/><G124/><AGARI ba="0,1" hai="22,24,29,40,42,63,65,68,124,125,127" m="19456" machi="124" ten="50,3200,0" yaku="18,1,52,1" doraHai="56,110" who="2" fromWho="3" sc="205,0,307,0,210,42,268,-32" owari="205,-29.5,307,40.7,252,5.2,236,-16.4" /></mjloggm>