<mjloggm ver="2.3"><GO type="225" lobby="0"/><UN n0="%E6%A1%9C%E8%8A%B1%E9%96%83%E3%80%85" n1="%E6%97%A5%E6%9B%9C%E6%97%A5%E3%82%88%E3%82%8A%E3%81%AE%E4%BD%BF%E8%80%85" n2="%E9%A6%AC%E5%BC%95%E7%81%AB%33" n3="%E6%9D%BE%E6%9C%AC%E5%81%A5%E7%94%B7" dan="16,17,16,17" rate="2126.87,2197.98,2136.15,2233.31" sx="M,M,M,M"/><TAIKYOKU oya="0"/><INIT seed="0,0,0,2,5,101" ten="250,250,250,250" oya="0" hai0="69,109,85,11,72,118,112,100,94,44,36,41,80" hai1="92,30,53,123,56,22,111,62,38,128,89,135,19" hai2="16,87,43,107,65,82,47,126,51,131,34,39,81" hai3="3,88,57,121,105,14,102,73,122,9,63,75,113"/><T127/><D112/><U66/><E123/><N who="3" m="47114" /><G3/><T116/><D127/><U33/><E38/><V24/><F126/><W25/><G25/><T27/><D69/><U115/><E115/><V64/><F131/><W108/><G108/><T99/><D109/><U5/><E111/><V130/><F130/><W8/><G113/><T46/><D72/><U21/><E128/><V59/><F107/><W20/><G20/><T93/><D27/><N who="1" m="16751" /><E33/><V97/><F97/><N who="3" m="61647" /><G88/><T133/><D94/><U68/><E68/><V49/><F34/><W45/><G45/><T119/><D133/><U104/><E135/><V95/><F95/><W129/><G129/><T114/><D114/><U40/><E104/><V110/><F110/><W125/><G125/><T83/><D85/><N who="1" m="52271" /><E5/><V55/><F82/><W52/><G9/><T90/><D90/><U106/><E106/><V37/><F87/><W7/><AGARI ba="0,0" hai="7,8,14,52,57,63,73,75" m="61647,47114" machi="7" ten="30,4000,0" yaku="13,1,52,1,54,1" doraHai="101" who="3" fromWho="3" sc="250,-20,250,-10,250,-10,250,40" /><INIT seed="1,0,0,5,5,33" ten="230,240,240,290" oya="1" hai0="114,13,15,115,58,31,79,66,22,119,0,11,17" hai1="100,112,40,84,127,46,24,19,92,109,9,35,48" hai2="86,34,4,3,8,111,97,89,75,61,110,70,50" hai3="81,49,82,118,65,27,83,105,63,47,37,108,73"/><U135/><E112/><V72/><F34/><W91/><G108/><N who="2" m="41513" /><F97/><W116/><G37/><T60/><D119/><N who="3" m="45609" /><G105/><T88/><D79/><U55/><E109/><V56/><F50/><W20/><G91/><T18/><D31/><U1/><E127/><V132/><F132/><W51/><G73/><T54/><D0/><U64/><E135/><V134/><F70/><N who="3" m="42303" /><G47/><T16/><D17/><AGARI ba="0,0" hai="17,20,27,49,51,81,82,83" m="42303,45609" machi="17" ten="30,1000,0" yaku="12,1" doraHai="33" who="3" fromWho="0" sc="230,-10,240,0,240,0,290,10" /><INIT seed="2,0,0,5,2,63" ten="220,240,240,300" oya="2" hai0="0,26,11,14,121,33,43,6,37,3,19,15,105" hai1="51,70,95,57,13,126,91,74,118,117,42,22,130" hai2="54,93,34,97,41,36,101,132,35,103,61,114,67" hai3="98,119,55,32,115,111,123,21,28,38,135,2,1"/><V82/><F114/><W49/><G38/><T109/><D105/><U56/><E70/><V84/><F132/><W112/><G135/><T87/><D87/><N who="1" m="52735" /><E74/><V85/><F103/><W129/><G119/><T45/><D109/><U124/><E42/><V7/><F7/><W113/><G32/><T83/><D83/><U23/><E130/><V17/><F17/><W66/><G111/><T46/><D46/><U133/><E133/><V128/><F54/><W88/><G123/><T69/><D69/><U104/><E104/><V40/><F85/><W94/><G66/><T100/><D100/><U102/><E102/><V59/><F128/><W20/><G129/><T29/><REACH who="0" step="1"/><D121/><REACH who="0" ten="210,240,240,300" step="2"/><U120/><E120/><V68/><F68/><W76/><G76/><T107/><D107/><U80/><E80/><V72/><F72/><W44/><G28/><T58/><D58/><U64/><E57/><V53/><F40/><W24/><G115/><T127/><D127/><U131/><E131/><V86/><F86/><W92/><G113/><T47/><D47/><U52/><E118/><V96/><F41/><W25/><G112/><T99/><D99/><U39/><E117/><V90/><F97/><W27/><G94/><T65/><D65/><U73/><E126/><V75/><F75/><W108/><G108/><T4/><D4/><U48/><E124/><V116/><F116/><W5/><G5/><T31/><D31/><U81/><E73/><V78/><F101/><W9/><G98/><T71/><D71/><U30/><E30/><V12/><F96/><N who="3" m="57351" /><G1/><T89/><D89/><U125/><E125/><RYUUKYOKU ba="0,1" sc="210,15,240,-15,240,-15,300,15" hai0="0,3,6,11,14,15,19,26,29,33,37,43,45" hai3="2,9,20,21,24,25,27,44,49,55" /><INIT seed="3,1,1,5,4,23" ten="225,225,225,315" oya="3" hai0="13,17,103,52,83,60,96,3,123,2,44,10,55" hai1="51,100,32,34,47,90,16,114,5,107,78,12,48" hai2="120,122,56,82,22,8,118,101,124,84,75,117,108" hai3="50,76,27,135,132,102,95,130,131,64,93,88,57"/><W53/><G76/><T62/><D123/><N who="2" m="47146" /><F108/><W39/><G39/><T69/><D83/><U81/><E114/><V109/><F109/><W105/><G105/><T38/><D62/><U33/><E5/><V85/><F124/><W36/><G36/><T67/><D55/><U115/><E115/><V68/><F68/><W97/><G27/><T89/><D89/><U24/><E90/><N who="2" m="51479" /><F75/><W77/><G64/><T45/><D45/><U42/><E107/><V110/><F110/><W46/><G46/><T4/><D4/><U59/><E100/><V106/><F85/><N who="3" m="52367" /><G77/><T9/><D38/><U94/><E94/><V66/><F8/><W35/><G35/><T63/><D10/><U58/><E48/><V21/><F118/><W28/><G28/><T116/><D116/><U112/><E112/><V11/><F11/><W129/><AGARI ba="1,1" hai="50,53,57,95,97,102,129,130,131,132,135" m="52367" machi="129" ten="40,3900,0" yaku="19,1,54,1" doraHai="23" who="3" fromWho="3" sc="225,-14,225,-14,225,-14,315,52" owari="211,1.1,211,-18.9,211,-28.9,367,46.7" /></mjloggm>