<mjloggm ver="2.3"><GO type="225" lobby="0"/><UN n0="%E3%83%96%E3%83%83%E3%83%91%E3%82%AA%E3%83%96%E3%83%81%E3%82%AD%E3%83%B3" n1="%6C%65%74%69%74%62%65" n2="%70%68%65%6E%6F%6D%65" n3="%E8%A8%88%E7%AE%97%E6%A9%9F%E8%87%AA%E7%84%B6" dan="16,16,16,17" rate="2084.84,2109.96,2141.97,2141.96" sx="M,M,M,M"/><TAIKYOKU oya="0"/><INIT seed="0,0,0,4,2,62" ten="250,250,250,250" oya="0" hai0="9,73,18,52,40,103,114,112,27,120,67,70,93" hai1="117,56,14,118,63,96,99,134,1,3,46,110,57" hai2="13,81,59,101,22,0,32,100,113,88,107,125,82" hai3="24,51,28,122,37,94,7,102,11,98,26,15,33"/><T119/><D119/><U12/><E110/><V50/><F113/><W135/><G135/><T124/><D120/><U54/><E63/><V53/><F125/><W74/><G122/><T92/><D73/><U44/><REACH who="1" step="1"/><E54/><REACH who="1" ten="250,240,250,250" step="2"/><V21/><F53/><W31/><G51/><T75/><D52/><U79/><E79/><V23/><F50/><W4/><G37/><T30/><D114/><U2/><E2/><V128/><F0/><W84/><G74/><T39/><D112/><U115/><E115/><V58/><F128/><W60/><G60/><T36/><D39/><U86/><E86/><V78/><F78/><W83/><G84/><T69/><D75/><U126/><E126/><V16/><F58/><W71/><G71/><T91/><D36/><U111/><E111/><V41/><F59/><W97/><G97/><T6/><D70/><U34/><E34/><V77/><F32/><W133/><G98/><T25/><D69/><U90/><E90/><V49/><F88/><W38/><G33/><T132/><D91/><U55/><E55/><V105/><F77/><W108/><G108/><T80/><D124/><U17/><E17/><V106/><F49/><W61/><G61/><T76/><D18/><U109/><E109/><V8/><REACH who="2" step="1"/><F41/><REACH who="2" ten="250,240,240,250" step="2"/><W19/><G38/><T72/><D40/><U66/><E66/><V130/><F130/><W65/><G65/><T5/><D67/><U29/><E29/><V121/><F121/><W95/><G31/><T129/><D30/><U123/><E123/><V45/><F45/><W116/><G28/><T20/><D129/><U10/><E10/><RYUUKYOKU ba="0,2" sc="250,-15,240,15,240,15,250,-15" hai1="1,3,12,14,44,46,56,57,96,99,117,118,134" hai2="8,13,16,21,22,23,81,82,100,101,105,106,107" /><INIT seed="1,1,2,2,2,69" ten="235,255,255,235" oya="1" hai0="8,62,105,42,128,61,44,4,96,68,57,32,25" hai1="16,24,33,2,45,14,126,34,1,83,132,63,117" hai2="31,87,112,15,107,124,121,129,85,43,119,35,22" hai3="37,97,10,11,9,104,123,3,18,86,53,55,100"/><U91/><E117/><V80/><F119/><W118/><G118/><T48/><D128/><U20/><E132/><V74/><F121/><W113/><G123/><T88/><D68/><U72/><E126/><V114/><F107/><W130/><G113/><N who="2" m="43625" /><F129/><W19/><G130/><T30/><D57/><U95/><E45/><V116/><F124/><W39/><G3/><T99/><D99/><U111/><E111/><V7/><F43/><W127/><G127/><T49/><D49/><U79/><E63/><V29/><F35/><W66/><G66/><T73/><D73/><U60/><E60/><V82/><F74/><W131/><G131/><T122/><D122/><U89/><E91/><N who="2" m="51623" /><F116/><W0/><G0/><T12/><REACH who="0" step="1"/><D88/><REACH who="0" ten="225,255,255,235" step="2"/><U52/><E72/><V94/><F94/><W76/><G86/><T17/><D17/><U23/><E95/><V5/><F7/><W135/><G19/><T26/><D26/><U67/><E24/><V21/><F5/><W103/><G18/><T59/><D59/><U98/><E16/><N who="2" m="10399" /><F22/><W90/><G97/><T36/><D36/><U75/><E98/><V65/><F65/><W41/><G37/><T84/><D84/><U115/><E67/><V64/><F64/><W28/><G39/><T58/><D58/><U93/><E20/><V54/><F54/><W70/><G55/><T109/><D109/><U108/><E52/><V92/><F92/><W71/><G53/><T77/><D77/><AGARI ba="1,3" hai="29,31,77,82,87" m="10399,51623,43625" machi="77" ten="30,2000,0" yaku="11,1,54,1" doraHai="69" who="2" fromWho="0" sc="225,-23,255,0,255,53,235,0" /><INIT seed="2,0,0,5,5,27" ten="202,255,308,235" oya="2" hai0="100,129,13,130,78,126,79,53,67,5,73,98,118" hai1="59,57,60,2,69,38,111,42,123,21,71,35,94" hai2="107,51,12,82,43,16,74,96,77,30,131,135,56" hai3="33,99,34,121,68,41,11,55,112,88,133,39,4"/><V119/><F119/><W127/><G121/><T6/><D67/><U108/><E35/><V28/><F131/><N who="0" m="50186" /><D118/><U105/><E105/><V115/><F115/><W124/><G68/><T102/><D126/><N who="3" m="48169" /><G112/><T125/><D125/><U31/><E2/><V114/><F114/><W86/><G133/><T65/><D65/><U104/><E104/><V52/><F135/><W109/><G109/><N who="1" m="42058" /><E94/><V87/><F74/><W93/><G55/><T113/><D113/><U18/><E31/><V120/><F43/><W40/><G39/><T95/><D73/><U19/><E19/><V117/><F120/><W72/><G72/><T0/><D0/><U23/><E23/><V29/><F117/><W76/><G33/><T1/><D1/><U89/><E89/><V47/><F56/><N who="1" m="21577" /><E60/><V45/><F45/><W22/><G34/><T106/><D106/><U132/><E132/><V91/><F107/><W84/><G22/><T44/><D102/><U101/><E101/><V25/><F25/><W81/><G99/><T63/><D63/><U97/><E97/><V3/><F3/><AGARI ba="0,0" hai="3,4,11,40,41,76,81,84,86,88,93" m="48169" machi="3" ten="30,2000,0" yaku="18,1,54,1" doraHai="27" who="3" fromWho="2" sc="202,0,255,0,308,-20,235,20" /><INIT seed="3,0,0,3,5,56" ten="202,255,288,255" oya="3" hai0="121,128,81,6,80,132,125,22,50,32,93,28,106" hai1="115,17,120,20,108,51,53,88,27,78,112,133,38" hai2="10,68,45,52,98,7,46,72,91,122,79,110,75" hai3="41,117,14,43,63,131,44,127,21,25,119,34,35"/><W97/><G131/><T36/><D106/><U31/><E108/><V0/><F68/><W62/><G127/><T23/><D36/><U5/><E120/><V58/><F110/><W100/><G34/><T126/><D121/><U113/><E38/><V42/><F122/><W8/><G35/><T2/><D93/><U69/><E69/><V135/><F135/><W130/><G130/><T40/><D40/><N who="3" m="15433" /><G44/><T90/><D50/><U12/><E133/><V64/><F64/><W55/><G55/><T83/><D90/><U18/><E78/><V103/><F91/><W71/><G71/><T39/><D39/><U99/><E51/><V105/><F79/><W1/><G1/><T19/><D128/><U61/><E88/><V118/><F118/><W47/><G47/><T82/><N who="0" m="20480" /><DORA hai="111" /><T59/><D132/><U15/><E112/><V116/><F116/><W16/><G119/><T94/><D94/><U87/><E113/><V123/><F123/><W24/><G117/><T109/><D59/><U26/><E115/><V29/><F29/><N who="3" m="17551" /><G25/><N who="0" m="16447" /><D32/><U73/><E73/><V104/><F104/><W11/><G8/><N who="0" m="2135" /><D109/><U124/><E31/><V48/><F46/><W49/><G49/><AGARI ba="0,0" hai="0,7,10,42,45,48,49,52,58,72,75,98,103,105" machi="49" ten="30,2000,0" yaku="7,1,54,1" doraHai="56,111" who="2" fromWho="3" sc="202,0,255,0,288,20,255,-20" owari="202,-29.8,255,5.5,308,40.8,235,-16.5" /></mjloggm>