<mjloggm ver="2.3"><GO type="225" lobby="0"/><UN n0="%74%61%6B%65%2D%79%6F%75" n1="%E6%81%A5%E6%99%92%E3%81%97" n2="%E3%81%A4%E3%81%A3%E3%81%B1%E3%82%8A%E3%83%9D%E3%83%BC%E3%83%AB" n3="%E6%A1%9C%E8%8A%B1%E9%96%83%E3%80%85" dan="16,16,17,16" rate="2102.67,2143.13,2136.96,2098.16" sx="M,M,M,M"/><TAIKYOKU oya="0"/><INIT seed="0,0,0,3,3,134" ten="250,250,250,250" oya="0" hai0="102,18,5,39,75,60,37,82,32,67,9,131,21" hai1="2,61,23,7,22,11,133,40,47,107,17,35,84" hai2="130,85,65,110,8,92,114,135,105,69,27,0,33" hai3="68,126,41,6,121,24,78,16,63,1,62,77,26"/><T108/><D32/><U98/><E35/><V103/><F114/><W53/><G41/><T57/><D102/><U46/><E133/><V31/><F135/><W109/><G109/><T55/><D131/><U117/><E117/><V97/><F130/><W91/><G6/><T44/><D108/><U116/><E116/><V120/><F85/><W88/><G1/><T20/><D75/><U113/><E113/><V48/><F48/><W112/><G68/><T73/><D73/><U12/><E61/><N who="3" m="23050" /><G126/><T125/><D125/><U101/><E40/><V14/><F0/><W127/><G127/><T28/><D28/><U66/><E66/><V25/><F65/><W29/><G29/><T71/><D82/><U132/><E132/><V111/><F69/><W99/><G121/><T51/><D20/><U86/><E23/><V94/><F120/><W42/><G42/><T104/><D104/><U81/><REACH who="1" step="1"/><E86/><REACH who="1" ten="250,240,250,250" step="2"/><V119/><F119/><W123/><G112/><T89/><D67/><U93/><E93/><V10/><F111/><W54/><G123/><T43/><D71/><U13/><E13/><V74/><F74/><W122/><G122/><T36/><D21/><U79/><AGARI ba="0,1" hai="2,7,11,12,17,22,46,47,79,81,84,98,101,107" machi="79" ten="20,2700,0" yaku="1,1,0,1,7,1,53,0" doraHai="134" doraHaiUra="129" who="1" fromWho="1" sc="250,-13,240,37,250,-7,250,-7" /><INIT seed="1,0,0,2,1,107" ten="237,277,243,243" oya="1" hai0="105,0,108,66,59,85,61,51,25,9,121,55,134" hai1="13,94,87,133,63,98,44,113,67,52,95,82,104" hai2="129,23,103,28,89,46,5,64,41,91,92,31,79" hai3="42,62,16,72,77,19,60,119,45,39,20,126,49"/><U48/><E133/><V30/><F129/><W50/><G126/><T53/><D105/><U34/><E113/><V22/><F64/><W70/><G119/><T116/><D116/><U80/><E34/><V81/><F5/><W125/><G125/><T57/><D108/><U84/><E104/><V8/><F8/><W21/><G39/><T120/><D25/><U10/><E87/><V12/><F103/><W123/><G123/><N who="0" m="47179" /><D85/><U68/><E98/><V111/><F111/><W47/><G70/><N who="0" m="42319" /><D9/><U40/><E40/><V1/><F1/><W32/><G32/><T132/><D0/><U110/><E110/><V74/><F12/><N who="3" m="9223" /><G72/><T4/><D4/><U78/><REACH who="1" step="1"/><E82/><REACH who="1" ten="237,267,243,243" step="2"/><V26/><F81/><W101/><G42/><T29/><D29/><U75/><E75/><V15/><F74/><W109/><G109/><T117/><D117/><U2/><E2/><V38/><F30/><W54/><G101/><T65/><D65/><U83/><E83/><V128/><F28/><W102/><G102/><T97/><D97/><U17/><AGARI ba="0,1" hai="10,13,17,44,48,52,63,67,68,78,80,84,94,95" machi="17" ten="20,7800,0" yaku="1,1,0,1,7,1,54,1,53,0" doraHai="107" doraHaiUra="3" who="1" fromWho="1" sc="237,-26,267,88,243,-26,243,-26" /><INIT seed="1,1,0,5,0,56" ten="211,355,217,217" oya="1" hai0="19,116,49,104,18,129,90,26,86,11,46,81,44" hai1="58,103,10,124,69,2,75,21,61,51,6,31,65" hai2="89,32,107,17,30,133,91,59,132,99,15,52,95" hai3="62,117,84,105,119,41,121,0,111,5,13,57,126"/><U131/><E75/><V109/><F109/><W71/><G121/><T74/><D116/><N who="3" m="44617" /><G111/><T48/><D104/><U47/><E124/><V123/><F123/><W102/><G126/><T12/><D74/><U113/><E131/><V33/><F107/><W93/><G0/><T115/><D115/><U80/><E113/><V98/><F30/><W76/><G71/><T88/><D129/><U64/><E80/><V55/><F55/><N who="3" m="34111" /><G41/><T82/><D26/><U83/><E83/><V73/><F73/><W50/><G50/><T68/><D68/><U112/><E103/><V14/><F14/><W110/><G110/><T28/><D28/><U96/><E69/><V42/><F42/><W101/><G105/><T63/><D63/><U66/><E112/><V8/><F132/><W114/><G114/><T24/><D24/><U43/><E31/><V70/><F70/><W92/><G76/><T78/><D78/><U120/><E120/><V7/><F133/><W3/><G3/><T94/><D82/><U34/><E34/><V67/><F67/><W40/><G40/><T130/><D130/><U97/><E65/><V37/><F37/><W60/><G60/><T127/><D127/><U106/><E106/><V54/><F54/><W25/><G25/><T36/><D36/><U23/><E66/><V100/><F33/><W20/><G5/><T1/><D1/><U4/><E6/><V87/><F32/><W45/><G45/><T72/><D46/><U108/><E108/><V122/><F122/><W27/><G27/><T85/><D44/><U134/><E134/><V125/><F125/><RYUUKYOKU ba="1,0" sc="211,-10,355,30,217,-10,217,-10" hai1="2,4,10,21,23,43,47,51,58,61,64,96,97" /><INIT seed="1,2,0,0,2,63" ten="201,385,207,207" oya="1" hai0="90,14,25,89,28,37,21,0,2,23,69,4,123" hai1="91,48,83,39,62,66,76,22,71,111,67,118,95" hai2="73,134,106,12,20,75,18,135,52,92,61,77,97" hai3="128,74,129,102,107,108,84,10,33,15,59,32,65"/><U110/><E118/><V16/><F106/><W70/><G74/><T113/><D37/><U45/><E39/><V82/><F75/><W112/><G70/><T115/><D69/><U53/><E22/><V34/><F34/><W117/><G112/><N who="0" m="43083" /><D90/><U1/><E1/><N who="0" m="617" /><D89/><U44/><E62/><V26/><F18/><N who="3" m="8567" /><G108/><N who="1" m="41514" /><E44/><V114/><F12/><W64/><G117/><T9/><D9/><U122/><E122/><V79/><F79/><W88/><G59/><T127/><D127/><U55/><E55/><V3/><F3/><W57/><G57/><T40/><D40/><U13/><E13/><V124/><F124/><W120/><G120/><T42/><D42/><U104/><E104/><V105/><F105/><W72/><G32/><T51/><D51/><U99/><E71/><V132/><F114/><W60/><G33/><T85/><D123/><U58/><E58/><N who="2" m="35015" /><F92/><N who="3" m="54279" /><G60/><T38/><D38/><U11/><E11/><V96/><AGARI ba="2,0" hai="16,20,26,73,77,82,96,97,132,134,135" m="35015" machi="96" ten="40,5200,0" yaku="20,1,54,2" doraHai="63" who="2" fromWho="2" sc="201,-15,385,-28,207,58,207,-15" /><INIT seed="2,0,0,3,4,55" ten="186,357,265,192" oya="2" hai0="67,57,45,5,60,84,52,41,102,10,48,115,66" hai1="87,65,130,85,108,125,54,90,58,132,39,124,95" hai2="49,32,33,53,62,114,121,61,98,15,17,111,27" hai3="35,117,71,44,63,69,25,26,119,43,134,86,103"/><V20/><F114/><W133/><G103/><T109/><D115/><U97/><E39/><V104/><F121/><W100/><G100/><T29/><D109/><U83/><E108/><V6/><F111/><W91/><G91/><T94/><D29/><U70/><E130/><V36/><F36/><N who="3" m="21607" /><G86/><T34/><D34/><U21/><E132/><N who="3" m="50794" /><G63/><T122/><D122/><U22/><E87/><V4/><F104/><W129/><G129/><T96/><REACH who="0" step="1"/><D84/><REACH who="0" ten="176,357,265,192" step="2"/><U107/><E85/><V116/><F32/><W72/><G72/><T13/><AGARI ba="0,1" hai="5,10,13,41,45,48,52,57,60,66,67,94,96,102" machi="13" ten="20,12000,2" yaku="1,1,2,1,0,1,7,1,8,1,52,1,54,1,53,0" doraHai="55" doraHaiUra="28" who="0" fromWho="0" sc="176,130,357,-30,265,-60,192,-30" /><INIT seed="3,0,0,1,3,69" ten="306,327,205,162" oya="3" hai0="6,131,37,8,9,100,2,44,70,78,125,32,5" hai1="101,99,91,81,108,30,45,34,47,105,0,43,114" hai2="15,107,95,115,121,80,50,54,38,56,92,63,24" hai3="71,102,75,132,28,39,40,46,64,29,60,17,116"/><W65/><G116/><T128/><D70/><U76/><E114/><V61/><F115/><W72/><G132/><T106/><D78/><U104/><E108/><V59/><F38/><W48/><G65/><T31/><D100/><U18/><E18/><V49/><F107/><W85/><G102/><T55/><D106/><U42/><E91/><V112/><F112/><W23/><G85/><T4/><D125/><U25/><E0/><V110/><F110/><W87/><G87/><T21/><D55/><U67/><E67/><N who="2" m="39335" /><F121/><W94/><G94/><N who="2" m="35881" /><F80/><W124/><G124/><T14/><D44/><U90/><E47/><V113/><F113/><W97/><G97/><T127/><D37/><U98/><E25/><V96/><F96/><W126/><G126/><T13/><D127/><U66/><E30/><V62/><F24/><W103/><G103/><T109/><D109/><U22/><E22/><V120/><F120/><W16/><G17/><N who="0" m="10415" /><D4/><U79/><E66/><N who="2" m="39263" /><F15/><W52/><G72/><T135/><D135/><U89/><E34/><V83/><F83/><W88/><G75/><T68/><D68/><U19/><E19/><V53/><F63/><W7/><G7/><T1/><D1/><U117/><E117/><V84/><F84/><W11/><G88/><N who="1" m="33898" /><E76/><V74/><F74/><W12/><G23/><T77/><D77/><U82/><E79/><V129/><F129/><N who="0" m="49738" /><D32/><U133/><E104/><V33/><F33/><W57/><AGARI ba="0,0" hai="11,12,16,28,29,39,40,46,48,52,57,60,64,71" machi="57" ten="20,18000,2" yaku="0,1,7,1,24,2,52,1,54,2" doraHai="69" who="3" fromWho="3" sc="306,-60,327,-60,205,-60,162,180" owari="246,-15.4,267,6.7,145,-35.5,342,44.2" /></mjloggm>