<mjloggm ver="2.3"><GO type="225" lobby="0"/><UN n0="%E3%81%95%E3%81%8D%E3%81%9F%E3%81%BE%E6%9E%97%E6%AA%8E" n1="%E5%91%A8%E6%9D%B1" n2="%E3%83%81%E3%83%83%E3%82%BF%E3%82%BD%E3%83%BC" n3="%E3%83%AD%E3%83%83%E3%83%86%E9%9B%80%E7%90%83" dan="16,16,16,17" rate="2087.87,2240.27,2204.05,2180.34" sx="M,M,F,M"/><TAIKYOKU oya="0"/><INIT seed="0,0,0,0,4,42" ten="250,250,250,250" oya="0" hai0="85,95,16,21,17,3,54,102,22,100,66,88,65" hai1="47,33,107,31,36,72,121,24,2,113,41,106,98" hai2="117,30,20,37,77,61,81,50,59,91,124,101,103" hai3="89,84,111,45,115,12,57,26,97,108,46,126,132"/><T38/><D38/><U0/><E121/><V44/><F37/><W79/><G115/><T92/><D3/><N who="1" m="1067" /><E113/><V23/><F124/><W25/><G126/><T83/><D83/><U62/><E62/><V99/><F117/><W86/><G132/><T116/><D116/><U49/><E49/><V71/><F71/><W19/><G57/><T82/><D82/><U70/><E70/><V51/><F91/><W80/><G97/><N who="0" m="59431" /><D102/><N who="1" m="62807" /><E107/><V53/><F50/><W90/><G111/><T67/><D54/><U28/><E31/><V64/><F30/><W94/><G90/><T123/><D123/><U69/><E69/><V1/><F1/><W93/><G93/><T120/><D120/><U10/><E10/><V135/><F135/><W48/><G108/><T130/><D130/><U112/><E112/><V118/><F118/><W13/><G13/><T15/><D17/><U5/><E5/><V40/><F64/><N who="0" m="16386" /><T128/><DORA hai="7" /><D128/><U27/><E27/><N who="3" m="10250" /><G48/><T122/><D122/><U43/><E43/><V127/><F127/><W32/><G32/><T63/><D63/><U78/><E78/><V8/><F103/><W119/><G119/><T35/><D35/><U6/><E6/><V52/><F53/><W131/><G131/><T125/><D125/><U56/><E56/><V55/><F55/><W14/><G14/><T110/><D110/><U68/><E68/><V39/><F101/><W58/><G58/><T60/><D60/><U4/><E4/><V96/><F59/><W134/><G134/><T105/><D105/><U74/><AGARI ba="0,0" hai="24,28,33,36,41,47,72,74" m="62807,1067" machi="74" ten="30,4000,0" yaku="33,2,52,1" doraHai="42,7" who="1" fromWho="1" sc="250,-20,250,40,250,-10,250,-10" /><INIT seed="1,0,0,1,5,112" ten="230,290,240,240" oya="1" hai0="35,20,18,109,69,8,94,24,39,33,26,11,104" hai1="47,70,98,1,30,40,25,67,123,129,86,121,31" hai2="93,107,77,64,7,29,38,105,89,113,100,108,84" hai3="36,82,46,115,53,111,135,128,16,119,13,14,54"/><U22/><E1/><V3/><F38/><W55/><G115/><T87/><D104/><U58/><E129/><V125/><F29/><W79/><G128/><T19/><D69/><U117/><E117/><V114/><F7/><W34/><G34/><N who="0" m="12811" /><D94/><U78/><E31/><V42/><F3/><W0/><G111/><T61/><D61/><U132/><E70/><V9/><F9/><N who="0" m="3658" /><D87/><U62/><E132/><V131/><F64/><W90/><G135/><T134/><D39/><U44/><E44/><V75/><F131/><W57/><G119/><T71/><D71/><U76/><E98/><N who="2" m="59471" /><F42/><W122/><G122/><T43/><D43/><U6/><E6/><V110/><F114/><W21/><G0/><T37/><D37/><U49/><E78/><V23/><F113/><W63/><G90/><T60/><D60/><U96/><E76/><V2/><F2/><W95/><G95/><T120/><D120/><U52/><E86/><V17/><F77/><W32/><G32/><T88/><D134/><U65/><E121/><V41/><F75/><W48/><G36/><T130/><D130/><U5/><E5/><V59/><F41/><N who="3" m="24655" /><G13/><N who="0" m="9295" /><D109/><N who="2" m="42090" /><F59/><W66/><G79/><T97/><D19/><U116/><E123/><V127/><F17/><W101/><G101/><T102/><D102/><U80/><E80/><AGARI ba="0,0" hai="14,16,21,53,54,55,57,63,66,80,82" m="24655" machi="80" ten="30,2000,0" yaku="8,1,54,1" doraHai="112" who="3" fromWho="1" sc="230,0,290,-20,240,0,240,20" /><INIT seed="2,0,0,3,2,47" ten="230,270,240,260" oya="2" hai0="10,105,23,9,107,61,71,77,132,84,2,58,15" hai1="19,26,43,94,57,86,37,20,49,75,115,60,131" hai2="70,100,126,110,48,55,53,14,4,90,32,104,65" hai3="69,85,134,41,118,66,113,127,35,124,111,36,82"/><V25/><F126/><N who="3" m="48171" /><G111/><T109/><D109/><U21/><E131/><V98/><F110/><W103/><G118/><T11/><D71/><U74/><E115/><V54/><F90/><W0/><G134/><T130/><D132/><U76/><E37/><V51/><F14/><W27/><G0/><T67/><D130/><U133/><E133/><V31/><REACH who="2" step="1"/><F4/><REACH who="2" ten="230,270,230,260" step="2"/><W30/><G113/><T73/><D2/><U42/><E76/><V62/><AGARI ba="0,1" hai="25,31,32,48,51,53,54,55,62,65,70,98,100,104" machi="62" ten="30,18000,2" yaku="1,1,2,1,0,1,25,2,52,2,53,0" doraHai="47" doraHaiUra="123" who="2" fromWho="2" sc="230,-60,270,-60,230,190,260,-60" /><INIT seed="2,1,0,0,4,85" ten="170,210,420,200" oya="2" hai0="57,80,38,71,69,35,36,101,126,60,115,65,93" hai1="120,104,95,116,118,100,130,4,91,123,11,90,131" hai2="13,43,72,78,133,128,110,34,81,98,54,37,47" hai3="17,66,14,121,15,105,46,58,39,92,25,64,22"/><V9/><F128/><N who="1" m="49193" /><E104/><V108/><F34/><W45/><G121/><N who="1" m="46666" /><E100/><V23/><F133/><W51/><G105/><T8/><D115/><U84/><E90/><V67/><F67/><W29/><G39/><T87/><D126/><U16/><E16/><V62/><F23/><W117/><G117/><T97/><D35/><U94/><E94/><V28/><F28/><W119/><G119/><T53/><D8/><U68/><E68/><V18/><F98/><W42/><G46/><T5/><D5/><U89/><E89/><V76/><F76/><W55/><G92/><T41/><D71/><U125/><E125/><V122/><F122/><W79/><G79/><T20/><D20/><U40/><E40/><V86/><F72/><W113/><G113/><T31/><D31/><U102/><E102/><V1/><F1/><AGARI ba="1,0" hai="1,4,11,84,91,95,116,118" m="46666,49193" machi="1" ten="30,3900,0" yaku="19,1,13,1,52,1" doraHai="85" who="1" fromWho="2" sc="170,0,210,42,420,-42,200,0" /><INIT seed="3,0,0,1,2,7" ten="170,252,378,200" oya="3" hai0="67,37,32,52,113,4,94,10,106,46,19,107,70" hai1="65,73,33,1,82,79,76,101,129,111,92,88,74" hai2="0,102,63,109,128,35,127,78,59,105,61,130,99" hai3="36,29,23,9,100,96,80,5,108,95,57,85,87"/><W84/><G36/><T30/><D113/><U50/><E33/><V72/><F109/><W55/><G108/><T131/><D131/><N who="2" m="50218" /><F35/><W132/><G132/><T89/><D19/><U48/><E65/><N who="2" m="39103" /><F127/><W42/><G42/><T25/><D37/><U16/><E16/><V134/><F134/><W83/><G23/><T125/><D125/><U81/><E129/><V39/><F39/><W71/><G71/><T28/><D28/><U45/><E1/><V40/><F40/><W121/><G121/><T103/><D103/><U104/><E45/><V114/><F0/><W66/><G66/><T120/><D120/><U27/><E27/><V18/><F114/><W38/><G38/><T54/><D67/><U13/><E13/><V86/><F72/><W20/><G20/><T44/><D70/><U135/><E135/><V14/><F63/><W115/><G29/><T8/><D46/><U62/><E62/><V53/><F53/><N who="0" m="20586" /><D44/><U49/><E111/><V22/><F86/><W3/><REACH who="3" step="1"/><G115/><REACH who="3" ten="170,252,378,190" step="2"/><T11/><D4/><U123/><E123/><V91/><F22/><W117/><G117/><T2/><D2/><U116/><E116/><V119/><F119/><W110/><G110/><T97/><D107/><U58/><E104/><V12/><F105/><W77/><G77/><T41/><D106/><U126/><E126/><V24/><F78/><W51/><AGARI ba="0,1" hai="3,5,9,51,55,57,80,83,84,85,87,95,96,100" machi="51" ten="30,6000,0" yaku="1,1,0,1,52,1,53,0" doraHai="7" doraHaiUra="60" who="3" fromWho="3" sc="170,-20,252,-20,378,-20,190,70" /><INIT seed="3,1,0,3,2,119" ten="150,232,358,260" oya="3" hai0="27,131,85,65,106,126,55,42,84,38,23,49,76" hai1="16,124,95,9,39,75,24,37,72,22,25,121,13" hai2="67,74,79,45,90,35,19,70,128,117,59,51,30" hai3="47,56,50,4,5,134,108,120,57,92,96,122,130"/><W43/><G130/><T36/><D106/><U46/><E124/><V52/><F117/><W113/><G113/><T61/><D126/><U86/><E121/><V123/><F123/><W101/><G134/><T69/><D131/><U1/><E1/><V115/><F115/><W87/><G108/><T104/><D104/><U58/><E25/><V20/><F70/><W83/><G4/><T64/><D64/><U97/><E86/><V11/><F128/><W127/><G127/><T3/><D3/><U89/><E39/><V112/><F112/><W98/><G98/><T18/><D76/><U14/><E14/><V54/><F11/><W63/><G5/><T100/><D100/><U99/><E99/><V103/><F67/><W7/><G7/><T91/><D91/><U135/><E135/><V125/><F125/><W17/><G17/><T2/><D2/><U73/><E58/><V31/><F35/><W81/><G57/><T133/><D133/><U66/><E66/><V21/><F103/><W68/><G83/><T0/><D0/><U78/><E46/><V33/><F33/><W8/><G8/><T29/><D29/><U105/><E105/><V114/><F114/><W41/><G41/><T82/><D82/><U6/><E37/><V62/><F90/><N who="3" m="51567" /><G68/><T93/><D93/><U107/><E107/><V15/><REACH who="2" step="1"/><F21/><REACH who="2" ten="150,232,348,260" step="2"/><W109/><G109/><T118/><D118/><U44/><E78/><V28/><F28/><W53/><G122/><T110/><D110/><U111/><E111/><V32/><F32/><W71/><G120/><T102/><D69/><U94/><E89/><RYUUKYOKU ba="1,1" sc="150,-15,232,-15,348,15,260,15" hai2="15,19,20,30,31,45,51,52,54,59,62,74,79" hai3="43,47,50,53,56,63,71,92,96,101" /><INIT seed="3,2,1,4,0,93" ten="135,217,363,275" oya="3" hai0="32,69,17,115,10,18,128,122,38,114,103,36,19" hai1="40,46,81,45,89,95,96,31,8,121,24,33,68" hai2="56,50,91,15,30,62,131,27,25,14,39,51,90" hai3="5,124,75,133,49,77,21,41,71,13,52,126,16"/><W120/><G120/><T0/><D69/><U94/><E121/><V106/><F131/><W109/><G71/><T55/><D122/><U99/><E68/><V100/><F39/><W42/><G109/><T101/><D32/><U84/><E8/><V117/><F117/><W112/><G112/><N who="0" m="43051" /><D10/><U47/><REACH who="1" step="1"/><E40/><REACH who="1" ten="135,207,363,275" step="2"/><V127/><F127/><N who="3" m="48683" /><G133/><T6/><D128/><U63/><E63/><V123/><F123/><W116/><G116/><T76/><D76/><U20/><E20/><V129/><F129/><W85/><G5/><T88/><D6/><U111/><E111/><V64/><F62/><W83/><G75/><T53/><D0/><U54/><E54/><N who="0" m="20489" /><D88/><U130/><E130/><V34/><F90/><W74/><G74/><T3/><D3/><U66/><E66/><V22/><F64/><W87/><G87/><T79/><D79/><U104/><E104/><V37/><F91/><W86/><G85/><T9/><D9/><U44/><N who="1" m="11264" /><DORA hai="70" /><U92/><AGARI ba="2,2" hai="24,31,33,81,84,89,92,94,95,96,99" m="11264" machi="92" ten="50,8000,1" yaku="1,1,4,1,0,1,52,2,53,0" doraHai="93,70" doraHaiUra="135,118" who="1" fromWho="1" sc="135,-22,207,106,363,-22,275,-42" owari="113,-38.7,313,11.3,341,44.1,233,-16.7" /></mjloggm>