<mjloggm ver="2.3"><GO type="225" lobby="0"/><UN n0="%E5%91%A8%E6%9D%B1" n1="%E4%BF%BA%E3%81%A8%E5%A6%96%E5%A4%A2" n2="%E3%83%B4%E3%82%A3%E3%83%AF%E3%82%B3%E3%82%B0%E3%83%8B" n3="%E6%B8%A9%E2%98%85%E6%83%85%E2%98%85%E6%8E%AA%E2%98%85%E7%BD%AE" dan="17,16,16,17" rate="2225.91,2134.08,2226.37,2178.29" sx="M,F,M,M"/><TAIKYOKU oya="0"/><INIT seed="0,0,0,1,1,7" ten="250,250,250,250" oya="0" hai0="10,86,36,4,52,117,122,130,134,63,75,53,44" hai1="1,101,72,65,123,13,91,126,33,8,100,2,111" hai2="109,14,50,107,82,60,48,70,103,62,47,22,27" hai3="114,73,124,85,24,105,88,110,23,55,81,132,128"/><T106/><D122/><U102/><E123/><V11/><F109/><W129/><G114/><T113/><D113/><U99/><E33/><V3/><F3/><W115/><G115/><T34/><D117/><U68/><E111/><V6/><F70/><W77/><G110/><T12/><D75/><U46/><E126/><V94/><F107/><W96/><G124/><T76/><D106/><U127/><E127/><V45/><F82/><W19/><G132/><T16/><D34/><U118/><E118/><V80/><F80/><W74/><G55/><T78/><D134/><U57/><E68/><V30/><F103/><N who="3" m="62695" /><G77/><N who="0" m="29803" /><D36/><U31/><E31/><V21/><F94/><W98/><G98/><T20/><D130/><AGARI ba="0,0" hai="19,23,24,73,74,81,85,88,128,129,130" m="62695" machi="130" ten="30,2000,0" yaku="19,1,54,1" doraHai="7" who="3" fromWho="0" sc="250,-20,250,0,250,0,250,20" /><INIT seed="1,0,0,3,1,117" ten="230,250,250,270" oya="1" hai0="84,73,133,74,108,101,20,111,89,102,95,135,26" hai1="99,100,54,118,103,3,25,27,66,1,115,97,122" hai2="33,46,78,32,72,48,47,24,132,63,131,107,126" hai3="128,82,64,4,2,36,76,61,13,94,106,58,130"/><U57/><E118/><V70/><F126/><W75/><G106/><T52/><D52/><U51/><E115/><V114/><F132/><N who="0" m="50762" /><D20/><U69/><E69/><V116/><F116/><W88/><G36/><T39/><D26/><U96/><E66/><V127/><F127/><W62/><G2/><T16/><D16/><U90/><E90/><V77/><F114/><W125/><G125/><T92/><D39/><U14/><E14/><V68/><F24/><W23/><G62/><T21/><D21/><U6/><E6/><V5/><F5/><W49/><G49/><T98/><D102/><U113/><E96/><V60/><F48/><W119/><G119/><T28/><D28/><U7/><E7/><V104/><REACH who="2" step="1"/><F72/><AGARI ba="0,0" hai="72,73,74,84,89,92,95,98,101,108,111" m="50762" machi="72" ten="30,3900,0" yaku="20,1,34,2" doraHai="117" who="0" fromWho="2" sc="230,39,250,0,250,-39,270,0" /><INIT seed="2,0,0,4,4,85" ten="269,250,211,270" oya="2" hai0="99,38,73,8,47,78,72,106,76,12,128,121,11" hai1="69,62,94,64,102,103,93,75,114,7,23,125,51" hai2="107,71,43,20,1,59,17,67,126,134,58,122,14" hai3="13,32,39,33,5,120,89,41,28,127,29,55,57"/><V113/><F113/><W91/><G120/><T88/><D121/><U26/><E114/><V123/><F107/><W109/><G109/><T80/><D128/><U60/><E75/><V54/><F1/><W3/><G3/><T133/><D133/><U108/><E108/><V61/><F134/><W84/><G127/><T25/><D25/><U90/><E125/><V56/><F126/><W95/><G39/><T110/><D110/><U96/><E7/><V40/><REACH who="2" step="1"/><F54/><REACH who="2" ten="269,250,201,270" step="2"/><W42/><G55/><T74/><D106/><U27/><E62/><V115/><F115/><W53/><G53/><T16/><D11/><U48/><E27/><V2/><F2/><W105/><G105/><T19/><D8/><U130/><E130/><V135/><F135/><W24/><G24/><T52/><D52/><U97/><REACH who="1" step="1"/><E103/><REACH who="1" ten="269,240,201,270" step="2"/><V6/><F6/><W44/><G5/><T83/><D47/><U9/><E9/><V131/><F131/><W132/><G44/><T66/><D66/><U15/><E15/><V34/><F34/><W63/><G13/><T37/><D12/><U81/><E81/><V129/><F129/><W118/><G132/><T119/><D80/><U46/><E46/><V68/><F68/><W116/><G33/><T35/><D35/><U82/><E82/><V104/><F104/><W45/><G32/><T98/><D83/><U21/><E21/><V100/><F100/><W22/><G22/><T31/><D74/><U86/><E86/><V18/><F18/><AGARI ba="0,2" hai="18,23,26,48,51,60,64,69,90,93,94,96,97,102" machi="18" ten="30,3900,0" yaku="1,1,7,1,52,1,53,0" doraHai="85" doraHaiUra="117" who="1" fromWho="2" sc="269,0,240,59,201,-39,270,0" /><INIT seed="3,0,0,4,0,17" ten="269,299,162,270" oya="3" hai0="134,109,15,91,110,133,32,117,100,124,4,0,114" hai1="45,116,9,20,76,18,22,37,69,58,104,125,33" hai2="90,38,128,8,12,13,92,42,34,11,30,115,80" hai3="83,1,94,29,24,127,6,59,89,108,47,55,74"/><W88/><G127/><T57/><D57/><U112/><E69/><V99/><F128/><W103/><G108/><N who="0" m="41579" /><D100/><U49/><E33/><V131/><F131/><W48/><G6/><T122/><D91/><U56/><E112/><V28/><F115/><W35/><G1/><T135/><D114/><U10/><E125/><V68/><F68/><W65/><G103/><T75/><D75/><U27/><E37/><V85/><F38/><W93/><G93/><T86/><D86/><U46/><E116/><V96/><F34/><W64/><G59/><N who="1" m="22570" /><E46/><V19/><F42/><W113/><G113/><T123/><D124/><U95/><E104/><V105/><F105/><W132/><G132/><T66/><D66/><U73/><E73/><V14/><F99/><W84/><REACH who="3" step="1"/><G74/><REACH who="3" ten="269,299,162,260" step="2"/><T51/><D0/><U60/><E95/><V102/><REACH who="2" step="1"/><F13/><REACH who="2" ten="269,299,152,260" step="2"/><W2/><G2/><T70/><D15/><U61/><E61/><V54/><F54/><W53/><G53/><T43/><D133/><U5/><E60/><V77/><F77/><W78/><G78/><T97/><D134/><U82/><E76/><V23/><F23/><W120/><G120/><T126/><D123/><U101/><E22/><V44/><F44/><W63/><G63/><T98/><D122/><U129/><E129/><V79/><F79/><W107/><G107/><T71/><D135/><U40/><E45/><V62/><F62/><W118/><G118/><T119/><D117/><U31/><E20/><V121/><F121/><W50/><G50/><T67/><D51/><U106/><E49/><V39/><F39/><W52/><G52/><RYUUKYOKU ba="0,2" sc="269,-15,299,-15,152,15,260,15" hai2="8,11,12,14,19,28,30,80,85,90,92,96,102" hai3="24,29,35,47,48,55,64,65,83,84,88,89,94" /><INIT seed="3,1,2,0,3,52" ten="254,284,167,275" oya="3" hai0="104,30,58,81,50,7,87,102,45,130,125,123,122" hai1="105,20,110,18,31,68,86,59,73,14,82,80,78" hai2="119,84,76,112,2,133,33,126,54,23,47,111,77" hai3="107,121,118,51,95,128,39,99,5,116,48,79,16"/><W114/><G114/><T46/><D125/><U124/><E68/><V1/><F33/><W27/><G121/><T43/><D130/><U75/><E105/><V127/><F112/><W106/><G39/><T92/><D104/><U97/><E124/><N who="2" m="47659" /><F119/><W42/><G106/><T28/><D7/><U83/><E110/><V44/><F111/><W63/><G107/><T17/><D123/><U9/><E97/><V67/><F67/><W56/><G79/><N who="2" m="30281" /><F133/><W66/><G5/><T61/><D46/><N who="2" m="17450" /><F84/><W88/><G128/><T91/><D122/><U32/><E32/><V38/><F38/><W103/><G116/><T131/><D131/><U64/><E75/><V6/><F6/><W24/><G118/><T72/><D72/><U115/><E73/><V89/><F89/><W57/><G88/><N who="0" m="51311" /><D102/><U120/><E115/><V26/><F54/><N who="3" m="31839" /><G48/><T101/><D101/><U35/><E35/><V19/><AGARI ba="1,2" hai="1,2,19,23,26" m="17450,30281,47659" machi="19" ten="30,1100,0" yaku="18,1" doraHai="52" who="2" fromWho="2" sc="254,-4,284,-4,167,34,275,-6" /><INIT seed="4,0,0,1,2,49" ten="250,280,201,269" oya="0" hai0="107,71,77,12,33,20,21,80,101,130,42,120,70" hai1="104,3,6,51,131,118,97,48,58,76,99,103,86" hai2="45,69,55,123,93,8,2,11,16,35,47,81,109" hai3="40,30,74,28,125,32,79,111,61,88,89,72,94"/><T95/><D120/><U98/><E118/><V113/><F123/><W116/><G111/><T106/><D33/><U124/><E124/><V122/><F122/><W54/><G116/><T1/><D1/><U31/><E131/><V23/><F109/><W119/><G119/><T17/><D130/><U117/><E117/><V15/><F69/><W134/><G32/><T22/><D42/><U50/><E31/><V84/><F35/><W57/><G125/><T34/><D34/><U82/><E6/><V52/><F93/><W121/><G121/><T132/><D95/><U78/><E3/><V90/><F113/><W92/><G40/><T0/><D0/><U37/><E37/><V46/><F2/><W91/><G134/><T10/><D132/><U105/><E76/><V87/><F84/><W9/><G9/><AGARI ba="0,0" hai="8,9,11,15,16,23,45,46,47,52,55,81,87,90" machi="9" ten="40,8000,1" yaku="8,1,52,2,54,2" doraHai="49" who="2" fromWho="3" sc="250,0,280,0,201,80,269,-80" /><INIT seed="5,0,0,0,1,66" ten="250,280,281,189" oya="1" hai0="55,110,47,118,131,50,82,58,122,79,121,134,11" hai1="68,28,89,90,64,77,31,49,101,20,23,78,103" hai2="43,125,97,69,37,65,51,26,124,133,12,57,88" hai3="80,2,63,1,60,75,5,48,59,41,34,105,98"/><U119/><E49/><V67/><F133/><W126/><G126/><N who="2" m="48745" /><F37/><W100/><G34/><T16/><D118/><U99/><E99/><V107/><F69/><W0/><G5/><T115/><D110/><U30/><E64/><V35/><F12/><W56/><G41/><T83/><D134/><U19/><E68/><V120/><F120/><N who="0" m="46186" /><D115/><U84/><E19/><V91/><F107/><W93/><G105/><T95/><D131/><U70/><E70/><V71/><F71/><W76/><REACH who="3" step="1"/><G59/><REACH who="3" ten="250,280,281,179" step="2"/><T18/><D58/><U129/><E129/><V62/><F43/><W104/><G104/><T8/><D8/><U96/><E119/><V73/><F35/><W106/><G106/><T54/><D11/><U61/><E20/><V130/><F130/><W52/><AGARI ba="0,1" hai="0,1,2,48,52,56,60,63,75,76,80,93,98,100" machi="52" ten="40,5200,0" yaku="1,1,0,1,54,1,53,0" doraHai="66" doraHaiUra="111" who="3" fromWho="3" sc="250,-13,280,-26,281,-13,179,62" /><INIT seed="6,0,0,2,2,122" ten="237,254,268,241" oya="2" hai0="5,108,19,70,80,37,41,119,120,20,39,66,27" hai1="92,84,57,25,11,12,13,28,78,85,2,42,69" hai2="115,64,129,106,18,101,121,104,10,7,107,46,83" hai3="77,114,87,124,54,26,9,81,0,88,67,123,68"/><V99/><F121/><W3/><G123/><T43/><D120/><U38/><E69/><V34/><F115/><W126/><G114/><T59/><D108/><U103/><E2/><V91/><F34/><W75/><G54/><T16/><D119/><U116/><E12/><V79/><F129/><W127/><G26/><T47/><D70/><U97/><E78/><V102/><F64/><W90/><G9/><T89/><D5/><U112/><E116/><V110/><F18/><W4/><G4/><T33/><D33/><U93/><E57/><V30/><F30/><W131/><G131/><T128/><D128/><U109/><E109/><V111/><F46/><W55/><G55/><T62/><D19/><U95/><E95/><N who="2" m="56831" /><F10/><W53/><G53/><T98/><D98/><U74/><E92/><V105/><F7/><W118/><G118/><T86/><REACH who="0" step="1"/><D43/><REACH who="0" ten="227,254,268,241" step="2"/><U94/><E97/><N who="2" m="61487" /><F102/><W56/><G68/><T52/><D52/><U51/><E103/><V71/><F71/><W135/><G67/><T73/><D73/><AGARI ba="0,1" hai="73,79,83,105,106,107,110,111" m="61487,56831" machi="73" ten="30,11600,0" yaku="34,2,52,2" doraHai="122" who="2" fromWho="0" sc="227,-116,254,0,268,126,241,0" owari="111,-38.9,254,5.4,394,49.4,241,-15.9" /></mjloggm>