<mjloggm ver="2.3"><GO type="225" lobby="0"/><UN n0="%6B%75%72%69%73%75" n1="%E7%99%BD%E5%80%89%E5%AF%9B%E4%B9%8B" n2="%E4%B8%89%E5%88%86%E5%B0%8F%E5%83%A7" n3="%E6%98%93%E5%88%A9%E8%96%A9%E4%BC%AF" dan="16,16,16,17" rate="2020.84,2123.77,2078.23,2100.36" sx="F,M,M,F"/><TAIKYOKU oya="0"/><INIT seed="0,0,0,4,0,10" ten="250,250,250,250" oya="0" hai0="90,49,66,29,67,107,96,26,78,23,102,31,118" hai1="6,95,48,16,91,113,27,128,80,47,44,37,112" hai2="109,54,114,86,100,55,88,2,84,20,79,4,111" hai3="83,72,117,61,13,39,124,25,122,35,46,41,21"/><T135/><D118/><U133/><E133/><V11/><F114/><N who="1" m="44137" /><E128/><V123/><F123/><W105/><G117/><T42/><D135/><U32/><E37/><V97/><F79/><W45/><G105/><T63/><D78/><U81/><E6/><V74/><F74/><W19/><G124/><T52/><D42/><N who="1" m="24599" /><E47/><V131/><F20/><W17/><G122/><T120/><D120/><U36/><E36/><V127/><F127/><W15/><G72/><T77/><D77/><U53/><E53/><V98/><F84/><W0/><G83/><T24/><D90/><U43/><E43/><V59/><F131/><W71/><G0/><T22/><D63/><U14/><E27/><V132/><F132/><W115/><G46/><AGARI ba="0,0" hai="22,23,24,26,29,31,46,49,52,66,67,96,102,107" machi="46" ten="30,5800,0" yaku="7,1,9,1,54,1" doraHai="10" who="0" fromWho="3" sc="250,58,250,0,250,0,250,-58" /><INIT seed="0,1,0,3,3,53" ten="308,250,250,192" oya="0" hai0="78,26,91,83,94,22,114,66,32,117,54,106,121" hai1="49,50,75,107,24,11,132,84,31,129,68,58,131" hai2="92,12,60,76,35,100,135,134,48,123,113,52,90" hai3="116,51,4,25,43,74,20,9,6,41,14,80,71"/><T27/><D106/><U128/><E75/><V18/><F35/><W39/><G71/><T93/><D121/><U47/><E68/><V109/><F113/><W119/><G39/><T112/><D117/><U73/><E73/><V63/><F123/><W133/><G133/><N who="2" m="50697" /><F76/><W110/><G110/><T88/><D66/><U85/><E107/><V122/><F100/><W120/><G120/><T95/><D32/><U70/><E70/><V99/><F109/><W108/><G6/><T105/><D105/><U72/><E72/><V81/><F81/><W23/><G23/><T104/><D104/><U103/><E103/><V7/><F7/><W28/><G108/><T118/><D118/><U86/><E132/><V8/><F122/><W57/><G116/><T65/><D65/><U62/><E11/><V30/><F30/><W69/><G69/><T45/><D114/><U40/><E50/><V5/><F5/><W2/><G2/><T46/><D112/><U111/><E111/><V97/><F97/><W126/><G126/><T33/><D33/><N who="1" m="20711" /><E85/><V42/><F42/><W98/><G98/><T77/><D93/><U3/><E3/><V102/><F102/><W34/><G34/><T79/><D79/><U44/><E44/><AGARI ba="1,0" hai="8,12,18,44,48,52,60,63,90,92,99" m="50697" machi="44" ten="30,2000,0" yaku="20,1,54,1" doraHai="53" who="2" fromWho="1" sc="308,0,250,-23,250,23,192,0" /><INIT seed="1,0,0,5,1,56" ten="308,227,273,192" oya="1" hai0="75,47,71,14,28,89,32,12,134,67,10,98,23" hai1="112,55,30,101,21,108,45,81,17,20,84,80,42" hai2="128,91,24,82,39,3,113,22,8,29,126,121,74" hai3="104,99,111,66,110,54,72,68,36,122,16,48,2"/><U79/><E112/><V1/><F121/><W87/><G72/><T125/><D75/><U103/><E108/><V31/><F126/><W59/><G2/><T93/><D32/><U25/><E55/><V43/><F128/><W116/><G122/><T5/><D125/><U50/><REACH who="1" step="1"/><E81/><REACH who="1" ten="308,217,273,192" step="2"/><V11/><F113/><W15/><G116/><T9/><D134/><U117/><E117/><V90/><F82/><W109/><G36/><T35/><D35/><U38/><E38/><V97/><F39/><W102/><G87/><T44/><D67/><U58/><E58/><V115/><F115/><W37/><G37/><T119/><D71/><U129/><E129/><V52/><F52/><W73/><G73/><T65/><D65/><U33/><E33/><V120/><F74/><W51/><G66/><T34/><D34/><U105/><E105/><V78/><F120/><W123/><G68/><T133/><D133/><U131/><E131/><V130/><F130/><W94/><G123/><T124/><D119/><U49/><E49/><V127/><F127/><W100/><G51/><T46/><D124/><U88/><E88/><V13/><F91/><W69/><G69/><T86/><D86/><U60/><E60/><V6/><F90/><N who="3" m="55767" /><G104/><T77/><D47/><U64/><E64/><V40/><F97/><W85/><G85/><T62/><D62/><U96/><E96/><V107/><F107/><W4/><G4/><N who="0" m="3111" /><D77/><U18/><E18/><N who="2" m="12375" /><F78/><W57/><G57/><T61/><D61/><U95/><E95/><V106/><F106/><W41/><G41/><T135/><D135/><U132/><E132/><RYUUKYOKU ba="0,1" sc="308,10,217,10,273,-30,192,10" hai0="5,10,14,23,28,44,46,89,93,98" hai1="17,20,21,25,30,42,45,50,79,80,84,101,103" hai3="15,16,48,54,59,100,102,109,110,111" /><INIT seed="1,1,1,0,5,57" ten="318,227,243,202" oya="1" hai0="38,55,44,10,13,25,108,15,30,115,85,112,93" hai1="64,59,107,39,123,135,35,63,134,124,50,62,101" hai2="131,24,90,43,89,67,98,32,94,73,37,21,51" hai3="129,46,9,96,69,54,60,1,83,92,70,111,0"/><U47/><E35/><V130/><F32/><W66/><G111/><T19/><D108/><U74/><E74/><V7/><F37/><W119/><G129/><N who="2" m="49161" /><F73/><W6/><G119/><T12/><D112/><U53/><E107/><V125/><F125/><W106/><G106/><T42/><D115/><U100/><E124/><V36/><F36/><W4/><G83/><T14/><D55/><N who="1" m="30175" /><E39/><V86/><F7/><W104/><G104/><T48/><D38/><U126/><E126/><V84/><F67/><W78/><G78/><T102/><D102/><U121/><E101/><V20/><F90/><W65/><G46/><T77/><D77/><U31/><E100/><V88/><F89/><W16/><G54/><T49/><D49/><U41/><E41/><V61/><F61/><W128/><G128/><T120/><D120/><N who="1" m="46155" /><E31/><N who="2" m="17799" /><F21/><W103/><G66/><T113/><D113/><U80/><E80/><V45/><AGARI ba="1,1" hai="43,45,51,84,86,88,94,98" m="17799,49161" machi="45" ten="30,2000,0" yaku="19,1,54,1" doraHai="57" who="2" fromWho="2" sc="318,-6,227,-11,243,33,202,-6" /><INIT seed="2,0,0,3,3,99" ten="312,216,276,196" oya="2" hai0="79,22,39,62,3,90,94,76,110,60,45,128,117" hai1="23,56,54,64,85,38,43,113,109,81,126,123,111" hai2="104,63,10,35,106,83,87,51,122,47,42,103,72" hai3="36,86,98,58,16,67,88,135,50,15,95,46,4"/><V91/><F35/><W80/><G135/><T8/><D110/><U11/><E113/><V125/><F72/><W78/><G36/><T73/><D128/><U26/><E126/><V133/><F122/><W21/><G4/><N who="0" m="1055" /><D79/><U13/><E64/><V28/><F28/><W29/><G29/><T2/><D2/><U59/><E123/><V71/><F125/><W61/><G50/><T17/><D117/><U102/><E102/><V115/><F115/><W49/><G49/><T65/><D65/><U121/><E121/><V30/><F30/><W24/><G46/><T18/><D94/><U32/><E32/><V118/><F118/><W129/><G129/><T84/><D84/><U134/><E134/><V6/><F133/><W93/><G93/><T5/><D90/><N who="1" m="51503" /><E54/><V89/><F103/><N who="3" m="60895" /><G15/><N who="0" m="9535" /><D18/><N who="1" m="12663" /><E43/><V107/><F71/><W41/><G41/><N who="0" m="22719" /><D5/><N who="1" m="3311" /><E38/><V7/><F7/><W12/><G12/><T68/><D68/><U119/><E119/><V97/><F63/><W77/><AGARI ba="0,0" hai="16,21,24,58,61,67,77,78,80,86,88" m="60895" machi="77" ten="30,7900,0" yaku="8,1,52,1,54,2" doraHai="99" who="3" fromWho="3" sc="312,-20,216,-20,276,-39,196,79" /><INIT seed="3,0,0,0,5,106" ten="292,196,237,275" oya="3" hai0="37,89,88,84,45,52,59,47,96,109,124,92,105" hai1="31,10,8,19,27,5,60,71,107,29,125,50,62" hai2="14,117,68,116,43,44,97,108,55,26,123,7,91" hai3="114,18,21,54,90,15,126,2,98,131,32,23,38"/><W118/><G38/><T61/><D109/><U77/><E107/><V72/><F108/><W85/><G114/><T25/><D124/><U110/><E110/><V24/><F68/><W81/><G118/><T103/><D37/><U95/><E125/><V35/><F123/><W112/><G126/><T0/><D0/><U87/><E71/><V129/><F129/><W40/><G112/><T100/><D100/><U132/><E132/><V78/><F55/><W115/><G32/><T76/><D76/><U48/><E77/><V70/><F70/><W134/><G2/><T33/><D89/><N who="1" m="53695" /><E5/><V39/><F91/><W82/><G115/><T133/><D133/><U102/><E102/><V93/><F93/><W80/><G40/><T41/><D41/><U6/><E6/><V135/><F97/><W86/><G131/><T65/><D65/><U63/><E27/><V130/><F130/><W66/><G66/><T1/><D1/><U69/><E69/><V113/><F113/><W128/><G128/><T58/><D58/><U79/><E79/><V67/><F135/><W4/><G4/><T120/><D120/><U13/><E8/><N who="2" m="4383" /><F67/><W3/><G3/><T101/><D101/><U99/><E99/><V56/><F56/><W42/><G42/><T34/><D34/><U73/><E73/><V12/><F12/><N who="3" m="9415" /><G54/><T83/><D105/><U104/><E104/><V122/><F122/><W51/><G134/><T30/><AGARI ba="0,0" hai="25,30,33,45,47,52,59,61,83,84,88,92,96,103" machi="30" ten="30,4000,0" yaku="0,1,54,2" doraHai="106" who="0" fromWho="0" sc="292,40,196,-10,237,-10,275,-20" owari="332,43.2,186,-31.4,227,-17.3,255,5.5" /></mjloggm>