<mjloggm ver="2.3"><GO type="225" lobby="0"/><UN n0="%72%69%6F%75%63%68%61%6E" n1="%E6%A1%9C%E8%8A%B1%E9%96%83%E3%80%85" n2="%E3%82%8F%E3%81%8B%E3%81%B0%2A%E3%82%AC%E3%83%BC%E3%83%AB" n3="%4B%2E%32%2E%4B%2E" dan="16,17,16,16" rate="2110.16,2256.77,2068.29,2195.74" sx="M,M,M,M"/><TAIKYOKU oya="0"/><INIT seed="0,0,0,2,0,70" ten="250,250,250,250" oya="0" hai0="111,120,131,64,7,34,40,110,126,12,101,135,90" hai1="97,57,115,73,39,127,37,61,59,109,107,25,98" hai2="129,11,21,85,67,133,54,28,62,113,81,51,114" hai3="119,118,36,87,47,41,55,45,3,65,93,82,102"/><T103/><D120/><U53/><E109/><N who="0" m="41481" /><D126/><U15/><E127/><V80/><F129/><W26/><G3/><T75/><D131/><U105/><E73/><V116/><F133/><W99/><G65/><T29/><D135/><U72/><E72/><V69/><F116/><W86/><G26/><N who="0" m="18743" /><D75/><U117/><E117/><V2/><F28/><W38/><G87/><T19/><D7/><U68/><E68/><V30/><F30/><W104/><G104/><T46/><D90/><U71/><E71/><V13/><F2/><W77/><G55/><T84/><D84/><U32/><E25/><V79/><F81/><W6/><G6/><T4/><D4/><U56/><E32/><V125/><F125/><W22/><G22/><N who="0" m="11623" /><D64/><U0/><E15/><V1/><F1/><W20/><G20/><T33/><D33/><U58/><E0/><V91/><F21/><W42/><AGARI ba="0,0" hai="36,38,41,42,45,47,77,82,86,93,99,102,118,119" machi="42" ten="30,7900,0" yaku="0,1,9,1,52,2" doraHai="70" who="3" fromWho="3" sc="250,-39,250,-20,250,-20,250,79" /><INIT seed="1,0,0,2,0,62" ten="211,230,230,329" oya="1" hai0="116,76,6,104,31,44,23,130,98,105,52,111,56" hai1="70,65,109,41,59,64,7,9,15,110,61,129,134" hai2="91,81,49,73,24,96,42,103,79,78,40,58,68" hai3="99,39,12,126,22,28,88,29,25,26,45,94,5"/><U1/><E129/><V85/><F68/><W127/><G39/><T19/><D116/><U132/><E41/><V33/><F33/><W97/><G45/><T74/><D130/><U16/><E70/><V82/><F24/><W54/><G54/><T63/><D111/><N who="1" m="42507" /><E64/><V51/><F78/><W106/><G12/><T113/><D113/><U35/><E35/><V119/><F119/><W8/><G8/><AGARI ba="0,0" hai="1,7,8,9,15,16,59,61,65,132,134" m="42507" machi="8" ten="30,11600,0" yaku="14,1,10,1,52,1,54,1" doraHai="62" who="1" fromWho="3" sc="211,0,230,116,230,0,329,-116" /><INIT seed="1,1,0,0,3,57" ten="211,346,230,213" oya="1" hai0="68,105,39,77,117,40,98,92,89,58,23,45,130" hai1="6,127,114,107,101,19,4,46,103,59,104,125,74" hai2="66,108,15,72,94,1,14,83,126,86,27,55,8" hai3="30,65,85,3,38,42,43,122,13,124,63,33,18"/><U93/><E114/><V113/><F113/><W69/><G122/><T99/><D130/><U82/><E46/><V90/><F108/><W79/><G3/><T96/><D117/><U67/><E19/><V25/><F126/><N who="1" m="48137" /><E67/><V10/><F1/><W100/><G100/><N who="1" m="38474" /><E59/><V84/><F72/><W80/><G38/><T50/><D68/><U0/><E0/><V91/><F66/><W102/><G102/><T44/><D77/><N who="1" m="44343" /><E93/><V70/><F70/><W76/><G124/><T7/><D7/><AGARI ba="1,0" hai="4,6,7,104,107" m="44343,38474,48137" machi="7" ten="30,1500,0" yaku="18,1" doraHai="57" who="1" fromWho="0" sc="211,-18,346,18,230,0,213,0" /><INIT seed="1,2,0,3,1,104" ten="193,364,230,213" oya="1" hai0="4,48,60,28,103,9,50,70,128,135,80,7,86" hai1="66,111,49,17,72,91,93,58,114,37,71,52,97" hai2="0,122,47,109,16,35,3,23,33,59,119,130,121" hai3="118,19,107,42,18,108,95,123,133,73,127,38,76"/><U129/><E114/><V84/><F47/><W65/><G123/><N who="2" m="47113" /><F59/><W34/><G107/><T62/><D128/><U113/><E113/><V54/><F54/><W96/><G34/><N who="2" m="12809" /><F84/><W64/><G108/><T27/><D135/><U41/><E129/><V102/><F102/><W30/><G127/><T69/><D103/><U12/><E111/><V74/><F74/><W99/><G30/><T89/><D70/><U85/><E72/><V92/><F92/><W2/><G2/><T36/><D36/><U13/><E17/><N who="3" m="6154" /><G42/><T56/><D69/><U39/><E39/><V81/><F81/><W1/><G1/><N who="2" m="585" /><F130/><W112/><G64/><T105/><D105/><U8/><E97/><V43/><F43/><W67/><G67/><N who="0" m="39303" /><D62/><U124/><E66/><V55/><F55/><W6/><G65/><T134/><D134/><U29/><E71/><V53/><F53/><W68/><G68/><T21/><D4/><U83/><E41/><V45/><F45/><W31/><G6/><T120/><D120/><U77/><E37/><V101/><F101/><W116/><G38/><T26/><D26/><U51/><E51/><V125/><F109/><W44/><G73/><T78/><D89/><U15/><E91/><V98/><F98/><W75/><G75/><T14/><AGARI ba="2,0" hai="7,9,14,21,27,28,48,50,78,80,86" m="39303" machi="14" ten="30,1100,0" yaku="8,1" doraHai="104" who="0" fromWho="0" sc="193,17,364,-7,230,-5,213,-5" /><INIT seed="2,0,0,3,5,63" ten="210,357,225,208" oya="2" hai0="123,37,92,33,127,15,135,87,40,98,118,34,100" hai1="22,134,122,56,27,32,121,26,12,103,11,67,72" hai2="109,65,46,35,79,24,60,50,99,84,91,102,52" hai3="77,132,44,54,105,96,101,93,90,119,55,124,111"/><V21/><F35/><W130/><G119/><T120/><D118/><U83/><E103/><V85/><F109/><W133/><G111/><T48/><D37/><U82/><E134/><N who="3" m="51818" /><G130/><T74/><D74/><U129/><E32/><V108/><F79/><W16/><G124/><T95/><D135/><U115/><E115/><V86/><F108/><W49/><G77/><T8/><D33/><U25/><E22/><V70/><F91/><W17/><G55/><T89/><D34/><U51/><E129/><V104/><REACH who="2" step="1"/><F84/><AGARI ba="0,0" hai="16,17,44,49,54,84,90,93,96,101,105" m="51818" machi="84" ten="30,2000,0" yaku="20,1,54,1" doraHai="63" who="3" fromWho="2" sc="210,0,357,0,225,-20,208,20" /><INIT seed="3,0,0,2,5,73" ten="210,357,205,228" oya="3" hai0="76,10,114,69,32,1,123,29,128,109,85,113,87" hai1="46,100,130,36,93,26,20,78,45,67,22,65,94" hai2="38,108,3,118,80,133,6,83,8,47,126,86,55" hai3="82,117,39,0,53,88,124,79,121,97,34,115,122"/><W112/><G0/><T16/><D123/><N who="3" m="47113" /><G34/><T57/><D109/><U91/><E78/><V81/><F108/><W60/><G39/><T132/><D128/><U70/><E130/><V23/><F118/><W104/><G53/><T71/><D132/><U15/><E70/><N who="0" m="26633" /><D76/><U58/><E36/><V106/><F133/><W95/><G60/><T131/><D131/><U99/><E15/><V72/><F106/><W43/><G43/><T17/><D57/><U90/><E100/><V110/><F110/><W84/><G124/><T135/><D135/><U49/><E58/><V25/><F126/><W111/><G111/><T41/><D41/><N who="1" m="24751" /><E46/><V2/><F2/><W66/><G66/><N who="1" m="25098" /><E26/><V98/><F98/><AGARI ba="0,0" hai="20,22,90,91,93,94,98,99" m="25098,24751" machi="98" ten="30,1000,0" yaku="8,1" doraHai="73" who="1" fromWho="2" sc="210,0,357,10,205,-10,228,0" owari="210,-19.0,367,46.7,195,-30.5,228,2.8" /></mjloggm>