<mjloggm ver="2.3"><GO type="225" lobby="0"/><UN n0="%E7%99%BD%E5%80%89%E5%AF%9B%E4%B9%8B" n1="%E9%9B%80%E6%A5%B5%E3%81%AE%E3%81%B8" n2="%E5%B8%86%E7%AB%8B%E5%A4%8F%E8%A1%A3" n3="%EF%BC%AE%EF%BC%A1%EF%BC%AF%33%33%39" dan="16,16,17,16" rate="2143.79,2117.59,2156.29,2119.17" sx="M,M,M,M"/><TAIKYOKU oya="0"/><INIT seed="0,0,0,5,2,117" ten="250,250,250,250" oya="0" hai0="113,85,46,0,79,87,70,90,42,28,35,20,77" hai1="71,37,119,26,74,41,127,66,1,48,13,130,59" hai2="15,111,106,54,88,55,116,107,33,9,99,123,93" hai3="114,98,131,102,126,53,128,115,104,78,94,47,86"/><T120/><D70/><U63/><E1/><V5/><F116/><W67/><G67/><T51/><D0/><U62/><E74/><V60/><F111/><W72/><G53/><T11/><D113/><N who="3" m="43017" /><G47/><T135/><D135/><U129/><E13/><V43/><F33/><W95/><G126/><T24/><D120/><U122/><E26/><V40/><F123/><W80/><G72/><T121/><D121/><U44/><E122/><V68/><F107/><W18/><G18/><T39/><D35/><U101/><E101/><V2/><F2/><W50/><G50/><T17/><D39/><U14/><E14/><V19/><F106/><W112/><N who="3" m="43025" /><W7/><DORA hai="69" /><G7/><T133/><D133/><U91/><E127/><V108/><F108/><W12/><G12/><N who="0" m="7327" /><D87/><U38/><E91/><V21/><F68/><W29/><G29/><T57/><D57/><U64/><E119/><V110/><F110/><W36/><G36/><AGARI ba="0,0" hai="36,37,38,41,44,48,59,62,63,64,66,71,129,130" machi="36" ten="40,12000,2" yaku="34,3,52,3" doraHai="117,69" who="1" fromWho="3" sc="250,0,250,120,250,0,250,-120" /><INIT seed="1,0,0,0,2,13" ten="250,370,250,130" oya="1" hai0="93,42,71,127,28,92,31,99,116,95,98,103,63" hai1="111,81,132,64,134,88,108,57,113,130,73,76,2" hai2="11,123,27,117,58,109,91,30,51,50,66,122,86" hai3="128,80,120,100,0,34,79,89,67,102,23,6,106"/><U56/><E2/><V12/><F109/><N who="1" m="42057" /><E113/><V74/><F74/><W18/><G120/><T87/><D116/><U135/><E130/><V19/><F117/><W84/><G34/><T15/><D127/><U49/><E64/><V46/><F66/><W133/><G106/><T60/><D71/><U4/><E4/><V54/><F51/><W1/><G128/><T104/><D42/><U90/><E49/><V75/><F58/><AGARI ba="0,0" hai="56,57,58,73,76,81,88,90,132,134,135" m="42057" machi="58" ten="40,12000,1" yaku="20,1,14,1,10,1,54,1" doraHai="13" who="1" fromWho="2" sc="250,0,370,120,250,-120,130,0" /><INIT seed="1,1,0,3,2,73" ten="250,490,130,130" oya="1" hai0="90,112,62,123,4,55,5,103,121,36,82,130,108" hai1="20,40,33,70,54,77,56,25,42,75,89,48,129" hai2="12,3,47,46,97,68,60,115,58,27,37,102,9" hai3="57,8,120,119,22,23,41,14,45,74,94,105,28"/><U32/><E70/><V93/><F3/><W135/><G105/><T126/><D36/><U104/><E104/><V0/><F0/><W100/><G74/><T118/><D112/><U29/><E129/><V63/><F115/><W88/><G120/><T66/><D130/><U71/><E71/><V49/><F37/><W1/><G1/><T53/><D118/><U13/><E89/><V43/><F47/><W128/><G100/><T10/><D103/><U17/><REACH who="1" step="1"/><E33/><REACH who="1" ten="250,480,130,130" step="2"/><V85/><F68/><W110/><G128/><T96/><D90/><U99/><E99/><V83/><F58/><W39/><G57/><T67/><D96/><U87/><E87/><V98/><F98/><W24/><G119/><T76/><D121/><U86/><E86/><V92/><F92/><W95/><G95/><T124/><D123/><U19/><E19/><V52/><F85/><W50/><G94/><T111/><D4/><U69/><E69/><V59/><F83/><AGARI ba="1,1" hai="13,17,20,25,29,32,40,42,48,54,56,75,77,83" machi="83" ten="40,3900,0" yaku="1,1,52,1,53,0" doraHai="73" doraHaiUra="6" who="1" fromWho="2" sc="250,0,480,52,130,-42,130,0" /><INIT seed="1,2,0,4,4,122" ten="250,532,88,130" oya="1" hai0="90,112,109,37,114,127,68,42,119,40,32,29,69" hai1="130,71,83,17,94,11,93,89,129,2,92,49,50" hai2="13,60,76,91,100,6,0,25,118,87,28,74,88" hai3="123,9,80,1,70,63,10,67,8,82,65,7,95"/><U20/><E71/><N who="0" m="27209" /><D90/><U51/><E2/><V3/><F118/><W104/><G104/><T120/><D29/><U115/><E11/><V121/><F121/><W84/><G123/><T126/><D32/><U5/><E5/><V98/><F91/><W45/><G67/><T132/><D120/><U23/><E115/><N who="0" m="44073" /><D119/><U18/><E83/><N who="2" m="45463" /><F60/><W101/><G82/><T43/><D132/><U117/><E89/><V24/><F13/><W134/><G134/><T44/><D109/><U27/><REACH who="1" step="1"/><E117/><REACH who="1" ten="250,522,88,130" step="2"/><V79/><F6/><W107/><G7/><T72/><D72/><U124/><E124/><AGARI ba="2,1" hai="37,40,42,43,44,124,126,127" m="44073,27209" machi="124" ten="40,5200,0" yaku="18,1,34,2" doraHai="122" who="0" fromWho="1" sc="250,68,522,-58,88,0,130,0" /><INIT seed="2,0,0,1,4,34" ten="318,464,88,130" oya="2" hai0="122,68,114,100,62,49,46,52,57,117,75,6,94" hai1="43,70,74,38,81,48,58,13,106,125,132,89,3" hai2="37,71,126,119,116,104,44,53,73,77,5,66,118" hai3="105,102,80,33,65,8,30,87,40,21,67,9,45"/><V23/><F104/><W120/><G33/><T7/><D75/><U128/><E13/><V64/><F73/><W123/><G105/><T16/><D114/><U27/><E89/><V35/><F35/><W82/><G102/><T96/><D122/><U98/><E58/><V112/><F77/><W86/><G21/><T84/><D68/><U41/><E48/><N who="2" m="28807" /><F23/><W56/><G56/><T10/><D117/><N who="2" m="29954" /><V26/><DORA hai="29" /><F26/><W22/><G22/><T31/><D31/><U28/><E106/><V47/><F5/><W103/><G103/><T107/><D107/><U133/><E27/><V24/><F24/><W101/><G101/><T90/><D100/><U0/><E74/><V88/><F88/><W59/><G59/><T19/><D84/><U78/><E78/><V72/><F72/><W63/><G30/><T131/><D131/><U36/><E128/><V1/><F1/><W2/><G45/><T113/><D113/><U111/><E0/><V95/><F95/><W110/><G2/><T121/><D121/><U129/><E3/><V91/><F91/><W15/><G15/><N who="0" m="5591" /><D7/><U32/><E129/><V11/><F11/><W109/><G86/><T20/><D20/><U51/><E32/><V69/><F112/><W92/><G87/><T17/><D19/><U99/><E28/><V93/><F93/><W127/><G92/><T18/><D18/><U14/><E99/><V83/><F83/><W124/><G120/><T97/><D96/><U50/><E98/><V108/><F108/><W61/><G123/><T135/><D97/><U79/><E111/><V134/><F134/><RYUUKYOKU ba="0,0" sc="318,-10,464,-10,88,-10,130,30" hai3="8,9,40,61,63,65,67,80,82,109,110,124,127" /><INIT seed="3,1,0,4,2,6" ten="308,454,78,160" oya="3" hai0="42,59,113,38,41,118,87,125,24,69,89,126,80" hai1="92,54,15,119,21,83,70,65,128,13,0,131,103" hai2="43,98,96,10,26,67,22,97,81,36,79,74,68" hai3="75,86,46,73,8,120,27,20,51,1,132,121,111"/><W101/><G101/><T34/><D69/><U117/><E0/><V71/><F67/><W33/><G33/><T107/><D107/><U45/><E83/><V82/><F82/><W7/><G132/><T56/><D118/><N who="1" m="45067" /><E54/><V2/><F43/><N who="0" m="16394" /><D38/><U28/><E45/><V102/><F36/><W37/><G37/><T31/><D113/><U134/><E92/><V84/><F74/><W112/><G112/><T91/><D89/><U135/><E103/><V130/><F102/><W47/><G47/><T48/><D48/><U16/><E28/><V124/><F124/><AGARI ba="1,0" hai="24,31,34,56,59,80,87,91,124,125,126" m="16394" machi="124" ten="30,1000,0" yaku="18,1" doraHai="6" who="0" fromWho="2" sc="308,13,454,0,78,-13,160,0" owari="321,12.1,454,55.4,65,-43.5,160,-24.0" /></mjloggm>