<mjloggm ver="2.3"><GO type="225" lobby="0"/><UN n0="%E5%A4%8F%E9%88%B4%E9%88%B4%E5%A4%8F" n1="%70%68%65%6E%6F%6D%65" n2="%72%65%6E%6B%75%6E" n3="%73%73%6B%5F%66%72%65%65" dan="16,16,17,16" rate="2108.55,2119.80,2216.39,2124.77" sx="F,M,M,M"/><TAIKYOKU oya="0"/><INIT seed="0,0,0,2,4,74" ten="250,250,250,250" oya="0" hai0="47,9,104,58,24,124,13,64,82,41,40,109,66" hai1="44,83,73,125,54,107,26,33,92,21,4,89,93" hai2="43,88,118,0,135,97,27,122,45,55,115,1,100" hai3="102,32,15,127,112,52,61,72,94,70,14,132,23"/><T11/><D124/><U105/><E125/><V84/><F115/><W57/><G112/><T98/><D109/><U7/><E33/><V25/><F122/><W49/><G132/><T76/><D9/><U63/><E105/><V119/><F135/><W39/><G32/><T114/><D114/><U85/><E107/><N who="2" m="63887" /><F55/><W95/><G39/><T31/><D98/><U99/><E73/><V42/><F25/><W30/><G72/><T6/><D104/><U50/><E63/><V38/><F42/><W106/><G106/><T71/><D58/><U123/><E93/><N who="3" m="35338" /><G70/><T36/><D41/><U3/><E3/><V113/><F27/><N who="3" m="16767" /><G127/><T77/><D71/><U28/><REACH who="1" step="1"/><E123/><REACH who="1" ten="250,240,250,250" step="2"/><V79/><F113/><W67/><G102/><AGARI ba="0,1" hai="4,7,21,26,28,44,50,54,83,85,89,92,99,102" machi="102" ten="30,7700,0" yaku="1,1,2,1,7,1,8,1,53,0" doraHai="74" doraHaiUra="128" who="1" fromWho="3" sc="250,0,240,87,250,0,250,-77" /><INIT seed="1,0,0,3,4,132" ten="250,327,250,173" oya="1" hai0="86,125,51,35,55,48,75,19,41,18,20,12,105" hai1="102,66,82,65,124,115,76,116,2,106,58,29,6" hai2="64,72,5,121,10,129,119,94,126,135,25,99,44" hai3="108,9,37,53,91,52,78,97,63,13,7,15,27"/><U0/><E115/><V131/><F72/><W57/><G108/><T36/><D75/><U14/><E116/><V23/><F119/><W89/><G37/><T33/><D105/><U4/><E29/><V68/><F121/><W32/><G78/><T104/><D104/><U118/><E118/><V71/><F135/><W47/><G97/><T42/><D36/><U45/><E45/><V111/><F44/><W112/><G112/><T50/><D55/><U21/><E106/><V16/><F111/><W107/><G107/><T34/><D125/><U60/><E124/><V28/><F28/><W26/><G32/><T84/><REACH who="0" step="1"/><D19/><REACH who="0" ten="240,327,250,173" step="2"/><N who="1" m="10487" /><E2/><N who="2" m="311" /><F126/><W17/><G17/><T70/><D70/><U93/><E0/><V8/><F64/><W96/><G15/><T31/><D31/><U79/><E66/><V43/><F43/><AGARI ba="0,1" hai="12,18,20,33,34,35,41,42,43,48,50,51,84,86" machi="43" ten="50,3200,0" yaku="1,1,53,1" doraHai="132" doraHaiUra="11" who="0" fromWho="2" sc="240,42,327,0,250,-32,173,0" /><INIT seed="2,0,0,4,4,6" ten="282,327,218,173" oya="2" hai0="35,37,60,102,82,113,88,27,75,7,18,119,32" hai1="91,73,25,109,22,100,3,67,51,54,58,62,17" hai2="30,114,87,107,96,41,45,12,112,94,19,8,101" hai3="99,9,122,38,68,85,61,21,80,52,103,115,133"/><V48/><REACH who="2" step="1"/><F30/><REACH who="2" ten="282,327,208,173" step="2"/><W111/><G122/><T1/><D113/><U78/><E109/><V125/><F125/><W24/><G115/><T132/><D119/><U13/><E3/><V65/><F65/><W135/><G111/><T124/><D1/><U26/><E100/><V44/><F44/><W40/><G103/><T47/><D102/><U93/><E73/><V81/><F81/><W89/><G80/><T0/><D82/><U59/><REACH who="1" step="1"/><E78/><REACH who="1" ten="282,317,208,173" step="2"/><V92/><F92/><W50/><G135/><T126/><D75/><U71/><E71/><V95/><F95/><W120/><G68/><T79/><D79/><U36/><E36/><V76/><F76/><W129/><G38/><T69/><D37/><U118/><E118/><V28/><F28/><W34/><G133/><T77/><D69/><U39/><E39/><V66/><F66/><W90/><G120/><T127/><D77/><U57/><E57/><V56/><F56/><W86/><G90/><AGARI ba="0,2" hai="8,12,19,41,45,48,87,90,94,96,101,107,112,114" machi="90" ten="40,12000,1" yaku="21,2,52,1,53,1" doraHai="6" doraHaiUra="97" who="2" fromWho="3" sc="282,0,317,0,208,140,173,-120" /><INIT seed="2,1,0,3,3,85" ten="282,317,348,53" oya="2" hai0="87,61,27,53,24,20,30,21,39,31,69,19,103" hai1="15,110,28,38,26,77,99,62,100,68,86,2,37" hai2="92,3,29,47,48,16,72,114,130,96,98,107,34" hai3="82,13,119,104,1,79,83,35,89,51,44,131,125"/><V76/><F114/><W90/><G119/><T59/><D39/><U64/><E2/><V63/><F3/><W11/><G1/><T41/><D69/><U23/><E110/><V109/><F109/><W56/><G131/><T93/><D41/><U5/><E77/><V4/><F130/><W123/><G123/><T105/><D105/><U78/><E78/><V40/><F4/><W42/><G125/><T102/><D19/><U101/><E86/><V10/><F63/><W50/><G104/><T128/><D128/><U73/><E73/><V36/><F36/><W67/><G35/><T66/><D53/><U25/><E25/><V22/><F10/><W8/><G8/><T74/><D74/><U9/><REACH who="1" step="1"/><E101/><REACH who="1" ten="282,307,348,53" step="2"/><V135/><F76/><W45/><G79/><T0/><D0/><U7/><E7/><V14/><F72/><W106/><G106/><AGARI ba="1,1" hai="5,9,15,23,26,28,37,38,62,64,68,99,100,106" machi="106" ten="30,2000,0" yaku="1,1,7,1,53,0" doraHai="85" doraHaiUra="115" who="1" fromWho="3" sc="282,0,307,33,348,0,53,-23" /><INIT seed="3,0,0,5,3,25" ten="282,340,348,30" oya="3" hai0="135,26,54,56,134,95,126,3,55,107,66,133,9" hai1="128,30,57,15,32,1,113,34,2,41,88,63,130" hai2="31,35,22,120,7,37,39,84,125,117,73,124,40" hai3="38,97,91,11,100,62,21,93,119,16,81,12,67"/><W50/><G119/><T20/><D107/><U83/><E113/><V131/><F73/><W72/><G38/><T27/><D126/><N who="2" m="48746" /><F117/><W45/><G72/><T19/><D66/><U74/><E41/><V99/><F120/><W82/><G91/><T111/><D111/><U76/><E15/><V71/><F71/><W43/><REACH who="3" step="1"/><G11/><REACH who="3" ten="282,340,348,20" step="2"/><T132/><D133/><U59/><E88/><V51/><F37/><W112/><G112/><T87/><D132/><U86/><E74/><V18/><F39/><W109/><G109/><T78/><D134/><U42/><E76/><V36/><F36/><W92/><G92/><T118/><D135/><U108/><E108/><V116/><F116/><W29/><G29/><T110/><D118/><U28/><E30/><V52/><F31/><W85/><G85/><T68/><D110/><U10/><E86/><V106/><F84/><W90/><G90/><T0/><D78/><U80/><E10/><V60/><F106/><W65/><G65/><T70/><D87/><U94/><E94/><V115/><F115/><W89/><G89/><T101/><D95/><U98/><E28/><V46/><F99/><W105/><G105/><T17/><D9/><U23/><E98/><V77/><F77/><W14/><G14/><T69/><D101/><U61/><E23/><V5/><F35/><W48/><G48/><N who="0" m="30791" /><D0/><U122/><E122/><V33/><F33/><W79/><G79/><T44/><D3/><U53/><E1/><V6/><F22/><W103/><G103/><T96/><D20/><U104/><E32/><V8/><F8/><W58/><AGARI ba="0,1" hai="12,16,21,43,45,50,58,62,67,81,82,93,97,100" machi="58" ten="20,18000,2" yaku="1,1,5,1,0,1,7,1,8,1,54,1,53,0" doraHai="25" doraHaiUra="123" who="3" fromWho="3" sc="282,-60,340,-60,348,-60,20,190" /><INIT seed="3,1,0,5,3,77" ten="222,280,288,210" oya="3" hai0="26,78,84,80,120,63,41,129,83,118,98,57,92" hai1="59,28,126,17,104,16,11,62,34,82,0,39,135" hai2="15,14,74,30,46,18,73,70,119,48,133,86,32" hai3="43,45,67,85,101,64,121,12,51,4,81,122,89"/><W100/><G121/><T66/><D120/><U49/><E39/><V68/><F119/><W40/><G122/><T95/><D118/><U1/><E104/><V20/><F133/><W31/><G31/><T61/><D129/><U113/><E113/><V65/><F15/><W76/><G43/><T8/><D41/><U91/><E135/><V90/><F30/><W102/><G89/><T13/><D26/><U60/><E34/><V56/><F32/><W110/><G110/><T72/><D63/><U79/><E28/><V108/><F108/><W29/><G29/><T21/><D21/><U123/><E123/><V134/><F134/><W33/><REACH who="3" step="1"/><G33/><REACH who="3" ten="222,280,288,200" step="2"/><T50/><D98/><U10/><E91/><V131/><F131/><W94/><G94/><T22/><D22/><U88/><E88/><V53/><F90/><W130/><G130/><T128/><D128/><U5/><E126/><V37/><F20/><W106/><G106/><T55/><D83/><U111/><E111/><V112/><F112/><W27/><G27/><T132/><D132/><U125/><E125/><V114/><F114/><W9/><AGARI ba="1,1" hai="4,9,12,40,45,51,64,67,76,81,85,100,101,102" machi="9" ten="30,18000,2" yaku="1,1,0,1,25,2,8,1,52,1,53,0" doraHai="77" doraHaiUra="58" who="3" fromWho="3" sc="222,-61,280,-61,288,-61,200,193" owari="161,-33.9,219,-18.1,227,2.7,393,49.3" /></mjloggm>