<mjloggm ver="2.3"><GO type="225" lobby="0"/><UN n0="%E3%83%A9%E3%82%A4%E3%83%B3%E3%81%AE%E8%99%8E" n1="%E5%B0%8F%E9%B3%A5%E9%81%8A%E7%B7%B4%E7%84%A1%32%31%E6%AD%B3" n2="%E7%89%B9%E6%9D%B1%E3%81%AF%E4%B8%96%E7%95%8C%E3%82%92%E6%95%91%E3%81%86" n3="%E5%85%83%E3%82%AB%E3%83%8E%E7%B3%BB%E3%83%92%E3%83%AD%E3%82%A4%E3%83%B3" dan="16,16,16,16" rate="2122.89,2204.62,2163.58,2199.45" sx="M,F,M,M"/><TAIKYOKU oya="0"/><INIT seed="0,0,0,2,1,38" ten="250,250,250,250" oya="0" hai0="103,122,132,52,93,32,43,75,129,20,11,92,26" hai1="15,125,68,81,106,4,54,100,33,19,105,85,35" hai2="53,59,90,114,107,98,127,91,14,84,97,1,25" hai3="13,87,109,79,61,37,12,46,29,133,48,77,55"/><T113/><D113/><U60/><E125/><V58/><F114/><W120/><G109/><T101/><D122/><U62/><E4/><V5/><F1/><W78/><G120/><T50/><D32/><U23/><E62/><V108/><F108/><W123/><G123/><T119/><D119/><U57/><E68/><V27/><F58/><W102/><G133/><T99/><D75/><U45/><E106/><V76/><F76/><W31/><G37/><T39/><D129/><U6/><E6/><V126/><F91/><W10/><G102/><T104/><D132/><U0/><E0/><V30/><F14/><W83/><G61/><T51/><D39/><U72/><E72/><V63/><F25/><W2/><G12/><T73/><D73/><U96/><REACH who="1" step="1"/><E45/><REACH who="1" ten="250,240,250,250" step="2"/><V42/><F5/><N who="3" m="3279" /><G2/><T124/><D124/><U74/><E74/><V36/><F107/><W111/><G111/><T22/><D104/><U69/><E69/><V86/><F126/><W41/><G55/><T21/><D52/><U94/><E94/><V117/><F127/><W40/><G40/><T80/><D43/><U44/><E44/><V24/><F42/><W64/><G64/><T49/><D80/><U47/><E47/><V134/><F134/><W88/><AGARI ba="0,1" hai="29,31,41,46,48,77,78,79,83,87,88" m="3279" machi="88" ten="30,4000,0" yaku="8,1,52,1,54,1" doraHai="38" who="3" fromWho="3" sc="250,-20,240,-10,250,-10,250,50" /><INIT seed="1,0,0,5,0,88" ten="230,230,240,300" oya="1" hai0="21,48,102,45,13,117,0,64,69,56,3,119,116" hai1="78,73,28,40,35,94,135,47,122,15,76,123,126" hai2="77,1,34,111,24,33,98,121,25,53,29,49,55" hai3="14,59,86,74,58,131,108,107,5,85,51,103,50"/><U114/><E114/><V106/><F121/><W67/><G74/><T43/><D69/><U132/><E15/><V120/><F120/><N who="1" m="46121" /><E28/><V82/><F1/><W95/><G107/><T19/><D64/><U79/><E35/><V110/><F25/><W36/><G36/><T18/><D56/><U97/><E126/><V23/><F106/><W125/><G14/><T81/><D102/><N who="1" m="60727" /><E47/><N who="2" m="27839" /><F98/><W26/><G26/><T83/><D0/><U104/><E40/><V100/><F100/><W133/><G103/><T62/><D3/><U7/><E7/><V99/><F99/><W70/><G5/><T68/><D68/><U91/><E104/><V60/><F55/><W27/><G70/><T92/><D62/><U46/><E46/><V10/><F10/><W31/><G27/><T39/><D39/><U61/><E61/><V115/><F60/><W113/><G31/><T63/><D63/><U42/><E42/><V96/><F115/><W130/><G113/><T20/><REACH who="0" step="1"/><D92/><REACH who="0" ten="220,230,240,300" step="2"/><U134/><E91/><V52/><F34/><W80/><G67/><T72/><D72/><AGARI ba="0,1" hai="72,73,76,78,79,132,134,135" m="60727,46121" machi="72" ten="40,12000,1" yaku="20,1,34,2,52,1" doraHai="88" who="1" fromWho="0" sc="220,-120,230,130,240,0,300,0" /><INIT seed="1,1,0,1,1,72" ten="100,360,240,300" oya="1" hai0="104,8,50,82,88,108,4,128,41,5,45,96,71" hai1="13,85,53,33,29,16,114,77,46,68,36,52,86" hai2="42,123,49,18,100,22,121,133,48,61,54,84,39" hai3="7,112,44,26,101,115,92,105,134,97,10,34,40"/><U1/><E1/><V102/><F39/><N who="3" m="21535" /><G92/><T25/><D108/><U120/><E114/><V28/><F133/><W119/><G134/><T90/><D128/><U38/><E68/><V76/><F28/><N who="3" m="19735" /><G119/><T32/><D71/><U59/><E120/><V117/><F117/><W103/><G103/><T73/><D4/><U15/><E29/><V62/><F123/><W57/><G57/><T24/><D24/><U99/><E99/><V17/><F121/><W75/><G75/><T65/><D65/><U6/><E33/><V11/><F42/><W116/><G116/><T81/><D25/><U79/><E59/><V94/><F11/><W110/><G110/><T126/><D32/><U64/><E64/><V129/><F18/><W21/><G21/><T14/><D126/><U127/><E127/><V56/><F49/><W20/><G20/><T87/><D104/><U69/><E69/><V122/><F129/><W58/><G58/><T27/><D27/><U98/><E98/><N who="2" m="59479" /><F102/><W130/><G130/><T93/><REACH who="0" step="1"/><D73/><REACH who="0" ten="90,360,240,300" step="2"/><U70/><E70/><V132/><F122/><W37/><G115/><T89/><D89/><U43/><E6/><V107/><F107/><W47/><G112/><T91/><D91/><U12/><E16/><V63/><F132/><W124/><G124/><T19/><D19/><U113/><E113/><V83/><F63/><W60/><G60/><T125/><D125/><U106/><E106/><V2/><F2/><N who="3" m="375" /><G37/><T3/><D3/><U0/><E0/><V111/><F111/><W131/><G131/><T80/><AGARI ba="1,1" hai="5,8,14,41,45,50,80,81,82,87,88,90,93,96" machi="80" ten="20,8000,1" yaku="1,1,0,1,7,1,8,1,54,1,53,0" doraHai="72" doraHaiUra="66" who="0" fromWho="0" sc="90,93,360,-41,240,-21,300,-21" /><INIT seed="2,0,0,4,3,29" ten="183,319,219,279" oya="2" hai0="40,88,57,62,38,106,37,0,90,84,71,118,70" hai1="101,58,55,83,95,39,2,125,1,112,108,13,10" hai2="65,60,120,117,76,123,99,15,103,16,124,105,33" hai3="32,59,100,93,104,131,11,46,6,5,97,91,102"/><V45/><F124/><W85/><G131/><T68/><D106/><U121/><E112/><V66/><F117/><W19/><G102/><T67/><D0/><U14/><E39/><V130/><F130/><W81/><G32/><T135/><D118/><U34/><E34/><V43/><F76/><W51/><G59/><T7/><D7/><U9/><E108/><V41/><F33/><W132/><G132/><T80/><D135/><U23/><E83/><V77/><F77/><W74/><G74/><T110/><D110/><U50/><E125/><V42/><F45/><W17/><G104/><T69/><N who="0" m="17408" /><DORA hai="72" /><T116/><D116/><U3/><E121/><V48/><F48/><W47/><G47/><T94/><REACH who="0" step="1"/><D40/><REACH who="0" ten="173,319,219,279" step="2"/><U63/><E1/><V44/><F44/><W111/><G111/><T30/><D30/><U28/><E28/><V119/><F119/><W122/><G122/><T8/><D8/><U4/><E9/><V78/><F78/><W113/><G5/><T128/><D128/><U79/><E4/><V12/><F12/><N who="3" m="5239" /><G113/><T64/><D64/><U115/><E2/><V133/><F133/><W26/><G26/><T35/><D35/><U96/><E3/><V114/><F114/><W98/><G17/><T109/><D109/><U49/><E115/><V61/><F66/><W18/><G19/><T56/><D56/><U25/><E58/><V21/><REACH who="2" step="1"/><F65/><REACH who="2" ten="173,319,209,279" step="2"/><W89/><G46/><T27/><D27/><U75/><E25/><V87/><F87/><AGARI ba="0,2" hai="37,38,57,62,67,80,84,87,88,90,94" m="17408" machi="87" ten="70,8000,1" yaku="1,1,54,1,53,1" doraHai="29,72" doraHaiUra="54,107" who="0" fromWho="2" sc="173,100,319,0,209,-80,279,0" /><INIT seed="3,0,0,2,3,48" ten="273,319,129,279" oya="3" hai0="17,127,39,110,79,18,16,69,83,131,36,52,60" hai1="37,4,29,132,89,54,44,65,76,20,31,100,13" hai2="47,135,30,56,68,123,101,3,74,24,113,81,32" hai3="41,33,90,35,109,114,120,102,27,49,53,15,2"/><W97/><G114/><T73/><D110/><U40/><E132/><V91/><F113/><W12/><G120/><T62/><D127/><U87/><E76/><V23/><F68/><W84/><G2/><T117/><D117/><U34/><E34/><V22/><F3/><W63/><G41/><T28/><D28/><U129/><E65/><V107/><F135/><W124/><G63/><T51/><D131/><U42/><E100/><V0/><F0/><W50/><G50/><T119/><D119/><U75/><E75/><V5/><F5/><W88/><G124/><T72/><D72/><U118/><E118/><V38/><F123/><W59/><G90/><T126/><D126/><U133/><E133/><V11/><F11/><W1/><G1/><T122/><D62/><U66/><E66/><V104/><F38/><W58/><G58/><T45/><REACH who="0" step="1"/><D122/><REACH who="0" ten="263,319,129,279" step="2"/><U78/><E129/><V116/><F116/><W103/><G109/><T71/><D71/><U67/><E31/><V26/><F74/><W6/><G102/><T19/><N who="0" m="4096" /><DORA hai="46" /><T21/><D21/><U94/><E20/><V9/><F101/><W115/><G115/><T14/><D14/><N who="3" m="5161" /><G27/><T92/><D92/><U98/><E94/><V128/><F128/><W85/><G6/><T55/><D55/><U7/><E54/><V134/><F134/><W93/><G84/><T8/><D8/><U111/><E87/><N who="2" m="50671" /><F9/><W86/><G103/><T105/><D105/><N who="2" m="40522" /><F26/><W77/><G85/><T43/><D43/><U61/><E40/><V10/><F10/><W70/><G70/><T57/><D57/><U82/><E42/><RYUUKYOKU ba="0,1" sc="263,15,319,-15,129,-15,279,15" hai0="36,39,45,51,52,60,69,73,79,83" hai3="33,35,49,53,59,77,86,88,93,97" /><INIT seed="3,1,1,5,5,52" ten="278,304,114,294" oya="3" hai0="29,64,46,83,75,40,54,85,71,32,17,90,134" hai1="43,34,70,110,3,87,20,35,69,102,30,117,121" hai2="95,123,60,100,6,109,12,0,84,47,67,37,97" hai3="48,24,131,9,21,8,22,120,108,50,125,114,130"/><W88/><G114/><T93/><D134/><U18/><E3/><V44/><F109/><W122/><G108/><T92/><D75/><U103/><E110/><V98/><F0/><W72/><G72/><T62/><D54/><U77/><E121/><N who="3" m="46698" /><G88/><T28/><D17/><U56/><E43/><V124/><F123/><W4/><G125/><T65/><D65/><U41/><E41/><V27/><F124/><W42/><G21/><T19/><D19/><U105/><E30/><V55/><F37/><W135/><G135/><T39/><D32/><U116/><E56/><V80/><F98/><W73/><G73/><T129/><D129/><N who="3" m="49161" /><G42/><T132/><D132/><U45/><E35/><V81/><F27/><W57/><G57/><T91/><REACH who="0" step="1"/><D83/><REACH who="0" ten="268,304,114,294" step="2"/><N who="1" m="47599" /><E34/><V16/><F6/><W118/><G118/><T82/><D82/><U79/><E117/><V76/><F81/><W86/><G86/><AGARI ba="1,2" hai="28,29,39,40,46,62,64,71,85,86,90,91,92,93" machi="86" ten="30,3900,0" yaku="1,1,7,1,9,1,53,0" doraHai="52" doraHaiUra="112" who="0" fromWho="3" sc="268,62,304,0,114,0,294,-42" owari="330,43.0,304,10.4,114,-38.6,252,-14.8" /></mjloggm>