<mjloggm ver="2.3"><GO type="225" lobby="0"/><UN n0="%E6%B4%BE%E9%81%A3%E3%81%AE%E3%82%B8%E3%83%A3%E3%83%83%E3%82%AF" n1="%E3%83%94%E3%83%B3%E3%82%B5%E3%83%AD%E5%BA%97%E5%93%A1" n2="%E5%8D%A0%E3%81%84%E5%B8%AB%E8%A3%8F%E3%81%AA%E3%81%84%E3%81%97" n3="%E3%81%BF%E3%81%BF%E3%81%9A" dan="17,16,17,18" rate="2200.44,2171.52,2176.09,2242.65" sx="M,M,M,M"/><TAIKYOKU oya="0"/><INIT seed="0,0,0,1,3,110" ten="250,250,250,250" oya="0" hai0="60,16,38,131,88,39,33,98,56,70,4,50,132" hai1="32,100,107,81,73,135,6,40,26,8,72,101,123" hai2="90,52,25,113,85,122,9,1,3,36,133,75,103" hai3="121,115,15,94,134,17,84,51,46,78,89,0,64"/><T86/><D33/><U5/><E5/><V67/><F122/><W14/><G14/><T42/><D4/><U37/><E101/><V49/><F36/><W7/><G7/><T66/><BYE who="3" /><D132/><U112/><E123/><V22/><F75/><W124/><G124/><T12/><D98/><N who="1" m="61847" /><E135/><V126/><F133/><W119/><G119/><T128/><D70/><U92/><E92/><V31/><F126/><W29/><G29/><T43/><D39/><U19/><E19/><V47/><F113/><W20/><G20/><N who="0" m="11271" /><D38/><U76/><E73/><V95/><F67/><W41/><G41/><T102/><D102/><U59/><E59/><V87/><F9/><W45/><G45/><T68/><D68/><U80/><E80/><V116/><F116/><W82/><G82/><N who="0" m="49239" /><D50/><U57/><E57/><V105/><F105/><W97/><G97/><T10/><D10/><U114/><E26/><V28/><F103/><W127/><G127/><T23/><D23/><U106/><E32/><V63/><F28/><W108/><G108/><T48/><D48/><U120/><E106/><V24/><F24/><W55/><G55/><T96/><D96/><U109/><E109/><V27/><F25/><W125/><G125/><T118/><D118/><U83/><E120/><V54/><F87/><W130/><G130/><AGARI ba="0,0" hai="42,43,56,60,66,128,130,131" m="49239,11271" machi="130" ten="30,5800,0" yaku="19,1,54,2" doraHai="110" who="0" fromWho="3" sc="250,58,250,0,250,0,250,-58" /><INIT seed="0,1,0,5,3,42" ten="308,250,250,192" oya="0" hai0="70,128,101,34,131,90,25,87,126,125,113,86,59" hai1="67,51,109,7,112,31,69,8,5,132,20,21,39" hai2="82,115,15,37,122,6,35,116,47,50,100,97,102" hai3="17,53,121,110,9,4,11,40,55,77,46,72,18"/><T129/><D70/><U118/><E39/><V81/><F122/><W99/><G99/><T134/><D113/><U135/><E67/><V71/><F35/><W12/><G12/><T85/><D101/><U111/><E69/><V22/><F115/><W16/><G16/><T41/><D41/><U57/><E112/><V133/><F37/><W63/><G63/><T56/><D90/><U10/><E57/><N who="0" m="22089" /><D134/><N who="1" m="51243" /><E51/><V13/><F133/><W2/><G2/><T62/><D62/><U49/><E49/><V26/><F116/><W123/><G123/><T23/><D34/><U103/><E103/><V91/><F71/><W89/><G89/><T83/><D83/><U98/><E98/><V36/><F36/><W117/><G117/><T130/><N who="0" m="32768" /><DORA hai="61" /><T119/><D119/><U27/><E118/><V3/><F102/><W54/><G54/><T94/><D94/><U73/><E73/><V78/><F3/><W93/><G93/><T33/><D33/><U107/><E107/><V95/><F100/><W120/><G120/><T96/><D96/><U106/><E106/><V65/><F82/><W1/><G1/><T114/><D114/><U14/><E21/><V19/><F65/><W124/><G124/><N who="0" m="47723" /><D87/><U105/><E105/><V64/><F64/><W58/><G58/><T75/><D75/><U24/><E24/><V45/><F26/><W74/><G74/><T48/><D48/><U29/><E29/><AGARI ba="1,0" hai="23,25,29,85,86" m="47723,32768,22089" machi="29" ten="60,5800,0" yaku="19,1,18,1" doraHai="42,61" who="0" fromWho="1" sc="308,61,250,-61,250,0,192,0" /><INIT seed="0,2,0,0,3,111" ten="369,189,250,192" oya="0" hai0="31,79,97,67,86,50,35,108,4,60,5,40,105" hai1="33,17,0,77,109,125,62,6,90,18,24,70,96" hai2="74,123,22,36,78,16,81,88,63,84,14,23,117" hai3="55,9,133,135,30,72,39,8,110,42,118,34,89"/><T47/><D108/><U48/><E109/><V101/><F123/><W15/><G15/><T120/><D120/><U71/><E77/><V7/><F36/><W128/><G128/><T94/><D79/><U27/><E6/><V65/><F117/><W54/><G54/><T114/><D114/><U116/><E0/><UN n3="%E3%81%BF%E3%81%BF%E3%81%9A" /><V21/><F101/><W29/><G118/><T13/><D86/><U104/><E116/><V57/><REACH who="2" step="1"/><F7/><REACH who="2" ten="369,189,240,192" step="2"/><W32/><G110/><T129/><D5/><U53/><E125/><V83/><AGARI ba="2,1" hai="14,16,21,22,23,57,63,65,74,78,81,83,84,88" machi="83" ten="20,12000,2" yaku="1,1,2,1,0,1,7,1,54,2,53,1" doraHai="111" doraHaiUra="58" who="2" fromWho="2" sc="369,-62,189,-32,240,136,192,-32" /><INIT seed="1,0,0,1,5,36" ten="307,157,376,160" oya="1" hai0="60,61,128,105,73,93,57,29,18,4,106,98,25" hai1="54,34,67,52,32,37,75,88,130,51,62,2,133" hai2="5,108,48,118,80,16,95,107,33,46,122,6,19" hai3="77,111,86,126,84,92,135,64,12,83,104,30,65"/><U113/><E113/><V97/><F107/><W3/><G104/><T39/><D73/><U125/><E37/><V123/><F118/><W42/><G3/><T8/><D128/><U115/><E115/><V11/><F33/><W20/><G111/><T63/><D57/><U7/><E75/><V22/><F108/><W74/><G126/><T53/><D18/><U91/><E130/><V81/><F122/><W9/><G135/><T70/><D53/><U121/><E121/><V38/><F38/><W129/><G129/><T79/><D79/><U134/><E125/><V127/><F127/><W101/><G74/><T119/><D70/><N who="1" m="42359" /><E7/><N who="2" m="2571" /><F11/><W47/><G20/><T55/><D55/><N who="1" m="21035" /><E51/><V112/><F112/><W24/><G24/><T13/><D39/><U94/><E2/><V50/><F50/><N who="3" m="26999" /><G30/><T72/><D72/><U100/><E100/><N who="2" m="60479" /><F19/><N who="3" m="8591" /><G86/><T96/><D106/><U131/><E131/><V82/><F123/><W21/><G21/><T26/><D105/><U103/><E103/><V117/><F117/><W90/><G77/><T78/><D119/><U89/><E94/><V43/><F81/><W110/><G110/><T31/><D93/><U17/><E17/><V44/><F44/><W66/><G101/><T49/><D29/><U85/><E85/><V120/><F120/><W116/><G116/><T23/><D31/><U102/><E102/><V35/><F35/><W69/><G69/><T14/><D4/><U132/><AGARI ba="0,0" hai="32,34,88,89,91,132,133,134" m="21035,42359" machi="132" ten="40,7800,0" yaku="20,1,54,2" doraHai="36" who="1" fromWho="1" sc="307,-26,157,78,376,-26,160,-26" /><INIT seed="1,1,0,1,5,37" ten="281,235,350,134" oya="1" hai0="25,53,5,75,33,14,17,43,50,21,6,45,133" hai1="85,103,57,81,73,20,84,27,67,91,71,113,122" hai2="118,110,116,61,15,86,92,54,18,60,124,77,82" hai3="119,76,130,11,56,98,88,59,132,109,47,44,22"/><U64/><E113/><V68/><F124/><W0/><G109/><T63/><D75/><U93/><E122/><V97/><F110/><W96/><G130/><T36/><D133/><U74/><E71/><V115/><F115/><W58/><G132/><T125/><D125/><U34/><E34/><V111/><F111/><W120/><G120/><T29/><REACH who="0" step="1"/><D63/><REACH who="0" ten="271,235,350,134" step="2"/><U90/><E74/><V78/><F60/><W87/><G119/><T23/><D23/><U2/><E73/><V114/><F114/><W40/><G76/><T16/><D16/><N who="1" m="12679" /><E2/><V12/><F77/><W127/><G127/><T105/><D105/><U7/><E7/><V31/><F18/><W123/><G123/><T100/><D100/><U128/><E128/><V104/><F104/><W94/><G22/><T32/><D32/><U117/><E117/><V24/><F61/><W108/><G108/><T42/><D42/><U66/><E103/><N who="2" m="60839" /><F118/><W99/><REACH who="3" step="1"/><G40/><REACH who="3" ten="271,235,350,124" step="2"/><T41/><D41/><U112/><E112/><V19/><F116/><W80/><G80/><T55/><D55/><U70/><E70/><V89/><F54/><W62/><G62/><AGARI ba="1,2" hai="57,62,64,66,67,81,84,85,90,91,93" m="12679" machi="62" ten="30,2900,0" yaku="8,1,54,1" doraHai="37" who="1" fromWho="3" sc="271,0,235,52,350,0,124,-32" /><INIT seed="1,2,0,5,3,82" ten="271,287,350,92" oya="1" hai0="103,101,38,34,18,54,130,102,134,87,47,68,46" hai1="90,79,8,31,61,44,13,72,105,67,49,25,26" hai2="95,83,48,109,66,63,113,135,4,110,92,40,127" hai3="14,75,104,81,7,55,111,93,117,12,42,58,43"/><U85/><E105/><V35/><F35/><W107/><G111/><N who="2" m="42505" /><F135/><W69/><G69/><T11/><D34/><U65/><E79/><V122/><F122/><W121/><G121/><T56/><D68/><U84/><E72/><V2/><F127/><W97/><G117/><T9/><D130/><U123/><E123/><V3/><F113/><W17/><G75/><T39/><D134/><U41/><E90/><V50/><F83/><W5/><G81/><T52/><D87/><N who="1" m="33355" /><E61/><V64/><F64/><N who="1" m="24649" /><E31/><V70/><F4/><AGARI ba="2,0" hai="4,8,13,25,26,41,44,49" m="24649,33355" machi="4" ten="30,11600,0" yaku="8,1,52,3" doraHai="82" who="1" fromWho="2" sc="271,0,287,122,350,-122,92,0" /><INIT seed="1,3,0,2,3,103" ten="271,409,228,92" oya="1" hai0="102,98,80,10,32,69,134,115,131,46,81,54,41" hai1="73,63,85,68,101,132,28,61,133,13,90,42,86" hai2="119,91,36,108,24,20,125,92,100,39,89,62,121" hai3="126,93,82,104,7,129,105,107,2,4,38,95,35"/><U130/><E73/><V59/><F119/><W117/><G38/><T51/><D115/><U23/><E130/><V11/><F121/><W52/><G129/><T112/><D131/><U33/><E33/><V30/><F108/><W57/><G35/><T110/><D112/><U116/><E116/><V49/><F125/><W67/><G117/><T9/><D110/><U26/><E42/><V94/><F39/><W21/><G126/><T74/><D69/><U79/><E101/><V71/><F36/><W113/><G113/><T0/><D32/><U25/><E25/><V83/><F71/><W47/><G47/><T106/><D134/><U127/><E127/><V72/><F49/><W109/><G67/><T96/><D41/><U5/><E79/><V14/><F72/><W97/><G109/><T8/><D74/><U50/><E50/><V6/><F83/><W3/><G82/><T75/><D96/><U55/><E86/><V76/><F76/><W29/><G21/><T84/><D75/><U18/><E5/><V56/><F56/><W114/><G29/><T58/><D80/><N who="1" m="49447" /><E55/><V60/><F60/><N who="1" m="23113" /><E68/><V12/><F12/><W122/><G122/><T87/><D87/><U27/><E28/><V34/><F34/><W19/><G114/><T53/><D0/><N who="3" m="41" /><G19/><T128/><D128/><U78/><E78/><V111/><F111/><W15/><G15/><T120/><D120/><U44/><E44/><V17/><F30/><W31/><G31/><T70/><D70/><U43/><E43/><V37/><F37/><W124/><G124/><T48/><D81/><U123/><E123/><RYUUKYOKU ba="3,0" sc="271,15,409,15,228,-15,92,-15" hai0="8,9,10,46,48,51,53,54,58,84,98,102,106" hai1="13,18,23,26,27,132,133" /><INIT seed="1,4,0,4,4,40" ten="286,424,213,77" oya="1" hai0="87,93,24,66,89,2,75,48,69,113,6,126,88" hai1="15,49,133,122,131,96,92,25,74,16,68,105,61" hai2="62,7,12,123,130,72,44,58,106,100,127,47,59" hai3="91,114,78,50,134,41,103,63,73,118,85,28,98"/><U99/><E122/><V121/><F72/><W4/><G118/><T19/><D113/><U107/><E74/><V39/><F39/><W46/><G114/><T112/><D112/><U43/><E131/><V117/><F117/><W108/><G134/><T101/><D75/><U37/><E37/><V104/><F130/><W3/><G108/><T111/><D111/><U36/><E36/><V90/><F127/><W51/><G28/><T13/><D126/><U60/><E25/><V31/><F31/><W67/><G73/><T33/><D33/><U83/><E83/><V71/><F71/><W5/><G78/><T23/><D2/><U32/><E32/><V125/><F125/><W14/><G3/><T124/><D124/><U119/><E133/><V29/><F29/><W10/><G51/><T77/><D66/><U135/><E99/><V97/><F90/><W0/><G0/><T81/><D69/><U1/><E1/><V94/><F104/><W35/><G35/><T109/><D109/><U21/><E135/><V54/><F106/><W128/><G128/><T65/><D65/><U26/><E107/><V8/><REACH who="2" step="1"/><F58/><REACH who="2" ten="286,424,203,77" step="2"/><N who="3" m="37367" /><G103/><T86/><D101/><U52/><E105/><V17/><F17/><N who="3" m="8407" /><G98/><T53/><D6/><U102/><E96/><V57/><F57/><W84/><G84/><T120/><D120/><AGARI ba="4,1" hai="7,8,12,44,47,54,59,62,94,97,100,120,121,123" machi="120" ten="40,5200,0" yaku="1,1,52,2,53,0" doraHai="40" doraHaiUra="132" who="2" fromWho="0" sc="286,-64,424,0,203,74,77,0" /><INIT seed="2,0,0,3,5,82" ten="222,424,277,77" oya="2" hai0="23,42,45,97,109,51,8,69,120,128,115,133,53" hai1="79,59,58,113,33,111,39,6,36,31,87,114,93" hai2="83,117,16,106,84,60,26,18,32,49,126,88,80" hai3="2,48,131,54,129,71,27,134,75,107,96,124,95"/><V130/><F117/><W46/><G75/><T116/><D115/><U64/><E6/><V3/><F106/><W20/><G2/><T78/><D120/><U105/><E105/><V77/><F3/><W118/><G118/><T121/><D121/><U73/><E73/><V99/><F130/><W9/><G107/><T12/><D69/><U1/><E1/><V70/><F126/><W24/><G71/><T44/><D116/><U11/><E11/><V10/><F49/><W13/><G124/><T43/><D109/><U110/><E31/><V4/><F99/><W127/><G127/><T14/><D133/><U119/><E33/><V122/><F122/><W76/><G134/><T29/><D128/><U92/><E79/><V34/><F4/><W125/><G76/><T66/><D66/><U101/><E119/><V52/><F70/><W0/><G0/><T57/><D78/><U25/><E25/><V81/><F32/><W19/><G125/><T132/><D97/><U17/><E17/><V22/><F34/><W135/><G135/><T62/><D132/><U5/><E5/><V90/><F90/><W63/><G63/><T35/><D35/><U123/><E123/><V100/><F100/><W104/><G104/><T94/><D8/><U86/><E101/><V67/><F77/><W102/><REACH who="3" step="1"/><G27/><REACH who="3" ten="222,424,277,67" step="2"/><N who="0" m="16639" /><D62/><U30/><E111/><V112/><F112/><W41/><G41/><T103/><D42/><U15/><E110/><V98/><F60/><W7/><AGARI ba="0,1" hai="7,9,13,19,20,24,46,48,54,95,96,102,129,131" machi="7" ten="30,4000,0" yaku="1,1,0,1,53,1" doraHai="82" doraHaiUra="21" who="3" fromWho="3" sc="222,-10,424,-10,277,-20,67,50" /><INIT seed="3,0,0,0,3,86" ten="212,414,257,117" oya="3" hai0="27,55,34,93,41,35,118,75,109,123,13,79,119" hai1="73,112,11,10,45,115,1,12,6,104,116,129,39" hai2="36,121,3,65,68,40,0,31,64,54,16,132,107" hai3="91,60,108,9,32,5,69,57,80,101,14,84,95"/><W52/><G32/><T53/><D123/><U29/><E104/><V20/><F121/><W61/><G108/><T96/><D41/><N who="1" m="22719" /><E29/><V135/><F107/><W103/><G69/><T46/><D109/><U110/><E110/><V7/><F31/><W23/><G61/><T114/><D114/><U72/><E72/><V38/><F68/><W83/><REACH who="3" step="1"/><G23/><REACH who="3" ten="212,414,257,107" step="2"/><T82/><D34/><U131/><E115/><V28/><F20/><W97/><G97/><T42/><D119/><U98/><E112/><V127/><F135/><W94/><G94/><T24/><D118/><U49/><E98/><V51/><F132/><W74/><G74/><T81/><D81/><AGARI ba="0,1" hai="5,9,14,52,57,60,80,81,83,84,91,95,101,103" machi="81" ten="40,12000,1" yaku="1,1,8,1,52,1,54,1,53,1" doraHai="86" doraHaiUra="90" who="3" fromWho="0" sc="212,-120,414,0,257,0,107,130" /><INIT seed="3,1,0,0,3,16" ten="92,414,257,237" oya="3" hai0="82,126,59,34,128,28,71,90,107,103,117,50,64" hai1="100,106,134,39,105,42,67,12,13,122,22,6,92" hai2="18,98,1,4,65,114,32,53,93,69,45,77,111" hai3="19,5,91,101,135,52,31,80,26,7,57,47,123"/><W3/><G123/><T44/><D44/><BYE who="0" /><U51/><E39/><V40/><F114/><W102/><G135/><T85/><D85/><U20/><E106/><V60/><F32/><W127/><G127/><T121/><D121/><U116/><E105/><V61/><F111/><W62/><G19/><T43/><D43/><U115/><E115/><V11/><F77/><W74/><G47/><T35/><D35/><U112/><E112/><V66/><F53/><W89/><G74/><T95/><D95/><U133/><E67/><V55/><F55/><W86/><G91/><T96/><D96/><N who="1" m="59399" /><E122/><V88/><F18/><W81/><G81/><T21/><D21/><N who="1" m="8299" /><E6/><N who="3" m="2058" /><G3/><T79/><D79/><U83/><E83/><V131/><F131/><W41/><G41/><T84/><D84/><U37/><E37/><V38/><F66/><W130/><G130/><T108/><D108/><U58/><E116/><V78/><F78/><W76/><G76/><T104/><D104/><U17/><E17/><V68/><F69/><W97/><G97/><T48/><D48/><U36/><E36/><V0/><F61/><W56/><G56/><T2/><D2/><AGARI ba="1,0" hai="0,1,2,4,11,38,40,45,60,65,68,88,93,98" machi="2" ten="30,2000,0" yaku="7,1,54,1" doraHai="16" who="2" fromWho="0" sc="92,-23,414,0,257,23,237,0" owari="69,-43.1,414,51.4,280,8.0,237,-16.3" /></mjloggm>