<mjloggm ver="2.3"><GO type="225" lobby="0"/><UN n0="%66%67%67%68%68%64%66" n1="%E3%83%96%E3%83%83%E3%83%91%E3%82%AA%E3%83%96%E3%83%81%E3%82%AD%E3%83%B3" n2="%E9%BB%99%E8%81%B4%E3%81%AE%E3%81%99%E3%82%9D%E3%82%81" n3="%E5%91%A8%E6%9D%B1" dan="16,16,16,17" rate="2096.75,2143.17,2055.14,2150.39" sx="M,M,M,M"/><TAIKYOKU oya="0"/><INIT seed="0,0,0,0,2,56" ten="250,250,250,250" oya="0" hai0="98,34,79,93,47,119,85,2,92,40,112,75,4" hai1="52,109,54,132,48,101,89,32,43,118,134,68,99" hai2="13,77,133,90,38,9,24,120,0,127,124,122,57" hai3="58,100,82,71,116,83,121,114,27,107,88,1,41"/><T50/><D112/><U65/><E32/><V45/><F77/><W25/><G114/><T78/><D119/><U63/><E89/><V26/><F90/><W8/><G71/><T15/><D34/><U123/><E118/><V31/><F57/><W106/><G116/><T29/><D75/><U105/><E123/><N who="2" m="47147" /><F45/><W73/><G121/><T14/><D29/><U53/><REACH who="1" step="1"/><E109/><REACH who="1" ten="250,240,250,250" step="2"/><V117/><F117/><W135/><G88/><N who="0" m="53263" /><D2/><U16/><E16/><N who="2" m="8239" /><F0/><W33/><G1/><T10/><D15/><U21/><E21/><V108/><F108/><W128/><G33/><T22/><D22/><U110/><E110/><V44/><F26/><W12/><G27/><T102/><AGARI ba="0,1" hai="4,10,14,40,47,50,78,79,93,98,102" m="53263" machi="102" ten="30,3000,0" yaku="8,1,54,1" doraHai="56" who="0" fromWho="0" sc="250,40,240,-10,250,-10,250,-10" /><INIT seed="0,1,0,0,4,93" ten="290,230,240,240" oya="0" hai0="106,17,26,83,57,109,58,38,19,96,67,40,20" hai1="28,25,95,92,66,82,62,75,7,126,110,74,35" hai2="132,52,102,29,48,16,81,112,68,97,11,85,84" hai3="30,9,88,36,42,18,119,73,101,116,27,122,12"/><T31/><D109/><U128/><E110/><V13/><F68/><W22/><G73/><T69/><D69/><U49/><E126/><V54/><F132/><W120/><G101/><T104/><D104/><U43/><E128/><V133/><F133/><W21/><G42/><T51/><D38/><U32/><E32/><V45/><F112/><W115/><G36/><T60/><D83/><U130/><E130/><V15/><F29/><W100/><G100/><T70/><D70/><U117/><E117/><N who="3" m="45130" /><G88/><T59/><D106/><U91/><E7/><V79/><F15/><N who="3" m="9439" /><G115/><T131/><D131/><U103/><E82/><V94/><F85/><W5/><AGARI ba="1,0" hai="5,9,12,22,27,30,120,122" m="9439,45130" machi="5" ten="30,2000,0" yaku="34,2" doraHai="93" who="3" fromWho="3" sc="290,-11,230,-6,240,-6,240,23" /><INIT seed="1,0,0,0,1,85" ten="279,224,234,263" oya="1" hai0="10,121,23,64,131,93,119,24,83,134,71,2,61" hai1="14,66,39,113,133,124,47,99,35,70,13,73,20" hai2="52,94,105,75,108,9,51,81,50,21,29,5,56" hai3="132,107,26,55,128,95,126,57,54,63,104,102,62"/><U78/><E35/><V90/><F105/><W82/><G132/><T15/><D119/><U109/><E113/><V45/><F108/><W18/><G128/><T69/><D2/><U16/><E133/><V0/><F75/><W87/><G126/><T91/><D134/><U129/><E129/><V118/><F81/><W41/><G41/><T43/><D121/><U58/><E70/><V86/><F118/><W80/><G80/><T130/><D43/><U36/><E124/><V100/><F100/><W30/><G18/><T125/><D83/><U4/><E73/><V123/><F123/><W48/><G95/><T38/><D38/><U27/><E78/><V40/><F29/><W49/><G102/><T122/><D71/><U117/><E117/><V88/><F90/><W103/><G103/><T135/><D122/><U12/><E4/><V111/><F21/><N who="3" m="15695" /><G107/><T112/><D112/><U59/><E109/><V25/><F25/><W68/><G68/><T34/><D34/><U37/><E99/><V44/><REACH who="2" step="1"/><F111/><REACH who="2" ten="279,224,224,263" step="2"/><W6/><G104/><T116/><D135/><U92/><E92/><V17/><F17/><W101/><G101/><T19/><D116/><U114/><E114/><V11/><F11/><W46/><G6/><N who="0" m="3543" /><D125/><U97/><E97/><V67/><F67/><W65/><G65/><T42/><D131/><U96/><E96/><V32/><F32/><W8/><G8/><T127/><D130/><U89/><E66/><V60/><F60/><W120/><G120/><T7/><D127/><U1/><E27/><V53/><F53/><W110/><G110/><T115/><D64/><RYUUKYOKU ba="0,1" sc="279,-15,224,-15,224,15,263,15" hai2="0,5,9,40,44,45,50,51,52,56,86,88,94" hai3="46,48,49,54,55,57,62,63,82,87" /><INIT seed="2,1,1,3,4,105" ten="264,209,239,278" oya="2" hai0="131,118,70,82,107,50,81,74,69,37,89,62,21" hai1="46,102,130,9,98,28,113,18,88,51,110,116,55" hai2="111,15,99,86,52,31,127,114,124,48,101,96,75" hai3="64,106,42,72,119,94,14,93,91,90,97,12,39"/><V36/><F114/><W45/><G119/><T84/><D37/><U63/><E113/><V57/><F36/><W7/><G106/><T83/><D107/><U104/><E116/><V26/><F111/><W71/><G7/><T17/><D118/><U68/><E110/><V95/><F75/><W1/><G1/><T47/><D131/><U43/><E130/><V108/><F108/><W121/><G121/><T58/><D70/><U67/><E28/><V78/><F15/><W25/><G72/><T128/><D69/><U125/><E125/><V32/><REACH who="2" step="1"/><F99/><REACH who="2" ten="264,209,229,278" step="2"/><W61/><G25/><N who="0" m="14511" /><D74/><U80/><E98/><AGARI ba="1,2" hai="12,14,39,42,45,61,64,71,90,91,93,94,97,98" machi="98" ten="30,2000,0" yaku="7,1,9,1" doraHai="105" who="3" fromWho="1" sc="264,0,209,-23,229,0,278,43" /><INIT seed="3,0,0,1,3,57" ten="264,186,229,321" oya="3" hai0="20,60,13,56,33,48,52,129,32,35,24,107,46" hai1="134,98,38,120,118,111,87,127,102,93,70,68,126" hai2="3,73,115,50,89,40,1,43,51,12,81,97,64" hai3="94,8,14,135,132,99,121,29,11,86,74,119,41"/><W104/><G74/><T0/><D0/><U66/><E120/><V95/><F115/><W88/><G119/><T77/><D107/><U44/><E111/><V109/><F109/><W84/><G121/><T83/><D13/><U75/><E75/><V19/><F1/><W55/><G29/><T69/><D69/><U17/><E118/><V28/><F3/><W4/><G41/><T123/><D129/><U27/><E134/><N who="3" m="51242" /><G104/><T131/><D131/><U36/><E87/><N who="3" m="33322" /><G55/><T18/><D123/><U124/><E44/><V108/><F108/><W47/><G47/><T42/><REACH who="0" step="1"/><D35/><REACH who="0" ten="254,186,229,321" step="2"/><U59/><E70/><V15/><F15/><W106/><G106/><T79/><D79/><U49/><E68/><V103/><F12/><W101/><G11/><T26/><D26/><U128/><E128/><V92/><F73/><AGARI ba="0,1" hai="18,20,24,32,33,42,46,48,52,56,60,73,77,83" machi="73" ten="30,7700,0" yaku="1,1,7,1,52,1,54,1,53,0" doraHai="57" doraHaiUra="114" who="0" fromWho="2" sc="254,87,186,0,229,-77,321,0" owari="341,44.1,186,-21.4,152,-34.8,321,12.1" /></mjloggm>