<mjloggm ver="2.3"><GO type="225" lobby="0"/><UN n0="%33%74%72%65%65" n1="%E7%99%BD%E5%80%89%E5%AF%9B%E4%B9%8B" n2="%E3%83%B4%E3%83%A0%EF%BC%99%E3%81%A6" n3="%E5%B0%8F%E9%B3%A5%E9%81%8A%E7%B7%B4%E7%84%A1%32%31%E6%AD%B3" dan="17,16,16,16" rate="2213.33,2067.81,2181.60,2170.04" sx="F,M,M,F"/><TAIKYOKU oya="0"/><INIT seed="0,0,0,1,1,98" ten="250,250,250,250" oya="0" hai0="19,29,80,52,20,96,51,122,27,41,45,126,84" hai1="85,114,22,107,70,7,106,130,24,15,39,134,57" hai2="37,53,110,117,111,90,100,119,108,79,60,125,10" hai3="113,75,35,13,48,78,56,1,55,72,2,68,11"/><T3/><D122/><U131/><E70/><V93/><F37/><W6/><G113/><T54/><D3/><U8/><E39/><V124/><F10/><W81/><G35/><T4/><D126/><N who="2" m="48746" /><F79/><W64/><G72/><T30/><D4/><U34/><E34/><V104/><F53/><N who="0" m="20586" /><D96/><U14/><E114/><V33/><F60/><W61/><AGARI ba="0,0" hai="1,2,6,11,13,48,55,56,61,64,68,75,78,81" machi="61" ten="30,1100,0" yaku="0,1" doraHai="98" who="3" fromWho="3" sc="250,-5,250,-3,250,-3,250,11" /><INIT seed="1,0,0,3,3,130" ten="245,247,247,261" oya="1" hai0="99,114,68,84,128,72,124,101,55,118,89,41,48" hai1="15,4,29,2,65,19,133,44,20,91,109,129,135" hai2="115,75,39,7,93,51,26,96,81,49,70,111,0" hai3="9,23,92,134,122,27,80,67,12,61,14,107,5"/><U85/><E129/><V37/><F70/><W47/><G107/><T112/><D118/><U104/><E104/><V6/><F111/><W103/><G134/><N who="1" m="51210" /><E109/><V95/><F81/><W113/><G113/><T98/><D128/><U126/><E126/><V38/><F75/><W56/><G122/><T54/><D124/><U13/><E65/><V57/><F26/><W40/><G80/><T64/><D64/><U34/><E34/><V16/><F57/><W131/><G131/><T8/><D68/><U102/><E102/><V11/><F0/><W121/><G121/><T3/><D101/><U46/><E2/><V36/><F115/><W10/><G103/><T24/><D3/><U62/><E62/><V73/><F73/><W18/><G92/><T58/><D114/><U90/><E29/><V106/><F106/><W117/><G117/><T123/><D112/><U105/><E105/><V28/><F28/><W100/><G100/><T30/><D30/><U42/><E85/><V59/><F96/><W31/><G40/><T110/><D84/><U125/><E125/><V60/><F60/><W76/><G47/><N who="1" m="17962" /><E42/><V52/><F38/><W50/><G50/><T21/><D41/><U78/><E78/><AGARI ba="0,0" hai="5,9,10,12,14,18,23,27,31,56,61,67,76,78" machi="78" ten="40,1300,0" yaku="8,1" doraHai="130" who="3" fromWho="1" sc="245,0,247,-13,247,0,261,13" /><INIT seed="2,0,0,3,0,45" ten="245,234,247,274" oya="2" hai0="52,79,109,118,2,19,68,32,89,134,88,72,16" hai1="66,48,29,43,9,83,36,15,103,41,100,18,133" hai2="14,101,61,20,111,102,8,51,81,129,135,132,71" hai3="110,0,77,38,42,65,112,39,31,125,11,1,93"/><V98/><F129/><W73/><G110/><T26/><D68/><U87/><E133/><N who="2" m="51275" /><F111/><W17/><G125/><T23/><D109/><U35/><E36/><V3/><F3/><W40/><G93/><T91/><D134/><U59/><E35/><V50/><F20/><W44/><G31/><T57/><D32/><U126/><E29/><V104/><F101/><N who="1" m="38985" /><E126/><V113/><F81/><W105/><G65/><T80/><D2/><U12/><E12/><V96/><F96/><W124/><G105/><T119/><REACH who="0" step="1"/><D19/><REACH who="0" ten="235,234,247,274" step="2"/><U127/><E127/><V74/><F113/><W30/><G112/><T7/><D7/><U64/><E43/><V97/><F97/><W58/><G40/><T130/><D130/><U94/><E94/><V128/><F128/><W107/><G42/><T85/><D85/><U106/><E106/><V121/><F121/><W37/><G107/><T60/><AGARI ba="0,1" hai="16,23,26,52,57,60,72,79,80,88,89,91,118,119" machi="60" ten="30,8000,1" yaku="1,1,0,1,54,3,53,0" doraHai="45" doraHaiUra="99" who="0" fromWho="0" sc="235,90,234,-20,247,-40,274,-20" /><INIT seed="3,0,0,5,0,16" ten="325,214,207,254" oya="3" hai0="12,18,65,28,60,75,5,135,9,87,81,3,109" hai1="33,46,7,37,91,85,63,72,126,17,115,105,130" hai2="118,15,25,50,82,52,122,10,56,55,32,103,94" hai3="38,21,13,47,11,20,27,100,26,57,78,101,74"/><W66/><G74/><T62/><D109/><U23/><E33/><V48/><F118/><W119/><G119/><T98/><D135/><U61/><E72/><V24/><F122/><W69/><G69/><T67/><D75/><U113/><E105/><V6/><F32/><W83/><G38/><T36/><D28/><U39/><E7/><V71/><F71/><W114/><G47/><T70/><D98/><U79/><E79/><V8/><F8/><W30/><G114/><T43/><D43/><U108/><E108/><V123/><F82/><W97/><G83/><T4/><D36/><N who="1" m="13899" /><E46/><N who="2" m="28055" /><F123/><W1/><G78/><T68/><D3/><U116/><E116/><V34/><F34/><W76/><G76/><AGARI ba="0,0" hai="4,5,9,12,18,60,62,65,67,68,70,76,81,87" machi="76" ten="30,2000,0" yaku="7,1,9,1" doraHai="16" who="0" fromWho="3" sc="325,20,214,0,207,0,254,-20" owari="345,44.5,214,-18.6,207,-29.3,234,3.4" /></mjloggm>