<mjloggm ver="2.3"><GO type="225" lobby="0"/><UN n0="%E3%81%BF%E3%81%BF%E3%81%9A" n1="%4C%4F%4C%49%54%41" n2="%E6%98%93%E5%88%A9%E8%96%A9%E4%BC%AF" n3="%E4%BF%BA%E3%81%A8%E5%A6%96%E5%A4%A2" dan="18,16,16,16" rate="2261.87,2207.03,2137.24,2136.06" sx="M,F,F,F"/><TAIKYOKU oya="0"/><INIT seed="0,0,0,3,1,64" ten="250,250,250,250" oya="0" hai0="55,123,74,65,86,89,17,11,41,100,1,116,80" hai1="7,68,93,110,54,60,33,3,52,5,16,51,43" hai2="85,46,95,69,76,99,37,96,25,28,22,71,58" hai3="63,135,21,30,62,72,126,10,29,111,91,94,77"/><T27/><D116/><U73/><E73/><V103/><F58/><W61/><G111/><T78/><D123/><U42/><E33/><V6/><F6/><W18/><G135/><T128/><D128/><U75/><E75/><V47/><F99/><W104/><G104/><T84/><D100/><U59/><E110/><V57/><F57/><W19/><G126/><T92/><D65/><U127/><E127/><V106/><F106/><W122/><G122/><T26/><D55/><U130/><E130/><V50/><F37/><W32/><G77/><T83/><D41/><N who="1" m="15371" /><E3/><V109/><F109/><W45/><G45/><T34/><D34/><U23/><E93/><V118/><F118/><W9/><G32/><T120/><D120/><U90/><E90/><V67/><F67/><W105/><G72/><T13/><D1/><U4/><E68/><V53/><REACH who="2" step="1"/><F47/><REACH who="2" ten="250,250,240,250" step="2"/><W31/><G105/><T102/><D102/><U66/><E51/><V132/><F132/><W0/><G0/><T70/><D70/><U8/><E8/><N who="3" m="3178" /><G21/><T129/><D129/><U56/><E59/><V112/><F112/><W113/><G113/><T114/><D114/><U107/><E107/><V82/><AGARI ba="0,1" hai="22,25,28,46,50,53,69,71,76,82,85,95,96,103" machi="82" ten="30,8000,1" yaku="1,1,0,1,52,2,53,1" doraHai="64" doraHaiUra="81" who="2" fromWho="2" sc="250,-40,250,-20,240,90,250,-20" /><INIT seed="1,0,0,2,4,129" ten="210,230,330,230" oya="1" hai0="15,14,52,84,59,95,39,19,58,123,38,111,71" hai1="67,101,124,10,6,85,74,11,121,89,45,97,50" hai2="51,1,18,115,135,49,65,0,92,27,113,78,79" hai3="60,105,23,116,35,103,120,107,7,31,25,76,30"/><U5/><E74/><V94/><F65/><W100/><G120/><T62/><D123/><U132/><E121/><V68/><F68/><W64/><G76/><T99/><D111/><U17/><E124/><V134/><F18/><W108/><G108/><T128/><D71/><U66/><E132/><V33/><F27/><W82/><G82/><T46/><D128/><U69/><E17/><V54/><F54/><W117/><G7/><N who="1" m="2570" /><E97/><V44/><F44/><W70/><G103/><T109/><D109/><U106/><E106/><V119/><F33/><W9/><G9/><N who="1" m="3082" /><E101/><V34/><F34/><W16/><G31/><T125/><D125/><U37/><E37/><V77/><F77/><W22/><G22/><T90/><D46/><U93/><E69/><V13/><F13/><N who="0" m="4618" /><D38/><U21/><E21/><V80/><F80/><W96/><G107/><T61/><D39/><U41/><AGARI ba="0,0" hai="41,45,50,66,67,85,89,93" m="3082,2570" machi="41" ten="30,1500,0" yaku="8,1" doraHai="129" who="1" fromWho="1" sc="210,-5,230,15,330,-5,230,-5" /><INIT seed="1,1,0,2,1,91" ten="205,245,325,225" oya="1" hai0="101,127,66,80,122,78,10,97,15,7,54,5,135" hai1="111,71,67,65,22,39,44,34,59,19,16,108,55" hai2="121,92,132,114,107,61,12,105,33,131,87,104,20" hai3="84,119,81,120,48,25,46,100,58,98,64,9,83"/><U75/><E34/><V3/><F121/><W118/><G120/><T134/><D122/><U40/><E75/><V0/><F33/><W60/><G9/><T38/><D38/><U90/><E90/><V76/><F114/><W30/><G46/><T115/><D115/><U29/><E29/><V89/><F132/><N who="0" m="50730" /><D127/><U124/><E124/><V26/><F12/><W130/><G48/><T113/><D113/><U21/><E21/><V88/><F76/><W11/><G11/><T95/><D66/><U96/><E96/><V69/><F131/><W109/><G109/><N who="1" m="42058" /><E71/><V110/><F110/><W14/><G130/><T32/><D32/><U103/><E103/><V8/><F8/><W53/><G118/><T86/><D54/><U23/><E22/><V28/><F69/><W52/><G119/><T68/><D68/><U51/><E19/><AGARI ba="1,0" hai="5,7,10,15,19,78,80,86,95,97,101" m="50730" machi="19" ten="30,2000,0" yaku="20,1,52,1" doraHai="91" who="0" fromWho="1" sc="205,23,245,-23,325,0,225,0" /><INIT seed="2,0,0,2,3,121" ten="228,222,325,225" oya="2" hai0="33,28,92,75,49,57,34,46,103,29,93,117,89" hai1="66,19,24,4,27,71,112,126,106,101,18,14,133" hai2="1,102,114,12,99,56,70,52,111,42,36,50,6" hai3="83,85,9,10,120,109,37,130,44,125,67,7,61"/><V131/><F114/><W59/><G120/><T25/><D75/><U69/><E112/><V95/><F70/><W13/><G130/><T32/><D117/><U100/><E133/><V3/><F111/><W124/><G109/><T45/><D57/><U91/><E4/><V64/><F64/><W77/><G37/><T108/><D108/><U118/><E118/><V113/><F113/><W127/><G44/><T135/><D135/><U72/><E72/><V63/><F36/><W88/><REACH who="3" step="1"/><G9/><REACH who="3" ten="228,222,325,215" step="2"/><T30/><D46/><U48/><E126/><V53/><F131/><W107/><G107/><T35/><D35/><U76/><E106/><V15/><F42/><W84/><G84/><T55/><D34/><U21/><E21/><V78/><F3/><W26/><G26/><T86/><D33/><U122/><E122/><V58/><REACH who="2" step="1"/><F78/><AGARI ba="0,1" hai="7,10,13,59,61,67,77,78,83,85,88,124,125,127" machi="78" ten="40,8000,1" yaku="1,1,18,1,54,1,53,1" doraHai="121" doraHaiUra="0" who="3" fromWho="2" sc="228,0,222,0,325,-80,215,90" /><INIT seed="3,0,0,2,0,30" ten="228,222,245,305" oya="3" hai0="64,7,95,53,25,83,100,47,75,35,77,54,20" hai1="67,81,19,91,108,69,49,105,93,28,113,98,134" hai2="12,68,50,39,124,135,13,82,48,9,51,21,61" hai3="128,18,31,116,131,99,126,74,45,4,42,92,63"/><W114/><G114/><T104/><D64/><U109/><E113/><V94/><F39/><W57/><G116/><T107/><D35/><U46/><E134/><V3/><F124/><W41/><G74/><T59/><D7/><U16/><E28/><V133/><F94/><W6/><G31/><T121/><D121/><U120/><E120/><V27/><F82/><W88/><G18/><T10/><D10/><U106/><E69/><V89/><F89/><W24/><G24/><T103/><D103/><U125/><E67/><N who="2" m="41071" /><F3/><W38/><G42/><T40/><D95/><U85/><E125/><V43/><F9/><W32/><G32/><T90/><D90/><N who="1" m="55607" /><E105/><V96/><F96/><W11/><G126/><T130/><D130/><N who="3" m="49705" /><G11/><T52/><D100/><U62/><E62/><V15/><F43/><W101/><G101/><T8/><D8/><U72/><E72/><V60/><F60/><W65/><AGARI ba="0,0" hai="4,6,38,41,45,57,63,65,88,92,99" m="49705" machi="65" ten="30,3000,0" yaku="19,1,54,1" doraHai="30" who="3" fromWho="3" sc="228,-10,222,-10,245,-10,305,30" owari="218,-18.2,212,-28.8,235,3.5,335,43.5" /></mjloggm>