<mjloggm ver="2.3"><GO type="225" lobby="0"/><UN n0="%E6%98%93%E5%88%A9%E8%96%A9%E4%BC%AF" n1="%E3%81%BF%E3%81%BF%E3%81%9A" n2="%E9%BB%99%E8%81%B4%E3%81%AE%E3%81%99%E3%82%9D%E3%82%81" n3="%E6%B4%BE%E9%81%A3%E3%81%AE%E3%82%B8%E3%83%A3%E3%83%83%E3%82%AF" dan="17,18,16,17" rate="2183.42,2268.89,2115.22,2207.83" sx="F,M,M,M"/><TAIKYOKU oya="0"/><INIT seed="0,0,0,5,0,19" ten="250,250,250,250" oya="0" hai0="72,91,107,2,55,20,108,4,118,83,58,129,38" hai1="111,86,117,11,29,84,67,60,95,8,120,15,28" hai2="62,32,80,127,76,99,68,31,64,18,36,45,112" hai3="47,79,119,110,93,54,33,113,21,90,9,7,53"/><T10/><D118/><U123/><E117/><V92/><F127/><W128/><G119/><T23/><D107/><U37/><E37/><V104/><F112/><W51/><G33/><T52/><D129/><U17/><E111/><V0/><F18/><W125/><G110/><T16/><D38/><U98/><E120/><V42/><F0/><W30/><G113/><T34/><D34/><U50/><E123/><V101/><F92/><W100/><G100/><T77/><D108/><U5/><E50/><V6/><F6/><W87/><G125/><T89/><D23/><U133/><E133/><V44/><F44/><W12/><G128/><T49/><REACH who="0" step="1"/><D55/><REACH who="0" ten="240,250,250,250" step="2"/><U56/><E29/><V35/><REACH who="2" step="1"/><F31/><REACH who="2" ten="240,250,240,250" step="2"/><W109/><G109/><T43/><D43/><U66/><E28/><V22/><F22/><W69/><G30/><T57/><D57/><U73/><E11/><V88/><F88/><W131/><G131/><T46/><D46/><U61/><E56/><V115/><F115/><W122/><G122/><T82/><D82/><U48/><E8/><V74/><AGARI ba="0,2" hai="32,35,36,42,45,62,64,68,74,76,80,99,101,104" machi="74" ten="20,12000,2" yaku="1,1,0,1,7,1,33,3,53,0" doraHai="19" doraHaiUra="14" who="2" fromWho="2" sc="240,-60,250,-30,240,140,250,-30" /><INIT seed="1,0,0,0,5,45" ten="180,220,380,220" oya="1" hai0="25,62,49,24,87,114,40,32,74,21,99,20,90" hai1="124,47,111,113,15,61,105,78,53,96,86,48,123" hai2="55,26,60,19,88,81,107,80,36,117,23,31,2" hai3="95,110,52,64,0,56,70,72,33,108,16,43,67"/><U128/><E113/><V121/><F121/><W132/><G72/><T14/><D74/><U134/><E123/><V135/><F2/><W66/><G33/><T97/><D32/><U100/><E124/><V22/><F107/><W83/><G0/><T35/><D35/><U98/><E128/><V38/><F135/><W104/><G104/><T44/><D62/><U37/><E134/><V30/><F117/><W109/><G132/><T10/><D114/><U6/><E37/><V82/><F38/><W91/><G83/><T5/><D24/><U116/><E116/><V69/><F36/><W63/><G43/><T11/><D11/><N who="1" m="4599" /><E105/><V68/><F68/><W129/><G129/><T59/><D59/><N who="1" m="35055" /><E100/><V65/><F55/><W8/><G8/><T28/><REACH who="0" step="1"/><D21/><REACH who="0" ten="170,220,380,220" step="2"/><U29/><E111/><V9/><F9/><W51/><REACH who="3" step="1"/><G16/><REACH who="3" ten="170,220,380,210" step="2"/><T102/><D102/><U1/><E29/><V125/><F31/><W77/><G77/><T41/><D41/><N who="1" m="24687" /><E1/><V93/><F125/><W13/><G13/><T94/><AGARI ba="0,2" hai="5,10,14,20,25,28,40,44,49,87,90,94,97,99" machi="94" ten="20,8000,1" yaku="1,1,0,1,7,1,8,1,52,1,53,0" doraHai="45" doraHaiUra="118" who="0" fromWho="0" sc="170,100,220,-40,380,-20,210,-20" /><INIT seed="2,0,0,1,3,102" ten="270,180,360,190" oya="2" hai0="68,7,14,103,80,27,37,19,31,94,16,1,57" hai1="81,0,75,36,58,125,107,4,60,23,83,33,62" hai2="106,108,47,39,64,115,127,122,85,30,128,34,44" hai3="13,45,42,25,15,53,123,96,38,110,54,26,56"/><V79/><F115/><W100/><G123/><T67/><D68/><U87/><E33/><V35/><F122/><W6/><G110/><T74/><D37/><U121/><E121/><V11/><F128/><W111/><G111/><T116/><D1/><U78/><E125/><V29/><F108/><W24/><G6/><T84/><D74/><U22/><E107/><V119/><F64/><W118/><G118/><T82/><D7/><U86/><E36/><V104/><F39/><W95/><REACH who="3" step="1"/><G54/><REACH who="3" ten="270,180,360,180" step="2"/><T55/><D55/><U120/><E120/><V3/><F119/><W52/><G52/><T43/><D116/><U130/><E130/><V8/><F3/><W20/><G20/><T51/><D43/><U135/><E0/><V17/><F35/><W113/><G113/><T66/><D66/><U89/><E4/><V98/><F34/><W73/><G73/><T71/><D67/><U88/><E135/><V124/><F124/><W69/><G69/><T63/><D71/><U131/><E131/><V48/><F127/><W65/><G65/><T40/><D40/><U91/><E58/><V70/><F70/><W5/><G5/><T9/><D57/><U41/><E41/><V101/><F47/><W112/><G112/><T77/><D9/><U117/><E117/><V10/><F8/><W49/><AGARI ba="0,1" hai="13,15,24,25,26,38,42,45,49,53,56,95,96,100" machi="49" ten="30,4000,0" yaku="1,1,0,1,53,1" doraHai="102" doraHaiUra="92" who="3" fromWho="3" sc="270,-10,180,-10,360,-20,180,50" /><INIT seed="3,0,0,1,4,106" ten="260,170,340,230" oya="3" hai0="56,12,119,105,50,78,129,65,86,11,100,9,110" hai1="123,132,62,121,92,20,88,87,26,23,32,10,126" hai2="115,114,125,49,77,42,43,107,16,17,120,53,24" hai3="104,133,72,85,30,51,135,37,66,94,47,45,113"/><W111/><G113/><T131/><D110/><U71/><E32/><V29/><F107/><W13/><G104/><T124/><D124/><U40/><E126/><V33/><F125/><W112/><G112/><T81/><D119/><U75/><E132/><V63/><F115/><W69/><G30/><T38/><D38/><U0/><E40/><V101/><F101/><W27/><G27/><T80/><D80/><U134/><E134/><N who="3" m="51210" /><G111/><T4/><D11/><U97/><E75/><V7/><F7/><W122/><G122/><T74/><D86/><U98/><E121/><V102/><F102/><W99/><G85/><T44/><D56/><U41/><E41/><V117/><F117/><W6/><G37/><T28/><D65/><U90/><E123/><V52/><F77/><W84/><G84/><T15/><D28/><U127/><E127/><V8/><F120/><W108/><G108/><T128/><D100/><U48/><E48/><V55/><F114/><W73/><G66/><T39/><D105/><U31/><E23/><V14/><F49/><W109/><G69/><T3/><D39/><U116/><E116/><V96/><F96/><W79/><G79/><T82/><D82/><U21/><E21/><V67/><REACH who="2" step="1"/><F17/><REACH who="2" ten="260,170,330,230" step="2"/><W91/><G109/><T76/><D76/><U5/><REACH who="1" step="1"/><E90/><REACH who="1" ten="260,160,330,230" step="2"/><V54/><N who="2" m="13312" /><DORA hai="36" /><V68/><AGARI ba="0,2" hai="8,14,16,24,29,33,42,43,63,67,68" m="13312" machi="68" ten="40,12000,2" yaku="1,1,4,1,0,1,52,2,54,2,53,0" doraHai="106,36" doraHaiUra="103,70" who="2" fromWho="2" sc="260,-30,160,-30,330,140,230,-60" owari="230,3.0,130,-37.0,470,57.0,170,-23.0" /></mjloggm>