<mjloggm ver="2.3"><GO type="225" lobby="0"/><UN n0="%E6%98%BC%E4%B8%8B%E3%81%8C%E3%82%8A%E3%81%AE%E5%9B%A3%E5%9C%B0%E5%A6%BB" n1="%E3%81%90%E3%81%A1%E3%82%84%E3%81%BE" n2="%E3%81%BE%E3%81%A8%E3%81%9F" n3="%E9%BB%99%E8%81%B4%E3%81%AE%E3%81%99%E3%82%9D%E3%82%81" dan="16,16,16,16" rate="2147.26,2138.30,2080.86,2135.53" sx="F,M,M,M"/><TAIKYOKU oya="0"/><INIT seed="0,0,0,0,2,26" ten="250,250,250,250" oya="0" hai0="132,43,9,5,112,17,31,35,47,74,77,15,55" hai1="50,79,37,68,86,42,97,56,11,124,32,63,67" hai2="34,14,45,10,29,129,102,128,131,133,111,105,130" hai3="88,81,110,70,121,78,41,134,13,100,119,84,107"/><T3/><D112/><U89/><E32/><V16/><N who="2" m="32768" /><DORA hai="118" /><V60/><F111/><W82/><G70/><T62/><D132/><U103/><E124/><V48/><F133/><W71/><G71/><T64/><D55/><U66/><E79/><V33/><F60/><W126/><G41/><T69/><D77/><U135/><E135/><V23/><F102/><W116/><G134/><T72/><D35/><U122/><E122/><V58/><F58/><W53/><G110/><T25/><D25/><U85/><E37/><V2/><F105/><W92/><G126/><T44/><D31/><U95/><E11/><V59/><F59/><W18/><G121/><T127/><D127/><U123/><E123/><V80/><F80/><W46/><G107/><T94/><D94/><U38/><E38/><V73/><F73/><W65/><G65/><T106/><D106/><U76/><E76/><V1/><F29/><W98/><G81/><T83/><D83/><U6/><E6/><N who="2" m="1367" /><F1/><W0/><G0/><T54/><D54/><AGARI ba="0,0" hai="14,16,23,33,34,45,48,54" m="1367,32768" machi="54" ten="60,3900,0" yaku="19,1,54,1" doraHai="26,118" who="2" fromWho="0" sc="250,-39,250,0,250,39,250,0" /><INIT seed="1,0,0,0,1,134" ten="211,250,289,250" oya="1" hai0="18,123,12,41,3,117,14,46,1,9,81,5,71" hai1="104,73,31,70,113,125,61,110,39,4,131,106,88" hai2="27,17,57,56,84,74,72,35,63,75,23,132,45" hai3="99,52,97,103,8,121,64,108,7,20,94,124,42"/><U118/><RYUUKYOKU type="yao9" ba="0,0" sc="211,0,250,0,289,0,250,0" hai1="4,31,39,61,70,73,88,104,106,110,113,118,125,131" /><INIT seed="1,1,0,3,5,93" ten="211,250,289,250" oya="1" hai0="64,78,62,133,87,105,60,99,15,0,44,23,115" hai1="114,14,92,95,81,42,47,57,113,25,77,132,83" hai2="21,126,28,24,108,107,61,71,131,111,36,55,90" hai3="134,5,69,59,27,40,56,102,68,100,97,135,13"/><U86/><E132/><N who="3" m="50730" /><G40/><T58/><D133/><U34/><E57/><N who="3" m="22090" /><G27/><T49/><D0/><U53/><E53/><V76/><F90/><W20/><G20/><T30/><D115/><U130/><E130/><V19/><F131/><W66/><G66/><T50/><D62/><U65/><E65/><N who="2" m="41391" /><F55/><W73/><G73/><T106/><D99/><U128/><E128/><V125/><F36/><W110/><G110/><N who="2" m="42025" /><F107/><N who="3" m="63887" /><G102/><T75/><D75/><U17/><E81/><V54/><F54/><W4/><G13/><T22/><D49/><U43/><E43/><V70/><F70/><AGARI ba="1,0" hai="4,5,68,69,70" m="63887,22090,50730" machi="70" ten="30,2000,0" yaku="20,1,52,1" doraHai="93" who="3" fromWho="2" sc="211,0,250,0,289,-23,250,23" /><INIT seed="2,0,0,3,5,48" ten="211,250,266,273" oya="2" hai0="34,87,130,76,21,116,57,28,58,91,14,62,117" hai1="25,129,44,12,18,98,23,7,11,45,123,77,50" hai2="31,5,95,33,22,88,60,56,66,70,79,3,0" hai3="46,134,73,103,52,17,120,42,15,9,37,71,4"/><V93/><F33/><W64/><G120/><T43/><D76/><U6/><E129/><V80/><F93/><W27/><G134/><T107/><D107/><U97/><E123/><V2/><F5/><W67/><G73/><T115/><D115/><U53/><E77/><V32/><F32/><W49/><G103/><T132/><D132/><U106/><E106/><V100/><F100/><W8/><G71/><T36/><D130/><U16/><E44/><V82/><F70/><W84/><G84/><T133/><D133/><U35/><E35/><V63/><F63/><W75/><G75/><T78/><D78/><U19/><REACH who="1" step="1"/><E6/><REACH who="1" ten="211,240,266,273" step="2"/><V119/><F79/><W92/><G4/><T127/><D34/><U65/><E65/><V55/><F66/><W39/><G67/><T112/><D112/><U47/><E47/><V30/><F119/><W10/><G64/><T114/><D114/><U96/><AGARI ba="0,1" hai="7,11,12,16,18,19,23,25,45,50,53,96,97,98" machi="96" ten="30,8000,1" yaku="1,1,0,1,8,1,52,1,54,1,53,0" doraHai="48" doraHaiUra="83" who="1" fromWho="1" sc="211,-20,240,90,266,-40,273,-20" /><INIT seed="3,0,0,0,4,83" ten="191,330,226,253" oya="3" hai0="110,59,112,35,104,131,69,10,63,73,127,84,107" hai1="129,44,111,33,105,100,62,55,28,81,21,92,115" hai2="89,49,57,53,4,102,38,80,106,47,109,68,93" hai3="26,67,101,114,135,31,77,32,98,37,30,29,23"/><W1/><G37/><T123/><RYUUKYOKU type="yao9" ba="0,0" sc="191,0,330,0,226,0,253,0" hai0="10,35,59,63,69,73,84,104,107,110,112,123,127,131" /><INIT seed="3,1,0,2,0,35" ten="191,330,226,253" oya="3" hai0="107,0,79,85,124,115,9,20,31,57,23,77,42" hai1="127,93,44,113,75,116,18,108,92,132,2,3,26" hai2="17,72,97,38,50,76,119,51,105,41,84,87,135" hai3="134,47,65,114,131,101,68,100,90,52,63,111,130"/><W83/><G114/><T46/><D107/><U36/><E113/><V118/><F38/><W70/><G70/><T123/><D115/><U80/><E108/><V15/><F135/><W14/><G134/><T94/><D123/><U54/><E132/><V60/><F72/><W7/><G111/><T37/><D124/><U49/><E127/><V117/><F60/><W40/><G7/><T71/><D71/><U129/><E129/><V24/><F24/><W128/><G14/><T104/><D104/><U55/><E116/><V22/><F76/><W53/><G90/><T25/><D23/><U32/><E36/><V4/><F4/><W45/><G83/><T1/><D57/><U73/><E18/><V33/><F33/><W16/><G16/><T74/><D9/><U86/><E75/><V121/><F121/><W133/><G133/><T34/><D34/><U11/><E55/><N who="3" m="21066" /><G47/><T48/><D37/><AGARI ba="1,0" hai="37,40,45,63,65,68,100,101,128,130,131" m="21066" machi="37" ten="30,2900,0" yaku="19,1,54,1" doraHai="35" who="3" fromWho="0" sc="191,-32,330,0,226,0,253,32" /><INIT seed="3,2,0,2,3,41" ten="159,330,226,285" oya="3" hai0="133,5,51,112,116,34,36,2,117,59,96,132,69" hai1="13,111,38,32,98,58,76,55,123,107,126,42,46" hai2="118,68,101,8,92,47,12,114,79,74,105,50,89" hai3="82,100,17,78,56,109,40,72,52,57,1,127,103"/><W135/><G135/><T6/><D34/><U25/><E123/><V37/><F114/><W83/><G127/><T60/><D96/><U81/><E126/><V66/><F37/><W61/><G1/><T44/><D2/><U71/><E71/><V84/><F118/><N who="0" m="45674" /><D5/><U119/><E111/><V131/><F131/><W97/><G109/><T48/><D6/><U87/><E119/><V73/><F79/><W128/><G128/><T67/><D112/><U39/><E39/><V99/><F66/><W11/><G40/><N who="0" m="22535" /><D48/><U93/><E13/><V64/><F64/><W115/><G115/><T9/><D9/><U43/><E107/><V16/><REACH who="2" step="1"/><F68/><REACH who="2" ten="159,330,216,285" step="2"/><W22/><G78/><T108/><D108/><U88/><E76/><V130/><F130/><W91/><G72/><T14/><D14/><U49/><E38/><V18/><F18/><W129/><G129/><T90/><D90/><U31/><E88/><V30/><F30/><W4/><G91/><T113/><D113/><U77/><E31/><V19/><F19/><W85/><G17/><T62/><D51/><U95/><E49/><V45/><F45/><W63/><G4/><T23/><D23/><U102/><E46/><V26/><F26/><W104/><G22/><T80/><D80/><U0/><E81/><V7/><F7/><W53/><G83/><T124/><D124/><U29/><E29/><V24/><F24/><W121/><G82/><T75/><D75/><U120/><E25/><V54/><AGARI ba="2,1" hai="8,12,16,47,50,54,73,74,84,89,92,99,101,105" machi="54" ten="20,8000,1" yaku="1,1,0,1,7,1,52,1,54,1,53,0" doraHai="41" doraHaiUra="27" who="2" fromWho="2" sc="159,-22,330,-22,216,96,285,-42" owari="137,-36.3,308,10.8,312,41.2,243,-15.7" /></mjloggm>