<mjloggm ver="2.3"><GO type="225" lobby="0"/><UN n0="%E9%B4%A8%4E%45%47%49" n1="%E3%83%8F%E3%83%B3%E3%83%89%E3%83%A9%E3%83%BC%E3%83%BB%E3%83%AF%E3%83%B3" n2="%E5%8D%A0%E3%81%84%E5%B8%AB%E8%A3%8F%E3%81%AA%E3%81%84%E3%81%97" n3="%E3%81%BF%E3%81%BF%E3%81%9A" dan="16,17,17,18" rate="2079.93,2187.50,2175.12,2234.48" sx="M,M,M,M"/><TAIKYOKU oya="0"/><INIT seed="0,0,0,5,4,81" ten="250,250,250,250" oya="0" hai0="20,46,68,84,13,32,18,104,39,64,31,38,29" hai1="85,30,48,27,7,75,108,115,71,43,23,0,100" hai2="133,40,14,55,22,126,73,91,16,127,122,94,113" hai3="57,76,120,61,117,121,114,69,56,134,41,101,109"/><T83/><D104/><U44/><E75/><V107/><F122/><N who="3" m="47211" /><G76/><T25/><D31/><U123/><E123/><V74/><F113/><W50/><G101/><T17/><D46/><U72/><E72/><V119/><F40/><W8/><G8/><T106/><D106/><U95/><E71/><V103/><F133/><W82/><G82/><T42/><D42/><U105/><E108/><V26/><F119/><W98/><G98/><T52/><D52/><U59/><E115/><V36/><F36/><W54/><G114/><T99/><D99/><U70/><E70/><V129/><F129/><W96/><G96/><T132/><D132/><U130/><E130/><V12/><F103/><W92/><G92/><T47/><D47/><U21/><E105/><V62/><F107/><W77/><G77/><T79/><REACH who="0" step="1"/><D18/><REACH who="0" ten="240,250,250,250" step="2"/><U80/><E43/><V34/><F74/><W88/><G134/><T33/><D33/><U66/><E44/><V11/><F73/><W24/><G41/><T102/><D102/><U5/><E100/><V45/><F34/><W125/><G54/><T86/><D86/><U19/><E85/><N who="2" m="52591" /><F45/><W63/><G50/><T10/><D10/><U51/><E51/><V112/><F11/><W124/><G117/><T4/><D4/><U110/><E48/><V90/><F112/><W118/><G118/><T131/><D131/><U49/><E49/><V37/><F55/><W9/><G9/><T89/><D89/><U135/><E135/><V97/><F90/><W78/><G88/><T60/><AGARI ba="0,1" hai="13,17,20,25,29,32,38,39,60,64,68,79,83,84" machi="60" ten="30,6000,0" yaku="1,1,0,1,52,1,53,0" doraHai="81" doraHaiUra="53" who="0" fromWho="0" sc="240,70,250,-20,250,-20,250,-20" /><INIT seed="0,1,0,5,1,6" ten="310,230,230,230" oya="0" hai0="116,0,102,99,46,87,100,115,124,33,107,12,10" hai1="98,13,58,80,24,89,108,123,11,127,101,95,96" hai2="63,122,21,114,109,86,45,72,23,78,14,130,81" hai3="40,52,27,88,67,39,7,66,76,111,83,53,93"/><T117/><D0/><U8/><E123/><V19/><F122/><W9/><G111/><T5/><D124/><U121/><E121/><V62/><F114/><W20/><G39/><T84/><D115/><U43/><E108/><V41/><F109/><W71/><G40/><T17/><D100/><U36/><E127/><V79/><F130/><W26/><G71/><T34/><D5/><U82/><E36/><V110/><F110/><W135/><G135/><T113/><D113/><U97/><E43/><V90/><F21/><W51/><G83/><N who="1" m="31786" /><E24/><V65/><F72/><W44/><G76/><T3/><D46/><U35/><E35/><V31/><F31/><W61/><G53/><T29/><D3/><U60/><E13/><V15/><F14/><N who="3" m="5439" /><G61/><T30/><D34/><U104/><E104/><V125/><F62/><W112/><G112/><T4/><D30/><U57/><E57/><V105/><F105/><W1/><G1/><T69/><D69/><U128/><E128/><V106/><F106/><W129/><G129/><T118/><REACH who="0" step="1"/><D4/><REACH who="0" ten="300,230,230,230" step="2"/><U50/><E101/><V91/><F125/><W25/><G20/><T75/><D75/><U56/><E98/><AGARI ba="1,1" hai="25,26,27,44,51,52,66,67,88,93,98" m="5439" machi="98" ten="30,7700,0" yaku="8,1,52,1,54,2" doraHai="6" who="3" fromWho="1" sc="300,0,230,-80,230,0,230,90" /><INIT seed="1,0,0,4,1,59" ten="300,150,230,320" oya="1" hai0="78,30,113,19,112,61,69,91,62,103,34,24,50" hai1="97,83,63,37,35,126,90,119,135,18,115,31,9" hai2="130,114,4,128,72,76,74,48,64,108,85,38,46" hai3="75,53,102,80,33,124,71,5,120,84,87,40,17"/><U122/><E115/><V89/><F114/><W88/><G120/><T58/><D78/><U20/><E119/><V6/><F38/><W109/><G33/><T118/><D118/><U25/><E122/><V12/><F108/><W111/><G71/><T39/><D39/><U32/><E37/><V121/><F121/><W96/><G124/><T43/><D103/><U56/><E135/><V104/><F104/><W54/><G40/><T133/><D133/><U49/><E126/><V67/><F74/><W101/><G5/><T131/><D131/><N who="2" m="50218" /><F72/><W55/><G75/><T99/><D19/><U45/><E9/><N who="2" m="4135" /><F6/><W110/><G96/><T105/><D105/><U81/><E97/><V16/><F76/><W129/><G129/><T77/><D77/><U21/><E35/><V92/><F16/><W93/><G17/><T29/><D29/><U47/><E32/><V106/><F106/><W70/><G70/><T0/><D99/><U100/><E100/><V8/><F8/><W95/><G95/><T42/><D91/><AGARI ba="0,0" hai="53,54,55,80,84,87,88,91,93,101,102,109,110,111" machi="91" ten="50,3200,0" yaku="14,1,54,1" doraHai="59" who="3" fromWho="0" sc="300,-32,150,0,230,0,320,32" /><INIT seed="2,0,0,0,3,72" ten="268,150,230,352" oya="2" hai0="57,20,117,84,133,0,77,106,28,7,6,8,81" hai1="88,52,85,18,59,32,103,110,69,112,131,71,94" hai2="68,12,9,22,55,61,127,38,62,14,102,92,47" hai3="79,86,30,65,50,3,23,48,41,83,114,115,122"/><V33/><F33/><W107/><G122/><T126/><D133/><U99/><E112/><N who="3" m="43050" /><G3/><T35/><D126/><U101/><E32/><V130/><F127/><W100/><G65/><T111/><D111/><U108/><E131/><V31/><F130/><W95/><G41/><T80/><D106/><U105/><E101/><V134/><F134/><W98/><G107/><T70/><D70/><U42/><E42/><V4/><F68/><W5/><G5/><T19/><D7/><U73/><E73/><V96/><F38/><W13/><G13/><T21/><D117/><U91/><E110/><V116/><F116/><W16/><G16/><T78/><D57/><U37/><E37/><V121/><F121/><W82/><G83/><T119/><D19/><U2/><E2/><V64/><F12/><W54/><G54/><T74/><REACH who="0" step="1"/><D119/><REACH who="0" ten="258,150,230,352" step="2"/><U135/><E135/><V63/><F47/><W40/><G40/><T51/><D51/><U97/><E108/><V26/><F64/><W113/><G113/><T56/><D56/><AGARI ba="0,1" hai="4,9,14,22,26,31,55,56,61,62,63,92,96,102" machi="56" ten="40,2000,0" yaku="8,1" doraHai="72" who="2" fromWho="0" sc="258,-20,150,0,230,30,352,0" /><INIT seed="2,1,0,4,0,128" ten="238,150,260,352" oya="2" hai0="52,87,70,48,105,71,125,23,37,134,14,67,54" hai1="11,75,84,59,68,56,97,108,80,103,15,73,6" hai2="16,129,91,51,124,29,99,111,45,40,85,126,55" hai3="41,28,31,7,32,22,26,102,35,33,66,69,116"/><V42/><F129/><W64/><G41/><T12/><D105/><U90/><E68/><V86/><F29/><W62/><G116/><T21/><D134/><U106/><E108/><V50/><F111/><W77/><G7/><T65/><D37/><U8/><E8/><V3/><F3/><W127/><G127/><N who="2" m="48681" /><F99/><W47/><G47/><T118/><D125/><U61/><REACH who="1" step="1"/><E59/><REACH who="1" ten="238,140,260,352" step="2"/><N who="2" m="33271" /><F40/><W115/><G115/><T10/><D118/><U100/><E100/><V63/><F63/><W93/><G62/><T131/><D131/><U57/><E57/><V13/><F91/><W94/><G102/><T82/><D71/><U43/><E43/><V20/><AGARI ba="1,1" hai="13,16,20,42,45,51,85,86" m="33271,48681" machi="20" ten="30,3000,0" yaku="18,1,54,1" doraHai="128" who="2" fromWho="2" sc="238,-11,140,-11,260,43,352,-11" /><INIT seed="2,2,0,5,5,123" ten="227,129,303,341" oya="2" hai0="17,62,53,66,82,130,92,19,39,112,106,96,40" hai1="86,122,124,107,78,91,71,126,1,54,8,3,18" hai2="108,38,2,84,85,74,5,75,16,87,61,21,51" hai3="37,133,72,68,113,111,118,6,73,76,0,105,27"/><V99/><F38/><W56/><RYUUKYOKU type="yao9" ba="2,0" sc="227,0,129,0,303,0,341,0" hai3="0,6,27,37,56,68,72,73,76,105,111,113,118,133" /><INIT seed="2,3,0,2,2,3" ten="227,129,303,341" oya="2" hai0="8,63,43,7,128,107,39,80,62,54,135,114,130" hai1="31,55,45,44,82,36,127,11,121,83,104,68,100" hai2="9,73,29,76,132,84,32,122,49,26,24,38,75" hai3="95,60,129,119,99,56,20,66,5,65,117,35,106"/><V115/><F115/><W124/><G35/><T34/><D135/><U10/><E68/><V13/><F38/><W109/><G106/><T61/><D114/><U64/><E64/><V27/><F122/><W70/><G124/><T51/><D107/><U50/><E127/><V37/><F37/><W113/><G113/><T46/><D34/><U102/><E121/><V85/><F132/><W103/><G129/><T1/><REACH who="0" step="1"/><D80/><REACH who="0" ten="217,129,303,341" step="2"/><U105/><E105/><V89/><F32/><W0/><G119/><T118/><D118/><U14/><E104/><V97/><F29/><W33/><G33/><T72/><D72/><U59/><E31/><V86/><F76/><W77/><G77/><T67/><D67/><U42/><E83/><V116/><F116/><W18/><G117/><T4/><D4/><U123/><E82/><V93/><REACH who="2" step="1"/><F49/><REACH who="2" ten="217,129,293,341" step="2"/><W111/><G70/><T133/><D133/><U47/><E123/><V98/><F98/><W28/><G28/><T25/><D25/><U15/><E36/><V6/><AGARI ba="3,2" hai="6,9,13,24,26,27,73,75,84,85,86,89,93,97" machi="6" ten="30,6000,0" yaku="1,1,0,1,52,1,53,0" doraHai="3" doraHaiUra="125" who="2" fromWho="2" sc="217,-23,129,-23,293,89,341,-23" /><INIT seed="2,4,0,1,4,40" ten="194,106,382,318" oya="2" hai0="89,14,127,120,44,91,4,105,57,115,99,93,59" hai1="39,8,126,2,1,63,82,71,135,18,125,36,94" hai2="48,121,108,17,43,22,7,122,132,67,116,53,60" hai3="80,109,124,30,104,50,131,97,87,19,118,106,70"/><V52/><F116/><W27/><G118/><T134/><D120/><N who="2" m="46186" /><F7/><W112/><G70/><T78/><D134/><U47/><E135/><V83/><F83/><W76/><G109/><T73/><D127/><U56/><E71/><N who="2" m="42471" /><F17/><W110/><G110/><T68/><D68/><U55/><E94/><V31/><F22/><W21/><G124/><N who="1" m="47722" /><E82/><V129/><F31/><W130/><G112/><T37/><D105/><U25/><E39/><V113/><F108/><W92/><G50/><T96/><D115/><U0/><E25/><V90/><F90/><W13/><G130/><T65/><D78/><U128/><E128/><V61/><F113/><W49/><G49/><T103/><D73/><U117/><E117/><V79/><F79/><W24/><G24/><T81/><D81/><U98/><E98/><V84/><F84/><W119/><G131/><T69/><D99/><U72/><E72/><V26/><F26/><W133/><G133/><T107/><D107/><U12/><E36/><V11/><F129/><W29/><G29/><T75/><D75/><U74/><E74/><V35/><F35/><W66/><G119/><T46/><D103/><U33/><E33/><V45/><F132/><W111/><G111/><T23/><D91/><U51/><E63/><V10/><F61/><W15/><G15/><T16/><D37/><U41/><BYE who="2" /><E41/><V28/><F28/><W77/><G66/><UN n2="%E5%8D%A0%E3%81%84%E5%B8%AB%E8%A3%8F%E3%81%AA%E3%81%84%E3%81%97" /><T58/><REACH who="0" step="1"/><D4/><REACH who="0" ten="184,106,382,318" step="2"/><U64/><E64/><V38/><F38/><W6/><G6/><T85/><D85/><U101/><E101/><V9/><F53/><W20/><G77/><T54/><D54/><RYUUKYOKU ba="4,1" sc="184,0,106,0,382,0,318,0" hai0="14,16,23,44,46,57,58,59,65,69,89,93,96" hai1="0,1,2,8,12,18,47,51,55,56" hai2="9,10,11,43,45,48,52" hai3="13,19,20,21,27,30,76,80,87,92,97,104,106" /><INIT seed="2,5,1,1,3,21" ten="184,106,382,318" oya="2" hai0="5,15,134,125,87,135,130,113,14,48,53,52,86" hai1="119,39,74,54,96,64,110,89,16,73,100,6,123" hai2="84,105,97,92,41,99,31,29,117,38,9,61,79" hai3="34,124,0,108,65,81,102,40,37,71,91,25,26"/><V56/><F117/><W72/><G102/><T127/><D113/><U50/><E119/><V47/><F105/><W85/><G34/><T30/><D30/><U90/><E39/><V62/><F62/><W2/><G108/><T88/><D5/><U12/><E110/><V75/><F75/><W109/><G109/><T45/><D53/><U59/><E123/><V19/><F97/><W24/><G124/><N who="0" m="47691" /><D87/><U101/><E6/><V93/><F9/><W58/><G71/><T13/><D130/><U67/><E74/><V129/><F19/><W121/><G121/><T28/><D28/><U82/><BYE who="2" /><E73/><V11/><F11/><W133/><G133/><N who="0" m="50699" /><D14/><UN n2="%E5%8D%A0%E3%81%84%E5%B8%AB%E8%A3%8F%E3%81%AA%E3%81%84%E3%81%97" /><U4/><E4/><V131/><F131/><W122/><G122/><T111/><D111/><U112/><E112/><V95/><F129/><W78/><G58/><T106/><D106/><U55/><E55/><V66/><F99/><W10/><G65/><N who="1" m="25162" /><E96/><V57/><F84/><W118/><G118/><T17/><D17/><U63/><E63/><V44/><F56/><W20/><G10/><T83/><AGARI ba="5,1" hai="13,15,45,48,52,83,86,88" m="50699,47691" machi="83" ten="30,7900,0" yaku="18,1,20,1,54,2" doraHai="21" who="0" fromWho="0" sc="184,104,106,-25,382,-44,318,-25" /><INIT seed="3,0,0,0,4,114" ten="288,81,338,293" oya="3" hai0="12,67,14,102,105,18,111,121,106,42,54,15,35" hai1="123,80,57,59,48,69,58,31,134,11,64,3,132" hai2="79,55,75,124,1,4,49,94,112,53,131,24,108" hai3="22,6,21,16,56,135,27,119,101,129,26,52,89"/><W88/><G119/><T9/><D121/><U66/><E80/><V113/><F108/><W92/><G129/><T93/><D111/><U104/><E11/><V76/><F131/><W103/><G135/><T110/><D110/><U87/><E87/><V122/><F122/><W98/><G6/><T37/><D35/><U62/><E31/><V78/><F75/><W13/><G89/><T115/><D115/><U74/><E104/><V36/><F36/><W19/><G13/><T71/><D54/><U97/><E97/><V83/><F124/><W126/><G126/><T44/><D93/><U61/><E74/><V7/><F1/><W118/><G118/><T60/><D102/><U45/><E3/><V33/><F94/><W46/><G46/><T30/><D30/><U20/><E20/><V29/><F83/><W17/><G17/><T68/><D68/><U96/><E96/><V117/><F117/><W81/><G81/><T90/><D90/><U34/><E34/><V128/><F128/><W0/><G0/><T25/><REACH who="0" step="1"/><D9/><REACH who="0" ten="278,81,338,293" step="2"/><U43/><REACH who="1" step="1"/><E123/><REACH who="1" ten="278,71,338,293" step="2"/><V63/><F113/><W40/><G40/><T72/><D72/><U85/><E85/><V77/><F112/><W51/><AGARI ba="0,2" hai="16,19,21,22,26,27,51,52,56,88,92,98,101,103" machi="51" ten="20,18000,2" yaku="0,1,7,1,9,1,8,1,54,3" doraHai="114" who="3" fromWho="3" sc="278,-60,71,-60,338,-60,293,200" owari="218,-18.2,11,-48.9,278,7.8,493,59.3" /></mjloggm>