<mjloggm ver="2.3"><GO type="225" lobby="0"/><UN n0="%E6%9D%B1%E9%A2%A8%E3%81%AE%E3%81%8D%E3%82%83%E3%81%B7%E3%81%95%E3%82%93" n1="%4B%2E%32%2E%4B%2E" n2="%E3%81%BF%E3%81%BF%E3%81%9A" n3="%E7%99%BD%E5%80%89%E5%AF%9B%E4%B9%8B" dan="16,16,17,16" rate="2196.53,2169.54,2194.54,2147.73" sx="M,M,M,M"/><TAIKYOKU oya="0"/><INIT seed="0,0,0,5,3,116" ten="250,250,250,250" oya="0" hai0="128,9,50,26,67,108,135,21,74,12,40,72,90" hai1="29,39,132,121,64,7,5,14,99,104,73,44,28" hai2="86,37,54,89,97,63,10,25,66,102,17,23,93" hai3="129,114,13,117,131,110,119,4,85,32,56,134,48"/><T133/><D67/><U2/><E73/><V107/><F37/><W38/><G85/><T1/><D1/><U24/><E2/><V65/><F10/><N who="3" m="4295" /><G56/><T115/><D90/><U41/><E132/><N who="0" m="50761" /><D115/><U22/><E29/><V91/><F54/><W58/><G58/><T98/><D98/><U8/><E64/><V61/><F66/><W35/><G48/><T88/><D88/><U62/><E5/><V87/><REACH who="2" step="1"/><F65/><REACH who="2" ten="250,250,240,250" step="2"/><W113/><G38/><T80/><D40/><U45/><E39/><V69/><F69/><W123/><G134/><T130/><D50/><U79/><E41/><V81/><AGARI ba="0,1" hai="17,23,25,61,63,81,86,87,89,91,93,97,102,107" machi="81" ten="20,8000,1" yaku="1,1,0,1,7,1,53,2" doraHai="116" doraHaiUra="57" who="2" fromWho="2" sc="250,-40,250,-20,240,90,250,-20" /><INIT seed="1,0,0,2,2,112" ten="210,230,330,230" oya="1" hai0="70,47,107,8,98,130,111,30,83,13,36,125,22" hai1="39,118,129,121,53,95,96,71,110,68,37,75,78" hai2="86,89,131,34,114,58,41,60,7,104,52,116,0" hai3="69,17,67,102,103,65,124,23,117,106,72,25,3"/><U66/><E121/><V49/><F104/><W108/><G72/><T77/><D70/><U57/><E129/><V11/><F131/><W63/><G3/><T133/><D130/><U113/><E113/><V9/><F114/><W61/><G124/><T5/><D125/><U43/><E110/><V50/><F34/><W28/><G108/><T31/><D111/><U14/><E118/><V132/><F132/><W38/><G38/><T82/><D133/><U18/><E78/><V26/><F116/><W73/><G73/><T44/><D36/><U90/><E75/><V84/><F26/><W115/><G115/><T6/><D6/><U4/><E4/><V97/><F0/><W80/><G80/><T94/><D107/><U27/><E27/><V134/><F134/><W29/><G117/><T123/><D123/><U85/><E96/><V119/><F119/><W99/><REACH who="3" step="1"/><G103/><REACH who="3" ten="210,230,330,220" step="2"/><T12/><D83/><U127/><E127/><V40/><F97/><W109/><G109/><T51/><D82/><U101/><E101/><V92/><F86/><W81/><G81/><T24/><D77/><U122/><E122/><V42/><F7/><W56/><AGARI ba="0,1" hai="17,23,25,28,29,56,61,63,65,67,69,99,102,106" machi="56" ten="20,2700,0" yaku="1,1,0,1,7,1,53,0" doraHai="112" doraHaiUra="91" who="3" fromWho="3" sc="210,-7,230,-13,330,-7,220,37" /><INIT seed="2,0,0,0,0,69" ten="203,217,323,257" oya="2" hai0="84,25,115,37,28,83,58,42,121,41,21,15,135" hai1="107,119,133,112,65,116,130,46,13,22,70,103,60" hai2="75,49,76,110,80,8,120,64,66,20,62,61,134" hai3="14,100,99,77,123,1,91,43,0,63,6,109,125"/><V26/><F120/><W29/><G123/><T36/><D121/><U56/><E112/><V102/><F110/><W86/><G77/><T40/><D115/><U45/><E130/><V96/><F134/><W74/><G74/><T95/><D135/><U78/><E133/><V32/><F32/><W16/><G29/><T85/><D15/><U131/><E131/><V31/><F49/><W55/><G43/><T57/><D95/><U17/><E78/><V79/><F8/><W72/><G72/><T122/><D122/><U4/><E4/><V82/><F62/><W81/><G6/><T12/><D12/><U33/><E33/><V98/><F66/><W51/><G63/><T129/><D129/><U44/><REACH who="1" step="1"/><E70/><REACH who="1" ten="203,207,323,257" step="2"/><V10/><F79/><W67/><G109/><T117/><D117/><U113/><E113/><V19/><F76/><W101/><G125/><T105/><D105/><U54/><E54/><V18/><F75/><W30/><G55/><T24/><D83/><U59/><E59/><N who="2" m="36927" /><F82/><W128/><G81/><T5/><D58/><U108/><E108/><V47/><F80/><W94/><G128/><T127/><D57/><U3/><E3/><V132/><F132/><W73/><G0/><T23/><D5/><U93/><E93/><V9/><F47/><W48/><G1/><T68/><D68/><U35/><E35/><V39/><F9/><W104/><G104/><T52/><D127/><U126/><E126/><V111/><F10/><W97/><G73/><T71/><D71/><U92/><E92/><V7/><F7/><W50/><G94/><T38/><D52/><RYUUKYOKU ba="0,1" sc="203,15,207,15,323,-15,257,-15" hai0="21,23,24,25,28,36,37,38,40,41,42,84,85" hai1="13,17,22,44,45,46,56,60,65,103,107,116,119" /><INIT seed="3,1,1,1,3,91" ten="218,222,308,242" oya="3" hai0="59,131,101,43,72,22,102,24,118,116,96,115,13" hai1="42,46,71,127,31,17,66,55,76,35,8,110,45" hai2="30,108,20,41,48,67,122,86,64,0,23,26,135" hai3="2,14,70,34,128,19,44,119,49,113,77,3,74"/><W133/><G113/><T56/><D72/><U85/><E110/><V106/><F108/><W100/><G119/><T80/><D115/><U87/><E127/><V129/><F0/><W117/><G70/><T51/><D131/><U120/><E120/><V11/><F106/><W75/><G34/><T36/><D13/><U105/><E105/><V90/><F122/><W99/><G133/><T89/><D36/><U104/><E104/><V18/><F135/><W111/><G111/><T82/><D118/><U54/><E31/><V53/><F41/><W12/><G12/><T39/><D39/><U95/><E35/><V114/><F11/><W121/><G128/><T93/><D116/><U40/><E71/><V124/><F124/><W50/><G50/><T61/><D43/><N who="1" m="16427" /><E66/><V62/><F62/><W103/><G121/><T60/><D51/><U10/><E17/><V47/><F129/><W58/><G44/><N who="1" m="17002" /><E76/><V37/><F114/><W9/><G117/><T65/><D102/><U83/><E95/><N who="2" m="54743" /><F37/><W134/><G134/><T125/><D101/><U1/><E1/><N who="3" m="10" /><G103/><T21/><D125/><U52/><E83/><N who="0" m="31785" /><D24/><AGARI ba="1,1" hai="18,20,23,24,26,30,47,48,53,64,67" m="54743" machi="24" ten="30,2000,0" yaku="8,1,52,1" doraHai="91" who="2" fromWho="0" sc="218,-23,222,0,308,33,242,0" owari="195,-30.5,222,-17.8,341,44.1,242,4.2" /></mjloggm>