<mjloggm ver="2.3"><GO type="225" lobby="0"/><UN n0="%72%69%6F%75%63%68%61%6E" n1="%E3%83%81%E3%83%83%E3%82%BF%E3%82%BD%E3%83%BC" n2="%E4%BF%BA%E3%81%A8%E5%A6%96%E5%A4%A2" n3="%E3%83%A9%E3%82%B9%E7%8E%87%EF%BC%93%E5%89%B2" dan="16,16,16,16" rate="2166.29,2101.65,2128.82,2189.36" sx="M,F,F,F"/><TAIKYOKU oya="0"/><INIT seed="0,0,0,3,3,59" ten="250,250,250,250" oya="0" hai0="15,124,54,31,16,100,17,112,23,135,102,107,110" hai1="109,48,99,75,74,42,52,41,63,83,84,97,122" hai2="21,91,4,85,65,82,81,64,106,19,73,67,1" hai3="132,13,72,45,111,14,134,92,34,126,116,10,43"/><T131/><D112/><U36/><E109/><V35/><F106/><W127/><G72/><T68/><D110/><U128/><E128/><V113/><F113/><W57/><G111/><T80/><D131/><U117/><E117/><V103/><F103/><W27/><G116/><T24/><D124/><N who="3" m="47657" /><G92/><T78/><D135/><N who="3" m="51753" /><G57/><T11/><D68/><U76/><E122/><V119/><F35/><W95/><G95/><T40/><D107/><U123/><E123/><V58/><F119/><W90/><G90/><T62/><D40/><N who="1" m="15467" /><E36/><V39/><F39/><N who="3" m="21759" /><G10/><T69/><D31/><AGARI ba="0,0" hai="13,14,27,31,34" m="21759,51753,47657" machi="31" ten="30,2000,0" yaku="18,1,20,1" doraHai="59" who="3" fromWho="0" sc="250,-20,250,0,250,0,250,20" /><INIT seed="1,0,0,0,3,31" ten="230,250,250,270" oya="1" hai0="68,60,43,72,112,38,28,117,105,134,84,128,82" hai1="102,27,35,110,107,21,42,2,24,121,93,67,54" hai2="91,18,30,104,22,132,127,71,47,79,130,37,3" hai3="113,61,83,51,124,69,9,6,16,39,19,126,80"/><U103/><E121/><V97/><F71/><W5/><G39/><T53/><D112/><U10/><E107/><V25/><F3/><W77/><G113/><T12/><D117/><U108/><E42/><V62/><F132/><W50/><G61/><T76/><D134/><U29/><E67/><V111/><F111/><N who="1" m="42537" /><E93/><V48/><F37/><W33/><G69/><T34/><D128/><U106/><E106/><V81/><F62/><W13/><G33/><T14/><D105/><U40/><E40/><V64/><F64/><W120/><G120/><T133/><D133/><U4/><E54/><V118/><F118/><W98/><G98/><T66/><D72/><U56/><E56/><V36/><F36/><W55/><G6/><T75/><D53/><U73/><E73/><V88/><F130/><W26/><G51/><T59/><D59/><U70/><E70/><V46/><F97/><W63/><G63/><T86/><D86/><U65/><E65/><V135/><F104/><W131/><G131/><T17/><D75/><U78/><E78/><V123/><F123/><W90/><G90/><N who="2" m="34345" /><F135/><W57/><G80/><T45/><REACH who="0" step="1"/><D17/><AGARI ba="0,0" hai="2,4,10,17,21,24,27,29,35,102,103" m="42537" machi="17" ten="30,5800,0" yaku="14,1,10,1,52,1" doraHai="31" who="1" fromWho="0" sc="230,-58,250,58,250,0,270,0" /><INIT seed="1,1,0,0,3,58" ten="172,308,250,270" oya="1" hai0="9,21,56,101,133,40,74,123,25,62,10,77,7" hai1="6,17,112,69,135,16,132,19,114,87,129,93,126" hai2="44,68,128,122,79,18,78,75,3,48,89,50,43" hai3="28,34,105,103,30,57,104,97,2,33,117,66,119"/><U41/><E69/><V65/><F122/><W84/><G2/><T63/><D123/><U95/><E41/><V82/><F3/><W90/><G104/><T83/><D133/><N who="1" m="51275" /><E129/><V98/><F128/><W88/><G90/><T107/><D40/><U106/><E106/><V96/><F78/><W131/><G131/><T29/><D56/><U121/><E121/><V26/><F89/><W80/><G57/><T32/><D32/><U22/><E6/><V61/><F48/><W115/><G115/><N who="1" m="44074" /><E126/><V47/><F44/><W24/><G66/><T125/><D125/><U70/><E70/><V23/><AGARI ba="1,0" hai="18,23,26,43,47,50,61,65,68,75,79,82,96,98" machi="23" ten="30,2000,0" yaku="0,1,52,1" doraHai="58" who="2" fromWho="2" sc="172,-6,308,-11,250,23,270,-6" /><INIT seed="2,0,0,3,5,123" ten="166,297,273,264" oya="2" hai0="2,126,67,74,3,108,131,59,35,111,135,55,73" hai1="125,12,54,65,23,63,80,0,70,33,5,75,25" hai2="95,118,116,19,56,94,38,40,84,112,8,132,85" hai3="48,77,93,78,128,27,6,45,66,109,9,120,91"/><V30/><F112/><W89/><G120/><T47/><D35/><U83/><E125/><V119/><F132/><W121/><G121/><T50/><D126/><U106/><E106/><V37/><F56/><W81/><G128/><T97/><D135/><U105/><E105/><V61/><F61/><W44/><G66/><T114/><D114/><U129/><E129/><V115/><F115/><W68/><G68/><T16/><D131/><U21/><E33/><V100/><F30/><W102/><G102/><T11/><D97/><U13/><E0/><N who="0" m="41" /><D11/><U71/><E70/><V53/><F53/><W127/><G27/><T69/><D16/><U103/><E5/><V10/><F19/><W113/><G127/><T20/><D20/><U39/><E39/><V62/><F62/><W101/><G101/><T43/><D73/><U1/><E1/><V96/><F40/><W15/><G45/><T46/><D74/><U104/><E54/><V98/><F118/><W99/><G91/><T130/><D130/><U22/><E25/><V90/><F100/><W122/><G122/><T82/><D82/><U51/><E51/><V28/><F28/><W34/><G34/><T124/><D124/><U36/><E36/><V79/><F90/><W32/><G32/><T4/><D4/><U24/><E24/><V110/><F79/><W31/><G31/><T134/><D134/><U76/><E80/><V88/><F88/><W86/><G78/><T14/><D14/><U117/><E117/><V133/><F133/><W42/><G113/><T29/><D29/><U52/><E83/><V49/><F49/><RYUUKYOKU ba="0,0" sc="166,-15,297,-15,273,15,264,15" hai2="8,10,37,38,84,85,94,95,96,98,110,116,119" hai3="6,9,15,42,44,48,77,81,86,89,93,99,109" /><INIT seed="2,1,0,5,4,119" ten="151,282,288,279" oya="2" hai0="32,74,86,24,82,27,128,96,36,54,14,127,95" hai1="9,84,130,111,104,62,134,38,131,85,126,37,26" hai2="109,51,99,120,63,72,15,71,6,91,41,103,4" hai3="123,19,115,81,122,13,116,114,108,92,33,2,47"/><V21/><F72/><W107/><G107/><T101/><D127/><U10/><E104/><V23/><F120/><N who="3" m="46123" /><G81/><T55/><D128/><N who="1" m="49195" /><E126/><V112/><F91/><W110/><G92/><T133/><D133/><U80/><E134/><V135/><F135/><W45/><G33/><T132/><D132/><U5/><E111/><N who="3" m="42538" /><G2/><T94/><D36/><N who="1" m="13931" /><E26/><N who="0" m="9769" /><D32/><U105/><E105/><V29/><F109/><W89/><G89/><N who="0" m="51415" /><D74/><U18/><E62/><V12/><F103/><W77/><G77/><T68/><D68/><U31/><E31/><V20/><F99/><W43/><G116/><T16/><D95/><U106/><E106/><V100/><F100/><W118/><G118/><T52/><D54/><U129/><E80/><V1/><F1/><W75/><G75/><T79/><D79/><U124/><E124/><V70/><F29/><W113/><G43/><T65/><D65/><U98/><E98/><V83/><F41/><W76/><G76/><T102/><D101/><U7/><E18/><V39/><F83/><W25/><G25/><T48/><D48/><U73/><E73/><V11/><F39/><W66/><G66/><T64/><D64/><U67/><E67/><N who="2" m="41343" /><F51/><W78/><G78/><T49/><D49/><U22/><E129/><V53/><F71/><W69/><G69/><T56/><D56/><U59/><E59/><V34/><F34/><W0/><G0/><T42/><D42/><U87/><E84/><V58/><F58/><W121/><G121/><T46/><D46/><U93/><E85/><V90/><F90/><W8/><AGARI ba="1,0" hai="8,13,19,45,47,113,114,115" m="42538,46123" machi="8" ten="40,8000,1" yaku="11,1,14,1,52,3" doraHai="119" who="3" fromWho="3" sc="151,-21,282,-21,288,-41,279,83" /><INIT seed="3,0,0,2,3,102" ten="130,261,247,362" oya="3" hai0="73,90,52,67,35,107,48,113,21,56,79,97,60" hai1="76,132,61,104,2,126,69,116,117,114,41,89,99" hai2="92,29,84,12,32,127,19,47,65,28,5,80,122" hai3="49,70,108,39,14,121,68,120,103,4,10,24,134"/><W17/><G39/><T74/><D35/><U58/><E2/><V7/><F127/><W45/><G134/><T22/><D113/><U23/><E114/><V86/><F122/><W62/><G108/><T64/><D64/><U96/><E126/><V118/><F118/><N who="1" m="45673" /><E69/><V71/><F71/><W78/><G70/><T63/><D63/><U8/><E8/><V20/><F65/><W57/><G68/><T27/><D79/><U40/><E76/><N who="2" m="46087" /><F47/><W9/><G78/><T101/><D90/><U94/><E23/><V59/><F59/><W51/><G103/><T50/><D50/><U3/><E3/><V1/><F1/><W54/><G51/><T106/><D21/><U34/><E34/><V100/><F32/><W130/><G130/><T91/><D91/><U123/><E123/><V16/><F19/><W11/><G11/><T46/><REACH who="0" step="1"/><D107/><REACH who="0" ten="120,261,247,362" step="2"/><U128/><E104/><V38/><F38/><W129/><G121/><T25/><D25/><U105/><E105/><V81/><F20/><W26/><G120/><T42/><D42/><U43/><E41/><V18/><F28/><AGARI ba="0,1" hai="22,27,28,46,48,52,56,60,67,73,74,97,101,106" machi="28" ten="30,7700,0" yaku="1,1,7,1,52,1,54,1,53,0" doraHai="102" doraHaiUra="0" who="0" fromWho="2" sc="120,87,261,0,247,-77,362,0" owari="207,-19.3,261,6.1,170,-33.0,362,46.2" /></mjloggm>