<mjloggm ver="2.3"><GO type="225" lobby="0"/><UN n0="%E9%BB%99%E8%81%B4%E3%81%AE%E3%81%99%E3%82%9D%E3%82%81" n1="%65%76%69%61%6E%36%31%39" n2="%E3%83%A9%E3%82%B9%E7%8E%87%EF%BC%93%E5%89%B2" n3="%E3%83%94%E3%83%B3%E3%82%B5%E3%83%AD%E5%BA%97%E5%93%A1" dan="16,16,17,17" rate="2077.87,2079.54,2202.31,2159.35" sx="M,M,F,M"/><TAIKYOKU oya="0"/><INIT seed="0,0,0,0,4,69" ten="250,250,250,250" oya="0" hai0="126,114,13,68,92,82,76,64,132,1,62,108,58" hai1="44,93,110,9,52,57,18,79,113,133,34,2,117" hai2="21,14,37,5,122,28,128,106,16,39,103,74,102" hai3="55,119,10,7,130,33,15,96,125,19,20,88,3"/><T49/><D1/><U36/><E110/><V116/><F122/><W101/><G130/><T107/><D107/><U98/><E133/><V60/><F128/><W111/><G111/><T104/><D104/><U73/><E34/><V72/><F5/><W35/><G119/><T75/><D108/><U120/><E120/><V56/><F28/><W53/><G125/><T31/><D126/><U70/><E70/><V86/><F116/><W63/><G63/><BYE who="3" /><T77/><D132/><U50/><E117/><V105/><F86/><W0/><G0/><T97/><D77/><U42/><E113/><V41/><F41/><W127/><G127/><T17/><D114/><U131/><E131/><V22/><F60/><UN n3="%E3%83%94%E3%83%B3%E3%82%B5%E3%83%AD%E5%BA%97%E5%93%A1" /><W71/><G71/><T80/><D31/><U67/><E67/><V40/><F40/><W12/><G12/><T100/><D80/><U85/><E73/><V115/><F14/><W27/><G88/><T78/><D78/><U8/><E18/><V94/><F56/><W30/><REACH who="3" step="1"/><G35/><REACH who="3" ten="250,250,250,240" step="2"/><T66/><D68/><U65/><E2/><V124/><F124/><W45/><G45/><T47/><D62/><U91/><REACH who="1" step="1"/><E65/><REACH who="1" ten="250,240,250,240" step="2"/><V24/><F115/><W123/><G123/><T81/><D66/><U43/><E43/><V118/><F118/><W129/><G129/><T87/><D64/><U59/><E59/><V95/><F24/><W25/><G25/><T48/><D58/><U54/><E54/><V109/><F109/><W32/><G32/><T11/><D47/><U121/><E121/><V46/><F46/><W134/><G134/><T4/><D4/><U99/><E99/><RYUUKYOKU ba="0,2" sc="250,0,240,0,250,0,240,0" hai0="11,13,17,48,49,75,76,81,82,87,92,97,100" hai1="8,9,36,42,44,50,52,57,79,85,91,93,98" hai2="16,21,22,37,39,72,74,94,95,102,103,105,106" hai3="3,7,10,15,19,20,27,30,33,53,55,96,101" /><INIT seed="0,1,2,3,4,58" ten="250,240,250,240" oya="0" hai0="29,75,69,64,133,110,118,83,51,129,111,5,57" hai1="14,121,112,79,35,1,67,32,104,3,66,74,13" hai2="134,78,108,128,72,59,25,33,44,132,12,89,17" hai3="54,24,87,126,38,37,52,20,135,115,63,46,116"/><T125/><D118/><U10/><E79/><V48/><F78/><W2/><G115/><T97/><D129/><U65/><E121/><V16/><F72/><W76/><G2/><N who="1" m="522" /><E74/><V41/><F108/><N who="0" m="41514" /><D133/><N who="2" m="51306" /><F128/><W95/><G116/><T91/><D5/><U60/><E10/><V124/><F124/><W39/><G135/><T36/><D36/><U45/><E45/><V102/><F102/><W99/><G126/><T49/><D69/><U28/><E28/><N who="2" m="19599" /><F12/><N who="1" m="4713" /><E104/><V34/><F34/><N who="1" m="12841" /><E112/><V9/><F9/><W85/><G76/><N who="0" m="44447" /><D125/><U47/><E47/><V43/><F89/><N who="3" m="55791" /><G46/><T80/><D29/><U131/><E131/><V127/><F127/><W94/><G39/><T101/><D80/><U0/><E0/><V90/><F90/><W18/><G38/><T93/><D91/><U117/><E117/><V21/><F43/><W55/><G37/><T27/><D27/><U11/><E11/><V71/><F71/><W70/><G70/><T4/><D4/><U130/><E130/><V96/><F41/><W120/><G24/><T88/><D101/><U114/><E114/><V73/><F73/><W31/><G120/><T86/><D86/><U113/><E113/><V84/><F84/><W103/><G31/><T100/><D100/><U61/><AGARI ba="1,2" hai="60,61,65,66,67" m="12841,4713,522" machi="61" ten="40,8000,1" yaku="28,2,52,2" doraHai="58" who="1" fromWho="1" sc="250,-41,240,103,250,-21,240,-21" /><INIT seed="1,0,0,2,0,114" ten="209,343,229,219" oya="1" hai0="13,22,124,21,132,89,63,77,103,107,55,35,106" hai1="72,130,93,79,7,36,69,131,10,33,75,37,14" hai2="71,127,121,58,59,48,64,6,62,108,60,54,4" hai3="53,133,47,32,11,95,76,2,92,17,74,80,134"/><U56/><E69/><V110/><F121/><W1/><G32/><T65/><D132/><N who="3" m="50793" /><G17/><T40/><D124/><U45/><E33/><V100/><F100/><W9/><G53/><T123/><D123/><U57/><E93/><N who="3" m="35914" /><G47/><T34/><D77/><U122/><E79/><V112/><F112/><W104/><G104/><T70/><D40/><N who="1" m="22663" /><E37/><V44/><F127/><W116/><G116/><T30/><D106/><U67/><E122/><V119/><F119/><W84/><G74/><T3/><D3/><AGARI ba="0,0" hai="1,2,3,9,11,76,80,84" m="35914,50793" machi="3" ten="30,1000,0" yaku="20,1" doraHai="114" who="3" fromWho="0" sc="209,-10,343,0,229,0,219,10" /><INIT seed="2,0,0,1,1,6" ten="199,343,229,229" oya="2" hai0="20,35,12,126,131,1,125,113,76,82,135,44,90" hai1="50,103,13,51,117,23,87,17,121,128,110,130,85" hai2="67,74,18,46,111,105,114,11,81,73,15,86,96" hai3="69,30,52,32,31,77,60,21,64,116,83,124,14"/><V34/><F114/><W80/><G116/><T9/><D113/><U0/><E110/><V55/><F34/><W28/><G32/><T48/><D35/><U99/><E117/><V19/><F111/><W75/><G124/><T92/><D131/><N who="1" m="50219" /><E0/><V49/><F67/><W27/><G83/><T29/><D135/><U33/><E33/><V108/><F108/><W26/><G26/><T118/><D118/><U95/><E121/><V57/><F18/><W58/><REACH who="3" step="1"/><G14/><REACH who="3" ten="199,343,229,219" step="2"/><T71/><D1/><U109/><E109/><V47/><F74/><W100/><G100/><T36/><D126/><U53/><E51/><AGARI ba="0,1" hai="21,27,28,30,31,51,52,58,60,64,69,75,77,80" machi="51" ten="30,7700,0" yaku="1,1,7,1,54,1,53,1" doraHai="6" doraHaiUra="56" who="3" fromWho="1" sc="199,0,343,-77,229,0,219,87" /><INIT seed="3,0,0,1,4,92" ten="199,266,229,306" oya="3" hai0="118,70,58,113,39,36,130,74,131,35,99,72,38" hai1="125,100,107,5,32,24,44,120,124,30,134,27,91" hai2="22,127,4,79,10,109,85,117,104,46,73,69,76" hai3="50,54,128,59,17,67,12,115,126,135,90,64,98"/><W60/><G115/><T45/><D35/><U103/><E120/><V48/><F69/><W53/><G128/><N who="0" m="49195" /><D118/><U57/><E5/><V40/><F73/><N who="0" m="28266" /><D70/><U89/><E57/><V9/><F117/><W78/><G135/><T108/><D58/><U52/><E27/><V105/><F109/><W37/><G78/><T111/><D113/><U29/><E103/><V80/><F127/><N who="1" m="48713" /><E134/><V101/><F79/><W31/><G37/><T0/><D0/><U20/><E30/><V114/><F114/><W97/><G31/><T14/><D14/><U21/><E20/><V77/><F77/><W11/><G126/><T83/><D83/><U123/><E21/><V34/><F34/><W8/><G8/><T122/><D122/><U94/><E94/><V7/><F22/><W42/><G12/><T61/><D61/><U3/><E3/><V68/><F68/><W43/><G11/><T63/><D63/><U129/><E123/><V116/><F116/><W47/><G17/><T93/><D45/><U18/><E18/><V65/><F65/><W110/><G67/><T56/><D56/><U112/><E112/><V41/><F101/><AGARI ba="0,0" hai="36,38,39,93,99,101,108,111" m="28266,49195" machi="101" ten="40,2600,0" yaku="19,1,52,1" doraHai="92" who="0" fromWho="2" sc="199,26,266,0,229,-26,306,0" owari="225,-17.5,266,6.6,203,-29.7,306,40.6" /></mjloggm>