<mjloggm ver="2.3"><GO type="225" lobby="0"/><UN n0="%E3%82%BC%E3%83%AB%E3%83%80%E3%81%AE%E4%BC%9D%E8%AA%AC" n1="%E5%8D%A0%E3%81%84%E5%B8%AB%E8%A3%8F%E3%81%AA%E3%81%84%E3%81%97" n2="%E3%81%BF%E3%81%BF%E3%81%9A" n3="%70%68%65%6E%6F%6D%65" dan="17,17,17,16" rate="2165.26,2224.39,2183.59,2181.38" sx="M,M,M,M"/><TAIKYOKU oya="0"/><INIT seed="0,0,0,0,5,85" ten="250,250,250,250" oya="0" hai0="88,109,80,83,106,107,56,70,100,18,116,125,129" hai1="121,101,44,31,8,38,134,110,53,51,119,86,67" hai2="114,14,54,26,94,2,23,3,66,124,90,108,9" hai3="97,72,46,21,78,76,92,47,115,89,120,10,42"/><T59/><D70/><U102/><E119/><V34/><F114/><W111/><G115/><T16/><D116/><U11/><E121/><V55/><F34/><W57/><G111/><T123/><D123/><U118/><E110/><V75/><F75/><W6/><G120/><T39/><D109/><U20/><E134/><V29/><F66/><W1/><G57/><T84/><D39/><U87/><E118/><V95/><F108/><W62/><G62/><T81/><D125/><U22/><E38/><V32/><F124/><W13/><G72/><T24/><D129/><U91/><E67/><V79/><F79/><W64/><G64/><T113/><D113/><U122/><E86/><V43/><F43/><W19/><REACH who="3" step="1"/><G46/><REACH who="3" ten="250,250,250,240" step="2"/><T133/><D133/><U126/><E122/><V74/><F74/><W4/><G4/><T12/><D56/><U82/><E126/><V35/><F35/><W104/><G104/><T28/><D59/><U99/><E102/><V105/><F32/><W130/><G130/><T96/><D107/><U68/><E68/><V73/><F105/><W49/><AGARI ba="0,1" hai="1,6,10,13,19,21,42,47,49,76,78,89,92,97" machi="49" ten="20,8000,1" yaku="1,1,0,1,7,1,52,1,53,1" doraHai="85" doraHaiUra="7" who="3" fromWho="3" sc="250,-40,250,-20,250,-20,240,90" /><INIT seed="1,0,0,3,0,71" ten="210,230,230,330" oya="1" hai0="96,17,61,10,88,6,43,46,104,119,70,124,36" hai1="99,28,3,25,7,0,72,40,120,121,30,77,106" hai2="23,32,57,74,34,83,9,31,49,100,118,91,113" hai3="85,82,84,78,50,132,38,29,87,24,102,59,56"/><U75/><E40/><V1/><F118/><W76/><G38/><T93/><D119/><U53/><E53/><V135/><F100/><W126/><G132/><T8/><D124/><U42/><E42/><V111/><F111/><W86/><G126/><T11/><D104/><U89/><E89/><V122/><F122/><N who="1" m="47209" /><E77/><V117/><F117/><W39/><G39/><T52/><D17/><U14/><E14/><V48/><F135/><W13/><G78/><T44/><D44/><U66/><E66/><V109/><F74/><N who="1" m="28201" /><E7/><V33/><F109/><W20/><G102/><T90/><D90/><U112/><E112/><V2/><F113/><W107/><G107/><T98/><D98/><U37/><E37/><V16/><F31/><N who="1" m="11817" /><E25/><V21/><F21/><N who="3" m="15503" /><G50/><T108/><D108/><U64/><E64/><V103/><F103/><W26/><G13/><T45/><D70/><U134/><E134/><V18/><F18/><AGARI ba="0,0" hai="18,20,26,56,59,76,82,84,85,86,87" m="15503" machi="18" ten="30,1000,0" yaku="8,1" doraHai="71" who="3" fromWho="2" sc="210,0,230,0,230,-10,330,10" /><INIT seed="2,0,0,1,0,21" ten="210,230,220,340" oya="2" hai0="36,65,56,94,86,37,1,54,57,69,74,43,30" hai1="126,85,46,9,15,42,53,78,20,73,103,71,31" hai2="14,129,41,95,67,29,33,17,35,132,62,93,18" hai3="135,81,123,55,111,64,118,59,66,70,115,11,122"/><V127/><F129/><W2/><G118/><T88/><D74/><U82/><E71/><V47/><F132/><W113/><G81/><T32/><D1/><U100/><E126/><V24/><F127/><W34/><G34/><T40/><D69/><U124/><E53/><V63/><F33/><W26/><G26/><T89/><D65/><N who="3" m="25193" /><G70/><T121/><D121/><N who="3" m="46089" /><G11/><T102/><D102/><U134/><E134/><V49/><F17/><W48/><G2/><T7/><D7/><N who="1" m="3519" /><E73/><V104/><F104/><W76/><G76/><T61/><D57/><U38/><E38/><V99/><F67/><W120/><G120/><T87/><D36/><U27/><E124/><V116/><F116/><W23/><G23/><T131/><D37/><U75/><E75/><V44/><F47/><W13/><G13/><T77/><D77/><U25/><E25/><V39/><F39/><W72/><G72/><T108/><D131/><U68/><E68/><V16/><F95/><W117/><G135/><T91/><D32/><U51/><AGARI ba="0,0" hai="20,27,31,42,46,51,78,82,85,100,103" m="3519" machi="51" ten="30,4000,0" yaku="25,1,8,1,52,1" doraHai="21" who="1" fromWho="1" sc="210,-10,230,40,220,-20,340,-10" /><INIT seed="3,0,0,1,4,2" ten="200,270,200,330" oya="3" hai0="80,113,104,24,126,4,48,79,88,55,30,93,87" hai1="7,21,76,110,57,38,102,11,109,59,61,81,133" hai2="92,58,27,71,84,118,1,114,44,125,74,99,15" hai3="129,135,119,108,66,130,13,97,98,82,0,103,122"/><W123/><G0/><T89/><D104/><U62/><E38/><V95/><F114/><W22/><G119/><T29/><D113/><U5/><E102/><V25/><F74/><W3/><G3/><T36/><D36/><U28/><E11/><V69/><F1/><W32/><G32/><T72/><D126/><U65/><E133/><V50/><F118/><W120/><G135/><T35/><D30/><U116/><E21/><V40/><F69/><W121/><G108/><N who="1" m="41578" /><E28/><V100/><F71/><W117/><G117/><T96/><D4/><N who="1" m="1611" /><E116/><V18/><F125/><W43/><G43/><T70/><D70/><N who="1" m="42287" /><E62/><V10/><REACH who="2" step="1"/><F58/><REACH who="2" ten="200,270,190,330" step="2"/><W73/><G122/><T56/><REACH who="0" step="1"/><D72/><AGARI ba="0,1" hai="57,59,72,76,81" m="42287,1611,41578" machi="72" ten="30,7700,0" yaku="14,1,52,3" doraHai="2" who="1" fromWho="0" sc="200,-77,270,87,190,0,330,0" owari="123,-37.7,357,45.7,190,-21.0,330,13.0" /></mjloggm>