<mjloggm ver="2.3"><GO type="225" lobby="0"/><UN n0="%33%74%72%65%65" n1="%E3%83%96%E3%83%83%E3%83%91%E3%82%AA%E3%83%96%E3%83%81%E3%82%AD%E3%83%B3" n2="%E3%81%BF%E3%81%BF%E3%81%9A" n3="%E3%83%B4%E3%83%A0%EF%BC%99%E3%81%A6" dan="17,16,18,16" rate="2225.73,2174.13,2205.64,2189.09" sx="F,M,M,M"/><TAIKYOKU oya="0"/><INIT seed="0,0,0,3,4,44" ten="250,250,250,250" oya="0" hai0="57,107,17,39,20,71,32,26,34,83,62,115,88" hai1="89,135,121,112,99,7,95,68,30,25,40,126,58" hai2="49,45,10,35,12,110,54,91,28,61,33,124,14" hai3="90,9,73,65,23,97,66,105,15,103,127,46,69"/><T70/><D115/><U128/><E121/><V118/><F110/><W108/><G108/><T63/><D107/><U133/><E112/><V22/><F124/><W50/><G73/><T55/><D39/><U56/><E68/><V59/><F118/><W53/><G127/><T29/><D63/><U100/><E126/><V36/><F36/><W67/><G90/><T82/><D82/><U41/><E7/><V60/><F60/><W27/><G69/><T38/><D38/><U125/><E128/><V111/><F111/><W114/><G114/><T5/><D5/><U79/><E79/><V86/><F33/><W81/><G81/><T98/><D34/><U37/><E125/><V4/><F35/><W96/><G96/><T3/><D3/><U129/><E129/><V42/><F28/><W31/><REACH who="3" step="1"/><G67/><REACH who="3" ten="250,250,250,240" step="2"/><T84/><REACH who="0" step="1"/><D98/><REACH who="0" ten="240,250,250,240" step="2"/><U47/><E99/><V52/><F86/><W104/><G104/><T131/><D131/><U24/><E135/><V48/><F91/><W101/><G101/><T116/><D116/><U80/><E89/><V43/><F61/><W122/><G122/><T123/><D123/><U74/><E100/><V94/><F94/><W109/><G109/><T16/><D16/><AGARI ba="0,2" hai="4,10,12,14,16,22,42,43,45,48,49,52,54,59" machi="16" ten="40,8000,1" yaku="8,1,52,2,54,2" doraHai="44" who="2" fromWho="0" sc="240,-80,250,0,250,100,240,0" /><AGARI ba="0,0" hai="9,15,16,23,27,31,46,50,53,65,66,97,103,105" machi="16" ten="30,7700,0" yaku="1,1,7,1,52,1,54,1,53,0" doraHai="44" doraHaiUra="119" who="3" fromWho="0" sc="160,-77,250,0,350,0,240,77" /><INIT seed="1,0,0,3,2,25" ten="83,250,350,317" oya="1" hai0="81,99,54,19,57,50,17,90,35,43,41,82,72" hai1="63,103,40,92,79,78,83,74,22,111,98,56,102" hai2="87,0,36,112,18,26,49,69,66,21,120,101,2" hai3="109,68,91,135,126,42,97,118,12,44,107,64,129"/><U6/><E111/><V125/><F120/><W32/><G109/><T5/><D35/><U134/><E134/><V114/><F36/><W4/><G135/><T123/><D123/><U100/><E6/><V113/><F125/><W45/><G126/><T1/><D1/><U10/><E10/><V14/><F101/><W104/><G32/><T84/><D5/><U34/><E34/><V94/><F49/><W121/><G121/><T110/><D110/><U11/><E11/><N who="2" m="6495" /><F66/><W105/><G129/><T116/><D116/><U48/><E79/><V96/><F69/><W76/><G76/><T28/><D72/><U117/><E117/><V16/><F96/><W23/><G118/><T59/><D99/><U130/><E130/><V131/><F131/><W132/><G132/><T106/><D106/><U15/><E15/><V46/><F46/><W108/><G108/><T89/><D50/><U13/><E13/><V31/><F94/><N who="3" m="56543" /><G42/><T33/><D33/><U53/><REACH who="1" step="1"/><E22/><REACH who="1" ten="83,240,350,317" step="2"/><N who="2" m="15831" /><F87/><W61/><G4/><T9/><D9/><U67/><E67/><V77/><F77/><W29/><G12/><AGARI ba="0,1" hai="0,2,12,16,21,112,113,114" m="15831,6495" machi="12" ten="30,8000,1" yaku="11,1,34,2,52,1,54,1" doraHai="25" who="2" fromWho="3" sc="83,0,240,0,350,90,317,-80" /><INIT seed="2,0,0,3,3,34" ten="83,240,440,237" oya="2" hai0="110,95,64,31,54,68,76,132,119,79,72,97,56" hai1="102,21,87,67,7,111,129,93,89,120,103,20,106" hai2="45,37,28,109,35,63,55,17,94,40,127,26,91" hai3="125,43,121,4,98,75,59,70,47,24,19,128,107"/><V99/><F127/><W101/><G70/><T116/><D68/><U100/><E111/><V83/><F109/><W42/><G125/><T15/><D110/><U133/><E133/><V12/><F63/><W85/><G75/><T0/><D64/><U113/><E113/><V123/><F123/><W104/><G121/><T61/><D31/><U81/><E120/><V77/><F55/><W22/><G104/><T25/><D25/><U134/><E134/><V96/><F94/><W11/><G128/><T16/><D132/><U2/><E129/><V50/><F91/><W80/><G59/><T46/><D46/><U62/><E106/><V5/><F37/><W13/><REACH who="3" step="1"/><G47/><REACH who="3" ten="83,240,440,227" step="2"/><T118/><D72/><U1/><E93/><V78/><F45/><W14/><G14/><T52/><D0/><U9/><REACH who="1" step="1"/><E1/><REACH who="1" ten="83,230,440,227" step="2"/><V8/><F12/><W18/><G18/><T66/><D95/><U53/><E53/><N who="0" m="20585" /><D97/><U32/><E32/><V73/><F96/><W117/><G117/><N who="0" m="29955" /><T38/><DORA hai="115" /><D38/><U60/><E60/><V33/><F99/><W44/><G44/><T130/><D130/><U29/><E29/><V30/><F28/><W82/><G82/><T65/><D65/><U27/><E27/><V74/><F83/><W51/><G51/><T69/><D69/><AGARI ba="0,2" hai="2,7,9,20,21,62,67,69,81,87,89,100,102,103" machi="69" ten="40,8000,1" yaku="1,1,52,1,53,2" doraHai="34,115" doraHaiUra="58,86" who="1" fromWho="0" sc="83,-80,230,100,440,0,227,0" /><INIT seed="3,0,0,1,3,72" ten="3,330,440,227" oya="3" hai0="28,42,125,108,53,8,65,78,106,68,25,73,114" hai1="89,30,131,124,82,41,115,90,107,98,59,127,11" hai2="94,48,52,91,51,92,105,71,2,24,132,135,58" hai3="32,74,116,119,13,14,70,40,34,67,61,7,100"/><W27/><G74/><T99/><D53/><U129/><E30/><V83/><F105/><W54/><G40/><T87/><D87/><N who="1" m="50423" /><E41/><V20/><F71/><W134/><G134/><N who="2" m="51241" /><F2/><W39/><G39/><T117/><D42/><U69/><E69/><V22/><F51/><W57/><G32/><T5/><D68/><U93/><E59/><V19/><F20/><W110/><G110/><T63/><D108/><U103/><E11/><V33/><F33/><W44/><G44/><T118/><D8/><U60/><E60/><V75/><F91/><W29/><G7/><T49/><D5/><U35/><E115/><V62/><F62/><W45/><G45/><T4/><D63/><U36/><E36/><V80/><F80/><W104/><G13/><T77/><D114/><U0/><E0/><V130/><F130/><N who="1" m="49673" /><E35/><V113/><F113/><W56/><G14/><T64/><D64/><U16/><E16/><V97/><F97/><AGARI ba="0,0" hai="90,93,97,98,103,107,124,127" m="49673,50423" machi="97" ten="30,3900,0" yaku="19,1,34,2" doraHai="72" who="1" fromWho="2" sc="3,0,330,39,440,-39,227,0" owari="3,-49.7,369,16.9,401,50.1,227,-17.3" /></mjloggm>