<mjloggm ver="2.3"><GO type="225" lobby="0"/><UN n0="%E3%81%BF%E3%81%BF%E3%81%9A" n1="%E3%81%AF%E3%82%88%E3%81%8A%E3%81%98%E3%81%95%E3%82%93" n2="%72%69%6F%75%63%68%61%6E" n3="%E3%81%95%E3%81%8D%E3%81%9F%E3%81%BE%E6%9E%97%E6%AA%8E" dan="17,17,16,16" rate="2221.69,2151.06,2156.99,2150.20" sx="M,M,M,M"/><TAIKYOKU oya="0"/><INIT seed="0,0,0,3,1,103" ten="250,250,250,250" oya="0" hai0="120,30,80,10,135,11,102,60,56,26,117,28,6" hai1="94,45,64,69,9,104,133,23,89,37,87,114,50" hai2="42,20,106,27,110,83,54,57,34,96,39,53,32" hai3="78,74,40,35,15,14,92,24,100,70,21,48,16"/><T18/><D117/><U0/><E133/><V99/><F110/><W131/><G70/><T125/><D135/><U13/><E114/><V46/><F83/><W65/><G65/><T121/><D125/><U123/><E123/><V111/><F111/><W109/><G109/><T61/><D102/><U90/><E37/><V84/><F84/><W4/><G131/><T85/><D120/><U128/><E128/><V98/><F106/><W75/><G35/><T72/><D72/><U77/><E77/><V113/><F113/><W19/><G4/><T82/><D121/><U49/><E104/><V2/><F2/><W129/><G129/><T76/><D82/><U67/><E69/><V116/><F116/><W58/><G24/><T5/><D61/><U7/><E50/><V1/><F1/><W86/><G78/><T119/><D119/><U108/><E108/><V17/><REACH who="2" step="1"/><F53/><REACH who="2" ten="250,250,240,250" step="2"/><N who="3" m="32039" /><G75/><T8/><D5/><U88/><E87/><V47/><F47/><W68/><G74/><T127/><D6/><U73/><E73/><V41/><F41/><W93/><G40/><T124/><D127/><U55/><E94/><V118/><F118/><W126/><G126/><T38/><D124/><U63/><E0/><V36/><F36/><W101/><G93/><T107/><D38/><U97/><E97/><V62/><AGARI ba="0,1" hai="17,20,27,32,34,39,42,46,54,57,62,96,98,99" machi="62" ten="30,4000,0" yaku="1,1,0,1,53,1" doraHai="103" doraHaiUra="51" who="2" fromWho="2" sc="250,-20,250,-10,240,50,250,-10" /><INIT seed="1,0,0,0,1,92" ten="230,240,290,240" oya="1" hai0="110,118,5,41,102,35,67,106,20,93,28,89,127" hai1="86,34,73,135,15,133,40,6,113,39,24,99,61" hai2="94,43,9,3,77,14,105,128,83,103,57,47,10" hai3="26,131,37,123,129,21,90,7,97,17,58,134,114"/><U59/><E73/><V48/><F128/><N who="3" m="49227" /><G123/><T18/><D118/><U2/><E113/><V42/><F105/><W36/><G114/><T4/><D110/><U53/><E2/><V107/><F107/><W38/><G7/><T78/><D78/><U121/><E121/><V79/><F42/><W12/><G134/><N who="1" m="51210" /><E86/><V70/><F70/><W66/><G66/><T50/><D127/><U117/><E117/><V75/><F77/><W109/><G109/><T44/><D35/><U115/><E115/><V19/><F57/><W25/><G58/><T88/><D28/><N who="1" m="19719" /><E99/><V132/><F132/><W22/><G22/><T81/><D67/><U62/><E40/><V116/><F116/><W64/><G64/><T56/><D106/><U84/><E39/><V76/><F76/><W108/><G108/><T27/><D56/><U85/><E62/><V32/><F32/><W98/><G90/><N who="0" m="34923" /><D81/><U96/><E96/><AGARI ba="0,0" hai="12,17,21,25,26,36,37,38,96,97,98" m="49227" machi="96" ten="40,8000,1" yaku="19,1,52,3" doraHai="92" who="3" fromWho="1" sc="230,0,240,-80,290,0,240,80" /><AGARI ba="0,0" hai="4,5,18,20,27,41,44,50,93,96,102" m="34923" machi="96" ten="30,3900,0" yaku="8,1,52,1,54,1" doraHai="92" who="0" fromWho="1" sc="230,39,160,-39,290,0,320,0" /><INIT seed="2,0,0,3,5,119" ten="269,121,290,320" oya="2" hai0="105,115,78,131,52,24,44,10,111,99,66,103,95" hai1="71,88,65,51,29,86,57,117,120,77,21,30,73" hai2="130,7,129,121,82,89,113,106,62,83,63,93,74" hai3="49,132,36,39,61,43,27,6,14,45,107,64,122"/><V112/><F121/><W11/><G107/><T91/><D115/><N who="2" m="44106" /><F7/><W87/><G122/><T19/><D111/><U126/><E117/><V33/><F33/><W55/><G132/><T98/><D131/><N who="2" m="50186" /><F106/><W8/><G27/><T12/><D66/><U68/><E120/><V50/><F50/><W15/><G87/><T3/><D78/><U134/><E134/><V104/><F104/><W4/><G43/><T40/><D3/><U69/><E126/><V75/><F62/><W47/><G47/><T90/><D24/><U13/><E77/><V26/><F63/><W96/><G96/><T38/><D52/><U58/><E73/><N who="2" m="27659" /><F26/><W125/><G125/><T60/><D60/><U59/><E65/><V128/><N who="2" m="50194" /><V102/><DORA hai="1" /><F102/><AGARI ba="0,0" hai="10,12,19,38,40,44,90,91,95,98,99,102,103,105" machi="102" ten="30,1000,0" yaku="7,1" doraHai="119,1" who="0" fromWho="2" sc="269,10,121,0,290,-10,320,0" /><INIT seed="3,0,0,3,1,60" ten="279,121,280,320" oya="3" hai0="43,91,54,27,50,45,125,66,57,106,127,3,97" hai1="28,76,22,40,82,33,83,59,24,87,25,0,18" hai2="1,113,51,64,13,63,130,86,123,34,80,7,121" hai3="105,117,20,36,46,69,109,4,70,21,77,122,110"/><W58/><G105/><T78/><D3/><U129/><E129/><V103/><F130/><W95/><G122/><N who="2" m="46601" /><F113/><W90/><G117/><T32/><D78/><U128/><E128/><V17/><F34/><W89/><G77/><T26/><D66/><U79/><E0/><V55/><F103/><W38/><G4/><T100/><D91/><N who="3" m="34825" /><G58/><T92/><D106/><U115/><E115/><V15/><F17/><W42/><G95/><T111/><D111/><N who="3" m="42505" /><G38/><T16/><D32/><U11/><E11/><N who="2" m="2543" /><F51/><W133/><G133/><T5/><D5/><U85/><E40/><V19/><F19/><W2/><G2/><T108/><D108/><U6/><E6/><V96/><F55/><W39/><G39/><T67/><D67/><U12/><REACH who="1" step="1"/><E59/><REACH who="1" ten="279,111,280,320" step="2"/><N who="2" m="36991" /><F96/><W47/><G47/><T104/><D57/><U41/><E41/><V52/><F52/><W56/><G56/><T124/><D43/><U73/><E73/><V71/><F71/><AGARI ba="0,1" hai="20,21,36,42,46,69,70,71" m="42505,34825" machi="71" ten="30,2900,0" yaku="14,1,10,1" doraHai="60" who="3" fromWho="2" sc="279,0,111,0,280,-29,320,39" owari="279,7.9,111,-38.9,251,-14.9,359,45.9" /></mjloggm>