<mjloggm ver="2.3"><GO type="225" lobby="0"/><UN n0="%E3%81%99%E3%81%84%E3%81%BE%E3%81%9B%E3%83%BC%E3%82%93" n1="%E5%A4%8F%E9%88%B4%E9%88%B4%E5%A4%8F" n2="%E3%83%B4%E3%83%A0%EF%BC%99%E3%81%A6" n3="%E3%83%81%E3%83%83%E3%82%BF%E3%82%BD%E3%83%BC" dan="18,16,16,16" rate="2192.07,2100.54,2138.23,2124.83" sx="M,F,M,F"/><TAIKYOKU oya="0"/><INIT seed="0,0,0,2,4,7" ten="250,250,250,250" oya="0" hai0="93,70,1,9,126,128,88,28,27,85,31,18,45" hai1="32,61,4,107,129,20,74,6,15,77,59,24,36" hai2="66,29,58,118,78,103,62,123,52,106,33,86,26" hai3="22,111,80,57,35,37,75,90,72,63,55,124,117"/><T50/><D126/><U49/><E36/><V101/><F123/><W104/><G111/><T11/><D128/><U116/><E107/><V25/><F118/><W71/><G117/><T40/><D70/><U44/><E116/><V99/><F103/><W39/><G124/><T122/><D122/><U100/><E129/><V134/><F134/><W3/><G35/><T110/><D110/><U76/><E100/><V119/><F119/><W21/><G104/><T2/><D28/><U10/><E4/><V112/><F112/><W53/><G71/><T87/><D85/><U121/><E74/><V46/><F25/><W56/><G90/><T43/><D40/><N who="1" m="24711" /><E32/><V17/><F17/><W81/><REACH who="3" step="1"/><G63/><REACH who="3" ten="250,250,250,240" step="2"/><T30/><D30/><N who="1" m="17671" /><E121/><V98/><F106/><W102/><G102/><T109/><D109/><U94/><E94/><V115/><F101/><W96/><G96/><T127/><D127/><U131/><E131/><V5/><F98/><W132/><G132/><T95/><D93/><U105/><E105/><V67/><F99/><W12/><G12/><T23/><REACH who="0" step="1"/><D31/><REACH who="0" ten="240,250,250,240" step="2"/><U51/><E76/><V92/><F78/><W14/><G14/><T65/><D65/><N who="1" m="39103" /><E77/><V48/><F66/><W34/><G34/><T16/><D16/><U73/><E73/><V69/><F69/><W83/><G83/><T84/><D84/><U13/><E15/><V135/><F135/><W60/><G60/><T130/><D130/><U82/><E82/><V47/><F86/><W97/><G97/><T19/><D19/><U8/><E10/><AGARI ba="0,2" hai="1,2,9,10,11,18,23,27,43,45,50,87,88,95" machi="10" ten="40,18000,2" yaku="1,1,52,3,54,1,53,1" doraHai="7" doraHaiUra="42" who="0" fromWho="1" sc="240,200,250,-180,250,0,240,0" /><INIT seed="0,1,0,0,3,67" ten="440,70,250,240" oya="0" hai0="107,75,43,78,105,14,118,115,79,32,6,72,15" hai1="108,35,12,121,62,22,122,69,104,66,135,55,123" hai2="60,133,39,47,76,81,30,97,130,65,34,24,77" hai3="132,42,59,116,63,134,33,129,100,103,27,90,31"/><T94/><D32/><U28/><E108/><V95/><F130/><W96/><G116/><T117/><D43/><U0/><E0/><V10/><F133/><N who="3" m="51307" /><G42/><T37/><D94/><U40/><E135/><V98/><F39/><W88/><G129/><T13/><D6/><U45/><E104/><N who="0" m="40009" /><D37/><U131/><E35/><V83/><F47/><W124/><G124/><T64/><D64/><U54/><E131/><V50/><F50/><W17/><G17/><T84/><D84/><U2/><E2/><V91/><F10/><W21/><G33/><T74/><D115/><U99/><E99/><V86/><F98/><W85/><G96/><T61/><D61/><U70/><E28/><V71/><REACH who="2" step="1"/><F81/><REACH who="2" ten="440,70,240,240" step="2"/><N who="3" m="49199" /><G90/><AGARI ba="1,1" hai="24,30,34,60,65,71,76,77,83,86,90,91,95,97" machi="90" ten="30,3900,0" yaku="1,1,7,1,52,1,53,0" doraHai="67" doraHaiUra="113" who="2" fromWho="3" sc="440,0,70,0,240,52,240,-42" /><INIT seed="1,0,0,5,4,108" ten="440,70,292,198" oya="1" hai0="9,22,127,82,104,53,92,86,54,10,48,51,116" hai1="74,94,128,19,132,78,99,87,60,25,50,31,0" hai2="16,72,28,89,121,26,119,8,129,49,118,42,93" hai3="98,75,66,4,100,123,46,85,114,3,59,37,14"/><U40/><E128/><V134/><F121/><W70/><G75/><T67/><D104/><U1/><E132/><V41/><F72/><W45/><G70/><T107/><D107/><U126/><E74/><V6/><F134/><W7/><G123/><T111/><D111/><U20/><E126/><V115/><F129/><W23/><G85/><T79/><D116/><U2/><E60/><V130/><F130/><W113/><G3/><T61/><D127/><U101/><E31/><V44/><F42/><W84/><G84/><T32/><D32/><U38/><E38/><V124/><F124/><W102/><G59/><N who="0" m="37311" /><D22/><U57/><E57/><V135/><F135/><W71/><G71/><T103/><D51/><U120/><E120/><V68/><F68/><W43/><G66/><T12/><D48/><U5/><E5/><V95/><F95/><W133/><G133/><T36/><D10/><U55/><E40/><V62/><F62/><W131/><G131/><T122/><D36/><U105/><E105/><V64/><F64/><W106/><G37/><T34/><D34/><U30/><E30/><V91/><F28/><W77/><G43/><T58/><D58/><U69/><E69/><V18/><F119/><W47/><G106/><T80/><D122/><U73/><E73/><V13/><F41/><W117/><G117/><T65/><D65/><U88/><E78/><V110/><F110/><W39/><G77/><T81/><D54/><U76/><E76/><V52/><F118/><W29/><G39/><T24/><D53/><U33/><E33/><V21/><F52/><W35/><G35/><RYUUKYOKU ba="0,0" sc="440,0,70,0,292,0,198,0" /><INIT seed="2,1,0,1,0,88" ten="440,70,292,198" oya="2" hai0="10,84,85,94,107,8,0,32,48,41,75,91,62" hai1="1,56,17,73,131,63,133,6,101,74,43,99,126" hai2="125,21,127,118,16,15,42,108,66,67,98,109,60" hai3="90,26,83,100,114,111,37,80,64,54,52,130,106"/><V29/><F118/><W51/><G37/><T77/><D32/><U93/><E133/><V58/><F42/><W71/><G114/><T49/><D107/><U115/><E131/><V113/><F113/><W33/><G130/><T124/><D75/><U92/><E115/><V38/><F38/><W53/><G111/><N who="2" m="42569" /><F29/><W82/><G71/><T11/><D0/><U23/><E126/><N who="2" m="48139" /><F98/><W9/><G64/><AGARI ba="1,0" hai="15,16,21,58,60,64,66,67" m="48139,42569" machi="64" ten="30,11600,0" yaku="14,1,10,1,18,1,54,1" doraHai="88" who="2" fromWho="3" sc="440,0,70,0,292,119,198,-119" /><INIT seed="2,2,0,4,5,30" ten="440,70,411,79" oya="2" hai0="15,26,66,1,31,107,45,119,118,120,102,63,105" hai1="50,98,97,81,88,73,117,29,134,22,40,34,39" hai2="48,96,43,95,65,67,92,84,2,128,123,110,49" hai3="64,76,44,129,89,5,133,3,93,51,116,59,54"/><V58/><F123/><W33/><G116/><N who="0" m="44587" /><D1/><U74/><E117/><V109/><F2/><W78/><G129/><T71/><D120/><U122/><E39/><V103/><F128/><W46/><G133/><T36/><D102/><U10/><E22/><V9/><F9/><W101/><G33/><N who="0" m="20727" /><D15/><U90/><E134/><V20/><F20/><W12/><G3/><T37/><D37/><U135/><E135/><V13/><F13/><W87/><G101/><T125/><D125/><U23/><E23/><V35/><F35/><W68/><G68/><T100/><D100/><U62/><E34/><V11/><F11/><N who="3" m="4207" /><G64/><N who="2" m="24649" /><F58/><W41/><G44/><T69/><D69/><U53/><E10/><V124/><F124/><W19/><G19/><T114/><D114/><U47/><E122/><V0/><F0/><W21/><G21/><T6/><D6/><U27/><E29/><V28/><F28/><W132/><G132/><T94/><D94/><U127/><E127/><V80/><F92/><W56/><G56/><T38/><D38/><U83/><E27/><V16/><F16/><W85/><G85/><T126/><D126/><U121/><E121/><V79/><F49/><AGARI ba="2,0" hai="41,46,49,51,54,59,76,78,87,89,93" m="4207" machi="49" ten="30,1000,0" yaku="8,1" doraHai="30" who="3" fromWho="2" sc="440,0,70,0,411,-16,79,16" /><INIT seed="3,0,0,4,2,97" ten="440,70,395,95" oya="3" hai0="63,118,131,127,52,14,133,2,18,102,10,45,119" hai1="116,103,107,70,28,66,94,134,83,31,33,1,128" hai2="22,104,80,37,92,50,54,0,21,57,91,98,112" hai3="29,90,132,93,62,72,84,67,25,61,85,6,8"/><W87/><G132/><T3/><D133/><U38/><E134/><V12/><F112/><W125/><G72/><T23/><D131/><U20/><E128/><V56/><F0/><W49/><G125/><T46/><D127/><U47/><E94/><V124/><F124/><W129/><G129/><T19/><D102/><U99/><E20/><V86/><F37/><W135/><G135/><T105/><D105/><U48/><E116/><V65/><F104/><W17/><G17/><T117/><D52/><U126/><E126/><V130/><F130/><W9/><G49/><T82/><D82/><U78/><E48/><V96/><F12/><W44/><G44/><T30/><D30/><U88/><E88/><V123/><F123/><W60/><G67/><T16/><D19/><U76/><E76/><V64/><F96/><W95/><G6/><T40/><D63/><N who="1" m="40287" /><E28/><V74/><F74/><W53/><G53/><T121/><D121/><U101/><E101/><V15/><F15/><W24/><G24/><T100/><D100/><U36/><E47/><V32/><F32/><W59/><G59/><T109/><D109/><U108/><E1/><V106/><F106/><W69/><G69/><T7/><D46/><U5/><E5/><V113/><F113/><W71/><G71/><T26/><REACH who="0" step="1"/><D7/><REACH who="0" ten="430,70,395,95" step="2"/><U122/><E108/><V55/><F64/><W68/><G68/><T34/><D34/><U43/><E122/><V35/><F35/><W77/><G90/><T115/><D115/><U27/><E43/><V81/><F65/><W58/><G29/><T4/><D4/><U41/><E41/><RYUUKYOKU ba="0,1" sc="430,15,70,15,395,-15,95,-15" hai0="2,3,10,14,16,18,23,26,40,45,117,118,119" hai1="27,31,33,36,38,78,83,99,103,107" owari="455,55.5,85,-31.5,380,18.0,80,-42.0" /></mjloggm>