<mjloggm ver="2.3"><GO type="225" lobby="0"/><UN n0="%E3%80%90%E3%83%88%E3%83%AA%E3%83%A5%E3%83%95%E3%80%91" n1="%E6%B7%91%E5%A5%B3%E3%81%AE%E5%97%9C%E3%81%BF" n2="%E3%81%90%E3%81%A1%E3%82%84%E3%81%BE" n3="%E6%9D%B1%E9%A2%A8%E3%81%AE%E3%81%8D%E3%82%83%E3%81%B7%E3%81%95%E3%82%93" dan="16,16,16,16" rate="2091.95,2096.01,2123.74,2106.96" sx="M,M,M,M"/><TAIKYOKU oya="0"/><INIT seed="0,0,0,0,3,75" ten="250,250,250,250" oya="0" hai0="66,109,14,31,41,44,81,7,25,58,68,95,126" hai1="88,90,124,103,47,67,29,23,69,26,49,85,11" hai2="72,121,17,24,132,21,5,15,22,129,127,123,130" hai3="110,120,122,79,74,38,89,55,135,63,99,92,94"/><T56/><D126/><U83/><E124/><V96/><F127/><W128/><G38/><T86/><D68/><U77/><E103/><V39/><F96/><N who="3" m="57359" /><G63/><T71/><D71/><U112/><E112/><V73/><F39/><W42/><G42/><T52/><D66/><U6/><E67/><V100/><F100/><N who="3" m="60535" /><G55/><T105/><D105/><U57/><E57/><V61/><F61/><W8/><G8/><N who="0" m="4383" /><D95/><U2/><REACH who="1" step="1"/><E69/><REACH who="1" ten="250,240,250,250" step="2"/><V97/><F123/><N who="3" m="47147" /><G135/><T28/><D109/><U54/><AGARI ba="0,1" hai="2,6,11,23,26,29,47,49,54,77,83,85,88,90" machi="54" ten="20,8000,1" yaku="1,1,0,1,7,1,52,1,54,1,53,0" doraHai="75" doraHaiUra="117" who="1" fromWho="1" sc="250,-40,240,90,250,-20,250,-20" /><INIT seed="1,0,0,3,3,8" ten="210,330,230,230" oya="1" hai0="82,9,1,57,123,33,86,113,45,74,135,67,50" hai1="30,131,98,88,7,62,117,2,114,79,63,120,121" hai2="125,84,14,26,99,70,43,119,87,25,38,39,97" hai3="18,90,92,13,55,100,68,5,10,60,47,101,15"/><U32/><E114/><V36/><F70/><W129/><G129/><T24/><D113/><U53/><E117/><V105/><F43/><W11/><G68/><T31/><D135/><U94/><E131/><V54/><F119/><W59/><G47/><T91/><D123/><U71/><E79/><V61/><F125/><W16/><G5/><T126/><D126/><U77/><E77/><V96/><F105/><W81/><G81/><T4/><D74/><U95/><E63/><V89/><F14/><W128/><G128/><T17/><D57/><U42/><E42/><V52/><F61/><W40/><G40/><T107/><D107/><U3/><E30/><V109/><F109/><W27/><G27/><N who="2" m="10249" /><F89/><W72/><G72/><T76/><D67/><U20/><E32/><V66/><F66/><W19/><G19/><T29/><D76/><U78/><E78/><V108/><F108/><W23/><G23/><T12/><D31/><U112/><E71/><V48/><F48/><W34/><G34/><T69/><D69/><U93/><E112/><V0/><F0/><W115/><G115/><T104/><D104/><U65/><E2/><V106/><F106/><W6/><G6/><T103/><D103/><U37/><E7/><V122/><F122/><W21/><G21/><N who="0" m="11431" /><D50/><U44/><E120/><V134/><F134/><W130/><G130/><T124/><D124/><U58/><E121/><V22/><F22/><W41/><G41/><T133/><D133/><U83/><E3/><V85/><AGARI ba="0,0" hai="36,38,39,52,54,84,85,87,96,97,99" m="10249" machi="85" ten="40,8000,1" yaku="29,2,28,2,54,1" doraHai="8" who="2" fromWho="2" sc="210,-20,330,-40,230,80,230,-20" /><INIT seed="2,0,0,5,2,31" ten="190,290,310,210" oya="2" hai0="117,26,132,35,57,66,112,3,1,2,20,47,58" hai1="71,76,43,67,46,0,13,41,84,5,17,29,12" hai2="75,122,105,90,63,15,115,92,81,101,108,80,56" hai3="97,19,4,88,118,78,30,38,107,33,96,64,72"/><V102/><F115/><W49/><G38/><T37/><D112/><U126/><E126/><V45/><F122/><W28/><G118/><T79/><D132/><U114/><E114/><V116/><F116/><W36/><G36/><T134/><D134/><U27/><E67/><V62/><F105/><W55/><G4/><T6/><D117/><U73/><E71/><V125/><F75/><W53/><G64/><T77/><D6/><U87/><E41/><V60/><F56/><W121/><G121/><T127/><D127/><U18/><E84/><V82/><F125/><W23/><G53/><T74/><D35/><U14/><E87/><V85/><F108/><W25/><G28/><T54/><D66/><U34/><E76/><V99/><F85/><W120/><G120/><T131/><D131/><U129/><E73/><V22/><F45/><W106/><G78/><T68/><D68/><U110/><E110/><V9/><REACH who="2" step="1"/><F22/><REACH who="2" ten="190,290,300,210" step="2"/><W130/><G72/><T124/><D124/><U52/><E129/><V119/><F119/><W24/><G130/><T70/><D70/><U59/><E59/><V8/><F8/><W51/><G97/><T123/><D123/><U95/><E46/><V103/><F103/><W10/><G10/><T104/><D104/><U61/><E34/><V128/><F128/><W69/><G69/><T65/><D74/><U86/><E86/><V83/><N who="2" m="20480" /><DORA hai="91" /><V111/><F111/><W32/><G107/><T98/><D58/><U94/><E94/><V11/><F11/><W21/><G106/><T135/><D135/><U50/><E95/><V48/><F48/><RYUUKYOKU ba="0,1" sc="190,-10,290,-10,300,30,210,-10" hai2="9,15,60,62,63,90,92,99,101,102" /><INIT seed="2,1,1,5,2,75" ten="180,280,330,200" oya="2" hai0="13,17,80,126,74,100,12,14,52,32,38,104,20" hai1="114,110,57,123,55,69,28,30,116,102,2,132,60" hai2="54,87,15,84,44,71,91,101,3,50,88,111,40" hai3="9,77,108,58,4,43,25,113,118,64,72,66,51"/><V115/><F115/><W24/><G108/><T41/><D32/><U65/><E114/><V67/><F3/><W63/><G113/><T6/><D104/><U128/><E116/><V89/><F111/><W27/><G118/><T135/><D100/><U45/><E110/><V22/><F71/><W10/><G66/><T29/><D29/><U35/><E2/><V97/><F67/><W5/><G43/><T33/><D33/><U130/><E132/><V85/><F22/><W112/><G51/><T125/><D6/><U36/><E123/><V131/><F131/><N who="1" m="50217" /><E102/><V11/><F40/><W98/><G98/><T7/><D7/><U79/><E35/><V0/><F0/><W81/><G112/><T47/><D135/><U129/><E129/><V21/><F21/><W61/><G61/><T95/><D52/><U105/><E105/><V34/><F34/><W122/><G122/><T109/><D109/><U8/><E8/><V83/><F83/><W70/><G70/><T82/><D82/><U86/><E45/><V59/><F44/><W48/><G48/><T53/><D53/><U42/><E36/><V117/><F117/><W76/><G76/><N who="0" m="44055" /><D95/><U103/><E103/><V119/><F119/><W18/><REACH who="3" step="1"/><G10/><REACH who="3" ten="180,280,330,190" step="2"/><T37/><D37/><U120/><E42/><V23/><F11/><W26/><N who="3" m="6144" /><DORA hai="96" /><W78/><G78/><T134/><D134/><U127/><E120/><V16/><REACH who="2" step="1"/><F87/><REACH who="2" ten="180,280,320,190" step="2"/><W56/><G56/><T106/><D106/><AGARI ba="1,3" hai="15,16,23,50,54,59,84,85,88,89,91,97,101,106" machi="106" ten="40,12000,1" yaku="1,1,2,1,52,1,54,2,53,0" doraHai="75,96" doraHaiUra="31,1" who="2" fromWho="0" sc="180,-123,280,0,320,153,190,0" /><INIT seed="2,2,0,3,4,127" ten="57,280,473,190" oya="2" hai0="62,8,0,7,58,114,128,29,26,109,30,103,99" hai1="66,65,112,20,41,106,42,73,28,4,23,85,17" hai2="94,79,90,88,70,24,36,135,16,52,132,107,11" hai3="45,82,37,48,120,46,125,100,9,64,67,76,31"/><V55/><F107/><W123/><G125/><T108/><D114/><U126/><E73/><V130/><F70/><W89/><G100/><T59/><D59/><U47/><E112/><V10/><F36/><W91/><G31/><T110/><D26/><U68/><E106/><V51/><F130/><W92/><G9/><T22/><D22/><U1/><E28/><V54/><F79/><W133/><G133/><N who="2" m="51273" /><F51/><W104/><G104/><T95/><REACH who="0" step="1"/><D128/><REACH who="0" ten="47,280,473,190" step="2"/><U115/><E20/><N who="2" m="13319" /><F90/><W2/><G91/><T121/><D121/><U111/><E126/><V32/><F32/><W75/><G123/><T56/><D56/><U119/><E115/><V117/><F117/><W134/><G120/><T50/><D50/><U69/><E119/><V14/><F14/><W49/><G134/><T74/><D74/><U21/><E68/><V6/><F6/><W60/><G37/><T3/><D3/><U38/><E1/><V13/><F13/><W113/><G2/><T71/><D71/><U97/><E69/><V43/><F43/><W25/><G113/><T86/><D86/><AGARI ba="2,1" hai="10,11,52,54,55,86,88,94" m="13319,51273" machi="86" ten="30,11600,0" yaku="20,1,54,3" doraHai="127" who="2" fromWho="0" sc="47,-122,280,0,473,132,190,0" owari="-75,-57.5,280,8.0,605,70.5,190,-21.0" /></mjloggm>