<mjloggm ver="2.3"><GO type="225" lobby="0"/><UN n0="%E3%81%8B%E3%82%8F%E3%81%A1%E3%82%83%E3%82%93%35%38" n1="%E3%81%A4%E3%81%A3%E3%81%B1%E3%82%8A%E3%83%9D%E3%83%BC%E3%83%AB" n2="%EF%BC%AE%EF%BC%A1%EF%BC%AF%33%33%39" n3="%E3%81%BF%E3%81%BF%E3%81%9A" dan="16,17,16,17" rate="2150.41,2145.12,2240.86,2201.51" sx="M,M,M,M"/><TAIKYOKU oya="0"/><INIT seed="0,0,0,0,1,121" ten="250,250,250,250" oya="0" hai0="97,86,6,89,7,76,12,91,134,120,16,27,95" hai1="67,133,22,43,68,36,38,55,4,105,96,35,53" hai2="114,104,34,88,116,54,17,64,107,15,69,71,23" hai3="92,50,48,127,1,101,106,14,47,40,103,63,24"/><T52/><D120/><U13/><E35/><V70/><F114/><W46/><G1/><T118/><D134/><U21/><E133/><V81/><F34/><W85/><G106/><T72/><D118/><U39/><E43/><V78/><F64/><W130/><G130/><T111/><D111/><U29/><E67/><V115/><F115/><W65/><G24/><T19/><D76/><U87/><E68/><V80/><F116/><W117/><G117/><T112/><D72/><U28/><E87/><V5/><F5/><W49/><G127/><T59/><D27/><U128/><E128/><V60/><F81/><W33/><G33/><T42/><D42/><U56/><E4/><N who="0" m="1577" /><D12/><U82/><E82/><V98/><F78/><W31/><G31/><T94/><D112/><U45/><E13/><V135/><F135/><W18/><G85/><T0/><D0/><U83/><E83/><V122/><F122/><W57/><G92/><T8/><D8/><U123/><E123/><V100/><F104/><W73/><G73/><T25/><D25/><U77/><E77/><V125/><F125/><W110/><G110/><T66/><D66/><U41/><E29/><V119/><F119/><W113/><G113/><T2/><D2/><U102/><E28/><V79/><F79/><W129/><G129/><T58/><D58/><U26/><E26/><V37/><F37/><N who="1" m="14441" /><E56/><N who="2" m="34839" /><F70/><W20/><G40/><T124/><D124/><U126/><E126/><V93/><F107/><W30/><G30/><T44/><D44/><AGARI ba="0,0" hai="14,18,20,44,46,47,48,49,50,57,63,65,101,103" machi="44" ten="40,1300,0" yaku="8,1" doraHai="121" who="3" fromWho="0" sc="250,-13,250,0,250,0,250,13" /><INIT seed="1,0,0,0,1,73" ten="237,250,250,263" oya="1" hai0="63,126,74,116,69,98,102,114,34,107,38,11,77" hai1="2,44,12,75,130,103,113,83,31,70,26,49,87" hai2="8,25,32,127,55,67,66,57,35,41,36,17,135" hai3="28,14,79,22,59,39,18,131,33,20,53,56,16"/><U37/><E113/><V65/><F36/><W64/><G131/><T99/><D114/><U106/><E2/><V109/><F41/><W7/><G39/><T111/><D116/><U24/><E37/><V1/><F109/><W90/><G7/><T29/><D111/><U47/><E70/><V129/><F129/><W23/><G33/><T96/><D11/><U80/><E130/><V4/><F135/><W89/><G28/><T86/><D86/><U118/><E118/><V43/><F43/><W15/><G79/><T119/><D38/><U101/><E106/><V21/><REACH who="2" step="1"/><F127/><REACH who="2" ten="237,250,240,263" step="2"/><W93/><G23/><T46/><D126/><U9/><E9/><V78/><F78/><W54/><G64/><N who="0" m="41119" /><D119/><U3/><E3/><V48/><AGARI ba="0,1" hai="1,4,8,17,21,25,32,35,48,55,57,65,66,67" machi="48" ten="30,4000,0" yaku="1,1,0,1,53,1" doraHai="73" doraHaiUra="51" who="2" fromWho="2" sc="237,-10,250,-20,240,50,263,-10" /><INIT seed="2,0,0,4,3,63" ten="227,230,290,253" oya="2" hai0="7,116,121,42,41,98,122,60,115,77,39,8,110" hai1="109,120,20,11,12,61,118,16,10,84,105,38,93" hai2="15,21,101,28,103,89,47,76,73,104,34,13,82" hai3="114,9,92,87,59,106,119,18,97,52,85,117,99"/><V81/><F34/><W135/><G135/><T123/><D115/><U45/><E118/><V5/><F47/><W66/><G114/><T86/><D39/><U27/><E105/><V2/><F2/><W112/><G112/><T3/><D116/><U51/><E38/><V50/><F50/><W35/><G35/><T68/><D110/><U124/><E109/><V133/><F133/><W130/><G106/><T32/><D32/><U17/><E124/><V91/><F104/><W31/><G31/><T37/><D98/><U65/><E120/><V111/><F111/><W30/><G30/><T100/><D100/><U125/><E125/><V72/><F28/><W134/><G130/><T132/><D132/><U26/><E26/><V14/><F21/><W64/><G134/><T55/><D37/><U131/><E131/><V80/><F5/><W67/><G99/><T95/><D55/><U107/><E10/><V62/><F62/><N who="3" m="36199" /><G119/><T48/><D48/><U57/><E107/><V0/><F0/><W29/><G29/><T69/><D77/><U53/><E93/><V70/><F70/><N who="0" m="27242" /><D60/><U94/><E94/><V44/><F44/><W129/><G129/><T90/><D3/><U113/><E113/><V102/><F76/><W25/><G117/><T4/><D4/><U127/><E127/><V40/><F40/><N who="0" m="15466" /><D7/><U71/><E71/><V79/><F79/><W74/><G74/><AGARI ba="0,0" hai="13,14,15,72,73,74,80,81,82,89,91,101,102,103" machi="74" ten="50,12000,1" yaku="29,2,28,2" doraHai="63" who="2" fromWho="3" sc="227,0,230,0,290,120,253,-120" /><INIT seed="2,1,0,5,0,103" ten="227,230,410,133" oya="2" hai0="21,53,104,26,58,28,22,29,97,78,48,9,92" hai1="18,69,13,102,14,76,133,36,44,47,111,122,93" hai2="85,68,82,105,113,40,109,80,34,114,65,67,94" hai3="56,19,1,75,83,131,64,96,135,79,15,52,0"/><V125/><F34/><W100/><G131/><T108/><D104/><U119/><E119/><V33/><F33/><W71/><G135/><T59/><D108/><U112/><E69/><V23/><F40/><W72/><G64/><T99/><D78/><U46/><E112/><V16/><F105/><W77/><G71/><T11/><D59/><U87/><E36/><V89/><F109/><W27/><G27/><N who="0" m="16495" /><D99/><N who="1" m="59759" /><E111/><V73/><F125/><W124/><G124/><T128/><D128/><U25/><E133/><V20/><F20/><W54/><G54/><T4/><D4/><U129/><E122/><V2/><F2/><W107/><G77/><T117/><D117/><U8/><E129/><V51/><F73/><W88/><G75/><T6/><D6/><N who="1" m="3223" /><E25/><V38/><F38/><W41/><G41/><T37/><D37/><U123/><E123/><V12/><F113/><W30/><G30/><T61/><D48/><U70/><E70/><V3/><F3/><W63/><REACH who="3" step="1"/><G88/><AGARI ba="1,0" hai="9,11,22,26,29,53,58,61,88,92,97" m="16495" machi="88" ten="30,2000,0" yaku="8,1,54,1" doraHai="103" who="0" fromWho="3" sc="227,23,230,0,410,0,133,-23" /><INIT seed="3,0,0,5,4,52" ten="250,230,410,110" oya="3" hai0="89,56,101,28,6,1,121,46,78,61,20,26,129" hai1="17,84,63,13,95,99,14,16,34,53,42,124,87" hai2="10,76,125,36,22,54,32,83,35,68,44,111,135" hai3="18,70,105,27,58,122,123,119,3,107,55,132,51"/><W49/><G119/><T43/><D121/><U113/><E113/><V4/><F68/><W67/><G3/><T134/><D101/><N who="1" m="60671" /><E34/><V2/><F111/><W91/><G132/><T50/><D78/><U109/><E42/><N who="2" m="22599" /><F135/><W79/><G79/><T59/><D129/><U11/><E124/><V80/><F80/><W120/><G49/><T115/><D134/><U86/><E109/><V92/><F92/><W94/><G70/><T5/><D115/><U57/><E14/><V108/><F108/><W117/><G67/><N who="0" m="39335" /><D1/><U64/><E64/><V7/><F7/><AGARI ba="0,0" hai="7,11,13,16,17,53,57,63,84,86,87" m="60671" machi="7" ten="30,3900,0" yaku="8,1,52,1,54,1" doraHai="52" who="1" fromWho="2" sc="250,0,230,39,410,-39,110,0" owari="250,-15.0,269,6.9,371,47.1,110,-39.0" /></mjloggm>