<mjloggm ver="2.3"><GO type="225" lobby="0"/><UN n0="%E3%81%90%E3%81%A1%E3%82%84%E3%81%BE" n1="%E6%A1%9C%E8%8A%B1%E9%96%83%E3%80%85" n2="%E3%83%96%E3%83%83%E3%83%91%E3%82%AA%E3%83%96%E3%83%81%E3%82%AD%E3%83%B3" n3="%E3%81%AF%E3%82%88%E3%81%8A%E3%81%98%E3%81%95%E3%82%93" dan="16,16,16,17" rate="2135.55,2102.03,2187.96,2145.15" sx="M,M,M,M"/><TAIKYOKU oya="0"/><INIT seed="0,0,0,4,0,54" ten="250,250,250,250" oya="0" hai0="15,131,109,5,115,123,95,56,66,23,63,90,32" hai1="40,24,125,130,113,68,61,33,132,35,38,29,126" hai2="80,75,81,50,84,78,107,58,70,42,100,67,117" hai3="120,92,133,71,99,134,87,26,64,59,25,82,17"/><T8/><D32/><N who="1" m="20519" /><E130/><V97/><F97/><W43/><G71/><T94/><D131/><U14/><E14/><V47/><F117/><W30/><G43/><T13/><D109/><U28/><E132/><N who="3" m="50794" /><G120/><T86/><D115/><U77/><E77/><V41/><F70/><W12/><G30/><T106/><D106/><U34/><E113/><V118/><F118/><W37/><G37/><T114/><D114/><U135/><E28/><V108/><F100/><N who="3" m="60519" /><G64/><T60/><D123/><U105/><E105/><V2/><F107/><W76/><G59/><N who="0" m="37151" /><D95/><U57/><E57/><V55/><F108/><W46/><G46/><T127/><D127/><N who="1" m="48651" /><E135/><V89/><REACH who="2" step="1"/><F2/><REACH who="2" ten="250,250,240,250" step="2"/><W101/><G101/><T72/><D72/><U85/><E85/><V128/><F128/><W3/><G3/><T6/><D23/><AGARI ba="0,1" hai="12,17,23,25,26,76,82,87" m="60519,50794" machi="23" ten="30,1000,0" yaku="20,1" doraHai="54" who="3" fromWho="0" sc="250,-10,250,0,240,0,250,20" /><INIT seed="1,0,0,4,4,21" ten="240,250,240,270" oya="1" hai0="117,110,130,45,94,70,31,105,29,56,68,87,115" hai1="30,64,61,75,26,123,3,124,127,6,16,121,80" hai2="76,135,42,11,108,129,126,122,13,88,12,63,128" hai3="71,67,65,7,19,133,32,132,120,107,74,20,81"/><U92/><E92/><V53/><F122/><W23/><G120/><T109/><D115/><U17/><E121/><V37/><F108/><N who="0" m="41578" /><D117/><U34/><E123/><V114/><F114/><W98/><G32/><T82/><D105/><U78/><E6/><V15/><F76/><N who="3" m="44183" /><G23/><T73/><D130/><N who="2" m="50282" /><F135/><N who="3" m="51787" /><G71/><N who="0" m="27179" /><D56/><N who="1" m="36903" /><E3/><V41/><F126/><AGARI ba="0,0" hai="16,17,26,30,34,75,78,80,124,126,127" m="36903" machi="126" ten="30,5800,0" yaku="18,1,52,1,54,1" doraHai="21" who="1" fromWho="2" sc="240,0,250,58,240,-58,270,0" /><INIT seed="1,1,0,4,4,47" ten="240,308,182,270" oya="1" hai0="63,16,13,58,49,76,7,1,3,66,79,94,123" hai1="129,52,50,120,112,14,54,74,60,32,59,132,72" hai2="99,20,127,92,61,46,10,23,69,103,85,29,78" hai3="105,38,100,27,30,25,57,44,124,130,98,12,121"/><U55/><E112/><V115/><F127/><W48/><G121/><T18/><D123/><U108/><E120/><V113/><F29/><W24/><G124/><T28/><D1/><U90/><E129/><V31/><F10/><W26/><G130/><T82/><D28/><U22/><E32/><V2/><F2/><W21/><G57/><T41/><D94/><U73/><E132/><V42/><F69/><W126/><G126/><T117/><D117/><U109/><E90/><V11/><F61/><W128/><G38/><T45/><D3/><U0/><E0/><V97/><F11/><W106/><G12/><T89/><D7/><U53/><REACH who="1" step="1"/><E60/><REACH who="1" ten="240,298,182,270" step="2"/><V77/><F115/><W81/><G128/><T43/><D89/><U86/><E86/><V35/><F85/><W56/><G81/><T101/><D101/><U83/><E83/><V122/><F103/><W111/><G100/><T93/><D82/><U119/><E119/><V116/><F116/><W70/><G30/><T131/><D131/><U75/><N who="1" m="18432" /><DORA hai="96" /><U67/><E67/><V88/><F31/><W62/><G62/><T6/><D66/><U34/><E34/><V114/><F35/><W36/><G98/><N who="2" m="37385" /><F122/><W102/><G102/><T4/><D63/><U64/><E64/><V95/><F114/><W107/><G106/><T65/><D65/><U39/><E39/><N who="2" m="21855" /><F113/><W118/><G107/><T51/><D93/><N who="2" m="35914" /><F88/><W40/><G105/><T135/><D79/><U8/><E8/><V37/><F37/><W91/><G36/><T125/><D125/><U110/><E110/><V87/><F78/><W80/><G118/><RYUUKYOKU ba="1,1" sc="240,-15,298,15,182,15,270,-15" hai1="14,22,50,52,53,54,55,59,108,109" hai2="20,23,77,87" /><INIT seed="1,2,1,1,5,84" ten="225,313,197,255" oya="1" hai0="88,83,2,101,79,49,81,93,16,78,102,37,65" hai1="124,43,105,118,104,67,11,19,64,31,107,112,68" hai2="89,114,42,44,46,130,85,132,108,97,56,39,38" hai3="110,51,62,41,74,82,15,59,106,7,63,24,35"/><U58/><E112/><V98/><F114/><W28/><G106/><T5/><D37/><U32/><E118/><V12/><F108/><W87/><G74/><T50/><D2/><U72/><E72/><V14/><F130/><W45/><G110/><T116/><D116/><U94/><E68/><V25/><F132/><W96/><G96/><N who="0" m="57383" /><D5/><U29/><E124/><V127/><F127/><W113/><G113/><T91/><D65/><U109/><E109/><V100/><F56/><W103/><G103/><N who="0" m="39435" /><D16/><U55/><E64/><V8/><F25/><W18/><G7/><T90/><D81/><U9/><E67/><V123/><F123/><W54/><G18/><T61/><D61/><U135/><E19/><V30/><F30/><W77/><G15/><T73/><D73/><U3/><E29/><V129/><F129/><W22/><G35/><T0/><D0/><U21/><E3/><V131/><F131/><W34/><G34/><T57/><D83/><U53/><E32/><V126/><F126/><W48/><AGARI ba="2,1" hai="22,24,28,41,45,48,51,54,59,62,63,77,82,87" machi="48" ten="20,2700,0" yaku="0,1,7,1,8,1" doraHai="84" who="3" fromWho="3" sc="225,-9,313,-15,197,-9,255,43" /><INIT seed="2,0,0,5,0,20" ten="216,298,188,298" oya="2" hai0="95,54,96,18,90,78,51,57,49,88,37,69,26" hai1="50,1,114,0,56,27,92,15,109,5,101,29,125" hai2="115,130,99,74,135,7,62,72,100,87,106,104,75" hai3="23,112,34,133,126,11,10,28,134,45,4,17,48"/><V98/><F115/><W85/><G112/><T33/><D37/><U110/><E114/><V117/><F7/><W25/><G85/><T67/><D78/><U103/><E125/><V65/><F117/><W70/><G70/><T39/><D39/><U21/><E50/><V132/><F130/><W13/><G126/><T60/><D51/><U128/><E56/><V40/><F40/><W14/><REACH who="3" step="1"/><G34/><REACH who="3" ten="216,298,188,288" step="2"/><T118/><D118/><U131/><E131/><V91/><F65/><W12/><G12/><T83/><D33/><U43/><E15/><V105/><F62/><W121/><G121/><T68/><D68/><U52/><E0/><V64/><F64/><W24/><G24/><T36/><D36/><U120/><E120/><V94/><REACH who="2" step="1"/><F99/><REACH who="2" ten="216,298,178,288" step="2"/><W2/><G2/><T122/><D122/><U58/><E128/><V55/><F55/><AGARI ba="0,2" hai="4,10,11,13,14,17,23,25,28,45,48,55,133,134" machi="55" ten="40,2600,0" yaku="1,1,52,1,53,0" doraHai="20" doraHaiUra="66" who="3" fromWho="2" sc="216,0,298,0,178,-26,288,46" /><INIT seed="3,0,0,3,5,99" ten="216,298,152,334" oya="3" hai0="20,78,72,122,92,86,83,18,74,127,7,87,131" hai1="26,90,111,29,43,68,42,19,2,38,47,5,85" hai2="132,21,14,77,11,134,4,23,112,6,119,60,110" hai3="13,76,107,102,39,1,94,101,24,37,108,50,106"/><W73/><G1/><T75/><D7/><U82/><E111/><V22/><F77/><W58/><G24/><T80/><D122/><U54/><E68/><V95/><F60/><W98/><G13/><T109/><D109/><U66/><E66/><V65/><F65/><W120/><G108/><T15/><D131/><U28/><E43/><V55/><F55/><W52/><G120/><T81/><D127/><U114/><E114/><V33/><F95/><W16/><G16/><T36/><D36/><U121/><E121/><V63/><F63/><W67/><G67/><T30/><D30/><U56/><E2/><V124/><F110/><W12/><G12/><T113/><D113/><U69/><E5/><V41/><F41/><W61/><G50/><T10/><D10/><U79/><E69/><V64/><F64/><W125/><G125/><T27/><D15/><U3/><E3/><V97/><F97/><N who="3" m="61743" /><G94/><T70/><D70/><U103/><E19/><V71/><F71/><W53/><G53/><T34/><D34/><U0/><E0/><V118/><F124/><W116/><G116/><N who="2" m="44585" /><F112/><W9/><G9/><T130/><D92/><U31/><E54/><V44/><F44/><W88/><G88/><T40/><D40/><U84/><E90/><V35/><F6/><W128/><G76/><T135/><D78/><U93/><E79/><V133/><AGARI ba="0,0" hai="4,11,14,21,22,23,33,35,132,133,134" m="44585" machi="133" ten="40,5200,0" yaku="20,1,34,2" doraHai="99" who="2" fromWho="2" sc="216,-13,298,-13,152,52,334,-26" owari="203,-29.7,285,8.5,204,-19.6,308,40.8" /></mjloggm>