<mjloggm ver="2.3"><GO type="225" lobby="0"/><UN n0="%E6%9C%88%E5%B3%B6%E5%9F%BA" n1="%E3%81%AF%E3%82%88%E3%81%8A%E3%81%98%E3%81%95%E3%82%93" n2="%E3%83%A9%E3%83%BC%E3%83%A1%E3%83%B3%E4%BA%94%E9%83%8E" n3="%E3%81%BD%E3%81%A1%E3%81%9F%E3%81%93%E3%82%84" dan="18,17,16,17" rate="2222.72,2136.69,2170.60,2178.71" sx="M,M,M,M"/><TAIKYOKU oya="0"/><INIT seed="0,0,0,0,3,29" ten="250,250,250,250" oya="0" hai0="85,65,21,107,111,127,4,97,87,16,26,123,56" hai1="128,134,66,7,13,14,58,69,124,3,121,91,60" hai2="22,115,61,98,113,25,89,47,109,8,95,59,80" hai3="0,81,75,2,110,12,18,103,112,72,10,106,84"/><T15/><D123/><U83/><E121/><V50/><F109/><W55/><G110/><T42/><D111/><U27/><E124/><V37/><F8/><W54/><G112/><T96/><D127/><U133/><E128/><V17/><F80/><W67/><G67/><T49/><D107/><U32/><E69/><V82/><F82/><W105/><G105/><T52/><D42/><U73/><E3/><V101/><F101/><W1/><G103/><T114/><D65/><U39/><E39/><V35/><F35/><W6/><G106/><T74/><D74/><U23/><E32/><V132/><F37/><W20/><G75/><T38/><D38/><U11/><E14/><V125/><F132/><W43/><G43/><T93/><D114/><U100/><E100/><V131/><F131/><W129/><G72/><T120/><D120/><U116/><E116/><V31/><F31/><W28/><G28/><T51/><D51/><U94/><E83/><V108/><F108/><W118/><G118/><T64/><D64/><U46/><E46/><V76/><F76/><W9/><G129/><T45/><D45/><U117/><E73/><V126/><F126/><W130/><G130/><T135/><D135/><U36/><E36/><V90/><F125/><W57/><G9/><N who="0" m="4519" /><D97/><N who="1" m="57567" /><E117/><V19/><F115/><W33/><G33/><T78/><D78/><U71/><E71/><V63/><F113/><W30/><G6/><T88/><AGARI ba="0,0" hai="16,21,26,49,52,56,85,87,88,93,96" m="4519" machi="88" ten="30,11700,0" yaku="8,1,54,3" doraHai="29" who="0" fromWho="0" sc="250,117,250,-39,250,-39,250,-39" /><INIT seed="0,1,0,5,0,41" ten="367,211,211,211" oya="0" hai0="123,99,75,79,54,84,57,101,114,92,17,63,82" hai1="107,86,95,94,4,55,18,49,58,1,13,127,97" hai2="32,60,116,31,8,89,133,56,38,62,12,100,42" hai3="73,78,11,29,106,65,80,48,118,98,130,7,46"/><T71/><D114/><U5/><E127/><V102/><F133/><W105/><G118/><T74/><D123/><U67/><E1/><V9/><F116/><W21/><G130/><T110/><D71/><U34/><E34/><V68/><F68/><W20/><G65/><T10/><D110/><U40/><E107/><V90/><F31/><W3/><G98/><T125/><D125/><U76/><E67/><V0/><F32/><W103/><G103/><T77/><D75/><U128/><E128/><V51/><F38/><W23/><REACH who="3" step="1"/><G29/><REACH who="3" ten="367,211,211,201" step="2"/><T109/><D101/><U93/><E97/><V37/><F102/><W39/><G39/><T44/><D99/><U121/><E121/><V85/><F37/><W27/><G27/><T19/><D109/><U132/><E132/><V83/><F100/><W14/><G14/><T61/><D74/><U24/><E24/><V70/><F0/><W33/><G33/><T2/><D2/><U66/><E66/><N who="2" m="41287" /><F12/><W113/><G113/><T111/><D111/><U45/><E13/><V112/><F112/><W64/><G64/><T122/><D122/><U91/><E18/><V126/><F126/><W53/><AGARI ba="1,1" hai="3,7,11,20,21,23,46,48,53,73,78,80,105,106" machi="53" ten="30,4000,0" yaku="1,1,0,1,52,1,53,0" doraHai="41" doraHaiUra="22" who="3" fromWho="3" sc="367,-21,211,-11,211,-11,201,53" /><INIT seed="1,0,0,5,5,6" ten="346,200,200,254" oya="1" hai0="117,124,33,81,0,131,98,44,103,18,107,95,133" hai1="32,26,90,51,46,109,84,25,110,19,126,127,30" hai2="69,85,42,135,93,112,58,97,123,106,37,50,129" hai3="67,16,104,62,35,66,34,39,40,125,8,23,21"/><U73/><E73/><V121/><F69/><W89/><G104/><T63/><D0/><U65/><E65/><V45/><F106/><W9/><G125/><N who="1" m="47626" /><E26/><V100/><F129/><W4/><G39/><T130/><D124/><U7/><E19/><V94/><F135/><W116/><G40/><T38/><D133/><U11/><E84/><V79/><F112/><W59/><G116/><T102/><D117/><U108/><E90/><V71/><F71/><W55/><G23/><T88/><D18/><U22/><E32/><V115/><F115/><W29/><G29/><T83/><D33/><U2/><E51/><V82/><REACH who="2" step="1"/><F94/><REACH who="2" ten="346,200,190,254" step="2"/><W3/><G35/><T36/><D95/><U68/><E68/><V14/><F14/><W31/><G34/><T15/><D107/><U77/><E77/><V61/><F61/><W120/><G62/><T60/><D60/><U86/><E86/><V57/><F57/><W114/><G59/><T54/><D63/><U75/><E75/><V52/><AGARI ba="0,1" hai="37,42,45,50,52,58,79,82,85,93,97,100,121,123" machi="52" ten="30,7900,0" yaku="1,1,0,1,54,1,53,1" doraHai="6" doraHaiUra="49" who="2" fromWho="2" sc="346,-20,200,-39,190,89,254,-20" /><INIT seed="2,0,0,2,3,53" ten="326,161,279,234" oya="2" hai0="96,126,121,4,18,24,109,114,43,66,58,85,90" hai1="116,31,89,52,5,7,10,14,132,26,107,22,60" hai2="36,110,42,37,57,27,15,92,6,87,115,11,44" hai3="56,118,21,88,102,106,45,73,61,47,131,3,75"/><V13/><F115/><W103/><G118/><T64/><D114/><U74/><E116/><V108/><F27/><W91/><G3/><T120/><D109/><N who="2" m="42090" /><F15/><W130/><G21/><N who="0" m="13367" /><D126/><U128/><E74/><N who="3" m="28170" /><G106/><T71/><D71/><U113/><E113/><V38/><F92/><W19/><G19/><T129/><D129/><N who="3" m="49161" /><G45/><T117/><D4/><N who="1" m="3399" /><E107/><V82/><F57/><W8/><G47/><T30/><D58/><N who="1" m="34887" /><E132/><V98/><F98/><W97/><G8/><T69/><D96/><U54/><E128/><V123/><F123/><W48/><G97/><T133/><D117/><U134/><E134/><V101/><F101/><N who="3" m="38411" /><G48/><T2/><D2/><U33/><E33/><V124/><F124/><W112/><G112/><T51/><D51/><U40/><E40/><V83/><F37/><W39/><G39/><T104/><D104/><U12/><E54/><AGARI ba="0,0" hai="54,56,61,88,91" m="38411,49161,28170" machi="54" ten="30,3900,0" yaku="19,1,52,1,54,1" doraHai="53" who="3" fromWho="1" sc="326,0,161,-39,279,0,234,39" /><INIT seed="3,0,0,4,2,120" ten="326,122,279,273" oya="3" hai0="6,37,134,89,4,123,31,84,68,43,100,108,130" hai1="119,30,33,75,47,56,9,46,115,32,81,28,69" hai2="91,24,0,63,103,135,5,53,17,96,132,97,13" hai3="12,40,50,36,60,124,109,27,93,3,101,71,118"/><W92/><G3/><T127/><D123/><U86/><E115/><V76/><F76/><W98/><G118/><T125/><D68/><U35/><E69/><V95/><F24/><W39/><G124/><N who="0" m="47691" /><D134/><N who="2" m="51242" /><F0/><W133/><G133/><T88/><D130/><U41/><E75/><V107/><F5/><W45/><G109/><T44/><D108/><U25/><E119/><V79/><F79/><W122/><G122/><T78/><D31/><U14/><E56/><N who="2" m="35215" /><F17/><W102/><G27/><T114/><D114/><U20/><E46/><V105/><F13/><W106/><G12/><T26/><D26/><U29/><E32/><V8/><F8/><W38/><REACH who="3" step="1"/><G102/><REACH who="3" ten="326,122,279,263" step="2"/><T23/><D100/><U11/><E33/><V10/><F10/><W64/><AGARI ba="0,1" hai="36,38,39,40,45,50,60,64,71,92,93,98,101,106" machi="64" ten="40,7800,0" yaku="1,1,2,1,0,1,53,0" doraHai="120" doraHaiUra="22" who="3" fromWho="3" sc="326,-26,122,-26,279,-26,263,88" owari="300,10.0,96,-40.4,253,-14.7,351,45.1" /></mjloggm>