<mjloggm ver="2.3"><GO type="225" lobby="0"/><UN n0="%E4%B8%89%E5%88%86%E5%B0%8F%E5%83%A7" n1="%E3%82%8F%E3%81%A3%E3%81%97%E3%82%87%E3%81%84%E5%90%9B%32%E5%8F%B7" n2="%E6%97%A5%E6%9B%9C%E6%97%A5%E3%82%88%E3%82%8A%E3%81%AE%E4%BD%BF%E8%80%85" n3="%E6%98%93%E5%88%A9%E8%96%A9%E4%BC%AF" dan="16,20,16,17" rate="2067.32,2245.13,2165.59,2142.44" sx="M,M,M,F"/><TAIKYOKU oya="0"/><INIT seed="0,0,0,0,3,61" ten="250,250,250,250" oya="0" hai0="78,119,105,132,94,125,92,121,97,108,86,55,115" hai1="39,112,29,21,22,74,90,32,62,68,35,3,15" hai2="96,82,64,118,122,123,102,131,57,66,72,116,37" hai3="48,19,128,2,52,9,51,46,111,107,109,77,14"/><T8/><D115/><U81/><E39/><V25/><F37/><W76/><G107/><T17/><D119/><N who="2" m="45610" /><F57/><W99/><G128/><T44/><D121/><N who="2" m="46090" /><F25/><W6/><G99/><T95/><D125/><U75/><E112/><V114/><F114/><W28/><G28/><T71/><D71/><U47/><E29/><V124/><F124/><W134/><G134/><T73/><D132/><U11/><E47/><V129/><F82/><W36/><G51/><N who="0" m="29159" /><D73/><U63/><E81/><V101/><F72/><W60/><G36/><T117/><D105/><U33/><E74/><V49/><F49/><W58/><G111/><T30/><D108/><U34/><E75/><V54/><F54/><W69/><G69/><T110/><D110/><U4/><E68/><V27/><F27/><W91/><G91/><N who="0" m="55455" /><D30/><U24/><E90/><V98/><F98/><W130/><G130/><N who="2" m="49673" /><F102/><W10/><REACH who="3" step="1"/><G109/><REACH who="3" ten="250,250,250,240" step="2"/><T70/><D70/><U93/><E35/><V100/><F101/><W120/><G120/><T80/><D117/><U41/><E32/><V89/><F89/><W12/><G12/><AGARI ba="0,1" hai="8,12,17,78,80,86,94,95" m="55455,29159" machi="12" ten="30,1500,0" yaku="8,1" doraHai="61" who="0" fromWho="3" sc="250,25,250,0,250,0,240,-15" /><INIT seed="0,1,0,4,0,103" ten="275,250,250,225" oya="0" hai0="110,60,115,14,70,75,130,21,124,12,27,23,92" hai1="61,105,22,67,119,16,118,64,10,2,24,114,85" hai2="65,37,43,74,4,86,36,13,7,26,38,68,71" hai3="134,3,29,45,6,8,41,47,46,11,42,94,122"/><T0/><D0/><U1/><E64/><V52/><F74/><W108/><G108/><T129/><D115/><U33/><E114/><V125/><F125/><W87/><G134/><T58/><D70/><U83/><E33/><V32/><F43/><W72/><G72/><T100/><D75/><U55/><E55/><V79/><F65/><W25/><G122/><T51/><D124/><U95/><E95/><V127/><F127/><W30/><G11/><T121/><D121/><U117/><E105/><V126/><F126/><W53/><G53/><T120/><D120/><U56/><REACH who="1" step="1"/><E10/><REACH who="1" ten="275,240,250,225" step="2"/><V31/><F52/><W76/><G94/><T40/><D110/><U109/><E109/><V132/><F32/><W5/><G8/><T131/><D40/><U49/><E49/><V59/><F38/><W48/><G42/><T107/><D51/><U98/><E98/><V99/><F37/><W104/><G48/><T88/><D107/><U50/><E50/><V116/><F99/><W80/><G104/><T54/><D100/><U102/><E102/><V82/><F36/><W89/><G41/><T34/><D34/><U111/><E111/><V97/><F97/><W128/><G47/><T18/><D23/><U17/><E17/><V101/><F101/><W77/><G46/><T63/><D63/><U66/><E66/><V106/><F106/><W133/><G45/><T81/><D81/><U62/><E62/><V78/><F82/><W44/><G80/><T28/><D18/><U135/><E135/><V19/><F132/><W93/><G133/><T15/><D130/><U113/><E113/><RYUUKYOKU ba="1,1" sc="275,15,240,15,250,-15,225,-15" hai0="12,14,15,21,27,28,54,58,60,88,92,129,131" hai1="1,2,16,22,24,56,61,67,83,85,117,118,119" /><INIT seed="0,2,1,4,5,58" ten="290,255,235,210" oya="0" hai0="91,49,29,72,50,48,126,27,102,40,35,115,100" hai1="28,4,123,69,15,114,31,77,105,117,53,103,127" hai2="7,46,60,0,62,124,86,22,59,45,125,9,13" hai3="122,99,135,66,6,14,19,17,85,67,129,5,65"/><T36/><D115/><U3/><E114/><V74/><F74/><W112/><G112/><T73/><D126/><N who="2" m="48746" /><F86/><W52/><G135/><T71/><D71/><U54/><E103/><V34/><F34/><W134/><G134/><T44/><D100/><U51/><E105/><V118/><F118/><W39/><G39/><T70/><D70/><U101/><E101/><V93/><F93/><W43/><G43/><T42/><D42/><U21/><E28/><V56/><F22/><W64/><G129/><T92/><REACH who="0" step="1"/><D102/><REACH who="0" ten="280,255,235,210" step="2"/><U108/><E69/><V18/><F0/><W96/><G122/><T94/><D94/><U130/><E3/><V41/><F41/><W131/><G131/><T89/><D89/><U109/><E123/><V26/><F7/><W10/><G6/><T90/><D90/><U55/><E4/><V106/><F106/><W107/><G107/><T12/><D12/><U120/><E15/><V80/><F26/><W84/><N who="3" m="16384" /><DORA hai="79" /><W33/><G14/><T20/><D20/><U76/><E21/><V113/><F113/><W75/><G5/><T11/><D11/><U88/><E127/><V98/><F9/><W104/><G10/><T23/><D23/><U24/><E130/><V116/><F13/><W47/><G104/><T132/><D132/><U16/><E24/><V1/><F1/><W37/><G19/><T30/><D30/><U110/><E31/><V32/><F18/><W121/><G17/><T82/><D82/><U81/><E16/><V25/><F80/><W97/><G121/><T87/><AGARI ba="2,2" hai="27,29,35,36,40,44,48,49,50,72,73,87,91,92" machi="87" ten="30,3000,0" yaku="1,1,0,1,53,0" doraHai="58,79" doraHaiUra="111,119" who="0" fromWho="0" sc="280,56,255,-12,235,-12,210,-12" /><INIT seed="0,3,0,1,1,109" ten="336,243,223,198" oya="0" hai0="75,127,76,104,1,54,67,43,36,112,85,105,41" hai1="134,9,129,25,126,21,47,90,23,62,103,97,131" hai2="74,81,53,28,111,106,18,40,66,50,46,2,108" hai3="128,32,34,33,107,87,114,57,45,4,96,83,10"/><T20/><D75/><U59/><E126/><V60/><F106/><W77/><G128/><N who="1" m="49226" /><E134/><V70/><F2/><W95/><G107/><T123/><D1/><U39/><E90/><V0/><F0/><W93/><G57/><T26/><D123/><U3/><E47/><V135/><F28/><W24/><G45/><T73/><D73/><U116/><E39/><N who="2" m="21791" /><F18/><W115/><G24/><T122/><D67/><N who="1" m="39391" /><E116/><V98/><F98/><W56/><G56/><T68/><D68/><U19/><E3/><V63/><F81/><W64/><G64/><T15/><D122/><U118/><E118/><V42/><F74/><W48/><G48/><T37/><D37/><U82/><E82/><V117/><F117/><W6/><G95/><T102/><D105/><N who="1" m="63727" /><E21/><V113/><F42/><W5/><REACH who="3" step="1"/><G10/><AGARI ba="3,0" hai="9,10,19,23,25" m="63727,39391,49226" machi="10" ten="30,1000,0" yaku="19,1" doraHai="109" who="1" fromWho="3" sc="336,0,243,19,223,0,198,-19" /><INIT seed="1,0,0,4,2,121" ten="336,262,223,179" oya="1" hai0="130,79,51,35,15,10,54,8,22,28,1,105,86" hai1="48,85,26,24,88,91,6,83,118,117,64,2,18" hai2="76,21,23,16,11,9,89,14,84,124,53,109,106" hai3="103,90,101,56,126,43,29,132,75,55,131,58,25"/><U4/><E2/><V129/><F106/><W92/><G75/><T61/><D35/><U113/><E113/><V67/><F124/><W128/><G126/><T62/><D105/><U68/><E68/><V63/><F129/><W123/><G123/><T93/><D1/><U104/><E104/><V42/><F109/><W102/><G43/><T115/><D115/><U119/><E64/><V134/><F134/><W108/><G132/><T31/><D8/><U74/><E74/><V27/><F42/><W47/><G47/><T66/><D22/><U107/><E107/><V49/><F76/><W19/><G19/><T17/><D130/><N who="3" m="49705" /><G55/><T41/><D41/><U5/><E48/><V32/><F32/><N who="3" m="20527" /><G108/><T125/><D125/><U57/><E57/><N who="2" m="32943" /><F63/><N who="0" m="24074" /><D66/><U81/><E18/><N who="2" m="12727" /><F67/><W7/><G7/><T39/><D39/><U60/><E60/><V98/><F98/><AGARI ba="0,0" hai="56,58,90,92,98,101,102,103" m="20527,49705" machi="98" ten="30,1000,0" yaku="19,1" doraHai="121" who="3" fromWho="2" sc="336,0,262,0,223,-10,179,10" /><INIT seed="2,0,0,1,0,52" ten="336,262,213,189" oya="2" hai0="46,22,15,48,96,114,56,49,62,18,64,11,76" hai1="61,87,123,77,130,44,118,125,109,117,74,6,13" hai2="104,107,42,112,45,41,2,98,113,8,105,102,70" hai3="116,59,73,10,88,16,29,17,19,3,124,23,100"/><V128/><F128/><W93/><G116/><T115/><D76/><U14/><E74/><V80/><F70/><W72/><G100/><T126/><D126/><U66/><E130/><V60/><F60/><W39/><G39/><T5/><D96/><U86/><E125/><V106/><F80/><W47/><G47/><T33/><D33/><U1/><E1/><V37/><REACH who="2" step="1"/><F42/><REACH who="2" ten="336,262,203,189" step="2"/><W12/><G124/><T54/><D49/><U65/><E61/><V40/><F40/><W20/><G73/><T26/><AGARI ba="0,1" hai="5,11,15,18,22,26,46,48,54,56,62,64,114,115" machi="26" ten="20,2700,0" yaku="0,1,7,1,52,1" doraHai="52" who="0" fromWho="0" sc="336,37,262,-7,203,-13,189,-7" /><INIT seed="3,0,0,2,0,117" ten="373,255,190,182" oya="3" hai0="126,110,94,84,127,135,55,54,71,80,76,56,13" hai1="100,123,31,48,40,28,122,134,11,58,82,113,16" hai2="104,22,65,87,107,0,86,130,90,98,131,17,132" hai3="45,1,61,41,63,5,102,73,67,101,15,83,128"/><W99/><G128/><N who="2" m="49193" /><F132/><W37/><G15/><T53/><D71/><U93/><E113/><V52/><F0/><W44/><G44/><T47/><D135/><U57/><E57/><V70/><F52/><W125/><G125/><N who="0" m="47627" /><D47/><U9/><E82/><N who="2" m="49495" /><F87/><W133/><G133/><T116/><D110/><U35/><E58/><V14/><F98/><W79/><G67/><T49/><D116/><U24/><E134/><V21/><F21/><W111/><G111/><T25/><D25/><U96/><E28/><V66/><F65/><W30/><G30/><T39/><D56/><U23/><E48/><V4/><F4/><W34/><G34/><T97/><D39/><U112/><E40/><V106/><F106/><N who="3" m="63807" /><G102/><N who="0" m="60727" /><D49/><U20/><E112/><V33/><F33/><W121/><G121/><T64/><D64/><U124/><E124/><V88/><F66/><W119/><G119/><T2/><D13/><U108/><E108/><V77/><F70/><W91/><G91/><T92/><D2/><U18/><E35/><V8/><F88/><W68/><G68/><T7/><D7/><U38/><E38/><V3/><F3/><W115/><G115/><T59/><D59/><U78/><E31/><V60/><F60/><W109/><G109/><T81/><D55/><U120/><E78/><V62/><F77/><W72/><G72/><T89/><D76/><U32/><REACH who="1" step="1"/><E32/><REACH who="1" ten="373,245,190,182" step="2"/><V19/><F62/><W26/><G26/><AGARI ba="0,1" hai="9,11,16,18,20,23,24,26,93,96,100,120,122,123" machi="26" ten="40,12000,2" yaku="1,1,2,1,9,1,52,3,54,1,53,0" doraHai="117" doraHaiUra="85" who="1" fromWho="3" sc="373,0,245,130,190,0,182,-120" /><AGARI ba="0,0" hai="8,14,17,19,22,26,104,107" m="49495,49193" machi="26" ten="30,1000,0" yaku="19,1" doraHai="117" who="2" fromWho="3" sc="373,0,375,0,190,10,62,-10" owari="373,17.3,375,47.5,200,-20.0,52,-44.8" /></mjloggm>