<mjloggm ver="2.3"><GO type="225" lobby="0"/><UN n0="%E3%81%BF%E3%81%BF%E3%81%9A" n1="%E3%82%BC%E3%83%AB%E3%83%80%E3%81%AE%E4%BC%9D%E8%AA%AC" n2="%E9%A6%AC%E5%BC%95%E7%81%AB%33" n3="%70%68%65%6E%6F%6D%65" dan="17,17,16,16" rate="2183.14,2134.39,2141.92,2179.14" sx="M,M,M,M"/><TAIKYOKU oya="0"/><INIT seed="0,0,0,0,3,22" ten="250,250,250,250" oya="0" hai0="100,0,77,83,115,26,32,80,60,94,73,70,12" hai1="111,65,25,16,124,58,35,120,34,8,21,66,130" hai2="17,39,45,92,87,29,52,90,101,13,84,122,74" hai3="85,30,3,28,86,126,131,129,50,96,10,43,72"/><T117/><D115/><U40/><E120/><V108/><F122/><W76/><G72/><T2/><D117/><U55/><E111/><V38/><F74/><W42/><G96/><T33/><D83/><U123/><E123/><V114/><F114/><W5/><G126/><T71/><D12/><U24/><E124/><V15/><F108/><W7/><G50/><T97/><D32/><U59/><E130/><V1/><F1/><W68/><G68/><T112/><D112/><U125/><E125/><V103/><F29/><W81/><G7/><T69/><REACH who="0" step="1"/><D60/><REACH who="0" ten="240,250,250,250" step="2"/><U135/><E135/><V64/><F15/><W113/><G113/><T95/><D95/><U44/><E35/><V105/><F13/><W119/><G119/><T121/><D121/><U18/><E34/><V31/><F92/><W128/><G81/><T4/><D4/><U67/><E8/><V37/><F105/><W82/><G82/><T19/><D19/><U36/><E55/><V132/><F17/><W57/><G28/><AGARI ba="0,1" hai="0,2,26,28,33,69,70,71,73,77,80,94,97,100" machi="28" ten="40,3900,0" yaku="1,1,52,1,53,0" doraHai="22" doraHaiUra="46" who="0" fromWho="3" sc="240,49,250,0,250,0,250,-39" /><INIT seed="0,1,0,2,3,92" ten="289,250,250,211" oya="0" hai0="60,52,134,77,56,48,61,31,22,85,63,5,46" hai1="100,20,28,30,42,6,135,132,25,116,79,38,105" hai2="131,44,111,49,91,104,86,0,26,103,106,18,84" hai3="9,51,129,47,50,62,74,114,120,117,67,126,88"/><T58/><D134/><N who="1" m="51243" /><E116/><V54/><F0/><W78/><G117/><T69/><D69/><U109/><E109/><V68/><F68/><W76/><G114/><T125/><D125/><U29/><E6/><V10/><F111/><W11/><G126/><T2/><D2/><U24/><E79/><N who="3" m="30250" /><G74/><T53/><D5/><U39/><E42/><V87/><F131/><W55/><G129/><T41/><D61/><U124/><E124/><V82/><F26/><N who="1" m="10345" /><E20/><V13/><F103/><W57/><G120/><T70/><D70/><U19/><E19/><V96/><F96/><AGARI ba="1,0" hai="28,29,30,38,39,96,100,105" m="10345,51243" machi="96" ten="40,2600,0" yaku="20,1,52,1" doraHai="92" who="1" fromWho="2" sc="289,0,250,29,250,-29,211,0" /><INIT seed="1,0,0,0,4,109" ten="289,279,221,211" oya="1" hai0="60,20,61,127,70,9,129,132,37,38,69,94,81" hai1="49,126,32,104,115,34,26,99,113,92,4,44,73" hai2="36,78,123,80,82,119,35,23,57,41,52,95,0" hai3="16,7,1,122,30,110,125,62,2,118,128,86,59"/><U134/><E73/><V66/><F119/><W3/><G118/><T19/><D9/><U98/><E4/><V112/><F123/><W8/><G122/><T121/><D121/><U17/><E126/><V101/><F35/><W85/><G110/><T21/><D127/><U96/><E104/><V46/><F0/><W116/><G116/><T76/><D94/><U15/><E92/><V50/><F66/><W100/><G125/><T135/><D129/><U42/><E134/><N who="0" m="51241" /><D61/><U67/><E67/><V47/><F57/><W22/><G30/><T97/><D97/><U51/><E51/><V53/><F23/><N who="0" m="8778" /><D19/><U5/><E5/><V11/><F11/><W107/><G128/><T64/><D70/><U63/><E63/><V117/><F117/><W130/><G130/><T68/><D69/><U43/><E43/><V33/><F53/><W55/><G100/><T103/><D103/><U88/><E26/><V24/><F24/><W91/><G107/><T106/><D106/><U29/><E29/><V39/><F33/><W93/><REACH who="3" step="1"/><G85/><AGARI ba="0,0" hai="37,38,60,64,68,76,81,85" m="8778,51241" machi="85" ten="30,1000,0" yaku="20,1" doraHai="109" who="0" fromWho="3" sc="289,10,279,0,221,0,211,-10" /><INIT seed="2,0,0,0,2,87" ten="299,279,221,201" oya="2" hai0="44,132,63,111,13,36,101,12,75,107,116,118,90" hai1="4,112,39,119,86,108,21,127,25,31,104,57,129" hai2="43,37,24,35,80,10,128,71,19,93,48,30,113" hai3="102,7,61,91,52,40,1,58,6,105,98,84,68"/><V51/><F113/><W134/><G134/><T20/><D111/><U70/><E70/><V9/><F71/><W106/><G106/><T79/><D132/><U11/><E39/><V67/><F67/><W55/><G40/><N who="0" m="22535" /><D63/><U56/><E119/><N who="0" m="45609" /><D90/><U109/><E104/><V62/><F62/><W54/><G68/><T103/><D20/><U69/><E69/><V89/><F128/><W16/><G16/><T5/><D5/><U85/><E129/><V41/><F80/><W14/><G1/><T78/><D75/><U131/><E131/><V72/><F72/><W47/><G47/><T23/><D103/><U32/><E112/><V27/><F37/><W33/><G33/><T59/><D59/><N who="1" m="22603" /><E127/><V34/><F19/><W64/><REACH who="3" step="1"/><G14/><REACH who="3" ten="299,279,221,191" step="2"/><N who="0" m="5739" /><D23/><U53/><E21/><V81/><F35/><W100/><G100/><T22/><D22/><U92/><E32/><V133/><F133/><W66/><G66/><T29/><D29/><U60/><E31/><V0/><F34/><W95/><AGARI ba="0,1" hai="6,7,52,54,55,58,61,64,84,91,95,98,102,105" machi="95" ten="30,7900,0" yaku="1,1,0,1,52,1,54,1,53,0" doraHai="87" doraHaiUra="124" who="3" fromWho="3" sc="299,-20,279,-20,221,-39,191,89" /><INIT seed="3,0,0,1,1,6" ten="279,259,182,280" oya="3" hai0="10,45,82,28,132,72,23,33,100,26,36,24,73" hai1="121,18,83,107,44,65,25,2,86,135,112,116,34" hai2="3,12,78,19,122,102,91,16,22,41,58,52,117" hai3="126,57,92,15,77,37,99,8,31,88,27,74,56"/><W95/><G126/><T42/><D132/><U0/><E121/><V114/><F114/><W14/><G37/><T21/><D100/><U47/><E107/><V59/><F117/><W133/><G133/><T4/><D82/><U89/><E112/><V55/><F3/><W13/><G74/><T123/><D123/><U128/><E135/><V79/><F122/><W63/><G77/><N who="2" m="29193" /><F41/><W134/><G134/><T131/><D131/><U124/><E65/><V129/><F129/><W85/><G63/><T49/><D36/><U96/><E128/><V30/><F102/><W130/><G130/><T46/><D46/><U125/><E96/><V54/><F30/><W120/><G120/><T32/><D32/><U17/><E116/><V98/><F19/><N who="1" m="7177" /><E2/><V68/><F68/><W113/><G113/><T1/><D33/><U43/><E43/><V66/><F66/><W7/><G56/><T38/><D38/><U61/><E61/><V62/><F62/><W50/><G57/><T97/><D97/><U60/><E60/><V75/><F75/><W70/><G50/><T111/><D111/><U11/><E34/><V48/><F48/><W119/><G70/><T118/><D118/><U87/><E87/><V35/><F35/><W101/><G119/><T81/><D81/><U9/><E0/><V71/><F71/><W115/><G115/><T76/><D76/><U94/><E83/><V29/><F29/><AGARI ba="0,0" hai="1,4,10,21,23,24,26,28,29,42,45,49,72,73" machi="29" ten="30,3900,0" yaku="7,1,9,1,52,1" doraHai="6" who="0" fromWho="2" sc="279,39,259,0,182,-39,280,0" owari="318,41.8,259,-14.1,143,-35.7,280,8.0" /></mjloggm>