<mjloggm ver="2.3"><GO type="225" lobby="0"/><UN n0="%E3%82%A4%E3%83%BC%E3%82%B1%E3%83%97%E3%83%A9" n1="%6D%6F%75%77" n2="%E5%B8%86%E7%AB%8B%E5%A4%8F%E8%A1%A3" n3="%65%78%69%73%74%2D%79" dan="17,16,17,16" rate="2203.54,2135.56,2158.97,2074.48" sx="M,M,M,M"/><TAIKYOKU oya="0"/><INIT seed="0,0,0,4,3,100" ten="250,250,250,250" oya="0" hai0="126,47,48,98,94,124,125,74,56,119,102,15,22" hai1="101,29,30,129,2,41,44,13,42,54,71,81,109" hai2="5,20,103,78,77,24,53,104,21,122,97,27,121" hai3="18,133,4,112,10,58,75,12,31,120,96,118,51"/><T43/><D119/><U6/><E2/><V80/><F5/><W38/><G118/><T107/><D74/><U72/><E71/><V132/><F132/><W34/><G75/><T59/><REACH who="0" step="1"/><D94/><REACH who="0" ten="240,250,250,250" step="2"/><U127/><E72/><V3/><F122/><W0/><G133/><T88/><D88/><U25/><E81/><V91/><F121/><W16/><G120/><T45/><D45/><U99/><E44/><V69/><F91/><W87/><G112/><T7/><D7/><U1/><E6/><V23/><F80/><W64/><G4/><T93/><D93/><U83/><E83/><V62/><F78/><W131/><G0/><T36/><D36/><U79/><E1/><V28/><F77/><W92/><G38/><T52/><D52/><U108/><E79/><V11/><F53/><W128/><G128/><T65/><D65/><U73/><E54/><V55/><F55/><W113/><G64/><T123/><D123/><U68/><E73/><V50/><F3/><W19/><G113/><T114/><D114/><U8/><E129/><V17/><F50/><W14/><G131/><T40/><D40/><U46/><E42/><V95/><F95/><W61/><G51/><T9/><D9/><U130/><E130/><V35/><F11/><W63/><G10/><T70/><D70/><U49/><E68/><V106/><F106/><W116/><G92/><T85/><D85/><U26/><E8/><V66/><AGARI ba="0,1" hai="17,20,21,23,24,27,28,35,62,66,69,97,103,104" machi="66" ten="30,7900,0" yaku="0,1,25,2,52,1" doraHai="100" who="2" fromWho="2" sc="240,-39,250,-20,250,89,250,-20" /><INIT seed="1,0,0,1,1,47" ten="201,230,339,230" oya="1" hai0="121,62,102,6,30,65,97,9,56,89,3,48,75" hai1="54,21,99,79,34,127,29,35,2,32,51,74,107" hai2="123,95,78,24,16,135,36,87,40,55,45,122,130" hai3="80,91,0,73,98,39,61,53,125,92,43,42,69"/><U100/><E127/><V23/><F130/><W119/><G125/><T44/><D121/><U13/><E2/><V15/><F135/><W72/><G0/><T46/><D75/><U4/><E74/><V134/><F134/><W129/><G129/><T11/><D30/><U124/><E79/><V103/><F103/><W10/><G73/><T59/><D89/><U60/><E124/><V37/><F37/><W58/><G39/><T82/><D82/><U128/><E128/><V76/><F76/><W101/><G69/><T67/><D11/><U106/><E60/><V117/><F117/><W113/><G113/><T86/><D86/><U94/><E4/><V52/><F123/><W131/><G131/><T64/><D59/><U28/><E13/><V71/><F71/><W66/><G72/><T77/><D77/><U50/><E21/><V132/><F132/><W8/><G119/><T57/><D56/><U126/><E126/><V112/><F112/><W19/><G66/><T18/><D18/><U83/><E83/><V120/><F120/><W27/><G10/><T14/><D46/><U26/><E54/><V118/><F118/><W31/><G80/><T68/><D3/><U12/><E12/><V110/><F110/><W93/><G19/><T88/><D68/><U96/><E29/><N who="2" m="17567" /><F122/><W90/><G8/><T22/><D22/><N who="1" m="15447" /><E107/><V109/><F109/><W49/><G61/><T115/><D115/><U1/><E1/><V25/><F25/><W33/><G101/><T84/><D102/><U114/><E114/><V70/><F70/><W7/><G7/><T85/><D6/><RYUUKYOKU ba="0,0" sc="201,-15,230,15,339,-15,230,15" hai1="32,34,35,50,51,94,96,99,100,106" hai3="27,31,33,42,43,49,53,58,90,91,92,93,98" /><INIT seed="1,1,0,5,0,130" ten="186,245,324,245" oya="1" hai0="46,103,80,102,10,24,55,42,74,8,11,73,93" hai1="78,75,57,108,17,1,19,20,16,111,53,69,81" hai2="5,116,122,118,2,23,67,120,39,7,30,63,26" hai3="37,134,15,121,72,97,3,71,64,113,129,77,31"/><U33/><E33/><V95/><F39/><W110/><RYUUKYOKU type="yao9" ba="1,0" sc="186,0,245,0,324,0,245,0" hai3="3,15,31,37,64,71,72,77,97,110,113,121,129,134" /><INIT seed="1,2,0,4,5,114" ten="186,245,324,245" oya="1" hai0="21,109,22,1,19,102,89,92,94,126,128,76,10" hai1="135,112,12,62,99,105,78,74,60,28,46,24,4" hai2="87,64,27,96,107,66,33,16,86,48,65,120,49" hai3="67,124,6,17,55,5,73,14,61,45,30,81,129"/><U57/><E112/><V123/><F33/><W133/><G124/><T34/><D34/><U40/><E135/><V23/><F107/><W117/><G133/><T41/><D126/><U36/><E74/><V91/><F96/><W15/><G129/><T127/><D127/><U80/><E4/><V122/><REACH who="2" step="1"/><F87/><REACH who="2" ten="186,245,314,245" step="2"/><W18/><G73/><T75/><D75/><U35/><E105/><V130/><F130/><W84/><G84/><T104/><D104/><U72/><E99/><V77/><F77/><W101/><G101/><T97/><D76/><U52/><REACH who="1" step="1"/><E12/><REACH who="1" ten="186,235,314,245" step="2"/><V68/><F68/><W56/><G15/><T32/><D97/><U44/><E44/><V121/><N who="2" m="30720" /><DORA hai="2" /><V132/><F132/><W131/><G14/><T59/><D128/><U85/><E85/><V42/><F42/><W98/><G45/><T20/><D41/><U43/><E43/><V13/><F13/><W25/><G131/><T118/><D1/><U110/><E110/><V53/><F53/><W11/><G55/><T37/><D109/><U79/><E79/><V7/><F7/><W29/><G6/><T115/><D115/><U31/><E31/><V116/><F116/><W71/><G117/><T70/><D118/><U50/><AGARI ba="2,2" hai="24,28,35,36,40,46,50,52,57,60,62,72,78,80" machi="50" ten="20,12000,1" yaku="1,1,0,1,7,1,54,1,53,1" doraHai="114,2" doraHaiUra="100,47" who="1" fromWho="1" sc="186,-42,235,146,314,-42,245,-42" /><INIT seed="1,3,0,4,2,85" ten="144,381,272,203" oya="1" hai0="16,87,119,99,72,59,93,38,52,107,75,125,79" hai1="27,110,108,95,24,117,48,126,8,98,35,123,124" hai2="134,89,113,60,57,130,44,104,121,18,29,0,30" hai3="131,49,4,47,120,116,46,101,64,61,82,9,14"/><U56/><E117/><V97/><F121/><W22/><G116/><T37/><D125/><N who="1" m="48235" /><E123/><V83/><F0/><W45/><G131/><T21/><D119/><U33/><E48/><V62/><F134/><W15/><G120/><T84/><D75/><U41/><E41/><V1/><F1/><W2/><G101/><T133/><D72/><U71/><E56/><V65/><F113/><W114/><G114/><T39/><D107/><U106/><E71/><V43/><F130/><W25/><G49/><T23/><D23/><U91/><E106/><V26/><F60/><W88/><G25/><N who="1" m="9802" /><E8/><V13/><F104/><W55/><G22/><T94/><D133/><U80/><E80/><V76/><F43/><W70/><REACH who="3" step="1"/><G55/><REACH who="3" ten="144,381,272,193" step="2"/><T53/><D53/><U51/><E51/><V67/><F26/><W77/><G77/><T17/><D79/><U81/><E33/><V90/><F76/><W86/><AGARI ba="3,1" hai="2,4,9,14,15,45,46,47,61,64,70,82,86,88" machi="86" ten="30,7900,0" yaku="1,1,0,1,52,1,54,1,53,0" doraHai="85" doraHaiUra="118" who="3" fromWho="3" sc="144,-23,381,-42,272,-23,193,98" /><INIT seed="2,0,0,5,1,61" ten="121,339,249,291" oya="2" hai0="101,104,54,118,97,33,107,58,8,56,131,40,68" hai1="77,62,71,117,45,133,46,132,86,9,82,22,109" hai2="34,15,100,80,0,17,12,41,57,95,3,76,85" hai3="10,7,112,39,26,74,67,89,51,119,121,18,27"/><V38/><F34/><W4/><G121/><T116/><D68/><U90/><E109/><V30/><F30/><W25/><G39/><T111/><D111/><U1/><E117/><V42/><F3/><W37/><G37/><T5/><D131/><U103/><E103/><V115/><F0/><W13/><G74/><T122/><D122/><U94/><E22/><V99/><F38/><W102/><G119/><T92/><D33/><U43/><E43/><V125/><F115/><W72/><G72/><T50/><D118/><U135/><E71/><V70/><F70/><W59/><G112/><T66/><D40/><U14/><E62/><V91/><F125/><W60/><G102/><T11/><D116/><U128/><E1/><V6/><F57/><W113/><G113/><T20/><D20/><U88/><E128/><V130/><F130/><W24/><N who="3" m="6144" /><DORA hai="124" /><W16/><G51/><T105/><REACH who="0" step="1"/><D5/><REACH who="0" ten="111,339,249,291" step="2"/><N who="1" m="3375" /><E90/><V44/><F91/><W48/><G89/><T21/><D21/><U35/><E35/><V73/><F42/><W134/><G7/><T36/><D36/><U83/><E83/><V55/><F41/><W110/><G110/><T108/><D108/><U93/><E94/><V84/><F6/><W114/><G114/><T79/><D79/><U129/><E129/><V78/><F78/><W127/><G127/><T120/><D120/><U87/><AGARI ba="0,1" hai="45,46,77,82,86,87,88,93,132,133,135" m="3375" machi="87" ten="30,2000,0" yaku="20,1,54,1" doraHai="61,124" who="1" fromWho="1" sc="111,-5,339,30,249,-10,291,-5" /><INIT seed="3,0,0,2,2,11" ten="106,369,239,286" oya="3" hai0="109,30,34,89,128,117,63,15,4,33,59,17,60" hai1="74,135,111,23,24,47,26,114,9,66,75,105,132" hai2="82,119,39,1,28,43,46,58,98,103,57,100,118" hai3="37,81,110,84,50,72,25,41,61,0,91,123,115"/><W62/><G123/><T64/><D117/><U107/><E114/><V127/><F127/><W76/><G115/><T70/><D109/><U55/><E111/><V80/><F1/><W134/><G110/><T36/><D36/><U90/><E66/><V31/><F39/><W124/><G124/><T94/><D128/><U85/><E9/><V95/><F46/><W27/><G0/><T113/><D113/><U20/><E55/><V126/><F126/><W69/><G134/><N who="1" m="51242" /><E47/><V19/><F19/><W48/><G37/><T133/><D133/><U53/><E53/><V120/><F120/><W5/><G5/><T10/><D30/><N who="1" m="17671" /><E75/><V16/><F16/><W77/><G69/><T96/><D34/><U121/><E74/><V3/><F3/><W29/><G72/><T51/><D33/><U42/><E42/><V104/><F104/><W130/><G130/><T18/><D70/><U79/><E79/><N who="3" m="30282" /><G41/><T93/><D63/><N who="3" m="24073" /><G29/><T68/><D68/><U99/><E99/><V56/><F43/><W65/><G65/><T83/><D51/><AGARI ba="0,0" hai="25,27,48,50,51,81,84,91" m="24073,30282" machi="51" ten="30,1500,0" yaku="8,1" doraHai="11" who="3" fromWho="0" sc="106,-15,369,0,239,0,286,15" /><INIT seed="3,1,0,0,4,50" ten="91,369,239,301" oya="3" hai0="90,119,52,43,30,129,120,0,41,60,92,57,62" hai1="7,55,45,37,11,31,46,108,91,135,3,66,28" hai2="100,12,19,6,123,104,99,27,97,75,10,13,82" hai3="98,93,36,16,47,109,26,56,101,4,49,22,81"/><W73/><G4/><T9/><D119/><U102/><E108/><V51/><F123/><W118/><G109/><T130/><D120/><U117/><E135/><V88/><F75/><W33/><G118/><T67/><D30/><U15/><E117/><V116/><F116/><W127/><G127/><T112/><D112/><U74/><E74/><V5/><F27/><W87/><G73/><T17/><D0/><U134/><E134/><V70/><F70/><W61/><G36/><T29/><D29/><N who="1" m="11339" /><E3/><V107/><F51/><W23/><G33/><T32/><D32/><U8/><E37/><V128/><F128/><W21/><G56/><T124/><D124/><U84/><E66/><V69/><F69/><W39/><G61/><T89/><D130/><U113/><E113/><V80/><F80/><W114/><G39/><T48/><D129/><U131/><E131/><V95/><F82/><W86/><G114/><T34/><D34/><U72/><E72/><V24/><F107/><W105/><G105/><T126/><D126/><U94/><E11/><V2/><F24/><W83/><G83/><T40/><D67/><U53/><E102/><V38/><F38/><W77/><G86/><T110/><D110/><U14/><E14/><V96/><F96/><W125/><G125/><T103/><D103/><U133/><E133/><V1/><REACH who="2" step="1"/><F6/><REACH who="2" ten="91,369,229,301" step="2"/><W85/><G87/><T64/><D64/><U121/><E121/><V106/><F106/><W54/><AGARI ba="1,1" hai="16,21,22,23,26,47,49,54,77,81,85,93,98,101" machi="54" ten="20,12000,1" yaku="0,1,7,1,8,1,52,1,54,1" doraHai="50" who="3" fromWho="3" sc="91,-41,369,-41,229,-41,301,133" owari="50,-45.0,328,12.8,188,-21.2,434,53.4" /></mjloggm>