<mjloggm ver="2.3"><GO type="225" lobby="0"/><UN n0="%E3%80%90%E3%83%88%E3%83%AA%E3%83%A5%E3%83%95%E3%80%91" n1="%E3%83%A9%E3%82%A4%E3%83%B3%E3%81%AE%E8%99%8E" n2="%E3%81%90%E3%81%A1%E3%82%84%E3%81%BE" n3="%E3%80%93%E3%81%97%E3%83%BC%E3%82%89%E3%80%93" dan="16,16,16,17" rate="2092.11,2136.82,2132.87,2154.88" sx="M,M,M,M"/><TAIKYOKU oya="0"/><INIT seed="0,0,0,4,2,85" ten="250,250,250,250" oya="0" hai0="15,108,78,135,36,118,100,24,21,20,49,30,33" hai1="6,0,113,1,117,37,16,53,69,67,5,93,99" hai2="56,71,34,128,84,98,60,62,72,101,116,114,65" hai3="131,31,96,18,40,13,28,52,41,77,57,102,103"/><T91/><D118/><U133/><E117/><V17/><F72/><W54/><G77/><T2/><D36/><U51/><E37/><V80/><F114/><W25/><G131/><T94/><D135/><U119/><E119/><V126/><F126/><W111/><G111/><T45/><D2/><U76/><E76/><V107/><F128/><W3/><G3/><T59/><D78/><U120/><E120/><V106/><F116/><W61/><G54/><T44/><D100/><N who="3" m="38441" /><G96/><T66/><D108/><U7/><E133/><V123/><F34/><W23/><G31/><T8/><D21/><AGARI ba="0,0" hai="13,18,21,23,25,28,40,41,52,57,61" m="38441" machi="21" ten="30,2000,0" yaku="8,1,54,1" doraHai="85" who="3" fromWho="0" sc="250,-20,250,0,250,0,250,20" /><INIT seed="1,0,0,0,0,46" ten="230,250,250,270" oya="1" hai0="56,21,58,63,70,38,35,69,50,2,44,30,97" hai1="134,29,112,52,39,25,45,15,3,14,107,127,92" hai2="102,75,78,124,85,109,27,135,57,81,129,104,105" hai3="47,40,1,113,12,111,115,64,23,108,51,43,53"/><U128/><E107/><N who="2" m="41035" /><F57/><W125/><G1/><T6/><D38/><U54/><E112/><N who="3" m="43082" /><G23/><T80/><D35/><U74/><E74/><V62/><F62/><W60/><G12/><T18/><D30/><U93/><E3/><V100/><F27/><W13/><G13/><T88/><D69/><U83/><E83/><N who="2" m="45535" /><F109/><N who="3" m="42059" /><G125/><T96/><D70/><AGARI ba="0,0" hai="40,43,47,51,53,60,64,70" m="42059,43082" machi="70" ten="30,7700,0" yaku="14,1,34,2,52,1" doraHai="46" who="3" fromWho="0" sc="230,-77,250,0,250,0,270,77" /><INIT seed="2,0,0,0,1,87" ten="153,250,250,347" oya="2" hai0="134,83,19,54,62,102,126,39,128,38,98,43,32" hai1="5,37,8,113,112,11,120,123,105,74,22,88,122" hai2="97,13,116,17,89,15,127,78,82,29,18,34,47" hai3="111,9,63,35,30,25,124,125,108,67,7,36,104"/><V3/><F116/><W50/><G50/><T41/><D32/><U61/><E37/><V121/><F3/><N who="3" m="255" /><G36/><T44/><D19/><U103/><E74/><V130/><F130/><W119/><G104/><T55/><D83/><U90/><E61/><V40/><F121/><W85/><G85/><T114/><D98/><N who="1" m="61687" /><E22/><V110/><F127/><N who="3" m="48715" /><G119/><T101/><D126/><U2/><E8/><V80/><F110/><W51/><G51/><T24/><D62/><U26/><E26/><V16/><F29/><W56/><AGARI ba="0,0" hai="25,30,35,56,63,67,108,111" m="48715,255" machi="56" ten="30,1100,0" yaku="18,1" doraHai="87" who="3" fromWho="3" sc="153,-3,250,-3,250,-5,347,11" /><INIT seed="3,0,0,2,3,33" ten="150,247,245,358" oya="3" hai0="53,54,63,106,60,36,8,74,27,103,88,16,31" hai1="11,19,48,34,43,109,59,120,119,76,1,75,83" hai2="114,4,92,79,3,101,97,128,55,126,94,9,57" hai3="72,38,111,20,105,118,133,42,110,2,95,117,112"/><W40/><G105/><T68/><D74/><U5/><E120/><V113/><F126/><W80/><G2/><T87/><D36/><U107/><E107/><V130/><F79/><N who="3" m="44135" /><G133/><T44/><D106/><U14/><E109/><N who="3" m="41482" /><G112/><T102/><D68/><U12/><E34/><V89/><F114/><W93/><G20/><T116/><D116/><N who="3" m="44649" /><G38/><T24/><D31/><U104/><E104/><V52/><F113/><W7/><G7/><T13/><D27/><U91/><E5/><V17/><F17/><W15/><G15/><T41/><D24/><U30/><E1/><V28/><F28/><W124/><G124/><T70/><D70/><U65/><E14/><V134/><F134/><W125/><G125/><T29/><D29/><U18/><E30/><V23/><F23/><W45/><G45/><T35/><D35/><U135/><E18/><V131/><F57/><W58/><G58/><T115/><D115/><U129/><E135/><V39/><F39/><W25/><G25/><T67/><D41/><AGARI ba="0,0" hai="40,41,42,93,95" m="44649,41482,44135" machi="41" ten="30,2900,0" yaku="14,1,10,1" doraHai="33" who="3" fromWho="0" sc="150,-29,247,0,245,0,358,29" owari="121,-37.9,247,4.7,245,-15.5,387,48.7" /></mjloggm>