<mjloggm ver="2.3"><GO type="225" lobby="0"/><UN n0="%E5%A4%8F%E9%88%B4%E9%88%B4%E5%A4%8F" n1="%E3%83%B4%E3%83%A0%EF%BC%99%E3%81%A6" n2="%E6%98%93%E5%88%A9%E8%96%A9%E4%BC%AF" n3="%E6%A0%B9%E5%85%83%E3%81%8B%E3%82%89%E5%90%B9%E3%81%A3%E9%A3%9B%E3%81%B6" dan="16,16,17,16" rate="2131.30,2150.35,2166.40,2106.25" sx="F,M,F,F"/><TAIKYOKU oya="0"/><INIT seed="0,0,0,5,1,41" ten="250,250,250,250" oya="0" hai0="21,43,57,47,3,28,131,77,36,42,71,14,99" hai1="54,6,78,7,35,100,103,107,5,90,111,116,94" hai2="87,135,60,4,96,75,39,17,134,110,88,128,122" hai3="32,123,132,124,8,72,101,58,18,16,59,26,27"/><T120/><D120/><U97/><E116/><V93/><F39/><W11/><G72/><T114/><D114/><U121/><E121/><V10/><F122/><W29/><G123/><T56/><D3/><U84/><E35/><V115/><F75/><W51/><G101/><T0/><D0/><U104/><E111/><V68/><F115/><W31/><G124/><T112/><D112/><U113/><E113/><V126/><F126/><W37/><G51/><T85/><D71/><U86/><E78/><V9/><F110/><W119/><G119/><T49/><D99/><U76/><E76/><V24/><F128/><W127/><G127/><T117/><D131/><U48/><E104/><V83/><F68/><W38/><REACH who="3" step="1"/><G32/><REACH who="3" ten="250,250,250,240" step="2"/><T67/><D49/><U22/><E103/><V102/><F60/><W109/><G109/><T80/><D117/><U69/><E100/><V40/><F40/><W73/><G73/><T125/><D43/><U63/><E107/><V105/><F105/><W13/><G13/><T1/><D1/><U15/><E63/><V95/><F102/><W108/><G108/><T89/><D125/><U23/><E15/><V106/><F106/><W53/><G53/><T92/><D14/><U130/><E130/><V66/><F66/><W61/><G61/><T70/><D67/><U118/><E118/><V129/><F129/><W74/><G74/><N who="0" m="43063" /><D70/><U20/><REACH who="1" step="1"/><E69/><REACH who="1" ten="250,240,250,240" step="2"/><V33/><F33/><W133/><AGARI ba="0,2" hai="8,11,16,18,26,27,29,31,37,38,58,59,132,133" machi="133" ten="25,12000,2" yaku="1,1,0,1,22,2,54,1,53,2" doraHai="41" doraHaiUra="55" who="3" fromWho="3" sc="250,-60,240,-30,250,-30,240,140" /><INIT seed="1,0,0,2,1,82" ten="190,210,220,380" oya="1" hai0="131,72,78,101,44,19,112,15,39,96,25,55,10" hai1="61,118,135,130,73,109,91,134,93,133,89,27,63" hai2="95,59,41,9,105,2,33,70,67,119,107,103,14" hai3="49,90,47,88,42,116,122,84,62,20,98,132,45"/><U0/><E118/><V21/><F33/><W57/><G122/><T128/><D112/><U117/><E117/><V22/><F70/><W23/><G132/><T50/><D39/><U126/><E0/><V87/><F119/><W80/><G47/><T28/><D78/><U104/><E104/><V85/><F41/><W64/><G116/><T125/><D72/><U18/><E73/><V38/><F38/><W65/><G65/><T97/><D125/><U8/><E126/><V102/><F2/><W115/><G115/><T129/><REACH who="0" step="1"/><D101/><REACH who="0" ten="180,210,220,380" step="2"/><U127/><E127/><V46/><F103/><W6/><G6/><T120/><D120/><U114/><E114/><V4/><F102/><W3/><G3/><T99/><D99/><U92/><E133/><V106/><F95/><AGARI ba="0,1" hai="20,23,42,45,49,57,62,64,80,84,88,90,95,98" machi="95" ten="40,5200,0" yaku="8,1,52,1,54,1" doraHai="82" who="3" fromWho="2" sc="180,0,210,0,220,-52,380,62" /><INIT seed="2,0,0,1,5,43" ten="180,210,168,442" oya="2" hai0="7,96,106,132,79,11,32,80,41,27,104,6,23" hai1="19,116,112,88,133,110,103,21,26,16,125,33,102" hai2="13,49,118,24,25,77,108,85,47,62,73,115,127" hai3="60,84,59,114,134,101,14,2,69,56,3,65,40"/><V93/><F115/><W70/><G114/><T46/><D132/><U20/><E112/><V31/><F118/><W17/><G40/><T100/><D32/><U4/><E116/><V30/><F127/><W51/><G101/><T94/><D7/><U22/><E133/><V74/><F108/><W8/><G69/><T120/><D120/><U54/><E110/><V63/><F13/><W71/><G70/><T34/><D34/><U53/><E4/><V50/><F93/><W129/><G129/><T64/><D64/><U39/><E39/><V72/><F85/><W44/><G84/><T99/><D99/><U28/><E125/><V35/><F77/><W82/><G82/><T67/><D67/><U91/><E33/><V61/><F49/><W42/><G134/><T10/><D10/><U52/><E28/><V109/><F109/><W130/><G130/><T9/><D9/><U66/><E66/><V117/><F117/><W45/><G45/><T81/><D81/><U76/><E76/><V1/><F1/><W92/><G92/><T15/><D23/><U111/><E111/><V5/><F5/><W128/><G128/><T68/><D27/><N who="1" m="14727" /><E21/><N who="2" m="15631" /><F74/><W90/><REACH who="3" step="1"/><G90/><AGARI ba="0,0" hai="19,22,26,52,53,54,88,90,91,102,103" m="14727" machi="90" ten="30,7700,0" yaku="8,1,54,3" doraHai="43" who="1" fromWho="3" sc="180,0,210,77,168,0,442,-77" /><INIT seed="3,0,0,0,0,21" ten="180,287,168,365" oya="3" hai0="5,51,22,92,33,6,110,119,57,18,118,29,3" hai1="45,90,17,113,79,63,28,72,10,40,64,87,129" hai2="84,2,126,68,127,14,104,132,58,30,81,95,44" hai3="35,47,66,7,70,120,96,56,131,134,114,24,88"/><W12/><G114/><T101/><D101/><U77/><E113/><V20/><F68/><W39/><G70/><T67/><D92/><U49/><E129/><V69/><F69/><W86/><G39/><T61/><D110/><U82/><E72/><V27/><F2/><W26/><G47/><T11/><D6/><U55/><E40/><V19/><F104/><W1/><G1/><T48/><D51/><U107/><E28/><V16/><F132/><W135/><G35/><T91/><D91/><U105/><E105/><V4/><F95/><N who="3" m="54679" /><G96/><T122/><D48/><U38/><E38/><V46/><F58/><W32/><G32/><T71/><D71/><U123/><E123/><V80/><F80/><W25/><G131/><T102/><D102/><U52/><E64/><V31/><F4/><W50/><G120/><T8/><D8/><U100/><E100/><V43/><F127/><W111/><G111/><T85/><D85/><U37/><E37/><V94/><F94/><W128/><G128/><T73/><D73/><U93/><E93/><V83/><F83/><W34/><G34/><T13/><D122/><U76/><E107/><V36/><F126/><W89/><G66/><T103/><D103/><U59/><E76/><N who="2" m="46119" /><F46/><W117/><G89/><T106/><D106/><U23/><E77/><V124/><F124/><W121/><G121/><T75/><REACH who="0" step="1"/><D75/><REACH who="0" ten="170,287,168,365" step="2"/><U54/><E90/><V109/><F109/><W99/><G50/><T130/><D130/><U15/><E49/><V133/><F133/><W9/><G135/><T41/><D41/><U78/><E87/><V115/><F115/><RYUUKYOKU ba="0,1" sc="170,15,287,-15,168,15,365,-15" hai0="3,5,11,13,18,22,29,33,57,61,67,118,119" hai2="14,16,19,20,27,30,31,36,43,44" owari="185,-21.5,272,7.2,183,-31.7,360,46.0" /></mjloggm>