<mjloggm ver="2.3"><GO type="225" lobby="0"/><UN n0="%72%69%6F%75%63%68%61%6E" n1="%E6%98%93%E5%88%A9%E8%96%A9%E4%BC%AF" n2="%E5%8D%A0%E3%81%84%E5%B8%AB%E8%A3%8F%E3%81%AA%E3%81%84%E3%81%97" n3="%E3%82%8A%E3%81%93%E3%82%8A%E3%82%93%E3%81%94" dan="16,17,17,17" rate="2187.63,2194.93,2168.90,2217.07" sx="M,F,M,M"/><TAIKYOKU oya="0"/><INIT seed="0,0,0,2,4,74" ten="250,250,250,250" oya="0" hai0="41,115,53,44,111,86,30,36,8,126,130,17,129" hai1="31,80,73,46,21,18,77,78,50,24,123,110,62" hai2="28,108,121,96,135,51,15,101,68,85,125,117,66" hai3="119,56,5,113,106,10,90,93,134,71,33,12,104"/><T100/><D115/><U122/><E110/><V105/><F121/><W13/><G113/><T2/><D111/><U34/><E62/><V81/><F108/><W103/><G119/><T40/><D126/><U20/><E20/><V102/><F125/><W107/><G71/><T3/><D30/><U75/><E75/><V25/><F135/><W27/><G134/><T42/><D100/><U61/><E61/><V49/><F101/><W79/><G103/><T54/><D36/><U45/><E78/><N who="2" m="46263" /><F15/><W32/><G79/><T63/><D86/><U37/><E46/><V94/><F94/><W133/><G133/><T124/><D124/><U26/><REACH who="1" step="1"/><E37/><REACH who="1" ten="250,240,250,250" step="2"/><V38/><F38/><W35/><G35/><T99/><D63/><U9/><E9/><V0/><F66/><W47/><G47/><T23/><D8/><U4/><E4/><V59/><F68/><W109/><G109/><T87/><D44/><U19/><E19/><V7/><F59/><W88/><G56/><T52/><D23/><U127/><E127/><V89/><F7/><W29/><G33/><T76/><D17/><U6/><E6/><V112/><F112/><W16/><REACH who="3" step="1"/><G93/><REACH who="3" ten="250,240,250,240" step="2"/><T64/><D130/><U95/><E95/><V118/><F118/><W69/><G69/><T65/><D129/><U67/><E67/><V43/><F117/><W92/><G92/><T58/><D65/><U120/><E120/><V132/><F132/><W91/><G91/><T57/><D64/><U128/><E128/><V1/><F89/><W116/><G116/><T131/><D131/><U14/><E14/><V84/><F102/><RYUUKYOKU ba="0,2" sc="250,-15,240,15,250,-15,240,15" hai1="18,21,24,26,31,34,45,50,73,77,80,122,123" hai3="5,10,12,13,16,27,29,32,88,90,104,106,107" /><INIT seed="1,1,2,0,4,25" ten="235,255,235,255" oya="1" hai0="104,38,83,15,60,78,67,61,130,99,112,18,117" hai1="45,65,96,21,86,13,55,22,47,33,37,11,129" hai2="89,2,85,132,111,28,120,16,19,27,40,115,3" hai3="49,52,114,126,74,125,100,48,63,46,4,1,121"/><U97/><E33/><V58/><F120/><W92/><G114/><T7/><D112/><U36/><E65/><V24/><F115/><W79/><G121/><T113/><D113/><U103/><E129/><V87/><F111/><W84/><G74/><T62/><D117/><U94/><E86/><V131/><F40/><W133/><G133/><T70/><D130/><U0/><E0/><V119/><F131/><W10/><G63/><T26/><D38/><U57/><E37/><V43/><F43/><W134/><G134/><T71/><D7/><U59/><E97/><V110/><F110/><W72/><G72/><T23/><D71/><U14/><E59/><V88/><F132/><W64/><G64/><T29/><D99/><U20/><E36/><V76/><F58/><W42/><G100/><T5/><D5/><N who="1" m="3311" /><E14/><V17/><F76/><W124/><G92/><T106/><D104/><U34/><E34/><V102/><F102/><W68/><G68/><T127/><D106/><U35/><E35/><V93/><F119/><W54/><REACH who="3" step="1"/><G48/><AGARI ba="1,2" hai="20,21,22,45,47,48,55,57,94,96,103" m="3311" machi="48" ten="30,1500,0" yaku="8,1" doraHai="25" who="1" fromWho="3" sc="235,0,255,38,235,0,255,-18" /><INIT seed="1,2,0,4,4,15" ten="235,293,235,237" oya="1" hai0="73,72,118,2,67,123,84,26,10,115,85,77,25" hai1="127,19,58,105,36,131,121,51,27,42,93,103,119" hai2="114,52,86,29,108,60,111,57,9,109,74,104,47" hai3="64,35,18,94,16,30,50,89,92,56,110,24,54"/><U53/><E119/><V48/><F74/><W96/><G110/><T20/><D115/><U43/><E105/><V87/><F114/><W133/><G133/><T6/><D118/><U28/><E121/><V21/><F104/><W13/><G64/><T68/><D123/><U46/><E131/><V44/><F9/><W49/><G13/><T126/><D126/><U1/><E1/><V97/><F97/><W70/><G70/><T65/><D25/><U76/><E76/><V17/><F29/><W88/><G50/><T3/><D3/><U55/><E19/><V45/><F48/><W22/><G35/><T81/><D85/><AGARI ba="2,0" hai="16,18,22,24,30,49,54,56,85,88,89,92,94,96" machi="85" ten="30,12000,2" yaku="7,1,8,1,52,2,54,2" doraHai="15" who="3" fromWho="0" sc="235,-126,293,0,235,0,237,126" /><INIT seed="2,0,0,2,3,108" ten="109,293,235,363" oya="2" hai0="119,92,0,118,12,127,106,75,84,24,9,30,133" hai1="101,47,131,116,1,32,29,37,66,86,59,111,71" hai2="58,78,57,33,22,93,72,87,89,102,65,105,51" hai3="60,43,3,121,134,124,91,81,64,110,18,69,49"/><V63/><F33/><W25/><G121/><T55/><D75/><U113/><E59/><V82/><F22/><W103/><G3/><T14/><D106/><U90/><E111/><V15/><F15/><N who="0" m="5674" /><D55/><U83/><E116/><N who="0" m="44585" /><D84/><U41/><E101/><V23/><F23/><W7/><G124/><T114/><D92/><U80/><E80/><V73/><F73/><W2/><G134/><T117/><N who="0" m="44593" /><T38/><DORA hai="35" /><D38/><U27/><E66/><V36/><F36/><W44/><G103/><T45/><D45/><U46/><E46/><V34/><F34/><W130/><G81/><T128/><D127/><U85/><E47/><V88/><F89/><W109/><G91/><T126/><D126/><U10/><E83/><V13/><F13/><W8/><G130/><T99/><D99/><U115/><E90/><V123/><F123/><W39/><G39/><T19/><D128/><U107/><E131/><V70/><F51/><W6/><G49/><T61/><D61/><U104/><E37/><V79/><F79/><W129/><G60/><T26/><D133/><U95/><E86/><V112/><F112/><W62/><G129/><T50/><D50/><U67/><E113/><V17/><F17/><W132/><G132/><T98/><D114/><U56/><E85/><V28/><F28/><W54/><G109/><T77/><D77/><U16/><E29/><V125/><F125/><W135/><G135/><T94/><D30/><U31/><E31/><V40/><F40/><W96/><G43/><T74/><D74/><U53/><E41/><V5/><F102/><W42/><G110/><RYUUKYOKU ba="0,0" sc="109,0,293,0,235,0,363,0" /><INIT seed="3,1,0,5,5,99" ten="109,293,235,363" oya="3" hai0="70,72,43,63,129,112,61,135,67,91,6,88,66" hai1="117,134,35,87,14,127,122,79,33,68,120,9,39" hai2="124,97,19,92,98,107,109,23,93,84,36,81,76" hai3="30,115,1,4,29,90,106,73,16,49,11,85,60"/><W119/><G73/><T0/><D129/><U118/><E39/><V103/><F36/><W95/><G106/><T82/><D135/><U132/><E68/><V114/><F114/><W52/><G119/><N who="1" m="45578" /><E79/><V25/><F109/><W105/><G105/><T5/><D112/><U32/><E87/><V18/><F124/><W56/><G115/><T65/><D0/><U7/><E127/><V100/><F107/><W24/><G49/><T26/><D26/><U28/><E28/><AGARI ba="1,0" hai="18,19,23,25,28,76,81,84,92,93,97,98,100,103" machi="28" ten="30,8000,1" yaku="7,1,9,1,8,1,52,2" doraHai="99" who="2" fromWho="1" sc="109,0,293,-83,235,83,363,0" owari="109,-39.1,210,-19.0,318,11.8,363,46.3" /></mjloggm>