<mjloggm ver="2.3"><GO type="225" lobby="0"/><UN n0="%E3%83%A9%E3%82%A4%E3%83%B3%E3%81%AE%E8%99%8E" n1="%43%68%65" n2="%E5%8D%A0%E3%81%84%E5%B8%AB%E8%A3%8F%E3%81%AA%E3%81%84%E3%81%97" n3="%E3%81%BE%E3%81%A8%E3%81%9F" dan="16,16,17,16" rate="2148.73,2114.01,2184.91,2116.82" sx="M,M,M,M"/><TAIKYOKU oya="0"/><INIT seed="0,0,0,3,2,73" ten="250,250,250,250" oya="0" hai0="3,82,131,120,45,71,106,78,108,105,114,44,80" hai1="23,11,117,6,4,122,99,68,31,85,43,16,41" hai2="59,12,21,92,22,30,125,5,107,66,35,96,34" hai3="17,36,128,60,76,94,130,93,29,63,47,83,0"/><T62/><D114/><U65/><E117/><V111/><F107/><W86/><G0/><T70/><D120/><U115/><E122/><V109/><F125/><W95/><G29/><T81/><D3/><U129/><E115/><V134/><F134/><W10/><G36/><T84/><D131/><N who="3" m="50217" /><G47/><T53/><D108/><N who="2" m="41546" /><F66/><W19/><G10/><T14/><D14/><U74/><E74/><V51/><F59/><W20/><G17/><T25/><D25/><AGARI ba="0,0" hai="19,20,25,60,63,76,83,86,93,94,95" m="50217" machi="25" ten="30,2000,0" yaku="19,1,52,1" doraHai="73" who="3" fromWho="0" sc="250,-20,250,0,250,0,250,20" /><INIT seed="1,0,0,2,1,66" ten="230,250,250,270" oya="1" hai0="29,10,110,17,70,99,25,61,125,128,69,76,111" hai1="7,130,11,21,62,83,75,24,34,97,86,72,109" hai2="28,132,131,22,5,123,57,102,94,59,1,12,103" hai3="48,114,40,0,73,104,65,32,63,91,36,20,129"/><U15/><E130/><V78/><F123/><W96/><G32/><T52/><D128/><U95/><E34/><V43/><F131/><W45/><G0/><T4/><D17/><U38/><E38/><V77/><F132/><W46/><G73/><T53/><D76/><U124/><E124/><V8/><F43/><W19/><G129/><T64/><D99/><U16/><E109/><N who="0" m="41481" /><D125/><U67/><E86/><V74/><F74/><W55/><G114/><T44/><D44/><U49/><E49/><V134/><F134/><W100/><G91/><T126/><D69/><U81/><E75/><V14/><F1/><W101/><G96/><T47/><D47/><U33/><E33/><V50/><F50/><W13/><REACH who="3" step="1"/><G104/><REACH who="3" ten="230,250,250,260" step="2"/><T39/><D126/><U135/><E72/><V54/><F78/><W60/><G60/><T42/><D39/><U127/><E127/><V108/><F77/><W105/><G105/><T120/><D120/><U37/><E37/><V58/><F108/><W90/><G90/><T115/><D115/><U41/><E135/><V51/><F103/><W121/><G121/><T18/><D61/><U2/><E2/><V80/><F102/><W23/><G23/><T113/><D113/><U35/><E35/><V122/><F122/><W92/><G92/><T26/><D29/><U6/><E62/><V71/><F94/><W56/><AGARI ba="0,1" hai="13,19,20,36,40,45,46,48,55,56,63,65,100,101" machi="56" ten="20,2700,0" yaku="1,1,0,1,7,1,53,0" doraHai="66" doraHaiUra="87" who="3" fromWho="3" sc="230,-7,250,-13,250,-7,260,37" /><INIT seed="2,0,0,2,1,119" ten="223,237,243,297" oya="2" hai0="36,14,47,41,23,60,56,7,96,69,66,18,79" hai1="43,91,133,54,53,83,111,130,115,17,107,100,84" hai2="110,19,46,31,135,86,102,10,16,109,22,64,3" hai3="106,9,93,32,118,11,128,67,51,8,21,2,59"/><V92/><F135/><W1/><G106/><T0/><D79/><U70/><E115/><V55/><F64/><W121/><G32/><T61/><D96/><U116/><E116/><V120/><F120/><W101/><G118/><T5/><REACH who="0" step="1"/><D0/><REACH who="0" ten="213,237,243,297" step="2"/><U132/><E132/><V34/><F3/><W114/><G1/><T48/><D48/><U38/><E133/><V88/><F102/><W45/><G2/><T13/><D13/><U90/><E100/><V25/><F10/><W124/><G8/><T52/><AGARI ba="0,1" hai="5,7,14,18,23,36,41,47,52,56,60,61,66,69" machi="52" ten="20,12000,2" yaku="1,1,0,1,7,1,54,1,53,2" doraHai="119" doraHaiUra="58" who="0" fromWho="0" sc="213,130,237,-30,243,-60,297,-30" /><INIT seed="3,0,0,5,3,104" ten="343,207,183,267" oya="3" hai0="130,112,64,121,27,127,84,109,116,132,135,2,8" hai1="6,3,41,79,81,59,75,20,7,99,86,93,15" hai2="61,54,32,44,76,125,30,9,11,68,82,58,72" hai3="101,111,90,124,96,1,100,115,34,4,26,71,94"/><W35/><G115/><T122/><D116/><U42/><E3/><V78/><F68/><W131/><G71/><T102/><D112/><U24/><E75/><V21/><F32/><W22/><G131/><T39/><D39/><U45/><E59/><V123/><F125/><W16/><G124/><T40/><D40/><N who="1" m="15467" /><E15/><V89/><F123/><W13/><G111/><T83/><D102/><N who="1" m="60783" /><E45/><V19/><F78/><W43/><G43/><T117/><D117/><U63/><E63/><V5/><F30/><AGARI ba="0,0" hai="6,7,20,24,30,79,81,86" m="60783,15467" machi="30" ten="30,1000,0" yaku="8,1" doraHai="104" who="1" fromWho="2" sc="343,0,207,10,183,-10,267,0" owari="343,44.3,217,-18.3,173,-32.7,267,6.7" /></mjloggm>