<mjloggm ver="2.3"><GO type="225" lobby="0"/><UN n0="%33%74%72%65%65" n1="%E6%A1%9C%E8%8A%B1%E9%96%83%E3%80%85" n2="%6B%69%72%61%64%6F%6B%69" n3="%E3%81%8B%E3%82%8F%E3%81%A1%E3%82%83%E3%82%93%35%38" dan="17,17,16,16" rate="2117.17,2244.87,2167.80,2146.59" sx="F,M,M,M"/><TAIKYOKU oya="0"/><INIT seed="0,0,0,0,4,123" ten="250,250,250,250" oya="0" hai0="113,7,33,131,17,14,130,48,91,95,50,32,57" hai1="21,29,23,19,8,111,128,105,83,0,35,104,107" hai2="13,53,135,25,132,75,88,43,125,103,92,30,10" hai3="70,81,106,4,38,66,47,31,40,15,76,73,9"/><T1/><D113/><U3/><E128/><N who="0" m="49193" /><D7/><N who="1" m="1127" /><E83/><V64/><F75/><W79/><G31/><T28/><D1/><U78/><E78/><V101/><F125/><W68/><G66/><T122/><D122/><U71/><E23/><N who="2" m="15679" /><F43/><W59/><G106/><T37/><D37/><U46/><E46/><V87/><F64/><W26/><G26/><N who="0" m="18455" /><D33/><U42/><E42/><V61/><F61/><W27/><G27/><T102/><D102/><U65/><E3/><V118/><F53/><W96/><G4/><T112/><D57/><U63/><E21/><V34/><F34/><W94/><G59/><T110/><D112/><U119/><E19/><N who="2" m="8631" /><F118/><W11/><G11/><N who="0" m="6367" /><D48/><U124/><E119/><V51/><F51/><W62/><G9/><T126/><D50/><U89/><E124/><V127/><F127/><W114/><G114/><T90/><D126/><U5/><E5/><V116/><F116/><W44/><G44/><T98/><D91/><U82/><E89/><V84/><F84/><N who="3" m="48167" /><G62/><T77/><D77/><U18/><E35/><V39/><F39/><W109/><G15/><T85/><D85/><U16/><E63/><V72/><F72/><W99/><G73/><T117/><D117/><U41/><E107/><V80/><F103/><N who="3" m="60823" /><G79/><T22/><D22/><U100/><E105/><V55/><F55/><W86/><G86/><T54/><D54/><U60/><E104/><V58/><F58/><W6/><G99/><T134/><D134/><N who="2" m="51242" /><F101/><W67/><G6/><T133/><D133/><U36/><E100/><V97/><F97/><W129/><G129/><T69/><D69/><N who="3" m="26729" /><G67/><T121/><D121/><RYUUKYOKU ba="0,0" sc="250,10,250,-30,250,10,250,10" hai0="90,95,98,110" hai2="80,87,88,92" hai3="38,40,47,109" /><INIT seed="0,1,0,4,1,90" ten="260,220,260,260" oya="0" hai0="28,122,79,37,101,130,94,118,121,20,29,1,81" hai1="61,3,125,83,75,71,16,62,78,2,134,32,110" hai2="88,40,10,55,73,113,72,92,24,80,31,53,105" hai3="17,124,87,117,128,54,14,19,49,9,107,77,131"/><T74/><D118/><U102/><E110/><V106/><F40/><W52/><G117/><T44/><D130/><N who="3" m="49705" /><G107/><T33/><D33/><U18/><E32/><V82/><F106/><W69/><G69/><T46/><D1/><U65/><E125/><V45/><F105/><W64/><G64/><T68/><D68/><U5/><E134/><V86/><F113/><W8/><G124/><T133/><D133/><U85/><E102/><V91/><F10/><W51/><G51/><T41/><D44/><U103/><E103/><V23/><F82/><N who="3" m="47567" /><G49/><T6/><D6/><U89/><E62/><V35/><F35/><W66/><G66/><T108/><D108/><U129/><E129/><V0/><F0/><W58/><G58/><T26/><REACH who="0" step="1"/><D29/><REACH who="0" ten="250,220,260,260" step="2"/><U115/><E115/><V114/><F114/><W11/><G17/><T57/><D57/><U25/><E5/><V100/><F45/><W127/><G127/><T120/><D120/><U112/><E112/><V4/><F4/><W21/><AGARI ba="1,1" hai="8,9,11,14,19,21,52,54" m="47567,49705" machi="21" ten="30,2000,0" yaku="19,1,54,1" doraHai="90" who="3" fromWho="3" sc="250,-11,220,-6,260,-6,260,33" /><INIT seed="1,0,0,1,2,7" ten="239,214,254,293" oya="1" hai0="26,53,9,71,60,76,11,14,32,107,44,49,87" hai1="119,6,128,78,94,41,38,113,99,79,72,20,125" hai2="105,8,104,134,84,29,65,3,46,130,40,18,47" hai3="85,133,51,100,15,59,39,2,12,83,35,93,62"/><U31/><E113/><V127/><F29/><W30/><G39/><T114/><D114/><U118/><E125/><V91/><F127/><W16/><G2/><T121/><D121/><U115/><E115/><V126/><F126/><W77/><G133/><T13/><D107/><U4/><E128/><V103/><F130/><W69/><G69/><T111/><D111/><U33/><E33/><V98/><F104/><W74/><G35/><T95/><D32/><U81/><E79/><V56/><F134/><W82/><G30/><T80/><D26/><U96/><E96/><V22/><F56/><W89/><G51/><T92/><D71/><U101/><E20/><V86/><F65/><W122/><G122/><T27/><D27/><U42/><E31/><V123/><F123/><W68/><G68/><T120/><D60/><U112/><E112/><V36/><F47/><W52/><G100/><T43/><D53/><U106/><E94/><V37/><F37/><W129/><G129/><T50/><D50/><U0/><E4/><V75/><F75/><W23/><REACH who="3" step="1"/><G93/><REACH who="3" ten="239,214,254,283" step="2"/><N who="0" m="35915" /><D120/><U57/><E57/><V61/><F3/><W63/><G63/><T25/><D25/><AGARI ba="0,1" hai="12,15,16,23,25,52,59,62,74,77,82,83,85,89" machi="25" ten="30,7700,0" yaku="1,1,7,1,54,2,53,0" doraHai="7" doraHaiUra="24" who="3" fromWho="0" sc="239,-77,214,0,254,0,283,87" /><INIT seed="2,0,0,5,0,60" ten="162,214,254,370" oya="2" hai0="43,47,12,2,107,23,112,92,46,27,4,116,6" hai1="80,114,101,98,38,120,72,115,51,79,85,59,105" hai2="127,31,119,67,121,93,0,14,40,9,7,125,69" hai3="32,57,126,109,36,134,19,66,29,55,95,61,39"/><V42/><F119/><W71/><G32/><T76/><D112/><U18/><E38/><V53/><F121/><W70/><G29/><T8/><D107/><U113/><E120/><V130/><F31/><W65/><G95/><T87/><D116/><U88/><E18/><V49/><F130/><W17/><G17/><T30/><D2/><U132/><E132/><V122/><F122/><W26/><G19/><T75/><D75/><U74/><E51/><V96/><F0/><W100/><G26/><T22/><D4/><U135/><E59/><V102/><F69/><N who="3" m="26123" /><G100/><T21/><D47/><U3/><E3/><V129/><F129/><W54/><G134/><T35/><D35/><U103/><E135/><V111/><F111/><W82/><G82/><T124/><D124/><N who="2" m="47690" /><F67/><N who="3" m="25611" /><G126/><T118/><D118/><U10/><E10/><V56/><AGARI ba="0,0" hai="7,9,14,40,42,49,53,56,93,96,102" m="47690" machi="56" ten="30,1500,0" yaku="18,1" doraHai="60" who="2" fromWho="2" sc="162,-5,214,-5,254,15,370,-5" /><INIT seed="2,1,0,5,0,81" ten="157,209,269,365" oya="2" hai0="128,97,131,48,74,21,32,23,30,1,11,3,125" hai1="103,50,13,90,116,127,99,67,27,114,79,9,10" hai2="46,55,126,117,0,80,66,62,64,120,22,70,110" hai3="65,53,18,60,26,15,29,58,45,2,94,25,106"/><V104/><F117/><W102/><G106/><T42/><D74/><U95/><E116/><V98/><F120/><W84/><G2/><N who="0" m="523" /><D97/><U63/><E114/><V123/><F123/><W115/><G115/><T7/><D48/><U4/><E127/><V96/><F0/><W113/><G113/><T54/><D54/><U93/><E79/><V51/><F126/><W129/><G129/><N who="0" m="49739" /><D42/><U130/><E130/><V17/><F110/><W69/><G29/><T108/><D125/><U107/><E27/><V6/><F6/><W124/><G124/><T19/><D108/><U36/><E10/><V121/><F121/><W133/><G133/><T132/><D132/><U105/><E50/><V76/><F64/><W89/><G102/><T118/><D118/><U85/><E36/><V77/><F104/><W135/><G135/><T5/><D11/><U71/><AGARI ba="1,0" hai="4,9,13,63,67,71,85,90,93,95,99,103,105,107" machi="71" ten="20,2700,0" yaku="0,1,7,1,52,1" doraHai="81" who="1" fromWho="1" sc="157,-8,209,30,269,-14,365,-8" /><INIT seed="3,0,0,1,4,40" ten="149,239,255,357" oya="3" hai0="98,18,55,13,71,7,113,102,68,37,27,103,122" hai1="123,97,48,95,93,101,120,44,11,38,75,117,34" hai2="128,4,111,110,14,25,72,52,9,105,115,67,6" hai3="3,133,54,126,45,80,43,57,76,129,60,50,78"/><W59/><G3/><T33/><D122/><U51/><E34/><V130/><F72/><W99/><G129/><N who="2" m="49769" /><F105/><W56/><G133/><T135/><D135/><U30/><E48/><V73/><F73/><W124/><G99/><T70/><D113/><U64/><E30/><V116/><F67/><W12/><G12/><T91/><D37/><U94/><E38/><V114/><F52/><W0/><G0/><T85/><D7/><N who="2" m="2602" /><F25/><W66/><G78/><T131/><D131/><U15/><E11/><V118/><F14/><W88/><G88/><T42/><D42/><U100/><E15/><V49/><F9/><W84/><G43/><T112/><D112/><N who="2" m="43050" /><F49/><W63/><G63/><T39/><D39/><U31/><E117/><AGARI ba="0,0" hai="110,111,116,117,118" m="43050,2602,49769" machi="117" ten="40,8000,1" yaku="28,2,19,1,34,2" doraHai="40" who="2" fromWho="1" sc="149,0,239,-80,255,80,357,0" owari="149,-35.1,159,-24.1,335,13.5,357,45.7" /></mjloggm>