<mjloggm ver="2.3"><GO type="225" lobby="0"/><UN n0="%E3%81%A4%E3%81%A3%E3%81%B1%E3%82%8A%E3%83%9D%E3%83%BC%E3%83%AB" n1="%E3%81%8B%E3%82%8F%E3%81%A1%E3%82%83%E3%82%93%35%38" n2="%79%75%72%69%6D%6F%67" n3="%E3%83%96%E3%83%83%E3%83%91%E3%82%AA%E3%83%96%E3%83%81%E3%82%AD%E3%83%B3" dan="17,16,16,16" rate="2133.13,2146.13,2164.88,2154.27" sx="M,M,F,M"/><TAIKYOKU oya="0"/><INIT seed="0,0,0,4,0,40" ten="250,250,250,250" oya="0" hai0="54,132,47,89,87,69,97,99,134,29,55,92,74" hai1="111,88,4,15,56,36,121,129,31,135,81,12,64" hai2="2,42,85,39,1,63,106,73,78,109,30,37,38" hai3="41,133,105,52,126,22,27,9,101,115,19,83,123"/><T57/><D74/><U102/><E121/><V113/><F85/><W67/><G115/><T72/><D72/><U128/><E36/><V24/><F63/><W21/><G126/><T118/><D69/><U11/><E111/><V94/><F109/><W103/><G133/><N who="0" m="51307" /><D118/><U86/><E135/><V18/><F94/><W91/><G67/><T49/><D29/><U53/><E102/><V44/><F18/><W13/><G41/><T107/><D107/><U130/><E31/><V66/><F66/><W20/><G105/><T28/><D28/><U71/><E64/><V124/><F124/><W96/><G123/><T70/><D70/><U116/><E71/><V60/><F60/><AGARI ba="0,0" hai="47,49,54,55,57,60,87,89,92,97,99" m="51307" machi="60" ten="30,2900,0" yaku="20,1,52,1" doraHai="40" who="0" fromWho="2" sc="250,29,250,0,250,-29,250,0" /><INIT seed="0,1,0,1,4,79" ten="279,250,221,250" oya="0" hai0="32,116,113,98,111,49,125,29,65,25,3,20,34" hai1="115,85,11,4,27,24,18,134,96,66,15,36,37" hai2="78,95,77,100,69,46,51,72,76,117,12,61,132" hai3="135,17,131,31,60,103,42,50,101,39,0,7,1"/><T91/><D113/><U5/><E115/><V64/><F132/><W14/><G39/><T107/><D116/><U105/><E134/><V129/><F129/><W40/><G131/><T80/><D3/><U94/><E105/><V93/><F117/><W41/><G50/><T59/><D125/><U10/><E66/><V109/><F109/><W52/><G31/><T88/><D111/><U89/><E37/><V35/><F35/><W22/><G135/><T43/><D107/><U63/><E36/><V82/><F12/><N who="3" m="9511" /><G0/><T70/><D70/><U54/><E18/><V47/><F47/><W83/><G1/><T6/><D6/><U118/><E118/><V92/><REACH who="2" step="1"/><F100/><REACH who="2" ten="279,250,211,250" step="2"/><W130/><G130/><T86/><D34/><U48/><E15/><V26/><F26/><W119/><G119/><T121/><D32/><U44/><E27/><V16/><F16/><W87/><G14/><T84/><D121/><U90/><E24/><V2/><F2/><W73/><G7/><T55/><D43/><AGARI ba="1,1" hai="43,46,51,61,64,69,72,76,77,78,82,92,93,95" machi="43" ten="40,2600,0" yaku="1,1,52,1,53,0" doraHai="79" doraHaiUra="9" who="2" fromWho="0" sc="279,-29,250,0,211,39,250,0" /><INIT seed="1,0,0,3,4,24" ten="250,250,250,250" oya="1" hai0="112,88,72,133,22,48,116,57,44,94,31,123,67" hai1="50,53,25,90,128,126,11,51,37,40,42,105,8" hai2="98,102,30,2,38,21,33,27,15,43,82,32,13" hai3="135,119,49,10,66,7,64,117,23,83,60,104,58"/><U65/><E37/><V56/><F2/><W75/><G104/><T12/><D116/><N who="3" m="44617" /><G135/><T47/><D112/><U81/><E105/><V91/><F38/><W45/><G23/><T124/><D72/><U106/><E106/><V3/><F3/><N who="3" m="383" /><G75/><T54/><D133/><U118/><E118/><V55/><F43/><N who="1" m="16425" /><E128/><V52/><F55/><N who="3" m="30127" /><G83/><T5/><D124/><U69/><E69/><V99/><F33/><W70/><G66/><T86/><D123/><U77/><E65/><V18/><F15/><W87/><G87/><T93/><D67/><U134/><E134/><V96/><F82/><W34/><G34/><T39/><D39/><U71/><E71/><AGARI ba="0,0" hai="58,60,64,70,71" m="30127,383,44617" machi="71" ten="30,1000,0" yaku="12,1" doraHai="24" who="3" fromWho="1" sc="250,0,250,-10,250,0,250,10" /><INIT seed="2,0,0,4,0,55" ten="250,240,250,260" oya="2" hai0="77,96,59,69,32,127,9,43,7,124,67,118,71" hai1="109,106,39,100,107,20,86,34,33,129,78,16,74" hai2="73,36,105,123,0,40,27,35,12,110,68,114,22" hai3="132,116,90,44,5,80,58,65,91,83,112,98,101"/><V23/><RYUUKYOKU type="yao9" ba="0,0" sc="250,0,240,0,250,0,260,0" hai2="0,12,22,23,27,35,36,40,68,73,105,110,114,123" /><INIT seed="2,1,0,0,5,134" ten="250,240,250,260" oya="2" hai0="98,5,122,125,3,74,44,14,1,93,8,130,40" hai1="110,109,18,95,89,48,56,11,117,70,121,12,0" hai2="128,69,67,107,20,103,36,47,131,65,119,45,6" hai3="88,76,29,100,87,97,28,27,71,7,22,31,21"/><V81/><F119/><W30/><G71/><T59/><D122/><U39/><E117/><V17/><F6/><W25/><G7/><T114/><D114/><U124/><E70/><V85/><F107/><W75/><G76/><T64/><D74/><U123/><E39/><V105/><F103/><W112/><G75/><T57/><D130/><N who="2" m="49706" /><F105/><W60/><G60/><T37/><D125/><U77/><E77/><N who="2" m="46255" /><F69/><W91/><G112/><T133/><D133/><U4/><E124/><V96/><F96/><W62/><G62/><T10/><D64/><N who="2" m="24650" /><F36/><W82/><REACH who="3" step="1"/><G91/><REACH who="3" ten="250,240,250,250" step="2"/><T24/><D5/><U99/><E4/><V118/><F118/><W26/><G26/><AGARI ba="1,1" hai="17,20,26,45,47" m="24650,46255,49706" machi="26" ten="30,1500,0" yaku="19,1" doraHai="134" who="2" fromWho="3" sc="250,0,240,0,250,28,250,-18" /><INIT seed="2,2,0,3,0,103" ten="250,240,278,232" oya="2" hai0="124,96,1,89,69,113,12,74,132,25,63,135,133" hai1="53,0,130,7,106,109,97,61,108,128,127,3,119" hai2="47,26,105,17,20,33,117,13,76,115,21,91,43" hai3="37,15,66,58,88,99,114,82,8,101,18,62,2"/><V59/><F115/><W72/><G37/><T68/><D113/><U31/><E119/><V60/><F117/><W86/><G114/><T134/><D1/><N who="1" m="587" /><E7/><V39/><F76/><W104/><REACH who="3" step="1"/><G2/><REACH who="3" ten="250,240,278,222" step="2"/><T36/><D36/><U120/><E120/><V9/><F33/><W23/><G23/><T34/><D34/><U35/><E35/><V6/><F21/><W5/><G5/><T129/><D132/><U102/><E127/><V100/><F91/><W67/><G67/><T55/><D89/><U65/><E31/><V125/><F125/><W44/><G44/><T64/><D64/><U126/><E126/><V118/><F118/><W52/><G52/><T98/><D55/><U46/><E53/><V75/><F75/><AGARI ba="2,1" hai="8,15,18,58,62,66,72,75,82,86,88,99,101,104" machi="75" ten="40,5200,0" yaku="1,1,52,1,54,1,53,0" doraHai="103" doraHaiUra="121" who="3" fromWho="2" sc="250,0,240,0,278,-58,222,68" /><INIT seed="3,0,0,1,1,0" ten="250,240,220,290" oya="3" hai0="11,90,13,131,72,82,106,86,49,56,10,47,58" hai1="34,135,51,113,16,100,130,60,37,36,110,44,41" hai2="6,102,57,29,64,25,115,21,66,105,19,120,27" hai3="2,124,114,33,55,46,54,32,119,50,112,39,30"/><W31/><G119/><T85/><D131/><U133/><E34/><V111/><F115/><W3/><G39/><N who="1" m="14922" /><E100/><V26/><F111/><W127/><G50/><T83/><D72/><U103/><E103/><V40/><F120/><W8/><G46/><T48/><D106/><U52/><E113/><V122/><F122/><W98/><G8/><T53/><D49/><N who="1" m="26767" /><E16/><V126/><F40/><W9/><G9/><T125/><D125/><U88/><E88/><V99/><F126/><W73/><G73/><T95/><D95/><U107/><E107/><V87/><F87/><W132/><G132/><N who="1" m="50762" /><E110/><V108/><F108/><W17/><G17/><N who="0" m="8375" /><D11/><U89/><E89/><AGARI ba="0,0" hai="47,48,53,56,58,82,83,85,86,89,90" m="8375" machi="89" ten="30,2000,0" yaku="25,1,8,1" doraHai="0" who="0" fromWho="1" sc="250,20,240,-20,220,0,290,0" /><INIT seed="4,0,0,2,5,55" ten="270,220,220,290" oya="0" hai0="83,41,7,133,116,109,19,77,118,47,31,115,107" hai1="42,98,68,24,34,10,3,39,84,46,11,130,59" hai2="99,38,105,13,128,0,9,127,125,97,93,119,69" hai3="29,110,112,54,61,73,120,53,86,5,20,95,124"/><T27/><D107/><U111/><E68/><V104/><F38/><W67/><G73/><T76/><D7/><U17/><E111/><V58/><F0/><W106/><G106/><N who="2" m="41065" /><F69/><W25/><G110/><T16/><D109/><U1/><E1/><V129/><F13/><W96/><G112/><T36/><D77/><U26/><E3/><V70/><F9/><W121/><G124/><N who="2" m="47689" /><F70/><N who="3" m="42351" /><G86/><T79/><D115/><U56/><E10/><V44/><F44/><W6/><G6/><T117/><D79/><U8/><E8/><V4/><F4/><W33/><G33/><T78/><D78/><U94/><E11/><V37/><F37/><W62/><G62/><T49/><D133/><U12/><E34/><V66/><F119/><W48/><G48/><T134/><D134/><U80/><E24/><V18/><F18/><W75/><G5/><T131/><D131/><N who="2" m="50250" /><F93/><W82/><G95/><T92/><D92/><U114/><E26/><V89/><F89/><W102/><G25/><T101/><D36/><U40/><E130/><V74/><F74/><W21/><G75/><N who="0" m="43423" /><D19/><U15/><E17/><V43/><F43/><W123/><G29/><T135/><D16/><U132/><E42/><V88/><F88/><W108/><G108/><T91/><D91/><N who="1" m="51591" /><E114/><V113/><F113/><W72/><G20/><T45/><D27/><U63/><E12/><V103/><F103/><W51/><G21/><T57/><D31/><U60/><E15/><V28/><F28/><W85/><G72/><T22/><D22/><U32/><E32/><V50/><F50/><W23/><G51/><T90/><D49/><RYUUKYOKU ba="0,0" sc="270,-10,220,-10,220,30,290,-10" hai2="58,66,97,99" /><INIT seed="5,1,0,2,3,30" ten="260,210,250,280" oya="1" hai0="74,92,115,76,81,29,99,110,40,79,75,109,52" hai1="89,106,13,70,128,37,86,3,33,45,18,31,53" hai2="134,122,65,51,77,32,61,41,57,111,78,121,17" hai3="28,48,113,129,127,7,107,1,11,44,47,12,68"/><U42/><E128/><V21/><F111/><W20/><G107/><T2/><D2/><U5/><E106/><V125/><F32/><W88/><G68/><T27/><D40/><U73/><E73/><V50/><F125/><W118/><G118/><T25/><D115/><U108/><E108/><V59/><F134/><W90/><G113/><T4/><D4/><U46/><E70/><V85/><F121/><W124/><G129/><T43/><D43/><U71/><E71/><V132/><F132/><W15/><G1/><T35/><D27/><U123/><E123/><V133/><F133/><W60/><G60/><T98/><D98/><U55/><E46/><N who="3" m="17450" /><G48/><T80/><D52/><U36/><E36/><V49/><F41/><W14/><G28/><T69/><D69/><U117/><E117/><V10/><F59/><W38/><G38/><T104/><D104/><U84/><E31/><V135/><F122/><W95/><G20/><T8/><D8/><N who="1" m="2111" /><E33/><V39/><F39/><W91/><G95/><T130/><D130/><U94/><E86/><V100/><F10/><W119/><G119/><T23/><D23/><N who="1" m="11727" /><E37/><V101/><F135/><W116/><G116/><T19/><D19/><U63/><E63/><V67/><F67/><W87/><G87/><T34/><D34/><U64/><E64/><V96/><F96/><W62/><G62/><T105/><D105/><U102/><E102/><AGARI ba="1,0" hai="25,29,35,74,75,76,79,80,81,92,99,102,109,110" machi="102" ten="30,3900,0" yaku="7,1,9,1,52,1" doraHai="30" who="0" fromWho="1" sc="260,42,210,-42,250,0,280,0" owari="302,40.2,168,-33.2,250,-15.0,280,8.0" /></mjloggm>