<mjloggm ver="2.3"><GO type="225" lobby="0"/><UN n0="%E7%9A%AE%E3%80%85" n1="%E6%9D%B1%E9%A2%A8%E3%81%AE%E3%81%8D%E3%82%83%E3%81%B7%E3%81%95%E3%82%93" n2="%E3%83%96%E3%83%83%E3%83%91%E3%82%AA%E3%83%96%E3%83%81%E3%82%AD%E3%83%B3" n3="%E3%83%A9%E3%83%BC%E3%83%A1%E3%83%B3%E4%BA%94%E9%83%8E" dan="16,16,17,16" rate="2128.33,2176.12,2201.32,2142.24" sx="F,M,M,M"/><TAIKYOKU oya="0"/><INIT seed="0,0,0,1,1,49" ten="250,250,250,250" oya="0" hai0="106,60,89,128,111,121,119,67,77,72,110,120,83" hai1="90,99,19,50,1,44,29,27,101,130,22,65,11" hai2="31,115,93,84,94,88,69,55,85,109,113,82,78" hai3="54,35,12,75,2,24,37,25,86,47,132,6,126"/><T116/><D60/><U114/><E114/><V8/><F69/><W33/><G75/><T28/><D67/><U57/><E130/><V124/><F109/><N who="0" m="41482" /><D28/><U13/><E90/><V18/><F124/><W103/><G126/><T71/><D71/><U112/><E112/><V21/><F94/><W40/><G2/><T38/><D38/><U3/><E57/><V70/><F70/><W41/><G132/><T59/><D59/><U15/><E15/><V10/><F31/><W26/><G40/><T68/><D68/><U16/><E65/><V96/><F115/><W23/><G33/><T108/><N who="0" m="41490" /><T34/><DORA hai="14" /><D34/><U79/><E79/><V105/><F113/><W9/><G35/><T62/><D62/><U43/><REACH who="1" step="1"/><E29/><REACH who="1" ten="250,240,250,250" step="2"/><V80/><F105/><AGARI ba="0,1" hai="1,3,11,13,16,19,22,27,43,44,50,99,101,105" machi="105" ten="30,12000,2" yaku="1,1,2,1,7,1,52,2,54,1,53,0" doraHai="49,14" doraHaiUra="133,53" who="1" fromWho="2" sc="250,0,240,130,250,-120,250,0" /><INIT seed="1,0,0,1,1,46" ten="250,370,130,250" oya="1" hai0="122,125,102,41,87,4,130,36,103,10,48,1,2" hai1="65,72,15,30,135,25,74,88,100,86,95,56,66" hai2="92,73,105,58,110,69,111,108,8,3,45,128,51" hai3="129,26,123,131,106,93,85,132,67,7,52,134,98"/><U118/><E118/><V101/><F69/><W96/><G123/><T32/><D32/><U127/><E135/><N who="3" m="51754" /><G67/><T42/><D122/><U79/><E127/><V20/><F73/><W71/><G71/><T78/><D125/><U99/><E15/><V62/><F128/><N who="3" m="49227" /><G7/><T37/><D130/><U76/><E72/><V38/><F38/><W120/><G120/><T35/><D35/><U55/><E74/><V5/><F105/><W29/><G106/><T119/><D119/><U18/><E18/><V82/><F82/><W27/><G27/><T60/><D2/><U104/><E66/><V77/><F77/><W81/><G93/><T126/><D126/><U43/><E43/><V68/><F68/><W75/><G52/><T59/><D37/><U49/><REACH who="1" step="1"/><E65/><REACH who="1" ten="250,360,130,250" step="2"/><V114/><F110/><W94/><G75/><T47/><D41/><U9/><E9/><V0/><F8/><W117/><G117/><T14/><D1/><U57/><E57/><V113/><F0/><W80/><G29/><T17/><D17/><U107/><E107/><V70/><F3/><W39/><G26/><T90/><D36/><U21/><AGARI ba="0,1" hai="21,25,30,49,55,56,76,79,86,88,95,99,100,104" machi="21" ten="20,12000,1" yaku="1,1,0,1,7,1,52,1,54,1,53,0" doraHai="46" doraHaiUra="28" who="1" fromWho="1" sc="250,-40,360,130,130,-40,250,-40" /><INIT seed="1,1,0,4,1,14" ten="210,490,90,210" oya="1" hai0="4,22,115,46,47,93,95,43,119,28,125,31,1" hai1="8,111,89,120,87,98,108,62,107,101,25,68,7" hai2="88,99,59,70,51,21,123,50,116,97,57,45,17" hai3="102,76,19,55,49,71,5,32,39,114,20,56,15"/><U103/><E103/><V53/><F116/><W52/><G114/><T133/><D115/><U118/><E25/><V81/><F123/><W74/><G71/><T63/><D119/><U82/><E120/><V92/><F70/><W34/><G39/><T36/><D133/><U65/><REACH who="1" step="1"/><E118/><REACH who="1" ten="210,480,90,210" step="2"/><V64/><F64/><W33/><G102/><T85/><D125/><U40/><E40/><V37/><F37/><W67/><G67/><T132/><D36/><U106/><E106/><V27/><F81/><W3/><G55/><T79/><D43/><U61/><E61/><V41/><REACH who="2" step="1"/><F99/><REACH who="2" ten="210,480,80,210" step="2"/><W86/><G33/><T112/><D112/><U100/><E100/><V35/><F35/><W26/><G32/><T113/><D113/><U23/><E23/><V73/><F73/><W0/><G34/><T124/><D22/><U96/><E96/><V84/><F84/><W122/><G74/><T66/><D85/><U75/><E75/><V135/><F135/><W90/><G122/><T121/><D121/><U2/><AGARI ba="1,2" hai="2,7,8,62,65,68,82,87,89,98,101,107,108,111" machi="2" ten="30,6000,0" yaku="1,1,0,1,53,1" doraHai="14" doraHaiUra="60" who="1" fromWho="1" sc="210,-21,480,83,80,-21,210,-21" /><INIT seed="1,2,0,2,5,11" ten="189,563,59,189" oya="1" hai0="96,134,54,77,121,25,89,42,93,70,118,91,33" hai1="40,34,31,3,48,78,67,117,126,26,114,27,17" hai2="55,22,92,46,9,90,116,69,0,37,87,113,100" hai3="107,51,16,50,2,24,8,36,14,21,7,10,74"/><U52/><E117/><V73/><F116/><W80/><G36/><T102/><D118/><U53/><E114/><V106/><F113/><W28/><REACH who="3" step="1"/><G107/><REACH who="3" ten="189,563,59,179" step="2"/><T88/><D134/><U119/><E119/><V61/><F37/><W63/><G63/><T43/><D121/><U76/><E126/><V4/><F61/><W86/><G86/><T57/><D70/><U32/><E67/><V131/><F87/><W112/><G112/><T20/><D77/><AGARI ba="2,1" hai="2,7,8,10,14,16,21,24,28,50,51,74,77,80" machi="77" ten="40,8000,1" yaku="1,1,52,1,54,1,53,1" doraHai="11" doraHaiUra="75" who="3" fromWho="0" sc="189,-86,563,0,59,0,179,96" /><INIT seed="2,0,0,4,3,135" ten="103,563,59,275" oya="2" hai0="85,25,94,102,0,3,19,46,49,132,34,38,70" hai1="53,82,100,40,51,84,97,45,81,106,117,9,91" hai2="74,123,54,66,18,95,12,68,72,65,69,62,134" hai3="89,120,90,76,59,87,105,64,15,103,71,109,56"/><V83/><F123/><W99/><G120/><T60/><D38/><U88/><E117/><V57/><F134/><W115/><G71/><T43/><D132/><U122/><E122/><V127/><F83/><W114/><G109/><T118/><D118/><U67/><E67/><V35/><F35/><W20/><G76/><T16/><D0/><U33/><E33/><V17/><F68/><W42/><G42/><T8/><D3/><U121/><E121/><V7/><F66/><W50/><G90/><T110/><D110/><U22/><E9/><V47/><F47/><W30/><G50/><T111/><D111/><U133/><E22/><V108/><F108/><W130/><G130/><T124/><D8/><U14/><E14/><V126/><F95/><N who="3" m="54719" /><G64/><T131/><D131/><U61/><E133/><V63/><F7/><W27/><G15/><T80/><D124/><N who="2" m="47658" /><F18/><W78/><G78/><N who="0" m="46231" /><D34/><U125/><E125/><V107/><F107/><W86/><G105/><T5/><D70/><U2/><E2/><V44/><F44/><W116/><G116/><T58/><D5/><U48/><E81/><V75/><F72/><W37/><G115/><T77/><D77/><U98/><E106/><V28/><F28/><W26/><G114/><T73/><D73/><U11/><E45/><V32/><F32/><W1/><G30/><T113/><D113/><U39/><E82/><V4/><F4/><W36/><G59/><T31/><D31/><U96/><E39/><V41/><F41/><W13/><G37/><T112/><D112/><U104/><E104/><V21/><AGARI ba="0,0" hai="12,17,21,54,57,62,63,65,69,74,75" m="47658" machi="21" ten="30,11700,0" yaku="18,1,52,3" doraHai="135" who="2" fromWho="2" sc="103,-39,563,-39,59,117,275,-39" /><INIT seed="2,1,0,4,5,108" ten="64,524,176,236" oya="2" hai0="86,76,73,105,89,34,114,101,126,113,2,72,60" hai1="35,14,20,103,134,54,19,87,64,68,77,8,133" hai2="92,57,112,74,48,121,118,42,99,0,94,9,127" hai3="39,67,50,37,11,70,5,111,24,131,78,61,27"/><V83/><F118/><W33/><G111/><T1/><D34/><U15/><E35/><V123/><F112/><N who="0" m="43114" /><D60/><U62/><E103/><V53/><F0/><W16/><G33/><T21/><D21/><U47/><E87/><V38/><F9/><W6/><G6/><T79/><D1/><U88/><E88/><V41/><F38/><W129/><G50/><T109/><D2/><U18/><E77/><N who="0" m="29769" /><D109/><U66/><E66/><V51/><F57/><W98/><G37/><T69/><D69/><U12/><E12/><V46/><F53/><W29/><G39/><T23/><D23/><U40/><REACH who="1" step="1"/><E54/><REACH who="1" ten="64,514,176,236" step="2"/><V135/><F41/><W26/><G67/><T96/><D126/><U3/><E3/><V58/><F42/><W52/><G52/><T97/><D97/><U22/><E22/><V31/><F99/><W13/><G98/><T81/><AGARI ba="1,1" hai="72,73,81,86,89,96,101,105" m="29769,43114" machi="81" ten="30,8000,1" yaku="34,2,52,3" doraHai="108" who="0" fromWho="0" sc="64,93,514,-21,176,-41,236,-21" /><INIT seed="3,0,0,0,5,22" ten="157,493,135,215" oya="3" hai0="10,128,52,84,83,124,50,47,41,35,25,85,9" hai1="21,131,99,16,60,8,36,89,32,61,71,30,66" hai2="104,59,31,105,70,53,45,34,129,101,58,111,51" hai3="123,120,6,88,76,72,23,114,112,91,28,33,96"/><W65/><G33/><T17/><D128/><U44/><E131/><V130/><F130/><W64/><G6/><T97/><D124/><U119/><E60/><V95/><F129/><W48/><G48/><N who="0" m="26735" /><D35/><U100/><E119/><V57/><F70/><W4/><G4/><T79/><D97/><U0/><E89/><V19/><F111/><W118/><G23/><N who="0" m="13551" /><D85/><U115/><E115/><V15/><F95/><W78/><G28/><T133/><D133/><U98/><E98/><V12/><F101/><W63/><G63/><T14/><D14/><U27/><E44/><AGARI ba="0,0" hai="9,10,44,50,52,79,83,84" m="13551,26735" machi="44" ten="30,3900,0" yaku="8,1,52,1,54,1" doraHai="22" who="0" fromWho="1" sc="157,39,493,-39,135,0,215,0" owari="196,-20.4,454,55.4,135,-36.5,215,1.5" /></mjloggm>