<mjloggm ver="2.3"><GO type="225" lobby="0"/><UN n0="%E3%81%BE%E3%81%A8%E3%81%9F" n1="%E3%81%8B%E3%82%8F%E3%81%A1%E3%82%83%E3%82%93%35%38" n2="%E3%81%BF%E3%81%BF%E3%81%9A" n3="%E3%83%96%E3%83%83%E3%83%91%E3%82%AA%E3%83%96%E3%83%81%E3%82%AD%E3%83%B3" dan="16,16,17,16" rate="2135.85,2152.92,2191.07,2137.04" sx="M,M,M,M"/><TAIKYOKU oya="0"/><INIT seed="0,0,0,0,3,121" ten="250,250,250,250" oya="0" hai0="82,76,54,45,5,4,113,23,41,1,123,119,87" hai1="108,35,32,100,16,112,124,105,33,3,109,127,47" hai2="88,42,133,66,70,102,111,125,25,132,46,43,91" hai3="2,57,72,101,27,53,130,60,126,86,120,14,85"/><T128/><D113/><U30/><E112/><V8/><F102/><W107/><G2/><T36/><D119/><U50/><E3/><V20/><F8/><W131/><G120/><T52/><D128/><N who="3" m="49193" /><G126/><N who="1" m="48170" /><E30/><V12/><F12/><W110/><G72/><T34/><D34/><N who="1" m="8707" /><U39/><DORA hai="21" /><E39/><V115/><F111/><N who="1" m="42569" /><E16/><V134/><F125/><W24/><G110/><T37/><D37/><U67/><E67/><V9/><F115/><W93/><G14/><T92/><D123/><U62/><E62/><N who="2" m="40279" /><F9/><W96/><G107/><T22/><D1/><U94/><E105/><V71/><F71/><W97/><G97/><T49/><D4/><U68/><E68/><V44/><F20/><W114/><G114/><T122/><D5/><U7/><E7/><V73/><F25/><AGARI ba="0,0" hai="24,25,27,53,57,60,85,86,93,96,101" m="49193" machi="25" ten="30,7700,0" yaku="19,1,52,3" doraHai="121,21" who="3" fromWho="2" sc="250,0,250,0,250,-77,250,77" /><INIT seed="1,0,0,3,1,93" ten="250,250,173,327" oya="1" hai0="61,85,80,114,5,90,25,130,31,110,48,28,63" hai1="89,73,72,95,29,77,17,32,108,18,39,118,19" hai2="20,119,10,37,23,43,57,128,79,106,0,86,60" hai3="56,51,52,13,62,103,41,100,35,82,134,50,9"/><U7/><E118/><V96/><F119/><W132/><G35/><T49/><D114/><U53/><E39/><V129/><F43/><W55/><G82/><T8/><D110/><U2/><E108/><V104/><F37/><W67/><G41/><T14/><D28/><U69/><E69/><V109/><F109/><W54/><G132/><T97/><D130/><N who="2" m="50282" /><F79/><W94/><G134/><T107/><D63/><U42/><E42/><V87/><F10/><W84/><G84/><N who="2" m="32297" /><F0/><W121/><G121/><T76/><D61/><U123/><E77/><V38/><F38/><W34/><G34/><T125/><D125/><U91/><E123/><V105/><F60/><W65/><G65/><T12/><D12/><U98/><E73/><V120/><F120/><W27/><G27/><T46/><D76/><U133/><E72/><V112/><F57/><W71/><G71/><T81/><D81/><U124/><E133/><V1/><F1/><W111/><G111/><T116/><D116/><U68/><E68/><V64/><F64/><W127/><G127/><T74/><D74/><U11/><E124/><V6/><F6/><W45/><G51/><T22/><D46/><U78/><E78/><V26/><F112/><W59/><G59/><T15/><D15/><U92/><E53/><V4/><F4/><W16/><G103/><T99/><D107/><N who="2" m="41034" /><F26/><W70/><G70/><T36/><D36/><U101/><E2/><V88/><N who="2" m="41042" /><V117/><DORA hai="126" /><F117/><W30/><G30/><T83/><D83/><U33/><E7/><V44/><F44/><W58/><G58/><T21/><D21/><RYUUKYOKU ba="0,0" sc="250,10,250,-30,173,10,327,10" hai0="5,8,14,22,25,31,48,49,80,85,90,97,99" hai2="20,23,88,96" hai3="9,13,16,45,50,52,54,55,56,62,67,94,100" /><INIT seed="2,1,0,3,1,69" ten="260,220,183,337" oya="2" hai0="43,4,64,44,82,105,133,135,99,110,18,33,6" hai1="125,31,39,85,96,72,103,106,132,80,87,88,53" hai2="129,71,118,54,68,107,21,24,10,57,42,120,37" hai3="41,14,60,16,119,84,115,111,62,108,94,95,12"/><V128/><F118/><W122/><G122/><T130/><D33/><U19/><E132/><V45/><F107/><W93/><G119/><T75/><D64/><U63/><E125/><V13/><F120/><W83/><G115/><T131/><D18/><U78/><E31/><V51/><F128/><N who="0" m="49194" /><D6/><U113/><E113/><V79/><F129/><W3/><G41/><T124/><D4/><U89/><E19/><V5/><REACH who="2" step="1"/><F79/><REACH who="2" ten="260,220,173,337" step="2"/><N who="3" m="46207" /><G3/><T126/><D105/><U70/><E78/><V66/><F66/><W134/><G134/><T102/><D133/><U67/><E72/><V117/><F117/><W123/><G123/><T55/><D135/><U92/><REACH who="1" step="1"/><E53/><REACH who="1" ten="260,210,173,337" step="2"/><V36/><F36/><AGARI ba="1,2" hai="36,39,63,67,70,80,85,87,88,89,92,96,103,106" machi="36" ten="40,8000,1" yaku="1,1,2,1,52,2,54,1,53,0" doraHai="69" doraHaiUra="104" who="1" fromWho="2" sc="260,0,210,103,173,-83,337,0" /><INIT seed="3,0,0,2,4,14" ten="260,313,90,337" oya="3" hai0="103,106,67,43,129,49,111,15,54,10,59,75,46" hai1="6,32,56,132,45,58,107,4,3,33,77,16,64" hai2="92,9,79,118,110,63,5,18,91,53,99,57,55" hai3="11,122,47,28,51,135,48,12,78,36,101,73,72"/><W40/><G122/><T52/><D111/><U0/><E107/><V50/><F110/><W34/><G135/><T105/><D75/><U21/><E132/><V2/><F118/><W66/><G101/><T98/><D129/><U114/><E114/><V38/><F38/><W112/><G112/><T90/><D90/><U131/><E131/><V70/><F79/><W102/><G102/><T69/><D69/><U123/><E123/><V104/><F104/><W7/><G66/><T117/><D117/><U8/><E77/><V60/><F70/><W30/><G30/><T31/><D31/><U22/><E45/><V108/><F108/><W71/><G71/><T62/><REACH who="0" step="1"/><D105/><REACH who="0" ten="250,313,90,337" step="2"/><U115/><E115/><V74/><F74/><W100/><G100/><T13/><D13/><U26/><E0/><V109/><F109/><W25/><G73/><T35/><D35/><U37/><E33/><V88/><F91/><W61/><G72/><T116/><D116/><U80/><E32/><V93/><F93/><W1/><G78/><T76/><D76/><U133/><E3/><V121/><F121/><W20/><G61/><T29/><D29/><U120/><E120/><V84/><F99/><W27/><G1/><T126/><D126/><U85/><E133/><V95/><F95/><W87/><G87/><T96/><D96/><U19/><E85/><V128/><F128/><W124/><G124/><T130/><D130/><U83/><E26/><V86/><F86/><W119/><G119/><T81/><D81/><U82/><E82/><V125/><F125/><W65/><G65/><T134/><D134/><RYUUKYOKU ba="0,1" sc="250,15,313,-15,90,-15,337,15" hai0="10,15,43,46,49,52,54,59,62,67,98,103,106" hai3="7,11,12,20,25,27,28,34,36,40,47,48,51" owari="265,-13.5,298,9.8,75,-42.5,362,46.2" /></mjloggm>