<mjloggm ver="2.3"><GO type="225" lobby="0"/><UN n0="%77%72%77%72%77%72%77%72" n1="%E4%BC%8A%E9%81%94%E6%9C%B1%E9%87%8C%E7%B4%97" n2="%E3%83%B4%E3%83%A0%EF%BC%99%E3%81%A6" n3="%E9%B4%A8%4E%45%47%49" dan="17,16,16,16" rate="2168.60,2124.26,2175.15,2079.72" sx="M,F,M,M"/><TAIKYOKU oya="0"/><INIT seed="0,0,0,0,1,49" ten="250,250,250,250" oya="0" hai0="28,128,129,78,80,110,2,73,24,135,8,18,119" hai1="99,115,61,97,116,83,26,101,57,130,114,19,7" hai2="33,66,21,56,67,65,111,90,46,12,122,134,68" hai3="54,105,16,132,62,107,77,72,93,81,96,112,123"/><T23/><D119/><U20/><E116/><V13/><F33/><W39/><G112/><T76/><D135/><U89/><E130/><N who="0" m="50281" /><D110/><U5/><E115/><V121/><F68/><W70/><G39/><T51/><D76/><U6/><E114/><V9/><F111/><W42/><G42/><T0/><D51/><U104/><E104/><V30/><F134/><W71/><G71/><T74/><D74/><U53/><REACH who="1" step="1"/><E101/><REACH who="1" ten="250,240,250,250" step="2"/><V32/><F121/><W38/><G107/><T120/><D120/><U103/><E103/><V79/><F122/><W64/><G105/><T1/><D28/><U94/><E94/><V47/><F30/><W14/><G123/><T125/><D125/><U27/><E27/><V60/><F32/><W106/><G106/><T87/><D73/><U102/><E102/><V69/><F69/><W95/><G132/><T25/><D25/><U131/><E131/><V88/><F79/><W75/><G75/><T43/><D43/><U98/><E98/><V59/><F90/><W11/><G96/><T58/><D24/><U113/><E113/><V34/><F88/><W82/><G82/><T4/><D80/><U37/><E37/><V118/><F34/><W86/><G38/><T50/><D78/><U124/><E124/><V10/><F118/><W48/><REACH who="3" step="1"/><G72/><REACH who="3" ten="250,240,250,240" step="2"/><T44/><D87/><AGARI ba="0,2" hai="5,6,7,19,20,26,53,57,61,83,87,89,97,99" machi="87" ten="40,5200,0" yaku="1,1,8,1,52,1,53,0" doraHai="49" doraHaiUra="100" who="1" fromWho="0" sc="250,-52,240,72,250,0,240,0" /><INIT seed="1,0,0,1,4,50" ten="198,312,250,240" oya="1" hai0="54,12,18,42,73,71,92,70,110,96,2,28,90" hai1="43,120,109,128,66,4,6,134,98,116,49,15,129" hai2="30,130,21,85,14,34,79,113,35,62,19,61,27" hai3="76,77,41,13,60,94,9,63,82,133,3,56,102"/><U99/><E116/><V88/><F130/><N who="1" m="50281" /><E120/><V17/><F113/><W0/><G133/><T55/><D110/><U20/><E66/><V26/><F79/><W125/><G125/><T127/><D127/><U24/><E134/><V29/><REACH who="2" step="1"/><F19/><REACH who="2" ten="198,312,240,240" step="2"/><W108/><G77/><T118/><D118/><U7/><E15/><V124/><F124/><W97/><G108/><T1/><D2/><U22/><E109/><V48/><F48/><W37/><G63/><T107/><D1/><U91/><E49/><V36/><F36/><W51/><G51/><T84/><D28/><U40/><E40/><V117/><F117/><W33/><G41/><T131/><D42/><U121/><E43/><V86/><F86/><W72/><G37/><T81/><D131/><U23/><E121/><V112/><F112/><W126/><G126/><T59/><D73/><U8/><E24/><V25/><F25/><W69/><G3/><T39/><D39/><U93/><E99/><V65/><F65/><W67/><G0/><T47/><D12/><U115/><E115/><V105/><F105/><W32/><REACH who="3" step="1"/><G69/><REACH who="3" ten="198,312,240,230" step="2"/><T58/><D70/><U95/><E4/><AGARI ba="0,2" hai="4,9,13,32,33,56,60,67,72,76,82,94,97,102" machi="4" ten="30,3900,0" yaku="1,1,2,1,7,1,53,0" doraHai="50" doraHaiUra="122" who="3" fromWho="1" sc="198,0,312,-39,240,0,230,59" /><INIT seed="2,0,0,4,0,108" ten="198,273,240,289" oya="2" hai0="70,10,102,132,125,89,43,78,135,114,81,13,9" hai1="68,61,7,51,15,60,38,4,117,126,69,5,40" hai2="6,29,46,91,48,122,134,67,75,129,131,28,23" hai3="25,127,8,133,109,101,123,93,55,50,34,22,82"/><V111/><F122/><W11/><G123/><T64/><D102/><U88/><E117/><V74/><F134/><N who="0" m="51242" /><D125/><U54/><E126/><V100/><F111/><W42/><G109/><T96/><D43/><U113/><E113/><V16/><F6/><W44/><G34/><T59/><D70/><U104/><E104/><V21/><F91/><W2/><G127/><T80/><D114/><U107/><E107/><V37/><F67/><W20/><G133/><T112/><D112/><U120/><E120/><V92/><F29/><W52/><G82/><T0/><D0/><U35/><E35/><V72/><F37/><W14/><G22/><T86/><D13/><U110/><E15/><N who="2" m="9375" /><F23/><W124/><G14/><T73/><D96/><U45/><E110/><V53/><F28/><W119/><G119/><T98/><D98/><U95/><E69/><V1/><F1/><W3/><G3/><T121/><D121/><U118/><E68/><V39/><F39/><W24/><G2/><T12/><D12/><U105/><E118/><V76/><F76/><W41/><G25/><T32/><D32/><U33/><E33/><V31/><F31/><W116/><G124/><T26/><D26/><U103/><E105/><V19/><F19/><W79/><G79/><T84/><D73/><U47/><REACH who="1" step="1"/><E103/><REACH who="1" ten="198,263,240,289" step="2"/><V27/><F27/><W56/><G116/><T17/><D9/><U57/><E57/><V49/><F100/><W77/><G11/><T106/><D106/><U63/><E63/><V62/><F62/><N who="3" m="36103" /><G8/><T99/><D10/><U83/><E83/><V66/><F92/><W128/><G24/><RYUUKYOKU ba="0,1" sc="198,-10,263,30,240,-10,289,-10" hai1="4,5,7,38,40,45,47,51,54,60,61,88,95" /><INIT seed="3,1,1,3,0,105" ten="188,293,230,279" oya="3" hai0="130,1,96,66,32,86,2,34,0,97,49,65,10" hai1="47,113,6,111,127,7,94,80,90,14,128,22,33" hai2="73,58,53,117,50,64,23,124,27,44,131,56,75" hai3="18,46,29,109,71,54,95,134,45,57,118,36,110"/><W68/><G29/><T39/><D39/><U122/><E113/><V114/><F114/><W74/><G74/><T112/><D112/><U129/><E33/><N who="0" m="12905" /><D86/><N who="1" m="50503" /><E111/><N who="3" m="42506" /><G134/><T37/><D49/><U92/><E122/><V126/><F131/><N who="1" m="50249" /><E47/><N who="3" m="17930" /><G95/><N who="1" m="36394" /><E127/><N who="2" m="48683" /><F117/><W52/><G18/><AGARI ba="1,1" hai="6,7,14,18,22" m="36394,50249,50503" machi="18" ten="30,1000,0" yaku="19,1" doraHai="105" who="1" fromWho="3" sc="188,0,293,23,230,0,279,-13" owari="188,-31.2,316,41.6,230,-17.0,266,6.6" /></mjloggm>