<mjloggm ver="2.3"><GO type="225" lobby="0"/><UN n0="%72%61%6B%33" n1="%E7%B4%94%E6%BD%94%E3%83%94%E3%83%A9%E3%83%8B%E3%82%A2" n2="%33%74%72%65%65" n3="%E3%81%AF%E3%82%88%E3%81%8A%E3%81%98%E3%81%95%E3%82%93" dan="16,17,17,16" rate="2106.19,2230.67,2155.77,2190.39" sx="M,M,M,M"/><TAIKYOKU oya="0"/><INIT seed="0,0,0,0,2,26" ten="250,250,250,250" oya="0" hai0="31,33,70,54,117,32,44,79,27,96,39,15,77" hai1="52,108,53,57,28,40,61,35,82,129,126,7,59" hai2="104,41,102,110,84,29,72,91,94,62,88,118,48" hai3="65,9,90,134,81,73,42,109,21,51,78,131,22"/><T89/><D117/><U5/><E108/><V97/><F110/><W122/><G109/><T8/><D70/><U93/><E126/><V0/><F118/><W124/><G124/><T105/><D33/><U85/><E40/><V130/><F130/><W121/><G131/><T37/><D54/><U60/><E93/><V115/><F115/><W58/><G134/><T17/><D89/><U128/><E85/><V120/><F120/><N who="3" m="46187" /><G90/><T125/><D125/><U116/><E35/><V135/><F135/><W50/><G9/><T83/><D44/><U87/><E87/><V127/><F127/><W63/><G51/><T30/><D79/><U46/><E46/><AGARI ba="0,0" hai="21,22,42,46,50,58,63,65,73,78,81" m="46187" machi="46" ten="30,1000,0" yaku="13,1" doraHai="26" who="3" fromWho="1" sc="250,0,250,-10,250,0,250,10" /><INIT seed="1,0,0,2,5,107" ten="250,240,250,260" oya="1" hai0="92,85,1,78,14,131,96,0,44,76,32,135,27" hai1="57,73,9,90,47,97,45,119,103,43,22,49,19" hai2="4,41,23,63,62,72,82,21,112,38,58,80,95" hai3="8,102,88,91,110,93,10,11,134,113,48,3,40"/><U133/><E119/><V46/><F112/><W129/><G113/><T70/><D70/><U74/><E90/><V26/><F4/><W13/><G3/><T15/><D44/><U120/><E120/><V126/><F126/><W105/><G105/><T6/><D85/><U71/><E71/><V52/><F72/><W116/><G116/><T104/><D104/><U18/><E133/><V31/><F63/><W89/><G134/><T54/><D54/><U83/><E83/><V66/><F66/><W34/><G34/><T127/><D92/><U132/><E132/><V29/><REACH who="2" step="1"/><F95/><REACH who="2" ten="250,240,240,260" step="2"/><W128/><G110/><T98/><D6/><U75/><E9/><V117/><F117/><W118/><G118/><T106/><D135/><U68/><E68/><V55/><F55/><W30/><G8/><T20/><D127/><U7/><E7/><V124/><F124/><W50/><G10/><T114/><D114/><U125/><E125/><V77/><F77/><W123/><G93/><T94/><D94/><U87/><E87/><V35/><F35/><W64/><G64/><T84/><D84/><U33/><E33/><V28/><F28/><W53/><G30/><T59/><D106/><U111/><E111/><V42/><F42/><W108/><G40/><T130/><D32/><U115/><E115/><V51/><F51/><W60/><G50/><T81/><D78/><U86/><E86/><V17/><F17/><N who="1" m="6153" /><E22/><V37/><F37/><W56/><G108/><T122/><D20/><U67/><E43/><V36/><F36/><W101/><G11/><T24/><D76/><U61/><E49/><RYUUKYOKU ba="0,1" sc="250,-15,240,15,240,15,260,-15" hai1="45,47,57,61,67,73,74,75,97,103" hai2="21,23,26,29,31,38,41,46,52,58,62,80,82" /><INIT seed="1,1,1,2,1,100" ten="235,255,255,245" oya="1" hai0="20,117,12,30,70,44,7,84,34,120,109,18,92" hai1="96,102,5,4,54,22,21,71,8,25,43,52,115" hai2="62,75,65,55,80,50,127,129,64,108,35,58,98" hai3="36,78,122,16,33,19,118,85,40,17,132,57,99"/><U13/><E115/><V63/><F108/><W61/><G122/><T27/><D70/><U68/><E43/><V121/><F121/><W60/><G33/><T111/><D120/><U130/><E130/><V45/><F129/><W67/><G132/><T104/><D117/><U72/><E72/><V131/><F131/><W101/><G118/><T123/><D123/><U28/><E4/><V74/><F127/><W3/><G3/><T49/><D104/><U106/><REACH who="1" step="1"/><E21/><REACH who="1" ten="235,245,255,245" step="2"/><V37/><F75/><W126/><G40/><T83/><D7/><U103/><E103/><V81/><F74/><W14/><G126/><T91/><D111/><U114/><E114/><V53/><F35/><W6/><G6/><T42/><D109/><U26/><E26/><V69/><F37/><W79/><G36/><T11/><D34/><U15/><E15/><V48/><REACH who="2" step="1"/><F98/><REACH who="2" ten="235,245,245,245" step="2"/><W134/><G99/><T31/><D27/><U93/><E93/><V24/><F24/><W0/><G134/><T47/><D92/><U87/><E87/><V59/><AGARI ba="1,3" hai="45,48,50,53,55,58,59,62,63,64,65,69,80,81" machi="59" ten="20,2700,0" yaku="1,1,0,1,7,1,53,0" doraHai="100" doraHaiUra="125" who="2" fromWho="2" sc="235,-8,245,-14,245,60,245,-8" /><INIT seed="2,0,0,1,5,72" ten="227,231,305,237" oya="2" hai0="84,63,69,106,57,110,8,62,117,39,46,25,135" hai1="105,100,11,121,52,99,58,70,91,71,10,93,2" hai2="22,82,15,88,74,7,51,0,132,73,90,48,77" hai3="122,75,86,85,3,17,34,67,125,27,133,83,98"/><V33/><F33/><W78/><G122/><T119/><D106/><U87/><E121/><V50/><F132/><W80/><G3/><T79/><D135/><U31/><E31/><V45/><F73/><W36/><G36/><T35/><D110/><U92/><E105/><V115/><F115/><W113/><G133/><T81/><D8/><U32/><E32/><V64/><F64/><W30/><G113/><T44/><D69/><U65/><E65/><V6/><F0/><W107/><G125/><T18/><D63/><U49/><REACH who="1" step="1"/><E10/><REACH who="1" ten="227,221,305,237" step="2"/><V16/><REACH who="2" step="1"/><F45/><REACH who="2" ten="227,221,295,237" step="2"/><W42/><G67/><T26/><D35/><U114/><E114/><V68/><F68/><W101/><G34/><T53/><D46/><U127/><E127/><V124/><F124/><W66/><G66/><T89/><D44/><U112/><E112/><V109/><F109/><W55/><G107/><T59/><D59/><U5/><AGARI ba="0,2" hai="2,5,11,49,52,58,70,71,87,91,92,93,99,100" machi="5" ten="30,7900,0" yaku="1,1,0,1,54,1,53,1" doraHai="72" doraHaiUra="4" who="1" fromWho="1" sc="227,-20,221,99,295,-39,237,-20" /><INIT seed="3,0,0,2,4,110" ten="207,320,256,217" oya="3" hai0="48,121,37,82,79,116,128,70,20,87,76,35,52" hai1="27,94,72,98,2,85,129,51,81,59,0,24,134" hai2="62,68,9,101,135,53,21,106,90,93,16,97,130" hai3="109,77,15,105,61,127,78,32,7,31,118,88,41"/><W10/><G118/><T91/><D116/><U42/><E72/><V39/><F130/><W124/><G105/><T66/><D37/><U36/><E129/><V119/><F119/><W103/><G103/><T18/><D128/><U104/><E104/><V1/><F135/><W49/><G109/><T4/><D35/><U5/><E36/><V58/><F39/><W44/><G61/><T71/><D121/><U84/><E84/><V102/><F68/><W86/><G31/><T14/><D4/><U108/><E134/><V115/><F115/><W46/><G46/><T55/><D55/><U99/><E99/><V60/><F60/><W67/><G32/><T107/><D107/><U63/><E5/><N who="2" m="1199" /><F106/><W96/><G67/><T100/><D100/><N who="1" m="60503" /><E0/><V83/><F83/><N who="3" m="47471" /><G78/><T117/><D117/><U17/><E17/><V6/><F6/><W33/><G33/><T75/><D66/><N who="1" m="39295" /><E2/><V11/><F11/><W40/><G41/><T28/><D28/><U126/><E126/><V64/><F64/><W120/><G120/><T65/><D65/><U92/><E92/><AGARI ba="0,0" hai="7,10,15,40,44,49,88,92,96,124,127" m="47471" machi="92" ten="30,2900,0" yaku="25,1,54,1" doraHai="110" who="3" fromWho="1" sc="207,0,320,-29,256,0,217,29" /><INIT seed="3,1,0,2,2,90" ten="207,291,256,246" oya="3" hai0="13,75,97,134,113,31,18,68,48,49,34,135,43" hai1="67,64,100,6,123,119,26,105,9,91,107,92,125" hai2="99,29,25,133,14,112,131,72,54,121,120,56,109" hai3="103,127,69,111,95,71,81,58,66,102,96,50,59"/><W114/><G114/><T11/><D68/><U47/><E123/><N who="2" m="47179" /><F133/><W93/><G127/><T36/><D113/><U129/><E100/><V52/><F112/><W110/><G81/><T79/><D36/><U130/><E47/><V85/><F72/><W108/><G50/><T126/><D126/><U98/><E26/><V22/><F109/><W37/><G37/><T76/><D31/><U61/><E119/><V10/><F131/><N who="1" m="50185" /><E125/><V32/><F85/><W23/><G23/><T62/><D34/><U8/><E8/><V57/><F32/><W41/><G41/><T27/><D27/><U21/><E21/><V86/><F86/><W88/><G102/><T17/><D43/><U122/><E122/><V82/><F82/><W124/><G124/><T77/><D75/><U132/><E132/><V5/><F99/><N who="3" m="57767" /><G69/><T89/><D135/><U117/><E117/><V55/><AGARI ba="1,0" hai="5,10,14,22,25,29,52,54,55,56,57" m="47179" machi="55" ten="30,2000,0" yaku="13,1,54,1" doraHai="90" who="2" fromWho="2" sc="207,-6,291,-6,256,23,246,-11" /><INIT seed="4,0,0,1,0,31" ten="201,285,279,235" oya="0" hai0="26,129,120,69,14,36,97,49,4,125,62,17,104" hai1="53,124,67,77,22,78,1,94,127,39,84,44,16" hai2="25,54,87,51,68,82,9,95,117,108,89,107,56" hai3="24,64,3,132,63,21,73,134,28,74,2,90,61"/><T50/><D120/><U18/><E1/><V46/><F108/><W109/><G109/><T40/><D4/><U131/><E67/><V71/><F107/><W48/><G63/><T34/><D125/><N who="1" m="48203" /><E131/><V75/><F117/><W110/><G110/><T47/><D129/><U0/><E0/><V65/><F9/><W41/><G90/><T135/><D135/><N who="3" m="51753" /><G2/><T29/><D69/><U102/><E18/><V115/><F115/><W33/><G3/><T58/><D104/><U128/><E128/><V7/><F7/><W91/><G91/><T79/><D79/><U59/><E84/><V103/><F89/><W66/><G21/><T116/><D116/><U10/><E10/><V20/><F71/><N who="3" m="42383" /><G66/><T43/><D97/><N who="1" m="59703" /><E39/><V126/><F65/><W80/><G80/><T101/><D101/><U85/><E85/><V55/><F82/><W105/><G105/><T88/><D88/><U8/><E8/><V13/><F103/><W96/><G96/><T112/><D112/><U123/><E123/><V57/><F68/><W86/><G86/><T6/><D6/><U45/><E78/><V130/><F87/><W60/><G60/><T15/><D15/><N who="1" m="9503" /><E77/><V81/><F126/><W37/><G37/><T42/><D36/><U113/><E113/><V12/><F130/><W98/><G98/><T32/><D62/><AGARI ba="0,0" hai="44,45,53,59,62" m="9503,59703,48203" machi="62" ten="30,2000,0" yaku="18,1,54,1" doraHai="31" who="1" fromWho="0" sc="201,-20,285,20,279,0,235,0" owari="181,-31.9,305,40.5,279,7.9,235,-16.5" /></mjloggm>