<mjloggm ver="2.3"><GO type="225" lobby="0"/><UN n0="%5C%28%E2%89%A7%E2%96%BD%E2%89%A6%29%2F" n1="%E5%91%A8%E6%9D%B1" n2="%E3%83%A9%E3%82%B9%E7%8E%87%EF%BC%93%E5%89%B2" n3="%E3%81%A4%E3%81%A3%E3%81%B1%E3%82%8A%E3%83%9D%E3%83%BC%E3%83%AB" dan="16,17,17,17" rate="2058.79,2144.04,2207.33,2137.29" sx="M,M,F,M"/><TAIKYOKU oya="0"/><INIT seed="0,0,0,3,5,29" ten="250,250,250,250" oya="0" hai0="87,110,25,126,45,42,128,32,9,122,129,17,13" hai1="21,119,33,20,51,104,103,72,37,61,1,68,121" hai2="28,44,111,15,88,23,31,7,60,55,102,95,106" hai3="112,67,14,78,75,56,85,97,80,27,90,24,6"/><T101/><D122/><U46/><E72/><V127/><F111/><W69/><G69/><T59/><D101/><U76/><E76/><V48/><F127/><W131/><G112/><T118/><D118/><U64/><E1/><V84/><F106/><W39/><G39/><T123/><D123/><U94/><E119/><V99/><F60/><N who="3" m="38279" /><G75/><T8/><D126/><U107/><E37/><V125/><F125/><W12/><G131/><N who="0" m="50251" /><D59/><U132/><E121/><V92/><F7/><W10/><G14/><N who="0" m="7367" /><D87/><U63/><E107/><V41/><F41/><W98/><G98/><T66/><D66/><U40/><E104/><V43/><F43/><W26/><G97/><T82/><D82/><U49/><E103/><V77/><F77/><AGARI ba="0,0" hai="6,10,12,24,26,27,77,78,80,85,90" m="38279" machi="77" ten="30,1000,0" yaku="8,1" doraHai="29" who="3" fromWho="2" sc="250,0,250,0,250,-10,250,10" /><INIT seed="1,0,0,5,2,16" ten="250,250,240,260" oya="1" hai0="130,18,61,71,38,107,27,87,40,72,122,104,31" hai1="112,7,50,22,2,111,131,44,116,128,85,120,93" hai2="86,65,34,103,92,115,43,13,124,132,49,129,68" hai3="4,41,101,45,82,79,110,66,59,24,6,90,91"/><U127/><E120/><V64/><F34/><W42/><G110/><T83/><D72/><U134/><E116/><V52/><F129/><N who="1" m="49737" /><E112/><V17/><F115/><W60/><G101/><T8/><D130/><U69/><E69/><V118/><F132/><W97/><G24/><T76/><D122/><U0/><E134/><V51/><F124/><W21/><G21/><T75/><D75/><U74/><E74/><V99/><F68/><W54/><G66/><T57/><D71/><U23/><E127/><V29/><F29/><W135/><G135/><T35/><D40/><N who="3" m="15465" /><G45/><T1/><D38/><U63/><E63/><V109/><F109/><W11/><G11/><T25/><D1/><N who="1" m="619" /><E7/><N who="3" m="2602" /><G97/><T19/><D19/><U70/><E70/><V9/><F118/><W56/><G56/><T48/><D48/><U123/><E123/><V10/><F10/><W89/><G79/><T53/><REACH who="0" step="1"/><D8/><REACH who="0" ten="240,250,240,260" step="2"/><U98/><E111/><V47/><REACH who="2" step="1"/><F86/><AGARI ba="0,1" hai="54,59,60,82,86,89,90,91" m="2602,15465" machi="86" ten="30,1000,0" yaku="8,1" doraHai="16" who="3" fromWho="2" sc="240,0,250,0,240,-10,260,20" /><INIT seed="2,0,0,1,3,32" ten="240,250,230,280" oya="2" hai0="90,34,18,118,22,63,62,104,99,115,35,106,73" hai1="58,96,86,83,134,21,20,51,54,119,66,53,13" hai2="81,33,122,42,91,23,100,2,76,112,43,89,41" hai3="71,7,17,72,105,40,4,98,87,47,111,78,26"/><V46/><F33/><W8/><G71/><T50/><D115/><U107/><E119/><V48/><F122/><W14/><G72/><T84/><D118/><U29/><E134/><V70/><F70/><W60/><G111/><T101/><D73/><U5/><E107/><V10/><F112/><W12/><G60/><T85/><D104/><U0/><E96/><V27/><F100/><W109/><G109/><T114/><D114/><U124/><E124/><V68/><F68/><W133/><G133/><T93/><D50/><U30/><E0/><V125/><F125/><W44/><G105/><T132/><D132/><U56/><E66/><V45/><F10/><N who="3" m="4167" /><G98/><T74/><D85/><U135/><E135/><V52/><F2/><W57/><G57/><T75/><D75/><U94/><E94/><V103/><F103/><W9/><G40/><T108/><D108/><U37/><E37/><V59/><F76/><W11/><G26/><T79/><D62/><N who="1" m="36111" /><E5/><V6/><F6/><W67/><G67/><T95/><D63/><U113/><E113/><V131/><F131/><W102/><G102/><T1/><D1/><U55/><E55/><V128/><F128/><W77/><G7/><T64/><D95/><U15/><E15/><V121/><F121/><W92/><G92/><T80/><D64/><U39/><E39/><V3/><F3/><W69/><G69/><T31/><D31/><N who="1" m="11787" /><E13/><AGARI ba="0,0" hai="13,18,22,34,35,74,79,80,84,90,93,99,101,106" machi="13" ten="30,3900,0" yaku="7,1,24,2" doraHai="32" who="0" fromWho="1" sc="240,39,250,-39,230,0,280,0" /><INIT seed="3,0,0,3,5,83" ten="279,211,230,280" oya="3" hai0="66,7,101,2,25,107,10,102,42,95,113,131,87" hai1="74,86,31,65,111,70,16,14,88,114,51,4,118" hai2="123,92,29,69,76,117,13,23,53,59,80,126,41" hai3="9,32,89,133,106,124,77,93,119,127,0,35,82"/><W130/><G119/><T30/><D107/><U50/><E74/><V5/><F69/><W20/><G106/><T112/><D131/><U134/><E114/><V99/><F126/><N who="3" m="48171" /><G130/><T67/><D42/><U98/><E118/><V110/><F110/><W64/><G64/><T22/><D101/><U120/><E120/><V46/><F29/><W6/><G20/><T3/><D3/><U75/><E75/><V132/><F132/><W37/><G37/><T73/><D73/><U96/><E111/><V45/><F41/><W28/><G28/><T90/><D102/><U52/><E31/><V121/><F117/><W61/><G61/><T43/><D43/><U47/><E134/><V17/><F5/><W19/><G19/><T18/><D18/><U8/><E65/><V125/><F125/><W39/><G39/><T27/><D27/><U105/><E70/><V21/><F23/><W24/><G24/><T97/><D97/><N who="1" m="37483" /><E105/><V128/><F128/><W60/><G60/><T26/><D26/><U55/><E4/><V63/><F123/><W108/><G133/><T11/><D11/><U58/><E88/><N who="2" m="55687" /><F121/><W109/><G109/><T85/><D113/><U71/><E71/><V44/><F76/><W91/><G108/><T129/><D112/><U81/><E81/><AGARI ba="0,0" hai="13,17,21,44,45,46,53,59,63,80,81" m="55687" machi="81" ten="30,2000,0" yaku="8,1,54,1" doraHai="83" who="2" fromWho="1" sc="279,0,211,-20,230,20,280,0" /><INIT seed="4,0,0,4,1,74" ten="279,191,250,280" oya="0" hai0="5,49,134,29,59,109,120,87,12,82,95,112,88" hai1="53,24,89,56,93,47,55,51,125,45,4,9,1" hai2="44,41,76,100,10,0,91,108,129,35,61,90,8" hai3="98,102,111,13,52,30,36,123,114,94,92,28,32"/><T33/><D120/><U81/><E125/><V67/><F35/><W121/><G36/><T21/><D134/><U83/><E24/><V3/><F100/><W27/><G111/><T63/><D109/><U68/><E68/><V6/><F108/><W118/><G118/><T72/><D33/><U117/><E117/><V60/><F129/><W122/><G114/><T97/><D72/><U119/><E119/><V110/><F110/><W106/><G30/><T50/><D112/><U14/><E1/><V31/><F31/><W16/><G52/><N who="0" m="34279" /><D5/><U22/><E22/><AGARI ba="0,0" hai="13,16,22,27,28,32,92,94,98,102,106,121,122,123" machi="22" ten="40,2600,0" yaku="13,1,54,1" doraHai="74" who="3" fromWho="1" sc="279,0,191,-26,250,0,280,26" owari="279,7.9,165,-33.5,250,-15.0,306,40.6" /></mjloggm>