<mjloggm ver="2.3"><GO type="225" lobby="0"/><UN n0="%E6%9C%88%E5%B3%B6%E5%9F%BA" n1="%E6%A1%9C%E8%8A%B1%E9%96%83%E3%80%85" n2="%E3%83%A9%E3%83%BC%E3%83%A1%E3%83%B3%E4%BA%94%E9%83%8E" n3="%E6%A1%9C%E6%B2%A2%E5%A2%A8" dan="16,16,16,17" rate="2131.69,2138.38,2134.39,2169.59" sx="M,M,M,F"/><TAIKYOKU oya="0"/><INIT seed="0,0,0,0,2,63" ten="250,250,250,250" oya="0" hai0="91,8,23,72,116,70,117,106,92,102,78,131,112" hai1="33,19,110,128,57,36,11,64,14,69,77,81,84" hai2="66,76,31,86,90,45,93,97,43,22,119,9,111" hai3="4,61,88,115,130,95,17,60,87,56,21,133,29"/><T104/><D23/><U7/><E110/><V96/><F111/><W105/><G115/><T129/><D8/><U12/><E128/><N who="0" m="49225" /><D112/><U103/><E69/><V82/><F119/><N who="0" m="45642" /><D70/><U121/><E121/><V30/><F9/><W79/><G130/><T46/><D46/><U94/><E36/><V120/><F120/><W50/><G133/><T124/><D124/><U28/><E33/><V55/><F22/><W42/><G105/><N who="0" m="40555" /><D102/><U6/><E28/><V1/><F30/><W127/><G127/><T40/><D40/><U0/><E14/><V126/><F126/><W134/><G29/><T67/><D67/><U123/><E123/><V89/><F31/><W41/><G4/><T37/><D37/><U5/><E0/><V68/><F1/><W18/><G18/><T16/><D16/><U135/><E64/><V15/><F15/><W26/><G61/><T49/><D49/><U13/><E13/><V98/><F43/><W99/><G50/><T108/><D108/><U20/><E20/><V62/><F45/><W100/><G100/><T65/><D65/><U125/><E125/><V53/><F53/><N who="3" m="33807" /><G134/><T32/><D32/><U10/><E135/><V48/><F48/><W73/><G42/><T75/><D78/><U132/><E132/><V47/><F76/><W83/><G41/><T34/><D34/><U58/><E11/><V101/><F101/><W2/><G2/><T109/><D109/><U114/><E103/><V122/><F122/><W3/><G3/><T44/><D44/><U80/><E114/><V38/><F38/><W35/><G35/><T39/><D39/><RYUUKYOKU ba="0,0" sc="250,10,250,-30,250,10,250,10" hai0="72,75,91,92" hai2="47,55,62,66,68,82,86,89,90,93,96,97,98" hai3="17,21,26,73,79,83,87,88,95,99" /><INIT seed="0,1,0,0,4,42" ten="260,220,260,260" oya="0" hai0="87,100,111,82,10,20,28,74,90,123,89,126,94" hai1="39,104,25,135,5,63,69,37,67,72,128,1,121" hai2="124,54,61,38,57,129,131,110,31,55,98,15,83" hai3="19,112,45,113,122,47,68,102,127,52,88,32,3"/><T84/><D123/><U114/><RYUUKYOKU type="yao9" ba="1,0" sc="260,0,220,0,260,0,260,0" hai1="1,5,25,37,39,63,67,69,72,104,114,121,128,135" /><INIT seed="0,2,0,4,3,10" ten="260,220,260,260" oya="0" hai0="85,57,41,130,53,8,56,0,55,47,49,52,54" hai1="48,87,32,33,24,125,113,59,91,100,98,60,108" hai2="104,95,7,50,96,132,84,1,75,133,123,22,92" hai3="82,21,129,107,97,118,78,12,124,44,114,25,73"/><T62/><D130/><U79/><E108/><V61/><F123/><W3/><G3/><T11/><D0/><U76/><E125/><V103/><F75/><W9/><G114/><T71/><D85/><U93/><E113/><V70/><F50/><W110/><G118/><T30/><D30/><U26/><E48/><V6/><F22/><W19/><G110/><T46/><D11/><U88/><E33/><V66/><F1/><W134/><G124/><T131/><D8/><U120/><E91/><N who="2" m="53351" /><F104/><W102/><G134/><AGARI ba="2,0" hai="6,7,61,66,70,95,96,103,132,133,134" m="53351" machi="134" ten="30,1000,0" yaku="20,1" doraHai="10" who="2" fromWho="3" sc="260,0,220,0,260,16,260,-16" /><INIT seed="1,0,0,3,4,50" ten="260,220,276,244" oya="1" hai0="86,25,89,63,117,43,30,101,51,79,18,21,76" hai1="105,65,98,48,32,67,66,0,46,114,34,39,115" hai2="61,10,127,47,52,55,14,40,103,102,24,75,15" hai3="83,129,64,81,58,118,37,22,9,56,135,19,82"/><U69/><E0/><V97/><F75/><W88/><G37/><T133/><D117/><U72/><E72/><V104/><F127/><W111/><G111/><T6/><D133/><U12/><E12/><V87/><F103/><W93/><G135/><T85/><D101/><U110/><E105/><V116/><F116/><W13/><G118/><T60/><D6/><U109/><E98/><V108/><F108/><N who="1" m="41577" /><E39/><V99/><F99/><W16/><G64/><N who="1" m="24682" /><E32/><V74/><F74/><W36/><G129/><T119/><D85/><U26/><E26/><V130/><F130/><W95/><G36/><T42/><D119/><U123/><E34/><V134/><F134/><W131/><G131/><T96/><D96/><U8/><E8/><V11/><F24/><N who="3" m="14407" /><G95/><T128/><D128/><U49/><E123/><V1/><F1/><W53/><G53/><T124/><D30/><U84/><E84/><AGARI ba="0,0" hai="9,13,19,56,58,81,82,83,84,88,93" m="14407" machi="84" ten="30,3900,0" yaku="8,1,54,2" doraHai="50" who="3" fromWho="1" sc="260,0,220,-39,276,0,244,39" /><INIT seed="2,0,0,1,0,117" ten="260,181,276,283" oya="2" hai0="63,77,113,17,20,7,127,68,70,116,67,42,34" hai1="65,124,32,111,48,71,81,55,110,28,18,131,62" hai2="56,75,53,121,87,0,61,9,11,31,57,132,10" hai3="25,119,69,123,86,118,59,27,33,98,39,90,88"/><V102/><F75/><W1/><G69/><T112/><D116/><U85/><E124/><V128/><F128/><W43/><G1/><T120/><D127/><U41/><E131/><V104/><F132/><W24/><G33/><T14/><D34/><U94/><E94/><V103/><F0/><W97/><G123/><T19/><D120/><U6/><E6/><V83/><F121/><W78/><G78/><T26/><D7/><U40/><E18/><V100/><F31/><W133/><G133/><T95/><D70/><U106/><E106/><V82/><F104/><W58/><G25/><T49/><D77/><U73/><E73/><V22/><F22/><W115/><G43/><T4/><D4/><U60/><E60/><V2/><F2/><W3/><G3/><T125/><D125/><U122/><E122/><V76/><F82/><W64/><G64/><T50/><D95/><U130/><E130/><V93/><REACH who="2" step="1"/><F57/><REACH who="2" ten="260,181,266,283" step="2"/><W38/><G115/><T8/><D112/><U91/><E28/><V92/><AGARI ba="0,1" hai="9,10,11,53,56,61,76,83,87,92,93,100,102,103" machi="92" ten="40,12000,1" yaku="1,1,2,1,0,1,8,1,53,1" doraHai="117" doraHaiUra="52" who="2" fromWho="2" sc="260,-40,181,-40,266,130,283,-40" /><INIT seed="2,1,0,5,4,8" ten="220,141,396,243" oya="2" hai0="86,39,116,58,26,19,43,56,74,113,4,67,99" hai1="98,93,118,69,0,82,77,25,102,59,88,50,103" hai2="30,14,92,47,34,87,72,13,18,33,96,130,42" hai3="128,2,46,45,91,127,124,125,35,133,48,135,131"/><V134/><F72/><W21/><G35/><T70/><D74/><U83/><E118/><V5/><F130/><N who="3" m="49707" /><G2/><T27/><D113/><U122/><E69/><V79/><F134/><N who="3" m="51211" /><G48/><T119/><D70/><U11/><E122/><V32/><F32/><W80/><G21/><T110/><D4/><U53/><E25/><V95/><F5/><W76/><G91/><T7/><D7/><U12/><E0/><V129/><F33/><W3/><G3/><T89/><D89/><U44/><E44/><V109/><F34/><W111/><G111/><T15/><D119/><U114/><E114/><V115/><F115/><W108/><G108/><T29/><D116/><U55/><E55/><V65/><F109/><W61/><G61/><T52/><D52/><U126/><E126/><V85/><F129/><W63/><G63/><T9/><D9/><U54/><E54/><V71/><F79/><W17/><G17/><T105/><D19/><N who="1" m="8607" /><E77/><V120/><F18/><W81/><G81/><AGARI ba="1,0" hai="50,53,59,81,82,83,88,93,98,102,103" m="8607" machi="81" ten="30,3900,0" yaku="8,1,52,1,54,1" doraHai="8" who="1" fromWho="3" sc="220,0,141,42,396,0,243,-42" /><INIT seed="3,0,0,1,5,16" ten="220,183,396,201" oya="3" hai0="120,66,18,89,8,40,35,95,60,4,90,58,65" hai1="111,83,64,114,86,126,101,125,53,11,37,13,52" hai2="72,108,115,24,23,80,133,1,10,105,67,54,122" hai3="20,56,123,93,49,5,96,127,81,0,32,73,116"/><W12/><G116/><T132/><D35/><U14/><E114/><V69/><F115/><W46/><G123/><T102/><D120/><U25/><E111/><V21/><F105/><W57/><G32/><T48/><D132/><U88/><E37/><V19/><F122/><W107/><G107/><T135/><D135/><U68/><E101/><V121/><F133/><W34/><G34/><T50/><D66/><U119/><E119/><V82/><F108/><W15/><G127/><N who="1" m="48650" /><E25/><V77/><F67/><W94/><G0/><T61/><D89/><U63/><E13/><V109/><F69/><W28/><G81/><T30/><D90/><U134/><E134/><V33/><F10/><N who="3" m="4175" /><G73/><T99/><D102/><U2/><E2/><V91/><F33/><W43/><G15/><T42/><D8/><U47/><E47/><V26/><F1/><W131/><G131/><T39/><D39/><U104/><E104/><V41/><F109/><W130/><G130/><T38/><D38/><U17/><AGARI ba="0,0" hai="11,14,17,52,53,63,64,68,83,86,88" m="48650" machi="17" ten="30,4000,0" yaku="18,1,54,2" doraHai="16" who="1" fromWho="1" sc="220,-10,183,40,396,-10,201,-20" owari="210,-19.0,223,2.3,386,48.6,181,-31.9" /></mjloggm>