<mjloggm ver="2.3"><GO type="225" lobby="0"/><UN n0="%E3%83%9D%E3%82%B1%E3%83%83%E3%83%88" n1="%E6%98%93%E5%88%A9%E8%96%A9%E4%BC%AF" n2="%E3%80%90%E3%83%88%E3%83%AA%E3%83%A5%E3%83%95%E3%80%91" n3="%72%69%6F%75%63%68%61%6E" dan="16,16,16,16" rate="2097.48,2138.83,2106.04,2173.79" sx="M,F,M,M"/><TAIKYOKU oya="0"/><INIT seed="0,0,0,5,2,89" ten="250,250,250,250" oya="0" hai0="16,13,98,30,25,1,45,79,104,85,112,108,63" hai1="26,62,7,83,6,73,107,68,32,100,14,50,93" hai2="114,51,10,5,39,84,128,96,118,65,8,92,86" hai3="52,74,49,56,44,64,110,28,134,3,119,75,88"/><T24/><D112/><U55/><E14/><V121/><F39/><W91/><G119/><T111/><D1/><U130/><E130/><V42/><F121/><W19/><G3/><T124/><D124/><U60/><E60/><V2/><F10/><W80/><G110/><N who="0" m="42027" /><D45/><U53/><E53/><V21/><F128/><W125/><G125/><T0/><D0/><U66/><E93/><V90/><F114/><W27/><G134/><T69/><D30/><N who="1" m="19543" /><E83/><V34/><F34/><W23/><G28/><T133/><D133/><U129/><E73/><V54/><F65/><W97/><G97/><T105/><D85/><U99/><E129/><V9/><F9/><W71/><G71/><T103/><D79/><U131/><E131/><V102/><F42/><W122/><G122/><T31/><D31/><U15/><E15/><V12/><F118/><W29/><G29/><T116/><D104/><U82/><E82/><V35/><F35/><W46/><G46/><AGARI ba="0,0" hai="6,7,46,50,55,62,66,68,99,100,107" m="19543" machi="46" ten="30,1000,0" yaku="25,1" doraHai="89" who="1" fromWho="3" sc="250,0,250,10,250,0,250,-10" /><INIT seed="1,0,0,4,4,26" ten="250,260,250,240" oya="1" hai0="2,124,40,34,115,65,62,99,58,60,74,122,93" hai1="47,3,67,98,86,114,4,43,7,55,5,107,54" hai2="82,49,134,120,79,33,133,20,129,22,6,46,59" hai3="53,24,8,16,18,19,105,109,87,91,128,11,94"/><U73/><E73/><V112/><F120/><W88/><G109/><T78/><D122/><U125/><E3/><V118/><F33/><W12/><G128/><T38/><D115/><U41/><E114/><V92/><F92/><N who="3" m="54303" /><G105/><T15/><D2/><U127/><E67/><V30/><F118/><W96/><G53/><N who="1" m="19978" /><E47/><V25/><F6/><N who="3" m="3095" /><G24/><T27/><D65/><U61/><E61/><V39/><F39/><W48/><G48/><T113/><D62/><U1/><E1/><V110/><F110/><W31/><G31/><T56/><D60/><U13/><E13/><AGARI ba="0,0" hai="11,13,16,18,19,91,94,96" m="3095,54303" machi="13" ten="30,3900,0" yaku="8,1,54,2" doraHai="26" who="3" fromWho="1" sc="250,0,260,-39,250,0,240,39" /><INIT seed="2,0,0,4,4,16" ten="250,221,250,279" oya="2" hai0="118,5,99,35,117,21,36,110,101,49,111,84,19" hai1="68,69,24,130,132,65,56,96,46,45,85,129,41" hai2="52,0,109,60,89,114,66,113,71,4,48,18,28" hai3="34,8,100,133,3,78,70,92,94,59,107,75,26"/><V80/><F28/><W33/><G133/><T121/><D36/><U6/><E6/><V2/><F109/><N who="0" m="41482" /><D35/><U15/><E15/><V104/><F104/><W37/><G59/><T29/><D29/><U126/><E96/><V27/><F4/><N who="3" m="1055" /><G92/><N who="0" m="58599" /><D121/><U108/><E85/><V115/><F80/><N who="3" m="45151" /><G94/><T128/><D128/><N who="1" m="49259" /><E108/><V116/><F89/><W83/><G70/><N who="1" m="27242" /><E24/><V11/><F116/><W73/><G26/><N who="0" m="14655" /><D5/><U135/><E126/><V55/><F55/><W30/><G30/><T72/><D72/><U17/><E17/><V10/><F0/><W1/><G1/><T43/><D84/><U95/><E95/><V97/><F97/><N who="3" m="61839" /><G37/><T112/><D112/><U13/><E13/><V123/><F2/><W53/><G53/><T62/><D62/><N who="1" m="38087" /><E41/><V106/><F106/><W63/><G63/><T124/><D124/><U38/><E38/><V32/><F32/><W122/><G122/><T20/><D20/><U40/><E40/><V23/><REACH who="2" step="1"/><F123/><REACH who="2" ten="250,221,240,279" step="2"/><W31/><G31/><T125/><D125/><U74/><E74/><V79/><F79/><AGARI ba="0,1" hai="33,34,73,79,83" m="61839,45151,1055" machi="79" ten="30,2000,0" yaku="33,2" doraHai="16" who="3" fromWho="2" sc="250,0,221,0,240,-20,279,30" /><INIT seed="3,0,0,4,5,104" ten="250,221,220,309" oya="3" hai0="94,92,17,64,114,133,123,29,84,134,15,120,44" hai1="22,20,31,98,113,127,125,21,77,14,111,132,43" hai2="69,99,39,103,9,102,128,105,32,11,87,108,62" hai3="68,90,63,56,66,82,30,117,70,53,72,8,50"/><W38/><G117/><T49/><D29/><U83/><E113/><V27/><F108/><W45/><G30/><T33/><D64/><U86/><E111/><V28/><F39/><W73/><G8/><N who="0" m="6375" /><D33/><U106/><E132/><N who="0" m="50793" /><D114/><U107/><E31/><V18/><F128/><W35/><G35/><T79/><D79/><U121/><E121/><N who="0" m="46665" /><D84/><U59/><E14/><V0/><F103/><W13/><G13/><T131/><D131/><U5/><E5/><V78/><F18/><W41/><G68/><T26/><D26/><U96/><E107/><V126/><F0/><W3/><G3/><T85/><D85/><AGARI ba="0,0" hai="38,41,45,50,53,56,63,66,70,72,73,82,85,90" machi="85" ten="40,12000,1" yaku="24,2,52,2" doraHai="104" who="3" fromWho="0" sc="250,-120,221,0,220,0,309,120" owari="130,-37.0,221,2.1,220,-18.0,429,52.9" /></mjloggm>