<mjloggm ver="2.3"><GO type="225" lobby="0"/><UN n0="%E3%83%A9%E3%82%B9%E7%8E%87%EF%BC%93%E5%89%B2" n1="%43%68%65" n2="%E4%BF%BA%E3%81%A8%E5%A6%96%E5%A4%A2" n3="%E3%81%BF%E3%81%BF%E3%81%9A" dan="16,16,16,18" rate="2211.55,2192.58,2205.45,2254.04" sx="F,M,F,M"/><TAIKYOKU oya="0"/><INIT seed="0,0,0,5,0,11" ten="250,250,250,250" oya="0" hai0="99,101,25,102,58,123,54,20,61,127,22,73,33" hai1="2,114,130,10,118,43,67,31,4,95,128,30,104" hai2="3,71,39,48,103,84,38,55,97,72,59,60,62" hai3="126,94,100,53,86,46,105,119,57,109,7,56,69"/><T36/><D123/><U89/><E118/><V44/><F72/><W51/><G69/><T45/><D127/><U28/><E104/><V32/><F3/><W40/><G119/><T90/><D73/><U41/><E67/><V88/><F32/><W19/><G109/><T111/><D111/><U124/><E124/><V125/><F125/><W110/><G126/><T17/><D33/><U131/><REACH who="1" step="1"/><E114/><REACH who="1" ten="250,240,250,250" step="2"/><V50/><F71/><W5/><G105/><T47/><D36/><U27/><E27/><V9/><F38/><W106/><G106/><T92/><D22/><U6/><E6/><V70/><F39/><W82/><G110/><T76/><D76/><U15/><E15/><V80/><F70/><W23/><G7/><T98/><REACH who="0" step="1"/><D102/><REACH who="0" ten="240,240,250,250" step="2"/><U129/><N who="1" m="32768" /><DORA hai="91" /><U24/><E24/><V68/><F68/><W37/><G100/><T49/><D49/><U116/><E116/><V14/><F50/><W107/><G37/><T121/><D121/><U87/><AGARI ba="0,2" hai="2,4,10,28,30,31,41,43,87,89,95" m="32768" machi="87" ten="60,8000,1" yaku="1,1,0,1,19,1,52,1,53,0" doraHai="11,91" doraHaiUra="75,122" who="1" fromWho="1" sc="240,-40,240,100,250,-20,250,-20" /><INIT seed="1,0,0,5,4,101" ten="200,340,230,230" oya="1" hai0="120,42,87,79,121,118,24,102,47,15,130,31,106" hai1="85,98,60,44,135,71,91,74,63,26,54,39,32" hai2="82,75,129,104,13,132,65,103,59,124,100,86,10" hai3="127,52,126,20,41,8,48,1,18,16,45,35,62"/><U72/><E135/><V29/><F132/><W57/><G35/><T88/><D79/><U93/><E63/><V9/><F75/><W36/><G1/><T3/><D3/><U40/><E85/><V84/><F129/><W66/><G8/><T33/><D118/><U108/><E108/><V30/><F124/><N who="3" m="47659" /><G20/><T119/><D119/><U23/><E32/><V123/><F123/><N who="0" m="47178" /><D15/><U83/><E83/><V131/><F131/><W78/><G78/><T77/><D77/><U17/><REACH who="1" step="1"/><E71/><AGARI ba="0,0" hai="16,18,36,41,45,48,52,57,62,66,71" m="47659" machi="71" ten="30,7700,0" yaku="24,1,18,1,54,2" doraHai="101" who="3" fromWho="1" sc="200,0,340,-77,230,0,230,77" /><INIT seed="2,0,0,1,5,134" ten="200,263,230,307" oya="2" hai0="10,49,118,102,101,122,71,64,55,85,132,56,125" hai1="44,17,112,15,65,97,117,74,39,51,13,91,89" hai2="105,34,128,127,99,82,45,114,36,24,76,16,77" hai3="29,60,68,72,9,75,95,8,3,86,7,19,47"/><V12/><F114/><W32/><G47/><T83/><D122/><U35/><E112/><V4/><F128/><W96/><G86/><T28/><D132/><U37/><E117/><V41/><F4/><W11/><G11/><T98/><D118/><U130/><E130/><V62/><F62/><W42/><G42/><T6/><D28/><U106/><E35/><V103/><F127/><W48/><G48/><T100/><D64/><U26/><E74/><V104/><F104/><W52/><G29/><T135/><D71/><U33/><E65/><V124/><F124/><W109/><G32/><T87/><D135/><U20/><E89/><V21/><F34/><W54/><G109/><T93/><D87/><U53/><E15/><V107/><F107/><W40/><G40/><T108/><D125/><U27/><E27/><V90/><F90/><W61/><G61/><T69/><D69/><U22/><E33/><V123/><F123/><W78/><G78/><T63/><D63/><U5/><E5/><V66/><F66/><N who="3" m="41031" /><G19/><T67/><D67/><U116/><E116/><V80/><REACH who="2" step="1"/><F12/><REACH who="2" ten="200,263,220,307" step="2"/><W2/><G7/><T31/><D108/><U119/><E119/><V126/><F126/><W73/><G2/><T121/><D121/><U84/><E106/><V46/><F46/><W79/><G3/><T94/><D6/><U43/><E44/><V111/><F111/><W23/><G79/><AGARI ba="0,1" hai="16,21,24,36,41,45,76,77,79,80,82,99,103,105" machi="79" ten="40,3900,0" yaku="1,1,54,1,53,0" doraHai="134" doraHaiUra="129" who="2" fromWho="3" sc="200,0,263,0,220,49,307,-39" /><INIT seed="2,1,0,5,0,64" ten="200,263,269,268" oya="2" hai0="115,57,11,66,54,51,108,80,85,68,49,132,10" hai1="39,47,73,38,120,8,17,113,125,52,19,71,122" hai2="83,88,112,60,63,133,67,9,69,7,34,29,119" hai3="121,12,86,100,21,89,4,27,28,74,102,104,93"/><V25/><F112/><W87/><G121/><N who="1" m="46698" /><E113/><V101/><F119/><W75/><G75/><T37/><D115/><U94/><E125/><V92/><F133/><W110/><G74/><T107/><D107/><U6/><E73/><V0/><F83/><W24/><G110/><T130/><D130/><U124/><E124/><V62/><REACH who="2" step="1"/><F101/><REACH who="2" ten="200,263,259,268" step="2"/><W45/><G102/><T123/><D132/><U44/><E39/><V95/><F95/><W81/><G100/><T30/><D37/><U128/><E94/><V50/><F50/><W46/><G104/><T79/><D123/><U20/><E38/><V78/><F78/><W13/><G81/><T105/><D105/><U118/><E118/><V43/><F43/><W135/><G135/><T23/><D51/><U35/><E128/><V5/><F5/><W76/><G76/><T109/><D109/><U61/><E6/><V111/><F111/><W103/><G103/><T77/><D77/><U131/><E131/><V134/><F134/><W126/><G126/><T32/><D108/><U65/><E61/><V15/><F15/><N who="3" m="5707" /><G4/><T116/><D116/><U98/><E8/><V22/><F22/><N who="3" m="15383" /><G86/><AGARI ba="1,1" hai="0,7,9,25,29,34,60,62,63,67,69,86,88,92" machi="86" ten="30,18000,2" yaku="1,1,7,1,52,1,54,1,53,3" doraHai="64" doraHaiUra="56" who="2" fromWho="3" sc="200,0,263,0,259,193,268,-183" /><INIT seed="2,2,0,4,5,1" ten="200,263,452,85" oya="2" hai0="85,32,109,96,135,115,52,111,83,91,70,95,126" hai1="98,73,29,127,38,8,35,88,57,75,89,121,18" hai2="21,42,19,41,123,12,134,92,50,65,66,130,3" hai3="120,119,0,110,77,37,2,33,81,10,93,133,117"/><V27/><F123/><W131/><G120/><T80/><D32/><U17/><E121/><V68/><F3/><W13/><G110/><N who="0" m="41995" /><D70/><U103/><E38/><V79/><F134/><W46/><G133/><T129/><D135/><U26/><E127/><V49/><F130/><W56/><G131/><T51/><D129/><U5/><E75/><V30/><F79/><W40/><G33/><T90/><D115/><U84/><E73/><V23/><F92/><W36/><G36/><T118/><D118/><U132/><E132/><V64/><F68/><W60/><G0/><T86/><D52/><U11/><E57/><V102/><F102/><W72/><G93/><T78/><D51/><AGARI ba="2,0" hai="12,19,21,23,27,30,41,42,49,50,51,64,65,66" machi="51" ten="40,2000,0" yaku="8,1" doraHai="1" who="2" fromWho="0" sc="200,-26,263,0,452,26,85,0" /><INIT seed="2,3,0,3,0,15" ten="174,263,478,85" oya="2" hai0="1,47,68,82,30,79,122,73,31,65,8,103,61" hai1="126,71,0,134,46,127,83,26,105,58,94,13,36" hai2="59,133,135,104,118,97,120,6,84,57,17,4,112" hai3="92,48,42,72,12,88,55,18,99,87,66,50,21"/><V23/><F112/><W114/><G114/><T80/><D122/><U116/><E0/><V86/><F120/><W60/><G72/><T25/><D103/><U11/><E71/><V100/><F118/><W33/><G33/><T49/><D82/><U51/><E105/><V16/><F4/><W111/><G111/><T110/><D110/><U107/><E107/><V44/><F6/><W98/><G42/><T35/><D31/><U81/><E116/><V37/><F37/><W109/><G109/><T9/><REACH who="0" step="1"/><D1/><REACH who="0" ten="164,263,478,85" step="2"/><U39/><E83/><V3/><F3/><W91/><G91/><T90/><D90/><U124/><E81/><V132/><F44/><W102/><G102/><T106/><D106/><U14/><E46/><V128/><F128/><W5/><G5/><T52/><AGARI ba="3,1" hai="8,9,25,30,35,47,49,52,61,65,68,73,79,80" machi="52" ten="20,5200,0" yaku="1,1,0,1,7,1,54,1,53,0" doraHai="15" doraHaiUra="10" who="0" fromWho="0" sc="164,71,263,-16,478,-29,85,-16" /><INIT seed="3,0,0,3,2,83" ten="235,247,449,69" oya="3" hai0="125,34,50,12,46,24,67,40,120,77,20,74,93" hai1="104,82,103,100,87,36,30,1,126,107,55,51,108" hai2="44,78,9,121,94,35,76,95,113,129,98,124,22" hai3="65,56,14,8,66,19,112,62,31,134,6,60,59"/><W16/><G112/><T4/><D120/><U41/><E1/><V29/><F113/><W2/><G134/><T97/><D125/><U26/><E126/><V84/><F35/><W5/><G31/><T64/><D74/><U13/><E108/><V85/><F124/><W21/><REACH who="3" step="1"/><G2/><REACH who="3" ten="235,247,449,59" step="2"/><T99/><D34/><U23/><E30/><V92/><F29/><W15/><AGARI ba="0,1" hai="5,6,8,14,15,16,19,21,56,59,60,62,65,66" machi="15" ten="20,18000,2" yaku="1,1,2,1,0,1,7,1,9,1,8,1,54,1,53,0" doraHai="83" doraHaiUra="101" who="3" fromWho="3" sc="235,-60,247,-60,449,-60,59,190" /><INIT seed="3,1,0,0,1,31" ten="175,187,389,249" oya="3" hai0="52,34,25,115,20,122,98,129,35,123,71,12,81" hai1="133,80,16,39,114,74,132,13,131,75,87,77,26" hai2="91,103,126,124,83,43,109,49,97,82,130,3,78" hai3="128,6,11,1,108,2,46,102,54,28,30,23,92"/><W67/><G67/><T134/><D71/><U55/><E114/><V8/><F109/><W85/><G102/><T7/><D98/><U105/><E131/><V56/><F91/><W72/><G72/><T79/><D129/><U100/><E39/><V59/><F130/><W84/><G92/><T135/><D115/><U121/><E121/><N who="0" m="46089" /><D52/><U18/><E55/><V127/><F8/><W50/><G108/><T63/><D63/><U68/><E68/><V38/><F3/><W88/><G128/><T107/><D107/><U61/><E61/><V40/><F38/><W117/><G117/><T22/><D81/><N who="2" m="30730" /><F78/><W5/><G85/><T101/><D101/><U45/><E100/><V33/><F33/><N who="0" m="12298" /><D79/><U17/><E105/><N who="2" m="63727" /><F40/><W53/><G53/><T104/><D104/><U89/><E45/><AGARI ba="1,0" hai="43,45,49,56,59,124,126,127" m="63727,30730" machi="45" ten="40,1300,0" yaku="18,1" doraHai="31" who="2" fromWho="1" sc="175,0,187,-16,389,16,249,0" owari="175,-22.5,171,-32.9,405,50.5,249,4.9" /></mjloggm>