<mjloggm ver="2.3"><GO type="225" lobby="0"/><UN n0="%E6%98%BC%E4%B8%8B%E3%81%8C%E3%82%8A%E3%81%AE%E5%9B%A3%E5%9C%B0%E5%A6%BB" n1="%E3%81%A4%E3%81%A3%E3%81%B1%E3%82%8A%E3%83%9D%E3%83%BC%E3%83%AB" n2="%E3%83%A9%E3%83%BC%E3%83%A1%E3%83%B3%E4%BA%94%E9%83%8E" n3="%77%72%77%72%77%72%77%72" dan="16,17,16,16" rate="2138.48,2188.71,2139.11,2143.84" sx="F,M,M,M"/><TAIKYOKU oya="0"/><INIT seed="0,0,0,0,4,60" ten="250,250,250,250" oya="0" hai0="106,100,65,45,30,7,76,23,75,9,2,43,61" hai1="83,52,107,88,94,91,101,112,96,67,12,78,44" hai2="53,111,4,130,92,79,69,73,28,72,47,64,22" hai3="0,48,116,85,97,56,77,29,51,32,24,8,74"/><T80/><D106/><U135/><E135/><V81/><F111/><W39/><G116/><T105/><D105/><U99/><E112/><V127/><F127/><W93/><G74/><T98/><D100/><U15/><E91/><V131/><F73/><W27/><G39/><T125/><D98/><U50/><REACH who="1" step="1"/><E67/><REACH who="1" ten="250,240,250,250" step="2"/><V119/><F64/><W54/><G77/><T38/><D125/><U34/><E34/><V57/><F79/><W26/><G32/><T108/><D108/><U71/><E71/><V104/><F69/><W118/><G118/><T129/><D129/><U117/><E117/><V87/><F119/><W66/><G66/><T114/><D114/><U133/><E133/><V18/><F131/><W124/><G124/><T58/><D23/><U82/><E82/><V1/><F81/><W63/><G97/><T115/><D115/><U134/><E134/><V33/><F22/><W68/><G68/><T11/><D11/><U55/><E55/><V110/><F53/><W14/><G29/><AGARI ba="0,1" hai="2,7,9,29,30,38,43,45,58,61,65,75,76,80" machi="29" ten="40,7700,0" yaku="25,2,52,1" doraHai="60" who="0" fromWho="3" sc="250,87,240,0,250,0,250,-77" /><INIT seed="0,1,0,5,4,131" ten="337,240,250,173" oya="0" hai0="40,47,96,19,65,27,22,87,116,80,12,88,1" hai1="112,118,55,124,25,75,53,94,20,125,57,21,31" hai2="105,122,129,81,39,90,7,86,130,119,60,108,67" hai3="72,92,18,113,32,50,68,46,62,63,104,13,134"/><T29/><D116/><U61/><E118/><V127/><F122/><W64/><G104/><T43/><D1/><U83/><E112/><V78/><F119/><W23/><G113/><T10/><D65/><U128/><E128/><N who="2" m="49259" /><F108/><W103/><G72/><T35/><D35/><U49/><E94/><N who="2" m="54615" /><F127/><N who="1" m="48713" /><E83/><V3/><F39/><W6/><G32/><T14/><D47/><N who="1" m="27839" /><E75/><N who="2" m="43231" /><F105/><W111/><G111/><T97/><D12/><U132/><E21/><V42/><F42/><AGARI ba="1,0" hai="10,14,19,22,27,29,40,42,43,80,87,88,96,97" machi="42" ten="40,3900,0" yaku="8,1,54,1" doraHai="131" who="0" fromWho="2" sc="337,42,240,0,250,-42,173,0" /><INIT seed="0,2,0,4,5,129" ten="379,240,208,173" oya="0" hai0="64,85,132,58,107,98,62,60,106,42,28,121,31" hai1="30,80,79,75,59,91,27,66,52,34,118,33,45" hai2="41,133,51,23,55,35,94,77,116,3,14,114,11" hai3="39,115,89,8,134,135,6,127,88,24,110,101,84"/><T61/><D121/><U83/><E118/><V4/><F114/><W93/><G115/><T7/><D7/><U128/><E128/><V53/><F116/><W72/><G39/><T37/><D37/><U103/><E103/><V19/><F77/><W119/><G119/><T125/><D42/><U67/><E34/><V32/><F41/><W122/><G122/><T86/><D62/><U0/><E0/><V112/><F112/><W49/><G72/><T48/><D48/><U9/><E45/><V90/><F133/><N who="3" m="50699" /><G110/><T63/><D63/><U102/><E9/><V100/><F100/><W2/><G127/><T104/><D104/><U71/><E102/><V54/><REACH who="2" step="1"/><F51/><REACH who="2" ten="379,240,198,173" step="2"/><W47/><G24/><T38/><D132/><U40/><E40/><V1/><F1/><W56/><G56/><T73/><D38/><U65/><E71/><V130/><F130/><W78/><G101/><T120/><D58/><U22/><E59/><V82/><F82/><N who="3" m="47191" /><G93/><T123/><D125/><U117/><E27/><V99/><AGARI ba="2,1" hai="3,4,11,14,19,23,32,35,53,54,55,90,94,99" machi="99" ten="30,7900,0" yaku="1,1,0,1,53,2" doraHai="129" doraHaiUra="29" who="2" fromWho="2" sc="379,-41,240,-22,198,95,173,-22" /><INIT seed="1,0,0,2,3,85" ten="338,218,293,151" oya="1" hai0="41,15,107,118,70,11,89,110,29,14,37,10,55" hai1="46,38,43,90,54,134,91,60,63,92,24,21,69" hai2="133,5,123,74,106,13,18,112,50,117,80,42,62" hai3="78,0,125,28,40,33,34,96,95,66,129,124,128"/><U19/><E134/><V26/><F117/><W23/><G66/><T67/><D107/><U3/><E3/><V49/><F123/><W9/><G40/><T109/><D118/><U22/><E69/><V111/><F106/><W51/><G51/><T122/><D29/><U82/><E54/><V39/><F39/><W119/><G119/><T77/><D77/><U8/><E8/><V53/><F133/><W68/><G68/><T58/><D67/><U103/><E103/><V135/><F42/><W108/><G78/><T121/><D70/><U72/><E72/><V120/><F53/><W99/><G95/><T105/><D105/><U12/><E82/><V75/><F80/><W97/><G108/><T65/><D65/><U27/><E12/><V59/><F135/><W81/><G81/><T127/><D55/><U61/><REACH who="1" step="1"/><E92/><REACH who="1" ten="338,208,293,151" step="2"/><V87/><F13/><W131/><G0/><T16/><D121/><U7/><E7/><V130/><F5/><W94/><G9/><T102/><D122/><U1/><E1/><V25/><F120/><W32/><G94/><T115/><D10/><U73/><E73/><V83/><F75/><W30/><G23/><T100/><D11/><U44/><E44/><V56/><F74/><W114/><G114/><T76/><D115/><U4/><E4/><V45/><F112/><W47/><G47/><T64/><D64/><U93/><E93/><V88/><F45/><W35/><N who="3" m="8192" /><DORA hai="36" /><W104/><G104/><T86/><D102/><U17/><AGARI ba="0,1" hai="17,19,21,22,24,27,38,43,46,60,61,63,90,91" machi="17" ten="30,24000,3" yaku="1,1,0,1,9,1,52,3,53,2" doraHai="85,36" doraHaiUra="84,126" who="1" fromWho="1" sc="338,-80,208,250,293,-80,151,-80" /><INIT seed="1,1,0,3,0,128" ten="258,458,213,71" oya="1" hai0="82,89,7,20,95,58,43,64,79,32,19,108,29" hai1="70,12,26,88,38,49,23,15,13,133,60,98,2" hai2="69,85,132,75,99,113,115,0,14,76,6,62,4" hai3="83,21,73,120,42,48,116,67,9,129,114,122,36"/><U101/><E38/><V45/><F75/><W110/><G114/><N who="2" m="43529" /><F0/><W55/><G129/><T27/><D108/><U74/><E74/><V16/><F132/><W28/><G110/><T39/><D7/><U90/><E2/><V68/><F45/><W33/><G116/><T66/><D58/><U11/><E133/><V24/><F24/><W10/><G33/><T78/><D43/><U77/><E77/><V109/><F109/><W107/><G107/><T65/><D39/><U130/><E130/><V63/><F99/><W57/><G67/><T131/><D131/><U30/><E11/><N who="2" m="6239" /><F63/><W94/><G94/><T104/><D104/><U86/><E49/><V125/><F125/><W17/><G28/><T34/><D29/><U124/><E124/><V127/><F127/><W97/><G97/><T3/><D3/><U47/><E47/><V35/><F35/><W100/><G42/><T5/><D5/><N who="2" m="2154" /><F62/><W111/><G36/><T41/><D41/><U22/><E22/><V87/><F76/><W91/><G111/><T84/><REACH who="0" step="1"/><D79/><REACH who="0" ten="248,458,213,71" step="2"/><U71/><E30/><V93/><F68/><W126/><G126/><T106/><D106/><U92/><E71/><V56/><F69/><W53/><G53/><T112/><D112/><U31/><E70/><V54/><F54/><W52/><G55/><T123/><D123/><N who="3" m="47145" /><G91/><T135/><D135/><U134/><E134/><V96/><F56/><W119/><G100/><AGARI ba="1,1" hai="85,87,93,96,100" m="2154,6239,43529" machi="100" ten="30,2000,0" yaku="11,1,54,1" doraHai="128" who="2" fromWho="3" sc="248,0,458,0,213,33,71,-23" /><INIT seed="2,0,0,4,4,32" ten="248,458,246,48" oya="2" hai0="59,68,82,127,83,120,52,20,126,110,107,88,51" hai1="116,0,16,95,113,97,123,7,69,56,3,124,99" hai2="12,105,81,80,4,94,19,55,71,78,73,61,34" hai3="101,103,84,130,102,75,92,63,27,33,106,9,47"/><V60/><F105/><W8/><G75/><T133/><D120/><U38/><E69/><V70/><F34/><W54/><G106/><T53/><D107/><U35/><E35/><V87/><F4/><W112/><G130/><T10/><D68/><U23/><E38/><V42/><F42/><W98/><G112/><T109/><D20/><U111/><E116/><V89/><F80/><W44/><G84/><N who="0" m="50199" /><D133/><U76/><E113/><V135/><F135/><W1/><G1/><T118/><D118/><U121/><E76/><V25/><F25/><W43/><G27/><T50/><D10/><N who="3" m="4201" /><G43/><T115/><D83/><U6/><E56/><V62/><REACH who="2" step="1"/><F55/><REACH who="2" ten="248,458,236,48" step="2"/><W14/><G33/><T114/><D114/><U132/><E132/><V96/><F96/><W91/><G14/><T65/><D115/><U29/><E99/><V77/><F77/><W100/><N who="3" m="25600" /><DORA hai="129" /><W108/><G108/><N who="0" m="41579" /><D65/><U39/><E97/><V125/><F125/><W117/><G117/><T79/><D79/><U18/><E124/><V11/><AGARI ba="0,1" hai="11,12,19,60,61,62,70,71,73,78,81,87,89,94" machi="11" ten="30,6000,0" yaku="1,1,0,1,53,1" doraHai="32,129" doraHaiUra="72,22" who="2" fromWho="2" sc="248,-20,458,-20,236,70,48,-20" /><INIT seed="2,1,0,2,1,75" ten="228,438,306,28" oya="2" hai0="49,12,50,102,59,35,29,68,83,43,80,84,48" hai1="3,116,74,88,89,62,65,55,32,73,109,66,129" hai2="15,117,22,131,107,132,123,33,1,90,57,94,0" hai3="71,97,42,130,60,34,101,41,23,11,46,99,31"/><V54/><F117/><W4/><G130/><T13/><D68/><U18/><E32/><V85/><F123/><W111/><G111/><T64/><D102/><U5/><E116/><V21/><F131/><W95/><G34/><T24/><D43/><U14/><E129/><V27/><F33/><W40/><G71/><T114/><D114/><U25/><E3/><V122/><F107/><W79/><G60/><T121/><D80/><U125/><E125/><V20/><F122/><W39/><G97/><T92/><D92/><U53/><E73/><V87/><F132/><W36/><G36/><T86/><D86/><U61/><E74/><V133/><F133/><W77/><G39/><T119/><D119/><U19/><E5/><V118/><F118/><W9/><G46/><T78/><D121/><U72/><E72/><V135/><F135/><W6/><G31/><T113/><D113/><U69/><E25/><V52/><F27/><W82/><G23/><T56/><D64/><U17/><E14/><V100/><F15/><W124/><G124/><T108/><D12/><U91/><E109/><V28/><F28/><W110/><G110/><T126/><D126/><U98/><E98/><N who="2" m="59479" /><F85/><W10/><REACH who="3" step="1"/><G82/><REACH who="3" ten="228,438,306,18" step="2"/><T67/><D108/><U16/><N who="1" m="4096" /><DORA hai="26" /><U81/><E81/><N who="2" m="49519" /><F57/><W134/><G134/><T58/><D58/><U127/><E127/><V63/><F63/><N who="1" m="24073" /><E69/><V37/><F37/><W44/><G44/><T105/><D83/><U8/><E66/><V51/><F51/><W7/><AGARI ba="1,1" hai="4,6,7,9,10,11,40,41,42,77,79,95,99,101" machi="7" ten="40,16000,3" yaku="1,1,0,1,29,2,8,1,52,2,53,1" doraHai="75,26" doraHaiUra="96,76" who="3" fromWho="3" sc="228,-41,438,-41,306,-81,18,173" /><INIT seed="3,0,0,5,1,107" ten="187,397,225,191" oya="3" hai0="54,73,72,6,119,57,109,4,125,33,118,37,104" hai1="25,99,120,14,18,22,42,59,95,90,55,45,68" hai2="60,123,3,43,97,77,40,44,7,15,39,81,29" hai3="32,78,64,71,48,133,84,124,13,86,101,63,105"/><W79/><G32/><T1/><D33/><U85/><E68/><V91/><F123/><W117/><G117/><T121/><D121/><U134/><E120/><V98/><F29/><W103/><G133/><T66/><D66/><U129/><E129/><V116/><F116/><W56/><G124/><T24/><D104/><U34/><E134/><V92/><F15/><W88/><G105/><T19/><D37/><U52/><E59/><V16/><F16/><W5/><G71/><T67/><D67/><U132/><E132/><V31/><F31/><W113/><G113/><T2/><D24/><U17/><E99/><N who="2" m="57759" /><F60/><W20/><G84/><T53/><D19/><U100/><E100/><N who="3" m="38474" /><G48/><T80/><D80/><U0/><E0/><V41/><F98/><W49/><G49/><T94/><D94/><U12/><E34/><V47/><F97/><W50/><G50/><T122/><D122/><U58/><E58/><V131/><F131/><W108/><G108/><T35/><D35/><U28/><E28/><V74/><F47/><W11/><G20/><T23/><D23/><U102/><E102/><V115/><F115/><W61/><G61/><T87/><D87/><U70/><E70/><V75/><F75/><W130/><G130/><T8/><D125/><U89/><E85/><V82/><F82/><AGARI ba="0,0" hai="5,11,13,56,63,64,78,79,82,86,88" m="38474" machi="82" ten="30,2900,0" yaku="8,1,54,1" doraHai="107" who="3" fromWho="2" sc="187,0,397,0,225,-29,191,29" /><INIT seed="3,1,0,2,2,86" ten="187,397,196,220" oya="3" hai0="87,22,38,84,103,27,123,37,59,71,79,121,58" hai1="60,57,107,80,31,55,53,108,3,32,35,2,76" hai2="124,50,68,132,54,94,104,30,34,72,16,7,127" hai3="20,63,91,65,8,78,97,0,69,13,40,52,29"/><W125/><G125/><N who="2" m="48201" /><F132/><W110/><G0/><T130/><D71/><U36/><E36/><V99/><F72/><W82/><G40/><T90/><D103/><U120/><E107/><V128/><F128/><W6/><G110/><T56/><D130/><U115/><E115/><V102/><F68/><W28/><G20/><T131/><D131/><U43/><E43/><V95/><F7/><W24/><G24/><T47/><D79/><U10/><E80/><V45/><F16/><W114/><G114/><T113/><D87/><U39/><E60/><V92/><F30/><W117/><G117/><T93/><D113/><U44/><E55/><V70/><F70/><W9/><G52/><T51/><D37/><U49/><E76/><V18/><F18/><W15/><G78/><T46/><D38/><U105/><E105/><V126/><N who="2" m="48209" /><V89/><DORA hai="85" /><F34/><W133/><G82/><T14/><D14/><U135/><E35/><V122/><F122/><W106/><G106/><T112/><D112/><U66/><E32/><V77/><F77/><W5/><G133/><T21/><D21/><U19/><E120/><V74/><F74/><W48/><G48/><T134/><D134/><U119/><E49/><V67/><F67/><W26/><G26/><T118/><D118/><U62/><E66/><V109/><F109/><W81/><G81/><T111/><D111/><U23/><E108/><V33/><F33/><W17/><G17/><N who="0" m="12751" /><D51/><U42/><E135/><V25/><F25/><W64/><G64/><T101/><D123/><U61/><E119/><V73/><F73/><W88/><G91/><AGARI ba="1,0" hai="45,50,54,89,91,92,94,95,99,102,104" m="48209" machi="91" ten="50,12000,2" yaku="6,1,18,1,52,4" doraHai="86,85" who="2" fromWho="3" sc="187,0,397,0,196,123,220,-123" owari="187,-21.3,397,49.7,319,11.9,97,-40.3" /></mjloggm>