<mjloggm ver="2.3"><GO type="225" lobby="0"/><UN n0="%66%67%67%68%68%64%66" n1="%E3%82%AF%E3%82%A3%E3%82%A6" n2="%77%72%77%72%77%72%77%72" n3="%E3%83%A9%E3%82%B9%E7%8E%87%EF%BC%93%E5%89%B2" dan="16,16,16,17" rate="2097.60,2090.40,2149.68,2191.40" sx="M,M,M,F"/><TAIKYOKU oya="0"/><INIT seed="0,0,0,1,1,94" ten="250,250,250,250" oya="0" hai0="90,83,88,0,91,21,42,75,9,78,15,76,129" hai1="125,117,43,85,4,8,54,126,46,70,89,32,119" hai2="20,48,53,118,110,64,56,106,95,23,86,98,79" hai3="104,40,68,35,50,49,47,65,134,114,55,52,108"/><T87/><D129/><U109/><E32/><V31/><F110/><W69/><G104/><T123/><D123/><U25/><E109/><V59/><F118/><W113/><G35/><T1/><D21/><U84/><E54/><N who="3" m="20522" /><G108/><T7/><REACH who="0" step="1"/><D42/><REACH who="0" ten="240,250,250,250" step="2"/><U61/><E43/><V127/><F127/><W122/><G122/><T74/><D74/><U72/><E119/><V135/><F20/><W60/><G134/><T28/><D28/><U107/><E117/><V14/><F31/><W92/><G92/><T38/><D38/><U105/><E72/><V26/><F23/><W39/><G69/><T45/><D45/><U3/><E46/><V102/><F135/><W57/><G68/><T116/><D116/><U58/><E70/><V121/><F121/><W36/><G39/><T12/><D12/><U5/><E126/><V24/><F14/><W67/><G67/><T30/><D30/><U66/><E125/><V93/><F106/><W101/><G101/><T10/><D10/><N who="1" m="2335" /><E107/><V130/><F130/><W100/><G100/><T132/><D132/><U17/><E105/><V63/><REACH who="2" step="1"/><F93/><REACH who="2" ten="240,250,240,250" step="2"/><W82/><G82/><AGARI ba="0,2" hai="0,1,7,9,15,75,76,78,82,83,87,88,90,91" machi="82" ten="40,3900,0" yaku="1,1,54,1,53,0" doraHai="94" doraHaiUra="124" who="0" fromWho="3" sc="240,59,250,0,240,0,250,-39" /><AGARI ba="0,0" hai="24,26,48,53,56,59,63,64,79,82,86,95,98,102" machi="82" ten="40,8000,1" yaku="1,1,2,1,8,1,52,1,53,0" doraHai="94" doraHaiUra="124" who="2" fromWho="3" sc="299,0,250,0,240,80,211,-80" /><INIT seed="0,1,0,2,3,68" ten="299,250,320,131" oya="0" hai0="122,17,126,115,101,85,77,36,47,55,78,110,32" hai1="84,65,3,99,25,70,119,8,134,15,96,132,69" hai2="133,64,20,83,33,41,82,129,14,121,125,58,104" hai3="48,92,98,107,67,34,127,52,43,63,81,5,39"/><T109/><D115/><U13/><E119/><V128/><F121/><W22/><G127/><T112/><D112/><U114/><E114/><V130/><F125/><W31/><G107/><T74/><D126/><U91/><E25/><V50/><F33/><W108/><G108/><N who="0" m="41579" /><D122/><U86/><E3/><V80/><F104/><W12/><G34/><T28/><D74/><U45/><E45/><N who="2" m="25903" /><F133/><N who="1" m="51305" /><E8/><V94/><F94/><W93/><G81/><T49/><D101/><U100/><E100/><V1/><F1/><W73/><G73/><T56/><D17/><U24/><E24/><V27/><F14/><N who="1" m="5129" /><E65/><V123/><F123/><W7/><G31/><T57/><D28/><U131/><E131/><V0/><F0/><W118/><G118/><T102/><D102/><U23/><E23/><V117/><F117/><W51/><G22/><T35/><D35/><U11/><E11/><V9/><F9/><W38/><G12/><T30/><D30/><U4/><E91/><V76/><F20/><W116/><G116/><T90/><D32/><U124/><E124/><V89/><F27/><W97/><G67/><T37/><D78/><U16/><E16/><V61/><F89/><W105/><G105/><T46/><D77/><AGARI ba="1,0" hai="58,61,64,76,77,80,82,83,128,129,130" m="25903" machi="77" ten="40,1300,0" yaku="19,1" doraHai="68" who="2" fromWho="0" sc="299,-16,250,0,320,16,131,0" /><INIT seed="1,0,0,0,0,31" ten="283,250,336,131" oya="1" hai0="81,55,95,27,61,28,130,26,49,33,64,104,105" hai1="121,111,120,84,91,6,65,114,73,63,43,44,93" hai2="2,40,97,34,76,94,133,127,108,100,87,56,51" hai3="5,115,109,23,46,22,37,3,10,116,113,131,80"/><U0/><E114/><V88/><F2/><W78/><G109/><T112/><D112/><U16/><E73/><V90/><F108/><W32/><G115/><T1/><D1/><U69/><E111/><V30/><F133/><W15/><G113/><T58/><D130/><U92/><E6/><V67/><F127/><W71/><G71/><T13/><D13/><U134/><E0/><V62/><F34/><W17/><G131/><T74/><D95/><U70/><E134/><V107/><F30/><W11/><G116/><T39/><D39/><U86/><E70/><V135/><F135/><W21/><G11/><T117/><D117/><U42/><E42/><V12/><F12/><W20/><G32/><T98/><D98/><U103/><E16/><V124/><F124/><W50/><G37/><T72/><D26/><U35/><E35/><V38/><F38/><W101/><G101/><T99/><D99/><U7/><E7/><V68/><F107/><W9/><N who="3" m="5120" /><DORA hai="45" /><W53/><REACH who="3" step="1"/><G80/><REACH who="3" ten="283,250,336,121" step="2"/><T19/><D81/><U18/><E103/><V119/><F119/><W123/><G123/><T118/><D118/><U106/><E106/><V54/><F68/><W82/><G82/><T125/><D125/><U75/><E121/><V25/><F100/><W122/><G122/><T36/><D36/><U66/><E120/><V41/><F25/><W48/><G48/><T102/><D102/><U29/><E75/><N who="0" m="28713" /><D105/><U129/><E129/><V59/><F51/><W96/><G96/><T83/><D104/><U85/><E69/><V57/><F97/><W128/><G128/><T132/><D33/><RYUUKYOKU ba="0,1" sc="283,-10,250,-10,336,-10,121,30" hai3="3,5,9,10,15,17,46,50,53,78" /><INIT seed="2,1,1,0,1,60" ten="273,240,326,151" oya="2" hai0="10,3,85,17,93,99,68,31,49,30,65,33,55" hai1="66,105,122,11,94,62,119,111,71,9,114,4,50" hai2="135,29,109,34,40,23,13,76,110,15,81,121,125" hai3="91,74,133,70,96,57,24,104,89,53,56,46,120"/><V64/><F121/><W1/><G120/><T92/><D33/><U12/><E122/><V103/><F34/><W124/><G70/><T73/><D73/><U84/><E111/><N who="2" m="42507" /><F135/><W79/><G1/><T54/><D54/><U21/><E114/><V7/><F125/><W2/><G2/><T116/><D116/><U28/><E28/><V102/><F40/><W82/><G133/><T75/><D75/><U18/><E119/><V19/><F29/><W86/><G124/><T77/><D68/><U115/><E115/><V0/><F0/><W22/><G46/><N who="0" m="28087" /><D65/><U27/><E105/><V106/><F106/><W80/><G91/><N who="0" m="53359" /><D77/><U25/><E50/><V63/><F13/><W67/><G53/><T127/><D3/><U83/><E94/><V130/><F7/><W112/><G112/><T97/><D127/><U41/><E41/><V72/><F130/><W52/><G104/><T44/><D31/><U26/><REACH who="1" step="1"/><E11/><REACH who="1" ten="273,230,326,151" step="2"/><V128/><F128/><W6/><G96/><T20/><D93/><U69/><E69/><AGARI ba="1,2" hai="15,19,23,63,64,69,72,76,81,102,103" m="42507" machi="69" ten="30,5800,0" yaku="14,1,10,1,52,1" doraHai="60" who="2" fromWho="1" sc="273,0,230,-61,326,81,151,0" /><INIT seed="2,2,0,5,5,81" ten="273,169,407,151" oya="2" hai0="10,68,3,25,123,117,95,112,94,42,85,59,83" hai1="120,46,122,76,102,18,9,109,28,63,84,125,17" hai2="61,104,111,23,71,129,130,100,40,43,127,7,21" hai3="88,72,132,38,105,64,16,70,12,87,124,51,1"/><V37/><F127/><W57/><G124/><T128/><D123/><U134/><E125/><V11/><F111/><W60/><G72/><T131/><D68/><U20/><E109/><V133/><F133/><W75/><G75/><T82/><D112/><U115/><E115/><V66/><F100/><W22/><G1/><T50/><D117/><U32/><E134/><V91/><F104/><W77/><G132/><T67/><D25/><N who="1" m="18447" /><E102/><V52/><F91/><W29/><G105/><T93/><D67/><U45/><E63/><V8/><F8/><W119/><G119/><T106/><D106/><U6/><E76/><V33/><F33/><W108/><G108/><T135/><D135/><U49/><E49/><V5/><F5/><W96/><G38/><T58/><D82/><U126/><E126/><V90/><F90/><W53/><G77/><N who="0" m="46319" /><D42/><N who="2" m="15914" /><F52/><W41/><G41/><T39/><D50/><U24/><E17/><V107/><F37/><W14/><G29/><T13/><D39/><U113/><E113/><V79/><F79/><W74/><G74/><T97/><D3/><N who="1" m="223" /><E122/><V114/><F107/><W118/><G118/><T101/><D101/><U89/><E120/><V30/><F114/><W78/><G78/><T116/><D116/><U99/><E99/><V56/><F71/><W31/><G96/><T19/><D97/><U69/><E69/><V103/><F103/><W26/><G31/><T15/><D15/><U65/><E65/><V36/><F30/><W35/><G35/><T98/><D98/><U86/><E89/><V27/><F36/><W34/><G34/><T121/><D121/><RYUUKYOKU ba="2,0" sc="273,10,169,10,407,-30,151,10" hai0="10,13,19,58,59,93,94,95,128,131" hai1="18,20,24,45,46,84,86" hai3="12,14,16,22,26,51,53,57,60,64,70,87,88" /><INIT seed="3,3,0,5,5,47" ten="283,179,377,161" oya="3" hai0="64,102,105,84,21,17,56,74,58,115,93,121,53" hai1="76,99,110,73,120,123,98,33,32,11,66,85,67" hai2="68,112,135,132,24,127,83,49,124,95,35,29,52" hai3="6,13,40,81,50,44,108,9,34,65,59,16,30"/><W131/><G131/><T107/><D121/><U2/><E73/><V77/><F112/><W57/><G108/><T37/><D37/><U43/><E110/><V87/><F95/><W41/><G65/><N who="1" m="24586" /><E43/><V4/><F4/><W55/><G34/><N who="1" m="13418" /><E85/><V42/><F42/><N who="3" m="16491" /><G30/><T119/><D119/><U118/><E76/><V46/><F68/><W128/><G128/><T72/><D72/><U25/><E25/><V63/><F63/><W1/><G1/><T134/><D74/><U82/><E82/><V51/><F51/><W89/><G6/><T88/><D115/><U79/><E79/><V60/><F60/><W38/><G38/><T61/><D102/><U80/><E80/><V90/><F77/><W7/><G7/><T22/><D22/><U5/><E118/><V3/><F3/><W71/><G71/><T97/><D134/><AGARI ba="3,0" hai="24,29,35,46,49,52,83,87,90,124,127,132,134,135" machi="134" ten="40,5200,0" yaku="20,1,52,1,54,1" doraHai="47" who="2" fromWho="0" sc="283,-61,179,0,377,61,161,0" owari="222,2.2,179,-22.1,438,53.8,161,-33.9" /></mjloggm>