<mjloggm ver="2.3"><GO type="225" lobby="0"/><UN n0="%E8%B5%A4%E3%81%84%E8%9B%99%31%31" n1="%E4%BF%BA%E3%81%A8%E5%A6%96%E5%A4%A2" n2="%33%74%72%65%65" n3="%E7%B4%94%E6%BD%94%E3%83%94%E3%83%A9%E3%83%8B%E3%82%A2" dan="16,16,17,16" rate="2074.73,2100.34,2204.56,2129.94" sx="M,F,F,M"/><TAIKYOKU oya="0"/><INIT seed="0,0,0,3,2,98" ten="250,250,250,250" oya="0" hai0="58,126,129,115,46,53,70,84,89,3,99,7,109" hai1="94,10,81,52,56,29,50,131,69,95,132,113,54" hai2="61,93,6,82,36,55,88,51,38,66,78,103,1" hai3="96,28,118,23,8,59,65,16,31,15,130,112,87"/><T124/><D115/><U71/><E113/><V42/><F42/><W21/><G118/><T114/><D114/><U135/><E29/><V101/><F38/><W44/><G130/><T4/><D70/><N who="1" m="26635" /><E81/><V91/><F36/><W25/><G44/><T43/><D129/><U79/><E79/><V41/><F41/><W33/><G87/><T19/><D19/><U104/><E104/><V90/><F93/><N who="1" m="35337" /><E10/><V111/><F111/><W80/><G80/><T64/><D109/><U0/><E131/><V123/><F123/><W35/><G96/><T67/><D99/><U117/><E0/><V17/><F17/><N who="3" m="12463" /><G59/><T86/><D3/><U105/><E105/><V9/><F61/><W85/><G85/><T106/><D106/><U75/><E75/><V100/><F66/><W76/><G65/><T34/><D43/><U27/><E27/><V11/><F11/><W18/><G76/><T48/><D58/><U22/><E22/><V134/><F82/><W2/><G112/><T30/><D30/><N who="3" m="11305" /><G2/><T40/><D40/><U13/><E54/><V24/><F78/><W20/><G20/><T116/><D53/><U32/><E32/><V120/><F120/><W110/><G110/><T37/><D37/><U14/><E117/><V73/><F73/><W83/><G83/><T97/><D34/><U60/><E60/><V108/><F108/><W62/><G62/><T122/><D116/><U119/><E119/><V57/><REACH who="2" step="1"/><F24/><AGARI ba="0,0" hai="8,15,16,18,23,24,33,35" m="11305,12463" machi="24" ten="30,12000,2" yaku="35,5,54,1" doraHai="98" who="3" fromWho="2" sc="250,0,250,0,250,-120,250,120" /><INIT seed="1,0,0,1,3,79" ten="250,250,130,370" oya="1" hai0="100,113,13,86,28,32,55,2,17,48,134,58,133" hai1="112,84,26,90,25,126,3,6,77,59,109,41,70" hai2="21,27,51,71,127,16,38,130,34,76,95,88,128" hai3="64,105,68,39,121,92,50,24,54,73,99,135,83"/><U125/><E112/><V116/><F38/><W44/><G121/><T129/><D113/><U67/><E70/><V31/><F116/><W9/><G105/><T103/><D2/><U8/><E41/><V49/><F71/><W46/><G135/><N who="0" m="51723" /><D129/><N who="2" m="49770" /><F76/><W60/><G9/><N who="0" m="6319" /><D86/><U132/><E77/><V117/><F117/><W22/><G73/><T93/><D93/><U14/><E132/><V98/><F127/><N who="1" m="48649" /><E109/><V124/><F124/><W108/><G83/><T87/><D87/><U1/><E59/><V131/><N who="2" m="49778" /><V4/><DORA hai="37" /><F4/><W65/><G65/><T102/><D28/><U78/><E67/><V85/><F85/><W47/><G39/><T82/><D32/><U29/><E78/><V122/><F122/><W120/><G108/><T107/><D107/><U11/><E29/><V91/><F91/><W114/><G114/><T62/><D62/><U40/><E90/><V111/><F111/><W101/><G120/><T94/><D94/><U36/><E84/><V18/><F18/><AGARI ba="0,0" hai="18,22,24,44,46,47,50,54,60,64,68,92,99,101" machi="18" ten="30,1000,0" yaku="7,1" doraHai="79,37" who="3" fromWho="2" sc="250,0,250,0,130,-10,370,10" /><INIT seed="2,0,0,1,0,19" ten="250,250,120,380" oya="2" hai0="34,135,90,122,24,41,33,11,99,109,116,31,125" hai1="68,97,9,47,93,123,57,17,63,132,133,130,46" hai2="127,52,14,86,124,103,51,3,84,10,40,28,95" hai3="126,96,102,119,58,115,78,69,121,23,108,8,36"/><V38/><F3/><W91/><G119/><T25/><D41/><U65/><E130/><V70/><F70/><W54/><G121/><T105/><D116/><U50/><E123/><V0/><F0/><W75/><G36/><T98/><D122/><U82/><E82/><V110/><F40/><W44/><G44/><T85/><D135/><N who="1" m="51787" /><E68/><V29/><F38/><W89/><G8/><T113/><D125/><N who="2" m="48202" /><F110/><W35/><G108/><T4/><D109/><U118/><E118/><V129/><F129/><W62/><G35/><T128/><D128/><U39/><E39/><V61/><F61/><W37/><G37/><T111/><D113/><U43/><E47/><N who="2" m="27775" /><F103/><W92/><G115/><T87/><D111/><U13/><E43/><V77/><F77/><W42/><G42/><T81/><D90/><N who="1" m="55479" /><E46/><V71/><F71/><W112/><G69/><T94/><D34/><U59/><E59/><V117/><F117/><W7/><G112/><T21/><D33/><U32/><E32/><V64/><F64/><W6/><G126/><T101/><D101/><U48/><AGARI ba="0,0" hai="9,13,17,48,50,57,63,65" m="55479,51787" machi="48" ten="30,1100,0" yaku="20,1" doraHai="19" who="1" fromWho="1" sc="250,-3,250,11,120,-5,380,-3" /><INIT seed="3,0,0,3,0,112" ten="247,261,115,377" oya="3" hai0="56,108,101,100,75,93,98,125,49,79,76,35,22" hai1="68,20,92,25,15,89,64,97,18,127,41,17,14" hai2="124,43,102,129,78,63,66,121,53,126,0,13,52" hai3="58,45,38,104,86,12,1,26,80,4,103,116,110"/><W111/><G116/><T131/><D108/><N who="3" m="41513" /><G26/><T69/><D69/><U60/><E127/><N who="2" m="48683" /><F13/><W6/><G1/><T8/><D35/><U39/><E41/><V62/><F0/><W134/><G134/><T70/><D70/><U77/><E77/><N who="0" m="29769" /><D75/><U51/><E51/><V46/><F78/><N who="3" m="46359" /><G58/><T29/><D131/><U72/><E39/><N who="2" m="21887" /><F102/><W83/><G83/><T33/><D33/><U3/><E3/><V31/><F31/><W132/><G132/><T99/><D8/><U54/><E72/><V73/><F73/><W128/><G12/><T130/><D130/><U37/><E37/><V9/><F9/><W96/><G128/><T106/><D125/><U105/><E105/><V10/><F10/><W55/><G38/><T87/><D87/><U67/><E25/><V21/><F21/><W88/><G88/><N who="0" m="55591" /><D22/><U24/><E89/><V85/><F85/><W2/><G2/><T120/><D106/><U28/><E92/><V42/><F129/><W135/><G135/><T61/><D29/><U5/><E97/><V122/><F42/><W36/><G36/><T23/><D23/><N who="1" m="11703" /><E5/><V117/><F117/><W57/><G6/><T114/><D99/><U109/><E109/><V19/><F19/><W50/><G4/><T44/><D101/><U32/><E32/><V115/><F115/><W123/><G96/><T82/><D114/><U27/><E27/><V113/><F113/><W16/><G103/><T7/><D100/><U81/><E24/><V71/><F63/><W65/><G104/><T84/><D61/><U91/><E28/><V47/><F47/><W90/><G45/><RYUUKYOKU ba="0,0" sc="247,-10,261,-10,115,30,377,-10" hai2="52,53,62,66,71,121,122" owari="237,-16.3,251,5.1,145,-35.5,367,46.7" /></mjloggm>