<mjloggm ver="2.3"><GO type="225" lobby="0"/><UN n0="%77%72%77%72%77%72%77%72" n1="%E5%B8%86%E7%AB%8B%E5%A4%8F%E8%A1%A3" n2="%E3%81%99%E3%81%84%E3%81%BE%E3%81%9B%E3%83%BC%E3%82%93" n3="%E3%83%B4%E3%82%A3%E3%83%AF%E3%82%B3%E3%82%B0%E3%83%8B" dan="17,17,18,17" rate="2160.00,2193.02,2258.40,2212.03" sx="M,M,M,M"/><TAIKYOKU oya="0"/><INIT seed="0,0,0,1,4,30" ten="250,250,250,250" oya="0" hai0="15,59,81,110,58,117,13,103,88,1,3,25,99" hai1="92,0,21,52,135,125,4,23,18,37,127,65,64" hai2="106,9,112,90,33,121,49,100,73,19,50,105,85" hai3="122,104,102,130,108,109,120,20,82,113,8,22,6"/><T55/><D117/><U134/><E37/><V34/><F121/><N who="3" m="46699" /><G104/><T101/><D110/><N who="3" m="42601" /><G102/><T129/><D129/><U11/><E92/><V28/><F73/><W45/><G82/><T71/><D71/><U133/><E52/><V44/><F50/><W32/><G130/><T2/><D25/><N who="1" m="14519" /><E65/><V68/><F68/><W95/><G95/><T46/><D46/><U7/><E64/><V69/><F69/><W126/><G113/><T115/><D115/><U96/><E96/><V86/><F112/><W78/><G78/><T42/><D42/><U36/><E36/><V80/><F106/><W40/><G32/><T17/><D81/><U116/><E116/><V38/><F105/><W24/><G24/><T60/><D101/><U35/><E35/><V83/><F100/><W27/><G27/><T56/><D103/><U93/><E93/><V12/><F38/><N who="3" m="21655" /><G126/><N who="1" m="48138" /><E23/><V47/><F33/><W72/><G72/><T31/><D99/><U98/><E98/><V131/><F131/><W29/><G29/><T124/><D31/><U114/><E114/><V41/><F34/><W10/><G22/><N who="0" m="11567" /><D124/><U111/><E111/><V53/><F28/><W39/><G20/><T14/><D14/><N who="1" m="5479" /><E135/><V57/><REACH who="2" step="1"/><F41/><REACH who="2" ten="250,250,240,250" step="2"/><W91/><G39/><T51/><D51/><U63/><E63/><V26/><F26/><W123/><G123/><T84/><D60/><U75/><E75/><V16/><F16/><W79/><G91/><AGARI ba="0,1" hai="9,12,19,44,47,49,53,57,80,83,85,86,90,91" machi="91" ten="30,7700,0" yaku="1,1,7,1,9,1,8,1,53,0" doraHai="30" doraHaiUra="62" who="2" fromWho="3" sc="250,0,250,0,240,87,250,-77" /><INIT seed="1,0,0,4,5,128" ten="250,250,327,173" oya="1" hai0="100,33,39,19,93,31,69,23,53,116,51,70,22" hai1="9,68,71,0,75,88,13,107,102,106,99,87,21" hai2="36,45,84,41,14,24,94,89,25,98,55,54,15" hai3="60,26,44,40,20,63,47,124,109,85,118,104,8"/><U65/><E75/><V112/><F112/><W90/><G124/><T17/><D116/><U46/><E107/><V113/><F113/><W91/><G118/><T30/><D39/><U52/><E0/><V108/><F108/><W43/><G104/><T29/><D33/><U4/><E65/><V58/><F55/><W10/><G109/><T73/><D73/><U125/><E21/><V135/><F135/><W27/><G20/><T49/><D100/><U126/><E126/><V57/><F57/><W123/><REACH who="3" step="1"/><G85/><REACH who="3" ten="250,250,327,163" step="2"/><T82/><D30/><U67/><E125/><V132/><F84/><W32/><G32/><T97/><D31/><U11/><E11/><V18/><F132/><W2/><G2/><T34/><D34/><U72/><E72/><V16/><F15/><W61/><G61/><T28/><D23/><U77/><E77/><V83/><F14/><W103/><G103/><T62/><D22/><U5/><E13/><V133/><F133/><W114/><G114/><T134/><D62/><U81/><E9/><V1/><F1/><W96/><G96/><T86/><D97/><U12/><E12/><V121/><F25/><W119/><G119/><T127/><D86/><U37/><E99/><V120/><F24/><W7/><G7/><T115/><D115/><U42/><E102/><V130/><F98/><W80/><G80/><T76/><D82/><U64/><E106/><V3/><F3/><W59/><G59/><T101/><D134/><U111/><E111/><V129/><F83/><W50/><G50/><T131/><D127/><U35/><E35/><V110/><F110/><RYUUKYOKU ba="0,1" sc="250,-10,250,-10,327,-10,163,30" hai3="8,10,26,27,40,43,44,47,60,63,90,91,123" /><INIT seed="2,1,1,0,3,18" ten="240,240,317,193" oya="2" hai0="117,52,86,129,94,114,10,12,98,77,4,131,80" hai1="34,123,125,130,47,21,23,36,9,62,38,81,55" hai2="67,1,15,119,120,93,96,79,89,69,127,2,57" hai3="97,59,33,116,103,41,29,71,111,61,25,106,78"/><V14/><F119/><W42/><G111/><T118/><D114/><U54/><E34/><V40/><F120/><W134/><G116/><N who="0" m="44651" /><D52/><N who="1" m="20011" /><E38/><V73/><F69/><W101/><G59/><T3/><D3/><U91/><E36/><V72/><F2/><W95/><G134/><T90/><AGARI ba="1,1" hai="4,10,12,77,80,86,90,94,98,129,131" m="44651" machi="90" ten="30,1100,0" yaku="12,1" doraHai="18" who="0" fromWho="0" sc="240,24,240,-4,317,-6,193,-4" /><INIT seed="3,0,0,0,3,82" ten="264,236,311,189" oya="3" hai0="85,34,21,37,9,35,7,131,60,79,26,125,15" hai1="132,99,74,121,115,94,97,119,28,22,105,112,54" hai2="116,32,92,107,122,30,53,87,89,103,110,133,20" hai3="12,124,128,80,84,70,118,57,134,77,69,76,46"/><W31/><G118/><T81/><D37/><U71/><E71/><V75/><F116/><W27/><G134/><T88/><D131/><U10/><E74/><V5/><F133/><W58/><G128/><T1/><D125/><U72/><E72/><V129/><F75/><W98/><G124/><T83/><D60/><U135/><E10/><V106/><F32/><W93/><G76/><T51/><D51/><U117/><E54/><V120/><F129/><W59/><G12/><T23/><D1/><U11/><E11/><V109/><F5/><W18/><G18/><T108/><D108/><N who="2" m="41578" /><F53/><W73/><G46/><T104/><D104/><N who="2" m="39978" /><F103/><W24/><G73/><T50/><D50/><U43/><E99/><V47/><F47/><W29/><G29/><T40/><D40/><U8/><E28/><V42/><F42/><W65/><G65/><T61/><D61/><U95/><E105/><V44/><F44/><W64/><G64/><T91/><D34/><U102/><E43/><V4/><F4/><W13/><G13/><T62/><D62/><U96/><E119/><V36/><F36/><W14/><G14/><T49/><D49/><U45/><E117/><V55/><F55/><W25/><REACH who="3" step="1"/><G31/><REACH who="3" ten="264,236,311,179" step="2"/><T126/><D126/><U123/><E45/><V17/><F30/><W68/><G68/><T52/><D15/><AGARI ba="0,1" hai="15,17,20,87,89,92,120,122" m="39978,41578" machi="15" ten="30,2000,0" yaku="14,1,52,1" doraHai="82" who="2" fromWho="0" sc="264,-20,236,0,311,30,179,0" owari="244,4.4,236,-16.4,341,44.1,179,-32.1" /></mjloggm>