<mjloggm ver="2.3"><GO type="225" lobby="0"/><UN n0="%E7%99%BD%E5%80%89%E5%AF%9B%E4%B9%8B" n1="%E6%9C%88%E5%B3%B6%E5%9F%BA" n2="%40%77%61%6B%61" n3="%E3%83%96%E3%83%83%E3%83%91%E3%82%AA%E3%83%96%E3%83%81%E3%82%AD%E3%83%B3" dan="16,16,16,16" rate="2124.47,2131.08,2101.60,2129.25" sx="M,M,M,M"/><TAIKYOKU oya="0"/><INIT seed="0,0,0,0,3,69" ten="250,250,250,250" oya="0" hai0="60,117,23,76,0,46,126,119,6,80,118,98,92" hai1="70,54,133,30,77,90,82,96,53,134,3,109,10" hai2="61,1,24,5,16,124,125,123,74,128,57,114,116" hai3="49,94,55,35,120,89,103,131,12,106,108,130,135"/><T19/><D126/><N who="2" m="48746" /><F114/><W2/><G2/><T64/><D46/><U34/><E70/><V4/><F123/><W81/><G35/><T21/><D0/><U20/><E34/><V95/><F74/><W48/><G120/><T115/><D6/><N who="1" m="1375" /><E109/><V88/><F1/><W58/><G81/><T11/><D115/><U62/><E62/><V66/><F116/><W50/><G108/><T71/><D11/><U84/><E30/><V101/><F101/><W102/><G135/><N who="1" m="51722" /><E20/><N who="2" m="13319" /><F128/><W29/><G29/><T7/><D7/><U68/><E68/><V129/><F129/><W31/><G31/><T43/><D43/><U41/><E41/><V75/><F75/><W56/><G130/><T37/><D19/><U127/><E127/><V33/><F33/><W79/><G131/><T83/><D37/><U15/><E15/><V13/><F13/><W40/><G12/><T47/><D47/><U27/><E27/><V63/><F61/><W86/><G40/><T65/><D65/><U107/><E77/><V38/><F38/><W97/><G49/><T122/><D122/><U73/><E73/><V25/><F25/><W104/><G48/><T121/><D121/><U28/><E28/><V17/><F17/><W45/><G79/><T112/><D112/><U32/><E32/><V113/><F113/><W51/><REACH who="3" step="1"/><G50/><REACH who="3" ten="250,250,250,240" step="2"/><T87/><REACH who="0" step="1"/><D83/><REACH who="0" ten="240,250,250,240" step="2"/><U36/><E36/><V59/><F59/><W105/><G105/><T91/><AGARI ba="0,2" hai="21,23,60,64,71,76,80,87,91,92,98,117,118,119" machi="91" ten="30,6000,0" yaku="1,1,2,1,0,1,53,0" doraHai="69" doraHaiUra="22" who="0" fromWho="0" sc="240,80,250,-20,250,-20,240,-20" /><INIT seed="0,1,0,3,1,135" ten="320,230,230,220" oya="0" hai0="67,87,23,64,5,65,25,9,38,60,21,119,88" hai1="27,77,103,41,72,108,26,56,85,43,39,117,6" hai2="134,7,22,74,105,92,32,8,111,93,110,128,106" hai3="18,133,123,101,89,4,36,24,44,80,122,48,13"/><T132/><D38/><U90/><E117/><V33/><F74/><W95/><G133/><T55/><D132/><U98/><E108/><N who="2" m="41515" /><F134/><W19/><G36/><T66/><D119/><U116/><E116/><V109/><N who="2" m="41523" /><V59/><DORA hai="52" /><F59/><W114/><G101/><T40/><D40/><U37/><E6/><V47/><F47/><W15/><G80/><T30/><D55/><U84/><E72/><V17/><F128/><W35/><G4/><T54/><D54/><U78/><E103/><V0/><F93/><W126/><G114/><T107/><D107/><N who="2" m="40970" /><F92/><W130/><G130/><T16/><D5/><U99/><E90/><V45/><F45/><W71/><G95/><N who="0" m="54687" /><D9/><U115/><REACH who="1" step="1"/><E56/><REACH who="1" ten="320,220,230,220" step="2"/><V120/><F120/><W124/><G122/><T129/><D129/><U83/><E83/><V34/><F34/><W121/><G35/><T94/><D94/><U97/><E97/><V3/><F3/><W49/><G121/><T118/><D118/><U112/><AGARI ba="1,1" hai="26,27,37,39,41,43,77,78,84,85,98,99,112,115" machi="112" ten="25,12000,2" yaku="1,1,0,1,22,2,53,2" doraHai="135,52" doraHaiUra="82,63" who="1" fromWho="1" sc="320,-61,220,133,230,-31,220,-31" /><INIT seed="1,0,0,1,3,26" ten="259,353,199,189" oya="1" hai0="48,116,3,87,98,33,129,36,126,30,135,7,55" hai1="109,56,0,31,4,70,8,72,108,113,133,122,92" hai2="14,94,114,53,43,80,86,69,132,127,99,12,27" hai3="13,25,6,96,15,50,130,42,101,100,91,81,120"/><U52/><E113/><V37/><F69/><W125/><G120/><T117/><D36/><U77/><E122/><V63/><F127/><W49/><G125/><T95/><D126/><U9/><E70/><V10/><F132/><W111/><G111/><N who="1" m="42570" /><E133/><V58/><F114/><W89/><G130/><T29/><D135/><U39/><E39/><V112/><F112/><W118/><G118/><T57/><D129/><U73/><E77/><V97/><F43/><W51/><G42/><T103/><D33/><U84/><E9/><V123/><F37/><W74/><G74/><T105/><D117/><U83/><E31/><N who="0" m="11785" /><D3/><U41/><E41/><V28/><F123/><W16/><G6/><T54/><D105/><U60/><E83/><V44/><F44/><W102/><G81/><T78/><D116/><U62/><E62/><V75/><F75/><W121/><G121/><T110/><D110/><U115/><E115/><V119/><F119/><W24/><G13/><T76/><D7/><U68/><E68/><V17/><F14/><W65/><G65/><T45/><D87/><U38/><E38/><V1/><F1/><W59/><G59/><T134/><D134/><U124/><E124/><V104/><F104/><W47/><G47/><T131/><D131/><U35/><E35/><V66/><F66/><W20/><REACH who="3" step="1"/><G96/><REACH who="3" ten="259,353,199,179" step="2"/><T11/><D11/><U23/><E73/><V82/><F97/><W22/><G22/><T71/><D71/><U21/><E72/><V18/><F86/><W106/><G106/><T61/><AGARI ba="0,1" hai="45,48,54,55,57,61,76,78,95,98,103" m="11785" machi="61" ten="30,7900,0" yaku="8,1,52,3" doraHai="26" who="0" fromWho="0" sc="259,89,353,-39,199,-20,179,-20" /><INIT seed="2,0,0,0,1,70" ten="348,314,179,159" oya="2" hai0="87,33,23,76,58,69,80,63,100,8,10,27,102" hai1="81,5,56,52,78,113,92,122,114,127,12,84,79" hai2="9,131,49,82,116,75,24,13,7,129,112,126,68" hai3="46,89,28,93,34,109,57,120,97,88,16,108,31"/><V51/><F116/><W48/><G120/><T90/><D69/><U32/><E122/><V3/><F68/><W59/><G89/><T110/><D33/><U95/><E32/><V66/><F66/><W29/><G34/><T19/><D110/><N who="3" m="42601" /><G16/><N who="0" m="12775" /><D90/><N who="1" m="53319" /><E127/><V77/><F112/><W37/><G48/><T119/><D119/><U123/><E123/><V135/><F126/><W91/><G91/><T36/><D36/><U105/><E113/><V104/><F135/><W38/><G46/><T73/><D73/><U62/><E81/><V14/><F104/><W132/><G132/><T42/><D42/><U133/><E105/><V65/><F65/><W20/><G20/><T15/><D8/><N who="1" m="4111" /><E133/><V106/><F106/><W40/><G40/><T83/><D83/><U125/><E125/><V4/><F24/><W107/><G107/><T11/><D11/><U2/><E2/><V117/><F117/><W71/><G71/><T134/><D134/><U94/><E114/><V30/><F30/><N who="3" m="7683" /><W103/><DORA hai="6" /><G103/><T17/><D17/><U61/><E61/><V54/><F7/><W118/><G118/><T86/><D86/><U25/><E25/><V55/><F51/><W35/><G35/><T39/><D39/><AGARI ba="0,0" hai="37,38,39,57,59,88,93,97" m="7683,42601" machi="39" ten="40,8000,1" yaku="14,1,52,3,54,1" doraHai="70,6" who="3" fromWho="0" sc="348,-80,314,0,179,0,159,80" /><INIT seed="3,0,0,2,2,107" ten="268,314,179,239" oya="3" hai0="59,22,118,15,134,0,18,17,14,80,67,79,103" hai1="44,50,97,61,53,51,131,1,6,49,91,27,63" hai2="31,100,82,42,9,102,121,23,93,88,7,99,71" hai3="83,89,34,54,129,72,119,21,24,84,5,25,135"/><W40/><G119/><T128/><D0/><U94/><E131/><V46/><F71/><W101/><G129/><T3/><D3/><U58/><E1/><V48/><F121/><W122/><G122/><T92/><D128/><U13/><E27/><V70/><F70/><W116/><G116/><T57/><D118/><U69/><E69/><V123/><F123/><W36/><G135/><T28/><D28/><U8/><E61/><V19/><F31/><W62/><G101/><T124/><D124/><U55/><AGARI ba="0,0" hai="6,8,13,44,49,50,51,53,55,58,63,91,94,97" machi="55" ten="20,2700,0" yaku="0,1,7,1,8,1" doraHai="107" who="1" fromWho="1" sc="268,-7,314,27,179,-7,239,-13" owari="261,6.1,341,44.1,172,-32.8,226,-17.4" /></mjloggm>