<mjloggm ver="2.3"><GO type="225" lobby="0"/><UN n0="%E5%91%89%E5%AF%8C%E6%98%A5" n1="%E6%A1%9C%E8%8A%B1%E9%96%83%E3%80%85" n2="%73%61%6B%6F%EF%BC%A0%E6%9C%80" n3="%E3%82%A2%E3%83%9E%E3%83%9D%EF%BD%9E%EF%BD%9E%E3%83%A9" dan="16,16,16,17" rate="2126.53,2169.07,2156.33,2045.69" sx="M,M,M,M"/><TAIKYOKU oya="0"/><INIT seed="0,0,0,3,1,123" ten="250,250,250,250" oya="0" hai0="121,97,48,74,124,116,0,33,89,118,106,90,71" hai1="38,28,122,1,72,63,2,60,55,15,10,14,35" hai2="131,98,16,109,99,83,130,65,101,125,30,134,66" hai3="110,104,112,50,23,44,73,9,75,58,81,76,12"/><T22/><D33/><U41/><E122/><V78/><F30/><W42/><G112/><T6/><D71/><U88/><E72/><N who="2" m="43463" /><F66/><W43/><G104/><T36/><D121/><U26/><E14/><V64/><F65/><W117/><G117/><T52/><D36/><U102/><E102/><V85/><F64/><W54/><G110/><T120/><D120/><U100/><E100/><V113/><F113/><W80/><G23/><T34/><D34/><U108/><E108/><V95/><F109/><W47/><G47/><T59/><D74/><U5/><E41/><V27/><F125/><W93/><G93/><T4/><D106/><U61/><E38/><V21/><F134/><W8/><G43/><T91/><D124/><U57/><REACH who="1" step="1"/><E88/><REACH who="1" ten="250,240,250,250" step="2"/><N who="0" m="33897" /><D0/><AGARI ba="0,1" hai="0,1,2,5,10,15,26,28,35,55,57,60,61,63" machi="0" ten="40,2600,0" yaku="1,1,53,1" doraHai="123" doraHaiUra="20" who="1" fromWho="0" sc="250,-26,240,36,250,0,250,0" /><INIT seed="1,0,0,2,1,113" ten="224,276,250,250" oya="1" hai0="71,77,135,110,22,81,75,15,2,8,23,12,67" hai1="31,28,76,69,105,10,124,38,73,57,96,19,26" hai2="35,99,98,102,85,87,122,46,109,117,20,88,114" hai3="44,11,115,56,78,63,16,54,100,89,1,123,37"/><U58/><E69/><V93/><F35/><W90/><G123/><T53/><D110/><U13/><E38/><V84/><F122/><W47/><G115/><T79/><D135/><U83/><E124/><V118/><F114/><W55/><G1/><T48/><D2/><U36/><E36/><V27/><F46/><N who="3" m="17451" /><G37/><T17/><D79/><U131/><E131/><V104/><REACH who="2" step="1"/><F109/><REACH who="2" ten="224,276,240,250" step="2"/><W50/><G78/><T134/><D134/><U60/><E28/><AGARI ba="0,1" hai="20,27,28,84,85,87,88,93,98,99,102,104,117,118" machi="28" ten="40,8000,1" yaku="1,1,2,1,52,2,54,1,53,0" doraHai="113" doraHaiUra="33" who="2" fromWho="1" sc="224,0,276,-80,240,90,250,0" /><INIT seed="2,0,0,2,3,29" ten="224,196,330,250" oya="2" hai0="112,52,34,74,113,43,35,71,19,57,93,24,130" hai1="27,16,97,69,116,132,78,80,12,54,73,100,46" hai2="53,101,109,86,14,104,98,62,76,82,85,49,20" hai3="96,36,90,32,120,47,41,23,87,1,59,22,119"/><V61/><F109/><W10/><G119/><T13/><D74/><U121/><E116/><V8/><F86/><W67/><G32/><N who="0" m="12331" /><D24/><U5/><E132/><V118/><F118/><W9/><G120/><T75/><D75/><U124/><E124/><V91/><F20/><W3/><G96/><T17/><D71/><U4/><E69/><V0/><F0/><W123/><G123/><T128/><D93/><U77/><E27/><V40/><F40/><W65/><G1/><T131/><D43/><U6/><E121/><V103/><F101/><W44/><G44/><T114/><D13/><U95/><E73/><V15/><F15/><W63/><G67/><T2/><D2/><U126/><E80/><V117/><F76/><W129/><G10/><T81/><D81/><U133/><E133/><V51/><F117/><W94/><G129/><T68/><D68/><U42/><E126/><V25/><F25/><W7/><AGARI ba="0,0" hai="3,7,9,22,23,36,41,47,59,63,65,87,90,94" machi="7" ten="30,1100,0" yaku="0,1" doraHai="29" who="3" fromWho="3" sc="224,-3,196,-3,330,-5,250,11" /><INIT seed="3,0,0,2,5,12" ten="221,193,325,261" oya="3" hai0="61,105,108,64,60,62,87,44,96,43,32,41,130" hai1="52,27,38,9,40,49,107,24,26,58,101,3,53" hai2="33,97,25,28,84,6,111,78,106,104,14,126,134" hai3="115,99,117,34,77,75,55,73,122,88,113,23,17"/><W66/><G117/><T72/><D72/><U48/><E38/><V67/><F67/><W22/><G34/><T119/><D119/><U82/><E40/><V39/><F39/><W89/><G122/><T98/><D41/><U86/><E107/><V103/><F104/><W8/><G8/><T37/><D96/><U74/><E74/><V112/><F112/><W69/><G55/><T42/><D42/><U110/><E110/><V131/><F111/><W114/><G23/><T15/><D108/><U36/><E101/><V95/><F126/><W94/><G77/><T80/><D80/><U7/><E36/><V59/><F59/><W128/><G128/><T132/><D32/><U116/><E116/><V46/><F46/><W29/><G29/><T30/><D130/><U68/><E68/><V4/><F134/><W81/><G66/><T20/><D132/><U10/><E10/><V11/><F131/><W125/><G125/><T91/><D64/><U19/><E19/><V16/><F78/><W121/><G69/><T127/><D127/><U118/><E118/><V92/><F106/><W123/><G75/><T50/><D37/><U47/><REACH who="1" step="1"/><E26/><REACH who="1" ten="221,183,325,261" step="2"/><V54/><F16/><W18/><G18/><N who="0" m="10335" /><D30/><U5/><E5/><V35/><F4/><W90/><G73/><T65/><D105/><U2/><E2/><V1/><F1/><W135/><G114/><T79/><D65/><U76/><AGARI ba="0,1" hai="3,7,9,24,27,47,48,49,52,53,58,76,82,86" machi="76" ten="20,5200,0" yaku="1,1,0,1,7,1,54,1,53,0" doraHai="12" doraHaiUra="120" who="1" fromWho="1" sc="221,-13,183,62,325,-13,261,-26" owari="208,-29.2,245,4.5,312,41.2,235,-16.5" /></mjloggm>