<mjloggm ver="2.3"><GO type="225" lobby="0"/><UN n0="%E5%8D%A0%E3%81%84%E5%B8%AB%E8%A3%8F%E3%81%AA%E3%81%84%E3%81%97" n1="%E4%BF%BA%E3%81%A8%E5%A6%96%E5%A4%A2" n2="%E3%82%AF%E3%82%A3%E3%82%A6" n3="%E6%9C%88%E5%B3%B6%E5%9F%BA" dan="17,16,16,16" rate="2204.76,2101.23,2089.97,2136.91" sx="M,F,M,M"/><TAIKYOKU oya="0"/><INIT seed="0,0,0,5,1,18" ten="250,250,250,250" oya="0" hai0="116,64,108,120,2,132,81,103,68,31,128,135,58" hai1="134,118,40,3,28,37,35,94,100,123,91,42,106" hai2="76,71,20,95,16,74,125,50,82,80,133,111,124" hai3="30,54,26,109,46,36,63,79,17,32,47,39,43"/><T107/><D116/><U29/><E118/><V121/><F121/><W113/><G113/><T85/><D120/><U24/><E123/><V34/><F34/><W87/><G109/><T101/><D2/><U19/><E134/><N who="0" m="51241" /><D128/><U27/><E37/><V41/><F111/><W131/><G131/><T62/><D108/><U67/><E3/><V104/><F104/><W73/><G73/><T122/><D122/><U115/><E115/><V88/><F133/><W70/><G17/><T12/><D107/><U97/><E19/><V33/><F33/><W130/><G130/><T53/><D12/><U117/><E67/><V127/><F71/><W90/><G79/><N who="0" m="46271" /><D31/><U8/><E8/><V1/><F1/><W25/><G25/><T92/><D92/><U0/><E0/><V38/><F38/><W56/><G39/><T119/><D119/><U55/><E55/><V45/><F76/><W4/><G26/><T23/><D23/><U99/><REACH who="1" step="1"/><E117/><REACH who="1" ten="250,240,250,250" step="2"/><V13/><REACH who="2" step="1"/><F74/><REACH who="2" ten="250,240,240,250" step="2"/><W72/><G72/><T9/><D9/><U96/><E96/><AGARI ba="0,2" hai="13,16,20,41,45,50,80,82,88,95,96,124,125,127" machi="96" ten="40,12000,2" yaku="1,1,2,1,18,1,52,1,54,2,53,0" doraHai="18" doraHaiUra="114" who="2" fromWho="1" sc="250,0,240,-120,240,140,250,0" /><INIT seed="1,0,0,0,2,104" ten="250,120,380,250" oya="1" hai0="126,94,13,33,76,134,118,26,38,84,22,115,56" hai1="132,119,42,83,70,109,108,80,5,11,114,69,62" hai2="52,63,88,135,27,12,46,0,53,125,32,20,103" hai3="67,97,112,131,78,127,81,59,49,71,36,51,96"/><U68/><E114/><V34/><F0/><W18/><G112/><T82/><D115/><U37/><E119/><V55/><F125/><W24/><G36/><T74/><D118/><U91/><E132/><V8/><F135/><W75/><G127/><T35/><D134/><U44/><E62/><V61/><F103/><W122/><G122/><T31/><D38/><U7/><E91/><V111/><F111/><N who="1" m="42569" /><E7/><N who="2" m="3103" /><F34/><W1/><G131/><T77/><D126/><U60/><E60/><N who="2" m="23115" /><F32/><W101/><G71/><N who="1" m="18178" /><U64/><DORA hai="128" /><E64/><V6/><F6/><W102/><G67/><T120/><D120/><U89/><E89/><V95/><F46/><W129/><G129/><T110/><D110/><U99/><E99/><N who="2" m="57831" /><F55/><W117/><G97/><T25/><D33/><U113/><E113/><V66/><F66/><W40/><G96/><T28/><D35/><U72/><E72/><V86/><F86/><W10/><G75/><T121/><D74/><U98/><E98/><V2/><F2/><AGARI ba="0,0" hai="2,5,11,37,42,44,80,83" m="18178,42569" machi="2" ten="40,3900,0" yaku="14,1,10,1" doraHai="104,128" who="1" fromWho="2" sc="250,0,120,39,380,-39,250,0" /><INIT seed="1,1,0,0,3,102" ten="250,159,341,250" oya="1" hai0="13,74,42,132,22,117,55,107,61,75,47,71,105" hai1="85,48,60,109,57,0,1,56,44,16,29,77,15" hai2="36,79,7,86,111,67,90,118,28,98,119,126,62" hai3="17,54,91,4,65,49,129,20,135,21,8,92,131"/><U38/><E38/><V68/><F126/><W32/><G32/><T97/><D117/><U3/><E109/><V46/><F111/><W83/><G65/><T101/><D132/><U128/><E128/><N who="3" m="49226" /><G83/><T104/><D13/><U112/><E112/><V39/><F28/><W127/><G17/><T72/><D22/><U14/><E29/><V122/><F122/><W134/><G127/><T95/><D55/><U35/><E35/><V116/><F7/><W106/><G106/><T84/><D84/><U76/><E85/><V64/><F64/><W66/><G66/><N who="0" m="41423" /><D95/><U19/><E14/><V37/><F98/><N who="3" m="57631" /><G21/><T30/><D30/><U73/><E73/><V82/><REACH who="2" step="1"/><F46/><REACH who="2" ten="250,159,331,250" step="2"/><W100/><G4/><T88/><D88/><AGARI ba="1,1" hai="36,37,39,62,67,68,79,82,86,88,90,116,118,119" machi="88" ten="50,6400,0" yaku="1,1,2,1,54,1,53,0" doraHai="102" doraHaiUra="50" who="2" fromWho="0" sc="250,-67,159,0,331,77,250,0" /><INIT seed="2,0,0,5,4,118" ten="183,159,408,250" oya="2" hai0="60,55,95,52,59,85,74,64,71,99,61,89,125" hai1="37,114,30,22,102,122,17,98,45,53,50,83,79" hai2="16,129,12,134,29,75,2,35,93,72,111,101,5" hai3="36,26,91,46,40,8,1,108,20,13,90,106,103"/><V78/><F78/><W18/><G108/><T86/><D74/><U130/><E114/><V97/><F129/><W70/><G70/><T42/><D125/><U33/><E130/><V56/><F134/><W123/><G123/><T7/><D42/><U21/><E37/><V24/><F111/><W62/><G62/><T32/><D32/><U57/><E33/><V112/><F112/><W9/><G106/><T113/><D113/><U94/><E30/><V67/><F67/><W47/><G103/><T10/><REACH who="0" step="1"/><D55/><REACH who="0" ten="173,159,408,250" step="2"/><U127/><E127/><V6/><F75/><W54/><G54/><T81/><D81/><U135/><E135/><V4/><F72/><W88/><G40/><T48/><D48/><U68/><E68/><V43/><F43/><W131/><G36/><T109/><D109/><U11/><E122/><V133/><F133/><W92/><G131/><T27/><D27/><U104/><E104/><V115/><F115/><W124/><G124/><T96/><D96/><U77/><E83/><V110/><F110/><W69/><G69/><T84/><D84/><U73/><E73/><V14/><F56/><W31/><G92/><T82/><D82/><U41/><E41/><V66/><F66/><W25/><G25/><T49/><D49/><U65/><E57/><V116/><F93/><W120/><G120/><T51/><D51/><U38/><E65/><V15/><F97/><W0/><G47/><T28/><D28/><U107/><E38/><V105/><F105/><W76/><G46/><T23/><D23/><N who="1" m="8715" /><E107/><V117/><F35/><W121/><G121/><T44/><D44/><RYUUKYOKU ba="0,1" sc="173,15,159,15,408,-15,250,-15" hai0="7,10,52,59,60,61,64,71,85,86,89,95,99" hai1="11,17,45,50,53,77,79,94,98,102" /><INIT seed="3,1,1,0,4,84" ten="188,174,393,235" oya="3" hai0="54,97,46,105,20,86,132,40,57,28,23,124,80" hai1="76,93,7,117,118,120,0,101,114,75,109,9,63" hai2="128,51,45,125,1,50,123,14,82,33,22,34,68" hai3="2,121,111,74,3,127,47,35,44,92,78,21,32"/><W29/><G121/><T18/><D124/><U90/><E120/><V69/><F123/><W110/><G78/><T8/><D132/><U71/><E114/><V26/><F125/><W27/><G74/><T112/><D112/><U130/><E101/><V95/><F128/><W119/><G119/><N who="1" m="45578" /><E130/><V108/><F108/><N who="3" m="41515" /><G127/><T55/><D105/><U104/><E104/><V83/><F1/><N who="3" m="11" /><G92/><T87/><D97/><N who="1" m="57527" /><E109/><V43/><F95/><W73/><G73/><T64/><D87/><U56/><E75/><V106/><F106/><W98/><G98/><T15/><D64/><N who="1" m="39015" /><E76/><V41/><F83/><W126/><G126/><T107/><D107/><U31/><E31/><V122/><F82/><W66/><G66/><T19/><D28/><U91/><E91/><V11/><F122/><W67/><G67/><T49/><D18/><U5/><E5/><V96/><F96/><W6/><G6/><T99/><D99/><U24/><E24/><V42/><F69/><AGARI ba="1,1" hai="0,7,9,69,71" m="39015,57527,45578" machi="69" ten="30,2000,0" yaku="12,1,52,1" doraHai="84" who="1" fromWho="2" sc="188,0,174,33,393,-23,235,0" owari="188,-31.2,207,-19.3,370,47.0,235,3.5" /></mjloggm>