<mjloggm ver="2.3"><GO type="225" lobby="0"/><UN n0="%E6%A1%9C%E8%8A%B1%E9%96%83%E3%80%85" n1="%E3%81%8B%E3%82%8F%E3%81%A1%E3%82%83%E3%82%93%35%38" n2="%62%6F%6E%6F%73%2E%2E" n3="%E4%BF%BA%E3%81%A8%E5%A6%96%E5%A4%A2" dan="17,16,17,16" rate="2275.19,2161.97,2197.09,2260.58" sx="M,M,M,F"/><TAIKYOKU oya="0"/><INIT seed="0,0,0,0,5,99" ten="250,250,250,250" oya="0" hai0="51,28,79,70,109,119,39,126,135,98,92,7,132" hai1="35,72,124,58,56,19,104,25,133,76,108,84,21" hai2="27,29,61,63,94,30,80,68,66,75,14,54,26" hai3="40,43,52,93,117,123,78,44,31,91,102,85,4"/><T49/><D119/><U53/><E72/><V1/><F1/><W33/><G117/><T129/><D39/><U64/><E104/><V87/><F75/><W37/><G123/><T105/><D105/><U5/><E35/><V106/><F106/><W134/><G134/><N who="0" m="51243" /><D129/><U18/><E133/><V86/><F14/><W101/><G40/><T69/><D126/><U96/><E124/><V71/><F94/><W97/><G4/><T45/><D79/><U50/><E5/><V16/><F54/><W2/><G2/><T48/><D109/><U55/><E108/><V6/><F6/><W59/><G31/><T114/><D114/><U8/><E96/><V38/><F38/><W41/><G41/><N who="0" m="24623" /><D28/><U34/><E64/><V128/><F128/><W11/><G11/><T60/><D7/><U131/><E34/><V113/><F113/><W10/><G10/><T20/><BYE who="3" /><D20/><U67/><E67/><V118/><F118/><W0/><G0/><T81/><D81/><N who="1" m="47143" /><E131/><V65/><REACH who="2" step="1"/><F80/><REACH who="2" ten="250,250,240,250" step="2"/><UN n3="%E4%BF%BA%E3%81%A8%E5%A6%96%E5%A4%A2" /><W83/><REACH who="3" step="1"/><G33/><REACH who="3" ten="250,250,240,240" step="2"/><T111/><D111/><U73/><E8/><V13/><F13/><W9/><G9/><T42/><D42/><U107/><E21/><V82/><F82/><W120/><G120/><T23/><D23/><U47/><E18/><AGARI ba="0,2" hai="16,18,26,27,29,30,61,63,65,66,68,71,86,87" machi="18" ten="25,6400,0" yaku="1,1,22,2,54,1,53,0" doraHai="99" doraHaiUra="74" who="2" fromWho="1" sc="250,0,250,-64,240,84,240,0" /><INIT seed="1,0,0,3,5,78" ten="250,186,324,240" oya="1" hai0="4,69,36,17,74,31,9,38,130,89,107,18,94" hai1="16,30,14,63,98,3,106,115,85,67,33,6,26" hai2="34,37,83,123,70,73,90,81,71,62,39,76,72" hai3="55,29,84,93,22,128,44,1,111,11,80,50,92"/><U91/><E115/><V79/><F123/><W49/><G111/><T104/><D69/><U118/><E118/><V12/><F90/><W21/><G128/><T86/><D74/><U43/><E43/><V112/><F112/><W100/><G1/><T28/><D130/><U51/><E51/><V2/><F2/><W5/><G5/><T129/><D129/><U68/><E3/><V119/><F119/><W120/><G11/><T87/><D9/><U126/><E126/><V8/><F34/><W116/><G120/><T35/><D94/><N who="3" m="36457" /><G29/><T45/><D89/><U88/><E6/><V131/><F131/><W82/><G100/><T52/><D4/><U27/><E27/><V0/><F0/><W40/><G116/><T7/><D7/><U105/><E85/><V64/><F70/><W46/><G84/><T125/><D45/><U65/><E65/><V99/><F99/><W134/><G134/><T97/><D97/><U132/><E132/><V32/><F32/><W114/><G114/><T135/><D135/><U77/><E77/><V113/><F113/><W10/><G10/><T48/><D35/><U121/><E121/><V101/><F101/><W15/><G22/><T66/><D125/><U60/><E60/><V59/><F71/><W117/><G117/><T75/><D75/><U58/><E58/><V47/><F47/><W56/><G46/><T124/><D124/><U110/><E110/><V96/><F96/><W54/><G40/><T57/><D57/><U109/><E109/><V122/><F122/><W95/><N who="3" m="36465" /><W103/><DORA hai="19" /><G103/><T53/><D86/><RYUUKYOKU ba="0,0" sc="250,-15,186,-15,324,15,240,15" hai2="8,12,37,39,59,62,64,72,73,76,79,81,83" hai3="15,21,44,49,50,54,55,56,80,82" /><INIT seed="2,1,0,3,1,6" ten="235,171,339,255" oya="2" hai0="118,86,69,58,74,130,18,46,108,85,98,105,112" hai1="132,21,43,38,76,47,32,54,13,62,106,133,33" hai2="28,80,52,49,39,83,111,15,12,84,41,75,101" hai3="65,92,104,64,40,134,34,55,68,24,26,117,51"/><V60/><F111/><W23/><G117/><T25/><D69/><U99/><E76/><V4/><F75/><W113/><G104/><T72/><D58/><U19/><E54/><V121/><F121/><W119/><G119/><T57/><D57/><U110/><E62/><V70/><F39/><W81/><G68/><T0/><D46/><U16/><E110/><V95/><F28/><W93/><G134/><T50/><D50/><U27/><E106/><V128/><F128/><W5/><G40/><T129/><D108/><U66/><E66/><V88/><F70/><W114/><G34/><T56/><D56/><U20/><REACH who="1" step="1"/><E99/><REACH who="1" ten="235,161,339,255" step="2"/><V45/><F60/><W10/><G65/><T29/><D98/><U120/><E120/><V124/><F52/><W53/><G64/><T94/><D105/><U90/><E90/><V7/><F88/><W107/><G55/><T35/><D118/><U73/><E73/><V63/><F63/><W97/><G107/><T115/><D74/><U59/><E59/><V48/><F101/><W125/><G97/><T100/><D72/><U91/><E91/><V131/><F84/><W8/><G53/><T122/><D122/><U78/><E78/><V30/><F131/><W116/><G116/><T103/><D129/><U67/><E67/><V123/><F123/><W126/><G81/><T71/><D130/><U31/><E31/><V96/><F80/><W22/><G51/><T61/><D61/><U135/><AGARI ba="1,1" hai="13,16,19,20,21,27,32,33,38,43,47,132,133,135" machi="135" ten="30,12000,2" yaku="1,1,0,1,20,1,54,1,53,2" doraHai="6" doraHaiUra="14" who="1" fromWho="1" sc="235,-31,161,133,339,-61,255,-31" /><INIT seed="3,0,0,0,3,31" ten="204,294,278,224" oya="3" hai0="36,102,25,3,66,98,60,78,38,76,63,126,111" hai1="19,114,17,41,39,84,123,1,107,73,94,12,40" hai2="68,57,5,32,58,14,135,61,37,10,113,7,6" hai3="54,46,59,51,48,131,44,15,110,85,83,9,49"/><W118/><G118/><T116/><D116/><U62/><E107/><V52/><F113/><W24/><G131/><T96/><D3/><U35/><E73/><V108/><F37/><W129/><G129/><T125/><D25/><U72/><E35/><V56/><F108/><W4/><G24/><T92/><D111/><U67/><E72/><V13/><F135/><W119/><G119/><T45/><D45/><N who="3" m="17513" /><G110/><T34/><D92/><U27/><E1/><V117/><F117/><W47/><N who="3" m="17521" /><W105/><DORA hai="53" /><G105/><T101/><D66/><U75/><E75/><V69/><F32/><AGARI ba="0,0" hai="32,34,36,38,60,63,76,78,96,98,101,102,125,126" machi="32" ten="25,6400,0" yaku="22,2,52,2" doraHai="31,53" who="0" fromWho="2" sc="204,64,294,0,278,-64,224,0" /><INIT seed="4,0,0,1,3,115" ten="268,294,214,224" oya="0" hai0="131,63,134,80,46,6,123,60,49,86,113,95,31" hai1="92,16,40,103,25,5,9,1,106,27,50,35,29" hai2="22,82,74,78,105,79,58,62,18,37,28,42,102" hai3="12,15,7,64,114,119,26,56,66,112,67,129,21"/><T135/><D123/><U87/><E106/><V70/><F70/><W32/><G32/><T98/><D113/><N who="3" m="43625" /><G129/><T52/><D131/><U100/><E40/><V93/><F78/><W47/><G47/><T20/><D6/><U53/><E87/><V108/><F108/><W19/><G7/><T30/><D135/><U88/><E16/><V76/><F76/><W33/><G33/><T83/><D134/><U65/><E65/><N who="3" m="25194" /><G119/><T73/><D73/><U120/><E27/><V10/><F28/><N who="0" m="10794" /><D20/><U124/><E124/><V121/><F22/><W133/><G133/><T11/><D11/><U54/><E54/><V107/><F121/><W45/><G45/><T3/><D3/><U51/><E51/><V4/><F18/><W48/><G48/><T132/><D132/><U59/><E120/><V89/><F42/><W116/><G116/><T97/><D97/><U72/><E72/><V111/><F37/><W57/><N who="3" m="25202" /><W90/><DORA hai="85" /><G90/><N who="0" m="51551" /><D80/><U68/><E68/><V101/><F111/><W130/><G130/><T128/><D128/><U122/><E122/><V99/><F4/><W84/><G84/><T96/><D96/><U23/><E35/><V38/><F38/><W34/><G34/><T39/><D39/><U75/><E75/><V127/><F127/><W8/><G8/><T81/><D81/><U77/><E77/><V91/><F10/><W36/><G36/><T71/><D71/><U126/><E126/><V109/><F109/><W0/><G0/><T118/><D118/><U41/><E41/><V117/><F117/><W13/><AGARI ba="0,0" hai="12,13,15,19,21,26,56,57" m="25202,43625" machi="13" ten="40,1500,0" yaku="15,1" doraHai="115,85" who="3" fromWho="3" sc="268,-7,294,-4,214,-4,224,15" /><INIT seed="5,0,0,3,5,10" ten="261,290,210,239" oya="1" hai0="76,46,122,47,101,131,80,48,15,95,124,113,83" hai1="14,130,114,85,5,6,62,117,37,118,126,16,11" hai2="39,36,74,30,31,105,133,69,84,94,22,64,103" hai3="56,34,25,66,119,18,120,123,86,20,32,17,51"/><U33/><E37/><V73/><F105/><W8/><G119/><T49/><D113/><U112/><E33/><V35/><F35/><W53/><G34/><T128/><D124/><U116/><E126/><V106/><F106/><W92/><G32/><T9/><D122/><U19/><E130/><N who="0" m="49705" /><D95/><U40/><E40/><V104/><F104/><W52/><G66/><T55/><D101/><U70/><E85/><V28/><F133/><W115/><G115/><N who="1" m="44074" /><E19/><V96/><F84/><W4/><G18/><N who="0" m="8559" /><D76/><U89/><E89/><V27/><F64/><AGARI ba="0,0" hai="5,6,11,14,16,62,64,70,116,117,118" m="44074" machi="64" ten="40,7700,0" yaku="15,1,52,1,54,1" doraHai="10" who="1" fromWho="2" sc="261,0,290,77,210,-77,239,0" owari="261,6.1,367,46.7,133,-36.7,239,-16.1" /></mjloggm>