<mjloggm ver="2.3"><GO type="225" lobby="0"/><UN n0="%E7%99%BD%E5%92%B2%E8%8A%B1%E3%81%A1%E3%82%83%E3%82%93" n1="%E5%91%A8%E6%9D%B1" n2="%E7%99%BD%E5%80%89%E5%AF%9B%E4%B9%8B" n3="%E3%83%81%E3%83%83%E3%82%BF%E3%82%BD%E3%83%BC" dan="16,17,16,16" rate="2155.93,2190.63,2132.75,2121.49" sx="F,M,M,F"/><TAIKYOKU oya="0"/><INIT seed="0,0,0,3,4,86" ten="250,250,250,250" oya="0" hai0="75,19,35,62,57,112,27,13,122,120,30,76,59" hai1="39,31,95,96,36,45,92,67,18,84,56,82,101" hai2="34,63,116,21,118,15,70,85,90,58,102,44,74" hai3="99,77,81,97,40,1,117,52,25,49,127,2,0"/><T42/><D112/><U104/><E104/><V71/><F74/><W46/><G127/><T110/><D110/><U131/><E131/><V64/><F34/><W50/><G117/><N who="2" m="45161" /><F102/><W5/><G25/><T103/><D103/><U22/><E45/><V115/><F115/><W133/><G133/><T134/><D134/><U53/><E67/><V79/><F79/><W72/><REACH who="3" step="1"/><G5/><REACH who="3" ten="250,250,250,240" step="2"/><T28/><D120/><U98/><E31/><V87/><F44/><AGARI ba="0,1" hai="0,1,2,40,44,46,49,50,52,72,77,81,97,99" machi="44" ten="40,12000,2" yaku="1,1,2,1,54,1,53,3" doraHai="86" doraHaiUra="33" who="3" fromWho="2" sc="250,0,250,0,250,-120,240,130" /><INIT seed="1,0,0,0,1,122" ten="250,250,130,370" oya="1" hai0="49,73,94,120,23,130,84,12,116,48,36,47,134" hai1="127,32,121,104,111,99,76,70,57,8,103,0,86" hai2="16,44,131,45,87,113,58,39,2,97,19,53,98" hai3="61,88,41,72,78,128,117,126,105,9,3,110,107"/><U6/><E121/><V74/><F2/><W37/><G61/><T62/><D116/><U38/><E38/><V27/><F74/><W33/><G88/><N who="0" m="53511" /><D73/><U90/><E70/><V64/><F113/><W125/><G117/><T28/><D120/><U50/><E32/><V79/><F131/><W68/><G68/><T100/><D134/><U67/><E127/><N who="3" m="48650" /><G33/><T11/><D130/><U1/><E76/><V15/><F39/><W66/><G66/><T30/><D36/><U101/><E101/><V60/><F27/><W85/><G85/><T65/><D100/><U46/><E1/><V21/><F19/><W108/><G128/><T63/><D23/><U17/><E17/><V93/><F64/><W24/><G24/><T52/><D49/><U5/><E5/><V40/><F40/><W109/><G9/><T71/><D71/><U20/><E20/><V133/><F133/><W106/><G3/><T42/><D42/><U26/><E26/><V112/><F112/><W18/><G18/><N who="0" m="8479" /><D65/><U89/><E67/><V119/><F119/><W92/><G92/><T132/><D132/><U59/><E90/><N who="2" m="53471" /><F79/><W25/><G25/><T91/><D91/><U115/><E115/><V96/><AGARI ba="0,0" hai="15,16,21,44,45,53,58,60,96,97,98" m="53471" machi="96" ten="30,2000,0" yaku="8,1,54,1" doraHai="122" who="2" fromWho="2" sc="250,-5,250,-10,130,20,370,-5" /><INIT seed="2,0,0,5,4,11" ten="245,240,150,365" oya="2" hai0="8,3,12,117,130,126,10,37,131,99,111,26,35" hai1="115,93,30,61,46,16,42,75,74,13,52,63,98" hai2="71,55,79,39,108,114,121,77,65,67,92,116,22" hai3="73,128,118,135,102,88,134,83,40,41,107,69,47"/><V80/><F39/><W49/><G128/><N who="0" m="49195" /><D37/><U24/><E115/><V85/><F114/><W112/><G118/><T44/><D44/><U103/><E74/><V27/><F116/><W109/><G109/><T119/><D99/><U72/><E72/><V0/><F0/><W105/><G69/><T25/><D111/><U21/><E75/><V38/><F108/><W33/><G33/><T58/><D58/><U20/><REACH who="1" step="1"/><E52/><REACH who="1" ten="245,230,150,365" step="2"/><V124/><F121/><W84/><G73/><T7/><D126/><U81/><E81/><N who="2" m="47279" /><F38/><AGARI ba="0,1" hai="13,16,20,21,24,30,38,42,46,61,63,93,98,103" machi="38" ten="30,7700,0" yaku="1,1,7,1,52,1,54,1,53,0" doraHai="11" doraHaiUra="132" who="1" fromWho="2" sc="245,0,230,87,150,-77,365,0" /><INIT seed="3,0,0,1,5,132" ten="245,317,73,365" oya="3" hai0="41,58,130,105,112,55,79,115,33,25,64,94,84" hai1="62,42,117,71,73,106,72,88,12,21,13,80,29" hai2="108,34,8,30,2,1,46,124,95,24,101,111,38" hai3="85,53,76,54,77,35,0,104,50,119,37,14,100"/><W22/><G119/><T70/><D130/><U51/><E106/><V92/><F101/><W16/><G37/><T18/><D41/><U4/><E117/><V103/><F103/><W31/><G0/><T116/><D116/><U61/><E71/><V82/><F38/><W43/><G104/><T39/><D39/><U28/><E4/><V68/><F68/><W48/><G100/><T83/><D105/><U47/><E73/><V74/><F46/><N who="3" m="25695" /><G35/><T127/><D94/><U81/><E72/><V118/><F118/><W49/><G31/><T26/><D26/><U63/><E81/><V69/><F69/><W27/><G27/><T129/><D129/><U20/><E21/><V78/><F92/><W9/><G9/><T131/><D131/><U19/><REACH who="1" step="1"/><E13/><REACH who="1" ten="245,307,73,365" step="2"/><V125/><F95/><W86/><G85/><AGARI ba="0,1" hai="12,19,20,28,29,42,47,51,61,62,63,80,85,88" machi="85" ten="40,8000,1" yaku="1,1,2,1,8,1,54,1,53,0" doraHai="132" doraHaiUra="98" who="1" fromWho="3" sc="245,0,307,90,73,0,365,-80" owari="245,-15.5,397,49.7,73,-42.7,285,8.5" /></mjloggm>