<mjloggm ver="2.3"><GO type="225" lobby="0"/><UN n0="%E5%87%BA%E6%B0%B4" n1="%E6%B8%A9%E2%98%85%E6%83%85%E2%98%85%E6%8E%AA%E2%98%85%E7%BD%AE" n2="%E9%B4%A8%4E%45%47%49" n3="%E4%BF%BA%E3%81%A8%E5%A6%96%E5%A4%A2" dan="16,17,16,16" rate="2105.62,2209.16,2072.79,2231.60" sx="F,M,M,F"/><TAIKYOKU oya="0"/><INIT seed="0,0,0,4,3,91" ten="250,250,250,250" oya="0" hai0="107,103,117,90,129,51,126,13,44,26,78,76,123" hai1="70,42,68,48,67,62,81,43,58,128,102,20,60" hai2="96,52,114,65,120,39,99,86,75,94,88,111,77" hai3="36,33,98,16,106,134,124,92,54,19,1,89,6"/><T46/><D117/><U64/><E102/><V108/><F65/><N who="1" m="25161" /><E81/><N who="2" m="45247" /><F39/><W130/><G36/><T84/><D123/><U119/><E20/><V17/><F17/><W135/><G33/><T85/><D26/><U29/><E29/><V87/><F52/><W100/><G124/><T131/><D126/><U97/><E97/><N who="2" m="37451" /><F114/><W10/><G130/><N who="0" m="49675" /><D103/><U115/><E119/><V95/><F120/><W12/><G54/><N who="0" m="30055" /><D107/><U15/><E15/><V31/><F31/><W3/><G106/><T66/><D66/><U27/><E27/><V28/><F28/><W110/><G100/><T45/><D13/><U21/><E115/><V11/><F11/><W18/><REACH who="3" step="1"/><G110/><REACH who="3" ten="250,250,250,240" step="2"/><N who="2" m="42025" /><F87/><W118/><G118/><T8/><D84/><U121/><E128/><V14/><F14/><W7/><G7/><T34/><D34/><U37/><E121/><V50/><F50/><W63/><G63/><T40/><D8/><U35/><E60/><V125/><F125/><W0/><AGARI ba="0,1" hai="0,1,3,6,10,12,16,18,19,89,92,98,134,135" machi="0" ten="40,8000,1" yaku="1,1,0,1,52,1,54,1,53,0" doraHai="91" doraHaiUra="116" who="3" fromWho="3" sc="250,-40,250,-20,250,-20,240,90" /><INIT seed="1,0,0,0,0,120" ten="210,230,230,330" oya="1" hai0="111,35,63,50,5,25,98,15,92,38,17,2,3" hai1="73,41,7,122,78,53,75,30,6,23,59,83,29" hai2="24,58,90,39,67,134,81,71,110,47,9,65,1" hai3="44,61,96,51,76,12,57,113,105,128,129,42,86"/><U77/><E122/><V106/><F106/><W119/><G113/><T72/><D38/><U123/><E123/><V127/><F71/><W19/><G119/><T94/><D72/><U16/><E41/><V114/><F114/><W82/><G96/><T80/><D63/><U56/><E56/><V79/><F90/><W32/><G32/><T100/><D80/><U11/><E75/><V95/><F95/><W14/><G105/><T132/><D132/><U88/><E73/><V40/><F127/><W93/><G93/><T21/><D50/><N who="1" m="31159" /><E11/><V55/><F24/><W22/><REACH who="3" step="1"/><G14/><REACH who="3" ten="210,230,230,320" step="2"/><T117/><D117/><U99/><E99/><V130/><F134/><W70/><G70/><T8/><D2/><U103/><E103/><V69/><F69/><W27/><G27/><T116/><D116/><U107/><E107/><V4/><F130/><W48/><G48/><T49/><D49/><U104/><E104/><V45/><F45/><W54/><AGARI ba="0,1" hai="12,19,22,42,44,51,54,57,61,76,82,86,128,129" machi="54" ten="30,2000,0" yaku="1,1,0,1,53,0" doraHai="120" doraHaiUra="68" who="3" fromWho="3" sc="210,-5,230,-10,230,-5,320,30" /><INIT seed="2,0,0,5,1,29" ten="205,220,225,350" oya="2" hai0="18,98,28,77,61,16,0,117,95,112,125,113,108" hai1="121,26,101,65,38,57,91,6,111,79,51,78,74" hai2="69,127,71,131,83,66,25,13,1,109,47,75,44" hai3="17,87,93,120,2,3,102,134,128,119,70,31,32"/><V21/><F1/><W80/><G119/><T110/><D117/><U88/><E38/><V50/><F131/><W35/><G120/><T97/><D0/><N who="3" m="41" /><G31/><T76/><D61/><N who="1" m="38063" /><E74/><V24/><F109/><N who="0" m="42090" /><D28/><U59/><E111/><V67/><F127/><W73/><G70/><N who="2" m="26633" /><F75/><W9/><G9/><T105/><D125/><U40/><E121/><V104/><F83/><W5/><G17/><N who="0" m="6763" /><D105/><U63/><E6/><V41/><F13/><W100/><G5/><T8/><D8/><U107/><E107/><V23/><F104/><W133/><G73/><T130/><D130/><U114/><E101/><N who="3" m="39018" /><G93/><T64/><D64/><N who="2" m="24618" /><F50/><W124/><G124/><T53/><D53/><N who="1" m="34287" /><E114/><N who="0" m="44137" /><D95/><U7/><E7/><V34/><F41/><W4/><G4/><T118/><D118/><U33/><E40/><V126/><F126/><W19/><G19/><T43/><D43/><U62/><E62/><V49/><F49/><W10/><G10/><T60/><D60/><U106/><E51/><V90/><F47/><W82/><G128/><T129/><D129/><U68/><E106/><V89/><F44/><W30/><G30/><T39/><D39/><U135/><E68/><V92/><F92/><W103/><G103/><T37/><D37/><U86/><E26/><N who="2" m="10347" /><F23/><W58/><G82/><T55/><D55/><U116/><E116/><V46/><F46/><W85/><G58/><T72/><D72/><U15/><E15/><V27/><F21/><W123/><G123/><T48/><D48/><U94/><E94/><V84/><F84/><N who="3" m="32331" /><G80/><T56/><D56/><U22/><E86/><V11/><F11/><W52/><G52/><RYUUKYOKU ba="0,0" sc="205,10,220,-30,225,10,350,10" hai0="76,77,97,98" hai2="27,34,89,90" hai3="32,35,133,134" /><INIT seed="2,1,0,3,0,17" ten="215,190,235,360" oya="2" hai0="10,27,0,38,45,19,75,61,7,84,1,42,101" hai1="119,13,118,30,44,124,110,26,120,41,64,100,132" hai2="43,65,80,95,63,49,121,130,86,128,90,74,126" hai3="3,16,97,53,5,122,78,14,9,89,134,108,15"/><V72/><F121/><W73/><G122/><T36/><D75/><U71/><E120/><V109/><F126/><W113/><G108/><T57/><D101/><U58/><E110/><V62/><F109/><W37/><G37/><T33/><D84/><U12/><E71/><V93/><F95/><W18/><G134/><T115/><D115/><U131/><E124/><V88/><F63/><W77/><G113/><T99/><D99/><U133/><E100/><V117/><F117/><N who="1" m="44553" /><E58/><V94/><F49/><W46/><G73/><T91/><D91/><U11/><E64/><V104/><F43/><W21/><G46/><T76/><D76/><U59/><E59/><N who="2" m="37087" /><F104/><W66/><G66/><T20/><D0/><U123/><E131/><N who="2" m="50219" /><F80/><W56/><G97/><AGARI ba="1,0" hai="72,74,86,88,90,93,94,97" m="50219,37087" machi="97" ten="30,2900,0" yaku="19,1,54,1" doraHai="17" who="2" fromWho="3" sc="215,0,190,0,235,32,360,-32" /><INIT seed="2,2,0,2,5,120" ten="215,190,267,328" oya="2" hai0="112,10,119,122,21,68,113,9,32,49,34,45,20" hai1="48,84,63,43,74,108,14,90,71,36,99,25,67" hai2="135,54,41,64,66,55,83,121,53,60,91,88,46" hai3="31,11,117,111,7,115,80,76,2,72,81,127,103"/><V22/><F121/><W35/><G117/><T58/><D122/><U124/><E74/><V18/><F135/><W73/><G127/><T104/><D68/><U24/><E124/><V17/><F83/><W37/><G37/><T30/><D104/><U78/><E36/><V8/><F8/><W3/><G115/><T47/><D49/><U12/><E99/><V1/><F1/><W107/><G2/><T128/><D58/><N who="1" m="37367" /><E78/><V116/><F116/><W38/><G38/><T123/><D123/><U98/><E98/><V95/><F60/><W106/><G103/><T26/><D26/><N who="1" m="10347" /><E71/><V33/><F33/><W118/><G118/><T28/><REACH who="0" step="1"/><D119/><REACH who="0" ten="205,190,267,328" step="2"/><U15/><E108/><V126/><F126/><W79/><G111/><T23/><D23/><U29/><E29/><V110/><F22/><W52/><G31/><T94/><D94/><N who="1" m="54599" /><E48/><N who="2" m="26703" /><F110/><W82/><G35/><T102/><D102/><U19/><E43/><V125/><F125/><W70/><G70/><T134/><D134/><U93/><E93/><V39/><F39/><W0/><G106/><T16/><D16/><AGARI ba="2,1" hai="12,14,15,16,19" m="54599,10347,37367" machi="16" ten="30,2000,0" yaku="8,1,54,1" doraHai="120" who="1" fromWho="0" sc="205,-26,190,36,267,0,328,0" /><INIT seed="3,0,0,3,4,49" ten="179,226,267,328" oya="3" hai0="115,130,71,40,111,87,4,108,42,77,121,122,15" hai1="21,46,114,110,109,62,45,69,48,30,112,80,68" hai2="63,0,24,84,94,37,16,36,116,96,127,1,131" hai3="31,126,39,47,125,118,25,59,51,23,50,81,86"/><W41/><G118/><T67/><D77/><U72/><E72/><V33/><F116/><W104/><G104/><T34/><D34/><U93/><E80/><V128/><F127/><N who="3" m="48651" /><G59/><T123/><D87/><U17/><E30/><V6/><F84/><W102/><G102/><T78/><D78/><AGARI ba="0,0" hai="23,25,31,39,41,47,50,51,78,81,86" m="48651" machi="78" ten="30,1500,0" yaku="18,1" doraHai="49" who="3" fromWho="0" sc="179,-15,226,0,267,0,328,15" owari="164,-33.6,226,-17.4,267,6.7,343,44.3" /></mjloggm>