<mjloggm ver="2.3"><GO type="225" lobby="0"/><UN n0="%E9%80%86%E9%80%A3%E5%B8%AF%E3%81%AE%E9%AC%BC" n1="%E6%81%A5%E6%99%92%E3%81%97" n2="%E3%81%BF%E3%81%BF%E3%81%9A" n3="%E3%81%BE%E3%81%A8%E3%81%9F" dan="17,16,17,16" rate="2017.80,2076.02,2179.68,2106.70" sx="M,M,M,M"/><TAIKYOKU oya="0"/><INIT seed="0,0,0,0,3,79" ten="250,250,250,250" oya="0" hai0="38,128,15,89,86,126,40,6,39,41,22,64,29" hai1="25,92,102,73,44,36,5,96,132,100,72,80,10" hai2="13,53,88,34,49,9,104,90,20,45,108,16,83" hai3="31,117,77,106,0,24,46,3,114,60,107,23,42"/><T134/><D128/><U47/><E132/><V120/><F34/><W17/><G114/><T125/><D134/><U51/><E36/><V61/><F120/><W135/><G135/><T82/><D39/><U66/><E66/><V93/><F104/><W11/><G106/><T63/><D6/><U111/><E111/><V14/><F108/><W123/><G107/><T12/><D12/><U8/><E102/><V26/><F61/><W2/><G77/><T118/><D118/><U116/><E116/><V85/><REACH who="2" step="1"/><F9/><REACH who="2" ten="250,250,240,250" step="2"/><W119/><G60/><T52/><D125/><U48/><E10/><V78/><F78/><W87/><G123/><T18/><D126/><U130/><E8/><V68/><F68/><W19/><G11/><T103/><D38/><U27/><E5/><V62/><F62/><W28/><G117/><T35/><D64/><U113/><E113/><V69/><F69/><W91/><G119/><T58/><REACH who="0" step="1"/><D103/><REACH who="0" ten="240,250,240,250" step="2"/><U124/><E124/><V94/><F94/><W74/><G0/><T54/><D54/><U33/><E100/><V99/><AGARI ba="0,2" hai="13,14,16,20,26,45,49,53,83,85,88,90,93,99" machi="99" ten="20,12000,2" yaku="1,1,0,1,7,1,8,1,52,1,54,2,53,0" doraHai="79" doraHaiUra="30" who="2" fromWho="2" sc="240,-60,250,-30,240,140,250,-30" /><INIT seed="1,0,0,1,3,88" ten="180,220,380,220" oya="1" hai0="90,47,87,62,100,80,56,60,55,73,6,75,2" hai1="120,79,10,68,9,32,23,106,133,94,93,29,78" hai2="116,122,124,27,50,111,8,54,109,5,25,101,132" hai3="102,35,43,61,119,123,130,91,108,118,37,22,17"/><U76/><E120/><V41/><F116/><N who="3" m="44587" /><G123/><T95/><D47/><U31/><E106/><V135/><F122/><W82/><G35/><T4/><D62/><U11/><E68/><V15/><F41/><W39/><G43/><T0/><D0/><U126/><E32/><V112/><F124/><W114/><G114/><T127/><D127/><U52/><E133/><N who="2" m="51275" /><F101/><W85/><G108/><N who="2" m="41545" /><F112/><W14/><G130/><T67/><D67/><U24/><E126/><V58/><AGARI ba="0,0" hai="5,8,15,25,27,50,54,58" m="41545,51275" machi="58" ten="30,2000,0" yaku="20,1,14,1" doraHai="88" who="2" fromWho="2" sc="180,-5,220,-10,380,20,220,-5" /><INIT seed="2,0,0,4,3,69" ten="175,210,400,215" oya="2" hai0="54,37,72,10,126,111,89,61,68,57,125,118,124" hai1="133,50,84,39,62,123,0,117,28,21,20,74,66" hai2="81,134,17,112,102,49,48,96,9,29,75,128,115" hai3="119,99,88,12,38,129,104,71,41,83,100,25,11"/><V105/><F29/><W4/><G119/><T80/><D118/><U43/><E117/><V45/><F134/><W120/><G71/><T114/><D114/><U67/><E74/><V33/><F33/><W18/><G120/><T131/><D131/><U93/><E133/><V63/><F128/><W106/><G106/><T8/><D111/><U98/><E0/><V76/><F49/><W44/><G129/><T47/><D68/><U87/><E39/><V2/><F63/><W14/><G25/><T1/><D1/><U6/><E6/><V26/><F26/><W77/><G88/><T82/><D89/><N who="1" m="55599" /><E28/><V107/><F107/><W23/><REACH who="3" step="1"/><G83/><REACH who="3" ten="175,210,400,205" step="2"/><N who="0" m="31787" /><D72/><U19/><E123/><V32/><F105/><W51/><G51/><T52/><D54/><U13/><E87/><V35/><F75/><W109/><G109/><T3/><D3/><U46/><E84/><V42/><F2/><W22/><G22/><T31/><D31/><U85/><E85/><V132/><F81/><W121/><G121/><T78/><D78/><AGARI ba="0,1" hai="4,11,12,14,18,23,38,41,44,77,78,99,100,104" machi="78" ten="40,2600,0" yaku="1,1,52,1,53,0" doraHai="69" doraHaiUra="34" who="3" fromWho="0" sc="175,-26,210,0,400,0,205,36" /><INIT seed="3,0,0,1,3,70" ten="149,210,400,241" oya="3" hai0="90,79,82,120,75,1,16,51,10,98,122,130,0" hai1="84,58,115,55,96,25,102,85,61,17,41,23,105" hai2="87,11,131,7,50,114,109,29,127,93,18,34,5" hai3="53,97,26,101,77,28,38,95,59,126,116,4,123"/><W60/><G116/><T45/><D130/><U6/><E115/><V24/><F114/><W44/><G123/><T42/><D122/><U129/><E129/><V106/><F131/><W69/><G126/><T68/><D68/><U21/><E6/><V72/><F106/><W119/><G119/><T65/><D65/><U117/><E117/><V14/><F72/><W110/><G110/><T121/><D121/><U86/><E41/><V80/><F109/><W57/><G77/><T81/><D120/><U133/><E133/><V20/><F93/><W113/><G113/><T52/><D42/><U48/><E85/><V33/><F127/><W31/><G44/><T78/><D98/><U22/><E22/><V118/><F118/><W37/><G4/><T43/><D43/><U89/><E89/><V9/><F50/><W73/><G73/><T100/><D100/><U56/><REACH who="1" step="1"/><E23/><REACH who="1" ten="149,200,400,241" step="2"/><V8/><REACH who="2" step="1"/><F34/><REACH who="2" ten="149,200,390,241" step="2"/><W46/><G101/><T19/><D79/><AGARI ba="0,2" hai="5,7,8,9,11,14,18,20,24,29,33,79,80,87" machi="79" ten="40,2600,0" yaku="1,1,2,1,53,0" doraHai="70" doraHaiUra="66" who="2" fromWho="0" sc="149,-26,200,0,390,46,241,0" owari="123,-37.7,200,-20.0,436,53.6,241,4.1" /></mjloggm>