<mjloggm ver="2.3"><GO type="225" lobby="0"/><UN n0="%E3%83%96%E3%83%83%E3%83%91%E3%82%AA%E3%83%96%E3%83%81%E3%82%AD%E3%83%B3" n1="%E3%83%8F%E3%83%B3%E3%83%89%E3%83%A9%E3%83%BC%E3%83%BB%E3%83%AF%E3%83%B3" n2="%77%72%77%72%77%72%77%72" n3="%E3%83%81%E3%83%A7%E3%83%99%E3%83%83%E3%82%AF" dan="16,17,16,16" rate="2125.62,2174.70,2106.72,2131.41" sx="M,M,M,M"/><TAIKYOKU oya="0"/><INIT seed="0,0,0,2,4,86" ten="250,250,250,250" oya="0" hai0="61,18,122,49,30,80,56,60,82,41,29,76,117" hai1="24,116,38,68,103,78,19,85,17,39,118,109,111" hai2="28,135,4,0,110,132,1,45,13,52,53,69,27" hai3="36,128,11,89,90,97,40,113,112,101,105,34,108"/><T83/><D117/><N who="1" m="45163" /><E68/><V16/><F69/><W22/><G34/><T55/><D122/><U59/><E103/><V32/><F110/><N who="1" m="41993" /><E59/><V35/><F35/><W126/><G108/><T26/><D76/><U20/><E17/><V62/><F45/><W7/><G36/><T115/><D115/><U42/><E42/><V47/><F47/><W114/><G40/><T95/><D41/><U21/><E21/><N who="2" m="11407" /><F62/><W10/><G128/><T130/><D130/><U43/><E43/><V75/><F75/><W77/><G126/><T6/><D6/><U87/><E87/><V64/><F64/><W88/><G77/><T104/><D104/><U94/><E78/><V5/><F53/><W73/><G73/><T63/><REACH who="0" step="1"/><D95/><REACH who="0" ten="240,250,250,250" step="2"/><U91/><AGARI ba="0,1" hai="19,20,24,38,39,85,91,94" m="41993,45163" machi="91" ten="40,2700,0" yaku="14,1,52,1" doraHai="86" who="1" fromWho="1" sc="240,-13,250,37,250,-7,250,-7" /><INIT seed="1,0,0,1,2,67" ten="227,287,243,243" oya="1" hai0="8,111,64,45,100,81,13,87,27,86,26,73,19" hai1="107,21,128,23,4,91,29,70,85,32,58,95,135" hai2="60,126,44,20,110,76,84,25,94,98,104,117,40" hai3="108,41,24,120,65,134,129,90,74,105,38,31,30"/><U119/><E119/><V14/><F117/><W3/><G105/><T109/><D100/><U35/><E107/><V88/><F110/><N who="0" m="41994" /><D64/><U51/><E70/><V101/><F126/><W7/><G120/><T121/><D121/><U1/><E128/><V80/><F60/><W92/><G129/><T78/><D45/><U10/><E135/><V6/><F6/><W43/><G134/><T36/><D36/><U15/><E23/><V61/><F61/><W71/><G74/><T93/><D93/><U34/><E29/><V123/><F14/><W28/><G108/><T33/><D33/><U0/><REACH who="1" step="1"/><E21/><REACH who="1" ten="227,277,243,243" step="2"/><V16/><F123/><W133/><G133/><T125/><D125/><U18/><E18/><V57/><F57/><W122/><G122/><T48/><D48/><U103/><E103/><V127/><F127/><W49/><G38/><T50/><D50/><U22/><E22/><V115/><F115/><W17/><G49/><T113/><D113/><U99/><E99/><V63/><F63/><W132/><G132/><T89/><D73/><U118/><E118/><V9/><F104/><W114/><G114/><T97/><D97/><U75/><E75/><V2/><F101/><W79/><G17/><T37/><D37/><U39/><E39/><V83/><F98/><W131/><G131/><T55/><D26/><U47/><E47/><V112/><F112/><W72/><G24/><T124/><D27/><U82/><E82/><V116/><F116/><W96/><G72/><T56/><D124/><U106/><E106/><V62/><F83/><W102/><G102/><T11/><D81/><RYUUKYOKU ba="0,1" sc="227,-10,277,30,243,-10,243,-10" hai1="0,1,4,10,15,32,34,35,51,58,85,91,95" /><INIT seed="1,1,1,4,0,45" ten="217,307,233,233" oya="1" hai0="56,22,44,29,69,30,6,120,118,35,133,1,64" hai1="63,25,51,132,75,8,93,124,126,81,15,74,103" hai2="2,17,107,68,83,88,111,106,39,4,12,34,36" hai3="115,27,125,26,109,71,96,7,61,101,98,58,32"/><U21/><E132/><V48/><F68/><W100/><G115/><T112/><D118/><U86/><E63/><V49/><F34/><W89/><G71/><T129/><D112/><U9/><E51/><V33/><F33/><W11/><G109/><T13/><D133/><U82/><E93/><V122/><F122/><W73/><G73/><T67/><D120/><U20/><E103/><V10/><F111/><W134/><G125/><N who="1" m="48234" /><E21/><V121/><F121/><W114/><G32/><T92/><D69/><U40/><E40/><V128/><F128/><W57/><G114/><T99/><D129/><U50/><E50/><V116/><F116/><W119/><G119/><T59/><D22/><U105/><E105/><V80/><F107/><W123/><G123/><T60/><D92/><U79/><E15/><V0/><F106/><W41/><G41/><T19/><D13/><U84/><E84/><V127/><F127/><W72/><G72/><T43/><BYE who="1" /><D60/><U110/><E110/><V90/><F17/><UN n1="%E3%83%8F%E3%83%B3%E3%83%89%E3%83%A9%E3%83%BC%E3%83%BB%E3%83%AF%E3%83%B3" /><W46/><G101/><T135/><D19/><N who="1" m="12447" /><E75/><V91/><F36/><W87/><G100/><T95/><D43/><U14/><E14/><V3/><F39/><W28/><G134/><T37/><D37/><U102/><E102/><V78/><REACH who="2" step="1"/><F80/><REACH who="2" ten="217,307,223,233" step="2"/><W65/><G28/><T94/><D30/><U23/><E23/><V117/><F117/><W54/><G7/><T108/><D6/><U47/><E82/><V55/><F55/><W76/><G54/><T113/><D29/><U77/><E81/><V66/><F66/><W53/><G53/><T5/><D67/><U38/><E38/><RYUUKYOKU ba="1,2" sc="217,-10,307,-10,223,30,233,-10" hai2="0,2,3,4,10,12,48,49,78,83,88,90,91" /><INIT seed="2,2,2,5,2,100" ten="207,297,253,223" oya="2" hai0="73,39,106,72,104,42,36,79,66,61,96,78,49" hai1="5,129,84,86,29,126,55,64,21,91,4,113,118" hai2="41,11,17,44,22,83,92,37,50,135,65,46,28" hai3="124,15,117,32,16,132,108,111,48,33,67,58,103"/><V24/><F135/><W26/><G117/><T18/><D18/><U97/><E113/><V128/><F128/><W12/><G132/><T14/><D14/><U99/><E118/><V47/><F65/><W63/><G124/><T131/><D49/><U59/><E64/><V13/><F37/><N who="0" m="14410" /><D96/><N who="1" m="36939" /><E129/><V122/><F122/><W112/><G103/><T109/><D131/><U71/><E71/><V31/><F92/><W85/><G112/><T70/><D42/><U54/><E86/><V76/><REACH who="2" step="1"/><F28/><REACH who="2" ten="207,297,243,223" step="2"/><W7/><G67/><T75/><D109/><U34/><E29/><V90/><F90/><W80/><G111/><T107/><D78/><U25/><E91/><V134/><F134/><W3/><G108/><T102/><D102/><U40/><E126/><V130/><F130/><W120/><G120/><T127/><D79/><U62/><E55/><V10/><F10/><W121/><G121/><T20/><D20/><U88/><E21/><V114/><F114/><W1/><G33/><T81/><D81/><U93/><E34/><V116/><F116/><W23/><G32/><T89/><D89/><U82/><E82/><V105/><F105/><W125/><G125/><AGARI ba="2,3" hai="61,66,70,72,73,75,104,106,107,125,127" m="14410" machi="125" ten="50,8000,1" yaku="23,1,52,3" doraHai="100" who="0" fromWho="3" sc="207,116,297,0,243,0,223,-86" /><INIT seed="3,0,0,0,2,81" ten="323,297,243,137" oya="3" hai0="111,95,112,89,18,119,83,115,12,71,107,135,77" hai1="64,93,10,27,100,9,57,130,73,44,47,99,49" hai2="74,110,82,103,20,40,104,116,3,128,122,106,88" hai3="117,70,16,121,84,133,97,35,11,90,33,53,68"/><W14/><G117/><T75/><D119/><U30/><E73/><V1/><F116/><W101/><G121/><T87/><D111/><U7/><E130/><V58/><F122/><W63/><G133/><T6/><D135/><U98/><E98/><V125/><F110/><W66/><G53/><T65/><D6/><U78/><E78/><V24/><F128/><W46/><G46/><T62/><REACH who="0" step="1"/><D107/><REACH who="0" ten="313,297,243,137" step="2"/><U120/><E120/><V123/><F106/><W25/><G70/><T32/><D32/><U109/><E109/><V38/><F104/><W17/><G25/><T0/><D0/><U2/><E10/><AGARI ba="0,1" hai="10,12,18,62,65,71,75,77,83,87,89,95,112,115" machi="10" ten="40,5200,0" yaku="1,1,52,1,53,1" doraHai="81" doraHaiUra="67" who="0" fromWho="1" sc="313,62,297,-52,243,0,137,0" owari="375,47.5,245,4.5,243,-15.7,137,-36.3" /></mjloggm>