<mjloggm ver="2.3"><GO type="225" lobby="0"/><UN n0="%E3%83%96%E3%83%83%E3%83%91%E3%82%AA%E3%83%96%E3%83%81%E3%82%AD%E3%83%B3" n1="%6E%69%63%6F%6E%74%6F" n2="%E3%81%AF%E3%82%88%E3%81%8A%E3%81%98%E3%81%95%E3%82%93" n3="%E6%98%93%E5%88%A9%E8%96%A9%E4%BC%AF" dan="16,16,17,17" rate="2119.41,2140.65,2145.53,2125.60" sx="M,M,M,F"/><TAIKYOKU oya="0"/><INIT seed="0,0,0,1,5,124" ten="250,250,250,250" oya="0" hai0="76,66,79,106,36,86,121,111,3,129,56,92,41" hai1="22,108,29,20,93,7,49,67,48,35,73,74,103" hai2="105,132,116,2,120,88,65,57,59,63,95,27,14" hai3="45,127,0,28,46,119,118,16,84,9,10,87,18"/><T69/><D121/><U115/><E108/><V97/><F120/><W104/><G104/><T110/><D106/><U52/><E115/><V70/><F2/><W37/><G0/><T23/><D3/><U32/><E74/><V25/><F132/><W39/><REACH who="3" step="1"/><G28/><REACH who="3" ten="250,250,250,240" step="2"/><T55/><D111/><U60/><E29/><V72/><F105/><W82/><G82/><T122/><D110/><U15/><E93/><V33/><F116/><W134/><G134/><T89/><D122/><U107/><E107/><V40/><F72/><W98/><G98/><T54/><D92/><U42/><E73/><V38/><F33/><W61/><G61/><T80/><D80/><U117/><E35/><V12/><F97/><W77/><G77/><T58/><D79/><U24/><E32/><V101/><F95/><W6/><G6/><T21/><D76/><U123/><E117/><V31/><F63/><W75/><G75/><T109/><D109/><U128/><E123/><V5/><F31/><W81/><G81/><T133/><D133/><U125/><E60/><V83/><F5/><W91/><G91/><T78/><D89/><U126/><E7/><V112/><F88/><W68/><G68/><T99/><D99/><U19/><E125/><AGARI ba="0,1" hai="9,10,16,18,37,39,45,46,84,87,118,119,125,127" machi="125" ten="25,6400,0" yaku="1,1,22,2,54,1,53,0" doraHai="124" doraHaiUra="62" who="3" fromWho="1" sc="250,0,250,-64,250,0,240,74" /><INIT seed="1,0,0,0,4,30" ten="250,186,250,314" oya="1" hai0="19,45,107,92,95,22,23,47,42,85,128,122,69" hai1="55,81,46,13,31,25,41,102,2,32,8,124,80" hai2="11,34,18,44,91,132,1,57,113,51,26,28,39" hai3="6,111,131,27,67,109,37,105,64,99,104,52,123"/><U12/><E124/><V48/><F132/><W72/><G37/><T43/><D107/><U82/><E102/><V54/><F113/><W134/><G123/><T100/><D69/><U65/><E65/><V15/><F1/><W21/><G72/><T79/><D128/><U53/><E2/><V49/><F39/><W126/><G6/><T16/><D122/><U74/><E74/><V61/><REACH who="2" step="1"/><F91/><REACH who="2" ten="250,186,240,314" step="2"/><W17/><G134/><T63/><D100/><U83/><N who="1" m="20480" /><DORA hai="68" /><U10/><E13/><V59/><F59/><W73/><G73/><T120/><D120/><U114/><E114/><V84/><F84/><W135/><G135/><T130/><D85/><U71/><E71/><V70/><F70/><W9/><G131/><T0/><D0/><U115/><E115/><V24/><F24/><W50/><G27/><T108/><D130/><U96/><E96/><V75/><F75/><W121/><G99/><T5/><D108/><U125/><E125/><V127/><F127/><W110/><G126/><T94/><D79/><U40/><E40/><AGARI ba="0,1" hai="11,15,18,26,28,34,40,44,48,49,51,54,57,61" machi="40" ten="30,7700,0" yaku="1,1,7,1,52,1,53,1" doraHai="30,68" doraHaiUra="56,98" who="2" fromWho="1" sc="250,0,186,-77,240,87,314,0" /><INIT seed="2,0,0,3,1,120" ten="250,109,327,314" oya="2" hai0="89,39,12,109,98,20,46,105,70,129,124,126,49" hai1="118,91,94,78,68,121,17,128,114,58,14,113,81" hai2="6,52,71,110,88,36,19,54,97,102,41,66,96" hai3="64,21,90,79,101,122,84,22,119,43,55,29,26"/><V13/><F110/><W34/><G122/><T32/><D70/><U93/><E68/><V95/><F6/><W48/><G119/><T8/><D32/><U69/><E69/><V92/><F36/><W104/><G43/><T87/><D129/><U134/><E121/><V15/><F41/><W83/><G64/><T30/><D39/><U112/><E118/><V100/><F71/><W99/><REACH who="3" step="1"/><G79/><REACH who="3" ten="250,109,327,304" step="2"/><T117/><D117/><U16/><E128/><V63/><F66/><W106/><G106/><T11/><D105/><U76/><E134/><V37/><F37/><W5/><G5/><T85/><D126/><U103/><E78/><V47/><F63/><W45/><AGARI ba="0,1" hai="21,22,26,29,34,45,48,55,83,84,90,99,101,104" machi="45" ten="20,2700,0" yaku="1,1,0,1,7,1,53,0" doraHai="120" doraHaiUra="67" who="3" fromWho="3" sc="250,-7,109,-7,327,-13,304,37" /><INIT seed="3,0,0,5,3,86" ten="243,102,314,341" oya="3" hai0="78,29,65,102,22,108,51,16,40,124,0,19,14" hai1="36,69,104,39,8,34,71,82,120,127,4,84,44" hai2="73,77,61,87,50,9,123,67,68,98,106,18,111" hai3="112,49,28,24,55,97,135,117,52,23,27,95,115"/><W32/><G117/><T130/><D0/><U1/><E84/><V81/><F111/><W114/><G135/><T100/><D108/><U128/><E128/><V7/><F123/><W133/><G133/><T12/><D130/><U91/><E127/><V99/><F106/><W76/><G76/><T47/><D29/><U59/><E120/><V20/><F73/><W38/><G38/><T116/><D116/><U70/><E91/><V83/><F81/><W125/><G125/><T54/><D124/><U110/><E110/><V93/><F50/><W33/><G49/><T132/><D132/><U11/><E59/><V121/><F121/><W90/><REACH who="3" step="1"/><G33/><REACH who="3" ten="243,102,314,331" step="2"/><T105/><D78/><U64/><E64/><V43/><F43/><W62/><G62/><T31/><D105/><U72/><E104/><V10/><F7/><W79/><G79/><T118/><D65/><U119/><E119/><V37/><F37/><W45/><G45/><T92/><D31/><AGARI ba="0,1" hai="23,24,27,28,31,32,52,55,90,95,97,112,114,115" machi="31" ten="40,7700,0" yaku="1,1,52,1,54,1,53,0" doraHai="86" doraHaiUra="57" who="3" fromWho="0" sc="243,-77,102,0,314,0,331,87" owari="166,-23.4,102,-39.8,314,11.4,418,51.8" /></mjloggm>