<mjloggm ver="2.3"><GO type="225" lobby="0"/><UN n0="%E3%81%8B%E3%82%8F%E3%81%A1%E3%82%83%E3%82%93%35%38" n1="%E3%83%96%E3%83%83%E3%83%91%E3%82%AA%E3%83%96%E3%83%81%E3%82%AD%E3%83%B3" n2="%E8%81%B7%E6%A5%AD%E3%80%81%E9%A2%A8%32" n3="%E6%A1%9C%E8%8A%B1%E9%96%83%E3%80%85" dan="16,17,16,17" rate="2198.28,2185.23,2160.01,2164.58" sx="M,M,M,M"/><TAIKYOKU oya="0"/><INIT seed="0,0,0,4,3,80" ten="250,250,250,250" oya="0" hai0="97,99,118,94,125,66,110,106,85,53,82,111,3" hai1="60,77,61,133,105,100,2,15,78,113,102,120,72" hai2="23,59,103,40,13,115,43,101,8,35,27,88,30" hai3="134,49,57,127,96,70,45,10,22,50,90,33,19"/><T31/><D3/><U39/><E120/><V79/><F115/><W7/><G70/><T64/><D118/><U26/><E2/><V56/><F35/><W89/><G33/><T36/><D36/><U63/><E113/><V44/><F79/><W12/><G134/><T21/><D106/><U6/><E133/><V92/><F56/><W20/><G127/><T131/><D125/><U17/><E39/><V38/><F59/><W54/><G96/><N who="0" m="36939" /><D94/><U86/><E72/><V41/><F44/><W129/><G129/><T24/><D53/><U126/><E105/><V47/><F47/><W0/><REACH who="3" step="1"/><G22/><REACH who="3" ten="250,250,250,240" step="2"/><T128/><D66/><U112/><E126/><V83/><F38/><W135/><G135/><T87/><D64/><U51/><E112/><V107/><F107/><W18/><G18/><T108/><D87/><U73/><E86/><N who="2" m="50271" /><F92/><W130/><G130/><T71/><D71/><U1/><E73/><V109/><F109/><N who="0" m="27906" /><T65/><DORA hai="69" /><D65/><U5/><E102/><V123/><F123/><W116/><G116/><T117/><D117/><U104/><E100/><V32/><F32/><W114/><G114/><T25/><D25/><U95/><E26/><V34/><F34/><W52/><AGARI ba="0,1" hai="0,7,10,12,19,20,45,49,50,52,54,57,89,90" machi="52" ten="20,5200,0" yaku="1,1,0,1,7,1,54,1,53,0" doraHai="80,69" doraHaiUra="81,28" who="3" fromWho="3" sc="250,-26,250,-13,250,-13,240,62" /><INIT seed="1,0,0,1,3,100" ten="224,237,237,302" oya="1" hai0="103,118,120,115,127,68,46,65,43,87,36,23,47" hai1="109,93,57,81,4,98,125,122,19,40,134,133,112" hai2="49,6,59,41,92,18,45,86,56,51,123,66,76" hai3="58,28,116,119,44,97,129,90,3,80,33,124,14"/><U39/><E112/><V75/><F123/><W2/><G58/><T72/><D72/><U101/><E122/><V70/><F75/><W102/><G124/><T128/><D120/><U5/><E125/><V67/><F70/><W83/><G129/><T108/><D127/><U0/><E39/><V55/><F6/><W73/><G14/><T104/><D115/><U79/><E40/><V15/><F59/><W7/><G44/><T117/><D128/><U78/><E78/><V96/><F76/><N who="3" m="44047" /><G90/><T91/><D23/><U32/><E32/><V107/><F107/><N who="3" m="63951" /><G83/><T132/><D47/><U9/><E109/><V11/><REACH who="2" step="1"/><F86/><REACH who="2" ten="224,237,227,302" step="2"/><W126/><G126/><T110/><D87/><U114/><E114/><V63/><F63/><W25/><G7/><T84/><D84/><U82/><E5/><V29/><F29/><W17/><G17/><T95/><D68/><U85/><E82/><V105/><F105/><W27/><G116/><T50/><D117/><U12/><REACH who="1" step="1"/><E57/><REACH who="1" ten="224,227,227,302" step="2"/><V74/><F74/><W61/><G119/><T52/><D118/><U48/><E48/><V31/><F31/><W131/><G131/><T130/><D130/><U77/><E77/><V121/><F121/><W38/><G38/><T69/><D36/><U99/><E99/><V1/><F1/><W88/><G2/><T37/><D37/><U22/><AGARI ba="0,2" hai="0,4,9,12,19,22,79,81,85,93,98,101,133,134" machi="22" ten="30,6000,0" yaku="1,1,0,1,53,1" doraHai="100" doraHaiUra="35" who="1" fromWho="1" sc="224,-20,227,80,227,-20,302,-20" /><INIT seed="1,1,0,5,5,44" ten="204,307,207,282" oya="1" hai0="4,80,5,63,57,2,92,0,132,124,104,51,110" hai1="129,114,109,34,78,60,69,108,23,65,10,89,105" hai2="84,54,35,72,58,67,41,95,55,117,49,15,90" hai3="52,135,97,76,73,106,71,113,13,102,70,61,37"/><U75/><E114/><V93/><F72/><W1/><G113/><T96/><D104/><U128/><E34/><V134/><F134/><W86/><G1/><T56/><D0/><U40/><E105/><V31/><F117/><W99/><G37/><T22/><D2/><U130/><E40/><V122/><F122/><W29/><G135/><T101/><D132/><U42/><E42/><V85/><F67/><W36/><G36/><T77/><D110/><N who="1" m="42603" /><E10/><V94/><F41/><W79/><G29/><T45/><D124/><U121/><E121/><V38/><F38/><W68/><G73/><T116/><D116/><U3/><E3/><V30/><F35/><W120/><G120/><T9/><D9/><U16/><E89/><N who="2" m="53415" /><F15/><W27/><G13/><T12/><D12/><N who="1" m="9607" /><E75/><V64/><F64/><W127/><G106/><T87/><D22/><U48/><E78/><V7/><F7/><W28/><G79/><T111/><D111/><U26/><E26/><V39/><F39/><W115/><G76/><T14/><D14/><U107/><E107/><V82/><F30/><W123/><G28/><T88/><D77/><U43/><E43/><V83/><F31/><W81/><G123/><T11/><D11/><U103/><E103/><V17/><F17/><W131/><G102/><T100/><D100/><U32/><E32/><V24/><F24/><W98/><G27/><T33/><D33/><U47/><E47/><N who="2" m="27967" /><F82/><W91/><G115/><T119/><D119/><U59/><E48/><AGARI ba="1,0" hai="48,55,58,83,85,90,94,95" m="27967,53415" machi="48" ten="30,3900,0" yaku="8,1,52,2" doraHai="44" who="2" fromWho="1" sc="204,0,307,-42,207,42,282,0" /><INIT seed="2,0,0,1,5,3" ten="204,265,249,282" oya="2" hai0="99,97,94,88,16,69,128,42,71,59,108,49,134" hai1="63,41,132,21,37,67,75,79,27,131,74,52,78" hai2="70,105,48,111,25,119,30,61,56,103,54,114,110" hai3="66,12,58,118,62,89,120,107,24,130,26,44,23"/><V133/><F119/><W124/><G118/><T101/><D108/><N who="2" m="41514" /><F114/><W32/><G120/><T100/><D134/><U91/><E132/><V33/><F133/><W93/><G107/><T11/><D128/><U31/><E131/><V77/><F77/><W64/><G130/><T115/><D115/><U6/><E78/><V18/><F18/><N who="3" m="10695" /><G32/><T20/><D11/><U68/><E79/><V85/><F85/><N who="3" m="52399" /><G124/><T39/><D39/><U38/><E38/><V47/><F70/><W29/><G29/><T35/><D35/><U46/><E6/><V80/><F80/><W0/><G0/><T121/><D121/><U81/><E81/><V95/><F105/><W19/><G66/><T127/><D127/><U40/><E40/><N who="2" m="24679" /><F95/><W13/><G44/><N who="0" m="25751" /><D71/><U117/><E117/><V2/><F2/><W9/><AGARI ba="0,0" hai="9,13,19,24,26,58,62,64" m="52399,10695" machi="9" ten="30,1100,0" yaku="8,1" doraHai="3" who="3" fromWho="3" sc="204,-3,265,-3,249,-5,282,11" /><INIT seed="3,0,0,5,3,45" ten="201,262,244,293" oya="3" hai0="59,29,0,90,109,70,66,65,49,58,35,123,99" hai1="39,80,43,53,71,81,77,116,46,114,40,110,62" hai2="105,1,10,72,13,20,67,102,104,15,28,101,6" hai3="60,128,22,7,92,113,3,96,12,133,57,115,19"/><W63/><G128/><T82/><D123/><U117/><E114/><V89/><F72/><W18/><G133/><T52/><D70/><U2/><E110/><V94/><F67/><N who="0" m="25610" /><D0/><U126/><E126/><V131/><F131/><W32/><G32/><T124/><D35/><U25/><E71/><V54/><F104/><W119/><G119/><N who="1" m="45642" /><E2/><V64/><F105/><W132/><G132/><T38/><D38/><U30/><E77/><V75/><F75/><W97/><G3/><T68/><D68/><U11/><E11/><V24/><F64/><N who="3" m="38927" /><G115/><T108/><D29/><U85/><E43/><V134/><F134/><W84/><G63/><T9/><D124/><U26/><E85/><N who="2" m="52527" /><F13/><N who="3" m="9551" /><G7/><T86/><D9/><U69/><E69/><V129/><F129/><W93/><G113/><T14/><D14/><U112/><E112/><V118/><F1/><W107/><G107/><T51/><D99/><N who="3" m="37961" /><G84/><T87/><D87/><U5/><E39/><V55/><F118/><W41/><G41/><T56/><D52/><AGARI ba="0,0" hai="6,10,15,20,24,28,52,54,55,101,102" m="52527" machi="52" ten="30,2000,0" yaku="8,1,54,1" doraHai="45" who="2" fromWho="0" sc="201,-20,262,0,244,20,293,0" /><INIT seed="4,0,0,3,2,131" ten="181,262,264,293" oya="0" hai0="0,42,39,107,61,132,10,69,25,73,104,102,109" hai1="41,128,60,111,58,117,34,28,15,5,55,18,101" hai2="54,52,9,21,80,62,26,94,38,126,44,45,88" hai3="85,74,32,77,91,19,84,96,3,89,127,76,1"/><T115/><D102/><U68/><E128/><V14/><F126/><W123/><G32/><T100/><D100/><U78/><E111/><V67/><F80/><W125/><G19/><T6/><D109/><U87/><E117/><V51/><F38/><W29/><G29/><T134/><D73/><U16/><E68/><V27/><F67/><W11/><G11/><T112/><D25/><N who="2" m="9226" /><F21/><W48/><G48/><T8/><D61/><U30/><E34/><V72/><F72/><W118/><G74/><T17/><D69/><U20/><E41/><N who="2" m="24975" /><F45/><W83/><G118/><T36/><D17/><N who="1" m="6763" /><E101/><V47/><F47/><W86/><G123/><T113/><D42/><U93/><E20/><V130/><F62/><W2/><G83/><T135/><D8/><N who="1" m="4495" /><E78/><N who="3" m="30314" /><G96/><T56/><D56/><U66/><E66/><V63/><F63/><W92/><G92/><T129/><D129/><U122/><E122/><V105/><F105/><AGARI ba="0,0" hai="0,6,10,36,39,104,105,107,112,113,115,132,134,135" machi="105" ten="50,18000,2" yaku="15,1,20,1,23,2,52,3" doraHai="131" who="0" fromWho="2" sc="181,180,262,0,264,-180,293,0" owari="361,46.1,262,-13.8,84,-41.6,293,9.3" /></mjloggm>