<mjloggm ver="2.3"><GO type="225" lobby="0"/><UN n0="%E6%9C%88%E5%B3%B6%E5%9F%BA" n1="%E3%82%B3%E3%83%90%E3%83%AC%E3%82%A4" n2="%E4%B8%89%E9%80%A3%E7%99%BA" n3="%E5%82%8D%E8%8B%A5%E7%84%A1%E4%BA%BA%35%31" dan="17,16,16,16" rate="2218.29,2157.16,2084.02,2170.87" sx="M,M,M,M"/><TAIKYOKU oya="0"/><INIT seed="0,0,0,1,0,11" ten="250,250,250,250" oya="0" hai0="56,80,76,31,88,130,3,93,110,35,72,44,60" hai1="96,48,4,36,49,101,40,83,34,28,82,109,55" hai2="15,112,120,90,43,107,116,29,65,20,75,124,102" hai3="74,117,105,51,33,26,41,92,129,125,32,119,99"/><T126/><D3/><U70/><E70/><V12/><F120/><W128/><G74/><T25/><D126/><U79/><E109/><V100/><F112/><W53/><G41/><T115/><D115/><U61/><E4/><V113/><F113/><W17/><G105/><T6/><D6/><U23/><E34/><V84/><F75/><W39/><G39/><T10/><D10/><U95/><E83/><V86/><F107/><W94/><G125/><T85/><D130/><N who="3" m="50281" /><G92/><T21/><D44/><U42/><E36/><V62/><F116/><N who="3" m="44619" /><G26/><T27/><D110/><U37/><E61/><V9/><F124/><W78/><G78/><T127/><D127/><U0/><E49/><V38/><F38/><W47/><G17/><T104/><D104/><U69/><E69/><V87/><F43/><W123/><G123/><T121/><D121/><U5/><E5/><N who="2" m="3119" /><F29/><W98/><G98/><T67/><REACH who="0" step="1"/><D27/><REACH who="0" ten="240,250,250,250" step="2"/><N who="1" m="16511" /><E37/><V8/><F8/><W18/><G18/><T57/><D57/><N who="1" m="32999" /><E0/><V22/><F15/><W114/><G114/><T118/><D118/><U81/><E42/><V132/><F20/><AGARI ba="0,1" hai="20,21,25,31,35,56,60,67,72,76,80,85,88,93" machi="20" ten="40,7700,0" yaku="1,1,54,1,53,1" doraHai="11" doraHaiUra="91" who="0" fromWho="2" sc="240,87,250,0,250,-77,250,0" /><INIT seed="0,1,0,3,5,110" ten="327,250,173,250" oya="0" hai0="13,102,11,28,31,86,60,133,71,39,19,106,65" hai1="55,62,7,9,5,78,113,35,87,92,94,97,111" hai2="54,46,18,93,37,53,117,107,119,128,69,52,8" hai3="61,135,88,26,132,4,82,96,57,79,130,108,34"/><T99/><D133/><N who="3" m="51273" /><G108/><T75/><D75/><U72/><E35/><V70/><F107/><W134/><N who="3" m="51281" /><W49/><DORA hai="44" /><G130/><T3/><D39/><U17/><E111/><V122/><F93/><N who="3" m="56359" /><G4/><T43/><D43/><U47/><E72/><V24/><F122/><W131/><G131/><T90/><REACH who="0" step="1"/><D3/><REACH who="0" ten="317,250,173,250" step="2"/><U56/><E113/><V73/><F128/><W64/><G34/><T23/><D23/><U103/><E9/><V66/><F8/><W121/><G121/><T14/><D14/><U76/><E7/><V81/><F37/><W40/><G26/><T84/><D84/><U80/><E5/><V42/><F73/><N who="3" m="43375" /><G40/><T6/><D6/><U74/><E74/><V38/><F24/><W29/><G29/><T2/><D2/><U125/><E87/><V21/><F21/><W20/><G20/><T58/><D58/><U116/><E56/><V120/><F120/><W16/><G16/><T89/><D89/><U10/><E17/><V51/><F18/><W12/><G12/><T1/><D1/><U112/><E10/><V0/><F0/><W100/><G100/><T36/><D36/><U104/><E103/><V63/><F38/><W67/><G67/><T15/><D15/><U33/><E33/><V41/><F42/><W91/><G91/><T32/><D32/><U22/><E22/><V129/><F129/><W114/><G114/><T124/><D124/><U127/><E125/><V123/><F123/><W48/><AGARI ba="1,1" hai="48,49,57,61,64" m="43375,56359,51281" machi="48" ten="40,8000,1" yaku="20,1,52,2,54,1" doraHai="110,44" who="3" fromWho="3" sc="317,-41,250,-21,173,-21,250,93" /><INIT seed="1,0,0,0,0,134" ten="276,229,152,343" oya="1" hai0="57,15,24,21,44,38,107,67,47,90,2,119,124" hai1="33,43,62,65,121,12,101,112,40,97,95,71,125" hai2="130,100,80,120,88,135,4,129,22,76,37,58,105" hai3="61,70,102,117,31,108,81,74,16,52,78,106,85"/><U86/><E121/><V11/><F37/><W20/><G108/><T0/><D107/><U98/><E112/><V25/><F120/><W118/><G31/><T116/><D2/><U8/><E33/><V9/><F135/><W32/><G32/><T73/><D0/><U93/><E86/><V18/><F100/><W30/><G30/><T51/><D73/><U69/><E71/><V5/><F105/><W77/><G70/><T17/><D38/><U26/><E26/><V72/><F58/><W92/><G106/><T68/><D68/><U60/><E60/><V49/><F49/><W104/><G104/><T113/><D113/><U126/><E97/><V19/><F19/><W55/><G61/><T42/><D67/><U111/><E95/><V79/><F11/><W35/><G35/><T87/><D42/><U82/><E82/><V6/><F9/><W23/><G23/><T7/><D116/><N who="3" m="44649" /><G78/><T115/><D115/><U94/><E93/><V56/><F79/><W59/><G59/><T83/><D57/><U109/><E43/><V63/><REACH who="2" step="1"/><F88/><REACH who="2" ten="276,229,142,343" step="2"/><N who="3" m="53263" /><G102/><T133/><D90/><U110/><E40/><V96/><F96/><W45/><G45/><T127/><D47/><U123/><E123/><V14/><F14/><AGARI ba="0,1" hai="14,16,20,52,55,74,77,81" m="53263,44649" machi="14" ten="30,7700,0" yaku="12,1,54,3" doraHai="134" who="3" fromWho="2" sc="276,0,229,0,142,-77,343,87" /><INIT seed="2,0,0,5,0,128" ten="276,229,65,430" oya="2" hai0="0,99,75,91,44,50,33,36,126,63,114,107,37" hai1="45,55,89,25,41,103,29,96,132,43,31,28,127" hai2="116,109,57,2,18,115,122,81,65,5,82,105,39" hai3="4,130,67,129,17,59,76,6,110,60,124,79,94"/><V51/><F115/><W104/><G110/><T24/><D114/><U84/><E127/><V32/><F116/><W80/><G104/><T46/><D126/><U73/><E73/><V131/><F122/><W71/><G94/><T88/><D0/><U92/><E55/><V134/><F131/><W7/><G79/><T53/><D75/><U3/><E3/><V35/><F39/><W9/><G124/><T117/><D117/><U68/><E68/><V42/><F105/><W14/><REACH who="3" step="1"/><G71/><REACH who="3" ten="276,229,65,420" step="2"/><T30/><D107/><U19/><E103/><V119/><F119/><W101/><G101/><T95/><D91/><U66/><E92/><V85/><F109/><W22/><G22/><T70/><D70/><U56/><E96/><V1/><F35/><W108/><G108/><T8/><D8/><U15/><E89/><V111/><F32/><W10/><G10/><T54/><D63/><U74/><E74/><AGARI ba="0,1" hai="4,6,7,9,14,17,59,60,67,74,76,80,129,130" machi="74" ten="40,1300,0" yaku="1,1,53,0" doraHai="128" doraHaiUra="123" who="3" fromWho="1" sc="276,0,229,-13,65,0,420,23" /><INIT seed="3,0,0,3,1,107" ten="276,216,65,443" oya="3" hai0="97,91,106,57,8,55,38,113,123,122,51,73,120" hai1="6,22,79,14,21,3,7,134,127,27,76,36,42" hai2="49,135,109,60,23,85,31,101,16,4,9,112,63" hai3="128,115,32,77,1,114,105,66,102,124,52,125,98"/><W81/><G32/><T96/><D38/><U53/><E42/><V39/><F112/><W92/><G66/><T68/><D68/><U67/><E36/><V62/><F109/><W130/><G52/><T37/><D37/><U50/><E67/><V54/><F135/><W116/><G1/><T13/><D113/><N who="3" m="43017" /><G92/><T59/><D59/><U15/><E134/><V71/><F31/><W20/><G20/><T89/><D106/><U84/><E3/><V129/><F129/><N who="3" m="49771" /><G116/><T45/><D57/><U94/><E127/><V33/><F33/><W78/><G78/><T93/><D93/><U46/><E79/><V74/><F71/><W100/><G100/><T110/><D55/><U17/><E15/><V34/><F34/><W69/><G69/><T2/><D13/><U44/><E44/><V82/><F39/><W65/><G65/><T87/><D45/><U72/><E72/><AGARI ba="0,0" hai="72,77,81,98,102,105,124,125" m="49771,43017" machi="72" ten="30,12000,1" yaku="19,1,23,1,34,2,52,1" doraHai="107" who="3" fromWho="1" sc="276,0,216,-120,65,0,443,120" owari="276,7.6,96,-30.4,65,-43.5,563,66.3" /></mjloggm>