<mjloggm ver="2.3"><GO type="225" lobby="0"/><UN n0="%E9%A6%AC%E5%BC%95%E7%81%AB%33" n1="%E3%81%BF%E3%81%BF%E3%81%9A" n2="%E5%B8%86%E7%AB%8B%E5%A4%8F%E8%A1%A3" n3="%E6%9C%88%E5%B3%B6%E5%9F%BA" dan="17,18,17,16" rate="2122.34,2197.24,2160.63,2171.64" sx="M,M,M,M"/><TAIKYOKU oya="0"/><INIT seed="0,0,0,2,3,36" ten="250,250,250,250" oya="0" hai0="98,49,92,46,118,42,3,4,6,51,127,72,11" hai1="99,44,124,108,84,25,56,125,77,93,28,96,47" hai2="37,68,75,65,87,26,115,104,13,91,23,27,10" hai3="82,102,110,39,71,119,107,123,89,55,61,40,8"/><T134/><D118/><U21/><E108/><V121/><F121/><W97/><G119/><T74/><D127/><N who="1" m="48715" /><E56/><V120/><F37/><W95/><G110/><T117/><D117/><U22/><E22/><V43/><F75/><W7/><G123/><T79/><D134/><U41/><E44/><V132/><F104/><W131/><G131/><T2/><D51/><N who="1" m="27119" /><E93/><V83/><F23/><W129/><G129/><T86/><D86/><U19/><E28/><V33/><F87/><W5/><G71/><T78/><D74/><U12/><E25/><V53/><F27/><W73/><G61/><T38/><D38/><U29/><E29/><V113/><F26/><W80/><G55/><T109/><D72/><U34/><E34/><V16/><F53/><W57/><G57/><T52/><D52/><U18/><E19/><V64/><F16/><W103/><G107/><T85/><D85/><U111/><E111/><V114/><F33/><W130/><G130/><T58/><D58/><U133/><E133/><V24/><F24/><W48/><G39/><T20/><D20/><U70/><E70/><V60/><F132/><W17/><G73/><T59/><D59/><U67/><E67/><N who="2" m="41063" /><F120/><W81/><G17/><T90/><D109/><U62/><E62/><V15/><F65/><W69/><G69/><T30/><D30/><U106/><E106/><V88/><F64/><W128/><G128/><T116/><D116/><U45/><E45/><V101/><F114/><W14/><G7/><T0/><D4/><U9/><E21/><V54/><F115/><W35/><G35/><T126/><D126/><RYUUKYOKU ba="0,0" sc="250,10,250,10,250,-30,250,10" hai0="0,2,3,6,11,42,46,49,78,79,90,92,98" hai1="9,12,18,77,84,96,99" hai3="5,8,14,40,48,80,81,82,89,95,97,102,103" /><INIT seed="0,1,0,4,4,28" ten="260,260,220,260" oya="0" hai0="85,96,12,4,72,8,67,134,48,86,44,81,14" hai1="69,121,92,16,101,71,43,73,25,41,66,46,87" hai2="110,98,82,18,107,77,49,15,125,105,42,94,90" hai3="68,7,33,60,47,6,63,113,88,9,17,131,135"/><T80/><D134/><U50/><E121/><V19/><F110/><W129/><G113/><T56/><D72/><U0/><E73/><V37/><F125/><W115/><G115/><T2/><D96/><U122/><E122/><V123/><F123/><W112/><G112/><T120/><D120/><U91/><E0/><V62/><F37/><W127/><G127/><T97/><D97/><U23/><E66/><V65/><F19/><W30/><G47/><T20/><D20/><U26/><E101/><V57/><F49/><W34/><G30/><T74/><D74/><U39/><E41/><V5/><F5/><N who="3" m="1547" /><G135/><T89/><D56/><U70/><REACH who="1" step="1"/><E39/><REACH who="1" ten="260,250,220,260" step="2"/><V35/><F42/><W51/><G129/><T100/><D100/><U10/><E10/><V22/><REACH who="2" step="1"/><F35/><REACH who="2" ten="260,250,210,260" step="2"/><W104/><G34/><T79/><D67/><U119/><E119/><V54/><F54/><AGARI ba="1,2" hai="2,4,8,12,14,44,48,54,79,80,81,85,86,89" machi="54" ten="30,1500,0" yaku="7,1" doraHai="28" who="0" fromWho="2" sc="260,38,250,0,210,-18,260,0" /><INIT seed="0,2,0,4,4,124" ten="298,250,192,260" oya="0" hai0="83,99,12,70,22,67,52,129,132,59,123,17,66" hai1="48,116,53,89,88,120,20,45,54,24,27,72,8" hai2="128,40,41,82,68,109,36,115,107,81,80,55,14" hai3="0,110,121,32,50,126,71,26,56,94,58,37,118"/><T77/><D123/><U43/><E116/><V104/><F68/><W30/><G118/><T15/><D132/><U130/><E120/><V69/><F69/><W1/><G121/><T87/><D70/><U60/><E72/><V3/><F3/><W75/><G37/><T19/><D129/><U112/><E112/><V64/><F64/><W125/><G75/><T31/><D99/><U84/><E130/><V46/><F115/><W119/><G119/><T10/><REACH who="0" step="1"/><D31/><REACH who="0" ten="288,250,192,260" step="2"/><U42/><E8/><V135/><F128/><W91/><G71/><T86/><D86/><U127/><E127/><V49/><F135/><W7/><G125/><T74/><D74/><U90/><E84/><V105/><F109/><W51/><G110/><T93/><D93/><U103/><E103/><V29/><F29/><W35/><G126/><T78/><D78/><U9/><E9/><V33/><F33/><W18/><G35/><T21/><D21/><U63/><E24/><V134/><F134/><W113/><G113/><T117/><D117/><U114/><E114/><V38/><REACH who="2" step="1"/><F14/><REACH who="2" ten="288,250,182,260" step="2"/><W106/><G32/><T28/><D28/><N who="1" m="17511" /><E42/><AGARI ba="2,2" hai="36,38,40,41,42,46,49,55,80,81,82,104,105,107" machi="42" ten="50,1600,0" yaku="1,1,53,0" doraHai="124" doraHaiUra="122" who="2" fromWho="1" sc="288,0,250,-22,182,42,260,0" /><INIT seed="1,0,0,1,3,130" ten="288,228,224,260" oya="1" hai0="62,37,102,28,124,45,71,108,24,29,98,30,81" hai1="11,8,109,96,79,80,49,58,101,73,104,95,59" hai2="33,39,52,13,2,86,131,25,68,54,115,88,100" hai3="9,22,110,44,14,0,122,66,92,12,47,70,76"/><U67/><E109/><V53/><F2/><W94/><G122/><T125/><D108/><U38/><E38/><V119/><F119/><W42/><G110/><T112/><D112/><U113/><E113/><V114/><F131/><W4/><G76/><T134/><D134/><U61/><E49/><V16/><F39/><W41/><G70/><T36/><D81/><U84/><REACH who="1" step="1"/><E58/><REACH who="1" ten="288,218,224,260" step="2"/><V46/><F115/><W5/><G47/><T34/><D34/><U31/><BYE who="0" /><E31/><V99/><F114/><W18/><G44/><T83/><D83/><U123/><E123/><V72/><F46/><W77/><G42/><T20/><D20/><U127/><E127/><UN n0="%E9%A6%AC%E5%BC%95%E7%81%AB%33" /><V106/><F68/><W10/><G41/><T69/><D29/><U17/><E17/><V105/><F33/><W50/><G50/><T35/><D28/><U126/><E126/><V117/><F117/><W64/><G22/><T93/><D36/><U85/><E85/><V78/><F86/><W23/><G23/><T116/><D37/><U32/><E32/><V90/><F16/><W91/><G18/><T97/><D71/><U6/><E6/><V21/><F21/><W129/><G129/><T65/><D69/><U3/><E3/><V26/><F13/><W57/><G0/><T7/><D125/><U111/><E111/><V51/><F51/><W55/><G57/><T40/><D124/><U74/><E74/><V15/><F15/><W27/><G5/><T128/><D40/><U63/><E63/><V82/><REACH who="2" step="1"/><F106/><REACH who="2" ten="288,218,214,260" step="2"/><W103/><G12/><T56/><D128/><U120/><E120/><V75/><F75/><RYUUKYOKU ba="0,2" sc="288,-15,218,15,214,15,260,-15" hai1="8,11,59,61,67,73,79,80,84,95,96,101,104" hai2="25,26,52,53,54,72,78,82,88,90,99,100,105" /><INIT seed="1,1,2,4,5,105" ten="273,233,229,245" oya="1" hai0="29,46,90,106,19,43,2,109,69,127,37,123,72" hai1="115,128,118,74,132,51,101,28,24,42,68,108,39" hai2="63,61,0,1,15,13,64,35,58,103,99,81,114" hai3="75,22,56,107,48,124,44,88,17,47,34,65,87"/><U57/><E115/><V10/><F35/><W9/><G107/><T125/><D109/><U97/><E118/><V95/><F114/><W102/><G34/><T85/><D123/><U59/><E68/><V70/><F81/><N who="3" m="49263" /><G75/><T134/><D134/><U67/><E74/><V32/><F32/><W110/><G110/><T116/><D116/><U7/><E39/><V31/><F31/><W50/><G124/><T122/><D72/><U54/><E108/><V82/><F82/><W73/><G73/><T27/><D106/><U26/><E132/><V45/><F45/><N who="3" m="17483" /><G102/><T41/><D69/><U18/><E128/><V89/><F103/><W76/><G76/><T11/><D43/><U14/><E42/><V78/><F78/><W98/><G98/><T16/><D122/><U38/><E38/><V60/><F60/><N who="3" m="38023" /><G9/><T49/><D37/><U80/><E80/><V40/><F40/><W121/><G121/><T71/><D71/><U52/><E67/><V112/><F112/><W3/><G3/><T111/><D2/><U117/><E97/><V130/><F130/><W36/><G36/><T53/><D111/><U33/><E101/><V133/><F133/><W25/><AGARI ba="1,2" hai="17,22,25,48,50" m="38023,17483,49263" machi="25" ten="30,2000,0" yaku="8,1,54,1" doraHai="105" who="3" fromWho="3" sc="273,-6,233,-11,229,-6,245,43" /><INIT seed="2,0,0,5,3,18" ten="267,222,223,288" oya="2" hai0="125,25,22,12,31,3,101,120,40,104,77,118,121" hai1="33,56,42,80,97,113,46,91,6,5,114,100,34" hai2="84,10,75,23,83,135,58,59,2,128,14,124,126" hai3="109,44,131,98,50,95,32,132,51,94,110,41,52"/><V72/><F128/><W70/><G131/><T76/><D3/><U93/><E114/><V90/><F135/><W0/><G132/><T28/><D125/><N who="2" m="48234" /><F2/><W37/><G32/><T73/><D118/><U78/><E113/><V9/><F9/><W85/><G70/><T65/><D40/><U86/><E33/><V134/><F134/><W105/><G0/><T29/><D65/><U39/><E34/><V123/><F123/><W49/><G85/><T19/><D104/><U66/><E66/><V26/><F59/><N who="3" m="33167" /><G105/><T67/><D67/><U107/><REACH who="1" step="1"/><E56/><REACH who="1" ten="267,212,223,288" step="2"/><V68/><F58/><W127/><G127/><T122/><D73/><AGARI ba="0,1" hai="5,6,39,42,46,73,78,80,86,91,93,97,100,107" machi="73" ten="30,8000,1" yaku="1,1,2,1,7,1,24,2,53,0" doraHai="18" doraHaiUra="111" who="1" fromWho="0" sc="267,-80,212,90,223,0,288,0" /><INIT seed="3,0,0,4,4,124" ten="187,302,223,288" oya="3" hai0="123,75,115,20,103,44,113,80,119,85,64,43,127" hai1="106,54,79,5,12,10,65,9,39,116,50,132,33" hai2="66,130,25,46,128,14,22,88,112,38,36,101,2" hai3="32,84,92,120,45,114,41,111,24,81,42,11,26"/><W21/><G114/><T99/><D119/><U67/><E116/><V134/><F112/><W55/><G120/><T77/><D127/><U63/><E39/><V94/><F2/><W117/><G117/><T16/><D123/><U30/><E106/><V83/><F14/><W82/><G32/><T87/><D64/><U135/><E79/><V61/><F83/><N who="3" m="31755" /><G111/><T108/><D108/><U74/><E74/><V69/><F101/><W4/><G4/><T131/><D131/><N who="2" m="50218" /><F46/><W96/><G84/><T105/><D115/><U40/><E40/><N who="3" m="15466" /><G11/><T60/><D60/><U18/><E30/><N who="2" m="17719" /><F134/><N who="1" m="51241" /><E33/><V125/><F125/><W126/><G126/><T102/><D102/><U72/><E72/><V76/><F76/><W109/><G109/><T71/><D71/><U28/><E28/><V73/><F73/><W68/><G68/><T31/><D31/><U3/><E63/><V86/><AGARI ba="0,0" hai="36,38,61,66,69,86,88,94" m="17719,50218" machi="86" ten="30,8000,1" yaku="19,1,52,3,54,1" doraHai="124" who="2" fromWho="2" sc="187,-20,302,-20,223,80,288,-40" owari="167,-33.3,282,8.2,303,40.3,248,-15.2" /></mjloggm>