<mjloggm ver="2.3"><GO type="225" lobby="0"/><UN n0="%E3%81%95%E3%81%8D%E3%81%9F%E3%81%BE%E6%9E%97%E6%AA%8E" n1="%E3%82%8F%E3%81%8B%E3%81%B0%2A%E3%82%AC%E3%83%BC%E3%83%AB" n2="%E7%9A%AE%E3%80%85" n3="%E3%82%A2%E3%83%9E%E3%83%9D%EF%BD%9E%EF%BD%9E%E3%83%A9" dan="16,16,16,17" rate="2135.39,2099.34,2188.53,2082.57" sx="M,M,F,M"/><TAIKYOKU oya="0"/><INIT seed="0,0,0,5,5,9" ten="250,250,250,250" oya="0" hai0="46,68,82,99,95,42,56,106,88,54,43,34,109" hai1="10,97,59,118,123,47,103,8,89,69,48,120,105" hai2="70,55,92,119,65,49,53,13,31,11,76,28,3" hai3="124,104,78,17,129,6,108,14,101,77,111,60,73"/><T57/><D34/><U107/><E69/><V79/><F3/><W52/><G6/><T37/><D68/><U38/><E118/><V23/><F119/><W115/><G115/><T75/><D109/><N who="3" m="42057" /><G124/><T135/><D135/><U58/><E38/><V81/><F70/><W29/><G29/><N who="2" m="11337" /><F65/><W110/><G129/><T116/><D116/><U0/><E89/><V2/><F2/><W126/><G126/><T125/><D125/><U91/><E91/><V22/><F92/><W84/><G84/><T86/><D43/><U93/><E0/><V132/><F132/><W5/><G5/><T94/><D106/><U16/><E107/><V18/><F53/><W80/><G78/><N who="2" m="29737" /><F81/><W36/><G36/><T26/><D75/><U131/><E105/><V62/><F62/><W127/><G127/><T96/><D95/><U32/><E131/><V113/><F113/><W15/><G17/><T19/><D94/><U39/><E39/><V45/><AGARI ba="0,0" hai="11,13,18,22,23,45,49,55" m="29737,11337" machi="45" ten="30,2000,0" yaku="8,1,52,1" doraHai="9" who="2" fromWho="2" sc="250,-10,250,-5,250,20,250,-5" /><INIT seed="1,0,0,0,4,78" ten="240,245,270,245" oya="1" hai0="94,37,12,106,131,28,51,57,108,15,122,128,81" hai1="61,92,87,75,27,69,36,88,55,65,8,73,93" hai2="120,115,2,123,110,102,39,45,56,68,118,23,76" hai3="22,84,40,77,53,63,38,98,80,104,25,62,41"/><U90/><E36/><V91/><F118/><W18/><G38/><T71/><D71/><U31/><E55/><V11/><F68/><W72/><G72/><T48/><D106/><U134/><E8/><V67/><F110/><W132/><G132/><T13/><D37/><U17/><E17/><V16/><F102/><W4/><G4/><T113/><D108/><U126/><E126/><V29/><F29/><W105/><G105/><T19/><D113/><U112/><E134/><V60/><F115/><W5/><G5/><T109/><D109/><U14/><E14/><V21/><F91/><W30/><G30/><T82/><D28/><U107/><E107/><V26/><F23/><W103/><REACH who="3" step="1"/><G53/><REACH who="3" ten="240,245,270,235" step="2"/><T54/><D122/><U64/><E112/><V1/><F120/><W47/><G47/><T135/><D135/><U133/><E133/><V50/><F123/><W111/><G111/><T83/><D19/><U70/><E65/><V125/><F39/><W35/><G35/><T85/><D131/><U0/><E0/><V119/><F1/><W46/><G46/><T116/><D128/><U66/><E64/><V117/><F2/><W59/><G59/><T124/><D124/><U52/><E52/><V129/><F129/><W3/><G3/><T24/><D116/><U6/><E6/><V121/><F119/><W101/><G101/><T89/><D24/><U58/><E73/><V99/><F117/><W49/><G49/><AGARI ba="0,1" hai="12,13,15,48,49,51,54,57,81,82,83,85,89,94" machi="49" ten="40,8000,1" yaku="8,1,52,3" doraHai="78" who="0" fromWho="3" sc="240,90,245,0,270,0,235,-80" /><INIT seed="2,0,0,2,2,124" ten="330,245,270,155" oya="2" hai0="91,54,123,131,57,40,6,92,64,36,22,103,67" hai1="55,93,27,58,112,59,7,62,87,75,10,43,72" hai2="44,50,81,129,65,8,94,128,29,83,113,96,26" hai3="122,19,80,77,74,1,107,24,31,12,66,13,60"/><V16/><F113/><W28/><G122/><T86/><D123/><U17/><E112/><V73/><F65/><W120/><G120/><T100/><D131/><N who="2" m="50250" /><F73/><W105/><G1/><T132/><D132/><U9/><E43/><N who="2" m="24863" /><F8/><W106/><G19/><T79/><D40/><U45/><E45/><V49/><F16/><W127/><G127/><T41/><D41/><U18/><BYE who="0" /><E18/><UN n0="%E3%81%95%E3%81%8D%E3%81%9F%E3%81%BE%E6%9E%97%E6%AA%8E" /><V23/><F49/><W46/><G46/><T21/><D36/><U97/><E10/><V37/><F37/><W25/><G31/><T52/><D6/><U135/><E135/><V102/><AGARI ba="0,0" hai="23,26,29,81,83,94,96,102" m="24863,50250" machi="102" ten="30,11700,0" yaku="19,1,52,3" doraHai="124" who="2" fromWho="2" sc="330,-39,245,-39,270,117,155,-39" /><INIT seed="2,1,0,2,2,89" ten="291,206,387,116" oya="2" hai0="86,40,38,94,135,103,6,117,35,13,85,99,133" hai1="71,125,115,44,58,84,28,76,56,108,96,7,64" hai2="16,82,83,47,118,127,50,123,78,43,102,26,101" hai3="109,1,14,104,22,100,11,62,25,126,4,132,107"/><V36/><F118/><W88/><G109/><T124/><D117/><U24/><E115/><V134/><F123/><W72/><G126/><T93/><D35/><U41/><E125/><V113/><F113/><W31/><G72/><T46/><D124/><U33/><E108/><V32/><F127/><W80/><G132/><N who="0" m="50763" /><D6/><U81/><E7/><V37/><F134/><W39/><G39/><T34/><D34/><U5/><E5/><V21/><F32/><W131/><G131/><T73/><D73/><U27/><E27/><V116/><F116/><W53/><G100/><T0/><D0/><U120/><E120/><V52/><F82/><W63/><G1/><T60/><D60/><U121/><E121/><V48/><F37/><W90/><G63/><T2/><D2/><U98/><E71/><V18/><F18/><W77/><G107/><N who="0" m="63999" /><D13/><U20/><E33/><V106/><F106/><W51/><G62/><T45/><D45/><U95/><E64/><V30/><F36/><W105/><G105/><T69/><D69/><U112/><E112/><V67/><F67/><W57/><REACH who="3" step="1"/><G104/><REACH who="3" ten="291,206,387,106" step="2"/><T8/><D8/><U111/><E111/><V3/><F3/><W59/><G59/><T49/><D38/><U12/><E56/><N who="2" m="32791" /><F102/><W9/><G9/><T17/><D46/><U74/><E58/><V70/><F101/><W19/><G19/><T42/><D17/><U130/><E130/><V91/><F16/><W10/><G10/><T128/><D128/><U68/><E68/><V66/><F70/><W55/><G55/><T15/><D49/><U129/><E129/><V75/><F48/><RYUUKYOKU ba="1,1" sc="291,-10,206,-10,387,-10,106,30" hai3="4,11,14,22,25,31,51,53,57,77,80,88,90" /><INIT seed="3,2,1,3,2,50" ten="281,196,377,136" oya="3" hai0="74,87,3,105,102,93,44,30,13,25,116,40,120" hai1="68,41,56,54,99,21,42,52,88,84,124,28,112" hai2="95,92,39,10,27,24,11,55,107,125,22,46,43" hai3="65,62,77,34,110,75,131,12,83,14,36,48,114"/><W35/><G114/><T45/><D120/><U111/><E112/><V109/><F107/><W63/><G36/><T115/><D116/><U60/><E68/><V108/><F125/><W18/><G131/><T26/><D115/><U134/><E124/><V91/><F55/><W97/><G110/><N who="2" m="42601" /><F27/><W47/><G97/><T76/><D74/><U61/><E134/><V70/><F70/><W100/><G100/><T38/><D3/><U59/><E99/><N who="2" m="57759" /><F95/><W85/><G75/><T89/><D76/><U7/><E7/><V123/><F123/><W9/><G12/><T127/><D127/><U17/><E28/><AGARI ba="2,1" hai="10,11,22,24,28,39,43,46" m="57759,42601" machi="28" ten="30,1000,0" yaku="14,1" doraHai="50" who="2" fromWho="1" sc="281,0,196,-16,377,26,136,0" owari="281,8.1,180,-22.0,403,50.3,136,-36.4" /></mjloggm>