<mjloggm ver="2.3"><GO type="225" lobby="0"/><UN n0="%73%69%67%65%6E%6F%72%69" n1="%E9%A6%AC%E5%BC%95%E7%81%AB%33" n2="%E9%BB%99%E8%81%B4%E3%81%AE%E3%81%99%E3%82%9D%E3%82%81" n3="%E5%A4%8F%E9%88%B4%E9%88%B4%E5%A4%8F" dan="18,16,16,16" rate="2260.89,2083.11,2113.52,2110.12" sx="M,M,M,F"/><TAIKYOKU oya="0"/><INIT seed="0,0,0,3,2,25" ten="250,250,250,250" oya="0" hai0="31,87,7,100,65,66,69,89,45,54,11,131,56" hai1="19,67,61,22,98,108,1,53,75,123,64,43,106" hai2="26,33,16,110,127,6,135,17,10,97,114,32,60" hai3="74,109,78,29,96,134,118,39,55,102,101,120,72"/><T4/><D131/><U18/><E123/><V71/><F114/><W95/><G118/><T2/><D69/><U107/><E75/><V105/><F110/><W94/><G109/><T103/><D45/><U40/><E1/><V115/><F115/><W79/><G39/><T81/><D4/><U126/><E126/><V124/><F97/><N who="3" m="59575" /><G55/><T125/><D125/><N who="2" m="48202" /><F105/><N who="3" m="63687" /><G29/><T83/><D103/><U129/><E129/><V92/><F92/><W63/><G63/><T15/><D100/><U121/><E121/><V48/><F48/><W42/><G42/><T130/><D130/><U21/><E98/><V82/><F82/><N who="0" m="31242" /><D2/><U119/><E108/><V73/><F73/><N who="3" m="28267" /><G134/><T88/><D31/><U5/><E61/><V122/><F122/><W59/><G59/><T51/><D87/><U80/><E80/><V70/><F135/><W8/><G8/><T85/><D85/><U68/><E68/><N who="2" m="26155" /><F60/><W41/><G41/><T12/><D12/><U128/><E128/><V133/><F133/><W93/><G120/><T76/><D76/><AGARI ba="0,0" hai="76,78,79,93,95" m="28267,63687,59575" machi="76" ten="30,8000,1" yaku="35,5" doraHai="25" who="3" fromWho="0" sc="250,-80,250,0,250,0,250,80" /><INIT seed="1,0,0,0,1,104" ten="170,250,250,330" oya="1" hai0="32,51,6,130,15,122,81,78,115,101,52,131,21" hai1="118,128,19,5,48,45,107,36,76,97,88,2,8" hai2="9,67,79,110,50,10,125,41,38,40,120,22,24" hai3="99,60,103,94,117,135,30,71,58,109,37,112,61"/><U62/><E118/><V84/><F38/><W3/><G112/><T89/><D32/><U49/><E128/><N who="0" m="49193" /><D115/><U119/><E119/><V0/><F110/><W55/><G3/><T83/><D101/><U87/><E76/><V66/><F125/><W56/><G109/><T28/><D122/><U18/><E36/><V80/><F120/><W7/><G7/><T46/><D89/><U43/><E49/><V31/><F0/><W27/><G37/><T68/><D68/><U74/><E74/><V17/><F41/><W39/><G39/><T98/><D98/><U114/><E114/><V134/><F134/><W133/><G71/><T123/><D123/><U90/><E62/><V73/><F73/><W116/><G133/><T82/><D28/><U25/><E25/><V124/><F124/><W69/><G69/><T63/><D63/><U129/><E129/><V26/><F9/><W132/><G135/><T105/><D105/><U33/><E33/><V1/><F1/><W95/><G95/><T70/><D70/><U77/><E77/><V72/><F72/><W111/><G132/><T29/><D6/><U64/><E64/><V91/><F79/><W53/><G111/><T102/><D102/><N who="1" m="62927" /><E90/><V23/><REACH who="2" step="1"/><F10/><REACH who="2" ten="170,250,240,330" step="2"/><W12/><G117/><T127/><D127/><U126/><E126/><V75/><F75/><W96/><G116/><T11/><D78/><U42/><E42/><V47/><AGARI ba="0,1" hai="17,22,23,24,26,31,40,47,50,66,67,80,84,91" machi="47" ten="30,7900,0" yaku="1,1,0,1,8,1,53,1" doraHai="104" doraHaiUra="13" who="2" fromWho="2" sc="170,-20,250,-39,240,89,330,-20" /><INIT seed="2,0,0,5,3,119" ten="150,211,329,310" oya="2" hai0="96,92,41,83,105,54,5,78,28,68,108,29,18" hai1="38,34,93,67,99,6,45,4,104,65,22,14,52" hai2="126,122,79,130,120,59,57,49,64,17,112,42,116" hai3="73,24,133,132,69,23,75,11,102,48,109,70,135"/><V77/><F112/><W62/><G109/><T51/><D108/><U90/><E34/><V85/><F116/><W58/><G102/><T37/><D105/><U55/><E104/><V19/><F130/><W3/><G48/><T81/><D68/><N who="3" m="26217" /><G11/><T97/><D37/><U89/><E89/><V31/><F126/><W35/><G3/><T43/><D5/><N who="1" m="2155" /><E38/><V39/><F39/><W40/><G40/><T131/><D131/><U82/><E82/><V113/><F113/><W123/><G35/><T107/><D107/><U91/><E91/><V56/><F31/><N who="3" m="17823" /><G123/><N who="2" m="47145" /><F64/><AGARI ba="0,0" hai="58,62,64,73,75,132,133,135" m="17823,26217" machi="64" ten="40,1300,0" yaku="20,1" doraHai="119" who="3" fromWho="2" sc="150,0,211,0,329,-13,310,13" /><INIT seed="3,0,0,5,5,45" ten="150,211,316,323" oya="3" hai0="130,61,89,88,101,122,92,63,100,9,106,47,20" hai1="35,11,118,69,71,82,23,22,65,112,58,66,3" hai2="29,74,111,119,42,51,79,10,70,37,96,15,129" hai3="39,105,12,25,19,127,32,38,110,113,108,57,123"/><W103/><G123/><T117/><D130/><U4/><E112/><V86/><F119/><W85/><G113/><T132/><D132/><U17/><E35/><V75/><F70/><W80/><G127/><T83/><D122/><U52/><E118/><V40/><F37/><W64/><G103/><T90/><D117/><U2/><E82/><N who="2" m="47455" /><F75/><W84/><G105/><T73/><D106/><U76/><E52/><V14/><F74/><W26/><G57/><T99/><D100/><U135/><E23/><V24/><F111/><N who="3" m="42539" /><G64/><T49/><D9/><U126/><E11/><V77/><F77/><N who="3" m="46095" /><G85/><T107/><D107/><U94/><E66/><V5/><F129/><W56/><G56/><T13/><D73/><U59/><E59/><V60/><F60/><W54/><G54/><T125/><D125/><U18/><E58/><V6/><F96/><W95/><G95/><T8/><D83/><U133/><E94/><V43/><F14/><W67/><G67/><T62/><D20/><U97/><E22/><N who="2" m="15511" /><F5/><W109/><N who="3" m="42547" /><W36/><DORA hai="91" /><G32/><T134/><D134/><U114/><E65/><V30/><F30/><W21/><AGARI ba="0,0" hai="12,19,21,25,26,36,38,39" m="46095,42547" machi="21" ten="50,4800,0" yaku="14,1,10,1" doraHai="45,91" who="3" fromWho="3" sc="150,-16,211,-16,316,-16,323,48" owari="134,-36.6,195,-20.5,300,10.0,371,47.1" /></mjloggm>