<mjloggm ver="2.3"><GO type="225" lobby="0"/><UN n0="%E6%B8%A9%E2%98%85%E6%83%85%E2%98%85%E6%8E%AA%E2%98%85%E7%BD%AE" n1="%E4%BF%BA%E3%81%A8%E5%A6%96%E5%A4%A2" n2="%E6%9C%88%E5%B3%B6%E5%9F%BA" n3="%72%69%6F%75%63%68%61%6E" dan="17,16,16,16" rate="2194.85,2148.41,2032.87,2163.56" sx="M,F,M,M"/><TAIKYOKU oya="0"/><INIT seed="0,0,0,2,5,50" ten="250,250,250,250" oya="0" hai0="123,88,134,65,40,58,119,126,68,18,111,49,105" hai1="79,75,106,76,57,120,69,13,129,115,135,4,48" hai2="6,84,38,59,5,86,53,117,85,127,23,100,99" hai3="0,96,80,31,107,36,74,55,25,128,37,14,16"/><T8/><D105/><U78/><E120/><V104/><F127/><W15/><G128/><T28/><D123/><U32/><E69/><V42/><F117/><W110/><G110/><T67/><D119/><U3/><E3/><V22/><F38/><W43/><G0/><T45/><D68/><U73/><E129/><V90/><F42/><W114/><G114/><T102/><D102/><U122/><E122/><V77/><F77/><W82/><G14/><N who="0" m="7495" /><D126/><U17/><E106/><V46/><F46/><W62/><G43/><T35/><D35/><U98/><E32/><V33/><F33/><W95/><G107/><T7/><D28/><U101/><E4/><V52/><F59/><N who="3" m="35199" /><G74/><T47/><D7/><N who="2" m="2570" /><F100/><N who="3" m="60447" /><G36/><T72/><D72/><U121/><E121/><V12/><F104/><W94/><G37/><T63/><D111/><U116/><E116/><V66/><F66/><W103/><G25/><T21/><D67/><U1/><E1/><V118/><F118/><W93/><G31/><T87/><D47/><U124/><E124/><V130/><F130/><W61/><G61/><T41/><D41/><U64/><E64/><V29/><F12/><W10/><G103/><T131/><D131/><U83/><E115/><V97/><F90/><W108/><G108/><T44/><D44/><U81/><E75/><V56/><F56/><W125/><G125/><T71/><D71/><U60/><E60/><V2/><F2/><W27/><G27/><T132/><D63/><U113/><E73/><V133/><F29/><W11/><G10/><T26/><D65/><U92/><E113/><V20/><F133/><RYUUKYOKU ba="0,0" sc="250,-15,250,-15,250,15,250,15" hai2="20,22,23,52,53,84,85,86,97,99" hai3="11,15,16,80,82,93,94" /><INIT seed="1,1,0,2,5,69" ten="235,235,265,265" oya="1" hai0="112,100,10,68,46,31,76,11,57,135,53,50,15" hai1="73,79,22,129,110,30,28,72,36,38,86,90,87" hai2="89,47,19,127,23,39,13,88,14,60,51,128,103" hai3="4,113,125,29,92,41,81,96,101,71,121,1,82"/><U33/><E33/><V24/><F127/><W84/><G121/><T114/><D68/><U124/><E79/><V95/><F128/><W67/><G113/><T25/><D135/><U42/><E42/><N who="2" m="25079" /><F39/><N who="1" m="14889" /><E22/><N who="2" m="11631" /><F60/><W63/><G125/><T116/><D116/><U74/><E124/><V55/><F55/><W16/><G41/><T122/><D122/><U126/><E126/><V105/><F14/><W40/><G29/><N who="1" m="11370" /><E129/><V133/><F105/><W21/><G40/><T12/><D76/><U109/><E90/><N who="2" m="34923" /><F133/><W17/><G84/><AGARI ba="1,0" hai="72,73,74,84,86,87,109,110" m="11370,14889" machi="84" ten="40,12000,1" yaku="28,2,52,3" doraHai="69" who="1" fromWho="3" sc="235,0,235,123,265,0,265,-123" /><INIT seed="1,2,0,1,2,71" ten="235,358,265,142" oya="1" hai0="81,43,73,27,65,16,55,7,32,40,11,0,51" hai1="33,86,54,89,105,42,96,64,125,49,63,131,36" hai2="85,107,88,118,13,84,19,20,4,94,48,115,50" hai3="135,34,44,113,21,130,101,12,25,58,76,78,37"/><U60/><E33/><V108/><F118/><W91/><G113/><T111/><D111/><U129/><E125/><V70/><F108/><W127/><G127/><T6/><D6/><U104/><E96/><V68/><F115/><W31/><G130/><N who="1" m="49674" /><E60/><V74/><F74/><W98/><G135/><T41/><D65/><U1/><E1/><V38/><F38/><W18/><G91/><T46/><D32/><U83/><E42/><V95/><F107/><W62/><G44/><T79/><REACH who="0" step="1"/><D41/><REACH who="0" ten="225,358,265,142" step="2"/><U112/><E112/><V39/><F4/><W56/><G37/><T52/><D52/><U133/><E36/><V87/><F39/><W67/><REACH who="3" step="1"/><G56/><REACH who="3" ten="225,358,265,132" step="2"/><T15/><D15/><U114/><E114/><V47/><F70/><W3/><G3/><T29/><D29/><U8/><E133/><V90/><F68/><W128/><G128/><T82/><D82/><U117/><E83/><V28/><F28/><W23/><G23/><AGARI ba="2,2" hai="0,7,11,16,23,27,40,43,46,51,55,73,79,81" machi="23" ten="40,2600,0" yaku="1,1,54,1,53,0" doraHai="71" doraHaiUra="57" who="0" fromWho="3" sc="225,52,358,0,265,0,132,-32" /><INIT seed="2,0,0,4,4,44" ten="277,358,265,100" oya="2" hai0="18,103,93,70,63,90,95,131,35,34,29,60,76" hai1="49,134,24,89,67,5,108,122,20,52,128,13,120" hai2="48,4,62,38,98,21,86,125,7,16,12,135,1" hai3="74,42,121,37,8,100,132,116,27,2,56,28,81"/><V119/><F38/><W53/><G132/><T6/><D70/><U9/><E134/><V58/><F119/><W130/><G130/><T55/><D6/><N who="2" m="2090" /><F1/><W79/><G121/><N who="1" m="46698" /><E128/><V73/><F73/><W51/><G116/><T25/><D55/><U19/><E108/><V84/><F135/><W40/><G37/><T45/><D95/><U101/><E101/><V68/><F68/><W87/><G100/><T114/><D18/><U106/><E106/><V78/><F125/><W99/><G99/><T75/><D45/><N who="1" m="27695" /><E89/><V118/><F118/><W46/><G8/><T71/><D90/><U0/><E67/><N who="2" m="39383" /><F98/><W41/><G2/><AGARI ba="0,0" hai="0,2,5,9,13,19,20,24" m="27695,46698" machi="2" ten="30,3900,0" yaku="13,1,52,1,54,1" doraHai="44" who="1" fromWho="3" sc="277,0,358,39,265,0,100,-39" /><INIT seed="3,0,0,5,3,129" ten="277,397,265,61" oya="3" hai0="104,17,8,128,26,86,49,87,98,19,132,1,123" hai1="71,99,93,81,50,57,135,7,109,77,78,62,44" hai2="64,111,12,63,110,113,82,106,65,130,32,103,88" hai3="48,16,21,89,40,75,42,118,61,0,47,4,131"/><W3/><G118/><T90/><D123/><U95/><E71/><V133/><F113/><W53/><G131/><T15/><D128/><U105/><E109/><N who="2" m="41483" /><F130/><W10/><G75/><T58/><D1/><U41/><E135/><V51/><F133/><W31/><G0/><T125/><D132/><U5/><E105/><V96/><F32/><W124/><G124/><T122/><D122/><U6/><E81/><V83/><F51/><W37/><G31/><T107/><D107/><U11/><E11/><V46/><F46/><W126/><G126/><T35/><D104/><U119/><E119/><V55/><F12/><W70/><G89/><T18/><D35/><U52/><E95/><V97/><F97/><W74/><G74/><T56/><D125/><U2/><E2/><V76/><F88/><AGARI ba="0,0" hai="5,6,7,41,44,50,52,57,62,77,78,88,93,99" machi="88" ten="40,5200,0" yaku="8,1,54,2" doraHai="129" who="1" fromWho="2" sc="277,0,397,52,265,-52,61,0" owari="277,7.7,449,54.9,213,-18.7,61,-43.9" /></mjloggm>