<mjloggm ver="2.3"><GO type="225" lobby="0"/><UN n0="%E6%A1%9C%E8%8A%B1%E9%96%83%E3%80%85" n1="%E3%82%A2%E3%83%9E%E3%83%9D%EF%BD%9E%EF%BD%9E%E3%83%A9" n2="%E6%B5%81%E3%82%8C%EF%BC%9F%53%4F%41" n3="%E5%B0%8F%E9%B3%A5%E9%81%8A%E7%B7%B4%E7%84%A1%32%31%E6%AD%B3" dan="16,17,17,16" rate="2162.05,2120.70,2266.87,2188.15" sx="M,M,M,F"/><TAIKYOKU oya="0"/><INIT seed="0,0,0,3,0,39" ten="250,250,250,250" oya="0" hai0="58,71,51,41,130,100,126,1,99,2,134,27,68" hai1="73,84,115,46,54,34,9,111,135,76,62,18,30" hai2="89,53,93,32,69,128,116,129,60,13,25,72,124" hai3="75,64,43,22,5,29,56,107,106,92,102,131,7"/><T104/><D126/><U112/><E73/><V103/><F72/><W88/><G75/><T6/><D130/><N who="2" m="50282" /><F124/><W108/><G131/><T90/><D134/><U55/><E111/><V122/><F122/><W87/><G108/><T20/><D90/><U23/><E9/><V59/><F13/><W105/><G102/><T127/><D127/><U8/><E8/><V12/><F12/><W17/><G29/><T10/><D1/><U70/><E34/><V66/><F103/><W36/><G56/><T3/><D3/><U98/><E98/><N who="2" m="57647" /><F116/><W120/><G64/><T91/><D91/><U37/><E30/><N who="2" m="19535" /><F53/><W24/><REACH who="3" step="1"/><G120/><REACH who="3" ten="250,250,250,240" step="2"/><T82/><D58/><AGARI ba="0,1" hai="58,59,60,66,69" m="19535,57647,50282" machi="58" ten="30,1000,0" yaku="19,1" doraHai="39" who="2" fromWho="0" sc="250,-10,250,0,250,20,240,0" /><INIT seed="1,0,0,0,2,42" ten="240,250,270,240" oya="1" hai0="69,104,135,74,94,39,24,129,90,117,22,35,73" hai1="115,11,98,5,31,59,123,68,51,97,44,65,128" hai2="15,61,107,4,108,83,122,60,10,86,92,49,33" hai3="89,81,13,100,17,126,63,118,58,71,80,37,32"/><U20/><E115/><V70/><F122/><W76/><G126/><T119/><D104/><U75/><E75/><V85/><F107/><W23/><G32/><T41/><D129/><U36/><E128/><V26/><F70/><W46/><G71/><T8/><D135/><U96/><E68/><V99/><F108/><W9/><G118/><T109/><D109/><U2/><E36/><V64/><F64/><W106/><G89/><T16/><D35/><U0/><E123/><V38/><F38/><W131/><G131/><T125/><D69/><U78/><E78/><N who="2" m="46327" /><F86/><W127/><G127/><T124/><D124/><U3/><E59/><V57/><F33/><W6/><G100/><T54/><D125/><U101/><E65/><V52/><F26/><W93/><G93/><T66/><D74/><U48/><E48/><V88/><AGARI ba="0,0" hai="4,10,15,49,52,57,60,61,88,92,99" m="46327" machi="88" ten="30,4000,0" yaku="8,1,54,2" doraHai="42" who="2" fromWho="2" sc="240,-10,250,-20,270,40,240,-10" /><INIT seed="2,0,0,5,0,55" ten="230,230,310,230" oya="2" hai0="88,75,22,4,79,93,90,94,69,35,23,47,62" hai1="124,72,114,129,12,110,81,31,10,52,50,73,132" hai2="28,44,70,17,84,66,37,83,30,49,109,119,29" hai3="106,20,98,71,1,34,3,111,118,24,51,43,121"/><V127/><F119/><W57/><G71/><T117/><D35/><U40/><E114/><V107/><F107/><W92/><G118/><T120/><D120/><U115/><E115/><V112/><F112/><W100/><G121/><T13/><D117/><U76/><E110/><V91/><F127/><W38/><G34/><T86/><D47/><U6/><E129/><V19/><F37/><W18/><G111/><T48/><D48/><U39/><E124/><V27/><F109/><W104/><G38/><T96/><D75/><U123/><E132/><V126/><F126/><W8/><G43/><T32/><D32/><U9/><E31/><V128/><F128/><W130/><G130/><T74/><D74/><U108/><E108/><V134/><F134/><W103/><G8/><N who="0" m="4231" /><D69/><U95/><E73/><V77/><F27/><W116/><G116/><T33/><D33/><U63/><E39/><V122/><F77/><W41/><G41/><T59/><D79/><U113/><E113/><V78/><F78/><W46/><G46/><T89/><D89/><U25/><E40/><V16/><F122/><W67/><G103/><T61/><D61/><U65/><E10/><V102/><F102/><W82/><G51/><T11/><D11/><U87/><E123/><V68/><REACH who="2" step="1"/><F66/><AGARI ba="0,0" hai="22,23,59,62,66,86,88,90,93,94,96" m="4231" machi="66" ten="30,3900,0" yaku="8,1,52,1,54,1" doraHai="55" who="0" fromWho="2" sc="230,39,230,0,310,-39,230,0" /><INIT seed="3,0,0,0,0,29" ten="269,230,271,230" oya="3" hai0="22,88,56,65,9,27,47,37,116,30,2,58,128" hai1="20,1,109,5,120,81,35,118,112,95,51,33,21" hai2="59,103,71,32,77,133,104,74,11,114,131,23,3" hai3="6,46,130,94,25,64,83,99,55,110,34,80,126"/><W24/><G126/><T115/><D116/><U113/><E81/><N who="2" m="45239" /><F23/><N who="1" m="8777" /><E95/><V4/><F59/><W44/><G130/><T84/><D128/><U89/><E89/><V63/><F131/><W72/><G64/><T7/><D115/><N who="1" m="44107" /><E51/><V96/><F114/><W12/><G110/><T111/><D111/><U78/><E78/><V60/><F60/><W73/><G55/><T13/><D2/><U85/><E85/><V107/><F133/><W49/><G49/><T102/><D102/><U38/><E38/><V69/><F63/><W134/><G134/><T79/><D79/><U54/><E54/><V19/><F19/><W76/><G6/><T48/><D37/><U70/><E70/><N who="2" m="26635" /><F107/><W132/><G132/><T108/><D108/><U75/><E75/><V68/><F68/><W62/><G62/><T31/><D31/><U45/><E118/><V36/><F36/><W41/><G76/><T124/><D124/><U127/><E127/><V105/><F104/><W119/><G119/><T28/><D28/><U15/><E109/><V92/><F92/><W125/><G125/><T0/><D0/><U121/><E45/><N who="3" m="17514" /><G41/><N who="0" m="24687" /><D65/><U52/><E52/><V100/><F100/><N who="3" m="60535" /><G72/><T67/><D67/><U17/><E1/><V93/><F93/><AGARI ba="0,0" hai="7,9,13,22,27,30,56,58,84,88,93" m="24687" machi="93" ten="30,2000,0" yaku="8,1,54,1" doraHai="29" who="0" fromWho="2" sc="269,20,230,0,271,-20,230,0" /><INIT seed="4,0,0,2,2,10" ten="289,230,251,230" oya="0" hai0="121,19,24,129,44,66,55,133,33,8,75,128,20" hai1="126,68,120,42,31,119,36,73,131,65,99,47,82" hai2="97,95,50,130,0,101,43,100,11,112,74,96,25" hai3="46,6,58,117,109,2,49,70,38,124,111,51,35"/><T22/><D121/><U34/><E120/><V63/><F74/><W27/><G117/><T7/><D75/><U127/><E119/><V125/><F112/><W105/><G105/><T114/><D114/><U57/><E57/><V132/><F125/><N who="1" m="47625" /><E99/><V69/><F130/><N who="0" m="50282" /><D133/><U87/><E73/><V102/><F132/><W39/><G124/><T16/><D33/><U5/><E5/><V13/><F0/><W91/><G91/><T135/><D66/><U54/><E54/><V15/><F11/><W56/><G6/><T40/><D55/><U110/><E110/><N who="3" m="41994" /><G27/><T30/><D22/><U80/><E131/><V98/><F25/><W122/><G2/><N who="0" m="119" /><D135/><U3/><E3/><V134/><F134/><W106/><G35/><T115/><D115/><U94/><E65/><V64/><F95/><W23/><G106/><T78/><D78/><U104/><E104/><V83/><F83/><W103/><G23/><T116/><D116/><U14/><E94/><V52/><F43/><N who="3" m="24799" /><G122/><T4/><D4/><U113/><E113/><V71/><F69/><W60/><G103/><T67/><D67/><U118/><E68/><V123/><F123/><W77/><G77/><T45/><D45/><U108/><E108/><V88/><F88/><W28/><G70/><T89/><D89/><N who="1" m="51431" /><E82/><V72/><F72/><W76/><G76/><T93/><D93/><U37/><E118/><V9/><F9/><W1/><G1/><T18/><D44/><U79/><E79/><V107/><F107/><W29/><G39/><T61/><D40/><U12/><E37/><V17/><F17/><W90/><G38/><RYUUKYOKU ba="0,0" sc="289,10,230,10,251,10,230,-30" hai0="16,18,19,20,24,30,61" hai1="12,14,31,34,36,42,47" hai2="13,15,50,52,63,64,71,96,97,98,100,101,102" /><INIT seed="4,1,0,3,4,133" ten="299,240,261,200" oya="0" hai0="79,38,0,17,117,66,109,126,53,67,74,62,91" hai1="39,75,30,13,122,52,95,58,57,34,88,111,45" hai2="130,5,59,116,63,41,72,25,31,82,78,22,108" hai3="7,46,97,70,86,124,105,77,27,68,135,93,2"/><T94/><D126/><U44/><E122/><V3/><F108/><W26/><G105/><T28/><D117/><U71/><E71/><V121/><F121/><W43/><G135/><T110/><D0/><U102/><E75/><V132/><F132/><W29/><G7/><T96/><D38/><U113/><E111/><N who="0" m="42505" /><D28/><U37/><E102/><V81/><F130/><W49/><G2/><T87/><D74/><U14/><E113/><V40/><F116/><W23/><G124/><T85/><D17/><U89/><E34/><V55/><REACH who="2" step="1"/><F82/><REACH who="2" ten="299,240,251,200" step="2"/><W114/><G114/><T120/><D120/><U9/><E39/><V100/><F100/><W119/><G119/><T69/><D79/><U73/><E37/><V10/><AGARI ba="1,1" hai="3,5,10,22,25,31,40,41,55,59,63,72,78,81" machi="10" ten="30,4000,0" yaku="1,1,0,1,53,1" doraHai="133" doraHaiUra="54" who="2" fromWho="2" sc="299,-21,240,-11,251,53,200,-11" owari="278,7.8,229,-17.1,304,40.4,189,-31.1" /></mjloggm>