<mjloggm ver="2.3"><GO type="225" lobby="0"/><UN n0="%E6%81%A5%E6%99%92%E3%81%97" n1="%E5%8F%AF%E5%85%90%E9%82%A3%E7%94%B1%E5%A4%9A" n2="%E3%81%BF%E3%81%BF%E3%81%9A" n3="%72%69%6F%75%63%68%61%6E" dan="16,16,18,16" rate="2198.36,2113.02,2251.07,2185.48" sx="M,F,M,M"/><TAIKYOKU oya="0"/><INIT seed="0,0,0,2,2,87" ten="250,250,250,250" oya="0" hai0="55,99,27,78,28,62,31,108,60,93,23,132,50" hai1="122,100,91,128,36,18,86,77,97,14,102,126,53" hai2="81,30,42,16,120,49,45,52,25,92,1,112,95" hai3="89,29,116,64,9,75,44,10,72,82,129,74,70"/><T135/><D78/><U59/><E36/><V40/><F1/><W103/><G129/><T11/><D31/><U38/><E38/><V15/><F120/><W73/><G116/><T46/><D108/><U105/><E128/><V43/><F112/><W13/><G103/><T80/><D80/><U84/><E126/><V85/><F85/><W20/><G44/><T5/><D132/><U33/><E33/><V106/><F106/><W133/><G133/><T104/><D104/><U101/><E77/><V110/><F81/><W124/><G124/><T58/><D135/><U24/><E122/><V47/><F47/><W65/><G70/><T56/><D56/><U63/><E24/><V66/><F66/><W130/><G130/><T119/><D119/><U8/><REACH who="1" step="1"/><E86/><REACH who="1" ten="250,240,250,250" step="2"/><V32/><REACH who="2" step="1"/><F110/><REACH who="2" ten="250,240,240,250" step="2"/><W79/><G75/><T26/><D26/><U107/><E107/><V96/><F96/><W21/><G74/><T48/><D99/><U39/><E39/><V90/><F90/><W117/><G89/><T22/><D27/><U94/><AGARI ba="0,2" hai="8,14,18,53,59,63,84,91,94,97,100,101,102,105" machi="94" ten="20,5200,0" yaku="1,1,0,1,7,1,52,1,53,0" doraHai="87" doraHaiUra="115" who="1" fromWho="1" sc="250,-26,240,72,240,-13,250,-13" /><INIT seed="1,0,0,5,0,118" ten="224,312,227,237" oya="1" hai0="83,95,11,98,74,9,56,121,40,51,53,69,28" hai1="114,50,85,31,47,70,1,130,135,58,54,57,82" hai2="127,15,110,99,66,27,44,128,61,35,107,68,75" hai3="37,72,48,103,71,16,78,39,45,101,19,10,111"/><U79/><E114/><V123/><F110/><W102/><G111/><T87/><D69/><U91/><E70/><V26/><F26/><W25/><G71/><T97/><D74/><U49/><E1/><V131/><F75/><W120/><G120/><T34/><D34/><U113/><E113/><V119/><F119/><W93/><G93/><T132/><D132/><U65/><E135/><V63/><F127/><W88/><G88/><N who="0" m="51327" /><D28/><U112/><E112/><V64/><F15/><W89/><G89/><N who="0" m="55535" /><D121/><U43/><E130/><N who="2" m="49707" /><F44/><W38/><G10/><N who="0" m="3595" /><D98/><U122/><E122/><V116/><F116/><W105/><G105/><T41/><AGARI ba="0,0" hai="40,41,51,53,56" m="3595,55535,51327" machi="41" ten="30,2000,0" yaku="8,1,54,1" doraHai="118" who="0" fromWho="0" sc="224,20,312,-10,227,-5,237,-5" /><INIT seed="2,0,0,5,1,134" ten="244,302,222,232" oya="2" hai0="103,72,52,63,38,129,36,61,86,78,23,58,40" hai1="67,128,16,8,101,118,34,81,115,76,122,3,49" hai2="105,91,65,25,106,88,98,71,15,93,104,62,56" hai3="39,28,30,54,6,21,133,95,113,85,7,2,11"/><V119/><F119/><W14/><G133/><T51/><D72/><U70/><E118/><V102/><F15/><W53/><G113/><T127/><D129/><U9/><E115/><V41/><F41/><W44/><G6/><T117/><D117/><U82/><E34/><V97/><F91/><N who="3" m="53743" /><G39/><T43/><D103/><U60/><E128/><V130/><F130/><W50/><G2/><T59/><D78/><U57/><E122/><V24/><REACH who="2" step="1"/><F71/><REACH who="2" ten="244,302,212,232" step="2"/><W107/><G107/><AGARI ba="0,1" hai="24,25,56,62,65,88,93,97,98,102,104,105,106,107" machi="107" ten="40,7700,0" yaku="1,1,2,1,54,1,53,0" doraHai="134" doraHaiUra="17" who="2" fromWho="3" sc="244,0,302,0,212,87,232,-77" /><INIT seed="2,1,0,5,4,79" ten="244,302,299,155" oya="2" hai0="48,76,93,19,30,107,47,69,110,92,117,127,51" hai1="132,45,6,35,20,126,33,63,66,106,16,64,102" hai2="94,24,134,26,86,105,113,29,40,99,22,2,8" hai3="128,130,78,23,87,17,1,115,81,84,123,101,57"/><V90/><F113/><W37/><G123/><T68/><D107/><U125/><E6/><V82/><F134/><W44/><G115/><T67/><D30/><U21/><E132/><V39/><F105/><W124/><G1/><T36/><D19/><U97/><E45/><V32/><F40/><W83/><G124/><N who="1" m="47722" /><E21/><V77/><F39/><W72/><G101/><T31/><D31/><U100/><E102/><V62/><F62/><W58/><G72/><T38/><D76/><U53/><E53/><V41/><F41/><W96/><G96/><T133/><D127/><U3/><E3/><V118/><F118/><W98/><G98/><T49/><D133/><U122/><E122/><V46/><F46/><W9/><G9/><T27/><D117/><U61/><E61/><V12/><F2/><W103/><G103/><T131/><D47/><U10/><E10/><V0/><F0/><W18/><G44/><T59/><D38/><U54/><E54/><V112/><F112/><W119/><G119/><T104/><D36/><U91/><E91/><V114/><F114/><W52/><G37/><T25/><D104/><U95/><E106/><V60/><F60/><N who="3" m="35879" /><G23/><T71/><D93/><U55/><E55/><V50/><F50/><W43/><G43/><T75/><D92/><U11/><E11/><V135/><F135/><W89/><G58/><T109/><D75/><U15/><E64/><V65/><F65/><W88/><G89/><T4/><D59/><AGARI ba="1,0" hai="15,16,20,33,35,59,63,66,95,97,100" m="47722" machi="59" ten="30,2000,0" yaku="18,1,54,1" doraHai="79" who="1" fromWho="0" sc="244,-23,302,23,299,0,155,0" /><INIT seed="3,0,0,2,0,73" ten="221,325,299,155" oya="3" hai0="128,112,90,8,15,18,130,59,78,118,35,31,115" hai1="55,46,129,105,134,23,30,84,25,109,97,3,36" hai2="135,86,93,72,75,34,65,57,44,69,111,99,38" hai3="79,95,49,123,104,21,76,13,68,119,45,121,60"/><W87/><G119/><T32/><D90/><U29/><E3/><V74/><F34/><N who="0" m="12842" /><D59/><U10/><E109/><V100/><F111/><W40/><G104/><T5/><D118/><U11/><E129/><N who="0" m="49769" /><D78/><N who="3" m="29737" /><G68/><T1/><D31/><U102/><E30/><V54/><F135/><W43/><G121/><T114/><D114/><U108/><E108/><V91/><F65/><W61/><G123/><T96/><D96/><U71/><E134/><V58/><F69/><W24/><G13/><T122/><D122/><U22/><E71/><V6/><F6/><W47/><G47/><T98/><D98/><U88/><E22/><AGARI ba="0,0" hai="1,5,8,15,18,22,112,115" m="49769,12842" machi="22" ten="30,3900,0" yaku="19,1,34,2" doraHai="73" who="0" fromWho="1" sc="221,39,325,-39,299,0,155,0" /><INIT seed="4,0,0,0,3,23" ten="260,286,299,155" oya="0" hai0="123,100,32,25,135,51,66,116,50,14,59,70,33" hai1="129,108,12,53,120,9,96,92,49,73,102,105,39" hai2="78,74,117,54,88,127,114,60,17,115,125,1,128" hai3="15,6,75,118,29,52,72,62,63,132,80,40,122"/><T45/><D116/><U71/><E108/><V79/><F128/><W10/><G118/><T67/><D123/><U30/><E120/><V8/><F117/><W27/><G132/><T11/><D135/><U104/><E39/><V22/><F88/><W44/><G122/><T121/><D121/><U134/><E134/><V111/><F111/><W83/><G75/><T64/><D70/><U109/><E109/><V81/><F78/><W77/><G83/><T99/><D59/><U93/><E71/><V95/><F95/><W69/><G69/><T38/><D38/><U97/><E30/><V55/><F8/><W36/><REACH who="3" step="1"/><G52/><REACH who="3" ten="260,286,299,145" step="2"/><N who="2" m="20009" /><F60/><W106/><G106/><T85/><D66/><U7/><E73/><V119/><F119/><W3/><G3/><T2/><D2/><U58/><E129/><V113/><F1/><W31/><G31/><T16/><D64/><U107/><E107/><V42/><F42/><W19/><G19/><T131/><D67/><U103/><AGARI ba="0,1" hai="7,9,12,49,53,58,92,93,96,97,102,103,104,105" machi="103" ten="20,2700,0" yaku="0,1,7,1,9,1" doraHai="23" who="1" fromWho="1" sc="260,-13,286,37,299,-7,145,-7" owari="247,-15.3,323,42.3,292,9.2,138,-36.2" /></mjloggm>