<mjloggm ver="2.3"><GO type="225" lobby="0"/><UN n0="%E3%83%96%E3%83%83%E3%83%91%E3%82%AA%E3%83%96%E3%83%81%E3%82%AD%E3%83%B3" n1="%E3%81%94%E3%83%BC%E3%81%A9%E3%82%93" n2="%E6%B4%BE%E9%81%A3%E3%81%AE%E3%82%B8%E3%83%A3%E3%83%83%E3%82%AF" n3="%E6%9C%88%E5%B3%B6%E5%9F%BA" dan="16,16,17,16" rate="2203.23,2098.60,2197.70,2136.18" sx="M,M,M,M"/><TAIKYOKU oya="0"/><INIT seed="0,0,0,0,0,26" ten="250,250,250,250" oya="0" hai0="11,13,5,124,62,118,116,24,22,23,130,36,97" hai1="72,56,61,29,73,52,87,101,0,90,64,1,49" hai2="70,129,71,7,133,53,19,3,43,100,75,120,112" hai3="127,46,27,80,17,109,88,81,126,28,76,83,132"/><T35/><D36/><U40/><E101/><V77/><F120/><W94/><G109/><T9/><D62/><U38/><E0/><V66/><F112/><W106/><G106/><T58/><D58/><U89/><E1/><V114/><F114/><W8/><G132/><T105/><D97/><U44/><E29/><V15/><F53/><W31/><G46/><T55/><D55/><U92/><REACH who="1" step="1"/><E89/><REACH who="1" ten="250,240,250,250" step="2"/><V85/><F100/><W115/><G115/><T16/><D105/><U37/><E37/><V34/><F3/><W93/><G76/><T41/><D124/><N who="3" m="47657" /><G88/><T68/><D130/><U74/><E74/><V102/><F75/><W125/><G125/><T48/><D116/><U86/><E86/><V123/><F102/><W110/><G110/><T135/><D118/><U108/><E108/><V25/><F77/><W57/><G31/><N who="0" m="19943" /><D135/><U91/><E91/><V103/><F103/><W63/><G28/><T134/><D134/><U122/><E122/><V12/><F133/><W84/><G84/><T79/><D79/><U47/><AGARI ba="0,1" hai="38,40,44,47,49,52,56,61,64,72,73,87,90,92" machi="47" ten="20,5200,0" yaku="1,1,0,1,7,1,54,1,53,0" doraHai="26" doraHaiUra="4" who="1" fromWho="1" sc="250,-26,240,62,250,-13,250,-13" /><INIT seed="1,0,0,2,4,86" ten="224,302,237,237" oya="1" hai0="117,39,103,24,106,74,42,95,45,54,70,13,78" hai1="100,44,119,112,81,2,120,107,8,4,23,104,16" hai2="101,3,36,133,124,34,52,129,19,69,135,71,114" hai3="56,48,88,91,130,53,0,83,12,75,59,76,7"/><U108/><E112/><V97/><F34/><W93/><G130/><T99/><D117/><U17/><E119/><V113/><F3/><W82/><G0/><T30/><D70/><U1/><E120/><V126/><F36/><W118/><G118/><T51/><D13/><U47/><E1/><V73/><F19/><W84/><G59/><T63/><D63/><U22/><E108/><V102/><F73/><W105/><G105/><T21/><D74/><U37/><E104/><V109/><F109/><W89/><REACH who="3" step="1"/><G93/><REACH who="3" ten="224,302,237,227" step="2"/><T11/><D106/><U5/><E107/><V68/><F129/><W38/><G38/><T111/><D111/><U9/><E37/><V94/><F113/><W14/><G14/><T128/><D128/><U60/><E2/><V57/><F114/><W79/><G79/><T62/><D78/><U131/><E131/><V26/><F26/><W122/><G122/><T65/><D39/><U121/><E121/><V134/><REACH who="2" step="1"/><F102/><REACH who="2" ten="224,302,227,227" step="2"/><W80/><G80/><T29/><D103/><U27/><E100/><V40/><F40/><W41/><G41/><T115/><D42/><U25/><E81/><V46/><F46/><W66/><G66/><T110/><D115/><U98/><E47/><V125/><F125/><W35/><G35/><T77/><D110/><U28/><E44/><V72/><F72/><W116/><G116/><T20/><D65/><U132/><E27/><V49/><AGARI ba="0,2" hai="49,52,57,68,69,71,94,97,101,124,126,133,134,135" machi="49" ten="40,8000,1" yaku="1,1,0,1,20,1,54,1,53,0" doraHai="86" doraHaiUra="18" who="2" fromWho="2" sc="224,-20,302,-40,227,100,227,-20" /><INIT seed="2,0,0,3,4,98" ten="204,262,327,207" oya="2" hai0="110,4,102,12,60,53,121,93,69,103,96,79,83" hai1="66,3,55,5,117,126,94,42,111,92,62,48,114" hai2="54,35,46,15,20,64,63,131,113,87,106,8,76" hai3="47,68,84,44,26,109,37,51,33,127,104,29,134"/><V57/><F113/><W1/><G104/><T52/><D121/><U101/><E114/><V11/><F35/><W38/><G1/><T95/><D110/><U45/><E117/><V80/><F106/><W9/><G109/><T119/><D119/><U36/><E111/><V65/><F65/><W78/><G68/><T32/><D32/><U74/><E74/><V97/><F131/><W50/><G127/><T132/><D132/><U19/><E126/><V91/><F20/><W23/><G9/><N who="0" m="4135" /><D69/><U56/><E3/><V120/><F120/><W81/><G134/><T88/><D95/><U107/><E5/><V100/><F15/><W72/><G72/><T39/><D39/><U7/><E19/><V6/><F76/><W130/><G33/><T99/><D99/><N who="1" m="61887" /><E7/><V82/><F82/><W18/><G130/><T67/><D67/><U61/><E61/><V118/><F118/><W41/><REACH who="3" step="1"/><G29/><REACH who="3" ten="204,262,327,197" step="2"/><T125/><D125/><U17/><E17/><V43/><F8/><W90/><G90/><T71/><D71/><AGARI ba="0,1" hai="36,42,45,48,55,56,62,66,71,92,94" m="61887" machi="71" ten="30,2000,0" yaku="24,1,52,1" doraHai="98" who="1" fromWho="0" sc="204,-20,262,30,327,0,197,0" /><INIT seed="3,0,0,5,3,52" ten="184,292,327,197" oya="3" hai0="58,88,61,42,127,73,21,18,107,86,30,50,28" hai1="111,77,115,110,91,37,134,98,56,41,122,90,89" hai2="126,64,38,65,103,76,15,75,48,23,109,36,20" hai3="113,101,4,93,99,0,69,70,57,72,133,34,59"/><W105/><G113/><T92/><D107/><U14/><E115/><V85/><F75/><W2/><G34/><T35/><D127/><U47/><E122/><V39/><F103/><W97/><G72/><T16/><D73/><U7/><E134/><V124/><F109/><N who="1" m="41481" /><E77/><V129/><F129/><W25/><G133/><T132/><D132/><U46/><E46/><V62/><F48/><W1/><G4/><T29/><D35/><U118/><E118/><V43/><F43/><W100/><REACH who="3" step="1"/><G25/><REACH who="3" ten="184,292,327,187" step="2"/><T87/><D21/><U13/><E7/><V78/><F20/><W117/><G117/><T96/><D86/><U22/><E98/><V6/><F85/><W10/><G10/><T112/><D112/><U68/><E22/><V123/><F23/><W119/><G119/><T33/><D33/><U108/><E108/><V116/><F116/><W12/><G12/><T121/><D121/><U31/><E13/><V24/><F24/><W104/><G104/><T17/><D87/><U60/><E14/><V82/><F123/><W81/><G81/><T130/><D130/><U114/><E114/><V135/><F135/><W63/><G63/><T80/><D80/><U27/><E27/><V3/><F15/><W66/><G66/><N who="2" m="25705" /><F62/><W5/><G5/><T79/><D79/><N who="2" m="30250" /><F82/><W49/><G49/><T125/><D125/><N who="2" m="48234" /><F36/><W71/><AGARI ba="0,1" hai="0,1,2,57,59,69,70,71,93,97,99,100,101,105" machi="71" ten="40,12000,1" yaku="1,1,0,1,52,2,53,0" doraHai="52" doraHaiUra="120" who="3" fromWho="3" sc="184,-40,292,-40,327,-40,187,130" owari="144,-35.6,252,-14.8,287,8.7,317,41.7" /></mjloggm>