<mjloggm ver="2.3"><GO type="225" lobby="0"/><UN n0="%E3%81%BF%E3%81%BF%E3%81%9A" n1="%E3%81%90%E3%81%A1%E3%82%84%E3%81%BE" n2="%E3%80%90%E3%83%88%E3%83%AA%E3%83%A5%E3%83%95%E3%80%91" n3="%E3%83%A9%E3%82%A4%E3%83%B3%E3%81%AE%E8%99%8E" dan="18,16,16,16" rate="2266.93,2134.76,2089.78,2130.69" sx="M,M,M,M"/><TAIKYOKU oya="0"/><INIT seed="0,0,0,1,2,92" ten="250,250,250,250" oya="0" hai0="31,21,72,8,45,17,108,121,103,76,79,13,78" hai1="37,84,30,89,127,1,74,99,68,32,10,130,87" hai2="3,0,50,61,9,134,39,131,132,116,35,109,14" hai3="51,46,112,60,4,94,24,26,114,125,57,107,111"/><T27/><D121/><U28/><E74/><V95/><F39/><W16/><G107/><T43/><D108/><U7/><E68/><V73/><F109/><W48/><G111/><T69/><D69/><U25/><E37/><V70/><F35/><W100/><G125/><T6/><D103/><U59/><E127/><V85/><F73/><W124/><G4/><T106/><D106/><U15/><E130/><V122/><F50/><W53/><G124/><T5/><REACH who="0" step="1"/><D72/><REACH who="0" ten="240,250,250,250" step="2"/><U80/><E32/><V11/><F122/><W119/><G114/><T33/><D33/><U71/><E71/><V42/><F70/><W97/><G112/><T40/><D40/><U44/><E1/><V82/><F42/><W113/><G113/><T86/><D86/><U135/><E87/><V77/><F0/><W36/><G119/><T102/><D102/><U120/><E84/><V93/><F116/><W65/><G36/><AGARI ba="0,1" hai="5,6,8,13,17,21,27,31,36,43,45,76,78,79" machi="36" ten="40,2000,0" yaku="1,1,53,0" doraHai="92" doraHaiUra="67" who="0" fromWho="3" sc="240,30,250,0,250,0,250,-20" /><INIT seed="0,1,0,4,2,134" ten="270,250,250,230" oya="0" hai0="92,43,3,95,74,72,121,38,18,39,58,37,32" hai1="55,29,111,115,25,125,107,21,59,75,68,128,86" hai2="10,85,94,11,79,17,112,100,22,70,34,91,84" hai3="123,104,130,82,7,129,31,57,97,35,46,126,30"/><T80/><D121/><U108/><E75/><V87/><F112/><W49/><G123/><T5/><D43/><U26/><E115/><V119/><F34/><W14/><G57/><T63/><D32/><U132/><E68/><V56/><F70/><W36/><G36/><T44/><D44/><U2/><E132/><V114/><F114/><W99/><G82/><T12/><D5/><U47/><E2/><V16/><F100/><W67/><G67/><T109/><D3/><U8/><E128/><N who="3" m="49258" /><G126/><T41/><D41/><U28/><E47/><V23/><F119/><W135/><G135/><T64/><D109/><U103/><E55/><V40/><F56/><W69/><G69/><T62/><D62/><U0/><E59/><V27/><F40/><N who="3" m="24775" /><G104/><T105/><D105/><U120/><E125/><V73/><F73/><W50/><G50/><T113/><D113/><U42/><E42/><V6/><F6/><W52/><G52/><T1/><D72/><U33/><E120/><V45/><F45/><W133/><G133/><T24/><D74/><U77/><E107/><V88/><F79/><W54/><G54/><T106/><D106/><U65/><E65/><V117/><F117/><W71/><G71/><T61/><D64/><U101/><E111/><V118/><F118/><W98/><G35/><T102/><D38/><U78/><E108/><V81/><F84/><W83/><G83/><T51/><D80/><N who="1" m="47375" /><E78/><V131/><F131/><W116/><G116/><T13/><D39/><U127/><E127/><V20/><F20/><W90/><G90/><T19/><D1/><U15/><E0/><RYUUKYOKU ba="1,0" sc="270,-30,250,10,250,10,230,10" hai1="8,15,21,25,26,28,29,33,101,103" hai2="10,11,16,17,22,23,27,81,85,87,88,91,94" hai3="7,14,30,31,97,98,99" /><INIT seed="1,2,0,5,4,58" ten="240,260,260,240" oya="1" hai0="33,24,11,132,41,14,53,16,120,121,123,98,129" hai1="126,91,82,47,6,124,68,94,101,99,117,66,111" hai2="1,71,5,35,43,55,76,45,131,67,20,107,52" hai3="116,31,12,65,75,15,13,104,18,88,105,112,38"/><U30/><E117/><V0/><F35/><W109/><G112/><T42/><D129/><U23/><E6/><V54/><F131/><W8/><G75/><T39/><D132/><U21/><E47/><V28/><F107/><W106/><G38/><T63/><D39/><U10/><E10/><V90/><F76/><W97/><G116/><T73/><D73/><U133/><E133/><V92/><F5/><W93/><G109/><T108/><D108/><U100/><E111/><V62/><F20/><W57/><REACH who="3" step="1"/><G31/><REACH who="3" ten="240,260,260,230" step="2"/><N who="0" m="19687" /><D98/><U37/><E37/><V74/><F74/><W85/><G85/><T103/><D103/><U89/><E100/><V70/><F28/><W113/><G113/><T72/><D72/><U27/><E101/><V125/><F0/><W78/><G78/><T3/><D3/><U2/><E2/><V32/><F1/><W50/><G50/><T122/><D122/><U128/><E128/><V26/><F32/><W69/><G69/><T44/><D63/><AGARI ba="2,1" hai="8,12,13,15,18,57,63,65,88,93,97,104,105,106" machi="63" ten="40,5200,0" yaku="1,1,52,1,54,1,53,0" doraHai="58" doraHaiUra="48" who="3" fromWho="0" sc="240,-58,260,0,260,0,230,68" /><INIT seed="2,0,0,3,0,47" ten="182,260,260,298" oya="2" hai0="125,45,49,43,114,52,74,54,71,104,120,55,57" hai1="37,82,14,92,26,61,11,9,128,113,67,29,108" hai2="12,31,76,98,119,63,40,20,34,102,28,121,124" hai3="15,51,78,59,126,50,13,33,84,80,81,25,36"/><V96/><F119/><W22/><G36/><T56/><D74/><U30/><E113/><V41/><F121/><W19/><G126/><T39/><D104/><U127/><E37/><V105/><F124/><W46/><G33/><T130/><D125/><U106/><E127/><V111/><F111/><W3/><G3/><T58/><D120/><U97/><E106/><V99/><F34/><W70/><G70/><T65/><D130/><U62/><E108/><V94/><F76/><W10/><G81/><T66/><D114/><U115/><E128/><V2/><F2/><W68/><G68/><T44/><D71/><U95/><E115/><V117/><F63/><W0/><G0/><T135/><D135/><U129/><E129/><V116/><F116/><W91/><G78/><T112/><D112/><U8/><E14/><V87/><F117/><W118/><G118/><T103/><D103/><U93/><E97/><N who="2" m="37483" /><F87/><W38/><G15/><T73/><D73/><U100/><E100/><V89/><F102/><W90/><G90/><T77/><D77/><U69/><E26/><V32/><F32/><W123/><G59/><T88/><D88/><U16/><E62/><V134/><F134/><W27/><G27/><T24/><D24/><U85/><REACH who="1" step="1"/><E16/><REACH who="1" ten="182,250,260,298" step="2"/><N who="2" m="10247" /><F105/><W7/><REACH who="3" step="1"/><G123/><REACH who="3" ten="182,250,260,288" step="2"/><T109/><D109/><U23/><E23/><V131/><F131/><W122/><G122/><T75/><D75/><U42/><E42/><RYUUKYOKU type="ron3" ba="0,2" sc="182,0,250,0,260,0,288,0" hai0="39,43,44,45,49,52,54,55,56,57,58,65,66" hai2="28,31,40,41,89,94,99" hai3="7,10,13,19,22,25,38,46,50,51,80,84,91" /><INIT seed="2,1,2,0,4,42" ten="182,250,260,288" oya="2" hai0="124,20,7,38,62,48,105,66,58,74,104,109,61" hai1="57,59,11,33,29,24,28,106,126,130,112,45,23" hai2="41,39,134,108,73,135,25,55,94,91,120,78,31" hai3="64,75,81,119,47,100,96,90,35,6,80,10,129"/><V56/><F120/><W114/><G35/><T117/><D38/><U79/><E112/><V86/><F108/><W63/><G119/><T72/><D109/><U4/><E106/><V118/><F118/><W102/><G114/><T19/><D117/><U77/><E130/><V18/><F18/><W8/><G129/><T71/><D124/><U5/><E126/><V132/><F78/><N who="1" m="29705" /><E33/><N who="2" m="20719" /><F73/><W85/><G75/><T44/><D74/><U3/><E3/><V37/><F41/><W43/><G80/><T133/><D72/><U22/><E45/><V27/><F27/><W67/><G67/><T51/><D133/><U65/><E11/><V1/><F1/><W116/><G116/><T60/><D7/><N who="1" m="2635" /><E65/><V88/><F91/><W92/><G100/><T68/><D61/><AGARI ba="1,2" hai="37,39,55,56,61,86,88,94,132,134,135" m="20719" machi="61" ten="30,2900,0" yaku="20,1,54,1" doraHai="42" who="2" fromWho="0" sc="182,-32,250,0,260,52,288,0" /><INIT seed="2,2,0,3,5,94" ten="150,250,312,288" oya="2" hai0="38,116,29,81,30,0,80,56,134,45,1,41,84" hai1="42,89,82,124,63,11,122,37,27,6,106,8,46" hai2="88,64,59,128,104,40,92,65,69,39,87,14,129" hai3="53,114,66,47,70,96,131,101,97,76,44,12,60"/><V16/><F104/><W108/><G108/><T132/><D56/><U79/><E106/><V77/><F69/><W36/><G131/><N who="2" m="50249" /><F77/><W125/><G125/><T51/><D38/><U33/><E124/><V34/><F34/><W73/><G114/><T67/><D67/><U110/><E110/><V118/><F118/><W98/><G12/><T95/><D95/><U3/><E89/><V68/><F68/><W5/><G5/><T86/><D51/><U135/><E11/><N who="2" m="6239" /><F59/><W107/><G47/><AGARI ba="2,0" hai="39,40,47,64,65,87,88,92" m="6239,50249" machi="47" ten="30,5800,0" yaku="19,1,54,2" doraHai="94" who="2" fromWho="3" sc="150,0,250,0,312,64,288,-64" /><INIT seed="2,3,0,3,5,87" ten="150,250,376,224" oya="2" hai0="37,31,35,74,9,109,130,89,5,86,85,98,14" hai1="38,79,67,102,100,129,59,56,49,53,96,83,93" hai2="65,17,57,126,32,24,27,77,82,111,110,60,13" hai3="94,34,122,119,97,117,61,8,103,124,92,108,115"/><V63/><F126/><W90/><G34/><T42/><D74/><U125/><E38/><V68/><F32/><W127/><G8/><T29/><D109/><N who="2" m="41482" /><F63/><W43/><G43/><T48/><D130/><U15/><E125/><N who="3" m="48202" /><G61/><T50/><D37/><U107/><E129/><V21/><F68/><W1/><G1/><T3/><D3/><U64/><E59/><V55/><F55/><W4/><G4/><T36/><D36/><U128/><E128/><V131/><F131/><W66/><G66/><T105/><D105/><U10/><E102/><V6/><F6/><W118/><G108/><T84/><D35/><U112/><E107/><V88/><F88/><W121/><G115/><T78/><D78/><U133/><E133/><V69/><F69/><W120/><G120/><T54/><D42/><U19/><E112/><V44/><F44/><W104/><G104/><T7/><D7/><U81/><E81/><V99/><F99/><AGARI ba="3,0" hai="90,92,94,97,99,103,117,118,119,121,122" m="48202" machi="99" ten="40,8000,1" yaku="18,1,34,2,52,1" doraHai="87" who="3" fromWho="2" sc="150,0,250,0,376,-89,224,89" /><INIT seed="3,0,0,2,3,83" ten="150,250,287,313" oya="3" hai0="124,37,90,74,53,101,28,89,30,39,57,66,47" hai1="65,11,119,129,73,0,121,2,34,44,32,128,48" hai2="68,132,113,122,25,10,131,96,60,21,92,9,117" hai3="104,82,38,123,40,13,135,14,23,130,36,111,103"/><W118/><G118/><T81/><D101/><U54/><E119/><V102/><F117/><W70/><G70/><T93/><D124/><U19/><E121/><V88/><F113/><W22/><G123/><T62/><D39/><U17/><E73/><V133/><F122/><W7/><G103/><T94/><D81/><U6/><E65/><N who="2" m="40999" /><F131/><N who="1" m="50249" /><E0/><V112/><F112/><W31/><G104/><T46/><D74/><U127/><E127/><V12/><F12/><W20/><G130/><T107/><D107/><U78/><E78/><V114/><F102/><W115/><G115/><T59/><D37/><U42/><E54/><V99/><F99/><W126/><G13/><T63/><REACH who="0" step="1"/><D53/><REACH who="0" ten="140,250,287,313" step="2"/><U97/><E97/><V41/><F114/><W86/><G82/><T84/><D84/><U85/><E85/><V106/><F106/><W75/><G86/><T72/><D72/><U79/><E79/><V109/><F109/><W51/><G75/><T15/><D15/><U29/><E29/><N who="2" m="17583" /><F41/><W1/><G126/><T61/><D61/><U5/><E5/><V95/><F95/><W116/><G14/><T55/><D55/><U110/><E110/><V58/><F133/><W33/><G135/><T26/><D26/><U16/><AGARI ba="0,1" hai="2,6,11,16,17,19,32,34,42,44,48" m="50249" machi="16" ten="30,2000,0" yaku="19,1,54,1" doraHai="83" who="1" fromWho="1" sc="140,-5,250,30,287,-5,313,-10" owari="135,-36.5,280,-12.0,282,8.2,303,40.3" /></mjloggm>