<mjloggm ver="2.3"><GO type="225" lobby="0"/><UN n0="%E6%98%93%E5%88%A9%E8%96%A9%E4%BC%AF" n1="%E5%91%A8%E6%9D%B1" n2="%E5%8F%AF%E5%85%90%E9%82%A3%E7%94%B1%E5%A4%9A" n3="%72%69%6F%75%63%68%61%6E" dan="16,17,16,16" rate="2146.22,2186.60,2133.02,2187.94" sx="F,M,F,M"/><TAIKYOKU oya="0"/><INIT seed="0,0,0,3,1,43" ten="250,250,250,250" oya="0" hai0="76,23,103,69,6,32,96,31,24,75,27,26,85" hai1="44,33,89,107,126,64,10,105,36,54,18,130,48" hai2="28,53,100,125,45,67,82,11,60,58,94,13,2" hai3="68,40,9,59,73,4,86,92,7,71,97,112,132"/><T56/><D69/><U50/><E36/><V101/><F125/><W52/><G112/><T84/><D6/><U110/><E126/><V119/><F119/><W95/><G132/><T46/><D56/><U65/><E33/><V121/><F121/><W17/><G73/><T38/><D75/><U124/><E124/><V74/><F2/><W21/><G40/><T39/><D27/><U116/><E116/><V102/><F28/><W16/><G86/><T135/><D135/><U5/><E130/><V29/><F29/><W113/><G113/><T61/><D61/><U47/><E110/><V55/><F74/><W114/><G114/><T63/><D63/><U37/><E37/><V78/><F78/><W66/><G66/><T122/><D122/><U81/><E18/><V42/><F82/><W51/><G95/><T128/><D128/><U133/><E133/><V131/><F94/><W3/><G4/><T127/><D127/><U108/><E108/><V19/><REACH who="2" step="1"/><F131/><REACH who="2" ten="250,250,240,250" step="2"/><W30/><G30/><T88/><D76/><U1/><E107/><V87/><F87/><W118/><G118/><T22/><D85/><N who="1" m="50351" /><E105/><V91/><F91/><W35/><G35/><T115/><D115/><U12/><E1/><V83/><F83/><W106/><G106/><T41/><D32/><U72/><E72/><V77/><F77/><W25/><G17/><T104/><D84/><U15/><E15/><V79/><F79/><W0/><G3/><T99/><D104/><U117/><E117/><V98/><F98/><W8/><G8/><T129/><D129/><U80/><E80/><V90/><F90/><AGARI ba="0,1" hai="0,7,9,16,21,25,51,52,59,68,71,90,92,97" machi="90" ten="30,7700,0" yaku="6,1,7,1,54,2" doraHai="43" who="3" fromWho="2" sc="250,0,250,0,240,-77,250,87" /><INIT seed="1,0,0,4,2,62" ten="250,250,163,337" oya="1" hai0="3,45,41,82,56,133,2,42,67,86,63,113,75" hai1="70,101,0,68,36,37,48,126,14,105,38,17,23" hai2="22,124,61,1,103,39,7,91,15,21,108,78,20" hai3="66,100,16,54,5,81,97,132,8,92,89,99,93"/><U122/><E122/><V50/><F39/><W47/><G132/><T88/><D113/><U119/><E119/><V95/><F108/><W134/><G134/><T52/><D133/><U10/><E126/><V127/><F1/><W109/><G109/><T135/><D135/><U40/><E105/><V76/><F103/><W59/><G47/><T80/><D75/><U46/><REACH who="1" step="1"/><E101/><REACH who="1" ten="250,240,163,337" step="2"/><V26/><F127/><W98/><G100/><T69/><D82/><U111/><E111/><V120/><F124/><W87/><G81/><T43/><REACH who="0" step="1"/><D45/><REACH who="0" ten="240,240,163,337" step="2"/><U60/><E60/><AGARI ba="0,2" hai="2,3,41,42,43,52,56,60,63,67,69,80,86,88" machi="60" ten="40,8000,1" yaku="1,1,2,1,52,1,54,2,53,0" doraHai="62" doraHaiUra="18" who="0" fromWho="1" sc="240,100,240,-80,163,0,337,0" /><INIT seed="2,0,0,5,3,118" ten="340,160,163,337" oya="2" hai0="10,79,28,102,82,117,134,81,27,91,8,68,107" hai1="96,26,29,126,125,18,21,94,24,53,76,121,112" hai2="73,33,50,62,36,9,129,104,77,132,35,130,74" hai3="46,2,89,42,93,41,13,72,99,20,100,87,49"/><V39/><F50/><W23/><G2/><T48/><D117/><U30/><E112/><V71/><F9/><W52/><G72/><N who="2" m="27753" /><F77/><W119/><G119/><T6/><D68/><U69/><E69/><V85/><F85/><W59/><G13/><T90/><D10/><U110/><E76/><V70/><F132/><W34/><G34/><N who="2" m="12809" /><F104/><W128/><G128/><N who="2" m="49257" /><F62/><W38/><REACH who="3" step="1"/><G41/><REACH who="3" ten="340,160,163,327" step="2"/><T43/><D43/><U66/><E26/><V0/><F0/><W54/><G54/><T109/><D27/><U45/><E53/><V84/><F84/><W14/><G14/><T11/><D134/><U114/><E24/><V58/><F58/><W75/><G75/><T19/><D8/><U105/><E105/><AGARI ba="0,1" hai="20,23,38,42,46,49,52,59,87,89,93,99,100,105" machi="105" ten="30,3900,0" yaku="1,1,7,1,54,1,53,0" doraHai="118" doraHaiUra="111" who="3" fromWho="1" sc="340,0,160,-39,163,0,327,49" /><INIT seed="3,0,0,3,0,15" ten="340,121,163,376" oya="3" hai0="83,35,119,43,9,31,117,33,93,126,124,122,125" hai1="11,67,91,10,85,76,90,47,44,65,66,107,92" hai2="105,106,130,1,22,56,36,64,53,16,88,32,39" hai3="110,17,27,25,96,72,80,104,59,118,94,70,48"/><W113/><G113/><T8/><D43/><U127/><E107/><V89/><F32/><N who="0" m="12362" /><D83/><U0/><E0/><V60/><F1/><W97/><G118/><N who="0" m="45067" /><D93/><U63/><E127/><V42/><F130/><W62/><G104/><T68/><D68/><U131/><E131/><V102/><F106/><W114/><G70/><T21/><D122/><U23/><E76/><V3/><F3/><W54/><G97/><T120/><D120/><U37/><E37/><V133/><F133/><W13/><G114/><T77/><D77/><U101/><E101/><V69/><F102/><W41/><G80/><T75/><D75/><U128/><E128/><V129/><F39/><W34/><G34/><T30/><D21/><U50/><E63/><V4/><F129/><W112/><G112/><T87/><D87/><U109/><E109/><V134/><F105/><W99/><G110/><T55/><D55/><U38/><E38/><V12/><F53/><N who="3" m="34159" /><G41/><T115/><D115/><U28/><E91/><V14/><F89/><N who="3" m="55375" /><G99/><T24/><D24/><U58/><E58/><V116/><F56/><N who="3" m="32839" /><G72/><T108/><D108/><U7/><E7/><V40/><F4/><W123/><G123/><T111/><D111/><U61/><E61/><V78/><F60/><W82/><G82/><T103/><D103/><U5/><E5/><V71/><F36/><W45/><G45/><T2/><D2/><U132/><E132/><V81/><F134/><W135/><G135/><T29/><AGARI ba="0,0" hai="8,9,29,30,31,124,125,126" m="45067,12362" machi="29" ten="50,8000,1" yaku="28,2,18,1,34,2" doraHai="15" who="0" fromWho="0" sc="340,80,121,-20,163,-20,376,-40" owari="420,52.0,101,-39.9,143,-25.7,336,13.6" /></mjloggm>