<mjloggm ver="2.3"><GO type="225" lobby="0"/><UN n0="%E5%B8%86%E7%AB%8B%E5%A4%8F%E8%A1%A3" n1="%E3%82%BC%E3%83%AB%E3%83%80%E3%81%AE%E4%BC%9D%E8%AA%AC" n2="%E3%83%96%E3%83%83%E3%83%91%E3%82%AA%E3%83%96%E3%83%81%E3%82%AD%E3%83%B3" n3="%E3%81%AF%E3%81%BE%E3%81%A1%E3%83%AA%E3%83%BC%E3%82%B0" dan="17,17,17,16" rate="2193.41,2130.09,2191.30,2064.61" sx="M,M,M,M"/><TAIKYOKU oya="0"/><INIT seed="0,0,0,0,2,94" ten="250,250,250,250" oya="0" hai0="25,12,112,19,62,23,48,134,129,84,72,34,103" hai1="117,57,113,13,105,38,74,45,24,67,109,2,75" hai2="27,89,119,77,121,76,51,29,41,64,58,17,131" hai3="101,110,125,61,78,36,92,114,55,10,79,47,52"/><T111/><D72/><U44/><E2/><V107/><F121/><W56/><G114/><T87/><D112/><U7/><E113/><V0/><F131/><W85/><G110/><T60/><D129/><U91/><E105/><V5/><F119/><W68/><G68/><T71/><D134/><U69/><E24/><V100/><F17/><W102/><G125/><T86/><D111/><U6/><E91/><V135/><F135/><W28/><G28/><T59/><D71/><U35/><E35/><V97/><F89/><N who="3" m="53295" /><G36/><T70/><D70/><U42/><E109/><V43/><F43/><W116/><G116/><T40/><D103/><N who="3" m="39433" /><G10/><T1/><D1/><U73/><E69/><V37/><F37/><W26/><G26/><T96/><D96/><U11/><E117/><V18/><F41/><W33/><G33/><T4/><D34/><U118/><E118/><V9/><F29/><W22/><G22/><T21/><D40/><U124/><E124/><V126/><F126/><W30/><G30/><N who="0" m="17711" /><D4/><U8/><E42/><V115/><F115/><W88/><G88/><T54/><AGARI ba="0,0" hai="12,19,23,48,54,59,60,62,84,86,87" m="17711" machi="54" ten="30,1500,0" yaku="8,1" doraHai="94" who="0" fromWho="0" sc="250,15,250,-5,250,-5,250,-5" /><INIT seed="0,1,0,3,2,45" ten="265,245,245,245" oya="0" hai0="69,81,11,3,4,75,113,76,65,131,135,133,44" hai1="88,53,123,95,130,82,70,124,9,114,49,30,106" hai2="122,41,34,118,15,105,119,127,78,20,91,111,77" hai3="93,72,39,85,80,57,62,5,61,99,25,64,132"/><T50/><D131/><U100/><E123/><V104/><F122/><W1/><G72/><T47/><D113/><U2/><E70/><V63/><F34/><W21/><G39/><T134/><D69/><U42/><E114/><V36/><F111/><W87/><G132/><T40/><D65/><U117/><E117/><N who="2" m="44555" /><F127/><W108/><G108/><T68/><D68/><U98/><E130/><V79/><F63/><W129/><G129/><T96/><D96/><U73/><E30/><V16/><F91/><W33/><G33/><T19/><D19/><U97/><E42/><V101/><F101/><W29/><G61/><T37/><D134/><U109/><E109/><V12/><F12/><W71/><G71/><T92/><D92/><U35/><E35/><V115/><F115/><W54/><G54/><AGARI ba="1,0" hai="3,4,11,37,40,44,47,50,54,75,76,81,133,135" machi="54" ten="40,7700,0" yaku="25,2,52,1" doraHai="45" who="0" fromWho="3" sc="265,80,245,0,245,0,245,-80" /><INIT seed="0,2,0,3,0,4" ten="345,245,245,165" oya="0" hai0="107,55,27,26,40,87,115,95,22,17,118,75,57" hai1="19,128,81,23,83,96,105,67,32,132,74,77,63" hai2="38,66,78,126,42,89,121,0,133,44,49,86,76" hai3="16,113,46,18,9,84,99,91,64,2,30,79,35"/><T31/><D115/><U48/><E32/><V13/><F121/><W102/><G113/><T124/><D107/><U60/><E132/><V109/><F0/><W110/><G110/><T73/><D124/><U21/><E128/><V33/><F109/><W12/><G79/><T36/><D118/><U15/><E81/><V70/><F133/><W59/><G2/><T94/><D40/><U37/><E37/><V6/><F126/><W85/><G46/><T47/><D47/><U125/><E125/><V1/><F33/><W43/><G43/><T108/><D36/><U71/><E63/><V68/><F1/><W82/><G85/><T20/><D108/><U11/><REACH who="1" step="1"/><E48/><REACH who="1" ten="345,235,245,165" step="2"/><V90/><F49/><W39/><G39/><T14/><D27/><U25/><E25/><V103/><F38/><W62/><G35/><T65/><D65/><U100/><AGARI ba="2,1" hai="11,15,19,21,23,60,67,71,74,77,83,96,100,105" machi="100" ten="30,4000,0" yaku="1,1,0,1,52,1,53,0" doraHai="4" doraHaiUra="111" who="1" fromWho="1" sc="345,-22,235,56,245,-12,165,-12" /><INIT seed="1,0,0,0,2,85" ten="323,291,233,153" oya="1" hai0="57,36,27,19,128,65,22,96,118,89,47,122,13" hai1="31,110,132,32,133,75,73,53,108,119,81,34,35" hai2="107,117,58,55,134,109,30,135,129,91,103,79,88" hai3="98,67,41,83,124,39,15,49,113,92,40,5,87"/><U93/><E119/><V17/><F117/><W52/><G113/><T4/><D128/><U94/><E31/><V112/><F129/><W72/><G72/><N who="1" m="27722" /><E53/><V90/><F112/><W120/><G120/><T82/><D122/><U105/><E81/><V51/><F109/><N who="1" m="42089" /><E105/><V11/><F30/><W6/><G39/><T104/><D36/><U24/><E24/><V18/><F79/><W42/><G124/><T78/><D78/><U76/><E76/><V61/><F51/><W71/><G15/><T101/><D27/><U70/><E70/><V74/><F74/><W29/><G67/><T125/><D82/><U123/><E123/><V99/><REACH who="2" step="1"/><F11/><REACH who="2" ten="323,291,223,153" step="2"/><W100/><G29/><T84/><D118/><U114/><E114/><V21/><F21/><W69/><G69/><T80/><D22/><U63/><E63/><V121/><F121/><W56/><REACH who="3" step="1"/><G71/><REACH who="3" ten="323,291,223,143" step="2"/><T62/><D125/><U46/><E132/><AGARI ba="0,2" hai="17,18,55,58,61,88,90,91,99,103,107,132,134,135" machi="132" ten="40,12000,2" yaku="1,1,20,1,52,3,54,1,53,0" doraHai="85" doraHaiUra="25" who="2" fromWho="1" sc="323,0,291,-120,223,140,143,0" /><INIT seed="2,0,0,1,3,67" ten="323,171,363,143" oya="2" hai0="82,57,68,1,3,91,114,11,66,76,6,35,44" hai1="31,107,72,56,118,134,10,24,130,40,26,0,125" hai2="28,27,70,117,86,94,16,126,133,33,29,4,17" hai3="89,90,103,98,77,128,81,80,32,124,100,95,119"/><V45/><F117/><W97/><G32/><T135/><D114/><U65/><E72/><V13/><F126/><W120/><G119/><T49/><D135/><U60/><E118/><V105/><F105/><N who="3" m="63631" /><G120/><T30/><D91/><N who="3" m="34825" /><G124/><T132/><D132/><U99/><E134/><V108/><F133/><W121/><G121/><T88/><D88/><U42/><E125/><V62/><F108/><W79/><G128/><T64/><D3/><U47/><E130/><V113/><F86/><W104/><G104/><T116/><D116/><U83/><E83/><AGARI ba="0,0" hai="77,79,80,81,83,95,98,103" m="34825,63631" machi="83" ten="30,8000,1" yaku="35,5" doraHai="67" who="3" fromWho="1" sc="323,0,171,-80,363,0,143,80" /><INIT seed="3,0,0,4,4,19" ten="323,91,363,223" oya="3" hai0="18,31,29,11,60,24,79,27,21,36,114,26,32" hai1="37,57,8,102,111,96,62,3,109,13,55,129,20" hai2="77,108,127,87,94,42,81,4,14,106,49,53,105" hai3="135,99,33,10,112,71,78,82,131,50,28,113,12"/><W6/><G71/><T122/><D36/><U1/><E37/><V54/><F108/><W110/><G110/><T40/><D40/><U95/><E129/><V116/><F127/><W70/><G70/><T66/><D114/><U2/><E111/><V73/><F116/><W16/><G131/><T93/><D122/><U23/><REACH who="1" step="1"/><E109/><REACH who="1" ten="323,81,363,223" step="2"/><V86/><F73/><N who="3" m="43343" /><G113/><T43/><D43/><U72/><E72/><V67/><F67/><W0/><G112/><T41/><D41/><U85/><E85/><V130/><F130/><W104/><G135/><T56/><D79/><U45/><E45/><N who="2" m="25783" /><F106/><W7/><G104/><T134/><D134/><U61/><E61/><V34/><F105/><W69/><G50/><T103/><D11/><U92/><E92/><V59/><F34/><W91/><G10/><T22/><D93/><U120/><E120/><V58/><F94/><W90/><G99/><T63/><REACH who="0" step="1"/><D60/><REACH who="0" ten="313,81,363,223" step="2"/><U51/><E51/><V68/><F77/><W125/><G125/><T35/><D35/><U75/><E75/><V47/><F81/><W39/><G33/><T76/><D76/><U17/><AGARI ba="0,2" hai="1,2,3,8,13,17,20,23,55,57,62,95,96,102" machi="17" ten="30,7900,0" yaku="1,1,0,1,52,2,53,0" doraHai="19" doraHaiUra="65" who="1" fromWho="1" sc="313,-20,81,99,363,-20,223,-39" owari="293,9.3,180,-32.0,343,44.3,184,-21.6" /></mjloggm>