<mjloggm ver="2.3"><GO type="225" lobby="0"/><UN n0="%E3%83%96%E3%83%83%E3%83%91%E3%82%AA%E3%83%96%E3%83%81%E3%82%AD%E3%83%B3" n1="%E3%83%A9%E3%82%B9%E7%8E%87%EF%BC%93%E5%89%B2" n2="%E3%81%BF%E3%81%BF%E3%81%9A" n3="%E5%B0%8F%E9%B3%A5%E9%81%8A%E7%B7%B4%E7%84%A1%32%31%E6%AD%B3" dan="16,17,18,16" rate="2196.68,2205.08,2217.51,2199.66" sx="M,F,M,F"/><TAIKYOKU oya="0"/><INIT seed="0,0,0,0,3,94" ten="250,250,250,250" oya="0" hai0="16,110,46,131,120,116,93,122,80,56,54,28,111" hai1="104,17,126,18,8,98,34,4,133,61,60,71,85" hai2="35,70,27,96,22,0,13,128,114,75,49,38,74" hai3="77,79,125,64,30,5,59,127,66,89,62,92,109"/><T112/><D28/><U3/><E133/><V33/><F38/><W102/><G5/><T55/><D131/><U29/><E126/><N who="3" m="48138" /><G102/><T88/><D112/><U105/><E85/><V39/><F39/><W108/><G30/><T78/><D116/><U82/><E82/><V100/><F114/><W57/><G57/><T24/><D46/><U41/><E41/><V14/><F0/><W9/><G9/><T119/><D119/><U6/><E29/><V65/><F128/><W83/><G66/><T106/><D106/><U115/><E8/><V40/><F65/><W63/><G63/><T118/><D118/><U43/><E43/><V81/><F40/><W32/><G32/><T26/><D122/><U50/><E3/><V19/><F70/><W103/><G103/><T72/><D120/><U44/><E71/><V113/><F113/><W20/><G20/><N who="0" m="13319" /><D26/><U10/><E34/><V23/><F33/><W86/><G77/><T67/><D67/><U52/><E115/><V42/><F35/><W121/><G121/><T117/><D117/><U11/><E44/><N who="2" m="25751" /><F13/><W7/><G7/><T2/><D2/><U51/><E6/><V90/><F14/><W107/><G107/><T101/><D101/><U1/><E4/><V25/><F27/><W31/><G31/><T68/><D68/><U12/><E1/><V37/><F23/><W69/><G69/><T129/><D129/><U123/><E12/><V132/><F37/><W99/><AGARI ba="0,0" hai="59,62,64,79,83,86,89,92,99,108,109" m="48138" machi="99" ten="30,2000,0" yaku="18,1,52,1" doraHai="94" who="3" fromWho="3" sc="250,-10,250,-5,250,-5,250,20" /><INIT seed="1,0,0,0,2,120" ten="240,245,245,270" oya="1" hai0="51,16,38,94,35,84,42,69,124,78,86,134,131" hai1="0,47,98,34,83,123,102,114,8,121,20,65,105" hai2="45,135,59,126,73,11,66,79,122,106,57,99,112" hai3="80,37,109,25,130,48,28,62,3,5,54,116,18"/><U63/><E114/><V4/><F112/><W30/><G116/><T119/><D119/><U89/><E34/><V97/><F122/><W9/><G37/><T2/><D69/><U71/><E20/><V52/><F126/><W49/><G130/><T115/><D115/><U44/><E123/><V67/><F135/><W85/><G18/><T127/><D2/><U53/><E121/><V74/><F106/><W75/><G75/><T56/><D35/><U36/><E53/><V13/><F74/><W22/><G30/><T31/><D31/><U61/><E36/><V128/><F128/><W87/><G87/><T68/><D68/><U58/><E89/><V39/><F79/><W100/><G100/><T26/><D131/><U92/><E105/><V29/><F73/><W113/><G113/><T10/><D134/><U21/><E83/><V24/><F39/><W27/><G27/><T40/><D38/><U15/><E21/><N who="2" m="15503" /><F45/><W14/><G3/><T129/><D129/><U96/><E96/><N who="2" m="36939" /><F59/><W72/><G72/><T132/><D132/><U117/><E0/><V12/><F13/><W88/><G62/><AGARI ba="0,0" hai="4,11,12,52,57,62,66,67" m="36939,15503" machi="62" ten="30,2000,0" yaku="8,1,54,1" doraHai="120" who="2" fromWho="3" sc="240,0,245,0,245,20,270,-20" /><INIT seed="2,0,0,4,4,135" ten="240,245,265,250" oya="2" hai0="18,3,70,43,32,55,118,31,28,65,120,99,20" hai1="15,134,47,86,69,16,41,79,8,92,10,44,82" hai2="95,85,72,66,124,77,45,61,125,91,0,29,27" hai3="126,127,53,68,39,93,113,51,117,76,87,119,64"/><V94/><F0/><W123/><G39/><T14/><D120/><U122/><E134/><V115/><F115/><W67/><G123/><T52/><D3/><U40/><E122/><V132/><F132/><W26/><G26/><T42/><D118/><N who="3" m="45065" /><G93/><T5/><D70/><U74/><E69/><V112/><F112/><W11/><G11/><N who="0" m="4463" /><D32/><U71/><E71/><V58/><F45/><N who="1" m="17481" /><E74/><V80/><REACH who="2" step="1"/><F95/><REACH who="2" ten="240,245,255,250" step="2"/><W23/><G113/><T34/><D34/><AGARI ba="0,1" hai="27,29,34,58,61,66,72,77,80,85,91,94,124,125" machi="34" ten="40,12000,1" yaku="1,1,2,1,52,2,53,0" doraHai="135" doraHaiUra="38" who="2" fromWho="0" sc="240,-120,245,0,255,130,250,0" /><INIT seed="2,1,0,0,2,135" ten="120,245,385,250" oya="2" hai0="24,3,2,56,84,90,28,109,17,55,128,11,98" hai1="131,124,6,59,12,32,69,53,26,82,89,114,41" hai2="73,48,100,22,115,65,97,29,110,75,104,62,5" hai3="63,122,106,25,71,64,36,70,130,120,16,8,107"/><V87/><F115/><W96/><G130/><T103/><D109/><U54/><E69/><V93/><F110/><W9/><G36/><T23/><D128/><U66/><E114/><V81/><F5/><W0/><G0/><T51/><D11/><U13/><E41/><V52/><F104/><W35/><G71/><T58/><D28/><U1/><E1/><V49/><F49/><W31/><G107/><T34/><D34/><U20/><E32/><V33/><F33/><W79/><G79/><T80/><REACH who="0" step="1"/><D58/><REACH who="0" ten="110,245,385,250" step="2"/><U78/><E131/><V18/><F29/><W127/><G8/><T88/><D88/><U83/><E89/><V37/><F22/><W77/><G9/><T45/><D45/><U74/><E59/><V7/><F100/><W19/><G120/><T39/><D39/><U99/><E20/><V60/><F37/><W44/><G122/><T38/><D38/><U94/><E6/><V43/><F7/><W21/><G44/><T108/><D108/><U92/><E78/><V129/><F129/><W42/><G77/><T126/><D126/><U85/><E124/><V119/><F119/><W121/><G127/><T14/><D14/><U123/><E123/><V117/><F117/><W46/><G121/><T76/><D76/><U47/><E47/><V10/><F10/><W67/><G21/><T105/><AGARI ba="1,1" hai="2,3,17,23,24,51,55,56,80,84,90,98,103,105" machi="105" ten="20,2700,0" yaku="1,1,0,1,7,1,53,0" doraHai="135" doraHaiUra="125" who="0" fromWho="0" sc="110,40,245,-8,385,-14,250,-8" /><INIT seed="3,0,0,0,4,89" ten="150,237,371,242" oya="3" hai0="86,19,115,48,104,72,49,114,91,35,119,13,73" hai1="106,64,20,127,21,92,116,100,132,1,17,63,0" hai2="122,36,129,43,113,130,59,99,102,77,58,9,61" hai3="39,71,55,29,98,12,28,3,87,50,53,44,5"/><W118/><G39/><T24/><D35/><U95/><E132/><V79/><F113/><N who="0" m="43018" /><D24/><U70/><E127/><V108/><F108/><W134/><G3/><T84/><D13/><U109/><E109/><V131/><F122/><W60/><G134/><T117/><D19/><U27/><E116/><N who="0" m="44617" /><D104/><U52/><E1/><V69/><F69/><W74/><G74/><N who="0" m="28779" /><D48/><U30/><E0/><V67/><F58/><N who="3" m="34895" /><G71/><T111/><D49/><U33/><E52/><V38/><F9/><N who="3" m="4143" /><G118/><T15/><D15/><N who="1" m="9279" /><E21/><V51/><F51/><W46/><G46/><T57/><D57/><U123/><E123/><V83/><F43/><W75/><G75/><T78/><D111/><U96/><AGARI ba="0,0" hai="27,30,33,63,64,70,92,95,96,100,106" m="9279" machi="96" ten="30,4000,0" yaku="25,1,52,2" doraHai="89" who="1" fromWho="1" sc="150,-10,237,40,371,-10,242,-20" owari="140,-36.0,277,7.7,361,46.1,222,-17.8" /></mjloggm>