<mjloggm ver="2.3"><GO type="225" lobby="0"/><UN n0="%E5%B6%BA%E4%B8%8A%E5%92%B2" n1="%E7%99%BD%E5%80%89%E5%AF%9B%E4%B9%8B" n2="%E3%81%8B%E3%82%8F%E3%81%A1%E3%82%83%E3%82%93%35%38" n3="%E6%9C%88%E5%B3%B6%E5%9F%BA" dan="16,16,16,17" rate="2147.50,2134.60,2207.87,2208.27" sx="F,M,M,M"/><TAIKYOKU oya="0"/><INIT seed="0,0,0,4,3,125" ten="250,250,250,250" oya="0" hai0="122,10,133,24,34,15,11,41,129,116,25,80,71" hai1="98,26,101,106,57,1,22,92,130,105,102,78,21" hai2="18,12,126,82,83,0,74,77,135,9,117,59,51" hai3="50,103,72,68,23,87,14,113,107,115,97,111,19"/><T39/><D122/><U6/><E130/><V7/><F126/><W56/><G72/><T28/><D116/><U66/><E78/><V91/><F135/><W95/><G68/><T131/><D71/><U73/><E73/><V114/><F114/><W76/><G111/><T36/><D133/><U88/><E22/><V55/><F117/><W94/><G76/><T16/><D80/><U40/><E40/><V44/><F83/><W128/><G128/><N who="0" m="49227" /><D41/><U89/><E6/><V48/><F91/><N who="3" m="53631" /><G107/><T124/><D124/><U110/><E1/><V86/><F74/><W45/><G45/><T119/><D119/><U81/><E110/><V96/><F96/><W3/><G3/><T54/><D54/><AGARI ba="0,0" hai="14,19,23,50,54,56,95,97,103,113,115" m="53631" machi="54" ten="30,1000,0" yaku="25,1" doraHai="125" who="3" fromWho="0" sc="250,-10,250,0,250,0,250,10" /><INIT seed="1,0,0,1,4,124" ten="240,250,250,260" oya="1" hai0="100,134,6,130,12,109,51,50,71,97,35,132,79" hai1="122,65,19,74,21,36,76,93,72,4,85,37,131" hai2="13,75,83,8,32,43,14,84,82,126,90,123,104" hai3="110,25,26,38,86,119,117,81,107,63,44,96,113"/><U61/><E122/><V59/><F123/><W87/><G113/><T53/><D71/><U73/><E4/><V31/><F104/><W2/><G2/><T24/><D79/><U28/><E28/><V116/><F116/><N who="3" m="44619" /><G110/><T121/><D121/><U135/><E135/><N who="0" m="51753" /><D109/><U112/><E112/><V92/><F59/><W129/><G129/><T120/><D120/><U29/><E29/><V67/><F13/><W52/><G38/><T77/><D77/><U30/><E30/><V69/><F90/><N who="3" m="51535" /><G87/><T68/><D68/><U94/><E131/><V125/><F69/><W118/><G118/><T7/><D130/><U42/><E76/><V80/><F84/><W89/><G89/><T105/><D12/><U9/><E9/><V95/><F8/><W33/><G33/><T17/><D50/><U60/><E85/><V49/><F14/><W40/><G40/><T11/><D11/><U106/><E106/><V45/><F126/><W10/><G10/><T46/><D35/><U111/><E111/><V98/><F125/><W108/><G108/><T101/><D100/><U99/><E42/><V47/><F43/><W133/><G133/><T0/><D0/><U114/><E114/><V115/><F115/><W78/><G78/><T66/><D66/><U88/><E94/><V22/><F95/><W64/><G107/><T27/><D27/><U56/><REACH who="1" step="1"/><E61/><REACH who="1" ten="240,240,250,260" step="2"/><V15/><F92/><W102/><G63/><T34/><D34/><U16/><E16/><N who="2" m="10527" /><F32/><W54/><G96/><T39/><D39/><U3/><E3/><V23/><F98/><W127/><G127/><T103/><D103/><RYUUKYOKU ba="0,1" sc="240,15,240,15,250,-15,260,-15" hai0="6,7,17,24,46,51,53,97,101,105" hai1="19,21,36,37,56,60,65,72,73,74,88,93,99" /><INIT seed="1,1,1,3,2,97" ten="255,255,235,245" oya="1" hai0="117,59,74,85,100,122,75,123,103,119,131,79,81" hai1="42,102,76,45,111,92,93,62,7,63,99,33,132" hai2="109,25,87,39,128,86,49,8,34,110,95,104,106" hai3="18,37,23,101,11,38,91,77,12,44,135,53,112"/><U90/><E33/><V61/><F39/><W114/><G135/><T51/><D51/><U56/><E132/><V121/><F121/><N who="0" m="46090" /><D59/><U29/><E111/><N who="2" m="42507" /><F128/><W31/><G77/><T30/><D30/><U36/><E29/><N who="2" m="19759" /><F49/><N who="3" m="28839" /><G38/><T94/><D131/><U113/><E113/><V134/><F134/><W88/><G37/><T124/><D124/><U0/><E76/><V115/><F115/><W6/><G114/><T67/><D67/><U2/><E7/><V96/><F8/><W80/><G112/><T58/><D58/><U20/><E20/><V21/><F21/><W5/><G31/><T72/><D94/><U40/><E40/><V4/><F4/><W118/><G6/><T52/><D52/><U65/><REACH who="1" step="1"/><E63/><REACH who="1" ten="255,245,235,245" step="2"/><V66/><F106/><W133/><G133/><T43/><D43/><U47/><E47/><V1/><F104/><W10/><G5/><T48/><D48/><U89/><E89/><N who="2" m="55407" /><F1/><W27/><G23/><T125/><D125/><U82/><E82/><V32/><F32/><W68/><G80/><T22/><D22/><U126/><E126/><V64/><F61/><W17/><G11/><T98/><D98/><AGARI ba="1,2" hai="0,2,36,42,45,56,62,65,90,92,93,98,99,102" machi="98" ten="30,5800,0" yaku="1,1,7,1,52,1,53,0" doraHai="97" doraHaiUra="26" who="1" fromWho="0" sc="255,-61,245,81,235,0,245,0" /><INIT seed="1,2,0,4,2,49" ten="194,326,235,245" oya="1" hai0="84,1,66,122,56,54,31,38,103,128,85,59,45" hai1="32,24,118,48,70,110,34,25,23,21,14,116,11" hai2="39,105,88,41,42,113,68,53,115,0,63,75,114" hai3="104,135,71,101,130,99,69,9,87,83,58,57,27"/><U109/><E70/><V133/><F105/><W47/><G130/><T62/><D1/><U100/><E100/><V52/><F75/><W43/><G135/><T119/><D119/><N who="1" m="45611" /><E48/><V125/><F133/><W78/><G27/><N who="1" m="10314" /><E23/><V90/><F0/><W6/><G71/><T134/><D128/><U67/><E21/><V74/><F74/><W127/><G127/><T26/><D134/><U129/><E129/><V93/><F125/><W112/><G112/><T79/><D122/><U55/><E55/><N who="2" m="21067" /><F39/><W76/><G69/><T19/><D103/><U102/><E102/><V80/><F80/><W33/><G33/><N who="1" m="12906" /><E67/><N who="2" m="41087" /><F90/><W107/><G107/><T13/><D79/><U37/><E37/><V72/><F72/><W97/><G78/><T46/><D38/><U44/><E44/><V35/><F35/><W81/><G104/><T4/><D84/><AGARI ba="2,0" hai="41,42,84,88,93,113,114,115" m="41087,21067" machi="84" ten="30,12000,2" yaku="11,1,52,3,54,2" doraHai="49" who="2" fromWho="0" sc="194,-126,326,0,235,126,245,0" /><INIT seed="2,0,0,0,0,58" ten="68,326,361,245" oya="2" hai0="32,59,63,12,0,119,87,60,6,66,64,134,56" hai1="54,95,85,42,37,106,75,24,108,7,53,1,121" hai2="30,35,52,105,23,46,69,122,84,101,99,90,100" hai3="96,26,20,89,10,4,91,29,14,88,83,44,70"/><V123/><F35/><W62/><G44/><T118/><D32/><U116/><E106/><V86/><F69/><W17/><G83/><T48/><D0/><U81/><E108/><V25/><F100/><W113/><G113/><T98/><D98/><U72/><E116/><V125/><F125/><W49/><G49/><T78/><D78/><U97/><E24/><V38/><F86/><W110/><G110/><T43/><D87/><U2/><E121/><V51/><REACH who="2" step="1"/><F38/><REACH who="2" ten="68,326,351,245" step="2"/><W131/><G70/><T19/><D134/><U94/><E85/><V33/><F33/><W27/><G96/><T107/><D107/><U41/><E97/><V8/><F8/><W40/><G10/><T55/><D6/><U132/><E37/><V9/><F9/><W120/><G4/><T79/><D79/><U67/><E7/><V31/><F31/><W15/><G29/><T129/><D129/><U50/><E132/><V68/><F68/><W128/><G128/><T126/><D126/><U133/><E133/><V28/><F28/><W34/><G34/><T74/><D74/><U3/><E75/><V36/><F36/><W102/><G102/><T109/><D109/><U135/><E72/><V71/><F71/><W130/><G130/><T21/><REACH who="0" step="1"/><D43/><REACH who="0" ten="58,326,351,245" step="2"/><U76/><E42/><V92/><AGARI ba="0,2" hai="23,25,30,46,51,52,84,90,92,99,101,105,122,123" machi="92" ten="20,7800,0" yaku="1,1,0,1,7,1,54,1,53,0" doraHai="58" doraHaiUra="112" who="2" fromWho="2" sc="58,-26,326,-26,351,98,245,-26" /><INIT seed="2,1,0,2,5,77" ten="32,300,449,219" oya="2" hai0="45,103,33,112,88,97,9,31,64,109,115,93,114" hai1="105,110,124,106,0,52,78,37,26,75,102,104,92" hai2="47,100,86,83,133,56,73,117,4,131,18,39,76" hai3="7,46,49,2,14,94,15,129,99,69,44,96,35"/><V43/><F117/><W134/><G69/><T51/><D109/><U120/><E0/><V67/><F133/><W79/><G35/><T101/><D9/><U6/><E37/><V72/><F131/><W130/><G134/><T85/><D64/><U118/><E6/><V21/><F4/><W41/><G79/><T80/><D31/><U132/><E26/><V27/><F100/><N who="3" m="60439" /><G99/><T127/><D33/><U22/><E22/><V111/><F111/><W19/><G46/><T59/><D59/><U38/><E38/><V60/><AGARI ba="1,0" hai="18,21,27,39,43,47,56,60,67,72,73,76,83,86" machi="60" ten="30,3000,0" yaku="0,1,52,1" doraHai="77" who="2" fromWho="2" sc="32,-11,300,-11,449,33,219,-11" /><INIT seed="2,2,0,0,4,39" ten="21,289,482,208" oya="2" hai0="93,20,100,12,91,60,134,118,49,63,29,112,32" hai1="68,48,122,40,94,74,17,135,110,130,121,87,109" hai2="126,114,41,131,81,62,44,105,52,77,70,123,80" hai3="27,88,35,106,83,6,1,103,47,7,46,90,72"/><V84/><F105/><W42/><G47/><T58/><D112/><U55/><E74/><V129/><F114/><W98/><G35/><T132/><D100/><U85/><E130/><V30/><F123/><N who="1" m="47113" /><E68/><V115/><F115/><W31/><G31/><T9/><D32/><U18/><E135/><V38/><F126/><W69/><G27/><T117/><D29/><U34/><E34/><V124/><F124/><W128/><G69/><T79/><D79/><U96/><E40/><V23/><F70/><W127/><G128/><T3/><D3/><U53/><E87/><V113/><F113/><W22/><G22/><T65/><D20/><U45/><E55/><V50/><F131/><W11/><G7/><T36/><D36/><U8/><E85/><V56/><F129/><W71/><G71/><T59/><D12/><N who="1" m="7303" /><E18/><V95/><F38/><N who="3" m="21847" /><G127/><T21/><D21/><U15/><E15/><V104/><F77/><AGARI ba="2,0" hai="1,6,11,72,77,83,88,90,98,103,106" m="21847" machi="77" ten="30,3900,0" yaku="25,1,52,1,54,1" doraHai="39" who="3" fromWho="2" sc="21,0,289,0,482,-45,208,45" /><INIT seed="3,0,0,4,5,54" ten="21,289,437,253" oya="3" hai0="117,119,46,110,115,87,15,70,32,60,122,118,6" hai1="91,9,47,11,7,33,76,65,62,18,20,114,101" hai2="97,8,89,26,74,132,121,0,58,39,49,95,126" hai3="29,128,38,86,48,84,100,13,2,85,44,23,105"/><W135/><G2/><T17/><D87/><U69/><E33/><V103/><F39/><W120/><G120/><T129/><D6/><U1/><E114/><V3/><F74/><W28/><G38/><T93/><D93/><U36/><E11/><V27/><F0/><W5/><G128/><T72/><D46/><U108/><E108/><V63/><F49/><W57/><G135/><T127/><D60/><U109/><E109/><V4/><F132/><W43/><G105/><T10/><D17/><U25/><E101/><V50/><F50/><W56/><G100/><T41/><D15/><U80/><E91/><V92/><F126/><W112/><G112/><T30/><D10/><U116/><E116/><V35/><F35/><W16/><G5/><T134/><D30/><AGARI ba="0,0" hai="13,16,23,28,29,30,43,44,48,56,57,84,85,86" machi="30" ten="40,12000,1" yaku="8,1,52,2,54,1" doraHai="54" who="3" fromWho="0" sc="21,-120,289,0,437,0,253,120" owari="-99,-59.9,289,-11.1,437,53.7,373,17.3" /></mjloggm>