<mjloggm ver="2.3"><GO type="225" lobby="0"/><UN n0="%E3%82%8F%E3%81%8B%E3%81%B0%2A%E3%82%AC%E3%83%BC%E3%83%AB" n1="%72%69%6F%75%63%68%61%6E" n2="%E3%81%9F%E3%81%8C%E3%82%84%E3%81%99" n3="%4B%2E%32%2E%4B%2E" dan="16,16,16,16" rate="2062.74,2108.40,2148.39,2197.56" sx="M,M,M,M"/><TAIKYOKU oya="0"/><INIT seed="0,0,0,0,0,36" ten="250,250,250,250" oya="0" hai0="66,58,27,95,86,104,116,22,38,117,61,130,29" hai1="128,108,99,77,55,100,32,135,120,42,123,93,111" hai2="13,35,7,72,133,39,75,33,112,59,69,24,46" hai3="3,40,121,122,53,28,89,127,9,34,102,82,63"/><T71/><D130/><U114/><E32/><V0/><F13/><W87/><G127/><T21/><D104/><U96/><E55/><V44/><F59/><N who="3" m="35311" /><G102/><T134/><D134/><U4/><E42/><V103/><F112/><W15/><G3/><T115/><D115/><U12/><E12/><V43/><F133/><W48/><G28/><T52/><D38/><U17/><E17/><V74/><F46/><N who="3" m="25671" /><G34/><T76/><D21/><U73/><E4/><V8/><F103/><W98/><G98/><T16/><D29/><U118/><E128/><V30/><REACH who="2" step="1"/><F35/><REACH who="2" ten="250,250,240,250" step="2"/><W90/><G15/><T50/><REACH who="0" step="1"/><D95/><REACH who="0" ten="240,250,240,250" step="2"/><N who="1" m="58399" /><E135/><V54/><F54/><W37/><G37/><T92/><D92/><U49/><E114/><V109/><F109/><W88/><G9/><T14/><D14/><U19/><E108/><V57/><F57/><W56/><G56/><T26/><D26/><U1/><E111/><V124/><F124/><W5/><G5/><T64/><D64/><U119/><E93/><V125/><F125/><W131/><G131/><T129/><D129/><U25/><E25/><V70/><AGARI ba="0,2" hai="0,7,8,24,30,33,39,43,44,69,70,72,74,75" machi="70" ten="40,12000,2" yaku="1,1,0,1,33,3,52,1,53,1" doraHai="36" doraHaiUra="6" who="2" fromWho="2" sc="240,-60,250,-30,240,140,250,-30" /><INIT seed="1,0,0,1,3,51" ten="180,220,380,220" oya="1" hai0="62,4,1,114,30,86,118,47,93,102,21,85,61" hai1="23,17,7,5,88,128,120,56,19,84,109,38,59" hai2="75,77,29,25,106,78,44,73,98,50,69,49,70" hai3="6,22,108,74,16,132,33,76,54,28,13,48,40"/><U95/><E128/><V104/><F25/><W58/><G108/><T111/><D114/><U116/><E116/><V80/><F29/><W66/><G132/><T53/><D118/><U34/><E120/><V135/><F135/><W31/><G33/><T133/><D133/><U41/><E34/><V99/><F44/><W122/><G122/><T105/><D105/><U68/><E68/><V11/><F11/><W79/><G74/><T55/><D111/><U134/><E134/><V65/><F80/><W26/><G66/><AGARI ba="0,0" hai="49,50,65,66,69,70,73,75,77,78,98,99,104,106" machi="66" ten="25,1600,0" yaku="22,2" doraHai="51" who="2" fromWho="3" sc="180,0,220,0,380,16,220,-16" /><INIT seed="2,0,0,0,2,81" ten="180,220,396,204" oya="2" hai0="77,42,26,62,66,79,131,120,50,54,3,37,70" hai1="107,5,130,80,78,48,117,95,35,100,94,57,56" hai2="41,31,29,106,72,22,44,17,114,102,16,21,91" hai3="85,20,47,90,98,118,112,71,58,132,99,24,75"/><V60/><F72/><W127/><G71/><T39/><D3/><U88/><E35/><V18/><F114/><W111/><G118/><T61/><D26/><U45/><E117/><V11/><F102/><W43/><G75/><T97/><D97/><N who="1" m="59447" /><E107/><V123/><F106/><W115/><G111/><T126/><D79/><U86/><E5/><V19/><F123/><W55/><G127/><T122/><D77/><U33/><E33/><V121/><F121/><N who="0" m="46698" /><D126/><U13/><E130/><V6/><F60/><W124/><G124/><T76/><D76/><U110/><E110/><V135/><F135/><W4/><G4/><T2/><D2/><U89/><E13/><V69/><F69/><W36/><G132/><T15/><D15/><U23/><E23/><V14/><F91/><N who="1" m="34889" /><E95/><V63/><F63/><N who="3" m="36319" /><G20/><T116/><D116/><U125/><E125/><V129/><F129/><W105/><G24/><T40/><D131/><U73/><E73/><V49/><REACH who="2" step="1"/><F21/><REACH who="2" ten="180,220,386,204" step="2"/><W52/><G105/><T87/><D61/><U1/><E1/><AGARI ba="0,1" hai="1,6,11,14,16,17,18,19,22,29,31,41,44,49" machi="1" ten="40,7700,0" yaku="1,1,2,1,54,1,53,0" doraHai="81" doraHaiUra="96" who="2" fromWho="1" sc="180,0,220,-77,386,87,204,0" /><INIT seed="2,1,0,4,1,112" ten="180,143,473,204" oya="2" hai0="118,12,132,65,37,29,67,4,122,75,25,102,10" hai1="5,11,96,52,61,41,93,78,34,89,68,97,124" hai2="30,58,66,121,42,123,95,108,71,36,76,2,88" hai3="127,33,43,57,69,6,113,15,17,9,91,20,22"/><V46/><F2/><W77/><G69/><T50/><D122/><U110/><E110/><V98/><F108/><W99/><G113/><T130/><D37/><U14/><E34/><V7/><F7/><W80/><G33/><T103/><D130/><U111/><E111/><V115/><F115/><W116/><G116/><T63/><D75/><U24/><E124/><V31/><F71/><W35/><G35/><T133/><D118/><U117/><E117/><V70/><F70/><W92/><G127/><T85/><D85/><U40/><E78/><V73/><F73/><W3/><G43/><T62/><D50/><U114/><E114/><V21/><F76/><W109/><G57/><N who="0" m="37071" /><D63/><U125/><E125/><V49/><F66/><W59/><G59/><T94/><D67/><U44/><E24/><V56/><F36/><W47/><G47/><T48/><D48/><N who="1" m="28679" /><E68/><V60/><F123/><W104/><G104/><T32/><D94/><N who="1" m="56399" /><E61/><V39/><F121/><W120/><G120/><T129/><D129/><U86/><E86/><V54/><F39/><W84/><G109/><T82/><D82/><U74/><E74/><V64/><F58/><W119/><G119/><T19/><D102/><AGARI ba="1,0" hai="5,11,14,40,41,93,97,102" m="56399,28679" machi="102" ten="30,2000,0" yaku="8,1,54,1" doraHai="112" who="1" fromWho="0" sc="180,-23,143,23,473,0,204,0" /><INIT seed="3,0,0,4,3,102" ten="157,166,473,204" oya="3" hai0="124,50,41,98,25,62,121,7,95,65,52,97,75" hai1="5,12,87,53,38,76,128,14,113,10,122,80,1" hai2="91,73,90,2,60,15,116,32,23,22,16,125,9" hai3="71,96,63,93,130,61,58,40,86,28,94,82,49"/><W42/><G71/><T112/><D121/><U132/><E113/><V67/><F32/><W108/><G130/><T21/><D112/><U66/><E122/><V47/><F73/><W129/><G129/><T35/><D35/><U114/><E114/><V131/><F131/><W0/><G0/><T48/><D75/><U70/><E128/><V36/><F116/><W17/><G28/><N who="0" m="17455" /><D124/><U57/><E38/><V20/><F2/><W133/><G63/><T69/><D69/><U31/><E132/><V100/><F125/><W99/><G99/><N who="0" m="37899" /><D7/><U8/><E31/><V44/><F100/><W27/><G42/><T126/><D126/><U54/><E70/><V34/><F34/><W119/><G93/><T88/><D65/><U37/><E37/><V33/><F33/><W79/><G108/><T30/><D30/><U92/><E92/><V26/><F26/><W77/><G77/><T83/><D83/><U6/><E1/><V39/><F39/><W127/><G49/><N who="0" m="19051" /><D41/><U55/><E66/><V84/><F36/><W85/><G85/><N who="0" m="52623" /><D52/><U118/><E118/><V107/><F107/><W64/><G58/><AGARI ba="0,0" hai="5,6,8,10,12,14,53,54,55,57,58,76,80,87" machi="58" ten="40,2600,0" yaku="9,1,8,1" doraHai="102" who="1" fromWho="3" sc="157,0,166,26,473,0,204,-26" owari="157,-34.3,192,-0.8,473,57.3,178,-22.2" /></mjloggm>