<mjloggm ver="2.3"><GO type="225" lobby="0"/><UN n0="%E5%8D%A0%E3%81%84%E5%B8%AB%E8%A3%8F%E3%81%AA%E3%81%84%E3%81%97" n1="%E7%87%90%2E%2E" n2="%33%74%72%65%65" n3="%E3%80%90%E3%83%88%E3%83%AA%E3%83%A5%E3%83%95%E3%80%91" dan="17,16,16,16" rate="2180.46,2110.01,2123.93,2106.07" sx="M,F,F,M"/><TAIKYOKU oya="0"/><INIT seed="0,0,0,4,4,97" ten="250,250,250,250" oya="0" hai0="4,128,64,53,112,50,67,42,113,6,37,99,111" hai1="21,13,89,60,78,45,11,38,100,22,9,119,56" hai2="109,116,75,58,83,69,92,86,82,123,59,124,49" hai3="118,25,129,8,1,106,101,57,68,127,40,72,7"/><T74/><D74/><U51/><E38/><V35/><F69/><W66/><G118/><T61/><D128/><U2/><E119/><V91/><F116/><W17/><G40/><T10/><D37/><U46/><E78/><V107/><F123/><W12/><G129/><T77/><D77/><U115/><E115/><V105/><F35/><W108/><G108/><T0/><D42/><U73/><E73/><V80/><F75/><W34/><G127/><T70/><D111/><U55/><E2/><V93/><F109/><W62/><G72/><T134/><D134/><U76/><E76/><V63/><F124/><W23/><G57/><T65/><D6/><U117/><E117/><V54/><REACH who="2" step="1"/><F93/><REACH who="2" ten="250,250,240,250" step="2"/><W95/><G95/><T36/><D113/><U5/><E11/><V52/><AGARI ba="0,1" hai="49,52,54,58,59,63,80,82,83,86,91,92,105,107" machi="52" ten="30,7900,0" yaku="1,1,2,1,0,1,54,1,53,0" doraHai="97" doraHaiUra="94" who="2" fromWho="2" sc="250,-39,250,-20,240,89,250,-20" /><INIT seed="1,0,0,1,1,44" ten="211,230,329,230" oya="1" hai0="67,50,125,65,70,53,86,73,27,124,71,58,3" hai1="106,94,82,25,18,96,31,114,7,46,17,88,40" hai2="84,68,14,64,131,117,39,103,10,69,43,135,5" hai3="9,126,29,130,34,85,66,74,92,21,116,105,47"/><U12/><E114/><V129/><F117/><W133/><G74/><T75/><D3/><U78/><E106/><V99/><F135/><W23/><G133/><T0/><D0/><U56/><E56/><V19/><F39/><W32/><G130/><N who="2" m="49673" /><F43/><W93/><G126/><N who="0" m="48747" /><D86/><U41/><E7/><V115/><F115/><W1/><G116/><T95/><D95/><U101/><E101/><V122/><F122/><W79/><G66/><N who="0" m="25099" /><D27/><U108/><E108/><V128/><F128/><W11/><G1/><T83/><D83/><U134/><E134/><V102/><F84/><W13/><G105/><T89/><D89/><U45/><E40/><V62/><F69/><AGARI ba="0,0" hai="50,53,58,69,70,71,73,75" m="25099,48747" machi="69" ten="30,2000,0" yaku="18,1,52,1" doraHai="44" who="0" fromWho="2" sc="211,20,230,0,329,-20,230,0" /><INIT seed="2,0,0,5,1,123" ten="231,230,309,230" oya="2" hai0="24,0,67,58,101,105,97,70,86,91,38,126,73" hai1="110,9,52,102,43,114,92,31,68,83,71,122,130" hai2="131,120,55,1,95,19,18,72,107,103,75,44,27" hai3="34,84,4,100,10,63,57,23,112,21,12,106,64"/><V42/><F120/><W46/><G34/><T118/><D126/><U88/><E122/><V69/><F107/><W30/><G112/><T3/><D38/><U35/><E114/><V6/><F69/><W29/><G46/><T33/><D58/><U128/><E43/><V125/><F125/><W53/><G106/><T62/><D73/><U89/><E9/><V127/><F127/><W50/><G100/><T133/><D133/><U96/><E110/><V113/><F55/><W7/><G84/><T13/><D13/><U54/><E68/><V39/><F113/><W41/><G41/><T59/><D59/><U16/><E71/><V77/><F27/><W66/><G4/><T117/><D91/><N who="1" m="34891" /><E83/><N who="2" m="45479" /><F75/><W5/><G5/><T37/><D86/><U82/><E82/><V14/><F14/><W2/><G2/><T80/><D37/><U115/><E115/><V111/><F111/><W74/><G74/><T36/><D36/><U49/><E16/><V78/><F78/><W99/><G99/><T8/><D8/><U51/><E31/><N who="3" m="11786" /><G66/><T119/><D80/><U61/><E35/><V116/><F6/><W93/><G93/><T45/><D45/><U79/><E79/><V26/><F95/><W132/><G132/><T129/><D129/><N who="1" m="49771" /><E54/><V124/><F131/><W109/><G109/><T40/><D40/><U135/><E135/><V15/><F124/><W17/><G7/><T108/><D108/><U11/><E11/><N who="2" m="6527" /><F1/><W20/><G64/><T22/><D33/><U90/><E102/><V81/><F103/><W60/><AGARI ba="0,0" hai="10,12,17,20,21,23,50,53,57,60,63" m="11786" machi="60" ten="30,1100,0" yaku="8,1" doraHai="123" who="3" fromWho="3" sc="231,-3,230,-3,309,-5,230,11" /><INIT seed="3,0,0,3,5,45" ten="228,227,304,241" oya="3" hai0="19,26,42,111,94,13,67,112,134,27,79,89,80" hai1="127,11,109,117,69,97,9,131,6,100,74,1,81" hai2="64,0,7,34,99,35,92,66,39,73,102,37,77" hai3="103,125,54,75,30,71,113,76,48,20,87,126,16"/><W91/><G113/><T104/><D104/><U116/><E109/><V32/><F66/><W23/><G71/><T82/><D111/><U14/><E127/><N who="3" m="48650" /><G103/><T65/><D112/><U120/><E120/><V130/><F130/><W36/><G36/><T28/><D42/><U53/><E69/><V93/><F93/><N who="3" m="54527" /><G76/><T95/><D134/><U105/><E131/><V119/><F119/><N who="1" m="45641" /><E53/><V57/><F39/><W60/><G60/><T17/><D79/><N who="1" m="44279" /><E11/><V38/><F77/><W12/><G75/><T123/><D123/><U21/><E21/><V108/><F73/><W46/><G30/><T83/><D28/><U31/><E31/><V135/><F108/><W15/><G23/><T129/><D129/><U49/><E49/><V25/><F135/><W70/><G70/><T50/><D50/><U78/><E78/><V41/><F38/><W51/><G48/><T124/><D124/><U5/><E5/><V44/><F35/><W52/><G54/><T88/><D82/><U58/><E58/><V101/><F34/><W84/><G84/><T55/><D55/><U61/><E61/><N who="2" m="37935" /><F32/><W85/><G85/><T8/><D8/><U43/><E43/><V132/><F132/><W22/><G22/><T72/><D72/><U3/><AGARI ba="0,0" hai="1,3,6,9,14,97,100,105" m="44279,45641" machi="3" ten="30,1100,0" yaku="12,1" doraHai="45" who="1" fromWho="1" sc="228,-3,227,11,304,-3,241,-5" owari="225,-27.5,238,3.8,301,40.1,236,-16.4" /></mjloggm>