<mjloggm ver="2.3"><GO type="225" lobby="0"/><UN n0="%70%68%65%6E%6F%6D%65" n1="%66%67%67%68%68%64%66" n2="%E3%81%A8%E3%82%89%E3%81%84%E3%81%A1" n3="%E8%A8%88%E7%AE%97%E6%A9%9F%E8%87%AA%E7%84%B6" dan="16,16,16,17" rate="2183.93,2098.93,2138.99,2156.22" sx="M,M,M,M"/><TAIKYOKU oya="0"/><INIT seed="0,0,0,3,4,19" ten="250,250,250,250" oya="0" hai0="5,97,119,22,115,135,90,92,131,66,63,130,103" hai1="88,128,44,64,116,69,98,38,133,81,49,122,121" hai2="51,82,65,33,87,12,134,43,102,104,21,58,55" hai3="112,3,42,24,106,124,11,8,126,30,60,34,37"/><T96/><D115/><U94/><E116/><V67/><F33/><W23/><G106/><T10/><D119/><U68/><E38/><V70/><F134/><W20/><G112/><T7/><D135/><U127/><E133/><V59/><F70/><W39/><G60/><T6/><D10/><N who="3" m="3625" /><G3/><T50/><D50/><U73/><E127/><N who="3" m="48682" /><G37/><T120/><D22/><N who="3" m="8233" /><G39/><T15/><D120/><U77/><E128/><V0/><F0/><W76/><G76/><T79/><D79/><U113/><E113/><V36/><F36/><W13/><G42/><T109/><D15/><AGARI ba="0,0" hai="13,15,24,30,34" m="8233,48682,3625" machi="15" ten="30,12000,2" yaku="18,1,34,2,52,3" doraHai="19" who="3" fromWho="0" sc="250,-120,250,0,250,0,250,120" /><INIT seed="1,0,0,3,1,34" ten="130,250,250,370" oya="1" hai0="15,110,0,78,49,4,71,39,104,21,41,12,46" hai1="109,47,120,96,10,27,115,17,89,107,86,95,32" hai2="82,76,40,129,20,112,42,5,19,55,22,64,97" hai3="61,63,50,44,18,114,36,60,26,79,37,88,90"/><U14/><E115/><V98/><F112/><W134/><G114/><T24/><D110/><U33/><E120/><V125/><F129/><W67/><G67/><T13/><D71/><U69/><E69/><V80/><F125/><W113/><G113/><T38/><D104/><U9/><E109/><V133/><F133/><W6/><G79/><T94/><D78/><U65/><E65/><V111/><F111/><W127/><G6/><T62/><D62/><U91/><E107/><V121/><F121/><W48/><G36/><T52/><D94/><U2/><E47/><V101/><F64/><W126/><G37/><T118/><D118/><U84/><E27/><V128/><F5/><W85/><G90/><T87/><D87/><U70/><E70/><V66/><F76/><W77/><G77/><T7/><D41/><U51/><E51/><V25/><F42/><W135/><G18/><T103/><D103/><U119/><E119/><V57/><F19/><W45/><G26/><T3/><D7/><U123/><E96/><V59/><F98/><W23/><G23/><T102/><D102/><U108/><E108/><V105/><F20/><W75/><G75/><T81/><D81/><N who="1" m="49295" /><E123/><V1/><F101/><W11/><G48/><T29/><REACH who="0" step="1"/><D3/><REACH who="0" ten="120,250,250,370" step="2"/><U30/><E2/><V83/><F1/><W122/><G122/><T132/><D132/><U93/><E93/><V31/><F105/><W130/><G134/><T68/><D68/><U28/><E95/><V117/><F117/><W92/><G135/><T56/><D56/><U99/><E86/><V116/><F116/><W43/><G85/><RYUUKYOKU ba="0,1" sc="120,30,250,-10,250,-10,370,-10" hai0="0,4,12,13,15,21,24,29,38,39,46,49,52" /><INIT seed="2,1,1,2,2,31" ten="150,240,240,360" oya="2" hai0="90,107,100,88,53,48,75,50,69,77,132,125,3" hai1="15,89,98,8,115,51,28,62,54,99,101,93,36" hai2="52,44,123,25,94,18,91,73,117,111,45,7,32" hai3="13,27,16,6,33,37,119,80,46,86,11,10,40"/><V66/><F117/><W64/><G119/><T23/><D125/><U60/><E115/><V109/><F123/><W57/><G33/><T61/><D132/><U92/><E36/><V68/><F73/><W17/><G27/><T105/><D3/><U81/><E81/><V38/><F7/><W42/><G42/><T113/><D113/><U130/><E28/><N who="2" m="19471" /><F18/><W131/><G131/><T21/><D77/><U114/><E130/><V74/><F74/><W56/><G64/><T87/><D75/><U30/><E30/><V121/><F38/><W29/><G29/><T129/><D129/><U95/><E95/><V118/><F118/><W72/><G17/><T39/><D39/><U128/><E128/><V135/><F135/><W79/><G86/><T20/><D100/><U76/><E76/><V71/><F121/><W106/><G106/><T65/><D50/><U102/><E89/><V120/><F120/><W97/><G97/><T59/><REACH who="0" step="1"/><D90/><REACH who="0" ten="140,240,240,360" step="2"/><U0/><E0/><AGARI ba="1,2" hai="0,6,10,11,13,16,37,40,46,56,57,72,79,80" machi="0" ten="30,7700,0" yaku="7,1,25,2,54,1" doraHai="31" who="3" fromWho="1" sc="140,0,240,-80,240,0,360,100" /><INIT seed="3,0,0,0,3,53" ten="140,160,240,460" oya="3" hai0="81,117,8,121,40,97,130,110,104,69,78,54,74" hai1="109,98,84,14,48,18,4,82,11,6,87,115,66" hai2="100,27,91,132,86,112,126,118,30,125,76,108,3" hai3="35,63,128,67,28,124,15,85,122,120,58,24,72"/><W134/><G72/><T123/><D117/><U49/><E115/><V102/><F3/><W0/><G0/><T56/><D69/><U83/><E109/><V64/><F64/><W32/><G128/><T60/><D130/><U103/><E66/><V36/><F36/><W34/><G124/><T39/><D110/><U94/><E49/><V33/><F108/><W22/><G134/><T42/><D8/><U73/><E73/><V31/><F112/><W38/><G38/><T61/><D61/><U5/><E48/><V116/><F31/><W88/><G15/><T19/><D19/><U45/><E45/><V105/><F76/><W16/><G28/><T7/><D7/><U111/><E111/><V2/><F2/><W77/><G77/><T55/><D55/><U47/><E47/><V50/><F50/><W25/><G25/><T80/><D81/><AGARI ba="0,0" hai="4,5,6,11,14,18,81,82,83,84,87,94,98,103" machi="81" ten="40,1300,0" yaku="8,1" doraHai="53" who="1" fromWho="0" sc="140,-13,160,13,240,0,460,0" owari="127,-37.3,173,-22.7,240,4.0,460,56.0" /></mjloggm>