<mjloggm ver="2.3"><GO type="225" lobby="0"/><UN n0="%4C%4F%4C%49%54%41" n1="%E6%A1%9C%E8%8A%B1%E9%96%83%E3%80%85" n2="%E3%81%A4%E3%81%A3%E3%81%B1%E3%82%8A%E3%83%9D%E3%83%BC%E3%83%AB" n3="%73%68%75%6D%70" dan="16,16,17,16" rate="2094.99,2136.18,2170.81,2095.45" sx="F,M,M,M"/><TAIKYOKU oya="0"/><INIT seed="0,0,0,1,2,12" ten="250,250,250,250" oya="0" hai0="44,117,38,47,0,29,65,27,40,79,52,28,105" hai1="9,4,92,124,135,24,26,37,8,127,57,46,90" hai2="61,108,2,99,42,3,66,95,14,33,114,1,89" hai3="100,82,120,62,104,11,70,106,133,97,59,112,128"/><T84/><D117/><U107/><E107/><V72/><F114/><W58/><G128/><T121/><D105/><U94/><E57/><V50/><F108/><W67/><G133/><T64/><D121/><U78/><E78/><V75/><F33/><W93/><G112/><T32/><D0/><U134/><E46/><V91/><F14/><W36/><G36/><T109/><D29/><U123/><E37/><V115/><F115/><W49/><G120/><T74/><D74/><U81/><E81/><V55/><F42/><W19/><G82/><T15/><D109/><U85/><E123/><V83/><F91/><W103/><G49/><T111/><D111/><U30/><E94/><V126/><F126/><N who="1" m="48169" /><E9/><V39/><F39/><W51/><G93/><T68/><D68/><U6/><E24/><V23/><F83/><W45/><G103/><T34/><D79/><U122/><E122/><V129/><F129/><W43/><G106/><T48/><D84/><U71/><E71/><V131/><F131/><W102/><G102/><T98/><D98/><U54/><E54/><V125/><F125/><W20/><REACH who="3" step="1"/><G11/><REACH who="3" ten="250,250,250,240" step="2"/><T22/><D38/><U86/><E8/><V16/><F75/><W17/><G17/><T10/><D10/><U5/><E86/><V76/><F72/><W130/><G130/><T110/><D110/><U60/><E60/><V18/><F18/><W80/><G80/><T21/><D48/><U96/><E85/><V7/><F61/><W113/><G113/><T101/><D101/><U118/><E118/><V13/><F95/><W25/><AGARI ba="0,1" hai="19,20,25,43,45,51,58,59,62,67,70,97,100,104" machi="25" ten="20,5200,0" yaku="1,1,0,1,7,1,52,1,53,0" doraHai="12" doraHaiUra="69" who="3" fromWho="3" sc="250,-26,250,-13,250,-13,240,62" /><INIT seed="1,0,0,4,5,65" ten="224,237,237,302" oya="1" hai0="107,81,128,40,12,115,116,80,89,84,122,31,10" hai1="77,20,3,39,25,52,109,123,29,110,106,87,23" hai2="35,53,73,121,132,131,45,37,43,30,38,16,134" hai3="117,78,48,113,41,7,63,125,18,62,92,56,9"/><U97/><E39/><V69/><F121/><W118/><G113/><T66/><D115/><U120/><E77/><V95/><F131/><W99/><G18/><T105/><D116/><N who="3" m="44649" /><G78/><T61/><D128/><U64/><E87/><V51/><F73/><W104/><G104/><T98/><D122/><N who="1" m="46635" /><E64/><V70/><F95/><W126/><G48/><T13/><D31/><U26/><E52/><V111/><F16/><W93/><G41/><T79/><D40/><U119/><E97/><V60/><F30/><W108/><G108/><N who="1" m="41578" /><E106/><V32/><F35/><W86/><G86/><T101/><D10/><U85/><E85/><V33/><F32/><W114/><G114/><T0/><D107/><U72/><E72/><V28/><F28/><W133/><G133/><N who="2" m="51305" /><F33/><W91/><G92/><T135/><D135/><U76/><E76/><V1/><F111/><W100/><G100/><T6/><D80/><U34/><E119/><V57/><F1/><N who="3" m="239" /><G63/><T2/><D79/><U82/><E82/><V71/><AGARI ba="0,0" hai="37,38,43,45,51,53,57,60,69,70,71" m="51305" machi="71" ten="40,12000,2" yaku="20,1,34,2,52,3" doraHai="65" who="2" fromWho="2" sc="224,-30,237,-60,237,120,302,-30" /><INIT seed="2,0,0,0,3,52" ten="194,177,357,272" oya="2" hai0="100,101,21,114,0,33,55,89,116,91,28,69,46" hai1="27,131,53,130,124,99,38,85,50,32,83,29,3" hai2="108,112,92,35,19,79,70,25,59,54,121,120,107" hai3="132,73,76,97,67,12,105,71,39,66,109,102,90"/><V134/><F107/><W63/><G109/><T13/><D114/><U128/><E38/><V111/><F70/><W113/><G132/><T129/><D69/><U34/><E3/><V119/><F119/><W96/><G113/><T98/><D0/><U104/><E124/><V41/><F41/><W45/><G67/><T88/><D129/><N who="1" m="33027" /><U17/><DORA hai="110" /><E17/><V42/><F42/><W1/><G1/><T80/><D116/><U8/><E8/><V47/><F47/><W93/><G76/><T6/><D33/><N who="1" m="20671" /><E99/><V44/><F19/><W16/><G73/><T56/><D46/><N who="1" m="27863" /><E104/><V84/><F111/><W51/><G39/><T127/><D127/><U133/><E133/><V48/><F134/><W106/><G106/><T36/><D36/><U65/><E65/><V30/><F108/><W5/><G5/><T82/><D28/><U60/><E60/><V11/><F11/><W123/><G123/><T14/><D6/><U75/><E75/><V43/><F30/><W64/><G63/><N who="0" m="36255" /><D21/><U2/><E2/><V62/><F120/><W125/><G71/><T9/><D9/><U18/><E18/><V15/><F121/><W4/><G4/><T103/><D98/><U10/><E10/><V94/><F35/><W72/><G72/><T58/><D58/><U115/><E115/><V117/><F59/><W20/><G125/><T135/><D135/><U57/><E57/><V122/><F112/><W40/><AGARI ba="0,0" hai="12,16,20,40,45,51,64,66,90,93,96,97,102,105" machi="40" ten="20,2700,0" yaku="0,1,7,1,54,1" doraHai="52,110" who="3" fromWho="3" sc="194,-7,177,-7,357,-13,272,27" /><INIT seed="3,0,0,3,0,84" ten="187,170,344,299" oya="3" hai0="11,23,133,73,55,42,66,77,24,95,125,91,58" hai1="76,7,130,129,16,117,52,70,115,96,69,0,18" hai2="127,39,48,41,90,64,46,54,22,135,14,105,19" hai3="81,93,33,72,74,5,89,97,132,51,108,123,80"/><W35/><G123/><T47/><D133/><U101/><E115/><V104/><F135/><W27/><G132/><T107/><D107/><N who="1" m="63911" /><E76/><V67/><F127/><W92/><G5/><T2/><D125/><U50/><E7/><V53/><F53/><W34/><G108/><T110/><D110/><U111/><E0/><V131/><F131/><N who="1" m="50185" /><E111/><V83/><F104/><W106/><G106/><T116/><D116/><U112/><E112/><V71/><F71/><N who="1" m="27145" /><E117/><V13/><F13/><W65/><G65/><T102/><D66/><U103/><E103/><V59/><F105/><W120/><G120/><T30/><D102/><U9/><E9/><V121/><F121/><W44/><G93/><T21/><D11/><U28/><E28/><V36/><F36/><W128/><G128/><T37/><D2/><U126/><E126/><V86/><AGARI ba="0,0" hai="14,19,22,39,41,46,48,54,59,64,67,83,86,90" machi="86" ten="30,2000,0" yaku="0,1,52,1" doraHai="84" who="2" fromWho="2" sc="187,-5,170,-5,344,20,299,-10" owari="182,-21.8,165,-33.5,364,46.4,289,8.9" /></mjloggm>