<mjloggm ver="2.3"><GO type="225" lobby="0"/><UN n0="%E9%A6%AC%E5%BC%95%E7%81%AB%33" n1="%65%76%69%61%6E%36%31%39" n2="%E5%A4%8F%E9%88%B4%E9%88%B4%E5%A4%8F" n3="%E6%A0%B9%E5%85%83%E3%81%8B%E3%82%89%E5%90%B9%E3%81%A3%E9%A3%9B%E3%81%B6" dan="16,16,16,16" rate="2086.50,2015.79,2143.09,2119.57" sx="M,M,F,F"/><TAIKYOKU oya="0"/><INIT seed="0,0,0,0,5,84" ten="250,250,250,250" oya="0" hai0="40,26,19,16,89,133,32,114,127,82,113,83,86" hai1="28,120,20,74,54,44,124,81,125,63,95,55,56" hai2="5,111,60,75,1,119,110,0,101,21,42,68,10" hai3="67,90,96,132,34,50,87,135,100,27,53,38,22"/><T122/><D122/><U99/><E120/><V58/><F75/><W57/><G38/><T36/><D133/><U78/><E28/><V106/><F68/><W117/><G34/><T130/><D130/><U129/><E129/><V104/><F119/><W69/><G117/><T79/><D127/><U85/><E74/><V112/><F112/><W25/><G67/><T118/><D118/><U7/><E7/><V77/><F77/><W37/><G37/><T30/><D36/><U107/><E107/><V73/><F73/><W126/><G69/><T80/><D40/><U14/><E54/><V88/><F42/><W18/><G27/><T105/><D105/><U47/><E20/><V35/><F0/><W61/><G126/><N who="1" m="48746" /><E14/><V93/><F35/><W39/><G39/><T102/><D102/><AGARI ba="0,0" hai="44,47,55,56,63,78,81,85,95,99,102" m="48746" machi="102" ten="30,1000,0" yaku="18,1" doraHai="84" who="1" fromWho="0" sc="250,-10,250,10,250,0,250,0" /><INIT seed="1,0,0,0,5,132" ten="240,260,250,250" oya="1" hai0="55,59,28,72,85,107,104,49,89,124,34,101,8" hai1="83,131,43,122,134,94,111,37,4,91,44,68,129" hai2="130,19,26,99,29,2,113,58,42,128,116,115,92" hai3="125,118,45,69,97,135,48,6,10,57,22,120,112"/><U93/><E122/><V21/><F116/><W60/><G120/><T35/><D72/><U51/><E68/><V71/><F71/><W30/><G112/><N who="2" m="43081" /><F2/><W50/><G135/><T54/><D8/><U78/><E134/><V66/><F42/><W41/><G69/><T103/><D85/><N who="1" m="48375" /><E37/><V52/><F66/><W106/><G50/><T133/><D133/><U75/><E75/><V56/><F29/><W38/><G38/><T9/><D9/><U1/><E4/><V127/><F127/><W90/><G125/><T53/><D53/><U126/><E1/><V98/><F98/><W84/><G97/><T14/><D28/><U11/><E11/><V25/><F25/><N who="3" m="16695" /><G118/><T87/><D124/><U102/><E126/><V67/><F67/><N who="3" m="39311" /><G106/><T95/><D107/><U5/><E5/><V12/><F12/><W23/><G10/><T86/><D104/><U119/><E43/><V76/><F76/><W31/><G31/><T0/><D0/><U79/><E79/><V96/><F58/><W61/><G23/><T62/><D87/><U46/><E44/><V40/><F40/><W65/><G6/><T15/><D35/><U16/><E46/><V47/><F47/><W17/><G17/><T63/><D34/><U80/><E16/><N who="2" m="12583" /><F99/><W81/><G65/><T123/><D123/><U74/><E119/><V82/><F82/><W33/><G33/><T114/><D114/><U13/><E80/><V88/><F19/><W20/><G20/><T24/><D24/><U36/><E13/><N who="0" m="4617" /><D54/><U70/><E70/><V109/><F109/><W73/><G73/><T7/><D7/><RYUUKYOKU ba="0,0" sc="240,10,260,-30,250,10,250,10" hai0="49,55,59,62,63,86,89,95,101,103" hai2="52,56,88,92,96,128,130" hai3="41,45,48,61,81,84,90" /><INIT seed="2,1,0,5,5,104" ten="250,230,260,260" oya="2" hai0="28,54,70,111,122,87,14,131,80,78,34,23,50" hai1="4,118,91,135,92,24,53,10,47,107,35,61,120" hai2="11,109,134,22,112,97,72,29,76,0,6,99,124" hai3="98,84,101,90,48,42,59,116,103,60,89,7,85"/><V33/><F112/><W8/><G116/><T95/><D122/><U79/><E118/><V36/><F36/><W25/><G25/><T114/><D114/><U32/><E107/><V63/><F134/><W49/><G8/><T40/><D70/><U121/><E135/><V82/><F124/><W67/><G7/><T108/><D131/><U130/><E130/><V88/><F109/><N who="0" m="42058" /><D40/><U15/><E79/><V31/><F33/><W46/><G98/><T16/><D95/><U39/><E24/><V133/><F133/><W128/><G128/><T117/><D117/><U68/><E68/><V45/><F31/><W73/><G73/><T30/><D34/><U129/><E129/><V83/><F63/><W37/><G49/><T55/><D55/><U51/><E61/><V106/><F106/><W96/><G96/><T123/><D123/><N who="1" m="47179" /><E39/><V58/><F58/><AGARI ba="1,0" hai="14,16,23,28,30,50,54,58,78,80,87" m="42058" machi="58" ten="30,2000,0" yaku="14,1,54,1" doraHai="104" who="0" fromWho="2" sc="250,23,230,0,260,-23,260,0" /><INIT seed="3,0,0,0,1,45" ten="273,230,237,260" oya="3" hai0="1,2,42,129,92,57,112,37,102,82,86,71,131" hai1="69,118,114,74,122,44,101,31,128,103,107,30,111" hai2="89,60,10,46,88,50,105,11,6,63,73,68,99" hai3="83,38,27,91,115,65,49,33,87,59,28,53,40"/><W106/><G106/><T134/><D71/><U51/><E114/><V85/><F73/><W26/><G115/><T16/><D112/><U95/><E122/><V17/><F68/><W35/><G65/><T29/><D29/><N who="1" m="10763" /><E107/><V70/><F70/><W130/><G130/><N who="0" m="49675" /><D134/><U104/><E104/><V125/><F125/><W24/><G38/><T113/><D113/><U20/><E128/><V55/><F17/><W80/><G40/><T66/><D16/><U64/><E74/><V47/><F47/><W90/><G35/><T54/><D66/><U78/><E69/><V119/><F119/><W98/><G98/><N who="0" m="59719" /><D42/><N who="1" m="24983" /><E64/><V94/><F105/><W100/><G100/><T75/><D37/><U121/><E118/><V79/><F79/><W25/><REACH who="3" step="1"/><G91/><REACH who="3" ten="273,230,237,250" step="2"/><N who="0" m="51671" /><D75/><U132/><E132/><V18/><F89/><W67/><G67/><T127/><D127/><U116/><E116/><V108/><F88/><W4/><G4/><T14/><D14/><U36/><E36/><V32/><F6/><W5/><G5/><T93/><D93/><AGARI ba="0,1" hai="24,25,26,27,28,33,49,53,59,80,83,87,90,93" machi="93" ten="40,18000,2" yaku="1,1,52,1,53,4" doraHai="45" doraHaiUra="23" who="3" fromWho="0" sc="273,-180,230,0,237,0,250,190" owari="93,-40.7,230,-17.0,237,3.7,440,54.0" /></mjloggm>