<mjloggm ver="2.3"><GO type="225" lobby="0"/><UN n0="%E3%81%A4%E3%81%A3%E3%81%B1%E3%82%8A%E3%83%9D%E3%83%BC%E3%83%AB" n1="%E6%97%A5%E6%9B%9C%E6%97%A5%E3%82%88%E3%82%8A%E3%81%AE%E4%BD%BF%E8%80%85" n2="%E6%A1%9C%E8%8A%B1%E9%96%83%E3%80%85" n3="%E9%B3%B3%E6%9D%B1%E3%81%AE%E3%81%86%E3%81%95%E3%81%8E%E3%81%95%E3%82%93" dan="17,17,16,17" rate="2130.88,2210.19,2093.36,2189.97" sx="M,M,M,M"/><TAIKYOKU oya="0"/><INIT seed="0,0,0,5,5,132" ten="250,250,250,250" oya="0" hai0="43,85,35,90,45,8,117,32,66,100,108,1,3" hai1="44,38,129,98,9,124,79,7,15,123,80,82,125" hai2="69,97,4,72,88,0,11,131,76,119,39,104,2" hai3="121,135,23,111,33,105,57,74,29,134,83,31,60"/><T107/><D117/><U42/><E123/><V49/><F119/><W73/><G121/><T6/><D3/><U24/><E129/><V94/><F131/><W128/><G128/><T17/><D108/><U50/><E98/><V55/><F39/><W19/><G105/><T106/><D66/><U59/><E24/><V13/><F69/><W120/><G120/><T51/><D17/><U87/><E59/><V30/><F30/><N who="3" m="11275" /><G33/><T77/><D77/><N who="1" m="46479" /><E38/><V96/><F72/><AGARI ba="0,0" hai="7,9,15,42,44,50,72,79,82,124,125" m="46479" machi="72" ten="30,3900,0" yaku="25,1,52,2" doraHai="132" who="1" fromWho="2" sc="250,0,250,39,250,-39,250,0" /><INIT seed="1,0,0,3,0,64" ten="250,289,211,250" oya="1" hai0="93,40,70,58,87,82,117,52,101,71,81,19,42" hai1="91,35,65,120,0,100,126,45,67,39,50,110,18" hai2="7,111,47,53,77,83,66,15,130,1,98,22,59" hai3="6,31,51,109,27,106,119,56,96,114,128,16,118"/><U125/><E120/><V32/><F111/><W73/><G114/><T80/><D117/><N who="3" m="44553" /><G109/><T44/><D19/><U78/><E35/><V133/><F133/><W13/><G128/><T107/><D107/><U3/><E110/><V85/><F32/><N who="3" m="20607" /><G73/><T43/><D44/><U11/><E39/><V33/><F33/><W108/><G6/><T72/><D72/><U62/><E100/><V94/><F1/><W24/><G24/><T132/><D132/><U46/><E78/><V14/><F130/><W102/><G108/><T38/><D38/><U135/><E135/><V76/><F76/><W8/><G56/><T104/><D104/><U129/><E129/><V134/><F134/><W121/><G51/><T5/><D5/><U55/><E46/><V48/><F7/><W36/><G36/><T123/><D123/><AGARI ba="0,0" hai="8,13,16,96,102,106,121,123" m="20607,44553" machi="123" ten="30,2000,0" yaku="12,1,54,1" doraHai="64" who="3" fromWho="0" sc="250,-20,289,0,211,0,250,20" /><INIT seed="2,0,0,5,5,87" ten="230,289,211,270" oya="2" hai0="109,22,62,70,117,67,20,57,48,105,99,59,91" hai1="29,102,126,28,26,2,44,86,8,63,131,135,11" hai2="79,19,42,74,56,108,4,31,128,107,73,50,45" hai3="72,30,34,1,110,61,21,32,60,130,55,83,68"/><V94/><F107/><W75/><G1/><T40/><D109/><U134/><E126/><V119/><F119/><W118/><G118/><T113/><D113/><U125/><E125/><V112/><F112/><W120/><G120/><T51/><D117/><U85/><E131/><V100/><F128/><W111/><G130/><T81/><D105/><U95/><E63/><N who="3" m="24138" /><G68/><T14/><D70/><U3/><E44/><V27/><F108/><N who="3" m="41515" /><G55/><N who="0" m="31999" /><D14/><U10/><E102/><V23/><F4/><W5/><G5/><T90/><D81/><U13/><E13/><V124/><F124/><W93/><G93/><N who="0" m="56759" /><D91/><U69/><E69/><V12/><F79/><N who="3" m="44519" /><G75/><T64/><D64/><U97/><E2/><V96/><REACH who="2" step="1"/><F56/><REACH who="2" ten="230,289,201,270" step="2"/><W9/><G9/><AGARI ba="0,1" hai="9,12,19,23,27,31,42,45,50,73,74,94,96,100" machi="9" ten="30,11600,0" yaku="1,1,2,1,7,1,53,1" doraHai="87" doraHaiUra="46" who="2" fromWho="3" sc="230,0,289,0,201,126,270,-116" /><INIT seed="2,1,0,4,3,67" ten="230,289,327,154" oya="2" hai0="16,18,117,14,32,42,52,56,112,20,39,79,132" hai1="36,78,98,72,5,96,29,135,76,19,127,118,40" hai2="3,62,114,69,41,81,45,49,108,37,85,95,80" hai3="13,46,28,53,31,128,71,89,26,121,125,50,75"/><V10/><F114/><W25/><G121/><T116/><D112/><U44/><E118/><N who="0" m="45673" /><D32/><U120/><E120/><V57/><F108/><W7/><G128/><T68/><D132/><U34/><E135/><V134/><F134/><W111/><G125/><T64/><D79/><U94/><E127/><V43/><F3/><W100/><G75/><T97/><D97/><U101/><E72/><V11/><F69/><W126/><G126/><T51/><D18/><U27/><E5/><V110/><F41/><W107/><G111/><T86/><D86/><U61/><E19/><V23/><F37/><W1/><G1/><T47/><D64/><U33/><E33/><V38/><F38/><W9/><G107/><T131/><D131/><U105/><REACH who="1" step="1"/><E61/><REACH who="1" ten="230,279,327,154" step="2"/><V58/><F62/><W113/><G113/><T63/><D63/><U84/><E84/><V30/><F110/><W65/><G7/><T106/><D106/><U124/><E124/><V15/><F30/><W17/><G28/><T104/><D104/><U74/><E74/><V83/><F23/><W60/><G31/><T0/><D0/><U130/><E130/><V90/><F10/><W48/><G9/><T21/><D20/><U129/><E129/><V88/><F90/><AGARI ba="1,1" hai="27,29,34,36,40,44,76,78,90,94,96,98,101,105" machi="90" ten="30,3900,0" yaku="1,1,7,1,53,1" doraHai="67" doraHaiUra="70" who="1" fromWho="2" sc="230,0,279,52,327,-42,154,0" /><INIT seed="3,0,0,5,2,82" ten="230,331,285,154" oya="3" hai0="87,14,52,68,44,113,84,112,47,16,41,23,42" hai1="63,117,57,34,126,40,6,111,4,76,132,118,124" hai2="43,102,104,62,53,56,55,134,11,123,64,9,5" hai3="0,127,36,13,58,67,61,7,73,77,12,25,2"/><W10/><G127/><N who="1" m="48682" /><E111/><V33/><F33/><W91/><G0/><T105/><D105/><U60/><E132/><V20/><F134/><W86/><G36/><N who="0" m="21543" /><D52/><N who="2" m="20042" /><F104/><W78/><G25/><T35/><D68/><U71/><E34/><V85/><F123/><W69/><G69/><T130/><D35/><U99/><E71/><V101/><F43/><W48/><G48/><N who="0" m="26743" /><D130/><U128/><E40/><V31/><F5/><W133/><G133/><T72/><D72/><U100/><E4/><V3/><F3/><W39/><G39/><T110/><D110/><U89/><E6/><V65/><F65/><W50/><G50/><T8/><D8/><N who="2" m="3146" /><F20/><W81/><REACH who="3" step="1"/><G77/><REACH who="3" ten="230,331,285,144" step="2"/><T18/><D18/><U24/><E76/><V114/><F31/><W122/><G122/><T106/><D106/><U129/><E129/><V19/><F19/><W15/><G15/><T17/><D17/><U93/><E128/><V51/><F51/><W54/><G54/><T103/><D103/><U21/><E100/><V115/><F115/><AGARI ba="0,1" hai="14,16,23,84,87,112,113,115" m="26743,21543" machi="115" ten="30,7700,0" yaku="11,1,52,2,54,1" doraHai="82" who="0" fromWho="2" sc="230,87,331,0,285,-77,144,0" owari="317,11.7,331,43.1,208,-19.2,144,-35.6" /></mjloggm>