<mjloggm ver="2.3"><GO type="225" lobby="0"/><UN n0="%E6%9D%B1%E9%A2%A8%E3%81%AE%E3%81%8D%E3%82%83%E3%81%B7%E3%81%95%E3%82%93" n1="%E3%83%96%E3%83%83%E3%83%91%E3%82%AA%E3%83%96%E3%83%81%E3%82%AD%E3%83%B3" n2="%E7%B4%94%E6%BD%94%E3%83%94%E3%83%A9%E3%83%8B%E3%82%A2" n3="%33%74%72%65%65" dan="16,16,17,17" rate="2161.65,2212.06,2237.57,2137.30" sx="M,M,M,M"/><TAIKYOKU oya="0"/><INIT seed="0,0,0,0,3,102" ten="250,250,250,250" oya="0" hai0="73,67,45,78,91,16,85,50,31,129,39,52,89" hai1="113,27,19,71,63,37,5,30,86,17,18,108,25" hai2="22,92,109,118,104,1,3,128,28,46,106,62,83" hai3="42,11,72,75,14,130,35,24,60,98,6,87,110"/><T40/><D129/><U49/><E37/><V88/><F128/><W54/><G130/><T32/><D67/><U56/><E108/><V116/><F109/><W101/><G110/><T64/><D64/><U82/><E113/><V43/><F62/><W81/><G42/><T107/><D107/><N who="2" m="41002" /><F83/><W99/><G35/><T123/><D123/><U15/><E71/><V84/><F22/><W97/><G101/><T100/><D100/><U121/><E49/><N who="2" m="26847" /><F28/><W119/><G24/><T58/><D73/><U61/><E121/><V77/><F77/><W47/><G60/><T70/><D70/><U23/><E27/><V51/><F51/><W76/><G72/><T68/><D68/><U133/><E133/><V34/><F34/><W2/><G75/><T79/><D31/><U112/><E112/><V13/><F13/><W53/><G14/><T21/><D32/><U8/><REACH who="1" step="1"/><E56/><REACH who="1" ten="250,240,250,250" step="2"/><V57/><F57/><W90/><G47/><T44/><D44/><U105/><E105/><V0/><F0/><W65/><G2/><T122/><D122/><U7/><E7/><V20/><F1/><W9/><G6/><T115/><D115/><U96/><E96/><V10/><F3/><W93/><G98/><T66/><D66/><U95/><E95/><V94/><F92/><W114/><G65/><T80/><REACH who="0" step="1"/><D78/><AGARI ba="0,1" hai="5,8,15,17,18,19,23,25,30,61,63,78,82,86" machi="78" ten="40,2600,0" yaku="1,1,8,1,53,0" doraHai="102" doraHaiUra="33" who="1" fromWho="0" sc="250,-26,240,36,250,0,250,0" /><INIT seed="1,0,0,2,0,40" ten="224,276,250,250" oya="1" hai0="21,12,89,110,69,57,50,112,107,30,73,132,106" hai1="43,9,7,25,62,105,6,119,129,44,15,64,5" hai2="4,16,121,71,131,51,41,109,72,70,84,90,116" hai3="127,78,99,23,75,91,80,98,102,124,46,65,31"/><U52/><E119/><V58/><F116/><W29/><G65/><T27/><D69/><U114/><E114/><V33/><F121/><W120/><G120/><T82/><D112/><U26/><E105/><V37/><F72/><W81/><G46/><T18/><D132/><U39/><E129/><V128/><F4/><W85/><G23/><T123/><D123/><U0/><E52/><N who="2" m="32031" /><F33/><W36/><G36/><T1/><D110/><U8/><REACH who="1" step="1"/><E6/><REACH who="1" ten="224,266,250,250" step="2"/><V45/><F109/><W88/><G127/><T93/><D107/><U14/><E14/><V17/><F71/><AGARI ba="0,1" hai="0,5,7,8,9,15,25,26,39,43,44,62,64,71" machi="71" ten="30,5800,0" yaku="1,1,7,1,52,1,53,0" doraHai="40" doraHaiUra="100" who="1" fromWho="2" sc="224,0,266,68,250,-58,250,0" /><INIT seed="1,1,0,4,3,96" ten="224,334,192,250" oya="1" hai0="17,91,3,103,131,124,65,49,25,28,113,62,73" hai1="56,133,78,47,66,36,123,1,9,110,23,80,29" hai2="132,43,37,84,135,83,27,46,68,86,69,114,33" hai3="18,6,57,52,30,104,115,71,129,98,32,48,107"/><U45/><E123/><V14/><F114/><W58/><G115/><T102/><D73/><U94/><E133/><N who="2" m="51275" /><F14/><W39/><G71/><N who="2" m="27209" /><F83/><W5/><G129/><T120/><D3/><U74/><E110/><V130/><F130/><W54/><G39/><T109/><D120/><U12/><E1/><V122/><F122/><W125/><G125/><T53/><D113/><U112/><E112/><V63/><F63/><W128/><G128/><T92/><D124/><U88/><E36/><V108/><F108/><W99/><G18/><T118/><D131/><U67/><E29/><AGARI ba="1,0" hai="27,29,33,37,43,46,84,86" m="27209,51275" machi="29" ten="30,1000,0" yaku="20,1" doraHai="96" who="2" fromWho="1" sc="224,0,334,-13,192,13,250,0" /><INIT seed="2,0,0,1,3,28" ten="224,321,205,250" oya="2" hai0="132,55,74,88,20,65,102,66,111,32,91,19,122" hai1="1,99,95,135,33,7,47,61,93,89,29,39,12" hai2="43,2,124,26,64,109,103,14,120,60,52,117,78" hai3="37,121,51,67,107,71,45,46,73,85,44,21,108"/><V114/><F117/><W17/><G73/><T96/><D74/><U72/><E135/><V104/><F114/><W116/><G116/><T127/><D122/><U36/><E72/><V11/><F120/><W35/><G35/><T134/><D32/><U50/><E1/><V87/><F2/><W23/><G121/><T3/><D55/><U5/><E61/><V106/><F43/><W133/><G107/><N who="0" m="63943" /><D3/><U57/><E57/><V101/><F124/><W69/><G108/><T6/><D6/><U76/><E76/><V92/><F109/><W82/><G133/><N who="0" m="51307" /><D127/><U100/><E29/><V53/><F26/><W62/><G69/><T25/><D111/><U75/><E33/><V68/><F104/><W54/><G37/><T38/><D38/><U40/><E75/><V42/><F42/><W63/><G63/><T110/><D110/><U86/><REACH who="1" step="1"/><E5/><REACH who="1" ten="224,311,205,250" step="2"/><V80/><F106/><W9/><G62/><T123/><D123/><U48/><E48/><V98/><F101/><W41/><G51/><T27/><D66/><U56/><E56/><V70/><F68/><W24/><G67/><T79/><D65/><U18/><E18/><AGARI ba="0,1" hai="11,14,18,52,53,60,64,70,78,80,87,92,98,103" machi="18" ten="30,2900,0" yaku="7,1,54,1" doraHai="28" who="2" fromWho="1" sc="224,0,311,-29,205,39,250,0" /><INIT seed="2,1,0,0,4,9" ten="224,282,244,250" oya="2" hai0="125,37,127,106,93,35,116,53,36,55,64,82,42" hai1="18,3,121,8,30,24,62,46,90,23,123,110,59" hai2="58,10,65,105,95,132,51,133,74,134,0,96,70" hai3="79,98,14,60,5,73,88,44,101,78,119,126,2"/><V68/><F74/><W102/><G119/><T118/><D93/><U4/><E110/><V29/><F29/><W112/><G2/><T135/><D82/><U19/><E46/><V86/><F86/><W38/><G126/><N who="0" m="48139" /><D35/><N who="1" m="20935" /><E90/><V109/><F105/><W67/><G112/><T12/><D12/><N who="1" m="9703" /><E59/><V32/><F32/><W83/><G78/><T48/><D106/><U26/><E62/><N who="2" m="38103" /><F109/><W128/><G73/><T63/><D135/><U40/><E40/><V113/><F113/><W87/><G79/><T31/><D31/><U71/><E71/><V117/><F117/><N who="0" m="45162" /><D42/><U85/><E85/><V22/><F22/><AGARI ba="1,0" hai="3,4,8,18,22,26,121,123" m="9703,20935" machi="22" ten="30,7700,0" yaku="24,1,34,2,52,1" doraHai="9" who="1" fromWho="2" sc="224,0,282,80,244,-80,250,0" /><INIT seed="3,0,0,2,0,29" ten="224,362,164,250" oya="3" hai0="21,26,30,53,85,13,114,106,80,28,55,8,102" hai1="22,2,90,89,62,48,0,60,50,86,4,23,73" hai2="79,116,93,126,12,119,49,1,95,41,132,18,64" hai3="122,9,101,14,58,37,52,3,75,6,68,56,105"/><W19/><G122/><T5/><D114/><U65/><E73/><V92/><F1/><W44/><G68/><T42/><D42/><U10/><E86/><V113/><F113/><W99/><G75/><T46/><D46/><U76/><E76/><V17/><F126/><W128/><G128/><T47/><D30/><U117/><E117/><V45/><F132/><W123/><G123/><T91/><REACH who="0" step="1"/><D47/><REACH who="0" ten="214,362,164,250" step="2"/><U133/><E133/><V88/><F79/><W25/><G37/><T96/><AGARI ba="0,1" hai="5,8,13,21,26,28,53,55,80,85,91,96,102,106" machi="96" ten="30,8000,1" yaku="1,1,2,1,0,1,53,2" doraHai="29" doraHaiUra="51" who="0" fromWho="0" sc="214,90,362,-20,164,-20,250,-40" owari="304,10.4,342,44.2,144,-35.6,210,-19.0" /></mjloggm>