<mjloggm ver="2.3"><GO type="225" lobby="0"/><UN n0="%E5%A4%8F%E9%88%B4%E9%88%B4%E5%A4%8F" n1="%E6%9C%88%E5%B3%B6%E5%9F%BA" n2="%E9%BB%99%E8%81%B4%E3%81%AE%E3%81%99%E3%82%9D%E3%82%81" n3="%E6%A1%9C%E8%8A%B1%E9%96%83%E3%80%85" dan="16,16,16,16" rate="2112.36,2115.18,2070.35,2141.81" sx="F,M,M,M"/><TAIKYOKU oya="0"/><INIT seed="0,0,0,5,2,56" ten="250,250,250,250" oya="0" hai0="134,89,112,82,67,2,48,40,36,72,117,51,50" hai1="79,132,28,30,14,38,76,127,111,17,6,16,46" hai2="126,34,119,77,5,11,99,12,32,115,97,92,8" hai3="135,71,123,19,96,43,128,91,26,118,31,1,122"/><T0/><D112/><U70/><E111/><V63/><F115/><W55/><G118/><T57/><D117/><U42/><E127/><V114/><F114/><W80/><G1/><T100/><D100/><U54/><E132/><V21/><F119/><W58/><G71/><T66/><D134/><U7/><E70/><V18/><F126/><W22/><G135/><T59/><D89/><U107/><E107/><V29/><F77/><W113/><G113/><T124/><D124/><U90/><E76/><V52/><F29/><W87/><G128/><T39/><D82/><U78/><E78/><V41/><F41/><W108/><G108/><T13/><D13/><U81/><E30/><V73/><F73/><W110/><G43/><T10/><D10/><U60/><E28/><V102/><F11/><W27/><G96/><T130/><D72/><U47/><E90/><V83/><F83/><W101/><G101/><T103/><D103/><U23/><E17/><V84/><F84/><W121/><G110/><T104/><D104/><U74/><REACH who="1" step="1"/><E47/><REACH who="1" ten="250,240,250,250" step="2"/><V88/><F88/><W106/><G106/><T53/><D130/><U3/><E3/><V62/><F97/><W61/><G31/><T33/><D0/><U109/><E109/><V131/><F131/><W94/><G80/><T25/><D2/><U105/><E105/><V120/><F99/><W133/><G133/><T69/><D69/><U24/><E24/><AGARI ba="0,1" hai="19,22,24,26,27,55,58,61,87,91,94,121,122,123" machi="24" ten="40,2600,0" yaku="13,1,52,1" doraHai="56" who="3" fromWho="1" sc="250,0,240,-26,250,0,250,36" /><INIT seed="1,0,0,2,5,24" ten="250,214,250,286" oya="1" hai0="104,27,87,52,16,26,25,57,12,1,115,95,33" hai1="97,69,62,91,38,22,0,5,31,127,129,29,131" hai2="128,32,106,83,48,68,132,75,94,102,67,113,4" hai3="23,88,45,107,78,40,66,58,130,64,99,44,41"/><U30/><E38/><V6/><F128/><N who="1" m="49225" /><E127/><V101/><F132/><W9/><G130/><T10/><D115/><U134/><E134/><V70/><F32/><W63/><G78/><T47/><D104/><U86/><E97/><V59/><F106/><W90/><G9/><T28/><D47/><N who="3" m="17993" /><G107/><T72/><D72/><U109/><E109/><V43/><F113/><W80/><G66/><T42/><D42/><N who="3" m="16489" /><G99/><T124/><D1/><U61/><E22/><V19/><F43/><W85/><G90/><T46/><D46/><U76/><E76/><V105/><F105/><W123/><G123/><T135/><D124/><U15/><E15/><V55/><F75/><W126/><G126/><T35/><D35/><U17/><E17/><V114/><F114/><W65/><G23/><N who="0" m="15423" /><D135/><U53/><E69/><V8/><F19/><W116/><G116/><T14/><D14/><U54/><E5/><V49/><F4/><W133/><G133/><T71/><D71/><U110/><E0/><V118/><F6/><W20/><G20/><T77/><D33/><U13/><E13/><V56/><F70/><W51/><G65/><T74/><D74/><U84/><E110/><V93/><F68/><W125/><G125/><T39/><D39/><U111/><E111/><V119/><F67/><W103/><G103/><T21/><D21/><U81/><E86/><V89/><F119/><W73/><G73/><T121/><D121/><U96/><E96/><V18/><F118/><W60/><G64/><T50/><D77/><U120/><E120/><V117/><F117/><W34/><G34/><T122/><D122/><RYUUKYOKU ba="0,0" sc="250,10,214,10,250,-30,286,10" hai0="10,12,16,26,27,50,52,57,87,95" hai1="29,30,31,53,54,61,62,81,84,91" hai3="51,58,60,63,80,85,88" /><INIT seed="1,1,0,4,1,25" ten="260,224,220,296" oya="1" hai0="44,45,102,47,62,77,93,3,114,5,72,73,26" hai1="63,75,60,19,101,126,58,69,64,66,123,42,112" hai2="14,97,80,61,105,117,76,121,120,111,20,124,78" hai3="118,21,89,130,104,0,51,55,50,30,85,115,22"/><U128/><E75/><V54/><F117/><W57/><G115/><T108/><D114/><U65/><E112/><V23/><F111/><W127/><G118/><T32/><D108/><U13/><E123/><V48/><F124/><W46/><G127/><T90/><D102/><U134/><E126/><V39/><F39/><W24/><G130/><T59/><D5/><U33/><E33/><V37/><F37/><W83/><G0/><T135/><D3/><U15/><E128/><V122/><F61/><W40/><REACH who="3" step="1"/><G104/><REACH who="3" ten="260,224,220,286" step="2"/><T82/><D135/><U16/><E134/><V81/><F121/><W119/><G119/><T11/><D73/><U99/><E42/><V1/><F1/><W91/><G91/><T96/><D11/><U36/><E36/><V9/><F105/><W35/><AGARI ba="1,1" hai="21,22,24,30,35,40,46,50,51,55,57,83,85,89" machi="35" ten="20,8000,1" yaku="1,1,0,1,7,1,52,1,53,1" doraHai="25" doraHaiUra="29" who="3" fromWho="3" sc="260,-21,224,-41,220,-21,286,93" /><INIT seed="2,0,0,1,5,122" ten="239,183,199,379" oya="2" hai0="42,2,123,60,131,113,45,111,81,90,7,3,97" hai1="6,8,36,61,87,52,35,132,46,93,26,103,41" hai2="82,69,56,27,128,54,16,84,23,1,57,104,121" hai3="32,92,79,88,66,47,129,68,72,112,74,86,76"/><V95/><F104/><W21/><G32/><T105/><D123/><U0/><E132/><V116/><F116/><W63/><G129/><T117/><D113/><U71/><E71/><V48/><F69/><W108/><G108/><T29/><D111/><U77/><E103/><V14/><F1/><W94/><G112/><T100/><D29/><U70/><E70/><V20/><F128/><W15/><G47/><T124/><D131/><U102/><E102/><V119/><F119/><W120/><G120/><T118/><D124/><U51/><E61/><V75/><F75/><W65/><G65/><T134/><D60/><U106/><E106/><V109/><F121/><W30/><G92/><T13/><D13/><U19/><E35/><V49/><F109/><W33/><G33/><T89/><D89/><U125/><E125/><V67/><F95/><W31/><G15/><T17/><D17/><U24/><E19/><V53/><F67/><W50/><G50/><T28/><D28/><U55/><E55/><V39/><F39/><W135/><G135/><T34/><D34/><U91/><REACH who="1" step="1"/><E77/><REACH who="1" ten="239,173,199,379" step="2"/><N who="2" m="46159" /><F27/><N who="3" m="16751" /><G31/><T64/><D134/><U43/><E43/><V115/><F115/><W58/><G68/><T11/><D118/><U38/><E38/><V40/><F40/><W10/><G79/><T107/><D117/><U5/><E5/><V114/><F114/><W9/><G76/><T130/><D107/><U12/><E12/><V80/><F80/><W133/><G133/><T44/><D130/><U37/><E37/><V78/><F78/><W73/><G73/><T18/><D81/><U62/><E62/><RYUUKYOKU ba="0,1" sc="239,-30,173,10,199,10,379,10" hai1="0,6,8,24,26,36,41,46,51,52,87,91,93" hai2="14,16,20,23,48,49,53,54,56,57" hai3="9,10,58,63,66,72,74,86,88,94" /><INIT seed="2,1,1,1,1,113" ten="209,183,209,389" oya="2" hai0="43,80,54,65,49,45,71,131,12,28,37,63,95" hai1="38,68,76,61,53,10,64,15,70,77,11,9,66" hai2="5,30,19,62,18,79,20,8,135,121,82,91,60" hai3="99,97,52,81,59,34,119,21,25,22,51,109,128"/><V73/><F121/><W125/><G119/><T44/><D131/><U117/><E38/><V6/><F135/><W57/><G128/><T133/><D133/><U107/><E107/><V100/><F100/><W101/><G109/><T88/><D80/><U87/><E117/><V124/><F124/><W56/><G125/><T90/><D95/><U17/><E70/><V41/><F41/><W102/><G34/><T42/><D28/><U50/><E66/><V39/><F39/><W105/><G81/><T129/><D129/><U98/><E98/><V69/><F5/><W108/><G108/><T23/><REACH who="0" step="1"/><D43/><REACH who="0" ten="199,183,209,389" step="2"/><U67/><E77/><V7/><F30/><N who="3" m="17711" /><G105/><T46/><D46/><U106/><E106/><V24/><F82/><W75/><G75/><T86/><D86/><U2/><E87/><V47/><F47/><N who="3" m="27775" /><G99/><T33/><D33/><U36/><E36/><V4/><F73/><W118/><G118/><T29/><D29/><U127/><E127/><V104/><F104/><W26/><G97/><T13/><D13/><U84/><E84/><V134/><F134/><W40/><G40/><T132/><D132/><U0/><E76/><V85/><F85/><W103/><G102/><T115/><D115/><U92/><E92/><V58/><F79/><W126/><G126/><T78/><D78/><U48/><E2/><V27/><F27/><W123/><G123/><T35/><D35/><U74/><E0/><V93/><F24/><W94/><G94/><T1/><D1/><U72/><E72/><V111/><F93/><W89/><G89/><T16/><AGARI ba="1,2" hai="12,16,23,37,42,44,45,49,54,63,65,71,88,90" machi="16" ten="30,7900,0" yaku="1,1,0,1,54,2,53,0" doraHai="113" doraHaiUra="112" who="0" fromWho="0" sc="199,102,183,-21,209,-40,389,-21" /><INIT seed="3,0,0,1,3,106" ten="301,162,169,368" oya="3" hai0="52,1,40,81,62,26,105,114,36,132,59,107,133" hai1="130,55,122,104,57,126,79,90,56,51,31,25,13" hai2="64,76,10,86,95,11,111,6,116,99,91,97,48" hai3="60,77,66,70,16,15,20,50,19,29,100,0,131"/><W135/><G0/><T82/><D1/><U88/><E122/><V9/><F116/><W108/><G135/><N who="0" m="51787" /><D82/><U21/><E104/><V102/><F111/><W61/><G108/><T43/><D26/><U18/><E130/><V121/><F121/><W72/><G131/><T3/><D3/><U98/><E126/><V7/><F64/><W74/><G100/><T117/><D117/><U94/><E79/><V120/><F120/><W54/><G29/><T24/><D24/><U30/><E30/><V41/><F76/><W63/><G77/><T68/><D81/><U65/><E65/><V33/><F33/><W32/><G32/><T2/><D2/><U8/><E57/><V44/><F99/><W45/><G74/><T38/><D107/><U69/><E69/><V115/><F115/><W78/><G72/><T22/><D22/><U46/><E56/><V75/><F75/><W71/><G78/><T84/><D84/><U17/><E31/><V34/><F34/><W80/><G80/><AGARI ba="0,0" hai="6,7,9,10,11,41,44,48,80,86,91,95,97,102" machi="80" ten="40,1300,0" yaku="8,1" doraHai="106" who="2" fromWho="3" sc="301,0,162,0,169,13,368,-13" owari="301,10.1,162,-33.8,182,-21.8,355,45.5" /></mjloggm>