<mjloggm ver="2.3"><GO type="225" lobby="0"/><UN n0="%E3%81%BF%E3%81%BF%E3%81%9A" n1="%E3%83%A9%E3%82%B9%E7%8E%87%EF%BC%93%E5%89%B2" n2="%E3%83%96%E3%83%83%E3%83%91%E3%82%AA%E3%83%96%E3%83%81%E3%82%AD%E3%83%B3" n3="%E5%B8%86%E7%AB%8B%E5%A4%8F%E8%A1%A3" dan="17,17,16,17" rate="2255.75,2196.68,2121.66,2244.05" sx="M,F,M,M"/><TAIKYOKU oya="0"/><INIT seed="0,0,0,0,0,108" ten="250,250,250,250" oya="0" hai0="17,52,10,84,89,105,41,68,69,1,54,131,50" hai1="13,119,99,103,40,116,135,49,3,111,35,37,100" hai2="32,63,5,101,18,80,22,77,51,29,15,20,114" hai3="65,21,95,92,27,79,9,109,130,75,128,112,36"/><T67/><D105/><U48/><E3/><V113/><F101/><W71/><G109/><T28/><D28/><U102/><E111/><V129/><F51/><W125/><G36/><T11/><D131/><N who="3" m="50217" /><G125/><T120/><D120/><U33/><E135/><V76/><F129/><W43/><G43/><T4/><D41/><U61/><E99/><V62/><F32/><W30/><G9/><T124/><D124/><U117/><E13/><V94/><F94/><W104/><G104/><T107/><D107/><U97/><E97/><V127/><F127/><W121/><G121/><T31/><D31/><U6/><E61/><V34/><F34/><N who="1" m="12809" /><E40/><V87/><F5/><W110/><G110/><T59/><D67/><U86/><E6/><V38/><F38/><W45/><G45/><T44/><D11/><U133/><E37/><V81/><F29/><W123/><G123/><T74/><D17/><U82/><E133/><V14/><REACH who="2" step="1"/><F87/><REACH who="2" ten="250,250,240,250" step="2"/><W55/><G92/><T24/><D74/><U88/><E49/><V98/><F98/><W118/><G95/><T72/><D72/><U83/><E48/><V132/><F132/><W93/><G93/><T115/><D84/><U96/><E96/><V66/><F66/><W58/><G65/><T73/><D73/><U0/><E0/><V78/><F78/><W8/><G79/><T2/><D2/><U106/><E106/><V39/><F39/><W70/><G75/><T64/><D64/><U25/><E83/><V19/><AGARI ba="0,1" hai="14,15,18,19,20,22,62,63,76,77,80,81,113,114" machi="19" ten="25,12000,2" yaku="1,1,0,1,22,2,52,2,53,0" doraHai="108" doraHaiUra="47" who="2" fromWho="2" sc="250,-60,250,-30,240,130,250,-30" /><INIT seed="1,0,0,1,2,101" ten="190,220,370,220" oya="1" hai0="11,77,4,26,65,116,78,127,69,37,117,21,9" hai1="28,131,3,85,67,43,34,126,129,73,81,13,119" hai2="35,88,22,72,16,53,44,55,94,17,50,54,91" hai3="10,76,52,115,114,18,8,130,98,80,102,24,33"/><U125/><E3/><V36/><F35/><W74/><G130/><N who="1" m="49674" /><E73/><V120/><F120/><W132/><G132/><T20/><D37/><U23/><E67/><V70/><F72/><W57/><G115/><T121/><D121/><U103/><E43/><V79/><F70/><W99/><G99/><T49/><D127/><N who="1" m="48651" /><E103/><V109/><F109/><W75/><G75/><T7/><D65/><U48/><E48/><V25/><F36/><W63/><G114/><T1/><D49/><U104/><E104/><V15/><F79/><W42/><G42/><T46/><D46/><U47/><E47/><V95/><F95/><W87/><G74/><T134/><D26/><N who="1" m="18711" /><E85/><N who="2" m="52495" /><F91/><W38/><G38/><T124/><D124/><U6/><E81/><V123/><F123/><W40/><G40/><T64/><D64/><U105/><E105/><V90/><F90/><W133/><G33/><T45/><D45/><U30/><E119/><V2/><F2/><W93/><REACH who="3" step="1"/><G133/><REACH who="3" ten="190,220,370,210" step="2"/><T110/><D134/><U31/><E23/><AGARI ba="0,1" hai="15,16,17,22,23,25,44,50,53,54,55" m="52495" machi="23" ten="30,3900,0" yaku="8,1,54,2" doraHai="101" who="2" fromWho="1" sc="190,0,220,-39,370,49,210,0" /><AGARI ba="0,0" hai="8,10,18,23,24,52,57,63,76,80,87,93,98,102" machi="23" ten="40,8000,1" yaku="1,1,2,1,8,1,54,1,53,0" doraHai="101" doraHaiUra="107" who="3" fromWho="1" sc="190,0,181,-80,419,0,210,80" /><INIT seed="2,0,0,4,0,79" ten="190,101,419,290" oya="2" hai0="84,75,130,95,89,124,3,67,11,108,56,90,96" hai1="5,78,72,37,10,2,59,49,122,60,50,101,76" hai2="70,53,82,116,123,64,126,45,26,25,94,6,81" hai3="63,71,135,117,119,46,39,114,52,33,12,1,36"/><V86/><F116/><N who="3" m="44619" /><G12/><T62/><D75/><U34/><E34/><V131/><F123/><W98/><G98/><T133/><D108/><U91/><E122/><V68/><F126/><W16/><G16/><T61/><D124/><U104/><E78/><V48/><F131/><W22/><G22/><T80/><D130/><U0/><E0/><V54/><F6/><W102/><G102/><T40/><D133/><U14/><E101/><V77/><F94/><W99/><G99/><T9/><D3/><U73/><E104/><V109/><F109/><W118/><G33/><T103/><D40/><U128/><E128/><V51/><F82/><W41/><G1/><T65/><REACH who="0" step="1"/><D90/><REACH who="0" ten="180,101,419,290" step="2"/><U55/><E73/><V87/><F77/><W42/><G135/><T43/><D43/><N who="3" m="16393" /><G118/><T83/><D83/><U58/><E37/><N who="3" m="14410" /><G114/><T106/><D106/><U107/><E107/><V18/><F81/><W74/><G74/><T35/><D35/><U7/><E91/><V15/><F87/><W121/><G121/><T19/><D19/><U13/><E2/><V93/><F18/><W4/><G4/><T8/><D8/><U38/><E38/><V97/><F86/><W92/><G92/><T111/><D111/><U127/><E76/><V120/><F93/><W27/><G27/><T20/><D20/><U129/><E72/><V30/><F26/><W57/><G71/><AGARI ba="0,1" hai="9,11,56,61,62,65,67,71,80,84,89,95,96,103" machi="71" ten="30,3900,0" yaku="1,1,7,1,52,1,53,0" doraHai="79" doraHaiUra="110" who="0" fromWho="3" sc="180,49,101,0,419,0,290,-39" /><INIT seed="3,0,0,4,3,71" ten="229,101,419,251" oya="3" hai0="42,52,69,23,87,133,63,93,117,0,59,76,40" hai1="125,41,58,83,128,57,116,26,95,79,51,64,11" hai2="118,2,18,94,33,39,132,61,15,102,6,17,8" hai3="75,91,9,129,20,54,47,27,70,126,89,78,131"/><W119/><G70/><T29/><D117/><U73/><E128/><N who="3" m="49226" /><G119/><T104/><D104/><U124/><E116/><V60/><F118/><W10/><G126/><T21/><D0/><U3/><E125/><V107/><F107/><W66/><G66/><T4/><D69/><U62/><E124/><V115/><F115/><W5/><G78/><T127/><D133/><U67/><E95/><V34/><F132/><W105/><G75/><T36/><D36/><U22/><E51/><V46/><F34/><W14/><G105/><T92/><D4/><U68/><E22/><N who="0" m="8201" /><D29/><U55/><E26/><V123/><F33/><W99/><G99/><T112/><D112/><U120/><E120/><V130/><F123/><W80/><G80/><N who="0" m="47495" /><D127/><U31/><E31/><V84/><F130/><W109/><G109/><T101/><D93/><U1/><E1/><V98/><F84/><W48/><G10/><T37/><D37/><U43/><E55/><V28/><F28/><AGARI ba="0,0" hai="5,9,14,20,27,28,47,48,54,89,91" m="49226" machi="28" ten="30,1500,0" yaku="19,1" doraHai="71" who="3" fromWho="2" sc="229,0,101,0,419,-15,251,15" /><INIT seed="3,1,0,5,2,107" ten="229,101,404,266" oya="3" hai0="57,86,98,77,83,128,14,19,106,22,52,18,103" hai1="126,81,76,23,101,75,117,94,108,60,26,55,96" hai2="82,95,37,135,29,129,35,9,10,104,8,69,67" hai3="97,44,120,109,53,36,25,6,134,41,113,116,127"/><W80/><G113/><T125/><D128/><U130/><E108/><V124/><F104/><W5/><G116/><T85/><D125/><U59/><E126/><V49/><F37/><W17/><G127/><T112/><D112/><U71/><E130/><V91/><F124/><W24/><G120/><T20/><D85/><U38/><E117/><V40/><F129/><W16/><G134/><T121/><D121/><U7/><E38/><V0/><F135/><W78/><G109/><T79/><D86/><U31/><E71/><V4/><F82/><W42/><G97/><T115/><D83/><U43/><E43/><V93/><F93/><W28/><G53/><T74/><D74/><U70/><E70/><V65/><F35/><W34/><G41/><T114/><D115/><U54/><REACH who="1" step="1"/><E7/><REACH who="1" ten="229,91,404,266" step="2"/><V73/><F29/><W32/><G6/><T27/><D114/><U68/><E68/><V99/><F69/><W64/><G5/><T88/><D88/><U131/><E131/><V15/><F91/><W46/><G42/><T92/><D106/><U39/><E39/><V63/><F40/><W61/><G36/><T72/><D79/><U105/><E105/><V133/><F4/><W132/><G78/><T84/><D77/><U33/><E33/><V11/><F133/><W48/><G132/><T58/><D103/><U119/><E119/><V13/><F10/><W51/><G28/><T21/><D21/><U89/><E89/><V102/><F9/><W50/><G34/><T56/><D20/><U123/><E123/><V111/><F11/><W1/><G32/><T30/><D22/><RYUUKYOKU ba="1,1" sc="229,-10,91,30,404,-10,266,-10" hai1="23,26,31,54,55,59,60,75,76,81,94,96,101" owari="219,-18.1,121,-37.9,404,50.4,256,5.6" /></mjloggm>