<mjloggm ver="2.3"><GO type="225" lobby="0"/><UN n0="%E3%81%BF%E3%81%BF%E3%81%9A" n1="%E6%B8%A1%E5%A4%A9%E8%97%8D" n2="%E5%A4%8F%E9%88%B4%E9%88%B4%E5%A4%8F" n3="%E5%8D%A0%E3%81%84%E5%B8%AB%E8%A3%8F%E3%81%AA%E3%81%84%E3%81%97" dan="17,16,16,17" rate="2173.66,2075.67,2140.54,2236.88" sx="M,M,F,M"/><TAIKYOKU oya="0"/><INIT seed="0,0,0,0,0,114" ten="250,250,250,250" oya="0" hai0="0,18,24,120,10,89,95,29,53,21,20,72,9" hai1="92,38,58,74,107,22,81,13,14,91,62,36,98" hai2="103,56,85,96,49,87,132,105,78,59,5,84,110" hai3="15,83,67,125,51,130,39,41,4,77,64,11,97"/><T57/><D120/><U63/><E63/><V123/><F123/><W45/><G130/><T19/><D72/><U128/><E128/><V88/><F132/><W134/><G134/><T109/><D109/><U75/><E75/><V116/><F116/><W61/><G125/><T82/><D82/><U80/><E80/><V42/><F110/><W65/><G97/><T6/><D9/><U12/><E107/><V79/><F5/><W47/><G61/><T129/><D129/><U86/><E74/><V100/><F100/><W43/><REACH who="3" step="1"/><G65/><REACH who="3" ten="250,250,250,240" step="2"/><T16/><D21/><U76/><REACH who="1" step="1"/><E22/><REACH who="1" ten="250,240,250,240" step="2"/><V26/><F79/><W28/><G28/><T90/><REACH who="0" step="1"/><D95/><REACH who="0" ten="240,240,250,240" step="2"/><U124/><E124/><V111/><F105/><W71/><G71/><T112/><D112/><U37/><E37/><V133/><F133/><W55/><G55/><AGARI ba="0,3" hai="12,13,14,36,38,55,58,62,76,81,86,91,92,98" machi="55" ten="40,2600,0" yaku="1,1,53,1" doraHai="114" doraHaiUra="93" who="1" fromWho="3" sc="240,0,240,56,250,0,240,-26" /><INIT seed="1,0,0,3,3,18" ten="240,296,250,214" oya="1" hai0="110,88,17,68,125,36,19,7,22,55,58,64,76" hai1="104,38,26,116,91,103,131,44,37,72,81,98,34" hai2="41,108,111,10,71,51,122,75,3,14,101,73,99" hai3="47,86,82,117,102,45,56,74,13,52,31,90,57"/><U120/><E116/><V9/><F122/><W118/><G74/><T100/><D76/><U42/><E120/><V48/><F71/><W70/><G70/><T35/><D35/><U49/><E131/><V30/><F30/><W89/><G102/><T112/><D112/><U59/><E59/><V20/><F3/><W32/><G56/><T119/><D119/><N who="3" m="45577" /><G13/><T65/><D100/><U123/><E123/><V4/><F9/><W43/><G43/><T94/><D36/><N who="1" m="21575" /><E91/><V124/><F124/><W95/><G32/><T78/><D125/><U6/><E49/><V135/><F75/><W105/><G105/><T66/><D68/><U8/><E8/><V132/><F73/><W27/><G27/><N who="0" m="14799" /><D110/><N who="2" m="42026" /><F41/><W97/><G31/><T21/><D78/><N who="1" m="44231" /><E6/><V77/><F48/><AGARI ba="0,0" hai="45,47,48,52,57,82,86,89,90,95,97" m="45577" machi="48" ten="30,2000,0" yaku="12,1,54,1" doraHai="18" who="3" fromWho="2" sc="240,0,296,0,250,-20,214,20" /><INIT seed="2,0,0,1,3,23" ten="240,296,230,234" oya="2" hai0="14,114,134,119,11,83,76,70,16,68,40,85,117" hai1="82,17,2,100,78,44,55,50,84,10,96,71,64" hai2="13,121,29,107,57,7,125,3,74,123,69,19,48" hai3="6,26,12,135,109,60,106,81,72,58,116,104,113"/><V36/><F125/><W97/><G116/><N who="0" m="44619" /><D114/><U15/><E2/><V108/><F36/><W20/><G113/><T115/><D115/><U120/><E71/><N who="0" m="27177" /><D40/><U62/><E62/><V79/><F107/><W73/><G109/><T127/><D127/><U52/><E64/><V51/><F69/><W91/><G135/><AGARI ba="0,0" hai="11,14,16,76,83,85,134,135" m="27177,44619" machi="135" ten="40,2600,0" yaku="12,1,54,1" doraHai="23" who="0" fromWho="3" sc="240,26,296,0,230,0,234,-26" /><INIT seed="3,0,0,2,4,103" ten="266,296,230,208" oya="3" hai0="94,112,82,64,25,39,125,41,83,72,109,99,58" hai1="53,44,61,118,104,102,107,97,7,18,34,88,57" hai2="24,22,54,40,81,101,42,135,31,71,129,36,120" hai3="5,69,117,128,93,86,116,90,35,121,37,92,106"/><W70/><G121/><T67/><D39/><U79/><E34/><V62/><F120/><W20/><G35/><T13/><D41/><U87/><E118/><V28/><F135/><W59/><G37/><T33/><D13/><U6/><E79/><V130/><F101/><W3/><G128/><N who="2" m="49257" /><F36/><W23/><G5/><T105/><D94/><U110/><E110/><V78/><F31/><W95/><G3/><T14/><D58/><U1/><E1/><V29/><F28/><W19/><G59/><T50/><D109/><U85/><E85/><N who="2" m="48311" /><F54/><W27/><G106/><T17/><D105/><U16/><E107/><V30/><F30/><W48/><G48/><T84/><D50/><U119/><E119/><V51/><F51/><W65/><G65/><AGARI ba="0,0" hai="22,24,29,40,42,62,65,71" m="48311,49257" machi="65" ten="30,1000,0" yaku="19,1" doraHai="103" who="2" fromWho="3" sc="266,0,296,0,230,10,208,-10" /><INIT seed="4,0,0,3,5,87" ten="266,296,240,198" oya="0" hai0="52,28,117,13,115,0,15,53,91,11,104,109,113" hai1="24,48,94,64,41,86,59,124,119,96,135,7,121" hai2="57,79,134,16,100,42,25,32,49,66,114,107,45" hai3="3,33,65,31,30,130,132,63,93,35,40,90,97"/><T26/><D117/><U89/><E119/><V71/><F71/><W5/><G132/><T108/><D104/><U36/><E121/><V116/><F116/><W61/><G130/><T58/><D0/><U73/><E73/><V122/><F122/><W9/><G40/><T111/><D91/><U39/><E124/><V18/><F79/><W105/><G105/><T70/><D70/><U50/><E36/><V37/><F134/><W103/><G103/><T75/><D75/><U128/><E39/><V92/><F114/><N who="0" m="43530" /><D58/><U84/><E128/><V110/><F110/><W1/><G1/><T74/><D74/><U83/><E7/><V10/><F107/><W72/><G72/><T125/><D125/><U88/><E135/><V102/><F100/><W131/><G131/><T67/><D67/><U120/><E120/><V20/><F66/><W38/><G38/><T77/><D77/><N who="1" m="46191" /><E41/><V123/><F42/><W95/><G95/><T127/><D127/><U56/><E24/><V17/><F92/><W129/><G129/><T126/><D15/><U14/><E14/><N who="2" m="7255" /><F37/><W106/><G106/><T2/><D2/><U112/><E112/><V78/><F123/><W54/><G54/><T23/><D126/><U44/><E64/><V69/><F69/><W6/><G6/><AGARI ba="0,0" hai="6,11,13,23,26,28,52,53,108,109,111" m="43530" machi="6" ten="40,7700,0" yaku="10,1,15,1,54,1" doraHai="87" who="0" fromWho="3" sc="266,77,296,0,240,0,198,-77" owari="343,44.3,296,9.6,240,-16.0,121,-37.9" /></mjloggm>