<mjloggm ver="2.3"><GO type="225" lobby="0"/><UN n0="%70%68%65%6E%6F%6D%65" n1="%E9%9B%80%E6%A5%B5%E3%81%AE%E3%81%B8" n2="%E7%99%BD%E5%80%89%E5%AF%9B%E4%B9%8B" n3="%E3%83%A9%E3%83%BC%E3%83%A1%E3%83%B3%E4%BA%94%E9%83%8E" dan="16,16,16,16" rate="2179.82,2134.91,2110.58,2147.30" sx="M,M,M,M"/><TAIKYOKU oya="0"/><INIT seed="0,0,0,3,0,49" ten="250,250,250,250" oya="0" hai0="37,15,8,79,59,126,40,113,121,46,106,115,25" hai1="21,26,133,134,66,7,17,54,112,52,101,83,87" hai2="50,86,125,128,65,118,72,14,81,99,102,30,41" hai3="45,129,32,13,97,116,132,1,74,47,82,114,104"/><T6/><D121/><U31/><E112/><V44/><F125/><W91/><G1/><T39/><D126/><U27/><E101/><V110/><F128/><W11/><G114/><T95/><D106/><U5/><E66/><V127/><F127/><W100/><G32/><T42/><D79/><U57/><E5/><V130/><F130/><W4/><G129/><T76/><D76/><U10/><E57/><V123/><F72/><W51/><G116/><T80/><D80/><U119/><E119/><V23/><F110/><W0/><G132/><N who="1" m="50794" /><E7/><V61/><F118/><W35/><G35/><T16/><D95/><U64/><E64/><V109/><F109/><W73/><G0/><T9/><D59/><U36/><E36/><V78/><F123/><W94/><G82/><T62/><D62/><U20/><E10/><V3/><F3/><W98/><REACH who="3" step="1"/><G45/><REACH who="3" ten="250,250,250,240" step="2"/><T93/><D113/><U120/><E120/><V77/><F77/><AGARI ba="0,1" hai="17,20,21,26,27,31,52,54,77,83,87" m="50794" machi="77" ten="30,7700,0" yaku="20,1,52,2,54,1" doraHai="49" who="1" fromWho="2" sc="250,0,250,87,250,-77,240,0" /><INIT seed="1,0,0,1,4,70" ten="250,337,173,240" oya="1" hai0="9,80,98,43,90,11,44,83,112,33,73,14,12" hai1="97,67,52,53,6,38,91,134,69,103,107,37,66" hai2="74,24,88,117,1,47,92,100,101,39,63,71,105" hai3="56,20,17,32,119,96,28,125,85,135,21,111,16"/><U58/><E6/><V23/><F1/><W27/><G111/><T57/><D33/><U26/><E134/><V51/><F74/><W123/><G123/><T31/><D31/><U99/><E26/><V10/><F105/><W50/><G135/><T114/><D57/><U72/><E72/><V13/><F117/><W45/><G119/><T78/><D98/><U129/><E129/><V130/><F39/><W65/><G125/><T127/><D127/><U104/><E69/><V95/><F95/><W7/><G96/><T93/><D93/><U46/><E91/><V82/><F63/><W131/><G131/><T132/><D90/><U59/><E46/><V110/><F71/><W60/><G7/><T4/><D83/><U40/><E40/><N who="2" m="25063" /><F82/><W77/><G21/><T25/><D25/><U89/><E89/><V61/><F61/><W2/><G32/><T76/><D76/><U30/><E30/><N who="2" m="17695" /><F110/><W106/><G106/><T55/><D55/><U75/><E75/><V36/><F36/><W62/><G62/><T42/><D42/><U115/><E115/><V81/><F81/><N who="3" m="47279" /><G2/><T122/><D122/><U108/><E103/><V118/><F118/><W41/><AGARI ba="0,0" hai="16,17,20,27,28,41,45,50,56,60,65" m="47279" machi="41" ten="30,2000,0" yaku="8,1,54,1" doraHai="70" who="3" fromWho="3" sc="250,-5,337,-10,173,-5,240,20" /><INIT seed="2,0,0,5,0,78" ten="245,327,168,260" oya="2" hai0="47,83,82,16,64,133,26,37,94,71,40,91,119" hai1="102,52,92,77,29,11,12,101,81,63,38,96,57" hai2="111,67,90,122,8,129,4,18,105,115,9,53,0" hai3="15,19,114,104,20,36,130,60,84,131,134,3,117"/><V79/><F115/><W31/><G114/><T125/><D133/><U58/><E38/><V45/><F122/><W98/><G36/><T87/><D125/><U55/><E29/><V2/><F105/><W33/><G134/><T59/><D119/><U103/><E81/><V39/><F129/><N who="3" m="49163" /><G117/><T14/><D71/><U123/><E77/><V7/><F111/><W124/><G124/><T128/><D26/><U35/><E35/><V27/><F67/><W51/><G3/><T85/><D128/><U65/><E123/><V118/><F118/><W106/><G51/><N who="0" m="27111" /><D87/><U74/><E74/><V112/><F112/><W126/><G126/><T43/><D43/><U30/><E30/><V62/><F90/><W22/><G33/><T135/><D37/><U23/><E23/><V86/><F39/><W66/><G84/><T73/><D73/><U89/><E58/><V41/><F41/><W120/><G98/><T28/><D28/><U5/><AGARI ba="0,0" hai="5,11,12,52,55,57,63,65,89,92,96,101,102,103" machi="5" ten="30,4000,0" yaku="0,1,8,1,54,1" doraHai="78" who="1" fromWho="1" sc="245,-10,327,40,168,-20,260,-10" /><INIT seed="3,0,0,4,5,87" ten="235,367,148,250" oya="3" hai0="18,114,111,89,75,116,36,94,7,56,11,117,55" hai1="101,14,59,133,2,33,99,17,47,25,120,70,1" hai2="32,100,125,49,72,44,90,79,77,54,67,97,51" hai3="27,58,115,92,81,118,129,9,65,60,102,20,37"/><W40/><G115/><T131/><D114/><U63/><E70/><V48/><F32/><W80/><G118/><T19/><D36/><U121/><E47/><V96/><F125/><W68/><G129/><T132/><D75/><U0/><E25/><V42/><F67/><W46/><G9/><T106/><D106/><U8/><E33/><V34/><F34/><W108/><G108/><T104/><D104/><U26/><E26/><V126/><F126/><W113/><G113/><T52/><D55/><U62/><E62/><V119/><F119/><W91/><G68/><T13/><D131/><U82/><E82/><V23/><F23/><W123/><G102/><T105/><D105/><U83/><E83/><V4/><F4/><W31/><REACH who="3" step="1"/><G123/><REACH who="3" ten="235,367,148,240" step="2"/><T50/><D111/><U69/><E69/><V128/><F128/><W71/><G71/><T109/><D109/><U84/><E101/><V16/><F100/><W64/><G64/><T35/><D132/><U39/><E133/><V38/><F54/><W127/><G127/><T21/><D7/><U122/><E121/><V41/><F41/><W22/><G22/><T95/><D35/><U134/><E120/><V88/><F16/><W30/><G30/><T15/><REACH who="0" step="1"/><D95/><REACH who="0" ten="225,367,148,240" step="2"/><U86/><E122/><V6/><F6/><W112/><G112/><T66/><D66/><U53/><E134/><V45/><F42/><W5/><G5/><T12/><D12/><U10/><E14/><V135/><F135/><W103/><G103/><T107/><D107/><U98/><E1/><V28/><F45/><W85/><AGARI ba="0,2" hai="20,27,31,37,40,46,58,60,65,80,81,85,91,92" machi="85" ten="20,7800,0" yaku="1,1,0,1,7,1,52,1,53,0" doraHai="87" doraHaiUra="74" who="3" fromWho="3" sc="225,-26,367,-26,148,-26,240,98" /><INIT seed="3,1,0,1,5,135" ten="199,341,122,338" oya="3" hai0="105,32,24,36,11,113,89,83,6,80,94,5,47" hai1="122,37,112,43,75,2,101,58,34,60,72,59,61" hai2="56,90,40,35,26,86,96,111,114,78,50,119,117" hai3="16,64,70,30,79,63,1,46,128,19,45,91,108"/><W33/><G1/><T74/><D105/><U102/><E2/><V55/><F114/><W129/><G108/><T73/><D113/><U95/><E112/><V29/><F111/><W110/><G110/><T49/><D36/><U88/><E34/><V8/><F78/><W44/><G79/><T42/><D74/><U121/><E37/><V97/><F117/><W21/><G33/><T25/><D73/><U125/><E125/><V116/><F116/><W51/><G91/><T68/><D68/><U48/><E72/><V77/><F119/><W93/><G93/><T7/><D11/><U0/><E75/><V67/><F77/><W12/><G30/><T9/><D9/><U31/><E31/><V124/><F40/><N who="3" m="24967" /><G19/><T22/><D32/><U120/><E0/><V28/><F28/><W115/><G115/><T82/><D22/><U118/><E118/><V130/><F130/><AGARI ba="1,0" hai="12,16,21,45,46,63,64,70,128,129,130" m="24967" machi="130" ten="30,2900,0" yaku="19,1,54,1" doraHai="135" who="3" fromWho="2" sc="199,0,341,0,122,-32,338,32" owari="199,-20.1,341,14.1,90,-41.0,370,47.0" /></mjloggm>