<mjloggm ver="2.3"><GO type="225" lobby="0"/><UN n0="%E3%81%90%E3%81%A1%E3%82%84%E3%81%BE" n1="%E5%91%A8%E6%9D%B1" n2="%E3%83%B4%E3%83%A0%EF%BC%99%E3%81%A6" n3="%E3%81%AF%E3%82%88%E3%81%8A%E3%81%98%E3%81%95%E3%82%93" dan="16,17,16,17" rate="2123.44,2261.02,2169.13,2132.19" sx="M,M,M,M"/><TAIKYOKU oya="0"/><INIT seed="0,0,0,5,2,59" ten="250,250,250,250" oya="0" hai0="76,62,96,58,43,79,65,87,84,106,105,130,20" hai1="50,92,100,56,46,103,124,69,57,3,47,115,129" hai2="49,22,52,45,94,101,107,16,37,7,104,91,132" hai3="118,71,4,111,2,86,8,112,53,39,10,33,122"/><T128/><D43/><U88/><E3/><V119/><F132/><W44/><G112/><T68/><D20/><U64/><E115/><V11/><F119/><W121/><G118/><T29/><D29/><U98/><E124/><V99/><F37/><W135/><G71/><T0/><D0/><U15/><E129/><V90/><F104/><N who="0" m="40042" /><D68/><U110/><E110/><V83/><F83/><W27/><G111/><T82/><D96/><U120/><E120/><V75/><F75/><W126/><G135/><T66/><D66/><U85/><E69/><V24/><F107/><W81/><G126/><T18/><D18/><U1/><E1/><AGARI ba="0,0" hai="1,7,11,16,22,24,45,49,52,90,91,94,99,101" machi="1" ten="30,3900,0" yaku="7,1,54,2" doraHai="59" who="2" fromWho="1" sc="250,0,250,-39,250,39,250,0" /><INIT seed="1,0,0,2,0,123" ten="250,211,289,250" oya="1" hai0="117,105,16,7,92,60,114,64,125,27,45,51,39" hai1="122,100,66,86,87,135,108,40,47,113,79,42,35" hai2="18,132,36,75,71,128,76,2,19,4,23,74,15" hai3="63,106,10,131,5,116,134,127,69,44,48,90,97"/><U14/><E122/><V32/><F71/><W129/><G127/><T83/><D105/><U20/><E113/><V26/><F36/><W70/><G134/><T1/><D114/><U111/><E35/><V94/><F132/><W67/><G116/><T109/><D39/><U130/><E135/><V95/><F128/><W22/><G70/><T58/><D117/><U17/><E130/><V96/><F76/><W103/><G90/><T52/><D125/><U126/><E126/><V73/><F96/><W107/><G22/><T28/><D83/><U62/><E100/><V8/><REACH who="2" step="1"/><F18/><REACH who="2" ten="250,211,279,250" step="2"/><W112/><G112/><T21/><D109/><N who="1" m="42059" /><E79/><V13/><F13/><W56/><G69/><T65/><D1/><U41/><E47/><V82/><F82/><W91/><G131/><T110/><D110/><U6/><E6/><V24/><F24/><W57/><G129/><T55/><D7/><U30/><E30/><AGARI ba="0,1" hai="2,4,8,15,19,23,26,30,32,73,74,75,94,95" machi="30" ten="40,5200,0" yaku="1,1,24,2,53,0" doraHai="123" doraHaiUra="133" who="2" fromWho="1" sc="250,0,211,-52,279,62,250,0" /><INIT seed="2,0,0,5,0,27" ten="250,159,341,250" oya="2" hai0="68,26,21,100,18,51,80,99,54,17,10,50,96" hai1="35,16,106,38,123,15,2,36,128,97,33,30,63" hai2="81,134,11,111,113,31,94,6,73,131,3,103,4" hai3="82,57,61,91,85,23,29,74,86,12,66,84,22"/><V112/><F131/><W69/><G69/><T126/><D68/><U114/><E114/><V45/><F134/><W122/><G122/><T13/><D126/><U87/><E123/><V102/><F6/><W24/><G74/><T116/><D116/><U79/><E2/><V70/><F70/><W78/><G78/><T42/><D100/><U8/><E128/><V129/><F129/><W107/><G107/><T39/><D39/><U117/><E117/><V59/><F59/><W9/><REACH who="3" step="1"/><G22/><REACH who="3" ten="250,159,341,240" step="2"/><T20/><D20/><U120/><E120/><V65/><F73/><W19/><AGARI ba="0,1" hai="9,12,19,23,24,29,57,61,66,82,84,85,86,91" machi="19" ten="20,12000,2" yaku="1,1,2,1,0,1,7,1,8,1,52,1,53,0" doraHai="27" doraHaiUra="28" who="3" fromWho="3" sc="250,-30,159,-30,341,-60,240,130" /><INIT seed="3,0,0,2,1,65" ten="220,129,281,370" oya="3" hai0="17,121,97,103,42,135,130,14,64,10,46,29,36" hai1="111,133,129,109,20,76,57,108,52,4,50,47,58" hai2="26,71,69,122,84,92,56,24,88,37,49,7,107" hai3="51,28,79,30,87,3,120,91,95,31,100,117,70"/><W6/><G70/><T15/><D121/><U9/><E76/><V123/><F37/><W66/><G120/><N who="2" m="46121" /><F107/><W18/><G117/><T89/><D130/><U44/><E129/><V55/><F7/><W23/><G3/><T74/><D135/><U48/><E20/><V25/><AGARI ba="0,0" hai="24,25,26,49,55,56,69,71,84,88,92" m="46121" machi="25" ten="30,7900,0" yaku="13,1,52,2,54,1" doraHai="65" who="2" fromWho="2" sc="220,-20,129,-20,281,79,370,-39" owari="200,-20.0,109,-39.1,360,46.0,331,13.1" /></mjloggm>