<mjloggm ver="2.3"><GO type="225" lobby="0"/><UN n0="%E5%B8%86%E7%AB%8B%E5%A4%8F%E8%A1%A3" n1="%E3%83%96%E3%83%83%E3%83%91%E3%82%AA%E3%83%96%E3%83%81%E3%82%AD%E3%83%B3" n2="%E5%82%8D%E8%8B%A5%E7%84%A1%E4%BA%BA%35%31" n3="%E3%81%AD%E3%82%80%E3%81%84%40%E9%9B%80%E9%B3%B4%E4%BC%9A" dan="17,16,16,16" rate="2268.14,2136.14,2160.38,2172.68" sx="M,M,M,F"/><TAIKYOKU oya="0"/><INIT seed="0,0,0,4,0,20" ten="250,250,250,250" oya="0" hai0="14,33,13,8,34,11,32,82,12,116,108,53,130" hai1="31,110,132,123,67,66,23,16,97,62,71,95,98" hai2="3,38,24,0,106,9,111,96,84,51,73,6,42" hai3="43,37,75,21,127,56,40,18,58,57,60,72,134"/><T128/><D116/><U115/><E123/><V100/><F111/><W131/><G127/><T86/><D53/><U81/><E110/><V77/><F51/><W19/><G131/><N who="0" m="50219" /><D108/><U64/><E132/><V28/><F84/><W93/><G134/><T102/><D102/><U112/><E31/><V30/><F3/><W120/><G120/><T94/><D94/><U46/><E81/><V119/><F119/><W135/><G135/><T121/><D121/><U59/><E46/><V79/><F79/><AGARI ba="0,0" hai="8,11,12,13,14,32,33,34,79,82,86" m="50219" machi="79" ten="40,2000,0" yaku="19,1" doraHai="20" who="0" fromWho="2" sc="250,20,250,0,250,-20,250,0" /><INIT seed="0,1,0,0,2,78" ten="270,250,230,250" oya="0" hai0="44,116,130,89,59,67,56,97,33,7,48,6,66" hai1="111,65,22,119,27,46,3,132,101,41,69,109,70" hai2="38,74,118,28,85,10,57,94,12,20,117,2,40" hai3="32,45,51,114,50,37,96,58,82,25,26,8,110"/><T99/><D116/><N who="2" m="44650" /><F74/><W53/><G114/><T91/><D33/><U123/><E119/><V31/><F2/><W18/><G110/><N who="1" m="41994" /><E123/><V83/><F94/><W98/><G37/><T107/><D107/><U72/><E132/><V52/><F40/><W11/><G32/><T81/><D44/><U36/><E72/><V133/><F38/><W15/><G8/><T47/><D47/><U43/><E43/><V87/><F87/><W131/><G131/><T121/><D48/><U86/><E3/><V75/><F75/><W84/><G96/><T104/><D104/><U90/><E101/><V128/><F20/><W113/><G98/><T9/><D9/><U5/><E65/><V88/><F128/><W105/><G113/><T95/><D95/><N who="1" m="54743" /><E5/><N who="2" m="3151" /><F133/><W13/><G13/><T60/><D130/><U55/><E55/><V93/><F93/><W68/><G68/><T127/><D121/><U16/><AGARI ba="1,0" hai="16,22,27,36,41,46,69,70" m="54743,41994" machi="16" ten="30,2000,0" yaku="14,1,54,1" doraHai="78" who="1" fromWho="1" sc="270,-11,250,23,230,-6,250,-6" /><INIT seed="1,0,0,4,1,121" ten="259,273,224,244" oya="1" hai0="111,64,114,41,80,88,90,45,55,16,66,5,20" hai1="74,25,79,99,33,24,123,87,116,7,52,98,132" hai2="44,73,133,127,8,101,130,43,27,119,23,61,34" hai3="12,97,54,42,9,102,59,4,78,62,35,110,77"/><U63/><E123/><V46/><F119/><W60/><G35/><T17/><D111/><U135/><E116/><V48/><F73/><W126/><G126/><T15/><D114/><U50/><E74/><V72/><F72/><W129/><G129/><T58/><D5/><U83/><E63/><V53/><F34/><W19/><G42/><T37/><D17/><U105/><E7/><V10/><F130/><W95/><G110/><T49/><D80/><U11/><E11/><V69/><F133/><N who="1" m="51273" /><E105/><V47/><F127/><W93/><G93/><T18/><D18/><U21/><E33/><V84/><F101/><W89/><G102/><T2/><D2/><U36/><E36/><V56/><F69/><W85/><G97/><N who="1" m="36874" /><E21/><V82/><F8/><W76/><REACH who="3" step="1"/><G4/><REACH who="3" ten="259,273,224,234" step="2"/><T30/><REACH who="0" step="1"/><D30/><REACH who="0" ten="249,273,224,234" step="2"/><U71/><E71/><V6/><F6/><W40/><G40/><T104/><D104/><U115/><E115/><V65/><F43/><W134/><G134/><T128/><D128/><U122/><E122/><V1/><F1/><W117/><G117/><T125/><D125/><U32/><E32/><V22/><F10/><W113/><G113/><T96/><D96/><U13/><E13/><V28/><F23/><W14/><G14/><T112/><D112/><U68/><E68/><V108/><F108/><W109/><G109/><T38/><D38/><U106/><E106/><V86/><F82/><W29/><G29/><T3/><D3/><U0/><E0/><V118/><F118/><W120/><G120/><T31/><D31/><U75/><E75/><V26/><F26/><W81/><G81/><RYUUKYOKU ba="0,2" sc="249,0,273,0,224,0,234,0" hai0="15,16,20,37,41,45,49,55,58,64,66,88,90" hai1="24,25,50,52,79,83,87" hai2="22,27,28,44,46,47,48,53,56,61,65,84,86" hai3="9,12,19,54,59,60,62,76,77,78,85,89,95" /><INIT seed="1,1,2,0,2,49" ten="249,273,224,234" oya="1" hai0="10,119,60,81,26,65,127,76,53,29,45,134,50" hai1="30,100,31,48,131,79,39,112,129,17,40,105,102" hai2="18,93,84,98,3,103,88,123,5,109,110,19,25" hai3="83,118,108,43,73,1,22,2,4,126,58,14,116"/><U56/><E112/><V77/><F123/><W78/><G108/><N who="2" m="41577" /><F77/><W61/><G126/><T125/><D134/><U11/><E79/><V64/><F64/><W54/><G43/><T62/><D10/><U70/><E70/><V89/><F25/><W16/><REACH who="3" step="1"/><G4/><REACH who="3" ten="249,273,224,224" step="2"/><T107/><D125/><U111/><E40/><V34/><F34/><W90/><G90/><T74/><D127/><U132/><E111/><V68/><F89/><W47/><G47/><T82/><D119/><AGARI ba="1,3" hai="1,2,14,16,22,54,58,61,73,78,83,116,118,119" machi="119" ten="40,8000,1" yaku="1,1,12,1,52,1,54,1,53,1" doraHai="49" doraHaiUra="55" who="3" fromWho="0" sc="249,-83,273,0,224,0,224,113" /><INIT seed="2,0,0,0,1,22" ten="166,273,224,337" oya="2" hai0="5,12,109,94,93,75,1,73,81,84,26,88,37" hai1="83,90,78,28,123,118,67,45,120,14,10,57,46" hai2="65,24,52,53,40,116,95,107,128,133,6,0,115" hai3="79,15,135,82,69,89,8,129,58,48,43,117,36"/><V96/><F115/><W30/><G117/><T87/><D109/><U66/><E118/><V41/><F116/><W98/><G69/><T70/><D1/><U100/><E100/><V20/><F107/><W119/><G119/><T35/><D37/><U38/><E90/><V74/><F74/><W39/><G30/><T33/><D70/><U7/><E28/><V21/><F128/><W62/><G135/><T124/><D124/><U99/><E99/><V51/><F133/><W44/><G129/><T25/><D12/><U125/><E125/><V92/><F65/><N who="1" m="24585" /><E57/><V132/><F132/><W85/><G58/><T19/><D5/><U105/><E38/><V3/><F6/><N who="3" m="3479" /><G62/><T2/><D2/><U61/><E61/><V86/><F86/><N who="3" m="48479" /><G98/><T110/><D110/><U122/><E105/><V31/><F96/><W68/><G68/><T9/><D9/><U16/><E7/><V32/><F32/><W111/><G111/><T27/><D19/><U91/><E91/><V113/><F113/><W18/><G18/><T54/><D54/><U112/><E112/><V121/><F121/><N who="1" m="30977" /><U106/><DORA hai="47" /><E106/><V134/><F134/><W130/><G130/><T80/><D26/><U102/><E102/><V4/><F4/><W17/><G17/><T13/><D13/><U42/><E42/><V34/><F34/><W56/><G56/><T71/><D71/><U59/><E59/><V108/><F108/><W11/><G11/><T50/><D88/><U23/><E10/><V127/><F127/><W49/><G36/><T64/><D64/><U29/><E29/><V72/><F31/><RYUUKYOKU ba="0,0" sc="166,10,273,10,224,-30,337,10" hai0="25,27,33,35,50,73,75,80,81,84,87,93,94" hai1="14,16,23,45,46,78,83" hai3="39,43,44,48,49,85,89" /><INIT seed="3,1,0,1,3,101" ten="176,283,194,347" oya="3" hai0="10,113,31,54,95,73,126,105,69,33,40,12,56" hai1="43,92,64,51,122,98,94,20,108,53,67,70,22" hai2="15,18,0,25,100,106,27,46,104,117,89,29,134" hai3="114,102,1,125,66,8,37,90,72,28,121,129,83"/><W41/><G121/><T4/><D69/><U80/><E122/><V47/><F117/><W58/><G114/><T36/><D73/><U135/><E108/><V7/><F134/><W59/><G102/><T11/><D113/><U24/><E135/><V87/><F100/><W21/><G125/><T127/><D36/><U99/><E43/><V77/><F77/><N who="3" m="44455" /><G90/><T130/><D40/><U3/><E3/><V52/><F7/><N who="3" m="1135" /><G66/><N who="1" m="25130" /><E70/><V26/><F0/><W71/><G129/><T82/><D130/><U81/><E94/><V34/><F34/><W133/><G133/><T128/><D128/><U91/><E98/><V17/><F29/><W35/><G35/><T32/><D95/><U88/><E91/><V9/><F18/><W78/><G78/><T96/><D82/><N who="1" m="31851" /><E24/><V93/><REACH who="2" step="1"/><F52/><REACH who="2" ten="176,283,184,347" step="2"/><W42/><G42/><T116/><D116/><U57/><AGARI ba="1,1" hai="20,22,51,53,57,88,92,99" m="31851,25130" machi="57" ten="30,2000,0" yaku="8,1,54,1" doraHai="101" who="1" fromWho="1" sc="176,-6,283,33,184,-6,347,-11" owari="170,-33.0,316,11.6,178,-22.2,336,43.6" /></mjloggm>