<mjloggm ver="2.3"><GO type="225" lobby="0"/><UN n0="%72%69%6F%75%63%68%61%6E" n1="%E3%81%90%E3%81%A1%E3%82%84%E3%81%BE" n2="%E3%81%BF%E3%81%BF%E3%81%9A" n3="%E3%81%8B%E3%82%8F%E3%81%A1%E3%82%83%E3%82%93%35%38" dan="16,16,18,16" rate="2202.85,2123.19,2241.13,2136.60" sx="M,M,M,M"/><TAIKYOKU oya="0"/><INIT seed="0,0,0,5,0,8" ten="250,250,250,250" oya="0" hai0="118,30,106,109,13,40,116,42,123,103,35,56,43" hai1="89,125,90,129,77,93,37,12,87,130,55,57,131" hai2="70,107,38,121,78,61,135,92,134,28,84,99,119" hai3="6,115,0,21,19,2,95,65,50,26,53,52,68"/><T9/><D123/><U7/><E37/><V94/><F121/><W97/><G115/><T88/><D109/><U22/><E125/><V124/><F38/><W128/><G128/><T96/><D56/><U51/><E89/><V63/><F124/><W82/><G6/><T45/><D45/><U60/><E77/><V33/><F119/><W120/><G120/><T1/><D1/><U59/><E7/><V46/><F46/><W3/><G82/><T49/><D49/><U72/><E72/><V23/><F23/><W64/><G68/><T117/><D88/><U76/><E76/><V54/><F54/><W36/><G36/><T83/><D83/><U133/><E133/><N who="2" m="50699" /><F84/><W132/><G132/><T73/><D73/><U29/><E29/><V67/><F63/><W4/><G4/><T102/><D103/><U15/><E22/><V17/><F17/><W101/><REACH who="3" step="1"/><G53/><AGARI ba="0,0" hai="12,15,51,53,55,57,59,60,87,90,93,129,130,131" machi="53" ten="40,5200,0" yaku="19,1,52,2" doraHai="8" who="1" fromWho="3" sc="250,0,250,52,250,0,250,-52" /><INIT seed="1,0,0,1,1,97" ten="250,302,250,198" oya="1" hai0="115,1,57,95,100,106,114,23,55,0,121,65,48" hai1="73,44,120,94,105,88,113,76,64,52,27,122,107" hai2="112,39,109,125,38,62,92,128,80,43,29,83,68" hai3="67,82,66,126,49,30,2,18,129,131,127,14,84"/><U19/><E113/><V45/><F112/><W4/><G84/><T86/><D121/><U58/><E64/><V17/><F29/><W90/><G90/><T7/><D0/><U61/><E73/><V77/><F68/><W87/><G87/><T5/><D106/><U24/><E76/><V12/><F62/><W71/><G82/><T15/><D1/><U11/><E44/><V69/><F69/><W25/><G49/><T37/><D37/><U42/><E42/><V53/><F53/><W47/><G47/><T124/><D124/><N who="3" m="47657" /><G66/><T104/><D104/><U89/><E89/><V72/><F125/><W116/><G67/><T75/><D75/><U13/><E107/><V33/><F83/><W91/><G91/><N who="0" m="53751" /><D115/><U133/><E133/><V134/><F134/><W102/><G102/><T99/><D114/><U118/><E118/><V130/><F92/><W50/><G50/><T31/><D31/><U20/><E27/><V96/><F39/><W79/><G79/><T16/><D65/><U40/><E40/><V60/><F43/><W51/><G51/><T36/><D36/><U26/><E26/><V32/><F38/><W110/><G71/><T59/><D59/><U117/><E117/><V41/><F45/><W6/><G116/><T56/><D57/><U74/><E74/><V93/><F41/><W46/><G46/><T81/><D81/><U34/><E34/><N who="2" m="13419" /><F80/><W21/><G2/><T132/><D132/><U108/><E105/><V101/><F77/><W70/><G70/><T85/><D85/><U103/><E58/><V3/><F72/><W63/><G63/><RYUUKYOKU ba="0,0" sc="250,30,302,-10,250,-10,198,-10" hai0="5,7,15,16,23,48,55,56,99,100" /><INIT seed="2,1,0,0,0,2" ten="280,292,240,188" oya="2" hai0="92,33,100,103,80,122,130,53,72,107,77,73,91" hai1="67,16,7,84,90,70,0,110,27,8,47,55,58" hai2="3,32,132,76,104,42,81,96,61,46,31,12,51" hai3="63,101,44,89,71,87,88,17,6,113,26,99,28"/><V39/><F3/><W86/><G113/><T106/><D33/><U126/><E126/><V64/><F132/><W20/><G71/><T98/><D53/><U50/><E110/><V124/><F124/><W30/><G63/><T129/><D122/><U119/><E119/><V83/><F39/><W45/><G6/><T59/><D59/><U29/><E70/><V40/><F40/><W15/><G87/><N who="0" m="52351" /><D72/><U118/><E118/><V82/><F31/><W41/><G28/><T131/><D100/><U57/><E67/><V116/><F32/><W95/><G41/><T23/><D23/><U121/><E121/><V36/><F116/><W14/><G89/><T22/><D22/><U108/><E108/><V133/><F133/><W10/><REACH who="3" step="1"/><G14/><REACH who="3" ten="280,292,240,178" step="2"/><T1/><D1/><U74/><E90/><V109/><F109/><W78/><G78/><T79/><D77/><U114/><E84/><V35/><F76/><W127/><G127/><T65/><D65/><U97/><E29/><V93/><F12/><W120/><G120/><T125/><D125/><U13/><E114/><V4/><F4/><W11/><G11/><T25/><D25/><U62/><E27/><V34/><F61/><W48/><G48/><T49/><D49/><U52/><E62/><V37/><F64/><W112/><G112/><T60/><D60/><U68/><E68/><V105/><F51/><W111/><G111/><T43/><D43/><U85/><E50/><V94/><F36/><W128/><G128/><T54/><D54/><U21/><E55/><V5/><F37/><W134/><G134/><T117/><D117/><RYUUKYOKU ba="1,1" sc="280,15,292,-15,240,-15,178,15" hai0="73,79,80,98,103,106,107,129,130,131" hai3="10,15,17,20,26,30,44,45,86,88,95,99,101" /><INIT seed="3,2,1,0,5,120" ten="295,277,225,193" oya="3" hai0="52,112,20,90,94,34,131,41,26,128,96,30,135" hai1="118,4,66,79,33,111,3,87,44,134,98,73,17" hai2="7,104,18,51,74,80,28,8,58,14,77,10,108" hai3="93,130,82,129,106,99,114,0,115,50,75,59,27"/><W64/><G0/><T109/><D109/><U29/><E73/><V113/><F113/><W89/><G27/><T9/><D135/><U76/><E33/><V54/><F104/><W55/><G106/><T61/><D112/><U36/><E3/><V31/><REACH who="2" step="1"/><F108/><REACH who="2" ten="295,277,215,193" step="2"/><W125/><G125/><T81/><D131/><N who="3" m="50185" /><G64/><T105/><D105/><U70/><E66/><V69/><F69/><W116/><G116/><T85/><D128/><U71/><E71/><V133/><F133/><W48/><G48/><T107/><D107/><U72/><E70/><V57/><F57/><W46/><G59/><N who="0" m="35047" /><D34/><U37/><E134/><V24/><F24/><W68/><G68/><T6/><D41/><U63/><E118/><V123/><F123/><W95/><G95/><T91/><D9/><U78/><E111/><V47/><F47/><W84/><G75/><T13/><D13/><AGARI ba="2,2" hai="7,8,10,13,14,18,28,31,51,54,58,74,77,80" machi="13" ten="30,2000,0" yaku="1,1,7,1,53,0" doraHai="120" doraHaiUra="42" who="2" fromWho="0" sc="295,-26,277,0,215,46,193,0" /><INIT seed="4,0,0,2,5,132" ten="269,277,261,193" oya="0" hai0="105,76,48,89,38,57,101,23,122,12,71,77,81" hai1="106,123,113,14,45,78,115,114,50,130,79,88,16" hai2="100,58,97,35,85,99,95,91,119,75,10,20,118" hai3="90,21,82,74,66,83,64,125,15,33,96,59,28"/><T5/><D122/><U53/><E123/><V37/><F35/><W87/><G33/><T1/><D71/><U104/><E130/><V56/><F37/><W110/><G110/><T41/><D1/><U93/><E79/><V70/><F70/><W120/><G120/><T3/><D3/><U103/><E78/><V68/><F68/><W46/><G74/><T8/><D38/><U135/><E135/><V63/><F75/><W11/><G96/><T80/><D23/><N who="1" m="11671" /><E103/><V109/><F109/><W116/><G116/><N who="2" m="44585" /><F20/><W129/><G129/><T47/><D80/><N who="3" m="30761" /><G125/><T6/><D6/><U36/><E36/><V32/><F32/><W31/><G46/><T39/><D39/><U22/><E22/><V69/><F10/><W18/><G59/><N who="2" m="22569" /><F100/><W102/><G102/><T24/><D57/><U72/><E72/><V128/><F128/><W52/><G52/><T0/><D0/><U73/><E73/><V94/><F94/><N who="3" m="54623" /><G21/><T65/><D65/><AGARI ba="0,0" hai="63,65,69,85,91,95,97,99" m="22569,44585" machi="65" ten="30,1000,0" yaku="12,1" doraHai="132" who="2" fromWho="0" sc="269,-10,277,0,261,10,193,0" /><AGARI ba="0,0" hai="11,15,18,28,31,64,65,66" m="54623,30761" machi="65" ten="30,1000,0" yaku="8,1" doraHai="132" who="3" fromWho="0" sc="259,-10,277,0,271,0,193,10" /><INIT seed="5,0,0,5,0,60" ten="249,277,271,203" oya="1" hai0="79,96,13,11,70,88,62,100,106,17,24,44,124" hai1="49,10,128,135,107,93,38,72,31,131,83,61,87" hai2="47,22,81,2,73,95,52,82,40,0,105,119,1" hai3="118,28,104,76,36,51,50,91,30,43,108,16,59"/><U27/><E38/><V115/><F105/><W90/><G108/><T103/><D124/><U48/><E107/><V29/><F119/><W98/><G36/><T66/><D79/><U5/><E72/><V23/><F95/><N who="3" m="56695" /><G104/><T67/><D67/><U64/><E93/><V110/><F110/><W111/><G111/><T12/><D44/><U25/><E135/><V53/><F115/><W116/><G76/><T8/><D103/><U71/><E87/><V26/><F22/><W101/><G101/><T57/><D24/><U94/><E94/><V130/><F130/><N who="1" m="49705" /><E83/><V127/><F127/><W74/><G74/><T14/><D88/><U129/><E129/><V41/><F41/><W58/><G91/><T6/><REACH who="0" step="1"/><D70/><REACH who="0" ten="239,277,271,203" step="2"/><U77/><E77/><V92/><F47/><W134/><G58/><T99/><D99/><U65/><E65/><V39/><F81/><W46/><G59/><T56/><D56/><U78/><E78/><V54/><F82/><W117/><G46/><T9/><D9/><U35/><E27/><V80/><F80/><W123/><G117/><T132/><D132/><U102/><E102/><V125/><F125/><W3/><G134/><T84/><D84/><U86/><E86/><V85/><F73/><W15/><G118/><T97/><D97/><U21/><E21/><V63/><F85/><W109/><G116/><T55/><D55/><U120/><E120/><V126/><F126/><W37/><G123/><T45/><D45/><U133/><E133/><V68/><F68/><W69/><G69/><T34/><D34/><U19/><E5/><V4/><F4/><RYUUKYOKU ba="0,1" sc="239,15,277,15,271,-15,203,-15" hai0="6,8,11,12,13,14,17,57,62,66,96,100,106" hai1="10,19,25,31,35,48,49,61,64,71" /><INIT seed="5,1,1,1,3,98" ten="254,292,256,188" oya="1" hai0="132,77,11,68,71,63,64,27,37,26,5,25,65" hai1="72,116,12,97,23,102,4,127,43,53,87,106,7" hai2="61,8,44,46,135,112,58,110,28,38,130,133,21" hai3="15,22,19,55,29,104,18,50,84,31,14,80,99"/><U74/><E116/><V51/><F110/><W122/><G122/><T88/><D132/><N who="2" m="50762" /><F8/><W120/><G120/><T57/><D37/><U125/><E43/><N who="2" m="22647" /><F21/><W49/><G99/><T69/><D77/><U101/><E101/><V117/><F28/><W115/><G104/><T123/><D123/><U96/><E96/><V114/><F130/><W24/><G115/><T89/><REACH who="0" step="1"/><D64/><REACH who="0" ten="244,292,256,188" step="2"/><U1/><E125/><V6/><F117/><W3/><G3/><AGARI ba="1,2" hai="3,5,11,25,26,27,57,63,65,68,69,71,88,89" machi="3" ten="50,12000,2" yaku="1,1,2,1,54,1,53,3" doraHai="98" doraHaiUra="20" who="0" fromWho="3" sc="244,143,292,0,256,0,188,-123" owari="387,48.7,292,9.2,256,-14.4,65,-43.5" /></mjloggm>