<mjloggm ver="2.3"><GO type="225" lobby="0"/><UN n0="%E6%80%AA%E3%81%97%E3%81%99%E3%81%8E%E3%82%8B%E3%83%81%E3%83%BC" n1="%E6%97%A5%E6%9B%9C%E6%97%A5%E3%82%88%E3%82%8A%E3%81%AE%E4%BD%BF%E8%80%85" n2="%72%69%6F%75%63%68%61%6E" n3="%E3%81%AF%E3%82%88%E3%81%8A%E3%81%98%E3%81%95%E3%82%93" dan="16,17,16,17" rate="2072.67,2187.57,2134.14,2128.33" sx="M,M,M,M"/><TAIKYOKU oya="0"/><INIT seed="0,0,0,5,1,76" ten="250,250,250,250" oya="0" hai0="2,123,69,59,52,124,113,79,96,22,40,98,122" hai1="66,92,38,78,46,34,63,57,17,132,1,119,90" hai2="72,125,44,0,103,32,7,42,41,36,104,27,84" hai3="115,114,23,106,24,8,47,50,11,121,31,87,118"/><T39/><D113/><U6/><E119/><V60/><F125/><W105/><G118/><T5/><D124/><U102/><E34/><V67/><F41/><W93/><G121/><T58/><D69/><U70/><E132/><V15/><F15/><W61/><G61/><T111/><D59/><U117/><E117/><V14/><F14/><W29/><G31/><T21/><D111/><U127/><E127/><V54/><F54/><W97/><G87/><T128/><D128/><U95/><E78/><V134/><F84/><W33/><G33/><T109/><D109/><U53/><E102/><V35/><F134/><W73/><G73/><T86/><D122/><U110/><E110/><V4/><F72/><W126/><G126/><T9/><D123/><U135/><E135/><V51/><F51/><W25/><G24/><T71/><D71/><U81/><E17/><V74/><F74/><W85/><G85/><T112/><D112/><U48/><E6/><V131/><F131/><W3/><G114/><T65/><D65/><U89/><E1/><V49/><F36/><W82/><G82/><N who="0" m="47455" /><D98/><U130/><E130/><V107/><F107/><N who="3" m="40971" /><G3/><T62/><D96/><U26/><E81/><V13/><F0/><W19/><G29/><T30/><D30/><U20/><E92/><V55/><F32/><W75/><G75/><T28/><D28/><N who="1" m="17479" /><E95/><V99/><F67/><W68/><G68/><T88/><D88/><N who="1" m="33899" /><E70/><V56/><F13/><W94/><G115/><T43/><D39/><U45/><E38/><V129/><F129/><W64/><G64/><T16/><D16/><U100/><E100/><RYUUKYOKU ba="0,0" sc="250,10,250,10,250,10,250,-30" hai0="2,5,9,21,22,40,43,52,58,62" hai1="45,46,48,53,57,63,66" hai2="4,7,27,35,42,44,49,55,56,60,99,103,104" /><INIT seed="0,1,0,5,5,107" ten="260,260,260,220" oya="0" hai0="121,21,119,60,57,34,53,26,124,108,111,106,95" hai1="58,31,125,49,10,24,82,37,39,2,115,45,126" hai2="52,1,51,28,114,96,118,89,101,122,17,30,103" hai3="98,15,55,69,5,48,59,84,117,13,80,88,105"/><T134/><D121/><U67/><E82/><V50/><F122/><W68/><G117/><T61/><D119/><U16/><E115/><V4/><F114/><W74/><G74/><T32/><D106/><U123/><E123/><V77/><F118/><W18/><G5/><T109/><D124/><N who="1" m="47723" /><E2/><V135/><F135/><W71/><REACH who="3" step="1"/><G18/><REACH who="3" ten="260,260,260,210" step="2"/><N who="0" m="12599" /><D134/><U41/><E16/><V90/><F17/><W12/><G12/><T9/><D9/><U14/><E14/><V116/><F4/><W43/><G43/><T73/><D73/><U46/><E10/><V3/><F116/><W81/><G81/><T99/><D61/><N who="1" m="38327" /><E46/><V91/><F1/><W97/><G97/><T54/><D53/><U128/><E128/><V102/><F96/><W129/><G129/><T104/><D104/><U85/><E85/><V94/><F3/><W131/><G131/><T47/><D47/><U83/><E83/><V64/><F94/><W93/><G93/><T44/><D44/><U35/><AGARI ba="1,1" hai="24,31,35,37,39,41,45,49" m="38327,47723" machi="35" ten="30,1100,0" yaku="18,1" doraHai="107" who="1" fromWho="1" sc="260,-6,260,24,260,-4,210,-4" /><INIT seed="1,0,0,3,3,43" ten="254,284,256,206" oya="1" hai0="69,33,19,62,112,111,80,39,121,56,53,79,116" hai1="42,30,73,2,3,48,5,81,88,17,120,64,125" hai2="132,16,10,96,27,57,41,131,107,128,87,89,124" hai3="63,50,44,21,40,54,94,93,127,7,25,55,28"/><U45/><E120/><V91/><F124/><W92/><G127/><T97/><D112/><U12/><E125/><V13/><F132/><W4/><G63/><T68/><D116/><U98/><E30/><V130/><F41/><W85/><G85/><T105/><D121/><U36/><E5/><AGARI ba="0,0" hai="4,5,7,21,25,28,40,44,50,54,55,92,93,94" machi="5" ten="40,2600,0" yaku="8,1,52,1" doraHai="43" who="3" fromWho="1" sc="254,0,284,-26,256,0,206,26" /><INIT seed="2,0,0,3,5,43" ten="254,258,256,232" oya="2" hai0="108,64,115,71,126,98,78,130,17,20,31,132,79" hai1="9,29,44,111,122,39,110,10,49,28,135,40,91" hai2="53,62,48,95,102,30,32,123,5,15,42,54,94" hai3="46,128,76,26,134,112,36,52,50,69,116,8,99"/><V72/><F123/><W16/><G116/><T73/><D115/><U57/><E91/><V75/><F42/><W63/><G36/><T51/><D108/><N who="1" m="41515" /><E122/><V33/><F62/><W101/><G112/><T92/><D130/><U81/><E81/><V19/><F5/><W22/><G128/><T86/><D126/><U96/><E96/><V27/><F33/><W14/><G134/><T97/><D132/><U45/><E57/><V117/><F117/><W24/><G76/><T66/><D31/><N who="1" m="11851" /><E135/><V23/><F54/><AGARI ba="0,0" hai="9,10,39,40,44,45,49,54" m="11851,41515" machi="54" ten="30,3900,0" yaku="14,1,52,2" doraHai="43" who="1" fromWho="2" sc="254,0,258,39,256,-39,232,0" /><INIT seed="3,0,0,5,4,60" ten="254,297,217,232" oya="3" hai0="7,12,39,69,32,128,123,63,100,21,81,45,95" hai1="35,53,91,67,121,135,0,28,54,51,101,22,88" hai2="52,36,89,64,34,107,47,55,14,17,93,115,65" hai3="5,66,80,48,76,84,106,124,83,96,9,130,29"/><W72/><G124/><T30/><D123/><U56/><E35/><V42/><F115/><W111/><G130/><T86/><D128/><U44/><E0/><V127/><F107/><W74/><G111/><T62/><D63/><N who="1" m="38375" /><E121/><V109/><F34/><W61/><G29/><T43/><D86/><U26/><E135/><V99/><F127/><W98/><G48/><T113/><D95/><U11/><E101/><V73/><F73/><W133/><G133/><T27/><D21/><U68/><E68/><V132/><F132/><W122/><G122/><T25/><D12/><U94/><E11/><V20/><REACH who="2" step="1"/><F109/><REACH who="2" ten="254,297,207,232" step="2"/><W50/><G106/><T2/><D32/><U33/><E33/><V10/><F10/><W118/><G74/><T92/><D113/><U77/><E77/><V46/><F46/><W78/><G118/><T18/><D45/><U75/><E75/><V82/><F82/><W37/><G37/><T129/><D81/><U112/><E112/><V4/><F4/><W90/><G78/><T120/><D7/><U19/><E94/><V108/><F108/><W31/><G31/><T59/><D92/><U79/><E79/><V105/><F105/><W87/><G72/><T41/><D39/><U24/><E28/><V8/><F8/><W102/><G102/><T70/><D100/><U49/><E26/><V6/><F6/><W97/><G9/><T119/><D30/><U131/><E131/><V57/><F57/><AGARI ba="0,1" hai="19,22,24,44,49,51,53,54,57,88,91" m="38375" machi="57" ten="30,3900,0" yaku="8,1,52,1,54,1" doraHai="60" who="1" fromWho="2" sc="254,0,297,49,207,-39,232,0" owari="254,5.4,346,44.6,168,-33.2,232,-16.8" /></mjloggm>