<mjloggm ver="2.3"><GO type="225" lobby="0"/><UN n0="%E6%9D%B1%E9%A2%A8%E3%81%AE%E3%81%8D%E3%82%83%E3%81%B7%E3%81%95%E3%82%93" n1="%E3%83%A9%E3%83%BC%E3%83%A1%E3%83%B3%E4%BA%94%E9%83%8E" n2="%E5%91%A8%E6%9D%B1" n3="%E3%81%A4%E3%81%AE%E3%81%A0%E2%98%86%E3%81%B2%E3%82%8D" dan="16,16,16,16" rate="2149.98,2163.04,2158.44,2171.58" sx="M,M,M,M"/><TAIKYOKU oya="0"/><INIT seed="0,0,0,3,5,4" ten="250,250,250,250" oya="0" hai0="9,13,74,57,17,111,109,33,39,123,101,122,59" hai1="80,98,28,15,71,69,102,10,21,83,124,66,84" hai2="16,72,55,125,128,94,134,88,118,64,86,3,127" hai3="14,25,36,63,23,126,43,68,103,53,67,130,50"/><T48/><D39/><U0/><E124/><N who="2" m="47691" /><F72/><W12/><G126/><T20/><D74/><U90/><E0/><V112/><F112/><W96/><G130/><T32/><D101/><U26/><E66/><V97/><F128/><W108/><G108/><N who="0" m="41547" /><D48/><U1/><E83/><V82/><F3/><W37/><G37/><T135/><D135/><U110/><E1/><V116/><F64/><W6/><G6/><N who="0" m="3255" /><D57/><U117/><E110/><V45/><F134/><W75/><G75/><T44/><D59/><U56/><E56/><V30/><F30/><W119/><G36/><T61/><D44/><U85/><E71/><V105/><F105/><W5/><G43/><T114/><D61/><U87/><E69/><V120/><F120/><N who="0" m="46122" /><D114/><U91/><E80/><V31/><F45/><W40/><G40/><T76/><D76/><U22/><E102/><V115/><F115/><W89/><G103/><T27/><AGARI ba="0,0" hai="17,20,27,32,33" m="46122,3255,41547" machi="27" ten="30,12000,1" yaku="14,1,10,1,34,2,52,1" doraHai="4" who="0" fromWho="0" sc="250,120,250,-40,250,-40,250,-40" /><INIT seed="0,1,0,1,4,132" ten="370,210,210,210" oya="0" hai0="26,65,135,3,10,121,84,53,76,42,48,22,120" hai1="116,62,66,133,41,109,134,38,86,25,47,68,99" hai2="77,107,51,119,39,73,67,90,0,57,83,80,71" hai3="75,124,78,4,12,54,52,8,89,32,30,123,70"/><T60/><D42/><U17/><E116/><V9/><F107/><W92/><G70/><T117/><D117/><U110/><E86/><V27/><F119/><W34/><G123/><T128/><D135/><N who="1" m="51723" /><E99/><V36/><F71/><W79/><G124/><T103/><D103/><U13/><E25/><V58/><F27/><W115/><G115/><T29/><D128/><U126/><E126/><V105/><F105/><W61/><G30/><T7/><D76/><U37/><E17/><V81/><F81/><W56/><G54/><T55/><D84/><U98/><E13/><V127/><F127/><W46/><G46/><T74/><D74/><U69/><E98/><V49/><F73/><W20/><G20/><T64/><D64/><N who="1" m="40983" /><E37/><V93/><F39/><W31/><G31/><T21/><D21/><U111/><E69/><V118/><F36/><W19/><G19/><T97/><D97/><U11/><E11/><V130/><F9/><W101/><G101/><T106/><D106/><U35/><E35/><V63/><F118/><W95/><G95/><T102/><D102/><U72/><E72/><V50/><F93/><W2/><G12/><T85/><D85/><U18/><E18/><V125/><F125/><W113/><G75/><T5/><D5/><U43/><E43/><V108/><F77/><N who="3" m="29195" /><G113/><T1/><D1/><U44/><E44/><V14/><F0/><W131/><G131/><T6/><D6/><U28/><E28/><V94/><F130/><W122/><G122/><T96/><D121/><U112/><E66/><V24/><F67/><W45/><G45/><T15/><D65/><RYUUKYOKU ba="1,0" sc="370,-15,210,15,210,-15,210,15" hai1="38,41,47,109,110,111,112" hai3="2,4,8,32,34,52,56,61,89,92" /><INIT seed="1,2,0,5,1,102" ten="355,225,195,225" oya="1" hai0="41,77,6,45,82,27,98,36,131,72,71,58,7" hai1="12,15,11,127,25,94,92,97,44,96,51,38,64" hai2="130,123,132,53,26,119,60,121,55,67,85,0,76" hai3="110,50,86,49,34,39,68,78,2,107,122,20,22"/><U33/><E38/><V87/><F119/><W133/><G39/><T111/><D71/><U126/><E64/><V19/><F0/><W52/><G34/><T16/><D111/><U118/><E118/><V28/><F132/><W21/><G68/><T30/><D131/><U9/><E25/><V59/><F130/><W18/><G122/><T101/><D58/><U117/><E117/><V134/><F134/><W93/><G2/><T120/><D16/><U81/><E81/><V47/><F121/><W8/><G110/><T114/><D114/><U79/><E79/><V124/><F124/><N who="1" m="47657" /><E33/><V5/><F123/><W63/><G133/><T99/><D99/><N who="1" m="37963" /><E15/><V70/><F76/><W57/><G107/><T128/><D128/><U31/><E31/><V14/><F28/><W32/><G32/><T42/><D42/><N who="1" m="24983" /><E9/><V113/><F113/><W90/><G78/><T103/><D103/><U104/><E104/><V116/><F116/><W17/><G17/><AGARI ba="2,0" hai="11,12,17,92,94" m="24983,37963,47657" machi="17" ten="30,1500,0" yaku="18,1" doraHai="102" who="1" fromWho="3" sc="355,0,225,21,195,0,225,-21" /><INIT seed="1,3,0,4,3,107" ten="355,246,195,204" oya="1" hai0="1,63,89,91,65,131,42,80,88,67,18,48,39" hai1="10,11,121,45,130,28,46,103,109,31,76,69,8" hai2="117,54,85,19,2,44,52,101,96,87,66,93,58" hai3="128,105,79,97,86,36,106,60,70,7,134,16,55"/><U129/><E121/><V125/><F117/><W74/><G36/><T122/><D1/><U37/><E69/><V24/><F2/><W5/><G134/><T6/><D6/><U25/><E103/><V124/><F66/><W14/><G128/><N who="1" m="49258" /><E109/><V112/><F112/><W23/><G86/><T26/><D39/><U62/><E62/><V83/><F44/><N who="1" m="17001" /><E37/><V51/><F54/><W57/><G70/><T116/><D116/><U123/><E123/><V77/><REACH who="2" step="1"/><F87/><REACH who="2" ten="355,246,185,204" step="2"/><W81/><REACH who="3" step="1"/><G106/><REACH who="3" ten="355,246,185,194" step="2"/><T47/><D122/><U49/><E8/><V110/><F110/><W59/><G59/><N who="0" m="37119" /><D131/><U53/><E10/><V27/><F27/><W13/><G13/><T50/><D67/><U75/><E11/><V94/><F94/><W108/><G108/><T12/><D26/><U35/><E25/><V72/><F72/><W38/><G38/><T92/><D92/><U9/><E9/><V33/><F33/><W20/><G20/><AGARI ba="3,2" hai="19,20,24,51,52,58,77,83,85,93,96,101,124,125" machi="20" ten="40,2600,0" yaku="1,1,54,1,53,0" doraHai="107" doraHaiUra="119" who="2" fromWho="3" sc="355,0,246,0,185,55,194,-35" /><INIT seed="2,0,0,1,1,58" ten="355,246,240,159" oya="2" hai0="105,67,117,79,68,120,92,52,18,24,17,49,2" hai1="109,114,64,0,54,113,14,33,76,134,119,7,110" hai2="29,5,63,11,69,60,59,51,122,27,108,65,21" hai3="73,25,96,97,37,22,107,77,12,132,135,121,23"/><V128/><F122/><W115/><G37/><T88/><D105/><U4/><E76/><V104/><F128/><W32/><G121/><T75/><D2/><U62/><E119/><V106/><F51/><W124/><G124/><T130/><D120/><U35/><E0/><V34/><F34/><N who="1" m="12809" /><E54/><V90/><F90/><W70/><G115/><N who="1" m="44042" /><E14/><V13/><REACH who="2" step="1"/><F108/><REACH who="2" ten="355,246,230,159" step="2"/><N who="1" m="41577" /><E134/><V87/><F87/><W98/><G132/><T95/><D130/><U111/><E111/><V99/><F99/><W43/><G135/><T85/><D117/><U86/><E86/><V101/><F101/><W103/><G96/><T15/><D85/><U6/><E6/><V131/><F131/><W57/><G97/><T74/><D88/><U93/><E93/><V84/><F84/><W126/><G126/><T112/><D92/><U53/><E4/><V19/><F19/><W56/><G98/><T61/><D112/><U118/><E7/><V36/><F36/><W28/><G103/><T100/><D95/><U102/><E102/><V45/><F45/><W83/><G107/><T44/><D100/><U40/><E118/><V89/><F89/><W80/><G80/><T31/><D79/><U116/><E116/><V8/><F8/><W30/><G83/><T127/><D127/><U48/><E48/><V1/><F1/><W47/><G47/><T41/><D18/><U133/><E133/><V78/><F78/><W26/><G77/><T39/><D39/><U3/><E3/><V50/><F50/><W10/><G10/><N who="0" m="6391" /><D41/><U38/><E38/><V72/><F72/><W71/><G43/><T20/><AGARI ba="0,1" hai="20,24,31,44,49,52,61,67,68,74,75" m="6391" machi="20" ten="30,4000,0" yaku="5,1,52,1,54,1" doraHai="58" who="0" fromWho="0" sc="355,50,246,-10,230,-20,159,-10" /><INIT seed="3,0,0,5,2,26" ten="405,236,210,149" oya="3" hai0="54,41,66,117,96,116,39,118,73,67,72,107,57" hai1="81,101,111,42,94,34,13,3,65,31,0,124,128" hai2="102,11,99,16,47,113,33,125,8,4,7,77,62" hai3="43,121,119,93,32,130,56,100,64,84,29,50,76"/><W91/><G121/><T22/><D22/><U126/><E111/><V79/><F113/><W133/><G119/><T28/><D28/><U110/><E110/><V82/><F125/><N who="1" m="48233" /><E128/><V103/><F33/><W5/><G130/><T105/><D54/><U89/><E42/><V1/><F62/><W23/><G133/><T63/><D96/><N who="1" m="59543" /><E65/><V98/><F47/><W135/><G135/><T24/><D24/><N who="1" m="18791" /><E13/><V78/><F82/><W104/><G32/><T9/><D9/><U123/><E123/><V51/><F51/><W37/><G37/><T61/><D72/><U68/><E68/><V69/><F69/><W134/><G134/><T87/><D87/><AGARI ba="0,0" hai="0,3,81,87,89" m="18791,59543,48233" machi="87" ten="30,2000,0" yaku="18,1,52,1" doraHai="26" who="1" fromWho="0" sc="405,-20,236,20,210,0,149,0" owari="385,48.5,256,5.6,210,-19.0,149,-35.1" /></mjloggm>