<mjloggm ver="2.3"><GO type="225" lobby="0"/><UN n0="%E6%A1%9C%E6%B2%A2%E5%A2%A8" n1="%E5%8D%A0%E3%81%84%E5%B8%AB%E8%A3%8F%E3%81%AA%E3%81%84%E3%81%97" n2="%E3%81%BD%E3%81%A1%E3%81%9F%E3%81%93%E3%82%84" n3="%E3%83%A9%E3%83%BC%E3%83%A1%E3%83%B3%E4%BA%94%E9%83%8E" dan="17,17,17,16" rate="2184.40,2221.38,2180.39,2156.30" sx="F,M,M,M"/><TAIKYOKU oya="0"/><INIT seed="0,0,0,5,4,99" ten="250,250,250,250" oya="0" hai0="6,76,22,79,114,83,32,5,96,113,39,131,2" hai1="37,29,100,134,51,101,33,88,31,72,41,133,30" hai2="47,13,118,86,36,54,85,102,98,40,48,75,1" hai3="49,106,62,111,34,69,68,23,92,135,116,10,120"/><T119/><D32/><U121/><E121/><V130/><F1/><W17/><G106/><T27/><D119/><U97/><E72/><V73/><F118/><W11/><G116/><T90/><D39/><U115/><E37/><V56/><F130/><W132/><G120/><T127/><D131/><U28/><E115/><V20/><F75/><W125/><G34/><T55/><D127/><U50/><E33/><V109/><F73/><W89/><G125/><T9/><D6/><U26/><E26/><V129/><F109/><W61/><G49/><N who="1" m="18442" /><E41/><V53/><F129/><W80/><G80/><T105/><D55/><U87/><E97/><V126/><F54/><W3/><G111/><T46/><D46/><U78/><E78/><V4/><F126/><W71/><G62/><T128/><D128/><U74/><E74/><V44/><F44/><W8/><G61/><T66/><D66/><U103/><N who="1" m="7168" /><DORA hai="59" /><U93/><AGARI ba="0,0" hai="87,88,93,100,101,103,133,134" m="7168,18442" machi="93" ten="50,8000,1" yaku="4,1,52,3,54,1" doraHai="99,59" who="1" fromWho="1" sc="250,-40,250,80,250,-20,250,-20" /><INIT seed="1,0,0,5,1,68" ten="210,330,230,230" oya="1" hai0="127,32,19,9,129,14,130,42,134,120,128,24,116" hai1="118,55,54,126,73,71,80,46,28,70,102,82,111" hai2="94,125,13,117,78,50,36,12,119,7,4,112,30" hai3="62,17,22,48,83,95,27,18,44,53,122,131,109"/><U34/><E118/><V29/><F78/><W61/><G109/><T75/><D75/><U41/><E111/><V65/><F65/><W77/><G131/><T96/><D116/><N who="2" m="44618" /><F50/><W25/><G122/><T81/><D81/><U11/><E126/><V56/><F56/><W63/><G95/><T47/><D127/><U72/><E102/><V5/><F94/><W49/><G49/><T52/><D134/><U79/><E28/><N who="2" m="10859" /><F125/><W105/><G105/><T38/><D120/><U59/><E34/><V43/><F43/><W0/><G0/><T26/><D32/><U132/><E132/><V40/><F40/><W121/><G121/><T10/><D10/><U60/><E11/><V66/><F66/><W84/><REACH who="3" step="1"/><G62/><REACH who="3" ten="210,330,230,220" step="2"/><T91/><D128/><U99/><E60/><V74/><F112/><W98/><G98/><T124/><D124/><U106/><E99/><V21/><F74/><W104/><G104/><T39/><D130/><U67/><E106/><V64/><F36/><W15/><G15/><N who="2" m="5705" /><F64/><W87/><G87/><T35/><D129/><U76/><E67/><V33/><F33/><W37/><G37/><N who="0" m="21967" /><D35/><U8/><E73/><V107/><F107/><W123/><G123/><T110/><D110/><U88/><E72/><V135/><F135/><W101/><G101/><T85/><D96/><U16/><E70/><V1/><F1/><W86/><G86/><T92/><D39/><U133/><E71/><V89/><F21/><AGARI ba="0,1" hai="17,18,21,22,25,27,44,48,53,61,63,77,83,84" machi="21" ten="40,8000,1" yaku="1,1,9,1,8,1,53,2" doraHai="68" doraHaiUra="57" who="3" fromWho="2" sc="210,0,330,0,230,-80,220,90" /><INIT seed="2,0,0,2,1,6" ten="210,330,150,310" oya="2" hai0="47,97,93,103,45,21,81,85,95,51,74,11,94" hai1="129,135,34,27,7,118,96,16,59,131,100,86,80" hai2="108,37,29,9,115,83,68,82,88,40,66,10,18" hai3="84,63,120,121,65,102,49,114,78,125,4,119,28"/><V33/><F115/><W41/><G119/><T0/><D74/><U61/><E118/><V43/><F108/><W90/><G114/><T75/><D75/><U91/><E135/><V19/><F33/><W134/><G134/><T117/><D117/><U44/><E44/><V77/><F29/><W127/><G102/><T110/><D110/><U72/><E72/><V57/><F68/><W67/><G78/><T64/><D64/><N who="3" m="24649" /><G63/><T15/><D0/><U22/><E34/><V60/><F37/><W122/><G4/><T104/><D21/><U111/><E7/><V50/><F77/><W32/><G28/><T17/><REACH who="0" step="1"/><D51/><REACH who="0" ten="200,330,150,310" step="2"/><U98/><E111/><V8/><F50/><W42/><G32/><T106/><D106/><U128/><E100/><V12/><F19/><W26/><G49/><T70/><D70/><U89/><E89/><AGARI ba="0,1" hai="11,15,17,45,47,81,85,89,93,94,95,97,103,104" machi="89" ten="40,2600,0" yaku="1,1,52,1,53,0" doraHai="6" doraHaiUra="2" who="0" fromWho="1" sc="200,36,330,-26,150,0,310,0" /><INIT seed="3,0,0,2,1,69" ten="236,304,150,310" oya="3" hai0="37,7,60,76,5,54,79,22,117,46,13,100,12" hai1="2,93,10,134,70,66,20,103,132,59,21,80,89" hai2="23,28,116,68,87,85,88,4,113,109,34,6,131" hai3="55,47,48,119,107,81,3,111,38,106,115,40,45"/><W0/><G115/><T75/><D117/><U30/><E70/><V65/><F113/><W53/><G119/><T25/><D100/><U71/><E71/><V126/><F116/><W82/><G111/><T77/><D75/><U39/><E39/><V24/><F109/><W108/><G108/><T64/><D64/><U124/><E124/><V95/><F126/><W92/><G92/><T29/><D37/><U14/><E2/><V84/><F131/><W121/><G121/><T123/><D123/><U112/><E112/><V90/><F34/><W1/><G55/><T105/><D105/><U16/><E80/><V49/><F49/><W57/><G47/><T9/><D60/><N who="1" m="38175" /><E103/><V27/><F27/><W133/><G133/><N who="1" m="51306" /><E30/><V120/><F120/><W125/><G125/><T114/><D114/><U98/><AGARI ba="0,0" hai="10,14,16,20,21,89,93,98" m="51306,38175" machi="98" ten="30,2000,0" yaku="20,1,54,1" doraHai="69" who="1" fromWho="1" sc="236,-5,304,20,150,-5,310,-10" owari="231,-16.9,324,42.4,145,-35.5,300,10.0" /></mjloggm>