<mjloggm ver="2.3"><GO type="225" lobby="0"/><UN n0="%E5%8D%A0%E3%81%84%E5%B8%AB%E8%A3%8F%E3%81%AA%E3%81%84%E3%81%97" n1="%63%68%78%62%64" n2="%E3%82%AF%E3%82%A3%E3%82%A6" n3="%E7%99%BD%E5%80%89%E5%AF%9B%E4%B9%8B" dan="17,16,16,16" rate="2205.78,2109.81,2089.01,2129.28" sx="M,M,M,M"/><TAIKYOKU oya="0"/><INIT seed="0,0,0,2,0,61" ten="250,250,250,250" oya="0" hai0="34,19,50,78,71,123,45,73,99,16,108,113,74" hai1="135,8,25,30,72,59,14,43,120,83,6,63,111" hai2="21,28,44,62,54,3,130,42,55,26,4,116,134" hai3="57,103,94,110,97,93,87,29,60,33,1,89,84"/><T101/><D113/><U109/><E120/><V69/><F116/><W36/><G1/><T132/><D123/><U107/><E107/><V70/><F130/><W58/><G36/><T80/><D34/><U127/><E135/><V68/><F134/><W118/><G118/><T104/><D132/><U10/><E127/><V0/><F4/><W37/><G37/><T125/><D125/><U128/><E128/><V53/><REACH who="2" step="1"/><F62/><REACH who="2" ten="250,250,240,250" step="2"/><W112/><G112/><T133/><D133/><U66/><E111/><V124/><F124/><W65/><G110/><T41/><D108/><U15/><E109/><V12/><F12/><W79/><G33/><T24/><D71/><U98/><E14/><V92/><F92/><W35/><G35/><T46/><D24/><U115/><E115/><V106/><F106/><W2/><G2/><T77/><REACH who="0" step="1"/><D46/><REACH who="0" ten="240,250,240,250" step="2"/><U75/><E25/><V100/><F100/><W31/><G58/><T129/><D129/><U11/><E59/><V131/><F131/><W52/><G65/><T17/><D17/><U18/><E66/><V22/><F22/><W56/><G56/><T49/><D49/><AGARI ba="0,2" hai="0,3,21,26,28,42,44,49,53,54,55,68,69,70" machi="49" ten="50,3200,0" yaku="1,1,53,1" doraHai="61" doraHaiUra="39" who="2" fromWho="0" sc="240,-32,250,0,240,52,250,0" /><INIT seed="1,0,0,3,3,11" ten="208,250,292,250" oya="1" hai0="51,73,43,116,33,123,117,21,115,110,122,41,108" hai1="46,113,130,6,90,13,0,125,99,133,29,118,23" hai2="1,134,81,85,124,49,59,57,53,65,67,128,22" hai3="61,27,86,66,83,56,68,12,101,71,126,127,19"/><U120/><E120/><N who="0" m="46121" /><D33/><U58/><E118/><N who="0" m="45673" /><D73/><U62/><E113/><V119/><F124/><N who="3" m="47659" /><G27/><T109/><D21/><U34/><E125/><V132/><F128/><W78/><G101/><T84/><D84/><U98/><E133/><N who="2" m="51307" /><F1/><W80/><G80/><T9/><D9/><AGARI ba="0,0" hai="9,12,19,56,61,66,68,71,78,83,86" m="47659" machi="9" ten="30,2000,0" yaku="18,1,52,1" doraHai="11" who="3" fromWho="0" sc="208,-20,250,0,292,0,250,20" /><INIT seed="2,0,0,2,5,4" ten="188,250,292,270" oya="2" hai0="89,92,9,25,27,6,61,108,10,74,22,68,56" hai1="26,120,41,19,46,121,38,123,90,65,131,58,82" hai2="47,99,134,126,16,76,135,94,29,44,103,33,45" hai3="101,129,87,128,1,66,133,93,106,51,75,36,116"/><V34/><F126/><W73/><G36/><T31/><D74/><N who="3" m="28169" /><G51/><T59/><D108/><U53/><E131/><N who="3" m="50250" /><G66/><T49/><D68/><U96/><E65/><V81/><F29/><W12/><G12/><T112/><D112/><U24/><E19/><V117/><F117/><W125/><G1/><T14/><D49/><N who="1" m="31023" /><E82/><V132/><REACH who="2" step="1"/><F16/><REACH who="2" ten="188,250,282,270" step="2"/><W20/><G125/><T17/><D61/><U64/><E64/><V42/><F42/><W105/><G116/><T54/><D54/><U71/><E71/><V60/><F60/><W62/><G62/><T130/><D130/><U127/><E127/><V32/><F32/><W119/><G119/><T79/><D79/><U50/><E38/><V35/><F35/><W109/><G20/><T8/><D27/><U37/><E37/><V72/><AGARI ba="0,1" hai="33,34,44,45,47,72,76,81,94,99,103,132,134,135" machi="72" ten="40,7800,0" yaku="1,1,0,1,20,1,53,0" doraHai="4" doraHaiUra="3" who="2" fromWho="2" sc="188,-26,250,-26,282,88,270,-26" /><INIT seed="2,1,0,3,0,55" ten="162,224,370,244" oya="2" hai0="15,109,133,0,62,33,72,95,67,134,73,76,3" hai1="65,122,111,18,8,30,54,56,44,97,6,98,129" hai2="63,71,91,80,108,42,83,58,135,28,115,87,9" hai3="51,99,13,126,50,35,5,37,16,125,90,119,24"/><V112/><F135/><W14/><G37/><T107/><D109/><U40/><E111/><V93/><F28/><N who="3" m="19847" /><G119/><T53/><D33/><U75/><E129/><V110/><F42/><W10/><G99/><T20/><D107/><U131/><E75/><V128/><F128/><W43/><G90/><T32/><D32/><U34/><E131/><V57/><F110/><W61/><G61/><T7/><D95/><U101/><E65/><V96/><F108/><W120/><G43/><T46/><D20/><U103/><E18/><V121/><F121/><W22/><G120/><T49/><D15/><U100/><E30/><V29/><F29/><W84/><G84/><T25/><D25/><U66/><E66/><V11/><F71/><W17/><G51/><T85/><D85/><U79/><E79/><V106/><F115/><W70/><G50/><T68/><D7/><U114/><E114/><V89/><F106/><W4/><G70/><T39/><D39/><U132/><E132/><N who="0" m="50793" /><D76/><U31/><E34/><V74/><F112/><W77/><G77/><T60/><D60/><N who="1" m="35863" /><E31/><V47/><F74/><AGARI ba="1,0" hai="0,3,46,49,53,62,67,68,72,73,74" m="50793" machi="74" ten="30,1000,0" yaku="20,1" doraHai="55" who="0" fromWho="2" sc="162,13,224,0,370,-13,244,0" /><INIT seed="3,0,0,4,4,18" ten="175,224,357,244" oya="3" hai0="75,127,124,102,94,12,109,36,93,95,120,113,72" hai1="92,90,118,11,134,107,82,47,84,30,0,122,14" hai2="44,62,48,16,20,10,42,28,74,9,89,49,2" hai3="37,55,100,67,97,25,54,53,13,111,26,91,27"/><W71/><G37/><T33/><D33/><U40/><E122/><V24/><F74/><N who="0" m="28202" /><D36/><U3/><E134/><V108/><F108/><W31/><G111/><T69/><D69/><U38/><E107/><V119/><F119/><W101/><G71/><T115/><D109/><U39/><E118/><V126/><F126/><N who="0" m="48170" /><D12/><U128/><E38/><V86/><F2/><W34/><G67/><T70/><D70/><U68/><E68/><V23/><F62/><W64/><G64/><T81/><D120/><U103/><E128/><V135/><F135/><W4/><G34/><T106/><D81/><U1/><E30/><V32/><F32/><W99/><G31/><T77/><D77/><U21/><E103/><N who="3" m="39498" /><G13/><T78/><D78/><U132/><E82/><N who="2" m="49367" /><F49/><W125/><G125/><T116/><D116/><U52/><E132/><V65/><F65/><W66/><G66/><T5/><D5/><U105/><E105/><V15/><AGARI ba="0,0" hai="9,10,15,16,20,23,24,28,42,44,48" m="49367" machi="15" ten="30,7900,0" yaku="8,1,52,2,54,1" doraHai="18" who="2" fromWho="2" sc="175,-20,224,-20,357,79,244,-39" owari="155,-34.5,204,-19.6,436,53.6,205,0.5" /></mjloggm>