<mjloggm ver="2.3"><GO type="225" lobby="0"/><UN n0="%EF%BC%AE%EF%BC%A1%EF%BC%AF%33%33%39" n1="%E6%A1%9C%E8%8A%B1%E9%96%83%E3%80%85" n2="%E6%B4%BE%E9%81%A3%E3%81%AE%E3%82%B8%E3%83%A3%E3%83%83%E3%82%AF" n3="%E4%BF%BA%E3%81%A8%E5%A6%96%E5%A4%A2" dan="16,16,17,16" rate="2102.75,2128.06,2187.13,2133.85" sx="M,M,M,F"/><TAIKYOKU oya="0"/><INIT seed="0,0,0,2,4,32" ten="250,250,250,250" oya="0" hai0="68,114,13,6,86,54,132,107,116,119,121,97,53" hai1="11,36,117,33,75,7,98,44,85,70,46,19,80" hai2="101,60,59,43,45,61,15,124,123,39,110,76,4" hai3="87,12,67,56,38,57,120,64,1,22,31,105,8"/><T3/><D114/><U35/><E117/><V103/><F123/><W58/><G120/><T34/><D34/><U28/><E19/><V9/><F110/><W125/><G105/><T88/><D121/><U96/><E46/><V2/><F124/><W25/><G38/><T95/><D68/><U65/><E85/><V134/><F134/><W118/><G118/><T92/><D107/><U30/><E30/><V104/><F104/><W94/><G1/><T50/><D13/><U0/><E96/><V16/><F76/><W133/><G125/><T99/><D86/><U78/><E98/><V63/><REACH who="2" step="1"/><F59/><REACH who="2" ten="250,250,240,250" step="2"/><W5/><G133/><T135/><D135/><U20/><E70/><V91/><F91/><AGARI ba="0,1" hai="5,8,12,22,25,31,56,57,58,64,67,87,91,94" machi="91" ten="40,1300,0" yaku="8,1" doraHai="32" who="3" fromWho="2" sc="250,0,250,0,240,-13,250,23" /><INIT seed="1,0,0,1,0,49" ten="250,250,227,273" oya="1" hai0="15,33,16,132,40,118,63,133,81,11,98,121,24" hai1="129,35,125,2,106,18,0,67,116,58,23,71,115" hai2="1,51,83,13,46,130,76,101,27,48,110,29,96" hai3="31,56,7,52,88,75,25,42,94,38,9,135,8"/><U99/><E115/><V34/><F1/><W104/><G104/><T39/><D118/><U21/><E116/><V32/><F110/><W90/><G75/><T30/><D98/><U112/><E112/><V119/><F119/><W6/><G135/><N who="0" m="51787" /><D81/><U87/><E71/><V95/><F130/><W53/><G42/><T60/><D121/><U97/><E35/><V62/><F34/><W72/><G38/><T61/><D40/><U103/><E129/><V66/><F13/><W12/><G72/><T89/><D89/><N who="3" m="34409" /><G94/><T126/><D39/><U44/><E87/><V128/><F128/><W43/><G43/><T5/><D126/><U70/><E125/><V74/><REACH who="2" step="1"/><F46/><REACH who="2" ten="250,250,217,273" step="2"/><W124/><G124/><T77/><D77/><U65/><E44/><V28/><F28/><W10/><G56/><AGARI ba="0,1" hai="27,29,32,48,51,56,62,66,74,76,83,95,96,101" machi="56" ten="30,3900,0" yaku="1,1,7,1,53,1" doraHai="49" doraHaiUra="73" who="2" fromWho="3" sc="250,0,250,0,217,49,273,-39" /><INIT seed="2,0,0,2,3,21" ten="250,250,266,234" oya="2" hai0="18,49,78,61,112,69,1,28,124,63,106,34,60" hai1="72,115,30,119,110,114,45,43,70,15,6,31,46" hai2="102,55,92,53,19,103,51,130,135,65,104,56,39" hai3="131,116,94,133,38,9,5,14,105,87,23,108,47"/><V3/><F39/><W57/><G116/><T40/><D1/><U100/><E72/><V17/><F3/><W26/><G105/><T41/><D106/><U16/><E119/><V37/><F37/><W99/><G108/><T91/><D78/><U71/><E100/><V54/><F130/><W96/><G131/><T120/><D120/><U36/><E6/><V27/><F135/><W59/><G133/><T98/><D69/><U111/><E36/><V83/><F104/><W129/><G129/><T80/><D112/><U97/><E15/><V107/><F107/><W125/><G125/><T42/><D28/><U127/><E97/><V74/><F83/><W89/><G47/><T29/><D29/><U44/><E44/><V11/><F11/><W132/><G38/><T2/><D34/><U75/><E75/><V101/><F92/><W22/><G22/><T123/><D2/><U62/><E62/><N who="2" m="38087" /><F74/><W12/><G12/><T118/><D118/><U88/><E127/><V48/><F17/><N who="3" m="12655" /><G132/><T64/><D123/><U73/><E73/><V122/><F122/><W24/><G24/><T8/><D124/><U128/><E128/><V58/><F58/><AGARI ba="0,0" hai="5,9,14,57,58,59,87,89,94,96,99" m="12655" machi="58" ten="30,2000,0" yaku="8,1,52,1" doraHai="21" who="3" fromWho="2" sc="250,0,250,0,266,-20,234,20" /><INIT seed="3,0,0,5,2,90" ten="250,250,246,254" oya="3" hai0="81,77,95,125,113,25,127,44,118,93,84,1,98" hai1="111,80,134,135,71,26,126,15,14,38,2,82,11" hai2="101,60,22,19,100,102,45,104,58,79,35,24,39" hai3="108,110,86,65,37,17,68,91,48,129,133,20,47"/><W109/><G37/><T66/><D1/><U121/><E121/><V61/><F35/><W114/><G114/><T88/><D66/><U69/><E38/><V46/><F104/><W10/><G133/><N who="1" m="50698" /><E111/><V16/><F79/><W67/><G129/><T73/><D25/><U87/><E126/><N who="0" m="48137" /><D44/><N who="2" m="17002" /><F39/><W128/><G10/><T99/><D113/><U42/><E42/><V29/><F60/><W5/><G5/><T51/><D51/><U89/><E80/><V105/><F105/><W96/><G96/><N who="0" m="36907" /><D118/><U55/><E26/><V117/><F117/><W130/><G68/><N who="1" m="26186" /><E55/><AGARI ba="0,0" hai="16,19,22,24,29,55,58,61,100,101,102" m="17002" machi="55" ten="30,2000,0" yaku="8,1,54,1" doraHai="90" who="2" fromWho="1" sc="250,0,250,-20,246,20,254,0" /><INIT seed="4,0,0,2,5,56" ten="250,230,266,254" oya="0" hai0="88,116,12,84,100,70,117,30,126,68,121,67,134" hai1="123,27,58,85,79,92,109,65,46,115,80,105,113" hai2="36,71,57,41,104,45,39,3,42,93,97,110,8" hai3="107,64,19,48,13,7,15,96,66,118,111,21,76"/><T53/><D121/><U83/><E123/><V16/><F110/><W50/><G111/><T25/><D100/><U120/><E109/><V10/><F71/><W51/><G118/><T130/><D130/><U0/><E120/><V108/><F108/><W131/><G131/><T24/><D24/><U90/><E0/><V99/><F104/><W127/><G127/><T29/><D29/><U22/><E105/><V35/><F35/><W95/><G76/><T132/><D53/><U63/><E46/><V28/><F28/><W33/><G33/><T77/><D77/><U26/><E83/><V44/><F57/><W59/><G59/><T5/><D126/><U9/><E9/><V119/><F119/><W34/><G34/><T75/><D75/><U86/><REACH who="1" step="1"/><E27/><REACH who="1" ten="250,220,266,254" step="2"/><V43/><F3/><W11/><REACH who="3" step="1"/><G107/><REACH who="3" ten="250,220,266,244" step="2"/><T98/><D117/><U135/><E135/><V103/><F44/><W94/><G94/><T2/><D116/><U4/><E4/><V40/><F45/><W52/><G52/><T73/><D5/><U32/><E32/><V61/><F93/><W124/><G124/><T74/><D134/><U38/><E38/><V47/><F39/><W129/><G129/><T89/><D132/><U17/><AGARI ba="0,2" hai="17,22,26,58,63,65,79,80,85,86,90,92,113,115" machi="17" ten="30,4000,0" yaku="1,1,0,1,52,1,53,0" doraHai="56" doraHaiUra="49" who="1" fromWho="1" sc="250,-20,220,60,266,-10,244,-10" /><INIT seed="5,0,0,0,4,133" ten="230,280,256,234" oya="1" hai0="128,87,91,6,4,117,18,74,58,125,94,0,77" hai1="38,73,118,31,93,5,49,55,72,26,63,11,12" hai2="131,30,79,7,98,8,17,81,67,32,14,119,43" hai3="80,92,16,111,104,22,59,53,20,88,89,19,127"/><U1/><E118/><V132/><F119/><W96/><G111/><T112/><D117/><U71/><E38/><V86/><F131/><W113/><G104/><T105/><D105/><U40/><E40/><V97/><F132/><W10/><G113/><T44/><D0/><U36/><E36/><V27/><F67/><W39/><G39/><T106/><D106/><U69/><E1/><V122/><F122/><W83/><G127/><T82/><D44/><U21/><E93/><V24/><F43/><W84/><G80/><T99/><D112/><U37/><E37/><V51/><F51/><W95/><G83/><T15/><D128/><U48/><E48/><V120/><F120/><W101/><G101/><T66/><D74/><U41/><E41/><V109/><F109/><W50/><G10/><T35/><D35/><U75/><REACH who="1" step="1"/><E63/><REACH who="1" ten="230,270,256,234" step="2"/><V130/><F130/><W115/><G115/><T23/><D125/><U116/><E116/><V76/><F76/><W28/><G28/><T110/><D110/><U29/><E29/><V103/><F79/><W25/><G25/><T114/><D114/><U2/><E2/><N who="2" m="119" /><F27/><W121/><G121/><T102/><D77/><U85/><E85/><V56/><F24/><W65/><G50/><T42/><D42/><U47/><AGARI ba="0,1" hai="5,11,12,21,26,31,47,49,55,69,71,72,73,75" machi="47" ten="30,3000,0" yaku="1,1,0,1,53,0" doraHai="133" doraHaiUra="57" who="1" fromWho="1" sc="230,-10,270,40,256,-10,234,-10" owari="220,-28.0,310,41.0,246,4.6,224,-17.6" /></mjloggm>