<mjloggm ver="2.3"><GO type="225" lobby="0"/><UN n0="%E3%81%99%E3%81%84%E3%81%BE%E3%81%9B%E3%83%BC%E3%82%93" n1="%E3%81%BF%E3%81%BF%E3%81%9A" n2="%E3%81%AF%E3%82%88%E3%81%8A%E3%81%98%E3%81%95%E3%82%93" n3="%E7%91%9E%E5%8E%9F%E3%83%B4%E3%82%A1%E3%82%AE%E3%83%8A" dan="18,17,17,16" rate="2225.32,2235.03,2137.57,2083.14" sx="M,M,M,M"/><TAIKYOKU oya="0"/><INIT seed="0,0,0,3,4,60" ten="250,250,250,250" oya="0" hai0="80,126,51,93,49,9,13,15,121,50,48,27,52" hai1="57,116,20,43,85,96,100,106,124,89,29,78,87" hai2="77,70,8,61,18,84,19,130,119,44,83,65,42" hai3="69,90,53,26,111,24,120,6,67,118,125,134,14"/><T45/><D121/><U81/><E116/><V76/><F130/><W25/><G118/><T16/><D126/><U58/><E124/><V54/><F119/><W86/><G125/><T5/><D80/><U1/><E1/><V91/><F54/><W28/><G120/><T108/><D108/><U40/><E29/><V117/><F117/><W97/><G111/><T41/><D93/><U71/><E71/><V23/><F8/><W122/><G122/><T21/><D15/><U115/><E20/><V101/><F101/><W56/><G97/><T30/><D30/><U133/><E133/><V105/><F105/><W38/><G38/><T75/><D75/><U35/><E35/><V107/><F107/><W114/><G114/><T95/><D95/><N who="1" m="58399" /><E115/><V82/><F23/><N who="3" m="15391" /><G69/><T127/><D127/><U46/><E106/><V112/><F112/><W110/><G67/><T103/><D103/><U2/><E2/><V129/><F129/><W55/><G134/><T63/><D63/><U34/><E34/><V92/><F82/><N who="3" m="49495" /><G53/><AGARI ba="0,0" hai="5,9,13,16,21,27,41,45,48,49,50,51,52,53" machi="53" ten="40,7700,0" yaku="8,1,54,2" doraHai="60" who="0" fromWho="3" sc="250,77,250,0,250,0,250,-77" /><INIT seed="0,1,0,2,0,123" ten="327,250,250,173" oya="0" hai0="97,92,50,102,81,95,128,109,53,22,87,58,82" hai1="112,40,51,8,126,54,69,55,20,44,93,125,99" hai2="83,96,131,64,79,52,73,17,90,106,46,132,21" hai3="66,12,6,119,14,127,9,98,48,29,36,27,110"/><T129/><D109/><U63/><E112/><V11/><F131/><N who="0" m="50250" /><D22/><U32/><E32/><V59/><F132/><W134/><G119/><T114/><D114/><U103/><E20/><V34/><F34/><W45/><G36/><T13/><D13/><U33/><E8/><V0/><F64/><W38/><G38/><T105/><D82/><U111/><E33/><V1/><F46/><W19/><G134/><T77/><AGARI ba="1,0" hai="50,53,58,77,81,87,92,95,97,102,105" m="50250" machi="77" ten="30,1500,0" yaku="19,1" doraHai="123" who="0" fromWho="0" sc="327,18,250,-6,250,-6,173,-6" /><INIT seed="0,2,0,5,0,82" ten="345,244,244,167" oya="0" hai0="11,17,69,119,93,40,131,20,16,91,24,106,112" hai1="101,117,52,57,133,124,95,88,21,28,94,79,5" hai2="110,39,121,123,31,90,99,122,96,2,66,51,36" hai3="108,116,125,64,73,32,129,71,23,72,126,113,74"/><T87/><D112/><U43/><E117/><V109/><F2/><W86/><G113/><T14/><D119/><U134/><E124/><N who="3" m="47722" /><G116/><T84/><D131/><U83/><E43/><V33/><F66/><W4/><G32/><T25/><D69/><U54/><E5/><V9/><F9/><W120/><G129/><T41/><D106/><U85/><E101/><V55/><F31/><W61/><G108/><N who="2" m="41577" /><F33/><W80/><G120/><N who="2" m="30721" /><V59/><DORA hai="65" /><F90/><N who="3" m="51527" /><G23/><N who="0" m="13415" /><D87/><N who="1" m="48639" /><E95/><V77/><F77/><W70/><G4/><AGARI ba="2,0" hai="4,11,14,17,20,25,40,41,84,91,93" m="13415" machi="4" ten="30,5800,0" yaku="8,1,52,1,54,1" doraHai="82,65" who="0" fromWho="3" sc="345,64,244,0,244,0,167,-64" /><INIT seed="0,3,0,2,3,14" ten="409,244,244,103" oya="0" hai0="19,12,53,68,66,15,50,37,82,28,38,80,4" hai1="1,134,115,8,128,54,73,27,23,126,39,84,125" hai2="132,57,61,135,102,107,49,24,87,111,70,109,31" hai3="101,30,67,119,22,95,52,47,98,78,16,18,51"/><T112/><D112/><U3/><E73/><V36/><F36/><W17/><G119/><T32/><D66/><U42/><E115/><V69/><F87/><W92/><G67/><T110/><D68/><N who="2" m="26218" /><F102/><W6/><G6/><T130/><D130/><U20/><E128/><V129/><F107/><W79/><G95/><T13/><D110/><N who="2" m="41994" /><F129/><W124/><G124/><N who="1" m="47722" /><E134/><N who="2" m="51243" /><F24/><AGARI ba="3,0" hai="16,17,18,22,24,30,47,51,52,78,79,92,98,101" machi="24" ten="40,12000,2" yaku="8,1,52,3,54,2" doraHai="14" who="3" fromWho="2" sc="409,0,244,0,244,-129,103,129" /><INIT seed="1,0,0,0,0,69" ten="409,244,115,232" oya="1" hai0="46,31,93,63,52,34,56,64,33,125,82,5,30" hai1="116,85,135,38,76,113,98,16,96,48,60,40,3" hai2="110,25,103,105,111,11,115,114,50,71,17,2,42" hai3="62,119,51,78,15,75,55,83,39,109,90,29,127"/><U79/><E113/><N who="2" m="43019" /><F71/><W130/><G109/><N who="2" m="41481" /><F103/><W129/><G127/><T70/><D125/><U121/><E116/><V41/><F105/><W47/><G29/><T106/><D106/><U74/><E121/><V91/><F91/><W133/><G133/><T27/><D5/><U95/><E3/><V24/><F50/><W81/><G119/><T53/><D82/><U14/><E135/><V43/><F2/><W58/><G15/><AGARI ba="0,0" hai="11,15,17,24,25,41,42,43" m="41481,43019" machi="15" ten="40,2600,0" yaku="11,1,14,1" doraHai="69" who="2" fromWho="3" sc="409,0,244,0,115,26,232,-26" /><INIT seed="2,0,0,0,0,134" ten="409,244,141,206" oya="2" hai0="22,35,34,101,80,135,63,16,78,106,50,32,91" hai1="121,10,110,84,99,29,27,21,116,92,33,43,131" hai2="96,57,55,86,87,132,48,77,82,4,122,85,65" hai3="68,97,26,111,105,24,113,11,44,76,36,73,126"/><V0/><F122/><W14/><G68/><T54/><D135/><U75/><E116/><V30/><F132/><W56/><G111/><T39/><D39/><U31/><E75/><V51/><F30/><W6/><G113/><T13/><D91/><U129/><E110/><V120/><F120/><W93/><G105/><T2/><D2/><U100/><E121/><V12/><F0/><W130/><G130/><N who="1" m="49674" /><E43/><V64/><F96/><W90/><G126/><T15/><D63/><U5/><E84/><N who="2" m="32363" /><F51/><W67/><G67/><N who="2" m="25673" /><F12/><W9/><G76/><T109/><D15/><N who="1" m="5583" /><E31/><V81/><F4/><W117/><G73/><T19/><D50/><U118/><E118/><V70/><F70/><W112/><G112/><T45/><D106/><U8/><E8/><V108/><F108/><W125/><G117/><T59/><D34/><AGARI ba="0,0" hai="21,27,29,33,34,92,99,100" m="5583,49674" machi="34" ten="30,1000,0" yaku="19,1" doraHai="134" who="1" fromWho="0" sc="409,-10,244,10,141,0,206,0" /><INIT seed="3,0,0,4,2,35" ten="399,254,141,206" oya="3" hai0="8,20,125,17,68,13,48,71,81,120,54,88,33" hai1="124,58,97,28,50,126,45,63,43,134,113,1,80" hai2="135,74,92,51,93,111,96,130,132,104,95,89,79" hai3="67,36,127,70,46,49,86,76,131,119,34,23,94"/><W12/><G119/><T4/><D120/><U98/><E113/><V59/><F59/><W30/><G34/><T14/><D33/><U24/><E1/><V41/><F51/><W109/><G36/><T29/><D125/><N who="1" m="48235" /><E134/><N who="2" m="51243" /><F41/><W53/><G131/><T19/><D29/><U6/><E6/><V16/><F16/><N who="3" m="10631" /><G70/><T114/><D114/><U47/><E47/><V107/><F130/><W91/><G109/><T22/><D71/><U38/><E38/><V65/><F65/><W102/><G127/><T90/><D81/><U87/><E24/><V52/><F52/><N who="3" m="29751" /><G67/><T26/><D68/><U77/><E28/><V32/><F32/><W117/><G117/><T84/><D84/><U118/><E118/><V106/><F111/><W82/><G102/><T57/><AGARI ba="0,0" hai="4,8,13,14,17,19,20,22,26,48,54,57,88,90" machi="57" ten="20,5200,0" yaku="0,1,7,1,8,1,54,1" doraHai="35" who="0" fromWho="0" sc="399,52,254,-13,141,-13,206,-26" owari="451,55.1,241,4.1,128,-37.2,180,-22.0" /></mjloggm>