<mjloggm ver="2.3"><GO type="225" lobby="0"/><UN n0="%E3%81%A4%E3%81%A3%E3%81%B1%E3%82%8A%E3%83%9D%E3%83%BC%E3%83%AB" n1="%E3%81%99%E3%83%BC%5F%E9%88%B4%E6%9C%A8%E6%B5%A9%E5%B9%B3" n2="%E6%9D%B1%E9%A2%A8%E3%81%AE%E3%81%8D%E3%82%83%E3%81%B7%E3%81%95%E3%82%93" n3="%73%74%61%72%E6%98%9F%E8%BE%B0" dan="17,16,16,16" rate="2103.95,2081.73,2111.37,2112.72" sx="M,M,M,M"/><TAIKYOKU oya="0"/><INIT seed="0,0,0,5,4,59" ten="250,250,250,250" oya="0" hai0="127,122,91,121,40,103,102,108,55,77,34,96,15" hai1="23,52,95,48,33,8,38,25,109,27,88,94,87" hai2="129,6,63,10,5,119,110,9,35,14,101,69,115" hai3="45,123,3,32,58,86,92,78,62,56,21,89,37"/><T64/><D34/><U74/><E74/><V2/><F101/><W66/><G32/><T114/><D114/><U135/><E38/><V76/><F115/><W126/><G3/><T99/><D40/><U116/><E116/><V106/><F106/><W132/><G126/><T98/><D64/><U84/><E135/><V118/><F76/><W0/><G132/><T71/><D71/><U57/><E109/><V16/><F110/><W19/><G0/><T42/><D42/><U90/><E33/><V97/><F97/><N who="0" m="37482" /><D55/><U75/><E75/><V44/><F44/><W120/><G78/><T46/><D15/><U113/><E113/><V31/><F129/><W72/><G72/><T53/><D53/><U131/><E131/><V65/><REACH who="2" step="1"/><F5/><REACH who="2" ten="250,250,240,250" step="2"/><W18/><G45/><T112/><D46/><U1/><E23/><V11/><F11/><W117/><G21/><T54/><D108/><U93/><E95/><V111/><F111/><W17/><G117/><T47/><D112/><U50/><E50/><V134/><F134/><W24/><G37/><T60/><D122/><N who="3" m="46633" /><G24/><AGARI ba="0,1" hai="2,6,9,10,14,16,24,31,35,63,65,69,118,119" machi="24" ten="40,8000,1" yaku="1,1,52,1,54,1,53,1" doraHai="59" doraHaiUra="30" who="2" fromWho="3" sc="250,0,250,0,240,90,250,-80" /><INIT seed="1,0,0,3,3,70" ten="250,250,330,170" oya="1" hai0="15,7,27,30,128,91,118,14,74,42,109,106,89" hai1="111,32,1,37,120,50,25,103,114,131,28,95,78" hai2="126,13,55,125,6,46,94,122,76,100,101,119,99" hai3="66,86,132,35,110,54,31,33,108,0,2,48,34"/><U113/><E120/><V63/><F76/><W62/><G132/><T115/><D118/><U71/><E1/><V39/><F101/><W16/><G86/><T73/><D115/><U82/><E71/><V11/><F122/><W102/><G102/><T61/><D106/><U10/><E131/><V88/><F119/><W98/><G98/><T41/><D7/><U79/><E37/><V97/><F63/><W23/><G31/><T64/><D128/><U49/><E78/><V24/><F24/><N who="3" m="14439" /><G54/><T40/><D109/><N who="3" m="42089" /><G48/><T133/><D133/><U75/><E111/><V22/><F22/><W124/><G124/><N who="2" m="47721" /><F55/><W65/><G65/><T83/><D74/><U92/><E103/><V130/><F130/><W51/><G51/><T29/><D73/><U5/><E49/><V129/><F129/><W121/><G121/><T18/><D30/><U69/><E50/><V123/><F123/><W38/><G38/><T44/><D29/><U60/><E113/><V56/><F56/><AGARI ba="0,0" hai="0,2,33,34,35,56,62,66" m="42089,14439" machi="56" ten="40,2600,0" yaku="14,1,54,1" doraHai="70" who="3" fromWho="2" sc="250,0,250,0,330,-26,170,26" /><INIT seed="2,0,0,3,5,88" ten="250,250,304,196" oya="2" hai0="30,18,81,17,64,91,107,26,123,0,31,27,111" hai1="20,89,73,40,38,43,44,49,105,21,112,95,133" hai2="59,71,16,23,110,61,41,87,13,63,1,83,72" hai3="128,3,62,56,134,114,119,4,53,82,106,129,15"/><V52/><F1/><W74/><G119/><T117/><D107/><U7/><E112/><V65/><F72/><W84/><G106/><T33/><D123/><U80/><E105/><V14/><F41/><W104/><G104/><T9/><D64/><U108/><E133/><V90/><F110/><W96/><G134/><T115/><D115/><U100/><E100/><V6/><F6/><W127/><G114/><T92/><D81/><U126/><E126/><V79/><F79/><W93/><G74/><T67/><D67/><U46/><E108/><V10/><F10/><N who="3" m="4551" /><G3/><T131/><D111/><U86/><REACH who="1" step="1"/><E7/><REACH who="1" ten="250,240,304,196" step="2"/><V60/><F13/><W37/><G127/><T97/><D117/><U76/><AGARI ba="0,1" hai="20,21,38,40,43,44,46,49,73,76,80,86,89,95" machi="76" ten="30,7900,0" yaku="1,1,2,1,0,1,52,1,53,0" doraHai="88" doraHaiUra="58" who="1" fromWho="1" sc="250,-20,240,89,304,-39,196,-20" /><INIT seed="3,0,0,5,1,37" ten="230,329,265,176" oya="3" hai0="40,73,96,13,115,62,110,123,79,83,95,108,80" hai1="76,105,47,46,22,72,51,70,23,60,99,0,32" hai2="88,126,85,86,106,132,44,129,94,39,71,121,67" hai3="50,36,16,38,20,2,59,65,19,57,14,81,43"/><W1/><G36/><T91/><D123/><U131/><E32/><V34/><F34/><W28/><G28/><T56/><D115/><U7/><E131/><V9/><F132/><W124/><G124/><T117/><D117/><U97/><E72/><V35/><F35/><W130/><G130/><T122/><D122/><U5/><E76/><V90/><F106/><W134/><G134/><T33/><D33/><U48/><E60/><V68/><F121/><W53/><G81/><N who="0" m="45295" /><D13/><U113/><E70/><V93/><F129/><W78/><G78/><T133/><D40/><U111/><E0/><V118/><F118/><W92/><G92/><T15/><D15/><U127/><E105/><V21/><F67/><W49/><G19/><T52/><D133/><U125/><E111/><AGARI ba="0,0" hai="52,56,62,80,83,91,95,96,108,110,111" m="45295" machi="111" ten="30,2000,0" yaku="14,1,54,1" doraHai="37" who="0" fromWho="1" sc="230,20,329,-20,265,0,176,0" owari="250,-15.0,309,40.9,265,6.5,176,-32.4" /></mjloggm>