<mjloggm ver="2.3"><GO type="225" lobby="0"/><UN n0="%E3%81%8B%E3%82%8F%E3%81%A1%E3%82%83%E3%82%93%35%38" n1="%E7%9A%AE%E3%80%85" n2="%E6%A1%9C%E8%8A%B1%E9%96%83%E3%80%85" n3="%E3%83%A9%E3%83%96%E3%83%AC%E3%83%BC" dan="16,16,16,16" rate="2162.38,2145.79,2128.22,2156.11" sx="M,M,M,M"/><TAIKYOKU oya="0"/><INIT seed="0,0,0,0,2,85" ten="250,250,250,250" oya="0" hai0="52,83,69,21,50,72,7,90,127,24,70,12,81" hai1="36,17,92,32,22,88,57,2,74,35,61,107,51" hai2="75,119,23,129,13,65,10,58,5,79,62,38,102" hai3="112,122,41,47,78,99,125,37,80,130,117,54,9"/><T31/><D127/><U71/><E36/><V131/><F119/><W45/><G117/><T56/><D72/><U20/><E107/><V53/><F38/><W28/><G112/><T123/><D123/><U55/><E74/><V77/><F102/><W82/><G125/><T48/><D48/><U67/><E2/><V110/><F110/><W19/><G28/><T29/><D29/><U116/><E116/><V91/><F23/><W95/><G130/><N who="2" m="49673" /><F75/><W44/><G122/><T66/><D66/><U93/><E93/><V97/><F97/><W89/><G41/><T46/><D56/><U68/><E68/><N who="2" m="42039" /><F91/><W101/><G78/><T114/><D114/><U60/><E22/><V132/><F132/><W86/><G80/><T11/><REACH who="0" step="1"/><D90/><REACH who="0" ten="240,250,250,250" step="2"/><U30/><E30/><V109/><F109/><W49/><G37/><T42/><D42/><U106/><E106/><V96/><F58/><W18/><G9/><T1/><D1/><U15/><E61/><V40/><F40/><W27/><G47/><T25/><D25/><U103/><E103/><V14/><F53/><N who="3" m="29863" /><G27/><T0/><D0/><U126/><E126/><V133/><F133/><W8/><G8/><T43/><D43/><U3/><E3/><V59/><F59/><W87/><G86/><AGARI ba="0,1" hai="15,17,20,32,35,51,55,57,60,67,71,86,88,92" machi="86" ten="30,8000,1" yaku="7,1,25,2,52,1,54,1" doraHai="85" who="1" fromWho="3" sc="240,0,250,90,250,0,250,-80" /><INIT seed="1,0,0,4,4,82" ten="240,340,250,170" oya="1" hai0="76,52,34,92,38,79,24,70,114,88,69,29,84" hai1="16,112,64,96,0,27,102,49,9,28,40,99,131" hai2="60,33,47,62,116,2,45,50,48,106,123,66,6" hai3="126,42,128,75,120,118,56,113,108,26,25,4,13"/><U93/><E112/><V20/><F33/><W5/><G75/><T73/><D38/><U46/><E131/><V98/><F116/><W12/><G42/><T110/><D114/><U31/><E64/><V37/><F20/><W111/><G113/><T36/><D36/><U58/><E58/><N who="2" m="37143" /><F6/><N who="3" m="2667" /><G56/><T86/><D73/><U68/><E68/><V97/><F106/><W104/><G104/><T22/><D110/><N who="3" m="42025" /><G128/><T65/><D34/><U91/><E0/><V89/><F2/><W119/><G120/><T54/><D69/><U18/><E9/><V87/><F62/><W77/><G77/><N who="0" m="29771" /><D70/><U130/><E130/><V35/><F35/><W57/><G57/><T95/><D65/><U81/><E31/><V101/><F101/><W90/><G90/><AGARI ba="0,0" hai="22,24,29,52,54,84,86,88,90,92,95" m="29771" machi="90" ten="30,8000,1" yaku="8,1,52,2,54,2" doraHai="82" who="0" fromWho="3" sc="240,80,340,0,250,0,170,-80" /><INIT seed="2,0,0,2,1,15" ten="320,340,250,90" oya="2" hai0="38,18,65,132,68,112,70,5,9,135,105,103,133" hai1="107,46,35,129,61,17,29,48,73,100,16,66,40" hai2="123,58,41,62,11,1,44,76,23,118,101,21,32" hai3="52,126,122,90,43,130,98,71,22,64,85,131,47"/><V36/><F118/><W3/><G122/><T25/><D112/><U115/><E73/><V13/><F123/><W89/><G3/><N who="0" m="191" /><D38/><U42/><E42/><V108/><F32/><W127/><G98/><N who="0" m="61687" /><D65/><U75/><E75/><V2/><F76/><W67/><G90/><T87/><D87/><U28/><E28/><V109/><BYE who="1" /><F101/><W96/><G96/><T117/><D117/><U57/><E57/><V7/><F23/><AGARI ba="0,0" hai="18,23,25,68,70,132,133,135" m="61687,191" machi="23" ten="30,2000,0" yaku="20,1,52,1" doraHai="15" who="0" fromWho="2" sc="320,20,340,0,250,-20,90,0" /><INIT seed="3,0,0,3,0,35" ten="340,340,230,90" oya="3" hai0="113,50,28,77,79,27,135,63,78,58,81,94,43" hai1="2,10,116,61,15,13,6,4,8,109,20,84,85" hai2="125,12,7,66,127,0,105,38,72,73,1,71,95" hai3="37,68,98,115,114,51,56,110,91,36,87,40,75"/><W128/><G75/><N who="2" m="28745" /><F105/><W74/><G74/><T88/><D135/><U48/><E48/><V52/><F38/><W55/><G128/><T120/><D120/><U32/><E32/><V64/><F95/><W21/><G98/><N who="0" m="57671" /><D113/><U104/><E104/><V123/><F123/><W62/><G110/><T42/><D50/><U90/><E90/><V14/><F52/><W108/><G108/><T99/><D81/><U17/><E17/><V96/><F96/><W18/><G37/><T93/><D27/><U45/><E45/><V86/><F86/><W53/><G53/><N who="0" m="34255" /><D28/><U131/><E131/><V49/><F49/><W69/><G69/><T121/><D121/><U101/><E101/><AGARI ba="0,0" hai="42,43,77,78,79,93,99,101" m="34255,57671" machi="101" ten="30,2000,0" yaku="8,1,54,1" doraHai="35" who="0" fromWho="1" sc="340,20,340,-20,230,0,90,0" owari="360,46.0,320,12.0,230,-17.0,90,-41.0" /></mjloggm>