<mjloggm ver="2.3"><GO type="225" lobby="0"/><UN n0="%E3%81%8B%E3%82%8F%E3%81%A1%E3%82%83%E3%82%93%35%38" n1="%E3%81%BF%E3%81%BF%E3%81%9A" n2="%E3%83%A9%E3%82%B9%E7%8E%87%EF%BC%93%E5%89%B2" n3="%E3%81%BD%E3%81%A1%E3%81%9F%E3%81%93%E3%82%84" dan="16,18,16,17" rate="2133.28,2230.11,2191.18,2217.07" sx="M,M,F,M"/><TAIKYOKU oya="0"/><INIT seed="0,0,0,4,2,69" ten="250,250,250,250" oya="0" hai0="126,4,14,16,43,17,71,84,42,87,110,99,33" hai1="135,48,34,109,133,115,21,107,122,123,86,49,30" hai2="6,92,63,106,64,10,88,3,39,55,105,127,59" hai3="2,72,46,100,12,62,51,29,25,90,79,103,120"/><T85/><D71/><U18/><E107/><V15/><F127/><W83/><G2/><T70/><D70/><U36/><E86/><V58/><F3/><W81/><G120/><N who="1" m="46122" /><E36/><V60/><REACH who="2" step="1"/><F39/><REACH who="2" ten="250,250,240,250" step="2"/><W52/><G12/><T89/><D126/><U32/><E115/><V23/><F23/><W108/><G108/><T61/><D110/><U116/><E109/><V65/><F65/><W119/><G119/><T56/><D33/><U113/><E34/><V11/><F11/><W75/><G62/><T117/><D117/><U45/><E113/><V20/><F20/><W131/><G131/><T68/><D68/><U9/><E9/><V27/><F27/><W22/><REACH who="3" step="1"/><G90/><REACH who="3" ten="250,250,240,240" step="2"/><T28/><D14/><U1/><E116/><V125/><F125/><W74/><G74/><T128/><D128/><U24/><E1/><V91/><F91/><W93/><G93/><T26/><D89/><U37/><E24/><V124/><F124/><W57/><G57/><T50/><D61/><U82/><E135/><V19/><F19/><W97/><G97/><AGARI ba="0,2" hai="6,10,15,55,58,59,60,63,64,88,92,97,105,106" machi="97" ten="30,7700,0" yaku="1,1,7,1,54,1,53,1" doraHai="69" doraHaiUra="0" who="2" fromWho="3" sc="250,0,250,0,240,97,240,-77" /><INIT seed="1,0,0,2,0,67" ten="250,250,337,163" oya="1" hai0="64,96,62,117,102,124,54,107,40,100,80,86,135" hai1="125,18,105,57,81,48,38,30,46,29,120,114,68" hai2="65,134,123,128,99,52,12,1,82,127,49,14,104" hai3="56,113,71,51,106,76,126,37,129,103,20,33,2"/><U24/><E114/><V97/><F1/><W3/><G113/><T25/><D117/><U7/><E120/><V119/><F119/><W35/><G20/><T98/><D135/><U116/><E105/><V16/><F123/><W85/><G56/><T61/><D124/><U101/><E116/><V44/><F134/><W115/><G51/><T118/><D118/><U72/><E101/><V8/><F127/><W43/><G85/><T89/><D40/><U110/><E68/><V17/><F128/><W22/><G22/><T75/><D25/><U90/><E125/><V69/><F104/><W11/><G115/><T31/><D31/><U78/><E38/><V21/><REACH who="2" step="1"/><F82/><REACH who="2" ten="250,250,327,163" step="2"/><W23/><G126/><T121/><D121/><U131/><E81/><V19/><F19/><W42/><G129/><T77/><D107/><U0/><E18/><V109/><F109/><W27/><G2/><T60/><D80/><U63/><E110/><V13/><F13/><W50/><G3/><T132/><D132/><U88/><E0/><V70/><F70/><W111/><G71/><T73/><D73/><U5/><E131/><V26/><F26/><W10/><G27/><T34/><D75/><U91/><E24/><V95/><F95/><W6/><G106/><T4/><D4/><U58/><E5/><V28/><F28/><W55/><G111/><T36/><D77/><U74/><E7/><V53/><F53/><W39/><G76/><T15/><D54/><U79/><E78/><V92/><F92/><W45/><G55/><T83/><D15/><U130/><E79/><V41/><F41/><RYUUKYOKU ba="0,1" sc="250,-10,250,-10,327,30,163,-10" hai2="8,12,14,16,17,21,44,49,52,65,69,97,99" /><INIT seed="2,1,1,5,4,116" ten="240,240,357,153" oya="2" hai0="31,72,129,27,92,23,18,55,114,97,14,99,80" hai1="2,50,32,15,106,112,76,98,103,13,22,132,0" hai2="19,105,88,119,74,78,52,91,94,96,17,75,70" hai3="62,113,51,108,4,126,3,95,110,41,40,21,43"/><V12/><F119/><W39/><G3/><T57/><D114/><U37/><E32/><V71/><F105/><W6/><G113/><T87/><D129/><U84/><E37/><V63/><F71/><W66/><G39/><T30/><D72/><U133/><E112/><V120/><F120/><W28/><G126/><T34/><D92/><U38/><E38/><V90/><F70/><W89/><G51/><T68/><D68/><U20/><E50/><V54/><F75/><W104/><G104/><T81/><D31/><U44/><E44/><V33/><F33/><W73/><G73/><T115/><D115/><U59/><E59/><N who="2" m="35303" /><F74/><W7/><G62/><T101/><D101/><U45/><E45/><V128/><F78/><W61/><G66/><T122/><D122/><U1/><E76/><V48/><F128/><W118/><G61/><T58/><D81/><U46/><E46/><N who="2" m="27927" /><F12/><N who="1" m="4681" /><E84/><V26/><F26/><N who="3" m="16463" /><G118/><T127/><D127/><U111/><E111/><N who="3" m="42538" /><G40/><T107/><D107/><U131/><E131/><V49/><F49/><W102/><G102/><AGARI ba="1,1" hai="17,19,88,90,91,94,96,102" m="27927,35303" machi="102" ten="30,5800,0" yaku="8,1,54,2" doraHai="116" who="2" fromWho="3" sc="240,0,240,0,357,71,153,-61" /><INIT seed="2,2,0,5,1,74" ten="240,240,428,92" oya="2" hai0="67,103,93,118,12,83,117,51,42,17,94,63,131" hai1="43,68,98,107,133,109,36,125,55,85,16,66,56" hai2="61,127,26,49,0,80,79,73,75,32,27,25,39" hai3="44,126,19,76,129,29,18,111,122,31,48,38,47"/><V33/><F39/><W59/><G122/><T84/><D131/><U135/><E109/><V77/><F0/><W37/><G111/><T13/><D42/><U116/><E116/><N who="0" m="44649" /><D51/><N who="1" m="30847" /><E125/><V40/><F127/><W108/><G108/><T128/><D128/><U101/><E85/><V88/><F61/><W113/><G129/><T46/><D46/><N who="1" m="23911" /><E16/><V23/><F23/><W30/><G126/><T120/><D120/><U22/><E22/><V2/><F2/><W95/><G113/><T132/><D132/><U4/><E4/><V54/><F40/><W90/><G59/><N who="0" m="37375" /><D103/><U114/><E114/><V34/><F88/><W11/><G38/><T99/><D99/><U52/><E52/><V100/><F100/><W50/><G37/><T78/><D12/><U134/><E66/><V3/><F3/><W65/><G65/><T119/><N who="0" m="44657" /><T87/><DORA hai="97" /><D87/><U58/><E58/><V8/><F8/><AGARI ba="2,0" hai="8,13,17,78,83,84,93,94" m="37375,44657" machi="8" ten="40,2600,0" yaku="12,1,52,1" doraHai="74,97" who="0" fromWho="2" sc="240,32,240,0,428,-32,92,0" /><INIT seed="3,0,0,1,0,92" ten="272,240,396,92" oya="3" hai0="112,87,58,117,49,74,16,133,82,22,71,4,55" hai1="12,41,57,63,46,21,131,28,109,15,84,108,126" hai2="59,102,132,64,61,6,113,116,127,67,83,25,7" hai3="101,77,79,54,105,75,45,40,1,129,94,38,29"/><W72/><G1/><T11/><D117/><U44/><E131/><V115/><F116/><W128/><G105/><T98/><D71/><U50/><E126/><V104/><F127/><W122/><G122/><T35/><D74/><N who="3" m="28201" /><G29/><T89/><D35/><U118/><E118/><V100/><F104/><W39/><G54/><T81/><D133/><U3/><E3/><V97/><F132/><W2/><G2/><T65/><D112/><U80/><E46/><V121/><F121/><W125/><G125/><T120/><D120/><U107/><E107/><V76/><F115/><W53/><G53/><T85/><D65/><U47/><E47/><V96/><F113/><W0/><G0/><T33/><D33/><U48/><E48/><V66/><F25/><W14/><G14/><T68/><D68/><U73/><E73/><V32/><F32/><W86/><G38/><T90/><D4/><N who="2" m="1578" /><F66/><W99/><G86/><T56/><D11/><U70/><E70/><V34/><F64/><W42/><G42/><T36/><D36/><U27/><E57/><V78/><F34/><W31/><G31/><T93/><D55/><U95/><E63/><V91/><F67/><W134/><G134/><T130/><D49/><U10/><E12/><V8/><F61/><W69/><G69/><T60/><D60/><U9/><E9/><V106/><F8/><W51/><G39/><T13/><D130/><AGARI ba="0,0" hai="40,45,51,77,79,94,99,101,128,129,130" m="28201" machi="130" ten="30,2900,0" yaku="19,1,52,1" doraHai="92" who="3" fromWho="0" sc="272,-29,240,0,396,0,92,29" /><INIT seed="3,1,0,5,4,15" ten="243,240,396,121" oya="3" hai0="44,96,94,21,109,31,132,9,85,30,46,27,66" hai1="13,62,52,55,54,106,115,95,70,29,71,93,61" hai2="7,119,41,80,33,125,64,19,68,59,99,74,8" hai3="112,53,2,86,118,35,110,42,88,84,77,0,126"/><W69/><G112/><T60/><D109/><U101/><E13/><V39/><F68/><N who="1" m="26153" /><E101/><V81/><F119/><W124/><G118/><T107/><D107/><U49/><E29/><V75/><F125/><N who="3" m="48235" /><G110/><T123/><D123/><U47/><E106/><V133/><F133/><W78/><G69/><T89/><D132/><U111/><E111/><V23/><F75/><W51/><G42/><T1/><D1/><N who="3" m="617" /><G35/><T92/><D9/><U76/><E76/><N who="3" m="29290" /><G88/><N who="0" m="53263" /><D30/><U129/><E93/><V4/><F33/><W3/><N who="3" m="625" /><W12/><DORA hai="5" /><G12/><T130/><D89/><U65/><E95/><V45/><F41/><W113/><G113/><T91/><D91/><U105/><E105/><V40/><F40/><W87/><G51/><T122/><D94/><U79/><E79/><V121/><F74/><W26/><G53/><N who="1" m="20586" /><E115/><V57/><F81/><W97/><G26/><T16/><D27/><U25/><E25/><V114/><F114/><W34/><G34/><T18/><D31/><U14/><E14/><V116/><F116/><W32/><G32/><T38/><D21/><U104/><E104/><V6/><F23/><W98/><AGARI ba="1,0" hai="84,86,87,97,98" m="29290,625,48235" machi="98" ten="50,9600,0" yaku="28,2,18,1" doraHai="15,5" who="3" fromWho="3" sc="243,-33,240,-33,396,-33,121,99" /><INIT seed="3,2,0,5,2,100" ten="210,207,363,220" oya="3" hai0="22,121,57,80,133,127,130,26,64,14,95,75,70" hai1="119,112,97,2,40,123,35,73,8,11,17,51,104" hai2="6,88,45,54,65,93,60,18,86,125,46,33,32" hai3="9,82,4,74,85,34,120,42,134,13,20,25,5"/><W132/><G74/><T27/><D121/><U109/><E123/><V102/><F125/><W114/><G120/><T38/><D38/><U28/><E112/><V117/><F117/><W72/><G72/><T67/><D70/><U56/><E73/><V128/><F128/><W118/><G114/><T108/><D75/><U68/><E68/><V92/><F6/><N who="3" m="3255" /><G42/><T55/><D130/><U62/><E2/><V36/><F32/><W106/><G106/><T90/><D127/><U31/><E119/><V24/><F36/><W131/><G34/><T71/><D71/><U44/><E109/><V99/><F54/><W47/><G47/><T126/><D126/><U103/><E35/><V110/><F110/><W66/><G66/><N who="0" m="25131" /><D108/><U19/><E8/><V122/><F122/><W94/><G94/><T98/><D133/><N who="3" m="51305" /><G118/><T1/><D1/><U69/><E69/><V84/><F84/><W53/><G53/><T91/><D14/><U0/><E0/><V89/><F102/><W59/><G59/><T29/><D26/><U81/><E81/><V115/><F115/><W83/><G131/><T52/><D57/><U10/><E11/><V15/><F60/><W12/><G12/><T7/><D7/><N who="3" m="2633" /><G85/><AGARI ba="2,0" hai="22,27,29,52,55,80,85,90,91,95,98" m="25131" machi="85" ten="30,2000,0" yaku="8,1,54,1" doraHai="100" who="0" fromWho="3" sc="210,26,207,0,363,0,220,-26" owari="236,3.6,207,-19.3,363,46.3,194,-30.6" /></mjloggm>