<mjloggm ver="2.3"><GO type="225" lobby="0"/><UN n0="%50%69%73%38" n1="%28%EF%BF%A3%E2%96%BD%EF%BF%A3%29%CE%B4%E2%8C%92%E3%83%BB" n2="%E5%8D%A0%E3%81%84%E5%B8%AB%E8%A3%8F%E3%81%AA%E3%81%84%E3%81%97" n3="%E3%80%90%E3%83%88%E3%83%AA%E3%83%A5%E3%83%95%E3%80%91" dan="16,17,17,16" rate="2119.98,2285.72,2185.20,2048.27" sx="M,M,M,M"/><TAIKYOKU oya="0"/><INIT seed="0,0,0,4,4,83" ten="250,250,250,250" oya="0" hai0="96,133,52,9,16,108,40,123,45,38,39,60,125" hai1="51,93,18,111,88,63,81,33,57,130,26,65,72" hai2="79,114,66,87,25,84,12,89,78,70,119,1,50" hai3="82,32,11,105,3,34,102,31,30,99,69,8,46"/><T54/><D123/><U37/><E37/><V103/><F1/><W98/><G3/><T56/><D39/><U2/><E2/><V59/><F114/><W95/><G82/><T131/><D125/><U74/><E111/><V109/><F70/><W91/><G69/><T90/><D131/><U44/><E130/><V42/><F109/><W6/><G6/><T15/><D108/><U13/><E81/><V107/><F107/><W58/><G46/><T128/><D128/><U29/><E51/><V135/><F103/><W120/><G120/><T129/><D129/><U77/><E44/><N who="2" m="25879" /><F135/><W27/><REACH who="3" step="1"/><G58/><REACH who="3" ten="250,250,250,240" step="2"/><T61/><D133/><U49/><E77/><N who="2" m="29195" /><F119/><W19/><G19/><T113/><D113/><U71/><E71/><V104/><F104/><W127/><G127/><T24/><D24/><AGARI ba="0,1" hai="8,11,24,27,30,31,32,34,91,95,98,99,102,105" machi="24" ten="40,8000,1" yaku="1,1,9,1,53,2" doraHai="83" doraHaiUra="20" who="3" fromWho="0" sc="250,-80,250,0,250,0,240,90" /><INIT seed="1,0,0,5,2,103" ten="170,250,250,330" oya="1" hai0="121,124,2,65,32,101,21,77,88,127,111,98,60" hai1="29,23,0,28,94,16,59,130,20,45,31,114,104" hai2="51,89,102,25,134,52,48,71,63,17,85,57,56" hai3="87,58,8,42,126,125,68,109,119,128,33,69,82"/><U10/><E104/><V92/><F71/><W80/><G33/><T107/><D2/><U131/><E45/><V26/><F134/><W39/><G8/><T18/><D32/><U112/><E94/><V64/><F102/><W22/><G22/><N who="1" m="8234" /><E59/><V7/><F7/><W105/><G105/><T37/><D37/><U79/><E79/><V62/><F17/><W12/><G12/><T84/><D111/><U78/><E78/><V9/><REACH who="2" step="1"/><F9/><REACH who="2" ten="170,250,240,330" step="2"/><W76/><G68/><T49/><D121/><U93/><E16/><V99/><F99/><W41/><G69/><T132/><D132/><U13/><E0/><V50/><AGARI ba="0,1" hai="25,26,48,50,51,52,56,57,62,63,64,85,89,92" machi="50" ten="30,7900,0" yaku="1,1,0,1,8,1,54,1,53,0" doraHai="103" doraHaiUra="72" who="2" fromWho="2" sc="170,-20,250,-39,240,89,330,-20" /><INIT seed="2,0,0,0,4,57" ten="150,211,329,310" oya="2" hai0="109,124,117,73,18,125,82,92,1,30,37,87,19" hai1="41,98,121,72,99,132,47,56,96,71,79,29,39" hai2="38,127,34,65,83,13,80,16,60,133,36,103,25" hai3="108,106,130,55,0,46,2,5,69,58,53,49,27"/><V42/><F133/><W35/><G108/><T21/><D37/><U131/><E71/><V11/><F127/><W74/><G74/><T93/><D1/><U88/><E132/><V68/><F103/><W62/><G130/><T70/><D109/><U112/><E112/><V50/><F50/><W114/><G5/><T81/><D30/><U90/><E131/><V115/><F115/><W118/><G118/><T48/><D48/><U32/><E121/><V76/><F42/><W43/><G106/><T40/><D21/><U120/><E120/><V104/><F104/><W52/><G69/><T67/><D70/><U7/><E56/><V105/><F105/><W3/><REACH who="3" step="1"/><G114/><REACH who="3" ten="150,211,329,300" step="2"/><T75/><D117/><U64/><E7/><V24/><F83/><W10/><G10/><T23/><D23/><U122/><E122/><V113/><F113/><W107/><G107/><T78/><D78/><U128/><E128/><V45/><F34/><W95/><G95/><T59/><D59/><U54/><E79/><V110/><F110/><W94/><G94/><T61/><D67/><U101/><E64/><V44/><F44/><W20/><G20/><T26/><D87/><U135/><E135/><V4/><F45/><W22/><G22/><T129/><D129/><U77/><E77/><V91/><F4/><W86/><G86/><T63/><REACH who="0" step="1"/><D40/><REACH who="0" ten="140,211,329,300" step="2"/><N who="1" m="22943" /><E32/><V116/><F116/><W6/><BYE who="2" /><G6/><T28/><D28/><AGARI ba="0,2" hai="0,2,3,27,28,35,43,46,49,52,53,55,58,62" machi="28" ten="40,5200,0" yaku="1,1,52,1,54,1,53,0" doraHai="57" doraHaiUra="9" who="3" fromWho="0" sc="140,-52,211,0,329,0,300,72" /><UN n2="%E5%8D%A0%E3%81%84%E5%B8%AB%E8%A3%8F%E3%81%AA%E3%81%84%E3%81%97" /><INIT seed="3,0,0,5,5,134" ten="88,211,329,372" oya="3" hai0="40,125,117,33,65,60,124,101,113,84,94,46,26" hai1="110,52,105,62,100,96,123,7,53,121,35,102,18" hai2="32,16,3,70,8,130,83,50,78,4,133,0,64" hai3="71,6,58,135,47,37,29,69,73,115,15,1,88"/><W48/><G135/><T61/><D117/><U43/><E35/><V109/><F133/><W82/><G115/><T119/><D119/><U36/><E110/><V39/><F109/><W103/><G103/><T20/><D33/><U31/><E31/><V11/><F11/><BYE who="2" /><N who="3" m="2511" /><G15/><UN n2="%E5%8D%A0%E3%81%84%E5%B8%AB%E8%A3%8F%E3%81%AA%E3%81%84%E3%81%97" /><T22/><D113/><U9/><E18/><V67/><F130/><W19/><G88/><T107/><D107/><U93/><E102/><V86/><F0/><W23/><G29/><T17/><D22/><U108/><E108/><V77/><F39/><W21/><G48/><T55/><D55/><U44/><E105/><V74/><F32/><W14/><G58/><T81/><D94/><U127/><E53/><V106/><F106/><W97/><G97/><T89/><D101/><U49/><E62/><V122/><F122/><W57/><G57/><T131/><D131/><U28/><E28/><V63/><F63/><BYE who="2" /><W95/><G95/><T25/><D25/><U90/><E100/><UN n2="%E5%8D%A0%E3%81%84%E5%B8%AB%E8%A3%8F%E3%81%AA%E3%81%84%E3%81%97" /><V91/><F70/><W2/><G23/><T41/><D61/><U92/><E92/><V126/><F77/><N who="3" m="44335" /><G2/><T13/><D26/><U98/><E98/><V112/><F112/><W75/><BYE who="2" /><G75/><T85/><D84/><U76/><E44/><V120/><F120/><UN n2="%E5%8D%A0%E3%81%84%E5%B8%AB%E8%A3%8F%E3%81%AA%E3%81%84%E3%81%97" /><W66/><G66/><T128/><BYE who="2" /><D128/><U129/><E43/><AGARI ba="0,0" hai="14,19,21,37,43,47,69,71" m="44335,2511" machi="43" ten="30,1500,0" yaku="25,1" doraHai="134" who="3" fromWho="1" sc="88,0,211,-15,329,0,372,15" owari="88,-41.2,196,-20.4,329,12.9,387,48.7" /></mjloggm>