<mjloggm ver="2.3"><GO type="225" lobby="0"/><UN n0="%E5%A4%8F%E9%88%B4%E9%88%B4%E5%A4%8F" n1="%6B%65%6E%6E%64%69" n2="%E3%83%A9%E3%82%B9%E7%8E%87%EF%BC%93%E5%89%B2" n3="%E7%89%B9%E6%9D%B1%E3%81%AF%E4%B8%96%E7%95%8C%E3%82%92%E6%95%91%E3%81%86" dan="16,16,16,16" rate="2116.44,2167.37,2192.45,2203.77" sx="F,M,F,M"/><TAIKYOKU oya="0"/><INIT seed="0,0,0,1,4,46" ten="250,250,250,250" oya="0" hai0="89,35,79,95,4,33,28,102,71,115,130,40,120" hai1="0,57,37,101,124,9,125,100,41,86,13,45,55" hai2="53,76,52,84,113,22,24,8,17,1,80,82,67" hai3="19,74,43,93,11,78,12,118,96,135,110,114,42"/><T47/><D120/><U69/><E0/><V92/><F113/><W72/><G114/><T108/><D115/><U85/><E69/><V36/><F36/><W3/><G118/><T31/><D71/><U5/><E101/><V54/><F67/><W63/><G110/><T14/><D130/><U64/><E100/><V60/><F92/><W77/><G135/><T68/><D79/><U98/><E98/><V99/><F99/><W62/><G3/><T128/><D68/><U103/><E64/><V49/><F60/><N who="3" m="23083" /><G72/><T48/><D102/><U107/><E103/><V91/><F8/><W20/><G74/><T23/><D128/><U109/><E107/><V7/><F7/><N who="3" m="3199" /><G93/><T32/><D108/><U97/><E97/><V39/><F39/><W51/><G51/><T127/><D127/><N who="1" m="48715" /><E109/><V94/><F1/><W81/><G96/><T122/><D122/><U38/><E38/><V18/><F18/><W105/><G105/><T6/><D4/><U90/><E90/><V75/><REACH who="2" step="1"/><F94/><REACH who="2" ten="250,250,240,250" step="2"/><W132/><G19/><T111/><D111/><U30/><E30/><V106/><F106/><W126/><G126/><T131/><D131/><U104/><E104/><V56/><AGARI ba="0,1" hai="17,22,24,49,52,53,54,56,75,76,80,82,84,91" machi="56" ten="20,8000,1" yaku="1,1,0,1,7,1,52,1,54,1,53,0" doraHai="46" doraHaiUra="59" who="2" fromWho="2" sc="250,-40,250,-20,240,90,250,-20" /><INIT seed="1,0,0,1,1,48" ten="210,230,330,230" oya="1" hai0="76,52,107,67,43,59,19,111,66,130,132,86,89" hai1="127,122,71,126,98,61,50,46,30,44,60,1,36" hai2="15,73,109,119,42,80,6,102,75,100,53,92,113" hai3="57,77,79,63,131,3,133,88,105,110,37,78,85"/><U26/><E1/><V125/><F119/><W34/><G110/><T112/><D111/><U18/><E18/><V90/><F42/><W117/><G37/><T39/><D132/><U74/><E74/><V33/><F33/><W129/><G133/><T9/><D130/><N who="3" m="49673" /><G117/><T28/><D107/><U0/><E0/><V91/><F109/><W134/><G134/><T94/><D76/><U22/><E122/><V83/><F15/><W118/><G118/><T7/><D28/><U106/><E36/><V87/><F6/><W13/><G3/><T35/><D35/><U120/><E120/><V5/><F5/><W2/><G2/><T64/><D19/><U31/><E31/><V4/><F4/><W93/><G105/><T27/><D27/><U108/><E108/><V58/><F125/><N who="1" m="47625" /><E71/><V121/><F121/><W29/><G13/><T103/><D103/><N who="2" m="39466" /><F113/><W55/><G29/><T72/><D72/><N who="2" m="27722" /><F53/><W97/><G34/><T20/><D20/><U65/><E106/><V84/><F58/><W56/><G57/><T21/><D112/><U51/><E98/><AGARI ba="0,0" hai="55,56,63,77,78,79,85,88,93,97,98" m="49673" machi="98" ten="30,3900,0" yaku="19,1,52,1,54,1" doraHai="48" who="3" fromWho="1" sc="210,0,230,-39,330,0,230,39" /><INIT seed="2,0,0,1,5,65" ten="210,191,330,269" oya="2" hai0="119,25,49,10,66,57,40,134,92,56,43,112,101" hai1="88,62,72,130,97,48,118,91,61,99,85,1,108" hai2="111,9,11,12,90,76,102,60,105,116,135,86,26" hai3="132,5,36,127,54,129,46,7,104,83,84,44,53"/><V133/><F116/><W37/><G104/><T69/><D112/><U58/><E118/><V87/><F111/><W64/><G129/><T120/><D119/><U50/><E72/><V126/><F126/><W73/><G73/><T109/><D120/><U34/><E34/><V13/><F102/><W0/><G127/><T79/><D109/><U29/><E108/><V45/><F105/><W47/><G64/><T114/><D134/><N who="2" m="51210" /><F26/><W33/><G132/><T77/><D114/><U21/><E1/><V35/><F35/><W95/><G33/><T42/><D25/><U74/><E74/><V93/><F45/><W121/><G95/><T6/><D69/><U32/><E32/><V75/><F60/><W20/><G121/><T122/><D66/><U55/><E130/><V52/><F52/><W8/><G5/><T80/><D49/><U124/><E124/><V3/><F75/><W15/><G37/><T128/><D122/><U82/><E62/><V19/><F3/><W22/><G36/><T89/><D101/><U39/><E39/><V106/><F106/><W123/><G123/><T59/><D80/><U63/><E61/><V78/><F86/><W24/><G0/><T70/><D70/><U98/><REACH who="1" step="1"/><E91/><REACH who="1" ten="210,181,330,269" step="2"/><V2/><F2/><W27/><G47/><T115/><D128/><U110/><E110/><V4/><AGARI ba="0,1" hai="4,9,11,12,13,19,76,78,87,90,93" m="51210" machi="4" ten="30,1500,0" yaku="20,1" doraHai="65" who="2" fromWho="2" sc="210,-5,181,-5,330,25,269,-5" /><INIT seed="2,1,0,3,2,108" ten="205,176,355,264" oya="2" hai0="63,107,100,131,86,127,116,42,39,64,111,128,81" hai1="48,70,110,37,71,75,89,126,103,92,135,3,40" hai2="41,10,53,57,77,72,33,124,90,119,85,67,68" hai3="17,133,29,106,61,129,94,65,84,36,34,60,109"/><V59/><F33/><W50/><G106/><T98/><D111/><U96/><E3/><V7/><F119/><W69/><G36/><T18/><D116/><U123/><E110/><V28/><F28/><W15/><G109/><T88/><D127/><U24/><E126/><V52/><F124/><W117/><G117/><T125/><D125/><U26/><E37/><V19/><F77/><W104/><G104/><T27/><D42/><U22/><E135/><V99/><F72/><W8/><G129/><T38/><D18/><U91/><E75/><V66/><F99/><W5/><G61/><T16/><D39/><U54/><E40/><V74/><F68/><W82/><G94/><T122/><D38/><U0/><E0/><V51/><F74/><W31/><G34/><T2/><D2/><U87/><E89/><V56/><F19/><W115/><G133/><T12/><D27/><U55/><E123/><V78/><F78/><W62/><G62/><T120/><D128/><U44/><E26/><V20/><F20/><W105/><G105/><T118/><D118/><U112/><E55/><N who="2" m="21067" /><F51/><W76/><G115/><T49/><D49/><U134/><E134/><V79/><F79/><W14/><G50/><T95/><D107/><U23/><E112/><V46/><F46/><W101/><G101/><T25/><D25/><U4/><E4/><V80/><F41/><W114/><G114/><T97/><D97/><U9/><E9/><AGARI ba="1,0" hai="5,8,9,14,15,17,29,31,60,65,69,76,82,84" machi="9" ten="30,1000,0" yaku="7,1" doraHai="108" who="3" fromWho="1" sc="205,0,176,-13,355,0,264,13" /><INIT seed="3,0,0,2,5,94" ten="205,163,355,277" oya="3" hai0="48,30,17,63,55,12,38,91,120,69,27,118,18" hai1="32,128,44,25,82,73,83,133,29,0,59,31,52" hai2="84,22,129,67,33,122,14,113,135,36,132,78,101" hai3="85,97,21,119,89,20,60,19,108,68,134,51,95"/><W105/><G119/><T127/><D120/><U39/><E128/><V11/><F33/><W35/><G35/><T3/><D118/><U80/><E133/><V28/><F36/><W2/><G134/><N who="2" m="51241" /><F113/><W107/><G2/><T109/><D3/><U46/><E0/><V66/><F101/><W64/><G108/><T88/><D38/><U42/><E44/><V79/><F129/><W111/><G111/><T53/><D127/><U110/><E31/><V75/><F75/><W61/><G61/><T74/><D74/><U114/><E110/><V45/><F45/><W98/><G20/><N who="0" m="15719" /><D69/><U34/><E114/><V7/><F84/><W50/><G50/><T9/><D18/><U43/><E43/><V49/><F49/><W117/><G117/><T93/><D93/><U100/><E34/><V77/><F122/><W131/><G131/><T1/><D1/><U116/><E116/><V87/><F87/><W5/><G5/><T72/><D72/><U86/><E100/><V92/><F92/><W15/><G51/><T125/><D125/><U81/><E73/><V104/><F104/><W90/><REACH who="3" step="1"/><G90/><REACH who="3" ten="205,163,355,267" step="2"/><T130/><D130/><U24/><E24/><AGARI ba="0,1" hai="7,11,14,22,24,28,66,67,77,78,79" m="51241" machi="24" ten="30,1000,0" yaku="20,1" doraHai="94" who="2" fromWho="1" sc="205,0,163,-10,355,20,267,0" owari="205,-19.5,153,-34.7,375,47.5,267,6.7" /></mjloggm>