<mjloggm ver="2.3"><GO type="225" lobby="0"/><UN n0="%E6%9D%B1%E9%A2%A8%E3%81%AE%E3%81%8D%E3%82%83%E3%81%B7%E3%81%95%E3%82%93" n1="%E5%B8%86%E7%AB%8B%E5%A4%8F%E8%A1%A3" n2="%E3%81%90%E3%81%A1%E3%82%84%E3%81%BE" n3="%E3%83%8F%E3%83%B3%E3%83%89%E3%83%A9%E3%83%BC%E3%83%BB%E3%83%AF%E3%83%B3" dan="16,17,16,17" rate="2131.19,2169.25,2127.93,2217.95" sx="M,M,M,M"/><TAIKYOKU oya="0"/><INIT seed="0,0,0,3,3,132" ten="250,250,250,250" oya="0" hai0="34,52,120,123,33,59,51,2,99,105,84,126,28" hai1="134,124,111,13,63,56,122,110,85,29,0,5,80" hai2="114,113,101,68,49,11,57,37,9,90,24,74,86" hai3="15,38,75,93,45,25,53,54,47,118,125,50,7"/><T79/><D2/><U35/><E0/><V58/><F68/><W95/><G118/><T127/><D84/><U55/><E122/><N who="0" m="46633" /><D79/><U40/><E134/><V65/><F37/><W71/><G75/><T70/><D28/><U36/><E40/><V46/><F74/><W6/><G71/><T131/><D70/><U102/><E102/><V23/><F101/><W77/><G77/><T22/><D22/><U100/><E100/><V73/><F73/><W66/><G25/><T64/><D64/><U112/><E36/><V26/><F26/><W104/><G104/><T94/><D105/><U129/><E112/><V67/><F113/><W130/><G66/><T87/><D87/><U133/><E133/><V16/><F114/><W43/><G15/><T1/><D1/><U81/><E35/><N who="0" m="13321" /><D131/><U27/><E129/><V44/><F67/><W78/><G78/><T108/><D108/><N who="1" m="41515" /><E27/><V103/><F103/><W97/><G130/><T19/><D19/><U42/><E29/><V20/><F65/><W10/><G38/><T117/><D117/><U69/><E69/><V14/><F9/><W76/><G10/><T32/><N who="0" m="13329" /><T88/><AGARI ba="0,0" hai="51,52,59,88,94,99,126,127" m="13329,46633" machi="88" ten="50,12000,1" yaku="4,1,52,2,54,2" doraHai="132" who="0" fromWho="0" sc="250,120,250,-40,250,-40,250,-40" /><INIT seed="0,1,0,4,0,44" ten="370,210,210,210" oya="0" hai0="128,107,29,74,111,104,120,109,57,60,61,35,112" hai1="67,116,6,131,28,88,127,34,85,99,134,52,3" hai2="1,58,78,48,39,4,17,97,15,110,66,102,36" hai3="41,18,26,37,113,40,126,30,95,13,64,121,43"/><T54/><D74/><U90/><E116/><V72/><F110/><N who="0" m="41994" /><D120/><U84/><E67/><V10/><F78/><W51/><G113/><T19/><D112/><U135/><E34/><V86/><F86/><N who="1" m="33385" /><E28/><V122/><F72/><W32/><G126/><T63/><D128/><U9/><E131/><V92/><F122/><W5/><G121/><T25/><D19/><U83/><E83/><V129/><F129/><W105/><G105/><AGARI ba="1,0" hai="25,29,35,54,57,60,61,63,104,105,107" m="41994" machi="105" ten="30,2900,0" yaku="14,1,10,1" doraHai="44" who="0" fromWho="3" sc="370,32,210,0,210,0,210,-32" /><INIT seed="0,2,0,2,3,113" ten="402,210,210,178" oya="0" hai0="17,104,119,114,120,97,47,7,75,73,135,51,106" hai1="85,88,36,68,9,65,4,102,14,80,11,84,115" hai2="110,21,55,39,128,103,133,38,26,61,18,67,94" hai3="93,15,117,56,19,43,12,96,33,63,127,111,42"/><T92/><D119/><U57/><E115/><V28/><F110/><W59/><G117/><T77/><D114/><U3/><E36/><V100/><F128/><W48/><G33/><T71/><D120/><U126/><E126/><V49/><F133/><W89/><G111/><T29/><D71/><U46/><E102/><V53/><F39/><W24/><G127/><T90/><D29/><U70/><E46/><V81/><F38/><W66/><G24/><T41/><D7/><U40/><E40/><V31/><F81/><W72/><G72/><T108/><D108/><U116/><E116/><V82/><F82/><W34/><G34/><T64/><D64/><U16/><REACH who="1" step="1"/><E84/><REACH who="1" ten="402,200,210,178" step="2"/><V121/><F121/><W10/><REACH who="3" step="1"/><G15/><REACH who="3" ten="402,200,210,168" step="2"/><T95/><D135/><U79/><E79/><V54/><F26/><W131/><G131/><T35/><D35/><U1/><E1/><V44/><F103/><W50/><G50/><T27/><D77/><U22/><E22/><V69/><F100/><W23/><G23/><N who="0" m="13807" /><D73/><U101/><E101/><V132/><F132/><W124/><G124/><T60/><D75/><U74/><E74/><V86/><F21/><W122/><G122/><T129/><D129/><U32/><E32/><V52/><F49/><W58/><G58/><T37/><D37/><U25/><E25/><V78/><F69/><W6/><G6/><T118/><D118/><U87/><E87/><V30/><F86/><W107/><G107/><T76/><D76/><U134/><E134/><V91/><F78/><W99/><G99/><T125/><D106/><U98/><E98/><V20/><F20/><RYUUKYOKU ba="2,2" sc="402,-15,200,15,210,-15,168,15" hai1="3,4,9,11,14,16,57,65,68,70,80,85,88" hai3="10,12,19,42,43,48,56,59,63,66,89,93,96" /><INIT seed="1,3,2,1,5,38" ten="387,215,195,183" oya="1" hai0="61,11,46,51,92,47,32,1,131,22,132,39,120" hai1="75,44,133,14,118,101,77,112,3,100,108,113,18" hai2="49,43,12,63,106,55,62,15,56,41,59,125,85" hai3="105,122,88,117,91,110,96,80,42,68,70,89,45"/><U10/><E118/><V2/><F2/><W126/><G122/><T124/><D32/><U84/><E75/><V8/><F106/><W27/><G117/><T7/><D131/><U71/><E71/><V37/><F125/><W4/><G126/><T54/><D132/><U67/><E133/><V94/><F37/><W33/><G4/><T134/><D134/><U6/><E67/><V60/><F59/><W16/><G80/><T128/><D128/><U83/><E108/><V19/><F15/><W74/><G74/><T82/><D92/><U78/><E78/><V36/><F36/><W135/><G110/><T20/><D61/><U30/><E30/><V31/><F31/><W98/><G135/><T28/><D28/><U53/><E113/><V123/><F123/><W5/><G5/><T107/><D107/><U73/><E73/><V24/><F24/><W25/><G33/><T13/><D1/><U102/><E112/><V40/><F63/><W81/><G81/><T26/><D26/><U50/><REACH who="1" step="1"/><E100/><REACH who="1" ten="387,205,195,183" step="2"/><V76/><F76/><W35/><G70/><T114/><D114/><U57/><E57/><V65/><F65/><W121/><G68/><T99/><D124/><U129/><E129/><V86/><F86/><W104/><G121/><T127/><D127/><U48/><E48/><V34/><F34/><W90/><G35/><T115/><D120/><U103/><E103/><V93/><F85/><W119/><G119/><T97/><D115/><U0/><E0/><V58/><F49/><W87/><G87/><T21/><D51/><U23/><AGARI ba="3,3" hai="3,6,10,14,18,23,44,50,53,77,83,84,101,102" machi="23" ten="20,7800,0" yaku="1,1,0,1,7,1,53,1" doraHai="38" doraHaiUra="9" who="1" fromWho="1" sc="387,-29,205,117,195,-29,183,-29" /><INIT seed="1,4,0,1,3,90" ten="358,322,166,154" oya="1" hai0="14,32,72,10,134,19,9,124,22,110,94,95,123" hai1="93,97,45,2,11,18,80,41,75,91,12,61,66" hai2="54,117,69,121,116,23,3,129,71,120,87,109,122" hai3="30,76,42,112,114,37,16,84,31,44,27,47,57"/><U77/><E2/><V111/><F87/><W33/><G30/><T21/><D72/><U60/><REACH who="1" step="1"/><E66/><REACH who="1" ten="358,312,166,154" step="2"/><V13/><F3/><W131/><G112/><T119/><D123/><U51/><AGARI ba="4,1" hai="11,12,18,41,45,51,60,61,75,77,80,91,93,97" machi="51" ten="20,18000,2" yaku="1,1,2,1,0,1,7,1,52,1,53,1" doraHai="90" doraHaiUra="73" who="1" fromWho="1" sc="358,-64,312,202,166,-64,154,-64" /><INIT seed="1,5,0,4,1,79" ten="294,514,102,90" oya="1" hai0="17,29,51,5,94,54,30,66,118,111,42,0,71" hai1="130,123,7,76,26,55,35,60,101,25,59,40,11" hai2="67,89,36,38,90,128,23,98,82,86,43,84,134" hai3="119,28,77,53,107,18,50,10,83,117,95,133,16"/><U69/><E123/><V99/><F128/><W102/><G107/><T122/><D118/><N who="3" m="45065" /><G28/><T44/><D111/><U114/><E114/><V113/><F113/><W32/><G32/><T9/><D122/><U47/><E130/><V87/><F134/><W135/><G95/><T92/><D17/><N who="3" m="6761" /><G102/><T2/><D2/><U68/><E101/><V4/><F36/><W63/><G63/><T105/><D105/><U39/><E76/><V62/><F4/><W33/><G10/><T6/><D6/><U112/><E112/><V126/><F126/><W14/><G14/><T103/><D30/><U78/><E78/><V110/><F110/><W41/><G41/><T46/><D29/><U115/><E115/><V12/><F12/><W129/><G33/><T96/><D94/><U72/><E35/><V74/><F23/><W19/><N who="3" m="6769" /><W91/><DORA hai="22" /><G91/><T120/><D120/><U109/><E109/><V37/><F74/><N who="3" m="43447" /><G129/><T108/><D108/><U104/><E104/><V65/><F86/><W75/><G75/><T88/><D103/><U27/><REACH who="1" step="1"/><E72/><REACH who="1" ten="294,504,102,90" step="2"/><V116/><F116/><W132/><G132/><T20/><D20/><U81/><E81/><V24/><F82/><W1/><G1/><AGARI ba="5,1" hai="1,7,11,25,26,27,39,40,47,55,59,60,68,69" machi="1" ten="40,12000,1" yaku="1,1,52,3,53,0" doraHai="79,22" doraHaiUra="73,80" who="1" fromWho="3" sc="294,0,504,145,102,0,90,-135" owari="294,9.4,649,74.9,102,-29.8,-45,-54.5" /></mjloggm>