<mjloggm ver="2.3"><GO type="225" lobby="0"/><UN n0="%E6%A1%9C%E8%8A%B1%E9%96%83%E3%80%85" n1="%E3%81%8B%E3%82%8F%E3%81%A1%E3%82%83%E3%82%93%35%38" n2="%E3%81%BD%E3%81%A1%E3%81%9F%E3%81%93%E3%82%84" n3="%E6%81%A5%E6%99%92%E3%81%97" dan="16,16,17,16" rate="2106.39,2107.42,2158.98,2129.86" sx="M,M,M,M"/><TAIKYOKU oya="0"/><INIT seed="0,0,0,3,1,108" ten="250,250,250,250" oya="0" hai0="64,67,46,118,28,14,105,88,4,3,44,51,125" hai1="57,11,133,66,0,84,15,75,32,111,114,52,38" hai2="7,34,81,98,13,53,80,55,60,129,112,109,31" hai3="107,83,79,73,26,2,87,99,69,30,45,127,128"/><T49/><D118/><U130/><E75/><V36/><F36/><W1/><G127/><T106/><D3/><U124/><E38/><V86/><F109/><W35/><G128/><T33/><D125/><U21/><E124/><V22/><F129/><W9/><G9/><N who="0" m="4391" /><D33/><U41/><E130/><V74/><F112/><W113/><G45/><N who="0" m="17515" /><D106/><U82/><E32/><V17/><F7/><W101/><G113/><T97/><D28/><U24/><E0/><V119/><F119/><W126/><G126/><T116/><D105/><U62/><E111/><V27/><F98/><W23/><G23/><T91/><D116/><U72/><E72/><V70/><F74/><W96/><G96/><T134/><D134/><U5/><E133/><V47/><F47/><W10/><G10/><T131/><D131/><U102/><E102/><V54/><REACH who="2" step="1"/><F86/><REACH who="2" ten="250,250,240,250" step="2"/><W50/><G50/><N who="0" m="18955" /><D97/><U135/><E135/><V77/><F77/><W76/><G87/><T8/><D8/><U115/><E41/><V89/><F89/><AGARI ba="0,1" hai="64,67,88,89,91" m="18955,17515,4391" machi="89" ten="30,2900,0" yaku="8,1,54,1" doraHai="108" who="0" fromWho="2" sc="250,39,250,0,240,-29,250,0" /><INIT seed="0,1,0,0,5,79" ten="289,250,211,250" oya="0" hai0="58,127,95,130,56,112,35,117,70,60,12,67,98" hai1="69,27,62,80,108,68,114,48,8,91,90,119,39" hai2="101,30,133,41,10,50,71,82,63,99,75,97,121" hai3="65,83,42,18,57,29,89,106,2,55,78,23,24"/><T115/><D117/><U126/><E119/><V64/><F121/><W111/><G2/><T3/><D3/><U74/><E39/><V131/><F131/><W122/><G122/><T92/><D130/><U125/><E108/><V45/><F133/><W40/><G106/><T85/><D35/><U109/><E109/><V88/><F30/><W104/><G104/><T135/><D135/><U31/><E114/><V110/><F110/><W116/><G116/><T86/><D127/><N who="1" m="48651" /><E8/><V4/><F101/><W22/><G89/><N who="1" m="33802" /><E48/><V20/><F20/><W77/><G65/><T72/><D72/><U21/><E62/><V76/><REACH who="2" step="1"/><F88/><REACH who="2" ten="289,250,201,250" step="2"/><W124/><G124/><T132/><D132/><U1/><E1/><AGARI ba="1,1" hai="1,4,10,41,45,50,63,64,71,75,76,82,97,99" machi="1" ten="30,12000,2" yaku="1,1,2,1,7,1,52,1,53,2" doraHai="79" doraHaiUra="93" who="2" fromWho="1" sc="289,0,250,-123,201,133,250,0" /><INIT seed="1,0,0,1,0,17" ten="289,127,334,250" oya="1" hai0="118,91,115,23,52,53,9,116,84,35,31,57,92" hai1="85,10,12,122,114,83,2,66,90,34,69,14,19" hai2="70,126,102,108,64,43,112,5,93,28,132,79,71" hai3="6,48,27,77,128,8,82,65,4,99,47,74,45"/><U24/><E114/><V20/><F79/><W80/><G128/><T30/><D115/><U129/><E129/><V39/><F93/><W75/><G65/><T72/><D35/><U25/><E122/><V105/><F5/><W18/><G99/><T96/><D72/><U29/><E25/><V67/><F20/><W37/><G37/><T7/><D53/><U123/><E123/><V98/><F28/><W124/><G124/><T1/><D84/><U40/><E40/><V73/><F98/><W130/><G130/><T68/><D68/><U131/><E131/><V13/><F13/><W125/><G125/><T15/><D1/><U58/><E69/><V46/><F102/><W133/><G133/><T41/><D41/><U26/><E26/><V113/><F105/><W55/><G47/><T127/><D127/><U107/><E107/><V101/><F101/><W134/><G134/><T117/><REACH who="0" step="1"/><D23/><REACH who="0" ten="279,127,334,250" step="2"/><U49/><E2/><V21/><F21/><N who="3" m="13751" /><G75/><T78/><D78/><U88/><E66/><V59/><F67/><W36/><G74/><T87/><D87/><U76/><REACH who="1" step="1"/><E14/><REACH who="1" ten="279,117,334,250" step="2"/><V22/><F64/><W103/><G36/><T63/><AGARI ba="0,2" hai="7,9,15,30,31,52,57,63,91,92,96,116,117,118" machi="63" ten="30,4000,0" yaku="1,1,0,1,54,1,53,0" doraHai="17" doraHaiUra="44" who="0" fromWho="0" sc="279,60,117,-20,334,-10,250,-10" /><INIT seed="2,0,0,2,4,6" ten="339,97,324,240" oya="2" hai0="26,33,94,20,119,92,47,18,82,68,59,66,132" hai1="103,34,31,38,70,8,126,41,113,76,97,21,17" hai2="109,111,64,105,121,104,124,16,120,48,96,50,87" hai3="51,80,83,93,15,99,60,40,125,39,13,7,29"/><V91/><F124/><W74/><G125/><T57/><D132/><U4/><E126/><V110/><F64/><W117/><G117/><T95/><D119/><U78/><E70/><V85/><F16/><W107/><G107/><N who="2" m="41033" /><F96/><W89/><G39/><T135/><D135/><U130/><E130/><V52/><F48/><W30/><G74/><T84/><D33/><U35/><E113/><V45/><F87/><W122/><G122/><T1/><D1/><U79/><E31/><V69/><F69/><W12/><G60/><T11/><D68/><U58/><E58/><V90/><F90/><W129/><G129/><T63/><D57/><U46/><E97/><V102/><F102/><W115/><G115/><T37/><D37/><U0/><REACH who="1" step="1"/><E103/><REACH who="1" ten="339,87,324,240" step="2"/><V44/><F44/><N who="3" m="25991" /><G30/><T133/><D47/><U72/><E72/><V56/><F45/><W14/><G29/><T65/><D133/><U3/><E3/><V28/><F28/><W128/><G128/><T108/><D65/><U27/><AGARI ba="0,1" hai="0,4,8,17,21,27,34,35,38,41,46,76,78,79" machi="27" ten="30,4000,0" yaku="1,1,0,1,52,1,53,0" doraHai="6" doraHaiUra="86" who="1" fromWho="1" sc="339,-10,87,50,324,-20,240,-10" /><INIT seed="3,0,0,3,4,128" ten="329,137,304,230" oya="3" hai0="84,28,121,135,6,48,32,55,17,120,104,1,56" hai1="63,109,75,46,45,96,95,64,14,71,40,98,117" hai2="65,51,72,132,4,58,37,123,52,47,67,119,112" hai3="22,57,107,125,70,68,11,15,134,106,26,102,130"/><W86/><G130/><T85/><D104/><U31/><E109/><V9/><F112/><W108/><G108/><T19/><D85/><U101/><E117/><V27/><F119/><W36/><G36/><T133/><D84/><U35/><E75/><V88/><F72/><W79/><G125/><T23/><D32/><U92/><E40/><V13/><F123/><N who="0" m="47178" /><D6/><U10/><E31/><V80/><F132/><N who="0" m="50762" /><D1/><U42/><E42/><V54/><F27/><AGARI ba="0,0" hai="17,19,23,27,28,48,55,56" m="50762,47178" machi="27" ten="30,7700,0" yaku="20,1,52,3" doraHai="128" who="0" fromWho="2" sc="329,77,137,0,304,-77,230,0" owari="406,50.6,137,-36.3,227,-17.3,230,3.0" /></mjloggm>