<mjloggm ver="2.3"><GO type="225" lobby="0"/><UN n0="%E7%B4%94%E6%BD%94%E3%83%94%E3%83%A9%E3%83%8B%E3%82%A2" n1="%E4%B8%AD%E5%B9%B4%E3%81%AE%E5%8D%B1%E6%A9%9F" n2="%E3%81%BF%E3%81%BF%E3%81%9A" n3="%70%6F%69%73%75%2D" dan="16,16,17,16" rate="2080.77,2109.50,2176.12,2074.33" sx="M,M,M,M"/><TAIKYOKU oya="0"/><INIT seed="0,0,0,4,0,13" ten="250,250,250,250" oya="0" hai0="68,27,3,109,85,134,72,12,6,48,33,99,77" hai1="14,18,15,44,95,1,57,20,126,47,78,88,34" hai2="105,97,28,79,107,10,30,84,21,35,19,63,31" hai3="122,102,8,16,119,37,83,4,64,128,124,108,123"/><T36/><D36/><U56/><E1/><V60/><F35/><W76/><G119/><T90/><D68/><U115/><E34/><V46/><F10/><W101/><G37/><T111/><D134/><U49/><E115/><V94/><F46/><N who="1" m="17449" /><E126/><V81/><F107/><W42/><G124/><T91/><D3/><U73/><E73/><V54/><F105/><W41/><G64/><T39/><D39/><U71/><E71/><V50/><F50/><W65/><G65/><T132/><D72/><U5/><E78/><V98/><F54/><W100/><G4/><T58/><D132/><U62/><E49/><V96/><REACH who="2" step="1"/><F94/><REACH who="2" ten="250,250,240,250" step="2"/><W24/><G42/><T112/><D48/><U61/><E62/><V110/><F110/><N who="0" m="41994" /><D112/><U23/><E61/><V59/><F59/><W53/><G41/><T74/><D58/><U32/><E32/><V118/><F118/><W25/><G53/><T125/><D125/><U43/><E43/><V67/><F67/><W121/><G108/><T87/><D33/><U2/><E2/><V116/><F116/><W117/><G117/><T127/><D127/><U22/><E57/><V29/><N who="2" m="7168" /><DORA hai="86" /><V9/><F9/><W114/><G114/><T82/><D6/><U70/><E56/><V17/><F17/><W7/><G7/><T52/><D52/><U135/><E70/><V120/><F120/><W38/><G38/><T130/><D130/><U66/><E66/><V89/><F89/><W80/><G128/><T0/><D0/><U129/><E129/><V92/><F92/><W11/><G122/><T51/><D51/><U40/><E135/><RYUUKYOKU ba="0,1" sc="250,-10,250,-10,240,30,250,-10" hai2="19,21,60,63,79,81,84,96,97,98" /><INIT seed="1,1,1,4,1,52" ten="240,240,270,240" oya="1" hai0="118,116,81,102,40,91,72,71,10,1,97,88,112" hai1="74,95,32,46,85,19,83,26,124,107,84,122,87" hai2="12,104,128,93,55,8,103,49,100,18,76,4,125" hai3="14,70,57,27,127,15,94,35,61,16,29,123,129"/><U79/><E107/><V82/><F125/><W6/><G127/><T48/><D71/><U132/><E124/><V63/><F128/><W67/><G129/><T22/><D22/><U56/><E122/><V101/><F104/><W31/><G123/><T77/><D112/><U117/><E117/><V96/><F63/><W109/><G109/><T65/><D65/><U98/><E132/><V89/><F4/><W105/><G31/><T38/><D48/><U11/><E46/><V45/><REACH who="2" step="1"/><F101/><REACH who="2" ten="240,240,260,240" step="2"/><W23/><G105/><T3/><D118/><U51/><E32/><V111/><F111/><W133/><G133/><T5/><D116/><U135/><E135/><V7/><F7/><W119/><G119/><T30/><D3/><U50/><E56/><V54/><F54/><W41/><G41/><T134/><D134/><U43/><E43/><V24/><F24/><W121/><G121/><T44/><D30/><U73/><E26/><V78/><F78/><W25/><G6/><T21/><D21/><U0/><E0/><V90/><F90/><W86/><REACH who="3" step="1"/><G70/><REACH who="3" ten="240,240,260,230" step="2"/><T115/><D115/><U106/><E106/><AGARI ba="1,3" hai="1,5,10,38,40,44,72,77,81,88,91,97,102,106" machi="106" ten="30,7700,0" yaku="7,1,25,2,54,1" doraHai="52" who="0" fromWho="1" sc="240,110,240,-80,260,0,230,0" /><INIT seed="2,0,0,5,3,44" ten="350,160,260,230" oya="2" hai0="134,130,104,16,9,53,128,37,30,22,133,79,40" hai1="68,113,12,75,71,63,83,94,11,135,42,80,108" hai2="34,114,115,6,7,2,93,69,26,23,24,100,20" hai3="92,13,51,109,125,123,77,17,88,70,3,45,35"/><V1/><F69/><W131/><G109/><T39/><D104/><U43/><E113/><V87/><F93/><W101/><G35/><T95/><D40/><U86/><E108/><V85/><REACH who="2" step="1"/><F34/><REACH who="2" ten="350,160,250,230" step="2"/><W57/><G70/><T84/><D95/><U25/><E71/><V120/><F120/><W90/><G123/><T99/><D133/><U41/><E135/><V67/><F67/><W4/><G92/><T81/><D134/><U119/><E119/><V0/><F0/><W47/><G3/><T5/><D128/><U110/><E110/><V29/><F29/><W27/><G131/><T18/><D130/><U33/><E33/><V96/><F96/><W21/><G101/><AGARI ba="0,1" hai="1,2,6,7,20,23,24,26,85,87,100,101,114,115" machi="101" ten="25,4800,0" yaku="1,1,22,2,53,0" doraHai="44" doraHaiUra="8" who="2" fromWho="3" sc="350,0,160,0,250,58,230,-48" /><INIT seed="2,1,0,1,2,66" ten="350,160,308,182" oya="2" hai0="64,85,28,115,101,88,32,36,27,29,109,35,46" hai1="117,113,22,49,111,131,37,24,42,68,48,123,65" hai2="8,17,62,105,93,38,3,7,63,31,118,98,72" hai3="120,125,133,90,119,132,11,21,57,127,87,20,26"/><V97/><F118/><W2/><G57/><T84/><D115/><U60/><E113/><V103/><F72/><W83/><G119/><T13/><D109/><U121/><E117/><V70/><F38/><W47/><G120/><N who="1" m="46154" /><E111/><V108/><F108/><W96/><G47/><T45/><D101/><U33/><E33/><V73/><F73/><W86/><G96/><T116/><D116/><U102/><E102/><V112/><F112/><W74/><G74/><T91/><D64/><U1/><E1/><V71/><F31/><W130/><G87/><T15/><D27/><U30/><E131/><V129/><F129/><W79/><G79/><T104/><REACH who="0" step="1"/><D36/><REACH who="0" ten="340,160,308,182" step="2"/><U99/><E99/><V110/><F110/><W9/><G130/><T69/><D69/><U16/><E37/><V92/><F105/><AGARI ba="1,1" hai="13,15,28,29,32,35,45,46,84,85,88,91,104,105" machi="105" ten="25,12000,2" yaku="1,1,22,2,54,1,53,2" doraHai="66" doraHaiUra="40" who="0" fromWho="2" sc="340,133,160,0,308,-123,182,0" /><INIT seed="3,0,0,4,3,105" ten="473,160,185,182" oya="3" hai0="134,99,19,133,62,71,23,95,124,34,79,75,65" hai1="74,106,47,36,54,116,32,13,11,21,91,56,93" hai2="52,5,110,41,12,1,88,100,114,72,115,46,80" hai3="26,128,4,92,9,59,67,101,39,83,104,42,97"/><W81/><G128/><T57/><D34/><U51/><E32/><V15/><F100/><W123/><G123/><T76/><D124/><U132/><E106/><V0/><F52/><W49/><G39/><T87/><D87/><U85/><E116/><V122/><F88/><W90/><G26/><N who="0" m="14719" /><D75/><U94/><E74/><V130/><F110/><W7/><G7/><T73/><D73/><U40/><E132/><N who="0" m="50793" /><D71/><U10/><E93/><V120/><F130/><W109/><G109/><T16/><D16/><AGARI ba="0,0" hai="10,11,13,16,21,36,40,47,51,54,56,85,91,94" machi="16" ten="40,5200,0" yaku="25,2,54,1" doraHai="105" who="1" fromWho="0" sc="473,-52,160,52,185,0,182,0" owari="421,52.1,212,1.2,185,-21.5,182,-31.8" /></mjloggm>