<mjloggm ver="2.3"><GO type="225" lobby="0"/><UN n0="%E6%B8%A9%E2%98%85%E6%83%85%E2%98%85%E6%8E%AA%E2%98%85%E7%BD%AE" n1="%E3%83%A9%E3%82%A4%E3%83%B3%E3%81%AE%E8%99%8E" n2="%72%69%6F%75%63%68%61%6E" n3="%E5%A4%8F%E9%88%B4%E9%88%B4%E5%A4%8F" dan="17,16,16,16" rate="2207.37,2146.30,2136.66,2161.26" sx="M,M,M,F"/><TAIKYOKU oya="0"/><INIT seed="0,0,0,0,1,78" ten="250,250,250,250" oya="0" hai0="19,112,48,89,56,36,126,93,128,117,11,77,85" hai1="39,2,116,15,72,33,22,41,63,92,104,10,47" hai2="81,61,66,119,91,1,98,37,13,3,86,64,88" hai3="71,62,49,120,14,52,131,113,16,28,59,23,97"/><T45/><D112/><U17/><E104/><V105/><F37/><W135/><G113/><T108/><D117/><U69/><E116/><V123/><F123/><W96/><G120/><T29/><D128/><U80/><E33/><V76/><F119/><W51/><G131/><T43/><D126/><U82/><E72/><V99/><F64/><W74/><G74/><T34/><D108/><U26/><E2/><V133/><F133/><W111/><G111/><T102/><D102/><U118/><E118/><V73/><F13/><W5/><G135/><T50/><D77/><U132/><E132/><V12/><F12/><W20/><G5/><T125/><D125/><U21/><E92/><V40/><F40/><W70/><G71/><T94/><D94/><U110/><E22/><V27/><F27/><N who="3" m="16487" /><G70/><T107/><D107/><U127/><E127/><V24/><F24/><W103/><G103/><T44/><D29/><U35/><E35/><V0/><F105/><W115/><G115/><T7/><D34/><U18/><REACH who="1" step="1"/><E110/><REACH who="1" ten="250,240,250,250" step="2"/><V38/><F38/><W65/><G65/><AGARI ba="0,1" hai="10,15,17,18,21,26,39,41,47,63,65,69,80,82" machi="65" ten="40,8000,1" yaku="1,1,2,1,52,2,53,0" doraHai="78" doraHaiUra="95" who="1" fromWho="3" sc="250,0,240,90,250,0,250,-80" /><INIT seed="1,0,0,4,1,16" ten="250,330,250,170" oya="1" hai0="56,117,125,96,101,106,120,61,55,15,107,11,81" hai1="21,7,88,103,97,33,114,24,70,62,92,128,63" hai2="131,20,14,124,40,13,87,25,45,68,71,84,134" hai3="82,67,35,95,28,76,74,23,123,44,135,18,78"/><U19/><E114/><V3/><F3/><W0/><G123/><T109/><D117/><U127/><E127/><V80/><F124/><W77/><G135/><T126/><D120/><U132/><E132/><V113/><F134/><W29/><G0/><T48/><D109/><U118/><E118/><V69/><F113/><W100/><G67/><T52/><D107/><U47/><E128/><V22/><F131/><W91/><G100/><T27/><D81/><U49/><E33/><V119/><F119/><W30/><G44/><T133/><D133/><U26/><E7/><V39/><F87/><W108/><G108/><T2/><D2/><U17/><E70/><V38/><F38/><W73/><G82/><T79/><D79/><U12/><E103/><V85/><F85/><W41/><G41/><T42/><D42/><N who="1" m="24823" /><E26/><V64/><F64/><W105/><G105/><T6/><REACH who="0" step="1"/><D27/><REACH who="0" ten="240,330,250,170" step="2"/><U72/><E72/><V1/><F1/><W51/><G35/><T53/><D53/><U66/><E66/><V34/><F34/><W43/><G43/><T89/><D89/><U54/><E54/><V37/><F37/><W112/><G112/><T130/><D130/><U10/><AGARI ba="0,1" hai="10,12,17,19,21,24,62,63,88,92,97" m="24823" machi="10" ten="30,6000,0" yaku="8,1,52,1,54,1" doraHai="16" who="1" fromWho="1" sc="240,-20,330,70,250,-20,170,-20" /><INIT seed="1,1,0,5,4,47" ten="220,400,230,150" oya="1" hai0="135,41,69,44,101,51,8,10,106,134,57,24,116" hai1="63,2,11,36,19,21,105,67,38,27,110,23,98" hai2="104,125,22,12,92,122,124,33,90,87,55,26,54" hai3="18,91,17,49,95,119,59,121,102,1,29,84,99"/><U34/><E110/><V81/><F122/><W108/><G121/><T129/><D116/><U5/><E23/><V76/><F104/><W15/><G108/><T130/><D69/><U74/><E74/><V78/><F33/><W58/><G119/><T128/><D24/><U4/><E4/><V31/><F12/><W88/><G1/><T126/><D126/><N who="2" m="48746" /><F76/><W16/><G29/><T0/><D0/><U114/><E114/><V13/><F13/><W133/><G133/><N who="0" m="50699" /><D57/><N who="3" m="21513" /><G84/><AGARI ba="1,0" hai="22,26,31,54,55,78,81,84,87,90,92" m="48746" machi="84" ten="30,1000,0" yaku="18,1" doraHai="47" who="2" fromWho="3" sc="220,0,400,0,230,13,150,-13" /><INIT seed="2,0,0,1,5,102" ten="220,400,243,137" oya="2" hai0="20,86,132,118,50,110,19,66,111,63,126,117,112" hai1="8,82,113,43,60,45,61,23,125,104,54,133,73" hai2="88,13,4,131,69,70,27,105,90,48,122,42,96" hai3="91,33,134,1,56,44,119,107,15,108,55,37,67"/><V100/><F122/><W29/><G119/><N who="0" m="45579" /><D112/><U3/><E104/><V103/><F131/><W10/><G108/><N who="0" m="41515" /><D126/><U18/><E54/><V116/><F116/><W35/><G134/><T89/><D50/><U106/><E106/><V36/><F36/><W34/><G1/><T135/><D20/><U101/><E101/><V46/><F103/><W24/><G107/><T41/><D41/><U80/><E133/><V81/><F27/><W22/><G67/><T115/><D19/><U64/><E125/><V65/><F81/><W39/><G44/><T59/><D115/><U7/><E113/><V87/><F65/><W12/><G91/><T52/><D66/><U11/><E11/><V62/><F62/><W0/><G0/><T72/><D72/><U78/><E80/><AGARI ba="0,0" hai="52,59,63,80,86,89,132,135" m="41515,45579" machi="80" ten="30,3900,0" yaku="12,1,14,1,54,1" doraHai="102" who="0" fromWho="1" sc="220,39,400,-39,243,0,137,0" /><INIT seed="3,0,0,0,5,133" ten="259,361,243,137" oya="3" hai0="41,122,42,54,117,120,77,130,14,89,57,51,94" hai1="40,36,70,83,4,17,28,11,118,38,43,72,26" hai2="12,49,124,10,86,82,129,13,6,105,3,32,53" hai3="81,64,128,63,92,5,97,1,108,134,103,45,102"/><W110/><G134/><T88/><D117/><U126/><E17/><V75/><F124/><W113/><G113/><T21/><D130/><U35/><E126/><V87/><F129/><W73/><G128/><T56/><D77/><N who="1" m="44455" /><E43/><N who="0" m="16393" /><D122/><U33/><E118/><V67/><F105/><W78/><G45/><N who="0" m="28015" /><D120/><U39/><E40/><V74/><F32/><W15/><G103/><T30/><D14/><U99/><E99/><V18/><F67/><W55/><G55/><T44/><D44/><U111/><E111/><N who="3" m="42538" /><G15/><T125/><D125/><U2/><E35/><V27/><F27/><W132/><G132/><T0/><D0/><U68/><AGARI ba="0,0" hai="2,4,11,26,28,33,36,38,39,68,70" m="44455" machi="68" ten="40,2700,0" yaku="33,2" doraHai="133" who="1" fromWho="1" sc="259,-7,361,27,243,-7,137,-13" owari="252,5.2,388,48.8,236,-16.4,124,-37.6" /></mjloggm>