<mjloggm ver="2.3"><GO type="225" lobby="0"/><UN n0="%E3%81%BF%E3%81%BF%E3%81%9A" n1="%E5%B0%8F%E9%B3%A5%E9%81%8A%E7%B7%B4%E7%84%A1%32%31%E6%AD%B3" n2="%E8%81%B7%E6%A5%AD%E3%80%81%E9%A2%A8%32" n3="%E7%99%BD%E5%80%89%E5%AF%9B%E4%B9%8B" dan="17,16,16,16" rate="2247.02,2158.90,2143.32,2136.09" sx="M,F,M,M"/><TAIKYOKU oya="0"/><INIT seed="0,0,0,3,0,16" ten="250,250,250,250" oya="0" hai0="13,43,51,127,108,23,133,34,118,83,38,90,50" hai1="95,75,17,72,5,67,1,40,120,79,49,26,94" hai2="124,101,77,59,14,55,105,126,60,10,28,57,48" hai3="36,3,71,46,63,134,102,6,87,30,76,91,24"/><T97/><D127/><N who="2" m="48682" /><F77/><W129/><G129/><T96/><D118/><U80/><E120/><V85/><F85/><W112/><G134/><T82/><D34/><U104/><E104/><V132/><F132/><W89/><G112/><T42/><D38/><U115/><E72/><V32/><F101/><W22/><G102/><T61/><D133/><U128/><E67/><N who="2" m="39311" /><F28/><W81/><G71/><T68/><D68/><U103/><E103/><V130/><F130/><W33/><G63/><T106/><D61/><U100/><E100/><V37/><F37/><W56/><G56/><T12/><D90/><U31/><E128/><V11/><F32/><W2/><G33/><T125/><D125/><U123/><E115/><V62/><F105/><W29/><G29/><T119/><D119/><U78/><E31/><V86/><F86/><W73/><G87/><T41/><D106/><U27/><E78/><V47/><F14/><W114/><G114/><T21/><D42/><AGARI ba="0,0" hai="10,11,42,47,48,55,59,62" m="39311,48682" machi="42" ten="30,1000,0" yaku="18,1" doraHai="16" who="2" fromWho="0" sc="250,-10,250,0,250,10,250,0" /><INIT seed="1,0,0,0,2,133" ten="240,250,260,250" oya="1" hai0="17,14,104,50,113,45,98,108,7,78,55,107,9" hai1="83,11,3,131,73,110,76,132,46,48,126,38,119" hai2="75,43,122,130,89,16,135,106,0,68,105,13,57" hai3="125,1,91,115,96,88,24,129,70,12,124,18,118"/><U77/><E119/><V81/><F122/><W95/><G118/><T64/><D113/><U127/><E132/><V56/><F135/><W72/><G115/><T90/><D108/><U15/><E131/><V103/><F68/><W84/><G70/><T31/><D78/><N who="1" m="44495" /><E110/><V51/><F0/><W87/><G1/><T39/><D31/><U112/><E112/><V123/><F123/><W44/><G72/><T54/><D64/><U116/><E116/><V99/><F130/><W10/><G129/><T102/><D39/><U85/><E85/><V52/><F106/><W41/><G24/><T2/><D90/><U4/><E15/><V33/><F33/><W71/><G71/><T58/><D107/><U25/><E25/><V40/><F57/><W23/><G23/><T62/><REACH who="0" step="1"/><D2/><REACH who="0" ten="230,250,260,250" step="2"/><U42/><E48/><V86/><REACH who="2" step="1"/><F75/><REACH who="2" ten="230,250,250,250" step="2"/><W100/><G100/><T29/><D29/><U35/><E35/><V59/><F59/><W60/><G60/><T120/><D120/><U28/><E28/><V117/><F117/><W134/><G134/><T111/><D111/><U63/><E63/><V82/><F82/><W92/><G96/><T27/><D27/><U22/><E76/><V121/><F121/><W26/><REACH who="3" step="1"/><G26/><REACH who="3" ten="230,250,250,240" step="2"/><T6/><AGARI ba="0,3" hai="6,7,9,14,17,45,50,54,55,58,62,98,102,104" machi="6" ten="30,2000,0" yaku="1,1,0,1,53,0" doraHai="133" doraHaiUra="114" who="0" fromWho="0" sc="230,50,250,-10,250,-5,240,-5" /><INIT seed="2,0,0,4,2,116" ten="280,240,245,235" oya="2" hai0="108,68,93,31,65,47,56,113,21,57,98,88,73" hai1="72,35,51,121,128,110,2,5,41,70,118,105,4" hai2="92,16,26,44,36,95,109,43,10,13,22,124,129" hai3="12,132,99,85,125,34,39,18,114,63,90,55,3"/><V17/><F124/><W127/><G39/><T48/><D113/><U67/><RYUUKYOKU type="yao9" ba="0,0" sc="280,0,240,0,245,0,235,0" hai1="2,4,5,35,41,51,67,70,72,105,110,118,121,128" /><INIT seed="2,1,0,0,5,20" ten="280,240,245,235" oya="2" hai0="132,113,57,29,4,117,14,94,135,63,51,50,122" hai1="93,72,2,68,76,7,89,118,100,77,74,66,121" hai2="21,12,6,24,86,127,5,61,130,16,22,11,30" hai3="39,79,37,64,114,40,10,52,48,59,133,106,38"/><V103/><F127/><W15/><G106/><T26/><D117/><U82/><E118/><V60/><F130/><W90/><G133/><N who="0" m="51275" /><D122/><U62/><E100/><V131/><F131/><W120/><G120/><T45/><D113/><U75/><E121/><V27/><F103/><W125/><G125/><T112/><D112/><U8/><REACH who="1" step="1"/><E76/><REACH who="1" ten="280,230,245,235" step="2"/><V115/><F115/><W92/><G114/><T23/><D94/><U97/><AGARI ba="1,1" hai="2,7,8,62,66,68,72,74,75,77,82,89,93,97" machi="97" ten="20,8000,1" yaku="1,1,2,1,0,1,7,1,53,1" doraHai="20" doraHaiUra="33" who="1" fromWho="1" sc="280,-21,230,93,245,-41,235,-21" /><INIT seed="3,0,0,3,3,74" ten="259,323,204,214" oya="3" hai0="19,29,106,44,124,85,2,127,50,56,22,83,126" hai1="48,23,120,60,115,100,134,131,42,93,9,36,80" hai2="30,28,62,101,128,55,24,105,65,1,7,71,6" hai3="77,4,86,125,68,110,3,87,112,37,82,49,51"/><W12/><G37/><T70/><D70/><U94/><E120/><V64/><F64/><W53/><G68/><T108/><D108/><U54/><E115/><V92/><F92/><W66/><G112/><T32/><D2/><U35/><E35/><N who="2" m="20871" /><F128/><W14/><G66/><T81/><D106/><U75/><E131/><V63/><F1/><W58/><G110/><T116/><D116/><U25/><E36/><V41/><F41/><W122/><G122/><T97/><D97/><U111/><E60/><V61/><F30/><W46/><G125/><T78/><D56/><U34/><E42/><V132/><F132/><W47/><G87/><T102/><D102/><U121/><E34/><V129/><F129/><W8/><REACH who="3" step="1"/><G58/><REACH who="3" ten="259,323,204,204" step="2"/><T119/><D119/><U104/><E111/><V38/><F38/><W69/><G69/><T96/><D126/><U59/><E121/><V117/><F117/><W88/><G88/><T40/><D124/><U89/><E89/><V84/><F84/><W15/><G15/><T107/><D127/><U10/><E59/><N who="2" m="35071" /><F63/><W113/><G113/><T18/><D85/><U43/><E75/><V123/><F123/><W0/><G0/><T20/><D44/><U98/><E134/><V26/><F26/><W21/><G21/><T33/><D22/><U95/><E23/><V17/><F17/><W79/><G79/><T73/><D78/><U91/><E25/><V16/><F16/><N who="0" m="6186" /><D73/><U109/><E109/><V11/><F11/><W135/><G135/><T27/><D32/><U39/><E9/><V99/><AGARI ba="0,1" hai="6,7,62,65,71,99,101,105" m="35071,20871" machi="99" ten="30,1100,0" yaku="25,1" doraHai="74" who="2" fromWho="2" sc="259,-3,323,-3,204,21,204,-5" owari="256,5.6,320,42.0,225,-17.5,199,-30.1" /></mjloggm>