<mjloggm ver="2.3"><GO type="225" lobby="0"/><UN n0="%E5%B8%86%E7%AB%8B%E5%A4%8F%E8%A1%A3" n1="%E6%98%93%E5%88%A9%E8%96%A9%E4%BC%AF" n2="%43%68%65" n3="%E3%81%8B%E3%82%8F%E3%81%A1%E3%82%83%E3%82%93%35%38" dan="17,17,16,16" rate="2165.74,2201.03,2154.07,2148.41" sx="M,F,M,M"/><TAIKYOKU oya="0"/><INIT seed="0,0,0,4,2,4" ten="250,250,250,250" oya="0" hai0="122,12,58,95,49,75,14,68,91,53,85,5,128" hai1="84,112,43,25,9,105,60,59,72,110,89,78,41" hai2="101,61,103,13,30,8,45,0,18,3,19,44,29" hai3="97,39,99,11,124,55,37,76,134,121,86,125,100"/><T52/><D128/><U115/><E105/><V96/><F61/><W118/><G118/><T54/><D122/><U7/><E110/><V90/><F90/><W47/><G134/><T15/><D68/><U120/><E120/><V107/><F101/><W135/><G135/><T32/><D32/><U62/><E25/><V102/><F102/><W117/><G117/><T34/><D34/><U126/><E72/><V109/><F109/><W131/><G131/><T63/><D75/><U88/><E78/><V81/><F81/><N who="3" m="47399" /><G121/><T93/><D5/><U65/><E62/><V10/><F3/><W28/><G28/><T50/><REACH who="0" step="1"/><D93/><REACH who="0" ten="240,250,250,250" step="2"/><U36/><E112/><V17/><F0/><W56/><G125/><T73/><D73/><U119/><E126/><V92/><F107/><W83/><G124/><T70/><D70/><U23/><E7/><V132/><F132/><W106/><G106/><T27/><D27/><U57/><E115/><V87/><F13/><W24/><G24/><T114/><D114/><U69/><E69/><V21/><F87/><W46/><G99/><T2/><D2/><U80/><E84/><V38/><F96/><W127/><G127/><T66/><AGARI ba="0,1" hai="12,14,15,49,50,52,53,54,58,63,66,85,91,95" machi="66" ten="30,11700,0" yaku="1,1,0,1,8,1,54,1,53,0" doraHai="4" doraHaiUra="20" who="0" fromWho="0" sc="240,127,250,-39,250,-39,250,-39" /><INIT seed="0,1,0,5,3,96" ten="367,211,211,211" oya="0" hai0="127,128,80,123,77,97,38,17,44,130,60,118,24" hai1="100,111,40,19,135,34,42,43,61,49,29,112,90" hai2="59,121,106,52,16,1,46,54,68,6,73,110,69" hai3="125,66,95,10,3,47,33,99,63,41,83,101,92"/><T133/><D118/><U22/><E111/><V107/><F121/><W58/><G125/><T9/><D123/><U98/><E135/><V79/><F110/><W26/><G83/><T120/><D120/><U2/><E2/><V13/><F6/><W14/><G3/><T82/><D127/><U78/><E78/><V31/><F31/><W86/><G33/><T102/><D82/><U30/><E90/><V85/><F73/><W103/><G26/><T71/><D133/><U51/><E61/><V91/><F79/><W104/><G86/><T18/><D9/><U70/><E70/><V15/><F15/><W56/><G56/><T48/><D38/><U88/><E88/><V45/><F1/><W25/><G25/><T93/><D24/><N who="1" m="14431" /><E34/><V53/><F69/><W116/><G116/><T84/><D60/><U35/><E35/><V105/><F59/><W76/><G76/><T37/><D37/><U11/><E11/><V74/><F74/><W72/><G72/><T32/><D32/><U39/><E39/><V28/><F28/><N who="1" m="10857" /><E112/><V36/><F36/><W115/><G115/><T87/><D87/><U57/><E57/><V65/><F65/><W131/><G131/><N who="0" m="50219" /><D71/><U113/><E113/><V8/><REACH who="2" step="1"/><F68/><REACH who="2" ten="367,211,201,211" step="2"/><W21/><G66/><T12/><D12/><U124/><E124/><V108/><F108/><W20/><G63/><T5/><D5/><U7/><E7/><V119/><F119/><W50/><G14/><T4/><D4/><U122/><E122/><V89/><F89/><W134/><G134/><T62/><D77/><U129/><E129/><V0/><F0/><RYUUKYOKU ba="1,1" sc="367,-15,211,15,201,15,211,-15" hai1="40,42,43,49,51,98,100" hai2="8,13,16,45,46,52,53,54,85,91,105,106,107" /><INIT seed="1,2,1,2,3,119" ten="352,226,216,196" oya="1" hai0="122,1,92,14,100,81,18,54,106,135,25,90,20" hai1="134,47,97,9,86,46,7,64,12,38,15,63,85" hai2="96,22,130,87,36,79,116,61,111,88,123,62,31" hai3="43,16,41,33,94,48,50,83,23,72,34,132,27"/><U127/><E134/><V32/><F116/><W117/><G117/><T40/><D1/><U75/><E75/><V67/><F32/><W77/><G132/><T110/><D135/><U5/><E127/><V93/><F36/><W65/><G65/><T29/><D40/><U58/><E97/><V113/><F123/><W0/><G0/><T95/><D110/><U124/><E124/><V30/><F111/><W84/><G43/><T55/><D122/><U17/><E7/><V115/><F130/><W78/><G78/><T99/><D81/><U91/><E38/><V39/><F39/><W28/><G41/><T118/><D118/><U112/><E112/><N who="2" m="43083" /><F22/><W120/><G120/><T51/><D51/><U69/><E69/><N who="2" m="42223" /><F62/><W74/><G34/><T114/><D114/><U76/><E76/><V126/><F126/><W19/><G19/><T44/><D44/><N who="1" m="16939" /><E91/><N who="2" m="55359" /><F79/><W128/><G128/><T26/><D106/><U3/><E3/><V52/><F52/><N who="0" m="20010" /><D29/><U13/><E13/><V102/><F102/><W109/><G109/><T105/><D105/><U129/><E129/><V101/><F101/><W108/><G108/><T11/><D20/><AGARI ba="2,1" hai="5,9,12,15,17,20,58,63,64,85,86" m="16939" machi="20" ten="30,1500,0" yaku="8,1" doraHai="119" who="1" fromWho="0" sc="352,-21,226,31,216,0,196,0" /><INIT seed="1,3,0,3,5,7" ten="331,257,216,196" oya="1" hai0="94,32,74,46,49,8,131,30,6,126,69,115,43" hai1="81,23,117,102,116,50,61,127,15,122,17,42,104" hai2="14,21,128,133,68,112,12,58,18,10,54,105,119" hai3="88,80,82,9,37,45,96,120,55,19,118,36,11"/><U33/><E122/><V35/><F119/><W107/><G120/><T85/><D69/><U28/><E127/><V83/><F35/><W108/><G37/><T22/><D74/><U75/><E104/><V62/><F105/><W51/><G36/><T125/><D115/><U76/><E102/><V29/><F112/><W60/><G108/><T100/><D131/><U2/><E61/><V47/><F128/><W111/><G111/><T13/><D32/><U106/><E106/><V57/><F133/><W89/><G118/><T65/><D65/><U90/><E2/><V44/><F68/><W31/><G31/><T91/><D100/><U67/><E67/><N who="2" m="39375" /><F83/><N who="3" m="31787" /><G107/><T97/><D97/><U79/><E79/><V87/><F87/><W48/><G60/><T71/><D71/><U34/><E90/><N who="3" m="34922" /><G96/><T114/><D114/><U93/><E93/><V41/><F41/><N who="3" m="24623" /><G19/><T52/><REACH who="0" step="1"/><D43/><REACH who="0" ten="321,257,216,196" step="2"/><U63/><E34/><V5/><F29/><W72/><G72/><T66/><D66/><U124/><E28/><V78/><F78/><W95/><G95/><T103/><D103/><U3/><E33/><V130/><F130/><W73/><G73/><T53/><D53/><U132/><E116/><V135/><F135/><W24/><G24/><AGARI ba="3,1" hai="6,8,13,22,24,30,46,49,52,85,91,94,125,126" machi="24" ten="40,8000,1" yaku="1,1,52,1,54,1,53,1" doraHai="7" doraHaiUra="84" who="0" fromWho="3" sc="321,99,257,0,216,0,196,-89" /><INIT seed="2,0,0,5,5,90" ten="420,257,216,107" oya="2" hai0="26,67,56,123,118,21,131,60,12,15,16,88,14" hai1="36,41,81,6,114,76,47,64,58,82,0,83,100" hai2="30,29,103,120,122,132,20,107,104,45,68,65,85" hai3="66,92,77,49,63,112,11,51,99,93,135,17,78"/><V46/><F85/><W109/><G109/><T70/><D123/><U117/><E114/><V79/><F79/><W44/><G135/><T71/><D118/><U116/><E100/><V110/><F103/><W52/><G112/><T19/><D131/><U84/><E81/><V2/><F2/><W59/><G49/><T125/><D125/><U124/><E124/><V38/><F20/><W106/><G106/><T101/><D101/><U91/><E58/><V37/><F65/><W22/><G11/><T102/><D102/><U98/><E64/><V18/><F18/><W9/><G9/><T40/><D40/><U33/><E33/><V130/><F68/><W1/><G1/><T133/><D133/><U42/><E42/><V128/><REACH who="2" step="1"/><F132/><REACH who="2" ten="420,257,206,107" step="2"/><W97/><G97/><T57/><D71/><U94/><E0/><V62/><F62/><W31/><G31/><T53/><D70/><U50/><E98/><V134/><F134/><W108/><G108/><AGARI ba="0,1" hai="29,30,37,38,45,46,104,107,108,110,120,122,128,130" machi="108" ten="25,4800,0" yaku="1,1,22,2,53,0" doraHai="90" doraHaiUra="7" who="2" fromWho="3" sc="420,0,257,0,206,58,107,-48" /><INIT seed="2,1,0,1,5,68" ten="420,257,264,59" oya="2" hai0="7,74,109,46,128,43,96,99,91,28,11,67,1" hai1="124,97,84,112,21,16,77,61,36,60,9,135,83" hai2="53,15,45,37,92,108,100,122,22,33,2,123,114" hai3="3,20,8,106,66,116,71,55,25,102,58,65,23"/><V87/><F114/><W121/><G116/><T115/><D115/><U48/><E36/><V30/><F2/><W132/><G121/><T134/><D134/><U129/><E112/><V133/><F133/><W32/><G132/><T42/><D128/><U29/><E124/><V19/><F108/><W111/><G111/><T73/><D109/><U27/><E129/><V10/><F33/><W64/><G71/><T52/><D67/><U38/><E38/><V120/><F53/><W119/><G119/><T127/><D127/><U51/><E97/><V63/><F63/><N who="1" m="24137" /><E135/><V88/><F100/><W44/><G44/><T78/><D28/><U18/><E9/><V70/><F70/><W57/><G32/><T40/><D91/><U118/><E118/><V113/><F113/><W72/><G72/><T17/><D17/><AGARI ba="1,0" hai="16,17,18,21,27,29,48,51,77,83,84" m="24137" machi="17" ten="30,2000,0" yaku="8,1,54,1" doraHai="68" who="1" fromWho="0" sc="420,-23,257,23,264,0,59,0" /><INIT seed="3,0,0,5,3,59" ten="397,280,264,59" oya="3" hai0="27,39,97,88,135,126,101,119,86,114,112,103,54" hai1="7,25,81,129,122,116,10,100,56,98,3,69,36" hai2="58,2,35,14,63,73,84,22,68,50,31,23,110" hai3="132,91,128,13,89,66,32,5,44,48,52,20,72"/><W47/><G32/><T37/><D119/><U108/><E69/><V57/><F73/><W62/><G72/><T67/><D126/><U16/><E108/><V77/><F2/><W87/><G128/><T82/><D135/><U76/><E36/><V75/><F68/><W124/><G124/><T107/><D67/><U96/><E122/><V61/><F110/><W109/><G109/><T38/><D101/><U115/><E115/><N who="0" m="44073" /><D54/><U113/><E116/><V120/><F120/><W51/><G132/><T92/><D27/><U29/><E16/><N who="2" m="10519" /><F35/><W45/><G45/><T19/><D19/><U8/><E129/><V28/><F50/><W40/><G87/><T49/><D49/><U46/><E46/><V12/><F12/><W26/><G13/><T95/><AGARI ba="0,0" hai="37,38,39,82,86,88,92,95,97,103,107" m="44073" machi="95" ten="40,2700,0" yaku="11,1,54,1" doraHai="59" who="0" fromWho="0" sc="397,27,280,-7,264,-7,59,-13" owari="424,52.4,273,7.3,257,-14.3,46,-45.4" /></mjloggm>