<mjloggm ver="2.3"><GO type="225" lobby="0"/><UN n0="%70%68%65%6E%6F%6D%65" n1="%E5%B8%86%E7%AB%8B%E5%A4%8F%E8%A1%A3" n2="%E7%89%B9%E6%9D%B1%E3%81%AF%E4%B8%96%E7%95%8C%E3%82%92%E6%95%91%E3%81%86" n3="%E3%81%BF%E3%81%BF%E3%81%9A" dan="16,17,16,17" rate="2092.52,2177.64,2157.81,2171.91" sx="M,M,M,M"/><TAIKYOKU oya="0"/><INIT seed="0,0,0,1,3,122" ten="250,250,250,250" oya="0" hai0="57,4,31,126,72,2,38,33,45,104,111,34,12" hai1="130,80,14,28,109,40,55,123,124,107,100,7,91" hai2="117,6,1,60,35,17,110,125,116,113,29,0,5" hai3="96,135,101,15,71,76,69,67,32,49,61,79,41"/><T131/><D104/><U56/><E123/><V36/><F60/><W3/><G3/><N who="2" m="1097" /><F36/><W19/><G135/><T78/><D126/><U129/><E124/><V75/><F75/><W26/><G69/><T70/><D131/><N who="1" m="50187" /><E28/><V93/><F93/><W115/><G115/><T37/><D70/><U77/><E40/><V118/><F125/><W39/><G39/><T73/><D2/><U89/><E100/><V92/><F92/><W66/><G66/><T54/><D31/><U24/><E24/><N who="2" m="18855" /><F113/><W18/><G32/><T30/><D34/><U127/><E107/><V108/><F17/><W16/><G26/><T82/><D38/><U74/><E127/><V44/><F44/><W50/><G41/><T8/><D37/><U53/><E91/><V102/><F102/><W62/><G62/><T27/><D45/><U106/><E89/><V58/><F58/><W120/><G120/><T59/><D57/><U81/><E81/><V42/><F42/><W20/><G19/><T128/><D128/><U43/><E106/><V103/><F103/><W13/><G50/><T63/><REACH who="0" step="1"/><D72/><REACH who="0" ten="240,250,250,250" step="2"/><U85/><E74/><V119/><F119/><W21/><G49/><T52/><D52/><U105/><E105/><AGARI ba="0,1" hai="13,15,16,18,20,21,61,67,71,76,79,96,101,105" machi="105" ten="30,3900,0" yaku="7,1,9,1,54,1" doraHai="122" who="3" fromWho="1" sc="240,0,250,-39,250,0,250,49" /><INIT seed="1,0,0,2,1,31" ten="240,211,250,299" oya="1" hai0="62,1,67,43,15,54,106,9,124,83,111,109,53" hai1="61,49,74,120,50,89,85,18,79,20,26,130,117" hai2="63,72,114,34,123,16,40,55,29,84,107,46,19" hai3="104,82,60,11,45,97,10,112,116,92,126,88,7"/><U8/><E117/><V69/><F123/><W58/><G112/><T27/><D124/><U135/><E120/><V96/><F72/><W37/><G116/><T28/><D1/><U80/><E130/><V121/><F121/><W133/><G133/><T38/><D106/><U73/><E135/><V65/><F55/><W122/><G122/><T99/><D99/><U6/><E61/><V25/><F84/><W71/><G71/><T105/><D105/><U39/><E39/><V91/><F114/><W110/><G110/><N who="0" m="41995" /><D83/><U57/><E57/><V48/><F91/><W22/><G126/><T13/><D38/><U94/><REACH who="1" step="1"/><E74/><REACH who="1" ten="240,201,250,299" step="2"/><V56/><F56/><W24/><G60/><T115/><D62/><U76/><E76/><V90/><REACH who="2" step="1"/><F90/><REACH who="2" ten="240,201,240,299" step="2"/><W33/><G88/><T2/><D67/><U4/><E4/><V108/><F108/><W98/><G58/><T0/><D115/><U100/><E100/><AGARI ba="0,2" hai="16,19,25,29,34,40,46,48,63,65,69,96,100,107" machi="100" ten="40,12000,2" yaku="1,1,25,2,52,1,54,1,53,1" doraHai="31" doraHaiUra="103" who="2" fromWho="1" sc="240,0,201,-120,240,140,299,0" /><INIT seed="2,0,0,0,0,38" ten="240,81,380,299" oya="2" hai0="8,110,23,121,89,113,73,18,6,132,27,29,37" hai1="66,52,46,108,58,122,39,44,48,99,63,80,20" hai2="16,51,19,15,124,83,117,104,82,100,59,107,4" hai3="45,102,134,101,10,28,17,49,53,33,98,64,94"/><V5/><F117/><W32/><G134/><T57/><D121/><U125/><E20/><V74/><F124/><W72/><G72/><T12/><D113/><U34/><E34/><V118/><F118/><W115/><G115/><T78/><D132/><U111/><E99/><V54/><F100/><W14/><G28/><T61/><D110/><N who="1" m="42027" /><E80/><N who="2" m="30763" /><F107/><W22/><G64/><T30/><D73/><U42/><E122/><V43/><F104/><W131/><G131/><T106/><D106/><U21/><E21/><N who="2" m="11423" /><F74/><W127/><G127/><AGARI ba="0,0" hai="39,42,44,46,48,52,58,63,66,125,127" m="42027" machi="127" ten="30,8000,1" yaku="14,1,34,2,52,1,54,1" doraHai="38" who="1" fromWho="3" sc="240,0,81,80,380,0,299,-80" /><INIT seed="3,0,0,3,3,133" ten="240,161,380,219" oya="3" hai0="111,117,0,93,73,11,19,94,56,90,49,35,68" hai1="5,95,64,16,1,66,98,88,114,60,128,129,87" hai2="84,12,125,77,67,30,78,89,70,122,123,76,2" hai3="74,100,53,91,54,17,113,72,52,79,6,32,130"/><W23/><G113/><T92/><D117/><U101/><E114/><V121/><F125/><W22/><G32/><T106/><D68/><U110/><E110/><V63/><F2/><W41/><G100/><T119/><D119/><U28/><E28/><V107/><F107/><W86/><G130/><N who="1" m="50282" /><E1/><V116/><F116/><W46/><G6/><T50/><D106/><N who="1" m="63799" /><E5/><V39/><F39/><W82/><G79/><T131/><D111/><U127/><E127/><V85/><F85/><W71/><G71/><T43/><D35/><U26/><E60/><V80/><F30/><W96/><G96/><T48/><D0/><U9/><E26/><V45/><F45/><W55/><N who="3" m="13312" /><DORA hai="15" /><W7/><G7/><T42/><D131/><U105/><E105/><V44/><F44/><W126/><G126/><T38/><D38/><U59/><E59/><V14/><AGARI ba="0,0" hai="12,14,63,67,70,76,77,78,80,84,89,121,122,123" machi="14" ten="40,2700,0" yaku="0,1,13,1" doraHai="133,15" who="2" fromWho="2" sc="240,-7,161,-7,380,27,219,-13" owari="233,3.3,154,-34.6,407,50.7,206,-19.4" /></mjloggm>