<mjloggm ver="2.3"><GO type="225" lobby="0"/><UN n0="%E3%83%96%E3%83%83%E3%83%91%E3%82%AA%E3%83%96%E3%83%81%E3%82%AD%E3%83%B3" n1="%E5%B6%BA%E4%B8%8A%E5%92%B2" n2="%E3%83%81%E3%83%83%E3%82%BF%E3%82%BD%E3%83%BC" n3="%E8%A8%88%E7%AE%97%E6%A9%9F%E8%87%AA%E7%84%B6" dan="16,16,17,17" rate="2135.36,2170.16,2198.89,2125.39" sx="M,F,F,M"/><TAIKYOKU oya="0"/><INIT seed="0,0,0,0,3,60" ten="250,250,250,250" oya="0" hai0="6,127,100,67,123,14,79,66,132,50,17,74,81" hai1="107,36,73,44,54,126,118,68,89,52,86,129,29" hai2="135,28,72,27,65,10,133,12,24,39,26,114,75" hai3="122,110,51,64,5,25,105,22,8,85,131,134,121"/><T80/><D123/><N who="3" m="47113" /><G105/><T87/><D127/><U99/><E118/><V9/><F39/><W58/><G110/><T23/><D132/><N who="2" m="50762" /><F65/><W90/><G134/><T20/><D100/><U48/><E73/><N who="2" m="28235" /><F114/><W41/><G131/><T11/><D50/><U77/><E68/><V71/><F71/><W98/><G98/><T35/><D35/><U104/><E129/><V108/><F108/><W56/><G64/><T117/><D117/><U21/><E36/><V101/><F101/><W76/><G76/><T0/><REACH who="0" step="1"/><D23/><REACH who="0" ten="240,250,250,250" step="2"/><U124/><E124/><V93/><F28/><N who="3" m="17463" /><G51/><T19/><D19/><U37/><E126/><V62/><F62/><W111/><G111/><T96/><D96/><U4/><E37/><V116/><F116/><W16/><G16/><T38/><D38/><U82/><E29/><V130/><F130/><W69/><G41/><T30/><D30/><U2/><E48/><V92/><F9/><W43/><G43/><T13/><D13/><U3/><E21/><V119/><F119/><W31/><G31/><T61/><D61/><U70/><E2/><V59/><F10/><W18/><G18/><T32/><D32/><U113/><E3/><V33/><F12/><N who="3" m="5135" /><G69/><T57/><D57/><U1/><E70/><V94/><F33/><W106/><G106/><T95/><D95/><AGARI ba="0,1" hai="56,58,85,90,95" m="5135,17463,47113" machi="95" ten="30,1000,0" yaku="13,1" doraHai="60" who="3" fromWho="0" sc="240,-10,250,0,250,0,250,20" /><INIT seed="1,0,0,5,1,82" ten="230,250,250,270" oya="1" hai0="75,121,87,107,134,102,117,114,118,66,26,64,99" hai1="36,61,42,116,14,52,135,29,123,50,51,73,68" hai2="59,127,112,41,19,77,133,32,125,81,11,57,45" hai3="106,12,2,89,37,31,69,23,67,1,6,76,16"/><U62/><E73/><V9/><F133/><W126/><G37/><T25/><D114/><U119/><E29/><V72/><F32/><W5/><G106/><T92/><D134/><U122/><E14/><V33/><F33/><W4/><G76/><T47/><D75/><U78/><E78/><V55/><F112/><W104/><G104/><T70/><D121/><N who="1" m="46091" /><E135/><V93/><F93/><W49/><G49/><N who="1" m="18442" /><E68/><V98/><F98/><W132/><G132/><T22/><D70/><U43/><E36/><N who="2" m="21671" /><F19/><W10/><G89/><T63/><D107/><U83/><E83/><V96/><F96/><W0/><G69/><T21/><D99/><U84/><E84/><V71/><F71/><W108/><G31/><T94/><D102/><U60/><E52/><V95/><F95/><W13/><G13/><T56/><D87/><U109/><E109/><V124/><F59/><W28/><G108/><T44/><D56/><U111/><E111/><V91/><F91/><W27/><G4/><T103/><D103/><U110/><E110/><V17/><F17/><W46/><G5/><T128/><D63/><AGARI ba="0,0" hai="9,11,55,57,63,72,77,81,124,125,127" m="21671" machi="63" ten="30,1000,0" yaku="18,1" doraHai="82" who="2" fromWho="0" sc="230,-10,250,0,250,10,270,0" /><INIT seed="2,0,0,2,0,132" ten="220,250,260,270" oya="2" hai0="96,7,15,83,74,50,23,110,95,54,35,68,38" hai1="32,123,125,106,31,27,65,48,60,47,94,12,86" hai2="89,2,114,122,100,112,29,134,81,6,26,14,40" hai3="10,20,28,111,39,0,124,115,63,17,41,85,102"/><V133/><F100/><W126/><G111/><T101/><D110/><U109/><E106/><V72/><F89/><W51/><G39/><T30/><D68/><U120/><E109/><V117/><F122/><N who="1" m="46633" /><E12/><V5/><F40/><W57/><G115/><N who="2" m="44073" /><F81/><W130/><G130/><T99/><D38/><U69/><E125/><N who="3" m="48234" /><G28/><T55/><D35/><U87/><E94/><V105/><F72/><W37/><G37/><T22/><D30/><U24/><E27/><V77/><F77/><W103/><G85/><T90/><D74/><U71/><E71/><V93/><F105/><W56/><G10/><N who="0" m="4575" /><D99/><U108/><E108/><V66/><F117/><W118/><G0/><T58/><D55/><AGARI ba="0,0" hai="24,31,32,47,48,55,60,65,69,86,87" m="46633" machi="55" ten="30,1000,0" yaku="13,1" doraHai="132" who="1" fromWho="0" sc="220,-10,250,10,260,0,270,0" /><INIT seed="3,0,0,5,5,19" ten="210,260,260,270" oya="3" hai0="23,34,124,109,56,87,95,112,5,26,131,103,94" hai1="89,73,0,50,88,8,115,134,83,6,9,107,135" hai2="15,69,58,27,66,81,12,45,24,64,84,111,123" hai3="10,59,72,106,117,99,61,97,91,130,75,125,119"/><W16/><G130/><T118/><D118/><U55/><E107/><V70/><F111/><W25/><G125/><T17/><D131/><U37/><E37/><V100/><F100/><W28/><G72/><T41/><D109/><U62/><E115/><V86/><F58/><W20/><G75/><T3/><D124/><U67/><E9/><V116/><F81/><W68/><G68/><T13/><D112/><U32/><E32/><V108/><F108/><W38/><G38/><T47/><D103/><U44/><E73/><V21/><F45/><W82/><G106/><T90/><D3/><U48/><E48/><V121/><REACH who="2" step="1"/><F21/><REACH who="2" ten="210,260,250,270" step="2"/><N who="3" m="15407" /><G119/><AGARI ba="0,1" hai="12,15,24,27,64,66,69,70,84,86,116,119,121,123" machi="119" ten="25,3200,0" yaku="1,1,22,2,53,0" doraHai="19" doraHaiUra="85" who="2" fromWho="3" sc="210,0,260,0,250,42,270,-32" /><INIT seed="4,0,0,5,1,84" ten="210,260,292,238" oya="0" hai0="83,82,7,86,99,39,112,42,72,43,54,31,93" hai1="91,79,88,61,56,23,69,130,49,70,106,45,20" hai2="13,75,22,52,17,95,85,108,14,101,115,103,2" hai3="122,87,134,1,37,92,33,59,0,30,127,48,68"/><T113/><D39/><U41/><E106/><V25/><F108/><W53/><G68/><T111/><D7/><U128/><E79/><V117/><F115/><N who="0" m="44106" /><D31/><U80/><E70/><V34/><F75/><W94/><G37/><T77/><D54/><N who="1" m="33943" /><E69/><V81/><F34/><W78/><G127/><T131/><D111/><U50/><E80/><V114/><F114/><W62/><G134/><T123/><D123/><U29/><E50/><V4/><F2/><W19/><G122/><T97/><D131/><N who="1" m="50219" /><E23/><V126/><F126/><W118/><G33/><T60/><D60/><U66/><E66/><V44/><F117/><W121/><G118/><T124/><D124/><U32/><E32/><V89/><F4/><W67/><G62/><T125/><D125/><U47/><E47/><V5/><F5/><W64/><G67/><T90/><D99/><U65/><E65/><V100/><F81/><N who="3" m="47543" /><G64/><T38/><D38/><U27/><AGARI ba="0,0" hai="20,27,29,41,45,49,88,91" m="50219,33943" machi="27" ten="30,7900,0" yaku="19,1,52,2,54,1" doraHai="84" who="1" fromWho="1" sc="210,-39,260,79,292,-20,238,-20" owari="171,-32.9,339,43.9,272,7.2,218,-18.2" /></mjloggm>