<mjloggm ver="2.3"><GO type="225" lobby="0"/><UN n0="%E5%8D%A0%E3%81%84%E5%B8%AB%E8%A3%8F%E3%81%AA%E3%81%84%E3%81%97" n1="%77%72%77%72%77%72%77%72" n2="%E5%84%AA%40%41%42%43" n3="%E3%81%A4%E3%81%A3%E3%81%B1%E3%82%8A%E3%83%9D%E3%83%BC%E3%83%AB" dan="17,16,17,17" rate="2205.85,2179.28,2137.11,2177.35" sx="M,M,M,M"/><TAIKYOKU oya="0"/><BYE who="2" /><INIT seed="0,0,0,2,3,113" ten="250,250,250,250" oya="0" hai0="44,65,42,105,61,119,26,14,17,69,90,36,24" hai1="21,96,76,39,89,122,54,94,34,134,107,11,12" hai2="37,97,98,16,88,110,27,18,9,116,92,125,121" hai3="66,129,62,15,13,33,108,114,80,64,46,32,133"/><T6/><D105/><UN n2="%E5%84%AA%40%41%42%43" /><U29/><E122/><V0/><F121/><W123/><G114/><T56/><D6/><U106/><E34/><V77/><F37/><W72/><G123/><T59/><D119/><U79/><E39/><V63/><F110/><W85/><G108/><T41/><D41/><U20/><E134/><V1/><F125/><W91/><G133/><T93/><D59/><U5/><E107/><V112/><F112/><W43/><G72/><T95/><D69/><U81/><E106/><V52/><F77/><W22/><G129/><T127/><D127/><U83/><E54/><V128/><F128/><W25/><G32/><T50/><D36/><U73/><REACH who="1" step="1"/><E29/><REACH who="1" ten="250,240,250,250" step="2"/><V70/><F52/><W23/><G33/><T40/><D40/><U130/><E130/><V68/><F116/><W117/><G117/><T118/><D118/><U109/><E109/><V100/><F9/><W4/><G43/><T45/><D45/><U38/><E38/><V103/><F63/><W48/><G62/><T99/><REACH who="0" step="1"/><D95/><REACH who="0" ten="240,240,250,250" step="2"/><U58/><E58/><V120/><F120/><W49/><G46/><T51/><D51/><U101/><E101/><V71/><F103/><W126/><G126/><T53/><D53/><U47/><E47/><V124/><F124/><W74/><G48/><T7/><D7/><U60/><E60/><V35/><F68/><W2/><G49/><T84/><D84/><AGARI ba="0,2" hai="5,11,12,20,21,73,76,79,81,83,84,89,94,96" machi="84" ten="30,2000,0" yaku="1,1,7,1,53,0" doraHai="113" doraHaiUra="102" who="1" fromWho="0" sc="240,-20,240,40,250,0,250,0" /><INIT seed="1,0,0,0,4,83" ten="220,280,250,250" oya="1" hai0="71,41,128,63,80,89,110,45,91,101,42,62,38" hai1="118,3,33,108,116,34,13,19,17,20,84,53,105" hai2="39,133,55,11,30,94,50,27,67,77,130,47,92" hai3="37,102,10,99,132,59,122,69,36,28,131,12,24"/><U5/><E105/><V95/><F130/><W52/><G69/><T107/><D128/><U106/><E106/><V125/><F125/><W88/><G131/><T23/><D110/><U115/><E115/><V16/><F133/><W66/><G122/><T46/><D71/><U15/><E84/><V103/><F39/><W109/><G132/><T90/><D80/><U21/><E53/><V135/><F135/><W1/><G1/><T134/><D134/><U129/><E129/><V117/><F117/><N who="1" m="45161" /><E108/><V75/><F75/><W64/><G37/><T70/><D70/><U98/><E98/><V81/><F67/><W49/><G36/><T72/><D72/><U14/><E3/><V61/><F61/><N who="0" m="23050" /><D38/><U86/><E86/><N who="2" m="48431" /><F103/><W127/><G102/><T7/><D101/><U44/><E44/><N who="0" m="17001" /><D107/><U60/><E60/><V29/><F27/><W6/><G109/><T2/><D2/><U85/><E85/><V121/><F121/><W126/><G126/><T82/><D82/><U54/><E54/><V124/><F124/><W40/><G40/><N who="0" m="15467" /><D7/><U123/><E123/><V68/><F68/><W9/><G127/><T0/><D0/><U93/><E93/><V43/><F43/><W114/><G114/><T8/><D8/><AGARI ba="0,0" hai="5,8,13,14,15,17,19,20,21,33,34" m="45161" machi="8" ten="30,2900,0" yaku="34,2" doraHai="83" who="1" fromWho="0" sc="220,-29,280,29,250,0,250,0" /><INIT seed="1,1,0,5,4,72" ten="191,309,250,250" oya="1" hai0="8,78,4,38,85,30,16,44,12,45,130,59,82" hai1="17,105,40,52,92,54,1,94,125,121,132,35,102" hai2="24,3,51,28,9,131,97,111,88,74,98,128,65" hai3="87,95,106,43,135,46,99,60,64,122,84,79,33"/><U101/><E121/><V108/><F74/><W36/><G122/><T69/><D69/><U76/><E35/><V118/><F118/><W66/><G135/><T127/><D127/><U63/><E1/><V120/><F120/><W112/><G112/><T86/><D130/><N who="2" m="49706" /><F65/><W67/><G33/><T124/><D124/><U133/><E125/><V129/><N who="2" m="49714" /><V104/><DORA hai="126" /><F51/><W22/><G106/><T73/><D30/><U26/><E40/><V55/><F55/><N who="1" m="21033" /><E63/><V110/><F104/><W19/><G60/><T96/><D96/><U113/><E113/><V91/><F97/><W103/><REACH who="3" step="1"/><G79/><REACH who="3" ten="191,309,250,240" step="2"/><T71/><D71/><U20/><E76/><V90/><F98/><W39/><G39/><T15/><D59/><U114/><E114/><V117/><F117/><W119/><G119/><T50/><D38/><U5/><E105/><V58/><F58/><W81/><G81/><T48/><D48/><U134/><E132/><V93/><F93/><W42/><G42/><T6/><D44/><U77/><E77/><V37/><F37/><W75/><G75/><T41/><REACH who="0" step="1"/><D4/><REACH who="0" ten="181,309,250,240" step="2"/><U116/><E5/><N who="2" m="1215" /><F108/><W34/><G34/><AGARI ba="1,2" hai="24,28,34,88,90,91,110,111" m="1215,49714" machi="34" ten="50,12000,2" yaku="19,1,52,4,54,1" doraHai="72,126" who="2" fromWho="3" sc="181,0,309,0,250,143,240,-123" /><INIT seed="2,0,0,5,2,135" ten="181,309,393,117" oya="2" hai0="39,84,119,66,14,109,24,98,23,58,77,63,1" hai1="90,60,108,17,65,86,13,111,129,46,29,52,130" hai2="127,56,30,40,101,125,117,37,82,2,104,64,107" hai3="5,94,44,115,99,11,18,132,38,31,4,102,83"/><V100/><F117/><W3/><G132/><T32/><D1/><U81/><E29/><V79/><F2/><W124/><G115/><T45/><D119/><U89/><E89/><V59/><F30/><W133/><G133/><T85/><D109/><N who="1" m="42059" /><E65/><V50/><F37/><W9/><G31/><T114/><D114/><U68/><E68/><V19/><F19/><W75/><G18/><T35/><D35/><U49/><E60/><V126/><F64/><W48/><G11/><AGARI ba="0,0" hai="11,13,17,46,49,52,81,86,90,129,130" m="42059" machi="11" ten="30,3900,0" yaku="25,1,14,1,54,1" doraHai="135" who="1" fromWho="3" sc="181,0,309,39,393,0,117,-39" /><INIT seed="3,0,0,5,3,114" ten="181,348,393,78" oya="3" hai0="47,84,50,78,69,119,118,3,15,61,9,67,46" hai1="113,24,100,19,129,99,59,112,29,65,81,116,55" hai2="53,123,32,91,71,8,101,109,121,128,88,127,17" hai3="72,4,12,134,40,105,82,43,35,86,94,97,23"/><W41/><G134/><T10/><D3/><U115/><E129/><V89/><F109/><W5/><G35/><T39/><D39/><U37/><E37/><V76/><F128/><W34/><G34/><T77/><D9/><U54/><E81/><V104/><F32/><W68/><G68/><T57/><D69/><U110/><E110/><V13/><F71/><W111/><G72/><T95/><D119/><U107/><E19/><V51/><F76/><N who="0" m="29290" /><D118/><U11/><E11/><V63/><F63/><W42/><N who="3" m="10240" /><DORA hai="48" /><W21/><G105/><T66/><D66/><U83/><E83/><V7/><F127/><W33/><G33/><T64/><D64/><U58/><E116/><V131/><F131/><W125/><G125/><T122/><D50/><U36/><E36/><V126/><F126/><W117/><G117/><T45/><D122/><N who="2" m="46602" /><F101/><N who="3" m="60599" /><G111/><T14/><D10/><U31/><E65/><V44/><F104/><W130/><G130/><T96/><D84/><U79/><E79/><V102/><F102/><AGARI ba="0,0" hai="14,15,45,46,47,57,61,67,95,96,102" m="29290" machi="102" ten="30,1000,0" yaku="8,1" doraHai="114,48" who="0" fromWho="2" sc="181,10,348,0,393,-10,78,0" owari="191,-20.9,348,14.8,383,48.3,78,-42.2" /></mjloggm>