<mjloggm ver="2.3"><GO type="225" lobby="0"/><UN n0="%E9%BB%99%E8%81%B4%E3%81%AE%E3%81%99%E3%82%9D%E3%82%81" n1="%E6%98%93%E5%88%A9%E8%96%A9%E4%BC%AF" n2="%E4%BF%BA%E3%81%A8%E5%A6%96%E5%A4%A2" n3="%28%EF%BF%A3%E2%96%BD%EF%BF%A3%29%CE%B4%E2%8C%92%E3%83%BB" dan="16,17,16,17" rate="2143.84,2203.21,2208.30,2295.49" sx="M,F,F,M"/><TAIKYOKU oya="0"/><INIT seed="0,0,0,4,0,90" ten="250,250,250,250" oya="0" hai0="65,29,70,36,131,114,135,116,72,88,49,31,41" hai1="108,119,51,85,112,57,2,43,75,103,77,48,0" hai2="16,126,120,102,59,3,110,25,105,9,111,123,121" hai3="4,98,20,104,82,67,93,78,64,34,76,55,19"/><T109/><D114/><U100/><E119/><V15/><F105/><W69/><G34/><T58/><D116/><U61/><E108/><N who="2" m="41515" /><F102/><W84/><G104/><T106/><D72/><U52/><E75/><V42/><F42/><W39/><G39/><T47/><D109/><U30/><E112/><V14/><F59/><W127/><G127/><T125/><D106/><U83/><E30/><V95/><F126/><W92/><G98/><T28/><D125/><U134/><E134/><V86/><F86/><N who="3" m="48455" /><G4/><T97/><D135/><U79/><E79/><V44/><F95/><N who="3" m="36427" /><G69/><T115/><D115/><U66/><E2/><V53/><F53/><W8/><G8/><T33/><D33/><U26/><E0/><V56/><F3/><W46/><G46/><T37/><D37/><U73/><E73/><V13/><F44/><W5/><G5/><T117/><D117/><U6/><E6/><N who="2" m="3255" /><F56/><W99/><G55/><T89/><D36/><U122/><E122/><V87/><F87/><W40/><G40/><T118/><D70/><U128/><E128/><V133/><F133/><W129/><G99/><T24/><D131/><U22/><E43/><V81/><F81/><N who="3" m="47159" /><G129/><T10/><D118/><U107/><E107/><V7/><F7/><W12/><AGARI ba="0,0" hai="12,19,20,64,67" m="47159,36427,48455" machi="12" ten="30,7900,0" yaku="8,1,52,3" doraHai="90" who="3" fromWho="3" sc="250,-39,250,-20,250,-20,250,79" /><INIT seed="1,0,0,4,5,7" ten="211,230,230,329" oya="1" hai0="28,16,72,112,68,30,116,25,47,52,77,127,99" hai1="123,5,20,105,57,41,59,110,78,48,92,102,27" hai2="9,63,6,101,35,90,61,124,39,85,86,50,118" hai3="83,120,113,114,38,36,66,133,44,26,8,126,54"/><U51/><E123/><V135/><F118/><W109/><G120/><T14/><D112/><U75/><E105/><V65/><F39/><W76/><G66/><T46/><D68/><U3/><E110/><V87/><F35/><W40/><G38/><T96/><D116/><U122/><E122/><V80/><F135/><W29/><G54/><T128/><D128/><U97/><E75/><V84/><F124/><W73/><G126/><T104/><D127/><U15/><E3/><V69/><F101/><W121/><G109/><T91/><D72/><U79/><E51/><V11/><F6/><W131/><G131/><T42/><D77/><U43/><E79/><V64/><REACH who="2" step="1"/><F50/><REACH who="2" ten="211,230,220,329" step="2"/><W1/><G133/><T55/><D104/><U45/><E43/><V62/><F62/><W2/><G121/><T60/><D60/><U23/><E78/><V0/><F0/><W70/><G1/><T107/><D107/><U100/><E100/><V74/><F74/><W94/><G114/><T111/><D111/><U71/><E71/><AGARI ba="0,1" hai="9,11,61,63,64,65,69,71,80,84,85,86,87,90" machi="71" ten="40,8000,1" yaku="1,1,9,1,52,2,53,0" doraHai="7" doraHaiUra="37" who="2" fromWho="1" sc="211,0,230,-80,220,90,329,0" /><INIT seed="2,0,0,1,0,41" ten="211,150,310,329" oya="2" hai0="44,115,88,76,83,67,96,9,133,3,26,93,54" hai1="102,85,39,11,58,131,66,55,32,79,99,104,21" hai2="20,75,61,116,53,48,125,105,114,12,124,27,7" hai3="62,135,117,126,106,70,60,37,120,71,36,8,121"/><V63/><F114/><W80/><G106/><T69/><D133/><U33/><E131/><V23/><F116/><W30/><G80/><T129/><D129/><U123/><E123/><N who="3" m="47178" /><G8/><T34/><D115/><U118/><E118/><V130/><F130/><W86/><G86/><T49/><D69/><N who="3" m="26121" /><G30/><T46/><D67/><U35/><E39/><N who="3" m="14922" /><G117/><T87/><D34/><U90/><E66/><V15/><F105/><W107/><G107/><T78/><D26/><U29/><E11/><N who="2" m="4223" /><F75/><W57/><G135/><T72/><D72/><U127/><E127/><N who="2" m="48715" /><F15/><W89/><G89/><T100/><REACH who="0" step="1"/><D46/><REACH who="0" ten="201,150,310,329" step="2"/><U1/><E33/><V112/><F112/><W16/><G126/><T109/><D109/><U122/><E35/><V40/><F27/><W128/><G128/><T64/><D64/><U91/><E32/><V19/><F20/><W50/><G57/><T43/><D43/><U18/><E122/><V28/><F40/><W110/><G110/><T73/><D73/><U31/><E31/><V38/><F28/><W6/><G62/><T92/><D92/><U42/><E29/><V95/><F95/><W132/><G60/><T98/><D98/><U5/><E42/><V68/><F63/><W56/><G132/><T22/><D22/><U101/><E21/><V45/><F61/><W24/><G56/><T52/><D52/><U17/><E58/><V25/><F68/><W14/><G24/><T13/><D13/><U111/><E111/><V94/><F94/><W10/><G6/><AGARI ba="0,1" hai="3,6,9,44,49,54,76,78,83,87,88,93,96,100" machi="6" ten="40,8000,1" yaku="1,1,52,1,54,1,53,1" doraHai="41" doraHaiUra="97" who="0" fromWho="3" sc="201,90,150,0,310,0,329,-80" /><INIT seed="3,0,0,2,0,123" ten="291,150,310,249" oya="3" hai0="80,106,76,47,34,23,66,77,33,101,114,59,16" hai1="30,67,35,95,90,91,93,22,105,118,58,129,27" hai2="122,88,17,132,43,73,83,84,13,26,50,72,121" hai3="14,99,40,39,128,96,135,78,32,69,92,104,37"/><W6/><G32/><T79/><D114/><U3/><E105/><V24/><F132/><W28/><G69/><T31/><D31/><U57/><E3/><V0/><F0/><W21/><G28/><T7/><D7/><U65/><E129/><V102/><F102/><W19/><G6/><T54/><D66/><U109/><E118/><V120/><F50/><W131/><G135/><T10/><D10/><U29/><E35/><V125/><F43/><W36/><G78/><T48/><D34/><U25/><E22/><N who="2" m="11567" /><F125/><W100/><REACH who="3" step="1"/><G40/><REACH who="3" ten="291,150,310,239" step="2"/><N who="0" m="24679" /><D33/><U62/><REACH who="1" step="1"/><E62/><REACH who="1" ten="291,140,310,239" step="2"/><V1/><F1/><W85/><G85/><N who="0" m="48263" /><D106/><U8/><E8/><V18/><F122/><W119/><G119/><T46/><D101/><AGARI ba="0,2" hai="14,19,21,36,37,39,92,96,99,100,101,104,128,131" machi="101" ten="50,4800,0" yaku="1,1,53,1" doraHai="123" doraHaiUra="103" who="3" fromWho="0" sc="291,-48,140,0,310,0,239,68" /><INIT seed="3,1,0,5,1,119" ten="243,140,310,307" oya="3" hai0="51,35,113,106,42,50,87,107,46,33,102,9,45" hai1="56,32,23,55,36,31,27,111,48,10,78,70,100" hai2="65,30,108,69,84,134,129,122,40,5,16,22,71" hai3="123,43,54,86,37,38,62,118,28,61,115,4,63"/><W29/><G118/><T64/><D113/><U77/><E111/><V96/><F108/><W103/><G115/><T131/><D131/><U101/><E70/><V79/><F129/><W34/><G103/><T13/><D64/><U116/><E116/><V82/><F134/><W93/><G4/><T94/><D87/><U25/><E36/><V6/><F30/><W130/><G130/><T52/><D94/><U74/><E10/><V133/><F133/><W124/><G54/><T99/><REACH who="0" step="1"/><D107/><REACH who="0" ten="233,140,310,307" step="2"/><U132/><E132/><V2/><F65/><W24/><G93/><T7/><AGARI ba="1,1" hai="7,9,13,33,35,42,45,46,50,51,52,99,102,106" machi="7" ten="20,8000,1" yaku="1,1,2,1,0,1,7,1,54,1,53,0" doraHai="119" doraHaiUra="67" who="0" fromWho="0" sc="233,93,140,-21,310,-21,307,-41" owari="326,42.6,119,-38.1,289,8.9,266,-13.4" /></mjloggm>