<mjloggm ver="2.3"><GO type="225" lobby="0"/><UN n0="%E3%83%96%E3%83%83%E3%83%91%E3%82%AA%E3%83%96%E3%83%81%E3%82%AD%E3%83%B3" n1="%E5%91%A8%E6%9D%B1" n2="%E6%A1%9C%E8%8A%B1%E9%96%83%E3%80%85" n3="%E6%98%93%E5%88%A9%E8%96%A9%E4%BC%AF" dan="16,16,17,17" rate="2163.77,2190.04,2251.68,2143.19" sx="M,M,M,F"/><TAIKYOKU oya="0"/><INIT seed="0,0,0,3,1,29" ten="250,250,250,250" oya="0" hai0="72,38,79,101,30,131,40,15,132,135,50,80,61" hai1="49,103,89,121,108,91,106,56,55,34,43,45,119" hai2="44,36,124,75,69,81,9,100,37,62,76,39,128" hai3="1,114,64,54,11,94,17,28,95,12,23,20,87"/><T63/><D38/><U22/><E119/><V104/><F124/><W84/><G114/><T33/><D101/><U26/><E121/><V59/><F59/><W105/><G105/><T48/><D15/><U58/><E108/><V73/><F128/><W97/><G64/><T78/><D131/><U102/><E34/><V109/><F109/><W92/><G97/><T7/><D7/><U123/><E123/><V8/><F75/><W82/><G1/><T3/><D3/><U113/><E113/><V116/><F116/><W47/><G28/><T99/><D99/><U86/><E58/><V42/><F8/><W134/><G134/><N who="0" m="51243" /><D79/><U70/><E70/><V98/><REACH who="2" step="1"/><F9/><REACH who="2" ten="250,250,240,250" step="2"/><W52/><G87/><T115/><D115/><U122/><E122/><V4/><F4/><W117/><G117/><T65/><D40/><U129/><E129/><V71/><F71/><W74/><G74/><T25/><D63/><U18/><E86/><V27/><F27/><W83/><G84/><T6/><D6/><U13/><E26/><V111/><F111/><W57/><G54/><T41/><D41/><U118/><E118/><V127/><F127/><W35/><G52/><T19/><D19/><U68/><E68/><AGARI ba="0,1" hai="25,30,33,48,50,61,65,68,72,78,80" m="51243" machi="68" ten="30,2900,0" yaku="20,1,52,1" doraHai="29" who="0" fromWho="1" sc="250,39,250,-29,240,0,250,0" /><INIT seed="0,1,0,1,2,11" ten="289,221,240,250" oya="0" hai0="101,39,12,27,128,132,1,82,51,31,59,46,100" hai1="3,47,103,92,37,93,50,116,94,110,41,52,32" hai2="130,4,108,78,74,91,62,5,53,18,29,55,80" hai3="10,38,61,48,42,23,66,118,13,49,120,75,89"/><T113/><D113/><U77/><E116/><V102/><F108/><W65/><G75/><T104/><D1/><U109/><E3/><V22/><F130/><W33/><G33/><T119/><D119/><U86/><E32/><V114/><F114/><W44/><G118/><T6/><D128/><U85/><E103/><N who="0" m="39497" /><D39/><U14/><E77/><V57/><F29/><W25/><G120/><T122/><D104/><U87/><REACH who="1" step="1"/><E14/><REACH who="1" ten="289,211,240,250" step="2"/><V24/><F102/><W40/><G13/><T34/><D12/><U70/><E70/><V30/><F91/><W16/><G89/><T26/><D34/><U8/><E8/><V133/><F133/><W56/><G10/><T90/><D132/><U15/><E15/><V123/><F123/><W19/><G38/><T2/><D90/><U45/><AGARI ba="1,1" hai="37,41,45,47,50,52,85,86,87,92,93,94,109,110" machi="45" ten="40,8000,1" yaku="1,1,0,1,54,1,53,1" doraHai="11" doraHaiUra="68" who="1" fromWho="1" sc="289,-41,211,93,240,-21,250,-21" /><INIT seed="1,0,0,0,3,132" ten="248,304,219,229" oya="1" hai0="0,105,51,46,107,82,29,129,54,47,119,79,117" hai1="10,26,62,76,72,20,94,63,33,115,92,53,87" hai2="69,13,23,122,3,121,89,97,27,77,75,64,74" hai3="32,123,42,98,73,36,91,88,81,21,50,18,1"/><U22/><E115/><V111/><F3/><W6/><G32/><T37/><D129/><U134/><E33/><V58/><F69/><W110/><G123/><T106/><D29/><U28/><E134/><V39/><F39/><W49/><G110/><T14/><D0/><U133/><E133/><V103/><F111/><W101/><G50/><T7/><D7/><U99/><E72/><V112/><F89/><W41/><G49/><T4/><D14/><U44/><E10/><V5/><F112/><W86/><G73/><T34/><D4/><U48/><E20/><V126/><F126/><W12/><G91/><T45/><D34/><U128/><E128/><V57/><F57/><W71/><G71/><T85/><REACH who="0" step="1"/><D37/><REACH who="0" ten="238,304,219,229" step="2"/><U61/><E28/><N who="2" m="17535" /><F13/><W8/><REACH who="3" step="1"/><G36/><REACH who="3" ten="238,304,219,219" step="2"/><T70/><D70/><U96/><E26/><V56/><F122/><W19/><G19/><T43/><D43/><U127/><E48/><V78/><F121/><W9/><G9/><T65/><D65/><U102/><E62/><V95/><F5/><W35/><G35/><T25/><D25/><U114/><E61/><N who="2" m="37927" /><F58/><AGARI ba="0,2" hai="45,46,47,51,54,58,79,82,85,105,106,107,117,119" machi="58" ten="50,1600,0" yaku="1,1,53,0" doraHai="132" doraHaiUra="67" who="0" fromWho="2" sc="238,36,304,0,219,-16,219,0" /><INIT seed="2,0,0,5,3,104" ten="274,304,203,219" oya="2" hai0="73,61,57,3,113,75,101,5,54,23,122,13,60" hai1="11,31,100,118,29,107,109,21,24,26,44,108,53" hai2="132,93,129,52,4,83,62,16,40,59,131,123,7" hai3="120,49,15,0,27,64,67,105,124,79,112,99,25"/><V71/><F123/><W34/><G0/><T37/><D122/><U43/><E118/><V9/><F132/><W134/><G120/><T41/><D113/><U48/><E11/><V91/><F71/><W10/><G134/><T28/><D101/><U89/><E89/><V33/><F33/><W80/><G124/><T36/><D3/><U1/><E1/><V70/><F70/><W8/><G8/><T106/><D106/><U76/><E76/><V92/><F40/><W125/><G125/><T114/><D114/><U130/><E130/><N who="2" m="49675" /><F83/><W12/><G12/><T45/><D37/><U65/><E65/><V78/><F78/><W42/><G112/><T127/><D127/><U119/><E119/><V87/><F93/><W110/><G110/><N who="1" m="42602" /><E107/><V102/><F102/><W116/><G116/><T51/><D5/><U58/><E100/><V85/><F85/><W32/><G32/><T50/><D36/><N who="1" m="21607" /><E26/><V77/><F77/><W2/><G27/><T39/><D39/><U17/><AGARI ba="0,0" hai="17,21,24,29,31,48,53,58" m="21607,42602" machi="17" ten="30,1100,0" yaku="14,1" doraHai="104" who="1" fromWho="1" sc="274,-3,304,11,203,-5,219,-3" /><INIT seed="3,0,0,0,5,110" ten="271,315,198,216" oya="3" hai0="115,33,92,43,123,19,113,40,117,79,99,46,42" hai1="130,8,88,72,76,18,78,71,27,93,80,62,133" hai2="68,49,64,56,103,108,109,0,26,106,1,134,24" hai3="59,58,5,86,52,35,2,9,89,94,112,3,75"/><W82/><G35/><T111/><D117/><U81/><E130/><V4/><F134/><W83/><G112/><N who="0" m="43083" /><D111/><N who="2" m="42570" /><F49/><W28/><G28/><T135/><D135/><U32/><E133/><V69/><F56/><W29/><G29/><T38/><D123/><U10/><E32/><V85/><F85/><W124/><G124/><T47/><D33/><U63/><E71/><N who="2" m="27211" /><F64/><W45/><G3/><N who="2" m="1097" /><F4/><W67/><G67/><T31/><D31/><U96/><E62/><V122/><F122/><W44/><G59/><T70/><D70/><U105/><E63/><V119/><F119/><W30/><G30/><T66/><D66/><U84/><E84/><V21/><F21/><W34/><G34/><T102/><D47/><U54/><E8/><V17/><F17/><W12/><G2/><T23/><D79/><U128/><E76/><V16/><F16/><W22/><G22/><T98/><D98/><U73/><E96/><V91/><F91/><W61/><REACH who="3" step="1"/><G75/><REACH who="3" ten="271,315,198,206" step="2"/><T120/><D120/><U14/><E73/><V101/><F106/><W6/><G6/><T15/><AGARI ba="0,1" hai="15,19,23,38,40,42,43,46,92,99,102" m="43083" machi="15" ten="30,7900,0" yaku="11,1,52,3" doraHai="110" who="0" fromWho="0" sc="271,89,315,-20,198,-20,206,-39" owari="360,46.0,295,9.5,178,-22.2,167,-33.3" /></mjloggm>