<mjloggm ver="2.3"><GO type="225" lobby="0"/><UN n0="%E3%82%A2%E3%83%9E%E3%83%9D%EF%BD%9E%EF%BD%9E%E3%83%A9" n1="%E3%81%BF%E3%81%BF%E3%81%9A" n2="%E6%81%A5%E6%99%92%E3%81%97" n3="%E8%B7%AF%E9%9C%B8" dan="17,18,16,17" rate="2034.17,2238.48,2091.20,2116.35" sx="M,M,M,M"/><TAIKYOKU oya="0"/><INIT seed="0,0,0,2,0,25" ten="250,250,250,250" oya="0" hai0="133,42,38,118,22,67,126,24,79,81,71,70,128" hai1="9,16,2,111,32,66,84,29,11,117,104,92,90" hai2="101,21,119,50,97,115,14,134,68,110,93,65,102" hai3="131,98,78,37,36,100,99,20,113,7,129,106,61"/><T43/><D118/><U13/><E117/><V132/><F119/><W52/><G113/><T0/><D126/><U86/><E111/><V28/><F115/><W59/><G7/><T103/><D103/><U91/><E104/><V130/><F110/><W45/><G78/><T44/><D128/><N who="3" m="49225" /><G98/><T51/><D0/><U88/><E66/><V63/><F50/><N who="3" m="28751" /><G20/><T26/><D26/><U60/><E60/><V58/><F130/><W49/><G49/><T73/><D133/><N who="2" m="51306" /><F14/><W121/><G121/><T108/><D108/><U6/><E32/><V48/><F102/><W1/><G1/><T5/><D5/><U15/><E2/><V30/><F21/><W27/><G27/><T85/><D73/><U47/><E47/><V35/><F35/><W23/><G23/><T72/><D72/><U107/><E107/><V34/><F34/><W41/><G41/><T4/><D4/><U80/><E91/><V18/><F18/><W3/><G3/><T75/><D75/><U96/><E96/><V89/><F101/><W94/><G106/><T69/><D43/><U122/><E122/><V114/><F114/><W87/><G87/><T123/><D123/><U116/><E116/><V10/><F10/><W112/><G112/><T105/><D105/><U77/><E77/><V120/><F120/><W83/><G83/><T55/><D51/><U57/><E57/><V124/><F124/><W40/><G40/><T46/><D42/><U54/><E54/><AGARI ba="0,0" hai="28,30,48,54,58,63,65,68,89,93,97" m="51306" machi="54" ten="30,3900,0" yaku="20,1,52,2" doraHai="25" who="2" fromWho="1" sc="250,0,250,-39,250,39,250,0" /><AGARI ba="0,0" hai="36,37,54,59,61,94,99,100" m="28751,49225" machi="54" ten="30,2000,0" yaku="19,1,54,1" doraHai="25" who="3" fromWho="1" sc="250,0,211,-20,289,0,250,20" /><INIT seed="1,0,0,5,1,30" ten="250,191,289,270" oya="1" hai0="60,34,89,45,48,42,90,0,109,71,81,21,31" hai1="94,96,91,13,54,87,44,53,12,103,23,97,119" hai2="78,19,39,82,59,84,110,11,112,36,41,63,111" hai3="101,35,129,67,120,73,132,4,55,56,114,79,86"/><U133/><E119/><V99/><F112/><W9/><G120/><T26/><D109/><N who="2" m="41482" /><F41/><W124/><G114/><T125/><D125/><U8/><E133/><V105/><F11/><W98/><G124/><T43/><D43/><U52/><E23/><V85/><F85/><W58/><G132/><T100/><D0/><U123/><E123/><V24/><F105/><W50/><G35/><T118/><D118/><U135/><E135/><V62/><F99/><W49/><G73/><T5/><D5/><U121/><E121/><V47/><F47/><W6/><G129/><T106/><D81/><U65/><E65/><N who="2" m="39135" /><F63/><W10/><G86/><T127/><D21/><AGARI ba="0,0" hai="19,21,24,36,39,78,82,84" m="39135,41482" machi="21" ten="30,1000,0" yaku="14,1" doraHai="30" who="2" fromWho="0" sc="250,-10,191,0,289,10,270,0" /><INIT seed="2,0,0,1,2,108" ten="240,191,299,270" oya="2" hai0="46,70,47,65,63,24,31,3,35,55,132,26,7" hai1="36,81,61,52,89,95,25,15,116,133,1,68,90" hai2="30,10,106,43,110,107,80,85,45,73,74,119,4" hai3="64,98,62,58,59,29,122,40,83,57,48,126,99"/><V128/><F119/><W53/><G122/><T115/><D115/><U20/><E116/><V11/><F30/><W42/><G126/><T72/><D72/><U38/><E1/><V0/><F128/><W124/><G124/><T33/><D132/><U91/><E133/><V121/><F121/><W87/><G29/><T127/><D127/><U88/><E15/><V14/><F110/><W23/><G23/><T56/><D35/><U111/><E111/><V39/><F74/><W12/><G12/><T131/><D26/><U123/><E123/><V32/><F32/><W114/><G114/><T125/><D131/><U109/><E109/><V112/><F112/><W82/><G59/><T9/><REACH who="0" step="1"/><D125/><REACH who="0" ten="230,191,299,270" step="2"/><U21/><E21/><V105/><F73/><W37/><G37/><T28/><D28/><U60/><E68/><V118/><F118/><W104/><G104/><T16/><D16/><N who="1" m="12423" /><E81/><V67/><F107/><W6/><G83/><T5/><D5/><U19/><E19/><V13/><F106/><W96/><REACH who="3" step="1"/><G6/><REACH who="3" ten="230,191,299,260" step="2"/><T92/><D92/><U2/><E2/><V117/><F105/><W77/><AGARI ba="0,2" hai="40,42,48,53,57,58,62,64,77,82,87,96,98,99" machi="77" ten="30,7900,0" yaku="1,1,2,1,0,1,8,1,53,0" doraHai="108" doraHaiUra="8" who="3" fromWho="3" sc="230,-20,191,-20,299,-39,260,99" /><INIT seed="3,0,0,0,4,97" ten="210,171,260,359" oya="3" hai0="43,103,66,56,88,33,24,133,83,50,25,62,112" hai1="39,95,17,121,93,135,80,91,87,125,71,59,65" hai2="89,70,134,118,123,73,126,85,132,41,105,114,98" hai3="1,13,47,23,11,26,100,107,113,122,101,79,55"/><W57/><G122/><T68/><D133/><N who="2" m="51306" /><F41/><W0/><G113/><T127/><D127/><U40/><E135/><V21/><F70/><W120/><G120/><T4/><D112/><U10/><E121/><V29/><F21/><W3/><G79/><T22/><D4/><U52/><E125/><V104/><F29/><W12/><G107/><T49/><D68/><U15/><E71/><V48/><F48/><N who="0" m="18538" /><D33/><U67/><E40/><V69/><F123/><W86/><G86/><N who="0" m="50271" /><D43/><U119/><E39/><V75/><F105/><W99/><G47/><T131/><D131/><U102/><E119/><V116/><F126/><W60/><G99/><T115/><D115/><U2/><E2/><V9/><F69/><W18/><REACH who="3" step="1"/><G12/><REACH who="3" ten="210,171,260,349" step="2"/><T54/><D25/><U46/><E46/><V124/><F124/><W16/><AGARI ba="0,1" hai="0,1,3,11,13,16,18,23,26,55,57,60,100,101" machi="16" ten="30,18000,2" yaku="1,1,2,1,0,1,52,2,54,1,53,0" doraHai="97" doraHaiUra="76" who="3" fromWho="3" sc="210,-60,171,-60,260,-60,349,190" owari="150,-25.0,111,-38.9,200,0.0,539,63.9" /></mjloggm>