<mjloggm ver="2.3"><GO type="225" lobby="0"/><UN n0="%E3%83%81%E3%83%83%E3%82%BF%E3%82%BD%E3%83%BC" n1="%E6%9D%B1%E9%A2%A8%E3%81%AE%E3%81%8D%E3%82%83%E3%81%B7%E3%81%95%E3%82%93" n2="%E3%81%BF%E3%81%BF%E3%81%9A" n3="%E3%81%AD%E3%82%80%E3%81%84%40%E9%9B%80%E9%B3%B4%E4%BC%9A" dan="17,16,17,16" rate="2227.64,2183.29,2256.26,2195.17" sx="F,M,M,F"/><TAIKYOKU oya="0"/><INIT seed="0,0,0,3,3,53" ten="250,250,250,250" oya="0" hai0="27,5,133,6,46,134,67,105,79,117,81,108,83" hai1="2,80,75,103,1,8,125,97,26,7,86,16,47" hai2="88,96,29,127,130,48,13,63,91,82,58,101,92" hai3="93,61,10,70,121,12,50,41,34,116,44,18,72"/><T25/><D117/><U66/><E125/><V85/><F127/><W106/><G106/><T32/><D105/><U60/><E75/><V114/><F130/><W40/><G116/><T76/><D67/><U57/><E47/><V84/><F114/><W135/><G72/><T109/><REACH who="0" step="1"/><D46/><REACH who="0" ten="240,250,250,250" step="2"/><U54/><E66/><N who="2" m="39287" /><F29/><W45/><G44/><T20/><D20/><U14/><E26/><V78/><F48/><W123/><G50/><T64/><D64/><U62/><E62/><V94/><F13/><W30/><G45/><T56/><D56/><U49/><E49/><V71/><F71/><W33/><G70/><T17/><D17/><U59/><E59/><V35/><F35/><AGARI ba="0,1" hai="5,6,25,27,32,35,76,79,81,83,108,109,133,134" machi="35" ten="25,4800,0" yaku="1,1,22,2,53,0" doraHai="53" doraHaiUra="52" who="0" fromWho="2" sc="240,58,250,0,250,-48,250,0" /><INIT seed="0,1,0,4,1,27" ten="298,250,202,250" oya="0" hai0="37,18,105,106,89,44,42,62,43,119,73,82,120" hai1="10,90,30,60,104,13,133,3,6,16,45,81,59" hai2="78,91,41,47,111,24,88,99,79,75,7,70,29" hai3="50,68,34,40,98,80,64,26,122,134,95,4,135"/><T25/><D120/><U14/><E104/><V15/><F70/><W84/><G4/><T86/><D119/><U114/><E114/><V131/><F111/><W83/><G64/><T31/><D18/><U53/><E133/><N who="3" m="50698" /><G68/><T117/><D117/><U130/><E130/><V38/><F131/><W5/><G5/><T123/><D123/><U28/><E45/><V56/><F56/><W109/><G109/><T57/><D42/><U74/><E3/><V77/><F75/><W118/><G118/><T61/><D61/><U11/><REACH who="1" step="1"/><E74/><REACH who="1" ten="298,240,202,250" step="2"/><V93/><F7/><W126/><G122/><T20/><REACH who="0" step="1"/><D73/><REACH who="0" ten="288,240,202,250" step="2"/><U132/><E132/><V17/><F17/><W97/><G40/><T101/><D101/><U1/><E1/><V96/><F15/><W121/><G121/><T100/><D100/><U35/><E35/><V116/><F116/><W63/><G34/><T19/><D19/><U2/><E2/><V128/><F128/><W71/><G63/><T124/><D124/><U112/><E112/><V55/><BYE who="1" /><F55/><AGARI ba="1,2" hai="20,25,31,37,43,44,55,57,62,82,86,89,105,106" machi="55" ten="30,5800,0" yaku="1,1,7,1,52,1,53,0" doraHai="27" doraHaiUra="129" who="0" fromWho="2" sc="288,81,240,0,202,-61,250,0" /><UN n1="%E6%9D%B1%E9%A2%A8%E3%81%AE%E3%81%8D%E3%82%83%E3%81%B7%E3%81%95%E3%82%93" /><INIT seed="0,2,0,4,5,79" ten="369,240,141,250" oya="0" hai0="107,49,12,61,97,106,35,51,60,111,83,50,99" hai1="129,118,100,24,75,127,29,64,53,16,86,7,95" hai2="63,62,126,82,104,17,37,103,36,33,58,70,31" hai3="128,120,43,66,88,13,84,74,87,117,125,115,93"/><T113/><D113/><U57/><E75/><V56/><F126/><W121/><G115/><T54/><D35/><U39/><E39/><V3/><F3/><W25/><G117/><T134/><D134/><U11/><E118/><V47/><F17/><W105/><G74/><T1/><D1/><U130/><E127/><V80/><F70/><W71/><G125/><T122/><D122/><N who="3" m="47209" /><G105/><T18/><D54/><U78/><E64/><V110/><F110/><W96/><G128/><N who="1" m="49258" /><E100/><V92/><F104/><W124/><G124/><T68/><D68/><U5/><E29/><V108/><F108/><W133/><G133/><T72/><D111/><U41/><E41/><V42/><F37/><W14/><G25/><T34/><D34/><U38/><E38/><V116/><F116/><W109/><G43/><T15/><D51/><U4/><E95/><V90/><F103/><W73/><G73/><T69/><D69/><U46/><E46/><V94/><F94/><W114/><G114/><T26/><D72/><U67/><E67/><V0/><F0/><W123/><N who="3" m="47217" /><W98/><DORA hai="48" /><G109/><T44/><D44/><U119/><E119/><V101/><F101/><W89/><G66/><T10/><D106/><U102/><E102/><V28/><F33/><W76/><G71/><T85/><D107/><U27/><E86/><N who="3" m="32810" /><G76/><T30/><D97/><U21/><E78/><V19/><F92/><AGARI ba="2,0" hai="13,14,88,89,92,93,96,98" m="32810,47217" machi="92" ten="40,2600,0" yaku="13,1,54,1" doraHai="79,48" who="3" fromWho="2" sc="369,0,240,0,141,-32,250,32" /><INIT seed="1,0,0,1,2,95" ten="369,240,109,282" oya="1" hai0="41,62,126,67,89,31,111,114,107,100,88,108,21" hai1="3,26,113,75,18,1,127,76,80,22,134,10,8" hai2="43,96,135,74,128,49,77,57,12,33,20,72,94" hai3="56,39,48,65,16,24,45,14,121,91,109,66,27"/><U131/><E113/><V119/><F33/><W103/><G121/><T2/><D126/><U53/><E127/><V44/><F119/><W130/><G39/><T11/><D114/><U0/><E134/><V5/><F135/><W78/><G109/><N who="0" m="42059" /><D41/><U71/><E131/><V36/><F128/><W58/><G130/><T19/><D31/><U129/><E129/><V82/><F57/><N who="3" m="22123" /><G78/><T52/><D52/><U29/><E71/><V69/><F69/><W104/><G104/><T118/><D118/><U115/><E115/><V120/><F120/><W101/><G91/><T35/><D35/><U68/><E68/><V85/><F36/><W9/><G66/><T38/><D38/><U87/><E53/><V30/><F30/><W7/><G65/><T112/><D112/><U132/><E132/><V122/><F122/><W84/><G84/><T23/><D62/><U70/><E70/><V106/><F106/><W47/><G47/><T28/><D67/><U99/><E87/><V124/><F124/><W81/><G81/><T25/><D2/><U64/><E64/><V60/><F60/><W125/><G125/><T46/><D46/><U17/><REACH who="1" step="1"/><E99/><REACH who="1" ten="369,230,109,282" step="2"/><V54/><F54/><W73/><G73/><T105/><D25/><U61/><E61/><V93/><F93/><W51/><G27/><T59/><D107/><U133/><E133/><V90/><REACH who="2" step="1"/><F20/><REACH who="2" ten="369,230,99,282" step="2"/><N who="3" m="13319" /><G45/><T102/><D105/><U117/><E117/><V97/><F97/><W50/><AGARI ba="0,2" hai="7,9,14,48,50,51,101,103" m="13319,22123" machi="50" ten="30,2000,0" yaku="8,1,54,1" doraHai="95" who="3" fromWho="3" sc="369,-5,230,-10,99,-5,282,40" /><INIT seed="2,0,0,1,0,20" ten="364,220,94,322" oya="2" hai0="7,121,68,114,113,101,44,91,120,95,97,23,40" hai1="133,17,6,64,61,0,49,47,71,73,27,105,100" hai2="106,31,117,62,15,102,60,77,111,129,103,58,86" hai3="115,108,19,55,24,112,69,9,12,53,4,38,48"/><V81/><F117/><W124/><G38/><T72/><D72/><U32/><E133/><V1/><F1/><W134/><G69/><T98/><D68/><U14/><E73/><V67/><F129/><W125/><G108/><T52/><D7/><U57/><E57/><V43/><F111/><W135/><G4/><T80/><D52/><N who="3" m="20041" /><G48/><T37/><D23/><U104/><E100/><V78/><F106/><W96/><G96/><T35/><D35/><U109/><E109/><V21/><F60/><W82/><G82/><T28/><D28/><U41/><E6/><V29/><F78/><W42/><G42/><T116/><D116/><U85/><E85/><V110/><F43/><W59/><G59/><T63/><D63/><U18/><E0/><V123/><F123/><W132/><G24/><T3/><D3/><U126/><E126/><AGARI ba="0,0" hai="9,12,19,112,115,124,125,126,132,134,135" m="20041" machi="126" ten="40,5200,0" yaku="18,1,20,1,54,1" doraHai="20" who="3" fromWho="1" sc="364,0,220,-52,94,0,322,52" /><INIT seed="3,0,0,1,4,73" ten="364,168,94,374" oya="3" hai0="67,39,121,69,91,36,127,54,6,11,93,47,56" hai1="92,9,90,50,117,80,33,88,114,131,59,82,97" hai2="109,62,61,19,42,104,57,132,26,45,126,66,51" hai3="76,22,20,35,72,110,28,1,2,29,24,135,70"/><W21/><G70/><T84/><D127/><U134/><E33/><V79/><F104/><W65/><G65/><T116/><D116/><U23/><E117/><V112/><F112/><W111/><G135/><T85/><D121/><U40/><E114/><V46/><F132/><W53/><G29/><T7/><D7/><U0/><E134/><V101/><F101/><W120/><G120/><T10/><D10/><U63/><E131/><V98/><F98/><W102/><G102/><T103/><D103/><U15/><E23/><V5/><F5/><W41/><G41/><T118/><D118/><U124/><E0/><V133/><F133/><W78/><G53/><T34/><D34/><U55/><E90/><V52/><F126/><W81/><G76/><T77/><D47/><N who="1" m="25959" /><E124/><V130/><F130/><W100/><G100/><T48/><D67/><U58/><E58/><V89/><F109/><AGARI ba="0,0" hai="1,2,20,21,22,24,28,35,72,78,81,109,110,111" machi="109" ten="40,7700,0" yaku="14,1,10,1,52,1" doraHai="73" who="3" fromWho="2" sc="364,0,168,0,94,-77,374,77" owari="364,16.4,168,-23.2,17,-48.3,451,55.1" /></mjloggm>