<mjloggm ver="2.3"><GO type="225" lobby="0"/><UN n0="%E3%83%A9%E3%82%B9%E7%8E%87%EF%BC%93%E5%89%B2" n1="%E6%9D%B1%E9%A2%A8%E3%81%AE%E3%81%8D%E3%82%83%E3%81%B7%E3%81%95%E3%82%93" n2="%EF%BC%AE%EF%BC%A1%EF%BC%AF%33%33%39" n3="%33%74%72%65%65" dan="17,16,16,16" rate="2192.12,2185.91,2166.89,2056.83" sx="F,M,M,F"/><TAIKYOKU oya="0"/><INIT seed="0,0,0,4,4,10" ten="250,250,250,250" oya="0" hai0="126,22,132,13,118,34,107,66,23,131,15,57,67" hai1="72,101,44,92,36,122,14,109,82,16,62,5,12" hai2="31,106,54,21,74,27,53,73,94,91,120,97,93" hai3="79,24,39,71,115,64,32,123,116,117,100,43,103"/><T26/><D107/><U60/><E122/><V45/><F106/><W81/><G100/><T69/><D69/><U11/><E109/><V78/><F120/><W124/><G123/><T89/><D118/><U76/><E36/><V33/><F33/><W102/><G102/><T30/><D131/><U9/><REACH who="1" step="1"/><E44/><REACH who="1" ten="250,240,250,250" step="2"/><V90/><F45/><W127/><G39/><T112/><D112/><U113/><E113/><V35/><F35/><W28/><G115/><T18/><D132/><U83/><E83/><V80/><REACH who="2" step="1"/><F74/><REACH who="2" ten="250,240,240,250" step="2"/><W20/><G20/><T96/><D34/><U17/><E17/><V108/><F108/><W46/><G32/><T99/><D18/><U63/><E63/><V6/><F6/><W114/><G114/><T7/><D7/><U25/><E25/><V51/><F51/><W19/><G24/><T98/><D26/><U0/><E0/><V65/><F65/><W37/><G64/><T47/><D47/><U42/><E42/><V87/><AGARI ba="0,2" hai="21,27,31,53,54,73,78,80,87,90,91,93,94,97" machi="87" ten="20,8000,1" yaku="1,1,0,1,7,1,53,2" doraHai="10" doraHaiUra="85" who="2" fromWho="2" sc="250,-40,240,-20,240,100,250,-20" /><INIT seed="1,0,0,0,2,103" ten="210,220,340,230" oya="1" hai0="70,89,80,63,14,20,61,50,75,9,30,83,110" hai1="28,106,33,128,10,17,124,129,90,96,100,118,135" hai2="81,41,133,111,15,31,85,42,66,119,43,105,56" hai3="19,49,121,34,5,123,60,36,91,102,44,120,29"/><U113/><E113/><V21/><F119/><W26/><G36/><T18/><D110/><U134/><E118/><V8/><F105/><W22/><G5/><T2/><D75/><U32/><E90/><V24/><F111/><W86/><G60/><T55/><D70/><U84/><E84/><V59/><F66/><W23/><G102/><T77/><D77/><U92/><E92/><V12/><F133/><N who="1" m="50697" /><E28/><V13/><REACH who="2" step="1"/><F8/><REACH who="2" ten="210,220,330,230" step="2"/><W115/><G115/><T117/><D117/><U78/><E78/><AGARI ba="0,1" hai="12,13,15,21,24,31,41,42,43,56,59,78,81,85" machi="78" ten="40,5200,0" yaku="1,1,2,1,8,1,53,0" doraHai="103" doraHaiUra="112" who="2" fromWho="1" sc="210,0,220,-52,330,62,230,0" /><INIT seed="2,0,0,3,4,115" ten="210,168,392,230" oya="2" hai0="76,117,124,125,74,12,38,86,20,54,73,65,53" hai1="132,60,55,62,67,21,106,33,126,0,50,77,98" hai2="75,91,39,34,118,101,69,99,17,110,3,94,22" hai3="6,129,120,134,97,10,116,71,5,133,15,83,29"/><V44/><F69/><W2/><G116/><T16/><D38/><U31/><E33/><V30/><F118/><W111/><G120/><T109/><D117/><U14/><E0/><V19/><F3/><W40/><G111/><T51/><D65/><U80/><E132/><N who="3" m="50794" /><G129/><T7/><D109/><U119/><E126/><N who="0" m="48745" /><D7/><U24/><E119/><V49/><F75/><N who="0" m="28682" /><D51/><U128/><E128/><V57/><F34/><W92/><G71/><T100/><D100/><U61/><E14/><V84/><F39/><W8/><G40/><T121/><D121/><U131/><E131/><V37/><F37/><W105/><G105/><T122/><D122/><U85/><E106/><V103/><F103/><N who="3" m="60839" /><G29/><T64/><D64/><U9/><E98/><V13/><F110/><W26/><G26/><T48/><D48/><U43/><E43/><V102/><F30/><W68/><G68/><T11/><D11/><U45/><REACH who="1" step="1"/><E9/><REACH who="1" ten="210,158,392,230" step="2"/><V72/><F99/><W112/><G112/><T41/><D41/><U35/><E35/><V1/><F1/><W18/><G6/><T123/><D123/><U70/><AGARI ba="0,1" hai="21,24,31,45,50,55,60,61,62,67,70,77,80,85" machi="70" ten="20,5200,0" yaku="1,1,0,1,7,1,53,1" doraHai="115" doraHaiUra="42" who="1" fromWho="1" sc="210,-13,158,62,392,-26,230,-13" /><INIT seed="3,0,0,5,2,31" ten="197,220,366,217" oya="3" hai0="22,77,59,119,17,54,26,1,118,41,56,39,134" hai1="72,109,84,53,110,6,58,33,103,68,87,14,2" hai2="104,96,127,115,125,52,83,90,7,91,13,36,46" hai3="94,32,93,40,108,128,99,71,88,18,126,73,30"/><W25/><G128/><T16/><D1/><U34/><E68/><V121/><F115/><W85/><G126/><N who="2" m="48137" /><F121/><W117/><G117/><T51/><D134/><U9/><E103/><N who="2" m="62567" /><F83/><W79/><G108/><N who="1" m="41578" /><E2/><V70/><F70/><W123/><G123/><T8/><D77/><U106/><E106/><V74/><F74/><W4/><G71/><T92/><D56/><U133/><E133/><V129/><F129/><W102/><G4/><T62/><D39/><U113/><E72/><V29/><F29/><W61/><G79/><T116/><D92/><U65/><E65/><V81/><F81/><W130/><G73/><T107/><D107/><U0/><E0/><V66/><F66/><W15/><G130/><T20/><D8/><U35/><E113/><V89/><F36/><W67/><G67/><T101/><D101/><U64/><E64/><V120/><F120/><W19/><G102/><T28/><REACH who="0" step="1"/><D22/><REACH who="0" ten="187,220,366,217" step="2"/><U80/><E80/><V132/><F132/><W124/><G93/><T82/><D82/><U44/><E44/><AGARI ba="0,1" hai="16,17,20,26,28,41,44,51,54,59,62,116,118,119" machi="44" ten="40,2600,0" yaku="1,1,54,1,53,0" doraHai="31" doraHaiUra="10" who="0" fromWho="1" sc="187,36,220,-26,366,0,217,0" owari="223,2.3,194,-30.6,366,46.6,217,-18.3" /></mjloggm>