<mjloggm ver="2.3"><GO type="225" lobby="0"/><UN n0="%73%61%6B%6F%EF%BC%A0%E6%9C%80" n1="%E6%B2%B3%E7%AB%A5%E3%81%AE%E3%83%AF%E3%82%AB%E3%83%9E%E3%83%84" n2="%E7%89%B9%E6%9D%B1%E3%81%AF%E4%B8%96%E7%95%8C%E3%82%92%E6%95%91%E3%81%86" n3="%E6%81%A5%E6%99%92%E3%81%97" dan="17,18,16,16" rate="2179.95,2238.15,2169.73,2125.38" sx="M,M,M,M"/><TAIKYOKU oya="0"/><INIT seed="0,0,0,4,3,73" ten="250,250,250,250" oya="0" hai0="125,53,24,23,72,61,39,67,54,100,44,62,16" hai1="76,81,40,116,129,121,117,124,2,48,32,135,130" hai2="35,28,75,110,25,9,30,21,112,111,0,101,29" hai3="27,47,57,26,19,68,52,49,79,69,102,10,66"/><T83/><D125/><U85/><E121/><V133/><F75/><W74/><G102/><T99/><D39/><U105/><E124/><V107/><F101/><W87/><G74/><T131/><D131/><N who="1" m="50187" /><E135/><V95/><F95/><W65/><G68/><T5/><D5/><U126/><E126/><V106/><F112/><W122/><G69/><T103/><D44/><N who="1" m="25607" /><E2/><V80/><F80/><N who="3" m="47519" /><G122/><T17/><D103/><U1/><E1/><V92/><F92/><W82/><G82/><T37/><D17/><U38/><E38/><V56/><F133/><W109/><G109/><N who="2" m="41481" /><F56/><W115/><G115/><T60/><D37/><U34/><E105/><N who="2" m="39947" /><F35/><AGARI ba="0,0" hai="32,34,35,76,81,85,116,117" m="25607,50187" machi="35" ten="30,2000,0" yaku="19,1,52,1" doraHai="73" who="1" fromWho="2" sc="250,0,250,20,250,-20,250,0" /><INIT seed="1,0,0,3,2,37" ten="250,270,230,250" oya="1" hai0="74,33,121,53,38,127,81,60,110,57,102,5,108" hai1="69,20,64,118,46,112,70,91,90,36,86,39,8" hai2="30,130,128,106,65,71,16,56,77,13,129,2,92" hai3="54,126,35,85,50,25,111,101,43,134,41,6,95"/><U82/><E112/><V72/><F106/><W135/><G111/><N who="0" m="42539" /><D33/><U48/><E118/><V79/><F2/><W9/><G126/><T12/><D127/><U120/><E120/><V103/><F71/><W11/><G35/><T17/><D121/><U87/><E20/><V96/><F30/><W66/><G66/><T119/><D119/><U0/><E0/><V89/><F72/><W23/><G134/><T124/><D124/><U68/><E8/><N who="3" m="3146" /><G6/><T75/><D38/><U105/><E64/><V62/><REACH who="2" step="1"/><F103/><REACH who="2" ten="250,270,220,250" step="2"/><W98/><G135/><T40/><D5/><U76/><E105/><V63/><F63/><W73/><G73/><N who="0" m="27659" /><D102/><U113/><E113/><V99/><F99/><W61/><G61/><T59/><D60/><U1/><E1/><V45/><F45/><N who="3" m="27983" /><G85/><T26/><D59/><U104/><E104/><V125/><F125/><W24/><G24/><T4/><D26/><U44/><E69/><V133/><F133/><W42/><G25/><T55/><D57/><U18/><E68/><V116/><F116/><W78/><G78/><T28/><D4/><U83/><E70/><V117/><F117/><W107/><G107/><T27/><D27/><U10/><E76/><V47/><F47/><N who="1" m="17961" /><E48/><V97/><F97/><W51/><G51/><T122/><D28/><U19/><E36/><V22/><AGARI ba="0,1" hai="13,16,22,56,62,65,77,79,89,92,96,128,129,130" machi="22" ten="30,7900,0" yaku="1,1,0,1,19,1,54,1,53,0" doraHai="37" doraHaiUra="123" who="2" fromWho="2" sc="250,-20,270,-39,220,89,250,-20" /><INIT seed="2,0,0,2,1,22" ten="230,231,309,230" oya="2" hai0="92,117,116,36,24,43,70,131,8,56,100,54,2" hai1="47,64,15,18,86,98,124,55,120,44,125,101,81" hai2="82,25,102,73,108,14,121,1,78,111,106,5,20" hai3="96,123,11,50,40,134,33,41,4,59,103,0,38"/><V62/><F121/><W107/><G123/><T51/><D70/><U58/><E64/><V128/><F1/><W30/><G134/><T77/><D131/><U53/><E120/><V66/><F128/><W130/><G130/><T60/><D77/><N who="1" m="46383" /><E18/><V113/><F113/><W93/><G38/><T48/><D36/><U118/><E15/><V16/><F102/><W112/><G112/><T21/><D43/><U79/><E79/><V114/><F106/><W91/><G30/><N who="0" m="17679" /><D8/><U17/><E17/><V80/><F80/><W12/><G33/><T28/><D28/><U3/><E55/><V31/><F5/><W9/><G59/><T76/><D76/><U39/><E118/><N who="0" m="45673" /><D2/><U35/><E3/><V23/><REACH who="2" step="1"/><F114/><REACH who="2" ten="230,231,299,230" step="2"/><W10/><G0/><T135/><D135/><U110/><E101/><V65/><F65/><W29/><G4/><T132/><D132/><U46/><E125/><V122/><F122/><W67/><G67/><T133/><D133/><U49/><E124/><V34/><F34/><W109/><G107/><T127/><D127/><U7/><E35/><V63/><F63/><W83/><G103/><T42/><D100/><U115/><E115/><V45/><F45/><W69/><G83/><T19/><D92/><U13/><E39/><V105/><F105/><W84/><G93/><T104/><D104/><U71/><E7/><V95/><F95/><W68/><G69/><AGARI ba="0,1" hai="14,16,20,23,25,31,62,66,69,73,78,82,108,111" machi="69" ten="40,12000,1" yaku="1,1,52,1,54,1,53,1" doraHai="22" doraHaiUra="72" who="2" fromWho="3" sc="230,0,231,0,299,130,230,-120" /><INIT seed="2,1,0,3,1,85" ten="230,231,429,110" oya="2" hai0="131,30,94,58,77,126,120,135,79,4,31,89,19" hai1="20,71,64,134,112,84,54,115,40,9,63,23,53" hai2="119,56,10,67,2,73,118,12,36,82,96,123,39" hai3="69,81,129,125,91,102,17,11,25,90,109,52,124"/><V61/><F123/><W27/><G69/><T86/><D120/><U34/><E34/><V6/><F12/><N who="3" m="7327" /><G109/><T78/><D131/><U83/><E134/><V47/><F96/><W48/><G129/><T87/><D126/><N who="3" m="48745" /><G102/><T1/><D135/><U130/><E20/><V55/><F55/><W8/><G81/><T113/><D113/><U44/><E23/><V117/><F47/><N who="3" m="27679" /><G8/><T62/><D4/><U108/><E9/><V57/><F57/><W88/><AGARI ba="1,0" hai="25,27,88,90,91" m="27679,48745,7327" machi="88" ten="30,12000,2" yaku="18,1,52,3,54,2" doraHai="85" who="3" fromWho="3" sc="230,-31,231,-31,429,-61,110,123" /><INIT seed="3,0,0,1,3,64" ten="199,200,368,233" oya="3" hai0="31,74,30,25,55,27,93,112,82,50,5,26,48" hai1="101,53,17,72,23,69,87,88,24,79,16,51,124" hai2="21,14,110,106,12,7,113,119,20,129,19,33,71" hai3="4,38,86,43,75,127,66,70,116,44,109,60,95"/><W120/><G116/><T107/><D107/><U10/><E69/><V122/><F71/><W37/><G120/><T84/><D112/><U89/><E72/><V99/><F119/><W130/><G75/><T35/><D74/><U8/><E124/><V34/><F113/><W92/><G4/><T15/><D35/><U68/><E68/><V58/><F110/><W13/><G13/><T36/><D36/><U135/><E135/><V77/><F77/><W6/><G6/><T133/><D93/><U90/><E101/><V108/><F129/><W46/><G109/><T22/><D133/><U57/><E17/><V121/><F58/><W111/><G95/><T131/><D131/><U11/><E79/><V1/><F108/><W80/><G70/><T0/><D0/><U134/><E134/><V83/><F83/><AGARI ba="0,0" hai="8,10,11,16,23,24,51,53,57,83,87,88,89,90" machi="83" ten="40,5200,0" yaku="8,1,54,2" doraHai="64" who="1" fromWho="2" sc="199,0,200,52,368,-52,233,0" owari="199,-30.1,252,5.2,316,41.6,233,-16.7" /></mjloggm>