<mjloggm ver="2.3"><GO type="225" lobby="0"/><UN n0="%E6%9D%B1%E9%A2%A8%E3%81%AE%E3%81%8D%E3%82%83%E3%81%B7%E3%81%95%E3%82%93" n1="%E6%A1%9C%E8%8A%B1%E9%96%83%E3%80%85" n2="%E3%83%A9%E3%83%BC%E3%83%A1%E3%83%B3%E4%BA%94%E9%83%8E" n3="%E7%9A%AE%E3%80%85" dan="16,17,16,16" rate="2163.26,2177.61,2148.43,2202.00" sx="M,M,M,F"/><TAIKYOKU oya="0"/><INIT seed="0,0,0,1,1,112" ten="250,250,250,250" oya="0" hai0="46,41,44,22,17,24,34,91,59,109,4,128,58" hai1="27,97,108,79,32,78,125,133,7,107,51,29,35" hai2="96,82,126,124,100,130,3,43,86,50,2,99,77" hai3="102,30,57,93,56,73,38,116,26,135,28,70,101"/><T64/><D128/><U8/><E108/><V80/><F130/><W75/><G70/><T134/><D134/><U129/><E129/><V52/><F43/><W110/><G110/><T62/><D109/><U49/><E133/><V25/><F25/><W11/><G135/><T132/><D132/><U94/><E107/><V65/><F82/><W95/><G26/><T36/><D34/><U88/><E125/><N who="2" m="48235" /><F65/><W119/><G11/><T111/><D111/><U84/><E32/><V1/><F100/><W114/><REACH who="3" step="1"/><G38/><REACH who="3" ten="250,250,250,240" step="2"/><T72/><D72/><U42/><E8/><V66/><F66/><W15/><G15/><T63/><D4/><U33/><E7/><V13/><F13/><W37/><G37/><T67/><D36/><U39/><E35/><V105/><F105/><W14/><G14/><T74/><D74/><U16/><E39/><V18/><F18/><W103/><G103/><T68/><D68/><U115/><E16/><V118/><F118/><W85/><G85/><T123/><D123/><U54/><E84/><V98/><F98/><W0/><G0/><T89/><REACH who="0" step="1"/><D41/><REACH who="0" ten="240,250,250,240" step="2"/><U71/><E71/><V83/><F1/><W120/><G120/><T106/><D106/><U45/><REACH who="1" step="1"/><E115/><AGARI ba="0,2" hai="28,30,56,57,73,75,93,95,101,102,114,115,116,119" machi="115" ten="25,8000,1" yaku="1,1,22,2,52,2,53,0" doraHai="112" doraHaiUra="61" who="3" fromWho="1" sc="240,0,250,-80,250,0,240,100" /><INIT seed="1,0,0,2,5,22" ten="240,170,250,340" oya="1" hai0="120,77,43,111,11,69,70,110,121,58,106,7,133" hai1="16,130,107,0,41,73,125,53,81,119,26,109,57" hai2="28,40,9,35,117,101,36,12,4,122,8,116,99" hai3="82,29,135,37,24,2,71,126,85,78,18,105,66"/><U114/><E114/><V115/><F122/><N who="0" m="47210" /><D77/><U79/><E119/><V20/><F115/><W39/><G2/><N who="0" m="503" /><D106/><U38/><E107/><V96/><F40/><W13/><G105/><T54/><D43/><U118/><E118/><V61/><F36/><W112/><G112/><T93/><D93/><U34/><E125/><V1/><F61/><W59/><G71/><N who="0" m="27147" /><D133/><U83/><E130/><V65/><F116/><W68/><G68/><T21/><D21/><U15/><E0/><V10/><F117/><W51/><G126/><T131/><D131/><U108/><E83/><V89/><F101/><W47/><G135/><T55/><D58/><U27/><E41/><V25/><F89/><W30/><G47/><T62/><D62/><N who="1" m="36143" /><E38/><V98/><F65/><W127/><G127/><T5/><D5/><U6/><E6/><V91/><F91/><W60/><G39/><T14/><D14/><U33/><E33/><V44/><F44/><W102/><G37/><T84/><D84/><U3/><E3/><V104/><F104/><W46/><G46/><T72/><D72/><U129/><E34/><V97/><N who="2" m="24576" /><DORA hai="75" /><V49/><F49/><W74/><G74/><T94/><D94/><U113/><E113/><V87/><F87/><W100/><G100/><T32/><D32/><U42/><E42/><V67/><F67/><W23/><G102/><T124/><D124/><U19/><E129/><V48/><F48/><W88/><G51/><T17/><D17/><AGARI ba="0,0" hai="1,4,8,9,10,12,17,20,25,28,35" m="24576" machi="17" ten="50,6400,0" yaku="24,2,52,1" doraHai="22,75" who="2" fromWho="0" sc="240,-64,170,0,250,64,340,0" /><INIT seed="2,0,0,5,3,84" ten="176,170,314,340" oya="2" hai0="1,53,83,121,28,61,99,117,94,81,21,25,3" hai1="82,12,50,75,38,23,113,101,60,43,13,73,24" hai2="116,97,55,29,100,17,107,85,34,91,93,69,70" hai3="47,129,27,89,105,62,57,52,16,72,79,123,26"/><V40/><F116/><W2/><G2/><T44/><D117/><U7/><E113/><V126/><F126/><W118/><G118/><T51/><D121/><U30/><E38/><V77/><F40/><W88/><G123/><T4/><D1/><U96/><E60/><V0/><F0/><W11/><G105/><T66/><D4/><U78/><E73/><V5/><F5/><W125/><G72/><T135/><D3/><U71/><E71/><V10/><F77/><W41/><G79/><T18/><D18/><U48/><E43/><V54/><F29/><W33/><G125/><T130/><D135/><U36/><E36/><V31/><F31/><W115/><G129/><T128/><D128/><U67/><E67/><V114/><F34/><W132/><G132/><T108/><D108/><U22/><E22/><V134/><F114/><W37/><G115/><T9/><D9/><U90/><E90/><V112/><F112/><W20/><G33/><T35/><D35/><U102/><E102/><V76/><F76/><W111/><G111/><T95/><D130/><U15/><REACH who="1" step="1"/><E7/><REACH who="1" ten="176,160,314,340" step="2"/><V104/><F134/><W49/><G37/><T14/><D14/><U110/><E110/><V65/><F65/><W42/><G42/><T133/><D133/><U87/><E87/><V86/><F86/><W80/><G89/><T68/><REACH who="0" step="1"/><D94/><AGARI ba="0,1" hai="12,13,15,23,24,30,48,50,75,78,82,94,96,101" machi="94" ten="40,1300,0" yaku="1,1,53,0" doraHai="84" doraHaiUra="127" who="1" fromWho="0" sc="176,-13,160,23,314,0,340,0" /><INIT seed="3,0,0,3,2,40" ten="163,183,314,340" oya="3" hai0="108,24,39,91,77,64,96,37,80,90,81,98,124" hai1="60,116,28,50,66,45,57,132,68,9,121,22,46" hai2="123,101,71,26,48,92,67,20,83,112,130,6,12" hai3="127,95,94,33,0,114,25,131,42,99,34,51,88"/><W23/><G114/><T120/><D120/><U100/><E121/><V30/><F112/><W52/><G0/><T19/><D64/><U55/><E132/><V59/><F123/><W43/><G127/><T122/><D122/><U107/><E116/><V16/><F71/><W27/><G131/><T126/><D24/><N who="3" m="9289" /><G33/><T2/><D2/><U63/><E28/><V31/><F130/><W1/><G1/><T4/><D77/><U73/><E73/><V119/><F119/><W82/><G34/><T14/><D108/><U93/><E22/><V113/><F113/><W62/><G62/><T79/><D79/><U69/><E9/><N who="2" m="4151" /><F83/><N who="0" m="31818" /><D4/><U117/><E107/><V105/><F105/><W109/><G109/><T70/><D70/><U36/><E117/><V76/><F76/><W11/><G11/><T53/><D53/><U72/><E72/><V78/><F78/><W3/><G3/><T58/><D58/><U5/><E5/><V41/><F41/><N who="3" m="15371" /><G23/><N who="0" m="11767" /><D39/><U8/><E8/><V49/><F67/><W111/><G111/><T84/><D37/><U135/><E36/><V13/><F26/><W44/><G82/><N who="0" m="49431" /><D91/><U10/><E10/><V134/><F134/><W29/><G95/><T118/><D118/><U75/><E75/><V89/><F101/><W21/><G21/><T102/><D102/><U7/><E7/><V86/><F48/><W85/><G29/><T104/><D104/><U103/><E135/><V110/><F110/><W17/><G17/><T125/><D125/><U61/><E100/><V129/><F129/><W128/><G128/><T115/><D115/><U106/><E106/><RYUUKYOKU ba="0,0" sc="163,10,183,-30,314,10,340,10" hai0="96,98,124,126" hai2="13,16,20,30,31,49,59,86,89,92" hai3="44,51,52,85,88,94,99" owari="173,-22.7,153,-34.7,324,12.4,350,45.0" /></mjloggm>