<mjloggm ver="2.3"><GO type="225" lobby="0"/><UN n0="%E7%B4%94%E6%BD%94%E3%83%94%E3%83%A9%E3%83%8B%E3%82%A2" n1="%E4%BF%BA%E3%81%A8%E5%A6%96%E5%A4%A2" n2="%E3%83%A9%E3%83%BC%E3%83%A1%E3%83%B3%E4%BA%94%E9%83%8E" n3="%E7%99%BD%E5%80%89%E5%AF%9B%E4%B9%8B" dan="16,16,16,16" rate="2111.03,2104.91,2072.71,2190.49" sx="M,F,M,M"/><TAIKYOKU oya="0"/><INIT seed="0,0,0,2,4,46" ten="250,250,250,250" oya="0" hai0="88,16,86,17,52,71,42,116,61,1,112,14,132" hai1="122,103,114,66,106,81,83,75,55,63,78,108,41" hai2="98,22,79,40,131,133,44,11,34,67,7,124,57" hai3="94,102,113,68,30,126,27,3,9,32,95,90,128"/><T129/><D112/><U92/><E122/><V134/><F34/><W77/><G68/><T84/><D116/><U36/><E114/><V38/><F124/><W130/><G113/><T91/><D1/><U19/><E108/><V69/><F69/><W100/><G126/><T85/><D129/><N who="3" m="49769" /><G77/><T101/><D132/><U28/><E106/><V87/><F131/><W15/><G3/><T115/><D115/><U110/><E28/><V121/><F121/><W5/><G94/><T54/><D42/><U123/><E83/><V111/><F111/><W60/><G60/><T24/><D101/><U37/><E41/><V117/><F117/><W58/><G58/><N who="0" m="35015" /><D54/><U4/><E37/><V120/><F120/><W99/><AGARI ba="0,0" hai="5,9,15,27,30,32,90,95,99,100,102" m="49769" machi="99" ten="30,1100,0" yaku="19,1" doraHai="46" who="3" fromWho="3" sc="250,-5,250,-3,250,-3,250,11" /><INIT seed="1,0,0,2,1,96" ten="245,247,247,261" oya="1" hai0="99,43,119,89,106,47,110,62,37,108,6,88,114" hai1="113,74,60,93,118,44,12,30,128,15,77,52,5" hai2="56,126,41,26,48,90,25,63,34,80,55,87,116" hai3="20,24,46,67,17,18,68,66,117,10,84,135,33"/><U28/><E113/><V2/><F126/><W102/><G135/><T134/><D119/><U75/><E118/><V120/><F120/><W0/><G33/><T133/><D6/><U40/><E128/><V35/><F116/><W72/><G72/><T51/><D37/><U27/><E77/><V9/><F2/><W36/><G68/><T53/><D114/><U76/><E76/><V115/><F115/><W82/><G102/><N who="0" m="62815" /><D53/><U109/><E109/><N who="0" m="42089" /><D62/><U45/><E5/><V98/><F9/><W100/><G100/><T21/><D21/><U11/><E11/><V123/><F123/><W129/><G0/><T8/><D8/><U16/><E60/><V14/><F14/><W61/><G61/><T86/><D89/><U32/><E52/><V73/><F35/><W121/><G10/><T83/><AGARI ba="0,0" hai="43,47,51,83,86,88,133,134" m="42089,62815" machi="83" ten="30,4000,0" yaku="14,1,52,1,54,1" doraHai="96" who="0" fromWho="0" sc="245,40,247,-20,247,-10,261,-10" /><INIT seed="2,0,0,3,1,92" ten="285,227,237,251" oya="2" hai0="26,100,121,126,61,74,22,119,120,62,58,54,5" hai1="130,73,16,13,123,29,132,129,6,77,34,94,109" hai2="117,67,78,69,33,27,106,45,35,87,103,111,59" hai3="19,93,84,128,44,116,98,37,122,60,11,41,25"/><V8/><F117/><W90/><G122/><T102/><D74/><U125/><E73/><V79/><F69/><W112/><G128/><N who="1" m="49258" /><E77/><V131/><F131/><W75/><G75/><T113/><D113/><U118/><E118/><V0/><F111/><W66/><G116/><T2/><D126/><U18/><E109/><V32/><F27/><W71/><G112/><T40/><D40/><U95/><E125/><V99/><F45/><W134/><G134/><T68/><D119/><U1/><E132/><V76/><F87/><W65/><G65/><T135/><D2/><U15/><E95/><V86/><F86/><W57/><G84/><T17/><D5/><U53/><E53/><V133/><F133/><W46/><G46/><T115/><D115/><U36/><E36/><V30/><F30/><W83/><G83/><T52/><D54/><U72/><E72/><V124/><F124/><W96/><G71/><T47/><D47/><U50/><E50/><V43/><F43/><W64/><G64/><T108/><D108/><U114/><E94/><V107/><F107/><W101/><G11/><T31/><D31/><U56/><E56/><V63/><REACH who="2" step="1"/><F78/><REACH who="2" ten="285,227,227,251" step="2"/><W49/><G25/><T55/><D68/><U42/><E42/><V3/><F3/><W51/><G19/><N who="1" m="7210" /><E114/><V28/><F28/><W24/><G24/><T48/><D135/><U89/><E29/><V70/><F70/><W39/><G39/><T10/><D61/><U9/><E1/><V21/><F21/><W97/><G101/><N who="0" m="39019" /><D10/><U12/><E9/><V4/><AGARI ba="0,1" hai="0,4,8,32,33,35,59,63,67,76,79,99,103,106" machi="4" ten="40,7800,0" yaku="1,1,0,1,52,1,53,0" doraHai="92" doraHaiUra="14" who="2" fromWho="2" sc="285,-26,227,-26,227,88,251,-26" /><INIT seed="2,1,0,4,2,85" ten="259,201,315,225" oya="2" hai0="83,27,92,61,66,3,98,60,54,122,29,100,71" hai1="117,119,89,67,58,48,37,17,76,46,9,133,105" hai2="88,112,73,57,18,31,39,55,114,125,81,126,38" hai3="87,43,79,5,74,107,131,69,72,108,82,113,35"/><V70/><F70/><W91/><G69/><T24/><D122/><U106/><E133/><V10/><F31/><W104/><G35/><T53/><D3/><U62/><E37/><V134/><F134/><W90/><G43/><T51/><D83/><U63/><E76/><V7/><F18/><W52/><G5/><T47/><D60/><U80/><E62/><N who="2" m="36159" /><F73/><N who="3" m="28267" /><G52/><T135/><D135/><U99/><E119/><V34/><F34/><W97/><G108/><T95/><D53/><N who="1" m="29847" /><E117/><V15/><F38/><W86/><G131/><T12/><D12/><N who="1" m="7311" /><E99/><V2/><F39/><W102/><G113/><T4/><D4/><U124/><E124/><N who="2" m="47723" /><F2/><W93/><G79/><T96/><REACH who="0" step="1"/><D29/><REACH who="0" ten="249,201,315,225" step="2"/><U20/><E63/><V45/><F114/><W120/><G120/><T111/><D111/><U6/><E6/><V78/><F112/><W109/><G109/><T21/><D21/><U30/><E30/><V13/><F7/><W36/><G36/><T129/><D129/><U11/><E20/><V8/><F15/><W0/><G0/><T28/><D28/><U1/><E1/><V25/><F13/><W42/><G42/><T77/><D77/><U49/><E80/><AGARI ba="1,1" hai="80,82,86,87,90,91,93,97,102,104,107" m="28267" machi="80" ten="30,12000,2" yaku="35,5,52,2" doraHai="85" who="3" fromWho="1" sc="249,0,201,-123,315,0,225,133" /><INIT seed="3,0,0,2,1,61" ten="249,78,315,358" oya="3" hai0="75,20,127,59,53,36,67,52,96,105,34,32,8" hai1="85,132,37,55,123,115,71,122,99,16,42,60,107" hai2="102,112,130,98,2,95,4,40,10,41,19,134,73" hai3="35,56,89,30,51,97,93,1,116,31,111,68,50"/><W7/><G68/><T17/><D75/><U27/><E115/><V91/><F130/><W13/><G1/><T15/><D36/><U104/><E132/><V9/><F134/><W62/><G35/><T11/><D127/><U66/><E123/><V25/><F112/><W54/><G111/><T84/><D32/><U47/><E122/><V0/><F73/><W12/><G116/><T63/><D34/><U39/><E39/><V28/><F102/><W119/><G119/><T78/><D105/><U90/><E99/><V117/><F117/><W22/><G7/><T121/><D96/><U128/><E128/><V46/><F46/><N who="3" m="27991" /><G51/><T83/><D121/><U65/><E55/><V76/><F76/><W3/><G3/><T70/><REACH who="0" step="1"/><D53/><REACH who="0" ten="239,78,315,358" step="2"/><U24/><E24/><V129/><F129/><W100/><G97/><T45/><D45/><U82/><REACH who="1" step="1"/><E66/><REACH who="1" ten="239,68,315,358" step="2"/><V57/><F98/><N who="3" m="57647" /><G100/><T38/><D38/><U108/><E108/><V86/><F40/><W124/><G124/><T64/><D64/><U58/><E58/><V101/><F57/><W131/><G131/><T114/><D114/><U110/><E110/><V5/><F41/><W87/><G56/><T81/><D81/><U133/><E133/><V92/><F25/><W48/><G62/><AGARI ba="0,2" hai="8,11,15,17,20,52,59,62,63,67,70,78,83,84" machi="62" ten="30,7700,0" yaku="1,1,7,1,52,1,54,1,53,0" doraHai="61" doraHaiUra="106" who="0" fromWho="3" sc="239,97,68,0,315,0,358,-77" owari="336,43.6,68,-43.2,315,11.5,281,-11.9" /></mjloggm>