<mjloggm ver="2.3"><GO type="225" lobby="0"/><UN n0="%54%4F%52" n1="%33%74%72%65%65" n2="%E3%83%96%E3%83%83%E3%83%91%E3%82%AA%E3%83%96%E3%83%81%E3%82%AD%E3%83%B3" n3="%E6%9C%88%E5%B3%B6%E5%9F%BA" dan="17,17,16,16" rate="2169.69,2206.21,2215.24,2129.92" sx="M,F,M,M"/><TAIKYOKU oya="0"/><INIT seed="0,0,0,1,5,70" ten="250,250,250,250" oya="0" hai0="14,6,59,105,120,88,23,33,64,115,124,34,27" hai1="109,60,132,41,107,10,51,24,125,133,119,65,16" hai2="55,112,94,106,87,66,40,103,99,62,84,30,21" hai3="68,91,53,3,2,19,0,114,130,81,110,111,44"/><T45/><D115/><U42/><E119/><V86/><F112/><W36/><G114/><T47/><D120/><U90/><E107/><V13/><F40/><N who="3" m="22535" /><G68/><T122/><D122/><U79/><E79/><V9/><F106/><W98/><G130/><T31/><D105/><U4/><E109/><N who="3" m="41482" /><G19/><T72/><D72/><U43/><E125/><V118/><F118/><W20/><G20/><T50/><D124/><U80/><E51/><V1/><F1/><W28/><G28/><T69/><D69/><U25/><E16/><N who="2" m="8239" /><F66/><W117/><G117/><T97/><D33/><U113/><E113/><V22/><F30/><W48/><G98/><T57/><D34/><U11/><E24/><V58/><AGARI ba="0,0" hai="21,22,55,58,62,84,86,87,94,99,103" m="8239" machi="58" ten="30,2000,0" yaku="8,1,54,1" doraHai="70" who="2" fromWho="2" sc="250,-10,250,-5,250,20,250,-5" /><INIT seed="1,0,0,0,0,5" ten="240,245,270,245" oya="1" hai0="110,35,24,91,53,61,58,86,98,103,36,66,119" hai1="26,1,109,125,130,89,113,12,31,51,54,18,74" hai2="19,127,105,123,9,11,17,38,78,70,56,23,42" hai3="99,126,29,64,37,134,71,25,107,115,43,120,79"/><U55/><E113/><V20/><F70/><W77/><G120/><T50/><D36/><U93/><E1/><V95/><F105/><W133/><G115/><T41/><D119/><U21/><E74/><V60/><F123/><W13/><G126/><T116/><D116/><U84/><E125/><V7/><F127/><W83/><G13/><T121/><D121/><U81/><E130/><V94/><F78/><W135/><G43/><T3/><D3/><U33/><E109/><V28/><F38/><W22/><G37/><T80/><D110/><U68/><E68/><V96/><F42/><W72/><G79/><T67/><D41/><U108/><E108/><V101/><F28/><W6/><G6/><T118/><D118/><U92/><REACH who="1" step="1"/><E55/><REACH who="1" ten="240,235,270,245" step="2"/><N who="2" m="33823" /><F7/><W27/><G71/><T30/><REACH who="0" step="1"/><D61/><REACH who="0" ten="230,235,270,245" step="2"/><U76/><E76/><V102/><F102/><W15/><G134/><T114/><D114/><U0/><E0/><V52/><F52/><W32/><G133/><T63/><D63/><U73/><E73/><V57/><F101/><W46/><G135/><T88/><D88/><U106/><E106/><AGARI ba="0,2" hai="24,30,35,50,53,58,66,67,80,86,91,98,103,106" machi="106" ten="30,2000,0" yaku="1,1,7,1,53,0" doraHai="5" doraHaiUra="14" who="0" fromWho="1" sc="230,40,235,-20,270,0,245,0" /><INIT seed="2,0,0,5,2,0" ten="270,215,270,245" oya="2" hai0="77,104,40,107,111,50,60,31,85,67,55,15,69" hai1="44,122,133,127,58,13,25,78,121,64,24,116,65" hai2="102,96,19,124,125,34,35,76,18,6,56,42,92" hai3="74,106,94,22,75,48,80,39,93,132,63,10,62"/><V91/><F76/><W108/><G106/><T81/><D111/><U23/><E116/><V118/><F118/><W36/><G22/><T100/><D31/><U128/><E78/><V5/><F42/><W47/><G10/><T17/><D40/><U30/><E133/><V9/><F56/><W113/><G48/><T109/><D100/><U61/><E128/><V53/><F53/><W45/><G108/><T70/><D70/><U110/><E110/><V33/><F102/><W120/><G80/><T129/><D129/><U51/><E127/><N who="2" m="48715" /><F9/><W54/><G54/><T38/><D38/><U1/><E64/><V52/><F52/><W21/><G132/><T134/><D109/><U72/><E72/><V43/><F43/><W112/><REACH who="3" step="1"/><G21/><REACH who="3" ten="270,215,270,235" step="2"/><T16/><D134/><U117/><E23/><V115/><F34/><W73/><G73/><T119/><D119/><U99/><E117/><V130/><F35/><W28/><G28/><T26/><D55/><U2/><E30/><V97/><F33/><W49/><G49/><T12/><D50/><U20/><E51/><V32/><F32/><W29/><G29/><T114/><D104/><U7/><E44/><V8/><F8/><W27/><G27/><N who="1" m="10314" /><E20/><V84/><F130/><W89/><G89/><T88/><D107/><U46/><E46/><V11/><F11/><W57/><G57/><T126/><D126/><U82/><E82/><V87/><F91/><W135/><G135/><T4/><D88/><U131/><E131/><V101/><F101/><W66/><G66/><T37/><D81/><U86/><E65/><V71/><F19/><RYUUKYOKU ba="0,1" sc="270,-10,215,-10,270,-10,235,30" hai3="36,39,45,47,62,63,74,75,93,94,112,113,120" /><INIT seed="3,1,1,4,2,121" ten="260,205,260,265" oya="3" hai0="23,51,38,78,111,97,16,116,25,41,91,70,30" hai1="15,47,64,125,82,31,135,131,60,128,52,118,10" hai2="33,59,71,110,92,14,122,50,115,105,104,42,57" hai3="90,28,85,63,134,11,7,56,49,9,77,17,94"/><W133/><G28/><T24/><D116/><U34/><E118/><V46/><F122/><W127/><G127/><T86/><D70/><U26/><E125/><V96/><F115/><W54/><G77/><T107/><D38/><U35/><E35/><V99/><F71/><W93/><G93/><T80/><D111/><U37/><E135/><N who="3" m="51722" /><G17/><T61/><D61/><U100/><E100/><V21/><F33/><W44/><G7/><T55/><D41/><AGARI ba="1,1" hai="9,11,41,44,49,54,56,63,85,90,94" m="51722" machi="41" ten="30,1500,0" yaku="20,1" doraHai="121" who="3" fromWho="0" sc="260,-18,205,0,260,0,265,28" /><INIT seed="3,2,0,0,4,134" ten="242,205,260,293" oya="3" hai0="42,34,50,104,100,118,78,131,124,135,112,130,70" hai1="85,98,95,27,26,12,7,21,120,11,0,59,75" hai2="128,81,133,97,76,73,36,13,93,106,61,52,46" hai3="39,123,15,116,115,54,37,41,1,66,122,17,84"/><W35/><G35/><T68/><D34/><U49/><E120/><V25/><F133/><W103/><G1/><T80/><D135/><U24/><E75/><V3/><F128/><N who="0" m="49194" /><D118/><U69/><E69/><N who="0" m="26729" /><D112/><U29/><E0/><V9/><F106/><W6/><G66/><T83/><D100/><U121/><E121/><V87/><F3/><W16/><G115/><T20/><D104/><U8/><E8/><V110/><F110/><W91/><G103/><T125/><D20/><U105/><E105/><V63/><F25/><W43/><G116/><T18/><D18/><U64/><E85/><V92/><F73/><W22/><G6/><T126/><D78/><U82/><E82/><N who="0" m="31273" /><D50/><U88/><REACH who="1" step="1"/><E49/><REACH who="1" ten="242,195,260,293" step="2"/><N who="2" m="28727" /><F36/><W45/><G39/><T67/><D67/><U117/><E117/><V14/><F9/><N who="3" m="6255" /><G37/><T19/><D19/><U40/><E40/><AGARI ba="2,1" hai="40,42,124,125,126" m="31273,26729,49194" machi="40" ten="40,12000,2" yaku="28,2,18,1,19,1,52,3" doraHai="134" who="0" fromWho="1" sc="242,136,195,-126,260,0,293,0" owari="378,47.8,69,-43.1,260,-14.0,293,9.3" /></mjloggm>