<mjloggm ver="2.3"><GO type="225" lobby="0"/><UN n0="%E3%83%A9%E3%82%B9%E7%8E%87%EF%BC%93%E5%89%B2" n1="%E3%82%B3%E3%83%90%E3%83%AC%E3%82%A4" n2="%E6%81%A5%E6%99%92%E3%81%97" n3="%E3%81%8B%E3%82%8F%E3%81%A1%E3%82%83%E3%82%93%35%38" dan="17,16,16,16" rate="2205.88,2160.54,2124.14,2130.57" sx="F,M,M,M"/><TAIKYOKU oya="0"/><INIT seed="0,0,0,1,4,17" ten="250,250,250,250" oya="0" hai0="117,58,110,67,52,96,124,105,98,135,69,4,80" hai1="48,14,127,46,49,30,133,44,28,71,36,123,32" hai2="23,97,50,8,78,10,55,3,128,104,63,115,108" hai3="68,22,21,26,6,43,81,45,111,121,15,107,20"/><T35/><D117/><U37/><E71/><V0/><F115/><W27/><G107/><T95/><D135/><U100/><E133/><V87/><F108/><W59/><G68/><T131/><D131/><U94/><E123/><V93/><F128/><W79/><G111/><T89/><D124/><U42/><E127/><V134/><F134/><W70/><G70/><T66/><D69/><U12/><E32/><V61/><F104/><W119/><G119/><T19/><D35/><U102/><E94/><V109/><F109/><W103/><G103/><T101/><D4/><U29/><E29/><V24/><F3/><W129/><G129/><T39/><D39/><U106/><E106/><V113/><F113/><W2/><G121/><T65/><D80/><U84/><E84/><V83/><F61/><W57/><G2/><T72/><D72/><U90/><E90/><N who="2" m="55479" /><F0/><W60/><G15/><T1/><D1/><U74/><REACH who="1" step="1"/><E42/><REACH who="1" ten="250,240,250,250" step="2"/><V99/><F99/><W33/><G33/><T40/><D40/><U64/><E64/><V53/><F53/><W34/><G34/><T86/><D110/><U5/><E5/><V62/><F8/><W85/><G6/><T118/><D118/><U92/><E92/><V130/><F10/><W7/><G7/><T125/><D125/><U91/><E91/><V114/><F130/><W31/><G31/><T116/><D116/><U18/><E18/><N who="2" m="12407" /><F114/><W9/><G9/><T88/><D19/><U73/><AGARI ba="0,1" hai="12,14,28,30,36,37,44,46,48,49,73,74,100,102" machi="73" ten="25,6400,0" yaku="1,1,0,1,22,2,53,0" doraHai="17" doraHaiUra="120" who="1" fromWho="1" sc="250,-32,240,74,250,-16,250,-16" /><INIT seed="1,0,0,1,1,105" ten="218,314,234,234" oya="1" hai0="61,68,38,46,10,79,31,55,104,99,35,111,131" hai1="42,89,37,47,1,101,100,8,80,11,34,62,107" hai2="124,95,20,119,96,59,75,84,21,91,24,64,110" hai3="81,90,57,22,6,32,127,115,129,51,117,44,0"/><U73/><E89/><V13/><F119/><W27/><G115/><T134/><D111/><U7/><E11/><V65/><F124/><W103/><G32/><T71/><D131/><U130/><E130/><V118/><F110/><W121/><G121/><T16/><D134/><U126/><E126/><V33/><F118/><W114/><G114/><T97/><D31/><U48/><E48/><V108/><F33/><W113/><G113/><T109/><D35/><U69/><E34/><V41/><F75/><W83/><G0/><T49/><D104/><U30/><E30/><V102/><F41/><W125/><G129/><T58/><D79/><N who="1" m="44143" /><E107/><V28/><F108/><W52/><G117/><T132/><D132/><U14/><E14/><V123/><F123/><W15/><G103/><T36/><D109/><U98/><E98/><V45/><F59/><W2/><G2/><T93/><D99/><U12/><E12/><V116/><F45/><W54/><G90/><N who="0" m="55479" /><D71/><U9/><E9/><V18/><REACH who="2" step="1"/><F116/><REACH who="2" ten="218,314,224,234" step="2"/><W86/><G127/><T70/><D70/><U78/><E69/><V85/><F85/><W88/><G125/><T106/><D68/><U40/><E42/><V133/><F133/><W29/><G57/><T53/><D38/><U135/><E135/><V82/><AGARI ba="0,1" hai="13,18,20,21,24,28,64,65,82,84,91,95,96,102" machi="82" ten="20,5200,0" yaku="1,1,0,1,7,1,8,1,53,0" doraHai="105" doraHaiUra="122" who="2" fromWho="2" sc="218,-13,314,-26,224,62,234,-13" /><INIT seed="2,0,0,2,4,56" ten="205,288,286,221" oya="2" hai0="111,87,47,83,95,109,44,120,50,94,134,77,97" hai1="132,128,103,6,12,51,40,80,96,46,61,107,1" hai2="75,90,19,122,133,15,112,124,29,101,92,88,55" hai3="119,105,91,110,62,35,54,126,18,11,38,5,129"/><V104/><F112/><W53/><G35/><T117/><D120/><U31/><E132/><V64/><F122/><W7/><G119/><T57/><D134/><U68/><E128/><V22/><F133/><W131/><G38/><T69/><D69/><U115/><E115/><V49/><F75/><W27/><G105/><T14/><D117/><U45/><E31/><V63/><F124/><W121/><G121/><T93/><D97/><U36/><E1/><V106/><F101/><W30/><G126/><T73/><D73/><U26/><E26/><N who="2" m="16599" /><F104/><W67/><G91/><N who="2" m="34857" /><F92/><W86/><G18/><T85/><D85/><U102/><E103/><V113/><F106/><W39/><G39/><T3/><D3/><U76/><E6/><N who="3" m="2058" /><G11/><T48/><D14/><U0/><E12/><V135/><F113/><W23/><G86/><T84/><D87/><U78/><E0/><V58/><F135/><W33/><G33/><T16/><D16/><U4/><E4/><V100/><F100/><W98/><G98/><T125/><D125/><U60/><E68/><V59/><F19/><W24/><G24/><T41/><REACH who="0" step="1"/><D57/><REACH who="0" ten="195,288,286,221" step="2"/><U28/><E28/><V123/><F123/><W25/><G25/><T43/><AGARI ba="0,1" hai="41,43,44,47,48,50,77,83,84,93,94,95,109,111" machi="43" ten="30,7900,0" yaku="1,1,2,1,0,1,9,1,53,0" doraHai="56" doraHaiUra="21" who="0" fromWho="0" sc="195,89,288,-20,286,-39,221,-20" /><INIT seed="3,0,0,1,2,115" ten="284,268,247,201" oya="3" hai0="63,48,87,85,56,100,11,128,117,134,57,90,75" hai1="15,50,26,25,14,51,129,96,13,121,79,102,118" hai2="104,24,67,41,68,0,30,18,33,65,38,6,70" hai3="120,81,97,114,95,8,72,123,105,21,43,61,60"/><W101/><G114/><T39/><D117/><U77/><E121/><V126/><F126/><W47/><G60/><T37/><D75/><U116/><E129/><V32/><F18/><W31/><G8/><T53/><D134/><U5/><E5/><V19/><F19/><W12/><G105/><T22/><D100/><U98/><E15/><V16/><F104/><W92/><G92/><T99/><D99/><U130/><E130/><V113/><F113/><W78/><G61/><T62/><D87/><U4/><E4/><V103/><F103/><AGARI ba="0,0" hai="13,14,25,26,50,51,77,79,96,98,102,103,116,118" machi="103" ten="25,6400,0" yaku="22,2,52,2" doraHai="115" who="1" fromWho="2" sc="284,0,268,64,247,-64,201,0" owari="284,8.4,332,43.2,183,-31.7,201,-19.9" /></mjloggm>