<mjloggm ver="2.3"><GO type="225" lobby="0"/><UN n0="%E3%83%96%E3%83%83%E3%83%91%E3%82%AA%E3%83%96%E3%83%81%E3%82%AD%E3%83%B3" n1="%E5%B6%BA%E4%B8%8A%E5%92%B2" n2="%E6%81%AC%E6%B7%A1%E5%AF%82%E5%AF%9E" n3="%E3%81%8B%E3%82%8F%E3%81%A1%E3%82%83%E3%82%93%35%38" dan="17,16,16,16" rate="2198.21,2137.11,2123.38,2181.48" sx="M,F,F,M"/><TAIKYOKU oya="0"/><INIT seed="0,0,0,3,0,92" ten="250,250,250,250" oya="0" hai0="90,76,72,95,115,59,131,96,55,128,127,36,86" hai1="135,39,79,85,19,42,23,13,99,29,44,125,88" hai2="46,18,130,124,74,4,126,31,20,97,26,68,84" hai3="67,120,94,113,117,104,43,30,101,10,38,21,123"/><T51/><D115/><U105/><E135/><V54/><F74/><W122/><G113/><T25/><D127/><N who="2" m="48682" /><F68/><W17/><G117/><T129/><D36/><U48/><E125/><V7/><F84/><W98/><G67/><T69/><D69/><U133/><E133/><V41/><F54/><W64/><G64/><T34/><D72/><U35/><E35/><V65/><F65/><W6/><G30/><T24/><REACH who="0" step="1"/><D34/><REACH who="0" ten="240,250,250,250" step="2"/><U1/><E39/><N who="2" m="21823" /><F130/><W93/><G38/><T8/><D8/><U73/><E73/><V118/><F118/><W62/><G43/><T109/><D109/><U14/><E42/><V70/><F70/><W112/><G112/><T0/><D0/><U103/><E1/><V119/><F119/><W78/><G62/><T121/><D121/><U100/><E48/><V77/><F20/><W114/><G114/><T75/><D75/><U58/><E23/><V111/><F111/><W81/><G10/><T132/><D132/><U47/><E58/><V107/><F31/><W57/><G57/><T27/><D27/><U12/><E29/><V33/><F26/><N who="3" m="14639" /><G6/><T108/><D108/><U28/><E28/><V71/><F71/><W87/><AGARI ba="0,1" hai="78,81,87,93,94,98,101,104,120,122,123" m="14639" machi="87" ten="30,2000,0" yaku="13,1,52,1" doraHai="92" who="3" fromWho="3" sc="240,-10,250,-5,250,-5,250,30" /><INIT seed="1,0,0,0,1,7" ten="230,245,245,280" oya="1" hai0="83,119,87,117,62,48,109,28,22,88,12,91,59" hai1="50,125,68,13,100,29,0,54,37,112,4,130,115" hai2="52,106,57,94,104,25,124,16,90,63,70,20,42" hai3="45,66,118,47,10,103,76,8,107,31,108,43,85"/><U64/><E37/><V73/><F73/><W56/><G107/><T2/><D2/><U21/><E0/><V111/><F111/><W60/><G108/><T84/><D109/><U89/><E130/><V86/><F124/><W61/><G118/><T120/><D120/><U15/><E125/><V82/><F70/><W27/><G103/><T128/><D128/><U135/><E100/><V127/><F127/><W116/><G116/><T69/><D69/><U99/><E135/><V30/><F42/><W131/><G131/><T9/><D48/><U121/><E121/><V129/><F129/><W67/><G76/><T19/><D28/><U105/><E105/><V41/><F41/><W122/><G85/><T35/><D35/><U72/><E72/><V134/><F134/><W32/><G122/><T101/><D101/><U34/><E34/><V95/><F30/><W110/><G110/><T123/><D22/><U71/><E71/><V11/><F11/><W98/><G98/><T3/><D3/><U36/><E36/><V51/><F51/><W49/><G47/><T58/><D58/><AGARI ba="0,0" hai="8,10,27,31,32,43,45,49,56,58,60,61,66,67" machi="58" ten="30,7700,0" yaku="7,1,9,1,52,2" doraHai="7" who="3" fromWho="0" sc="230,-77,245,0,245,0,280,77" /><INIT seed="2,0,0,5,4,37" ten="153,245,245,357" oya="2" hai0="98,132,82,67,27,126,65,95,52,36,97,96,1" hai1="20,104,119,12,49,60,121,78,24,81,128,5,76" hai2="75,68,61,108,102,40,120,22,87,66,134,25,86" hai3="6,79,17,64,59,99,30,8,38,10,127,70,3"/><V74/><F120/><W115/><G70/><T73/><D1/><U33/><E104/><V51/><F102/><W2/><G38/><T122/><D122/><U71/><E119/><V41/><F134/><W9/><G79/><T13/><D132/><U35/><E128/><V113/><F113/><W14/><G99/><T107/><D126/><U100/><E121/><V133/><F133/><W83/><G83/><T105/><D36/><U16/><E100/><V90/><F86/><W69/><G69/><T26/><D95/><U114/><E114/><V34/><F34/><W106/><G59/><T42/><D73/><U45/><E71/><V53/><F75/><W19/><G64/><N who="0" m="24651" /><D82/><U110/><E110/><V55/><F74/><W4/><G106/><N who="0" m="40459" /><D13/><U129/><E129/><V93/><F108/><W48/><G48/><T15/><D15/><U50/><E50/><V54/><REACH who="2" step="1"/><F51/><REACH who="2" ten="153,245,235,357" step="2"/><W101/><G101/><T46/><D98/><U117/><E35/><V63/><F63/><W111/><G115/><T123/><D97/><U29/><E60/><V116/><F116/><W118/><G118/><T85/><D96/><U84/><E117/><V31/><AGARI ba="0,1" hai="22,25,31,40,41,53,54,55,61,66,68,87,90,93" machi="31" ten="30,11700,0" yaku="1,1,0,1,52,2,53,0" doraHai="37" doraHaiUra="103" who="2" fromWho="2" sc="153,-39,245,-39,235,127,357,-39" /><INIT seed="2,1,0,1,2,53" ten="114,206,362,318" oya="2" hai0="110,81,101,107,120,127,4,34,14,125,134,100,109" hai1="94,135,22,8,119,3,112,130,44,55,48,91,65" hai2="99,24,90,133,74,26,27,38,84,16,104,25,124" hai3="46,117,29,66,0,87,103,32,36,132,13,23,77"/><V128/><F38/><W72/><G117/><T58/><D34/><U31/><E112/><V17/><F74/><W42/><G132/><T37/><D37/><U69/><E130/><V49/><F124/><N who="0" m="47690" /><D4/><U60/><E135/><V108/><F128/><W41/><G103/><N who="0" m="39499" /><D14/><U71/><E119/><V105/><F99/><W116/><G87/><T121/><D134/><U1/><E69/><V63/><F63/><W85/><G66/><T123/><D58/><U11/><E1/><V82/><F133/><W12/><G12/><T76/><D107/><U75/><E75/><AGARI ba="1,0" hai="75,76,81,109,110,120,121,123" m="39499,47690" machi="75" ten="40,5200,0" yaku="18,1,34,2" doraHai="53" who="0" fromWho="1" sc="114,55,206,-55,362,0,318,0" /><INIT seed="3,0,0,4,2,80" ten="169,151,362,318" oya="3" hai0="20,108,99,39,82,13,109,110,101,35,119,23,65" hai1="26,7,120,34,44,94,63,116,54,75,118,60,126" hai2="29,25,66,47,81,9,5,45,53,78,76,83,87" hai3="113,4,40,0,85,79,10,111,104,56,55,121,31"/><W36/><G113/><T96/><D119/><N who="1" m="45611" /><E120/><V58/><F66/><W57/><G121/><T133/><D133/><U91/><E75/><V11/><F83/><W95/><G104/><T2/><D109/><U72/><E72/><V84/><F78/><W105/><G105/><T12/><D110/><U103/><E7/><V122/><F87/><W62/><G111/><T67/><D108/><U134/><E103/><V127/><F127/><W24/><G40/><T17/><D101/><U14/><E126/><V6/><F6/><W125/><G36/><T27/><D2/><U33/><E134/><V102/><F102/><W131/><G131/><T68/><D39/><U98/><E14/><N who="2" m="5423" /><F11/><W124/><G57/><T129/><D13/><U92/><E92/><V100/><F100/><W74/><G74/><T1/><D1/><U49/><E26/><V123/><F123/><W115/><G115/><T69/><D129/><U86/><E98/><V32/><F32/><AGARI ba="0,0" hai="32,33,34,44,49,54,60,63,86,91,94" m="45611" machi="32" ten="30,2000,0" yaku="12,1,52,1" doraHai="80" who="1" fromWho="2" sc="169,0,151,20,362,-20,318,0" owari="169,-33.1,171,-22.9,342,44.2,318,11.8" /></mjloggm>