<mjloggm ver="2.3"><GO type="225" lobby="0"/><UN n0="%E3%83%96%E3%83%83%E3%83%91%E3%82%AA%E3%83%96%E3%83%81%E3%82%AD%E3%83%B3" n1="%E3%82%BC%E3%83%AB%E3%83%80%E3%81%AE%E4%BC%9D%E8%AA%AC" n2="%E7%9A%AE%E3%80%85" n3="%E3%83%B4%E3%83%A0%EF%BC%99%E3%81%A6" dan="17,17,16,17" rate="2189.83,2127.24,2169.77,2154.21" sx="M,M,F,M"/><TAIKYOKU oya="0"/><INIT seed="0,0,0,0,2,85" ten="250,250,250,250" oya="0" hai0="40,133,2,87,4,71,90,103,42,47,3,5,73" hai1="104,30,62,56,126,78,32,97,75,100,94,31,17" hai2="92,0,69,22,123,36,86,27,111,124,84,79,51" hai3="24,12,101,34,117,37,77,82,118,28,120,35,70"/><T119/><D119/><U19/><E126/><V15/><F123/><W26/><G120/><T39/><D73/><U45/><E104/><V128/><F36/><W67/><G37/><T52/><D71/><U114/><E114/><V29/><F0/><W72/><G101/><T108/><D133/><U106/><E106/><V134/><F69/><W81/><G12/><T116/><D116/><U99/><E99/><V16/><F134/><W110/><G110/><T13/><D108/><U65/><E75/><V115/><F111/><W18/><G81/><N who="0" m="49519" /><D2/><U83/><E45/><V46/><F115/><W89/><G89/><T107/><D107/><U98/><E98/><V59/><F124/><W132/><G132/><T33/><D33/><U41/><E41/><N who="0" m="15977" /><D3/><U102/><E102/><V130/><F79/><W93/><G93/><T95/><D13/><U121/><E121/><V43/><F92/><W113/><G113/><T74/><D74/><U63/><E32/><V91/><F91/><W125/><G125/><T88/><D103/><U135/><E135/><V9/><REACH who="2" step="1"/><F59/><REACH who="2" ten="250,250,240,250" step="2"/><W44/><G118/><T109/><D39/><U50/><E78/><V61/><F61/><N who="3" m="40303" /><G117/><T66/><D109/><U76/><E63/><V8/><F8/><W58/><G58/><T96/><D66/><U60/><E65/><V55/><F55/><W112/><G112/><T14/><D14/><U80/><E76/><V131/><AGARI ba="0,1" hai="9,15,16,22,27,29,43,46,51,84,86,128,130,131" machi="131" ten="30,7900,0" yaku="1,1,0,1,19,1,54,1,53,0" doraHai="85" doraHaiUra="105" who="2" fromWho="2" sc="250,-39,250,-20,240,89,250,-20" /><INIT seed="1,0,0,5,2,85" ten="211,230,329,230" oya="1" hai0="127,11,77,94,40,75,122,86,50,23,35,107,57" hai1="0,78,117,126,109,89,91,73,60,87,104,15,2" hai2="135,32,101,18,90,21,124,29,116,10,69,38,80" hai3="121,22,33,19,63,24,5,103,123,95,82,74,8"/><U79/><E117/><V120/><F116/><W56/><G74/><T132/><D35/><U34/><E34/><V113/><F120/><W105/><G105/><T128/><D127/><U27/><E104/><V36/><F124/><W111/><G111/><T88/><D122/><U108/><E126/><V28/><F69/><W118/><G118/><T55/><D128/><U42/><E27/><V1/><F135/><W66/><G82/><T54/><D132/><U96/><E42/><V17/><F101/><W93/><G93/><T7/><D107/><U45/><E45/><V119/><F119/><W9/><G9/><T20/><D40/><U134/><E134/><V99/><F113/><W37/><G37/><T3/><REACH who="0" step="1"/><D55/><REACH who="0" ten="201,230,329,230" step="2"/><U106/><E106/><V51/><F32/><W102/><G33/><T26/><D26/><U133/><E133/><V76/><F36/><W41/><G41/><T129/><D129/><U92/><E109/><V39/><F39/><W83/><G121/><T31/><D31/><U65/><E108/><V4/><F38/><W131/><G131/><T84/><D84/><U12/><E73/><V81/><F29/><W46/><G123/><T71/><D71/><U115/><E115/><V47/><F28/><W112/><G112/><T130/><D130/><U43/><E43/><V14/><F47/><W6/><G46/><T64/><D64/><U52/><E65/><V100/><F51/><W59/><G66/><T30/><D30/><U48/><E48/><V53/><F53/><W61/><G24/><T72/><D72/><U62/><E52/><V13/><F76/><RYUUKYOKU ba="0,1" sc="201,30,230,-10,329,-10,230,-10" hai0="3,7,11,20,23,50,54,57,75,77,86,88,94" /><INIT seed="2,1,1,0,5,5" ten="231,220,319,220" oya="2" hai0="131,125,66,129,84,78,82,92,133,97,14,116,24" hai1="64,41,59,30,127,114,34,19,128,1,96,70,18" hai2="74,117,12,26,37,90,134,79,6,10,107,32,39" hai3="76,65,46,62,20,67,4,122,73,45,49,104,60"/><V63/><F117/><W120/><G104/><T85/><D116/><U51/><E114/><V43/><F107/><W27/><G4/><T109/><D66/><N who="3" m="25097" /><G73/><T80/><D109/><U108/><E1/><V8/><F134/><W130/><G76/><T112/><D112/><U0/><E0/><V94/><F63/><N who="3" m="24107" /><G20/><T91/><D24/><U68/><E64/><V35/><F43/><N who="3" m="24767" /><G27/><T2/><D2/><U22/><E22/><V38/><F26/><W132/><G130/><N who="0" m="49675" /><D14/><U31/><E34/><V23/><F23/><W135/><G46/><T11/><D133/><AGARI ba="1,1" hai="120,122,132,133,135" m="24767,24107,25097" machi="133" ten="30,3900,0" yaku="20,1,34,2" doraHai="5" who="3" fromWho="0" sc="231,-42,220,0,319,0,220,52" /><INIT seed="3,0,0,4,4,94" ten="189,220,319,272" oya="3" hai0="79,28,64,30,71,115,121,34,122,46,26,15,3" hai1="7,25,132,44,78,124,4,53,74,57,54,83,111" hai2="131,31,62,1,105,14,9,29,89,32,104,5,21" hai3="99,33,113,51,37,87,19,100,27,13,58,61,70"/><W48/><G37/><T92/><D3/><U36/><E111/><V72/><F72/><W128/><G113/><T90/><D115/><U12/><E124/><V23/><F131/><W134/><G128/><T102/><D79/><U107/><E107/><V18/><F89/><W22/><G134/><T86/><D30/><U73/><E132/><V118/><F118/><W38/><G38/><T49/><D102/><U68/><E68/><V81/><F81/><W103/><G103/><T42/><D71/><U0/><E73/><V69/><F23/><W11/><G87/><T123/><D64/><U52/><E25/><N who="2" m="18543" /><F29/><N who="3" m="17655" /><G33/><T40/><REACH who="0" step="1"/><D15/><REACH who="0" ten="179,220,319,272" step="2"/><U47/><E12/><V65/><AGARI ba="0,1" hai="1,5,9,14,18,21,62,65,69,104,105" m="18543" machi="65" ten="30,1100,0" yaku="24,1" doraHai="94" who="2" fromWho="2" sc="179,-3,220,-3,319,21,272,-5" owari="176,-32.4,217,-18.3,340,44.0,267,6.7" /></mjloggm>