<mjloggm ver="2.3"><GO type="225" lobby="0"/><UN n0="%E3%83%A2%E3%83%B3%E3%82%AD%E3%83%BC%E3%83%88%E3%83%AA%E3%83%83%E3%82%AF" n1="%E3%83%B4%E3%83%A0%EF%BC%99%E3%81%A6" n2="%E3%81%90%E3%81%A1%E3%82%84%E3%81%BE" n3="%E3%80%93%E3%81%97%E3%83%BC%E3%82%89%E3%80%93" dan="16,16,16,17" rate="2167.79,2123.86,2127.44,2152.40" sx="M,M,M,M"/><TAIKYOKU oya="0"/><INIT seed="0,0,0,3,4,32" ten="250,250,250,250" oya="0" hai0="52,13,9,90,87,63,96,122,27,65,94,95,99" hai1="22,127,123,56,15,103,48,133,112,12,98,81,62" hai2="76,135,70,66,47,25,50,0,79,44,1,71,8" hai3="105,109,108,60,75,101,6,29,45,93,128,20,54"/><T58/><D122/><U36/><E123/><V130/><F130/><W115/><G75/><T3/><D3/><U43/><E36/><V74/><F74/><W88/><G115/><T102/><D27/><U24/><E112/><V86/><F25/><N who="3" m="16551" /><G128/><T107/><D65/><U33/><E127/><V100/><F66/><W73/><G73/><T16/><REACH who="0" step="1"/><D96/><REACH who="0" ten="240,250,250,250" step="2"/><U30/><E24/><V46/><F0/><W119/><G109/><T78/><D78/><U132/><E98/><V17/><F1/><W14/><G108/><T21/><D21/><U40/><E22/><V10/><F79/><W4/><G14/><T77/><D77/><U91/><E12/><V118/><F76/><W5/><G119/><T37/><D37/><U18/><E15/><V126/><F118/><W82/><G5/><T35/><D35/><U120/><E33/><V69/><F8/><W53/><G6/><T111/><D111/><U125/><E120/><V49/><F10/><W72/><G4/><T129/><D129/><U57/><E133/><V23/><F135/><W51/><G72/><T83/><AGARI ba="0,1" hai="9,13,16,52,58,63,83,87,90,94,95,99,102,107" machi="83" ten="20,12000,1" yaku="1,1,0,1,7,1,54,2,53,0" doraHai="32" doraHaiUra="42" who="0" fromWho="0" sc="240,130,250,-40,250,-40,250,-40" /><INIT seed="0,1,0,3,3,15" ten="370,210,210,210" oya="0" hai0="78,90,1,76,39,80,27,61,37,85,21,126,16" hai1="105,18,32,20,74,54,68,40,100,120,5,71,46" hai2="67,36,70,118,58,34,59,9,121,114,26,24,132" hai3="0,11,115,134,117,72,48,2,129,131,87,116,3"/><T103/><D1/><U79/><E120/><V130/><F121/><W35/><G72/><T62/><D126/><U31/><E5/><V13/><F114/><W81/><G115/><T7/><D7/><U47/><E32/><V128/><F36/><W84/><G35/><T89/><D103/><U73/><E31/><V51/><F132/><W64/><G134/><T111/><D111/><U63/><E100/><V6/><F118/><W56/><G11/><T69/><D39/><U38/><E105/><V41/><F70/><W30/><G30/><T28/><D37/><U43/><E54/><V12/><F12/><W77/><G87/><N who="0" m="50407" /><D28/><U57/><E38/><V83/><F83/><W133/><G133/><T101/><D101/><U93/><E68/><V22/><F34/><W4/><G4/><T107/><D69/><U125/><E125/><V75/><F75/><W108/><G108/><T14/><D27/><U96/><E71/><V119/><F119/><W94/><G94/><N who="0" m="54607" /><D107/><U8/><E73/><V86/><F86/><W98/><G98/><T112/><D112/><U113/><E113/><V104/><F104/><W10/><G10/><T25/><D25/><N who="2" m="9834" /><F22/><W106/><G106/><T65/><D65/><N who="1" m="39151" /><E20/><V97/><F97/><W52/><REACH who="3" step="1"/><G64/><REACH who="3" ten="370,210,210,200" step="2"/><T91/><D91/><N who="1" m="55359" /><E74/><V50/><F67/><W122/><G122/><T124/><D124/><U82/><E79/><AGARI ba="1,1" hai="14,16,21,61,62,76,78,79" m="54607,50407" machi="79" ten="30,5800,0" yaku="8,1,52,1,54,1" doraHai="15" who="0" fromWho="1" sc="370,71,210,-61,210,0,200,0" /><INIT seed="0,2,0,3,2,44" ten="441,149,210,200" oya="0" hai0="115,57,120,92,110,53,84,2,21,65,19,70,7" hai1="13,78,59,14,132,63,87,124,128,32,10,51,135" hai2="105,66,101,114,40,94,95,75,52,45,85,39,98" hai3="60,67,99,102,133,49,18,30,122,50,64,109,90"/><T46/><D115/><U130/><E32/><V37/><F114/><W89/><G122/><T42/><D120/><U86/><E63/><V62/><F75/><W123/><G123/><T20/><D7/><U24/><E24/><V36/><F52/><W76/><G109/><T77/><D2/><U113/><E113/><V9/><F9/><W41/><G133/><N who="1" m="51274" /><E124/><V83/><F36/><W71/><G41/><T15/><D110/><U22/><E22/><V17/><F17/><W96/><G30/><T112/><D112/><U125/><E125/><V81/><F37/><W55/><G76/><T103/><D70/><U47/><E59/><V48/><F39/><W1/><G1/><T34/><D34/><U5/><E13/><V3/><F3/><W11/><G71/><T107/><D107/><U117/><E117/><V54/><F40/><W97/><G102/><T116/><D65/><N who="3" m="25161" /><G60/><T38/><D116/><U106/><E106/><V8/><F8/><W91/><G55/><T68/><D68/><U119/><E119/><V104/><F104/><W12/><AGARI ba="2,0" hai="11,12,18,49,50,89,90,91,96,97,99" m="25161" machi="12" ten="40,5200,0" yaku="8,1,52,2" doraHai="44" who="3" fromWho="3" sc="441,-28,149,-15,210,-15,200,58" /><INIT seed="1,0,0,2,0,52" ten="413,134,195,258" oya="1" hai0="100,19,63,122,119,98,53,11,30,22,114,81,118" hai1="123,67,130,26,60,59,5,33,75,126,128,58,97" hai2="111,48,20,18,107,73,121,37,47,51,15,110,57" hai3="108,6,62,29,12,28,125,91,35,54,8,39,85"/><U27/><E123/><V23/><F121/><W40/><G108/><N who="2" m="41513" /><F107/><W115/><G115/><T72/><D114/><U83/><E126/><V96/><F73/><W14/><G125/><T41/><D122/><U102/><E5/><V2/><F2/><W90/><G39/><T78/><D41/><U16/><E33/><V17/><F96/><W127/><G127/><T38/><D38/><U36/><E36/><V65/><F37/><W71/><G40/><T10/><D30/><N who="3" m="11881" /><G71/><T74/><D74/><U55/><E75/><V69/><F69/><W64/><G64/><T112/><D112/><U89/><E89/><N who="3" m="33802" /><G35/><T9/><D53/><U25/><E83/><V93/><F93/><W120/><G120/><T68/><D63/><U94/><REACH who="1" step="1"/><E16/><REACH who="1" ten="413,124,195,258" step="2"/><V76/><F76/><W88/><G6/><T82/><D82/><U66/><E66/><V43/><F65/><W31/><G31/><T135/><D81/><U86/><E86/><V129/><F129/><W61/><G8/><T24/><D72/><U34/><E34/><V32/><F32/><W105/><G85/><T103/><D11/><U0/><E0/><V116/><F116/><W13/><G88/><T132/><D9/><U77/><E77/><V124/><F124/><W3/><G3/><T104/><D78/><U49/><AGARI ba="0,1" hai="25,26,27,49,55,58,59,60,67,94,97,102,128,130" machi="49" ten="30,11700,0" yaku="1,1,0,1,52,2,53,0" doraHai="52" doraHaiUra="117" who="1" fromWho="1" sc="413,-39,124,127,195,-39,258,-39" /><INIT seed="1,1,0,5,5,50" ten="374,251,156,219" oya="1" hai0="70,45,87,35,122,82,115,121,63,93,17,59,14" hai1="76,67,36,27,31,123,133,88,79,2,49,129,117" hai2="71,124,132,23,81,101,127,62,39,74,104,4,77" hai3="90,48,53,51,118,1,102,52,56,68,109,9,22"/><U107/><E36/><V57/><F39/><W37/><G37/><T113/><D35/><U112/><E112/><N who="0" m="43081" /><D70/><U73/><E117/><V131/><F71/><W16/><G68/><T5/><D45/><U13/><E2/><V99/><F131/><W25/><G118/><T10/><D93/><U54/><E129/><V12/><F132/><W75/><G75/><T42/><D42/><U7/><E107/><V119/><F119/><W65/><G109/><T18/><D87/><U84/><E133/><V58/><F58/><N who="3" m="33031" /><G1/><T116/><D82/><N who="1" m="49175" /><E73/><V29/><F29/><N who="3" m="17591" /><G102/><T21/><D116/><U130/><E130/><V66/><REACH who="2" step="1"/><F4/><REACH who="2" ten="374,251,146,219" step="2"/><W40/><G56/><T94/><D59/><N who="1" m="33231" /><E123/><V80/><F80/><W61/><G16/><AGARI ba="1,1" hai="12,16,23,57,62,66,74,77,81,99,101,104,124,127" machi="16" ten="40,2600,0" yaku="1,1,54,1,53,0" doraHai="50" doraHaiUra="24" who="2" fromWho="3" sc="374,0,251,0,146,39,219,-29" /><INIT seed="2,0,0,2,1,20" ten="374,251,185,190" oya="2" hai0="118,91,83,125,49,70,112,29,66,13,8,130,39" hai1="19,100,21,15,52,45,78,103,3,88,64,62,82" hai2="105,61,7,92,56,124,115,35,28,84,43,16,33" hai3="47,120,97,68,96,36,46,71,32,72,9,108,1"/><V51/><F105/><W113/><G120/><T25/><D39/><U80/><E3/><V30/><F115/><W48/><G113/><T5/><D112/><U98/><E64/><V44/><F7/><W55/><G108/><T81/><D118/><U93/><E80/><V60/><F124/><W38/><G32/><T40/><D125/><U133/><E133/><V4/><F4/><W57/><G72/><T89/><D70/><N who="3" m="26665" /><G97/><T76/><D66/><U86/><E45/><N who="3" m="16906" /><G96/><T102/><D102/><U94/><E94/><V101/><F35/><W11/><G11/><T34/><D81/><U69/><E69/><V24/><F33/><W117/><G9/><T79/><D76/><U116/><E116/><V12/><F101/><W77/><G77/><T85/><D130/><U104/><E104/><V87/><F92/><W114/><G1/><T63/><D63/><N who="2" m="24138" /><F56/><AGARI ba="0,0" hai="15,19,21,52,56,62,78,82,86,88,93,98,100,103" machi="56" ten="40,5200,0" yaku="8,1,54,2" doraHai="20" who="1" fromWho="2" sc="374,0,251,52,185,-52,190,0" /><INIT seed="3,0,0,1,5,127" ten="374,303,133,190" oya="3" hai0="112,123,110,128,8,125,113,14,102,13,81,82,66" hai1="120,50,90,118,7,101,117,99,130,16,106,2,57" hai2="135,47,24,109,20,79,85,35,83,31,58,28,108" hai3="38,71,53,76,105,133,129,87,0,36,52,95,6"/><W74/><G105/><T30/><D123/><U77/><E120/><V122/><F122/><W80/><G71/><T61/><D125/><U54/><E77/><V84/><F135/><W69/><G69/><T1/><D1/><U132/><E132/><V18/><F47/><W96/><G133/><T42/><D42/><U126/><E126/><V15/><F31/><W3/><G87/><T9/><D30/><U119/><E90/><V67/><REACH who="2" step="1"/><F84/><REACH who="2" ten="374,303,123,190" step="2"/><N who="3" m="48135" /><G36/><T114/><D110/><U33/><E33/><V78/><F78/><W131/><G38/><T25/><D114/><U5/><E2/><V40/><F40/><W23/><G0/><T59/><D112/><U34/><E34/><V134/><F134/><W29/><G3/><T46/><D113/><U124/><E124/><V21/><F21/><W60/><G29/><T98/><D46/><U41/><E41/><V32/><F32/><W44/><G23/><T111/><D111/><U103/><E103/><V68/><F68/><W22/><G44/><T97/><D102/><U45/><E45/><V17/><F17/><W116/><G22/><T65/><D59/><U11/><REACH who="1" step="1"/><E130/><REACH who="1" ten="374,293,123,190" step="2"/><V72/><F72/><W12/><G74/><T93/><D128/><U27/><E27/><V88/><F88/><W121/><G131/><T63/><D25/><U49/><E49/><V104/><F104/><W89/><G129/><T39/><D39/><U100/><E100/><V19/><F19/><W70/><G121/><T37/><D37/><U73/><E73/><V51/><F51/><W64/><G70/><T26/><D26/><U43/><E43/><RYUUKYOKU ba="0,2" sc="374,10,293,10,123,10,190,-30" hai0="8,9,13,14,61,63,65,66,81,82,93,97,98" hai1="5,7,11,16,50,54,57,99,101,106,117,118,119" hai2="15,18,20,24,28,35,58,67,79,83,85,108,109" owari="404,50.4,303,10.3,133,-36.7,160,-24.0" /></mjloggm>