<mjloggm ver="2.3"><GO type="225" lobby="0"/><UN n0="%E3%82%AF%E3%82%A3%E3%82%A6" n1="%E7%89%B9%E6%9D%B1%E3%81%AF%E4%B8%96%E7%95%8C%E3%82%92%E6%95%91%E3%81%86" n2="%E4%BF%BA%E3%81%A8%E5%A6%96%E5%A4%A2" n3="%E3%82%A2%E3%82%A4%E3%82%B9%E3%83%86%E3%82%A3%E3%83%BC%E3%81%82%E3%81%B9" dan="16,16,16,16" rate="2054.49,2188.98,2167.21,2070.24" sx="M,M,F,M"/><TAIKYOKU oya="0"/><INIT seed="0,0,0,5,4,66" ten="250,250,250,250" oya="0" hai0="2,117,5,62,72,18,67,41,119,4,101,127,132" hai1="30,31,48,34,37,88,99,44,24,83,90,122,9" hai2="94,124,115,126,77,64,32,19,85,50,98,25,102" hai3="57,133,14,0,91,39,76,130,135,21,52,114,103"/><T95/><D72/><U86/><E122/><V60/><F115/><W106/><G0/><T43/><D127/><N who="2" m="48682" /><F50/><W23/><G114/><T27/><D132/><N who="3" m="50761" /><G39/><T68/><D2/><U38/><E31/><N who="2" m="19567" /><F19/><W74/><G130/><T29/><D18/><U3/><E3/><V84/><F77/><W92/><G14/><T22/><D119/><U56/><E9/><V70/><AGARI ba="0,0" hai="60,64,70,84,85,94,98,102" m="19567,48682" machi="70" ten="30,2000,0" yaku="18,1,52,1" doraHai="66" who="2" fromWho="2" sc="250,-10,250,-5,250,20,250,-5" /><INIT seed="1,0,0,3,1,94" ten="240,245,270,245" oya="1" hai0="53,107,15,130,118,39,104,86,46,18,12,11,105" hai1="81,77,3,20,89,44,83,57,45,91,128,68,54" hai2="51,14,115,22,110,21,4,24,47,59,69,67,27" hai3="82,34,122,113,96,87,64,13,135,123,109,78,88"/><U119/><E119/><V61/><F110/><W121/><G34/><T0/><D118/><U79/><E68/><V38/><F115/><W132/><G64/><T36/><D130/><U71/><E71/><V111/><F111/><W93/><G109/><T100/><D86/><U74/><E3/><V6/><F38/><W66/><G66/><T37/><D53/><U2/><E2/><V72/><F72/><N who="3" m="43335" /><G13/><T133/><D133/><N who="3" m="51273" /><G113/><T101/><D46/><U42/><E128/><V102/><F102/><W16/><G16/><T84/><D84/><AGARI ba="0,0" hai="84,87,88,93,96,121,122,123" m="51273,43335" machi="84" ten="40,8000,1" yaku="20,1,34,2,52,1,54,1" doraHai="94" who="3" fromWho="0" sc="240,-80,245,0,270,0,245,80" /><INIT seed="2,0,0,3,0,58" ten="160,245,270,325" oya="2" hai0="129,91,85,111,130,83,126,55,0,113,19,35,36" hai1="70,32,56,17,132,20,79,107,38,6,45,30,13" hai2="97,48,24,63,105,3,67,80,8,39,23,29,96" hai3="31,119,64,84,15,112,116,52,43,61,76,121,110"/><V37/><F80/><W7/><G121/><T22/><D113/><U74/><E70/><V114/><F114/><W28/><G112/><T46/><D35/><U77/><E107/><V5/><F48/><W92/><G110/><T65/><D111/><U44/><E132/><V93/><F105/><W11/><G43/><T127/><D0/><U62/><E74/><V75/><F75/><W57/><G119/><T88/><D65/><U109/><E109/><V9/><F9/><W53/><G116/><T106/><D106/><U33/><E6/><V14/><F3/><W115/><G115/><T59/><D36/><U25/><E32/><V122/><F96/><W78/><G92/><T4/><D46/><U87/><E87/><V101/><REACH who="2" step="1"/><F122/><REACH who="2" ten="160,245,260,325" step="2"/><W68/><G84/><T134/><D134/><U16/><E38/><V21/><F21/><W99/><G99/><T133/><D133/><U128/><E20/><V90/><F90/><W120/><G120/><T54/><D91/><U41/><E33/><V66/><F66/><W103/><G64/><T12/><D4/><U82/><E82/><V42/><F42/><W60/><G11/><T100/><D100/><U135/><E41/><V10/><F10/><W124/><G103/><T51/><REACH who="0" step="1"/><D54/><REACH who="0" ten="150,245,260,325" step="2"/><U47/><E135/><V117/><F117/><W94/><G52/><T102/><D102/><U95/><E44/><V2/><F2/><W69/><G53/><T86/><D86/><U34/><E47/><V98/><F98/><W40/><G7/><T18/><D18/><U104/><E45/><V81/><F81/><W26/><G40/><RYUUKYOKU ba="0,2" sc="150,15,245,-15,260,15,325,-15" hai0="12,19,22,51,55,59,83,85,88,126,127,129,130" hai2="5,8,14,23,24,29,37,39,63,67,93,97,101" /><INIT seed="2,1,2,3,0,103" ten="165,230,275,310" oya="2" hai0="54,59,72,14,22,46,97,39,127,80,37,15,119" hai1="105,33,88,81,109,78,13,8,62,87,113,9,134" hai2="19,132,125,2,35,117,98,49,107,17,30,32,104" hai3="94,112,116,53,74,20,93,99,7,106,12,23,31"/><V67/><F117/><W48/><G116/><T45/><D119/><U100/><E113/><V114/><F114/><W3/><G74/><T130/><D127/><U110/><E33/><V50/><F67/><W34/><G3/><T118/><D118/><U75/><E134/><V96/><F2/><W4/><G106/><T0/><D130/><U60/><E60/><V124/><F30/><W85/><G34/><T129/><D129/><U11/><E62/><V18/><REACH who="2" step="1"/><F17/><REACH who="2" ten="165,230,265,310" step="2"/><W43/><G31/><T71/><D0/><U38/><E38/><V29/><F29/><W57/><G112/><T66/><D39/><U52/><E110/><V26/><F26/><W65/><G65/><T83/><D37/><U95/><E109/><V36/><F36/><W135/><G135/><AGARI ba="1,3" hai="18,19,32,35,49,50,96,98,104,107,124,125,132,135" machi="135" ten="25,12000,1" yaku="1,1,22,2,52,2,53,0" doraHai="103" doraHaiUra="58" who="2" fromWho="3" sc="165,0,230,0,265,153,310,-123" /><INIT seed="2,2,0,3,4,102" ten="165,230,418,187" oya="2" hai0="69,129,114,63,40,31,53,79,64,91,73,112,98" hai1="67,18,6,21,104,126,39,34,88,1,100,82,5" hai2="116,94,11,26,65,135,36,27,42,9,93,47,130" hai3="30,66,87,55,24,90,132,58,13,81,4,41,46"/><V70/><F116/><W57/><G132/><T16/><D129/><U103/><E34/><V68/><F130/><W59/><G66/><T89/><D40/><U56/><E39/><V12/><F135/><W71/><G71/><T54/><D31/><U127/><E67/><V92/><F9/><W101/><G101/><N who="1" m="38986" /><E56/><V84/><F84/><W118/><G118/><T51/><D73/><U72/><E1/><V60/><REACH who="2" step="1"/><F70/><REACH who="2" ten="165,230,408,187" step="2"/><W52/><G4/><AGARI ba="2,1" hai="4,11,12,26,27,36,42,47,60,65,68,92,93,94" machi="4" ten="40,3900,0" yaku="1,1,2,1,53,0" doraHai="102" doraHaiUra="33" who="2" fromWho="3" sc="165,0,230,0,408,55,187,-45" /><INIT seed="2,3,0,3,3,102" ten="165,230,463,142" oya="2" hai0="80,67,42,44,129,51,104,94,108,113,105,12,107" hai1="101,26,111,46,54,109,103,69,128,17,58,65,35" hai2="34,99,64,89,9,57,132,4,28,36,50,13,98" hai3="8,30,127,120,85,79,21,73,82,52,83,40,77"/><V15/><F36/><W133/><G127/><T76/><D113/><U135/><E128/><V134/><F34/><W72/><G133/><N who="2" m="51305" /><F28/><W78/><G120/><T116/><D108/><N who="1" m="41547" /><E135/><V110/><F110/><W93/><G40/><T63/><D129/><U81/><E46/><V45/><F15/><W56/><G8/><T0/><D0/><U119/><E119/><V88/><F57/><W24/><G93/><T25/><D116/><U86/><E65/><V7/><F7/><W117/><G117/><T68/><D94/><U6/><E69/><V1/><F64/><W33/><G33/><T62/><D62/><N who="1" m="36183" /><E6/><V100/><F1/><W71/><G71/><T130/><D130/><U66/><E66/><V114/><F114/><W11/><G11/><T74/><REACH who="0" step="1"/><D25/><REACH who="0" ten="155,230,463,142" step="2"/><U96/><E26/><V115/><F115/><W106/><G106/><T2/><D2/><U18/><E81/><V23/><F13/><AGARI ba="3,1" hai="12,13,42,44,51,63,67,68,74,76,80,104,105,107" machi="13" ten="40,8000,1" yaku="1,1,52,3,53,1" doraHai="102" doraHaiUra="60" who="0" fromWho="2" sc="155,99,230,0,463,-89,142,0" /><INIT seed="3,0,0,3,5,90" ten="254,230,374,142" oya="3" hai0="12,68,92,8,99,87,118,106,1,69,30,56,71" hai1="55,50,115,85,23,9,124,89,104,43,29,93,73" hai2="98,61,47,15,83,39,100,59,91,58,16,74,26" hai3="109,103,35,128,102,111,101,119,127,48,64,6,79"/><W52/><G119/><T10/><D118/><U80/><E115/><V65/><F26/><W2/><G35/><T135/><D135/><U96/><E124/><V76/><F91/><W41/><G127/><T112/><D112/><U53/><E73/><V84/><F47/><W77/><G128/><T114/><D114/><U31/><E104/><V45/><F45/><W24/><G41/><T4/><D30/><N who="1" m="11275" /><E23/><V123/><F39/><W27/><G64/><T116/><D116/><U21/><E21/><V62/><F123/><W19/><G6/><T125/><D125/><U88/><E9/><V132/><F74/><W57/><G2/><T33/><D33/><U108/><E108/><N who="3" m="41546" /><G19/><T13/><D56/><N who="1" m="32823" /><E55/><V67/><F132/><W60/><G48/><T94/><D106/><U14/><E14/><V95/><F16/><W129/><G129/><T36/><D36/><U72/><E72/><V54/><F54/><W63/><G60/><T18/><D1/><U34/><E34/><V82/><F15/><W17/><G17/><T7/><D18/><U38/><E38/><V32/><F32/><W0/><G0/><T122/><D122/><U117/><E117/><V37/><F37/><W75/><G75/><T3/><D3/><U42/><AGARI ba="0,0" hai="42,43,80,85,88,89,93,96" m="32823,11275" machi="42" ten="30,4000,0" yaku="8,1,52,1,54,1" doraHai="90" who="1" fromWho="1" sc="254,-10,230,40,374,-10,142,-20" owari="244,-15.6,270,7.0,364,46.4,122,-37.8" /></mjloggm>