<mjloggm ver="2.3"><GO type="225" lobby="0"/><UN n0="%E3%83%96%E3%83%83%E3%83%91%E3%82%AA%E3%83%96%E3%83%81%E3%82%AD%E3%83%B3" n1="%E3%83%B4%E3%83%A0%EF%BC%99%E3%81%A6" n2="%E5%A4%8F%E9%88%B4%E9%88%B4%E5%A4%8F" n3="%E7%9A%AE%E3%80%85" dan="16,16,16,16" rate="2100.57,2165.23,2104.21,2147.81" sx="M,M,F,M"/><TAIKYOKU oya="0"/><INIT seed="0,0,0,4,1,113" ten="250,250,250,250" oya="0" hai0="39,9,95,81,80,33,94,112,6,1,117,32,26" hai1="96,104,101,84,72,125,65,128,127,114,60,50,129" hai2="79,54,91,28,46,116,61,78,45,132,12,36,15" hai3="55,124,106,115,67,48,13,25,8,58,4,37,24"/><T87/><D112/><U30/><E50/><V102/><F132/><W29/><G115/><T31/><D39/><U11/><E114/><V34/><F102/><W69/><G37/><T134/><D134/><U99/><E11/><V27/><F116/><W109/><G109/><T64/><D33/><U52/><E30/><V21/><F34/><W43/><G124/><N who="1" m="47690" /><E52/><V66/><F91/><W42/><G106/><T44/><D117/><U68/><E72/><V35/><F35/><W76/><G76/><N who="2" m="29225" /><F66/><W0/><G0/><T73/><D64/><U89/><E96/><V22/><F36/><W57/><G69/><T71/><D71/><U14/><E14/><N who="2" m="5163" /><F21/><N who="3" m="15503" /><G25/><T130/><D73/><U121/><E121/><V103/><F103/><W97/><G97/><T20/><D32/><U5/><E5/><V110/><F110/><W82/><G82/><AGARI ba="0,0" hai="60,65,68,82,84,89,99,101,104,128,129" m="47690" machi="82" ten="30,1000,0" yaku="18,1" doraHai="113" who="1" fromWho="3" sc="250,0,250,10,250,0,250,-10" /><INIT seed="1,0,0,2,1,98" ten="250,260,250,240" oya="1" hai0="36,70,113,110,63,7,15,88,131,119,20,18,50" hai1="14,122,49,103,114,120,118,1,52,6,100,76,34" hai2="53,123,62,104,124,108,55,17,126,10,84,38,105" hai3="25,35,79,82,66,42,127,86,12,92,115,67,128"/><U75/><E114/><V32/><F123/><W94/><G115/><T3/><D113/><U77/><E118/><V31/><F38/><W56/><G128/><T99/><D119/><U24/><E1/><V111/><F84/><W101/><G127/><N who="2" m="48681" /><F31/><W130/><G130/><T89/><D36/><U58/><E122/><V90/><F32/><W37/><G37/><T19/><D110/><N who="2" m="42026" /><F90/><W61/><G61/><T13/><D88/><U64/><E120/><V30/><F30/><W74/><G74/><T125/><D89/><U107/><E107/><N who="2" m="41035" /><F62/><W9/><G86/><T28/><D63/><N who="1" m="38007" /><E75/><V117/><F117/><W48/><G48/><T95/><D50/><U8/><E34/><V72/><F72/><W134/><G35/><T106/><D125/><U57/><E24/><V97/><F97/><W51/><G25/><T2/><D99/><U47/><E47/><V44/><F44/><W96/><G51/><T129/><D129/><U40/><E40/><V116/><F116/><W45/><G42/><T135/><D131/><U4/><E4/><V73/><F73/><W5/><G45/><T68/><D7/><U71/><E71/><V91/><F91/><W112/><G96/><T81/><D70/><U43/><E43/><V16/><F10/><W83/><G9/><T26/><D68/><U93/><E93/><V21/><F17/><W80/><G92/><T78/><D19/><U29/><E29/><V46/><F46/><W0/><G94/><T65/><D18/><U69/><E69/><V33/><F33/><W59/><G112/><T102/><D95/><U87/><E87/><RYUUKYOKU ba="0,0" sc="250,-15,260,15,250,15,240,-15" hai1="6,8,14,49,52,57,76,77,100,103" hai2="16,21,53,55" /><INIT seed="1,1,0,5,5,111" ten="235,275,265,225" oya="1" hai0="6,77,29,27,89,55,53,117,59,9,24,13,21" hai1="56,38,91,51,14,49,17,37,10,4,75,52,133" hai2="34,15,58,28,84,103,93,72,74,112,99,88,106" hai3="90,107,12,22,11,97,2,23,45,110,105,32,44"/><U18/><E133/><V126/><F126/><W8/><G32/><T123/><D123/><U62/><E75/><V85/><F112/><W135/><G110/><T79/><D117/><U78/><E78/><V82/><F58/><W33/><G33/><T86/><D27/><U95/><E38/><V65/><F65/><W68/><G68/><T83/><REACH who="0" step="1"/><D53/><REACH who="0" ten="225,275,265,225" step="2"/><U87/><E37/><V5/><F28/><W7/><G135/><T0/><D0/><U39/><E39/><V134/><F134/><W64/><G2/><T50/><AGARI ba="1,1" hai="6,9,13,21,24,29,50,55,59,77,79,83,86,89" machi="50" ten="20,5200,0" yaku="1,1,0,1,7,1,8,1,53,0" doraHai="111" doraHaiUra="71" who="0" fromWho="0" sc="225,65,275,-27,265,-14,225,-14" /><INIT seed="2,0,0,0,2,96" ten="290,248,251,211" oya="2" hai0="106,34,24,16,4,65,39,129,12,8,79,13,103" hai1="121,130,92,107,102,125,47,67,29,36,25,2,112" hai2="132,72,83,58,84,88,100,56,55,76,74,122,9" hai3="108,30,133,118,113,116,38,86,22,97,73,59,105"/><V104/><F122/><W52/><G73/><T7/><D39/><U48/><E112/><V78/><F132/><W90/><G113/><T99/><D129/><U115/><E115/><V94/><F9/><W135/><G38/><T37/><D37/><U23/><E130/><V42/><F42/><W0/><G0/><T123/><D123/><U11/><E36/><V28/><F28/><W75/><G75/><T50/><D79/><U71/><E107/><V89/><F89/><W44/><G44/><T111/><D111/><U93/><E121/><V45/><F45/><W64/><G64/><T91/><D50/><U49/><E49/><V61/><F58/><W51/><G108/><T85/><D65/><U19/><E125/><V120/><F76/><W5/><G5/><T109/><D109/><U95/><E67/><V15/><F15/><W54/><G54/><T3/><D4/><U69/><E69/><V62/><F72/><W81/><G22/><T114/><D114/><U82/><E71/><V119/><F119/><N who="3" m="45611" /><G30/><T40/><D40/><U26/><E2/><V27/><F27/><W41/><G41/><T18/><D18/><U10/><E26/><V46/><F46/><W101/><G133/><T6/><D6/><U53/><E29/><V126/><F120/><W124/><G124/><T68/><D68/><U77/><E102/><V131/><F131/><W70/><G70/><T31/><REACH who="0" step="1"/><D16/><REACH who="0" ten="280,248,251,211" step="2"/><U80/><E77/><V35/><F126/><W98/><G135/><T32/><D32/><U20/><E20/><V117/><F35/><W21/><G21/><T134/><D134/><RYUUKYOKU ba="0,1" sc="280,10,248,10,251,-30,211,10" hai0="3,7,8,12,13,24,31,34,85,91,99,103,106" hai1="10,11,19,23,25,47,48,53,80,82,92,93,95" hai3="51,52,59,81,86,90,97,98,101,105" /><INIT seed="3,1,1,3,3,45" ten="290,258,221,221" oya="3" hai0="56,80,111,25,88,20,27,28,12,6,60,40,59" hai1="39,29,71,74,79,32,68,8,85,83,67,103,124" hai2="125,37,3,30,10,62,77,129,61,73,7,87,96" hai3="110,95,109,51,69,4,72,82,35,106,21,89,104"/><W98/><G35/><T16/><D111/><N who="3" m="42505" /><G69/><T81/><D40/><U123/><E123/><V2/><F61/><W127/><G127/><T84/><D6/><U55/><E39/><V105/><F62/><W54/><G4/><T58/><D81/><U24/><E124/><V46/><F7/><W13/><G72/><T86/><D86/><U108/><E108/><V11/><F129/><W97/><G82/><T113/><D113/><U91/><E67/><V126/><F73/><W1/><G1/><T0/><D0/><U38/><E38/><V57/><F2/><W76/><G76/><T48/><D48/><U135/><E79/><V121/><F3/><W78/><G78/><T90/><D90/><U119/><E91/><V44/><F126/><W17/><G97/><T15/><REACH who="0" step="1"/><D60/><REACH who="0" ten="280,258,221,221" step="2"/><U115/><E83/><V33/><F125/><W66/><G66/><T14/><D14/><U132/><E74/><V42/><F77/><W43/><G43/><T65/><D65/><U120/><E115/><V130/><F42/><W112/><G112/><T117/><D117/><U131/><E119/><V94/><F130/><W134/><G134/><T47/><D47/><AGARI ba="1,2" hai="13,17,21,47,51,54,89,95,98,104,106" m="42505" machi="47" ten="30,5800,0" yaku="14,1,10,1,52,1" doraHai="45" who="3" fromWho="0" sc="280,-61,258,0,221,0,221,81" owari="219,-28.1,258,5.8,221,-17.9,302,40.2" /></mjloggm>