<mjloggm ver="2.3"><GO type="225" lobby="0"/><UN n0="%E6%B4%BE%E9%81%A3%E3%81%AE%E3%82%B8%E3%83%A3%E3%83%83%E3%82%AF" n1="%E9%80%86%E9%80%A3%E5%B8%AF%E3%81%AE%E9%AC%BC" n2="%E3%81%99%E3%81%84%E3%81%BE%E3%81%9B%E3%83%BC%E3%82%93" n3="%E6%98%93%E5%88%A9%E8%96%A9%E4%BC%AF" dan="17,16,18,16" rate="2156.67,2077.54,2228.70,2116.70" sx="M,M,M,F"/><TAIKYOKU oya="0"/><INIT seed="0,0,0,3,4,111" ten="250,250,250,250" oya="0" hai0="112,18,92,123,23,20,97,65,16,71,85,14,103" hai1="36,119,2,3,30,52,11,54,135,129,105,17,81" hai2="60,104,40,120,132,56,70,41,127,77,80,66,34" hai3="109,130,42,82,117,12,86,51,29,13,4,58,22"/><T87/><D123/><U44/><E119/><V6/><F120/><W114/><G117/><T47/><D112/><U48/><E135/><V64/><F132/><W31/><G109/><T108/><D108/><U110/><E129/><V49/><F34/><W106/><G106/><T131/><D131/><U7/><E110/><V8/><F104/><W88/><G130/><T107/><D107/><U75/><E105/><V25/><F25/><W94/><G114/><T1/><D1/><U38/><E2/><V84/><F127/><W124/><G124/><T32/><D32/><U55/><E30/><V53/><REACH who="2" step="1"/><F66/><REACH who="2" ten="250,250,240,250" step="2"/><W61/><G31/><T73/><D73/><U83/><E75/><V35/><F35/><W63/><G29/><T133/><D133/><U89/><E17/><V15/><AGARI ba="0,1" hai="6,8,15,40,41,49,53,56,60,64,70,77,80,84" machi="15" ten="20,5200,0" yaku="1,1,0,1,7,1,53,1" doraHai="111" doraHaiUra="9" who="2" fromWho="2" sc="250,-26,250,-13,240,62,250,-13" /><INIT seed="1,0,0,5,5,26" ten="224,237,302,237" oya="1" hai0="83,12,51,90,74,29,102,22,40,107,104,72,108" hai1="44,4,119,75,103,111,113,65,120,115,1,18,10" hai2="73,110,114,43,122,71,133,7,60,55,80,14,93" hai3="16,57,126,25,121,37,52,78,33,91,3,129,77"/><U134/><E119/><V6/><F122/><W116/><G121/><T35/><D108/><U46/><E120/><V69/><F110/><W98/><G37/><T87/><D35/><U0/><E111/><V125/><F43/><W82/><G3/><T56/><D12/><U123/><E123/><V48/><F125/><W50/><G116/><T19/><D19/><U38/><E134/><V62/><F133/><W27/><G129/><T132/><D132/><U85/><E75/><V81/><F93/><N who="3" m="56639" /><G33/><T13/><D13/><U23/><E0/><V89/><F71/><W101/><G101/><T47/><D56/><U76/><E65/><V135/><F69/><W131/><G131/><T32/><D22/><U96/><E76/><N who="3" m="29290" /><G82/><T31/><D32/><U106/><E85/><V28/><F114/><W63/><G126/><T92/><D83/><U5/><E5/><V118/><F118/><W21/><G27/><T58/><D58/><U17/><E17/><V88/><F73/><W109/><G109/><T100/><D74/><U86/><E86/><V97/><F135/><W94/><G50/><T95/><D72/><U117/><E117/><V2/><F48/><W128/><G128/><T64/><D104/><U34/><E34/><V127/><F127/><W99/><G99/><N who="0" m="59519" /><D102/><U70/><E70/><V20/><F2/><W67/><G94/><T42/><D107/><U124/><E124/><V8/><F81/><W79/><N who="3" m="29298" /><W30/><DORA hai="68" /><G67/><T45/><D64/><U9/><E9/><V112/><F8/><W49/><G49/><AGARI ba="0,0" hai="29,31,40,42,45,47,49,51,87,90,92" m="59519" machi="49" ten="30,3900,0" yaku="8,1,52,2" doraHai="26,68" who="0" fromWho="3" sc="224,39,237,0,302,0,237,-39" /><INIT seed="2,0,0,3,4,75" ten="263,237,302,198" oya="2" hai0="36,34,96,118,113,1,81,60,5,47,7,122,42" hai1="65,125,78,4,127,20,56,89,16,2,87,79,13" hai2="126,66,101,35,95,130,48,69,90,68,134,84,112" hai3="33,15,115,108,55,62,73,72,103,128,12,32,119"/><V88/><F112/><W124/><G119/><T86/><D122/><U43/><E43/><V98/><F130/><W110/><G124/><N who="1" m="47690" /><E2/><V92/><F126/><W107/><G128/><T31/><D113/><U21/><E4/><V52/><F134/><W74/><G115/><T3/><D118/><U94/><E21/><V25/><F66/><W71/><G103/><T17/><D17/><U109/><E109/><V83/><F25/><W29/><G107/><T59/><D96/><U57/><E57/><V10/><F10/><W37/><G37/><T39/><D39/><U132/><E132/><V133/><F35/><W131/><G131/><T53/><D3/><U49/><E49/><V91/><F133/><W105/><G105/><T85/><D85/><U93/><E93/><V41/><F41/><W18/><G29/><T0/><D0/><U70/><E70/><V8/><F8/><W61/><G15/><T123/><D123/><U26/><E26/><V28/><F28/><W9/><G71/><T80/><D1/><U102/><E102/><V116/><F116/><W106/><G106/><T64/><D31/><U24/><E24/><V50/><F95/><W120/><G120/><T97/><D34/><U82/><E94/><V114/><F114/><W23/><G9/><T104/><D104/><U22/><E20/><V27/><F27/><W14/><G14/><T63/><D36/><U67/><E67/><V58/><F69/><W45/><G33/><T77/><D5/><U99/><E99/><V19/><F68/><W129/><G129/><T100/><D100/><U30/><E30/><RYUUKYOKU ba="0,0" sc="263,-10,237,30,302,-10,198,-10" hai1="13,16,22,56,65,78,79,82,87,89" /><INIT seed="3,1,0,5,5,65" ten="253,267,292,188" oya="3" hai0="6,38,2,21,55,132,122,119,78,33,84,34,12" hai1="96,59,112,81,115,54,123,25,95,36,19,51,83" hai2="116,17,42,35,126,57,7,63,90,26,75,47,108" hai3="40,67,5,74,27,52,127,133,92,48,30,86,32"/><W94/><G74/><T106/><D38/><U0/><E123/><V110/><F116/><W97/><G133/><T82/><D106/><U61/><E36/><V69/><F69/><W14/><G127/><T3/><D119/><U89/><E0/><V49/><F75/><W29/><G29/><T77/><D122/><U102/><E102/><V80/><F7/><W121/><G121/><T73/><D132/><U135/><E135/><V50/><F50/><W134/><G134/><T18/><D55/><U66/><E115/><V62/><F126/><W76/><G40/><T71/><D71/><U101/><E112/><V45/><F47/><W120/><G67/><T124/><D124/><U20/><REACH who="1" step="1"/><E101/><REACH who="1" ten="253,257,292,188" step="2"/><V16/><F110/><W22/><G120/><T13/><D2/><U31/><E31/><V79/><F108/><W98/><G32/><T103/><D103/><U113/><E113/><V129/><F35/><W64/><G64/><T70/><D3/><U87/><E87/><V131/><F131/><W99/><G86/><T130/><D130/><U24/><E24/><V125/><F26/><W91/><G76/><T53/><D34/><U46/><AGARI ba="1,1" hai="19,20,25,46,51,54,59,61,66,81,83,89,95,96" machi="46" ten="20,8000,1" yaku="1,1,0,1,7,1,8,1,53,1" doraHai="65" doraHaiUra="44" who="1" fromWho="1" sc="253,-21,257,93,292,-21,188,-41" owari="232,-16.8,350,45.0,271,7.1,147,-35.3" /></mjloggm>