<mjloggm ver="2.3"><GO type="225" lobby="0"/><UN n0="%E3%81%99%E3%81%84%E3%81%BE%E3%81%9B%E3%83%BC%E3%82%93" n1="%E3%81%BF%E3%81%BF%E3%81%9A" n2="%E7%B4%94%E6%BD%94%E3%83%94%E3%83%A9%E3%83%8B%E3%82%A2" n3="%E6%81%A5%E6%99%92%E3%81%97" dan="18,17,17,16" rate="2264.72,2193.00,2223.12,2128.81" sx="M,M,M,M"/><TAIKYOKU oya="0"/><INIT seed="0,0,0,5,2,79" ten="250,250,250,250" oya="0" hai0="91,32,43,51,93,73,53,49,54,29,22,113,20" hai1="46,45,119,100,25,64,87,92,39,108,10,40,57" hai2="104,89,16,15,122,61,109,85,47,3,4,41,84" hai3="34,72,110,5,107,135,129,24,12,33,83,90,68"/><T120/><D113/><U14/><E119/><V80/><F122/><W21/><G107/><T124/><D120/><U13/><E108/><V66/><F109/><W75/><G110/><T130/><D73/><U55/><E64/><V121/><F121/><W37/><G37/><T0/><D0/><U67/><E67/><V60/><F104/><W102/><G68/><T31/><D130/><U48/><E25/><V133/><F133/><W58/><G129/><T23/><D124/><U11/><E100/><V132/><F132/><W30/><G135/><T127/><D32/><U94/><E45/><V56/><F61/><W105/><G34/><T7/><D7/><U1/><E1/><V115/><F115/><W36/><G36/><T96/><D43/><U101/><E101/><V106/><F106/><W2/><G58/><N who="0" m="33071" /><D127/><U71/><E71/><V88/><F3/><W117/><G117/><T97/><D96/><U103/><E103/><V26/><F26/><W123/><G102/><T116/><D116/><U27/><E27/><V98/><F98/><W17/><G123/><T95/><D93/><U111/><E111/><V82/><F4/><W114/><G114/><T38/><D38/><U42/><E42/><V65/><F65/><W99/><G105/><T118/><D118/><U128/><E128/><V77/><F41/><W28/><G28/><T35/><D35/><U86/><E94/><V18/><F47/><AGARI ba="0,0" hai="20,22,23,29,31,47,51,54,91,95,97" m="33071" machi="47" ten="30,1500,0" yaku="8,1" doraHai="79" who="0" fromWho="2" sc="250,15,250,0,250,-15,250,0" /><INIT seed="0,1,0,3,5,56" ten="265,250,235,250" oya="0" hai0="67,42,10,89,48,69,83,27,73,88,6,134,101" hai1="135,86,15,38,30,63,130,99,71,125,90,100,68" hai2="49,58,104,36,60,87,94,9,45,121,13,133,92" hai3="74,116,132,34,31,29,120,107,123,12,7,66,91"/><T113/><D113/><U61/><E38/><V103/><F36/><W17/><G74/><T124/><D134/><U65/><E30/><V128/><F121/><N who="3" m="46667" /><G116/><T19/><D101/><U122/><E122/><V110/><F110/><W22/><G107/><T41/><D124/><U62/><E125/><V84/><F104/><W64/><G132/><T75/><D19/><U11/><E135/><V93/><F103/><W108/><G108/><T109/><D27/><U72/><E72/><V80/><F128/><W40/><G40/><T111/><D111/><U21/><E21/><V102/><F102/><W118/><G118/><T70/><D109/><U106/><E68/><V105/><F105/><W46/><G46/><T32/><D32/><U4/><REACH who="1" step="1"/><E130/><REACH who="1" ten="265,240,235,250" step="2"/><V20/><F20/><W82/><G31/><T5/><D75/><U0/><E0/><V112/><F133/><W78/><G29/><T59/><D73/><U14/><E14/><V1/><F1/><W16/><G22/><T2/><D2/><U35/><E35/><V126/><F126/><W81/><G34/><T119/><D70/><U85/><E85/><V23/><F23/><W47/><G12/><T117/><D69/><U131/><E131/><V129/><F129/><W77/><G17/><T98/><D119/><U43/><E43/><N who="2" m="24767" /><F112/><W18/><G18/><T54/><D117/><U39/><E39/><V115/><F115/><W28/><G16/><T52/><D42/><U114/><E114/><V95/><N who="2" m="23552" /><DORA hai="44" /><V37/><F37/><W76/><G28/><T3/><D3/><U53/><E53/><N who="2" m="33871" /><F80/><AGARI ba="1,1" hai="4,11,15,61,62,63,65,71,80,86,90,99,100,106" machi="80" ten="30,12000,2" yaku="1,1,7,1,52,3,53,2" doraHai="56,44" doraHaiUra="8,97" who="1" fromWho="2" sc="265,0,240,133,235,-123,250,0" /><INIT seed="1,0,0,3,2,107" ten="265,373,112,250" oya="1" hai0="102,66,14,44,126,46,95,56,87,115,80,59,89" hai1="81,12,124,34,74,52,78,118,93,64,62,39,75" hai2="73,128,2,105,63,76,101,7,100,27,103,33,43" hai3="23,125,47,26,84,60,25,98,65,113,53,117,134"/><U41/><E118/><V6/><F128/><W109/><G113/><T70/><D115/><U88/><E34/><V4/><F105/><W91/><G117/><T18/><D126/><U77/><E124/><V5/><N who="2" m="1024" /><DORA hai="96" /><V11/><F11/><W1/><G1/><T85/><D70/><U35/><E35/><V127/><F127/><W121/><G109/><T61/><D59/><U110/><E110/><V108/><F108/><W122/><G134/><T133/><D133/><U42/><E12/><V129/><F129/><W111/><G26/><T55/><D66/><U48/><E39/><V45/><F63/><W130/><G130/><T40/><D40/><U67/><E67/><V31/><F2/><W36/><G98/><N who="0" m="59743" /><D87/><U82/><E62/><V19/><F19/><W29/><G111/><T9/><AGARI ba="0,0" hai="9,14,18,44,46,55,56,61,80,85,89" m="59743" machi="9" ten="30,2000,0" yaku="8,1,52,1" doraHai="107,96" who="0" fromWho="0" sc="265,20,373,-10,112,-5,250,-5" /><INIT seed="2,0,0,0,1,16" ten="285,363,107,245" oya="2" hai0="23,78,74,109,52,50,105,36,119,27,112,88,8" hai1="44,55,19,26,43,135,53,57,75,7,66,126,111" hai2="133,68,1,110,130,121,24,64,79,103,116,0,89" hai3="77,132,134,84,39,35,83,51,85,9,62,18,76"/><V33/><F89/><W11/><G39/><T129/><D112/><U2/><E75/><V56/><F56/><W41/><G35/><T34/><D34/><U104/><E104/><V69/><F116/><W65/><G51/><T67/><D105/><U118/><E66/><V59/><F59/><W38/><G41/><T45/><D109/><U93/><E111/><V5/><F110/><W98/><G38/><T49/><D129/><U58/><E44/><V17/><F17/><W20/><G98/><T63/><D36/><U60/><E19/><V113/><F113/><W99/><G99/><T71/><D119/><U73/><E58/><V101/><F130/><W97/><G97/><T22/><D50/><U86/><E60/><V28/><F121/><W117/><G117/><T48/><D48/><U70/><E57/><V25/><F133/><W96/><G96/><T115/><D115/><U40/><E135/><V123/><F123/><W120/><G120/><T42/><D42/><U6/><E53/><V106/><F64/><W107/><G107/><T30/><D8/><N who="3" m="3145" /><G62/><T80/><D88/><U122/><E43/><V127/><F127/><W131/><G131/><T37/><D37/><U91/><E40/><V90/><F106/><W29/><G65/><T10/><D10/><U12/><E126/><V100/><F5/><W102/><G102/><T128/><D128/><U87/><E6/><V125/><F125/><W47/><G47/><T95/><D95/><U81/><E7/><V61/><F90/><W46/><G46/><T124/><D124/><U108/><E118/><V82/><F103/><RYUUKYOKU ba="0,0" sc="285,30,363,-10,107,-10,245,-10" hai0="22,23,27,30,45,49,52,63,67,71,74,78,80" /><INIT seed="3,1,0,1,3,37" ten="315,353,97,235" oya="3" hai0="65,83,135,95,85,96,35,36,124,34,15,25,79" hai1="72,134,41,46,10,49,90,108,99,38,51,70,2" hai2="119,3,106,64,26,67,1,129,75,117,7,109,120" hai3="91,103,92,128,6,62,32,18,8,59,76,82,113"/><W21/><G113/><T77/><D36/><U107/><E70/><V0/><F75/><W111/><G32/><T33/><D135/><U84/><E108/><V102/><F109/><W11/><G111/><T131/><D124/><U57/><E134/><V88/><F7/><W14/><G103/><T74/><D131/><U23/><E23/><V73/><F73/><W30/><G128/><T127/><D127/><U100/><E72/><V42/><F129/><W122/><G122/><T45/><D65/><U132/><E132/><V115/><F115/><W104/><G104/><T58/><D58/><U118/><E118/><V110/><F110/><W101/><G101/><T16/><D45/><U4/><E57/><V20/><F120/><W5/><G30/><T94/><D25/><U9/><E9/><V133/><F133/><W78/><G82/><AGARI ba="1,0" hai="2,4,10,38,41,46,49,51,82,84,90,99,100,107" machi="82" ten="30,2000,0" yaku="7,1,52,1" doraHai="37" who="1" fromWho="3" sc="315,0,353,23,97,0,235,-23" owari="315,11.5,376,47.6,97,-40.3,212,-18.8" /></mjloggm>