<mjloggm ver="2.3"><GO type="225" lobby="0"/><UN n0="%E6%A1%9C%E8%8A%B1%E9%96%83%E3%80%85" n1="%E5%8D%A0%E3%81%84%E5%B8%AB%E8%A3%8F%E3%81%AA%E3%81%84%E3%81%97" n2="%E5%A4%8F%E9%88%B4%E9%88%B4%E5%A4%8F" n3="%E3%81%90%E3%81%A1%E3%82%84%E3%81%BE" dan="16,17,16,16" rate="2124.05,2251.18,2146.79,2132.89" sx="M,M,F,M"/><TAIKYOKU oya="0"/><INIT seed="0,0,0,1,0,93" ten="250,250,250,250" oya="0" hai0="45,59,118,67,65,129,125,63,29,17,21,46,92" hai1="130,72,35,19,123,23,24,120,80,121,12,68,88" hai2="36,50,108,28,105,119,30,51,32,22,128,5,87" hai3="110,31,126,132,57,66,107,33,99,78,3,131,48"/><T61/><D118/><U7/><E130/><V37/><F119/><W69/><G3/><T64/><D129/><U56/><E68/><V133/><F108/><W43/><G131/><T9/><D125/><U77/><E35/><V53/><F128/><W73/><G110/><T104/><D104/><U54/><E7/><V90/><F105/><W103/><G132/><T122/><D122/><U26/><REACH who="1" step="1"/><E88/><REACH who="1" ten="250,240,250,250" step="2"/><V81/><F133/><W15/><G69/><T16/><D29/><U84/><E84/><V10/><F32/><W117/><G33/><T97/><D17/><U134/><E134/><V0/><F30/><W14/><G31/><T91/><D9/><U124/><E124/><V94/><F28/><W38/><G126/><T8/><D8/><U76/><E76/><V127/><F127/><W13/><G117/><T96/><D96/><U100/><E100/><V52/><F22/><W60/><G78/><T44/><REACH who="0" step="1"/><D63/><AGARI ba="0,1" hai="12,19,23,24,26,54,56,63,72,77,80,120,121,123" machi="63" ten="40,1300,0" yaku="1,1,53,0" doraHai="93" doraHaiUra="82" who="1" fromWho="0" sc="250,-13,240,23,250,0,250,0" /><INIT seed="1,0,0,1,5,134" ten="237,263,250,250" oya="1" hai0="77,102,3,107,117,28,19,71,33,6,48,85,98" hai1="112,37,120,108,94,78,55,82,54,131,121,124,63" hai2="60,31,93,74,7,32,70,52,96,30,14,9,133" hai3="18,83,110,1,50,23,64,61,84,24,0,114,46"/><U38/><E112/><V118/><F133/><W22/><G110/><T113/><D113/><U109/><E131/><V27/><F118/><W8/><G114/><T36/><D117/><U130/><E130/><V35/><F74/><W53/><G23/><T44/><D71/><U122/><E94/><V87/><F87/><W10/><G0/><T92/><D36/><N who="1" m="13931" /><E63/><V125/><F125/><W45/><G45/><T89/><D19/><U88/><E78/><V67/><F52/><N who="1" m="20009" /><E82/><V86/><F86/><W56/><REACH who="3" step="1"/><G1/><REACH who="3" ten="237,263,250,240" step="2"/><T57/><D44/><U91/><E124/><V66/><F66/><W76/><AGARI ba="0,1" hai="8,10,18,22,24,46,50,53,56,61,64,76,83,84" machi="76" ten="20,12000,2" yaku="1,1,2,1,0,1,7,1,8,1,53,1" doraHai="134" doraHaiUra="43" who="3" fromWho="3" sc="237,-30,263,-60,250,-30,240,130" /><INIT seed="2,0,0,3,1,44" ten="207,203,220,370" oya="2" hai0="126,1,30,86,82,127,96,27,9,7,28,46,42" hai1="132,104,121,130,98,97,37,111,115,41,34,80,50" hai2="79,102,118,125,103,107,3,131,20,45,83,67,122" hai3="51,22,109,84,66,61,110,85,59,33,77,93,29"/><V120/><F118/><W124/><G33/><T135/><D96/><U129/><E115/><V4/><F125/><N who="0" m="47626" /><D135/><U74/><E132/><V108/><F131/><N who="1" m="50185" /><E34/><V60/><F108/><W11/><G85/><T25/><D30/><U32/><E111/><V63/><F63/><W39/><G59/><T119/><D28/><U52/><E32/><V78/><F78/><W15/><G15/><T49/><D119/><U17/><E104/><V87/><F20/><W8/><G8/><T123/><D123/><U73/><E121/><V13/><F3/><W47/><G93/><T69/><D69/><U114/><E114/><V19/><F4/><W18/><G66/><T117/><D117/><U12/><E41/><V70/><F107/><W95/><G22/><T58/><D58/><N who="1" m="33047" /><E37/><V5/><F122/><W133/><G39/><T75/><D75/><N who="1" m="28683" /><E80/><V10/><F120/><W101/><G133/><T14/><D1/><U2/><E2/><V128/><F128/><W55/><G124/><T43/><D42/><U116/><E116/><V24/><F70/><W68/><G68/><T64/><D64/><U6/><E6/><V36/><F67/><W90/><G110/><T62/><D62/><U72/><N who="1" m="28691" /><U88/><DORA hai="94" /><E88/><AGARI ba="0,0" hai="7,9,14,25,27,43,46,49,82,86,88" m="47626" machi="88" ten="30,3900,0" yaku="18,1,52,1,54,1" doraHai="44,94" who="0" fromWho="1" sc="207,39,203,-39,220,0,370,0" /><INIT seed="3,0,0,5,5,12" ten="246,164,220,370" oya="3" hai0="86,70,94,48,81,43,110,45,77,34,87,102,61" hai1="37,13,14,69,26,55,39,23,100,93,29,114,72" hai2="122,106,63,15,128,47,51,33,88,11,25,22,83" hai3="104,8,50,132,109,118,30,67,78,82,40,71,108"/><W96/><G118/><T62/><D34/><U46/><E114/><V66/><F122/><W64/><G132/><T0/><D0/><U91/><E69/><V9/><F128/><W121/><G121/><T60/><D110/><N who="3" m="42601" /><G8/><T99/><D70/><U27/><E72/><V79/><F33/><W113/><G113/><T5/><D5/><U134/><E134/><V97/><F106/><W124/><G124/><T129/><D129/><U80/><E39/><V68/><F15/><W56/><G30/><T107/><D107/><U10/><E37/><V59/><F9/><W16/><G16/><T85/><AGARI ba="0,0" hai="43,45,48,60,61,62,77,81,85,86,87,94,99,102" machi="85" ten="30,2000,0" yaku="0,1,8,1" doraHai="12" who="0" fromWho="0" sc="246,20,164,-5,220,-5,370,-10" owari="266,6.6,159,-34.1,215,-18.5,360,46.0" /></mjloggm>