<mjloggm ver="2.3"><GO type="225" lobby="0"/><UN n0="%E6%A1%9C%E8%8A%B1%E9%96%83%E3%80%85" n1="%E6%81%A5%E6%99%92%E3%81%97" n2="%E3%83%96%E3%83%83%E3%83%91%E3%82%AA%E3%83%96%E3%83%81%E3%82%AD%E3%83%B3" n3="%E3%81%BE%E3%81%A8%E3%81%9F" dan="16,16,16,16" rate="2143.37,2149.42,2190.65,2136.67" sx="M,M,M,M"/><TAIKYOKU oya="0"/><INIT seed="0,0,0,3,3,26" ten="250,250,250,250" oya="0" hai0="120,8,94,74,36,69,22,57,68,17,122,116,5" hai1="20,47,130,72,70,67,35,95,64,91,14,109,9" hai2="110,89,24,128,93,19,65,102,62,59,1,82,56" hai3="31,76,41,38,40,11,132,86,106,84,43,112,103"/><T29/><D74/><U113/><E35/><V117/><F1/><W6/><G112/><T133/><D36/><U34/><E34/><V58/><F110/><W97/><G132/><T42/><D42/><U16/><E109/><V131/><F117/><W134/><G134/><T33/><D133/><U105/><E105/><V50/><F82/><W28/><G38/><T125/><D57/><U83/><E113/><V4/><F102/><W61/><G61/><T51/><D51/><U88/><E130/><N who="2" m="49707" /><F4/><W126/><G126/><T118/><D94/><U80/><E70/><N who="0" m="27241" /><D17/><N who="1" m="8399" /><E72/><V96/><F50/><W90/><G76/><T79/><D22/><AGARI ba="0,0" hai="19,22,24,56,58,59,62,65,89,93,96" m="49707" machi="22" ten="30,1000,0" yaku="19,1" doraHai="26" who="2" fromWho="0" sc="250,-10,250,0,250,10,250,0" /><INIT seed="1,0,0,3,0,118" ten="240,250,260,250" oya="1" hai0="49,78,114,70,122,53,23,31,128,8,41,45,106" hai1="92,51,20,36,61,21,119,27,40,133,56,13,88" hai2="84,102,76,100,73,90,29,113,97,15,52,65,5" hai3="115,12,98,80,39,43,117,85,60,35,72,129,37"/><U75/><E119/><V14/><F113/><W123/><G72/><T83/><D114/><U74/><E36/><V47/><F65/><W59/><G129/><T63/><D128/><U105/><E105/><V101/><F29/><W11/><G35/><T0/><D106/><U16/><E133/><V6/><F73/><W22/><G115/><T93/><D93/><U71/><E71/><V94/><F76/><W64/><G117/><T95/><D95/><U66/><E51/><N who="2" m="28799" /><F84/><W25/><G98/><T134/><D134/><U104/><E40/><V91/><F91/><W9/><G123/><T127/><D127/><U33/><E33/><V18/><F14/><W4/><G11/><AGARI ba="0,0" hai="5,6,11,15,18,90,94,97,100,101,102" m="28799" machi="11" ten="30,2000,0" yaku="8,1,54,1" doraHai="118" who="2" fromWho="3" sc="240,0,250,0,260,20,250,-20" /><INIT seed="2,0,0,2,5,42" ten="240,250,280,230" oya="2" hai0="75,130,98,11,86,94,95,60,6,124,30,93,31" hai1="63,39,126,112,48,81,40,100,50,43,23,72,106" hai2="76,89,113,97,127,62,28,82,61,29,114,133,33" hai3="51,107,56,108,10,55,34,120,118,54,15,16,57"/><V92/><F127/><W134/><G118/><T1/><D75/><U129/><E112/><V17/><F133/><W5/><G120/><T111/><D124/><U101/><E126/><V132/><F132/><W77/><G108/><T99/><D111/><U3/><E129/><V78/><F33/><W13/><G134/><T67/><D130/><U110/><E110/><V117/><F117/><W83/><G107/><T88/><D98/><U49/><E106/><V58/><F114/><W45/><G34/><T2/><D2/><U4/><E23/><V96/><F113/><W9/><G55/><T103/><REACH who="0" step="1"/><D94/><REACH who="0" ten="230,250,280,230" step="2"/><U79/><E100/><V65/><F97/><W64/><G64/><T102/><D102/><U26/><E101/><V36/><F92/><W71/><G71/><AGARI ba="0,1" hai="1,6,11,30,31,60,67,71,86,88,93,95,99,103" machi="71" ten="30,7700,0" yaku="1,1,7,1,54,1,53,1" doraHai="42" doraHaiUra="7" who="0" fromWho="3" sc="230,87,250,0,280,0,230,-77" /><INIT seed="3,0,0,0,1,50" ten="317,250,280,153" oya="3" hai0="94,127,0,85,39,91,92,64,122,69,107,26,2" hai1="116,51,10,30,36,40,43,115,1,76,96,104,24" hai2="44,38,14,123,28,19,57,27,22,16,56,8,67" hai3="33,37,102,9,5,113,83,23,3,129,79,88,20"/><W99/><G113/><T32/><D39/><U131/><E115/><V98/><F123/><W66/><G129/><T70/><D107/><U114/><E114/><V103/><F67/><W86/><G37/><T112/><D122/><U78/><E131/><V109/><F109/><W128/><G128/><T59/><D59/><U52/><E116/><V48/><F38/><W13/><G33/><T111/><D111/><U58/><E1/><V34/><F19/><W101/><G66/><T100/><D127/><U60/><E36/><V45/><F34/><W119/><G119/><T133/><D133/><U54/><E10/><V63/><F63/><W62/><G62/><T108/><D108/><U124/><E124/><V15/><F15/><W18/><REACH who="3" step="1"/><G23/><REACH who="3" ten="317,250,280,143" step="2"/><T6/><D64/><U121/><E121/><V25/><F25/><W41/><G41/><T84/><D26/><U68/><E43/><V82/><F27/><W4/><G4/><T134/><D32/><U74/><E40/><V81/><F22/><W29/><G29/><T7/><D112/><U132/><E30/><V61/><F28/><W110/><G110/><T17/><D6/><U90/><E24/><V93/><F61/><W46/><G46/><N who="2" m="18025" /><F57/><W47/><G47/><T125/><D7/><U77/><E60/><V89/><F103/><W21/><G21/><T135/><D100/><U11/><E58/><V97/><F97/><W106/><G106/><T31/><D31/><U12/><E96/><V71/><F71/><W118/><G118/><T73/><D69/><U105/><E68/><V65/><F65/><W117/><G117/><RYUUKYOKU ba="0,1" sc="317,-15,250,-15,280,15,143,15" hai2="8,14,16,48,56,81,82,89,93,98" hai3="3,5,9,13,18,20,79,83,86,88,99,101,102" /><INIT seed="3,1,1,3,3,1" ten="302,235,295,158" oya="3" hai0="112,21,94,70,117,125,95,69,5,73,71,90,121" hai1="134,25,120,115,104,127,45,87,31,43,32,133,30" hai2="46,79,15,39,27,103,114,38,11,97,64,102,51" hai3="113,92,49,63,18,61,17,122,13,41,62,0,67"/><W42/><G113/><T123/><D117/><U111/><E120/><V116/><F114/><W12/><G122/><T47/><D112/><U16/><E115/><V29/><F116/><W81/><G0/><T124/><D73/><U84/><E104/><V53/><F64/><W85/><G67/><T78/><D78/><U57/><E111/><V118/><F79/><W20/><G92/><N who="0" m="35371" /><D5/><U52/><E31/><V108/><F108/><W130/><G49/><T58/><D90/><U68/><E127/><N who="0" m="48713" /><D58/><U80/><E87/><V89/><F89/><W99/><G99/><T98/><D98/><U109/><E109/><V60/><F60/><W22/><REACH who="3" step="1"/><G130/><REACH who="3" ten="302,235,295,148" step="2"/><T86/><D121/><U14/><E133/><V128/><F128/><W135/><G135/><T44/><D123/><U66/><E66/><V101/><F97/><W24/><G24/><T54/><D71/><U7/><E68/><V37/><F118/><W19/><G19/><T9/><D70/><U96/><E16/><V91/><F27/><W59/><G59/><T76/><D69/><U110/><E96/><V33/><F39/><W93/><G93/><T83/><D47/><U132/><E110/><V56/><F38/><W3/><G3/><T40/><D44/><U82/><E57/><V34/><F37/><W50/><G50/><T107/><D54/><U6/><E52/><V10/><F56/><W28/><G28/><T8/><D40/><U105/><E132/><V4/><F29/><W26/><G26/><T55/><D55/><U65/><E65/><V106/><F51/><W129/><G129/><T36/><D36/><RYUUKYOKU ba="1,2" sc="302,-10,235,-10,295,-10,148,30" hai3="12,13,17,18,20,22,41,42,61,62,63,81,85" /><INIT seed="3,2,2,1,3,84" ten="292,225,285,178" oya="3" hai0="126,59,23,61,1,124,132,40,72,65,92,58,52" hai1="27,115,81,128,96,31,28,111,95,2,57,39,25" hai2="10,21,62,100,85,90,103,112,33,135,64,48,120" hai3="63,122,16,109,116,91,22,49,7,97,87,13,127"/><W36/><G116/><T8/><D72/><U130/><E115/><V20/><F33/><W51/><G122/><T80/><D132/><U110/><E39/><V12/><F112/><W108/><G127/><N who="0" m="48683" /><D40/><U101/><E57/><N who="2" m="36943" /><F48/><N who="3" m="18507" /><G36/><T53/><D80/><U129/><E2/><V38/><F38/><W47/><G63/><N who="0" m="38143" /><D92/><U19/><E19/><N who="2" m="8599" /><F135/><W14/><G97/><T99/><D99/><U45/><E45/><V18/><F120/><W24/><G7/><N who="0" m="1135" /><D23/><N who="2" m="8778" /><F18/><W83/><G47/><T73/><D73/><U43/><E43/><V41/><F41/><W32/><G32/><T44/><D44/><U68/><E68/><V94/><AGARI ba="2,2" hai="85,90,94,100,103" m="8778,8599,36943" machi="94" ten="30,2000,0" yaku="8,1,52,1" doraHai="84" who="2" fromWho="2" sc="292,-7,225,-7,285,46,178,-12" owari="285,8.5,218,-18.2,331,43.1,166,-33.4" /></mjloggm>