<mjloggm ver="2.3"><GO type="225" lobby="0"/><UN n0="%E3%81%BF%E3%81%BF%E3%81%9A" n1="%70%68%65%6E%6F%6D%65" n2="%E3%83%96%E3%83%83%E3%83%91%E3%82%AA%E3%83%96%E3%83%81%E3%82%AD%E3%83%B3" n3="%E5%91%A8%E6%9D%B1" dan="18,16,16,16" rate="2207.91,2169.06,2178.51,2137.32" sx="M,M,M,M"/><TAIKYOKU oya="0"/><INIT seed="0,0,0,0,5,79" ten="250,250,250,250" oya="0" hai0="56,69,2,82,75,80,126,17,29,113,61,13,3" hai1="120,88,22,21,43,26,114,86,117,38,72,119,77" hai2="25,91,48,4,106,62,31,14,53,104,76,10,51" hai3="108,131,44,134,6,73,74,90,37,63,110,118,112"/><T122/><BYE who="2" /><D113/><U64/><E120/><V105/><F105/><W47/><G6/><T8/><D122/><U78/><E114/><V81/><F81/><W127/><G112/><T57/><D69/><U0/><E0/><V42/><F42/><W101/><G118/><T99/><D126/><U40/><E64/><V128/><F128/><W123/><G127/><UN n2="%E3%83%96%E3%83%83%E3%83%91%E3%82%AA%E3%83%96%E3%83%81%E3%82%AD%E3%83%B3" /><T89/><D29/><U50/><E38/><V65/><F76/><W67/><G131/><T70/><D70/><U19/><E22/><V132/><F91/><W1/><G1/><T16/><D75/><U84/><E72/><V83/><F83/><N who="0" m="31786" /><D2/><U124/><E124/><V23/><F132/><W121/><G134/><T85/><D3/><U133/><E133/><V130/><F130/><W18/><G74/><T59/><D85/><U28/><E84/><V60/><F106/><W68/><G73/><T45/><D45/><N who="1" m="25895" /><E119/><V97/><F104/><W5/><G123/><T27/><D27/><U9/><E117/><V24/><F24/><W58/><G68/><T103/><D103/><U135/><E135/><V34/><F25/><W30/><G101/><T36/><D36/><U98/><E86/><V41/><F31/><W92/><G30/><T95/><D17/><U96/><E28/><V15/><F34/><W107/><G18/><T102/><D102/><U46/><E77/><V100/><F100/><W125/><G125/><T115/><D115/><U12/><E78/><V87/><F87/><N who="3" m="52319" /><G121/><T7/><D7/><N who="1" m="3135" /><E98/><V33/><F97/><W109/><G37/><T35/><D35/><U66/><E96/><V39/><F33/><RYUUKYOKU ba="0,0" sc="250,30,250,-10,250,-10,250,-10" hai0="8,13,16,56,57,59,61,89,95,99" /><INIT seed="0,1,0,2,3,107" ten="280,240,240,240" oya="0" hai0="47,122,48,32,57,109,29,112,10,39,50,11,126" hai1="66,93,74,4,54,129,42,28,2,83,132,86,114" hai2="38,87,21,88,26,13,95,19,59,7,89,130,118" hai3="105,16,18,73,96,99,12,124,33,125,9,49,65"/><T27/><D112/><U3/><E114/><V55/><F130/><W51/><G33/><T82/><D122/><U120/><E120/><V133/><F133/><W85/><G65/><T56/><D126/><N who="3" m="48745" /><G73/><T113/><D113/><U103/><E132/><V110/><F110/><W41/><G41/><T60/><D109/><U135/><E135/><V91/><F118/><W128/><G128/><T63/><D39/><U104/><E129/><V116/><F116/><W84/><G18/><T108/><D108/><U92/><E66/><V97/><F38/><W64/><G64/><T6/><D82/><U76/><E42/><V25/><F7/><W1/><G1/><T58/><D50/><N who="3" m="18953" /><G99/><T121/><D121/><U81/><E28/><V131/><F131/><W100/><AGARI ba="1,0" hai="9,12,16,84,85,96,100,105" m="18953,48745" machi="100" ten="30,2000,0" yaku="18,1,54,1" doraHai="107" who="3" fromWho="3" sc="280,-11,240,-6,240,-6,240,23" /><INIT seed="1,0,0,2,4,61" ten="269,234,234,263" oya="1" hai0="97,99,58,7,72,4,59,67,91,109,25,103,93" hai1="110,43,46,77,71,35,65,6,39,76,40,23,5" hai2="62,88,95,57,104,100,82,83,56,63,41,111,18" hai3="92,108,9,60,16,8,29,79,2,98,84,54,89"/><U105/><E35/><V118/><F118/><W30/><G108/><T53/><D72/><U132/><E105/><V125/><F111/><W121/><G121/><T78/><D109/><U113/><E110/><V50/><F125/><W66/><G54/><T90/><D78/><U74/><E113/><V37/><F37/><W131/><G131/><T73/><D73/><U3/><E43/><V55/><F104/><W31/><G2/><T19/><D25/><U38/><E132/><V120/><F100/><W1/><G1/><T12/><D67/><U133/><E133/><V85/><F120/><W106/><G106/><T115/><D115/><U44/><E44/><V112/><F112/><W87/><G79/><T0/><D0/><U128/><E128/><V68/><F68/><W48/><G48/><N who="0" m="31015" /><D59/><U80/><E76/><V14/><F62/><W96/><G96/><T26/><D26/><U135/><E135/><V124/><F124/><W64/><G60/><T126/><D126/><U15/><E39/><V101/><F101/><N who="3" m="60615" /><G87/><T134/><D134/><U17/><REACH who="1" step="1"/><E3/><REACH who="1" ten="269,224,234,263" step="2"/><V116/><F116/><W45/><G45/><T107/><D107/><U127/><E127/><V52/><REACH who="2" step="1"/><F41/><REACH who="2" ten="269,224,224,263" step="2"/><W47/><G47/><T11/><D103/><U22/><E22/><AGARI ba="0,2" hai="14,18,22,50,52,55,56,57,63,82,83,85,88,95" machi="22" ten="30,16000,3" yaku="1,1,2,1,7,1,25,2,8,1,54,2,53,0" doraHai="61" doraHaiUra="28" who="2" fromWho="1" sc="269,0,224,-160,224,180,263,0" /><INIT seed="2,0,0,2,2,53" ten="269,64,404,263" oya="2" hai0="104,3,99,72,11,112,130,18,125,35,5,12,82" hai1="42,64,1,26,87,63,23,22,59,83,13,95,44" hai2="27,25,56,57,29,66,14,8,43,120,74,50,107" hai3="54,88,91,126,46,37,75,94,111,90,134,67,38"/><V98/><F120/><W135/><G75/><T116/><D112/><U33/><E1/><V61/><F74/><W24/><G111/><T65/><D130/><U85/><E33/><V119/><F119/><W45/><G126/><T2/><D125/><U10/><E95/><V30/><F107/><W132/><G94/><T71/><D116/><U118/><E118/><V21/><F98/><W80/><G80/><T93/><D104/><U7/><E26/><N who="2" m="9739" /><F21/><W131/><G131/><T47/><D35/><U127/><E87/><V102/><F102/><W20/><G67/><T55/><D65/><U108/><E108/><V109/><F109/><W124/><G124/><T122/><D71/><U48/><REACH who="1" step="1"/><E127/><REACH who="1" ten="269,54,404,263" step="2"/><V114/><F114/><W73/><G73/><T51/><D72/><U60/><E60/><V4/><F43/><W34/><G34/><T81/><D2/><U77/><AGARI ba="0,1" hai="7,10,13,22,23,42,44,48,59,63,64,77,83,85" machi="77" ten="20,16000,3" yaku="1,1,0,1,7,1,25,2,8,1,52,1,53,1" doraHai="53" doraHaiUra="39" who="1" fromWho="1" sc="269,-40,54,170,404,-80,263,-40" /><INIT seed="3,0,0,4,4,51" ten="229,224,324,223" oya="3" hai0="64,129,120,63,124,106,52,130,16,71,76,116,121" hai1="25,31,20,29,45,73,2,127,79,1,33,43,22" hai2="95,57,50,90,56,40,98,102,134,135,39,0,15" hai3="80,12,99,82,69,9,62,24,119,6,38,10,89"/><W44/><G119/><T46/><D106/><U125/><E79/><V74/><F0/><N who="1" m="105" /><E73/><V28/><F74/><W70/><G24/><T86/><D116/><U83/><E83/><V4/><F28/><W101/><G9/><T49/><D124/><N who="1" m="47691" /><E29/><V34/><F39/><AGARI ba="0,0" hai="20,22,25,31,33,39,43,45" m="47691,105" machi="39" ten="30,1000,0" yaku="18,1" doraHai="51" who="1" fromWho="2" sc="229,0,224,10,324,-10,223,0" owari="229,-17.1,234,3.4,314,41.4,223,-27.7" /></mjloggm>