<mjloggm ver="2.3"><GO type="225" lobby="0"/><UN n0="%E3%83%B4%E3%83%A0%EF%BC%99%E3%81%A6" n1="%70%68%65%6E%6F%6D%65" n2="%EF%BC%AE%EF%BC%A1%EF%BC%AF%33%33%39" n3="%72%69%6F%75%63%68%61%6E" dan="17,16,16,16" rate="2146.29,2155.03,2199.04,2103.05" sx="M,M,M,M"/><TAIKYOKU oya="0"/><INIT seed="0,0,0,0,5,58" ten="250,250,250,250" oya="0" hai0="21,61,10,6,18,23,95,100,96,73,117,41,134" hai1="26,88,130,69,29,75,35,47,128,122,59,83,44" hai2="99,57,93,32,60,17,101,52,34,20,109,3,118" hai3="133,123,54,46,64,66,135,71,22,97,19,105,94"/><T127/><D117/><U49/><E69/><V1/><F118/><W27/><G123/><T11/><D73/><U68/><E68/><V40/><F40/><W102/><G105/><T39/><D127/><U98/><E122/><V92/><F109/><W25/><G25/><T30/><D134/><N who="3" m="51209" /><G71/><T115/><D115/><U37/><E37/><V14/><REACH who="2" step="1"/><F93/><REACH who="2" ten="250,250,240,250" step="2"/><W55/><G55/><T84/><D41/><U125/><E125/><V15/><F15/><W77/><G77/><T111/><D111/><U131/><E128/><V132/><F132/><W108/><G108/><T121/><D95/><U31/><E130/><V90/><F90/><W129/><G129/><T36/><D121/><U80/><E88/><V13/><F13/><W0/><G0/><AGARI ba="0,1" hai="0,1,3,14,17,20,32,34,52,57,60,92,99,101" machi="0" ten="40,5200,0" yaku="1,1,52,1,54,1,53,0" doraHai="58" doraHaiUra="45" who="2" fromWho="3" sc="250,0,250,0,240,62,250,-52" /><INIT seed="1,0,0,4,1,76" ten="250,250,302,198" oya="1" hai0="13,90,114,126,88,97,74,70,124,127,81,64,91" hai1="10,83,14,123,29,49,4,47,80,8,37,19,71" hai2="36,28,115,0,113,31,73,94,101,100,106,20,50" hai3="121,51,41,59,89,111,85,99,23,61,69,86,52"/><U96/><E123/><V68/><F36/><W133/><G121/><T128/><D114/><U75/><E37/><V39/><F39/><W32/><G32/><T103/><D128/><U82/><E71/><V21/><F0/><W54/><G111/><T58/><D70/><U60/><E75/><V22/><F73/><W93/><G133/><T56/><D13/><N who="1" m="5255" /><E29/><V125/><F106/><W44/><G69/><T132/><D132/><U87/><E96/><V33/><F68/><W129/><G129/><T35/><D35/><U7/><E60/><V67/><F67/><W98/><G23/><T48/><D48/><U30/><E30/><V1/><F1/><W95/><REACH who="3" step="1"/><G41/><REACH who="3" ten="250,250,302,188" step="2"/><T109/><D109/><U43/><E7/><V66/><F33/><W108/><G108/><T42/><D42/><U104/><E104/><V77/><F31/><W46/><G46/><T134/><D134/><U27/><E27/><V78/><F28/><W40/><G40/><T17/><D124/><U26/><E26/><V118/><F125/><W120/><G120/><T72/><D126/><U102/><E102/><AGARI ba="0,1" hai="44,51,52,54,59,61,85,86,89,93,95,98,99,102" machi="102" ten="30,7700,0" yaku="1,1,7,1,8,1,54,1,53,0" doraHai="76" doraHaiUra="9" who="3" fromWho="1" sc="250,0,250,-77,302,0,188,87" /><INIT seed="2,0,0,5,3,103" ten="250,173,302,275" oya="2" hai0="104,78,21,44,72,113,127,88,20,65,51,94,54" hai1="75,35,4,53,93,117,5,17,118,38,99,95,9" hai2="133,90,19,89,77,12,57,126,36,114,134,68,125" hai3="33,120,46,107,98,0,58,132,121,29,66,14,123"/><V48/><F68/><W47/><G0/><T10/><D113/><U60/><E75/><V112/><F36/><W3/><G3/><T85/><D127/><N who="2" m="48650" /><F48/><W30/><G132/><N who="2" m="50793" /><F57/><W71/><G58/><T106/><D65/><U1/><E38/><V131/><F77/><W32/><G14/><T40/><D10/><U49/><E35/><V59/><F59/><W73/><G73/><T92/><D92/><U8/><E17/><V61/><F61/><N who="3" m="40399" /><G29/><T25/><D40/><U22/><E60/><V39/><F39/><W13/><G13/><T34/><D34/><U26/><E49/><V86/><F131/><W96/><G33/><T124/><D124/><U76/><E53/><V74/><F74/><W23/><G32/><T7/><D7/><U50/><E50/><V122/><F122/><W119/><G120/><T11/><D11/><U24/><E76/><V69/><F69/><W91/><G121/><T81/><D20/><U16/><E24/><V83/><F89/><W105/><G91/><T130/><D130/><U43/><E43/><V100/><F100/><W52/><G123/><T18/><AGARI ba="0,0" hai="18,21,25,44,51,54,72,78,81,85,88,94,104,106" machi="18" ten="20,8000,1" yaku="0,1,7,1,52,2,54,1" doraHai="103" who="0" fromWho="0" sc="250,80,173,-20,302,-40,275,-20" /><INIT seed="3,0,0,0,5,2" ten="330,153,262,255" oya="3" hai0="8,90,133,27,128,111,73,12,124,97,13,53,45" hai1="48,24,98,94,96,18,104,49,125,80,106,1,9" hai2="123,61,87,36,77,56,131,5,120,86,75,83,109" hai3="130,112,127,15,37,85,122,52,135,59,47,11,22"/><W64/><G112/><T116/><D116/><U117/><E125/><V115/><F115/><W0/><G122/><N who="2" m="46633" /><F36/><W32/><G32/><T30/><D73/><U46/><E117/><V134/><F109/><W100/><G127/><T132/><D124/><U20/><E49/><V50/><F50/><W114/><G114/><T107/><D128/><U33/><E33/><V39/><F39/><W66/><G130/><T95/><D111/><U102/><E80/><V26/><F131/><W34/><G34/><N who="0" m="20831" /><D107/><U29/><E96/><V82/><F26/><W40/><G135/><N who="0" m="51787" /><D8/><U31/><E104/><V99/><F134/><W101/><G0/><T72/><D72/><U119/><E106/><V78/><F99/><W76/><G22/><T84/><D97/><U54/><REACH who="1" step="1"/><E119/><REACH who="1" ten="330,143,262,255" step="2"/><V69/><F83/><N who="3" m="47335" /><G101/><T6/><D95/><U42/><E42/><V88/><F82/><W25/><G100/><T103/><D103/><U35/><E35/><V118/><F118/><W10/><G40/><T62/><D84/><U7/><AGARI ba="0,1" hai="1,7,9,18,20,24,29,31,46,48,54,94,98,102" machi="7" ten="30,4000,0" yaku="1,1,0,1,52,1,53,0" doraHai="2" doraHaiUra="57" who="1" fromWho="1" sc="330,-10,143,50,262,-10,255,-20" owari="320,42.0,193,-30.7,252,5.2,235,-16.5" /></mjloggm>