<mjloggm ver="2.3"><GO type="225" lobby="0"/><UN n0="%E5%8D%A0%E3%81%84%E5%B8%AB%E8%A3%8F%E3%81%AA%E3%81%84%E3%81%97" n1="%E4%BF%BA%E3%81%A8%E5%A6%96%E5%A4%A2" n2="%E5%B0%8F%E9%B3%A5%E9%81%8A%E7%B7%B4%E7%84%A1%32%31%E6%AD%B3" n3="%28%EF%BF%A3%E2%96%BD%EF%BF%A3%29%CE%B4%E2%8C%92%E3%83%BB" dan="17,16,16,17" rate="2180.90,2211.51,2152.97,2285.31" sx="M,F,F,M"/><TAIKYOKU oya="0"/><INIT seed="0,0,0,4,1,21" ten="250,250,250,250" oya="0" hai0="63,49,9,123,116,85,77,92,113,29,84,47,26" hai1="64,14,121,88,96,131,94,126,82,118,11,36,13" hai2="102,31,108,132,20,93,24,52,54,44,28,19,22" hai3="55,91,83,75,67,101,78,2,76,42,122,35,4"/><T110/><D113/><U3/><E118/><V112/><F108/><W128/><G128/><T114/><D114/><U90/><E121/><V48/><F132/><W51/><G122/><T66/><D116/><U1/><E36/><V115/><F54/><W71/><G35/><T124/><D123/><U40/><E131/><V38/><F38/><W105/><G42/><T127/><D9/><U134/><E134/><V109/><F109/><W23/><G78/><T15/><D15/><U87/><E126/><N who="0" m="48169" /><D92/><U119/><E119/><V133/><F133/><W43/><G43/><N who="0" m="24831" /><D77/><U45/><E64/><V79/><F79/><W53/><G67/><T68/><D110/><U7/><REACH who="1" step="1"/><E1/><REACH who="1" ten="250,240,250,250" step="2"/><V32/><F115/><W106/><G2/><T125/><N who="0" m="48177" /><T61/><DORA hai="12" /><D61/><U74/><E74/><V33/><F112/><W46/><G75/><T99/><D99/><U129/><E129/><V80/><F93/><W135/><G135/><T5/><D5/><U97/><E97/><V111/><F111/><W57/><G4/><T50/><D50/><U86/><E86/><V17/><F48/><W107/><G51/><T65/><D65/><U34/><E34/><AGARI ba="0,1" hai="26,29,34,63,66,68,84,85" m="24831,48177" machi="34" ten="40,3900,0" yaku="18,1,52,1" doraHai="21,12" who="0" fromWho="1" sc="250,49,240,-39,250,0,250,0" /><INIT seed="0,1,0,5,4,23" ten="299,201,250,250" oya="0" hai0="122,78,34,3,99,19,100,67,7,65,51,52,101" hai1="70,14,104,108,31,54,90,47,38,49,126,83,118" hai2="11,120,92,131,111,12,29,10,134,115,103,95,69" hai3="81,46,43,75,76,64,56,9,102,18,110,71,44"/><T91/><D122/><U88/><E118/><V77/><F69/><W123/><G123/><T117/><D117/><U113/><E104/><V68/><F68/><W61/><G110/><T80/><D34/><U66/><E108/><V37/><F37/><W39/><G102/><T121/><D121/><U50/><E113/><V97/><F111/><W124/><G124/><T15/><D91/><U86/><E126/><V42/><F115/><W58/><G44/><T21/><D3/><U53/><E38/><V72/><F42/><W57/><G18/><T79/><D7/><U1/><E1/><V48/><F134/><W63/><REACH who="3" step="1"/><G9/><REACH who="3" ten="299,201,250,240" step="2"/><T17/><D19/><U4/><E31/><V2/><F29/><W20/><G20/><T85/><D100/><U5/><E5/><V36/><F103/><W109/><G109/><T125/><D125/><U107/><E107/><V45/><F10/><W129/><G129/><T28/><D28/><U112/><E112/><V62/><F11/><W135/><G135/><T128/><D128/><U26/><E4/><V22/><F131/><W6/><G6/><T94/><D78/><U55/><E90/><V16/><F77/><W27/><G27/><T114/><D114/><U133/><E133/><V24/><F24/><W105/><G105/><T93/><REACH who="0" step="1"/><D94/><REACH who="0" ten="289,201,250,240" step="2"/><U59/><E88/><V60/><F92/><W132/><G132/><T98/><D98/><U84/><E83/><V130/><F97/><W0/><G0/><T33/><D33/><U127/><E127/><V25/><F2/><W8/><G8/><T116/><D116/><U74/><E74/><RYUUKYOKU ba="1,2" sc="289,15,201,-15,250,-15,240,15" hai0="15,17,21,51,52,65,67,79,80,85,93,99,101" hai3="39,43,46,56,57,58,61,63,64,71,75,76,81" /><INIT seed="0,2,2,4,1,17" ten="304,186,235,255" oya="0" hai0="2,16,102,14,123,93,91,88,46,69,81,105,56" hai1="80,43,135,118,68,72,92,28,101,85,71,77,36" hai2="4,48,44,22,104,100,96,42,99,90,6,3,47" hai3="114,108,34,109,23,31,124,37,112,122,128,52,67"/><T5/><D69/><U107/><E118/><V133/><F133/><W131/><G37/><T79/><D123/><U70/><E135/><V59/><F3/><W75/><G75/><T134/><D134/><U129/><E129/><N who="3" m="49738" /><G67/><T127/><D127/><U9/><E9/><V103/><F90/><W87/><G124/><T97/><D2/><U95/><E28/><V130/><F130/><W58/><G34/><T19/><D46/><U20/><E20/><V11/><F59/><W54/><G87/><N who="0" m="52383" /><D91/><N who="1" m="53359" /><E95/><V18/><F47/><W111/><G122/><T41/><D41/><U33/><E33/><V74/><F11/><W27/><G54/><T116/><D116/><U98/><E43/><V21/><F74/><W10/><G10/><N who="0" m="4431" /><D56/><U40/><E40/><V30/><F30/><W61/><AGARI ba="2,2" hai="23,27,31,52,58,61,108,109,111,112,114" m="49738" machi="61" ten="40,8000,1" yaku="14,1,19,1,52,1,54,1" doraHai="17" who="3" fromWho="3" sc="304,-42,186,-22,235,-22,255,106" /><INIT seed="1,0,0,2,4,19" ten="262,164,213,361" oya="1" hai0="123,69,74,55,41,125,60,97,12,43,4,61,51" hai1="88,65,115,53,108,99,40,27,120,58,52,114,132" hai2="134,29,1,17,121,64,15,96,90,54,11,8,13" hai3="75,107,109,47,16,84,3,119,18,127,105,128,93"/><U76/><E120/><V118/><F118/><W100/><G75/><T38/><D74/><U24/><E132/><V42/><F134/><W57/><G3/><T77/><D123/><U50/><E108/><V82/><F1/><W44/><G109/><T124/><D77/><U87/><E65/><V122/><F42/><N who="0" m="15882" /><D97/><U37/><E76/><V31/><F64/><W73/><G18/><T36/><D12/><U7/><E99/><V112/><F112/><W35/><G93/><T103/><D4/><U110/><E110/><V20/><F122/><W98/><G100/><T81/><D81/><U117/><E117/><V48/><F121/><W66/><G84/><T129/><D103/><U86/><E7/><V116/><F116/><W46/><G35/><T85/><D85/><U111/><E111/><V34/><F34/><W79/><G98/><T72/><D72/><U104/><E104/><V102/><F102/><W6/><G107/><T130/><D69/><U22/><E53/><V33/><F33/><W2/><G105/><T32/><D32/><U83/><E87/><N who="2" m="50551" /><F96/><W30/><G73/><T49/><D49/><U95/><E83/><V89/><F89/><W80/><G80/><T9/><D9/><N who="2" m="3658" /><F13/><W26/><G2/><T23/><D36/><U126/><E126/><N who="0" m="48745" /><D38/><U78/><E78/><V5/><F5/><W56/><G6/><T101/><D101/><U106/><E106/><V59/><AGARI ba="0,0" hai="15,17,20,29,31,48,54,59" m="3658,50551" machi="59" ten="30,2000,0" yaku="8,1,52,1" doraHai="19" who="2" fromWho="2" sc="262,-5,164,-10,213,20,361,-5" /><INIT seed="2,0,0,3,1,59" ten="257,154,233,356" oya="2" hai0="101,131,106,51,44,71,15,85,39,135,72,78,17" hai1="103,95,38,30,74,112,2,6,82,125,94,3,87" hai2="80,25,126,102,70,99,132,81,88,66,19,5,27" hai3="100,36,97,111,8,50,122,37,130,77,28,98,42"/><V9/><F132/><W123/><G77/><T110/><D110/><U26/><E112/><V4/><F126/><W41/><G28/><T67/><D72/><U34/><E125/><V31/><F19/><W13/><G130/><T65/><D39/><U52/><E74/><V23/><F25/><W21/><G21/><T46/><D135/><U129/><E38/><V0/><F4/><W76/><G50/><T91/><D78/><U60/><E129/><V86/><F66/><W104/><G8/><T68/><D131/><U33/><E33/><V114/><F70/><W119/><G13/><T118/><D118/><U121/><E121/><V83/><REACH who="2" step="1"/><F114/><REACH who="2" ten="257,154,223,356" step="2"/><W75/><G122/><T79/><D65/><U11/><E2/><V96/><F96/><W1/><G98/><N who="0" m="61751" /><D67/><U69/><E69/><V10/><F10/><W55/><G97/><T92/><D68/><U107/><E103/><V93/><AGARI ba="0,1" hai="0,5,9,23,27,31,80,81,83,86,88,93,99,102" machi="93" ten="20,12000,1" yaku="1,1,0,1,7,1,54,1,53,1" doraHai="59" doraHaiUra="22" who="2" fromWho="2" sc="257,-40,154,-40,223,130,356,-40" /><INIT seed="2,1,0,1,3,76" ten="217,114,353,316" oya="2" hai0="135,13,34,72,94,56,19,8,50,21,43,16,133" hai1="4,20,58,129,5,134,107,120,67,113,118,123,111" hai2="37,57,26,3,15,61,10,95,109,74,77,51,0" hai3="126,28,119,1,22,127,42,6,2,27,86,124,23"/><V29/><F37/><W121/><G42/><T62/><D72/><U70/><E113/><V36/><F36/><W63/><G63/><T65/><D34/><U87/><E118/><V45/><F95/><W108/><G86/><T91/><D43/><U14/><E70/><V82/><F109/><W11/><G119/><T131/><D131/><U90/><E129/><V83/><F0/><N who="3" m="455" /><G108/><T69/><D69/><U96/><E111/><V128/><F3/><N who="3" m="1035" /><G121/><N who="1" m="46666" /><E134/><N who="0" m="51209" /><D50/><U125/><E125/><N who="3" m="32002" /><W114/><DORA hai="52" /><G114/><T53/><D65/><U104/><E96/><V75/><F128/><W41/><G41/><T103/><D103/><U101/><E101/><V88/><F45/><W117/><G117/><T98/><D21/><AGARI ba="1,0" hai="21,22,23,27,28" m="32002,1035,455" machi="21" ten="50,6400,0" yaku="18,1,34,2" doraHai="76,52" who="3" fromWho="0" sc="217,-67,114,0,353,0,316,67" /><INIT seed="3,0,0,5,0,73" ten="150,114,353,383" oya="3" hai0="19,97,40,70,132,76,77,2,22,39,3,98,4" hai1="47,123,127,110,13,1,63,10,31,81,38,87,25" hai2="69,6,52,68,112,54,99,67,36,125,122,107,105" hai3="92,128,33,86,106,55,41,91,95,45,75,51,57"/><W82/><G33/><T109/><D70/><U65/><E123/><V117/><F112/><W60/><G106/><T24/><D109/><U48/><E110/><V28/><F117/><W121/><G121/><T80/><D132/><U34/><E127/><V50/><F36/><W21/><G128/><T59/><D59/><U113/><E38/><V126/><F122/><W130/><G130/><T44/><D76/><U78/><E1/><V119/><F119/><W12/><G75/><N who="0" m="43071" /><D2/><U115/><E63/><N who="2" m="40063" /><F69/><W29/><G12/><T49/><D49/><U64/><E64/><V27/><F6/><W43/><G43/><T129/><D129/><U93/><E93/><N who="3" m="35914" /><G21/><T100/><D100/><U66/><E113/><V23/><F54/><W71/><G71/><T116/><D116/><U133/><E115/><V42/><F42/><W5/><G5/><T11/><AGARI ba="0,0" hai="3,4,11,19,22,24,39,40,44,97,98" m="43071" machi="11" ten="30,2000,0" yaku="25,1,52,1" doraHai="73" who="0" fromWho="0" sc="150,20,114,-5,353,-5,383,-10" owari="170,-23.0,109,-39.1,348,14.8,373,47.3" /></mjloggm>