<mjloggm ver="2.3"><GO type="225" lobby="0"/><UN n0="%28%EF%BF%A3%E2%96%BD%EF%BF%A3%29%CE%B4%E2%8C%92%E3%83%BB" n1="%E4%BF%BA%E3%81%A8%E5%A6%96%E5%A4%A2" n2="%E6%B7%91%E5%A5%B3%E3%81%AE%E5%97%9C%E3%81%BF" n3="%6C%65%74%69%74%62%65" dan="17,16,16,16" rate="2297.26,2241.71,2137.43,2083.47" sx="M,F,M,M"/><TAIKYOKU oya="0"/><INIT seed="0,0,0,3,1,81" ten="250,250,250,250" oya="0" hai0="23,72,31,51,8,35,17,12,52,20,41,122,28" hai1="100,0,116,24,69,47,128,121,102,18,62,68,123" hai2="44,4,83,96,5,37,124,22,48,103,64,2,101" hai3="60,111,3,125,115,120,108,78,16,63,33,76,129"/><T71/><D72/><U1/><E116/><V79/><F124/><W86/><G115/><T45/><D71/><U50/><E128/><V66/><F22/><N who="0" m="8234" /><D35/><U14/><E24/><V97/><F37/><W74/><G33/><T133/><D122/><U98/><E121/><V11/><F5/><W55/><G3/><T93/><D133/><U107/><E123/><V109/><F109/><N who="3" m="42059" /><G120/><T73/><D73/><U77/><E102/><V54/><F101/><W90/><G74/><T130/><D130/><U131/><E131/><V118/><F97/><W15/><G125/><T117/><D117/><U9/><E77/><N who="3" m="29802" /><G55/><T57/><D93/><U10/><E10/><V34/><F34/><W21/><G129/><T58/><D41/><U82/><E82/><AGARI ba="0,0" hai="15,16,21,60,63,82,86,90" m="29802,42059" machi="82" ten="30,3900,0" yaku="14,1,52,1,54,1" doraHai="81" who="3" fromWho="1" sc="250,0,250,-39,250,0,250,39" /><INIT seed="1,0,0,2,5,36" ten="250,211,250,289" oya="1" hai0="131,30,133,51,34,7,65,104,110,42,122,41,70" hai1="68,33,124,35,40,129,13,87,55,100,12,10,15" hai2="2,105,28,91,81,96,46,123,120,127,111,16,6" hai3="22,128,58,80,37,97,1,130,14,53,90,66,3"/><U88/><E68/><V47/><F111/><W48/><G66/><T134/><D110/><U101/><E129/><N who="3" m="49770" /><G37/><T4/><D104/><U72/><E72/><V77/><F28/><W92/><G80/><T121/><D131/><U79/><E79/><V98/><F127/><W18/><AGARI ba="0,0" hai="1,3,14,18,22,48,53,58,90,92,97" m="49770" machi="18" ten="30,1100,0" yaku="19,1" doraHai="36" who="3" fromWho="3" sc="250,-3,211,-5,250,-3,289,11" /><INIT seed="2,0,0,4,4,40" ten="247,206,247,300" oya="2" hai0="123,65,30,105,82,112,87,83,34,54,55,16,120" hai1="86,31,127,132,130,111,45,3,2,8,17,28,99" hai2="13,15,96,109,70,56,135,108,52,29,119,7,35" hai3="1,33,78,97,131,103,64,48,67,22,129,89,66"/><V102/><F119/><W93/><G33/><T11/><D105/><U106/><E111/><N who="2" m="42571" /><F70/><W25/><G1/><T49/><D112/><U57/><E132/><V90/><F135/><W98/><G78/><T63/><D55/><U77/><E130/><N who="3" m="49674" /><G48/><T94/><D94/><U20/><E127/><V95/><F7/><W81/><G81/><T76/><D83/><U116/><E57/><V85/><F35/><W121/><G121/><T79/><D34/><U125/><E125/><V27/><F27/><W18/><G64/><T37/><D30/><U6/><E2/><V23/><F23/><W100/><G100/><T39/><D76/><U73/><E73/><V50/><F29/><W14/><G25/><T114/><D114/><U51/><E116/><V104/><AGARI ba="0,0" hai="13,15,50,52,56,85,90,95,96,102,104" m="42571" machi="104" ten="30,6000,0" yaku="14,1,10,1,54,1" doraHai="40" who="2" fromWho="2" sc="247,-20,206,-20,247,60,300,-20" /><INIT seed="2,1,0,4,5,42" ten="227,186,307,280" oya="2" hai0="127,107,32,77,35,19,101,14,104,18,90,55,34" hai1="97,132,8,119,110,94,4,81,76,84,43,68,100" hai2="86,39,95,7,131,111,64,67,121,26,59,72,27" hai3="70,98,16,25,24,22,74,130,69,82,106,88,99"/><V134/><F121/><W38/><G130/><T135/><D135/><U122/><E119/><V126/><F72/><W116/><G116/><T17/><D127/><U123/><E132/><V2/><F134/><W57/><G38/><T6/><D77/><U78/><E68/><V71/><F126/><W114/><G114/><T23/><D101/><U0/><E110/><V28/><F131/><W33/><G98/><T89/><D55/><U13/><E0/><V65/><F111/><W52/><G106/><T12/><D6/><U11/><E11/><V112/><F112/><W66/><G66/><T109/><D109/><U53/><E53/><V15/><F2/><W108/><G108/><T60/><D60/><U30/><E30/><V103/><F39/><W31/><G74/><T79/><D79/><U51/><REACH who="1" step="1"/><E78/><REACH who="1" ten="227,176,307,280" step="2"/><V1/><F1/><W21/><G69/><T49/><D23/><U29/><E29/><V36/><F28/><W48/><G70/><T105/><D49/><U58/><E58/><V73/><F36/><W129/><G129/><T61/><D61/><U83/><E83/><V80/><F71/><W37/><G37/><T9/><D9/><U45/><AGARI ba="1,1" hai="4,8,13,43,45,51,76,81,84,94,97,100,122,123" machi="45" ten="30,12000,2" yaku="1,1,0,1,25,2,52,1,53,1" doraHai="42" doraHaiUra="41" who="1" fromWho="1" sc="227,-31,176,133,307,-61,280,-31" /><INIT seed="3,0,0,2,0,63" ten="196,309,246,249" oya="3" hai0="24,65,80,98,35,106,22,81,12,34,58,116,79" hai1="25,42,27,122,11,100,93,3,88,14,87,128,104" hai2="89,103,48,78,123,41,82,51,110,111,67,50,105" hai3="127,76,47,74,8,125,46,119,118,7,53,130,29"/><W134/><G29/><T45/><D116/><U69/><E122/><V101/><F123/><W56/><G130/><T31/><D80/><U40/><E3/><V131/><F131/><W113/><G113/><T21/><D45/><N who="3" m="16905" /><G76/><T20/><D35/><U9/><E9/><V6/><F41/><N who="1" m="15977" /><E104/><V95/><F6/><W96/><G96/><T54/><D106/><U43/><E69/><V37/><F37/><W15/><G74/><T16/><D98/><N who="1" m="59471" /><E43/><V62/><F105/><W124/><G134/><T68/><D68/><U114/><E114/><V60/><F103/><W121/><G121/><T66/><D34/><U23/><E23/><V91/><F101/><W0/><G0/><T132/><D22/><U49/><E49/><AGARI ba="0,0" hai="7,8,15,49,53,56,118,119,124,125,127" m="16905" machi="49" ten="30,1500,0" yaku="18,1" doraHai="63" who="3" fromWho="1" sc="196,0,309,-15,246,0,249,15" /><INIT seed="3,1,0,2,5,64" ten="196,294,246,264" oya="3" hai0="11,72,8,17,102,93,112,5,66,37,22,131,82" hai1="109,96,87,110,124,46,118,105,43,41,134,97,122" hai2="51,123,74,92,73,68,120,29,81,6,15,24,88" hai3="119,0,90,116,30,33,32,99,133,19,12,127,111"/><W63/><G90/><T39/><D131/><U34/><E34/><N who="3" m="13418" /><G99/><T62/><D112/><U48/><E122/><N who="2" m="46635" /><F51/><W65/><G65/><T35/><D35/><U57/><E118/><V56/><F56/><W36/><G36/><T95/><D39/><U20/><E41/><V89/><F68/><W50/><G50/><T104/><D37/><U77/><E105/><V13/><F29/><W76/><G76/><T44/><D44/><U94/><E134/><V85/><F24/><W113/><G63/><T67/><D104/><U129/><E129/><V70/><F70/><W114/><G133/><T69/><D67/><U58/><E97/><N who="2" m="57479" /><F6/><W107/><G30/><T100/><D72/><AGARI ba="1,0" hai="13,15,72,73,74,81,85,89" m="57479,46635" machi="72" ten="30,2000,0" yaku="13,1,54,1" doraHai="64" who="2" fromWho="0" sc="196,-23,294,0,246,23,264,0" /><INIT seed="4,0,0,2,0,0" ten="173,294,269,264" oya="0" hai0="125,49,68,51,12,101,25,1,132,133,21,98,113" hai1="4,40,104,46,112,77,91,15,122,8,110,120,42" hai2="111,71,39,123,50,44,80,41,53,56,117,61,100" hai3="63,106,5,3,26,70,92,121,109,60,72,69,95"/><T33/><D68/><U118/><E110/><V54/><F100/><W13/><G109/><T88/><D1/><U99/><E118/><V57/><F111/><W131/><G72/><T75/><D75/><U126/><E126/><V103/><F117/><W115/><G3/><T29/><D125/><U86/><E42/><V119/><F119/><W58/><G106/><T73/><D73/><U43/><E43/><V82/><F123/><W116/><G116/><T67/><D67/><U108/><E108/><V90/><F103/><W134/><G26/><T94/><D113/><U130/><E112/><V59/><F90/><W84/><G115/><T107/><D12/><U17/><E17/><V37/><F82/><W9/><G131/><T83/><D83/><N who="1" m="47471" /><E130/><V27/><F27/><W79/><G134/><N who="0" m="51819" /><D33/><U102/><E91/><V35/><F80/><N who="3" m="47135" /><G69/><T65/><D65/><U10/><E10/><V32/><F32/><W55/><G70/><T36/><D36/><N who="2" m="13898" /><F35/><W30/><G121/><T16/><D29/><U76/><E76/><V135/><F135/><W28/><G60/><T93/><D107/><U105/><E105/><V48/><F71/><W89/><G95/><T22/><D22/><U78/><E78/><V114/><F114/><W52/><G55/><T19/><D19/><U128/><E128/><V62/><F53/><W66/><G66/><T74/><D74/><U38/><E38/><V81/><F81/><W129/><G129/><T34/><D34/><U23/><E23/><V11/><F11/><W124/><G124/><T64/><D64/><U31/><E31/><V96/><F96/><AGARI ba="0,0" hai="5,9,13,28,30,52,58,63,89,92,96" m="47135" machi="96" ten="30,7700,0" yaku="6,1,8,1,52,1,54,1" doraHai="0" who="3" fromWho="2" sc="173,0,294,0,269,-77,264,77" /><AGARI ba="0,0" hai="16,21,25,49,51,88,93,94,96,98,101" m="51819" machi="96" ten="30,11600,0" yaku="6,1,20,1,54,2" doraHai="0" who="0" fromWho="2" sc="173,116,294,0,192,-116,341,0" /><INIT seed="4,1,0,5,0,30" ten="289,294,76,341" oya="0" hai0="14,29,79,57,81,36,6,37,53,70,62,105,99" hai1="5,61,66,127,75,128,2,32,55,3,8,101,40" hai2="7,56,85,28,115,111,26,34,68,11,80,52,45" hai3="84,78,89,64,31,41,106,59,86,100,43,33,9"/><T98/><D70/><U17/><E75/><V23/><F111/><W119/><G119/><T93/><D105/><U96/><E128/><V65/><F115/><W129/><G9/><T103/><D98/><U22/><E127/><V114/><F114/><W109/><G109/><T72/><D6/><U69/><E40/><V1/><F45/><W46/><G78/><T130/><D130/><U104/><E55/><V116/><F116/><W0/><G0/><T131/><D131/><U39/><E39/><V120/><F120/><W25/><G84/><T12/><D37/><U112/><E112/><V88/><F65/><W92/><G46/><T54/><D36/><U83/><E83/><V48/><F68/><W13/><G13/><T108/><D108/><U71/><E32/><V15/><REACH who="2" step="1"/><F1/><REACH who="2" ten="289,294,66,341" step="2"/><W74/><G64/><T49/><D29/><U118/><E118/><V42/><F42/><W110/><G41/><T121/><D121/><U123/><E123/><V50/><F50/><W102/><G43/><T73/><D73/><U58/><E2/><V18/><F18/><W51/><G51/><T135/><D135/><U63/><E63/><V10/><F10/><W76/><G129/><T87/><D72/><U77/><E77/><V38/><F38/><W107/><G110/><T21/><D21/><AGARI ba="1,1" hai="7,11,15,21,23,26,28,34,48,52,56,80,85,88" machi="21" ten="40,8000,1" yaku="1,1,52,1,54,2,53,0" doraHai="30" doraHaiUra="35" who="2" fromWho="0" sc="289,-83,294,0,66,93,341,0" owari="206,-19.4,294,9.4,159,-34.1,341,44.1" /></mjloggm>