<mjloggm ver="2.3"><GO type="225" lobby="0"/><UN n0="%E6%A1%9C%E8%8A%B1%E9%96%83%E3%80%85" n1="%E7%B4%94%E6%BD%94%E3%83%94%E3%83%A9%E3%83%8B%E3%82%A2" n2="%E3%83%B4%E3%83%A0%EF%BC%99%E3%81%A6" n3="%E5%91%A8%E6%9D%B1" dan="16,16,17,16" rate="2196.22,2139.94,2163.65,2149.58" sx="M,M,M,M"/><TAIKYOKU oya="0"/><INIT seed="0,0,0,2,4,33" ten="250,250,250,250" oya="0" hai0="25,113,103,135,128,43,40,117,49,120,27,125,6" hai1="108,76,91,24,132,96,4,57,53,29,67,129,71" hai2="65,93,47,62,80,15,70,42,112,26,69,110,104" hai3="58,75,133,56,130,36,35,86,2,134,82,46,115"/><T84/><D113/><U72/><E108/><V0/><F112/><W87/><G115/><T118/><D120/><U64/><E71/><V73/><F104/><W32/><G75/><T8/><D128/><U34/><E129/><V3/><F110/><W79/><G130/><T114/><D114/><U50/><E132/><N who="3" m="50794" /><G87/><T98/><D135/><U38/><E38/><N who="2" m="21975" /><F15/><W88/><G79/><T51/><D125/><U18/><E18/><V83/><F93/><W10/><G35/><T14/><D84/><U131/><E131/><V41/><F80/><W11/><G11/><T7/><D14/><U19/><E19/><V20/><F20/><W92/><G92/><T45/><D45/><U13/><E91/><V109/><F109/><W39/><G32/><T55/><D55/><U85/><E85/><V124/><F26/><W105/><G105/><T52/><D52/><U23/><E96/><V89/><F89/><W99/><G99/><T106/><D98/><U28/><E28/><V81/><F81/><W100/><G100/><T17/><D106/><U30/><E29/><V126/><F41/><N who="3" m="22823" /><G39/><T16/><REACH who="0" step="1"/><D8/><REACH who="0" ten="240,250,250,250" step="2"/><U31/><E34/><V123/><F123/><W90/><G90/><T102/><AGARI ba="0,1" hai="6,7,16,17,25,27,40,43,49,51,102,103,117,118" machi="102" ten="25,18000,2" yaku="1,1,2,1,0,1,22,2,54,1,53,0" doraHai="33" doraHaiUra="116" who="0" fromWho="0" sc="240,190,250,-60,250,-60,250,-60" /><INIT seed="0,1,0,4,2,85" ten="430,190,190,190" oya="0" hai0="10,47,127,72,118,128,112,54,117,83,103,107,1" hai1="108,8,124,130,89,94,60,28,0,9,45,76,92" hai2="111,32,73,88,46,119,75,115,20,52,95,51,53" hai3="56,58,44,27,102,41,40,62,31,48,105,132,96"/><T22/><D112/><U123/><E123/><V82/><F115/><W33/><G132/><T133/><D22/><U66/><E108/><V91/><F32/><W61/><G61/><T114/><D114/><U71/><E124/><V134/><F111/><W13/><G41/><T106/><D54/><U7/><E130/><V35/><F35/><W100/><G100/><T23/><D23/><U67/><E76/><V30/><F134/><W86/><G13/><T15/><D15/><U131/><E131/><V21/><F119/><W55/><G86/><T68/><D68/><U2/><E45/><V129/><F129/><W16/><G16/><T90/><D128/><U69/><E28/><V50/><F82/><W116/><G116/><T135/><D47/><U78/><E78/><V63/><F63/><W12/><G12/><T77/><D127/><U122/><E122/><V4/><F4/><W37/><G62/><T38/><D38/><U70/><E92/><V125/><F125/><W74/><G74/><N who="0" m="43447" /><D107/><U42/><E42/><V59/><F20/><W99/><G58/><T98/><D103/><U24/><E24/><N who="2" m="16655" /><F75/><W34/><G34/><T120/><D120/><U11/><E60/><V87/><F73/><W36/><G36/><T126/><D126/><U6/><E8/><V29/><F29/><W79/><G79/><T17/><D72/><U57/><E57/><V18/><F18/><W81/><G81/><T26/><D118/><U110/><E110/><V39/><F39/><W104/><G104/><T113/><D117/><U80/><E80/><V65/><F65/><W19/><G19/><RYUUKYOKU ba="1,0" sc="430,-30,190,10,190,10,190,10" hai1="0,2,6,7,9,11,66,67,69,70,71,89,94" hai2="46,50,51,52,53,59,87,88,91,95" hai3="27,31,33,37,40,44,48,55,56,96,99,102,105" /><INIT seed="1,2,0,2,4,123" ten="400,200,200,200" oya="1" hai0="90,57,44,82,61,107,5,80,79,53,15,135,78" hai1="76,9,70,35,65,124,89,99,106,93,109,60,38" hai2="105,87,117,47,56,119,88,131,34,1,8,67,39" hai3="41,20,129,54,45,27,19,127,115,31,23,36,21"/><U2/><E124/><V77/><F105/><W4/><G115/><T84/><D135/><U112/><E112/><V100/><F100/><W42/><G127/><T18/><D107/><U128/><E128/><V24/><F77/><W17/><G129/><T120/><D120/><U68/><E35/><V64/><F131/><W37/><G54/><T32/><D32/><U111/><E38/><V43/><F1/><W102/><G4/><T83/><D44/><U118/><E118/><V59/><F8/><W25/><G102/><T130/><D5/><U95/><E106/><V86/><F86/><W55/><G55/><T3/><D3/><U58/><E76/><N who="0" m="29225" /><D130/><U116/><E116/><V0/><F0/><W101/><G101/><T96/><D96/><U49/><E95/><V63/><F24/><W113/><G113/><T13/><D13/><U69/><E2/><V108/><F34/><W6/><G6/><T72/><D72/><U110/><E9/><AGARI ba="2,0" hai="9,15,18,53,57,61,80,82,83,84,90" m="29225" machi="9" ten="30,1000,0" yaku="8,1" doraHai="123" who="0" fromWho="1" sc="400,16,200,-16,200,0,200,0" /><INIT seed="2,0,0,3,0,34" ten="416,184,200,200" oya="2" hai0="52,36,110,18,120,113,92,57,49,6,2,55,56" hai1="7,130,40,33,29,121,96,78,23,87,14,93,21" hai2="79,88,68,81,122,1,135,74,85,9,65,46,98" hai3="108,69,70,48,76,131,64,132,5,129,28,72,94"/><V24/><F122/><W30/><G108/><T0/><D120/><U123/><E130/><N who="3" m="49674" /><G132/><T50/><D113/><U32/><E40/><V90/><F135/><W39/><G39/><T125/><D110/><U71/><E71/><N who="3" m="27146" /><G64/><T109/><D109/><U107/><E107/><V62/><F24/><W95/><G5/><T84/><D125/><U118/><E118/><V66/><F66/><W47/><G76/><T124/><D124/><U22/><E29/><N who="3" m="11370" /><G72/><T126/><D36/><U54/><E121/><V25/><F25/><W80/><G80/><T16/><D6/><U111/><E123/><V45/><F98/><W61/><G61/><T59/><D59/><U115/><E115/><V73/><F73/><W134/><G134/><T119/><D126/><U60/><E111/><V117/><F117/><W104/><G104/><T100/><D119/><U17/><E7/><V116/><F116/><W106/><G106/><T101/><D84/><U10/><E78/><V38/><F38/><W128/><N who="3" m="49682" /><W53/><AGARI ba="0,0" hai="47,48,53,94,95" m="11370,27146,49682" machi="53" ten="50,3200,0" yaku="4,1,19,1" doraHai="34" who="3" fromWho="3" sc="416,-8,184,-8,200,-16,200,32" /><INIT seed="3,0,0,4,2,5" ten="408,176,184,232" oya="3" hai0="103,77,89,12,14,2,54,36,94,105,85,128,92" hai1="130,40,43,104,8,111,19,22,42,96,35,88,106" hai2="133,71,101,110,86,26,30,121,109,11,119,25,17" hai3="16,81,127,0,115,129,84,64,33,123,116,28,79"/><W75/><G116/><T32/><D2/><U56/><E35/><V135/><F119/><W87/><G0/><T62/><D32/><U9/><E111/><N who="2" m="42507" /><F121/><W114/><G64/><T49/><D36/><U51/><E130/><V6/><F71/><W91/><G123/><T50/><D105/><U78/><E78/><V60/><F60/><W24/><G129/><T113/><D113/><U102/><E106/><V90/><F17/><W45/><G127/><T95/><D77/><U48/><E88/><V4/><F101/><W73/><G73/><T29/><D29/><U57/><E48/><N who="0" m="18537" /><D128/><U3/><E3/><N who="2" m="415" /><F6/><W76/><G76/><T112/><D112/><U134/><E134/><N who="2" m="51211" /><F30/><W82/><G75/><T13/><D103/><U44/><E57/><AGARI ba="0,0" hai="12,13,14,54,57,62,85,89,92,94,95" m="18537" machi="57" ten="30,1000,0" yaku="8,1" doraHai="5" who="0" fromWho="1" sc="408,10,176,-10,184,0,232,0" owari="418,51.8,166,-33.4,184,-21.6,232,3.2" /></mjloggm>