<mjloggm ver="2.3"><GO type="225" lobby="0"/><UN n0="%70%68%65%6E%6F%6D%65" n1="%E3%80%93%E3%81%97%E3%83%BC%E3%82%89%E3%80%93" n2="%E4%BF%BA%E3%81%A8%E5%A6%96%E5%A4%A2" n3="%E3%81%BF%E3%81%BF%E3%81%9A" dan="16,16,16,17" rate="2142.98,2200.37,2204.62,2175.15" sx="M,M,F,M"/><TAIKYOKU oya="0"/><INIT seed="0,0,0,0,3,15" ten="250,250,250,250" oya="0" hai0="125,12,45,93,26,90,110,126,31,60,104,112,92" hai1="111,85,23,32,124,37,69,48,94,41,24,20,58" hai2="66,42,122,102,88,25,98,134,128,5,132,99,103" hai3="8,62,116,2,27,118,4,28,44,30,127,100,81"/><T130/><D112/><U61/><E111/><V36/><F122/><W22/><G127/><N who="0" m="48651" /><D104/><U129/><E124/><V19/><F128/><W97/><G44/><T76/><D130/><U82/><E129/><V70/><F5/><W0/><G0/><T95/><D110/><U89/><E37/><V43/><F66/><W51/><G51/><T9/><D76/><U56/><E69/><V65/><F65/><W67/><G81/><T133/><D60/><U1/><E1/><V115/><F70/><W34/><G30/><T55/><D55/><N who="1" m="31847" /><E32/><V63/><F63/><W57/><REACH who="3" step="1"/><G34/><REACH who="3" ten="250,250,250,240" step="2"/><N who="0" m="20855" /><D45/><U83/><E41/><V78/><F42/><W96/><G96/><N who="0" m="57367" /><D133/><U80/><E24/><V123/><F132/><W79/><G79/><T74/><D74/><U86/><E86/><V16/><F134/><W6/><G6/><AGARI ba="0,1" hai="6,9,12,93,95" m="57367,20855,48651" machi="6" ten="30,1500,0" yaku="18,1" doraHai="15" who="0" fromWho="3" sc="250,25,250,0,250,0,240,-15" /><INIT seed="0,1,0,0,0,40" ten="275,250,250,225" oya="0" hai0="124,35,46,84,56,133,1,57,122,70,5,0,99" hai1="33,101,121,130,80,31,73,14,104,58,23,90,125" hai2="115,88,100,47,50,4,66,91,105,128,67,127,24" hai3="27,38,97,51,95,120,116,6,63,74,93,94,61"/><T52/><D122/><U10/><E33/><V77/><F115/><W69/><G38/><T8/><D70/><U131/><E121/><V60/><F128/><W55/><G116/><T7/><D124/><U64/><E125/><V26/><F127/><W21/><G74/><T87/><D133/><U86/><E73/><V2/><F77/><W20/><G120/><T132/><D132/><U75/><E75/><V16/><F105/><W76/><G76/><T45/><D35/><U98/><E31/><V68/><F100/><W42/><G42/><T28/><D99/><U19/><E64/><V109/><F109/><W34/><G34/><T83/><D28/><U3/><REACH who="1" step="1"/><E58/><REACH who="1" ten="275,240,250,225" step="2"/><V12/><F67/><W79/><G69/><T32/><D32/><U43/><E43/><V113/><F68/><W9/><G79/><T44/><D57/><U54/><E54/><N who="2" m="30047" /><F113/><W53/><G53/><T30/><D30/><U89/><E89/><N who="2" m="34379" /><F66/><W102/><G61/><T135/><D135/><U72/><E72/><V118/><F118/><W65/><G63/><T129/><D129/><U92/><E92/><N who="3" m="35434" /><G65/><T37/><D83/><U17/><E17/><V82/><F82/><W85/><G85/><T108/><D108/><U134/><E134/><V48/><F60/><W49/><G55/><T96/><D37/><U107/><E107/><V114/><F114/><W103/><G102/><T41/><D41/><U25/><E25/><V22/><F48/><N who="3" m="18507" /><G27/><T117/><D117/><U18/><E18/><V106/><F106/><W39/><G39/><T62/><D96/><U36/><E36/><V13/><F26/><RYUUKYOKU ba="1,1" sc="275,0,240,0,250,0,225,0" hai0="0,1,5,7,8,44,45,46,52,56,62,84,87" hai1="3,10,14,19,23,80,86,90,98,101,104,130,131" hai2="2,4,12,13,16,22,24" hai3="6,9,20,21,95,97,103" /><INIT seed="0,2,1,3,5,75" ten="275,240,250,225" oya="0" hai0="129,118,60,32,98,29,11,134,48,4,106,113,24" hai1="96,26,18,14,77,54,58,110,13,81,100,56,101" hai2="9,21,69,22,79,45,38,105,12,92,95,28,112" hai3="84,119,16,123,40,115,121,57,130,42,68,36,128"/><T30/><D113/><U80/><E110/><V50/><F112/><W116/><G68/><T27/><D118/><N who="3" m="45097" /><G84/><T31/><D129/><N who="3" m="49769" /><G115/><T2/><D134/><U125/><E125/><V93/><F105/><W133/><G133/><T103/><D48/><U61/><E81/><V47/><F69/><W135/><G135/><T39/><D39/><U59/><E26/><V124/><F124/><W7/><G7/><T35/><D30/><U33/><E33/><V37/><F79/><W62/><G16/><T65/><D60/><U114/><E114/><V20/><F28/><W63/><G63/><T1/><D65/><U122/><E122/><N who="3" m="46602" /><G36/><T49/><D49/><U55/><E61/><V109/><F109/><W107/><G107/><T66/><D66/><AGARI ba="2,1" hai="40,42,57,62,66" m="46602,49769,45097" machi="66" ten="40,8000,1" yaku="19,1,13,1,34,2" doraHai="75" who="3" fromWho="0" sc="275,-86,240,0,250,0,225,96" /><INIT seed="1,0,0,0,1,62" ten="189,240,250,321" oya="1" hai0="89,35,56,78,107,132,19,95,45,104,39,5,20" hai1="90,111,87,26,63,18,74,55,15,118,51,119,81" hai2="115,73,1,65,16,117,97,24,64,105,102,2,57" hai3="72,68,75,28,33,60,130,113,109,134,88,77,135"/><U121/><E121/><V49/><F117/><W94/><G113/><T46/><D35/><U47/><E111/><V53/><F73/><W11/><G109/><T44/><D39/><U48/><E74/><V59/><F115/><W21/><G130/><T61/><D132/><U91/><E26/><V8/><F57/><W7/><G33/><T23/><D5/><U123/><E123/><V92/><F105/><W98/><G21/><T0/><D0/><U112/><E112/><V86/><F1/><W101/><G28/><T3/><D3/><U6/><E6/><V106/><F2/><W124/><G124/><T4/><D4/><U17/><E17/><V79/><F106/><N who="3" m="63799" /><G11/><T22/><D78/><U38/><E38/><V110/><F110/><W129/><G7/><T108/><D108/><U12/><E12/><N who="2" m="7175" /><F24/><W114/><G114/><T69/><D69/><U93/><E51/><V29/><F29/><W122/><G122/><T83/><D19/><U128/><E63/><V80/><AGARI ba="0,0" hai="49,53,59,64,65,79,80,86,92,97,102" m="7175" machi="80" ten="30,7900,0" yaku="8,1,52,2,54,1" doraHai="62" who="2" fromWho="2" sc="189,-20,240,-39,250,79,321,-20" /><INIT seed="2,0,0,0,0,63" ten="169,201,329,301" oya="2" hai0="103,72,97,27,52,21,122,129,84,50,75,70,108" hai1="44,93,100,55,22,2,120,25,104,99,74,67,134" hai2="83,73,95,28,26,94,10,80,19,132,116,92,78" hai3="23,34,114,76,20,62,58,131,66,71,11,5,105"/><V30/><F116/><W117/><G117/><T56/><D122/><U3/><E74/><V101/><F132/><W32/><G105/><T125/><D108/><U57/><E134/><V87/><F101/><W82/><G114/><T59/><D70/><U135/><E135/><V47/><F47/><W14/><G131/><T54/><D129/><U36/><E120/><V130/><F130/><W79/><G79/><T49/><D125/><U16/><E104/><V12/><REACH who="2" step="1"/><F26/><REACH who="2" ten="169,201,319,301" step="2"/><W8/><G32/><T43/><D43/><U0/><E36/><V18/><F18/><W113/><G34/><T111/><D111/><U13/><E44/><V39/><F39/><W133/><G113/><T4/><D4/><U77/><E25/><V46/><F46/><W112/><G133/><T81/><D103/><U31/><E31/><V124/><F124/><W110/><G112/><T126/><D126/><U6/><E6/><V53/><F53/><W96/><G110/><T127/><D127/><U40/><E40/><V51/><F51/><W65/><G5/><T123/><D123/><U89/><E100/><V7/><F7/><W48/><G14/><T37/><D37/><U118/><E118/><V128/><F128/><W1/><G1/><T102/><D102/><U119/><E119/><V17/><F17/><W86/><G48/><T15/><D15/><U107/><E107/><V42/><F42/><W45/><G45/><T64/><D27/><U121/><E121/><V109/><F109/><W88/><G66/><T115/><D115/><U38/><E67/><V9/><F9/><N who="3" m="3659" /><G71/><T98/><D64/><RYUUKYOKU ba="0,1" sc="169,-15,201,-15,319,15,301,15" hai2="10,12,19,28,30,73,78,80,83,87,92,94,95" hai3="20,23,58,62,65,76,82,86,88,96" /><INIT seed="2,1,1,2,3,134" ten="154,186,334,316" oya="2" hai0="86,61,96,87,130,110,117,10,108,74,84,116,120" hai1="59,20,18,12,2,48,127,97,14,79,68,78,19" hai2="52,88,8,71,36,90,29,57,24,6,98,85,128" hai3="50,103,1,53,69,95,62,47,35,80,67,123,112"/><V21/><F71/><W99/><G123/><T114/><D10/><U15/><E2/><V63/><F36/><W131/><G131/><T0/><D0/><U23/><E68/><V4/><F128/><W129/><G129/><T118/><D130/><U54/><E127/><V124/><F124/><W60/><G112/><T22/><D120/><U75/><E75/><V125/><F125/><W27/><G1/><T13/><D114/><U25/><REACH who="1" step="1"/><E97/><REACH who="1" ten="154,176,334,316" step="2"/><V64/><F98/><W93/><G60/><T119/><D74/><U55/><E55/><V34/><F64/><W56/><G80/><T51/><D96/><U101/><E101/><V31/><F85/><W73/><G73/><T133/><D133/><U132/><E132/><V89/><F8/><W3/><G3/><T45/><D61/><U107/><E107/><V37/><F37/><W66/><G66/><T92/><D92/><U115/><E115/><V135/><F135/><W122/><G122/><T94/><N who="0" m="29696" /><DORA hai="82" /><T43/><REACH who="0" step="1"/><D94/><REACH who="0" ten="144,176,334,316" step="2"/><U42/><E42/><V11/><F11/><W46/><G95/><T7/><D7/><U33/><E33/><V17/><F34/><W38/><G35/><T77/><D77/><AGARI ba="1,3" hai="12,14,15,18,19,20,23,25,48,54,59,77,78,79" machi="77" ten="40,8000,1" yaku="1,1,8,1,53,2" doraHai="134,82" doraHaiUra="91,16" who="1" fromWho="0" sc="144,-83,176,113,334,0,316,0" /><INIT seed="3,0,0,4,2,125" ten="61,289,334,316" oya="3" hai0="11,119,94,78,58,107,103,20,43,37,135,33,16" hai1="8,25,105,36,92,124,115,1,133,96,126,72,12" hai2="88,101,106,38,113,128,84,15,121,49,9,40,90" hai3="31,28,51,99,4,65,10,44,6,102,95,18,57"/><W52/><G18/><T116/><D135/><U46/><E72/><V130/><F113/><W0/><G4/><T97/><D33/><U79/><E79/><V41/><F38/><W17/><G17/><T2/><D78/><U117/><E115/><V48/><F121/><W27/><G27/><T80/><D107/><U81/><E81/><V112/><F112/><W82/><G82/><T3/><D2/><U104/><E1/><V30/><F30/><W22/><G22/><T120/><D120/><U114/><E114/><V100/><F15/><W62/><AGARI ba="0,0" hai="0,6,10,28,31,44,51,52,57,62,65,95,99,102" machi="62" ten="30,3000,0" yaku="0,1,54,1" doraHai="125" who="3" fromWho="3" sc="61,-10,289,-10,334,-10,316,30" owari="51,-44.9,279,-12.1,324,12.4,346,44.6" /></mjloggm>