<mjloggm ver="2.3"><GO type="225" lobby="0"/><UN n0="%4B%2E%32%2E%4B%2E" n1="%E3%83%81%E3%83%83%E3%82%BF%E3%82%BD%E3%83%BC" n2="%E3%81%A8%E3%82%89%E3%81%84%E3%81%A1" n3="%33%74%72%65%65" dan="16,16,16,16" rate="2194.20,2172.17,2107.76,2043.83" sx="M,F,M,F"/><TAIKYOKU oya="0"/><INIT seed="0,0,0,2,2,84" ten="250,250,250,250" oya="0" hai0="89,10,54,19,55,70,134,49,46,90,124,6,94" hai1="97,41,50,69,93,127,9,40,15,116,65,112,27" hai2="92,98,34,87,123,101,68,117,13,63,86,11,96" hai3="102,106,85,59,131,2,5,28,32,25,37,120,115"/><T62/><D134/><U100/><E127/><V57/><F123/><W83/><G115/><T105/><D105/><U75/><E112/><V130/><F130/><W72/><G120/><T95/><D124/><U29/><E116/><V23/><F34/><W22/><G131/><T80/><D70/><U58/><E75/><V33/><F33/><W82/><G37/><T60/><D55/><U31/><E69/><V99/><F68/><W51/><G72/><T12/><D6/><U56/><E29/><V74/><F74/><W114/><G114/><T36/><D36/><U129/><E129/><V108/><F23/><W118/><G118/><T66/><D66/><U91/><E100/><V21/><F21/><W3/><G82/><T111/><D111/><U45/><E40/><V14/><F14/><W119/><G5/><T35/><D35/><U7/><REACH who="1" step="1"/><E65/><REACH who="1" ten="250,240,250,250" step="2"/><N who="2" m="39151" /><F117/><W78/><G119/><T52/><D54/><U128/><E128/><V73/><F73/><W113/><G113/><T122/><D122/><U48/><E48/><V81/><F108/><W53/><G102/><T43/><D43/><U42/><E42/><V20/><F101/><W135/><G135/><T132/><D132/><U64/><E64/><V61/><F61/><N who="0" m="23658" /><D80/><U133/><E133/><V47/><F81/><W26/><G106/><T44/><D44/><U103/><E103/><V38/><F47/><W126/><G126/><T125/><D125/><U104/><E104/><V24/><F38/><W39/><G39/><T1/><D1/><U0/><E0/><V8/><F92/><AGARI ba="0,1" hai="10,12,19,46,49,52,89,90,92,94,95" m="23658" machi="92" ten="30,11600,0" yaku="8,1,52,2,54,1" doraHai="84" who="0" fromWho="2" sc="250,126,240,0,250,-116,250,0" /><INIT seed="0,1,0,3,4,118" ten="376,240,134,250" oya="0" hai0="73,86,120,96,37,43,71,123,79,101,117,4,87" hai1="67,131,84,108,0,23,25,98,59,3,39,100,41" hai2="103,46,58,69,99,2,121,61,110,83,68,93,19" hai3="72,111,5,51,34,77,11,125,16,63,90,29,50"/><T92/><D71/><U116/><E108/><V14/><F110/><W54/><G111/><T112/><D112/><U26/><E131/><V62/><F2/><W9/><G125/><T56/><D117/><U133/><E133/><V64/><F83/><W95/><G72/><T97/><D56/><U105/><E116/><V124/><F124/><W106/><G106/><N who="0" m="63783" /><D43/><U127/><E127/><V80/><F80/><W57/><G77/><T28/><D28/><U81/><E41/><V70/><F46/><W130/><G130/><T24/><D24/><U49/><E39/><V30/><F30/><W129/><G129/><T32/><D32/><U128/><E128/><V1/><F1/><W18/><G29/><T75/><D4/><U52/><E67/><V122/><REACH who="2" step="1"/><F61/><REACH who="2" ten="376,240,124,250" step="2"/><W13/><G34/><T104/><D75/><U22/><E0/><V10/><AGARI ba="1,1" hai="10,14,19,58,62,64,68,69,70,93,99,103,121,122" machi="10" ten="30,12000,2" yaku="1,1,2,1,0,1,52,2,53,1" doraHai="118" doraHaiUra="55" who="2" fromWho="2" sc="376,-61,240,-31,124,133,250,-31" /><INIT seed="1,0,0,0,2,129" ten="315,209,257,219" oya="1" hai0="42,127,21,69,70,102,79,16,18,64,103,120,11" hai1="72,74,81,49,4,50,53,57,111,38,112,35,0" hai2="128,125,9,47,20,6,123,37,101,92,29,88,48" hai3="15,40,61,118,32,66,131,93,114,24,51,30,25"/><U33/><E112/><V43/><F123/><W97/><G114/><T45/><D120/><U105/><E38/><V86/><F128/><W124/><G131/><T7/><D79/><U1/><E105/><V94/><F125/><W132/><G124/><T85/><D127/><U31/><E111/><V44/><F29/><W26/><G118/><T10/><D85/><U130/><E130/><V122/><F20/><W28/><G15/><T90/><D90/><U68/><E68/><V62/><F62/><W41/><G132/><T65/><D21/><U56/><E31/><V113/><F113/><W95/><G95/><T108/><D42/><U134/><E81/><V89/><F101/><W59/><G51/><T36/><D45/><U126/><E126/><V117/><F117/><W60/><G60/><T115/><D115/><U14/><E14/><V106/><F106/><W19/><G19/><T23/><D23/><U55/><REACH who="1" step="1"/><E4/><REACH who="1" ten="315,199,257,219" step="2"/><V96/><F122/><W87/><G30/><T34/><D7/><U12/><E12/><V119/><F119/><W3/><G28/><T63/><D36/><U54/><E54/><V77/><F37/><W5/><G5/><T109/><D34/><U39/><E39/><V84/><F6/><W75/><G32/><T71/><D70/><U52/><E52/><V133/><F43/><W116/><G116/><T46/><D108/><U98/><E98/><V78/><F96/><W27/><G40/><T83/><D109/><U80/><E80/><V91/><F92/><W17/><G41/><T104/><D104/><U110/><E110/><V13/><F94/><RYUUKYOKU ba="0,1" sc="315,-10,199,30,257,-10,219,-10" hai1="0,1,33,35,49,50,53,55,56,57,72,74,134" /><INIT seed="1,1,1,3,5,76" ten="305,229,247,209" oya="1" hai0="61,120,14,83,117,110,90,64,39,11,43,19,108" hai1="37,121,50,106,67,78,119,17,51,82,66,63,71" hai2="41,123,18,100,114,115,13,58,122,118,129,45,80" hai3="33,12,105,87,103,20,40,32,125,73,5,124,134"/><U54/><E119/><V112/><F118/><W42/><G73/><T104/><D117/><U95/><E121/><V22/><F129/><W111/><G111/><N who="0" m="42539" /><D104/><U8/><E106/><V97/><F58/><W74/><G74/><T26/><D120/><U101/><E37/><V75/><F75/><W0/><G134/><T127/><D127/><N who="3" m="48713" /><G0/><T16/><D39/><U81/><E66/><V77/><F77/><W135/><G135/><T53/><D43/><N who="3" m="16425" /><G87/><N who="0" m="50559" /><D53/><U94/><E50/><N who="2" m="26927" /><F80/><N who="1" m="30825" /><E71/><V46/><F46/><W91/><G91/><T6/><D26/><U25/><E78/><V36/><F36/><W116/><G116/><T69/><AGARI ba="1,1" hai="6,11,14,16,19,61,64,69" m="50559,42539" machi="69" ten="30,4000,0" yaku="14,1,52,1,54,1" doraHai="76" who="0" fromWho="0" sc="305,53,229,-21,247,-11,209,-11" /><INIT seed="2,0,0,3,2,86" ten="358,208,236,198" oya="2" hai0="123,8,106,131,52,92,56,97,61,15,69,60,107" hai1="37,43,81,9,24,112,111,38,82,29,98,119,94" hai2="59,48,63,126,25,71,116,1,103,64,79,120,89" hai3="41,122,88,50,27,11,70,10,16,5,26,65,101"/><V72/><F116/><W84/><G122/><T108/><D123/><U6/><E111/><V49/><F120/><W124/><G124/><T121/><D121/><U47/><E112/><V0/><F126/><W30/><G101/><T4/><D108/><U100/><E37/><V85/><F103/><W3/><G70/><T87/><D131/><U55/><E55/><V35/><F79/><W109/><G109/><T90/><D69/><U42/><E42/><V75/><F75/><W33/><G65/><T18/><D61/><U99/><E99/><V21/><F72/><W78/><G78/><T93/><D4/><U76/><E76/><V74/><F74/><W45/><G10/><T23/><D8/><U28/><E119/><V114/><F35/><W7/><G27/><T104/><D104/><U51/><E38/><V67/><F114/><W130/><G130/><T44/><D44/><U68/><E68/><V96/><F96/><W46/><G46/><T129/><D129/><U80/><REACH who="1" step="1"/><E24/><REACH who="1" ten="358,198,236,198" step="2"/><V53/><F67/><W125/><G125/><T58/><D56/><U57/><E57/><V117/><F117/><W135/><G135/><T39/><D39/><U133/><E133/><V31/><REACH who="2" step="1"/><F49/><REACH who="2" ten="358,198,226,198" step="2"/><W20/><G50/><T91/><AGARI ba="0,2" hai="15,18,23,52,58,60,87,90,91,92,93,97,106,107" machi="91" ten="20,8000,1" yaku="0,1,7,1,52,2,54,1" doraHai="86" who="0" fromWho="0" sc="358,100,198,-20,226,-40,198,-20" /><INIT seed="3,0,0,4,2,57" ten="458,178,186,178" oya="3" hai0="127,23,92,29,8,120,110,132,86,81,63,56,98" hai1="5,26,90,15,131,113,108,14,19,128,9,47,68" hai2="7,1,102,116,74,70,11,133,30,67,13,71,109" hai3="126,119,129,21,91,42,32,0,135,100,18,83,37"/><W22/><G119/><T123/><D110/><U59/><E68/><V66/><F116/><W24/><G32/><T39/><D39/><U45/><E113/><V44/><F74/><W31/><G135/><T16/><D132/><U6/><E108/><V117/><F117/><W69/><G69/><T79/><D127/><U111/><E111/><V33/><F109/><W51/><G126/><T122/><D8/><U114/><E114/><V134/><F102/><W103/><G0/><T12/><D29/><U89/><E26/><N who="2" m="18647" /><F44/><N who="1" m="16969" /><E128/><V124/><F124/><W65/><G37/><T38/><D38/><U88/><E131/><V10/><F10/><W99/><G129/><T3/><D3/><U87/><E14/><V41/><F41/><W112/><G112/><T34/><D34/><U95/><E59/><V40/><F40/><W61/><G51/><T43/><D43/><U55/><E55/><V80/><F80/><W48/><G48/><T82/><D82/><U36/><E36/><V105/><F13/><N who="3" m="9423" /><G42/><T93/><D120/><U96/><E87/><V27/><F105/><W62/><G65/><N who="2" m="24585" /><F27/><W115/><G115/><T28/><D122/><U78/><E78/><V75/><F75/><W52/><G52/><T72/><D123/><U50/><E50/><V125/><F125/><W104/><G100/><AGARI ba="0,0" hai="5,6,9,15,19,88,89,90,95,96,100" m="16969" machi="100" ten="30,2000,0" yaku="8,1,54,1" doraHai="57" who="1" fromWho="3" sc="458,0,178,20,186,0,178,-20" owari="458,55.8,198,-0.2,186,-21.4,158,-34.2" /></mjloggm>