<mjloggm ver="2.3"><GO type="225" lobby="0"/><UN n0="%E3%83%A9%E3%82%B9%E7%8E%87%EF%BC%93%E5%89%B2" n1="%E3%83%96%E3%83%83%E3%83%91%E3%82%AA%E3%83%96%E3%83%81%E3%82%AD%E3%83%B3" n2="%E3%81%BF%E3%81%BF%E3%81%9A" n3="%E5%B8%86%E7%AB%8B%E5%A4%8F%E8%A1%A3" dan="17,16,17,17" rate="2190.72,2128.08,2253.50,2245.86" sx="F,M,M,M"/><TAIKYOKU oya="0"/><INIT seed="0,0,0,3,3,14" ten="250,250,250,250" oya="0" hai0="9,116,91,102,84,56,97,5,55,51,41,82,76" hai1="95,28,87,131,0,27,48,38,58,75,93,86,26" hai2="50,132,64,104,94,124,123,49,119,135,85,109,52" hai3="44,24,69,100,134,34,74,121,16,39,92,122,21"/><T1/><D116/><U17/><E75/><V40/><F104/><W80/><G69/><T111/><D111/><U53/><E0/><V12/><F123/><N who="3" m="47115" /><G134/><N who="2" m="51241" /><F109/><W37/><G34/><T77/><REACH who="0" step="1"/><D41/><REACH who="0" ten="240,250,250,250" step="2"/><U47/><E131/><V115/><F119/><W61/><G44/><T130/><D130/><U29/><E47/><N who="2" m="25831" /><F115/><W42/><G42/><T11/><D11/><U13/><E38/><V63/><F124/><W112/><G112/><T65/><D65/><U101/><E29/><V118/><F118/><W18/><G39/><T105/><AGARI ba="0,1" hai="1,5,9,51,55,56,76,77,82,84,91,97,102,105" machi="105" ten="20,3900,0" yaku="1,1,0,1,7,1,53,0" doraHai="14" doraHaiUra="43" who="0" fromWho="0" sc="240,49,250,-13,250,-13,250,-13" /><INIT seed="0,1,0,4,3,78" ten="289,237,237,237" oya="0" hai0="51,131,119,125,44,58,10,69,29,104,37,85,33" hai1="32,42,102,15,76,11,100,17,92,134,63,96,116" hai2="98,23,53,62,108,36,12,105,128,64,20,93,82" hai3="113,123,56,48,112,101,54,60,30,114,4,34,28"/><T31/><D119/><U84/><E134/><V35/><F35/><W121/><G101/><T21/><D33/><U14/><E116/><V24/><F105/><W86/><G4/><T5/><D131/><U2/><E32/><V61/><F128/><W65/><G86/><T7/><D125/><U94/><E2/><V41/><F108/><W135/><G135/><T26/><D69/><U115/><E115/><V88/><F36/><W73/><G73/><T106/><D31/><U27/><E42/><V1/><F1/><W74/><G74/><T49/><D37/><U45/><E45/><V124/><F124/><W43/><G34/><T72/><D72/><U133/><E133/><V107/><F41/><W50/><G30/><T55/><D85/><U16/><E27/><V118/><F107/><W47/><G28/><T68/><D68/><AGARI ba="1,0" hai="43,47,48,50,54,56,60,65,68,112,113,114,121,123" machi="68" ten="40,5200,0" yaku="34,3" doraHai="78" who="3" fromWho="0" sc="289,-55,237,0,237,0,237,55" /><INIT seed="1,0,0,0,0,129" ten="234,237,237,292" oya="1" hai0="89,49,27,53,73,23,66,31,64,48,102,112,79" hai1="99,83,59,127,25,85,92,126,6,45,91,9,122" hai2="58,3,94,123,37,77,70,17,116,12,109,86,115" hai3="113,13,106,51,108,93,38,69,15,125,110,0,134"/><U10/><E122/><V82/><F70/><W98/><G69/><T41/><D112/><U32/><E59/><V84/><F3/><W120/><G38/><T56/><D73/><U4/><E32/><V133/><F37/><W128/><G0/><T16/><D79/><U42/><E25/><V11/><F123/><W121/><G106/><T35/><D102/><U55/><E55/><V62/><F116/><W100/><G125/><N who="1" m="47626" /><E4/><V36/><F36/><W107/><G113/><T28/><D89/><N who="1" m="55695" /><E6/><V7/><F115/><W18/><G15/><T95/><D95/><U34/><E34/><V22/><F109/><W119/><G13/><T43/><D35/><U40/><E40/><N who="0" m="15433" /><D48/><AGARI ba="0,0" hai="9,10,42,45,48,83,85,91" m="55695,47626" machi="48" ten="30,1500,0" yaku="18,1" doraHai="129" who="1" fromWho="0" sc="234,-15,237,15,237,0,292,0" /><INIT seed="1,1,0,0,5,73" ten="219,252,237,292" oya="1" hai0="37,111,38,114,8,66,6,106,16,4,64,71,36" hai1="132,102,133,22,2,55,123,42,49,108,44,97,117" hai2="101,95,34,11,68,3,96,100,107,20,19,7,72" hai3="26,43,24,25,86,18,35,54,77,29,52,82,41"/><U9/><E117/><V70/><F34/><W81/><G18/><T15/><D114/><U128/><E123/><V92/><F72/><W65/><G65/><T113/><D113/><U74/><E128/><V88/><F107/><W75/><G75/><T62/><D106/><U129/><E129/><V39/><F39/><W85/><G85/><T76/><D111/><U45/><E74/><V83/><F83/><W33/><G29/><T67/><D76/><U0/><E22/><V32/><F32/><W126/><G126/><T51/><D51/><U10/><E108/><V110/><F110/><W14/><G14/><T93/><D93/><U53/><E0/><V60/><F60/><W1/><G1/><T112/><D112/><U69/><E55/><V47/><F47/><W109/><G109/><T48/><D48/><U13/><E69/><V90/><F101/><W103/><G103/><T78/><D78/><U58/><E2/><V91/><REACH who="2" step="1"/><F95/><REACH who="2" ten="219,252,227,292" step="2"/><W119/><G35/><T57/><REACH who="0" step="1"/><D71/><REACH who="0" ten="209,252,227,292" step="2"/><U59/><E45/><V28/><F28/><W87/><G33/><T127/><D127/><U21/><E44/><V122/><F122/><W131/><G131/><T105/><D105/><U27/><E49/><V116/><F116/><W30/><G119/><T56/><D56/><U99/><E59/><V40/><F40/><N who="3" m="15435" /><G30/><T135/><D135/><U46/><E42/><V84/><F84/><W17/><G87/><T89/><D89/><U118/><E132/><V134/><F134/><W120/><G120/><T125/><D125/><U61/><E133/><V124/><F124/><W23/><G82/><RYUUKYOKU ba="1,2" sc="209,10,252,-30,227,10,292,10" hai0="4,6,8,15,16,36,37,38,57,62,64,66,67" hai2="3,7,11,19,20,68,70,88,90,91,92,96,100" hai3="17,23,24,25,26,52,54,77,81,86" /><INIT seed="2,2,2,2,0,5" ten="219,222,237,302" oya="2" hai0="84,103,39,121,45,125,75,65,85,99,116,89,48" hai1="82,90,60,96,14,93,6,87,54,12,94,112,98" hai2="95,104,129,117,55,37,79,114,81,16,17,109,26" hai3="132,102,20,128,53,67,92,59,111,62,69,36,133"/><V25/><F117/><W77/><G111/><T49/><D116/><U52/><E112/><V9/><F114/><W91/><G128/><T50/><D121/><U71/><E71/><V47/><F104/><W110/><G110/><T86/><D125/><U8/><E14/><N who="2" m="7247" /><F37/><W15/><G77/><T33/><D33/><U57/><E94/><V80/><F109/><W64/><G102/><T22/><D75/><U107/><E107/><V70/><F70/><W115/><G36/><T38/><D65/><U130/><E130/><V88/><F79/><W113/><G15/><T7/><D89/><U46/><E93/><V105/><F105/><W23/><G113/><T10/><D22/><N who="3" m="8233" /><G69/><T126/><D126/><U56/><REACH who="1" step="1"/><E46/><REACH who="1" ten="219,212,237,302" step="2"/><V100/><F129/><W18/><G115/><T42/><D39/><U2/><E2/><V30/><F100/><W68/><G68/><T74/><D74/><U106/><E106/><V124/><F124/><W29/><G92/><T118/><D118/><U1/><E1/><V58/><F47/><W119/><G119/><T31/><D103/><U24/><E24/><N who="2" m="9323" /><F30/><W0/><G29/><T44/><D31/><U35/><E35/><V19/><F19/><W11/><G18/><T72/><D72/><U41/><E41/><V27/><N who="2" m="9331" /><V122/><DORA hai="135" /><F17/><W78/><G0/><T13/><REACH who="0" step="1"/><D99/><REACH who="0" ten="209,212,237,302" step="2"/><U21/><E21/><V34/><F34/><W131/><G131/><T101/><D101/><U127/><E127/><V134/><F122/><W4/><G133/><T120/><D120/><U40/><E40/><AGARI ba="2,4" hai="7,10,13,38,40,42,44,45,48,49,50,84,85,86" machi="40" ten="40,8000,1" yaku="1,1,52,1,53,3" doraHai="5,135" doraHaiUra="108,83" who="0" fromWho="1" sc="209,126,212,-86,237,0,302,0" /><INIT seed="3,0,0,0,1,111" ten="335,126,237,302" oya="3" hai0="69,99,48,129,35,104,88,54,23,72,82,86,40" hai1="91,100,8,42,90,124,31,71,121,16,92,46,110" hai2="19,68,78,59,117,109,119,3,114,43,122,6,113" hai3="85,116,24,29,7,107,67,65,52,38,60,105,77"/><W28/><G38/><T4/><D35/><U76/><E121/><V83/><F59/><N who="3" m="34919" /><G107/><T37/><D129/><U57/><E71/><V22/><F19/><W106/><G105/><T5/><D69/><U126/><E110/><V45/><F22/><N who="3" m="15383" /><G106/><T36/><D72/><U62/><E31/><V1/><F68/><W101/><G116/><N who="2" m="44617" /><F109/><W75/><G75/><T32/><D32/><U93/><E76/><V102/><F102/><W98/><G29/><T64/><D64/><N who="3" m="24649" /><G7/><T81/><D37/><U87/><E100/><V94/><F94/><N who="3" m="58583" /><G85/><T39/><D36/><U127/><E57/><V130/><F130/><W103/><G103/><T132/><D104/><U115/><E62/><V44/><F44/><W125/><G125/><T26/><D39/><U50/><E8/><V79/><F79/><AGARI ba="0,0" hai="77,79" m="58583,24649,15383,34919" machi="79" ten="30,2900,0" yaku="8,1,54,1" doraHai="111" who="3" fromWho="2" sc="335,0,126,0,237,-29,302,29" /><INIT seed="3,1,0,3,3,55" ten="335,126,208,331" oya="3" hai0="72,100,52,45,126,129,26,76,27,24,118,89,75" hai1="98,135,29,66,12,2,47,104,40,90,9,131,34" hai2="39,20,28,108,125,96,7,107,63,127,22,88,123" hai3="3,1,121,37,84,35,70,58,36,86,134,102,97"/><W113/><G121/><T21/><D118/><U69/><E131/><V43/><F123/><W62/><G113/><T116/><D116/><U112/><E112/><V101/><F108/><W117/><G117/><T54/><D129/><U49/><E135/><V111/><F111/><W31/><G134/><T51/><D126/><N who="2" m="48138" /><F7/><W133/><G133/><T0/><D0/><N who="3" m="73" /><G58/><T25/><D100/><U13/><E90/><V68/><F28/><W120/><G86/><T73/><D89/><U44/><E44/><N who="2" m="23679" /><F88/><W67/><G84/><T85/><D85/><U114/><E114/><V60/><F60/><W79/><G79/><T56/><D76/><U32/><E2/><V4/><F4/><W83/><G83/><T41/><REACH who="0" step="1"/><D56/><REACH who="0" ten="325,126,208,331" step="2"/><U82/><E82/><V103/><F101/><W128/><G128/><T74/><D74/><U11/><E11/><V30/><F30/><AGARI ba="1,1" hai="21,24,25,26,27,30,41,45,51,52,54,72,73,75" machi="30" ten="50,3200,0" yaku="1,1,54,1,53,0" doraHai="55" doraHaiUra="15" who="0" fromWho="2" sc="325,45,126,0,208,-35,331,0" owari="370,47.0,126,-37.4,173,-22.7,331,13.1" /></mjloggm>