<mjloggm ver="2.3"><GO type="225" lobby="0"/><UN n0="%E6%98%93%E5%88%A9%E8%96%A9%E4%BC%AF" n1="%77%72%77%72%77%72%77%72" n2="%73%61%6E%64%69%72%69%73" n3="%E3%82%A4%E3%83%BC%E3%82%B1%E3%83%97%E3%83%A9" dan="17,17,17,16" rate="2157.44,2179.70,2153.91,2112.87" sx="F,M,M,M"/><TAIKYOKU oya="0"/><INIT seed="0,0,0,5,3,91" ten="250,250,250,250" oya="0" hai0="96,81,74,72,113,21,89,73,117,23,104,2,125" hai1="14,79,51,9,99,90,103,92,20,131,114,126,87" hai2="77,110,128,67,133,61,102,66,78,26,0,127,65" hai3="124,27,7,16,12,70,106,132,69,82,123,93,32"/><T64/><D113/><U85/><E131/><V101/><F0/><W29/><G106/><T122/><D122/><U39/><E126/><V68/><F127/><W36/><G124/><T63/><D117/><U111/><E111/><V46/><F110/><W95/><G36/><T1/><D104/><U24/><E39/><V109/><F109/><W40/><G40/><T25/><D23/><U115/><E79/><N who="2" m="30219" /><F68/><W118/><G118/><T49/><D49/><U134/><E134/><V35/><F35/><W31/><G31/><T57/><D125/><U116/><E116/><V94/><F128/><W3/><G82/><T121/><D121/><U6/><E51/><V4/><F133/><W105/><G105/><T50/><D50/><U108/><E108/><V129/><F129/><W59/><G59/><T19/><REACH who="0" step="1"/><D81/><REACH who="0" ten="240,250,250,250" step="2"/><U22/><E22/><V28/><F61/><W112/><G112/><N who="1" m="43050" /><E103/><V34/><F34/><W98/><G123/><T45/><D45/><U33/><E33/><V135/><F46/><W83/><G83/><T56/><D56/><U130/><E130/><V13/><F135/><W88/><G132/><T86/><D86/><U10/><E10/><N who="2" m="4295" /><F94/><AGARI ba="0,1" hai="1,2,19,21,25,57,63,64,72,73,74,89,94,96" machi="94" ten="40,3900,0" yaku="1,1,52,1,53,0" doraHai="91" doraHaiUra="119" who="0" fromWho="2" sc="240,49,250,0,250,-39,250,0" /><INIT seed="0,1,0,1,3,71" ten="289,250,211,250" oya="0" hai0="95,126,86,96,135,89,42,38,50,22,92,32,74" hai1="93,103,114,100,88,12,63,16,39,115,46,0,58" hai2="40,64,6,36,67,130,11,90,69,79,25,99,121" hai3="77,84,27,41,13,72,7,134,23,111,119,82,120"/><T47/><D32/><U44/><E0/><V15/><F121/><W113/><G113/><N who="1" m="43018" /><E44/><V131/><F79/><W62/><G119/><T112/><D112/><U1/><E1/><V19/><F69/><W70/><G111/><T51/><D74/><U48/><E48/><V106/><F25/><W5/><G120/><T37/><D135/><U9/><E46/><N who="2" m="23815" /><F19/><W29/><G134/><T133/><D126/><U8/><E8/><V102/><F90/><W97/><G72/><T105/><D105/><U123/><E123/><V21/><F21/><W49/><G97/><T52/><D22/><U26/><E26/><V45/><F45/><W17/><G62/><T4/><D4/><U2/><E2/><V34/><F34/><W55/><G41/><T3/><D3/><U54/><E39/><V85/><F85/><AGARI ba="1,0" hai="9,12,16,54,58,63,85,88,93,100,103" m="43018" machi="85" ten="30,3900,0" yaku="11,1,54,2" doraHai="71" who="1" fromWho="2" sc="289,0,250,42,211,-42,250,0" /><INIT seed="1,0,0,2,4,101" ten="289,292,169,250" oya="1" hai0="50,14,73,91,57,18,19,90,121,41,92,0,116" hai1="84,34,77,45,106,2,82,56,88,96,81,53,112" hai2="6,87,13,119,97,86,27,130,54,30,8,75,40" hai3="7,59,70,20,133,61,48,37,32,9,25,31,12"/><U115/><E2/><V10/><F119/><W52/><G133/><T49/><D116/><U80/><E34/><V38/><F130/><W124/><G37/><T109/><D109/><U117/><E45/><V126/><F126/><W43/><G124/><T102/><D0/><U107/><E117/><V47/><F75/><W42/><REACH who="3" step="1"/><G32/><REACH who="3" ten="289,292,169,240" step="2"/><T28/><D121/><U105/><E96/><V67/><F67/><AGARI ba="0,1" hai="7,9,12,20,25,31,42,43,48,52,59,61,67,70" machi="67" ten="40,5200,0" yaku="1,1,2,1,54,1,53,0" doraHai="101" doraHaiUra="129" who="3" fromWho="2" sc="289,0,292,0,169,-52,240,62" /><INIT seed="2,0,0,4,3,21" ten="289,292,117,302" oya="2" hai0="116,122,32,66,96,1,73,78,76,91,131,15,17" hai1="84,0,83,9,110,128,38,88,89,113,28,46,36" hai2="79,124,18,94,65,107,5,69,134,80,106,25,60" hai3="95,3,70,41,39,130,115,74,19,22,90,82,35"/><V111/><F134/><W27/><G70/><T127/><D122/><U81/><E113/><V7/><F124/><W13/><G3/><T129/><D1/><U49/><E110/><V47/><F111/><W135/><G130/><N who="0" m="49675" /><D32/><U86/><E128/><V64/><F64/><W77/><G135/><T109/><D73/><U40/><REACH who="1" step="1"/><E28/><REACH who="1" ten="289,282,117,302" step="2"/><V48/><F94/><W16/><G115/><T98/><D109/><U133/><E133/><V75/><F107/><W20/><G35/><T67/><D127/><U34/><E34/><V126/><F106/><W6/><G6/><AGARI ba="0,1" hai="0,6,9,36,38,40,46,49,81,83,84,86,88,89" machi="6" ten="40,5200,0" yaku="1,1,9,1,54,1,53,0" doraHai="21" doraHaiUra="23" who="1" fromWho="3" sc="289,0,282,62,117,0,302,-52" /><INIT seed="3,0,0,5,3,106" ten="289,344,117,250" oya="3" hai0="41,133,3,23,131,4,36,7,72,89,115,38,17" hai1="32,19,37,76,83,33,103,2,10,40,69,56,6" hai2="51,13,25,78,35,61,105,91,125,79,74,121,8" hai3="49,9,16,135,48,75,58,52,46,112,57,114,96"/><W18/><G135/><T122/><D122/><U20/><E69/><V98/><F121/><W45/><G96/><T66/><D133/><U12/><E56/><V63/><F125/><W27/><G27/><T123/><D123/><U108/><E108/><V55/><F35/><W86/><G86/><T104/><D104/><U39/><E103/><V65/><F25/><W71/><G71/><T28/><D28/><U94/><E94/><V24/><F24/><W53/><G75/><T129/><D66/><U128/><E128/><N who="0" m="49225" /><D41/><U42/><E42/><V80/><F79/><W109/><G9/><N who="0" m="2207" /><D7/><U134/><E134/><V84/><F65/><W59/><G59/><T85/><D72/><N who="1" m="43399" /><E39/><V95/><F51/><W1/><G1/><T117/><D115/><U44/><AGARI ba="0,0" hai="2,6,10,12,19,20,32,33,37,40,44" m="43399" machi="44" ten="30,2000,0" yaku="25,1,52,1" doraHai="106" who="1" fromWho="1" sc="289,-5,344,20,117,-5,250,-10" owari="284,8.4,364,46.4,112,-38.8,240,-16.0" /></mjloggm>