<mjloggm ver="2.3"><GO type="225" lobby="0"/><UN n0="%E9%81%A0%E8%BF%91%E9%99%B0%E6%99%B4%E7%9A%86%E5%85%A5%E5%BF%83" n1="%E3%81%8B%E3%82%8F%E3%81%A1%E3%82%83%E3%82%93%35%38" n2="%E7%99%BD%E5%80%89%E5%AF%9B%E4%B9%8B" n3="%E3%83%96%E3%83%83%E3%83%91%E3%82%AA%E3%83%96%E3%83%81%E3%82%AD%E3%83%B3" dan="16,16,16,16" rate="2099.68,2117.83,2174.13,2144.55" sx="F,M,M,M"/><TAIKYOKU oya="0"/><INIT seed="0,0,0,0,5,9" ten="250,250,250,250" oya="0" hai0="120,116,133,51,72,38,113,135,37,39,91,86,84" hai1="62,24,14,18,131,93,74,130,107,4,119,16,126" hai2="55,53,115,2,57,33,71,75,42,27,77,73,47" hai3="118,56,124,61,103,11,1,117,25,6,101,20,94"/><T82/><D113/><U22/><E107/><V54/><F2/><W104/><G124/><T111/><D116/><U125/><E74/><V65/><F115/><W5/><G104/><T29/><D120/><U35/><E119/><V95/><F95/><W79/><G103/><T108/><D72/><U41/><E41/><V52/><F77/><W78/><G6/><T70/><D70/><U89/><E62/><V96/><F96/><W23/><G23/><T45/><D29/><N who="1" m="19879" /><E4/><V19/><F71/><W81/><G81/><T58/><D58/><U60/><E60/><V63/><N who="2" m="13312" /><DORA hai="80" /><V132/><F132/><N who="0" m="50762" /><D84/><N who="1" m="52391" /><E18/><V97/><F97/><N who="3" m="59575" /><G118/><T90/><D90/><U76/><E76/><V13/><F27/><W21/><G117/><T44/><D51/><U7/><E7/><V36/><REACH who="2" step="1"/><F33/><REACH who="2" ten="250,250,240,250" step="2"/><W32/><G32/><T68/><D68/><U40/><E40/><V99/><F99/><W17/><G25/><T8/><D8/><AGARI ba="0,1" hai="8,13,19,36,42,47,57,63,65,73,75" m="13312" machi="8" ten="50,8000,1" yaku="1,1,52,1,54,1,53,1" doraHai="9,80" doraHaiUra="43,85" who="2" fromWho="0" sc="250,-80,250,0,240,90,250,0" /><INIT seed="1,0,0,2,4,130" ten="170,250,330,250" oya="1" hai0="9,37,10,7,128,103,66,32,94,101,31,89,3" hai1="30,14,72,55,42,47,11,112,62,19,79,107,20" hai2="125,52,104,28,63,99,83,65,64,58,15,127,116" hai3="33,84,69,93,96,60,29,74,102,115,88,50,86"/><U134/><E112/><V82/><F116/><W80/><G115/><T36/><D128/><U97/><E72/><V18/><F28/><W6/><G6/><T51/><D66/><N who="2" m="25706" /><F104/><W24/><G69/><T16/><D32/><U45/><E79/><V113/><F99/><W105/><G60/><T98/><D31/><U117/><E117/><V2/><F2/><W106/><G106/><T21/><D10/><U120/><E120/><V27/><F27/><W35/><G35/><T95/><D51/><U1/><E1/><V25/><F25/><W13/><G86/><T132/><D132/><U48/><E134/><V39/><F39/><W124/><G124/><N who="2" m="47689" /><F113/><W114/><G114/><T5/><D5/><U92/><E107/><V53/><F53/><W70/><G13/><T91/><D36/><U49/><E30/><V129/><F129/><W123/><G123/><T119/><D37/><U44/><E55/><V67/><N who="2" m="25714" /><V59/><DORA hai="26" /><F59/><W121/><G121/><T56/><D56/><U54/><E54/><V122/><F122/><W41/><G105/><T22/><D119/><U68/><E97/><V100/><F100/><W8/><G102/><T85/><REACH who="0" step="1"/><D22/><AGARI ba="0,0" hai="15,18,22,52,58,63,82,83" m="47689,25714" machi="22" ten="40,2600,0" yaku="18,1,54,1" doraHai="130,26" who="2" fromWho="0" sc="170,-26,250,0,330,26,250,0" /><INIT seed="2,0,0,0,2,82" ten="144,250,356,250" oya="2" hai0="25,101,2,70,88,20,44,102,103,50,29,33,41" hai1="65,87,79,67,126,84,47,80,76,114,7,81,4" hai2="83,66,32,35,40,91,127,117,59,125,68,34,43" hai3="93,28,89,38,11,73,74,120,97,69,12,18,121"/><V54/><F117/><W56/><G69/><T60/><D2/><U19/><E126/><N who="2" m="48139" /><F66/><W107/><G38/><T105/><D20/><U135/><E135/><V5/><F68/><W124/><G124/><T119/><D119/><U106/><E106/><V9/><F91/><W78/><G28/><T14/><D14/><U0/><E0/><N who="2" m="167" /><F83/><W30/><G30/><T134/><D134/><U6/><E114/><V58/><F58/><W129/><G129/><T130/><D130/><U96/><E96/><V133/><F133/><W100/><G56/><T17/><D17/><U49/><REACH who="1" step="1"/><E19/><REACH who="1" ten="144,240,356,250" step="2"/><V111/><F111/><W86/><REACH who="3" step="1"/><G78/><REACH who="3" ten="144,240,356,240" step="2"/><T132/><D132/><U21/><E21/><V94/><F34/><W8/><G8/><T13/><D13/><U48/><E48/><V99/><F35/><W118/><G118/><T109/><D109/><U104/><E104/><V77/><F32/><W36/><G36/><T113/><D113/><U15/><E15/><V46/><F46/><W37/><G37/><T10/><D10/><U3/><E3/><V64/><F59/><W55/><G55/><AGARI ba="0,2" hai="4,6,7,47,49,55,65,67,76,79,80,81,84,87" machi="55" ten="40,8000,1" yaku="1,1,9,1,8,1,52,2,53,0" doraHai="82" doraHaiUra="85" who="1" fromWho="3" sc="144,0,240,100,356,0,240,-80" /><INIT seed="3,0,0,5,5,45" ten="144,340,356,160" oya="3" hai0="19,66,60,35,50,10,106,117,92,37,122,49,89" hai1="43,17,96,91,24,97,29,118,102,51,83,14,101" hai2="76,36,73,100,67,131,120,1,124,31,114,21,121" hai3="74,5,18,128,48,72,59,33,130,95,112,42,127"/><W109/><G112/><T2/><D106/><U71/><E71/><V6/><F114/><W16/><G33/><T40/><D35/><U87/><E118/><V13/><F36/><W46/><G5/><T86/><D117/><U30/><E97/><V0/><F124/><W107/><G107/><T98/><D122/><N who="2" m="47210" /><F131/><N who="3" m="50219" /><G127/><T79/><D37/><U135/><E135/><V63/><F100/><N who="1" m="38505" /><E24/><N who="2" m="16783" /><F13/><W70/><G70/><T38/><D38/><U65/><E96/><V56/><F6/><W52/><G95/><N who="0" m="56687" /><D40/><U82/><E65/><V134/><F134/><W84/><G84/><T22/><D2/><N who="2" m="1130" /><F76/><W11/><G109/><T57/><D10/><N who="1" m="6359" /><E83/><V44/><F44/><AGARI ba="0,0" hai="29,30,43,44,51,82,87,91" m="6359,38505" machi="44" ten="30,2000,0" yaku="8,1,52,1" doraHai="45" who="1" fromWho="2" sc="144,0,340,20,356,-20,160,0" owari="144,-35.6,360,46.0,336,13.6,160,-24.0" /></mjloggm>