<mjloggm ver="2.3"><GO type="225" lobby="0"/><UN n0="%63%68%78%62%64" n1="%E6%A0%B9%E5%85%83%E3%81%8B%E3%82%89%E5%90%B9%E3%81%A3%E9%A3%9B%E3%81%B6" n2="%E3%81%BF%E3%81%BF%E3%81%9A" n3="%E3%81%BE%E3%81%A8%E3%81%9F" dan="16,17,18,16" rate="2106.16,2112.73,2229.49,2082.76" sx="M,F,M,M"/><TAIKYOKU oya="0"/><INIT seed="0,0,0,3,0,111" ten="250,250,250,250" oya="0" hai0="90,83,77,23,17,54,125,16,132,38,63,39,114" hai1="76,2,97,88,61,71,93,6,113,15,49,135,10" hai2="37,100,26,82,24,95,48,86,69,28,22,89,80" hai3="12,98,108,104,66,47,94,68,102,73,20,101,81"/><T45/><D132/><U34/><E135/><V52/><F37/><W85/><G108/><T124/><D114/><U30/><E113/><V109/><F109/><W65/><G68/><T5/><D90/><U40/><E76/><V19/><F69/><W72/><G72/><T9/><D63/><U58/><E34/><V55/><F100/><W119/><G73/><T134/><D134/><U129/><E30/><V0/><F0/><W1/><G1/><T43/><D54/><U92/><E129/><V27/><F55/><W8/><G102/><T57/><D57/><U122/><E122/><V18/><F18/><W75/><G104/><T130/><D39/><U120/><E120/><V70/><F70/><W53/><G75/><T117/><D117/><U91/><E2/><V107/><F107/><W131/><G20/><T105/><D105/><U21/><E21/><V33/><REACH who="2" step="1"/><F27/><REACH who="2" ten="250,250,240,250" step="2"/><W13/><G101/><T31/><D130/><U36/><E36/><V60/><F60/><W42/><G53/><T123/><D123/><U128/><E128/><V41/><F41/><W121/><G42/><T59/><D17/><U32/><E71/><V4/><F4/><W35/><G121/><T116/><D16/><U112/><E40/><V25/><F25/><W51/><G131/><T7/><D5/><U110/><E110/><V96/><F96/><W99/><G98/><T84/><D7/><U126/><E61/><V67/><F67/><W56/><G99/><T133/><D43/><U11/><E97/><V87/><F87/><W79/><G85/><T64/><D84/><U106/><E106/><RYUUKYOKU ba="0,1" sc="250,-10,250,-10,240,30,250,-10" hai2="19,22,24,26,28,33,48,52,80,82,86,89,95" /><INIT seed="1,1,1,5,1,101" ten="240,240,270,240" oya="1" hai0="87,117,108,37,94,80,114,3,79,17,78,100,93" hai1="89,39,59,68,65,85,18,11,30,7,22,134,83" hai2="50,57,38,133,106,46,58,62,33,128,96,1,122" hai3="9,42,132,112,60,70,15,92,88,118,111,47,49"/><U123/><E123/><V95/><F1/><W120/><G112/><T20/><D3/><U74/><E39/><V121/><F33/><W29/><G120/><T81/><D114/><U36/><E36/><V97/><F38/><W25/><G132/><T2/><D2/><U8/><E134/><V40/><F133/><W24/><G111/><T69/><D69/><U72/><E68/><V35/><F58/><W14/><G118/><T21/><D117/><U12/><E30/><V41/><F40/><W43/><G43/><T126/><D37/><U99/><E8/><V116/><F35/><W4/><G15/><T66/><D126/><U13/><REACH who="1" step="1"/><E99/><REACH who="1" ten="240,230,270,240" step="2"/><V110/><F116/><W51/><G29/><T34/><D34/><U113/><E113/><V109/><F122/><W55/><G70/><T44/><D108/><U103/><E103/><N who="2" m="62823" /><F121/><W84/><REACH who="3" step="1"/><G60/><AGARI ba="1,2" hai="7,11,12,13,18,22,59,60,65,72,74,83,85,89" machi="60" ten="40,2000,0" yaku="1,1,53,0" doraHai="101" doraHaiUra="124" who="1" fromWho="3" sc="240,0,230,43,270,0,240,-23" /><INIT seed="1,2,0,0,0,117" ten="240,273,270,217" oya="1" hai0="128,28,14,22,120,100,96,66,7,55,33,129,63" hai1="111,107,0,125,61,126,20,130,108,30,109,57,32" hai2="79,44,80,65,134,15,70,42,38,124,58,78,118" hai3="75,29,40,4,21,17,135,9,119,71,132,74,122"/><U69/><E107/><V106/><F118/><W81/><G119/><T90/><D55/><U93/><E69/><V36/><F124/><N who="1" m="47721" /><E0/><V59/><F134/><N who="3" m="51243" /><G71/><T99/><D99/><U73/><BYE who="0" /><E73/><N who="3" m="27658" /><G81/><T41/><D41/><U62/><E130/><V113/><F113/><UN n0="%63%68%78%62%64" /><W39/><G29/><T11/><D90/><U47/><E47/><V37/><F106/><W103/><G103/><T10/><D120/><U102/><E32/><V64/><F15/><N who="3" m="9407" /><G40/><T105/><D11/><U91/><E102/><V101/><F101/><W51/><G51/><T12/><D12/><U26/><E57/><N who="2" m="21515" /><F80/><W72/><N who="3" m="27666" /><W49/><DORA hai="88" /><G49/><T92/><D105/><U54/><E54/><V76/><F70/><W48/><G48/><T16/><D33/><U60/><E62/><V89/><F42/><W25/><G39/><T110/><D110/><U123/><E123/><V45/><F89/><W86/><G122/><T85/><D28/><U133/><E133/><V8/><F8/><W116/><G116/><T104/><D104/><U3/><E3/><V46/><AGARI ba="2,0" hai="36,37,38,44,45,46,64,65,76,78,79" m="21515" machi="46" ten="40,8000,1" yaku="29,2,28,2" doraHai="117,88" who="2" fromWho="2" sc="240,-22,273,-42,270,86,217,-22" /><INIT seed="2,0,0,4,5,111" ten="218,231,356,195" oya="2" hai0="117,90,50,24,113,115,67,13,40,66,86,35,6" hai1="108,2,55,73,10,48,105,51,130,61,38,116,77" hai2="75,34,95,107,71,28,43,23,68,64,79,58,127" hai3="91,89,125,18,134,3,4,72,52,87,85,129,36"/><V83/><F107/><W82/><G36/><T123/><D123/><U1/><E105/><V0/><F0/><W109/><G109/><T20/><D35/><U93/><E108/><V98/><F34/><W41/><G41/><T121/><D121/><U102/><E130/><V70/><F43/><W27/><G129/><T96/><D117/><U60/><E38/><V106/><F106/><W122/><G72/><T133/><D96/><U94/><E116/><V131/><F127/><W17/><G125/><T120/><D120/><U62/><E77/><V74/><F131/><W92/><G134/><T7/><D133/><U39/><E73/><V29/><F75/><W9/><G122/><T103/><D103/><U118/><E10/><V8/><F8/><W126/><G126/><T124/><D124/><U37/><E118/><V63/><REACH who="2" step="1"/><F23/><REACH who="2" ten="218,231,346,195" step="2"/><W69/><G69/><T45/><D20/><U14/><E1/><V81/><F81/><W33/><G33/><T5/><D13/><U16/><E2/><V44/><F44/><W119/><G119/><T30/><D24/><U22/><E39/><V132/><F132/><W78/><G27/><T135/><D135/><U80/><E37/><V21/><F21/><W54/><REACH who="3" step="1"/><G78/><REACH who="3" ten="218,231,346,185" step="2"/><T101/><D40/><U42/><E42/><V84/><F84/><W104/><G104/><T97/><D86/><U19/><E55/><AGARI ba="0,2" hai="3,4,9,17,18,52,54,55,82,85,87,89,91,92" machi="55" ten="40,2600,0" yaku="1,1,54,1,53,0" doraHai="111" doraHaiUra="114" who="3" fromWho="1" sc="218,0,231,-26,346,0,185,46" /><INIT seed="3,0,0,4,4,10" ten="218,205,346,231" oya="3" hai0="53,32,102,54,21,80,39,122,90,128,26,30,29" hai1="41,104,70,99,116,83,127,74,69,87,119,101,66" hai2="27,19,96,89,112,115,33,3,59,71,34,60,55" hai3="16,113,111,109,61,46,82,8,40,78,38,58,72"/><W132/><G113/><N who="2" m="43593" /><F3/><W92/><G132/><T94/><D39/><U84/><E127/><V13/><F13/><N who="3" m="7207" /><G58/><T23/><D122/><U47/><E87/><V35/><F71/><W48/><G92/><T2/><D2/><U110/><E110/><N who="3" m="41994" /><G61/><T106/><D106/><U24/><E24/><V103/><F35/><W49/><AGARI ba="0,0" hai="38,40,46,48,49,72,78,82" m="41994,7207" machi="49" ten="30,11700,0" yaku="14,1,10,1,52,1,54,1" doraHai="10" who="3" fromWho="3" sc="218,-39,205,-39,346,-39,231,117" owari="179,-22.1,166,-33.4,307,10.7,348,44.8" /></mjloggm>