<mjloggm ver="2.3"><GO type="225" lobby="0"/><UN n0="%E6%A1%9C%E8%8A%B1%E9%96%83%E3%80%85" n1="%E3%81%BD%E3%81%A1%E3%81%9F%E3%81%93%E3%82%84" n2="%E3%81%8C%E3%81%9F" n3="%E3%81%AF%E3%82%88%E3%81%8A%E3%81%98%E3%81%95%E3%82%93" dan="16,16,17,16" rate="2204.13,2146.65,2162.50,2174.73" sx="M,M,F,M"/><TAIKYOKU oya="0"/><INIT seed="0,0,0,1,4,66" ten="250,250,250,250" oya="0" hai0="19,116,56,52,101,13,111,134,5,2,68,6,130" hai1="71,110,67,14,94,38,105,44,54,21,36,47,128" hai2="49,74,30,60,17,85,112,1,29,25,88,61,48" hai3="28,133,92,10,43,69,86,123,9,62,97,126,135"/><T37/><D116/><U7/><E105/><V15/><F112/><W0/><G126/><T107/><D37/><N who="1" m="14443" /><E94/><V57/><F74/><W109/><G43/><T72/><D72/><U121/><E21/><N who="2" m="15535" /><F30/><W99/><G109/><T22/><D111/><U18/><E18/><V33/><F1/><W124/><G124/><T93/><D107/><U84/><E84/><V98/><F98/><W63/><G28/><T77/><D77/><U58/><E14/><V125/><F33/><W89/><G123/><T108/><D2/><U82/><E82/><N who="2" m="49207" /><F125/><W70/><G86/><T35/><D35/><U80/><E80/><V100/><F100/><W132/><G97/><T81/><D81/><U24/><E24/><V41/><F41/><W119/><G119/><T118/><D93/><U83/><E83/><V79/><F79/><W114/><G114/><T34/><D101/><U65/><E110/><V12/><F12/><W26/><G26/><T115/><D34/><U102/><E102/><V76/><F76/><W91/><G89/><T131/><D108/><U32/><E32/><V20/><F60/><N who="3" m="23083" /><G9/><T23/><D115/><U95/><E121/><V50/><F61/><W106/><G106/><T64/><D118/><U55/><E95/><V39/><F39/><W129/><G129/><T27/><D131/><U42/><E67/><V16/><F17/><W4/><AGARI ba="0,0" hai="0,4,10,69,70,91,92,99,132,133,135" m="23083" machi="4" ten="40,5200,0" yaku="20,1,52,2" doraHai="66" who="3" fromWho="3" sc="250,-26,250,-13,250,-13,250,52" /><INIT seed="1,0,0,3,0,50" ten="224,237,237,302" oya="1" hai0="115,89,80,83,24,13,124,21,56,46,4,54,85" hai1="63,71,73,72,123,126,112,76,22,45,128,77,131" hai2="74,33,67,47,41,121,58,68,42,99,102,79,35" hai3="12,20,119,37,98,6,26,113,108,101,5,10,75"/><U132/><E22/><V30/><F58/><W17/><G113/><T91/><D115/><U107/><E45/><V39/><F41/><W53/><G108/><T65/><D124/><U69/><E112/><V61/><F121/><W9/><G119/><T31/><D65/><U96/><E123/><V97/><F30/><W7/><G75/><N who="1" m="28746" /><E63/><V14/><F14/><W27/><G37/><T64/><D64/><U87/><E69/><V8/><F8/><W49/><G10/><N who="0" m="4295" /><D46/><U90/><E71/><V93/><F99/><W3/><G3/><T135/><D135/><U29/><E29/><V81/><AGARI ba="0,0" hai="33,35,39,42,47,61,67,68,74,79,81,93,97,102" machi="81" ten="30,1100,0" yaku="0,1" doraHai="50" who="2" fromWho="2" sc="224,-3,237,-5,237,11,302,-3" /><INIT seed="2,0,0,2,5,127" ten="221,232,248,299" oya="2" hai0="11,115,102,50,51,40,5,133,57,87,120,21,64" hai1="75,106,81,118,73,17,123,8,68,44,56,90,110" hai2="27,116,23,72,88,31,4,98,53,96,16,124,103" hai3="58,84,95,34,20,79,86,78,49,62,135,125,43"/><V30/><F116/><W52/><G34/><T94/><D120/><U92/><E68/><V69/><F72/><W66/><G125/><T55/><D115/><U119/><E44/><V76/><F76/><N who="3" m="29227" /><G135/><T6/><D133/><U47/><E106/><V89/><F124/><W97/><G43/><T14/><D64/><U67/><E81/><V10/><F69/><W99/><G20/><T42/><D5/><U54/><E67/><V61/><F30/><W114/><G114/><T46/><D21/><U82/><E82/><V104/><F98/><N who="3" m="37387" /><G95/><T91/><REACH who="0" step="1"/><D102/><REACH who="0" ten="211,232,248,299" step="2"/><U105/><E123/><V18/><F31/><W129/><G129/><T107/><D107/><U70/><E105/><V41/><F18/><W113/><G113/><T109/><D109/><U60/><E17/><V19/><F19/><W13/><G13/><T77/><D77/><U59/><E110/><V85/><F4/><W2/><G2/><T112/><D112/><U132/><E132/><V108/><F108/><W25/><G25/><T22/><D22/><U128/><E75/><V117/><F23/><W65/><G66/><T100/><D100/><U29/><E73/><V101/><F101/><W74/><G74/><T63/><D63/><U131/><E60/><V71/><F61/><W26/><G26/><T36/><D36/><U83/><E29/><V7/><F103/><W15/><G15/><T37/><D37/><U130/><E119/><V1/><F117/><W39/><G39/><T93/><D93/><U35/><E118/><V45/><F104/><W12/><G12/><T126/><D126/><U121/><E121/><RYUUKYOKU ba="0,1" sc="211,15,232,-15,248,-15,299,15" hai0="6,11,14,40,42,46,50,51,55,57,87,91,94" hai3="49,52,58,62,65,84,86" /><INIT seed="3,1,1,2,4,124" ten="226,217,233,314" oya="3" hai0="101,25,46,11,134,97,31,52,119,30,104,65,84" hai1="12,19,114,125,88,69,87,59,98,122,10,33,8" hai2="112,26,47,38,1,116,74,66,89,94,44,70,9" hai3="39,115,118,60,77,123,6,16,129,7,128,23,2"/><W107/><G118/><T82/><D119/><U131/><E69/><V120/><F116/><W35/><G123/><T73/><D73/><U127/><E122/><V63/><F112/><W55/><G115/><T14/><D134/><U95/><E114/><V17/><F120/><W85/><G35/><T105/><D65/><U56/><E33/><V41/><F74/><W93/><G107/><T28/><D105/><U58/><E131/><N who="3" m="50250" /><G39/><T86/><D25/><U100/><REACH who="1" step="1"/><E8/><REACH who="1" ten="226,207,233,314" step="2"/><V4/><F47/><W61/><G2/><T68/><D68/><U34/><E34/><V108/><F108/><W133/><G133/><T132/><D132/><U135/><E135/><V81/><F81/><AGARI ba="1,2" hai="10,12,19,56,58,59,81,87,88,95,98,100,125,127" machi="81" ten="40,5200,0" yaku="1,1,54,1,53,1" doraHai="124" doraHaiUra="78" who="1" fromWho="2" sc="226,0,207,75,233,-55,314,0" owari="226,-17.4,282,8.2,178,-32.2,314,41.4" /></mjloggm>