<mjloggm ver="2.3"><GO type="225" lobby="0"/><UN n0="%E7%B4%94%E6%BD%94%E3%83%94%E3%83%A9%E3%83%8B%E3%82%A2" n1="%E6%A0%B9%E5%85%83%E3%81%8B%E3%82%89%E5%90%B9%E3%81%A3%E9%A3%9B%E3%81%B6" n2="%E3%81%99%E3%81%84%E3%81%BE%E3%81%9B%E3%83%BC%E3%82%93" n3="%E7%99%BD%E5%80%89%E5%AF%9B%E4%B9%8B" dan="17,16,18,16" rate="2196.81,2159.62,2181.56,2173.56" sx="M,F,M,M"/><TAIKYOKU oya="0"/><INIT seed="0,0,0,1,4,60" ten="250,250,250,250" oya="0" hai0="4,117,69,84,64,113,131,28,79,86,12,125,42" hai1="26,45,31,39,21,123,56,34,126,14,129,51,97" hai2="121,92,65,106,68,75,100,108,37,10,35,61,33" hai3="93,38,54,41,124,3,102,88,6,24,48,128,19"/><T8/><D113/><U116/><E116/><V89/><F121/><W32/><G128/><T15/><D117/><U81/><E123/><V105/><F108/><W22/><G124/><T110/><D125/><U132/><E132/><V66/><F37/><W134/><G102/><T27/><D131/><U115/><E115/><V90/><F75/><W52/><G38/><T96/><D42/><U72/><E39/><V49/><F10/><W58/><G32/><T133/><D133/><U0/><E56/><V87/><F100/><W112/><G134/><T16/><D96/><U99/><E0/><V36/><F36/><W119/><G119/><T71/><D110/><U101/><E99/><V130/><F130/><W7/><G41/><T63/><D71/><U118/><E126/><V70/><F49/><N who="3" m="30991" /><G3/><T74/><D79/><N who="1" m="44263" /><E14/><V46/><F46/><N who="3" m="27927" /><G112/><T78/><D78/><U47/><E129/><V104/><REACH who="2" step="1"/><F90/><REACH who="2" ten="250,250,240,250" step="2"/><W82/><G82/><T62/><D74/><U120/><E47/><V40/><F40/><W25/><G25/><T94/><D62/><AGARI ba="0,1" hai="33,35,61,62,65,66,68,70,87,89,92,104,105,106" machi="62" ten="40,8000,1" yaku="1,1,9,1,52,2,53,1" doraHai="60" doraHaiUra="83" who="2" fromWho="0" sc="250,-80,250,0,240,90,250,0" /><INIT seed="1,0,0,5,4,3" ten="170,250,330,250" oya="1" hai0="96,43,77,67,20,4,65,87,72,54,97,83,5" hai1="35,73,89,74,114,84,101,132,29,7,6,53,34" hai2="104,111,16,80,85,86,55,108,88,82,18,68,91" hai3="128,42,59,69,27,14,116,92,21,133,100,66,19"/><U117/><E114/><V46/><F104/><W36/><G69/><T38/><D72/><U56/><E117/><V1/><F1/><W103/><G116/><T2/><D2/><U127/><E101/><V81/><F81/><W79/><G128/><T125/><D125/><U112/><E112/><V47/><F68/><W22/><G133/><T9/><D38/><U8/><E127/><V57/><F55/><W31/><G79/><T71/><D43/><U40/><E40/><V30/><F57/><W24/><G42/><T0/><D71/><U25/><E35/><V58/><F58/><W62/><G36/><T90/><D9/><U118/><E132/><V95/><F95/><W48/><G48/><T23/><D54/><U119/><E7/><N who="0" m="2633" /><D0/><U49/><E119/><V134/><F134/><W15/><G103/><T123/><D123/><U45/><E118/><V13/><F30/><W60/><G62/><T122/><D122/><U129/><E129/><V61/><F61/><W94/><G94/><N who="0" m="56407" /><D97/><AGARI ba="0,0" hai="14,15,19,21,22,24,27,31,59,60,66,92,97,100" machi="97" ten="40,5200,0" yaku="25,2,8,1" doraHai="3" who="3" fromWho="0" sc="170,-52,250,0,330,0,250,52" /><INIT seed="2,0,0,4,0,111" ten="118,250,330,302" oya="2" hai0="35,1,79,11,112,6,94,117,107,78,38,89,33" hai1="100,34,85,127,71,87,39,57,116,8,90,91,19" hai2="62,101,48,84,14,104,26,15,96,120,60,4,29" hai3="16,81,80,24,124,115,32,51,69,75,74,125,86"/><V64/><F120/><W52/><G69/><T54/><D107/><U9/><E71/><V27/><F27/><W77/><G115/><T59/><D38/><U109/><E34/><V40/><F84/><W2/><G2/><T95/><D117/><U105/><E116/><V63/><F4/><W121/><G121/><T36/><D36/><U118/><E39/><V128/><F128/><W131/><G131/><T73/><D112/><U76/><E127/><N who="3" m="48714" /><G81/><T56/><D11/><U42/><E76/><V88/><F88/><N who="1" m="33833" /><E42/><V30/><F30/><N who="3" m="19527" /><G16/><T123/><D89/><U50/><E105/><V83/><F83/><W67/><G67/><T18/><D18/><U82/><E109/><V134/><F64/><W22/><G22/><T31/><D123/><U98/><E118/><V92/><F104/><W129/><G129/><T47/><D1/><U28/><E28/><V110/><F110/><W99/><G99/><T17/><D17/><U37/><E37/><V53/><F96/><W102/><G102/><T97/><D31/><U25/><E87/><V10/><F101/><W93/><G93/><T65/><D65/><U72/><E72/><V23/><F92/><W13/><G13/><T61/><D97/><U12/><E25/><V130/><F130/><W133/><G133/><T3/><D3/><U21/><E85/><V132/><F15/><W119/><G119/><T58/><D73/><U45/><E82/><V43/><F134/><W66/><G66/><N who="0" m="39207" /><D33/><U103/><E103/><V68/><F132/><W41/><G41/><T7/><D35/><U49/><E100/><V126/><F126/><RYUUKYOKU ba="0,0" sc="118,-10,250,-10,330,-10,302,30" hai3="51,52,74,75,77,80,86" /><INIT seed="3,1,0,5,1,77" ten="108,240,320,332" oya="3" hai0="115,24,23,96,103,25,44,93,95,39,73,106,20" hai1="125,69,62,88,45,82,124,110,63,50,26,78,126" hai2="40,34,54,49,108,122,17,98,0,121,22,100,52" hai3="66,7,48,76,129,51,58,102,53,47,92,109,118"/><W56/><G118/><T99/><D73/><U6/><E69/><V81/><F108/><W116/><G116/><T18/><D115/><U43/><E110/><V41/><F81/><W83/><G109/><T37/><D106/><U11/><E26/><V13/><F34/><W120/><G120/><N who="2" m="46185" /><F0/><W15/><G129/><T94/><D94/><U31/><E31/><V119/><F119/><W16/><G7/><T132/><D132/><U89/><E63/><V80/><F80/><W87/><G66/><T72/><D72/><U127/><N who="1" m="31744" /><DORA hai="70" /><U123/><E62/><V114/><F114/><W68/><G68/><T71/><D71/><U38/><E123/><V59/><F54/><W32/><G32/><T75/><D75/><N who="1" m="43359" /><E50/><V19/><F17/><W57/><G51/><T9/><D9/><U134/><E134/><V113/><F113/><W128/><G128/><T135/><D135/><U36/><E38/><V112/><F112/><W3/><G3/><AGARI ba="1,0" hai="3,6,11,36,43,45,88,89" m="43359,31744" machi="3" ten="60,8000,1" yaku="25,1,18,1,52,2,54,1" doraHai="77,70" who="1" fromWho="3" sc="108,0,240,83,320,0,332,-83" owari="108,-39.2,323,42.3,320,12.0,249,-15.1" /></mjloggm>