<mjloggm ver="2.3"><GO type="225" lobby="0"/><UN n0="%E3%81%99%E3%81%84%E3%81%BE%E3%81%9B%E3%83%BC%E3%82%93" n1="%E3%81%AF%E3%82%88%E3%81%8A%E3%81%98%E3%81%95%E3%82%93" n2="%E3%81%BF%E3%81%BF%E3%81%9A" n3="%E3%81%95%E3%81%8D%E3%81%9F%E3%81%BE%E6%9E%97%E6%AA%8E" dan="18,17,17,16" rate="2231.05,2131.74,2236.71,2156.57" sx="M,M,M,M"/><TAIKYOKU oya="0"/><INIT seed="0,0,0,5,2,132" ten="250,250,250,250" oya="0" hai0="62,117,51,73,113,28,31,38,89,3,17,56,24" hai1="92,109,104,32,61,87,77,72,9,55,20,0,75" hai2="47,78,124,65,59,43,26,127,8,40,34,97,96" hai3="48,86,30,60,63,130,129,64,45,66,13,126,19"/><T41/><D113/><U134/><E32/><V107/><F78/><W119/><G119/><T84/><D117/><U52/><E104/><V14/><F65/><N who="3" m="25195" /><G30/><T50/><D3/><U133/><E109/><V42/><F59/><W106/><G106/><T101/><D73/><U125/><E20/><V4/><F47/><W54/><G86/><T76/><D76/><U102/><E9/><V27/><F34/><W121/><G19/><T85/><D101/><U108/><E0/><V112/><F112/><W39/><G13/><T82/><D38/><U53/><E108/><V67/><F67/><W118/><G118/><T2/><D2/><U99/><E61/><N who="3" m="23626" /><G121/><T131/><D85/><U111/><E111/><V115/><F115/><W10/><G10/><T16/><D62/><U83/><REACH who="1" step="1"/><E125/><REACH who="1" ten="250,240,250,250" step="2"/><N who="2" m="48203" /><F107/><W128/><G126/><T122/><D122/><U21/><E21/><V36/><F36/><AGARI ba="0,1" hai="36,39,45,48,54,128,129,130" m="23626,25195" machi="36" ten="40,5200,0" yaku="19,1,34,2" doraHai="132" who="3" fromWho="2" sc="250,0,240,0,250,-52,250,62" /><INIT seed="1,0,0,0,3,3" ten="250,240,198,312" oya="1" hai0="108,7,106,10,36,61,93,134,40,78,45,101,68" hai1="30,28,6,20,70,130,58,118,107,26,111,96,56" hai2="33,77,53,19,4,31,132,122,75,46,52,18,112" hai3="117,97,42,82,110,133,109,43,116,129,51,103,73"/><U80/><E118/><N who="3" m="45674" /><G73/><T34/><D108/><N who="3" m="41577" /><G133/><T94/><D34/><U127/><E111/><V115/><F122/><W105/><G129/><T65/><D134/><U66/><E130/><V83/><F132/><W23/><G82/><T86/><D78/><U87/><E127/><V84/><F75/><W1/><G1/><T25/><D25/><U123/><E123/><V99/><F99/><W9/><G23/><T128/><D128/><U124/><E124/><V57/><F46/><W79/><G79/><T76/><D76/><U29/><E70/><V41/><F41/><W55/><G9/><T14/><REACH who="0" step="1"/><D86/><REACH who="0" ten="240,240,198,312" step="2"/><U104/><E87/><V44/><F33/><W54/><G54/><T60/><D60/><U102/><E26/><V22/><F112/><W48/><G48/><T89/><D89/><U121/><E121/><V119/><F115/><W85/><G85/><T12/><D12/><U15/><E15/><V49/><F119/><W114/><G114/><T72/><D72/><U67/><E30/><V100/><F31/><W71/><G71/><T62/><D62/><U38/><E29/><V126/><F126/><W125/><G125/><T98/><AGARI ba="0,1" hai="7,10,14,36,40,45,61,65,68,93,94,98,101,106" machi="98" ten="30,4000,0" yaku="1,1,0,1,52,1,53,0" doraHai="3" doraHaiUra="81" who="0" fromWho="0" sc="240,50,240,-20,198,-10,312,-10" /><INIT seed="2,0,0,0,4,17" ten="290,220,188,302" oya="2" hai0="30,9,101,43,56,40,87,111,104,32,99,86,78" hai1="6,60,26,120,49,91,64,8,128,2,66,132,25" hai2="103,62,54,44,98,117,48,68,39,55,65,41,73" hai3="23,18,115,5,123,10,58,129,106,75,19,133,131"/><V83/><F117/><W81/><G123/><T4/><D111/><U107/><E120/><V76/><REACH who="2" step="1"/><F39/><REACH who="2" ten="290,220,178,302" step="2"/><W31/><G115/><T108/><D108/><U84/><E128/><V13/><F13/><W22/><G129/><T105/><D43/><U113/><E113/><V33/><F33/><W134/><G131/><T95/><D40/><U52/><E132/><V59/><F59/><W0/><G58/><T67/><D56/><U118/><E118/><V38/><F38/><W125/><G134/><T135/><D32/><U57/><E107/><AGARI ba="0,1" hai="41,44,48,54,55,62,65,68,73,76,83,98,103,107" machi="107" ten="30,5800,0" yaku="1,1,7,1,53,1" doraHai="17" doraHaiUra="74" who="2" fromWho="1" sc="290,0,220,-58,178,68,302,0" /><INIT seed="2,1,0,2,1,126" ten="290,162,246,302" oya="2" hai0="33,107,60,47,35,92,3,9,22,7,110,87,11" hai1="94,32,109,118,130,68,91,121,39,63,48,20,30" hai2="120,134,95,59,21,13,75,2,123,23,57,14,72" hai3="98,113,119,17,78,90,84,112,29,116,100,41,66"/><V105/><F2/><W55/><G41/><T122/><D122/><U38/><E118/><V4/><F4/><W44/><G66/><T70/><D107/><U28/><E32/><V45/><F95/><N who="3" m="58463" /><G78/><T86/><D110/><U135/><E109/><V77/><F77/><W58/><G44/><T131/><D11/><U127/><E127/><V101/><F101/><W31/><G17/><T79/><D87/><U1/><E1/><V73/><F45/><W125/><G125/><T43/><D79/><U106/><E106/><V34/><F105/><W132/><G132/><T74/><D74/><U117/><E117/><V16/><F34/><W53/><G53/><T10/><D35/><U103/><E135/><V40/><F40/><W6/><G6/><T62/><D7/><U76/><E121/><V24/><F134/><W108/><G108/><T19/><D43/><U93/><E68/><V64/><F59/><W83/><G31/><T124/><D70/><U37/><E39/><V12/><REACH who="2" step="1"/><F21/><REACH who="2" ten="290,162,236,302" step="2"/><W0/><G0/><T61/><D22/><U67/><E38/><V82/><F82/><W46/><G46/><T15/><D47/><U97/><E37/><V81/><F81/><W89/><G83/><T69/><D69/><U49/><E76/><V65/><F65/><W104/><G58/><T128/><D124/><U54/><E67/><V26/><F26/><W129/><G104/><T36/><D36/><U71/><E71/><V88/><F88/><W114/><G119/><T56/><D56/><N who="1" m="35223" /><E20/><V18/><F18/><W85/><G116/><T133/><D133/><U80/><E80/><RYUUKYOKU ba="1,1" sc="290,-10,162,-10,236,30,302,-10" hai2="12,13,14,16,23,24,57,64,72,73,75,120,123" /><INIT seed="2,2,1,4,0,27" ten="280,152,266,292" oya="2" hai0="22,111,74,9,63,105,68,106,120,0,73,51,54" hai1="122,62,49,130,113,128,32,102,39,100,121,72,10" hai2="47,108,35,66,55,84,46,43,31,42,59,71,107" hai3="24,5,6,112,57,16,96,75,123,118,83,134,97"/><V117/><F107/><W40/><G118/><T103/><D120/><N who="1" m="46187" /><E39/><N who="2" m="21855" /><F31/><W89/><G123/><T60/><D105/><U2/><E113/><V23/><F23/><W15/><G134/><T50/><D22/><U48/><E72/><V69/><F84/><N who="3" m="50335" /><G112/><T94/><D74/><U109/><E32/><V116/><F35/><W76/><G75/><T36/><D106/><U104/><E109/><V1/><F1/><W56/><G40/><T67/><D36/><U65/><E10/><V19/><F19/><W17/><G76/><T135/><D73/><U7/><E7/><N who="3" m="2570" /><G24/><T61/><D111/><U52/><E48/><N who="2" m="31207" /><F108/><W101/><G17/><T124/><D0/><U114/><E2/><V58/><F117/><W110/><G110/><T64/><D9/><U37/><E37/><N who="2" m="21999" /><F116/><W99/><G101/><N who="1" m="39018" /><E114/><V119/><F119/><W8/><AGARI ba="2,1" hai="8,15,16,56,57,96,97,99" m="2570,50335" machi="8" ten="30,2000,0" yaku="8,1,54,1" doraHai="27" who="3" fromWho="3" sc="280,-7,152,-7,266,-12,292,36" /><INIT seed="3,0,0,5,5,125" ten="273,145,254,328" oya="3" hai0="68,39,17,8,116,95,110,76,11,49,77,20,94" hai1="9,73,24,129,85,134,108,33,120,112,97,107,45" hai2="82,57,83,46,2,56,51,103,124,80,74,61,132" hai3="104,31,32,0,47,133,34,105,58,41,60,12,121"/><W131/><G121/><T30/><D39/><U6/><E120/><V21/><F2/><W10/><G0/><T43/><D68/><U75/><E112/><V88/><F124/><W84/><G133/><T40/><D116/><U28/><E134/><V102/><F74/><W26/><G34/><T128/><D128/><U1/><E108/><V55/><F132/><W14/><G131/><T42/><D110/><U135/><E135/><V111/><F111/><W35/><G35/><T87/><D30/><U27/><E129/><V44/><F21/><W19/><G12/><T16/><D49/><U66/><E85/><V65/><REACH who="2" step="1"/><F88/><REACH who="2" ten="273,145,244,328" step="2"/><W123/><G123/><T59/><D20/><U126/><E126/><V52/><F52/><W63/><G32/><T96/><D96/><U122/><E122/><V100/><AGARI ba="0,1" hai="44,46,51,55,56,57,61,65,80,82,83,100,102,103" machi="100" ten="30,4000,0" yaku="1,1,0,1,8,1,53,0" doraHai="125" doraHaiUra="15" who="2" fromWho="2" sc="273,-10,145,-10,244,50,328,-20" owari="263,-13.7,135,-36.5,294,9.4,308,40.8" /></mjloggm>