<mjloggm ver="2.3"><GO type="225" lobby="0"/><UN n0="%E3%81%A8%E3%82%89%E3%81%84%E3%81%A1" n1="%E6%9D%B1%E9%A2%A8%E3%81%AE%E3%81%8D%E3%82%83%E3%81%B7%E3%81%95%E3%82%93" n2="%E5%8C%97%E6%AC%A7%E3%81%AE%E3%82%82%E3%81%93%E3%81%86" n3="%72%65%6E%6B%75%6E" dan="16,16,16,17" rate="2130.45,2168.13,2146.22,2182.78" sx="M,M,M,M"/><TAIKYOKU oya="0"/><INIT seed="0,0,0,4,1,134" ten="250,250,250,250" oya="0" hai0="21,82,81,60,93,123,51,129,74,103,71,25,9" hai1="43,17,3,69,62,22,77,114,12,61,75,83,132" hai2="48,28,98,113,49,5,11,64,0,39,15,99,96" hai3="63,26,65,2,78,105,88,107,45,47,58,23,79"/><T7/><D123/><U101/><E3/><V89/><F39/><W131/><G2/><T97/><D129/><U14/><E69/><V106/><F113/><W41/><G131/><T46/><D74/><U112/><E132/><V120/><F120/><W117/><G117/><T109/><D60/><U87/><E43/><V55/><F106/><W94/><G107/><T40/><D71/><U66/><E101/><V80/><F28/><N who="3" m="17503" /><G105/><T104/><D109/><U56/><E61/><V95/><F64/><W59/><G59/><T133/><D104/><U29/><E29/><V126/><F0/><W53/><G41/><T37/><D37/><U91/><REACH who="1" step="1"/><E12/><REACH who="1" ten="250,240,250,250" step="2"/><V8/><F15/><W50/><G47/><T1/><D133/><U67/><E67/><V4/><F48/><W33/><G33/><T108/><D108/><U70/><E70/><V119/><F49/><W118/><G118/><T38/><D38/><U54/><E54/><V110/><F55/><W122/><G122/><T57/><REACH who="0" step="1"/><D57/><REACH who="0" ten="240,240,250,250" step="2"/><U31/><E31/><AGARI ba="0,2" hai="1,7,9,21,25,31,40,46,51,81,82,93,97,103" machi="31" ten="30,5800,0" yaku="1,1,2,1,7,1,53,0" doraHai="134" doraHaiUra="30" who="0" fromWho="1" sc="240,78,240,-58,250,0,250,0" /><INIT seed="0,1,0,0,3,46" ten="318,182,250,250" oya="0" hai0="94,34,6,109,81,85,131,68,18,97,104,129,133" hai1="42,67,101,39,105,103,58,66,50,54,130,89,87" hai2="8,3,65,115,108,80,62,21,79,7,75,14,126" hai3="113,70,106,29,31,91,59,128,99,45,33,117,63"/><T38/><D68/><U55/><E130/><N who="0" m="49673" /><D38/><U4/><E4/><V36/><F108/><W135/><G113/><T1/><D34/><U5/><E5/><V119/><F126/><W84/><G117/><T11/><D18/><U95/><E105/><V27/><F115/><W44/><G70/><T127/><D127/><U32/><E32/><V88/><F119/><W43/><G135/><T56/><D56/><N who="1" m="32855" /><E39/><V111/><F111/><W17/><G128/><T123/><D109/><U19/><E42/><V72/><F36/><W0/><G0/><T30/><D30/><U60/><E19/><V86/><F3/><W52/><G17/><T71/><D71/><U57/><E66/><V16/><F79/><W74/><G74/><T28/><D28/><U110/><E110/><V116/><F116/><W12/><G12/><T48/><D104/><U112/><E112/><V118/><F118/><W107/><G107/><T124/><D133/><U22/><E22/><V15/><F14/><W2/><G2/><T120/><D124/><U122/><E122/><V134/><F134/><W83/><G33/><T41/><D41/><U82/><E82/><V69/><AGARI ba="1,0" hai="7,8,15,16,21,27,62,65,69,72,75,80,86,88" machi="69" ten="20,5200,0" yaku="0,1,7,1,54,2" doraHai="46" who="2" fromWho="2" sc="318,-27,182,-14,250,55,250,-14" /><INIT seed="1,0,0,1,4,125" ten="291,168,305,236" oya="1" hai0="25,46,119,22,88,113,66,29,38,104,56,123,124" hai1="89,45,127,48,82,33,9,44,12,0,112,13,95" hai2="59,3,74,14,94,71,21,87,80,10,5,61,8" hai3="17,40,103,4,110,6,60,133,100,35,81,86,115"/><U64/><E112/><V134/><F134/><W118/><G35/><T78/><D113/><U85/><E127/><V132/><F132/><W2/><G115/><T92/><D104/><U75/><E33/><V106/><F106/><W97/><G133/><T43/><D124/><U28/><E28/><V126/><F126/><W101/><G118/><T24/><D119/><U79/><E64/><V37/><F37/><W68/><G110/><T31/><D78/><U58/><E0/><V36/><F36/><W65/><G40/><T39/><D39/><U107/><E107/><V84/><F71/><W19/><G97/><T42/><D42/><U70/><E70/><V120/><F21/><W114/><G114/><T20/><D123/><U26/><E26/><V108/><F108/><W15/><G2/><T77/><D77/><U130/><E130/><V116/><F94/><W11/><REACH who="3" step="1"/><G4/><REACH who="3" ten="291,168,305,226" step="2"/><T122/><D122/><U109/><E109/><V90/><F116/><W117/><G117/><T91/><D92/><U27/><E27/><V69/><F5/><W57/><G57/><T102/><D102/><U1/><E1/><V99/><F3/><W121/><G121/><T54/><REACH who="0" step="1"/><D66/><REACH who="0" ten="281,168,305,226" step="2"/><U55/><REACH who="1" step="1"/><E12/><REACH who="1" ten="281,158,305,226" step="2"/><V131/><F120/><W129/><G129/><T67/><D67/><U62/><E62/><AGARI ba="0,3" hai="20,22,24,25,29,31,38,43,46,54,56,62,88,91" machi="62" ten="30,7700,0" yaku="1,1,7,1,9,1,54,1,53,0" doraHai="125" doraHaiUra="47" who="0" fromWho="1" sc="281,107,158,-77,305,0,226,0" /><INIT seed="2,0,0,4,3,62" ten="388,81,305,226" oya="2" hai0="56,81,93,73,92,4,33,30,112,91,41,66,131" hai1="94,110,22,43,96,40,130,117,77,20,107,59,135" hai2="39,38,134,97,49,2,7,68,76,100,50,52,104" hai3="67,42,80,51,54,14,23,75,8,72,34,85,31"/><V87/><F134/><W95/><G34/><T121/><D112/><U61/><E117/><V65/><F2/><W125/><G125/><T111/><D121/><U21/><E130/><V90/><F7/><W44/><G95/><T124/><D41/><U64/><E135/><V60/><F76/><W128/><G128/><T127/><D4/><U103/><E110/><V63/><F49/><W102/><G102/><T29/><D131/><U98/><E77/><V5/><F63/><W83/><G83/><T9/><D9/><U74/><E74/><V55/><F5/><W15/><G67/><T35/><D111/><U46/><E46/><V57/><REACH who="2" step="1"/><F55/><REACH who="2" ten="388,81,295,226" step="2"/><W70/><G42/><T48/><D48/><U116/><REACH who="1" step="1"/><E116/><REACH who="1" ten="388,71,295,226" step="2"/><V120/><F120/><W106/><G72/><T82/><D73/><U79/><E79/><V78/><F78/><W11/><G75/><T118/><D118/><U18/><E18/><V27/><F27/><W1/><G31/><T47/><D29/><U45/><E45/><V12/><F12/><W24/><G15/><T101/><D30/><U84/><E84/><V105/><F105/><W132/><G106/><T32/><D47/><U69/><E69/><V26/><F26/><W28/><G70/><T133/><D133/><U122/><E122/><V123/><F123/><W119/><G132/><T17/><D17/><U115/><E115/><V10/><F10/><N who="3" m="3627" /><G119/><T0/><D0/><U25/><E25/><V86/><F86/><W3/><G14/><T114/><D114/><U58/><E58/><V89/><F89/><AGARI ba="0,2" hai="20,21,22,40,43,59,61,64,89,94,96,98,103,107" machi="89" ten="40,5200,0" yaku="1,1,52,1,53,1" doraHai="62" doraHaiUra="53" who="1" fromWho="2" sc="388,0,71,72,295,-52,226,0" /><INIT seed="3,0,0,2,1,64" ten="388,143,243,226" oya="3" hai0="78,73,79,11,128,43,115,132,117,91,94,85,108" hai1="104,123,3,2,1,72,127,52,71,46,21,41,56" hai2="83,31,59,47,100,89,129,24,120,88,37,135,112" hai3="109,33,93,101,70,27,86,113,4,58,98,95,53"/><W126/><G113/><T0/><D117/><U51/><E123/><V80/><F112/><W54/><G126/><T105/><D115/><U25/><E104/><V23/><F129/><W30/><G4/><T48/><D105/><U10/><E72/><V124/><F135/><W130/><G130/><T44/><D73/><U102/><E102/><V116/><F116/><W122/><G122/><T67/><D128/><U29/><E127/><V62/><F37/><W26/><G109/><T97/><D108/><U110/><E110/><V68/><F68/><W75/><G75/><T119/><D119/><U36/><E10/><V121/><F47/><W20/><G70/><T42/><D67/><U60/><E2/><V74/><F100/><W19/><REACH who="3" step="1"/><G58/><REACH who="3" ten="388,143,243,216" step="2"/><T92/><D132/><U50/><E50/><V107/><F124/><W118/><G118/><T22/><D48/><U55/><E55/><V39/><F121/><W57/><G57/><T82/><D43/><U7/><E7/><V77/><F120/><W32/><G32/><T6/><D42/><U114/><E114/><V16/><F39/><W125/><G125/><T12/><D6/><U87/><E87/><V5/><F5/><W103/><G103/><T76/><D85/><U49/><E51/><V131/><F131/><W35/><G35/><T15/><D0/><U9/><E9/><V17/><F74/><W61/><G61/><T14/><D11/><U34/><E34/><V63/><F63/><W45/><G45/><T69/><D44/><U134/><E134/><V106/><F62/><W96/><G96/><T8/><D97/><RYUUKYOKU ba="0,1" sc="388,-15,143,15,243,-15,216,15" hai1="1,3,21,25,29,36,41,46,49,52,56,60,71" hai3="19,20,26,27,30,33,53,54,86,93,95,98,101" /><INIT seed="3,1,1,2,5,121" ten="373,158,228,231" oya="3" hai0="109,86,123,15,78,114,47,55,91,66,85,94,127" hai1="28,37,64,119,42,33,56,20,40,38,125,8,46" hai2="14,19,90,103,57,67,118,45,133,77,113,124,60" hai3="5,135,51,83,117,88,87,34,76,25,129,59,41"/><W10/><G117/><T128/><D123/><U99/><E119/><V32/><F32/><W112/><G112/><T81/><D114/><U111/><E33/><V80/><F133/><W35/><G135/><T97/><D128/><U13/><E125/><V68/><F124/><W101/><G129/><T4/><D127/><U102/><E111/><V104/><F113/><W44/><G101/><T61/><D109/><U52/><E64/><V58/><F90/><W73/><G59/><N who="0" m="37183" /><D55/><U71/><E71/><V18/><F18/><W115/><G25/><T3/><D3/><U98/><E28/><V93/><F104/><W131/><G131/><T36/><D36/><U130/><E20/><V27/><F27/><W84/><G115/><T120/><D47/><U31/><E31/><V75/><F45/><W79/><G79/><T26/><D26/><U134/><E134/><V95/><F118/><W107/><G107/><T11/><D120/><U0/><E0/><V43/><F43/><W92/><G73/><T1/><D1/><AGARI ba="1,1" hai="1,5,10,34,35,41,44,51,76,83,84,87,88,92" machi="1" ten="30,2900,0" yaku="7,1,54,1" doraHai="121" who="3" fromWho="0" sc="373,-32,158,0,228,0,231,42" /><INIT seed="3,2,0,1,5,11" ten="341,158,228,273" oya="3" hai0="30,10,47,33,128,94,75,42,60,4,77,103,131" hai1="73,99,35,64,53,29,121,17,81,65,113,70,34" hai2="63,61,82,55,84,80,44,46,19,87,12,107,83" hai3="130,49,74,96,98,85,59,32,56,78,133,20,48"/><W3/><G32/><T25/><D60/><N who="2" m="23114" /><F107/><W38/><G38/><N who="0" m="21975" /><D94/><U41/><E121/><V39/><F39/><W76/><G3/><N who="0" m="287" /><D103/><U124/><E113/><V5/><F5/><W62/><G130/><T97/><D97/><N who="3" m="37481" /><G74/><T90/><D90/><U72/><E124/><V93/><F55/><N who="3" m="31855" /><G133/><T52/><D52/><U117/><E53/><V88/><F87/><W109/><G109/><T13/><D13/><U101/><E35/><V135/><F135/><W0/><G0/><T54/><D54/><U100/><E100/><V37/><F37/><W129/><G129/><T43/><D43/><U110/><E41/><V69/><F69/><W134/><G134/><T89/><D89/><U67/><E70/><V79/><F79/><W114/><G114/><T15/><D15/><U23/><E110/><V7/><F7/><W36/><G36/><T27/><D27/><N who="1" m="18751" /><E117/><V71/><F71/><W125/><G48/><T127/><D127/><U105/><E81/><AGARI ba="2,0" hai="25,30,33,75,77,81,128,131" m="287,21975" machi="81" ten="30,2000,0" yaku="25,1,23,1" doraHai="11" who="0" fromWho="1" sc="341,26,158,-26,228,0,273,0" owari="367,46.7,132,-36.8,228,-17.2,273,7.3" /></mjloggm>