<mjloggm ver="2.3"><GO type="225" lobby="0"/><UN n0="%E3%83%81%E3%83%83%E3%82%BF%E3%82%BD%E3%83%BC" n1="%E3%81%A4%E3%81%A3%E3%81%B1%E3%82%8A%E3%83%9D%E3%83%BC%E3%83%AB" n2="%E7%89%B9%E6%9D%B1%E5%96%B0%E8%B5%A4%E9%80%9F" n3="%E3%83%A9%E3%83%BC%E3%83%A1%E3%83%B3%E4%BA%94%E9%83%8E" dan="16,17,16,16" rate="2130.60,2127.94,2042.39,2125.57" sx="F,M,M,M"/><TAIKYOKU oya="0"/><INIT seed="0,0,0,5,1,120" ten="250,250,250,250" oya="0" hai0="89,133,3,123,92,10,128,9,58,53,82,17,127" hai1="117,119,5,88,40,44,47,91,84,125,124,52,96" hai2="78,15,26,98,33,70,68,67,60,48,134,2,116" hai3="61,118,23,75,59,77,38,76,107,21,109,22,129"/><T14/><D123/><U46/><E40/><V95/><F2/><W113/><G113/><T32/><D127/><N who="1" m="48715" /><E5/><V74/><F134/><W122/><G118/><N who="1" m="45066" /><E96/><V54/><F15/><W104/><G122/><T115/><D133/><U69/><E69/><V37/><F37/><W13/><G38/><T112/><D128/><U131/><E131/><V19/><F116/><W4/><G129/><T135/><D32/><U36/><E36/><V101/><F68/><W90/><G104/><T86/><D135/><U24/><E24/><V16/><F33/><W27/><G107/><T29/><D29/><U100/><E100/><V42/><F42/><W85/><G27/><T0/><D0/><U1/><E1/><V121/><F26/><W102/><G102/><T64/><D3/><U8/><E8/><V87/><F121/><W31/><G31/><T35/><D9/><U63/><E84/><V45/><REACH who="2" step="1"/><F87/><REACH who="2" ten="250,250,240,250" step="2"/><W11/><G85/><T99/><D35/><U30/><E30/><V71/><F71/><W51/><G13/><T126/><D126/><U94/><E94/><V7/><F7/><W103/><G4/><T80/><D86/><U50/><E63/><V18/><F18/><W132/><G61/><T66/><D82/><AGARI ba="0,1" hai="16,19,45,48,54,60,67,70,74,78,82,95,98,101" machi="82" ten="40,2600,0" yaku="1,1,54,1,53,0" doraHai="120" doraHaiUra="81" who="2" fromWho="0" sc="250,-26,250,0,240,36,250,0" /><INIT seed="1,0,0,0,2,71" ten="224,250,276,250" oya="1" hai0="45,38,13,1,96,61,116,87,86,77,91,58,32" hai1="33,9,51,109,72,121,76,118,82,94,111,95,47" hai2="12,92,35,24,135,66,30,98,124,119,8,130,19" hai3="49,4,64,69,125,3,110,84,73,101,57,102,11"/><U99/><E118/><V81/><F119/><W23/><G73/><T0/><D116/><U50/><E121/><V79/><F130/><W59/><G110/><N who="1" m="41994" /><E33/><V2/><F135/><W28/><G125/><T39/><D32/><U80/><E80/><V41/><F66/><W7/><G69/><T54/><D13/><U20/><E20/><V21/><F41/><W122/><G122/><T34/><D34/><U131/><E131/><V107/><F107/><W74/><G74/><T126/><D126/><U108/><N who="1" m="42002" /><U103/><DORA hai="112" /><E9/><V46/><F46/><W128/><G128/><T18/><D18/><U93/><E51/><V120/><F120/><W100/><G49/><T114/><D114/><U129/><E129/><V65/><F124/><W97/><G23/><T36/><D45/><U29/><E29/><V104/><F35/><W53/><G28/><T27/><D27/><U68/><E68/><V63/><F24/><W83/><G7/><T31/><D31/><U105/><E105/><V67/><F30/><W14/><G4/><T43/><D43/><AGARI ba="0,0" hai="43,47,50,72,76,82,93,94,95,99,103" m="42002" machi="43" ten="40,3900,0" yaku="14,1,10,1" doraHai="71,112" who="1" fromWho="0" sc="224,-39,250,39,276,0,250,0" /><INIT seed="1,1,0,1,5,20" ten="185,289,276,250" oya="1" hai0="16,100,98,86,90,52,84,118,35,94,69,89,123" hai1="9,54,1,14,75,91,51,130,77,63,73,117,11" hai2="12,88,85,22,101,133,13,60,8,87,24,78,126" hai3="53,21,46,108,102,25,40,5,132,18,95,41,128"/><U38/><E117/><V26/><F133/><W109/><G132/><T111/><D118/><U72/><E38/><V106/><F126/><W47/><G128/><T70/><D111/><N who="3" m="42569" /><G5/><T59/><D123/><U74/><E130/><V67/><F101/><W66/><G66/><T33/><D69/><U131/><E131/><V127/><F106/><W96/><G53/><T39/><D70/><U121/><E121/><V42/><F42/><AGARI ba="1,0" hai="18,21,25,40,41,42,46,47,95,96,102" m="42569" machi="42" ten="30,2000,0" yaku="14,1,52,1" doraHai="20" who="3" fromWho="2" sc="185,0,289,0,276,-23,250,23" /><INIT seed="2,0,0,1,3,89" ten="185,289,253,273" oya="2" hai0="5,133,7,70,47,25,39,31,119,58,60,27,63" hai1="116,20,98,103,97,54,56,85,68,76,8,19,108" hai2="117,92,16,69,29,118,35,71,111,107,120,28,49" hai3="100,21,9,72,52,132,81,12,73,64,45,74,33"/><V18/><F107/><W104/><G33/><T95/><D133/><U114/><E68/><N who="2" m="26187" /><F49/><W101/><G132/><T2/><D70/><U46/><E116/><N who="2" m="44651" /><F35/><W135/><G135/><T110/><D110/><U125/><E114/><V38/><F38/><W65/><G21/><T127/><D119/><U94/><E108/><V50/><F50/><W86/><G64/><T36/><D31/><N who="2" m="11850" /><F111/><W115/><G115/><T126/><D58/><U84/><E56/><V40/><F40/><W51/><G65/><T15/><D15/><U102/><E97/><V75/><F75/><W42/><G42/><T96/><D96/><U82/><E98/><V13/><F13/><W61/><G104/><T24/><D24/><U6/><E85/><V34/><F34/><W122/><G122/><T79/><D47/><U14/><E84/><V32/><F32/><W55/><G55/><T78/><REACH who="0" step="1"/><D2/><REACH who="0" ten="175,289,253,273" step="2"/><U53/><E46/><V83/><F120/><W30/><G45/><T88/><D88/><U113/><E14/><V59/><F59/><W131/><G12/><T130/><D130/><U23/><E113/><V124/><F124/><W123/><G131/><T112/><D112/><U43/><E125/><V99/><F99/><W62/><G123/><T66/><D66/><U91/><E91/><V90/><F90/><W17/><G101/><T87/><D87/><U22/><E103/><V11/><F18/><W48/><G100/><T128/><D128/><U10/><E102/><V37/><F16/><W0/><G17/><T121/><D121/><U109/><E19/><V134/><F134/><W77/><G0/><RYUUKYOKU ba="0,1" sc="175,30,289,-10,253,-10,273,-10" hai0="5,7,25,27,36,39,60,63,78,79,95,126,127" /><INIT seed="3,1,1,2,5,22" ten="205,279,243,263" oya="3" hai0="96,122,55,102,9,123,49,62,112,84,40,12,20" hai1="101,126,63,25,105,0,2,28,121,92,135,42,80" hai2="95,113,94,4,24,127,35,52,134,103,91,77,104" hai3="65,34,3,71,72,82,58,36,23,16,76,14,43"/><W11/><G71/><T21/><D112/><U47/><E121/><V33/><F113/><W117/><G117/><T79/><D40/><U29/><E105/><V53/><F104/><W10/><G34/><T66/><D122/><U97/><E135/><V129/><F77/><W57/><G65/><T6/><D123/><U75/><E126/><V38/><F38/><W8/><REACH who="3" step="1"/><G3/><REACH who="3" ten="205,279,243,253" step="2"/><T130/><D130/><U110/><E0/><V100/><F33/><W106/><G106/><T69/><D79/><U115/><E2/><V133/><F35/><W27/><G27/><T86/><D21/><U19/><E25/><V81/><F24/><W111/><G111/><T83/><D20/><U85/><E110/><V93/><F129/><W31/><G31/><T74/><D74/><U88/><E29/><V61/><F133/><W119/><G119/><T56/><REACH who="0" step="1"/><D83/><REACH who="0" ten="195,279,243,253" step="2"/><N who="1" m="49215" /><E75/><V41/><F81/><W78/><G78/><T87/><D87/><U60/><E80/><V48/><F134/><W125/><G125/><T5/><D5/><U51/><E115/><V68/><F4/><W18/><G18/><T90/><D90/><U124/><E124/><V128/><F91/><W89/><G89/><T26/><D26/><U44/><E19/><V39/><F127/><W30/><G30/><T1/><D1/><U107/><E28/><V13/><F128/><W116/><G116/><T59/><D59/><U114/><E114/><V73/><F73/><W67/><G67/><T118/><D118/><U70/><E70/><V45/><F68/><W108/><G108/><T109/><D109/><U7/><E7/><RYUUKYOKU ba="1,3" sc="195,15,279,-15,243,-15,253,15" hai0="6,9,12,49,55,56,62,66,69,84,86,96,102" hai3="8,10,11,14,16,23,36,43,57,58,72,76,82" /><INIT seed="3,2,3,1,2,94" ten="210,264,228,268" oya="3" hai0="11,54,125,2,70,120,106,116,134,95,7,85,59" hai1="16,36,33,39,90,88,17,30,18,135,65,38,43" hai2="118,0,113,129,57,19,25,61,128,63,110,96,28" hai3="67,104,52,87,80,73,86,56,5,98,132,84,105"/><W133/><G67/><T41/><D116/><U20/><E33/><V60/><F113/><W64/><G64/><T107/><D120/><U50/><E65/><V8/><F118/><W75/><G5/><T12/><D70/><U127/><E127/><V3/><F110/><W49/><G80/><T53/><D125/><U114/><E114/><V100/><F57/><W1/><G1/><T9/><D41/><U71/><E71/><V79/><F79/><W62/><G62/><T15/><D2/><U122/><E122/><V102/><F102/><N who="3" m="62551" /><G105/><T103/><D53/><U112/><E135/><AGARI ba="2,3" hai="49,52,56,73,75,84,86,87,132,133,135" m="62551" machi="135" ten="30,5800,0" yaku="20,1,52,1,54,1" doraHai="94" who="3" fromWho="1" sc="210,0,264,-64,228,0,268,94" owari="210,-19.0,200,-30.0,228,2.8,362,46.2" /></mjloggm>