<mjloggm ver="2.3"><GO type="225" lobby="0"/><UN n0="%E6%A1%9C%E8%8A%B1%E9%96%83%E3%80%85" n1="%E9%A6%AC%E5%BC%95%E7%81%AB%33" n2="%E3%81%A4%E3%81%A3%E3%81%B1%E3%82%8A%E3%83%9D%E3%83%BC%E3%83%AB" n3="%E5%85%83%E3%82%AB%E3%83%8E%E7%B3%BB%E3%83%92%E3%83%AD%E3%82%A4%E3%83%B3" dan="16,16,17,16" rate="2094.78,2144.66,2118.79,2116.15" sx="M,M,M,M"/><TAIKYOKU oya="0"/><INIT seed="0,0,0,2,1,106" ten="250,250,250,250" oya="0" hai0="20,48,61,3,94,64,35,115,46,122,102,38,124" hai1="63,88,76,2,58,131,10,108,40,14,91,11,98" hai2="54,16,110,89,109,134,42,126,44,85,9,81,34" hai3="22,45,101,105,74,19,125,93,57,67,23,49,32"/><T97/><D115/><U53/><E108/><N who="2" m="41579" /><F34/><W59/><G32/><T123/><D35/><U56/><E131/><V84/><F134/><W129/><G105/><T127/><D3/><U80/><E40/><V70/><F70/><W39/><G39/><T83/><D38/><U29/><E29/><V100/><F100/><W1/><G1/><T90/><D20/><U133/><E133/><V114/><F114/><W117/><G117/><T0/><D0/><U112/><E112/><V31/><F31/><W47/><G74/><T82/><D123/><U21/><E21/><V8/><F126/><N who="0" m="48170" /><D102/><U119/><E119/><V55/><F85/><W43/><G125/><T71/><D122/><U27/><E27/><V92/><F81/><W135/><G135/><T26/><D26/><U18/><E98/><V12/><F8/><W36/><G129/><T99/><D97/><U118/><E118/><V87/><F87/><W128/><G128/><T41/><AGARI ba="0,0" hai="41,46,48,61,64,71,82,83,90,94,99" m="48170" machi="41" ten="30,1500,0" yaku="18,1" doraHai="106" who="0" fromWho="0" sc="250,15,250,-5,250,-5,250,-5" /><INIT seed="0,1,0,4,1,129" ten="265,245,245,245" oya="0" hai0="102,106,124,133,10,25,90,57,130,96,115,38,91" hai1="110,73,50,125,87,98,120,101,84,16,28,37,22" hai2="26,81,82,128,56,107,0,132,99,88,94,19,8" hai3="86,7,121,44,105,112,29,79,51,123,119,55,48"/><T109/><D115/><U49/><E120/><N who="3" m="46154" /><G112/><T71/><D71/><U40/><E73/><V35/><F128/><W66/><G119/><T113/><D113/><U111/><E125/><V74/><F107/><W135/><G105/><T20/><D130/><U14/><E28/><V24/><F74/><W65/><G7/><T13/><D124/><U131/><E131/><V23/><F132/><W6/><G6/><T80/><D133/><U76/><E37/><V89/><F0/><W114/><G114/><T46/><D57/><U12/><E12/><N who="2" m="7559" /><F35/><W32/><G135/><T2/><D2/><U4/><E4/><V43/><F43/><N who="3" m="24607" /><G29/><T58/><D109/><N who="1" m="41483" /><E40/><V93/><F56/><N who="3" m="32895" /><G32/><T116/><D116/><U36/><E36/><V68/><F68/><W42/><G42/><T9/><D38/><U85/><E76/><V15/><F15/><W3/><G3/><T45/><D13/><U70/><E70/><V33/><F33/><W54/><G54/><T134/><D134/><U30/><E30/><N who="2" m="17695" /><F26/><W118/><G118/><T108/><D108/><U52/><E52/><V18/><F18/><W17/><G17/><N who="0" m="12431" /><D58/><U62/><E62/><V41/><F41/><W95/><G79/><T126/><D126/><U122/><E122/><V27/><F27/><W103/><G103/><T75/><D46/><U92/><AGARI ba="1,0" hai="14,16,22,49,50,84,85,87,92,98,101" m="41483" machi="92" ten="30,2000,0" yaku="14,1,54,1" doraHai="129" who="1" fromWho="1" sc="265,-11,245,23,245,-6,245,-6" /><INIT seed="1,0,0,4,1,28" ten="254,268,239,239" oya="1" hai0="112,44,54,99,68,51,134,89,92,25,119,60,4" hai1="71,97,82,98,59,0,87,123,35,70,55,104,117" hai2="15,84,34,45,132,50,26,69,7,22,125,81,37" hai3="6,128,16,129,52,66,110,65,27,24,63,17,103"/><U85/><E117/><V36/><F69/><W61/><G6/><T90/><D119/><U53/><E0/><V109/><F109/><W1/><G1/><T12/><D112/><U72/><E72/><V131/><F131/><W49/><G103/><T29/><D134/><U8/><E8/><V111/><F111/><W105/><G110/><T38/><D38/><U75/><E75/><V58/><F58/><W133/><G105/><T11/><D68/><U130/><E59/><V31/><F132/><W57/><G133/><T93/><D60/><N who="3" m="23113" /><G24/><T122/><D122/><U23/><E23/><V74/><F74/><W116/><G116/><T20/><REACH who="0" step="1"/><D93/><REACH who="0" ten="244,268,239,239" step="2"/><U39/><E39/><V80/><F37/><W2/><G2/><T62/><D62/><U124/><E123/><V33/><F36/><W48/><G48/><T127/><D127/><U78/><E124/><V21/><F125/><W73/><G73/><T96/><D96/><U5/><E98/><V3/><F50/><W88/><G128/><T56/><D56/><U108/><E130/><V43/><F45/><W118/><G129/><T115/><D115/><U14/><E97/><V94/><F94/><W10/><G118/><T9/><D9/><U18/><E108/><V120/><F120/><W102/><G66/><T79/><D79/><U107/><E78/><V32/><F3/><W40/><G65/><T42/><D42/><U13/><E71/><V67/><F43/><W77/><G40/><T121/><D121/><U30/><E70/><V83/><F67/><W86/><G77/><T106/><D106/><N who="1" m="40491" /><E82/><V64/><F81/><RYUUKYOKU ba="0,1" sc="244,30,268,-10,239,-10,239,-10" hai0="4,11,12,20,25,29,44,51,54,89,90,92,99" /><INIT seed="2,1,1,4,0,87" ten="274,258,229,229" oya="2" hai0="36,25,28,130,108,1,62,15,72,24,30,99,14" hai1="31,124,39,123,50,35,64,71,112,119,95,128,118" hai2="22,26,79,109,2,7,107,121,85,126,37,104,38" hai3="129,60,41,117,54,89,70,131,96,34,73,8,6"/><V49/><F121/><W66/><G117/><T120/><D72/><U57/><E95/><V97/><F126/><W51/><G34/><T84/><D36/><U81/><E81/><V106/><F109/><W125/><G73/><T32/><D120/><U110/><E31/><V48/><F97/><W88/><G41/><T16/><D130/><N who="3" m="49673" /><G96/><T94/><D1/><U83/><E35/><V102/><F102/><W122/><G125/><T3/><D3/><U42/><E39/><V69/><F38/><W74/><G74/><T33/><D108/><U100/><E42/><V90/><F37/><W18/><G18/><T40/><D40/><U23/><E100/><V63/><F79/><W77/><G77/><T98/><D62/><U13/><E124/><V56/><F69/><W93/><G93/><T19/><D84/><U46/><E71/><V78/><F78/><W82/><G82/><T101/><D94/><U75/><E83/><N who="2" m="49471" /><F107/><W115/><G115/><T92/><D92/><U12/><E75/><V80/><F80/><W52/><G122/><T67/><D101/><U55/><E112/><V127/><F127/><W113/><G113/><T21/><D67/><U17/><E110/><V132/><F106/><W134/><G134/><T11/><AGARI ba="1,1" hai="11,14,15,16,19,21,24,25,28,30,32,33,98,99" machi="11" ten="20,5200,0" yaku="0,1,7,1,9,1,54,1" doraHai="87" who="0" fromWho="0" sc="274,65,258,-14,229,-27,229,-14" /><INIT seed="3,0,0,1,5,107" ten="339,244,202,215" oya="3" hai0="39,106,85,111,6,2,45,47,90,53,75,21,72" hai1="78,110,89,40,79,93,0,128,67,57,108,7,65" hai2="121,104,100,135,127,130,35,49,51,70,131,119,94" hai3="43,25,83,11,117,15,30,26,56,126,92,109,48"/><W105/><G117/><T50/><D106/><U98/><E128/><N who="2" m="49195" /><F119/><W62/><G105/><T23/><D111/><N who="1" m="42539" /><E40/><V60/><F135/><W96/><G109/><T36/><D21/><U113/><E113/><V81/><F104/><W61/><G126/><T4/><D4/><U88/><E89/><V71/><F35/><W133/><G133/><T24/><D47/><U13/><E0/><V101/><F127/><W118/><G83/><T18/><D39/><U69/><E69/><N who="2" m="26123" /><F121/><W19/><G118/><T8/><D36/><U38/><E38/><V9/><F60/><N who="3" m="23147" /><G30/><T87/><D87/><U115/><E57/><V54/><F9/><W91/><G43/><T102/><D102/><N who="2" m="39530" /><F94/><AGARI ba="0,0" hai="2,6,8,18,23,24,45,50,53,72,75,85,90,94" machi="94" ten="30,3900,0" yaku="7,1,52,2" doraHai="107" who="0" fromWho="2" sc="339,39,244,0,202,-39,215,0" owari="378,47.8,244,4.4,163,-33.7,215,-18.5" /></mjloggm>