<mjloggm ver="2.3"><GO type="225" lobby="0"/><UN n0="%E6%81%A5%E6%99%92%E3%81%97" n1="%E3%81%99%E3%81%84%E3%81%BE%E3%81%9B%E3%83%BC%E3%82%93" n2="%E3%82%A2%E3%82%A4%E3%82%B9%E3%83%86%E3%82%A3%E3%83%BC%E3%81%82%E3%81%B9" n3="%E4%BF%BA%E3%81%A8%E5%A6%96%E5%A4%A2" dan="17,18,16,16" rate="2180.08,2219.04,2058.40,2173.69" sx="M,M,M,F"/><TAIKYOKU oya="0"/><INIT seed="0,0,0,5,4,32" ten="250,250,250,250" oya="0" hai0="108,123,124,110,60,9,76,54,53,127,70,121,109" hai1="34,33,26,71,17,15,46,133,107,74,65,112,29" hai2="100,111,97,75,44,103,6,10,104,63,102,12,81" hai3="86,83,25,22,2,87,90,1,99,72,131,73,24"/><T120/><D76/><U7/><E74/><V14/><F111/><W45/><G131/><T28/><D28/><U16/><E107/><V18/><F63/><W114/><G114/><T105/><D9/><N who="1" m="4543" /><E46/><V68/><F68/><W38/><G99/><T125/><D105/><U82/><E82/><V4/><F4/><W66/><G66/><AGARI ba="0,0" hai="53,54,60,66,70,108,109,110,120,121,123,124,125,127" machi="66" ten="60,24000,3" yaku="29,2,14,1,10,1,18,1,34,3" doraHai="32" who="0" fromWho="3" sc="250,240,250,0,250,0,250,-240" /><INIT seed="0,1,0,3,5,27" ten="490,250,250,10" oya="0" hai0="21,135,44,50,76,89,91,71,107,80,115,126,59" hai1="53,38,56,0,22,39,134,98,112,42,8,78,33" hai2="32,47,122,61,116,43,121,55,105,24,40,108,128" hai3="82,95,29,35,65,118,3,77,85,15,54,12,84"/><T92/><D115/><U28/><E33/><V74/><F74/><W70/><G118/><T7/><D71/><U26/><E134/><V106/><F116/><W132/><G3/><T103/><D135/><U111/><E111/><V124/><F108/><W20/><G132/><T34/><D34/><U41/><E112/><V66/><F124/><W130/><G130/><T120/><D120/><U25/><E78/><V64/><F128/><W75/><G35/><T73/><D126/><U18/><E98/><V48/><F32/><W81/><G95/><T62/><D7/><U57/><E0/><V119/><F24/><W101/><G101/><T104/><D91/><U17/><E8/><V9/><F9/><W1/><G1/><T16/><D50/><U133/><E133/><V127/><F127/><W90/><G75/><T51/><D44/><U72/><E72/><V13/><F13/><W117/><G117/><T5/><D5/><U69/><E69/><V67/><F119/><W36/><G36/><T114/><D114/><U30/><E53/><N who="2" m="29855" /><F106/><W19/><G54/><T97/><D51/><U113/><E113/><V2/><F105/><W110/><G110/><T131/><D131/><U37/><E37/><V10/><F10/><W83/><G81/><T45/><D45/><U93/><E93/><V87/><F87/><W79/><G90/><T58/><D62/><U14/><E14/><V99/><F99/><W125/><G125/><T94/><D107/><U11/><E11/><V60/><F2/><W102/><G102/><T88/><D104/><U31/><E31/><V46/><F122/><RYUUKYOKU ba="1,0" sc="490,-10,250,30,250,-10,10,-10" hai1="17,18,22,25,26,28,30,38,39,41,42,56,57" /><INIT seed="1,2,0,5,0,75" ten="480,280,240,0" oya="1" hai0="88,51,11,32,56,0,40,133,121,78,68,79,67" hai1="120,57,58,112,27,107,86,129,59,52,124,69,6" hai2="103,101,20,105,43,2,54,42,36,25,96,128,85" hai3="81,84,134,104,45,76,70,31,49,61,18,17,24"/><U35/><E112/><V44/><F128/><W83/><G104/><T62/><D32/><U89/><E120/><V38/><F2/><W94/><G134/><T37/><D133/><U127/><E69/><V114/><F114/><W92/><G70/><T33/><D33/><U12/><E107/><V16/><F103/><W113/><G113/><T55/><D121/><U97/><E97/><V135/><F135/><W4/><G4/><N who="0" m="1415" /><D88/><U66/><E66/><V73/><F73/><W21/><G83/><T14/><D14/><U90/><E129/><V50/><REACH who="2" step="1"/><F85/><REACH who="2" ten="480,280,230,0" step="2"/><W115/><G115/><T34/><D34/><U63/><E35/><V130/><F130/><W22/><G61/><T93/><D93/><N who="3" m="35945" /><G22/><T15/><D15/><U39/><E12/><V118/><F118/><W48/><G48/><T23/><D23/><U123/><E123/><V125/><F125/><W111/><G111/><T72/><D72/><U82/><E127/><V77/><F77/><W132/><G132/><T53/><D79/><U122/><E124/><V3/><F3/><W46/><G46/><T131/><D78/><U9/><E122/><V64/><F64/><W87/><G87/><T109/><D131/><U8/><E86/><V102/><F102/><W74/><G74/><T26/><D37/><AGARI ba="2,1" hai="16,20,25,36,37,38,42,43,44,50,54,96,101,105" machi="37" ten="40,2600,0" yaku="1,1,54,1,53,0" doraHai="75" doraHaiUra="5" who="2" fromWho="0" sc="480,-32,280,0,230,42,0,0" /><INIT seed="2,0,0,2,5,134" ten="448,280,272,0" oya="2" hai0="30,101,8,124,114,42,78,66,14,71,32,95,89" hai1="29,100,72,3,105,23,110,24,132,45,108,9,90" hai2="75,25,54,117,82,26,88,103,22,122,128,86,46" hai3="125,0,67,84,93,85,33,37,123,27,13,70,28"/><V59/><F122/><W36/><G123/><T62/><D114/><U76/><E132/><V63/><F117/><W19/><G67/><T81/><D101/><U73/><E90/><V11/><F128/><W56/><G70/><T38/><D30/><U50/><E76/><V35/><F35/><W96/><G56/><T15/><D15/><U69/><E69/><V94/><F11/><W43/><G0/><T119/><D42/><U6/><E100/><V83/><F75/><W49/><G49/><T104/><D104/><U53/><REACH who="1" step="1"/><E105/><REACH who="1" ten="448,270,272,0" step="2"/><V52/><F103/><W51/><G37/><T21/><D38/><U97/><E97/><V80/><REACH who="2" step="1"/><F22/><REACH who="2" ten="448,270,262,0" step="2"/><W16/><G36/><T61/><D21/><U68/><E68/><V47/><F47/><N who="3" m="26111" /><G33/><T79/><D32/><U130/><E130/><V115/><F115/><W102/><G125/><T74/><D124/><U4/><E4/><V1/><F1/><W12/><G28/><T7/><D71/><U120/><E120/><V2/><F2/><W113/><G113/><T92/><D74/><AGARI ba="0,2" hai="3,6,9,23,24,29,45,50,53,72,73,74,108,110" machi="74" ten="40,1300,0" yaku="1,1,53,0" doraHai="134" doraHaiUra="10" who="1" fromWho="0" sc="448,-13,270,33,262,0,0,0" /><INIT seed="3,0,0,3,3,19" ten="435,303,262,0" oya="3" hai0="50,5,15,27,103,116,82,91,40,128,125,105,62" hai1="110,70,45,81,33,123,69,74,73,90,14,21,109" hai2="67,121,94,28,129,18,64,29,89,97,80,122,36" hai3="25,4,9,37,52,131,77,99,66,24,113,127,132"/><W2/><G113/><T133/><D125/><U39/><E123/><V119/><F119/><W115/><G115/><T98/><D27/><U17/><E33/><V112/><F112/><W72/><G37/><T11/><D62/><U35/><E35/><V124/><F36/><W85/><G72/><T104/><D91/><U65/><E74/><V46/><F46/><W57/><G127/><T0/><D82/><U51/><E39/><V87/><F124/><W71/><G131/><T102/><D128/><U3/><E3/><V120/><F129/><W23/><G132/><T134/><D116/><U95/><E65/><V76/><REACH who="2" step="1"/><F18/><REACH who="2" ten="435,303,252,0" step="2"/><W38/><G38/><T96/><D133/><U92/><E110/><V106/><F106/><W48/><G99/><T60/><D134/><U8/><E109/><V16/><F16/><N who="3" m="12391" /><G71/><T126/><D96/><U58/><E70/><V117/><F117/><W108/><G108/><T68/><D98/><U13/><E69/><V43/><F43/><W86/><G77/><T114/><D114/><U42/><E73/><V135/><F135/><W84/><G25/><T54/><D103/><U61/><E58/><V88/><F88/><W56/><G56/><T22/><D105/><U78/><E78/><V6/><F6/><W30/><G30/><AGARI ba="0,1" hai="28,29,30,64,67,76,80,87,89,94,97,120,121,122" machi="30" ten="40,5200,0" yaku="1,1,13,1,53,1" doraHai="19" doraHaiUra="93" who="2" fromWho="3" sc="435,0,303,0,252,62,0,-52" owari="435,53.5,303,-9.7,314,11.4,-52,-55.2" /></mjloggm>