<mjloggm ver="2.3"><GO type="225" lobby="0"/><UN n0="%E3%81%8B%E3%82%8F%E3%81%A1%E3%82%83%E3%82%93%35%38" n1="%E3%83%96%E3%83%83%E3%83%91%E3%82%AA%E3%83%96%E3%83%81%E3%82%AD%E3%83%B3" n2="%4D%2E%61%72%74%65%74%61" n3="%E3%83%A9%E3%83%BC%E3%83%A1%E3%83%B3%E4%BA%94%E9%83%8E" dan="16,17,16,16" rate="2146.75,2184.36,2182.17,2142.38" sx="M,M,M,M"/><TAIKYOKU oya="0"/><INIT seed="0,0,0,5,5,19" ten="250,250,250,250" oya="0" hai0="28,135,53,83,29,42,120,90,86,92,70,129,132" hai1="66,109,20,100,17,111,123,80,54,114,48,89,71" hai2="122,45,131,22,103,39,91,23,96,1,13,27,46" hai3="7,68,69,47,11,34,113,35,108,52,50,88,41"/><T5/><D120/><U74/><E123/><V115/><F1/><W10/><G113/><T4/><D129/><U43/><E114/><V9/><F122/><W44/><G108/><N who="1" m="41546" /><E100/><V110/><F115/><W117/><G117/><T73/><D70/><U118/><E118/><V6/><F110/><W107/><G107/><T24/><D42/><U56/><E43/><V64/><F131/><W126/><G126/><T36/><D36/><U33/><E33/><V95/><F39/><W97/><G34/><T119/><D119/><U82/><E74/><V55/><F64/><W124/><G35/><N who="0" m="20871" /><D29/><U63/><E89/><V49/><F45/><W30/><G30/><T32/><D53/><U102/><E102/><V134/><F134/><N who="0" m="51242" /><D32/><U101/><E101/><V121/><F121/><W8/><G124/><T79/><AGARI ba="0,0" hai="4,5,73,79,83,86,90,92" m="51242,20871" machi="79" ten="30,1500,0" yaku="20,1" doraHai="19" who="0" fromWho="0" sc="250,15,250,-5,250,-5,250,-5" /><INIT seed="0,1,0,3,5,98" ten="265,245,245,245" oya="0" hai0="44,65,84,30,129,109,79,1,25,125,134,39,105" hai1="133,34,124,88,45,102,37,128,5,90,55,24,47" hai2="97,23,19,94,78,76,29,120,32,42,22,71,69" hai3="4,18,36,91,2,43,121,7,101,10,46,31,118"/><T35/><D84/><U59/><E124/><V8/><F120/><W117/><G121/><T49/><D79/><U70/><E70/><V80/><F32/><W0/><G31/><T135/><D125/><U95/><E133/><N who="0" m="50697" /><D129/><U58/><E128/><V113/><F113/><W81/><G18/><T57/><D109/><U115/><E115/><V16/><F29/><W112/><G112/><T41/><D1/><U85/><E37/><V82/><F42/><W52/><G101/><T40/><D105/><U111/><E111/><V96/><F94/><W99/><G99/><T114/><D114/><U15/><E34/><V68/><F68/><W123/><G123/><T116/><D116/><U77/><E24/><V74/><REACH who="2" step="1"/><F8/><REACH who="2" ten="265,245,235,245" step="2"/><W60/><G118/><T12/><D40/><U66/><E95/><V75/><AGARI ba="1,1" hai="16,19,22,23,69,71,74,75,76,78,80,82,96,97" machi="75" ten="25,16000,3" yaku="1,1,2,1,0,1,22,2,54,1,53,2" doraHai="98" doraHaiUra="64" who="2" fromWho="2" sc="265,-81,245,-41,235,173,245,-41" /><INIT seed="1,0,0,1,1,19" ten="184,204,408,204" oya="1" hai0="73,88,77,10,47,90,74,59,126,82,40,134,52" hai1="51,116,68,21,62,81,28,44,11,70,92,128,107" hai2="38,131,48,86,97,7,96,118,4,85,32,130,80" hai3="102,13,58,42,124,33,5,94,36,113,108,0,84"/><U120/><E116/><V34/><F48/><W18/><G113/><T23/><D74/><U31/><E120/><V53/><F53/><W91/><G33/><N who="2" m="12905" /><F38/><W25/><G108/><T111/><D111/><U6/><E107/><V3/><F118/><W22/><G124/><T45/><D126/><U1/><E128/><N who="2" m="49195" /><F85/><W117/><G117/><T115/><D115/><U104/><E104/><V132/><F132/><W99/><G0/><T122/><D134/><U125/><E125/><V46/><F46/><W64/><G42/><T20/><D10/><U67/><E70/><V119/><F119/><W60/><G36/><T133/><D133/><U26/><E92/><V100/><F3/><W17/><G5/><N who="2" m="2121" /><F100/><W65/><G65/><T15/><D122/><U24/><E81/><V114/><F114/><W43/><G43/><T29/><D45/><U12/><E1/><V30/><F30/><W16/><REACH who="3" step="1"/><G13/><REACH who="3" ten="184,204,408,194" step="2"/><T76/><D15/><U93/><E67/><V121/><F121/><W14/><G14/><T27/><D40/><U57/><E12/><V106/><F106/><AGARI ba="0,1" hai="16,17,18,22,25,58,60,64,84,91,94,99,102,106" machi="106" ten="30,7700,0" yaku="1,1,7,1,52,1,54,1,53,0" doraHai="19" doraHaiUra="49" who="3" fromWho="2" sc="184,0,204,0,408,-77,194,87" /><INIT seed="2,0,0,5,3,121" ten="184,204,331,281" oya="2" hai0="59,57,40,81,99,49,23,1,27,96,39,11,18" hai1="124,45,128,64,115,79,85,75,91,87,107,55,68" hai2="73,38,13,53,25,2,48,135,28,83,43,52,30" hai3="78,12,101,111,76,131,51,116,65,32,7,16,88"/><V105/><F2/><W24/><G116/><T34/><D39/><U110/><E115/><V20/><F105/><W125/><G125/><T77/><D34/><U50/><E107/><V130/><F130/><W95/><G131/><T8/><D1/><U133/><E128/><V98/><F38/><W127/><G127/><T62/><D8/><U70/><E124/><V69/><F69/><W67/><G101/><T106/><D106/><U60/><E133/><V86/><F73/><W108/><G7/><T0/><D0/><U54/><E110/><N who="3" m="42026" /><G51/><T31/><D11/><U56/><E75/><V19/><F98/><N who="3" m="57703" /><G24/><T92/><D99/><U84/><E79/><N who="3" m="30250" /><G32/><T15/><D27/><U119/><E119/><V97/><F48/><W93/><G93/><T71/><D31/><U114/><E114/><V117/><F28/><W42/><G42/><T41/><D49/><U80/><E50/><V134/><F43/><N who="0" m="16458" /><D92/><U9/><E91/><V104/><F117/><W44/><G44/><T72/><D96/><U4/><E45/><V123/><F135/><W112/><G112/><T109/><D109/><U47/><E47/><V113/><F134/><W103/><G103/><T118/><D118/><U17/><E4/><V6/><F6/><W132/><G132/><T100/><D100/><U63/><E80/><V90/><F113/><W3/><G3/><T126/><D126/><U33/><E33/><V94/><F104/><W129/><G129/><T21/><D21/><AGARI ba="0,0" hai="12,16,21,65,67" m="30250,57703,42026" machi="21" ten="30,12000,2" yaku="14,1,52,3,54,2" doraHai="121" who="3" fromWho="0" sc="184,-120,204,0,331,0,281,120" /><INIT seed="3,0,0,3,1,23" ten="64,204,331,401" oya="3" hai0="79,29,12,36,94,57,3,16,92,63,62,4,69" hai1="5,39,110,74,103,10,88,86,119,99,37,112,83" hai2="11,71,70,41,52,24,64,38,91,98,48,50,77" hai3="135,54,85,100,122,113,45,76,93,9,123,75,127"/><W80/><G113/><T40/><D36/><U73/><E112/><V25/><F77/><W18/><G127/><T116/><D116/><U114/><E114/><V44/><F48/><N who="3" m="28943" /><G75/><T31/><D69/><U120/><E120/><V34/><F11/><W105/><G105/><T15/><D3/><U60/><E110/><V133/><F133/><W124/><G124/><T126/><D126/><U132/><E132/><V61/><F34/><W101/><G135/><T26/><D79/><U106/><E119/><V28/><F70/><W72/><G72/><T21/><D40/><U46/><E60/><V56/><F28/><W19/><G123/><T65/><D4/><U87/><E46/><V129/><F129/><W82/><G82/><T58/><D12/><U78/><E87/><V1/><F1/><W131/><G93/><AGARI ba="0,0" hai="24,25,38,41,44,50,52,56,61,64,71,91,93,98" machi="93" ten="40,8000,1" yaku="24,2,52,2,54,1" doraHai="23" who="2" fromWho="3" sc="64,0,204,0,331,80,401,-80" owari="64,-43.6,204,-19.6,411,51.1,321,12.1" /></mjloggm>