<mjloggm ver="2.3"><GO type="225" lobby="0"/><UN n0="%70%6F%69%73%6F%6E%30%32" n1="%E3%83%B4%E3%83%A0%EF%BC%99%E3%81%A6" n2="%E7%99%BD%E5%80%89%E5%AF%9B%E4%B9%8B" n3="%E3%83%A9%E3%83%BC%E3%83%A1%E3%83%B3%E4%BA%94%E9%83%8E" dan="16,16,16,16" rate="2104.51,2169.57,2127.68,2113.43" sx="M,M,M,M"/><TAIKYOKU oya="0"/><INIT seed="0,0,0,1,3,60" ten="250,250,250,250" oya="0" hai0="46,99,110,78,116,101,90,71,0,53,41,15,42" hai1="84,115,50,127,105,3,28,114,26,112,34,82,23" hai2="61,4,134,38,2,103,63,94,135,74,92,122,6" hai3="47,39,85,66,120,14,10,25,77,89,51,98,104"/><T118/><D0/><U96/><E3/><V20/><F74/><W62/><G39/><T123/><D123/><U35/><E127/><V119/><F38/><W132/><G120/><T58/><D71/><U93/><E105/><V54/><F122/><W80/><G132/><T33/><D33/><U12/><E50/><V111/><F2/><W21/><G104/><T86/><D78/><U124/><E124/><V59/><F111/><W55/><G98/><T72/><D15/><U17/><E35/><V64/><F119/><W76/><G21/><T88/><D72/><U31/><E31/><V56/><F20/><W7/><REACH who="3" step="1"/><G25/><REACH who="3" ten="250,250,250,240" step="2"/><T67/><D110/><U100/><REACH who="1" step="1"/><E115/><REACH who="1" ten="250,240,250,240" step="2"/><V43/><F134/><W57/><AGARI ba="0,2" hai="7,10,14,47,51,55,57,62,66,76,77,80,85,89" machi="57" ten="20,12000,2" yaku="1,1,2,1,0,1,7,1,8,1,52,1,53,1" doraHai="60" doraHaiUra="79" who="3" fromWho="3" sc="250,-60,240,-30,250,-30,240,140" /><INIT seed="1,0,0,2,2,85" ten="190,210,220,380" oya="1" hai0="124,69,17,75,101,20,72,134,73,24,106,94,28" hai1="107,102,16,29,92,128,96,115,78,33,66,13,42" hai2="91,89,47,129,120,55,132,18,110,68,37,86,53" hai3="98,26,64,114,133,5,135,48,103,44,119,50,22"/><U51/><E115/><V32/><F32/><W39/><G114/><T9/><D134/><N who="3" m="51209" /><G119/><T74/><N who="0" m="18432" /><DORA hai="35" /><T25/><D69/><U30/><E78/><V36/><F68/><W58/><G5/><T56/><D124/><U82/><E82/><V2/><F132/><W100/><G39/><N who="2" m="14921" /><F86/><W7/><G7/><T108/><D106/><U83/><E83/><V43/><F18/><N who="3" m="12631" /><G44/><T40/><D108/><U38/><E38/><V77/><F77/><W121/><G121/><T0/><D40/><U65/><E107/><V99/><F99/><W59/><G103/><T80/><D56/><N who="3" m="21545" /><G64/><T76/><D101/><U52/><E42/><V131/><F120/><W27/><G27/><T88/><D9/><N who="1" m="6191" /><E128/><N who="2" m="49227" /><F110/><W111/><G111/><T8/><D8/><U81/><E81/><V54/><F2/><W70/><G70/><T113/><D0/><U71/><E71/><V112/><F112/><W3/><G3/><T125/><D113/><U105/><E105/><AGARI ba="0,0" hai="48,50,98,100,105" m="21545,12631,51209" machi="105" ten="30,1000,0" yaku="20,1" doraHai="85,35" who="3" fromWho="1" sc="190,0,210,-10,220,0,380,10" /><INIT seed="2,0,0,2,2,25" ten="190,200,220,390" oya="2" hai0="125,106,81,60,110,82,89,135,115,30,57,94,127" hai1="85,59,64,133,96,101,69,50,80,86,16,78,55" hai2="8,67,108,132,34,113,36,46,51,27,93,68,128" hai3="53,120,45,3,23,10,28,9,26,100,12,56,2"/><V104/><F104/><W117/><G117/><T103/><D110/><U118/><E118/><V99/><F108/><W5/><G120/><T122/><D115/><U6/><E133/><V22/><F132/><W73/><G73/><T13/><D122/><U66/><E6/><V44/><F113/><W24/><G100/><T111/><D111/><U4/><E4/><V79/><F34/><N who="3" m="20743" /><G45/><T88/><D135/><U75/><E69/><V124/><F124/><N who="0" m="47690" /><D13/><U49/><E49/><V109/><F128/><W42/><G26/><T19/><D19/><U92/><E75/><V87/><F36/><W102/><G9/><T1/><D1/><U11/><E86/><V29/><F8/><W61/><G2/><T76/><D30/><U72/><E72/><V121/><F121/><W63/><G102/><T0/><D0/><U15/><AGARI ba="0,0" hai="11,15,16,50,55,59,64,66,78,80,85,92,96,101" machi="15" ten="30,4000,0" yaku="0,1,8,1,54,1" doraHai="25" who="1" fromWho="1" sc="190,-10,200,40,220,-20,390,-10" /><INIT seed="3,0,0,3,5,31" ten="180,240,200,380" oya="3" hai0="16,116,101,117,55,9,110,89,47,50,97,102,85" hai1="6,62,35,109,10,33,53,128,81,57,26,113,38" hai2="37,75,52,5,8,43,77,132,56,44,36,120,78" hai3="96,127,108,45,11,103,88,12,112,4,60,106,64"/><W69/><G108/><T121/><D110/><U111/><E38/><V15/><F132/><W34/><G127/><T59/><D121/><U135/><E113/><V83/><F120/><W91/><G112/><T30/><D30/><U119/><E135/><V92/><F78/><W25/><G45/><T24/><D117/><U2/><E26/><V126/><F126/><W3/><G3/><T118/><D116/><U42/><E42/><V80/><F80/><W86/><G86/><T95/><D118/><U94/><E119/><V63/><F92/><W82/><G82/><T51/><D97/><U20/><E128/><V32/><F32/><W13/><G13/><N who="0" m="7215" /><D24/><U124/><E124/><V48/><AGARI ba="0,0" hai="5,8,15,36,37,43,44,48,52,56,63,75,77,83" machi="48" ten="20,2700,0" yaku="0,1,7,1,54,1" doraHai="31" who="2" fromWho="2" sc="180,-7,240,-7,200,27,380,-13" owari="173,-32.7,233,3.3,227,-17.3,367,46.7" /></mjloggm>