<mjloggm ver="2.3"><GO type="225" lobby="0"/><UN n0="%E3%83%B4%E3%82%A3%E3%83%AF%E3%82%B3%E3%82%B0%E3%83%8B" n1="%6D%61%74%69%67%75%73%61" n2="%E6%98%93%E5%88%A9%E8%96%A9%E4%BC%AF" n3="%E3%83%A9%E3%82%A4%E3%83%B3%E3%81%AE%E8%99%8E" dan="16,16,16,16" rate="2216.86,2123.22,2135.91,2152.37" sx="M,M,F,M"/><TAIKYOKU oya="0"/><INIT seed="0,0,0,1,4,23" ten="250,250,250,250" oya="0" hai0="63,21,53,58,81,102,4,129,15,83,127,10,19" hai1="101,130,99,54,76,6,71,67,119,32,70,131,40" hai2="132,50,77,22,9,78,12,57,112,16,115,3,69" hai3="62,31,65,97,51,124,13,126,43,72,20,0,106"/><T125/><D129/><N who="1" m="49163" /><E119/><V85/><F69/><N who="1" m="26121" /><E67/><V44/><F132/><W2/><G72/><T35/><D35/><U33/><E40/><V74/><F74/><W56/><G106/><T41/><D102/><U109/><E76/><V117/><F117/><W26/><G97/><T61/><D41/><U29/><E6/><V39/><F115/><W38/><G38/><T135/><D135/><U108/><E54/><V55/><F112/><W14/><G0/><T75/><D61/><U86/><E86/><V59/><F39/><W121/><G2/><T87/><D75/><U105/><E29/><V42/><F42/><W122/><G43/><T48/><D63/><U49/><E49/><V123/><F123/><N who="3" m="47115" /><G51/><T73/><D73/><U24/><E24/><N who="2" m="14407" /><F3/><W84/><G84/><T11/><D81/><U113/><E113/><V1/><F1/><W104/><G104/><T118/><D118/><U107/><E107/><V18/><F85/><W5/><G5/><T133/><D133/><U80/><E80/><V111/><F111/><AGARI ba="0,0" hai="32,33,99,101,105,108,109,111" m="26121,49163" machi="111" ten="40,5200,0" yaku="14,1,19,1,23,1" doraHai="23" who="1" fromWho="2" sc="250,0,250,52,250,-52,250,0" /><INIT seed="1,0,0,2,5,32" ten="250,302,198,250" oya="1" hai0="96,22,86,13,114,43,79,103,75,129,16,19,130" hai1="0,14,115,2,97,58,34,104,61,89,76,93,64" hai2="29,119,69,42,80,113,134,3,4,107,17,78,56" hai3="5,126,81,88,9,48,7,74,100,24,20,84,49"/><U71/><E115/><V63/><F113/><W118/><G126/><T27/><D75/><U112/><E112/><V62/><F119/><W123/><G123/><T108/><D114/><U83/><E34/><V11/><F134/><W85/><G74/><T28/><D108/><U90/><E104/><V12/><F107/><W30/><G118/><T36/><D36/><U121/><E121/><V73/><F29/><W66/><G100/><T44/><D79/><U57/><E14/><V31/><F31/><W15/><G66/><T54/><D86/><U120/><E89/><V60/><F42/><W23/><G5/><T110/><D110/><U59/><REACH who="1" step="1"/><E120/><REACH who="1" ten="250,292,198,250" step="2"/><V82/><F82/><N who="3" m="49175" /><G23/><T135/><D135/><U95/><E95/><V127/><F127/><W6/><G7/><T68/><D22/><U101/><E101/><V133/><F133/><W122/><G122/><T72/><D103/><U50/><E50/><V67/><REACH who="2" step="1"/><F69/><REACH who="2" ten="250,292,188,250" step="2"/><W94/><G94/><T116/><D68/><U33/><E33/><V47/><F47/><W18/><G6/><T40/><D44/><U128/><E128/><V65/><F65/><W87/><G81/><T77/><D130/><U102/><E102/><V38/><F38/><W111/><G111/><T8/><D129/><U21/><E21/><AGARI ba="0,2" hai="3,4,11,12,17,21,56,60,62,63,67,73,78,80" machi="21" ten="30,3900,0" yaku="1,1,7,1,52,1,53,0" doraHai="32" doraHaiUra="46" who="2" fromWho="1" sc="250,0,292,-39,188,59,250,0" /><INIT seed="2,0,0,5,4,114" ten="250,253,247,250" oya="2" hai0="44,34,132,46,4,128,95,99,113,53,10,54,115" hai1="19,65,62,107,74,117,131,125,76,21,41,38,24" hai2="64,106,83,45,58,32,79,23,60,78,13,18,57" hai3="110,68,80,108,35,81,71,56,130,105,116,52,63"/><V82/><F32/><W43/><G105/><T48/><D34/><U129/><E107/><V123/><F106/><W47/><G35/><T27/><D132/><U109/><E109/><N who="3" m="42090" /><G80/><T86/><D128/><N who="1" m="49227" /><E125/><V102/><F123/><W50/><G130/><T87/><D27/><U85/><E74/><V17/><F102/><W8/><G8/><T124/><D124/><U14/><E41/><V16/><F45/><N who="3" m="27727" /><G81/><T135/><D135/><U98/><E98/><V84/><REACH who="2" step="1"/><F58/><REACH who="2" ten="250,253,237,250" step="2"/><W91/><G116/><T9/><D115/><U118/><E38/><V66/><F66/><N who="3" m="39271" /><G91/><T26/><D113/><U22/><E76/><V7/><F7/><W72/><G72/><AGARI ba="0,1" hai="13,16,17,18,23,57,60,64,72,78,79,82,83,84" machi="72" ten="30,5800,0" yaku="1,1,7,1,54,1,53,0" doraHai="114" doraHaiUra="30" who="2" fromWho="3" sc="250,0,253,0,237,68,250,-58" /><INIT seed="2,1,0,0,3,83" ten="250,253,305,192" oya="2" hai0="134,125,43,97,106,68,99,121,30,1,58,60,81" hai1="21,9,135,67,33,113,84,108,110,90,87,96,73" hai2="92,64,119,4,124,129,29,107,59,63,133,126,88" hai3="22,104,128,12,74,7,25,123,61,80,116,98,72"/><V11/><F107/><W42/><G116/><T86/><D121/><U5/><E73/><V40/><F119/><W50/><G123/><T23/><D68/><U19/><E33/><V2/><F129/><W79/><G128/><T66/><D1/><U62/><E113/><V122/><F122/><W85/><G61/><T46/><D106/><U51/><E51/><V35/><F40/><W114/><G114/><T69/><D134/><U118/><E96/><V32/><F133/><W105/><G105/><T82/><D69/><N who="1" m="42231" /><E90/><V24/><REACH who="2" step="1"/><F35/><REACH who="2" ten="250,253,295,192" step="2"/><W56/><G104/><T132/><D132/><U112/><E135/><V103/><F103/><W78/><G42/><T102/><D102/><U75/><E118/><V55/><F55/><W36/><G36/><T37/><D125/><U120/><E120/><V111/><F111/><N who="1" m="42537" /><E112/><V100/><F100/><W18/><G72/><T91/><D37/><U115/><E75/><V41/><F41/><W65/><G74/><T48/><D81/><U38/><E38/><V44/><F44/><W14/><G80/><T13/><D30/><U39/><E39/><V127/><F127/><W93/><G65/><T70/><D70/><U101/><E101/><V15/><F15/><W130/><G14/><T54/><D66/><U95/><E115/><V77/><F77/><W45/><G12/><T94/><D82/><U131/><E131/><V3/><F3/><W76/><G130/><T28/><D13/><N who="1" m="9455" /><E95/><V52/><F52/><N who="3" m="31767" /><G78/><T49/><D49/><U47/><E47/><V53/><F53/><W117/><G45/><T20/><D20/><U71/><E71/><RYUUKYOKU ba="1,1" sc="250,10,253,10,295,10,192,-30" hai0="23,28,43,46,48,54,58,60,86,91,94,97,99" hai1="5,9,84,87" hai2="2,4,11,24,29,32,59,63,64,88,92,124,126" /><INIT seed="2,2,1,0,3,5" ten="260,263,305,162" oya="2" hai0="37,48,39,60,128,77,84,1,33,42,124,94,13" hai1="100,9,7,44,109,30,14,75,40,59,74,95,68" hai2="104,41,8,133,103,57,118,28,3,111,0,110,119" hai3="51,96,20,63,11,82,76,97,45,29,61,22,105"/><V134/><F41/><W31/><G105/><T2/><D33/><U49/><E68/><V43/><F28/><W54/><G29/><T67/><D124/><U114/><E114/><V126/><F126/><W17/><G61/><T80/><D128/><U65/><E109/><N who="2" m="41483" /><F43/><W70/><G70/><T132/><D132/><N who="2" m="50794" /><F57/><W89/><G63/><T99/><D39/><U21/><E59/><V120/><F120/><W90/><G31/><T62/><D62/><U102/><E40/><V115/><F115/><W107/><G45/><T127/><D37/><U71/><E44/><V72/><F72/><W16/><G51/><T125/><D125/><U56/><E74/><V38/><F38/><W112/><G54/><T85/><D127/><U106/><E75/><V58/><F58/><W81/><G112/><T32/><D48/><U117/><E56/><V26/><F26/><W46/><G46/><T36/><D42/><U52/><E52/><V116/><F8/><W92/><G11/><T78/><D36/><U113/><E9/><V24/><F24/><W35/><G35/><T27/><D27/><U79/><E49/><V83/><F83/><W93/><REACH who="3" step="1"/><G107/><REACH who="3" ten="260,263,305,152" step="2"/><T50/><D50/><U12/><E106/><V98/><AGARI ba="2,2" hai="0,3,98,103,104,116,118,119" m="50794,41483" machi="98" ten="40,12000,1" yaku="14,1,10,1,20,1,23,1" doraHai="5" who="2" fromWho="2" sc="260,-42,263,-42,305,146,152,-42" /><INIT seed="2,3,0,2,4,8" ten="218,221,451,110" oya="2" hai0="48,17,36,108,7,43,29,21,132,18,61,104,88" hai1="107,130,114,99,22,49,133,92,45,118,115,87,124" hai2="39,35,75,78,98,26,89,96,119,117,40,95,32" hai3="112,76,80,128,73,14,27,31,6,69,83,74,120"/><V34/><F39/><W102/><G120/><T67/><D104/><U9/><E118/><V33/><F40/><W2/><G128/><T110/><D132/><U50/><E107/><V12/><F98/><W20/><G112/><T134/><D134/><U60/><E133/><V109/><F109/><N who="0" m="42090" /><D7/><U129/><E87/><V24/><F12/><W41/><G102/><T125/><D125/><U121/><E60/><V51/><F51/><W62/><G41/><T63/><D48/><U28/><E50/><V100/><F100/><W126/><G126/><T81/><D29/><U135/><E121/><V85/><F75/><W37/><G37/><T13/><D18/><U1/><E135/><V77/><F35/><W46/><G46/><N who="0" m="23911" /><D67/><U72/><E124/><V57/><F34/><W84/><G2/><T38/><D38/><U30/><E49/><V54/><F33/><W101/><G101/><T122/><D122/><U65/><E65/><V10/><F32/><W56/><G69/><T131/><D131/><N who="1" m="50187" /><E45/><V90/><F57/><W16/><G6/><T97/><D81/><U55/><E55/><V106/><F54/><W79/><G84/><T91/><D97/><U105/><E72/><V53/><F96/><W15/><G31/><T82/><D82/><U3/><E105/><V71/><F106/><W0/><G0/><T68/><D68/><U25/><E28/><V47/><F71/><W5/><G5/><T19/><D19/><U11/><E1/><V123/><F123/><W127/><G127/><T111/><N who="0" m="42098" /><T66/><DORA hai="4" /><D61/><U113/><E3/><V58/><F47/><RYUUKYOKU ba="3,0" sc="218,10,221,10,451,-30,110,10" hai0="13,17,21,63,66,88,91" hai1="9,11,22,25,30,92,99,113,114,115" hai3="14,15,16,20,27,56,62,73,74,76,79,80,83" /><INIT seed="3,4,0,3,2,98" ten="228,231,421,120" oya="3" hai0="23,47,83,63,67,133,73,36,43,59,29,95,117" hai1="28,123,87,46,71,13,109,126,70,108,134,100,19" hai2="99,49,128,60,30,94,116,78,42,1,4,101,32" hai3="62,35,84,129,26,114,5,37,3,50,112,68,92"/><W9/><G37/><T16/><D117/><U113/><E113/><V74/><F60/><W10/><G129/><T91/><D133/><U2/><E123/><V53/><F42/><W86/><G50/><T97/><D29/><U58/><E2/><V135/><F116/><W20/><G35/><T45/><D45/><U75/><E75/><V57/><F78/><W77/><G10/><T118/><D118/><U51/><E28/><V27/><F74/><W0/><G0/><T56/><D73/><U64/><E126/><V31/><F31/><W89/><G84/><T125/><D125/><U122/><E122/><V25/><F25/><W90/><G90/><T103/><D83/><U22/><E58/><V111/><F135/><W120/><G77/><T15/><D91/><U119/><E87/><V61/><F128/><W93/><G93/><T21/><D59/><U14/><E51/><V82/><F82/><W110/><G120/><T7/><D7/><U102/><E134/><V81/><F81/><W52/><G110/><T39/><D39/><U85/><E85/><V65/><F111/><W106/><G106/><T72/><D72/><U130/><E130/><V132/><F132/><W127/><G127/><T80/><D80/><U18/><E119/><V12/><F1/><W8/><G8/><AGARI ba="4,0" hai="8,15,16,21,23,36,43,47,56,63,67,95,97,103" machi="8" ten="30,3900,0" yaku="7,1,52,1,54,1" doraHai="98" who="0" fromWho="3" sc="228,51,231,0,421,0,120,-51" owari="279,7.9,231,-16.9,421,52.1,69,-43.1" /></mjloggm>