<mjloggm ver="2.3"><GO type="225" lobby="0"/><UN n0="%61%79%61%70%69%6E" n1="%E3%81%AE%E3%81%AA%E3%82%81%E3%83%BC%E3%82%93" n2="%E3%83%96%E3%83%83%E3%83%91%E3%82%AA%E3%83%96%E3%83%81%E3%82%AD%E3%83%B3" n3="%E3%81%A4%E3%81%A3%E3%81%B1%E3%82%8A%E3%83%9D%E3%83%BC%E3%83%AB" dan="16,16,16,17" rate="2124.85,2077.98,2062.86,2139.68" sx="M,M,M,M"/><TAIKYOKU oya="0"/><INIT seed="0,0,0,3,1,25" ten="250,250,250,250" oya="0" hai0="40,29,47,115,52,2,16,59,61,77,44,75,134" hai1="118,74,0,120,55,110,79,82,1,46,106,53,124" hai2="57,123,103,66,32,39,3,114,27,125,73,65,68" hai3="58,109,81,133,21,24,78,20,100,128,63,8,13"/><T122/><D122/><U43/><E120/><V121/><F123/><W50/><G109/><T90/><D115/><U17/><E118/><V35/><F114/><W5/><G128/><T23/><D2/><U30/><E110/><V98/><F73/><W38/><G38/><T87/><D134/><U12/><E106/><V88/><F125/><W56/><G133/><T112/><D112/><U108/><E108/><V84/><F39/><W62/><G100/><T34/><D75/><U116/><E124/><V45/><F3/><W26/><G50/><N who="0" m="26887" /><D34/><U15/><E116/><V76/><F76/><W89/><G89/><T129/><D129/><U135/><E12/><V70/><F45/><W22/><G81/><N who="0" m="49519" /><D47/><U113/><E113/><V127/><F35/><W69/><G69/><T119/><D119/><U28/><E0/><V92/><F127/><W11/><G78/><T105/><D105/><U67/><E1/><V117/><F117/><W10/><G13/><N who="0" m="9615" /><D77/><U31/><E135/><V72/><F72/><W42/><G42/><T130/><D130/><U102/><E102/><V60/><F121/><W107/><G107/><T104/><D104/><U9/><REACH who="1" step="1"/><E67/><REACH who="1" ten="250,240,250,250" step="2"/><V51/><F66/><N who="3" m="39239" /><G5/><T132/><D132/><U85/><E85/><V49/><F68/><W83/><G83/><T19/><D19/><U93/><E93/><N who="2" m="58831" /><F70/><W64/><AGARI ba="0,1" hai="8,10,11,20,21,22,24,26,58,63,64" m="39239" machi="64" ten="30,1100,0" yaku="8,1" doraHai="25" who="3" fromWho="3" sc="250,-5,240,-3,250,-3,250,21" /><INIT seed="1,0,0,1,1,34" ten="245,237,247,271" oya="1" hai0="122,44,79,40,58,5,35,68,32,10,89,133,47" hai1="74,1,97,50,45,78,27,101,123,11,99,13,55" hai2="67,134,105,48,6,119,77,29,36,63,57,94,62" hai3="7,102,96,116,56,19,103,91,41,39,2,75,128"/><U135/><E123/><V88/><F119/><W131/><G116/><T17/><D68/><U83/><E135/><V21/><F36/><W93/><G75/><T49/><D122/><U38/><E38/><V43/><F105/><W31/><G31/><T114/><D133/><U65/><E65/><V106/><F106/><W118/><G118/><T12/><D79/><U92/><E99/><V104/><F104/><W111/><G111/><T86/><D114/><U0/><REACH who="1" step="1"/><E27/><REACH who="1" ten="245,227,247,271" step="2"/><N who="2" m="16623" /><F134/><W59/><G39/><T108/><D108/><U80/><E80/><V81/><F67/><W110/><G110/><T15/><D35/><U71/><E71/><V112/><F112/><W126/><G96/><T70/><D32/><U87/><E87/><N who="2" m="48559" /><F6/><AGARI ba="0,1" hai="0,1,6,11,13,45,50,55,74,78,83,92,97,101" machi="6" ten="30,11600,0" yaku="1,1,7,1,52,2,53,0" doraHai="34" doraHaiUra="120" who="1" fromWho="2" sc="245,0,227,126,247,-116,271,0" /><INIT seed="1,1,0,2,0,44" ten="245,353,131,271" oya="1" hai0="86,62,121,89,105,19,42,127,20,55,65,82,33" hai1="34,60,52,54,110,31,99,23,73,6,61,47,11" hai2="80,57,64,18,126,70,130,29,68,120,26,132,90" hai3="38,116,2,4,76,103,59,39,95,128,36,129,94"/><U30/><E73/><V108/><F120/><W58/><G116/><T13/><D121/><U51/><E34/><V117/><F117/><W125/><G125/><T114/><D127/><U66/><E110/><V104/><F126/><W48/><G76/><T16/><D114/><U88/><E23/><V102/><F108/><W112/><G112/><T28/><D42/><U122/><E122/><V123/><F123/><W131/><G103/><T133/><D105/><U79/><E79/><V53/><F130/><W81/><G81/><T27/><D133/><U109/><E54/><V83/><F18/><W98/><G98/><T77/><D19/><U45/><E45/><V37/><F37/><W119/><G119/><T46/><D77/><U111/><E111/><V134/><F102/><W5/><G2/><T25/><D25/><U3/><E61/><V7/><F7/><N who="3" m="2635" /><G48/><N who="0" m="29079" /><D65/><U72/><E72/><V56/><F104/><W50/><G50/><T41/><D41/><U63/><E63/><V135/><F64/><W0/><G0/><T21/><D62/><U10/><E109/><V15/><F70/><W91/><G91/><T92/><D92/><AGARI ba="1,0" hai="36,38,39,58,59,92,94,95,128,129,131" m="2635" machi="92" ten="40,5200,0" yaku="28,2,19,1" doraHai="44" who="3" fromWho="0" sc="245,-55,353,0,131,0,271,55" /><INIT seed="2,0,0,4,0,41" ten="190,353,131,326" oya="2" hai0="107,30,121,123,10,75,112,88,44,132,60,87,125" hai1="68,55,38,91,86,63,119,118,64,7,29,17,93" hai2="110,25,48,20,76,92,51,26,69,134,78,57,103" hai3="0,58,43,113,66,5,102,16,67,108,4,97,46"/><V77/><F69/><W47/><G108/><T98/><D75/><U135/><E135/><V124/><F134/><W115/><G0/><T133/><D30/><U101/><E38/><V42/><F124/><W24/><G58/><T79/><D79/><U128/><E128/><V36/><F110/><W33/><G33/><T14/><D112/><N who="3" m="43081" /><G5/><T83/><D125/><U116/><E7/><V54/><F36/><N who="3" m="21863" /><G47/><T23/><D23/><U21/><E29/><V73/><F73/><W85/><G4/><T90/><D60/><U53/><REACH who="1" step="1"/><E101/><REACH who="1" ten="190,343,131,326" step="2"/><V31/><F26/><AGARI ba="0,1" hai="17,21,26,53,55,63,64,68,86,91,93,116,118,119" machi="26" ten="40,2600,0" yaku="1,1,2,1,53,0" doraHai="41" doraHaiUra="40" who="1" fromWho="2" sc="190,0,343,36,131,-26,326,0" /><INIT seed="3,0,0,1,1,24" ten="190,379,105,326" oya="3" hai0="49,78,31,44,15,106,111,95,124,6,34,55,125" hai1="40,90,8,81,113,39,104,0,99,18,116,41,86" hai2="23,22,83,35,135,134,74,112,118,127,105,80,36" hai3="42,121,85,58,4,97,67,68,66,73,47,11,5"/><W50/><G73/><T131/><D106/><U117/><E113/><V63/><F112/><W12/><G121/><T88/><D111/><U100/><E39/><V94/><F118/><W61/><G68/><T120/><D120/><U20/><E8/><V132/><F105/><W103/><G4/><T3/><D3/><U123/><E0/><V107/><F107/><W109/><G109/><T14/><D78/><U33/><E33/><V75/><F35/><W16/><G85/><N who="0" m="52623" /><D6/><U9/><E9/><V2/><F2/><W60/><G5/><T87/><D87/><U114/><E114/><V91/><F36/><W98/><REACH who="3" step="1"/><G103/><REACH who="3" ten="190,379,105,316" step="2"/><T89/><D131/><U38/><E123/><V48/><F75/><W133/><G133/><T72/><D72/><U130/><E130/><V82/><F74/><W119/><G119/><N who="1" m="45642" /><E38/><V26/><F127/><W71/><AGARI ba="0,1" hai="11,12,16,42,47,50,58,60,61,66,67,71,97,98" machi="71" ten="20,7800,0" yaku="1,1,0,1,7,1,54,1,53,0" doraHai="24" doraHaiUra="108" who="3" fromWho="3" sc="190,-26,379,-26,105,-26,316,88" owari="164,-23.6,353,15.3,79,-42.1,404,50.4" /></mjloggm>