<mjloggm ver="2.3"><GO type="225" lobby="0"/><UN n0="%E5%91%A8%E6%9D%B1" n1="%E7%99%BD%E5%80%89%E5%AF%9B%E4%B9%8B" n2="%E3%81%99%E3%81%84%E3%81%BE%E3%81%9B%E3%83%BC%E3%82%93" n3="%E3%83%A9%E3%82%A4%E3%83%B3%E3%81%AE%E8%99%8E" dan="17,16,18,16" rate="2156.58,2159.62,2221.48,2163.23" sx="M,M,M,M"/><TAIKYOKU oya="0"/><INIT seed="0,0,0,4,3,126" ten="250,250,250,250" oya="0" hai0="2,32,34,99,109,132,81,29,1,58,40,129,47" hai1="31,14,21,44,123,102,97,88,90,65,93,89,51" hai2="71,37,61,18,22,57,33,62,24,101,64,131,16" hai3="87,79,94,42,76,48,82,115,118,130,114,6,68"/><T75/><D58/><U74/><E123/><V128/><F37/><W45/><G118/><T80/><D132/><U63/><E74/><V39/><F39/><W49/><G68/><T100/><D109/><U86/><E14/><V67/><F33/><N who="0" m="12906" /><D29/><U91/><E21/><V30/><REACH who="2" step="1"/><F101/><REACH who="2" ten="250,250,240,250" step="2"/><W122/><G115/><T4/><D100/><U69/><E31/><V85/><F85/><W13/><G87/><T23/><D75/><U134/><E134/><V95/><F95/><W55/><G94/><T10/><D99/><U15/><E15/><V73/><F73/><W17/><G13/><T127/><D1/><U77/><E77/><V125/><F125/><W113/><G79/><T12/><D127/><U112/><E112/><V110/><F110/><W119/><G76/><T92/><D92/><U20/><E20/><V105/><F105/><W27/><G114/><T54/><D23/><U52/><REACH who="1" step="1"/><E90/><REACH who="1" ten="250,240,240,250" step="2"/><V38/><F38/><W104/><G113/><T72/><D72/><U25/><E25/><V8/><F8/><W106/><G27/><T116/><D12/><U19/><E19/><AGARI ba="0,2" hai="16,18,19,22,24,30,57,61,62,64,67,71,128,131" machi="19" ten="40,8000,1" yaku="1,1,52,2,54,1,53,0" doraHai="126" doraHaiUra="35" who="2" fromWho="1" sc="250,0,240,-80,240,100,250,0" /><INIT seed="1,0,0,5,1,117" ten="250,160,340,250" oya="1" hai0="20,78,62,85,133,96,131,114,41,49,52,54,113" hai1="39,43,1,121,33,56,23,77,127,116,12,87,64" hai2="18,92,5,47,21,128,4,82,32,125,105,55,99" hai3="86,58,44,42,0,132,50,95,120,101,61,94,123"/><U112/><E33/><V69/><F69/><W24/><G0/><T68/><D96/><U34/><E34/><V17/><F32/><W97/><G132/><T9/><D133/><U103/><E1/><V66/><F105/><W81/><G94/><T65/><D131/><U83/><E116/><V100/><F125/><W29/><G24/><T98/><D41/><U10/><E127/><V73/><F66/><W26/><G26/><T36/><D36/><U79/><E112/><V57/><F47/><W110/><G29/><T72/><D72/><U7/><E103/><V70/><F70/><W90/><REACH who="3" step="1"/><G110/><REACH who="3" ten="250,160,340,240" step="2"/><T45/><D114/><U84/><E121/><V38/><F92/><W108/><G108/><T37/><D113/><U63/><E23/><V6/><F21/><W16/><G16/><T35/><D20/><U102/><E102/><V119/><F18/><W2/><G2/><T22/><D22/><U11/><E11/><V93/><F17/><W28/><G28/><T30/><D9/><U135/><E135/><V67/><F119/><W76/><G76/><T15/><D30/><U118/><E118/><V48/><F93/><W134/><G134/><T14/><D35/><U115/><E115/><V126/><F100/><W104/><G104/><T129/><D78/><U91/><REACH who="1" step="1"/><E87/><REACH who="1" ten="250,150,340,240" step="2"/><V46/><F126/><W106/><G106/><T19/><D85/><U130/><E130/><V124/><F128/><W31/><G31/><T60/><D129/><U40/><E40/><V71/><F124/><W88/><G88/><T107/><D107/><U53/><E53/><AGARI ba="0,2" hai="42,44,50,53,58,61,81,86,90,95,97,101,120,123" machi="53" ten="30,7700,0" yaku="1,1,7,1,52,2,53,0" doraHai="117" doraHaiUra="3" who="3" fromWho="1" sc="250,0,150,-77,340,0,240,97" /><INIT seed="2,0,0,1,3,80" ten="250,73,340,337" oya="2" hai0="87,84,24,8,60,19,78,17,100,27,30,69,5" hai1="7,14,77,125,52,81,49,117,67,63,6,15,44" hai2="36,134,94,37,4,66,29,115,41,130,39,18,108" hai3="59,111,89,54,98,70,31,28,110,56,10,85,9"/><V38/><F115/><W118/><G70/><T88/><D100/><U116/><E125/><V16/><F130/><W48/><G98/><T79/><D69/><U34/><E34/><V112/><F112/><W109/><G118/><T127/><D60/><U0/><E117/><V101/><F134/><W26/><G59/><T96/><D127/><U75/><E116/><V12/><F29/><W132/><G132/><T92/><D79/><U106/><E106/><V99/><F108/><W102/><G102/><T104/><D104/><U121/><E121/><V33/><F33/><W86/><G31/><T1/><D78/><U13/><E0/><V23/><F66/><W126/><G126/><T11/><D27/><U135/><E135/><V22/><F4/><W90/><G90/><T119/><D119/><U93/><E93/><V62/><F62/><W42/><G42/><T25/><D25/><U51/><E51/><V103/><F101/><W133/><G133/><T131/><D131/><U74/><E74/><V97/><F97/><W20/><REACH who="3" step="1"/><G85/><REACH who="3" ten="250,73,340,327" step="2"/><T68/><D68/><U32/><REACH who="1" step="1"/><E32/><REACH who="1" ten="250,63,340,327" step="2"/><V65/><F39/><W128/><G128/><T129/><D129/><U57/><AGARI ba="0,2" hai="6,7,13,14,15,44,49,52,57,63,67,75,77,81" machi="57" ten="30,8000,1" yaku="1,1,2,1,0,1,54,1,53,1" doraHai="80" doraHaiUra="46" who="1" fromWho="1" sc="250,-20,63,100,340,-40,327,-20" /><INIT seed="3,0,0,0,0,30" ten="230,163,300,307" oya="3" hai0="3,25,94,102,95,100,129,114,86,126,59,39,29" hai1="104,19,23,132,135,55,15,36,118,22,68,70,77" hai2="57,26,35,45,109,48,63,42,65,10,53,27,14" hai3="87,88,113,13,111,4,115,12,6,121,90,56,40"/><W99/><G121/><T71/><D71/><U117/><E104/><V24/><F109/><W106/><G111/><T85/><D3/><U122/><E36/><V134/><F134/><N who="1" m="51241" /><E77/><V91/><F91/><W123/><G123/><T50/><D39/><U74/><E74/><V97/><F97/><W127/><G40/><T93/><D114/><U5/><E55/><V72/><F72/><W92/><G127/><T101/><D126/><U133/><N who="1" m="51249" /><U41/><DORA hai="20" /><E41/><V37/><F35/><W52/><G106/><T128/><D50/><U112/><E122/><V16/><F27/><W61/><G113/><T130/><REACH who="0" step="1"/><D59/><AGARI ba="0,0" hai="10,14,16,24,26,37,42,45,48,53,57,59,63,65" machi="59" ten="30,7700,0" yaku="7,1,52,2,54,1" doraHai="30,20" who="2" fromWho="0" sc="230,-77,163,0,300,77,307,0" owari="153,-34.7,163,-23.7,377,47.7,307,10.7" /></mjloggm>