<mjloggm ver="2.3"><GO type="225" lobby="0"/><UN n0="%E3%81%A6%E3%82%93%E3%81%8F%E3%81%86" n1="%70%68%65%6E%6F%6D%65" n2="%E6%9C%88%E5%B3%B6%E5%9F%BA" n3="%4E%6F%2E%30%30%30%31" dan="16,16,17,18" rate="2155.96,2161.69,2200.62,2232.97" sx="M,M,M,M"/><TAIKYOKU oya="0"/><INIT seed="0,0,0,0,4,11" ten="250,250,250,250" oya="0" hai0="70,44,29,65,63,118,88,49,21,91,112,53,78" hai1="128,46,80,8,61,51,106,75,116,25,60,7,93" hai2="103,126,67,62,57,117,123,9,124,85,18,107,59" hai3="72,105,32,14,34,119,3,31,35,24,120,58,28"/><T39/><D112/><U55/><E106/><V23/><F123/><W37/><G37/><T96/><D118/><U121/><E116/><V109/><F117/><W50/><G119/><T101/><D78/><U99/><E121/><V90/><F109/><W125/><G72/><T41/><D21/><U95/><E128/><V30/><F9/><W76/><G120/><T71/><D29/><U40/><E25/><V111/><F30/><W104/><G3/><T134/><D71/><U16/><E93/><V113/><F113/><W33/><G76/><T15/><D15/><N who="1" m="7271" /><E75/><V73/><F73/><W131/><G131/><T86/><D86/><U122/><E122/><V102/><F111/><W43/><G31/><T77/><D77/><U68/><E68/><V52/><F107/><W133/><G105/><T115/><D115/><U108/><E80/><N who="2" m="49447" /><F126/><W69/><G125/><T114/><D134/><U0/><E0/><V20/><F20/><W38/><G133/><T17/><D17/><U64/><E7/><V42/><F124/><W10/><G104/><N who="0" m="63527" /><D114/><U97/><E108/><V6/><F6/><N who="3" m="3415" /><G69/><T22/><D22/><U47/><E99/><V5/><F5/><W89/><G35/><T81/><D81/><U48/><E64/><V94/><F103/><AGARI ba="0,0" hai="40,46,47,48,51,55,60,61,95,97,103" m="7271" machi="103" ten="30,3900,0" yaku="8,1,52,1,54,1" doraHai="11" who="1" fromWho="2" sc="250,0,250,39,250,-39,250,0" /><INIT seed="1,0,0,4,1,29" ten="250,289,211,250" oya="1" hai0="101,27,30,19,73,23,82,118,14,62,6,109,79" hai1="131,68,67,10,86,61,127,116,119,128,81,94,97" hai2="41,42,16,77,52,49,83,9,112,47,45,1,110" hai3="43,26,87,32,126,72,90,7,89,17,96,120,129"/><U104/><E104/><V33/><F110/><W51/><G120/><T133/><D133/><U78/><E127/><V36/><F112/><W60/><G72/><T34/><D109/><U54/><E54/><V58/><F33/><W123/><G123/><T92/><D118/><U37/><E37/><V74/><F16/><W15/><G126/><T40/><D40/><U25/><E10/><V39/><F9/><N who="3" m="4543" /><G32/><T107/><D107/><U99/><E99/><V2/><AGARI ba="0,0" hai="1,2,36,39,41,42,45,47,49,52,58,74,77,83" machi="2" ten="30,4000,0" yaku="0,1,9,1,54,1" doraHai="29" who="2" fromWho="2" sc="250,-10,289,-20,211,40,250,-10" /><INIT seed="2,0,0,3,3,129" ten="240,269,251,240" oya="2" hai0="52,68,30,126,57,72,6,132,29,47,95,53,127" hai1="18,12,17,1,111,84,120,61,119,54,11,4,43" hai2="80,40,135,35,64,46,33,20,25,74,99,124,77" hai3="19,21,88,71,60,85,86,26,48,114,105,90,2"/><V28/><F124/><N who="0" m="47658" /><D68/><U128/><E119/><V37/><F135/><W89/><G114/><T5/><D72/><U58/><E128/><V121/><F121/><W134/><G105/><T82/><D82/><U130/><E130/><V42/><F64/><W66/><G2/><T7/><D95/><U56/><E120/><V41/><F99/><W45/><REACH who="3" step="1"/><G134/><REACH who="3" ten="240,269,251,230" step="2"/><T55/><D132/><U96/><E111/><V31/><F37/><W100/><G100/><T59/><D47/><U91/><E1/><V38/><F38/><W24/><G24/><T10/><D10/><U51/><E96/><V9/><F46/><W32/><G32/><T49/><D53/><AGARI ba="0,1" hai="19,21,26,45,48,53,60,66,71,85,86,88,89,90" machi="53" ten="40,5200,0" yaku="1,1,54,1,53,1" doraHai="129" doraHaiUra="13" who="3" fromWho="0" sc="240,-52,269,0,251,0,230,62" /><INIT seed="3,0,0,1,0,2" ten="188,269,251,292" oya="3" hai0="40,131,23,106,61,17,101,65,58,109,126,121,99" hai1="66,5,10,104,8,134,51,107,42,15,32,31,57" hai2="63,54,27,62,125,37,87,14,50,11,29,98,102" hai3="16,35,84,129,4,48,117,26,18,74,135,83,93"/><W88/><G117/><T105/><D109/><U28/><E134/><V52/><F37/><W22/><G135/><T116/><D116/><U91/><E104/><V111/><F111/><W12/><G129/><T113/><D121/><U108/><E107/><V55/><F125/><W44/><G35/><T89/><D126/><U13/><E108/><V128/><F128/><W118/><G118/><T9/><D131/><U81/><E32/><V56/><F87/><N who="3" m="52383" /><G4/><T76/><D113/><U110/><E110/><V3/><F3/><W119/><G74/><T0/><D40/><U59/><E81/><V64/><F63/><W82/><G84/><T86/><D76/><U34/><E91/><V1/><F1/><W85/><G85/><T70/><D70/><U78/><E78/><V60/><F60/><W47/><G47/><T96/><D106/><U94/><E94/><N who="2" m="58711" /><F27/><W79/><G79/><T20/><D99/><U112/><E34/><V53/><F29/><N who="1" m="11337" /><E112/><V90/><F90/><W19/><G119/><T7/><REACH who="0" step="1"/><D17/><REACH who="0" ten="178,269,251,292" step="2"/><N who="3" m="6761" /><G26/><T46/><D46/><U127/><E127/><V30/><F30/><W49/><G44/><T130/><D130/><U69/><E69/><V124/><F124/><W41/><G41/><T72/><D72/><U120/><E120/><V75/><F75/><W95/><G95/><AGARI ba="0,1" hai="0,7,9,20,23,58,61,65,86,89,95,96,101,105" machi="95" ten="30,3900,0" yaku="1,1,7,1,52,1,53,0" doraHai="2" doraHaiUra="122" who="0" fromWho="3" sc="178,49,269,0,251,0,292,-39" /><INIT seed="4,0,0,2,5,78" ten="227,269,251,253" oya="0" hai0="69,85,130,3,101,39,102,62,47,38,50,82,20" hai1="9,68,81,72,29,107,5,35,120,22,98,45,17" hai2="128,11,19,16,1,92,76,4,34,94,117,83,28" hai3="135,66,25,59,119,73,14,0,105,80,126,54,33"/><T27/><D3/><U96/><E68/><V131/><F117/><W115/><G119/><T63/><D130/><N who="2" m="49706" /><F28/><W129/><G0/><T116/><D116/><U40/><E120/><V121/><F34/><W103/><G115/><T122/><D122/><U90/><E29/><V123/><F123/><W36/><G36/><T84/><D38/><U24/><E35/><V111/><F111/><W125/><G66/><T53/><D85/><N who="1" m="50479" /><E107/><V49/><F49/><W99/><G129/><T93/><D39/><U30/><E72/><N who="2" m="43399" /><F121/><W132/><G33/><T43/><D43/><U57/><E30/><V18/><AGARI ba="0,0" hai="1,4,11,16,18,19,92,94" m="43399,49706" machi="18" ten="30,4000,0" yaku="19,1,52,1,54,1" doraHai="78" who="2" fromWho="2" sc="227,-20,269,-10,251,40,253,-10" /><INIT seed="5,0,0,5,5,91" ten="207,259,291,243" oya="1" hai0="116,11,119,2,75,52,33,89,96,135,34,114,27" hai1="83,123,90,127,14,15,92,53,23,42,71,115,46" hai2="56,63,61,45,22,104,69,12,86,41,48,98,120" hai3="88,28,84,118,82,13,16,19,106,65,9,67,95"/><U36/><E123/><V132/><F120/><W105/><G118/><T24/><D75/><U117/><E117/><V130/><F69/><W35/><G35/><T39/><D39/><U112/><E71/><V17/><F104/><W7/><G28/><T30/><D114/><N who="1" m="43563" /><E127/><V107/><F107/><W0/><G105/><T49/><D135/><U68/><E68/><V20/><F132/><W66/><G106/><T125/><D125/><U6/><E6/><V40/><F130/><W58/><G0/><T59/><D2/><U62/><E83/><V60/><F98/><N who="3" m="57703" /><G58/><T79/><D79/><AGARI ba="0,0" hai="7,9,13,16,19,65,66,67,79,82,84" m="57703" machi="79" ten="30,7700,0" yaku="8,1,52,1,54,2" doraHai="91" who="3" fromWho="0" sc="207,-77,259,0,291,0,243,77" owari="130,-37.0,259,-14.1,291,9.1,320,42.0" /></mjloggm>