<mjloggm ver="2.3"><GO type="225" lobby="0"/><UN n0="%E3%83%B4%E3%83%A0%EF%BC%99%E3%81%A6" n1="%E3%83%A9%E3%82%B9%E7%8E%87%EF%BC%93%E5%89%B2" n2="%EF%BC%AE%EF%BC%A1%EF%BC%AF%33%33%39" n3="%72%69%6F%75%63%68%61%6E" dan="17,17,16,16" rate="2142.17,2214.63,2234.95,2099.22" sx="M,F,M,M"/><TAIKYOKU oya="0"/><INIT seed="0,0,0,5,0,76" ten="250,250,250,250" oya="0" hai0="35,67,27,3,133,125,46,8,98,10,132,68,101" hai1="128,4,17,12,70,5,52,9,51,103,116,7,56" hai2="94,22,88,117,127,49,61,99,36,33,42,18,90" hai3="93,53,73,23,55,57,58,122,16,110,112,30,71"/><T6/><D125/><U130/><E70/><V118/><F33/><W129/><G112/><T78/><D46/><U41/><E41/><V134/><F36/><W83/><G71/><T62/><D78/><U29/><E29/><V11/><F11/><W79/><G110/><T25/><D10/><U111/><E116/><V89/><F127/><W50/><G129/><N who="1" m="49770" /><E103/><V19/><F19/><W0/><G0/><T80/><D80/><U44/><E44/><N who="2" m="25751" /><F61/><W48/><G30/><T123/><D123/><U37/><E37/><V2/><F2/><W82/><G122/><T40/><D40/><U72/><E72/><V96/><F94/><W65/><G83/><T66/><D66/><U120/><E120/><V84/><F84/><W100/><G65/><T75/><D75/><U86/><E86/><V102/><F102/><W104/><G104/><T105/><D27/><U115/><E115/><V47/><F47/><W45/><G45/><T20/><D20/><U1/><E1/><V124/><F124/><W85/><G100/><T64/><D67/><U109/><AGARI ba="0,0" hai="4,5,7,9,12,17,51,52,56,109,111" m="49770" machi="109" ten="40,2700,0" yaku="19,1,54,1" doraHai="76" who="1" fromWho="1" sc="250,-13,250,27,250,-7,250,-7" /><INIT seed="1,0,0,4,5,96" ten="237,277,243,243" oya="1" hai0="51,118,111,23,130,15,91,80,83,56,127,17,41" hai1="85,123,98,113,93,35,26,61,53,133,129,82,62" hai2="11,79,12,73,75,18,28,67,6,90,40,14,120" hai3="114,84,71,1,58,29,21,31,50,43,0,112,105"/><U115/><E123/><V27/><F120/><W37/><G71/><T64/><D118/><U126/><E129/><V81/><F67/><W3/><G105/><T48/><D130/><U16/><E133/><V135/><F135/><W92/><G37/><T9/><D111/><U109/><E109/><V54/><F40/><W52/><G43/><T66/><D127/><U103/><E126/><V110/><F110/><W86/><G21/><T55/><D80/><U24/><E35/><V32/><F90/><W69/><G69/><T42/><D42/><U121/><E121/><V116/><F116/><W44/><G44/><T68/><D68/><U30/><E30/><V132/><F132/><W101/><G86/><N who="0" m="50655" /><D23/><N who="1" m="13415" /><E115/><V107/><F107/><W122/><G122/><T13/><D15/><U88/><E113/><V89/><F89/><W125/><G125/><T60/><D60/><N who="1" m="23147" /><E53/><V2/><F54/><W57/><G114/><T34/><D34/><U10/><E10/><V117/><F117/><W87/><G112/><T70/><D70/><U36/><E36/><V45/><F14/><W108/><G108/><T124/><D124/><U65/><E26/><V25/><F27/><W104/><G104/><T8/><D9/><U131/><E131/><V4/><F75/><W76/><G29/><T119/><D119/><U22/><E22/><V63/><F32/><W100/><G31/><T33/><D33/><U20/><E20/><V97/><F28/><W46/><G0/><T7/><D64/><AGARI ba="0,0" hai="64,65,82,85,88,93,98,103" m="23147,13415" machi="64" ten="30,11600,0" yaku="8,1,52,1,54,2" doraHai="96" who="1" fromWho="0" sc="237,-116,277,116,243,0,243,0" /><INIT seed="1,1,0,3,0,83" ten="121,393,243,243" oya="1" hai0="99,131,119,20,71,52,32,28,16,31,67,29,132" hai1="90,102,72,50,25,14,104,22,43,113,35,13,34" hai2="126,18,55,115,110,111,122,84,58,62,105,63,60" hai3="123,103,79,89,128,33,100,37,41,82,24,117,59"/><U93/><E113/><V106/><F122/><W124/><G123/><T87/><D119/><U120/><E72/><V23/><F115/><W8/><G117/><T112/><D112/><U49/><E35/><V64/><F126/><W38/><G124/><T135/><D32/><U17/><E34/><V127/><F127/><W44/><G128/><T133/><D131/><U98/><E120/><V68/><F62/><W129/><G129/><T81/><D99/><U80/><E80/><V69/><F68/><W40/><G89/><N who="0" m="51439" /><D67/><U54/><E43/><V5/><F5/><W130/><G130/><T70/><D52/><U114/><E50/><V0/><F0/><W94/><G94/><T77/><D77/><U56/><E114/><V76/><F76/><W95/><G95/><T61/><D61/><U101/><E101/><V116/><F116/><W15/><G59/><T47/><D47/><U134/><E134/><N who="0" m="34305" /><T10/><DORA hai="97" /><D10/><U65/><REACH who="1" step="1"/><E65/><REACH who="1" ten="121,383,243,243" step="2"/><V118/><F118/><W125/><G125/><T85/><D85/><AGARI ba="1,1" hai="13,14,17,22,25,49,54,56,85,90,93,98,102,104" machi="85" ten="30,18000,2" yaku="1,1,2,1,7,1,52,2,53,2" doraHai="83,97" doraHaiUra="96,86" who="1" fromWho="0" sc="121,-183,383,193,243,0,243,0" owari="-62,-56.2,576,67.6,243,4.3,243,-15.7" /></mjloggm>