<mjloggm ver="2.3"><GO type="225" lobby="0"/><UN n0="%E3%83%81%E3%83%83%E3%82%BF%E3%82%BD%E3%83%BC" n1="%E3%81%BD%E3%81%A1%E3%81%9F%E3%81%93%E3%82%84" n2="%33%74%72%65%65" n3="%E7%B4%94%E6%BD%94%E3%83%94%E3%83%A9%E3%83%8B%E3%82%A2" dan="16,16,16,17" rate="2190.02,2181.87,2077.10,2179.08" sx="F,M,F,M"/><TAIKYOKU oya="0"/><INIT seed="0,0,0,5,4,39" ten="250,250,250,250" oya="0" hai0="99,104,29,127,83,7,31,47,117,122,66,115,95" hai1="21,36,46,6,101,107,119,16,59,2,65,25,28" hai2="11,74,98,14,34,42,13,15,3,93,12,96,61" hai3="78,111,113,53,18,63,1,92,55,103,77,80,116"/><T57/><D115/><U110/><E119/><V50/><F74/><W118/><G113/><T8/><D127/><U84/><E110/><V102/><F34/><W85/><G1/><T58/><D117/><U89/><E107/><V123/><F123/><W23/><G111/><T5/><D104/><U125/><E101/><V48/><F3/><W87/><G116/><T132/><D132/><U35/><E125/><V64/><F96/><W19/><G118/><T22/><D83/><U108/><E108/><V24/><F24/><W37/><G37/><T52/><D122/><U17/><E65/><V76/><F76/><W44/><G63/><N who="0" m="38255" /><D47/><U40/><E59/><N who="2" m="36927" /><F42/><W41/><G103/><N who="0" m="60927" /><D8/><U105/><E105/><V9/><F9/><W128/><G128/><T79/><D79/><U129/><E129/><V72/><F72/><W91/><G77/><T100/><D100/><U114/><E114/><V32/><F32/><W38/><REACH who="3" step="1"/><G18/><AGARI ba="0,0" hai="11,12,13,14,15,18,48,50,93,98,102" m="36927" machi="18" ten="30,1000,0" yaku="8,1" doraHai="39" who="2" fromWho="3" sc="250,0,250,0,250,10,250,-10" /><INIT seed="1,0,0,5,1,60" ten="250,250,260,240" oya="1" hai0="19,91,130,123,95,47,64,117,40,109,84,73,124" hai1="12,66,82,35,57,14,2,20,131,46,26,107,78" hai2="101,100,28,70,103,80,90,41,31,32,0,88,89" hai3="87,77,114,37,94,54,61,105,6,59,10,102,7"/><U24/><E2/><V120/><F120/><W121/><G121/><T126/><D109/><U132/><E107/><V108/><F108/><W39/><G114/><T38/><D117/><U29/><E131/><V98/><F0/><W27/><G105/><T86/><D130/><U71/><E71/><V1/><F1/><W15/><G6/><T104/><D104/><U81/><E46/><V30/><F32/><W129/><G129/><T18/><D73/><U34/><E82/><V113/><F113/><W8/><G8/><T49/><D123/><U63/><E132/><V75/><F70/><W52/><G27/><T118/><D118/><U115/><E115/><V127/><F127/><N who="0" m="48682" /><D84/><U67/><E67/><V135/><F135/><W119/><G119/><T25/><D64/><U128/><E128/><V76/><REACH who="2" step="1"/><F41/><REACH who="2" ten="250,250,250,240" step="2"/><W96/><REACH who="3" step="1"/><G54/><REACH who="3" ten="250,250,250,230" step="2"/><T56/><D25/><U21/><E35/><V42/><F42/><W16/><G16/><T22/><D22/><U23/><REACH who="1" step="1"/><E26/><REACH who="1" ten="250,240,250,230" step="2"/><V85/><F85/><AGARI ba="0,3" hai="12,14,20,21,23,24,29,34,57,63,66,78,81,85" machi="85" ten="40,7700,0" yaku="1,1,2,1,52,1,53,0" doraHai="60" doraHaiUra="51" who="1" fromWho="2" sc="250,0,240,107,250,-77,230,0" /><INIT seed="1,1,0,1,1,55" ten="250,347,173,230" oya="1" hai0="75,53,5,123,43,115,72,0,78,6,86,62,74" hai1="4,135,61,73,89,127,70,126,92,90,46,13,11" hai2="49,130,14,39,34,9,113,122,93,98,97,58,27" hai3="64,77,108,120,110,104,91,111,82,129,3,36,124"/><U2/><E73/><V57/><F122/><W20/><G120/><T33/><D123/><U12/><E135/><V121/><F121/><W67/><G3/><T80/><D115/><U35/><E35/><V23/><F39/><W103/><G36/><T128/><D128/><U22/><E46/><V99/><F34/><W84/><G129/><T18/><D33/><U114/><E114/><V59/><F113/><W45/><G45/><T134/><D134/><U16/><E2/><V117/><F117/><W66/><G124/><N who="1" m="47658" /><E92/><V125/><F125/><W68/><G20/><T28/><D28/><U96/><E96/><V85/><F130/><W83/><G103/><T17/><D43/><U26/><E26/><V102/><F49/><W100/><G100/><T25/><D0/><U131/><E131/><V7/><F85/><W60/><REACH who="3" step="1"/><G104/><REACH who="3" ten="250,347,173,220" step="2"/><T119/><D119/><U32/><E32/><V48/><REACH who="2" step="1"/><F48/><REACH who="2" ten="250,347,163,220" step="2"/><W41/><G41/><T50/><D50/><U94/><E61/><V47/><F47/><W106/><G106/><T21/><D62/><U44/><E44/><V112/><F112/><W133/><G133/><T8/><D53/><U29/><E22/><V118/><F118/><W42/><G42/><T109/><D72/><AGARI ba="1,2" hai="60,64,66,67,68,72,77,82,83,84,91,108,110,111" machi="72" ten="40,5200,0" yaku="1,1,14,1,53,1" doraHai="55" doraHaiUra="107" who="3" fromWho="0" sc="250,-55,347,0,163,0,220,75" /><INIT seed="2,0,0,4,1,65" ten="195,347,163,295" oya="2" hai0="13,126,101,97,28,7,89,11,17,103,25,117,16" hai1="134,83,133,63,102,6,15,109,135,108,46,131,59" hai2="68,105,71,1,121,22,12,82,112,27,61,41,32" hai3="85,87,55,37,31,111,29,113,90,92,2,93,114"/><V91/><F112/><N who="3" m="43115" /><G111/><N who="1" m="42570" /><E131/><V44/><F121/><W130/><G130/><T86/><D126/><U80/><E102/><V58/><F1/><W129/><G129/><T33/><D117/><U38/><E6/><V116/><F116/><W128/><G128/><T106/><REACH who="0" step="1"/><D101/><REACH who="0" ten="185,347,163,295" step="2"/><U50/><E134/><V48/><F105/><W21/><G2/><T123/><D123/><U120/><E120/><V52/><F32/><W24/><G37/><T8/><D8/><U132/><E38/><V75/><F12/><W18/><G55/><T54/><D54/><N who="1" m="34295" /><E15/><V119/><F119/><W53/><G53/><AGARI ba="0,1" hai="46,50,53,80,83,132,133,135" m="34295,42570" machi="53" ten="40,2600,0" yaku="20,1,14,1" doraHai="65" who="1" fromWho="3" sc="185,0,347,36,163,0,295,-26" /><INIT seed="3,0,0,2,2,132" ten="185,383,163,269" oya="3" hai0="70,121,44,69,17,115,119,134,63,55,129,92,94" hai1="51,36,24,114,77,9,73,98,13,42,80,66,82" hai2="86,45,38,85,59,96,28,58,18,101,120,6,99" hai3="32,91,78,52,106,56,83,107,19,1,14,20,10"/><W27/><G91/><T8/><D119/><U0/><E51/><V124/><F120/><W33/><G33/><T15/><D121/><U103/><E82/><V4/><F28/><W135/><G135/><T133/><D134/><U123/><E24/><V23/><F38/><W11/><G11/><T34/><D34/><U25/><E25/><V109/><F109/><W22/><G22/><T81/><D133/><U130/><E66/><V75/><F75/><W21/><G21/><T100/><D129/><U105/><E13/><V41/><F124/><W72/><G1/><T76/><D115/><U31/><E31/><V47/><F23/><W74/><G74/><T90/><D100/><U110/><E110/><V112/><F112/><W40/><G32/><T64/><D70/><U2/><E2/><V102/><F41/><W61/><REACH who="3" step="1"/><G40/><REACH who="3" ten="185,383,163,259" step="2"/><T128/><D128/><U79/><E42/><V108/><F108/><W5/><AGARI ba="0,1" hai="5,10,14,19,20,27,52,56,61,72,78,83,106,107" machi="5" ten="20,12000,1" yaku="1,1,2,1,0,1,7,1,54,1,53,0" doraHai="132" doraHaiUra="29" who="3" fromWho="3" sc="185,-40,383,-40,163,-40,259,130" owari="145,-25.5,343,14.3,123,-37.7,389,48.9" /></mjloggm>