<mjloggm ver="2.3"><GO type="225" lobby="0"/><UN n0="%E4%BC%8A%E9%81%94%E6%9C%B1%E9%87%8C%E7%B4%97" n1="%E3%81%94%E3%81%BE%E6%B2%B9%E9%A3%B2%E3%81%BF%E5%A4%AA%E9%83%8E" n2="%E3%81%A4%E3%81%A3%E3%81%B1%E3%82%8A%E3%83%9D%E3%83%BC%E3%83%AB" n3="%E3%81%8B%E3%82%8F%E3%81%A1%E3%82%83%E3%82%93%35%38" dan="16,16,17,16" rate="2116.09,2090.28,2155.50,2122.06" sx="F,M,M,M"/><TAIKYOKU oya="0"/><INIT seed="0,0,0,5,5,26" ten="250,250,250,250" oya="0" hai0="129,47,60,67,71,76,102,18,15,43,81,68,107" hai1="80,74,14,82,20,27,131,23,56,115,84,122,85" hai2="39,42,83,53,5,55,132,63,4,105,66,100,87" hai3="32,125,124,96,126,65,59,48,79,112,114,113,13"/><T73/><D129/><U77/><E122/><V108/><F108/><W91/><G32/><T25/><D25/><U89/><E131/><V134/><F100/><W101/><G13/><T58/><D102/><U2/><E2/><V9/><F105/><W90/><G48/><T38/><REACH who="0" step="1"/><D107/><REACH who="0" ten="240,250,250,250" step="2"/><U62/><E115/><V119/><F134/><W33/><G33/><T130/><D130/><U3/><E3/><V36/><F132/><W1/><G1/><T44/><D44/><U0/><E0/><V34/><F34/><W99/><G101/><T46/><D46/><U41/><E14/><V94/><F119/><W52/><G113/><T22/><AGARI ba="0,1" hai="15,18,22,38,43,47,58,60,67,68,71,73,76,81" machi="22" ten="20,3900,0" yaku="1,1,0,1,7,1,53,0" doraHai="26" doraHaiUra="97" who="0" fromWho="0" sc="240,49,250,-13,250,-13,250,-13" /><INIT seed="0,1,0,1,2,43" ten="289,237,237,237" oya="0" hai0="130,11,4,38,98,103,115,105,39,67,69,10,65" hai1="34,12,36,114,122,81,52,45,17,75,132,59,108" hai2="89,7,33,14,13,116,93,106,129,48,71,125,63" hai3="126,27,47,1,134,131,77,28,60,70,99,79,101"/><T107/><D115/><U92/><E122/><V5/><F106/><W61/><G1/><T120/><D120/><U53/><E108/><V73/><F73/><W104/><G131/><T37/><D130/><U31/><E132/><V19/><F33/><N who="3" m="20639" /><G134/><T26/><D26/><U44/><E92/><V55/><F129/><W42/><G61/><T83/><D83/><U91/><E36/><V41/><F116/><W54/><G54/><T46/><D107/><U62/><E53/><V110/><F110/><W50/><G126/><T94/><D94/><U135/><E135/><V86/><F125/><W78/><G78/><T96/><D96/><U32/><E114/><V20/><F14/><W51/><G51/><T118/><D118/><U109/><E109/><V85/><F85/><W124/><G124/><T22/><D22/><U82/><E82/><V15/><F15/><W25/><G25/><T80/><D11/><U57/><E31/><V133/><F133/><W64/><AGARI ba="1,0" hai="42,47,50,60,64,70,77,79,99,101,104" m="20639" machi="64" ten="30,2000,0" yaku="25,1,52,1" doraHai="43" who="3" fromWho="3" sc="289,-11,237,-6,237,-6,237,23" /><INIT seed="1,0,0,0,2,78" ten="278,231,231,260" oya="1" hai0="94,40,124,63,90,85,73,44,8,33,57,125,108" hai1="67,17,74,62,45,1,110,65,86,31,135,27,97" hai2="113,133,70,25,109,4,49,134,47,83,121,81,96" hai3="18,34,35,15,59,29,42,39,126,69,26,54,88"/><U111/><E74/><V102/><F121/><W60/><G126/><N who="0" m="48747" /><D108/><N who="1" m="41515" /><E1/><V119/><F119/><W11/><G69/><T19/><D73/><U2/><E2/><V30/><F4/><W10/><G42/><T75/><D75/><U130/><E130/><V76/><F70/><W87/><G39/><N who="0" m="21535" /><D33/><N who="1" m="20735" /><E62/><V5/><F5/><W12/><G34/><T103/><D103/><U122/><E122/><V16/><F76/><W3/><G3/><T0/><D0/><U24/><E135/><N who="2" m="51723" /><F113/><W131/><G131/><T98/><D8/><U123/><E45/><V91/><F91/><W89/><REACH who="3" step="1"/><G87/><REACH who="3" ten="278,231,231,250" step="2"/><T107/><D85/><U48/><E86/><V71/><F71/><W6/><AGARI ba="0,1" hai="6,10,11,12,15,18,26,29,35,54,59,60,88,89" machi="6" ten="20,8000,1" yaku="1,1,2,1,0,1,7,1,54,1,53,0" doraHai="78" doraHaiUra="72" who="3" fromWho="3" sc="278,-20,231,-40,231,-20,250,90" /><INIT seed="2,0,0,3,1,66" ten="258,191,211,340" oya="2" hai0="76,115,85,7,93,30,58,40,72,107,113,94,88" hai1="130,103,15,10,0,13,67,132,109,5,64,97,34" hai2="96,102,78,74,120,61,124,91,100,9,62,111,55" hai3="45,28,131,1,46,35,37,32,108,26,70,50,21"/><V133/><F120/><W48/><G37/><T79/><D7/><U105/><E109/><V128/><F111/><W39/><G39/><T116/><D40/><U43/><E130/><V18/><F128/><W19/><G1/><T127/><D30/><U44/><E34/><V11/><F78/><N who="0" m="29738" /><D58/><U81/><E81/><V134/><F74/><W16/><G16/><T110/><D72/><U129/><E132/><N who="2" m="50795" /><F124/><W36/><G26/><T68/><D68/><U123/><E123/><V59/><F62/><W29/><G21/><T119/><D107/><U71/><E129/><V53/><F53/><W73/><G48/><T90/><D110/><U63/><REACH who="1" step="1"/><E67/><REACH who="1" ten="258,181,211,340" step="2"/><V54/><F54/><W104/><G32/><T51/><D127/><U82/><E82/><V65/><F65/><W125/><G35/><T42/><D115/><U27/><E27/><V69/><F69/><W41/><G70/><T2/><D113/><U20/><E20/><V3/><F11/><W121/><G125/><T25/><D25/><U99/><E99/><V60/><F60/><W118/><G108/><T47/><D119/><U12/><E12/><N who="2" m="7439" /><F3/><W56/><G118/><T77/><D2/><U117/><E117/><V57/><F57/><W14/><G56/><T84/><D116/><U112/><E112/><V83/><F83/><W33/><G131/><T126/><D126/><U23/><E23/><V8/><F8/><W4/><G33/><T89/><D77/><U122/><E122/><V101/><F96/><W6/><G121/><T24/><D24/><U86/><E86/><AGARI ba="0,1" hai="42,47,51,84,85,86,88,89,90,93,94" m="29738" machi="86" ten="30,2000,0" yaku="8,1,54,1" doraHai="66" who="0" fromWho="1" sc="258,30,181,-20,211,0,340,0" /><INIT seed="3,0,0,0,4,77" ten="288,161,211,340" oya="3" hai0="71,75,99,53,26,72,21,109,64,22,86,102,35" hai1="11,30,96,12,2,126,48,40,110,34,18,58,81" hai2="104,83,5,84,61,50,27,0,33,100,52,32,82" hai3="97,43,113,93,121,10,107,66,13,78,6,92,17"/><W67/><G107/><T65/><D109/><U134/><E110/><V70/><F0/><W98/><G78/><T123/><D123/><U54/><E126/><V101/><F5/><W19/><G43/><T62/><D64/><N who="3" m="24617" /><G113/><T45/><D21/><U130/><E130/><V20/><F70/><W74/><G74/><T16/><D35/><U42/><E134/><V79/><F61/><W24/><G24/><T122/><D122/><U106/><E2/><V51/><F104/><W105/><G105/><T128/><D128/><U111/><E111/><V1/><F1/><W132/><G132/><T131/><D131/><U55/><E55/><V73/><F51/><W9/><G9/><T119/><D119/><U88/><E106/><V14/><F14/><W46/><G46/><T59/><D86/><U29/><E34/><V135/><F135/><W115/><G115/><T60/><D45/><U63/><E96/><V8/><F8/><W127/><G127/><T80/><D80/><U91/><E91/><V120/><F120/><W44/><G44/><T87/><D87/><N who="1" m="50287" /><E63/><V118/><F33/><W108/><G108/><T56/><D71/><U57/><E57/><V47/><F32/><W15/><G98/><T4/><D99/><U103/><E103/><V117/><F117/><W38/><G97/><T85/><D102/><U69/><E69/><V112/><F112/><W36/><G121/><T95/><D75/><U76/><E76/><V25/><F118/><W49/><G38/><T68/><D72/><U23/><E11/><V133/><F133/><W28/><G10/><T37/><D68/><RYUUKYOKU ba="0,0" sc="288,-10,161,30,211,-10,340,-10" hai1="12,18,23,29,30,40,42,48,54,58" owari="278,7.8,191,-30.9,201,-19.9,330,43.0" /></mjloggm>