<mjloggm ver="2.3"><GO type="225" lobby="0"/><UN n0="%E6%A1%9C%E8%8A%B1%E9%96%83%E3%80%85" n1="%E6%81%A5%E6%99%92%E3%81%97" n2="%E3%82%A4%E3%83%BC%E3%82%B1%E3%83%97%E3%83%A9" n3="%6C%61%6D%62" dan="16,16,17,16" rate="2200.32,2063.56,2184.87,2250.34" sx="M,M,M,M"/><TAIKYOKU oya="0"/><INIT seed="0,0,0,0,4,56" ten="250,250,250,250" oya="0" hai0="118,39,133,42,75,90,40,111,103,36,23,51,33" hai1="45,48,41,27,32,121,16,76,123,3,131,77,25" hai2="64,13,125,101,105,73,113,10,119,108,83,15,78" hai3="92,81,127,91,0,65,52,53,107,63,89,11,114"/><T58/><D33/><U110/><E3/><V61/><F113/><W115/><G107/><T34/><D34/><U59/><E110/><V18/><F108/><W37/><G37/><N who="0" m="14411" /><D90/><U99/><E131/><V28/><F125/><W79/><G127/><T93/><D23/><N who="1" m="13543" /><E32/><V132/><F132/><W82/><G0/><T120/><D93/><U126/><E126/><V49/><F119/><W47/><G11/><T29/><D103/><U60/><E121/><V30/><F49/><W50/><G53/><N who="0" m="32063" /><D29/><U67/><E123/><V21/><F101/><W130/><G130/><T88/><D75/><U134/><E134/><V4/><REACH who="2" step="1"/><F105/><REACH who="2" ten="250,250,240,250" step="2"/><W87/><G114/><T2/><D118/><U135/><E135/><V6/><F6/><W116/><G115/><T96/><D133/><U74/><E74/><V44/><F44/><W129/><G129/><T84/><D120/><U31/><E99/><V97/><F97/><W94/><G116/><T5/><D96/><U124/><E124/><V19/><F19/><W109/><G109/><T71/><D111/><U24/><E31/><V100/><F100/><W86/><REACH who="3" step="1"/><G79/><AGARI ba="0,1" hai="24,27,41,45,48,59,60,67,76,77,79" m="13543" machi="79" ten="30,3900,0" yaku="8,1,52,1,54,1" doraHai="56" who="1" fromWho="3" sc="250,0,250,49,240,0,250,-39" /><INIT seed="1,0,0,2,4,51" ten="250,299,240,211" oya="1" hai0="28,20,55,108,91,29,57,62,59,7,37,66,0" hai1="18,17,21,65,132,73,121,106,42,102,126,69,131" hai2="103,14,94,22,88,77,30,95,27,81,96,19,93" hai3="116,113,1,87,135,56,50,75,111,125,26,10,99"/><U74/><E121/><V80/><F77/><W97/><G75/><T3/><D37/><U4/><E4/><V86/><REACH who="2" step="1"/><F81/><REACH who="2" ten="250,299,230,211" step="2"/><W13/><G113/><T134/><D0/><U12/><E74/><V68/><F68/><W128/><G1/><T90/><D3/><U11/><E73/><V64/><F64/><W72/><G72/><T120/><D66/><U114/><E65/><V98/><F98/><W34/><G99/><T104/><D120/><U23/><E69/><V118/><F118/><W115/><G97/><T16/><D90/><U133/><E114/><V48/><F48/><W60/><G115/><T76/><D91/><U54/><E102/><V79/><F79/><W32/><G116/><T78/><D76/><U84/><E84/><V124/><F124/><W36/><G125/><T107/><D78/><U112/><E126/><V89/><F89/><W44/><G50/><T110/><D62/><U130/><E112/><V24/><F24/><W85/><G60/><T58/><D110/><U40/><E131/><V43/><F43/><W49/><G111/><T46/><D108/><U8/><E130/><V53/><F53/><W83/><G128/><T67/><D55/><U39/><E39/><V123/><F123/><W47/><G36/><T71/><D67/><U129/><E129/><V117/><F117/><W25/><G83/><T6/><D71/><U45/><E54/><V63/><F63/><W122/><G122/><T15/><D15/><U31/><E12/><V101/><F101/><W119/><G13/><T70/><D70/><U127/><E127/><V52/><F52/><RYUUKYOKU ba="0,1" sc="250,-10,299,-10,230,30,211,-10" hai2="14,19,22,27,30,80,86,88,93,94,95,96,103" /><INIT seed="2,1,1,3,1,30" ten="240,289,260,201" oya="2" hai0="134,77,5,75,129,19,112,106,82,50,108,120,115" hai1="72,83,17,37,3,57,32,84,45,79,21,40,43" hai2="55,34,36,64,131,87,41,15,71,92,56,35,117" hai3="116,104,135,29,62,12,96,2,59,10,13,42,60"/><V0/><F117/><W7/><G116/><T25/><D120/><U44/><E3/><V47/><F0/><W122/><G122/><T16/><D106/><U8/><E57/><V98/><F131/><W73/><G73/><T127/><D129/><U103/><E103/><V86/><F15/><W80/><G135/><T68/><D68/><U69/><E69/><V123/><F123/><W133/><G133/><T76/><D134/><U99/><E99/><V38/><F38/><W124/><G124/><T89/><D127/><U88/><E8/><V58/><F58/><W61/><G42/><T53/><D5/><U46/><E32/><N who="2" m="12331" /><F92/><W63/><G29/><T74/><D89/><U9/><E9/><V51/><F98/><W22/><G80/><N who="0" m="45079" /><D25/><U14/><E43/><V121/><F121/><W66/><REACH who="3" step="1"/><G22/><REACH who="3" ten="240,289,260,191" step="2"/><T70/><D75/><U39/><E37/><V113/><F113/><W54/><G54/><T1/><D115/><U109/><E40/><V49/><F49/><W33/><G33/><T67/><D112/><U52/><E39/><V132/><F132/><W6/><G6/><T102/><D53/><U27/><E52/><V91/><F91/><W18/><G18/><T130/><D16/><U31/><E72/><V110/><F110/><W107/><G107/><T125/><D19/><U128/><E109/><V24/><F24/><W100/><AGARI ba="1,2" hai="2,7,10,12,13,59,60,61,62,63,66,96,100,104" machi="100" ten="30,2000,0" yaku="1,1,0,1,53,0" doraHai="30" doraHaiUra="28" who="3" fromWho="3" sc="240,-6,289,-6,260,-11,191,43" /><INIT seed="3,0,0,4,0,94" ten="234,283,249,234" oya="3" hai0="7,19,81,86,13,109,62,22,100,117,67,60,124" hai1="82,96,55,21,54,18,110,8,58,89,10,78,17" hai2="129,64,87,31,104,69,2,49,134,120,97,53,80" hai3="44,41,99,70,102,127,133,125,68,16,27,40,121"/><W84/><G121/><T85/><D117/><U103/><E110/><V76/><F2/><W131/><G131/><T20/><D109/><U113/><E113/><V74/><F129/><W34/><G133/><T106/><D124/><N who="3" m="47689" /><G84/><T42/><D42/><N who="3" m="16489" /><G44/><T79/><D7/><U93/><E103/><V92/><F134/><W12/><G27/><T26/><D85/><N who="1" m="48343" /><E18/><V50/><F120/><W3/><G3/><T6/><D67/><U132/><E132/><V23/><F74/><W63/><G63/><T115/><D115/><U114/><E114/><V73/><F73/><W126/><N who="3" m="47697" /><W111/><DORA hai="116" /><G34/><T59/><D59/><U56/><E58/><V37/><F37/><W33/><G33/><T30/><REACH who="0" step="1"/><D6/><REACH who="0" ten="224,283,249,234" step="2"/><U25/><E56/><V75/><F75/><W35/><G111/><T5/><D5/><U83/><E83/><V105/><F64/><W11/><G35/><T43/><D43/><U101/><E55/><V28/><F69/><W118/><G118/><T14/><D14/><U123/><E54/><V48/><F53/><W128/><G128/><T112/><D112/><U71/><E71/><V45/><F45/><W38/><G38/><T4/><D4/><U29/><E123/><V36/><F36/><W0/><G0/><T51/><D51/><U107/><E10/><V130/><F130/><W32/><G32/><T39/><D39/><U52/><E52/><V88/><REACH who="2" step="1"/><F23/><REACH who="2" ten="224,283,239,234" step="2"/><W46/><G46/><T122/><D122/><U9/><E21/><V61/><F61/><W1/><G1/><T57/><D57/><U119/><E119/><V72/><F72/><RYUUKYOKU ba="0,2" sc="224,10,283,-30,239,10,234,10" hai0="13,19,20,22,26,30,60,62,79,81,86,100,106" hai2="28,31,48,49,50,76,80,87,88,92,97,104,105" hai3="11,12,16,68,70,99,102" /><INIT seed="3,1,2,0,4,110" ten="234,253,249,244" oya="3" hai0="68,25,100,121,21,0,61,87,41,43,115,8,23" hai1="123,120,89,77,3,70,129,119,93,99,53,47,86" hai2="95,22,109,38,46,20,74,33,66,1,127,103,19" hai3="56,13,92,76,34,44,82,131,108,111,32,11,98"/><W5/><G56/><T12/><D121/><U15/><E3/><V81/><F33/><W60/><G60/><T35/><D0/><U52/><E70/><V83/><F109/><N who="3" m="42059" /><G131/><T104/><D87/><U24/><E129/><V65/><F1/><W96/><G44/><T75/><D75/><U84/><E119/><V128/><F128/><W26/><G26/><T48/><D115/><U40/><E15/><V14/><F127/><W49/><G49/><T27/><D104/><U2/><E2/><V51/><F38/><W67/><G67/><N who="2" m="25609" /><F74/><N who="3" m="43287" /><G98/><T130/><D130/><U59/><E120/><V31/><F31/><W114/><G114/><T122/><D35/><U91/><E40/><N who="0" m="15433" /><D68/><U55/><E123/><V29/><F51/><W63/><G63/><T80/><D61/><N who="1" m="36071" /><E47/><V126/><F46/><W73/><G73/><T133/><D122/><U57/><E57/><V97/><F126/><W58/><G58/><T69/><D48/><U116/><E116/><V135/><F135/><W4/><G4/><N who="0" m="3079" /><D133/><U79/><E53/><V101/><F101/><AGARI ba="1,2" hai="5,11,13,32,34,92,96,101" m="43287,42059" machi="101" ten="30,2900,0" yaku="14,1,10,1" doraHai="110" who="3" fromWho="2" sc="234,0,253,0,249,-32,244,52" /><INIT seed="3,2,0,1,0,22" ten="234,253,217,296" oya="3" hai0="56,127,0,48,50,25,32,75,81,4,69,119,21" hai1="35,1,113,61,92,89,58,111,38,130,91,106,77" hai2="82,99,94,121,41,88,9,64,109,120,129,97,67" hai3="134,14,36,73,62,115,72,11,55,102,60,28,114"/><W123/><G123/><N who="2" m="47177" /><F109/><W83/><G36/><T33/><D69/><U124/><E113/><V132/><F132/><W59/><G134/><T107/><D107/><U29/><E111/><V13/><F129/><W66/><G102/><T6/><D119/><U30/><E1/><V24/><F41/><W135/><G135/><T5/><D0/><U98/><E106/><V3/><F3/><W20/><G20/><T84/><D75/><U117/><E117/><V51/><F51/><W108/><G28/><N who="0" m="17455" /><D32/><U18/><E35/><V27/><F82/><W104/><G104/><T122/><D33/><U118/><E38/><V57/><F99/><W17/><G108/><T68/><D68/><U110/><E110/><V54/><F54/><W100/><G100/><T78/><D122/><U101/><E130/><V2/><F2/><W31/><G72/><T12/><D127/><U85/><E118/><V45/><F45/><W131/><G131/><T74/><D74/><U34/><E34/><V103/><F103/><W15/><G73/><T49/><D56/><U65/><E124/><V126/><F126/><W40/><G114/><T7/><D7/><U96/><E101/><V16/><F57/><W95/><G59/><T93/><D93/><N who="1" m="54447" /><E98/><V63/><F63/><W71/><G62/><T90/><D90/><U105/><E77/><V76/><F76/><W128/><G115/><T23/><D49/><U70/><E70/><V86/><F97/><W37/><G128/><T53/><D53/><U112/><E112/><V43/><F43/><W44/><G71/><T116/><D116/><U80/><E61/><RYUUKYOKU ba="2,0" sc="234,15,253,-15,217,15,296,-15" hai0="4,5,6,12,23,48,50,78,81,84" hai2="9,13,16,24,27,64,67,86,88,94" /><INIT seed="4,3,0,0,0,41" ten="249,238,232,281" oya="0" hai0="77,46,49,83,116,20,101,121,115,62,22,5,99" hai1="69,11,45,111,104,93,88,54,68,7,85,108,56" hai2="81,52,110,28,38,127,118,91,95,18,79,84,74" hai3="112,19,3,113,15,124,44,1,117,102,123,76,36"/><T12/><D116/><U78/><E104/><V26/><F110/><N who="1" m="42025" /><E69/><V33/><F38/><W63/><G117/><T8/><D115/><N who="3" m="44105" /><G124/><T27/><D62/><U94/><E68/><V42/><F118/><W23/><G123/><T14/><D14/><U75/><E75/><V55/><F127/><W70/><G76/><T120/><D20/><U125/><E125/><V35/><F35/><W86/><G86/><T126/><D126/><U128/><E78/><V48/><REACH who="2" step="1"/><F18/><REACH who="2" ten="249,238,222,281" step="2"/><W129/><G36/><T133/><D133/><U31/><E31/><V29/><F29/><W92/><G19/><T131/><D131/><U119/><E128/><V71/><F71/><W65/><G70/><T57/><D57/><U43/><E56/><V61/><F61/><W51/><G129/><T106/><D49/><U47/><E119/><V13/><F13/><W24/><G15/><T9/><D9/><U130/><E130/><V109/><F109/><W135/><G63/><T98/><D46/><AGARI ba="3,1" hai="26,28,33,42,46,48,52,55,74,79,81,84,91,95" machi="46" ten="40,5200,0" yaku="1,1,52,1,54,1,53,0" doraHai="41" doraHaiUra="53" who="2" fromWho="0" sc="249,-61,238,0,222,71,281,0" /><INIT seed="5,0,0,5,1,8" ten="188,238,293,281" oya="1" hai0="125,12,26,46,112,28,19,119,68,5,123,82,4" hai1="54,80,91,65,14,99,53,83,111,115,114,45,33" hai2="36,2,103,35,22,37,89,105,55,88,116,133,0" hai3="50,78,29,39,109,107,72,128,92,52,75,34,15"/><U62/><E33/><V41/><F116/><W48/><G109/><T61/><D119/><U74/><E111/><V17/><F35/><W129/><G107/><T59/><D68/><U27/><E27/><V64/><F133/><W1/><G1/><T94/><D112/><N who="1" m="43051" /><E74/><V43/><F64/><W3/><G3/><T108/><D108/><U23/><E99/><V31/><F31/><W95/><G39/><T40/><D125/><U57/><E45/><V24/><F105/><W58/><G15/><T11/><D82/><N who="1" m="31275" /><E91/><V101/><F24/><W132/><G29/><T79/><D94/><N who="3" m="35881" /><G34/><T118/><D79/><U47/><E47/><V90/><F90/><W7/><G78/><T13/><D118/><U110/><E110/><V71/><F71/><W42/><G132/><T60/><D123/><U127/><E127/><V10/><F10/><W32/><G32/><T85/><D85/><U77/><E77/><V87/><F87/><W6/><G75/><T120/><D120/><U97/><E97/><V121/><F121/><W16/><G72/><T81/><D81/><U66/><E65/><V30/><F30/><W73/><G73/><T131/><D28/><U124/><E124/><V20/><F55/><W70/><G52/><N who="1" m="20074" /><E23/><V38/><F38/><W102/><G102/><T63/><D46/><U130/><E130/><V134/><F134/><W44/><G128/><T49/><D131/><U86/><E86/><V25/><REACH who="2" step="1"/><F25/><REACH who="2" ten="188,238,283,281" step="2"/><W93/><G129/><T96/><D26/><U117/><E117/><V69/><F69/><W56/><G70/><T98/><D98/><U21/><E21/><RYUUKYOKU ba="0,1" sc="188,-15,238,15,283,15,281,-15" hai1="14,57,62,66" hai2="0,2,17,20,22,36,37,41,43,88,89,101,103" /><INIT seed="5,1,1,3,1,19" ten="173,253,298,266" oya="1" hai0="106,61,46,112,133,89,17,69,91,40,81,93,57" hai1="116,104,8,60,134,29,129,80,10,63,65,12,32" hai2="13,25,95,0,90,72,77,43,94,76,85,123,110" hai3="96,115,97,48,78,98,132,35,42,9,79,37,51"/><U135/><E116/><V83/><F123/><W31/><G37/><T68/><D106/><U5/><E104/><V4/><F110/><W50/><G115/><T49/><D112/><U28/><E63/><V117/><F117/><W23/><G35/><T102/><D133/><N who="1" m="50699" /><E32/><V66/><F0/><W122/><G122/><T126/><D126/><U24/><E129/><V55/><F72/><W105/><G105/><T108/><D108/><U107/><E107/><V125/><F125/><W103/><G103/><T67/><D17/><N who="1" m="8327" /><E80/><V2/><F2/><W22/><G132/><T88/><REACH who="0" step="1"/><D81/><REACH who="0" ten="163,253,298,266" step="2"/><U36/><E36/><V121/><F83/><W131/><G131/><T14/><D14/><N who="1" m="5455" /><E24/><V45/><F25/><W62/><G9/><T33/><D33/><U86/><E86/><V58/><F85/><W75/><G75/><T120/><D120/><U92/><E92/><V3/><F95/><W109/><G109/><T6/><D6/><U18/><E18/><V11/><F94/><W56/><G22/><T84/><D84/><U53/><E65/><V41/><F66/><W128/><G23/><T44/><D44/><U38/><E38/><V113/><F45/><W16/><G16/><T73/><D73/><U114/><E114/><V54/><F4/><W111/><G128/><T127/><D127/><U26/><E26/><V39/><F39/><W70/><G111/><T100/><D100/><U130/><E130/><V87/><F113/><W52/><G31/><T20/><D20/><U71/><E71/><V99/><F87/><W47/><G70/><T7/><D7/><U30/><E30/><RYUUKYOKU ba="1,2" sc="163,10,253,10,298,-30,266,10" hai0="40,46,49,57,61,67,68,69,88,89,91,93,102" hai1="28,29,53,60" hai3="42,47,48,50,51,52,56,62,78,79,96,97,98" /><INIT seed="5,2,2,0,1,59" ten="173,263,268,276" oya="1" hai0="26,73,92,80,50,101,121,14,124,0,87,5,94" hai1="128,127,16,130,77,55,53,98,89,115,78,13,82" hai2="126,3,96,83,30,34,54,23,46,132,52,44,104" hai3="112,90,108,36,8,28,74,58,72,42,6,86,85"/><U125/><E115/><V109/><F109/><W9/><G108/><T1/><D73/><N who="1" m="43311" /><E78/><V11/><F34/><W51/><G36/><T76/><D124/><N who="1" m="47691" /><E89/><V100/><F126/><W18/><G28/><T97/><D121/><U41/><E41/><V71/><F71/><W99/><G90/><T103/><D26/><U27/><E27/><V131/><F131/><N who="1" m="50217" /><E98/><V102/><F132/><W61/><G99/><N who="0" m="59623" /><D0/><U19/><E19/><V63/><F102/><W62/><G18/><T64/><D1/><U95/><E95/><V93/><F104/><W60/><G112/><T91/><D64/><U84/><E84/><V122/><F122/><W57/><G72/><N who="0" m="43015" /><D50/><U65/><E65/><V69/><F83/><W7/><G74/><T110/><D14/><U129/><E129/><V107/><F107/><W119/><G85/><T48/><D48/><U70/><E70/><V24/><F69/><W123/><G86/><T37/><D37/><U25/><E25/><V75/><F75/><W116/><G123/><T32/><D32/><U118/><E118/><N who="3" m="45098" /><G51/><T113/><D113/><U49/><E49/><V67/><F3/><N who="3" m="95" /><G42/><T35/><D35/><U15/><E13/><AGARI ba="2,2" hai="7,9,13,57,58,60,61,62" m="95,45098" machi="13" ten="30,7700,0" yaku="12,1,52,3" doraHai="59" who="3" fromWho="1" sc="173,0,263,-83,268,0,276,103" owari="173,-32.7,180,-22.0,268,6.8,379,47.9" /></mjloggm>