<mjloggm ver="2.3"><GO type="225" lobby="0"/><UN n0="%E7%9A%AE%E3%80%85" n1="%E6%81%A5%E6%99%92%E3%81%97" n2="%6C%65%74%69%74%62%65" n3="%E6%B4%BE%E9%81%A3%E3%81%AE%E3%82%B8%E3%83%A3%E3%83%83%E3%82%AF" dan="16,17,16,17" rate="2102.69,2189.24,2098.78,2203.24" sx="M,M,M,M"/><TAIKYOKU oya="0"/><INIT seed="0,0,0,4,5,30" ten="250,250,250,250" oya="0" hai0="104,43,76,39,92,113,124,105,87,36,52,121,67" hai1="103,34,116,8,63,15,20,32,45,59,122,7,56" hai2="102,3,71,55,115,127,131,17,90,24,82,133,49" hai3="29,65,14,96,11,128,2,120,42,70,73,106,12"/><T77/><D113/><U58/><E116/><V118/><F115/><W74/><G128/><T130/><D121/><U18/><E122/><V50/><F3/><W79/><G120/><T125/><D130/><U57/><E45/><V119/><F131/><W101/><G42/><T100/><D67/><U53/><REACH who="1" step="1"/><E103/><REACH who="1" ten="250,240,250,250" step="2"/><V48/><F102/><W0/><G101/><T91/><D100/><U62/><E62/><V134/><F118/><W1/><G106/><T37/><D105/><U129/><E129/><V27/><F119/><W10/><G73/><T99/><D104/><U46/><E46/><V26/><F133/><W33/><G74/><T80/><D43/><U98/><E98/><V4/><F134/><W22/><G96/><T114/><D114/><U93/><E93/><V13/><F49/><W41/><G41/><T40/><D40/><U75/><E75/><V25/><F48/><W16/><G79/><T31/><D77/><U23/><E23/><V117/><F117/><W68/><G22/><T123/><D123/><U64/><E64/><V78/><F78/><W108/><G108/><T60/><REACH who="0" step="1"/><D31/><REACH who="0" ten="240,240,250,250" step="2"/><U89/><E89/><V21/><F90/><W132/><G132/><T5/><D5/><U83/><E83/><V51/><F4/><N who="3" m="3175" /><G65/><T38/><N who="0" m="9216" /><DORA hai="66" /><T95/><D95/><U9/><E9/><V88/><F21/><W107/><G107/><T81/><D81/><U47/><E47/><V86/><F82/><W54/><G54/><T135/><D135/><U112/><E112/><V97/><F55/><W94/><G94/><T69/><D69/><U44/><E44/><RYUUKYOKU ba="0,2" sc="240,10,240,10,250,-30,250,10" hai0="52,60,76,80,87,91,92,99,124,125" hai1="7,8,15,18,20,32,34,53,56,57,58,59,63" hai3="0,1,2,10,14,16,29,33,68,70" /><INIT seed="0,1,2,5,2,83" ten="250,250,220,260" oya="0" hai0="73,40,118,24,17,36,65,134,9,38,101,124,31" hai1="67,4,43,23,53,108,71,77,76,62,133,22,104" hai2="3,47,59,66,6,8,79,105,61,106,29,107,51" hai3="44,64,48,75,99,58,84,54,121,113,15,87,37"/><T50/><D118/><U135/><E104/><V5/><F5/><W115/><G75/><T74/><D65/><U98/><E43/><V119/><F119/><W91/><G121/><T92/><D50/><U41/><E108/><V127/><F127/><W57/><G37/><T126/><D134/><N who="1" m="51211" /><E4/><V131/><F131/><W69/><G69/><T46/><D38/><U42/><E53/><V130/><F130/><W32/><G32/><T72/><D17/><U45/><E98/><V49/><F29/><W80/><G113/><T68/><D9/><U88/><E88/><V81/><REACH who="2" step="1"/><F47/><REACH who="2" ten="250,250,210,260" step="2"/><W18/><G115/><T78/><D124/><U55/><E45/><V14/><F14/><W34/><G34/><T89/><D126/><U28/><E42/><V60/><F60/><N who="3" m="37911" /><G44/><T86/><D68/><U129/><E41/><V30/><F30/><W1/><G1/><T2/><D2/><U26/><E129/><V100/><F100/><W56/><G15/><T25/><D101/><U120/><E120/><V85/><AGARI ba="1,3" hai="3,6,8,49,51,59,61,66,79,81,85,105,106,107" machi="85" ten="30,4000,0" yaku="1,1,0,1,52,1,53,0" doraHai="83" doraHaiUra="122" who="2" fromWho="2" sc="250,-21,250,-11,210,73,260,-11" /><INIT seed="1,0,0,1,2,102" ten="229,239,283,249" oya="1" hai0="23,129,133,132,130,116,115,42,112,2,80,18,70" hai1="88,128,118,92,40,126,127,65,60,87,10,8,100" hai2="56,79,86,48,27,74,57,90,125,111,58,101,77" hai3="6,20,78,19,135,121,85,84,14,61,69,110,32"/><U114/><E118/><V41/><F111/><W105/><G121/><T45/><D116/><U75/><E114/><N who="0" m="43561" /><D80/><U0/><E128/><N who="0" m="49257" /><D70/><U36/><E75/><V34/><F74/><W122/><G32/><T103/><D103/><U15/><E0/><V113/><F101/><W72/><G122/><T22/><D45/><N who="1" m="23687" /><E15/><V97/><F97/><W71/><G110/><T63/><D63/><U31/><E31/><V44/><F125/><N who="1" m="47625" /><E100/><V35/><F113/><W16/><G61/><T76/><D76/><U134/><E134/><N who="0" m="51817" /><D42/><U55/><E55/><V11/><F77/><W52/><G135/><T4/><D18/><U12/><E12/><V50/><F79/><W9/><G52/><T64/><D64/><U106/><E106/><V94/><F41/><W17/><G105/><T7/><D2/><U30/><E30/><V25/><F90/><W96/><G72/><T54/><D54/><U99/><E99/><V3/><F3/><N who="3" m="223" /><G96/><T66/><D66/><U53/><E53/><V82/><F86/><N who="3" m="33387" /><G78/><T91/><D91/><U124/><N who="1" m="47633" /><U49/><DORA hai="104" /><E49/><V5/><F48/><W95/><G19/><T93/><D93/><U26/><E87/><V51/><F94/><W73/><G73/><T13/><D13/><U29/><E92/><V81/><F50/><W47/><G47/><T89/><D89/><U83/><E88/><V109/><F44/><W43/><G43/><T67/><D67/><U123/><E83/><N who="2" m="31755" /><F51/><W1/><G1/><T39/><D39/><U108/><E123/><V62/><F62/><W117/><G95/><T37/><D37/><U120/><E120/><RYUUKYOKU ba="0,0" sc="229,30,239,-10,283,-10,249,-10" hai0="4,7,22,23" /><INIT seed="2,1,0,2,0,7" ten="259,229,273,239" oya="2" hai0="77,106,129,115,72,131,10,133,33,28,88,78,82" hai1="108,46,30,36,0,75,128,48,54,39,110,41,101" hai2="73,65,32,53,87,19,31,123,25,44,80,45,99" hai3="42,52,113,97,104,66,6,62,81,130,96,9,11"/><V69/><F73/><W61/><G130/><N who="0" m="49675" /><D115/><U63/><E75/><V34/><F123/><W126/><G42/><T21/><D106/><U23/><E101/><V35/><F99/><N who="3" m="37963" /><G104/><T68/><D68/><U4/><E30/><V5/><F69/><W29/><G126/><T26/><D133/><U58/><E23/><V107/><F65/><W57/><G113/><T15/><D33/><U49/><E128/><V67/><F67/><W60/><G6/><N who="0" m="3543" /><D72/><U20/><E20/><V91/><F5/><W2/><G2/><T112/><D112/><U127/><E127/><V37/><F107/><W47/><G29/><T12/><D12/><U3/><E63/><N who="3" m="24138" /><G81/><T116/><D116/><U84/><E84/><AGARI ba="1,0" hai="21,26,28,77,78,82,84,88" m="3543,49675" machi="84" ten="30,3900,0" yaku="19,1,52,1,54,1" doraHai="7" who="0" fromWho="1" sc="259,42,229,-42,273,0,239,0" /><INIT seed="3,0,0,5,0,110" ten="301,187,273,239" oya="3" hai0="89,128,127,0,20,80,74,23,24,112,90,16,7" hai1="12,126,63,125,124,108,87,76,18,27,84,29,17" hai2="101,116,54,15,13,56,105,123,1,113,42,66,60" hai3="58,99,119,70,95,79,96,50,33,134,59,22,3"/><W44/><G119/><T91/><D112/><U21/><E108/><V49/><F116/><W19/><G33/><T92/><D128/><U57/><E76/><V45/><F1/><W36/><G70/><T30/><D127/><U52/><REACH who="1" step="1"/><E18/><REACH who="1" ten="301,177,273,239" step="2"/><V130/><F130/><W37/><G79/><T72/><D16/><U98/><E98/><V118/><F118/><W81/><G96/><T94/><D74/><U5/><E5/><V68/><F123/><W77/><G99/><T28/><D7/><U9/><AGARI ba="0,1" hai="9,12,17,21,27,29,52,57,63,84,87,124,125,126" machi="9" ten="30,7900,0" yaku="1,1,0,1,18,1,54,1,53,0" doraHai="110" doraHaiUra="35" who="1" fromWho="1" sc="301,-20,177,89,273,-20,239,-39" /><INIT seed="4,0,0,4,0,125" ten="281,266,253,200" oya="0" hai0="21,54,58,120,101,55,29,57,90,71,13,134,84" hai1="61,67,35,8,59,127,100,119,126,129,115,112,83" hai2="19,103,17,70,62,5,47,80,32,42,88,111,6" hai3="123,48,133,33,110,75,97,41,124,116,27,96,52"/><T28/><D120/><U131/><E35/><V106/><F32/><W66/><G116/><T95/><D71/><U73/><E119/><V121/><F121/><W68/><G123/><T65/><D134/><U18/><E100/><V86/><F111/><W82/><G110/><T130/><D101/><U11/><E73/><V25/><F70/><W10/><G41/><T31/><D65/><U64/><E83/><V76/><F62/><W74/><G10/><N who="1" m="3626" /><E18/><V108/><F108/><W132/><G124/><N who="1" m="47658" /><E67/><V93/><F103/><W109/><G109/><T43/><D130/><AGARI ba="0,0" hai="59,61,64,112,115,129,130,131" m="47658,3626" machi="130" ten="40,8000,1" yaku="19,1,18,1,52,3" doraHai="125" who="1" fromWho="0" sc="281,-80,266,80,253,0,200,0" owari="201,-19.9,346,44.6,253,5.3,200,-30.0" /></mjloggm>