<mjloggm ver="2.3"><GO type="225" lobby="0"/><UN n0="%E3%83%A9%E3%82%B9%E7%8E%87%EF%BC%93%E5%89%B2" n1="%72%69%6F%75%63%68%61%6E" n2="%E6%98%93%E5%88%A9%E8%96%A9%E4%BC%AF" n3="%E9%B4%A8%4E%45%47%49" dan="16,16,17,16" rate="2178.10,2126.92,2204.74,2077.54" sx="F,M,F,M"/><TAIKYOKU oya="0"/><INIT seed="0,0,0,3,2,111" ten="250,250,250,250" oya="0" hai0="121,57,15,133,41,75,101,83,74,11,87,32,23" hai1="127,95,134,93,37,22,72,4,6,27,79,2,14" hai2="135,116,55,38,51,105,0,89,90,64,107,46,91" hai3="71,76,58,20,34,36,88,9,118,67,97,106,24"/><T29/><D32/><U128/><E37/><V59/><F0/><W54/><G118/><T77/><D121/><U70/><E70/><V100/><F135/><W40/><G76/><T112/><D133/><U53/><E134/><V42/><F116/><W30/><G71/><T68/><D68/><U119/><E119/><V56/><REACH who="2" step="1"/><F100/><REACH who="2" ten="250,250,240,250" step="2"/><W25/><G36/><T130/><D101/><U60/><E2/><V63/><AGARI ba="0,1" hai="38,42,46,51,55,56,59,63,64,89,90,91,105,107" machi="63" ten="30,4000,0" yaku="1,1,2,1,0,1,53,0" doraHai="111" doraHaiUra="108" who="2" fromWho="2" sc="250,-20,250,-10,240,50,250,-10" /><INIT seed="1,0,0,3,5,23" ten="230,240,290,240" oya="1" hai0="69,35,15,79,133,1,11,73,116,8,90,58,42" hai1="67,123,115,19,107,27,109,32,104,75,83,49,99" hai2="88,118,30,72,134,12,103,119,89,131,86,54,33" hai3="56,3,96,51,135,5,10,132,100,4,29,22,92"/><U2/><E115/><V94/><F72/><W113/><G113/><T25/><D69/><U106/><E123/><V9/><F134/><N who="3" m="51243" /><G3/><T6/><D58/><U20/><E2/><V18/><F131/><W40/><G10/><T122/><D90/><U53/><E109/><V125/><F125/><W48/><G48/><T108/><D42/><U41/><E67/><V91/><F54/><N who="3" m="31839" /><G40/><T82/><D133/><U110/><E110/><V124/><F124/><W117/><G117/><T57/><D108/><U121/><E121/><V68/><F68/><W17/><G29/><T45/><D45/><U47/><E32/><V21/><F9/><W46/><G46/><T98/><D57/><U76/><REACH who="1" step="1"/><E41/><REACH who="1" ten="230,230,290,240" step="2"/><V84/><F118/><W36/><G36/><T66/><D116/><U80/><E80/><V55/><F119/><W114/><G114/><T60/><D122/><U111/><E111/><V61/><F33/><W52/><G52/><T127/><D127/><U34/><E34/><V105/><F55/><W128/><G128/><T120/><D120/><U24/><E24/><AGARI ba="0,1" hai="4,5,17,22,24,92,96,100" m="31839,51243" machi="24" ten="30,2000,0" yaku="20,1,52,1" doraHai="23" who="3" fromWho="1" sc="230,0,230,-20,290,0,240,30" /><INIT seed="2,0,0,4,2,25" ten="230,210,290,270" oya="2" hai0="127,67,78,104,123,96,126,68,108,107,32,124,99" hai1="16,118,41,35,51,101,113,95,6,26,63,19,110" hai2="79,21,64,89,134,0,59,61,12,46,10,50,60" hai3="76,130,7,48,98,87,94,128,24,13,15,40,85"/><V2/><F134/><W102/><G24/><T66/><D32/><U8/><E113/><V105/><F105/><N who="0" m="40522" /><D68/><U55/><E118/><V88/><F79/><W39/><G39/><T54/><D78/><U47/><E110/><V111/><F111/><W133/><G133/><T31/><D108/><U121/><E121/><V18/><F61/><W44/><G130/><T72/><D72/><U82/><E82/><V69/><F69/><W114/><G128/><T120/><D31/><U36/><E63/><V3/><REACH who="2" step="1"/><F21/><REACH who="2" ten="230,210,280,270" step="2"/><W84/><G114/><T90/><D123/><U80/><E35/><V106/><F106/><W1/><G76/><T83/><D120/><U53/><E80/><V109/><F109/><W49/><G85/><T103/><D83/><U86/><E86/><V112/><F112/><W135/><G87/><T74/><D74/><U75/><E75/><V73/><F73/><W52/><G84/><T56/><D127/><U71/><E71/><V125/><F125/><W62/><G62/><T93/><D126/><U14/><E26/><V100/><F100/><W116/><G135/><T115/><D124/><U77/><E77/><V91/><F91/><W81/><G81/><T22/><D115/><U28/><E101/><V65/><F65/><W57/><G102/><T34/><D22/><U11/><E95/><V9/><F9/><W45/><G94/><N who="0" m="56407" /><D34/><U58/><E8/><V17/><F17/><N who="1" m="6729" /><E28/><V20/><F20/><W92/><G92/><T117/><D117/><U5/><E6/><V38/><F38/><W4/><G4/><T27/><D27/><U70/><E70/><RYUUKYOKU ba="0,1" sc="230,10,210,10,280,10,270,-30" hai0="54,56,66,67,93,99,103" hai1="5,11,14,36,41,47,51,53,55,58" hai2="0,2,3,10,12,18,46,50,59,60,64,88,89" /><INIT seed="2,1,1,1,3,4" ten="240,220,290,240" oya="2" hai0="131,12,7,53,111,76,21,2,68,26,51,43,65" hai1="106,17,109,102,33,81,114,71,14,31,47,87,13" hai2="116,10,27,132,40,115,121,49,119,128,20,55,84" hai3="66,134,22,37,96,59,120,74,83,108,35,63,113"/><V15/><F115/><W78/><G108/><T122/><D122/><U104/><E114/><V135/><F40/><W124/><G120/><T8/><D111/><U50/><E109/><V72/><F72/><W82/><G113/><T11/><D131/><U16/><E71/><V28/><F121/><W105/><G134/><N who="2" m="51241" /><F84/><W107/><G124/><T56/><D43/><U90/><E31/><V46/><F128/><W127/><G35/><T60/><D76/><U54/><E33/><V125/><F125/><W129/><G129/><T112/><D112/><U88/><E90/><V91/><F91/><W23/><G37/><T99/><D99/><U30/><E30/><V57/><F57/><W118/><G118/><T0/><REACH who="0" step="1"/><D11/><REACH who="0" ten="230,220,290,240" step="2"/><N who="1" m="6207" /><E102/><V42/><F42/><W52/><G127/><T97/><D97/><U75/><E75/><V39/><F39/><W133/><G133/><T67/><D67/><U38/><E38/><V19/><AGARI ba="1,2" hai="10,15,19,20,27,28,46,49,55,116,119" m="51241" machi="19" ten="30,3000,0" yaku="20,1,52,1" doraHai="4" who="2" fromWho="2" sc="230,-11,220,-11,290,53,240,-11" /><INIT seed="2,2,0,2,2,59" ten="219,209,343,229" oya="2" hai0="41,46,119,39,100,24,81,122,70,87,6,0,131" hai1="2,71,86,109,9,27,130,98,11,89,97,5,84" hai2="74,106,18,34,23,116,17,67,127,80,112,92,40" hai3="14,93,121,128,126,110,33,99,79,51,20,30,36"/><V45/><F112/><W108/><G36/><T78/><D122/><U66/><E109/><N who="3" m="42090" /><G121/><T73/><D87/><U48/><E130/><V69/><F34/><W57/><G79/><T58/><D131/><U37/><E37/><V133/><F106/><W3/><G3/><T102/><D119/><U118/><E118/><V44/><F127/><W19/><G126/><T135/><D70/><U16/><E84/><V13/><F133/><W76/><G76/><T124/><D135/><U43/><E71/><V32/><F32/><W62/><G51/><T115/><D115/><U53/><E66/><V65/><F80/><W25/><G128/><T29/><D58/><U12/><E27/><V8/><F69/><W72/><G93/><T111/><D124/><U120/><E43/><V68/><F68/><W95/><G95/><T42/><D42/><U38/><E38/><V105/><F105/><W7/><G7/><T82/><D82/><N who="1" m="49367" /><E120/><V123/><F123/><W107/><G107/><T85/><D85/><U96/><E97/><V63/><F40/><W83/><G83/><T52/><D111/><U10/><E10/><V132/><F92/><W94/><G94/><T103/><D103/><U55/><E55/><V49/><F8/><N who="3" m="6599" /><G99/><T125/><D125/><U117/><E117/><V54/><F132/><W50/><G72/><T35/><D102/><U77/><E77/><V15/><F74/><W101/><G101/><T88/><D100/><U113/><E113/><V75/><F75/><W60/><G33/><T91/><D0/><U1/><E2/><V61/><F116/><W64/><G64/><RYUUKYOKU ba="2,0" sc="219,-15,209,15,343,-15,229,15" hai1="1,5,9,11,12,16,48,53,96,98" hai3="20,25,30,50,57,60,62" /><INIT seed="3,3,0,5,4,34" ten="204,224,328,244" oya="3" hai0="1,60,35,32,46,14,106,39,77,91,81,68,22" hai1="89,125,120,94,83,102,82,25,65,72,23,84,17" hai2="27,67,56,101,40,63,76,115,118,42,95,126,127" hai3="108,131,41,49,33,8,19,93,52,130,38,6,30"/><W99/><G38/><T75/><D106/><U109/><E120/><V55/><F115/><W9/><G41/><N who="0" m="22847" /><D91/><U59/><E109/><V88/><F76/><W36/><G36/><T134/><D14/><U47/><E125/><N who="2" m="47627" /><F101/><N who="3" m="60655" /><G108/><T117/><D22/><U69/><E69/><V90/><F118/><W13/><G33/><N who="0" m="12875" /><D134/><U57/><E65/><V44/><F27/><W62/><G30/><T71/><D117/><U78/><REACH who="1" step="1"/><E47/><REACH who="1" ten="204,214,328,244" step="2"/><V114/><F67/><W53/><G131/><T18/><D18/><U79/><E79/><V85/><F44/><N who="3" m="27687" /><G130/><T24/><D24/><U26/><E26/><V121/><F121/><W20/><G6/><T86/><D86/><U48/><E48/><V87/><F85/><W61/><G61/><T80/><D80/><U2/><E2/><V54/><F87/><W100/><G100/><T113/><D113/><U21/><E21/><V92/><F63/><W132/><G132/><T105/><D60/><U135/><E135/><V103/><F103/><W96/><G96/><AGARI ba="3,1" hai="17,23,25,57,59,72,78,82,83,84,89,94,96,102" machi="96" ten="40,1300,0" yaku="1,1,53,0" doraHai="34" doraHaiUra="7" who="1" fromWho="3" sc="204,0,214,32,328,0,244,-22" owari="204,-29.6,246,4.6,328,42.8,222,-17.8" /></mjloggm>