<mjloggm ver="2.3"><GO type="225" lobby="0"/><UN n0="%E3%81%99%E3%81%84%E3%81%BE%E3%81%9B%E3%83%BC%E3%82%93" n1="%E3%82%AF%E3%82%A3%E3%82%A6" n2="%E7%99%BD%E5%80%89%E5%AF%9B%E4%B9%8B" n3="%E5%91%A8%E6%9D%B1" dan="18,16,16,17" rate="2203.20,2069.00,2103.49,2173.24" sx="M,M,M,M"/><TAIKYOKU oya="0"/><INIT seed="0,0,0,1,3,54" ten="250,250,250,250" oya="0" hai0="46,16,19,38,35,85,134,104,2,105,25,4,29" hai1="124,66,127,83,59,86,48,80,115,6,55,95,0" hai2="120,18,74,41,79,111,49,90,89,129,102,10,113" hai3="51,1,58,76,22,52,12,109,39,17,61,108,100"/><T125/><D134/><U114/><E0/><V14/><F113/><N who="1" m="43017" /><E6/><V128/><F120/><W11/><G39/><T106/><D125/><N who="1" m="48203" /><E95/><V112/><F111/><N who="3" m="42571" /><G76/><T67/><D67/><U5/><E5/><V62/><F112/><W88/><G100/><T15/><D2/><U91/><E66/><V42/><F102/><W63/><G1/><T34/><D34/><U47/><E80/><V64/><F79/><W98/><G11/><T13/><D85/><U92/><E83/><V103/><F103/><W31/><G31/><T99/><D99/><U57/><AGARI ba="0,0" hai="47,48,55,57,59,86,91,92" m="48203,43017" machi="57" ten="40,8000,1" yaku="11,1,18,1,52,2" doraHai="54" who="1" fromWho="1" sc="250,-40,250,80,250,-20,250,-20" /><INIT seed="1,0,0,3,4,28" ten="210,330,230,230" oya="1" hai0="107,42,134,44,66,69,103,18,61,15,118,24,50" hai1="93,17,82,68,99,3,85,14,70,64,34,1,100" hai2="115,94,131,62,41,112,35,5,36,101,80,45,37" hai3="114,76,110,104,26,111,63,30,10,59,96,120,88"/><U86/><E86/><V135/><F135/><W71/><G71/><T67/><D118/><U46/><E46/><V81/><F131/><W84/><G120/><T72/><D72/><U65/><E70/><V128/><F128/><W126/><G114/><N who="2" m="43561" /><F5/><W55/><G10/><T133/><D67/><U73/><E73/><V47/><F62/><W92/><G126/><T127/><D127/><U95/><E95/><V106/><F106/><W117/><G117/><T20/><D103/><U77/><E34/><V12/><F12/><W83/><REACH who="3" step="1"/><G104/><REACH who="3" ten="210,330,230,220" step="2"/><T21/><REACH who="0" step="1"/><D107/><REACH who="0" ten="200,330,230,220" step="2"/><U27/><E100/><V52/><F101/><W79/><G79/><T2/><D2/><U13/><E3/><V60/><F37/><W97/><G97/><T31/><AGARI ba="0,2" hai="15,18,20,21,24,31,42,44,50,61,66,69,133,134" machi="31" ten="30,2000,0" yaku="1,1,0,1,53,0" doraHai="28" doraHaiUra="7" who="0" fromWho="0" sc="200,40,330,-10,230,-5,220,-5" /><INIT seed="2,0,0,2,3,129" ten="240,320,225,215" oya="2" hai0="55,1,14,57,37,28,70,36,51,24,12,104,72" hai1="15,29,84,50,3,18,56,120,62,94,114,71,81" hai2="121,76,108,106,34,73,132,9,131,22,83,119,109" hai3="122,35,86,82,52,4,127,53,20,61,5,10,103"/><V89/><F34/><W54/><G35/><T80/><D104/><U67/><E114/><V117/><F9/><W100/><G122/><T98/><D1/><U97/><E3/><V25/><F121/><W85/><G127/><T95/><D70/><U92/><E120/><V7/><F7/><N who="3" m="2635" /><G10/><T87/><D72/><U116/><E116/><V135/><F106/><W21/><G61/><T32/><D37/><U64/><E29/><N who="2" m="17591" /><F89/><N who="3" m="51383" /><G86/><T68/><D36/><U8/><E97/><V101/><F101/><AGARI ba="0,0" hai="20,21,52,53,54,100,101,103" m="51383,2635" machi="101" ten="30,2000,0" yaku="8,1,54,1" doraHai="129" who="3" fromWho="2" sc="240,0,320,0,225,-20,215,20" /><INIT seed="3,0,0,5,5,118" ten="240,320,205,235" oya="3" hai0="13,57,41,65,58,21,71,35,63,102,12,85,135" hai1="104,131,122,100,124,33,9,133,70,121,116,129,24" hai2="77,32,93,86,37,74,16,75,36,44,11,132,76" hai3="64,87,54,10,89,108,106,28,23,40,117,56,120"/><W126/><G117/><T66/><D35/><U114/><E100/><V5/><F32/><W0/><G106/><T92/><D135/><U109/><E24/><V8/><F132/><W42/><G126/><T90/><D41/><U51/><E51/><V115/><F115/><W111/><G120/><T62/><D71/><U46/><E9/><V53/><F53/><W47/><G64/><T134/><D134/><U72/><E46/><V101/><F44/><W78/><G78/><T1/><D1/><U45/><E45/><V84/><F101/><W6/><G23/><T94/><D21/><U91/><E91/><V112/><F112/><W107/><G28/><T127/><D127/><U39/><E131/><V98/><F93/><N who="0" m="35946" /><D102/><U125/><E121/><V105/><F105/><W22/><G22/><T43/><D43/><U25/><E25/><V68/><F68/><W99/><G99/><T61/><D63/><U29/><E29/><V7/><REACH who="2" step="1"/><F16/><REACH who="2" ten="240,320,195,235" step="2"/><W83/><G107/><T17/><D17/><U88/><E125/><V38/><F38/><W18/><G18/><T79/><D66/><U52/><E114/><V60/><F60/><N who="3" m="35863" /><G47/><T14/><D65/><U48/><E133/><V34/><F34/><W31/><G31/><T113/><D113/><U96/><E124/><V95/><F95/><W55/><G55/><T128/><D62/><U49/><E104/><V69/><F69/><W82/><G82/><T19/><D61/><U103/><E70/><V3/><F3/><W59/><G59/><T110/><D19/><U50/><E39/><V2/><F2/><W4/><G83/><RYUUKYOKU ba="0,1" sc="240,-10,320,-10,195,30,235,-10" hai2="5,7,8,11,36,37,74,75,76,77,84,86,98" owari="230,3.0,320,42.0,225,-17.5,225,-27.5" /></mjloggm>