<mjloggm ver="2.3"><GO type="225" lobby="0"/><UN n0="%E3%81%BF%E3%81%BF%E3%81%9A" n1="%E3%81%88%E3%81%8C%E3%82%8F%E3%82%8A%E3%81%8A" n2="%E5%B0%8F%E9%B3%A5%E9%81%8A%E7%B7%B4%E7%84%A1%32%31%E6%AD%B3" n3="%E5%B6%BA%E4%B8%8A%E5%92%B2" dan="18,16,16,16" rate="2221.38,2133.56,2206.47,2124.51" sx="M,M,F,F"/><TAIKYOKU oya="0"/><INIT seed="0,0,0,4,5,119" ten="250,250,250,250" oya="0" hai0="105,86,14,70,13,132,3,27,74,48,65,81,24" hai1="17,135,34,94,31,130,93,26,87,52,75,122,30" hai2="45,36,10,16,18,79,22,101,125,131,55,71,25" hai3="19,84,95,68,37,102,40,9,73,64,134,56,8"/><T121/><D121/><U126/><E75/><V35/><F131/><W92/><G73/><T53/><D3/><U123/><E130/><V133/><F133/><W97/><G68/><T67/><D74/><U50/><E135/><V7/><F35/><W103/><G134/><T60/><D105/><U99/><E126/><V23/><F125/><W59/><G37/><T129/><D132/><U12/><E87/><V29/><F71/><W117/><G40/><T28/><D129/><U78/><E78/><V120/><F120/><W72/><G72/><T91/><D67/><U76/><E76/><V109/><F79/><W77/><G117/><T100/><D100/><U58/><E31/><V96/><F109/><W66/><G77/><T83/><D83/><U82/><E82/><V62/><F36/><W20/><G84/><T106/><D106/><U85/><E94/><N who="2" m="58519" /><F22/><W41/><G41/><T115/><D115/><U46/><E46/><V44/><F45/><W47/><G47/><T11/><D28/><U118/><E118/><V33/><F33/><W127/><G127/><T116/><D116/><U80/><E80/><V112/><F112/><W89/><G20/><T54/><D14/><U43/><E43/><V63/><F44/><W39/><G39/><T107/><D107/><U15/><E15/><N who="2" m="5599" /><F55/><N who="0" m="21002" /><D48/><U32/><E32/><V114/><F114/><W4/><G4/><N who="0" m="3303" /><D24/><U5/><E5/><V90/><F90/><W108/><G89/><T88/><D27/><U2/><E2/><V21/><F29/><W0/><G0/><T69/><D70/><U104/><E104/><V61/><F25/><RYUUKYOKU ba="0,0" sc="250,15,250,-15,250,15,250,-15" hai0="60,65,69,81,86,88,91" hai2="16,18,21,23,61,62,63" /><INIT seed="0,1,0,5,3,66" ten="265,235,265,235" oya="0" hai0="127,87,23,84,22,59,120,21,134,32,11,130,106" hai1="44,55,52,95,119,101,108,74,47,51,13,68,76" hai2="42,36,8,88,129,20,92,53,67,131,80,117,28" hai3="79,25,128,17,35,73,0,111,6,118,50,83,54"/><T90/><D120/><U49/><E119/><V31/><F117/><W97/><G118/><T114/><D32/><U94/><E108/><V1/><F53/><W75/><G111/><T24/><D114/><U93/><E68/><V89/><F42/><W63/><G128/><N who="2" m="49225" /><F36/><W85/><G35/><T34/><D130/><U115/><E115/><V43/><F43/><W98/><G75/><T91/><D127/><U12/><REACH who="1" step="1"/><E101/><REACH who="1" ten="265,225,265,235" step="2"/><V133/><F133/><W64/><G73/><T125/><D134/><U116/><E116/><V19/><F31/><W126/><G126/><T109/><D125/><U107/><E107/><V121/><F28/><W62/><G0/><T60/><D106/><U57/><E57/><V46/><F1/><W14/><G6/><T110/><D109/><U96/><E96/><N who="3" m="36970" /><G25/><T15/><D110/><U105/><E105/><V16/><F121/><W41/><G41/><T56/><D24/><U39/><E39/><V124/><F124/><W33/><G33/><T71/><D34/><U7/><E7/><V2/><F2/><W61/><G64/><N who="0" m="38919" /><D59/><U4/><E4/><V27/><F67/><W81/><G81/><AGARI ba="1,1" hai="12,13,44,47,49,51,52,55,74,76,81,93,94,95" machi="81" ten="40,8000,1" yaku="1,1,9,1,54,1,53,2" doraHai="66" doraHaiUra="10" who="1" fromWho="3" sc="265,0,225,93,265,0,235,-83" /><INIT seed="1,0,0,1,0,1" ten="265,318,265,152" oya="1" hai0="28,12,129,23,64,2,13,111,122,52,44,50,81" hai1="109,27,10,56,46,39,97,71,76,100,63,48,72" hai2="32,20,105,113,90,80,131,115,19,16,73,127,40" hai3="79,102,134,60,83,74,103,4,43,61,42,120,96"/><U135/><E135/><V26/><F105/><W117/><G120/><T35/><D2/><U55/><E109/><V119/><F119/><W112/><G112/><N who="2" m="43081" /><F40/><W77/><G134/><T70/><D111/><U36/><E71/><V22/><F73/><W41/><G117/><T124/><D122/><U98/><E98/><V108/><F108/><W25/><G25/><T62/><D129/><U11/><E27/><N who="2" m="14727" /><F80/><W78/><G74/><T95/><D124/><U45/><E72/><V91/><F131/><W5/><G83/><T123/><D123/><U59/><E76/><V106/><F106/><W15/><G15/><T125/><D125/><U6/><E39/><V49/><F32/><W54/><G54/><T31/><D35/><U51/><E36/><V101/><F101/><N who="3" m="38411" /><G96/><T33/><D33/><U67/><E48/><V30/><F127/><W107/><G107/><T9/><D81/><U92/><REACH who="1" step="1"/><E11/><REACH who="1" ten="265,308,265,152" step="2"/><V29/><F49/><W17/><G17/><T3/><D50/><U68/><E68/><V69/><F69/><W75/><G75/><T58/><D70/><U14/><AGARI ba="0,1" hai="6,10,14,45,46,51,55,56,59,63,67,92,97,100" machi="14" ten="20,18000,2" yaku="1,1,0,1,7,1,8,1,52,1,53,1" doraHai="1" doraHaiUra="88" who="1" fromWho="1" sc="265,-60,308,190,265,-60,152,-60" /><INIT seed="1,1,0,1,1,92" ten="205,498,205,92" oya="1" hai0="50,81,75,100,57,52,121,82,102,126,83,73,6" hai1="63,120,65,0,118,58,116,19,80,123,72,1,129" hai2="53,86,114,104,111,124,128,23,49,62,33,35,74" hai3="14,93,7,32,89,131,64,30,130,79,24,90,46"/><U31/><E31/><V25/><F74/><W21/><G79/><T91/><D126/><U13/><E129/><V61/><F128/><W44/><G64/><T112/><D112/><U16/><E72/><V87/><F111/><W110/><G110/><T59/><D121/><N who="1" m="46667" /><E80/><V68/><F124/><W122/><G122/><T29/><D75/><U48/><E48/><V109/><F109/><W10/><G131/><T94/><D73/><U42/><E42/><V3/><F3/><N who="1" m="1097" /><E58/><V47/><F68/><W55/><G130/><T15/><D29/><U12/><E63/><V69/><F69/><W26/><G26/><T5/><D59/><U88/><E88/><V20/><F114/><W108/><G108/><T117/><D117/><N who="1" m="45163" /><E65/><V133/><F49/><W99/><G55/><T67/><D67/><U43/><E43/><V96/><F53/><W71/><G71/><T113/><D113/><U70/><E70/><V85/><F61/><W103/><G89/><T125/><D125/><U77/><E77/><V45/><F62/><W95/><REACH who="3" step="1"/><G32/><REACH who="3" ten="205,498,205,82" step="2"/><T106/><D102/><U78/><E78/><V37/><F33/><W76/><G76/><T8/><D100/><U127/><E127/><V28/><F35/><W38/><G38/><T54/><D54/><U51/><E51/><V18/><F37/><W11/><G11/><T105/><D50/><U56/><E56/><V97/><F47/><W39/><G39/><T17/><D52/><U9/><E9/><V60/><F45/><W115/><G115/><T41/><D57/><U4/><E12/><N who="2" m="9287" /><F60/><W27/><G27/><T119/><D15/><RYUUKYOKU ba="1,1" sc="205,-15,498,15,205,-15,82,15" hai1="4,13,16,19" hai3="7,10,14,21,24,30,44,46,90,93,95,99,103" /><INIT seed="1,2,1,0,2,43" ten="190,513,190,97" oya="1" hai0="62,32,53,67,116,119,12,28,17,78,50,80,41" hai1="37,10,33,104,133,84,75,132,55,117,91,76,89" hai2="121,93,114,122,86,103,81,7,63,111,14,118,94" hai3="24,82,61,42,22,129,71,25,113,47,18,13,30"/><U48/><E117/><V27/><F118/><W8/><G113/><T108/><D108/><U90/><E37/><V98/><F111/><W110/><G110/><T95/><D41/><U87/><E33/><V35/><F114/><W38/><G129/><T23/><D95/><U60/><E60/><V0/><F0/><W29/><G82/><T36/><D36/><U73/><E10/><V21/><F35/><W112/><G112/><T45/><D28/><U44/><E104/><V2/><F2/><W102/><G102/><T131/><D32/><U127/><E127/><V20/><F94/><W52/><G71/><T83/><D83/><U26/><E26/><V57/><F7/><W6/><REACH who="3" step="1"/><G25/><REACH who="3" ten="190,513,190,87" step="2"/><T85/><D131/><U72/><REACH who="1" step="1"/><E76/><REACH who="1" ten="190,503,190,87" step="2"/><V59/><F27/><W65/><G65/><T126/><D126/><U54/><E54/><V64/><F64/><W46/><G46/><T100/><D100/><U9/><E9/><V3/><F103/><W105/><G105/><T134/><D134/><AGARI ba="2,3" hai="44,48,55,72,73,75,84,87,89,90,91,132,133,134" machi="134" ten="50,9600,0" yaku="1,1,20,1,52,1,53,0" doraHai="43" doraHaiUra="58" who="1" fromWho="0" sc="190,-102,503,132,190,0,87,0" /><INIT seed="1,3,0,3,0,1" ten="88,635,190,87" oya="1" hai0="119,71,21,9,58,44,105,27,115,0,66,75,84" hai1="97,72,10,129,125,92,128,131,86,74,49,6,69" hai2="82,28,7,106,2,4,100,70,104,52,35,3,101" hai3="24,81,133,73,107,85,51,42,13,117,91,47,108"/><U88/><E69/><V109/><F70/><W33/><G108/><T68/><D75/><N who="1" m="28715" /><E49/><V78/><F28/><W34/><G133/><T113/><D119/><U94/><E125/><V57/><F35/><W123/><G123/><T63/><D105/><U116/><E116/><V43/><F43/><W110/><G110/><T99/><D99/><U15/><E94/><V54/><F57/><W39/><G107/><T102/><D44/><U23/><E23/><V114/><F82/><W126/><G126/><T45/><D45/><U31/><E31/><V77/><F109/><W61/><G117/><T89/><D102/><U55/><E55/><V122/><REACH who="2" step="1"/><F114/><REACH who="2" ten="88,635,180,87" step="2"/><W12/><G33/><T46/><D68/><U121/><E121/><AGARI ba="3,1" hai="2,3,4,7,52,54,77,78,100,101,104,106,121,122" machi="121" ten="25,16000,3" yaku="1,1,2,1,22,2,52,2,54,1,53,2" doraHai="1" doraHaiUra="103" who="2" fromWho="1" sc="88,0,635,-169,180,179,87,0" /><INIT seed="2,0,0,5,1,69" ten="88,466,359,87" oya="2" hai0="61,127,92,26,130,25,93,2,133,46,28,57,103" hai1="1,49,88,75,120,109,123,110,53,65,82,76,45" hai2="114,32,135,10,3,39,6,99,0,85,111,19,126" hai3="24,55,77,35,115,94,116,107,97,121,83,52,72"/><V131/><F114/><W74/><G116/><T4/><D127/><U81/><E1/><V37/><F126/><W18/><G121/><N who="1" m="46666" /><E65/><V102/><F0/><W104/><G74/><T89/><D130/><U73/><E88/><V38/><F131/><W125/><G125/><T7/><D133/><U105/><E105/><N who="2" m="63711" /><F19/><W29/><G115/><T62/><D46/><U134/><E134/><V68/><F85/><W56/><G18/><T44/><D44/><U60/><E60/><V41/><F135/><W17/><G17/><T79/><D79/><AGARI ba="0,0" hai="45,49,53,73,75,76,79,81,82,109,110" m="46666" machi="79" ten="30,1000,0" yaku="13,1" doraHai="69" who="1" fromWho="0" sc="88,-10,466,10,359,0,87,0" /><INIT seed="3,0,0,2,2,37" ten="78,476,359,87" oya="3" hai0="17,79,78,3,86,129,112,124,110,49,44,80,117" hai1="29,97,0,121,74,57,35,30,59,104,4,18,81" hai2="27,75,109,22,107,12,24,19,95,10,36,128,39" hai3="69,56,100,31,88,40,118,127,122,63,85,55,82"/><W16/><G118/><T131/><D117/><U33/><E121/><V61/><F107/><W21/><G122/><T120/><D120/><U46/><E46/><V9/><F109/><W50/><G127/><T48/><D110/><U60/><E18/><V126/><F75/><W68/><G100/><T14/><D124/><U99/><E4/><V13/><F61/><W5/><G5/><T51/><D3/><U70/><E0/><V102/><F128/><N who="0" m="49226" /><D112/><U11/><E11/><V28/><F95/><W1/><G1/><T91/><D44/><U23/><E70/><V125/><F102/><W45/><REACH who="3" step="1"/><G31/><REACH who="3" ten="78,476,359,77" step="2"/><T32/><D32/><U38/><E29/><V96/><F125/><W133/><G133/><T98/><D98/><U73/><E30/><V34/><F96/><W66/><G66/><T105/><D105/><U89/><E33/><V58/><F126/><W103/><G103/><T93/><D93/><U111/><E35/><V132/><F34/><W26/><AGARI ba="0,1" hai="16,21,26,40,45,50,55,56,63,68,69,82,85,88" machi="26" ten="20,18000,2" yaku="1,1,0,1,7,1,52,1,54,2,53,1" doraHai="37" doraHaiUra="76" who="3" fromWho="3" sc="78,-60,476,-60,359,-60,77,190" /><INIT seed="3,1,0,5,3,69" ten="18,416,299,267" oya="3" hai0="132,14,58,24,114,133,33,102,40,120,126,70,93" hai1="25,15,34,96,39,51,135,110,92,35,23,26,122" hai2="109,127,60,64,20,72,75,31,13,76,3,57,18" hai3="8,121,9,123,47,115,5,52,7,80,41,22,6"/><W82/><G115/><T131/><D58/><U77/><E39/><V112/><F112/><W16/><G121/><T73/><D24/><U68/><E68/><V44/><F3/><W28/><G123/><T130/><D14/><U94/><E122/><V116/><F116/><W17/><G28/><T125/><D70/><U2/><E2/><V55/><F109/><W117/><G117/><T48/><D33/><U108/><E77/><V97/><F127/><N who="0" m="48650" /><D120/><U84/><E84/><V54/><F31/><W74/><G74/><T79/><D114/><U105/><E105/><V83/><F97/><W134/><G134/><N who="0" m="51819" /><D102/><U21/><E15/><V38/><F72/><W78/><G78/><T42/><D93/><U101/><E51/><V87/><F75/><W104/><G104/><T45/><D79/><U19/><E92/><V129/><F13/><N who="3" m="9487" /><G17/><T95/><D95/><U10/><E135/><V107/><F18/><W43/><G43/><N who="0" m="24639" /><D73/><U86/><E10/><N who="3" m="4202" /><G41/><AGARI ba="1,0" hai="40,41,42,130,131" m="24639,51819,48650" machi="41" ten="40,12000,2" yaku="30,2,18,1,20,1,34,2" doraHai="69" who="0" fromWho="3" sc="18,123,416,0,299,0,267,-123" owari="141,-35.9,416,51.6,299,9.9,144,-25.6" /></mjloggm>