<mjloggm ver="2.3"><GO type="225" lobby="0"/><UN n0="%E9%A6%AC%E5%BC%95%E7%81%AB%33" n1="%E6%81%A5%E6%99%92%E3%81%97" n2="%72%61%6B%33" n3="%E5%91%A8%E6%9D%B1" dan="16,16,16,16" rate="2109.44,2073.94,2096.10,2130.57" sx="M,M,M,M"/><TAIKYOKU oya="0"/><INIT seed="0,0,0,2,0,81" ten="250,250,250,250" oya="0" hai0="117,129,99,34,121,75,76,85,71,95,42,14,45" hai1="2,33,126,8,62,124,130,43,15,32,12,87,63" hai2="44,88,24,10,66,78,125,40,92,89,48,16,72" hai3="30,118,128,17,114,29,22,103,135,86,52,59,20"/><T31/><D121/><U105/><E105/><V13/><F125/><N who="1" m="48233" /><E43/><V57/><F72/><W79/><G118/><T55/><D117/><U93/><E130/><V46/><F78/><W82/><G114/><T9/><D129/><U27/><E2/><V133/><F133/><W7/><G128/><T96/><D71/><U83/><E93/><V26/><F89/><W97/><G7/><T106/><D75/><U58/><E27/><V68/><F68/><W90/><G90/><T61/><D106/><U64/><E63/><N who="2" m="38255" /><F44/><W49/><G135/><T23/><D34/><N who="1" m="13419" /><E8/><V25/><F24/><W112/><G112/><T0/><D0/><U107/><E107/><V127/><F127/><W1/><G1/><T113/><D113/><U50/><E50/><V4/><F4/><W80/><G80/><N who="0" m="47239" /><D31/><N who="3" m="11785" /><G17/><N who="0" m="10679" /><D9/><U38/><E38/><V94/><F94/><AGARI ba="0,0" hai="20,22,49,52,59,79,82,86,94,97,103" m="11785" machi="94" ten="30,3900,0" yaku="8,1,52,1,54,1" doraHai="81" who="3" fromWho="2" sc="250,0,250,0,250,-39,250,39" /><INIT seed="1,0,0,2,5,33" ten="250,250,211,289" oya="1" hai0="78,130,83,106,129,32,86,35,98,40,124,60,79" hai1="127,67,16,73,47,105,81,76,45,31,102,46,39" hai2="95,28,71,61,103,52,15,23,29,0,7,55,70" hai3="13,12,1,69,36,38,17,88,113,43,4,62,125"/><U68/><E127/><V118/><F118/><W116/><G113/><T115/><D115/><U133/><E133/><V56/><F55/><W108/><G125/><T80/><D124/><U6/><E31/><V50/><F15/><W14/><G116/><T109/><D109/><U3/><E105/><V122/><F122/><W42/><G108/><T93/><D106/><U11/><E102/><V111/><F111/><W59/><G69/><T135/><D135/><U64/><E68/><V92/><F71/><W48/><G17/><T96/><D40/><N who="1" m="22687" /><E47/><V126/><F126/><W5/><G48/><T99/><D60/><U57/><E57/><V49/><F49/><W24/><G24/><T2/><D2/><U97/><E97/><N who="0" m="37481" /><D32/><U85/><E85/><V10/><F103/><W131/><G62/><T91/><D35/><U110/><E110/><V117/><F117/><W20/><G20/><T114/><D114/><U18/><E46/><V54/><F70/><W72/><G72/><AGARI ba="0,0" hai="72,78,79,80,83,86,91,93,99,129,130" m="37481" machi="72" ten="30,2000,0" yaku="34,2" doraHai="33" who="0" fromWho="3" sc="250,20,250,0,211,0,289,-20" /><INIT seed="2,0,0,4,1,31" ten="270,250,211,269" oya="2" hai0="27,135,88,130,105,87,116,5,8,61,48,53,74" hai1="73,80,65,10,32,7,91,110,131,24,38,4,96" hai2="79,25,29,120,121,99,60,104,18,21,103,129,94" hai3="1,15,63,57,43,66,127,75,85,82,114,26,126"/><V39/><F129/><W107/><G1/><T42/><D74/><U70/><E131/><V14/><F39/><W47/><G107/><T132/><D130/><U13/><E110/><V2/><F2/><W45/><G75/><T134/><D105/><U98/><E38/><V123/><F79/><W100/><G100/><T51/><D116/><U12/><E70/><V40/><F40/><W36/><G114/><T69/><D27/><U30/><E65/><V6/><F6/><W58/><G47/><T92/><D42/><U52/><E52/><V34/><REACH who="2" step="1"/><F60/><REACH who="2" ten="270,250,201,269" step="2"/><W3/><G3/><N who="0" m="63" /><D53/><U68/><E4/><V67/><F67/><AGARI ba="0,1" hai="48,51,61,67,69,87,88,92,132,134,135" m="63" machi="67" ten="30,2000,0" yaku="20,1,54,1" doraHai="31" who="0" fromWho="2" sc="270,30,250,0,201,-20,269,0" /><INIT seed="3,0,0,1,4,93" ten="300,250,181,269" oya="3" hai0="48,133,99,119,126,89,64,98,52,32,114,11,103" hai1="25,34,121,16,88,42,80,101,10,110,106,66,70" hai2="134,59,65,127,0,118,12,28,54,132,111,44,108" hai3="45,38,50,58,17,61,91,29,53,35,122,3,68"/><W20/><G122/><T2/><D119/><U78/><E121/><V18/><F0/><W90/><G3/><T40/><D32/><U87/><E110/><N who="2" m="42027" /><F28/><W113/><G113/><T104/><D114/><U46/><E10/><V39/><F12/><W92/><G35/><T85/><D126/><U69/><E66/><V13/><F13/><W102/><G29/><T43/><D133/><N who="2" m="51306" /><F18/><W55/><G38/><T109/><D99/><U96/><E78/><V26/><F26/><N who="3" m="14607" /><G68/><T84/><D84/><U112/><E112/><V82/><F82/><W23/><G23/><T57/><D64/><U31/><E16/><V37/><F118/><W71/><G71/><T94/><REACH who="0" step="1"/><D109/><REACH who="0" ten="290,250,181,269" step="2"/><U63/><E63/><N who="2" m="38143" /><F127/><W47/><G47/><T15/><D15/><U4/><E4/><AGARI ba="0,1" hai="2,4,11,40,43,48,52,57,85,89,94,98,103,104" machi="4" ten="40,5200,0" yaku="1,1,52,1,54,1,53,0" doraHai="93" doraHaiUra="27" who="0" fromWho="1" sc="290,62,250,-52,181,0,269,0" owari="352,45.2,198,-20.2,181,-31.9,269,6.9" /></mjloggm>