<mjloggm ver="2.3"><GO type="225" lobby="0"/><UN n0="%E3%82%8C%E3%81%99%E3%81%93" n1="%E6%9C%88%E5%B3%B6%E5%9F%BA" n2="%33%74%72%65%65" n3="%E6%A1%9C%E8%8A%B1%E9%96%83%E3%80%85" dan="17,17,16,17" rate="2177.28,2180.80,2107.68,2276.83" sx="F,M,F,M"/><TAIKYOKU oya="0"/><INIT seed="0,0,0,5,5,108" ten="250,250,250,250" oya="0" hai0="19,131,92,85,123,56,64,67,12,106,83,29,16" hai1="134,104,80,115,20,22,11,77,34,89,63,59,39" hai2="36,75,128,68,24,129,37,114,2,23,95,87,126" hai3="127,110,45,94,88,105,43,79,7,28,116,97,48"/><T21/><D123/><U62/><E34/><V102/><F75/><W60/><G116/><T18/><D106/><U118/><E118/><V81/><F2/><W101/><G110/><T30/><D131/><N who="2" m="50250" /><F68/><W5/><G127/><T9/><D92/><U27/><E39/><V50/><F126/><W90/><G28/><N who="0" m="10859" /><D56/><U132/><E104/><V54/><F102/><W31/><G31/><T122/><D122/><U99/><E11/><V44/><F95/><W38/><G38/><T98/><D98/><U103/><E103/><V125/><F114/><W91/><G105/><T42/><D42/><U8/><E8/><V135/><F135/><W15/><G79/><N who="0" m="46335" /><D19/><U82/><E99/><V120/><F120/><W57/><REACH who="3" step="1"/><G15/><AGARI ba="0,0" hai="9,12,15,16,18,21,64,67" m="46335,10859" machi="15" ten="30,2900,0" yaku="8,1,54,1" doraHai="108" who="0" fromWho="3" sc="250,29,250,0,250,0,250,-29" /><INIT seed="0,1,0,3,4,2" ten="279,250,250,221" oya="0" hai0="12,85,46,97,10,114,115,14,110,121,47,71,11" hai1="4,88,20,31,86,22,76,109,120,51,69,80,16" hai2="87,25,106,107,0,56,18,119,7,55,90,45,60" hai3="91,19,32,125,1,127,5,75,82,94,57,122,65"/><T83/><D121/><U131/><E120/><V52/><F119/><W124/><G122/><T79/><D71/><U130/><E69/><V6/><F0/><W81/><G32/><T116/><D116/><U41/><E109/><V101/><F101/><W100/><G100/><T9/><D110/><U63/><E63/><V89/><F107/><W102/><G102/><T26/><D97/><U78/><E31/><V50/><F106/><W128/><G128/><N who="1" m="49194" /><E22/><N who="2" m="13527" /><F90/><W96/><G19/><T103/><D103/><U29/><E29/><V112/><F112/><W74/><G57/><T105/><D105/><U44/><E4/><V58/><F58/><W8/><REACH who="3" step="1"/><G65/><REACH who="3" ten="279,250,250,211" step="2"/><T21/><D115/><U24/><AGARI ba="1,1" hai="16,20,24,41,44,51,76,78,80,86,88" m="49194" machi="24" ten="30,4000,0" yaku="19,1,54,2" doraHai="2" who="1" fromWho="1" sc="279,-21,250,53,250,-11,211,-11" /><INIT seed="1,0,0,5,1,15" ten="258,303,239,200" oya="1" hai0="106,42,77,133,119,105,74,128,79,0,92,123,121" hai1="82,2,90,130,46,48,51,72,75,65,22,49,32" hai2="69,81,89,8,111,58,116,80,54,3,59,95,73" hai3="63,37,60,115,41,43,94,17,84,10,52,57,126"/><U61/><E32/><V14/><F69/><W114/><G126/><T38/><D0/><U9/><E130/><V23/><F116/><W20/><G10/><T11/><D11/><U31/><E46/><V34/><F34/><W134/><G134/><T88/><D42/><N who="3" m="15881" /><G37/><T127/><D38/><U12/><E2/><V33/><F33/><W96/><G115/><T103/><D119/><U24/><E90/><V110/><F3/><W97/><G114/><T124/><D133/><U21/><E82/><V108/><F23/><W135/><G135/><T91/><D103/><U67/><E22/><V78/><F80/><W104/><G104/><T1/><D1/><U27/><E27/><V53/><F59/><N who="3" m="34919" /><G94/><T6/><D6/><U76/><E72/><V129/><F129/><W44/><G84/><T26/><D92/><U101/><E75/><V56/><F56/><W118/><G44/><T83/><D74/><U86/><E86/><N who="2" m="52663" /><F58/><W47/><G47/><T87/><D128/><U98/><E9/><V28/><F28/><W66/><G118/><T29/><D87/><U132/><E31/><V18/><AGARI ba="0,0" hai="8,14,18,53,54,73,78,81,108,110,111" m="52663" machi="18" ten="30,2000,0" yaku="14,1,52,1" doraHai="15" who="2" fromWho="2" sc="258,-5,303,-10,239,20,200,-5" /><INIT seed="2,0,0,2,1,100" ten="253,293,259,195" oya="2" hai0="118,19,43,60,41,93,15,126,33,110,112,125,87" hai1="70,101,57,103,35,55,59,48,56,23,6,82,115" hai2="109,58,12,29,47,63,99,107,61,120,69,124,113" hai3="26,80,14,129,88,116,4,28,106,76,51,83,132"/><V68/><F113/><W36/><G116/><T20/><D112/><U90/><E35/><V22/><F120/><W77/><G36/><T122/><D122/><U128/><E70/><V130/><F130/><W111/><G129/><T73/><D73/><U94/><E128/><V133/><F133/><W27/><G132/><T44/><D110/><U89/><E115/><V117/><F117/><W45/><G111/><T114/><D114/><U31/><E6/><V25/><F109/><W65/><G65/><T8/><D33/><U0/><E0/><V72/><F72/><W98/><G106/><T42/><D118/><U30/><E82/><N who="3" m="31274" /><G14/><T105/><D105/><U97/><E101/><V49/><F12/><W66/><G66/><T16/><D60/><U13/><E13/><V37/><F37/><W119/><G4/><T85/><D44/><N who="1" m="28039" /><E30/><V40/><F63/><W86/><G98/><T39/><D39/><U135/><E135/><V18/><F29/><W108/><G108/><T1/><D1/><U123/><E123/><V71/><F71/><W64/><G64/><T5/><D5/><U46/><E46/><V32/><F69/><W9/><G119/><T2/><D2/><U96/><E96/><V91/><F68/><W92/><G9/><T34/><D34/><U7/><E7/><V10/><F32/><N who="3" m="20503" /><G27/><AGARI ba="0,0" hai="23,27,31,56,57,59,89,90,94,97,103" m="28039" machi="27" ten="30,1000,0" yaku="8,1" doraHai="100" who="1" fromWho="3" sc="253,0,293,10,259,0,195,-10" /><INIT seed="3,0,0,1,1,9" ten="253,303,259,185" oya="3" hai0="32,55,87,3,64,16,76,86,27,50,49,1,42" hai1="84,83,95,71,74,18,120,67,100,26,96,98,70" hai2="44,60,61,82,90,97,112,107,114,41,81,24,6" hai3="88,101,48,127,52,45,104,77,111,102,109,133,29"/><W46/><G127/><T110/><D110/><N who="3" m="41993" /><G133/><T68/><D42/><U89/><E120/><V85/><F6/><W91/><G77/><T4/><D50/><U31/><E74/><V99/><F24/><W10/><G29/><T38/><D38/><U28/><E71/><V54/><F81/><W113/><G113/><T115/><D115/><U11/><E70/><V21/><F21/><W56/><G10/><T2/><D4/><U108/><E67/><V131/><F131/><W121/><G121/><T69/><D64/><U40/><E108/><V92/><F107/><W118/><G118/><T94/><D32/><U75/><E75/><V33/><F33/><W25/><G25/><T132/><D132/><U19/><E31/><V0/><F114/><W58/><G58/><T47/><D76/><U23/><E11/><V126/><F112/><W22/><G22/><T14/><D27/><U124/><E124/><V63/><F126/><W116/><G116/><T93/><D69/><U12/><E28/><V134/><F134/><W78/><G78/><T62/><D68/><U128/><E26/><V73/><F73/><W66/><G66/><T39/><D39/><U51/><E23/><V72/><F72/><W35/><G35/><T129/><D129/><U135/><E128/><V36/><F36/><W7/><G7/><T79/><D79/><U5/><E135/><V80/><F0/><W34/><G34/><T30/><D30/><U8/><E5/><V103/><F44/><N who="3" m="17003" /><G104/><T130/><D130/><U53/><E8/><V65/><F65/><W117/><G117/><T125/><D125/><RYUUKYOKU ba="0,0" sc="253,-10,303,-10,259,-10,185,30" hai3="48,52,56,88,91,101,102" /><INIT seed="3,1,0,1,2,68" ten="243,293,249,215" oya="3" hai0="92,70,64,106,39,102,0,111,132,12,88,46,40" hai1="118,93,130,58,67,6,44,43,128,65,77,82,18" hai2="19,7,89,78,129,36,101,71,110,45,61,20,97" hai3="109,63,79,134,53,107,33,135,28,22,133,75,95"/><W124/><G107/><T83/><D0/><U72/><E118/><V116/><F116/><W115/><G115/><T81/><D111/><U29/><E29/><V59/><F110/><W131/><G109/><T26/><D132/><N who="3" m="33793" /><W4/><DORA hai="10" /><G131/><N who="1" m="50218" /><E6/><V117/><F7/><W105/><G105/><T69/><D26/><U125/><E125/><V104/><F104/><W38/><G124/><T25/><D25/><U99/><E18/><V112/><F19/><W103/><G33/><T41/><D41/><U66/><E58/><V30/><F59/><N who="3" m="35311" /><G4/><T9/><D106/><U108/><E108/><V62/><F112/><W13/><G13/><T34/><D34/><U91/><E67/><V14/><F14/><W54/><G54/><T85/><D64/><U42/><E42/><V37/><F129/><W50/><G50/><AGARI ba="1,0" hai="43,44,50,65,66,72,77,82,91,93,99" m="50218" machi="50" ten="30,1000,0" yaku="19,1" doraHai="68,10" who="1" fromWho="3" sc="243,0,293,13,249,0,215,-13" owari="243,-15.7,306,40.6,249,4.9,202,-29.8" /></mjloggm>