<mjloggm ver="2.3"><GO type="225" lobby="0"/><UN n0="%E9%A6%AC%E5%BC%95%E7%81%AB%33" n1="%70%6F%69%73%6F%6E%30%32" n2="%E5%85%83%E3%82%AB%E3%83%8E%E7%B3%BB%E3%83%92%E3%83%AD%E3%82%A4%E3%83%B3" n3="%EF%BC%AE%EF%BC%A1%EF%BC%AF%33%33%39" dan="17,16,16,16" rate="2120.12,2115.34,2202.45,2128.72" sx="M,M,M,M"/><TAIKYOKU oya="0"/><INIT seed="0,0,0,3,4,117" ten="250,250,250,250" oya="0" hai0="75,23,123,103,121,76,27,45,135,47,126,25,11" hai1="85,67,6,74,62,115,127,52,79,93,36,134,128" hai2="82,80,68,89,101,32,39,84,58,63,51,86,22" hai3="116,0,56,53,97,69,49,71,95,28,3,131,90"/><T19/><D126/><U104/><E36/><V15/><F32/><W109/><G116/><T35/><D135/><U100/><E134/><V48/><F39/><W65/><G28/><T130/><D130/><U10/><E74/><V43/><F68/><W13/><G131/><T77/><D103/><U34/><E34/><V102/><F15/><W64/><G109/><T33/><D11/><U5/><E128/><V41/><F22/><W112/><G112/><T72/><D23/><U14/><E127/><V24/><F24/><W132/><G132/><T133/><D133/><U129/><E129/><V29/><F63/><W17/><G69/><T4/><D19/><U107/><E6/><AGARI ba="0,0" hai="4,6,25,27,33,35,45,47,72,75,76,77,121,123" machi="6" ten="25,9600,0" yaku="22,2,52,2" doraHai="117" who="0" fromWho="1" sc="250,96,250,-96,250,0,250,0" /><INIT seed="0,1,0,1,5,38" ten="346,154,250,250" oya="0" hai0="97,56,127,99,66,112,93,94,129,103,118,39,81" hai1="20,95,48,91,67,68,31,47,114,102,33,73,55" hai2="71,22,5,16,63,75,26,7,45,14,110,43,30" hai3="109,34,59,50,134,61,10,44,28,17,79,15,77"/><T2/><D112/><U32/><E73/><V19/><F75/><W12/><G109/><T6/><D118/><U121/><E121/><V108/><F71/><W135/><G15/><T117/><D127/><U62/><E114/><V23/><F63/><W85/><G28/><T57/><D129/><U3/><E3/><V120/><F120/><W80/><G34/><T64/><D39/><U82/><E82/><V1/><F30/><W51/><G79/><T96/><D117/><U104/><E102/><V92/><F92/><W9/><G9/><T60/><D81/><U74/><E74/><V11/><REACH who="2" step="1"/><F5/><REACH who="2" ten="346,154,240,250" step="2"/><W105/><G105/><T24/><D94/><U124/><E104/><V116/><F116/><W4/><G4/><T18/><D93/><U52/><E124/><V122/><F122/><W42/><REACH who="3" step="1"/><G51/><AGARI ba="1,1" hai="1,7,11,14,16,19,22,23,26,43,45,51,108,110" machi="51" ten="40,5200,0" yaku="1,1,52,1,54,1,53,0" doraHai="38" doraHaiUra="126" who="2" fromWho="3" sc="346,0,154,0,240,65,250,-55" /><INIT seed="1,0,0,4,5,41" ten="346,154,305,195" oya="1" hai0="102,47,90,3,63,133,128,84,134,118,64,132,18" hai1="53,40,96,37,11,19,7,91,101,67,82,121,38" hai2="107,93,10,45,129,73,16,113,77,130,39,100,94" hai3="111,74,21,57,17,81,70,95,5,125,44,85,22"/><U135/><E121/><V43/><F113/><W27/><G70/><T78/><D118/><U14/><E135/><V25/><F107/><W83/><G74/><T36/><D128/><N who="2" m="49258" /><F100/><W29/><G5/><T103/><D3/><U105/><E67/><V32/><F32/><W97/><G111/><T119/><D78/><U58/><E7/><V87/><F73/><W88/><G125/><T79/><D79/><U127/><E127/><V54/><F54/><W104/><G104/><T116/><D18/><U66/><E66/><V80/><F25/><W72/><G72/><T8/><D8/><U34/><E34/><V123/><F123/><W26/><G85/><T12/><D12/><AGARI ba="0,0" hai="10,12,16,39,43,45,77,80,87,93,94" m="49258" machi="12" ten="30,3900,0" yaku="19,1,52,1,54,1" doraHai="41" who="2" fromWho="0" sc="346,-39,154,0,305,39,195,0" /><INIT seed="2,0,0,5,1,91" ten="307,154,344,195" oya="2" hai0="14,43,60,44,78,39,80,4,92,54,53,8,108" hai1="84,104,72,70,94,2,7,56,123,37,102,32,85" hai2="122,97,46,118,83,34,124,11,130,52,19,127,47" hai3="105,65,129,131,71,86,3,17,59,67,106,82,79"/><V58/><F118/><W66/><G71/><T113/><D108/><U117/><E70/><V68/><F122/><W87/><G3/><T135/><D135/><U26/><E37/><V49/><F34/><W28/><G28/><T1/><D113/><U64/><E72/><V116/><F116/><W73/><G59/><T111/><D111/><U15/><E2/><V115/><F115/><W61/><G61/><T95/><D14/><U51/><E117/><V18/><F68/><W69/><G69/><T128/><D128/><N who="3" m="49225" /><G17/><N who="2" m="6153" /><F130/><W42/><G42/><T20/><D20/><U48/><E104/><AGARI ba="0,0" hai="65,66,67,73,79,82,86,87,104,105,106" m="49225" machi="104" ten="40,1300,0" yaku="19,1" doraHai="91" who="3" fromWho="1" sc="307,0,154,-13,344,0,195,13" /><INIT seed="3,0,0,0,2,53" ten="307,141,344,208" oya="3" hai0="52,69,60,115,2,39,3,40,67,8,65,62,34" hai1="51,12,124,41,78,31,129,14,1,82,100,27,32" hai2="117,83,87,46,84,130,103,7,58,68,47,44,80" hai3="113,55,22,29,35,121,86,114,94,73,132,99,30"/><W18/><G73/><T20/><D34/><U0/><E129/><V96/><F68/><W10/><G121/><T90/><D115/><U64/><E124/><V127/><F117/><W93/><G35/><T109/><D109/><U98/><E1/><V89/><F127/><W123/><G123/><T54/><D20/><U15/><E0/><V11/><F130/><W25/><G132/><T134/><D134/><U106/><E51/><V133/><F133/><W37/><G37/><T79/><D79/><U88/><E41/><V116/><F116/><W112/><G10/><T23/><D23/><U111/><E64/><V48/><F58/><W120/><G120/><T36/><D90/><U97/><E111/><V74/><F74/><W77/><G55/><T104/><D104/><U16/><E98/><V71/><F71/><W45/><G45/><T118/><D118/><U24/><E24/><V6/><F48/><W56/><G56/><T4/><D2/><U75/><REACH who="1" step="1"/><E88/><REACH who="1" ten="307,131,344,208" step="2"/><V49/><F49/><W72/><G99/><T43/><D43/><U91/><E91/><V57/><F89/><W92/><G112/><T28/><D28/><U131/><E131/><V102/><F96/><W13/><G113/><T59/><D40/><U135/><E135/><V105/><F102/><W126/><G126/><T50/><D54/><U110/><E110/><V42/><F103/><W122/><G114/><T108/><D108/><U5/><E5/><V19/><F42/><W21/><G122/><T17/><D17/><U128/><E128/><V125/><F19/><W9/><G18/><T107/><D4/><RYUUKYOKU ba="0,1" sc="307,-10,131,30,344,-10,208,-10" hai1="12,14,15,16,27,31,32,75,78,82,97,100,106" owari="297,9.7,161,-33.9,344,44.4,198,-20.2" /></mjloggm>