<mjloggm ver="2.3"><GO type="225" lobby="0"/><UN n0="%E3%83%96%E3%83%83%E3%83%91%E3%82%AA%E3%83%96%E3%83%81%E3%82%AD%E3%83%B3" n1="%E3%81%BF%E3%81%BF%E3%81%9A" n2="%E3%81%8B%E3%82%8F%E3%81%A1%E3%82%83%E3%82%93%35%38" n3="%E3%83%A9%E3%83%BC%E3%83%A1%E3%83%B3%E4%BA%94%E9%83%8E" dan="16,17,16,16" rate="2154.69,2251.08,2150.52,2168.47" sx="M,M,M,M"/><TAIKYOKU oya="0"/><INIT seed="0,0,0,1,0,45" ten="250,250,250,250" oya="0" hai0="24,104,74,51,18,15,63,116,83,30,35,99,26" hai1="66,5,87,69,17,4,113,47,94,102,92,101,48" hai2="41,46,79,14,73,72,21,71,61,43,68,32,36" hai3="10,127,22,120,52,60,130,39,13,91,82,44,55"/><T49/><D116/><U23/><E113/><V57/><F32/><W59/><G127/><T129/><D129/><U2/><E69/><V33/><F33/><W111/><G130/><T12/><D74/><U38/><E38/><V56/><F79/><W84/><G111/><T78/><D26/><U89/><E66/><V54/><F14/><W9/><G120/><T93/><D104/><U128/><E128/><V81/><F81/><W28/><G39/><T31/><D63/><U133/><E133/><V85/><F85/><W121/><G121/><T88/><D31/><U112/><E112/><V25/><F21/><W103/><G103/><N who="1" m="39434" /><E94/><V77/><F77/><W0/><G0/><T27/><D27/><N who="1" m="14831" /><E2/><V100/><F100/><W7/><G9/><T16/><D18/><U124/><E124/><V106/><F25/><N who="3" m="16439" /><G44/><T109/><D109/><U107/><E107/><V114/><F106/><W97/><G97/><T131/><D131/><U117/><E117/><V29/><F29/><W134/><G134/><T1/><D1/><U90/><E89/><V108/><F114/><W40/><G40/><AGARI ba="0,0" hai="4,5,40,47,48,87,90,92" m="14831,39434" machi="40" ten="30,2000,0" yaku="8,1,52,1" doraHai="45" who="1" fromWho="3" sc="250,0,250,20,250,0,250,-20" /><INIT seed="1,0,0,4,5,102" ten="250,270,250,230" oya="1" hai0="24,90,8,21,96,29,6,81,36,2,122,106,53" hai1="75,16,134,85,57,48,91,39,52,27,104,40,101" hai2="86,84,117,124,13,82,26,130,78,97,49,23,68" hai3="83,18,56,87,22,77,33,60,10,72,7,135,11"/><U37/><E75/><V3/><F3/><W46/><G135/><T45/><D122/><U65/><E134/><V119/><F68/><W126/><G126/><T131/><D131/><U110/><E65/><V95/><F124/><W112/><G112/><T66/><D66/><U67/><E67/><V9/><F130/><W4/><G33/><T114/><D114/><U123/><E123/><V34/><F34/><W69/><G69/><T62/><D62/><U0/><E0/><V99/><F49/><W51/><G72/><T58/><D36/><U47/><E110/><V92/><F117/><W100/><G100/><T132/><D132/><U54/><E54/><V118/><F118/><W74/><G74/><T79/><D45/><U20/><E101/><V94/><F86/><W76/><G76/><T111/><D111/><U64/><E64/><V107/><F107/><W1/><G56/><T41/><D41/><U121/><E121/><V73/><F73/><W70/><G60/><T105/><D90/><U44/><E104/><V88/><F99/><W14/><G70/><T103/><D58/><U129/><E129/><V116/><F116/><W38/><G38/><T89/><D89/><U12/><E27/><V50/><F50/><W5/><REACH who="3" step="1"/><G1/><REACH who="3" ten="250,270,250,220" step="2"/><T63/><D63/><U80/><E44/><V31/><F119/><W98/><G98/><T32/><D32/><U115/><E115/><V93/><F93/><W15/><G15/><T128/><D128/><U55/><E39/><V108/><F108/><W17/><G17/><AGARI ba="0,1" hai="9,13,17,23,26,31,78,82,84,88,92,94,95,97" machi="17" ten="30,3900,0" yaku="7,1,8,1,54,1" doraHai="102" who="2" fromWho="3" sc="250,0,270,0,250,49,220,-39" /><INIT seed="2,0,0,5,5,107" ten="250,270,299,181" oya="2" hai0="100,114,86,38,14,80,120,69,37,23,88,12,103" hai1="59,63,95,67,125,124,66,129,39,72,44,97,53" hai2="0,43,105,131,52,83,61,9,40,26,35,28,32" hai3="18,101,60,58,19,102,17,30,115,89,56,126,76"/><V74/><F105/><W134/><G126/><N who="1" m="48746" /><E129/><V51/><F35/><W90/><G134/><T68/><D120/><U49/><E72/><V93/><F131/><W3/><G3/><T135/><D135/><U29/><E29/><V133/><F133/><W62/><G115/><T33/><D114/><U75/><E75/><V130/><F130/><W81/><G30/><T128/><D128/><U48/><E39/><V87/><F61/><W118/><G118/><T64/><D33/><U127/><N who="1" m="48754" /><U108/><DORA hai="65" /><E108/><V22/><F93/><W73/><G102/><T10/><D64/><N who="1" m="24619" /><E44/><V70/><F74/><W122/><G122/><T94/><D23/><U106/><E106/><V42/><F32/><W99/><G62/><T16/><D14/><U27/><E27/><V25/><F25/><W85/><G60/><T116/><D116/><U91/><AGARI ba="0,0" hai="48,49,53,59,63,91,95,97" m="24619,48754" machi="91" ten="40,1500,0" yaku="18,1" doraHai="107,65" who="1" fromWho="1" sc="250,-4,270,15,299,-7,181,-4" /><INIT seed="3,0,0,5,0,75" ten="246,285,292,177" oya="3" hai0="63,42,125,58,22,90,98,19,119,55,60,4,65" hai1="80,81,34,134,23,14,9,135,62,111,33,1,88" hai2="120,132,26,109,89,73,100,15,44,61,92,2,106" hai3="71,113,93,36,74,96,67,47,57,10,122,103,12"/><W28/><G113/><T18/><D125/><U51/><E111/><V69/><F2/><W68/><G122/><T40/><D119/><U6/><E62/><V39/><F73/><W76/><G28/><T97/><D4/><U105/><E105/><V30/><F100/><W35/><G35/><T37/><D37/><U126/><E51/><V21/><F106/><W86/><G74/><T108/><D108/><U104/><E104/><V127/><F109/><W66/><G36/><T46/><D19/><N who="1" m="10743" /><E81/><V102/><F102/><W17/><G47/><T101/><D90/><U133/><E126/><V99/><F127/><W56/><G71/><T118/><D118/><U20/><E20/><V84/><F132/><W25/><G25/><T114/><D114/><U131/><E131/><V29/><F29/><W95/><G68/><T16/><D18/><U27/><E27/><V52/><F120/><W129/><G129/><T128/><D128/><U50/><E50/><N who="2" m="28743" /><F69/><W32/><G32/><T112/><D112/><U83/><E83/><V8/><F39/><W123/><G123/><T91/><D101/><U7/><E6/><N who="2" m="3479" /><F61/><W121/><G121/><T72/><D72/><U110/><E110/><V85/><AGARI ba="0,0" hai="21,26,30,84,85,89,92,99" m="3479,28743" machi="85" ten="30,2000,0" yaku="8,1,54,1" doraHai="75" who="2" fromWho="2" sc="246,-5,285,-5,292,20,177,-10" owari="241,-15.9,280,8.0,312,41.2,167,-33.3" /></mjloggm>