<mjloggm ver="2.3"><GO type="225" lobby="0"/><UN n0="%E6%98%93%E5%88%A9%E8%96%A9%E4%BC%AF" n1="%E3%82%B3%E3%83%90%E3%83%AC%E3%82%A4" n2="%E3%83%8F%E3%83%B3%E3%83%89%E3%83%A9%E3%83%BC%E3%83%BB%E3%83%AF%E3%83%B3" n3="%E3%81%8B%E3%82%8F%E3%81%A1%E3%82%83%E3%82%93%35%38" dan="17,16,17,16" rate="2180.80,2161.57,2222.10,2132.42" sx="F,M,M,M"/><TAIKYOKU oya="0"/><INIT seed="0,0,0,1,4,34" ten="250,250,250,250" oya="0" hai0="110,124,125,39,0,27,131,130,90,62,15,1,30" hai1="107,44,58,85,37,132,128,10,129,46,33,101,3" hai2="64,74,77,76,17,23,106,134,6,45,78,57,71" hai3="2,126,87,116,63,89,81,47,118,7,53,96,13"/><T72/><D72/><U11/><E33/><V108/><F106/><W93/><G126/><N who="0" m="48747" /><D39/><U21/><E107/><V104/><F104/><W59/><G13/><T36/><D36/><U95/><E21/><V121/><F121/><W102/><REACH who="3" step="1"/><G47/><REACH who="3" ten="250,250,250,240" step="2"/><T40/><D15/><U109/><E44/><V32/><F45/><W29/><G29/><T20/><D110/><U42/><E109/><V28/><F28/><W24/><G24/><T31/><D31/><U83/><E46/><V98/><F108/><W112/><G112/><T14/><D40/><U73/><E37/><V49/><F134/><W19/><G19/><N who="0" m="10359" /><D62/><U38/><E42/><V55/><F17/><W26/><G26/><T88/><D27/><U4/><E38/><V80/><F6/><W9/><AGARI ba="0,1" hai="2,7,9,53,59,63,81,87,89,93,96,102,116,118" machi="9" ten="30,4000,0" yaku="1,1,0,1,52,1,53,0" doraHai="34" doraHaiUra="117" who="3" fromWho="3" sc="250,-20,250,-10,250,-10,240,50" /><INIT seed="1,0,0,5,4,14" ten="230,240,240,290" oya="1" hai0="59,131,45,97,128,27,31,11,15,30,35,91,10" hai1="43,89,96,106,25,71,98,65,114,13,52,102,99" hai2="1,62,5,39,64,55,119,32,37,117,126,112,109" hai3="9,101,40,76,53,95,100,73,21,103,111,63,113"/><U44/><E114/><V67/><F32/><W47/><G113/><T132/><D132/><U7/><E25/><V105/><F105/><W121/><G121/><T92/><D31/><U20/><E89/><V86/><F86/><W48/><G73/><T8/><D45/><U90/><E90/><V118/><F5/><W18/><G76/><T60/><REACH who="0" step="1"/><D15/><REACH who="0" ten="220,240,240,290" step="2"/><U129/><E129/><V116/><F116/><W69/><G111/><T34/><D34/><U124/><E124/><V57/><F112/><W88/><G9/><T82/><D82/><U77/><E77/><V28/><F28/><W133/><G133/><T0/><D0/><U84/><E106/><V68/><F1/><W107/><G107/><T22/><D22/><U38/><E102/><V83/><F83/><W66/><G101/><T80/><D80/><U12/><E20/><V78/><F78/><W33/><G33/><T19/><D19/><U125/><E125/><V74/><F126/><W115/><G115/><T58/><D58/><U54/><E7/><V75/><F109/><W87/><G40/><T49/><D49/><U120/><E120/><V110/><F110/><W4/><G4/><T104/><D104/><U16/><E13/><AGARI ba="0,1" hai="13,18,21,47,48,53,63,66,69,87,88,95,100,103" machi="13" ten="30,3900,0" yaku="7,1,52,1,54,1" doraHai="14" who="3" fromWho="1" sc="220,0,240,-39,240,0,290,49" /><INIT seed="2,0,0,0,4,91" ten="220,201,240,339" oya="2" hai0="131,52,1,48,53,107,55,11,111,122,108,49,75" hai1="88,125,56,69,100,104,28,5,43,109,103,92,21" hai2="20,8,72,115,95,113,41,12,34,114,19,65,73" hai3="3,87,46,17,126,66,50,42,83,81,23,132,128"/><V129/><F34/><W29/><G3/><T10/><D107/><U116/><E69/><V134/><F129/><W7/><G7/><T35/><D35/><U26/><E116/><V18/><F134/><W14/><G132/><T80/><D122/><U106/><E104/><V71/><F41/><W2/><G2/><T68/><D68/><U112/><E112/><V84/><F65/><W13/><G128/><T67/><D67/><U121/><E121/><V102/><F71/><W135/><G135/><T27/><D27/><U0/><E106/><V38/><F38/><W77/><G126/><T22/><D22/><U63/><E125/><V62/><F62/><W36/><G29/><T58/><D131/><U110/><E43/><V64/><F64/><W9/><G66/><T119/><D119/><U86/><E5/><V99/><REACH who="2" step="1"/><F84/><REACH who="2" ten="220,201,230,339" step="2"/><N who="3" m="48175" /><G36/><T93/><D75/><U97/><E0/><V47/><F47/><W70/><G70/><T25/><D58/><U96/><E110/><V82/><F82/><W120/><G120/><T105/><D80/><U16/><E109/><V61/><F61/><W15/><G83/><T57/><D57/><U78/><E78/><V133/><F133/><W40/><G40/><T30/><D111/><U127/><E127/><V74/><F74/><W45/><G45/><T85/><D108/><U33/><E96/><V54/><F54/><W76/><G76/><T123/><D55/><N who="1" m="34207" /><E86/><V117/><F117/><W4/><G87/><T24/><D85/><U94/><E33/><V44/><F44/><W39/><G39/><T89/><D123/><U32/><E32/><RYUUKYOKU ba="0,1" sc="220,-15,201,-15,230,15,339,15" hai2="8,12,18,19,20,72,73,95,99,102,113,114,115" hai3="4,9,13,14,15,17,23,42,46,50" /><INIT seed="2,1,1,4,0,25" ten="205,186,245,354" oya="2" hai0="48,82,98,43,59,96,84,7,2,47,9,42,102" hai1="100,109,83,44,113,36,72,64,114,122,105,24,1" hai2="94,75,74,126,107,76,104,0,97,129,112,20,50" hai3="71,57,91,40,14,31,108,51,21,3,45,15,30"/><V131/><F0/><W111/><G71/><T124/><D124/><U87/><E122/><V121/><F50/><W95/><G3/><T117/><D117/><U78/><E64/><V81/><F20/><W55/><G14/><T115/><D115/><U70/><E70/><V28/><F28/><W63/><G111/><T54/><D102/><U127/><E109/><V34/><F34/><W103/><G103/><T118/><D118/><U16/><E127/><V33/><F33/><W11/><G21/><T85/><D43/><U86/><E1/><V26/><F26/><W35/><G35/><T73/><D85/><U68/><E68/><V110/><F110/><W106/><G106/><N who="2" m="40489" /><F126/><W89/><G89/><T27/><D73/><N who="2" m="27658" /><F112/><W123/><G123/><T80/><D80/><U58/><E58/><V10/><F10/><W120/><G120/><T99/><D27/><U134/><E114/><V79/><F121/><W67/><G40/><T56/><REACH who="0" step="1"/><D42/><REACH who="0" ten="195,186,245,354" step="2"/><N who="1" m="22599" /><E113/><V93/><F81/><W4/><G108/><T66/><D66/><U88/><E24/><V38/><F97/><AGARI ba="1,2" hai="4,11,15,30,31,45,51,55,57,63,67,91,95,97" machi="97" ten="30,7700,0" yaku="7,1,8,1,52,2" doraHai="25" who="3" fromWho="2" sc="195,0,186,0,245,-80,354,100" /><INIT seed="3,0,0,1,3,5" ten="195,186,165,454" oya="3" hai0="57,41,89,103,72,93,114,104,21,133,22,97,82" hai1="98,15,20,52,67,61,64,40,85,49,121,115,128" hai2="59,80,17,32,11,134,107,1,79,47,18,109,106" hai3="26,101,24,70,78,119,42,113,111,13,56,39,12"/><W54/><G113/><T94/><D94/><U45/><E115/><V55/><F32/><W63/><G119/><T16/><D114/><U84/><E121/><V117/><F117/><W88/><G111/><T100/><D41/><U33/><E33/><V9/><F109/><W66/><G101/><N who="0" m="62511" /><D57/><N who="1" m="34983" /><E98/><V131/><F131/><W76/><G76/><N who="0" m="44295" /><D133/><U74/><E74/><V3/><F134/><W31/><G78/><T58/><D58/><U81/><E128/><V102/><F47/><W122/><G122/><T71/><D71/><U87/><E81/><V120/><F120/><W4/><G88/><T73/><D73/><U7/><E20/><N who="0" m="7785" /><D16/><U44/><E44/><V34/><F34/><W35/><G24/><T96/><D96/><U92/><E92/><V53/><F79/><W25/><G25/><T105/><D105/><U48/><E48/><V0/><F80/><W19/><G4/><T130/><D130/><U69/><E69/><V125/><F0/><W65/><G65/><T127/><D127/><U6/><E6/><V51/><F59/><W110/><G110/><T116/><D116/><U108/><E108/><V2/><F2/><W126/><G126/><T95/><D95/><U129/><E129/><V132/><F125/><W46/><REACH who="3" step="1"/><G19/><REACH who="3" ten="195,186,165,444" step="2"/><T36/><D103/><U118/><E118/><V123/><F102/><W37/><G37/><T43/><D36/><U29/><E29/><V68/><F132/><W8/><G8/><AGARI ba="0,1" hai="7,8,15,40,45,49,64,67,84,85,87" m="34983" machi="8" ten="30,3900,0" yaku="8,1,52,1,54,1" doraHai="5" who="1" fromWho="3" sc="195,0,186,49,165,0,444,-39" owari="195,-20.5,235,3.5,165,-33.5,405,50.5" /></mjloggm>