<mjloggm ver="2.3"><GO type="225" lobby="0"/><UN n0="%E3%83%A9%E3%82%B9%E7%8E%87%EF%BC%93%E5%89%B2" n1="%33%74%72%65%65" n2="%E5%8D%A0%E3%81%84%E5%B8%AB%E8%A3%8F%E3%81%AA%E3%81%84%E3%81%97" n3="%73%61%6B%6F%EF%BC%A0%E6%9C%80" dan="16,16,17,17" rate="2209.40,2169.87,2185.59,2186.22" sx="F,F,M,M"/><TAIKYOKU oya="0"/><INIT seed="0,0,0,5,4,124" ten="250,250,250,250" oya="0" hai0="49,37,33,118,79,112,27,125,6,41,54,69,132" hai1="18,24,121,127,10,60,8,86,62,135,100,47,57" hai2="122,96,13,91,101,44,56,50,23,72,61,74,90" hai3="36,81,28,26,131,99,82,134,76,120,83,123,89"/><T98/><D112/><U104/><E121/><N who="3" m="46666" /><G36/><T78/><D118/><U109/><E127/><V4/><F122/><W111/><G111/><T51/><D69/><U133/><E109/><V58/><F74/><W35/><G134/><N who="1" m="51210" /><E47/><V9/><F72/><N who="3" m="43143" /><G131/><T32/><D125/><U52/><E62/><V107/><F23/><W55/><G55/><T30/><D33/><U22/><E86/><V87/><F61/><W92/><AGARI ba="0,0" hai="26,28,35,82,83,89,92,99" m="43143,46666" machi="92" ten="30,1100,0" yaku="13,1" doraHai="124" who="3" fromWho="3" sc="250,-5,250,-3,250,-3,250,11" /><INIT seed="1,0,0,0,2,63" ten="245,247,247,261" oya="1" hai0="96,126,122,25,93,87,38,3,111,107,67,118,7" hai1="52,125,75,92,44,85,16,0,72,68,80,40,26" hai2="27,110,115,60,133,79,124,19,34,98,8,128,5" hai3="91,31,108,109,45,41,51,102,47,17,81,61,43"/><U14/><E125/><V82/><F124/><W89/><G102/><T29/><D38/><U46/><E68/><V56/><F110/><N who="3" m="42603" /><G31/><T99/><D118/><U127/><E127/><V129/><F133/><W106/><G106/><T74/><D74/><U33/><E0/><V11/><F115/><W112/><G112/><T131/><D131/><N who="2" m="50250" /><F98/><W53/><G81/><T62/><D126/><U130/><E130/><V84/><F5/><W95/><G17/><T101/><D87/><U88/><E33/><V65/><F19/><W23/><G23/><T6/><D3/><U134/><E134/><V1/><F1/><W21/><G21/><T59/><D122/><U13/><E26/><V100/><F100/><W4/><G4/><T78/><D78/><U50/><E13/><V117/><F117/><W48/><G95/><T42/><D42/><U18/><E92/><V123/><F123/><W58/><AGARI ba="0,0" hai="41,43,45,47,48,51,53,58,61,89,91" m="42603" machi="58" ten="30,1100,0" yaku="14,1" doraHai="63" who="3" fromWho="3" sc="245,-3,247,-5,247,-3,261,11" /><INIT seed="2,0,0,4,5,27" ten="242,242,244,272" oya="2" hai0="83,95,69,88,64,129,17,7,44,41,102,28,54" hai1="90,81,103,25,74,94,57,20,110,135,33,128,99" hai2="34,30,2,86,70,51,93,13,101,19,62,122,127" hai3="38,58,46,68,52,0,49,130,65,43,121,48,8"/><V24/><F122/><W56/><G0/><T32/><D129/><U87/><E128/><V42/><F2/><W18/><G130/><T84/><D7/><U89/><E110/><V118/><F118/><W5/><G18/><T50/><D69/><U22/><E135/><V119/><F119/><W75/><G75/><T109/><D109/><U14/><E74/><V47/><F127/><W39/><G5/><T112/><D112/><U100/><E33/><V35/><F35/><W117/><G8/><T96/><D64/><U4/><E57/><V91/><F101/><W60/><G117/><T16/><REACH who="0" step="1"/><D41/><REACH who="0" ten="232,242,244,272" step="2"/><U126/><E126/><V82/><F70/><W9/><G121/><T97/><D97/><U12/><E4/><V98/><F62/><N who="3" m="39991" /><G9/><T133/><D133/><U55/><E55/><AGARI ba="0,1" hai="38,39,43,46,48,49,52,55,56,58,60" m="39991" machi="55" ten="30,12000,2" yaku="35,5,54,1" doraHai="27" who="3" fromWho="1" sc="232,0,242,-120,244,0,272,130" /><INIT seed="3,0,0,5,2,3" ten="232,122,244,402" oya="3" hai0="92,0,65,54,8,120,133,69,45,16,107,83,10" hai1="106,122,21,109,40,47,100,126,74,28,118,9,41" hai2="85,116,36,43,86,119,91,117,132,84,59,51,48" hai3="18,24,124,98,114,99,134,15,7,81,67,50,96"/><W25/><G114/><T34/><D107/><U73/><E122/><V112/><F112/><W19/><G67/><T101/><D34/><U32/><E21/><V93/><F132/><W127/><G134/><T111/><D120/><U1/><E109/><V46/><F59/><W113/><G113/><T68/><D68/><U70/><E126/><N who="3" m="48170" /><G81/><T94/><D69/><U11/><E118/><V12/><F12/><W129/><G129/><T77/><D65/><U31/><E70/><V87/><AGARI ba="0,0" hai="36,43,46,48,51,84,85,86,87,91,93,116,117,119" machi="87" ten="40,1500,0" yaku="0,1" doraHai="3" who="2" fromWho="2" sc="232,-4,122,-4,244,15,402,-7" owari="228,-17.2,118,-38.2,259,5.9,395,49.5" /></mjloggm>