<mjloggm ver="2.3"><GO type="225" lobby="0"/><UN n0="%E3%82%A4%E3%83%BC%E3%82%B1%E3%83%97%E3%83%A9" n1="%E5%85%83%E3%82%AB%E3%83%8E%E7%B3%BB%E3%83%92%E3%83%AD%E3%82%A4%E3%83%B3" n2="%E7%99%BD%E5%80%89%E5%AF%9B%E4%B9%8B" n3="%E3%81%BE%E3%81%A8%E3%81%9F" dan="17,16,16,16" rate="2234.47,2196.24,2125.40,2080.13" sx="M,M,M,M"/><TAIKYOKU oya="0"/><INIT seed="0,0,0,0,1,76" ten="250,250,250,250" oya="0" hai0="98,31,24,59,6,109,33,113,51,2,0,75,87" hai1="1,134,123,110,29,97,101,30,86,85,40,102,20" hai2="91,112,115,18,63,57,83,38,26,70,9,106,74" hai3="45,4,124,68,103,73,42,46,100,69,43,78,65"/><T56/><D113/><U36/><E123/><V82/><F38/><W84/><G73/><T50/><D75/><U131/><E1/><V90/><F106/><W37/><G124/><T21/><D33/><U95/><E110/><V125/><F70/><W14/><G100/><T27/><D109/><U23/><E134/><V54/><F125/><W17/><G103/><T99/><D87/><U111/><E111/><V71/><F71/><W34/><G65/><T41/><D21/><U129/><E36/><V60/><F74/><W81/><G4/><T96/><D6/><U107/><E40/><V15/><F115/><W72/><G34/><T94/><D94/><U128/><E95/><V130/><F130/><W135/><G135/><T93/><D93/><U92/><E92/><V108/><F108/><W89/><G89/><N who="2" m="33801" /><F112/><W105/><G72/><T53/><D53/><U52/><E52/><N who="2" m="33831" /><F26/><W66/><G66/><T116/><D99/><U104/><E129/><V114/><F114/><W88/><G78/><T61/><D61/><U64/><REACH who="1" step="1"/><E64/><REACH who="1" ten="250,240,250,250" step="2"/><V12/><F12/><W19/><G105/><T118/><REACH who="0" step="1"/><D31/><REACH who="0" ten="240,240,250,250" step="2"/><U13/><E13/><V44/><F63/><W39/><G17/><T25/><D25/><U3/><E3/><V79/><F79/><W22/><AGARI ba="0,2" hai="14,19,22,37,39,42,43,45,46,68,69,81,84,88" machi="22" ten="20,8000,1" yaku="0,1,7,1,9,1,52,1,54,1" doraHai="76" who="3" fromWho="3" sc="240,-40,240,-20,250,-20,250,100" /><INIT seed="1,0,0,5,3,130" ten="200,220,230,350" oya="1" hai0="46,56,86,60,68,104,101,119,58,80,27,36,31" hai1="63,76,110,128,123,126,11,35,84,91,16,99,121" hai2="26,74,0,54,114,21,105,112,73,124,64,133,79" hai3="134,45,77,107,20,49,106,118,88,82,62,32,9"/><U3/><E35/><V94/><F105/><W13/><G32/><T40/><D119/><U12/><E128/><V7/><F124/><W127/><G118/><T108/><D108/><U51/><E126/><V59/><F64/><W83/><G62/><T65/><D101/><U75/><E3/><V61/><F94/><W23/><G106/><T1/><D1/><U115/><E115/><N who="2" m="44075" /><F79/><W113/><G107/><T57/><D104/><U122/><E99/><V131/><F131/><W85/><G127/><T103/><D103/><U44/><E110/><V90/><F90/><W42/><G134/><T100/><D100/><U22/><E63/><V14/><F14/><W98/><G113/><T72/><D72/><N who="2" m="27754" /><F7/><N who="3" m="3263" /><G82/><T33/><REACH who="0" step="1"/><D68/><REACH who="0" ten="190,220,230,350" step="2"/><U117/><E117/><V55/><F0/><W97/><G97/><T89/><AGARI ba="0,1" hai="27,31,33,36,40,46,56,57,58,60,65,80,86,89" machi="89" ten="20,8000,1" yaku="1,1,2,1,0,1,7,1,53,1" doraHai="130" doraHaiUra="69" who="0" fromWho="0" sc="190,90,220,-40,230,-20,350,-20" /><INIT seed="2,0,0,1,2,106" ten="280,180,210,330" oya="2" hai0="117,65,21,45,35,76,4,129,46,70,42,51,107" hai1="13,10,2,38,30,16,110,49,118,122,29,25,87" hai2="104,112,84,83,48,105,132,92,47,0,109,127,97" hai3="18,33,52,11,115,63,62,68,24,73,34,111,102"/><V72/><F0/><W61/><G68/><T133/><D35/><U67/><E38/><V22/><F112/><W82/><G102/><T121/><D107/><U103/><E118/><V64/><F127/><W120/><G120/><T5/><D121/><U125/><E122/><V58/><F132/><W12/><G115/><T80/><D133/><U119/><E119/><V9/><F9/><W44/><G24/><T85/><D117/><U59/><E125/><V135/><F135/><W95/><G95/><T17/><D129/><U69/><E110/><V56/><F109/><W20/><G20/><T7/><D70/><U3/><E103/><V66/><F72/><W41/><G52/><T36/><D65/><N who="2" m="25194" /><F22/><W23/><G23/><T98/><D98/><U26/><E69/><V134/><F105/><W126/><G126/><T124/><D124/><U99/><E99/><V130/><F104/><W1/><G1/><T123/><D123/><U28/><E87/><V6/><F6/><W78/><REACH who="3" step="1"/><G111/><REACH who="3" ten="280,180,210,320" step="2"/><T116/><D116/><U71/><E2/><V54/><F134/><W88/><G88/><T14/><REACH who="0" step="1"/><D4/><REACH who="0" ten="270,180,210,320" step="2"/><U94/><E71/><V79/><F130/><W101/><G101/><AGARI ba="0,2" hai="47,48,54,56,58,79,83,84,92,97,101" m="25194" machi="101" ten="30,1500,0" yaku="8,1" doraHai="106" who="2" fromWho="3" sc="270,0,180,0,210,35,320,-15" /><INIT seed="2,1,0,5,4,29" ten="270,180,245,305" oya="2" hai0="124,74,118,19,30,21,111,11,56,6,4,101,95" hai1="120,84,129,37,102,89,112,83,10,3,75,128,123" hai2="12,39,42,103,131,28,57,70,79,80,32,85,43" hai3="94,5,100,105,41,97,67,14,114,88,76,113,116"/><V135/><F70/><W1/><G116/><T16/><D74/><U48/><E37/><V64/><F39/><W127/><G127/><T110/><D124/><U107/><E48/><V122/><F135/><W73/><G41/><T133/><D133/><U92/><E10/><V91/><F131/><N who="1" m="50249" /><E3/><V15/><F103/><W40/><G1/><T69/><D69/><U87/><E112/><N who="3" m="43114" /><G67/><T33/><D118/><U81/><E75/><V55/><F122/><N who="1" m="46633" /><E87/><N who="2" m="48543" /><F32/><W7/><G14/><N who="2" m="5161" /><F28/><W115/><G40/><T34/><D30/><U54/><E54/><V27/><F27/><W72/><G115/><T134/><D134/><U53/><E53/><V59/><F64/><W77/><G72/><T71/><D71/><U24/><E24/><V62/><F59/><W45/><G45/><T38/><D38/><U108/><E108/><V22/><F22/><W78/><G73/><T121/><D56/><U61/><E61/><V13/><N who="2" m="5169" /><V66/><DORA hai="9" /><F66/><W82/><G105/><T26/><D121/><U65/><E65/><V63/><F63/><W25/><G25/><T52/><D52/><U58/><E58/><V99/><F99/><AGARI ba="1,0" hai="81,83,84,89,92,99,102,107" m="46633,50249" machi="99" ten="30,7700,0" yaku="19,1,13,1,34,2" doraHai="29,9" who="1" fromWho="2" sc="270,0,180,80,245,-80,305,0" /><INIT seed="3,0,0,2,3,113" ten="270,260,165,305" oya="3" hai0="75,76,103,65,132,26,94,32,100,39,56,16,3" hai1="102,48,14,85,0,97,83,71,47,18,128,15,131" hai2="129,74,13,78,41,108,87,33,38,28,84,95,58" hai3="42,29,25,22,69,6,81,44,127,109,91,60,112"/><W49/><G112/><T125/><D39/><U107/><E0/><V10/><F108/><W77/><G127/><T111/><D3/><U80/><E71/><V121/><F129/><N who="1" m="49737" /><E18/><V19/><F121/><W89/><G6/><T43/><D111/><U40/><E80/><V17/><F74/><W54/><G109/><T116/><D125/><U101/><E101/><V63/><F78/><AGARI ba="0,0" hai="14,15,40,47,48,78,83,85,97,102,107" m="49737" machi="78" ten="30,1000,0" yaku="19,1" doraHai="113" who="1" fromWho="2" sc="270,0,260,10,165,-10,305,0" owari="270,7.0,270,-13.0,155,-34.5,305,40.5" /></mjloggm>