<mjloggm ver="2.3"><GO type="225" lobby="0"/><UN n0="%E6%80%AA%E3%81%97%E3%81%99%E3%81%8E%E3%82%8B%E3%83%81%E3%83%BC" n1="%E3%83%96%E3%83%83%E3%83%91%E3%82%AA%E3%83%96%E3%83%81%E3%82%AD%E3%83%B3" n2="%E3%83%A9%E3%83%BC%E3%83%A1%E3%83%B3%E4%BA%94%E9%83%8E" n3="%72%65%6E%6B%75%6E" dan="16,17,16,17" rate="2059.93,2220.73,2137.47,2186.91" sx="M,M,M,M"/><TAIKYOKU oya="0"/><INIT seed="0,0,0,1,0,12" ten="250,250,250,250" oya="0" hai0="127,115,10,126,111,59,56,76,30,100,46,61,96" hai1="38,4,112,33,69,86,97,75,42,8,101,19,60" hai2="95,22,78,51,53,39,85,71,43,124,107,83,66" hai3="64,125,117,44,54,45,16,40,89,133,82,6,57"/><T63/><D115/><U21/><E112/><V23/><F107/><W28/><G117/><T131/><D131/><U3/><E75/><V72/><F124/><N who="0" m="47658" /><D76/><U110/><E110/><V108/><F108/><W20/><G125/><T119/><D119/><U17/><E33/><V2/><F2/><W41/><G6/><T116/><D116/><U0/><E0/><V37/><F37/><W99/><G28/><T67/><D30/><U35/><E35/><V120/><F120/><W80/><G133/><T13/><D46/><N who="3" m="18025" /><G64/><N who="0" m="38951" /><D111/><U32/><E32/><V88/><F39/><W135/><G135/><T68/><D68/><U14/><E38/><V104/><F43/><N who="3" m="16459" /><G89/><T34/><D34/><U74/><E42/><V55/><F55/><W90/><G90/><T92/><D13/><U7/><E74/><V94/><F71/><W47/><N who="3" m="18033" /><W52/><DORA hai="103" /><G99/><T91/><D10/><U118/><E118/><V132/><F132/><W62/><G54/><T79/><D79/><U26/><E3/><V123/><F53/><W109/><G109/><T36/><D36/><U102/><E86/><V105/><F85/><W58/><G58/><T129/><D129/><U84/><E84/><V113/><F72/><W48/><G62/><T121/><D121/><U29/><E29/><V18/><F123/><W77/><G77/><T65/><D65/><N who="1" m="41127" /><E97/><V24/><F78/><W70/><G70/><T134/><D134/><U15/><E15/><AGARI ba="0,0" hai="15,16,20,48,52,57,80,82" m="16459,18033" machi="15" ten="30,7700,0" yaku="8,1,52,1,54,2" doraHai="12,103" who="3" fromWho="1" sc="250,0,250,-77,250,0,250,77" /><INIT seed="1,0,0,0,1,124" ten="250,173,250,327" oya="1" hai0="108,1,68,32,99,87,24,132,2,33,62,20,127" hai1="15,61,37,84,4,102,122,25,97,130,50,0,118" hai2="22,29,8,42,9,82,3,59,38,98,28,78,10" hai3="94,65,79,16,109,21,19,7,55,66,126,113,73"/><U67/><E118/><V89/><F3/><N who="0" m="1034" /><D87/><U39/><E122/><V96/><F38/><W23/><G113/><T83/><D83/><U54/><E0/><V95/><F42/><W35/><G126/><T41/><D99/><U133/><E84/><N who="2" m="48215" /><F22/><W47/><G35/><N who="0" m="13387" /><D41/><U53/><E25/><V51/><F98/><W119/><G7/><T57/><D57/><U74/><E74/><V34/><F34/><W135/><G119/><T18/><D62/><U103/><E97/><V93/><F93/><W14/><G94/><T120/><D68/><U88/><E61/><V60/><F51/><W77/><G73/><T114/><D127/><U110/><E50/><V80/><F80/><W36/><G36/><T48/><D48/><U44/><E39/><V13/><F13/><W117/><G14/><N who="0" m="9303" /><D114/><U30/><E37/><V92/><F92/><W121/><G117/><T125/><D125/><U128/><E44/><V71/><F71/><W75/><G47/><T105/><D105/><U49/><E49/><V40/><F40/><W58/><G75/><T76/><D76/><U64/><E102/><V45/><F45/><W63/><G63/><T104/><D104/><U52/><E103/><V5/><F5/><W111/><G58/><T85/><D85/><U123/><E4/><V112/><F112/><W116/><G116/><T100/><D100/><U6/><E6/><V11/><N who="2" m="2048" /><DORA hai="43" /><V129/><F60/><W134/><G55/><T106/><D106/><U81/><E52/><V86/><F59/><W12/><G12/><T46/><D46/><U70/><E54/><V17/><F96/><RYUUKYOKU ba="0,0" sc="250,-10,173,-10,250,-10,327,30" hai3="16,19,21,23,65,66,77,79,109,111,121,134,135" /><INIT seed="2,1,0,4,1,89" ten="240,163,240,357" oya="2" hai0="55,88,68,56,53,40,110,107,124,2,109,67,11" hai1="87,81,7,93,132,21,100,133,20,3,30,91,65" hai2="102,119,14,10,39,19,22,128,112,46,51,6,125" hai3="16,63,24,70,64,121,43,23,57,113,114,77,106"/><V1/><F112/><N who="3" m="43115" /><G121/><T96/><D124/><U48/><E65/><V92/><F119/><W0/><G0/><T32/><D32/><U85/><E30/><V61/><F125/><W62/><G106/><T115/><D115/><U8/><E48/><V76/><F128/><W31/><G77/><T58/><D40/><U74/><E74/><V122/><F122/><W131/><G131/><T66/><D68/><U75/><E75/><V59/><F39/><W78/><G78/><T28/><D28/><U69/><E69/><V50/><F76/><W116/><G43/><T104/><D11/><U123/><E123/><V118/><F46/><W94/><G94/><N who="0" m="56391" /><D2/><U95/><E87/><V86/><F118/><W97/><G97/><T71/><D71/><U18/><E100/><V47/><F47/><W49/><G31/><T45/><D45/><U36/><E36/><V83/><F83/><W134/><G57/><N who="0" m="22123" /><D104/><U103/><E103/><V38/><F38/><W34/><G34/><T127/><D107/><U35/><E35/><V105/><F105/><W12/><G63/><T72/><D72/><U42/><E42/><V79/><F1/><W117/><G49/><T17/><D127/><U29/><E29/><V33/><F33/><W41/><G41/><T54/><D17/><U60/><E60/><V129/><F129/><W82/><G116/><T37/><D37/><U27/><REACH who="1" step="1"/><E21/><REACH who="1" ten="240,153,240,357" step="2"/><V5/><F22/><W98/><G23/><T90/><D67/><U25/><E25/><V84/><F61/><W13/><G117/><T99/><D66/><U130/><E130/><V135/><F51/><RYUUKYOKU ba="1,1" sc="240,15,153,15,240,-15,357,-15" hai0="53,54,55,90,99,109,110" hai1="3,7,8,18,20,27,81,85,91,93,95,132,133" /><INIT seed="3,2,1,4,1,85" ten="255,168,225,342" oya="3" hai0="105,116,62,30,22,75,52,86,90,53,82,9,1" hai1="76,23,44,101,56,65,31,12,73,121,123,112,27" hai2="26,42,104,54,33,35,21,46,87,20,113,88,128" hai3="125,132,60,61,135,81,115,120,67,38,2,50,10"/><W129/><G38/><T63/><D116/><U55/><E112/><V8/><F113/><W124/><G115/><T64/><D75/><U32/><E101/><V7/><F104/><W134/><G120/><T43/><D105/><U24/><E12/><N who="2" m="5151" /><F33/><W34/><G34/><T19/><D43/><U93/><E73/><V103/><F35/><W84/><G129/><T99/><D99/><U15/><E15/><V107/><F107/><W40/><G40/><T16/><D1/><U68/><E76/><V79/><F128/><W110/><G50/><T130/><D30/><U77/><E77/><V97/><F79/><N who="3" m="46143" /><G110/><T0/><D0/><U102/><E68/><V131/><F131/><W83/><G83/><T66/><D22/><N who="2" m="8810" /><F42/><W36/><G36/><T98/><D130/><U49/><E27/><V78/><F78/><W57/><G61/><N who="0" m="23051" /><D98/><U18/><E32/><V122/><F122/><W126/><G10/><T11/><D9/><U3/><E3/><AGARI ba="2,1" hai="2,3,57,60,67,124,125,126,132,134,135" m="46143" machi="3" ten="40,3900,0" yaku="18,1,20,1" doraHai="85" who="3" fromWho="1" sc="255,0,168,-45,225,0,342,55" owari="255,5.5,123,-37.7,225,-17.5,397,49.7" /></mjloggm>