<mjloggm ver="2.3"><GO type="225" lobby="0"/><UN n0="%E3%83%96%E3%83%83%E3%83%91%E3%82%AA%E3%83%96%E3%83%81%E3%82%AD%E3%83%B3" n1="%E3%81%95%E3%81%8D%E3%81%9F%E3%81%BE%E6%9E%97%E6%AA%8E" n2="%E3%82%8F%E3%81%8B%E3%81%B0%2A%E3%82%AC%E3%83%BC%E3%83%AB" n3="%E3%83%B4%E3%82%A3%E3%83%AF%E3%82%B3%E3%82%B0%E3%83%8B" dan="16,16,16,17" rate="2171.60,2103.29,2095.04,2224.69" sx="M,M,M,M"/><TAIKYOKU oya="0"/><INIT seed="0,0,0,1,5,38" ten="250,250,250,250" oya="0" hai0="42,35,92,124,39,134,111,25,120,50,8,71,125" hai1="65,59,135,84,46,101,74,48,105,83,77,103,54" hai2="80,122,36,76,127,126,73,81,102,29,1,104,32" hai3="19,67,51,121,60,11,43,49,4,37,109,130,119"/><T16/><D120/><U75/><E135/><V13/><F122/><W5/><G121/><T129/><D71/><U23/><E75/><V95/><F1/><W62/><G119/><T93/><D39/><U115/><E115/><V3/><F3/><W89/><G109/><T0/><D134/><U118/><E118/><V15/><F104/><W117/><G117/><T63/><D63/><N who="1" m="38143" /><E74/><V88/><F36/><W78/><G130/><T68/><D68/><U21/><E105/><V17/><F102/><AGARI ba="0,0" hai="21,23,46,48,54,77,83,84,101,102,103" m="38143" machi="102" ten="30,1000,0" yaku="8,1" doraHai="38" who="1" fromWho="2" sc="250,0,250,10,250,-10,250,0" /><INIT seed="1,0,0,5,0,34" ten="250,260,240,250" oya="1" hai0="57,55,106,12,46,99,21,110,108,79,120,82,95" hai1="50,29,61,14,119,135,129,53,9,16,45,116,44" hai2="93,96,124,67,11,71,39,117,33,131,10,0,83" hai3="24,103,76,1,118,105,38,31,69,112,17,78,48"/><U88/><E135/><V77/><F117/><W73/><G112/><T80/><D106/><U75/><E75/><V133/><F133/><W20/><G38/><T18/><D120/><U28/><E129/><V54/><F131/><W36/><G36/><T70/><D46/><U32/><E32/><V68/><F33/><W104/><G118/><T58/><D58/><N who="1" m="35023" /><E119/><V56/><F39/><W121/><G121/><T5/><D70/><U13/><E116/><V49/><F124/><W134/><G69/><T27/><D5/><N who="1" m="3247" /><E45/><V3/><F68/><W41/><G134/><T23/><D79/><U114/><E114/><V81/><F71/><W66/><G73/><T87/><D87/><U109/><E109/><V62/><F77/><W2/><G76/><T51/><D110/><U52/><E88/><V98/><F98/><W6/><G78/><T4/><D108/><U25/><E25/><V89/><F81/><W113/><G113/><T94/><D94/><U100/><E100/><V84/><F10/><AGARI ba="0,0" hai="10,14,16,28,29,44,50,52" m="3247,35023" machi="10" ten="30,5800,0" yaku="8,1,54,2" doraHai="34" who="1" fromWho="2" sc="250,0,260,58,240,-58,250,0" /><INIT seed="1,1,0,5,2,122" ten="250,318,182,250" oya="1" hai0="129,49,119,101,78,83,55,48,63,110,35,58,111" hai1="20,64,52,15,31,54,53,131,92,43,71,11,73" hai2="47,42,41,18,84,56,1,33,36,62,107,26,82" hai3="81,65,135,51,126,104,95,87,39,14,116,29,91"/><U4/><E73/><V38/><F107/><W86/><G39/><T112/><D112/><U124/><E124/><V13/><F1/><W79/><G126/><T0/><D119/><U16/><E131/><V118/><F118/><W130/><G116/><T37/><D129/><U12/><E43/><V74/><F74/><W10/><G135/><T99/><D37/><U114/><E114/><V60/><F60/><W59/><G104/><T19/><D35/><U105/><E105/><V32/><F26/><W7/><G130/><T134/><D0/><U93/><REACH who="1" step="1"/><E31/><REACH who="1" ten="250,308,182,250" step="2"/><V123/><F123/><W46/><G29/><T22/><D134/><U34/><E34/><V132/><F132/><W66/><G59/><T128/><D128/><U97/><E97/><V102/><F42/><AGARI ba="1,1" hai="7,10,14,42,46,51,65,66,79,81,86,87,91,95" machi="42" ten="30,7700,0" yaku="7,1,25,2,8,1" doraHai="122" who="3" fromWho="2" sc="250,0,308,0,182,-80,250,90" /><INIT seed="2,0,0,1,4,114" ten="250,308,102,340" oya="2" hai0="58,101,4,39,54,120,30,2,82,84,102,18,28" hai1="48,106,32,96,112,43,20,68,104,108,132,63,0" hai2="77,65,11,1,13,130,85,7,133,29,53,44,34" hai3="60,71,129,67,24,81,45,103,14,9,19,79,8"/><V23/><F130/><W49/><G129/><T12/><D120/><U126/><E112/><V27/><F133/><W78/><G103/><N who="0" m="39435" /><D39/><U73/><E32/><V128/><F128/><W6/><G81/><T42/><D42/><U56/><E0/><V57/><F65/><W75/><G75/><T74/><D4/><U110/><E73/><V59/><F77/><W3/><G24/><T98/><D98/><U50/><E68/><V115/><F115/><W17/><G19/><T86/><D2/><U122/><E122/><V38/><F85/><N who="0" m="32874" /><D82/><U83/><E83/><V90/><F90/><W107/><G107/><T62/><D74/><U66/><E132/><V97/><F97/><W10/><G10/><AGARI ba="0,0" hai="10,12,18,28,30,54,58,62" m="32874,39435" machi="10" ten="30,1000,0" yaku="8,1" doraHai="114" who="0" fromWho="3" sc="250,10,308,0,102,0,340,-10" /><INIT seed="3,0,0,3,2,35" ten="260,308,102,330" oya="3" hai0="112,10,76,81,102,118,26,63,13,103,14,31,71" hai1="3,94,45,51,42,127,15,33,128,125,37,120,121" hai2="119,52,75,123,50,130,129,21,59,126,44,49,72" hai3="38,86,100,93,25,28,0,77,83,24,57,11,12"/><W36/><G0/><T132/><D118/><U124/><E33/><V111/><F21/><W47/><G47/><T69/><D132/><U109/><E109/><V108/><F119/><W2/><G2/><T48/><D112/><U60/><E128/><N who="2" m="49259" /><F75/><W101/><G36/><T114/><D114/><U16/><E3/><V133/><F72/><W8/><G38/><T113/><D113/><U68/><E94/><V66/><F133/><W70/><G70/><T89/><D89/><U131/><E131/><V4/><F4/><N who="3" m="3079" /><G28/><T19/><D14/><U104/><E104/><V88/><F88/><W1/><G1/><T84/><D71/><U5/><E5/><V41/><F123/><N who="1" m="47177" /><E68/><V115/><F115/><W7/><G57/><T54/><D63/><U82/><E60/><N who="2" m="38175" /><F126/><W92/><G11/><T56/><REACH who="0" step="1"/><D69/><REACH who="0" ten="250,308,102,330" step="2"/><U53/><E82/><V135/><F135/><W30/><G24/><T17/><D17/><U97/><E15/><V20/><F20/><AGARI ba="0,1" hai="10,13,19,20,26,31,48,54,56,76,81,84,102,103" machi="20" ten="30,3900,0" yaku="1,1,7,1,8,1,53,0" doraHai="35" doraHaiUra="122" who="0" fromWho="2" sc="250,49,308,0,102,-39,330,0" owari="299,-10.1,308,10.8,63,-43.7,330,43.0" /></mjloggm>