<mjloggm ver="2.3"><GO type="225" lobby="0"/><UN n0="%E3%82%BC%E3%83%AB%E3%83%80%E3%81%AE%E4%BC%9D%E8%AA%AC" n1="%E6%9C%88%E5%B3%B6%E5%9F%BA" n2="%77%72%77%72%77%72%77%72" n3="%E7%99%BD%E5%80%89%E5%AF%9B%E4%B9%8B" dan="17,17,16,16" rate="2142.11,2215.47,2116.87,2122.07" sx="M,M,M,M"/><TAIKYOKU oya="0"/><INIT seed="0,0,0,5,2,69" ten="250,250,250,250" oya="0" hai0="33,27,105,21,22,72,53,23,104,30,102,7,73" hai1="84,135,43,108,95,100,112,37,65,109,14,93,29" hai2="1,34,94,106,18,10,59,17,83,107,90,38,132" hai3="9,3,111,32,61,125,51,67,63,12,26,126,113"/><T85/><D7/><U120/><E120/><V121/><F121/><W57/><G113/><T133/><D133/><U91/><E112/><V119/><F34/><W11/><G111/><N who="1" m="42570" /><E135/><V122/><F122/><W130/><G130/><T62/><D85/><U70/><E29/><V97/><F132/><W87/><G3/><T116/><D116/><U31/><E31/><V50/><F38/><W13/><G32/><T64/><D53/><U40/><E14/><N who="3" m="5738" /><G26/><T42/><D42/><N who="1" m="15915" /><E37/><V35/><F35/><W68/><G87/><T79/><D79/><U5/><E5/><V128/><F128/><W74/><G51/><T20/><N who="0" m="5120" /><DORA hai="86" /><T92/><D92/><N who="1" m="54375" /><E100/><V103/><F119/><W55/><G74/><T52/><D52/><U39/><E39/><V25/><F25/><W115/><G115/><T96/><REACH who="0" step="1"/><D105/><REACH who="0" ten="240,250,250,250" step="2"/><U110/><E110/><V66/><F107/><W118/><G118/><T49/><D49/><U114/><E114/><V82/><F50/><W88/><G55/><T89/><D89/><U24/><E24/><V101/><F106/><W41/><G41/><T56/><AGARI ba="0,1" hai="27,30,33,56,62,64,72,73,96,102,104" m="5120" machi="56" ten="40,3900,0" yaku="1,1,0,1,53,0" doraHai="69,86" doraHaiUra="8,75" who="0" fromWho="0" sc="240,49,250,-13,250,-13,250,-13" /><INIT seed="0,1,0,4,1,96" ten="289,237,237,237" oya="0" hai0="127,84,31,123,77,6,30,43,26,121,79,46,33" hai1="68,60,61,115,12,59,52,124,100,102,35,76,50" hai2="80,97,92,116,53,133,25,8,51,49,129,7,135" hai3="109,74,87,99,122,130,110,75,65,103,83,1,20"/><T119/><D119/><U5/><E35/><V28/><F116/><W106/><G1/><T32/><D127/><U37/><E37/><V64/><F64/><W108/><G65/><T54/><D54/><U128/><E124/><V114/><F114/><W58/><G58/><T132/><D132/><N who="2" m="50762" /><F129/><W0/><G0/><T3/><D3/><U125/><E125/><V22/><F80/><W117/><G117/><T98/><D6/><U78/><E68/><V86/><F86/><W111/><N who="3" m="27648" /><DORA hai="57" /><W72/><G20/><T62/><D62/><N who="1" m="24171" /><E128/><V63/><F63/><W34/><G34/><T27/><D98/><U90/><E90/><N who="2" m="55447" /><F53/><W71/><G71/><T4/><D84/><U15/><E115/><V134/><N who="2" m="50770" /><V118/><DORA hai="93" /><F118/><W18/><G18/><T2/><D121/><U11/><E15/><AGARI ba="1,0" hai="7,8,15,22,25,28,49,51" m="55447,50770" machi="15" ten="40,2600,0" yaku="20,1,52,1" doraHai="96,57,93" who="2" fromWho="1" sc="289,0,237,-29,237,29,237,0" /><INIT seed="1,0,0,4,3,82" ten="289,208,266,237" oya="1" hai0="92,20,91,29,41,66,62,90,65,88,58,124,87" hai1="38,25,112,123,67,69,30,119,71,21,48,31,73" hai2="5,134,46,56,24,109,107,53,18,1,10,34,117" hai3="113,14,129,86,105,79,3,80,70,75,54,28,9"/><U116/><E112/><V60/><F117/><W83/><G70/><T114/><D114/><U106/><E123/><V47/><F107/><W32/><G105/><T84/><D124/><U97/><E38/><V57/><F109/><W126/><G113/><T37/><D37/><U81/><E31/><V63/><F134/><W95/><G126/><T99/><D41/><U108/><E108/><V27/><F34/><W16/><G129/><T77/><D66/><U128/><E48/><V121/><F121/><W135/><G135/><T68/><D68/><U103/><E128/><V130/><F130/><W101/><G3/><T40/><D40/><U35/><E21/><V13/><F24/><W39/><G39/><T7/><D7/><U76/><E71/><V23/><REACH who="2" step="1"/><F1/><REACH who="2" ten="289,208,256,237" step="2"/><W120/><G120/><T104/><D104/><U22/><E22/><V111/><F111/><W110/><G110/><T6/><D6/><U61/><AGARI ba="0,1" hai="25,30,35,61,67,69,73,76,81,97,103,106,116,119" machi="61" ten="30,12000,1" yaku="0,1,25,2,23,2" doraHai="82" who="1" fromWho="1" sc="289,-40,208,130,256,-40,237,-40" /><INIT seed="1,1,0,0,4,75" ten="249,338,216,197" oya="1" hai0="129,85,33,49,108,53,99,71,47,113,90,114,54" hai1="78,118,7,67,63,72,5,55,124,97,112,31,127" hai2="117,86,101,66,128,60,87,126,36,40,34,88,32" hai3="79,3,12,17,106,27,16,37,30,29,10,50,35"/><U44/><E112/><V39/><F117/><W57/><G37/><T107/><D33/><U22/><E118/><V59/><F128/><W20/><G106/><T83/><D71/><N who="1" m="42495" /><E97/><V92/><F126/><N who="1" m="48169" /><E31/><V131/><F131/><W105/><G105/><T134/><D129/><U77/><E22/><V80/><F39/><W81/><G3/><T64/><D108/><U111/><E72/><V119/><F119/><W11/><G35/><T23/><D134/><U9/><E111/><V65/><F65/><W61/><G50/><T103/><D64/><U135/><E135/><V25/><F25/><W62/><G10/><T51/><REACH who="0" step="1"/><D23/><REACH who="0" ten="239,338,216,197" step="2"/><U68/><E68/><V110/><F110/><W21/><G21/><T42/><D42/><U74/><E74/><V19/><F32/><W48/><G30/><T43/><D43/><U98/><E98/><V13/><F34/><W93/><G29/><T69/><D69/><U123/><E123/><V45/><F101/><W15/><G27/><T24/><D24/><U132/><E132/><V96/><REACH who="2" step="1"/><F80/><REACH who="2" ten="239,338,206,197" step="2"/><W104/><G81/><T120/><D120/><U84/><E55/><V52/><F52/><W133/><G133/><T102/><D102/><U0/><E0/><V121/><F121/><W91/><G15/><T38/><D38/><U122/><E122/><V89/><F89/><W1/><G12/><T4/><D4/><U116/><E7/><V109/><F109/><W95/><G1/><T14/><D14/><U2/><E116/><V58/><F58/><AGARI ba="1,2" hai="47,49,51,53,54,58,83,85,90,99,103,107,113,114" machi="58" ten="30,2000,0" yaku="1,1,7,1,53,0" doraHai="75" doraHaiUra="8" who="0" fromWho="2" sc="239,43,338,0,206,-23,197,0" /><INIT seed="2,0,0,3,0,29" ten="282,338,183,197" oya="2" hai0="77,62,47,97,63,10,109,78,79,134,40,132,75" hai1="55,13,26,68,15,17,39,67,44,127,9,96,118" hai2="16,102,53,3,105,45,130,42,35,41,37,74,23" hai3="115,27,30,126,89,58,125,19,129,0,100,18,114"/><V57/><F130/><W65/><G100/><T99/><D75/><U106/><E118/><V14/><F74/><W20/><G89/><T124/><D10/><U108/><E108/><V38/><F3/><W31/><G65/><T49/><D109/><U116/><E116/><V12/><F35/><W34/><G58/><T83/><D83/><U1/><E1/><V98/><F42/><W111/><G111/><T93/><D124/><N who="3" m="47721" /><G129/><T117/><D117/><U21/><E67/><V104/><F12/><N who="3" m="9287" /><G0/><T107/><D107/><U48/><E68/><V70/><F70/><W54/><G54/><T123/><D123/><U101/><E55/><V59/><F59/><W52/><G52/><T6/><D99/><U92/><E96/><V8/><F8/><W90/><G90/><T2/><D93/><U50/><E92/><V28/><F28/><N who="3" m="19743" /><G19/><T60/><D97/><U110/><E101/><V113/><F105/><W88/><G88/><T32/><D79/><U122/><E106/><V66/><F66/><W82/><G82/><T46/><D78/><U51/><E110/><V64/><F64/><W121/><G121/><T119/><D77/><U112/><E127/><V80/><F80/><W95/><G95/><T5/><D119/><U84/><E122/><V25/><F37/><W69/><G69/><T11/><D2/><U36/><E36/><V71/><F71/><W72/><G72/><T4/><D40/><U103/><E39/><V91/><F91/><W128/><G128/><T43/><D43/><U22/><E103/><V56/><F56/><W73/><G73/><T7/><D47/><RYUUKYOKU ba="0,0" sc="282,-10,338,-10,183,-10,197,30" hai3="30,31,114,115" /><INIT seed="3,1,0,1,4,113" ten="272,328,173,227" oya="3" hai0="83,131,84,98,53,31,54,56,78,129,100,80,45" hai1="73,17,77,2,61,126,82,7,102,1,48,104,121" hai2="11,13,47,35,127,26,58,99,110,46,39,92,23" hai3="89,96,94,34,25,27,125,65,57,40,29,74,44"/><W106/><G74/><T114/><D31/><U122/><E48/><V109/><F35/><W18/><G125/><T63/><D114/><U132/><E17/><V130/><F127/><W16/><G106/><T90/><D45/><U49/><E49/><V88/><F130/><W107/><G107/><T8/><D8/><N who="1" m="2159" /><E126/><V0/><F0/><W71/><G71/><T12/><D12/><U64/><E2/><V15/><F15/><W43/><G27/><T79/><D53/><U20/><E20/><V97/><F97/><W116/><G116/><T62/><D62/><U120/><E132/><V101/><F101/><W111/><G111/><T59/><D59/><U36/><E36/><V118/><F118/><W30/><G30/><T70/><D70/><N who="1" m="42255" /><E122/><V95/><F95/><W28/><G28/><T42/><D42/><U32/><E32/><V72/><F72/><W75/><G75/><T6/><D6/><U51/><E51/><V24/><F58/><W81/><G81/><T21/><D78/><U14/><E14/><V123/><F123/><W134/><G134/><T9/><D98/><AGARI ba="1,0" hai="73,77,82,98,102,104,120,121" m="42255,2159" machi="98" ten="30,1000,0" yaku="23,1" doraHai="113" who="1" fromWho="0" sc="272,-13,328,13,173,0,227,0" owari="259,5.9,341,44.1,173,-32.7,227,-17.3" /></mjloggm>