<mjloggm ver="2.3"><GO type="225" lobby="0"/><UN n0="%E3%83%81%E3%83%83%E3%82%BF%E3%82%BD%E3%83%BC" n1="%E3%81%AF%E3%82%88%E3%81%8A%E3%81%98%E3%81%95%E3%82%93" n2="%E5%8D%A0%E3%81%84%E5%B8%AB%E8%A3%8F%E3%81%AA%E3%81%84%E3%81%97" n3="%65%76%69%61%6E%36%31%39" dan="16,17,17,16" rate="2141.38,2131.80,2209.43,2091.71" sx="F,M,M,M"/><TAIKYOKU oya="0"/><INIT seed="0,0,0,5,2,34" ten="250,250,250,250" oya="0" hai0="45,41,119,76,123,65,27,129,98,88,48,114,11" hai1="47,72,128,111,25,82,15,69,38,61,35,14,91" hai2="10,8,32,133,5,80,70,84,0,3,134,79,55" hai3="81,90,63,2,89,118,126,19,62,46,26,52,54"/><T43/><D114/><U120/><E120/><V42/><F70/><W95/><G118/><T121/><D119/><U17/><E111/><V21/><F32/><W110/><G110/><T112/><D112/><U115/><E115/><V117/><F117/><W30/><G2/><N who="2" m="553" /><F5/><W78/><G19/><T107/><D65/><U130/><E38/><V7/><F7/><W100/><G100/><T103/><D11/><N who="2" m="4138" /><F42/><W6/><G6/><T37/><D76/><U125/><E69/><V86/><F55/><W93/><G52/><T87/><D27/><U39/><E25/><V122/><F21/><W53/><G54/><T97/><D97/><U50/><E35/><V60/><F60/><W20/><G53/><T108/><D108/><U127/><E61/><V99/><F99/><W106/><G20/><T92/><D41/><U131/><E50/><V12/><F12/><W13/><G26/><T56/><D56/><U4/><E4/><V132/><F122/><W75/><G13/><T83/><D37/><U22/><E14/><V31/><F31/><W66/><G30/><T105/><D121/><U9/><E22/><V113/><F113/><W49/><G49/><T71/><D123/><U124/><E39/><V135/><F135/><W104/><G63/><T36/><D71/><U16/><E17/><V102/><F102/><W33/><G33/><T96/><D36/><U44/><E72/><AGARI ba="0,0" hai="72,79,80,84,86,132,133,134" m="4138,553" machi="72" ten="40,8000,1" yaku="20,1,52,3" doraHai="34" who="2" fromWho="1" sc="250,0,250,-80,250,80,250,0" /><INIT seed="1,0,0,0,4,61" ten="250,170,330,250" oya="1" hai0="88,118,2,11,62,132,130,78,43,69,81,105,112" hai1="121,115,41,59,44,30,95,111,75,66,10,9,63" hai2="72,52,34,13,42,97,26,120,46,8,25,12,49" hai3="124,110,101,83,40,108,84,102,50,7,1,128,80"/><U116/><E115/><V27/><F120/><W54/><G128/><T23/><D112/><U31/><E121/><V92/><F72/><W73/><G124/><T114/><D114/><U6/><E75/><V58/><F34/><W77/><G40/><T79/><D130/><U65/><E116/><V90/><REACH who="2" step="1"/><F8/><REACH who="2" ten="250,170,320,250" step="2"/><N who="1" m="3177" /><E6/><V56/><F56/><N who="3" m="32855" /><G7/><T135/><D11/><U109/><E95/><V70/><F70/><W125/><G125/><T98/><D118/><U36/><E66/><V86/><F86/><W60/><G1/><T21/><D2/><U28/><E36/><AGARI ba="0,1" hai="12,13,25,26,27,36,42,46,49,52,58,90,92,97" machi="36" ten="40,2600,0" yaku="1,1,54,1,53,0" doraHai="61" doraHaiUra="104" who="2" fromWho="1" sc="250,0,170,-26,320,36,250,0" /><INIT seed="2,0,0,4,2,35" ten="250,144,356,250" oya="2" hai0="62,77,31,10,66,63,30,1,76,2,22,114,96" hai1="26,75,109,39,123,13,55,90,58,103,100,95,36" hai2="135,29,68,118,108,44,54,71,3,120,104,102,46" hai3="42,98,59,9,5,56,18,12,107,79,17,27,52"/><V88/><F118/><W7/><G42/><T0/><D114/><U6/><E75/><V125/><F120/><W15/><G79/><T38/><D38/><U14/><E123/><V49/><F135/><W81/><G81/><T121/><D121/><U45/><E109/><V57/><F3/><W86/><G86/><T47/><D47/><U65/><E26/><V20/><F125/><W69/><G69/><T23/><D10/><U115/><E115/><V116/><F116/><W19/><G59/><T78/><D96/><U106/><E106/><V133/><F133/><W134/><G134/><T4/><D4/><U28/><E28/><N who="0" m="10793" /><D66/><U24/><E24/><N who="2" m="16519" /><F104/><W51/><G19/><T91/><D91/><U92/><E65/><V105/><F102/><W117/><G27/><T70/><D70/><U85/><E39/><V64/><F105/><W93/><G107/><T43/><D43/><U111/><E111/><V50/><F108/><W61/><G51/><T82/><D82/><U32/><E32/><V119/><F119/><W110/><G117/><T48/><D48/><U112/><E112/><V94/><F64/><W72/><G72/><T87/><D87/><U16/><E36/><V113/><F113/><W53/><G53/><T8/><D8/><N who="1" m="4247" /><E45/><V41/><F44/><W37/><G37/><T130/><D130/><U83/><E100/><V129/><F129/><W34/><G34/><T89/><D89/><U73/><E103/><V99/><F71/><W11/><G110/><T132/><D132/><U128/><E128/><V122/><F122/><W25/><G25/><T127/><D127/><RYUUKYOKU ba="0,0" sc="250,10,144,-30,356,10,250,10" hai0="0,1,2,22,23,62,63,76,77,78" hai2="41,46,49,50,54,57,68,88,94,99" hai3="5,7,9,11,12,15,17,18,52,56,61,93,98" /><INIT seed="2,1,0,3,0,129" ten="260,114,366,260" oya="2" hai0="119,7,133,12,84,122,2,117,75,95,36,20,66" hai1="51,14,25,106,135,23,102,118,108,73,48,92,4" hai2="40,120,116,111,105,115,30,3,90,77,26,10,99" hai3="52,54,100,98,72,42,80,32,64,21,71,60,76"/><V81/><F115/><W59/><G32/><T34/><D122/><U78/><E118/><N who="0" m="45065" /><D75/><U101/><E108/><V24/><F116/><W87/><G42/><T67/><D34/><U124/><E106/><V68/><F120/><W57/><G71/><T130/><D130/><U18/><E124/><V27/><F68/><W49/><G21/><T28/><D36/><U50/><E73/><V9/><F3/><W56/><G72/><T82/><D95/><U70/><E70/><V128/><F30/><W44/><REACH who="3" step="1"/><G54/><REACH who="3" ten="260,114,366,250" step="2"/><T16/><D28/><U112/><E112/><V109/><F40/><W110/><G110/><T8/><D133/><U132/><E78/><AGARI ba="1,1" hai="2,7,8,12,16,20,66,67,78,82,84" m="45065" machi="78" ten="30,2000,0" yaku="12,1,54,1" doraHai="129" who="0" fromWho="1" sc="260,33,114,-23,366,0,250,0" /><INIT seed="3,0,0,2,5,86" ten="293,91,366,250" oya="3" hai0="73,28,66,78,122,112,48,56,24,115,46,81,118" hai1="110,59,91,47,134,50,58,39,13,7,80,38,40" hai2="71,90,53,92,74,61,65,123,84,72,105,33,93" hai3="45,9,69,6,19,75,108,62,102,52,103,3,12"/><W88/><G75/><T17/><D118/><U111/><E134/><V54/><F105/><W96/><G108/><T126/><D122/><U67/><E7/><V82/><F123/><W104/><G69/><T49/><D17/><U22/><E22/><V85/><F33/><W127/><G127/><T35/><D126/><U41/><E13/><V60/><F93/><N who="3" m="56359" /><G104/><T114/><D46/><U8/><E8/><V11/><F53/><W27/><G3/><T99/><D99/><U16/><E80/><V132/><F132/><W26/><G62/><AGARI ba="0,0" hai="24,28,35,48,49,56,62,66,73,78,81,112,114,115" machi="62" ten="40,1300,0" yaku="11,1" doraHai="86" who="0" fromWho="3" sc="293,13,91,0,366,0,250,-13" owari="306,10.6,91,-40.9,366,46.6,237,-16.3" /></mjloggm>