<mjloggm ver="2.3"><GO type="225" lobby="0"/><UN n0="%40%77%61%6B%61" n1="%E3%82%A4%E3%83%BC%E3%82%B1%E3%83%97%E3%83%A9" n2="%E4%BF%BA%E3%81%A8%E5%A6%96%E5%A4%A2" n3="%E6%9C%88%E5%B3%B6%E5%9F%BA" dan="16,17,16,16" rate="2109.29,2227.85,2107.40,2108.27" sx="M,M,F,M"/><TAIKYOKU oya="0"/><INIT seed="0,0,0,0,5,49" ten="250,250,250,250" oya="0" hai0="8,111,27,116,110,23,84,105,81,15,13,62,76" hai1="134,32,74,82,36,37,26,20,93,5,14,54,64" hai2="57,3,28,88,104,127,67,55,73,58,19,51,117" hai3="107,2,87,128,101,47,109,129,38,85,53,69,90"/><T42/><D105/><U79/><E134/><V1/><F104/><W10/><G69/><T106/><D106/><U130/><E130/><N who="3" m="50282" /><G109/><N who="0" m="41483" /><D116/><U89/><E64/><V122/><F122/><W95/><G87/><T46/><D62/><U59/><E32/><V4/><F73/><W44/><G38/><N who="0" m="21847" /><D8/><U133/><E133/><V43/><F117/><W66/><G66/><T98/><D98/><U63/><E14/><V29/><F43/><W0/><G53/><T100/><D100/><U102/><E5/><V56/><F4/><N who="3" m="1287" /><G2/><T6/><D6/><U11/><E11/><V50/><F3/><W72/><G72/><T123/><D123/><U135/><E102/><V7/><F7/><W103/><G103/><T9/><D9/><U114/><E135/><V91/><F1/><W80/><G80/><T41/><D41/><U86/><REACH who="1" step="1"/><E114/><REACH who="1" ten="250,240,250,250" step="2"/><V94/><F67/><W68/><G68/><T30/><AGARI ba="0,1" hai="13,15,23,27,30,76,81,84" m="21847,41483" machi="30" ten="30,3000,0" yaku="14,1,10,1" doraHai="49" who="0" fromWho="0" sc="250,40,240,-10,250,-10,250,-10" /><INIT seed="0,1,0,1,3,37" ten="290,230,240,240" oya="0" hai0="121,73,97,58,62,71,66,57,103,35,11,110,14" hai1="115,87,29,67,124,23,76,27,99,22,56,101,0" hai2="47,81,75,128,21,36,40,13,85,90,107,54,17" hai3="26,15,112,3,93,43,64,104,125,127,108,38,134"/><T91/><D121/><U117/><E117/><V86/><F107/><W84/><G3/><T55/><D35/><U100/><E0/><V133/><F133/><W109/><G104/><T9/><D73/><U94/><E124/><N who="3" m="47690" /><G112/><T4/><D110/><N who="3" m="42601" /><G134/><T32/><D32/><U46/><E115/><V59/><F128/><W28/><G64/><T95/><D11/><U8/><E8/><V68/><F68/><W20/><G15/><T49/><REACH who="0" step="1"/><D103/><REACH who="0" ten="280,230,240,240" step="2"/><U98/><E101/><V131/><F131/><W72/><G72/><T116/><D116/><U105/><E100/><V119/><F119/><W1/><G1/><T42/><D42/><U33/><E33/><V111/><F111/><W12/><G43/><T96/><D96/><U41/><E99/><V126/><F126/><W79/><G84/><T25/><D25/><U122/><E27/><V50/><REACH who="2" step="1"/><F90/><REACH who="2" ten="280,230,230,240" step="2"/><W132/><G132/><T92/><D92/><U61/><E94/><V24/><F24/><W6/><G93/><T106/><D106/><U120/><E105/><V7/><F7/><W31/><G26/><T113/><D113/><U60/><E122/><V78/><AGARI ba="1,2" hai="13,17,21,36,40,47,50,54,59,75,78,81,85,86" machi="78" ten="30,4000,0" yaku="1,1,0,1,52,1,53,0" doraHai="37" doraHaiUra="5" who="2" fromWho="2" sc="280,-21,230,-11,230,63,240,-11" /><INIT seed="1,0,0,2,2,62" ten="259,219,293,229" oya="1" hai0="73,16,43,82,53,24,55,76,9,126,57,86,92" hai1="7,37,56,117,103,11,75,48,113,18,40,59,118" hai2="17,54,109,15,60,84,51,68,74,26,34,83,4" hai3="102,72,125,2,89,47,88,129,33,131,122,44,93"/><U80/><E113/><V29/><F74/><W70/><G122/><T22/><D126/><U81/><E103/><V13/><F109/><W94/><G70/><T107/><D107/><U133/><E133/><V134/><F134/><W52/><G125/><T50/><D9/><U123/><E123/><V121/><F121/><W108/><G108/><T132/><D132/><U27/><E37/><V124/><F124/><W38/><G72/><T42/><D73/><U112/><E112/><V1/><F1/><W21/><G33/><T69/><D69/><U12/><E40/><V63/><F4/><W14/><G2/><T49/><REACH who="0" step="1"/><D92/><REACH who="0" ten="249,219,293,229" step="2"/><U127/><E127/><V104/><F104/><W5/><G94/><T71/><D71/><U115/><E115/><V97/><F68/><W106/><G106/><T31/><D31/><U79/><E81/><V35/><F83/><W66/><G93/><T58/><AGARI ba="0,1" hai="16,22,24,42,43,49,50,53,55,57,58,76,82,86" machi="58" ten="20,12000,2" yaku="1,1,0,1,7,1,9,1,8,1,54,1,53,1" doraHai="62" doraHaiUra="19" who="0" fromWho="0" sc="249,130,219,-60,293,-30,229,-30" /><INIT seed="2,0,0,3,0,90" ten="379,159,263,199" oya="2" hai0="53,131,15,68,24,38,29,55,65,71,43,62,23" hai1="36,98,108,6,35,9,133,74,102,128,52,135,56" hai2="2,73,106,123,34,111,101,132,61,39,87,31,5" hai3="75,10,89,81,72,64,14,80,11,115,113,122,54"/><V70/><RYUUKYOKU type="yao9" ba="0,0" sc="379,0,159,0,263,0,199,0" hai2="2,5,31,34,39,61,70,73,87,101,106,111,123,132" /><INIT seed="2,1,0,5,2,11" ten="379,159,263,199" oya="2" hai0="53,7,42,66,69,63,70,112,4,104,103,17,127" hai1="108,41,78,32,60,93,25,52,118,132,106,33,30" hai2="71,5,8,82,102,100,130,128,0,134,90,80,1" hai3="111,36,57,125,44,31,105,12,76,46,54,9,15"/><V40/><F71/><W49/><G105/><T113/><D70/><U50/><E108/><V79/><F134/><W89/><G111/><T122/><D122/><U29/><E106/><V58/><F0/><W98/><G125/><T22/><D127/><U115/><E115/><V123/><F123/><W95/><G31/><T94/><D104/><U86/><E118/><V38/><F58/><W55/><G76/><T45/><D53/><U120/><E132/><V28/><F28/><W124/><G124/><T129/><D129/><N who="2" m="49770" /><F90/><W92/><G9/><T34/><D34/><U10/><E120/><V73/><F82/><W119/><G119/><T65/><D66/><U135/><E135/><V116/><F116/><W61/><REACH who="3" step="1"/><G95/><REACH who="3" ten="379,159,263,189" step="2"/><T85/><D112/><U126/><E126/><V68/><F68/><W24/><G24/><T87/><D113/><U19/><E93/><V91/><F79/><W117/><G117/><T18/><D94/><U27/><E78/><V23/><F73/><W43/><AGARI ba="1,1" hai="12,15,36,43,44,46,49,54,55,57,61,89,92,98" machi="43" ten="30,7900,0" yaku="1,1,0,1,52,2,53,0" doraHai="11" doraHaiUra="16" who="3" fromWho="3" sc="379,-21,159,-21,263,-40,189,92" /><INIT seed="3,0,0,4,1,57" ten="358,138,223,281" oya="3" hai0="79,121,127,81,43,17,114,63,83,39,41,28,14" hai1="104,10,96,106,29,54,72,84,69,113,46,111,66" hai2="61,55,2,109,30,70,53,87,90,13,130,62,75" hai3="125,88,0,23,42,5,32,123,135,20,4,98,85"/><W99/><G123/><T105/><D121/><U25/><E72/><V9/><F75/><W124/><G32/><T33/><D105/><U12/><E111/><V119/><F119/><W15/><G42/><T27/><D127/><N who="3" m="48713" /><G0/><T31/><D114/><U8/><E113/><V91/><F2/><W60/><G135/><T78/><D28/><U102/><E106/><V82/><F109/><W16/><G23/><T59/><D39/><U131/><E131/><V56/><F130/><W40/><G40/><T71/><D71/><U49/><E84/><V126/><F126/><W95/><G60/><N who="2" m="23145" /><F70/><W74/><G74/><T97/><D97/><AGARI ba="0,0" hai="4,5,15,16,20,85,88,95,97,98,99" m="48713" machi="97" ten="30,5800,0" yaku="18,1,54,2" doraHai="57" who="3" fromWho="0" sc="358,-58,138,0,223,0,281,58" owari="300,10.0,138,-36.2,223,-17.7,339,43.9" /></mjloggm>