<mjloggm ver="2.3"><GO type="225" lobby="0"/><UN n0="%E3%83%B4%E3%83%A0%EF%BC%99%E3%81%A6" n1="%E3%83%81%E3%83%83%E3%82%BF%E3%82%BD%E3%83%BC" n2="%E2%98%86%E5%B0%8F%E5%AD%A6%E7%94%B7%E7%94%9F%E2%98%86" n3="%E3%81%A0%E3%81%8A" dan="16,16,16,17" rate="2168.68,2118.02,2080.22,2057.88" sx="M,F,M,M"/><TAIKYOKU oya="0"/><INIT seed="0,0,0,3,5,44" ten="250,250,250,250" oya="0" hai0="40,113,76,10,109,130,114,31,125,105,34,88,8" hai1="23,59,41,128,62,122,53,55,89,70,69,21,61" hai2="11,85,52,106,6,121,20,93,43,42,36,110,103" hai3="39,38,37,117,104,4,28,64,27,5,0,16,96"/><T2/><D105/><U108/><E122/><V120/><F121/><W124/><G117/><T46/><D76/><U94/><E108/><V78/><F120/><W48/><G124/><T66/><D125/><U24/><E128/><V60/><F106/><W47/><G0/><T83/><D130/><U129/><E41/><V77/><F36/><W75/><G75/><T116/><D116/><U135/><E135/><V92/><F20/><W134/><G64/><T45/><D66/><U29/><E129/><V54/><F110/><W58/><G58/><T97/><D46/><U101/><E101/><V17/><F17/><W118/><G134/><T98/><D109/><U56/><REACH who="1" step="1"/><E21/><REACH who="1" ten="250,240,250,250" step="2"/><V14/><F43/><W102/><G118/><T123/><D123/><U63/><E63/><V91/><F42/><W74/><G102/><T115/><D115/><U13/><E13/><V131/><F131/><W133/><G133/><T87/><D114/><U112/><E112/><V49/><F60/><W51/><G39/><T127/><D113/><U82/><E82/><V50/><F78/><W99/><G38/><T7/><D127/><U86/><AGARI ba="0,1" hai="23,24,29,53,55,56,59,61,62,69,70,86,89,94" machi="86" ten="20,12000,2" yaku="1,1,0,1,7,1,9,1,53,2" doraHai="44" doraHaiUra="65" who="1" fromWho="1" sc="250,-60,240,130,250,-30,250,-30" /><INIT seed="1,0,0,2,3,12" ten="190,370,220,220" oya="1" hai0="52,112,106,62,45,40,18,67,41,107,103,125,119" hai1="100,96,118,43,3,69,77,31,54,122,32,117,108" hai2="95,48,28,58,46,61,121,127,92,83,4,113,66" hai3="110,72,93,101,84,116,104,80,90,70,17,78,56"/><U7/><E122/><V128/><F121/><W44/><G70/><T39/><D112/><U99/><E43/><V97/><F113/><W27/><G110/><T35/><D119/><U87/><E108/><V36/><F36/><W9/><G116/><T49/><D35/><U29/><E69/><V132/><F132/><W30/><G56/><T0/><D0/><U8/><E54/><V102/><F127/><W22/><G44/><T38/><D125/><U15/><E3/><V75/><F128/><W57/><G57/><N who="0" m="32911" /><D103/><U131/><E131/><V71/><F4/><W86/><G86/><T109/><D109/><U79/><E96/><V13/><F28/><W74/><G74/><T59/><D59/><U21/><E32/><V98/><F13/><W111/><G111/><T42/><D42/><U91/><E117/><V85/><F75/><W50/><G50/><T114/><D114/><U55/><E55/><N who="2" m="30103" /><F71/><W20/><G9/><T53/><D53/><U81/><E118/><V60/><F60/><W88/><G101/><T10/><D41/><U123/><E123/><V1/><F1/><W47/><G104/><T94/><D39/><U16/><E29/><V23/><F23/><W24/><G47/><T133/><D133/><U105/><REACH who="1" step="1"/><E31/><REACH who="1" ten="190,360,220,220" step="2"/><V124/><F124/><W120/><G120/><T25/><D40/><U6/><E6/><V73/><F98/><W126/><G126/><T51/><D38/><U26/><AGARI ba="0,1" hai="7,8,15,16,21,26,77,79,81,87,91,99,100,105" machi="26" ten="20,12000,1" yaku="1,1,0,1,7,1,52,1,54,1,53,0" doraHai="12" doraHaiUra="68" who="1" fromWho="1" sc="190,-40,360,130,220,-40,220,-40" /><INIT seed="1,1,0,5,2,117" ten="150,490,180,180" oya="1" hai0="37,102,44,131,53,18,56,121,31,30,114,21,50" hai1="58,33,54,59,128,23,42,70,24,20,108,8,129" hai2="4,87,25,93,9,111,0,96,10,29,118,26,45" hai3="122,15,74,48,125,77,86,67,99,12,16,41,119"/><U22/><E70/><V17/><F118/><W112/><G119/><T81/><D114/><U100/><E42/><V109/><F87/><W68/><G112/><T106/><D131/><N who="1" m="50251" /><E100/><V60/><F60/><W90/><G125/><T95/><D106/><U46/><E8/><V88/><F45/><W43/><G99/><T49/><D37/><U57/><E108/><N who="2" m="41547" /><F29/><W97/><G43/><T89/><D102/><U115/><E115/><V14/><AGARI ba="1,0" hai="0,4,9,10,14,17,25,26,88,93,96" m="41547" machi="14" ten="30,2000,0" yaku="14,1,54,1" doraHai="117" who="2" fromWho="2" sc="150,-6,490,-11,180,23,180,-6" /><INIT seed="2,0,0,5,5,92" ten="144,479,203,174" oya="2" hai0="68,100,131,47,127,135,54,102,125,70,88,79,82" hai1="25,1,85,116,43,108,10,84,130,77,33,83,128" hai2="117,29,39,86,81,3,61,106,114,35,111,89,37" hai3="27,62,58,13,9,17,34,30,121,6,48,52,44"/><V15/><F3/><W105/><G105/><T32/><D32/><U134/><E108/><V78/><F117/><W38/><G38/><T99/><D131/><N who="1" m="50219" /><E134/><V49/><F114/><W119/><G119/><T56/><D47/><U97/><E116/><V91/><F106/><W31/><G31/><T87/><D135/><U66/><E66/><V76/><F111/><W96/><G121/><T14/><D14/><U18/><E43/><V126/><F126/><N who="0" m="48138" /><D79/><U64/><E64/><V12/><F39/><W57/><G96/><T112/><D112/><U80/><E33/><V73/><F37/><W41/><REACH who="3" step="1"/><G58/><REACH who="3" ten="144,479,203,164" step="2"/><T75/><D75/><U65/><E85/><V36/><F29/><W103/><G103/><N who="0" m="39467" /><D99/><U101/><E84/><V107/><F86/><W5/><AGARI ba="0,1" hai="5,6,9,13,17,27,30,34,41,44,48,52,57,62" machi="5" ten="30,7900,0" yaku="1,1,0,1,54,1,53,1" doraHai="92" doraHaiUra="22" who="3" fromWho="3" sc="144,-20,479,-20,203,-39,164,89" /><INIT seed="3,0,0,0,0,43" ten="124,459,164,253" oya="3" hai0="92,79,71,76,116,26,111,94,88,67,130,93,89" hai1="126,42,60,90,14,64,16,2,40,98,102,20,99" hai2="62,81,41,9,72,37,68,35,27,54,133,30,4" hai3="122,44,96,121,57,124,84,61,120,131,80,19,63"/><W49/><G96/><T17/><D116/><U38/><E126/><V105/><F133/><W104/><G104/><T117/><D117/><U52/><E2/><N who="2" m="151" /><F54/><W125/><G19/><T1/><D1/><U112/><E112/><V108/><F108/><W32/><G32/><T29/><D111/><U15/><E15/><V59/><F59/><W118/><G84/><T97/><D17/><U110/><E110/><V69/><F105/><W134/><G80/><T86/><D92/><U107/><E38/><V5/><F5/><W51/><G118/><T47/><D47/><U50/><E90/><V82/><F82/><W77/><G77/><T6/><D6/><U3/><E3/><V101/><F101/><W87/><G87/><T28/><D28/><U10/><E10/><V55/><F55/><N who="3" m="30119" /><G131/><T109/><D130/><U24/><E24/><V103/><F62/><N who="3" m="23563" /><G134/><T123/><D123/><N who="3" m="31489" /><W21/><DORA hai="39" /><G21/><T45/><D109/><U58/><E98/><V75/><F103/><W128/><G128/><T34/><REACH who="0" step="1"/><D45/><AGARI ba="0,0" hai="14,16,20,40,42,45,50,52,58,60,64,99,102,107" machi="45" ten="30,12000,2" yaku="7,1,52,3,54,2" doraHai="43,39" who="1" fromWho="0" sc="124,-120,459,120,164,0,253,0" owari="4,-49.6,579,67.9,164,-23.6,253,5.3" /></mjloggm>