<mjloggm ver="2.3"><GO type="225" lobby="0"/><UN n0="%E5%91%89%E5%AF%8C%E6%98%A5" n1="%33%74%72%65%65" n2="%E9%A6%AC%E5%BC%95%E7%81%AB%33" n3="%E6%A1%9C%E8%8A%B1%E9%96%83%E3%80%85" dan="16,17,16,16" rate="2118.67,2218.76,2125.99,2133.80" sx="M,F,M,M"/><TAIKYOKU oya="0"/><INIT seed="0,0,0,0,3,124" ten="250,250,250,250" oya="0" hai0="69,58,61,13,1,103,25,89,54,100,75,43,14" hai1="125,134,10,59,28,123,64,81,22,4,97,111,11" hai2="6,36,113,135,131,38,51,117,20,9,67,12,5" hai3="71,96,23,72,60,99,44,7,26,106,108,30,35"/><T24/><D1/><U66/><E123/><V104/><F113/><W82/><G108/><T27/><D75/><U19/><E111/><V70/><F104/><W65/><G7/><T133/><D133/><U83/><E125/><V45/><F135/><W8/><G8/><T76/><D69/><U39/><E134/><V121/><F121/><W84/><G72/><T53/><D76/><U41/><E39/><V42/><F117/><W29/><G44/><T56/><D43/><U34/><E41/><V127/><F127/><W47/><G47/><T18/><D89/><U32/><E97/><V73/><F73/><W0/><G0/><T90/><D90/><U40/><E40/><V105/><F105/><W31/><G23/><T88/><D88/><U93/><E22/><V92/><F92/><W91/><REACH who="3" step="1"/><G96/><REACH who="3" ten="250,250,250,240" step="2"/><T115/><D115/><U120/><E4/><V74/><F74/><W87/><G87/><T129/><D129/><U94/><E120/><V130/><F20/><W15/><G15/><N who="0" m="5643" /><D18/><U116/><E10/><V63/><REACH who="2" step="1"/><F6/><REACH who="2" ten="250,250,240,240" step="2"/><W77/><G77/><T55/><D61/><U62/><E62/><V98/><F98/><W2/><G2/><T68/><D68/><U48/><E11/><V86/><F86/><W79/><G79/><T119/><D119/><U112/><E116/><V37/><AGARI ba="0,2" hai="5,9,12,36,37,38,42,45,51,63,67,70,130,131" machi="37" ten="40,8000,1" yaku="1,1,0,1,52,2,53,0" doraHai="124" doraHaiUra="50" who="2" fromWho="2" sc="250,-40,250,-20,240,100,240,-20" /><INIT seed="1,0,0,5,5,35" ten="210,230,340,220" oya="1" hai0="30,78,101,76,48,53,33,88,86,133,89,38,58" hai1="130,123,23,29,135,45,21,12,15,31,97,117,56" hai2="111,13,94,99,5,113,112,60,51,62,8,87,102" hai3="122,44,114,98,9,57,90,93,106,11,92,75,132"/><U129/><E45/><V100/><F111/><W77/><G122/><T10/><D38/><U120/><E56/><V131/><F131/><N who="1" m="50185" /><E97/><N who="2" m="59447" /><F51/><W67/><G114/><N who="2" m="44137" /><F87/><W20/><G132/><T0/><D133/><U109/><E135/><V105/><AGARI ba="0,0" hai="5,8,13,60,62,99,102,105" m="44137,59447" machi="105" ten="30,1100,0" yaku="11,1" doraHai="35" who="2" fromWho="2" sc="210,-3,230,-5,340,11,220,-3" /><INIT seed="2,0,0,4,3,123" ten="207,225,351,217" oya="2" hai0="0,34,49,1,24,35,109,14,116,122,53,118,130" hai1="46,63,23,58,86,10,30,60,82,102,8,108,131" hai2="124,7,2,42,36,75,15,4,98,113,21,94,40" hai3="3,114,83,66,25,48,129,93,69,54,57,41,38"/><V11/><F113/><W52/><G3/><N who="0" m="1099" /><D122/><U9/><E131/><V110/><F124/><W88/><G129/><T20/><D130/><U65/><E108/><V62/><F110/><W111/><G111/><T85/><D85/><U80/><E102/><V32/><F32/><N who="0" m="12330" /><D53/><U103/><E103/><V107/><F75/><W16/><G114/><T79/><D49/><U28/><E46/><V89/><F36/><W12/><G69/><T91/><D91/><U106/><E106/><V29/><F4/><W99/><G38/><T133/><D79/><U87/><E23/><V95/><F107/><W117/><G117/><N who="0" m="45163" /><D109/><U97/><E97/><V74/><F74/><W27/><G66/><T127/><D127/><U44/><E44/><V61/><F61/><N who="3" m="36007" /><G83/><N who="1" m="31786" /><E60/><V45/><F62/><W68/><G68/><T47/><D47/><U115/><E115/><V22/><F45/><N who="3" m="25647" /><G54/><T120/><D120/><U132/><E63/><V126/><F126/><W105/><G105/><T56/><D56/><U135/><E58/><V70/><F70/><W100/><G100/><T125/><D125/><U43/><E65/><V73/><F73/><W13/><G13/><T101/><D101/><U96/><E43/><V5/><F42/><W55/><G55/><T17/><D133/><N who="1" m="51275" /><E96/><V84/><F40/><W31/><G31/><AGARI ba="0,0" hai="8,9,10,28,30,31,86,87" m="51275,31786" machi="31" ten="40,5200,0" yaku="28,2,20,1" doraHai="123" who="1" fromWho="3" sc="207,0,225,52,351,0,217,-52" /><INIT seed="3,0,0,3,1,21" ten="207,277,351,165" oya="3" hai0="38,27,122,49,25,14,52,76,30,20,17,10,89" hai1="50,110,134,44,24,105,109,9,57,59,102,31,41" hai2="66,71,94,103,4,116,124,135,51,90,68,107,115" hai3="26,62,40,82,16,101,48,35,0,131,104,33,83"/><W64/><G0/><T99/><D122/><U60/><E134/><V73/><F116/><W58/><G131/><T69/><D38/><U63/><E9/><V74/><F115/><W1/><G1/><T18/><D69/><U108/><E102/><V100/><F4/><W15/><G104/><T125/><D125/><U53/><E105/><V117/><F117/><W13/><G101/><T112/><D112/><U91/><E91/><V39/><F51/><W2/><G2/><T133/><D133/><U28/><REACH who="1" step="1"/><E24/><REACH who="1" ten="207,267,351,165" step="2"/><V67/><F90/><W55/><G40/><T93/><D76/><U114/><E114/><V36/><F107/><W7/><G35/><T12/><REACH who="0" step="1"/><D30/><REACH who="0" ten="197,267,351,165" step="2"/><U132/><E132/><V87/><F135/><W34/><G34/><T85/><D85/><U126/><E126/><V47/><F87/><W129/><G129/><T106/><D106/><U80/><E80/><N who="3" m="30762" /><G33/><T111/><D111/><U78/><E78/><V56/><F124/><W75/><G75/><T123/><D123/><U98/><E98/><V119/><F74/><W5/><G26/><T8/><D8/><U70/><E70/><V3/><F71/><W72/><G72/><T86/><D86/><U37/><E37/><V128/><F68/><W43/><G43/><T88/><D88/><U118/><E118/><V6/><F73/><W95/><G95/><T97/><D97/><U81/><E81/><V96/><F119/><W130/><G130/><T23/><D23/><U79/><E79/><V84/><F128/><W61/><G13/><T77/><D77/><U113/><E113/><V65/><F94/><RYUUKYOKU ba="0,2" sc="197,15,267,15,351,-15,165,-15" hai0="10,12,14,17,18,20,25,27,49,52,89,93,99" hai1="28,31,41,44,50,53,57,59,60,63,108,109,110" owari="212,-18.8,282,8.2,356,45.6,150,-35.0" /></mjloggm>