<mjloggm ver="2.3"><GO type="225" lobby="0"/><UN n0="%E3%81%BF%E3%81%BF%E3%81%9A" n1="%E3%81%90%E3%81%A1%E3%82%84%E3%81%BE" n2="%E9%B3%B3%E6%9D%B1%E3%81%AE%E3%81%BF%E3%81%91%E3%81%AB%E3%82%83%E3%82%93" n3="%E6%98%93%E5%88%A9%E8%96%A9%E4%BC%AF" dan="18,16,17,16" rate="2219.50,2125.49,2209.45,2163.12" sx="M,M,F,F"/><TAIKYOKU oya="0"/><INIT seed="0,0,0,1,0,59" ten="250,250,250,250" oya="0" hai0="54,110,109,49,46,116,4,133,78,83,23,95,93" hai1="131,67,34,53,118,65,97,91,88,103,81,30,98" hai2="119,89,87,111,5,66,113,31,117,106,84,120,29" hai3="99,86,62,129,24,28,16,11,55,8,1,6,134"/><T32/><D116/><N who="2" m="44618" /><F120/><W72/><G72/><T135/><D32/><U100/><E118/><V45/><F113/><W41/><G134/><N who="0" m="51211" /><D4/><U115/><E115/><V26/><F111/><N who="0" m="42506" /><D23/><U48/><E30/><V121/><F121/><W7/><G41/><T52/><D54/><U105/><E34/><V122/><F106/><W13/><G129/><T35/><D35/><U42/><E42/><V123/><F87/><AGARI ba="0,0" hai="46,49,52,78,83,87,93,95" m="42506,51211" machi="87" ten="30,11600,0" yaku="20,1,14,1,10,1,54,1" doraHai="59" who="0" fromWho="2" sc="250,116,250,0,250,-116,250,0" /><INIT seed="0,1,0,2,5,57" ten="366,250,134,250" oya="0" hai0="64,75,62,72,49,9,48,88,14,61,66,23,15" hai1="59,46,104,27,117,13,43,37,82,125,17,114,81" hai2="80,120,77,107,129,19,106,92,79,97,38,110,130" hai3="20,94,65,56,58,54,21,76,30,60,112,91,135"/><T50/><D23/><U52/><E117/><V96/><F19/><W93/><G112/><T6/><D15/><U118/><E125/><V98/><F38/><W26/><G135/><T109/><D109/><U12/><E104/><N who="2" m="39979" /><F120/><W100/><G76/><N who="2" m="29257" /><F110/><W73/><G73/><T101/><D101/><U69/><E118/><V127/><F127/><W115/><G115/><T83/><D83/><U11/><E69/><V44/><F44/><W2/><G100/><T124/><D124/><U4/><E27/><V99/><F80/><W131/><G2/><T70/><REACH who="0" step="1"/><D88/><AGARI ba="1,0" hai="88,92,96,97,98,99,129,130" m="29257,39979" machi="88" ten="40,5200,0" yaku="34,2,54,1" doraHai="57" who="2" fromWho="0" sc="366,-55,250,0,134,55,250,0" /><INIT seed="1,0,0,4,2,97" ten="311,250,189,250" oya="1" hai0="47,3,109,86,121,55,64,135,20,17,42,63,65" hai1="56,44,62,125,114,112,36,26,66,88,22,67,133" hai2="35,120,69,68,54,71,116,82,72,16,89,11,130" hai3="77,30,105,38,24,122,23,13,10,6,7,84,31"/><U48/><E36/><V111/><F116/><W101/><G38/><T61/><D3/><U131/><E67/><V40/><F120/><W59/><G122/><T132/><D121/><U4/><E4/><V21/><F35/><W106/><G7/><T0/><D0/><U119/><E131/><V51/><F130/><W5/><G5/><T1/><D1/><U60/><E60/><N who="0" m="23113" /><D55/><U95/><E125/><V110/><F40/><W75/><G75/><T92/><D92/><U74/><E133/><N who="0" m="51273" /><D86/><U87/><E74/><V102/><F11/><W37/><G106/><T2/><D2/><U115/><E119/><V78/><F89/><W99/><G59/><T118/><D109/><U113/><E113/><V53/><F102/><W124/><G124/><T128/><D128/><U76/><E76/><V100/><F100/><W81/><REACH who="3" step="1"/><G37/><REACH who="3" ten="311,250,189,240" step="2"/><N who="0" m="21967" /><D118/><U49/><REACH who="1" step="1"/><E44/><REACH who="1" ten="311,240,189,240" step="2"/><V129/><F129/><W90/><G90/><T104/><D104/><U79/><E79/><V80/><F78/><W41/><G41/><T25/><AGARI ba="0,2" hai="17,20,25,64,65" m="21967,51273,23113" machi="25" ten="30,1100,0" yaku="20,1" doraHai="97" who="0" fromWho="0" sc="311,31,240,-5,189,-3,240,-3" /><INIT seed="2,0,0,1,1,99" ten="342,235,186,237" oya="2" hai0="9,49,121,10,30,27,26,85,34,109,122,11,125" hai1="32,70,18,4,17,107,52,91,24,112,62,22,23" hai2="14,20,16,116,53,135,87,42,115,65,97,8,103" hai3="84,59,19,15,41,50,128,96,119,21,55,105,13"/><V79/><F115/><W36/><G128/><T81/><D109/><U117/><E112/><V29/><F116/><W111/><G111/><T68/><D68/><U113/><E113/><V94/><F135/><W60/><G119/><T7/><D125/><U110/><E117/><V6/><F42/><W0/><G0/><T43/><D26/><U127/><E110/><V130/><F130/><W58/><G36/><T104/><D104/><U76/><E127/><V93/><F65/><W57/><G41/><T126/><D126/><U101/><E32/><V12/><F29/><W88/><G15/><T63/><D63/><U106/><E76/><V40/><F40/><W5/><G5/><T2/><D121/><U124/><E124/><V134/><F134/><W89/><G60/><T83/><D83/><U72/><E72/><V69/><F69/><W102/><REACH who="3" step="1"/><G89/><REACH who="3" ten="342,235,186,227" step="2"/><T47/><D122/><U108/><E91/><AGARI ba="0,1" hai="2,7,9,10,11,27,30,34,43,47,49,81,85,91" machi="91" ten="30,1000,0" yaku="7,1" doraHai="99" who="0" fromWho="1" sc="342,20,235,-10,186,0,227,0" /><INIT seed="3,0,0,4,2,81" ten="362,225,186,227" oya="3" hai0="26,118,123,87,42,120,47,96,80,95,84,13,122" hai1="121,94,62,11,64,23,46,12,33,110,1,7,16" hai2="31,35,68,104,39,86,72,36,45,111,27,28,19" hai3="3,97,70,17,117,73,127,49,38,63,37,92,41"/><W83/><G117/><T119/><D26/><U115/><E121/><V51/><F72/><W54/><G3/><T114/><D13/><U108/><E115/><V133/><F104/><W21/><G127/><T48/><D114/><U22/><E33/><V89/><F68/><W106/><G106/><T66/><D66/><U44/><E94/><V129/><F111/><N who="1" m="42537" /><E23/><V29/><F133/><W55/><G41/><T56/><D84/><U30/><E30/><V4/><F129/><W100/><G70/><AGARI ba="0,0" hai="1,7,11,12,16,22,44,46,62,64,70" m="42537" machi="70" ten="30,2000,0" yaku="14,1,54,1" doraHai="81" who="1" fromWho="3" sc="362,0,225,20,186,0,227,-20" owari="362,46.2,245,4.5,186,-31.4,207,-19.3" /></mjloggm>