<mjloggm ver="2.3"><GO type="225" lobby="0"/><UN n0="%E6%9D%B1%E9%A2%A8%E3%81%AE%E3%81%8D%E3%82%83%E3%81%B7%E3%81%95%E3%82%93" n1="%E3%83%B4%E3%83%A0%EF%BC%99%E3%81%A6" n2="%E7%99%BD%E5%80%89%E5%AF%9B%E4%B9%8B" n3="%E3%83%96%E3%83%83%E3%83%91%E3%82%AA%E3%83%96%E3%83%81%E3%82%AD%E3%83%B3" dan="16,17,16,16" rate="2188.40,2126.91,2147.96,2195.26" sx="M,M,M,M"/><TAIKYOKU oya="0"/><INIT seed="0,0,0,1,1,73" ten="250,250,250,250" oya="0" hai0="93,6,104,108,16,26,134,117,120,45,71,78,127" hai1="133,8,31,18,91,115,9,112,80,51,101,44,36" hai2="123,77,131,24,27,64,81,43,49,12,61,128,11" hai3="113,46,125,35,15,41,130,65,86,116,67,48,97"/><T59/><D71/><U34/><E36/><V37/><F123/><W38/><G113/><N who="1" m="43594" /><E101/><V82/><F82/><W13/><G116/><T54/><D104/><U14/><E133/><V90/><F90/><W0/><G0/><T63/><D117/><U103/><E103/><V22/><F49/><W84/><G35/><T5/><D120/><U96/><E31/><V76/><F81/><W111/><G111/><T62/><D134/><U119/><E34/><V4/><F43/><W69/><G125/><T2/><D2/><U55/><E119/><V7/><F7/><N who="0" m="2570" /><D127/><U56/><E56/><N who="2" m="36903" /><F37/><W66/><G130/><N who="2" m="49705" /><F24/><W79/><G69/><T32/><D32/><U57/><E57/><V83/><F83/><N who="3" m="47231" /><G38/><T118/><D118/><U60/><E60/><N who="0" m="23081" /><D108/><U124/><E124/><V87/><F87/><W72/><G86/><T21/><D59/><U40/><E80/><V95/><F95/><W88/><G72/><T20/><D93/><AGARI ba="0,0" hai="13,15,41,46,48,65,66,67,88,93,97" m="47231" machi="93" ten="30,3900,0" yaku="8,1,52,1,54,1" doraHai="73" who="3" fromWho="0" sc="250,-39,250,0,250,0,250,39" /><INIT seed="1,0,0,4,3,100" ten="211,250,250,289" oya="1" hai0="32,29,59,124,55,110,91,23,66,67,15,7,93" hai1="14,1,40,9,49,0,132,127,122,135,78,99,79" hai2="13,84,128,80,16,44,72,97,98,58,105,85,125" hai3="95,112,39,87,94,88,101,38,33,27,75,42,4"/><U102/><E122/><V30/><F125/><W69/><G112/><T96/><D124/><U76/><E127/><V52/><F128/><W17/><G75/><T104/><D104/><N who="1" m="63583" /><E49/><N who="2" m="28711" /><F72/><W109/><G69/><T37/><D37/><U103/><E103/><V60/><F30/><W62/><G62/><T53/><D110/><U121/><E40/><V134/><F105/><W41/><G109/><T113/><D113/><U28/><E28/><V118/><F118/><W20/><G33/><T119/><D119/><U61/><E61/><V90/><F85/><W114/><G114/><T86/><D32/><U47/><E47/><V56/><F134/><N who="1" m="51241" /><E121/><V123/><F123/><W65/><G65/><T46/><D46/><U120/><E120/><V73/><F73/><W133/><G133/><T63/><D67/><U74/><E74/><V3/><F3/><W82/><G101/><T64/><D64/><U108/><E108/><V92/><F60/><W36/><REACH who="3" step="1"/><G4/><AGARI ba="0,0" hai="0,1,4,9,14,76,78,79" m="51241,63583" machi="4" ten="30,2900,0" yaku="20,1,52,1" doraHai="100" who="1" fromWho="3" sc="211,0,250,29,250,0,289,-29" /><INIT seed="1,1,0,3,1,56" ten="211,279,250,260" oya="1" hai0="107,109,102,85,66,23,114,34,89,27,69,46,133" hai1="35,73,51,99,68,131,106,41,48,71,0,97,22" hai2="79,101,124,36,50,31,44,126,12,42,84,70,28" hai3="60,80,83,103,113,13,38,98,20,108,76,65,75"/><U2/><E35/><V116/><F70/><W9/><G113/><T92/><D109/><U117/><E73/><V82/><F116/><W74/><G108/><T25/><D114/><U115/><E115/><V90/><F101/><W129/><G129/><T4/><D133/><U105/><E117/><V19/><F36/><W24/><G38/><T45/><D4/><U43/><REACH who="1" step="1"/><E22/><REACH who="1" ten="211,269,250,260" step="2"/><V120/><F120/><W64/><G75/><T87/><D34/><U1/><E1/><V86/><F126/><W58/><G20/><T10/><D23/><U37/><E37/><V104/><F124/><W26/><G65/><T11/><D66/><U130/><AGARI ba="1,1" hai="0,2,41,43,48,51,68,71,97,99,105,106,130,131" machi="130" ten="25,9600,0" yaku="1,1,0,1,22,2,53,0" doraHai="56" doraHaiUra="110" who="1" fromWho="1" sc="211,-33,269,109,250,-33,260,-33" /><INIT seed="1,2,0,1,5,124" ten="178,378,217,227" oya="1" hai0="105,57,108,36,51,53,74,4,92,83,107,84,63" hai1="80,126,101,3,78,43,73,5,61,8,39,89,119" hai2="128,19,67,110,31,116,91,12,20,98,16,94,69" hai3="103,96,9,123,15,45,115,114,72,87,133,42,64"/><U24/><E119/><V17/><F110/><W104/><G123/><T120/><D108/><U26/><E126/><V34/><F116/><W125/><G125/><T82/><D120/><U62/><E101/><V129/><F34/><W99/><G133/><T122/><D122/><U121/><E89/><V11/><F31/><W97/><G72/><T25/><D36/><U33/><E121/><V14/><REACH who="2" step="1"/><F19/><REACH who="2" ten="178,378,207,227" step="2"/><W58/><G115/><T49/><D74/><U70/><E33/><V18/><F18/><W88/><G114/><T50/><D4/><U46/><E70/><V86/><F86/><W95/><G64/><T44/><D44/><U1/><E1/><V35/><F35/><W75/><G75/><T55/><D55/><U106/><E106/><V41/><F41/><W60/><G42/><T29/><D105/><U134/><E134/><V81/><F81/><W79/><G45/><T7/><D7/><U59/><E59/><V85/><F85/><W65/><REACH who="3" step="1"/><G79/><REACH who="3" ten="178,378,207,217" step="2"/><T113/><D113/><U2/><E2/><V76/><F76/><W127/><G127/><T112/><D112/><U27/><AGARI ba="2,2" hai="3,5,8,24,26,27,39,43,46,61,62,73,78,80" machi="27" ten="30,6000,0" yaku="0,1,25,2" doraHai="124" who="1" fromWho="1" sc="178,-22,378,86,207,-22,217,-22" /><INIT seed="1,3,0,5,3,57" ten="156,464,185,195" oya="1" hai0="23,8,130,15,90,13,3,111,120,55,76,84,60" hai1="0,20,71,47,41,79,26,50,51,123,73,44,16" hai2="9,98,58,86,66,109,95,64,100,107,117,85,116" hai3="30,45,14,83,17,1,25,22,132,6,127,48,31"/><U94/><E123/><V124/><F109/><W112/><G112/><T53/><D130/><U129/><E0/><V34/><F34/><W118/><G127/><T106/><D106/><U27/><E71/><V37/><F37/><W24/><G132/><T68/><D111/><U131/><E94/><V96/><F124/><W119/><G83/><T82/><D120/><U54/><E79/><V62/><F66/><W121/><G121/><T74/><D3/><U134/><E73/><V40/><F40/><W19/><G48/><T110/><D110/><U81/><E81/><V102/><REACH who="2" step="1"/><F9/><REACH who="2" ten="156,464,175,195" step="2"/><N who="3" m="2255" /><G45/><T113/><D113/><U7/><E134/><V12/><F12/><N who="3" m="9511" /><G119/><AGARI ba="3,1" hai="58,62,64,85,86,95,96,98,100,102,107,116,117,119" machi="119" ten="40,2600,0" yaku="1,1,52,1,53,0" doraHai="57" doraHaiUra="122" who="2" fromWho="3" sc="156,0,464,0,175,45,195,-35" /><INIT seed="2,0,0,1,0,107" ten="156,464,220,160" oya="2" hai0="90,7,28,69,15,126,83,5,39,2,63,87,105" hai1="128,45,86,54,95,58,66,117,1,74,101,21,97" hai2="91,81,38,55,88,85,20,110,94,33,131,24,127" hai3="72,77,129,122,4,114,29,44,116,25,60,93,96"/><V102/><F38/><W43/><G116/><T6/><D39/><U65/><E117/><V133/><F127/><W130/><G122/><T119/><D119/><U51/><E74/><V10/><F133/><W37/><G114/><T8/><D126/><U80/><E1/><V22/><F131/><N who="3" m="50187" /><G4/><T31/><D105/><U124/><E128/><V30/><F102/><N who="3" m="60687" /><G60/><T112/><D112/><U11/><E11/><V100/><F100/><W19/><G19/><T35/><D35/><U111/><E111/><V32/><F110/><W53/><G53/><T75/><D75/><U98/><E98/><V17/><F55/><W92/><G92/><T46/><D2/><U40/><E21/><V104/><F10/><W73/><G77/><T78/><D78/><N who="1" m="46359" /><E124/><V56/><F56/><W18/><G18/><N who="0" m="8551" /><D69/><U84/><E84/><V70/><F70/><W99/><G99/><T135/><D135/><U108/><E108/><V26/><F104/><W79/><G79/><T36/><D63/><AGARI ba="0,0" hai="40,45,51,54,58,63,65,66,95,97,101" m="46359" machi="63" ten="30,1000,0" yaku="8,1" doraHai="107" who="1" fromWho="0" sc="156,-10,464,10,220,0,160,0" /><INIT seed="3,0,0,0,5,29" ten="146,474,220,160" oya="3" hai0="1,53,8,21,45,2,37,103,63,115,18,62,55" hai1="26,24,123,6,0,20,41,131,28,17,100,49,78" hai2="105,80,51,33,108,19,121,132,16,77,69,111,70" hai3="48,71,113,9,117,10,97,114,23,38,129,42,66"/><W39/><G23/><T3/><D103/><U40/><E123/><V122/><F33/><W93/><G10/><T87/><D8/><U96/><E131/><V14/><F105/><W119/><G9/><T94/><D115/><N who="3" m="44041" /><G93/><T36/><D94/><N who="1" m="58391" /><E0/><V30/><F30/><W133/><G97/><T73/><D87/><U82/><E6/><V128/><F132/><W57/><G129/><T126/><D73/><U27/><E49/><V61/><F51/><W90/><G90/><T120/><D120/><N who="2" m="46186" /><F128/><W89/><G89/><T60/><D126/><U12/><E28/><V7/><F7/><W109/><G133/><T11/><D11/><U99/><E99/><V4/><F4/><W43/><G109/><N who="2" m="42057" /><F61/><N who="3" m="40399" /><G39/><T74/><D74/><U112/><E82/><V91/><F91/><W106/><G106/><T5/><D5/><U102/><E24/><V75/><F14/><W86/><G86/><T56/><D36/><U85/><E20/><V88/><F88/><W54/><G38/><T65/><D37/><U92/><E17/><AGARI ba="0,0" hai="16,17,19,69,70,75,77,80" m="42057,46186" machi="17" ten="30,3900,0" yaku="13,1,14,1,54,1" doraHai="29" who="2" fromWho="1" sc="146,0,474,-39,220,39,160,0" owari="146,-35.4,435,53.5,259,5.9,160,-24.0" /></mjloggm>