<mjloggm ver="2.3"><GO type="225" lobby="0"/><UN n0="%E5%A4%8F%E3%81%AA%E3%81%AE%E3%81%AB" n1="%E3%83%96%E3%83%83%E3%83%91%E3%82%AA%E3%83%96%E3%83%81%E3%82%AD%E3%83%B3" n2="%E9%A6%AC%E5%BC%95%E7%81%AB%33" n3="%4C%4F%4C%49%54%41" dan="16,16,16,16" rate="2113.02,2197.50,2183.45,2132.13" sx="M,M,M,F"/><TAIKYOKU oya="0"/><INIT seed="0,0,0,2,2,105" ten="250,250,250,250" oya="0" hai0="133,74,73,28,14,59,42,107,10,83,120,98,60" hai1="93,57,82,12,86,54,122,49,4,5,56,43,55" hai2="8,32,78,123,25,19,113,103,61,52,37,22,58" hai3="87,89,112,129,51,34,99,31,85,80,110,97,69"/><T63/><D120/><U130/><E130/><V131/><F123/><W23/><G112/><T109/><D133/><U21/><E122/><V118/><F113/><W124/><G69/><T0/><D0/><U16/><E43/><V39/><F131/><W35/><G129/><T134/><D134/><U79/><REACH who="1" step="1"/><E93/><REACH who="1" ten="250,240,250,250" step="2"/><V67/><F118/><W95/><G95/><T115/><D115/><U2/><E2/><V6/><F37/><W7/><G110/><T101/><D109/><U9/><E9/><V88/><F39/><W96/><G124/><T114/><D114/><U24/><E24/><V20/><F32/><W15/><G35/><T94/><D42/><U40/><E40/><V1/><F22/><W76/><G23/><T77/><D107/><U71/><E71/><V70/><F103/><W66/><G34/><T72/><D28/><U53/><E53/><V65/><F65/><W30/><G66/><T41/><D41/><U47/><E47/><V3/><F3/><W64/><G64/><T100/><D100/><U13/><E13/><V62/><F70/><W36/><G36/><T116/><D116/><U29/><E29/><V121/><F121/><W106/><G106/><T33/><D33/><U75/><E75/><V48/><F67/><W84/><G30/><T125/><D125/><U50/><AGARI ba="0,1" hai="4,5,12,16,21,49,50,54,55,56,57,79,82,86" machi="50" ten="20,12000,2" yaku="1,1,0,1,7,1,9,1,8,1,54,1,53,1" doraHai="105" doraHaiUra="81" who="1" fromWho="1" sc="250,-60,240,130,250,-30,250,-30" /><INIT seed="1,0,0,0,4,98" ten="190,370,220,220" oya="1" hai0="34,1,19,125,22,111,43,58,2,35,23,65,104" hai1="132,25,95,77,99,130,83,32,48,112,11,57,108" hai2="44,101,102,49,93,28,50,119,121,20,134,47,14" hai3="133,38,30,89,79,6,37,12,97,29,71,17,117"/><U8/><E112/><V80/><F119/><W113/><G113/><T5/><D104/><U56/><E130/><V0/><F0/><W63/><G6/><T42/><D5/><U45/><E132/><V76/><F121/><W114/><G114/><T128/><D128/><U72/><E32/><V54/><F134/><W67/><G133/><T105/><D105/><U70/><E70/><V18/><F93/><W124/><G79/><T7/><D7/><U116/><E116/><V103/><F28/><W36/><G117/><T109/><D58/><U66/><E25/><V100/><F100/><W86/><G97/><T31/><D31/><U85/><E72/><V118/><F118/><W9/><REACH who="3" step="1"/><G124/><REACH who="3" ten="190,370,220,210" step="2"/><T122/><D125/><U115/><E115/><V87/><F50/><W26/><G26/><T123/><D65/><U62/><E108/><V73/><F73/><W59/><G59/><AGARI ba="0,1" hai="14,18,20,44,47,49,54,59,76,80,87,101,102,103" machi="59" ten="40,8000,1" yaku="8,1,52,3" doraHai="98" who="2" fromWho="3" sc="190,0,370,0,220,90,210,-80" /><INIT seed="2,0,0,4,4,51" ten="190,370,310,130" oya="2" hai0="14,26,16,120,87,40,43,66,54,124,35,38,68" hai1="59,5,45,131,34,9,74,19,97,0,21,109,113" hai2="94,23,81,61,57,64,70,118,31,80,96,117,95" hai3="56,12,133,25,83,47,122,119,44,7,121,60,132"/><V11/><F70/><W65/><G25/><T62/><D124/><U84/><E113/><V86/><F11/><W98/><G98/><T30/><D120/><N who="3" m="46185" /><G12/><T89/><D38/><U49/><E109/><V111/><F111/><W69/><G83/><T22/><D54/><U52/><E131/><V110/><F110/><W92/><G92/><AGARI ba="0,0" hai="14,16,22,26,30,35,40,43,62,66,68,87,89,92" machi="92" ten="30,2000,0" yaku="7,1,54,1" doraHai="51" who="0" fromWho="3" sc="190,20,370,0,310,0,130,-20" /><INIT seed="3,0,0,1,2,101" ten="210,370,310,110" oya="3" hai0="119,9,42,126,116,3,134,50,115,131,68,123,135" hai1="70,8,118,13,2,73,82,46,60,114,89,102,85" hai2="91,51,111,64,88,14,90,83,107,30,47,109,132" hai3="120,16,113,87,0,105,80,79,84,18,40,48,94"/><W77/><G113/><T53/><D123/><U127/><E114/><V10/><F132/><N who="0" m="50730" /><D115/><U117/><E127/><V11/><F64/><W125/><G120/><T54/><D68/><U45/><E2/><V92/><F30/><W34/><G34/><T4/><D126/><U37/><E37/><V86/><F107/><W71/><G125/><T22/><D131/><U32/><E32/><V56/><F56/><W76/><G0/><T20/><D42/><U7/><E102/><V1/><F1/><W99/><G71/><T112/><D54/><U19/><E73/><V38/><F38/><W124/><G124/><T31/><D112/><U6/><E70/><V97/><F91/><W96/><G105/><T35/><D35/><U21/><E60/><V81/><F81/><W29/><G29/><T12/><D3/><N who="1" m="95" /><E7/><V100/><F100/><N who="3" m="60439" /><G99/><T75/><D75/><U130/><E130/><V65/><F65/><W122/><G122/><T49/><D49/><U57/><E57/><V52/><REACH who="2" step="1"/><F11/><REACH who="2" ten="210,370,300,110" step="2"/><W103/><G103/><T66/><D66/><U5/><E5/><AGARI ba="0,1" hai="5,10,14,47,51,52,83,86,88,90,92,97,109,111" machi="5" ten="40,8000,1" yaku="1,1,2,1,54,2,53,0" doraHai="101" doraHaiUra="61" who="2" fromWho="1" sc="210,0,370,-80,300,90,110,0" owari="210,-19.0,290,9.0,390,49.0,110,-39.0" /></mjloggm>