<mjloggm ver="2.3"><GO type="225" lobby="0"/><UN n0="%E6%A1%9C%E8%8A%B1%E9%96%83%E3%80%85" n1="%33%74%72%65%65" n2="%E3%81%8B%E3%82%8F%E3%81%A1%E3%82%83%E3%82%93%35%38" n3="%6B%69%72%61%64%6F%6B%69" dan="17,17,16,16" rate="2242.50,2111.43,2152.71,2169.81" sx="M,F,M,M"/><TAIKYOKU oya="0"/><INIT seed="0,0,0,5,3,80" ten="250,250,250,250" oya="0" hai0="46,75,17,109,43,84,86,13,118,111,44,90,50" hai1="102,22,133,101,52,48,0,67,38,12,29,45,69" hai2="5,134,87,6,49,20,103,93,66,107,31,97,3" hai3="21,64,132,27,106,122,85,24,8,25,98,51,39"/><T94/><D118/><U116/><E116/><V7/><F134/><W108/><G39/><T40/><D75/><U9/><E133/><V57/><F3/><W65/><G132/><T92/><D92/><U59/><E0/><V100/><F107/><W81/><G108/><N who="0" m="41547" /><D94/><U99/><E69/><V88/><F97/><W77/><G122/><T96/><D90/><U19/><E99/><V79/><F79/><W14/><G51/><N who="0" m="27015" /><D96/><U135/><E135/><V30/><F20/><AGARI ba="0,0" hai="13,17,20,43,46,50,84,86" m="27015,41547" machi="20" ten="30,11600,0" yaku="14,1,10,1,52,2" doraHai="80" who="0" fromWho="2" sc="250,116,250,0,250,-116,250,0" /><INIT seed="0,1,0,5,1,40" ten="366,250,134,250" oya="0" hai0="102,10,121,25,67,5,129,6,11,51,97,133,48" hai1="107,110,20,57,106,101,86,120,42,24,39,21,119" hai2="28,125,43,54,130,46,71,117,100,14,72,22,53" hai3="17,36,105,69,3,92,58,34,74,1,127,109,81"/><T134/><D121/><U73/><E119/><V29/><F125/><W94/><G58/><T52/><D67/><U16/><E73/><V47/><F72/><W84/><G17/><T79/><D79/><U98/><E120/><V96/><F71/><W82/><G36/><T9/><D129/><U66/><E110/><V87/><F130/><W63/><G63/><T7/><D25/><U27/><E86/><V50/><F117/><W91/><G69/><T132/><D52/><U60/><E42/><V30/><F87/><N who="3" m="50671" /><G3/><T15/><D15/><U77/><E77/><V41/><F14/><W135/><G1/><T2/><D2/><U89/><E89/><V111/><F111/><W99/><G34/><T31/><D31/><U93/><E39/><V90/><F90/><N who="3" m="51479" /><G109/><T76/><D76/><U95/><E95/><AGARI ba="1,0" hai="5,6,7,9,10,11,48,51,95,97,102,132,133,134" machi="95" ten="50,9600,0" yaku="29,2,20,1" doraHai="40" who="0" fromWho="1" sc="366,99,250,-99,134,0,250,0" /><INIT seed="0,2,0,4,0,46" ten="465,151,134,250" oya="0" hai0="3,39,21,71,84,16,85,87,76,101,116,17,33" hai1="132,57,98,27,26,50,52,82,10,134,130,6,58" hai2="124,100,59,14,64,44,11,93,91,18,19,68,127" hai3="99,133,29,4,95,41,13,48,78,104,97,36,31"/><T83/><D116/><U128/><E82/><V47/><F68/><W70/><G70/><T35/><D39/><U135/><E98/><V122/><F122/><W42/><G36/><T24/><D71/><U38/><E38/><V112/><F112/><W121/><G121/><T61/><D61/><U125/><E58/><V63/><F100/><W123/><G123/><T12/><D3/><N who="1" m="351" /><E125/><V105/><F105/><W111/><G111/><T32/><REACH who="0" step="1"/><D101/><REACH who="0" ten="455,151,134,250" step="2"/><U62/><E62/><V102/><F102/><W66/><G133/><T107/><D107/><U81/><E81/><V88/><F127/><W115/><G104/><T114/><D114/><U94/><E94/><V45/><F124/><W96/><G95/><T86/><D86/><U0/><E0/><V119/><F119/><W89/><G115/><T117/><D117/><U92/><E92/><V5/><REACH who="2" step="1"/><F91/><REACH who="2" ten="455,151,124,250" step="2"/><W90/><G89/><T40/><D40/><U65/><E135/><V49/><F49/><W103/><G48/><T8/><AGARI ba="2,2" hai="8,12,16,17,21,24,32,33,35,76,83,84,85,87" machi="8" ten="30,11700,0" yaku="1,1,0,1,54,1,53,1" doraHai="46" doraHaiUra="73" who="0" fromWho="0" sc="455,143,151,-41,124,-41,250,-41" /><INIT seed="0,3,0,4,4,69" ten="598,110,83,209" oya="0" hai0="41,119,25,109,29,94,116,65,40,85,64,30,113" hai1="62,45,107,38,55,13,112,82,24,98,128,77,87" hai2="133,117,75,66,8,50,126,132,49,95,105,130,104" hai3="59,91,67,134,20,48,121,124,11,63,114,21,123"/><T60/><D113/><U72/><E112/><V89/><F66/><W27/><G114/><T90/><D109/><U96/><E128/><V106/><F8/><W100/><G134/><N who="2" m="51817" /><F49/><W37/><G37/><T18/><D116/><U17/><E24/><V111/><F50/><W10/><G100/><T4/><D4/><U5/><E5/><V110/><F117/><W6/><G124/><T93/><D119/><U22/><E107/><N who="2" m="27395" /><V57/><DORA hai="46" /><F57/><W135/><G135/><T108/><D108/><N who="2" m="41514" /><F126/><W70/><G10/><T129/><D64/><U35/><E35/><V76/><F130/><W33/><G48/><T78/><D129/><U28/><E28/><V39/><F39/><W7/><G59/><N who="0" m="37023" /><D18/><U81/><E62/><V54/><F54/><W36/><G63/><T127/><D127/><U51/><REACH who="1" step="1"/><E38/><REACH who="1" ten="598,100,83,209" step="2"/><V84/><F75/><W79/><G36/><T2/><D30/><U1/><E1/><V131/><F131/><W52/><G6/><T125/><D2/><U92/><E92/><V101/><F101/><W23/><G7/><T120/><D94/><U61/><E61/><V34/><F34/><W14/><G33/><T26/><D125/><U44/><E44/><V80/><F95/><W43/><G27/><T9/><D25/><U115/><E115/><V118/><F118/><W99/><G14/><T3/><D26/><U12/><E12/><V103/><F103/><W71/><G71/><T102/><D93/><U122/><E122/><V32/><F32/><W58/><G70/><T15/><D120/><U19/><E19/><V0/><F0/><W68/><G121/><RYUUKYOKU ba="3,1" sc="598,-15,100,15,83,15,209,-15" hai1="13,17,22,45,51,55,72,77,81,82,87,96,98" hai2="76,80,84,89" /><INIT seed="1,4,1,3,1,21" ten="583,115,98,194" oya="1" hai0="38,23,14,73,34,24,7,70,36,18,93,86,108" hai1="122,112,102,128,30,11,69,111,26,89,135,96,46" hai2="3,42,119,117,107,99,81,49,58,15,134,9,53" hai3="131,57,109,52,87,91,8,77,41,121,98,72,114"/><U6/><E112/><V54/><F3/><W105/><G121/><T59/><D70/><U130/><E122/><V110/><F42/><W32/><G114/><T63/><D73/><U56/><E69/><V25/><F110/><W74/><G109/><T35/><D108/><U118/><E111/><V129/><F129/><N who="1" m="49769" /><E118/><V48/><F134/><W101/><G131/><T67/><D35/><N who="1" m="20951" /><E135/><V4/><F81/><W97/><G32/><T85/><D34/><U61/><E46/><V2/><F2/><W55/><G41/><T65/><D65/><N who="1" m="39079" /><E89/><V88/><F25/><W66/><G91/><T78/><D24/><U17/><E17/><V39/><F39/><W79/><G66/><T113/><D18/><U47/><E47/><V82/><F107/><W71/><G57/><T27/><D59/><U13/><E96/><V126/><F126/><W124/><G105/><T125/><D125/><U5/><E102/><V62/><F62/><W133/><G101/><T0/><D63/><U83/><E83/><V115/><F115/><W68/><G124/><T12/><D113/><U123/><E123/><V28/><F28/><W1/><G133/><T106/><D106/><U20/><E5/><V127/><F127/><W120/><G120/><T92/><D7/><U10/><E10/><V31/><F31/><W44/><G44/><T37/><D37/><U40/><E40/><V75/><F99/><W16/><G8/><T80/><D38/><U29/><E29/><V94/><F88/><W45/><G45/><T22/><D36/><U43/><E43/><V51/><F117/><W103/><G97/><RYUUKYOKU ba="4,1" sc="583,-10,115,30,98,-10,194,-10" hai1="6,11,13,20" /><INIT seed="1,5,1,4,1,40" ten="573,145,88,184" oya="1" hai0="118,89,22,86,81,52,49,87,20,17,124,33,83" hai1="101,65,73,133,72,6,55,80,70,59,36,93,125" hai2="88,45,27,4,38,95,135,10,51,82,41,91,120" hai3="131,28,43,68,97,56,69,9,106,61,130,44,85"/><U90/><E133/><V108/><F120/><W109/><G28/><T12/><D118/><U31/><E125/><V117/><F117/><W29/><G29/><T96/><D33/><U62/><E31/><V119/><F119/><W42/><G85/><T79/><D124/><U78/><E36/><V98/><F135/><W15/><G109/><T111/><D111/><U16/><E6/><V64/><F108/><W122/><G42/><T105/><D105/><U58/><E72/><V94/><F27/><W7/><G122/><T14/><D96/><U54/><E101/><V34/><F34/><W47/><G97/><T30/><D30/><U121/><E121/><V132/><F132/><W104/><G104/><T76/><D89/><U23/><E70/><N who="3" m="27242" /><G43/><T25/><D22/><U1/><E1/><V110/><F110/><W24/><G24/><T112/><D112/><U127/><E127/><V92/><F64/><N who="3" m="38951" /><G106/><T60/><D60/><U100/><E100/><V67/><F67/><W0/><G15/><T53/><D53/><U102/><E102/><V103/><F38/><W8/><G8/><T3/><D3/><U39/><E39/><V99/><F82/><W71/><N who="3" m="27250" /><W19/><DORA hai="11" /><G19/><T32/><D32/><U77/><E77/><V84/><REACH who="2" step="1"/><F10/><REACH who="2" ten="573,145,78,184" step="2"/><W18/><G9/><T37/><D37/><U50/><E65/><V116/><F116/><W2/><G131/><T129/><D129/><U115/><E80/><V26/><F26/><W57/><G130/><T21/><D21/><U107/><E23/><V126/><F126/><W5/><G0/><T75/><D83/><RYUUKYOKU ba="5,2" sc="573,-10,145,-10,78,30,184,-10" hai2="4,41,45,51,84,88,91,92,94,95,98,99,103" /><INIT seed="2,6,2,5,5,41" ten="563,135,108,174" oya="2" hai0="61,21,60,3,42,130,29,4,96,128,82,12,54" hai1="2,131,64,78,109,102,108,100,113,88,7,22,89" hai2="49,106,57,24,11,110,114,59,15,94,0,119,120" hai3="23,30,103,98,126,36,74,33,79,99,80,32,40"/><V6/><F106/><N who="3" m="63863" /><G23/><T70/><D42/><U34/><E34/><N who="3" m="13418" /><G30/><T48/><D96/><U118/><E113/><V25/><F114/><W58/><G58/><T116/><D82/><U122/><E131/><V16/><F120/><W9/><G99/><T81/><D3/><U17/><E122/><V117/><F59/><W92/><G92/><T111/><D111/><N who="1" m="42571" /><E118/><V50/><F110/><W19/><G19/><T75/><D60/><U67/><E78/><V86/><F117/><W18/><G18/><T85/><D54/><U104/><E104/><V68/><F119/><W55/><G55/><T35/><D21/><U93/><E102/><V125/><F94/><W112/><G9/><T71/><D48/><U87/><E100/><V62/><F50/><W121/><G112/><T47/><D12/><N who="1" m="9511" /><E89/><V133/><F49/><W5/><G121/><T76/><D85/><U37/><E37/><V132/><F86/><W124/><G5/><T134/><D4/><U107/><E107/><V123/><F123/><W101/><G101/><T127/><D116/><U39/><E39/><V13/><F13/><W66/><G66/><T91/><D130/><U52/><E52/><N who="2" m="34087" /><F68/><W45/><AGARI ba="6,2" hai="36,40,45,74,79,80,124,126" m="13418,63863" machi="45" ten="30,2000,0" yaku="23,1,52,1" doraHai="41" who="3" fromWho="3" sc="563,-11,135,-11,108,-16,174,58" /><INIT seed="3,0,0,2,2,121" ten="552,124,92,232" oya="3" hai0="60,3,70,97,93,74,56,48,63,34,110,5,89" hai1="81,0,134,35,77,78,106,75,18,51,9,16,135" hai2="37,6,27,1,86,64,13,38,123,111,85,94,115" hai3="118,29,31,30,23,117,132,25,53,20,120,108,87"/><W126/><G87/><T42/><D110/><U46/><E106/><V44/><F115/><W17/><G53/><T76/><D34/><U19/><E35/><V14/><F123/><W62/><G62/><T122/><D122/><U41/><E77/><V15/><F64/><W52/><G52/><T4/><D70/><U72/><E72/><V124/><F124/><W119/><G120/><T95/><D3/><U50/><E50/><V104/><F104/><W92/><G92/><T91/><D74/><U107/><E107/><V36/><F44/><W103/><G103/><T22/><D22/><U129/><E129/><V59/><F59/><W28/><G126/><T40/><D76/><U66/><E66/><V88/><F27/><N who="3" m="16487" /><G132/><N who="1" m="50730" /><E0/><V67/><F67/><W69/><G69/><T2/><D97/><U83/><E83/><V100/><F100/><W130/><G130/><T82/><D82/><U57/><E57/><V65/><F65/><W101/><G101/><T113/><D42/><U43/><E43/><V54/><F54/><W125/><G125/><T68/><D93/><U55/><E41/><V116/><F116/><W47/><G47/><T21/><D40/><U73/><E73/><V79/><F111/><W45/><G45/><T112/><D95/><U133/><E133/><V61/><F61/><W24/><G24/><T127/><D89/><U11/><AGARI ba="0,0" hai="9,11,16,18,19,46,51,55,75,78,81" m="50730" machi="11" ten="40,2700,0" yaku="20,1,54,1" doraHai="121" who="1" fromWho="1" sc="552,-7,124,27,92,-7,232,-13" owari="545,64.5,151,-24.9,85,-41.5,219,1.9" /></mjloggm>