<mjloggm ver="2.3"><GO type="225" lobby="0"/><UN n0="%E4%BF%BA%E3%81%A8%E5%A6%96%E5%A4%A2" n1="%E3%83%B4%E3%83%A0%EF%BC%99%E3%81%A6" n2="%E6%B8%A9%E2%98%85%E6%83%85%E2%98%85%E6%8E%AA%E2%98%85%E7%BD%AE" n3="%43%68%65" dan="16,16,17,16" rate="2210.59,2165.88,2172.08,2174.14" sx="F,M,M,M"/><TAIKYOKU oya="0"/><INIT seed="0,0,0,4,1,0" ten="250,250,250,250" oya="0" hai0="92,5,93,110,70,56,28,82,26,33,125,98,13" hai1="43,11,27,114,4,94,122,37,97,2,72,99,6" hai2="68,81,127,86,135,20,55,90,84,58,130,79,128" hai3="9,47,67,51,65,61,107,66,75,134,69,109,36"/><T117/><D117/><U8/><E122/><V1/><F68/><W95/><G107/><T126/><D70/><U19/><E114/><V105/><F105/><W48/><G75/><T129/><D129/><N who="2" m="49770" /><F1/><W74/><G74/><T53/><D82/><U91/><E72/><V39/><F39/><W85/><G36/><T62/><D110/><U73/><E73/><V64/><F64/><W22/><G109/><T123/><D123/><U32/><E32/><V45/><F135/><W112/><G112/><T131/><D131/><U35/><E35/><V31/><F45/><W71/><G134/><T106/><D106/><U52/><E97/><V15/><F127/><N who="0" m="48650" /><D98/><U120/><E120/><V113/><F113/><W42/><G71/><T14/><D14/><U115/><E115/><V96/><F96/><W132/><G132/><T60/><D60/><U63/><E2/><V111/><F15/><W54/><G69/><T83/><D83/><U25/><E37/><V100/><F111/><W118/><G61/><T119/><D119/><U76/><E76/><V59/><F79/><W116/><G116/><T23/><D33/><U57/><E43/><V17/><F86/><W101/><G118/><T3/><D3/><U87/><E87/><V18/><F84/><W44/><G85/><T12/><D12/><N who="1" m="7559" /><E11/><AGARI ba="0,0" hai="5,11,13,23,26,28,53,56,62,92,93" m="48650" machi="11" ten="30,2900,0" yaku="18,1,52,1" doraHai="0" who="0" fromWho="1" sc="250,29,250,-29,250,0,250,0" /><INIT seed="0,1,0,4,0,65" ten="279,221,250,250" oya="0" hai0="82,24,95,68,49,18,26,83,73,55,10,123,12" hai1="35,61,135,86,114,37,126,19,59,39,17,103,31" hai2="91,116,28,115,6,8,25,21,63,93,69,13,1" hai3="94,4,23,121,100,11,84,79,3,9,30,88,134"/><T72/><D123/><U102/><E126/><V109/><F109/><W36/><G121/><T96/><D73/><U5/><E5/><V130/><F130/><W0/><G36/><T62/><D72/><U40/><E135/><V67/><F116/><W110/><G110/><T92/><D68/><U133/><E133/><V77/><F77/><W33/><G33/><T71/><D71/><U117/><E114/><V44/><F44/><W46/><G134/><T108/><D62/><U90/><E117/><V15/><REACH who="2" step="1"/><F115/><REACH who="2" ten="279,221,240,250" step="2"/><W7/><G46/><T80/><D108/><U120/><E120/><V41/><F41/><W32/><G79/><T122/><D122/><U45/><E45/><V50/><F50/><W98/><G32/><T75/><D75/><U16/><E40/><V60/><F60/><W124/><G124/><T74/><D74/><U97/><E37/><V51/><F51/><W52/><G52/><T112/><D112/><U104/><E39/><V125/><F125/><W85/><G100/><T48/><D49/><U57/><E102/><V111/><F111/><W38/><G38/><T131/><D131/><U66/><E61/><V128/><F128/><W99/><G85/><AGARI ba="1,1" hai="1,6,8,13,15,21,25,28,63,67,69,85,91,93" machi="85" ten="30,3900,0" yaku="1,1,7,1,52,1,53,0" doraHai="65" doraHaiUra="70" who="2" fromWho="3" sc="279,0,221,0,240,52,250,-42" /><INIT seed="1,0,0,1,0,4" ten="279,221,292,208" oya="1" hai0="133,125,39,91,118,80,121,30,98,100,134,122,127" hai1="106,71,45,66,54,17,119,81,87,135,29,10,12" hai2="132,51,56,63,1,52,92,47,31,67,105,2,124" hai3="70,101,128,53,21,65,74,112,86,8,18,96,49"/><U44/><E119/><V57/><F105/><W46/><G112/><T75/><D39/><U59/><E106/><V35/><F132/><N who="0" m="50794" /><D30/><U15/><E135/><V40/><F124/><N who="0" m="47690" /><D118/><U84/><E29/><V43/><F43/><W11/><G128/><T131/><D131/><U113/><E113/><V7/><F7/><W115/><G74/><T94/><D100/><U41/><E41/><V130/><F130/><W90/><G115/><T22/><D22/><U13/><E71/><V120/><F120/><W116/><G116/><T85/><D75/><U126/><E84/><V26/><REACH who="2" step="1"/><F92/><REACH who="2" ten="279,221,282,208" step="2"/><N who="3" m="58503" /><G70/><T99/><D94/><U73/><E126/><V61/><AGARI ba="0,1" hai="1,2,26,31,35,40,47,51,52,56,57,61,63,67" machi="61" ten="20,5200,0" yaku="1,1,0,1,7,1,54,1,53,0" doraHai="4" doraHaiUra="89" who="2" fromWho="2" sc="279,-13,221,-26,282,62,208,-13" /><INIT seed="2,0,0,1,0,68" ten="266,195,344,195" oya="2" hai0="17,113,95,125,47,55,131,5,1,15,75,112,103" hai1="72,19,49,108,58,2,117,73,130,54,26,64,115" hai2="31,89,35,3,14,39,62,30,96,61,45,82,32" hai3="77,50,122,87,102,135,56,104,40,97,57,33,124"/><V84/><F3/><W6/><G122/><T42/><D75/><U116/><E115/><V93/><F14/><W83/><G33/><T88/><D103/><U79/><E2/><V65/><F35/><W80/><G124/><T86/><D125/><U27/><E108/><V12/><F32/><W67/><G135/><T34/><D34/><U51/><E130/><V36/><F12/><W109/><G109/><T105/><D105/><U37/><E64/><V92/><F92/><W53/><G40/><T127/><D127/><U132/><E58/><V120/><F120/><W91/><G6/><T121/><D121/><U81/><E81/><V38/><F45/><W29/><G29/><T9/><D55/><U111/><E111/><V114/><F114/><W59/><REACH who="3" step="1"/><G67/><REACH who="3" ten="266,195,344,185" step="2"/><T119/><D119/><U11/><E132/><V110/><F110/><W70/><G70/><T24/><D131/><U76/><E117/><V133/><F133/><W129/><G129/><T4/><D4/><U41/><E116/><V48/><F31/><W123/><G123/><T69/><D69/><U71/><E71/><V7/><F30/><W20/><G20/><T66/><D66/><U21/><E21/><V74/><F7/><W43/><G43/><T100/><D113/><U134/><E134/><V78/><F65/><W52/><G52/><T0/><D112/><U23/><E54/><V18/><F18/><W28/><G28/><T90/><D0/><U46/><E11/><V60/><F74/><AGARI ba="0,1" hai="50,53,56,57,59,74,77,80,83,87,91,97,102,104" machi="74" ten="30,2000,0" yaku="1,1,7,1,53,0" doraHai="68" doraHaiUra="10" who="3" fromWho="2" sc="266,0,195,0,344,-20,185,30" /><INIT seed="3,0,0,1,3,107" ten="266,195,324,215" oya="3" hai0="29,120,94,100,73,71,31,0,129,134,27,79,49" hai1="36,76,67,46,44,114,77,48,130,17,126,133,104" hai2="124,72,111,7,51,84,102,13,11,21,64,127,58" hai3="56,28,69,16,33,125,108,8,63,96,37,132,43"/><W23/><G69/><T47/><D120/><U32/><E114/><V2/><F111/><W4/><G108/><T40/><D71/><U128/><E104/><V6/><F72/><W20/><G125/><N who="2" m="48201" /><F102/><W15/><G132/><T57/><D134/><U59/><E133/><V60/><F84/><W97/><G23/><T116/><D116/><U12/><E126/><V118/><F118/><W115/><G115/><T131/><D0/><U103/><E103/><V62/><F51/><W91/><G91/><T74/><D79/><N who="1" m="30283" /><E36/><V45/><F45/><W119/><G119/><T9/><D9/><U123/><E123/><V92/><F92/><W68/><G68/><T39/><D57/><U18/><E32/><V90/><F90/><W121/><G121/><T24/><D39/><U81/><E81/><V25/><F60/><W50/><G37/><T3/><D3/><U112/><E112/><V65/><F65/><N who="3" m="39143" /><G33/><N who="0" m="20647" /><D94/><U109/><E109/><V88/><F88/><W22/><G43/><T5/><D100/><U110/><E110/><V86/><F2/><W87/><G50/><T113/><D113/><U38/><E38/><V52/><F86/><W105/><G87/><T89/><D89/><U78/><N who="1" m="30291" /><U14/><DORA hai="93" /><E46/><V117/><F117/><W53/><G105/><T99/><D99/><U19/><E59/><V80/><F80/><W54/><G97/><T35/><D74/><U55/><E67/><V70/><F64/><W75/><G96/><T41/><D73/><U95/><E95/><V83/><F70/><W26/><G75/><T82/><D82/><U106/><E106/><RYUUKYOKU ba="0,0" sc="266,-15,195,15,324,-15,215,15" hai1="12,14,17,18,19,44,48,55,128,130" hai3="4,8,15,16,20,22,26,28,53,54" /><INIT seed="3,1,0,2,2,42" ten="251,210,309,230" oya="3" hai0="56,80,38,9,76,123,3,112,16,18,128,121,134" hai1="20,43,75,14,65,103,74,58,96,100,31,24,41" hai2="88,68,70,64,102,51,59,17,67,114,122,10,62" hai3="27,8,30,25,87,106,91,40,83,115,33,125,107"/><W89/><G115/><T52/><D112/><U113/><E113/><V0/><F114/><RYUUKYOKU type="kaze4" ba="1,0" sc="251,0,210,0,309,0,230,0" /><INIT seed="3,2,0,2,4,25" ten="251,210,309,230" oya="3" hai0="110,71,108,63,134,10,48,92,53,0,102,32,46" hai1="121,85,8,99,130,100,1,14,87,52,54,13,115" hai2="3,77,5,109,75,94,72,16,116,50,89,104,21" hai3="90,61,18,86,123,11,56,12,58,66,4,131,64"/><W62/><G131/><T6/><D32/><U35/><E121/><V70/><F116/><W84/><G123/><T118/><D118/><U68/><E115/><V36/><F36/><W135/><G135/><T41/><D134/><U22/><E35/><V96/><F70/><W113/><G113/><T73/><D73/><U74/><E74/><V95/><F104/><W128/><G128/><T122/><D122/><U39/><E39/><V26/><F109/><N who="0" m="42090" /><D102/><U33/><E33/><V79/><F75/><W34/><G34/><T20/><D92/><N who="1" m="58471" /><E68/><V81/><F79/><W107/><G107/><T88/><D88/><U19/><E1/><V112/><F112/><W83/><REACH who="3" step="1"/><G86/><REACH who="3" ten="251,210,309,220" step="2"/><N who="1" m="32778" /><E130/><V124/><F72/><W69/><G69/><T57/><D71/><U44/><E44/><V120/><F120/><W111/><G111/><T114/><D114/><U51/><E51/><V117/><F50/><W31/><G31/><T45/><D46/><U60/><E60/><V125/><F117/><W98/><G98/><T59/><D63/><U37/><E37/><V91/><F96/><W101/><G101/><T49/><D59/><U27/><E13/><V106/><F106/><W38/><G38/><T80/><D49/><U2/><E2/><V93/><F3/><W7/><AGARI ba="2,1" hai="4,7,11,12,18,56,58,61,62,64,66,83,84,90" machi="7" ten="30,11700,0" yaku="1,1,0,1,9,1,8,1,53,0" doraHai="25" doraHaiUra="119" who="3" fromWho="3" sc="251,-41,210,-41,309,-41,220,133" owari="210,-19.0,169,-33.1,268,6.8,353,45.3" /></mjloggm>