<mjloggm ver="2.3"><GO type="225" lobby="0"/><UN n0="%E3%81%95%E3%81%8D%E3%81%9F%E3%81%BE%E6%9E%97%E6%AA%8E" n1="%E6%80%AA%E3%81%97%E3%81%99%E3%81%8E%E3%82%8B%E3%83%81%E3%83%BC" n2="%E3%83%A9%E3%83%BC%E3%83%A1%E3%83%B3%E4%BA%94%E9%83%8E" n3="%6E%69%63%6F%6E%74%6F" dan="16,16,16,16" rate="2122.30,2097.35,2170.69,2109.95" sx="M,M,M,M"/><TAIKYOKU oya="0"/><INIT seed="0,0,0,0,4,123" ten="250,250,250,250" oya="0" hai0="36,21,88,33,87,9,30,56,93,97,125,46,8" hai1="73,32,65,99,25,135,6,7,17,132,108,29,31" hai2="20,126,85,69,2,39,104,129,114,82,23,70,52" hai3="94,53,83,84,68,66,62,76,13,51,122,60,35"/><T59/><D125/><U41/><E73/><V74/><F114/><W112/><G112/><T110/><D33/><U77/><E77/><V95/><F104/><W37/><G122/><T50/><D36/><U72/><E72/><V131/><F126/><W14/><G35/><T79/><D110/><U28/><E41/><V61/><F2/><W115/><G115/><T71/><D71/><N who="2" m="27146" /><F95/><W48/><G48/><T117/><D117/><U49/><E65/><V5/><F5/><N who="1" m="1545" /><E49/><V128/><F74/><W119/><G62/><T111/><D111/><U58/><E58/><N who="0" m="22057" /><D79/><U11/><E99/><V80/><F39/><W15/><G119/><T100/><D21/><N who="2" m="8266" /><F85/><W120/><G120/><T3/><D3/><U92/><E92/><V105/><F105/><W54/><G37/><T130/><D30/><N who="1" m="19535" /><E108/><V107/><F107/><W91/><REACH who="3" step="1"/><G51/><REACH who="3" ten="250,250,250,240" step="2"/><T57/><D50/><U0/><E0/><V116/><F116/><W90/><G90/><T121/><D88/><U42/><E42/><V67/><F61/><W24/><G24/><T4/><D121/><U101/><E101/><V44/><F67/><W43/><G43/><T34/><D100/><U47/><E47/><V64/><F64/><W45/><G45/><T113/><D46/><U19/><E11/><V63/><F44/><W124/><G124/><T109/><D9/><U26/><E26/><V127/><F127/><W55/><G55/><T75/><D8/><U96/><E96/><AGARI ba="0,1" hai="13,14,15,53,54,60,66,68,76,83,84,91,94,96" machi="96" ten="40,2600,0" yaku="1,1,53,1" doraHai="123" doraHaiUra="78" who="3" fromWho="1" sc="250,0,250,-26,250,0,240,36" /><INIT seed="1,0,0,0,0,102" ten="250,224,250,276" oya="1" hai0="26,61,82,107,103,84,114,104,37,105,24,8,65" hai1="120,77,64,59,9,34,86,127,87,72,81,80,125" hai2="135,7,19,96,133,70,63,2,126,68,88,111,66" hai3="108,56,128,91,57,85,50,40,22,75,39,11,71"/><U122/><E34/><V101/><F111/><W13/><G108/><T89/><D37/><U113/><E113/><V95/><F126/><N who="1" m="48137" /><E9/><N who="2" m="2295" /><F19/><W115/><G128/><T45/><D114/><U28/><E28/><V106/><F70/><W129/><G129/><T1/><D103/><U73/><E59/><V14/><F14/><W15/><G115/><T18/><D45/><U0/><E64/><V112/><F112/><W93/><G71/><T67/><D67/><U116/><E0/><V78/><F78/><W99/><G75/><N who="1" m="28746" /><E116/><V54/><F54/><W74/><G74/><T69/><REACH who="0" step="1"/><D1/><REACH who="0" ten="240,224,250,276" step="2"/><U92/><E92/><V20/><F95/><W6/><G93/><T53/><D53/><U36/><E36/><V83/><F66/><W33/><G39/><T117/><D117/><U60/><E60/><V58/><F63/><W35/><G50/><T4/><D4/><U118/><E118/><V121/><F68/><W47/><G6/><T76/><D76/><AGARI ba="0,1" hai="76,77,80,81,86,87,120,122" m="28746,48137" machi="76" ten="30,5800,0" yaku="18,1,34,2" doraHai="102" who="1" fromWho="0" sc="240,-58,224,68,250,0,276,0" /><INIT seed="1,1,0,2,3,124" ten="182,292,250,276" oya="1" hai0="107,101,57,111,34,108,69,88,58,21,62,71,50" hai1="66,41,46,121,81,114,85,96,118,18,100,31,40" hai2="119,70,8,15,55,5,67,98,87,56,52,24,37" hai3="116,6,109,65,89,23,133,120,91,131,77,82,14"/><U128/><E128/><V36/><F119/><W132/><G120/><T95/><D34/><U32/><E121/><V73/><F73/><W99/><G109/><N who="0" m="42059" /><D107/><U76/><E114/><V44/><F70/><N who="0" m="26634" /><D101/><U113/><E113/><V33/><F67/><W26/><G65/><T86/><D50/><U10/><E10/><V123/><F123/><W75/><G116/><T54/><D57/><U72/><E118/><V97/><F37/><W115/><G131/><T134/><D134/><N who="3" m="51817" /><G99/><T48/><D48/><U1/><E66/><V13/><F36/><W2/><G2/><T22/><AGARI ba="1,0" hai="21,22,54,58,62,86,88,95" m="26634,42059" machi="22" ten="40,2700,0" yaku="14,1,54,1" doraHai="124" who="0" fromWho="0" sc="182,30,292,-14,250,-8,276,-8" /><INIT seed="2,0,0,1,2,40" ten="212,278,242,268" oya="2" hai0="15,63,80,91,78,37,43,47,4,46,94,42,17" hai1="56,74,134,89,45,36,29,82,55,104,11,64,123" hai2="21,39,125,98,26,109,20,10,72,33,51,9,65" hai3="69,102,128,100,73,62,34,19,101,35,122,25,97"/><V49/><F72/><W58/><G122/><T70/><D4/><U133/><E123/><V131/><F39/><W105/><G73/><T6/><D6/><U79/><E104/><V90/><F125/><W31/><G128/><T23/><D70/><U52/><E29/><V59/><F131/><W68/><G35/><T110/><D110/><U61/><E11/><N who="2" m="4107" /><F33/><W7/><G7/><T124/><D124/><U95/><E36/><V111/><F65/><W106/><G19/><T5/><D5/><U38/><E38/><V66/><F66/><W86/><G86/><N who="0" m="48407" /><D37/><U114/><E114/><V127/><F127/><W24/><G24/><T67/><D67/><U77/><E77/><V84/><F98/><W92/><G69/><T48/><D48/><BYE who="0" /><N who="2" m="18506" /><F59/><UN n0="%E3%81%95%E3%81%8D%E3%81%9F%E3%81%BE%E6%9E%97%E6%AA%8E" /><W117/><G68/><T18/><D18/><U108/><E108/><N who="2" m="41547" /><F26/><W81/><G97/><N who="0" m="57567" /><D63/><U30/><E64/><V116/><F116/><W13/><G62/><T96/><D96/><U103/><E56/><V28/><F28/><W41/><G58/><T83/><D83/><AGARI ba="0,0" hai="20,21,83,84,90" m="41547,18506,4107" machi="83" ten="30,2900,0" yaku="14,1,10,1" doraHai="40" who="2" fromWho="0" sc="212,-29,278,0,242,29,268,0" /><INIT seed="2,1,0,2,3,63" ten="183,278,271,268" oya="2" hai0="116,102,103,92,97,48,44,100,120,91,58,88,18" hai1="31,64,39,24,59,72,19,8,122,3,67,60,127" hai2="52,73,123,86,128,7,131,105,23,126,106,87,11" hai3="89,96,99,117,83,112,36,95,114,98,113,42,119"/><V28/><F123/><W70/><G70/><T134/><D120/><U121/><E72/><V29/><F73/><W34/><G34/><T51/><D134/><U1/><E39/><V108/><F126/><W81/><G42/><T57/><D116/><N who="3" m="44617" /><G36/><T20/><D91/><U107/><E107/><N who="2" m="40971" /><F108/><W10/><G10/><T69/><D69/><U61/><E127/><V21/><F52/><W49/><G49/><T2/><D2/><U79/><E79/><V129/><F11/><W53/><G53/><T130/><D130/><U45/><E45/><V78/><F7/><W133/><G133/><T6/><D6/><U13/><E3/><V77/><F21/><W22/><G22/><T76/><D76/><N who="2" m="29290" /><F23/><W0/><G0/><T80/><D80/><AGARI ba="1,0" hai="80,81,83,89,95,96,98,99,112,113,114" m="44617" machi="80" ten="40,5200,0" yaku="11,1,34,2" doraHai="63" who="3" fromWho="0" sc="183,-55,278,0,271,0,268,55" /><INIT seed="3,0,0,3,2,29" ten="128,278,271,323" oya="3" hai0="107,94,109,4,80,130,75,65,27,2,83,61,33" hai1="99,19,104,81,111,41,39,35,1,22,73,40,118" hai2="125,66,5,64,105,72,106,126,70,89,133,52,37" hai3="15,57,135,6,43,112,98,49,62,78,53,121,9"/><W91/><G112/><T24/><D109/><U119/><E111/><V69/><F37/><W10/><G121/><T18/><D130/><U103/><E1/><V132/><F72/><W55/><G135/><N who="2" m="51785" /><F5/><W134/><G134/><T86/><D86/><U97/><E35/><V16/><F16/><W123/><G123/><T113/><D113/><U38/><E99/><V23/><F23/><W110/><G110/><T42/><D94/><U79/><E38/><V45/><F89/><W74/><G74/><T82/><D42/><U76/><E76/><V59/><F45/><N who="3" m="25791" /><G78/><T14/><D107/><N who="2" m="40970" /><F66/><N who="3" m="39247" /><G10/><T116/><D116/><N who="1" m="44587" /><E39/><V25/><F25/><AGARI ba="0,0" hai="19,22,25,40,41,73,79,81,97,103,104" m="44587" machi="25" ten="30,1000,0" yaku="12,1" doraHai="29" who="1" fromWho="2" sc="128,0,278,10,271,-10,323,0" owari="128,-37.2,288,8.8,261,-13.9,323,42.3" /></mjloggm>