<mjloggm ver="2.3"><GO type="225" lobby="0"/><UN n0="%E4%BF%BA%E3%81%A8%E5%A6%96%E5%A4%A2" n1="%E3%83%A9%E3%82%B9%E7%8E%87%EF%BC%93%E5%89%B2" n2="%E3%81%BF%E3%81%BF%E3%81%9A" n3="%E3%82%A4%E3%83%BC%E3%82%B1%E3%83%97%E3%83%A9" dan="16,17,17,16" rate="2246.50,2247.75,2209.81,2110.72" sx="F,F,M,M"/><TAIKYOKU oya="0"/><INIT seed="0,0,0,1,4,89" ten="250,250,250,250" oya="0" hai0="108,29,41,1,125,10,52,106,2,123,26,33,9" hai1="53,134,81,0,12,130,98,57,107,42,84,82,131" hai2="104,70,101,111,48,132,62,112,77,56,44,59,121" hai3="40,100,18,34,47,24,69,92,49,4,105,79,72"/><T22/><D106/><U97/><E0/><N who="0" m="105" /><D52/><U86/><E134/><V73/><F73/><W118/><G118/><T76/><D41/><U32/><E32/><V71/><F77/><W37/><G69/><T45/><D45/><U3/><E3/><V126/><F101/><W20/><G34/><T102/><D102/><U28/><E28/><V95/><F95/><W87/><G4/><T17/><D76/><N who="1" m="46119" /><E42/><V30/><F30/><W96/><G37/><T14/><D123/><U133/><E12/><V16/><F16/><W36/><G36/><T80/><D80/><U122/><E133/><V128/><F104/><W117/><G117/><T88/><D88/><N who="1" m="51287" /><E53/><V31/><F121/><W67/><G72/><T38/><D38/><U55/><E55/><V110/><F31/><W13/><G105/><T68/><D68/><N who="2" m="26154" /><F132/><W23/><G79/><T66/><D66/><U15/><E15/><V65/><F112/><W94/><G67/><T51/><D125/><U119/><E119/><V7/><F7/><W50/><G87/><T6/><D108/><N who="2" m="41514" /><F126/><W90/><G90/><T25/><D51/><U93/><E122/><V64/><F128/><N who="1" m="49193" /><E107/><V85/><F44/><W109/><G47/><T21/><D9/><U46/><E46/><V19/><F48/><N who="3" m="18539" /><G109/><T103/><D33/><U8/><E8/><V63/><F19/><N who="3" m="10351" /><G40/><T35/><D35/><U120/><E120/><V75/><F75/><W116/><G116/><T129/><D129/><U124/><E124/><V27/><F27/><W115/><G115/><T127/><D127/><U60/><E93/><V61/><F61/><W54/><G92/><RYUUKYOKU ba="0,0" sc="250,0,250,0,250,0,250,0" hai0="6,10,14,17,21,22,25,26,29,103" hai1="57,60,97,98" hai2="56,59,62,63,64,65,85" hai3="18,23,24,54,94,96,100" /><INIT seed="0,1,0,0,5,101" ten="250,250,250,250" oya="0" hai0="64,38,13,14,35,40,96,21,114,49,23,107,130" hai1="68,76,44,80,53,72,12,69,15,82,103,112,54" hai2="6,11,70,83,89,126,118,34,33,43,62,55,18" hai3="71,78,135,28,30,84,131,93,24,99,16,87,121"/><T5/><D114/><U32/><E112/><V128/><F43/><W88/><G71/><T111/><D38/><U31/><E103/><V37/><F37/><W73/><G131/><T2/><D35/><U104/><E31/><N who="3" m="11818" /><G73/><T17/><D130/><U133/><E44/><V65/><F128/><W1/><G1/><T79/><D79/><U8/><E8/><V85/><F126/><W29/><G135/><T41/><D64/><U67/><E67/><V7/><F118/><W106/><G106/><T50/><D2/><U92/><E92/><V98/><F18/><W124/><G124/><T119/><D119/><U110/><E76/><V9/><F98/><W48/><N who="3" m="11826" /><W57/><DORA hai="117" /><G78/><T123/><D111/><U134/><E110/><V4/><REACH who="2" step="1"/><F55/><REACH who="2" ten="250,250,240,250" step="2"/><N who="3" m="31975" /><G121/><T10/><D123/><U39/><E39/><V60/><F60/><W95/><G95/><T26/><D41/><U0/><E32/><AGARI ba="1,1" hai="4,6,7,9,11,32,33,34,62,65,70,83,85,89" machi="32" ten="40,1300,0" yaku="1,1,53,0" doraHai="101,117" doraHaiUra="100,102" who="2" fromWho="1" sc="250,0,250,-16,240,26,250,0" /><INIT seed="1,0,0,1,1,6" ten="250,234,266,250" oya="1" hai0="111,53,39,3,34,38,42,70,20,33,10,109,40" hai1="79,83,102,55,108,92,24,118,32,50,134,56,13" hai2="110,101,37,5,35,14,23,63,106,59,115,65,120" hai3="1,9,119,113,129,112,7,51,21,132,100,54,17"/><U130/><E118/><V121/><F110/><N who="0" m="41994" /><D70/><U71/><E108/><V80/><F35/><N who="0" m="13322" /><D20/><U85/><E130/><V0/><F115/><W44/><G129/><T122/><D122/><U103/><E134/><V99/><F37/><N who="0" m="13834" /><D53/><U12/><E71/><V95/><F80/><W28/><G132/><T61/><D61/><U107/><E107/><V49/><F0/><W74/><G119/><T4/><AGARI ba="0,0" hai="3,4,10,40,42" m="13834,13322,41994" machi="4" ten="40,2700,0" yaku="14,1,52,1" doraHai="6" who="0" fromWho="0" sc="250,27,234,-13,266,-7,250,-7" /><INIT seed="2,0,0,0,1,55" ten="277,221,259,243" oya="2" hai0="91,2,60,47,112,0,53,7,76,23,90,3,135" hai1="98,31,127,114,29,121,17,108,40,59,20,4,96" hai2="57,61,89,42,67,80,101,39,36,116,94,49,9" hai3="77,99,110,8,111,54,66,46,120,19,32,95,10"/><V102/><F116/><W70/><G120/><T124/><D112/><U88/><E114/><V50/><F39/><W1/><G32/><T83/><D135/><U24/><E108/><N who="3" m="41514" /><G77/><T38/><D124/><U125/><E121/><V115/><F115/><W82/><G82/><T65/><D23/><U58/><E40/><V63/><F36/><W34/><G34/><T16/><D16/><U131/><E131/><V97/><F9/><N who="3" m="3691" /><G1/><T130/><D7/><U22/><E4/><V105/><F42/><W69/><G19/><T30/><D30/><N who="1" m="11275" /><E22/><V87/><F102/><N who="3" m="60799" /><G66/><T5/><D5/><U13/><E13/><V81/><F81/><W6/><G6/><T71/><D130/><U134/><E134/><V119/><F119/><W75/><G75/><T64/><D65/><U78/><E78/><V14/><F14/><W26/><G26/><T33/><D33/><U44/><E44/><V15/><F15/><W52/><G54/><T104/><D104/><U100/><E100/><V93/><REACH who="2" step="1"/><F61/><REACH who="2" ten="277,221,249,243" step="2"/><W86/><G86/><T68/><D38/><U106/><E106/><V85/><F85/><W79/><G79/><T11/><D11/><U132/><E132/><V12/><F12/><W129/><G129/><T122/><D122/><U18/><E98/><V62/><F62/><W21/><G21/><T56/><D83/><U45/><E18/><V109/><F109/><W27/><G27/><T37/><D76/><U103/><E103/><V48/><AGARI ba="0,1" hai="48,49,50,57,63,67,80,87,89,93,94,97,101,105" machi="48" ten="30,6000,0" yaku="1,1,0,1,52,1,53,0" doraHai="55" doraHaiUra="123" who="2" fromWho="2" sc="277,-20,221,-20,249,70,243,-20" /><INIT seed="2,1,0,1,4,76" ten="257,201,319,223" oya="2" hai0="57,54,7,29,131,84,114,27,88,73,35,96,2" hai1="4,134,37,48,3,109,127,111,6,86,17,46,112" hai2="85,58,102,11,130,18,75,59,122,34,91,69,39" hai3="115,116,8,71,78,126,19,50,0,93,82,121,74"/><V38/><F122/><W30/><G116/><T72/><D114/><U80/><E112/><V103/><F75/><W128/><G115/><T22/><D131/><U55/><E134/><V20/><F69/><W133/><G121/><T123/><D123/><U105/><E105/><V41/><F34/><W45/><G71/><T64/><D64/><U106/><E106/><V108/><F11/><W9/><G128/><T67/><D67/><U98/><E127/><V32/><F32/><W120/><G120/><T25/><D96/><U42/><E98/><V40/><F130/><W1/><G30/><T119/><D7/><U13/><E3/><V117/><F108/><N who="1" m="41545" /><E42/><N who="2" m="16491" /><F38/><W24/><G133/><T125/><D2/><U62/><E62/><V83/><F39/><W104/><G104/><T36/><D36/><U12/><E37/><V89/><F89/><W44/><G126/><T5/><D5/><N who="1" m="2155" /><E17/><V23/><F23/><W97/><G0/><T52/><D119/><U28/><E28/><V47/><F47/><W66/><G45/><T21/><D125/><U129/><E129/><V95/><F117/><W101/><G1/><T56/><D35/><U43/><E43/><V79/><F103/><W10/><G44/><T100/><D100/><U60/><E60/><V53/><F102/><W132/><G132/><T107/><D107/><U94/><E94/><V15/><F53/><N who="0" m="20586" /><D73/><U14/><E14/><V99/><AGARI ba="1,0" hai="15,18,20,58,59,79,83,85,91,95,99" m="16491" machi="99" ten="30,3000,0" yaku="8,1,52,1" doraHai="76" who="2" fromWho="2" sc="257,-11,201,-11,319,33,223,-11" /><INIT seed="2,2,0,0,3,71" ten="246,190,352,212" oya="2" hai0="99,128,80,63,58,7,123,17,49,119,82,22,103" hai1="64,6,106,109,12,135,50,52,115,20,42,16,70" hai2="37,98,102,96,129,94,97,130,132,125,116,122,112" hai3="131,10,43,15,117,124,68,36,77,48,110,45,40"/><V44/><F112/><W91/><G117/><T32/><D123/><U53/><E115/><V75/><F75/><W24/><G68/><T3/><D32/><U8/><E106/><V93/><F116/><W73/><G131/><T54/><D128/><N who="2" m="49258" /><F122/><W78/><G110/><T21/><D119/><U2/><E109/><V72/><F72/><W113/><G113/><T88/><D7/><U95/><E135/><V83/><F83/><W126/><G91/><T87/><D3/><U61/><REACH who="1" step="1"/><E95/><REACH who="1" ten="246,180,352,212" step="2"/><V67/><F132/><W26/><G124/><T13/><D82/><U11/><E11/><V76/><F125/><W0/><G126/><T41/><D22/><U28/><E28/><V65/><F93/><W51/><G10/><T121/><D121/><U55/><E55/><V29/><F29/><W23/><G23/><T127/><D127/><U27/><E27/><V34/><F34/><W33/><G26/><T35/><D35/><U39/><E39/><V100/><F94/><W105/><G36/><T74/><D41/><U31/><E31/><V47/><F37/><W5/><G105/><T57/><D21/><U46/><AGARI ba="2,1" hai="2,6,8,12,16,20,42,46,50,52,53,61,64,70" machi="46" ten="30,7900,0" yaku="1,1,0,1,54,2,53,0" doraHai="71" doraHaiUra="89" who="1" fromWho="1" sc="246,-22,180,95,352,-41,212,-22" /><INIT seed="3,0,0,3,1,109" ten="224,275,311,190" oya="3" hai0="36,28,112,94,101,11,120,93,17,52,67,105,6" hai1="44,106,18,129,104,31,38,97,59,21,116,29,92" hai2="127,55,12,75,108,30,119,15,121,98,5,78,86" hai3="54,19,125,88,37,91,64,113,27,53,72,62,71"/><W2/><G125/><T35/><D120/><U110/><E110/><V73/><F119/><W43/><G72/><T57/><D36/><U41/><E129/><V76/><F30/><W22/><G2/><T111/><D111/><U115/><E115/><V50/><F108/><W34/><G34/><T130/><D130/><U79/><E116/><V133/><F98/><W117/><G117/><T47/><D105/><U74/><E79/><V56/><F127/><W126/><G126/><T99/><D94/><U81/><E81/><V26/><F26/><W66/><G66/><T63/><D17/><U32/><E74/><V77/><F121/><W85/><G113/><T3/><D28/><U8/><E8/><V68/><F68/><W123/><G123/><T10/><D10/><U132/><E132/><V100/><F100/><W1/><G1/><T69/><D35/><U87/><E87/><V23/><F86/><W96/><G96/><T20/><D20/><U80/><E80/><V103/><F103/><W61/><G61/><T40/><D112/><U102/><E59/><V124/><F133/><W82/><REACH who="3" step="1"/><G91/><REACH who="3" ten="224,275,311,180" step="2"/><T83/><D67/><U70/><E32/><V14/><F124/><W9/><G9/><T58/><D3/><U46/><E97/><V131/><F131/><W107/><G107/><T4/><D11/><U33/><E104/><V128/><F128/><W7/><G7/><T84/><D4/><U118/><E106/><V13/><F5/><W135/><G135/><T48/><D6/><U51/><E118/><V25/><N who="2" m="3072" /><DORA hai="39" /><V90/><F90/><W134/><G134/><RYUUKYOKU ba="0,1" sc="224,-15,275,-15,311,15,180,15" hai2="23,25,50,55,56,73,75,76,77,78" hai3="19,22,27,37,43,53,54,62,64,71,82,85,88" /><INIT seed="3,1,1,2,5,34" ten="209,260,326,195" oya="3" hai0="44,123,98,116,0,7,62,55,30,129,67,66,54" hai1="41,16,88,31,4,39,52,91,97,53,42,75,101" hai2="99,65,71,78,24,15,122,57,6,94,121,120,47" hai3="2,119,49,133,28,90,117,73,95,103,131,84,59"/><W134/><G73/><T35/><D116/><N who="3" m="44617" /><G28/><T108/><D30/><U115/><E115/><V106/><F106/><W22/><G22/><T125/><D35/><U111/><E111/><V69/><F78/><W61/><G49/><T124/><D108/><U102/><E39/><V45/><F24/><W100/><G2/><T33/><D33/><U126/><E31/><V81/><F81/><W64/><G131/><T51/><D129/><U96/><E4/><V13/><F57/><W113/><G113/><T11/><D123/><U12/><E12/><N who="2" m="4683" /><F6/><W26/><G26/><T107/><D67/><U68/><E16/><V27/><F27/><W114/><G114/><T46/><D107/><U70/><E75/><V58/><F58/><W38/><G38/><T74/><D74/><U83/><E83/><V1/><F1/><W109/><G109/><T105/><D105/><U19/><E19/><V86/><F65/><W79/><G79/><T80/><D80/><U18/><E18/><V93/><F69/><W25/><G25/><T92/><D66/><U82/><E82/><V127/><F71/><W9/><G9/><T40/><D62/><U135/><E135/><AGARI ba="1,1" hai="59,61,64,84,90,95,100,103,133,134,135" m="44617" machi="135" ten="30,1500,0" yaku="20,1" doraHai="34" who="3" fromWho="1" sc="209,0,260,-18,326,0,195,28" /><INIT seed="3,2,0,2,3,65" ten="209,242,326,223" oya="3" hai0="53,6,72,37,123,75,124,60,92,109,18,89,36" hai1="17,73,105,46,25,54,22,91,38,29,102,86,0" hai2="132,64,127,134,1,47,21,27,135,12,69,98,87" hai3="10,3,114,131,11,116,55,7,99,94,95,40,57"/><W43/><G114/><T56/><D123/><U28/><E73/><V96/><F127/><W58/><G116/><T128/><D124/><U42/><E0/><V63/><F1/><W23/><G131/><T119/><D119/><U26/><E102/><V126/><F126/><W50/><G11/><T66/><D128/><U88/><E105/><V62/><F62/><W68/><G68/><T9/><D109/><U113/><E113/><V121/><F121/><W93/><G57/><T30/><D30/><U31/><E54/><V103/><F12/><W5/><G5/><T70/><D18/><U39/><E91/><V45/><F87/><W80/><G80/><T117/><D117/><U115/><E115/><V51/><F51/><W85/><G85/><T125/><D125/><U14/><REACH who="1" step="1"/><E39/><REACH who="1" ten="209,232,326,223" step="2"/><V71/><F103/><W111/><G111/><T34/><D75/><U118/><E118/><V104/><F104/><W76/><G76/><T2/><D72/><U74/><E74/><V107/><F107/><W83/><G83/><AGARI ba="2,1" hai="14,17,22,25,26,28,29,31,38,42,46,83,86,88" machi="83" ten="40,5200,0" yaku="1,1,54,1,53,1" doraHai="65" doraHaiUra="79" who="1" fromWho="3" sc="209,0,232,68,326,0,223,-58" owari="209,-19.1,300,10.0,326,42.6,165,-33.5" /></mjloggm>