<mjloggm ver="2.3"><GO type="225" lobby="0"/><UN n0="%E4%B8%8B%E6%AE%B5%E3%83%81%E3%82%A7%E3%83%AA%E3%83%BC" n1="%E3%83%81%E3%83%83%E3%82%BF%E3%82%BD%E3%83%BC" n2="%E6%A1%9C%E8%8A%B1%E9%96%83%E3%80%85" n3="%E6%9C%88%E5%B3%B6%E5%9F%BA" dan="16,16,17,17" rate="2127.00,2202.57,2182.55,2203.96" sx="M,F,M,M"/><TAIKYOKU oya="0"/><INIT seed="0,0,0,3,5,121" ten="250,250,250,250" oya="0" hai0="18,4,57,19,125,12,29,76,104,112,65,46,27" hai1="97,124,115,39,22,36,23,128,96,119,11,108,40" hai2="41,113,37,52,100,6,105,86,53,120,127,101,17" hai3="77,84,95,31,48,73,66,122,72,132,118,117,123"/><T78/><D104/><U47/><E119/><N who="3" m="45578" /><G48/><T131/><D112/><U82/><E115/><V24/><F120/><N who="3" m="46123" /><G66/><T85/><D125/><U134/><E124/><V55/><F113/><W75/><G31/><T62/><D131/><U102/><E128/><V103/><F127/><W114/><G114/><T20/><D46/><U74/><E134/><V93/><F105/><W91/><G132/><T30/><D4/><U8/><E36/><V60/><F6/><W67/><G67/><T3/><D3/><U130/><E130/><V87/><F93/><W33/><G33/><T58/><D58/><U107/><E96/><V51/><F60/><W83/><AGARI ba="0,0" hai="72,73,75,77,83,84,91,95" m="46123,45578" machi="83" ten="40,5200,0" yaku="13,1,34,2" doraHai="121" who="3" fromWho="3" sc="250,-26,250,-13,250,-13,250,52" /><INIT seed="1,0,0,0,0,73" ten="224,237,237,302" oya="1" hai0="61,51,58,106,6,92,47,39,27,63,112,8,100" hai1="66,49,109,57,16,114,56,122,0,9,25,31,64" hai2="43,48,99,130,131,102,103,46,54,83,126,23,118" hai3="24,98,96,7,116,124,97,60,101,15,2,125,77"/><U85/><E122/><V113/><F118/><W40/><G2/><T68/><D112/><U62/><E109/><V13/><F113/><W14/><G116/><T123/><D123/><U75/><E75/><V10/><F126/><N who="3" m="48747" /><G40/><T115/><D115/><U107/><E114/><V91/><F23/><W80/><G24/><T21/><D106/><U11/><E107/><V26/><F26/><W76/><G80/><T18/><D39/><U53/><E0/><V42/><F130/><W128/><G128/><T59/><D68/><U71/><E85/><N who="2" m="50623" /><F131/><W38/><G38/><T44/><D59/><U3/><E3/><V37/><F37/><W50/><G50/><T30/><D6/><U105/><E105/><V1/><F1/><W87/><G87/><T82/><D82/><U132/><E71/><V129/><F129/><W95/><G60/><T69/><D69/><U29/><E66/><V93/><F103/><N who="3" m="60831" /><G98/><N who="0" m="59463" /><D51/><U81/><E81/><V36/><F36/><W65/><G65/><N who="0" m="39095" /><D63/><U119/><E119/><V134/><F43/><W12/><G7/><T28/><D28/><U108/><E108/><V127/><F42/><W111/><G111/><T88/><D88/><U20/><E29/><V19/><F127/><W5/><G5/><T90/><D90/><U133/><REACH who="1" step="1"/><E31/><REACH who="1" ten="224,227,237,302" step="2"/><V86/><F86/><W33/><G33/><T89/><D89/><U94/><E94/><AGARI ba="0,1" hai="12,14,15,76,77,94,97,101" m="60831,48747" machi="94" ten="30,3900,0" yaku="18,1,52,2" doraHai="73" who="3" fromWho="1" sc="224,0,227,-39,237,0,302,49" /><INIT seed="2,0,0,2,5,30" ten="224,188,237,351" oya="2" hai0="67,84,78,99,90,119,117,28,101,95,10,96,102" hai1="40,15,131,134,14,41,81,65,3,129,87,22,27" hai2="85,50,29,124,56,49,54,44,91,55,74,121,6" hai3="51,1,120,63,19,133,89,12,36,33,18,0,42"/><V69/><F121/><W108/><G120/><T48/><D67/><U16/><E3/><V98/><F74/><W97/><G36/><T39/><D39/><U111/><E111/><V57/><F124/><W59/><G108/><T112/><D10/><U80/><E134/><V46/><F69/><W47/><G133/><T75/><D48/><U61/><E40/><V21/><F6/><W23/><G33/><T9/><D9/><U94/><E94/><V93/><REACH who="2" step="1"/><F98/><REACH who="2" ten="224,188,227,351" step="2"/><W105/><G97/><T4/><D4/><U2/><E2/><V71/><F71/><W116/><G1/><T43/><D99/><U34/><E129/><V77/><F77/><W110/><G0/><T70/><D70/><U72/><E131/><V88/><F88/><W82/><G89/><T45/><D101/><U8/><E72/><V127/><F127/><W35/><G110/><T52/><D78/><U17/><E87/><V128/><F128/><W62/><G116/><T123/><D75/><U37/><E81/><V125/><F125/><W122/><G82/><T115/><D123/><U73/><E80/><V38/><F38/><W58/><G122/><T24/><D119/><U114/><E73/><V118/><F118/><W7/><G7/><T135/><D117/><U132/><E132/><V113/><F113/><W109/><G109/><T31/><D135/><U100/><E114/><V60/><F60/><W79/><G62/><T20/><D115/><U126/><E126/><V92/><F92/><W66/><G63/><T68/><D112/><U26/><E61/><V53/><F53/><W76/><G76/><RYUUKYOKU ba="0,1" sc="224,-10,188,-10,227,30,351,-10" hai2="21,29,44,46,49,50,54,55,56,57,85,91,93" /><INIT seed="2,1,1,2,3,121" ten="214,178,257,341" oya="2" hai0="46,21,58,53,19,30,106,14,56,81,3,80,133" hai1="48,92,1,50,97,43,74,9,85,52,94,71,38" hai2="5,124,134,104,126,34,110,27,111,125,132,109,59" hai3="33,105,61,96,69,40,76,79,128,11,45,65,49"/><V32/><F104/><W26/><G128/><T107/><D3/><U44/><E74/><V77/><F77/><W20/><G11/><T82/><D133/><N who="2" m="51306" /><F5/><W25/><G25/><N who="0" m="16687" /><D107/><U18/><E71/><V123/><F123/><W7/><G7/><T47/><D106/><U37/><E85/><V28/><F59/><N who="0" m="22570" /><D53/><U117/><E117/><V64/><F64/><W39/><G39/><T67/><D67/><U70/><E70/><V127/><F127/><W10/><G10/><AGARI ba="1,1" hai="10,14,19,46,47,80,81,82" m="22570,16687" machi="10" ten="30,1000,0" yaku="8,1" doraHai="121" who="0" fromWho="3" sc="214,23,178,0,257,0,341,-13" /><INIT seed="3,0,0,5,3,90" ten="237,178,257,328" oya="3" hai0="55,79,31,128,114,41,12,62,98,44,102,129,83" hai1="95,48,16,101,131,22,121,125,28,53,123,111,47" hai2="58,10,23,3,5,73,103,46,94,100,110,109,11" hai3="4,118,18,42,91,78,132,37,26,117,93,76,54"/><W43/><G37/><T8/><D31/><U106/><E106/><V86/><F73/><W40/><G132/><T105/><D114/><U35/><E111/><N who="2" m="42507" /><F23/><N who="3" m="13687" /><G118/><T120/><D120/><U66/><E125/><V130/><F130/><N who="0" m="50282" /><D62/><U124/><E124/><V60/><F46/><W45/><G4/><N who="0" m="3079" /><D55/><U27/><E131/><V115/><F115/><W38/><G38/><T67/><D67/><U2/><E2/><V89/><F10/><W52/><G117/><T74/><D44/><U13/><REACH who="1" step="1"/><E66/><AGARI ba="0,0" hai="3,5,11,58,60,66,86,89,94,100,103" m="42507" machi="66" ten="30,2000,0" yaku="14,1,52,1" doraHai="90" who="2" fromWho="1" sc="237,0,178,-20,257,20,328,0" owari="237,-16.3,158,-34.2,277,7.7,328,42.8" /></mjloggm>