<mjloggm ver="2.3"><GO type="225" lobby="0"/><UN n0="%E3%81%A4%E3%81%AE%E3%81%A0%E2%98%86%E3%81%B2%E3%82%8D" n1="%E3%83%96%E3%83%83%E3%83%91%E3%82%AA%E3%83%96%E3%83%81%E3%82%AD%E3%83%B3" n2="%E6%81%A5%E6%99%92%E3%81%97" n3="%E5%91%A8%E6%9D%B1" dan="16,16,16,16" rate="2171.89,2164.95,2038.46,2158.76" sx="M,M,M,M"/><TAIKYOKU oya="0"/><INIT seed="0,0,0,3,0,45" ten="250,250,250,250" oya="0" hai0="55,19,13,114,58,63,109,32,106,96,7,15,48" hai1="132,39,110,53,80,115,4,5,78,29,16,44,56" hai2="127,135,124,59,49,74,31,50,134,38,102,64,43" hai3="10,2,22,90,87,79,84,112,111,66,123,21,37"/><T99/><D114/><U28/><E115/><V81/><F102/><W67/><G112/><T42/><D32/><U54/><E110/><V91/><F31/><N who="1" m="11849" /><E132/><N who="2" m="50731" /><F38/><W61/><G37/><T40/><D109/><U26/><E39/><V70/><F70/><W104/><G104/><T126/><D126/><N who="2" m="48170" /><F43/><N who="0" m="16426" /><D106/><U120/><E120/><V17/><F17/><W103/><G123/><T107/><D107/><U18/><E44/><V60/><F91/><W25/><G103/><T77/><D77/><AGARI ba="0,0" hai="49,50,59,60,64,74,77,81" m="48170,50731" machi="77" ten="30,7700,0" yaku="20,1,18,1,52,2" doraHai="45" who="2" fromWho="0" sc="250,-77,250,0,250,77,250,0" /><INIT seed="1,0,0,5,2,107" ten="173,250,327,250" oya="1" hai0="98,74,83,58,27,13,116,38,120,28,77,40,121" hai1="122,65,56,16,36,15,66,87,57,113,130,104,5" hai2="81,42,25,119,61,95,70,10,69,63,88,11,19" hai3="34,24,18,90,99,75,132,79,55,22,47,82,0"/><U115/><E122/><N who="0" m="47209" /><D116/><U21/><E104/><V32/><F119/><W106/><G132/><T23/><D58/><N who="1" m="22635" /><E36/><V72/><F42/><W51/><G0/><T78/><D78/><U2/><E2/><V76/><F69/><W8/><G8/><T9/><D98/><U73/><E73/><V44/><F44/><W111/><G111/><T118/><D118/><U54/><E115/><V12/><F10/><W131/><G131/><T37/><D40/><U67/><E113/><V117/><F70/><W102/><REACH who="3" step="1"/><G90/><REACH who="3" ten="173,250,327,240" step="2"/><T100/><D100/><U39/><E130/><V49/><F117/><W53/><G53/><T85/><D85/><U125/><E87/><V126/><F11/><W68/><G68/><T86/><D86/><U35/><E54/><V60/><F88/><W108/><G108/><T62/><D62/><U64/><E64/><V97/><F60/><W89/><G89/><T93/><D93/><U124/><E66/><V96/><F61/><W17/><G17/><AGARI ba="0,1" hai="9,13,17,23,27,28,37,38,74,77,83" m="47209" machi="17" ten="30,2000,0" yaku="13,1,52,1" doraHai="107" who="0" fromWho="3" sc="173,30,250,0,327,0,240,-20" /><INIT seed="2,0,0,5,5,60" ten="203,250,327,220" oya="2" hai0="63,29,119,109,87,16,30,15,69,36,66,80,18" hai1="7,65,67,8,6,134,116,79,25,42,26,123,41" hai2="48,85,14,92,104,31,107,130,121,11,52,70,97" hai3="108,21,90,50,53,133,81,3,49,100,38,35,44"/><V84/><F121/><W12/><G35/><T96/><D36/><U55/><E116/><V45/><F70/><W91/><G38/><T54/><D119/><U102/><E123/><V1/><F1/><W32/><G32/><T114/><D114/><U103/><E134/><V24/><F130/><W125/><G3/><T57/><D96/><U135/><E135/><V105/><F14/><W72/><G133/><T23/><D18/><U75/><E75/><V34/><REACH who="2" step="1"/><F11/><REACH who="2" ten="203,250,317,220" step="2"/><W94/><G12/><T118/><D118/><U132/><E132/><V115/><F115/><W13/><G13/><T46/><D109/><U51/><E8/><V127/><F127/><W17/><G125/><T95/><D95/><U68/><E68/><V28/><F28/><W4/><G94/><T88/><REACH who="0" step="1"/><D46/><REACH who="0" ten="193,250,317,220" step="2"/><U131/><E131/><V20/><F20/><W33/><G21/><T22/><D22/><U0/><E6/><V82/><F82/><W37/><G81/><T71/><D71/><U77/><E7/><V89/><AGARI ba="0,2" hai="24,31,34,45,48,52,84,85,89,92,97,104,105,107" machi="89" ten="30,6000,0" yaku="1,1,0,1,54,1,53,0" doraHai="60" doraHaiUra="56" who="2" fromWho="2" sc="193,-20,250,-20,317,80,220,-20" /><INIT seed="2,1,0,5,2,55" ten="173,230,397,200" oya="2" hai0="74,126,117,33,82,1,79,51,47,105,24,62,76" hai1="40,53,90,97,95,115,28,98,42,81,120,110,133" hai2="114,99,16,106,78,113,23,14,63,60,54,124,6" hai3="94,48,59,132,89,29,15,36,111,17,103,4,109"/><V73/><F124/><W67/><G36/><T3/><D126/><U118/><E115/><V125/><F125/><W85/><G132/><T19/><D105/><U8/><E118/><V127/><F63/><N who="3" m="38399" /><G103/><T71/><D76/><U121/><E133/><V69/><F69/><W41/><G29/><T135/><D117/><U11/><E28/><V91/><F127/><W20/><G4/><T61/><D135/><U18/><E110/><N who="3" m="41994" /><G48/><T30/><D19/><U39/><E39/><V34/><F6/><W88/><G89/><T112/><D112/><U44/><E18/><V37/><F91/><W43/><AGARI ba="1,0" hai="15,17,20,41,43,85,88,94" m="41994,38399" machi="43" ten="30,4000,0" yaku="14,1,52,1,54,1" doraHai="55" who="3" fromWho="3" sc="173,-11,230,-11,397,-21,200,43" /><INIT seed="3,0,0,0,2,23" ten="162,219,376,243" oya="3" hai0="106,87,100,5,128,66,126,0,77,120,98,80,115" hai1="30,90,21,4,102,103,13,58,35,81,123,24,96" hai2="9,89,83,108,94,95,29,60,61,72,82,129,15" hai3="105,76,41,65,57,74,48,51,99,86,64,69,33"/><W135/><G74/><T117/><D117/><U32/><E123/><V3/><F108/><W127/><G33/><T68/><D120/><U79/><E90/><V91/><F129/><W44/><G69/><T109/><D109/><U104/><E103/><V47/><F47/><W1/><G1/><T133/><D128/><U17/><E4/><V62/><F29/><W25/><G105/><T112/><D133/><U34/><REACH who="1" step="1"/><E58/><REACH who="1" ten="162,209,376,243" step="2"/><V85/><F91/><W56/><G57/><T116/><D116/><U110/><E110/><V26/><F89/><W18/><G56/><T97/><D97/><U130/><E130/><V31/><F3/><W50/><G99/><T134/><D134/><U49/><E49/><V11/><F62/><W10/><G51/><T36/><D36/><U42/><E42/><V55/><F61/><W6/><G50/><T118/><D118/><U59/><E59/><V38/><F60/><W88/><G48/><T78/><D78/><U45/><E45/><V73/><F38/><W92/><G44/><T20/><D68/><U67/><E67/><V53/><F55/><W75/><G65/><T2/><D66/><U113/><E113/><V43/><F53/><W101/><G64/><T7/><D126/><U54/><E54/><V39/><F43/><W131/><G127/><T37/><D37/><U93/><E93/><V111/><F95/><W124/><G92/><T107/><D107/><U40/><E40/><V132/><F94/><W28/><G124/><T27/><D2/><U22/><E22/><V16/><F39/><W84/><G135/><T71/><D0/><RYUUKYOKU ba="0,1" sc="162,-10,209,30,376,-10,243,-10" hai1="13,17,21,24,30,32,34,35,79,81,96,102,104" owari="152,-34.8,239,3.9,376,47.6,233,-16.7" /></mjloggm>