<mjloggm ver="2.3"><GO type="225" lobby="0"/><UN n0="%E7%99%BD%E9%9B%AA%E4%B9%83%E6%84%9B" n1="%79%75%72%69%6D%6F%67" n2="%E9%81%A0%E8%BF%91%E9%99%B0%E6%99%B4%E7%9A%86%E5%85%A5%E5%BF%83" n3="%E7%B4%94%E6%BD%94%E3%83%94%E3%83%A9%E3%83%8B%E3%82%A2" dan="16,16,16,17" rate="2072.50,2188.67,2152.28,2225.22" sx="F,F,F,M"/><TAIKYOKU oya="0"/><INIT seed="0,0,0,3,3,129" ten="250,250,250,250" oya="0" hai0="16,72,59,94,65,73,20,19,80,13,113,44,15" hai1="77,82,4,98,60,109,56,117,125,100,30,131,2" hai2="84,114,76,3,67,18,10,112,58,22,74,54,21" hai3="0,69,62,35,71,118,55,47,68,39,119,48,64"/><T133/><D113/><U75/><E109/><V123/><F123/><W32/><G0/><T105/><D105/><U50/><E131/><V88/><F67/><W85/><G85/><T41/><D94/><U23/><E125/><V89/><F74/><W127/><G127/><T83/><D83/><U110/><E110/><V135/><F76/><W27/><G27/><T37/><D80/><U90/><E117/><N who="3" m="44554" /><G35/><T86/><D86/><U107/><E50/><V8/><F3/><W43/><G32/><T38/><D38/><U81/><E81/><V104/><F104/><W87/><G87/><T97/><D97/><U124/><E124/><V92/><F89/><W17/><G17/><T121/><D121/><U34/><E34/><V120/><F120/><W57/><AGARI ba="0,0" hai="39,43,47,48,55,57,62,64,68,69,71" m="44554" machi="57" ten="30,4000,0" yaku="24,1,34,2" doraHai="129" who="3" fromWho="3" sc="250,-20,250,-10,250,-10,250,40" /><INIT seed="1,0,0,1,3,116" ten="230,240,240,290" oya="1" hai0="42,85,3,125,128,4,113,106,61,96,79,55,30" hai1="131,11,39,6,56,45,100,120,89,43,114,17,16" hai2="72,21,8,35,118,5,31,73,94,32,9,53,108" hai3="117,91,24,60,38,107,98,101,63,83,44,71,123"/><U76/><E114/><V127/><F118/><W18/><G117/><T62/><D113/><U57/><E120/><V99/><F108/><W15/><G123/><T81/><D42/><U74/><E100/><V54/><F127/><W27/><G38/><T29/><D125/><U132/><E132/><V126/><F126/><W70/><G44/><T1/><D128/><U50/><E131/><V105/><F105/><W135/><G135/><T112/><D112/><U12/><E89/><V104/><F104/><W47/><G47/><T67/><D3/><U88/><E88/><V82/><F82/><W33/><G71/><T19/><D4/><U26/><E26/><V49/><F21/><W92/><G70/><T102/><D1/><U95/><E95/><V86/><F86/><W69/><G69/><T46/><D19/><U97/><E97/><V130/><F130/><W41/><G41/><T110/><D110/><U124/><E124/><V14/><F9/><W13/><G13/><T111/><D111/><U58/><REACH who="1" step="1"/><E39/><REACH who="1" ten="230,230,240,290" step="2"/><V28/><F94/><W121/><G121/><T115/><D115/><U0/><E0/><V59/><F99/><W48/><G27/><T34/><D96/><U23/><E23/><V75/><REACH who="2" step="1"/><F54/><REACH who="2" ten="230,230,230,290" step="2"/><W25/><G92/><T119/><D119/><U51/><E51/><V134/><F134/><W122/><G122/><T90/><D106/><U78/><E78/><V66/><F66/><W2/><G107/><T87/><D67/><U22/><E22/><V40/><F40/><W93/><G93/><T7/><D79/><U84/><E84/><N who="0" m="32329" /><D55/><U36/><E36/><RYUUKYOKU ba="0,2" sc="230,-15,230,15,230,15,290,-15" hai1="6,11,12,16,17,43,45,50,56,57,58,74,76" hai2="5,8,14,28,31,32,35,49,53,59,72,73,75" /><INIT seed="1,1,2,4,2,101" ten="215,245,245,275" oya="1" hai0="15,129,24,20,114,113,77,128,85,112,86,54,84" hai1="124,108,23,41,95,51,60,90,37,96,94,16,38" hai2="72,50,115,1,3,27,87,73,67,110,8,66,117" hai3="21,42,127,45,17,48,12,132,11,18,2,91,59"/><U89/><E124/><V64/><F117/><W62/><G127/><T58/><D15/><U26/><E108/><V4/><F110/><W56/><G132/><T105/><D77/><U100/><E100/><V31/><F115/><W46/><G46/><T116/><D116/><U9/><E9/><V55/><F3/><W22/><G2/><T52/><D105/><U97/><REACH who="1" step="1"/><E60/><REACH who="1" ten="215,235,245,275" step="2"/><V74/><F87/><W109/><G109/><T123/><D123/><U106/><E106/><V82/><F82/><W103/><G103/><T119/><D119/><U10/><E10/><V88/><F8/><W107/><G107/><T70/><D70/><U7/><E7/><V13/><F4/><W81/><G62/><T47/><D47/><AGARI ba="1,3" hai="16,23,26,37,38,41,47,51,89,90,94,95,96,97" machi="47" ten="40,12000,1" yaku="1,1,9,1,54,1,53,1" doraHai="101" doraHaiUra="43" who="1" fromWho="0" sc="215,-123,235,153,245,0,275,0" /><INIT seed="1,2,0,5,3,102" ten="92,388,245,275" oya="1" hai0="22,59,128,101,10,74,21,2,42,18,78,79,23" hai1="14,89,39,37,119,43,106,24,41,57,84,83,99" hai2="15,30,123,134,6,7,112,36,51,27,80,26,47" hai3="96,4,121,28,50,126,131,17,130,97,73,48,56"/><U63/><E119/><V62/><F123/><W33/><G73/><T115/><D115/><U75/><E39/><V116/><F116/><W38/><G38/><T52/><D128/><N who="3" m="49193" /><G121/><T133/><D133/><U81/><E37/><V104/><F36/><W108/><G108/><T34/><D42/><U72/><E72/><V77/><F134/><W111/><G111/><T8/><D34/><U135/><E135/><V92/><F112/><W127/><G17/><T16/><D101/><U122/><E14/><V86/><F92/><W65/><G4/><T44/><D44/><U117/><E117/><V100/><F62/><N who="3" m="38087" /><G28/><T40/><D40/><U55/><E122/><V49/><F49/><N who="3" m="19051" /><G33/><T124/><D124/><AGARI ba="2,0" hai="96,97,124,126,127" m="19051,38087,49193" machi="124" ten="30,2000,0" yaku="18,1,19,1" doraHai="102" who="3" fromWho="0" sc="92,-26,388,0,245,0,275,26" /><INIT seed="2,0,0,1,4,55" ten="66,388,245,301" oya="2" hai0="128,70,18,126,68,107,125,118,93,49,65,52,20" hai1="97,132,34,124,117,3,53,86,6,130,73,123,83" hai2="29,99,120,100,95,19,84,122,32,21,44,7,39" hai3="36,4,14,50,105,92,112,60,88,133,15,63,131"/><V10/><F39/><W47/><G105/><T26/><D107/><U11/><E117/><V69/><F69/><W61/><G36/><T89/><D128/><U91/><E73/><V78/><F44/><W116/><G116/><T87/><D118/><U72/><E34/><V8/><F32/><W103/><G131/><T42/><D42/><U43/><E72/><V57/><F29/><W75/><G75/><T127/><REACH who="0" step="1"/><D65/><REACH who="0" ten="56,388,245,301" step="2"/><U106/><E43/><V115/><F115/><W38/><G112/><T25/><D25/><U31/><E106/><V66/><F120/><W17/><G38/><T54/><D54/><U101/><E53/><V104/><F104/><W82/><G133/><T79/><D79/><U62/><E132/><V121/><F122/><W85/><G47/><AGARI ba="0,1" hai="18,20,26,47,49,52,68,70,87,89,93,125,126,127" machi="47" ten="40,5200,0" yaku="1,1,18,1,54,1,53,0" doraHai="55" doraHaiUra="56" who="0" fromWho="3" sc="56,62,388,0,245,0,301,-52" /><INIT seed="3,0,0,5,3,8" ten="118,388,245,249" oya="3" hai0="29,20,4,7,84,116,95,78,11,62,113,13,38" hai1="44,9,57,127,83,93,61,21,101,19,80,60,54" hai2="90,82,124,96,48,0,45,81,128,51,107,27,46" hai3="65,119,125,122,94,87,72,74,6,10,110,70,120"/><W5/><G119/><T86/><D116/><U59/><E127/><V47/><F0/><W111/><G125/><T1/><D38/><U35/><E9/><V34/><F124/><W102/><G102/><T23/><D113/><U68/><E35/><V104/><F128/><W3/><G6/><T16/><D7/><U58/><E44/><V121/><F121/><W114/><G114/><T106/><D106/><U15/><E58/><V40/><F34/><W100/><G100/><T31/><D62/><U43/><E43/><V115/><F115/><W130/><G87/><T79/><D23/><U64/><E68/><V91/><F27/><W135/><G94/><T17/><D17/><U97/><AGARI ba="0,0" hai="15,19,21,54,57,59,60,61,64,80,83,93,97,101" machi="97" ten="30,4000,0" yaku="0,1,8,1,52,1" doraHai="8" who="1" fromWho="1" sc="118,-10,388,40,245,-10,249,-20" owari="108,-39.2,428,52.8,235,3.5,229,-17.1" /></mjloggm>