<mjloggm ver="2.3"><GO type="225" lobby="0"/><UN n0="%70%68%65%6E%6F%6D%65" n1="%43%68%65" n2="%E5%91%A8%E6%9D%B1" n3="%E5%A4%8F%E9%88%B4%E9%88%B4%E5%A4%8F" dan="16,16,17,16" rate="2114.34,2208.21,2198.68,2169.09" sx="M,M,M,F"/><TAIKYOKU oya="0"/><INIT seed="0,0,0,0,1,112" ten="250,250,250,250" oya="0" hai0="11,68,3,65,51,0,7,87,23,102,92,130,44" hai1="101,95,79,37,38,24,2,4,108,70,113,74,49" hai2="43,119,73,64,82,117,88,55,9,106,122,52,17" hai3="47,107,41,91,8,121,63,80,118,28,86,39,84"/><T62/><D130/><U94/><E70/><V128/><F106/><W133/><G133/><T126/><D126/><U15/><E2/><V110/><F122/><W67/><G121/><T25/><D25/><U90/><BYE who="0" /><E113/><UN n0="%70%68%65%6E%6F%6D%65" /><V85/><F128/><W129/><G129/><T93/><D3/><U100/><E108/><V104/><F104/><W16/><G107/><T124/><D124/><U30/><E94/><V72/><F110/><W53/><G53/><N who="2" m="20553" /><F64/><W50/><G28/><T54/><D102/><U99/><E38/><V20/><F9/><W59/><G118/><N who="2" m="45065" /><F43/><W132/><G132/><T83/><REACH who="0" step="1"/><D23/><REACH who="0" ten="240,250,250,250" step="2"/><U75/><E15/><AGARI ba="0,1" hai="15,17,20,72,73,82,85,88" m="45065,20553" machi="15" ten="30,12000,2" yaku="12,1,52,3,54,2" doraHai="112" who="2" fromWho="1" sc="240,0,250,-120,250,130,250,0" /><INIT seed="1,0,0,2,0,64" ten="240,130,380,250" oya="1" hai0="41,23,89,68,128,49,111,72,63,118,37,18,84" hai1="2,58,26,67,6,11,121,59,54,85,62,10,9" hai2="20,73,110,57,88,61,108,102,66,129,86,31,32" hai3="120,3,124,119,12,116,7,56,107,71,28,70,90"/><U117/><E117/><N who="3" m="45130" /><G120/><T97/><D118/><U134/><E121/><V98/><F73/><W105/><G124/><T40/><D72/><U14/><E134/><V15/><F32/><W46/><G3/><T29/><D111/><U74/><E74/><V17/><F129/><W1/><G1/><T77/><D128/><U4/><E11/><V115/><F115/><W114/><G114/><T91/><D29/><U50/><E26/><V103/><F31/><W78/><G78/><T93/><D37/><U51/><E85/><V35/><F35/><W83/><G56/><T43/><D77/><U109/><E109/><N who="2" m="42091" /><F98/><W24/><G46/><T21/><D49/><AGARI ba="0,0" hai="2,4,6,9,10,14,49,50,51,54,58,59,62,67" machi="49" ten="30,1500,0" yaku="7,1" doraHai="64" who="1" fromWho="0" sc="240,-15,130,15,380,0,250,0" /><INIT seed="1,1,0,1,5,75" ten="225,145,380,250" oya="1" hai0="28,4,48,17,85,116,78,93,37,57,128,30,61" hai1="6,113,9,81,14,35,41,119,0,94,45,97,95" hai2="91,117,46,98,38,126,105,103,56,50,31,131,22" hai3="10,24,124,130,64,39,123,80,125,90,127,72,7"/><U104/><E113/><V135/><F117/><W12/><G123/><T71/><D37/><U60/><E119/><V73/><F73/><W62/><G130/><T108/><D116/><U67/><E35/><V120/><F131/><W112/><G112/><T96/><D128/><U118/><E118/><V44/><F126/><W16/><G39/><T107/><D4/><U36/><E104/><V101/><F101/><W18/><G24/><T11/><D108/><U49/><E97/><V89/><F135/><W115/><G115/><T15/><D48/><U109/><E109/><V53/><F120/><W52/><G52/><N who="0" m="33959" /><D71/><U65/><E65/><V8/><F38/><W84/><REACH who="3" step="1"/><G72/><REACH who="3" ten="225,145,380,240" step="2"/><T54/><D54/><U23/><E36/><V76/><F53/><W100/><G100/><N who="0" m="60431" /><D107/><U102/><E102/><V5/><F103/><W63/><G63/><T77/><D85/><U121/><E121/><V20/><F105/><W25/><G25/><T114/><D114/><U51/><E51/><V122/><F50/><W2/><G2/><T26/><D26/><U133/><E133/><V66/><F122/><W92/><G92/><T79/><AGARI ba="1,1" hai="11,15,17,28,30,77,78,79" m="60431,33959" machi="79" ten="30,8000,1" yaku="8,1,52,3,54,1" doraHai="75" who="0" fromWho="0" sc="225,93,145,-41,380,-21,240,-21" /><INIT seed="2,0,0,3,1,1" ten="318,104,359,219" oya="2" hai0="73,109,23,108,67,6,113,52,69,70,34,133,98" hai1="16,28,14,64,46,48,104,114,102,0,111,57,13" hai2="4,47,128,124,60,9,80,71,26,39,20,83,105" hai3="94,36,61,21,72,45,121,100,96,33,97,11,93"/><V106/><F128/><W5/><G121/><T15/><D113/><U119/><E114/><V79/><F124/><W103/><G33/><T90/><D34/><U76/><E119/><V43/><F80/><W30/><G72/><T101/><D73/><U17/><E0/><V77/><F77/><W131/><G131/><T29/><D90/><U125/><E125/><V118/><F118/><W44/><G61/><T25/><D133/><U59/><E111/><N who="0" m="42569" /><D67/><U65/><E28/><V89/><F89/><W110/><G36/><T117/><D52/><N who="1" m="29719" /><E76/><V31/><F60/><W50/><G110/><T78/><D78/><U120/><E120/><V130/><F71/><W82/><G82/><T27/><D117/><U63/><E102/><V123/><F130/><W112/><G50/><T49/><D49/><U2/><E104/><V58/><F58/><N who="1" m="22025" /><E63/><V129/><F123/><W116/><G116/><T92/><D69/><U41/><E41/><V85/><REACH who="2" step="1"/><F129/><REACH who="2" ten="318,104,349,219" step="2"/><W126/><G126/><T8/><D70/><U7/><E2/><AGARI ba="0,1" hai="2,4,9,20,26,31,39,43,47,79,83,85,105,106" machi="2" ten="30,11600,0" yaku="1,1,2,1,7,1,52,1,53,0" doraHai="1" doraHaiUra="132" who="2" fromWho="1" sc="318,0,104,-116,349,126,219,0" owari="318,11.8,-12,-51.2,475,57.5,219,-18.1" /></mjloggm>