<mjloggm ver="2.3"><GO type="225" lobby="0"/><UN n0="%33%74%72%65%65" n1="%E3%83%81%E3%83%AF%E3%83%AF%E9%9A%8A%E9%95%B7" n2="%E5%8D%A0%E3%81%84%E5%B8%AB%E8%A3%8F%E3%81%AA%E3%81%84%E3%81%97" n3="%E3%83%B4%E3%83%A0%EF%BC%99%E3%81%A6" dan="16,16,17,16" rate="2139.61,2116.63,2172.04,2156.73" sx="F,M,M,M"/><TAIKYOKU oya="0"/><INIT seed="0,0,0,4,5,131" ten="250,250,250,250" oya="0" hai0="56,120,123,119,42,45,39,48,26,117,64,75,124" hai1="129,95,71,43,57,53,86,59,92,60,82,51,38" hai2="29,10,99,115,20,27,8,106,5,22,128,55,79" hai3="66,112,103,37,13,58,80,98,62,41,133,118,126"/><T54/><D75/><U77/><E129/><V102/><F115/><W31/><G112/><T44/><D26/><U122/><E122/><N who="0" m="46633" /><D124/><U32/><E32/><V6/><F128/><W2/><G2/><T16/><D16/><U113/><E113/><V91/><F79/><W85/><G126/><T97/><D97/><U88/><E71/><V116/><F116/><N who="0" m="44618" /><D64/><U40/><E38/><V76/><F76/><W74/><G74/><T90/><D90/><U78/><E78/><V15/><F91/><W21/><G118/><T96/><D96/><N who="1" m="57351" /><E95/><V1/><F55/><AGARI ba="0,0" hai="40,43,51,53,55,57,59,60,77,82,86" m="57351" machi="55" ten="30,2000,0" yaku="8,1,54,1" doraHai="131" who="1" fromWho="2" sc="250,0,250,20,250,-20,250,0" /><INIT seed="1,0,0,5,2,27" ten="250,270,230,250" oya="1" hai0="49,32,93,64,89,113,7,88,86,46,41,28,21" hai1="48,90,56,53,14,97,81,85,127,40,110,42,114" hai2="72,98,77,55,126,36,66,4,8,112,135,99,5" hai3="115,103,75,47,122,118,92,58,104,54,65,78,76"/><U38/><E114/><V120/><F120/><W18/><G115/><T50/><D113/><U82/><E127/><V83/><F112/><W63/><G122/><T70/><D32/><U108/><E81/><V100/><F126/><W44/><G104/><T20/><D7/><U95/><E14/><V16/><F135/><W13/><G118/><T107/><D107/><U51/><E38/><V68/><F36/><W87/><G75/><T60/><D28/><U34/><E34/><V19/><F4/><W132/><G132/><T74/><D74/><U102/><REACH who="1" step="1"/><E48/><REACH who="1" ten="250,260,230,250" step="2"/><V10/><F10/><W91/><G76/><T128/><D50/><U57/><E57/><V116/><F116/><W117/><G78/><T105/><D49/><U35/><E35/><V80/><F80/><W133/><G117/><T134/><D134/><U106/><E106/><V23/><F8/><W62/><G133/><T17/><D105/><U79/><E79/><V15/><F77/><W61/><G44/><T52/><D46/><U59/><E59/><V9/><F83/><W123/><G47/><T1/><D1/><U43/><AGARI ba="0,1" hai="40,42,43,51,53,56,82,85,90,95,97,102,108,110" machi="43" ten="30,3000,0" yaku="1,1,0,1,53,0" doraHai="27" doraHaiUra="73" who="1" fromWho="1" sc="250,-10,260,40,230,-10,250,-10" /><INIT seed="1,1,0,0,2,23" ten="240,300,220,240" oya="1" hai0="115,105,109,2,72,77,87,43,39,129,118,22,42" hai1="5,89,48,102,123,75,28,119,34,90,84,20,0" hai2="37,74,81,120,68,92,51,61,45,71,101,60,93" hai3="31,53,96,8,86,62,79,6,134,121,12,44,111"/><U14/><E119/><V122/><F37/><W32/><G121/><T88/><D118/><U112/><E123/><V132/><F132/><W133/><G111/><T58/><D115/><U80/><E112/><V97/><F74/><W69/><G96/><T11/><D109/><U83/><E0/><V9/><F81/><W76/><G69/><T91/><D129/><U27/><E102/><V52/><F93/><W17/><G6/><T10/><D105/><U125/><E125/><V49/><F122/><W25/><G86/><T50/><D39/><U65/><E65/><V100/><F120/><W7/><G7/><T64/><D72/><U82/><E75/><V114/><F114/><W59/><REACH who="3" step="1"/><G44/><REACH who="3" ten="240,300,220,230" step="2"/><T40/><D87/><U78/><E84/><V13/><F68/><W85/><G85/><T55/><D2/><U73/><E73/><V113/><F71/><W128/><G128/><T24/><D77/><AGARI ba="1,1" hai="8,12,17,25,31,32,53,59,62,76,77,79,133,134" machi="77" ten="40,2600,0" yaku="1,1,52,1,53,0" doraHai="23" doraHaiUra="135" who="3" fromWho="0" sc="240,-29,300,0,220,0,230,39" /><INIT seed="2,0,0,4,1,127" ten="211,300,220,269" oya="2" hai0="48,64,113,30,79,66,10,69,68,99,21,31,112" hai1="96,82,36,47,128,85,122,5,27,37,4,49,97" hai2="22,116,73,124,120,106,57,134,62,101,28,11,33" hai3="55,115,110,114,105,121,100,129,51,102,107,103,0"/><V126/><F116/><W53/><G121/><T98/><D21/><U56/><E122/><V95/><F120/><W9/><G110/><T130/><D48/><U81/><E56/><V71/><F134/><W2/><G9/><T13/><D10/><U74/><E74/><V39/><F73/><W38/><G38/><T90/><D90/><U6/><E27/><N who="2" m="16503" /><F33/><W72/><G72/><T41/><D13/><U14/><E14/><V7/><F39/><W15/><G15/><T34/><D34/><U58/><E58/><V125/><F71/><W32/><G32/><T80/><D80/><U17/><E17/><V12/><F106/><N who="3" m="40459" /><G129/><T25/><D25/><U88/><E128/><V8/><F8/><W109/><G109/><T35/><D35/><U61/><E61/><V43/><F43/><W131/><G131/><T117/><D130/><U46/><E37/><V60/><F57/><W19/><G19/><T65/><D65/><U63/><E63/><N who="2" m="24107" /><F95/><W44/><G51/><T50/><D50/><U78/><E36/><V135/><F135/><W133/><G133/><T104/><D104/><U111/><E111/><V91/><F91/><W77/><G77/><T86/><D79/><U94/><E47/><V76/><F76/><W20/><G20/><T89/><D89/><U26/><E26/><V29/><F29/><W132/><G44/><T42/><REACH who="0" step="1"/><D117/><REACH who="0" ten="201,300,220,269" step="2"/><U54/><E78/><V67/><F67/><W59/><G132/><T123/><D123/><U16/><E81/><V45/><F45/><W87/><G59/><T23/><D23/><U24/><E94/><V83/><F83/><RYUUKYOKU ba="0,1" sc="201,10,300,10,220,10,269,-30" hai0="30,31,41,42,64,66,68,69,86,98,99,112,113" hai1="4,5,6,16,24,46,49,54,82,85,88,96,97" hai2="7,11,12,101,124,125,126" /><INIT seed="2,1,1,1,4,121" ten="211,310,230,239" oya="2" hai0="102,74,45,55,122,68,69,28,21,5,31,85,79" hai1="115,51,128,29,89,11,91,129,119,57,88,76,80" hai2="97,23,1,48,123,61,24,125,93,116,103,62,58" hai3="110,19,92,82,2,6,126,135,130,72,32,53,56"/><V26/><F116/><W66/><G32/><T41/><D122/><U67/><E119/><V87/><F123/><W107/><G107/><T7/><D74/><U49/><E115/><V112/><F112/><W8/><G66/><T81/><D102/><U109/><E29/><V94/><F1/><W27/><G126/><T83/><D31/><U106/><E106/><V114/><F114/><W131/><G135/><T0/><D55/><U63/><E11/><V84/><F125/><W52/><G92/><T43/><D43/><U86/><REACH who="1" step="1"/><E109/><REACH who="1" ten="211,300,230,239" step="2"/><V44/><F23/><N who="3" m="13823" /><G110/><T95/><D28/><U132/><E132/><V101/><F101/><W90/><G130/><AGARI ba="1,2" hai="49,51,57,63,67,76,80,86,88,89,91,128,129,130" machi="130" ten="40,5200,0" yaku="1,1,19,1,54,1,53,0" doraHai="121" doraHaiUra="12" who="1" fromWho="3" sc="211,0,300,75,230,0,239,-55" /><INIT seed="3,0,0,4,5,31" ten="211,375,230,184" oya="3" hai0="130,129,14,75,133,69,54,108,7,65,41,35,85" hai1="77,67,122,52,82,63,58,9,86,22,2,88,106" hai2="51,66,105,114,37,38,98,44,13,28,33,71,49" hai3="55,24,72,47,113,48,10,27,126,59,111,116,64"/><W131/><G113/><T19/><D75/><U123/><E106/><V39/><F114/><W5/><G116/><T135/><D108/><U128/><E128/><N who="0" m="49257" /><D7/><U117/><E117/><V43/><F13/><W91/><G131/><T132/><D41/><U100/><E100/><N who="2" m="62615" /><F49/><W127/><G72/><T3/><D3/><U110/><E110/><V16/><F16/><W57/><G111/><T103/><D35/><U134/><E134/><V83/><F51/><W121/><G121/><T80/><D103/><U18/><E2/><V79/><F83/><W76/><G76/><N who="0" m="46215" /><D54/><U26/><E9/><V119/><F79/><W115/><G115/><T8/><D65/><U104/><E104/><V112/><F112/><W34/><G91/><T99/><D99/><U125/><E125/><N who="3" m="47626" /><G34/><T45/><D45/><U12/><E26/><N who="3" m="9770" /><G64/><T81/><D81/><U60/><E77/><V70/><F119/><W56/><G47/><T50/><D50/><U93/><E82/><V73/><F73/><W97/><G97/><T74/><D74/><U95/><E95/><V90/><F90/><W89/><G89/><T21/><D8/><U94/><E94/><V68/><F66/><W32/><G32/><T101/><D101/><U62/><REACH who="1" step="1"/><E67/><REACH who="1" ten="211,365,230,184" step="2"/><V61/><F71/><AGARI ba="0,1" hai="14,19,21,69,71,132,133,135" m="46215,49257" machi="71" ten="40,2600,0" yaku="20,1,19,1" doraHai="31" who="0" fromWho="2" sc="211,36,365,0,230,-26,184,0" owari="247,4.7,365,46.5,204,-19.6,184,-31.6" /></mjloggm>