<mjloggm ver="2.3"><GO type="225" lobby="0"/><UN n0="%E5%8D%A0%E3%81%84%E5%B8%AB%E8%A3%8F%E3%81%AA%E3%81%84%E3%81%97" n1="%72%69%6F%75%63%68%61%6E" n2="%77%72%77%72%77%72%77%72" n3="%70%6F%69%73%75%2D" dan="17,16,17,16" rate="2241.78,2104.57,2145.59,2072.71" sx="M,M,M,M"/><TAIKYOKU oya="0"/><INIT seed="0,0,0,4,4,33" ten="250,250,250,250" oya="0" hai0="52,62,4,63,122,42,73,107,93,89,5,112,116" hai1="76,39,83,26,61,23,15,70,58,101,72,54,103" hai2="25,95,56,119,105,38,10,129,68,21,121,111,12" hai3="120,79,8,50,124,132,22,57,96,55,134,24,94"/><T60/><D112/><U66/><E15/><V53/><F105/><W3/><G124/><T131/><D116/><U20/><E39/><V84/><F121/><W37/><G37/><T44/><D122/><U115/><E115/><V9/><F119/><W106/><G106/><T7/><D107/><U51/><REACH who="1" step="1"/><E20/><REACH who="1" ten="250,240,250,250" step="2"/><V118/><F21/><W17/><G120/><T127/><D127/><U65/><E65/><V13/><F12/><W110/><G110/><T28/><D131/><U2/><E2/><V86/><F13/><W19/><G132/><T77/><D73/><U80/><E80/><V78/><F38/><W71/><G134/><T11/><D77/><U69/><E69/><V130/><F68/><W14/><G71/><T91/><D11/><U117/><E117/><V108/><F118/><W43/><G79/><T59/><D28/><AGARI ba="0,1" hai="23,26,28,51,54,58,61,66,70,72,76,83,101,103" machi="28" ten="30,2000,0" yaku="1,1,7,1,53,0" doraHai="33" doraHaiUra="0" who="1" fromWho="0" sc="250,-20,240,30,250,0,250,0" /><INIT seed="1,0,0,2,3,50" ten="230,270,250,250" oya="1" hai0="132,117,5,83,70,91,31,60,51,1,88,58,56" hai1="94,120,18,122,96,43,95,79,81,112,92,84,109" hai2="71,106,102,69,4,53,8,47,61,115,133,59,93" hai3="3,24,42,76,55,77,34,75,74,11,78,89,68"/><U108/><E43/><V128/><F106/><W54/><G68/><T123/><D117/><U135/><E18/><V107/><F107/><W85/><G42/><T110/><D110/><N who="1" m="42603" /><E112/><V41/><F115/><W57/><G75/><T22/><D132/><U17/><E17/><V27/><F133/><W20/><G34/><T99/><D123/><N who="1" m="47147" /><E135/><V40/><F128/><W35/><G74/><T12/><D1/><U28/><E28/><V64/><F27/><W86/><G35/><T9/><D70/><U63/><E63/><V6/><F71/><W103/><G103/><AGARI ba="0,0" hai="79,81,84,92,94,95,96,103" m="47147,42603" machi="103" ten="30,11600,0" yaku="14,1,10,1,34,2" doraHai="50" who="1" fromWho="3" sc="230,0,270,116,250,0,250,-116" /><INIT seed="1,1,0,1,0,113" ten="230,386,250,134" oya="1" hai0="63,64,74,20,42,35,106,112,46,108,109,36,133" hai1="32,27,110,134,19,16,105,107,33,13,92,127,60" hai2="10,61,100,75,50,120,84,62,3,53,71,8,135" hai3="102,77,5,23,115,43,56,70,48,88,2,38,98"/><U130/><E127/><V45/><F75/><W11/><G70/><T91/><D112/><U12/><E130/><V67/><F120/><W21/><G115/><T18/><D133/><U49/><E134/><V59/><F135/><W97/><G77/><T41/><D74/><U66/><E110/><N who="0" m="42601" /><D35/><U28/><E33/><V132/><F132/><W73/><G73/><T119/><D106/><U72/><E72/><V76/><F3/><W58/><G38/><T31/><D41/><U68/><E92/><V44/><F100/><W47/><G98/><T65/><D31/><U80/><E80/><V96/><F96/><W1/><G1/><T104/><D104/><U94/><E94/><V79/><F44/><W29/><G102/><T34/><D34/><U37/><E37/><V30/><F30/><W14/><G2/><T125/><D125/><U22/><REACH who="1" step="1"/><E49/><REACH who="1" ten="230,376,250,134" step="2"/><V57/><F84/><W118/><G48/><T82/><D82/><U117/><E117/><V122/><F122/><W114/><G118/><T26/><D119/><U78/><E78/><V90/><F79/><W24/><G114/><T123/><D123/><U93/><E93/><V6/><F76/><W51/><G97/><T129/><D129/><U69/><E69/><V131/><F131/><W4/><G88/><T7/><D91/><U25/><E25/><V101/><F90/><W128/><G128/><T39/><D39/><U86/><E86/><V89/><F89/><W95/><G95/><T54/><D7/><U99/><E99/><V85/><F71/><W81/><G5/><T17/><D17/><U55/><E55/><RYUUKYOKU ba="1,1" sc="230,15,376,15,250,-15,134,-15" hai0="18,20,26,36,42,46,54,63,64,65" hai1="12,13,16,19,22,27,28,32,60,66,68,105,107" /><INIT seed="1,2,1,5,4,32" ten="245,391,235,119" oya="1" hai0="20,126,24,61,65,130,86,0,132,88,4,102,98" hai1="123,47,101,112,58,50,91,93,14,77,105,49,40" hai2="54,106,57,76,129,2,134,127,89,117,18,116,113" hai3="15,122,87,124,27,21,46,92,135,37,111,115,42"/><U96/><E112/><V94/><F113/><W118/><G115/><T84/><D130/><U133/><E133/><V119/><F134/><W120/><G135/><T23/><D132/><U63/><E123/><V26/><F129/><W56/><G118/><T5/><D126/><U34/><E34/><V114/><F114/><W17/><G124/><T44/><D44/><U19/><E77/><V36/><F36/><W62/><G111/><T53/><D53/><U109/><E109/><V7/><F127/><W25/><G25/><T3/><D4/><U71/><E71/><V30/><F106/><W68/><G68/><T107/><D5/><U67/><E49/><V125/><F125/><W75/><G75/><T97/><D97/><U131/><E131/><V73/><F73/><W28/><G92/><T12/><D12/><U9/><REACH who="1" step="1"/><E105/><REACH who="1" ten="245,381,235,119" step="2"/><V69/><F69/><W51/><G51/><T128/><D128/><U55/><E55/><V95/><F119/><W90/><G120/><T72/><D107/><U41/><E41/><V103/><F117/><W39/><G122/><T81/><D65/><U79/><E79/><V31/><F116/><W22/><G39/><T35/><D35/><U29/><E29/><V104/><F104/><W52/><G37/><T66/><D66/><U43/><E43/><V85/><F76/><W6/><G42/><T108/><D108/><U82/><E82/><V70/><F70/><W33/><G33/><T1/><D81/><U100/><AGARI ba="2,2" hai="9,14,19,40,47,50,58,63,67,91,93,96,100,101" machi="100" ten="30,11700,0" yaku="1,1,0,1,8,1,53,1" doraHai="32" doraHaiUra="10" who="1" fromWho="1" sc="245,-41,381,143,235,-41,119,-41" /><INIT seed="1,3,0,4,1,42" ten="204,524,194,78" oya="1" hai0="79,59,128,89,31,52,54,61,58,12,85,83,62" hai1="30,99,119,55,50,69,131,53,80,17,87,13,120" hai2="47,118,102,107,91,48,112,5,26,117,1,18,122" hai3="34,124,6,11,114,84,51,2,3,66,38,8,63"/><U129/><E119/><V49/><F122/><W64/><G124/><T81/><D128/><U93/><E120/><V45/><F112/><W36/><G114/><T113/><D113/><U135/><E135/><V115/><F115/><W73/><G66/><T40/><D31/><U39/><E39/><V116/><F91/><W96/><G34/><T74/><D40/><U68/><E30/><V125/><F125/><W75/><G84/><T90/><D12/><U60/><E60/><V29/><F18/><W126/><G126/><T132/><D132/><U104/><E104/><V130/><F130/><W127/><G127/><T43/><D43/><U88/><E53/><V41/><F5/><W23/><G23/><T110/><D110/><U109/><E109/><V44/><F1/><W57/><G11/><T76/><AGARI ba="3,0" hai="52,54,58,59,61,62,74,76,79,81,83,85,89,90" machi="76" ten="20,5200,0" yaku="0,1,7,1,9,1,54,1" doraHai="42" who="0" fromWho="0" sc="204,61,524,-29,194,-16,78,-16" /><INIT seed="2,0,0,2,0,110" ten="265,495,178,62" oya="2" hai0="4,11,112,53,84,32,117,94,20,42,21,92,82" hai1="102,126,125,118,49,70,103,52,89,101,113,66,132" hai2="134,78,44,50,114,46,60,25,59,81,116,14,119" hai3="5,104,83,88,109,62,74,127,9,72,45,1,95"/><V17/><F134/><W80/><G109/><T40/><D112/><U90/><E113/><V2/><F2/><W75/><G104/><T48/><D32/><U105/><E105/><V57/><F114/><W123/><G123/><T15/><D117/><U33/><E33/><V100/><F100/><W12/><G127/><N who="1" m="48650" /><E118/><V35/><F57/><W106/><G106/><T135/><D135/><U58/><E132/><V41/><F44/><W131/><G131/><T43/><D20/><U96/><E96/><V28/><F14/><W86/><G1/><T122/><D21/><U111/><E111/><V16/><F116/><W13/><G13/><T67/><D67/><U77/><E77/><V85/><REACH who="2" step="1"/><F119/><REACH who="2" ten="265,495,168,62" step="2"/><W22/><G45/><N who="0" m="27791" /><D122/><U27/><E27/><V29/><F29/><W121/><G121/><T26/><D26/><U6/><E6/><V10/><F10/><W65/><REACH who="3" step="1"/><G22/><REACH who="3" ten="265,495,168,52" step="2"/><T19/><D4/><U71/><E71/><AGARI ba="0,2" hai="5,9,12,62,65,71,72,74,75,80,83,86,88,95" machi="71" ten="40,5200,0" yaku="1,1,2,1,54,1,53,0" doraHai="110" doraHaiUra="30" who="3" fromWho="1" sc="265,0,495,-52,168,0,52,72" /><INIT seed="3,0,0,4,5,115" ten="265,443,168,124" oya="3" hai0="119,64,77,123,46,5,49,58,48,33,99,57,34" hai1="124,2,72,39,127,86,91,51,114,88,63,16,104" hai2="6,52,118,133,126,23,95,20,11,74,22,129,102" hai3="92,12,0,66,21,44,47,100,101,36,109,131,75"/><W110/><G0/><T71/><D119/><U105/><E114/><V106/><F118/><W122/><G75/><T38/><D123/><U17/><E39/><V62/><F106/><N who="1" m="41065" /><E72/><V84/><F129/><W4/><G131/><T19/><D19/><N who="1" m="7243" /><E2/><V121/><F133/><W42/><G122/><T93/><D93/><U96/><E96/><V65/><F126/><N who="1" m="48169" /><E86/><V54/><F74/><W69/><G47/><T9/><D77/><U134/><E134/><V28/><F84/><W18/><G4/><T37/><D49/><U107/><E107/><V8/><F121/><W27/><G12/><T56/><D56/><U35/><E35/><V15/><F8/><W73/><G73/><T116/><D64/><U29/><E29/><V87/><F28/><W132/><G132/><T112/><D5/><U70/><E51/><V1/><F1/><W41/><G41/><T32/><D46/><U45/><E45/><V103/><F103/><W108/><REACH who="3" step="1"/><G92/><REACH who="3" ten="265,443,168,114" step="2"/><T130/><D130/><U14/><E14/><V25/><F6/><W59/><G59/><T113/><D58/><U10/><E10/><V125/><F15/><W68/><G68/><T43/><D71/><U60/><E70/><N who="2" m="42295" /><F11/><W53/><G53/><N who="0" m="31911" /><D9/><U117/><E117/><V97/><F125/><W80/><G80/><T94/><D116/><U85/><E91/><N who="2" m="53759" /><F25/><W24/><G24/><T13/><D13/><U3/><E3/><V26/><F26/><W78/><G78/><T76/><D76/><U30/><E30/><V83/><F83/><AGARI ba="0,1" hai="60,63,83,85,88" m="48169,7243,41065" machi="83" ten="30,3900,0" yaku="18,1,54,2" doraHai="115" who="1" fromWho="2" sc="265,0,443,49,168,-39,114,0" owari="265,6.5,492,59.2,129,-27.1,114,-38.6" /></mjloggm>