<mjloggm ver="2.3"><GO type="225" lobby="0"/><UN n0="%E3%81%90%E3%81%A1%E3%82%84%E3%81%BE" n1="%E3%83%A9%E3%82%A4%E3%83%B3%E3%81%AE%E8%99%8E" n2="%E6%81%A5%E6%99%92%E3%81%97" n3="%E5%AE%87%E5%AE%99%E6%89%93%E7%89%8C" dan="16,16,16,16" rate="2121.33,2150.37,2167.45,2094.80" sx="M,M,M,F"/><TAIKYOKU oya="0"/><INIT seed="0,0,0,5,3,64" ten="250,250,250,250" oya="0" hai0="95,129,50,41,132,16,104,54,117,46,110,26,96" hai1="3,119,11,56,58,60,130,91,47,70,6,14,33" hai2="55,124,89,29,45,125,62,75,92,97,59,133,85" hai3="98,80,94,77,35,67,82,31,69,43,71,9,22"/><T51/><D117/><U111/><E119/><V17/><F75/><W15/><G35/><T116/><D116/><U109/><E33/><V30/><F133/><W39/><G39/><T21/><D132/><U74/><E74/><V86/><F124/><W101/><G43/><T8/><D129/><U126/><E126/><V81/><F125/><W63/><G69/><T53/><D110/><N who="1" m="41995" /><E130/><V113/><F113/><W107/><G107/><T20/><D104/><U84/><E47/><V27/><F86/><W13/><G13/><T65/><D65/><N who="1" m="41255" /><E3/><V24/><F45/><W38/><G38/><T2/><D21/><U34/><E34/><V102/><REACH who="2" step="1"/><F17/><REACH who="2" ten="250,250,240,250" step="2"/><W73/><G73/><T37/><D37/><U49/><E49/><V108/><F108/><W5/><REACH who="3" step="1"/><G77/><REACH who="3" ten="250,250,240,240" step="2"/><T103/><REACH who="0" step="1"/><D51/><REACH who="0" ten="240,250,240,240" step="2"/><U23/><E23/><V19/><F19/><W40/><G40/><T135/><D135/><U0/><E0/><V79/><F79/><W88/><G88/><T120/><D120/><U90/><E91/><V12/><F12/><W68/><G68/><T93/><D93/><AGARI ba="0,3" hai="6,11,14,56,58,84,90,93" m="41255,41995" machi="93" ten="30,2000,0" yaku="14,1,52,1" doraHai="64" who="1" fromWho="0" sc="240,-20,250,50,240,0,240,0" /><INIT seed="1,0,0,0,2,135" ten="220,300,240,240" oya="1" hai0="119,26,88,107,36,1,99,89,9,40,134,113,80" hai1="54,37,19,108,56,17,57,0,28,59,21,48,116" hai2="7,112,130,111,58,105,29,71,124,102,35,18,131" hai3="50,13,79,20,61,8,5,120,128,33,23,15,65"/><U38/><E116/><V104/><F71/><W118/><G33/><T49/><D119/><U91/><E0/><V78/><F111/><W60/><G118/><T83/><D113/><U97/><E108/><V10/><F112/><W84/><G120/><T114/><D114/><U110/><E110/><V69/><F69/><W73/><G73/><T122/><D36/><U42/><E42/><V93/><F78/><W66/><G50/><T64/><D64/><N who="3" m="24681" /><G15/><T25/><D134/><U132/><E132/><V52/><F18/><N who="1" m="6665" /><E37/><V82/><F82/><N who="3" m="47199" /><G128/><T68/><D1/><U3/><E3/><V27/><F93/><W100/><G100/><T121/><D68/><U30/><E38/><V98/><F105/><W101/><G101/><T77/><D83/><U51/><E51/><V43/><F43/><W86/><G86/><T55/><D40/><U125/><E48/><V22/><F35/><W6/><G6/><T45/><D121/><U12/><E12/><V106/><F106/><W129/><G129/><T44/><D122/><U76/><E76/><V63/><F7/><W103/><G103/><T90/><D45/><U75/><E75/><V67/><F10/><W92/><G92/><T62/><D107/><U115/><E115/><V46/><F130/><W117/><G117/><T96/><D9/><U47/><E47/><V87/><F131/><W24/><G24/><N who="0" m="9323" /><D77/><U16/><E57/><V31/><F46/><W127/><G127/><T74/><D74/><U4/><E125/><V11/><F104/><W126/><G126/><T109/><D109/><U53/><E59/><N who="2" m="37375" /><F124/><W95/><G95/><RYUUKYOKU ba="0,0" sc="220,-10,300,-10,240,-10,240,30" hai3="5,8,13,20,23,60,61" /><INIT seed="2,1,0,4,0,135" ten="210,290,230,270" oya="2" hai0="43,1,37,40,72,8,80,73,103,79,9,13,106" hai1="96,84,3,70,24,104,126,132,22,102,20,81,85" hai2="62,131,57,66,115,17,121,100,69,38,33,95,64" hai3="105,116,124,18,67,98,55,74,122,83,78,5,127"/><V35/><F115/><W93/><G5/><T34/><D34/><U27/><E132/><V87/><F121/><W54/><G67/><T71/><D71/><U94/><E70/><V44/><F131/><W108/><G122/><T39/><D73/><U91/><E3/><V129/><F129/><W134/><G134/><T111/><D111/><U49/><E126/><N who="3" m="48170" /><G116/><T97/><D40/><U109/><E109/><V30/><F17/><W68/><G108/><T114/><D114/><U77/><E49/><V50/><F38/><W10/><G105/><T56/><D43/><U2/><E2/><V16/><F30/><W59/><G68/><T113/><D113/><U65/><E65/><V15/><F66/><W89/><G59/><T12/><D56/><U92/><E104/><V112/><F112/><W99/><G98/><T120/><D120/><U31/><E27/><V23/><F69/><W11/><G11/><T58/><D58/><U7/><E7/><V4/><F4/><W88/><G89/><T82/><D1/><U48/><E48/><V41/><F100/><W110/><G110/><T14/><D9/><U53/><E53/><V128/><F128/><W32/><G32/><AGARI ba="1,0" hai="20,22,24,31,32,77,81,84,85,91,92,94,96,102" machi="32" ten="30,1000,0" yaku="7,1" doraHai="135" who="1" fromWho="3" sc="210,0,290,13,230,0,270,-13" /><INIT seed="3,0,0,1,2,65" ten="210,303,230,257" oya="3" hai0="129,18,60,98,91,110,5,34,22,114,117,135,132" hai1="74,95,61,17,56,67,19,94,43,119,23,55,38" hai2="70,109,124,28,42,104,78,64,32,130,96,24,97" hai3="30,33,39,86,122,53,75,47,69,46,92,88,99"/><W72/><G39/><T79/><D117/><U115/><E115/><V10/><F109/><W31/><G69/><T80/><D34/><U101/><E74/><V0/><F124/><W112/><G72/><T123/><D123/><U68/><E101/><N who="2" m="62503" /><F130/><W113/><G75/><T14/><D129/><U82/><E82/><V36/><F78/><W45/><G122/><T8/><D110/><U25/><E119/><V77/><F77/><W4/><G4/><T106/><D114/><U7/><E7/><N who="2" m="1383" /><F97/><W13/><G33/><T81/><D60/><U50/><E17/><V125/><F125/><W58/><G113/><T40/><D40/><U52/><E55/><V37/><F42/><W116/><G116/><T89/><D81/><U15/><E15/><V93/><F93/><W121/><G121/><T90/><D98/><U134/><E134/><V131/><F131/><W100/><G13/><T44/><D106/><U85/><E85/><V12/><F12/><W9/><G9/><T49/><D80/><U108/><E108/><V63/><AGARI ba="0,0" hai="24,28,32,36,37,63,64,70" m="1383,62503" machi="63" ten="30,7900,0" yaku="25,1,33,2,52,1" doraHai="65" who="2" fromWho="2" sc="210,-20,303,-20,230,79,257,-39" owari="190,-31.0,283,8.3,309,40.9,218,-18.2" /></mjloggm>