<mjloggm ver="2.3"><GO type="225" lobby="0"/><UN n0="%E3%82%8F%E3%81%8B%E3%81%B0%2A%E3%82%AC%E3%83%BC%E3%83%AB" n1="%E3%81%82%E3%81%84%E3%81%82%E3%81%8A%E3%81%84" n2="%E6%80%AA%E3%81%97%E3%81%99%E3%81%8E%E3%82%8B%E3%83%81%E3%83%BC" n3="%E3%81%AF%E3%82%88%E3%81%8A%E3%81%98%E3%81%95%E3%82%93" dan="16,18,16,17" rate="2057.39,2181.07,2061.49,2243.61" sx="M,M,M,M"/><TAIKYOKU oya="0"/><INIT seed="0,0,0,2,3,20" ten="250,250,250,250" oya="0" hai0="92,83,108,61,25,71,36,44,85,84,116,34,97" hai1="112,104,88,12,0,135,30,113,82,119,132,62,10" hai2="103,1,80,91,94,106,37,90,121,129,11,27,48" hai3="68,133,8,102,23,24,124,131,45,41,125,128,50"/><T111/><D116/><U64/><E119/><V60/><F37/><W81/><G68/><T110/><D36/><U99/><E0/><V47/><F121/><W69/><G69/><T65/><D44/><U3/><E3/><V87/><F129/><N who="3" m="49739" /><G102/><N who="0" m="60711" /><D83/><U79/><E104/><V15/><F1/><W86/><G8/><T115/><D115/><N who="1" m="44107" /><E30/><AGARI ba="0,0" hai="25,30,34,61,65,71,84,85,108,110,111" m="60711" machi="30" ten="30,5800,0" yaku="14,1,10,1,52,1" doraHai="20" who="0" fromWho="1" sc="250,58,250,-58,250,0,250,0" /><INIT seed="0,1,0,2,4,115" ten="308,192,250,250" oya="0" hai0="93,16,8,11,4,32,22,106,47,109,23,26,55" hai1="36,71,114,57,41,73,21,30,76,2,80,83,10" hai2="53,95,101,86,14,110,42,134,84,54,126,113,12" hai3="20,52,38,117,132,81,77,100,70,119,116,67,66"/><T105/><D109/><U46/><E71/><V13/><F113/><W91/><G38/><T5/><D32/><U65/><E114/><V43/><F126/><W33/><G33/><T37/><D93/><U87/><E65/><V24/><F134/><W99/><G132/><T88/><D23/><U94/><E57/><V25/><F110/><W64/><G91/><T98/><D106/><U31/><E94/><V17/><F95/><W69/><G20/><T79/><D79/><U89/><REACH who="1" step="1"/><E21/><REACH who="1" ten="308,182,250,250" step="2"/><V102/><F14/><W62/><G99/><T129/><D105/><U18/><E18/><AGARI ba="1,1" hai="12,13,17,18,24,25,42,43,53,54,84,86,101,102" machi="18" ten="25,3200,0" yaku="22,2,8,1" doraHai="115" who="2" fromWho="1" sc="308,0,182,-35,250,45,250,0" /><INIT seed="1,0,0,4,4,110" ten="308,147,295,250" oya="1" hai0="12,102,53,106,31,96,124,115,16,17,38,130,27" hai1="129,86,132,133,41,63,113,75,97,95,68,61,114" hai2="120,6,43,70,40,126,127,91,19,84,111,76,71" hai3="123,44,8,99,85,117,56,39,7,29,90,3,32"/><U50/><E75/><V59/><F120/><W80/><G123/><T135/><D115/><N who="1" m="44043" /><E86/><V11/><F111/><W73/><G117/><T23/><D38/><U67/><E129/><V83/><F19/><W48/><G73/><T13/><D130/><U69/><E95/><V21/><F21/><W49/><G99/><T125/><D135/><N who="1" m="51787" /><E97/><V87/><F59/><W81/><G56/><T82/><D82/><U24/><E24/><V92/><F70/><N who="1" m="27241" /><E67/><V46/><F71/><W88/><G81/><T64/><D64/><U28/><E28/><V22/><F22/><W1/><G90/><T36/><D31/><U42/><E50/><V51/><REACH who="2" step="1"/><F43/><AGARI ba="0,0" hai="41,42,43,61,63" m="27241,51787,44043" machi="43" ten="40,24000,3" yaku="28,2,20,1,34,2,52,3" doraHai="110" who="1" fromWho="2" sc="308,0,147,240,295,-240,250,0" /><INIT seed="1,1,0,0,4,50" ten="308,387,55,250" oya="1" hai0="70,123,133,82,109,90,27,130,10,115,126,99,22" hai1="56,61,127,23,0,37,79,20,21,98,69,81,96" hai2="3,33,17,15,32,77,36,48,66,42,25,57,60" hai3="117,65,113,35,62,1,74,44,103,108,8,45,125"/><U134/><E0/><V88/><F3/><W80/><G113/><T112/><D70/><U100/><E37/><V97/><F36/><W91/><G35/><T24/><D109/><U94/><E127/><V46/><F77/><W13/><G108/><T131/><D126/><U129/><E134/><V105/><F25/><W34/><G34/><T63/><D133/><U83/><E69/><V119/><F119/><W89/><G125/><T40/><D40/><U6/><E6/><V120/><F120/><W72/><G1/><T9/><D123/><U75/><E129/><N who="0" m="49161" /><D63/><U68/><E68/><V16/><F17/><W53/><G117/><T106/><D27/><U30/><E83/><V101/><REACH who="2" step="1"/><F88/><REACH who="2" ten="308,387,45,250" step="2"/><W47/><G91/><T93/><D82/><U92/><E30/><V29/><F29/><W71/><G89/><T102/><D112/><U11/><E81/><V64/><F64/><W104/><G80/><T67/><D115/><U76/><E79/><V132/><F132/><W18/><G74/><T78/><D67/><U110/><E76/><V121/><F121/><W135/><G72/><T54/><D78/><U122/><E75/><V38/><F38/><W58/><G135/><T114/><D114/><U12/><E122/><V87/><F87/><W5/><G18/><T51/><D24/><U85/><E85/><V59/><F59/><W111/><G111/><T116/><D116/><U84/><E84/><V4/><F4/><W2/><G2/><T31/><D31/><U19/><E110/><V52/><F52/><W41/><G71/><T14/><D90/><N who="1" m="55319" /><E56/><V43/><F43/><RYUUKYOKU ba="1,1" sc="308,-15,387,15,45,15,250,-15" hai1="11,12,19,20,21,23,61,94,98,100" hai2="15,16,32,33,42,46,48,57,60,66,97,101,105" /><INIT seed="1,2,1,5,5,58" ten="293,402,60,235" oya="1" hai0="27,127,29,32,132,63,2,120,72,39,50,12,98" hai1="22,51,75,86,65,60,79,23,44,92,37,0,40" hai2="33,19,77,82,106,113,74,130,90,41,3,67,5" hai3="76,21,121,16,48,101,109,47,66,87,59,42,110"/><U8/><E92/><V135/><F106/><W112/><G112/><T13/><D39/><U134/><E86/><V7/><F113/><W70/><G121/><T94/><D72/><U83/><E51/><V69/><F33/><W56/><G101/><T103/><D120/><U64/><E64/><V131/><F135/><W133/><G133/><T115/><D115/><U117/><E117/><V129/><F41/><W118/><G118/><T15/><D132/><U10/><E134/><V55/><F3/><W105/><G105/><T126/><D2/><U45/><E45/><V100/><F100/><W20/><G20/><T18/><D50/><U35/><E35/><V24/><F55/><W91/><G76/><T25/><D25/><U93/><E93/><V57/><F69/><W34/><G34/><T71/><D18/><U61/><E10/><V124/><F124/><N who="0" m="47658" /><D71/><U102/><E102/><V26/><F90/><W81/><G70/><T99/><D98/><U54/><E54/><V30/><F19/><W107/><G107/><T1/><D1/><U96/><E96/><V84/><F74/><W108/><REACH who="3" step="1"/><G66/><REACH who="3" ten="293,402,60,225" step="2"/><T49/><D49/><U128/><E65/><V28/><F30/><W11/><G11/><T97/><D32/><U17/><E23/><N who="2" m="15391" /><F26/><AGARI ba="2,2" hai="16,21,26,42,47,48,56,59,81,87,91,108,109,110" machi="26" ten="40,8000,1" yaku="1,1,14,1,54,1,53,2" doraHai="58" doraHaiUra="52" who="3" fromWho="2" sc="293,0,402,0,60,-86,225,106" owari="293,-10.7,402,50.2,-26,-52.6,331,13.1" /></mjloggm>