<mjloggm ver="2.3"><GO type="225" lobby="0"/><UN n0="%E6%81%AC%E6%B7%A1%E5%AF%82%E5%AF%9E" n1="%72%65%6E%6B%75%6E" n2="%E5%B8%86%E7%AB%8B%E5%A4%8F%E8%A1%A3" n3="%E5%91%A8%E6%9D%B1" dan="16,17,17,16" rate="2134.05,2218.12,2224.30,2187.39" sx="F,M,M,M"/><TAIKYOKU oya="0"/><INIT seed="0,0,0,4,4,72" ten="250,250,250,250" oya="0" hai0="107,118,54,6,90,122,37,112,123,98,127,11,9" hai1="81,8,111,22,46,17,40,84,2,88,12,68,51" hai2="49,43,116,65,62,105,18,63,83,102,110,131,95" hai3="104,108,45,133,64,44,80,121,50,23,101,135,93"/><T70/><D112/><U134/><E111/><V48/><F110/><W38/><G108/><T25/><D118/><U42/><E134/><N who="3" m="51210" /><G104/><T27/><D54/><U124/><E124/><V86/><F105/><W126/><G23/><T56/><D56/><U32/><E32/><V113/><F131/><W82/><G126/><T96/><D90/><U69/><REACH who="1" step="1"/><E42/><REACH who="1" ten="250,240,250,250" step="2"/><V128/><F43/><N who="3" m="22647" /><G121/><T39/><D127/><U78/><E78/><V10/><F116/><W1/><G1/><T73/><D123/><U52/><E52/><V66/><F128/><W41/><G64/><T100/><D122/><U77/><E77/><V36/><F66/><W71/><G71/><T59/><D70/><U47/><E47/><V119/><F65/><W76/><G76/><T20/><D59/><U28/><E28/><V21/><F119/><W91/><G101/><T99/><D100/><U13/><E13/><V53/><F53/><W3/><G3/><T14/><D14/><U55/><E55/><V74/><F102/><W7/><G7/><AGARI ba="0,1" hai="2,7,8,12,17,22,40,46,51,68,69,81,84,88" machi="7" ten="40,5200,0" yaku="1,1,54,1,53,1" doraHai="72" doraHaiUra="85" who="1" fromWho="3" sc="250,0,240,62,250,0,250,-52" /><INIT seed="1,0,0,2,1,50" ten="250,302,250,198" oya="1" hai0="84,56,47,135,40,33,100,77,29,61,87,0,42" hai1="82,15,132,104,23,93,86,19,46,114,27,98,63" hai2="25,69,99,103,43,131,28,3,6,32,60,11,18" hai3="109,79,2,52,133,7,94,120,106,97,58,130,31"/><U70/><E132/><V24/><F131/><W49/><G120/><T119/><D119/><U102/><E114/><V74/><F43/><W101/><G130/><T66/><D0/><U115/><E115/><V105/><F18/><W67/><G133/><T57/><D135/><U123/><E123/><V71/><F24/><W55/><G67/><T39/><D42/><U13/><E104/><V45/><F45/><W126/><G126/><T36/><D36/><U38/><E38/><V125/><F125/><W113/><G113/><T89/><D100/><U124/><E124/><V85/><F85/><W116/><G116/><T35/><D57/><U92/><E92/><V68/><REACH who="2" step="1"/><F74/><REACH who="2" ten="250,302,240,198" step="2"/><W51/><G31/><T75/><D29/><U72/><E72/><V9/><F9/><W91/><G109/><T65/><D75/><U112/><E46/><V44/><F44/><W59/><G79/><T10/><D84/><U48/><E112/><V20/><F20/><W81/><G81/><T78/><D78/><U4/><E86/><V107/><F107/><W5/><G2/><T128/><D77/><U96/><E82/><V37/><F37/><W127/><G127/><T121/><D128/><U21/><E21/><V26/><F26/><W129/><G129/><T30/><D30/><U17/><E17/><V83/><F83/><W64/><G64/><AGARI ba="0,1" hai="3,6,11,25,28,32,60,64,68,69,71,99,103,105" machi="64" ten="40,12000,2" yaku="1,1,25,2,33,3,53,0" doraHai="50" doraHaiUra="53" who="2" fromWho="3" sc="250,0,302,0,240,130,198,-120" /><INIT seed="2,0,0,0,1,10" ten="250,302,370,78" oya="2" hai0="79,117,67,65,100,38,52,86,20,76,74,114,77" hai1="83,126,107,116,23,13,101,39,70,33,72,109,69" hai2="3,34,2,15,71,113,46,110,123,1,102,26,19" hai3="59,22,87,16,17,99,89,42,24,122,25,29,58"/><V12/><F71/><W57/><G122/><T80/><D114/><U135/><RYUUKYOKU type="yao9" ba="0,0" sc="250,0,302,0,370,0,78,0" hai1="13,23,33,39,69,70,72,83,101,107,109,116,126,135" /><INIT seed="2,1,0,4,3,83" ten="250,302,370,78" oya="2" hai0="75,85,81,86,115,82,128,116,99,56,97,79,34" hai1="22,5,71,33,105,32,133,72,6,2,21,63,98" hai2="26,108,126,94,11,88,117,92,45,35,30,3,107" hai3="4,19,89,1,50,39,23,20,93,124,42,48,84"/><V104/><F117/><W91/><G124/><T14/><D34/><U134/><E72/><V54/><F126/><W80/><G39/><T16/><D75/><U25/><E98/><V87/><F92/><W74/><G42/><T78/><D115/><U24/><E63/><V36/><F108/><W118/><G118/><T73/><D73/><U132/><E71/><V49/><REACH who="2" step="1"/><F36/><REACH who="2" ten="250,302,360,78" step="2"/><W37/><G37/><T0/><D116/><U46/><E105/><V31/><F31/><W64/><G64/><T125/><D125/><U90/><E46/><V123/><F123/><W127/><G127/><T114/><D114/><U47/><E47/><V135/><F135/><W112/><G112/><T55/><D128/><U119/><E119/><V113/><F113/><W13/><G74/><T57/><D0/><U110/><E110/><V65/><F65/><W111/><G111/><T62/><REACH who="0" step="1"/><D57/><REACH who="0" ten="240,302,360,78" step="2"/><U59/><E59/><V120/><F120/><W121/><G121/><T10/><AGARI ba="1,2" hai="10,14,16,55,56,62,78,79,81,82,85,86,97,99" machi="10" ten="20,16000,3" yaku="1,1,2,1,0,1,7,1,9,1,8,1,52,2,54,1,53,1" doraHai="83" doraHaiUra="52" who="0" fromWho="0" sc="240,183,302,-41,360,-81,78,-41" /><INIT seed="3,0,0,5,4,19" ten="423,261,279,37" oya="3" hai0="56,124,103,10,134,42,65,73,92,127,22,61,90" hai1="62,7,6,86,116,82,37,39,67,2,135,102,28" hai2="48,104,24,1,113,89,9,115,43,21,64,31,91" hai3="50,36,38,16,125,58,20,109,32,131,23,27,87"/><W93/><G32/><T81/><D103/><U94/><E135/><V60/><F104/><W108/><G131/><T78/><D134/><U77/><E116/><V52/><F43/><W106/><G106/><T47/><D10/><U13/><E2/><V117/><F117/><W46/><G125/><N who="0" m="48203" /><D22/><U45/><E45/><V112/><F9/><W63/><G23/><T26/><D26/><U69/><E28/><V88/><F1/><W110/><G93/><T121/><D121/><U72/><E13/><V34/><F34/><W99/><G99/><N who="0" m="57751" /><D47/><U107/><E107/><V97/><F97/><W12/><G87/><T122/><D122/><U75/><E102/><V25/><F25/><W41/><G27/><T55/><D42/><U123/><E123/><V15/><F15/><W80/><G80/><T118/><D118/><U98/><E98/><V128/><F128/><W130/><G130/><T51/><D51/><U30/><E30/><V85/><F48/><W57/><G57/><T71/><D55/><AGARI ba="0,0" hai="12,16,20,36,38,41,46,50,55,58,63,108,109,110" machi="55" ten="40,12000,1" yaku="14,1,10,1,52,1,54,1" doraHai="19" who="3" fromWho="0" sc="423,-120,261,0,279,0,37,120" /><INIT seed="3,1,0,5,2,131" ten="303,261,279,157" oya="3" hai0="70,62,68,73,128,120,76,50,115,99,55,21,86" hai1="133,77,40,67,14,38,53,88,27,34,5,83,111" hai2="54,130,126,108,35,100,12,125,47,20,2,11,23" hai3="116,118,7,81,75,41,98,134,4,59,122,26,80"/><W69/><G69/><T82/><D120/><U95/><E111/><V16/><F108/><W15/><G122/><T113/><D128/><U119/><E119/><V96/><F130/><W1/><G1/><T57/><D99/><U78/><E67/><V87/><F35/><W24/><G41/><T33/><D33/><U64/><E64/><V46/><F87/><W102/><G59/><T84/><D70/><U129/><E129/><V121/><F121/><W13/><G98/><T56/><D68/><U94/><E34/><V123/><F123/><W60/><G60/><T127/><D127/><N who="2" m="48650" /><F2/><W79/><G102/><T8/><D8/><N who="1" m="4367" /><E38/><V135/><F135/><W103/><G103/><T19/><D115/><U39/><E133/><V18/><F54/><W25/><G134/><T52/><D113/><U92/><E39/><V72/><F72/><W10/><REACH who="3" step="1"/><G81/><REACH who="3" ten="303,261,279,147" step="2"/><T37/><D37/><U97/><E40/><V66/><F47/><W43/><G43/><T51/><D62/><U45/><E83/><V0/><F46/><W65/><G65/><T110/><D110/><U114/><E114/><V6/><F66/><W91/><G91/><T112/><D112/><U44/><E44/><V29/><F100/><W90/><G90/><T9/><D57/><U31/><E45/><V48/><F96/><W36/><G36/><T93/><D56/><U61/><E53/><V63/><F63/><W124/><G124/><T49/><D55/><U106/><E61/><V3/><F48/><W107/><G107/><T109/><D82/><U74/><E106/><V58/><F58/><W30/><G30/><RYUUKYOKU ba="1,1" sc="303,-10,261,-10,279,-10,147,30" hai3="4,7,10,13,15,24,25,26,75,79,80,116,118" /><INIT seed="3,2,1,0,0,83" ten="293,251,269,177" oya="3" hai0="32,109,114,98,60,73,1,39,49,14,85,70,118" hai1="0,25,107,112,53,28,97,65,51,20,75,66,135" hai2="76,48,69,54,116,117,52,18,40,90,71,9,132" hai3="24,41,82,125,3,12,111,79,46,23,45,13,84"/><W68/><G3/><T113/><D85/><U2/><E112/><N who="0" m="43113" /><D49/><U110/><E75/><V120/><F76/><W130/><G68/><N who="2" m="26185" /><F90/><W26/><G130/><T96/><D14/><N who="3" m="5737" /><G125/><T102/><D39/><U27/><E110/><V33/><F18/><N who="3" m="12407" /><G111/><T121/><D109/><U21/><E135/><V62/><F33/><W124/><G124/><T104/><D32/><U105/><E51/><V134/><F9/><W50/><G46/><T11/><D73/><U127/><E53/><N who="2" m="20587" /><F120/><W19/><G26/><T94/><D121/><U89/><E127/><V44/><F62/><W122/><G122/><T106/><D1/><U86/><E0/><V61/><F61/><W133/><G133/><AGARI ba="2,1" hai="40,44,48,116,117,132,133,134" m="20587,26185" machi="133" ten="30,7700,0" yaku="20,1,34,2,54,1" doraHai="83" who="2" fromWho="3" sc="293,0,251,0,269,93,177,-83" owari="293,9.3,251,-14.9,362,46.2,94,-40.6" /></mjloggm>