<mjloggm ver="2.3"><GO type="225" lobby="0"/><UN n0="%E6%98%93%E5%88%A9%E8%96%A9%E4%BC%AF" n1="%E6%81%A5%E6%99%92%E3%81%97" n2="%E6%97%A5%E6%9B%9C%E6%97%A5%E3%82%88%E3%82%8A%E3%81%AE%E4%BD%BF%E8%80%85" n3="%E3%81%99%E3%81%84%E3%81%BE%E3%81%9B%E3%83%BC%E3%82%93" dan="17,16,17,18" rate="2175.93,2102.42,2225.59,2232.46" sx="F,M,M,M"/><TAIKYOKU oya="0"/><INIT seed="0,0,0,1,2,38" ten="250,250,250,250" oya="0" hai0="50,59,99,67,104,16,94,111,72,109,85,13,11" hai1="69,135,32,10,68,20,56,5,126,61,131,55,57" hai2="47,118,53,44,15,108,96,129,114,125,7,12,26" hai3="65,84,6,83,91,46,60,93,25,89,66,127,40"/><T124/><D72/><U70/><E32/><V35/><F114/><W115/><G115/><T0/><D0/><U49/><E126/><V123/><F123/><W113/><G113/><T48/><D104/><U37/><E131/><V27/><F35/><W112/><G112/><T79/><D124/><U45/><E135/><V95/><F108/><N who="0" m="41546" /><D79/><U51/><E20/><V106/><F106/><W100/><G127/><T33/><D85/><U1/><REACH who="1" step="1"/><E57/><REACH who="1" ten="250,240,250,250" step="2"/><V117/><F125/><W24/><G24/><T110/><D33/><U103/><E103/><V73/><F27/><W9/><G25/><T122/><D110/><U80/><E80/><V19/><F26/><W107/><G100/><N who="0" m="60535" /><D122/><U81/><E81/><V22/><F118/><W102/><G102/><T90/><D90/><U128/><E128/><V78/><F117/><W71/><G91/><T21/><D21/><U39/><E39/><V36/><F129/><W86/><G83/><T58/><D58/><U62/><E62/><AGARI ba="0,1" hai="11,13,16,48,50,59,62,67" m="60535,41546" machi="62" ten="30,5800,0" yaku="14,1,10,1,54,1" doraHai="38" who="0" fromWho="1" sc="250,68,240,-58,250,0,250,0" /><INIT seed="0,1,0,1,0,19" ten="318,182,250,250" oya="0" hai0="29,104,129,119,11,92,106,99,63,93,69,40,96" hai1="118,80,109,120,91,14,16,36,17,130,76,49,8" hai2="15,95,60,116,97,84,131,20,58,90,78,67,110" hai3="102,132,134,55,3,121,13,112,70,51,75,59,4"/><T50/><D119/><U83/><E118/><V98/><F116/><W37/><G112/><T94/><D129/><U24/><E120/><V22/><F131/><W82/><G121/><T44/><D11/><U21/><E36/><V72/><F110/><W12/><G70/><T123/><D123/><U115/><E109/><V85/><F72/><W28/><G37/><T125/><D125/><U0/><E130/><V52/><F67/><W100/><G28/><T5/><D5/><U65/><E115/><V45/><F45/><W126/><G3/><T33/><D33/><U41/><E65/><V101/><F15/><N who="3" m="5707" /><G4/><T35/><D63/><U103/><E103/><V31/><F31/><W81/><G126/><T79/><D79/><U39/><E39/><V7/><F7/><W122/><G122/><T74/><D74/><U54/><E0/><V66/><F66/><W47/><G47/><T111/><D69/><U124/><E124/><V105/><REACH who="2" step="1"/><F78/><REACH who="2" ten="318,182,240,250" step="2"/><W2/><G75/><T68/><D111/><U127/><E127/><V26/><F26/><W86/><G2/><T38/><D29/><U53/><E76/><V73/><F73/><W32/><G32/><T113/><D35/><U117/><E117/><V64/><F64/><W27/><G134/><T18/><D113/><U87/><E83/><V62/><F62/><W30/><G82/><T77/><D68/><U107/><E107/><V1/><F1/><W46/><G132/><T57/><D106/><U128/><E128/><V6/><F6/><W9/><G81/><T56/><D104/><U71/><E71/><V42/><F42/><RYUUKYOKU ba="1,1" sc="318,-15,182,15,240,15,250,-15" hai1="8,14,16,17,21,24,41,49,53,54,80,87,91" hai2="20,22,52,58,60,84,85,90,95,97,98,101,105" /><INIT seed="1,2,1,2,5,126" ten="303,197,255,235" oya="1" hai0="86,123,25,36,134,129,1,2,26,93,105,100,65" hai1="68,14,120,118,69,5,61,131,104,82,16,91,20" hai2="44,57,37,75,28,4,43,72,95,92,121,127,39" hai3="80,122,119,112,132,59,78,87,64,31,56,74,94"/><U79/><E118/><V101/><F121/><W70/><G122/><T124/><D105/><U111/><E120/><V22/><F39/><W135/><G112/><T51/><D36/><U66/><E104/><V85/><F4/><W11/><G119/><T32/><D123/><U83/><E111/><V10/><F10/><W54/><G31/><T81/><D65/><U52/><E79/><V107/><F107/><W102/><G11/><T27/><D32/><U76/><E69/><V33/><F33/><W96/><G74/><T0/><D134/><N who="3" m="51241" /><G54/><T6/><D51/><U88/><E131/><V38/><F75/><W117/><G117/><T108/><D129/><U30/><E5/><V130/><F72/><W84/><G84/><T97/><D108/><U45/><E30/><V13/><F85/><W41/><G41/><T103/><D124/><U40/><E40/><V114/><F43/><W106/><G106/><T99/><D6/><U50/><E83/><V98/><F28/><W55/><G55/><T128/><D128/><U58/><E68/><V125/><F130/><W19/><G19/><T12/><D97/><U71/><E71/><V46/><F114/><W109/><G109/><T49/><D99/><U60/><E60/><AGARI ba="2,1" hai="56,59,60,64,70,78,80,87,94,96,102" m="51241" machi="60" ten="30,1000,0" yaku="20,1" doraHai="126" who="3" fromWho="1" sc="303,0,197,-16,255,0,235,26" /><INIT seed="2,0,0,5,3,127" ten="303,181,255,261" oya="2" hai0="54,13,93,25,50,57,118,86,52,80,24,101,103" hai1="61,15,68,56,28,5,70,16,113,90,96,102,3" hai2="2,73,9,42,76,117,83,130,58,111,107,69,34" hai3="94,32,79,49,45,44,27,87,106,126,131,67,116"/><V20/><F117/><W85/><G116/><T66/><D118/><U125/><E113/><V100/><F34/><W10/><G106/><T104/><D104/><U18/><E125/><V23/><F69/><W74/><G126/><T29/><D66/><U119/><E119/><V78/><F78/><W48/><G67/><T47/><D13/><U40/><E28/><V92/><F107/><W6/><G74/><T53/><D93/><U84/><E40/><V17/><F42/><W81/><G131/><T35/><D25/><U43/><E43/><V65/><F130/><W135/><G135/><T105/><D53/><U39/><E39/><V114/><F114/><W64/><G64/><T123/><D123/><U133/><E133/><V12/><F111/><W88/><G45/><T110/><D105/><U31/><E31/><V30/><F2/><W0/><REACH who="3" step="1"/><G44/><REACH who="3" ten="303,181,255,251" step="2"/><T129/><D129/><U97/><E68/><V21/><F65/><W41/><G41/><T77/><D110/><U82/><E70/><V128/><F128/><W1/><G1/><T108/><D108/><U38/><E3/><V4/><F58/><W60/><G60/><AGARI ba="0,1" hai="24,29,35,47,50,52,54,57,60,77,80,86,101,103" machi="60" ten="30,2000,0" yaku="7,1,54,1" doraHai="127" who="0" fromWho="3" sc="303,30,181,0,255,0,251,-20" /><INIT seed="3,0,0,3,1,122" ten="333,181,255,231" oya="3" hai0="112,68,7,48,87,35,40,29,47,111,126,36,114" hai1="117,16,75,39,26,130,53,77,125,43,108,103,56" hai2="133,33,32,123,100,41,85,132,23,37,104,11,86" hai3="24,25,109,10,69,52,127,116,95,5,89,4,81"/><W55/><G116/><T121/><D111/><U105/><E117/><V49/><F37/><W30/><G69/><T60/><D121/><U12/><E125/><V72/><F72/><W73/><G127/><T1/><D87/><N who="2" m="33290" /><F23/><W3/><G109/><T115/><D126/><U76/><E108/><V71/><F71/><W119/><G119/><T101/><D101/><U131/><E39/><V54/><F41/><W106/><G106/><T14/><D14/><U102/><E43/><V63/><F63/><W46/><G5/><T19/><D19/><U38/><E26/><V94/><F104/><W98/><G46/><T83/><D83/><U27/><E27/><V78/><F78/><W96/><G96/><T59/><D68/><U18/><E38/><V62/><F62/><W21/><REACH who="3" step="1"/><G25/><REACH who="3" ten="333,181,255,221" step="2"/><N who="0" m="18863" /><D7/><U88/><E105/><V31/><F123/><W82/><G82/><T80/><D80/><U91/><E75/><V129/><F94/><W57/><G57/><T79/><D59/><U13/><E56/><V70/><F70/><W22/><G22/><T66/><D47/><U74/><E74/><V134/><F134/><W97/><G97/><T0/><D115/><U90/><E90/><V51/><F133/><W107/><G107/><T6/><D114/><U92/><E92/><V20/><F132/><W17/><G17/><T99/><D112/><U15/><E12/><V50/><F20/><W64/><G64/><T84/><D66/><U45/><E45/><V118/><F118/><W9/><G9/><T44/><D44/><U120/><E120/><V128/><F11/><W28/><G28/><RYUUKYOKU ba="0,1" sc="333,-15,181,15,255,-15,221,15" hai1="13,15,16,18,53,76,77,88,91,102,103,130,131" hai3="3,4,10,21,24,30,52,55,73,81,89,95,98" /><INIT seed="3,1,1,3,0,134" ten="318,196,240,236" oya="3" hai0="38,75,9,78,71,11,68,94,5,115,113,120,116" hai1="30,51,59,64,106,123,25,15,13,35,60,110,48" hai2="100,70,22,4,16,92,97,41,118,32,21,19,36" hai3="109,124,43,8,101,127,86,18,29,67,24,107,77"/><W17/><G109/><T90/><D116/><U10/><E123/><V55/><F32/><W112/><G112/><N who="0" m="43083" /><D38/><U39/><E110/><V73/><F73/><W42/><G67/><T135/><D135/><U54/><E106/><V104/><F70/><N who="0" m="26666" /><D5/><U37/><E51/><V79/><F79/><W111/><G111/><T122/><D78/><U63/><E63/><V28/><F4/><W56/><G56/><T20/><D20/><U91/><E91/><V23/><F28/><W31/><G101/><T45/><D45/><U2/><E2/><V129/><F118/><W102/><G102/><T117/><D75/><U74/><E74/><V103/><F36/><W82/><G107/><T3/><D117/><U72/><E72/><V126/><F41/><N who="3" m="15371" /><G29/><T88/><D90/><U128/><E128/><V57/><F129/><W12/><G12/><T84/><D3/><U58/><REACH who="1" step="1"/><E15/><REACH who="1" ten="318,186,240,236" step="2"/><V52/><F104/><W121/><G121/><AGARI ba="1,2" hai="9,11,84,88,94,120,121,122" m="26666,43083" machi="121" ten="40,2600,0" yaku="11,1,54,1" doraHai="134" who="0" fromWho="3" sc="318,49,186,0,240,0,236,-29" owari="367,46.7,186,-31.4,240,4.0,207,-19.3" /></mjloggm>