<mjloggm ver="2.3"><GO type="225" lobby="0"/><UN n0="%E5%91%A8%E6%9D%B1" n1="%E4%BF%BA%E3%81%A8%E5%A6%96%E5%A4%A2" n2="%E3%83%A9%E3%82%B9%E7%8E%87%EF%BC%93%E5%89%B2" n3="%E7%9A%AE%E3%80%85" dan="17,16,17,16" rate="2142.03,2097.92,2199.95,2128.51" sx="M,F,F,F"/><TAIKYOKU oya="0"/><INIT seed="0,0,0,0,4,36" ten="250,250,250,250" oya="0" hai0="89,124,12,50,16,101,134,32,98,18,121,26,115" hai1="100,53,78,41,62,67,125,74,97,34,68,114,49" hai2="110,43,42,59,65,1,117,130,131,54,79,7,64" hai3="70,128,22,118,44,2,9,72,8,73,28,108,107"/><T60/><D121/><U87/><E34/><V104/><F104/><W123/><G118/><T17/><D115/><U13/><E114/><V19/><F117/><W15/><G107/><T55/><D134/><U14/><E125/><V35/><F35/><W46/><G123/><T86/><D124/><U135/><E74/><V5/><F110/><W4/><G70/><T25/><D60/><U116/><E116/><V11/><F79/><W61/><G108/><T37/><D37/><U10/><E135/><V132/><F19/><W0/><G61/><T119/><D12/><U80/><E10/><V93/><F93/><W29/><G128/><N who="2" m="49193" /><F7/><W129/><G129/><T84/><D119/><U52/><E53/><V51/><F132/><W45/><G22/><T112/><D112/><U103/><E41/><AGARI ba="0,0" hai="1,5,11,41,42,43,51,54,59,64,65" m="49193" machi="41" ten="30,7700,0" yaku="19,1,52,3" doraHai="36" who="2" fromWho="1" sc="250,0,250,-77,250,77,250,0" /><INIT seed="1,0,0,2,5,83" ten="250,173,327,250" oya="1" hai0="50,77,125,115,62,124,12,121,64,117,87,35,54" hai1="126,52,30,88,129,37,39,100,122,45,93,103,26" hai2="67,28,65,131,18,133,107,56,8,96,27,17,61" hai3="32,41,106,84,80,104,44,128,120,19,31,1,110"/><U49/><E122/><V79/><F131/><W7/><G120/><T92/><D121/><U123/><E129/><V112/><F133/><W34/><G128/><T24/><D117/><U38/><E123/><V36/><F36/><W114/><G114/><T69/><D115/><U113/><E113/><V76/><F65/><W127/><G110/><T130/><D130/><U81/><E81/><V25/><F25/><W85/><G127/><T116/><D116/><U82/><E82/><V89/><F18/><W40/><G19/><T86/><D12/><U134/><E126/><N who="0" m="48745" /><D92/><U63/><E63/><V101/><F89/><W95/><G95/><T21/><D35/><U105/><E105/><V10/><F112/><W3/><G80/><T14/><D14/><U13/><E13/><V111/><F111/><W74/><G44/><N who="0" m="27975" /><D77/><U46/><E46/><V42/><F79/><W108/><G108/><T71/><D69/><U5/><E5/><V90/><F76/><W23/><G7/><T47/><D47/><U20/><REACH who="1" step="1"/><E134/><REACH who="1" ten="250,163,327,250" step="2"/><V94/><F107/><W53/><G74/><T97/><D97/><AGARI ba="0,1" hai="20,26,30,37,38,39,45,49,52,88,93,97,100,103" machi="97" ten="40,12000,1" yaku="1,1,2,1,54,2,53,0" doraHai="83" doraHaiUra="102" who="1" fromWho="0" sc="250,-120,163,130,327,0,250,0" /><INIT seed="1,1,0,3,2,129" ten="130,293,327,250" oya="1" hai0="100,106,7,107,23,40,41,114,61,111,6,85,53" hai1="31,119,44,81,97,98,16,133,3,24,70,19,71" hai2="63,15,47,83,104,132,103,86,35,65,73,101,42" hai3="117,26,17,125,130,49,120,38,91,11,54,45,126"/><U96/><E119/><V82/><F35/><W92/><G120/><T22/><D85/><U69/><E3/><V58/><F132/><W115/><G115/><T9/><D61/><U105/><E105/><V93/><F104/><W131/><G38/><T27/><D27/><U57/><E133/><V50/><F73/><W8/><G117/><T46/><D46/><U34/><E44/><V0/><F0/><W90/><G90/><T18/><D9/><N who="3" m="3657" /><G17/><T109/><D18/><U102/><E102/><N who="2" m="38923" /><F15/><W74/><G26/><T62/><D100/><U13/><E81/><N who="2" m="30731" /><F93/><W48/><G48/><T84/><D62/><U134/><E134/><V108/><F108/><W121/><G74/><T116/><D84/><AGARI ba="1,0" hai="42,47,50,58,63,65,84,86" m="30731,38923" machi="84" ten="30,1000,0" yaku="8,1" doraHai="129" who="2" fromWho="0" sc="130,-13,293,0,327,13,250,0" /><INIT seed="2,0,0,3,5,42" ten="117,293,340,250" oya="2" hai0="46,127,40,27,101,85,123,33,134,57,61,90,102" hai1="2,6,92,125,74,9,114,36,84,116,37,43,45" hai2="110,105,17,8,98,56,52,48,128,31,7,122,119" hai3="89,29,94,73,49,14,75,12,68,117,76,109,5"/><V118/><F122/><W41/><G117/><T64/><D127/><U96/><E116/><V69/><F69/><W0/><G68/><T44/><D134/><U66/><E114/><V16/><F128/><W106/><G106/><T59/><D123/><U54/><E74/><V25/><F119/><W26/><G109/><T104/><D104/><U60/><E125/><V47/><F118/><W115/><G115/><T129/><D129/><U124/><E124/><V22/><F110/><W131/><G131/><T88/><D33/><U53/><E84/><V121/><F121/><W21/><G0/><T50/><D27/><U4/><E4/><V23/><F23/><W19/><G5/><T100/><D59/><U39/><E39/><V65/><F98/><W55/><G41/><T1/><D1/><U132/><E36/><V38/><F105/><W126/><G76/><T91/><REACH who="0" step="1"/><D46/><REACH who="0" ten="107,293,340,250" step="2"/><U108/><E132/><V13/><F38/><W51/><G126/><T10/><D10/><U34/><E34/><V107/><F107/><W111/><G111/><T77/><D77/><U62/><E108/><V72/><F72/><W78/><G78/><T71/><D71/><U18/><E37/><V11/><F11/><W80/><G75/><T93/><AGARI ba="0,1" hai="40,44,50,57,61,64,85,88,90,91,93,100,101,102" machi="93" ten="30,8000,1" yaku="1,1,0,1,8,1,52,1,54,1,53,0" doraHai="42" doraHaiUra="24" who="0" fromWho="0" sc="107,90,293,-20,340,-40,250,-20" /><INIT seed="3,0,0,0,1,71" ten="197,273,300,230" oya="3" hai0="76,35,109,90,45,59,25,23,39,12,94,95,134" hai1="34,24,17,107,14,89,30,42,54,5,123,47,46" hai2="105,26,63,91,57,3,129,20,64,101,44,28,115" hai3="1,19,124,104,75,9,65,33,108,43,114,55,31"/><W62/><G114/><T122/><D109/><U27/><E123/><V60/><F115/><W83/><G104/><T10/><D134/><U51/><E107/><V110/><F110/><W4/><G108/><T29/><D122/><U70/><E70/><V135/><F3/><W125/><G55/><T13/><D76/><U131/><E131/><V2/><F2/><W68/><G43/><T118/><D118/><U56/><E5/><V16/><F129/><W93/><G93/><T73/><D73/><U53/><E27/><V117/><F105/><W79/><REACH who="3" step="1"/><G19/><REACH who="3" ten="197,273,300,220" step="2"/><T132/><D95/><U120/><E53/><V41/><F16/><W106/><G106/><T100/><D94/><U113/><E42/><V111/><F111/><W112/><G112/><T130/><D130/><U66/><E113/><V72/><F41/><W38/><G38/><T127/><D39/><U133/><E120/><V80/><F117/><W21/><G21/><T48/><D23/><U82/><E17/><V40/><F20/><W88/><G88/><T97/><D90/><U49/><E89/><V18/><F91/><W7/><G7/><T87/><D100/><U58/><E54/><V50/><F101/><W128/><G128/><T96/><D97/><U119/><E119/><V52/><F18/><W85/><G85/><T6/><D87/><U81/><E81/><V78/><F40/><W103/><G103/><T77/><D96/><U74/><E82/><V37/><F37/><W69/><G69/><T92/><D92/><U8/><E74/><V98/><F98/><W22/><G22/><T11/><D6/><RYUUKYOKU ba="0,1" sc="197,-10,273,-10,300,-10,220,30" hai3="1,4,9,31,33,62,65,68,75,79,83,124,125" /><INIT seed="3,1,1,1,0,72" ten="187,263,290,250" oya="3" hai0="96,129,127,108,90,84,103,64,111,75,54,88,10" hai1="120,99,107,100,128,28,26,38,94,87,15,70,30" hai2="46,93,23,132,6,78,2,53,17,11,14,40,79" hai3="43,31,69,24,45,41,104,123,82,134,113,83,37"/><W119/><G113/><T121/><D64/><U44/><E120/><V9/><F132/><W126/><G123/><T60/><D121/><U33/><E70/><V59/><F93/><W19/><G119/><T67/><D75/><U92/><E128/><V68/><F9/><W109/><G134/><T110/><D129/><U47/><E30/><V115/><F68/><W27/><G104/><N who="0" m="63591" /><D127/><U36/><E15/><V106/><F106/><W125/><G69/><N who="0" m="42215" /><D84/><U80/><E94/><V65/><F65/><W77/><G43/><T97/><D97/><U133/><E133/><V42/><F115/><W20/><G109/><N who="0" m="27907" /><T8/><DORA hai="85" /><D54/><U73/><E73/><V135/><F135/><W34/><REACH who="3" step="1"/><G83/><REACH who="3" ten="187,263,290,240" step="2"/><T112/><D112/><U57/><E107/><V55/><F42/><W5/><G5/><T16/><D8/><U12/><E80/><V130/><F130/><W18/><G18/><T35/><D35/><U98/><E33/><V1/><F40/><W7/><G7/><T131/><D131/><U89/><E28/><V95/><F6/><W66/><G66/><T62/><D62/><U22/><E92/><V74/><F95/><W50/><G50/><T4/><D16/><U0/><E36/><V52/><F11/><W114/><G114/><T71/><D71/><U86/><E38/><V91/><F17/><W32/><G32/><T39/><D39/><U117/><E117/><V51/><F51/><W56/><G56/><T25/><D25/><U81/><E57/><V29/><F59/><W124/><G124/><T63/><D63/><U102/><E26/><V3/><F29/><RYUUKYOKU ba="1,2" sc="187,15,263,-15,290,-15,240,15" hai0="4,10,88,90" hai3="19,20,24,27,31,34,37,41,45,77,82,125,126" /><INIT seed="3,2,2,2,5,131" ten="202,248,275,255" oya="3" hai0="94,71,124,110,0,58,117,77,26,135,123,10,121" hai1="98,80,82,43,134,47,22,112,38,15,100,50,88" hai2="73,18,12,70,44,32,3,16,49,120,126,119,95" hai3="103,86,74,89,107,108,96,28,65,68,114,62,105"/><W24/><G114/><T11/><D71/><U56/><E112/><V133/><F3/><W59/><G74/><T17/><D77/><U76/><E134/><V106/><F106/><W27/><G108/><T104/><D104/><U84/><E38/><V2/><F2/><W41/><G41/><T81/><D81/><U99/><E56/><V93/><F70/><W48/><G107/><T128/><D128/><U19/><REACH who="1" step="1"/><E100/><REACH who="1" ten="202,238,275,255" step="2"/><V102/><F102/><W6/><G59/><T35/><D58/><U29/><E29/><V87/><F133/><W130/><G130/><T122/><D135/><U63/><E63/><V54/><F120/><W53/><G28/><T90/><D123/><U39/><E39/><V7/><F49/><W72/><G62/><T97/><D122/><U118/><E118/><V37/><F37/><W33/><G68/><T25/><D117/><U21/><E21/><V109/><F119/><W52/><G103/><T4/><D121/><U125/><E125/><V92/><F126/><W67/><G33/><T61/><D124/><U45/><E45/><V127/><F44/><W31/><G31/><T13/><D61/><U9/><E9/><V75/><F32/><W51/><G67/><T132/><D132/><U34/><E34/><V36/><F127/><W20/><G65/><T66/><D66/><U40/><E40/><V113/><F36/><W55/><G20/><T83/><D35/><U91/><E91/><V8/><F113/><W23/><G89/><T129/><D129/><U46/><E46/><V60/><F60/><W101/><G23/><T30/><D90/><RYUUKYOKU ba="2,3" sc="202,-10,238,30,275,-10,255,-10" hai1="15,19,22,43,47,50,76,80,82,84,88,98,99" /><INIT seed="4,3,3,5,1,119" ten="192,268,265,245" oya="0" hai0="90,0,39,31,127,94,108,98,125,59,102,16,23" hai1="7,121,48,87,41,91,67,58,110,20,85,116,74" hai2="69,8,123,64,13,112,36,126,75,103,53,89,124" hai3="99,118,107,28,45,17,52,56,100,15,92,32,105"/><T49/><D39/><U22/><E116/><V109/><F123/><W113/><G118/><T43/><D0/><U2/><E121/><V80/><F112/><W95/><G113/><T30/><D108/><U132/><E74/><V83/><F36/><W19/><G45/><N who="0" m="25791" /><D102/><U79/><E110/><V104/><F64/><W68/><G68/><T97/><D97/><U27/><E132/><V115/><F69/><W101/><G19/><T4/><D4/><U66/><E20/><V25/><F25/><W44/><G44/><T73/><D59/><U130/><E130/><V78/><F103/><W57/><G57/><T3/><D3/><U122/><E7/><V18/><F104/><W9/><G101/><T76/><D76/><U72/><E72/><V10/><F115/><W14/><G107/><T84/><D98/><U88/><E79/><V134/><F109/><W46/><G46/><T60/><D60/><U29/><E2/><V70/><F70/><W106/><G106/><T96/><D96/><U50/><E41/><V33/><F33/><W35/><G35/><T38/><D73/><U133/><E133/><V21/><F134/><W81/><G105/><T5/><D5/><U117/><E122/><V131/><F131/><W77/><G100/><T6/><D6/><U11/><E117/><V114/><F114/><W93/><G99/><T63/><D38/><U120/><E120/><V42/><F42/><W26/><G56/><T12/><D63/><N who="1" m="38263" /><E67/><V129/><F129/><W37/><G37/><T34/><D34/><U51/><E11/><N who="2" m="4139" /><F53/><W54/><G15/><T47/><D47/><RYUUKYOKU ba="3,3" sc="192,0,268,0,265,0,245,0" hai0="12,16,23,30,31,84,90,94,125,127" hai1="22,27,29,48,50,51,85,87,88,91" hai2="13,18,21,75,78,80,83,89,124,126" hai3="9,14,17,26,28,32,52,54,77,81,92,93,95" /><INIT seed="4,4,3,0,5,73" ten="192,268,265,245" oya="0" hai0="44,53,124,119,21,91,81,2,15,7,39,70,103" hai1="67,74,88,87,31,6,97,84,32,13,69,107,99" hai2="50,46,56,37,93,76,66,101,3,4,10,23,110" hai3="98,102,16,86,29,106,112,92,8,43,71,94,82"/><T68/><D119/><U45/><E74/><V120/><F110/><W59/><G71/><T62/><D124/><U1/><E1/><V75/><F120/><W54/><G112/><T14/><D103/><U117/><E117/><V80/><F23/><W95/><G29/><T33/><D33/><U52/><E67/><V49/><F101/><W79/><G43/><T58/><D2/><U134/><E69/><V22/><F93/><W9/><REACH who="3" step="1"/><G16/><REACH who="3" ten="192,268,265,235" step="2"/><N who="0" m="10391" /><D70/><U135/><E31/><V127/><F127/><W63/><AGARI ba="4,4" hai="8,9,54,59,63,79,82,86,92,94,95,98,102,106" machi="63" ten="30,4000,0" yaku="1,1,0,1,52,1,53,0" doraHai="73" doraHaiUra="132" who="3" fromWho="3" sc="192,-24,268,-14,265,-14,235,92" owari="168,-33.2,254,5.4,251,-14.9,327,42.7" /></mjloggm>