<mjloggm ver="2.3"><GO type="225" lobby="0"/><UN n0="%E6%98%93%E5%88%A9%E8%96%A9%E4%BC%AF" n1="%E3%83%A9%E3%82%A4%E3%83%B3%E3%81%AE%E8%99%8E" n2="%E3%81%90%E3%81%A1%E3%82%84%E3%81%BE" n3="%E7%99%BD%E5%80%89%E5%AF%9B%E4%B9%8B" dan="17,16,16,16" rate="2141.48,2148.34,2124.02,2140.89" sx="F,M,M,M"/><TAIKYOKU oya="0"/><INIT seed="0,0,0,2,0,65" ten="250,250,250,250" oya="0" hai0="126,18,124,133,69,91,41,52,71,53,105,104,83" hai1="47,96,72,134,82,12,60,85,62,74,3,36,44" hai2="120,31,38,8,56,76,16,59,28,112,123,49,5" hai3="34,119,25,68,20,58,94,122,92,70,37,17,1"/><T84/><D133/><U42/><E3/><V67/><F38/><W39/><G119/><T78/><D41/><U125/><E134/><V131/><F112/><W102/><G1/><T110/><D110/><U15/><E125/><N who="0" m="48233" /><D18/><U77/><E96/><V115/><F115/><W100/><G34/><T66/><D66/><U63/><REACH who="1" step="1"/><E47/><REACH who="1" ten="250,240,250,250" step="2"/><V135/><F135/><W61/><G122/><T11/><D11/><U22/><E22/><V103/><F8/><W54/><G39/><T108/><D108/><U88/><E88/><V32/><F123/><W14/><G37/><T117/><D117/><U13/><AGARI ba="0,1" hai="12,13,15,36,42,44,60,62,63,72,74,77,82,85" machi="13" ten="30,2000,0" yaku="1,1,0,1,53,0" doraHai="65" doraHaiUra="7" who="1" fromWho="1" sc="250,-10,240,30,250,-5,250,-5" /><INIT seed="1,0,0,5,1,103" ten="240,270,245,245" oya="1" hai0="13,113,21,83,95,76,108,88,122,118,20,87,112" hai1="17,110,7,10,30,26,33,37,80,62,52,125,69" hai2="70,107,53,14,58,23,128,44,71,115,25,54,129" hai3="114,5,104,130,98,0,61,100,72,35,93,68,49"/><U38/><E125/><V3/><F3/><W65/><G114/><T4/><D118/><U50/><E17/><V109/><F109/><W121/><G121/><T96/><D108/><U36/><E110/><V28/><F115/><W90/><G35/><T126/><D126/><U39/><N who="1" m="9216" /><DORA hai="63" /><U92/><E80/><V60/><F107/><W59/><G72/><T57/><D122/><U84/><E84/><V134/><F134/><W45/><G130/><N who="2" m="50281" /><F14/><W102/><G68/><N who="2" m="26153" /><F44/><W11/><REACH who="3" step="1"/><G104/><REACH who="3" ten="240,270,245,235" step="2"/><T106/><D106/><U42/><E69/><V89/><F89/><W27/><G27/><T74/><D113/><U75/><E75/><V124/><F124/><W123/><G123/><T94/><D112/><U40/><E26/><V85/><F85/><W34/><G34/><T73/><D73/><U67/><E33/><V81/><F81/><W56/><G56/><T120/><D120/><U47/><E92/><V78/><F78/><W12/><G12/><T51/><D74/><U2/><E30/><V97/><F97/><W99/><G99/><T46/><D57/><U131/><E131/><V8/><F8/><W29/><G29/><T24/><D95/><U105/><E105/><V82/><F82/><W43/><AGARI ba="0,1" hai="0,5,11,43,45,49,59,61,65,90,93,98,100,102" machi="43" ten="20,5200,0" yaku="1,1,0,1,7,1,52,1,53,0" doraHai="103,63" doraHaiUra="116,132" who="3" fromWho="3" sc="240,-13,270,-26,245,-13,235,62" /><INIT seed="2,0,0,2,5,49" ten="227,244,232,297" oya="2" hai0="88,39,18,8,124,33,41,31,37,94,126,54,62" hai1="47,116,106,120,72,12,102,96,115,7,17,56,113" hai2="71,117,103,5,86,125,29,78,107,84,83,93,105" hai3="50,23,110,97,60,63,28,6,92,9,108,59,52"/><V132/><F117/><W14/><G28/><T24/><D8/><U76/><E116/><V91/><F71/><W48/><G23/><T55/><D18/><U134/><E120/><V128/><F5/><W101/><REACH who="3" step="1"/><G50/><REACH who="3" ten="227,244,232,287" step="2"/><T99/><D62/><AGARI ba="0,1" hai="6,9,14,48,52,59,60,62,63,92,97,101,108,110" machi="62" ten="40,8000,1" yaku="1,1,2,1,52,1,54,1,53,0" doraHai="49" doraHaiUra="109" who="3" fromWho="0" sc="227,-80,244,0,232,0,287,90" /><INIT seed="3,0,0,5,5,42" ten="147,244,232,377" oya="3" hai0="30,129,50,88,28,61,10,121,80,130,59,19,98" hai1="81,1,24,94,115,90,122,38,0,106,5,101,52" hai2="84,116,58,117,47,55,9,86,33,56,110,134,120" hai3="3,111,91,41,4,107,7,25,13,126,49,105,73"/><W123/><G73/><T118/><D118/><U133/><E122/><V2/><F33/><W74/><G74/><T27/><D121/><U104/><E38/><V12/><F120/><W72/><G72/><T63/><D130/><U79/><E115/><V93/><F2/><W22/><G3/><T112/><D112/><U85/><E5/><V92/><F110/><W35/><G35/><T11/><D129/><U34/><E133/><V119/><F134/><W131/><G7/><T128/><D128/><U71/><E71/><V26/><F26/><W96/><G111/><T135/><D135/><U97/><E104/><V83/><F47/><W132/><G126/><T21/><D61/><U65/><E65/><V100/><F84/><W23/><G25/><T64/><D50/><U60/><E52/><V44/><F44/><W102/><G41/><T75/><D75/><N who="1" m="43263" /><E60/><V113/><F113/><W103/><G49/><T46/><D46/><U127/><E127/><V62/><F100/><W29/><G103/><T69/><D69/><U78/><E78/><V76/><REACH who="2" step="1"/><F58/><REACH who="2" ten="147,244,222,377" step="2"/><W20/><G102/><T125/><D125/><U51/><E51/><V67/><F67/><W89/><G132/><T54/><D64/><U57/><E57/><V40/><F40/><W45/><G131/><T87/><REACH who="0" step="1"/><D98/><REACH who="0" ten="137,244,222,377" step="2"/><U43/><E43/><V36/><F36/><W77/><G96/><T8/><AGARI ba="0,2" hai="8,10,11,19,21,27,28,30,54,59,63,80,87,88" machi="8" ten="30,8000,1" yaku="1,1,2,1,0,1,8,1,54,1,53,0" doraHai="42" doraHaiUra="95" who="0" fromWho="0" sc="137,100,244,-20,222,-20,377,-40" owari="237,3.7,224,-17.6,202,-29.8,337,43.7" /></mjloggm>