<mjloggm ver="2.3"><GO type="225" lobby="0"/><UN n0="%E3%83%96%E3%83%83%E3%83%91%E3%82%AA%E3%83%96%E3%83%81%E3%82%AD%E3%83%B3" n1="%E3%81%8B%E3%82%8F%E3%81%A1%E3%82%83%E3%82%93%35%38" n2="%E6%B4%BE%E9%81%A3%E3%81%AE%E3%82%B8%E3%83%A3%E3%83%83%E3%82%AF" n3="%E3%81%BF%E3%81%BF%E3%81%9A" dan="16,16,17,17" rate="2156.57,2144.34,2158.49,2257.47" sx="M,M,M,M"/><TAIKYOKU oya="0"/><INIT seed="0,0,0,1,5,109" ten="250,250,250,250" oya="0" hai0="33,59,64,93,76,77,49,2,58,88,115,9,61" hai1="18,78,34,128,117,26,100,105,54,103,114,135,21" hai2="116,80,129,20,81,42,127,107,25,91,92,3,113" hai3="62,101,46,37,89,44,10,99,72,5,86,66,121"/><T119/><D119/><U75/><E117/><V69/><F116/><W82/><G121/><T13/><D33/><U8/><E105/><V131/><F69/><W48/><G72/><T84/><D2/><U56/><E34/><V52/><F3/><W124/><G124/><T45/><D59/><U16/><E135/><V47/><F107/><W35/><G35/><T68/><D68/><U126/><E126/><V120/><F120/><W31/><G31/><T94/><D94/><U38/><E38/><V15/><F15/><W1/><G48/><T102/><D102/><U14/><E128/><N who="2" m="49227" /><F127/><W71/><REACH who="3" step="1"/><G37/><REACH who="3" ten="250,250,250,240" step="2"/><T11/><D115/><U22/><E114/><V110/><F113/><W0/><G0/><T65/><D65/><U4/><E75/><V57/><F110/><W106/><AGARI ba="0,1" hai="1,5,10,44,46,62,66,71,82,86,89,99,101,106" machi="106" ten="20,2700,0" yaku="1,1,0,1,7,1,53,0" doraHai="109" doraHaiUra="132" who="3" fromWho="3" sc="250,-13,250,-7,250,-7,240,37" /><INIT seed="1,0,0,2,3,132" ten="237,243,243,277" oya="1" hai0="115,126,87,82,26,47,94,124,98,92,48,30,63" hai1="128,18,97,127,37,117,101,55,134,103,93,80,0" hai2="28,10,95,50,31,83,78,35,86,89,76,112,118" hai3="96,116,46,107,69,52,129,106,22,60,123,109,42"/><U5/><E117/><V14/><F118/><W68/><G116/><T119/><D115/><U99/><E37/><V64/><F112/><W6/><G123/><T114/><D63/><U61/><E134/><V121/><F121/><W105/><G109/><T111/><D111/><U125/><E128/><V66/><F50/><W90/><G129/><T2/><D2/><U122/><E122/><V130/><F130/><W100/><G6/><T72/><D72/><U71/><E80/><V54/><F54/><W4/><G4/><T24/><D114/><U51/><E18/><V13/><F35/><W74/><G74/><T120/><D120/><U33/><E33/><V3/><F3/><W41/><G90/><T32/><D26/><U8/><E61/><V38/><F38/><W88/><G88/><N who="0" m="51319" /><D98/><U12/><E71/><V16/><F14/><W43/><G22/><T25/><D25/><U85/><E85/><N who="2" m="48375" /><F76/><W49/><REACH who="3" step="1"/><G60/><REACH who="3" ten="237,243,243,267" step="2"/><T36/><D119/><U67/><E0/><V108/><F108/><W65/><G65/><AGARI ba="0,1" hai="10,13,16,28,31,64,65,66,86,89,95" m="48375" machi="65" ten="30,2000,0" yaku="8,1,54,1" doraHai="132" who="2" fromWho="3" sc="237,0,243,0,243,30,267,-20" /><INIT seed="2,0,0,4,0,42" ten="237,243,273,247" oya="2" hai0="38,83,6,36,84,21,93,127,27,23,104,53,20" hai1="37,134,94,81,22,59,64,73,98,60,128,79,28" hai2="119,122,111,12,110,71,52,30,92,43,106,133,41" hai3="97,66,54,85,77,123,107,31,1,56,87,90,68"/><V74/><F106/><W76/><G123/><T132/><D104/><U129/><E37/><V124/><F122/><W65/><G1/><T46/><D127/><U39/><E39/><V9/><F71/><W17/><G31/><T113/><D113/><U15/><E134/><V114/><F74/><W0/><G0/><T121/><D121/><U29/><E15/><V3/><F3/><W82/><G68/><T78/><D132/><U80/><E80/><V75/><F75/><W118/><G118/><T11/><D38/><U101/><REACH who="1" step="1"/><E29/><REACH who="1" ten="237,233,273,247" step="2"/><V4/><F30/><W61/><G107/><T32/><D36/><U2/><E2/><V50/><F133/><W44/><G77/><T117/><D83/><U89/><E89/><V120/><F120/><W99/><G76/><T115/><D78/><U130/><E130/><V24/><F114/><W108/><G108/><N who="2" m="41513" /><F119/><W57/><G82/><T35/><D115/><U40/><E40/><V14/><F14/><W126/><G126/><T96/><D117/><U49/><E49/><V95/><F124/><W105/><G90/><T45/><D6/><U13/><E13/><V16/><F41/><W109/><G109/><T116/><D116/><U51/><E51/><V10/><F43/><W26/><G105/><T19/><D19/><U102/><E102/><V72/><F9/><W67/><G17/><T48/><D11/><U34/><E34/><V7/><F4/><W88/><G88/><N who="0" m="55335" /><D35/><U112/><E112/><V103/><F103/><W70/><G26/><AGARI ba="0,1" hai="22,26,28,59,60,64,73,79,81,94,98,101,128,129" machi="26" ten="40,8000,1" yaku="1,1,25,2,53,1" doraHai="42" doraHaiUra="25" who="1" fromWho="3" sc="237,0,233,90,273,0,247,-80" /><INIT seed="3,0,0,3,4,32" ten="237,323,273,167" oya="3" hai0="56,78,45,96,74,5,131,57,82,92,97,65,22" hai1="112,35,42,80,39,88,53,108,67,98,126,106,47" hai2="54,13,102,75,118,51,14,12,36,121,91,48,134" hai3="29,72,8,20,43,30,124,33,41,115,90,9,123"/><W81/><G115/><T28/><D131/><U68/><E35/><V27/><F36/><W103/><G123/><T109/><D109/><U86/><E112/><V71/><F71/><W122/><G122/><T132/><D132/><U127/><E108/><V23/><F75/><W63/><G124/><N who="1" m="47658" /><E53/><V3/><F134/><W60/><G33/><T59/><D5/><U62/><E98/><V10/><F102/><W85/><G103/><T129/><D129/><U37/><E37/><V135/><F118/><W4/><G72/><T117/><D92/><U15/><E15/><V111/><F111/><W114/><G114/><T44/><D57/><U34/><E34/><V26/><F26/><W38/><G38/><T6/><D28/><N who="3" m="10857" /><G20/><T93/><D6/><U110/><E110/><V17/><F135/><W101/><G101/><T73/><D78/><U52/><E52/><V16/><F121/><W55/><G55/><T11/><D22/><U1/><E1/><V100/><F100/><W116/><G116/><T104/><D104/><AGARI ba="0,0" hai="39,42,47,62,67,68,80,86,88,104,106" m="47658" machi="104" ten="30,2000,0" yaku="18,1,54,1" doraHai="32" who="1" fromWho="0" sc="237,-20,323,20,273,0,167,0" owari="217,-18.3,343,44.3,273,7.3,167,-33.3" /></mjloggm>