<mjloggm ver="2.3"><GO type="225" lobby="0"/><UN n0="%E3%81%94%E3%81%BE%E6%B2%B9%E9%A3%B2%E3%81%BF%E5%A4%AA%E9%83%8E" n1="%E9%A6%AC%E5%BC%95%E7%81%AB%33" n2="%E3%83%96%E3%83%83%E3%83%91%E3%82%AA%E3%83%96%E3%83%81%E3%82%AD%E3%83%B3" n3="%E6%98%93%E5%88%A9%E8%96%A9%E4%BC%AF" dan="16,16,16,17" rate="2091.59,2048.31,2127.56,2127.41" sx="M,M,M,F"/><TAIKYOKU oya="0"/><INIT seed="0,0,0,5,4,60" ten="250,250,250,250" oya="0" hai0="97,95,76,56,118,44,135,17,22,94,6,52,117" hai1="47,43,41,79,31,16,83,74,50,32,65,119,134" hai2="125,34,27,103,121,85,70,11,33,109,67,90,18" hai3="124,99,114,87,45,122,5,36,49,69,48,86,4"/><T81/><D135/><U133/><E119/><V15/><F121/><W75/><G114/><T0/><D44/><U113/><E113/><V78/><F109/><W108/><G75/><T123/><D123/><U100/><E100/><V3/><F125/><W29/><G108/><T23/><D23/><U51/><E16/><V131/><F131/><W7/><G36/><T71/><D71/><U57/><E41/><V2/><F103/><W66/><G124/><T9/><D117/><U120/><E120/><V111/><F90/><W53/><G29/><T38/><D38/><U68/><E68/><V21/><F85/><W42/><G122/><T25/><D97/><U98/><E98/><V73/><F67/><W104/><G104/><T105/><D105/><U77/><E79/><V101/><F78/><W127/><G127/><T39/><D39/><U26/><REACH who="1" step="1"/><E51/><REACH who="1" ten="250,240,250,250" step="2"/><V8/><F101/><W1/><G99/><T58/><D118/><U84/><E84/><V82/><F70/><W37/><G49/><T35/><D58/><U88/><E88/><V110/><F73/><W107/><G107/><T115/><D115/><U91/><E91/><V89/><F89/><W10/><G87/><N who="0" m="48551" /><D35/><N who="2" m="13322" /><F82/><W93/><G86/><T106/><D106/><U54/><E54/><V96/><F96/><W132/><G93/><T12/><D95/><U116/><E116/><V40/><F40/><W112/><G112/><T46/><D94/><U129/><E129/><V13/><F111/><W72/><G72/><T19/><D52/><U59/><E59/><V80/><F110/><W20/><G53/><T102/><D56/><RYUUKYOKU ba="0,1" sc="250,-10,240,30,250,-10,250,-10" hai1="26,31,32,43,47,50,57,65,74,77,83,133,134" /><INIT seed="1,1,1,3,5,13" ten="240,270,240,240" oya="1" hai0="69,129,84,122,77,79,68,109,16,29,70,99,103" hai1="87,37,18,24,2,104,111,38,102,36,19,44,107" hai2="17,41,52,97,80,121,66,92,23,34,72,21,3" hai3="131,115,75,54,119,108,43,53,113,128,78,89,110"/><U59/><E2/><V83/><F121/><W64/><G78/><T90/><D109/><N who="3" m="42089" /><G75/><T7/><D7/><U0/><E0/><V65/><F34/><W126/><G89/><T6/><D6/><U91/><E111/><V61/><F3/><W39/><G126/><T12/><D29/><U42/><E59/><N who="2" m="35047" /><F23/><W15/><G119/><T63/><D63/><U127/><E127/><V56/><F72/><W86/><G86/><T130/><D122/><U106/><E102/><N who="2" m="60711" /><F41/><W95/><G95/><N who="0" m="58879" /><D90/><U81/><REACH who="1" step="1"/><E24/><REACH who="1" ten="240,260,240,240" step="2"/><N who="2" m="14383" /><F56/><W118/><G118/><T74/><D74/><U26/><E26/><V124/><F124/><W93/><G115/><T25/><D25/><U125/><E125/><V101/><F101/><W135/><G113/><T50/><D130/><U58/><E58/><V120/><F120/><W32/><G131/><T14/><D129/><U48/><AGARI ba="1,2" hai="18,19,36,37,38,42,44,48,81,87,91,104,106,107" machi="48" ten="40,12000,1" yaku="1,1,0,1,52,2,53,0" doraHai="13" doraHaiUra="105" who="1" fromWho="1" sc="240,-41,260,143,240,-41,240,-41" /><INIT seed="1,2,0,3,0,100" ten="199,403,199,199" oya="1" hai0="21,97,59,108,82,72,84,25,117,45,106,36,131" hai1="2,18,78,0,122,85,26,15,6,69,71,70,9" hai2="75,52,16,3,8,101,98,125,39,23,62,90,17" hai3="88,11,12,5,67,68,76,43,99,109,55,127,31"/><U49/><E122/><V54/><F39/><W96/><G109/><T93/><D117/><U47/><E26/><V35/><F35/><W14/><G127/><T32/><D108/><U24/><E24/><V74/><F125/><W120/><G120/><T1/><D32/><U114/><E18/><V28/><F28/><W103/><G76/><T50/><D1/><U94/><E94/><V7/><F90/><W57/><G43/><T64/><D72/><U126/><E114/><V89/><F89/><W86/><G31/><T37/><D131/><U92/><E92/><V10/><F10/><W77/><G77/><T53/><D93/><U134/><E134/><V66/><F17/><W102/><G67/><T129/><D129/><U20/><E20/><V27/><F75/><W104/><G68/><T58/><D84/><U40/><REACH who="1" step="1"/><E126/><REACH who="1" ten="199,393,199,199" step="2"/><V123/><F123/><W73/><G102/><T22/><D25/><U33/><E33/><V56/><REACH who="2" step="1"/><F74/><REACH who="2" ten="199,393,189,199" step="2"/><W79/><G73/><T105/><D22/><U4/><E4/><V81/><F81/><AGARI ba="2,2" hai="0,2,6,9,15,40,47,49,69,70,71,78,81,85" machi="81" ten="40,7700,0" yaku="1,1,25,2,53,0" doraHai="100" doraHaiUra="87" who="1" fromWho="2" sc="199,0,393,103,189,-83,199,0" /><INIT seed="1,3,0,5,5,39" ten="199,496,106,199" oya="1" hai0="66,62,99,20,107,95,78,41,134,69,115,94,119" hai1="9,82,43,132,101,116,76,97,22,28,48,46,102" hai2="87,122,19,56,88,91,59,60,35,29,38,96,33" hai3="77,103,6,110,23,36,121,27,85,45,133,21,117"/><U42/><E116/><V135/><F122/><W89/><G121/><T14/><D115/><U17/><E132/><V51/><F135/><W10/><G133/><T127/><D119/><U11/><E28/><V5/><F38/><W15/><G110/><T55/><D55/><U54/><E11/><V120/><F120/><W123/><G123/><T113/><D113/><U18/><E9/><V80/><F5/><W98/><G77/><T71/><D71/><U63/><E63/><V25/><F19/><W130/><G130/><T31/><D127/><U12/><E18/><V81/><F35/><W75/><G75/><T109/><D109/><U92/><REACH who="1" step="1"/><E101/><REACH who="1" ten="199,486,106,199" step="2"/><V47/><F60/><W84/><G103/><T106/><D31/><U74/><AGARI ba="3,1" hai="12,17,22,42,43,46,48,54,74,76,82,92,97,102" machi="74" ten="20,24000,3" yaku="1,1,2,1,0,1,7,1,52,2,53,2" doraHai="39" doraHaiUra="37" who="1" fromWho="1" sc="199,-83,486,259,106,-83,199,-83" /><INIT seed="1,4,0,1,4,28" ten="116,745,23,116" oya="1" hai0="10,22,104,98,55,112,96,75,77,105,108,52,100" hai1="57,68,31,24,85,14,117,15,11,34,56,7,94" hai2="48,87,58,1,99,8,130,83,3,32,54,120,60" hai3="37,84,125,111,95,69,64,38,114,35,6,118,9"/><U67/><E117/><V71/><F120/><W127/><G114/><T97/><D112/><U82/><E68/><V89/><F130/><W124/><G111/><T106/><D108/><U27/><E67/><V88/><F8/><W63/><G118/><T116/><D116/><U49/><E94/><V113/><F113/><W20/><G20/><T81/><D22/><U101/><E101/><V123/><F123/><W79/><G35/><T103/><D10/><U107/><E107/><V132/><F132/><W122/><G122/><T78/><D55/><U109/><E109/><V0/><F32/><W41/><G41/><T50/><REACH who="0" step="1"/><D78/><REACH who="0" ten="106,745,23,116" step="2"/><U45/><E15/><V33/><F33/><W26/><G79/><T23/><D23/><U70/><E24/><V44/><F71/><W17/><G26/><T86/><D86/><U47/><E70/><V126/><F126/><W5/><G84/><T135/><D135/><U61/><E85/><V133/><F133/><W121/><G124/><T53/><D53/><U43/><E27/><V93/><REACH who="2" step="1"/><F1/><REACH who="2" ten="106,745,13,116" step="2"/><W36/><G121/><T25/><D25/><U46/><E11/><V102/><F102/><W115/><G127/><T80/><D80/><U72/><E82/><V119/><F119/><W131/><G125/><T73/><D73/><U65/><E72/><V91/><F91/><W129/><G115/><T128/><D128/><U2/><E2/><V13/><F13/><N who="3" m="7343" /><G131/><T21/><D21/><U29/><E14/><V59/><F59/><AGARI ba="4,2" hai="50,52,59,75,77,81,96,97,98,100,103,104,105,106" machi="59" ten="50,3200,0" yaku="1,1,54,1,53,0" doraHai="28" doraHaiUra="4" who="0" fromWho="2" sc="106,64,745,0,13,-44,116,0" owari="170,-3.0,745,84.5,-31,-53.1,116,-28.4" /></mjloggm>