<mjloggm ver="2.3"><GO type="225" lobby="0"/><UN n0="%E9%A6%AC%E5%BC%95%E7%81%AB%33" n1="%72%69%6F%75%63%68%61%6E" n2="%E3%83%96%E3%83%83%E3%83%91%E3%82%AA%E3%83%96%E3%83%81%E3%82%AD%E3%83%B3" n3="%E6%98%BC%E4%B8%8B%E3%81%8C%E3%82%8A%E3%81%AE%E5%9B%A3%E5%9C%B0%E5%A6%BB" dan="16,16,16,16" rate="2111.76,2093.14,2186.60,2146.83" sx="M,M,M,F"/><TAIKYOKU oya="0"/><INIT seed="0,0,0,0,3,42" ten="250,250,250,250" oya="0" hai0="128,77,92,65,8,125,35,115,113,24,73,135,20" hai1="114,90,122,80,37,101,1,118,54,23,40,41,93" hai2="21,45,117,119,27,52,34,100,131,19,127,51,63" hai3="81,33,36,121,18,110,111,98,13,76,14,64,62"/><T75/><D35/><U85/><E118/><V61/><F131/><W55/><G121/><T43/><D128/><U68/><E122/><V86/><F127/><W9/><G33/><T30/><D125/><U49/><E114/><V71/><F100/><W59/><G36/><T4/><D135/><U67/><E1/><V132/><F132/><W120/><G120/><T130/><D130/><U112/><E112/><V94/><F34/><W87/><G98/><T99/><D73/><U22/><E37/><V88/><REACH who="2" step="1"/><F71/><REACH who="2" ten="250,250,240,250" step="2"/><W105/><G105/><T58/><D115/><U91/><E101/><V38/><F38/><W48/><REACH who="3" step="1"/><G13/><REACH who="3" ten="250,250,240,240" step="2"/><T6/><D113/><U97/><E68/><AGARI ba="0,2" hai="9,14,18,48,55,59,62,64,68,76,81,87,110,111" machi="68" ten="40,2600,0" yaku="1,1,2,1,53,0" doraHai="42" doraHaiUra="84" who="3" fromWho="1" sc="250,0,250,-26,240,0,240,46" /><INIT seed="1,0,0,2,1,82" ten="250,224,240,286" oya="1" hai0="64,92,105,7,62,10,43,111,44,107,0,95,96" hai1="2,70,31,126,114,54,79,73,29,135,115,42,76" hai2="120,1,97,22,123,45,89,50,4,121,67,57,118" hai3="37,106,27,110,56,93,66,60,30,14,109,47,8"/><U48/><E2/><V11/><F118/><W32/><G106/><T86/><D111/><U77/><E73/><V83/><F22/><W38/><G93/><T61/><D95/><U41/><E70/><V72/><F97/><W23/><G32/><T39/><D61/><U99/><E126/><V13/><F1/><W75/><G75/><T78/><D78/><U15/><E135/><V59/><F67/><W28/><G28/><N who="1" m="10826" /><E115/><V90/><F90/><W88/><G88/><T84/><D107/><U52/><E114/><V69/><F69/><W133/><G133/><T63/><D63/><U87/><E99/><V71/><F71/><W25/><G25/><T81/><D81/><N who="1" m="47527" /><E54/><V108/><F108/><W40/><REACH who="3" step="1"/><G37/><REACH who="3" ten="250,224,240,276" step="2"/><T19/><D105/><U34/><E34/><V103/><F72/><W127/><G127/><T18/><D18/><AGARI ba="0,1" hai="8,14,18,23,27,30,38,40,47,56,60,66,109,110" machi="18" ten="40,1300,0" yaku="1,1,53,0" doraHai="82" doraHaiUra="128" who="3" fromWho="0" sc="250,-13,224,0,240,0,276,23" /><INIT seed="2,0,0,5,0,32" ten="237,224,240,299" oya="2" hai0="107,45,91,71,61,14,122,22,26,2,96,23,75" hai1="18,21,28,41,101,59,44,38,103,55,84,62,94" hai2="67,80,86,123,13,35,56,109,1,97,82,74,108" hai3="4,95,120,98,105,17,87,19,15,92,68,51,24"/><V89/><F35/><W106/><G120/><T42/><D122/><U5/><E28/><V6/><F123/><W0/><G68/><T102/><D75/><U100/><E5/><V20/><F97/><W119/><G119/><T129/><D129/><U110/><E110/><N who="2" m="42603" /><F67/><W111/><G111/><T29/><D91/><U90/><REACH who="1" step="1"/><E101/><REACH who="1" ten="237,214,240,299" step="2"/><V34/><F34/><W133/><G4/><T10/><D29/><U50/><E50/><V3/><F56/><W39/><G51/><T116/><D102/><U128/><E128/><V31/><F6/><W72/><G39/><T76/><D71/><U7/><E7/><V124/><F124/><W43/><G17/><T83/><D116/><U117/><E117/><V60/><F60/><W57/><G19/><T127/><D61/><U115/><E115/><V54/><F31/><W78/><G133/><T65/><D127/><U58/><E58/><V46/><F46/><W77/><G57/><T121/><D45/><U132/><E132/><V16/><F54/><W25/><G43/><T99/><D42/><U126/><E126/><V104/><F104/><W47/><G47/><T30/><D107/><U36/><E36/><V88/><F89/><W27/><G106/><T64/><D30/><U48/><E48/><V93/><F93/><W37/><G105/><T33/><D33/><U113/><E113/><V131/><F131/><W134/><G37/><T11/><D121/><U85/><E85/><V49/><F49/><W114/><G87/><T9/><D99/><U63/><E63/><V66/><F66/><W12/><G134/><T73/><D96/><RYUUKYOKU ba="0,1" sc="237,-15,214,15,240,15,299,-15" hai1="18,21,38,41,44,55,59,62,84,90,94,100,103" hai2="1,3,13,16,20,74,80,82,86,88" /><INIT seed="2,1,1,0,0,0" ten="222,229,255,284" oya="2" hai0="119,128,87,109,93,11,34,33,92,97,14,120,115" hai1="105,28,36,40,134,53,3,75,30,133,112,2,26" hai2="21,19,88,121,91,108,101,12,54,135,131,46,82" hai3="95,118,103,63,42,7,111,110,96,13,31,127,83"/><V49/><F121/><W80/><G118/><T4/><D120/><U74/><E112/><V78/><F131/><W9/><G127/><T18/><D115/><U17/><E105/><V107/><F135/><N who="1" m="51721" /><E17/><V39/><F39/><W132/><G132/><T35/><D128/><U51/><E40/><V22/><F108/><N who="3" m="41515" /><G42/><T124/><D109/><U73/><E36/><V114/><F114/><W45/><G45/><T64/><D124/><U59/><E30/><V106/><F22/><AGARI ba="1,1" hai="2,3,22,26,28,51,53,59,73,74,75" m="51721" machi="22" ten="40,1300,0" yaku="20,1" doraHai="0" who="1" fromWho="2" sc="222,0,229,26,255,-16,284,0" /><INIT seed="3,0,0,0,5,118" ten="222,255,239,284" oya="3" hai0="112,71,86,91,51,52,134,13,29,23,130,135,76" hai1="133,20,33,32,117,120,82,6,87,22,4,108,74" hai2="103,14,107,9,69,83,92,55,43,65,18,5,8" hai3="70,129,50,24,72,59,115,21,64,26,100,79,25"/><W46/><G115/><T97/><D130/><U15/><E120/><V89/><F43/><W131/><G70/><T99/><D71/><U61/><E74/><V109/><F109/><W63/><G100/><T41/><D41/><U124/><E61/><V121/><F69/><W42/><G21/><N who="1" m="8298" /><E87/><N who="2" m="50431" /><F107/><W3/><G3/><T125/><D125/><U77/><E77/><V93/><F103/><W106/><G106/><T75/><D112/><U1/><E82/><V122/><F65/><W73/><REACH who="3" step="1"/><G79/><REACH who="3" ten="222,255,239,274" step="2"/><T31/><D76/><U62/><E1/><V132/><F122/><W88/><G88/><T37/><D29/><U128/><E33/><V85/><F121/><W56/><G56/><T110/><D110/><U49/><E32/><V127/><F127/><W116/><G116/><T66/><D75/><AGARI ba="0,1" hai="24,25,26,42,46,50,59,63,64,72,73,75,129,131" machi="75" ten="40,3900,0" yaku="1,1,53,1" doraHai="118" doraHaiUra="40" who="3" fromWho="0" sc="222,-39,255,0,239,0,274,49" owari="183,-31.7,255,5.5,239,-16.1,323,42.3" /></mjloggm>