<mjloggm ver="2.3"><GO type="225" lobby="0"/><UN n0="%E3%83%A9%E3%82%B9%E7%8E%87%EF%BC%93%E5%89%B2" n1="%E3%83%B4%E3%83%A0%EF%BC%99%E3%81%A6" n2="%E3%81%BD%E3%81%A1%E3%81%9F%E3%81%93%E3%82%84" n3="%E6%97%A5%E6%9B%9C%E6%97%A5%E3%82%88%E3%82%8A%E3%81%AE%E4%BD%BF%E8%80%85" dan="16,16,17,16" rate="2220.11,2172.86,2221.44,2159.07" sx="F,M,M,M"/><TAIKYOKU oya="0"/><INIT seed="0,0,0,0,3,62" ten="250,250,250,250" oya="0" hai0="37,134,0,120,48,103,36,8,125,19,14,69,61" hai1="4,102,74,97,80,18,77,60,72,17,33,39,121" hai2="114,2,70,111,65,64,95,55,28,76,20,75,81" hai3="101,24,12,22,26,79,135,98,85,46,106,91,5"/><T96/><D120/><U89/><E121/><V38/><F114/><W53/><G135/><T84/><D134/><U87/><E33/><V100/><F2/><W32/><G79/><T127/><D0/><U129/><E129/><V41/><F70/><W117/><G117/><T110/><D48/><U11/><E39/><V107/><F107/><W44/><G32/><T57/><D69/><U78/><E60/><V93/><F111/><W66/><G66/><N who="0" m="39215" /><D84/><U119/><E119/><V118/><F38/><W99/><G99/><T115/><D115/><U52/><E52/><V94/><F41/><W123/><G123/><T104/><D110/><U35/><E35/><V3/><F100/><W88/><G53/><T86/><D86/><U31/><E31/><V7/><F118/><W25/><G91/><T58/><D58/><U9/><E77/><V1/><F1/><W112/><G112/><T21/><D8/><U59/><E59/><V16/><F55/><W51/><G51/><T131/><D131/><U10/><E4/><V122/><F122/><W109/><G109/><T49/><D49/><U130/><E72/><V13/><REACH who="2" step="1"/><F28/><REACH who="2" ten="250,250,240,250" step="2"/><W27/><G106/><T82/><D37/><U71/><E71/><V40/><F40/><W92/><G101/><T133/><D133/><U29/><E130/><V63/><F63/><W128/><G128/><T83/><D36/><U43/><E43/><V67/><F67/><W30/><G98/><T73/><D73/><U42/><E42/><V50/><F50/><W90/><G90/><T68/><D68/><U34/><E102/><V56/><F56/><RYUUKYOKU ba="0,1" sc="250,10,250,-30,240,10,250,10" hai0="14,19,21,82,83,96,103,104,125,127" hai2="3,7,13,16,20,64,65,75,76,81,93,94,95" hai3="5,12,22,24,25,26,27,30,44,46,85,88,92" /><INIT seed="0,1,1,3,3,112" ten="260,220,250,260" oya="0" hai0="56,62,22,76,94,79,41,52,100,74,49,1,34" hai1="0,59,53,60,126,30,125,102,97,82,21,24,80" hai2="67,33,46,107,51,43,32,37,36,39,26,6,78" hai3="127,86,10,65,66,44,128,12,14,115,77,113,40"/><T3/><D34/><U109/><E0/><V64/><F107/><W131/><G86/><T132/><D132/><U95/><REACH who="1" step="1"/><E109/><REACH who="1" ten="260,210,250,260" step="2"/><V5/><F33/><W69/><G115/><T8/><D3/><U123/><E123/><V13/><F32/><W4/><G113/><T45/><D74/><U129/><E129/><V83/><F39/><W42/><G131/><T29/><D1/><U120/><E120/><V20/><F37/><W122/><G128/><T55/><D8/><U134/><E134/><V96/><F36/><W71/><G122/><T101/><D41/><U105/><E105/><V98/><F43/><W7/><G42/><T48/><D48/><U58/><E58/><V16/><F51/><W27/><G40/><T90/><D79/><U11/><E11/><V15/><F78/><W63/><G77/><T35/><D76/><U99/><E99/><V28/><F96/><W85/><G10/><T19/><D35/><U108/><E108/><V88/><F98/><W130/><G130/><T81/><D56/><U84/><E84/><V92/><F46/><W61/><G85/><T103/><D45/><U114/><E114/><V111/><F111/><W9/><G9/><T104/><D49/><U70/><E70/><V91/><F5/><W75/><G44/><T54/><D104/><U50/><E50/><V72/><F6/><W117/><G75/><T38/><D38/><U89/><E89/><V57/><F91/><W87/><G87/><T118/><D90/><U73/><E73/><V124/><F72/><W23/><G4/><T31/><D101/><U93/><E93/><RYUUKYOKU ba="1,2" sc="260,-10,210,30,250,-10,260,-10" hai1="21,24,30,53,59,60,80,82,95,97,102,125,126" /><INIT seed="1,2,2,0,0,75" ten="250,240,240,250" oya="1" hai0="111,122,92,79,88,78,110,49,86,58,7,27,51" hai1="25,95,118,1,100,73,20,24,117,97,36,22,105" hai2="121,50,40,53,129,87,13,119,108,59,130,45,56" hai3="134,67,46,127,10,55,77,74,18,47,113,0,115"/><U61/><E36/><V26/><F119/><W106/><G106/><T5/><D122/><U116/><E1/><V14/><F121/><W83/><G127/><T60/><D27/><U94/><E73/><V19/><F108/><N who="0" m="41514" /><D51/><U52/><E61/><V132/><F132/><W33/><G33/><T9/><D49/><U68/><E68/><V31/><F87/><W80/><G134/><T123/><D123/><U28/><REACH who="1" step="1"/><E52/><REACH who="1" ten="250,230,240,250" step="2"/><V70/><F70/><W109/><G109/><T42/><D42/><U103/><E103/><V39/><F59/><W131/><G55/><N who="0" m="33887" /><D7/><U8/><E8/><V133/><F133/><W54/><G54/><T64/><D64/><U65/><E65/><V12/><REACH who="2" step="1"/><F19/><AGARI ba="2,3" hai="19,20,22,24,25,28,94,95,97,100,105,116,117,118" machi="19" ten="40,2000,0" yaku="1,1,53,0" doraHai="75" doraHaiUra="85" who="1" fromWho="2" sc="250,0,230,56,240,-26,250,0" /><INIT seed="1,3,0,1,3,16" ten="250,286,214,250" oya="1" hai0="20,10,100,55,59,72,30,122,35,112,71,14,108" hai1="12,120,2,41,67,4,134,48,125,54,26,74,113" hai2="5,1,101,53,84,103,106,93,128,9,123,75,131" hai3="116,95,90,77,58,52,65,39,23,83,28,31,0"/><U60/><E113/><V45/><F123/><W38/><G0/><T85/><D72/><U17/><E120/><V88/><F75/><W76/><G65/><T80/><D71/><U102/><E74/><V22/><F106/><W96/><G116/><T44/><D35/><U68/><E125/><V78/><F78/><W79/><G83/><T94/><D112/><U107/><E134/><V91/><F91/><W126/><G126/><T7/><D108/><U70/><E70/><V64/><F64/><W51/><REACH who="3" step="1"/><G31/><REACH who="3" ten="250,286,214,240" step="2"/><T40/><D30/><U32/><E2/><V61/><F128/><W86/><G86/><T69/><D122/><U63/><E67/><V133/><F131/><W47/><G47/><T19/><D80/><U37/><E68/><V49/><F133/><W21/><G21/><T25/><D69/><U27/><E32/><V24/><F61/><W42/><G42/><T8/><D85/><U29/><E29/><AGARI ba="3,1" hai="1,5,9,22,24,29,45,49,53,84,88,93,101,103" machi="29" ten="30,3900,0" yaku="7,1,52,1,54,1" doraHai="16" who="2" fromWho="1" sc="250,0,286,-48,214,58,240,0" /><INIT seed="2,0,0,2,2,111" ten="250,238,272,240" oya="2" hai0="117,28,20,6,102,101,40,44,103,114,112,59,9" hai1="27,76,93,83,91,36,125,17,113,52,94,84,63" hai2="80,31,72,106,130,32,26,87,66,99,88,97,74" hai3="95,64,79,89,4,122,135,71,5,24,107,92,16"/><V29/><F130/><W34/><G107/><T23/><D59/><N who="1" m="35303" /><E36/><V25/><F66/><W41/><G122/><T43/><D117/><U55/><E125/><V115/><F115/><W133/><G41/><T68/><D68/><U131/><E113/><V51/><F51/><W118/><G79/><T33/><D33/><U86/><E131/><V18/><F18/><W22/><G34/><T3/><D43/><U7/><E7/><N who="3" m="2634" /><G118/><T30/><D23/><N who="1" m="13807" /><E55/><V48/><F48/><W61/><G89/><T1/><D1/><U105/><E105/><V54/><F54/><W116/><G116/><T14/><D30/><U2/><E2/><V65/><F65/><W12/><G12/><T120/><D120/><U58/><E58/><V69/><F69/><W109/><G109/><T85/><D85/><U39/><E39/><V124/><F124/><W77/><G77/><T46/><D46/><U70/><E70/><V129/><F129/><W90/><G90/><T0/><D0/><U45/><E45/><V126/><F126/><W132/><AGARI ba="0,0" hai="16,22,24,61,64,71,92,95,132,133,135" m="2634" machi="132" ten="40,2700,0" yaku="20,1,54,1" doraHai="111" who="3" fromWho="3" sc="250,-7,238,-7,272,-13,240,27" /><INIT seed="3,0,0,5,0,61" ten="243,231,259,267" oya="3" hai0="133,121,29,32,84,30,38,24,62,112,71,87,88" hai1="131,48,35,120,52,0,8,9,34,22,107,46,60" hai2="67,19,101,98,92,83,66,16,15,103,28,72,127" hai3="53,126,65,128,129,122,7,89,75,1,13,4,63"/><W2/><G122/><T59/><D121/><U96/><E120/><V68/><F127/><W113/><G113/><T114/><D38/><U33/><E131/><N who="3" m="50250" /><G75/><T81/><D133/><U94/><E107/><V99/><F28/><W20/><G53/><T82/><D71/><U134/><E134/><V6/><F6/><N who="3" m="2091" /><G89/><T51/><D51/><U110/><E110/><V93/><F68/><N who="3" m="42047" /><G126/><T116/><D116/><U41/><E0/><V21/><F19/><AGARI ba="0,0" hai="1,2,13,19,20" m="42047,2091,50250" machi="19" ten="30,2900,0" yaku="19,1,52,1" doraHai="61" who="3" fromWho="2" sc="243,0,231,0,259,-29,267,29" /><INIT seed="3,1,0,3,1,122" ten="243,231,230,296" oya="3" hai0="10,58,105,75,92,5,63,42,133,31,44,71,57" hai1="114,47,69,55,12,37,33,17,60,84,68,97,50" hai2="78,99,86,61,64,100,107,70,77,104,32,9,93" hai3="129,113,40,112,20,106,53,28,96,62,74,80,6"/><W98/><G40/><T128/><D105/><U54/><E33/><V35/><F9/><W1/><G53/><T45/><D31/><U72/><E72/><V130/><F130/><W79/><G129/><T39/><D75/><U51/><E114/><V125/><F125/><W117/><G117/><T76/><D76/><U95/><E84/><V15/><F15/><W120/><G120/><T52/><D128/><U38/><E60/><V111/><F111/><W83/><G83/><T90/><D133/><U118/><E37/><V36/><F36/><W88/><G20/><T126/><D71/><U89/><E38/><V123/><F123/><W102/><G28/><T73/><D73/><U7/><E118/><V21/><F21/><W14/><G14/><T22/><D22/><U116/><E116/><V0/><F0/><W127/><G62/><T3/><D126/><U103/><E7/><V2/><F2/><W41/><G41/><T46/><REACH who="0" step="1"/><D58/><REACH who="0" ten="233,231,230,296" step="2"/><N who="1" m="33111" /><E68/><V65/><F107/><W121/><G127/><T29/><D29/><U13/><E69/><V135/><F135/><W109/><G121/><T8/><D8/><N who="1" m="6279" /><E13/><V134/><F134/><W67/><G113/><T85/><AGARI ba="1,1" hai="3,5,10,39,42,44,45,46,52,57,63,85,90,92" machi="85" ten="20,5200,0" yaku="1,1,0,1,7,1,54,1,53,0" doraHai="122" doraHaiUra="101" who="0" fromWho="0" sc="233,65,231,-14,230,-14,296,-27" /><INIT seed="4,0,0,3,5,24" ten="298,217,216,269" oya="0" hai0="116,129,125,109,119,89,112,34,107,31,42,62,26" hai1="99,63,11,35,106,30,101,123,36,48,133,91,130" hai2="92,10,70,104,71,132,131,28,96,102,51,0,18" hai3="103,87,114,6,53,61,55,7,75,121,14,40,98"/><T105/><D42/><U1/><E123/><V97/><F131/><W45/><G75/><T69/><D129/><U83/><E130/><V68/><F132/><W47/><G114/><T4/><D112/><U23/><E36/><V2/><F51/><W86/><G121/><T72/><D89/><U12/><E133/><V32/><F18/><W80/><G86/><T115/><D115/><U33/><E48/><V77/><F77/><W9/><G6/><T82/><D4/><U39/><E39/><V93/><F10/><W95/><G61/><T50/><D50/><U128/><E128/><V120/><F120/><W85/><G87/><T5/><D5/><U66/><E1/><V76/><F76/><W3/><G3/><T20/><D20/><U100/><E23/><V44/><F44/><N who="3" m="16971" /><G40/><T73/><D109/><U17/><E33/><V19/><F19/><W56/><G56/><T60/><D60/><U135/><E135/><V22/><F32/><W113/><G113/><T49/><D49/><U94/><E106/><N who="0" m="40457" /><D125/><U74/><E74/><N who="0" m="28777" /><D82/><U134/><E83/><V58/><F58/><W122/><G122/><T127/><D127/><U59/><E134/><V124/><F124/><W52/><G55/><T43/><D43/><U65/><E65/><AGARI ba="0,0" hai="26,31,34,62,65,69,116,119" m="28777,40457" machi="65" ten="30,2900,0" yaku="23,1,52,1" doraHai="24" who="0" fromWho="1" sc="298,29,217,-29,216,0,269,0" owari="327,42.7,188,-31.2,216,-18.4,269,6.9" /></mjloggm>