<mjloggm ver="2.3"><GO type="225" lobby="0"/><UN n0="%E3%82%B3%E3%83%90%E3%83%AC%E3%82%A4" n1="%E5%85%88%E7%89%A9%E3%81%AF%74%72%61%73%68" n2="%E4%BC%8A%E9%81%94%E6%9C%B1%E9%87%8C%E7%B4%97" n3="%E6%98%93%E5%88%A9%E8%96%A9%E4%BC%AF" dan="16,17,16,17" rate="2182.40,2155.01,2121.34,2123.70" sx="M,M,F,F"/><TAIKYOKU oya="0"/><INIT seed="0,0,0,4,2,2" ten="250,250,250,250" oya="0" hai0="106,105,3,96,49,16,53,22,125,41,124,83,60" hai1="120,91,82,47,19,35,116,90,54,81,113,13,64" hai2="14,75,52,97,44,61,78,92,56,15,100,77,46" hai3="40,130,36,66,55,134,123,7,121,51,131,70,43"/><T10/><D41/><N who="3" m="15945" /><G36/><T18/><D83/><U72/><E120/><N who="3" m="46154" /><G7/><N who="0" m="1407" /><D60/><U27/><E116/><V76/><REACH who="2" step="1"/><F75/><REACH who="2" ten="250,250,240,250" step="2"/><W42/><G134/><T31/><D105/><U39/><E72/><V63/><F63/><N who="3" m="40287" /><G42/><T32/><D106/><U88/><E39/><V74/><F74/><W128/><G131/><T23/><D96/><U87/><E87/><V89/><F89/><W107/><G107/><T109/><D109/><U28/><E88/><V24/><F24/><W68/><G68/><T0/><D0/><U93/><E90/><V45/><AGARI ba="0,1" hai="14,15,44,45,46,52,56,61,76,77,78,92,97,100" machi="45" ten="30,7900,0" yaku="1,1,0,1,8,1,54,1,53,0" doraHai="2" doraHaiUra="1" who="2" fromWho="2" sc="250,-39,250,-20,240,89,250,-20" /><INIT seed="1,0,0,4,5,62" ten="211,230,329,230" oya="1" hai0="10,31,24,4,6,58,2,122,38,40,125,25,21" hai1="101,18,41,9,52,34,12,0,81,129,108,111,103" hai2="91,47,121,128,13,105,80,27,99,7,117,35,93" hai3="43,96,71,69,64,5,33,90,39,133,29,65,130"/><U15/><E0/><V53/><F117/><W19/><G5/><T70/><D70/><U77/><E34/><V123/><F128/><W68/><G130/><T51/><D122/><U28/><E129/><V59/><F105/><W83/><G133/><T86/><D125/><U78/><E28/><V131/><F131/><W44/><G19/><T42/><D38/><U76/><E41/><V124/><F124/><W74/><G96/><T97/><D6/><U57/><E81/><V63/><F47/><W20/><G20/><T120/><D120/><U48/><REACH who="1" step="1"/><E12/><REACH who="1" ten="211,220,329,230" step="2"/><V100/><F35/><W1/><G1/><T95/><D42/><U49/><E49/><V26/><F123/><W16/><G29/><T107/><D40/><U50/><E50/><V67/><F121/><W135/><G33/><T116/><D116/><U110/><AGARI ba="0,1" hai="9,15,18,48,52,57,76,77,78,101,103,108,110,111" machi="110" ten="40,12000,1" yaku="1,1,0,1,14,1,10,1,54,1,53,0" doraHai="62" doraHaiUra="92" who="1" fromWho="1" sc="211,-40,220,130,329,-40,230,-40" /><INIT seed="1,1,0,5,2,10" ten="171,350,289,190" oya="1" hai0="23,112,28,107,70,31,102,64,56,90,13,0,84" hai1="100,82,129,48,50,52,58,5,87,96,80,15,89" hai2="71,22,38,76,12,18,101,36,60,79,85,57,7" hai3="131,6,49,27,92,86,62,123,42,98,72,37,83"/><U110/><E129/><V43/><F71/><W91/><G123/><T54/><D0/><U34/><E34/><V128/><F128/><W109/><G131/><T3/><D3/><U14/><E110/><V81/><F101/><W45/><G109/><T67/><D112/><U44/><E5/><V33/><F33/><W41/><G72/><T17/><D107/><U51/><E82/><V104/><F104/><W35/><G62/><T73/><D73/><U63/><REACH who="1" step="1"/><E44/><REACH who="1" ten="171,340,289,190" step="2"/><V4/><F7/><W105/><G6/><T135/><D135/><U97/><E97/><V24/><F4/><W32/><G32/><T113/><D113/><U94/><AGARI ba="1,1" hai="14,15,48,50,51,52,58,63,80,87,89,94,96,100" machi="94" ten="30,18000,2" yaku="1,1,0,1,8,1,52,2,54,1,53,0" doraHai="10" doraHaiUra="111" who="1" fromWho="1" sc="171,-61,340,193,289,-61,190,-61" /><INIT seed="1,2,0,0,5,21" ten="110,533,228,129" oya="1" hai0="15,81,19,27,65,48,99,38,75,25,135,113,1" hai1="31,118,22,128,116,7,107,70,126,33,127,100,119" hai2="97,55,88,9,114,109,80,105,115,86,131,0,42" hai3="124,90,58,132,28,8,54,44,73,16,101,67,62"/><U112/><E112/><N who="2" m="43051" /><F109/><W87/><G73/><T10/><D38/><U89/><E70/><V57/><F42/><W82/><G132/><T26/><D135/><U64/><E64/><V106/><F131/><W30/><G124/><N who="1" m="47658" /><E89/><V120/><F120/><W104/><G101/><T78/><D113/><U40/><E40/><V93/><F9/><W24/><G104/><T121/><D121/><U85/><E85/><V76/><F0/><W122/><G122/><T43/><D65/><U77/><E77/><V129/><F129/><W51/><G24/><T11/><D99/><N who="1" m="61855" /><E22/><V117/><F117/><W133/><G133/><T61/><D61/><AGARI ba="2,0" hai="55,57,61,76,80,86,88,93,97,105,106" m="43051" machi="61" ten="30,2000,0" yaku="11,1,54,1" doraHai="21" who="2" fromWho="0" sc="110,-26,533,0,228,26,129,0" /><INIT seed="2,0,0,2,1,6" ten="84,533,254,129" oya="2" hai0="35,103,112,111,108,122,14,135,55,89,26,125,60" hai1="65,127,41,32,114,118,22,39,98,82,37,43,66" hai2="3,101,29,5,85,99,124,84,116,52,10,9,38" hai3="19,102,100,86,73,81,91,68,44,56,133,80,4"/><V33/><F116/><W87/><G68/><T18/><D103/><U77/><E32/><V31/><F38/><W54/><G73/><T130/><D89/><U16/><E114/><V95/><F124/><W113/><G133/><T17/><D60/><U107/><E118/><V1/><F33/><W30/><G113/><T119/><D55/><U78/><E127/><V92/><F5/><W61/><G30/><N who="2" m="11273" /><F1/><W63/><G4/><T93/><D93/><U49/><E107/><V110/><F3/><W51/><G19/><T131/><D112/><U11/><E39/><V62/><F110/><N who="0" m="42026" /><D119/><U115/><E37/><V70/><F70/><W106/><G106/><T50/><D50/><U58/><E115/><V25/><F25/><W83/><G63/><T28/><D125/><U94/><E49/><V57/><F84/><W64/><REACH who="3" step="1"/><G83/><REACH who="3" ten="84,533,254,119" step="2"/><T109/><D109/><U2/><E82/><V134/><F134/><W7/><G7/><T88/><D135/><U75/><E75/><V67/><F67/><W104/><G104/><T105/><D105/><U47/><E65/><V121/><F121/><W21/><G21/><N who="0" m="11447" /><D122/><U0/><E66/><V46/><F62/><W74/><G74/><T45/><D18/><U128/><E0/><V27/><F92/><W79/><AGARI ba="0,1" hai="44,51,54,56,61,64,79,80,81,86,87,91,100,102" machi="79" ten="20,8000,1" yaku="1,1,0,1,7,1,8,1,53,1" doraHai="6" doraHaiUra="72" who="3" fromWho="3" sc="84,-20,533,-20,254,-40,119,90" /><INIT seed="3,0,0,1,3,132" ten="64,513,214,209" oya="3" hai0="84,17,71,104,63,30,127,96,77,47,133,65,87" hai1="103,62,24,109,58,114,70,95,64,134,23,93,67" hai2="1,39,118,28,89,4,88,126,80,117,52,46,68" hai3="73,121,13,20,6,86,105,51,57,106,11,53,131"/><W78/><G73/><T60/><D17/><U14/><E114/><V129/><F126/><W100/><G121/><T49/><D133/><U122/><E109/><V7/><F68/><W124/><G131/><T85/><D63/><U91/><E122/><V59/><F28/><W83/><G124/><T44/><D44/><U3/><E14/><V45/><F39/><W111/><G111/><T50/><D77/><U22/><E3/><V81/><F1/><W115/><G115/><T32/><D47/><U123/><E22/><V119/><F129/><W43/><G43/><T98/><D98/><N who="1" m="59871" /><E70/><V34/><F118/><W48/><G48/><T90/><D90/><U10/><E10/><V31/><F31/><W120/><G120/><T75/><D75/><U79/><E134/><V26/><F26/><W69/><G69/><T41/><D41/><U101/><E101/><V0/><F0/><W5/><G5/><T38/><D38/><U29/><E79/><V112/><F112/><W33/><G33/><T55/><D55/><N who="1" m="34143" /><E123/><V82/><F34/><W102/><G105/><T56/><D56/><U35/><E35/><V116/><F45/><W19/><REACH who="3" step="1"/><G106/><REACH who="3" ten="64,513,214,199" step="2"/><T94/><D127/><U15/><E15/><AGARI ba="0,1" hai="6,11,13,15,19,20,51,53,57,78,83,86,100,102" machi="15" ten="30,11600,0" yaku="1,1,2,1,7,1,8,1,53,0" doraHai="132" doraHaiUra="130" who="3" fromWho="1" sc="64,0,513,-116,214,0,199,126" /><INIT seed="3,1,0,5,4,39" ten="64,397,214,325" oya="3" hai0="3,7,108,106,84,48,133,95,130,90,9,100,126" hai1="101,132,97,98,6,16,68,59,45,53,14,121,4" hai2="75,33,20,21,72,107,38,29,70,12,87,85,58" hai3="129,54,52,5,115,131,56,105,119,109,13,82,64"/><W94/><G115/><T41/><D108/><U65/><E68/><V88/><F70/><W23/><G119/><T80/><D133/><U118/><E121/><V46/><F107/><W104/><G64/><T89/><D130/><N who="3" m="49673" /><G82/><T86/><D126/><U1/><E1/><V10/><F58/><W63/><G109/><T74/><D74/><U71/><E71/><V42/><F33/><W18/><G5/><T93/><D80/><U28/><E28/><V128/><F128/><W47/><G94/><T19/><D106/><N who="3" m="41065" /><G47/><T114/><D100/><U73/><E132/><V60/><F60/><W34/><G54/><T127/><D127/><U66/><E118/><V78/><F78/><W112/><G112/><T30/><D114/><U123/><E73/><V11/><F85/><W0/><G34/><T27/><D19/><U99/><E101/><V22/><F29/><W69/><G69/><T17/><D17/><U134/><E123/><V135/><F135/><W62/><G0/><T55/><D55/><U2/><E2/><V51/><F72/><W122/><G122/><T111/><D111/><U120/><E45/><V96/><F96/><W32/><G32/><T125/><D125/><U116/><E116/><V25/><F75/><W24/><G63/><T77/><D77/><U124/><E124/><V15/><F38/><W57/><G57/><T31/><D27/><AGARI ba="1,0" hai="13,18,23,24,27,52,56,62" m="41065,49673" machi="27" ten="30,2900,0" yaku="19,1,54,1" doraHai="39" who="3" fromWho="0" sc="64,-32,397,0,214,0,325,32" /><INIT seed="3,2,0,5,4,39" ten="32,397,214,357" oya="3" hai0="74,99,71,116,49,37,10,17,81,104,9,114,23" hai1="91,3,54,48,106,93,133,109,51,28,98,16,22" hai2="25,58,41,97,129,92,19,95,4,113,72,5,36" hai3="69,32,78,63,84,121,44,62,123,90,82,13,126"/><W87/><G32/><T75/><D37/><U34/><E3/><V11/><F113/><W15/><G126/><T86/><D71/><U31/><E109/><V27/><F72/><W56/><G69/><T88/><D114/><U107/><E34/><V101/><F129/><W65/><G63/><T50/><D116/><U46/><E133/><V18/><F58/><W43/><G121/><T122/><D122/><U135/><E135/><V66/><F66/><W42/><G123/><T1/><D1/><U67/><E67/><V85/><F36/><W73/><G73/><T80/><D75/><U33/><E33/><V100/><F85/><W103/><G103/><T112/><D112/><U60/><E60/><V124/><F124/><W70/><G70/><T117/><D117/><U8/><E8/><V77/><F11/><W61/><G61/><T119/><D119/><U118/><E118/><V55/><F55/><W2/><G2/><T29/><D74/><U53/><E107/><V21/><F77/><W26/><G26/><T6/><D10/><U0/><E106/><V38/><F38/><W110/><G110/><T76/><D29/><U7/><E7/><V59/><F59/><W96/><G96/><T64/><D64/><U68/><E68/><V115/><F115/><W45/><G44/><T128/><D128/><U125/><E125/><V94/><F94/><N who="3" m="54599" /><G45/><T35/><D35/><U89/><E0/><V57/><F57/><W83/><G83/><T105/><D104/><U111/><E111/><V47/><F47/><W132/><G132/><T14/><D105/><U20/><E46/><RYUUKYOKU ba="2,0" sc="32,-10,397,-10,214,-10,357,30" hai3="13,15,42,43,56,62,65,78,82,87" /><INIT seed="3,3,0,0,4,131" ten="22,387,204,387" oya="3" hai0="128,92,5,89,43,20,130,111,60,52,53,75,96" hai1="48,22,102,112,57,122,99,113,124,105,10,31,68" hai2="103,26,114,56,27,11,54,7,35,51,93,44,110" hai3="95,21,126,135,19,115,116,83,32,121,107,109,127"/><W47/><G115/><T73/><D5/><U66/><E122/><V76/><F110/><W125/><G121/><T1/><D1/><U77/><E77/><V9/><F114/><W117/><G107/><T84/><D43/><U78/><E124/><V41/><F35/><W17/><G32/><T118/><D111/><U67/><E78/><V6/><F103/><W70/><G109/><T133/><D118/><N who="3" m="45673" /><G135/><T50/><D75/><U106/><E106/><V132/><F132/><W97/><G70/><T64/><D73/><U101/><E101/><V28/><F93/><W119/><N who="3" m="45681" /><W4/><DORA hai="3" /><G83/><T62/><D133/><U90/><E90/><V134/><F134/><W18/><G4/><T0/><D0/><U30/><E10/><V46/><F76/><W79/><G47/><T29/><D130/><U82/><E82/><V108/><F108/><W87/><G87/><T23/><D128/><U13/><E112/><V16/><F44/><W55/><G55/><T42/><D42/><U98/><E98/><V80/><F80/><W59/><G59/><T58/><D29/><N who="1" m="10763" /><E68/><V65/><F65/><N who="1" m="24585" /><E113/><V33/><F9/><W24/><G79/><T100/><D53/><N who="1" m="31911" /><E13/><V71/><F71/><W94/><G94/><T8/><D8/><U2/><E2/><V88/><F88/><AGARI ba="3,0" hai="17,18,19,21,24,88,95,97,125,126,127" m="45681" machi="88" ten="50,4800,0" yaku="18,1,54,1" doraHai="131,3" who="3" fromWho="2" sc="22,0,387,0,204,-57,387,57" owari="22,-47.8,387,18.7,147,-25.3,444,54.4" /></mjloggm>