<mjloggm ver="2.3"><GO type="225" lobby="0"/><UN n0="%E3%81%8F%E3%82%8B%E3%82%8B" n1="%6C%65%74%69%74%62%65" n2="%E3%82%B3%E3%83%90%E3%83%AC%E3%82%A4" n3="%E3%80%90%E3%83%88%E3%83%AA%E3%83%A5%E3%83%95%E3%80%91" dan="18,16,16,16" rate="2290.37,2077.28,2173.23,2052.19" sx="F,M,M,M"/><TAIKYOKU oya="0"/><INIT seed="0,0,0,5,5,130" ten="250,250,250,250" oya="0" hai0="0,99,24,76,114,7,54,75,96,38,102,74,80" hai1="21,50,36,105,10,69,63,12,11,115,91,73,40" hai2="68,79,122,66,104,27,29,135,2,113,22,70,93" hai3="44,57,77,123,53,107,60,51,106,46,98,18,109"/><T119/><D114/><U133/><E115/><V5/><F104/><W87/><G109/><T65/><D119/><U59/><E73/><V33/><F122/><W17/><G123/><T100/><D54/><U71/><E105/><V34/><F113/><W88/><G107/><T13/><D65/><U78/><E78/><V43/><F43/><W39/><G39/><T30/><D13/><U125/><E125/><V81/><F93/><N who="3" m="56615" /><G106/><T129/><D129/><U90/><E69/><V4/><F81/><N who="3" m="47535" /><G46/><T132/><D75/><U117/><E36/><V118/><F79/><W126/><G126/><T111/><D111/><U58/><E71/><V108/><F70/><W31/><G31/><T23/><D38/><U94/><E90/><V85/><F68/><W32/><G32/><T124/><D124/><U92/><E92/><V72/><F72/><W121/><G121/><T134/><D99/><U49/><E94/><V101/><F34/><W62/><G62/><T41/><D41/><AGARI ba="0,0" hai="17,18,41,44,51,53,57,60" m="47535,56615" machi="41" ten="30,2000,0" yaku="8,1,54,1" doraHai="130" who="3" fromWho="0" sc="250,-20,250,0,250,0,250,20" /><INIT seed="1,0,0,0,4,126" ten="230,250,250,270" oya="1" hai0="58,46,77,83,49,29,33,8,62,19,87,9,113" hai1="14,94,107,54,71,69,21,25,28,110,128,34,65" hai2="16,0,105,61,78,75,5,102,103,56,133,1,123" hai3="64,60,4,82,30,117,7,15,35,55,26,48,106"/><U108/><E107/><V74/><F123/><W84/><G117/><T91/><D113/><U131/><E54/><V47/><F133/><W88/><G15/><T115/><D115/><U109/><E94/><V3/><F5/><W44/><REACH who="3" step="1"/><G106/><REACH who="3" ten="230,250,250,260" step="2"/><T39/><D39/><U37/><E37/><V90/><F105/><W112/><G112/><T40/><D19/><N who="1" m="10487" /><E65/><V98/><F3/><W42/><G42/><T116/><D116/><U122/><E122/><V63/><F0/><W43/><G43/><T11/><D29/><U70/><AGARI ba="0,1" hai="25,28,34,69,70,71,108,109,110,128,131" m="10487" machi="70" ten="40,12000,1" yaku="14,1,10,1,52,2" doraHai="126" who="1" fromWho="1" sc="230,-40,250,130,250,-40,260,-40" /><INIT seed="1,1,0,3,2,116" ten="190,380,210,220" oya="1" hai0="27,93,38,122,51,6,40,14,0,77,61,125,121" hai1="31,24,135,81,22,19,78,20,89,41,85,113,97" hai2="8,37,45,67,76,74,91,62,110,131,13,105,52" hai3="108,12,73,119,39,102,49,118,94,5,127,117,83"/><U65/><E135/><V69/><F105/><W11/><G39/><T50/><D125/><U70/><E113/><V25/><F131/><W132/><G127/><T18/><D93/><U130/><E130/><V1/><F1/><W71/><G132/><T4/><D61/><U86/><E41/><V64/><F64/><W44/><G71/><T103/><D103/><U30/><E97/><V15/><F15/><W95/><G102/><T101/><D101/><U21/><E70/><V9/><F8/><W60/><G60/><T48/><D27/><U58/><E65/><V124/><F124/><W34/><G34/><T111/><D77/><U84/><E58/><V72/><F76/><N who="3" m="44431" /><G108/><T26/><D26/><N who="1" m="16711" /><E78/><V80/><F110/><W66/><G66/><T120/><D0/><U123/><E123/><V43/><F25/><AGARI ba="1,0" hai="19,21,22,24,25,31,81,84,85,86,89" m="16711" machi="25" ten="30,1500,0" yaku="8,1" doraHai="116" who="1" fromWho="2" sc="190,0,380,18,210,-18,220,0" /><INIT seed="1,2,0,2,5,32" ten="190,398,192,220" oya="1" hai0="54,58,20,70,13,26,47,35,69,31,110,41,25" hai1="61,8,5,66,116,125,50,115,29,74,14,108,57" hai2="102,76,114,106,37,126,117,23,78,128,109,99,94" hai3="87,68,43,113,62,103,71,84,119,15,22,11,77"/><U93/><E116/><V51/><F37/><W55/><G113/><T34/><D110/><U96/><E115/><V36/><F36/><W7/><G43/><T123/><D123/><U85/><E74/><V63/><F117/><W12/><G119/><T19/><D47/><U80/><E108/><V79/><F114/><W98/><G77/><T39/><D41/><U48/><E29/><V120/><F109/><W17/><G71/><T130/><D130/><U65/><E65/><V3/><F128/><W44/><G68/><T133/><D133/><U90/><REACH who="1" step="1"/><E125/><REACH who="1" ten="190,388,192,220" step="2"/><V9/><F126/><W18/><G7/><T72/><D72/><U129/><E129/><V45/><F120/><W64/><G55/><T88/><D54/><U105/><E105/><V92/><F106/><W10/><G64/><T1/><D31/><U121/><E121/><V73/><F73/><W16/><G62/><T4/><D69/><U30/><E30/><V81/><F63/><W132/><G132/><T97/><D70/><U56/><E56/><V82/><F45/><W91/><G44/><T134/><D58/><U95/><E95/><V135/><F135/><W33/><G33/><T112/><D134/><U124/><E124/><V6/><F94/><N who="3" m="56671" /><G103/><AGARI ba="2,1" hai="5,8,14,48,50,57,61,66,80,85,90,93,96,103" machi="103" ten="30,11600,0" yaku="1,1,7,1,8,1,53,1" doraHai="32" doraHaiUra="60" who="1" fromWho="3" sc="190,0,388,132,192,0,220,-122" /><INIT seed="1,3,0,0,0,89" ten="190,520,192,98" oya="1" hai0="2,71,11,9,44,100,132,33,69,94,128,23,115" hai1="20,39,7,96,93,112,84,30,117,18,127,73,36" hai2="66,101,98,90,37,57,26,61,114,65,31,75,46" hai3="92,116,19,22,4,49,108,15,58,120,27,86,104"/><U70/><E117/><V12/><F75/><W134/><G116/><T38/><D33/><U43/><E73/><V123/><F114/><W111/><G104/><T40/><D115/><U25/><E70/><V102/><F123/><W126/><G120/><T34/><D34/><U95/><E112/><V97/><F65/><W103/><G134/><T78/><D132/><U62/><E62/><V29/><F29/><W122/><G122/><T109/><D109/><N who="3" m="42057" /><G126/><T3/><D128/><U0/><E43/><V60/><F61/><W56/><G49/><T72/><D23/><U52/><E127/><V16/><F37/><W83/><G4/><T54/><D54/><U99/><E84/><V48/><F102/><W50/><G50/><T53/><D53/><U80/><E52/><V35/><F46/><W47/><G47/><T79/><D79/><U82/><E7/><V87/><F48/><W113/><G27/><T88/><D69/><U55/><E55/><V77/><F77/><N who="3" m="46447" /><G113/><T17/><D71/><U68/><E68/><V41/><F41/><W28/><G28/><T5/><D5/><U45/><E45/><V107/><F107/><W76/><G76/><T131/><D78/><U1/><E30/><V124/><F101/><W10/><G22/><T24/><D100/><U130/><E20/><V8/><REACH who="2" step="1"/><F124/><REACH who="2" ten="190,520,182,98" step="2"/><W21/><G21/><N who="0" m="13359" /><D38/><U129/><E25/><V85/><F85/><W14/><G14/><T121/><D72/><U32/><E32/><V42/><F42/><W81/><G81/><AGARI ba="3,1" hai="8,12,16,26,31,35,57,60,66,81,87,90,97,98" machi="81" ten="30,3900,0" yaku="1,1,7,1,54,1,53,0" doraHai="89" doraHaiUra="106" who="2" fromWho="3" sc="190,0,520,0,182,58,98,-48" /><INIT seed="2,0,0,2,1,36" ten="190,520,240,50" oya="2" hai0="38,117,72,23,62,76,37,25,101,18,29,125,121" hai1="123,15,102,33,77,118,65,84,96,24,91,116,64" hai2="70,128,135,75,7,124,119,94,43,4,130,132,66" hai3="19,52,108,59,80,51,78,57,120,56,98,126,53"/><V109/><F75/><W39/><G120/><T32/><D121/><U107/><E123/><V35/><F35/><W133/><G108/><T93/><D125/><U58/><E15/><V5/><F119/><W134/><G19/><T11/><D117/><U40/><E77/><V17/><F94/><W54/><G98/><T114/><D114/><U104/><E104/><V48/><F17/><W20/><G20/><T12/><D62/><U6/><E6/><V30/><F30/><W47/><G126/><T89/><D101/><U69/><E58/><N who="3" m="22634" /><G80/><T21/><D76/><U83/><E40/><V88/><F124/><W100/><G100/><T3/><D72/><U50/><E50/><V74/><F74/><W85/><G85/><N who="0" m="52399" /><D23/><U41/><E41/><V122/><F122/><W61/><G78/><T26/><D26/><U60/><E64/><V105/><F105/><W31/><G31/><AGARI ba="0,0" hai="24,31,33,60,65,69,83,84,91,96,102,107,116,118" machi="31" ten="40,2600,0" yaku="25,2" doraHai="36" who="1" fromWho="3" sc="190,0,520,26,240,0,50,-26" /><INIT seed="3,0,0,5,2,133" ten="190,546,240,24" oya="3" hai0="125,30,75,110,8,99,108,62,2,80,6,32,73" hai1="40,55,90,48,127,45,37,71,122,79,69,59,64" hai2="105,87,46,35,128,123,86,131,76,52,4,24,61" hai3="91,14,10,85,16,38,135,107,66,53,116,112,28"/><W23/><G135/><T47/><D62/><N who="1" m="40087" /><E127/><V95/><F105/><W119/><G112/><T34/><D99/><U44/><E79/><V1/><F123/><W21/><G107/><T54/><D54/><U98/><E122/><V130/><F4/><W78/><G38/><T104/><D104/><U12/><E12/><V25/><F1/><W115/><G66/><T60/><D60/><U81/><E44/><V15/><F15/><W111/><G115/><T134/><D134/><U43/><E43/><V70/><F35/><W5/><G111/><N who="0" m="42539" /><D47/><U106/><E71/><V124/><F124/><W27/><G53/><T58/><D58/><U129/><E129/><V93/><F46/><W49/><G49/><T89/><D125/><U126/><E126/><V72/><F52/><W26/><REACH who="3" step="1"/><G78/><REACH who="3" ten="190,546,240,14" step="2"/><T29/><D29/><U103/><E106/><V63/><F130/><W101/><G101/><T31/><D30/><U22/><E103/><V109/><F109/><W118/><G118/><T3/><D31/><U39/><E39/><V102/><F102/><W97/><G97/><T20/><D34/><U11/><E98/><V67/><F67/><W92/><AGARI ba="0,1" hai="5,10,14,16,21,23,26,27,28,85,91,92,116,119" machi="92" ten="20,7800,0" yaku="1,1,0,1,7,1,54,1,53,0" doraHai="133" doraHaiUra="57" who="3" fromWho="3" sc="190,-26,546,-26,240,-26,14,88" /><INIT seed="3,1,0,0,1,79" ten="164,520,214,102" oya="3" hai0="129,44,9,118,102,113,46,23,133,131,127,47,123" hai1="121,63,134,75,20,73,97,135,11,27,42,104,4" hai2="100,71,35,124,22,6,103,52,29,108,94,117,98" hai3="2,70,68,82,77,18,72,57,92,43,125,34,33"/><W24/><G125/><T90/><D118/><U19/><E42/><V1/><F71/><W53/><G2/><T5/><D123/><U62/><E121/><V32/><F124/><W109/><G43/><T101/><D113/><U56/><E97/><V12/><F117/><W40/><G40/><T39/><D127/><U25/><E104/><V114/><F114/><W112/><G112/><T83/><D39/><U84/><E84/><V85/><F1/><W50/><G109/><T51/><D133/><N who="1" m="50699" /><E25/><V120/><F120/><W80/><G92/><T55/><D23/><U89/><E89/><V95/><F35/><W86/><G34/><T3/><D46/><U13/><E62/><V59/><F32/><W36/><G36/><T107/><D47/><U130/><E130/><N who="0" m="49673" /><D107/><U54/><AGARI ba="1,0" hai="4,11,13,19,20,27,54,56,63,73,75" m="50699" machi="54" ten="30,1100,0" yaku="20,1" doraHai="79" who="1" fromWho="1" sc="164,-4,520,14,214,-4,102,-6" owari="160,-24.0,534,63.4,210,1.0,96,-40.4" /></mjloggm>