<mjloggm ver="2.3"><GO type="225" lobby="0"/><UN n0="%E6%9D%B1%E9%A2%A8%E3%81%AE%E3%81%8D%E3%82%83%E3%81%B7%E3%81%95%E3%82%93" n1="%E3%83%A9%E3%82%B9%E7%8E%87%EF%BC%93%E5%89%B2" n2="%E6%A1%9C%E8%8A%B1%E9%96%83%E3%80%85" n3="%E3%83%96%E3%83%83%E3%83%91%E3%82%AA%E3%83%96%E3%83%81%E3%82%AD%E3%83%B3" dan="16,17,17,16" rate="2154.56,2227.25,2257.19,2181.72" sx="M,F,M,M"/><TAIKYOKU oya="0"/><INIT seed="0,0,0,0,2,132" ten="250,250,250,250" oya="0" hai0="126,125,26,86,95,5,55,8,107,108,53,67,51" hai1="18,78,39,121,131,28,3,58,99,27,49,34,17" hai2="102,41,116,87,21,32,71,97,135,11,88,63,93" hai3="110,2,106,59,113,84,119,31,129,33,74,57,0"/><T13/><D107/><U44/><E121/><V70/><F135/><W85/><G31/><T104/><D104/><U23/><E131/><V79/><F32/><W16/><G106/><T35/><D67/><U101/><E3/><V134/><F134/><W60/><G33/><T94/><D108/><U68/><E68/><V1/><F116/><W36/><G60/><T24/><D55/><U83/><E58/><V72/><F41/><W100/><G74/><T92/><D86/><U133/><E39/><V40/><F40/><W103/><G36/><T90/><D90/><U20/><E34/><V7/><F21/><W12/><G12/><T65/><D65/><U127/><E23/><V42/><F42/><W69/><G119/><T66/><D66/><U105/><E133/><V30/><F30/><W9/><G9/><T37/><D37/><U64/><E64/><V54/><F54/><W48/><G48/><T6/><D6/><U115/><E115/><V73/><F63/><W109/><G113/><T111/><D111/><U120/><E120/><V45/><F45/><W47/><G47/><N who="0" m="27903" /><D35/><U118/><E118/><V80/><REACH who="2" step="1"/><F72/><REACH who="2" ten="250,250,240,250" step="2"/><W76/><G109/><T50/><D50/><U15/><E49/><V81/><AGARI ba="0,1" hai="1,7,11,70,71,73,79,80,81,87,88,93,97,102" machi="81" ten="20,8000,1" yaku="1,1,2,1,0,1,7,1,54,1,53,0" doraHai="132" doraHaiUra="117" who="2" fromWho="2" sc="250,-40,250,-20,240,90,250,-20" /><INIT seed="1,0,0,4,4,61" ten="210,230,330,230" oya="1" hai0="58,112,52,50,127,131,55,26,44,40,60,108,116" hai1="65,75,96,81,124,120,38,72,80,119,25,16,99" hai2="21,10,73,41,135,51,103,54,93,111,66,105,69" hai3="22,78,94,0,123,104,64,102,90,1,79,7,121"/><U129/><E38/><V115/><F105/><W107/><G22/><T89/><D116/><U27/><E119/><V31/><F73/><W14/><G14/><T128/><D112/><U36/><E36/><V15/><F111/><W67/><G7/><T2/><D2/><U32/><E120/><V29/><F135/><W126/><G126/><T113/><D113/><U71/><E124/><V13/><F41/><W92/><REACH who="3" step="1"/><G90/><REACH who="3" ten="210,230,330,220" step="2"/><T63/><D89/><U83/><E32/><V4/><F15/><W57/><G57/><N who="0" m="34855" /><D127/><U110/><E110/><V122/><F21/><W88/><G88/><T47/><D26/><U42/><E25/><V130/><F13/><W35/><G35/><T43/><D108/><U133/><E27/><V59/><F4/><W68/><G68/><T87/><D87/><U28/><E71/><V84/><F84/><W62/><G62/><T101/><D101/><AGARI ba="0,1" hai="0,1,64,67,78,79,92,94,101,102,104,107,121,123" machi="101" ten="25,8000,1" yaku="1,1,22,2,52,2,53,0" doraHai="61" doraHaiUra="49" who="3" fromWho="0" sc="210,-80,230,0,330,0,220,90" /><INIT seed="2,0,0,0,0,66" ten="130,230,330,310" oya="2" hai0="86,126,97,93,12,80,114,131,83,134,15,48,62" hai1="77,4,129,61,103,45,112,67,109,46,106,53,127" hai2="37,68,21,13,130,50,8,36,41,122,121,0,60" hai3="34,44,9,70,7,65,99,26,27,40,92,104,31"/><V33/><F21/><W47/><G27/><T119/><D114/><U91/><E112/><V42/><F13/><N who="3" m="5311" /><G92/><T64/><D119/><U132/><E109/><V18/><F18/><W30/><G40/><N who="2" m="15465" /><F8/><W72/><G31/><T2/><D2/><U16/><E129/><V117/><F33/><W88/><G88/><T82/><D131/><U108/><E132/><V51/><F0/><W78/><G78/><T76/><D134/><U28/><E127/><V24/><F24/><W6/><G72/><T56/><D126/><U111/><E77/><V19/><F19/><W87/><G87/><T35/><D35/><U10/><E28/><V101/><F101/><N who="3" m="62527" /><G6/><T5/><D48/><N who="2" m="18474" /><F117/><W69/><G69/><T71/><D71/><U135/><E4/><V57/><F68/><W118/><G118/><T59/><D59/><U73/><E73/><V75/><F75/><W81/><G81/><T29/><D29/><U94/><E103/><V74/><F74/><W1/><G1/><T113/><D113/><U52/><E94/><V32/><F32/><W110/><G110/><T55/><D5/><U25/><E111/><V124/><F124/><W43/><G34/><T116/><D116/><U63/><E108/><V105/><F105/><W17/><G26/><T23/><D23/><U95/><E106/><V39/><F130/><W11/><G11/><T90/><D82/><U54/><E10/><V120/><F120/><W79/><G17/><T14/><D83/><U123/><E16/><V96/><F96/><W49/><G30/><T107/><D107/><U125/><E123/><V84/><F121/><RYUUKYOKU ba="0,0" sc="130,30,230,-10,330,-10,310,-10" hai0="12,14,15,55,56,62,64,76,80,86,90,93,97" /><INIT seed="3,1,0,1,0,54" ten="160,220,320,300" oya="3" hai0="90,50,13,41,9,122,102,28,23,89,85,42,71" hai1="70,24,14,48,132,76,109,133,124,52,93,86,128" hai2="12,103,58,118,46,78,100,15,74,96,79,6,68" hai3="40,116,65,92,44,32,83,0,110,73,127,49,108"/><W22/><G116/><T47/><D122/><U87/><E70/><V11/><F68/><W7/><G32/><T123/><D71/><U81/><E109/><N who="3" m="42090" /><G127/><T63/><D123/><U45/><E124/><V105/><F118/><W33/><G33/><T1/><D1/><U36/><E36/><V98/><F58/><W62/><G22/><T43/><D102/><U101/><E128/><V69/><F69/><N who="3" m="42167" /><G92/><T16/><D63/><U77/><E24/><V59/><F59/><W112/><G112/><T10/><D90/><U117/><E117/><V131/><F131/><W60/><G60/><T130/><D130/><U56/><E45/><V8/><F46/><W38/><G38/><T97/><D97/><U115/><E115/><V91/><F91/><W113/><G113/><T20/><D20/><U55/><E93/><V39/><F39/><W114/><G114/><T27/><REACH who="0" step="1"/><D9/><REACH who="0" ten="150,220,320,300" step="2"/><U35/><E35/><V57/><F11/><N who="3" m="2535" /><G73/><T84/><D84/><U2/><E2/><V75/><F8/><W31/><G31/><T21/><D21/><U3/><E3/><V53/><F74/><W125/><G125/><T51/><D51/><U106/><E101/><V34/><F75/><W25/><G25/><T5/><D5/><U94/><E87/><V64/><F34/><W134/><G134/><T67/><D67/><U104/><E132/><V107/><F64/><W37/><G37/><T111/><D111/><U95/><E133/><V17/><F6/><W82/><AGARI ba="1,1" hai="40,44,49,82,83" m="2535,42167,42090" machi="82" ten="30,3000,0" yaku="14,1,10,1" doraHai="54" who="3" fromWho="3" sc="150,-11,220,-11,320,-11,300,43" owari="139,-36.1,209,-19.1,309,10.9,343,44.3" /></mjloggm>