<mjloggm ver="2.3"><GO type="225" lobby="0"/><UN n0="%72%61%6B%33" n1="%E6%A1%9C%E8%8A%B1%E9%96%83%E3%80%85" n2="%33%74%72%65%65" n3="%72%65%6E%6B%75%6E" dan="16,16,17,17" rate="2100.22,2202.36,2132.58,2204.59" sx="M,M,M,M"/><TAIKYOKU oya="0"/><INIT seed="0,0,0,3,3,48" ten="250,250,250,250" oya="0" hai0="111,82,42,89,45,35,40,115,28,15,134,38,126" hai1="0,17,120,112,76,106,74,36,90,59,78,29,88" hai2="1,69,72,80,32,84,2,34,96,61,117,95,41" hai3="63,122,4,128,19,21,124,27,103,101,23,53,43"/><T8/><D115/><U20/><E120/><V54/><F72/><W68/><G122/><T30/><D126/><U105/><E36/><V11/><F117/><W99/><G124/><T114/><D114/><U39/><E39/><V62/><F41/><W57/><G128/><T47/><D134/><U25/><E112/><V73/><F73/><W10/><G68/><T37/><D35/><U135/><E0/><V113/><F113/><W87/><G43/><T110/><D82/><U7/><E7/><V13/><F34/><W91/><G21/><T67/><D89/><N who="1" m="34411" /><E106/><V6/><F32/><W123/><G123/><T109/><D67/><U131/><E105/><V70/><F2/><W55/><G55/><T81/><D81/><U132/><E74/><V100/><F1/><N who="3" m="271" /><G87/><T5/><AGARI ba="0,0" hai="5,8,15,28,30,37,38,40,42,45,47,109,110,111" machi="5" ten="30,11700,0" yaku="0,1,9,1,14,1,10,1" doraHai="48" who="0" fromWho="0" sc="250,117,250,-39,250,-39,250,-39" /><INIT seed="0,1,0,1,4,8" ten="367,211,211,211" oya="0" hai0="32,103,16,94,102,120,115,129,26,106,73,131,132" hai1="91,15,79,19,85,87,1,110,72,13,29,6,90" hai2="135,69,128,86,107,68,76,7,2,84,11,89,92" hai3="59,35,45,123,55,71,116,28,38,77,65,33,119"/><T125/><D115/><U111/><E29/><V30/><F128/><W80/><G123/><T122/><D73/><U17/><E72/><V48/><F135/><W101/><G101/><T10/><D106/><U127/><E79/><V109/><F109/><N who="1" m="41481" /><E127/><V25/><F107/><W105/><G105/><T20/><D102/><U108/><N who="1" m="41489" /><U40/><DORA hai="121" /><E40/><V0/><F0/><W12/><G12/><N who="1" m="4682" /><E91/><V23/><F76/><W74/><G28/><T47/><D125/><U66/><E66/><V5/><F5/><W62/><G33/><T98/><D122/><U70/><E70/><V9/><F9/><W60/><REACH who="3" step="1"/><G35/><REACH who="3" ten="367,211,211,201" step="2"/><T42/><D32/><U56/><E1/><V43/><F2/><W104/><G104/><T117/><D120/><U24/><E6/><V100/><F7/><W112/><G112/><T31/><D31/><U27/><E27/><V50/><F25/><W126/><G126/><T54/><D26/><U49/><E24/><V124/><F30/><W41/><AGARI ba="1,1" hai="38,41,45,55,59,60,62,65,71,74,77,80,116,119" machi="41" ten="30,2000,0" yaku="1,1,0,1,53,0" doraHai="8,121" doraHaiUra="130,14" who="3" fromWho="3" sc="367,-11,211,-6,211,-6,201,33" /><INIT seed="1,0,0,2,3,44" ten="356,205,205,234" oya="1" hai0="100,53,52,56,14,24,45,127,5,62,77,55,41" hai1="92,11,76,102,4,18,80,51,9,23,28,21,112" hai2="7,42,60,68,96,54,125,33,0,116,27,25,88" hai3="64,29,66,82,114,81,108,132,32,40,61,49,70"/><U91/><E112/><V30/><F116/><W101/><G114/><T89/><D127/><U35/><E102/><V2/><F125/><W46/><G108/><T83/><D100/><U79/><E35/><V128/><F128/><W131/><G131/><T59/><D89/><U135/><E135/><V122/><F122/><W109/><G109/><T104/><D24/><N who="1" m="16415" /><E4/><V19/><F42/><W72/><G132/><T73/><D104/><U86/><E51/><V31/><F19/><W36/><G66/><T105/><D105/><U69/><E69/><V26/><F7/><W121/><G121/><T115/><D115/><U3/><E3/><V34/><F26/><W17/><G72/><T103/><D103/><U129/><E129/><V106/><F106/><W124/><G124/><T50/><REACH who="0" step="1"/><D62/><REACH who="0" ten="346,205,205,234" step="2"/><U95/><E79/><V98/><F88/><W10/><G101/><T43/><D43/><U74/><E74/><V20/><F60/><W13/><G36/><T97/><D97/><N who="1" m="57503" /><E95/><V8/><F96/><W117/><G117/><T85/><D85/><U123/><E123/><V93/><F98/><W65/><G82/><T6/><D6/><U113/><E113/><V22/><F93/><W119/><G81/><T39/><D39/><U94/><E94/><V107/><F107/><W48/><G119/><T16/><D16/><U12/><AGARI ba="0,1" hai="9,11,12,18,21,76,80,86" m="57503,16415" machi="12" ten="30,1500,0" yaku="8,1" doraHai="44" who="1" fromWho="1" sc="346,-5,205,25,205,-5,234,-5" /><INIT seed="1,1,0,2,0,39" ten="341,230,200,229" oya="1" hai0="75,13,102,112,127,18,77,54,95,8,122,121,128" hai1="63,107,7,129,48,133,9,88,12,106,115,21,78" hai2="66,46,25,87,81,130,67,33,40,101,26,104,29" hai3="82,131,100,51,45,98,50,68,41,113,85,31,0"/><U69/><E115/><V55/><F130/><W27/><G131/><T84/><D112/><U65/><E129/><V71/><F55/><W97/><G113/><T111/><D128/><U134/><E78/><V59/><F71/><W93/><G68/><T3/><D111/><U83/><E21/><V14/><F59/><W73/><G0/><T52/><D127/><U44/><E83/><V62/><F62/><W15/><G15/><T92/><D3/><U5/><E5/><V11/><F26/><W120/><G120/><N who="0" m="46187" /><D75/><U43/><REACH who="1" step="1"/><E88/><REACH who="1" ten="341,220,200,229" step="2"/><V24/><F81/><W76/><G98/><N who="0" m="59719" /><D77/><U99/><E99/><V89/><F89/><AGARI ba="1,1" hai="8,13,18,52,54,84,89,95" m="59719,46187" machi="89" ten="30,2000,0" yaku="13,1,54,1" doraHai="39" who="0" fromWho="2" sc="341,33,220,0,200,-23,229,0" /><INIT seed="2,0,0,5,0,72" ten="374,220,177,229" oya="2" hai0="36,85,109,8,6,105,88,26,81,33,123,48,110" hai1="47,35,135,14,106,84,44,104,60,96,55,3,22" hai2="59,29,107,1,99,119,79,4,54,129,51,126,80" hai3="103,28,64,111,70,125,68,113,117,2,56,98,11"/><V66/><F119/><W77/><G56/><T58/><D36/><U49/><E35/><V108/><F126/><W101/><G101/><T71/><D71/><U15/><E3/><V78/><F129/><W76/><G117/><T30/><D105/><U83/><E135/><V114/><F114/><W130/><G28/><T20/><D123/><U75/><E75/><V53/><F108/><N who="0" m="41578" /><D58/><N who="1" m="34911" /><E106/><V112/><F112/><W41/><G41/><T115/><D48/><U128/><E104/><V74/><F66/><W5/><G111/><T61/><D61/><U40/><E128/><V93/><F107/><W127/><G113/><T132/><D115/><U43/><E96/><V17/><F29/><W133/><G130/><T0/><D132/><U86/><E22/><AGARI ba="0,0" hai="0,6,8,20,22,26,30,33,81,85,88" m="41578" machi="22" ten="30,2000,0" yaku="14,1,54,1" doraHai="72" who="0" fromWho="1" sc="374,20,220,-20,177,0,229,0" /><INIT seed="3,0,0,3,0,4" ten="394,200,177,229" oya="3" hai0="76,51,134,91,57,29,115,116,93,27,55,15,3" hai1="97,31,7,36,52,39,121,13,63,22,67,45,0" hai2="37,46,18,53,72,102,117,42,119,10,44,23,95" hai3="107,49,61,83,82,114,2,92,25,100,77,132,66"/><W108/><G114/><T73/><D3/><U129/><E121/><V111/><F111/><W24/><G107/><T68/><D116/><U90/><E0/><V60/><F72/><W58/><G2/><T38/><D68/><U133/><E133/><V20/><F117/><W14/><G132/><T87/><D38/><U56/><E129/><V12/><F119/><W40/><G108/><T98/><D134/><U127/><E127/><V5/><F46/><N who="3" m="25799" /><G14/><T101/><D115/><U128/><E128/><V54/><F60/><W123/><G123/><T71/><D71/><U124/><E124/><V85/><F23/><W28/><G77/><T105/><D15/><U74/><E74/><V65/><F65/><W1/><G1/><T112/><D112/><U103/><E90/><V17/><F17/><W130/><G130/><T35/><D76/><U9/><E45/><V30/><F30/><W122/><G122/><T16/><D73/><U78/><E78/><V125/><F125/><W94/><G94/><T70/><D70/><U80/><E80/><N who="3" m="30762" /><G28/><T120/><D120/><U110/><E110/><V48/><F37/><W99/><AGARI ba="0,0" hai="24,25,58,61,66,92,99,100" m="30762,25799" machi="99" ten="30,1500,0" yaku="8,1" doraHai="4" who="3" fromWho="3" sc="394,-5,200,-5,177,-5,229,15" /><INIT seed="3,1,0,1,5,74" ten="389,195,172,244" oya="3" hai0="46,29,111,60,89,76,128,42,88,19,58,10,96" hai1="103,61,62,64,49,18,132,47,68,5,129,56,27" hai2="124,36,125,53,66,26,48,87,7,2,22,54,120" hai3="67,123,15,41,4,17,25,24,107,6,131,23,69"/><W9/><G107/><T65/><D111/><U32/><E129/><V57/><F36/><W50/><G123/><T101/><D128/><U108/><E108/><V130/><F130/><W12/><G131/><T59/><D29/><U77/><E132/><V79/><F120/><W112/><G112/><T78/><D58/><N who="1" m="36951" /><E32/><V114/><F114/><W1/><G50/><N who="0" m="26967" /><D101/><U113/><E68/><V37/><F37/><W109/><G41/><T71/><D71/><U3/><E3/><V28/><F66/><W20/><G109/><T43/><D43/><N who="1" m="24831" /><E113/><V84/><F84/><W72/><G72/><T95/><D89/><U110/><E110/><V31/><F31/><N who="3" m="17799" /><G67/><T122/><D122/><U55/><E103/><V63/><F7/><N who="3" m="1263" /><G69/><T73/><D73/><U82/><E5/><AGARI ba="1,0" hai="4,5,6,12,15,17,23,25" m="1263,17799" machi="5" ten="30,12000,1" yaku="35,5" doraHai="74" who="3" fromWho="1" sc="389,0,195,-123,172,0,244,123" /><INIT seed="3,2,0,4,2,61" ten="389,72,172,367" oya="3" hai0="80,59,48,28,34,70,112,131,123,114,9,62,90" hai1="12,133,45,68,44,97,117,79,122,17,60,74,26" hai2="126,30,47,94,39,76,19,101,8,57,53,81,42" hai3="96,116,16,98,11,52,29,100,65,38,111,40,14"/><W78/><G116/><T5/><D123/><U107/><E122/><V20/><F126/><W10/><G111/><T64/><D131/><U54/><E117/><V135/><F135/><W120/><G120/><T4/><D28/><U95/><E107/><V106/><F106/><W36/><G29/><T49/><D34/><U104/><E104/><V27/><F101/><W132/><G132/><T130/><D130/><U85/><E133/><V86/><F94/><W75/><G65/><T91/><D5/><U77/><E74/><V87/><F87/><W33/><G33/><T119/><D119/><U15/><E26/><V32/><F8/><W63/><G10/><T31/><D31/><U51/><E44/><V127/><F127/><W55/><G98/><T105/><D105/><U25/><E25/><V113/><F113/><N who="0" m="43626" /><D80/><U93/><E93/><V108/><F108/><W110/><G110/><T2/><D59/><U41/><E85/><V82/><F82/><N who="3" m="45407" /><G40/><T56/><D56/><U89/><E12/><V0/><F0/><W128/><G128/><T21/><D21/><U115/><E115/><V18/><F20/><W84/><G84/><T22/><D22/><U129/><E129/><V83/><F83/><W124/><G124/><T43/><D43/><U92/><E92/><V37/><F37/><N who="3" m="14443" /><G63/><AGARI ba="2,0" hai="18,19,27,30,32,39,42,47,53,57,63,76,81,86" machi="63" ten="30,1000,0" yaku="7,1" doraHai="61" who="2" fromWho="3" sc="389,0,72,0,172,16,367,-16" owari="389,48.9,72,-42.8,188,-21.2,351,15.1" /></mjloggm>