<mjloggm ver="2.3"><GO type="225" lobby="0"/><UN n0="%E6%B8%A9%E2%98%85%E6%83%85%E2%98%85%E6%8E%AA%E2%98%85%E7%BD%AE" n1="%E6%B7%91%E5%A5%B3%E3%81%AE%E5%97%9C%E3%81%BF" n2="%41%6F%54" n3="%E6%A0%B9%E5%85%83%E3%81%8B%E3%82%89%E5%90%B9%E3%81%A3%E9%A3%9B%E3%81%B6" dan="17,16,16,17" rate="2173.50,2137.70,2069.49,2119.13" sx="M,M,M,F"/><TAIKYOKU oya="0"/><INIT seed="0,0,0,1,0,94" ten="250,250,250,250" oya="0" hai0="72,38,101,16,109,17,81,73,39,115,44,18,52" hai1="23,37,20,8,33,35,64,36,24,111,130,102,13" hai2="56,10,89,92,83,112,48,114,42,66,87,100,99" hai3="51,85,75,1,25,12,113,135,53,134,27,122,107"/><T3/><D115/><U54/><E111/><V93/><F112/><W98/><G1/><T86/><D3/><U108/><E108/><V84/><F114/><W2/><G2/><T125/><D109/><U49/><E130/><V126/><F126/><W45/><G75/><T128/><D125/><U77/><E64/><V97/><F10/><W131/><G131/><T58/><D128/><U82/><E37/><V103/><F84/><W22/><G122/><T19/><D101/><U120/><E36/><V6/><F6/><W116/><G116/><T59/><D59/><U43/><E102/><V121/><F121/><W71/><G71/><T123/><D123/><U29/><E35/><V50/><F42/><W105/><G105/><T110/><D110/><U96/><E96/><V106/><F106/><W40/><G107/><T88/><D39/><U15/><E15/><V67/><F67/><W68/><G135/><T70/><D70/><U57/><E43/><V127/><F127/><W30/><G134/><T129/><D129/><U79/><E79/><V117/><F117/><W60/><G68/><T63/><N who="0" m="4096" /><DORA hai="132" /><T41/><AGARI ba="0,0" hai="38,41,44,52,58,63,72,73,81,86,88" m="4096" machi="41" ten="40,12000,1" yaku="4,1,0,1,54,3" doraHai="94,132" who="0" fromWho="0" sc="250,120,250,-40,250,-40,250,-40" /><INIT seed="0,1,0,5,1,54" ten="370,210,210,210" oya="0" hai0="37,0,66,16,71,39,7,123,88,129,72,122,60" hai1="45,86,94,24,11,59,5,118,105,22,3,77,47" hai2="112,120,81,124,131,76,82,9,102,44,17,74,101" hai3="106,20,107,55,92,6,108,64,83,84,135,68,111"/><T18/><D72/><U62/><E105/><V21/><F120/><W130/><G130/><T36/><D129/><U103/><E118/><V43/><F131/><W53/><G135/><T79/><D79/><U104/><E104/><N who="3" m="39978" /><G6/><T90/><D122/><U13/><E3/><V133/><F112/><W91/><G20/><T96/><D123/><U125/><E125/><V58/><F124/><W8/><G8/><T19/><REACH who="0" step="1"/><D96/><REACH who="0" ten="360,210,210,210" step="2"/><N who="1" m="59799" /><E77/><V85/><F76/><W27/><G111/><T2/><D2/><U126/><E126/><V117/><F117/><W48/><G108/><T31/><D31/><N who="1" m="17815" /><E86/><V100/><F85/><W38/><G84/><T97/><D97/><U78/><E78/><V52/><F74/><W30/><G30/><T49/><D49/><U32/><E32/><V67/><F133/><W89/><G48/><T12/><D12/><U34/><E34/><V121/><F121/><W50/><G50/><T119/><D119/><U46/><E46/><V14/><F44/><W26/><G26/><T10/><AGARI ba="1,1" hai="0,7,10,16,18,19,36,37,39,60,66,71,88,90" machi="10" ten="40,18000,2" yaku="1,1,0,1,54,2,53,3" doraHai="54" doraHaiUra="15" who="0" fromWho="0" sc="360,193,210,-61,210,-61,210,-61" /><INIT seed="0,2,0,4,4,32" ten="553,149,149,149" oya="0" hai0="86,117,80,31,60,109,104,83,51,6,105,135,81" hai1="132,25,98,74,63,122,115,57,93,36,64,111,16" hai2="33,121,77,27,49,30,127,28,1,8,15,13,99" hai3="107,3,116,54,101,123,118,46,114,89,95,53,4"/><T119/><D31/><U110/><E122/><V24/><F121/><W84/><G114/><T72/><D6/><U66/><E115/><V126/><F77/><W38/><G123/><T50/><D60/><U120/><E120/><V65/><F65/><W78/><G78/><T112/><D112/><U85/><E74/><V108/><F49/><N who="0" m="18442" /><D86/><U11/><E36/><V26/><F99/><W12/><G38/><T59/><D59/><U41/><E66/><V73/><F73/><W130/><G46/><T103/><D72/><U22/><E85/><V2/><F108/><N who="1" m="41513" /><E41/><V0/><F33/><W82/><G84/><T69/><D109/><U125/><E125/><N who="2" m="47627" /><F15/><W96/><G116/><T94/><D69/><U106/><E106/><V62/><F62/><W131/><G118/><T70/><D70/><U19/><E132/><V9/><F9/><W68/><G68/><T55/><D105/><U45/><E11/><V113/><F113/><W23/><G107/><T42/><D104/><U10/><E10/><V134/><F134/><W88/><G54/><T71/><D42/><U7/><E45/><V133/><F133/><W29/><G53/><T40/><D40/><U58/><E58/><V75/><F75/><W21/><G96/><N who="0" m="59799" /><D71/><U67/><E67/><V124/><N who="2" m="47635" /><V61/><DORA hai="56" /><F61/><W76/><G76/><T37/><D135/><U129/><E63/><V18/><AGARI ba="2,0" hai="0,1,2,8,13,18,24,26,27,28,30" m="47635" machi="18" ten="50,12000,2" yaku="18,1,34,2,52,3" doraHai="32,56" who="2" fromWho="2" sc="553,-62,149,-32,149,126,149,-32" /><INIT seed="1,0,0,0,1,88" ten="491,117,275,117" oya="1" hai0="80,64,102,6,62,17,133,124,35,107,83,27,115" hai1="5,15,94,59,71,41,33,18,130,127,22,131,125" hai2="29,37,9,58,111,122,104,110,13,38,79,60,72" hai3="52,84,3,47,113,78,89,4,81,49,76,40,32"/><U14/><E71/><V50/><F104/><W90/><G113/><T39/><D115/><U11/><E41/><V31/><F122/><W16/><G32/><T109/><D109/><N who="2" m="41482" /><F50/><N who="3" m="26983" /><G3/><T10/><D39/><N who="2" m="14858" /><F79/><N who="3" m="46143" /><G4/><T68/><D133/><U66/><E33/><V126/><F72/><W73/><G73/><T93/><D124/><N who="1" m="47691" /><E94/><V117/><F117/><W82/><G82/><T56/><D93/><U103/><E103/><V48/><F48/><W19/><G89/><T51/><D102/><U65/><E59/><V112/><F112/><W101/><G90/><T61/><D107/><U85/><E85/><V108/><F126/><W23/><G101/><T87/><D87/><U123/><E123/><V77/><F77/><N who="3" m="29803" /><G23/><T1/><D35/><U53/><E53/><N who="2" m="33871" /><F108/><W132/><G132/><T55/><D80/><U86/><E86/><V129/><F129/><AGARI ba="0,0" hai="5,11,14,15,18,22,65,66,129,130,131" m="47691" machi="129" ten="30,2900,0" yaku="19,1,18,1" doraHai="88" who="1" fromWho="2" sc="491,0,117,29,275,-29,117,0" /><INIT seed="1,1,0,3,3,85" ten="491,146,246,117" oya="1" hai0="49,56,83,23,99,67,57,48,92,35,4,16,50" hai1="39,26,64,82,133,119,42,30,10,33,135,124,101" hai2="123,15,11,91,43,25,103,66,114,7,27,130,72" hai3="105,58,6,81,126,121,36,29,134,63,115,122,88"/><U106/><E119/><V18/><F123/><W45/><G105/><T31/><D35/><U87/><E124/><V40/><F72/><W14/><G115/><T74/><D31/><U32/><E10/><V12/><F114/><W51/><G36/><T129/><D129/><U41/><E33/><V128/><F103/><W98/><G126/><T117/><D117/><U65/><E101/><V9/><F66/><N who="1" m="25705" /><E106/><V116/><F116/><W80/><G122/><T70/><D4/><U109/><E39/><V104/><F104/><W19/><G134/><N who="1" m="51210" /><E109/><V61/><F61/><W55/><G6/><T112/><D112/><U132/><N who="1" m="51218" /><U107/><DORA hai="127" /><E107/><V110/><F110/><W125/><G125/><T71/><D71/><U38/><E38/><V17/><F7/><W95/><G29/><T53/><D70/><U75/><E75/><V111/><F111/><W3/><G3/><T86/><D74/><U108/><E108/><V73/><F73/><W102/><G102/><N who="0" m="60775" /><D67/><U96/><E96/><V34/><F34/><W8/><REACH who="3" step="1"/><G121/><REACH who="3" ten="491,146,246,107" step="2"/><T77/><D53/><AGARI ba="1,1" hai="8,14,19,45,51,53,55,58,63,80,81,88,95,98" machi="53" ten="30,12000,2" yaku="1,1,2,1,7,1,8,1,52,1,54,1,53,0" doraHai="85,127" doraHaiUra="100,120" who="3" fromWho="0" sc="491,-123,146,0,246,0,107,133" /><INIT seed="2,0,0,0,1,57" ten="368,146,246,240" oya="2" hai0="9,127,123,81,50,48,96,122,3,65,31,56,128" hai1="38,101,20,2,29,86,77,75,27,53,110,91,30" hai2="72,13,23,94,134,0,95,132,12,67,116,55,58" hai3="51,112,113,34,36,18,39,33,118,107,45,83,60"/><V131/><F116/><W120/><G107/><T111/><D111/><U109/><E2/><V117/><F117/><W99/><G118/><T90/><D128/><U40/><E101/><V5/><F72/><W74/><G99/><T14/><D3/><U84/><E30/><V26/><F67/><W70/><G18/><T1/><D1/><U126/><E126/><V124/><F124/><W66/><G120/><T133/><D127/><U25/><E25/><V19/><F131/><W59/><G83/><T119/><D119/><U135/><E135/><N who="2" m="51755" /><F0/><W37/><G74/><T54/><D133/><U100/><E100/><V28/><F5/><W62/><G33/><T15/><D31/><U82/><E53/><V89/><F89/><W68/><G34/><T78/><D65/><U41/><E75/><V104/><F104/><W6/><G6/><T97/><D15/><N who="2" m="5706" /><F28/><W115/><G62/><AGARI ba="0,0" hai="19,23,26,55,58,62,94,95" m="5706,51755" machi="62" ten="30,2900,0" yaku="20,1,52,1" doraHai="57" who="2" fromWho="3" sc="368,0,146,0,246,29,240,-29" /><INIT seed="2,1,0,4,3,71" ten="368,146,275,211" oya="2" hai0="60,21,68,81,101,30,96,59,123,53,12,74,92" hai1="119,134,14,70,105,10,50,11,67,61,45,72,114" hai2="126,89,73,109,133,26,100,107,37,103,41,120,87" hai3="132,98,99,9,84,5,43,129,94,33,52,77,127"/><V54/><F120/><W83/><G127/><T90/><D123/><U112/><E119/><V76/><F126/><W124/><G124/><T106/><D68/><U110/><E110/><V42/><F133/><W49/><G132/><T22/><D30/><U15/><E134/><V62/><F109/><W125/><G129/><T57/><D12/><U27/><E105/><V104/><F76/><W19/><G33/><T79/><D59/><U102/><E102/><V108/><F73/><W63/><G19/><T113/><D113/><U66/><E27/><V82/><F108/><W75/><G75/><T40/><D40/><U18/><E67/><V20/><F104/><W58/><G94/><T34/><D34/><U88/><E72/><V85/><F85/><AGARI ba="1,0" hai="21,22,53,57,60,74,79,81,85,90,92,96,101,106" machi="85" ten="30,3900,0" yaku="7,1,24,2" doraHai="71" who="0" fromWho="2" sc="368,42,146,0,275,-42,211,0" /><INIT seed="3,0,0,0,3,18" ten="410,146,233,211" oya="3" hai0="65,87,49,6,28,24,47,75,46,67,83,76,81" hai1="102,21,78,37,66,55,19,98,106,79,133,117,45" hai2="70,63,131,34,60,119,44,74,13,93,126,7,121" hai3="107,85,32,27,12,104,95,56,94,61,30,69,112"/><W10/><G69/><T31/><D6/><U130/><E130/><V8/><F119/><W53/><G112/><T42/><D47/><U101/><E133/><V22/><F34/><W1/><G1/><T52/><D42/><U125/><E125/><V5/><F74/><W23/><G32/><T84/><D75/><U33/><E117/><V122/><F126/><W128/><G128/><T40/><D40/><U39/><E33/><V77/><F77/><W41/><G41/><T62/><D24/><U111/><E111/><V15/><F131/><W80/><G107/><T99/><D99/><U72/><E66/><N who="0" m="25097" /><D62/><U11/><E101/><V120/><F70/><W59/><G59/><T57/><D46/><U50/><E11/><N who="2" m="4335" /><F93/><W26/><G26/><T124/><D124/><U17/><E17/><N who="2" m="10559" /><F44/><W35/><G104/><T16/><D16/><U109/><E109/><V82/><F82/><W100/><G100/><T123/><D123/><U36/><REACH who="1" step="1"/><E72/><REACH who="1" ten="410,136,233,211" step="2"/><V88/><F8/><W114/><G114/><T20/><D31/><U89/><E89/><V29/><F88/><W58/><G35/><T14/><D28/><U115/><E115/><V9/><F29/><W96/><G10/><T4/><D4/><U38/><N who="1" m="9216" /><DORA hai="127" /><U73/><E73/><V68/><F9/><W25/><G23/><T2/><D20/><U135/><E135/><V91/><F7/><W118/><G30/><T134/><D134/><U0/><E0/><V97/><F91/><W113/><G118/><T64/><D2/><U48/><E48/><V71/><F121/><W3/><G113/><T92/><D49/><RYUUKYOKU ba="0,1" sc="410,-10,136,30,233,-10,211,-10" hai1="19,21,45,50,55,78,79,98,102,106" owari="410,51.0,166,-33.4,223,2.3,201,-19.9" /></mjloggm>