<mjloggm ver="2.3"><GO type="225" lobby="0"/><UN n0="%E7%99%BD%E5%80%89%E5%AF%9B%E4%B9%8B" n1="%E5%B6%BA%E4%B8%8A%E5%92%B2" n2="%E5%85%88%E7%89%A9%E3%81%AF%74%72%61%73%68" n3="%E3%82%A2%E3%83%9E%E3%83%9D%EF%BD%9E%EF%BD%9E%E3%83%A9" dan="16,16,17,17" rate="2175.96,2130.92,2131.34,2105.71" sx="M,F,M,M"/><TAIKYOKU oya="0"/><INIT seed="0,0,0,4,0,30" ten="250,250,250,250" oya="0" hai0="103,107,16,102,83,9,125,24,54,42,131,60,7" hai1="109,72,1,34,70,120,126,2,88,116,5,20,78" hai2="11,100,21,68,4,127,76,69,45,71,15,89,79" hai3="65,56,113,37,27,50,134,94,97,119,115,114,32"/><T108/><D125/><U29/><E20/><V110/><F110/><W6/><G134/><T25/><D108/><U135/><E88/><V46/><F127/><W41/><G6/><T23/><D131/><U19/><E19/><V66/><F66/><W8/><G8/><T28/><D42/><U81/><E5/><V93/><F100/><W112/><G119/><T13/><D107/><U58/><E81/><V117/><F117/><W14/><G14/><T36/><D36/><U44/><E78/><V53/><F21/><W63/><G37/><T17/><D83/><U39/><E58/><V104/><F104/><W74/><G74/><T40/><D40/><U52/><E52/><V111/><F111/><W101/><G114/><T87/><D87/><U57/><E57/><V31/><F31/><W80/><G80/><T26/><D17/><U85/><E44/><V47/><REACH who="2" step="1"/><F53/><REACH who="2" ten="250,250,240,250" step="2"/><W132/><G113/><T61/><D54/><U129/><E29/><V98/><AGARI ba="0,1" hai="4,11,15,45,46,47,68,69,71,76,79,89,93,98" machi="98" ten="40,5200,0" yaku="1,1,2,1,0,1,53,0" doraHai="30" doraHaiUra="12" who="2" fromWho="2" sc="250,-26,250,-13,240,62,250,-13" /><INIT seed="1,0,0,5,2,83" ten="224,237,302,237" oya="1" hai0="24,27,62,127,58,45,82,64,21,46,19,121,55" hai1="89,122,7,13,40,31,47,119,30,112,96,91,28" hai2="110,20,90,34,39,99,33,75,29,105,18,35,69" hai3="8,25,17,42,9,10,12,81,63,52,3,68,126"/><U97/><E112/><V38/><F69/><W22/><G126/><T132/><D127/><U6/><E119/><V120/><F120/><W98/><G3/><T11/><D121/><U114/><E114/><V4/><F110/><W56/><G68/><T87/><D132/><U88/><E122/><V43/><F75/><W85/><G98/><T116/><D116/><U36/><REACH who="1" step="1"/><E13/><REACH who="1" ten="224,227,302,237" step="2"/><V94/><F38/><W74/><G74/><T108/><D108/><U134/><E134/><V54/><F39/><W118/><G118/><T86/><D27/><U76/><E76/><V26/><F26/><W66/><G42/><T84/><D82/><U71/><E71/><V32/><F43/><W128/><G128/><T100/><D100/><U115/><E115/><V102/><F102/><W92/><G92/><T78/><D78/><U14/><E14/><V44/><F94/><W41/><G41/><T49/><REACH who="0" step="1"/><D11/><REACH who="0" ten="214,227,302,237" step="2"/><U117/><E117/><V73/><F73/><W125/><G125/><T131/><D131/><U133/><E133/><V48/><F90/><N who="3" m="51503" /><G25/><T80/><D80/><U104/><E104/><V135/><F105/><W50/><G8/><T23/><D23/><U113/><E113/><V1/><F20/><W123/><G123/><T95/><D95/><U53/><E53/><V61/><F54/><W57/><AGARI ba="0,2" hai="9,10,12,17,22,50,52,56,57,63,66" m="51503" machi="57" ten="30,4000,0" yaku="8,1,52,1,54,1" doraHai="83" who="3" fromWho="3" sc="214,-10,227,-20,302,-10,237,60" /><INIT seed="2,0,0,4,0,14" ten="204,207,292,297" oya="2" hai0="19,101,55,110,64,107,44,114,81,128,24,43,60" hai1="20,118,16,88,95,82,21,134,125,67,56,46,121" hai2="8,116,26,97,122,75,79,108,120,45,52,65,53" hai3="111,57,18,29,106,99,38,41,93,72,117,126,23"/><V132/><F116/><W28/><G106/><T89/><D114/><U32/><E118/><V68/><F132/><W90/><G111/><T112/><D112/><U84/><E32/><V71/><F108/><W5/><G126/><T86/><D110/><U15/><E125/><V48/><F8/><W87/><G72/><T96/><D128/><U70/><E70/><V102/><F26/><W129/><G5/><T133/><D133/><U30/><E134/><V103/><F103/><W40/><G38/><T6/><D6/><U54/><E121/><V109/><F109/><W12/><G129/><T33/><D55/><U127/><E127/><V17/><F53/><W39/><G57/><T115/><D115/><U0/><E0/><V135/><F135/><W9/><G39/><T31/><D19/><U34/><E34/><V91/><F17/><N who="3" m="8335" /><G99/><T62/><REACH who="0" step="1"/><D64/><REACH who="0" ten="194,207,292,297" step="2"/><U123/><E67/><V119/><F65/><W124/><G124/><T80/><D80/><U92/><E123/><V66/><F120/><W59/><G117/><T37/><AGARI ba="0,1" hai="24,31,33,37,43,44,60,62,81,86,89,96,101,107" machi="37" ten="20,2700,0" yaku="1,1,0,1,7,1,53,0" doraHai="14" doraHaiUra="74" who="0" fromWho="0" sc="194,37,207,-7,292,-13,297,-7" /><INIT seed="3,0,0,0,1,69" ten="231,200,279,290" oya="3" hai0="38,109,71,121,112,1,78,58,116,34,24,87,48" hai1="126,74,43,73,72,60,80,131,15,26,83,23,10" hai2="76,122,46,17,6,0,7,110,28,82,30,98,51" hai3="5,56,41,18,25,49,92,70,31,53,90,130,134"/><W59/><G70/><T65/><D116/><U84/><E131/><V13/><F110/><W8/><G134/><T86/><D121/><U93/><E126/><V123/><F98/><W75/><G75/><T64/><D1/><U127/><E127/><V101/><F101/><W117/><G117/><T81/><D109/><U91/><E60/><V94/><F94/><W45/><G18/><T4/><D4/><U119/><E119/><V40/><F0/><W44/><G44/><T132/><D132/><U67/><E67/><V108/><F108/><W124/><G130/><T128/><D128/><U102/><E102/><V47/><F47/><W22/><G53/><N who="0" m="32039" /><D38/><U111/><E43/><V95/><F95/><W27/><G27/><T12/><D71/><U14/><E111/><V68/><F68/><W120/><G120/><N who="2" m="46121" /><F7/><W96/><G124/><T52/><D112/><U39/><E39/><V104/><F104/><W33/><G33/><T133/><D133/><U61/><E61/><V89/><F89/><W113/><G113/><T62/><D34/><U114/><E114/><V19/><F19/><W129/><G129/><T54/><D24/><U9/><E15/><AGARI ba="0,0" hai="5,8,15,22,25,31,41,45,49,56,59,90,92,96" machi="15" ten="30,2900,0" yaku="7,1,8,1" doraHai="69" who="3" fromWho="1" sc="231,0,200,-29,279,0,290,29" owari="231,-16.9,171,-32.9,279,7.9,319,41.9" /></mjloggm>