<mjloggm ver="2.3"><GO type="225" lobby="0"/><UN n0="%E7%99%BD%E5%80%89%E5%AF%9B%E4%B9%8B" n1="%33%74%72%65%65" n2="%E6%A1%9C%E8%8A%B1%E9%96%83%E3%80%85" n3="%E5%91%89%E5%AF%8C%E6%98%A5" dan="16,17,16,16" rate="2176.80,2220.42,2127.88,2116.83" sx="M,F,M,M"/><TAIKYOKU oya="0"/><INIT seed="0,0,0,2,0,45" ten="250,250,250,250" oya="0" hai0="97,108,44,82,115,87,110,74,72,33,37,14,10" hai1="119,2,57,132,62,58,5,107,41,39,80,101,124" hai2="122,26,17,15,69,99,92,104,30,28,96,94,52" hai3="43,130,40,73,7,98,111,36,133,113,0,84,102"/><T55/><D33/><U19/><E119/><V60/><F122/><W16/><G113/><T79/><D115/><U56/><E132/><V25/><F104/><W77/><G73/><T13/><D97/><N who="2" m="37450" /><F69/><W89/><G133/><T47/><D14/><U83/><E107/><V24/><F94/><W114/><G114/><T54/><D47/><U21/><E101/><V88/><F60/><W38/><G77/><T91/><D37/><U70/><E124/><V90/><F52/><N who="0" m="20010" /><D44/><U103/><E103/><V123/><F123/><W93/><G38/><T128/><D79/><U32/><E32/><V126/><F126/><W134/><G36/><T6/><D128/><U78/><E78/><V135/><F135/><W85/><G130/><T51/><D51/><U53/><E70/><V129/><F129/><W23/><G134/><T35/><D35/><U49/><E39/><V116/><F116/><W65/><G43/><T131/><D131/><U118/><E118/><V4/><F4/><W59/><G40/><T29/><D29/><N who="2" m="11370" /><F92/><W68/><G68/><T46/><D46/><U12/><E5/><V50/><F50/><W31/><G93/><T63/><D63/><U109/><E2/><V20/><AGARI ba="0,0" hai="15,17,20,24,25,26,88,90" m="11370,37450" machi="20" ten="30,2000,0" yaku="8,1,54,1" doraHai="45" who="2" fromWho="2" sc="250,-10,250,-5,250,20,250,-5" /><INIT seed="1,0,0,2,4,133" ten="240,245,270,245" oya="1" hai0="100,23,51,81,61,17,80,5,130,57,63,59,92" hai1="65,105,44,21,123,103,16,74,119,56,93,132,101" hai2="27,120,125,12,47,37,89,70,54,15,124,32,69" hai3="48,35,102,72,43,46,99,53,114,30,111,34,91"/><U49/><E119/><V71/><F120/><W60/><G114/><T25/><D130/><U98/><E123/><V1/><F1/><W78/><G111/><T6/><D51/><U107/><E132/><V121/><F121/><W118/><G118/><T109/><D109/><U116/><E116/><V73/><F89/><W24/><G91/><T0/><D0/><U7/><E74/><V39/><F54/><W112/><G112/><T8/><D8/><U29/><E7/><N who="0" m="2569" /><D92/><U42/><E29/><N who="2" m="19519" /><F73/><W41/><G35/><T67/><D100/><N who="1" m="60495" /><E105/><V95/><F95/><W45/><G60/><T127/><D127/><N who="2" m="48714" /><F47/><W33/><G46/><T77/><D77/><U11/><E107/><V62/><F62/><W97/><G78/><T76/><D76/><U94/><E94/><V82/><F82/><W68/><G45/><T126/><D126/><U117/><E117/><V129/><F129/><W135/><G72/><T106/><D106/><U52/><E44/><V66/><F66/><AGARI ba="0,0" hai="17,23,25,57,59,61,63,66,67,80,81" m="2569" machi="66" ten="30,1000,0" yaku="8,1" doraHai="133" who="0" fromWho="2" sc="240,10,245,0,270,-10,245,0" /><INIT seed="2,0,0,4,3,14" ten="250,245,260,245" oya="2" hai0="52,0,58,56,82,2,91,121,93,90,96,60,94" hai1="38,10,126,20,85,43,130,124,129,133,122,57,54" hai2="134,3,115,76,4,112,73,35,5,33,17,70,39" hai3="100,103,135,116,83,89,15,6,29,132,102,50,71"/><V128/><F70/><W31/><G116/><T125/><D121/><U92/><E122/><V55/><F55/><W1/><G71/><T61/><D82/><U113/><E10/><N who="2" m="2335" /><F39/><W36/><G1/><T40/><D40/><U25/><E113/><N who="2" m="43595" /><F5/><W99/><G36/><T106/><D106/><U7/><E7/><V88/><F88/><W84/><G50/><T34/><D34/><N who="2" m="12810" /><F76/><W127/><G99/><T13/><D13/><U66/><E66/><V97/><F97/><W117/><G100/><T86/><REACH who="0" step="1"/><D125/><REACH who="0" ten="240,245,260,245" step="2"/><U118/><E126/><V48/><F73/><W95/><G127/><T105/><D105/><U62/><E124/><V79/><F79/><W74/><G83/><T23/><D23/><U64/><E20/><V131/><F48/><W111/><G74/><T46/><D46/><U75/><E75/><V44/><F44/><W11/><G15/><T18/><D18/><U28/><E43/><V16/><F134/><W37/><G132/><T30/><D30/><U104/><E28/><V51/><F51/><W107/><G135/><T114/><D114/><U69/><E133/><V81/><F81/><W101/><G107/><T12/><D12/><U120/><E104/><V41/><F41/><W21/><G31/><T27/><D27/><U24/><E25/><V19/><AGARI ba="0,1" hai="16,17,19,128,131" m="12810,43595,2335" machi="19" ten="40,18000,2" yaku="34,2,52,3,54,1" doraHai="14" who="2" fromWho="2" sc="240,-60,245,-60,260,190,245,-60" /><INIT seed="2,1,0,1,0,101" ten="180,185,450,185" oya="2" hai0="60,56,28,107,80,29,118,77,84,96,122,82,15" hai1="33,98,14,114,74,10,121,78,45,62,113,7,126" hai2="133,27,90,32,2,44,93,94,23,73,16,39,72" hai3="31,19,83,116,117,50,135,51,88,103,35,25,49"/><V71/><F71/><W131/><G131/><T43/><D122/><U112/><E121/><V124/><F2/><W70/><G70/><T130/><D130/><U36/><E126/><V9/><F124/><W134/><G103/><T127/><D127/><U4/><E33/><V105/><F133/><N who="3" m="50699" /><G19/><T48/><D118/><U47/><E98/><V108/><F32/><W100/><G100/><T58/><D107/><U111/><E111/><V99/><F108/><W132/><N who="3" m="50707" /><W18/><DORA hai="125" /><G18/><T79/><D96/><U41/><E45/><V46/><F105/><W64/><G64/><T81/><D15/><U65/><E4/><V1/><F93/><W123/><G123/><T20/><D20/><U13/><E13/><V42/><REACH who="2" step="1"/><F46/><REACH who="2" ten="180,185,440,185" step="2"/><W91/><G83/><T0/><D0/><U76/><REACH who="1" step="1"/><E74/><REACH who="1" ten="180,175,440,185" step="2"/><V34/><F34/><W55/><G117/><T26/><D79/><U37/><E37/><V57/><F57/><AGARI ba="1,2" hai="7,10,14,36,41,47,57,62,65,76,78,112,113,114" machi="57" ten="40,5200,0" yaku="1,1,53,2" doraHai="101,125" doraHaiUra="61,54" who="1" fromWho="2" sc="180,0,175,75,440,-55,185,0" /><INIT seed="3,0,0,2,4,123" ten="180,250,385,185" oya="3" hai0="13,57,14,104,18,37,129,52,45,87,24,47,80" hai1="36,65,49,64,7,23,4,92,81,75,112,93,26" hai2="61,110,32,20,63,115,60,120,101,106,46,30,31" hai3="58,6,35,10,73,11,42,109,107,74,39,68,131"/><W89/><G107/><T118/><D104/><U51/><E36/><V102/><F110/><W94/><G68/><T117/><D129/><U48/><E112/><V111/><F111/><W38/><G35/><T27/><D117/><U103/><E81/><V69/><F69/><W126/><G109/><T25/><D118/><U44/><E44/><N who="0" m="16969" /><D37/><U76/><E76/><V130/><F115/><W3/><G131/><T29/><D29/><U98/><E92/><V62/><F120/><W12/><G126/><T128/><D128/><U133/><E75/><V67/><F32/><W134/><G134/><T113/><D18/><N who="1" m="12663" /><E133/><V59/><F130/><W119/><G119/><T127/><D127/><U40/><E40/><V124/><F124/><W33/><G33/><T84/><D113/><U91/><E91/><V50/><F106/><W95/><G38/><T88/><D84/><U0/><E0/><V122/><F122/><W116/><G116/><T108/><D108/><U53/><E53/><N who="2" m="29911" /><F20/><W43/><G39/><T77/><D77/><U72/><E72/><V22/><F22/><W1/><G1/><T99/><D99/><U100/><E100/><AGARI ba="0,0" hai="30,31,59,60,61,62,63,67,100,101,102" m="29911" machi="100" ten="30,1000,0" yaku="8,1" doraHai="123" who="2" fromWho="1" sc="180,0,250,-10,385,10,185,0" owari="180,-32.0,240,4.0,395,49.5,185,-21.5" /></mjloggm>