<mjloggm ver="2.3"><GO type="225" lobby="0"/><UN n0="%E6%9D%B1%E9%A2%A8%E3%81%AE%E3%81%8D%E3%82%83%E3%81%B7%E3%81%95%E3%82%93" n1="%E3%81%AF%E3%82%88%E3%81%8A%E3%81%98%E3%81%95%E3%82%93" n2="%E3%82%B3%E3%83%90%E3%83%AC%E3%82%A4" n3="%E5%91%A8%E6%9D%B1" dan="16,17,16,16" rate="2158.19,2154.39,2139.52,2184.65" sx="M,M,M,M"/><TAIKYOKU oya="0"/><INIT seed="0,0,0,2,0,120" ten="250,250,250,250" oya="0" hai0="119,111,20,128,98,79,29,24,7,114,44,10,70" hai1="49,27,78,6,131,71,14,76,18,66,21,135,4" hai2="37,54,84,96,97,123,55,2,89,130,42,0,22" hai3="59,108,104,68,38,1,9,45,85,26,50,69,103"/><T41/><D70/><U12/><E131/><V117/><F130/><W95/><G104/><T63/><D128/><U62/><E135/><V51/><F123/><W124/><G26/><T121/><D121/><U106/><E106/><V127/><F117/><W77/><G103/><T126/><D119/><U102/><E102/><V92/><F0/><W87/><G1/><T34/><D114/><U134/><E134/><V72/><F72/><W57/><G9/><T39/><D126/><U109/><E109/><V16/><F2/><W28/><G28/><T67/><D98/><U80/><E78/><V17/><F17/><W81/><G38/><T88/><D79/><U74/><E14/><V94/><F127/><W5/><G5/><T99/><D111/><U64/><E66/><V132/><F132/><W8/><G8/><T15/><D34/><U58/><E12/><V33/><F33/><W82/><G95/><T101/><D101/><U65/><E64/><V30/><F30/><W118/><G124/><T13/><D13/><U75/><E74/><V3/><F3/><W90/><G118/><T125/><D125/><U129/><E129/><V110/><F110/><W86/><G108/><T40/><D40/><U61/><E62/><V32/><F32/><W105/><G105/><T122/><D122/><U91/><E91/><N who="2" m="53351" /><F97/><W60/><G86/><T113/><D113/><U47/><E71/><N who="3" m="27210" /><G60/><T46/><D63/><U23/><E21/><V35/><F35/><W52/><G77/><T43/><D67/><U25/><E27/><N who="2" m="14791" /><F37/><W107/><G107/><T133/><D133/><U83/><E83/><RYUUKYOKU ba="0,0" sc="250,-30,250,10,250,10,250,10" hai1="4,6,18,23,25,47,49,58,61,65,75,76,80" hai2="42,51,54,55,89,94,96" hai3="45,50,52,57,59,81,82,85,87,90" /><INIT seed="1,1,0,1,3,134" ten="220,260,260,260" oya="1" hai0="15,48,39,4,63,40,5,32,33,92,76,57,90" hai1="1,28,88,78,112,111,60,69,82,114,7,118,31" hai2="99,42,81,23,11,62,14,133,125,16,97,73,128" hai3="89,74,68,36,46,94,132,110,52,85,67,130,55"/><U17/><E118/><V45/><F133/><W30/><G132/><T123/><D39/><U44/><E111/><V58/><F128/><W79/><G110/><T37/><D37/><U3/><E44/><V6/><F73/><W54/><G130/><T70/><D123/><U8/><E1/><V72/><F72/><W101/><G30/><T75/><D70/><U66/><E17/><V38/><F81/><W27/><G27/><T86/><D75/><U129/><E129/><V35/><F35/><W80/><G101/><T13/><D76/><U106/><E106/><V2/><REACH who="2" step="1"/><F125/><REACH who="2" ten="220,260,250,260" step="2"/><W53/><N who="3" m="13312" /><DORA hai="115" /><W113/><G113/><T126/><D126/><U120/><E120/><V12/><F12/><N who="0" m="4682" /><D32/><U96/><E112/><V121/><F121/><W59/><G46/><N who="0" m="25671" /><D33/><U64/><E114/><V19/><F19/><W22/><G22/><T95/><D95/><N who="1" m="56423" /><E31/><V29/><F29/><W117/><G117/><T122/><D122/><U98/><E28/><V87/><F87/><W107/><G107/><T50/><D50/><U84/><E84/><V20/><F20/><W103/><G36/><T9/><D9/><U100/><E8/><V77/><F77/><W131/><G131/><T119/><D119/><U21/><E21/><V24/><F24/><W127/><G127/><T18/><D18/><U43/><E3/><V26/><F26/><W91/><G74/><T25/><D25/><U49/><E49/><V0/><F0/><W47/><G47/><T109/><D109/><U41/><E78/><V10/><F10/><W34/><G79/><T104/><D104/><U102/><E82/><RYUUKYOKU ba="1,1" sc="220,15,260,-15,250,15,260,-15" hai0="4,5,57,63,86,90,92" hai2="2,6,11,14,16,23,38,42,45,58,62,97,99" /><INIT seed="2,2,1,3,1,57" ten="235,245,265,245" oya="2" hai0="70,68,4,43,9,13,45,114,108,46,52,87,23" hai1="105,14,2,35,112,29,103,75,106,12,24,82,126" hai2="118,3,129,79,51,27,128,20,8,0,67,18,30" hai3="102,32,131,109,58,73,37,76,115,119,99,17,86"/><V25/><F79/><W125/><G119/><T63/><D114/><U49/><E112/><V88/><F118/><W124/><G115/><T40/><D108/><U41/><E2/><V55/><F67/><W65/><G37/><T101/><D101/><U78/><E126/><N who="3" m="48746" /><G32/><T10/><D23/><U69/><E69/><V56/><F8/><W94/><G17/><T50/><D87/><U54/><E41/><V39/><F39/><W61/><G109/><T130/><D130/><N who="2" m="50282" /><F88/><N who="3" m="53527" /><G131/><T34/><D34/><AGARI ba="2,1" hai="0,3,18,20,25,27,30,34,51,55,56" m="50282" machi="34" ten="30,1500,0" yaku="19,1" doraHai="57" who="2" fromWho="0" sc="235,-21,245,0,265,31,245,0" /><INIT seed="2,3,0,3,0,128" ten="214,245,296,245" oya="2" hai0="78,34,33,133,119,37,36,29,0,51,32,89,20" hai1="21,79,91,134,122,8,22,25,42,98,125,27,35" hai2="46,10,69,80,85,94,3,75,55,28,45,76,7" hai3="11,127,62,120,108,4,101,102,26,47,109,129,121"/><V82/><F69/><W12/><G129/><T95/><D0/><U123/><E79/><V58/><F28/><W74/><G74/><T130/><D78/><U118/><E118/><V48/><F94/><W1/><G127/><T81/><D130/><U84/><E42/><V16/><F75/><W49/><G62/><T53/><D81/><U87/><E8/><V65/><F80/><W57/><G57/><T17/><D29/><U52/><E35/><V135/><F65/><W97/><G26/><T77/><D77/><U66/><E66/><V88/><F76/><W104/><G102/><T30/><D30/><U96/><E91/><V100/><F100/><W31/><G1/><T2/><D2/><U14/><E14/><V73/><F73/><W131/><G31/><T115/><D115/><U67/><E67/><V60/><F60/><W83/><G83/><T18/><D119/><U68/><E68/><V70/><F70/><W23/><G23/><T106/><D106/><U117/><E117/><V93/><F82/><W124/><G124/><T126/><D126/><U63/><E125/><V19/><F135/><W110/><REACH who="3" step="1"/><G131/><REACH who="3" ten="214,245,296,235" step="2"/><T71/><D71/><U111/><E63/><V107/><F107/><W44/><G44/><N who="0" m="27879" /><D133/><U24/><E134/><V15/><F19/><N who="0" m="7178" /><D20/><AGARI ba="3,1" hai="3,7,10,15,16,20,45,46,48,55,58,85,88,93" machi="20" ten="30,12000,1" yaku="7,1,25,2,54,2" doraHai="128" who="2" fromWho="0" sc="214,-129,245,0,296,139,235,0" /><INIT seed="2,4,0,4,4,112" ten="85,245,435,235" oya="2" hai0="94,28,55,78,13,88,92,83,97,62,75,84,60" hai1="16,79,26,7,109,53,120,102,9,116,15,57,130" hai2="46,10,21,69,54,49,93,30,132,29,121,113,8" hai3="67,6,125,127,24,2,101,71,36,50,91,103,117"/><V70/><F121/><W3/><G36/><T23/><D55/><U86/><E116/><V56/><F113/><W114/><G114/><T52/><D28/><U51/><E109/><V96/><F132/><W4/><G50/><T59/><D13/><U68/><E68/><V80/><F70/><W40/><G71/><T58/><D23/><U131/><E102/><V77/><F69/><W14/><G24/><T99/><REACH who="0" step="1"/><D92/><REACH who="0" ten="75,245,435,235" step="2"/><U32/><E15/><V5/><F30/><W110/><G14/><T129/><D129/><U27/><E53/><V126/><F29/><W87/><G110/><T104/><D104/><U89/><E130/><V124/><F21/><W122/><G122/><T123/><D123/><U134/><E131/><V72/><F46/><W90/><G3/><T22/><D22/><U31/><E31/><V63/><F63/><W0/><G2/><T107/><D107/><U48/><E120/><V66/><F66/><W35/><G0/><T111/><D111/><U64/><E64/><V105/><F105/><W135/><G67/><T17/><D17/><U11/><E16/><V34/><F34/><W106/><G106/><T95/><D95/><U118/><E32/><V47/><F47/><W61/><G6/><T82/><D82/><U42/><E7/><V108/><F108/><W85/><G4/><T43/><D43/><U115/><E42/><V128/><F128/><W20/><G40/><T18/><D18/><U1/><E1/><N who="2" m="47" /><F10/><N who="1" m="3593" /><E118/><V73/><F93/><W81/><G117/><T37/><D37/><U98/><E115/><V12/><F12/><W119/><G35/><RYUUKYOKU ba="4,1" sc="75,30,245,-10,435,-10,235,-10" hai0="52,58,59,60,62,75,78,83,84,88,94,97,99" /><INIT seed="3,5,1,1,1,127" ten="105,235,425,225" oya="3" hai0="102,52,89,97,124,130,125,90,69,39,23,19,17" hai1="46,129,134,115,35,15,43,108,119,117,45,31,66" hai2="85,131,0,40,13,72,41,47,38,123,128,100,34" hai3="26,62,87,106,36,126,59,29,48,33,71,49,104"/><W118/><G118/><N who="1" m="45066" /><E129/><N who="2" m="49739" /><F0/><W81/><G36/><T61/><D130/><U20/><E115/><V9/><F34/><W84/><G126/><N who="0" m="48747" /><D39/><U93/><E108/><V42/><F72/><W98/><G87/><T105/><D69/><U74/><E134/><V18/><F123/><W32/><G32/><T4/><D4/><U65/><E74/><V7/><F7/><W63/><G71/><T122/><D122/><U120/><E120/><V78/><F100/><W88/><G63/><T73/><D73/><U6/><E46/><V3/><F3/><W8/><G8/><T110/><D110/><U121/><E6/><V58/><F58/><W107/><REACH who="3" step="1"/><G98/><REACH who="3" ten="105,235,425,215" step="2"/><T103/><D103/><U25/><E35/><V114/><F114/><W75/><G75/><T2/><D2/><U86/><E121/><V113/><F113/><W132/><G132/><T76/><D76/><U79/><E79/><V133/><F133/><W14/><G14/><T91/><D23/><U101/><E15/><V54/><F78/><W60/><G60/><T28/><D28/><U116/><E116/><V68/><F68/><W92/><G92/><T96/><D96/><N who="1" m="59535" /><E86/><V10/><F85/><W83/><G83/><T112/><D112/><U30/><E31/><V95/><F95/><W11/><G11/><T53/><D61/><U111/><E111/><V77/><F77/><W135/><G135/><T64/><D64/><AGARI ba="5,2" hai="26,29,33,48,49,59,62,64,81,84,88,104,106,107" machi="64" ten="40,3900,0" yaku="1,1,54,1,53,0" doraHai="127" doraHaiUra="50" who="3" fromWho="0" sc="105,-54,235,0,425,0,215,74" /><INIT seed="3,6,0,5,1,55" ten="51,235,425,289" oya="3" hai0="103,71,42,69,114,38,37,79,5,45,125,43,107" hai1="80,23,35,59,67,132,56,72,63,32,53,46,120" hai2="54,75,47,14,25,82,9,111,41,95,131,73,39" hai3="89,31,58,62,7,65,30,130,92,19,133,20,36"/><W61/><G130/><T99/><D125/><U49/><E120/><V106/><F106/><W101/><G133/><T134/><D134/><U113/><E113/><V123/><F131/><W16/><G36/><T128/><D128/><U96/><E132/><V126/><F123/><W78/><G78/><T109/><D114/><U121/><E121/><V10/><F126/><W60/><G7/><T17/><D17/><N who="3" m="6729" /><G101/><T100/><D100/><U40/><E23/><V91/><F111/><W27/><G31/><T97/><D97/><U90/><E72/><V86/><F25/><W119/><G119/><T8/><D109/><U4/><E4/><V117/><F117/><W81/><G81/><T12/><D12/><U122/><E122/><V44/><F95/><W88/><G89/><T28/><D28/><U1/><E1/><V68/><F68/><W26/><G27/><T2/><D42/><U83/><E83/><V115/><F115/><W135/><G135/><T21/><D21/><U6/><E6/><V129/><F129/><W105/><G105/><T51/><D51/><U3/><E3/><V70/><F70/><W94/><G94/><T15/><D15/><U124/><E124/><V33/><F33/><W104/><G104/><T108/><D108/><U34/><E34/><V110/><F110/><W87/><AGARI ba="6,0" hai="20,26,30,58,60,61,62,65,87,88,92" m="6729" machi="87" ten="30,11700,0" yaku="8,1,52,1,54,2" doraHai="55" who="3" fromWho="3" sc="51,-45,235,-45,425,-45,289,135" owari="6,-49.4,190,-21.0,380,18.0,424,52.4" /></mjloggm>