<mjloggm ver="2.3"><GO type="225" lobby="0"/><UN n0="%70%6E%64%73%6E%67" n1="%77%72%77%72%77%72%77%72" n2="%E7%99%BD%E5%80%89%E5%AF%9B%E4%B9%8B" n3="%E3%81%BF%E3%81%BF%E3%81%9A" dan="16,17,16,18" rate="2117.49,2133.57,2103.12,2267.56" sx="M,M,M,M"/><TAIKYOKU oya="0"/><INIT seed="0,0,0,3,2,6" ten="250,250,250,250" oya="0" hai0="73,125,112,32,4,39,93,59,69,67,20,48,0" hai1="90,2,113,38,25,106,17,45,15,115,55,57,103" hai2="91,130,131,95,126,14,33,132,135,21,76,78,81" hai3="97,29,18,7,10,99,89,36,3,83,86,35,94"/><T110/><D32/><U98/><E2/><V111/><F33/><W104/><G36/><T87/><D73/><U40/><E25/><V133/><F21/><W74/><G104/><T58/><D39/><U134/><E90/><V8/><F111/><W63/><G18/><T28/><D69/><U116/><E116/><V41/><F41/><W13/><G3/><T26/><D112/><U34/><E34/><V42/><F42/><W50/><G63/><N who="0" m="38391" /><D0/><U96/><E96/><N who="2" m="57471" /><F126/><W56/><G29/><T31/><D125/><U61/><REACH who="1" step="1"/><E134/><REACH who="1" ten="250,240,250,250" step="2"/><V44/><F81/><W68/><G35/><T66/><D110/><U19/><E19/><N who="2" m="8647" /><F44/><W65/><G83/><T16/><D4/><U47/><E47/><V108/><F108/><W124/><G124/><T49/><D31/><U114/><E114/><V70/><F70/><W30/><G68/><T85/><D28/><U46/><E46/><V118/><F118/><W79/><G30/><T92/><D85/><U121/><E121/><V123/><F123/><W100/><G74/><T37/><D87/><U71/><E71/><V64/><F135/><W84/><G79/><T129/><D129/><U77/><E77/><V127/><F127/><W53/><G65/><T117/><D117/><U120/><E120/><V54/><F64/><W24/><G24/><T52/><D66/><U11/><AGARI ba="0,1" hai="11,15,17,38,40,45,55,57,61,98,103,106,113,115" machi="11" ten="30,4000,0" yaku="1,1,0,1,52,1,53,0" doraHai="6" doraHaiUra="105" who="1" fromWho="1" sc="250,-20,240,50,250,-10,250,-10" /><INIT seed="1,0,0,0,5,41" ten="230,290,240,240" oya="1" hai0="79,14,15,9,78,82,44,118,37,43,96,39,108" hai1="74,84,117,68,132,0,7,64,57,62,11,59,80" hai2="106,116,5,125,83,72,2,4,95,21,45,93,102" hai3="66,71,126,94,22,50,88,115,105,18,29,56,54"/><U30/><E132/><V73/><F116/><W134/><G134/><T20/><D108/><U100/><E117/><V31/><F125/><W60/><G126/><T85/><D118/><U16/><E74/><V131/><F131/><W92/><G115/><T63/><D63/><U107/><E30/><V38/><F106/><W47/><G105/><T6/><D96/><U109/><E109/><V3/><F102/><W81/><G29/><T114/><D114/><U113/><E113/><V28/><F21/><W24/><G71/><T87/><D87/><AGARI ba="0,0" hai="18,22,24,47,50,54,56,60,66,81,87,88,92,94" machi="87" ten="40,5200,0" yaku="8,1,52,1,54,1" doraHai="41" who="3" fromWho="0" sc="230,-52,290,0,240,0,240,52" /><INIT seed="2,0,0,2,2,130" ten="178,290,240,292" oya="2" hai0="99,132,75,49,78,117,103,80,23,129,110,32,134" hai1="135,21,9,82,122,36,7,26,62,57,115,51,1" hai2="94,70,85,29,127,5,45,105,74,68,125,67,88" hai3="6,52,38,61,84,8,87,95,18,118,60,41,72"/><V25/><F74/><W53/><G118/><T76/><D117/><U112/><E36/><V65/><F105/><W59/><G72/><T97/><D32/><U58/><E122/><V108/><F5/><W11/><G38/><T96/><D129/><U119/><E119/><V73/><F73/><W124/><G124/><N who="2" m="47689" /><F45/><W133/><G133/><N who="0" m="51307" /><D76/><U71/><E135/><V109/><F67/><W92/><G18/><T56/><D110/><N who="2" m="42602" /><F65/><W31/><G6/><T19/><D56/><U107/><E107/><V116/><F116/><W44/><G59/><T27/><D49/><U93/><E71/><V63/><F63/><W20/><G44/><T46/><D46/><U22/><E51/><V40/><F40/><W54/><G54/><T98/><D98/><U48/><E48/><V42/><F42/><W106/><G106/><AGARI ba="0,0" hai="19,23,27,75,78,80,96,97,99,103,106" m="51307" machi="106" ten="30,7700,0" yaku="20,1,52,3" doraHai="130" who="0" fromWho="3" sc="178,77,290,0,240,0,292,-77" /><INIT seed="3,0,0,1,0,102" ten="255,290,240,215" oya="3" hai0="1,37,61,60,95,97,12,75,124,15,76,70,26" hai1="132,128,131,78,41,91,5,104,85,129,135,59,71" hai2="7,36,64,29,54,35,25,81,48,134,30,82,52" hai3="18,55,68,28,77,39,105,10,100,72,123,40,4"/><W69/><G123/><T31/><D37/><U32/><E71/><V103/><F36/><W89/><G28/><T21/><D1/><U14/><E32/><V73/><F134/><N who="1" m="51241" /><E41/><V58/><F73/><W53/><G18/><T11/><D12/><U80/><E104/><V33/><F64/><W67/><G89/><T13/><D97/><U42/><E42/><V51/><F7/><W79/><G79/><T133/><D60/><U88/><E59/><V110/><F103/><W56/><G67/><T2/><D11/><AGARI ba="0,0" hai="5,11,14,78,80,85,88,91,128,129,131" m="51241" machi="11" ten="40,5200,0" yaku="19,1,20,1,54,1" doraHai="102" who="1" fromWho="0" sc="255,-52,290,52,240,0,215,0" owari="203,-29.7,342,44.2,240,4.0,215,-18.5" /></mjloggm>