<mjloggm ver="2.3"><GO type="225" lobby="0"/><UN n0="%E9%80%86%E9%80%A3%E5%B8%AF%E3%81%AE%E9%AC%BC" n1="%E3%83%96%E3%83%83%E3%83%91%E3%82%AA%E3%83%96%E3%83%81%E3%82%AD%E3%83%B3" n2="%65%78%69%73%74%2D%79" n3="%E3%81%A4%E3%81%A3%E3%81%B1%E3%82%8A%E3%83%9D%E3%83%BC%E3%83%AB" dan="17,16,16,17" rate="2006.80,2172.17,2086.91,2166.10" sx="M,M,M,M"/><TAIKYOKU oya="0"/><INIT seed="0,0,0,4,0,13" ten="250,250,250,250" oya="0" hai0="61,71,76,68,50,29,106,132,49,74,67,84,111" hai1="97,96,48,2,104,1,107,30,7,14,66,134,3" hai2="51,62,58,129,109,57,36,41,53,22,83,99,114" hai3="123,21,117,6,121,93,32,113,81,37,25,59,101"/><T91/><D132/><U5/><E134/><V12/><F129/><W128/><G113/><T56/><D106/><N who="1" m="40491" /><E48/><V89/><F109/><W70/><G128/><T23/><D111/><U118/><E14/><V52/><F114/><W42/><G117/><T40/><D74/><U26/><E66/><V72/><F72/><W135/><G70/><T27/><D76/><U77/><E77/><V16/><F36/><W95/><G32/><T47/><REACH who="0" step="1"/><D50/><REACH who="0" ten="240,250,250,250" step="2"/><U20/><E118/><V19/><F41/><W44/><G135/><T100/><D100/><U8/><E2/><V11/><F89/><W46/><G101/><T43/><D43/><U103/><E1/><V120/><F120/><W98/><G42/><T39/><D39/><U112/><E3/><V78/><F99/><W24/><G37/><T4/><D4/><U9/><E5/><V38/><F38/><W55/><G6/><T110/><D110/><U63/><E7/><V82/><F78/><W34/><G98/><T115/><D115/><U45/><E97/><V131/><REACH who="2" step="1"/><F131/><REACH who="2" ten="240,250,240,250" step="2"/><W31/><G123/><T130/><D130/><U88/><E96/><V10/><F10/><W79/><G121/><T54/><D54/><U108/><E8/><V133/><F133/><W80/><G79/><T35/><D35/><U28/><E9/><V65/><F65/><W86/><G55/><T126/><D126/><U69/><E108/><V0/><F0/><W87/><G34/><T119/><D119/><U33/><E33/><V90/><F90/><W92/><G86/><T85/><D85/><U75/><E88/><V17/><F17/><RYUUKYOKU ba="0,2" sc="240,15,250,-15,240,15,250,-15" hai0="23,27,29,40,47,49,56,61,67,68,71,84,91" hai2="11,12,16,19,22,51,52,53,57,58,62,82,83" /><INIT seed="0,1,2,4,2,122" ten="255,235,255,235" oya="0" hai0="37,7,58,11,100,133,30,123,128,80,102,121,73" hai1="51,77,62,83,117,114,25,55,0,13,45,106,98" hai2="110,104,74,97,115,78,17,124,88,47,46,112,52" hai3="43,116,89,70,2,41,134,35,131,93,3,16,53"/><T9/><D37/><U82/><E117/><V92/><F124/><W5/><G70/><T130/><D30/><U109/><E0/><V42/><F17/><W26/><G35/><T12/><D133/><U85/><E114/><V23/><F23/><N who="3" m="13671" /><G116/><T19/><D58/><U95/><E109/><V76/><F104/><W105/><G105/><T56/><D56/><U28/><E106/><V127/><F127/><W125/><G134/><T63/><D63/><U44/><E62/><V38/><F110/><W21/><G125/><T18/><D80/><U22/><E83/><V48/><REACH who="2" step="1"/><F74/><REACH who="2" ten="255,235,245,235" step="2"/><W15/><G5/><T99/><D73/><U91/><REACH who="1" step="1"/><E13/><REACH who="1" ten="255,225,245,235" step="2"/><V84/><F84/><N who="3" m="52391" /><G15/><T8/><D12/><U14/><E14/><V129/><F129/><W31/><G3/><T54/><D130/><U94/><E94/><V34/><F34/><W81/><G2/><T118/><D128/><U135/><E135/><V119/><F119/><W66/><G131/><T50/><D118/><U1/><E1/><V65/><F65/><W49/><G66/><T4/><D4/><U132/><E132/><V32/><F32/><W61/><G81/><T40/><D7/><U101/><E101/><V96/><F96/><W69/><G21/><T72/><D102/><U107/><E107/><V6/><F6/><W59/><G31/><T108/><D100/><U75/><E75/><V20/><F20/><W86/><G86/><T67/><D72/><U57/><AGARI ba="1,4" hai="22,25,28,44,45,51,55,57,77,82,85,91,95,98" machi="57" ten="20,5200,0" yaku="1,1,0,1,7,1,8,1,53,0" doraHai="122" doraHaiUra="64" who="1" fromWho="1" sc="255,-27,225,95,245,-14,235,-14" /><INIT seed="1,0,0,4,0,0" ten="228,320,231,221" oya="1" hai0="89,34,10,41,122,124,93,126,92,26,125,21,67" hai1="54,27,111,38,100,105,6,132,129,51,118,45,69" hai2="55,97,114,17,22,68,113,86,94,99,103,90,30" hai3="120,18,44,28,77,47,112,29,71,23,102,3,58"/><U135/><E118/><V16/><F68/><W39/><G71/><T131/><D131/><U65/><E129/><V74/><F74/><W12/><G3/><T82/><D122/><U75/><E75/><V35/><F35/><W24/><G120/><T73/><D34/><U108/><E27/><N who="2" m="16759" /><F55/><W37/><G112/><N who="2" m="43113" /><F97/><W52/><G77/><T130/><D130/><U117/><E117/><V87/><F86/><W85/><G102/><T1/><D67/><U84/><E84/><V43/><F43/><W48/><G85/><N who="0" m="50359" /><D41/><N who="1" m="22711" /><E100/><V91/><F90/><W109/><G109/><N who="1" m="42058" /><E105/><AGARI ba="0,0" hai="16,17,87,91,94,99,103,105" m="43113,16759" machi="105" ten="30,2000,0" yaku="11,1,54,1" doraHai="0" who="2" fromWho="1" sc="228,0,320,-20,231,20,221,0" /><INIT seed="2,0,0,0,3,59" ten="228,300,251,221" oya="2" hai0="110,88,64,62,133,94,98,16,30,9,12,89,92" hai1="117,68,24,116,72,71,20,3,40,90,44,2,55" hai2="91,47,13,118,105,108,78,38,121,26,54,115,5" hai3="106,130,31,112,29,70,73,50,81,82,86,61,8"/><V1/><F78/><W19/><G106/><T51/><D110/><U125/><E72/><V21/><F91/><W109/><G109/><T23/><D133/><U45/><E55/><V35/><F54/><W120/><G120/><T93/><D51/><U113/><E113/><V95/><F95/><W53/><G112/><T14/><D89/><U97/><E125/><V75/><F47/><W69/><G130/><T122/><D122/><U67/><E90/><V102/><F102/><W43/><G73/><T123/><D123/><U99/><E20/><V96/><F96/><W131/><G131/><T107/><D107/><U10/><E10/><V87/><F87/><W56/><G70/><T42/><D42/><U4/><E4/><V128/><F5/><W126/><G126/><T63/><D63/><U6/><E6/><V57/><F57/><W18/><G69/><T25/><D14/><U100/><E40/><V111/><F26/><W39/><G39/><T7/><D7/><U76/><E24/><V66/><F21/><W124/><G124/><T17/><D17/><N who="3" m="6153" /><G8/><T0/><D0/><U15/><E15/><V48/><F13/><W135/><G135/><T83/><D83/><N who="3" m="31753" /><G86/><T33/><D33/><U41/><E41/><V129/><F111/><W52/><G43/><T79/><D79/><U104/><E104/><V65/><F128/><W34/><G34/><T28/><D28/><U37/><E76/><V11/><F11/><W36/><G36/><T22/><D9/><U77/><E77/><V134/><F38/><W132/><G132/><T46/><D46/><AGARI ba="0,0" hai="29,31,46,50,52,53,56,61" m="31753,6153" machi="46" ten="30,3900,0" yaku="8,1,52,1,54,1" doraHai="59" who="3" fromWho="0" sc="228,-39,300,0,251,0,221,39" /><INIT seed="3,0,0,4,3,126" ten="189,300,251,260" oya="3" hai0="57,123,131,122,58,78,84,24,43,127,28,104,38" hai1="15,101,67,18,108,22,99,129,69,54,86,46,14" hai2="59,73,95,45,111,76,82,118,130,49,36,2,87" hai3="81,50,60,25,39,135,0,107,75,89,27,115,66"/><W133/><G115/><T44/><D104/><U5/><E129/><V77/><F118/><W72/><G39/><T114/><D127/><U109/><E86/><V7/><F111/><N who="1" m="42569" /><E69/><V11/><F130/><W26/><G0/><T113/><D114/><U40/><E67/><V23/><F59/><N who="3" m="37151" /><G107/><T92/><D113/><U51/><E40/><N who="2" m="22663" /><F49/><W63/><G63/><T119/><D131/><U31/><E31/><V13/><F23/><W97/><G50/><T91/><D119/><U12/><E5/><V21/><F21/><W30/><G30/><T48/><D78/><U42/><E42/><V85/><F13/><W112/><G112/><T47/><D123/><U105/><AGARI ba="0,0" hai="12,14,15,18,22,46,51,54,99,101,105" m="42569" machi="105" ten="30,1100,0" yaku="14,1" doraHai="126" who="1" fromWho="1" sc="189,-3,300,11,251,-3,260,-5" owari="186,-31.4,311,41.1,248,-15.2,255,5.5" /></mjloggm>