<mjloggm ver="2.3"><GO type="225" lobby="0"/><UN n0="%4C%E3%82%AA%E3%83%97%E3%83%86%E3%82%A3%E3%82%B8%E3%83%B3%E3%82%AF" n1="%E3%81%8A%E3%81%AB%E3%82%83%E3%81%8A%E3%81%A1%E3%82%83" n2="%E3%83%96%E3%83%83%E3%83%91%E3%82%AA%E3%83%96%E3%83%81%E3%82%AD%E3%83%B3" n3="%E6%9C%88%E5%B3%B6%E5%9F%BA" dan="16,16,16,17" rate="2122.20,2088.97,2172.10,2167.93" sx="M,M,M,M"/><TAIKYOKU oya="0"/><INIT seed="0,0,0,4,5,33" ten="250,250,250,250" oya="0" hai0="50,29,21,54,104,37,123,8,87,10,4,11,23" hai1="24,77,121,80,53,60,119,42,38,75,41,78,79" hai2="84,126,30,134,96,112,68,14,115,74,91,22,19" hai3="26,16,70,71,82,15,2,88,72,46,73,67,83"/><T34/><D37/><U111/><E119/><V20/><F74/><W35/><G2/><T7/><D104/><U110/><E121/><V102/><F68/><W128/><G128/><T99/><D123/><U18/><E75/><V5/><F126/><W124/><G124/><T133/><D99/><U66/><E80/><V95/><F134/><W113/><G113/><T63/><D133/><U97/><E97/><V94/><REACH who="2" step="1"/><F5/><REACH who="2" ten="250,250,240,250" step="2"/><W122/><G122/><T65/><D4/><U13/><E111/><V85/><F85/><W132/><G132/><T55/><D7/><U103/><E110/><V135/><F135/><W100/><G72/><T76/><D87/><U39/><E38/><V47/><F47/><W51/><G71/><T57/><D76/><U0/><E39/><V56/><F56/><W6/><G6/><T32/><D57/><U43/><E77/><V59/><F59/><W44/><G44/><T98/><D98/><U81/><E78/><V12/><F12/><W58/><G70/><T61/><D65/><U114/><E79/><V92/><F92/><W17/><G58/><T69/><D69/><U108/><E13/><V120/><F120/><W3/><G67/><T130/><D130/><U90/><E0/><V89/><F89/><W116/><G3/><T64/><D64/><U62/><E108/><V49/><F49/><W117/><G73/><T106/><D50/><U101/><E66/><V9/><F9/><W105/><G51/><T36/><D36/><U109/><E109/><V28/><F28/><W40/><G46/><T27/><D29/><U48/><E48/><RYUUKYOKU ba="0,1" sc="250,-10,250,-10,240,30,250,-10" hai2="14,19,20,22,30,84,91,94,95,96,102,112,115" /><INIT seed="1,1,1,5,5,73" ten="240,240,270,240" oya="1" hai0="135,76,30,96,78,84,22,42,49,132,56,129,23" hai1="52,59,58,89,0,63,17,29,44,117,83,107,25" hai2="93,91,111,118,81,80,26,125,51,128,77,20,116" hai3="4,7,86,105,108,98,115,68,60,74,55,50,124"/><U71/><E117/><V27/><F111/><W131/><G115/><T114/><D114/><U33/><E107/><V113/><F113/><W8/><G74/><T110/><D110/><U21/><E0/><V31/><F125/><W16/><G108/><T72/><D72/><U109/><E109/><V92/><F128/><W67/><G131/><T123/><D129/><U28/><E71/><V47/><F93/><W45/><G124/><T46/><D123/><U79/><E89/><V24/><F116/><W40/><G86/><T15/><D84/><N who="1" m="48255" /><E33/><V102/><F102/><W61/><G105/><T127/><D127/><U48/><E58/><V97/><F118/><W18/><G98/><T6/><D96/><U32/><E32/><V36/><F36/><W103/><G103/><T43/><D43/><AGARI ba="1,1" hai="17,21,25,28,29,43,44,48,52,59,63" m="48255" machi="43" ten="30,5800,0" yaku="8,1,52,1,54,1" doraHai="73" who="1" fromWho="0" sc="240,-61,240,71,270,0,240,0" /><INIT seed="1,2,0,5,3,108" ten="179,311,270,240" oya="1" hai0="25,83,61,114,112,29,106,96,26,57,85,104,80" hai1="107,43,5,77,28,23,27,89,38,7,102,113,42" hai2="87,69,52,115,110,119,92,12,11,82,59,9,19" hai3="32,98,121,54,71,118,101,131,134,132,128,17,18"/><U1/><E113/><V33/><F119/><W133/><G118/><T8/><D8/><U75/><E1/><V51/><F110/><W130/><G121/><T65/><D26/><U93/><E107/><V4/><F115/><W103/><G71/><T73/><D73/><U135/><E135/><V76/><F69/><W16/><G32/><T50/><D50/><U6/><E102/><N who="3" m="38922" /><G54/><T34/><D96/><AGARI ba="2,0" hai="16,17,18,96,98,128,130,131,132,133,134" m="38922" machi="96" ten="50,12000,2" yaku="29,2,28,2,19,1,20,1,54,1" doraHai="108" who="3" fromWho="0" sc="179,-126,311,0,270,0,240,126" /><INIT seed="2,0,0,3,1,66" ten="53,311,270,366" oya="2" hai0="113,53,118,28,12,131,60,55,37,41,23,133,65" hai1="75,109,121,97,92,39,80,72,34,5,125,106,115" hai2="6,107,134,86,70,9,95,13,84,35,76,87,129" hai3="0,102,119,44,90,30,114,40,64,77,27,62,29"/><V54/><F107/><W83/><G119/><T124/><D28/><U116/><RYUUKYOKU type="yao9" ba="0,0" sc="53,0,311,0,270,0,366,0" hai1="5,34,39,72,75,80,92,97,106,109,115,116,121,125" /><INIT seed="2,1,0,0,0,29" ten="53,311,270,366" oya="2" hai0="80,35,87,58,121,60,96,41,50,66,69,13,113" hai1="123,88,12,116,73,126,38,61,135,85,101,86,24" hai2="108,62,63,92,4,99,9,6,89,105,119,131,112" hai3="95,57,65,72,115,45,74,118,20,31,15,90,70"/><V132/><F112/><W25/><G118/><T17/><D113/><U64/><E116/><V68/><F119/><W16/><G115/><T79/><D121/><U78/><E123/><V36/><F131/><W37/><G70/><T22/><D96/><U42/><E135/><V8/><F132/><W127/><G127/><T46/><REACH who="0" step="1"/><D69/><REACH who="0" ten="43,311,270,366" step="2"/><U30/><E126/><V3/><F68/><W39/><G74/><T102/><D102/><U97/><E101/><V82/><F105/><W21/><G72/><T117/><D117/><U94/><E97/><V2/><F108/><W120/><G120/><T71/><D71/><U14/><E73/><V81/><REACH who="2" step="1"/><F36/><REACH who="2" ten="43,311,260,366" step="2"/><W129/><G39/><T84/><D84/><U56/><E38/><V11/><F11/><W67/><G37/><T91/><D91/><U53/><E85/><V28/><F28/><W23/><G31/><T75/><D75/><U59/><E86/><V106/><F106/><W93/><G90/><T5/><D5/><U134/><E88/><V0/><F0/><W47/><G129/><T103/><D103/><U33/><E78/><V125/><F125/><W114/><G114/><T76/><D76/><U124/><E30/><V34/><F34/><AGARI ba="1,2" hai="13,17,22,34,35,41,46,50,58,60,66,79,80,87" machi="34" ten="40,8000,1" yaku="1,1,52,2,53,1" doraHai="29" doraHaiUra="43" who="0" fromWho="2" sc="43,103,311,0,260,-83,366,0" /><INIT seed="3,0,0,4,3,28" ten="146,311,177,366" oya="3" hai0="67,26,57,89,7,17,128,6,75,100,121,0,132" hai1="34,44,120,92,19,113,73,31,62,110,47,101,59" hai2="124,69,53,94,82,115,123,40,81,64,42,23,76" hai3="95,46,108,129,91,9,78,77,61,105,97,45,127"/><W65/><G127/><T126/><D128/><U72/><E120/><V48/><F115/><W36/><G129/><T122/><D132/><U66/><E113/><V125/><F123/><W111/><G9/><T116/><D116/><U21/><E110/><N who="3" m="42026" /><G105/><T74/><D126/><N who="2" m="48746" /><F94/><W84/><G84/><T15/><D100/><U52/><E34/><V14/><F23/><W107/><G107/><T71/><D71/><U37/><E31/><V106/><F14/><W103/><G91/><T18/><D15/><U50/><E44/><N who="3" m="17002" /><G36/><T3/><D67/><U90/><E101/><V35/><F106/><W38/><G38/><T80/><D57/><AGARI ba="0,0" hai="57,61,65,77,78,95,97,103" m="17002,42026" machi="57" ten="30,2900,0" yaku="14,1,10,1" doraHai="28" who="3" fromWho="0" sc="146,-29,311,0,177,0,366,29" owari="117,-38.3,311,11.1,177,-22.3,395,49.5" /></mjloggm>