<mjloggm ver="2.3"><GO type="225" lobby="0"/><UN n0="%E4%BF%BA%E3%81%A8%E5%A6%96%E5%A4%A2" n1="%73%68%75%6D%70" n2="%E3%82%AF%E3%82%A3%E3%82%A6" n3="%E9%A6%AC%E5%BC%95%E7%81%AB%33" dan="16,16,16,16" rate="2134.00,2095.35,2095.24,2099.86" sx="F,M,M,M"/><TAIKYOKU oya="0"/><INIT seed="0,0,0,4,0,3" ten="250,250,250,250" oya="0" hai0="27,75,48,22,32,30,8,28,34,77,119,2,36" hai1="124,112,110,88,50,17,109,130,101,18,51,64,21" hai2="67,45,10,71,97,19,33,55,111,37,46,131,74" hai3="25,107,98,66,125,47,122,39,69,115,113,31,42"/><T99/><D36/><U100/><E112/><V82/><F111/><N who="1" m="42505" /><E64/><V127/><F127/><W114/><G125/><T61/><D119/><U134/><E124/><V95/><F131/><W15/><G122/><T72/><D99/><U7/><E130/><V79/><F33/><W43/><G43/><T70/><D77/><U132/><E7/><V6/><F19/><N who="1" m="7177" /><E21/><V40/><F71/><W106/><G15/><T84/><D22/><U59/><E59/><V52/><F67/><W14/><G14/><T92/><D48/><N who="1" m="18475" /><E88/><N who="2" m="55527" /><F46/><W90/><G90/><T29/><D29/><U9/><E9/><V23/><F23/><W68/><G98/><T58/><D58/><U57/><E57/><V102/><F102/><AGARI ba="0,0" hai="100,101,102,132,134" m="18475,7177,42505" machi="102" ten="40,5200,0" yaku="28,2,14,1" doraHai="3" who="1" fromWho="2" sc="250,0,250,52,250,-52,250,0" /><INIT seed="1,0,0,1,2,16" ten="250,302,198,250" oya="1" hai0="33,43,9,48,100,82,67,68,96,74,13,104,35" hai1="129,40,41,64,47,12,99,78,135,81,62,3,21" hai2="8,109,65,49,63,125,45,2,72,11,23,95,88" hai3="1,84,130,7,38,34,89,46,29,93,101,52,31"/><U116/><E3/><V132/><F109/><W117/><G34/><T44/><D67/><U56/><E129/><V122/><F122/><W19/><G130/><T80/><D68/><U124/><E124/><V61/><F72/><W103/><G38/><T39/><D48/><U134/><E116/><V91/><F125/><W133/><G133/><N who="1" m="50698" /><E99/><V66/><F132/><W108/><G108/><T85/><D80/><U32/><E32/><V53/><F2/><W131/><G131/><T90/><REACH who="0" step="1"/><D74/><REACH who="0" ten="240,302,198,250" step="2"/><N who="1" m="43223" /><E47/><V107/><F66/><W6/><G46/><T28/><D28/><U121/><E121/><V69/><F61/><W36/><G29/><T75/><D75/><U79/><E79/><V42/><F42/><W123/><G31/><T4/><AGARI ba="0,1" hai="4,9,13,33,35,39,43,44,82,85,90,96,100,104" machi="4" ten="20,2700,0" yaku="1,1,0,1,7,1,53,0" doraHai="16" doraHaiUra="60" who="0" fromWho="0" sc="240,37,302,-13,198,-7,250,-7" /><INIT seed="2,0,0,4,3,113" ten="277,289,191,243" oya="2" hai0="14,80,17,18,95,10,111,29,40,97,90,125,91" hai1="105,112,133,127,98,46,11,85,50,16,23,103,30" hai2="84,0,21,128,36,9,118,2,134,33,58,81,79" hai3="35,67,77,121,31,96,39,88,5,108,37,120,109"/><V43/><F128/><W99/><G77/><T93/><D111/><N who="3" m="42569" /><G5/><T49/><D125/><U71/><E71/><V8/><F33/><W119/><G119/><T110/><D110/><U101/><E127/><V104/><F104/><W106/><G67/><T38/><D38/><N who="3" m="14345" /><G88/><T4/><D80/><U129/><E129/><V132/><F58/><W54/><G54/><T34/><D34/><U117/><E103/><V92/><F92/><W70/><G70/><T131/><D131/><U75/><E117/><V72/><F21/><W59/><G59/><T135/><D29/><U64/><E64/><V60/><F60/><W7/><G7/><T61/><D61/><U41/><E75/><V82/><F43/><W74/><G74/><T69/><D69/><U44/><E85/><V122/><F36/><W42/><G42/><T20/><D17/><U62/><E62/><V19/><F122/><N who="3" m="47211" /><G106/><T28/><D28/><U15/><E46/><V66/><F66/><W45/><G45/><T102/><D20/><U3/><E112/><V48/><F48/><W115/><G115/><T89/><D18/><U116/><E116/><V126/><F126/><W1/><G1/><N who="2" m="617" /><F118/><W47/><G47/><N who="0" m="25831" /><D93/><U12/><E3/><V26/><F26/><AGARI ba="0,0" hai="26,31,35,96,99" m="47211,14345,42569" machi="26" ten="40,1300,0" yaku="14,1" doraHai="113" who="3" fromWho="2" sc="277,0,289,0,191,-13,243,13" /><INIT seed="3,0,0,1,3,21" ten="277,289,178,256" oya="3" hai0="8,56,104,36,87,111,26,89,66,67,18,24,39" hai1="38,2,84,121,64,7,6,25,131,31,47,57,99" hai2="76,69,60,27,110,82,78,40,17,123,62,59,74" hai3="117,77,132,134,54,68,97,45,65,0,23,92,112"/><W126/><G112/><T93/><D104/><U83/><E121/><V135/><F110/><W73/><G117/><T1/><D111/><U52/><E131/><V34/><F123/><W42/><G126/><T88/><D39/><U114/><E114/><V106/><F106/><W19/><G0/><T86/><D36/><U109/><E2/><V48/><F78/><W30/><G30/><T10/><D1/><U15/><E15/><V116/><F116/><W125/><G54/><T55/><D67/><U90/><E109/><V11/><F135/><N who="3" m="51755" /><G125/><T81/><D66/><U4/><E64/><V49/><F69/><W20/><G19/><T79/><D79/><U37/><E99/><V133/><F133/><W80/><G65/><T16/><D18/><U85/><E85/><N who="2" m="48327" /><F34/><W46/><G46/><T63/><D8/><U41/><E38/><V95/><F74/><W50/><G68/><T5/><D5/><U70/><E70/><V91/><F40/><W13/><G13/><AGARI ba="0,0" hai="10,13,16,24,26,55,56,63,81,86,87,88,89,93" machi="13" ten="40,8000,1" yaku="8,1,52,2,54,2" doraHai="21" who="0" fromWho="3" sc="277,80,289,0,178,0,256,-80" owari="357,45.7,289,8.9,178,-22.2,176,-32.4" /></mjloggm>