<mjloggm ver="2.3"><GO type="225" lobby="0"/><UN n0="%E6%A5%93%E4%BB%8B" n1="%65%76%69%61%6E%36%31%39" n2="%E3%81%AF%E3%82%88%E3%81%8A%E3%81%98%E3%81%95%E3%82%93" n3="%E5%A4%8F%E9%88%B4%E9%88%B4%E5%A4%8F" dan="16,16,17,16" rate="2070.28,2030.47,2133.78,2118.38" sx="M,M,M,F"/><TAIKYOKU oya="0"/><INIT seed="0,0,0,3,1,44" ten="250,250,250,250" oya="0" hai0="11,18,111,16,14,73,0,87,130,37,122,74,45" hai1="3,8,12,90,65,70,61,75,63,60,126,29,102" hai2="49,69,91,79,98,27,121,32,47,133,124,25,43" hai3="103,52,127,54,28,23,76,119,38,96,128,125,39"/><T56/><D122/><U123/><E75/><V109/><F121/><W99/><G119/><T34/><D130/><U20/><E126/><N who="3" m="48138" /><G76/><T17/><D0/><U2/><E102/><V51/><F124/><W117/><G117/><T83/><D34/><U41/><E123/><V97/><F69/><W9/><G9/><T59/><D111/><U4/><E90/><V118/><F118/><W85/><G85/><T10/><D74/><U134/><E134/><V67/><F67/><W104/><G99/><N who="2" m="37897" /><F32/><W95/><G104/><T113/><D113/><U62/><REACH who="1" step="1"/><E41/><REACH who="1" ten="250,240,250,250" step="2"/><V107/><F133/><W131/><G128/><T42/><D73/><U53/><E53/><N who="3" m="20586" /><G131/><T15/><D18/><U88/><E88/><AGARI ba="0,1" hai="10,11,14,15,16,17,37,42,45,56,59,83,87,88" machi="88" ten="30,11600,0" yaku="7,1,9,1,54,2" doraHai="44" who="0" fromWho="1" sc="250,126,240,-116,250,0,250,0" /><INIT seed="0,1,0,2,1,66" ten="376,124,250,250" oya="0" hai0="86,53,69,2,94,117,116,63,118,114,103,56,46" hai1="123,106,75,18,31,121,19,115,127,90,49,33,4" hai2="13,23,112,65,82,3,85,95,124,70,100,62,12" hai3="39,9,61,134,96,67,55,97,88,59,58,78,101"/><T81/><D2/><U102/><E75/><V14/><F112/><W0/><G134/><T91/><D114/><U8/><E115/><V21/><F3/><W113/><G113/><T133/><D133/><U42/><E127/><V15/><F124/><W1/><G39/><T32/><D32/><U93/><E102/><V105/><F105/><W87/><G78/><T22/><D46/><U48/><E106/><V74/><F74/><W72/><G72/><T92/><D103/><U130/><E130/><V84/><N who="2" m="3072" /><DORA hai="30" /><V110/><F110/><W52/><G67/><T132/><D132/><U107/><E107/><V43/><F43/><W131/><G131/><T6/><D6/><U27/><E8/><V51/><F51/><W20/><G20/><T83/><D22/><U119/><E4/><V129/><F129/><W108/><G108/><T128/><D128/><U68/><E68/><V44/><F44/><W34/><G34/><T36/><D36/><U40/><E119/><V7/><F7/><W77/><G77/><T26/><D26/><U76/><E76/><V99/><REACH who="2" step="1"/><F84/><REACH who="2" ten="376,124,240,250" step="2"/><W80/><G9/><T120/><D118/><U79/><E49/><V10/><F10/><W125/><G125/><T11/><D11/><U57/><E42/><V73/><F73/><W122/><G122/><N who="1" m="46602" /><E40/><V109/><F109/><W64/><G0/><T38/><D120/><U24/><E48/><V126/><F126/><W35/><G1/><T71/><D38/><U41/><E41/><V25/><F25/><W111/><G111/><T17/><D117/><U16/><E27/><V135/><F135/><RYUUKYOKU ba="1,1" sc="376,-10,124,-10,240,30,250,-10" hai2="21,23,62,65,70,82,85,95,99,100" /><INIT seed="1,2,1,0,5,29" ten="366,114,270,240" oya="1" hai0="105,104,92,74,71,102,49,34,84,32,100,63,1" hai1="83,17,23,28,24,113,39,81,19,114,56,48,12" hai2="4,52,78,128,16,58,40,7,27,9,37,99,80" hai3="123,46,87,18,122,55,135,101,112,90,108,116,31"/><U26/><E39/><V20/><F128/><W35/><G112/><T124/><D49/><U21/><E48/><V72/><F99/><W3/><G108/><T79/><D1/><U62/><E114/><V126/><F126/><W77/><G3/><T134/><D124/><U82/><E113/><V129/><F129/><W121/><G135/><T50/><D50/><U45/><E45/><V36/><F40/><W68/><G68/><T10/><D10/><U107/><E107/><V106/><F106/><W14/><G116/><T127/><D127/><U64/><REACH who="1" step="1"/><E82/><REACH who="1" ten="366,104,270,240" step="2"/><V25/><F37/><W61/><G46/><T5/><D105/><U53/><E53/><V69/><F36/><W85/><G55/><T42/><D42/><U89/><E89/><V103/><F103/><W110/><G101/><T119/><D102/><U38/><E38/><V57/><F52/><W13/><G90/><N who="0" m="53319" /><D119/><U59/><E59/><V44/><F44/><W2/><G123/><T115/><D115/><U109/><E109/><V41/><F41/><W54/><G110/><T22/><D100/><U94/><E94/><V76/><F58/><W95/><G122/><T47/><D104/><U8/><AGARI ba="2,2" hai="8,12,17,19,21,23,24,26,28,56,62,64,81,83" machi="8" ten="20,7800,0" yaku="1,1,0,1,7,1,8,1,53,0" doraHai="29" doraHaiUra="66" who="1" fromWho="1" sc="366,-28,104,104,270,-28,240,-28" /><INIT seed="1,3,0,4,2,118" ten="338,208,242,212" oya="1" hai0="33,67,63,25,108,81,60,14,10,126,44,69,37" hai1="114,62,89,80,90,96,105,111,73,112,11,128,113" hai2="26,125,24,91,99,130,57,121,93,82,104,84,120" hai3="30,18,92,100,87,19,49,74,116,39,15,7,56"/><U3/><E3/><V72/><F57/><W28/><G74/><T23/><D108/><U129/><E11/><V88/><F24/><W12/><G39/><T32/><D126/><U47/><E47/><V40/><F26/><W35/><G116/><T133/><D133/><U94/><E105/><V29/><F29/><W64/><G35/><T45/><D63/><U107/><E107/><V95/><F40/><W48/><G7/><T117/><D117/><U42/><E42/><V86/><F125/><W13/><G64/><T1/><D1/><U5/><E5/><V20/><F20/><W109/><G109/><T119/><D119/><U68/><E111/><V77/><F130/><N who="1" m="50281" /><E62/><V46/><F46/><W75/><G75/><T52/><D45/><U65/><E65/><V34/><F34/><W103/><G12/><T97/><D37/><U66/><E66/><V6/><F6/><W70/><G70/><T36/><D36/><U124/><E68/><V85/><F104/><W27/><G56/><T55/><D44/><U79/><E124/><V0/><F0/><W102/><G27/><T71/><D71/><U4/><E4/><V21/><F21/><N who="3" m="11471" /><G48/><T17/><D69/><U101/><AGARI ba="3,0" hai="73,79,80,89,90,94,96,101,112,113,114" m="50281" machi="101" ten="40,7800,0" yaku="19,1,34,2" doraHai="118" who="1" fromWho="1" sc="338,-29,208,87,242,-29,212,-29" /><INIT seed="1,4,0,3,0,87" ten="309,295,213,183" oya="1" hai0="7,86,110,41,32,115,63,88,33,107,49,16,117" hai1="27,92,13,121,54,60,4,132,99,111,105,114,97" hai2="24,6,112,75,23,48,131,127,1,20,124,123,133" hai3="74,85,8,77,134,51,18,62,128,67,28,68,61"/><U100/><E121/><V39/><F39/><W22/><G134/><T35/><D115/><U118/><E114/><V12/><F112/><W84/><G128/><T95/><D117/><U66/><E118/><V94/><F75/><W71/><G28/><T42/><D107/><U89/><E132/><V57/><F133/><W70/><G8/><T26/><D7/><U103/><E27/><V76/><F76/><W104/><G104/><T93/><D110/><U5/><E111/><V43/><F123/><W69/><G61/><T98/><D63/><U52/><E4/><V10/><F131/><W108/><G108/><T101/><REACH who="0" step="1"/><D49/><REACH who="0" ten="299,295,213,183" step="2"/><U31/><E5/><V125/><F1/><W81/><REACH who="3" step="1"/><G51/><REACH who="3" ten="299,295,213,173" step="2"/><T72/><D72/><U122/><E105/><V78/><F125/><W96/><G96/><T14/><D14/><AGARI ba="4,2" hai="14,18,22,62,67,68,69,70,71,74,77,81,84,85" machi="14" ten="40,2600,0" yaku="1,1,53,1" doraHai="87" doraHaiUra="106" who="3" fromWho="0" sc="299,-38,295,0,213,0,173,58" /><INIT seed="2,0,0,5,0,23" ten="261,295,213,231" oya="2" hai0="37,3,105,120,8,79,15,70,93,67,64,22,55" hai1="85,83,52,51,90,68,110,94,48,44,56,114,98" hai2="121,29,84,125,97,4,25,118,5,0,100,12,33" hai3="135,19,24,133,127,128,6,81,58,104,96,130,30"/><V38/><F121/><W80/><G58/><T54/><D105/><U62/><E110/><V66/><F118/><W50/><G50/><T117/><D37/><U43/><E114/><V76/><F38/><W78/><G19/><N who="0" m="8679" /><D3/><U59/><E68/><V42/><F42/><W61/><G61/><T36/><D70/><U14/><E14/><V111/><F0/><W17/><G17/><T103/><D36/><U28/><E28/><V92/><F111/><W31/><G31/><T9/><D9/><U86/><REACH who="1" step="1"/><E83/><REACH who="1" ten="261,285,213,231" step="2"/><V11/><F125/><W109/><G81/><T10/><D117/><U99/><E99/><V113/><F113/><W35/><G127/><T34/><D120/><U112/><E112/><V18/><F66/><AGARI ba="0,1" hai="43,44,48,51,52,56,59,62,66,85,86,90,94,98" machi="66" ten="30,7700,0" yaku="1,1,7,1,8,1,54,1,53,0" doraHai="23" doraHaiUra="132" who="1" fromWho="2" sc="261,0,285,87,213,-77,231,0" /><INIT seed="3,0,0,3,3,84" ten="261,372,136,231" oya="3" hai0="92,107,49,34,112,10,38,79,119,27,122,51,91" hai1="56,1,2,18,74,115,133,61,131,44,135,46,13" hai2="120,14,121,110,54,97,12,47,62,93,48,5,52" hai3="39,73,106,7,11,98,19,28,104,53,116,22,24"/><W33/><G116/><T59/><D122/><U15/><E74/><V66/><F110/><W69/><G73/><T80/><D38/><U35/><E35/><V43/><F120/><W16/><G69/><T123/><D123/><U102/><E102/><V40/><F121/><W75/><G75/><T99/><D112/><U95/><E131/><V42/><F54/><W125/><G125/><T114/><D114/><U26/><E26/><V72/><F72/><W89/><G39/><T41/><D119/><U17/><E95/><V23/><F5/><W50/><G19/><T81/><D107/><U105/><E105/><V124/><F97/><W109/><G89/><T55/><D79/><U96/><E96/><V82/><F124/><W103/><G109/><T29/><D10/><U58/><E61/><V85/><F93/><W100/><G100/><T8/><D8/><U117/><E117/><V127/><F127/><W25/><G103/><T45/><AGARI ba="0,0" hai="27,29,34,41,45,49,51,55,59,80,81,91,92,99" machi="45" ten="30,2000,0" yaku="0,1,52,1" doraHai="84" who="0" fromWho="0" sc="261,20,372,-5,136,-5,231,-10" owari="281,8.1,367,46.7,131,-36.9,221,-17.9" /></mjloggm>