<mjloggm ver="2.3"><GO type="225" lobby="0"/><UN n0="%E4%BF%BA%E3%81%A8%E5%A6%96%E5%A4%A2" n1="%E3%82%A2%E3%82%A4%E3%82%B9%E3%83%86%E3%82%A3%E3%83%BC%E3%81%82%E3%81%B9" n2="%E3%81%8B%E3%82%8F%E3%81%A1%E3%82%83%E3%82%93%35%38" n3="%73%69%67%65%6E%6F%72%69" dan="16,16,16,18" rate="2215.28,2070.33,2155.15,2250.13" sx="F,M,M,M"/><TAIKYOKU oya="0"/><INIT seed="0,0,0,1,2,95" ten="250,250,250,250" oya="0" hai0="72,81,93,52,41,62,26,128,5,129,71,18,124" hai1="122,109,28,101,8,127,117,89,64,50,54,53,83" hai2="19,44,76,43,32,125,111,30,57,118,25,66,108" hai3="7,135,16,1,104,9,79,23,17,121,102,84,2"/><T86/><D124/><U78/><E109/><N who="2" m="42059" /><F125/><W88/><G135/><T12/><D41/><U106/><E122/><V4/><F118/><W63/><G121/><T98/><D72/><U65/><E117/><V134/><F134/><W45/><G1/><T20/><D71/><U68/><E89/><V33/><F4/><W73/><G63/><T31/><D5/><U29/><E54/><V15/><F76/><W67/><G67/><T36/><D36/><U92/><E106/><V3/><F3/><W80/><G45/><T115/><D115/><U47/><E8/><N who="2" m="6631" /><F57/><W126/><G126/><T114/><D114/><U77/><E77/><V123/><F66/><N who="1" m="25705" /><E68/><V24/><F123/><W103/><G104/><T112/><D112/><U105/><E105/><V116/><F116/><W0/><G0/><T61/><D129/><U99/><E127/><V59/><F59/><W132/><G132/><T11/><D128/><U55/><E53/><V110/><N who="2" m="42067" /><V38/><DORA hai="87" /><F24/><W90/><G90/><N who="0" m="51535" /><D52/><U131/><E131/><V56/><F56/><W94/><REACH who="3" step="1"/><G17/><REACH who="3" ten="250,250,250,240" step="2"/><T58/><D58/><U34/><E34/><AGARI ba="0,1" hai="25,30,32,33,34,38,43,44" m="6631,42067" machi="34" ten="40,1300,0" yaku="14,1" doraHai="95,87" who="2" fromWho="1" sc="250,0,250,-13,250,23,240,0" /><INIT seed="1,0,0,5,1,59" ten="250,237,273,240" oya="1" hai0="97,39,56,17,48,33,28,94,12,37,44,45,18" hai1="64,66,38,21,34,53,72,47,52,1,67,32,115" hai2="121,107,85,83,104,130,6,51,90,102,133,125,109" hai3="122,42,112,70,40,98,31,3,55,22,20,27,79"/><U54/><E115/><V91/><F6/><W105/><G112/><T114/><D114/><U19/><E72/><V119/><F119/><W2/><G122/><T88/><D33/><U15/><REACH who="1" step="1"/><E1/><REACH who="1" ten="250,227,273,240" step="2"/><V95/><F121/><W134/><G2/><T76/><D39/><U14/><E14/><V82/><F130/><W75/><G3/><T65/><D37/><U11/><E11/><V135/><F135/><W0/><G0/><T126/><D126/><U81/><E81/><V101/><F125/><W74/><G75/><T96/><D12/><U58/><E58/><V117/><F117/><W127/><G74/><T25/><D44/><U50/><E50/><V113/><F51/><W103/><G134/><T111/><D45/><U116/><E116/><V29/><F133/><W71/><G127/><T24/><D25/><U49/><E49/><V60/><F113/><W62/><G71/><T106/><D48/><U16/><E16/><V124/><F124/><W43/><G70/><T110/><D24/><U69/><E69/><V118/><F118/><W61/><G55/><T46/><D46/><U63/><E63/><V8/><F60/><W9/><G9/><T132/><D132/><U100/><E100/><N who="2" m="38507" /><F8/><W92/><G105/><T10/><D10/><U26/><E26/><V13/><F13/><W4/><G4/><T35/><D17/><U120/><E120/><V84/><F29/><W73/><REACH who="3" step="1"/><G22/><REACH who="3" ten="250,227,273,230" step="2"/><T36/><D106/><U77/><E77/><N who="2" m="46159" /><F107/><W5/><G5/><T87/><D76/><U99/><E99/><N who="2" m="57847" /><F104/><W80/><AGARI ba="0,2" hai="20,27,31,40,42,43,61,62,73,79,80,92,98,103" machi="80" ten="30,8000,1" yaku="1,1,0,1,52,2,53,1" doraHai="59" doraHaiUra="23" who="3" fromWho="3" sc="250,-20,227,-40,273,-20,230,100" /><INIT seed="2,0,0,5,1,33" ten="230,187,253,330" oya="2" hai0="61,110,84,26,117,4,31,9,52,21,46,1,67" hai1="120,80,37,98,72,40,95,100,66,101,60,59,54" hai2="130,34,125,43,82,32,35,104,81,3,127,116,91" hai3="19,17,114,27,2,128,51,45,10,5,53,25,69"/><V39/><F116/><W58/><G69/><T15/><D117/><U123/><E37/><V109/><F104/><W8/><G128/><T12/><D110/><U121/><E40/><V78/><F130/><W0/><G114/><T50/><REACH who="0" step="1"/><D84/><REACH who="0" ten="220,187,253,330" step="2"/><U6/><E6/><V42/><F109/><W57/><G5/><T29/><D29/><U89/><E72/><V111/><F111/><W36/><G19/><T90/><D90/><U55/><REACH who="1" step="1"/><E101/><REACH who="1" ten="220,177,253,330" step="2"/><V7/><F7/><W56/><G36/><T68/><AGARI ba="0,2" hai="1,4,9,12,15,21,26,31,46,50,52,61,67,68" machi="68" ten="20,8000,1" yaku="1,1,0,1,7,1,52,1,54,1,53,0" doraHai="33" doraHaiUra="92" who="0" fromWho="0" sc="220,100,177,-20,253,-40,330,-20" /><INIT seed="3,0,0,0,4,80" ten="320,157,213,310" oya="3" hai0="77,130,111,30,35,100,13,52,108,25,17,16,62" hai1="90,120,58,19,82,134,6,113,27,125,94,72,110" hai2="2,31,39,0,42,124,32,40,87,78,23,106,123" hai3="5,24,61,28,95,98,21,97,15,43,84,81,46"/><W66/><G5/><T33/><D77/><U54/><E113/><V8/><F106/><W11/><G11/><T122/><D122/><U103/><E120/><V70/><F123/><W91/><G15/><T92/><D130/><U75/><E110/><N who="0" m="42025" /><D35/><U34/><E125/><V101/><F101/><W102/><G97/><N who="0" m="59431" /><D13/><U119/><E134/><V129/><F39/><W44/><G43/><T12/><D12/><U109/><E6/><V121/><F70/><AGARI ba="0,0" hai="21,24,28,44,46,61,66,70,81,84,91,95,98,102" machi="70" ten="30,2900,0" yaku="7,1,52,1" doraHai="80" who="3" fromWho="2" sc="320,0,157,0,213,-29,310,29" owari="320,12.0,157,-34.3,184,-21.6,339,43.9" /></mjloggm>