<mjloggm ver="2.3"><GO type="225" lobby="0"/><UN n0="%E3%83%A9%E3%82%B9%E7%8E%87%EF%BC%93%E5%89%B2" n1="%E6%98%BC%E4%B8%8B%E3%81%8C%E3%82%8A%E3%81%AE%E5%9B%A3%E5%9C%B0%E5%A6%BB" n2="%E3%81%8B%E3%82%8F%E3%81%A1%E3%82%83%E3%82%93%35%38" n3="%E8%81%B7%E6%A5%AD%E3%80%81%E9%A2%A8%32" dan="17,16,16,16" rate="2197.04,2156.11,2168.99,2184.35" sx="F,F,M,M"/><TAIKYOKU oya="0"/><INIT seed="0,0,0,5,1,20" ten="250,250,250,250" oya="0" hai0="77,123,30,24,19,62,75,85,73,133,72,130,48" hai1="2,132,18,58,38,26,35,17,27,126,110,5,121" hai2="69,134,50,9,16,61,99,39,80,52,82,43,81" hai3="100,108,14,49,46,97,125,54,102,21,40,90,11"/><T96/><D123/><U87/><E121/><V60/><F134/><W6/><G108/><T57/><D133/><U65/><E132/><V68/><F68/><W104/><G125/><T45/><D130/><U112/><E38/><V95/><F39/><W64/><G64/><T116/><D116/><U28/><E110/><V42/><F69/><W37/><G21/><T13/><D96/><U105/><E105/><V135/><F135/><W66/><G66/><T53/><D85/><U4/><E126/><V93/><F93/><W71/><G71/><T67/><D77/><U63/><E112/><V12/><F60/><W131/><G131/><T111/><D111/><U1/><E87/><V101/><REACH who="2" step="1"/><F61/><REACH who="2" ten="250,250,240,250" step="2"/><W44/><REACH who="3" step="1"/><G104/><REACH who="3" ten="250,250,240,240" step="2"/><T120/><D120/><U55/><E65/><V124/><F124/><W70/><G70/><T114/><D114/><U34/><E63/><V98/><F98/><W74/><G74/><T129/><D129/><U51/><E51/><V76/><F76/><W86/><G86/><T107/><D107/><U59/><E28/><V33/><F33/><W118/><G118/><T56/><D67/><U92/><E92/><AGARI ba="0,2" hai="6,11,14,37,40,44,46,49,54,90,92,97,100,102" machi="92" ten="40,1300,0" yaku="1,1,53,0" doraHai="20" doraHaiUra="113" who="3" fromWho="1" sc="250,0,250,-13,240,0,240,33" /><INIT seed="1,0,0,2,4,106" ten="250,237,240,273" oya="1" hai0="119,65,71,110,38,129,53,58,28,125,95,8,36" hai1="78,21,70,130,92,67,59,10,115,77,88,50,109" hai2="61,83,54,47,116,40,97,19,37,107,94,102,69" hai3="134,22,20,57,79,63,68,82,122,15,34,60,100"/><U101/><E115/><V105/><F116/><W23/><G122/><T43/><D28/><U128/><E101/><V124/><F124/><W89/><G34/><T99/><D119/><U46/><E70/><V9/><F83/><W127/><G127/><T31/><D125/><U84/><E109/><V4/><F19/><W52/><G134/><T27/><D129/><N who="1" m="49771" /><E10/><V85/><F85/><W66/><G100/><T25/><D25/><U118/><E118/><V16/><F16/><W75/><REACH who="3" step="1"/><G89/><REACH who="3" ten="250,237,240,263" step="2"/><T133/><D133/><U93/><E93/><V112/><F112/><W87/><G87/><T123/><D95/><U48/><E21/><V73/><F105/><W91/><G91/><T26/><D123/><U30/><E30/><V98/><F107/><W35/><G35/><T64/><D31/><U11/><E11/><V86/><F86/><W3/><G3/><T81/><D8/><U96/><E84/><V80/><F98/><W29/><G29/><T117/><D99/><U13/><E96/><V12/><F102/><W120/><G120/><T18/><D117/><U5/><E92/><V104/><F104/><W7/><G7/><T126/><D126/><U62/><E88/><V45/><F97/><W90/><G90/><T0/><D0/><U42/><E5/><V14/><F94/><W103/><G103/><T33/><D33/><U113/><E113/><V6/><F6/><W114/><G114/><T108/><D108/><U74/><E13/><AGARI ba="0,1" hai="13,15,20,22,23,52,57,60,63,66,68,75,79,82" machi="13" ten="40,5200,0" yaku="1,1,52,1,54,1,53,0" doraHai="106" doraHaiUra="121" who="3" fromWho="1" sc="250,0,237,-52,240,0,263,62" /><INIT seed="2,0,0,2,1,110" ten="250,185,240,325" oya="2" hai0="49,6,85,125,98,90,26,58,129,8,47,126,65" hai1="68,87,44,39,80,120,23,25,82,91,107,99,97" hai2="75,105,70,72,7,1,122,57,117,127,103,41,86" hai3="115,92,116,51,24,42,12,40,15,27,108,16,36"/><V67/><F57/><W19/><G108/><T52/><D129/><U78/><E68/><V54/><F54/><W61/><G116/><T88/><D26/><N who="3" m="9769" /><G36/><T21/><D21/><U35/><E35/><V135/><F86/><W102/><G115/><T14/><D98/><U29/><E120/><V4/><F41/><N who="3" m="15979" /><G51/><T13/><D13/><N who="3" m="5193" /><G61/><N who="0" m="38071" /><D85/><U69/><E69/><V18/><F67/><W100/><G92/><T11/><D11/><U17/><E29/><V113/><F7/><W31/><G31/><T124/><AGARI ba="0,0" hai="6,8,14,47,49,52,88,90,124,125,126" m="38071" machi="124" ten="30,4000,0" yaku="18,1,54,2" doraHai="110" who="0" fromWho="0" sc="250,40,185,-10,240,-20,325,-10" /><INIT seed="3,0,0,0,4,39" ten="290,175,220,315" oya="3" hai0="132,126,65,68,57,123,95,105,97,73,131,42,48" hai1="127,86,130,110,0,22,122,1,32,70,43,88,38" hai2="31,99,81,5,23,90,60,79,35,63,53,113,111" hai3="77,75,33,30,27,28,117,96,100,29,41,18,64"/><W72/><G117/><T112/><D123/><U71/><E122/><V109/><F113/><W91/><G91/><T12/><D73/><U80/><E32/><V24/><F5/><W135/><G135/><T69/><D105/><U52/><E127/><V103/><F90/><W66/><G41/><T125/><D132/><U15/><E130/><V121/><F23/><W56/><G56/><T2/><D2/><U114/><E114/><V85/><F121/><W49/><G49/><T116/><D116/><U21/><E110/><N who="2" m="41995" /><F53/><W101/><G18/><T45/><D112/><U89/><E52/><V34/><F34/><W13/><G64/><T50/><D131/><U76/><E89/><V129/><F129/><W9/><G66/><T54/><D12/><U11/><E0/><V51/><F51/><W46/><G33/><T119/><D119/><U26/><E1/><V3/><F3/><W92/><G27/><T59/><D95/><AGARI ba="0,0" hai="24,31,35,60,63,79,81,85,95,99,103" m="41995" machi="95" ten="30,1000,0" yaku="14,1" doraHai="39" who="2" fromWho="0" sc="290,-10,175,0,220,10,315,0" owari="280,8.0,175,-32.5,230,-17.0,315,41.5" /></mjloggm>