<mjloggm ver="2.3"><GO type="225" lobby="0"/><UN n0="%E3%82%AF%E3%82%A3%E3%82%A6" n1="%E3%81%8B%E3%82%8F%E3%81%A1%E3%82%83%E3%82%93%35%38" n2="%E3%83%A9%E3%82%B9%E7%8E%87%EF%BC%93%E5%89%B2" n3="%74%61%6B%65%2D%79%6F%75" dan="16,16,17,16" rate="2074.56,2126.07,2215.72,2107.57" sx="M,M,F,M"/><TAIKYOKU oya="0"/><INIT seed="0,0,0,3,2,130" ten="250,250,250,250" oya="0" hai0="121,107,97,99,36,8,50,62,31,33,131,44,43" hai1="84,93,24,13,127,40,94,67,105,74,119,133,101" hai2="39,71,32,80,110,63,116,30,126,10,23,100,78" hai3="85,96,118,104,77,51,113,69,19,87,88,102,70"/><T132/><D121/><U26/><E74/><V79/><F110/><W11/><G113/><T103/><D131/><U48/><E105/><V54/><F126/><W65/><G118/><T86/><D8/><U129/><E119/><V38/><F32/><W122/><G122/><T20/><D20/><U9/><E129/><V49/><F100/><W6/><G65/><T46/><D97/><N who="1" m="59567" /><E67/><V61/><F71/><W89/><G19/><T16/><D16/><N who="1" m="8239" /><E133/><V29/><F10/><W112/><G112/><T34/><D62/><U125/><E40/><V111/><F111/><W12/><G77/><T123/><D123/><U117/><E48/><V58/><F116/><W55/><G70/><T95/><D132/><U82/><E94/><V25/><F30/><W81/><G69/><T52/><REACH who="0" step="1"/><D31/><REACH who="0" ten="240,250,250,250" step="2"/><U18/><E18/><V68/><F61/><W72/><G11/><T56/><D56/><U83/><E117/><V15/><F68/><W21/><G21/><T45/><D45/><U4/><E4/><V28/><F28/><W76/><G6/><T59/><D59/><U7/><E7/><V14/><F63/><W3/><G3/><T22/><D22/><U66/><E66/><V91/><F29/><W90/><REACH who="3" step="1"/><G12/><REACH who="3" ten="240,250,250,240" step="2"/><T128/><D128/><U115/><E115/><V37/><F15/><W120/><G120/><T109/><D109/><U134/><E127/><V60/><F14/><W27/><G27/><T53/><D53/><U114/><E114/><V35/><F25/><N who="1" m="9833" /><E125/><V1/><F1/><W75/><G75/><T2/><D2/><U41/><E134/><V5/><F5/><RYUUKYOKU ba="0,2" sc="240,15,250,-15,250,-15,240,15" hai0="33,34,36,43,44,46,50,52,86,95,99,103,107" hai3="51,55,72,76,81,85,87,88,89,90,96,102,104" /><INIT seed="0,1,2,4,3,63" ten="255,235,235,255" oya="0" hai0="94,54,106,79,80,46,104,40,90,23,38,107,74" hai1="53,55,131,6,29,60,14,36,83,96,65,61,114" hai2="9,70,105,108,19,52,125,43,33,22,100,7,113" hai3="56,133,1,39,123,121,102,84,26,45,111,50,16"/><T86/><D54/><U48/><E36/><V66/><F108/><W69/><G1/><T28/><D23/><U110/><E110/><V73/><F125/><W58/><G111/><T37/><D28/><U21/><E131/><V122/><F113/><W41/><G133/><T68/><D68/><U120/><E60/><V135/><F122/><N who="3" m="46603" /><G69/><T35/><REACH who="0" step="1"/><D38/><REACH who="0" ten="245,235,235,255" step="2"/><U87/><E55/><V82/><F52/><W118/><G39/><T0/><D0/><U88/><E120/><V117/><F22/><N who="3" m="13639" /><G118/><T112/><D112/><U17/><E114/><V132/><F70/><W99/><G84/><T25/><D25/><U97/><E29/><V109/><F117/><W103/><G103/><T134/><D134/><U76/><E53/><V67/><F100/><W129/><G129/><T62/><D62/><U59/><E48/><V101/><F109/><W127/><G127/><T124/><D124/><U8/><REACH who="1" step="1"/><E76/><REACH who="1" ten="245,225,235,255" step="2"/><V98/><F135/><W95/><AGARI ba="1,4" hai="41,45,50,56,58,95,99,102" m="13639,46603" machi="95" ten="30,2000,0" yaku="13,1,54,1" doraHai="63" who="3" fromWho="3" sc="245,-11,225,-6,235,-6,255,63" /><INIT seed="1,0,0,1,2,3" ten="234,219,229,318" oya="1" hai0="75,113,95,24,47,42,68,135,91,115,2,18,39" hai1="13,97,63,93,12,23,96,90,49,15,6,81,120" hai2="134,0,89,29,19,59,131,104,116,122,78,65,56" hai3="84,109,87,94,58,32,35,41,110,50,43,55,16"/><U54/><E120/><V80/><F116/><W51/><G16/><T45/><D68/><U20/><E63/><V53/><F131/><W61/><G61/><T46/><D75/><U125/><E125/><V107/><F134/><W7/><G7/><T127/><D2/><U133/><E133/><V57/><F89/><W28/><G28/><T60/><D127/><U118/><E118/><V1/><F65/><W10/><G10/><T26/><D135/><U36/><E36/><V130/><F130/><W103/><G103/><T101/><D101/><U112/><E112/><V44/><F29/><W52/><G94/><T74/><D74/><U70/><E70/><V102/><F19/><W105/><G58/><T88/><D60/><U128/><E128/><V123/><F44/><W124/><G124/><T22/><D24/><U8/><E81/><V21/><F53/><W5/><G5/><T62/><D62/><U37/><E37/><V25/><F122/><W9/><G9/><T129/><D129/><U73/><E73/><V79/><F79/><W14/><G14/><N who="1" m="5738" /><E97/><N who="2" m="61519" /><F107/><AGARI ba="0,0" hai="32,35,41,43,50,51,52,55,84,87,105,107,109,110" machi="107" ten="25,3200,0" yaku="22,2,54,1" doraHai="3" who="3" fromWho="2" sc="234,0,219,0,229,-32,318,32" /><INIT seed="2,0,0,5,2,9" ten="234,219,197,350" oya="2" hai0="79,122,110,18,127,7,114,42,6,4,100,78,30" hai1="73,13,104,10,85,64,20,62,111,107,33,25,117" hai2="38,108,113,133,67,128,126,15,102,0,123,86,101" hai3="72,49,17,44,28,11,22,92,135,54,134,52,83"/><V132/><F0/><W57/><G28/><T2/><D114/><U24/><E117/><V118/><F38/><W36/><G11/><T59/><D122/><U16/><E73/><V106/><F118/><W39/><G92/><T41/><D127/><U29/><E85/><V120/><F67/><W32/><G32/><T19/><D110/><U116/><E111/><V68/><F68/><W80/><G39/><T130/><D130/><U31/><REACH who="1" step="1"/><E116/><REACH who="1" ten="234,209,197,350" step="2"/><V47/><F108/><W84/><G72/><T69/><D2/><U48/><E48/><V129/><F113/><W103/><G84/><T8/><D69/><AGARI ba="0,1" hai="10,13,16,20,24,25,29,31,33,62,64,69,104,107" machi="69" ten="30,7700,0" yaku="1,1,7,1,52,1,54,1,53,0" doraHai="9" doraHaiUra="121" who="1" fromWho="0" sc="234,-77,209,87,197,0,350,0" /><INIT seed="3,0,0,5,0,47" ten="157,296,197,350" oya="3" hai0="131,110,40,114,11,95,98,130,116,34,28,42,80" hai1="117,123,113,29,132,89,25,102,3,94,61,51,127" hai2="106,35,121,38,119,107,99,78,86,60,68,31,128" hai3="20,44,67,125,23,58,16,73,4,134,133,62,32"/><W0/><G32/><T91/><D116/><U45/><E123/><V27/><F119/><W79/><G125/><T104/><D110/><U14/><E3/><V53/><F128/><W6/><G20/><T65/><D114/><U37/><E117/><V84/><F38/><W81/><G44/><T115/><D115/><U109/><E37/><V70/><F78/><W9/><REACH who="3" step="1"/><G4/><REACH who="3" ten="157,296,197,340" step="2"/><T8/><D34/><U52/><E113/><V17/><F35/><W82/><G82/><T97/><D80/><U74/><E74/><V10/><F121/><W13/><AGARI ba="0,1" hai="0,6,9,13,16,23,58,62,67,73,79,81,133,134" machi="13" ten="30,6000,0" yaku="1,1,0,1,54,1,53,0" doraHai="47" doraHaiUra="96" who="3" fromWho="3" sc="157,-20,296,-20,197,-20,340,70" owari="137,-36.3,276,7.6,177,-22.3,410,51.0" /></mjloggm>