<mjloggm ver="2.3"><GO type="225" lobby="0"/><UN n0="%E6%81%A5%E6%99%92%E3%81%97" n1="%E7%B4%94%E6%BD%94%E3%83%94%E3%83%A9%E3%83%8B%E3%82%A2" n2="%E3%81%BF%E3%81%BF%E3%81%9A" n3="%E9%A6%AC%E5%BC%95%E7%81%AB%33" dan="16,17,17,16" rate="2134.62,2217.34,2195.11,2140.39" sx="M,M,M,M"/><TAIKYOKU oya="0"/><INIT seed="0,0,0,5,3,128" ten="250,250,250,250" oya="0" hai0="113,114,68,44,133,105,56,46,123,30,12,52,69" hai1="25,103,70,94,82,62,92,65,120,73,75,98,0" hai2="61,14,22,108,129,121,134,39,55,110,20,48,7" hai3="74,35,117,31,16,78,135,87,9,76,18,115,116"/><T1/><D105/><U80/><E120/><V99/><F121/><W27/><G115/><N who="0" m="44043" /><D1/><U4/><E92/><V118/><F118/><W58/><G74/><T42/><D12/><U106/><E94/><V57/><F39/><W132/><G58/><T72/><D72/><U100/><E100/><V13/><F129/><W17/><G9/><T67/><D30/><U109/><E82/><V79/><F79/><N who="3" m="30251" /><G87/><T5/><D5/><U11/><E109/><N who="2" m="42091" /><F134/><AGARI ba="0,0" hai="16,17,18,27,31,35,116,117,132,134,135" m="30251" machi="134" ten="30,8000,1" yaku="20,1,52,3,54,1" doraHai="128" who="3" fromWho="2" sc="250,0,250,0,250,-80,250,80" /><INIT seed="1,0,0,0,4,104" ten="250,250,170,330" oya="1" hai0="113,21,114,109,134,6,64,132,11,28,106,45,55" hai1="103,111,71,9,101,100,22,80,81,115,116,92,68" hai2="42,127,33,88,96,83,3,124,12,75,129,13,122" hai3="27,2,37,94,107,95,59,90,77,8,38,99,121"/><U19/><E116/><V51/><F122/><W56/><G121/><T40/><D106/><U76/><E115/><V26/><F3/><W58/><G107/><T70/><D28/><U57/><E92/><N who="2" m="56327" /><F42/><W31/><G77/><T17/><D55/><U35/><E35/><V29/><F51/><W66/><G66/><T10/><D64/><U60/><E9/><N who="0" m="3081" /><D70/><U69/><E111/><V118/><F118/><W117/><G117/><T125/><D6/><U30/><E30/><V84/><F84/><W86/><G8/><T34/><D34/><U123/><E123/><V7/><F7/><W41/><G41/><T93/><D93/><U98/><E98/><V0/><F0/><W73/><G2/><T119/><D119/><U79/><E81/><V91/><F91/><W5/><G5/><T85/><D85/><U62/><E57/><V126/><F129/><W47/><G47/><T67/><D67/><U108/><E108/><V16/><F16/><W14/><G59/><T15/><D109/><U128/><E128/><V44/><F44/><W105/><G99/><T112/><D45/><U39/><E39/><V50/><F50/><W72/><G37/><T110/><D40/><U20/><E19/><V102/><F102/><W61/><G38/><T131/><D110/><U52/><E52/><V36/><F36/><W24/><G56/><T74/><D131/><U133/><E80/><V97/><F97/><W18/><G58/><T1/><D114/><U130/><E130/><V135/><F135/><N who="0" m="51754" /><D113/><U46/><E133/><V78/><AGARI ba="0,0" hai="12,13,26,29,33,75,78,83,124,126,127" m="56327" machi="78" ten="40,5200,0" yaku="18,1,52,1,54,1" doraHai="104" who="2" fromWho="2" sc="250,-13,250,-26,170,52,330,-13" /><INIT seed="2,0,0,4,0,35" ten="237,224,222,317" oya="2" hai0="92,46,90,88,102,64,55,115,75,106,101,96,58" hai1="66,43,116,87,85,134,19,45,29,49,4,42,135" hai2="48,56,10,24,122,20,72,124,11,60,6,67,70" hai3="99,107,62,0,109,117,59,1,25,14,47,95,68"/><V13/><F122/><W91/><G117/><T130/><D115/><U131/><E116/><V94/><F124/><W108/><G68/><T132/><D75/><U100/><E29/><V103/><F72/><W82/><G47/><T65/><D130/><U53/><E131/><V38/><F38/><W123/><G123/><T26/><D132/><N who="1" m="50731" /><E100/><N who="0" m="38505" /><D106/><U111/><E111/><N who="3" m="42570" /><G107/><T37/><D46/><U23/><E66/><N who="0" m="25705" /><D26/><N who="1" m="14719" /><E4/><V83/><F83/><W30/><G14/><T31/><D31/><U63/><E63/><V79/><F79/><W39/><G39/><T51/><D37/><U22/><E22/><V9/><F48/><W5/><G5/><T15/><D15/><U71/><E71/><V128/><F128/><W36/><G36/><T41/><D41/><AGARI ba="0,0" hai="41,42,43,45,49,53,85,87" m="14719,50731" machi="41" ten="30,1000,0" yaku="20,1" doraHai="35" who="1" fromWho="0" sc="237,-10,224,10,222,0,317,0" /><INIT seed="3,0,0,1,2,97" ten="227,234,222,317" oya="3" hai0="48,58,135,8,34,32,112,1,133,75,25,54,15" hai1="70,49,88,60,122,129,104,37,109,83,57,59,80" hai2="19,52,134,40,64,13,113,124,42,105,28,21,100" hai3="51,71,85,16,73,125,74,102,33,99,53,90,39"/><W55/><G39/><T50/><D75/><U119/><E122/><V67/><F113/><W17/><G33/><N who="0" m="12907" /><D1/><U23/><E37/><V24/><F124/><W69/><G125/><T116/><D116/><U68/><E104/><V111/><F111/><W2/><G2/><T56/><D25/><U86/><E109/><V10/><F134/><N who="0" m="51210" /><D112/><U22/><E119/><V98/><REACH who="2" step="1"/><F52/><REACH who="2" ten="227,234,212,317" step="2"/><W130/><G53/><T92/><D92/><N who="1" m="54295" /><E129/><V3/><F3/><W11/><G55/><T0/><D0/><U62/><E62/><V6/><F6/><W72/><G130/><T115/><D115/><U61/><E60/><V123/><F123/><W29/><G51/><N who="0" m="30815" /><D58/><N who="1" m="22027" /><E61/><V66/><AGARI ba="0,1" hai="10,13,19,21,24,28,40,42,64,66,67,98,100,105" machi="66" ten="30,4000,0" yaku="1,1,0,1,52,1,53,0" doraHai="97" doraHaiUra="41" who="2" fromWho="2" sc="227,-10,234,-10,212,50,317,-20" /><INIT seed="4,0,0,3,0,61" ten="217,224,262,297" oya="0" hai0="86,65,110,122,105,91,53,77,121,1,84,126,79" hai1="27,42,103,11,113,116,87,92,33,70,57,114,115" hai2="99,48,62,78,93,118,18,60,80,127,5,35,64" hai3="56,95,3,128,74,37,49,125,51,69,106,22,52"/><T4/><D105/><U45/><E70/><V101/><F35/><W107/><G69/><T73/><D73/><U28/><E116/><V9/><F127/><W100/><G37/><T133/><D126/><U89/><E57/><V6/><F118/><W98/><G125/><T94/><D133/><U54/><E54/><V29/><F29/><W66/><G66/><T83/><D110/><U68/><E68/><V124/><F60/><W97/><G3/><T38/><D38/><U30/><E28/><V12/><F48/><W71/><G71/><T34/><D34/><U88/><E11/><V123/><F123/><W129/><G74/><T59/><D65/><U63/><E63/><V96/><F99/><W104/><G98/><T112/><D112/><U24/><E24/><V46/><F46/><W15/><G49/><T50/><REACH who="0" step="1"/><D79/><REACH who="0" ten="207,224,262,297" step="2"/><U47/><E103/><V130/><F124/><W20/><G106/><T72/><D72/><U21/><E33/><V39/><F39/><W14/><G107/><T17/><D17/><U7/><E7/><V75/><F130/><W0/><G104/><T36/><D36/><U90/><E42/><V132/><F132/><W67/><G100/><T32/><D32/><U81/><E90/><V76/><F78/><W19/><G19/><T25/><D25/><U41/><E41/><V23/><F5/><W111/><G129/><T131/><D131/><U108/><E108/><V43/><F6/><W2/><G111/><T55/><D55/><U13/><E13/><V119/><F43/><W44/><G128/><T16/><D16/><U85/><AGARI ba="0,1" hai="21,27,30,45,47,81,85,87,88,89,92,113,114,115" machi="85" ten="40,8000,1" yaku="5,1,0,1,15,1,11,1,54,1" doraHai="61" who="1" fromWho="1" sc="207,-40,224,90,262,-20,297,-20" owari="167,-33.3,314,41.4,242,-15.8,277,7.7" /></mjloggm>