<mjloggm ver="2.3"><GO type="225" lobby="0"/><UN n0="%E6%B7%91%E5%A5%B3%E3%81%AE%E5%97%9C%E3%81%BF" n1="%E9%B3%B3%E6%9D%B1%E3%81%AE%E3%81%BF%E3%81%91%E3%81%AB%E3%82%83%E3%82%93" n2="%E7%87%90%2E%2E" n3="%E5%91%A8%E6%9D%B1" dan="16,17,16,17" rate="2103.33,2167.02,2146.38,2250.29" sx="M,F,M,M"/><TAIKYOKU oya="0"/><INIT seed="0,0,0,1,0,84" ten="250,250,250,250" oya="0" hai0="120,104,80,36,83,81,88,29,106,85,131,57,54" hai1="92,116,97,60,27,8,119,99,15,103,108,34,76" hai2="33,4,128,38,79,111,130,32,115,20,66,19,23" hai3="134,65,12,31,49,112,132,117,18,14,127,98,110"/><T48/><D120/><U89/><E108/><V62/><F115/><W44/><G112/><T16/><D36/><U94/><E76/><V37/><F4/><W101/><G117/><T78/><D131/><N who="2" m="50218" /><F79/><W53/><G110/><T9/><D29/><U2/><E2/><V105/><F105/><W63/><G31/><T7/><D81/><U67/><E27/><N who="2" m="14751" /><F23/><W90/><G127/><T24/><D24/><U45/><E45/><V43/><F111/><W95/><G101/><T126/><D126/><U25/><E25/><V46/><F38/><W102/><G102/><T129/><D129/><U13/><E34/><V52/><F52/><W40/><G53/><T133/><D133/><N who="3" m="51305" /><G18/><T114/><D114/><U58/><REACH who="1" step="1"/><E15/><REACH who="1" ten="250,240,250,250" step="2"/><V3/><F3/><W122/><G122/><T21/><D78/><U28/><E28/><V35/><F35/><W59/><AGARI ba="0,1" hai="12,14,40,44,49,59,63,65,90,95,98" m="51305" machi="59" ten="30,2000,0" yaku="20,1,52,1" doraHai="84" who="3" fromWho="3" sc="250,-10,240,-5,250,-5,250,30" /><INIT seed="1,0,0,0,1,7" ten="240,235,245,280" oya="1" hai0="21,93,86,53,107,68,121,41,72,49,119,96,78" hai1="40,34,4,118,25,66,17,128,116,46,47,6,125" hai2="50,77,81,13,8,110,26,14,84,133,98,28,48" hai3="0,27,16,10,24,64,122,36,101,23,104,99,60"/><U123/><E123/><V120/><F120/><W69/><G36/><T109/><D119/><U55/><E66/><V103/><F110/><W56/><G122/><T106/><D121/><U124/><E55/><V57/><F133/><W18/><G69/><T131/><D68/><U114/><E114/><V42/><F57/><W43/><G43/><T62/><D109/><U91/><E91/><V85/><F84/><W113/><G113/><T45/><D131/><U74/><E74/><V75/><F75/><W90/><G90/><T38/><D62/><U71/><E71/><V126/><F126/><N who="1" m="48745" /><E128/><V92/><F42/><W115/><G115/><T54/><D54/><U30/><E17/><V2/><F2/><W44/><G44/><N who="1" m="16938" /><E40/><V89/><F89/><W67/><G67/><T127/><D72/><U31/><E31/><V22/><F14/><W20/><G0/><T58/><D127/><U19/><E19/><AGARI ba="0,0" hai="8,13,19,22,26,28,48,50,77,81,85,92,98,103" machi="19" ten="30,3900,0" yaku="7,1,8,1,52,1" doraHai="7" who="2" fromWho="1" sc="240,0,235,-39,245,39,280,0" /><INIT seed="2,0,0,4,1,0" ten="240,196,284,280" oya="2" hai0="82,55,5,110,45,86,51,34,49,65,39,29,23" hai1="117,116,128,3,26,60,93,50,85,47,91,1,96" hai2="131,52,69,126,121,90,80,94,107,76,105,129,118" hai3="119,41,72,54,109,18,56,73,43,112,9,32,127"/><V4/><F121/><W20/><G119/><T78/><D110/><U27/><E128/><N who="2" m="49227" /><F118/><W42/><G32/><T79/><D39/><U108/><E108/><V89/><F69/><W113/><G109/><T87/><D34/><U83/><E116/><V15/><F126/><W24/><G9/><T103/><D103/><U25/><E117/><V14/><F14/><W106/><G106/><N who="2" m="40457" /><F94/><W16/><G18/><T123/><D123/><U7/><E60/><V92/><F92/><W63/><REACH who="3" step="1"/><G127/><REACH who="3" ten="240,196,284,270" step="2"/><T44/><D23/><U38/><E38/><V95/><F95/><W22/><G22/><T53/><D29/><U62/><E62/><V67/><F67/><W74/><AGARI ba="0,1" hai="16,20,24,41,42,43,54,56,63,72,73,74,112,113" machi="74" ten="40,5200,0" yaku="1,1,0,1,54,1,53,0" doraHai="0" doraHaiUra="124" who="3" fromWho="3" sc="240,-13,196,-13,284,-26,270,62" /><INIT seed="3,0,0,4,0,100" ten="227,183,258,332" oya="3" hai0="122,115,20,119,135,117,6,55,59,45,79,52,71" hai1="54,58,90,126,83,30,50,130,99,61,27,127,69" hai2="101,32,25,68,66,5,74,1,131,104,94,33,38" hai3="70,39,64,109,60,36,97,51,133,118,43,49,15"/><W121/><G97/><T41/><D122/><U120/><E120/><V106/><F94/><W18/><G118/><T8/><D135/><U48/><E130/><V14/><F14/><W123/><G133/><T134/><D71/><U2/><E2/><V86/><F86/><W67/><G18/><T26/><D134/><U37/><E37/><V29/><F131/><W125/><G15/><T17/><D79/><U107/><E83/><V31/><F101/><W98/><G98/><T77/><D77/><U105/><E90/><V111/><F111/><W62/><G43/><T63/><D55/><U112/><E112/><V93/><F93/><W13/><G13/><T16/><D17/><U23/><E99/><V53/><F53/><W116/><G116/><T3/><REACH who="0" step="1"/><D115/><REACH who="0" ten="217,183,258,332" step="2"/><U73/><E73/><V44/><F74/><W110/><G70/><T35/><D35/><U102/><E102/><V78/><F78/><W28/><G28/><T21/><D21/><U95/><E95/><V85/><F31/><W114/><G114/><T128/><D128/><U24/><E24/><V103/><F103/><W4/><G4/><T11/><D11/><U84/><E84/><V40/><F85/><W19/><G19/><T0/><D0/><U10/><E10/><N who="2" m="2351" /><F33/><W34/><G34/><T132/><D132/><U91/><E91/><V57/><F68/><W96/><G96/><T76/><D76/><U56/><E69/><V12/><F25/><W72/><G72/><T9/><D9/><U124/><E50/><AGARI ba="0,1" hai="3,6,8,16,20,26,41,45,50,52,59,63,117,119" machi="50" ten="30,7700,0" yaku="1,1,7,1,54,2,53,0" doraHai="100" doraHaiUra="65" who="0" fromWho="1" sc="217,87,183,-77,258,0,332,0" owari="304,10.4,106,-39.4,258,-14.2,332,43.2" /></mjloggm>