<mjloggm ver="2.3"><GO type="225" lobby="0"/><UN n0="%E7%B4%94%E6%BD%94%E3%83%94%E3%83%A9%E3%83%8B%E3%82%A2" n1="%E6%A1%9C%E8%8A%B1%E9%96%83%E3%80%85" n2="%E3%83%B4%E3%83%A0%EF%BC%99%E3%81%A6" n3="%E8%91%B1%E9%96%93%E8%91%B1%E6%8A%9C" dan="17,17,17,16" rate="2183.94,2249.79,2145.17,2098.19" sx="M,M,M,F"/><TAIKYOKU oya="0"/><INIT seed="0,0,0,5,4,113" ten="250,250,250,250" oya="0" hai0="20,3,99,44,109,95,88,19,1,41,101,56,118" hai1="132,90,27,17,63,65,15,37,80,112,33,28,32" hai2="58,43,0,92,85,60,54,107,86,105,40,74,10" hai3="111,31,2,103,29,83,61,123,91,67,23,51,97"/><T79/><D79/><U36/><E112/><V7/><F74/><W34/><G2/><T78/><D78/><U35/><E132/><V106/><REACH who="2" step="1"/><F92/><REACH who="2" ten="250,250,240,250" step="2"/><W6/><G123/><T100/><D109/><U108/><E108/><V30/><F30/><W94/><G29/><T69/><D1/><U122/><E122/><V50/><F50/><W21/><G51/><T121/><D3/><U48/><E48/><V46/><F46/><W129/><G111/><T128/><D121/><U130/><E36/><V70/><F70/><W82/><G31/><T22/><D69/><U68/><E37/><V81/><F81/><W75/><G75/><T12/><D128/><U126/><E130/><V116/><F116/><W8/><G129/><T131/><D118/><U98/><E80/><V120/><F120/><W49/><G49/><T47/><D131/><U124/><E33/><V11/><F11/><W134/><G134/><T53/><D44/><U115/><E35/><V96/><F96/><N who="3" m="57439" /><G34/><T59/><D47/><U110/><E110/><V114/><F114/><W135/><G135/><T42/><D59/><U39/><E39/><V125/><F125/><N who="1" m="48233" /><E115/><V104/><N who="2" m="26624" /><DORA hai="25" /><V93/><F93/><N who="3" m="58799" /><G83/><T14/><D42/><AGARI ba="0,1" hai="0,7,10,40,42,43,54,58,60,85,86" m="26624" machi="42" ten="70,12000,2" yaku="1,1,53,5" doraHai="113,25" doraHaiUra="5,102" who="2" fromWho="0" sc="250,-120,250,0,240,130,250,0" /><INIT seed="1,0,0,4,0,91" ten="130,250,370,250" oya="1" hai0="62,1,113,50,0,69,39,13,33,17,101,66,125" hai1="96,68,36,49,44,108,46,121,40,75,57,90,112" hai2="78,84,15,83,30,67,32,134,47,37,59,56,119" hai3="102,28,124,88,131,29,60,70,80,6,81,22,41"/><U87/><E75/><V18/><F119/><W128/><G102/><T52/><D113/><U27/><E112/><V77/><F134/><W3/><G41/><T95/><D39/><U8/><E121/><V16/><F77/><W118/><G124/><T93/><D33/><U132/><E68/><V120/><F120/><W85/><G118/><T94/><D101/><U103/><E132/><V48/><F37/><W107/><G107/><T54/><D125/><U4/><E57/><V20/><F67/><N who="3" m="41319" /><G22/><T63/><D63/><U130/><E27/><V98/><F98/><W23/><G23/><T65/><D65/><U9/><E130/><N who="3" m="49706" /><G80/><T43/><D43/><U11/><E108/><V105/><F105/><W26/><G26/><T58/><REACH who="0" step="1"/><D54/><REACH who="0" ten="120,250,370,250" step="2"/><U115/><E115/><V133/><F133/><W2/><G2/><T116/><D116/><U110/><E36/><V10/><F32/><W92/><G81/><T31/><D31/><U127/><E127/><V104/><F30/><W55/><G55/><T100/><D100/><U21/><E103/><V74/><F83/><W64/><G64/><T19/><D19/><U51/><E40/><V35/><F18/><W114/><G114/><T14/><D14/><U86/><E110/><V12/><F12/><W79/><G79/><T42/><D42/><U45/><E49/><V97/><F35/><W129/><G129/><T7/><D7/><U25/><E51/><V111/><F111/><W123/><G123/><T117/><D117/><U5/><E5/><V24/><F24/><W109/><G109/><T82/><D82/><U61/><E25/><RYUUKYOKU ba="0,1" sc="120,15,250,-15,370,-15,250,15" hai0="0,1,13,17,50,52,58,62,66,69,93,94,95" hai3="3,6,28,29,85,88,92" /><INIT seed="2,1,1,3,4,78" ten="135,235,355,265" oya="2" hai0="85,36,106,110,76,22,125,62,12,58,68,14,132" hai1="115,98,123,94,52,93,38,105,114,42,53,56,89" hai2="10,1,87,27,118,11,100,34,23,134,29,0,33" hai3="46,107,133,116,102,9,126,96,17,79,129,35,91"/><V4/><F100/><W26/><G116/><T57/><D110/><U74/><E105/><V122/><F118/><W63/><G79/><T95/><D125/><U101/><E74/><V119/><F119/><W135/><G126/><T104/><D132/><U67/><E67/><V45/><F134/><W130/><G46/><T109/><D109/><U70/><E70/><V19/><F122/><W131/><G91/><T54/><D36/><U77/><E77/><V128/><F45/><W30/><G63/><T117/><D68/><U120/><E42/><V82/><F128/><W48/><G48/><T37/><D37/><U2/><E2/><N who="2" m="1131" /><F82/><W8/><REACH who="3" step="1"/><G8/><REACH who="3" ten="135,235,355,255" step="2"/><N who="2" m="3113" /><F87/><W32/><G32/><N who="2" m="12393" /><F4/><W80/><G80/><T92/><D85/><N who="1" m="52399" /><E38/><V49/><F49/><W83/><G83/><T50/><D117/><U25/><E120/><V44/><F44/><W5/><G5/><T39/><D39/><U3/><E123/><V65/><F65/><W103/><G103/><T127/><D127/><U16/><E101/><V121/><F121/><W41/><G41/><T61/><D76/><U66/><E66/><V59/><F59/><W6/><G6/><T88/><D50/><U64/><E64/><V43/><F43/><W69/><G69/><T124/><D124/><U60/><E53/><V81/><F81/><W73/><G73/><T28/><D54/><U113/><E52/><V90/><F90/><W18/><G18/><AGARI ba="1,2" hai="18,19,23,27,29" m="12393,3113,1131" machi="18" ten="40,12000,1" yaku="35,5" doraHai="78" who="2" fromWho="3" sc="135,0,235,0,355,143,255,-123" /><INIT seed="2,2,0,2,5,2" ten="135,235,498,132" oya="2" hai0="73,42,107,64,38,117,74,62,123,65,75,43,19" hai1="61,100,35,121,101,36,94,4,71,60,54,109,13" hai2="55,6,79,58,86,76,132,20,116,40,30,97,125" hai3="77,46,44,72,126,115,85,31,98,12,49,15,17"/><V0/><F116/><W68/><G68/><T93/><D123/><U41/><E35/><V122/><F122/><W57/><G72/><T112/><D112/><U29/><E29/><V135/><F40/><W128/><G115/><T34/><D107/><U88/><E109/><V59/><F97/><W134/><G134/><N who="2" m="51241" /><F59/><W105/><G128/><T56/><D117/><U104/><E60/><V96/><F96/><W18/><G126/><T47/><D34/><U91/><E61/><V131/><F86/><W99/><G31/><T130/><D130/><U52/><E41/><V106/><F106/><W69/><G69/><T1/><D43/><U21/><E36/><V67/><F67/><W110/><G105/><T92/><D64/><U111/><E54/><V102/><F102/><W119/><G119/><T70/><D1/><U3/><E52/><V16/><F125/><W84/><G57/><T114/><D114/><U27/><E101/><V51/><F30/><W63/><G63/><T22/><REACH who="0" step="1"/><D70/><REACH who="0" ten="125,235,498,132" step="2"/><U11/><E71/><V50/><F131/><W120/><G120/><T90/><D90/><U28/><E88/><V103/><F103/><W66/><G66/><T127/><D127/><U10/><E121/><V45/><F76/><W129/><G129/><T23/><D23/><U48/><E21/><V33/><F33/><W82/><G77/><T87/><D87/><U118/><E100/><V80/><F0/><W5/><G84/><T7/><D7/><U25/><E3/><V83/><F79/><W124/><G5/><T95/><D95/><U133/><E118/><V81/><F6/><RYUUKYOKU ba="2,1" sc="125,30,235,-10,498,-10,132,-10" hai0="19,22,38,42,47,56,62,65,73,74,75,92,93" /><INIT seed="3,3,1,0,1,55" ten="155,225,488,122" oya="3" hai0="51,96,110,53,92,93,29,59,75,33,95,120,3" hai1="73,50,54,70,108,49,11,84,104,31,132,118,57" hai2="72,130,27,37,79,67,58,1,8,112,60,4,81" hai3="44,5,101,89,15,133,113,74,34,38,116,85,134"/><W65/><G113/><T25/><D120/><U102/><E73/><V97/><F112/><W46/><G74/><T66/><D110/><U47/><E70/><V22/><F130/><W42/><G116/><T90/><D3/><U87/><E108/><V111/><F111/><W128/><G34/><T91/><D75/><U103/><E132/><N who="3" m="50794" /><G128/><T125/><D125/><U63/><E118/><V99/><F37/><N who="3" m="21583" /><G101/><N who="1" m="38410" /><E104/><V21/><F21/><W20/><G65/><T76/><D76/><U127/><E127/><V17/><AGARI ba="3,1" hai="1,4,8,17,22,27,58,60,67,72,79,81,97,99" machi="17" ten="20,2700,0" yaku="0,1,7,1,52,1" doraHai="55" who="2" fromWho="2" sc="155,-10,225,-10,488,46,122,-16" owari="145,-25.5,215,1.5,534,63.4,106,-39.4" /></mjloggm>