<mjloggm ver="2.3"><GO type="225" lobby="0"/><UN n0="%E6%9C%88%E5%B3%B6%E5%9F%BA" n1="%E6%A1%9C%E6%B2%A2%E5%A2%A8" n2="%E7%9A%AE%E3%80%85" n3="%E9%B7%B9%E5%80%89%E6%9D%8F%E9%88%B4" dan="16,17,16,16" rate="2126.89,2184.47,2153.13,2099.20" sx="M,F,F,F"/><TAIKYOKU oya="0"/><INIT seed="0,0,0,3,2,27" ten="250,250,250,250" oya="0" hai0="0,112,31,69,119,56,39,7,64,24,132,49,108" hai1="73,47,79,29,130,59,131,128,87,18,76,80,134" hai2="68,60,55,95,90,99,81,103,122,34,36,53,4" hai3="92,105,38,41,52,23,28,91,133,26,72,86,88"/><T115/><D119/><U6/><E134/><V45/><F122/><W70/><G133/><T35/><D132/><U66/><E6/><V14/><F34/><W106/><G72/><T8/><D39/><U114/><E114/><V109/><F109/><W11/><G70/><T118/><D118/><U124/><E124/><V125/><F125/><W1/><G38/><T111/><D56/><U84/><E18/><V77/><F103/><W98/><G41/><T104/><D49/><U97/><E97/><V127/><F127/><W46/><G1/><T120/><D104/><U82/><E47/><V116/><F116/><W110/><G11/><T83/><D83/><U43/><E43/><V2/><F14/><W30/><G110/><N who="0" m="42027" /><D120/><U10/><E10/><N who="2" m="2327" /><F60/><AGARI ba="0,0" hai="0,7,8,24,31,35,60,64,69,112,115" m="42027" machi="60" ten="30,11600,0" yaku="14,1,10,1,23,1,52,1" doraHai="27" who="0" fromWho="2" sc="250,116,250,0,250,-116,250,0" /><INIT seed="0,1,0,5,1,129" ten="366,250,134,250" oya="0" hai0="71,88,120,10,122,4,125,28,8,29,40,74,105" hai1="121,13,14,45,25,117,109,51,99,58,61,62,112" hai2="57,6,91,83,41,19,103,22,127,108,67,60,23" hai3="100,42,126,12,131,27,98,50,0,52,5,106,115"/><T34/><D74/><U59/><E117/><V92/><F108/><W97/><G115/><T3/><D105/><U65/><E121/><V110/><F110/><W66/><G0/><T30/><D71/><U53/><E109/><V32/><F127/><W9/><G126/><T38/><D125/><U35/><E112/><V72/><F32/><W24/><G131/><T134/><D40/><U123/><E123/><N who="0" m="47145" /><D38/><U90/><E35/><V69/><F6/><W95/><G66/><T21/><D88/><U78/><E78/><V86/><F41/><W76/><G76/><T79/><D79/><U133/><E25/><V1/><F1/><W49/><G49/><T47/><D47/><U75/><E75/><V70/><F23/><W113/><G42/><T118/><D118/><U17/><E17/><V128/><F128/><W33/><G33/><T80/><D80/><U77/><E77/><V18/><F18/><W46/><REACH who="3" step="1"/><G113/><REACH who="3" ten="366,250,134,240" step="2"/><T55/><D34/><U111/><E111/><V56/><F70/><W64/><G64/><T20/><D55/><N who="1" m="34047" /><E133/><V89/><F72/><W15/><G15/><N who="0" m="5511" /><D134/><U93/><AGARI ba="1,1" hai="13,14,45,51,53,58,62,65,90,93,99" m="34047" machi="93" ten="30,1100,0" yaku="8,1" doraHai="129" who="1" fromWho="1" sc="366,-6,250,24,134,-4,240,-4" /><INIT seed="1,0,0,1,1,16" ten="360,274,130,236" oya="1" hai0="38,98,2,12,108,77,88,44,79,53,27,20,14" hai1="126,83,82,31,123,47,101,11,4,25,121,5,125" hai2="56,28,22,39,33,65,54,36,130,97,86,71,34" hai3="127,76,13,59,15,46,18,115,57,104,92,112,21"/><U64/><E101/><V52/><F130/><W107/><G104/><T135/><D2/><U87/><E64/><V26/><F71/><W72/><G107/><T103/><D108/><U0/><E47/><V119/><F119/><W124/><G46/><T134/><D88/><N who="1" m="51319" /><E5/><V40/><F65/><W9/><G92/><N who="0" m="58823" /><D38/><U6/><E4/><V129/><F129/><W29/><G29/><N who="0" m="17639" /><D53/><U35/><E83/><V48/><F97/><W110/><G110/><T78/><D44/><U23/><E35/><V51/><F86/><W73/><G76/><T60/><D60/><U91/><E91/><V131/><F131/><W109/><G109/><T17/><D17/><U89/><E89/><V63/><F63/><W30/><G18/><T113/><D113/><U74/><E74/><V85/><F85/><W93/><G30/><T95/><D95/><U122/><E6/><V19/><F40/><W100/><G93/><T117/><D117/><U120/><E120/><V111/><F111/><W8/><G100/><T81/><D81/><U45/><E45/><V7/><F7/><W32/><G32/><T116/><D116/><U94/><E94/><V118/><F118/><W62/><G62/><T43/><D43/><U90/><E90/><V3/><F3/><W66/><G66/><T70/><D70/><U42/><E42/><V24/><REACH who="2" step="1"/><F33/><REACH who="2" ten="360,274,120,236" step="2"/><W75/><G73/><T96/><D96/><U61/><E61/><V68/><F68/><W69/><G69/><T58/><D58/><AGARI ba="0,1" hai="19,22,24,26,28,34,36,39,48,51,52,54,56,58" machi="58" ten="30,8000,1" yaku="1,1,7,1,9,1,52,1,54,1,53,0" doraHai="16" doraHaiUra="102" who="2" fromWho="0" sc="360,-80,274,0,120,90,236,0" /><INIT seed="2,0,0,0,2,81" ten="280,274,210,236" oya="2" hai0="13,134,90,69,63,121,82,65,43,88,125,116,98" hai1="96,10,109,89,133,38,108,53,77,21,78,70,72" hai2="97,32,49,4,105,74,23,93,47,95,24,99,68" hai3="73,111,62,14,31,64,119,1,6,35,37,50,22"/><V45/><F68/><W42/><G119/><T51/><D121/><U36/><E70/><V124/><F74/><W130/><G73/><T3/><D3/><U135/><E21/><V18/><F32/><W41/><G37/><N who="1" m="14442" /><E53/><V91/><F105/><W9/><G111/><N who="1" m="42570" /><E10/><V106/><F106/><W40/><G130/><T0/><D0/><U112/><E112/><V113/><F113/><W27/><G50/><T110/><D125/><U67/><E67/><V83/><F124/><W15/><REACH who="3" step="1"/><G35/><REACH who="3" ten="280,274,210,226" step="2"/><T75/><D51/><U29/><E72/><V129/><F129/><W117/><G117/><T55/><D75/><U34/><E135/><V66/><F66/><W86/><G86/><T103/><D134/><U25/><E133/><V54/><F4/><W33/><G33/><T60/><D116/><U94/><AGARI ba="0,1" hai="25,29,34,77,78,89,94,96" m="42570,14442" machi="94" ten="40,1500,0" yaku="14,1" doraHai="81" who="1" fromWho="1" sc="280,-4,274,25,210,-7,226,-4" /><INIT seed="3,0,0,1,3,12" ten="276,299,203,222" oya="3" hai0="18,52,75,41,122,39,89,13,130,133,9,107,17" hai1="135,16,26,123,24,99,46,8,22,38,112,31,88" hai2="42,98,92,5,84,6,68,119,25,66,111,37,127" hai3="74,109,110,3,126,51,15,14,128,44,69,54,70"/><W73/><G3/><T2/><D122/><U83/><E123/><V103/><F119/><W62/><G128/><T71/><D107/><U59/><E112/><V65/><F111/><N who="3" m="42507" /><G126/><T23/><D75/><N who="3" m="28681" /><G62/><T82/><D71/><AGARI ba="0,0" hai="14,15,44,51,54,69,70,71" m="28681,42507" machi="71" ten="40,3900,0" yaku="14,1,10,1" doraHai="12" who="3" fromWho="0" sc="276,-39,299,0,203,0,222,39" /><INIT seed="3,1,0,5,0,45" ten="237,299,203,261" oya="3" hai0="134,14,79,20,113,51,18,69,56,84,39,8,5" hai1="2,9,112,59,37,6,135,109,77,17,78,7,96" hai2="127,73,0,85,105,117,50,86,123,116,61,130,52" hai3="91,128,38,63,103,93,21,22,100,88,27,12,25"/><W104/><G38/><T92/><D39/><U1/><E112/><V41/><F73/><W107/><G128/><T40/><D69/><U132/><E37/><V43/><F130/><W11/><G63/><T76/><D134/><N who="1" m="51243" /><E109/><V121/><F105/><W68/><G68/><T55/><D40/><N who="2" m="15434" /><F0/><W24/><G11/><T101/><D113/><U74/><E74/><V35/><F35/><W47/><G47/><T111/><D111/><U129/><E129/><V89/><F127/><W29/><G12/><N who="0" m="5135" /><D101/><N who="3" m="38985" /><G93/><T98/><D98/><U57/><E6/><V80/><F61/><W15/><G15/><T46/><D46/><U48/><E2/><V23/><F23/><N who="3" m="8715" /><G29/><T66/><D66/><U53/><E17/><V115/><F115/><W10/><G10/><T87/><D92/><U26/><E26/><V106/><F106/><AGARI ba="1,0" hai="24,25,27,88,91,104,106,107" m="8715,38985" machi="106" ten="40,7700,0" yaku="28,2,54,1" doraHai="45" who="3" fromWho="2" sc="237,0,299,0,203,-80,261,80" owari="237,-16.3,299,9.9,123,-37.7,341,44.1" /></mjloggm>