<mjloggm ver="2.3"><GO type="225" lobby="0"/><UN n0="%E6%98%93%E5%88%A9%E8%96%A9%E4%BC%AF" n1="%E3%81%BF%E3%81%BF%E3%81%9A" n2="%28%EF%BF%A3%E2%96%BD%EF%BF%A3%29%CE%B4%E2%8C%92%E3%83%BB" n3="%E7%AC%B9%E9%A4%85" dan="17,18,17,18" rate="2173.08,2212.09,2260.03,2244.37" sx="F,M,M,M"/><TAIKYOKU oya="0"/><INIT seed="0,0,0,4,5,120" ten="250,250,250,250" oya="0" hai0="3,104,56,30,75,107,97,125,135,65,42,10,63" hai1="41,99,96,117,12,48,113,98,29,83,121,118,9" hai2="46,73,38,85,53,126,59,18,25,123,14,8,0" hai3="88,84,130,57,91,43,6,64,111,13,122,70,101"/><T131/><D75/><U74/><E121/><V67/><F73/><W71/><G122/><T49/><D131/><U34/><E113/><V47/><F123/><W51/><G130/><T61/><D135/><U11/><E34/><V21/><F0/><W100/><G71/><T50/><D125/><U119/><E29/><V5/><F38/><W129/><G129/><T60/><D30/><U2/><E2/><V27/><F126/><W28/><G28/><T19/><D107/><U22/><E22/><V109/><F67/><W55/><G43/><T35/><D35/><U44/><REACH who="1" step="1"/><E12/><REACH who="1" ten="250,240,250,250" step="2"/><V17/><F27/><W36/><G13/><T82/><D82/><U108/><E108/><V110/><F5/><W106/><G111/><N who="2" m="42505" /><F85/><W94/><G6/><T58/><D42/><U52/><E52/><V81/><F81/><W79/><G55/><T62/><D58/><U66/><E66/><V77/><F77/><AGARI ba="0,1" hai="9,11,41,44,48,74,77,83,96,98,99,117,118,119" machi="77" ten="50,1600,0" yaku="1,1,53,0" doraHai="120" doraHaiUra="127" who="1" fromWho="2" sc="250,0,240,26,250,-16,250,0" /><INIT seed="1,0,0,2,2,130" ten="250,266,234,250" oya="1" hai0="64,98,5,89,58,21,128,79,93,50,131,45,40" hai1="113,70,109,134,111,106,54,120,124,127,88,47,56" hai2="59,92,87,105,77,20,35,119,42,85,19,67,97" hai3="95,82,63,90,36,72,43,73,48,26,37,38,108"/><U101/><E70/><V33/><F105/><W55/><G108/><N who="1" m="41546" /><E113/><V102/><F119/><W80/><G43/><T135/><D79/><U133/><E120/><V110/><F110/><W114/><G63/><T27/><D5/><U52/><E47/><V91/><F77/><W29/><G114/><T112/><D112/><U107/><E88/><V46/><F67/><W12/><G12/><T57/><D135/><N who="1" m="51723" /><E54/><V11/><F59/><W22/><G82/><T76/><D76/><U118/><E118/><V83/><F85/><W75/><G80/><T25/><D58/><U13/><E13/><V0/><F46/><W66/><G66/><T17/><D64/><U62/><E101/><V9/><F42/><W125/><G55/><T71/><D57/><U117/><E117/><V16/><F102/><W10/><G90/><T94/><D71/><U116/><E116/><V123/><F91/><W96/><G37/><T84/><D45/><U14/><E14/><V6/><F123/><W100/><G36/><T115/><D89/><U78/><E78/><V18/><F83/><W39/><G38/><T8/><D115/><U65/><E65/><V2/><F2/><W4/><G39/><T53/><D53/><U32/><E32/><V15/><F35/><W69/><G69/><T86/><D40/><U99/><E99/><V126/><F97/><W23/><G96/><T61/><D98/><U7/><E7/><V31/><F6/><W44/><G4/><T121/><D121/><U129/><E129/><V74/><F33/><W81/><G44/><T49/><D131/><U68/><E68/><RYUUKYOKU ba="0,0" sc="250,-10,266,30,234,-10,250,-10" hai1="52,56,62,106,107,124,127" /><INIT seed="1,1,0,2,2,18" ten="240,296,224,240" oya="1" hai0="2,21,41,13,37,55,44,134,83,51,129,133,8" hai1="62,60,14,106,70,53,26,11,63,89,47,17,125" hai2="92,65,126,121,27,90,7,108,85,74,10,20,46" hai3="113,131,109,52,87,42,29,130,122,43,61,12,58"/><U22/><E106/><V116/><F74/><W49/><G122/><T39/><D129/><N who="3" m="49161" /><G113/><T48/><D2/><U93/><E125/><V128/><F128/><W69/><G29/><T28/><D83/><U132/><E132/><N who="0" m="50793" /><D28/><U84/><E70/><V54/><F126/><W94/><G109/><T24/><D24/><U19/><REACH who="1" step="1"/><E47/><REACH who="1" ten="240,286,224,240" step="2"/><V45/><F45/><W6/><G69/><T4/><D21/><U99/><E99/><V103/><F46/><AGARI ba="1,1" hai="4,8,13,37,39,41,44,46,48,51,55" m="50793" machi="46" ten="30,1000,0" yaku="20,1" doraHai="18" who="0" fromWho="2" sc="240,23,286,0,224,-13,240,0" /><INIT seed="2,0,0,4,1,116" ten="263,286,211,240" oya="2" hai0="124,20,12,48,15,2,65,111,110,74,33,115,80" hai1="121,94,5,16,135,25,55,82,100,0,129,70,1" hai2="21,4,126,58,40,71,128,11,132,78,130,36,17" hai3="47,13,109,37,89,53,27,9,44,50,90,106,8"/><V19/><F71/><W57/><G106/><T62/><D115/><U59/><E70/><V18/><F78/><W81/><G109/><N who="0" m="41483" /><D33/><U60/><E129/><N who="2" m="49771" /><F58/><W103/><G103/><T63/><D2/><U51/><E135/><V125/><F40/><W41/><G27/><T49/><D124/><N who="2" m="47722" /><F36/><W112/><G112/><T3/><D3/><U83/><E121/><V104/><F104/><W98/><G57/><N who="0" m="37071" /><D63/><U45/><E0/><N who="2" m="391" /><F132/><W119/><G41/><T30/><D49/><U131/><E131/><V38/><F38/><W95/><G50/><T7/><D48/><U46/><E1/><V108/><F108/><W76/><G37/><T113/><D113/><U66/><E45/><V28/><F28/><W72/><G47/><T122/><D122/><U52/><E66/><V29/><F29/><W35/><G44/><T101/><D30/><U75/><E75/><V31/><F31/><W54/><G72/><T24/><D74/><U123/><E123/><V68/><F68/><W42/><G42/><T99/><D101/><U97/><E5/><V87/><F87/><W107/><G107/><T67/><D7/><U92/><E94/><V22/><AGARI ba="0,0" hai="17,18,19,21,22" m="391,47722,49771" machi="22" ten="40,12000,1" yaku="19,1,18,1,34,2" doraHai="116" who="2" fromWho="2" sc="263,-40,286,-40,211,120,240,-40" /><INIT seed="2,1,0,0,4,74" ten="223,246,331,200" oya="2" hai0="132,93,117,33,7,128,130,47,41,80,106,34,57" hai1="75,64,5,27,85,4,95,29,21,135,86,54,77" hai2="35,76,134,72,70,37,0,25,32,50,83,20,115" hai3="109,121,31,118,9,63,68,61,12,38,1,89,56"/><V46/><F70/><W82/><G118/><T8/><D106/><U19/><E135/><V43/><F134/><W69/><G121/><T26/><D132/><U119/><E119/><V52/><F0/><W71/><G1/><T101/><D57/><U87/><E64/><V39/><F115/><W10/><G38/><T84/><D117/><U112/><E112/><V114/><F114/><W110/><G31/><T99/><D26/><U22/><E95/><V59/><REACH who="2" step="1"/><F39/><REACH who="2" ten="223,246,321,200" step="2"/><W2/><G69/><T44/><D130/><U133/><E133/><V123/><F123/><W131/><G71/><T88/><D128/><U28/><E54/><V122/><F122/><W6/><G131/><T98/><D98/><U62/><E29/><AGARI ba="1,1" hai="20,25,29,32,35,37,43,46,50,52,59,72,76,83" machi="29" ten="30,11600,0" yaku="1,1,7,1,52,1,54,1,53,0" doraHai="74" doraHaiUra="129" who="2" fromWho="1" sc="223,0,246,-119,321,129,200,0" /><INIT seed="2,2,0,2,1,54" ten="223,127,450,200" oya="2" hai0="94,24,67,63,102,60,69,88,119,57,77,121,117" hai1="124,135,108,65,92,96,126,110,4,134,47,11,26" hai2="80,97,106,86,16,18,98,44,104,76,42,85,2" hai3="13,75,87,28,115,129,82,118,99,48,128,112,49"/><V93/><F2/><W25/><G13/><T84/><D121/><U72/><E47/><V131/><F131/><N who="3" m="50251" /><G99/><T56/><D77/><U34/><E65/><V58/><F106/><W59/><G75/><T46/><D102/><U20/><E34/><V3/><F3/><W51/><G118/><N who="0" m="45067" /><D46/><U9/><E92/><V39/><F104/><W116/><G116/><T14/><D24/><U5/><E96/><V114/><F98/><W113/><G59/><N who="0" m="37279" /><D14/><U66/><E66/><AGARI ba="2,0" hai="56,57,63,66,69,84,88,94" m="37279,45067" machi="66" ten="30,8000,1" yaku="12,1,52,3,54,1" doraHai="54" who="0" fromWho="1" sc="223,86,127,-86,450,0,200,0" /><INIT seed="3,0,0,0,2,33" ten="309,41,450,200" oya="3" hai0="116,93,80,64,57,124,40,96,41,117,85,39,24" hai1="132,98,28,6,78,114,58,60,108,32,30,27,97" hai2="83,111,31,53,135,120,100,13,79,122,103,71,63" hai3="29,75,1,49,101,43,99,51,0,35,7,109,105"/><W69/><G51/><T34/><D124/><U107/><E108/><V45/><F111/><W74/><G109/><T123/><D123/><N who="2" m="47146" /><F135/><W44/><G7/><T23/><D34/><U118/><E132/><V127/><F127/><W42/><G42/><T14/><D14/><U55/><E118/><V66/><F31/><W115/><G115/><T37/><D41/><U121/><E114/><V130/><F130/><W2/><REACH who="3" step="1"/><G69/><REACH who="3" ten="309,41,450,190" step="2"/><T92/><D40/><U70/><E121/><V46/><F71/><W95/><G95/><T73/><D93/><U56/><E70/><V10/><F46/><W76/><G76/><T5/><D92/><U15/><E107/><V90/><F45/><W131/><G131/><T102/><D5/><U54/><E78/><V104/><F79/><W129/><G129/><T87/><D117/><U134/><E134/><V126/><F104/><W16/><G16/><T36/><D116/><U94/><E30/><V128/><F128/><W38/><G38/><T112/><D39/><U119/><E119/><V8/><F126/><W19/><G19/><T11/><D37/><U61/><E6/><V125/><F125/><W91/><G91/><T65/><D36/><U12/><REACH who="1" step="1"/><E98/><REACH who="1" ten="309,31,450,190" step="2"/><V84/><F90/><AGARI ba="0,2" hai="12,15,27,28,32,54,55,56,58,60,61,90,94,97" machi="90" ten="30,8000,1" yaku="1,1,2,1,7,1,9,1,53,1" doraHai="33" doraHaiUra="88" who="1" fromWho="2" sc="309,0,31,100,450,-80,190,0" owari="309,10.9,131,-36.9,370,47.0,190,-21.0" /></mjloggm>