<mjloggm ver="2.3"><GO type="225" lobby="0"/><UN n0="%E5%8F%AF%E5%85%90%E9%82%A3%E7%94%B1%E5%A4%9A" n1="%E3%83%81%E3%83%83%E3%82%BF%E3%82%BD%E3%83%BC" n2="%E7%9A%AE%E3%80%85" n3="%E4%BF%BA%E3%81%A8%E5%A6%96%E5%A4%A2" dan="16,16,16,16" rate="2125.86,2130.25,2083.04,2126.78" sx="F,F,F,F"/><TAIKYOKU oya="0"/><INIT seed="0,0,0,2,4,68" ten="250,250,250,250" oya="0" hai0="109,54,102,129,118,97,125,13,46,110,61,37,105" hai1="52,32,106,20,6,39,62,63,75,21,119,131,85" hai2="12,94,29,15,25,72,0,1,135,79,98,43,123" hai3="41,66,132,8,3,89,36,134,60,99,91,22,117"/><T122/><D118/><U100/><E131/><V30/><F123/><W112/><G117/><T126/><D122/><U107/><E75/><V9/><F135/><N who="3" m="51755" /><G112/><T104/><D129/><U121/><E121/><V55/><F15/><W88/><G22/><T108/><D13/><U56/><E32/><V67/><F67/><W114/><G114/><T47/><D105/><U93/><E119/><V33/><F30/><W28/><G28/><T83/><D83/><U82/><E6/><V69/><F69/><N who="3" m="42183" /><G8/><T24/><D24/><U2/><E2/><V103/><F55/><W49/><G3/><T95/><D104/><U92/><E107/><V133/><F133/><W74/><G74/><T34/><D34/><U7/><E7/><V48/><F72/><W70/><G70/><T27/><D27/><U87/><E106/><V58/><F79/><W4/><G4/><T5/><D5/><U130/><E130/><V81/><F81/><W64/><G64/><T17/><D17/><U26/><E82/><V42/><F0/><W116/><G116/><T115/><D115/><U101/><E26/><V23/><F33/><W18/><G18/><T59/><REACH who="0" step="1"/><D37/><REACH who="0" ten="240,250,250,250" step="2"/><U128/><E128/><V78/><F1/><W57/><G36/><T14/><D14/><U11/><E39/><V10/><F12/><W90/><N who="3" m="22528" /><DORA hai="51" /><W84/><G99/><T127/><AGARI ba="0,1" hai="46,47,54,59,61,95,97,102,108,109,110,125,126,127" machi="127" ten="40,18000,2" yaku="1,1,0,1,14,1,10,1,18,1,52,1,53,0" doraHai="68,51" doraHaiUra="111,73" who="0" fromWho="0" sc="240,190,250,-60,250,-60,250,-60" /><INIT seed="0,1,0,4,0,70" ten="430,190,190,190" oya="0" hai0="29,132,110,49,80,128,94,41,21,96,91,48,0" hai1="126,6,92,36,50,133,101,120,2,100,116,115,69" hai2="60,76,82,129,34,4,88,51,47,55,8,31,83" hai3="3,65,28,125,22,127,23,123,84,53,17,109,99"/><T33/><D0/><U121/><E92/><V112/><F112/><W14/><G109/><T114/><D114/><U19/><E50/><V86/><F129/><W52/><G123/><T107/><D33/><U93/><E93/><V42/><F34/><W74/><G74/><T73/><D128/><U134/><E19/><V35/><F35/><W89/><G99/><T46/><D110/><U103/><E69/><V104/><F104/><W5/><G65/><T61/><D132/><N who="1" m="50795" /><E115/><V122/><F31/><W45/><G5/><T87/><D107/><U58/><E58/><N who="2" m="34911" /><F122/><N who="1" m="47209" /><E116/><V27/><F27/><N who="3" m="16503" /><G3/><T38/><D73/><U26/><E26/><V98/><F98/><W124/><G45/><T75/><D75/><U118/><E118/><V39/><F39/><W85/><G85/><T72/><D72/><U63/><E63/><V13/><F83/><AGARI ba="1,0" hai="14,17,23,52,53,83,84,89,124,125,127" m="16503" machi="83" ten="30,2000,0" yaku="18,1,54,1" doraHai="70" who="3" fromWho="2" sc="430,0,190,0,190,-23,190,23" /><INIT seed="1,0,0,2,3,117" ten="430,190,167,213" oya="1" hai0="70,96,34,78,13,26,73,22,64,47,128,110,60" hai1="92,2,41,112,15,57,90,37,109,51,24,80,120" hai2="123,119,77,44,106,25,7,88,63,14,135,89,131" hai3="132,114,62,0,79,40,53,11,3,6,93,94,125"/><U54/><E112/><V107/><F119/><W23/><G114/><T19/><D110/><U10/><E2/><V38/><F77/><W99/><G132/><T104/><D128/><U30/><E109/><V118/><F118/><W133/><G133/><T32/><D78/><U76/><E120/><V5/><F25/><W95/><G125/><T56/><D73/><U39/><E41/><V59/><F135/><W35/><G35/><T36/><D56/><U111/><E111/><V18/><F131/><W69/><G40/><T65/><D65/><U66/><E66/><V82/><F123/><W100/><G79/><T121/><D121/><U97/><E24/><V126/><F126/><W27/><G0/><T84/><D84/><U8/><E30/><V48/><F38/><W49/><G62/><T31/><D47/><U122/><E122/><V61/><F106/><W9/><G9/><T81/><D81/><U91/><E91/><N who="2" m="34891" /><F82/><W46/><REACH who="3" step="1"/><G69/><REACH who="3" ten="430,190,167,203" step="2"/><T50/><D32/><U43/><E43/><N who="2" m="24607" /><F107/><W86/><G86/><T116/><D116/><U33/><E33/><V105/><F105/><W124/><G124/><T29/><D34/><U45/><E37/><V12/><F63/><W1/><G1/><T87/><D36/><U127/><E127/><V16/><F14/><W85/><G85/><T58/><D87/><N who="1" m="48519" /><E15/><V83/><F83/><W4/><G4/><N who="2" m="1609" /><F12/><W102/><G102/><N who="0" m="62535" /><D13/><U71/><E71/><V108/><F108/><W68/><G68/><T28/><D70/><U67/><E39/><V17/><F17/><AGARI ba="0,1" hai="3,6,11,17,23,27,46,49,53,93,94,95,99,100" machi="17" ten="30,2000,0" yaku="1,1,7,1,53,0" doraHai="117" doraHaiUra="134" who="3" fromWho="2" sc="430,0,190,0,167,-20,203,30" /><INIT seed="2,0,0,0,3,84" ten="430,190,147,233" oya="2" hai0="107,102,39,129,55,80,127,115,26,23,16,83,4" hai1="100,89,99,78,36,109,65,52,9,53,60,91,2" hai2="82,32,126,118,33,29,59,19,57,79,61,94,15" hai3="117,37,45,96,17,125,98,87,13,48,93,46,103"/><V27/><F118/><W62/><G117/><T81/><D115/><U1/><E109/><V47/><F126/><W77/><G125/><T88/><D127/><U10/><E36/><V30/><F47/><W101/><G37/><T43/><D129/><U120/><E120/><V124/><F124/><W63/><G87/><T25/><D4/><U108/><E108/><V68/><F94/><N who="3" m="58519" /><G77/><T66/><D66/><U70/><E78/><V38/><F38/><W74/><G74/><T21/><D43/><U121/><E121/><V58/><F68/><W134/><G134/><T114/><D114/><U50/><E2/><V54/><F30/><W130/><G130/><T18/><D39/><U105/><E53/><V133/><F33/><W56/><G56/><T67/><D67/><U49/><E49/><V22/><REACH who="2" step="1"/><F133/><REACH who="2" ten="430,190,137,233" step="2"/><W35/><G35/><T5/><D107/><U72/><E72/><AGARI ba="0,1" hai="15,19,22,27,29,32,54,57,58,59,61,72,79,82" machi="72" ten="30,5800,0" yaku="1,1,2,1,7,1,53,0" doraHai="84" doraHaiUra="6" who="2" fromWho="1" sc="430,0,190,-58,137,68,233,0" /><INIT seed="2,1,0,2,3,15" ten="430,132,205,233" oya="2" hai0="99,131,97,54,76,10,77,105,59,95,125,116,45" hai1="1,55,4,91,20,2,36,52,47,94,49,127,60" hai2="92,70,62,85,23,5,128,101,8,134,32,83,25" hai3="34,135,117,12,43,6,121,133,80,27,112,118,90"/><V48/><F32/><W89/><G121/><T102/><D125/><U42/><E127/><V74/><F134/><N who="3" m="51211" /><G43/><T26/><D131/><U122/><E122/><V123/><F123/><W7/><G112/><T96/><D116/><N who="3" m="44649" /><G12/><T120/><D120/><U3/><E4/><N who="3" m="1578" /><G80/><T22/><D45/><U126/><E126/><V130/><F48/><W39/><G39/><T78/><D10/><U93/><E60/><V57/><F70/><W37/><G37/><T106/><D106/><U113/><E113/><V98/><F74/><W30/><AGARI ba="1,0" hai="27,30,34,89,90" m="1578,44649,51211" machi="30" ten="40,1500,0" yaku="20,1" doraHai="15" who="3" fromWho="3" sc="430,-5,132,-5,205,-8,233,18" /><INIT seed="3,0,0,0,4,11" ten="425,127,197,251" oya="3" hai0="113,19,44,81,50,114,54,65,67,94,108,41,56" hai1="33,27,93,125,90,69,3,133,40,77,119,130,55" hai2="62,100,51,68,127,28,92,105,83,71,72,128,75" hai3="21,122,131,52,111,25,31,45,74,135,5,80,124"/><W112/><G122/><T16/><D108/><U64/><E125/><V84/><F127/><W109/><G124/><T8/><D81/><U110/><E110/><N who="3" m="41994" /><G112/><N who="0" m="43115" /><D94/><U23/><E33/><V26/><F128/><W121/><G121/><T87/><D87/><U123/><E123/><V134/><F134/><W36/><G131/><T76/><D76/><U39/><E130/><V120/><F120/><W95/><G135/><T66/><D8/><U17/><E119/><V86/><F51/><AGARI ba="0,0" hai="16,19,41,44,50,51,54,56,65,66,67" m="43115" machi="51" ten="30,2000,0" yaku="11,1,54,1" doraHai="11" who="0" fromWho="2" sc="425,20,127,0,197,-20,251,0" owari="445,54.5,127,-37.3,177,-22.3,251,5.1" /></mjloggm>