<mjloggm ver="2.3"><GO type="225" lobby="0"/><UN n0="%E3%81%BF%E3%81%BF%E3%81%9A" n1="%E6%B4%BE%E9%81%A3%E3%81%AE%E3%82%B8%E3%83%A3%E3%83%83%E3%82%AF" n2="%E3%81%AF%E3%82%88%E3%81%8A%E3%81%98%E3%81%95%E3%82%93" n3="%E3%83%96%E3%83%83%E3%83%91%E3%82%AA%E3%83%96%E3%83%81%E3%82%AD%E3%83%B3" dan="18,17,16,16" rate="2210.59,2196.25,2156.98,2198.12" sx="M,M,M,M"/><TAIKYOKU oya="0"/><INIT seed="0,0,0,0,3,25" ten="250,250,250,250" oya="0" hai0="43,61,85,86,132,73,83,15,102,13,133,47,134" hai1="75,107,129,50,118,98,66,72,76,109,17,19,51" hai2="10,58,117,114,6,2,62,44,65,82,103,115,70" hai3="33,23,20,16,122,59,11,68,8,90,40,18,89"/><T97/><D73/><U9/><E118/><V42/><F117/><W101/><G68/><T108/><D61/><U84/><E66/><V88/><F103/><W105/><G33/><T45/><D108/><U79/><E109/><V52/><F82/><W54/><G122/><T38/><D47/><U80/><E129/><V119/><F119/><W126/><G126/><T128/><D128/><U46/><E84/><N who="0" m="32361" /><D83/><U41/><E51/><V35/><F88/><N who="3" m="33899" /><G105/><AGARI ba="0,0" hai="13,15,38,43,45,97,102,105,132,133,134" m="32361" machi="105" ten="30,1500,0" yaku="20,1" doraHai="25" who="0" fromWho="3" sc="250,15,250,0,250,0,250,-15" /><INIT seed="0,1,0,2,2,15" ten="265,250,250,235" oya="0" hai0="59,121,74,123,92,33,91,16,60,107,27,70,65" hai1="10,71,62,36,124,8,78,34,24,9,45,83,68" hai2="99,35,67,40,64,6,66,131,96,23,61,119,133" hai3="98,48,4,111,44,49,39,7,109,88,85,76,43"/><T95/><D107/><U25/><E124/><V94/><F35/><W82/><G4/><T128/><D74/><U101/><E101/><V87/><F131/><W122/><G122/><T105/><D105/><U3/><E3/><V2/><F133/><W103/><G7/><T113/><D113/><U58/><E36/><V46/><F119/><W93/><REACH who="3" step="1"/><G103/><REACH who="3" ten="265,250,250,225" step="2"/><T75/><D123/><U22/><E34/><V110/><F110/><AGARI ba="1,1" hai="39,43,44,48,49,76,82,85,88,93,98,109,110,111" machi="110" ten="40,8000,1" yaku="1,1,2,1,14,1,54,1,53,1" doraHai="15" doraHaiUra="77" who="3" fromWho="2" sc="265,0,250,0,250,-83,225,93" /><INIT seed="1,0,0,0,3,12" ten="265,250,167,318" oya="1" hai0="102,110,84,100,10,65,132,24,47,41,11,85,114" hai1="86,56,103,66,19,79,31,127,4,33,124,119,51" hai2="72,98,76,36,37,68,71,39,61,63,30,111,123" hai3="32,92,130,134,6,46,34,81,52,44,95,69,129"/><U21/><E119/><V112/><F30/><W77/><G69/><T96/><D114/><U91/><E103/><V9/><F9/><W70/><G70/><N who="2" m="26665" /><F98/><W99/><G6/><T45/><D110/><U60/><E4/><V126/><F76/><W97/><G134/><T101/><D132/><U121/><E121/><V22/><F22/><W40/><G52/><T78/><D96/><U122/><E122/><V88/><F88/><W106/><G106/><T29/><D65/><U105/><E79/><V107/><F107/><W2/><G2/><T14/><D78/><U73/><E73/><V109/><F72/><W113/><G77/><T82/><D82/><U133/><E133/><V15/><F15/><W59/><G81/><T20/><D10/><U135/><E135/><V49/><F123/><W5/><G5/><T54/><D54/><U94/><E105/><V3/><F3/><W8/><G8/><T128/><D128/><U80/><E80/><V18/><F18/><W64/><G113/><T75/><D75/><U50/><E31/><V16/><F16/><W23/><G23/><T38/><D47/><U108/><E33/><V13/><F13/><W28/><G28/><T125/><REACH who="0" step="1"/><D125/><REACH who="0" ten="255,250,167,318" step="2"/><N who="1" m="48203" /><E108/><N who="2" m="41547" /><F126/><W0/><G130/><T90/><D90/><U42/><E91/><V27/><F112/><W57/><G129/><T117/><D117/><U83/><E83/><V17/><F49/><W87/><G99/><T74/><D74/><U1/><E50/><V48/><F48/><W89/><G97/><T115/><D115/><U93/><E51/><V25/><F17/><AGARI ba="0,1" hai="11,14,17,20,24,29,38,41,45,84,85,100,101,102" machi="17" ten="40,2600,0" yaku="1,1,52,1,53,0" doraHai="12" doraHaiUra="104" who="0" fromWho="2" sc="255,36,250,0,167,-26,318,0" /><INIT seed="2,0,0,3,5,120" ten="291,250,141,318" oya="2" hai0="5,130,38,81,61,83,97,99,85,30,110,35,109" hai1="87,19,57,80,39,37,3,40,88,0,131,104,95" hai2="106,31,8,129,71,13,17,69,53,111,63,79,44" hai3="66,77,76,116,50,32,96,123,28,29,10,89,18"/><V1/><F106/><W126/><G116/><T7/><D38/><U55/><E104/><V92/><F129/><W122/><G126/><T59/><D130/><U64/><E64/><V4/><F79/><N who="3" m="30283" /><G32/><T100/><D35/><U25/><E131/><V127/><F127/><W75/><G75/><T73/><D30/><N who="3" m="11881" /><G123/><T133/><D73/><U72/><E80/><N who="0" m="30793" /><D85/><U117/><E72/><V36/><F31/><W24/><G122/><T65/><D133/><U42/><E117/><V14/><F1/><W54/><G66/><T52/><D65/><U86/><E86/><V103/><F111/><N who="0" m="42506" /><D97/><U51/><E39/><V47/><F36/><W43/><G96/><T98/><D99/><U15/><E37/><V67/><F69/><W107/><G107/><AGARI ba="0,0" hai="5,7,52,59,61,98,100,107" m="42506,30793" machi="107" ten="30,8000,1" yaku="14,1,52,3,54,1" doraHai="120" who="0" fromWho="3" sc="291,80,250,0,141,0,318,-80" /><INIT seed="3,0,0,0,4,116" ten="371,250,141,238" oya="3" hai0="78,28,37,44,122,20,90,50,4,52,29,17,42" hai1="67,110,112,63,8,34,97,123,3,45,113,53,120" hai2="105,83,0,72,18,86,48,30,62,135,133,124,111" hai3="38,75,91,19,40,115,68,98,118,2,41,87,14"/><W6/><G115/><T21/><D4/><U108/><E34/><V130/><F0/><W76/><G118/><T9/><D122/><N who="1" m="46635" /><E97/><V89/><F30/><W102/><G68/><T22/><D78/><U66/><E8/><V24/><F62/><W5/><G2/><T49/><D37/><U128/><E3/><V33/><F48/><W74/><G74/><T64/><D64/><N who="1" m="24619" /><E128/><V39/><F39/><W132/><G132/><T106/><D106/><U56/><E45/><V59/><F59/><W61/><G75/><T101/><D101/><U107/><E107/><V71/><F71/><W47/><G76/><T95/><D9/><U13/><E13/><V96/><F18/><W36/><G98/><N who="0" m="57719" /><D17/><U121/><N who="1" m="46643" /><U88/><DORA hai="43" /><E88/><V99/><F24/><W119/><G47/><AGARI ba="0,0" hai="20,21,22,28,29,42,44,47,49,50,52" m="57719" machi="47" ten="30,7700,0" yaku="8,1,52,2,54,1" doraHai="116,43" who="0" fromWho="3" sc="371,77,250,0,141,0,238,-77" owari="448,54.8,250,5.0,141,-35.9,161,-23.9" /></mjloggm>