<mjloggm ver="2.3"><GO type="225" lobby="0"/><UN n0="%E5%B0%8F%E9%B3%A5%E9%81%8A%E7%B7%B4%E7%84%A1%32%31%E6%AD%B3" n1="%72%61%6B%33" n2="%E3%83%96%E3%83%83%E3%83%91%E3%82%AA%E3%83%96%E3%83%81%E3%82%AD%E3%83%B3" n3="%E3%81%BD%E3%81%A1%E3%81%9F%E3%81%93%E3%82%84" dan="16,16,16,17" rate="2190.63,2092.25,2161.72,2127.77" sx="F,M,M,M"/><TAIKYOKU oya="0"/><INIT seed="0,0,0,3,2,57" ten="250,250,250,250" oya="0" hai0="130,66,123,19,114,25,89,83,81,30,49,54,113" hai1="7,119,60,71,69,36,70,51,4,47,76,97,98" hai2="9,68,55,134,117,118,108,67,84,26,52,20,125" hai3="17,31,61,34,112,12,72,115,120,11,18,42,14"/><T99/><D123/><U73/><E119/><N who="2" m="45579" /><F108/><W95/><G72/><T1/><D1/><U53/><E36/><V94/><F134/><W127/><G120/><T10/><D130/><U48/><E73/><V8/><F125/><W88/><G127/><T33/><D113/><U110/><E76/><V104/><F104/><W116/><G116/><T103/><D89/><U77/><E77/><V91/><F8/><W23/><G42/><T0/><D114/><U64/><E110/><V35/><F9/><W45/><G45/><T105/><D19/><U75/><E75/><V59/><F35/><W46/><G46/><T24/><D24/><U28/><E28/><N who="2" m="17479" /><F68/><W21/><G11/><T78/><D78/><U79/><E79/><V82/><F82/><W41/><G31/><T15/><D15/><U58/><REACH who="1" step="1"/><E51/><REACH who="1" ten="250,240,250,250" step="2"/><V5/><F5/><AGARI ba="0,1" hai="4,5,7,47,48,53,58,60,64,69,70,71,97,98" machi="5" ten="40,12000,2" yaku="1,1,2,1,52,1,53,3" doraHai="57" doraHaiUra="65" who="1" fromWho="2" sc="250,0,240,130,250,-120,250,0" /><INIT seed="1,0,0,2,3,29" ten="250,370,130,250" oya="1" hai0="96,109,126,112,27,89,78,94,104,135,81,105,102" hai1="118,99,70,14,97,101,116,134,20,79,72,47,82" hai2="22,39,106,53,129,18,31,48,13,49,1,55,7" hai3="40,42,60,133,95,121,123,0,87,56,69,6,110"/><U76/><E70/><V127/><F106/><N who="0" m="41066" /><D27/><U23/><E47/><V80/><F39/><W67/><G0/><T85/><D112/><U57/><E134/><V61/><F127/><W114/><G6/><T45/><D45/><U30/><E57/><V58/><F129/><W34/><G34/><T25/><D25/><U41/><E41/><V66/><F31/><W2/><G2/><T59/><D59/><U75/><E82/><V64/><F1/><W38/><G114/><T24/><D24/><U131/><E101/><V33/><F33/><W98/><G133/><T36/><D36/><U73/><E30/><V122/><F122/><W50/><G38/><T74/><D109/><U113/><E113/><V128/><F128/><W132/><G110/><T21/><D21/><N who="1" m="8267" /><E14/><V90/><F7/><W91/><G132/><T100/><D126/><U54/><E54/><V28/><F28/><W77/><G69/><T108/><D108/><U92/><E92/><V12/><F12/><W115/><G115/><T3/><D3/><U83/><E83/><V51/><REACH who="2" step="1"/><F55/><REACH who="2" ten="250,370,120,250" step="2"/><W93/><G121/><T111/><D111/><U10/><E131/><V19/><F19/><W86/><G123/><T8/><D135/><U120/><E120/><V125/><F125/><W52/><G52/><T16/><D16/><U32/><E32/><V43/><F43/><W17/><G17/><T117/><D117/><U107/><E118/><V26/><F26/><W46/><G40/><T124/><D124/><U4/><E116/><V35/><F35/><W15/><G15/><T119/><D119/><U63/><E4/><RYUUKYOKU ba="0,1" sc="250,-10,370,-10,120,30,250,-10" hai2="13,18,22,48,49,51,53,58,61,64,66,80,90" /><INIT seed="2,1,1,4,2,113" ten="240,360,150,240" oya="2" hai0="110,79,95,98,28,123,43,47,17,134,81,48,34" hai1="85,116,14,80,19,67,72,3,94,63,135,117,106" hai2="130,119,18,53,6,36,97,24,129,96,57,4,8" hai3="69,120,77,78,114,35,51,13,100,75,102,46,9"/><V109/><F36/><W133/><G35/><T1/><D123/><U30/><E106/><V99/><F109/><W15/><G69/><T83/><D110/><U90/><E3/><V58/><F24/><W56/><G120/><T65/><D1/><U126/><E30/><V21/><F21/><W73/><G114/><T84/><D134/><U45/><E126/><V50/><F119/><W55/><G73/><T125/><D65/><U20/><E135/><V7/><REACH who="2" step="1"/><F58/><REACH who="2" ten="240,360,140,240" step="2"/><W42/><G133/><T103/><D125/><U132/><E132/><V33/><F33/><W44/><G56/><T38/><D38/><U68/><E45/><V105/><F105/><W131/><G46/><T91/><D34/><U115/><E115/><V89/><F89/><W29/><G44/><T118/><D118/><U52/><E116/><V122/><F122/><W70/><G70/><T39/><D39/><U61/><E117/><V10/><F10/><W23/><G23/><T59/><D59/><U76/><E68/><V27/><F27/><W25/><G25/><T12/><D28/><U86/><E90/><V93/><F93/><W128/><G29/><T64/><D91/><U82/><E94/><V66/><F66/><W108/><G9/><N who="0" m="6287" /><D64/><U31/><E67/><V111/><F111/><W60/><G108/><T88/><D79/><U71/><E71/><V22/><F22/><W62/><G78/><T104/><D104/><U16/><E31/><V5/><N who="2" m="1024" /><DORA hai="101" /><V0/><F0/><W92/><G77/><T32/><D32/><U124/><E76/><V54/><F54/><W11/><G55/><RYUUKYOKU ba="1,2" sc="240,15,360,-15,140,15,240,-15" hai0="43,47,48,81,83,84,88,95,98,103" hai2="8,18,50,53,57,96,97,99,129,130" /><INIT seed="2,2,2,2,0,58" ten="255,345,155,225" oya="2" hai0="102,132,11,96,97,117,50,43,61,113,127,77,101" hai1="124,92,0,23,128,8,108,110,64,7,74,5,25" hai2="130,84,109,72,79,125,122,68,45,39,24,29,21" hai3="28,120,103,80,47,91,15,57,65,131,49,32,88"/><V12/><F122/><W51/><G120/><T71/><D113/><U40/><E74/><V6/><F68/><W36/><G36/><T63/><D71/><U135/><E124/><V104/><F104/><W53/><G131/><T46/><D132/><U134/><E40/><V55/><F125/><W115/><G115/><T34/><D34/><U98/><E7/><V52/><F130/><W99/><G80/><T78/><D11/><U75/><E64/><V13/><F72/><W26/><G15/><N who="2" m="5705" /><F39/><W81/><G81/><T35/><D35/><U56/><E75/><V129/><F129/><W9/><G9/><T27/><D27/><U10/><E10/><V41/><F6/><W95/><REACH who="3" step="1"/><G65/><REACH who="3" ten="255,345,155,215" step="2"/><T17/><D127/><U116/><E128/><V100/><F109/><W119/><G119/><T54/><D117/><U126/><E116/><V4/><F4/><W60/><G60/><N who="0" m="23115" /><D17/><U85/><E126/><V87/><F79/><N who="0" m="30218" /><D54/><AGARI ba="2,3" hai="26,28,32,47,49,51,53,54,57,88,91,95,99,103" machi="54" ten="30,7700,0" yaku="1,1,7,1,54,1,53,1" doraHai="58" doraHaiUra="42" who="3" fromWho="0" sc="255,-83,345,0,155,0,215,113" /><INIT seed="3,0,0,2,5,81" ten="172,345,155,328" oya="3" hai0="84,126,19,60,1,36,41,121,128,74,71,64,108" hai1="78,115,79,9,114,133,124,56,132,0,118,72,94" hai2="37,23,76,26,43,101,29,91,85,99,83,21,32" hai3="10,120,77,92,38,103,50,61,65,2,22,11,8"/><W70/><G38/><T47/><D121/><U119/><E124/><V104/><F37/><W125/><G120/><T14/><D126/><U5/><E94/><N who="2" m="54639" /><F43/><W4/><G125/><T109/><D74/><AGARI ba="0,0" hai="21,23,26,29,32,74,76,83,99,101,104" m="54639" machi="74" ten="30,2000,0" yaku="24,1,52,1" doraHai="81" who="2" fromWho="0" sc="172,-20,345,0,155,20,328,0" owari="152,-34.8,345,44.5,175,-22.5,328,12.8" /></mjloggm>