<mjloggm ver="2.3"><GO type="225" lobby="0"/><UN n0="%E3%81%99%E3%81%84%E3%81%BE%E3%81%9B%E3%83%BC%E3%82%93" n1="%77%72%77%72%77%72%77%72" n2="%6C%61%6D%62" n3="%33%74%72%65%65" dan="18,17,16,16" rate="2193.40,2158.45,2236.51,2187.59" sx="M,M,M,F"/><TAIKYOKU oya="0"/><INIT seed="0,0,0,2,5,26" ten="250,250,250,250" oya="0" hai0="2,100,101,134,114,50,129,103,34,17,21,69,1" hai1="120,97,18,0,107,87,44,24,68,91,112,45,20" hai2="7,117,105,31,37,130,38,8,110,22,42,81,61" hai3="95,116,113,70,72,19,52,121,96,4,57,77,49"/><T118/><D114/><U78/><E120/><V98/><F110/><W36/><G113/><T6/><D118/><U76/><E112/><V123/><F123/><W16/><G121/><T43/><D69/><U53/><E0/><V39/><F117/><W23/><G116/><T14/><D34/><U99/><E68/><V46/><F130/><W111/><G111/><T84/><D129/><U86/><E107/><V30/><F61/><W122/><G122/><T32/><D32/><U27/><E53/><V125/><F125/><W48/><G36/><T71/><D71/><U29/><E18/><V119/><F81/><W5/><G70/><T12/><D134/><U58/><E58/><V55/><F55/><N who="3" m="31975" /><G77/><N who="1" m="29802" /><E27/><V10/><F22/><W67/><G67/><T128/><D128/><U15/><E15/><V25/><F119/><W40/><G40/><T85/><D1/><U132/><E132/><V51/><F25/><N who="3" m="14567" /><G19/><T133/><D2/><U11/><E86/><V73/><F73/><W115/><G72/><T41/><D133/><U90/><E11/><V63/><F10/><W35/><G35/><T9/><D43/><U89/><E87/><V124/><F124/><W126/><G126/><T3/><D3/><U56/><E56/><V109/><F109/><W28/><G115/><T47/><AGARI ba="0,0" hai="6,9,12,14,17,21,41,47,50,84,85,100,101,103" machi="47" ten="30,3000,0" yaku="0,1,8,1" doraHai="26" who="0" fromWho="0" sc="250,30,250,-10,250,-10,250,-10" /><INIT seed="0,1,0,2,1,89" ten="280,240,240,240" oya="0" hai0="65,119,103,3,77,76,132,5,31,50,21,11,64" hai1="49,10,44,25,111,104,53,135,46,37,131,79,67" hai2="19,71,124,93,24,85,4,80,17,42,118,23,123" hai3="101,41,58,55,81,36,47,117,98,0,20,60,130"/><T68/><D119/><U114/><E104/><V51/><F123/><W82/><G117/><T106/><D132/><U66/><E79/><V12/><F118/><W100/><G130/><T75/><D75/><U78/><E78/><V90/><F124/><W115/><G115/><T127/><D127/><U109/><E10/><V63/><F4/><W29/><G0/><T6/><D6/><U40/><E25/><V74/><F74/><W52/><G100/><T91/><D77/><U43/><E131/><V87/><F71/><W33/><G33/><T122/><D76/><U88/><E135/><V126/><F63/><W105/><REACH who="3" step="1"/><G55/><REACH who="3" ten="280,240,240,230" step="2"/><T110/><D103/><U1/><E1/><V70/><F126/><W121/><G121/><T120/><D120/><U35/><E35/><V84/><F70/><W86/><G86/><T61/><D68/><U96/><E114/><V113/><F113/><W69/><G69/><T9/><D3/><U108/><REACH who="1" step="1"/><E53/><REACH who="1" ten="280,230,240,230" step="2"/><V27/><F80/><W92/><G92/><AGARI ba="1,2" hai="37,40,43,44,46,49,66,67,88,92,96,108,109,111" machi="92" ten="40,8000,1" yaku="1,1,2,1,14,1,52,1,54,1,53,0" doraHai="89" doraHaiUra="54" who="1" fromWho="3" sc="280,0,230,103,240,0,230,-83" /><INIT seed="1,0,0,5,4,119" ten="280,333,240,147" oya="1" hai0="72,18,94,8,131,74,91,14,30,87,121,132,47" hai1="0,36,40,78,93,28,128,52,63,66,27,110,10" hai2="97,90,129,19,123,101,71,55,135,3,125,100,48" hai3="17,41,82,124,54,62,104,26,53,56,86,7,75"/><U107/><E107/><V117/><F117/><W23/><G124/><T81/><D132/><U57/><E128/><V13/><F3/><W130/><G130/><T109/><D131/><U116/><E116/><V113/><F129/><W126/><G126/><T88/><D109/><U4/><E110/><V77/><F71/><W122/><G104/><T43/><D30/><U34/><E78/><V2/><F2/><W38/><G75/><T24/><D24/><U102/><E36/><V12/><F125/><W33/><G33/><T11/><D8/><U73/><E40/><V31/><F31/><W29/><G7/><T70/><D70/><U108/><E73/><V118/><F118/><W112/><G112/><T44/><D44/><U60/><E108/><V64/><F64/><W120/><G53/><T42/><D43/><U49/><REACH who="1" step="1"/><E66/><REACH who="1" ten="280,323,240,147" step="2"/><V9/><F77/><W133/><G133/><T67/><D67/><U105/><E105/><V35/><F135/><W32/><G41/><T111/><D111/><U20/><E20/><V15/><F35/><W98/><G38/><T115/><D74/><U39/><E39/><V69/><F113/><W5/><G5/><T83/><D72/><U68/><E68/><V85/><F9/><W1/><G32/><T134/><D115/><U22/><E22/><V80/><F69/><W59/><G23/><T16/><D134/><U65/><E65/><V25/><F19/><W21/><G17/><T79/><D18/><U37/><E37/><V103/><F55/><W76/><G54/><T45/><D16/><U84/><E84/><V51/><F85/><RYUUKYOKU ba="0,1" sc="280,-10,323,30,240,-10,147,-10" hai1="0,4,10,27,28,34,49,52,57,60,63,93,102" /><INIT seed="1,1,1,2,4,18" ten="270,353,230,137" oya="1" hai0="122,69,11,87,124,62,93,121,34,128,102,31,9" hai1="100,59,45,2,134,10,115,110,53,103,88,40,123" hai2="99,3,77,24,78,42,67,0,23,22,49,33,48" hai3="28,75,117,56,38,14,90,85,97,4,72,94,43"/><U98/><E115/><V89/><F33/><W7/><G117/><T5/><D124/><U126/><E123/><N who="0" m="47113" /><D128/><U92/><E126/><V86/><F3/><W20/><G38/><T64/><D5/><U96/><E134/><V54/><F0/><W46/><G56/><T68/><D69/><U108/><E10/><V37/><F99/><W66/><G66/><T118/><D118/><U1/><E1/><V39/><F39/><W13/><G72/><T26/><D102/><U74/><E74/><V12/><F67/><W84/><G75/><T113/><D113/><U73/><E73/><V129/><F37/><W17/><G28/><T133/><D133/><U116/><E2/><V21/><F24/><W47/><G43/><T44/><D44/><N who="3" m="16937" /><G13/><T60/><D62/><U8/><E116/><V104/><F104/><W52/><G52/><T15/><D15/><U36/><E8/><V81/><F129/><W109/><G109/><N who="1" m="42090" /><E96/><V65/><F65/><W25/><G14/><T35/><D35/><U131/><E131/><V112/><F112/><W83/><G85/><T106/><D106/><U50/><AGARI ba="1,1" hai="36,40,45,50,53,59,88,92,98,100,103" m="42090" machi="50" ten="30,6000,0" yaku="14,1,10,1,54,1" doraHai="18" who="1" fromWho="1" sc="270,-21,353,73,230,-21,137,-21" /><INIT seed="1,2,0,3,3,49" ten="249,426,209,116" oya="1" hai0="33,64,53,51,98,34,39,109,79,96,90,75,13" hai1="78,62,69,99,132,124,117,32,6,125,30,55,19" hai2="57,110,31,92,8,28,52,122,126,120,95,14,80" hai3="123,82,60,0,121,104,16,88,106,1,23,54,103"/><U71/><E117/><V93/><F110/><W43/><G43/><T48/><D39/><U114/><E114/><V111/><F111/><W70/><G0/><T74/><D109/><U116/><E116/><V9/><F126/><N who="1" m="48745" /><E132/><V40/><F40/><W22/><G1/><T65/><D90/><U44/><E6/><V133/><F133/><W5/><G5/><T17/><D13/><U89/><E78/><V66/><F66/><W36/><G36/><T107/><D79/><U35/><E19/><V76/><F120/><W131/><G23/><T72/><D17/><U67/><E30/><N who="2" m="11307" /><F122/><W105/><G103/><T84/><D75/><U134/><E134/><V85/><F14/><W42/><G42/><T29/><D29/><U38/><E69/><V15/><F15/><W24/><G131/><T58/><D74/><U7/><E7/><V2/><F2/><W68/><G68/><T112/><D72/><U94/><E38/><V59/><F59/><W20/><G20/><T45/><D112/><U73/><E73/><V115/><F115/><W46/><G70/><T87/><D58/><U11/><E11/><V101/><F101/><W127/><G127/><T3/><D3/><U37/><E37/><V97/><F97/><W100/><G100/><T129/><D129/><U27/><E27/><V56/><F56/><N who="3" m="34839" /><G123/><T91/><D98/><U61/><E61/><AGARI ba="2,0" hai="8,9,52,57,61,76,80,85,92,93,95" m="11307" machi="61" ten="30,3900,0" yaku="8,1,52,1,54,1" doraHai="49" who="2" fromWho="1" sc="249,0,426,-45,209,45,116,0" /><INIT seed="2,0,0,2,2,95" ten="249,381,254,116" oya="2" hai0="54,73,63,12,67,47,102,45,13,128,81,3,118" hai1="39,21,48,133,123,71,55,14,2,9,24,86,68" hai2="79,125,41,61,22,115,110,60,18,75,135,33,5" hai3="120,36,44,91,92,114,29,40,25,69,132,134,99"/><V113/><F33/><W88/><G120/><T89/><D3/><U6/><E39/><V11/><F41/><W7/><G114/><T37/><D128/><U4/><E133/><V90/><F135/><N who="3" m="51755" /><G69/><T66/><D118/><U116/><E116/><V85/><F75/><W64/><G64/><T43/><D102/><U101/><E123/><V10/><F79/><W127/><G127/><T100/><D100/><U126/><E126/><V111/><F125/><W46/><G7/><T94/><D54/><U106/><E86/><V70/><F70/><W16/><G44/><T59/><D47/><U103/><E4/><V56/><F61/><W96/><G16/><T105/><D67/><U107/><E2/><V53/><F113/><W23/><G91/><T17/><D17/><U80/><E107/><V109/><F5/><W93/><G93/><T20/><D105/><U108/><E80/><N who="2" m="49447" /><F115/><W19/><G19/><T72/><D81/><U130/><E130/><V83/><F83/><W32/><G32/><T51/><D37/><U77/><E77/><V0/><F0/><W65/><G65/><T122/><D122/><U104/><E104/><V27/><AGARI ba="0,0" hai="10,11,18,22,27,53,56,60,109,110,111" m="49447" machi="27" ten="30,3000,0" yaku="14,1,10,1" doraHai="95" who="2" fromWho="2" sc="249,-10,381,-10,254,30,116,-10" /><INIT seed="2,1,0,2,2,51" ten="239,371,284,106" oya="2" hai0="126,128,10,113,104,81,6,74,120,8,39,105,62" hai1="66,69,20,13,107,56,75,102,58,45,84,0,2" hai2="48,118,67,72,122,95,35,115,79,91,29,100,123" hai3="119,68,7,129,121,43,133,98,103,64,61,33,108"/><V46/><F118/><W96/><G119/><T59/><D120/><U101/><E75/><V92/><F67/><W135/><G121/><T127/><D113/><U57/><E107/><V86/><F35/><W77/><G108/><T3/><D39/><U82/><E0/><V111/><F29/><W44/><G129/><T14/><D128/><U19/><E2/><V50/><F50/><W109/><G109/><T49/><D49/><U83/><E69/><V87/><F111/><W17/><G7/><T97/><D81/><U53/><E66/><V11/><F115/><W85/><G17/><T23/><D23/><U36/><E82/><V99/><F72/><W32/><G85/><T5/><D74/><U130/><E130/><V78/><F11/><W125/><G77/><T12/><D3/><U55/><E36/><V38/><F38/><N who="3" m="21623" /><G125/><N who="0" m="47627" /><D97/><U94/><E45/><V131/><F131/><W63/><G63/><T40/><D40/><U21/><E21/><V37/><F37/><W28/><G96/><T25/><D25/><U24/><E24/><V60/><F60/><W132/><G28/><T34/><D34/><U16/><E19/><V88/><F122/><W134/><N who="3" m="33792" /><DORA hai="30" /><W112/><G112/><T90/><D90/><N who="1" m="53575" /><E83/><N who="2" m="49279" /><F123/><W9/><G9/><T89/><D89/><U116/><E116/><V110/><F110/><W71/><G71/><T41/><D41/><AGARI ba="1,0" hai="41,46,48,78,79,86,91,92,95,99,100" m="49279" machi="41" ten="30,2900,0" yaku="8,1,54,1" doraHai="51,30" who="2" fromWho="0" sc="239,-32,371,0,284,32,106,0" /><INIT seed="2,2,0,0,3,117" ten="207,371,316,106" oya="2" hai0="69,33,129,7,99,70,18,15,53,25,35,64,42" hai1="114,60,92,56,78,48,123,9,24,122,102,101,16" hai2="14,98,43,23,40,22,134,57,74,75,73,38,94" hai3="91,55,50,11,27,51,58,110,8,30,121,52,6"/><V31/><F134/><W105/><G110/><T28/><D129/><U119/><E114/><V111/><F111/><W71/><G71/><T45/><D35/><U135/><E119/><V46/><F40/><W126/><G126/><T100/><D64/><U5/><E135/><V81/><F81/><W10/><G105/><T85/><D7/><U86/><E48/><V3/><F3/><W87/><G121/><N who="1" m="46090" /><E16/><V124/><F124/><W107/><G107/><T90/><D53/><N who="1" m="33807" /><E24/><V76/><F31/><W112/><G112/><T12/><D18/><U132/><E132/><V93/><F57/><W131/><G131/><T19/><D19/><U2/><E92/><V118/><F93/><W54/><G6/><T47/><D25/><U130/><E130/><V95/><F94/><W88/><G50/><T4/><D28/><U79/><E86/><V20/><F118/><W77/><G27/><T65/><D4/><U120/><E120/><V96/><F95/><W127/><G127/><T62/><D85/><U1/><E1/><V80/><REACH who="2" step="1"/><F14/><REACH who="2" ten="207,371,306,106" step="2"/><W115/><G115/><T36/><D12/><U82/><E82/><V44/><F44/><W133/><G133/><T49/><D15/><U26/><E26/><V0/><F0/><W104/><G30/><T89/><D47/><U128/><E128/><V108/><F108/><W68/><G68/><T116/><D70/><U72/><E72/><AGARI ba="2,1" hai="20,22,23,38,43,46,72,73,74,75,76,80,96,98" machi="72" ten="50,2400,0" yaku="1,1,53,0" doraHai="117" doraHaiUra="13" who="2" fromWho="1" sc="207,0,371,-30,306,40,106,0" /><INIT seed="2,3,0,3,1,25" ten="207,341,346,106" oya="2" hai0="77,123,34,65,96,79,87,61,44,60,111,115,99" hai1="106,33,70,92,40,24,56,133,48,84,104,19,3" hai2="108,26,49,134,9,68,75,42,72,5,52,64,20" hai3="1,28,89,131,2,113,102,85,98,18,53,86,30"/><V73/><F134/><W17/><G131/><T4/><D123/><U129/><E133/><V74/><N who="2" m="18432" /><DORA hai="94" /><V14/><F42/><W27/><G113/><T31/><D115/><U124/><E70/><V112/><F112/><W97/><G27/><T66/><D4/><U37/><E3/><V126/><F126/><W6/><G6/><T32/><D44/><U59/><E124/><V21/><F108/><W88/><G53/><T120/><D87/><U118/><E118/><V67/><F68/><W0/><G0/><T121/><REACH who="0" step="1"/><D31/><REACH who="0" ten="197,341,346,106" step="2"/><U43/><E84/><V80/><F80/><W39/><REACH who="3" step="1"/><G39/><REACH who="3" ten="197,341,346,96" step="2"/><T119/><D119/><U122/><E37/><V62/><F26/><W55/><G55/><T51/><D51/><U12/><E48/><V78/><F52/><W91/><G91/><T7/><D7/><U128/><E24/><V114/><F49/><W103/><AGARI ba="3,2" hai="1,2,17,18,28,30,85,86,88,89,97,98,102,103" machi="103" ten="25,16000,3" yaku="1,1,0,1,22,2,52,4,54,1,53,0" doraHai="25,94" doraHaiUra="105,8" who="3" fromWho="3" sc="197,-43,341,-43,346,-83,96,189" /><INIT seed="3,0,0,5,2,52" ten="154,298,263,285" oya="3" hai0="45,74,62,129,46,86,29,55,70,73,125,66,100" hai1="30,41,107,119,99,20,93,134,133,26,88,64,65" hai2="17,109,83,35,97,59,42,124,0,37,87,10,115" hai3="54,1,85,12,84,15,23,79,39,108,128,92,68"/><W75/><G1/><T3/><D3/><U34/><E119/><V57/><F115/><W122/><G122/><T56/><D125/><U127/><E127/><V63/><F35/><W33/><G33/><T16/><D129/><U25/><E41/><V98/><F124/><W5/><G39/><T120/><D120/><U19/><REACH who="1" step="1"/><E107/><REACH who="1" ten="154,288,263,285" step="2"/><V114/><F114/><W135/><G128/><T11/><D29/><U40/><E40/><V72/><F72/><W110/><G75/><T103/><D74/><U117/><E117/><V18/><F109/><W14/><G108/><T38/><D73/><U47/><E47/><V112/><F112/><W132/><G110/><T44/><D38/><U77/><E77/><V49/><F37/><W28/><G79/><T101/><D86/><U60/><E60/><V43/><F0/><W69/><G84/><T27/><D11/><U123/><E123/><V24/><F43/><W13/><G132/><AGARI ba="0,1" hai="19,20,25,26,30,34,64,65,88,93,99,132,133,134" machi="132" ten="40,8000,1" yaku="1,1,20,1,54,1,53,1" doraHai="52" doraHaiUra="89" who="1" fromWho="3" sc="154,0,288,90,263,0,285,-80" owari="154,-34.6,378,47.8,263,6.3,205,-19.5" /></mjloggm>