<mjloggm ver="2.3"><GO type="225" lobby="0"/><UN n0="%E5%8D%A0%E3%81%84%E5%B8%AB%E8%A3%8F%E3%81%AA%E3%81%84%E3%81%97" n1="%E3%81%A4%E3%81%A3%E3%81%B1%E3%82%8A%E3%83%9D%E3%83%BC%E3%83%AB" n2="%E5%91%A8%E6%9D%B1" n3="%E9%BB%99%E8%81%B4%E3%81%AE%E3%81%99%E3%82%9D%E3%82%81" dan="17,17,17,16" rate="2234.96,2145.50,2218.70,2133.69" sx="M,M,M,M"/><TAIKYOKU oya="0"/><INIT seed="0,0,0,2,3,25" ten="250,250,250,250" oya="0" hai0="62,6,15,115,18,41,36,114,69,52,24,33,29" hai1="19,7,98,107,125,30,89,90,39,77,60,56,31" hai2="27,110,63,84,67,48,28,14,112,71,38,86,120" hai3="91,129,65,95,70,23,83,49,11,43,37,123,75"/><T102/><D69/><U134/><E39/><V9/><F38/><W22/><G37/><T81/><D102/><U101/><E134/><V92/><F110/><W94/><G70/><T131/><D131/><U58/><E125/><V50/><F112/><W20/><G129/><T119/><D119/><U87/><E7/><V104/><F104/><W4/><G65/><T122/><D122/><U82/><E19/><V103/><F120/><W128/><G128/><T109/><D109/><U59/><REACH who="1" step="1"/><E60/><REACH who="1" ten="250,240,250,250" step="2"/><V2/><F63/><W46/><G123/><T124/><D124/><U80/><E80/><V85/><F2/><W0/><G83/><T105/><D6/><U66/><E66/><V96/><F67/><W121/><G121/><T5/><D5/><U100/><E100/><V74/><F71/><W55/><G4/><T133/><D81/><U47/><E47/><V72/><F48/><W45/><G0/><T117/><D133/><U40/><E40/><V16/><REACH who="2" step="1"/><F50/><REACH who="2" ten="250,240,240,250" step="2"/><W54/><G49/><T116/><D116/><U57/><N who="1" m="14336" /><DORA hai="68" /><U32/><E32/><AGARI ba="0,2" hai="9,14,16,27,28,32,72,74,84,85,86,92,96,103" machi="32" ten="40,8000,1" yaku="1,1,52,1,54,1,53,2" doraHai="25,68" doraHaiUra="106,64" who="2" fromWho="1" sc="250,0,240,-80,240,100,250,0" /><INIT seed="1,0,0,2,1,74" ten="250,160,340,250" oya="1" hai0="56,64,78,20,61,89,81,72,83,112,42,14,21" hai1="133,1,68,85,50,19,34,53,90,76,41,69,51" hai2="7,2,87,104,121,65,82,33,27,128,99,75,45" hai3="126,9,77,120,60,129,58,0,24,109,25,38,48"/><U15/><E1/><V29/><F128/><W115/><G38/><T66/><D112/><U80/><E34/><V134/><F134/><W101/><G120/><T86/><D42/><U95/><E133/><V114/><F75/><W37/><G37/><T63/><REACH who="0" step="1"/><D14/><REACH who="0" ten="240,160,340,250" step="2"/><U26/><E41/><V79/><F114/><W36/><G115/><T8/><D8/><U105/><E105/><V28/><F121/><W94/><G9/><T32/><D32/><U130/><E130/><V11/><F33/><W132/><G129/><T47/><D47/><U92/><E26/><V59/><F27/><W23/><G24/><T52/><D52/><U111/><E111/><V10/><F45/><W31/><G109/><T16/><D16/><U40/><E40/><V116/><F11/><W18/><G18/><T93/><D93/><U96/><E95/><V3/><F10/><W84/><G94/><T4/><D4/><U98/><E98/><V107/><F99/><W57/><G25/><T39/><D39/><U108/><E108/><V131/><F7/><W91/><G36/><T13/><D13/><U46/><REACH who="1" step="1"/><E51/><REACH who="1" ten="240,150,340,250" step="2"/><V125/><F131/><W43/><G48/><T6/><D6/><U106/><E106/><V35/><F107/><W71/><G43/><T110/><D110/><U49/><E49/><V73/><F104/><W97/><G97/><T5/><D5/><U44/><E44/><V123/><F3/><W124/><G0/><T100/><D100/><U119/><E119/><V103/><F116/><W117/><G117/><T122/><D122/><U22/><AGARI ba="0,2" hai="15,19,22,46,50,53,68,69,76,80,85,90,92,96" machi="22" ten="20,7800,0" yaku="1,1,0,1,7,1,52,1,53,0" doraHai="74" doraHaiUra="127" who="1" fromWho="1" sc="240,-26,150,98,340,-26,250,-26" /><INIT seed="1,1,0,0,3,55" ten="214,248,314,224" oya="1" hai0="135,77,131,118,129,44,15,117,115,110,14,84,61" hai1="46,87,59,30,69,125,80,93,92,66,43,28,82" hai2="68,67,48,94,23,52,114,51,95,98,116,97,112" hai3="34,37,64,91,42,86,3,90,128,5,89,134,73"/><U57/><E69/><V79/><F116/><N who="0" m="44650" /><D115/><N who="2" m="44074" /><F79/><W106/><G106/><T35/><D35/><U49/><E125/><V25/><F67/><W41/><G34/><T12/><D44/><U33/><E33/><V130/><F68/><W7/><G73/><T53/><D110/><U123/><E123/><V99/><F51/><W70/><G3/><T83/><D53/><U81/><E66/><V6/><F6/><W2/><G2/><T85/><D61/><U132/><E132/><V40/><F40/><W32/><G32/><T18/><D135/><U71/><E71/><V10/><F10/><W8/><G134/><T111/><D111/><U4/><E4/><V24/><F130/><N who="0" m="49674" /><D85/><U45/><E45/><N who="2" m="27663" /><F25/><W96/><G128/><T22/><AGARI ba="1,0" hai="12,14,15,18,22,77,83,84" m="49674,44650" machi="22" ten="30,1100,0" yaku="19,1" doraHai="55" who="0" fromWho="0" sc="214,14,248,-6,314,-4,224,-4" /><INIT seed="2,0,0,4,0,37" ten="228,242,310,220" oya="2" hai0="74,66,2,85,27,39,57,84,29,76,73,28,94" hai1="17,54,133,75,111,123,99,15,118,31,119,113,7" hai2="127,67,95,21,8,97,130,108,81,13,88,33,110" hai3="51,69,11,105,86,93,59,64,25,58,100,65,34"/><V42/><F33/><W61/><G65/><T26/><D39/><U38/><E75/><V49/><F127/><W50/><G11/><T124/><D2/><U45/><E113/><V22/><F67/><W101/><G101/><T20/><D124/><U121/><E111/><N who="2" m="42539" /><F130/><W16/><G86/><T132/><D132/><U24/><E7/><N who="2" m="3231" /><F81/><W4/><G4/><T70/><D70/><U3/><E3/><V134/><F134/><W78/><G93/><T53/><D66/><U40/><E99/><V62/><F62/><W109/><G78/><T87/><D94/><U10/><E54/><V106/><F106/><W117/><G117/><T1/><D1/><U96/><E96/><V79/><F79/><W90/><G90/><T107/><D107/><U120/><E133/><V104/><F104/><W9/><G109/><T14/><D14/><U35/><AGARI ba="0,0" hai="10,15,17,24,31,35,38,40,45,118,119,120,121,123" machi="35" ten="30,4000,0" yaku="0,1,13,1,52,1" doraHai="37" who="1" fromWho="1" sc="228,-10,242,40,310,-20,220,-10" /><INIT seed="3,0,0,5,2,47" ten="218,282,290,210" oya="3" hai0="91,84,121,46,10,81,26,39,13,127,72,70,6" hai1="119,99,132,78,126,59,57,101,0,52,16,92,18" hai2="54,27,113,45,9,50,20,128,82,44,22,34,74" hai3="61,53,98,33,90,117,96,109,8,122,108,100,94"/><W105/><G117/><T118/><D118/><U73/><E0/><V135/><F113/><W65/><G122/><T112/><D121/><U37/><E37/><V75/><F34/><W76/><G76/><T80/><D112/><U21/><E119/><V17/><F135/><W120/><G120/><T67/><D127/><U66/><E132/><V1/><F128/><W104/><G33/><T103/><D103/><U58/><E126/><V79/><F22/><W55/><G8/><T29/><D67/><U107/><E107/><V15/><F44/><W11/><G11/><T28/><D70/><U130/><E130/><V85/><F1/><W31/><G31/><AGARI ba="0,0" hai="9,15,17,20,27,31,45,50,54,74,75,79,82,85" machi="31" ten="30,2000,0" yaku="7,1,52,1" doraHai="47" who="2" fromWho="3" sc="218,0,282,0,290,20,210,-20" owari="218,-18.2,282,8.2,310,41.0,190,-31.0" /></mjloggm>