<mjloggm ver="2.3"><GO type="225" lobby="0"/><UN n0="%E3%83%96%E3%83%83%E3%83%91%E3%82%AA%E3%83%96%E3%83%81%E3%82%AD%E3%83%B3" n1="%E9%A6%AC%E5%BC%95%E7%81%AB%33" n2="%72%61%6B%33" n3="%E6%81%A5%E6%99%92%E3%81%97" dan="16,17,16,16" rate="2203.74,2194.24,2095.14,2103.09" sx="M,M,M,M"/><TAIKYOKU oya="0"/><INIT seed="0,0,0,4,5,120" ten="250,250,250,250" oya="0" hai0="100,29,95,114,116,76,14,71,54,77,82,133,102" hai1="43,41,6,47,67,128,90,30,8,132,121,2,25" hai2="22,1,96,40,135,119,130,27,97,58,51,74,5" hai3="108,98,112,18,66,52,7,19,4,129,99,55,26"/><T59/><D114/><U70/><E121/><V89/><F74/><W37/><G112/><T92/><D116/><U69/><E128/><V113/><F113/><W115/><G115/><T72/><D71/><U56/><E132/><V44/><F135/><W36/><G26/><T80/><D133/><U85/><E56/><V91/><F130/><W83/><G129/><T17/><D29/><U31/><E67/><V21/><F119/><W28/><G28/><T104/><D102/><U10/><E10/><V62/><F5/><W107/><G83/><T125/><D125/><U32/><E43/><V78/><F78/><W64/><G107/><T131/><D100/><U124/><E124/><V48/><F48/><W39/><G36/><T84/><D104/><U68/><E30/><V45/><F45/><W110/><AGARI ba="0,0" hai="4,7,18,19,37,39,52,55,64,66,98,99,108,110" machi="110" ten="25,12000,2" yaku="0,1,22,2,52,2,54,1" doraHai="120" who="3" fromWho="3" sc="250,-60,250,-30,250,-30,250,120" /><INIT seed="1,0,0,4,3,31" ten="190,220,220,370" oya="1" hai0="123,105,4,72,10,6,132,64,67,45,1,125,66" hai1="56,50,76,121,92,25,118,29,111,94,48,90,131" hai2="0,114,54,93,63,122,109,99,79,80,102,82,87" hai3="60,112,13,133,104,15,75,84,126,98,110,5,19"/><U47/><E118/><V106/><F0/><W16/><G112/><T128/><D128/><U62/><E121/><V52/><F122/><W89/><G75/><T28/><D123/><U129/><E76/><V14/><F114/><W58/><G110/><T108/><D108/><U42/><E50/><V18/><F109/><W86/><G126/><T43/><D125/><U21/><E111/><V130/><F130/><N who="1" m="49673" /><E90/><V49/><F63/><W120/><G120/><T51/><D132/><U83/><E83/><V20/><F106/><W81/><G98/><T17/><D72/><U113/><E113/><V74/><REACH who="2" step="1"/><F49/><REACH who="2" ten="190,220,210,370" step="2"/><W124/><G104/><T68/><D105/><U73/><E73/><V78/><AGARI ba="0,1" hai="14,18,20,52,54,74,78,79,80,82,87,93,99,102" machi="78" ten="20,8000,1" yaku="1,1,2,1,0,1,7,1,54,1,53,0" doraHai="31" doraHaiUra="26" who="2" fromWho="2" sc="190,-20,220,-40,210,90,370,-20" /><INIT seed="2,0,0,2,3,80" ten="170,180,300,350" oya="2" hai0="47,12,113,34,48,19,78,3,27,95,96,50,94" hai1="22,100,118,67,104,93,64,122,28,120,79,53,63" hai2="74,16,108,6,66,52,76,7,82,70,15,4,127" hai3="128,42,14,46,84,71,62,130,121,11,54,110,65"/><V33/><F33/><W5/><G121/><N who="1" m="46698" /><E118/><V61/><F127/><W36/><G110/><T92/><D113/><U77/><E104/><V72/><F108/><W59/><REACH who="3" step="1"/><G84/><REACH who="3" ten="170,180,300,340" step="2"/><T134/><D134/><U89/><E79/><V23/><F74/><W32/><G32/><T45/><D78/><U85/><E85/><V69/><REACH who="2" step="1"/><F66/><REACH who="2" ten="170,180,290,340" step="2"/><W55/><G55/><N who="0" m="30095" /><D34/><U9/><E53/><V126/><F126/><W101/><G101/><N who="0" m="60551" /><D3/><U119/><E64/><V49/><F49/><AGARI ba="0,2" hai="5,11,14,36,42,46,49,54,59,62,65,71,128,130" machi="49" ten="40,8000,1" yaku="1,1,24,2,53,1" doraHai="80" doraHaiUra="51" who="3" fromWho="2" sc="170,0,180,0,290,-80,340,100" /><INIT seed="3,0,0,4,0,85" ten="170,180,210,440" oya="3" hai0="66,62,109,23,81,69,29,42,46,33,100,11,63" hai1="36,87,70,13,102,72,115,88,118,1,43,7,0" hai2="119,47,83,105,26,94,41,110,133,98,127,93,27" hai3="50,68,8,12,77,6,73,58,113,97,3,106,34"/><W56/><G58/><T75/><D109/><U91/><E115/><V95/><F119/><W111/><G12/><T84/><D33/><U108/><E72/><V44/><F110/><W130/><G50/><N who="0" m="26967" /><D75/><U104/><E108/><V18/><F127/><W71/><G97/><T114/><D69/><U22/><E70/><V31/><F133/><W19/><G8/><T78/><D114/><U38/><E118/><V67/><F67/><W112/><G19/><T24/><D66/><U51/><E51/><V15/><F105/><W55/><G77/><T121/><D121/><U16/><E43/><V54/><F98/><W64/><G55/><T124/><D124/><U4/><E104/><V32/><F54/><W49/><G6/><T128/><D128/><U96/><E102/><V103/><F103/><W57/><G56/><T74/><D74/><U80/><E4/><V125/><F125/><W92/><G49/><T117/><D117/><U107/><E107/><V53/><F53/><W89/><G106/><T116/><D116/><U122/><E122/><V132/><F132/><W40/><G64/><T59/><D100/><U28/><E28/><V10/><F41/><W2/><G40/><T79/><D79/><U30/><E30/><V60/><F31/><W35/><G73/><T39/><D39/><N who="1" m="14891" /><E7/><V45/><F32/><W126/><G35/><T99/><D99/><U21/><E21/><V86/><F60/><N who="0" m="23082" /><D59/><U131/><E131/><V25/><F44/><W135/><G135/><T61/><N who="0" m="23090" /><T14/><DORA hai="65" /><D11/><U123/><E123/><V76/><AGARI ba="0,0" hai="10,15,18,25,26,27,45,47,76,83,86,93,94,95" machi="76" ten="30,2000,0" yaku="0,1,8,1" doraHai="85,65" who="2" fromWho="2" sc="170,-5,180,-5,210,20,440,-10" owari="165,-33.5,175,-22.5,230,3.0,430,53.0" /></mjloggm>