<mjloggm ver="2.3"><GO type="225" lobby="0"/><UN n0="%E6%A0%B9%E5%85%83%E3%81%8B%E3%82%89%E5%90%B9%E3%81%A3%E9%A3%9B%E3%81%B6" n1="%E6%98%93%E5%88%A9%E8%96%A9%E4%BC%AF" n2="%E3%81%A4%E3%81%A3%E3%81%B1%E3%82%8A%E3%83%9D%E3%83%BC%E3%83%AB" n3="%E5%A4%8F%E9%88%B4%E9%88%B4%E5%A4%8F" dan="16,17,17,16" rate="2141.70,2112.40,2182.38,2105.26" sx="F,F,M,F"/><TAIKYOKU oya="0"/><INIT seed="0,0,0,5,3,1" ten="250,250,250,250" oya="0" hai0="10,119,62,17,67,11,83,68,66,55,115,26,65" hai1="49,103,61,80,99,125,106,96,14,3,53,5,113" hai2="121,87,90,97,57,54,6,101,86,126,22,110,95" hai3="12,28,114,116,40,33,29,69,7,21,44,16,79"/><T19/><D115/><U107/><E3/><V0/><F121/><W117/><G114/><T58/><D119/><U45/><E125/><V129/><F126/><W64/><G79/><T81/><D68/><U47/><E113/><V4/><F110/><W52/><G52/><T30/><D30/><U132/><E132/><V13/><F129/><W100/><G100/><T89/><D26/><U43/><E99/><V18/><F0/><W51/><G7/><N who="2" m="2601" /><F101/><W25/><REACH who="3" step="1"/><G28/><REACH who="3" ten="250,250,250,240" step="2"/><T84/><REACH who="0" step="1"/><D83/><REACH who="0" ten="240,250,250,240" step="2"/><U31/><E31/><V37/><F37/><W70/><G70/><T131/><D131/><U63/><E80/><V74/><F74/><W135/><G135/><T130/><D130/><U24/><E24/><V15/><F15/><W42/><G42/><T104/><D104/><U2/><E2/><V60/><AGARI ba="0,2" hai="13,18,22,54,57,60,86,87,90,95,97" m="2601" machi="60" ten="30,7900,0" yaku="8,1,52,3" doraHai="1" who="2" fromWho="2" sc="240,-39,250,-20,250,99,240,-20" /><INIT seed="1,0,0,5,4,127" ten="201,230,349,220" oya="1" hai0="124,67,32,28,104,129,24,75,55,108,57,42,94" hai1="23,36,89,64,111,7,114,106,115,33,131,97,2" hai2="63,19,78,110,102,5,12,77,120,96,44,41,37" hai3="73,81,116,49,59,45,4,121,132,52,3,35,135"/><U65/><E33/><V30/><F120/><W133/><G121/><T9/><D108/><U119/><E119/><V98/><F110/><W34/><G116/><T10/><D104/><U84/><E36/><V72/><F72/><W0/><G45/><T11/><D124/><U46/><E111/><V15/><F30/><W74/><G74/><T25/><D75/><U95/><E131/><V27/><F63/><W26/><G4/><T18/><D129/><U14/><E2/><N who="3" m="554" /><G26/><T109/><D109/><U107/><E46/><V113/><F113/><W88/><G73/><T6/><D67/><U1/><E1/><V90/><F90/><W62/><G62/><T83/><D42/><U40/><E40/><V125/><F98/><W53/><G53/><T105/><D105/><U54/><E54/><V31/><F5/><W60/><G60/><T16/><D94/><U66/><E107/><V58/><F58/><W118/><G118/><T79/><D6/><U51/><E51/><V134/><F125/><W68/><G68/><T92/><D92/><U93/><E106/><N who="2" m="63815" /><F77/><W128/><G128/><T71/><D71/><U85/><E85/><AGARI ba="0,0" hai="34,35,49,52,59,81,85,88,132,133,135" m="554" machi="85" ten="40,5200,0" yaku="20,1,54,2" doraHai="127" who="3" fromWho="1" sc="201,0,230,-52,349,0,220,52" /><INIT seed="2,0,0,5,3,24" ten="201,178,349,272" oya="2" hai0="132,103,79,88,15,42,85,131,134,25,104,121,78" hai1="41,123,43,72,58,116,19,71,109,119,100,87,114" hai2="17,29,38,35,66,64,102,54,48,46,135,84,95" hai3="59,34,9,133,117,40,20,90,77,36,2,11,47"/><V26/><F135/><N who="0" m="51754" /><D15/><U39/><E71/><V76/><F38/><W51/><G117/><T7/><D7/><U14/><E72/><V80/><REACH who="2" step="1"/><F17/><REACH who="2" ten="201,178,339,272" step="2"/><W94/><G36/><T105/><D121/><U127/><E39/><V126/><F126/><W3/><G133/><T56/><D105/><U1/><E127/><V86/><F86/><W107/><G107/><T55/><D104/><U21/><E87/><V98/><AGARI ba="0,1" hai="26,29,35,46,48,54,64,66,76,80,84,95,98,102" machi="98" ten="30,6000,0" yaku="1,1,0,1,52,1,53,0" doraHai="24" doraHaiUra="70" who="2" fromWho="2" sc="201,-20,178,-20,339,70,272,-20" /><INIT seed="2,1,0,5,5,76" ten="181,158,409,252" oya="2" hai0="64,57,80,60,48,53,122,85,92,50,98,69,15" hai1="28,108,96,119,54,6,95,70,97,29,118,16,112" hai2="36,115,75,56,67,5,41,73,55,90,33,4,81" hai3="133,79,35,52,110,123,130,24,61,104,7,37,114"/><V131/><F115/><W134/><G52/><T91/><D122/><U12/><E112/><V121/><F33/><W47/><G61/><T66/><D15/><U120/><E108/><V107/><F107/><W58/><G47/><T14/><D14/><U109/><E109/><V49/><F121/><W83/><G58/><T20/><D20/><U111/><E111/><V26/><F67/><W8/><G83/><T129/><D129/><U65/><E120/><V94/><F131/><W124/><G79/><T18/><D18/><U31/><E6/><V25/><F36/><W1/><G24/><T42/><D69/><U84/><E84/><N who="2" m="50447" /><F75/><W46/><G8/><T34/><D34/><U72/><E72/><V10/><F73/><W128/><G7/><N who="2" m="2633" /><F10/><W125/><G130/><T39/><D39/><U2/><E2/><V77/><F77/><W22/><G134/><T63/><D42/><U78/><E78/><V62/><F94/><W126/><G125/><T27/><D66/><U86/><E65/><V51/><F51/><W23/><G22/><T103/><D50/><U9/><E70/><V40/><F40/><W105/><G23/><T113/><D113/><U74/><E74/><V3/><F3/><W45/><G126/><T68/><REACH who="0" step="1"/><D60/><REACH who="0" ten="171,158,409,252" step="2"/><U38/><E38/><V93/><F62/><W11/><G124/><T101/><D101/><U13/><E13/><V43/><F43/><W71/><G37/><T21/><D21/><U127/><E127/><V135/><F41/><W106/><G71/><T100/><D100/><U30/><N who="1" m="7168" /><DORA hai="32" /><U87/><E12/><V59/><F49/><RYUUKYOKU ba="1,1" sc="171,30,158,-10,409,-10,252,-10" hai0="27,48,53,57,63,64,68,80,85,91,92,98,103" /><INIT seed="3,2,1,5,1,54" ten="201,148,399,242" oya="3" hai0="61,122,114,72,92,80,87,49,24,93,59,42,6" hai1="89,17,3,113,38,28,12,10,107,64,19,58,128" hai2="124,82,22,21,30,41,8,94,83,106,20,103,51" hai3="133,132,66,104,34,18,15,33,47,74,4,73,0"/><W23/><G104/><T75/><D122/><U101/><E113/><V131/><F106/><W5/><G66/><T9/><D75/><U40/><E128/><V36/><F36/><W26/><G47/><N who="0" m="25847" /><D72/><U76/><E76/><V86/><F124/><W13/><G74/><T79/><D114/><U2/><E28/><V134/><F134/><N who="3" m="51819" /><G73/><T69/><D24/><U16/><E89/><N who="2" m="53559" /><F131/><W56/><G56/><T52/><D69/><U71/><E71/><V81/><F103/><W105/><G105/><T35/><D35/><N who="3" m="13321" /><G0/><T60/><D60/><U14/><E40/><V116/><F116/><W65/><G65/><T37/><D37/><U68/><E38/><V100/><F100/><W63/><G63/><T111/><D111/><U7/><E68/><V57/><F57/><W129/><G129/><T70/><D70/><U98/><REACH who="1" step="1"/><E14/><AGARI ba="2,1" hai="4,5,13,14,15,18,23,26" m="13321,51819" machi="14" ten="30,5800,0" yaku="20,1,34,2" doraHai="54" who="3" fromWho="1" sc="201,0,148,-64,399,0,242,74" /><AGARI ba="2,0" hai="6,9,14,52,59,61,79,80,87,92,93" m="25847" machi="14" ten="30,7700,0" yaku="25,1,8,1,52,1,54,1" doraHai="54" who="0" fromWho="1" sc="201,77,84,-77,399,0,316,0" /><INIT seed="3,3,0,0,2,60" ten="278,7,399,316" oya="3" hai0="121,34,93,22,16,21,97,40,27,94,133,96,8" hai1="17,62,131,7,31,71,45,14,90,15,92,129,102" hai2="106,75,81,72,122,48,84,132,128,2,59,23,114" hai3="10,49,30,66,100,64,110,3,115,0,126,54,11"/><W108/><G115/><T42/><D121/><U43/><E102/><V13/><F2/><N who="3" m="555" /><G30/><T51/><D133/><U124/><E124/><V61/><F106/><W44/><G100/><T35/><D8/><N who="3" m="3113" /><G126/><T33/><D51/><U116/><E31/><V104/><F104/><W101/><G101/><T37/><D37/><U28/><E28/><V57/><F132/><W86/><G86/><T6/><D6/><U111/><E111/><AGARI ba="3,0" hai="44,49,54,64,66,108,110,111" m="3113,555" machi="111" ten="30,11600,0" yaku="14,1,10,1,52,2" doraHai="60" who="3" fromWho="1" sc="278,0,7,-125,399,0,316,125" owari="278,-12.2,-118,-61.8,399,19.9,441,54.1" /></mjloggm>