<mjloggm ver="2.3"><GO type="225" lobby="0"/><UN n0="%6D%61%74%69%67%75%73%61" n1="%72%69%6F%75%63%68%61%6E" n2="%E8%A8%88%E7%AE%97%E6%A9%9F%E8%87%AA%E7%84%B6" n3="%E9%B3%B4%E8%8C%B6" dan="17,16,17,16" rate="2140.49,2128.05,2175.70,2137.54" sx="M,M,M,M"/><TAIKYOKU oya="0"/><INIT seed="0,0,0,1,1,32" ten="250,250,250,250" oya="0" hai0="105,63,120,128,16,76,74,48,61,126,130,96,67" hai1="6,51,41,1,43,40,70,81,79,101,87,14,3" hai2="82,46,107,36,116,21,37,12,103,83,25,106,123" hai3="54,10,134,72,119,69,59,15,80,2,30,49,53"/><T108/><D120/><U18/><E70/><V42/><F123/><W62/><G119/><T56/><D74/><U8/><E101/><V52/><F116/><W57/><G134/><T109/><D76/><U73/><E73/><V90/><F36/><W23/><G69/><N who="0" m="42223" /><D96/><U11/><REACH who="1" step="1"/><E51/><REACH who="1" ten="250,240,250,250" step="2"/><V20/><F103/><W118/><G118/><T135/><D48/><U5/><E5/><V91/><F37/><W35/><G72/><T104/><D135/><U9/><E9/><V55/><F107/><W89/><G10/><T7/><D7/><U64/><E64/><V95/><F106/><W121/><G121/><T124/><D104/><U60/><E60/><V112/><F55/><W86/><G35/><T38/><D38/><U0/><AGARI ba="0,1" hai="0,1,3,6,8,11,14,18,40,41,43,79,81,87" machi="0" ten="30,8000,1" yaku="1,1,0,1,52,3,53,0" doraHai="32" doraHaiUra="29" who="1" fromWho="1" sc="250,-40,240,90,250,-20,250,-20" /><INIT seed="1,0,0,1,5,127" ten="210,330,230,230" oya="1" hai0="86,63,74,13,130,6,71,3,4,65,60,42,119" hai1="19,108,88,62,112,89,16,68,113,110,109,33,67" hai2="49,52,114,36,46,80,73,39,69,47,99,84,20" hai3="97,87,15,55,56,43,107,8,50,12,35,11,72"/><U120/><E33/><V93/><F73/><W94/><G72/><T98/><D119/><U106/><E106/><V57/><F69/><W111/><G111/><T90/><D3/><U70/><E120/><V117/><F117/><W125/><G125/><T51/><D74/><U116/><E116/><V10/><F114/><N who="1" m="44137" /><E68/><V53/><F10/><N who="3" m="3627" /><G35/><T14/><D98/><U79/><E79/><V59/><F20/><W30/><G30/><T26/><D51/><U44/><E44/><V95/><F36/><W133/><G107/><T21/><D42/><U131/><E131/><V83/><F39/><W126/><G126/><T29/><D60/><U0/><E0/><V134/><F134/><W76/><G43/><T104/><D104/><U18/><AGARI ba="0,0" hai="16,18,19,62,67,70,88,89,108,109,110" m="44137" machi="18" ten="40,12000,1" yaku="14,1,10,1,54,2" doraHai="127" who="1" fromWho="1" sc="210,-40,330,120,230,-40,230,-40" /><INIT seed="1,1,0,3,4,89" ten="170,450,190,190" oya="1" hai0="21,66,120,49,84,31,118,1,17,9,70,112,59" hai1="14,53,95,74,87,121,20,62,29,79,38,4,32" hai2="83,131,43,19,134,124,61,54,130,44,129,80,127" hai3="128,75,94,97,101,68,117,65,73,104,37,63,119"/><U78/><E121/><V27/><F19/><W122/><G122/><T72/><D120/><U18/><E38/><N who="2" m="21623" /><F27/><W98/><G128/><N who="2" m="32769" /><V40/><DORA hai="7" /><F40/><W15/><G37/><T67/><D17/><U48/><E74/><V107/><F107/><W30/><G15/><T47/><D72/><U10/><E62/><V3/><F3/><W35/><G75/><T82/><D1/><U12/><E32/><V52/><F134/><W57/><G73/><T16/><D16/><N who="1" m="10247" /><E29/><V109/><F109/><W123/><G123/><T23/><D31/><U58/><E4/><V111/><F111/><W34/><G34/><T22/><D22/><U71/><E71/><V85/><F80/><W56/><G117/><T93/><D118/><U114/><E114/><V110/><F110/><W100/><REACH who="3" step="1"/><G119/><REACH who="3" ten="170,450,190,180" step="2"/><T39/><D39/><U64/><E14/><V125/><F61/><W55/><G55/><T106/><D112/><U26/><E53/><V102/><F102/><W103/><G103/><T8/><D23/><U113/><E113/><V86/><F86/><W0/><G0/><T46/><D84/><U92/><E87/><V11/><F11/><W6/><G6/><T77/><D9/><U25/><E10/><V132/><F132/><W33/><G33/><T116/><D8/><U105/><E25/><AGARI ba="1,1" hai="25,30,35,56,57,63,65,68,94,97,98,100,101,104" machi="25" ten="40,8000,1" yaku="1,1,25,2,52,1,53,0" doraHai="89,7" doraHaiUra="13,2" who="3" fromWho="1" sc="170,0,450,-83,190,0,180,93" /><INIT seed="2,0,0,3,4,51" ten="170,367,190,273" oya="2" hai0="76,34,63,69,95,92,96,113,39,126,122,2,10" hai1="82,25,50,54,129,28,8,119,47,36,55,13,53" hai2="78,22,125,59,127,68,83,132,73,12,109,23,45" hai3="102,121,40,93,42,61,0,44,14,9,56,112,114"/><V130/><F68/><W135/><G121/><T70/><D122/><U20/><E119/><V116/><F116/><W94/><G0/><T52/><D113/><N who="3" m="43625" /><G135/><T128/><D39/><U49/><E129/><V27/><F132/><W58/><G102/><T88/><D34/><U16/><REACH who="1" step="1"/><E82/><REACH who="1" ten="170,357,190,273" step="2"/><V101/><F130/><W87/><G93/><T29/><D128/><U19/><E19/><V30/><F125/><W77/><G94/><T85/><D126/><U123/><E123/><V91/><F127/><W100/><G100/><T72/><D92/><U74/><E74/><V35/><F101/><W15/><G44/><T99/><D95/><U7/><E7/><V38/><F45/><W86/><G86/><T57/><D85/><U32/><E32/><V65/><F35/><W90/><G87/><T3/><D72/><U103/><E103/><V5/><F5/><W67/><G90/><T75/><D88/><U97/><E97/><V107/><F91/><W115/><G115/><T104/><D99/><U46/><E46/><V98/><F98/><W71/><G77/><T80/><D96/><U120/><E120/><V18/><F73/><W64/><G40/><AGARI ba="0,1" hai="8,13,16,20,25,28,36,40,47,49,50,53,54,55" machi="40" ten="40,8000,1" yaku="1,1,52,3,54,1,53,0" doraHai="51" doraHaiUra="84" who="1" fromWho="3" sc="170,0,357,90,190,0,273,-80" /><INIT seed="3,0,0,5,5,113" ten="170,447,190,193" oya="3" hai0="45,112,71,86,87,46,91,50,19,7,68,119,70" hai1="130,5,65,18,99,63,89,34,62,80,123,81,29" hai2="104,132,36,41,125,33,35,64,28,26,126,58,10" hai3="48,101,17,74,12,106,24,95,9,3,122,13,16"/><W118/><G122/><T15/><D112/><U94/><E123/><V102/><F132/><W8/><G74/><T100/><D7/><U52/><E130/><V0/><F58/><W55/><G106/><T90/><D100/><U79/><E5/><N who="2" m="1319" /><F64/><W22/><G3/><T66/><D66/><U127/><E127/><N who="2" m="48651" /><F41/><W67/><G118/><T110/><D110/><U53/><E18/><V131/><F36/><W108/><G108/><T23/><D119/><U2/><E81/><V98/><F131/><W40/><G67/><T93/><REACH who="0" step="1"/><D50/><REACH who="0" ten="160,447,190,193" step="2"/><U59/><E62/><V27/><F27/><W21/><G24/><T61/><D61/><U88/><E80/><AGARI ba="0,1" hai="15,19,23,45,46,68,70,71,80,86,87,90,91,93" machi="80" ten="40,1300,0" yaku="1,1,53,0" doraHai="113" doraHaiUra="135" who="0" fromWho="1" sc="160,23,447,-13,190,0,193,0" owari="183,-31.7,434,53.4,190,-21.0,193,-0.7" /></mjloggm>