<mjloggm ver="2.3"><GO type="225" lobby="0"/><UN n0="%72%69%6F%75%63%68%61%6E" n1="%E6%B7%91%E5%A5%B3%E3%81%AE%E5%97%9C%E3%81%BF" n2="%E3%83%B4%E3%83%A0%EF%BC%99%E3%81%A6" n3="%E6%9D%B1%E9%A2%A8%E3%81%AE%E3%81%8D%E3%82%83%E3%81%B7%E3%81%95%E3%82%93" dan="16,16,16,16" rate="2120.08,2098.16,2171.90,2100.14" sx="M,M,M,M"/><TAIKYOKU oya="0"/><INIT seed="0,0,0,2,5,94" ten="250,250,250,250" oya="0" hai0="21,19,88,79,86,74,98,81,101,93,111,42,7" hai1="20,133,13,51,76,37,109,66,36,6,131,48,18" hai2="100,97,63,61,72,121,132,57,96,116,4,14,90" hai3="83,130,60,110,27,32,25,78,134,31,92,3,38"/><T84/><D111/><U17/><E109/><V65/><F121/><W77/><G110/><T99/><D7/><U10/><E131/><V33/><F33/><W49/><G38/><T47/><D74/><U55/><E133/><V128/><F72/><W87/><G3/><T56/><D56/><U58/><E76/><V11/><F128/><W68/><G134/><T26/><D101/><U125/><E125/><V115/><F115/><W126/><G126/><T105/><D105/><U40/><E66/><V113/><F113/><W46/><G130/><T102/><D102/><U127/><E127/><V117/><F132/><W123/><G123/><T82/><D82/><U52/><E40/><V50/><F50/><AGARI ba="0,0" hai="19,21,26,42,47,50,79,81,84,86,88,93,98,99" machi="50" ten="30,12000,1" yaku="7,1,8,1,52,2,54,1" doraHai="94" who="0" fromWho="2" sc="250,120,250,0,250,-120,250,0" /><INIT seed="0,1,0,5,1,50" ten="370,250,130,250" oya="0" hai0="48,5,125,66,41,103,112,72,75,131,26,38,20" hai1="49,34,23,9,22,40,132,119,54,61,88,68,116" hai2="97,55,8,7,81,69,114,84,115,99,16,113,6" hai3="91,3,92,90,42,47,30,85,94,134,64,135,105"/><T110/><D112/><U76/><E34/><V45/><F69/><W122/><G3/><T121/><D121/><U117/><E132/><V15/><F97/><W111/><G111/><T67/><D38/><U95/><E76/><V101/><F45/><W98/><G64/><T100/><D75/><U128/><E128/><V14/><F14/><W33/><G105/><T13/><D72/><U78/><E78/><V87/><F87/><W52/><G122/><T35/><D35/><U2/><E40/><V133/><F133/><N who="3" m="50699" /><G33/><T18/><D125/><U109/><E109/><V27/><F27/><W21/><G21/><T126/><D126/><U0/><E9/><V60/><F60/><W70/><G30/><T44/><D131/><U37/><E2/><V93/><REACH who="2" step="1"/><F55/><REACH who="2" ten="370,250,120,250" step="2"/><W79/><G70/><T82/><D44/><U74/><E0/><V43/><F43/><W96/><G96/><T36/><D41/><U118/><E118/><V130/><F130/><W106/><G106/><T39/><D26/><U17/><E117/><V19/><F19/><W53/><G79/><AGARI ba="1,1" hai="6,7,8,15,16,79,81,84,93,99,101,113,114,115" machi="79" ten="40,2600,0" yaku="1,1,54,1,53,0" doraHai="50" doraHaiUra="65" who="2" fromWho="3" sc="370,0,250,0,120,39,250,-29" /><INIT seed="1,0,0,4,3,100" ten="370,250,159,221" oya="1" hai0="94,79,117,124,9,55,127,18,12,105,122,43,53" hai1="73,6,4,2,128,132,0,92,41,119,133,107,17" hai2="95,21,113,62,81,75,42,83,77,10,23,112,99" hai3="31,57,30,96,32,109,126,48,19,14,56,7,93"/><U98/><E119/><V114/><F42/><W5/><G126/><N who="0" m="48171" /><D105/><U108/><E73/><V134/><F134/><N who="1" m="51817" /><E128/><V3/><F81/><W97/><G109/><T36/><D122/><U37/><E108/><V25/><F62/><W129/><G129/><T15/><D117/><U85/><E17/><V33/><F33/><W54/><G57/><T135/><D135/><U69/><E69/><V130/><F130/><W63/><G48/><T88/><D79/><U46/><E85/><V50/><F50/><W38/><G38/><T115/><D115/><U58/><E58/><V22/><F10/><W16/><G19/><N who="0" m="8591" /><D43/><U24/><E24/><V86/><F3/><N who="1" m="1065" /><E107/><V51/><F51/><W20/><G97/><N who="0" m="57543" /><D36/><U28/><E28/><N who="3" m="10794" /><G32/><T87/><D87/><U89/><AGARI ba="0,0" hai="4,6,37,41,46,89,92,98" m="1065,51817" machi="89" ten="30,1500,0" yaku="20,1" doraHai="100" who="1" fromWho="1" sc="370,-5,250,15,159,-5,221,-5" /><INIT seed="1,1,0,3,1,13" ten="365,265,154,216" oya="1" hai0="100,71,47,22,17,111,120,65,114,95,79,35,98" hai1="64,85,9,26,57,48,30,41,80,93,103,44,12" hai2="102,15,37,107,86,84,125,45,74,29,2,70,75" hai3="63,131,23,40,36,52,113,73,11,42,130,34,132"/><U81/><E64/><V110/><F70/><W55/><G34/><T6/><D114/><U82/><E57/><V92/><F2/><W46/><G73/><N who="2" m="27657" /><F15/><W31/><G11/><T121/><D35/><U3/><E3/><V116/><F29/><W123/><G31/><T96/><D79/><U18/><E103/><V78/><F45/><N who="3" m="23687" /><G23/><T24/><D111/><U94/><REACH who="1" step="1"/><E85/><REACH who="1" ten="365,255,154,216" step="2"/><N who="2" m="32875" /><F116/><W16/><G113/><T49/><D100/><U124/><E124/><V7/><F125/><W66/><G123/><T88/><D65/><U101/><E101/><V50/><F107/><W76/><G132/><T1/><D121/><U97/><E97/><V104/><F104/><W67/><G67/><T4/><D98/><U135/><E135/><V127/><F127/><W69/><G76/><T87/><D96/><U89/><E89/><V128/><F78/><W59/><G59/><T58/><D58/><U53/><E53/><N who="3" m="20554" /><G16/><T28/><D17/><U10/><E10/><V0/><F0/><W43/><G43/><T19/><D1/><U25/><E25/><V54/><F102/><W126/><G126/><T14/><D24/><U91/><E91/><V21/><F54/><W27/><G27/><T99/><D88/><U32/><AGARI ba="1,1" hai="9,12,18,26,30,32,41,44,48,80,81,82,93,94" machi="32" ten="30,6000,0" yaku="1,1,0,1,52,1,53,0" doraHai="13" doraHaiUra="129" who="1" fromWho="1" sc="365,-21,255,73,154,-21,216,-21" /><INIT seed="1,2,0,5,1,121" ten="344,328,133,195" oya="1" hai0="95,63,13,21,54,64,39,58,52,109,55,128,49" hai1="44,56,59,46,7,27,42,61,112,93,14,117,45" hai2="65,19,33,32,90,99,73,37,2,35,53,131,84" hai3="122,108,72,15,127,36,115,3,4,129,89,123,135"/><U70/><E112/><V97/><F73/><W31/><RYUUKYOKU type="yao9" ba="2,0" sc="344,0,328,0,133,0,195,0" hai3="3,4,15,31,36,72,89,108,115,122,123,127,129,135" /><INIT seed="1,3,0,2,0,30" ten="344,328,133,195" oya="1" hai0="108,69,75,71,84,32,62,6,36,38,76,26,58" hai1="103,44,37,114,12,21,73,102,72,13,47,89,123" hai2="22,8,80,132,66,31,126,79,120,65,3,88,27" hai3="9,129,128,70,56,90,117,68,94,99,67,11,19"/><U2/><E114/><V55/><F120/><W124/><G117/><T92/><D108/><U15/><E2/><V119/><F126/><W1/><G124/><T14/><D75/><N who="1" m="28747" /><E21/><V64/><F132/><W74/><G74/><T51/><D38/><U95/><E95/><V133/><F133/><W122/><G122/><T28/><D36/><U112/><E89/><V7/><F79/><W85/><G99/><T39/><D39/><U29/><E37/><V25/><F119/><W50/><G19/><T100/><D51/><U97/><E123/><V45/><F27/><W98/><G98/><T91/><D100/><N who="1" m="38443" /><E97/><V43/><F43/><W87/><G87/><T52/><REACH who="0" step="1"/><D76/><REACH who="0" ten="334,328,133,195" step="2"/><U35/><E112/><V63/><F45/><N who="1" m="17481" /><E29/><V54/><REACH who="2" step="1"/><F63/><REACH who="2" ten="334,328,123,195" step="2"/><W110/><G110/><T33/><D33/><AGARI ba="3,2" hai="12,13,15,33,35" m="17481,38443,28747" machi="33" ten="40,12000,1" yaku="28,2,52,2" doraHai="30" who="1" fromWho="0" sc="334,-129,328,149,123,0,195,0" /><INIT seed="1,4,0,1,3,121" ten="205,477,123,195" oya="1" hai0="46,132,63,33,93,98,61,75,50,26,40,21,55" hai1="56,95,111,118,89,52,130,1,117,92,77,116,82" hai2="78,74,127,32,0,134,110,66,37,4,109,24,76" hai3="39,17,27,94,48,97,25,18,71,103,47,43,42"/><U34/><E34/><V107/><F107/><W70/><G71/><T105/><D132/><U31/><E1/><V68/><F134/><W84/><G70/><T23/><D105/><U62/><E31/><N who="2" m="19559" /><F127/><W20/><G84/><T67/><D75/><U8/><E130/><V90/><F90/><W44/><G27/><T22/><D33/><U30/><E30/><AGARI ba="4,0" hai="17,18,20,25,30,39,42,43,44,47,48,94,97,103" machi="30" ten="30,1000,0" yaku="7,1" doraHai="121" who="3" fromWho="1" sc="205,0,477,-22,123,0,195,22" /><INIT seed="2,0,0,5,1,49" ten="205,455,123,217" oya="2" hai0="110,48,65,132,24,66,123,81,71,50,21,97,16" hai1="113,94,52,47,38,84,15,40,103,77,114,105,68" hai2="91,90,106,101,133,59,4,8,64,99,69,125,34" hai3="67,23,85,22,35,80,88,57,107,19,33,70,115"/><V20/><F34/><W5/><G107/><T112/><D123/><U73/><E68/><V1/><F125/><W111/><G70/><T36/><D112/><U17/><E52/><V18/><F133/><W54/><G67/><N who="0" m="25611" /><D132/><U129/><E129/><V58/><F69/><W117/><G117/><T98/><D110/><U55/><E55/><V60/><REACH who="2" step="1"/><F58/><REACH who="2" ten="205,455,113,217" step="2"/><W96/><G33/><T7/><D71/><U14/><E113/><V2/><F2/><W29/><G35/><T89/><D36/><U135/><E114/><V0/><F0/><W75/><G115/><T10/><D7/><U12/><E135/><V134/><F134/><W102/><G5/><T62/><D62/><U37/><E37/><V109/><F109/><W87/><G111/><T108/><D108/><U100/><E38/><V3/><F3/><W25/><G75/><T43/><D48/><U6/><E6/><V56/><F56/><W86/><G102/><T121/><D121/><U104/><E103/><V119/><F119/><W44/><G44/><N who="0" m="25887" /><D10/><U120/><E100/><V61/><F61/><N who="3" m="36023" /><G96/><T131/><D131/><U124/><E124/><V126/><F126/><W42/><G42/><T41/><D41/><U39/><E120/><V128/><F128/><W116/><G116/><T9/><D9/><N who="1" m="6287" /><E73/><V46/><F46/><W79/><G79/><T32/><D32/><U93/><E77/><V11/><F11/><W31/><G23/><T82/><D97/><U74/><E74/><V130/><F130/><W13/><G13/><AGARI ba="0,1" hai="1,4,8,13,18,20,59,60,64,90,91,99,101,106" machi="13" ten="30,2900,0" yaku="1,1,7,1,53,0" doraHai="49" doraHaiUra="26" who="2" fromWho="3" sc="205,0,455,0,113,39,217,-29" /><INIT seed="2,1,0,4,4,135" ten="205,455,152,188" oya="2" hai0="92,114,72,19,83,91,125,44,117,27,119,68,47" hai1="52,67,24,34,121,57,41,14,30,95,127,46,86" hai2="99,32,128,65,62,54,10,26,74,100,102,42,15" hai3="49,71,22,132,96,50,118,11,108,3,134,28,77"/><V131/><F74/><W38/><G71/><T103/><D125/><U12/><E127/><V90/><F42/><W56/><G38/><T64/><D114/><U116/><E116/><N who="0" m="44617" /><D103/><U75/><E75/><V58/><F90/><W73/><G118/><T130/><D130/><N who="2" m="49706" /><F99/><W35/><G35/><T101/><D19/><U94/><E121/><V112/><F112/><W81/><G108/><T88/><D27/><U109/><E109/><V36/><F36/><W113/><G113/><T78/><D101/><N who="2" m="39018" /><F26/><N who="3" m="16471" /><G96/><N who="0" m="57351" /><D91/><U20/><E41/><V60/><F32/><W0/><G11/><T79/><D78/><U120/><E34/><V87/><F87/><W7/><G7/><T89/><D89/><U70/><E86/><V115/><F115/><W107/><G107/><T25/><D25/><U66/><E24/><V126/><F126/><W45/><G56/><T40/><D40/><U129/><E129/><V82/><F82/><W37/><G37/><T111/><D111/><U33/><E33/><V122/><F122/><W5/><G5/><T1/><D1/><N who="3" m="585" /><G45/><T2/><D2/><U85/><E46/><V97/><F97/><W16/><G16/><T84/><D72/><U104/><E85/><V48/><F15/><W76/><G76/><T106/><D106/><U59/><E12/><V4/><F4/><W63/><G77/><T21/><D21/><U39/><E104/><V51/><F10/><W110/><G73/><T124/><D124/><U123/><E39/><V9/><F9/><W6/><G6/><T8/><D8/><U43/><E120/><V13/><F13/><W105/><G110/><RYUUKYOKU ba="1,0" sc="205,15,455,-15,152,15,188,-15" hai0="44,47,64,68,79,83,84" hai2="48,51,54,58,60,62,65" /><INIT seed="2,2,0,3,4,84" ten="220,440,167,173" oya="2" hai0="29,103,59,134,28,22,19,50,1,64,56,34,82" hai1="53,73,57,123,81,92,0,75,114,17,88,20,113" hai2="54,41,31,99,51,63,13,39,21,80,126,96,10" hai3="55,49,115,72,47,76,45,23,97,9,89,30,87"/><V66/><F126/><W95/><G115/><T109/><D109/><U86/><E0/><V24/><F41/><W14/><G72/><T36/><D1/><U38/><E38/><V27/><F27/><N who="3" m="16767" /><G76/><T5/><D36/><U104/><E104/><V93/><F39/><W127/><G127/><T11/><D134/><U6/><E6/><V120/><F80/><W32/><G32/><T7/><D103/><U102/><E123/><V71/><F120/><W33/><G33/><T111/><D111/><U125/><E125/><V130/><F130/><W129/><G129/><T100/><D100/><U77/><E102/><V83/><F83/><W116/><G116/><T8/><D82/><U43/><E43/><V70/><F70/><W15/><G97/><T25/><D5/><U67/><E67/><V105/><F105/><W107/><G107/><T48/><D64/><U16/><E17/><V3/><F3/><W117/><G117/><T60/><D7/><U90/><E75/><V118/><F118/><W128/><G128/><T46/><D34/><U42/><E42/><V12/><F10/><W112/><G112/><T2/><D2/><U35/><E35/><V101/><REACH who="2" step="1"/><F99/><REACH who="2" ten="220,440,157,173" step="2"/><W132/><G132/><T119/><D119/><U91/><E113/><V110/><F110/><W131/><G131/><T62/><D8/><U18/><E114/><V61/><F61/><W26/><G26/><T37/><D11/><U98/><E98/><V135/><F135/><W121/><G121/><T108/><D37/><U65/><E81/><V69/><F69/><W58/><G9/><T4/><D108/><RYUUKYOKU ba="2,1" sc="220,-15,440,-15,157,15,173,15" hai2="12,13,21,24,31,51,54,63,66,71,93,96,101" hai3="14,15,45,47,49,55,58,87,89,95" /><INIT seed="2,3,1,5,0,40" ten="205,425,172,188" oya="2" hai0="115,52,32,70,14,88,37,44,108,54,8,12,13" hai1="114,64,2,7,126,80,84,9,39,75,81,109,58" hai2="3,89,18,30,66,135,105,128,106,68,69,118,61" hai3="35,71,111,31,122,36,17,56,100,77,104,42,103"/><V29/><F118/><W87/><G122/><T73/><D115/><U113/><E109/><V20/><F3/><W92/><G111/><T127/><D32/><U76/><E126/><V43/><F69/><W45/><G71/><T15/><D108/><U53/><E64/><V21/><F128/><W48/><G104/><T4/><D73/><U6/><E6/><V95/><F43/><W132/><G132/><T33/><D33/><U110/><E39/><V119/><F135/><W50/><G36/><T46/><D127/><U11/><E11/><V129/><F129/><W34/><G34/><T74/><D74/><U91/><E110/><V112/><F112/><W97/><G31/><T94/><D70/><U101/><E101/><V65/><F65/><W120/><G35/><T102/><D102/><U28/><E28/><V123/><F123/><W86/><G103/><T78/><D78/><U57/><E57/><V134/><F119/><W83/><G120/><T19/><D4/><U23/><E23/><V49/><F29/><W26/><G87/><N who="0" m="52511" /><D37/><U98/><E98/><N who="2" m="57711" /><F134/><W51/><REACH who="3" step="1"/><G56/><REACH who="3" ten="205,425,172,178" step="2"/><T25/><D25/><U125/><E125/><V90/><F105/><W79/><G79/><T41/><D41/><U93/><E93/><V99/><F106/><W27/><G27/><T96/><D96/><U107/><E107/><V38/><F38/><W47/><G47/><AGARI ba="3,2" hai="8,12,13,14,15,19,44,46,47,52,54" m="52511" machi="47" ten="30,12000,2" yaku="8,1,52,3,54,2" doraHai="40" who="0" fromWho="3" sc="205,149,425,0,172,0,178,-129" /><INIT seed="3,0,0,5,3,18" ten="354,425,172,49" oya="3" hai0="2,75,21,16,56,118,64,132,102,88,41,90,66" hai1="34,110,127,12,120,86,69,26,9,109,119,130,131" hai2="61,29,115,22,44,87,28,101,104,89,19,52,57" hai3="68,4,24,81,121,40,65,46,7,72,105,79,100"/><W45/><G121/><T77/><D118/><U6/><E120/><V99/><F115/><W92/><G105/><T30/><D2/><U106/><E119/><V133/><F133/><W70/><G45/><T23/><D132/><U98/><E127/><V14/><F44/><W37/><G24/><N who="0" m="16655" /><D75/><U124/><E124/><V1/><F1/><W58/><G58/><T123/><D123/><U122/><E122/><V95/><AGARI ba="0,0" hai="14,19,22,28,29,52,57,61,87,89,95,99,101,104" machi="95" ten="20,5200,0" yaku="0,1,7,1,52,1,54,1" doraHai="18" who="2" fromWho="2" sc="354,-13,425,-13,172,52,49,-26" owari="341,14.1,412,51.2,224,-17.6,23,-47.7" /></mjloggm>