<mjloggm ver="2.3"><GO type="225" lobby="0"/><UN n0="%E6%98%93%E5%88%A9%E8%96%A9%E4%BC%AF" n1="%72%69%6F%75%63%68%61%6E" n2="%E6%9C%88%E5%B3%B6%E5%9F%BA" n3="%E3%81%B2%E3%81%AA%E3%81%AE%E3%82%8A%E3%81%8F" dan="17,16,17,16" rate="2166.94,2095.45,2197.85,2110.39" sx="F,M,M,M"/><TAIKYOKU oya="0"/><INIT seed="0,0,0,3,4,103" ten="250,250,250,250" oya="0" hai0="41,126,88,97,10,32,100,9,30,118,63,49,22" hai1="116,119,13,18,20,3,87,40,117,79,74,135,85" hai2="44,106,77,37,75,112,95,108,115,17,73,94,98" hai3="56,129,86,29,45,124,25,54,28,27,60,55,132"/><T21/><D118/><U35/><E135/><V47/><F37/><W48/><G132/><T16/><D126/><U2/><E35/><V70/><F70/><W84/><G129/><T24/><D63/><U1/><REACH who="1" step="1"/><E40/><REACH who="1" ten="250,240,250,250" step="2"/><V51/><F112/><W12/><G124/><T120/><D32/><U109/><E109/><V50/><F115/><W91/><G12/><N who="0" m="9351" /><D120/><U59/><E59/><V66/><F108/><W114/><G114/><T83/><D100/><U57/><E57/><V61/><F47/><W6/><G6/><T111/><D111/><U122/><E122/><V31/><F44/><W64/><G64/><T15/><D15/><U102/><E102/><V113/><F66/><W131/><G131/><T121/><D121/><U53/><E53/><V78/><F113/><W7/><G7/><T93/><D83/><AGARI ba="0,1" hai="1,2,3,13,18,20,74,79,83,85,87,116,117,119" machi="83" ten="50,1600,0" yaku="1,1,53,0" doraHai="103" doraHaiUra="133" who="1" fromWho="0" sc="250,-16,240,26,250,0,250,0" /><INIT seed="1,0,0,1,3,72" ten="234,266,250,250" oya="1" hai0="48,29,124,70,82,42,63,23,19,44,17,59,133" hai1="66,94,87,61,43,40,38,112,108,115,93,20,85" hai2="126,49,4,68,119,116,135,41,95,118,88,26,52" hai3="10,113,71,16,74,111,34,56,83,114,0,105,125"/><U60/><E108/><V36/><F68/><W130/><RYUUKYOKU type="yao9" ba="0,0" sc="234,0,266,0,250,0,250,0" hai3="0,10,16,34,56,71,74,83,105,111,113,114,125,130" /><INIT seed="1,1,0,2,2,80" ten="234,266,250,250" oya="1" hai0="92,45,21,49,38,47,19,135,62,102,44,130,103" hai1="120,78,34,119,58,94,133,85,9,66,127,29,98" hai2="22,60,52,31,28,32,30,37,13,89,117,116,96" hai3="59,75,14,46,64,111,88,128,53,11,132,108,56"/><U95/><E119/><V10/><F37/><W90/><G75/><T25/><D130/><U8/><E120/><V82/><F32/><W77/><G128/><T12/><D135/><U112/><E112/><V125/><F125/><W99/><G77/><T87/><D38/><U42/><E133/><V121/><F121/><W105/><G132/><T115/><D115/><U109/><E127/><V131/><F131/><W73/><G73/><T36/><D36/><U40/><E109/><N who="3" m="42058" /><G46/><N who="0" m="18027" /><D62/><N who="1" m="38231" /><E29/><V3/><F3/><W43/><G43/><N who="1" m="16426" /><E34/><V126/><F126/><W41/><G41/><N who="0" m="24815" /><D25/><U69/><E69/><V74/><F74/><W6/><G64/><T114/><D114/><U76/><E76/><V26/><F116/><W86/><G105/><T101/><D92/><N who="1" m="35371" /><E98/><V67/><F96/><W17/><G99/><T79/><D103/><U106/><E106/><V5/><F117/><W39/><G39/><T4/><D4/><U27/><E27/><V81/><F67/><W134/><G134/><T93/><D93/><U0/><E0/><V63/><F5/><W110/><G110/><T20/><D20/><U51/><E51/><V123/><F22/><W1/><G1/><T113/><D113/><U70/><E70/><V33/><F123/><W84/><G6/><T7/><D7/><U65/><E65/><V57/><F33/><W54/><G54/><T23/><D23/><U71/><E71/><V55/><F55/><W72/><G72/><T35/><D35/><U18/><E18/><V97/><F52/><W100/><G53/><T129/><D129/><U50/><E50/><V122/><F122/><RYUUKYOKU ba="1,0" sc="234,15,266,15,250,-15,250,-15" hai0="12,19,21,79,87,101,102" hai1="8,9,78,85" /><INIT seed="1,2,0,1,0,45" ten="249,281,235,235" oya="1" hai0="103,107,36,85,125,78,44,2,29,86,14,50,62" hai1="7,9,97,105,80,71,96,59,15,58,131,63,123" hai2="24,115,100,118,48,34,57,119,84,37,77,30,87" hai3="55,46,65,106,88,124,129,117,133,39,13,27,52"/><U90/><E131/><V56/><F37/><W41/><G129/><T5/><D2/><U49/><E123/><V53/><F115/><W28/><G124/><T42/><D125/><U81/><E71/><V60/><F100/><W3/><G3/><T6/><D29/><U73/><E105/><V10/><F10/><W128/><G128/><T40/><D107/><U95/><E73/><V121/><F121/><W38/><G38/><T69/><D103/><U108/><E108/><V92/><F77/><W31/><G133/><T79/><D36/><U21/><E97/><V113/><F113/><W54/><G106/><T20/><D42/><U47/><E21/><V91/><REACH who="2" step="1"/><F87/><REACH who="2" ten="249,281,225,235" step="2"/><W66/><G117/><T0/><D79/><U132/><E132/><V126/><F126/><W43/><G39/><T134/><D86/><U76/><E76/><V16/><F16/><W67/><G31/><T19/><D134/><U8/><E9/><V51/><F51/><W114/><G114/><T75/><D75/><U22/><E8/><V33/><F33/><W61/><G28/><T127/><D127/><U64/><E7/><V130/><F130/><W93/><G61/><T32/><D32/><U4/><E4/><N who="0" m="1641" /><D78/><U74/><E74/><V101/><F101/><W120/><G120/><T122/><D85/><U18/><E90/><V98/><F98/><W89/><G89/><T111/><D122/><U72/><E72/><V99/><F99/><W17/><G88/><T82/><D0/><U83/><E96/><V110/><F110/><W1/><G1/><T12/><D111/><U26/><E18/><RYUUKYOKU ba="2,1" sc="249,-10,281,-10,225,30,235,-10" hai2="24,30,34,48,53,56,57,60,84,91,92,118,119" /><INIT seed="2,3,1,1,0,104" ten="239,271,255,225" oya="2" hai0="36,76,129,40,18,4,20,52,58,131,49,113,23" hai1="84,39,132,133,134,85,135,115,71,74,75,107,73" hai2="34,6,106,21,55,83,127,119,7,48,121,81,112" hai3="126,43,98,68,99,120,38,88,1,89,13,92,61"/><V44/><F34/><W41/><G1/><T8/><D113/><U63/><E115/><V100/><F119/><W19/><G120/><T110/><D110/><U97/><E39/><V25/><F121/><W32/><G32/><T77/><D36/><U11/><E135/><V116/><F116/><W54/><G126/><T17/><D40/><U16/><E71/><V87/><F112/><W3/><G3/><T47/><D47/><U60/><E107/><V28/><F127/><W93/><G38/><T128/><D23/><U111/><E97/><V82/><F106/><W90/><G90/><T2/><REACH who="0" step="1"/><D18/><REACH who="0" ten="229,271,255,225" step="2"/><U103/><E111/><V123/><F123/><W14/><G14/><AGARI ba="3,2" hai="2,4,8,14,17,20,49,52,58,76,77,128,129,131" machi="14" ten="40,8000,1" yaku="1,1,2,1,19,1,54,1,53,0" doraHai="104" doraHaiUra="130" who="0" fromWho="3" sc="229,109,271,0,255,0,225,-89" /><INIT seed="3,0,0,0,4,47" ten="338,271,255,136" oya="3" hai0="79,120,113,38,90,84,129,132,35,111,9,121,117" hai1="114,54,116,75,105,42,55,15,100,11,89,95,70" hai2="12,74,3,21,93,85,50,18,112,43,73,39,48" hai3="78,99,72,62,130,4,5,51,8,119,108,40,26"/><W77/><G119/><T16/><D35/><U45/><E114/><V125/><F112/><W0/><G130/><T34/><D34/><U13/><E70/><V102/><F3/><W44/><G108/><T118/><D38/><U19/><E75/><V94/><F125/><W67/><G72/><T32/><D32/><U6/><E116/><V122/><F74/><W110/><G110/><T37/><D37/><U52/><E105/><V134/><F73/><W92/><G26/><T57/><D113/><U36/><E100/><V97/><F134/><W49/><G5/><T123/><D111/><U46/><E46/><N who="2" m="25695" /><F39/><W133/><G51/><T28/><D129/><U81/><E81/><V61/><F61/><W1/><G1/><T83/><D132/><U124/><E124/><V60/><F60/><W20/><G20/><T7/><D28/><U22/><REACH who="1" step="1"/><E55/><REACH who="1" ten="338,261,255,136" step="2"/><V31/><F122/><W53/><G53/><T24/><D118/><U59/><E59/><V66/><F66/><W63/><G133/><T91/><D117/><U131/><E131/><V135/><F135/><W14/><G0/><N who="0" m="231" /><D57/><U64/><E64/><V76/><F31/><W68/><REACH who="3" step="1"/><G63/><REACH who="3" ten="338,261,255,126" step="2"/><T80/><D123/><U86/><AGARI ba="0,2" hai="6,11,13,15,19,22,36,42,45,52,54,86,89,95" machi="86" ten="20,5200,0" yaku="1,1,0,1,7,1,54,1,53,0" doraHai="47" doraHaiUra="103" who="1" fromWho="1" sc="338,-13,261,72,255,-13,126,-26" owari="325,12.5,333,43.3,242,-15.8,100,-40.0" /></mjloggm>