<mjloggm ver="2.3"><GO type="225" lobby="0"/><UN n0="%E3%83%81%E3%83%83%E3%82%BF%E3%82%BD%E3%83%BC" n1="%E3%81%82%E3%82%93%E3%81%AA%E3%81%A4" n2="%E6%9C%88%E5%B3%B6%E5%9F%BA" n3="%E6%9D%B1%E9%A2%A8%E3%81%AE%E3%81%8D%E3%82%83%E3%81%B7%E3%81%95%E3%82%93" dan="16,17,17,16" rate="2174.09,2194.88,2203.92,2180.87" sx="F,M,M,M"/><TAIKYOKU oya="0"/><INIT seed="0,0,0,4,4,2" ten="250,250,250,250" oya="0" hai0="124,27,98,51,89,102,90,21,12,132,37,55,15" hai1="110,47,36,84,97,43,107,11,38,127,121,131,130" hai2="50,17,64,105,75,3,93,103,118,80,14,76,16" hai3="42,19,111,83,26,9,68,92,57,85,100,115,48"/><T114/><D114/><U77/><E121/><V52/><F3/><W20/><G68/><T35/><D124/><U6/><E127/><V120/><F120/><W112/><G111/><T1/><D132/><U117/><E117/><V134/><F134/><W40/><G115/><T39/><D1/><N who="1" m="463" /><E84/><N who="2" m="48135" /><F105/><W60/><G48/><T82/><D35/><U81/><E38/><V0/><F0/><W53/><G9/><T86/><D90/><U44/><E44/><N who="2" m="27719" /><F75/><W91/><REACH who="3" step="1"/><G112/><REACH who="3" ten="250,250,250,240" step="2"/><T33/><D37/><U106/><E110/><V49/><F118/><W72/><G72/><T79/><D39/><U58/><E36/><V34/><F34/><W119/><G119/><T10/><D10/><U99/><E130/><V30/><F49/><W122/><G122/><T74/><D74/><U46/><E131/><V61/><F30/><W108/><G108/><T73/><D73/><U41/><E43/><V24/><F24/><W125/><G125/><T31/><D51/><U54/><E41/><V62/><F14/><W45/><G45/><T28/><D12/><U13/><E46/><V133/><F133/><W129/><G129/><T87/><D15/><U23/><E47/><V123/><F123/><W135/><G135/><T128/><D128/><U65/><E13/><V67/><F62/><W96/><AGARI ba="0,1" hai="19,20,26,40,42,53,57,60,83,85,91,92,96,100" machi="96" ten="30,4000,0" yaku="1,1,0,1,8,1,53,0" doraHai="2" doraHaiUra="70" who="3" fromWho="3" sc="250,-20,250,-10,250,-10,240,50" /><INIT seed="1,0,0,5,3,19" ten="230,240,240,290" oya="1" hai0="135,51,72,112,4,77,40,78,67,126,93,79,20" hai1="96,62,119,107,87,32,69,52,49,128,30,64,10" hai2="66,60,13,91,28,99,82,24,46,0,43,117,113" hai3="71,124,81,132,111,127,26,5,16,14,84,90,120"/><U6/><E119/><V53/><F0/><W89/><G71/><T37/><D37/><U70/><E128/><V115/><F117/><W133/><G120/><T23/><D112/><N who="2" m="43082" /><F53/><W94/><G26/><T33/><D33/><U18/><E69/><N who="2" m="42183" /><F13/><W73/><G5/><T102/><D126/><N who="3" m="48169" /><G111/><T125/><D125/><U11/><E87/><N who="2" m="50679" /><F99/><N who="3" m="57807" /><G73/><T65/><D4/><U105/><E6/><V110/><F110/><W129/><G129/><T86/><D72/><U68/><E68/><V48/><F24/><W21/><AGARI ba="0,0" hai="14,16,21,81,84,90,132,133" m="57807,48169" machi="21" ten="30,4000,0" yaku="18,1,52,1,54,1" doraHai="19" who="3" fromWho="3" sc="230,-10,240,-20,240,-10,290,40" /><INIT seed="2,0,0,4,3,18" ten="220,220,230,330" oya="2" hai0="94,74,25,56,72,86,11,53,67,3,14,114,0" hai1="54,113,36,37,47,4,57,104,63,5,40,91,65" hai2="52,126,38,73,103,76,34,117,129,118,112,60,44" hai3="119,92,42,120,50,61,8,101,23,16,68,85,115"/><V24/><F112/><W135/><G135/><T105/><D105/><U133/><E104/><V79/><F103/><W49/><G120/><T116/><D116/><U39/><E113/><V30/><F126/><W93/><G119/><T21/><D114/><U75/><E75/><V26/><F129/><W77/><G8/><T51/><D67/><U97/><E133/><V22/><F79/><W111/><G111/><T78/><D72/><U33/><E33/><V125/><F38/><W99/><G115/><T102/><D74/><U124/><E124/><V84/><F73/><W71/><G71/><T46/><D56/><U96/><E37/><V87/><F87/><W58/><G68/><T28/><D102/><U110/><E39/><V132/><F132/><W64/><G42/><T32/><D32/><U62/><E110/><V2/><F2/><W122/><G122/><T69/><D69/><U98/><REACH who="1" step="1"/><E91/><REACH who="1" ten="220,210,230,330" step="2"/><V70/><F125/><W127/><G127/><T106/><D106/><U80/><E80/><V19/><F117/><W9/><G77/><T83/><REACH who="0" step="1"/><D94/><REACH who="0" ten="210,210,230,330" step="2"/><U59/><AGARI ba="0,2" hai="4,5,36,40,47,54,57,59,62,63,65,96,97,98" machi="59" ten="30,7900,0" yaku="1,1,0,1,53,2" doraHai="18" doraHaiUra="1" who="1" fromWho="1" sc="210,-20,210,99,230,-39,330,-20" /><INIT seed="3,0,0,5,3,132" ten="190,309,191,310" oya="3" hai0="118,74,91,131,114,133,89,25,64,37,21,57,41" hai1="42,30,112,59,87,115,33,119,83,38,82,79,31" hai2="35,54,45,34,66,24,56,135,51,40,16,11,27" hai3="99,60,20,76,68,15,111,80,48,90,32,69,94"/><W130/><G32/><T58/><D118/><U46/><E119/><V6/><F135/><W29/><G48/><T103/><D133/><U1/><E1/><V10/><F35/><W78/><G78/><T72/><D114/><U71/><E71/><V8/><F34/><W81/><G81/><T105/><D131/><U55/><E83/><V96/><F66/><W73/><G130/><T22/><D37/><U102/><E102/><V65/><F65/><W117/><G117/><T126/><D64/><U13/><E13/><N who="2" m="5271" /><F96/><W61/><G111/><T12/><D41/><U50/><REACH who="1" step="1"/><E33/><REACH who="1" ten="190,299,191,310" step="2"/><V52/><F40/><W77/><G69/><T2/><D2/><U128/><E128/><V104/><F104/><W120/><G120/><T19/><D105/><U124/><E124/><V97/><F27/><W70/><G70/><T18/><D103/><U44/><E44/><V123/><F123/><W85/><G68/><T86/><D126/><U75/><E75/><V28/><F45/><W84/><G73/><T5/><D74/><U101/><E101/><V47/><F47/><W88/><G76/><T92/><D72/><U9/><E9/><V125/><F125/><W127/><G127/><T93/><REACH who="0" step="1"/><D5/><REACH who="0" ten="180,299,191,310" step="2"/><U67/><E67/><V129/><F129/><W106/><G106/><T108/><D108/><U98/><E98/><AGARI ba="0,2" hai="12,18,19,21,22,25,57,58,86,89,91,92,93,98" machi="98" ten="30,3900,0" yaku="1,1,7,1,8,1,53,0" doraHai="132" doraHaiUra="113" who="0" fromWho="1" sc="180,59,299,-39,191,0,310,0" owari="239,-16.1,260,6.0,191,-30.9,310,41.0" /></mjloggm>