<mjloggm ver="2.3"><GO type="225" lobby="0"/><UN n0="%E6%98%93%E5%88%A9%E8%96%A9%E4%BC%AF" n1="%73%73%6B%5F%66%72%65%65" n2="%E6%B7%91%E5%A5%B3%E3%81%AE%E5%97%9C%E3%81%BF" n3="%6E%69%63%6F%6E%74%6F" dan="17,16,16,16" rate="2167.88,2150.18,2109.90,2132.08" sx="F,M,M,M"/><TAIKYOKU oya="0"/><INIT seed="0,0,0,3,0,78" ten="250,250,250,250" oya="0" hai0="132,121,53,68,27,89,134,128,26,96,119,50,24" hai1="98,64,57,72,22,125,43,19,126,120,116,23,49" hai2="7,80,90,5,106,3,87,110,34,129,61,79,14" hai3="103,16,62,82,74,75,65,4,104,124,84,32,91"/><T130/><D119/><U37/><E116/><V69/><F34/><W21/><G124/><N who="1" m="47722" /><E120/><V66/><F110/><W85/><G32/><T118/><D118/><U63/><E72/><V122/><F122/><W135/><G135/><N who="0" m="51755" /><D68/><U71/><E98/><V73/><F129/><N who="0" m="49770" /><D121/><U108/><E108/><V28/><F3/><W117/><G4/><T0/><D0/><U102/><E102/><V44/><F106/><W60/><G103/><T99/><D89/><U52/><E19/><V15/><F44/><AGARI ba="0,0" hai="24,26,27,44,50,53,96,99" m="49770,51755" machi="44" ten="40,3900,0" yaku="20,1,19,1" doraHai="78" who="0" fromWho="2" sc="250,39,250,0,250,-39,250,0" /><AGARI ba="0,0" hai="22,23,37,43,44,49,52,57,63,64,71" m="47722" machi="44" ten="30,3900,0" yaku="24,1,18,1,54,1" doraHai="78" who="1" fromWho="2" sc="289,0,250,39,211,-39,250,0" /><INIT seed="0,1,0,5,2,50" ten="289,289,172,250" oya="0" hai0="59,32,129,48,25,13,108,64,8,63,38,104,35" hai1="17,78,71,109,10,30,81,134,93,92,27,133,125" hai2="24,82,73,84,70,111,74,135,83,19,88,80,60" hai3="44,96,62,11,58,65,51,29,112,120,90,9,124"/><T43/><D104/><U102/><E71/><V53/><F111/><W47/><G112/><T1/><D1/><U26/><E109/><V121/><F121/><W52/><G124/><T0/><D0/><U5/><E125/><V14/><F135/><N who="1" m="51721" /><E102/><V94/><F24/><N who="1" m="9257" /><E17/><V110/><F110/><W97/><G120/><T116/><D38/><U49/><E49/><V91/><F91/><W31/><G47/><T39/><D39/><U118/><E30/><N who="3" m="11274" /><G90/><T98/><D108/><U99/><E99/><AGARI ba="1,0" hai="9,11,44,51,52,58,62,65,96,97,99" m="11274" machi="99" ten="30,3900,0" yaku="8,1,52,1,54,1" doraHai="50" who="3" fromWho="1" sc="289,0,289,-42,172,0,250,42" /><INIT seed="1,0,0,2,4,97" ten="289,247,172,292" oya="1" hai0="123,22,11,92,25,88,56,108,35,91,112,120,50" hai1="29,65,51,100,94,75,53,23,129,131,46,107,73" hai2="121,21,2,64,13,18,58,27,96,19,40,71,128" hai3="119,70,61,20,76,38,134,7,93,133,62,95,106"/><U0/><E107/><V125/><F121/><N who="0" m="46666" /><D108/><U54/><E0/><V101/><F125/><W111/><G111/><T26/><D112/><U33/><E33/><V109/><F109/><W37/><G106/><T78/><D78/><U82/><E65/><V103/><F2/><W63/><G70/><T42/><D11/><U55/><E82/><V117/><F117/><W135/><G119/><T118/><D118/><U31/><E75/><V79/><F128/><N who="1" m="49225" /><E73/><V3/><F3/><W74/><G7/><T36/><D35/><U10/><E10/><N who="2" m="6455" /><F71/><W34/><G34/><T132/><D22/><U1/><E1/><V85/><F40/><W52/><G20/><T86/><D132/><U16/><E29/><V83/><F96/><W81/><G52/><N who="1" m="20074" /><E31/><V84/><F84/><W89/><G89/><T126/><D91/><U80/><E80/><V130/><F130/><W24/><G24/><T17/><D26/><N who="1" m="14695" /><E94/><AGARI ba="0,0" hai="37,38,61,62,63,74,76,81,93,94,95,133,134,135" machi="94" ten="50,1600,0" yaku="20,1" doraHai="97" who="3" fromWho="1" sc="289,0,247,-16,172,0,292,16" /><INIT seed="2,0,0,0,1,59" ten="289,231,172,308" oya="2" hai0="89,92,125,41,101,1,124,95,82,8,97,6,35" hai1="94,96,93,5,28,21,31,50,25,64,29,127,15" hai2="58,12,116,53,129,0,103,14,134,121,68,75,9" hai3="38,109,87,71,39,36,3,118,115,86,90,88,122"/><V66/><F116/><W20/><G118/><T69/><D35/><U23/><E127/><N who="0" m="48713" /><D41/><U110/><E110/><V10/><F121/><W30/><G122/><T132/><D132/><U62/><E50/><V70/><F134/><W131/><G3/><T45/><D45/><U44/><E44/><V104/><F75/><W47/><G71/><T48/><D48/><U24/><E31/><V80/><F129/><W84/><G109/><T46/><D46/><U107/><E107/><V32/><F32/><W85/><G131/><T76/><D69/><U27/><E96/><V63/><F80/><W83/><G115/><T2/><D2/><U22/><E27/><V123/><F123/><W135/><G135/><T126/><D126/><U51/><E51/><V120/><F120/><W57/><G57/><T128/><D128/><U16/><E5/><V73/><F73/><W18/><G30/><T56/><D56/><AGARI ba="0,0" hai="15,16,21,22,23,24,25,28,29,56,62,64,93,94" machi="56" ten="30,8000,1" yaku="7,1,9,1,8,1,52,1,54,1" doraHai="59" who="1" fromWho="0" sc="289,-80,231,80,172,0,308,0" /><INIT seed="3,0,0,4,5,99" ten="209,311,172,308" oya="3" hai0="78,124,43,9,24,126,41,120,90,85,75,40,135" hai1="93,107,46,25,11,123,134,44,32,62,64,13,130" hai2="57,108,27,56,82,28,14,105,30,133,114,59,37" hai3="6,38,15,63,54,129,55,95,21,132,61,88,121"/><W71/><G121/><T96/><D120/><U100/><E130/><V60/><F114/><W106/><G106/><T33/><D135/><U79/><E79/><V74/><F133/><W116/><G116/><T131/><D131/><U34/><E34/><V103/><F37/><W80/><G129/><T84/><D9/><U122/><E93/><V70/><F108/><W76/><G132/><T2/><D2/><U51/><E46/><V4/><F74/><W77/><G38/><T83/><D96/><N who="1" m="61831" /><E13/><V67/><F82/><W97/><G71/><T29/><D90/><U23/><E23/><V66/><F66/><W36/><G36/><T16/><D16/><U98/><E98/><V117/><F117/><W87/><G77/><T65/><D65/><U45/><E11/><V69/><F69/><W48/><G55/><T81/><D81/><U72/><E72/><V10/><REACH who="2" step="1"/><F27/><REACH who="2" ten="209,311,162,308" step="2"/><W119/><G119/><T58/><D75/><U1/><E134/><V50/><F50/><W101/><G76/><T20/><D83/><U68/><E123/><V52/><F52/><W113/><G113/><T127/><D78/><U89/><E122/><V53/><F53/><W104/><G80/><T112/><D112/><U19/><E51/><V26/><F26/><W8/><G21/><T94/><D20/><N who="1" m="13471" /><E32/><V49/><F49/><W86/><G86/><T109/><D109/><U18/><E68/><V0/><F0/><W35/><G35/><T42/><D42/><U115/><E115/><V128/><F128/><W31/><G31/><T125/><N who="0" m="31744" /><DORA hai="110" /><T5/><D41/><U22/><E22/><RYUUKYOKU ba="0,1" sc="209,-15,311,-15,162,15,308,15" hai2="4,10,14,28,30,56,57,59,60,67,70,103,105" hai3="6,8,15,48,54,61,63,87,88,95,97,101,104" owari="194,-20.6,296,9.6,177,-32.3,333,43.3" /></mjloggm>