<mjloggm ver="2.3"><GO type="225" lobby="0"/><UN n0="%E3%81%99%E3%81%84%E3%81%BE%E3%81%9B%E3%83%BC%E3%82%93" n1="%72%61%6B%33" n2="%E3%82%A2%E3%83%9E%E3%83%9D%EF%BD%9E%EF%BD%9E%E3%83%A9" n3="%E6%81%A5%E6%99%92%E3%81%97" dan="18,16,17,16" rate="2230.22,2085.31,2075.99,2096.83" sx="M,M,M,M"/><TAIKYOKU oya="0"/><INIT seed="0,0,0,3,4,95" ten="250,250,250,250" oya="0" hai0="43,45,5,36,123,99,47,8,73,7,9,93,39" hai1="52,55,62,80,56,59,17,66,53,106,96,64,112" hai2="132,51,65,0,131,40,94,54,28,116,35,117,135" hai3="44,130,1,102,127,103,25,101,90,68,6,2,30"/><T114/><D114/><U12/><E112/><V97/><F0/><W15/><G127/><T21/><D73/><U69/><E80/><V91/><F65/><W86/><G130/><T63/><D123/><U50/><E69/><V48/><F131/><W115/><G115/><T98/><D21/><U27/><E27/><N who="2" m="18847" /><F40/><W49/><G68/><T58/><D93/><U122/><E122/><V113/><F48/><W42/><G15/><T120/><D120/><U121/><E121/><V109/><F109/><W11/><G2/><T134/><D134/><N who="2" m="51242" /><F113/><W16/><G30/><T125/><D125/><U24/><E24/><V78/><F78/><W81/><REACH who="3" step="1"/><G103/><REACH who="3" ten="250,250,250,240" step="2"/><T13/><D13/><U14/><E14/><V105/><F105/><W19/><G19/><T3/><D3/><U79/><E106/><V74/><F74/><W33/><G33/><T72/><D72/><U61/><E12/><V75/><F75/><W67/><G67/><T71/><D71/><U70/><E17/><V10/><F10/><W88/><G88/><T18/><D18/><U85/><E79/><V37/><F37/><W100/><G100/><T118/><D36/><U111/><E66/><V32/><F32/><W60/><G60/><T124/><D124/><U77/><E62/><V110/><F110/><W57/><G57/><AGARI ba="0,1" hai="51,54,57,91,94,97,116,117" m="51242,18847" machi="57" ten="30,2000,0" yaku="20,1,52,1" doraHai="95" who="2" fromWho="3" sc="250,0,250,0,250,30,240,-20" /><INIT seed="1,0,0,1,2,23" ten="250,250,280,220" oya="1" hai0="59,81,105,29,93,96,37,20,36,124,94,15,22" hai1="128,71,75,115,101,49,11,25,82,2,91,42,30" hai2="64,50,131,88,97,98,77,13,120,12,70,8,116" hai3="61,89,117,132,55,52,73,40,74,106,111,34,135"/><U112/><E128/><V90/><F120/><W103/><G117/><T21/><D124/><U17/><E71/><V104/><F116/><W46/><G111/><T4/><D81/><U35/><E101/><V130/><F77/><W24/><G89/><N who="2" m="34409" /><F104/><W95/><G106/><T68/><D68/><U48/><E75/><N who="3" m="28682" /><G95/><T102/><D29/><U19/><E115/><V53/><F64/><W9/><G9/><T56/><D37/><U86/><E112/><V51/><F13/><W31/><G61/><T0/><D36/><U44/><REACH who="1" step="1"/><E49/><REACH who="1" ten="250,240,280,220" step="2"/><V122/><F70/><W58/><G103/><T47/><D102/><U65/><E65/><V43/><F51/><N who="3" m="27079" /><G58/><T126/><D59/><U18/><E18/><V79/><F50/><W87/><G87/><T134/><D56/><U110/><E110/><V41/><F131/><W108/><G108/><T92/><D105/><U54/><E54/><V66/><F53/><W38/><G38/><T118/><D118/><U14/><E14/><V119/><F66/><W16/><G16/><T10/><D15/><U129/><E129/><V72/><F119/><W60/><G60/><T107/><D107/><U114/><E114/><V39/><F130/><W67/><G67/><T121/><D47/><U133/><E133/><AGARI ba="0,1" hai="24,31,34,52,55,132,133,135" m="27079,28682" machi="133" ten="30,3900,0" yaku="20,1,52,1,54,1" doraHai="23" who="3" fromWho="1" sc="250,0,240,-39,280,0,220,49" /><INIT seed="2,0,0,0,0,23" ten="250,201,280,269" oya="2" hai0="96,103,83,9,21,31,16,79,86,123,132,6,24" hai1="130,85,105,117,114,116,78,10,7,122,33,51,5" hai2="60,126,14,72,37,20,106,77,18,120,108,26,55" hai3="113,121,17,93,98,65,115,112,46,42,36,63,32"/><V39/><F120/><W80/><G121/><T28/><D123/><U56/><E122/><RYUUKYOKU type="kaze4" ba="0,0" sc="250,0,201,0,280,0,269,0" /><INIT seed="2,1,0,0,1,110" ten="250,201,280,269" oya="2" hai0="101,61,42,118,53,22,43,105,5,36,60,115,97" hai1="107,17,76,108,10,49,70,95,40,78,86,58,0" hai2="71,20,56,62,66,68,8,83,93,30,48,73,103" hai3="24,46,119,128,51,125,26,11,38,122,96,64,12"/><V34/><F34/><W52/><G119/><T94/><D115/><U15/><E70/><V104/><F104/><W102/><G122/><T112/><D112/><U75/><E107/><V88/><F103/><W89/><G128/><T3/><D118/><U120/><E108/><V85/><F8/><W133/><G125/><T23/><D105/><U50/><E120/><V91/><F73/><W59/><G89/><T135/><D135/><U41/><E0/><V98/><REACH who="2" step="1"/><F48/><REACH who="2" ten="250,201,270,269" step="2"/><W116/><G116/><T82/><D101/><U87/><E75/><V35/><F35/><W74/><G74/><T127/><D127/><U29/><E50/><V19/><F19/><W134/><G133/><T39/><D39/><U55/><E29/><V21/><F21/><W44/><G134/><T111/><D23/><U33/><E33/><V28/><F28/><W130/><G38/><T69/><D22/><U27/><E10/><V123/><F123/><W2/><G102/><T45/><D111/><U81/><E17/><V126/><F126/><W80/><G51/><T100/><D100/><U79/><E49/><V129/><F129/><W6/><G11/><T121/><D121/><U124/><E124/><V109/><F109/><W84/><G2/><T4/><D3/><U25/><E41/><V131/><F131/><W114/><G130/><T31/><D31/><U57/><E40/><V18/><F18/><W65/><G114/><T132/><D132/><U63/><E27/><AGARI ba="1,1" hai="20,27,30,56,62,66,68,71,83,85,88,91,93,98" machi="27" ten="40,3900,0" yaku="1,1,54,1,53,0" doraHai="110" doraHaiUra="13" who="2" fromWho="1" sc="250,0,201,-42,270,52,269,0" /><INIT seed="2,2,0,0,3,44" ten="250,159,322,269" oya="2" hai0="77,26,38,71,24,46,94,109,91,15,74,110,131" hai1="78,128,49,52,12,102,37,115,3,130,70,106,97" hai2="2,56,5,104,116,19,98,41,58,29,123,50,54" hai3="122,40,92,68,45,90,63,57,61,22,83,39,95"/><V112/><F112/><W33/><G122/><T42/><D131/><N who="1" m="50219" /><E115/><V99/><F116/><W31/><G33/><T43/><D71/><U35/><E70/><V4/><F2/><W14/><G68/><T127/><D127/><U119/><E3/><V135/><F29/><W85/><G63/><T121/><D43/><U72/><E119/><V36/><F104/><W7/><G31/><T67/><D67/><U105/><E37/><V75/><F75/><W6/><G22/><T1/><D1/><U88/><E35/><V126/><F41/><W10/><REACH who="3" step="1"/><G6/><REACH who="3" ten="250,159,322,259" step="2"/><T118/><D121/><U101/><E105/><V27/><F4/><W69/><G69/><T65/><D118/><U124/><E124/><V64/><F5/><W86/><G86/><T66/><D66/><AGARI ba="2,1" hai="7,10,14,39,40,45,57,61,66,83,85,90,92,95" machi="66" ten="30,2000,0" yaku="1,1,7,1,53,0" doraHai="44" doraHaiUra="48" who="3" fromWho="0" sc="250,-26,159,0,322,0,259,36" /><INIT seed="3,0,0,2,0,12" ten="224,159,322,295" oya="3" hai0="108,82,29,23,38,34,25,113,24,50,122,58,19" hai1="123,94,55,89,53,70,124,100,41,48,31,105,13" hai2="132,107,56,85,135,84,32,96,7,68,63,65,62" hai3="44,18,30,126,72,95,91,125,40,101,83,49,57"/><W90/><G30/><T111/><D122/><U26/><E123/><V66/><F32/><W28/><G28/><T129/><D38/><U33/><E124/><N who="3" m="47722" /><G57/><T77/><D129/><U75/><E75/><V98/><F7/><W128/><G128/><T78/><D113/><U67/><E41/><V88/><F107/><W14/><G101/><T46/><D58/><U121/><E121/><V47/><F47/><W104/><G104/><T86/><REACH who="0" step="1"/><D78/><REACH who="0" ten="214,159,322,295" step="2"/><U133/><E133/><V106/><F56/><W36/><G36/><T115/><D115/><U54/><E48/><V99/><F135/><W103/><G103/><T2/><D2/><U92/><E89/><V81/><F132/><W0/><G0/><T42/><AGARI ba="0,1" hai="19,23,24,25,29,34,42,46,50,77,82,86,108,111" machi="42" ten="30,4000,0" yaku="1,1,0,1,52,1,53,0" doraHai="12" doraHaiUra="112" who="0" fromWho="0" sc="214,50,159,-10,322,-10,295,-20" owari="264,-13.6,149,-35.1,312,41.2,275,7.5" /></mjloggm>