<mjloggm ver="2.3"><GO type="225" lobby="0"/><UN n0="%E6%81%A5%E6%99%92%E3%81%97" n1="%E3%83%A9%E3%82%B9%E7%8E%87%EF%BC%93%E5%89%B2" n2="%E7%89%B9%E6%9D%B1%E3%81%AF%E4%B8%96%E7%95%8C%E3%82%92%E6%95%91%E3%81%86" n3="%E6%98%93%E5%88%A9%E8%96%A9%E4%BC%AF" dan="17,16,16,17" rate="2198.21,2171.88,2156.45,2193.67" sx="M,F,M,F"/><TAIKYOKU oya="0"/><INIT seed="0,0,0,3,4,100" ten="250,250,250,250" oya="0" hai0="113,118,22,126,51,39,97,105,106,30,65,36,74" hai1="33,60,110,134,83,58,8,29,31,108,28,21,40" hai2="20,9,135,102,85,42,109,77,78,0,27,59,95" hai3="114,15,70,80,61,7,124,73,26,128,13,96,63"/><T3/><D118/><U43/><E33/><V68/><F68/><W81/><G114/><T131/><D113/><U49/><E134/><V116/><F135/><W107/><G128/><T121/><D121/><U72/><E8/><V67/><F116/><W46/><G26/><N who="0" m="16727" /><D74/><U56/><E21/><V18/><F109/><N who="1" m="42089" /><E49/><V69/><F69/><W1/><G1/><T91/><D3/><U86/><E72/><V89/><F42/><N who="1" m="15913" /><E60/><V92/><F0/><W37/><G37/><T45/><D65/><U93/><E93/><V66/><F9/><W4/><G73/><T25/><D36/><U57/><E86/><V111/><F111/><W55/><G61/><T79/><D39/><U2/><E2/><V16/><F18/><W129/><G63/><T112/><D112/><U41/><N who="1" m="15921" /><U104/><DORA hai="122" /><E83/><V88/><F102/><W120/><G81/><T115/><D51/><U54/><E54/><V17/><F17/><W53/><G80/><T127/><D115/><U6/><E6/><V82/><F82/><W11/><G4/><T75/><D75/><U19/><E19/><V52/><F66/><W24/><G7/><T32/><D32/><U35/><E35/><V98/><F67/><W71/><G55/><T5/><D5/><U84/><E84/><V133/><F133/><W62/><G53/><T47/><D79/><U90/><E90/><V14/><F14/><W125/><G15/><T94/><D25/><U119/><E119/><V87/><F87/><W12/><G24/><T101/><D91/><U48/><E48/><AGARI ba="0,0" hai="16,20,27,48,52,59,77,78,85,88,89,92,95,98" machi="48" ten="30,8000,1" yaku="7,1,8,1,54,3" doraHai="100,122" who="2" fromWho="1" sc="250,0,250,-80,250,80,250,0" /><INIT seed="1,0,0,2,2,107" ten="250,170,330,250" oya="1" hai0="108,112,82,45,85,14,76,9,38,135,30,61,48" hai1="11,54,53,22,47,127,78,125,24,88,33,103,63" hai2="132,16,49,59,29,5,96,123,32,95,12,62,134" hai3="101,109,7,128,105,27,56,34,20,43,26,70,122"/><U39/><E33/><V50/><F123/><W35/><G70/><T28/><D112/><U99/><E11/><V117/><F117/><W94/><G105/><T6/><D108/><U55/><E63/><V130/><F5/><W15/><G128/><T110/><D110/><U118/><E118/><V58/><F130/><W19/><G43/><T113/><D135/><N who="2" m="51754" /><F29/><W18/><G7/><T111/><D113/><U91/><E78/><V57/><F32/><W100/><G122/><T77/><D38/><U66/><E66/><V121/><F62/><W31/><G109/><T74/><D111/><U60/><E60/><V90/><F121/><W97/><G56/><T25/><D61/><U73/><E47/><V52/><F49/><W65/><G65/><T51/><D51/><U41/><E41/><V104/><F104/><W40/><G40/><N who="0" m="24615" /><D25/><U80/><E39/><V3/><F3/><W23/><G35/><T93/><D93/><N who="1" m="58863" /><E80/><AGARI ba="0,0" hai="6,9,14,28,30,74,76,77,80,82,85" m="24615" machi="80" ten="30,2000,0" yaku="25,1,52,1" doraHai="107" who="0" fromWho="1" sc="250,20,170,-20,330,0,250,0" /><INIT seed="2,0,0,4,2,130" ten="270,150,330,250" oya="2" hai0="53,12,20,131,57,36,63,121,11,86,46,105,91" hai1="83,37,75,18,30,117,38,50,5,42,45,48,92" hai2="89,41,25,58,110,129,24,90,70,51,21,78,73" hai3="9,6,80,120,77,26,116,17,102,56,115,4,7"/><V85/><F70/><W39/><G116/><T94/><D131/><U118/><E30/><V64/><F129/><W96/><G39/><T132/><D132/><U124/><E92/><V60/><F73/><W134/><G120/><T128/><D121/><U2/><E124/><V61/><F61/><W66/><G134/><T82/><D105/><U29/><E29/><V108/><F78/><W95/><G115/><T8/><D36/><U31/><E31/><N who="2" m="17807" /><F25/><W0/><G17/><T33/><D33/><U16/><E5/><V19/><F19/><W35/><G26/><T100/><D128/><U27/><E27/><V10/><F10/><W106/><G35/><T55/><D20/><U88/><E75/><V101/><F101/><W34/><G34/><T44/><D55/><U65/><E65/><V1/><F1/><W74/><G106/><T52/><D8/><U69/><E69/><V3/><F3/><W103/><G103/><T104/><D104/><U47/><E2/><V22/><F22/><W123/><G123/><T135/><D135/><U122/><E122/><V126/><F126/><W99/><G99/><N who="0" m="59511" /><D53/><U72/><E72/><V84/><F41/><W68/><G68/><T107/><D107/><U79/><E42/><V13/><F13/><W76/><G76/><T40/><D40/><U71/><E71/><V43/><F43/><W28/><G28/><T59/><D57/><U15/><E79/><V67/><F67/><W62/><AGARI ba="0,0" hai="0,4,6,7,9,56,62,66,74,77,80,95,96,102" machi="62" ten="30,1100,0" yaku="0,1" doraHai="130" who="3" fromWho="3" sc="270,-3,150,-3,330,-5,250,11" /><INIT seed="3,0,0,4,1,112" ten="267,147,325,261" oya="3" hai0="52,88,114,135,133,44,61,126,87,79,69,59,91" hai1="115,24,113,48,131,81,35,127,94,80,18,46,101" hai2="97,75,116,16,64,125,9,60,10,122,45,118,108" hai3="96,20,2,72,109,103,130,78,21,1,36,66,83"/><W7/><G130/><T95/><D114/><U22/><E131/><V17/><F75/><W30/><G109/><T4/><D69/><U68/><E68/><V82/><F82/><W6/><G36/><T51/><D126/><U120/><E35/><V29/><F29/><W49/><G66/><T74/><D74/><U93/><E120/><V14/><F125/><W121/><G49/><T41/><D79/><U3/><E3/><V73/><F73/><W132/><G132/><N who="0" m="50763" /><D91/><U39/><E39/><V38/><F108/><W111/><G111/><T58/><D58/><U43/><E127/><V84/><F84/><W37/><G121/><T53/><D4/><U104/><E104/><V23/><F97/><W5/><G21/><T85/><D85/><U89/><E115/><V11/><F17/><W90/><G90/><T65/><AGARI ba="0,0" hai="41,44,51,52,53,59,61,65,87,88,95" m="50763" machi="65" ten="30,4000,0" yaku="20,1,54,2" doraHai="112" who="0" fromWho="0" sc="267,40,147,-10,325,-10,261,-20" owari="307,10.7,137,-36.3,315,41.5,241,-15.9" /></mjloggm>