<mjloggm ver="2.3"><GO type="225" lobby="0"/><UN n0="%E5%B0%8F%E5%AE%AE%E3%81%9F%E3%81%9A%E3%81%8D" n1="%E6%81%A5%E6%99%92%E3%81%97" n2="%E6%98%93%E5%88%A9%E8%96%A9%E4%BC%AF" n3="%E3%83%81%E3%83%83%E3%82%BF%E3%82%BD%E3%83%BC" dan="16,16,17,16" rate="2145.87,2159.25,2200.13,2174.60" sx="F,M,F,F"/><TAIKYOKU oya="0"/><INIT seed="0,0,0,1,3,24" ten="250,250,250,250" oya="0" hai0="103,100,21,110,134,113,135,82,74,37,23,10,40" hai1="72,15,52,14,98,131,44,30,39,26,47,129,61" hai2="76,81,17,95,19,58,25,89,84,104,121,62,42" hai3="112,97,92,8,53,55,107,2,133,45,114,73,99"/><T33/><D33/><U59/><E72/><V46/><F104/><W126/><G133/><N who="0" m="50699" /><D113/><U87/><E87/><V1/><F1/><W119/><G119/><T65/><D110/><U123/><E123/><V91/><F121/><W130/><G126/><T51/><D37/><U86/><E86/><V5/><F5/><W3/><G73/><T118/><D118/><U122/><E98/><V78/><F78/><W67/><G107/><T7/><D65/><U56/><E56/><V88/><F95/><W83/><G83/><T0/><D40/><U50/><E39/><V117/><F117/><W27/><G67/><T94/><D51/><U77/><E77/><V70/><F70/><W85/><G85/><T6/><D6/><U108/><E47/><V48/><REACH who="2" step="1"/><F25/><REACH who="2" ten="250,250,240,250" step="2"/><W64/><G92/><T54/><D94/><U18/><E122/><V116/><F116/><W90/><G3/><T69/><D69/><U101/><E108/><V75/><F75/><W9/><G2/><T60/><D74/><U124/><E124/><V12/><F12/><W13/><G13/><T28/><D82/><U41/><E101/><V79/><F79/><W20/><G112/><T49/><D103/><U43/><E14/><V57/><F57/><W31/><G114/><T132/><D100/><U22/><REACH who="1" step="1"/><E41/><REACH who="1" ten="250,240,240,250" step="2"/><V109/><F109/><W29/><G90/><T71/><D132/><U16/><E16/><V128/><F128/><W34/><G27/><T80/><D71/><U127/><E127/><V68/><F68/><W106/><G106/><T38/><D0/><U4/><E4/><V111/><F111/><RYUUKYOKU ba="0,2" sc="250,-15,240,15,240,15,250,-15" hai1="15,18,22,26,30,43,44,50,52,59,61,129,131" hai2="17,19,42,46,48,58,62,76,81,84,88,89,91" /><INIT seed="1,1,2,2,5,55" ten="235,255,255,235" oya="1" hai0="29,79,63,83,129,47,4,130,46,16,92,134,31" hai1="37,33,122,45,118,96,128,135,27,120,119,77,9" hai2="72,94,124,21,110,10,64,3,36,69,60,111,95" hai3="103,39,17,71,112,106,25,7,88,34,62,107,125"/><U49/><E37/><V131/><F36/><W132/><G112/><T28/><D134/><U90/><E135/><V109/><F131/><N who="0" m="50186" /><D4/><U35/><E128/><V51/><F72/><W86/><G39/><T89/><D63/><U22/><E77/><V68/><F124/><W116/><G132/><T43/><D43/><U53/><E9/><V26/><F68/><W66/><G125/><T104/><D104/><U42/><E118/><V15/><F51/><W80/><G7/><T81/><D16/><U97/><E119/><V100/><F100/><W40/><G40/><T102/><D102/><U56/><E120/><V18/><REACH who="2" step="1"/><F3/><REACH who="2" ten="235,255,245,235" step="2"/><W121/><G121/><T99/><D81/><U115/><E122/><V52/><F52/><W85/><G116/><T13/><D13/><U57/><E53/><V50/><F50/><W48/><G48/><T93/><D93/><U73/><E73/><AGARI ba="1,3" hai="28,29,31,46,47,73,79,83,89,92,99" m="50186" machi="73" ten="30,1000,0" yaku="19,1" doraHai="55" who="0" fromWho="1" sc="235,43,255,-13,245,0,235,0" /><INIT seed="2,0,0,3,5,105" ten="278,242,245,235" oya="2" hai0="11,124,109,87,114,98,69,10,129,95,97,19,111" hai1="35,119,101,107,74,102,70,56,25,6,118,91,122" hai2="24,45,33,53,40,57,22,58,64,34,61,134,27" hai3="72,92,78,63,16,100,123,86,120,12,104,73,18"/><V103/><F134/><W128/><G63/><T44/><D114/><U112/><E70/><V59/><F103/><W132/><G132/><T2/><D69/><U81/><E6/><V93/><F93/><W126/><G126/><T133/><D133/><U21/><E35/><V94/><F94/><W106/><G12/><T41/><D87/><U1/><E1/><V88/><F27/><W135/><G135/><T75/><D75/><N who="3" m="28745" /><G16/><T26/><D98/><U110/><E112/><V131/><F131/><W23/><G18/><T52/><D129/><U9/><E110/><V125/><F125/><W62/><G62/><T48/><D41/><U117/><E9/><V89/><F34/><W79/><G23/><N who="0" m="13695" /><D2/><U20/><E20/><V51/><F33/><W71/><G71/><T67/><D67/><U31/><E107/><N who="3" m="41002" /><G128/><T121/><D124/><U85/><E56/><N who="2" m="21611" /><F64/><W7/><G7/><T99/><D111/><U50/><E117/><V90/><F90/><N who="3" m="53335" /><G100/><T77/><D44/><U82/><E101/><V32/><F32/><W60/><G60/><T130/><D11/><U4/><E102/><V15/><F15/><W42/><G42/><T36/><D10/><U0/><E118/><V65/><F65/><W54/><G54/><T46/><D52/><U84/><E119/><V68/><F68/><W96/><G96/><T39/><D99/><U37/><E4/><V55/><F53/><W8/><G8/><T14/><D130/><U113/><E0/><V83/><F22/><W76/><AGARI ba="0,0" hai="76,78,79,120,123" m="53335,41002,28745" machi="76" ten="40,8000,1" yaku="34,2,52,3" doraHai="105" who="3" fromWho="3" sc="278,-20,242,-20,245,-40,235,80" /><INIT seed="3,0,0,3,4,15" ten="258,222,205,315" oya="3" hai0="128,1,105,76,77,89,64,25,108,12,123,114,59" hai1="113,43,72,27,11,84,117,121,52,9,10,23,80" hai2="78,86,109,96,50,103,13,131,63,41,124,22,88" hai3="94,29,120,69,57,28,32,46,115,110,51,39,132"/><W35/><G115/><T100/><D1/><U49/><E121/><V19/><F109/><W18/><G120/><T33/><D123/><U17/><E113/><V83/><F124/><W134/><G69/><T65/><D114/><U127/><E127/><V58/><F131/><W42/><G110/><T16/><D108/><U60/><E72/><V14/><F78/><N who="0" m="30314" /><D105/><U135/><E135/><N who="3" m="51754" /><G94/><T106/><D106/><U112/><E117/><V30/><F30/><N who="3" m="11883" /><G18/><T82/><D33/><N who="3" m="12873" /><G57/><T79/><D128/><U47/><E112/><V75/><F75/><W92/><G92/><T20/><D100/><U93/><E93/><N who="2" m="58767" /><F14/><W34/><G34/><T87/><D12/><U130/><E130/><V53/><F41/><W129/><G129/><T71/><D71/><U38/><E43/><V91/><F91/><W118/><G118/><T48/><D89/><N who="1" m="51335" /><E38/><AGARI ba="0,0" hai="38,39,42,46,51" m="12873,11883,51754" machi="38" ten="40,2000,0" yaku="20,1" doraHai="15" who="3" fromWho="1" sc="258,0,222,-20,205,0,315,20" owari="258,5.8,202,-29.8,205,-19.5,335,43.5" /></mjloggm>