<mjloggm ver="2.3"><GO type="225" lobby="0"/><UN n0="%E5%B8%86%E7%AB%8B%E5%A4%8F%E8%A1%A3" n1="%E6%9D%B1%E9%A2%A8%E3%81%AE%E3%81%8D%E3%82%83%E3%81%B7%E3%81%95%E3%82%93" n2="%E4%BF%BA%E3%81%A8%E5%A6%96%E5%A4%A2" n3="%E3%83%81%E3%83%83%E3%82%BF%E3%82%BD%E3%83%BC" dan="17,16,16,16" rate="2247.47,2158.29,2192.73,2173.79" sx="M,M,F,F"/><TAIKYOKU oya="0"/><INIT seed="0,0,0,1,3,22" ten="250,250,250,250" oya="0" hai0="10,70,47,99,102,65,5,71,110,74,72,88,48" hai1="114,23,35,24,125,94,67,4,36,29,62,91,121" hai2="17,97,105,118,92,113,41,135,59,81,63,42,39" hai3="79,133,80,109,34,56,77,2,98,111,11,52,54"/><T46/><D110/><N who="3" m="41993" /><G34/><T96/><D65/><U83/><E36/><V9/><F113/><W103/><G133/><T20/><D70/><U43/><E43/><V108/><F105/><N who="3" m="63735" /><G56/><T13/><D71/><U129/><E121/><V130/><F108/><W8/><G77/><T45/><D48/><U31/><E114/><V82/><F135/><W95/><G95/><T58/><D58/><U68/><E129/><V28/><F130/><W3/><G8/><T57/><D57/><U50/><E125/><V123/><F123/><W69/><G69/><T51/><D51/><U64/><E64/><V84/><F39/><W21/><G21/><T30/><D102/><U75/><E4/><V1/><F82/><W16/><G2/><T124/><D124/><U0/><E0/><V127/><F1/><W93/><G93/><N who="0" m="56359" /><D74/><U116/><E50/><V18/><F127/><W76/><G76/><T119/><D72/><U6/><E6/><V26/><F9/><W107/><G107/><T32/><D32/><U78/><E116/><V115/><F115/><W12/><G3/><T33/><D119/><U112/><E112/><V104/><F118/><W73/><AGARI ba="0,0" hai="11,12,16,52,54,73,79,80" m="63735,41993" machi="73" ten="30,4000,0" yaku="14,1,54,2" doraHai="22" who="3" fromWho="3" sc="250,-20,250,-10,250,-10,250,40" /><INIT seed="1,0,0,4,0,72" ten="230,240,240,290" oya="1" hai0="118,67,126,42,7,23,129,13,6,14,79,99,120" hai1="60,113,105,77,123,80,75,11,22,87,36,88,135" hai2="103,56,93,117,24,34,25,98,100,70,122,62,5" hai3="15,132,51,81,131,92,85,91,30,108,112,133,84"/><U46/><E123/><V104/><F122/><W3/><G108/><T130/><D120/><U8/><E113/><V115/><F117/><W63/><G112/><T16/><D118/><U32/><E32/><V134/><F115/><W26/><G131/><N who="0" m="50187" /><D126/><U0/><E0/><V111/><BYE who="1" /><F111/><UN n1="%E6%9D%B1%E9%A2%A8%E3%81%AE%E3%81%8D%E3%82%83%E3%81%B7%E3%81%95%E3%82%93" /><W48/><G3/><T74/><D67/><U68/><E105/><V78/><F134/><N who="3" m="51819" /><G63/><T58/><D58/><U102/><E102/><V83/><F70/><W94/><G15/><N who="0" m="9631" /><D42/><U121/><E121/><V19/><F5/><N who="0" m="1546" /><D99/><U52/><E135/><V47/><F56/><W18/><G18/><T49/><D49/><N who="3" m="19017" /><G85/><T44/><D44/><U61/><E68/><V59/><F47/><W12/><G12/><N who="0" m="4715" /><D74/><U96/><E22/><AGARI ba="0,0" hai="22,26,30,81,84,91,92,94" m="19017,51819" machi="22" ten="30,1000,0" yaku="20,1" doraHai="72" who="3" fromWho="1" sc="230,0,240,-10,240,0,290,10" /><INIT seed="2,0,0,1,2,72" ten="230,230,240,300" oya="2" hai0="40,82,75,28,52,12,67,108,29,105,93,98,30" hai1="35,14,58,36,32,46,116,110,120,113,18,73,6" hai2="19,23,31,64,11,94,37,39,34,53,61,63,65" hai3="51,86,123,109,114,96,90,79,4,54,127,111,20"/><V27/><F53/><W71/><G123/><T81/><D108/><N who="3" m="41545" /><G127/><T41/><D105/><U134/><E58/><V107/><F107/><W131/><G131/><T66/><D75/><U91/><E91/><V115/><F115/><W49/><G71/><T126/><D126/><U129/><E6/><V17/><F11/><W16/><G4/><T112/><D12/><U101/><E101/><V130/><F130/><W84/><G114/><T10/><D10/><U106/><E18/><V38/><F94/><N who="3" m="56407" /><G79/><T44/><D112/><U59/><E14/><V0/><F0/><W104/><G104/><T97/><D93/><U88/><E88/><V119/><F119/><W1/><G1/><T50/><D98/><U77/><E77/><V70/><REACH who="2" step="1"/><F34/><REACH who="2" ten="230,230,230,300" step="2"/><W47/><G49/><T92/><D92/><U68/><E59/><AGARI ba="0,1" hai="17,19,23,27,31,37,38,39,59,61,63,64,65,70" machi="59" ten="40,3900,0" yaku="1,1,2,1,53,0" doraHai="72" doraHaiUra="78" who="2" fromWho="1" sc="230,0,230,-39,230,49,300,0" /><INIT seed="2,1,0,5,4,7" ten="230,191,279,300" oya="2" hai0="89,45,129,110,72,16,54,117,49,11,28,119,79" hai1="104,81,76,52,31,34,64,17,77,23,2,133,53" hai2="78,42,111,36,12,25,46,123,40,66,101,48,51" hai3="9,87,65,99,43,13,29,21,108,58,44,47,59"/><V74/><F123/><W15/><G108/><T50/><D110/><U30/><E2/><V116/><F111/><W112/><G112/><T18/><D129/><U102/><E104/><V10/><F116/><N who="0" m="44618" /><D28/><U5/><E5/><V114/><F114/><W70/><G70/><T33/><D33/><U96/><E133/><V39/><F101/><W6/><G99/><T71/><D71/><U105/><E64/><V83/><F66/><W121/><G121/><T8/><D89/><U92/><E105/><V35/><F25/><W135/><G135/><T55/><D79/><N who="1" m="30283" /><E81/><V80/><F80/><W62/><G87/><T88/><D88/><N who="1" m="55303" /><E34/><V3/><F35/><W27/><G43/><T22/><D72/><U68/><E102/><V4/><F12/><W24/><G15/><N who="0" m="9503" /><D18/><U37/><E37/><V109/><F109/><W113/><G113/><T61/><D61/><U41/><E41/><V26/><F26/><W86/><G24/><T130/><D130/><U56/><E68/><V127/><F127/><W0/><G0/><T67/><D67/><U125/><E125/><V100/><F100/><W97/><G27/><T134/><D134/><U90/><E90/><V94/><F94/><W75/><G65/><T14/><D14/><N who="1" m="9655" /><E53/><V19/><F19/><W91/><G29/><T85/><D85/><U106/><E106/><V32/><F32/><W20/><G86/><T103/><D103/><U132/><E132/><V107/><F107/><W82/><G6/><T120/><D120/><U93/><E93/><V60/><F60/><AGARI ba="1,0" hai="30,31,52,56,60" m="9655,55303,30283" machi="60" ten="30,3900,0" yaku="8,1,54,2" doraHai="7" who="1" fromWho="2" sc="230,0,191,42,279,-42,300,0" /><INIT seed="3,0,0,1,3,21" ten="230,233,237,300" oya="3" hai0="35,73,6,41,90,50,63,104,55,100,56,7,57" hai1="23,79,83,27,0,91,53,3,117,132,106,2,40" hai2="111,110,15,64,97,68,126,130,58,69,87,116,94" hai3="5,127,34,66,85,59,8,13,43,37,96,124,112"/><W47/><G112/><T20/><D73/><U120/><E106/><V18/><F116/><W48/><G34/><T11/><D35/><U77/><E120/><V44/><F87/><W81/><G96/><T31/><D104/><U72/><E117/><V123/><F44/><W133/><G133/><T65/><D100/><U92/><E132/><V1/><F1/><W102/><G102/><T131/><D131/><U14/><E79/><V119/><F119/><W24/><G24/><N who="0" m="16775" /><D11/><U16/><E40/><V32/><F32/><W51/><G66/><T113/><D113/><U17/><E53/><V80/><F123/><W9/><G9/><T125/><D125/><N who="3" m="48201" /><G59/><T115/><D115/><U134/><E134/><V45/><F126/><W89/><AGARI ba="0,0" hai="5,8,13,37,43,47,48,51,81,85,89" m="48201" machi="89" ten="30,1500,0" yaku="18,1" doraHai="21" who="3" fromWho="3" sc="230,-5,233,-5,237,-5,300,15" owari="225,-27.5,228,-17.2,232,3.2,315,41.5" /></mjloggm>