<mjloggm ver="2.3"><GO type="225" lobby="0"/><UN n0="%E3%82%A2%E3%82%B8%E3%83%BC%E3%83%B3" n1="%E3%83%96%E3%83%83%E3%83%91%E3%82%AA%E3%83%96%E3%83%81%E3%82%AD%E3%83%B3" n2="%E3%83%A9%E3%83%BC%E3%83%A1%E3%83%B3%E4%BA%94%E9%83%8E" n3="%E6%98%93%E5%88%A9%E8%96%A9%E4%BC%AF" dan="16,16,16,16" rate="2129.72,2158.56,2167.01,2118.14" sx="M,M,M,F"/><TAIKYOKU oya="0"/><INIT seed="0,0,0,0,5,0" ten="250,250,250,250" oya="0" hai0="79,115,99,94,108,23,125,19,53,43,59,113,36" hai1="88,116,35,122,40,16,84,129,82,98,34,45,49" hai2="96,26,70,37,60,2,134,31,41,57,95,13,29" hai3="105,52,104,119,10,22,27,85,4,11,87,21,103"/><T65/><D125/><U25/><E116/><V1/><F70/><W135/><G119/><T46/><D65/><U81/><E122/><V130/><F134/><W93/><G135/><T39/><D79/><U83/><E129/><V128/><F13/><W5/><G93/><T6/><D39/><U44/><E35/><V7/><F41/><W8/><G103/><T51/><D6/><N who="3" m="2665" /><G27/><T28/><D28/><U127/><E127/><V97/><F37/><W14/><G14/><T68/><D108/><U100/><E45/><V50/><F7/><W118/><G118/><T80/><D68/><U75/><E75/><V121/><F121/><W72/><G72/><T24/><D80/><U55/><E40/><V92/><F26/><W73/><G73/><T3/><REACH who="0" step="1"/><D3/><REACH who="0" ten="240,250,250,250" step="2"/><U117/><E117/><V33/><F1/><W102/><G102/><AGARI ba="0,1" hai="19,23,24,36,43,46,51,53,59,94,99,102,113,115" machi="102" ten="30,5800,0" yaku="1,1,2,1,7,1,53,0" doraHai="0" doraHaiUra="74" who="0" fromWho="3" sc="240,68,250,0,250,0,250,-58" /><INIT seed="0,1,0,1,4,21" ten="308,250,250,192" oya="0" hai0="81,31,9,114,84,53,91,72,104,113,132,55,15" hai1="100,66,2,5,90,52,101,0,19,18,58,30,37" hai2="20,34,33,42,28,120,7,118,8,24,60,103,69" hai3="3,54,123,70,76,133,135,32,44,45,127,73,43"/><T115/><D104/><U49/><E37/><V47/><F120/><W86/><G123/><T83/><D132/><U99/><E30/><V80/><F103/><N who="1" m="39497" /><E2/><V38/><F118/><W59/><G73/><T14/><D31/><U92/><E0/><V78/><F60/><W107/><G3/><T57/><D15/><U87/><E5/><V79/><F69/><W68/><G32/><T12/><D14/><U4/><E4/><V23/><F23/><W75/><G75/><T13/><D12/><U116/><E116/><V11/><F78/><W89/><G76/><T6/><D72/><U95/><E66/><V71/><F71/><N who="3" m="27179" /><G107/><T126/><D126/><U56/><E56/><V40/><F40/><W96/><G96/><T65/><REACH who="0" step="1"/><D81/><REACH who="0" ten="298,250,250,192" step="2"/><U130/><E130/><V105/><F105/><W93/><G127/><T39/><D39/><U97/><E97/><V110/><F80/><W134/><G43/><T98/><D98/><U94/><E99/><V109/><F38/><W88/><G89/><T106/><D106/><U128/><E128/><V129/><F129/><W46/><G46/><T82/><D82/><AGARI ba="1,1" hai="18,19,49,52,58,82,87,90,92,94,95" m="39497" machi="82" ten="30,2000,0" yaku="8,1,54,1" doraHai="21" who="1" fromWho="0" sc="298,-23,250,33,250,0,192,0" /><INIT seed="1,0,0,0,1,54" ten="275,283,250,192" oya="1" hai0="87,27,50,38,91,31,12,61,64,69,123,4,6" hai1="14,70,82,133,34,94,23,33,120,105,19,52,59" hai2="68,63,37,74,71,96,15,86,90,73,17,65,51" hai3="53,126,101,7,58,92,36,117,107,60,28,115,114"/><U100/><E120/><V18/><F37/><W132/><G107/><T124/><D38/><U56/><E70/><V75/><F96/><W45/><G28/><T55/><D123/><U11/><E105/><V67/><F51/><W10/><G132/><T22/><D12/><U30/><E133/><V1/><F1/><W26/><G26/><T131/><D131/><U78/><E100/><V20/><F18/><W47/><G126/><T62/><D62/><U95/><E30/><V122/><F122/><W81/><G81/><T5/><D124/><U121/><E121/><V29/><F29/><W99/><G117/><T108/><D108/><U118/><E118/><V49/><F49/><W40/><REACH who="3" step="1"/><G45/><REACH who="3" ten="275,283,250,182" step="2"/><T125/><D125/><U116/><E116/><V127/><F127/><W135/><G135/><T98/><D27/><U84/><E34/><V9/><F74/><W111/><G111/><T106/><D31/><U110/><E33/><V72/><F72/><W8/><G8/><T24/><D24/><U134/><E134/><V130/><F9/><W42/><G42/><T113/><D113/><U32/><E32/><V80/><F130/><W102/><G102/><T79/><D106/><U88/><E110/><V77/><F75/><W2/><AGARI ba="0,1" hai="2,7,10,36,40,47,53,58,60,92,99,101,114,115" machi="2" ten="20,5200,0" yaku="1,1,0,1,7,1,52,1,53,0" doraHai="54" doraHaiUra="119" who="3" fromWho="3" sc="275,-13,283,-26,250,-13,182,62" /><INIT seed="2,0,0,0,5,15" ten="262,257,237,244" oya="2" hai0="120,100,108,83,66,102,72,36,52,12,113,13,6" hai1="26,84,92,94,16,8,111,54,27,95,14,103,51" hai2="22,65,115,0,2,55,81,29,98,132,93,114,71" hai3="87,3,61,40,41,67,105,64,4,110,130,44,123"/><V106/><F106/><W39/><G105/><T129/><D36/><U9/><E111/><V96/><F132/><W50/><G3/><T10/><D66/><U48/><E103/><V128/><F128/><W53/><G4/><T69/><D69/><U80/><E9/><V37/><F37/><W70/><G123/><T23/><D113/><U7/><E7/><V124/><F124/><W101/><G101/><T59/><D120/><U118/><E118/><V97/><F93/><W131/><G87/><T1/><D1/><U79/><REACH who="1" step="1"/><E48/><REACH who="1" ten="262,247,237,244" step="2"/><V78/><F115/><W126/><G110/><T134/><D108/><U127/><E127/><V109/><F114/><W89/><G126/><T31/><D102/><U60/><E60/><N who="2" m="40359" /><F109/><W18/><G131/><T17/><D100/><U20/><E20/><V107/><F107/><W85/><G130/><T77/><D129/><U33/><E33/><V35/><F35/><W42/><G39/><T25/><D134/><U45/><AGARI ba="0,1" hai="8,14,16,26,27,45,51,54,79,80,84,92,94,95" machi="45" ten="30,8000,1" yaku="1,1,0,1,8,1,52,1,54,1,53,0" doraHai="15" doraHaiUra="63" who="1" fromWho="1" sc="262,-20,247,90,237,-40,244,-20" /><INIT seed="3,0,0,0,3,55" ten="242,337,197,224" oya="3" hai0="17,90,62,123,60,131,93,48,77,87,88,103,119" hai1="32,51,19,128,27,82,20,35,101,96,72,37,134" hai2="126,100,113,94,114,99,0,33,92,79,129,4,127" hai3="73,18,80,52,81,105,124,133,23,78,64,57,58"/><W44/><G105/><T53/><D119/><U42/><E37/><V40/><F33/><W106/><G106/><T61/><D123/><U65/><E128/><V34/><F40/><W115/><G115/><N who="2" m="44041" /><F4/><W84/><G133/><T120/><D120/><U66/><E134/><V135/><F34/><W110/><G124/><N who="2" m="47657" /><F0/><W46/><G110/><T41/><D131/><U95/><E72/><V24/><F24/><W8/><G8/><T75/><D103/><U118/><E82/><V69/><F69/><W91/><G64/><T109/><D109/><U63/><E101/><N who="2" m="60647" /><F135/><W71/><G71/><T39/><D75/><U16/><E35/><V112/><N who="2" m="44049" /><V86/><DORA hai="125" /><F129/><W22/><G22/><T54/><D77/><U2/><E27/><V21/><F21/><W102/><G102/><T122/><D39/><U104/><E20/><V74/><F74/><W36/><G36/><T5/><D122/><U15/><E32/><V83/><F100/><W111/><G111/><T107/><D5/><U50/><E65/><V25/><F25/><W56/><REACH who="3" step="1"/><G52/><REACH who="3" ten="242,337,197,214" step="2"/><T30/><D54/><U14/><E66/><V10/><F10/><W6/><G6/><T3/><D53/><U45/><E42/><V85/><F94/><W49/><G49/><T12/><D48/><U29/><E95/><V108/><F108/><W1/><G1/><T28/><D41/><U67/><E2/><V117/><F117/><W76/><G76/><T59/><D3/><U9/><E51/><V38/><F38/><W89/><G89/><T121/><D121/><U130/><E50/><V47/><F47/><RYUUKYOKU ba="0,1" sc="242,-15,337,-15,197,15,214,15" hai2="79,83,85,86" hai3="18,23,44,46,56,57,58,73,78,80,81,84,91" /><INIT seed="3,1,1,5,3,97" ten="227,322,212,229" oya="3" hai0="115,62,30,50,127,42,126,68,107,18,72,19,75" hai1="40,0,31,10,39,102,61,1,2,43,87,25,131" hai2="104,67,128,34,27,120,63,105,53,121,91,135,49" hai3="60,48,32,109,56,103,47,44,15,85,70,5,80"/><W9/><G70/><T77/><D107/><U123/><E123/><N who="2" m="47179" /><F135/><W119/><G119/><T7/><D7/><U17/><E131/><V100/><F128/><W35/><G109/><T51/><D30/><U38/><E102/><V110/><F110/><W8/><G103/><T13/><D115/><U118/><E61/><V133/><F133/><W52/><G9/><T45/><D51/><U78/><E87/><V33/><F91/><W99/><G99/><T130/><D130/><U20/><E17/><V125/><F125/><N who="0" m="47626" /><D77/><U114/><E43/><V11/><F11/><W88/><REACH who="3" step="1"/><G47/><REACH who="3" ten="227,322,212,219" step="2"/><T23/><D68/><U28/><E10/><V79/><F100/><W24/><G24/><T86/><D45/><U89/><E25/><V16/><F27/><W4/><G4/><T6/><D6/><U117/><E117/><V12/><F79/><W96/><G96/><T116/><D116/><U129/><E118/><V95/><F105/><W82/><G82/><T84/><D75/><U111/><E111/><V101/><F104/><W54/><AGARI ba="1,2" hai="5,8,15,32,35,44,48,52,54,56,60,80,85,88" machi="54" ten="20,12000,1" yaku="1,1,0,1,7,1,54,2,53,0" doraHai="97" doraHaiUra="98" who="3" fromWho="3" sc="227,-41,322,-41,212,-41,219,143" owari="186,-21.4,281,8.1,171,-32.9,362,46.2" /></mjloggm>