<mjloggm ver="2.3"><GO type="225" lobby="0"/><UN n0="%E3%83%A9%E3%83%BC%E3%83%A1%E3%83%B3%E4%BA%94%E9%83%8E" n1="%E3%81%99%E3%81%84%E3%81%BE%E3%81%9B%E3%83%BC%E3%82%93" n2="%E3%83%96%E3%83%83%E3%83%91%E3%82%AA%E3%83%96%E3%83%81%E3%82%AD%E3%83%B3" n3="%E3%83%81%E3%83%A7%E3%83%99%E3%83%83%E3%82%AF" dan="16,18,16,16" rate="2165.42,2230.96,2129.30,2108.38" sx="M,M,M,M"/><TAIKYOKU oya="0"/><INIT seed="0,0,0,5,5,83" ten="250,250,250,250" oya="0" hai0="79,130,57,105,7,99,13,28,43,48,55,51,135" hai1="112,70,84,3,96,59,123,17,122,19,97,53,23" hai2="31,81,8,67,49,92,40,121,125,29,30,94,65" hai3="124,85,98,102,12,88,127,111,60,114,104,20,52"/><T62/><D130/><U37/><E112/><V58/><F121/><W132/><G111/><T14/><D135/><U41/><E70/><V5/><F125/><N who="3" m="48203" /><G132/><T89/><D79/><U69/><E69/><V116/><F116/><W38/><G38/><T6/><D28/><U103/><E3/><V72/><F72/><W109/><G109/><T101/><D89/><U100/><E37/><V10/><F81/><N who="3" m="49199" /><G114/><T113/><D113/><U110/><E110/><V16/><F5/><W50/><G60/><T128/><D128/><U86/><E123/><V2/><F2/><W44/><G12/><T77/><D14/><U68/><E122/><V71/><F71/><W34/><G20/><T63/><D13/><U11/><E23/><V15/><F8/><W39/><G39/><T66/><D6/><U108/><E11/><V126/><F126/><W1/><G1/><T119/><D7/><U36/><E36/><V46/><F65/><W61/><G61/><AGARI ba="0,0" hai="10,15,16,29,30,31,40,46,49,58,61,67,92,94" machi="61" ten="40,2600,0" yaku="8,1,54,1" doraHai="83" who="2" fromWho="3" sc="250,0,250,0,250,26,250,-26" /><INIT seed="1,0,0,1,2,41" ten="250,250,276,224" oya="1" hai0="66,80,130,26,51,62,64,10,14,132,79,17,54" hai1="105,123,87,45,4,98,8,108,119,110,42,28,107" hai2="117,127,38,6,19,70,32,65,112,43,20,15,75" hai3="83,125,33,88,68,12,115,69,104,24,52,94,46"/><U122/><E119/><V0/><F117/><W71/><G115/><T92/><D130/><U2/><E28/><V84/><F112/><W120/><G104/><N who="1" m="40010" /><E87/><V73/><F127/><W134/><G125/><T3/><D3/><U95/><E95/><V53/><F32/><W49/><G134/><T74/><D132/><U90/><E90/><V67/><F84/><W61/><G120/><T21/><D92/><U34/><E98/><V16/><F75/><W37/><G37/><T118/><D62/><U102/><E102/><V44/><F73/><W82/><G61/><T91/><D91/><U89/><E89/><V85/><F70/><W97/><REACH who="3" step="1"/><G12/><REACH who="3" ten="250,250,276,214" step="2"/><T13/><D118/><U72/><E72/><V56/><F15/><W39/><G39/><T93/><D14/><U76/><E123/><V22/><F38/><W1/><G1/><T40/><D13/><U99/><E122/><V116/><F0/><W63/><G63/><T59/><D26/><U121/><E121/><V31/><F116/><W106/><G106/><T128/><D128/><U7/><E2/><V131/><F131/><W86/><G86/><T30/><D74/><U47/><E99/><V35/><F85/><W133/><G133/><T78/><D51/><U55/><E4/><V18/><F6/><W100/><G100/><T129/><D129/><U9/><E7/><V5/><F5/><W113/><G113/><T25/><D25/><U109/><E109/><V50/><F50/><W77/><G77/><T29/><D79/><U57/><E76/><V60/><F60/><W23/><G23/><T101/><D21/><RYUUKYOKU ba="0,1" sc="250,-10,250,-10,276,-10,214,30" hai3="24,33,46,49,52,68,69,71,82,83,88,94,97" /><INIT seed="2,1,1,0,4,122" ten="240,240,266,244" oya="2" hai0="106,11,71,58,24,23,85,36,48,89,6,57,127" hai1="121,47,66,112,124,27,102,119,130,49,123,44,16" hai2="128,54,42,60,40,37,77,0,84,117,82,39,50" hai3="97,9,96,110,21,95,81,80,7,107,135,92,46"/><V29/><F0/><W103/><G135/><T126/><D36/><N who="2" m="13898" /><F84/><W118/><G118/><T41/><D71/><U14/><E119/><V72/><F82/><W65/><G65/><T15/><D106/><U4/><E112/><V69/><F29/><W35/><G35/><T68/><D68/><U34/><E130/><V94/><F94/><W75/><G46/><N who="0" m="25679" /><D127/><U114/><E124/><V31/><F31/><W87/><G21/><T32/><D32/><U100/><E114/><V64/><F77/><N who="3" m="44095" /><G9/><T5/><D5/><U76/><E76/><V17/><F72/><W91/><G7/><T67/><D67/><U62/><E34/><V78/><F78/><N who="3" m="46519" /><G110/><T105/><D105/><AGARI ba="1,1" hai="91,92,95,96,97,103,105,107" m="46519,44095" machi="105" ten="30,8000,1" yaku="35,5" doraHai="122" who="3" fromWho="0" sc="240,-83,240,0,266,0,244,93" /><INIT seed="3,0,0,0,1,38" ten="157,240,266,337" oya="3" hai0="84,102,111,109,13,24,63,127,41,20,82,114,86" hai1="18,11,53,61,75,34,81,17,128,130,103,60,115" hai2="8,93,120,78,40,100,85,79,26,106,48,122,117" hai3="55,90,25,101,68,132,104,134,71,65,62,99,88"/><W4/><G68/><T35/><D127/><U42/><E115/><V45/><F117/><W16/><G4/><T67/><D114/><U118/><E34/><V66/><F66/><W108/><G55/><T70/><D35/><U116/><E103/><V14/><F26/><W69/><G69/><T112/><D112/><U9/><E81/><V44/><F106/><W52/><G52/><T113/><D113/><U47/><E53/><V1/><F1/><W46/><G46/><T110/><D102/><U121/><E75/><V124/><F124/><W133/><G108/><T32/><D32/><U72/><E72/><V59/><F59/><W7/><G7/><T125/><D125/><U58/><E58/><V105/><F105/><W80/><G80/><T28/><D13/><U64/><E47/><V51/><F45/><W6/><G6/><T36/><D36/><U23/><E64/><V107/><F51/><W73/><G73/><T135/><D135/><U126/><E126/><V56/><F56/><W77/><G77/><T96/><D96/><U3/><E3/><V74/><F74/><W76/><G76/><N who="2" m="29225" /><F107/><W22/><AGARI ba="0,0" hai="16,22,25,62,65,71,88,90,99,101,104,132,133,134" machi="22" ten="40,12000,1" yaku="0,1,20,1,54,2" doraHai="38" who="3" fromWho="3" sc="157,-40,240,-40,266,-40,337,120" owari="117,-38.3,200,-20.0,226,2.6,457,55.7" /></mjloggm>