<mjloggm ver="2.3"><GO type="225" lobby="0"/><UN n0="%28%EF%BF%A3%E2%96%BD%EF%BF%A3%29%CE%B4%E2%8C%92%E3%83%BB" n1="%E6%98%93%E5%88%A9%E8%96%A9%E4%BC%AF" n2="%E5%91%A8%E6%9D%B1" n3="%E4%BF%BA%E3%81%A8%E5%A6%96%E5%A4%A2" dan="17,17,17,16" rate="2279.94,2209.94,2241.87,2207.20" sx="M,F,M,F"/><TAIKYOKU oya="0"/><INIT seed="0,0,0,5,2,21" ten="250,250,250,250" oya="0" hai0="15,113,70,36,57,5,66,27,107,12,13,20,101" hai1="99,83,63,93,96,131,33,102,17,129,124,121,84" hai2="47,91,128,3,56,126,125,11,123,104,106,19,98" hai3="82,39,58,35,26,49,48,68,30,2,74,42,97"/><T112/><D36/><U77/><E33/><V23/><F123/><W29/><G68/><T18/><D70/><U81/><E63/><V78/><F78/><W43/><G2/><T86/><D86/><U87/><E17/><V132/><F132/><W85/><G74/><T80/><D80/><U65/><E65/><V45/><F128/><W73/><G73/><T32/><D66/><U69/><E69/><V88/><F56/><W116/><G116/><T95/><D57/><U64/><E64/><V25/><F3/><W40/><G39/><T8/><D95/><U103/><E124/><N who="2" m="47723" /><F11/><W105/><G30/><N who="0" m="19551" /><D101/><U75/><E121/><V110/><F110/><W134/><G134/><T120/><D107/><N who="2" m="41002" /><F98/><W51/><G97/><T92/><D92/><N who="1" m="58631" /><E75/><V114/><F114/><N who="0" m="44138" /><D120/><U4/><E4/><V60/><F60/><W38/><G105/><T0/><AGARI ba="0,0" hai="0,5,8,12,13,15,18,20" m="44138,19551" machi="0" ten="30,11700,0" yaku="24,1,34,2,52,1" doraHai="21" who="0" fromWho="0" sc="250,117,250,-39,250,-39,250,-39" /><INIT seed="0,1,0,3,4,41" ten="367,211,211,211" oya="0" hai0="55,45,53,22,114,83,54,16,101,122,127,95,17" hai1="5,23,73,91,25,35,47,28,97,133,72,12,30" hai2="56,0,24,66,70,103,6,94,116,36,21,10,2" hai3="27,111,3,40,119,118,80,75,86,88,106,89,87"/><T82/><D122/><U38/><E133/><V46/><F116/><N who="3" m="44587" /><G3/><T67/><D114/><U39/><E5/><V105/><F105/><W65/><G27/><N who="0" m="14791" /><D127/><U57/><E57/><V64/><F70/><W128/><G40/><T44/><D67/><U102/><E91/><V96/><F0/><W31/><G31/><T107/><D107/><U32/><E12/><V33/><F33/><W63/><G63/><T112/><D112/><U132/><E132/><V130/><F130/><W92/><G65/><T104/><D104/><N who="1" m="63567" /><E23/><V37/><F66/><W126/><G106/><T61/><D61/><U85/><E85/><V11/><F11/><W121/><G128/><T42/><D17/><U81/><E81/><N who="0" m="30729" /><D42/><N who="1" m="22999" /><E39/><V129/><F129/><W49/><G126/><T59/><D59/><U113/><E113/><V110/><F37/><W108/><G121/><T26/><D26/><AGARI ba="1,0" hai="25,26,28,30,32,35,72,73" m="22999,63567" machi="26" ten="30,3900,0" yaku="33,2,52,1" doraHai="41" who="1" fromWho="0" sc="367,-42,211,42,211,0,211,0" /><INIT seed="1,0,0,4,4,113" ten="325,253,211,211" oya="1" hai0="121,72,130,16,48,97,95,42,119,8,49,124,131" hai1="36,54,77,93,68,4,88,135,98,129,67,41,30" hai2="45,132,128,94,64,17,11,38,127,0,18,13,96" hai3="86,90,58,46,115,22,126,73,111,47,14,12,56"/><U122/><E122/><V133/><F0/><W74/><G115/><T105/><D121/><U101/><E135/><N who="2" m="51787" /><F64/><W112/><G112/><T134/><D72/><U3/><E129/><N who="0" m="49161" /><D105/><U60/><E77/><V85/><F85/><W32/><G32/><T26/><D134/><U51/><E30/><V91/><F128/><W9/><G111/><T28/><D42/><U117/><E117/><V35/><F35/><W6/><G126/><T43/><D43/><U75/><E75/><V114/><F114/><W120/><G120/><T78/><D78/><U71/><E71/><V10/><F127/><W37/><G73/><T109/><D119/><U44/><E4/><N who="2" m="3271" /><F11/><W125/><G74/><T57/><D57/><N who="3" m="22121" /><G125/><T62/><D62/><U2/><REACH who="1" step="1"/><E101/><REACH who="1" ten="325,243,211,211" step="2"/><V118/><F118/><W1/><G6/><T102/><D124/><U100/><E100/><V55/><F38/><W31/><G37/><T25/><D109/><U103/><E103/><V34/><F34/><W5/><G31/><T52/><D28/><U40/><E40/><V53/><F18/><N who="3" m="10567" /><G1/><T23/><D102/><U63/><E63/><V80/><F17/><W24/><G5/><T19/><D16/><U70/><E70/><V92/><F91/><W84/><G90/><T69/><D19/><U106/><E106/><V50/><F55/><W76/><G76/><T110/><D52/><U66/><E66/><V83/><F53/><W104/><G104/><T59/><D69/><U79/><E79/><V29/><F29/><W61/><G61/><T65/><D110/><U108/><E108/><V89/><F50/><W27/><G9/><RYUUKYOKU ba="0,1" sc="325,-10,243,30,211,-10,211,-10" hai1="2,3,36,41,44,51,54,60,67,68,88,93,98" /><INIT seed="1,1,1,3,1,133" ten="315,273,201,201" oya="1" hai0="9,123,17,7,129,61,83,111,4,128,134,99,131" hai1="38,105,90,1,93,27,97,126,55,56,107,58,120" hai2="130,76,32,16,59,48,39,45,102,64,66,34,84" hai3="26,117,62,109,78,101,5,85,118,23,127,65,49"/><U24/><E120/><V115/><F115/><W63/><G109/><T44/><D111/><U18/><E1/><V53/><F130/><W108/><G108/><T2/><D134/><U104/><E38/><V50/><F39/><W31/><G101/><T87/><D123/><U46/><E126/><V81/><F102/><W91/><G127/><T21/><D99/><U82/><E46/><V22/><F34/><W41/><G78/><T42/><D61/><U124/><E124/><V116/><F32/><W13/><G49/><N who="0" m="26775" /><D9/><U70/><E70/><V67/><F116/><N who="3" m="44651" /><G41/><T86/><D2/><U36/><E36/><V135/><F135/><W47/><G47/><T0/><D0/><U106/><E106/><V121/><F121/><W19/><G5/><N who="0" m="2123" /><D83/><U72/><E18/><V68/><F68/><W54/><G65/><T51/><D51/><U113/><E113/><V10/><F10/><N who="3" m="6583" /><G54/><T71/><D71/><U75/><E58/><V77/><F77/><W6/><G6/><T80/><D80/><AGARI ba="1,1" hai="23,26,31,62,63,80,85,91" m="6583,44651" machi="80" ten="30,1000,0" yaku="12,1" doraHai="133" who="3" fromWho="0" sc="315,-13,273,0,201,0,201,23" /><INIT seed="2,0,0,3,0,20" ten="302,273,201,224" oya="2" hai0="133,66,35,87,24,98,46,54,122,103,88,65,95" hai1="101,3,119,18,40,86,49,68,131,90,41,42,1" hai2="125,19,63,96,14,82,11,7,29,8,123,113,50" hai3="97,30,6,132,59,53,104,37,79,72,108,71,12"/><V121/><F113/><W75/><G71/><T17/><D122/><U100/><E68/><V73/><F125/><W92/><G104/><T93/><D133/><U5/><E119/><V126/><F126/><W81/><G132/><T25/><D35/><U45/><E131/><V67/><F50/><W77/><G37/><T110/><D110/><U27/><E5/><V48/><F48/><W31/><G108/><T60/><D46/><U118/><E3/><V114/><F114/><W70/><G70/><T120/><D120/><U117/><E1/><V57/><F96/><W115/><G12/><T55/><D17/><U128/><E128/><V135/><F135/><W51/><G6/><T58/><D55/><U21/><E118/><V130/><F130/><W89/><G115/><T62/><REACH who="0" step="1"/><D60/><REACH who="0" ten="292,273,201,224" step="2"/><U80/><E117/><V15/><REACH who="2" step="1"/><F29/><REACH who="2" ten="292,273,191,224" step="2"/><W38/><G38/><T91/><D91/><U127/><E127/><V4/><F4/><W10/><G31/><T99/><D99/><U2/><E2/><V105/><F105/><W61/><G30/><T0/><D0/><U85/><E42/><V39/><F39/><W9/><G51/><T33/><D33/><U32/><E41/><V94/><F94/><W124/><G124/><T64/><AGARI ba="0,2" hai="24,25,54,58,62,64,65,66,87,88,93,95,98,103" machi="64" ten="30,12000,2" yaku="1,1,0,1,8,1,52,2,54,1,53,0" doraHai="20" doraHaiUra="34" who="0" fromWho="0" sc="292,140,273,-30,191,-60,224,-30" /><INIT seed="3,0,0,2,0,57" ten="432,243,131,194" oya="3" hai0="10,68,32,76,109,86,90,99,77,69,25,45,13" hai1="105,12,75,24,79,85,23,20,122,56,61,119,78" hai2="67,36,46,117,0,104,65,66,111,3,131,73,39" hai3="130,135,88,14,101,19,82,118,7,37,27,35,62"/><W81/><BYE who="2" /><G118/><T83/><D109/><U11/><E105/><V29/><F29/><UN n2="%E5%91%A8%E6%9D%B1" /><W97/><G37/><T107/><D76/><U93/><E75/><V72/><F104/><W8/><G130/><T113/><D113/><U17/><E122/><V47/><F117/><W123/><G123/><T49/><D25/><U22/><E119/><V132/><F111/><W110/><G110/><T112/><D32/><U129/><E129/><V30/><F30/><W63/><G135/><T44/><D44/><N who="2" m="16938" /><F131/><W124/><G124/><T114/><D114/><U34/><E34/><V98/><F98/><W134/><G134/><T28/><D28/><U9/><E9/><V84/><F84/><N who="3" m="50191" /><G82/><T64/><D112/><U126/><E24/><V70/><F70/><W91/><G101/><N who="0" m="62911" /><D64/><N who="2" m="16386" /><V21/><DORA hai="133" /><F21/><N who="3" m="13759" /><G35/><T43/><D90/><N who="1" m="53455" /><E126/><V100/><F100/><W15/><G15/><T120/><D120/><U71/><E71/><V5/><F5/><AGARI ba="0,0" hai="5,10,13,43,45,49,68,69,77,83,86" m="62911" machi="5" ten="30,1000,0" yaku="25,1" doraHai="57,133" who="0" fromWho="2" sc="432,10,243,0,131,-10,194,0" owari="442,54.2,243,4.3,121,-37.9,194,-20.6" /></mjloggm>