<mjloggm ver="2.3"><GO type="225" lobby="0"/><UN n0="%E3%83%A9%E3%82%B9%E7%8E%87%EF%BC%93%E5%89%B2" n1="%4B%2E%32%2E%4B%2E" n2="%E7%99%BD%E5%80%89%E5%AF%9B%E4%B9%8B" n3="%E6%A1%9C%E8%8A%B1%E9%96%83%E3%80%85" dan="17,16,16,17" rate="2215.10,2195.22,2179.73,2222.43" sx="F,M,M,M"/><TAIKYOKU oya="0"/><INIT seed="0,0,0,3,2,115" ten="250,250,250,250" oya="0" hai0="125,56,124,112,53,10,111,40,100,52,122,80,135" hai1="81,2,28,66,44,43,30,121,45,75,42,134,107" hai2="37,46,110,103,105,24,6,57,33,22,91,51,87" hai3="27,123,65,15,47,126,31,41,38,84,96,29,14"/><T64/><D112/><U59/><E121/><V76/><F110/><W36/><G123/><T73/><D122/><U106/><E2/><V71/><F71/><W78/><G126/><N who="0" m="48747" /><D100/><U88/><E134/><V95/><F33/><W58/><G38/><T101/><D101/><U114/><E114/><V70/><F70/><W4/><G96/><T113/><D113/><U16/><E75/><V94/><F37/><W117/><G31/><N who="1" m="11818" /><E106/><V20/><F105/><W49/><G4/><T133/><D40/><N who="1" m="15403" /><E107/><V68/><F68/><W131/><G131/><T128/><D128/><U54/><E66/><V120/><F6/><W129/><G117/><T97/><D97/><U72/><E72/><V90/><F103/><W5/><G5/><T127/><D10/><U21/><E81/><N who="2" m="47527" /><F57/><W25/><G129/><T132/><N who="0" m="48755" /><T55/><DORA hai="86" /><D111/><U62/><E88/><N who="2" m="33835" /><F120/><W116/><G36/><T39/><D39/><U17/><E17/><N who="2" m="12303" /><F22/><W130/><G130/><T7/><D7/><U23/><E21/><V3/><F3/><W93/><G116/><T11/><D11/><U118/><E118/><V63/><F63/><W35/><G35/><T13/><D73/><U83/><E83/><V34/><F34/><W50/><G29/><T0/><D80/><U18/><E18/><V104/><F104/><W8/><G58/><T48/><D0/><U77/><E77/><V1/><F1/><W26/><G78/><T19/><D64/><U99/><E99/><V98/><F98/><W82/><G65/><T102/><D102/><U92/><E92/><V85/><F85/><W108/><G84/><RYUUKYOKU ba="0,0" sc="250,10,250,10,250,10,250,-30" hai0="13,19,48,52,53,55,56,132,133,135" hai1="16,23,44,45,54,59,62" hai2="46,51,94,95" /><INIT seed="0,1,0,5,0,18" ten="260,260,260,220" oya="0" hai0="58,72,103,11,15,10,8,74,113,108,20,131,31" hai1="24,45,5,77,17,78,118,14,12,42,69,109,3" hai2="120,68,36,100,33,106,85,65,32,95,48,127,9" hai3="63,30,84,21,99,114,87,98,39,22,25,66,110"/><T121/><D113/><U56/><E69/><V44/><F36/><W97/><G114/><T34/><D121/><U16/><E118/><V71/><F120/><W96/><N who="3" m="24576" /><DORA hai="133" /><W53/><G110/><T102/><D108/><U135/><E109/><V107/><F100/><W132/><G132/><T125/><D131/><U124/><E3/><V76/><F9/><W1/><G1/><T2/><D125/><U80/><E135/><V126/><F95/><W130/><G130/><T57/><D2/><U81/><E124/><N who="2" m="47659" /><F85/><W28/><G53/><T50/><D34/><N who="2" m="13418" /><F76/><W82/><G39/><T7/><D11/><U91/><E91/><V26/><F26/><N who="3" m="16463" /><G82/><T116/><D102/><U123/><E123/><V129/><F129/><W54/><G66/><T90/><D103/><U23/><E80/><V83/><F83/><W4/><G4/><T94/><D7/><U128/><E128/><V122/><F122/><W40/><G40/><T93/><D93/><U55/><E81/><V43/><F65/><W105/><G105/><AGARI ba="1,0" hai="43,44,48,68,71,105,106,107" m="13418,47659" machi="105" ten="40,8000,1" yaku="18,1,52,3" doraHai="18,133" who="2" fromWho="3" sc="260,0,260,0,260,83,220,-83" /><INIT seed="1,0,0,2,4,99" ten="260,260,343,137" oya="1" hai0="90,68,78,50,21,13,61,31,69,19,120,96,10" hai1="89,16,134,9,45,117,25,109,66,123,55,54,111" hai2="39,18,91,28,43,26,22,105,67,130,42,53,57" hai3="64,119,75,6,133,51,114,129,79,81,127,115,20"/><U108/><E134/><V116/><F105/><W33/><G33/><T7/><D120/><U131/><E131/><V49/><F130/><W2/><G129/><T98/><D78/><U36/><E117/><V0/><F0/><W5/><G133/><T103/><D31/><U52/><E123/><V92/><F39/><W74/><G119/><T94/><D50/><U44/><E66/><V113/><F113/><W76/><G127/><T88/><D61/><U71/><E71/><V4/><F4/><W121/><G121/><T29/><D29/><U110/><N who="1" m="27648" /><DORA hai="65" /><U82/><E36/><V83/><F83/><W47/><G20/><T95/><REACH who="0" step="1"/><D90/><REACH who="0" ten="250,260,343,137" step="2"/><U37/><E37/><V34/><F116/><W17/><G79/><T8/><D8/><U24/><E9/><V107/><F28/><W41/><G76/><T125/><D125/><U87/><E16/><V112/><F18/><W86/><G17/><T77/><D77/><U60/><E60/><V14/><F49/><W93/><G51/><T62/><D62/><U3/><E3/><AGARI ba="0,1" hai="3,7,10,13,19,21,68,69,88,94,95,96,98,103" machi="3" ten="30,12000,2" yaku="1,1,7,1,52,3,54,1,53,0" doraHai="99,65" doraHaiUra="56,128" who="0" fromWho="1" sc="250,130,260,-120,343,0,137,0" /><INIT seed="2,0,0,5,2,9" ten="380,140,343,137" oya="2" hai0="104,22,35,17,128,33,94,102,121,109,96,6,55" hai1="93,69,31,115,29,53,73,0,117,60,88,27,110" hai2="86,11,19,123,7,75,71,5,36,127,89,91,16" hai3="20,77,2,59,34,70,65,63,126,113,92,44,85"/><V37/><F75/><W21/><G34/><T107/><D121/><U54/><E115/><V112/><F71/><W13/><G2/><T82/><D109/><U68/><E117/><V18/><F112/><W4/><G113/><T78/><D128/><U14/><E73/><V105/><F123/><W132/><G132/><T50/><D6/><U120/><E0/><V42/><F105/><W124/><G70/><T133/><D133/><U111/><E120/><V122/><F122/><W66/><G66/><T84/><D104/><U116/><E116/><V83/><F127/><N who="3" m="48683" /><G44/><T39/><D39/><U79/><E79/><V101/><F101/><W103/><G103/><T47/><REACH who="0" step="1"/><D107/><REACH who="0" ten="370,140,343,137" step="2"/><U24/><E110/><V57/><F5/><W95/><G4/><T67/><D67/><U26/><E111/><V8/><F36/><W90/><G77/><T1/><D1/><U97/><E31/><V38/><F37/><W48/><G95/><T131/><D131/><U30/><E30/><V106/><F106/><W62/><G65/><T12/><AGARI ba="0,1" hai="12,17,22,33,35,47,50,55,78,82,84,94,96,102" machi="12" ten="20,5200,0" yaku="1,1,0,1,7,1,52,1,53,0" doraHai="9" doraHaiUra="108" who="0" fromWho="0" sc="370,62,140,-13,343,-26,137,-13" /><INIT seed="3,0,0,1,4,10" ten="432,127,317,124" oya="3" hai0="92,28,119,122,29,73,32,131,6,114,74,70,103" hai1="129,96,45,27,93,120,48,76,117,23,42,132,33" hai2="65,67,126,72,9,49,25,44,13,19,47,85,7" hai3="62,90,54,107,128,104,8,34,88,86,116,130,57"/><W21/><G116/><T58/><D70/><U71/><E120/><V0/><F72/><W111/><G34/><T68/><D68/><U41/><E71/><V12/><F126/><W60/><G111/><T46/><D6/><U110/><E33/><V26/><F0/><W43/><G43/><T36/><D29/><N who="1" m="17663" /><E110/><V69/><F47/><W66/><G21/><T109/><D92/><U40/><E117/><V83/><F69/><N who="3" m="42183" /><G8/><T5/><D58/><U82/><E129/><N who="3" m="49770" /><G90/><T78/><D32/><U37/><E132/><V1/><F1/><W121/><G121/><T135/><D122/><U3/><E37/><V97/><F67/><W2/><G2/><T52/><D36/><U14/><E14/><V15/><F65/><W79/><G79/><T112/><D78/><U77/><E3/><V105/><F15/><W35/><G35/><T4/><D119/><U84/><E76/><N who="2" m="46311" /><F105/><W59/><G57/><T113/><D131/><U18/><E18/><V16/><F19/><W98/><G98/><T115/><D113/><U124/><E124/><V22/><F97/><W95/><AGARI ba="0,0" hai="54,59,62,86,88,95,104,107" m="49770,42183" machi="95" ten="30,3000,0" yaku="19,1,54,1" doraHai="10" who="3" fromWho="3" sc="432,-10,127,-10,317,-10,124,30" /><INIT seed="3,1,0,1,2,118" ten="422,117,307,154" oya="3" hai0="86,100,45,74,107,31,113,116,4,6,120,30,56" hai1="103,48,7,75,27,33,78,134,28,110,20,24,37" hai2="99,47,12,101,133,22,105,68,89,83,122,70,13" hai3="69,67,77,112,92,90,130,25,8,63,72,1,102"/><W40/><G112/><T32/><D120/><U26/><E37/><V114/><F114/><W55/><G130/><T39/><D74/><U106/><E48/><V93/><F133/><W123/><G123/><T80/><D116/><U0/><E103/><V57/><F122/><W117/><G117/><T46/><D32/><N who="1" m="20487" /><E106/><V19/><F47/><N who="0" m="17930" /><D107/><U66/><E66/><V15/><F83/><W2/><G25/><T29/><D39/><U44/><E44/><V16/><F57/><W60/><G8/><T34/><D34/><U14/><E78/><V79/><F79/><W119/><G90/><N who="0" m="51527" /><D100/><U97/><E97/><V50/><F50/><W96/><G40/><T54/><D113/><U52/><E52/><V95/><F105/><W36/><G55/><T35/><D35/><U64/><E64/><V73/><F73/><W42/><G63/><AGARI ba="1,0" hai="4,6,29,30,31,54,56,63" m="51527,17930" machi="63" ten="30,1000,0" yaku="8,1" doraHai="118" who="0" fromWho="3" sc="422,13,117,0,307,0,154,-13" owari="435,53.5,117,-38.3,307,10.7,141,-25.9" /></mjloggm>