<mjloggm ver="2.3"><GO type="225" lobby="0"/><UN n0="%E5%B0%8F%E9%B3%A5%E9%81%8A%E7%B7%B4%E7%84%A1%32%31%E6%AD%B3" n1="%E7%9A%AE%E3%80%85" n2="%E3%81%8B%E3%82%8F%E3%81%A1%E3%82%83%E3%82%93%35%38" n3="%4C%4F%4C%49%54%41" dan="16,16,16,16" rate="2163.87,2134.65,2151.20,2147.61" sx="F,F,M,F"/><TAIKYOKU oya="0"/><INIT seed="0,0,0,1,0,127" ten="250,250,250,250" oya="0" hai0="44,134,43,57,20,61,40,82,112,59,129,65,41" hai1="79,69,131,18,0,10,25,1,36,27,101,88,13" hai2="47,94,22,32,14,42,6,83,31,5,120,125,126" hai3="68,16,107,39,58,135,45,12,104,23,80,26,130"/><T9/><D112/><U64/><E36/><V38/><F120/><W73/><G68/><T60/><D20/><U66/><E79/><V50/><F32/><W96/><G135/><T33/><D33/><U128/><E101/><V115/><F115/><W98/><G130/><N who="1" m="49706" /><E88/><V124/><F94/><W113/><G113/><T19/><D129/><U84/><E84/><V106/><F106/><W62/><G73/><T63/><D134/><U100/><E100/><V99/><F99/><W46/><G80/><T72/><D82/><U78/><E78/><V29/><F38/><W28/><G104/><T81/><D81/><U3/><E69/><V67/><F67/><AGARI ba="0,0" hai="0,1,3,10,13,18,25,27,64,66,67" m="49706" machi="67" ten="40,8000,1" yaku="19,1,52,3" doraHai="127" who="1" fromWho="2" sc="250,0,250,80,250,-80,250,0" /><INIT seed="1,0,0,2,1,30" ten="250,330,170,250" oya="1" hai0="83,109,39,122,87,106,124,112,108,49,95,75,25" hai1="16,79,13,113,33,89,127,99,53,29,70,101,76" hai2="9,46,61,65,69,7,43,86,32,77,18,119,72" hai3="37,100,111,22,97,14,27,0,88,19,126,74,41"/><U35/><E113/><V5/><F119/><W63/><G0/><T50/><D39/><U92/><E70/><V73/><F18/><W28/><G74/><T52/><D52/><U34/><BYE who="0" /><E29/><V80/><F5/><W11/><G111/><T105/><D105/><U128/><E128/><V44/><F44/><W67/><G126/><T116/><D116/><U68/><E68/><V94/><F94/><W31/><G41/><UN n0="%E5%B0%8F%E9%B3%A5%E9%81%8A%E7%B7%B4%E7%84%A1%32%31%E6%AD%B3" /><T58/><D122/><U45/><E127/><V130/><F130/><W3/><G37/><T8/><D106/><U42/><E53/><V135/><F135/><W98/><G3/><T104/><D104/><U62/><E62/><V26/><F26/><W6/><G100/><T121/><D121/><U17/><E101/><V51/><REACH who="2" step="1"/><F32/><REACH who="2" ten="250,330,160,250" step="2"/><W54/><G6/><T59/><D124/><U24/><E24/><V120/><F120/><W2/><G27/><T85/><D25/><U115/><E115/><V125/><F125/><W107/><G107/><T81/><D95/><U12/><E17/><V38/><F38/><W71/><G19/><T110/><D112/><U102/><E16/><V96/><F96/><W103/><G98/><T90/><D109/><U1/><E45/><V134/><F134/><W48/><G97/><T114/><D114/><U123/><E123/><V82/><F82/><W20/><G31/><T57/><D110/><U84/><E99/><V15/><AGARI ba="0,1" hai="7,9,15,43,46,51,61,65,69,72,73,77,80,86" machi="15" ten="20,8000,1" yaku="1,1,0,1,7,1,25,2,53,0" doraHai="30" doraHaiUra="55" who="2" fromWho="2" sc="250,-20,330,-40,160,90,250,-20" /><INIT seed="2,0,0,0,2,127" ten="230,290,250,230" oya="2" hai0="121,42,48,57,2,125,100,109,132,112,1,36,54" hai1="22,33,18,6,55,29,99,60,104,45,28,80,110" hai2="82,135,65,51,117,4,12,11,89,39,21,50,92" hai3="102,43,88,52,17,85,63,41,40,76,7,31,61"/><V32/><F32/><W95/><G31/><T66/><D125/><U124/><E124/><V19/><F117/><W44/><G7/><T130/><D112/><U79/><E33/><V8/><F135/><W116/><G116/><T68/><D132/><U53/><E110/><V70/><F39/><W83/><G102/><T56/><D109/><U3/><E3/><V0/><F70/><W34/><G34/><T86/><D100/><U71/><E6/><V115/><F65/><W107/><G107/><T101/><D101/><U129/><E104/><V25/><F82/><W10/><G10/><T20/><D121/><U23/><E99/><V62/><F62/><W111/><G17/><T81/><D20/><U67/><E23/><V16/><REACH who="2" step="1"/><F115/><REACH who="2" ten="230,290,240,230" step="2"/><W35/><G35/><T123/><D68/><U5/><E71/><V73/><F73/><W122/><G111/><T38/><D36/><U49/><E67/><V46/><F46/><W74/><REACH who="3" step="1"/><G122/><REACH who="3" ten="230,290,240,220" step="2"/><T97/><D123/><U128/><E128/><V64/><F64/><W96/><G96/><AGARI ba="0,2" hai="0,4,8,11,12,16,19,21,25,50,51,89,92,96" machi="96" ten="30,5800,0" yaku="1,1,7,1,54,1,53,0" doraHai="127" doraHaiUra="126" who="2" fromWho="3" sc="230,0,290,0,240,78,220,-58" /><INIT seed="2,1,0,1,4,29" ten="230,290,318,162" oya="2" hai0="54,89,102,24,48,58,119,67,62,71,93,59,74" hai1="122,133,35,56,105,132,111,131,79,116,127,78,112" hai2="57,19,86,101,42,5,121,21,114,109,45,66,129" hai3="4,80,90,50,94,10,123,17,125,87,98,16,134"/><V14/><F114/><W41/><G123/><T70/><D74/><U28/><RYUUKYOKU type="yao9" ba="1,0" sc="230,0,290,0,318,0,162,0" hai1="28,35,56,78,79,105,111,112,116,122,127,131,132,133" /><INIT seed="2,2,0,5,3,46" ten="230,290,318,162" oya="2" hai0="5,72,63,130,49,7,70,102,77,47,106,13,8" hai1="57,97,37,123,40,71,69,83,95,43,6,127,34" hai2="120,27,1,0,108,128,14,45,12,15,30,24,61" hai3="20,54,35,55,3,100,29,74,86,11,59,17,92"/><V76/><F76/><W99/><G74/><T67/><D130/><U96/><E123/><V26/><F120/><W68/><G68/><T44/><D5/><U90/><E34/><V19/><F128/><W126/><G126/><T114/><D114/><U73/><E6/><V132/><F61/><W33/><G29/><T23/><D23/><U32/><E32/><N who="2" m="20551" /><F45/><W89/><G11/><T41/><D106/><U53/><E96/><V131/><F131/><W84/><G3/><N who="2" m="1097" /><F132/><W22/><G22/><T16/><D102/><U75/><E75/><V93/><F93/><W104/><G86/><T124/><D124/><U116/><E127/><V105/><F105/><W62/><REACH who="3" step="1"/><G54/><REACH who="3" ten="230,290,318,152" step="2"/><T87/><D72/><U122/><E53/><V94/><F108/><W98/><G98/><T80/><D44/><U111/><E97/><V2/><F2/><W48/><G48/><T56/><REACH who="0" step="1"/><D7/><REACH who="0" ten="220,290,318,152" step="2"/><U113/><E73/><V42/><F19/><W64/><G64/><T36/><D36/><U118/><E37/><V135/><F135/><W60/><G60/><T58/><AGARI ba="2,2" hai="8,13,16,41,47,49,56,58,63,67,70,77,80,87" machi="58" ten="30,8000,1" yaku="1,1,0,1,52,1,54,1,53,1" doraHai="46" doraHaiUra="78" who="0" fromWho="0" sc="220,106,290,-22,318,-42,152,-22" /><INIT seed="3,0,0,2,4,90" ten="326,268,276,130" oya="3" hai0="51,112,47,77,64,61,79,4,94,130,66,28,13" hai1="101,81,10,7,84,95,22,73,58,106,85,75,104" hai2="96,35,110,122,8,69,129,113,70,29,114,125,3" hai3="131,72,0,24,25,134,53,26,6,50,56,76,99"/><W126/><G126/><T97/><D130/><U19/><E58/><V118/><RYUUKYOKU type="yao9" ba="0,0" sc="326,0,268,0,276,0,130,0" hai2="3,8,29,35,69,70,96,110,113,114,118,122,125,129" /><INIT seed="3,1,0,4,2,38" ten="326,268,276,130" oya="3" hai0="10,83,8,109,85,76,4,110,1,74,19,21,99" hai1="103,55,120,100,56,90,9,127,64,5,118,40,23" hai2="50,0,121,79,42,59,35,54,77,87,122,58,66" hai3="113,95,78,107,93,105,115,71,39,70,11,29,41"/><W67/><G78/><T52/><D10/><U49/><E120/><N who="2" m="46187" /><F0/><W30/><G11/><T102/><D74/><U111/><E111/><N who="0" m="42505" /><D52/><U13/><E127/><V46/><F35/><W75/><G39/><T57/><D57/><N who="2" m="21514" /><F66/><W22/><G22/><T88/><D19/><U12/><E118/><V135/><F135/><W7/><G75/><T84/><D21/><U63/><E90/><V108/><F108/><W14/><G14/><T119/><D119/><U45/><E64/><V3/><F3/><W89/><G67/><T32/><D32/><U128/><E128/><V2/><F2/><W73/><G73/><N who="0" m="43407" /><D88/><U60/><E60/><V94/><F94/><AGARI ba="1,0" hai="1,4,8,84,85,94,99,102" m="43407,42505" machi="94" ten="30,1000,0" yaku="14,1" doraHai="38" who="0" fromWho="2" sc="326,13,268,0,276,-13,130,0" owari="339,43.9,268,6.8,263,-13.7,130,-37.0" /></mjloggm>