<mjloggm ver="2.3"><GO type="225" lobby="0"/><UN n0="%E3%80%90%E3%83%88%E3%83%AA%E3%83%A5%E3%83%95%E3%80%91" n1="%E3%81%BF%E3%81%BF%E3%81%9A" n2="%77%72%77%72%77%72%77%72" n3="%E6%9C%88%E5%B3%B6%E5%9F%BA" dan="16,18,17,16" rate="2111.13,2243.16,2164.63,2031.18" sx="M,M,M,M"/><TAIKYOKU oya="0"/><INIT seed="0,0,0,1,5,9" ten="250,250,250,250" oya="0" hai0="60,62,117,14,73,80,44,135,92,1,54,133,115" hai1="71,72,91,33,32,19,83,101,31,130,110,119,0" hai2="123,122,134,59,4,113,17,28,58,15,125,102,108" hai3="7,65,36,86,132,6,41,25,48,67,129,81,96"/><T45/><D1/><U26/><E71/><V16/><F113/><W126/><G36/><T74/><D115/><U84/><E119/><V2/><F102/><W8/><G129/><T88/><D117/><U52/><E0/><V53/><F108/><W95/><G132/><N who="0" m="50763" /><D80/><U90/><E110/><V27/><F134/><W105/><G105/><T21/><D54/><U50/><E130/><V39/><F39/><W128/><G126/><T55/><D55/><U100/><E72/><N who="0" m="27753" /><D21/><U111/><E111/><V43/><F43/><W5/><G81/><T49/><D14/><U75/><E75/><V93/><F125/><W107/><G41/><N who="0" m="24719" /><D45/><U99/><E33/><V103/><F123/><W97/><G67/><T24/><D24/><U34/><E32/><V98/><F2/><W87/><G25/><T56/><D56/><U70/><E70/><V104/><F58/><W118/><G65/><T47/><D47/><U82/><E19/><V20/><F122/><W10/><G118/><T69/><D69/><U13/><E13/><V22/><F4/><W106/><G128/><T63/><D63/><U42/><E42/><V35/><F35/><W89/><G48/><T40/><D40/><U109/><E109/><V120/><F120/><W94/><G7/><T64/><D64/><U79/><E79/><V127/><F127/><W61/><G61/><T30/><D30/><U38/><E38/><V121/><F121/><W116/><G116/><T51/><D51/><U66/><E66/><V131/><F131/><W85/><G6/><T11/><D11/><N who="3" m="4137" /><G5/><T12/><D12/><U114/><E114/><RYUUKYOKU ba="0,0" sc="250,15,250,-15,250,-15,250,15" hai0="60,62,88,92" hai3="85,86,87,89,94,95,96,97,106,107" /><INIT seed="0,1,0,5,3,73" ten="265,235,235,265" oya="0" hai0="46,64,91,88,89,127,118,80,41,114,96,119,97" hai1="123,29,102,20,52,122,93,106,111,128,133,112,61" hai2="104,94,75,49,82,129,5,108,54,27,56,11,135" hai3="130,25,53,69,107,42,67,40,62,85,83,36,72"/><T131/><D114/><U1/><E1/><V132/><F104/><W43/><G130/><T9/><D131/><U4/><E4/><V101/><F129/><W17/><G107/><T103/><D64/><U18/><E128/><V134/><F108/><W37/><G72/><T109/><D9/><U8/><E8/><V31/><F101/><W35/><G53/><T32/><D32/><U26/><E111/><V120/><F120/><W10/><G35/><T3/><D3/><U51/><E133/><V105/><F105/><W57/><G69/><T117/><D109/><U113/><E106/><V66/><F94/><W121/><G121/><T6/><D6/><U38/><E61/><V79/><F66/><W124/><G124/><T33/><D33/><U13/><E38/><V50/><F50/><W110/><G110/><T77/><D127/><U24/><E24/><V100/><F100/><W81/><G81/><T28/><D28/><U87/><E87/><V71/><F71/><W92/><G92/><N who="0" m="58759" /><D46/><N who="1" m="27767" /><E93/><V19/><F19/><W126/><G126/><T44/><D44/><U60/><E60/><V55/><F55/><W116/><G116/><T48/><D48/><U2/><E2/><N who="2" m="439" /><F27/><W95/><G95/><N who="0" m="56551" /><D41/><U84/><E102/><V99/><F31/><W0/><G0/><T68/><D68/><U12/><E84/><AGARI ba="1,0" hai="77,80,84,89,91,117,118,119" m="56551,58759" machi="84" ten="30,11600,0" yaku="34,2,52,1,54,1" doraHai="73" who="0" fromWho="1" sc="265,119,235,-119,235,0,265,0" /><INIT seed="0,2,0,2,4,78" ten="384,116,235,265" oya="0" hai0="32,119,47,37,2,116,124,25,63,62,82,108,67" hai1="69,106,114,56,131,91,118,29,113,117,54,87,97" hai2="51,43,16,38,73,45,134,88,102,14,65,19,133" hai3="55,24,89,28,71,121,59,15,42,27,109,44,122"/><T26/><D2/><U35/><E69/><V23/><F65/><W12/><G71/><T80/><D67/><U1/><E1/><V64/><F64/><W3/><G3/><T34/><D47/><U120/><E29/><V53/><F102/><W33/><G109/><T100/><D100/><N who="1" m="62735" /><E35/><N who="0" m="13353" /><D37/><U92/><E120/><N who="3" m="46186" /><G24/><N who="0" m="9323" /><D108/><U52/><E54/><V13/><F73/><W98/><G89/><T130/><D130/><U66/><E66/><V128/><F128/><W90/><G90/><T94/><D94/><U41/><E41/><V20/><REACH who="2" step="1"/><F88/><REACH who="2" ten="384,116,225,265" step="2"/><W0/><G98/><T36/><D119/><U95/><E131/><V21/><F21/><W39/><G33/><T107/><D116/><U4/><E92/><V129/><F129/><W5/><G28/><T31/><D31/><U72/><E72/><V111/><F111/><W68/><G68/><T132/><D36/><U75/><E75/><V84/><F84/><W85/><G85/><T8/><D107/><U40/><E118/><V125/><F125/><W10/><G27/><T105/><D105/><U11/><E117/><V112/><F112/><W93/><G93/><T103/><D103/><U60/><E114/><V77/><F77/><W30/><G30/><T61/><D124/><U6/><E113/><V18/><F18/><W70/><G70/><T7/><D7/><N who="1" m="2603" /><E11/><V81/><F81/><N who="0" m="31338" /><D8/><U57/><E56/><AGARI ba="2,1" hai="13,14,16,19,20,23,38,43,45,51,53,56,133,134" machi="56" ten="40,5200,0" yaku="1,1,9,1,54,1,53,0" doraHai="78" doraHaiUra="58" who="2" fromWho="1" sc="384,0,116,-58,225,68,265,0" /><INIT seed="1,0,0,0,5,30" ten="384,58,293,265" oya="1" hai0="61,51,57,67,38,5,23,86,78,90,73,68,14" hai1="63,31,108,88,29,125,116,134,82,105,131,118,41" hai2="85,91,48,49,135,97,19,42,76,6,75,83,126" hai3="52,26,45,111,69,25,107,27,115,56,46,24,70"/><U96/><E41/><V4/><F135/><W89/><G115/><T95/><D38/><U124/><E134/><V44/><F126/><N who="1" m="48745" /><E131/><V36/><F97/><W71/><G111/><T129/><D129/><U13/><E13/><V123/><F123/><W81/><G107/><T84/><D73/><U0/><E0/><V100/><F100/><W98/><N who="3" m="6144" /><DORA hai="33" /><W106/><G106/><T114/><D114/><U22/><E63/><V3/><F19/><W113/><G113/><T8/><D23/><U43/><E43/><V117/><F117/><N who="1" m="45161" /><E22/><V11/><F4/><W39/><G39/><T50/><D68/><U12/><E12/><V109/><F109/><W1/><G1/><T55/><D67/><U132/><E108/><V93/><AGARI ba="0,0" hai="3,6,11,36,42,44,48,49,75,76,83,85,91,93" machi="93" ten="20,8000,1" yaku="0,1,7,1,25,2,52,1" doraHai="30,33" who="2" fromWho="2" sc="384,-20,58,-40,293,80,265,-20" /><INIT seed="2,0,0,4,0,104" ten="364,18,373,245" oya="2" hai0="58,46,59,69,20,55,108,16,89,103,97,109,56" hai1="53,8,71,75,116,9,122,54,33,135,5,29,125" hai2="39,3,98,72,62,102,94,38,83,111,11,1,17" hai3="110,112,77,6,64,21,61,124,128,30,42,27,48"/><V65/><F111/><N who="0" m="42570" /><D89/><U4/><E75/><V51/><F51/><W0/><G110/><T81/><D81/><U91/><E122/><V134/><F134/><W70/><G124/><T23/><D69/><U24/><E116/><V101/><F101/><W13/><G128/><T126/><D126/><U95/><E125/><V37/><F17/><W52/><G112/><T80/><D80/><U67/><E135/><V85/><F72/><W35/><G77/><T82/><D82/><U45/><E71/><V92/><F92/><W90/><G42/><T84/><D84/><U132/><E67/><V123/><F11/><W100/><G90/><T2/><D2/><U10/><E132/><V76/><REACH who="2" step="1"/><F123/><REACH who="2" ten="364,18,363,245" step="2"/><W12/><G100/><T113/><D113/><U66/><E66/><V115/><F115/><W130/><G48/><N who="0" m="29079" /><D16/><U121/><E121/><V34/><F34/><W49/><G35/><T22/><D20/><U18/><E18/><V88/><F88/><W78/><G78/><T28/><D28/><U25/><E25/><V118/><F118/><W15/><G49/><T41/><D41/><U14/><E45/><V79/><F79/><W40/><G40/><T107/><AGARI ba="0,1" hai="22,23,56,58,59,97,103,107" m="29079,42570" machi="107" ten="30,1100,0" yaku="14,1" doraHai="104" who="0" fromWho="0" sc="364,21,18,-3,363,-5,245,-3" /><INIT seed="3,0,0,2,3,60" ten="385,15,358,242" oya="3" hai0="131,71,119,51,87,99,55,101,1,88,38,70,123" hai1="126,102,28,130,83,85,6,58,65,34,111,78,118" hai2="69,63,112,32,129,19,132,46,11,104,37,97,124" hai3="5,41,2,92,25,13,113,22,106,108,76,44,68"/><W80/><G113/><T49/><D119/><U59/><E111/><V43/><F112/><W14/><G106/><T96/><D38/><U89/><E118/><V27/><F129/><W116/><G116/><T31/><D1/><U57/><E130/><V21/><F132/><W16/><G108/><T75/><D75/><U91/><E126/><V9/><F124/><W114/><G114/><T54/><D31/><U15/><E102/><V84/><F84/><W93/><G68/><T109/><D109/><U53/><E65/><V0/><F0/><W95/><G2/><T74/><D74/><U105/><E105/><V35/><F35/><W82/><G5/><T4/><D123/><U86/><E34/><V67/><REACH who="2" step="1"/><F32/><REACH who="2" ten="385,15,348,242" step="2"/><W134/><G134/><T39/><D131/><U122/><E122/><V94/><F94/><W45/><G76/><T62/><D87/><U128/><E128/><V115/><F115/><W23/><G41/><T77/><D77/><U3/><E3/><V50/><F50/><W40/><G40/><T30/><D49/><U26/><E78/><V42/><F42/><W107/><G107/><T133/><D133/><U135/><E135/><V73/><F73/><W90/><G90/><T7/><D88/><U47/><E47/><N who="3" m="17994" /><G14/><T121/><D121/><U98/><E15/><V12/><F12/><W81/><G25/><T100/><D39/><U125/><E125/><V72/><F72/><W103/><G103/><AGARI ba="0,1" hai="9,11,19,21,27,37,43,46,63,67,69,97,103,104" machi="103" ten="40,2600,0" yaku="1,1,52,1,53,0" doraHai="60" doraHaiUra="52" who="2" fromWho="3" sc="385,0,15,0,348,36,242,-26" owari="385,48.5,15,-48.5,384,18.4,216,-18.4" /></mjloggm>