<mjloggm ver="2.3"><GO type="225" lobby="0"/><UN n0="%E6%A1%9C%E8%8A%B1%E9%96%83%E3%80%85" n1="%E5%8F%AF%E5%85%90%E9%82%A3%E7%94%B1%E5%A4%9A" n2="%E3%83%81%E3%83%83%E3%82%BF%E3%82%BD%E3%83%BC" n3="%E3%81%95%E3%81%8D%E3%81%9F%E3%81%BE%E6%9E%97%E6%AA%8E" dan="17,16,16,16" rate="2184.08,2077.46,2189.71,2055.33" sx="M,F,F,M"/><TAIKYOKU oya="0"/><INIT seed="0,0,0,3,4,45" ten="250,250,250,250" oya="0" hai0="64,129,35,65,74,62,127,57,16,98,91,131,13" hai1="106,124,59,67,50,61,29,71,25,32,132,112,27" hai2="15,69,117,24,108,41,125,68,17,107,0,133,88" hai3="18,49,102,118,55,89,47,126,76,46,82,33,85"/><T10/><D74/><U2/><E124/><V56/><F125/><W9/><G126/><T87/><D127/><U96/><E132/><V20/><F117/><W79/><G118/><T7/><D35/><U94/><E112/><V123/><F123/><W84/><G33/><T14/><D98/><U44/><E2/><V113/><F113/><W48/><G102/><T34/><D34/><U66/><E25/><V90/><F133/><W5/><G85/><T26/><D26/><U103/><E94/><V130/><F0/><W42/><REACH who="3" step="1"/><G18/><REACH who="3" ten="250,250,250,240" step="2"/><T70/><D131/><U6/><E6/><V36/><F130/><W63/><G63/><T40/><D129/><U37/><E37/><V111/><F108/><W60/><G60/><T54/><D70/><U51/><E71/><V134/><F111/><W53/><G53/><T31/><D31/><U105/><E67/><V8/><F69/><W19/><G19/><T28/><D28/><U122/><E122/><V77/><F68/><W97/><G97/><T58/><D40/><U110/><E110/><V73/><F36/><W114/><G114/><T83/><REACH who="0" step="1"/><D57/><REACH who="0" ten="240,250,250,240" step="2"/><U21/><E32/><V92/><F56/><W109/><G109/><T120/><D120/><U128/><E128/><V95/><F41/><W93/><G93/><T116/><D116/><U101/><E105/><V119/><F107/><W30/><G30/><T100/><D100/><U12/><E103/><V39/><F95/><W1/><AGARI ba="0,2" hai="1,5,9,42,46,47,48,49,55,76,79,82,84,89" machi="1" ten="20,12000,2" yaku="1,1,0,1,7,1,52,2,53,1" doraHai="45" doraHaiUra="78" who="3" fromWho="3" sc="240,-60,250,-30,250,-30,240,140" /><INIT seed="1,0,0,4,2,109" ten="180,220,220,380" oya="1" hai0="7,98,5,71,66,48,64,45,130,57,88,11,44" hai1="112,131,132,52,70,53,134,94,3,115,128,21,118" hai2="122,108,81,6,119,59,14,77,80,73,36,113,89" hai3="43,111,8,65,123,126,13,133,96,114,106,38,27"/><U32/><E32/><V102/><F119/><W62/><G111/><T12/><D130/><N who="1" m="49707" /><E118/><V10/><F122/><W19/><G123/><T99/><D71/><U79/><E3/><V75/><F108/><W1/><G133/><N who="1" m="51306" /><E79/><V4/><F36/><W41/><G38/><T16/><D45/><U47/><E70/><V125/><F125/><W46/><G126/><T0/><D98/><U63/><E21/><V84/><F102/><W105/><G1/><T18/><D7/><U72/><E72/><V101/><F101/><W34/><G96/><T74/><D74/><U117/><E117/><V23/><F23/><W121/><G34/><T33/><D33/><U135/><N who="1" m="51314" /><U76/><DORA hai="83" /><E76/><V87/><F4/><W100/><G100/><T9/><D18/><U68/><E94/><V103/><F103/><W69/><G69/><T67/><D0/><U110/><E110/><V31/><F31/><W61/><G106/><T104/><D104/><U58/><E68/><V15/><F14/><W129/><G13/><T51/><D5/><U42/><E53/><V85/><F73/><W107/><G105/><T22/><D22/><U116/><E116/><V120/><F120/><W127/><G121/><T49/><D9/><U30/><E30/><V82/><F75/><W2/><G107/><T35/><D35/><U95/><E95/><V91/><F77/><W20/><G2/><T24/><D11/><U37/><AGARI ba="0,0" hai="37,42,47,52,58,63,112,115" m="51314,49707" machi="37" ten="50,18000,2" yaku="19,1,20,1,34,2,52,2,54,1" doraHai="109,83" who="1" fromWho="1" sc="180,-60,220,180,220,-60,380,-60" /><INIT seed="1,1,0,5,1,71" ten="120,400,160,320" oya="1" hai0="3,129,19,20,0,87,48,75,95,76,85,65,61" hai1="124,94,13,26,72,51,104,122,5,56,133,44,102" hai2="125,15,134,66,121,1,30,110,55,9,83,52,117" hai3="45,40,57,37,109,58,89,8,68,108,18,79,88"/><U10/><E122/><V100/><F117/><W123/><G123/><T114/><D114/><U103/><E72/><V91/><F121/><W127/><G68/><T62/><D129/><U119/><E119/><V7/><F125/><W84/><G127/><T98/><D75/><U27/><E124/><V12/><F110/><N who="3" m="42603" /><G79/><T46/><D0/><U34/><E104/><V90/><F134/><W31/><G31/><T112/><D3/><U47/><E133/><V64/><F30/><W128/><G128/><T99/><D99/><U106/><E106/><V74/><F100/><W86/><G8/><T118/><D112/><U21/><E34/><V69/><F69/><W59/><G18/><T2/><D2/><U25/><E21/><V131/><F131/><W97/><G97/><T17/><D17/><U130/><E130/><V39/><F1/><W120/><G120/><T111/><D118/><U135/><E135/><V38/><F9/><W73/><G73/><T81/><D87/><AGARI ba="1,0" hai="37,40,45,57,58,59,84,86,87,88,89" m="42603" machi="87" ten="30,3900,0" yaku="14,1,52,1,54,1" doraHai="71" who="3" fromWho="0" sc="120,-42,400,0,160,0,320,42" /><INIT seed="2,0,0,4,5,99" ten="78,400,160,362" oya="2" hai0="66,40,4,1,77,16,55,62,25,115,94,106,64" hai1="43,75,74,26,127,98,84,2,90,6,34,0,134" hai2="31,49,67,80,27,50,41,48,107,45,71,3,116" hai3="78,58,96,132,103,23,46,13,133,83,119,129,15"/><V14/><F116/><W100/><G119/><T108/><D115/><U28/><E98/><V37/><F3/><W47/><G96/><T85/><D106/><U10/><E0/><V82/><F107/><W123/><G123/><T97/><D108/><U113/><E113/><V61/><REACH who="2" step="1"/><F14/><REACH who="2" ten="78,400,150,362" step="2"/><W22/><G129/><T114/><D114/><U88/><E134/><V57/><F57/><W121/><G58/><N who="0" m="35167" /><D1/><U130/><E130/><V95/><F95/><W69/><G13/><T110/><D110/><U53/><E127/><V68/><F68/><W70/><G15/><T56/><D56/><U109/><E109/><V111/><F111/><W33/><G70/><T128/><D128/><U101/><E2/><V52/><F52/><W102/><G69/><T12/><D4/><U122/><E53/><V60/><F60/><W29/><G121/><T54/><D54/><U36/><E6/><V93/><F93/><W72/><G33/><AGARI ba="0,1" hai="27,31,33,37,41,45,48,49,50,61,67,71,80,82" machi="33" ten="40,2000,0" yaku="1,1,53,0" doraHai="99" doraHaiUra="51" who="2" fromWho="3" sc="78,0,400,0,150,30,362,-20" /><INIT seed="2,1,0,1,2,52" ten="78,400,180,342" oya="2" hai0="88,82,81,123,113,24,8,14,23,99,54,111,109" hai1="61,53,94,56,62,97,51,46,45,76,107,131,91" hai2="37,86,73,40,105,26,35,10,43,132,58,101,115" hai3="128,117,87,13,85,39,77,74,79,11,100,96,114"/><V71/><F115/><W41/><G117/><T122/><D113/><U135/><E135/><V36/><F73/><W17/><G114/><T6/><D123/><U20/><E131/><V57/><F71/><W50/><G39/><T34/><D122/><U27/><E107/><V112/><F112/><W67/><G67/><T49/><D34/><U31/><E76/><V84/><F10/><W47/><G128/><T119/><D119/><U83/><E83/><V124/><F105/><W103/><G74/><T55/><D55/><N who="1" m="31871" /><E61/><V29/><F101/><W44/><G44/><T15/><D15/><U32/><E32/><V0/><F0/><W25/><G25/><T72/><D72/><U75/><E75/><V22/><F35/><W30/><G30/><T93/><D111/><U48/><E62/><V64/><F64/><W1/><G1/><T102/><D102/><N who="3" m="38953" /><G96/><T118/><D109/><U125/><E125/><V95/><F124/><W3/><G3/><T78/><D78/><AGARI ba="1,0" hai="11,13,17,41,47,50,77,78,79,85,87" m="38953" machi="78" ten="30,1000,0" yaku="8,1" doraHai="52" who="3" fromWho="0" sc="78,-13,400,0,180,0,342,13" /><INIT seed="3,0,0,3,4,24" ten="65,400,180,355" oya="3" hai0="9,79,95,59,62,75,94,45,134,41,32,16,118" hai1="22,103,49,77,82,117,81,30,44,12,57,133,10" hai2="125,92,110,90,71,18,114,78,116,74,36,121,43" hai3="21,109,20,64,5,123,120,70,55,89,15,2,119"/><W39/><G119/><T76/><D118/><U101/><E133/><V66/><F18/><W99/><G39/><T26/><D134/><U46/><E117/><V112/><F66/><W130/><G2/><T113/><D113/><U56/><E22/><V40/><F43/><W54/><G70/><T8/><D75/><U68/><E30/><V129/><F40/><W47/><G64/><T48/><D79/><U80/><E68/><V35/><F90/><W86/><G130/><T0/><D76/><U6/><E77/><V17/><F92/><N who="3" m="56719" /><G123/><T83/><D83/><U3/><E3/><V25/><F17/><N who="3" m="10303" /><G120/><T122/><D122/><U28/><E28/><V63/><F78/><W34/><G34/><T135/><D135/><U102/><E46/><V105/><F25/><W107/><G107/><T93/><D0/><U23/><E23/><V38/><F36/><W37/><G109/><T58/><D32/><U126/><E126/><V65/><F65/><W131/><G131/><T52/><REACH who="0" step="1"/><D59/><REACH who="0" ten="55,400,180,355" step="2"/><U53/><AGARI ba="0,1" hai="6,10,12,44,49,53,56,57,80,81,82,101,102,103" machi="53" ten="30,2000,0" yaku="0,1,8,1" doraHai="24" who="1" fromWho="1" sc="55,-5,400,30,180,-5,355,-10" owari="50,-45.0,430,53.0,175,-22.5,345,14.5" /></mjloggm>