<mjloggm ver="2.3"><GO type="225" lobby="0"/><UN n0="%E3%81%95%E3%81%8D%E3%81%9F%E3%81%BE%E6%9E%97%E6%AA%8E" n1="%E3%83%96%E3%83%83%E3%83%91%E3%82%AA%E3%83%96%E3%83%81%E3%82%AD%E3%83%B3" n2="%E3%81%8B%E3%82%8F%E3%81%A1%E3%82%83%E3%82%93%35%38" n3="%70%68%65%6E%6F%6D%65" dan="16,16,16,16" rate="2133.86,2160.23,2142.32,2158.60" sx="M,M,M,M"/><TAIKYOKU oya="0"/><INIT seed="0,0,0,1,5,11" ten="250,250,250,250" oya="0" hai0="8,6,71,88,5,111,76,58,28,43,57,36,48" hai1="102,106,112,113,69,120,122,27,24,80,118,84,40" hai2="63,123,0,124,4,100,20,14,90,101,42,107,132" hai3="22,87,74,1,82,59,61,128,18,13,110,114,68"/><T93/><D71/><U29/><E69/><V99/><F123/><N who="1" m="47145" /><E40/><V9/><F124/><W94/><G114/><N who="1" m="44138" /><E118/><V70/><F132/><W98/><G128/><T3/><D36/><U55/><E55/><V34/><F34/><W38/><G110/><T35/><D76/><N who="1" m="46087" /><E29/><V135/><F42/><W77/><G38/><T39/><D111/><U91/><E91/><V121/><F90/><W41/><G41/><T92/><D39/><U54/><E54/><V83/><F70/><W95/><G1/><T60/><D6/><U62/><E62/><V108/><F63/><W125/><G125/><T134/><D134/><U85/><E85/><V51/><F0/><W50/><G50/><T2/><D2/><U52/><E52/><V49/><F135/><W19/><G68/><T116/><D116/><U72/><E72/><V64/><F4/><W115/><G115/><T23/><D60/><U31/><E31/><V75/><F51/><W129/><G129/><T25/><D58/><U30/><E30/><V12/><F49/><W133/><G133/><T103/><D57/><U15/><E15/><N who="2" m="5675" /><F121/><W81/><G61/><T105/><D48/><U16/><E16/><V46/><F75/><W21/><G59/><T33/><D43/><U96/><AGARI ba="0,0" hai="24,27,96,102,106" m="46087,44138,47145" machi="96" ten="40,1500,0" yaku="11,1" doraHai="11" who="1" fromWho="1" sc="250,-7,250,15,250,-4,250,-4" /><INIT seed="1,0,0,4,2,42" ten="243,265,246,246" oya="1" hai0="107,119,14,117,19,111,45,2,84,88,99,56,108" hai1="62,7,112,6,134,16,65,0,83,118,9,127,95" hai2="46,18,76,48,8,100,103,26,40,82,64,63,36" hai3="53,44,11,69,61,25,34,73,113,37,67,110,106"/><U49/><E112/><V68/><F48/><W80/><G106/><T15/><D2/><U114/><E118/><V72/><REACH who="2" step="1"/><F8/><REACH who="2" ten="243,265,236,246" step="2"/><W104/><G11/><T87/><D119/><U121/><E49/><V93/><F93/><W51/><G113/><T77/><D117/><U109/><E95/><V39/><F39/><W5/><G110/><T115/><D115/><U81/><E9/><V128/><F128/><W129/><G129/><T33/><D111/><U3/><E109/><V52/><F52/><W31/><G104/><T91/><D108/><U133/><E114/><V135/><F135/><W105/><G105/><T96/><D107/><U90/><E134/><V79/><F79/><W125/><G125/><T78/><D33/><U24/><E127/><V23/><AGARI ba="0,1" hai="18,23,26,36,40,46,63,64,68,72,76,82,100,103" machi="23" ten="30,4000,0" yaku="1,1,0,1,52,1,53,0" doraHai="42" doraHaiUra="32" who="2" fromWho="2" sc="243,-10,265,-20,236,50,246,-10" /><INIT seed="2,0,0,0,0,106" ten="233,245,286,236" oya="2" hai0="18,70,33,90,35,133,22,119,73,62,116,100,47" hai1="2,12,20,0,7,130,97,117,88,65,93,1,30" hai2="82,124,46,69,15,77,57,118,64,50,67,54,40" hai3="9,74,66,113,51,59,95,135,103,78,122,127,6"/><V16/><F124/><W14/><G122/><T38/><D133/><U101/><E117/><N who="0" m="45129" /><D100/><U104/><E130/><V60/><F118/><W49/><G135/><T11/><D11/><U79/><E65/><V83/><F77/><W37/><G37/><T107/><D107/><U131/><E131/><V110/><F110/><W91/><G127/><T45/><D90/><U13/><E7/><V63/><REACH who="2" step="1"/><F67/><REACH who="2" ten="233,245,276,236" step="2"/><W108/><G108/><T94/><D70/><U120/><E79/><V31/><F31/><W76/><G78/><T32/><D73/><U71/><E120/><V132/><F132/><W34/><G74/><T125/><D125/><U58/><E71/><V98/><F98/><W4/><G76/><T17/><D38/><U86/><REACH who="1" step="1"/><E58/><REACH who="1" ten="233,235,276,236" step="2"/><V8/><AGARI ba="0,2" hai="8,15,16,40,46,50,54,57,60,63,64,69,82,83" machi="8" ten="20,12000,1" yaku="1,1,0,1,7,1,54,1,53,1" doraHai="106" doraHaiUra="10" who="2" fromWho="2" sc="233,-40,235,-40,276,140,236,-40" /><INIT seed="2,1,0,1,4,76" ten="193,195,416,196" oya="2" hai0="126,120,125,12,53,70,99,62,69,34,79,2,3" hai1="14,33,117,87,52,49,134,26,35,130,113,47,116" hai2="46,58,8,68,10,78,100,0,88,28,81,23,97" hai3="20,18,31,37,105,102,27,107,115,7,9,127,36"/><V45/><F68/><N who="0" m="26218" /><D34/><U86/><E113/><V119/><F119/><W6/><G127/><N who="0" m="48651" /><D120/><U82/><E130/><V15/><F0/><N who="0" m="42" /><D12/><U128/><E128/><V98/><F58/><W65/><G115/><T75/><D99/><N who="2" m="37898" /><F78/><W124/><G65/><T11/><D11/><N who="2" m="4138" /><F100/><W24/><G102/><T39/><D39/><U61/><E14/><V54/><F54/><W111/><G124/><T112/><D112/><U42/><E52/><V64/><F64/><W38/><G9/><T17/><D17/><U92/><E35/><V4/><F4/><W94/><G6/><T43/><D43/><U96/><E42/><V67/><F67/><W32/><G7/><T110/><D110/><U123/><E33/><V83/><F15/><W114/><G111/><T72/><D79/><U51/><E123/><V60/><F60/><W16/><G114/><T55/><D62/><U40/><E61/><V132/><F132/><W63/><G63/><T95/><D95/><U106/><E92/><V89/><F23/><W13/><G94/><T21/><D21/><U84/><E40/><V91/><F28/><W85/><G105/><T80/><D80/><AGARI ba="1,0" hai="45,46,80,81,83,88,89,91" m="4138,37898" machi="80" ten="30,18000,2" yaku="28,2,8,1,52,3,54,1" doraHai="76" who="2" fromWho="0" sc="193,-183,195,0,416,183,196,0" /><INIT seed="2,2,0,2,5,126" ten="10,195,599,196" oya="2" hai0="74,78,125,39,92,86,106,115,71,130,19,46,37" hai1="128,4,35,102,129,54,13,47,88,3,132,29,77" hai2="58,111,27,26,117,99,112,79,72,81,21,17,22" hai3="127,60,12,24,69,48,0,135,20,131,82,41,31"/><V55/><F112/><W16/><G127/><T1/><D125/><U101/><E77/><V62/><F111/><W2/><G131/><N who="1" m="50250" /><E132/><V95/><F117/><W63/><G135/><T11/><D130/><U73/><E73/><V50/><F50/><W18/><G18/><T96/><D115/><U119/><E3/><V36/><F36/><W89/><G69/><T70/><D46/><U93/><E119/><V118/><F118/><W10/><G2/><T59/><D59/><U134/><E134/><V30/><F30/><W100/><G100/><T113/><D113/><U49/><E35/><V32/><F32/><W23/><G20/><T104/><D1/><U28/><E28/><V33/><F33/><W90/><G0/><T43/><D74/><U114/><E29/><V25/><REACH who="2" step="1"/><F22/><REACH who="2" ten="10,195,589,196" step="2"/><W108/><G108/><T9/><D96/><N who="1" m="57383" /><E114/><V85/><F85/><W67/><G23/><T109/><D109/><U56/><E47/><V6/><F6/><W75/><G31/><T84/><D43/><U61/><E49/><V65/><F65/><W80/><G48/><T87/><D87/><U122/><E122/><V52/><F52/><W97/><G67/><T120/><D120/><U68/><E4/><V38/><F38/><W76/><G75/><T64/><D64/><U57/><E54/><V98/><F98/><W94/><G97/><T34/><D34/><U123/><E123/><V107/><F107/><W8/><G41/><T103/><D78/><U133/><E133/><V45/><F45/><W116/><G76/><T51/><D106/><U124/><E124/><V66/><F66/><RYUUKYOKU ba="2,1" sc="10,-10,195,-10,589,30,196,-10" hai2="17,21,25,26,27,55,58,62,72,79,81,95,99" /><INIT seed="2,3,1,4,1,63" ten="0,185,619,186" oya="2" hai0="58,64,113,46,118,27,40,13,69,126,84,135,107" hai1="95,23,60,45,75,122,87,130,121,92,49,55,2" hai2="120,9,30,134,3,18,106,97,132,93,10,36,39" hai3="70,124,102,24,11,51,110,50,131,77,115,128,6"/><V114/><F114/><W54/><G110/><T32/><D113/><U48/><E75/><V67/><F120/><N who="1" m="46185" /><E130/><N who="3" m="49706" /><G124/><T59/><D107/><U90/><E2/><V85/><F67/><W61/><G115/><T4/><D118/><U112/><E112/><V103/><F30/><W73/><G102/><T15/><D69/><U83/><E60/><V57/><F57/><N who="3" m="34999" /><G70/><T105/><D105/><U28/><E49/><V133/><F18/><W125/><G125/><T16/><D126/><U101/><E101/><V74/><F74/><W44/><G24/><AGARI ba="3,1" hai="23,24,28,45,48,55,83,87,90,92,95" m="46185" machi="24" ten="30,1000,0" yaku="13,1" doraHai="63" who="1" fromWho="3" sc="0,0,185,29,619,0,186,-19" /><INIT seed="3,0,0,5,5,37" ten="0,214,619,167" oya="3" hai0="2,78,60,77,129,62,98,125,74,101,22,93,6" hai1="82,27,41,108,58,50,76,116,23,135,21,100,110" hai2="134,46,16,39,63,7,115,87,25,81,19,57,107" hai3="3,18,128,65,126,117,36,54,35,64,130,26,48"/><W119/><G3/><T20/><D129/><N who="3" m="49769" /><G18/><T69/><D125/><U102/><E135/><V127/><F127/><W124/><G26/><T51/><D69/><U68/><E68/><V105/><F134/><W86/><G36/><T90/><D74/><U111/><E116/><N who="3" m="44618" /><G35/><T103/><D2/><U91/><E91/><V34/><F7/><W132/><G132/><T49/><D6/><U96/><E96/><V66/><F16/><W97/><G86/><T104/><D104/><U75/><E23/><V80/><F19/><W56/><G97/><T84/><D98/><U52/><E41/><V33/><F25/><W11/><G11/><T73/><D73/><U44/><E44/><V67/><F33/><W59/><G64/><T89/><D93/><U88/><E88/><V118/><F34/><W112/><G112/><T79/><D79/><U83/><E83/><V122/><F118/><W32/><G32/><T0/><D0/><U43/><E108/><V92/><F115/><W30/><G30/><T10/><D10/><U1/><E1/><V12/><F12/><W106/><G106/><T55/><D84/><U133/><E133/><V14/><F14/><W9/><G9/><T120/><D120/><U38/><E111/><V31/><F122/><W8/><G8/><T13/><D13/><U70/><E110/><V42/><F31/><W4/><G4/><T28/><D28/><U121/><E121/><V24/><F24/><W29/><G29/><T15/><D15/><U94/><E27/><V53/><F105/><W131/><N who="3" m="49777" /><W99/><DORA hai="45" /><G99/><T47/><D47/><RYUUKYOKU ba="0,0" sc="0,15,214,-15,619,-15,167,15" hai0="20,22,49,51,55,60,62,77,78,89,90,101,103" hai3="48,54,56,59,65,124,126" /><INIT seed="3,1,0,4,1,11" ten="15,199,604,182" oya="3" hai0="16,109,46,110,61,122,45,19,93,94,17,56,71" hai1="0,98,92,97,26,100,33,124,104,12,128,41,1" hai2="116,66,80,126,27,44,58,62,103,13,32,120,18" hai3="10,9,63,6,15,79,127,134,28,68,135,23,5"/><W25/><G79/><T78/><D78/><U96/><E124/><V133/><F116/><W20/><G68/><T130/><D71/><U48/><E128/><V76/><F103/><W42/><G42/><T31/><D31/><U107/><E107/><V105/><F105/><W52/><G127/><T112/><D130/><U39/><E39/><V88/><F27/><N who="3" m="16487" /><G63/><T106/><D106/><U36/><E36/><V72/><F32/><W34/><G52/><T75/><D75/><U73/><E73/><V119/><F126/><W91/><G34/><T121/><D112/><U70/><E70/><V67/><F67/><W82/><G82/><T7/><D7/><U24/><E33/><V60/><F60/><W87/><G87/><T2/><D2/><U77/><E77/><V64/><F64/><W50/><G50/><T65/><D65/><U40/><E0/><V85/><F44/><W22/><G91/><T54/><D54/><U84/><E84/><V30/><F88/><W132/><G25/><T95/><D61/><U123/><E26/><V89/><F72/><W53/><G53/><T108/><D56/><U29/><E24/><V49/><F89/><W38/><G38/><T114/><D114/><U8/><E48/><V3/><F49/><W14/><AGARI ba="1,0" hai="5,6,9,10,14,15,22,23,132,134,135" m="16487" machi="14" ten="30,12000,1" yaku="20,1,34,2,52,2" doraHai="11" who="3" fromWho="3" sc="15,-41,199,-41,604,-41,182,123" owari="-26,-52.6,158,-24.2,563,66.3,305,10.5" /></mjloggm>