<mjloggm ver="2.3"><GO type="225" lobby="0"/><UN n0="%E3%81%A4%E3%81%A3%E3%81%B1%E3%82%8A%E3%83%9D%E3%83%BC%E3%83%AB" n1="%E3%82%AF%E3%82%A3%E3%82%A6" n2="%65%76%69%61%6E%36%31%39" n3="%E3%83%B4%E3%82%A3%E3%83%AF%E3%82%B3%E3%82%B0%E3%83%8B" dan="17,16,16,17" rate="2191.84,2093.30,2104.14,2206.17" sx="M,M,M,M"/><TAIKYOKU oya="0"/><INIT seed="0,0,0,1,4,44" ten="250,250,250,250" oya="0" hai0="85,134,2,58,95,120,19,135,89,98,53,91,29" hai1="67,36,84,24,112,17,42,65,117,129,106,21,41" hai2="99,25,48,54,119,10,14,124,132,126,12,118,76" hai3="86,7,6,70,66,127,73,26,92,23,50,49,100"/><T130/><D120/><U33/><E117/><N who="2" m="44555" /><F132/><N who="0" m="50730" /><D2/><U62/><E129/><V79/><F25/><W108/><G73/><T34/><D130/><U30/><E112/><V45/><F99/><N who="3" m="59495" /><G70/><T43/><D43/><U46/><E106/><V88/><F14/><W68/><G68/><T103/><D19/><U28/><E42/><V47/><F47/><W101/><G66/><T113/><D113/><U74/><E74/><V94/><F126/><W31/><G108/><T87/><D29/><U9/><E30/><V75/><F124/><W71/><G71/><T59/><D34/><U121/><E121/><V105/><F105/><W64/><G64/><T37/><D37/><U80/><E9/><V40/><F40/><W122/><G127/><T15/><D15/><U38/><E38/><V77/><F75/><W109/><G109/><T61/><D59/><U5/><E5/><N who="3" m="1546" /><G122/><T102/><D98/><U110/><E110/><V0/><F12/><W27/><G101/><T107/><D107/><U90/><E33/><V56/><F10/><W11/><G11/><T116/><D116/><U131/><E28/><V60/><F0/><W22/><G86/><T20/><D20/><U72/><E72/><V55/><F79/><W39/><G39/><T123/><D123/><U125/><E125/><V93/><F88/><W114/><G114/><T96/><D87/><U32/><E32/><V13/><F13/><W18/><AGARI ba="0,0" hai="18,22,23,26,27,31,49,50" m="1546,59495" machi="18" ten="30,4000,0" yaku="8,1,52,2" doraHai="44" who="3" fromWho="3" sc="250,-20,250,-10,250,-10,250,40" /><INIT seed="1,0,0,4,2,71" ten="230,240,240,290" oya="1" hai0="11,38,17,31,46,81,57,101,135,0,16,36,43" hai1="97,12,77,112,59,62,104,95,35,107,41,54,111" hai2="42,21,50,129,70,76,91,58,69,67,63,19,72" hai3="29,108,26,119,75,128,33,34,5,3,65,87,102"/><U73/><E112/><V88/><F129/><W48/><G75/><T7/><D135/><U52/><E35/><V124/><F124/><W132/><G108/><T13/><D38/><U125/><E125/><V15/><F72/><W80/><G132/><T106/><D31/><U14/><E41/><V100/><F76/><W24/><G128/><T134/><D134/><U122/><E122/><V60/><F100/><W55/><G102/><T56/><D81/><U8/><E111/><V44/><REACH who="2" step="1"/><F69/><REACH who="2" ten="230,240,230,290" step="2"/><W79/><G79/><T113/><D113/><U82/><E54/><AGARI ba="0,1" hai="15,19,21,42,44,50,54,58,60,63,67,70,88,91" machi="54" ten="30,8000,1" yaku="1,1,2,1,7,1,54,1,53,1" doraHai="71" doraHaiUra="40" who="2" fromWho="1" sc="230,0,240,-80,230,90,290,0" /><INIT seed="2,0,0,1,4,135" ten="230,160,320,290" oya="2" hai0="57,75,1,134,56,90,81,40,15,11,132,69,29" hai1="123,82,47,106,79,10,88,126,104,124,19,95,28" hai2="91,111,110,7,21,35,85,3,92,50,78,59,112" hai3="109,68,122,86,87,133,9,70,63,31,16,39,14"/><V46/><F112/><W32/><G133/><N who="0" m="51307" /><D69/><U25/><E123/><V30/><F35/><W64/><G109/><N who="2" m="41481" /><F59/><N who="0" m="22602" /><D40/><U80/><E47/><V77/><F7/><W120/><G39/><T129/><D29/><U44/><E44/><V17/><F30/><W96/><G96/><T107/><D107/><N who="1" m="41003" /><E19/><V119/><F119/><W128/><G128/><T65/><D65/><U52/><E52/><N who="2" m="29783" /><F3/><W22/><G32/><T74/><D1/><U18/><E18/><V103/><F103/><W101/><G101/><T115/><D129/><U100/><E10/><V26/><AGARI ba="0,0" hai="17,21,26,77,78,85,91,92" m="29783,41481" machi="26" ten="30,6000,0" yaku="14,1,10,1,54,1" doraHai="135" who="2" fromWho="2" sc="230,-20,160,-20,320,60,290,-20" /><INIT seed="2,1,0,3,5,36" ten="210,140,380,270" oya="2" hai0="62,105,126,78,17,20,52,95,109,56,31,63,124" hai1="46,4,41,77,58,59,120,99,44,115,100,135,13" hai2="103,92,26,30,49,66,28,42,57,33,19,67,131" hai3="11,3,80,108,128,76,50,101,110,73,104,60,106"/><V91/><F131/><W86/><G60/><T68/><D105/><U85/><E115/><V113/><F113/><W34/><G34/><T15/><D109/><N who="3" m="42089" /><G50/><T9/><D78/><U43/><E135/><V21/><F103/><W123/><G123/><T61/><D95/><N who="1" m="58495" /><E120/><V133/><F133/><W16/><G128/><T65/><D31/><N who="2" m="11818" /><F33/><W48/><G101/><T83/><D83/><N who="1" m="47343" /><E46/><N who="2" m="25815" /><F57/><N who="1" m="21513" /><E44/><V134/><F134/><W75/><G3/><T130/><D130/><U71/><E71/><V1/><F1/><W47/><G104/><T25/><D68/><U122/><E122/><V79/><F79/><W119/><G106/><T127/><D65/><U102/><E102/><V39/><F39/><W96/><G119/><T14/><D25/><U24/><E24/><V35/><F35/><W32/><G32/><T37/><D37/><U114/><E114/><V121/><F121/><W70/><G70/><T18/><AGARI ba="1,0" hai="9,14,15,17,18,20,52,56,61,62,63,124,126,127" machi="18" ten="40,5200,0" yaku="0,1,18,1,54,1" doraHai="36" who="0" fromWho="0" sc="210,55,140,-14,380,-27,270,-14" /><INIT seed="3,0,0,1,4,52" ten="265,126,353,256" oya="3" hai0="127,133,5,74,67,75,57,101,15,107,64,97,63" hai1="106,30,51,46,18,84,113,37,44,41,123,73,122" hai2="69,55,60,22,129,58,33,7,21,112,96,134,16" hai3="50,130,78,109,13,29,12,38,36,90,95,19,89"/><W23/><G130/><T93/><D133/><U66/><E73/><V32/><F112/><W70/><G70/><T42/><D127/><U77/><E106/><V115/><F115/><W79/><G109/><T3/><D3/><U71/><E30/><V118/><F22/><W111/><G111/><T120/><D120/><U116/><E18/><V94/><F118/><W110/><G110/><T27/><D42/><U125/><E113/><V35/><F134/><W40/><G36/><T43/><D43/><U54/><E84/><V25/><F129/><W117/><G38/><T121/><D121/><U53/><E77/><V87/><F87/><W0/><G0/><T72/><D27/><U105/><E105/><V31/><F7/><W6/><G117/><T8/><D107/><U39/><E116/><V76/><F76/><W56/><G89/><T45/><D45/><U9/><E9/><V68/><REACH who="2" step="1"/><F31/><REACH who="2" ten="265,126,343,256" step="2"/><W10/><G29/><T26/><D26/><U126/><E122/><V132/><F132/><W124/><G124/><N who="1" m="47722" /><E123/><V108/><F108/><W103/><G103/><AGARI ba="0,1" hai="16,21,25,32,33,35,55,58,60,68,69,94,96,103" machi="103" ten="40,12000,2" yaku="1,1,52,1,54,1,53,3" doraHai="52" doraHaiUra="28" who="2" fromWho="3" sc="265,0,126,0,343,130,256,-120" owari="265,6.5,126,-37.4,473,57.3,136,-26.4" /></mjloggm>