<mjloggm ver="2.3"><GO type="225" lobby="0"/><UN n0="%6D%61%74%69%67%75%73%61" n1="%E6%98%93%E5%88%A9%E8%96%A9%E4%BC%AF" n2="%E3%82%8F%E3%81%8B%E3%81%B0%2A%E3%82%AC%E3%83%BC%E3%83%AB" n3="%E8%A8%88%E7%AE%97%E6%A9%9F%E8%87%AA%E7%84%B6" dan="17,16,16,17" rate="2129.33,2113.38,2117.78,2156.30" sx="M,F,M,M"/><TAIKYOKU oya="0"/><INIT seed="0,0,0,4,2,21" ten="250,250,250,250" oya="0" hai0="89,49,28,25,80,65,41,16,69,104,60,129,103" hai1="54,63,106,2,123,10,79,53,67,121,6,84,75" hai2="34,27,117,14,135,66,98,92,74,43,127,11,78" hai3="7,33,82,71,64,57,3,107,38,94,13,22,120"/><T9/><D129/><U32/><E75/><V109/><F109/><W73/><G107/><T1/><D41/><U83/><E106/><V39/><F127/><W122/><G33/><T50/><D89/><U42/><E42/><V18/><F135/><W52/><G38/><T112/><D80/><U30/><E121/><N who="3" m="46698" /><G3/><T76/><D76/><U24/><REACH who="1" step="1"/><E123/><REACH who="1" ten="250,240,250,250" step="2"/><V35/><F43/><W102/><G73/><T124/><D124/><U108/><E108/><V58/><F74/><W48/><G82/><T125/><D125/><U12/><E12/><V19/><F14/><W111/><G111/><T29/><D1/><U23/><E23/><V105/><F105/><W20/><G13/><T70/><D104/><U128/><E128/><V99/><F34/><W116/><G116/><T130/><D130/><U97/><E97/><V118/><F35/><W37/><G37/><T45/><D70/><AGARI ba="0,1" hai="2,6,10,24,30,32,53,54,63,67,70,79,83,84" machi="70" ten="30,3900,0" yaku="1,1,7,1,52,1,53,0" doraHai="21" doraHaiUra="68" who="1" fromWho="0" sc="250,-39,240,49,250,0,250,0" /><INIT seed="1,0,0,2,4,25" ten="211,289,250,250" oya="1" hai0="76,71,47,46,91,52,120,104,68,33,84,118,122" hai1="1,3,85,82,92,129,132,135,70,30,98,89,133" hai2="36,94,20,115,34,14,26,100,56,88,59,23,57" hai3="37,124,51,127,44,50,16,2,65,7,134,121,97"/><U116/><E116/><V87/><F115/><W99/><G121/><N who="0" m="46699" /><D118/><U9/><E70/><N who="0" m="26665" /><D104/><U105/><E105/><V53/><F36/><W93/><G65/><T113/><D113/><U102/><E129/><V12/><F100/><W63/><G63/><T130/><D33/><U64/><E64/><V74/><F74/><W86/><G134/><T60/><D76/><U96/><E9/><V4/><F34/><W80/><G7/><T101/><D101/><U48/><E48/><V35/><F35/><W69/><G2/><N who="1" m="522" /><E98/><V78/><F78/><N who="3" m="46359" /><G69/><T11/><D11/><U77/><E30/><N who="2" m="17735" /><F4/><W27/><G97/><T128/><D84/><U21/><E21/><V109/><F109/><W45/><G37/><T79/><D91/><AGARI ba="0,0" hai="77,82,85,89,91,92,96,102,132,133,135" m="522" machi="91" ten="40,2000,0" yaku="20,1" doraHai="25" who="1" fromWho="0" sc="211,-20,289,20,250,0,250,0" /><INIT seed="1,1,0,5,4,4" ten="191,309,250,250" oya="1" hai0="6,125,13,28,97,68,93,48,74,50,87,53,129" hai1="127,19,90,43,49,21,7,27,63,0,83,100,124" hai2="37,119,126,41,54,44,36,86,60,105,5,113,95" hai3="98,59,79,15,101,114,84,51,66,117,135,76,88"/><U133/><E100/><V104/><F119/><W26/><G114/><T121/><D74/><U56/><E133/><V102/><F113/><W10/><G135/><T69/><D28/><U70/><E70/><V110/><F110/><W14/><G14/><T64/><D64/><U34/><E34/><V116/><F116/><W2/><G2/><T23/><D129/><U1/><E49/><V31/><F36/><W92/><G26/><T122/><D50/><U109/><E43/><V32/><F126/><N who="1" m="48169" /><E7/><V112/><F112/><W85/><G85/><T58/><D125/><U25/><E25/><V81/><F5/><N who="3" m="3535" /><G117/><T35/><D35/><U17/><E17/><V91/><F31/><W40/><G66/><T128/><D128/><U134/><E134/><V108/><F32/><W107/><G107/><T33/><D33/><U12/><E27/><V94/><F108/><W8/><G40/><T20/><D87/><N who="1" m="50559" /><E109/><V47/><F47/><W18/><G51/><T120/><D6/><U24/><E24/><V130/><F130/><W96/><G59/><T67/><D13/><U38/><E38/><V42/><F42/><W89/><G101/><N who="0" m="60591" /><D68/><U39/><E39/><V3/><F3/><W9/><G18/><T72/><D72/><U73/><E73/><V29/><F29/><W103/><G96/><T55/><D55/><AGARI ba="1,0" hai="0,1,12,19,21,55,56,63" m="50559,48169" machi="55" ten="30,1500,0" yaku="18,1" doraHai="4" who="1" fromWho="0" sc="191,-18,309,18,250,0,250,0" /><INIT seed="1,2,0,5,5,6" ten="173,327,250,250" oya="1" hai0="3,127,102,77,120,4,59,111,25,135,45,54,16" hai1="93,35,116,113,34,72,15,91,61,22,95,71,124" hai2="2,53,112,7,74,10,26,122,39,75,133,20,19" hai3="134,73,64,51,69,96,38,81,12,70,23,66,44"/><U130/><E113/><V94/><F122/><W9/><G38/><T36/><D120/><U24/><E116/><V62/><F112/><W97/><G134/><T108/><D102/><U114/><E114/><V101/><F39/><W0/><G0/><T21/><D127/><U90/><E72/><V88/><F101/><W109/><G109/><T78/><D135/><U60/><E130/><V40/><F40/><W18/><G69/><T87/><D45/><U83/><E83/><V79/><F79/><W50/><G70/><T58/><D58/><U132/><E132/><V8/><F8/><W30/><G50/><T43/><D43/><U129/><E129/><V110/><F110/><N who="0" m="42026" /><D87/><U104/><E104/><V126/><F126/><W121/><G81/><T56/><D56/><U28/><E124/><V76/><F76/><W11/><G73/><T106/><D106/><U27/><E15/><V98/><F133/><W55/><G121/><T103/><D103/><U119/><E119/><V80/><F80/><W115/><G115/><T1/><D1/><U33/><E27/><V67/><F53/><W128/><G128/><T86/><D36/><U29/><E71/><AGARI ba="2,0" hai="2,7,10,19,20,26,62,67,71,74,75,88,94,98" machi="71" ten="30,3900,0" yaku="7,1,52,1,54,1" doraHai="6" who="2" fromWho="1" sc="173,0,327,-45,250,45,250,0" /><INIT seed="2,0,0,5,0,3" ten="173,282,295,250" oya="2" hai0="96,70,83,44,58,26,15,69,10,89,135,53,46" hai1="87,61,41,119,56,78,27,16,65,2,85,110,54" hai2="113,102,90,109,124,105,121,66,19,73,43,49,13" hai3="118,45,59,72,51,123,11,30,60,42,111,94,91"/><V117/><F117/><W88/><G118/><T1/><D1/><U99/><E119/><V129/><F113/><W68/><G123/><T35/><D135/><U103/><E110/><V5/><F121/><W17/><G72/><T116/><D116/><U24/><E2/><V37/><F73/><W6/><G111/><T71/><D26/><U125/><E41/><V38/><F109/><W106/><G106/><T4/><D35/><U32/><E125/><V63/><F102/><W34/><G68/><T115/><D115/><U76/><E32/><V29/><F105/><W64/><G17/><T0/><D0/><U50/><E85/><V40/><F29/><W33/><G30/><T67/><D67/><U120/><E87/><V122/><F122/><W9/><G91/><T31/><D31/><U62/><E62/><V81/><F124/><W21/><G21/><T25/><D25/><U95/><E120/><V93/><F81/><W7/><G33/><T98/><D83/><U104/><E104/><V130/><F49/><W126/><G34/><T80/><D98/><U52/><E54/><V112/><F112/><W22/><G22/><T107/><D80/><U77/><REACH who="1" step="1"/><E16/><REACH who="1" ten="173,272,295,250" step="2"/><V39/><F19/><W28/><G126/><T131/><D131/><N who="2" m="50186" /><F63/><W47/><G28/><T114/><D114/><U8/><E8/><N who="3" m="3146" /><G45/><AGARI ba="0,1" hai="24,27,45,50,52,56,61,65,76,77,78,95,99,103" machi="45" ten="40,8000,1" yaku="1,1,8,1,54,1,53,1" doraHai="3" doraHaiUra="92" who="1" fromWho="3" sc="173,0,272,90,295,0,250,-80" /><INIT seed="3,0,0,3,5,88" ten="173,362,295,170" oya="3" hai0="71,86,52,15,43,79,23,80,99,17,54,119,110" hai1="51,127,53,128,55,7,5,93,24,101,39,1,103" hai2="113,60,111,31,85,109,20,40,123,0,90,96,84" hai3="69,72,130,22,114,32,77,21,62,47,124,63,78"/><W42/><G114/><T105/><D119/><U131/><E39/><V45/><F113/><W102/><G32/><T75/><D71/><U132/><E132/><V6/><F123/><W11/><G130/><N who="1" m="49706" /><E127/><V116/><F116/><W73/><G124/><T74/><D43/><U49/><E24/><V28/><F60/><N who="3" m="23083" /><G69/><T94/><D110/><U70/><E70/><V36/><F6/><N who="1" m="2057" /><E1/><V30/><F0/><W2/><G2/><T108/><D108/><N who="2" m="41546" /><F20/><N who="3" m="7787" /><G11/><T26/><D26/><U68/><E68/><V50/><F36/><W97/><G72/><T76/><D74/><U89/><E53/><N who="0" m="20585" /><D105/><U12/><E12/><V8/><F8/><W134/><G73/><T98/><D75/><U66/><E66/><V44/><F44/><W92/><G134/><T27/><D27/><U33/><E33/><V25/><F25/><W38/><G38/><T81/><D15/><U64/><E64/><V9/><F9/><W121/><G121/><T115/><D115/><U57/><E51/><V10/><F10/><W14/><G14/><T65/><D65/><U118/><E118/><V82/><F82/><N who="0" m="31850" /><D23/><U122/><E122/><V135/><F135/><W4/><G4/><T67/><D67/><U107/><E107/><V56/><F56/><W58/><G58/><T41/><D41/><U112/><E112/><V35/><F35/><W129/><G129/><T3/><D3/><U104/><E104/><V83/><F83/><W18/><G18/><T117/><D117/><U95/><E57/><V34/><F34/><W19/><G19/><T16/><D16/><U59/><E59/><V125/><F125/><RYUUKYOKU ba="0,0" sc="173,-15,362,-15,295,15,170,15" hai2="28,30,31,40,45,50,84,85,90,96" hai3="42,47,77,78,92,97,102" /><INIT seed="3,1,0,3,3,30" ten="158,347,310,185" oya="3" hai0="34,16,127,62,67,94,135,74,88,103,48,56,21" hai1="10,12,22,39,95,131,87,134,105,116,58,40,75" hai2="54,46,51,14,70,85,117,96,61,66,128,115,26" hai3="27,102,7,63,33,109,47,42,0,107,123,59,78"/><W8/><G123/><T52/><D74/><U9/><E105/><V15/><F117/><W126/><G126/><T31/><D135/><U73/><E116/><V91/><F115/><W35/><G27/><T64/><D127/><U133/><E131/><V129/><F96/><N who="3" m="61895" /><G59/><T98/><D31/><U5/><E58/><V86/><F26/><W23/><G23/><T55/><D34/><N who="3" m="12809" /><G63/><T44/><D103/><U76/><E22/><V37/><F37/><N who="3" m="21967" /><G78/><T13/><AGARI ba="1,0" hai="13,16,21,44,48,52,55,56,62,64,67,88,94,98" machi="13" ten="20,12000,2" yaku="0,1,7,1,8,1,54,3" doraHai="30" who="0" fromWho="0" sc="158,123,347,-31,310,-31,185,-61" owari="281,8.1,316,41.6,279,-12.1,124,-37.6" /></mjloggm>