<mjloggm ver="2.3"><GO type="225" lobby="0"/><UN n0="%E3%81%8B%E3%82%8F%E3%81%A1%E3%82%83%E3%82%93%35%38" n1="%E6%A1%9C%E8%8A%B1%E9%96%83%E3%80%85" n2="%E3%83%81%E3%83%83%E3%82%BF%E3%82%BD%E3%83%BC" n3="%E9%B3%B3%E6%9D%B1%E3%81%AE%E3%81%86%E3%81%95%E3%81%8E%E3%81%95%E3%82%93" dan="16,16,16,17" rate="2142.51,2123.11,2162.15,2186.54" sx="M,M,F,M"/><TAIKYOKU oya="0"/><INIT seed="0,0,0,1,3,94" ten="250,250,250,250" oya="0" hai0="52,36,83,44,118,66,43,102,101,49,45,28,10" hai1="50,125,84,78,2,51,122,126,29,132,9,41,109" hai2="80,62,32,71,131,64,79,26,108,16,47,123,95" hai3="70,46,37,129,23,55,111,69,34,67,133,6,113"/><T106/><D118/><U42/><E122/><V13/><F108/><W19/><G34/><T60/><D28/><U31/><E109/><V38/><F131/><W65/><G111/><T12/><D83/><N who="1" m="47223" /><E132/><V21/><F123/><W15/><G133/><T11/><D106/><U73/><E73/><V54/><F95/><W86/><G113/><T96/><D96/><U89/><E89/><V68/><F68/><W92/><G129/><T17/><REACH who="0" step="1"/><D10/><REACH who="0" ten="240,250,250,250" step="2"/><U22/><E31/><V20/><F32/><W117/><G117/><T121/><D121/><U61/><E29/><V85/><F21/><W27/><G23/><T63/><D63/><U7/><E61/><V114/><F114/><W59/><G92/><T18/><D18/><U112/><E22/><V87/><F26/><W35/><G27/><T56/><AGARI ba="0,1" hai="11,12,17,36,43,44,45,49,52,56,60,66,101,102" machi="56" ten="20,7800,0" yaku="1,1,0,1,7,1,54,1,53,0" doraHai="94" doraHaiUra="107" who="0" fromWho="0" sc="240,88,250,-26,250,-26,250,-26" /><INIT seed="0,1,0,1,2,135" ten="328,224,224,224" oya="0" hai0="18,83,4,100,1,70,113,68,38,44,29,19,93" hai1="90,51,118,101,76,88,120,112,15,56,64,26,60" hai2="23,98,65,46,27,24,115,67,13,85,75,54,124" hai3="3,66,127,77,74,128,52,12,40,9,122,126,130"/><T49/><D113/><U33/><E118/><V32/><F115/><W87/><G74/><T45/><D38/><U14/><E112/><V8/><F75/><W123/><G3/><T50/><D29/><U37/><E120/><N who="3" m="46122" /><G40/><T5/><D93/><U104/><E37/><V21/><F32/><W43/><G43/><T58/><D58/><U7/><E76/><V72/><F72/><W31/><G66/><T133/><D83/><U20/><E33/><V81/><F98/><W62/><G31/><T129/><D100/><U84/><E104/><V59/><F46/><W86/><G52/><T82/><D82/><N who="1" m="49175" /><E101/><V119/><F119/><W132/><G62/><T102/><D102/><U111/><E111/><V108/><F108/><W28/><G28/><T78/><D78/><U92/><E51/><N who="2" m="31199" /><F65/><W97/><G97/><T10/><D1/><U109/><E109/><V121/><F121/><W134/><G86/><T131/><REACH who="0" step="1"/><D10/><REACH who="0" ten="318,224,224,224" step="2"/><U99/><E56/><V89/><F81/><N who="3" m="47535" /><G134/><AGARI ba="1,1" hai="4,5,18,19,44,45,49,50,68,70,129,131,133,134" machi="134" ten="25,4800,0" yaku="1,1,22,2,53,0" doraHai="135" doraHaiUra="110" who="0" fromWho="3" sc="318,61,224,0,224,0,224,-51" /><INIT seed="0,2,0,0,2,102" ten="379,224,224,173" oya="0" hai0="23,73,90,30,77,112,12,56,45,64,89,58,65" hai1="41,103,70,34,104,52,67,122,99,8,61,69,48" hai2="117,37,18,3,84,51,44,83,53,87,123,39,27" hai3="33,26,29,110,22,92,25,79,95,129,14,1,60"/><T71/><D71/><U6/><E122/><V40/><F123/><W5/><G129/><T0/><D0/><U16/><E34/><V78/><F117/><W96/><G110/><T133/><D133/><U10/><E70/><V35/><F3/><W121/><G121/><T131/><D131/><U75/><E75/><V17/><F87/><W9/><G79/><T68/><D112/><U85/><E41/><V108/><F108/><W116/><G116/><T115/><D115/><U57/><E6/><V118/><F118/><W113/><G113/><T42/><D42/><U132/><E132/><V46/><F37/><W11/><G60/><T94/><D68/><U100/><E100/><V128/><F128/><W20/><G96/><T101/><D101/><U81/><REACH who="1" step="1"/><E16/><REACH who="1" ten="379,214,224,173" step="2"/><V72/><F72/><W134/><G134/><T2/><D2/><U38/><E38/><V127/><F35/><N who="3" m="20911" /><G95/><T80/><D73/><U105/><E105/><V98/><F17/><N who="3" m="8415" /><G92/><T126/><D94/><U120/><E120/><V109/><F109/><W54/><G54/><T47/><D30/><AGARI ba="2,1" hai="1,5,9,20,22,26,30,33" m="8415,20911" machi="30" ten="30,8000,1" yaku="35,5" doraHai="102" who="3" fromWho="0" sc="379,-86,214,0,224,0,173,96" /><INIT seed="1,0,0,0,5,79" ten="293,214,224,269" oya="1" hai0="92,1,67,127,117,50,51,18,125,77,134,5,4" hai1="108,66,12,103,90,45,16,60,7,95,70,126,82" hai2="120,39,75,114,38,112,23,131,123,101,113,109,2" hai3="133,65,47,61,71,56,78,102,73,43,68,74,64"/><U84/><E126/><N who="0" m="48137" /><D117/><U48/><E108/><V25/><F75/><W46/><G102/><T93/><D134/><U37/><E37/><N who="2" m="13835" /><F2/><W104/><G104/><T130/><D130/><U53/><E7/><N who="0" m="2633" /><D1/><U106/><E106/><V100/><F109/><W118/><G78/><T83/><D67/><U76/><E103/><N who="2" m="39499" /><F131/><W33/><G56/><T13/><D51/><U135/><E135/><V15/><F15/><W17/><G61/><T122/><D50/><U36/><E36/><V97/><F97/><W63/><G63/><T22/><D122/><N who="2" m="46634" /><F23/><W42/><G133/><T52/><D52/><U24/><E24/><AGARI ba="0,0" hai="24,25,112,113,114" m="46634,39499,13835" machi="24" ten="40,5200,0" yaku="28,2,11,1" doraHai="79" who="2" fromWho="1" sc="293,0,214,-52,224,52,269,0" /><INIT seed="2,0,0,1,0,66" ten="293,162,276,269" oya="2" hai0="55,115,62,67,80,64,11,65,38,9,107,95,24" hai1="56,75,13,101,88,47,134,42,118,63,29,39,68" hai2="94,10,102,25,124,105,30,2,109,123,89,119,4" hai3="15,127,84,59,60,69,108,20,120,7,126,31,22"/><V49/><F119/><W32/><G108/><T132/><D107/><U35/><E118/><V70/><F109/><W14/><G69/><T96/><D38/><U128/><E128/><V44/><F124/><N who="3" m="47659" /><G120/><T112/><D112/><U33/><E134/><V98/><F123/><W81/><G32/><T26/><D115/><U61/><E75/><V57/><F57/><W8/><G15/><T103/><D132/><U82/><E101/><V116/><F116/><W17/><G31/><T114/><D114/><U0/><E0/><V72/><F72/><W43/><G43/><T131/><D131/><U36/><E36/><V46/><F70/><W85/><G7/><T135/><D80/><U106/><E106/><V16/><F49/><W51/><G51/><T58/><D135/><U77/><E13/><V100/><F100/><W121/><G85/><T74/><D74/><U45/><E29/><V34/><REACH who="2" step="1"/><F16/><REACH who="2" ten="293,162,266,269" step="2"/><W110/><G121/><T111/><D111/><U50/><E68/><V41/><F41/><W91/><G110/><T3/><D3/><U21/><E56/><V78/><F78/><W125/><G125/><T5/><D5/><U104/><E77/><V6/><F6/><W19/><G19/><T93/><D9/><U113/><E113/><V52/><F52/><AGARI ba="0,1" hai="8,14,17,20,22,52,59,60,81,84,91" m="47659" machi="52" ten="30,2000,0" yaku="18,1,54,1" doraHai="66" who="3" fromWho="2" sc="293,0,162,0,266,-20,269,30" /><INIT seed="3,0,0,4,4,122" ten="293,162,246,299" oya="3" hai0="78,53,30,5,81,91,109,4,106,0,63,133,131" hai1="84,70,37,46,104,11,1,71,100,14,115,73,67" hai2="32,39,34,86,135,124,95,20,94,54,114,42,51" hai3="121,129,125,23,2,44,43,107,103,13,117,93,57"/><W6/><G117/><T16/><D106/><U18/><E115/><V29/><F114/><W15/><G121/><T31/><D0/><U98/><E73/><V59/><F124/><W52/><G107/><T21/><D109/><U48/><E37/><V119/><F119/><W111/><G111/><T85/><D133/><U75/><E75/><V108/><F135/><W45/><G125/><T92/><D131/><U72/><E72/><V19/><F108/><W126/><G129/><T68/><D68/><U132/><E132/><V87/><F42/><W127/><G2/><T99/><D53/><U28/><E1/><V3/><F39/><W56/><G43/><T96/><D96/><U9/><E67/><V120/><F3/><W90/><G103/><T8/><D63/><U61/><E61/><V41/><F41/><W66/><G66/><T36/><D8/><U83/><E28/><N who="0" m="10793" /><D36/><U58/><E58/><V88/><F29/><W69/><G69/><T26/><AGARI ba="0,0" hai="4,5,16,21,26,78,81,85,91,92,99" m="10793" machi="26" ten="30,2000,0" yaku="8,1,54,1" doraHai="122" who="0" fromWho="0" sc="293,20,162,-5,246,-5,299,-10" owari="313,41.3,157,-34.3,241,-15.9,289,8.9" /></mjloggm>