<mjloggm ver="2.3"><GO type="225" lobby="0"/><UN n0="%73%73%6B%5F%66%72%65%65" n1="%E3%81%95%E3%81%8D%E3%81%9F%E3%81%BE%E6%9E%97%E6%AA%8E" n2="%E7%B4%94%E6%BD%94%E3%83%94%E3%83%A9%E3%83%8B%E3%82%A2" n3="%E8%9B%87%E3%81%AE%E8%A1%80" dan="16,16,17,16" rate="2083.06,2087.47,2195.76,2059.62" sx="M,M,M,M"/><TAIKYOKU oya="0"/><INIT seed="0,0,0,5,2,80" ten="250,250,250,250" oya="0" hai0="78,75,102,34,30,16,89,4,106,20,132,22,28" hai1="126,65,110,74,15,133,0,113,61,55,21,120,26" hai2="66,62,25,47,43,72,60,122,123,81,7,90,112" hai3="129,46,63,87,5,9,118,79,83,108,84,42,58"/><T86/><D132/><U100/><E120/><V73/><F112/><W98/><G118/><T71/><D71/><U135/><E0/><V109/><F109/><W131/><G108/><T57/><D4/><U35/><E74/><V69/><F62/><W88/><G98/><N who="0" m="61783" /><D34/><U41/><E41/><V40/><F40/><W85/><G58/><T23/><D57/><U29/><E110/><V31/><F7/><W130/><G63/><T134/><D134/><U67/><E126/><V68/><F68/><W103/><G103/><T45/><D45/><U94/><E113/><V32/><F72/><W107/><G107/><T49/><D49/><U111/><E111/><V48/><REACH who="2" step="1"/><F73/><REACH who="2" ten="250,250,240,250" step="2"/><W19/><G19/><T3/><D16/><N who="1" m="10399" /><E61/><V115/><F115/><W12/><REACH who="3" step="1"/><G79/><REACH who="3" ten="250,250,240,240" step="2"/><T33/><D78/><U51/><E135/><V11/><F11/><W39/><AGARI ba="0,2" hai="5,9,12,39,42,46,83,84,85,87,88,129,130,131" machi="39" ten="30,16000,3" yaku="1,1,2,1,0,1,19,1,52,3,54,1,53,0" doraHai="80" doraHaiUra="59" who="3" fromWho="3" sc="250,-80,250,-40,240,-40,240,180" /><INIT seed="1,0,0,1,5,118" ten="170,210,200,420" oya="1" hai0="48,5,95,107,35,102,71,53,38,42,105,62,108" hai1="130,124,93,44,69,115,129,113,98,82,45,125,22" hai2="51,3,135,9,132,68,91,89,39,26,36,67,30" hai3="78,23,128,15,63,17,117,121,104,54,96,47,12"/><U10/><E69/><V20/><F51/><W72/><G121/><T56/><D35/><U29/><E10/><V65/><F9/><W8/><G117/><T61/><D5/><U77/><E22/><V46/><F3/><W1/><G1/><T25/><D25/><U4/><E4/><V31/><F46/><W79/><G72/><T133/><D133/><N who="2" m="51274" /><F30/><W6/><G128/><N who="1" m="49258" /><E29/><V97/><F97/><W66/><G104/><T59/><D108/><U7/><E7/><V28/><F28/><W27/><G96/><T114/><D114/><N who="1" m="43531" /><E45/><V109/><F109/><W120/><G120/><T11/><D11/><U90/><E44/><V33/><F33/><W73/><G73/><AGARI ba="0,0" hai="73,77,82,90,93,98,124,125" m="43531,49258" machi="73" ten="30,5800,0" yaku="19,1,34,2" doraHai="118" who="1" fromWho="3" sc="170,0,210,58,200,0,420,-58" /><INIT seed="1,1,0,3,2,108" ten="170,268,200,362" oya="1" hai0="77,67,45,113,1,52,126,22,28,119,40,120,121" hai1="88,122,98,53,112,81,15,57,131,106,65,105,38" hai2="99,116,134,2,124,51,21,95,39,132,33,5,97" hai3="49,64,78,29,12,87,48,73,115,66,34,62,10"/><U128/><E112/><V27/><F39/><W68/><G73/><T16/><D119/><U118/><E118/><V91/><F116/><W71/><G115/><T63/><D113/><U135/><E122/><N who="0" m="47209" /><D126/><U75/><E38/><V17/><F124/><W58/><G29/><T24/><D1/><U90/><E65/><V56/><F33/><W93/><G34/><T127/><D77/><N who="1" m="44223" /><E15/><V129/><F129/><N who="1" m="49737" /><E135/><N who="2" m="51755" /><F5/><W11/><G11/><T50/><D127/><U117/><E117/><V47/><F56/><W59/><G68/><N who="0" m="42111" /><D40/><U104/><E98/><N who="2" m="57727" /><F2/><W13/><G71/><T31/><AGARI ba="1,0" hai="16,22,24,28,31,45,50,52" m="42111,47209" machi="31" ten="30,4000,0" yaku="13,1,54,2" doraHai="108" who="0" fromWho="0" sc="170,43,268,-21,200,-11,362,-11" /><INIT seed="2,0,0,2,2,16" ten="213,247,189,351" oya="2" hai0="38,59,33,58,3,111,17,67,14,21,68,62,35" hai1="130,29,11,77,12,108,98,63,34,83,5,102,47" hai2="128,7,41,36,113,81,112,93,91,99,87,61,30" hai3="125,57,39,50,28,126,24,82,101,106,103,135,60"/><V13/><F128/><W89/><G39/><T117/><D111/><U84/><E108/><V42/><F36/><W46/><G135/><T72/><D117/><U134/><E134/><V37/><F37/><W19/><G19/><T64/><D72/><U31/><E130/><V44/><F30/><W105/><G82/><T15/><D3/><U79/><E79/><V97/><F97/><W49/><G89/><T121/><D121/><U127/><E127/><N who="3" m="48650" /><G101/><T73/><D73/><U123/><E123/><V75/><F75/><W100/><G100/><T132/><D38/><U8/><E34/><V74/><F74/><W0/><G0/><T90/><D90/><U43/><E11/><V56/><F44/><W118/><G118/><T88/><D88/><U22/><E63/><V4/><F112/><W18/><G18/><T32/><D132/><U2/><E2/><V9/><F4/><W53/><G103/><T40/><D40/><U69/><E69/><V27/><F27/><W110/><G50/><T124/><D124/><U6/><E6/><V71/><F71/><W65/><G110/><T86/><D86/><U92/><E22/><AGARI ba="0,0" hai="22,24,28,46,49,53,57,60,65,105,106" m="48650" machi="22" ten="30,2000,0" yaku="18,1,52,1" doraHai="16" who="3" fromWho="1" sc="213,0,247,-20,189,0,351,20" /><INIT seed="3,0,0,0,5,27" ten="213,227,189,371" oya="3" hai0="85,56,29,46,17,105,9,33,51,79,127,133,15" hai1="7,28,60,130,23,62,43,52,101,44,41,74,68" hai2="42,70,58,89,10,126,25,90,12,53,38,121,112" hai3="26,13,86,21,66,119,30,114,11,135,107,40,122"/><W49/><G107/><T71/><D133/><U123/><E74/><V118/><F112/><W115/><G66/><T81/><D71/><U98/><E130/><V83/><F118/><W99/><G99/><T111/><D127/><U48/><E123/><V131/><F131/><W8/><G8/><T19/><D105/><U94/><E7/><V91/><F70/><W102/><G102/><T31/><D33/><U73/><E73/><V110/><F110/><W39/><G86/><T96/><D96/><U84/><E84/><V36/><F126/><W57/><G57/><T50/><D19/><U88/><E101/><V63/><F121/><W97/><G49/><T72/><D72/><U59/><E68/><V0/><F0/><W128/><G97/><T5/><D17/><U125/><E125/><V78/><F42/><N who="1" m="15881" /><E59/><V1/><F1/><W16/><G122/><T14/><D111/><U82/><E82/><V129/><F129/><W64/><G128/><T92/><D92/><U32/><E32/><V124/><F124/><W3/><G3/><T4/><D46/><U37/><E37/><V113/><F113/><W95/><G39/><T6/><D56/><U18/><E18/><N who="2" m="8471" /><F25/><AGARI ba="0,0" hai="23,25,28,44,48,52,60,62,88,94,98" m="15881" machi="25" ten="30,7700,0" yaku="8,1,52,1,54,2" doraHai="27" who="1" fromWho="2" sc="213,0,227,77,189,-77,371,0" owari="213,-18.7,304,10.4,112,-38.8,371,47.1" /></mjloggm>