<mjloggm ver="2.3"><GO type="225" lobby="0"/><UN n0="%E5%91%A8%E6%9D%B1" n1="%E3%81%BF%E3%81%BF%E3%81%9A" n2="%E6%B7%91%E5%A5%B3%E3%81%AE%E5%97%9C%E3%81%BF" n3="%E5%8D%A0%E3%81%84%E5%B8%AB%E8%A3%8F%E3%81%AA%E3%81%84%E3%81%97" dan="16,17,16,17" rate="2194.47,2185.75,2167.88,2273.88" sx="M,M,M,M"/><TAIKYOKU oya="0"/><INIT seed="0,0,0,2,5,52" ten="250,250,250,250" oya="0" hai0="32,101,35,58,110,54,7,114,111,115,106,121,53" hai1="17,1,94,134,29,62,44,102,126,78,39,130,122" hai2="36,8,63,72,100,56,96,10,15,51,41,40,61" hai3="49,120,16,26,12,127,14,60,92,105,65,21,80"/><T93/><D106/><U20/><E122/><V135/><F72/><W86/><G105/><T27/><D121/><U28/><E1/><V24/><F135/><W37/><G37/><T45/><D7/><U11/><E134/><V18/><F36/><W87/><G127/><T64/><D64/><U84/><E126/><V116/><F116/><W4/><G120/><T133/><D133/><U43/><E130/><V5/><F51/><W57/><G4/><T125/><D125/><U85/><E11/><V22/><F10/><W9/><G49/><N who="0" m="28847" /><D93/><U118/><E118/><V3/><F3/><W75/><G75/><T0/><D101/><U83/><E62/><V104/><REACH who="2" step="1"/><F63/><REACH who="2" ten="250,250,240,250" step="2"/><W81/><G9/><T113/><D0/><U6/><E6/><V69/><F69/><W90/><REACH who="3" step="1"/><G92/><REACH who="3" ten="250,250,240,240" step="2"/><T55/><D115/><U132/><E132/><V50/><F50/><W98/><G98/><T73/><D73/><U33/><E85/><V38/><F38/><W42/><G42/><T67/><D114/><U68/><E39/><V82/><F82/><W88/><AGARI ba="0,2" hai="12,14,16,21,26,57,60,65,80,81,86,87,88,90" machi="88" ten="20,16000,3" yaku="1,1,0,1,7,1,9,1,8,1,52,1,54,2,53,0" doraHai="52" doraHaiUra="112" who="3" fromWho="3" sc="250,-80,250,-40,240,-40,240,180" /><INIT seed="1,0,0,5,1,92" ten="170,210,200,420" oya="1" hai0="86,26,83,40,35,24,3,51,17,129,127,87,60" hai1="84,52,8,110,134,1,120,15,70,18,78,118,14" hai2="124,58,5,7,133,95,25,36,113,132,128,56,59" hai3="117,0,100,115,28,88,12,94,89,23,114,101,107"/><U119/><E120/><V126/><F36/><W22/><G0/><T4/><D127/><N who="2" m="48682" /><F113/><W45/><G107/><T71/><D129/><U50/><E70/><V91/><F25/><W130/><G130/><T6/><D3/><U57/><E1/><V64/><F64/><W47/><G94/><T90/><D35/><U81/><E134/><N who="2" m="51819" /><F128/><W73/><G28/><T80/><D71/><U69/><E69/><V31/><F31/><W72/><G12/><T131/><D131/><U65/><E65/><V93/><F93/><W37/><G37/><T46/><D60/><U41/><E110/><V123/><F123/><W82/><G82/><T61/><D61/><U49/><REACH who="1" step="1"/><E15/><REACH who="1" ten="170,200,200,420" step="2"/><V48/><F48/><W39/><G39/><T33/><D33/><U44/><AGARI ba="0,1" hai="8,14,18,41,44,49,50,52,57,78,81,84,118,119" machi="44" ten="30,11700,0" yaku="1,1,2,1,0,1,54,1,53,0" doraHai="92" doraHaiUra="109" who="1" fromWho="1" sc="170,-39,200,127,200,-39,420,-39" /><INIT seed="1,1,0,5,3,66" ten="131,327,161,381" oya="1" hai0="104,25,41,84,90,10,92,47,34,94,29,122,89" hai1="26,95,16,118,79,125,110,55,3,103,43,70,14" hai2="135,128,22,21,99,82,87,63,74,30,93,116,98" hai3="131,113,61,27,62,72,44,42,36,9,40,24,91"/><U120/><E118/><V86/><F116/><W33/><G113/><T102/><D122/><U88/><E120/><V64/><F128/><W108/><G108/><T96/><D10/><U54/><E3/><V13/><F135/><W31/><G131/><T80/><REACH who="0" step="1"/><D90/><REACH who="0" ten="121,327,161,381" step="2"/><U71/><E110/><V18/><F74/><W60/><G91/><T8/><D8/><U11/><E103/><N who="2" m="60879" /><F99/><W133/><G9/><T15/><D15/><U59/><E79/><N who="2" m="46431" /><F87/><W58/><G72/><T127/><D127/><U69/><E125/><V134/><F134/><W132/><G132/><T97/><D97/><U28/><E43/><V124/><F124/><W83/><G133/><T114/><D114/><U48/><E55/><V53/><F53/><W51/><G40/><T17/><D17/><U4/><E4/><V20/><F30/><W1/><G31/><T129/><D129/><U109/><E109/><V39/><F39/><AGARI ba="1,1" hai="25,29,34,39,41,47,80,84,89,92,94,96,102,104" machi="39" ten="30,2000,0" yaku="1,1,7,1,53,0" doraHai="66" doraHaiUra="0" who="0" fromWho="2" sc="121,33,327,0,161,-23,381,0" /><INIT seed="2,0,0,4,4,76" ten="154,327,138,381" oya="2" hai0="42,62,119,10,26,97,87,19,29,127,120,18,64" hai1="118,45,5,100,37,55,32,24,123,81,91,14,116" hai2="12,112,46,121,40,63,117,57,77,79,53,109,28" hai3="48,66,9,41,71,95,34,96,90,132,86,25,103"/><V15/><F112/><W104/><G132/><T130/><D120/><U83/><E100/><V125/><F117/><W7/><G71/><T68/><D119/><U82/><E123/><V22/><F121/><W93/><G66/><T113/><D113/><U78/><E78/><V30/><F125/><W56/><G34/><T51/><D127/><U4/><E4/><V27/><F109/><W43/><G25/><T98/><D130/><U134/><E134/><V111/><F111/><W20/><G20/><T36/><D36/><U88/><E116/><V61/><F61/><W31/><G31/><T74/><D74/><U65/><E65/><V101/><F30/><W114/><G114/><T6/><D87/><U11/><E118/><V23/><F101/><W92/><G56/><T47/><D19/><U33/><E24/><V3/><F3/><W13/><REACH who="3" step="1"/><G48/><REACH who="3" ten="154,327,138,371" step="2"/><T94/><D29/><U105/><E105/><V110/><F110/><W80/><AGARI ba="0,1" hai="7,9,13,41,43,80,86,90,92,93,95,96,103,104" machi="80" ten="30,7900,0" yaku="1,1,2,1,0,1,52,1,53,0" doraHai="76" doraHaiUra="122" who="3" fromWho="3" sc="154,-20,327,-20,138,-39,371,89" /><INIT seed="3,0,0,2,2,90" ten="134,307,99,460" oya="3" hai0="9,77,32,29,15,10,87,28,119,52,103,84,61" hai1="104,88,53,85,99,80,57,76,74,135,19,47,31" hai2="14,56,23,132,98,46,72,91,24,68,27,39,114" hai3="20,67,81,45,112,95,100,49,55,133,108,130,64"/><W75/><G112/><T121/><D119/><U21/><E135/><V128/><F68/><W134/><G130/><T107/><D121/><U94/><E31/><V65/><F114/><W66/><G108/><T111/><D111/><U36/><E36/><V33/><F128/><W89/><G100/><T8/><D107/><U43/><E43/><V51/><F72/><W113/><G113/><T38/><D38/><U11/><E47/><V41/><F132/><N who="3" m="50795" /><G20/><T69/><D69/><U3/><E3/><V92/><F33/><W16/><G16/><T115/><D103/><U6/><E6/><V82/><F82/><W71/><G81/><T35/><D35/><U26/><E11/><V110/><F110/><W7/><G7/><T120/><D32/><U18/><E104/><V40/><F40/><W12/><G12/><T70/><D120/><U73/><REACH who="1" step="1"/><E18/><REACH who="1" ten="134,297,99,460" step="2"/><N who="2" m="10711" /><F39/><W59/><G45/><T1/><D1/><U25/><E25/><V116/><F116/><W96/><G71/><T44/><D29/><U50/><AGARI ba="0,1" hai="19,21,26,50,53,57,73,74,76,80,85,88,94,99" machi="50" ten="20,8000,1" yaku="1,1,0,1,7,1,52,1,54,1,53,0" doraHai="90" doraHaiUra="109" who="1" fromWho="1" sc="134,-20,297,90,99,-20,460,-40" owari="114,-28.6,387,18.7,79,-42.1,420,52.0" /></mjloggm>