<mjloggm ver="2.3"><GO type="225" lobby="0"/><UN n0="%E5%8F%AF%E5%85%90%E9%82%A3%E7%94%B1%E5%A4%9A" n1="%E5%B8%86%E7%AB%8B%E5%A4%8F%E8%A1%A3" n2="%40%77%61%6B%61" n3="%E3%83%96%E3%83%83%E3%83%91%E3%82%AA%E3%83%96%E3%83%81%E3%82%AD%E3%83%B3" dan="16,17,16,16" rate="2077.53,2170.43,2072.10,2169.72" sx="F,M,M,M"/><TAIKYOKU oya="0"/><INIT seed="0,0,0,3,3,95" ten="250,250,250,250" oya="0" hai0="33,50,107,83,15,76,71,1,78,4,134,47,17" hai1="117,49,119,62,29,82,58,63,109,129,30,69,112" hai2="108,102,22,44,37,38,135,132,122,130,28,118,90" hai3="52,87,133,53,57,104,123,2,46,125,55,13,12"/><T31/><D71/><U85/><E109/><V6/><F122/><W35/><G2/><T89/><D134/><N who="2" m="51242" /><F108/><W39/><G133/><T74/><D107/><U86/><E129/><V65/><F130/><W121/><G35/><T7/><D1/><U115/><E58/><V106/><F6/><W59/><G125/><T101/><D101/><U127/><E49/><V105/><F65/><W36/><G104/><N who="2" m="40041" /><F102/><W126/><G126/><T97/><D76/><U75/><E119/><V16/><F118/><W120/><G87/><T113/><D113/><U11/><E127/><V40/><F28/><W56/><G46/><T26/><D89/><U42/><E117/><V3/><F3/><W18/><G18/><T91/><D91/><U94/><E69/><V111/><F90/><W32/><G32/><T25/><D25/><U114/><E114/><V54/><F111/><W20/><G20/><T103/><D103/><U24/><E24/><N who="2" m="14407" /><F54/><W73/><G73/><T41/><REACH who="0" step="1"/><D97/><REACH who="0" ten="240,250,250,250" step="2"/><U88/><E88/><V67/><F67/><W66/><G66/><T84/><D84/><U81/><E112/><V98/><F98/><W0/><G0/><T14/><D14/><AGARI ba="0,1" hai="12,13,14,36,39,52,53,55,56,57,59,120,121,123" machi="14" ten="50,12000,2" yaku="29,2,28,2,13,1,54,1" doraHai="95" who="3" fromWho="0" sc="240,-120,250,0,250,0,250,130" /><INIT seed="1,0,0,5,5,129" ten="120,250,250,380" oya="1" hai0="26,81,29,95,61,16,112,77,118,121,101,128,58" hai1="46,88,87,68,51,107,8,18,7,33,91,20,123" hai2="32,105,119,13,111,80,25,11,41,120,31,21,43" hai3="97,84,39,106,2,72,69,9,64,5,22,108,96"/><U70/><E123/><V47/><F105/><W130/><G72/><T42/><D112/><U115/><E115/><V100/><F120/><W131/><G39/><T66/><D121/><U135/><E135/><V104/><F119/><W63/><G108/><T35/><D118/><U103/><E33/><V90/><F111/><W127/><G127/><T60/><D128/><N who="3" m="49193" /><G106/><T75/><D42/><U4/><E103/><V45/><F100/><W44/><G44/><N who="2" m="16969" /><F32/><W28/><G84/><T23/><D61/><U34/><E34/><V37/><F37/><W19/><G28/><T132/><D132/><U116/><E91/><V55/><F55/><W124/><G124/><T117/><D117/><U110/><E107/><V40/><F104/><W86/><G86/><T65/><D65/><U79/><E79/><V57/><F57/><W15/><AGARI ba="0,0" hai="2,5,9,15,19,22,63,64,69,96,97" m="49193" machi="15" ten="30,1100,0" yaku="19,1" doraHai="129" who="3" fromWho="3" sc="120,-3,250,-5,250,-3,380,11" /><INIT seed="2,0,0,0,4,34" ten="117,245,247,391" oya="2" hai0="9,24,14,16,53,128,41,50,121,29,95,86,66" hai1="106,44,10,115,13,63,116,75,40,94,79,56,46" hai2="60,35,4,132,20,101,109,32,130,61,93,119,31" hai3="105,73,107,72,98,5,103,127,28,54,21,112,118"/><V82/><F119/><W23/><G118/><T26/><D128/><U19/><E106/><V68/><F130/><W1/><G127/><T55/><D121/><U91/><E116/><V133/><F4/><W134/><G107/><T89/><D66/><U36/><E115/><V125/><F109/><W88/><G112/><T129/><D129/><U30/><E30/><V102/><F82/><W120/><G120/><T11/><D11/><U64/><E44/><V69/><F20/><W76/><G134/><N who="2" m="51817" /><F125/><W12/><G28/><T39/><D39/><U62/><E62/><N who="2" m="24171" /><F93/><W7/><G7/><T67/><D67/><U51/><E79/><V87/><F87/><W122/><G122/><T104/><D104/><U3/><E75/><V123/><F123/><W59/><G76/><T96/><D86/><U25/><E25/><V37/><F37/><W131/><G131/><T135/><D135/><U92/><E36/><V49/><F49/><W58/><G23/><T71/><D71/><N who="2" m="27210" /><F31/><W2/><G21/><T15/><D15/><U33/><E33/><AGARI ba="0,0" hai="32,33,35,101,102" m="27210,24171,51817" machi="33" ten="40,7700,0" yaku="28,2,20,1" doraHai="34" who="2" fromWho="1" sc="117,0,245,-77,247,77,391,0" /><INIT seed="2,1,0,5,0,89" ten="117,168,324,391" oya="2" hai0="55,9,61,111,105,60,93,77,102,66,2,131,113" hai1="30,69,94,0,101,84,17,103,57,68,98,132,126" hai2="37,63,44,67,81,104,134,15,108,78,31,16,114" hai3="32,79,62,70,118,96,71,56,92,7,46,53,90"/><V51/><F114/><W127/><G118/><T4/><D113/><U3/><E30/><V36/><F104/><W100/><G127/><T34/><D111/><U58/><E126/><V26/><F134/><W109/><G109/><T24/><D131/><U87/><E98/><V39/><F108/><W133/><G133/><T35/><D105/><U20/><E132/><V72/><F26/><W129/><G129/><T85/><D55/><U73/><E20/><V110/><F31/><W19/><G32/><T97/><D24/><U95/><E17/><V47/><F51/><W119/><G119/><T33/><REACH who="0" step="1"/><D66/><REACH who="0" ten="107,168,324,391" step="2"/><U14/><E14/><V64/><F110/><W13/><G53/><T117/><D117/><U28/><E28/><V130/><F67/><W122/><G122/><T25/><D25/><U6/><REACH who="1" step="1"/><E73/><REACH who="1" ten="107,158,324,391" step="2"/><V11/><REACH who="2" step="1"/><F130/><REACH who="2" ten="107,158,314,391" step="2"/><W27/><G27/><T116/><D116/><U10/><E10/><V52/><F52/><W74/><G74/><T45/><D45/><U106/><E106/><V107/><F107/><W21/><G46/><T12/><D12/><U54/><E54/><V123/><F123/><W40/><G13/><T120/><D120/><U38/><E38/><V121/><F121/><W29/><G29/><T86/><D86/><U59/><E59/><AGARI ba="1,3" hai="11,15,16,36,37,39,44,47,59,63,64,72,78,81" machi="59" ten="40,3900,0" yaku="1,1,54,1,53,0" doraHai="89" doraHaiUra="135" who="2" fromWho="1" sc="107,0,158,-42,314,72,391,0" /><INIT seed="2,2,0,3,2,41" ten="107,116,386,391" oya="2" hai0="19,123,93,101,121,113,59,107,128,47,17,74,37" hai1="125,56,64,11,114,98,120,122,51,126,8,63,44" hai2="103,52,80,67,38,55,71,104,33,81,6,46,13" hai3="88,86,116,108,118,49,117,5,106,79,10,40,3"/><V65/><F33/><W83/><G108/><T82/><D113/><U76/><E76/><V24/><F24/><W97/><G106/><T21/><D107/><U66/><E98/><V53/><F71/><W90/><REACH who="3" step="1"/><G97/><REACH who="3" ten="107,116,386,381" step="2"/><T96/><D123/><N who="1" m="47147" /><E114/><V16/><F104/><W68/><G68/><T42/><D121/><U72/><E72/><V31/><F103/><W45/><AGARI ba="2,1" hai="3,5,10,40,45,49,79,83,86,88,90,116,117,118" machi="45" ten="40,8000,1" yaku="1,1,0,1,52,1,54,1,53,0" doraHai="41" doraHaiUra="27" who="3" fromWho="3" sc="107,-22,116,-22,386,-42,381,96" /><INIT seed="3,0,0,0,4,108" ten="85,94,344,477" oya="3" hai0="28,65,85,105,21,15,7,91,38,128,48,117,79" hai1="73,52,81,82,68,120,33,75,51,110,41,83,129" hai2="16,116,109,29,127,121,119,67,5,122,118,60,125" hai3="13,133,45,131,71,12,9,86,70,135,103,78,42"/><W3/><G131/><T88/><D117/><U11/><E120/><N who="2" m="46187" /><F29/><W44/><G103/><T114/><D105/><U112/><E68/><N who="3" m="26154" /><G3/><T37/><D128/><U27/><E11/><V34/><F34/><W90/><G78/><T40/><D65/><U59/><E110/><V99/><F5/><N who="3" m="3119" /><G13/><T94/><D114/><U62/><E112/><V66/><F99/><W31/><G31/><T30/><D79/><U77/><E129/><V98/><F98/><W124/><G124/><N who="2" m="47689" /><F16/><W130/><G42/><T47/><D37/><U32/><E77/><V113/><F60/><W115/><G130/><T106/><D106/><U1/><E1/><V39/><F109/><W74/><G74/><T19/><D38/><U35/><E27/><V126/><N who="2" m="47697" /><V22/><DORA hai="76" /><F22/><W53/><G90/><T49/><D7/><U10/><E10/><V100/><F100/><W2/><G86/><N who="0" m="52503" /><D49/><U102/><E102/><V43/><F113/><W18/><G18/><T96/><D96/><U123/><E123/><V6/><F6/><W64/><G2/><T107/><D107/><U89/><E89/><V134/><F134/><W61/><G133/><T72/><D72/><U101/><E101/><V55/><F55/><W97/><G53/><T93/><AGARI ba="0,0" hai="15,19,21,28,30,40,47,48,85,91,93" m="52503" machi="93" ten="30,2000,0" yaku="8,1,54,1" doraHai="108,76" who="0" fromWho="0" sc="85,20,94,-5,344,-5,477,-10" owari="105,-29.5,89,-41.1,339,13.9,467,56.7" /></mjloggm>