<mjloggm ver="2.3"><GO type="225" lobby="0"/><UN n0="%E5%91%A8%E6%9D%B1" n1="%E3%82%BC%E3%83%AB%E3%83%80%E3%81%AE%E4%BC%9D%E8%AA%AC" n2="%E3%81%A1%E3%82%83%E3%81%93%E3%81%93" n3="%33%74%72%65%65" dan="16,17,16,17" rate="2186.14,2153.44,2158.30,2108.92" sx="M,M,F,F"/><TAIKYOKU oya="0"/><INIT seed="0,0,0,2,4,132" ten="250,250,250,250" oya="0" hai0="40,67,94,17,21,34,114,22,51,122,44,100,52" hai1="13,78,81,90,80,12,92,98,68,45,19,9,32" hai2="6,29,59,77,10,30,108,119,14,35,50,96,61" hai3="16,120,102,123,103,72,135,23,101,4,43,82,124"/><T87/><D34/><U70/><E32/><V128/><F108/><W48/><G135/><T95/><D114/><U91/><E45/><V89/><F128/><W73/><G4/><T86/><D122/><N who="3" m="46633" /><G82/><T58/><D67/><U2/><E2/><V134/><F134/><W57/><G124/><T31/><D31/><U7/><E91/><V55/><F119/><W71/><G71/><T62/><D22/><U79/><E81/><V3/><F77/><W129/><G129/><T133/><D133/><U109/><E79/><V27/><F30/><W75/><G43/><T37/><D37/><U69/><E109/><V110/><F110/><W107/><G107/><T116/><D116/><U54/><E54/><V106/><F61/><W15/><G57/><T53/><D40/><U25/><E25/><V38/><F38/><W47/><G47/><T5/><D5/><U85/><REACH who="1" step="1"/><E69/><REACH who="1" ten="250,240,250,250" step="2"/><V113/><F89/><W125/><G125/><T74/><D74/><U76/><E76/><V118/><F118/><W131/><G131/><T83/><D100/><U112/><E112/><V60/><F113/><W42/><G42/><T11/><D83/><U93/><E93/><N who="0" m="35337" /><D11/><AGARI ba="0,1" hai="7,9,11,12,13,19,68,70,78,80,85,90,92,98" machi="11" ten="30,2000,0" yaku="1,1,7,1,53,0" doraHai="132" doraHaiUra="63" who="1" fromWho="0" sc="250,-20,240,30,250,0,250,0" /><INIT seed="1,0,0,1,0,59" ten="230,270,250,250" oya="1" hai0="107,65,91,97,30,47,32,7,106,3,73,128,19" hai1="66,71,70,27,21,115,108,81,102,85,16,33,49" hai2="54,80,28,121,109,72,55,37,103,104,25,116,89" hai3="4,130,114,52,51,9,50,122,133,39,12,17,14"/><U56/><E115/><V2/><F121/><W111/><G114/><T8/><D128/><U75/><E75/><V62/><F116/><W61/><G122/><T67/><D73/><U95/><E33/><V76/><F2/><W82/><G130/><T5/><D5/><U98/><E108/><V48/><F37/><W126/><G111/><T117/><D117/><U86/><E86/><V26/><F109/><W57/><G126/><T69/><D19/><U135/><E135/><V88/><F26/><W99/><G133/><T92/><D47/><U29/><E29/><V77/><F103/><W40/><G82/><T113/><D113/><U127/><E127/><V74/><F104/><W46/><REACH who="3" step="1"/><G99/><REACH who="3" ten="230,270,250,240" step="2"/><T79/><D97/><U6/><E6/><V120/><F120/><W93/><G93/><T64/><D92/><U129/><E129/><V119/><F119/><W44/><G44/><T13/><D106/><U68/><E81/><V83/><F83/><W43/><G43/><T124/><D107/><U24/><E85/><V132/><F80/><W105/><G105/><T35/><D124/><U100/><E95/><V42/><F132/><W22/><AGARI ba="0,1" hai="4,9,12,14,17,22,39,40,46,50,51,52,57,61" machi="22" ten="20,12000,2" yaku="1,1,0,1,7,1,52,1,54,1,53,2" doraHai="59" doraHaiUra="10" who="3" fromWho="3" sc="230,-30,270,-60,250,-30,240,130" /><INIT seed="2,0,0,5,3,123" ten="200,210,220,370" oya="2" hai0="113,63,88,57,114,128,92,121,0,13,99,6,126" hai1="107,15,64,74,26,83,16,90,89,72,110,76,68" hai2="44,96,37,105,87,79,85,41,51,131,4,19,43" hai3="35,10,34,104,75,84,98,91,94,33,58,54,45"/><V36/><F131/><W124/><G75/><T24/><D121/><U12/><E107/><V119/><F119/><W111/><G45/><T7/><D128/><U78/><E110/><V102/><F4/><W71/><G111/><T20/><D126/><U2/><E2/><V32/><F32/><W109/><G109/><T22/><D0/><U70/><E26/><V53/><F43/><W38/><G38/><T1/><D1/><U132/><E64/><V18/><F37/><W103/><G71/><T117/><D117/><U100/><E100/><V129/><F129/><W47/><G47/><T5/><D13/><U28/><E28/><V65/><F65/><W29/><G10/><T122/><D122/><U3/><E3/><V73/><F73/><W23/><G23/><T130/><D22/><U86/><E132/><V55/><F55/><W9/><G9/><T14/><D14/><U59/><E59/><V8/><F8/><W39/><G39/><T95/><D95/><U82/><E86/><N who="2" m="32779" /><F79/><W108/><G108/><T52/><REACH who="0" step="1"/><D130/><REACH who="0" ten="190,210,220,370" step="2"/><U11/><E11/><V60/><F36/><W118/><G118/><T112/><D112/><U48/><E48/><V66/><F44/><W61/><G124/><T67/><D67/><U27/><E27/><V21/><F66/><W93/><G93/><T42/><D42/><U134/><E134/><V77/><F41/><W46/><G46/><T120/><D120/><U56/><E56/><N who="2" m="34831" /><F51/><W62/><G62/><T81/><D81/><U115/><E115/><V125/><F125/><W40/><G40/><T31/><AGARI ba="0,1" hai="5,6,7,20,24,31,52,57,63,88,92,99,113,114" machi="31" ten="30,7900,0" yaku="1,1,0,1,54,2,53,0" doraHai="123" doraHaiUra="116" who="0" fromWho="0" sc="190,89,210,-20,220,-39,370,-20" /><INIT seed="3,0,0,4,0,93" ten="279,190,181,350" oya="3" hai0="74,40,56,53,7,134,73,121,98,17,48,122,54" hai1="76,107,13,66,35,29,30,105,36,92,117,78,112" hai2="82,58,64,102,11,3,114,26,10,6,77,5,62" hai3="100,42,9,123,101,37,104,91,50,46,90,12,69"/><W55/><G123/><T39/><D134/><U113/><E36/><V61/><F114/><N who="1" m="44137" /><E66/><V45/><F45/><W131/><G131/><T108/><D108/><U24/><E29/><V34/><F102/><W19/><G69/><T96/><D7/><U88/><E13/><V60/><F26/><W99/><G101/><T75/><D39/><U27/><E27/><V33/><F61/><W85/><G85/><T63/><D40/><U106/><E117/><V124/><F62/><W8/><G8/><T52/><D17/><U22/><E22/><V89/><F89/><W119/><G119/><T70/><D70/><U44/><E44/><AGARI ba="0,0" hai="9,12,19,37,42,44,46,50,55,90,91,99,100,104" machi="44" ten="30,2900,0" yaku="7,1,52,1" doraHai="93" who="3" fromWho="1" sc="279,0,190,-29,181,0,350,29" owari="279,7.9,161,-33.9,181,-21.9,379,47.9" /></mjloggm>