<mjloggm ver="2.3"><GO type="225" lobby="0"/><UN n0="%79%75%72%69%6D%6F%67" n1="%E6%81%A5%E6%99%92%E3%81%97" n2="%72%61%6B%33" n3="%E5%B0%8F%E9%B3%A5%E9%81%8A%E7%B7%B4%E7%84%A1%32%31%E6%AD%B3" dan="16,16,16,16" rate="2136.96,2094.31,2107.40,2180.71" sx="F,M,M,F"/><TAIKYOKU oya="0"/><INIT seed="0,0,0,3,1,50" ten="250,250,250,250" oya="0" hai0="54,123,82,12,31,4,2,70,68,129,86,30,43" hai1="37,111,49,102,45,77,42,14,89,29,101,38,78" hai2="126,65,119,21,35,118,60,11,95,87,125,107,104" hai3="34,128,116,19,117,40,17,7,93,36,134,112,23"/><T46/><D129/><U32/><E111/><V121/><F35/><W69/><G34/><T27/><D2/><U63/><E38/><V115/><F21/><W120/><G69/><T53/><D70/><U47/><E14/><V26/><F26/><W98/><G112/><T84/><D68/><U132/><E132/><V131/><F11/><W74/><G74/><T88/><D123/><U10/><E89/><N who="2" m="53695" /><F115/><W75/><G75/><T73/><D73/><U15/><E63/><V79/><F121/><W20/><G120/><T106/><D106/><N who="2" m="40490" /><F60/><W99/><G36/><T105/><D86/><U51/><E37/><V59/><F59/><W130/><G134/><T64/><D105/><U55/><E29/><N who="0" m="10761" /><D64/><U25/><E25/><V62/><F62/><W92/><G7/><T85/><D85/><U114/><E32/><V81/><F65/><W58/><G58/><T9/><D27/><U127/><E114/><V94/><F94/><W24/><G24/><T124/><D124/><N who="2" m="47722" /><F131/><W6/><G6/><T90/><D90/><U0/><E127/><V67/><F67/><W39/><G39/><T66/><D66/><U18/><E0/><V91/><F91/><W83/><G40/><T28/><N who="0" m="10769" /><T61/><DORA hai="76" /><D61/><U8/><E10/><V71/><F71/><W5/><REACH who="3" step="1"/><G5/><REACH who="3" ten="250,250,250,240" step="2"/><T96/><D96/><U109/><E109/><V100/><F100/><AGARI ba="0,1" hai="8,15,18,42,45,47,49,51,55,77,78,100,101,102" machi="100" ten="40,2600,0" yaku="8,1,52,1" doraHai="50,76" who="1" fromWho="2" sc="250,0,250,36,250,-26,240,0" /><INIT seed="1,0,0,5,0,132" ten="250,286,224,240" oya="1" hai0="32,38,64,7,4,60,44,23,42,81,109,68,107" hai1="78,77,134,31,102,118,56,95,117,79,50,94,13" hai2="34,83,75,90,27,45,57,80,74,82,5,106,26" hai3="108,130,71,96,11,35,125,52,112,59,30,3,37"/><U76/><E134/><V69/><F69/><W129/><G37/><T84/><D32/><U47/><E31/><V67/><F106/><W99/><G108/><T101/><D107/><U88/><E76/><V6/><F90/><W10/><G71/><T92/><D109/><U110/><E110/><V87/><F87/><W20/><G35/><T119/><D119/><U43/><E13/><V121/><F45/><W122/><G112/><T115/><D115/><U62/><E102/><V40/><F40/><W49/><G122/><T0/><D0/><U128/><E128/><N who="3" m="49258" /><G3/><T131/><D131/><U104/><E95/><V93/><F93/><W19/><G30/><T36/><D36/><U28/><E28/><V18/><F121/><W66/><G66/><T105/><D105/><U16/><E104/><V15/><F34/><W58/><G58/><T97/><REACH who="0" step="1"/><D23/><REACH who="0" ten="240,286,224,240" step="2"/><U2/><E117/><V103/><F75/><W9/><G125/><T17/><D17/><U33/><E16/><V12/><F74/><W21/><G20/><T65/><D65/><U70/><E33/><V8/><F18/><W22/><G21/><T55/><D55/><U116/><E2/><V53/><F67/><W63/><G49/><T25/><D25/><AGARI ba="0,1" hai="9,10,11,19,22,25,52,59,63,96,99" m="49258" machi="25" ten="30,2000,0" yaku="19,1,54,1" doraHai="132" who="3" fromWho="0" sc="240,-20,286,0,224,0,240,30" /><INIT seed="2,0,0,0,1,12" ten="220,286,224,270" oya="2" hai0="124,32,106,1,117,30,121,96,39,135,48,42,105" hai1="6,78,52,49,99,82,92,80,128,3,13,103,115" hai2="16,58,84,93,63,33,25,45,68,134,24,108,97" hai3="132,29,81,109,55,69,86,67,79,87,14,119,11"/><V64/><F134/><W8/><G119/><T19/><D121/><U10/><E128/><V17/><F108/><W51/><G132/><T102/><D1/><U100/><E115/><V72/><F72/><W88/><G109/><T27/><D135/><U21/><E103/><V127/><F127/><W116/><G116/><T76/><D124/><U77/><E3/><V9/><F68/><W43/><G29/><T26/><D76/><N who="1" m="29291" /><E21/><V36/><F33/><W126/><G126/><T34/><D39/><U120/><E120/><V66/><F66/><W118/><G118/><T5/><D5/><U83/><E83/><V90/><F9/><W122/><G122/><T110/><D110/><U44/><AGARI ba="0,0" hai="6,10,13,44,49,52,80,82,92,99,100" m="29291" machi="44" ten="30,2000,0" yaku="8,1,54,1" doraHai="12" who="1" fromWho="1" sc="220,-5,286,20,224,-10,270,-5" /><INIT seed="3,0,0,1,2,52" ten="215,306,214,265" oya="3" hai0="20,4,38,135,132,11,30,133,129,54,10,65,122" hai1="104,83,84,25,23,57,70,117,48,81,94,36,125" hai2="43,53,55,107,42,27,100,78,127,124,24,121,111" hai3="6,46,19,89,62,112,61,108,113,69,80,98,123"/><W115/><G123/><T59/><D38/><U86/><E104/><V63/><F78/><W9/><G19/><T109/><D109/><U14/><E70/><V3/><F3/><W12/><G46/><T128/><D122/><U21/><E36/><V85/><F121/><W92/><G108/><T90/><D65/><U116/><E125/><N who="2" m="48203" /><F111/><W1/><G1/><T105/><D90/><N who="1" m="53575" /><E86/><V58/><F85/><W50/><G80/><T18/><D105/><U74/><E74/><V119/><F119/><N who="1" m="45641" /><E14/><V110/><F110/><W71/><REACH who="3" step="1"/><G50/><REACH who="3" ten="215,306,214,255" step="2"/><N who="0" m="31191" /><D30/><U101/><E83/><V0/><F0/><W8/><G8/><N who="0" m="3115" /><D4/><U77/><E81/><V75/><F75/><W134/><G134/><T51/><D51/><U93/><E77/><V64/><F42/><W67/><G67/><T7/><D7/><U32/><E48/><N who="2" m="31015" /><F43/><W26/><G26/><AGARI ba="0,1" hai="18,20,26,128,129,132,133,135" m="3115,31191" machi="26" ten="40,2600,0" yaku="20,1,52,1" doraHai="52" who="0" fromWho="3" sc="215,36,306,0,214,0,255,-26" owari="251,5.1,306,40.6,214,-28.6,229,-17.1" /></mjloggm>