<mjloggm ver="2.3"><GO type="225" lobby="0"/><UN n0="%E6%98%93%E5%88%A9%E8%96%A9%E4%BC%AF" n1="%43%68%65" n2="%E3%81%99%E3%81%84%E3%81%BE%E3%81%9B%E3%83%BC%E3%82%93" n3="%E5%84%AA%40%41%42%43" dan="17,16,18,17" rate="2173.30,2090.95,2188.24,2165.39" sx="F,M,M,M"/><TAIKYOKU oya="0"/><INIT seed="0,0,0,4,4,56" ten="250,250,250,250" oya="0" hai0="64,91,129,40,98,30,97,74,61,19,117,34,80" hai1="95,100,111,33,118,109,13,23,50,32,121,126,25" hai2="73,26,112,39,77,6,4,28,128,99,59,114,63" hai3="96,5,37,102,17,55,115,35,67,42,44,15,0"/><T68/><D117/><U43/><E118/><V83/><F39/><W20/><G115/><T125/><D125/><U106/><E106/><V1/><F128/><W54/><G35/><T113/><D113/><U11/><E121/><V3/><F99/><W92/><G0/><T119/><D119/><U81/><E126/><V49/><F49/><W75/><G75/><T58/><D40/><U110/><E81/><V103/><F103/><W53/><G5/><T87/><D74/><U46/><E95/><V24/><F6/><W18/><G67/><T52/><D129/><U116/><E100/><V29/><F4/><W88/><G18/><T130/><D130/><U62/><E116/><V57/><F57/><W14/><REACH who="3" step="1"/><G102/><REACH who="3" ten="250,250,250,240" step="2"/><T84/><D19/><N who="1" m="8639" /><E62/><V108/><F114/><W22/><G22/><T94/><D30/><AGARI ba="0,1" hai="23,25,30,32,33,43,46,50,109,110,111" m="8639" machi="30" ten="30,1000,0" yaku="14,1" doraHai="56" who="1" fromWho="0" sc="250,-10,250,20,250,0,240,0" /><INIT seed="1,0,0,2,0,29" ten="240,270,250,240" oya="1" hai0="32,17,124,99,104,122,48,44,70,34,126,35,5" hai1="97,109,100,24,50,60,46,89,133,73,28,10,84" hai2="85,31,128,86,52,33,107,53,4,117,62,9,18" hai3="95,42,68,123,127,13,65,51,25,129,54,40,80"/><U11/><E73/><V63/><F117/><W58/><G123/><T12/><D70/><U55/><E109/><V96/><F128/><W101/><G127/><N who="0" m="48683" /><D122/><U131/><E131/><V110/><F110/><W105/><G129/><T59/><D5/><U120/><E133/><V106/><F18/><W27/><G105/><T82/><D59/><U108/><E108/><V56/><F31/><W21/><G68/><T78/><D99/><U7/><E60/><V15/><F33/><W102/><G65/><T79/><D82/><U76/><E76/><V1/><F1/><W92/><G80/><T67/><D67/><U8/><E120/><V22/><F22/><W77/><G77/><N who="0" m="29195" /><D104/><U41/><E97/><V91/><F96/><W111/><G111/><T64/><D64/><U130/><E130/><V45/><F86/><W115/><G115/><T112/><D112/><U94/><E100/><V3/><F3/><W20/><G13/><T26/><D26/><U23/><REACH who="1" step="1"/><E41/><REACH who="1" ten="240,260,250,240" step="2"/><V118/><F107/><W81/><G102/><T66/><D66/><U116/><E116/><V38/><F106/><W14/><G101/><T0/><D0/><AGARI ba="0,1" hai="0,7,8,10,11,23,24,28,46,50,55,84,89,94" machi="0" ten="30,2900,0" yaku="1,1,7,1,53,0" doraHai="29" doraHaiUra="121" who="1" fromWho="0" sc="240,-29,260,39,250,0,240,0" /><INIT seed="1,1,0,3,4,0" ten="211,299,250,240" oya="1" hai0="70,128,49,106,101,32,91,48,40,1,2,67,22" hai1="3,107,27,60,73,131,42,5,130,97,44,135,103" hai2="55,120,89,112,96,95,69,8,13,104,114,21,77" hai3="100,41,134,78,118,93,109,116,57,30,83,29,92"/><U11/><E135/><V133/><F120/><W82/><G109/><T63/><D128/><U65/><E73/><V51/><F133/><W62/><G134/><T36/><D36/><N who="1" m="21575" /><E27/><V99/><F69/><AGARI ba="1,0" hai="3,5,11,60,65,69,97,103,107,130,131" m="21575" machi="69" ten="30,2900,0" yaku="23,1,52,1" doraHai="0" who="1" fromWho="2" sc="211,0,299,32,250,-32,240,0" /><INIT seed="1,2,0,1,0,2" ten="211,331,218,240" oya="1" hai0="98,40,129,69,57,120,76,109,100,7,85,50,89" hai1="37,16,67,30,63,134,68,21,46,1,122,9,70" hai2="64,23,41,65,13,72,130,90,12,110,10,32,80" hai3="135,92,22,115,102,107,31,95,86,20,39,113,35"/><U124/><E122/><V26/><F130/><W38/><G107/><T62/><D109/><U91/><E124/><V117/><F117/><W71/><G35/><T78/><D129/><U94/><E134/><V44/><F32/><W125/><G71/><T56/><D69/><U17/><E70/><V59/><F110/><W114/><G125/><T121/><D40/><U51/><E37/><V0/><F0/><W5/><G135/><T49/><D78/><U4/><E21/><V66/><F59/><W106/><G106/><T99/><D76/><U34/><E30/><V88/><F72/><W45/><G102/><T128/><D128/><U97/><REACH who="1" step="1"/><E34/><REACH who="1" ten="211,321,218,240" step="2"/><V29/><F80/><W73/><G31/><T123/><D123/><U131/><E131/><V28/><F29/><W43/><G22/><T105/><D121/><U84/><E84/><V14/><REACH who="2" step="1"/><F10/><REACH who="2" ten="211,321,208,240" step="2"/><W52/><G73/><T54/><D120/><U3/><E3/><V33/><F33/><W25/><G115/><T11/><D11/><U58/><E58/><V116/><F116/><W15/><G114/><T103/><D57/><U74/><E74/><V6/><F6/><W111/><G5/><T60/><D7/><U87/><E87/><V83/><F83/><W133/><G86/><T55/><D85/><U18/><E18/><V132/><F132/><W81/><G113/><T127/><D56/><U119/><E119/><V93/><F93/><W77/><G133/><T8/><D8/><U47/><E47/><V79/><F79/><W36/><G111/><T118/><D118/><U126/><E126/><V27/><F27/><RYUUKYOKU ba="2,2" sc="211,-15,321,15,208,15,240,-15" hai1="1,4,9,16,17,46,51,63,67,68,91,94,97" hai2="12,13,14,23,26,28,41,44,64,65,66,88,90" /><INIT seed="1,3,2,0,4,121" ten="196,336,223,225" oya="1" hai0="112,72,131,25,76,59,57,11,49,111,29,134,58" hai1="102,28,32,119,90,126,4,94,101,18,14,7,54" hai2="71,135,117,55,96,98,78,107,63,1,66,69,75" hai3="44,80,22,85,77,105,86,56,23,15,115,79,114"/><U82/><E119/><V21/><F117/><W45/><G105/><T16/><D112/><U39/><E39/><V12/><F1/><W84/><G56/><T8/><D131/><U52/><E126/><V104/><F135/><W41/><G15/><T10/><D134/><U68/><E68/><V97/><F71/><W2/><G2/><T93/><D111/><U9/><E28/><V27/><F12/><W6/><G6/><N who="1" m="2090" /><E32/><V129/><F129/><W62/><G62/><T36/><D36/><U116/><E116/><V106/><F55/><N who="1" m="21033" /><E82/><V113/><F113/><W50/><G114/><T110/><D110/><U91/><E91/><V53/><F53/><W124/><G124/><T38/><D38/><U51/><E51/><V20/><REACH who="2" step="1"/><F27/><REACH who="2" ten="196,336,213,225" step="2"/><W92/><G115/><T99/><D25/><U35/><E35/><V122/><F122/><W13/><G45/><T133/><D133/><U48/><E48/><V108/><F108/><W125/><G125/><T17/><D49/><U47/><E47/><V88/><F88/><W61/><G50/><T31/><D59/><U130/><E130/><V132/><F132/><W120/><G44/><T0/><D58/><U103/><E103/><V128/><F128/><W40/><G120/><T30/><D0/><U24/><E24/><V3/><F3/><W46/><G46/><T34/><D57/><U67/><E67/><V109/><F109/><W100/><G100/><N who="0" m="60527" /><D34/><U89/><E89/><V83/><AGARI ba="3,3" hai="20,21,63,66,69,75,78,83,96,97,98,104,106,107" machi="83" ten="40,5200,0" yaku="1,1,0,1,53,1" doraHai="121" doraHaiUra="74" who="2" fromWho="2" sc="196,-16,336,-29,213,91,225,-16" /><INIT seed="2,0,0,5,3,71" ten="180,307,304,209" oya="2" hai0="89,40,101,16,32,43,86,46,31,51,38,15,23" hai1="121,79,81,82,49,2,99,97,93,25,58,44,88" hai2="28,95,21,47,104,20,53,6,123,30,119,117,102" hai3="68,80,112,94,24,37,98,8,130,120,10,56,105"/><V78/><F104/><W11/><G120/><T113/><D113/><U4/><E121/><V59/><F123/><W85/><G112/><T73/><D73/><U33/><E99/><V125/><F125/><W115/><G68/><T83/><D101/><U129/><E129/><V77/><F6/><W48/><G37/><T54/><REACH who="0" step="1"/><D38/><REACH who="0" ten="170,307,304,209" step="2"/><U131/><E131/><V42/><F102/><N who="3" m="60759" /><G130/><T1/><D1/><U60/><E2/><V66/><F119/><W62/><G115/><T84/><D84/><U126/><E126/><V35/><F117/><W69/><G105/><T55/><D55/><U18/><E97/><V107/><F53/><N who="3" m="31783" /><G69/><T133/><D133/><U19/><E33/><V135/><F135/><W128/><G128/><T111/><D111/><U14/><E44/><V64/><F47/><W134/><G134/><T5/><D5/><U74/><E4/><V96/><F107/><W3/><G3/><T124/><D124/><U67/><E58/><V114/><F59/><W72/><G72/><T39/><D39/><U7/><E74/><V45/><F45/><W26/><G62/><T100/><D100/><U122/><E60/><V116/><F116/><W34/><G34/><T87/><D87/><U29/><E122/><V103/><F35/><W12/><G85/><T52/><D52/><U27/><E7/><V57/><F114/><W63/><G63/><T106/><D106/><U17/><E49/><V92/><F57/><W50/><G50/><T22/><D22/><U70/><E70/><V132/><F132/><W91/><G8/><T109/><D109/><U9/><E9/><RYUUKYOKU ba="0,1" sc="170,30,307,-10,304,-10,209,-10" hai0="15,16,23,31,32,40,43,46,51,54,83,86,89" /><INIT seed="3,1,1,1,0,51" ten="200,297,294,199" oya="3" hai0="76,8,67,80,130,89,78,32,3,133,4,41,88" hai1="84,114,115,60,124,17,26,0,93,59,57,105,94" hai2="111,29,87,131,55,16,125,31,101,117,113,21,135" hai3="7,40,69,63,83,103,126,30,61,45,28,54,74"/><W38/><G126/><T24/><D130/><U75/><E75/><V95/><F117/><W107/><G107/><T42/><D78/><U64/><E105/><V52/><F113/><W70/><G103/><T2/><D2/><U100/><E0/><V85/><F111/><W27/><G7/><T121/><D121/><U22/><E124/><V14/><F135/><W9/><G9/><T79/><D79/><U119/><E119/><V127/><F131/><W120/><G120/><T1/><D1/><U116/><E116/><V112/><F112/><W82/><G28/><N who="2" m="10825" /><F127/><W77/><G82/><T90/><D32/><U62/><E94/><V25/><F25/><W56/><REACH who="3" step="1"/><G61/><REACH who="3" ten="200,297,294,189" step="2"/><T98/><D133/><U15/><E115/><V18/><F125/><W122/><G122/><T129/><D129/><U72/><E114/><V92/><F101/><W10/><G10/><T91/><D24/><U19/><E100/><V104/><F104/><W49/><G49/><T58/><D98/><U5/><E5/><V97/><F97/><W65/><G65/><T81/><D81/><U50/><E50/><V43/><F95/><W109/><G109/><T123/><D123/><U132/><E132/><V73/><F92/><W36/><G36/><T35/><D35/><AGARI ba="1,2" hai="27,30,35,38,40,45,54,56,63,69,70,74,77,83" machi="35" ten="30,5800,0" yaku="1,1,7,1,52,1,53,0" doraHai="51" doraHaiUra="102" who="3" fromWho="0" sc="200,-61,297,0,294,0,189,81" /><INIT seed="3,2,0,0,0,45" ten="139,297,294,270" oya="3" hai0="70,51,18,91,122,93,89,106,75,35,38,54,16" hai1="109,97,29,113,135,49,81,26,69,121,32,24,5" hai2="31,1,14,60,28,76,86,42,63,50,37,92,88" hai3="126,96,20,15,114,8,46,100,3,21,48,62,132"/><W61/><G114/><T27/><D106/><U120/><E113/><V130/><F1/><W99/><G3/><T94/><D38/><U98/><E69/><V11/><F37/><W108/><G126/><T127/><D122/><U56/><E109/><V133/><F130/><W66/><G132/><T33/><D70/><U111/><E111/><V39/><F39/><W55/><G108/><T116/><D116/><U64/><E135/><V73/><F133/><W4/><G99/><T78/><D127/><U19/><E5/><V57/><F76/><W103/><G100/><T79/><D75/><U85/><E121/><V77/><F77/><W40/><G40/><T131/><D131/><U123/><E123/><V80/><F80/><W36/><G36/><T2/><D2/><U129/><E129/><V117/><F73/><W125/><G125/><T9/><D27/><U67/><E120/><V105/><F105/><W30/><G30/><N who="2" m="11305" /><F117/><W124/><G124/><T23/><D9/><U84/><E84/><V13/><F13/><W104/><G62/><T119/><D119/><U59/><E19/><N who="2" m="8671" /><F42/><W53/><G53/><AGARI ba="2,0" hai="50,53,57,60,63,86,88,92" m="8671,11305" machi="53" ten="30,3900,0" yaku="8,1,52,1,54,1" doraHai="45" who="2" fromWho="3" sc="139,0,297,0,294,45,270,-45" owari="139,-36.1,297,9.7,339,43.9,225,-17.5" /></mjloggm>