<mjloggm ver="2.3"><GO type="225" lobby="0"/><UN n0="%E3%80%93%E3%81%97%E3%83%BC%E3%82%89%E3%80%93" n1="%E3%83%A9%E3%83%BC%E3%83%A1%E3%83%B3%E4%BA%94%E9%83%8E" n2="%E3%80%90%E3%83%88%E3%83%AA%E3%83%A5%E3%83%95%E3%80%91" n3="%E3%83%A9%E3%82%A4%E3%83%B3%E3%81%AE%E8%99%8E" dan="17,16,16,16" rate="2153.01,2149.22,2081.18,2124.22" sx="M,M,M,M"/><TAIKYOKU oya="0"/><INIT seed="0,0,0,4,2,131" ten="250,250,250,250" oya="0" hai0="36,85,105,22,122,121,101,128,135,127,69,39,9" hai1="50,34,60,10,6,126,35,53,57,42,111,67,27" hai2="115,65,66,8,59,84,87,113,80,86,0,88,68" hai3="89,114,76,83,98,13,52,25,92,14,38,49,94"/><T71/><D22/><U11/><E111/><V12/><F68/><N who="0" m="26186" /><D85/><U72/><E72/><V97/><F0/><W103/><G38/><N who="0" m="14379" /><D9/><U48/><E27/><V56/><F97/><W51/><G51/><T99/><D128/><U102/><E102/><V21/><F21/><W110/><G110/><T46/><D46/><N who="1" m="25687" /><E35/><V123/><F123/><N who="0" m="47114" /><D127/><U43/><E126/><V106/><F106/><W124/><G124/><T3/><D3/><U55/><E34/><V70/><F70/><W20/><G114/><T61/><D61/><U74/><E74/><V54/><F113/><W7/><G7/><T118/><D118/><U109/><E109/><V129/><F129/><W78/><G94/><T96/><D96/><U28/><E6/><V40/><F115/><W4/><G103/><T93/><D93/><U79/><E79/><N who="3" m="30250" /><G83/><T41/><D41/><U17/><E43/><V30/><F40/><W91/><G91/><T31/><D31/><U117/><E28/><V104/><F30/><N who="3" m="17703" /><G4/><T75/><D75/><U82/><E117/><V81/><F104/><W58/><AGARI ba="0,0" hai="13,14,49,52,58,89,92,98" m="17703,30250" machi="58" ten="30,2000,0" yaku="8,1,54,1" doraHai="131" who="3" fromWho="3" sc="250,-10,250,-5,250,-5,250,20" /><INIT seed="1,0,0,5,5,87" ten="240,245,245,270" oya="1" hai0="65,21,8,117,134,51,10,126,105,38,66,99,45" hai1="7,108,59,17,25,115,111,32,88,89,101,60,29" hai2="13,61,49,103,35,34,121,125,4,52,95,91,20" hai3="73,48,130,132,39,43,77,2,122,63,67,12,27"/><U93/><E115/><V44/><F121/><W124/><G122/><T104/><D38/><U118/><E118/><V53/><F125/><W114/><G114/><T6/><D117/><U116/><E116/><V15/><F103/><W26/><G2/><T36/><D36/><U11/><E17/><N who="2" m="10287" /><F34/><W37/><G124/><T9/><D126/><U71/><E71/><V28/><F28/><W56/><G130/><T106/><D134/><U72/><E72/><V3/><F3/><W0/><G0/><T85/><D6/><U97/><E11/><N who="2" m="4583" /><F61/><W94/><G132/><T5/><D5/><U24/><E7/><V80/><F80/><W42/><G63/><T131/><D131/><U68/><E24/><V84/><F35/><W55/><G26/><T110/><D21/><U14/><E14/><V120/><F120/><W57/><G12/><T18/><D18/><U1/><E68/><V109/><F109/><N who="1" m="42057" /><E1/><V70/><F70/><W58/><G27/><T78/><D110/><U96/><E96/><V102/><F102/><W113/><G73/><T23/><D99/><U69/><E69/><V81/><F81/><W54/><G113/><T135/><D135/><U98/><E98/><V92/><F92/><W128/><G94/><T107/><N who="0" m="26624" /><DORA hai="50" /><T31/><D31/><U76/><E76/><V30/><F30/><W22/><G77/><T47/><D23/><U41/><E41/><AGARI ba="0,0" hai="41,44,49,52,53,84,91,95" m="4583,10287" machi="41" ten="30,8000,1" yaku="8,1,52,3,54,1" doraHai="87,50" who="2" fromWho="1" sc="240,0,245,-80,245,80,270,0" /><INIT seed="2,0,0,5,2,94" ten="240,165,325,270" oya="2" hai0="128,122,22,47,57,54,21,131,39,101,130,80,45" hai1="35,125,5,86,72,87,0,8,71,24,103,74,75" hai2="118,20,31,85,2,70,134,26,124,68,10,64,13" hai3="90,49,1,23,60,93,14,16,95,59,77,4,50"/><V105/><F118/><W106/><G106/><T104/><D122/><U107/><E125/><V46/><F124/><W119/><G119/><T129/><D80/><U44/><E44/><N who="0" m="16969" /><D39/><U91/><E91/><V17/><F105/><W53/><G77/><T127/><D127/><U126/><E126/><V12/><F134/><W52/><G93/><T98/><N who="0" m="32768" /><DORA hai="133" /><T88/><D88/><U61/><E61/><AGARI ba="0,0" hai="21,22,54,57,61,98,101,104" m="32768,16969" machi="61" ten="60,3900,0" yaku="19,1,52,1" doraHai="94,133" who="0" fromWho="1" sc="240,39,165,-39,325,0,270,0" /><INIT seed="3,0,0,1,3,35" ten="279,126,325,270" oya="3" hai0="38,62,13,11,57,121,63,70,118,3,130,102,25" hai1="36,79,55,109,61,98,14,115,54,85,15,99,52" hai2="81,119,92,112,110,106,105,51,71,5,17,120,114" hai3="103,31,117,75,128,73,19,82,44,29,65,60,72"/><W48/><G117/><T125/><D38/><U12/><E109/><V26/><F71/><W1/><G128/><T42/><D42/><U9/><E115/><V90/><F5/><W88/><G103/><T18/><D125/><U49/><E36/><V132/><F51/><W131/><G131/><T16/><D121/><U58/><E9/><V21/><F110/><W37/><G37/><T86/><D130/><U135/><E135/><V0/><F0/><W96/><G1/><T124/><D3/><U113/><E113/><V77/><F132/><W40/><G19/><T126/><D118/><U10/><E10/><V84/><F120/><W6/><G6/><T32/><D102/><U80/><REACH who="1" step="1"/><E55/><REACH who="1" ten="279,116,325,270" step="2"/><V83/><F114/><W56/><REACH who="3" step="1"/><G82/><REACH who="3" ten="279,116,325,260" step="2"/><T39/><D39/><U23/><E23/><V53/><F83/><W20/><G20/><T7/><D126/><U24/><E24/><V104/><F112/><W111/><G111/><T134/><D124/><U34/><E34/><V41/><F119/><W47/><G47/><AGARI ba="0,2" hai="12,14,15,47,49,52,54,58,61,79,80,85,98,99" machi="47" ten="40,5200,0" yaku="1,1,8,1,54,1,53,0" doraHai="35" doraHaiUra="69" who="1" fromWho="3" sc="279,0,116,72,325,0,260,-52" owari="279,7.9,188,-31.2,325,42.5,208,-19.2" /></mjloggm>