<mjloggm ver="2.3"><GO type="225" lobby="0"/><UN n0="%E6%9C%88%E5%B3%B6%E5%9F%BA" n1="%E3%81%9B%E3%81%A9%E3%81%AA%E3%82%8A%E3%81%82%E3%82%93" n2="%E3%82%BC%E3%83%AB%E3%83%80%E3%81%AE%E4%BC%9D%E8%AA%AC" n3="%E3%82%A4%E3%83%BC%E3%82%B1%E3%83%97%E3%83%A9" dan="17,16,17,16" rate="2202.55,2113.24,2161.15,2087.83" sx="M,F,M,M"/><TAIKYOKU oya="0"/><INIT seed="0,0,0,5,1,9" ten="250,250,250,250" oya="0" hai0="88,133,91,60,72,110,0,43,33,109,42,106,122" hai1="4,65,51,76,107,108,97,45,98,41,71,116,53" hai2="54,17,67,83,28,1,124,49,6,102,15,58,3" hai3="34,96,120,70,73,119,21,86,36,100,89,126,68"/><T25/><D122/><U125/><E116/><V69/><F124/><W56/><G34/><T75/><D0/><U118/><E118/><V12/><F28/><W90/><G36/><T18/><D106/><U23/><E76/><V84/><F102/><W20/><G73/><N who="0" m="28235" /><D60/><U79/><E108/><N who="0" m="41577" /><D133/><U39/><E79/><V61/><F6/><W121/><G119/><T104/><D104/><U38/><E38/><V117/><F117/><W62/><G126/><T31/><D18/><U8/><E107/><V95/><F95/><W81/><G90/><AGARI ba="0,0" hai="25,31,33,42,43,88,90,91" m="41577,28235" machi="90" ten="30,5800,0" yaku="14,1,10,1,54,1" doraHai="9" who="0" fromWho="3" sc="250,58,250,0,250,0,250,-58" /><INIT seed="0,1,0,4,4,119" ten="308,250,250,192" oya="0" hai0="4,52,129,11,112,134,44,118,32,6,82,107,111" hai1="57,0,51,91,97,19,71,45,90,9,121,64,10" hai2="58,95,63,123,67,42,96,87,114,76,89,100,72" hai3="103,85,17,20,7,135,43,47,55,16,69,21,65"/><T93/><D118/><U28/><E71/><V83/><F114/><W27/><G135/><T75/><D107/><U35/><E35/><V77/><F123/><W18/><G103/><T40/><D32/><U98/><E28/><V102/><F77/><W3/><G55/><T130/><D112/><U37/><E37/><V104/><F102/><W101/><G101/><T78/><D134/><U2/><E19/><V38/><F42/><W15/><G18/><T14/><D93/><U50/><E57/><V94/><F94/><W8/><G85/><T99/><D99/><U115/><E115/><V1/><REACH who="2" step="1"/><F38/><REACH who="2" ten="308,250,240,192" step="2"/><W80/><G80/><T34/><D40/><U70/><E121/><V30/><F30/><W131/><G131/><T61/><D78/><U126/><E91/><V125/><F125/><W84/><G84/><T66/><D82/><U24/><E90/><V41/><F41/><W109/><G109/><T117/><D111/><U60/><E126/><V59/><F59/><W113/><G113/><T23/><D117/><U68/><E68/><V110/><F110/><W92/><G92/><T81/><D81/><U73/><E70/><V53/><F53/><W22/><G69/><T133/><D133/><U56/><E97/><V49/><F49/><W120/><G120/><T31/><D129/><U74/><E98/><V48/><F48/><N who="3" m="26751" /><G65/><T62/><D66/><U122/><E122/><V5/><F5/><W36/><G36/><T116/><D6/><N who="1" m="1223" /><E50/><V54/><F54/><W46/><G46/><T12/><D44/><U124/><E124/><V86/><F86/><W105/><G105/><RYUUKYOKU ba="1,1" sc="308,-15,250,-15,240,15,192,15" hai2="1,58,63,67,72,76,83,87,89,95,96,100,104" hai3="3,7,8,15,16,17,20,21,22,27" /><INIT seed="1,2,1,4,1,58" ten="293,235,255,207" oya="1" hai0="6,31,101,81,106,92,77,64,103,128,36,2,74" hai1="37,16,19,30,54,42,99,13,49,27,90,20,130" hai2="59,25,55,11,127,3,65,68,38,80,105,118,129" hai3="132,104,28,45,102,95,107,10,109,75,39,18,52"/><U43/><E130/><V46/><F118/><W69/><G75/><T108/><D108/><U120/><E120/><V82/><F105/><W98/><G109/><T85/><D31/><U29/><E37/><V125/><F25/><W135/><G69/><T96/><D6/><U78/><E78/><V33/><F33/><W111/><G111/><T93/><D2/><U70/><E70/><V87/><F129/><W14/><G28/><N who="1" m="10858" /><E99/><V44/><F11/><W35/><G35/><T60/><D36/><U73/><E90/><V15/><F15/><W23/><G10/><T9/><D9/><N who="1" m="6191" /><E73/><V131/><F3/><W63/><G39/><T123/><D123/><U47/><AGARI ba="2,1" hai="19,20,27,42,43,47,49,54" m="6191,10858" machi="47" ten="30,3000,0" yaku="8,1,54,1" doraHai="58" who="1" fromWho="1" sc="293,-12,235,46,255,-12,207,-12" /><INIT seed="1,3,0,3,5,69" ten="281,281,243,195" oya="1" hai0="11,66,84,74,19,14,56,60,90,70,6,2,97" hai1="33,133,57,89,17,43,105,115,123,94,116,78,34" hai2="21,16,113,15,102,71,53,88,77,101,32,44,114" hai3="54,110,87,91,65,75,4,42,36,108,49,52,121"/><U39/><E115/><N who="2" m="44043" /><F32/><W10/><G75/><T55/><D74/><U76/><E116/><V124/><F124/><W29/><G121/><T47/><D97/><U5/><E105/><V18/><F71/><W85/><G65/><T80/><D70/><U82/><E5/><V61/><F77/><W26/><G36/><T106/><D106/><U51/><E17/><V100/><F18/><W130/><G42/><T135/><D135/><U132/><E123/><V64/><F64/><W117/><G130/><T96/><D96/><U134/><E78/><V50/><F61/><W68/><G68/><T28/><D28/><U109/><E109/><N who="3" m="42090" /><G117/><T127/><D127/><U103/><E103/><V40/><F40/><W20/><G49/><N who="0" m="29119" /><D2/><U48/><E48/><V1/><F1/><N who="3" m="271" /><G87/><T93/><D6/><U13/><E51/><V25/><F25/><W3/><G3/><T131/><D131/><U120/><E13/><V27/><F27/><W24/><G24/><T45/><D45/><N who="1" m="23807" /><E57/><V62/><F62/><W7/><G7/><T31/><D31/><U23/><E120/><V104/><F104/><W125/><G125/><T118/><D118/><U35/><E35/><V107/><F107/><W37/><G37/><T63/><D63/><U112/><E112/><V98/><F98/><W83/><AGARI ba="3,0" hai="20,26,29,52,54,83,85,91" m="271,42090" machi="83" ten="30,2000,0" yaku="14,1,54,1" doraHai="69" who="3" fromWho="3" sc="281,-8,281,-13,243,-8,195,29" /><INIT seed="2,0,0,0,4,102" ten="273,268,235,224" oya="2" hai0="4,66,92,34,58,128,18,46,108,98,52,124,25" hai1="81,63,47,95,84,131,67,121,112,39,115,118,41" hai2="15,49,83,93,104,61,11,53,76,6,107,113,85" hai3="97,125,123,44,20,2,37,14,106,79,109,91,78"/><V29/><F113/><W0/><G123/><T50/><D108/><U87/><E118/><V27/><F93/><W13/><G109/><T82/><D124/><U7/><E131/><V19/><F61/><W70/><G70/><T31/><D128/><U77/><E121/><V71/><F6/><W59/><G125/><T9/><D18/><U99/><E7/><V94/><F94/><W86/><G59/><T35/><D82/><U23/><E23/><V28/><F71/><W62/><G62/><T55/><D66/><U65/><E84/><V24/><F24/><W38/><G106/><T21/><D55/><U72/><E72/><V116/><F116/><W22/><G97/><T111/><D58/><U69/><REACH who="1" step="1"/><E67/><REACH who="1" ten="273,258,235,224" step="2"/><V75/><F85/><W30/><G86/><T88/><D111/><U57/><E57/><V135/><F135/><W12/><G22/><T133/><D133/><U105/><E105/><V117/><F117/><W17/><G20/><T33/><D34/><U130/><E130/><V103/><F107/><W132/><G132/><T1/><AGARI ba="0,1" hai="1,4,9,21,25,31,33,35,46,50,52,88,92,98" machi="1" ten="20,5200,0" yaku="0,1,7,1,54,2" doraHai="102" who="0" fromWho="0" sc="273,62,258,-13,235,-26,224,-13" /><INIT seed="3,0,0,1,0,61" ten="335,245,209,211" oya="3" hai0="19,96,83,90,92,70,128,41,20,82,121,34,5" hai1="26,67,64,42,57,68,0,99,60,112,47,23,73" hai2="126,109,84,1,80,35,38,17,13,7,22,56,103" hai3="114,108,53,50,132,31,95,116,36,107,48,63,12"/><W65/><G114/><T100/><D70/><U115/><E0/><V32/><F38/><W24/><G116/><T88/><D34/><U59/><E73/><V43/><F43/><W62/><G107/><T120/><D5/><U122/><E99/><V3/><F103/><W28/><G36/><T135/><D41/><U76/><E76/><V21/><F56/><N who="1" m="21577" /><E23/><N who="2" m="8715" /><F84/><W16/><G132/><T9/><D9/><U113/><E26/><V89/><F89/><N who="0" m="34410" /><D135/><U8/><E8/><N who="2" m="6311" /><F80/><N who="0" m="30762" /><D19/><U97/><E97/><V37/><F37/><W49/><G16/><T130/><D20/><U46/><E122/><AGARI ba="0,0" hai="92,96,100,120,121,122,128,130" m="30762,34410" machi="122" ten="30,3900,0" yaku="34,2,54,1" doraHai="61" who="0" fromWho="1" sc="335,39,245,-39,209,0,211,0" owari="374,47.4,206,-29.4,209,-19.1,211,1.1" /></mjloggm>