<mjloggm ver="2.3"><GO type="225" lobby="0"/><UN n0="%E8%B5%A4%E3%81%84%E8%9B%99%31%31" n1="%E6%A1%9C%E8%8A%B1%E9%96%83%E3%80%85" n2="%70%6F%69%73%6F%6E%30%32" n3="%72%61%6B%33" dan="16,16,16,16" rate="2106.20,2164.92,2109.63,2094.85" sx="M,M,M,M"/><TAIKYOKU oya="0"/><INIT seed="0,0,0,1,5,14" ten="250,250,250,250" oya="0" hai0="117,24,87,86,121,10,68,26,65,125,95,97,100" hai1="3,23,84,62,106,88,130,15,56,108,78,9,110" hai2="37,38,74,1,82,123,21,135,64,43,22,46,34" hai3="11,33,45,112,99,120,53,47,60,18,134,101,83"/><T80/><D117/><U93/><E130/><V76/><F34/><W85/><G134/><T92/><D121/><U52/><E106/><V17/><F123/><W49/><G120/><T109/><D125/><U13/><E78/><V73/><F135/><W122/><G122/><T107/><D109/><N who="1" m="42091" /><E23/><V72/><F38/><W69/><G33/><T89/><D10/><U81/><E81/><V133/><F133/><W35/><G35/><T51/><D51/><U61/><E61/><V128/><F22/><W102/><G112/><T36/><D36/><U105/><E105/><V8/><F64/><W41/><G69/><T27/><REACH who="0" step="1"/><D86/><REACH who="0" ten="240,250,250,250" step="2"/><U132/><E132/><V113/><F128/><W58/><G45/><T98/><D98/><U48/><E48/><V70/><F113/><W129/><G99/><T25/><N who="0" m="6144" /><DORA hai="12" /><T63/><AGARI ba="0,1" hai="63,65,68,80,87,89,92,95,97,100,107" m="6144" machi="63" ten="40,12000,1" yaku="1,1,4,1,0,1,53,1" doraHai="14,12" doraHaiUra="103,2" who="0" fromWho="0" sc="240,130,250,-40,250,-40,250,-40" /><INIT seed="0,1,0,3,3,119" ten="370,210,210,210" oya="0" hai0="92,101,131,89,75,72,132,115,60,22,67,58,46" hai1="63,77,10,17,29,82,13,117,84,103,20,111,123" hai2="0,97,69,87,94,61,28,118,12,129,121,109,7" hai3="53,44,114,59,71,83,62,125,91,57,95,23,108"/><T55/><D115/><U134/><E117/><V35/><F109/><W81/><G108/><T38/><D131/><U86/><E111/><V51/><F118/><W73/><G125/><T133/><D101/><U11/><E134/><N who="0" m="51817" /><D22/><U64/><E123/><V30/><F0/><W130/><G130/><T50/><D38/><U122/><E122/><V48/><F129/><W112/><G71/><T3/><D3/><U102/><E86/><AGARI ba="1,0" hai="46,50,55,58,60,67,72,75,86,89,92" m="51817" machi="86" ten="30,1500,0" yaku="20,1" doraHai="119" who="0" fromWho="1" sc="370,18,210,-18,210,0,210,0" /><INIT seed="0,2,0,4,1,4" ten="388,192,210,210" oya="0" hai0="48,54,104,87,110,6,52,58,7,117,38,94,95" hai1="92,44,15,90,80,60,37,89,57,23,113,96,75" hai2="56,126,61,72,22,82,119,35,108,115,73,66,9" hai3="76,121,33,8,13,65,103,100,109,62,79,55,11"/><T84/><D104/><U69/><E69/><V88/><F108/><W63/><G109/><T116/><D110/><U78/><E113/><V70/><F35/><W1/><G33/><T34/><D34/><U16/><E37/><V59/><F115/><W20/><G121/><T40/><D40/><U85/><E44/><V81/><F126/><W112/><G112/><T122/><D122/><U107/><E107/><V133/><F22/><W68/><G1/><T14/><D38/><U93/><E75/><V99/><F133/><W29/><G55/><T118/><D54/><U83/><REACH who="1" step="1"/><E78/><REACH who="1" ten="388,182,210,210" step="2"/><V24/><F73/><W131/><G79/><T19/><D118/><U129/><E129/><V91/><F72/><W74/><G131/><T26/><D117/><U127/><E127/><V47/><F119/><W134/><G76/><T132/><D116/><U130/><E130/><V28/><F47/><W10/><G74/><T97/><D132/><U3/><E3/><V39/><F39/><W27/><G134/><T120/><D120/><U30/><E30/><V18/><F70/><W114/><G114/><T21/><D95/><U135/><E135/><V71/><F71/><W41/><G41/><T31/><D94/><U105/><E105/><V111/><F111/><W86/><G68/><T17/><D31/><U77/><E77/><V25/><F28/><W43/><G43/><T0/><D0/><U50/><E50/><V2/><F2/><W42/><G42/><T51/><D51/><U123/><E123/><V124/><F124/><W98/><G29/><N who="0" m="17615" /><D48/><U36/><E36/><V101/><F61/><RYUUKYOKU ba="2,1" sc="388,-10,182,30,210,-10,210,-10" hai1="15,16,23,57,60,80,83,85,89,90,92,93,96" /><INIT seed="1,3,1,5,4,51" ten="378,212,200,200" oya="1" hai0="105,57,68,98,64,7,81,83,86,66,19,123,38" hai1="85,133,101,58,113,71,28,33,75,55,37,10,56" hai2="91,14,20,3,69,23,77,26,94,30,95,35,102" hai3="13,21,48,65,24,36,110,5,42,6,135,107,62"/><U112/><E75/><V87/><F3/><W103/><G110/><T122/><D38/><U46/><E101/><V97/><F69/><W67/><G36/><T108/><D108/><U2/><E85/><V31/><F31/><W119/><G135/><T76/><D7/><N who="1" m="1399" /><E58/><V134/><F134/><W15/><G119/><T44/><D68/><U125/><E133/><V88/><F14/><N who="3" m="5131" /><G103/><N who="0" m="62711" /><D19/><U4/><E4/><N who="3" m="1642" /><G62/><T1/><D1/><U18/><E18/><V43/><F43/><W34/><G34/><T117/><D117/><U41/><E28/><V73/><REACH who="2" step="1"/><F91/><REACH who="2" ten="378,212,190,200" step="2"/><W100/><G42/><T84/><D123/><U74/><E71/><V47/><F47/><W9/><G24/><T39/><D44/><U79/><E33/><V60/><F60/><W52/><G9/><T114/><D122/><U16/><E113/><V99/><F99/><W72/><G21/><T111/><D114/><U59/><E112/><V93/><F93/><W106/><G106/><T49/><D111/><U89/><E89/><V12/><F12/><W50/><G107/><T82/><D82/><AGARI ba="3,2" hai="20,23,26,30,35,73,77,82,87,88,94,95,97,102" machi="82" ten="40,2600,0" yaku="1,1,54,1,53,0" doraHai="51" doraHaiUra="121" who="2" fromWho="0" sc="378,-35,212,0,190,55,200,0" /><INIT seed="2,0,0,2,4,56" ten="343,212,245,200" oya="2" hai0="70,42,85,49,20,118,109,96,71,4,52,64,38" hai1="116,53,113,9,30,13,12,73,133,14,28,90,121" hai2="3,21,26,76,40,67,122,119,128,23,39,92,66" hai3="135,99,36,98,50,115,131,29,106,62,93,114,45"/><V65/><F122/><W57/><G131/><T82/><D109/><U91/><E113/><V25/><F119/><W61/><G135/><T88/><D118/><U75/><E116/><V18/><F3/><W59/><G36/><T86/><D4/><U104/><E104/><V130/><F76/><W112/><G29/><N who="1" m="11370" /><E133/><V15/><F39/><W55/><G106/><T80/><D96/><U74/><E53/><V83/><F83/><W97/><G93/><T111/><D111/><U134/><E134/><V17/><F40/><W94/><G94/><T69/><D20/><U110/><E110/><V123/><F123/><W81/><G81/><T34/><D34/><U22/><E22/><V87/><F15/><W6/><G6/><T89/><D38/><U16/><E121/><V77/><F77/><W8/><G8/><T60/><D42/><U117/><E117/><V51/><F51/><W108/><G108/><T43/><D43/><U78/><E78/><V101/><F87/><W37/><G37/><T7/><D7/><U19/><E9/><V120/><F120/><W11/><G11/><T84/><D84/><U129/><E129/><V100/><F92/><W107/><G107/><T27/><D27/><U46/><E46/><AGARI ba="0,0" hai="46,49,52,60,64,69,70,71,80,82,85,86,88,89" machi="46" ten="30,8000,1" yaku="7,1,9,1,52,1,54,2" doraHai="56" who="0" fromWho="1" sc="343,80,212,-80,245,0,200,0" /><INIT seed="3,0,0,0,3,55" ten="423,132,245,200" oya="3" hai0="24,76,132,74,21,34,78,19,18,77,57,114,94" hai1="122,4,129,104,134,31,120,116,103,119,126,11,10" hai2="2,101,44,0,66,82,3,37,73,105,51,62,92" hai3="88,112,111,123,50,29,99,13,96,47,36,56,71"/><W79/><G112/><T107/><D107/><U108/><E103/><V113/><F113/><W7/><G123/><N who="1" m="47146" /><E104/><V26/><F37/><W75/><G71/><T100/><D74/><U49/><E49/><V85/><F73/><W5/><G36/><T80/><D132/><U117/><E134/><V23/><F105/><W121/><G121/><T39/><D34/><U131/><E108/><V69/><F92/><W97/><G111/><T72/><D39/><U67/><E67/><V8/><F8/><N who="1" m="3113" /><E126/><V128/><F101/><W60/><G75/><T9/><D19/><U54/><E54/><V106/><F128/><N who="1" m="49225" /><E31/><V38/><F106/><W110/><G110/><T43/><D21/><U118/><N who="1" m="29696" /><DORA hai="40" /><U109/><E109/><V98/><F38/><W46/><G29/><T27/><D43/><U1/><E4/><V53/><F98/><W59/><G5/><T15/><D27/><U22/><E22/><V84/><F82/><W124/><G124/><T86/><D24/><U42/><E42/><V28/><AGARI ba="0,0" hai="0,2,3,23,26,28,44,51,53,62,66,69,84,85" machi="28" ten="30,2000,0" yaku="0,1,52,1" doraHai="55,40" who="2" fromWho="2" sc="423,-5,132,-5,245,20,200,-10" owari="418,51.8,127,-37.3,265,6.5,190,-21.0" /></mjloggm>