<mjloggm ver="2.3"><GO type="225" lobby="0"/><UN n0="%E3%81%99%E3%83%BC%5F%E9%88%B4%E6%9C%A8%E6%B5%A9%E5%B9%B3" n1="%E7%B4%94%E6%BD%94%E3%83%94%E3%83%A9%E3%83%8B%E3%82%A2" n2="%E6%9C%88%E5%B3%B6%E5%9F%BA" n3="%E3%83%96%E3%83%83%E3%83%91%E3%82%AA%E3%83%96%E3%83%81%E3%82%AD%E3%83%B3" dan="16,17,17,16" rate="2085.95,2230.44,2194.98,2226.16" sx="M,M,M,M"/><TAIKYOKU oya="0"/><INIT seed="0,0,0,1,2,39" ten="250,250,250,250" oya="0" hai0="4,59,79,26,105,57,56,68,118,134,98,29,51" hai1="97,67,25,113,135,54,60,50,18,24,46,130,96" hai2="88,12,23,8,49,101,40,6,81,75,89,15,32" hai3="119,45,22,63,5,17,99,42,94,1,36,38,106"/><T58/><D118/><U73/><E73/><V61/><F32/><W109/><G119/><T107/><D68/><U71/><E135/><V41/><F75/><W95/><G109/><T125/><D134/><U87/><E130/><V120/><F120/><W127/><G127/><T132/><D132/><U53/><E113/><V83/><F101/><W108/><G108/><T34/><D125/><U133/><E133/><V44/><F61/><W35/><G35/><T124/><D124/><U131/><E131/><V91/><F41/><W64/><G38/><T69/><D69/><U62/><E87/><V78/><F78/><W85/><G85/><T122/><D122/><U72/><E72/><V74/><F74/><W65/><G65/><T82/><D98/><U16/><E71/><V21/><F15/><W114/><G114/><T115/><D115/><U31/><E50/><V33/><F33/><W77/><G77/><T104/><D4/><U76/><E76/><V121/><F121/><W103/><G5/><T84/><N who="0" m="14336" /><DORA hai="110" /><T20/><REACH who="0" step="1"/><D51/><REACH who="0" ten="240,250,250,250" step="2"/><U128/><E128/><V126/><F126/><W70/><REACH who="3" step="1"/><G1/><REACH who="3" ten="240,250,250,240" step="2"/><T92/><D92/><U47/><E67/><V0/><F0/><W116/><G116/><T66/><D66/><U11/><E96/><V55/><F55/><W3/><G3/><T27/><D27/><AGARI ba="0,2" hai="17,22,27,36,42,45,63,64,70,94,95,99,103,106" machi="27" ten="30,7700,0" yaku="1,1,7,1,52,1,53,1" doraHai="39,110" doraHaiUra="100,9" who="3" fromWho="0" sc="240,-77,250,0,250,0,240,97" /><INIT seed="1,0,0,5,3,134" ten="163,250,250,337" oya="1" hai0="22,56,83,34,93,7,98,101,97,10,65,50,114" hai1="105,95,113,108,68,122,37,60,70,39,58,49,112" hai2="42,43,72,29,48,126,128,130,27,129,9,66,74" hai3="64,117,5,115,51,40,76,120,19,110,131,69,24"/><U11/><E105/><V118/><F118/><W124/><G120/><T23/><D34/><U8/><E95/><V4/><F66/><W45/><G115/><N who="1" m="44106" /><E11/><V135/><F135/><W67/><G117/><T6/><D114/><U25/><E8/><V59/><F59/><W41/><G110/><T33/><D33/><U36/><E25/><V63/><F63/><W87/><G131/><T104/><D83/><U0/><E0/><N who="2" m="135" /><F48/><W13/><G69/><N who="1" m="26730" /><E122/><V96/><F96/><W132/><G19/><T62/><D50/><U14/><E14/><V125/><F43/><W78/><G40/><T90/><REACH who="0" step="1"/><D6/><REACH who="0" ten="153,250,250,337" step="2"/><U111/><E49/><V91/><F128/><W107/><G51/><T53/><D53/><AGARI ba="0,1" hai="36,37,39,53,58,60,108,111" m="26730,44106" machi="53" ten="40,3900,0" yaku="34,2" doraHai="134" who="1" fromWho="0" sc="153,-39,250,49,250,0,337,0" /><INIT seed="1,1,0,0,5,122" ten="114,299,250,337" oya="1" hai0="97,58,106,27,4,50,73,120,129,70,91,111,65" hai1="11,128,46,84,100,32,102,24,83,21,25,118,10" hai2="89,56,41,55,45,134,119,30,64,47,67,26,42" hai3="22,116,115,107,36,130,71,80,17,1,105,75,87"/><U20/><E32/><V2/><F2/><W132/><RYUUKYOKU type="yao9" ba="1,0" sc="114,0,299,0,250,0,337,0" hai3="1,17,22,36,71,75,80,87,105,107,115,116,130,132" /><INIT seed="1,2,0,1,0,6" ten="114,299,250,337" oya="1" hai0="103,69,66,80,72,62,32,29,105,77,135,87,51" hai1="92,91,122,23,67,132,39,33,96,88,4,11,63" hai2="107,30,101,38,59,0,116,68,14,18,42,13,40" hai3="45,53,56,119,1,112,94,46,47,49,86,52,128"/><U74/><E122/><V79/><F68/><W82/><G112/><T17/><D135/><U81/><E33/><V100/><F0/><W109/><G109/><T12/><D51/><U93/><E39/><V60/><F116/><W27/><G128/><T48/><D48/><U55/><E132/><V34/><F79/><W129/><G129/><T76/><D76/><U7/><E7/><V8/><F30/><W102/><G119/><T90/><D32/><U117/><E117/><V106/><F34/><W44/><G1/><T61/><D29/><U64/><E23/><V25/><F25/><W43/><G27/><T78/><D77/><U83/><E55/><V85/><F85/><W3/><G3/><T2/><D2/><U97/><E74/><V99/><F38/><W108/><G108/><T121/><D121/><U114/><E114/><V50/><F50/><W21/><G21/><T31/><D31/><U10/><E4/><V54/><REACH who="2" step="1"/><F14/><REACH who="2" ten="114,299,240,337" step="2"/><W15/><G15/><T130/><D130/><U133/><E133/><V89/><F89/><N who="3" m="51415" /><G56/><T125/><D125/><U37/><E37/><V36/><F36/><W16/><G49/><T28/><D28/><U84/><E84/><V22/><F22/><W118/><G118/><T126/><D126/><U113/><E113/><V98/><AGARI ba="2,1" hai="8,13,18,40,42,54,59,60,98,99,100,101,106,107" machi="98" ten="30,7900,0" yaku="1,1,0,1,9,1,52,1,53,0" doraHai="6" doraHaiUra="104" who="2" fromWho="2" sc="114,-22,299,-41,240,95,337,-22" /><INIT seed="2,0,0,5,2,12" ten="92,258,335,315" oya="2" hai0="125,82,117,37,65,39,35,34,41,97,94,58,89" hai1="110,111,76,55,104,14,25,79,11,101,7,96,16" hai2="99,91,116,59,44,29,6,93,22,30,0,4,133" hai3="68,98,113,31,73,52,69,48,109,81,24,10,47"/><V95/><F116/><W20/><G109/><N who="1" m="41482" /><E55/><V38/><F133/><W123/><G123/><T19/><D117/><U127/><E127/><V130/><F130/><W120/><G120/><T84/><D125/><U106/><E104/><V85/><F0/><W54/><G113/><T118/><D118/><U119/><E119/><V64/><F38/><W8/><G98/><T103/><D37/><U87/><E87/><V108/><F44/><W63/><G69/><T100/><D103/><U9/><E25/><N who="2" m="16567" /><F30/><W71/><G71/><T77/><D39/><U107/><E106/><V61/><F108/><W5/><G5/><T80/><D41/><U86/><E86/><V114/><F114/><W28/><G28/><T67/><D67/><U45/><E45/><V18/><F18/><W21/><G21/><T74/><D65/><U43/><E43/><V90/><AGARI ba="0,0" hai="4,6,59,61,64,85,90,91,93,95,99" m="16567" machi="90" ten="30,1500,0" yaku="8,1" doraHai="12" who="2" fromWho="2" sc="92,-5,258,-5,335,15,315,-5" /><INIT seed="2,1,0,2,3,12" ten="87,253,350,310" oya="2" hai0="43,132,124,49,18,77,130,27,62,85,104,23,39" hai1="20,119,83,47,79,4,21,72,3,117,31,122,109" hai2="66,44,8,102,2,11,30,34,13,24,45,67,61" hai3="99,63,32,1,46,110,121,107,100,108,16,42,118"/><V6/><F102/><W91/><G118/><T95/><D104/><U7/><E109/><N who="3" m="42090" /><G121/><T131/><D39/><U37/><E122/><V96/><F96/><W120/><G120/><T97/><D132/><U54/><E54/><V74/><F74/><W75/><G1/><T55/><D124/><U103/><E103/><V78/><F78/><W5/><G5/><T82/><D43/><U105/><E105/><V86/><F86/><W71/><G32/><T94/><D94/><U133/><E133/><V15/><F2/><W35/><G35/><T81/><D81/><U76/><E76/><V58/><REACH who="2" step="1"/><F66/><REACH who="2" ten="87,253,340,310" step="2"/><N who="3" m="41439" /><G75/><T70/><D70/><U123/><E72/><V113/><F113/><W0/><G91/><T88/><REACH who="0" step="1"/><D49/><REACH who="0" ten="77,253,340,310" step="2"/><U41/><E123/><V90/><F90/><W26/><G107/><T48/><D48/><U33/><E117/><V106/><F106/><W135/><G135/><T89/><D89/><U53/><E119/><V51/><F51/><W28/><G100/><T57/><AGARI ba="1,2" hai="18,23,27,55,57,62,77,82,85,88,95,97,130,131" machi="57" ten="30,12000,2" yaku="1,1,0,1,25,2,52,1,54,1,53,1" doraHai="12" doraHaiUra="87" who="0" fromWho="0" sc="77,143,253,-31,340,-61,310,-31" /><INIT seed="3,0,0,5,3,86" ten="220,222,279,279" oya="3" hai0="26,33,11,13,132,87,51,131,100,125,114,59,81" hai1="130,85,23,110,128,9,7,10,55,115,135,111,65" hai2="6,64,44,84,25,5,94,106,62,112,123,4,54" hai3="89,35,19,96,129,47,24,67,101,39,118,75,3"/><W28/><G118/><T102/><D132/><U69/><E69/><V117/><F106/><W22/><G129/><N who="1" m="49770" /><E65/><V122/><F112/><W49/><G75/><T68/><D131/><U124/><E55/><V119/><F25/><W60/><G3/><T91/><D68/><U109/><E85/><V95/><F44/><W20/><G39/><T76/><D114/><U66/><E66/><V29/><F29/><W113/><G113/><T17/><D125/><U2/><E115/><V80/><F54/><W48/><G35/><T45/><D59/><U107/><E107/><V42/><F42/><W116/><G116/><T27/><D76/><U34/><E34/><V12/><F119/><W38/><G38/><T15/><D15/><U103/><E103/><N who="0" m="39465" /><D33/><U52/><E52/><AGARI ba="0,0" hai="11,13,17,26,27,45,51,52,81,87,91" m="39465" machi="52" ten="30,7700,0" yaku="25,1,8,1,52,1,54,1" doraHai="86" who="0" fromWho="1" sc="220,77,222,-77,279,0,279,0" /><INIT seed="4,0,0,5,0,134" ten="297,145,279,279" oya="0" hai0="99,20,22,124,82,69,76,104,105,45,80,6,94" hai1="116,97,83,75,39,135,66,77,0,126,70,21,63" hai2="17,88,73,68,36,56,11,24,117,125,110,13,53" hai3="131,111,3,118,2,30,78,120,84,9,15,37,103"/><T59/><D69/><U89/><E116/><V64/><F110/><W35/><G37/><T40/><D6/><U16/><E135/><V81/><F117/><W10/><G118/><T47/><D59/><U31/><E0/><N who="3" m="42" /><G84/><T98/><D94/><U122/><E122/><V14/><F36/><W65/><G78/><T1/><D76/><U5/><E5/><V71/><F73/><W48/><G48/><T50/><D1/><U132/><E132/><V57/><F64/><W25/><G103/><T121/><D50/><U95/><E39/><V29/><F57/><W93/><G93/><T127/><D40/><U38/><E38/><V34/><F68/><W107/><G65/><T79/><D79/><U114/><E31/><V33/><F71/><W32/><G107/><T60/><D60/><U87/><E114/><V58/><F58/><W23/><G111/><T18/><D18/><U96/><REACH who="1" step="1"/><E126/><REACH who="1" ten="297,135,279,279" step="2"/><V43/><F125/><W52/><G120/><AGARI ba="0,1" hai="20,22,45,47,80,82,98,99,104,105,120,121,124,127" machi="120" ten="25,9600,0" yaku="22,2,52,2" doraHai="134" who="0" fromWho="3" sc="297,106,135,0,279,0,279,-96" owari="403,50.3,135,-36.5,279,7.9,183,-21.7" /></mjloggm>