<mjloggm ver="2.3"><GO type="225" lobby="0"/><UN n0="%E8%81%B7%E6%A5%AD%E3%80%81%E9%A2%A8%32" n1="%E3%83%A9%E3%83%BC%E3%83%A1%E3%83%B3%E4%BA%94%E9%83%8E" n2="%72%65%6E%6B%75%6E" n3="%E6%A1%9C%E8%8A%B1%E9%96%83%E3%80%85" dan="16,16,17,16" rate="2162.77,2109.56,2208.51,2189.19" sx="M,M,M,M"/><TAIKYOKU oya="0"/><INIT seed="0,0,0,4,0,121" ten="250,250,250,250" oya="0" hai0="123,76,122,126,79,45,78,61,124,97,131,99,7" hai1="107,59,35,95,75,93,90,44,49,109,62,88,3" hai2="37,29,74,82,101,112,30,129,5,116,9,94,119" hai3="8,83,31,91,120,133,6,28,100,41,10,134,17"/><T18/><D131/><U81/><E35/><V86/><F37/><W71/><G71/><T4/><D18/><U89/><E3/><V125/><F112/><W53/><G41/><T16/><D16/><U68/><E107/><V51/><F129/><W73/><G100/><T110/><D45/><U52/><E68/><V27/><F125/><N who="0" m="48234" /><D110/><U104/><E104/><V118/><F27/><W77/><G120/><N who="0" m="46123" /><D61/><U128/><E128/><V102/><F51/><W113/><G17/><T12/><D12/><U105/><E105/><V1/><F30/><W25/><G10/><T11/><D11/><U130/><E130/><V63/><F63/><W80/><G31/><T33/><D33/><U103/><E109/><V47/><F47/><W87/><G8/><T64/><D64/><U32/><E32/><V70/><F29/><W21/><G6/><AGARI ba="0,0" hai="4,6,7,76,78,79,97,99" m="46123,48234" machi="6" ten="40,7700,0" yaku="28,2,18,1" doraHai="121" who="0" fromWho="3" sc="250,77,250,0,250,0,250,-77" /><INIT seed="0,1,0,5,4,98" ten="327,250,250,173" oya="0" hai0="1,24,72,100,91,76,52,54,85,102,13,16,9" hai1="115,84,90,22,65,97,122,6,64,81,116,28,5" hai2="33,23,71,43,132,124,75,70,55,87,47,60,107" hai3="83,45,56,127,4,0,108,63,66,92,82,37,42"/><T59/><D72/><U39/><E116/><V131/><F33/><W19/><G108/><T12/><D1/><U35/><E122/><V46/><F75/><W44/><G127/><T15/><D76/><U125/><E39/><V89/><F107/><W119/><G119/><T17/><D24/><N who="1" m="16407" /><E35/><V78/><F78/><W41/><G19/><N who="0" m="7243" /><D9/><U32/><E32/><V3/><F3/><W134/><G134/><T20/><D20/><U123/><E123/><V126/><F23/><W105/><G105/><T109/><D109/><U14/><E115/><V61/><F132/><W11/><REACH who="3" step="1"/><G92/><REACH who="3" ten="327,250,250,163" step="2"/><N who="0" m="54383" /><D54/><U67/><E125/><V25/><F55/><W31/><G31/><T40/><D40/><U30/><E30/><V135/><F135/><W8/><G8/><T77/><D77/><N who="1" m="46127" /><E14/><V38/><F126/><W48/><AGARI ba="1,1" hai="0,4,11,37,41,42,44,45,48,56,63,66,82,83" machi="48" ten="20,5200,0" yaku="1,1,0,1,7,1,53,1" doraHai="98" doraHaiUra="34" who="3" fromWho="3" sc="327,-27,250,-14,250,-14,163,65" /><INIT seed="1,0,0,2,0,94" ten="300,236,236,228" oya="1" hai0="100,126,95,48,14,9,127,128,73,115,134,116,50" hai1="45,57,112,16,11,39,106,120,81,63,87,91,20" hai2="84,108,123,60,52,89,93,38,12,6,2,68,65" hai3="62,37,121,51,55,5,61,41,103,34,67,27,3"/><U8/><E112/><V69/><F123/><W4/><G121/><T111/><D111/><U33/><E120/><V101/><F108/><W135/><G135/><T130/><D73/><U114/><E114/><V54/><F38/><W79/><G79/><T22/><D22/><U105/><E33/><V32/><F32/><W82/><G82/><T132/><D116/><U46/><E106/><V59/><F2/><W24/><G62/><T83/><D83/><U117/><E105/><V58/><F101/><W124/><G124/><N who="0" m="47659" /><D95/><U113/><E117/><V98/><F84/><W64/><G64/><T13/><D100/><U97/><E113/><V10/><REACH who="2" step="1"/><F65/><REACH who="2" ten="300,236,226,228" step="2"/><W96/><G3/><T110/><D110/><U71/><E39/><V30/><F30/><W25/><G34/><T56/><D115/><U29/><E29/><V36/><F36/><W43/><G37/><T21/><D134/><U44/><E97/><V86/><F86/><W122/><G122/><T109/><D132/><U49/><E87/><V18/><F18/><W131/><G103/><T70/><D109/><U23/><E16/><V47/><F47/><N who="3" m="28159" /><G96/><T53/><D53/><U118/><E118/><V7/><F7/><W88/><G4/><T35/><D35/><U76/><E45/><V40/><F40/><W92/><G5/><T75/><D75/><U17/><E46/><V119/><F119/><W85/><G43/><T78/><D130/><U28/><E44/><V72/><F72/><W77/><G131/><T80/><D128/><U31/><E28/><V90/><F90/><W1/><G41/><T125/><D125/><RYUUKYOKU ba="0,1" sc="300,-10,236,-10,226,30,228,-10" hai2="6,10,12,52,54,58,59,60,68,69,89,93,98" /><INIT seed="2,1,1,3,0,62" ten="290,226,256,218" oya="2" hai0="124,48,103,77,130,23,60,85,35,78,125,94,76" hai1="31,113,41,55,61,114,73,82,92,29,56,34,46" hai2="104,74,115,49,19,127,58,37,40,86,32,50,7" hai3="27,123,91,0,121,68,52,112,22,107,128,75,134"/><V71/><F115/><W119/><RYUUKYOKU type="yao9" ba="1,1" sc="290,0,226,0,256,0,218,0" hai3="0,22,27,52,68,75,91,107,112,119,121,123,128,134" /><INIT seed="2,2,1,5,0,76" ten="290,226,256,218" oya="2" hai0="9,97,134,48,109,123,52,0,133,92,67,84,75" hai1="101,68,53,61,44,29,69,28,129,55,11,49,22" hai2="95,130,37,80,120,66,40,82,77,1,16,88,87" hai3="103,17,36,32,125,62,6,71,42,111,128,131,91"/><V4/><F120/><W54/><G111/><T33/><D109/><U15/><E129/><N who="3" m="49738" /><G125/><T18/><D75/><U113/><E113/><V25/><F130/><W65/><G32/><T99/><D33/><U102/><E68/><V63/><F37/><W107/><G6/><N who="0" m="1223" /><D67/><U83/><E69/><V19/><F40/><W73/><G73/><T74/><D74/><U5/><E83/><N who="2" m="31787" /><F1/><W122/><G91/><N who="0" m="53351" /><D18/><N who="2" m="6698" /><F25/><W20/><G122/><T90/><D90/><U3/><E3/><V59/><F4/><W117/><G42/><T56/><D123/><U31/><E22/><V64/><F77/><W2/><G36/><T12/><D12/><U124/><E124/><V115/><F115/><W38/><G38/><T8/><D8/><U45/><E45/><V58/><F58/><AGARI ba="2,1" hai="5,11,15,28,29,31,44,49,53,55,58,61,101,102" machi="58" ten="40,1300,0" yaku="8,1" doraHai="76" who="1" fromWho="2" sc="290,0,226,29,256,-19,218,0" /><INIT seed="3,0,0,0,3,116" ten="290,255,237,218" oya="3" hai0="43,26,125,30,50,15,117,82,130,61,64,103,132" hai1="46,8,36,89,40,129,56,79,47,71,2,20,104" hai2="74,120,17,33,113,7,126,87,75,10,22,53,99" hai3="48,112,101,106,57,114,37,84,9,39,134,90,28"/><W58/><G28/><T107/><D117/><U93/><E71/><V119/><F120/><W81/><G134/><T45/><D125/><U109/><E104/><V52/><F119/><W73/><G73/><T66/><D132/><U60/><E79/><V85/><F33/><W111/><G111/><T13/><D130/><U67/><E109/><V59/><F113/><W122/><G122/><T41/><D41/><U54/><E129/><V11/><F126/><W72/><G72/><T76/><D103/><U94/><E47/><V133/><F133/><W86/><G86/><N who="2" m="32777" /><F75/><W127/><G127/><T25/><D107/><U21/><E67/><N who="0" m="25641" /><D61/><U96/><REACH who="1" step="1"/><E93/><REACH who="1" ten="290,245,237,218" step="2"/><V24/><F74/><W128/><G128/><T31/><D76/><U65/><E65/><V110/><F110/><W19/><G114/><T16/><D82/><U29/><E29/><N who="0" m="10761" /><D16/><U23/><E23/><V14/><F17/><W123/><G112/><T49/><D49/><U80/><E80/><V105/><F22/><W38/><G123/><T4/><D4/><AGARI ba="0,1" hai="2,4,8,20,21,36,40,46,54,56,60,89,94,96" machi="4" ten="40,2600,0" yaku="1,1,53,1" doraHai="116" doraHaiUra="95" who="1" fromWho="0" sc="290,-26,245,36,237,0,218,0" /><INIT seed="4,0,0,1,5,86" ten="264,281,237,218" oya="0" hai0="33,68,116,47,118,35,83,90,19,72,104,9,84" hai1="27,48,25,64,123,74,92,20,88,94,101,46,45" hai2="0,133,4,128,110,100,129,73,76,42,70,115,125" hai3="37,81,82,30,5,51,1,93,130,77,106,6,32"/><T43/><D68/><U29/><E74/><V80/><F110/><W124/><G106/><T18/><D104/><U126/><E123/><V8/><F100/><W71/><G37/><T59/><D72/><U131/><E131/><N who="2" m="50251" /><F115/><W26/><G130/><T97/><D97/><N who="1" m="59559" /><E126/><V96/><F125/><W14/><G124/><T62/><D33/><U2/><E2/><V54/><F96/><W122/><G122/><T65/><D35/><U60/><E27/><V28/><F70/><W44/><G71/><T49/><REACH who="0" step="1"/><D9/><REACH who="0" ten="254,281,237,218" step="2"/><U91/><E20/><V57/><F133/><W16/><G1/><T7/><D7/><U23/><E23/><V102/><F102/><W10/><G93/><T107/><D107/><U15/><E94/><V75/><F75/><W98/><G98/><T79/><D79/><U3/><E3/><V41/><F28/><W50/><G82/><T119/><AGARI ba="0,1" hai="18,19,43,47,49,59,62,65,83,84,90,116,118,119" machi="119" ten="30,6000,0" yaku="1,1,0,1,52,1,53,0" doraHai="86" doraHaiUra="89" who="0" fromWho="0" sc="254,70,281,-20,237,-20,218,-20" owari="324,42.4,261,6.1,217,-18.3,198,-30.2" /></mjloggm>