<mjloggm ver="2.3"><GO type="225" lobby="0"/><UN n0="%6C%65%74%69%74%62%65" n1="%E7%B4%94%E6%BD%94%E3%83%94%E3%83%A9%E3%83%8B%E3%82%A2" n2="%E3%83%A9%E3%82%A4%E3%83%B3%E3%81%AE%E8%99%8E" n3="%4C%4F%4C%49%54%41" dan="16,16,16,16" rate="2077.96,2103.74,2135.38,2173.55" sx="M,M,M,F"/><TAIKYOKU oya="0"/><INIT seed="0,0,0,4,4,3" ten="250,250,250,250" oya="0" hai0="17,129,2,115,100,50,74,108,107,7,119,125,102" hai1="54,19,26,96,18,113,99,109,70,24,58,30,80" hai2="72,20,4,25,83,1,124,39,103,40,67,65,121" hai3="98,8,49,90,56,41,105,112,28,34,88,38,15"/><T51/><D119/><U27/><E70/><V106/><F121/><W23/><G112/><T11/><D115/><U120/><E120/><V10/><F124/><W33/><G38/><T5/><D125/><U59/><E109/><V97/><F40/><W128/><G128/><T6/><D129/><U22/><E113/><V64/><F39/><W13/><G23/><T122/><D122/><U84/><E58/><V127/><F127/><W117/><G117/><T69/><D74/><U135/><E135/><V73/><REACH who="2" step="1"/><F83/><REACH who="2" ten="250,250,240,250" step="2"/><W61/><G41/><T42/><D108/><U94/><E30/><AGARI ba="0,1" hai="1,4,10,20,25,30,64,65,67,72,73,97,103,106" machi="30" ten="40,5200,0" yaku="1,1,2,1,52,1,53,0" doraHai="3" doraHaiUra="131" who="2" fromWho="1" sc="250,0,250,-52,240,62,250,0" /><INIT seed="1,0,0,3,3,77" ten="250,198,302,250" oya="1" hai0="18,118,15,57,59,129,116,88,63,66,5,44,14" hai1="96,68,131,85,87,112,48,60,69,52,103,106,81" hai2="97,30,6,105,19,39,90,76,27,16,99,79,10" hai3="54,104,38,4,36,134,72,75,46,80,13,1,43"/><U50/><E112/><V110/><F39/><N who="3" m="21887" /><G13/><T49/><D129/><U2/><E2/><V70/><F70/><W47/><G72/><T64/><D5/><U119/><E119/><V56/><F110/><W78/><G134/><T123/><D123/><U133/><E131/><V26/><F105/><W121/><G121/><T42/><D14/><U32/><E32/><V127/><F127/><W113/><G113/><T58/><D88/><U93/><E133/><V21/><F56/><N who="0" m="21610" /><D18/><N who="2" m="6698" /><F27/><W83/><G104/><T11/><D11/><U33/><E33/><V74/><F74/><W7/><G7/><T82/><D15/><U0/><E0/><V9/><F6/><W3/><G3/><T100/><D100/><U51/><E106/><V92/><F99/><W128/><G128/><T28/><D28/><U122/><E122/><V89/><F90/><W12/><G12/><T35/><D35/><U17/><E17/><V71/><F71/><W24/><G24/><T31/><D31/><U20/><E20/><V84/><F76/><N who="3" m="44063" /><G4/><T130/><D130/><U132/><E132/><V114/><F114/><W115/><G115/><T37/><D116/><U117/><E117/><V25/><F25/><W73/><G1/><T53/><D118/><U40/><E68/><V22/><F22/><W98/><G98/><T86/><D37/><U95/><E69/><V101/><F101/><W62/><G36/><T111/><D111/><U61/><E96/><V45/><F45/><W107/><G107/><T94/><D94/><N who="1" m="35851" /><E103/><V135/><F135/><W91/><G38/><T55/><D64/><U67/><E67/><RYUUKYOKU ba="0,0" sc="250,15,198,-15,302,15,250,-15" hai0="42,44,49,53,55,59,63,66,82,86" hai2="9,10,21,26,30,79,84,89,92,97" /><INIT seed="2,1,0,1,2,51" ten="265,183,317,235" oya="2" hai0="83,68,19,129,128,132,103,50,78,67,45,52,18" hai1="88,11,62,92,34,73,84,126,121,116,119,134,94" hai2="57,82,111,7,59,33,122,112,42,114,107,1,12" hai3="10,65,81,71,125,110,113,14,66,15,101,36,22"/><V38/><F122/><W44/><G110/><T79/><D132/><U60/><E134/><V54/><F107/><W108/><G108/><T91/><D103/><U6/><E34/><V26/><F111/><W30/><G125/><T4/><D4/><U76/><E126/><V127/><F127/><W93/><G113/><T43/><D91/><U5/><E121/><V48/><F1/><W21/><G71/><T117/><D117/><U106/><E106/><V85/><F59/><W74/><G36/><T46/><D67/><U124/><E124/><V118/><F118/><W80/><G44/><T63/><D68/><U47/><E116/><V8/><F42/><W20/><G30/><T75/><D78/><U98/><E119/><V123/><F38/><W96/><G15/><T25/><D25/><U0/><E6/><V95/><F95/><W115/><G115/><T86/><D75/><U64/><E64/><N who="3" m="24682" /><G74/><T100/><D100/><U131/><E131/><N who="0" m="50249" /><D63/><U17/><E73/><V135/><F135/><W39/><G39/><AGARI ba="1,0" hai="18,19,39,43,45,46,50,52,79,83,86" m="50249" machi="39" ten="30,3900,0" yaku="19,1,52,1,54,1" doraHai="51" who="0" fromWho="3" sc="265,42,183,0,317,0,235,-42" /><INIT seed="3,0,0,3,0,115" ten="307,183,317,193" oya="3" hai0="0,51,67,41,91,127,62,37,48,105,30,82,14" hai1="13,27,66,11,12,3,59,57,34,114,1,132,109" hai2="7,38,124,100,131,58,81,120,89,83,77,98,54" hai3="129,32,111,78,5,104,118,18,133,125,17,99,73"/><W113/><RYUUKYOKU type="yao9" ba="0,0" sc="307,0,183,0,317,0,193,0" hai3="5,17,18,32,73,78,99,104,111,113,118,125,129,133" /><INIT seed="3,1,0,2,5,83" ten="307,183,317,193" oya="3" hai0="44,28,20,87,81,122,86,107,130,101,76,27,26" hai1="13,118,115,126,42,29,49,113,39,124,70,46,4" hai2="50,30,127,52,121,119,135,85,59,89,84,82,68" hai3="129,62,53,17,110,77,9,15,67,109,78,43,40"/><W61/><G129/><T117/><D122/><U108/><E70/><V112/><F112/><N who="1" m="43081" /><E108/><N who="3" m="41578" /><G53/><T104/><D117/><U1/><E118/><V6/><F127/><N who="1" m="48681" /><E29/><V19/><F135/><W134/><G134/><T95/><D44/><U16/><E1/><V36/><F119/><W66/><G61/><T18/><D130/><U72/><E72/><V23/><F52/><W99/><G99/><T14/><D26/><U21/><E4/><V45/><F6/><W120/><G120/><T38/><D38/><AGARI ba="1,0" hai="13,16,21,38,39,42,46,49" m="48681,43081" machi="38" ten="30,2000,0" yaku="18,1,54,1" doraHai="83" who="1" fromWho="0" sc="307,-23,183,23,317,0,193,0" owari="284,8.4,206,-19.4,317,41.7,193,-30.7" /></mjloggm>