<mjloggm ver="2.3"><GO type="225" lobby="0"/><UN n0="%E3%83%96%E3%83%83%E3%83%91%E3%82%AA%E3%83%96%E3%83%81%E3%82%AD%E3%83%B3" n1="%77%72%77%72%77%72%77%72" n2="%E3%81%BF%E3%81%BF%E3%81%9A" n3="%E9%A6%AC%E5%BC%95%E7%81%AB%33" dan="17,16,17,16" rate="2214.55,2130.40,2202.10,2082.62" sx="M,M,M,M"/><TAIKYOKU oya="0"/><INIT seed="0,0,0,1,0,45" ten="250,250,250,250" oya="0" hai0="64,98,47,97,123,116,106,75,121,49,19,51,25" hai1="115,104,12,107,56,74,1,86,91,57,36,122,65" hai2="71,92,113,105,128,11,103,58,89,7,13,132,96" hai3="120,18,54,84,125,99,100,37,76,70,131,88,42"/><T8/><D116/><U108/><E122/><V114/><F71/><W110/><G120/><T112/><D112/><U67/><E1/><V94/><F128/><W62/><G131/><T80/><D106/><U32/><E115/><V79/><F132/><W53/><G110/><T130/><D130/><U102/><E108/><V34/><F34/><W15/><G125/><T29/><D121/><U77/><E36/><V82/><F58/><W17/><G76/><T85/><D75/><U59/><E32/><V23/><F94/><W118/><G118/><T30/><D64/><U101/><E12/><V83/><F83/><W24/><G24/><T5/><D19/><U60/><E77/><V55/><F55/><W68/><G17/><T21/><D30/><U63/><E56/><V61/><F61/><W28/><G28/><T93/><D123/><U4/><E4/><V69/><F23/><W26/><G26/><T90/><D47/><U44/><E44/><V109/><F69/><W95/><G37/><T124/><D124/><U10/><E10/><V126/><F109/><W46/><G42/><T52/><D52/><U78/><E78/><V127/><F126/><W50/><G54/><T20/><D20/><U16/><E16/><V33/><F33/><W134/><G62/><T72/><D72/><U111/><E74/><N who="2" m="43383" /><F127/><W81/><REACH who="3" step="1"/><G134/><REACH who="3" ten="250,250,250,240" step="2"/><T3/><REACH who="0" step="1"/><D98/><REACH who="0" ten="240,250,250,240" step="2"/><U87/><E111/><V9/><F9/><AGARI ba="0,2" hai="9,15,18,46,50,53,68,70,81,84,88,95,99,100" machi="9" ten="30,12000,2" yaku="1,1,2,1,7,1,25,2,52,1,54,1,53,0" doraHai="45" doraHaiUra="117" who="3" fromWho="2" sc="240,0,250,0,250,-120,240,140" /><INIT seed="1,0,0,5,0,48" ten="240,250,130,380" oya="1" hai0="82,8,16,126,2,13,23,56,127,135,128,57,39" hai1="24,47,26,65,33,5,77,69,116,38,14,42,87" hai2="93,115,122,31,22,73,108,99,94,30,70,58,132" hai3="20,44,124,92,96,98,28,35,3,118,105,90,89"/><U91/><E116/><V114/><F70/><W111/><G3/><T34/><D39/><U50/><E33/><V21/><F122/><W101/><G118/><T79/><D34/><U86/><E38/><V75/><F58/><W43/><G35/><T41/><D41/><U88/><E77/><V32/><F32/><W84/><G111/><T102/><D102/><U121/><E121/><V109/><REACH who="2" step="1"/><F99/><REACH who="2" ten="240,250,120,380" step="2"/><W55/><G98/><T103/><D57/><U6/><E69/><V7/><F7/><W49/><G96/><T130/><D56/><U123/><E123/><V66/><F66/><W63/><G44/><T64/><D64/><U106/><E65/><V12/><F12/><W51/><G101/><T15/><D2/><U4/><E14/><V11/><F11/><W117/><G117/><T119/><D119/><U83/><REACH who="1" step="1"/><E106/><REACH who="1" ten="240,240,120,380" step="2"/><V27/><F27/><W133/><G105/><T54/><D15/><U18/><E18/><V107/><F107/><W1/><G1/><T72/><D16/><U45/><E45/><V37/><F37/><W71/><G71/><T110/><D13/><U10/><E10/><V9/><F9/><W104/><G104/><T17/><D8/><U81/><AGARI ba="0,2" hai="4,5,6,24,26,42,47,50,81,83,86,87,88,91" machi="81" ten="30,12000,1" yaku="1,1,0,1,9,1,8,1,54,1,53,0" doraHai="48" doraHaiUra="129" who="1" fromWho="1" sc="240,-40,240,140,120,-40,380,-40" /><INIT seed="1,1,0,1,2,104" ten="200,380,80,340" oya="1" hai0="97,110,14,68,106,28,35,95,98,87,15,74,37" hai1="63,3,41,113,118,44,61,54,8,52,25,7,23" hai2="64,42,78,53,72,89,92,36,128,70,1,124,19" hai3="46,88,48,62,51,39,116,130,96,13,105,99,17"/><U2/><E113/><V55/><F124/><W67/><G130/><T58/><D68/><U129/><E118/><V93/><F128/><W9/><G116/><T100/><D37/><U84/><E129/><V112/><F112/><W102/><G39/><T0/><D0/><U31/><E2/><V80/><F1/><W27/><G27/><T132/><D132/><U81/><E63/><V40/><F93/><W20/><G20/><T12/><D110/><U83/><E61/><V127/><F127/><W123/><G123/><T24/><D87/><U134/><E134/><V109/><F109/><W50/><G46/><T108/><D108/><U121/><E121/><V101/><F101/><W18/><G18/><T26/><D26/><U114/><E114/><V115/><F115/><W29/><G29/><T5/><D58/><U21/><E21/><V49/><F36/><W77/><G77/><T34/><D34/><U66/><E66/><V125/><F125/><W10/><G10/><T60/><D60/><U32/><E32/><V69/><F19/><W45/><G45/><T71/><D71/><N who="2" m="27146" /><F64/><W65/><REACH who="3" step="1"/><G62/><REACH who="3" ten="200,380,80,330" step="2"/><T75/><REACH who="0" step="1"/><D5/><REACH who="0" ten="190,380,80,330" step="2"/><U86/><E7/><V122/><F122/><W133/><G133/><T120/><D120/><U111/><E111/><V16/><F16/><W117/><G117/><T33/><D33/><U57/><E31/><V79/><F79/><W103/><G103/><AGARI ba="1,2" hai="12,14,15,24,28,35,74,75,95,97,98,100,103,106" machi="103" ten="40,5200,0" yaku="1,1,52,2,53,0" doraHai="104" doraHaiUra="131" who="0" fromWho="3" sc="190,75,380,0,80,0,330,-55" /><INIT seed="2,0,0,0,3,128" ten="265,380,80,275" oya="2" hai0="110,34,7,31,3,79,4,70,41,62,93,49,59" hai1="22,51,130,29,105,78,113,120,30,74,114,76,81" hai2="101,60,21,96,42,125,85,102,89,35,127,46,71" hai3="135,20,69,61,45,28,58,83,40,87,84,88,86"/><V121/><F121/><W95/><G135/><T90/><D110/><U63/><E105/><V107/><F102/><W103/><G69/><T82/><D3/><U65/><E130/><V80/><F21/><W52/><G103/><T109/><D109/><U112/><E120/><V0/><F0/><W129/><G129/><T115/><D115/><U25/><E76/><V111/><F111/><W123/><G123/><T73/><D70/><U12/><E12/><V48/><REACH who="2" step="1"/><F35/><REACH who="2" ten="265,380,70,275" step="2"/><W50/><G95/><T119/><D34/><U1/><E1/><V66/><AGARI ba="0,1" hai="42,46,48,60,66,71,80,85,89,96,101,107,125,127" machi="66" ten="30,11700,0" yaku="1,1,2,1,0,1,53,1" doraHai="128" doraHaiUra="64" who="2" fromWho="2" sc="265,-39,380,-39,70,127,275,-39" /><INIT seed="2,1,0,0,4,2" ten="226,341,197,236" oya="2" hai0="123,80,66,59,18,4,134,97,117,25,32,79,77" hai1="36,7,95,70,38,34,27,47,128,72,92,133,53" hai2="110,44,99,67,89,3,107,12,71,104,102,135,76" hai3="121,86,81,43,8,63,122,48,68,60,83,119,1"/><V28/><F3/><W26/><G119/><T62/><D123/><U37/><E72/><V33/><F135/><W42/><G26/><T51/><D134/><U22/><E70/><V98/><F76/><W6/><G122/><T0/><D117/><U46/><E133/><V105/><F110/><W52/><G121/><T124/><D124/><U96/><E34/><V57/><F57/><W94/><G94/><T23/><D32/><U112/><E112/><V125/><F125/><W61/><G68/><T13/><D0/><U129/><E7/><V132/><F132/><W106/><G106/><T101/><D51/><U130/><E53/><V31/><F44/><N who="1" m="16937" /><E96/><V17/><F89/><W90/><REACH who="3" step="1"/><G81/><REACH who="3" ten="226,341,197,226" step="2"/><T69/><D69/><U5/><E92/><V10/><F99/><W54/><G54/><T85/><D25/><U58/><E95/><V131/><F131/><W73/><G73/><T78/><D80/><U82/><E82/><V108/><F108/><W74/><G74/><T88/><D66/><U20/><E27/><N who="2" m="18591" /><F31/><W30/><G30/><T49/><D97/><U50/><E128/><V35/><F35/><W16/><G16/><T15/><D18/><U118/><E129/><V29/><F29/><W75/><G75/><T14/><D101/><U45/><E130/><V116/><F116/><W19/><G19/><T40/><D40/><N who="1" m="24871" /><E118/><V103/><F103/><W113/><G113/><T115/><D115/><U126/><E126/><V111/><F111/><W114/><G114/><T87/><D87/><U9/><E58/><AGARI ba="1,1" hai="1,6,8,42,43,48,52,58,60,61,63,83,86,90" machi="58" ten="40,5200,0" yaku="1,1,52,1,54,1,53,0" doraHai="2" doraHaiUra="93" who="3" fromWho="1" sc="226,0,341,-55,197,0,226,65" /><INIT seed="3,0,0,1,5,108" ten="226,286,197,291" oya="3" hai0="7,88,4,103,84,20,58,104,89,111,86,32,24" hai1="107,90,121,72,15,113,37,22,135,21,63,132,133" hai2="3,33,93,102,19,91,2,115,39,125,122,44,43" hai3="82,26,95,130,25,62,11,112,30,35,109,64,127"/><W126/><G112/><T46/><D111/><U48/><E113/><V76/><F115/><W47/><G109/><T18/><D32/><U92/><E121/><V57/><F122/><W53/><G130/><T75/><D75/><U55/><E37/><V96/><F125/><N who="3" m="47627" /><G25/><T73/><D73/><U68/><E72/><V16/><F76/><W78/><G95/><T110/><D110/><U79/><E79/><V13/><F33/><W23/><G11/><T118/><D118/><U41/><E107/><V8/><F19/><W117/><G117/><T81/><D46/><U14/><E41/><V65/><REACH who="2" step="1"/><F102/><REACH who="2" ten="226,286,187,291" step="2"/><W134/><G35/><T9/><D9/><U56/><E135/><V36/><F36/><W100/><G100/><T6/><D103/><U27/><E133/><V99/><F99/><W106/><G134/><T61/><D104/><U129/><E132/><V66/><F66/><W31/><G106/><T116/><D116/><U28/><E129/><V77/><F77/><W10/><G10/><T70/><D70/><U85/><E22/><V119/><F119/><W52/><G31/><T1/><D1/><U94/><E68/><V40/><F40/><W114/><G47/><T51/><D51/><U50/><E50/><V105/><F105/><W60/><G114/><T38/><D38/><U74/><E48/><V98/><F98/><W123/><G123/><T12/><D7/><U87/><E74/><V59/><F59/><N who="3" m="36895" /><G62/><AGARI ba="0,1" hai="2,3,8,13,16,39,43,44,57,62,65,91,93,96" machi="62" ten="40,5200,0" yaku="1,1,54,1,53,1" doraHai="108" doraHaiUra="42" who="2" fromWho="3" sc="226,0,286,0,187,62,291,-52" /><INIT seed="4,0,0,0,5,77" ten="226,286,249,239" oya="0" hai0="132,38,84,73,37,24,18,75,30,22,104,91,79" hai1="36,16,96,11,68,57,9,44,89,66,43,65,55" hai2="40,23,45,92,33,15,27,74,126,115,56,83,41" hai3="118,7,127,53,70,125,12,85,120,129,32,20,123"/><T62/><D104/><U105/><E16/><V81/><F33/><W13/><G129/><T46/><D132/><U88/><E105/><V116/><F74/><W58/><G118/><T134/><D134/><U0/><E0/><V35/><F35/><W122/><G70/><T48/><D62/><N who="1" m="39991" /><E66/><V63/><F115/><W101/><G32/><T8/><D75/><U3/><E96/><V135/><F126/><N who="3" m="48139" /><G101/><T80/><D30/><U1/><E9/><V17/><F135/><W110/><G110/><T114/><D114/><U87/><E11/><N who="2" m="6399" /><F92/><W60/><G7/><T59/><D59/><U128/><E89/><V108/><F108/><W47/><G20/><T131/><D131/><U97/><E97/><V42/><F45/><W103/><G103/><T113/><D8/><U25/><E25/><V4/><F4/><W26/><G26/><T28/><D18/><U102/><E102/><V50/><F116/><W100/><G100/><T2/><D2/><U95/><E128/><V99/><F99/><W52/><G85/><T106/><D106/><U51/><AGARI ba="0,0" hai="1,3,36,43,44,51,55,57,87,88,95" m="39991" machi="51" ten="30,2000,0" yaku="24,1,54,1" doraHai="77" who="1" fromWho="1" sc="226,-10,286,20,249,-5,239,-5" owari="216,-28.4,306,40.6,244,4.4,234,-16.6" /></mjloggm>