<mjloggm ver="2.3"><GO type="225" lobby="0"/><UN n0="%E3%81%95%E3%81%8D%E3%81%9F%E3%81%BE%E6%9E%97%E6%AA%8E" n1="%70%68%65%6E%6F%6D%65" n2="%55%E3%81%A3%E3%81%A1" n3="%E6%9D%B1%E9%A2%A8%E3%81%AE%E3%81%8D%E3%82%83%E3%81%B7%E3%81%95%E3%82%93" dan="16,16,16,16" rate="2103.56,2145.49,2122.30,2181.56" sx="M,M,M,M"/><TAIKYOKU oya="0"/><INIT seed="0,0,0,1,3,5" ten="250,250,250,250" oya="0" hai0="86,12,45,52,101,82,133,70,54,22,79,8,56" hai1="68,75,83,112,1,97,103,0,18,20,94,93,40" hai2="76,110,119,61,57,50,46,98,53,134,108,7,78" hai3="21,4,55,37,24,38,15,114,58,129,131,39,28"/><T31/><D133/><U85/><E112/><V104/><F134/><W19/><G4/><T36/><D70/><U105/><E68/><V27/><F27/><W49/><REACH who="3" step="1"/><G114/><REACH who="3" ten="250,250,250,240" step="2"/><T135/><D135/><U29/><E0/><V77/><F7/><W59/><G59/><T47/><D101/><U13/><E1/><V123/><F119/><W96/><G96/><T17/><D36/><U90/><E40/><V14/><F123/><W124/><G124/><T106/><D106/><U30/><REACH who="1" step="1"/><E94/><REACH who="1" ten="250,240,250,240" step="2"/><V80/><F104/><W48/><G48/><N who="0" m="30727" /><D54/><U66/><E66/><V73/><F110/><W9/><AGARI ba="0,2" hai="9,15,19,21,24,28,37,38,39,49,55,58,129,131" machi="9" ten="40,5200,0" yaku="1,1,0,1,52,1,53,0" doraHai="5" doraHaiUra="107" who="3" fromWho="3" sc="250,-26,240,-13,250,-13,240,72" /><INIT seed="1,0,0,1,0,4" ten="224,227,237,312" oya="1" hai0="54,81,133,103,20,11,5,6,42,104,59,85,49" hai1="40,95,17,113,3,65,74,13,86,123,108,129,33" hai2="71,61,72,57,9,7,88,94,90,34,89,28,126" hai3="121,53,75,18,44,99,30,38,110,19,21,78,67"/><U125/><E113/><V50/><F126/><W41/><G121/><T118/><D133/><U93/><E123/><V14/><F72/><W69/><G110/><T79/><D118/><U112/><E74/><V27/><F71/><W25/><G99/><T52/><D42/><U91/><E112/><V111/><F111/><W73/><G53/><T87/><D6/><U26/><E108/><V0/><F50/><W23/><G78/><T56/><D20/><U48/><E3/><V70/><F70/><W124/><G124/><T82/><D104/><U83/><E129/><V12/><REACH who="2" step="1"/><F94/><REACH who="2" ten="224,227,227,312" step="2"/><W1/><G75/><T15/><D103/><U64/><E95/><V2/><F2/><W130/><G73/><T36/><D36/><U22/><E125/><V46/><F46/><W105/><G1/><T132/><D132/><U31/><REACH who="1" step="1"/><E93/><REACH who="1" ten="224,217,227,312" step="2"/><V98/><F98/><W32/><G130/><T39/><D39/><U10/><E10/><V102/><F102/><W127/><G127/><T37/><D37/><U122/><E122/><V134/><F134/><W101/><G38/><T131/><D131/><U47/><AGARI ba="0,2" hai="13,17,22,26,31,33,40,47,48,64,65,83,86,91" machi="47" ten="30,3000,0" yaku="1,1,0,1,53,0" doraHai="4" doraHaiUra="135" who="1" fromWho="1" sc="224,-10,217,50,227,-10,312,-10" /><INIT seed="1,1,0,2,0,22" ten="214,267,217,302" oya="1" hai0="70,49,132,34,74,7,68,117,24,52,57,50,78" hai1="45,21,16,77,43,106,110,107,123,122,23,71,8" hai2="84,13,85,89,28,96,101,134,87,35,65,51,82" hai3="115,11,37,62,131,63,17,20,55,72,120,53,76"/><U133/><E71/><V46/><F134/><W9/><G37/><T56/><D7/><U10/><E133/><V125/><F125/><W114/><G131/><T97/><D132/><U75/><E77/><V41/><F65/><W64/><G120/><T119/><D74/><U5/><E75/><V93/><F28/><W14/><G72/><T18/><D78/><U31/><E110/><V103/><F35/><W0/><G76/><T6/><D6/><U39/><E31/><V127/><F127/><W102/><G102/><T121/><D121/><U108/><E23/><V2/><F2/><W80/><G80/><T95/><D119/><U1/><E10/><V4/><F103/><W26/><G0/><T105/><D105/><U33/><E33/><V116/><F116/><W44/><G63/><N who="0" m="36231" /><D34/><U73/><E108/><V54/><F41/><W60/><G60/><T112/><D112/><U109/><E109/><V66/><F66/><W12/><G114/><T99/><D99/><U88/><E73/><V94/><F94/><W61/><G61/><T58/><D117/><U124/><E124/><V92/><F92/><W86/><G86/><T42/><D70/><U90/><E123/><V135/><F135/><W67/><G115/><T130/><D130/><U128/><E128/><V104/><F104/><W47/><G62/><T36/><D36/><U111/><E111/><V69/><F69/><W79/><G79/><T3/><D68/><U29/><E122/><V38/><F38/><W83/><G67/><T113/><D113/><U40/><E39/><V91/><F101/><W30/><G64/><RYUUKYOKU ba="1,0" sc="214,-10,267,-10,217,30,302,-10" hai2="4,13,46,51,54,82,84,85,87,89,91,93,96" /><INIT seed="2,2,0,1,2,38" ten="204,257,247,292" oya="2" hai0="88,115,36,103,109,29,100,124,22,92,19,53,58" hai1="64,34,44,75,62,27,98,111,14,102,125,104,71" hai2="106,50,85,35,135,127,67,126,116,47,43,108,3" hai3="60,91,87,128,77,11,119,9,105,31,107,46,21"/><V68/><F106/><W33/><G33/><T23/><D109/><U90/><E111/><V39/><F3/><W6/><G77/><T95/><D124/><N who="2" m="47658" /><F35/><W4/><G128/><T93/><D115/><U28/><E125/><V51/><F108/><W79/><G79/><T24/><D36/><U17/><E75/><V132/><F85/><W2/><G119/><T130/><D130/><U101/><E101/><V37/><F116/><W70/><G46/><T13/><D103/><U48/><E90/><V1/><F1/><W118/><G118/><T86/><REACH who="0" step="1"/><D100/><REACH who="0" ten="194,257,247,292" step="2"/><U81/><E81/><V97/><F39/><W72/><G107/><T82/><D82/><U8/><E104/><V80/><F80/><W78/><G105/><T74/><D74/><U7/><E102/><V110/><F110/><W69/><G72/><T76/><D76/><U113/><E113/><V32/><F32/><W40/><G78/><T120/><D120/><U18/><REACH who="1" step="1"/><E98/><REACH who="1" ten="194,247,247,292" step="2"/><V133/><F97/><W121/><G121/><T89/><D89/><U83/><E83/><V20/><F20/><W54/><G91/><T59/><D59/><U57/><E57/><V84/><F84/><W12/><G87/><T10/><D10/><U129/><E129/><V112/><F112/><W42/><G70/><T30/><D30/><U63/><E63/><AGARI ba="2,2" hai="37,43,47,50,51,63,67,68,132,133,135" m="47658" machi="63" ten="40,12000,1" yaku="20,1,18,1,34,2,52,1" doraHai="38" who="2" fromWho="1" sc="194,0,247,-126,247,146,292,0" /><AGARI ba="2,0" hai="13,19,22,23,24,29,53,58,63,86,88,92,93,95" machi="63" ten="30,7700,0" yaku="1,1,7,1,8,1,54,1,53,0" doraHai="38" doraHaiUra="41" who="0" fromWho="1" sc="194,77,121,-77,393,0,292,0" /><INIT seed="2,3,0,1,0,42" ten="271,44,393,292" oya="2" hai0="106,70,16,20,31,62,4,95,127,131,100,60,130" hai1="123,80,110,68,49,17,82,64,89,121,26,46,88" hai2="107,47,133,45,96,11,81,36,38,28,67,35,23" hai3="33,72,6,115,27,116,37,15,59,91,132,39,52"/><V29/><F67/><W0/><G0/><T58/><D106/><U87/><E64/><V30/><F35/><W61/><G72/><T102/><D127/><U3/><E3/><V65/><F65/><W86/><G116/><T129/><D70/><U113/><E68/><V54/><F11/><W109/><G109/><T24/><D4/><U12/><E113/><V118/><F118/><W76/><G76/><T18/><D62/><U57/><E110/><V125/><F23/><W112/><G132/><T51/><D51/><U7/><E7/><V1/><F1/><W111/><G111/><T13/><D95/><U120/><E26/><V75/><F54/><W99/><G99/><T92/><D92/><U10/><E57/><V14/><F14/><W32/><G15/><T98/><D98/><U79/><REACH who="1" step="1"/><E82/><REACH who="1" ten="271,34,393,292" step="2"/><V90/><F81/><N who="3" m="49615" /><G6/><T71/><D71/><U134/><E134/><V55/><F133/><W122/><G27/><T77/><D131/><U69/><E69/><V83/><F83/><W104/><G115/><T93/><D130/><U135/><E135/><V53/><F125/><W78/><G112/><T5/><D5/><U43/><AGARI ba="3,1" hai="10,12,17,43,46,49,79,80,87,88,89,120,121,123" machi="43" ten="30,8000,1" yaku="1,1,0,1,13,1,52,1,54,1,53,0" doraHai="42" doraHaiUra="22" who="1" fromWho="1" sc="271,-23,34,99,393,-43,292,-23" /><INIT seed="3,0,0,3,5,130" ten="248,133,350,269" oya="3" hai0="113,134,128,26,46,67,110,31,59,44,93,38,37" hai1="116,70,103,100,41,83,27,133,20,121,5,24,48" hai2="55,1,21,77,118,61,69,28,73,3,92,15,84" hai3="45,53,13,25,76,90,131,14,106,23,135,108,50"/><W94/><G106/><T78/><D78/><U18/><E121/><V89/><F118/><W34/><G131/><T74/><D74/><U120/><E120/><V35/><F35/><W117/><G76/><T79/><D79/><U96/><E116/><V87/><F73/><W124/><G34/><T54/><D128/><U17/><E70/><V19/><F28/><W119/><G124/><T51/><D67/><U85/><E5/><V22/><F69/><W4/><G108/><T63/><D110/><U80/><E41/><V65/><F65/><W105/><G105/><T0/><D0/><U56/><E48/><V88/><F77/><W8/><G14/><T60/><D93/><U91/><E56/><N who="2" m="34975" /><F1/><W47/><G135/><T75/><D75/><U12/><E133/><V123/><F3/><W86/><REACH who="3" step="1"/><G45/><REACH who="3" ten="248,133,350,259" step="2"/><T7/><D46/><U122/><E122/><V109/><F109/><W99/><G99/><T40/><D134/><U81/><E27/><V43/><F123/><W95/><G95/><T127/><D127/><U32/><E32/><V97/><F97/><W10/><G10/><T111/><D44/><U30/><E96/><V129/><F129/><W72/><G72/><T6/><D26/><U39/><E39/><V71/><F92/><W64/><G64/><T98/><D98/><U107/><E107/><V132/><F132/><W33/><G33/><T16/><D111/><U11/><REACH who="1" step="1"/><E30/><AGARI ba="0,1" hai="4,8,13,23,25,30,47,50,53,86,90,94,117,119" machi="30" ten="30,11600,0" yaku="1,1,7,1,53,2" doraHai="130" doraHaiUra="115" who="3" fromWho="1" sc="248,0,133,-116,350,0,259,126" owari="248,-15.2,17,-48.3,350,15.0,385,48.5" /></mjloggm>