<mjloggm ver="2.3"><GO type="225" lobby="0"/><UN n0="%E3%83%A9%E3%82%B9%E7%8E%87%EF%BC%93%E5%89%B2" n1="%E3%83%96%E3%83%83%E3%83%91%E3%82%AA%E3%83%96%E3%83%81%E3%82%AD%E3%83%B3" n2="%E3%83%81%E3%83%83%E3%82%BF%E3%82%BD%E3%83%BC" n3="%E3%83%8F%E3%83%B3%E3%83%89%E3%83%A9%E3%83%BC%E3%83%BB%E3%83%AF%E3%83%B3" dan="17,16,16,17" rate="2211.64,2173.91,2113.34,2237.71" sx="F,M,F,M"/><TAIKYOKU oya="0"/><INIT seed="0,0,0,5,2,38" ten="250,250,250,250" oya="0" hai0="10,31,91,70,7,82,102,33,72,101,84,79,57" hai1="69,12,47,29,61,24,3,58,42,68,92,114,37" hai2="89,134,25,90,48,59,87,41,66,1,100,17,108" hai3="118,13,49,40,77,109,86,112,15,23,126,45,63"/><T117/><D117/><U81/><E3/><V110/><F134/><W103/><G112/><T8/><D70/><U6/><E114/><V94/><F1/><W113/><G113/><T123/><D123/><U96/><E81/><V11/><F100/><W132/><G118/><T106/><D31/><U75/><E75/><V36/><F36/><W120/><G109/><N who="2" m="42089" /><F89/><W78/><G126/><T111/><D33/><U128/><E128/><V135/><F135/><W83/><G132/><T18/><D18/><U107/><E12/><N who="2" m="7327" /><F25/><W0/><G0/><T53/><D111/><U46/><E46/><N who="2" m="25679" /><F59/><W35/><G103/><T133/><D133/><U74/><E6/><V27/><F27/><W32/><G120/><T95/><D7/><U99/><E107/><V76/><F66/><W16/><G78/><AGARI ba="0,0" hai="76,78,87,90,94" m="25679,7327,42089" machi="78" ten="30,2000,0" yaku="14,1,52,1" doraHai="38" who="2" fromWho="3" sc="250,0,250,0,250,20,250,-20" /><INIT seed="1,0,0,3,5,105" ten="250,250,270,230" oya="1" hai0="87,42,122,51,14,28,54,113,17,9,102,47,0" hai1="33,63,46,36,100,116,131,50,29,45,89,65,61" hai2="85,132,25,93,106,23,35,59,101,60,7,39,49" hai3="111,19,97,44,88,84,95,108,79,76,8,55,112"/><U75/><E116/><V71/><F132/><W98/><G112/><T107/><D113/><U21/><E131/><V70/><F39/><W66/><G66/><T83/><D122/><U30/><E100/><V82/><F35/><W13/><G111/><T110/><D110/><U11/><E33/><V4/><F106/><W130/><G130/><T119/><D0/><U126/><E126/><V120/><F120/><W27/><G108/><T77/><D119/><U134/><E134/><V2/><F49/><N who="3" m="29095" /><G27/><T99/><REACH who="0" step="1"/><D28/><REACH who="0" ten="240,250,270,230" step="2"/><U96/><E30/><V10/><F2/><W103/><G98/><T118/><D118/><U56/><E29/><V78/><F71/><W12/><G12/><T24/><D24/><U125/><E96/><N who="2" m="59535" /><F70/><W26/><G26/><T48/><D48/><U69/><E50/><V32/><F32/><W133/><G133/><T121/><D121/><U53/><E69/><V62/><F62/><W5/><G5/><T64/><D64/><U15/><E65/><N who="2" m="39071" /><F10/><W104/><G8/><T22/><D22/><U73/><E11/><V90/><F25/><W114/><G114/><T115/><D115/><U57/><E63/><V1/><F23/><W74/><G13/><T80/><D80/><U81/><E21/><V135/><F1/><W128/><G128/><T67/><D67/><U86/><E61/><V16/><F135/><W38/><G38/><T41/><AGARI ba="0,1" hai="9,14,17,41,42,47,51,54,77,83,87,99,102,107" machi="41" ten="30,4000,0" yaku="1,1,0,1,53,1" doraHai="105" doraHaiUra="43" who="0" fromWho="0" sc="240,50,250,-20,270,-10,230,-10" /><INIT seed="2,0,0,4,0,36" ten="290,230,260,220" oya="2" hai0="89,29,117,3,120,99,13,112,103,62,132,102,79" hai1="12,135,18,76,59,48,34,105,70,97,109,9,84" hai2="90,75,51,92,55,61,6,127,100,2,86,125,20" hai3="123,28,106,83,77,38,37,67,108,44,126,43,124"/><V78/><F61/><W98/><G123/><T65/><D3/><U130/><E130/><V101/><F20/><W129/><G129/><T47/><D79/><U25/><E109/><V52/><F6/><W11/><G108/><T110/><D13/><U17/><E135/><V96/><F2/><W5/><G28/><T53/><D53/><U88/><E70/><V85/><F55/><W91/><G67/><T49/><D49/><U7/><E76/><V39/><F39/><W73/><G38/><T41/><D29/><U32/><E59/><V16/><F16/><W42/><G42/><T58/><D132/><U71/><E71/><V114/><F114/><W30/><G30/><T31/><D31/><U33/><E48/><V116/><F116/><W10/><G10/><T87/><D117/><U68/><E68/><V66/><F66/><W74/><G74/><T94/><D112/><U95/><REACH who="1" step="1"/><E25/><REACH who="1" ten="290,220,260,220" step="2"/><V131/><F131/><W26/><G26/><T133/><D133/><U69/><E69/><V46/><F75/><W113/><G113/><T40/><D58/><U24/><E24/><V93/><F78/><W72/><G72/><T19/><D110/><U81/><E81/><V0/><F51/><W119/><G119/><T118/><D118/><U107/><E107/><V122/><F46/><W121/><G121/><T115/><D120/><U63/><E63/><V57/><F122/><W111/><G111/><T14/><D62/><U1/><E1/><V134/><F0/><N who="3" m="423" /><G106/><T15/><D115/><U54/><E54/><V56/><F134/><W128/><G128/><T60/><D65/><RYUUKYOKU ba="0,1" sc="290,-15,220,15,260,-15,220,15" hai1="7,9,12,17,18,32,33,34,84,88,95,97,105" hai3="37,43,44,73,77,83,91,98,124,126" /><INIT seed="3,1,1,1,5,73" ten="275,235,245,235" oya="3" hai0="97,11,121,64,31,53,17,85,102,101,80,20,82" hai1="135,28,99,127,69,71,84,109,7,106,134,81,3" hai2="24,117,54,67,86,26,56,33,110,104,4,57,35" hai3="15,39,30,93,68,89,44,1,21,90,5,40,42"/><W46/><G68/><N who="1" m="26186" /><E109/><V91/><F104/><W129/><G129/><T77/><D121/><U92/><E106/><V45/><F110/><W105/><G105/><T70/><D70/><U124/><E28/><V119/><F4/><W88/><G1/><T8/><D64/><U13/><E13/><V83/><F67/><W18/><G5/><T29/><D82/><U122/><E122/><V16/><F45/><W63/><G63/><T50/><D29/><U34/><E34/><V126/><F126/><N who="1" m="48169" /><E7/><V100/><F100/><N who="0" m="38506" /><D97/><U6/><E6/><V23/><F57/><W55/><G30/><T22/><D31/><U58/><E3/><V47/><F47/><W60/><G60/><T131/><D131/><U115/><E58/><V108/><F108/><W2/><G2/><T43/><D20/><U76/><E115/><V41/><F26/><W75/><G75/><T59/><D43/><U49/><E49/><V112/><F41/><W62/><G40/><T94/><D94/><U107/><E107/><V12/><F112/><W37/><G93/><T0/><D0/><U61/><E61/><N who="2" m="35991" /><F24/><AGARI ba="1,1" hai="8,11,17,22,24,50,53,59,77,80,85" m="38506" machi="24" ten="30,2000,0" yaku="8,1,52,1" doraHai="73" who="0" fromWho="2" sc="275,33,235,0,245,-23,235,0" owari="308,40.8,235,3.5,222,-27.8,235,-16.5" /></mjloggm>