<mjloggm ver="2.3"><GO type="225" lobby="0"/><UN n0="%E6%A1%9C%E8%8A%B1%E9%96%83%E3%80%85" n1="%E3%81%A4%E3%81%AE%E3%81%A0%E2%98%86%E3%81%B2%E3%82%8D" n2="%E6%81%A5%E6%99%92%E3%81%97" n3="%E6%9D%B1%E9%A2%A8%E3%81%AE%E3%81%8D%E3%82%83%E3%81%B7%E3%81%95%E3%82%93" dan="17,16,16,16" rate="2199.26,2171.57,2045.87,2117.43" sx="M,M,M,M"/><TAIKYOKU oya="0"/><INIT seed="0,0,0,1,4,57" ten="250,250,250,250" oya="0" hai0="114,71,86,77,134,85,135,79,66,51,131,50,2" hai1="112,132,34,127,1,49,40,88,60,20,83,58,52" hai2="26,48,122,13,129,21,17,35,24,42,43,133,113" hai3="102,109,44,32,101,55,28,128,22,12,73,117,33"/><T45/><D2/><U110/><E34/><V106/><F113/><W98/><G117/><T14/><D114/><U29/><E112/><V125/><F122/><W27/><G128/><T104/><D104/><U124/><E1/><V53/><F129/><W16/><G109/><T103/><D131/><U0/><E0/><V30/><F133/><N who="0" m="50698" /><D103/><U68/><E132/><V123/><F123/><W126/><G73/><T116/><D116/><U39/><E110/><V95/><F106/><W38/><G126/><N who="1" m="48170" /><E39/><V97/><F26/><W119/><G119/><T115/><D14/><U76/><E76/><N who="0" m="29257" /><D115/><U11/><E11/><V6/><F6/><W75/><G75/><T92/><D92/><U84/><E68/><V82/><F82/><W7/><G7/><T19/><D19/><U105/><E105/><V130/><F130/><W90/><G33/><T61/><D51/><U118/><E118/><V107/><F107/><W94/><REACH who="3" step="1"/><G55/><AGARI ba="0,0" hai="45,50,55,61,66,71,85,86" m="29257,50698" machi="55" ten="30,2900,0" yaku="20,1,52,1" doraHai="57" who="0" fromWho="3" sc="250,29,250,0,250,0,250,-29" /><INIT seed="0,1,0,5,1,7" ten="279,250,250,221" oya="0" hai0="95,117,16,11,133,115,76,39,125,135,15,92,34" hai1="86,0,79,130,80,110,121,19,5,25,9,55,36" hai2="52,29,3,50,23,103,99,73,62,49,45,87,41" hai3="14,102,119,104,101,18,21,53,128,78,33,113,96"/><T68/><D115/><U88/><E121/><V10/><F73/><W116/><G113/><T26/><D117/><U72/><E110/><V65/><F87/><W42/><G33/><T107/><D107/><U17/><E130/><V127/><F127/><W31/><G128/><T132/><D125/><U100/><E100/><V4/><F23/><W93/><G31/><N who="0" m="19831" /><D68/><U98/><E98/><V90/><F29/><W54/><G78/><T61/><D39/><U35/><E55/><V37/><F90/><W57/><G42/><T124/><D124/><U40/><E25/><V106/><REACH who="2" step="1"/><F52/><REACH who="2" ten="279,250,240,221" step="2"/><W22/><G54/><T123/><D123/><U71/><E35/><V129/><F129/><W91/><G22/><T63/><D76/><U69/><E69/><AGARI ba="1,1" hai="3,4,10,37,41,45,49,50,62,65,69,99,103,106" machi="69" ten="30,3900,0" yaku="1,1,7,1,52,1,53,0" doraHai="7" doraHaiUra="48" who="2" fromWho="1" sc="279,0,250,-42,240,52,221,0" /><INIT seed="1,0,0,3,0,60" ten="279,208,292,221" oya="1" hai0="72,105,63,135,78,64,71,44,84,79,99,114,70" hai1="50,108,68,55,80,25,29,41,131,106,59,86,128" hai2="102,5,113,42,67,129,91,103,126,117,43,127,40" hai3="87,20,56,10,134,18,9,8,39,46,110,116,124"/><U89/><E106/><V6/><F117/><W17/><G116/><T101/><D114/><U3/><E3/><V32/><F32/><W118/><G118/><T52/><D72/><U75/><E75/><V133/><F113/><W14/><G134/><T4/><D135/><U0/><E0/><V122/><F122/><W115/><G115/><T58/><D4/><N who="2" m="1642" /><F133/><W38/><G124/><N who="2" m="47657" /><F129/><W83/><G110/><T76/><REACH who="0" step="1"/><D84/><REACH who="0" ten="269,208,292,221" step="2"/><U109/><E68/><V57/><F91/><W61/><G46/><T95/><D95/><U119/><E119/><V100/><F103/><W92/><G92/><T26/><D26/><U81/><E81/><V35/><F35/><W73/><G73/><T125/><D125/><U13/><E13/><V19/><F19/><W51/><G18/><T77/><N who="0" m="19456" /><DORA hai="33" /><T22/><D22/><U96/><E128/><V53/><F102/><W31/><G87/><T65/><D65/><U2/><E131/><V94/><F94/><W93/><G93/><T111/><D111/><U30/><E2/><V1/><F1/><W34/><G83/><T23/><D23/><U45/><E108/><V85/><F85/><W121/><G34/><T11/><D11/><U28/><E109/><V74/><F100/><W98/><G9/><T16/><D16/><U130/><E130/><V66/><F74/><W27/><G17/><T12/><D12/><U104/><E25/><V132/><F132/><W47/><G10/><T37/><D37/><N who="1" m="21679" /><E28/><V107/><F107/><W112/><G8/><T123/><D123/><U90/><E104/><V24/><F24/><W62/><G27/><RYUUKYOKU ba="0,1" sc="269,10,208,10,292,10,221,-30" hai0="44,52,58,63,64,70,71,99,101,105" hai1="29,30,50,55,59,80,86,89,90,96" hai2="40,42,43,53,57,66,67" /><INIT seed="1,1,1,4,3,74" ten="279,218,302,191" oya="1" hai0="112,38,70,125,122,109,60,19,67,131,72,118,1" hai1="24,111,123,15,29,73,126,54,81,103,22,130,39" hai2="7,100,13,35,31,132,85,65,116,18,87,129,6" hai3="59,57,117,95,124,88,119,43,62,49,71,134,50"/><U80/><E123/><V98/><F116/><N who="3" m="44619" /><G134/><T86/><D86/><U27/><E130/><V93/><F132/><W127/><G71/><T5/><D19/><U23/><E126/><N who="3" m="48170" /><G43/><T30/><D60/><U36/><E103/><V94/><F129/><W21/><G21/><T42/><D5/><U9/><E54/><V69/><F31/><W58/><G62/><T10/><D67/><U128/><E128/><V14/><F35/><W102/><G102/><T11/><D11/><U91/><E111/><V16/><F69/><W4/><G4/><N who="2" m="1577" /><F65/><W83/><G83/><T2/><D10/><U44/><E80/><V135/><F135/><W104/><G104/><T17/><D17/><N who="2" m="6762" /><F94/><W51/><G59/><T20/><D20/><U99/><E9/><V47/><F47/><W33/><G33/><T79/><D30/><N who="1" m="17695" /><E44/><V121/><F121/><W25/><G25/><T37/><D122/><U114/><E29/><V8/><F8/><W41/><G41/><T45/><D42/><U12/><E27/><V40/><F40/><W53/><G53/><T110/><D45/><U133/><E22/><V26/><F26/><W66/><G66/><T84/><D118/><U55/><E55/><V108/><F108/><W28/><G28/><T3/><D125/><U105/><E105/><V64/><F64/><W0/><G0/><N who="0" m="107" /><D131/><U77/><E133/><V34/><F34/><W78/><G57/><T90/><D110/><U106/><E106/><V96/><F98/><N who="3" m="57703" /><G58/><T68/><D109/><U97/><E97/><V120/><F120/><W56/><G56/><T92/><D3/><U113/><E99/><RYUUKYOKU ba="1,1" sc="279,-15,218,-15,302,15,191,15" hai2="13,14,85,87,93,96,100" hai3="49,50,51,78" /><INIT seed="2,2,1,4,1,26" ten="264,203,317,206" oya="2" hai0="34,43,114,85,98,71,90,76,103,0,8,17,134" hai1="105,7,28,51,77,110,15,80,128,86,55,58,99" hai2="70,31,107,57,24,106,10,1,102,21,69,12,117" hai3="72,75,4,36,60,129,39,112,125,113,27,84,18"/><V109/><F117/><W82/><G4/><T30/><D114/><N who="3" m="44137" /><G60/><T121/><D121/><U118/><E118/><V122/><F122/><W91/><G129/><T19/><D134/><U62/><E128/><V53/><F109/><W59/><G59/><T115/><D115/><U3/><E3/><V13/><F13/><W41/><G125/><T131/><D43/><U40/><E110/><V87/><F1/><W111/><G111/><T101/><D76/><U11/><E105/><V73/><F73/><N who="3" m="28235" /><G41/><T63/><D63/><U83/><E83/><V89/><F70/><W65/><G65/><T9/><D71/><U108/><E108/><V54/><F54/><W93/><G82/><T135/><D131/><U46/><E99/><V127/><F127/><W52/><G52/><T97/><D98/><U133/><E133/><V66/><F66/><W42/><G42/><T29/><D97/><U64/><E64/><V47/><F69/><W94/><G94/><N who="0" m="54607" /><D135/><U50/><E62/><V16/><F47/><W61/><G61/><T119/><D119/><U44/><E46/><V2/><F2/><W6/><G6/><T67/><D67/><U25/><E25/><V81/><F102/><W48/><G48/><AGARI ba="2,1" hai="10,12,16,21,24,31,48,53,57,81,87,89,106,107" machi="48" ten="30,5800,0" yaku="7,1,52,1,54,1" doraHai="26" who="2" fromWho="3" sc="264,0,203,0,317,74,206,-64" /><INIT seed="2,3,0,1,1,62" ten="264,203,391,142" oya="2" hai0="48,91,28,78,126,108,54,100,55,49,77,129,1" hai1="64,12,33,128,127,6,34,111,21,52,65,103,58" hai2="81,75,124,84,9,73,95,61,14,24,37,41,7" hai3="131,130,56,122,123,74,107,109,134,51,118,80,101"/><V29/><F124/><W31/><G31/><T27/><D1/><U67/><E127/><V69/><F95/><W98/><G56/><T20/><D126/><U3/><E3/><V88/><F41/><W116/><G51/><T94/><D108/><U17/><E6/><V110/><F110/><W57/><G57/><N who="0" m="32967" /><D100/><U4/><E4/><V87/><F87/><W119/><G109/><T117/><D129/><N who="3" m="49161" /><G134/><T5/><D117/><N who="3" m="29953" /><W114/><DORA hai="89" /><G114/><T32/><D32/><U106/><E128/><V36/><F37/><W86/><G86/><N who="0" m="52599" /><D5/><U85/><E85/><V82/><F36/><W99/><G99/><T105/><D49/><U18/><E111/><V132/><F132/><W72/><G80/><T90/><D55/><U8/><E33/><V13/><F82/><W11/><G11/><T15/><D28/><U63/><E34/><V121/><F29/><W42/><G42/><T26/><D20/><U43/><E43/><V40/><F40/><W71/><G71/><T135/><D135/><U68/><E68/><V19/><F69/><W16/><G16/><T25/><D25/><U76/><E18/><V93/><F24/><W113/><G113/><T0/><D27/><U133/><E133/><V59/><F19/><W120/><AGARI ba="3,0" hai="72,74,98,101,107,120,122,123" m="29953,49161" machi="120" ten="50,8000,1" yaku="19,1,23,1,34,2" doraHai="62,89" who="3" fromWho="3" sc="264,-23,203,-23,391,-43,142,89" /><INIT seed="3,0,0,0,3,72" ten="241,180,348,231" oya="3" hai0="92,42,98,47,14,117,74,125,135,82,58,88,67" hai1="108,31,62,80,112,96,127,25,86,46,54,33,103" hai2="71,75,8,113,11,19,24,12,5,21,116,34,100" hai3="16,120,121,60,94,37,36,51,4,69,87,44,49"/><W107/><G107/><T48/><D117/><U109/><E112/><V132/><F113/><W40/><G4/><T110/><D110/><U93/><E127/><V63/><F116/><W23/><G51/><T61/><D135/><U89/><E46/><V22/><F75/><W131/><G131/><T39/><D125/><U7/><E7/><V134/><F100/><W79/><G69/><T122/><D122/><U18/><E18/><N who="2" m="10439" /><F63/><W126/><G60/><T59/><D14/><U81/><E54/><V102/><F102/><W32/><G32/><T10/><D10/><U119/><E119/><V106/><F106/><W66/><G66/><T26/><D26/><U38/><E38/><V97/><F97/><W41/><G126/><T6/><D6/><U104/><E81/><V123/><F11/><W68/><G68/><T55/><D82/><U118/><E118/><V91/><F71/><W129/><G129/><T85/><D74/><U13/><E13/><V45/><F45/><N who="3" m="25767" /><G36/><T43/><D43/><U99/><REACH who="1" step="1"/><E62/><REACH who="1" ten="241,170,348,231" step="2"/><V27/><F5/><W53/><G53/><T1/><D39/><U114/><E114/><V133/><F132/><W28/><G44/><T29/><D47/><U50/><E50/><V105/><F133/><W30/><G37/><T78/><D48/><U77/><AGARI ba="0,1" hai="25,31,33,77,80,86,89,93,96,99,103,104,108,109" machi="77" ten="30,7900,0" yaku="1,1,0,1,52,1,53,1" doraHai="72" doraHaiUra="83" who="1" fromWho="1" sc="241,-20,170,89,348,-20,231,-39" owari="221,-17.9,259,5.9,328,42.8,192,-30.8" /></mjloggm>