<mjloggm ver="2.3"><GO type="225" lobby="0"/><UN n0="%E5%91%A8%E6%9D%B1" n1="%E3%83%96%E3%83%83%E3%83%91%E3%82%AA%E3%83%96%E3%83%81%E3%82%AD%E3%83%B3" n2="%70%68%65%6E%6F%6D%65" n3="%E7%B4%94%E6%BD%94%E3%83%94%E3%83%A9%E3%83%8B%E3%82%A2" dan="16,16,16,16" rate="2145.74,2153.28,2184.70,2136.32" sx="M,M,M,M"/><TAIKYOKU oya="0"/><INIT seed="0,0,0,1,2,74" ten="250,250,250,250" oya="0" hai0="122,58,64,118,121,131,23,53,0,34,119,71,104" hai1="25,110,39,80,43,114,17,18,38,13,6,135,113" hai2="40,127,5,129,33,108,95,96,50,88,85,29,66" hai3="97,55,42,12,73,89,94,107,81,78,52,49,51"/><T111/><D23/><U27/><E110/><V125/><F108/><W106/><G42/><T4/><D4/><U86/><E6/><V82/><F129/><W70/><G70/><T76/><D104/><U46/><E39/><V61/><F5/><W45/><REACH who="3" step="1"/><G12/><REACH who="3" ten="250,250,250,240" step="2"/><T84/><D111/><U101/><E13/><V69/><F40/><W11/><G11/><T41/><D41/><U130/><E43/><V91/><REACH who="2" step="1"/><F50/><REACH who="2" ten="250,250,240,240" step="2"/><W72/><G72/><T90/><D131/><U19/><E130/><V133/><F133/><W98/><G98/><T54/><D119/><U31/><E135/><V63/><F63/><W103/><G103/><T68/><D118/><U35/><E101/><V48/><F48/><W93/><G93/><T22/><D121/><U128/><E128/><V67/><F67/><W20/><G20/><T120/><D22/><U3/><E114/><V2/><F2/><W92/><G92/><T10/><D0/><U14/><E3/><V60/><F60/><W83/><G83/><T21/><D21/><U8/><E80/><V26/><AGARI ba="0,2" hai="26,29,33,61,66,69,82,85,88,91,95,96,125,127" machi="26" ten="30,7900,0" yaku="1,1,0,1,54,1,53,1" doraHai="74" doraHaiUra="77" who="2" fromWho="2" sc="250,-39,250,-20,240,99,240,-20" /><INIT seed="1,0,0,3,3,41" ten="211,230,339,220" oya="1" hai0="32,107,36,63,84,95,108,65,80,98,112,94,62" hai1="26,101,74,81,109,70,64,87,67,111,69,30,37" hai2="31,116,86,11,18,135,68,21,38,7,99,9,46" hai3="90,53,58,20,14,110,134,79,5,59,100,92,27"/><U45/><E74/><V15/><F68/><W123/><G110/><N who="1" m="41994" /><E101/><V25/><F116/><W56/><G134/><T104/><D108/><U72/><E72/><V28/><F135/><W12/><G123/><T102/><D112/><U115/><E115/><V124/><F124/><W127/><G127/><T54/><D36/><U85/><E70/><V8/><F99/><W129/><G129/><T97/><D32/><N who="1" m="20567" /><E69/><V103/><F103/><W3/><G100/><T19/><D102/><U91/><E87/><V119/><F119/><W132/><G132/><T40/><D84/><U42/><AGARI ba="0,0" hai="37,42,45,64,67,81,85,91" m="20567,41994" machi="42" ten="30,6000,0" yaku="14,1,10,1,52,1" doraHai="41" who="1" fromWho="1" sc="211,-20,230,60,339,-20,220,-20" /><INIT seed="1,1,0,3,4,130" ten="191,290,319,200" oya="1" hai0="64,82,58,33,40,18,35,69,77,97,92,65,10" hai1="71,3,14,11,119,70,62,16,15,120,105,90,37" hai2="124,88,101,103,80,66,19,48,109,112,96,26,73" hai3="78,126,79,6,125,54,38,108,4,36,5,50,94"/><U39/><E119/><V110/><F124/><N who="3" m="47723" /><G94/><T57/><D40/><U127/><E120/><V49/><F66/><W55/><G50/><N who="2" m="19561" /><F112/><W27/><G27/><T114/><D114/><U67/><E127/><V7/><F7/><N who="3" m="1795" /><W46/><DORA hai="13" /><G46/><T132/><D69/><U20/><E3/><V98/><F73/><W23/><G23/><T72/><D35/><U85/><E105/><V86/><F110/><W83/><G83/><T113/><D33/><U128/><E71/><V100/><F109/><W42/><G42/><T74/><D74/><U115/><E128/><V75/><F75/><W133/><G133/><T12/><D113/><U84/><E115/><V9/><F9/><W60/><G60/><T116/><D116/><U123/><E123/><V8/><F26/><W122/><G122/><T99/><D132/><U44/><E44/><V76/><F76/><N who="3" m="29227" /><G108/><T87/><D72/><U28/><E84/><V59/><F96/><N who="0" m="36938" /><D92/><U32/><E32/><V68/><F98/><W2/><G2/><T121/><D121/><U118/><E118/><V47/><F47/><W24/><G24/><T25/><D25/><U129/><E85/><V93/><F93/><W21/><G21/><T52/><D58/><U29/><E20/><V107/><F68/><W51/><G51/><AGARI ba="1,0" hai="10,12,18,51,52,57,64,65,77,82,87" m="36938" machi="51" ten="30,3900,0" yaku="8,1,52,1,54,1" doraHai="130,13" who="0" fromWho="3" sc="191,42,290,0,319,0,200,-42" /><INIT seed="2,0,0,5,0,42" ten="233,290,319,158" oya="2" hai0="117,59,123,84,70,1,50,31,121,119,24,133,125" hai1="36,47,102,63,21,106,99,108,27,28,22,129,87" hai2="75,116,89,113,132,6,8,34,83,80,110,82,73" hai3="52,64,54,44,105,118,17,115,3,62,33,76,9"/><V86/><F113/><W88/><G115/><T43/><D1/><U65/><E108/><V104/><F34/><W67/><G118/><N who="0" m="45067" /><D70/><N who="1" m="42303" /><E129/><V60/><F132/><W97/><G33/><T13/><D133/><U5/><E5/><V49/><F104/><W96/><G76/><T120/><D13/><U51/><E87/><V58/><F116/><W81/><G105/><T85/><D125/><U95/><E95/><V100/><F100/><W12/><G3/><T91/><D91/><U16/><E16/><V61/><F60/><W130/><G130/><T103/><D103/><U11/><E11/><V78/><F49/><N who="3" m="28711" /><G54/><N who="0" m="32215" /><D43/><N who="1" m="25087" /><E36/><V112/><F110/><W68/><G67/><T38/><D38/><U109/><E109/><V20/><F112/><W48/><G48/><T90/><D90/><U98/><E99/><V107/><F107/><W15/><G15/><T32/><AGARI ba="0,0" hai="24,31,32,84,85,120,121,123" m="32215,45067" machi="32" ten="40,1500,0" yaku="12,1" doraHai="42" who="0" fromWho="0" sc="233,15,290,-4,319,-7,158,-4" /><INIT seed="3,0,0,5,2,28" ten="248,286,312,154" oya="3" hai0="6,0,127,110,21,24,11,78,77,53,12,27,61" hai1="67,55,13,106,97,80,46,133,130,18,79,73,59" hai2="124,123,42,134,71,75,108,111,37,122,38,43,117" hai3="126,104,36,112,19,91,128,109,25,39,49,68,88"/><W20/><G112/><T51/><D110/><N who="2" m="42026" /><F117/><W101/><G109/><T98/><D127/><U48/><E133/><V7/><F134/><W113/><G113/><T85/><D0/><U17/><E130/><V22/><F124/><W107/><G126/><T87/><D98/><U50/><E67/><V83/><F71/><W114/><G114/><T129/><D129/><U29/><E29/><V66/><F66/><W90/><G128/><T135/><D61/><U23/><E18/><V72/><F7/><W96/><G68/><T30/><D24/><U5/><E5/><V62/><F62/><W32/><G104/><T94/><D135/><U81/><E81/><V44/><F22/><W121/><G121/><N who="2" m="46089" /><F83/><W76/><G76/><T103/><D103/><U69/><E69/><V14/><F14/><W82/><G82/><T33/><D21/><U95/><E106/><V57/><F57/><W100/><G100/><T8/><D8/><U120/><E120/><V54/><F54/><W4/><G4/><T93/><D78/><U40/><E95/><V118/><F118/><W64/><G64/><T34/><D77/><U92/><E92/><V63/><F63/><W65/><G65/><T99/><D94/><U52/><REACH who="1" step="1"/><E55/><REACH who="1" ten="248,276,312,154" step="2"/><V102/><F102/><W115/><G115/><T15/><D93/><U105/><E105/><V70/><F70/><W132/><G132/><T26/><D53/><U41/><E41/><V16/><F16/><W125/><G125/><T116/><D6/><U47/><E47/><AGARI ba="0,1" hai="37,38,42,43,44,47,72,75" m="46089,42026" machi="47" ten="30,3900,0" yaku="14,1,13,1,23,1" doraHai="28" who="2" fromWho="1" sc="248,0,276,-39,312,49,154,0" owari="248,4.8,237,-16.3,361,46.1,154,-34.6" /></mjloggm>