<mjloggm ver="2.3"><GO type="225" lobby="0"/><UN n0="%E6%A1%9C%E8%8A%B1%E9%96%83%E3%80%85" n1="%77%72%77%72%77%72%77%72" n2="%E3%83%81%E3%83%83%E3%82%BF%E3%82%BD%E3%83%BC" n3="%E3%80%90%E8%92%BC%E7%90%89%E3%80%91" dan="16,17,16,16" rate="2141.99,2185.91,2153.10,2169.25" sx="M,M,F,F"/><TAIKYOKU oya="0"/><INIT seed="0,0,0,4,3,105" ten="250,250,250,250" oya="0" hai0="39,2,45,128,6,91,82,10,94,129,116,49,73" hai1="100,109,81,111,53,54,104,25,61,5,28,26,29" hai2="96,48,74,118,18,87,88,70,34,131,75,85,17" hai3="19,62,50,95,38,97,67,33,115,22,99,124,69"/><T1/><D116/><U102/><E5/><V43/><F131/><N who="0" m="50250" /><D39/><U16/><E81/><V110/><F118/><W89/><G38/><T59/><D59/><U121/><E121/><V126/><F110/><N who="1" m="41993" /><E61/><V86/><F70/><W103/><G115/><T117/><D117/><U90/><E90/><V122/><F122/><W7/><G124/><T46/><D1/><U123/><E123/><V135/><F126/><W114/><G114/><T66/><D66/><U0/><E0/><V72/><F135/><W64/><G64/><T37/><D37/><U20/><E29/><V27/><F34/><W11/><G33/><T79/><D49/><U93/><E93/><V119/><F119/><W127/><G127/><T130/><N who="0" m="50258" /><T30/><DORA hai="36" /><D30/><U51/><E104/><V31/><F31/><W23/><G50/><T60/><D60/><U101/><E51/><V120/><F120/><W55/><G55/><T113/><D113/><U83/><E83/><V78/><F78/><W14/><REACH who="3" step="1"/><G7/><REACH who="3" ten="250,250,250,240" step="2"/><T8/><D8/><U40/><E40/><V112/><F112/><W44/><G44/><T52/><D52/><U108/><E108/><V98/><F48/><W47/><G47/><T42/><D42/><U15/><E53/><V32/><F43/><W4/><G4/><T63/><D63/><U132/><E54/><V133/><F32/><W92/><AGARI ba="0,1" hai="11,14,19,22,23,62,67,69,89,92,95,97,99,103" machi="92" ten="20,2700,0" yaku="1,1,0,1,7,1,53,0" doraHai="105,36" doraHaiUra="3,35" who="3" fromWho="3" sc="250,-13,250,-7,250,-7,240,37" /><BYE who="2" /><INIT seed="1,0,0,3,5,97" ten="237,243,243,277" oya="1" hai0="32,116,12,40,3,58,73,23,43,60,17,107,26" hai1="57,124,68,81,14,1,35,114,36,99,91,77,31" hai2="86,9,103,52,21,50,111,100,4,122,78,85,39" hai3="106,70,53,126,123,134,38,83,6,54,117,95,34"/><U96/><E114/><UN n2="%E3%83%81%E3%83%83%E3%82%BF%E3%82%BD%E3%83%BC" /><V25/><F111/><W115/><RYUUKYOKU type="yao9" ba="0,0" sc="237,0,243,0,243,0,277,0" hai3="6,34,38,53,54,70,83,95,106,115,117,123,126,134" /><INIT seed="1,1,0,4,4,24" ten="237,243,243,277" oya="1" hai0="83,133,107,20,37,52,116,124,91,25,130,89,43" hai1="73,85,66,49,95,17,3,92,132,69,7,1,2" hai2="79,106,41,97,127,112,38,58,115,19,32,35,103" hai3="64,29,56,114,128,50,80,48,40,104,61,62,82"/><U77/><E73/><V87/><F127/><W45/><G104/><T90/><D116/><U14/><E132/><V11/><F41/><W13/><G114/><N who="2" m="43561" /><F38/><W55/><G128/><T81/><D124/><U94/><E7/><V110/><F110/><W122/><G122/><T46/><D107/><U109/><E109/><V27/><F58/><W72/><G72/><T33/><D33/><U135/><E135/><V44/><F44/><W98/><G98/><T118/><D118/><U57/><E69/><V63/><F63/><W12/><G61/><T99/><D99/><U18/><E66/><V134/><F134/><W23/><G12/><T125/><D125/><U15/><E49/><V31/><F11/><W54/><G40/><T28/><D133/><U30/><E57/><V16/><F32/><W84/><G84/><T42/><D42/><U21/><E85/><V119/><F119/><W123/><G123/><T74/><D130/><U59/><E59/><V22/><F35/><W5/><G5/><T113/><D113/><U70/><E70/><V9/><F9/><W34/><G34/><T75/><D75/><U47/><E47/><V126/><F126/><W108/><G108/><T120/><D120/><U121/><E121/><V88/><F79/><W96/><G45/><N who="0" m="23791" /><D74/><U39/><E77/><V129/><F129/><W26/><G64/><T6/><D6/><U93/><N who="1" m="23552" /><DORA hai="4" /><U105/><E39/><V76/><F76/><W131/><G131/><T111/><D111/><U67/><E67/><V102/><F102/><W65/><G65/><T100/><D100/><U8/><E105/><RYUUKYOKU ba="1,0" sc="237,10,243,10,243,10,277,-30" hai0="20,25,28,46,52,81,83,89,90,91" hai1="1,2,3,8,14,15,17,18,21,30" hai2="16,19,22,27,31,87,88,97,103,106" /><INIT seed="1,2,0,4,2,23" ten="247,253,253,247" oya="1" hai0="30,49,31,129,26,18,14,40,45,77,87,4,79" hai1="42,121,131,68,58,98,55,100,94,59,52,33,36" hai2="60,73,56,116,92,64,54,57,44,110,106,5,16" hai3="29,9,20,83,47,132,6,17,63,126,0,21,111"/><U135/><E121/><V8/><F106/><W3/><G111/><T78/><D129/><U112/><E112/><V76/><F116/><W103/><G132/><T2/><D2/><U71/><E33/><V99/><F110/><W28/><G126/><T62/><D62/><U11/><E131/><V113/><F113/><W50/><G103/><T27/><D4/><U115/><E115/><V95/><F44/><W7/><G63/><T105/><D87/><U43/><E135/><V84/><F73/><W97/><G97/><T38/><D38/><U48/><E11/><V134/><F134/><W41/><G83/><T34/><D105/><U74/><E74/><V37/><F37/><W102/><G102/><T82/><D82/><U130/><E130/><V69/><F69/><W117/><G117/><T25/><D34/><U127/><E127/><V89/><F76/><W35/><G35/><T72/><D72/><U24/><E24/><V119/><F119/><W10/><REACH who="3" step="1"/><G21/><AGARI ba="2,0" hai="14,18,21,25,26,27,30,31,40,45,49,77,78,79" machi="21" ten="40,8000,1" yaku="8,1,52,3" doraHai="23" who="0" fromWho="3" sc="247,86,253,0,253,0,247,-86" /><INIT seed="2,0,0,5,1,38" ten="333,253,253,161" oya="2" hai0="88,100,118,114,61,14,97,45,134,132,82,12,31" hai1="129,4,126,74,6,46,116,11,96,130,28,52,72" hai2="70,32,117,124,133,110,120,69,58,113,50,94,128" hai3="5,63,65,9,99,19,60,29,18,23,62,1,56"/><V49/><RYUUKYOKU type="yao9" ba="0,0" sc="333,0,253,0,253,0,161,0" hai2="32,49,50,58,69,70,94,110,113,117,120,124,128,133" /><INIT seed="2,1,0,4,3,128" ten="333,253,253,161" oya="2" hai0="39,60,118,32,135,34,69,90,5,114,16,4,70" hai1="100,65,12,24,33,13,133,18,95,25,61,130,15" hai2="11,134,55,77,75,46,42,104,30,14,80,131,92" hai3="116,10,89,21,50,78,3,1,35,20,110,108,23"/><V129/><F104/><W53/><G78/><T120/><D39/><U36/><E133/><V57/><F30/><W38/><G38/><T62/><D90/><U40/><E130/><V81/><F92/><W132/><G35/><T101/><D101/><U93/><E36/><V29/><F29/><W73/><G73/><T96/><D96/><U48/><E33/><V121/><F121/><W31/><G116/><T68/><D68/><U84/><E95/><V123/><F123/><W82/><G31/><T97/><D97/><U28/><E28/><V91/><F91/><W88/><G132/><T76/><D76/><U45/><E18/><V109/><F134/><W67/><G67/><T79/><D135/><U56/><E100/><V37/><F81/><W54/><G82/><T115/><D79/><U85/><E93/><V9/><F9/><W94/><G10/><T2/><D16/><U51/><E51/><V0/><F109/><N who="3" m="42091" /><G50/><T117/><D120/><U106/><E106/><V112/><F112/><W52/><G94/><T98/><D98/><U111/><E111/><V17/><REACH who="2" step="1"/><F0/><AGARI ba="1,0" hai="0,1,3,20,21,23,52,53,54,88,89" m="42091" machi="0" ten="40,8000,1" yaku="28,2,14,1,54,2" doraHai="128" who="3" fromWho="2" sc="333,0,253,0,253,-83,161,83" /><AGARI ba="1,0" hai="0,2,4,5,32,34,60,62,69,70,114,115,117,118" machi="0" ten="25,1600,0" yaku="22,2" doraHai="128" who="0" fromWho="2" sc="333,16,253,0,170,-16,244,0" /><INIT seed="3,0,0,2,2,30" ten="349,253,154,244" oya="3" hai0="58,112,67,130,42,7,97,11,68,15,59,122,91" hai1="75,41,13,94,47,131,60,111,119,0,78,85,117" hai2="74,27,12,118,64,23,35,56,65,95,29,63,26" hai3="24,108,2,102,39,128,114,89,134,49,44,55,127"/><W62/><G114/><T115/><D122/><U5/><E0/><V107/><F107/><W120/><G120/><T6/><D42/><U25/><E111/><V34/><F118/><N who="1" m="45065" /><E131/><V20/><F74/><W98/><G128/><T37/><D91/><N who="1" m="53615" /><E25/><V72/><F72/><W50/><G2/><T17/><D59/><U100/><E100/><V71/><F12/><W90/><G108/><T51/><D51/><U45/><E60/><V8/><F8/><W21/><G134/><T87/><D11/><N who="1" m="4335" /><E41/><V16/><REACH who="2" step="1"/><F95/><REACH who="2" ten="349,253,144,244" step="2"/><W80/><G127/><T54/><D15/><U69/><E75/><V109/><F109/><W113/><G113/><T101/><D115/><U86/><E69/><V28/><F28/><W121/><G121/><T106/><D106/><U9/><E9/><V99/><F99/><W96/><G96/><T92/><D97/><U19/><E19/><V18/><F18/><W4/><G98/><T93/><D17/><U77/><E86/><V10/><F10/><W43/><G4/><T133/><D6/><U76/><AGARI ba="0,1" hai="45,47,76,77,78" m="4335,53615,45065" machi="76" ten="30,1100,0" yaku="12,1" doraHai="30" who="1" fromWho="1" sc="349,-3,253,21,144,-3,244,-5" owari="346,44.6,274,7.4,141,-35.9,239,-16.1" /></mjloggm>