<mjloggm ver="2.3"><GO type="225" lobby="0"/><UN n0="%E7%99%BD%E5%80%89%E5%AF%9B%E4%B9%8B" n1="%E3%81%A4%E3%81%A3%E3%81%B1%E3%82%8A%E3%83%9D%E3%83%BC%E3%83%AB" n2="%E5%8F%AF%E5%85%90%E9%82%A3%E7%94%B1%E5%A4%9A" n3="%E3%81%99%E3%81%84%E3%81%BE%E3%81%9B%E3%83%BC%E3%82%93" dan="16,17,16,18" rate="2144.29,2260.54,2080.26,2234.24" sx="M,M,F,M"/><TAIKYOKU oya="0"/><INIT seed="0,0,0,4,5,98" ten="250,250,250,250" oya="0" hai0="61,8,111,24,116,5,135,36,54,3,105,129,84" hai1="69,21,91,49,88,82,104,17,33,132,63,58,102" hai2="29,126,15,76,113,124,67,62,40,101,52,43,94" hai3="7,89,77,95,37,75,12,14,51,90,70,9,45"/><T13/><D36/><U28/><E132/><V108/><F113/><W123/><G70/><T121/><D105/><U66/><E82/><V125/><F108/><W96/><G123/><T46/><D121/><U92/><E104/><V30/><F76/><W107/><G37/><T19/><D111/><U64/><E28/><N who="2" m="10859" /><F15/><W128/><G128/><T86/><D135/><U55/><E33/><V31/><N who="2" m="10867" /><V18/><DORA hai="35" /><F18/><W118/><G118/><T32/><D129/><U85/><E64/><V80/><F80/><W20/><G77/><T27/><D32/><U83/><E102/><V16/><F16/><N who="3" m="10247" /><G75/><T59/><D116/><U109/><E109/><V60/><F67/><W47/><G107/><T100/><D100/><U41/><E41/><N who="2" m="15947" /><F52/><N who="3" m="29807" /><G47/><T110/><D46/><U26/><REACH who="1" step="1"/><E92/><REACH who="1" ten="250,240,250,250" step="2"/><V56/><F56/><W93/><G93/><T127/><D110/><U78/><AGARI ba="0,1" hai="17,21,26,49,55,58,63,66,69,78,83,85,88,91" machi="78" ten="20,12000,2" yaku="1,1,2,1,0,1,7,1,54,1,53,1" doraHai="98,35" doraHaiUra="72,39" who="1" fromWho="1" sc="250,-60,240,130,250,-30,250,-30" /><INIT seed="1,0,0,2,0,28" ten="190,370,220,220" oya="1" hai0="111,58,55,36,101,77,121,39,81,13,91,89,92" hai1="135,46,42,102,78,68,71,5,105,44,26,94,52" hai2="96,67,63,85,95,2,124,24,88,32,130,133,47" hai3="62,61,15,75,37,60,107,51,118,132,125,10,73"/><U7/><E105/><V109/><F2/><W41/><G107/><T56/><D111/><U86/><E135/><V57/><F109/><W48/><G132/><T116/><D116/><U114/><E114/><V126/><F133/><W30/><G118/><T21/><D121/><U99/><E71/><V38/><F130/><W87/><G125/><T100/><D39/><U12/><E68/><V70/><F57/><W120/><G120/><T79/><D36/><U29/><E42/><V3/><F3/><W134/><G134/><T14/><D92/><U19/><E86/><V106/><F47/><N who="1" m="17961" /><E52/><V115/><F38/><W53/><G37/><T104/><D104/><U74/><E78/><V34/><F115/><W123/><G123/><T4/><D55/><U97/><E74/><V40/><F40/><W22/><G41/><T43/><D43/><U33/><E99/><V127/><F24/><N who="3" m="16663" /><G75/><T84/><D84/><U108/><E33/><V131/><F131/><W65/><G73/><T50/><D21/><N who="1" m="15567" /><E108/><V16/><F16/><N who="3" m="8311" /><G53/><T112/><D112/><U18/><E18/><V23/><F23/><AGARI ba="0,0" hai="5,7,12,19,23,94,97,102" m="15567,17961" machi="23" ten="30,1500,0" yaku="8,1" doraHai="28" who="1" fromWho="2" sc="190,0,370,15,220,-15,220,0" /><INIT seed="1,1,0,5,1,1" ten="190,385,205,220" oya="1" hai0="122,135,94,22,102,68,45,125,4,43,82,5,30" hai1="60,105,103,50,14,129,104,3,121,66,64,42,113" hai2="62,57,23,72,28,55,70,123,71,2,11,93,39" hai3="41,92,10,49,12,18,98,118,53,86,101,24,108"/><U9/><E113/><V115/><F123/><W79/><G108/><T87/><D68/><U35/><E121/><V109/><F109/><W100/><G118/><T95/><D122/><U120/><E35/><V58/><F115/><W133/><G133/><T65/><D65/><U63/><E3/><V124/><F124/><W130/><G130/><T119/><D119/><U84/><E129/><V83/><F39/><W32/><G41/><T59/><D135/><U97/><E105/><V116/><F116/><W56/><G32/><T61/><D125/><U89/><E120/><V13/><F2/><W27/><REACH who="3" step="1"/><G100/><REACH who="3" ten="190,385,205,210" step="2"/><T80/><D102/><N who="1" m="62543" /><E42/><V8/><F70/><W15/><G15/><T73/><D43/><U19/><E14/><V114/><F71/><W46/><G46/><T7/><D45/><U69/><E103/><V85/><F13/><W26/><G26/><N who="0" m="16727" /><D73/><U67/><E69/><V54/><F72/><W132/><G132/><T37/><D37/><U88/><E66/><V96/><F114/><W110/><G110/><T44/><D44/><U17/><E67/><V78/><F58/><W29/><G29/><T40/><D40/><U107/><E64/><V74/><F74/><W75/><G75/><T25/><D25/><U99/><E107/><V111/><F111/><W127/><G127/><T6/><N who="0" m="1024" /><DORA hai="31" /><T131/><D131/><U90/><E90/><N who="2" m="55351" /><F55/><W77/><G77/><N who="0" m="46479" /><D59/><U48/><E89/><V16/><F28/><W112/><G112/><T51/><D51/><U0/><E50/><V33/><F33/><W128/><G128/><T47/><D47/><U106/><E48/><RYUUKYOKU ba="1,1" sc="190,-15,385,-15,205,15,210,15" hai2="8,11,16,23,54,57,62,78,83,85" hai3="10,12,18,24,27,49,53,56,79,86,92,98,101" /><INIT seed="2,2,1,2,4,80" ten="175,370,220,225" oya="2" hai0="92,45,91,47,8,54,85,30,62,74,123,78,79" hai1="10,14,77,37,7,118,119,83,19,116,13,63,11" hai2="135,131,53,48,70,59,20,51,117,125,41,64,93" hai3="72,113,3,2,104,50,71,88,69,52,56,33,127"/><V22/><F117/><W38/><G33/><T126/><D123/><U25/><E63/><V29/><F125/><W16/><G72/><T67/><D126/><U134/><E37/><V81/><F131/><W130/><G127/><T5/><D30/><U133/><REACH who="1" step="1"/><E25/><REACH who="1" ten="175,360,220,225" step="2"/><V18/><F135/><W112/><G38/><T132/><D132/><U124/><E124/><V89/><F70/><W49/><G71/><T84/><D74/><AGARI ba="2,2" hai="7,10,11,13,14,19,74,77,83,116,118,119,133,134" machi="74" ten="40,5200,0" yaku="1,1,53,2" doraHai="80" doraHaiUra="128" who="1" fromWho="0" sc="175,-58,360,78,220,0,225,0" /><INIT seed="3,0,0,5,0,105" ten="117,438,220,225" oya="3" hai0="63,12,76,6,38,87,57,15,28,54,17,13,89" hai1="79,98,2,99,8,130,53,7,104,67,121,106,0" hai2="102,133,9,135,109,14,116,72,49,47,96,122,35" hai3="86,37,125,124,92,30,5,58,110,74,11,25,127"/><W40/><G110/><T52/><D38/><U23/><E121/><V119/><F35/><W51/><G37/><T94/><D6/><U68/><E130/><V111/><F72/><W88/><G74/><T100/><D28/><U115/><E23/><V97/><F122/><W3/><G58/><T73/><D100/><U66/><E53/><N who="2" m="29887" /><F116/><W22/><G51/><T118/><D118/><U31/><E98/><N who="2" m="37995" /><F102/><W77/><G77/><T18/><REACH who="0" step="1"/><D54/><REACH who="0" ten="107,438,220,225" step="2"/><U16/><E8/><V80/><F119/><W117/><G117/><T81/><AGARI ba="0,1" hai="12,13,15,17,18,52,57,63,73,76,81,87,89,94" machi="81" ten="30,8000,1" yaku="1,1,2,1,0,1,52,1,54,1,53,0" doraHai="105" doraHaiUra="61" who="0" fromWho="0" sc="107,90,438,-20,220,-20,225,-40" owari="197,-20.3,418,51.8,200,0.0,185,-31.5" /></mjloggm>