<mjloggm ver="2.3"><GO type="225" lobby="0"/><UN n0="%E9%A6%AC%E5%BC%95%E7%81%AB%33" n1="%E3%83%96%E3%83%83%E3%83%91%E3%82%AA%E3%83%96%E3%83%81%E3%82%AD%E3%83%B3" n2="%E5%A4%8F%E9%88%B4%E9%88%B4%E5%A4%8F" n3="%E3%83%A9%E3%82%B9%E7%8E%87%EF%BC%93%E5%89%B2" dan="16,16,16,16" rate="2084.51,2149.20,2111.28,2181.92" sx="M,M,F,F"/><TAIKYOKU oya="0"/><INIT seed="0,0,0,1,5,56" ten="250,250,250,250" oya="0" hai0="106,107,98,118,55,100,80,44,50,67,39,59,40" hai1="66,62,30,87,60,115,105,89,92,122,57,69,7" hai2="4,26,84,5,51,14,52,131,11,96,75,54,65" hai3="121,135,10,23,85,95,1,63,132,108,24,81,93"/><T113/><D113/><U22/><E122/><V114/><F75/><W68/><G108/><T6/><D118/><U12/><E115/><V90/><F114/><W9/><G121/><T117/><D117/><U123/><E123/><V48/><F131/><W35/><G35/><T125/><D125/><U133/><E133/><N who="3" m="51274" /><G95/><T43/><D6/><U78/><E105/><V49/><F65/><N who="3" m="41023" /><G93/><T45/><D67/><U119/><E119/><V112/><F96/><W46/><G46/><T83/><REACH who="0" step="1"/><D106/><REACH who="0" ten="240,250,250,250" step="2"/><U129/><E7/><V36/><F4/><W79/><G1/><T32/><D32/><U101/><E66/><V21/><F112/><W58/><G58/><T13/><D13/><U61/><E12/><V33/><F33/><W19/><AGARI ba="0,1" hai="9,10,19,23,24,79,81,85" m="41023,51274" machi="19" ten="30,2000,0" yaku="20,1,52,1" doraHai="56" who="3" fromWho="3" sc="240,-10,250,-5,250,-5,250,30" /><INIT seed="1,0,0,1,2,32" ten="230,245,245,280" oya="1" hai0="106,117,120,11,3,34,102,33,67,79,57,21,44" hai1="39,82,105,122,93,29,0,95,91,107,68,126,36" hai2="46,24,80,84,77,65,113,94,59,53,12,76,26" hai3="56,35,41,109,63,72,101,135,55,51,43,116,16"/><U127/><E68/><V78/><F113/><W115/><G35/><T62/><D117/><U86/><E29/><V134/><F134/><W15/><G72/><T119/><D119/><U13/><E13/><V128/><F128/><W45/><G116/><T7/><D120/><U50/><E50/><V42/><F65/><W66/><G115/><T73/><D106/><N who="1" m="40459" /><E0/><V85/><F94/><N who="1" m="35849" /><E39/><V121/><F121/><W60/><G109/><T25/><D102/><U9/><E9/><V61/><F12/><W64/><G135/><T133/><D133/><U69/><E36/><V74/><F74/><W54/><G101/><T114/><D114/><U123/><E69/><V14/><F85/><W81/><G81/><T97/><D97/><U27/><E27/><V52/><F53/><N who="3" m="29935" /><G16/><T92/><D92/><U83/><E83/><V112/><F14/><W19/><G19/><T98/><D98/><U103/><E103/><V71/><F71/><N who="3" m="42375" /><G15/><T129/><D73/><U104/><N who="1" m="40467" /><U88/><DORA hai="100" /><E91/><N who="2" m="51591" /><F112/><W18/><G18/><T111/><D34/><U108/><E108/><V124/><F24/><W89/><G89/><T22/><D111/><U110/><E110/><V28/><F26/><W30/><G30/><T47/><D33/><U31/><E31/><V40/><F28/><W8/><G8/><T118/><D118/><U58/><E58/><V49/><F40/><AGARI ba="0,0" hai="40,41,43,54,55,56,63,66" m="42375,29935" machi="40" ten="30,8000,1" yaku="35,5" doraHai="32,100" who="3" fromWho="2" sc="230,0,245,0,245,-80,280,80" /><INIT seed="2,0,0,5,2,125" ten="230,245,165,360" oya="2" hai0="98,77,109,105,27,7,80,0,111,43,44,127,87" hai1="13,37,85,34,112,30,62,42,38,100,88,51,3" hai2="45,70,59,65,79,46,133,24,120,23,124,33,121" hai3="116,92,2,57,83,50,9,53,101,55,90,134,18"/><V54/><F124/><W89/><G116/><T17/><D127/><U11/><E3/><V95/><F133/><W86/><G134/><T39/><D0/><U106/><E112/><V76/><F33/><W91/><G2/><T61/><D7/><U135/><E135/><V40/><F65/><W129/><G129/><T126/><D126/><U60/><E106/><V47/><F70/><W78/><G101/><T123/><D123/><U102/><E30/><V19/><F40/><W12/><REACH who="3" step="1"/><G55/><REACH who="3" ten="230,245,165,350" step="2"/><T93/><D111/><U103/><E103/><V28/><F121/><W131/><G131/><T56/><D109/><U73/><E102/><V8/><F120/><W107/><G107/><T20/><D105/><U32/><E100/><V128/><F128/><W74/><AGARI ba="0,1" hai="9,12,18,50,53,57,74,78,83,86,89,90,91,92" machi="74" ten="20,2700,0" yaku="1,1,0,1,7,1,53,0" doraHai="125" doraHaiUra="29" who="3" fromWho="3" sc="230,-7,245,-7,165,-13,350,37" /><INIT seed="3,0,0,1,1,55" ten="223,238,152,387" oya="3" hai0="2,53,45,85,125,66,18,83,127,46,126,6,51" hai1="93,128,30,82,62,4,17,106,81,56,74,79,120" hai2="61,97,65,73,135,8,7,19,80,130,26,10,123" hai3="27,12,119,84,49,108,86,57,24,64,58,92,0"/><W105/><G0/><T11/><D66/><U3/><E120/><V29/><F123/><W99/><G105/><T1/><D18/><U14/><E106/><V54/><F135/><W88/><G119/><T28/><D28/><U104/><E104/><V34/><F130/><W124/><G108/><T118/><D118/><U23/><E128/><V60/><F54/><N who="3" m="31951" /><G124/><T70/><D70/><U101/><E30/><V122/><F122/><W59/><G12/><N who="0" m="5239" /><D45/><U36/><E36/><V41/><F41/><W71/><G71/><T13/><D13/><U16/><E3/><V95/><F19/><W44/><G44/><T134/><D134/><U121/><E4/><V90/><F7/><W132/><G132/><T77/><AGARI ba="0,0" hai="1,2,46,51,53,77,83,85,125,126,127" m="5239" machi="77" ten="30,1100,0" yaku="18,1" doraHai="55" who="0" fromWho="0" sc="223,11,238,-3,152,-3,387,-5" owari="234,-16.6,235,3.5,149,-35.1,382,48.2" /></mjloggm>