<mjloggm ver="2.3"><GO type="225" lobby="0"/><UN n0="%E3%81%BF%E3%81%BF%E3%81%9A" n1="%72%69%6F%75%63%68%61%6E" n2="%E6%98%93%E5%88%A9%E8%96%A9%E4%BC%AF" n3="%E5%8F%AF%E5%85%90%E9%82%A3%E7%94%B1%E5%A4%9A" dan="18,16,16,16" rate="2249.37,2194.00,2144.03,2134.79" sx="M,M,F,F"/><TAIKYOKU oya="0"/><INIT seed="0,0,0,3,4,26" ten="250,250,250,250" oya="0" hai0="135,113,130,67,40,129,109,112,3,120,61,48,79" hai1="14,75,63,111,12,81,22,65,1,99,71,32,91" hai2="66,56,0,100,116,102,41,106,23,25,118,68,64" hai3="29,119,134,20,2,46,124,88,70,89,101,96,84"/><T38/><D3/><U82/><E111/><V24/><F68/><W105/><G119/><N who="2" m="45609" /><F0/><W13/><G2/><T33/><D79/><U95/><E32/><V44/><F106/><W78/><G70/><N who="0" m="42351" /><D33/><U72/><E1/><V90/><F90/><W57/><G134/><T133/><D48/><U34/><E34/><V5/><F5/><W104/><G124/><T86/><D86/><U52/><E22/><V37/><F25/><W110/><G110/><T122/><D109/><U43/><E43/><V6/><F6/><W132/><G132/><N who="0" m="50763" /><D40/><U53/><E82/><V21/><F21/><W42/><G78/><T87/><D87/><U69/><E71/><V98/><F56/><W58/><G84/><T74/><D74/><U117/><E117/><V93/><F102/><W73/><G57/><T51/><D38/><U54/><REACH who="1" step="1"/><E72/><REACH who="1" ten="250,240,250,250" step="2"/><V103/><F103/><W127/><G101/><T76/><D76/><AGARI ba="0,1" hai="12,14,52,53,54,63,65,69,75,76,81,91,95,99" machi="76" ten="40,5200,0" yaku="1,1,2,1,54,1,53,0" doraHai="26" doraHaiUra="123" who="1" fromWho="0" sc="250,-52,240,62,250,0,250,0" /><INIT seed="1,0,0,5,3,70" ten="198,302,250,250" oya="1" hai0="1,39,34,11,72,24,10,103,106,64,12,42,123" hai1="129,131,69,87,80,114,130,62,92,82,113,91,33" hai2="20,109,18,36,19,98,66,51,61,57,7,118,8" hai3="75,125,44,17,30,9,38,121,28,49,14,104,84"/><U58/><E33/><V108/><F118/><W54/><G121/><T23/><D72/><U40/><E69/><V96/><F51/><W93/><G75/><T4/><D123/><U83/><REACH who="1" step="1"/><E40/><REACH who="1" ten="198,292,250,250" step="2"/><V111/><F36/><W133/><G38/><T55/><D34/><U13/><E13/><N who="2" m="7463" /><F7/><W26/><G14/><AGARI ba="0,1" hai="14,19,20,57,61,66,96,98,108,109,111" m="7463" machi="14" ten="30,1000,0" yaku="14,1" doraHai="70" who="2" fromWho="3" sc="198,0,292,0,250,20,250,-10" /><INIT seed="2,0,0,1,1,32" ten="198,292,270,240" oya="2" hai0="17,2,40,23,107,134,114,11,47,110,3,105,97" hai1="95,30,57,109,103,56,128,35,52,87,48,85,89" hai2="86,74,81,122,61,92,70,126,51,9,76,69,131" hai3="133,90,72,79,119,41,67,75,5,43,93,20,71"/><V15/><F122/><W125/><G119/><T59/><D114/><U55/><E109/><V28/><F131/><W66/><G133/><T129/><D110/><U54/><E128/><V34/><F126/><W84/><G125/><T39/><D134/><U6/><E6/><V80/><F92/><W50/><G5/><T24/><D129/><U102/><E35/><V123/><F123/><W124/><G124/><T49/><D11/><U127/><E127/><V22/><F34/><W36/><G36/><T13/><D13/><U25/><E85/><V64/><F51/><W98/><G72/><T132/><D132/><U130/><E130/><V118/><F118/><W18/><G75/><T60/><D39/><U116/><E116/><V82/><F70/><W73/><G73/><T99/><D99/><U19/><E30/><V38/><F38/><W58/><G71/><T1/><REACH who="0" step="1"/><D97/><REACH who="0" ten="188,292,270,240" step="2"/><U68/><E68/><V100/><F100/><N who="1" m="38441" /><E56/><V94/><F9/><W135/><G135/><T101/><D101/><U33/><E33/><V108/><F108/><W78/><G98/><T45/><D45/><U4/><E4/><V96/><F96/><W12/><G58/><T0/><N who="0" m="0" /><DORA hai="27" /><T7/><D7/><U77/><E77/><V88/><F15/><W121/><G79/><T117/><D117/><U65/><E57/><V63/><F69/><W37/><G78/><T112/><D112/><U83/><E89/><V53/><F76/><W8/><G8/><T115/><D115/><U106/><E87/><V10/><F86/><W120/><G120/><T21/><D21/><U62/><E48/><RYUUKYOKU ba="0,1" sc="188,30,292,-10,270,-10,240,-10" hai0="17,23,24,40,47,49,59,60,105,107" /><INIT seed="3,1,1,4,5,103" ten="218,282,260,230" oya="3" hai0="122,6,11,58,81,33,7,66,12,123,73,32,1" hai1="69,113,67,54,42,131,24,130,44,70,77,21,110" hai2="124,17,29,96,13,56,74,27,89,112,8,35,104" hai3="53,116,108,84,125,49,100,83,31,46,22,18,106"/><W4/><G116/><T111/><D66/><U93/><E113/><V85/><F112/><W2/><G31/><T50/><D58/><U92/><E110/><V87/><F74/><W65/><G125/><T79/><D50/><N who="1" m="26903" /><E77/><V115/><F115/><W109/><G65/><T34/><D12/><U62/><E54/><V76/><F124/><W135/><G135/><T95/><D95/><U126/><E69/><V41/><F41/><W19/><G4/><T37/><D6/><U57/><E70/><V55/><F76/><W127/><G2/><T40/><D111/><N who="3" m="42569" /><G127/><T134/><D134/><U63/><E63/><V119/><F119/><W101/><G101/><T14/><REACH who="0" step="1"/><D14/><REACH who="0" ten="208,282,260,230" step="2"/><U25/><E126/><V16/><F13/><W48/><G48/><T26/><D26/><N who="1" m="10347" /><E21/><V23/><F23/><W82/><G22/><T94/><D94/><U91/><E91/><V52/><F89/><N who="3" m="51351" /><G83/><T59/><D59/><U39/><E92/><V75/><F56/><W51/><G49/><T5/><D5/><U132/><E93/><V121/><F27/><W129/><G129/><N who="1" m="49162" /><E132/><V86/><F29/><W68/><G68/><T133/><D133/><U0/><E0/><V97/><F35/><W114/><G114/><T102/><D102/><U78/><E78/><V99/><F55/><W9/><G9/><T43/><D43/><U61/><E62/><V118/><F52/><W60/><G60/><T64/><D64/><U80/><E80/><V15/><F15/><W117/><G117/><T120/><D120/><U45/><E45/><AGARI ba="1,2" hai="1,7,11,32,33,34,37,40,45,73,79,81,122,123" machi="45" ten="40,12000,2" yaku="1,1,25,2,23,2,53,1" doraHai="103" doraHaiUra="38" who="0" fromWho="1" sc="208,143,282,-123,260,0,230,0" owari="351,45.1,159,-34.1,260,6.0,230,-17.0" /></mjloggm>