<mjloggm ver="2.3"><GO type="225" lobby="0"/><UN n0="%E3%81%BF%E3%81%BF%E3%81%9A" n1="%E3%83%8F%E3%83%B3%E3%83%89%E3%83%A9%E3%83%BC%E3%83%BB%E3%83%AF%E3%83%B3" n2="%E3%82%A4%E3%83%BC%E3%82%B1%E3%83%97%E3%83%A9" n3="%E3%83%96%E3%83%83%E3%83%91%E3%82%AA%E3%83%96%E3%83%81%E3%82%AD%E3%83%B3" dan="17,16,16,16" rate="2196.06,2213.38,2148.95,2190.28" sx="M,M,M,M"/><TAIKYOKU oya="0"/><INIT seed="0,0,0,4,2,94" ten="250,250,250,250" oya="0" hai0="56,26,73,87,108,31,54,49,59,112,105,110,22" hai1="34,109,46,58,23,9,41,24,106,30,115,86,36" hai2="131,29,11,100,88,130,38,45,17,33,91,51,92" hai3="65,32,75,121,14,68,102,16,35,118,44,62,48"/><T132/><D112/><U113/><E106/><V40/><F38/><W77/><G118/><T55/><D73/><U84/><E109/><N who="0" m="42089" /><D132/><U71/><E71/><V117/><F117/><W6/><G121/><T97/><D87/><U116/><E116/><V28/><F100/><W93/><G6/><T2/><D2/><U12/><E34/><V20/><F11/><W96/><G77/><T129/><D129/><N who="2" m="49162" /><F33/><W123/><G75/><T135/><D135/><U1/><E1/><V107/><F107/><W70/><G70/><T114/><D114/><N who="1" m="43531" /><E58/><N who="0" m="22057" /><D49/><U21/><E21/><V5/><F5/><AGARI ba="0,0" hai="5,9,12,23,24,30,36,41,46,84,86" m="43531" machi="5" ten="30,1000,0" yaku="11,1" doraHai="94" who="1" fromWho="2" sc="250,0,250,10,250,-10,250,0" /><INIT seed="1,0,0,0,4,78" ten="250,260,240,250" oya="1" hai0="33,57,75,100,7,116,104,53,5,46,69,121,87" hai1="109,85,98,37,48,9,67,126,21,93,84,11,74" hai2="55,122,117,34,16,49,96,106,15,66,115,32,118" hai3="88,129,81,110,105,134,20,131,82,94,29,42,39"/><U97/><E37/><V62/><F122/><W25/><G105/><T89/><D75/><U45/><E74/><V52/><F115/><W132/><G110/><T127/><D69/><U41/><E126/><V99/><F34/><W120/><G120/><T35/><D116/><U50/><E67/><V30/><F30/><W92/><G92/><T70/><D70/><U130/><E130/><N who="3" m="49674" /><G42/><T28/><D121/><U12/><E109/><V54/><F32/><W113/><G39/><T123/><D46/><U64/><E64/><V65/><F49/><W24/><G24/><T63/><D35/><U107/><E107/><V4/><F4/><W128/><N who="3" m="49682" /><W79/><DORA hai="31" /><G113/><T6/><D127/><U73/><E73/><V61/><F106/><W26/><G26/><T40/><D40/><U56/><E98/><N who="2" m="37419" /><F118/><W111/><G79/><T68/><D123/><U10/><E50/><V60/><F117/><W19/><G29/><T86/><D28/><U2/><E2/><V44/><F44/><W114/><G114/><T43/><D43/><U108/><E108/><V3/><F3/><W71/><G71/><T112/><D68/><U51/><E51/><V36/><F36/><W90/><G111/><T76/><D112/><U17/><REACH who="1" step="1"/><E56/><REACH who="1" ten="250,250,240,250" step="2"/><V125/><F125/><W119/><G119/><T18/><D104/><U14/><E14/><V91/><F66/><W59/><G59/><T13/><D13/><U1/><E1/><V77/><F65/><W47/><G47/><T133/><D57/><U95/><E95/><V101/><F15/><W80/><G94/><T22/><D100/><AGARI ba="0,1" hai="9,10,11,12,17,21,41,45,48,84,85,93,97,100" machi="100" ten="40,7700,0" yaku="1,1,6,1,8,1,53,0" doraHai="78,31" doraHaiUra="135,58" who="1" fromWho="0" sc="250,-77,250,87,240,0,250,0" /><INIT seed="1,1,0,2,2,1" ten="173,337,240,250" oya="1" hai0="58,67,129,68,50,108,30,27,32,112,13,21,40" hai1="34,43,25,128,87,61,63,70,4,90,46,121,54" hai2="82,116,18,86,100,102,96,69,135,8,7,12,113" hai3="51,120,98,88,41,71,6,23,107,29,62,93,39"/><U36/><E121/><V119/><F69/><W24/><G120/><T3/><D112/><U9/><E128/><V14/><F135/><W101/><G39/><T26/><D129/><U125/><E125/><V103/><F113/><W38/><G38/><T33/><D3/><U59/><E34/><V64/><F64/><W114/><G114/><T66/><D108/><U17/><E25/><V134/><F134/><W47/><G71/><T91/><D68/><U124/><E17/><V52/><F96/><W92/><G62/><T57/><D40/><U31/><E31/><V95/><F95/><W84/><REACH who="3" step="1"/><G107/><REACH who="3" ten="173,337,240,240" step="2"/><T110/><D50/><U15/><E70/><V118/><F118/><W131/><G131/><T94/><D110/><U16/><E63/><V115/><F115/><W11/><G11/><T99/><D67/><U42/><E124/><V48/><F116/><W126/><G126/><T53/><D66/><U130/><E130/><V65/><F65/><W105/><G105/><T111/><D111/><U79/><E36/><V74/><F119/><W106/><G106/><T77/><D77/><U28/><E79/><V44/><F74/><W56/><G56/><T117/><D117/><U122/><E122/><V2/><REACH who="2" step="1"/><F18/><REACH who="2" ten="173,337,230,240" step="2"/><W81/><G81/><T55/><D94/><N who="1" m="54623" /><E16/><V20/><F20/><W45/><G45/><T72/><D72/><U19/><E46/><V127/><F127/><W83/><G83/><T10/><D21/><U76/><E19/><V104/><F104/><W49/><G49/><T132/><D132/><U35/><E61/><V85/><F85/><W73/><G73/><RYUUKYOKU ba="1,2" sc="173,-15,337,-15,230,15,240,15" hai2="2,7,8,12,14,44,48,52,82,86,100,102,103" hai3="6,23,24,29,41,47,51,84,88,92,93,98,101" /><INIT seed="2,2,2,5,2,135" ten="158,322,245,255" oya="2" hai0="110,10,23,99,69,68,64,62,65,3,96,54,22" hai1="118,120,11,34,100,48,94,53,60,89,92,80,37" hai2="88,52,75,112,111,98,81,130,59,13,0,4,114" hai3="101,27,25,83,24,119,76,87,85,49,90,73,104"/><V8/><F130/><W55/><G119/><T109/><D54/><U33/><E37/><V124/><F111/><W122/><G122/><T6/><D23/><U108/><E118/><V9/><F124/><W121/><G121/><T97/><REACH who="0" step="1"/><D22/><REACH who="0" ten="148,322,245,255" step="2"/><U42/><E120/><V105/><F114/><W126/><G126/><T57/><D57/><U35/><E35/><V84/><F112/><W2/><G2/><T56/><D56/><U47/><E33/><V72/><F52/><W28/><G28/><T123/><D123/><U82/><E34/><V26/><F59/><W29/><G29/><T132/><D132/><U14/><E53/><V79/><F26/><W38/><G38/><T134/><D134/><U115/><E115/><V95/><REACH who="2" step="1"/><F105/><REACH who="2" ten="148,322,235,255" step="2"/><W131/><G104/><T58/><D58/><U116/><E116/><V12/><F12/><W74/><G27/><T66/><D66/><U117/><E14/><V1/><F1/><W61/><G24/><T5/><D5/><AGARI ba="2,4" hai="0,4,5,8,9,13,72,75,79,81,84,88,95,98" machi="5" ten="30,5800,0" yaku="1,1,7,1,54,1,53,0" doraHai="135" doraHaiUra="129" who="2" fromWho="0" sc="148,-64,322,0,235,104,255,0" /><INIT seed="2,3,0,3,2,122" ten="84,322,339,255" oya="2" hai0="19,112,127,74,35,38,135,125,44,119,7,33,121" hai1="45,78,50,92,76,5,12,90,126,65,2,130,32" hai2="134,132,89,59,20,116,80,48,123,47,79,99,11" hai3="93,97,77,114,36,30,84,61,111,14,39,120,62"/><V55/><F116/><W131/><G120/><T72/><D19/><U83/><E32/><V23/><F123/><W40/><G131/><T106/><D7/><U124/><E2/><V113/><F113/><W109/><G114/><T15/><D15/><U108/><E65/><V9/><F89/><W1/><G1/><T75/><D121/><U86/><E130/><V110/><F99/><W118/><G118/><T10/><D10/><N who="2" m="3594" /><F59/><W104/><G14/><T69/><D119/><U115/><E115/><V49/><F49/><W42/><G30/><T52/><D112/><U17/><E5/><V129/><F129/><W87/><G104/><T71/><D106/><U70/><E70/><N who="0" m="26633" /><D52/><N who="1" m="29775" /><E108/><N who="3" m="41546" /><G39/><T60/><D60/><N who="3" m="23145" /><G36/><T64/><D64/><U58/><E12/><V63/><F63/><W6/><G6/><T34/><D135/><N who="2" m="51754" /><F110/><W0/><G0/><T21/><D21/><U54/><E17/><V26/><F26/><W68/><G68/><T81/><D81/><U107/><E83/><V22/><F22/><W18/><G18/><T27/><D27/><U24/><E24/><V28/><F28/><W8/><G8/><T4/><D4/><U3/><E3/><V96/><F23/><W101/><G77/><T31/><D31/><U53/><E107/><V88/><F20/><W82/><G82/><T43/><AGARI ba="3,0" hai="33,34,35,38,43,44,72,74,75,125,127" m="26633" machi="43" ten="50,1600,0" yaku="23,1" doraHai="122" who="0" fromWho="0" sc="84,25,322,-7,339,-11,255,-7" /><INIT seed="3,0,0,1,5,26" ten="109,315,328,248" oya="3" hai0="106,12,70,48,98,80,23,132,91,103,117,64,60" hai1="89,85,86,0,65,22,113,45,72,114,123,135,51" hai2="56,127,18,31,134,95,38,111,121,54,118,62,42" hai3="27,90,66,33,82,88,71,76,14,34,57,35,122"/><W83/><G122/><T119/><D132/><U8/><E72/><V47/><F118/><W87/><G71/><T61/><D48/><U17/><E123/><V133/><F121/><W92/><G14/><T13/><D13/><U29/><E65/><V108/><F31/><W20/><G83/><T93/><D12/><U39/><E39/><V124/><F18/><W99/><G66/><T41/><D61/><U59/><E59/><V11/><F95/><W28/><REACH who="3" step="1"/><G57/><REACH who="3" ten="109,315,328,238" step="2"/><T32/><D23/><U49/><E135/><N who="2" m="51723" /><F11/><W116/><G116/><T126/><D126/><AGARI ba="0,1" hai="38,42,47,54,56,62,108,111,124,126,127" m="51723" machi="126" ten="30,7700,0" yaku="18,1,20,1,34,2" doraHai="26" who="2" fromWho="0" sc="109,-77,315,0,328,87,238,0" owari="32,-46.8,315,11.5,415,51.5,238,-16.2" /></mjloggm>