<mjloggm ver="2.3"><GO type="225" lobby="0"/><UN n0="%E3%81%BF%E3%81%BF%E3%81%9A" n1="%E6%97%A5%E6%9B%9C%E6%97%A5%E3%82%88%E3%82%8A%E3%81%AE%E4%BD%BF%E8%80%85" n2="%E6%A1%9C%E8%8A%B1%E9%96%83%E3%80%85" n3="%E4%BF%BA%E3%81%A8%E5%A6%96%E5%A4%A2" dan="18,16,16,16" rate="2186.46,2157.64,2115.56,2246.12" sx="M,M,M,F"/><TAIKYOKU oya="0"/><INIT seed="0,0,0,4,4,15" ten="250,250,250,250" oya="0" hai0="39,96,85,108,7,104,59,91,129,49,73,33,0" hai1="23,22,84,17,71,16,118,63,55,135,100,72,107" hai2="89,62,66,130,27,46,52,68,99,92,50,80,30" hai3="56,2,126,26,93,34,35,43,6,8,11,105,112"/><T9/><D39/><U127/><E72/><V53/><F130/><W133/><G105/><T61/><D129/><U113/><E118/><V32/><REACH who="2" step="1"/><F80/><REACH who="2" ten="250,250,240,250" step="2"/><W131/><G131/><T58/><D108/><U3/><E113/><V57/><F57/><W60/><G112/><T101/><D73/><U41/><E127/><V42/><AGARI ba="0,1" hai="27,30,32,42,46,50,52,53,62,66,68,89,92,99" machi="42" ten="20,5200,0" yaku="1,1,0,1,7,1,54,1,53,0" doraHai="15" doraHaiUra="97" who="2" fromWho="2" sc="250,-26,250,-13,240,62,250,-13" /><INIT seed="1,0,0,3,2,106" ten="224,237,302,237" oya="1" hai0="86,13,101,94,109,102,128,72,43,100,115,64,79" hai1="7,36,84,93,16,103,2,39,127,126,63,12,32" hai2="52,114,0,4,45,21,26,90,77,99,96,124,61" hai3="105,20,31,62,17,107,14,134,125,108,112,75,49"/><U98/><E32/><V71/><F124/><N who="1" m="47657" /><E7/><V6/><F114/><W51/><G112/><T135/><D115/><U87/><E2/><V95/><F71/><W116/><G125/><T55/><D64/><U133/><E63/><V110/><F110/><W33/><G108/><T65/><D109/><U9/><E133/><V123/><F123/><W44/><G134/><T40/><D135/><U131/><E131/><V81/><F99/><W92/><G116/><T46/><D65/><U57/><E57/><N who="2" m="34983" /><F45/><W47/><G62/><T73/><D128/><U53/><E53/><V66/><F0/><W91/><G31/><T88/><D55/><U8/><E8/><V117/><F117/><W56/><G33/><T15/><D43/><U82/><E87/><N who="2" m="48559" /><F66/><W130/><G130/><T54/><D54/><U97/><E97/><V41/><F41/><W120/><G120/><T24/><D24/><U29/><E29/><AGARI ba="0,0" hai="4,6,21,26,29,90,95,96" m="48559,34983" machi="29" ten="30,2000,0" yaku="8,1,54,1" doraHai="106" who="2" fromWho="1" sc="224,0,237,-20,302,20,237,0" /><INIT seed="2,0,0,5,2,13" ten="224,217,322,237" oya="2" hai0="54,16,112,59,66,29,105,40,74,61,72,39,52" hai1="135,107,43,106,125,79,101,130,9,15,65,26,127" hai2="50,80,1,114,12,131,6,73,4,91,95,23,57" hai3="82,55,104,122,88,115,108,36,124,134,8,109,11"/><V63/><F114/><W86/><G122/><T37/><D112/><U92/><E79/><V14/><F131/><W32/><G115/><T45/><D105/><U48/><E65/><N who="2" m="39151" /><F1/><W24/><G104/><T84/><D29/><U96/><E26/><V25/><F80/><W117/><G117/><T123/><D123/><U31/><E31/><V103/><F73/><W85/><G134/><T71/><D39/><U77/><E77/><V100/><F50/><W64/><G124/><N who="1" m="47690" /><E130/><V132/><F14/><W17/><G64/><T68/><D68/><U56/><E135/><V51/><F51/><W83/><G36/><T121/><D121/><U60/><E48/><V67/><F67/><W49/><G32/><T129/><D129/><U53/><E43/><V22/><F132/><W120/><G120/><T27/><D84/><U70/><E70/><V21/><F25/><W46/><G109/><T93/><D93/><U58/><E58/><V118/><F118/><W113/><G108/><T116/><D116/><U35/><E35/><V110/><F110/><W78/><G113/><T75/><REACH who="0" step="1"/><D71/><REACH who="0" ten="214,217,322,237" step="2"/><U99/><E99/><N who="2" m="57855" /><F4/><AGARI ba="0,1" hai="4,9,15,53,56,60,92,96,101,106,107" m="47690" machi="4" ten="30,1000,0" yaku="18,1" doraHai="13" who="1" fromWho="2" sc="214,0,217,20,322,-10,237,0" /><INIT seed="3,0,0,3,0,72" ten="214,237,312,237" oya="3" hai0="94,31,104,17,78,38,127,120,42,119,103,45,90" hai1="37,76,110,118,69,25,50,108,117,126,67,14,9" hai2="111,60,106,80,124,125,51,71,112,99,28,34,66" hai3="68,85,89,13,53,107,79,20,33,95,24,39,61"/><W1/><G1/><T129/><D119/><N who="1" m="45579" /><E37/><V7/><F112/><W8/><G107/><T70/><D120/><U10/><E126/><V26/><F111/><N who="1" m="42537" /><E76/><V133/><F133/><W22/><G39/><T101/><D127/><U83/><E83/><V128/><F128/><W16/><G79/><T93/><D129/><U0/><E0/><V49/><F7/><W19/><G68/><T6/><D104/><U54/><E25/><V55/><F80/><W88/><G89/><T40/><D78/><U134/><E134/><V41/><F106/><W77/><G77/><T21/><D31/><U57/><E14/><V5/><F124/><W116/><G116/><T52/><D70/><U131/><E131/><V18/><F26/><W96/><G33/><T98/><D6/><U11/><E67/><V73/><F66/><W135/><G135/><T87/><D101/><U109/><E109/><V63/><F5/><W114/><G114/><T97/><D87/><U27/><E27/><V48/><F125/><W132/><G132/><T91/><D103/><U105/><E105/><V65/><F65/><W59/><G85/><T121/><D121/><U74/><E69/><V130/><F71/><W15/><G24/><N who="0" m="14383" /><D38/><U29/><E29/><V23/><F28/><W62/><G22/><T47/><D47/><U113/><E113/><V115/><F130/><W123/><G123/><T82/><D82/><U122/><E122/><V56/><F115/><W2/><G2/><T43/><D45/><U32/><E74/><V35/><F73/><W36/><G36/><T4/><D4/><U30/><E30/><RYUUKYOKU ba="0,0" sc="214,10,237,10,312,-30,237,10" hai0="40,42,43,52,90,91,93,94,97,98" hai1="9,10,11,32,50,54,57" hai3="8,13,15,16,19,20,53,59,61,62,88,95,96" /><INIT seed="3,1,0,0,2,123" ten="224,247,282,247" oya="3" hai0="105,74,4,15,77,127,37,109,16,62,108,44,110" hai1="46,35,30,83,130,134,113,21,60,20,106,31,26" hai2="67,12,90,64,18,5,119,76,114,103,63,11,120" hai3="116,1,93,78,51,117,13,85,121,98,3,65,82"/><W124/><G121/><T56/><D127/><U87/><E113/><V70/><F120/><W94/><G124/><T38/><D105/><U92/><E106/><V95/><F114/><W71/><G117/><T104/><D104/><U52/><E130/><V133/><F119/><W99/><G116/><T48/><D4/><U89/><E134/><V23/><F133/><W55/><G71/><T47/><D77/><U122/><E122/><V72/><F103/><W41/><G65/><N who="0" m="39111" /><D74/><U80/><E35/><V128/><F128/><W102/><G41/><N who="0" m="24591" /><D47/><U107/><E107/><V22/><F67/><W61/><G61/><T36/><D36/><U34/><E34/><V57/><F70/><W135/><G135/><T58/><D58/><N who="1" m="34887" /><E46/><V43/><F43/><W131/><G131/><T68/><D68/><U24/><AGARI ba="1,0" hai="20,21,24,26,30,31,80,83,87,89,92" m="34887" machi="24" ten="30,2000,0" yaku="8,1,54,1" doraHai="123" who="1" fromWho="1" sc="224,-6,247,23,282,-6,247,-11" /><INIT seed="4,0,0,4,1,38" ten="218,270,276,236" oya="0" hai0="18,106,68,79,107,46,45,63,25,56,62,73,52" hai1="65,13,24,43,21,30,129,8,92,36,48,41,84" hai2="122,66,69,60,89,104,118,1,125,61,50,75,126" hai3="22,40,116,130,113,59,86,100,49,35,71,102,91"/><T133/><D133/><U112/><E36/><V34/><F122/><W114/><G35/><T58/><D68/><U11/><E129/><V131/><F1/><W135/><G71/><T9/><D73/><U90/><E112/><N who="3" m="43114" /><G116/><T7/><D79/><U12/><E65/><V119/><F104/><W111/><G111/><T87/><D87/><U28/><E28/><V14/><F75/><W20/><G130/><T94/><D94/><U57/><E57/><V76/><F76/><W132/><G59/><T26/><D18/><N who="1" m="8455" /><E48/><V33/><F131/><W120/><G120/><T103/><D103/><N who="3" m="39465" /><G135/><T93/><D93/><U124/><E124/><N who="2" m="47723" /><F61/><W0/><G0/><T67/><D107/><U6/><AGARI ba="0,0" hai="6,11,13,21,24,30,41,43,84,90,92" m="8455" machi="6" ten="30,4000,0" yaku="8,1,52,2" doraHai="38" who="1" fromWho="1" sc="218,-20,270,40,276,-10,236,-10" owari="198,-30.2,310,41.0,266,6.6,226,-17.4" /></mjloggm>