<mjloggm ver="2.3"><GO type="225" lobby="0"/><UN n0="%E3%82%BC%E3%83%AB%E3%83%80%E3%81%AE%E4%BC%9D%E8%AA%AC" n1="%6E%69%63%6F%6E%74%6F" n2="%72%61%6B%33" n3="%E3%83%B4%E3%83%A0%EF%BC%99%E3%81%A6" dan="17,16,16,17" rate="2136.84,2092.17,2115.45,2110.72" sx="M,M,M,M"/><TAIKYOKU oya="0"/><INIT seed="0,0,0,4,5,74" ten="250,250,250,250" oya="0" hai0="22,52,59,27,10,32,106,121,115,71,41,69,84" hai1="37,39,45,4,135,73,76,40,29,75,30,125,60" hai2="103,81,91,83,18,133,92,80,67,9,97,8,64" hai3="109,122,111,124,130,113,105,110,33,66,49,57,114"/><T98/><D115/><N who="3" m="44041" /><G105/><T116/><D116/><U72/><E135/><V12/><F133/><W51/><G33/><T13/><D121/><U123/><E123/><V54/><F54/><N who="3" m="31951" /><G122/><T107/><D41/><U15/><E125/><V70/><F70/><W86/><G86/><T100/><D32/><U65/><E39/><V102/><REACH who="2" step="1"/><F8/><REACH who="2" ten="250,250,240,250" step="2"/><W46/><G124/><T63/><D107/><U78/><E4/><V48/><F48/><W131/><G66/><AGARI ba="0,1" hai="9,12,18,64,66,67,80,81,83,91,92,97,102,103" machi="66" ten="40,5200,0" yaku="1,1,8,1,53,1" doraHai="74" doraHaiUra="7" who="2" fromWho="3" sc="250,0,250,0,240,62,250,-52" /><INIT seed="1,0,0,5,1,57" ten="250,250,302,198" oya="1" hai0="118,50,69,37,70,134,64,33,36,83,87,55,91" hai1="71,89,16,127,101,35,61,94,128,88,80,103,133" hai2="62,31,28,5,132,54,84,9,19,117,82,77,81" hai3="25,135,79,15,67,46,8,26,22,119,12,106,27"/><U2/><E133/><V123/><F123/><W1/><G106/><T130/><D118/><U51/><E2/><V18/><F117/><W60/><G119/><T121/><D33/><U24/><E35/><V86/><F132/><W108/><G135/><T0/><D134/><U13/><E128/><V41/><F41/><W58/><G108/><T14/><D0/><U3/><E3/><V122/><F122/><W112/><G112/><T114/><D114/><U131/><E131/><V42/><F42/><W120/><G120/><T126/><D130/><U56/><E127/><V105/><F105/><W6/><G79/><T44/><D121/><U34/><E71/><V53/><F5/><W47/><REACH who="3" step="1"/><G1/><REACH who="3" ten="250,250,302,188" step="2"/><T66/><D126/><U78/><E78/><V95/><F77/><W21/><G21/><T90/><D90/><U30/><E89/><V110/><F110/><W11/><G11/><T17/><D69/><U74/><E74/><V113/><F113/><W45/><G45/><T48/><D70/><U96/><E80/><V115/><F115/><W107/><G107/><T92/><D83/><U65/><REACH who="1" step="1"/><E51/><REACH who="1" ten="250,240,302,188" step="2"/><V10/><F82/><W23/><G23/><AGARI ba="0,2" hai="13,16,23,24,30,34,56,61,65,88,94,96,101,103" machi="23" ten="30,18000,2" yaku="1,1,2,1,7,1,52,1,54,2,53,0" doraHai="57" doraHaiUra="32" who="1" fromWho="3" sc="250,0,240,200,302,0,188,-180" /><INIT seed="1,1,0,1,1,40" ten="250,440,302,8" oya="1" hai0="134,94,62,106,49,115,24,124,95,118,75,56,82" hai1="3,30,14,78,47,91,65,32,97,126,4,6,19" hai2="87,28,92,119,107,113,53,102,9,70,45,37,101" hai3="81,105,69,59,43,7,76,21,120,117,73,130,39"/><U100/><E126/><V104/><F119/><W83/><G120/><T42/><D106/><U79/><E65/><V114/><F70/><W74/><G69/><T61/><D115/><N who="2" m="44042" /><F28/><W35/><G35/><T38/><D118/><U16/><E91/><N who="2" m="53375" /><F9/><W0/><G117/><T86/><D75/><U51/><E32/><V55/><F55/><W110/><G59/><T88/><D124/><U109/><E30/><V33/><F33/><W125/><G125/><T133/><D38/><U46/><E109/><V5/><F5/><N who="1" m="2153" /><E3/><V128/><F128/><W85/><G110/><T67/><D24/><U10/><E19/><V2/><F2/><W129/><G105/><N who="2" m="40521" /><F53/><W58/><G58/><T50/><D61/><U80/><E47/><V111/><F111/><W84/><G21/><T68/><D68/><U127/><E127/><V89/><F89/><N who="3" m="51343" /><G7/><T22/><D22/><U93/><E80/><V108/><F108/><W121/><G0/><T15/><D15/><U34/><E34/><V44/><F37/><W1/><G1/><T27/><D27/><U25/><E25/><V60/><F60/><W132/><G121/><T112/><D112/><U20/><E20/><V116/><F116/><W36/><G36/><T52/><D42/><AGARI ba="1,0" hai="10,14,16,42,46,51,78,79,93,97,100" m="2153" machi="42" ten="30,5800,0" yaku="8,1,52,1,54,1" doraHai="40" who="1" fromWho="0" sc="250,-61,440,61,302,0,8,0" /><INIT seed="1,2,0,2,2,97" ten="189,501,302,8" oya="1" hai0="74,13,116,104,21,1,15,49,3,75,16,118,131" hai1="96,32,60,12,26,88,55,4,102,57,63,121,42" hai2="72,40,48,39,30,14,130,11,59,115,71,105,53" hai3="83,35,0,20,8,5,91,117,80,41,9,65,112"/><U135/><E135/><V82/><F130/><W93/><G112/><T132/><D104/><U2/><E121/><V129/><F129/><W94/><G35/><T110/><D131/><U87/><E2/><N who="0" m="521" /><D49/><U127/><E127/><V7/><F105/><W100/><G117/><N who="0" m="45163" /><D74/><U124/><E124/><V85/><F115/><W133/><G133/><T24/><D75/><U18/><E32/><V43/><F71/><W119/><G119/><T122/><D132/><U114/><E114/><V70/><F70/><W76/><G76/><T99/><D99/><U128/><E128/><V81/><F39/><W67/><G0/><T98/><D98/><U106/><E42/><V113/><F113/><W95/><G95/><T38/><D38/><U10/><E26/><V69/><F69/><W73/><G73/><T77/><D77/><U89/><E4/><V22/><F72/><W27/><G5/><T37/><D37/><U34/><E34/><V107/><F107/><W52/><G41/><T111/><D122/><U62/><E89/><N who="2" m="51375" /><F82/><AGARI ba="2,0" hai="10,12,18,55,57,60,62,63,82,87,88,96,102,106" machi="82" ten="30,5800,0" yaku="7,1,52,1,54,1" doraHai="97" who="1" fromWho="2" sc="189,0,501,64,302,-64,8,0" /><INIT seed="1,3,0,1,2,24" ten="189,565,238,8" oya="1" hai0="103,84,128,58,120,87,57,39,14,83,76,20,122" hai1="4,119,66,38,107,78,130,118,41,47,22,125,62" hai2="99,117,16,11,35,85,115,102,10,111,25,52,28" hai3="6,56,96,109,89,34,46,7,60,0,67,29,116"/><U63/><E125/><V104/><F117/><W42/><G116/><T82/><D39/><U18/><E130/><V9/><F111/><W135/><G109/><T27/><D14/><U133/><E133/><V112/><F85/><W17/><G135/><T49/><D103/><U81/><E107/><V33/><F33/><W123/><G123/><N who="0" m="47147" /><D49/><U80/><E4/><V86/><F86/><W90/><G0/><T61/><D61/><U65/><E63/><V105/><F105/><W77/><G77/><N who="0" m="46159" /><D128/><U2/><E2/><V15/><REACH who="2" step="1"/><F52/><REACH who="2" ten="189,565,228,8" step="2"/><N who="3" m="33799" /><G34/><T129/><D129/><U12/><E119/><V30/><F30/><AGARI ba="3,1" hai="20,27,30,57,58,76,83,87" m="46159,47147" machi="30" ten="30,2000,0" yaku="13,1,52,1" doraHai="24" who="0" fromWho="2" sc="189,39,565,0,228,-29,8,0" /><INIT seed="2,0,0,4,5,82" ten="228,565,199,8" oya="2" hai0="70,3,101,106,80,64,18,67,115,45,38,8,63" hai1="88,21,55,130,132,107,100,77,92,81,99,13,12" hai2="85,10,20,9,25,17,121,103,37,5,4,53,52" hai3="66,95,131,102,93,126,49,129,122,116,78,114,112"/><V22/><F121/><W40/><G66/><T76/><D67/><U14/><E130/><N who="3" m="49674" /><G49/><T90/><D90/><U94/><E132/><V60/><F37/><W27/><G40/><N who="0" m="22679" /><D18/><U11/><E21/><V134/><F134/><W86/><G27/><T42/><D42/><U36/><E36/><V32/><F32/><W98/><G122/><T83/><D83/><U113/><E113/><N who="3" m="43626" /><G116/><T65/><D65/><U24/><E24/><V23/><F23/><W119/><G119/><T69/><D115/><U105/><E55/><V127/><F60/><W91/><G126/><T58/><D58/><U117/><E117/><V74/><F127/><W124/><G124/><T87/><D70/><U47/><E47/><V59/><F59/><W44/><G44/><T15/><D3/><U110/><E110/><V128/><F128/><W68/><G68/><T26/><D26/><U28/><E28/><V96/><F22/><W56/><G56/><T111/><D111/><U29/><E29/><V104/><F53/><W41/><G41/><T7/><D63/><U1/><E1/><V75/><F52/><W6/><G6/><T135/><D64/><U48/><E48/><V31/><F31/><W118/><G118/><T34/><D34/><U97/><E11/><N who="2" m="4107" /><F4/><W16/><G16/><T79/><D69/><U0/><E0/><V33/><F5/><W61/><G61/><T54/><D54/><U35/><E35/><V46/><F33/><W89/><G78/><N who="0" m="46487" /><D135/><U73/><AGARI ba="0,0" hai="12,13,14,73,77,81,88,92,94,97,99,100,105,107" machi="73" ten="30,2000,0" yaku="0,1,54,1" doraHai="82" who="1" fromWho="1" sc="228,-5,565,20,199,-10,8,-5" /><INIT seed="3,0,0,2,3,31" ten="223,585,189,3" oya="3" hai0="17,41,21,85,23,111,123,129,54,11,56,4,6" hai1="73,52,74,118,105,49,48,93,30,24,78,95,98" hai2="101,19,8,60,3,64,77,84,102,83,109,113,82" hai3="25,28,127,91,80,72,27,119,10,90,76,12,58"/><W103/><G119/><T107/><D123/><U97/><E118/><V92/><F109/><W71/><G71/><T55/><D107/><U0/><E0/><V15/><F113/><W134/><G134/><T33/><D33/><U67/><E67/><V63/><F3/><W38/><G38/><T81/><D111/><U122/><E122/><V94/><F60/><W104/><G127/><T133/><D129/><U128/><E128/><V20/><F92/><W115/><G115/><T51/><D133/><U32/><E49/><V9/><F94/><W22/><G58/><N who="0" m="33119" /><D41/><U124/><E124/><V96/><F96/><W106/><G103/><T65/><D65/><U130/><E130/><V87/><F102/><W37/><G37/><T36/><D36/><U61/><E61/><V50/><F50/><W29/><G106/><T112/><D112/><U47/><E78/><V69/><REACH who="2" step="1"/><F101/><REACH who="2" ten="223,585,179,3" step="2"/><W39/><G104/><T7/><D55/><U5/><E24/><V43/><F43/><W100/><G100/><T45/><D45/><U62/><E30/><V108/><F108/><W88/><G39/><T125/><D56/><U132/><E32/><V117/><F117/><W110/><G110/><T18/><D125/><U131/><E74/><V86/><F86/><W34/><G91/><N who="0" m="51631" /><D11/><U89/><E5/><AGARI ba="0,1" hai="5,10,12,22,25,27,28,29,34,72,76,80,88,90" machi="5" ten="30,5800,0" yaku="7,1,52,1,54,1" doraHai="31" who="3" fromWho="1" sc="223,0,585,-58,179,0,3,68" /><INIT seed="3,1,0,5,1,64" ten="223,527,179,71" oya="3" hai0="25,45,14,54,133,76,28,116,101,11,22,56,27" hai1="86,9,20,40,75,26,36,35,42,79,121,85,23" hai2="93,94,114,115,0,39,31,128,98,109,24,83,96" hai3="71,2,100,60,92,123,33,111,132,18,120,95,37"/><W127/><G37/><T41/><D116/><U7/><E121/><V102/><F109/><W51/><G33/><T77/><D133/><U5/><E36/><V34/><F128/><W70/><G2/><T1/><D101/><U55/><E35/><V81/><F0/><W63/><G51/><N who="0" m="27055" /><D27/><U80/><E75/><V135/><F135/><W73/><G132/><T6/><D1/><U58/><E86/><V30/><F39/><W130/><G73/><T4/><D4/><N who="1" m="1611" /><E9/><V68/><F68/><W84/><G130/><T122/><D122/><U88/><E79/><V87/><F30/><W117/><G117/><T48/><AGARI ba="1,0" hai="6,11,14,22,25,28,48,54,56,76,77" m="27055" machi="48" ten="30,1100,0" yaku="8,1" doraHai="64" who="0" fromWho="0" sc="223,14,527,-4,179,-4,71,-6" owari="237,3.7,523,62.3,175,-22.5,65,-43.5" /></mjloggm>