<mjloggm ver="2.3"><GO type="225" lobby="0"/><UN n0="%E6%A1%9C%E8%8A%B1%E9%96%83%E3%80%85" n1="%4B%2E%32%2E%4B%2E" n2="%70%6F%69%73%6F%6E%30%32" n3="%E3%82%89%E3%81%84%E3%81%B5%E3%81%8C%E3%83%BC%E3%81%A9%E3%81%99%E3%81%8D" dan="17,17,16,16" rate="2257.06,2176.74,2096.92,2078.15" sx="M,M,M,M"/><TAIKYOKU oya="0"/><INIT seed="0,0,0,2,0,64" ten="250,250,250,250" oya="0" hai0="74,80,81,25,96,61,13,121,33,40,1,19,77" hai1="85,3,17,113,104,103,4,0,55,46,116,21,20" hai2="76,98,27,86,5,110,79,94,53,112,36,14,62" hai3="28,82,100,68,32,59,67,37,123,122,102,134,87"/><T15/><D121/><N who="3" m="46089" /><G37/><T75/><D1/><U22/><E116/><V24/><F110/><W18/><G134/><T78/><D40/><U44/><E113/><V131/><F36/><W51/><G18/><T65/><D96/><U8/><E0/><V42/><F42/><W71/><G51/><T69/><REACH who="0" step="1"/><D19/><REACH who="0" ten="240,250,250,250" step="2"/><U120/><E17/><V39/><F112/><W105/><G105/><T109/><D109/><U106/><E106/><V35/><F98/><W52/><G102/><T23/><D23/><U133/><E120/><V91/><F35/><W119/><G100/><T115/><D115/><U84/><E103/><V72/><F131/><W126/><G119/><T12/><D12/><U9/><E104/><V89/><F14/><W107/><G107/><T7/><D7/><U38/><E3/><V48/><F5/><W114/><G114/><T41/><D41/><U111/><E111/><V73/><F27/><N who="3" m="18463" /><G126/><T6/><D6/><U88/><E4/><V58/><F24/><W125/><G125/><T132/><D132/><U93/><E133/><V128/><F128/><W129/><G129/><T60/><D60/><U50/><E8/><V16/><F16/><W97/><G97/><T66/><D66/><U47/><E9/><V95/><F62/><N who="3" m="36199" /><G67/><T117/><D117/><U31/><E38/><V26/><F39/><W34/><G34/><T108/><D108/><U30/><E30/><AGARI ba="0,1" hai="13,15,25,30,33,61,65,69,74,75,77,78,80,81" machi="30" ten="40,7700,0" yaku="1,1,9,1,52,1,53,0" doraHai="64" doraHaiUra="118" who="0" fromWho="1" sc="240,87,250,-77,250,0,250,0" /><INIT seed="0,1,0,1,4,129" ten="327,173,250,250" oya="0" hai0="70,121,54,67,102,86,25,114,6,127,103,65,13" hai1="63,28,120,42,55,100,80,39,71,89,108,99,90" hai2="29,58,8,82,115,81,132,37,41,101,109,72,131" hai3="47,21,116,95,50,133,36,59,17,18,117,119,1"/><T93/><D114/><U31/><E120/><V97/><F109/><W14/><G1/><T125/><D121/><U76/><E108/><V60/><F115/><W32/><G32/><T10/><D54/><U113/><E113/><V5/><F131/><W61/><G36/><T57/><D70/><U27/><E42/><V79/><F82/><W94/><G18/><T24/><D57/><U30/><E39/><V123/><F29/><W88/><G133/><T106/><D106/><U33/><E55/><V122/><F132/><W51/><G95/><T110/><D110/><U96/><E96/><V3/><F41/><W40/><G51/><T75/><D75/><U19/><E19/><V22/><F22/><W15/><G15/><T26/><D86/><U23/><E23/><V124/><F37/><W52/><REACH who="3" step="1"/><G117/><REACH who="3" ten="327,173,250,240" step="2"/><T68/><D93/><U9/><E31/><V12/><F3/><W77/><G77/><T128/><D128/><U105/><E30/><V104/><F124/><N who="0" m="47690" /><D68/><U43/><E76/><V38/><F38/><W74/><G74/><T135/><D135/><U98/><E80/><V46/><REACH who="2" step="1"/><F46/><REACH who="2" ten="327,173,240,240" step="2"/><W0/><G0/><T48/><D48/><U44/><E44/><V126/><F126/><W87/><AGARI ba="1,2" hai="14,17,21,40,47,50,52,59,61,87,88,94,116,119" machi="87" ten="20,12000,2" yaku="1,1,0,1,7,1,54,2,53,1" doraHai="129" doraHaiUra="16" who="3" fromWho="3" sc="327,-61,173,-31,240,-31,240,143" /><INIT seed="1,0,0,5,0,14" ten="266,142,209,383" oya="1" hai0="96,19,95,78,119,22,113,74,32,49,42,30,4" hai1="25,55,112,8,86,106,99,68,80,85,50,107,35" hai2="38,23,0,131,21,115,79,66,53,24,44,31,47" hai3="17,58,37,118,97,59,132,7,72,40,12,129,123"/><U82/><E112/><V92/><F115/><W18/><G123/><T51/><D113/><U62/><E8/><V101/><F0/><W84/><G72/><T124/><D119/><U27/><E68/><V28/><F131/><W10/><G129/><T91/><D124/><U13/><E62/><V15/><F79/><W103/><G118/><T134/><D134/><U73/><E73/><V63/><F38/><W87/><G132/><T135/><D4/><U16/><E35/><V90/><F53/><W75/><G75/><T89/><D89/><N who="1" m="51367" /><E99/><V110/><F101/><W64/><G40/><T122/><D42/><U43/><E107/><V102/><F102/><W76/><G37/><T39/><D39/><U81/><E106/><V71/><F110/><W109/><G109/><T98/><D98/><U104/><E104/><V52/><F52/><W57/><G76/><T9/><D9/><N who="1" m="6191" /><E43/><V111/><F111/><W5/><G64/><T11/><D11/><U83/><E86/><V1/><F1/><W33/><G33/><T117/><D117/><U60/><E60/><V127/><F127/><W88/><G87/><T70/><D70/><U108/><E108/><V48/><F71/><W133/><G133/><T6/><D135/><U67/><E67/><V69/><F69/><W26/><G103/><T125/><D125/><U36/><E36/><V105/><F66/><W116/><G97/><T93/><D96/><U46/><AGARI ba="0,0" hai="25,27,46,50,55,81,82,83" m="6191,51367" machi="46" ten="30,11700,0" yaku="25,1,8,1,52,1,54,1" doraHai="14" who="1" fromWho="1" sc="266,-39,142,117,209,-39,383,-39" /><INIT seed="1,1,0,5,4,46" ten="227,259,170,344" oya="1" hai0="42,45,114,105,40,85,56,41,16,93,35,13,7" hai1="61,49,94,84,22,60,89,124,54,55,27,26,102" hai2="47,82,88,66,18,107,20,115,0,48,99,90,31" hai3="118,29,6,50,3,36,103,96,11,78,98,133,109"/><U76/><E124/><V123/><F123/><W51/><G36/><T25/><D105/><U130/><E130/><V129/><F129/><W1/><G1/><T14/><D114/><U80/><E102/><V120/><F120/><W128/><G128/><T30/><D7/><U100/><E100/><V69/><F115/><W119/><G109/><T72/><D72/><U12/><E12/><V10/><F107/><W121/><G121/><T34/><D34/><U17/><E27/><N who="2" m="16871" /><F0/><W43/><G78/><T122/><D122/><U87/><REACH who="1" step="1"/><E55/><REACH who="1" ten="227,249,170,344" step="2"/><N who="2" m="30111" /><F66/><W117/><G119/><T68/><D13/><U44/><AGARI ba="1,1" hai="17,22,26,44,49,54,60,61,76,80,84,87,89,94" machi="44" ten="20,12000,1" yaku="1,1,0,1,7,1,8,1,52,1,53,0" doraHai="46" doraHaiUra="95" who="1" fromWho="1" sc="227,-41,249,133,170,-41,344,-41" /><INIT seed="1,2,0,1,2,102" ten="186,382,129,303" oya="1" hai0="65,67,28,104,39,38,109,113,68,56,48,79,52" hai1="3,18,88,83,129,127,46,110,98,41,85,44,29" hai2="62,2,36,49,13,19,6,87,71,40,45,81,27" hai3="59,54,121,134,70,47,78,42,117,1,91,93,131"/><U14/><E3/><V31/><F6/><W128/><G121/><T99/><D113/><U34/><E127/><V119/><F2/><W133/><G1/><T69/><D79/><U80/><E129/><N who="3" m="49738" /><G78/><T97/><D28/><U12/><E110/><V5/><F119/><W9/><G9/><T25/><D25/><U50/><E34/><V15/><F5/><W89/><G70/><N who="0" m="27243" /><D104/><U55/><E29/><V101/><F101/><W43/><G117/><T122/><D99/><U53/><E98/><V63/><F36/><N who="0" m="13866" /><D97/><U20/><E46/><V130/><F71/><W30/><G30/><T37/><D122/><U23/><E80/><V21/><F130/><W111/><G111/><T0/><D0/><U118/><E118/><V123/><F123/><W107/><G107/><T77/><D77/><U92/><E83/><V16/><F15/><W75/><G75/><T125/><D109/><U66/><E66/><N who="0" m="25097" /><D37/><U106/><E106/><V124/><F124/><AGARI ba="2,0" hai="48,52,56,124,125" m="25097,13866,27243" machi="124" ten="40,5200,0" yaku="34,2,54,1" doraHai="102" who="0" fromWho="2" sc="186,58,382,0,129,-58,303,0" /><INIT seed="2,0,0,3,0,44" ten="244,382,71,303" oya="2" hai0="100,59,26,130,32,6,119,131,70,22,95,117,12" hai1="11,40,36,39,5,83,72,102,46,71,93,115,85" hai2="56,58,4,35,106,120,101,13,47,10,128,132,9" hai3="109,76,17,42,105,34,33,49,87,118,110,65,135"/><V86/><F120/><W43/><G118/><N who="0" m="45067" /><D70/><U94/><E115/><V24/><F132/><W50/><G105/><T74/><D74/><U104/><E36/><V54/><F128/><N who="0" m="49194" /><D59/><U92/><E71/><V80/><F101/><W77/><G65/><T25/><D32/><U16/><E104/><V14/><F106/><W1/><G1/><T45/><D45/><U81/><E72/><V23/><F35/><W111/><G135/><T103/><D95/><U19/><E102/><N who="0" m="38953" /><D6/><U38/><E38/><V129/><F129/><W99/><G99/><T41/><D41/><N who="3" m="15369" /><G34/><T78/><D78/><N who="3" m="30313" /><G33/><T8/><D8/><U127/><E92/><V112/><F112/><W73/><G73/><T31/><D31/><U7/><E94/><V116/><F116/><W90/><G17/><AGARI ba="0,0" hai="12,17,22,25,26" m="38953,49194,45067" machi="17" ten="40,2600,0" yaku="12,1,19,1" doraHai="44" who="0" fromWho="3" sc="244,26,382,0,71,0,303,-26" /><INIT seed="3,0,0,5,3,119" ten="270,382,71,277" oya="3" hai0="28,66,127,116,132,129,0,78,55,128,88,56,35" hai1="83,9,67,12,29,105,126,114,81,2,70,130,123" hai2="24,50,58,87,57,27,89,10,11,31,102,18,19" hai3="52,15,107,7,44,22,62,16,98,90,104,100,69"/><W60/><G107/><T39/><D116/><U77/><E123/><V14/><F102/><W20/><G69/><T117/><D117/><U61/><E2/><V125/><F125/><W21/><G7/><T40/><D127/><U124/><E114/><V25/><F31/><W74/><G74/><T37/><D0/><U93/><E130/><N who="0" m="50281" /><D132/><U97/><E29/><V133/><F133/><W45/><G90/><T131/><N who="0" m="50289" /><T33/><DORA hai="68" /><D78/><U109/><E109/><V120/><F120/><W115/><G115/><T79/><D79/><U6/><E83/><V38/><F38/><N who="0" m="14346" /><D40/><U106/><E126/><V85/><F50/><W108/><G108/><T86/><D66/><U103/><E124/><V48/><F48/><W54/><G54/><T75/><D75/><AGARI ba="0,0" hai="6,9,12,61,67,70,75,77,81,93,97,103,105,106" machi="75" ten="30,1000,0" yaku="7,1" doraHai="119,68" who="1" fromWho="0" sc="270,-10,382,10,71,0,277,0" owari="260,-14.0,392,49.2,71,-42.9,277,7.7" /></mjloggm>