<mjloggm ver="2.3"><GO type="225" lobby="0"/><UN n0="%E3%83%B4%E3%82%A3%E3%83%AF%E3%82%B3%E3%82%B0%E3%83%8B" n1="%E3%81%8B%E3%82%8F%E3%81%A1%E3%82%83%E3%82%93%35%38" n2="%E7%99%BD%E5%80%89%E5%AF%9B%E4%B9%8B" n3="%E6%98%93%E5%88%A9%E8%96%A9%E4%BC%AF" dan="17,16,16,17" rate="2207.16,2138.90,2109.02,2152.30" sx="M,M,M,F"/><TAIKYOKU oya="0"/><INIT seed="0,0,0,2,4,40" ten="250,250,250,250" oya="0" hai0="24,96,1,92,78,13,91,87,101,51,129,3,10" hai1="52,45,35,26,82,97,74,6,130,34,64,131,25" hai2="55,72,37,20,8,39,123,28,73,102,118,19,17" hai3="4,133,104,61,84,119,127,2,111,128,44,38,12"/><T21/><D129/><N who="1" m="49163" /><E64/><V66/><F123/><W68/><G128/><T48/><D78/><N who="1" m="44375" /><E6/><V7/><F118/><W42/><G12/><T77/><D77/><U113/><E97/><V99/><F28/><W9/><G119/><T18/><D1/><U71/><E71/><V100/><F66/><N who="3" m="41039" /><G84/><T11/><D3/><U110/><E110/><V0/><F100/><W107/><G111/><T117/><D117/><U5/><E5/><V30/><F30/><W86/><G86/><T27/><D10/><U60/><E113/><V105/><F19/><W36/><G133/><T62/><D62/><U85/><E85/><V65/><F65/><W70/><G70/><T29/><REACH who="0" step="1"/><D27/><REACH who="0" ten="240,250,250,250" step="2"/><N who="1" m="10251" /><E60/><V67/><F73/><W53/><G127/><T116/><D116/><U31/><E31/><V33/><F72/><W83/><G83/><AGARI ba="0,1" hai="11,13,18,21,24,29,48,51,83,87,91,92,96,101" machi="83" ten="30,11600,0" yaku="1,1,7,1,8,1,53,1" doraHai="40" doraHaiUra="23" who="0" fromWho="3" sc="240,126,250,0,250,0,250,-116" /><INIT seed="0,1,0,0,3,84" ten="366,250,250,134" oya="0" hai0="63,74,90,40,2,94,32,60,21,104,42,73,44" hai1="130,98,71,127,28,50,34,110,99,26,69,101,14" hai2="41,86,68,39,0,5,92,120,76,52,109,75,131" hai3="30,102,18,107,122,23,53,83,24,67,91,121,7"/><T38/><D104/><U112/><E110/><V6/><F68/><W115/><G115/><T116/><D116/><U96/><E101/><V8/><F120/><W25/><G7/><T66/><D32/><U129/><E127/><V56/><F109/><W1/><G1/><T31/><D2/><U82/><E112/><V43/><F131/><N who="1" m="50185" /><E50/><V11/><F75/><W105/><G67/><T114/><D114/><U100/><E100/><V111/><F111/><W15/><G25/><T37/><D21/><U106/><E106/><V61/><F39/><W103/><G105/><T78/><D31/><U81/><E14/><V77/><F77/><W95/><G83/><AGARI ba="1,0" hai="26,28,34,69,71,81,82,83,96,98,99" m="50185" machi="83" ten="30,1000,0" yaku="19,1" doraHai="84" who="1" fromWho="3" sc="366,0,250,13,250,0,134,-13" /><INIT seed="1,0,0,1,5,44" ten="366,263,250,121" oya="1" hai0="134,31,37,91,10,78,93,43,4,25,46,39,80" hai1="16,123,53,76,114,5,101,79,62,71,109,57,19" hai2="12,105,36,120,98,126,55,42,21,119,121,47,131" hai3="89,72,77,28,38,95,112,15,84,48,24,40,23"/><U124/><E114/><V8/><F119/><W83/><G112/><T30/><D37/><U67/><E123/><V58/><F126/><W45/><REACH who="3" step="1"/><G15/><REACH who="3" ten="366,263,250,111" step="2"/><T133/><D133/><U81/><E124/><V103/><F131/><W65/><G65/><T110/><D134/><U34/><E109/><V88/><F21/><W26/><G26/><T111/><D25/><U18/><E34/><V33/><F33/><W74/><G74/><T69/><D111/><U90/><E5/><V102/><F121/><W54/><G54/><T70/><D110/><U29/><E29/><V132/><F120/><W117/><G117/><T87/><D30/><U64/><E64/><V35/><F132/><W56/><G56/><T32/><D31/><U52/><E101/><V86/><F35/><W130/><G130/><T2/><D32/><U97/><E53/><V118/><F103/><W1/><G1/><T27/><D27/><U92/><REACH who="1" step="1"/><E81/><REACH who="1" ten="366,253,250,111" step="2"/><V107/><F118/><W106/><G106/><T41/><D41/><U0/><E0/><V75/><F107/><W73/><G73/><AGARI ba="0,2" hai="2,4,10,39,43,46,69,70,73,78,80,87,91,93" machi="73" ten="30,3900,0" yaku="7,1,25,2" doraHai="44" who="0" fromWho="3" sc="366,59,253,0,250,0,111,-39" /><INIT seed="2,0,0,4,3,10" ten="425,253,250,72" oya="2" hai0="97,13,121,135,28,107,127,76,133,63,62,87,84" hai1="94,9,39,73,7,21,0,24,128,31,4,70,69" hai2="93,79,100,112,57,92,54,82,33,74,60,29,23" hai3="40,56,11,15,58,89,27,51,88,90,119,2,125"/><V42/><F112/><W1/><G125/><T116/><D127/><U72/><E128/><V34/><F42/><W50/><G119/><T96/><D116/><U68/><E39/><V134/><F134/><W118/><G118/><T99/><D107/><U43/><E43/><V22/><F22/><W48/><G40/><T17/><D28/><U130/><E130/><V5/><F5/><W55/><G27/><T85/><D76/><U19/><E7/><V122/><F122/><W103/><G103/><T86/><D86/><U101/><E101/><V78/><F78/><W45/><G45/><T124/><D121/><U120/><E120/><V6/><F6/><W52/><REACH who="3" step="1"/><G51/><REACH who="3" ten="425,253,250,62" step="2"/><T67/><D124/><U18/><E24/><N who="2" m="16543" /><F100/><W117/><G117/><T77/><D77/><U115/><E115/><V71/><F79/><W102/><G102/><T109/><D133/><U113/><E113/><V81/><F74/><W53/><G53/><T41/><D135/><U38/><E73/><V32/><F54/><W111/><G111/><T108/><D41/><U61/><E72/><V104/><F104/><W129/><G129/><T26/><D26/><U20/><E31/><V16/><F34/><W47/><G47/><T25/><D25/><U59/><E38/><V80/><F33/><W14/><G14/><T44/><D44/><U36/><E36/><V49/><F32/><W98/><G98/><T64/><D108/><U75/><E75/><V12/><F49/><W132/><G132/><T105/><D109/><U35/><E35/><V30/><F12/><W110/><G110/><T46/><D13/><RYUUKYOKU ba="0,1" sc="425,-10,253,-10,250,-10,62,30" hai3="1,2,11,15,48,50,52,55,56,58,88,89,90" /><INIT seed="3,1,1,3,2,85" ten="415,243,240,92" oya="3" hai0="74,130,60,18,70,63,67,134,65,107,87,19,84" hai1="95,66,80,98,129,93,32,51,79,68,100,104,132" hai2="22,99,28,27,122,75,110,7,8,35,126,3,57" hai3="39,6,0,89,119,25,31,72,83,52,102,118,124"/><W116/><G124/><T114/><D74/><U73/><E51/><V38/><F38/><W64/><G39/><T92/><D107/><U40/><E40/><V30/><F75/><W127/><G127/><T53/><D114/><U33/><E33/><V20/><F126/><W94/><G64/><T121/><D121/><U46/><E46/><V81/><F110/><W109/><G109/><T97/><D130/><U34/><E34/><V113/><F113/><W50/><G102/><T17/><D53/><U90/><E129/><V9/><F122/><W111/><G111/><T86/><D134/><U5/><E5/><N who="2" m="1087" /><F81/><W77/><G6/><T37/><D37/><U42/><E42/><V26/><F57/><W24/><G0/><T23/><D23/><N who="2" m="8746" /><F99/><W1/><G1/><T131/><D131/><U14/><E14/><N who="2" m="5439" /><F35/><W117/><N who="3" m="29696" /><DORA hai="59" /><W56/><REACH who="3" step="1"/><G31/><AGARI ba="1,1" hai="26,27,28,30,31" m="5439,8746,1087" machi="31" ten="30,8000,1" yaku="35,5" doraHai="85,59" who="2" fromWho="3" sc="415,0,243,0,240,93,92,-83" owari="415,51.5,243,-15.7,333,13.3,9,-49.1" /></mjloggm>