<mjloggm ver="2.3"><GO type="225" lobby="0"/><UN n0="%E3%83%96%E3%83%83%E3%83%91%E3%82%AA%E3%83%96%E3%83%81%E3%82%AD%E3%83%B3" n1="%77%72%77%72%77%72%77%72" n2="%E3%81%90%E3%81%A1%E3%82%84%E3%81%BE" n3="%33%74%72%65%65" dan="16,17,16,17" rate="2160.16,2180.35,2136.59,2223.82" sx="M,M,M,F"/><TAIKYOKU oya="0"/><INIT seed="0,0,0,4,3,10" ten="250,250,250,250" oya="0" hai0="109,85,72,16,14,12,3,17,95,45,0,76,90" hai1="106,123,7,61,80,30,67,60,129,49,81,70,75" hai2="34,119,130,41,33,133,26,40,24,50,53,58,52" hai3="43,91,37,5,77,65,11,99,59,103,20,18,23"/><T105/><D105/><U86/><E123/><V68/><F68/><W127/><G127/><T97/><D109/><U6/><E106/><V31/><F130/><W69/><G69/><T21/><D72/><U87/><E129/><V48/><F133/><W134/><G134/><T84/><D45/><U121/><E121/><V82/><F82/><W32/><G32/><T96/><D85/><U107/><E107/><V115/><F115/><W47/><G77/><T110/><D110/><U118/><E118/><V74/><F74/><W57/><G91/><T8/><REACH who="0" step="1"/><D76/><REACH who="0" ten="240,250,250,250" step="2"/><U44/><E75/><V94/><F119/><W64/><G47/><T79/><D79/><U62/><E86/><V42/><F94/><W38/><G99/><AGARI ba="0,1" hai="0,3,8,12,14,16,17,21,84,90,95,96,97,99" machi="99" ten="40,12000,1" yaku="1,1,52,2,54,1,53,0" doraHai="10" doraHaiUra="126" who="0" fromWho="3" sc="240,130,250,0,250,0,250,-120" /><INIT seed="0,1,0,5,2,69" ten="370,250,250,130" oya="0" hai0="135,119,28,85,53,34,132,78,101,56,24,70,75" hai1="51,123,128,111,103,33,113,131,92,5,0,82,23" hai2="129,49,4,118,57,117,32,105,125,58,96,91,2" hai3="93,18,65,36,74,1,26,21,19,121,86,66,35"/><T37/><D119/><N who="2" m="45578" /><F32/><W39/><G121/><T95/><D70/><U87/><E123/><V27/><F125/><W52/><G74/><T11/><D75/><U72/><E33/><V54/><F129/><N who="1" m="49737" /><E111/><V110/><F110/><W47/><G1/><T30/><D30/><U8/><E113/><V71/><F71/><W114/><G114/><T81/><D11/><U12/><E51/><V16/><F2/><W127/><G127/><T79/><D79/><U13/><E72/><V109/><F4/><W98/><G35/><T100/><D95/><U61/><E61/><V44/><F109/><W46/><G86/><T104/><D104/><U116/><E116/><V64/><F64/><W124/><G18/><T99/><D99/><N who="1" m="59879" /><E23/><N who="2" m="13799" /><F91/><AGARI ba="1,0" hai="0,5,8,12,13,82,87,91" m="59879,49737" machi="91" ten="30,1000,0" yaku="19,1" doraHai="69" who="1" fromWho="2" sc="370,0,250,13,250,-13,130,0" /><INIT seed="1,0,0,4,1,129" ten="370,263,237,130" oya="1" hai0="49,69,82,35,122,30,106,64,119,34,14,99,124" hai1="38,89,127,85,131,45,125,120,53,72,100,46,54" hai2="26,97,6,42,93,25,95,83,109,118,113,15,31" hai3="132,44,50,79,18,33,39,84,59,3,5,40,111"/><U23/><E120/><V10/><F118/><W22/><G111/><T12/><D119/><U9/><E72/><V71/><F109/><W101/><G33/><T1/><D1/><U41/><E131/><V27/><F71/><W117/><G117/><T47/><D124/><N who="1" m="47691" /><E100/><V86/><F113/><W58/><G101/><T52/><D122/><U11/><E23/><V28/><F42/><W121/><G121/><T114/><D106/><U19/><E19/><V103/><REACH who="2" step="1"/><F95/><REACH who="2" ten="370,263,227,130" step="2"/><W87/><G40/><T80/><D114/><U17/><E41/><V98/><F98/><W70/><G70/><T61/><D99/><U75/><E38/><V4/><F4/><W16/><G5/><T92/><D92/><U105/><E105/><V73/><F73/><W0/><G39/><T130/><D130/><U32/><E75/><V13/><F13/><W126/><G126/><T108/><D108/><U81/><E85/><V123/><F123/><W43/><G43/><T8/><D12/><U107/><E107/><V56/><F56/><W134/><G44/><T96/><D96/><U94/><E45/><V62/><F62/><W20/><REACH who="3" step="1"/><G50/><REACH who="3" ten="370,263,227,120" step="2"/><T135/><D49/><U76/><E46/><V68/><F68/><W91/><G91/><AGARI ba="0,2" hai="6,10,15,25,26,27,28,31,83,86,91,93,97,103" machi="91" ten="40,5200,0" yaku="1,1,8,1,53,1" doraHai="129" doraHaiUra="88" who="2" fromWho="3" sc="370,0,263,0,227,72,120,-52" /><INIT seed="2,0,0,5,4,29" ten="370,263,299,68" oya="2" hai0="57,108,67,53,41,88,44,83,131,27,102,50,60" hai1="30,28,93,110,72,105,119,126,11,55,116,65,12" hai2="1,56,51,75,103,97,111,118,58,71,85,22,18" hai3="91,99,98,4,86,120,2,121,132,40,32,13,20"/><V115/><F118/><W15/><G2/><T125/><D108/><U134/><E105/><V78/><F115/><W49/><G121/><T47/><D131/><U68/><E110/><V95/><F71/><W33/><G120/><T101/><D125/><U130/><E126/><V26/><F111/><W107/><G132/><T14/><D14/><U38/><E134/><V54/><F1/><W8/><G98/><T81/><D27/><U3/><E3/><V96/><F96/><W36/><G36/><T84/><REACH who="0" step="1"/><D83/><REACH who="0" ten="360,263,299,68" step="2"/><U77/><E12/><V122/><F122/><W79/><G79/><T128/><D128/><U82/><E77/><V114/><F114/><W100/><G15/><T52/><D52/><U19/><E82/><N who="2" m="47319" /><F75/><W70/><G20/><T133/><D133/><U24/><E72/><V42/><F42/><W10/><G10/><T69/><D69/><U59/><E68/><V113/><F113/><W9/><G9/><T135/><D135/><U37/><E11/><V35/><F35/><W76/><G70/><T129/><D129/><U89/><E130/><V34/><F34/><W73/><G73/><T16/><D16/><U109/><E19/><V80/><F80/><W87/><G76/><T17/><D17/><U90/><E109/><V25/><F26/><W66/><G66/><T64/><D64/><U104/><E65/><V92/><F18/><W123/><G123/><T23/><D23/><U124/><E24/><V5/><F22/><W39/><G8/><T48/><AGARI ba="0,1" hai="41,44,47,48,50,53,57,60,67,81,84,88,101,102" machi="48" ten="20,12000,2" yaku="1,1,0,1,7,1,8,1,54,1,53,1" doraHai="29" doraHaiUra="62" who="0" fromWho="0" sc="360,130,263,-30,299,-60,68,-30" /><INIT seed="3,0,0,2,4,79" ten="490,233,239,38" oya="3" hai0="48,94,88,102,92,72,130,40,133,122,110,27,10" hai1="52,108,82,129,66,107,30,19,20,64,12,42,15" hai2="39,125,55,65,43,119,41,117,113,16,23,59,38" hai3="11,13,6,74,76,2,28,18,14,100,132,26,118"/><W112/><G112/><T114/><D122/><U32/><E107/><V93/><F113/><W97/><G118/><T84/><D114/><U4/><E108/><V36/><F125/><W75/><G132/><T49/><D110/><U63/><E129/><V1/><F1/><W60/><G60/><T34/><D72/><U91/><E42/><V106/><F106/><W89/><G89/><T21/><D34/><U61/><E30/><V31/><F65/><N who="1" m="25193" /><E32/><V134/><F31/><W135/><G135/><T22/><D10/><N who="1" m="4167" /><E52/><V54/><F134/><W131/><G131/><T85/><D94/><U9/><E9/><V99/><F43/><W80/><G74/><T73/><D85/><AGARI ba="0,0" hai="15,19,20,61,63,82,85,91" m="4167,25193" machi="85" ten="30,2000,0" yaku="8,1,52,1" doraHai="79" who="1" fromWho="0" sc="490,-20,233,20,239,0,38,0" owari="470,57.0,253,5.3,239,-16.1,38,-46.2" /></mjloggm>