<mjloggm ver="2.3"><GO type="225" lobby="0"/><UN n0="%E3%83%96%E3%83%83%E3%83%91%E3%82%AA%E3%83%96%E3%83%81%E3%82%AD%E3%83%B3" n1="%E3%83%81%E3%83%83%E3%82%BF%E3%82%BD%E3%83%BC" n2="%E7%B4%94%E6%BD%94%E3%83%94%E3%83%A9%E3%83%8B%E3%82%A2" n3="%33%74%72%65%65" dan="16,16,16,17" rate="2099.09,2124.30,2132.70,2187.61" sx="M,F,M,F"/><TAIKYOKU oya="0"/><INIT seed="0,0,0,0,0,69" ten="250,250,250,250" oya="0" hai0="109,45,97,135,107,75,30,80,52,87,116,26,105" hai1="39,19,83,33,20,17,54,129,53,38,90,126,55" hai2="48,124,130,23,41,51,134,60,88,84,86,11,27" hai3="47,102,22,113,96,82,133,131,25,6,71,46,115"/><T94/><D116/><U89/><E126/><V31/><F124/><W91/><G133/><T63/><D75/><U62/><E129/><V76/><F130/><W59/><G71/><T49/><D135/><U78/><E33/><V4/><F134/><W110/><G110/><T72/><D72/><U15/><E62/><V8/><F60/><W114/><G131/><T95/><D109/><U66/><E66/><V98/><F98/><W16/><G6/><T79/><D63/><U93/><E17/><V65/><F65/><W67/><G59/><T50/><D50/><U1/><E1/><V92/><F41/><W32/><G32/><T99/><D95/><U35/><E35/><V21/><F21/><W0/><G0/><T3/><D99/><U120/><E120/><V77/><F77/><W28/><G28/><T44/><D44/><U70/><E70/><V7/><F4/><W122/><G67/><T100/><REACH who="0" step="1"/><D3/><REACH who="0" ten="240,250,250,250" step="2"/><U37/><REACH who="1" step="1"/><E93/><REACH who="1" ten="240,240,250,250" step="2"/><V104/><F92/><W73/><G122/><T119/><D119/><U2/><E2/><V117/><F117/><W81/><G115/><T106/><D106/><U57/><E57/><V123/><F104/><W64/><G114/><T68/><D68/><U118/><E118/><V10/><F123/><W132/><G113/><T43/><D43/><U56/><E56/><V103/><F48/><W13/><G132/><T40/><D40/><U128/><E128/><V58/><F51/><W112/><G112/><T85/><D85/><AGARI ba="0,2" hai="15,19,20,37,38,39,53,54,55,78,83,85,89,90" machi="85" ten="50,8000,1" yaku="1,1,52,3,53,0" doraHai="69" doraHaiUra="5" who="1" fromWho="0" sc="240,-80,240,100,250,0,250,0" /><INIT seed="1,0,0,4,4,130" ten="160,340,250,250" oya="1" hai0="77,111,89,58,96,134,62,5,78,101,18,46,12" hai1="122,75,84,80,39,88,126,9,14,3,37,30,8" hai2="114,95,63,76,26,97,53,100,93,112,21,48,128" hai3="35,108,74,135,32,125,27,70,85,79,52,109,69"/><U11/><E126/><V55/><F128/><W13/><G74/><T91/><D111/><N who="3" m="42569" /><G125/><T116/><D116/><U113/><E122/><V36/><F36/><W92/><G135/><T4/><D46/><U94/><E113/><N who="2" m="43627" /><F76/><N who="0" m="29290" /><D101/><U127/><E127/><V73/><F73/><W43/><G43/><T107/><D107/><U103/><E3/><V10/><F10/><W86/><G13/><T45/><D45/><U16/><E30/><N who="2" m="17743" /><F63/><W129/><G129/><T28/><D28/><U19/><E75/><V17/><F17/><W57/><G35/><T119/><D119/><U60/><E60/><V83/><F83/><N who="3" m="47359" /><G32/><T115/><D115/><U106/><E19/><V56/><F53/><W65/><G27/><T67/><D134/><U33/><E33/><V25/><F25/><W72/><G72/><T44/><D44/><U87/><E37/><V7/><F7/><N who="0" m="2634" /><D96/><U40/><E39/><V41/><F41/><W104/><G104/><AGARI ba="0,0" hai="48,55,56,93,95,97,100,104" m="17743,43627" machi="104" ten="30,1000,0" yaku="11,1" doraHai="130" who="2" fromWho="3" sc="160,0,340,0,250,10,250,-10" /><INIT seed="2,0,0,4,4,3" ten="160,340,260,240" oya="2" hai0="56,94,6,134,119,20,53,21,107,77,43,106,109" hai1="99,31,59,30,19,32,102,16,130,27,111,129,9" hai2="35,121,33,117,54,92,64,24,68,61,55,91,113" hai3="34,0,132,25,45,75,131,46,101,52,10,74,112"/><V88/><F113/><W84/><G112/><T83/><D43/><U42/><E111/><V76/><F117/><W47/><G131/><N who="1" m="50186" /><E42/><V73/><F121/><W48/><G132/><T128/><D109/><U114/><E114/><V82/><F91/><W126/><G126/><T12/><D128/><U95/><E30/><V66/><F66/><W28/><G101/><T98/><D134/><U89/><E9/><V87/><REACH who="2" step="1"/><F24/><REACH who="2" ten="160,340,250,240" step="2"/><W29/><G25/><T124/><D119/><U120/><E120/><V62/><F62/><W11/><G34/><AGARI ba="0,1" hai="33,34,35,54,55,61,64,68,73,76,82,87,88,92" machi="34" ten="40,7700,0" yaku="1,1,54,1,53,1" doraHai="3" doraHaiUra="63" who="2" fromWho="3" sc="160,0,340,0,250,87,240,-77" /><INIT seed="2,1,0,2,1,40" ten="160,340,337,163" oya="2" hai0="117,104,31,116,57,92,111,67,75,64,62,51,74" hai1="106,14,59,4,39,90,114,19,2,125,77,65,119" hai2="129,63,71,134,133,34,27,16,11,66,100,72,93" hai3="26,9,86,37,30,83,126,96,105,78,12,60,70"/><V55/><F72/><N who="0" m="27690" /><D104/><U110/><E114/><V113/><F113/><W79/><G37/><T6/><D6/><U82/><E106/><V61/><F129/><W8/><G126/><T85/><D31/><U56/><E119/><N who="0" m="45641" /><D111/><U47/><E39/><V3/><F100/><N who="3" m="62599" /><G78/><T46/><D85/><U120/><E110/><V33/><F93/><W123/><G123/><T25/><D25/><U124/><E4/><V95/><F95/><W84/><G84/><T28/><D92/><U43/><E2/><V88/><F88/><W128/><G128/><T36/><D28/><U76/><E90/><V115/><F115/><W73/><G73/><T50/><D67/><U17/><E120/><V68/><F3/><W45/><G12/><T99/><D99/><U103/><E103/><V102/><F102/><W7/><G7/><T101/><D101/><U132/><E76/><V87/><F87/><W0/><G0/><T121/><D121/><U18/><E77/><V52/><F66/><N who="3" m="41287" /><G26/><T130/><D130/><U54/><E65/><V32/><F27/><W38/><G30/><T53/><D53/><U108/><E54/><V127/><F127/><W81/><G81/><T109/><D109/><U94/><E108/><V24/><F24/><W29/><G29/><T1/><D1/><U98/><E124/><V89/><F89/><W49/><G38/><T35/><D35/><U23/><E125/><V22/><F33/><W13/><G13/><T58/><D58/><U48/><E98/><V21/><F16/><W42/><G86/><T131/><D131/><U5/><E18/><V80/><F80/><RYUUKYOKU ba="1,0" sc="160,10,340,-30,337,10,163,10" hai0="36,46,50,51,57,62,64" hai2="11,21,22,32,34,52,55,61,63,68,71,133,134" hai3="8,9,42,45,49,79,83" /><INIT seed="2,2,0,3,0,120" ten="170,310,347,173" oya="2" hai0="121,116,28,80,119,130,14,13,115,59,39,93,96" hai1="74,82,24,81,16,102,8,100,27,123,94,118,79" hai2="12,36,6,103,4,135,22,42,95,73,89,25,10" hai3="114,1,26,117,55,47,85,30,23,92,77,34,99"/><V57/><F73/><W133/><G117/><N who="0" m="45131" /><D121/><U65/><E118/><V7/><F135/><W58/><G114/><T29/><D115/><U78/><E123/><V90/><F36/><W33/><G133/><T18/><D39/><U125/><E125/><V113/><F113/><W84/><G1/><T51/><D130/><U2/><E65/><V9/><F42/><W106/><G106/><T111/><D111/><U76/><E76/><V44/><F44/><W112/><G112/><T15/><D80/><U110/><E110/><V86/><F103/><W131/><G131/><T31/><D59/><U127/><E127/><V41/><F41/><W17/><G47/><T53/><D51/><U105/><E105/><V134/><F134/><W83/><G30/><N who="0" m="7683" /><T60/><DORA hai="43" /><D60/><U54/><E54/><V46/><F46/><W101/><REACH who="3" step="1"/><G85/><REACH who="3" ten="170,310,347,163" step="2"/><T104/><D104/><U5/><E74/><V132/><F132/><W49/><AGARI ba="2,1" hai="17,23,26,33,34,49,55,58,77,83,84,92,99,101" machi="49" ten="20,8000,1" yaku="1,1,2,1,0,1,7,1,53,1" doraHai="120,43" doraHaiUra="66,48" who="3" fromWho="3" sc="170,-22,310,-22,347,-42,163,96" /><INIT seed="3,0,0,2,1,73" ten="148,288,305,259" oya="3" hai0="23,134,59,13,97,9,16,109,66,53,100,74,77" hai1="79,108,124,47,0,30,27,18,57,127,93,129,102" hai2="62,117,54,115,19,37,39,65,4,3,29,68,70" hai3="55,21,67,42,113,60,116,35,125,105,76,84,12"/><W122/><G113/><T41/><D109/><U58/><E108/><V44/><F19/><W91/><G116/><T52/><D134/><U64/><E0/><V31/><F115/><W101/><G35/><T126/><D126/><N who="1" m="48171" /><E129/><V78/><F117/><W98/><G122/><T11/><D41/><U43/><E18/><V63/><F54/><N who="0" m="21098" /><D74/><U119/><E119/><V56/><F56/><W121/><G121/><T132/><D132/><U25/><E64/><V95/><F95/><W32/><G32/><T45/><D45/><U85/><E25/><V106/><F106/><W131/><G131/><T7/><D77/><U48/><E102/><V33/><F78/><W99/><G42/><T75/><D75/><U14/><E14/><V133/><F133/><W72/><G125/><T103/><D97/><U49/><E49/><V1/><F44/><W83/><G99/><T135/><D135/><U94/><E57/><V96/><F96/><W26/><G72/><T40/><D40/><U111/><E58/><V17/><F17/><W107/><G107/><T120/><D120/><U5/><E5/><V112/><F112/><W6/><G76/><T51/><D51/><U71/><E71/><V114/><F114/><W88/><G105/><T82/><D82/><N who="1" m="47327" /><E111/><V22/><F33/><AGARI ba="0,0" hai="27,30,33,43,47,48,93,94" m="47327,48171" machi="33" ten="30,2000,0" yaku="18,1,52,1" doraHai="73" who="1" fromWho="2" sc="148,0,288,20,305,-20,259,0" owari="148,-35.2,308,40.8,285,8.5,259,-14.1" /></mjloggm>