<mjloggm ver="2.3"><GO type="225" lobby="0"/><UN n0="%E6%9D%B1%E9%A2%A8%E3%81%AE%E3%81%8D%E3%82%83%E3%81%B7%E3%81%95%E3%82%93" n1="%28%EF%BF%A3%E2%96%BD%EF%BF%A3%29%CE%B4%E2%8C%92%E3%83%BB" n2="%E7%89%B9%E6%9D%B1%E3%81%AF%E4%B8%96%E7%95%8C%E3%82%92%E6%95%91%E3%81%86" n3="%E3%83%A9%E3%82%A4%E3%83%B3%E3%81%AE%E8%99%8E" dan="16,17,16,16" rate="2090.97,2287.42,2165.98,2137.67" sx="M,M,M,M"/><TAIKYOKU oya="0"/><INIT seed="0,0,0,4,0,123" ten="250,250,250,250" oya="0" hai0="39,13,97,84,90,26,69,23,126,125,88,10,130" hai1="46,19,87,38,71,74,27,134,95,12,119,18,59" hai2="113,57,50,42,75,8,115,24,20,68,55,112,85" hai3="82,16,120,6,9,17,54,127,81,91,63,93,40"/><T22/><D69/><U105/><E71/><V11/><F75/><W118/><G118/><T3/><D39/><U104/><E74/><V80/><F68/><W60/><G120/><T49/><D3/><U102/><E119/><V103/><F103/><W7/><G40/><T110/><D49/><U99/><E134/><V92/><F92/><W131/><G131/><T14/><D130/><U32/><E38/><V28/><REACH who="2" step="1"/><F42/><REACH who="2" ten="250,250,240,250" step="2"/><W96/><G93/><N who="0" m="56487" /><D110/><U94/><E94/><V116/><F116/><W37/><G82/><N who="0" m="49431" /><D125/><U106/><E95/><V47/><F47/><W109/><G109/><T41/><D126/><U108/><E46/><V1/><F1/><W58/><G127/><T101/><D41/><U4/><E108/><V132/><F132/><W5/><G81/><T98/><D101/><U51/><E102/><V66/><F66/><W135/><G135/><T86/><D98/><U67/><E99/><V64/><F64/><W45/><G96/><T2/><D86/><U31/><E87/><V111/><F111/><W76/><G76/><AGARI ba="0,1" hai="8,11,20,24,28,50,55,57,76,80,85,112,113,115" machi="76" ten="40,2600,0" yaku="1,1,53,1" doraHai="123" doraHaiUra="73" who="2" fromWho="3" sc="250,0,250,0,240,36,250,-26" /><INIT seed="1,0,0,5,2,115" ten="250,250,276,224" oya="1" hai0="128,91,111,131,114,53,20,70,83,57,126,46,76" hai1="0,48,96,99,13,25,101,14,10,27,18,8,120" hai2="11,54,15,19,79,6,31,50,29,37,55,36,112" hai3="56,80,63,1,93,34,22,123,86,17,127,132,60"/><U106/><E0/><V135/><F112/><W104/><G104/><T122/><D70/><U47/><E120/><V28/><F135/><W116/><G123/><T33/><D33/><U7/><REACH who="1" step="1"/><E99/><REACH who="1" ten="250,240,276,224" step="2"/><V52/><F79/><W61/><G1/><T35/><D122/><U92/><E92/><V75/><F75/><W9/><G93/><T73/><D114/><U65/><E65/><V41/><REACH who="2" step="1"/><F6/><REACH who="2" ten="250,240,266,224" step="2"/><W81/><G132/><T32/><D73/><U72/><E72/><V124/><F124/><W82/><G127/><T90/><D126/><U129/><E129/><V38/><F38/><W5/><G5/><T71/><D128/><U121/><E121/><V95/><F95/><W66/><G82/><T125/><D76/><U26/><E26/><V98/><F98/><W87/><G80/><T102/><D83/><U78/><E78/><V94/><F94/><W51/><G81/><T42/><D125/><U39/><E39/><V133/><F133/><W74/><G74/><T45/><D131/><U110/><E110/><V85/><F85/><W67/><G86/><T23/><D111/><U64/><E64/><V16/><F16/><W44/><G87/><T62/><D102/><U2/><E2/><V118/><F118/><W30/><G116/><T12/><D12/><U43/><AGARI ba="0,2" hai="7,8,10,13,14,18,25,27,43,47,48,96,101,106" machi="43" ten="20,3900,0" yaku="1,1,0,1,7,1,53,0" doraHai="115" doraHaiUra="58" who="1" fromWho="1" sc="250,-13,240,59,266,-13,224,-13" /><INIT seed="1,1,0,4,0,88" ten="237,299,253,211" oya="1" hai0="79,9,25,60,98,23,122,118,34,71,50,123,106" hai1="65,3,92,91,53,101,93,0,66,40,68,76,27" hai2="12,20,38,10,85,94,15,109,86,83,8,26,35" hai3="107,57,75,133,100,110,117,63,11,1,130,82,7"/><U87/><E40/><V46/><F35/><W95/><G110/><T56/><D118/><U55/><E76/><V89/><F109/><W127/><G117/><T128/><D128/><U61/><E66/><V131/><F131/><W43/><G130/><T90/><D9/><N who="2" m="3690" /><F46/><W126/><G107/><T64/><D79/><U116/><E116/><V51/><F51/><W48/><G133/><T4/><D4/><U115/><E115/><V33/><F33/><W132/><G132/><T78/><D78/><U111/><E111/><V80/><F38/><W37/><G48/><T41/><D34/><U36/><E36/><V81/><F86/><W69/><G37/><T102/><D90/><U22/><E3/><V119/><F119/><W103/><G43/><T134/><D134/><U6/><E6/><V42/><F42/><W39/><G39/><T114/><D114/><U121/><E0/><V44/><F44/><W52/><G69/><T16/><REACH who="0" step="1"/><D41/><REACH who="0" ten="227,299,253,211" step="2"/><U99/><E121/><V31/><AGARI ba="1,1" hai="12,15,20,26,31,80,81,83,85,89,94" m="3690" machi="31" ten="30,2000,0" yaku="8,1,52,1" doraHai="88" who="2" fromWho="2" sc="227,-6,299,-11,253,33,211,-6" /><INIT seed="2,0,0,4,2,76" ten="221,288,286,205" oya="2" hai0="126,69,74,73,44,84,1,19,75,20,2,85,81" hai1="52,132,22,105,86,55,91,78,111,45,122,120,31" hai2="17,93,92,100,53,98,63,131,79,117,97,5,104" hai3="134,106,34,14,40,42,35,113,6,41,16,47,38"/><V9/><F117/><W15/><G106/><T128/><D69/><U51/><E105/><V135/><F131/><W32/><G134/><T109/><D85/><U66/><E132/><V28/><F135/><W133/><G133/><T123/><D123/><N who="1" m="47147" /><E78/><V71/><F17/><W129/><G129/><T26/><D128/><U80/><E66/><V23/><F79/><W116/><G116/><T21/><D109/><U7/><E7/><V43/><F43/><W54/><G113/><T110/><D110/><U125/><E125/><V101/><F104/><W59/><G6/><T90/><D126/><U95/><E111/><V8/><F5/><W68/><G14/><T83/><D44/><U115/><E115/><V124/><F124/><W107/><G68/><T112/><D112/><U30/><E95/><V87/><F87/><W88/><G88/><T56/><D56/><N who="1" m="32799" /><E22/><V29/><F23/><W118/><G107/><T108/><D108/><U36/><E55/><V0/><F0/><W18/><G118/><T10/><D20/><U37/><E45/><V121/><F121/><W77/><G77/><T11/><REACH who="0" step="1"/><D81/><REACH who="0" ten="211,288,286,205" step="2"/><U64/><E64/><V57/><F71/><W127/><G127/><T50/><D50/><U119/><E119/><V3/><F3/><AGARI ba="0,1" hai="1,2,3,10,11,19,21,26,73,74,75,83,84,90" machi="3" ten="50,3200,0" yaku="1,1,52,1,53,0" doraHai="76" doraHaiUra="62" who="0" fromWho="2" sc="211,42,288,0,286,-32,205,0" /><INIT seed="3,0,0,3,1,28" ten="253,288,254,205" oya="3" hai0="116,122,29,19,66,7,86,1,57,61,126,48,14" hai1="109,78,41,40,51,108,102,15,64,35,13,56,32" hai2="117,8,89,58,17,111,2,5,82,133,71,62,46" hai3="123,75,92,22,65,6,129,0,47,103,85,114,100"/><W59/><G75/><T90/><D122/><U110/><E78/><V120/><F117/><W20/><G114/><T67/><D116/><U115/><E102/><V106/><F106/><W84/><G123/><T87/><D126/><U53/><E64/><V49/><F71/><W95/><G0/><T9/><D29/><U18/><E115/><V60/><F120/><W105/><G6/><T55/><D61/><U42/><E15/><V135/><F17/><W81/><G129/><T119/><D119/><U12/><E12/><V79/><F89/><N who="3" m="53295" /><G47/><T37/><D37/><U30/><E30/><V4/><F4/><W74/><G74/><T121/><D86/><U39/><E39/><V80/><F58/><W94/><G105/><T44/><D121/><U36/><E36/><V45/><F45/><W34/><G34/><T99/><D99/><U107/><E107/><V128/><F128/><W131/><G131/><T132/><D132/><U52/><E53/><V73/><F135/><W25/><G95/><N who="0" m="54751" /><D44/><U54/><E54/><V38/><F38/><W31/><G20/><AGARI ba="0,0" hai="1,7,9,14,19,20,48,55,57,66,67" m="54751" machi="20" ten="30,1000,0" yaku="25,1" doraHai="28" who="0" fromWho="3" sc="253,10,288,0,254,0,205,-10" /><AGARI ba="0,0" hai="13,18,20,32,35,40,41,42,51,52,56,108,109,110" machi="20" ten="50,8000,1" yaku="14,1,52,2,54,1" doraHai="28" who="1" fromWho="3" sc="263,0,288,80,254,0,195,-80" owari="263,6.3,368,46.8,254,-14.6,115,-38.5" /></mjloggm>