<mjloggm ver="2.3"><GO type="225" lobby="0"/><UN n0="%E3%81%95%E3%81%8D%E3%81%9F%E3%81%BE%E6%9E%97%E6%AA%8E" n1="%E6%9D%B1%E9%A2%A8%E3%81%AE%E3%81%8D%E3%82%83%E3%81%B7%E3%81%95%E3%82%93" n2="%55%E3%81%A3%E3%81%A1" n3="%70%68%65%6E%6F%6D%65" dan="16,16,16,16" rate="2097.35,2187.80,2124.22,2143.51" sx="M,M,M,M"/><TAIKYOKU oya="0"/><INIT seed="0,0,0,1,5,6" ten="250,250,250,250" oya="0" hai0="113,110,123,23,108,126,91,134,85,127,48,16,51" hai1="47,18,89,41,53,83,3,54,130,80,81,116,44" hai2="114,131,42,98,79,111,88,15,100,82,122,14,68" hai3="26,28,46,72,121,30,129,11,76,58,24,7,13"/><T128/><D123/><U37/><E130/><V102/><F114/><W2/><G129/><T35/><D128/><U62/><E116/><V101/><F122/><W70/><G70/><T99/><D113/><U118/><E118/><V25/><F68/><W90/><G121/><T112/><D112/><U115/><E115/><V65/><F65/><W124/><G124/><N who="0" m="47659" /><D35/><U74/><E74/><V9/><F111/><N who="0" m="42538" /><D99/><U71/><E3/><V78/><F42/><W73/><G58/><T103/><D103/><U105/><E105/><V119/><F119/><W66/><G66/><T104/><D104/><U52/><E18/><V96/><F131/><W33/><G76/><N who="2" m="29225" /><F25/><W92/><G46/><T86/><D134/><U5/><E5/><N who="2" m="3375" /><F102/><W84/><REACH who="3" step="1"/><G2/><REACH who="3" ten="250,250,250,240" step="2"/><T0/><D0/><U69/><E47/><V56/><F56/><W57/><G57/><T107/><D107/><U34/><E34/><AGARI ba="0,1" hai="7,11,13,24,26,28,30,33,34,72,73,84,90,92" machi="34" ten="30,7700,0" yaku="1,1,7,1,9,1,52,1,53,0" doraHai="6" doraHaiUra="135" who="3" fromWho="1" sc="250,0,250,-77,250,0,240,87" /><INIT seed="1,0,0,1,3,18" ten="250,173,250,327" oya="1" hai0="56,50,100,32,34,49,79,128,20,87,63,17,39" hai1="30,45,98,125,13,24,29,52,6,57,77,25,127" hai2="93,133,67,103,129,70,101,8,94,113,97,47,122" hai3="71,59,96,126,44,131,82,15,110,4,124,55,116"/><U132/><E77/><V23/><F122/><W72/><G110/><T5/><D128/><U105/><E45/><V109/><F109/><W86/><G71/><T114/><D39/><U83/><E83/><V117/><F117/><W35/><G35/><T60/><D5/><U53/><E132/><V119/><F119/><W111/><G111/><T41/><D114/><U61/><E53/><V0/><F129/><W81/><G44/><T95/><D79/><U112/><E112/><V73/><F73/><W51/><G131/><T68/><D68/><U85/><E85/><V104/><F47/><W69/><G69/><T123/><D123/><U21/><E13/><V121/><F121/><W135/><G135/><T106/><D106/><U37/><E6/><V92/><F67/><W7/><G116/><T74/><D74/><U38/><E98/><N who="2" m="61559" /><F70/><W65/><G65/><T26/><D63/><U76/><E76/><V78/><F8/><W130/><G130/><T22/><D34/><N who="1" m="20775" /><E105/><N who="2" m="63663" /><F0/><W28/><G96/><N who="0" m="59423" /><D32/><U115/><E115/><V2/><F2/><W3/><G3/><T33/><D33/><U43/><E43/><V19/><F113/><W64/><G72/><T58/><D41/><U48/><E61/><V14/><F133/><W31/><G64/><N who="0" m="38919" /><D87/><U80/><E80/><V102/><F78/><W91/><G7/><T66/><D66/><U27/><E27/><V89/><F102/><W84/><G4/><T16/><D58/><U1/><E1/><V11/><F89/><N who="3" m="51343" /><G15/><AGARI ba="0,0" hai="15,16,17,20,22,26,49,50" m="38919,59423" machi="15" ten="30,7700,0" yaku="8,1,52,2,54,1" doraHai="18" who="0" fromWho="3" sc="250,77,173,0,250,0,327,-77" /><INIT seed="2,0,0,2,4,14" ten="327,173,250,250" oya="2" hai0="105,28,65,59,7,21,110,87,10,92,57,33,38" hai1="101,111,121,109,44,127,114,72,43,102,29,96,73" hai2="122,13,117,115,35,36,8,124,50,30,17,61,129" hai3="90,80,23,15,12,94,106,54,99,78,91,76,128"/><V22/><F36/><W53/><G128/><T98/><D105/><U58/><E114/><V70/><F70/><W25/><G106/><T34/><D38/><U49/><E29/><V37/><F37/><W47/><G91/><T62/><D110/><U130/><E130/><V132/><F61/><W63/><G54/><T79/><D34/><U56/><E127/><V51/><F129/><W108/><G108/><T123/><D33/><U39/><E39/><V83/><F122/><W48/><G63/><T100/><D123/><U89/><E121/><V24/><F117/><W81/><G81/><T60/><D79/><U20/><E20/><V133/><F115/><W46/><G46/><T113/><D87/><U82/><E82/><V74/><F124/><W107/><G107/><T0/><D113/><U97/><E44/><V18/><F83/><W64/><G64/><T88/><D100/><U131/><E131/><V55/><F74/><W135/><G135/><N who="2" m="51785" /><F55/><W69/><G69/><T66/><D21/><U118/><E49/><V52/><F52/><W84/><REACH who="3" step="1"/><G76/><REACH who="3" ten="327,173,250,240" step="2"/><T93/><D93/><U119/><REACH who="1" step="1"/><E89/><REACH who="1" ten="327,163,250,240" step="2"/><V1/><F51/><W77/><G77/><T112/><D112/><U68/><E68/><V16/><F50/><W75/><G75/><T3/><D88/><U31/><E31/><AGARI ba="0,2" hai="12,15,23,25,31,47,48,53,78,80,84,90,94,99" machi="31" ten="30,7700,0" yaku="1,1,7,1,8,1,53,1" doraHai="14" doraHaiUra="85" who="3" fromWho="1" sc="327,0,163,-77,250,0,240,97" /><INIT seed="3,0,0,1,4,57" ten="327,86,250,337" oya="3" hai0="41,99,66,85,93,9,63,134,22,71,29,106,110" hai1="90,7,37,8,46,91,48,18,133,70,36,81,28" hai2="3,33,83,130,98,30,2,45,32,34,1,132,14" hai3="64,128,111,74,114,109,73,17,62,120,94,24,113"/><W25/><G120/><T26/><D110/><N who="3" m="41993" /><G128/><T67/><D134/><U124/><E133/><V76/><F45/><W69/><G94/><T119/><D119/><U68/><E28/><V47/><F47/><W44/><G44/><T53/><D41/><U135/><E135/><V5/><F98/><W112/><G17/><T104/><D85/><U107/><E107/><V19/><F83/><W52/><G52/><T61/><D53/><U31/><E31/><V118/><F76/><W105/><G105/><T20/><D20/><U131/><E131/><V79/><F79/><W40/><G40/><T115/><D9/><U55/><E124/><V13/><F130/><W39/><G39/><T89/><D115/><U35/><E35/><V58/><F58/><AGARI ba="0,0" hai="22,26,29,58,61,63,66,67,71,89,93,99,104,106" machi="58" ten="30,3900,0" yaku="7,1,52,2" doraHai="57" who="0" fromWho="2" sc="327,39,86,0,250,-39,337,0" owari="366,46.6,86,-41.4,211,-18.9,337,13.7" /></mjloggm>