<mjloggm ver="2.3"><GO type="225" lobby="0"/><UN n0="%77%72%77%72%77%72%77%72" n1="%E6%9C%88%E5%B3%B6%E5%9F%BA" n2="%E3%83%A9%E3%83%BC%E3%83%A1%E3%83%B3%E4%BA%94%E9%83%8E" n3="%72%65%6E%6B%75%6E" dan="16,18,16,17" rate="2105.52,2227.10,2164.56,2186.66" sx="M,M,M,M"/><TAIKYOKU oya="0"/><INIT seed="0,0,0,5,4,128" ten="250,250,250,250" oya="0" hai0="65,50,58,47,117,8,11,7,112,76,130,98,106" hai1="9,70,80,132,28,89,54,110,73,96,42,88,99" hai2="111,0,97,4,36,52,87,29,108,120,127,126,123" hai3="53,83,16,93,94,32,6,91,121,13,74,71,67"/><T30/><D112/><U45/><E70/><V24/><F36/><W23/><G32/><T115/><D115/><U69/><E69/><V48/><F87/><N who="3" m="50687" /><G74/><T31/><D117/><U124/><E28/><V104/><F97/><N who="1" m="37449" /><E54/><V82/><F82/><W129/><G71/><T43/><D130/><U64/><E9/><N who="2" m="2183" /><F104/><W60/><G129/><T20/><D76/><N who="1" m="44047" /><E45/><N who="2" m="27663" /><F123/><W95/><G121/><T34/><D34/><U101/><E64/><V51/><F51/><W103/><G67/><T66/><D11/><U102/><E42/><V100/><F100/><N who="1" m="38505" /><E110/><N who="2" m="42027" /><F120/><W62/><G103/><T86/><D86/><U77/><E77/><V133/><F29/><W22/><G6/><T5/><D5/><U118/><E118/><V78/><F78/><W3/><G3/><T114/><D98/><U109/><E109/><V135/><F24/><N who="3" m="14407" /><G53/><T57/><D114/><U81/><E81/><V44/><F44/><W56/><G56/><N who="0" m="21611" /><D106/><U33/><E33/><V26/><F26/><W125/><G60/><T92/><D30/><U107/><E107/><V10/><F10/><W61/><G61/><T79/><D79/><U84/><E84/><V12/><F12/><W39/><G39/><T55/><D31/><U105/><E105/><V63/><F63/><W18/><G62/><T21/><D43/><U119/><E119/><V85/><F85/><W25/><G25/><T15/><D92/><U68/><E68/><V46/><F46/><W59/><G59/><T1/><D1/><U37/><E37/><V75/><F75/><W72/><G72/><T19/><D7/><U90/><E124/><AGARI ba="0,0" hai="124,126,127,133,135" m="42027,27663,2183" machi="124" ten="30,8000,1" yaku="18,1,14,1,52,2,54,1" doraHai="128" who="2" fromWho="1" sc="250,0,250,-80,250,80,250,0" /><INIT seed="1,0,0,5,0,87" ten="250,170,330,250" oya="1" hai0="28,88,126,16,41,5,133,9,121,105,67,0,15" hai1="73,56,104,3,76,65,79,20,118,74,71,107,98" hai2="92,14,68,81,26,66,27,38,19,8,120,7,33" hai3="30,36,69,129,95,52,35,83,58,80,122,75,23"/><U63/><E118/><V54/><F120/><W2/><G122/><T50/><D121/><U125/><E125/><V86/><F38/><W115/><G115/><T59/><D126/><U55/><E3/><V77/><F68/><W124/><G69/><T119/><D119/><U44/><E44/><V112/><F66/><W82/><G124/><T131/><D105/><U128/><E128/><V91/><F112/><W123/><G2/><T97/><D131/><U31/><E79/><V89/><F33/><W29/><G123/><T90/><D133/><U109/><E109/><V49/><F7/><W99/><G36/><T60/><D28/><U21/><E21/><V43/><F43/><W17/><G75/><T6/><D97/><U117/><E117/><V57/><F77/><W10/><G10/><T1/><D1/><U18/><E31/><V25/><F25/><N who="3" m="14575" /><G35/><T134/><D134/><U45/><E45/><V47/><F57/><W72/><G72/><T24/><D24/><U13/><E76/><V113/><F113/><W48/><G129/><T132/><D132/><U96/><E96/><AGARI ba="0,0" hai="8,14,19,26,27,47,49,54,81,86,89,91,92,96" machi="96" ten="30,12000,2" yaku="7,1,25,2,8,1,52,2" doraHai="87" who="2" fromWho="1" sc="250,0,170,-120,330,120,250,0" /><INIT seed="2,0,0,3,4,50" ten="250,50,450,250" oya="2" hai0="131,37,34,71,63,123,92,81,134,98,105,2,0" hai1="20,125,12,72,35,119,80,84,62,116,38,1,69" hai2="46,129,85,9,78,11,118,83,4,112,3,107,58" hai3="82,87,101,110,121,133,122,27,68,103,104,56,32"/><V54/><F112/><W13/><G68/><T66/><D123/><U93/><E20/><V30/><F118/><W47/><G110/><T61/><D34/><U52/><E12/><V120/><F120/><W127/><G127/><T33/><D131/><U90/><E35/><V41/><F129/><W77/><G133/><T22/><D134/><U132/><E1/><V19/><F107/><W65/><G47/><T44/><D33/><U109/><E38/><V79/><F30/><W8/><G104/><T75/><D105/><U106/><E69/><V91/><F19/><W36/><G36/><T29/><D61/><U97/><E132/><V64/><F64/><W42/><G42/><T130/><D130/><U10/><E10/><V7/><F46/><W49/><G122/><T135/><D135/><U40/><E40/><V51/><REACH who="2" step="1"/><F41/><REACH who="2" ten="250,50,440,250" step="2"/><W17/><G121/><T115/><D115/><U100/><E109/><V113/><F113/><W67/><G67/><T128/><D128/><U74/><E125/><V14/><AGARI ba="0,1" hai="3,4,7,9,11,14,51,54,58,78,79,83,85,91" machi="14" ten="20,7800,0" yaku="1,1,0,1,7,1,52,1,53,0" doraHai="50" doraHaiUra="25" who="2" fromWho="2" sc="250,-26,50,-26,440,88,250,-26" /><INIT seed="2,1,0,4,2,135" ten="224,24,528,224" oya="2" hai0="38,85,65,118,73,116,131,11,104,132,66,129,56" hai1="93,5,113,45,111,35,24,107,98,101,44,80,23" hai2="88,29,40,123,8,90,68,64,81,125,83,9,122" hai3="41,119,28,96,32,106,19,102,126,70,67,18,109"/><V26/><F40/><W97/><G119/><N who="0" m="45611" /><D73/><U2/><E113/><V86/><F64/><N who="0" m="24682" /><D132/><U54/><E111/><V74/><F68/><W33/><G109/><T91/><D104/><U43/><E35/><V50/><F50/><W37/><G37/><T124/><D38/><U25/><E80/><V57/><F57/><W58/><G41/><T62/><D11/><U114/><E114/><V79/><F90/><W133/><G58/><T34/><D34/><U77/><E77/><V75/><F75/><W36/><G36/><T0/><D0/><U60/><E5/><V17/><F17/><W87/><G87/><T84/><D84/><U1/><E25/><V94/><F8/><W48/><G102/><T78/><D78/><U15/><E15/><V95/><F9/><W63/><G106/><T30/><D30/><U72/><E72/><V117/><F26/><N who="3" m="18455" /><G33/><T46/><D46/><U76/><E76/><V61/><F29/><W13/><G133/><T10/><D10/><U69/><E107/><V21/><F117/><W52/><G96/><T100/><D100/><U47/><E43/><V16/><F74/><W14/><G97/><T31/><D31/><U27/><E27/><V55/><F79/><W120/><G18/><T49/><D49/><U110/><E110/><V39/><F16/><W42/><G19/><T89/><D91/><U71/><E23/><V3/><F21/><W6/><G6/><T22/><D22/><U134/><E24/><V92/><F3/><N who="1" m="1033" /><E134/><V103/><F39/><W130/><G13/><T105/><D105/><U59/><E101/><V99/><F103/><RYUUKYOKU ba="1,0" sc="224,-10,24,30,528,-10,224,-10" hai1="44,45,47,54,59,60,69,71,93,98" /><INIT seed="3,2,0,5,2,77" ten="214,54,518,214" oya="3" hai0="18,41,37,126,58,82,36,70,128,44,92,29,73" hai1="130,46,16,22,68,2,6,113,118,81,107,99,24" hai2="50,33,43,69,133,3,4,0,65,9,111,40,120" hai3="123,45,78,109,95,64,63,102,62,108,112,106,125"/><W28/><G112/><T34/><D70/><U88/><E113/><V104/><F104/><W12/><G123/><T49/><D128/><U85/><E130/><V35/><F0/><W121/><G121/><T25/><D126/><U13/><E118/><V56/><F69/><W55/><G125/><T27/><D92/><U131/><E131/><V1/><F1/><W91/><G78/><T61/><D73/><U60/><E2/><V114/><F33/><W115/><G115/><T71/><D71/><U98/><E107/><V17/><F35/><W51/><G28/><T110/><D82/><U122/><E122/><V84/><F65/><W14/><G102/><T75/><D75/><U67/><E6/><V19/><F4/><W26/><G26/><T52/><D110/><N who="3" m="42601" /><G106/><T80/><D80/><U47/><E47/><V48/><F111/><W7/><G7/><T101/><D101/><U74/><E74/><V76/><F76/><W31/><G31/><T87/><D87/><U30/><REACH who="1" step="1"/><E46/><REACH who="1" ten="214,44,518,214" step="2"/><V57/><F114/><W21/><G21/><AGARI ba="2,1" hai="13,16,21,22,24,30,60,67,68,81,85,88,98,99" machi="21" ten="30,12000,2" yaku="1,1,2,1,7,1,52,1,54,2,53,0" doraHai="77" doraHaiUra="90" who="1" fromWho="3" sc="214,0,44,136,518,0,214,-126" owari="214,1.4,180,-22.0,518,61.8,88,-41.2" /></mjloggm>