<mjloggm ver="2.3"><GO type="225" lobby="0"/><UN n0="%E7%9A%AE%E3%80%85" n1="%E9%B3%B3%E6%9D%B1%E3%81%AE%E3%81%BF%E3%81%91%E3%81%AB%E3%82%83%E3%82%93" n2="%70%68%65%6E%6F%6D%65" n3="%E3%83%96%E3%83%83%E3%83%91%E3%82%AA%E3%83%96%E3%83%81%E3%82%AD%E3%83%B3" dan="16,16,16,16" rate="2131.98,2131.24,2150.20,2069.34" sx="F,F,M,M"/><TAIKYOKU oya="0"/><INIT seed="0,0,0,1,3,38" ten="250,250,250,250" oya="0" hai0="50,112,77,82,55,65,21,9,31,96,124,121,33" hai1="6,98,79,93,67,66,62,74,54,91,107,30,34" hai2="122,90,64,23,45,80,135,48,41,24,15,119,84" hai3="118,4,40,26,116,1,110,46,10,43,105,16,92"/><T68/><D112/><U78/><E6/><V129/><F129/><W49/><G105/><T56/><D121/><U134/><E134/><V130/><F130/><W57/><G110/><T73/><D124/><U11/><E11/><V86/><F135/><W71/><G71/><T115/><D115/><U126/><E126/><V61/><F122/><W81/><G92/><T5/><D33/><U19/><E19/><V28/><F119/><W106/><G106/><T12/><D96/><U72/><E30/><V29/><F15/><W83/><G57/><T69/><REACH who="0" step="1"/><D65/><REACH who="0" ten="240,250,250,250" step="2"/><U18/><E66/><V25/><F84/><W104/><G118/><T52/><D52/><U22/><E54/><V7/><F7/><W35/><G116/><T8/><D8/><U113/><E67/><V99/><F99/><W103/><G10/><T58/><D58/><U123/><E34/><V70/><REACH who="2" step="1"/><F25/><AGARI ba="0,1" hai="5,9,12,21,25,31,50,55,56,68,69,73,77,82" machi="25" ten="40,2000,0" yaku="1,1,53,0" doraHai="38" doraHaiUra="37" who="0" fromWho="2" sc="240,30,250,0,250,-20,250,0" /><INIT seed="0,1,0,1,3,40" ten="270,250,230,250" oya="0" hai0="91,100,50,62,81,24,33,61,6,98,89,117,124" hai1="53,0,11,77,106,36,29,75,103,39,82,4,119" hai2="122,56,102,38,57,3,96,15,132,16,51,31,35" hai3="59,127,20,30,85,112,76,80,22,73,49,134,94"/><T45/><D117/><U97/><E119/><V60/><F38/><W69/><G112/><T52/><D6/><U18/><E18/><V54/><F132/><W79/><G69/><T14/><D124/><U41/><E53/><V105/><F3/><W63/><G134/><T129/><D129/><U23/><E23/><N who="3" m="8746" /><G73/><T67/><D14/><U7/><E7/><V88/><F122/><W131/><G127/><T42/><D42/><U125/><E125/><V135/><F135/><W87/><G131/><T17/><D17/><U113/><BYE who="0" /><E113/><V21/><F88/><N who="3" m="53535" /><G49/><T1/><D1/><U47/><REACH who="1" step="1"/><E29/><REACH who="1" ten="270,240,230,250" step="2"/><V65/><F31/><W2/><G30/><T74/><D74/><U121/><E121/><V115/><F115/><W44/><G2/><UN n0="%E7%9A%AE%E3%80%85" /><T90/><D67/><U126/><E126/><V128/><F128/><W123/><G123/><T13/><D81/><U109/><E109/><V34/><AGARI ba="1,1" hai="15,16,21,34,35,51,54,56,57,60,65,96,102,105" machi="34" ten="30,2000,0" yaku="0,1,54,1" doraHai="40" who="2" fromWho="2" sc="270,-11,240,-6,230,33,250,-6" /><INIT seed="1,0,0,2,3,76" ten="259,234,263,244" oya="1" hai0="13,134,28,42,96,102,100,121,124,120,130,3,91" hai1="62,135,34,35,36,9,20,52,23,57,70,60,17" hai2="123,32,95,112,88,122,5,65,67,99,47,54,50" hai3="98,12,90,84,119,80,63,82,126,30,114,10,125"/><U89/><E36/><V106/><F112/><W24/><G114/><T43/><D3/><U2/><E135/><V66/><F32/><W59/><G119/><T29/><D134/><U86/><E23/><V19/><F5/><W113/><G98/><T8/><D130/><U49/><E9/><V81/><F106/><W53/><G113/><T93/><D124/><U79/><E79/><V40/><F19/><W16/><REACH who="3" step="1"/><G82/><REACH who="3" ten="259,234,263,234" step="2"/><T25/><D120/><U115/><E115/><V56/><REACH who="2" step="1"/><F81/><REACH who="2" ten="259,234,253,234" step="2"/><W46/><G46/><T116/><D121/><U37/><E35/><AGARI ba="0,2" hai="10,12,16,24,30,35,53,59,63,80,84,90,125,126" machi="35" ten="40,8000,1" yaku="1,1,52,1,54,1,53,1" doraHai="76" doraHaiUra="87" who="3" fromWho="1" sc="259,0,234,-80,253,0,234,100" /><INIT seed="2,0,0,4,3,58" ten="259,154,253,334" oya="2" hai0="41,11,79,55,112,36,24,51,42,78,97,3,80" hai1="23,100,44,38,49,18,74,57,9,20,64,126,88" hai2="47,81,25,73,7,104,37,109,13,99,101,124,52" hai3="128,30,114,59,22,72,77,89,63,65,87,35,27"/><V16/><F124/><W133/><G128/><T113/><D79/><U43/><E74/><V117/><F117/><W86/><G133/><T60/><D97/><U70/><E100/><V105/><F109/><W14/><G114/><T134/><D134/><U4/><E126/><V107/><F7/><W98/><G72/><T10/><D24/><U29/><E29/><V129/><F129/><W82/><G98/><T34/><D34/><U132/><E132/><V122/><F122/><W61/><G61/><T135/><D135/><U19/><E23/><V94/><F25/><W1/><G1/><T54/><D54/><U32/><E32/><V33/><F33/><W31/><G35/><T62/><D113/><U56/><E20/><V17/><F37/><W93/><G14/><T67/><D67/><U95/><E70/><V106/><N who="2" m="26624" /><DORA hai="76" /><V48/><REACH who="2" step="1"/><F13/><REACH who="2" ten="259,154,243,334" step="2"/><W116/><G116/><T39/><D112/><U91/><E38/><V28/><F28/><AGARI ba="0,1" hai="22,27,28,30,31,59,63,65,77,82,86,87,89,93" machi="28" ten="30,7700,0" yaku="7,1,8,1,52,2" doraHai="58,76" who="3" fromWho="2" sc="259,0,154,0,243,-77,334,87" /><INIT seed="3,0,0,5,4,63" ten="259,154,166,421" oya="3" hai0="89,99,24,132,122,73,91,121,103,39,112,60,62" hai1="80,95,93,33,101,25,133,130,79,100,87,61,29" hai2="65,7,11,14,34,131,50,81,105,76,22,0,129" hai3="58,20,26,48,110,134,98,4,109,78,124,16,59"/><W82/><G124/><T71/><D73/><U126/><E126/><V51/><F105/><W128/><G134/><T85/><D39/><U114/><E114/><V107/><F107/><W41/><G128/><N who="2" m="49225" /><F34/><W86/><G4/><T72/><D72/><U74/><E130/><V106/><F106/><W1/><G1/><T2/><D2/><U45/><E133/><V119/><F65/><W83/><G98/><T17/><D132/><U43/><E61/><V90/><F90/><W66/><G66/><T12/><D24/><U28/><E28/><V115/><F119/><W118/><G118/><T42/><D42/><U30/><E30/><V70/><F70/><W123/><G123/><T38/><D38/><U68/><E68/><V53/><F115/><W36/><G36/><T10/><D91/><U13/><E13/><V18/><F53/><W49/><G83/><T32/><D32/><U117/><E117/><V3/><F3/><W56/><G41/><T35/><D35/><U5/><E5/><V92/><F92/><W84/><G84/><AGARI ba="0,0" hai="0,7,11,14,18,22,50,51,76,81,84" m="49225" machi="84" ten="30,1000,0" yaku="19,1" doraHai="63" who="2" fromWho="3" sc="259,0,154,0,166,10,421,-10" owari="259,5.9,154,-34.6,176,-22.4,411,51.1" /></mjloggm>