<mjloggm ver="2.3"><GO type="225" lobby="0"/><UN n0="%E3%82%8A%E3%81%93%E3%82%8A%E3%82%93%E3%81%94" n1="%33%74%72%65%65" n2="%77%72%77%72%77%72%77%72" n3="%E3%81%8B%E3%82%8F%E3%81%A1%E3%82%83%E3%82%93%35%38" dan="17,17,17,16" rate="2147.28,2143.04,2120.60,2162.81" sx="M,F,M,M"/><TAIKYOKU oya="0"/><INIT seed="0,0,0,0,1,58" ten="250,250,250,250" oya="0" hai0="92,55,72,104,65,120,23,44,102,82,106,108,41" hai1="78,86,43,81,101,95,110,107,115,1,119,88,28" hai2="16,94,63,99,125,51,85,118,112,90,45,14,3" hai3="25,62,100,15,87,47,48,56,77,18,22,79,38"/><T89/><D120/><U113/><E1/><V122/><F125/><W105/><G38/><T97/><D65/><U5/><E5/><V10/><F122/><W54/><G105/><T34/><D34/><U117/><E28/><V74/><F74/><W35/><G100/><T13/><D108/><U128/><E43/><V30/><F112/><N who="1" m="43081" /><E110/><V31/><F3/><W67/><G35/><T76/><D55/><U127/><E127/><V42/><F118/><N who="1" m="45065" /><E128/><V50/><F50/><W68/><G68/><T53/><D53/><U91/><E107/><V132/><F132/><W114/><G114/><T98/><D106/><U7/><E7/><V61/><F99/><AGARI ba="0,0" hai="78,81,86,88,91,95,99,101" m="45065,43081" machi="99" ten="30,7700,0" yaku="11,1,34,2,54,1" doraHai="58" who="1" fromWho="2" sc="250,0,250,77,250,-77,250,0" /><INIT seed="1,0,0,0,1,28" ten="250,327,173,250" oya="1" hai0="53,88,73,90,133,42,94,68,91,89,26,18,113" hai1="77,45,60,83,130,15,27,37,98,108,114,80,115" hai2="86,30,62,55,102,69,52,7,110,118,5,50,67" hai3="34,12,92,56,116,25,127,22,21,58,84,121,107"/><U6/><E130/><V20/><F110/><W78/><G107/><T54/><D113/><U81/><E77/><V61/><F118/><W134/><G121/><T40/><D73/><U9/><E108/><V132/><F132/><W11/><G134/><T97/><D68/><U82/><E82/><V129/><F129/><W64/><G127/><T119/><D119/><U41/><E60/><V117/><F117/><W23/><G116/><T128/><D128/><U70/><E70/><V43/><F43/><N who="0" m="16426" /><D133/><U8/><E98/><V57/><F102/><W93/><G34/><T35/><D35/><U19/><REACH who="1" step="1"/><E27/><REACH who="1" ten="250,317,173,250" step="2"/><V65/><F86/><W99/><G25/><T48/><D48/><U100/><E100/><V126/><F126/><W47/><G99/><T101/><D101/><U75/><E75/><V31/><F69/><W112/><G112/><T36/><D36/><U17/><E17/><V29/><F29/><W109/><G109/><T103/><D103/><U63/><E63/><V71/><F71/><W2/><G84/><T38/><D38/><U79/><E79/><V74/><F74/><W0/><G78/><T123/><D123/><U120/><E120/><V96/><F96/><W106/><G106/><T105/><D105/><U13/><AGARI ba="0,1" hai="6,8,9,13,15,19,37,41,45,80,81,83,114,115" machi="13" ten="30,11700,0" yaku="1,1,0,1,53,2" doraHai="28" doraHaiUra="10" who="1" fromWho="1" sc="250,-39,317,127,173,-39,250,-39" /><INIT seed="1,1,0,3,4,135" ten="211,444,134,211" oya="1" hai0="33,66,36,105,47,96,65,6,43,81,71,38,28" hai1="58,102,16,0,103,128,93,72,22,45,75,131,89" hai2="116,126,90,46,54,121,79,44,32,30,80,130,60" hai3="26,29,15,67,13,95,4,133,113,42,111,77,82"/><U50/><E0/><V52/><F116/><W88/><G113/><T114/><D114/><U27/><E58/><V34/><F121/><W124/><G133/><T18/><D38/><U17/><E17/><V69/><F130/><N who="1" m="49705" /><E75/><V106/><F106/><W41/><G111/><T85/><D6/><U117/><E72/><V39/><F90/><W108/><G67/><T35/><D18/><U70/><E70/><V24/><F32/><W57/><G57/><T62/><D66/><U55/><E117/><V14/><F14/><W74/><G108/><T1/><D1/><U56/><E45/><V19/><F19/><W53/><G53/><T68/><D68/><U76/><E76/><V115/><F115/><W3/><G3/><T23/><D28/><U11/><E11/><V20/><F34/><W110/><G110/><T78/><D23/><U31/><E31/><V12/><F12/><W2/><G2/><T127/><D35/><U118/><E118/><V99/><F69/><W98/><G15/><T109/><D33/><U63/><E50/><V10/><F10/><N who="3" m="4295" /><G29/><T119/><D119/><U100/><E100/><V107/><F44/><W64/><G64/><T97/><D109/><U104/><E104/><V129/><F129/><W8/><G8/><T21/><D105/><U91/><E91/><V7/><F7/><W112/><G112/><T132/><D65/><U122/><E122/><V94/><F107/><W134/><G134/><T101/><D132/><U84/><AGARI ba="1,0" hai="16,22,27,55,56,63,84,89,93,102,103" m="49705" machi="84" ten="30,3000,0" yaku="19,1,54,1" doraHai="135" who="1" fromWho="1" sc="211,-11,444,33,134,-11,211,-11" /><INIT seed="1,2,0,1,5,91" ten="200,477,123,200" oya="1" hai0="134,4,19,90,43,115,98,58,70,132,0,97,113" hai1="133,77,117,126,15,34,60,21,35,64,67,44,120" hai2="88,109,94,84,112,79,27,110,74,81,75,59,96" hai3="29,50,119,40,114,1,124,73,121,107,100,52,130"/><U46/><E117/><V16/><F112/><W51/><G121/><T24/><D70/><U78/><E120/><V131/><F131/><W41/><G73/><T125/><D125/><U122/><E122/><V22/><REACH who="2" step="1"/><F59/><REACH who="2" ten="200,477,113,200" step="2"/><W62/><G114/><T17/><D58/><U102/><E126/><V123/><F123/><W42/><G124/><T48/><D115/><U105/><E34/><V3/><F3/><W85/><G1/><T135/><D0/><U18/><E35/><V93/><F93/><W36/><G130/><T5/><D113/><U92/><E92/><V26/><F26/><W61/><G119/><T89/><D24/><U57/><E133/><V8/><F8/><W87/><G107/><T10/><D10/><U20/><E20/><V11/><F11/><W53/><G36/><T38/><D38/><U104/><E104/><V14/><F14/><W56/><G29/><T30/><D30/><U32/><E32/><V101/><F101/><W49/><G100/><T63/><D134/><U69/><E102/><V9/><F9/><W47/><REACH who="3" step="1"/><G50/><REACH who="3" ten="200,477,113,190" step="2"/><T103/><D48/><U86/><E105/><V83/><F83/><W116/><G116/><T127/><D103/><U95/><E95/><V99/><F99/><W71/><G71/><T68/><D127/><U55/><E69/><V111/><AGARI ba="2,2" hai="16,22,27,74,75,79,81,84,88,94,96,109,110,111" machi="111" ten="30,12000,2" yaku="1,1,0,1,14,1,52,1,54,2,53,0" doraHai="91" doraHaiUra="128" who="2" fromWho="2" sc="200,-32,477,-62,113,146,190,-32" /><INIT seed="2,0,0,2,1,90" ten="168,415,259,158" oya="2" hai0="67,11,53,114,87,57,72,70,82,60,44,77,30" hai1="64,59,14,117,36,21,55,20,71,28,43,18,10" hai2="134,126,19,100,119,33,13,65,97,31,133,50,46" hai3="91,132,80,106,86,61,23,128,89,51,69,29,63"/><V8/><F119/><W39/><G39/><T109/><D114/><U129/><E117/><V16/><F65/><W113/><G106/><T24/><D109/><U124/><E124/><V42/><F126/><W3/><G128/><T49/><D11/><U101/><E129/><V45/><F45/><W74/><G74/><T135/><D135/><N who="2" m="51722" /><F31/><W85/><G132/><T96/><D96/><U41/><E28/><V111/><F33/><W22/><G3/><T84/><REACH who="0" step="1"/><D70/><REACH who="0" ten="158,415,259,158" step="2"/><U27/><E71/><V93/><F111/><W56/><G69/><T99/><D99/><U6/><E10/><V94/><F97/><W88/><G113/><T1/><D1/><U2/><E2/><V26/><F100/><W62/><G29/><T40/><D40/><U58/><E41/><V48/><F48/><W107/><G107/><T75/><D75/><U12/><E43/><V122/><F122/><W130/><G130/><T116/><D116/><U104/><E101/><V68/><F68/><W105/><G105/><T118/><D118/><U95/><E104/><V92/><F50/><W123/><G123/><T79/><D79/><U25/><E36/><V66/><F42/><W112/><G112/><T121/><D121/><U108/><E108/><V7/><F8/><W9/><G9/><T15/><D15/><U131/><E12/><V102/><F13/><W76/><REACH who="3" step="1"/><G85/><REACH who="3" ten="158,415,259,148" step="2"/><T127/><D127/><U37/><E37/><V83/><F7/><W98/><G98/><T52/><D52/><AGARI ba="0,2" hai="22,23,51,52,56,61,62,63,76,80,86,88,89,91" machi="52" ten="40,8000,1" yaku="1,1,8,1,54,2,53,0" doraHai="90" doraHaiUra="110" who="3" fromWho="0" sc="158,-80,415,0,259,0,148,100" /><INIT seed="3,0,0,1,3,104" ten="78,415,259,248" oya="3" hai0="109,75,27,132,73,54,112,25,88,1,48,36,12" hai1="120,31,19,129,101,71,5,135,83,77,122,44,46" hai2="114,102,86,97,107,29,108,78,103,63,70,64,121" hai3="45,69,125,61,56,6,10,33,96,76,99,38,58"/><W119/><G119/><T123/><D123/><U32/><E71/><V49/><F114/><W8/><G33/><T106/><D1/><U18/><E101/><V66/><F121/><W23/><G125/><T51/><D106/><U130/><E135/><V133/><F133/><W95/><G69/><T55/><D132/><U100/><E100/><V110/><F103/><W28/><G38/><T72/><D36/><U91/><E91/><V134/><F134/><W105/><G105/><T60/><D112/><U57/><E57/><N who="3" m="22122" /><G61/><T98/><D109/><N who="2" m="42090" /><F64/><W111/><G111/><T127/><D127/><U24/><E5/><V53/><F29/><W22/><G76/><T118/><D60/><U20/><E122/><V3/><F3/><W67/><G67/><T68/><D68/><U81/><E120/><V124/><F124/><W43/><G28/><T92/><D118/><U47/><E32/><V59/><F86/><W113/><G113/><T117/><D117/><U50/><E77/><AGARI ba="0,0" hai="49,53,59,63,66,70,77,78,97,102,107" m="42090" machi="77" ten="30,1000,0" yaku="14,1" doraHai="104" who="2" fromWho="1" sc="78,0,415,-10,259,10,248,0" owari="78,-42.2,405,50.5,269,6.9,248,-15.2" /></mjloggm>