<mjloggm ver="2.3"><GO type="225" lobby="0"/><UN n0="%E3%83%96%E3%83%83%E3%83%91%E3%82%AA%E3%83%96%E3%83%81%E3%82%AD%E3%83%B3" n1="%E3%81%BF%E3%81%BF%E3%81%9A" n2="%E7%99%BD%E5%80%89%E5%AF%9B%E4%B9%8B" n3="%E9%B3%B3%E6%9D%B1%E3%81%AE%E3%81%86%E3%81%95%E3%81%8E%E3%81%95%E3%82%93" dan="16,18,16,17" rate="2221.23,2248.48,2112.98,2187.79" sx="M,M,M,M"/><TAIKYOKU oya="0"/><INIT seed="0,0,0,2,2,3" ten="250,250,250,250" oya="0" hai0="106,93,25,124,5,122,95,13,74,28,101,56,107" hai1="9,115,8,61,41,24,127,104,37,71,116,112,133" hai2="65,125,105,81,66,102,69,135,51,110,64,45,76" hai3="98,82,21,94,59,130,44,89,119,18,48,120,20"/><T0/><D122/><U40/><E116/><V47/><F110/><W131/><G119/><T126/><D74/><U114/><E104/><N who="0" m="39977" /><D0/><U27/><E127/><N who="0" m="48681" /><D56/><U57/><E71/><V42/><F135/><W83/><G120/><T49/><D49/><U55/><E133/><V43/><F125/><W23/><G59/><T7/><D13/><U30/><E27/><V132/><F132/><W91/><G18/><T2/><D2/><U17/><E17/><V6/><F6/><N who="0" m="2058" /><D101/><U26/><E26/><V85/><F102/><W46/><G48/><T52/><D52/><U39/><E8/><V54/><F105/><W103/><G44/><N who="2" m="16969" /><F69/><W97/><G46/><AGARI ba="0,0" hai="42,43,46,51,54,64,65,66,76,81,85" m="16969" machi="46" ten="30,1000,0" yaku="8,1" doraHai="3" who="2" fromWho="3" sc="250,0,250,0,250,10,250,-10" /><INIT seed="1,0,0,4,3,58" ten="250,250,260,240" oya="1" hai0="135,33,6,20,98,7,79,94,5,99,25,9,104" hai1="16,95,127,126,81,48,112,80,86,21,120,36,69" hai2="130,57,85,17,2,64,77,8,0,131,62,59,84" hai3="15,29,3,133,24,39,91,44,53,128,115,111,23"/><U14/><E112/><V26/><F59/><W87/><G115/><T42/><D135/><U1/><E120/><V11/><F26/><W71/><G3/><N who="2" m="1065" /><F17/><W102/><G111/><T73/><D33/><U10/><E36/><V124/><F124/><N who="1" m="47657" /><E69/><V19/><F19/><W101/><G128/><N who="2" m="49193" /><F77/><W105/><G71/><T66/><D79/><U68/><E68/><V65/><F64/><W54/><G24/><T45/><D66/><U30/><E48/><V114/><F114/><W100/><G39/><T90/><D25/><N who="1" m="16687" /><E1/><V22/><F22/><W38/><G23/><T12/><D20/><U108/><E108/><V123/><F123/><W49/><G38/><T96/><D6/><U32/><E32/><V116/><F116/><W74/><G49/><T70/><D7/><U103/><E86/><AGARI ba="0,0" hai="8,11,57,62,65,84,85,86" m="49193,1065" machi="86" ten="30,2000,0" yaku="19,1,52,1" doraHai="58" who="2" fromWho="1" sc="250,0,250,-20,260,20,240,0" /><INIT seed="2,0,0,4,3,51" ten="250,230,280,240" oya="2" hai0="91,93,104,96,63,24,67,52,43,20,9,71,73" hai1="89,62,118,77,26,127,121,128,37,90,59,18,48" hai2="79,29,14,49,5,55,122,21,87,46,83,133,115" hai3="97,3,13,6,32,109,131,16,75,119,111,34,2"/><V39/><F115/><W124/><G75/><T19/><D73/><U61/><E37/><V134/><F122/><W40/><G40/><T125/><D125/><U60/><E118/><V108/><F108/><N who="3" m="41547" /><G119/><T66/><D43/><U44/><E127/><V80/><F39/><W81/><G124/><T54/><D67/><U95/><E121/><V99/><F99/><W12/><G81/><T38/><D38/><U7/><E128/><V30/><F83/><W45/><G45/><T116/><D116/><U11/><E77/><V50/><F50/><W132/><G97/><T78/><D78/><U82/><E82/><V120/><F120/><W102/><G102/><T0/><REACH who="0" step="1"/><D104/><REACH who="0" ten="240,230,280,240" step="2"/><U130/><E130/><V1/><F79/><W10/><G131/><T68/><D68/><U105/><E105/><V72/><F72/><W85/><G132/><T25/><D25/><U36/><E36/><V69/><F69/><W31/><G85/><T84/><D84/><U22/><E95/><V57/><F87/><W117/><G117/><T129/><D129/><U126/><E126/><V8/><F133/><W92/><G92/><T98/><D98/><U53/><REACH who="1" step="1"/><E44/><REACH who="1" ten="240,220,280,240" step="2"/><V112/><F46/><W33/><G31/><T42/><D42/><U47/><E47/><V58/><F30/><W35/><N who="3" m="8192" /><DORA hai="56" /><W94/><G94/><T15/><D15/><AGARI ba="0,2" hai="7,11,15,18,22,26,48,53,59,60,61,62,89,90" machi="15" ten="40,12000,2" yaku="1,1,8,1,52,4,53,0" doraHai="51,56" doraHaiUra="88,76" who="1" fromWho="0" sc="240,-120,220,140,280,0,240,0" /><INIT seed="3,0,0,3,3,87" ten="120,360,280,240" oya="3" hai0="57,42,127,97,124,59,24,110,117,9,15,3,28" hai1="68,33,54,19,53,123,56,114,130,13,103,10,44" hai2="101,52,73,77,105,70,122,21,90,108,67,107,26" hai3="48,49,20,128,96,4,17,30,102,32,55,121,74"/><W45/><G121/><T66/><D117/><U88/><E68/><V126/><F122/><W72/><G128/><T79/><D110/><U115/><E123/><V11/><F108/><W135/><G135/><T80/><D3/><U75/><E130/><V92/><F126/><W12/><G4/><T2/><D2/><U89/><E75/><V31/><F101/><W78/><G78/><T120/><D120/><U29/><E103/><V71/><F11/><W25/><REACH who="3" step="1"/><G49/><REACH who="3" ten="120,360,280,230" step="2"/><T60/><D127/><U86/><E114/><V85/><F77/><W95/><AGARI ba="0,1" hai="12,17,20,25,30,32,45,48,55,72,74,95,96,102" machi="95" ten="20,7800,0" yaku="1,1,2,1,0,1,7,1,53,0" doraHai="87" doraHaiUra="112" who="3" fromWho="3" sc="120,-26,360,-26,280,-26,230,88" /><INIT seed="3,1,0,0,3,63" ten="94,334,254,318" oya="3" hai0="15,97,121,127,105,13,35,62,88,26,107,94,76" hai1="91,14,23,85,50,21,128,20,72,31,102,45,112" hai2="82,29,37,92,3,44,52,28,55,24,0,101,96" hai3="19,16,43,17,69,65,48,41,83,103,106,122,84"/><W114/><G114/><T111/><D121/><U134/><E72/><V81/><F0/><W113/><G122/><T2/><D111/><U8/><E112/><V34/><F3/><W46/><G113/><T57/><D2/><U4/><E134/><V25/><F37/><W77/><G69/><T56/><D127/><U98/><E128/><V54/><REACH who="2" step="1"/><F44/><REACH who="2" ten="94,334,244,318" step="2"/><W117/><G117/><T27/><D76/><U123/><E123/><V73/><F73/><W53/><REACH who="3" step="1"/><G65/><REACH who="3" ten="94,334,244,308" step="2"/><T59/><D62/><U36/><E36/><V67/><F67/><W70/><G70/><T135/><D135/><U32/><E50/><V79/><F79/><W1/><G1/><T51/><D51/><U61/><E61/><V89/><F89/><W66/><G66/><T60/><D60/><U86/><E91/><V87/><F87/><W95/><G95/><T80/><D80/><U75/><E75/><V124/><F124/><W129/><G129/><T38/><D38/><U30/><E86/><V118/><F118/><W74/><G74/><T104/><REACH who="0" step="1"/><D35/><AGARI ba="1,2" hai="24,25,28,29,34,35,52,54,55,81,82,92,96,101" machi="35" ten="40,8000,1" yaku="1,1,9,1,54,1,53,1" doraHai="63" doraHaiUra="99" who="2" fromWho="0" sc="94,-83,334,0,244,103,308,0" owari="11,-48.9,334,13.4,347,44.7,308,-9.2" /></mjloggm>