<mjloggm ver="2.3"><GO type="225" lobby="0"/><UN n0="%E3%83%96%E3%83%83%E3%83%91%E3%82%AA%E3%83%96%E3%83%81%E3%82%AD%E3%83%B3" n1="%E3%83%A9%E3%82%B9%E7%8E%87%EF%BC%93%E5%89%B2" n2="%E6%A1%9C%E8%8A%B1%E9%96%83%E3%80%85" n3="%E3%81%99%E3%81%84%E3%81%BE%E3%81%9B%E3%83%BC%E3%82%93" dan="16,17,16,18" rate="2198.53,2210.66,2169.30,2267.09" sx="M,F,M,M"/><TAIKYOKU oya="0"/><INIT seed="0,0,0,0,1,40" ten="250,250,250,250" oya="0" hai0="12,6,65,51,31,55,38,83,27,13,34,129,44" hai1="118,104,80,106,64,50,36,35,26,110,117,21,70" hai2="82,54,112,47,59,84,66,52,93,62,75,96,2" hai3="135,16,19,87,133,48,49,102,23,33,113,56,7"/><T69/><D129/><U100/><E50/><N who="2" m="28767" /><F75/><W25/><G113/><T73/><D6/><U124/><E35/><V128/><F2/><W119/><G119/><T98/><D98/><U15/><E36/><V125/><F125/><W76/><G33/><T121/><D121/><U88/><E70/><V103/><F128/><W17/><G7/><T114/><D114/><U85/><E104/><V115/><F115/><W77/><G102/><T29/><D29/><U67/><E106/><V71/><F71/><W123/><G123/><T122/><D122/><U101/><E124/><V107/><F107/><W91/><G135/><T99/><D99/><U72/><E72/><V24/><F24/><W79/><G133/><T18/><D18/><N who="3" m="7273" /><G56/><N who="0" m="32895" /><D83/><AGARI ba="0,0" hai="19,23,25,48,49,76,77,79,83,87,91" m="7273" machi="83" ten="30,2000,0" yaku="8,1,54,1" doraHai="40" who="3" fromWho="0" sc="250,-20,250,0,250,0,250,20" /><INIT seed="1,0,0,0,0,122" ten="230,250,250,270" oya="1" hai0="1,107,66,83,37,46,86,68,118,78,124,135,121" hai1="26,97,7,123,29,61,2,15,115,41,90,57,67" hai2="22,10,14,79,70,105,95,109,114,98,88,130,48" hai3="62,59,116,52,25,69,60,120,30,53,93,84,33"/><U94/><E115/><V28/><F114/><W106/><G120/><T56/><D118/><U17/><E123/><V6/><F130/><W19/><G106/><T36/><D121/><U126/><E126/><V132/><F132/><W89/><G116/><T31/><D107/><U45/><E2/><V81/><F70/><W5/><G5/><T119/><D119/><U82/><E7/><V8/><F109/><W76/><G19/><T104/><D1/><U129/><E82/><V16/><F105/><W18/><G18/><T44/><D104/><U42/><E45/><V108/><F108/><W101/><G101/><T110/><D68/><U4/><E4/><V24/><F48/><W92/><G76/><T0/><D0/><U23/><REACH who="1" step="1"/><E129/><REACH who="1" ten="230,240,250,270" step="2"/><V27/><F27/><W35/><G25/><T11/><D124/><U87/><E87/><N who="2" m="48575" /><F6/><W102/><G84/><T117/><D117/><U54/><E54/><V73/><F73/><W3/><G53/><T50/><D110/><U43/><E43/><V12/><F12/><W13/><G13/><T40/><D135/><U96/><E96/><V125/><F125/><W85/><G3/><T91/><D40/><U39/><E39/><V80/><F80/><W133/><G133/><T131/><D37/><U65/><E65/><V9/><AGARI ba="0,1" hai="8,9,10,14,16,22,24,28,88,95,98" m="48575" machi="9" ten="30,4000,0" yaku="8,1,54,2" doraHai="122" who="2" fromWho="2" sc="230,-10,240,-20,250,50,270,-10" /><INIT seed="2,0,0,2,5,83" ten="220,220,300,260" oya="2" hai0="82,90,88,110,47,106,58,111,32,22,28,39,6" hai1="94,96,80,87,120,34,12,134,8,116,42,93,72" hai2="69,77,9,64,85,128,105,98,112,97,18,59,68" hai3="103,38,40,49,36,27,62,132,17,31,73,108,25"/><V55/><F112/><W0/><G73/><T102/><D32/><U119/><E34/><V129/><F64/><W4/><G108/><N who="0" m="41515" /><D6/><U133/><E42/><V123/><F123/><W75/><G75/><T117/><D117/><N who="1" m="45131" /><E12/><N who="2" m="7439" /><F77/><W91/><G103/><T3/><D3/><U35/><E8/><V115/><F85/><W121/><G121/><T107/><D58/><U84/><E35/><V124/><F124/><W45/><G4/><T78/><D28/><U130/><E130/><N who="2" m="50283" /><F115/><W70/><G0/><T20/><D20/><U76/><E120/><V131/><N who="2" m="50291" /><V109/><DORA hai="99" /><F109/><W2/><G2/><T101/><D22/><U89/><E72/><V1/><F1/><W44/><G70/><N who="2" m="27241" /><F105/><N who="0" m="39946" /><D39/><U16/><E16/><V21/><F21/><W26/><G38/><T51/><D78/><U114/><E114/><V56/><F56/><W127/><G36/><T66/><D66/><U30/><E30/><V53/><F53/><W74/><G17/><T86/><D90/><AGARI ba="0,0" hai="76,80,84,87,89,90,93,94,96,133,134" m="45131" machi="90" ten="30,7700,0" yaku="34,2,52,2" doraHai="83,99" who="1" fromWho="0" sc="220,-77,220,77,300,0,260,0" /><INIT seed="3,0,0,1,2,84" ten="143,297,300,260" oya="3" hai0="111,34,62,46,25,117,36,80,86,69,114,37,16" hai1="134,110,100,40,2,73,48,8,44,13,124,131,63" hai2="21,126,125,42,58,105,20,1,72,78,65,39,4" hai3="3,98,53,52,88,28,12,135,15,50,0,96,103"/><W57/><G135/><T55/><D117/><U129/><E134/><V95/><F105/><W71/><G71/><T31/><D111/><U123/><E123/><V60/><F95/><N who="3" m="58783" /><G0/><T104/><D104/><U68/><E110/><V109/><F109/><W81/><G3/><T82/><D114/><U9/><E124/><N who="2" m="47723" /><F78/><W90/><G28/><T6/><D82/><U49/><E73/><V116/><F72/><W66/><G66/><T41/><D6/><N who="1" m="1111" /><E100/><V83/><F83/><W120/><G120/><T74/><D74/><U113/><E113/><V101/><F101/><W18/><G18/><T122/><D122/><U87/><E87/><V33/><F33/><W14/><G98/><T5/><D5/><N who="1" m="3247" /><E63/><V77/><F77/><W26/><G26/><T133/><D133/><U97/><E97/><V30/><F30/><W11/><G11/><T91/><D16/><U102/><E102/><V64/><F64/><W51/><G81/><T130/><D130/><N who="1" m="49675" /><E68/><V99/><F99/><W29/><G29/><T121/><D121/><U89/><E89/><V10/><F116/><W70/><G70/><T61/><D69/><U7/><E7/><V47/><AGARI ba="0,0" hai="1,4,10,20,21,39,42,47,58,60,65" m="47723" machi="47" ten="30,1100,0" yaku="18,1" doraHai="84" who="2" fromWho="2" sc="143,-3,297,-3,300,11,260,-5" owari="140,-36.0,294,9.4,311,41.1,255,-14.5" /></mjloggm>