<mjloggm ver="2.3"><GO type="225" lobby="0"/><UN n0="%E3%81%BF%E3%81%BF%E3%81%9A" n1="%E3%81%A4%E3%81%A3%E3%81%B1%E3%82%8A%E3%83%9D%E3%83%BC%E3%83%AB" n2="%E3%83%96%E3%83%83%E3%83%91%E3%82%AA%E3%83%96%E3%83%81%E3%82%AD%E3%83%B3" n3="%E3%82%B9%E3%83%BC%E3%83%91%E3%83%BC%E3%81%BE%E3%81%BB%E3%81%A3%E3%81%A1" dan="17,17,16,16" rate="2159.30,2153.19,2040.38,2098.93" sx="M,M,M,F"/><TAIKYOKU oya="0"/><INIT seed="0,0,0,5,5,67" ten="250,250,250,250" oya="0" hai0="1,12,124,102,51,83,82,115,99,39,17,5,41" hai1="128,20,45,13,132,64,10,90,131,118,16,122,125" hai2="120,98,134,44,117,107,28,46,104,113,129,62,40" hai3="81,26,54,8,101,110,22,86,49,55,87,61,75"/><T29/><D115/><U103/><E118/><V73/><F120/><W84/><G110/><T30/><D39/><U56/><E122/><V7/><F113/><W92/><G75/><T126/><D5/><U79/><E132/><V69/><F73/><W94/><G8/><T24/><D1/><U38/><E125/><N who="0" m="48233" /><D41/><N who="1" m="22711" /><E79/><V133/><F7/><W66/><G81/><N who="0" m="30731" /><D51/><U18/><E103/><V119/><F28/><N who="3" m="17495" /><G66/><T42/><D42/><U23/><E90/><V25/><F40/><W65/><G101/><T78/><D24/><U53/><E64/><V60/><F25/><W89/><G49/><T97/><D78/><U43/><E43/><V48/><F48/><W33/><G33/><T80/><N who="0" m="30739" /><T121/><DORA hai="100" /><D121/><U57/><E53/><N who="3" m="19978" /><G89/><T31/><D102/><U135/><E135/><V34/><F34/><W36/><G36/><T50/><D50/><U93/><E131/><V15/><F129/><W105/><G105/><T68/><D68/><U123/><E128/><V88/><F88/><N who="3" m="53255" /><G94/><T106/><D106/><U2/><E93/><V127/><F127/><W27/><G27/><T52/><D52/><U0/><E123/><V76/><F134/><W111/><G111/><T74/><D74/><U109/><E109/><V14/><F133/><W71/><G71/><T77/><D77/><U114/><E114/><V112/><F69/><W59/><AGARI ba="0,0" hai="59,61,65,86,87" m="53255,19978,17495" machi="59" ten="30,2000,0" yaku="8,1,54,1" doraHai="67,100" who="3" fromWho="3" sc="250,-10,250,-5,250,-5,250,20" /><INIT seed="1,0,0,5,0,42" ten="240,245,245,270" oya="1" hai0="10,66,89,64,119,33,55,44,80,110,96,76,123" hai1="68,102,31,120,97,104,25,126,21,71,3,99,116" hai2="50,84,32,72,86,37,79,7,0,6,69,114,73" hai3="98,105,70,62,56,78,94,81,95,51,58,122,109"/><U93/><E116/><V5/><F0/><W77/><G122/><T1/><D33/><U57/><E120/><V4/><F37/><W111/><G70/><T15/><D1/><U36/><E126/><V121/><F121/><W8/><G8/><T131/><D123/><U107/><E3/><V28/><N who="2" m="1024" /><DORA hai="54" /><V18/><F114/><W52/><G105/><T135/><D119/><U132/><E132/><V39/><F39/><W92/><G98/><T85/><D135/><U106/><E36/><V112/><F112/><W23/><G23/><T26/><D26/><U130/><E130/><V9/><F69/><W74/><REACH who="3" step="1"/><G78/><REACH who="3" ten="240,245,245,260" step="2"/><T35/><D131/><U101/><E107/><V22/><F79/><W11/><G11/><T59/><D35/><U88/><E57/><V75/><F9/><W82/><G82/><T103/><D76/><U115/><REACH who="1" step="1"/><E115/><REACH who="1" ten="240,235,245,260" step="2"/><V41/><F32/><W117/><G117/><T12/><D59/><U113/><E113/><V125/><F125/><W65/><AGARI ba="0,2" hai="51,52,56,58,62,65,74,77,81,92,94,95,109,111" machi="65" ten="30,12000,2" yaku="1,1,0,1,52,2,54,1,53,2" doraHai="42,54" doraHaiUra="45,60" who="3" fromWho="3" sc="240,-30,235,-60,245,-30,260,140" /><INIT seed="2,0,0,0,1,3" ten="210,175,215,400" oya="2" hai0="72,63,57,88,46,59,14,131,18,11,61,101,33" hai1="74,21,111,126,65,102,76,42,56,48,69,114,49" hai2="55,1,121,50,25,32,4,64,27,96,6,81,44" hai3="53,103,54,12,62,9,36,108,77,106,132,71,7"/><V73/><F121/><W26/><G36/><T83/><D131/><U30/><E114/><V107/><F1/><W94/><G108/><T99/><D33/><U40/><E69/><V51/><F64/><W117/><G106/><T113/><D113/><U93/><E111/><V84/><F73/><W127/><G127/><T116/><D116/><U85/><E74/><V22/><F32/><W37/><G37/><T2/><D2/><U98/><E126/><V34/><F34/><W92/><G132/><T23/><D46/><U60/><E85/><V47/><F96/><W115/><G26/><N who="2" m="9737" /><F22/><W5/><G71/><T66/><D23/><U100/><E76/><N who="2" m="46119" /><F107/><W8/><G117/><T41/><D41/><AGARI ba="0,0" hai="4,6,41,44,47,50,51,55" m="46119,9737" machi="41" ten="30,5800,0" yaku="8,1,52,2" doraHai="3" who="2" fromWho="0" sc="210,-58,175,0,215,58,400,0" /><INIT seed="2,1,0,1,4,0" ten="152,175,273,400" oya="2" hai0="28,126,84,106,110,99,49,130,132,56,103,112,78" hai1="89,94,33,2,7,124,129,52,20,46,80,87,100" hai2="114,107,109,71,70,47,31,53,44,21,95,98,15" hai3="32,68,93,43,127,134,91,59,102,54,4,88,41"/><V85/><F114/><W86/><G32/><T48/><D112/><U40/><E33/><V75/><F75/><W58/><G68/><T8/><D110/><U97/><E129/><V123/><F123/><W133/><G102/><T6/><D130/><U10/><E124/><V23/><F107/><W67/><G4/><T57/><D126/><U122/><E122/><V105/><F105/><W18/><G18/><T92/><D28/><U24/><E52/><V69/><F85/><N who="3" m="52367" /><G67/><T42/><D132/><N who="3" m="50793" /><G127/><T37/><D37/><U14/><E2/><V45/><F109/><W61/><G59/><T29/><D29/><U83/><E83/><AGARI ba="1,0" hai="41,43,54,58,61,83,86,91" m="50793,52367" machi="83" ten="30,2000,0" yaku="20,1,54,1" doraHai="0" who="3" fromWho="1" sc="152,0,175,-23,273,0,400,23" /><INIT seed="3,0,0,4,4,128" ten="152,152,273,423" oya="3" hai0="44,67,31,107,97,47,2,1,80,3,9,48,131" hai1="114,78,61,45,127,4,38,23,104,129,81,89,92" hai2="53,21,125,19,36,65,8,72,96,20,134,88,35" hai3="56,52,29,27,82,119,120,75,105,10,13,22,123"/><W90/><G105/><T103/><D131/><U85/><E114/><V50/><F35/><W102/><G102/><T57/><D31/><U106/><E129/><V55/><F36/><W86/><G75/><T28/><D28/><U109/><E109/><V118/><F72/><W94/><G94/><T112/><D112/><U68/><E127/><V132/><F65/><W111/><G111/><T77/><D9/><U41/><E23/><N who="2" m="8779" /><F118/><W37/><G37/><T62/><REACH who="0" step="1"/><D48/><REACH who="0" ten="142,152,273,423" step="2"/><U25/><E4/><V122/><F50/><W34/><G119/><T133/><D133/><U33/><E33/><V91/><F8/><W39/><G39/><T16/><D16/><U101/><E101/><V79/><F19/><W108/><G108/><T99/><D99/><U73/><REACH who="1" step="1"/><E25/><REACH who="1" ten="142,142,273,423" step="2"/><V51/><F125/><W6/><G34/><T93/><D93/><U71/><E71/><V43/><F132/><W66/><G66/><AGARI ba="0,2" hai="38,41,45,61,66,68,73,78,81,85,89,92,104,106" machi="66" ten="40,2600,0" yaku="1,1,53,1" doraHai="128" doraHaiUra="59" who="1" fromWho="3" sc="142,0,142,46,273,0,423,-26" owari="142,-35.8,188,-21.2,273,7.3,397,49.7" /></mjloggm>