<mjloggm ver="2.3"><GO type="225" lobby="0"/><UN n0="%E6%A1%9C%E6%B2%A2%E5%A2%A8" n1="%E3%83%94%E3%83%B3%E3%82%B5%E3%83%AD%E5%BA%97%E5%93%A1" n2="%E5%A4%8F%E9%88%B4%E9%88%B4%E5%A4%8F" n3="%E3%83%96%E3%83%83%E3%83%91%E3%82%AA%E3%83%96%E3%83%81%E3%82%AD%E3%83%B3" dan="17,17,16,16" rate="2147.92,2252.01,2105.91,2081.15" sx="F,M,F,M"/><TAIKYOKU oya="0"/><INIT seed="0,0,0,3,3,122" ten="250,250,250,250" oya="0" hai0="43,67,77,1,55,62,26,110,63,90,128,69,68" hai1="91,127,119,100,8,80,97,39,81,89,64,17,31" hai2="15,98,53,115,96,104,35,113,28,44,22,108,51" hai3="107,99,74,6,32,88,18,114,5,72,66,121,73"/><T84/><D1/><U103/><E119/><V47/><F35/><W92/><G121/><T95/><D128/><U46/><E127/><V25/><F108/><W27/><G114/><T50/><D43/><U56/><E31/><V87/><F104/><W94/><G107/><T65/><D77/><U24/><E39/><V102/><F102/><N who="1" m="38953" /><E46/><V36/><F115/><W117/><G117/><T59/><D26/><U4/><E4/><V83/><F113/><W93/><G66/><T76/><D76/><U40/><E40/><V19/><F44/><W12/><G27/><T58/><REACH who="0" step="1"/><D110/><REACH who="0" ten="240,250,250,250" step="2"/><U60/><E24/><V2/><F2/><W16/><G32/><T130/><D130/><U10/><E91/><N who="2" m="51711" /><F36/><W61/><G73/><T116/><D116/><U37/><E37/><V70/><F70/><AGARI ba="0,1" hai="50,55,58,59,62,63,65,67,68,69,70,84,90,95" machi="70" ten="30,2900,0" yaku="1,1,7,1,53,0" doraHai="122" doraHaiUra="111" who="0" fromWho="2" sc="240,39,250,0,250,-29,250,0" /><INIT seed="0,1,0,0,1,62" ten="279,250,221,250" oya="0" hai0="82,6,92,127,72,28,19,86,96,81,73,33,93" hai1="64,75,32,124,48,110,57,4,84,38,101,105,68" hai2="119,130,66,22,5,25,123,41,98,30,43,44,60" hai3="13,103,23,10,85,69,8,102,126,112,67,104,39"/><T91/><D6/><U36/><E75/><N who="0" m="28745" /><D19/><U116/><E32/><V70/><F123/><W114/><G39/><N who="1" m="14890" /><E84/><V76/><F130/><W128/><G104/><T27/><D27/><U134/><E101/><V77/><F119/><W20/><G69/><T83/><D28/><U88/><E88/><V132/><F132/><W131/><G85/><N who="0" m="52335" /><D33/><U79/><E79/><V125/><F98/><W71/><G71/><T3/><D3/><U118/><E105/><V115/><F125/><W49/><G49/><T99/><D127/><U129/><E4/><V18/><F115/><W9/><G126/><T113/><D113/><N who="3" m="43625" /><G67/><T56/><D56/><U1/><E1/><V120/><F120/><W12/><G103/><N who="0" m="60815" /><D99/><U51/><E124/><V52/><F5/><W78/><G102/><T46/><D46/><U135/><E68/><V24/><F41/><W122/><G122/><T63/><D63/><N who="1" m="37999" /><E129/><N who="3" m="49738" /><G13/><T54/><D54/><U90/><E51/><V37/><REACH who="2" step="1"/><F52/><REACH who="2" ten="279,250,211,250" step="2"/><W58/><G10/><T26/><D26/><U121/><E121/><V80/><F80/><W106/><G9/><T29/><D29/><U87/><E118/><V89/><F89/><AGARI ba="1,1" hai="81,82,83,86,89" m="60815,52335,28745" machi="89" ten="30,12000,1" yaku="35,5" doraHai="62" who="0" fromWho="2" sc="279,133,250,0,211,-123,250,0" /><INIT seed="0,2,0,1,0,15" ten="412,250,88,250" oya="0" hai0="54,130,73,17,67,134,30,37,28,132,21,62,11" hai1="52,68,45,120,81,121,95,93,57,7,128,97,64" hai2="70,86,90,87,8,99,22,56,33,119,51,129,76" hai3="31,69,12,105,39,9,84,100,124,108,10,111,126"/><T89/><D73/><U71/><E128/><V34/><F129/><W85/><G39/><T80/><D130/><U55/><E7/><V40/><F119/><W72/><G69/><T23/><D37/><U92/><E97/><V58/><F70/><W122/><G31/><T20/><D54/><U46/><E93/><V101/><F8/><W44/><G44/><T82/><D11/><U102/><E57/><V16/><F33/><W112/><G72/><T107/><D107/><U75/><E75/><V6/><F6/><W32/><G32/><T24/><D23/><U49/><E81/><N who="2" m="47399" /><F34/><W115/><G12/><T88/><D62/><U135/><E49/><V13/><F99/><W98/><G122/><T43/><D67/><U25/><E64/><V48/><F101/><W53/><G53/><T103/><D103/><U0/><E102/><V41/><F51/><W110/><G9/><T127/><D127/><N who="3" m="48681" /><G10/><T133/><D43/><N who="2" m="16458" /><F48/><W104/><G104/><T94/><D30/><U74/><E74/><V2/><F2/><W96/><G96/><N who="0" m="57415" /><D89/><U106/><E106/><V47/><F47/><W113/><AGARI ba="2,0" hai="84,85,98,100,105,108,110,111,112,113,115" m="48681" machi="113" ten="50,8000,1" yaku="14,1,18,1,34,2" doraHai="15" who="3" fromWho="3" sc="412,-42,250,-22,88,-22,250,86" /><INIT seed="1,0,0,4,3,78" ten="370,228,66,336" oya="1" hai0="122,80,61,48,93,57,79,65,47,44,73,124,95" hai1="85,7,90,121,51,86,34,45,59,28,87,105,67" hai2="9,106,58,42,123,119,30,125,12,127,36,98,118" hai3="112,22,129,120,74,56,54,19,83,70,41,21,40"/><U0/><E121/><V69/><F123/><W134/><G120/><T60/><D124/><N who="2" m="47690" /><F69/><W14/><G112/><T33/><D33/><U126/><E105/><V99/><F30/><W27/><G70/><T39/><D122/><U113/><E113/><V71/><F71/><W110/><G110/><T50/><D39/><U97/><E126/><V94/><F106/><W16/><G129/><T107/><D107/><U38/><E34/><V31/><F31/><W128/><G134/><T53/><REACH who="0" step="1"/><D61/><REACH who="0" ten="360,228,66,336" step="2"/><U109/><E38/><V133/><F36/><W115/><G115/><T55/><AGARI ba="0,1" hai="44,47,48,50,53,55,57,60,65,73,79,80,93,95" machi="55" ten="20,12000,2" yaku="1,1,2,1,0,1,7,1,9,1,52,1,53,0" doraHai="78" doraHaiUra="15" who="0" fromWho="0" sc="360,130,228,-60,66,-30,336,-30" /><INIT seed="2,0,0,1,1,82" ten="490,168,36,306" oya="2" hai0="131,43,34,73,92,72,115,15,125,132,27,65,83" hai1="4,40,12,61,95,79,101,59,7,114,24,57,93" hai2="126,3,2,69,107,117,129,78,20,113,116,21,134" hai3="67,25,70,28,62,68,122,37,63,29,6,106,38"/><V41/><F107/><W105/><G122/><T86/><D115/><U103/><E114/><V76/><F69/><W33/><G6/><T94/><D131/><U98/><E79/><N who="2" m="30251" /><F113/><W127/><G127/><T90/><D132/><U48/><E24/><V49/><F41/><W50/><G50/><T128/><D128/><U81/><E81/><V31/><F49/><W16/><G16/><T1/><D1/><N who="2" m="10" /><F134/><W118/><G118/><N who="2" m="45673" /><F129/><W0/><G0/><T14/><D43/><U55/><E40/><V104/><F104/><N who="3" m="40043" /><G29/><T102/><D27/><U47/><E47/><V51/><F51/><W124/><G124/><T19/><D19/><U108/><E7/><V110/><F126/><W112/><G112/><T60/><D125/><U53/><E4/><V9/><F9/><W121/><G121/><T35/><D14/><U18/><E95/><V109/><F31/><W87/><G68/><T66/><D15/><U96/><E96/><V58/><F58/><W32/><G70/><T42/><D42/><U85/><E101/><V100/><F100/><W36/><G28/><T89/><D102/><U5/><E5/><V44/><F44/><W23/><G38/><T130/><D130/><U84/><E108/><AGARI ba="0,0" hai="20,21,108,109,110" m="45673,10,30251" machi="108" ten="40,12000,1" yaku="28,2,14,1,10,1" doraHai="82" who="2" fromWho="1" sc="490,0,168,-120,36,120,306,0" /><INIT seed="2,1,0,4,0,29" ten="490,48,156,306" oya="2" hai0="109,102,133,131,17,107,97,59,76,71,23,46,13" hai1="50,35,51,123,12,19,24,83,127,81,5,28,132" hai2="84,7,14,66,134,77,22,96,122,82,126,117,45" hai3="121,40,87,26,33,3,54,57,92,6,31,34,74"/><V1/><F122/><W91/><G121/><T11/><D71/><U90/><E123/><V103/><F117/><W80/><G40/><T16/><D109/><U72/><E132/><V100/><F1/><W0/><G6/><T39/><D133/><U101/><E127/><V2/><F2/><W119/><G119/><T85/><D131/><U95/><E101/><V116/><F116/><W108/><G108/><T8/><D59/><U104/><E104/><V21/><F134/><W135/><G135/><T9/><D39/><U88/><E5/><V105/><F103/><W118/><G34/><T69/><D69/><U60/><E60/><V70/><F45/><W98/><G74/><T68/><D68/><U20/><E90/><V36/><F36/><W27/><G27/><T73/><D73/><U30/><E30/><V47/><F47/><W37/><G37/><T41/><D46/><U120/><E120/><V42/><F42/><W129/><G129/><T128/><D41/><U106/><E106/><V49/><F49/><W111/><G111/><T130/><REACH who="0" step="1"/><D17/><REACH who="0" ten="480,48,156,306" step="2"/><U48/><REACH who="1" step="1"/><E72/><REACH who="1" ten="480,38,156,306" step="2"/><V94/><F126/><W25/><G118/><T38/><D38/><U62/><E62/><V44/><F70/><W18/><G18/><T93/><D93/><U43/><E43/><V4/><F94/><W58/><G92/><T75/><D75/><U125/><E125/><V99/><F105/><W79/><G31/><T63/><D63/><U61/><E61/><V56/><F66/><W67/><G67/><T114/><D114/><U89/><E89/><V124/><F124/><W78/><G91/><RYUUKYOKU ba="1,2" sc="480,15,38,15,156,-15,306,-15" hai0="8,9,11,13,16,23,76,85,97,102,107,128,130" hai1="12,19,20,24,28,35,48,50,51,81,83,88,95" /><INIT seed="3,2,2,5,5,128" ten="495,53,141,291" oya="3" hai0="99,133,110,134,13,108,81,6,23,54,44,60,91" hai1="70,35,52,113,126,29,11,74,18,98,107,61,89" hai2="30,40,38,111,22,95,2,7,103,105,79,57,83" hai3="51,115,116,97,71,129,45,43,118,34,28,88,66"/><W127/><G115/><T93/><D81/><U17/><E113/><V80/><F105/><W31/><G129/><T33/><D33/><U121/><E121/><V15/><F57/><W58/><G71/><T53/><D60/><U106/><E74/><N who="2" m="43127" /><F83/><W135/><G34/><T20/><D6/><U102/><E107/><V37/><F37/><W12/><G127/><T10/><D10/><U50/><E126/><V131/><F111/><N who="0" m="42538" /><D44/><U46/><E89/><V42/><F42/><W21/><G135/><N who="0" m="51723" /><D13/><U1/><E1/><V9/><F15/><W94/><G118/><T47/><D47/><U76/><E76/><V101/><F9/><W36/><G116/><T32/><D32/><U117/><E117/><V5/><F7/><W112/><G112/><T59/><D59/><U85/><E85/><V62/><F5/><W120/><G120/><T132/><D132/><U109/><E109/><V24/><F2/><W27/><G12/><T73/><D73/><U41/><E11/><V39/><F131/><W4/><G4/><T104/><D104/><U65/><REACH who="1" step="1"/><E41/><REACH who="1" ten="495,43,141,291" step="2"/><V64/><F103/><W86/><G43/><T125/><D125/><U68/><E68/><V77/><F40/><W72/><G72/><T87/><D99/><U8/><E8/><V67/><F77/><W69/><G97/><T96/><D96/><U19/><E19/><V90/><F101/><W3/><G69/><T16/><D16/><U130/><E130/><V92/><F90/><W84/><G3/><T75/><D75/><U114/><E114/><V100/><F100/><W56/><G88/><T78/><D78/><RYUUKYOKU ba="2,3" sc="495,15,43,15,141,-15,291,-15" hai0="20,23,53,54,87,91,93" hai1="17,18,29,35,46,50,52,61,65,70,98,102,106" owari="540,64.0,58,-44.2,126,-27.4,276,7.6" /></mjloggm>