<mjloggm ver="2.3"><GO type="225" lobby="0"/><UN n0="%72%69%6F%75%63%68%61%6E" n1="%E6%98%BC%E4%B8%8B%E3%81%8C%E3%82%8A%E3%81%AE%E5%9B%A3%E5%9C%B0%E5%A6%BB" n2="%E3%83%81%E3%83%83%E3%82%BF%E3%82%BD%E3%83%BC" n3="%E4%BF%BA%E3%81%A8%E5%A6%96%E5%A4%A2" dan="16,16,16,16" rate="2101.86,2142.79,2178.37,2256.61" sx="M,F,F,F"/><TAIKYOKU oya="0"/><INIT seed="0,0,0,4,4,38" ten="250,250,250,250" oya="0" hai0="111,33,27,49,25,129,21,108,63,75,119,127,11" hai1="20,68,77,8,40,1,115,101,87,102,103,0,43" hai2="120,57,62,73,83,50,14,15,113,24,94,109,105" hai3="96,34,85,99,19,91,47,107,59,70,125,30,74"/><T44/><D127/><U36/><E68/><V58/><F105/><W23/><G74/><T132/><D129/><U31/><E115/><V13/><F113/><W130/><G70/><T116/><D132/><U86/><E36/><V122/><F109/><N who="0" m="42058" /><D75/><U65/><E65/><V128/><F128/><W28/><G125/><T56/><D33/><U48/><E48/><V118/><F118/><N who="0" m="45098" /><D11/><U32/><E32/><V16/><F94/><W121/><G130/><T71/><D71/><U64/><E64/><V80/><F50/><W95/><G34/><T22/><D22/><U81/><E8/><V37/><F37/><W97/><G121/><T92/><D92/><U134/><E134/><V29/><F120/><W124/><G47/><T35/><D35/><U10/><E10/><N who="2" m="6199" /><F122/><W26/><G107/><T69/><D69/><U39/><E39/><V100/><F73/><W79/><G124/><T106/><D106/><U90/><E1/><V82/><F100/><W84/><G59/><N who="2" m="22537" /><F62/><W88/><REACH who="3" step="1"/><G79/><REACH who="3" ten="250,250,250,240" step="2"/><T6/><D6/><U7/><E7/><V133/><F133/><W53/><G53/><N who="0" m="34191" /><D21/><AGARI ba="0,1" hai="14,15,21,24,29,80,82,83" m="22537,6199" machi="21" ten="30,2000,0" yaku="8,1,54,1" doraHai="38" who="2" fromWho="0" sc="250,-20,250,0,250,30,240,0" /><INIT seed="1,0,0,5,3,75" ten="230,250,280,240" oya="1" hai0="110,134,11,36,68,105,72,8,56,76,13,3,29" hai1="61,46,119,57,43,103,87,89,120,47,94,34,82" hai2="16,81,73,15,50,113,37,104,42,93,70,99,17" hai3="91,86,128,66,55,80,121,2,124,58,74,4,95"/><U51/><E119/><V90/><F113/><W41/><G121/><T133/><D110/><U53/><E120/><V18/><F70/><W107/><G107/><T38/><D68/><U83/><E34/><V1/><F1/><W19/><G128/><T130/><D130/><U20/><E103/><V114/><F114/><W122/><G122/><T67/><D105/><U60/><E20/><V52/><F104/><W6/><G124/><T101/><D101/><U65/><REACH who="1" step="1"/><E60/><REACH who="1" ten="230,240,280,240" step="2"/><V102/><F102/><W69/><G2/><T45/><D3/><U33/><E33/><V116/><F116/><W85/><G74/><T106/><D72/><U49/><AGARI ba="0,1" hai="43,46,47,49,51,53,57,61,65,82,83,87,89,94" machi="49" ten="20,7800,0" yaku="1,1,0,1,7,1,8,1,53,0" doraHai="75" doraHaiUra="132" who="1" fromWho="1" sc="230,-26,240,88,280,-26,240,-26" /><INIT seed="1,1,0,3,2,95" ten="204,328,254,214" oya="1" hai0="12,27,64,130,117,23,6,100,123,26,106,73,40" hai1="33,43,17,104,108,39,51,91,0,74,70,79,92" hai2="20,52,102,83,55,118,112,38,29,129,86,131,28" hai3="16,32,109,75,37,132,121,21,57,44,90,125,135"/><U1/><E104/><V78/><F118/><W72/><G121/><T84/><D117/><U58/><E70/><V14/><F38/><W110/><G32/><T5/><D73/><U71/><E71/><V59/><F112/><W85/><G57/><T119/><D119/><U101/><E101/><V105/><F55/><W111/><G125/><T122/><D130/><N who="2" m="49674" /><F14/><N who="3" m="9367" /><G44/><T97/><D40/><U22/><E33/><V114/><F114/><W134/><G37/><T65/><D84/><U120/><E120/><N who="0" m="46121" /><D27/><U30/><E39/><V31/><F20/><W34/><G34/><T8/><D5/><U96/><E43/><V116/><F116/><W103/><G103/><T4/><D4/><U11/><E108/><V53/><F59/><W2/><G2/><T69/><D69/><U80/><E58/><V13/><F13/><W9/><G9/><T42/><D42/><U45/><E1/><V56/><F56/><W82/><AGARI ba="1,0" hai="72,75,82,85,90,109,110,111,132,134,135" m="9367" machi="82" ten="40,5200,0" yaku="14,1,20,1,54,1" doraHai="95" who="3" fromWho="3" sc="204,-14,328,-27,254,-14,214,55" /><INIT seed="2,0,0,3,3,122" ten="190,301,240,269" oya="2" hai0="8,89,48,132,40,92,0,4,100,117,91,60,77" hai1="128,111,9,7,94,62,109,55,50,3,49,104,31" hai2="18,76,131,11,39,64,71,123,35,54,32,103,61" hai3="124,46,13,73,116,114,12,16,27,1,133,86,57"/><V127/><F123/><W96/><G116/><T34/><D132/><U15/><E104/><V83/><F127/><W105/><G73/><T84/><D117/><U5/><E128/><V66/><F131/><W78/><G1/><T17/><D34/><U58/><E31/><V47/><F64/><W70/><G70/><T112/><D112/><U24/><E24/><V115/><F115/><W118/><G118/><T10/><D60/><U90/><E7/><V97/><F18/><W42/><G57/><T101/><D77/><U65/><E3/><V125/><F11/><W72/><G72/><T30/><D30/><U19/><E5/><V23/><F23/><W28/><G28/><T38/><D38/><U67/><E67/><V80/><F80/><W87/><G87/><T102/><D91/><U29/><E29/><V2/><F2/><W43/><G43/><T134/><D134/><U21/><E9/><V126/><F125/><W44/><G44/><T129/><D129/><U41/><E41/><N who="2" m="22975" /><F54/><W88/><G124/><T33/><D33/><U108/><E65/><V26/><F26/><W130/><G130/><T107/><D40/><U22/><E22/><V20/><F20/><N who="3" m="13703" /><G133/><T52/><D107/><U14/><E14/><V85/><F126/><W36/><G114/><T37/><D37/><U63/><E49/><V56/><F71/><W69/><G69/><T25/><D8/><U68/><E68/><V6/><F6/><W59/><G105/><T82/><D25/><U93/><E93/><N who="2" m="58799" /><F32/><W75/><G36/><T45/><D17/><U121/><E121/><V119/><F119/><RYUUKYOKU ba="0,0" sc="190,10,301,10,240,10,269,-30" hai0="0,4,10,45,48,52,82,84,89,92,100,101,102" hai1="15,19,21,50,55,58,62,63,90,94,108,109,111" hai2="35,56,61,66,76,83,85" /><INIT seed="2,1,0,0,3,76" ten="200,311,250,239" oya="2" hai0="96,55,66,105,41,27,35,19,79,100,20,43,120" hai1="7,2,134,6,56,132,93,5,10,9,131,116,122" hai2="37,61,104,46,48,114,95,68,60,73,40,51,118" hai3="18,65,45,98,82,115,14,90,121,130,85,102,49"/><V38/><F104/><W30/><G121/><T133/><D133/><N who="1" m="51307" /><E116/><V36/><F73/><W31/><G130/><T0/><D120/><U74/><E122/><V13/><F13/><W12/><G65/><T117/><D117/><U57/><E131/><V1/><F95/><N who="3" m="58719" /><G115/><T11/><D66/><U70/><E70/><V53/><F1/><W101/><G101/><T106/><D105/><U77/><E93/><V129/><F118/><W126/><G126/><T113/><D113/><U3/><E6/><V44/><F114/><W54/><G12/><T71/><D71/><U26/><E26/><V63/><F129/><W47/><G47/><T112/><D112/><U28/><E28/><V33/><F33/><W111/><G111/><T69/><D69/><AGARI ba="1,0" hai="36,37,38,40,44,46,48,51,53,60,61,63,68,69" machi="69" ten="50,18000,2" yaku="35,6" doraHai="76" who="2" fromWho="0" sc="200,-183,311,0,250,183,239,0" /><INIT seed="2,2,0,0,0,117" ten="17,311,433,239" oya="2" hai0="53,15,106,80,32,78,23,85,11,8,41,47,64" hai1="44,16,57,128,59,115,25,70,67,73,132,94,111" hai2="49,129,55,33,17,58,95,28,34,102,5,110,74" hai3="101,26,100,83,112,62,124,87,43,104,126,3,21"/><V27/><F129/><W18/><G3/><T68/><D32/><U48/><E115/><V122/><F122/><W135/><G135/><T29/><D106/><U97/><E73/><V30/><F74/><W103/><G112/><T98/><D68/><U35/><E132/><V88/><F110/><W75/><G75/><T86/><D64/><U9/><E128/><V24/><F5/><W2/><G2/><T20/><D98/><U113/><E113/><V76/><F76/><W90/><G43/><T60/><D85/><U19/><E111/><V38/><F38/><W116/><G116/><T120/><D29/><U1/><E35/><V71/><F71/><W14/><G62/><T92/><D92/><U46/><E70/><V39/><F39/><W81/><G81/><T109/><D109/><U118/><E118/><V22/><F102/><W93/><G104/><T56/><D8/><U121/><E121/><V130/><F130/><W114/><G114/><T82/><D82/><U51/><E1/><V45/><F45/><N who="1" m="17513" /><E19/><V4/><F4/><W127/><G83/><T12/><D120/><U66/><E67/><V79/><F79/><W50/><G50/><N who="1" m="18986" /><E66/><V6/><F6/><W61/><G61/><T99/><D99/><U125/><E125/><V108/><F108/><W63/><G63/><T65/><D65/><U119/><E119/><V89/><F95/><W105/><G105/><T123/><D123/><U96/><E94/><V36/><F36/><W0/><REACH who="3" step="1"/><G0/><REACH who="3" ten="17,311,433,229" step="2"/><T13/><REACH who="0" step="1"/><D11/><REACH who="0" ten="7,311,433,229" step="2"/><U133/><E133/><V77/><F77/><W40/><G40/><T84/><D84/><RYUUKYOKU ba="2,2" sc="7,10,311,-30,433,10,229,10" hai0="12,13,15,20,23,41,47,53,56,60,78,80,86" hai2="17,22,24,27,28,30,33,34,49,55,58,88,89" hai3="14,18,21,26,87,90,93,100,101,103,124,126,127" /><INIT seed="2,3,2,0,5,121" ten="17,281,443,239" oya="2" hai0="91,116,124,111,134,99,39,16,31,112,42,68,92" hai1="132,64,15,34,35,87,24,77,12,103,67,98,122" hai2="133,6,18,29,86,125,49,10,54,23,55,0,63" hai3="73,32,2,26,135,113,79,109,43,27,52,7,106"/><V21/><F125/><W8/><G106/><T61/><D134/><U17/><E132/><V44/><F133/><W102/><G135/><T48/><D112/><U70/><E122/><V71/><F29/><W65/><G65/><T128/><D124/><U83/><E15/><V93/><F55/><W96/><G113/><T78/><D128/><U75/><E75/><V36/><F36/><W101/><G43/><T51/><D116/><U130/><E130/><V94/><F86/><W76/><G73/><T14/><D31/><U90/><E77/><V82/><F82/><W88/><G109/><T104/><D78/><U126/><E126/><V89/><F89/><W66/><G66/><T97/><D111/><U9/><E70/><V120/><F120/><W40/><G40/><T4/><D4/><U30/><REACH who="1" step="1"/><E34/><REACH who="1" ten="17,271,443,239" step="2"/><V114/><F114/><W47/><G2/><T22/><D39/><U123/><E123/><V5/><F0/><W57/><G32/><T37/><D37/><U85/><E85/><V72/><F72/><W100/><G76/><T127/><D127/><U115/><E115/><V19/><F71/><W74/><G79/><T119/><D119/><U11/><E11/><V3/><F3/><W59/><G74/><T50/><D42/><U62/><E62/><V108/><F63/><W95/><G8/><T84/><REACH who="0" step="1"/><D104/><AGARI ba="3,3" hai="9,12,17,24,30,35,64,67,83,87,90,98,103,104" machi="104" ten="30,2000,0" yaku="1,1,7,1,53,0" doraHai="121" doraHaiUra="110" who="1" fromWho="0" sc="17,-29,271,59,443,0,239,0" owari="-12,-51.2,330,13.0,443,54.3,239,-16.1" /></mjloggm>