<mjloggm ver="2.3"><GO type="225" lobby="0"/><UN n0="%E3%80%90%E8%92%BC%E7%90%89%E3%80%91" n1="%4E%6F%2E%30%30%30%31" n2="%E7%B4%94%E6%BD%94%E3%83%94%E3%83%A9%E3%83%8B%E3%82%A2" n3="%4C%4F%4C%49%54%41" dan="16,18,17,16" rate="2201.16,2216.36,2236.58,2102.64" sx="F,M,M,F"/><TAIKYOKU oya="0"/><INIT seed="0,0,0,2,4,58" ten="250,250,250,250" oya="0" hai0="29,45,72,9,63,114,68,88,77,6,118,39,123" hai1="101,51,82,23,119,5,15,36,52,100,47,12,70" hai2="124,97,53,133,0,112,84,34,20,37,92,83,43" hai3="19,103,62,74,130,28,50,117,24,122,116,18,17"/><T49/><D114/><U102/><E119/><V64/><F34/><W27/><G74/><T32/><D118/><U75/><E36/><V99/><F0/><W134/><G130/><T59/><D123/><U80/><E70/><V10/><F10/><W81/><G134/><T2/><D68/><U76/><E5/><V16/><F133/><W104/><G122/><T109/><D109/><U44/><E44/><V13/><F124/><W90/><G50/><T129/><D129/><U85/><REACH who="1" step="1"/><E23/><REACH who="1" ten="250,240,250,250" step="2"/><V128/><F128/><W31/><G116/><T46/><D39/><U40/><E40/><V113/><F43/><W89/><G117/><T73/><D45/><U33/><E33/><V7/><F7/><W30/><G31/><T67/><D29/><U8/><E8/><V79/><F37/><W91/><G28/><T131/><D32/><U98/><E98/><V132/><F97/><W66/><G30/><T111/><D131/><U35/><E35/><V96/><F99/><W120/><G120/><T3/><D9/><U94/><E94/><V105/><F132/><W87/><G104/><T56/><D6/><U115/><E115/><V26/><F105/><W4/><G4/><T86/><D46/><U93/><E93/><V69/><F92/><W108/><G108/><T42/><D111/><U25/><E25/><V54/><F26/><W61/><G24/><T107/><D107/><U60/><E60/><N who="3" m="23146" /><G27/><T121/><D121/><U95/><E95/><V106/><F112/><W65/><G103/><T110/><D110/><U14/><E14/><V38/><F113/><W55/><G55/><RYUUKYOKU ba="0,1" sc="250,-15,240,15,250,-15,250,15" hai1="12,15,47,51,52,75,76,80,82,85,100,101,102" hai3="17,18,19,65,66,81,87,89,90,91" /><INIT seed="1,1,1,3,3,38" ten="235,255,235,265" oya="1" hai0="11,110,122,33,98,32,118,102,15,99,10,28,91" hai1="63,131,112,60,81,40,94,113,111,17,13,14,93" hai2="51,132,97,58,21,74,20,80,48,87,117,9,24" hai3="59,101,57,53,134,50,86,90,27,26,95,31,47"/><U107/><E107/><V16/><F74/><W35/><G134/><T67/><D118/><U78/><E131/><V65/><F117/><W4/><G4/><T124/><D110/><U46/><E111/><V88/><F132/><W62/><G101/><T70/><D124/><U3/><E3/><V61/><F9/><W75/><G75/><T34/><D122/><U44/><E17/><N who="2" m="12303" /><F97/><W0/><G0/><T114/><D114/><U76/><REACH who="1" step="1"/><E81/><REACH who="1" ten="235,245,235,265" step="2"/><V45/><F45/><W42/><G31/><T77/><D28/><U85/><E85/><V116/><F116/><W12/><G86/><T43/><D98/><U69/><E69/><V19/><F19/><W105/><G105/><T106/><D70/><U100/><E100/><V54/><F65/><W49/><G47/><T83/><D67/><U120/><E120/><V125/><F125/><W79/><G95/><T123/><D123/><U127/><E127/><V18/><F18/><W103/><G103/><T30/><D30/><U71/><E71/><V82/><F80/><W39/><G57/><T55/><D102/><U73/><E73/><V41/><F41/><AGARI ba="1,2" hai="13,14,40,41,44,46,60,63,76,78,93,94,112,113" machi="41" ten="25,12000,1" yaku="1,1,22,2,52,2,53,0" doraHai="38" doraHaiUra="23" who="1" fromWho="2" sc="235,0,245,143,235,-123,265,0" /><INIT seed="1,2,0,3,3,41" ten="235,388,112,265" oya="1" hai0="33,95,135,50,85,34,68,130,114,32,44,92,6" hai1="42,25,40,62,76,22,72,15,97,54,26,63,52" hai2="10,113,73,93,69,75,107,71,125,103,119,45,83" hai3="21,46,19,84,126,64,23,105,53,118,7,39,24"/><U51/><E72/><V61/><F119/><W96/><G118/><T55/><D114/><U57/><E76/><V49/><F113/><W132/><G132/><T56/><D68/><U124/><E124/><V79/><F125/><W27/><G126/><T134/><D130/><U112/><E112/><V70/><F75/><W28/><G64/><T8/><D56/><U37/><E37/><V87/><F107/><W4/><G39/><T78/><D78/><U111/><E111/><V102/><F61/><W127/><G127/><T58/><D58/><N who="1" m="35143" /><E97/><V29/><F29/><W131/><G131/><T77/><D77/><U90/><E90/><V109/><F109/><W89/><G96/><T86/><D86/><U116/><E116/><V35/><F35/><W36/><G105/><T108/><D108/><U13/><E26/><V65/><F65/><W81/><REACH who="3" step="1"/><G53/><REACH who="3" ten="235,388,112,255" step="2"/><T98/><D98/><U123/><E123/><V14/><F73/><W16/><G16/><T20/><D85/><U38/><E38/><V121/><F121/><W104/><G104/><T47/><D134/><U129/><E129/><V30/><F30/><W80/><G80/><T66/><D66/><N who="1" m="39279" /><E40/><AGARI ba="2,1" hai="4,7,19,21,23,24,27,28,36,40,46,81,84,89" machi="40" ten="40,2600,0" yaku="1,1,52,1,53,0" doraHai="41" doraHaiUra="122" who="3" fromWho="1" sc="235,0,388,-32,112,0,255,42" /><INIT seed="2,0,0,4,3,35" ten="235,356,112,297" oya="2" hai0="109,64,36,99,15,135,1,23,39,13,111,49,67" hai1="3,88,121,112,11,92,71,123,6,48,38,33,132" hai2="82,2,29,124,98,80,106,5,91,19,75,46,68" hai3="125,72,83,61,113,110,63,100,104,133,24,53,69"/><V101/><F124/><W21/><G125/><T78/><D135/><U16/><E38/><V126/><F126/><W0/><G133/><T66/><D78/><U81/><E132/><V12/><F68/><W93/><G104/><T76/><D76/><U26/><E112/><V65/><F65/><W115/><G110/><N who="0" m="41995" /><D1/><U62/><E81/><V77/><F29/><W9/><G72/><T58/><D99/><U74/><E74/><V120/><F120/><N who="1" m="46153" /><E48/><V102/><F102/><W57/><G83/><T45/><D58/><U94/><E94/><V14/><F46/><W114/><G93/><T54/><D23/><N who="1" m="13671" /><E33/><V84/><REACH who="2" step="1"/><F19/><REACH who="2" ten="235,356,102,297" step="2"/><W31/><G100/><T87/><D67/><U37/><E71/><V4/><F4/><N who="3" m="1159" /><G69/><T20/><D45/><U8/><E6/><V44/><F44/><W25/><G114/><T90/><D64/><U40/><E37/><V134/><F134/><W127/><G127/><T56/><D66/><U52/><E40/><V95/><F95/><W27/><G115/><T28/><D36/><U10/><E52/><V129/><F129/><W97/><G113/><T7/><D39/><U128/><E128/><V17/><F17/><W96/><G53/><T107/><D107/><U42/><E42/><V89/><F89/><W18/><G31/><T85/><D7/><N who="1" m="1151" /><E62/><V59/><F59/><W86/><G61/><T50/><D90/><U79/><E79/><V108/><F108/><W30/><G63/><T103/><D103/><U116/><E116/><V43/><F43/><W131/><G131/><T60/><D60/><U117/><E117/><V32/><F32/><RYUUKYOKU ba="0,1" sc="235,-15,356,15,102,15,297,-15" hai1="10,11,88,92" hai2="2,5,12,14,75,77,80,82,84,91,98,101,106" /><INIT seed="2,1,1,1,1,67" ten="220,371,117,282" oya="2" hai0="34,111,62,106,99,32,73,83,65,103,91,12,88" hai1="101,108,70,29,80,93,118,124,8,95,64,59,15" hai2="61,72,22,135,128,89,3,69,79,50,48,56,27" hai3="71,38,129,121,46,4,119,40,11,39,87,125,44"/><V107/><F3/><N who="3" m="415" /><G87/><T20/><D111/><U58/><E70/><V19/><F107/><W30/><G119/><T25/><D12/><U63/><E118/><V51/><F128/><W55/><G55/><T16/><D73/><U13/><E124/><V84/><F135/><W10/><G125/><T102/><D102/><U28/><E108/><V57/><F72/><W2/><G30/><N who="1" m="11882" /><E101/><V31/><F31/><W126/><G126/><T131/><D131/><U23/><E80/><V1/><F1/><W5/><G129/><T66/><D66/><U78/><E78/><V33/><F33/><W100/><G100/><T115/><D115/><U113/><E58/><V60/><F79/><W98/><G98/><T116/><D116/><U112/><E112/><V26/><F26/><W122/><G71/><T132/><D132/><U75/><E75/><V54/><F69/><W123/><G123/><T37/><D37/><U17/><E113/><V49/><REACH who="2" step="1"/><F56/><REACH who="2" ten="220,371,107,282" step="2"/><W0/><G2/><T85/><D91/><U77/><E77/><V117/><F117/><W94/><G122/><T9/><D9/><U109/><E109/><V36/><F36/><W90/><G121/><T47/><D47/><U76/><E76/><V114/><F114/><W53/><G38/><T127/><D127/><U35/><E35/><V134/><F134/><W105/><G105/><T81/><D34/><U96/><E8/><V18/><F18/><W104/><G104/><T24/><D32/><U97/><E13/><V42/><F42/><W92/><G44/><T6/><D24/><U14/><E15/><V21/><F21/><RYUUKYOKU ba="1,2" sc="220,-15,371,15,107,15,282,-15" hai1="14,17,23,59,63,64,93,95,96,97" hai2="19,22,27,48,49,50,51,54,57,60,61,84,89" /><INIT seed="2,2,2,4,3,124" ten="205,386,122,267" oya="2" hai0="87,75,14,102,32,56,6,117,25,92,3,77,100" hai1="59,22,21,18,50,111,29,19,54,34,119,58,85" hai2="123,57,76,133,30,61,68,5,122,94,127,43,121" hai3="82,83,78,17,23,105,52,45,12,108,114,128,1"/><V48/><F127/><W95/><G105/><T106/><D117/><U11/><E119/><V47/><F133/><W80/><G1/><T40/><D3/><U39/><E39/><V62/><F5/><W49/><G108/><T31/><D106/><U115/><E115/><V28/><F76/><W91/><G128/><T134/><D134/><U129/><E111/><V90/><F68/><W37/><G37/><T109/><D109/><U120/><E34/><V35/><F35/><W132/><G132/><T26/><D40/><U72/><E72/><V10/><F10/><W41/><G114/><T112/><D112/><U107/><E107/><V67/><REACH who="2" step="1"/><F62/><REACH who="2" ten="205,386,112,267" step="2"/><W93/><G78/><T99/><D77/><U74/><E11/><V88/><F88/><W33/><G33/><T63/><D6/><U110/><E110/><V51/><F51/><N who="3" m="27055" /><G91/><T42/><D63/><U98/><E50/><V86/><AGARI ba="2,3" hai="28,30,43,47,48,57,61,67,86,90,94,121,122,123" machi="86" ten="30,3000,0" yaku="1,1,0,1,53,0" doraHai="124" doraHaiUra="71" who="2" fromWho="2" sc="205,-12,386,-12,112,66,267,-12" /><INIT seed="2,3,0,4,4,53" ten="193,374,178,255" oya="2" hai0="124,101,81,133,45,12,84,93,114,104,96,39,123" hai1="100,19,5,27,21,66,89,1,83,121,51,0,29" hai2="80,107,132,65,14,18,13,2,48,50,73,127,7" hai3="118,86,130,9,76,58,4,71,128,24,98,90,134"/><V67/><F107/><W99/><G71/><T109/><D114/><U85/><E121/><V43/><F2/><W75/><G118/><T95/><D123/><U17/><E100/><V131/><F127/><W56/><G134/><T87/><D12/><U3/><E5/><V111/><F132/><W125/><G125/><T40/><D133/><U88/><E66/><N who="2" m="25099" /><F73/><W68/><G68/><T11/><D124/><U119/><E119/><V63/><F131/><N who="3" m="50219" /><G76/><T102/><D11/><U69/><E69/><V23/><F111/><W28/><G75/><T55/><D109/><U113/><E113/><V108/><F108/><W103/><G103/><T64/><D101/><U112/><E112/><V34/><F34/><N who="3" m="20743" /><G99/><T70/><D87/><U77/><E51/><N who="2" m="19499" /><F63/><W42/><G98/><T94/><D55/><U26/><REACH who="1" step="1"/><E19/><REACH who="1" ten="193,364,178,255" step="2"/><V46/><F7/><W54/><G42/><T22/><D64/><U8/><E8/><V36/><F36/><W61/><G54/><T52/><D52/><U25/><E25/><N who="2" m="14583" /><F43/><W16/><G61/><T72/><D70/><U60/><E60/><V78/><F46/><W62/><G62/><T10/><D10/><U35/><AGARI ba="3,1" hai="0,1,3,17,21,26,27,29,35,77,83,85,88,89" machi="35" ten="30,4000,0" yaku="1,1,0,1,54,1,53,0" doraHai="53" doraHaiUra="59" who="1" fromWho="1" sc="193,-13,364,59,178,-23,255,-13" /><INIT seed="3,0,0,4,0,23" ten="180,423,155,242" oya="3" hai0="33,132,9,111,74,95,24,62,120,90,85,69,39" hai1="48,63,119,118,122,29,41,115,109,103,20,56,35" hai2="110,34,117,101,37,22,113,8,77,26,72,16,30" hai3="10,125,84,87,49,11,36,131,121,42,105,15,21"/><W88/><G36/><T50/><D120/><U93/><E122/><V58/><F113/><W38/><G38/><T89/><D39/><U73/><E73/><V54/><F37/><W55/><G105/><T68/><D111/><U80/><E35/><V44/><F110/><W14/><G125/><T18/><D74/><U133/><E109/><V123/><F123/><W94/><G131/><T134/><D50/><U99/><E133/><N who="0" m="51305" /><D62/><U92/><E80/><V126/><F126/><W64/><G64/><T102/><D102/><U127/><E115/><V82/><F117/><W0/><G42/><T45/><D45/><N who="1" m="25647" /><E92/><V7/><F101/><W96/><G0/><T79/><D79/><U112/><E112/><V51/><F44/><W6/><G21/><N who="0" m="13367" /><D33/><U86/><E86/><V128/><F128/><W53/><G53/><T135/><N who="0" m="51313" /><T61/><DORA hai="124" /><D61/><U12/><E12/><V78/><F78/><W108/><G108/><T67/><D67/><N who="1" m="39399" /><E127/><V2/><REACH who="2" step="1"/><F34/><REACH who="2" ten="180,423,145,242" step="2"/><W65/><G121/><T97/><D9/><U32/><E32/><V60/><F60/><W4/><G65/><T19/><D19/><AGARI ba="0,1" hai="2,7,8,16,19,22,26,30,51,54,58,72,77,82" machi="19" ten="40,5200,0" yaku="1,1,52,1,54,1,53,0" doraHai="23,124" doraHaiUra="28,43" who="2" fromWho="0" sc="180,-52,423,0,145,62,242,0" owari="128,-37.2,423,52.3,207,-19.3,242,4.2" /></mjloggm>