<mjloggm ver="2.3"><GO type="225" lobby="0"/><UN n0="%50%65%74%65%72%50%61%6E" n1="%E3%83%A9%E3%82%B9%E7%8E%87%EF%BC%93%E5%89%B2" n2="%E6%98%93%E5%88%A9%E8%96%A9%E4%BC%AF" n3="%E3%81%8B%E3%82%8F%E3%81%A1%E3%82%83%E3%82%93%35%38" dan="17,16,17,16" rate="2200.82,2220.90,2189.23,2143.81" sx="M,F,F,M"/><TAIKYOKU oya="0"/><INIT seed="0,0,0,5,1,125" ten="250,250,250,250" oya="0" hai0="82,36,74,130,31,118,49,64,106,47,54,26,61" hai1="48,53,135,110,115,100,102,69,34,19,62,52,2" hai2="37,126,95,20,45,90,93,86,28,72,75,128,112" hai3="127,11,15,113,32,55,109,87,67,103,21,14,59"/><T80/><D118/><U46/><E2/><V124/><F28/><W33/><G113/><T114/><D114/><U119/><E34/><V42/><F112/><W94/><G127/><N who="2" m="48681" /><F20/><W123/><G123/><T120/><D120/><U108/><E115/><V0/><F0/><W117/><G117/><T50/><D106/><U66/><E119/><V97/><F128/><W99/><G109/><N who="1" m="42090" /><E135/><V41/><F41/><W81/><G67/><T91/><D36/><U65/><E19/><V131/><F131/><W40/><G40/><T70/><D130/><U44/><E66/><V121/><F121/><W68/><G68/><T5/><D5/><U3/><E3/><V56/><F56/><W77/><G21/><T73/><D73/><U60/><E60/><V79/><F79/><W13/><REACH who="3" step="1"/><G11/><REACH who="3" ten="250,250,250,240" step="2"/><T116/><D116/><U27/><E27/><V57/><F57/><W84/><G84/><T4/><D26/><U133/><E133/><V71/><F71/><W12/><N who="3" m="3072" /><DORA hai="24" /><W134/><G134/><T35/><D70/><U63/><E69/><V92/><F86/><W22/><G22/><T9/><D9/><U107/><E65/><V76/><F75/><W89/><G89/><T101/><D91/><U88/><E88/><V30/><F72/><W78/><G78/><T104/><D74/><U85/><E85/><V10/><F76/><W111/><G111/><T129/><D64/><U1/><E1/><V96/><F10/><W38/><G38/><T6/><D129/><U58/><E58/><V122/><F122/><W39/><G39/><T132/><D132/><U105/><E53/><RYUUKYOKU ba="0,1" sc="250,-10,250,-10,250,-10,240,30" hai3="32,33,55,59,77,81,87,94,99,103" /><INIT seed="1,1,1,3,2,68" ten="240,240,240,270" oya="1" hai0="51,112,91,49,124,117,121,13,18,132,101,27,28" hai1="118,7,104,116,77,123,128,70,108,99,113,82,105" hai2="96,3,17,67,41,38,33,127,83,10,78,89,52" hai3="40,53,59,63,107,44,98,100,20,86,115,46,47"/><U4/><E70/><V11/><F33/><W15/><G115/><T73/><D112/><U30/><E30/><V45/><F127/><W75/><G75/><T129/><D117/><N who="1" m="45163" /><E7/><V106/><F67/><W85/><REACH who="3" step="1"/><G40/><REACH who="3" ten="240,240,240,260" step="2"/><T97/><D73/><N who="1" m="43311" /><E113/><V131/><F41/><W111/><G111/><T42/><D42/><U43/><E43/><V19/><F131/><W130/><G130/><T62/><D129/><U135/><E128/><V64/><F3/><W90/><G90/><T54/><D91/><U14/><E108/><V66/><F89/><W93/><G93/><T8/><D124/><U114/><E114/><V26/><F106/><W119/><G119/><T37/><D121/><U22/><E123/><V74/><F74/><W36/><G36/><T60/><D37/><U21/><E104/><V65/><F38/><W58/><G58/><T56/><D132/><U102/><E135/><V6/><F45/><W76/><G76/><T103/><D103/><U12/><E105/><V61/><F78/><W24/><G24/><T57/><D27/><U23/><E102/><V50/><F26/><W87/><G87/><T34/><D101/><U69/><E69/><V94/><F94/><W134/><G134/><T48/><D57/><U1/><E99/><V35/><F83/><W39/><G39/><T88/><D97/><U92/><E92/><V55/><F96/><W95/><G95/><T81/><D81/><U133/><E133/><V72/><F72/><W32/><G32/><T25/><D88/><U84/><E84/><V31/><F35/><W122/><G122/><T79/><D79/><RYUUKYOKU ba="1,2" sc="240,10,240,10,240,-30,260,10" hai0="8,13,18,25,28,34,48,49,51,54,56,60,62" hai1="1,4,12,14,21,22,23" hai3="15,20,44,46,47,53,59,63,85,86,98,100,107" /><INIT seed="1,2,2,0,1,117" ten="250,250,210,270" oya="1" hai0="56,103,100,51,86,57,62,1,68,21,15,64,126" hai1="94,128,124,120,32,82,53,6,111,133,23,49,99" hai2="13,60,92,134,10,29,45,37,25,19,63,65,40" hai3="44,66,78,121,38,52,39,130,114,76,46,8,11"/><U112/><E32/><V83/><F134/><W129/><G66/><T20/><D1/><U59/><E112/><V4/><F92/><W110/><G110/><T90/><D126/><U24/><E128/><N who="3" m="49258" /><G114/><T96/><D68/><U102/><E133/><V61/><F83/><W43/><G121/><T77/><D77/><N who="3" m="29801" /><G52/><N who="0" m="31775" /><D96/><U75/><E75/><V81/><F81/><W98/><G98/><T2/><D2/><U30/><E82/><V54/><F54/><W104/><G104/><T72/><D72/><U69/><E69/><V73/><F73/><W127/><G127/><T5/><D5/><U55/><E124/><V84/><F84/><W12/><G12/><T95/><D20/><U48/><E6/><V97/><F97/><W74/><G74/><T18/><AGARI ba="2,2" hai="15,18,21,57,62,64,86,90,95,100,103" m="31775" machi="18" ten="30,4000,0" yaku="25,1,8,1,54,1" doraHai="117" who="0" fromWho="0" sc="250,66,250,-22,210,-12,270,-12" /><INIT seed="2,0,0,3,3,118" ten="316,228,198,258" oya="2" hai0="79,84,53,67,78,68,72,50,38,52,99,25,101" hai1="83,43,110,102,26,11,22,94,105,12,39,18,91" hai2="56,107,77,87,85,10,54,95,82,48,19,122,114" hai3="89,130,116,6,40,75,63,30,120,74,132,81,15"/><V41/><F114/><W103/><G116/><T28/><D38/><U113/><E105/><V106/><F122/><W31/><G103/><T126/><D72/><U9/><E39/><V88/><REACH who="2" step="1"/><F41/><REACH who="2" ten="316,228,188,258" step="2"/><W42/><G42/><T2/><D126/><U32/><E43/><V98/><F98/><W44/><G40/><T73/><D99/><U57/><E113/><V5/><F5/><W96/><G6/><T125/><D125/><U71/><E110/><V59/><F59/><W51/><G96/><T134/><D68/><U66/><E57/><V3/><F3/><W93/><G120/><T17/><D2/><U61/><E102/><V4/><F4/><W111/><G111/><T7/><D7/><U23/><E32/><V109/><F109/><W80/><G44/><T127/><D127/><U64/><E71/><V29/><F29/><W24/><G30/><T115/><D28/><U62/><E18/><V121/><F121/><W100/><G31/><T13/><D17/><U133/><E133/><V27/><F27/><W131/><G132/><T112/><D25/><U47/><E47/><V65/><F65/><W46/><G100/><T16/><D67/><U55/><E26/><V128/><F128/><W97/><G24/><T35/><D134/><U119/><E64/><V60/><F60/><W123/><G63/><T45/><D101/><U70/><E66/><V108/><F108/><W14/><G123/><T21/><D115/><U104/><E70/><V129/><F129/><N who="3" m="49163" /><G46/><T0/><D45/><U86/><E62/><V117/><F117/><W37/><G97/><T92/><D112/><RYUUKYOKU ba="0,1" sc="316,-10,228,-10,188,30,258,-10" hai2="10,19,48,54,56,77,82,85,87,88,95,106,107" /><INIT seed="2,1,1,2,4,12" ten="306,218,218,248" oya="2" hai0="100,65,133,107,34,71,73,62,131,20,2,4,112" hai1="66,9,111,1,106,88,90,58,105,44,39,36,57" hai2="29,86,85,84,128,89,91,32,5,16,117,81,95" hai3="123,97,127,35,14,60,37,63,19,75,87,99,104"/><V120/><F117/><W102/><G75/><T114/><D131/><U64/><E9/><V40/><F120/><W3/><G123/><T22/><D133/><U59/><E1/><V8/><F128/><W28/><G3/><T56/><D20/><U135/><E44/><V25/><F40/><W77/><G37/><N who="1" m="14410" /><E111/><V124/><F124/><W92/><G127/><T49/><D73/><U43/><E43/><V122/><F122/><W83/><G28/><T93/><D34/><U51/><E51/><V67/><F67/><N who="1" m="25641" /><E135/><V21/><F32/><W132/><G132/><T125/><D49/><U118/><E118/><V98/><F29/><W31/><G31/><T38/><D38/><U82/><E82/><V15/><AGARI ba="1,1" hai="5,8,15,16,21,25,81,84,85,86,89,91,95,98" machi="15" ten="20,12000,1" yaku="0,1,7,1,8,1,52,1,54,1" doraHai="12" who="2" fromWho="2" sc="306,-41,218,-41,218,133,248,-41" /><INIT seed="2,2,0,5,3,32" ten="265,177,351,207" oya="2" hai0="125,81,116,130,53,76,39,87,46,66,47,119,55" hai1="68,50,72,103,69,104,29,106,22,112,18,17,123" hai2="110,58,42,120,132,54,85,27,31,51,11,4,61" hai3="121,117,99,135,124,83,6,60,26,118,34,24,23"/><V52/><F120/><W64/><G121/><T109/><D109/><U91/><E123/><V97/><F132/><W37/><G37/><T33/><D33/><U122/><E122/><V67/><F110/><W71/><G135/><T25/><D125/><U12/><E72/><V114/><F114/><W2/><G124/><T21/><D66/><U73/><E73/><V74/><F85/><W45/><G45/><N who="0" m="16907" /><D39/><U5/><E29/><V108/><F42/><W127/><G127/><T35/><D35/><U111/><E111/><V88/><F74/><W9/><G83/><T90/><D76/><U40/><E40/><V10/><F54/><W75/><G75/><T41/><D41/><U93/><E5/><V15/><F11/><W126/><G126/><T100/><D100/><U62/><E103/><V14/><F14/><W36/><G36/><T101/><D101/><U115/><E50/><V79/><F79/><W57/><G71/><T131/><D55/><U102/><E102/><V128/><F128/><N who="0" m="49194" /><D53/><U20/><E62/><V133/><F133/><W94/><G34/><T86/><D86/><U96/><E112/><V134/><F108/><W113/><G113/><T92/><D81/><U38/><E38/><V129/><F129/><W0/><G0/><T107/><D107/><U7/><E115/><V65/><F51/><W43/><G43/><T1/><D1/><U63/><E63/><V48/><F61/><W56/><G56/><T3/><D3/><U105/><REACH who="1" step="1"/><E7/><REACH who="1" ten="265,167,351,207" step="2"/><V44/><F134/><W13/><G60/><T16/><AGARI ba="2,1" hai="16,21,25,87,90,92,116,119" m="49194,16907" machi="16" ten="30,2000,0" yaku="19,1,54,1" doraHai="32" who="0" fromWho="0" sc="265,36,167,-7,351,-12,207,-7" /><INIT seed="3,0,0,2,1,80" ten="301,160,339,200" oya="3" hai0="6,24,66,132,39,82,115,41,14,65,34,19,119" hai1="36,29,7,40,12,37,122,90,69,15,8,61,52" hai2="84,21,54,33,70,118,127,64,87,4,42,25,99" hai3="31,77,120,55,101,128,92,88,103,83,97,57,73"/><W67/><G128/><T43/><D119/><U3/><E122/><V134/><F33/><W23/><G120/><T5/><D132/><U50/><E29/><V135/><F42/><W104/><G67/><T68/><D115/><U85/><E69/><V126/><F4/><W72/><G72/><T56/><D68/><U129/><E61/><N who="2" m="40207" /><F99/><W74/><G74/><T60/><D65/><U79/><E79/><V2/><F54/><W38/><G38/><T117/><D117/><U32/><E32/><V13/><F13/><W109/><G109/><T110/><D110/><U123/><E123/><V107/><F107/><W96/><G31/><T16/><D19/><U53/><E53/><V1/><F1/><W10/><G10/><T78/><D24/><U9/><E40/><V27/><F27/><W59/><G23/><T114/><D34/><U63/><E63/><V22/><F22/><W26/><G26/><T100/><D100/><U35/><E35/><V76/><F2/><W47/><REACH who="3" step="1"/><G103/><REACH who="3" ten="301,160,339,190" step="2"/><T133/><D66/><U106/><E129/><V98/><F21/><W116/><G116/><T108/><D39/><U105/><E37/><V131/><F25/><W71/><G71/><T48/><D108/><U44/><E36/><V18/><F131/><W11/><G11/><T91/><D5/><U46/><E3/><V51/><F118/><W94/><G94/><T89/><D6/><U125/><E125/><V112/><F127/><W49/><AGARI ba="0,1" hai="47,49,55,57,59,73,77,83,88,92,96,97,101,104" machi="49" ten="30,11700,0" yaku="1,1,0,1,54,1,53,1" doraHai="80" doraHaiUra="45" who="3" fromWho="3" sc="301,-39,160,-39,339,-39,190,127" owari="262,-13.8,121,-37.9,300,10.0,317,41.7" /></mjloggm>