<mjloggm ver="2.3"><GO type="225" lobby="0"/><UN n0="%E3%82%AF%E3%82%A3%E3%82%A6" n1="%E3%81%8B%E3%82%8F%E3%81%A1%E3%82%83%E3%82%93%35%38" n2="%E3%81%90%E3%81%A1%E3%82%84%E3%81%BE" n3="%E3%81%AF%E3%82%88%E3%81%8A%E3%81%98%E3%81%95%E3%82%93" dan="16,16,16,17" rate="2058.75,2180.69,2119.87,2128.25" sx="M,M,M,M"/><TAIKYOKU oya="0"/><INIT seed="0,0,0,0,2,129" ten="250,250,250,250" oya="0" hai0="102,27,46,8,110,89,126,135,4,63,61,106,15" hai1="118,108,120,99,7,10,117,40,93,57,73,96,5" hai2="75,132,55,12,26,45,112,21,29,131,66,17,70" hai3="109,92,83,77,82,53,64,68,33,133,103,37,14"/><T56/><D126/><U2/><E120/><V88/><F131/><W59/><G33/><T104/><D102/><U32/><E73/><V95/><F75/><W87/><G37/><T74/><D74/><U28/><E108/><V30/><F112/><W3/><G3/><T24/><D110/><U52/><E40/><V90/><F70/><W111/><G68/><T79/><D79/><U13/><E96/><V100/><F66/><W84/><G64/><T16/><D89/><U101/><E7/><V38/><F132/><W60/><G133/><T69/><D46/><U67/><E67/><V47/><F38/><W76/><G14/><T62/><D69/><U81/><E81/><V65/><F65/><W9/><G9/><T119/><D119/><U43/><E43/><V22/><F30/><W80/><G80/><T105/><D135/><U35/><E2/><V98/><REACH who="2" step="1"/><F47/><REACH who="2" ten="250,250,240,250" step="2"/><W128/><G128/><T39/><D39/><U127/><E127/><V113/><F113/><W34/><G34/><T97/><D56/><U50/><E32/><V18/><F18/><W121/><G121/><T51/><D16/><U23/><E35/><V116/><F116/><W72/><G72/><T19/><D19/><U94/><E118/><V41/><F41/><W58/><G58/><T1/><D1/><U124/><E117/><V25/><F25/><W0/><G0/><T71/><D71/><U85/><E124/><V11/><F11/><W20/><G20/><T49/><REACH who="0" step="1"/><D97/><AGARI ba="0,1" hai="53,59,60,76,77,82,83,84,87,92,97,103,109,111" machi="97" ten="40,1300,0" yaku="9,1" doraHai="129" who="3" fromWho="0" sc="250,-13,250,0,240,0,250,23" /><INIT seed="1,0,0,0,5,15" ten="237,250,240,273" oya="1" hai0="40,123,58,120,127,21,105,114,48,6,72,77,113" hai1="30,57,67,7,31,73,76,109,99,54,91,81,32" hai2="23,66,3,82,125,33,20,112,10,34,97,126,94" hai3="22,107,92,24,86,130,18,90,52,124,117,101,49"/><U60/><E109/><V79/><F66/><W102/><G107/><T116/><D105/><U98/><E7/><N who="2" m="1407" /><F82/><W4/><G124/><N who="2" m="47721" /><F79/><W100/><G130/><T121/><D127/><U14/><E32/><N who="2" m="12395" /><F112/><W84/><G117/><T13/><D116/><U64/><E99/><V25/><F25/><W44/><G4/><T61/><D72/><U133/><E64/><V55/><F55/><W108/><G108/><T45/><D77/><U87/><E98/><AGARI ba="0,0" hai="18,22,24,44,49,52,84,86,90,92,98,100,101,102" machi="98" ten="40,5200,0" yaku="8,1,52,1,54,1" doraHai="15" who="3" fromWho="1" sc="237,0,250,-52,240,0,273,52" /><INIT seed="2,0,0,4,4,120" ten="237,198,240,325" oya="2" hai0="119,101,97,46,3,32,76,100,109,51,5,65,72" hai1="98,50,71,96,67,45,40,92,105,27,134,106,7" hai2="62,21,19,116,68,0,26,16,121,43,74,89,130" hai3="78,108,25,123,36,83,80,38,10,117,94,102,56"/><V113/><F121/><W34/><G117/><T88/><D119/><U14/><E134/><V13/><F116/><W29/><G83/><T84/><D32/><U70/><E106/><V91/><F113/><W60/><G108/><T52/><D65/><U12/><E105/><V2/><F74/><W114/><G123/><T112/><D112/><U35/><E98/><V110/><F130/><W111/><G111/><T57/><D3/><U127/><E127/><V37/><F110/><W82/><G82/><N who="0" m="45319" /><D101/><U30/><E67/><V90/><F68/><W23/><G34/><T75/><D75/><U42/><E42/><V1/><F62/><W63/><G63/><T9/><D9/><U47/><E47/><V17/><REACH who="2" step="1"/><F26/><REACH who="2" ten="237,198,230,325" step="2"/><N who="3" m="16607" /><G60/><T128/><D128/><U49/><E71/><V99/><F99/><W66/><G25/><T8/><D109/><U41/><E70/><V133/><F133/><W132/><G132/><T85/><D97/><U129/><E129/><V86/><F86/><W64/><G114/><T115/><D84/><U107/><E107/><V122/><F122/><W73/><G73/><T77/><D115/><U4/><E96/><V104/><F104/><W53/><G102/><T28/><D100/><U125/><E27/><V24/><F24/><W126/><G66/><T118/><D85/><U135/><E135/><V18/><F18/><W95/><G64/><T22/><D118/><U33/><E125/><V11/><F11/><W20/><G10/><T55/><D8/><U39/><E30/><V93/><F93/><W59/><G126/><T79/><D28/><U48/><E33/><RYUUKYOKU ba="0,1" sc="237,-10,198,-10,230,30,325,-10" hai2="0,1,2,13,16,17,19,21,37,43,89,90,91" /><INIT seed="2,1,1,1,5,31" ten="227,188,260,315" oya="2" hai0="104,87,95,78,96,15,113,64,83,50,16,65,6" hai1="80,86,126,128,94,79,52,0,74,114,18,102,2" hai2="61,25,90,118,75,32,54,101,20,122,107,57,67" hai3="84,43,42,4,66,62,34,123,36,30,124,112,23"/><V24/><F118/><W89/><G123/><T130/><D113/><U45/><E114/><V22/><F122/><W88/><G34/><T10/><D130/><U7/><E128/><V55/><F75/><W76/><G112/><T120/><D120/><U131/><E131/><V29/><F25/><N who="3" m="16703" /><G36/><T91/><D104/><U98/><E126/><V11/><F11/><W44/><G124/><T117/><D117/><U26/><E7/><V100/><F100/><W129/><G129/><T103/><D78/><U12/><E26/><V73/><F73/><W33/><G33/><T111/><D111/><U106/><E45/><V116/><F116/><W46/><G4/><T115/><D115/><U8/><REACH who="1" step="1"/><E52/><REACH who="1" ten="227,178,260,315" step="2"/><V121/><F121/><W134/><G44/><T28/><D28/><U37/><E37/><V93/><F55/><W70/><G46/><T5/><D50/><U40/><E40/><V77/><F54/><W82/><G42/><T92/><D5/><U47/><E47/><V63/><F29/><W17/><G43/><T59/><D6/><U135/><E135/><V125/><F24/><W85/><G134/><T13/><D13/><U97/><E97/><V3/><F125/><W133/><G133/><T19/><D19/><U56/><E56/><V69/><F57/><W99/><G17/><T132/><D132/><U68/><E68/><V41/><F69/><W127/><G127/><T109/><D109/><U38/><E38/><V51/><F41/><W21/><G99/><T1/><D1/><U119/><E119/><V72/><F3/><W105/><G70/><T35/><D59/><RYUUKYOKU ba="1,2" sc="227,-10,178,30,260,-10,315,-10" hai1="0,2,8,12,18,74,79,80,86,94,98,102,106" /><INIT seed="3,2,2,2,3,117" ten="217,208,250,305" oya="3" hai0="124,123,77,108,89,32,27,73,39,134,47,52,135" hai1="1,62,37,50,133,116,127,57,80,54,5,128,31" hai2="129,34,26,56,109,19,20,78,81,104,17,22,35" hai3="24,61,53,16,84,74,59,7,66,92,90,99,18"/><W25/><G74/><T121/><D124/><U69/><E37/><V63/><F104/><W131/><G131/><T114/><D108/><U75/><E31/><V48/><F48/><W13/><G7/><T130/><D114/><U51/><E69/><V36/><F36/><W88/><G53/><T68/><D68/><U64/><E128/><V2/><F2/><W79/><G79/><T10/><D130/><U30/><E30/><V98/><F98/><W95/><G18/><T58/><D10/><AGARI ba="2,2" hai="10,13,16,24,25,59,61,66,84,88,90,92,95,99" machi="10" ten="30,11600,0" yaku="7,1,8,1,54,2" doraHai="117" who="3" fromWho="0" sc="217,-122,208,0,250,0,305,142" owari="95,-40.5,208,-19.2,250,5.0,447,54.7" /></mjloggm>