<mjloggm ver="2.3"><GO type="225" lobby="0"/><UN n0="%E6%B7%91%E5%A5%B3%E3%81%AE%E5%97%9C%E3%81%BF" n1="%E6%9C%88%E5%B3%B6%E5%9F%BA" n2="%E3%82%BC%E3%83%AB%E3%83%80%E3%81%AE%E4%BC%9D%E8%AA%AC" n3="%65%78%69%73%74%2D%79" dan="16,17,17,16" rate="2138.27,2213.47,2149.07,2075.91" sx="M,M,M,M"/><TAIKYOKU oya="0"/><INIT seed="0,0,0,1,0,60" ten="250,250,250,250" oya="0" hai0="31,23,53,127,54,0,109,59,104,22,49,122,38" hai1="107,36,57,39,84,108,80,33,102,5,4,27,91" hai2="94,133,46,83,55,110,88,48,118,65,124,44,73" hai3="1,34,11,52,25,134,19,50,90,14,42,70,121"/><T16/><D122/><U112/><E108/><V6/><F110/><W18/><G121/><T96/><D38/><U81/><E39/><V111/><F111/><W119/><G119/><T74/><D109/><U98/><E36/><V58/><F118/><W95/><G70/><T20/><D0/><U9/><E112/><V132/><F124/><W99/><G134/><N who="2" m="51817" /><F6/><W29/><G42/><T47/><D74/><U97/><E97/><N who="2" m="57543" /><F65/><W8/><G1/><T41/><D31/><U15/><E5/><V67/><F67/><W35/><G35/><T56/><D127/><U43/><E33/><V10/><F10/><W62/><G62/><T131/><D131/><U101/><E9/><V89/><F89/><W51/><G51/><T87/><D87/><U79/><E4/><V64/><F64/><W3/><G3/><T128/><D128/><U113/><E91/><V32/><F32/><W61/><G61/><N who="0" m="35983" /><D96/><U7/><E98/><V75/><F75/><W130/><G130/><T26/><D104/><U13/><E84/><V66/><F66/><W45/><G11/><T114/><D114/><U63/><E107/><V17/><F17/><AGARI ba="0,0" hai="8,14,17,18,19,25,29,34,45,50,52,90,95,99" machi="17" ten="30,2000,0" yaku="7,1,54,1" doraHai="60" who="3" fromWho="2" sc="250,0,250,0,250,-20,250,20" /><INIT seed="1,0,0,0,2,135" ten="250,250,230,270" oya="1" hai0="24,29,1,107,30,0,72,76,127,84,101,67,103" hai1="104,106,133,10,60,36,6,43,66,63,90,2,74" hai2="120,114,12,27,3,122,94,77,21,39,35,8,86" hai3="44,125,116,80,78,56,108,32,19,70,69,82,11"/><U5/><E133/><V28/><F39/><W49/><G116/><T53/><D84/><U89/><E6/><N who="2" m="1119" /><F94/><W83/><G32/><N who="0" m="20519" /><D53/><U31/><E63/><V62/><F62/><W110/><G78/><T123/><D67/><U17/><E74/><V37/><F37/><W100/><G100/><T22/><D22/><U119/><E119/><V42/><F42/><N who="3" m="24727" /><G19/><T59/><D59/><U115/><E115/><V79/><F114/><W41/><G11/><T57/><D57/><U130/><E130/><V118/><F118/><W54/><G41/><T48/><D30/><U73/><E43/><V16/><F79/><W129/><G129/><T50/><D103/><U7/><E36/><V109/><F109/><N who="3" m="42091" /><G69/><T88/><D101/><U34/><E89/><V61/><F61/><N who="3" m="35991" /><G70/><T95/><D76/><U102/><E90/><V126/><F126/><AGARI ba="0,0" hai="80,82,83,125,126" m="35991,42091,24727" machi="126" ten="40,5200,0" yaku="14,1,52,2" doraHai="135" who="3" fromWho="2" sc="250,0,250,0,230,-52,270,52" /><INIT seed="2,0,0,1,2,23" ten="250,250,178,322" oya="2" hai0="6,75,119,31,74,86,3,113,47,94,85,38,100" hai1="30,28,122,106,19,118,57,4,121,124,36,114,91" hai2="120,45,17,78,131,16,112,117,69,70,102,126,103" hai3="35,79,55,39,40,33,84,83,59,64,5,41,80"/><V97/><F112/><W135/><G135/><T88/><D113/><U24/><E36/><V34/><F117/><W13/><G64/><T68/><D68/><U108/><E106/><V71/><F120/><N who="1" m="46185" /><E114/><V32/><F78/><W62/><G35/><N who="2" m="13353" /><F97/><W95/><G33/><T37/><D100/><N who="2" m="38442" /><F45/><W51/><G39/><T127/><D119/><U15/><E57/><V58/><F58/><N who="3" m="35167" /><G95/><T46/><D46/><U107/><E91/><V60/><F60/><W125/><G83/><T99/><D47/><U11/><E107/><V96/><F96/><W77/><G77/><T26/><D38/><U42/><E42/><V116/><F116/><W20/><G41/><T133/><D37/><U52/><E52/><V44/><F44/><W104/><G104/><T14/><D99/><U27/><E118/><V129/><F126/><W92/><G40/><T123/><D127/><U98/><E98/><V2/><F2/><W115/><G92/><T111/><D3/><N who="1" m="415" /><E124/><V22/><F22/><W49/><G115/><T89/><D94/><U66/><E66/><V54/><F54/><N who="3" m="32207" /><G125/><T132/><D89/><U56/><E56/><V134/><F134/><N who="0" m="51818" /><D88/><U0/><E0/><V50/><F50/><W101/><G51/><T93/><D93/><U7/><E7/><V48/><F48/><W12/><G101/><T87/><D6/><U109/><E30/><V8/><F8/><W9/><G20/><N who="0" m="15815" /><D123/><U65/><E65/><V105/><F105/><W21/><G21/><T53/><D53/><U43/><E43/><V29/><F29/><W67/><G67/><T110/><D14/><AGARI ba="0,0" hai="5,9,12,13,14,79,80,84" m="32207,35167" machi="14" ten="30,1000,0" yaku="8,1" doraHai="23" who="3" fromWho="0" sc="250,-10,250,0,178,0,322,10" /><INIT seed="3,0,0,2,3,61" ten="240,250,178,332" oya="3" hai0="8,91,20,16,124,110,113,88,127,92,84,130,74" hai1="50,28,81,52,119,107,58,25,104,9,30,45,37" hai2="51,111,6,15,55,102,108,11,35,1,4,95,27" hai3="83,75,41,34,40,19,80,57,21,93,78,131,63"/><W105/><G105/><T79/><D74/><U66/><E119/><V65/><F102/><W134/><G34/><T29/><D110/><U117/><E117/><V47/><F95/><W99/><G83/><N who="0" m="47231" /><D130/><U64/><E104/><V53/><F53/><N who="3" m="34223" /><G131/><T115/><D8/><U18/><E107/><V133/><F133/><W32/><G32/><T87/><D91/><U85/><E37/><V54/><F54/><W23/><G134/><T13/><D29/><N who="1" m="11371" /><E58/><V106/><F106/><W10/><G75/><T31/><D31/><U120/><E120/><V48/><F27/><N who="3" m="14783" /><G10/><T125/><AGARI ba="0,0" hai="13,16,20,87,88,92,113,115,124,125,127" m="47231" machi="125" ten="40,5200,0" yaku="18,1,54,2" doraHai="61" who="0" fromWho="0" sc="240,52,250,-13,178,-13,332,-26" owari="292,9.2,237,-16.3,165,-33.5,306,40.6" /></mjloggm>