<mjloggm ver="2.3"><GO type="225" lobby="0"/><UN n0="%E6%81%A5%E6%99%92%E3%81%97" n1="%E3%83%A9%E3%82%B9%E7%8E%87%EF%BC%93%E5%89%B2" n2="%E6%B7%91%E5%A5%B3%E3%81%AE%E5%97%9C%E3%81%BF" n3="%E3%83%94%E3%83%B3%E3%82%B5%E3%83%AD%E5%BA%97%E5%93%A1" dan="16,16,16,16" rate="2172.66,2190.82,2110.37,2169.40" sx="M,F,M,M"/><TAIKYOKU oya="0"/><INIT seed="0,0,0,1,5,73" ten="250,250,250,250" oya="0" hai0="81,100,39,131,58,68,96,21,101,2,75,110,109" hai1="78,127,122,102,89,63,13,83,134,10,36,60,30" hai2="82,31,132,117,4,17,0,25,69,121,23,12,28" hai3="47,40,113,57,61,118,41,56,72,128,54,115,91"/><T126/><D68/><U133/><E36/><V106/><F106/><W27/><G118/><T85/><D2/><U105/><E122/><V35/><F69/><W124/><G72/><T46/><D75/><N who="1" m="43487" /><E30/><N who="2" m="19919" /><F82/><W34/><G128/><T32/><D32/><U44/><E127/><V45/><F45/><W62/><G124/><T107/><D126/><U42/><E89/><V53/><F53/><W88/><G27/><T125/><D125/><U71/><E102/><V20/><F121/><W55/><G34/><T94/><D21/><N who="2" m="8266" /><F132/><N who="1" m="50793" /><E105/><V98/><F98/><W116/><G116/><T1/><D1/><U66/><E66/><V52/><F52/><W90/><REACH who="3" step="1"/><G40/><REACH who="3" ten="250,250,250,240" step="2"/><T119/><D131/><U123/><E123/><V120/><F120/><W8/><G8/><T93/><D119/><U70/><E70/><V92/><F117/><W114/><G114/><T129/><D129/><U19/><E71/><V65/><F31/><W103/><G103/><T112/><D101/><U130/><E130/><V22/><F28/><W104/><G104/><T11/><D11/><U80/><E42/><V37/><F37/><AGARI ba="0,1" hai="37,41,47,54,55,56,57,61,62,88,90,91,113,115" machi="37" ten="40,5200,0" yaku="1,1,9,1,54,1,53,0" doraHai="73" doraHaiUra="5" who="3" fromWho="2" sc="250,0,250,0,250,-52,240,62" /><INIT seed="1,0,0,2,3,8" ten="250,250,198,302" oya="1" hai0="87,89,48,71,42,117,130,116,129,118,90,98,4" hai1="67,92,107,46,110,63,80,95,9,40,12,115,59" hai2="122,24,53,6,121,61,132,25,97,88,29,72,66" hai3="20,93,44,38,35,41,32,119,36,15,102,75,112"/><U70/><E115/><V37/><F72/><W21/><G112/><T60/><D71/><U5/><E107/><V82/><F37/><W2/><G2/><T16/><D60/><U13/><E110/><V120/><F132/><W105/><G75/><T0/><D0/><U10/><E70/><V49/><F6/><W84/><G36/><T91/><D4/><U65/><E65/><V73/><F73/><W113/><G113/><T17/><D48/><U14/><E80/><V33/><F25/><W18/><G119/><T109/><D42/><U106/><E106/><V79/><F79/><W83/><G105/><T62/><D62/><U19/><REACH who="1" step="1"/><E13/><REACH who="1" ten="250,240,198,302" step="2"/><V47/><F121/><W58/><G15/><T54/><D109/><U1/><E1/><V96/><F122/><W23/><G83/><T86/><D54/><U74/><E74/><V68/><REACH who="2" step="1"/><F120/><REACH who="2" ten="250,240,188,302" step="2"/><W111/><G111/><T30/><D116/><U26/><E26/><V69/><F69/><W39/><G39/><AGARI ba="0,2" hai="5,9,10,12,14,19,39,40,46,59,63,67,92,95" machi="39" ten="30,12000,1" yaku="1,1,7,1,52,2,53,1" doraHai="8" doraHaiUra="43" who="1" fromWho="3" sc="250,0,240,140,188,0,302,-120" /><INIT seed="1,1,0,1,0,32" ten="250,380,188,182" oya="1" hai0="86,105,19,72,101,89,100,62,67,9,91,130,134" hai1="115,28,71,111,40,3,81,18,95,120,23,49,97" hai2="90,57,58,4,12,121,35,125,124,85,84,43,122" hai3="39,80,61,107,60,92,119,47,8,104,50,135,64"/><U103/><E115/><V75/><F35/><W55/><G135/><T14/><D134/><U34/><E120/><V63/><F75/><W45/><G119/><T106/><D72/><U1/><E71/><V117/><F117/><W52/><G80/><T94/><D130/><U133/><E133/><V112/><F112/><W132/><G132/><T51/><D105/><U59/><E34/><V13/><F43/><W66/><G92/><T44/><D91/><U5/><E28/><V15/><F4/><W123/><G123/><N who="2" m="47113" /><F63/><N who="3" m="24139" /><G8/><T2/><D2/><U36/><E5/><V37/><F37/><W65/><G107/><T114/><D106/><U88/><E36/><V33/><F33/><W69/><G104/><T0/><D0/><U96/><E111/><V129/><F129/><W10/><G10/><T70/><REACH who="0" step="1"/><D114/><REACH who="0" ten="240,380,188,182" step="2"/><U6/><E1/><V131/><F131/><W7/><G7/><T127/><D127/><N who="2" m="48714" /><F85/><W76/><G76/><T73/><D73/><U27/><E6/><V20/><F20/><W24/><G69/><T116/><D116/><U21/><E3/><V99/><F99/><W31/><G39/><T79/><D79/><U53/><E97/><V26/><F84/><W74/><G74/><T16/><D16/><U108/><E21/><V110/><F90/><W46/><G50/><T38/><D38/><U42/><E88/><V128/><F128/><W83/><G83/><T17/><D17/><U113/><E81/><V118/><F118/><W82/><G82/><T93/><D93/><U102/><E113/><V11/><F110/><W54/><G31/><T41/><AGARI ba="1,1" hai="9,14,19,41,44,51,62,67,70,86,89,94,100,101" machi="41" ten="20,5200,0" yaku="1,1,5,1,0,1,7,1,53,0" doraHai="32" doraHaiUra="22" who="0" fromWho="0" sc="240,65,380,-27,188,-14,182,-14" /><INIT seed="2,0,0,3,0,29" ten="305,353,174,168" oya="2" hai0="119,130,18,128,16,132,77,11,1,81,44,129,19" hai1="0,51,118,76,66,47,80,99,115,28,53,125,32" hai2="22,56,14,61,131,112,117,105,96,94,101,116,23" hai3="95,48,123,93,4,7,113,74,97,121,25,36,50"/><V72/><F112/><W12/><G36/><T42/><D132/><U54/><E115/><V39/><F39/><W90/><G74/><T88/><D119/><U31/><E118/><V57/><F72/><W65/><G113/><T45/><D77/><U106/><E0/><V122/><F122/><W107/><G107/><T63/><D63/><U120/><E120/><V75/><F75/><W100/><G123/><T102/><D102/><U60/><E125/><V3/><F3/><W91/><G121/><T10/><D45/><U83/><E54/><V86/><F131/><W13/><G65/><T34/><D34/><U70/><E31/><V46/><F46/><W8/><G25/><T27/><D27/><N who="1" m="18463" /><E76/><V55/><F57/><W126/><G126/><T92/><D81/><U5/><E5/><V38/><F38/><W15/><G100/><AGARI ba="0,0" hai="47,51,53,60,66,70,80,83,99,100,106" m="18463" machi="100" ten="30,2000,0" yaku="25,1,52,1" doraHai="29" who="1" fromWho="3" sc="305,0,353,20,174,0,168,-20" /><INIT seed="3,0,0,3,5,36" ten="305,373,174,148" oya="3" hai0="23,2,105,50,127,55,72,110,34,22,82,66,88" hai1="60,101,53,102,41,52,45,63,62,122,135,54,29" hai2="86,7,76,4,106,61,42,129,90,49,126,51,56" hai3="75,113,10,70,1,11,14,130,80,69,97,85,44"/><W13/><G113/><T109/><D34/><U131/><E122/><V31/><F106/><W24/><G75/><T103/><D2/><U47/><E131/><V32/><F129/><W83/><G130/><T111/><D127/><U93/><E135/><V81/><F126/><W3/><G44/><N who="1" m="16970" /><E41/><V21/><F32/><W5/><G97/><T128/><D128/><U118/><E118/><V114/><F114/><W19/><G24/><T108/><D66/><U37/><E37/><V132/><F132/><W123/><G123/><T74/><D103/><N who="1" m="39435" /><E93/><V20/><F42/><W67/><G67/><T124/><D105/><U94/><E94/><V112/><F76/><W46/><G46/><N who="0" m="28119" /><D124/><U77/><E29/><V57/><F112/><W91/><REACH who="3" step="1"/><G83/><REACH who="3" ten="305,373,174,138" step="2"/><T133/><D111/><U96/><E96/><V134/><F134/><W0/><AGARI ba="0,1" hai="0,1,3,5,10,11,13,14,19,69,70,80,85,91" machi="0" ten="30,12000,1" yaku="1,1,2,1,0,1,53,2" doraHai="36" doraHaiUra="65" who="3" fromWho="3" sc="305,-40,373,-40,174,-40,138,130" /><INIT seed="3,1,0,5,0,32" ten="265,333,134,268" oya="3" hai0="110,91,61,85,86,113,97,122,40,22,15,53,89" hai1="20,31,43,71,119,80,26,132,93,123,84,83,13" hai2="18,30,72,12,124,0,33,62,51,58,114,5,59" hai3="95,87,127,56,55,116,104,126,111,3,46,73,29"/><W79/><G116/><T28/><D122/><U134/><E71/><V38/><F38/><W117/><G117/><T78/><D110/><U41/><E119/><V115/><F72/><W70/><G104/><T17/><D40/><N who="1" m="15435" /><E123/><V25/><F124/><N who="3" m="47659" /><G70/><T57/><D113/><U16/><E93/><V81/><F81/><N who="3" m="45295" /><G111/><T6/><D78/><U10/><E84/><N who="0" m="32361" /><D6/><U34/><E34/><V24/><F24/><W47/><G29/><T129/><D129/><U112/><E112/><V67/><F51/><N who="3" m="30847" /><G3/><T96/><D28/><U4/><E31/><V23/><REACH who="2" step="1"/><F59/><REACH who="2" ten="265,333,124,268" step="2"/><W130/><G130/><T36/><D36/><U128/><E128/><V118/><F118/><W52/><G52/><T35/><D35/><U82/><E82/><V66/><F66/><W37/><G37/><T101/><D101/><U39/><E39/><V64/><F64/><W45/><G45/><T100/><D100/><U69/><E69/><V49/><F49/><W50/><G50/><T105/><D105/><U75/><E75/><V121/><F121/><W76/><G76/><T106/><D106/><U8/><E83/><V131/><F131/><W42/><G42/><T1/><D53/><U107/><E80/><V68/><F68/><W54/><G54/><T60/><D57/><U74/><E74/><V133/><F133/><W109/><G109/><T48/><D48/><U92/><E107/><V65/><F65/><W7/><G47/><T103/><D103/><U108/><E108/><V63/><F63/><W98/><G46/><T102/><D102/><U94/><E134/><V135/><F135/><W27/><G27/><RYUUKYOKU ba="1,1" sc="265,-10,333,-10,124,30,268,-10" hai2="0,5,12,18,23,25,30,33,58,62,67,114,115" owari="255,-14.5,333,43.3,154,-34.6,258,5.8" /></mjloggm>