<mjloggm ver="2.3"><GO type="225" lobby="0"/><UN n0="%E2%98%86%E5%B0%8F%E5%AD%A6%E7%94%B7%E7%94%9F%E2%98%86" n1="%E7%89%B9%E6%9D%B1%E3%81%AF%E4%B8%96%E7%95%8C%E3%82%92%E6%95%91%E3%81%86" n2="%E6%A1%9C%E8%8A%B1%E9%96%83%E3%80%85" n3="%E3%81%99%E3%81%84%E3%81%BE%E3%81%9B%E3%83%BC%E3%82%93" dan="17,16,16,18" rate="2193.80,2168.12,2104.45,2202.86" sx="M,M,M,M"/><TAIKYOKU oya="0"/><INIT seed="0,0,0,2,3,66" ten="250,250,250,250" oya="0" hai0="62,28,47,43,69,108,99,72,109,73,0,89,96" hai1="15,31,86,92,33,14,95,44,42,107,110,76,117" hai2="127,91,97,87,22,88,24,50,68,126,8,104,30" hai3="34,98,100,118,94,124,112,4,49,3,53,71,101"/><T125/><D0/><U74/><E107/><V56/><F8/><W64/><G112/><T11/><D125/><N who="2" m="47626" /><F68/><W16/><G124/><T78/><D28/><U52/><E117/><V23/><F23/><W51/><G34/><T80/><D11/><U37/><E110/><N who="0" m="42601" /><D89/><U25/><E74/><V77/><F56/><W35/><G35/><T120/><D73/><U119/><E119/><V113/><F50/><W63/><G118/><T84/><D84/><U103/><E86/><V7/><F7/><W38/><G38/><N who="0" m="22007" /><D120/><U59/><E76/><V134/><F113/><W93/><G4/><T6/><D6/><U17/><E103/><N who="2" m="62575" /><F134/><W116/><G116/><T121/><D121/><U2/><E2/><V1/><F1/><W58/><G3/><T135/><D135/><U57/><E57/><V106/><F106/><W82/><G58/><T10/><D10/><U132/><E132/><V45/><F45/><W18/><G18/><T70/><D62/><U26/><E26/><V128/><F77/><W130/><G63/><T83/><D83/><U61/><REACH who="1" step="1"/><E14/><REACH who="1" ten="250,240,250,250" step="2"/><V19/><F87/><W133/><G133/><T5/><D5/><U75/><E75/><V81/><F91/><W39/><G101/><T65/><D65/><U129/><E129/><V55/><F128/><W123/><G130/><T13/><D13/><U41/><E41/><V122/><F122/><W40/><G123/><T90/><D90/><U48/><E48/><V36/><F88/><W111/><G100/><T131/><D131/><U21/><AGARI ba="0,1" hai="15,17,21,25,31,33,37,42,44,52,59,61,92,95" machi="21" ten="20,8000,1" yaku="1,1,0,1,7,1,54,1,53,1" doraHai="66" doraHaiUra="12" who="1" fromWho="1" sc="250,-40,240,90,250,-20,250,-20" /><INIT seed="1,0,0,1,3,10" ten="210,330,230,230" oya="1" hai0="93,69,13,14,50,25,57,100,61,128,91,82,27" hai1="86,24,113,108,36,98,104,120,127,11,62,112,52" hai2="44,101,77,130,21,87,37,80,26,4,131,23,18" hai3="124,22,109,102,103,115,73,99,133,16,34,49,29"/><U51/><E120/><V129/><F101/><W95/><G115/><T121/><D128/><U48/><E36/><V60/><F4/><W89/><G73/><T111/><D121/><U32/><E127/><V72/><F60/><W63/><G124/><T79/><D69/><U45/><E108/><V40/><REACH who="2" step="1"/><F21/><REACH who="2" ten="210,330,220,230" step="2"/><W96/><G63/><T20/><D100/><U0/><E62/><V116/><F116/><W88/><G109/><T1/><D111/><U83/><E113/><V6/><F6/><W42/><G103/><T122/><D122/><U70/><E112/><V134/><F134/><W81/><G133/><T78/><D1/><U75/><E32/><V107/><F107/><W5/><G5/><T110/><D110/><U65/><E104/><V54/><F54/><W2/><G2/><T17/><D27/><U38/><E52/><V68/><F68/><W90/><G34/><T7/><D7/><U3/><E70/><V56/><F56/><W92/><G102/><T114/><D114/><U46/><E3/><V64/><F64/><W106/><G106/><T41/><D61/><U19/><E65/><V94/><F94/><W67/><G67/><T66/><D66/><U117/><E0/><V125/><F125/><W39/><G95/><T30/><D82/><U33/><E83/><V126/><F126/><W58/><G81/><T119/><D119/><U132/><E117/><V35/><F35/><W59/><G92/><T74/><D57/><U12/><E132/><V135/><F135/><W118/><G59/><T76/><D20/><N who="1" m="11367" /><E24/><V28/><F28/><W31/><G31/><RYUUKYOKU ba="0,1" sc="210,-10,330,-10,220,30,230,-10" hai2="18,23,26,37,40,44,72,77,80,87,129,130,131" /><INIT seed="2,1,1,3,3,78" ten="200,320,250,220" oya="2" hai0="7,9,49,135,133,54,38,42,73,132,86,116,94" hai1="122,67,13,16,20,112,44,117,69,107,0,84,115" hai2="26,53,72,129,106,99,37,92,109,40,131,10,30" hai3="6,68,75,21,93,119,48,55,45,15,22,80,126"/><V125/><F106/><W108/><G119/><T8/><D73/><U97/><E117/><V61/><F72/><W5/><G108/><T14/><D116/><U19/><E0/><V28/><F125/><W18/><G68/><T65/><D65/><U35/><E35/><V11/><F40/><W110/><G110/><T27/><D27/><U66/><E122/><V104/><F37/><W96/><G126/><T113/><D113/><U71/><E44/><V24/><F104/><W95/><G75/><T82/><D94/><N who="3" m="35849" /><G96/><T89/><D8/><N who="2" m="3114" /><F109/><W12/><G80/><T46/><REACH who="0" step="1"/><D54/><REACH who="0" ten="190,320,250,220" step="2"/><U100/><E115/><V87/><F87/><W114/><G114/><T70/><D70/><U57/><E112/><V29/><F131/><W121/><G121/><T51/><AGARI ba="1,2" hai="7,9,14,38,42,46,49,51,82,86,89,132,133,135" machi="51" ten="40,8000,1" yaku="1,1,0,1,20,1,52,1,53,1" doraHai="78" doraHaiUra="1" who="0" fromWho="0" sc="190,103,320,-21,250,-41,220,-21" /><INIT seed="3,0,0,3,0,116" ten="293,299,209,199" oya="3" hai0="117,106,27,102,71,123,84,91,120,127,96,4,99" hai1="22,55,105,109,61,103,125,57,94,78,85,59,131" hai2="113,88,87,79,8,2,33,97,83,12,100,37,76" hai3="118,52,19,42,18,130,43,112,7,48,17,53,0"/><W32/><G118/><T64/><D117/><U31/><E105/><V75/><F113/><W104/><G112/><T68/><D127/><U124/><E109/><V30/><F2/><W28/><G104/><T39/><D39/><U41/><E131/><V129/><F37/><W115/><G115/><T135/><D135/><U70/><E41/><V40/><F40/><N who="3" m="15403" /><G32/><T44/><D44/><U108/><E108/><V63/><F129/><W3/><G130/><T23/><D4/><U128/><E128/><V62/><F30/><W101/><G28/><T73/><D73/><U15/><E125/><V6/><F33/><W58/><G101/><T25/><D99/><N who="1" m="59895" /><E70/><V67/><F75/><W34/><G34/><T14/><D14/><U107/><E107/><V24/><F24/><W132/><G132/><T81/><D25/><N who="1" m="16823" /><E124/><V45/><F45/><N who="3" m="27791" /><G3/><T65/><D71/><U121/><E121/><V5/><F5/><W82/><G0/><T10/><D68/><U11/><E59/><N who="2" m="37343" /><F63/><N who="3" m="36295" /><G7/><T51/><D106/><U38/><E38/><V92/><AGARI ba="0,0" hai="6,8,12,76,79,83,87,88,92,97,100" m="37343" machi="92" ten="30,2000,0" yaku="8,1,54,1" doraHai="116" who="2" fromWho="2" sc="293,-5,299,-5,209,20,199,-10" /><INIT seed="4,0,0,3,1,54" ten="288,294,229,189" oya="0" hai0="94,37,124,15,23,44,83,62,92,63,36,5,33" hai1="39,114,16,27,69,57,31,96,134,47,66,111,59" hai2="85,121,58,0,113,102,48,21,32,130,7,11,24" hai3="129,127,1,79,132,108,65,73,125,9,8,74,2"/><T106/><D106/><U82/><E111/><V123/><F113/><W135/><G79/><T22/><D33/><U91/><E114/><V95/><F32/><W25/><G65/><T4/><D124/><N who="3" m="47689" /><G108/><T68/><D83/><U51/><E39/><V17/><F130/><W14/><G25/><T90/><D68/><U89/><E134/><N who="3" m="51242" /><G129/><T110/><D110/><U49/><E31/><V117/><F117/><W29/><G29/><T122/><D122/><U20/><E69/><V80/><F102/><W86/><G86/><T52/><D90/><U119/><E119/><V34/><F34/><W120/><G120/><T128/><D128/><U53/><E66/><V30/><F30/><W72/><G14/><T18/><D15/><U61/><E96/><V41/><F121/><W19/><G19/><T6/><D18/><U76/><E76/><V112/><F123/><W77/><G77/><T131/><D131/><U87/><E91/><V107/><F112/><W3/><AGARI ba="0,0" hai="1,2,3,8,9,72,73,74" m="51242,47689" machi="3" ten="50,8000,1" yaku="28,2,18,1,20,1" doraHai="54" who="3" fromWho="3" sc="288,-40,294,-20,229,-20,189,80" /><INIT seed="5,0,0,2,4,0" ten="248,274,209,269" oya="1" hai0="62,58,120,31,115,110,2,75,51,79,54,127,50" hai1="132,73,99,74,23,41,32,29,107,22,11,69,49" hai2="15,16,84,33,78,124,14,43,116,76,90,1,65" hai3="19,118,56,45,18,61,104,83,52,39,71,100,25"/><U68/><E132/><V129/><F116/><W128/><G118/><T112/><D110/><U88/><E32/><V42/><F1/><W96/><G128/><T8/><D31/><U57/><E11/><N who="2" m="6239" /><F33/><W7/><G71/><T134/><D134/><U59/><E41/><N who="2" m="15371" /><F129/><W53/><G39/><T131/><D131/><U81/><E107/><V89/><F124/><W77/><G7/><N who="0" m="1143" /><D127/><U46/><E46/><V5/><F65/><W3/><G3/><T130/><D130/><U21/><E29/><V123/><F123/><W80/><G19/><T93/><D120/><U9/><E9/><N who="2" m="4527" /><F90/><W94/><G104/><T4/><D4/><U63/><E88/><V101/><F101/><W27/><G18/><T97/><D79/><U60/><E21/><V113/><F113/><N who="0" m="43594" /><D75/><U20/><E73/><V13/><F13/><W103/><G77/><T55/><D55/><U48/><E74/><V37/><F37/><W85/><G53/><T44/><D44/><U12/><E12/><V87/><F87/><W47/><G47/><T24/><D24/><U36/><E36/><V66/><F66/><W114/><G45/><T98/><D98/><U92/><E99/><V91/><F91/><AGARI ba="0,0" hai="50,51,54,58,62,91,93,97" m="43594,1143" machi="91" ten="30,2000,0" yaku="15,1,52,1" doraHai="0" who="0" fromWho="2" sc="248,20,274,0,209,-20,269,0" /><INIT seed="6,0,0,1,0,66" ten="268,274,189,269" oya="2" hai0="122,100,110,9,40,128,12,41,126,35,135,134,59" hai1="79,84,85,108,95,27,102,32,29,72,23,117,106" hai2="111,46,119,64,42,132,127,24,87,52,133,34,53" hai3="57,49,30,3,55,61,101,120,96,93,28,26,104"/><V91/><F119/><W6/><G120/><T38/><D110/><U129/><E108/><V90/><F111/><W4/><G3/><T15/><D122/><U10/><E117/><V97/><F127/><W14/><G104/><T18/><D35/><U74/><E106/><V131/><F131/><W21/><G28/><T39/><D126/><U124/><E124/><V45/><F64/><N who="3" m="38959" /><G14/><T47/><D128/><U94/><E129/><V112/><F112/><W62/><G62/><T82/><D100/><U22/><E32/><V80/><F34/><W77/><G77/><T51/><D82/><U123/><E79/><V115/><F24/><W81/><G81/><T92/><D92/><U8/><E27/><V86/><F115/><W19/><G19/><T56/><D12/><U70/><E123/><V1/><F1/><W105/><G105/><T36/><D41/><U113/><E29/><V75/><F97/><W69/><G69/><T31/><D31/><U67/><E113/><V71/><F75/><W76/><G76/><T17/><D17/><U121/><E121/><V107/><F107/><W54/><G54/><N who="2" m="21097" /><F71/><W58/><AGARI ba="0,0" hai="4,6,21,26,30,49,55,58,93,96,101" m="38959" machi="58" ten="30,2000,0" yaku="25,1,8,1" doraHai="66" who="3" fromWho="3" sc="268,-5,274,-5,189,-10,269,20" /><INIT seed="7,0,0,0,2,38" ten="263,269,179,289" oya="3" hai0="65,16,134,70,43,24,111,34,31,56,128,87,28" hai1="49,46,1,109,91,88,85,116,48,67,130,108,117" hai2="60,119,125,45,61,5,101,13,123,120,131,32,15" hai3="25,74,102,82,92,73,118,62,52,93,66,105,124"/><W18/><G118/><N who="1" m="45674" /><E130/><V50/><F119/><W17/><G105/><T47/><D111/><N who="1" m="42571" /><E1/><V98/><F32/><W2/><G2/><T77/><D134/><U55/><E67/><V99/><F131/><W26/><G66/><T71/><D71/><U121/><E121/><V9/><F125/><W23/><G124/><T44/><D70/><U79/><E49/><V97/><F101/><W54/><G102/><T113/><D113/><U21/><E21/><V22/><F123/><W0/><G0/><T35/><D128/><U3/><E3/><V96/><N who="2" m="24576" /><DORA hai="127" /><V27/><F15/><W78/><G62/><N who="0" m="38087" /><D35/><U19/><E19/><V7/><F7/><W129/><G129/><T6/><D6/><U94/><E91/><V42/><REACH who="2" step="1"/><F120/><REACH who="2" ten="263,269,169,289" step="2"/><W68/><G26/><T103/><D34/><U89/><E94/><V81/><F81/><AGARI ba="0,1" hai="46,48,55,79,81,85,88,89" m="42571,45674" machi="81" ten="30,2000,0" yaku="12,1,54,1" doraHai="38,127" who="1" fromWho="2" sc="263,0,269,30,169,-20,289,0" owari="263,-13.7,299,39.9,149,-35.1,289,8.9" /></mjloggm>