<mjloggm ver="2.3"><GO type="225" lobby="0"/><UN n0="%E3%82%A4%E3%83%BC%E3%82%B1%E3%83%97%E3%83%A9" n1="%E6%B4%BE%E9%81%A3%E3%81%AE%E3%82%B8%E3%83%A3%E3%83%83%E3%82%AF" n2="%E5%A4%8F%E9%88%B4%E9%88%B4%E5%A4%8F" n3="%E9%A6%AC%E5%BC%95%E7%81%AB%33" dan="16,17,16,16" rate="2172.92,2186.59,2094.26,2136.27" sx="M,M,M,M"/><TAIKYOKU oya="0"/><INIT seed="0,0,0,4,3,111" ten="250,250,250,250" oya="0" hai0="64,50,130,14,98,120,10,82,59,1,12,117,18" hai1="101,62,28,35,17,108,92,109,65,55,90,24,19" hai2="104,114,38,123,44,134,100,78,89,15,6,49,4" hai3="70,23,0,103,112,68,76,74,80,71,115,22,95"/><T33/><D117/><U43/><E43/><V97/><F123/><W102/><G0/><T135/><D120/><U122/><E122/><V113/><F38/><W39/><G39/><T40/><D33/><U56/><E55/><V3/><F3/><W81/><G81/><T61/><D130/><U34/><E34/><V124/><F78/><W16/><G23/><T105/><D135/><U132/><E101/><V37/><F37/><W32/><G32/><T41/><D1/><U83/><E83/><V127/><F89/><W119/><G119/><T129/><D129/><U7/><E7/><N who="2" m="2603" /><F15/><W36/><G36/><T29/><D29/><U9/><E132/><V94/><F94/><W60/><G60/><T45/><D105/><U106/><E106/><V87/><F87/><W2/><G2/><T11/><D82/><U121/><E121/><V57/><F57/><W126/><G126/><N who="2" m="48169" /><F134/><W66/><G66/><T58/><D98/><N who="1" m="57623" /><E9/><V63/><F63/><W69/><G69/><T67/><D41/><AGARI ba="0,0" hai="41,44,49,97,100,104,113,114" m="48169,2603" machi="41" ten="30,3900,0" yaku="18,1,52,2" doraHai="111" who="2" fromWho="0" sc="250,-39,250,0,250,39,250,0" /><INIT seed="1,0,0,2,4,109" ten="211,250,289,250" oya="1" hai0="41,13,63,12,46,2,45,32,20,106,31,83,27" hai1="14,7,135,43,57,29,55,84,104,64,21,97,15" hai2="34,26,117,62,132,85,33,100,68,90,88,103,5" hai3="95,72,121,50,66,73,67,111,9,30,89,105,80"/><U61/><E135/><V91/><F117/><W59/><G121/><T44/><D106/><U53/><E43/><V94/><F132/><W60/><G105/><T101/><D2/><U82/><E104/><V22/><F5/><W65/><G111/><T107/><D107/><U51/><E97/><V122/><F122/><W47/><G30/><T115/><D101/><U119/><E119/><V10/><F10/><W124/><G124/><T75/><D41/><U24/><E7/><V128/><F128/><W69/><G9/><T125/><D125/><U96/><E96/><V36/><F36/><W38/><G38/><T74/><D63/><U11/><E11/><V99/><F85/><W113/><G113/><T25/><D115/><U126/><E126/><V49/><F103/><W1/><G1/><T35/><D35/><U123/><E123/><V4/><F49/><W93/><G93/><T86/><D75/><U56/><REACH who="1" step="1"/><E64/><REACH who="1" ten="211,240,289,250" step="2"/><V16/><REACH who="2" step="1"/><F4/><REACH who="2" ten="211,240,279,250" step="2"/><W102/><G102/><T77/><REACH who="0" step="1"/><D74/><REACH who="0" ten="201,240,279,250" step="2"/><U112/><E112/><V3/><F3/><W8/><G73/><T52/><D52/><U54/><E54/><V39/><F39/><W48/><G72/><T81/><D81/><U87/><E87/><V70/><F70/><W108/><G80/><T71/><D71/><U131/><E131/><V78/><F78/><AGARI ba="0,3" hai="14,15,21,24,29,51,53,55,56,57,61,78,82,84" machi="78" ten="30,11600,0" yaku="1,1,7,1,8,1,53,1" doraHai="109" doraHaiUra="19" who="1" fromWho="2" sc="201,0,240,146,279,-116,250,0" /><INIT seed="1,1,0,2,3,8" ten="201,386,163,250" oya="1" hai0="127,132,46,130,44,25,52,42,113,135,96,82,51" hai1="99,57,63,30,117,28,35,115,121,124,26,86,37" hai2="116,10,90,119,83,5,45,2,100,118,133,3,111" hai3="134,58,67,107,62,106,91,73,22,105,101,122,40"/><U66/><E115/><V93/><F111/><W41/><G122/><T19/><D113/><U75/><E75/><V68/><F68/><W71/><G73/><T54/><D127/><U53/><E37/><V56/><F133/><N who="0" m="51274" /><D130/><U47/><E121/><V112/><F112/><W27/><G134/><T21/><D82/><U39/><E117/><V50/><F100/><W55/><G101/><T78/><D78/><U59/><E124/><V97/><F56/><W125/><G91/><T129/><D129/><U1/><E1/><V24/><F24/><W60/><REACH who="3" step="1"/><G125/><REACH who="3" ten="201,386,163,240" step="2"/><T104/><D46/><U11/><E47/><V33/><F33/><W64/><G64/><T74/><D74/><U16/><E66/><V123/><F123/><W65/><G65/><T14/><D25/><U4/><E26/><V81/><REACH who="2" step="1"/><F2/><REACH who="2" ten="201,386,153,240" step="2"/><W79/><G79/><T43/><D43/><AGARI ba="1,2" hai="3,5,10,43,45,50,81,83,90,93,97,116,118,119" machi="43" ten="40,2600,0" yaku="1,1,2,1,53,0" doraHai="8" doraHaiUra="98" who="2" fromWho="0" sc="201,-29,386,0,153,49,240,0" /><INIT seed="2,0,0,4,3,50" ten="172,386,202,240" oya="2" hai0="78,54,93,63,102,73,114,66,109,88,81,100,43" hai1="101,47,9,83,77,92,104,74,135,37,17,113,34" hai2="112,5,111,11,35,89,127,98,115,30,36,131,72" hai3="4,7,116,41,122,25,0,87,10,75,86,6,23"/><V68/><F36/><W128/><G75/><T22/><D109/><U18/><E113/><V3/><F127/><W124/><G116/><T8/><D114/><U60/><E34/><V79/><F131/><W14/><G122/><T70/><D43/><U99/><E135/><V106/><F89/><W55/><G124/><T51/><D22/><U133/><E133/><V1/><F1/><W39/><G128/><T2/><D8/><U71/><E9/><V97/><F68/><W40/><G40/><T44/><REACH who="0" step="1"/><D2/><REACH who="0" ten="162,386,202,240" step="2"/><U91/><E37/><V24/><F111/><W76/><G41/><T49/><D49/><U21/><E21/><V38/><F38/><W110/><G23/><T105/><D105/><U134/><E104/><V69/><F69/><W95/><G10/><T12/><D12/><U45/><E71/><V132/><F132/><W13/><G13/><T103/><D103/><U121/><E101/><N who="2" m="62767" /><F98/><AGARI ba="0,1" hai="44,51,54,63,66,70,73,78,81,88,93,98,100,102" machi="98" ten="30,8000,1" yaku="1,1,7,1,52,1,54,1,53,1" doraHai="50" doraHaiUra="46" who="0" fromWho="2" sc="162,90,386,0,202,-80,240,0" /><INIT seed="3,0,0,5,0,99" ten="252,386,122,240" oya="3" hai0="127,32,92,11,126,80,110,44,117,112,47,125,121" hai1="30,128,100,1,14,5,15,42,22,34,91,79,134" hai2="65,102,21,78,41,118,10,37,135,90,63,29,55" hai3="56,133,16,98,115,28,3,0,76,20,106,46,59"/><W111/><G115/><T40/><D110/><U62/><E79/><V77/><F118/><W24/><G133/><T2/><D117/><U104/><E42/><V83/><F135/><W109/><G76/><T8/><D121/><U31/><E91/><V86/><F41/><W67/><G46/><T39/><D32/><U85/><E85/><V45/><F37/><W81/><G81/><T105/><D105/><U130/><E62/><V122/><F122/><W119/><G119/><T53/><D112/><U38/><E38/><V60/><F10/><W93/><G106/><T58/><D44/><U129/><E134/><V103/><F78/><W74/><G74/><T101/><D80/><U107/><E107/><V43/><F77/><W54/><G28/><T50/><D2/><U95/><E95/><V49/><F43/><W68/><G68/><T26/><D26/><U51/><E51/><V6/><F6/><W123/><G67/><T48/><D48/><U25/><E34/><V89/><F90/><N who="3" m="55607" /><G59/><T52/><D53/><U17/><E1/><N who="3" m="586" /><G123/><T33/><D33/><U108/><E108/><V70/><REACH who="2" step="1"/><F63/><AGARI ba="0,0" hai="16,20,24,54,56,63,109,111" m="586,55607" machi="63" ten="30,2900,0" yaku="25,1,54,1" doraHai="99" who="3" fromWho="2" sc="252,0,386,0,122,-29,240,29" /><INIT seed="3,1,0,1,1,35" ten="252,386,93,269" oya="3" hai0="66,78,81,8,111,119,84,53,10,56,123,44,121" hai1="42,12,73,68,112,9,0,58,52,59,87,37,61" hai2="31,70,60,99,105,77,47,91,75,94,63,13,103" hai3="11,86,50,27,23,135,26,100,117,25,22,67,95"/><W89/><G117/><T2/><D119/><U118/><E73/><V83/><F47/><W32/><G32/><T14/><D111/><U110/><E110/><V29/><F13/><W72/><G72/><T45/><D66/><U116/><E0/><V109/><F109/><W7/><G135/><T92/><D2/><U80/><E112/><V126/><F126/><W93/><G67/><T18/><D8/><U130/><E130/><V114/><F114/><W55/><G95/><T76/><D76/><U39/><E68/><V107/><F107/><W36/><G100/><T6/><D18/><U97/><E97/><V115/><F115/><W131/><G36/><T133/><D133/><U34/><E34/><V46/><F46/><W90/><G90/><T38/><D38/><U64/><E42/><V51/><F51/><W120/><G131/><T132/><D132/><U108/><E108/><V49/><F49/><W24/><G120/><T96/><D123/><U5/><E116/><V102/><F102/><W54/><G50/><N who="0" m="30775" /><D121/><U1/><E1/><V129/><F129/><W82/><G82/><T40/><D40/><U19/><E5/><V134/><F134/><W65/><G65/><T106/><D106/><U57/><E118/><V69/><F69/><W30/><REACH who="3" step="1"/><G23/><REACH who="3" ten="252,386,93,259" step="2"/><T122/><D122/><U124/><E124/><V21/><F70/><W41/><G41/><T3/><D92/><U74/><E74/><V71/><F71/><W16/><G16/><N who="0" m="8279" /><D96/><U4/><E64/><V62/><REACH who="2" step="1"/><F21/><REACH who="2" ten="252,386,83,259" step="2"/><W20/><G20/><T104/><D104/><U125/><E37/><V79/><F79/><RYUUKYOKU ba="1,2" sc="252,10,386,-30,83,10,259,10" hai0="3,6,44,45,78,81,84" hai2="29,31,60,62,63,75,77,83,91,94,99,103,105" hai3="7,11,22,24,25,26,27,30,54,55,86,89,93" /><INIT seed="3,2,2,5,0,122" ten="262,356,93,269" oya="3" hai0="24,60,114,92,95,98,135,97,1,45,129,121,125" hai1="70,40,28,21,42,99,46,20,134,16,79,57,36" hai2="96,100,37,73,87,23,44,91,22,78,30,130,27" hai3="39,112,55,77,106,15,127,5,132,43,75,104,108"/><W34/><G112/><T62/><D1/><U67/><E70/><V35/><F130/><W119/><G119/><T109/><D121/><U12/><E134/><V58/><F58/><W51/><G15/><T89/><D135/><U53/><E79/><V76/><F76/><W72/><G132/><T118/><D118/><U25/><E99/><V71/><F71/><W82/><G75/><T13/><D129/><U64/><E42/><V126/><F126/><W49/><G39/><T2/><D2/><U123/><E123/><V131/><F131/><W29/><G29/><T80/><D114/><U6/><E6/><V17/><F17/><W65/><G5/><T32/><D125/><U48/><AGARI ba="2,2" hai="12,16,20,21,25,28,36,40,46,48,53,57,64,67" machi="48" ten="20,2700,0" yaku="0,1,7,1,54,1" doraHai="122" who="1" fromWho="1" sc="262,-9,356,53,93,-9,269,-15" owari="253,-14.7,409,50.9,84,-41.6,254,5.4" /></mjloggm>