<mjloggm ver="2.3"><GO type="225" lobby="0"/><UN n0="%E3%80%90%E8%92%BC%E7%90%89%E3%80%91" n1="%70%6F%69%73%6F%6E%30%32" n2="%E6%98%93%E5%88%A9%E8%96%A9%E4%BC%AF" n3="%E3%81%82%E3%81%84%E3%81%82%E3%81%8A%E3%81%84" dan="16,16,17,18" rate="2193.36,2105.92,2174.37,2220.11" sx="F,M,F,M"/><TAIKYOKU oya="0"/><INIT seed="0,0,0,5,5,96" ten="250,250,250,250" oya="0" hai0="76,46,48,38,6,92,24,80,43,12,28,56,37" hai1="122,31,60,107,15,9,21,125,114,40,50,79,77" hai2="78,7,131,57,14,45,115,26,23,2,82,52,68" hai3="3,101,84,83,71,33,20,81,34,112,108,55,117"/><T109/><D109/><U130/><E122/><V94/><F68/><W42/><G3/><T47/><D56/><U5/><E130/><V133/><F115/><W16/><G71/><T118/><D118/><U121/><E121/><V111/><F111/><W88/><G112/><T27/><D92/><U132/><E132/><V100/><F133/><W0/><G117/><T74/><D46/><N who="1" m="25927" /><E107/><V1/><F45/><W95/><G0/><T32/><REACH who="0" step="1"/><D24/><REACH who="0" ten="240,250,250,250" step="2"/><N who="1" m="16783" /><E114/><V128/><F26/><W129/><G108/><T124/><D124/><U72/><E125/><V4/><F131/><W51/><G129/><T123/><D123/><U97/><E72/><V103/><F57/><W75/><G75/><T64/><D64/><U67/><E67/><V98/><F128/><W8/><G95/><T93/><D93/><U22/><E60/><V127/><F94/><W89/><G83/><T135/><D135/><U36/><E97/><V25/><F98/><W85/><G81/><T58/><D58/><U44/><E44/><V110/><F82/><W70/><G70/><T11/><AGARI ba="0,1" hai="6,11,12,27,28,32,37,38,43,47,48,74,76,80" machi="11" ten="30,6000,0" yaku="1,1,0,1,53,1" doraHai="96" doraHaiUra="30" who="0" fromWho="0" sc="240,70,250,-20,250,-20,250,-20" /><INIT seed="0,1,0,2,4,121" ten="310,230,230,230" oya="0" hai0="80,7,11,46,83,94,38,101,127,89,96,106,104" hai1="42,0,58,113,17,66,75,29,8,61,32,69,86" hai2="95,26,126,84,1,45,22,122,132,115,134,51,63" hai3="54,74,90,67,53,4,20,60,130,72,71,28,62"/><T2/><D127/><U41/><E75/><V107/><F107/><W59/><G130/><T33/><D33/><U112/><E86/><V37/><F1/><W135/><G135/><N who="2" m="51753" /><F37/><W81/><G4/><T116/><D106/><U133/><E133/><V12/><F115/><N who="1" m="44105" /><E32/><V52/><F63/><W56/><G90/><T111/><D116/><U40/><E29/><N who="2" m="17623" /><F12/><W118/><G118/><T79/><D111/><U129/><E129/><V92/><F122/><W91/><G28/><T97/><REACH who="0" step="1"/><D79/><REACH who="0" ten="300,230,230,230" step="2"/><U55/><E0/><V14/><F126/><W64/><G71/><T21/><D21/><U73/><E8/><V103/><F103/><W19/><G20/><T31/><D31/><U119/><E119/><V27/><F27/><W9/><G9/><T47/><D47/><U23/><E73/><V5/><F84/><N who="3" m="50575" /><G74/><T114/><D114/><U3/><E3/><V125/><F125/><W88/><G72/><T78/><D78/><U49/><E69/><V6/><F14/><W108/><G108/><T48/><D48/><U87/><E49/><V77/><F77/><W57/><G62/><T70/><D70/><U68/><E23/><V82/><F45/><W105/><G60/><T39/><D39/><U85/><E68/><V35/><F51/><W117/><G105/><T65/><D65/><U44/><E66/><V123/><F35/><W124/><G124/><T30/><D30/><U131/><E44/><V10/><F10/><W34/><G34/><T102/><D102/><U76/><E76/><V13/><F13/><W15/><G15/><T18/><D18/><U98/><E17/><RYUUKYOKU ba="1,1" sc="300,30,230,-10,230,-10,230,-10" hai0="2,7,11,38,46,80,83,89,94,96,97,101,104" /><INIT seed="0,2,1,5,4,100" ten="330,220,220,220" oya="0" hai0="4,114,19,89,104,90,17,96,64,37,60,94,40" hai1="126,107,97,130,121,29,53,46,27,39,75,32,129" hai2="108,44,50,68,82,74,41,120,61,8,76,7,5" hai3="87,85,99,115,12,70,11,67,78,98,84,52,49"/><T63/><D114/><U73/><E121/><V113/><F113/><W72/><G115/><T24/><D4/><U116/><E116/><V125/><F120/><W51/><G51/><T81/><D104/><U79/><E126/><V34/><F34/><W9/><G70/><T131/><D131/><N who="1" m="50187" /><E79/><V18/><F108/><W92/><G67/><T57/><D37/><U102/><E53/><V21/><F125/><W30/><G30/><T71/><D40/><AGARI ba="2,1" hai="27,29,32,39,40,46,73,75,97,102,107" m="50187" machi="40" ten="30,3900,0" yaku="19,1,23,1,52,1" doraHai="100" who="1" fromWho="0" sc="330,-45,220,55,220,0,220,0" /><INIT seed="1,0,0,4,0,5" ten="285,275,220,220" oya="1" hai0="61,82,10,118,80,18,41,71,8,89,51,54,107" hai1="123,125,65,47,132,94,133,21,40,98,60,76,2" hai2="17,58,39,92,106,42,38,95,64,14,96,34,79" hai3="12,129,66,69,105,127,28,113,112,30,131,134,85"/><U22/><E2/><V70/><F70/><W1/><G105/><T3/><D107/><U43/><E123/><V77/><F34/><W36/><G36/><T87/><D118/><U24/><E76/><V25/><F25/><W49/><G1/><T6/><D41/><U32/><E32/><V73/><F106/><W26/><G66/><T53/><D80/><U67/><E125/><V119/><F95/><W102/><G102/><T20/><D8/><U100/><E22/><V57/><F57/><W15/><G69/><T128/><D128/><N who="3" m="49225" /><G49/><T99/><D99/><U23/><E23/><V81/><F77/><W121/><G85/><T91/><D91/><U37/><E43/><V56/><F56/><W45/><G45/><T114/><D114/><N who="3" m="44137" /><G121/><T35/><D51/><U31/><REACH who="1" step="1"/><E60/><REACH who="1" ten="285,265,220,220" step="2"/><V29/><F42/><W62/><G62/><T74/><D61/><U63/><E63/><V59/><F79/><W83/><G127/><T33/><D71/><U97/><E97/><V84/><F96/><W88/><G134/><AGARI ba="0,1" hai="21,24,31,37,40,47,65,67,94,98,100,132,133,134" machi="134" ten="40,3900,0" yaku="1,1,20,1,53,0" doraHai="5" doraHaiUra="108" who="1" fromWho="3" sc="285,0,265,49,220,0,220,-39" /><INIT seed="1,1,0,4,3,61" ten="285,314,220,181" oya="1" hai0="55,75,93,24,105,31,35,126,76,109,41,59,44" hai1="49,127,10,124,43,8,42,89,29,1,33,114,21" hai2="88,100,91,50,119,90,3,40,11,82,118,57,96" hai3="4,12,16,19,121,6,94,30,101,26,45,111,86"/><U47/><E114/><V98/><F82/><W122/><G111/><T9/><D105/><U103/><E33/><V107/><F98/><W52/><G121/><T69/><D69/><U110/><E110/><V38/><F38/><W130/><G122/><T25/><D109/><U60/><E103/><V116/><F40/><W115/><G130/><T134/><D134/><U62/><E43/><V51/><REACH who="2" step="1"/><F57/><REACH who="2" ten="285,314,210,181" step="2"/><W28/><G115/><T64/><D41/><U2/><E42/><V67/><F67/><W17/><G101/><T95/><D64/><U7/><E127/><V129/><F129/><W108/><G108/><T74/><D59/><U87/><E124/><V99/><F99/><W92/><G86/><T81/><D126/><U23/><E87/><V85/><F85/><W5/><G12/><T0/><D74/><U80/><E80/><V117/><N who="2" m="29696" /><DORA hai="53" /><V68/><F68/><W54/><G26/><T37/><D24/><U34/><E2/><V84/><F84/><W112/><G112/><T70/><D70/><U27/><E1/><V77/><F77/><W125/><G125/><T83/><D83/><U123/><E123/><V113/><F113/><W56/><G45/><T102/><D37/><U106/><E47/><V39/><F39/><W65/><G65/><T14/><D0/><U97/><E97/><V66/><F66/><W18/><N who="3" m="4096" /><DORA hai="131" /><W73/><G73/><T63/><D44/><U79/><E79/><V15/><F15/><W132/><G56/><N who="0" m="35231" /><D102/><U120/><E120/><V20/><F20/><W128/><G128/><T46/><D46/><U71/><E71/><RYUUKYOKU ba="1,1" sc="285,15,314,-15,210,15,181,-15" hai0="9,14,25,31,35,75,76,81,93,95" hai2="3,11,50,51,88,90,91,96,100,107" /><INIT seed="2,2,1,2,5,3" ten="300,299,225,166" oya="2" hai0="62,48,129,43,100,76,1,60,131,107,25,2,92" hai1="27,117,8,118,15,9,105,20,11,123,14,116,31" hai2="65,28,29,53,133,0,32,85,39,134,56,97,84" hai3="126,96,63,95,67,104,102,5,79,130,26,78,30"/><V122/><F122/><W59/><G126/><T12/><D107/><U125/><E105/><V135/><F39/><W47/><G130/><N who="0" m="49675" /><D76/><U77/><E77/><V112/><F112/><W108/><G108/><T124/><D124/><U66/><E66/><V70/><F0/><N who="0" m="106" /><D25/><U22/><E125/><V44/><F70/><W128/><G128/><T33/><D33/><N who="1" m="20735" /><E123/><V103/><F44/><W115/><G115/><T46/><D12/><AGARI ba="2,1" hai="8,9,11,12,14,15,20,22,116,117,118" m="20735" machi="12" ten="40,2600,0" yaku="34,2" doraHai="3" who="1" fromWho="0" sc="300,-32,299,42,225,0,166,0" /><INIT seed="3,0,0,2,4,120" ten="268,341,225,166" oya="3" hai0="37,101,95,94,97,90,17,45,13,8,88,86,102" hai1="78,109,41,104,134,42,68,106,33,64,30,98,80" hai2="61,48,10,16,11,22,1,63,79,113,0,35,29" hai3="110,4,43,65,129,114,14,93,19,28,91,126,49"/><W135/><G114/><T85/><D37/><U59/><E109/><V89/><F79/><W24/><G126/><T12/><D45/><U125/><E59/><V118/><F48/><W27/><G135/><T107/><D107/><U7/><E7/><V103/><F103/><W132/><G132/><T130/><D130/><U25/><E106/><V82/><F82/><W20/><G129/><T96/><REACH who="0" step="1"/><D12/><REACH who="0" ten="258,341,225,166" step="2"/><U21/><E134/><V26/><F113/><W44/><G110/><T111/><D111/><U62/><E125/><V34/><F0/><W123/><G123/><T117/><D117/><U56/><E56/><V6/><F118/><W133/><G133/><T121/><D121/><U75/><E21/><V15/><F89/><AGARI ba="0,1" hai="8,13,17,85,86,88,89,90,94,95,96,97,101,102" machi="89" ten="40,8000,1" yaku="1,1,9,1,8,1,54,1,53,0" doraHai="120" doraHaiUra="127" who="0" fromWho="2" sc="258,90,341,0,225,-80,166,0" owari="348,44.8,341,14.1,145,-35.5,166,-23.4" /></mjloggm>