<mjloggm ver="2.3"><GO type="225" lobby="0"/><UN n0="%E4%BF%BA%E3%81%A8%E5%A6%96%E5%A4%A2" n1="%E5%B6%BA%E4%B8%8A%E5%92%B2" n2="%E3%83%A9%E3%82%B9%E7%8E%87%EF%BC%93%E5%89%B2" n3="%E3%81%BF%E3%81%BF%E3%81%9A" dan="16,16,16,18" rate="2131.40,2089.88,2197.60,2238.69" sx="F,F,F,M"/><TAIKYOKU oya="0"/><INIT seed="0,0,0,1,1,94" ten="250,250,250,250" oya="0" hai0="132,78,75,24,119,33,87,35,105,15,26,66,82" hai1="80,134,43,53,64,76,70,23,46,86,57,104,7" hai2="133,122,93,114,20,85,92,3,31,61,74,56,88" hai3="49,111,101,27,8,97,19,68,117,124,40,52,130"/><T30/><D119/><U131/><E131/><V115/><F3/><W108/><G117/><T72/><D132/><U0/><E104/><V69/><F74/><W79/><G130/><T45/><D105/><U17/><E134/><V65/><F133/><W54/><G79/><T34/><D66/><U62/><E7/><V84/><F122/><W5/><G68/><T14/><D45/><U128/><E0/><V4/><F69/><W73/><G73/><T107/><D107/><U113/><E113/><V47/><F4/><W110/><G124/><T120/><D120/><U13/><E128/><V129/><F129/><W58/><G40/><T60/><D60/><U106/><E106/><V103/><F47/><W10/><G54/><T2/><D2/><U95/><E95/><V42/><F42/><W89/><G101/><T37/><D37/><U91/><E76/><V121/><F121/><W63/><G49/><T55/><D55/><U6/><E6/><V51/><F51/><W125/><G125/><T83/><D72/><U28/><E28/><V36/><F36/><W118/><G5/><T123/><D123/><U96/><E96/><N who="2" m="59783" /><F85/><W77/><G77/><T11/><D11/><U39/><REACH who="1" step="1"/><E70/><REACH who="1" ten="250,240,250,250" step="2"/><V1/><F1/><W102/><G118/><T9/><D30/><U25/><E25/><AGARI ba="0,1" hai="20,25,31,56,61,65,84,88,93,114,115" m="59783" machi="25" ten="30,3900,0" yaku="25,1,52,1,54,1" doraHai="94" who="2" fromWho="1" sc="250,0,240,-39,250,49,250,0" /><INIT seed="1,0,0,5,3,2" ten="250,201,299,250" oya="1" hai0="48,91,110,54,63,82,104,88,125,96,81,124,107" hai1="127,38,44,130,29,55,58,134,46,11,50,24,34" hai2="12,6,123,87,26,33,101,118,61,72,86,56,111" hai3="1,8,105,109,89,41,74,4,52,121,94,112,78"/><U67/><E130/><V23/><F72/><W128/><G121/><T92/><D63/><U30/><E134/><V17/><F123/><W7/><G112/><T5/><D110/><U28/><E127/><N who="0" m="48713" /><D54/><U20/><E34/><V119/><F111/><W66/><G109/><T27/><D27/><U60/><E38/><V19/><F101/><W31/><G105/><N who="0" m="40523" /><D48/><U51/><REACH who="1" step="1"/><E11/><REACH who="1" ten="250,191,299,250" step="2"/><N who="2" m="4215" /><F33/><W40/><G8/><T106/><D5/><U45/><E45/><V133/><F133/><W115/><G4/><T62/><D106/><U76/><E76/><V35/><F35/><W95/><G78/><T135/><D135/><U14/><E14/><V113/><F113/><W0/><G7/><T69/><D91/><U15/><E15/><V132/><F132/><W16/><G115/><T57/><D57/><U10/><E10/><V53/><F119/><W126/><G89/><T49/><D49/><U97/><E97/><V64/><F118/><W102/><G126/><T37/><D37/><U117/><E117/><V98/><F98/><W77/><G77/><T25/><D25/><U21/><E21/><V116/><F116/><W59/><G59/><T93/><D96/><U80/><E80/><N who="0" m="30825" /><D88/><U36/><E36/><V39/><F39/><W3/><G0/><T122/><D122/><U71/><E71/><V9/><F9/><W99/><G1/><T83/><N who="0" m="30833" /><T90/><DORA hai="13" /><D90/><U18/><E18/><V32/><F32/><W22/><G3/><T65/><AGARI ba="0,1" hai="62,65,69,92,93" m="30833,40523,48713" machi="65" ten="40,1500,0" yaku="18,1" doraHai="2,13" who="0" fromWho="0" sc="250,25,191,-7,299,-4,250,-4" /><INIT seed="2,0,0,1,5,94" ten="275,184,295,246" oya="2" hai0="19,47,121,133,28,57,103,14,85,70,105,98,44" hai1="108,13,97,82,2,39,111,61,89,120,116,119,93" hai2="104,4,74,27,117,54,66,63,37,42,59,100,16" hai3="9,71,113,67,109,128,81,112,45,15,107,26,99"/><V22/><F117/><N who="1" m="45129" /><E2/><V90/><F74/><W91/><G109/><N who="1" m="42058" /><E39/><V30/><F4/><W69/><G128/><T8/><D121/><U24/><E61/><V56/><F42/><W29/><G45/><T65/><D133/><U53/><E53/><V123/><F123/><W125/><G125/><T75/><D75/><U131/><E24/><V134/><F134/><W1/><G1/><T106/><D70/><U6/><E6/><V38/><F90/><W3/><G3/><T110/><D28/><U76/><E13/><V34/><F100/><N who="3" m="62879" /><G91/><T50/><D44/><U41/><E41/><V88/><F104/><W102/><G102/><T101/><D57/><U23/><E23/><V73/><F88/><W60/><G81/><T95/><D65/><U80/><E120/><V0/><F0/><W83/><G83/><N who="1" m="31786" /><E76/><V46/><F46/><W52/><G52/><T33/><D110/><U115/><E115/><N who="3" m="44106" /><G60/><T77/><D77/><U18/><E18/><V20/><F38/><W62/><G62/><T92/><D47/><U51/><E51/><N who="2" m="30815" /><F37/><W114/><G67/><T43/><D43/><U130/><AGARI ba="0,0" hai="89,93,97,130,131" m="31786,42058,45129" machi="130" ten="40,8000,1" yaku="14,1,34,2,52,1" doraHai="94" who="1" fromWho="1" sc="275,-20,184,80,295,-40,246,-20" /><INIT seed="3,0,0,1,2,127" ten="255,264,255,226" oya="3" hai0="82,72,112,70,54,13,40,116,100,20,38,29,66" hai1="12,88,83,31,15,51,97,28,43,19,17,62,47" hai2="113,33,74,5,25,16,32,3,119,44,125,95,115" hai3="111,59,90,57,21,7,73,14,26,45,9,64,99"/><W124/><G73/><T135/><D116/><U134/><E134/><V130/><F74/><W10/><G124/><T131/><D135/><U114/><E114/><N who="2" m="43531" /><F95/><N who="3" m="56823" /><G111/><T77/><D112/><U84/><E62/><V58/><F58/><W94/><G64/><T126/><D126/><U30/><E97/><V34/><F44/><W81/><G81/><T102/><D66/><U89/><E89/><V36/><F36/><W53/><G10/><T56/><D70/><U105/><E105/><V85/><F85/><W69/><G69/><T120/><D120/><U48/><E48/><V76/><F76/><W1/><G1/><T61/><D40/><U49/><E51/><V67/><F67/><W123/><G123/><T52/><D38/><U98/><E98/><V50/><F50/><N who="3" m="28879" /><G94/><T128/><D54/><U118/><E118/><V4/><F125/><W75/><G75/><T6/><D100/><U37/><E37/><V65/><F65/><W93/><G93/><T103/><D103/><U80/><E80/><V24/><F119/><W117/><G117/><T18/><D102/><U63/><E63/><V133/><F133/><W35/><G35/><N who="2" m="13385" /><F3/><W86/><G86/><T122/><D122/><U101/><E101/><V22/><F130/><N who="0" m="49706" /><D6/><U108/><E108/><V55/><F55/><W39/><G39/><T41/><D41/><U104/><E104/><V23/><N who="2" m="13393" /><V68/><DORA hai="96" /><F68/><W109/><G109/><T91/><D91/><U0/><E0/><V78/><F78/><W92/><G92/><T87/><D72/><U42/><E42/><V8/><F8/><W11/><G11/><RYUUKYOKU ba="0,0" sc="255,0,264,0,255,0,226,0" hai0="13,18,20,29,52,56,61,77,82,87" hai1="12,15,17,19,28,30,31,43,47,49,83,84,88" hai2="4,5,16,22,23,24,25" hai3="7,9,14,21,26,57,59" /><INIT seed="3,1,0,5,2,94" ten="255,264,255,226" oya="3" hai0="134,38,124,29,71,88,54,101,11,6,17,56,40" hai1="107,0,96,89,4,132,42,97,31,92,48,102,90" hai2="19,85,23,131,41,116,75,27,37,12,93,91,50" hai3="95,118,57,45,74,26,5,8,21,33,65,126,105"/><W58/><G118/><T59/><D71/><U114/><E31/><V135/><F116/><W84/><G105/><T9/><D134/><U117/><E114/><V123/><F135/><W99/><G99/><BYE who="3" /><T70/><D70/><U43/><E117/><V110/><F75/><W2/><G2/><T63/><D101/><U69/><E132/><V115/><F115/><W121/><G121/><T55/><D124/><U16/><E69/><V83/><F110/><W128/><G128/><T119/><D119/><UN n3="%E3%81%BF%E3%81%BF%E3%81%9A" /><U122/><E122/><V25/><F131/><W76/><G33/><T113/><D113/><U81/><E48/><V104/><F104/><W77/><G74/><T60/><D29/><U127/><E127/><V103/><F37/><W125/><G45/><T80/><D40/><U44/><E44/><N who="2" m="25871" /><F123/><W36/><G36/><T98/><D38/><U20/><E4/><V68/><F68/><W35/><G35/><T32/><D32/><U61/><E61/><V86/><F103/><W10/><G125/><T106/><D6/><U28/><E0/><V87/><F87/><W72/><G72/><T1/><D1/><U52/><E28/><V130/><F130/><W14/><G8/><N who="0" m="3147" /><D106/><U120/><E120/><V15/><F15/><W111/><G126/><T18/><D80/><U34/><E34/><V64/><F64/><W30/><G111/><T62/><D62/><U66/><E66/><V100/><F100/><W13/><G13/><T82/><D82/><U129/><E129/><V67/><F67/><W51/><G65/><T73/><D73/><U39/><E39/><V3/><F3/><RYUUKYOKU ba="1,0" sc="255,15,264,-15,255,15,226,-15" hai0="17,18,54,55,56,59,60,63,88,98" hai2="12,19,23,25,27,83,85,86,91,93" /><INIT seed="4,2,0,2,0,14" ten="270,249,270,211" oya="0" hai0="59,68,119,71,97,38,3,130,9,67,39,46,24" hai1="105,78,73,132,129,80,1,92,7,135,88,90,54" hai2="11,66,77,55,52,134,22,106,72,118,102,115,35" hai3="84,57,21,12,48,87,33,37,40,100,5,8,107"/><T86/><D119/><U70/><E70/><V69/><F35/><W82/><G33/><T32/><D86/><U111/><E111/><V96/><F118/><W61/><G37/><T18/><D130/><U112/><E129/><V42/><F42/><W0/><G107/><T79/><D79/><U93/><E54/><V64/><F115/><W113/><G113/><T114/><D114/><U20/><E112/><V123/><F123/><W117/><G117/><T34/><D59/><U10/><E105/><V60/><F134/><N who="1" m="51241" /><E20/><V44/><F44/><N who="3" m="25607" /><G0/><T56/><D56/><U126/><E126/><V27/><F66/><W108/><G108/><T17/><D97/><U125/><E125/><V83/><REACH who="2" step="1"/><F11/><REACH who="2" ten="270,249,260,211" step="2"/><W53/><G100/><T103/><D67/><U49/><E49/><V91/><F91/><AGARI ba="2,1" hai="1,7,10,73,78,80,88,90,91,92,93" m="51241" machi="91" ten="30,2000,0" yaku="20,1,54,1" doraHai="14" who="1" fromWho="2" sc="270,0,249,36,260,-26,211,0" /><INIT seed="5,0,0,2,1,117" ten="270,285,234,211" oya="1" hai0="32,76,51,86,92,108,61,131,109,113,16,18,24" hai1="41,4,134,105,95,57,67,82,34,19,88,102,62" hai2="26,124,129,21,5,130,106,96,123,71,8,99,133" hai3="97,65,125,63,43,110,94,101,35,25,29,28,116"/><U48/><E34/><V54/><F71/><W135/><G110/><T15/><D113/><U73/><E105/><V2/><F133/><W127/><G135/><T47/><D131/><N who="2" m="50186" /><F124/><W100/><G116/><T44/><D61/><U33/><E33/><V120/><F54/><W66/><G43/><T14/><D32/><U50/><E73/><V107/><F99/><N who="3" m="59511" /><G29/><T53/><D24/><U58/><E4/><V83/><F83/><W80/><G80/><T64/><D64/><N who="1" m="38991" /><E82/><V40/><F40/><W111/><G111/><T126/><D126/><N who="3" m="48137" /><G63/><T10/><D47/><N who="1" m="25711" /><E102/><N who="2" m="62791" /><F107/><AGARI ba="0,0" hai="25,28,35,65,66,97,101,107" m="48137,59511" machi="107" ten="30,1000,0" yaku="18,1" doraHai="117" who="3" fromWho="2" sc="270,0,285,0,234,-10,211,10" /><INIT seed="6,0,0,4,0,17" ten="270,285,224,221" oya="2" hai0="1,30,86,47,33,22,67,46,58,36,19,44,66" hai1="131,95,73,83,13,111,31,49,28,85,71,23,130" hai2="102,27,91,118,61,84,43,26,39,128,76,65,115" hai3="126,78,38,6,117,72,99,94,45,124,25,90,29"/><V109/><F118/><W104/><G117/><T11/><D36/><U125/><E71/><V9/><F115/><W80/><G6/><T101/><D101/><U7/><E111/><V21/><F109/><W32/><G38/><T74/><D74/><U16/><E125/><V133/><F128/><N who="1" m="49193" /><E7/><V18/><F133/><W114/><G45/><T5/><D58/><U50/><E73/><V52/><F102/><W63/><G63/><T2/><D86/><U92/><E92/><V57/><F76/><W134/><G134/><T88/><D88/><N who="1" m="51263" /><E95/><N who="2" m="54759" /><F39/><W62/><G114/><T0/><D0/><U48/><AGARI ba="0,0" hai="13,16,23,28,31,48,49,50" m="51263,49193" machi="48" ten="30,7900,0" yaku="19,1,52,1,54,2" doraHai="17" who="1" fromWho="1" sc="270,-20,285,79,224,-39,221,-20" owari="250,5.0,364,46.4,185,-31.5,201,-19.9" /></mjloggm>