<mjloggm ver="2.3"><GO type="225" lobby="0"/><UN n0="%E3%81%8B%E3%82%8F%E3%81%A1%E3%82%83%E3%82%93%35%38" n1="%6E%69%63%6F%6E%74%6F" n2="%E6%98%93%E5%88%A9%E8%96%A9%E4%BC%AF" n3="%E3%81%90%E3%81%A1%E3%82%84%E3%81%BE" dan="16,16,17,16" rate="2157.75,2136.10,2143.91,2139.69" sx="M,M,F,M"/><TAIKYOKU oya="0"/><INIT seed="0,0,0,0,0,70" ten="250,250,250,250" oya="0" hai0="25,52,58,111,83,96,32,86,14,123,61,21,135" hai1="11,29,119,17,35,64,81,55,31,102,3,128,2" hai2="62,8,94,85,116,79,40,103,65,15,39,23,95" hai3="45,16,7,12,129,1,63,124,20,47,60,114,84"/><T127/><D123/><U120/><E119/><V46/><F116/><W76/><G114/><T93/><D127/><U49/><E120/><V26/><F103/><W74/><G74/><T109/><D32/><U106/><E128/><V122/><F122/><W89/><G129/><T28/><D14/><U5/><E64/><V75/><F75/><W50/><G124/><T4/><D4/><U71/><E71/><V87/><F87/><W44/><G76/><T100/><REACH who="0" step="1"/><D135/><REACH who="0" ten="240,250,250,250" step="2"/><U107/><E5/><V134/><F134/><W33/><G33/><T67/><D67/><U108/><E35/><V132/><F132/><W98/><G1/><T19/><D19/><U59/><E17/><V57/><F15/><W48/><G7/><T133/><D133/><U66/><E3/><V112/><F112/><W117/><G117/><T38/><D38/><U92/><E66/><V51/><F39/><W104/><G104/><T18/><D18/><U125/><E2/><V34/><F34/><W78/><G12/><T9/><D9/><U118/><E11/><V0/><F8/><W30/><G16/><T13/><D13/><U115/><E107/><V105/><F0/><W36/><G36/><T73/><D73/><U130/><E106/><V90/><F105/><W68/><G30/><T131/><D131/><U113/><E130/><V22/><F22/><W54/><G20/><T72/><D72/><U99/><E125/><V41/><F23/><W101/><G44/><T69/><D69/><U37/><E118/><V77/><F46/><W88/><G68/><T91/><AGARI ba="0,1" hai="21,25,28,52,58,61,83,86,91,93,96,100,109,111" machi="91" ten="30,11700,0" yaku="1,1,0,1,54,1,53,1" doraHai="70" doraHaiUra="80" who="0" fromWho="0" sc="240,127,250,-39,250,-39,250,-39" /><INIT seed="0,1,0,1,5,86" ten="367,211,211,211" oya="0" hai0="98,114,84,66,17,16,55,45,74,6,76,123,99" hai1="20,35,47,40,68,15,58,79,54,28,121,77,130" hai2="102,80,127,75,133,119,115,10,38,87,25,134,61" hai3="43,112,70,117,33,41,56,107,109,94,131,22,3"/><T96/><D114/><U100/><E121/><V60/><F38/><W24/><G107/><T104/><D123/><U103/><E130/><V69/><F115/><W48/><G112/><T51/><D74/><U34/><E34/><V27/><F75/><W82/><G70/><T31/><D104/><U78/><E68/><V128/><F119/><W89/><G3/><T108/><D108/><U71/><E71/><V42/><F42/><W62/><G117/><T81/><D31/><U105/><E35/><V14/><F102/><W95/><G33/><T135/><D135/><N who="2" m="51722" /><F127/><W65/><G109/><T1/><REACH who="0" step="1"/><D66/><REACH who="0" ten="357,211,211,211" step="2"/><U21/><E105/><V129/><F129/><W110/><G110/><T44/><D44/><U2/><E28/><V5/><F128/><W23/><G131/><T118/><D118/><U73/><E73/><V46/><F46/><W124/><G124/><T18/><D18/><U4/><E47/><V101/><F61/><W106/><G106/><T11/><AGARI ba="1,1" hai="1,6,11,16,17,45,51,55,76,81,84,96,98,99" machi="11" ten="30,6000,0" yaku="1,1,0,1,54,1,53,0" doraHai="86" doraHaiUra="111" who="0" fromWho="0" sc="357,73,211,-21,211,-21,211,-21" /><INIT seed="0,2,0,4,0,28" ten="430,190,190,190" oya="0" hai0="99,75,125,102,38,130,85,64,122,25,104,92,29" hai1="87,129,43,132,112,26,105,118,74,113,94,89,42" hai2="117,14,41,88,34,127,40,32,53,90,15,80,20" hai3="56,71,22,54,82,5,1,73,79,116,68,120,107"/><T67/><D122/><U81/><E118/><V7/><F117/><W97/><G116/><T10/><D125/><U30/><E129/><V45/><F127/><W66/><G120/><T57/><D130/><U51/><E132/><V39/><F53/><W8/><G66/><T47/><D75/><U86/><E105/><V59/><F59/><W62/><REACH who="3" step="1"/><G22/><REACH who="3" ten="430,190,190,180" step="2"/><T52/><D64/><U106/><E106/><V69/><F20/><W101/><AGARI ba="2,1" hai="1,5,8,54,56,62,68,71,73,79,82,97,101,107" machi="101" ten="30,4000,0" yaku="1,1,2,1,0,1,53,0" doraHai="28" doraHaiUra="111" who="3" fromWho="3" sc="430,-22,190,-12,190,-12,180,56" /><INIT seed="1,0,0,0,1,2" ten="408,178,178,236" oya="1" hai0="94,84,96,43,52,35,113,11,32,133,78,120,105" hai1="106,57,51,53,15,134,90,39,50,17,82,26,16" hai2="69,86,115,3,48,21,66,132,97,130,22,40,0" hai3="131,128,30,1,88,60,77,68,55,34,56,108,126"/><U12/><E134/><V103/><F130/><N who="3" m="49707" /><G108/><T41/><D113/><U117/><E117/><V7/><F132/><W75/><G126/><T76/><D133/><U99/><E39/><V36/><F36/><W112/><G112/><T5/><D105/><U125/><E125/><V135/><F115/><W58/><G1/><T54/><D32/><U61/><E106/><V13/><F69/><W33/><G68/><T93/><D35/><U4/><E26/><V59/><F86/><W49/><G30/><T91/><D120/><U27/><E27/><V62/><F135/><W25/><G25/><T110/><D110/><U102/><E102/><V119/><F119/><W70/><G70/><T111/><D111/><U46/><E15/><V31/><F48/><N who="1" m="18473" /><E46/><V42/><F3/><W89/><G77/><N who="0" m="29803" /><D43/><U8/><E82/><V81/><F81/><W79/><G79/><T95/><D41/><U38/><E38/><V71/><F71/><W124/><G75/><T83/><D96/><U65/><E65/><V107/><F0/><W73/><G73/><T109/><D109/><U45/><E45/><V129/><F129/><W19/><G124/><T122/><D122/><U74/><E74/><V121/><F121/><W44/><G44/><T28/><D28/><U92/><AGARI ba="0,0" hai="4,8,12,16,17,53,57,61,90,92,99" m="18473" machi="92" ten="30,6000,0" yaku="8,1,52,1,54,1" doraHai="2" who="1" fromWho="1" sc="408,-20,178,60,178,-20,236,-20" /><INIT seed="1,1,0,4,0,56" ten="388,238,158,216" oya="1" hai0="113,10,30,84,125,26,73,85,62,127,57,95,78" hai1="116,70,77,15,63,74,119,16,6,108,114,89,134" hai2="44,90,9,115,117,107,92,106,36,103,49,65,128" hai3="69,50,87,18,132,111,60,12,91,2,104,51,120"/><U19/><E114/><V33/><F117/><W130/><G120/><T72/><D113/><U66/><E134/><V37/><F33/><W59/><G2/><T86/><D10/><U61/><E108/><V41/><F128/><W3/><G3/><T22/><D95/><U102/><E102/><V98/><F115/><W64/><G104/><T1/><D1/><U11/><E89/><V94/><F94/><W71/><G130/><T24/><D24/><U88/><E88/><V45/><F9/><W100/><G100/><T53/><REACH who="0" step="1"/><D78/><REACH who="0" ten="378,238,158,216" step="2"/><U14/><E6/><V129/><F129/><W133/><G133/><T75/><AGARI ba="1,1" hai="22,26,30,53,57,62,72,73,75,84,85,86,125,127" machi="75" ten="40,8000,1" yaku="1,1,2,1,0,1,52,1,53,0" doraHai="56" doraHaiUra="76" who="0" fromWho="0" sc="378,93,238,-41,158,-21,216,-21" /><INIT seed="2,0,0,3,4,123" ten="471,197,137,195" oya="2" hai0="4,34,89,135,19,116,3,101,52,104,33,72,98" hai1="41,100,24,74,58,0,12,42,111,78,44,105,22" hai2="119,49,107,23,2,54,83,17,70,75,62,96,108" hai3="46,1,77,16,91,10,57,126,25,47,27,26,114"/><V113/><F119/><W84/><G126/><T87/><D72/><U69/><E111/><V28/><F113/><W21/><G114/><T48/><D116/><U73/><E69/><V50/><F2/><W94/><G1/><T112/><D112/><U40/><E0/><V117/><F28/><W79/><G10/><T95/><D135/><U38/><E12/><V102/><F117/><W43/><G57/><T35/><D19/><U5/><E5/><V132/><F132/><W36/><REACH who="3" step="1"/><G47/><REACH who="3" ten="471,197,137,185" step="2"/><T92/><D3/><U64/><E58/><V118/><F118/><W14/><AGARI ba="0,1" hai="14,16,21,25,26,27,36,43,46,77,79,84,91,94" machi="14" ten="30,7900,0" yaku="1,1,2,1,0,1,54,1,53,0" doraHai="123" doraHaiUra="7" who="3" fromWho="3" sc="471,-20,197,-20,137,-39,185,89" /><INIT seed="3,0,0,1,3,88" ten="451,177,98,274" oya="3" hai0="45,102,16,50,32,0,53,10,103,107,28,95,111" hai1="109,127,115,113,34,55,31,124,24,69,125,119,54" hai2="33,105,117,82,73,6,79,9,132,42,76,30,81" hai3="80,96,58,22,71,63,43,72,62,77,67,61,51"/><W41/><G22/><T74/><D74/><U57/><E119/><V13/><F117/><W94/><G51/><T131/><D107/><U84/><E69/><V3/><F13/><W18/><G18/><T87/><D32/><U48/><E109/><V93/><F132/><W59/><G71/><T135/><D28/><U2/><E2/><V7/><F7/><W21/><G21/><T90/><D111/><U114/><E55/><V65/><F65/><W60/><REACH who="3" step="1"/><G59/><REACH who="3" ten="451,177,98,264" step="2"/><T128/><D135/><U68/><E68/><V52/><F105/><W15/><G15/><N who="0" m="7287" /><D0/><U56/><E56/><V112/><F112/><W29/><G29/><T122/><D122/><U26/><E115/><V64/><F64/><W39/><G39/><T5/><D5/><U44/><E114/><V47/><F52/><W14/><G14/><T91/><D131/><U129/><E57/><V134/><F134/><W27/><G27/><T83/><D128/><U75/><E113/><V89/><F30/><W116/><G116/><T92/><D53/><U123/><E26/><V25/><F25/><W100/><AGARI ba="0,1" hai="41,43,58,60,61,62,63,67,72,77,80,94,96,100" machi="100" ten="30,6000,0" yaku="1,1,0,1,52,1,53,0" doraHai="88" doraHaiUra="11" who="3" fromWho="3" sc="451,-20,177,-20,98,-20,264,70" /><INIT seed="3,1,0,4,4,127" ten="431,157,78,334" oya="3" hai0="57,95,14,104,75,112,87,133,60,76,126,121,16" hai1="53,123,58,134,74,114,73,84,78,35,94,1,120" hai2="40,99,30,50,25,43,34,91,80,42,116,21,15" hai3="36,93,92,98,81,69,41,83,18,27,59,64,125"/><W88/><G69/><T37/><D104/><U13/><E1/><V103/><F116/><W7/><G125/><T115/><D126/><U85/><E13/><V2/><F2/><W130/><G130/><T90/><D37/><U72/><E35/><V129/><F34/><W106/><G106/><T51/><D121/><U19/><E19/><V54/><F15/><W38/><G7/><T5/><D5/><U20/><E20/><V48/><F103/><W31/><G18/><T44/><D75/><U39/><E39/><V62/><F129/><W29/><G29/><T100/><D133/><U108/><E53/><V12/><F12/><W101/><G38/><T117/><D117/><U119/><E58/><V28/><F28/><W82/><G36/><T11/><D76/><U131/><E119/><V55/><F62/><W33/><G41/><T66/><REACH who="0" step="1"/><D100/><REACH who="0" ten="421,157,78,334" step="2"/><U10/><E134/><V132/><F132/><W65/><REACH who="3" step="1"/><G59/><REACH who="3" ten="421,157,78,324" step="2"/><T118/><D118/><U109/><E131/><V124/><F124/><W9/><G9/><T113/><D113/><U46/><E10/><V0/><F0/><W110/><G110/><T22/><D22/><U107/><E109/><V135/><F135/><W61/><G61/><T89/><D89/><U96/><E108/><V24/><F24/><W71/><G71/><T45/><D45/><U97/><E46/><V77/><F91/><W6/><G6/><T63/><D63/><U111/><E111/><V8/><F8/><W56/><G56/><T47/><D47/><U52/><E114/><V17/><F25/><W32/><G32/><T122/><D122/><RYUUKYOKU ba="1,2" sc="421,15,157,-15,78,-15,324,15" hai0="11,14,16,44,51,57,60,66,87,90,95,112,115" hai3="27,31,33,64,65,81,82,83,88,92,93,98,101" /><INIT seed="3,2,2,0,0,35" ten="436,142,63,339" oya="3" hai0="78,95,44,124,20,15,70,50,59,14,111,76,119" hai1="54,81,7,68,48,89,63,112,37,10,27,120,94" hai2="26,115,97,73,38,116,133,69,135,16,28,128,52" hai3="30,99,3,24,114,123,96,126,36,132,11,77,82"/><W66/><G114/><T21/><D70/><U51/><E112/><V58/><F115/><W46/><G123/><T91/><D119/><U32/><E120/><V79/><F116/><W103/><G126/><T29/><D59/><U106/><E106/><V42/><F69/><W129/><G129/><T72/><D72/><U104/><E104/><V121/><F121/><W62/><G132/><T31/><D111/><U100/><E100/><V57/><F128/><W2/><G36/><T61/><D61/><U19/><E81/><V131/><F131/><W83/><G46/><T34/><D34/><U47/><E37/><V8/><F58/><W67/><G83/><T113/><D21/><U71/><E51/><V110/><F110/><W86/><G11/><T84/><D124/><U87/><E63/><V134/><F79/><N who="0" m="30250" /><D113/><U55/><E55/><V41/><F73/><W107/><G96/><T60/><D60/><U17/><E17/><V98/><F98/><W40/><G40/><N who="2" m="15465" /><F97/><W43/><G43/><N who="0" m="24863" /><D20/><U105/><E105/><V130/><F130/><W13/><G13/><AGARI ba="2,2" hai="13,14,15,29,31,84,91,95" m="24863,30250" machi="13" ten="30,1000,0" yaku="8,1" doraHai="35" who="0" fromWho="3" sc="436,36,142,0,63,0,339,-16" owari="472,57.2,142,-25.8,63,-43.7,323,12.3" /></mjloggm>