<mjloggm ver="2.3"><GO type="225" lobby="0"/><UN n0="%E3%81%82%E3%81%84%E3%81%82%E3%81%8A%E3%81%84" n1="%72%69%6F%75%63%68%61%6E" n2="%E3%83%A9%E3%82%B9%E7%8E%87%EF%BC%93%E5%89%B2" n3="%E3%83%A9%E3%83%BC%E3%83%A1%E3%83%B3%E4%BA%94%E9%83%8E" dan="18,16,17,16" rate="2185.51,2127.28,2226.34,2149.46" sx="M,M,F,M"/><TAIKYOKU oya="0"/><INIT seed="0,0,0,4,0,49" ten="250,250,250,250" oya="0" hai0="69,12,23,10,102,130,92,90,8,46,34,62,41" hai1="80,15,82,79,0,67,108,42,28,20,99,115,59" hai2="43,25,38,66,117,57,29,128,125,13,111,105,118" hai3="109,56,58,53,22,107,88,48,26,75,83,18,91"/><T64/><D34/><U119/><E108/><V74/><F74/><W6/><G109/><T51/><D130/><U19/><E119/><N who="2" m="45579" /><F105/><W11/><G107/><T121/><D121/><U94/><E115/><V114/><F114/><W73/><G58/><T47/><D102/><U50/><E0/><V60/><F43/><W120/><G120/><T116/><D116/><U44/><E28/><V33/><F38/><W63/><G63/><T16/><REACH who="0" step="1"/><D47/><REACH who="0" ten="240,250,250,250" step="2"/><U32/><E32/><V131/><F111/><W85/><REACH who="3" step="1"/><G91/><REACH who="3" ten="240,250,250,240" step="2"/><T4/><D4/><U87/><E44/><V17/><F131/><W24/><G24/><T5/><D5/><U134/><E79/><V37/><F128/><W2/><AGARI ba="0,2" hai="2,6,11,18,22,26,48,53,56,73,75,83,85,88" machi="2" ten="20,8000,1" yaku="1,1,0,1,7,1,52,1,54,1,53,0" doraHai="49" doraHaiUra="61" who="3" fromWho="3" sc="240,-40,250,-20,250,-20,240,100" /><INIT seed="1,0,0,5,4,124" ten="200,230,230,340" oya="1" hai0="26,100,9,107,86,113,21,47,64,25,44,40,94" hai1="48,71,73,128,17,45,42,18,133,11,46,72,51" hai2="4,1,126,85,82,8,118,132,81,103,123,89,62" hai3="41,38,76,90,112,65,121,96,36,12,134,105,80"/><U7/><E128/><V50/><F126/><W69/><G121/><T37/><D113/><U93/><E133/><V68/><F118/><W127/><G112/><T61/><D107/><U111/><E111/><V119/><F119/><W43/><G127/><T130/><D9/><U109/><E71/><V33/><F33/><W0/><G0/><T114/><D114/><U56/><E109/><V34/><F34/><W117/><G117/><T2/><D2/><U39/><E56/><V115/><F132/><W66/><G36/><T15/><D47/><U131/><E131/><V57/><F123/><W10/><G38/><T20/><D130/><U106/><E106/><V35/><F35/><W5/><G134/><T52/><D52/><U19/><E93/><V6/><F68/><W84/><G105/><T22/><D15/><U54/><REACH who="1" step="1"/><E39/><REACH who="1" ten="200,220,230,340" step="2"/><V83/><F115/><W110/><G110/><T91/><REACH who="0" step="1"/><D100/><REACH who="0" ten="190,220,230,340" step="2"/><U77/><E77/><V28/><F103/><W27/><G76/><T14/><D14/><AGARI ba="0,2" hai="7,11,14,17,18,19,42,45,46,48,51,54,72,73" machi="14" ten="40,2000,0" yaku="1,1,53,0" doraHai="124" doraHaiUra="122" who="1" fromWho="0" sc="190,-20,220,40,230,0,340,0" /><INIT seed="1,1,0,4,4,58" ten="170,260,230,340" oya="1" hai0="100,128,35,92,110,132,79,97,56,108,104,9,105" hai1="3,19,34,125,27,22,32,83,114,107,48,96,14" hai2="18,28,44,78,1,12,40,102,51,99,109,124,80" hai3="121,111,120,73,38,17,25,24,26,52,77,30,101"/><U5/><E114/><V54/><F109/><W135/><G111/><N who="0" m="42539" /><D35/><N who="1" m="13355" /><E83/><V82/><F124/><W71/><G38/><T11/><D79/><U16/><E48/><V126/><F126/><W98/><G71/><T43/><D43/><U59/><E59/><V94/><F1/><W90/><G90/><T10/><D132/><U65/><E96/><V76/><F28/><W130/><G135/><T115/><D115/><U89/><E89/><V8/><REACH who="2" step="1"/><F40/><REACH who="2" ten="170,260,220,340" step="2"/><W37/><G30/><T33/><D33/><U116/><E125/><V20/><F20/><W29/><G29/><T21/><D128/><U131/><E131/><V93/><F93/><W68/><G130/><T42/><D42/><U117/><E107/><V41/><F41/><W45/><G37/><T60/><D21/><N who="1" m="13735" /><E65/><AGARI ba="1,1" hai="9,10,11,56,60,65,92,97,100,104,105" m="42539" machi="65" ten="30,2000,0" yaku="14,1,52,1" doraHai="58" who="0" fromWho="1" sc="170,33,260,-23,220,0,340,0" /><INIT seed="2,0,0,5,5,35" ten="203,237,220,340" oya="2" hai0="73,118,83,29,30,129,25,100,87,15,38,82,16" hai1="116,60,70,92,98,33,26,71,17,47,85,21,23" hai2="45,65,74,88,130,34,111,40,72,67,123,49,93" hai3="59,79,95,127,75,63,124,56,91,81,37,80,6"/><V8/><F123/><W117/><G117/><T94/><D38/><U28/><E116/><V12/><F34/><W106/><G106/><T114/><D114/><U108/><E108/><V20/><F111/><W14/><G37/><T121/><D121/><U62/><E85/><V126/><F130/><W107/><G107/><T10/><D118/><U24/><E47/><V41/><F126/><N who="3" m="48171" /><G81/><T77/><D129/><U84/><E84/><V135/><F135/><W4/><G14/><T54/><D54/><U58/><E33/><V113/><F113/><W31/><G31/><T66/><D66/><U125/><E125/><V13/><F41/><W18/><G18/><T86/><D73/><U1/><E1/><V32/><F32/><W103/><G103/><T99/><REACH who="0" step="1"/><D25/><REACH who="0" ten="193,237,220,340" step="2"/><U90/><E62/><V22/><F74/><W57/><G63/><T134/><D134/><U97/><E98/><AGARI ba="0,1" hai="4,6,56,57,59,75,79,80,91,95,98" m="48171" machi="98" ten="30,1000,0" yaku="18,1" doraHai="35" who="3" fromWho="1" sc="193,0,237,-10,220,0,340,20" /><INIT seed="3,0,0,1,0,96" ten="193,227,220,360" oya="3" hai0="106,55,42,31,69,75,122,95,117,131,4,102,113" hai1="10,72,57,0,34,135,15,21,88,61,43,115,98" hai2="89,30,23,35,80,73,52,114,99,129,74,82,44" hai3="3,130,29,54,63,103,84,71,49,125,9,11,27"/><W39/><G39/><T116/><D75/><U67/><E115/><V17/><F129/><W8/><G54/><T92/><D69/><U105/><E34/><V124/><F124/><W48/><G49/><T83/><D42/><U53/><E72/><V93/><F73/><W22/><G9/><T7/><D122/><U118/><E135/><V20/><F35/><W26/><G48/><T87/><D31/><U45/><E118/><N who="0" m="45673" /><D55/><U62/><E0/><V123/><F123/><W112/><G84/><T32/><D32/><U86/><E21/><V104/><F104/><W28/><G26/><T111/><D111/><U51/><E105/><V76/><F114/><W47/><G112/><T58/><D113/><U70/><E98/><V25/><F76/><W109/><G28/><T19/><D131/><U91/><E86/><V6/><F6/><AGARI ba="0,0" hai="6,10,15,43,45,51,53,57,61,62,67,70,88,91" machi="6" ten="30,2000,0" yaku="7,1,54,1" doraHai="96" who="1" fromWho="2" sc="193,0,227,20,220,-20,360,0" owari="193,-30.7,247,4.7,200,-20.0,360,46.0" /></mjloggm>