<mjloggm ver="2.3"><GO type="225" lobby="0"/><UN n0="%70%68%65%6E%6F%6D%65" n1="%E3%83%A9%E3%83%BC%E3%83%A1%E3%83%B3%E4%BA%94%E9%83%8E" n2="%E6%B4%BE%E9%81%A3%E3%81%AE%E3%82%B8%E3%83%A3%E3%83%83%E3%82%AF" n3="%E8%B5%A4%E4%BA%94%E7%AB%8B%E7%9B%B4" dan="16,16,17,17" rate="2137.17,2098.37,2198.23,2156.59" sx="M,M,M,F"/><TAIKYOKU oya="0"/><INIT seed="0,0,0,5,5,24" ten="250,250,250,250" oya="0" hai0="111,9,81,82,104,124,123,72,41,78,110,126,66" hai1="89,120,36,94,1,112,23,39,90,128,29,65,109" hai2="53,51,35,71,31,56,105,0,75,19,21,70,43" hai3="73,25,47,130,5,40,68,55,14,58,46,93,113"/><T102/><D41/><U122/><E1/><V38/><F105/><W106/><G106/><T98/><D66/><U107/><E107/><V50/><F75/><W48/><G113/><T79/><D9/><U57/><E112/><V114/><F114/><W96/><G73/><N who="0" m="43215" /><D123/><U116/><E116/><V6/><F38/><W59/><G130/><T83/><D83/><U16/><E128/><V80/><F80/><W18/><G68/><T133/><D133/><U135/><E135/><V62/><F50/><N who="3" m="29143" /><G5/><T8/><D8/><U52/><E65/><V76/><F76/><W132/><G25/><T125/><AGARI ba="0,0" hai="72,79,82,98,102,104,110,111,124,125,126" m="43215" machi="125" ten="40,12000,1" yaku="18,1,23,1,34,2" doraHai="24" who="0" fromWho="0" sc="250,120,250,-40,250,-40,250,-40" /><INIT seed="0,1,0,0,3,107" ten="370,210,210,210" oya="0" hai0="114,112,66,106,64,117,115,86,99,23,40,49,83" hai1="89,6,25,113,75,84,97,3,135,126,38,81,34" hai2="93,69,12,82,19,41,71,48,124,37,44,29,57" hai3="70,59,91,26,103,14,42,32,39,88,36,125,131"/><T11/><D117/><U128/><E126/><V56/><F124/><W85/><G125/><T13/><D23/><U51/><E135/><V76/><F29/><W10/><G70/><T58/><D106/><U15/><E128/><V22/><F93/><W110/><G131/><T80/><D99/><U96/><E113/><V111/><F111/><W31/><G103/><T92/><D92/><U129/><E38/><V9/><F22/><W21/><G110/><T78/><D83/><U2/><E129/><V77/><F77/><W116/><G116/><T16/><REACH who="0" step="1"/><D58/><REACH who="0" ten="360,210,210,210" step="2"/><U50/><E97/><V132/><F132/><W105/><G105/><T79/><D79/><U60/><E96/><V53/><REACH who="2" step="1"/><F57/><REACH who="2" ten="360,210,200,210" step="2"/><W54/><G21/><T87/><D87/><AGARI ba="1,2" hai="9,12,19,37,41,44,48,53,56,69,71,76,82,87" machi="87" ten="30,3900,0" yaku="1,1,2,1,7,1,53,0" doraHai="107" doraHaiUra="18" who="2" fromWho="0" sc="360,-42,210,0,200,62,210,0" /><INIT seed="1,0,0,5,0,73" ten="318,210,262,210" oya="1" hai0="72,96,79,77,76,26,118,66,108,92,103,89,131" hai1="11,132,84,14,39,44,123,47,85,48,49,46,19" hai2="25,37,41,98,90,95,94,91,106,10,53,35,71" hai3="81,18,54,13,63,129,128,113,33,101,24,65,133"/><U86/><E132/><V40/><F71/><W17/><G113/><T78/><D66/><U60/><E123/><V112/><F112/><W97/><G133/><T75/><D26/><U43/><E39/><V58/><F106/><N who="3" m="63791" /><G54/><T22/><D22/><U83/><E43/><V23/><F35/><W121/><G121/><T104/><D118/><U111/><E111/><V99/><F10/><W45/><G45/><T38/><D38/><U100/><E100/><V12/><F12/><W9/><G81/><N who="0" m="45191" /><D108/><U3/><E3/><V56/><F37/><W6/><G24/><T80/><D131/><N who="3" m="50249" /><G33/><T82/><D82/><U119/><E119/><V74/><F74/><W134/><G134/><T62/><D62/><U135/><E135/><V16/><F56/><AGARI ba="0,0" hai="6,9,13,17,18,56,63,65" m="50249,63791" machi="56" ten="30,1000,0" yaku="19,1" doraHai="73" who="3" fromWho="2" sc="318,0,210,0,262,-10,210,10" /><INIT seed="2,0,0,0,4,44" ten="318,210,252,220" oya="2" hai0="54,75,86,13,12,116,135,24,66,82,130,49,37" hai1="9,73,43,128,68,1,120,4,129,15,94,46,10" hai2="65,61,72,28,93,117,51,124,104,79,109,0,106" hai3="21,32,22,80,42,119,3,107,38,23,62,74,58"/><V95/><F117/><W19/><G32/><T96/><D75/><U6/><E120/><V30/><F0/><W55/><G119/><T123/><D123/><U39/><E68/><V18/><F72/><W77/><G107/><T134/><D37/><U33/><E33/><V45/><F79/><W99/><G3/><T85/><D130/><U67/><E67/><V47/><F124/><W111/><G111/><T34/><D66/><U105/><E105/><V36/><F36/><W113/><G113/><T20/><D34/><U112/><E112/><V115/><F115/><W7/><G7/><T108/><D96/><U81/><REACH who="1" step="1"/><E94/><REACH who="1" ten="318,200,252,220" step="2"/><V127/><F65/><W60/><G99/><T103/><D116/><U125/><E125/><V8/><F127/><W57/><G38/><T31/><D108/><U56/><E56/><V27/><F109/><W122/><G122/><T11/><D134/><U70/><E70/><V110/><F110/><W84/><G42/><T76/><D135/><U92/><E92/><V88/><F95/><W87/><REACH who="3" step="1"/><G19/><REACH who="3" ten="318,200,252,210" step="2"/><T71/><D31/><U102/><E102/><V26/><F104/><W48/><G48/><T16/><D103/><U126/><E126/><V133/><F106/><W91/><G91/><T98/><D98/><U59/><E59/><V118/><F133/><W97/><G97/><T25/><D71/><U89/><E89/><V53/><F118/><W132/><G132/><T2/><D49/><U35/><E35/><V114/><F114/><W69/><G69/><T63/><D16/><U83/><E83/><V14/><F18/><W131/><G131/><RYUUKYOKU ba="0,2" sc="318,-15,200,15,252,-15,210,15" hai1="1,4,6,9,10,15,39,43,46,73,81,128,129" hai3="21,22,23,55,57,58,60,62,74,77,80,84,87" /><INIT seed="3,1,2,4,3,104" ten="303,215,237,225" oya="3" hai0="60,87,54,78,121,135,119,42,25,14,10,68,44" hai1="83,45,72,41,18,63,123,113,101,36,115,29,15" hai2="52,116,114,108,33,84,32,98,59,75,125,109,56" hai3="37,0,28,34,76,70,40,122,30,81,51,23,105"/><W102/><G122/><T26/><D121/><U31/><E123/><V65/><F114/><W79/><G70/><T69/><D119/><U46/><E101/><V13/><F116/><W50/><G34/><T127/><D135/><U99/><E99/><V39/><F39/><W6/><G79/><T95/><D127/><U100/><E100/><V130/><F130/><W62/><G102/><T20/><D68/><U53/><E115/><V94/><F84/><W96/><G62/><T5/><D20/><U133/><E113/><V27/><F13/><W3/><G96/><T86/><D69/><U66/><E133/><V92/><F125/><W43/><G105/><T131/><D131/><U97/><E97/><V134/><F134/><W38/><G23/><T7/><D7/><U117/><E117/><V24/><F98/><W85/><G6/><T12/><D14/><U129/><E129/><V47/><F47/><W1/><G38/><T57/><D95/><U103/><E103/><V8/><F8/><W71/><G71/><T67/><D67/><U120/><E120/><V17/><F65/><W80/><G37/><T110/><D110/><U89/><E66/><V118/><F118/><W48/><REACH who="3" step="1"/><G81/><REACH who="3" ten="303,215,237,215" step="2"/><N who="0" m="47415" /><D87/><N who="1" m="50431" /><E63/><V19/><F75/><W128/><G128/><T49/><AGARI ba="1,3" hai="5,10,12,25,26,42,44,49,54,57,60" m="47415" machi="49" ten="30,2000,0" yaku="25,1,8,1" doraHai="104" who="0" fromWho="0" sc="303,53,215,-6,237,-6,215,-11" owari="356,45.6,209,-19.1,231,3.1,204,-29.6" /></mjloggm>