<mjloggm ver="2.3"><GO type="225" lobby="0"/><UN n0="%E7%89%B9%E6%9D%B1%E3%81%AF%E4%B8%96%E7%95%8C%E3%82%92%E6%95%91%E3%81%86" n1="%E7%99%BD%E5%80%89%E5%AF%9B%E4%B9%8B" n2="%E6%81%A5%E6%99%92%E3%81%97" n3="%E3%81%BF%E3%81%BF%E3%81%9A" dan="16,16,16,17" rate="2167.77,2144.27,2120.57,2264.50" sx="M,M,M,M"/><TAIKYOKU oya="0"/><INIT seed="0,0,0,5,5,86" ten="250,250,250,250" oya="0" hai0="85,19,52,92,51,122,98,39,78,58,34,28,83" hai1="73,72,91,38,48,127,63,75,12,69,81,133,6" hai2="29,106,95,59,0,99,124,120,116,119,3,13,5" hai3="37,22,17,33,47,42,115,94,7,40,87,82,104"/><T68/><D122/><U130/><E38/><V110/><F120/><W90/><G104/><T30/><D39/><U49/><E127/><V112/><F112/><W123/><G33/><T77/><D68/><U54/><E130/><V35/><F106/><W64/><G123/><T93/><D34/><U1/><E1/><V44/><F124/><W101/><G115/><T88/><D77/><U55/><E133/><V111/><F59/><W60/><G7/><T128/><D128/><U96/><E69/><V102/><F44/><W70/><G42/><T79/><D79/><U56/><E55/><V65/><F65/><W117/><G117/><N who="2" m="45129" /><F29/><W109/><G109/><N who="2" m="41481" /><F35/><W131/><G131/><T14/><D93/><U108/><E108/><V67/><F67/><W113/><G113/><T62/><REACH who="0" step="1"/><D62/><REACH who="0" ten="240,250,250,250" step="2"/><U46/><E63/><V45/><F45/><W8/><G94/><T36/><D36/><U53/><E46/><V132/><F132/><W10/><REACH who="3" step="1"/><G101/><REACH who="3" ten="240,250,250,240" step="2"/><T32/><D32/><U41/><E41/><V134/><F134/><W121/><G121/><T107/><D107/><U105/><E105/><V89/><F102/><W31/><G31/><T20/><AGARI ba="0,2" hai="14,19,20,28,30,51,52,58,78,83,85,88,92,98" machi="20" ten="20,24000,3" yaku="1,1,0,1,7,1,8,1,52,1,54,2,53,1" doraHai="86" doraHaiUra="11" who="0" fromWho="0" sc="240,260,250,-80,250,-80,240,-80" /><INIT seed="0,1,0,1,2,12" ten="500,170,170,160" oya="0" hai0="51,131,55,10,11,100,86,39,120,89,56,98,103" hai1="15,60,96,43,67,93,22,117,127,31,20,53,1" hai2="91,115,94,45,26,107,65,101,75,79,42,38,28" hai3="87,97,105,49,58,64,8,69,63,129,0,80,32"/><T14/><D120/><U81/><E1/><V25/><F115/><W111/><G111/><T118/><D118/><U130/><E117/><V112/><F112/><W27/><G129/><T37/><D131/><U30/><E130/><V17/><F65/><W50/><G0/><T61/><D11/><U70/><E127/><V48/><F107/><W119/><G119/><T77/><D77/><U133/><E133/><V104/><F104/><W6/><G6/><T126/><D126/><U124/><E43/><V82/><F101/><N who="3" m="62639" /><G58/><T85/><D37/><U36/><E36/><V16/><F38/><W135/><G8/><T128/><D39/><U71/><E71/><V83/><F83/><W88/><G135/><T35/><D35/><U108/><E108/><V54/><F42/><W41/><G41/><T84/><D51/><U29/><E124/><V9/><F9/><W19/><G19/><N who="0" m="8663" /><D128/><U7/><E81/><V110/><F26/><W134/><G134/><T121/><D121/><U34/><E34/><V132/><F110/><W23/><G23/><T40/><D40/><U66/><E7/><V59/><F45/><W106/><G106/><T68/><D68/><U3/><E3/><V62/><F48/><W73/><G73/><T24/><D24/><U78/><E70/><V21/><F132/><W116/><G116/><T74/><D74/><U123/><E123/><V33/><F33/><W44/><G44/><T99/><D56/><U95/><E31/><AGARI ba="1,0" hai="27,31,32,49,50,63,64,69,80,87,88" m="62639" machi="31" ten="30,2000,0" yaku="25,1,54,1" doraHai="12" who="3" fromWho="1" sc="500,0,170,-23,170,0,160,23" /><INIT seed="1,0,0,3,5,96" ten="500,147,170,183" oya="1" hai0="3,90,121,129,45,116,89,41,14,48,132,17,73" hai1="16,112,117,124,102,131,56,85,119,125,25,93,97" hai2="69,33,62,31,35,67,127,36,91,27,4,75,53" hai3="109,101,94,111,72,122,88,8,28,7,100,98,63"/><U34/><E112/><V77/><F127/><N who="1" m="48713" /><E131/><V83/><F36/><W54/><G122/><T99/><D3/><U32/><E56/><V115/><F115/><W10/><G72/><T24/><D116/><N who="1" m="44619" /><E85/><V133/><F133/><W106/><G28/><T59/><D73/><U87/><E87/><V50/><F4/><W130/><G130/><T43/><D129/><U47/><E47/><V123/><F91/><W46/><G106/><T15/><D132/><U114/><E114/><V135/><F123/><W71/><G71/><T5/><D121/><U58/><E58/><V95/><F95/><W65/><G65/><T1/><D1/><U126/><N who="1" m="48721" /><U13/><DORA hai="37" /><E25/><V39/><F39/><W21/><G63/><T29/><D59/><U79/><E79/><V103/><F135/><W9/><G46/><T104/><D45/><U55/><E55/><V92/><F50/><W22/><G54/><T42/><D24/><U120/><E120/><V80/><F80/><W134/><G134/><T74/><D74/><U38/><E38/><V49/><F49/><W64/><G64/><T19/><D48/><U76/><E76/><V51/><F53/><W107/><G107/><T18/><D43/><U105/><E105/><V78/><F78/><W20/><REACH who="3" step="1"/><G7/><REACH who="3" ten="500,147,170,173" step="2"/><T108/><D104/><U23/><AGARI ba="0,1" hai="13,16,23,32,34,93,97,102" m="44619,48721" machi="23" ten="50,9600,0" yaku="18,1,52,1,54,1" doraHai="96,37" who="1" fromWho="1" sc="500,-32,147,106,170,-32,173,-32" /><INIT seed="1,1,0,0,5,129" ten="468,253,138,141" oya="1" hai0="80,5,93,7,37,16,132,119,42,97,81,98,63" hai1="56,52,131,48,120,31,57,90,121,68,77,54,35" hai2="3,17,108,102,6,100,12,21,29,117,38,10,27" hai3="43,91,13,87,110,70,96,36,89,69,115,58,41"/><U32/><E68/><V39/><F117/><W55/><G115/><T0/><D119/><U24/><E131/><V60/><F108/><W111/><G96/><T61/><D132/><U76/><E90/><N who="3" m="34314" /><G87/><T34/><D34/><U66/><E66/><V53/><F53/><W11/><G36/><T33/><D33/><U114/><E114/><V130/><F130/><W109/><G70/><T45/><D0/><U64/><E64/><V79/><F79/><W30/><G69/><T25/><D98/><U4/><E4/><N who="0" m="1609" /><D37/><U112/><E112/><V135/><F135/><W47/><G47/><T107/><D107/><U105/><E105/><V71/><F39/><W116/><G30/><T44/><D44/><U15/><E15/><V99/><F38/><W84/><G84/><T122/><D45/><U26/><E31/><V78/><F78/><W65/><G65/><T82/><D42/><U73/><E48/><V106/><F71/><W49/><G116/><T83/><D83/><U125/><REACH who="1" step="1"/><E73/><REACH who="1" ten="468,243,138,141" step="2"/><V86/><F106/><W72/><G72/><T85/><D25/><U88/><E88/><V126/><F29/><W23/><G23/><T123/><D123/><U128/><E128/><V74/><F74/><W94/><G94/><T46/><D122/><U103/><E103/><V14/><F102/><W1/><G1/><T22/><D22/><U18/><E18/><AGARI ba="1,1" hai="11,13,18,41,43,49,55,58,109,110,111" m="34314" machi="18" ten="30,1000,0" yaku="14,1" doraHai="129" who="3" fromWho="1" sc="468,0,243,-13,138,0,141,23" /><INIT seed="2,0,0,0,2,58" ten="468,230,138,164" oya="2" hai0="63,86,37,71,79,56,59,81,120,41,92,19,76" hai1="106,113,95,98,65,99,18,69,88,82,23,96,36" hai2="85,22,1,31,132,38,97,135,60,121,115,119,14" hai3="10,21,103,122,55,49,7,42,53,110,105,100,70"/><V29/><F115/><W54/><G122/><T83/><D120/><U68/><E36/><V130/><F121/><W28/><G110/><T51/><D37/><U8/><E113/><V134/><F119/><W74/><G70/><T111/><D111/><U87/><E106/><V47/><F130/><W126/><G74/><T84/><D71/><U32/><E32/><V48/><F1/><W46/><G126/><T67/><D92/><U80/><E8/><V52/><F38/><W33/><G33/><T75/><D75/><U90/><E65/><V6/><F85/><W39/><G105/><T17/><D56/><U16/><E18/><N who="2" m="10583" /><F6/><W94/><G39/><T43/><D51/><U0/><E0/><V101/><F60/><W123/><G123/><T2/><D2/><U26/><REACH who="1" step="1"/><E82/><REACH who="1" ten="468,220,138,164" step="2"/><V129/><F129/><W62/><G10/><T25/><D19/><U64/><E64/><V35/><F35/><W30/><G7/><T127/><D127/><U66/><E66/><V61/><F61/><W91/><G62/><T116/><D116/><U114/><E114/><V11/><F11/><W73/><G21/><AGARI ba="0,1" hai="17,21,25,41,43,59,63,67,76,79,81,83,84,86" machi="21" ten="40,5200,0" yaku="9,1,8,1,52,1" doraHai="58" who="0" fromWho="3" sc="468,62,220,0,138,0,164,-52" /><INIT seed="3,0,0,5,4,110" ten="530,220,138,112" oya="3" hai0="109,15,98,129,29,135,48,10,69,23,133,42,50" hai1="22,58,57,73,30,66,12,94,32,44,3,67,65" hai2="76,40,117,60,119,62,120,106,51,99,96,7,16" hai3="122,93,127,97,35,84,81,89,6,77,17,121,63"/><W37/><G37/><T126/><D109/><U124/><E73/><V1/><F120/><W56/><G127/><T43/><D69/><U118/><E3/><V28/><F28/><W13/><G35/><T116/><D116/><U70/><E70/><V59/><F76/><W100/><G6/><T134/><D129/><U55/><E32/><V33/><F33/><W111/><G111/><T61/><D126/><U9/><E124/><V39/><F39/><W95/><G13/><T34/><D61/><U18/><E118/><V45/><F62/><W11/><G11/><T14/><D98/><U107/><E107/><V19/><F7/><W91/><G17/><N who="2" m="6729" /><F1/><W71/><G71/><T112/><D112/><U130/><E130/><V64/><F106/><W128/><G128/><T85/><D85/><U125/><E125/><V113/><F113/><W8/><G8/><T114/><D114/><U31/><E94/><V87/><F117/><W36/><G36/><T72/><D72/><U53/><E44/><V54/><F119/><W86/><REACH who="3" step="1"/><G100/><REACH who="3" ten="530,220,138,102" step="2"/><T79/><D34/><U108/><E108/><V74/><F74/><W103/><G103/><T0/><D15/><U20/><E9/><V132/><F132/><W105/><G105/><T26/><D0/><U46/><E12/><V38/><F38/><W21/><G21/><T83/><D14/><U82/><E22/><V115/><F115/><W104/><G104/><T52/><D10/><U123/><E20/><V41/><F41/><W75/><G75/><N who="0" m="43519" /><D43/><U5/><E18/><V92/><F40/><W4/><G4/><T47/><D134/><RYUUKYOKU ba="0,1" sc="530,10,220,-30,138,10,102,10" hai0="23,26,29,42,47,48,50,52,133,135" hai2="45,51,54,59,60,64,87,92,96,99" hai3="56,63,77,81,84,86,89,91,93,95,97,121,122" /><INIT seed="3,1,1,4,4,90" ten="540,190,148,112" oya="3" hai0="46,13,5,52,110,11,73,24,4,47,55,92,33" hai1="43,28,25,7,41,57,22,96,99,42,9,49,77" hai2="45,105,109,40,88,68,53,36,116,71,6,1,27" hai3="80,51,19,100,118,106,125,97,111,65,132,10,126"/><W26/><G118/><T123/><D73/><U102/><E77/><V128/><F116/><W85/><G132/><T21/><D123/><U64/><E102/><V127/><F105/><W31/><G65/><T95/><D33/><U59/><E49/><V117/><F117/><W114/><G114/><T76/><D76/><U69/><E69/><V17/><F109/><W89/><G111/><T62/><D5/><U94/><E94/><N who="0" m="35881" /><D110/><U81/><E81/><V129/><F88/><W35/><REACH who="3" step="1"/><G51/><REACH who="3" ten="540,190,148,102" step="2"/><N who="0" m="28791" /><D47/><U103/><E64/><V60/><F45/><W108/><G108/><T120/><D120/><U44/><E44/><V104/><F71/><W23/><G23/><T38/><D38/><U14/><E103/><V130/><F68/><W115/><G115/><T101/><D101/><U48/><E48/><V135/><F135/><W63/><G63/><T98/><D98/><AGARI ba="1,2" hai="7,9,14,22,25,28,41,42,43,57,59,96,98,99" machi="98" ten="40,1300,0" yaku="8,1" doraHai="90" who="1" fromWho="0" sc="540,-16,190,36,148,0,102,0" owari="524,62.4,226,2.6,148,-25.2,102,-39.8" /></mjloggm>