<mjloggm ver="2.3"><GO type="225" lobby="0"/><UN n0="%E7%B4%94%E6%BD%94%E3%83%94%E3%83%A9%E3%83%8B%E3%82%A2" n1="%E6%9C%88%E5%B3%B6%E5%9F%BA" n2="%77%72%77%72%77%72%77%72" n3="%72%61%6B%33" dan="17,17,17,16" rate="2232.69,2204.97,2121.25,2099.70" sx="M,M,M,M"/><TAIKYOKU oya="0"/><INIT seed="0,0,0,1,2,112" ten="250,250,250,250" oya="0" hai0="23,76,68,6,135,11,35,72,57,103,119,12,99" hai1="79,123,19,111,90,0,49,122,62,86,24,25,7" hai2="60,18,133,80,116,28,118,41,89,85,69,92,75" hai3="83,20,30,10,115,113,2,34,95,9,16,129,110"/><T36/><D68/><U27/><E79/><V82/><F133/><W93/><G83/><T125/><D72/><U29/><E62/><V71/><F28/><W65/><G65/><T130/><D76/><U96/><E96/><V105/><F105/><W37/><G37/><T15/><D35/><U101/><E101/><V33/><F33/><W21/><G110/><T74/><D74/><U124/><E111/><V54/><F41/><W44/><G44/><T55/><D36/><U70/><E70/><V64/><F69/><W40/><G40/><T104/><D130/><U43/><E124/><V73/><F73/><W106/><G106/><T61/><D135/><U1/><E29/><V26/><F54/><W127/><G129/><T51/><D125/><U88/><E19/><V42/><F42/><W5/><G127/><T56/><D23/><N who="3" m="8777" /><G93/><T38/><D38/><U107/><E107/><V63/><F63/><W108/><G95/><T128/><D128/><U53/><E43/><V14/><F26/><N who="3" m="18775" /><G108/><T98/><D99/><U120/><E90/><V4/><F4/><W48/><G48/><T39/><D39/><U109/><E7/><V13/><F13/><AGARI ba="0,0" hai="2,5,9,10,13,16,113,115" m="18775,8777" machi="13" ten="30,3900,0" yaku="34,2,54,1" doraHai="112" who="3" fromWho="2" sc="250,0,250,0,250,-39,250,39" /><INIT seed="1,0,0,1,4,88" ten="250,250,211,289" oya="1" hai0="65,90,70,8,26,50,61,14,79,39,46,112,87" hai1="118,54,56,51,98,114,127,71,66,28,93,11,132" hai2="52,35,48,128,22,115,121,134,62,123,10,85,12" hai3="7,78,94,9,82,57,20,30,17,32,64,81,101"/><U27/><E114/><V60/><F35/><W47/><G47/><T2/><D112/><U100/><E118/><V125/><F115/><W44/><G44/><T6/><D26/><U102/><E127/><V41/><F125/><W59/><G32/><T45/><D79/><U19/><E132/><V113/><F113/><W74/><G81/><T126/><D126/><U31/><E71/><V109/><F134/><W133/><G30/><N who="1" m="11306" /><E66/><V75/><F75/><W68/><G133/><T49/><D45/><U131/><E131/><V129/><F41/><W120/><G120/><T73/><D73/><U43/><E43/><V83/><F22/><W15/><G64/><T80/><D39/><U29/><E29/><V37/><F37/><W116/><G68/><T105/><D105/><U5/><E5/><V36/><F36/><W76/><G76/><T4/><D49/><U91/><E27/><V21/><F21/><W122/><G122/><T84/><D84/><U96/><E98/><V69/><F109/><W130/><G130/><N who="2" m="50281" /><F69/><W97/><REACH who="3" step="1"/><G116/><REACH who="3" ten="250,250,211,279" step="2"/><T38/><D38/><U92/><E92/><V24/><F121/><W110/><G110/><T104/><D104/><U1/><E1/><AGARI ba="0,1" hai="1,7,9,15,17,20,57,59,74,78,82,94,97,101" machi="1" ten="30,3900,0" yaku="1,1,7,1,52,1,53,0" doraHai="88" doraHaiUra="86" who="3" fromWho="1" sc="250,0,250,-39,211,0,279,49" /><INIT seed="2,0,0,5,5,131" ten="250,211,211,328" oya="2" hai0="108,88,68,9,109,27,103,4,10,127,5,12,111" hai1="19,89,93,16,35,28,80,101,14,48,116,73,110" hai2="83,63,100,56,104,22,38,40,122,59,126,1,69" hai3="50,75,121,99,30,81,58,57,76,51,39,94,79"/><V98/><F122/><W41/><G121/><T120/><D68/><U84/><E110/><V25/><F126/><W24/><G79/><T3/><D120/><U129/><E129/><V115/><F115/><W105/><G105/><T82/><D103/><U47/><E116/><V62/><F1/><W133/><G133/><T66/><D66/><U107/><E35/><V64/><F83/><W42/><G39/><T86/><REACH who="0" step="1"/><D27/><REACH who="0" ten="240,211,211,328" step="2"/><U54/><E101/><V55/><F69/><W67/><G67/><T34/><D34/><U18/><E107/><V20/><REACH who="2" step="1"/><F25/><REACH who="2" ten="240,211,201,328" step="2"/><W70/><G24/><T15/><D15/><U135/><E14/><V52/><F52/><W91/><G70/><T44/><D44/><AGARI ba="0,2" hai="20,22,38,40,44,55,56,59,62,63,64,98,100,104" machi="44" ten="40,2000,0" yaku="1,1,53,0" doraHai="131" doraHaiUra="23" who="2" fromWho="0" sc="240,-20,211,0,201,40,328,0" /><INIT seed="2,1,0,3,1,27" ten="220,211,241,328" oya="2" hai0="117,9,82,42,123,41,71,5,111,55,36,32,24" hai1="132,70,98,49,83,72,99,120,58,39,66,79,34" hai2="75,45,22,12,102,59,51,93,84,88,48,73,54" hai3="115,37,47,94,97,3,2,20,8,19,53,127,11"/><V69/><F69/><W62/><G127/><T64/><D123/><U108/><E34/><V50/><F102/><W124/><G124/><T46/><D111/><U107/><E108/><V31/><F50/><W129/><G129/><T14/><D117/><U104/><E39/><V33/><F33/><W133/><G133/><T90/><D42/><U95/><E120/><V119/><F119/><W135/><G135/><T126/><D55/><U89/><E132/><V68/><F68/><W74/><G74/><T10/><D10/><U38/><E38/><V80/><F80/><W92/><G92/><T4/><D4/><U18/><E70/><V112/><F112/><W56/><G115/><T28/><D126/><U100/><E18/><N who="2" m="10567" /><F31/><W116/><G116/><T7/><D7/><U6/><E6/><V67/><F67/><W96/><G96/><T52/><D52/><AGARI ba="1,0" hai="45,48,51,52,54,59,73,75,84,88,93" m="10567" machi="52" ten="30,5800,0" yaku="25,1,54,2" doraHai="27" who="2" fromWho="0" sc="220,-61,211,0,241,61,328,0" /><INIT seed="2,2,0,1,1,13" ten="159,211,302,328" oya="2" hai0="18,114,48,135,42,91,52,68,101,50,104,41,12" hai1="51,116,133,19,38,5,122,45,70,64,82,105,46" hai2="87,95,20,31,34,3,77,80,1,43,98,131,60" hai3="107,4,130,62,28,119,74,7,69,103,6,14,56"/><V92/><F131/><W65/><G74/><T113/><D68/><U47/><E105/><V71/><F34/><W78/><G119/><T127/><D127/><U89/><E116/><V120/><F120/><W25/><G78/><T99/><D135/><U55/><E133/><V16/><F31/><W72/><G72/><T57/><D91/><U33/><E33/><V40/><F71/><W23/><G130/><T102/><D101/><U76/><E122/><V21/><F60/><W93/><G107/><T134/><D134/><U123/><E123/><V17/><F1/><W11/><G69/><T54/><D113/><U30/><E30/><V109/><F3/><W128/><G128/><T124/><D114/><U79/><E5/><V125/><F109/><W83/><G83/><T10/><REACH who="0" step="1"/><D124/><REACH who="0" ten="149,211,302,328" step="2"/><U86/><E70/><V73/><F125/><W0/><G0/><T9/><D9/><U81/><E89/><V24/><F73/><W27/><G11/><T39/><D39/><U110/><E38/><V115/><F115/><W121/><G121/><T90/><D90/><U100/><E100/><N who="2" m="60487" /><F95/><W53/><G93/><T67/><D67/><U32/><E64/><V49/><F49/><W15/><G65/><T97/><D97/><U132/><E51/><V126/><F126/><W8/><G103/><T112/><D112/><U129/><E132/><V96/><F96/><W58/><G8/><T63/><D63/><U44/><E129/><V22/><F87/><W111/><G111/><T35/><D35/><U118/><N who="1" m="11264" /><DORA hai="84" /><U59/><E110/><V88/><F88/><W66/><G62/><RYUUKYOKU ba="2,1" sc="149,30,211,-10,302,-10,328,-10" hai0="10,12,18,41,42,48,50,52,54,57,99,102,104" /><INIT seed="3,3,1,3,4,36" ten="179,201,292,318" oya="3" hai0="74,31,38,88,8,59,106,67,84,80,43,128,22" hai1="14,5,33,124,100,62,57,41,76,90,3,52,97" hai2="47,40,127,107,77,101,113,91,26,109,15,114,56" hai3="99,55,131,73,7,60,112,85,129,25,72,2,9"/><W103/><G112/><T116/><D106/><U6/><E3/><V18/><F77/><W98/><G85/><T123/><D116/><U115/><E115/><V32/><F109/><W4/><G4/><N who="1" m="1642" /><E33/><V51/><F127/><W104/><G99/><T13/><D123/><U24/><E124/><V121/><F121/><W21/><G55/><T35/><D35/><U126/><E126/><V69/><F69/><W68/><G60/><N who="0" m="38303" /><D74/><U28/><E76/><V46/><F91/><W94/><G104/><T29/><D38/><U17/><E100/><V86/><F86/><W70/><G72/><T12/><D128/><N who="3" m="49225" /><G73/><T44/><D8/><N who="1" m="6343" /><E41/><V134/><F101/><W82/><G82/><T30/><D22/><N who="1" m="15383" /><E90/><V87/><F40/><W89/><G103/><T63/><D63/><U102/><E102/><V132/><F107/><W83/><G83/><T39/><D39/><U34/><E34/><V27/><F32/><W66/><G66/><T64/><D64/><U50/><E97/><V75/><F75/><W135/><G135/><T71/><D71/><U20/><E20/><N who="2" m="11359" /><F114/><W111/><G111/><T45/><D43/><U120/><E120/><V93/><F113/><W48/><G48/><AGARI ba="3,1" hai="48,50,52,57,62" m="15383,6343,1642" machi="48" ten="30,2000,0" yaku="8,1,54,1" doraHai="36" who="1" fromWho="3" sc="179,0,201,39,292,0,318,-29" /><INIT seed="4,0,0,3,1,97" ten="179,240,292,289" oya="0" hai0="30,25,117,96,59,80,61,116,135,134,72,36,109" hai1="48,68,23,22,101,106,76,70,75,10,15,71,56" hai2="43,11,2,67,78,44,130,64,108,133,82,86,112" hai3="122,91,13,98,9,118,14,115,35,81,79,26,74"/><T113/><D36/><U39/><E39/><V63/><F108/><W114/><G118/><T3/><D3/><U49/><E75/><V12/><F2/><W18/><G122/><T126/><D109/><U0/><E76/><V129/><F112/><N who="3" m="43051" /><G14/><T57/><D113/><U69/><E0/><V34/><F34/><W28/><G98/><T58/><D126/><U32/><E32/><V110/><F110/><W84/><G91/><T53/><D80/><U105/><E69/><V38/><F133/><N who="0" m="50698" /><D72/><AGARI ba="0,0" hai="9,13,18,26,28,35,72,74,79,81,84" m="43051" machi="72" ten="30,1000,0" yaku="15,1" doraHai="97" who="3" fromWho="0" sc="179,-10,240,0,292,0,289,10" /><INIT seed="5,0,0,5,5,119" ten="169,240,292,299" oya="1" hai0="45,61,110,22,109,130,54,66,73,129,92,113,48" hai1="112,25,52,78,19,24,95,23,90,70,59,91,68" hai2="81,104,50,44,31,72,86,74,34,105,114,98,131" hai3="67,16,62,123,94,41,75,30,77,133,42,40,88"/><U84/><E112/><V10/><F114/><W3/><G123/><T76/><D92/><U0/><E0/><V97/><F131/><N who="0" m="50186" /><D76/><U9/><E78/><V58/><F58/><W69/><G3/><T6/><D73/><U118/><E118/><V27/><F10/><W15/><G30/><T53/><D6/><U121/><E121/><V12/><F12/><W2/><G2/><T36/><D22/><U56/><E56/><V101/><F98/><W51/><G133/><T89/><D89/><U85/><E9/><V124/><F105/><W87/><G77/><T21/><D21/><U49/><REACH who="1" step="1"/><E25/><REACH who="1" ten="169,230,292,299" step="2"/><V63/><F27/><W82/><G75/><T122/><D113/><U132/><E132/><V120/><F120/><W32/><G69/><N who="0" m="42191" /><D122/><U79/><E79/><V115/><F115/><W26/><G26/><T135/><D135/><U4/><E4/><V107/><F72/><W28/><G15/><T96/><D96/><U39/><E39/><V117/><F97/><W57/><G87/><T99/><D99/><U80/><AGARI ba="0,1" hai="19,23,24,49,52,59,68,70,80,84,85,90,91,95" machi="80" ten="20,7800,0" yaku="1,1,0,1,7,1,54,1,53,0" doraHai="119" doraHaiUra="134" who="1" fromWho="1" sc="169,-26,230,88,292,-26,299,-26" owari="143,-35.7,318,41.8,266,-13.4,273,7.3" /></mjloggm>