<mjloggm ver="2.3"><GO type="225" lobby="0"/><UN n0="%E5%B6%BA%E4%B8%8A%E5%92%B2" n1="%E3%83%81%E3%83%A7%E3%83%99%E3%83%83%E3%82%AF" n2="%E3%81%BE%E3%81%A8%E3%81%9F" n3="%E3%83%96%E3%83%83%E3%83%91%E3%82%AA%E3%83%96%E3%83%81%E3%82%AD%E3%83%B3" dan="16,16,16,16" rate="2129.76,2125.68,2094.20,2162.26" sx="F,M,M,M"/><TAIKYOKU oya="0"/><INIT seed="0,0,0,2,5,103" ten="250,250,250,250" oya="0" hai0="121,59,0,52,30,66,113,118,50,91,97,18,74" hai1="84,135,134,80,122,17,2,34,128,1,31,39,33" hai2="57,106,8,75,64,88,44,42,15,46,60,76,43" hai3="36,72,29,78,109,38,41,93,101,19,71,132,4"/><T98/><D113/><U69/><E69/><V58/><F75/><W123/><G71/><T112/><D118/><U124/><E39/><V129/><F129/><W99/><G4/><T13/><D0/><N who="1" m="107" /><E84/><V102/><F76/><W56/><G109/><T9/><D74/><U51/><E51/><V92/><F102/><W11/><G132/><N who="1" m="50730" /><E80/><V25/><F106/><W116/><G116/><T119/><D119/><U62/><E62/><V12/><F25/><W95/><G56/><T3/><D3/><U107/><E107/><V127/><F127/><W89/><G41/><T94/><D112/><U131/><E122/><V61/><F8/><W86/><G123/><T73/><D73/><U10/><E124/><V111/><F111/><W83/><REACH who="3" step="1"/><G29/><REACH who="3" ten="250,250,250,240" step="2"/><T85/><D121/><U20/><E31/><V45/><F43/><W65/><G65/><T5/><D30/><U47/><E47/><V104/><F42/><W96/><G96/><N who="0" m="36971" /><D66/><U55/><E55/><V126/><F126/><W24/><G24/><T79/><D79/><U6/><E6/><AGARI ba="0,1" hai="5,6,9,13,18,50,52,59,85,91,94" m="36971" machi="6" ten="30,2900,0" yaku="8,1,54,1" doraHai="103" who="0" fromWho="1" sc="250,39,250,-29,250,0,240,0" /><INIT seed="0,1,0,2,5,61" ten="289,221,250,240" oya="0" hai0="44,25,131,5,83,93,29,17,28,40,7,46,51" hai1="65,70,95,8,128,13,27,76,104,84,55,73,75" hai2="6,116,94,72,107,124,18,129,86,88,34,106,87" hai3="12,42,114,132,11,53,118,67,66,82,105,4,41"/><T36/><D131/><U49/><E128/><V97/><F34/><W78/><G114/><T64/><D83/><U62/><E104/><N who="2" m="39979" /><F18/><W119/><G105/><T10/><D64/><N who="3" m="24617" /><G119/><T125/><D125/><U1/><E1/><V60/><F60/><W9/><G118/><T19/><D93/><U96/><E27/><V30/><F6/><N who="3" m="3127" /><G132/><T117/><D117/><U81/><E49/><V103/><F30/><W126/><G126/><T20/><D7/><U54/><E75/><V109/><F116/><W69/><G69/><T115/><D115/><U50/><E50/><V63/><F63/><W21/><G21/><T101/><D101/><U111/><E73/><V71/><F71/><W56/><G78/><T26/><D5/><U74/><E74/><V123/><F124/><W113/><G82/><T23/><REACH who="0" step="1"/><D10/><REACH who="0" ten="279,221,250,240" step="2"/><U77/><E77/><V112/><F129/><W99/><G113/><T24/><D24/><U100/><E111/><V52/><F112/><W89/><G4/><AGARI ba="1,1" hai="4,8,13,54,55,62,65,70,76,81,84,95,96,100" machi="4" ten="30,2000,0" yaku="7,1,52,1" doraHai="61" who="1" fromWho="3" sc="279,0,221,33,250,0,240,-23" /><INIT seed="1,0,0,2,5,0" ten="279,254,250,217" oya="1" hai0="97,79,100,4,47,38,80,88,46,106,39,130,1" hai1="89,109,101,98,9,19,134,12,131,10,129,57,45" hai2="128,73,119,111,58,90,92,66,63,114,70,54,94" hai3="7,116,85,121,21,117,115,118,71,86,8,50,31"/><U112/><E112/><V23/><F119/><N who="3" m="30467" /><W83/><DORA hai="51" /><G121/><T122/><D122/><U49/><E134/><V82/><F111/><W103/><G115/><T42/><D130/><N who="1" m="49675" /><E89/><V40/><F128/><W37/><G37/><T30/><D30/><U62/><E109/><V17/><F40/><W41/><G71/><T13/><D13/><U72/><E72/><V44/><F44/><N who="3" m="25871" /><G103/><T27/><D27/><U5/><E57/><V48/><F114/><W123/><G123/><T20/><D20/><U29/><E62/><V105/><F105/><W132/><G132/><T108/><D88/><U81/><E81/><V91/><F90/><W11/><G83/><T36/><D108/><U64/><E64/><V75/><F82/><W22/><G11/><N who="0" m="2447" /><D46/><U26/><E45/><V93/><REACH who="2" step="1"/><F91/><REACH who="2" ten="279,254,240,217" step="2"/><W126/><G126/><T43/><D43/><U102/><E102/><V104/><F104/><W28/><G28/><T53/><D53/><U125/><E101/><V15/><AGARI ba="0,1" hai="15,17,23,48,54,58,63,66,70,73,75,92,93,94" machi="15" ten="30,4000,0" yaku="1,1,0,1,52,1,53,0" doraHai="0,51" doraHaiUra="124,34" who="2" fromWho="2" sc="279,-10,254,-20,240,50,217,-10" /><INIT seed="2,0,0,4,4,79" ten="269,234,290,207" oya="2" hai0="47,10,122,25,34,118,101,87,62,74,116,44,29" hai1="100,117,36,11,109,91,121,124,21,3,131,120,93" hai2="42,19,73,76,4,63,60,28,133,48,51,9,55" hai3="46,57,83,82,22,20,97,65,103,7,17,40,23"/><V94/><F28/><W50/><G7/><T86/><D74/><U61/><E36/><V78/><F73/><W37/><G17/><T0/><D122/><N who="1" m="47211" /><E117/><N who="0" m="45161" /><D101/><U90/><E109/><V132/><F19/><W52/><REACH who="3" step="1"/><G65/><REACH who="3" ten="269,234,290,197" step="2"/><T126/><D126/><U81/><E124/><V58/><F4/><W56/><G56/><T31/><D31/><U127/><E127/><V89/><F58/><W64/><G64/><T99/><D0/><U27/><E3/><V102/><F132/><W107/><AGARI ba="0,1" hai="20,22,23,37,40,46,50,52,57,82,83,97,103,107" machi="107" ten="30,12000,2" yaku="1,1,0,1,52,2,54,1,53,1" doraHai="79" doraHaiUra="38" who="3" fromWho="3" sc="269,-30,234,-30,290,-60,197,130" /><INIT seed="3,0,0,4,5,100" ten="239,204,230,327" oya="3" hai0="30,84,44,106,28,4,69,73,18,68,130,94,90" hai1="17,89,80,15,114,58,112,2,119,57,23,21,45" hai2="46,53,20,118,82,133,8,59,126,98,70,43,33" hai3="0,49,24,66,7,125,75,74,77,50,76,36,97"/><W63/><G36/><T60/><D73/><N who="3" m="27657" /><G24/><T29/><D106/><U48/><E2/><V117/><F33/><W86/><G7/><T12/><D130/><U54/><E119/><V85/><F126/><W81/><G0/><T79/><D69/><U134/><E134/><V22/><F70/><W13/><G13/><T26/><D68/><U40/><E58/><V92/><F133/><W103/><G63/><T1/><D60/><U9/><E114/><V111/><F111/><W35/><G50/><T110/><D110/><U65/><E65/><V14/><F117/><W11/><G49/><T88/><D1/><U83/><E112/><V135/><F135/><W115/><G11/><N who="0" m="4199" /><D44/><U122/><E122/><V102/><F53/><W56/><G125/><T62/><D62/><U99/><E99/><V109/><F59/><W42/><G42/><T64/><D64/><U41/><E83/><V25/><F118/><W120/><G97/><T55/><D55/><U52/><E40/><V129/><F109/><W71/><G71/><T108/><D108/><U121/><E121/><V124/><F124/><W131/><G131/><T107/><D29/><U5/><E5/><N who="2" m="3343" /><F129/><W47/><G47/><T32/><D28/><U95/><E95/><V16/><F22/><N who="1" m="8201" /><E57/><V34/><F34/><W3/><G3/><T123/><D123/><U39/><E39/><N who="2" m="21887" /><F82/><W38/><G38/><T67/><D67/><U61/><E61/><V51/><F51/><W132/><G56/><T96/><D32/><U6/><E6/><V37/><F37/><W128/><G120/><T78/><D30/><U31/><E31/><RYUUKYOKU ba="0,0" sc="239,-15,204,15,230,15,327,-15" hai1="9,15,17,41,45,48,52,54,80,89" hai2="16,20,25,85,92,98,102" owari="224,-17.6,219,-28.1,245,4.5,312,41.2" /></mjloggm>