<mjloggm ver="2.3"><GO type="225" lobby="0"/><UN n0="%E6%98%93%E5%88%A9%E8%96%A9%E4%BC%AF" n1="%E5%A4%8F%E9%88%B4%E9%88%B4%E5%A4%8F" n2="%70%68%65%6E%6F%6D%65" n3="%E3%82%B3%E3%83%90%E3%83%AC%E3%82%A4" dan="17,16,16,16" rate="2131.11,2124.24,2138.01,2185.34" sx="F,F,M,M"/><TAIKYOKU oya="0"/><INIT seed="0,0,0,0,1,19" ten="250,250,250,250" oya="0" hai0="106,47,7,24,25,27,116,40,39,30,13,10,108" hai1="20,43,21,29,1,105,76,117,73,130,123,36,78" hai2="68,81,88,133,54,37,63,71,115,17,114,33,75" hai3="72,52,22,100,120,62,97,99,95,109,98,74,80"/><T18/><D116/><U28/><E123/><V56/><F33/><W67/><G120/><T92/><D106/><U59/><E117/><V132/><F37/><W70/><G109/><T102/><D108/><U104/><E1/><V45/><F17/><W82/><G74/><T35/><D102/><U131/><E59/><V112/><F75/><W121/><G121/><T41/><D41/><U125/><E73/><V134/><REACH who="2" step="1"/><F45/><REACH who="2" ten="250,250,240,250" step="2"/><W64/><G72/><T93/><REACH who="0" step="1"/><D27/><REACH who="0" ten="240,250,240,250" step="2"/><U91/><E130/><V119/><F119/><W2/><G100/><T101/><D101/><U107/><E131/><V46/><F46/><W126/><G126/><T50/><D50/><U83/><E125/><V11/><F11/><W61/><G61/><T38/><D38/><U8/><E36/><V6/><F6/><W96/><G62/><T23/><AGARI ba="0,2" hai="7,10,13,18,23,24,25,30,35,39,40,47,92,93" machi="23" ten="30,6000,0" yaku="1,1,0,1,52,1,53,0" doraHai="19" doraHaiUra="110" who="0" fromWho="0" sc="240,80,250,-20,240,-20,250,-20" /><INIT seed="0,1,0,4,5,22" ten="320,230,220,230" oya="0" hai0="48,58,61,85,62,30,36,86,111,134,98,90,25" hai1="72,84,11,117,9,101,6,93,8,83,17,52,128" hai2="118,45,88,1,107,27,38,51,81,46,64,125,20" hai3="109,43,79,65,97,91,108,114,0,56,47,39,70"/><T73/><D36/><U95/><E128/><V40/><F125/><W127/><G0/><T67/><D73/><U2/><E117/><V100/><F118/><W69/><G127/><T77/><D134/><U78/><E17/><V82/><F1/><W94/><G79/><T66/><D111/><N who="3" m="42569" /><G114/><T4/><D4/><U19/><E19/><V33/><F33/><W75/><G75/><T18/><D18/><U110/><E110/><V89/><F64/><W131/><G131/><T21/><D48/><U130/><E130/><V13/><F13/><W71/><G56/><N who="0" m="37159" /><D77/><U59/><E95/><AGARI ba="1,0" hai="21,25,30,58,62,67,85,86,90,95,98" m="37159" machi="95" ten="30,2900,0" yaku="8,1,52,1" doraHai="22" who="0" fromWho="1" sc="320,32,230,-32,220,0,230,0" /><INIT seed="0,2,0,3,2,37" ten="352,198,220,230" oya="0" hai0="39,29,110,127,82,12,132,123,77,72,64,41,117" hai1="84,128,20,98,3,25,56,106,121,100,43,51,4" hai2="27,11,63,101,18,102,126,90,33,76,9,50,21" hai3="47,129,19,52,73,65,83,70,130,32,81,61,13"/><T124/><D117/><U55/><E121/><V57/><F126/><N who="0" m="48170" /><D123/><U133/><E128/><N who="3" m="49258" /><G32/><T5/><D132/><U40/><E133/><V34/><F76/><W108/><G73/><T68/><D29/><U53/><E84/><V58/><F33/><W42/><G108/><T16/><D5/><U107/><E107/><V114/><F114/><W28/><G28/><T62/><D110/><U54/><E54/><N who="2" m="31959" /><F34/><W66/><G66/><T31/><D31/><U14/><E3/><V109/><F109/><W120/><G120/><T0/><D0/><U22/><E55/><N who="2" m="34271" /><F90/><W17/><G17/><T131/><D131/><U48/><E48/><V122/><F122/><W94/><G52/><T78/><D78/><U99/><E99/><V10/><AGARI ba="2,0" hai="9,10,11,18,21,27,101,102" m="34271,31959" machi="10" ten="30,1100,0" yaku="8,1" doraHai="37" who="2" fromWho="2" sc="352,-7,198,-5,220,17,230,-5" /><INIT seed="1,0,0,2,3,1" ten="345,193,237,225" oya="1" hai0="32,134,48,31,89,28,56,51,129,49,37,14,85" hai1="17,87,110,103,65,104,68,125,61,123,34,26,126" hai2="66,12,79,106,121,36,19,3,88,132,23,83,93" hai3="92,50,90,114,15,73,117,100,7,77,9,27,80"/><U52/><E123/><V64/><F121/><W108/><G114/><T22/><D37/><U43/><E43/><V44/><F132/><W13/><G117/><T111/><D32/><U96/><E110/><V99/><F3/><W41/><G108/><T35/><D35/><U59/><E87/><V8/><F106/><W84/><G27/><T67/><D134/><U45/><E45/><V57/><F57/><W63/><G63/><N who="0" m="38375" /><D129/><U42/><E42/><V74/><F36/><W91/><G73/><T127/><D127/><U120/><E120/><V20/><REACH who="2" step="1"/><F44/><REACH who="2" ten="345,193,227,225" step="2"/><W95/><G92/><N who="0" m="54319" /><D111/><U112/><E112/><V60/><F60/><W72/><G95/><T128/><D128/><U97/><E97/><V46/><F46/><W33/><G41/><T30/><D14/><U78/><E78/><V10/><F10/><W24/><G15/><T55/><D22/><AGARI ba="0,1" hai="8,12,19,20,22,23,64,66,74,79,83,88,93,99" machi="22" ten="40,2600,0" yaku="1,1,54,1,53,0" doraHai="1" doraHaiUra="122" who="2" fromWho="0" sc="345,-26,193,0,227,36,225,0" /><INIT seed="2,0,0,4,1,52" ten="319,193,263,225" oya="2" hai0="9,57,51,75,111,116,104,23,121,39,130,65,33" hai1="5,22,70,117,2,10,85,62,92,12,78,66,13" hai2="21,106,36,127,133,0,76,38,86,114,108,105,46" hai3="69,81,100,103,113,84,56,128,58,44,119,115,32"/><V41/><F114/><N who="3" m="43531" /><G69/><T27/><D39/><U49/><E117/><V129/><F0/><W132/><G32/><T122/><D33/><U124/><E124/><V18/><F127/><W26/><G119/><T54/><D116/><U123/><E123/><V31/><F31/><W131/><G26/><T3/><D104/><U30/><E49/><V102/><F129/><N who="3" m="49739" /><G44/><T29/><D130/><U6/><E6/><V87/><F133/><W135/><G84/><T42/><D75/><U91/><REACH who="1" step="1"/><E78/><REACH who="1" ten="319,183,263,225" step="2"/><V73/><F76/><W88/><G135/><T64/><D122/><U107/><E107/><V80/><F38/><W34/><G132/><T61/><D121/><U50/><E50/><V97/><F106/><W72/><G34/><T11/><D51/><U16/><E16/><V47/><F36/><W28/><G28/><T79/><D29/><U43/><E43/><V37/><F41/><W99/><G72/><T67/><D42/><U71/><E71/><V48/><F73/><W94/><G81/><T82/><D82/><U110/><E110/><V126/><F108/><W77/><G77/><T40/><D111/><U55/><E55/><V89/><F126/><W98/><G103/><T24/><D79/><U112/><E112/><V96/><F37/><W125/><G125/><T20/><D40/><U120/><E120/><V8/><F47/><W17/><G17/><N who="0" m="12303" /><D3/><U68/><E68/><V19/><F80/><W60/><G60/><T4/><D4/><U14/><E14/><N who="2" m="7495" /><F19/><W35/><G35/><T93/><D93/><AGARI ba="0,1" hai="56,58,88,93,94,98,99,100" m="49739,43531" machi="93" ten="30,8000,1" yaku="11,1,19,1,52,2,54,1" doraHai="52" who="3" fromWho="0" sc="319,-80,183,0,263,0,225,90" /><INIT seed="3,0,0,5,0,63" ten="239,183,263,315" oya="3" hai0="81,115,9,74,84,53,72,126,88,57,111,128,19" hai1="47,112,120,116,55,2,114,1,70,80,51,40,132" hai2="73,33,29,100,83,77,26,44,92,15,129,10,102" hai3="99,101,98,79,58,36,95,30,106,49,11,104,35"/><W60/><G36/><T65/><D111/><U78/><E120/><V89/><F129/><W97/><G79/><T24/><D65/><U16/><E132/><V103/><F44/><W28/><G106/><T90/><D128/><U48/><E116/><V87/><F102/><W13/><G35/><T41/><D126/><U0/><E70/><V12/><F12/><W105/><G104/><T3/><D41/><U107/><E107/><V124/><F124/><W91/><G49/><T46/><D46/><U22/><E114/><V4/><AGARI ba="0,0" hai="4,10,15,26,29,33,73,77,83,87,89,92,100,103" machi="4" ten="20,1500,0" yaku="0,1,7,1" doraHai="63" who="2" fromWho="2" sc="239,-4,183,-4,263,15,315,-7" owari="235,-16.5,179,-32.1,278,7.8,308,40.8" /></mjloggm>