<mjloggm ver="2.3"><GO type="225" lobby="0"/><UN n0="%E3%83%96%E3%83%83%E3%83%91%E3%82%AA%E3%83%96%E3%83%81%E3%82%AD%E3%83%B3" n1="%E3%82%AF%E3%82%A3%E3%82%A6" n2="%E3%81%8B%E3%82%8F%E3%81%A1%E3%82%83%E3%82%93%35%38" n3="%E3%83%A9%E3%82%B9%E7%8E%87%EF%BC%93%E5%89%B2" dan="16,16,16,16" rate="2074.95,2080.66,2177.35,2189.62" sx="M,M,M,F"/><TAIKYOKU oya="0"/><INIT seed="0,0,0,4,4,91" ten="250,250,250,250" oya="0" hai0="24,57,14,0,10,62,79,52,46,87,92,49,69" hai1="88,119,81,128,60,18,115,118,20,53,89,90,75" hai2="42,32,96,13,103,47,36,108,78,122,123,17,97" hai3="110,2,114,135,73,15,21,26,104,6,16,39,124"/><T27/><D0/><U126/><E126/><V113/><F113/><W23/><G104/><T63/><D69/><U58/><E128/><V101/><F32/><W51/><G73/><T100/><D63/><U117/><E115/><V76/><F108/><W99/><G39/><T95/><D79/><U34/><E34/><V50/><F36/><W12/><G114/><T98/><D87/><U121/><E121/><V55/><F123/><W80/><G80/><T105/><D105/><U94/><E75/><V64/><F64/><W86/><G86/><T134/><D95/><U4/><E4/><V67/><F67/><W37/><G37/><T74/><D74/><U129/><E129/><V61/><F122/><W70/><G99/><N who="2" m="37961" /><F55/><W102/><G102/><N who="2" m="38921" /><F61/><W68/><G51/><T109/><D134/><U112/><E112/><V85/><F85/><W127/><G135/><T45/><D109/><U82/><REACH who="1" step="1"/><E94/><REACH who="1" ten="250,240,250,250" step="2"/><V19/><F19/><N who="3" m="10471" /><G110/><T8/><D8/><AGARI ba="0,1" hai="8,13,17,42,47,50,76,78" m="38921,37961" machi="8" ten="30,1000,0" yaku="8,1" doraHai="91" who="2" fromWho="0" sc="250,-10,240,0,250,20,250,0" /><INIT seed="1,0,0,2,0,85" ten="240,240,270,250" oya="1" hai0="121,26,22,5,21,133,23,24,106,114,14,48,99" hai1="1,120,37,10,107,115,42,102,57,8,104,56,96" hai2="127,75,27,79,78,54,52,12,34,93,86,16,112" hai3="44,72,87,74,82,60,59,41,68,11,80,126,35"/><U2/><E120/><V135/><F75/><W50/><G126/><T6/><D121/><U88/><E115/><V51/><F127/><W73/><G35/><T89/><D114/><U30/><E30/><V53/><F112/><W76/><G68/><T58/><D133/><U36/><E42/><V92/><F135/><W71/><G71/><T132/><D132/><U119/><E119/><V4/><F34/><W25/><G25/><N who="0" m="9835" /><D106/><U90/><E96/><V63/><F63/><W17/><G17/><T113/><D14/><U20/><E20/><N who="0" m="5121" /><T116/><DORA hai="46" /><D116/><U83/><E83/><N who="2" m="47479" /><F4/><N who="0" m="1642" /><D113/><U39/><E39/><V19/><F27/><W101/><G11/><T124/><D124/><U29/><E29/><V66/><F19/><W125/><G125/><T33/><D33/><U70/><E70/><V105/><F105/><W94/><G80/><T43/><D43/><U84/><E84/><V131/><F16/><W38/><G38/><T95/><D58/><U123/><E123/><V110/><F12/><W111/><G73/><T77/><D77/><U31/><E31/><V103/><F79/><W128/><G74/><T32/><D32/><U130/><REACH who="1" step="1"/><E102/><REACH who="1" ten="240,230,270,250" step="2"/><V0/><F103/><W28/><G28/><T61/><D61/><U69/><E69/><V3/><F51/><AGARI ba="0,1" hai="48,51,89,95,99" m="1642,5121,9835" machi="51" ten="40,8000,1" yaku="8,1,52,3" doraHai="85,46" who="0" fromWho="2" sc="240,90,230,0,270,-80,250,0" /><INIT seed="2,0,0,5,0,131" ten="330,230,190,250" oya="2" hai0="54,48,107,23,31,4,119,116,21,100,22,88,75" hai1="8,51,35,101,113,40,66,64,60,59,129,104,57" hai2="92,132,93,44,7,16,99,71,19,89,118,3,13" hai3="17,77,29,81,18,73,103,69,61,98,38,80,117"/><V53/><F118/><N who="0" m="45098" /><D75/><U65/><E35/><V134/><F71/><W130/><G130/><T125/><D125/><U43/><E104/><V26/><F3/><W46/><G80/><T82/><D4/><U109/><E109/><V96/><F7/><W94/><G117/><T34/><D107/><U78/><E78/><V6/><F6/><W2/><G29/><T70/><D100/><U86/><E86/><V79/><F79/><W97/><G97/><T126/><D126/><U95/><E8/><V24/><F53/><W30/><G30/><T90/><D82/><U50/><E95/><V55/><F55/><W110/><G110/><T67/><D67/><N who="1" m="25675" /><E101/><V72/><F44/><W41/><G2/><T47/><D70/><U5/><E5/><V11/><F72/><W62/><G69/><T128/><D128/><U123/><E123/><V58/><F58/><N who="1" m="22025" /><E113/><V68/><F68/><W63/><AGARI ba="0,0" hai="17,18,38,41,46,61,62,63,73,77,81,94,98,103" machi="63" ten="30,1100,0" yaku="0,1" doraHai="131" who="3" fromWho="3" sc="330,-3,230,-3,190,-5,250,11" /><INIT seed="3,0,0,1,3,57" ten="327,227,185,261" oya="3" hai0="70,72,108,42,34,103,114,54,129,18,125,132,90" hai1="27,121,96,50,95,106,63,43,117,128,29,12,23" hai2="25,6,56,84,75,52,68,79,17,2,33,30,4" hai3="53,105,61,45,26,8,3,20,80,46,118,101,21"/><W100/><G118/><T32/><D72/><U111/><E121/><V47/><F75/><W116/><G105/><T92/><D70/><U28/><E111/><V24/><F68/><W19/><G3/><T51/><D125/><U5/><E117/><V82/><F2/><W102/><G8/><T107/><D129/><U99/><E128/><V94/><F94/><W74/><G116/><T130/><D132/><U16/><E106/><V15/><F47/><W67/><G74/><T35/><D108/><U83/><E83/><V39/><F39/><W9/><G9/><T112/><D107/><U44/><E63/><N who="2" m="36231" /><F33/><W65/><G80/><T122/><D122/><U14/><E99/><V134/><F134/><W113/><G113/><T66/><D35/><U124/><E124/><V133/><F133/><W81/><G81/><T87/><D32/><U86/><E86/><V40/><F40/><W104/><G104/><T64/><D34/><U115/><E115/><V91/><F79/><W123/><G123/><T98/><D130/><U7/><E96/><V55/><F55/><W49/><G46/><T73/><D73/><U71/><E95/><V93/><F93/><W38/><G38/><T10/><D114/><U41/><E71/><V126/><F126/><W76/><G76/><T119/><D119/><U109/><E109/><V36/><F36/><W97/><G97/><T37/><D37/><U135/><E135/><V0/><F0/><W48/><G45/><T11/><D112/><U78/><E78/><V1/><F1/><W69/><G69/><T13/><D10/><N who="1" m="4191" /><E41/><V31/><F82/><RYUUKYOKU ba="0,0" sc="327,-10,227,30,185,-10,261,-10" hai1="5,14,16,23,27,28,29,43,44,50" owari="317,41.7,257,5.7,175,-32.5,251,-14.9" /></mjloggm>