<mjloggm ver="2.3"><GO type="225" lobby="0"/><UN n0="%E5%A4%8F%E9%88%B4%E9%88%B4%E5%A4%8F" n1="%E7%9A%AE%E3%80%85" n2="%74%61%6B%65%2D%79%6F%75" n3="%77%72%77%72%77%72%77%72" dan="16,16,16,16" rate="2100.92,2138.17,2088.49,2117.10" sx="F,F,M,M"/><TAIKYOKU oya="0"/><INIT seed="0,0,0,1,5,73" ten="250,250,250,250" oya="0" hai0="85,40,59,57,131,18,5,116,122,68,128,129,111" hai1="120,108,134,55,31,127,135,38,36,12,105,19,43" hai2="86,66,56,90,91,45,9,132,102,58,25,2,32" hai3="126,104,78,63,121,115,42,26,54,24,82,117,51"/><T76/><D122/><U22/><E120/><V65/><F102/><W133/><G121/><T94/><D116/><U93/><E105/><V95/><F45/><W89/><G117/><T28/><D68/><U101/><E108/><V60/><F132/><N who="1" m="50729" /><E127/><V98/><F2/><W0/><G133/><T53/><D111/><U88/><E101/><V14/><F25/><W11/><G115/><T34/><D5/><U74/><E74/><V92/><F32/><W37/><G104/><T67/><D67/><U41/><E55/><V97/><F86/><W69/><G89/><T20/><D40/><N who="1" m="15435" /><E31/><V33/><F33/><W30/><G30/><T7/><D7/><U96/><AGARI ba="0,0" hai="12,19,22,36,38,88,93,96" m="15435,50729" machi="96" ten="30,2000,0" yaku="20,1,54,1" doraHai="73" who="1" fromWho="1" sc="250,-10,250,20,250,-5,250,-5" /><INIT seed="1,0,0,3,3,29" ten="240,270,245,245" oya="1" hai0="133,77,71,73,110,94,51,106,80,86,125,43,64" hai1="24,45,21,15,48,33,121,23,104,16,126,67,3" hai2="50,66,32,70,52,78,72,75,59,95,109,83,103" hai3="49,98,99,56,63,131,88,115,134,1,18,107,118"/><U35/><E121/><V34/><F75/><W7/><G115/><T97/><D133/><U89/><E104/><V28/><F28/><W39/><G39/><T61/><D125/><U4/><E67/><V47/><F70/><W22/><G134/><T90/><D110/><U112/><E112/><V13/><F13/><W79/><G131/><T105/><REACH who="0" step="1"/><D73/><REACH who="0" ten="230,270,245,245" step="2"/><U127/><E127/><V122/><F109/><W25/><G118/><T68/><D68/><U93/><E126/><V26/><F122/><W91/><G107/><T5/><D5/><U92/><E4/><V8/><F8/><W19/><G7/><T111/><D111/><U96/><E3/><V9/><F9/><W0/><G0/><T20/><D20/><U87/><E23/><V117/><F117/><W81/><G1/><T123/><D123/><U69/><E69/><V40/><F66/><W27/><G22/><T54/><D54/><U120/><E120/><V12/><F26/><W10/><G10/><T132/><D132/><U2/><E2/><V37/><REACH who="2" step="1"/><F12/><REACH who="2" ten="230,270,235,245" step="2"/><W60/><G25/><T36/><D36/><U100/><E15/><V11/><F11/><W113/><G27/><T46/><AGARI ba="0,2" hai="43,46,51,61,64,71,77,80,86,90,94,97,105,106" machi="46" ten="30,4000,0" yaku="1,1,0,1,53,1" doraHai="29" doraHaiUra="42" who="0" fromWho="0" sc="230,60,270,-20,235,-10,245,-10" /><INIT seed="2,0,0,3,3,83" ten="290,250,225,235" oya="2" hai0="46,56,135,49,24,5,65,22,126,33,123,20,92" hai1="134,3,48,8,53,106,10,131,69,104,15,19,132" hai2="98,128,47,90,80,97,31,36,54,124,11,121,122" hai3="43,99,2,88,67,87,28,85,42,63,29,64,115"/><V117/><F31/><N who="3" m="11851" /><G2/><T96/><D123/><N who="2" m="47114" /><F36/><W62/><G115/><T72/><D33/><U9/><E69/><V111/><F11/><N who="1" m="4105" /><E3/><V91/><F54/><W74/><G74/><T0/><D72/><U58/><E131/><V86/><F47/><W13/><G13/><T93/><D5/><U100/><E100/><V116/><F124/><W71/><G71/><T119/><D0/><U120/><E120/><V76/><F111/><W110/><G110/><T107/><D46/><U125/><E125/><V16/><F16/><W94/><G63/><T55/><D49/><U60/><E60/><V27/><F27/><W114/><G114/><T38/><D55/><U14/><E14/><V52/><F52/><W45/><G45/><T109/><D20/><U95/><E95/><N who="2" m="56567" /><F128/><W130/><G130/><T82/><D22/><U25/><E25/><V4/><F4/><W101/><G62/><T133/><D24/><U23/><N who="1" m="4113" /><U34/><DORA hai="35" /><E34/><V112/><F112/><W7/><G7/><T40/><D38/><U129/><E129/><V84/><F98/><N who="3" m="57671" /><G64/><T78/><D65/><U51/><E51/><V68/><F68/><W44/><G67/><T75/><D126/><U102/><E15/><V89/><F76/><W41/><G44/><T108/><D78/><U103/><E19/><V61/><F61/><W37/><G37/><T70/><D109/><U73/><E23/><V21/><F21/><W17/><G17/><T118/><D108/><U39/><E39/><V30/><F30/><W81/><G41/><T59/><D40/><U57/><E53/><V50/><F50/><RYUUKYOKU ba="0,0" sc="290,-10,250,-10,225,30,235,-10" hai2="80,84,86,89,91,116,117" /><INIT seed="2,1,0,4,4,56" ten="280,240,255,225" oya="2" hai0="111,100,71,7,63,116,128,13,113,30,1,69,41" hai1="18,17,81,46,12,43,16,72,37,101,53,129,34" hai2="89,45,29,88,110,117,135,124,83,93,79,65,108" hai3="36,44,8,51,21,66,25,134,32,121,87,76,68"/><V126/><F29/><W11/><G121/><T125/><D113/><U103/><E34/><V31/><F31/><W115/><G36/><T40/><D111/><N who="2" m="42538" /><F45/><W92/><G32/><T20/><D41/><U2/><E2/><V74/><F65/><W119/><G119/><T15/><D40/><U132/><E132/><V57/><F57/><W52/><G134/><T109/><D71/><U73/><E129/><V60/><F60/><W58/><G68/><T64/><D63/><U55/><E12/><N who="0" m="4681" /><D64/><U133/><E133/><V90/><F135/><W10/><G115/><T78/><D69/><U6/><E6/><V82/><F117/><W107/><G107/><T14/><D7/><U85/><E72/><N who="2" m="43367" /><F93/><W48/><G66/><T59/><D30/><U22/><E22/><V42/><F42/><W94/><G21/><T75/><D20/><U102/><REACH who="1" step="1"/><E73/><REACH who="1" ten="280,230,255,225" step="2"/><V106/><F106/><W3/><G3/><T70/><D75/><U62/><E62/><V123/><F123/><W122/><G122/><T118/><D109/><U49/><E49/><V91/><F74/><W19/><G25/><T98/><D118/><U77/><AGARI ba="1,1" hai="16,17,18,37,43,46,53,55,77,81,85,101,102,103" machi="77" ten="30,4000,0" yaku="1,1,0,1,54,1,53,0" doraHai="56" doraHaiUra="105" who="1" fromWho="1" sc="280,-11,230,53,255,-21,225,-11" /><INIT seed="3,0,0,4,4,116" ten="269,283,234,214" oya="3" hai0="20,31,36,0,6,108,46,70,79,112,49,130,106" hai1="111,96,123,34,55,32,3,90,77,12,102,88,69" hai2="65,64,29,107,119,103,91,8,131,87,59,76,42" hai3="83,129,126,105,13,99,33,68,66,21,118,7,37"/><W133/><G118/><T30/><D108/><U84/><E3/><V60/><F76/><W113/><G113/><T10/><D36/><U92/><E123/><V93/><F131/><W82/><G33/><T115/><D106/><U50/><E69/><V80/><F107/><W75/><G129/><T41/><D130/><U110/><E77/><V47/><F29/><W117/><G117/><T122/><D122/><U71/><E12/><V78/><F103/><W124/><G37/><T19/><D70/><U51/><E71/><V94/><F64/><W40/><G40/><T62/><D79/><U43/><E43/><V26/><F26/><W54/><G75/><T109/><D109/><N who="1" m="41483" /><E90/><V95/><F8/><N who="3" m="4255" /><G133/><T101/><D62/><U52/><E51/><N who="2" m="27127" /><F119/><W127/><G54/><N who="1" m="20522" /><E50/><V134/><F134/><W72/><G72/><T2/><D101/><U104/><AGARI ba="0,0" hai="32,34,84,88,92,96,102,104" m="20522,41483" machi="104" ten="30,4000,0" yaku="14,1,54,2" doraHai="116" who="1" fromWho="1" sc="269,-10,283,40,234,-10,214,-20" owari="259,5.9,323,42.3,224,-17.6,194,-30.6" /></mjloggm>