<mjloggm ver="2.3"><GO type="225" lobby="0"/><UN n0="%E3%82%A2%E3%83%9E%E3%83%9D%EF%BD%9E%EF%BD%9E%E3%83%A9" n1="%E3%83%B4%E3%83%A0%EF%BC%99%E3%81%A6" n2="%E3%81%BF%E3%81%BF%E3%81%9A" n3="%E8%B5%A4%E3%81%84%E8%9B%99%31%31" dan="17,16,18,16" rate="2096.86,2193.47,2203.92,2092.96" sx="M,M,M,M"/><TAIKYOKU oya="0"/><INIT seed="0,0,0,4,3,84" ten="250,250,250,250" oya="0" hai0="59,75,58,110,3,12,88,6,22,19,61,38,102" hai1="120,99,68,127,17,86,26,82,30,122,65,71,1" hai2="7,9,40,108,93,95,49,66,34,37,113,128,62" hai3="107,11,33,27,55,48,135,5,72,131,87,134,39"/><T63/><D38/><U129/><E1/><V83/><F113/><W123/><G72/><T70/><D75/><U41/><E127/><V23/><F34/><W100/><G39/><T132/><D70/><U92/><E129/><V90/><F37/><W78/><G131/><T52/><D132/><N who="3" m="50729" /><G123/><T124/><D124/><U118/><E41/><V56/><F128/><W133/><G133/><T44/><D102/><U31/><E118/><V64/><F108/><W53/><G107/><T114/><D114/><U111/><E111/><V67/><F23/><W16/><G100/><T117/><D117/><U13/><E68/><V103/><F103/><W109/><G109/><T25/><D3/><U20/><E31/><V32/><F32/><W46/><G33/><T69/><D69/><U45/><E45/><N who="2" m="25767" /><F83/><N who="3" m="47607" /><G53/><N who="0" m="33999" /><D44/><U101/><E71/><V79/><F79/><W4/><G27/><T85/><D110/><U97/><E26/><V125/><F95/><W115/><G115/><T104/><D104/><U80/><E92/><V28/><F125/><W51/><G51/><T54/><D6/><U21/><E120/><V14/><F28/><W18/><G4/><T15/><D54/><U98/><E122/><V29/><F29/><W126/><G126/><T0/><D0/><AGARI ba="0,0" hai="0,5,11,16,18,46,48,55" m="47607,50729" machi="0" ten="30,2000,0" yaku="20,1,54,1" doraHai="84" who="3" fromWho="0" sc="250,-20,250,0,250,0,250,20" /><INIT seed="1,0,0,4,5,22" ten="230,250,250,270" oya="1" hai0="116,92,44,99,130,60,74,2,47,40,26,77,39" hai1="106,61,64,100,123,114,66,76,15,37,62,32,13" hai2="46,127,115,103,112,111,119,25,69,4,93,63,1" hai3="18,42,58,91,97,87,94,79,125,36,49,71,3"/><U89/><E114/><N who="2" m="43563" /><F119/><W81/><G71/><T82/><D130/><U5/><E123/><V10/><F111/><W41/><G3/><T126/><D126/><U96/><E37/><V108/><F108/><W7/><G7/><T134/><D134/><U110/><E110/><V85/><F127/><W54/><G125/><T90/><D116/><U105/><E76/><V101/><F46/><W29/><G36/><T117/><D117/><U30/><E89/><N who="2" m="53423" /><F25/><W84/><G29/><T14/><D47/><U80/><E80/><V122/><F122/><W88/><REACH who="3" step="1"/><G18/><REACH who="3" ten="230,250,250,260" step="2"/><T35/><D2/><U95/><E5/><V24/><F24/><W132/><G132/><T52/><D14/><U8/><E13/><V83/><F83/><AGARI ba="0,1" hai="41,42,49,54,58,79,81,83,84,87,88,91,94,97" machi="83" ten="30,7700,0" yaku="1,1,7,1,8,1,54,1,53,0" doraHai="22" doraHaiUra="9" who="3" fromWho="2" sc="230,0,250,0,250,-77,260,87" /><INIT seed="2,0,0,1,5,41" ten="230,250,173,347" oya="2" hai0="22,134,24,13,116,88,127,34,108,113,80,65,73" hai1="128,72,68,131,91,61,16,119,100,29,74,35,9" hai2="125,59,30,56,8,104,49,102,84,53,109,0,39" hai3="44,62,103,101,47,117,82,26,58,86,114,118,28"/><V17/><F125/><W2/><G2/><T36/><D113/><U124/><E119/><V18/><F39/><W52/><G114/><T92/><D116/><U38/><E124/><V25/><F109/><W64/><G118/><T45/><D134/><U122/><E38/><V7/><F84/><W70/><G117/><T76/><D127/><U120/><E100/><N who="3" m="38474" /><G70/><T87/><D65/><N who="1" m="41007" /><E91/><V4/><F7/><W14/><G64/><T135/><D135/><U20/><E9/><V57/><F102/><W132/><G132/><T19/><D108/><U63/><E63/><V71/><F104/><W83/><G14/><T40/><REACH who="0" step="1"/><D34/><REACH who="0" ten="220,250,173,347" step="2"/><U77/><E122/><V67/><F71/><W81/><G86/><T133/><D133/><U48/><E120/><V21/><REACH who="2" step="1"/><F67/><REACH who="2" ten="220,250,163,347" step="2"/><W42/><G82/><T23/><D23/><U129/><E20/><V6/><F6/><W90/><G81/><T31/><D31/><U32/><E29/><V37/><F37/><W110/><G110/><T75/><D75/><U89/><E72/><V99/><F99/><W1/><G83/><T96/><D96/><U69/><E32/><V94/><F94/><W33/><G28/><T12/><AGARI ba="0,2" hai="12,13,19,22,24,36,40,45,73,76,80,87,88,92" machi="12" ten="30,7900,0" yaku="1,1,0,1,52,1,54,1,53,0" doraHai="41" doraHaiUra="54" who="0" fromWho="0" sc="220,99,250,-20,163,-39,347,-20" /><INIT seed="3,0,0,0,0,4" ten="319,230,124,327" oya="3" hai0="60,3,28,86,67,80,11,129,43,92,115,93,116" hai1="128,52,72,127,108,95,110,46,104,100,55,113,68" hai2="112,57,135,109,26,90,0,64,36,134,12,33,88" hai3="29,17,56,39,1,69,77,35,6,126,81,14,18"/><W48/><G69/><T66/><D116/><U120/><E72/><V32/><F112/><W62/><G39/><T40/><D129/><U91/><E113/><V101/><F0/><W63/><G1/><T27/><D115/><U117/><E120/><V38/><F101/><W21/><G126/><T41/><D11/><U131/><E117/><V15/><F57/><W51/><G6/><T125/><D3/><U122/><E122/><V54/><F26/><W44/><G18/><T7/><D7/><U96/><E68/><V31/><F64/><N who="0" m="24618" /><D60/><U76/><E46/><V106/><F31/><W78/><G35/><T107/><D107/><U23/><E127/><V70/><F70/><W79/><G29/><T71/><D71/><U50/><E108/><V42/><F42/><N who="3" m="24599" /><G81/><T19/><D28/><U84/><E110/><V118/><F118/><W87/><G87/><T85/><D85/><U102/><E84/><V75/><F109/><W30/><G30/><T45/><D45/><U83/><E104/><V74/><REACH who="2" step="1"/><F106/><REACH who="2" ten="319,230,114,327" step="2"/><W20/><G20/><N who="0" m="13727" /><D125/><U9/><E100/><V73/><F73/><W59/><G59/><T99/><D99/><U114/><E102/><V22/><F22/><W133/><G56/><T47/><D47/><U119/><E23/><V82/><F82/><W2/><G2/><T111/><D111/><U25/><E114/><V34/><F34/><W98/><G98/><T123/><D123/><U37/><E96/><V94/><F94/><W24/><G24/><T16/><D93/><U97/><E95/><V53/><AGARI ba="0,1" hai="12,15,32,33,36,38,53,54,74,75,88,90,134,135" machi="53" ten="25,12000,2" yaku="1,1,0,1,22,2,54,1,53,2" doraHai="4" doraHaiUra="10" who="2" fromWho="2" sc="319,-30,230,-30,114,130,327,-60" /><INIT seed="4,0,0,0,4,4" ten="289,200,244,267" oya="0" hai0="101,124,84,91,35,92,115,65,87,41,45,29,40" hai1="5,83,61,10,66,104,100,70,112,1,96,15,67" hai2="37,12,42,25,33,50,30,118,82,75,9,133,79" hai3="8,13,48,117,116,32,86,128,17,24,20,95,64"/><T49/><D115/><U72/><E112/><V55/><F133/><W129/><G64/><T90/><D124/><U109/><E109/><V39/><F42/><W97/><G86/><T56/><D35/><U19/><E67/><V47/><REACH who="2" step="1"/><F118/><REACH who="2" ten="289,200,234,267" step="2"/><W52/><G117/><T103/><D41/><U135/><E135/><V123/><F123/><W105/><G116/><T110/><D110/><U114/><E114/><V127/><F127/><W69/><G129/><T107/><D107/><U27/><E27/><V53/><F53/><W121/><G105/><T59/><D29/><U0/><REACH who="1" step="1"/><E5/><AGARI ba="0,1" hai="5,9,12,25,30,33,37,39,47,50,55,75,79,82" machi="5" ten="30,3900,0" yaku="1,1,7,1,52,1,53,0" doraHai="4" doraHaiUra="34" who="2" fromWho="1" sc="289,0,200,-39,234,49,267,0" /><INIT seed="5,0,0,1,2,37" ten="289,161,283,267" oya="1" hai0="106,53,62,8,117,131,9,57,50,114,115,51,134" hai1="85,55,48,21,45,75,105,15,127,102,39,123,135" hai2="110,90,74,14,12,111,118,22,121,30,11,40,104" hai3="89,49,1,103,59,88,65,19,128,70,58,73,24"/><U66/><E123/><V17/><F104/><W76/><G1/><T109/><D109/><U120/><E120/><V87/><F74/><W56/><G128/><T29/><D117/><U69/><E75/><V108/><F121/><W93/><G73/><T31/><D134/><U116/><E116/><V97/><F118/><W124/><G76/><T107/><D62/><U82/><E135/><V113/><F113/><W64/><G124/><T95/><D95/><U44/><E127/><V129/><F129/><W41/><G70/><T54/><D57/><U35/><E35/><V7/><F40/><W42/><G49/><T92/><D92/><U126/><E126/><V130/><F130/><AGARI ba="0,0" hai="8,9,29,31,50,51,53,54,106,107,114,115,130,131" machi="130" ten="25,1600,0" yaku="22,2" doraHai="37" who="0" fromWho="2" sc="289,16,161,0,283,-16,267,0" owari="305,40.5,161,-33.9,267,6.7,267,-13.3" /></mjloggm>