<mjloggm ver="2.3"><GO type="225" lobby="0"/><UN n0="%E3%83%A9%E3%83%BC%E3%83%A1%E3%83%B3%E4%BA%94%E9%83%8E" n1="%E3%81%95%E3%81%8D%E3%81%9F%E3%81%BE%E6%9E%97%E6%AA%8E" n2="%77%72%77%72%77%72%77%72" n3="%E3%83%96%E3%83%83%E3%83%91%E3%82%AA%E3%83%96%E3%83%81%E3%82%AD%E3%83%B3" dan="16,16,16,17" rate="2144.49,2113.83,2131.04,2182.26" sx="M,M,M,M"/><TAIKYOKU oya="0"/><INIT seed="0,0,0,3,3,23" ten="250,250,250,250" oya="0" hai0="11,83,30,36,71,82,62,89,85,120,131,133,64" hai1="94,109,9,39,14,95,91,37,93,127,121,101,46" hai2="107,44,3,33,12,102,58,106,51,22,45,65,67" hai3="90,115,75,63,25,29,126,66,119,54,104,24,52"/><T0/><D120/><U16/><E121/><V61/><F3/><W112/><G119/><T77/><D36/><U53/><E127/><V40/><F33/><W81/><G104/><T59/><D131/><U132/><E132/><V99/><F45/><W103/><G103/><T97/><D133/><U73/><E73/><V125/><F125/><W80/><G126/><T87/><D30/><U100/><E109/><V98/><F67/><W84/><G75/><T32/><D32/><U42/><E39/><V26/><F12/><W70/><G81/><T21/><D97/><U124/><E124/><V55/><F99/><W13/><G13/><T134/><D134/><U116/><E116/><V10/><F10/><W86/><G86/><T105/><D105/><U34/><E34/><V8/><F8/><W20/><REACH who="3" step="1"/><G25/><REACH who="3" ten="250,250,250,240" step="2"/><T114/><D83/><U88/><REACH who="1" step="1"/><E53/><AGARI ba="0,1" hai="20,24,29,52,53,54,63,66,70,80,84,90,112,115" machi="53" ten="40,8000,1" yaku="1,1,2,1,52,1,54,1,53,1" doraHai="23" doraHaiUra="57" who="3" fromWho="1" sc="250,0,250,-80,250,0,240,90" /><INIT seed="1,0,0,4,0,54" ten="250,170,250,330" oya="1" hai0="40,52,39,49,19,102,29,8,33,7,109,71,99" hai1="0,56,97,15,125,81,135,1,114,28,11,70,107" hai2="69,117,103,131,95,124,111,46,89,130,5,96,59" hai3="51,101,22,63,42,57,73,34,61,77,91,48,98"/><U43/><E114/><V93/><F69/><W53/><G34/><T126/><D71/><U86/><E70/><V134/><F117/><W88/><G73/><T47/><D109/><U45/><E135/><V133/><F111/><W129/><G77/><T116/><D116/><U79/><E125/><V20/><F5/><W17/><G129/><N who="2" m="49161" /><F46/><N who="3" m="25687" /><G101/><T60/><D126/><U13/><E13/><V2/><F2/><W115/><G115/><T112/><D112/><U76/><E76/><V123/><F123/><W120/><G120/><T74/><D74/><U37/><E28/><V30/><F124/><W21/><G21/><T12/><D29/><U10/><E10/><V113/><F113/><W50/><G50/><T4/><D33/><U108/><E108/><V128/><N who="2" m="49169" /><V9/><DORA hai="36" /><F9/><W16/><G17/><T94/><REACH who="0" step="1"/><D60/><REACH who="0" ten="240,170,250,330" step="2"/><N who="3" m="23113" /><G98/><T14/><D14/><AGARI ba="0,1" hai="14,16,22,51,53,57,88,91" m="23113,25687" machi="14" ten="30,8000,1" yaku="8,1,52,2,54,2" doraHai="54,36" who="3" fromWho="0" sc="240,-80,170,0,250,0,330,90" /><INIT seed="2,0,0,5,1,39" ten="160,170,250,420" oya="2" hai0="57,81,37,13,54,88,131,50,102,115,95,19,55" hai1="69,6,1,60,87,118,85,97,47,32,31,113,5" hai2="18,109,25,36,61,129,130,24,123,17,33,10,9" hai3="30,62,100,38,72,14,46,80,135,90,65,126,98"/><V86/><F36/><W91/><G126/><T110/><D115/><U11/><E113/><V12/><F61/><W52/><G135/><T101/><D37/><U127/><E118/><V124/><F86/><W74/><G30/><T2/><D2/><U77/><E127/><V49/><F49/><W68/><G14/><T7/><D7/><U82/><E6/><V99/><F99/><W41/><G52/><T111/><D81/><U42/><E97/><V56/><F56/><W112/><G112/><T44/><D131/><N who="2" m="50186" /><F124/><W21/><G21/><T114/><D114/><U4/><E4/><V34/><F123/><W116/><G116/><T70/><D70/><U92/><E69/><V94/><F94/><W89/><REACH who="3" step="1"/><G80/><REACH who="3" ten="160,170,250,410" step="2"/><T20/><D111/><U71/><E71/><V28/><F109/><W76/><G76/><T22/><D110/><U108/><E108/><V73/><F73/><W53/><G53/><T64/><D22/><U83/><E92/><AGARI ba="0,1" hai="38,41,46,62,65,68,72,74,89,90,91,92,98,100" machi="92" ten="40,5200,0" yaku="1,1,52,1,53,1" doraHai="39" doraHaiUra="93" who="3" fromWho="1" sc="160,0,170,-52,250,0,410,62" /><INIT seed="3,0,0,5,1,31" ten="160,118,250,472" oya="3" hai0="54,13,110,34,48,30,116,90,81,8,63,126,21" hai1="75,86,33,53,105,101,102,121,99,4,15,12,0" hai2="95,87,7,28,20,92,134,104,80,79,27,51,22" hai3="103,115,6,9,56,106,130,1,29,124,111,70,108"/><W18/><G115/><T120/><D116/><U132/><E121/><V60/><F104/><W37/><G70/><T118/><D118/><U64/><E75/><V62/><F134/><W129/><G37/><T76/><D34/><U25/><E132/><V10/><F20/><W131/><G124/><T97/><D120/><U96/><E86/><V122/><F122/><W2/><G29/><T84/><D110/><N who="3" m="42025" /><G18/><N who="0" m="8487" /><D126/><U117/><E117/><V125/><F51/><W94/><G106/><T114/><D114/><U19/><E0/><V89/><F95/><W45/><G45/><N who="0" m="27919" /><D63/><U23/><E64/><V42/><F42/><W82/><G82/><T98/><D76/><U68/><E68/><V65/><F65/><W85/><G56/><T49/><D49/><U55/><E4/><V83/><F83/><W38/><G38/><T5/><D5/><U109/><E109/><V113/><F113/><W17/><G17/><T127/><D127/><U119/><E119/><V77/><F77/><W43/><G43/><T58/><D58/><U61/><E61/><V36/><F36/><W35/><G35/><T123/><D123/><U44/><E44/><V88/><F89/><N who="3" m="53551" /><G103/><T93/><D81/><U11/><E11/><V26/><F125/><W39/><G39/><T66/><D30/><U107/><REACH who="1" step="1"/><E15/><AGARI ba="0,0" hai="1,2,6,9,15,129,130,131" m="53551,42025" machi="15" ten="40,7700,0" yaku="19,1,14,1,10,1" doraHai="31" who="3" fromWho="1" sc="160,0,118,-77,250,0,472,77" owari="160,-24.0,41,-45.9,250,5.0,549,64.9" /></mjloggm>