<mjloggm ver="2.3"><GO type="225" lobby="0"/><UN n0="%E5%91%A8%E6%9D%B1" n1="%E4%BF%BA%E3%81%A8%E5%A6%96%E5%A4%A2" n2="%E3%81%8B%E3%82%8F%E3%81%A1%E3%82%83%E3%82%93%35%38" n3="%E3%83%B4%E3%82%A3%E3%83%AF%E3%82%B3%E3%82%B0%E3%83%8B" dan="17,16,16,17" rate="2220.78,2129.53,2187.55,2241.91" sx="M,F,M,M"/><TAIKYOKU oya="0"/><INIT seed="0,0,0,2,4,107" ten="250,250,250,250" oya="0" hai0="126,67,17,45,60,91,120,104,0,94,82,16,51" hai1="134,14,55,8,28,83,117,78,30,68,34,61,43" hai2="129,11,71,7,87,73,35,98,88,102,12,53,124" hai3="44,54,65,66,31,99,121,56,125,48,32,105,128"/><T62/><D104/><U41/><E117/><V33/><F124/><W20/><G32/><T38/><D120/><U77/><E134/><V63/><F129/><W116/><G116/><T118/><D118/><U5/><E77/><V42/><F42/><W119/><G119/><T24/><D0/><U40/><E34/><V6/><F6/><W133/><G128/><T39/><D126/><U123/><E123/><V69/><F73/><W72/><G125/><T93/><D82/><U23/><E23/><V114/><F71/><W86/><G121/><T9/><D94/><U122/><E122/><V132/><F114/><W52/><G72/><T110/><D110/><U26/><E26/><V47/><F132/><W4/><G4/><T64/><D39/><U100/><E100/><V92/><F47/><W76/><G99/><T89/><D38/><U46/><E68/><V113/><F113/><W74/><G74/><T75/><D75/><U96/><E96/><V2/><F2/><W22/><G105/><T70/><D9/><U37/><E37/><V95/><REACH who="2" step="1"/><F53/><REACH who="2" ten="250,250,240,250" step="2"/><W3/><G3/><T21/><D70/><U103/><E46/><V19/><F19/><W50/><G133/><T36/><D17/><U130/><E130/><V15/><F15/><W49/><G31/><T106/><D45/><U25/><E30/><V90/><F90/><W57/><G65/><AGARI ba="0,1" hai="7,11,12,33,35,63,65,69,87,88,92,95,98,102" machi="65" ten="40,5200,0" yaku="1,1,54,1,53,1" doraHai="107" doraHaiUra="81" who="2" fromWho="3" sc="250,0,250,0,240,62,250,-52" /><INIT seed="1,0,0,1,4,30" ten="250,250,302,198" oya="1" hai0="45,107,40,121,54,103,127,27,128,98,93,70,50" hai1="134,108,4,84,7,120,13,39,1,22,111,65,78" hai2="0,79,12,100,6,55,115,10,46,67,71,16,24" hai3="19,28,75,123,37,94,34,49,122,101,63,44,68"/><U85/><E120/><V119/><F119/><W38/><G75/><T32/><D121/><U125/><E39/><V3/><F115/><W57/><G123/><T5/><D128/><U88/><E134/><V117/><F117/><W23/><G122/><T62/><D5/><U114/><E114/><V112/><F112/><W18/><G68/><T43/><D127/><U135/><E135/><V11/><F100/><W113/><G113/><T87/><D87/><U58/><E125/><V48/><F79/><W9/><G34/><T51/><D93/><N who="1" m="54407" /><E1/><V109/><F109/><N who="1" m="42057" /><E13/><V73/><F73/><W126/><G126/><T82/><D82/><N who="1" m="47319" /><E22/><V91/><F0/><W105/><G37/><T132/><D132/><U60/><AGARI ba="0,0" hai="4,7,58,60,65" m="47319,42057,54407" machi="60" ten="30,6000,0" yaku="14,1,10,1,54,1" doraHai="30" who="1" fromWho="1" sc="250,-20,250,60,302,-20,198,-20" /><INIT seed="1,1,0,5,4,32" ten="230,310,282,178" oya="1" hai0="7,40,2,64,76,26,115,31,116,114,129,46,49" hai1="39,111,27,72,127,93,80,19,135,9,121,134,131" hai2="103,112,84,37,18,30,17,25,97,117,88,48,0" hai3="86,104,99,15,38,83,33,69,124,12,36,11,122"/><U96/><E121/><V120/><F37/><W29/><G122/><T110/><D116/><U24/><E39/><V13/><F120/><W71/><G124/><T20/><D110/><U42/><E127/><V55/><F117/><W133/><G33/><T128/><D64/><U106/><E42/><V4/><F4/><W47/><G29/><T92/><D76/><U102/><E131/><N who="0" m="50249" /><D92/><U94/><E111/><V98/><F0/><W70/><G133/><N who="1" m="50698" /><E80/><V95/><F112/><W50/><G104/><T66/><D66/><U132/><E72/><V101/><F25/><N who="1" m="9801" /><E132/><V123/><F30/><W28/><G28/><T74/><D74/><U35/><E35/><V126/><F126/><W68/><N who="3" m="17408" /><DORA hai="54" /><W61/><G36/><T108/><D108/><U87/><E87/><V10/><F123/><W34/><G34/><T67/><D67/><U62/><E62/><V52/><F18/><W119/><G38/><T23/><D115/><U58/><E58/><N who="2" m="33031" /><F55/><W60/><G119/><T78/><D114/><U16/><E19/><V63/><F63/><W65/><G65/><T85/><D31/><U59/><E59/><V3/><F17/><W45/><G99/><T14/><D26/><U130/><E130/><V109/><F98/><W107/><G45/><T90/><D46/><U8/><E8/><V5/><F109/><W43/><G107/><T44/><D44/><U105/><E106/><V82/><F97/><W6/><REACH who="3" step="1"/><G12/><AGARI ba="1,0" hai="9,12,16,93,94,96,102,105" m="9801,50698" machi="12" ten="30,2900,0" yaku="20,1,54,1" doraHai="32,54" who="1" fromWho="3" sc="230,0,310,32,282,0,178,-32" /><INIT seed="1,2,0,0,2,51" ten="230,342,282,146" oya="1" hai0="122,54,94,60,126,80,16,79,33,114,42,91,36" hai1="111,52,28,78,93,32,90,7,112,31,20,99,81" hai2="29,44,131,40,116,66,67,118,101,104,49,14,71" hai3="106,75,41,134,125,30,18,64,70,103,57,24,47"/><U84/><E112/><V38/><F29/><W15/><G125/><T86/><D126/><U4/><E32/><V110/><F104/><W46/><G134/><T135/><D135/><U108/><E31/><V105/><F105/><W12/><G75/><T73/><D33/><U127/><E127/><V17/><F101/><W23/><G57/><T130/><D114/><U55/><E28/><V56/><F110/><N who="1" m="42025" /><E20/><V27/><F27/><W72/><G72/><T19/><D130/><U35/><E35/><V43/><F14/><W109/><G109/><T1/><D1/><U13/><E4/><V82/><F82/><W88/><G12/><T128/><D128/><U53/><E53/><N who="2" m="31791" /><F17/><W10/><G41/><T63/><D122/><U5/><E5/><V98/><F98/><W100/><G106/><T102/><D42/><U11/><AGARI ba="2,0" hai="7,11,13,52,55,78,81,84,90,93,99" m="42025" machi="11" ten="30,12000,1" yaku="14,1,10,1,52,2,54,1" doraHai="51" who="1" fromWho="1" sc="230,-42,342,126,282,-42,146,-42" /><INIT seed="1,3,0,4,3,79" ten="188,468,240,104" oya="1" hai0="30,112,73,57,102,131,125,76,86,98,39,72,33" hai1="78,37,90,97,26,70,89,75,45,35,36,105,100" hai2="87,0,31,91,126,15,93,53,108,16,111,65,12" hai3="29,23,4,67,127,52,40,34,68,69,41,129,116"/><U104/><E70/><V121/><F121/><W22/><G34/><T38/><D112/><U58/><E104/><V46/><F0/><W96/><G127/><T55/><D125/><U25/><E58/><V60/><F126/><W94/><G129/><T115/><D115/><U113/><E113/><V134/><F31/><W106/><G106/><T8/><D131/><U3/><E3/><V51/><F134/><W123/><G123/><T103/><D102/><U99/><E99/><V24/><F24/><W44/><G116/><T82/><D8/><U32/><E89/><V85/><F85/><W19/><G4/><T56/><D56/><U50/><E90/><V83/><F93/><W95/><G29/><T11/><D11/><U122/><E25/><V118/><F118/><W14/><G23/><T42/><D30/><U10/><E10/><N who="2" m="6167" /><F15/><W124/><G124/><T119/><D33/><U80/><E35/><V62/><F62/><W66/><G69/><AGARI ba="3,0" hai="46,51,53,60,65,69,83,87,91,108,111" m="6167" machi="69" ten="30,3900,0" yaku="25,1,52,1,54,1" doraHai="79" who="2" fromWho="3" sc="188,0,468,0,240,48,104,-48" /><INIT seed="2,0,0,3,0,31" ten="188,468,288,56" oya="2" hai0="67,108,57,28,22,132,11,82,131,109,62,41,21" hai1="7,101,123,107,112,130,26,72,9,99,118,50,23" hai2="117,121,0,47,35,18,87,14,134,69,42,65,58" hai3="110,81,53,56,79,55,95,32,133,91,29,73,92"/><V12/><F121/><W27/><G133/><T40/><D132/><U85/><E112/><V86/><F134/><W48/><G110/><N who="0" m="42603" /><D131/><U127/><E118/><V119/><F0/><W89/><G95/><T60/><D11/><U19/><E72/><V111/><F69/><W52/><REACH who="3" step="1"/><G89/><REACH who="3" ten="188,468,288,46" step="2"/><T49/><D82/><U34/><E130/><V64/><F111/><W105/><G105/><T104/><D104/><U106/><E123/><V4/><F119/><W5/><G5/><T66/><D41/><U43/><E127/><V96/><F117/><W113/><G113/><T15/><D40/><U45/><E34/><V38/><F35/><W120/><G120/><T84/><D67/><U97/><E85/><AGARI ba="0,1" hai="27,29,32,48,52,53,55,56,73,79,81,85,91,92" machi="85" ten="30,8000,1" yaku="1,1,7,1,52,1,54,1,53,1" doraHai="31" doraHaiUra="80" who="3" fromWho="1" sc="188,0,468,-80,288,0,46,90" /><INIT seed="3,0,0,5,2,43" ten="188,388,288,136" oya="3" hai0="111,18,75,5,58,114,49,6,1,51,48,102,74" hai1="119,61,20,36,24,121,92,28,25,97,4,65,67" hai2="105,47,35,55,93,11,89,104,110,128,94,123,76" hai3="42,2,0,32,34,37,83,124,72,68,23,98,82"/><W113/><G113/><T9/><D114/><U91/><E121/><V131/><F35/><N who="3" m="13355" /><G98/><T44/><D102/><U132/><E36/><V10/><F123/><W78/><G23/><T40/><D111/><U3/><E132/><V21/><F21/><W125/><G68/><T99/><D99/><U96/><E119/><V103/><F103/><W33/><N who="3" m="13363" /><W17/><DORA hai="8" /><G17/><T106/><D106/><U39/><E39/><V109/><F76/><W118/><G118/><T69/><D69/><U85/><E24/><V31/><F31/><W54/><G82/><T101/><D101/><U130/><E67/><V108/><F89/><W16/><G16/><T112/><D112/><U87/><E96/><V50/><F105/><W62/><BYE who="2" /><G54/><T77/><D77/><U52/><E52/><V135/><F135/><W71/><G62/><T126/><D18/><UN n2="%E3%81%8B%E3%82%8F%E3%81%A1%E3%82%83%E3%82%93%35%38" /><U19/><E19/><V133/><F104/><W122/><G122/><T127/><D6/><U38/><E97/><V95/><F133/><W13/><G13/><T115/><D115/><U56/><E4/><V46/><F55/><W60/><G42/><T15/><D15/><U80/><E80/><V79/><F79/><W63/><G37/><T45/><D58/><U7/><E38/><V81/><F81/><W117/><G117/><T57/><D57/><U70/><E56/><V12/><F109/><W59/><G71/><T30/><D30/><U134/><E134/><V53/><F53/><N who="3" m="33903" /><G63/><T100/><D100/><U22/><E22/><V73/><F108/><W14/><G14/><T29/><D29/><U90/><E28/><RYUUKYOKU ba="0,0" sc="188,-10,388,-10,288,-10,136,30" hai3="0,2,72,78,83,124,125" /><INIT seed="3,1,0,4,4,118" ten="178,378,278,166" oya="3" hai0="135,128,74,57,85,133,130,89,92,96,77,70,122" hai1="116,110,80,25,15,125,87,105,90,2,38,26,132" hai2="24,129,33,82,36,78,53,29,21,47,98,111,103" hai3="109,67,104,120,94,49,46,91,88,11,28,27,119"/><W48/><G119/><T65/><D70/><U50/><E116/><V14/><F111/><W6/><G104/><T43/><D43/><U84/><E38/><V108/><F108/><W1/><G109/><T37/><D37/><U81/><E110/><V101/><F129/><N who="0" m="49770" /><D57/><U121/><E2/><V124/><F124/><W39/><G120/><T83/><D65/><U93/><E125/><V13/><F101/><W66/><G39/><T16/><D122/><U22/><E105/><V72/><F33/><W79/><G79/><T123/><D123/><U60/><E132/><N who="0" m="50761" /><D16/><N who="1" m="10527" /><E121/><V12/><F36/><W18/><G18/><T73/><AGARI ba="1,0" hai="73,74,77,83,85,89,92,96" m="50761,49770" machi="73" ten="40,8000,1" yaku="19,1,20,1,34,2" doraHai="118" who="0" fromWho="0" sc="178,83,378,-21,278,-21,166,-41" owari="261,6.1,357,45.7,257,-14.3,125,-37.5" /></mjloggm>