<mjloggm ver="2.3"><GO type="225" lobby="0"/><UN n0="%E3%81%AF%E3%82%88%E3%81%8A%E3%81%98%E3%81%95%E3%82%93" n1="%E3%83%96%E3%83%83%E3%83%91%E3%82%AA%E3%83%96%E3%83%81%E3%82%AD%E3%83%B3" n2="%E6%A1%9C%E8%8A%B1%E9%96%83%E3%80%85" n3="%E2%98%86%E5%B0%8F%E5%AD%A6%E7%94%B7%E7%94%9F%E2%98%86" dan="17,16,16,16" rate="2153.76,2167.98,2118.89,2140.94" sx="M,M,M,M"/><TAIKYOKU oya="0"/><INIT seed="0,0,0,0,2,96" ten="250,250,250,250" oya="0" hai0="50,36,22,33,18,93,91,124,116,130,127,26,5" hai1="41,42,133,134,16,117,51,107,55,62,68,112,35" hai2="119,48,23,24,114,44,59,0,75,71,80,31,92" hai3="29,58,132,95,25,113,3,47,79,46,101,20,98"/><T90/><D36/><U69/><E107/><V19/><F114/><W21/><G113/><T118/><D130/><U14/><E112/><V70/><F119/><W81/><G3/><T66/><D66/><N who="1" m="41047" /><E35/><V9/><F59/><W97/><G132/><N who="1" m="50794" /><E69/><V115/><F115/><W83/><G83/><T8/><D33/><U110/><E110/><V52/><F92/><W74/><G20/><T88/><D93/><U84/><E84/><V125/><F125/><N who="0" m="48202" /><D50/><U60/><E60/><V128/><F128/><W1/><G1/><AGARI ba="0,0" hai="1,5,8,18,22,26,88,90,91,116,118" m="48202" machi="1" ten="30,2900,0" yaku="18,1,54,1" doraHai="96" who="0" fromWho="3" sc="250,29,250,0,250,0,250,-29" /><INIT seed="0,1,0,3,0,62" ten="279,250,250,221" oya="0" hai0="51,46,71,3,125,117,18,118,74,93,29,76,19" hai1="5,2,96,31,1,59,48,129,133,33,8,44,25" hai2="69,11,119,0,109,64,63,108,97,114,57,112,100" hai3="15,23,80,83,135,37,7,14,49,111,132,36,127"/><T73/><D71/><U99/><E129/><V68/><F119/><W90/><G7/><T121/><D121/><U54/><E133/><N who="3" m="51274" /><G127/><T39/><D3/><U55/><REACH who="1" step="1"/><E1/><REACH who="1" ten="279,240,250,221" step="2"/><V131/><F131/><W91/><G111/><T40/><D117/><U102/><E102/><V92/><F112/><W65/><G37/><T75/><D118/><U120/><E120/><V35/><F114/><W89/><G36/><T67/><D125/><U94/><E94/><V105/><F92/><W13/><G83/><T86/><D39/><U70/><E70/><V52/><F69/><W34/><G80/><T134/><D134/><U98/><E98/><V50/><REACH who="2" step="1"/><F35/><REACH who="2" ten="279,240,240,221" step="2"/><W43/><G34/><T106/><D106/><U26/><E26/><V12/><F12/><W6/><G13/><T9/><D93/><U78/><E78/><V32/><F32/><W126/><G14/><T77/><D76/><U28/><E28/><V79/><F79/><W95/><G126/><T45/><D29/><U17/><E17/><V72/><F72/><W22/><G95/><T116/><D116/><U123/><E123/><V124/><F124/><W30/><G15/><N who="0" m="7535" /><D19/><U88/><E88/><V130/><F130/><W107/><G30/><T24/><D24/><U101/><E101/><V81/><F81/><W58/><G107/><T84/><D77/><U87/><E87/><V16/><F16/><W85/><G85/><T4/><D86/><U41/><E41/><V21/><F21/><N who="3" m="7691" /><G6/><AGARI ba="1,2" hai="0,6,11,50,52,57,63,64,68,97,100,105,108,109" machi="6" ten="40,8000,1" yaku="1,1,52,1,54,1,53,1" doraHai="62" doraHaiUra="47" who="2" fromWho="3" sc="279,0,240,0,240,103,221,-83" /><INIT seed="1,0,0,2,1,10" ten="279,240,343,138" oya="1" hai0="18,105,50,43,39,7,131,130,35,83,22,9,28" hai1="98,132,38,103,86,96,110,12,120,34,44,19,109" hai2="33,60,106,88,42,79,77,134,126,48,76,78,121" hai3="99,116,17,123,20,37,129,21,70,111,73,53,125"/><U29/><E120/><V68/><F121/><W40/><G123/><T75/><D105/><U32/><E132/><V51/><F134/><W112/><G112/><T107/><D107/><U1/><E1/><V61/><F33/><W64/><G73/><T47/><D50/><U52/><E86/><V59/><F106/><W13/><G111/><N who="1" m="42506" /><E29/><V89/><F126/><W69/><G125/><T27/><D83/><U74/><E74/><V135/><F135/><W16/><G129/><T46/><D75/><U92/><E98/><V117/><F117/><W49/><G116/><T14/><REACH who="0" step="1"/><D47/><REACH who="0" ten="269,240,343,138" step="2"/><U114/><E114/><V63/><F51/><W119/><G119/><T3/><AGARI ba="0,1" hai="3,7,9,14,18,22,27,28,35,39,43,46,130,131" machi="3" ten="30,16000,3" yaku="1,1,2,1,0,1,24,2,52,1,53,2" doraHai="10" doraHaiUra="124" who="0" fromWho="0" sc="269,170,240,-80,343,-40,138,-40" /><INIT seed="2,0,0,1,4,58" ten="439,160,303,98" oya="2" hai0="126,123,17,87,107,51,27,50,115,13,41,61,20" hai1="98,105,40,46,99,85,12,71,24,68,53,133,31" hai2="90,60,38,56,89,39,97,80,75,124,21,88,47" hai3="86,103,121,34,3,78,113,23,19,43,8,119,45"/><V108/><F124/><W84/><G119/><T62/><D107/><U10/><E133/><V95/><F108/><W59/><G121/><T18/><D115/><U1/><E53/><V48/><F75/><W114/><G34/><T93/><D126/><U130/><E1/><V96/><F21/><W77/><G103/><T109/><D123/><U110/><E110/><V73/><F73/><W122/><G122/><T4/><D4/><U66/><E130/><V69/><F69/><W54/><G8/><N who="0" m="6311" /><D109/><U49/><E85/><V2/><F2/><W101/><G3/><T106/><D106/><U131/><E131/><V72/><F72/><W65/><G101/><T92/><D41/><U36/><E36/><V11/><F11/><W100/><G100/><T52/><D51/><U116/><E116/><V128/><F128/><W64/><G113/><T79/><D79/><N who="3" m="30217" /><G43/><T111/><D111/><U0/><E105/><V25/><F25/><N who="3" m="14591" /><G45/><T120/><D120/><U102/><E0/><V29/><F29/><W22/><G22/><T57/><D87/><N who="3" m="33321" /><G114/><T6/><D6/><U63/><E102/><V81/><F38/><W70/><G70/><T94/><AGARI ba="0,0" hai="18,20,27,50,52,57,61,62,92,93,94" m="6311" machi="94" ten="30,7900,0" yaku="8,1,52,2,54,1" doraHai="58" who="0" fromWho="0" sc="439,79,160,-20,303,-39,98,-20" /><INIT seed="3,0,0,1,2,112" ten="518,140,264,78" oya="3" hai0="21,47,75,103,54,97,60,135,41,55,90,96,133" hai1="94,80,105,110,82,57,113,35,100,8,78,92,2" hai2="70,25,3,102,87,56,48,67,26,74,37,64,9" hai3="22,89,91,5,27,15,29,95,45,98,109,14,76"/><W43/><G109/><T10/><D75/><U123/><E35/><V114/><F74/><W34/><G76/><T119/><D119/><U81/><E113/><V128/><F37/><W30/><G5/><T115/><D115/><U126/><E110/><V23/><F70/><W65/><G65/><T61/><D21/><U51/><E123/><V20/><F114/><W11/><G11/><T18/><D90/><U66/><E126/><V120/><F128/><W13/><G34/><T122/><D122/><U62/><E78/><V28/><F102/><W117/><G117/><T19/><D41/><U129/><E129/><V125/><F125/><W69/><G69/><T32/><D32/><U99/><E51/><V39/><F39/><W42/><G30/><T131/><D47/><U111/><REACH who="1" step="1"/><E111/><REACH who="1" ten="518,130,264,78" step="2"/><V101/><F48/><N who="3" m="26679" /><G43/><T12/><D55/><U36/><E36/><V132/><F120/><W84/><G91/><T121/><D10/><U31/><E31/><V68/><F9/><W63/><G63/><T88/><D18/><U59/><E59/><V6/><F56/><W0/><G0/><T46/><D46/><U124/><E124/><V107/><F3/><W73/><G73/><T86/><D103/><U85/><E85/><AGARI ba="0,1" hai="13,14,15,22,27,29,84,85,89,95,98" m="26679" machi="85" ten="30,1500,0" yaku="8,1" doraHai="112" who="3" fromWho="1" sc="518,0,130,-15,264,0,78,25" /><INIT seed="3,1,0,3,5,26" ten="518,115,264,103" oya="3" hai0="132,90,74,84,4,127,108,134,75,22,17,67,97" hai1="7,71,0,66,34,41,118,45,40,58,9,93,25" hai2="107,96,68,88,39,46,125,55,92,105,65,99,1" hai3="16,47,3,49,116,91,18,62,50,51,100,113,27"/><W23/><G113/><T52/><D108/><U79/><E118/><V133/><F1/><W38/><G116/><T56/><D127/><U60/><E79/><V24/><F125/><W98/><G3/><T12/><D97/><U53/><E93/><V111/><F111/><W120/><G120/><T130/><D67/><U63/><REACH who="1" step="1"/><E45/><REACH who="1" ten="518,105,264,103" step="2"/><V106/><F46/><W15/><G91/><T115/><D4/><U11/><E11/><V28/><F92/><N who="3" m="58439" /><G38/><T72/><D130/><U14/><E14/><V124/><F39/><W117/><G117/><T126/><D115/><U82/><E82/><V70/><F106/><W21/><G62/><T123/><D123/><U35/><E35/><V64/><F107/><W102/><G102/><T81/><REACH who="0" step="1"/><D126/><REACH who="0" ten="508,105,264,103" step="2"/><U20/><E20/><V85/><F124/><W89/><G89/><T128/><D128/><U122/><E122/><V101/><F88/><W31/><G47/><T36/><D36/><U2/><E2/><V80/><F80/><W104/><G104/><T110/><D110/><U43/><E43/><V131/><F131/><W94/><G94/><T59/><D59/><U57/><E57/><V77/><F77/><W114/><G114/><T103/><D103/><U73/><E73/><V32/><F32/><W109/><G109/><T54/><D54/><U112/><E112/><V33/><F33/><W86/><G86/><T83/><D83/><U87/><E87/><V61/><F85/><W19/><AGARI ba="1,2" hai="15,16,18,19,21,23,27,31,49,50,51" m="58439" machi="19" ten="30,6000,0" yaku="8,1,52,1,54,1" doraHai="26" who="3" fromWho="3" sc="508,-21,105,-21,264,-21,103,83" /><INIT seed="3,2,0,5,5,23" ten="487,84,243,186" oya="3" hai0="101,94,131,65,40,16,29,47,25,52,115,130,6" hai1="45,55,78,103,59,53,70,111,67,24,42,97,35" hai2="123,133,75,1,96,112,50,3,30,56,11,28,81" hai3="98,125,4,20,84,88,128,73,19,39,48,120,61"/><W108/><G73/><T127/><D127/><U63/><E111/><V2/><F112/><W15/><G39/><T13/><D115/><U129/><E129/><N who="0" m="49161" /><D65/><U90/><E78/><V113/><F113/><W117/><G120/><T135/><D135/><U8/><E90/><V37/><F37/><W51/><G108/><T62/><D6/><U22/><E8/><V41/><F133/><W118/><G125/><T71/><D71/><U132/><E132/><V5/><F96/><W60/><G98/><N who="0" m="59607" /><D62/><N who="3" m="24169" /><G128/><T58/><D58/><U124/><E124/><V9/><F123/><W66/><G66/><T106/><D106/><U18/><E35/><V7/><F1/><W85/><G85/><T122/><D122/><U68/><E68/><V21/><F75/><W102/><G102/><T36/><D52/><U100/><E70/><V119/><F119/><W109/><G109/><T83/><D83/><U38/><REACH who="1" step="1"/><E103/><REACH who="1" ten="487,74,243,186" step="2"/><V49/><F9/><N who="3" m="4519" /><G118/><T32/><D36/><U99/><E99/><V79/><F79/><W95/><G117/><T89/><D89/><U93/><AGARI ba="2,1" hai="18,22,24,38,42,45,53,55,59,63,67,93,97,100" machi="93" ten="20,5200,0" yaku="1,1,0,1,7,1,52,1,53,0" doraHai="23" doraHaiUra="82" who="1" fromWho="1" sc="487,-15,74,68,243,-15,186,-28" owari="472,57.2,142,-35.8,228,2.8,158,-24.2" /></mjloggm>