<mjloggm ver="2.3"><GO type="225" lobby="0"/><UN n0="%72%69%6F%75%63%68%61%6E" n1="%E5%91%A8%E6%9D%B1" n2="%E5%B0%8F%E9%B3%A5%E9%81%8A%E7%B7%B4%E7%84%A1%32%31%E6%AD%B3" n3="%E6%97%A5%E6%9B%9C%E6%97%A5%E3%82%88%E3%82%8A%E3%81%AE%E4%BD%BF%E8%80%85" dan="16,16,17,17" rate="2121.02,2160.60,2146.14,2182.46" sx="M,M,F,M"/><TAIKYOKU oya="0"/><INIT seed="0,0,0,5,1,13" ten="250,250,250,250" oya="0" hai0="117,10,65,24,0,109,88,72,87,133,66,131,90" hai1="68,31,2,93,79,130,30,111,89,36,12,54,16" hai2="45,50,114,18,105,27,107,4,48,60,115,33,11" hai3="29,119,28,122,44,127,23,1,63,77,78,118,61"/><T9/><D117/><U106/><E106/><V41/><F60/><W69/><G1/><T81/><D131/><U80/><E2/><V47/><F107/><W120/><G44/><T76/><D133/><U82/><E130/><V85/><F105/><W74/><G74/><T113/><D113/><U19/><E68/><V35/><F85/><W126/><G23/><T91/><D109/><U34/><E36/><V95/><F95/><W52/><REACH who="3" step="1"/><G69/><REACH who="3" ten="250,250,250,240" step="2"/><T64/><D0/><U37/><E111/><V17/><F115/><W97/><G97/><T67/><D72/><U55/><E34/><V3/><F114/><W32/><G32/><T92/><D92/><U128/><E128/><V40/><F35/><W51/><G51/><T22/><N who="0" m="16384" /><DORA hai="38" /><T59/><REACH who="0" step="1"/><D59/><REACH who="0" ten="240,250,250,240" step="2"/><U132/><E93/><V125/><F125/><W39/><G39/><T123/><D123/><U110/><E37/><V83/><F83/><W135/><G135/><T98/><D98/><U58/><E58/><V103/><F3/><W108/><G108/><T43/><D43/><U42/><E42/><V99/><F40/><W7/><G7/><T6/><D6/><U49/><E110/><V129/><F4/><W26/><G26/><T116/><D116/><U112/><E132/><V8/><F27/><W25/><G25/><T124/><D124/><U84/><E112/><V101/><F41/><W56/><G56/><T14/><D14/><U46/><E12/><V104/><F129/><W15/><G15/><T53/><D53/><AGARI ba="0,2" hai="28,29,52,53,61,63,77,78,118,119,120,122,126,127" machi="53" ten="25,6400,0" yaku="1,1,22,2,54,1,53,0" doraHai="13,38" doraHaiUra="100,20" who="3" fromWho="0" sc="240,-64,250,0,250,0,240,84" /><INIT seed="1,0,0,5,1,120" ten="176,250,250,324" oya="1" hai0="133,61,74,124,72,116,94,40,87,92,28,22,4" hai1="131,71,80,29,70,100,127,51,117,132,27,36,105" hai2="109,2,95,102,1,19,110,69,121,21,6,48,46" hai3="99,66,76,32,75,47,89,26,103,98,106,45,43"/><U13/><E117/><V85/><F69/><W78/><G75/><T96/><D116/><U57/><E36/><V135/><F121/><W58/><G89/><T77/><D124/><U39/><E39/><V115/><F135/><W41/><G98/><T56/><D133/><U14/><E132/><V54/><F115/><W112/><G112/><T107/><D40/><U111/><E127/><V9/><F1/><W119/><G119/><T11/><D107/><U108/><E131/><V126/><F126/><W24/><G58/><T114/><D114/><U118/><E118/><V38/><F38/><W122/><G66/><T97/><D28/><U104/><E80/><V63/><F63/><W30/><G26/><T7/><D22/><U42/><E100/><V50/><F50/><W81/><G122/><T113/><D113/><U125/><E125/><V128/><F128/><W15/><G15/><N who="1" m="5642" /><E105/><V129/><F129/><W84/><REACH who="3" step="1"/><G78/><REACH who="3" ten="176,250,250,314" step="2"/><T93/><D72/><U55/><E70/><V33/><F102/><W20/><G20/><T18/><D74/><U60/><E71/><V52/><F33/><W3/><G3/><T23/><D23/><N who="1" m="15615" /><E104/><V134/><F134/><W35/><G35/><T12/><D97/><U79/><E79/><V8/><F85/><W10/><G10/><T67/><D96/><U37/><E37/><V88/><F8/><W64/><G64/><T101/><D101/><U91/><E91/><V25/><F54/><W130/><G130/><T82/><AGARI ba="0,1" hai="4,7,11,12,18,56,61,67,77,82,87,92,93,94" machi="82" ten="30,2000,0" yaku="0,1,8,1" doraHai="120" who="0" fromWho="0" sc="176,30,250,-10,250,-5,314,-5" /><INIT seed="2,0,0,1,5,85" ten="206,240,245,309" oya="2" hai0="83,89,92,81,88,1,90,59,105,115,72,110,51" hai1="33,122,71,60,126,2,120,28,113,27,6,114,62" hai2="67,35,39,135,48,12,36,63,74,119,80,82,98" hai3="104,58,30,57,4,17,127,78,0,13,76,15,117"/><V121/><F119/><W93/><G104/><T69/><D115/><N who="1" m="44043" /><E71/><V29/><F121/><N who="1" m="46697" /><E60/><V134/><F48/><W129/><G117/><T87/><D1/><U5/><E62/><V68/><F12/><W96/><G127/><T31/><D69/><U3/><E126/><V52/><F82/><N who="0" m="31242" /><D110/><U91/><E91/><N who="0" m="34825" /><D72/><U22/><E33/><V8/><F8/><W55/><G0/><AGARI ba="0,0" hai="0,2,3,5,6,22,27,28" m="46697,44043" machi="0" ten="40,5200,0" yaku="13,1,34,2" doraHai="85" who="1" fromWho="3" sc="206,0,240,52,245,0,309,-52" /><INIT seed="3,0,0,3,5,79" ten="206,292,245,257" oya="3" hai0="72,31,56,38,68,97,43,32,86,51,104,34,64" hai1="5,116,27,134,49,47,59,40,37,117,21,124,123" hai2="16,50,114,35,74,29,87,127,89,126,45,112,103" hai3="28,113,91,44,84,93,95,41,0,54,107,66,53"/><W77/><G107/><T132/><D72/><U12/><E123/><V69/><F69/><W55/><G0/><T6/><D132/><U115/><E115/><V63/><F63/><W120/><G120/><T129/><D129/><U100/><E134/><V19/><F74/><W73/><G113/><N who="2" m="43625" /><F103/><W111/><G28/><T110/><D110/><U57/><E124/><N who="2" m="47659" /><F29/><W58/><G111/><T20/><D6/><U130/><E130/><V70/><F35/><W65/><G58/><T109/><D109/><U46/><E100/><V61/><F61/><W94/><G77/><T131/><D131/><U11/><E116/><V8/><F8/><W82/><REACH who="3" step="1"/><G73/><REACH who="3" ten="206,292,245,247" step="2"/><T25/><D104/><U76/><E76/><V24/><F70/><W30/><G30/><T2/><D2/><U1/><E1/><V128/><F128/><W62/><G62/><N who="0" m="39959" /><D97/><U22/><E59/><V39/><F39/><AGARI ba="0,1" hai="39,41,44,53,54,55,65,66,82,84,91,93,94,95" machi="39" ten="40,3900,0" yaku="1,1,52,1,53,0" doraHai="79" doraHaiUra="102" who="3" fromWho="2" sc="206,0,292,0,245,-39,247,49" /><INIT seed="3,1,0,1,3,128" ten="206,292,206,296" oya="3" hai0="121,19,31,54,52,107,41,27,36,10,5,109,71" hai1="30,104,83,9,132,72,4,18,38,45,1,44,62" hai2="111,120,74,79,6,13,124,39,93,122,76,130,105" hai3="119,23,135,114,34,78,69,28,125,89,91,127,43"/><W92/><G135/><T94/><D107/><U22/><E104/><V25/><F105/><W32/><G114/><T98/><D121/><N who="2" m="46698" /><F111/><W51/><G69/><T103/><D71/><U87/><E132/><V14/><F130/><W67/><G67/><T77/><D109/><U134/><E134/><V129/><F129/><W29/><G78/><N who="2" m="29737" /><F74/><W90/><G92/><T80/><D19/><U35/><E72/><V53/><F39/><W17/><G119/><T115/><D115/><U68/><E38/><V3/><F124/><N who="3" m="47691" /><G43/><T88/><D103/><U84/><E62/><V33/><F53/><W42/><G42/><T64/><D64/><U112/><E68/><V65/><F65/><W55/><G34/><T49/><D36/><U21/><E35/><V102/><F3/><W133/><G32/><T0/><D49/><U70/><E70/><V95/><F6/><W8/><G8/><T16/><D41/><U99/><E112/><V47/><F95/><W12/><G133/><T118/><D118/><U85/><E83/><V117/><F117/><W26/><G12/><N who="0" m="7191" /><D0/><U48/><E48/><V73/><F73/><W100/><G100/><T106/><D106/><U86/><E99/><N who="2" m="59759" /><F47/><AGARI ba="1,0" hai="17,23,26,28,29,47,51,55,89,90,91" m="47691" machi="47" ten="30,1500,0" yaku="18,1" doraHai="128" who="3" fromWho="2" sc="206,0,292,0,206,-18,296,18" owari="206,-19.4,292,9.2,188,-31.2,314,41.4" /></mjloggm>