<mjloggm ver="2.3"><GO type="225" lobby="0"/><UN n0="%E3%83%96%E3%83%83%E3%83%91%E3%82%AA%E3%83%96%E3%83%81%E3%82%AD%E3%83%B3" n1="%E3%83%A9%E3%83%BC%E3%83%A1%E3%83%B3%E4%BA%94%E9%83%8E" n2="%E3%81%BF%E3%81%BF%E3%81%9A" n3="%E3%83%81%E3%83%83%E3%82%BF%E3%82%BD%E3%83%BC" dan="16,16,17,16" rate="2150.40,2145.73,2234.53,2181.73" sx="M,M,M,F"/><TAIKYOKU oya="0"/><INIT seed="0,0,0,1,3,130" ten="250,250,250,250" oya="0" hai0="57,110,68,30,28,18,41,72,92,69,21,63,44" hai1="24,23,123,88,107,54,111,85,128,75,109,5,104" hai2="35,118,55,98,37,89,129,127,27,9,114,124,115" hai3="43,39,80,36,97,32,102,11,50,96,70,0,13"/><T65/><D72/><U93/><E123/><V42/><F129/><W49/><G70/><T106/><D106/><U133/><E128/><V135/><F55/><W14/><G32/><T79/><D79/><U120/><E120/><V1/><F89/><W94/><G80/><T112/><D112/><N who="2" m="43050" /><F98/><W71/><G71/><T8/><D8/><U46/><E75/><V99/><F99/><W34/><G34/><T66/><D110/><N who="1" m="41995" /><E54/><V81/><F81/><W87/><G87/><T7/><D7/><U86/><E5/><N who="2" m="1199" /><F118/><W103/><G0/><T116/><D116/><U17/><E46/><N who="2" m="23887" /><F135/><W91/><G91/><T62/><D92/><N who="1" m="54287" /><E133/><V61/><F61/><W82/><G82/><T38/><REACH who="0" step="1"/><D57/><REACH who="0" ten="240,250,250,250" step="2"/><U67/><E107/><V119/><F119/><W33/><G11/><T84/><D84/><U4/><E104/><V76/><F76/><W58/><G58/><T19/><D19/><U48/><E4/><V132/><F132/><W100/><G97/><T3/><D3/><U26/><E93/><V25/><F35/><W10/><G94/><T20/><D20/><U59/><E86/><V64/><F64/><W45/><G96/><T101/><D101/><U16/><E67/><V78/><F78/><W60/><G100/><T52/><D52/><N who="1" m="32135" /><E17/><V113/><F113/><W90/><G102/><T31/><D31/><U15/><AGARI ba="0,1" hai="15,16,23,24,26" m="32135,54287,41995" machi="15" ten="30,8000,1" yaku="25,1,14,1,54,3" doraHai="130" who="1" fromWho="1" sc="240,-40,250,90,250,-20,250,-20" /><INIT seed="1,0,0,0,1,116" ten="200,340,230,230" oya="1" hai0="28,12,33,92,52,31,68,6,29,27,118,59,126" hai1="5,134,23,35,120,129,50,22,47,76,36,78,88" hai2="79,107,67,17,21,13,128,83,133,41,117,114,37" hai3="93,0,71,48,16,7,130,95,91,106,14,87,111"/><U58/><E35/><V131/><F117/><W98/><G111/><T74/><D118/><U60/><E36/><V39/><F133/><W46/><G130/><N who="2" m="49705" /><F114/><W85/><G71/><T30/><D126/><U122/><E134/><V4/><F107/><W80/><G106/><T10/><D68/><U65/><E129/><V94/><F41/><W2/><G7/><T26/><D74/><U105/><E105/><V64/><F94/><W81/><G2/><T63/><REACH who="0" step="1"/><D92/><REACH who="0" ten="190,340,230,230" step="2"/><U96/><E78/><V11/><F37/><W45/><G93/><T1/><D1/><U56/><E76/><V57/><F39/><W121/><G0/><T113/><D113/><U102/><E102/><V15/><F57/><W32/><G121/><T19/><D19/><U119/><E119/><V112/><F112/><W70/><G70/><T100/><D100/><U125/><E125/><V89/><F89/><W18/><G18/><T110/><D110/><U73/><E73/><AGARI ba="0,1" hai="4,11,13,15,17,21,64,67,73,79,83" m="49705" machi="73" ten="30,1000,0" yaku="19,1" doraHai="116" who="2" fromWho="1" sc="190,0,340,-10,230,20,230,0" /><INIT seed="2,0,0,0,0,32" ten="190,330,250,230" oya="2" hai0="43,93,78,53,79,1,81,65,89,66,109,116,50" hai1="70,23,127,118,122,36,135,25,42,110,90,46,15" hai2="115,104,82,29,69,101,126,80,28,72,125,18,37" hai3="12,120,22,55,105,106,67,0,68,56,134,99,97"/><V33/><F115/><W107/><G134/><T35/><D109/><U30/><E118/><V19/><F69/><W49/><G120/><T96/><D116/><U95/><E70/><V114/><F114/><W13/><G0/><T117/><D117/><U63/><E110/><V88/><F37/><W85/><G85/><T10/><D35/><U17/><E135/><V20/><F33/><W121/><G121/><T57/><D43/><U83/><E122/><V102/><F104/><W84/><G84/><T62/><D66/><U54/><E127/><V73/><F20/><W21/><G22/><T129/><D129/><U77/><E63/><V128/><F128/><W76/><G76/><T59/><REACH who="0" step="1"/><D81/><REACH who="0" ten="180,330,250,230" step="2"/><U74/><E42/><V51/><F51/><W41/><G41/><T119/><D119/><U103/><E83/><V44/><F44/><W92/><G67/><T132/><D132/><U14/><E46/><V111/><F111/><W100/><G49/><T130/><D130/><U64/><E36/><V4/><F80/><W52/><G55/><T108/><D108/><U3/><E54/><V75/><F82/><W5/><G52/><T61/><D61/><U87/><E64/><V24/><F73/><W113/><G113/><T133/><D133/><U124/><E74/><V26/><F72/><W123/><G123/><T31/><D31/><U11/><E30/><V131/><F75/><W112/><G112/><T45/><D45/><U6/><E77/><V47/><F131/><W39/><G39/><T2/><D2/><U7/><E3/><V60/><F47/><W91/><G68/><RYUUKYOKU ba="0,1" sc="180,30,330,-10,250,-10,230,-10" hai0="1,10,50,53,57,59,62,65,78,79,89,93,96" /><INIT seed="3,1,1,3,3,45" ten="210,320,240,220" oya="3" hai0="70,37,76,128,84,115,108,51,44,63,8,49,52" hai1="132,53,79,133,118,60,19,31,129,71,135,58,120" hai2="24,72,28,29,62,67,124,89,74,126,121,4,106" hai3="73,22,99,93,95,26,103,39,109,113,30,17,102"/><W86/><G113/><T35/><D35/><U77/><E129/><V117/><F117/><W55/><G109/><T114/><D108/><U33/><E120/><V13/><F121/><W100/><G73/><T82/><D128/><U61/><E118/><V25/><F106/><W11/><G39/><T59/><D8/><U40/><E40/><V87/><F13/><N who="3" m="7359" /><G55/><T36/><D70/><U9/><E31/><V88/><F4/><W101/><G93/><T48/><REACH who="0" step="1"/><D44/><REACH who="0" ten="200,320,240,220" step="2"/><U38/><E33/><V64/><F124/><W42/><G42/><T65/><D65/><U54/><E71/><V83/><F126/><W18/><G86/><T69/><D69/><U47/><E133/><V5/><F72/><W134/><G134/><T111/><D111/><U96/><E135/><V131/><F74/><W12/><G12/><T7/><D7/><U15/><E132/><V97/><F131/><W78/><G78/><T110/><D110/><U56/><E77/><V50/><F67/><W34/><G34/><T105/><D105/><U14/><E79/><V6/><F64/><W112/><G112/><AGARI ba="1,2" hai="36,37,48,49,51,52,59,63,76,82,84,112,114,115" machi="112" ten="40,12000,2" yaku="1,1,11,1,52,3,54,1,53,1" doraHai="45" doraHaiUra="75" who="0" fromWho="3" sc="200,143,320,0,240,0,220,-123" owari="343,44.3,320,12.0,240,-16.0,97,-40.3" /></mjloggm>