<mjloggm ver="2.3"><GO type="225" lobby="0"/><UN n0="%E5%91%89%E5%AF%8C%E6%98%A5" n1="%E3%82%A4%E3%83%BC%E3%82%B1%E3%83%97%E3%83%A9" n2="%E7%B4%94%E6%BD%94%E3%83%94%E3%83%A9%E3%83%8B%E3%82%A2" n3="%E6%A1%9C%E8%8A%B1%E9%96%83%E3%80%85" dan="16,17,16,16" rate="2068.45,2189.30,2135.93,2185.44" sx="M,M,M,M"/><TAIKYOKU oya="0"/><INIT seed="0,0,0,3,1,115" ten="250,250,250,250" oya="0" hai0="107,125,129,134,114,85,81,100,64,111,99,124,95" hai1="87,71,135,29,40,3,110,120,48,14,96,22,38" hai2="50,67,56,28,93,92,0,9,21,69,72,61,66" hai3="11,112,54,17,126,2,116,57,7,101,118,33,27"/><T108/><D64/><U128/><E120/><V130/><F72/><W132/><G112/><T43/><D43/><U97/><E3/><V45/><F130/><W89/><G126/><N who="0" m="48747" /><D114/><U102/><E38/><V63/><F28/><W82/><G101/><T46/><D46/><U24/><E71/><V106/><F106/><W19/><G132/><T51/><D51/><U83/><E128/><V75/><F75/><W12/><G89/><N who="0" m="51375" /><D129/><U117/><E117/><V76/><F76/><W86/><G19/><T91/><D134/><U42/><E135/><V20/><F9/><W55/><G55/><T53/><D53/><U15/><E97/><AGARI ba="0,0" hai="91,95,97,99,100,107,108,111" m="51375,48747" machi="97" ten="30,5800,0" yaku="18,1,34,2" doraHai="115" who="0" fromWho="1" sc="250,58,250,-58,250,0,250,0" /><INIT seed="0,1,0,3,3,37" ten="308,192,250,250" oya="0" hai0="129,110,53,58,85,114,48,80,41,52,111,93,59" hai1="109,82,7,106,2,127,30,9,83,84,120,56,13" hai2="98,89,35,32,123,3,12,15,88,104,44,57,45" hai3="92,27,68,64,76,65,119,128,130,33,22,125,18"/><T67/><D114/><U0/><E120/><V47/><F123/><W117/><G76/><T8/><D129/><N who="3" m="49769" /><G125/><T39/><D67/><N who="3" m="25673" /><G68/><T107/><D107/><U34/><E106/><V1/><F57/><W116/><G92/><T46/><D8/><U132/><E127/><V25/><F25/><W135/><G33/><N who="2" m="12873" /><F98/><W122/><G122/><T77/><REACH who="0" step="1"/><D93/><REACH who="0" ten="298,192,250,250" step="2"/><U115/><E115/><V6/><F104/><W95/><G95/><T103/><D103/><U49/><E9/><V55/><F6/><W124/><G124/><T118/><D118/><U50/><E7/><V60/><F1/><W74/><G135/><T51/><AGARI ba="1,1" hai="39,41,46,48,51,52,53,58,59,77,80,85,110,111" machi="51" ten="30,12000,1" yaku="1,1,0,1,9,1,52,1,54,1,53,0" doraHai="37" doraHaiUra="23" who="0" fromWho="0" sc="298,133,192,-41,250,-41,250,-41" /><INIT seed="0,2,0,5,3,8" ten="431,151,209,209" oya="0" hai0="5,50,44,63,101,3,78,98,7,79,82,112,40" hai1="70,47,0,122,22,33,43,60,25,32,20,64,66" hai2="131,92,51,28,36,86,49,16,13,85,1,77,80" hai3="4,103,97,99,110,35,130,61,39,52,100,133,19"/><T48/><D112/><U128/><E122/><V24/><F1/><W95/><G110/><T129/><D129/><U83/><E128/><V65/><F36/><W127/><G130/><T69/><D3/><U2/><E2/><V116/><F116/><W57/><G127/><T123/><D123/><U34/><E0/><V115/><F115/><W23/><G133/><T96/><D96/><U124/><E124/><V38/><F38/><W135/><G35/><T27/><D48/><U58/><E66/><V54/><F65/><W121/><G135/><T109/><D109/><U41/><E70/><V88/><F131/><W114/><G114/><T56/><D27/><U31/><E83/><V26/><F28/><W11/><G39/><T84/><D79/><U76/><E76/><V55/><F54/><W74/><G74/><T30/><D30/><U46/><E20/><N who="2" m="11279" /><F51/><W9/><G4/><T42/><D42/><U37/><REACH who="1" step="1"/><E37/><REACH who="1" ten="431,141,209,209" step="2"/><V45/><AGARI ba="2,1" hai="24,26,45,49,55,77,80,85,86,88,92" m="11279" machi="45" ten="30,7900,0" yaku="8,1,52,1,54,2" doraHai="8" who="2" fromWho="2" sc="431,-41,141,-22,209,95,209,-22" /><INIT seed="1,0,0,3,3,17" ten="390,119,304,187" oya="1" hai0="76,74,13,110,15,91,106,64,2,48,115,116,41" hai1="84,68,114,35,27,99,92,135,126,75,57,95,85" hai2="78,70,8,19,122,29,44,52,63,98,59,104,7" hai3="93,9,4,67,79,36,124,130,101,58,61,73,123"/><U127/><E68/><V25/><F122/><W119/><G123/><T16/><D2/><U46/><E114/><V30/><F78/><W53/><G124/><N who="1" m="47658" /><E75/><V120/><F120/><W129/><G36/><T112/><D116/><U83/><E135/><V102/><F70/><W96/><G119/><T117/><D117/><U47/><E57/><V134/><F134/><W40/><G40/><T107/><D74/><U6/><E6/><V81/><F81/><W77/><G67/><T23/><D107/><U43/><E83/><V65/><F44/><N who="1" m="16937" /><E43/><V45/><F45/><W31/><G73/><T87/><D41/><U32/><E95/><V37/><F37/><W26/><G129/><T131/><D106/><U82/><E82/><V72/><F72/><W21/><REACH who="3" step="1"/><G130/><REACH who="3" ten="390,119,304,177" step="2"/><T22/><D131/><U80/><E80/><V111/><F65/><W62/><G62/><T24/><D64/><U108/><E108/><V5/><F111/><W14/><AGARI ba="0,1" hai="4,9,14,21,26,31,53,58,61,77,79,93,96,101" machi="14" ten="20,12000,2" yaku="1,1,0,1,7,1,8,1,52,1,53,1" doraHai="17" doraHaiUra="94" who="3" fromWho="3" sc="390,-30,119,-60,304,-30,177,130" /><INIT seed="2,0,0,4,3,76" ten="360,59,274,307" oya="2" hai0="67,108,20,110,50,79,93,29,1,135,106,23,12" hai1="17,83,105,122,97,117,104,95,114,27,92,25,38" hai2="89,5,58,33,34,72,126,43,13,84,35,123,40" hai3="45,62,74,60,131,124,8,128,54,113,42,22,87"/><V112/><F112/><W39/><G74/><T129/><D106/><U78/><E38/><V14/><F123/><W26/><G113/><T47/><D1/><U68/><E68/><V49/><F72/><W81/><G8/><T80/><D129/><N who="3" m="49737" /><G54/><T85/><D135/><U9/><E114/><V71/><F71/><W3/><G3/><T65/><D29/><U99/><E117/><V41/><F5/><W107/><G107/><T98/><D67/><U75/><E122/><V66/><F126/><W91/><G124/><T51/><D65/><U59/><E27/><V69/><F69/><W55/><G55/><T132/><D132/><U36/><E36/><V133/><F133/><W73/><G73/><T10/><D23/><U86/><E75/><V115/><F115/><W90/><G90/><N who="0" m="55607" /><D20/><U11/><E11/><V118/><F118/><W121/><G121/><T28/><D28/><AGARI ba="0,0" hai="22,26,28,39,42,45,60,62,81,87,91" m="49737" machi="28" ten="30,2000,0" yaku="19,1,52,1" doraHai="76" who="3" fromWho="0" sc="360,-20,59,0,274,0,307,20" /><INIT seed="3,0,0,1,3,0" ten="340,59,274,327" oya="3" hai0="89,56,50,104,106,40,73,128,79,10,59,113,98" hai1="62,29,77,129,110,124,63,38,130,42,80,46,37" hai2="95,123,68,18,41,102,7,109,51,132,112,15,97" hai3="31,81,26,131,90,74,4,75,121,1,21,119,117"/><W2/><G121/><T134/><D10/><U14/><E14/><V107/><F112/><W61/><G61/><T35/><D35/><U93/><E93/><V8/><F68/><W111/><G131/><T19/><D128/><U47/><E80/><V118/><F118/><N who="3" m="45067" /><G90/><T39/><D39/><U13/><E13/><V122/><F109/><W32/><G111/><T133/><D19/><U125/><E29/><V96/><F132/><N who="0" m="50794" /><D113/><U24/><E24/><V105/><F41/><W49/><G49/><T87/><D40/><U83/><E83/><V57/><F51/><W67/><G67/><T17/><D17/><U70/><E77/><V76/><F76/><N who="3" m="44183" /><G21/><T114/><D114/><U101/><E101/><V45/><F45/><W11/><G1/><T72/><D79/><U28/><E28/><V65/><F65/><W55/><G55/><N who="0" m="31863" /><D59/><U27/><E27/><V34/><F57/><W100/><G100/><N who="0" m="62487" /><D106/><U84/><E84/><V6/><F34/><W22/><G22/><T36/><D36/><U44/><E42/><V9/><F9/><W116/><G116/><T20/><D20/><U91/><E91/><N who="2" m="55423" /><F105/><W48/><G48/><T92/><AGARI ba="0,0" hai="72,73,87,89,92" m="62487,31863,50794" machi="92" ten="30,1100,0" yaku="20,1" doraHai="0" who="0" fromWho="0" sc="340,11,59,-3,274,-3,327,-5" owari="351,45.1,56,-44.4,271,-12.9,322,12.2" /></mjloggm>