<mjloggm ver="2.3"><GO type="225" lobby="0"/><UN n0="%E3%81%BF%E3%81%BF%E3%81%9A" n1="%E3%83%8F%E3%83%B3%E3%83%89%E3%83%A9%E3%83%BC%E3%83%BB%E3%83%AF%E3%83%B3" n2="%33%74%72%65%65" n3="%E3%81%95%E3%81%8D%E3%81%9F%E3%81%BE%E6%9E%97%E6%AA%8E" dan="17,18,16,16" rate="2200.16,2222.72,2088.59,2131.35" sx="M,M,F,M"/><TAIKYOKU oya="0"/><INIT seed="0,0,0,0,1,106" ten="250,250,250,250" oya="0" hai0="135,116,37,102,100,84,6,96,14,64,20,43,111" hai1="68,79,134,104,101,103,23,65,131,55,66,85,5" hai2="127,7,90,16,50,92,120,35,19,132,81,10,46" hai3="11,27,61,80,109,49,73,29,47,89,32,24,123"/><T105/><D116/><U94/><E104/><V114/><F120/><W75/><G109/><T26/><D111/><U129/><E134/><V60/><F114/><W41/><G123/><T108/><D108/><U36/><E36/><V113/><F113/><W88/><G11/><T51/><D135/><U52/><E5/><V2/><F132/><W82/><G61/><T74/><D37/><U56/><E68/><V107/><F107/><W39/><G39/><T18/><D64/><N who="1" m="24683" /><E23/><V70/><F127/><W124/><G124/><T118/><D118/><U119/><E119/><V76/><F35/><W112/><G112/><T53/><D43/><U13/><E13/><V3/><F3/><W83/><REACH who="3" step="1"/><G27/><REACH who="3" ten="250,250,250,240" step="2"/><T97/><D26/><U17/><E129/><V62/><F62/><W77/><G77/><T15/><D6/><U33/><E79/><V86/><F60/><W133/><G133/><T121/><D121/><U126/><E131/><V44/><F70/><W122/><G122/><T93/><D14/><U25/><E25/><V12/><F12/><W69/><G69/><T9/><D9/><U4/><E4/><V59/><F59/><W0/><G0/><T45/><REACH who="0" step="1"/><D84/><REACH who="0" ten="240,250,250,240" step="2"/><U130/><E85/><V40/><REACH who="2" step="1"/><F46/><REACH who="2" ten="240,250,240,240" step="2"/><W54/><G54/><T34/><D34/><U110/><E33/><V31/><F31/><W57/><G57/><T1/><D1/><U22/><E56/><V42/><F42/><W38/><G38/><T95/><D95/><U63/><E94/><V71/><F71/><W8/><G8/><T21/><D21/><U87/><E22/><V125/><F125/><RYUUKYOKU ba="0,3" sc="240,10,250,-30,240,10,240,10" hai0="15,18,20,45,51,53,74,93,96,97,100,102,105" hai2="2,7,10,16,19,40,44,50,76,81,86,90,92" hai3="24,29,32,41,47,49,73,75,80,82,83,88,89" /><INIT seed="0,1,3,1,4,97" ten="250,220,250,250" oya="0" hai0="110,57,92,78,37,34,19,33,112,122,38,46,87" hai1="76,30,114,71,3,1,43,10,85,106,89,55,124" hai2="91,26,79,54,109,133,49,39,51,132,115,83,58" hai3="108,50,113,29,53,20,121,64,28,42,0,134,4"/><T116/><D112/><U17/><E71/><V94/><F115/><W80/><G113/><T72/><D116/><U27/><E114/><V131/><F39/><W31/><G134/><N who="2" m="51817" /><F109/><W14/><G108/><T9/><D110/><U105/><E76/><V99/><F131/><W90/><G0/><T62/><D122/><U56/><E43/><V103/><F26/><W7/><G64/><T119/><D72/><U127/><E17/><V32/><F32/><W70/><G70/><T120/><D120/><U75/><E75/><N who="2" m="43519" /><F51/><W25/><G42/><T48/><D119/><U66/><E66/><V69/><F69/><W13/><G121/><T44/><D34/><U73/><E73/><V77/><F77/><W100/><G7/><T2/><D33/><U82/><E124/><V18/><F18/><N who="3" m="12439" /><G4/><T41/><D78/><U102/><E127/><V6/><F6/><W101/><G14/><N who="0" m="7631" /><D2/><U52/><E1/><V47/><F47/><N who="3" m="27871" /><G13/><T117/><D117/><U68/><E68/><V126/><F126/><W60/><G60/><T61/><D44/><U93/><E3/><V125/><F125/><W118/><G118/><T22/><D62/><U21/><E27/><V111/><F111/><W74/><G74/><T65/><D37/><U12/><E12/><V40/><F40/><W45/><G45/><T130/><D38/><U63/><E63/><V23/><F23/><W8/><G8/><T35/><D130/><U95/><E10/><V88/><AGARI ba="1,3" hai="49,54,58,88,91,94,99,103" m="43519,51817" machi="88" ten="30,4000,0" yaku="20,1,52,1,54,1" doraHai="97" who="2" fromWho="2" sc="250,-21,220,-11,250,73,250,-11" /><INIT seed="1,0,0,4,4,104" ten="229,209,323,239" oya="1" hai0="131,117,114,18,67,5,79,110,129,134,3,70,45" hai1="89,98,16,122,124,24,2,51,83,60,94,80,53" hai2="107,88,115,132,105,37,47,97,81,68,74,126,118" hai3="102,31,10,23,25,49,121,28,101,56,29,12,78"/><U17/><E122/><V91/><F68/><W95/><G78/><T40/><D114/><U113/><E113/><V133/><F115/><W66/><G121/><T33/><D117/><U13/><E2/><V7/><F118/><W82/><G82/><T54/><D33/><U27/><E60/><V15/><F126/><W64/><G64/><T77/><D54/><U106/><E106/><V87/><F7/><W50/><G50/><T1/><D18/><U21/><E124/><V26/><F15/><W123/><G123/><T112/><D112/><U20/><E13/><V57/><F26/><W61/><G49/><T6/><D110/><U35/><E35/><V73/><F57/><AGARI ba="0,0" hai="16,17,20,21,24,27,51,53,57,80,83,89,94,98" machi="57" ten="30,11600,0" yaku="7,1,9,1,8,1,54,1" doraHai="104" who="1" fromWho="2" sc="229,0,209,116,323,-116,239,0" /><INIT seed="1,1,0,5,2,74" ten="229,325,207,239" oya="1" hai0="77,43,49,1,40,75,0,76,13,50,110,38,113" hai1="61,126,53,34,109,130,36,23,54,102,69,71,114" hai2="19,91,99,15,117,58,30,112,94,45,39,26,128" hai3="63,132,51,108,3,81,127,82,44,133,64,101,62"/><U123/><E34/><V60/><F117/><W5/><G108/><T25/><D113/><U66/><E102/><V134/><F112/><W10/><G127/><T93/><D75/><U37/><E114/><V111/><F111/><W95/><G101/><T116/><D110/><U80/><E109/><V68/><F128/><W16/><G95/><T115/><D115/><U131/><E23/><V52/><F134/><N who="3" m="51819" /><G16/><T32/><D116/><U122/><E80/><N who="3" m="30826" /><G64/><T55/><D38/><N who="1" m="14955" /><E71/><V105/><F68/><W120/><G120/><N who="1" m="46122" /><E126/><V41/><F105/><W65/><G65/><T96/><D32/><U100/><E100/><V35/><F19/><W129/><G129/><AGARI ba="1,0" hai="53,54,61,66,69,129,130,131" m="46122,14955" machi="129" ten="40,7700,0" yaku="19,1,34,2" doraHai="74" who="1" fromWho="3" sc="229,0,325,80,207,0,239,-80" /><INIT seed="1,2,0,0,2,40" ten="229,405,207,159" oya="1" hai0="125,59,109,122,33,50,45,65,69,43,2,52,55" hai1="129,92,60,79,99,84,127,80,15,28,6,121,91" hai2="18,16,81,47,87,53,72,134,113,116,64,67,114" hai3="101,98,57,21,93,34,97,82,46,0,115,76,9"/><U86/><E121/><V90/><F116/><W42/><G115/><N who="2" m="44041" /><F72/><W77/><G34/><T36/><D33/><U128/><E28/><V14/><F134/><W66/><G98/><T133/><D2/><U70/><E70/><V135/><F135/><W103/><G103/><T111/><D133/><U83/><E60/><V112/><N who="2" m="44049" /><V124/><DORA hai="95" /><F124/><W35/><G35/><T20/><D125/><U75/><E127/><V94/><F81/><W26/><G9/><T11/><D11/><N who="1" m="4599" /><E83/><V22/><F18/><W104/><G104/><T61/><D122/><U3/><E3/><V49/><AGARI ba="2,0" hai="14,16,22,47,49,53,64,67,87,90,94" m="44049" machi="49" ten="40,5200,0" yaku="11,1,52,1,54,1" doraHai="40,95" who="2" fromWho="2" sc="229,-15,405,-28,207,58,159,-15" /><INIT seed="2,0,0,3,0,123" ten="214,377,265,144" oya="2" hai0="54,13,40,85,78,26,84,107,38,126,45,63,42" hai1="21,28,9,91,1,121,100,19,22,82,49,51,129" hai2="72,110,16,89,104,77,41,122,62,30,127,57,14" hai3="96,81,125,35,53,18,60,113,59,10,95,50,86"/><V111/><F122/><W134/><G134/><T74/><D107/><U83/><E121/><V37/><F127/><W39/><G125/><T46/><D126/><U12/><E129/><V120/><F120/><W2/><G113/><T68/><D26/><N who="1" m="16463" /><E1/><V92/><F30/><W87/><G39/><T44/><D13/><N who="1" m="9583" /><E100/><V75/><F104/><W131/><G131/><T23/><D45/><U34/><E34/><V93/><F41/><W32/><G2/><T98/><D98/><U31/><E31/><V97/><F92/><W66/><G87/><T69/><D63/><U90/><E83/><V11/><F37/><W33/><G81/><T88/><D54/><U4/><E82/><V0/><F0/><W135/><G86/><T130/><D23/><U3/><E3/><V43/><F43/><W80/><G80/><T8/><D8/><U5/><E5/><V116/><F116/><W56/><G10/><T7/><D7/><U102/><E102/><V118/><F118/><W65/><G18/><T20/><D20/><U61/><E61/><V70/><F70/><W27/><G27/><T112/><D112/><U17/><E4/><V101/><F101/><W106/><G106/><T132/><D132/><U109/><E109/><N who="2" m="41483" /><F77/><W47/><G135/><T67/><D40/><U52/><E49/><V55/><AGARI ba="0,0" hai="11,14,16,55,57,62,72,75,89,93,97" m="41483" machi="55" ten="30,18000,2" yaku="14,1,10,1,52,3,54,1" doraHai="123" who="2" fromWho="2" sc="214,-60,377,-60,265,180,144,-60" /><INIT seed="2,1,0,2,0,48" ten="154,317,445,84" oya="2" hai0="44,94,125,95,67,47,84,26,118,65,89,22,111" hai1="0,101,66,35,86,64,91,119,98,29,56,19,79" hai2="41,73,69,97,124,135,52,100,77,116,16,24,18" hai3="115,28,123,3,72,83,122,51,21,105,38,104,88"/><V128/><F116/><W37/><G3/><T131/><D118/><U36/><E119/><V57/><F124/><W102/><G72/><T30/><D125/><U78/><E36/><V93/><F135/><W108/><G108/><T74/><D74/><U32/><E0/><V81/><F128/><W11/><G11/><T70/><D111/><U113/><E113/><V54/><F69/><W121/><G115/><T127/><D131/><U120/><E120/><V9/><F41/><W106/><G102/><T40/><D127/><U112/><E112/><V90/><F9/><W107/><N who="3" m="26624" /><DORA hai="96" /><W58/><G28/><T110/><D110/><U45/><E45/><N who="0" m="17481" /><D70/><U5/><E5/><V75/><F75/><W71/><G71/><T55/><D55/><U133/><E133/><V62/><F54/><W130/><G130/><T63/><D63/><U53/><E35/><V85/><F24/><W61/><G51/><T129/><D40/><U82/><E32/><V46/><F46/><W59/><G21/><T8/><D129/><U126/><E126/><V2/><F2/><W27/><G27/><T20/><D8/><U103/><E103/><BYE who="1" /><V25/><F25/><W87/><REACH who="3" step="1"/><G61/><REACH who="3" ten="154,317,445,74" step="2"/><T6/><D20/><U15/><E15/><V99/><F100/><W134/><G134/><UN n1="%E3%83%8F%E3%83%B3%E3%83%89%E3%83%A9%E3%83%BC%E3%83%BB%E3%83%AF%E3%83%B3" /><T4/><D6/><U10/><E29/><V33/><F33/><W14/><G14/><T31/><D4/><U13/><E101/><V68/><F68/><W12/><G12/><T34/><D31/><U60/><E60/><V1/><F1/><W7/><G7/><T50/><D34/><U39/><E13/><RYUUKYOKU ba="1,1" sc="154,-15,317,-15,445,15,74,15" hai2="16,18,52,57,62,73,77,81,85,90,93,97,99" hai3="37,38,58,59,83,87,88,121,122,123" /><INIT seed="2,2,1,2,0,133" ten="139,302,460,89" oya="2" hai0="104,11,116,83,126,0,2,110,45,36,48,84,99" hai1="96,76,122,24,82,18,19,132,68,32,124,60,117" hai2="87,100,129,106,123,38,80,7,69,10,65,29,47" hai3="66,5,71,37,108,22,30,43,109,40,55,21,67"/><V15/><F123/><W92/><G5/><T27/><D36/><U78/><E117/><V42/><F129/><W120/><G120/><T90/><D116/><U63/><E122/><V85/><F29/><W70/><G92/><T135/><D135/><U34/><E132/><V64/><F69/><N who="3" m="26123" /><G30/><T13/><D110/><N who="3" m="42601" /><G55/><N who="0" m="30095" /><D27/><U53/><E68/><V14/><F7/><W12/><G12/><T102/><D126/><U33/><E53/><V111/><F15/><W6/><G6/><T44/><D44/><U91/><E24/><V50/><F14/><W56/><G56/><T28/><D28/><U118/><E118/><V39/><F47/><W119/><G119/><T89/><D90/><U31/><E31/><V41/><F111/><W16/><G16/><AGARI ba="2,1" hai="0,2,11,13,16,83,84,89,99,102,104" m="30095" machi="16" ten="30,2000,0" yaku="25,1,54,1" doraHai="133" who="0" fromWho="3" sc="139,36,302,0,460,0,89,-26" /><INIT seed="3,0,0,5,4,125" ten="175,302,460,63" oya="3" hai0="33,100,19,88,8,49,114,94,73,45,132,76,42" hai1="93,53,99,113,111,9,85,129,89,26,48,102,64" hai2="104,127,105,95,131,25,10,75,20,80,91,61,21" hai3="30,29,28,98,24,66,108,107,18,87,65,79,122"/><W84/><G122/><T115/><D100/><U67/><E113/><N who="0" m="43017" /><D132/><U6/><E111/><V14/><F21/><N who="3" m="13367" /><G107/><T35/><D76/><U69/><E69/><V3/><F105/><W74/><G74/><T72/><D19/><U68/><E68/><V34/><F104/><W90/><G108/><T130/><D130/><U54/><E129/><V58/><F75/><N who="0" m="28746" /><D8/><U0/><E26/><V109/><F131/><W23/><G23/><T51/><D51/><U60/><E60/><V86/><F20/><W82/><G98/><AGARI ba="0,0" hai="33,35,42,45,49,88,94,98" m="28746,43017" machi="98" ten="30,2000,0" yaku="11,1,54,1" doraHai="125" who="0" fromWho="3" sc="175,20,302,0,460,0,63,-20" owari="195,-20.5,302,10.2,460,56.0,43,-45.7" /></mjloggm>