<mjloggm ver="2.3"><GO type="225" lobby="0"/><UN n0="%E5%B8%86%E7%AB%8B%E5%A4%8F%E8%A1%A3" n1="%E7%89%B9%E6%9D%B1%E3%81%AF%E4%B8%96%E7%95%8C%E3%82%92%E6%95%91%E3%81%86" n2="%43%68%65" n3="%E6%98%93%E5%88%A9%E8%96%A9%E4%BC%AF" dan="17,16,16,17" rate="2173.41,2193.33,2170.17,2148.26" sx="M,M,M,F"/><TAIKYOKU oya="0"/><INIT seed="0,0,0,1,1,13" ten="250,250,250,250" oya="0" hai0="122,105,79,120,128,55,3,114,36,57,107,29,0" hai1="73,53,19,46,4,75,74,48,30,80,21,109,76" hai2="40,5,97,32,99,39,70,115,100,118,124,67,1" hai3="23,134,58,44,2,112,41,7,72,16,34,125,131"/><T38/><D114/><U133/><E109/><V52/><F115/><W135/><G112/><T108/><D29/><U127/><E133/><N who="3" m="50698" /><G34/><T24/><D24/><U56/><E127/><V121/><F121/><W62/><G72/><T26/><D26/><U83/><E30/><V31/><F124/><W17/><G131/><T10/><D128/><U81/><E4/><V18/><F31/><W12/><G125/><T88/><D79/><U69/><E69/><V22/><F32/><W77/><G77/><T47/><D108/><U117/><E117/><V93/><F118/><W116/><G116/><T90/><D57/><U110/><E110/><V51/><F39/><N who="3" m="21567" /><G2/><T106/><D106/><U37/><E76/><V126/><F40/><W64/><G23/><T63/><D47/><U20/><E20/><V102/><F126/><W28/><G28/><T82/><D10/><AGARI ba="0,0" hai="7,10,12,16,17,58,62,64" m="21567,50698" machi="10" ten="30,7700,0" yaku="20,1,52,2,54,1" doraHai="13" who="3" fromWho="0" sc="250,-77,250,0,250,0,250,77" /><INIT seed="1,0,0,4,1,8" ten="173,250,250,327" oya="1" hai0="43,63,24,25,7,121,12,66,21,116,14,57,100" hai1="129,98,40,81,93,127,120,74,9,126,29,92,6" hai2="19,115,111,91,94,68,4,51,37,71,18,80,82" hai3="41,119,79,78,52,76,106,88,122,22,15,35,33"/><U0/><E120/><V28/><F37/><W86/><G106/><T87/><D116/><U103/><E129/><V124/><F111/><W55/><G122/><T83/><D121/><U105/><E29/><V118/><F118/><W89/><G119/><T110/><D110/><U75/><E40/><V11/><F124/><N who="1" m="47657" /><E81/><V3/><F115/><W99/><G35/><T16/><D43/><U72/><AGARI ba="0,0" hai="0,6,9,72,74,75,92,93,98,103,105" m="47657" machi="72" ten="40,2100,0" yaku="18,1" doraHai="8" who="1" fromWho="1" sc="173,-7,250,21,250,-7,327,-7" /><INIT seed="1,1,0,5,5,117" ten="166,271,243,320" oya="1" hai0="60,15,105,97,19,5,16,46,17,125,104,114,72" hai1="78,45,79,59,99,126,88,98,73,108,95,76,27" hai2="61,102,116,70,41,107,93,52,110,1,9,134,22" hai3="29,26,35,51,101,3,7,128,69,100,36,115,21"/><U74/><E126/><V53/><F116/><W58/><G36/><T38/><D114/><U75/><E59/><V111/><F107/><W6/><G69/><T50/><D72/><N who="1" m="27755" /><E27/><V62/><F41/><W80/><G115/><T55/><D125/><U91/><E45/><V90/><F102/><W48/><G128/><T42/><D60/><N who="2" m="23146" /><F70/><W57/><G35/><T63/><D63/><U96/><E108/><N who="2" m="41515" /><F22/><W85/><G57/><T44/><REACH who="0" step="1"/><D97/><REACH who="0" ten="156,271,243,320" step="2"/><N who="1" m="37483" /><E75/><V127/><F127/><W119/><G119/><T24/><D24/><U40/><E40/><V23/><F134/><W39/><G26/><T43/><D43/><U87/><E78/><V4/><F23/><W122/><G21/><T18/><N who="0" m="4096" /><DORA hai="12" /><T68/><D68/><U86/><E99/><AGARI ba="1,1" hai="1,4,9,52,53,90,93,99" m="41515,23146" machi="99" ten="30,2000,0" yaku="14,1,54,1" doraHai="117,12" who="2" fromWho="1" sc="156,0,271,-23,243,33,320,0" /><INIT seed="2,0,0,4,2,29" ten="156,248,276,320" oya="2" hai0="110,128,11,125,126,113,50,16,107,122,19,20,69" hai1="51,102,80,132,14,53,118,40,93,116,55,75,87" hai2="78,72,134,103,30,24,38,63,133,18,45,123,100" hai3="57,67,88,96,106,90,124,98,76,8,0,5,44"/><V41/><F123/><W119/><G119/><T34/><D69/><U61/><E75/><V17/><F63/><W35/><G35/><T74/><D74/><U97/><E132/><N who="2" m="50795" /><F78/><W111/><G111/><T65/><D107/><U60/><E40/><V84/><F84/><W1/><G124/><N who="0" m="47723" /><D50/><U64/><E60/><V104/><F72/><W86/><G1/><T36/><D36/><U70/><E14/><V33/><F104/><W99/><G106/><T21/><D65/><U62/><E62/><V42/><F42/><W121/><G57/><T48/><D48/><U115/><E115/><V28/><F28/><W117/><G67/><T58/><D58/><U12/><E12/><V82/><F82/><W127/><G121/><T77/><D77/><U68/><E68/><V46/><F46/><W85/><G76/><T59/><D59/><U27/><E55/><V129/><F129/><W95/><G44/><T7/><D122/><U39/><E39/><V26/><F26/><W31/><G31/><T9/><D113/><U22/><E53/><V112/><F112/><W2/><G127/><T25/><D128/><U13/><E51/><V89/><F89/><W135/><G135/><T43/><D43/><U105/><E105/><V56/><F56/><W131/><G131/><T79/><D79/><N who="1" m="46495" /><E13/><V66/><F66/><W54/><G2/><N who="0" m="247" /><D110/><U23/><E70/><V37/><F37/><W83/><G54/><T32/><D11/><U108/><E108/><V130/><F130/><W71/><G71/><T4/><D4/><U114/><E114/><V6/><F6/><W91/><G5/><RYUUKYOKU ba="0,0" sc="156,15,248,-15,276,15,320,-15" hai0="16,19,20,21,25,32,34" hai2="17,18,24,30,33,38,41,45,100,103" /><INIT seed="2,1,0,1,0,97" ten="171,233,291,305" oya="2" hai0="45,5,69,112,35,85,116,78,58,72,30,123,102" hai1="22,133,21,80,57,104,110,14,103,20,124,74,33" hai2="7,53,28,119,79,18,83,65,16,42,84,118,77" hai3="25,98,96,132,108,101,29,6,128,114,23,90,113"/><V70/><F42/><W68/><G108/><T71/><D72/><U87/><E33/><V66/><F28/><W12/><G68/><T60/><D112/><N who="3" m="43113" /><G128/><T26/><D123/><U59/><E74/><V41/><F41/><W122/><G132/><T54/><D116/><U63/><E110/><V92/><F7/><W135/><G135/><T47/><D5/><U117/><E117/><V99/><F79/><W67/><G67/><N who="2" m="25609" /><F70/><W126/><G126/><T11/><D11/><U37/><E37/><V86/><F119/><W134/><G122/><T51/><D47/><U56/><E124/><V55/><F86/><W109/><G134/><T4/><D4/><U93/><E104/><V73/><F73/><W36/><G36/><T13/><D71/><U125/><E125/><V15/><F118/><W52/><G90/><T106/><D69/><U40/><E40/><V0/><F0/><W100/><G52/><N who="2" m="20041" /><F15/><W44/><G44/><T48/><D13/><U8/><E133/><V64/><N who="2" m="25617" /><V39/><DORA hai="105" /><F39/><W34/><G109/><T43/><D78/><U31/><E87/><V61/><F61/><W9/><G34/><T17/><D85/><U46/><E46/><V81/><F81/><W2/><G2/><T62/><REACH who="0" step="1"/><D17/><REACH who="0" ten="161,233,291,305" step="2"/><U127/><E127/><V131/><F131/><W38/><G38/><T121/><D121/><U82/><E14/><V111/><F111/><W50/><G12/><T129/><D129/><U49/><E8/><V75/><F75/><W19/><G9/><T27/><D27/><U95/><E31/><V107/><F107/><N who="3" m="63879" /><G29/><T1/><D1/><RYUUKYOKU ba="1,1" sc="161,15,233,-15,291,15,305,-15" hai0="26,30,35,43,45,48,51,54,58,60,62,102,106" hai2="16,18,77,83,84,92,99" /><INIT seed="2,2,1,5,5,102" ten="176,218,306,290" oya="2" hai0="115,107,29,63,27,23,59,72,24,121,68,11,65" hai1="100,37,78,131,71,104,90,53,30,127,62,32,85" hai2="99,74,81,61,60,112,130,18,111,133,34,31,10" hai3="93,119,88,14,44,52,28,16,45,66,124,95,89"/><V117/><F117/><W80/><G119/><T38/><D121/><U75/><E37/><V83/><F112/><W8/><G124/><T47/><D115/><U12/><E127/><V118/><F118/><W3/><G3/><T125/><D125/><U21/><E32/><V132/><F130/><W25/><G66/><T69/><D72/><U57/><E71/><V122/><F122/><W35/><G80/><T40/><D107/><U129/><E78/><V50/><F31/><W135/><G135/><N who="2" m="51785" /><F34/><W92/><REACH who="3" step="1"/><G52/><REACH who="3" ten="176,218,306,280" step="2"/><T58/><D69/><U5/><E53/><V97/><F83/><W4/><G4/><T22/><REACH who="0" step="1"/><D11/><REACH who="0" ten="166,218,306,280" step="2"/><U73/><E131/><V56/><F10/><W120/><G120/><T116/><D116/><U33/><E129/><V91/><F74/><W109/><G109/><T6/><D6/><U55/><E5/><V36/><F111/><W77/><G77/><T42/><D42/><U17/><E73/><V41/><F41/><W64/><G64/><T94/><D94/><U108/><E75/><V126/><F126/><W98/><G98/><T54/><D54/><U86/><E108/><V87/><F99/><W39/><G39/><T110/><D110/><U13/><E55/><N who="2" m="31863" /><F36/><W82/><G82/><T67/><D67/><U48/><E86/><V19/><F97/><W15/><G15/><T106/><D106/><U113/><E113/><V49/><F49/><W114/><G114/><T96/><D96/><U70/><E48/><V20/><F81/><W105/><G105/><T0/><D0/><U134/><E134/><V123/><F123/><W128/><G128/><RYUUKYOKU ba="2,3" sc="166,15,218,-15,306,-15,280,15" hai0="22,23,24,27,29,38,40,47,58,59,63,65,68" hai3="8,14,16,25,28,35,44,45,88,89,92,93,95" /><INIT seed="3,3,3,2,0,76" ten="181,203,291,295" oya="3" hai0="99,115,47,38,79,133,37,5,26,82,85,10,100" hai1="42,92,32,81,18,90,116,91,49,104,129,2,13" hai2="64,28,7,51,52,12,73,21,78,75,131,97,125" hai3="117,101,8,94,17,107,36,30,84,114,77,110,60"/><W24/><G114/><T123/><D123/><U95/><E104/><V93/><F125/><W22/><G36/><T68/><D115/><U0/><E32/><V35/><F131/><W39/><G39/><T41/><D133/><U61/><E129/><V113/><F113/><W67/><G107/><T31/><D68/><U62/><E116/><V9/><F35/><W106/><G106/><T120/><D120/><U105/><E105/><V86/><F64/><W80/><G110/><T29/><D38/><U88/><E0/><V34/><F34/><W126/><G117/><T128/><D128/><U4/><E4/><V118/><F118/><W112/><G126/><T111/><D111/><U50/><E2/><V43/><F43/><W58/><G112/><T66/><D66/><U48/><E81/><N who="2" m="47415" /><F75/><W63/><G63/><N who="1" m="24074" /><E42/><V87/><F73/><W23/><G8/><AGARI ba="3,3" hai="8,13,18,48,49,50,88,90,91,92,95" m="24074" machi="8" ten="30,2000,0" yaku="8,1,54,1" doraHai="76" who="1" fromWho="3" sc="181,0,203,59,291,0,295,-29" /><INIT seed="4,0,0,3,4,62" ten="181,262,291,266" oya="0" hai0="129,16,118,92,116,120,121,2,60,5,64,22,68" hai1="37,25,58,77,69,79,102,75,111,119,18,126,112" hai2="67,130,86,73,4,84,71,57,12,30,33,110,31" hai3="82,96,99,76,9,87,50,13,108,8,43,74,78"/><T61/><D129/><U45/><E111/><V28/><F110/><W36/><G36/><T80/><D120/><U48/><E69/><V63/><F130/><W101/><G9/><T34/><D121/><U81/><E119/><V17/><F73/><W132/><G132/><T105/><D105/><U35/><E79/><V0/><F33/><W38/><G38/><T47/><D34/><U27/><E102/><V100/><F71/><W135/><G135/><T46/><D61/><U32/><E126/><V103/><F4/><W40/><G99/><T56/><D68/><U107/><E107/><V95/><F0/><W125/><G125/><T21/><D21/><U83/><E83/><V124/><F124/><W42/><G76/><T66/><D66/><U104/><E104/><V20/><F103/><W134/><G74/><T98/><D80/><U49/><E112/><V26/><F26/><W52/><G134/><T89/><D118/><U133/><E133/><V53/><F53/><W11/><G13/><T44/><D116/><U93/><E93/><V91/><F100/><W23/><G23/><T3/><REACH who="0" step="1"/><D5/><REACH who="0" ten="171,262,291,266" step="2"/><U15/><E35/><V131/><F131/><W1/><G108/><T114/><D114/><U72/><E32/><V14/><F14/><AGARI ba="0,1" hai="2,3,14,16,22,44,46,47,56,60,64,89,92,98" machi="14" ten="40,7700,0" yaku="1,1,52,1,54,1,53,0" doraHai="62" doraHaiUra="70" who="0" fromWho="2" sc="171,87,262,0,291,-77,266,0" /><INIT seed="4,1,0,2,2,78" ten="258,262,214,266" oya="0" hai0="112,90,107,69,72,49,118,108,9,28,27,68,7" hai1="100,121,35,61,3,127,41,43,39,106,122,67,86" hai2="12,51,42,46,40,116,64,8,1,52,133,117,63" hai3="84,34,48,131,110,103,37,98,13,59,123,22,54"/><T20/><D118/><N who="2" m="45674" /><F1/><W92/><G34/><T87/><D107/><U96/><E3/><V19/><F133/><W104/><G110/><T10/><D72/><U29/><E127/><V83/><F83/><W11/><G37/><T75/><D75/><U32/><E86/><V105/><F105/><W30/><G131/><T4/><D108/><U124/><E124/><V2/><F2/><W94/><G123/><T95/><D112/><U36/><E43/><V60/><F60/><W56/><G56/><AGARI ba="1,0" hai="8,12,19,40,42,46,51,52,56,63,64" m="45674" machi="56" ten="30,2000,0" yaku="12,1,54,1" doraHai="78" who="2" fromWho="3" sc="258,0,262,0,214,23,266,-23" /><INIT seed="5,0,0,1,3,107" ten="258,262,237,243" oya="1" hai0="34,120,26,129,36,58,66,100,103,128,65,33,77" hai1="132,114,13,115,133,20,48,3,11,12,0,18,25" hai2="90,30,43,14,1,78,29,9,60,117,73,47,28" hai3="83,55,74,10,6,19,108,54,118,92,131,62,17"/><U85/><E85/><V76/><F117/><W56/><G108/><T93/><D36/><U104/><E104/><V113/><F1/><N who="1" m="585" /><E13/><V89/><F113/><N who="1" m="43017" /><E48/><N who="2" m="26751" /><F73/><W70/><G70/><T44/><D120/><U111/><E111/><V59/><F78/><W46/><G131/><N who="0" m="50251" /><D77/><U126/><E126/><V81/><F81/><W4/><G92/><T116/><D116/><U97/><E97/><V49/><F49/><W130/><G118/><T50/><D93/><U135/><E135/><V61/><F76/><W105/><G105/><T22/><D100/><U39/><E39/><V94/><F94/><W16/><G130/><T98/><D98/><U112/><E112/><V88/><F59/><N who="3" m="35191" /><G46/><T7/><D58/><U35/><E35/><N who="0" m="13321" /><D103/><U67/><E67/><N who="0" m="25609" /><D7/><AGARI ba="0,0" hai="7,11,12,18,20,25,132,133" m="43017,585" machi="7" ten="30,5800,0" yaku="15,1,34,2" doraHai="107" who="1" fromWho="0" sc="258,-58,262,58,237,0,243,0" /><AGARI ba="0,0" hai="7,9,14,28,29,30,60,61,88,89,90" m="26751" machi="7" ten="30,2000,0" yaku="8,1,54,1" doraHai="107" who="2" fromWho="0" sc="200,-20,320,0,237,20,243,0" owari="180,-32.0,320,42.0,257,5.7,243,-15.7" /></mjloggm>