<mjloggm ver="2.3"><GO type="225" lobby="0"/><UN n0="%77%72%77%72%77%72%77%72" n1="%E6%81%A5%E6%99%92%E3%81%97" n2="%E3%81%BF%E3%81%BF%E3%81%9A" n3="%E5%A4%8F%E9%88%B4%E9%88%B4%E5%A4%8F" dan="16,16,17,16" rate="2176.49,2112.23,2168.45,2114.33" sx="M,M,M,F"/><TAIKYOKU oya="0"/><INIT seed="0,0,0,0,5,21" ten="250,250,250,250" oya="0" hai0="25,89,64,81,88,57,1,132,69,90,15,109,125" hai1="31,13,107,42,85,74,97,93,56,7,134,95,106" hai2="39,110,111,75,46,96,8,40,4,119,0,59,26" hai3="55,126,24,19,91,23,77,29,120,66,18,133,78"/><T14/><D1/><U79/><E134/><V76/><F119/><W129/><G120/><T22/><D69/><U117/><E117/><V34/><F59/><W61/><G133/><T84/><D132/><U73/><E42/><V58/><F58/><N who="3" m="37175" /><G129/><T62/><D125/><U82/><E95/><V5/><F5/><W83/><G126/><T104/><D104/><U67/><E31/><N who="2" m="19831" /><F96/><W128/><G128/><T3/><D3/><U131/><E131/><V37/><F37/><W94/><G55/><T50/><D50/><U11/><E107/><V114/><F114/><W10/><G83/><AGARI ba="0,0" hai="0,4,8,39,40,46,75,76,83,110,111" m="19831" machi="83" ten="30,3900,0" yaku="25,1,23,1,52,1" doraHai="21" who="2" fromWho="3" sc="250,0,250,0,250,39,250,-39" /><INIT seed="1,0,0,3,2,105" ten="250,250,289,211" oya="1" hai0="92,123,40,135,63,94,114,79,69,18,91,32,84" hai1="112,132,67,36,120,74,11,107,65,101,129,87,103" hai2="42,102,30,12,119,3,134,77,0,68,1,20,37" hai3="43,10,59,41,121,127,117,133,81,39,118,24,60"/><U110/><E112/><V109/><F68/><W34/><G121/><T15/><D114/><U45/><E120/><V70/><F70/><W86/><G127/><T130/><D123/><U13/><E129/><V33/><F102/><W25/><G133/><T9/><D130/><U76/><E132/><V50/><F37/><W14/><G43/><T28/><D135/><U27/><E110/><V73/><F134/><W66/><G41/><T47/><D79/><U7/><E107/><V61/><F61/><W38/><G34/><T108/><D108/><U89/><E27/><V99/><F99/><W54/><G66/><T116/><D116/><U29/><E29/><V95/><F95/><W90/><G24/><T48/><D32/><U83/><E36/><V4/><F33/><W88/><G25/><T57/><D69/><U111/><E45/><N who="2" m="25911" /><F119/><N who="3" m="45579" /><G90/><T8/><D28/><U124/><E111/><V122/><F122/><W80/><G80/><N who="0" m="49543" /><D8/><U106/><E124/><V128/><F20/><W96/><G96/><T97/><D97/><U21/><E21/><V82/><F30/><W44/><G44/><T100/><D100/><U62/><E106/><V56/><F128/><W19/><AGARI ba="0,0" hai="10,14,19,38,39,54,59,60,81,86,88" m="45579" machi="19" ten="30,2000,0" yaku="12,1,54,1" doraHai="105" who="3" fromWho="3" sc="250,-5,250,-10,289,-5,211,20" /><INIT seed="2,0,0,5,3,10" ten="245,240,284,231" oya="2" hai0="37,88,67,108,101,83,11,0,60,90,40,17,61" hai1="1,95,120,73,105,57,15,56,54,48,23,19,98" hai2="31,2,106,34,109,39,35,115,94,42,6,32,51" hai3="46,75,92,33,107,62,117,70,119,4,49,20,44"/><V129/><F106/><W96/><G107/><T110/><D101/><U66/><E73/><V5/><F115/><W89/><G33/><T58/><D83/><U82/><E120/><V64/><F39/><W79/><G4/><T87/><D87/><U9/><E105/><V36/><F36/><W12/><G79/><T134/><D134/><U111/><E111/><N who="0" m="42537" /><D40/><U14/><E82/><V38/><F38/><W28/><G75/><T24/><D37/><U99/><E1/><V133/><F109/><W128/><G128/><T131/><D131/><U25/><E9/><V69/><F129/><W130/><G130/><T65/><D24/><U77/><E77/><V68/><F133/><W122/><G122/><T16/><D0/><U13/><E95/><V29/><F2/><W81/><G81/><T52/><D67/><U59/><E66/><V53/><F68/><W104/><G104/><T132/><D132/><U22/><E22/><V30/><F42/><W124/><G124/><T127/><D127/><U123/><E123/><V103/><F64/><W45/><G28/><T118/><D118/><U112/><E112/><V121/><F69/><W86/><G96/><AGARI ba="0,0" hai="13,14,15,19,23,25,48,54,56,57,59,96,98,99" machi="96" ten="40,8000,1" yaku="8,1,52,3" doraHai="10" who="1" fromWho="3" sc="245,0,240,80,284,0,231,-80" /><INIT seed="3,0,0,4,1,123" ten="245,320,284,151" oya="3" hai0="47,110,32,69,42,117,33,106,82,92,134,119,2" hai1="90,34,54,132,25,98,46,65,20,50,128,78,15" hai2="108,17,74,81,7,39,36,24,27,113,127,56,73" hai3="63,116,75,115,23,95,86,77,101,14,44,97,29"/><W52/><G116/><T111/><D106/><U83/><E128/><V112/><F7/><W72/><G115/><T49/><D69/><U118/><E132/><V1/><F56/><W19/><G29/><T104/><D104/><U105/><E118/><N who="0" m="45065" /><D2/><U6/><E34/><V40/><F1/><W85/><G63/><T51/><D82/><U3/><E3/><V10/><F81/><W109/><G109/><N who="0" m="41483" /><D134/><U76/><E65/><V55/><F108/><W62/><G62/><T70/><D70/><U125/><E105/><V61/><F61/><W22/><G22/><T126/><D126/><U35/><E83/><V133/><F10/><W8/><G23/><T120/><D120/><U11/><E35/><N who="0" m="13385" /><D92/><N who="1" m="56599" /><E125/><V107/><F107/><W53/><G77/><T80/><D80/><U103/><E76/><V58/><F133/><W43/><G75/><T89/><D89/><U30/><E78/><V84/><F127/><W31/><G72/><T9/><D9/><U64/><E103/><V71/><F71/><W122/><G122/><T124/><D124/><U13/><E64/><V99/><F74/><W102/><G31/><T45/><D45/><U129/><E30/><V57/><F73/><W28/><G28/><T135/><D135/><U87/><E46/><V38/><F112/><W21/><G21/><T67/><D67/><U12/><E11/><V60/><F113/><W91/><G86/><T37/><AGARI ba="0,0" hai="37,42,47,49,51" m="13385,41483,45065" machi="37" ten="40,8000,1" yaku="14,1,52,3" doraHai="123" who="0" fromWho="0" sc="245,80,320,-20,284,-20,151,-40" owari="325,42.5,300,10.0,264,-13.6,111,-38.9" /></mjloggm>