<mjloggm ver="2.3"><GO type="225" lobby="0"/><UN n0="%E3%81%BF%E3%81%BF%E3%81%9A" n1="%E6%B8%A9%E2%98%85%E6%83%85%E2%98%85%E6%8E%AA%E2%98%85%E7%BD%AE" n2="%E7%B4%94%E6%BD%94%E3%83%94%E3%83%A9%E3%83%8B%E3%82%A2" n3="%E3%83%B4%E3%83%A0%EF%BC%99%E3%81%A6" dan="18,17,17,16" rate="2240.66,2197.50,2215.75,2167.07" sx="M,M,M,M"/><TAIKYOKU oya="0"/><INIT seed="0,0,0,2,0,31" ten="250,250,250,250" oya="0" hai0="94,2,130,121,30,20,45,92,53,78,4,36,49" hai1="101,86,128,90,73,72,46,23,1,44,87,34,24" hai2="69,98,43,82,9,11,83,76,96,93,63,91,33" hai3="135,6,117,89,71,13,80,7,55,99,35,17,125"/><T74/><D121/><U62/><E1/><V109/><F43/><W106/><G117/><T127/><D130/><U58/><E128/><V124/><F109/><W27/><G71/><T18/><D127/><U68/><E68/><V39/><F39/><W132/><G125/><T119/><D30/><U85/><E34/><V81/><F33/><W100/><G55/><T77/><D119/><U42/><E101/><V131/><F131/><W14/><G80/><T37/><D4/><U61/><E73/><V47/><F47/><N who="1" m="17961" /><E72/><V97/><F76/><W118/><G89/><T60/><D2/><U40/><E90/><V5/><F124/><W28/><G118/><T21/><D74/><U65/><E62/><V95/><F5/><W126/><G126/><T107/><D107/><U0/><E0/><V129/><F129/><W113/><G113/><T123/><D123/><U70/><E70/><V104/><F104/><W29/><G29/><AGARI ba="0,0" hai="23,24,29,40,42,58,61,65,85,86,87" m="17961" machi="29" ten="30,1000,0" yaku="8,1" doraHai="31" who="1" fromWho="3" sc="250,0,250,10,250,0,250,-10" /><INIT seed="1,0,0,5,0,10" ten="250,260,250,240" oya="1" hai0="28,79,111,42,58,3,9,5,122,7,129,114,119" hai1="23,135,120,13,20,109,104,46,25,124,62,65,112" hai2="66,35,30,74,72,61,51,93,60,54,84,68,118" hai3="24,44,18,132,103,117,1,37,26,130,31,8,16"/><U49/><E112/><V125/><F118/><W22/><G117/><T11/><D79/><U96/><E120/><V134/><F125/><W59/><G103/><T88/><D119/><U101/><E124/><V99/><F134/><W17/><G59/><T97/><D114/><U92/><E135/><V77/><F61/><W121/><G132/><T57/><D122/><U52/><E109/><V15/><F35/><N who="3" m="20967" /><G44/><T116/><D129/><U106/><E13/><V73/><F30/><N who="3" m="17751" /><G37/><T102/><D28/><N who="1" m="17447" /><E23/><V0/><F0/><W107/><G107/><T98/><D111/><U34/><E34/><V12/><F84/><W83/><G83/><T87/><D116/><U50/><E50/><V40/><F40/><W81/><G81/><T70/><D42/><U39/><E39/><V110/><F110/><W32/><G121/><T131/><D70/><U80/><E80/><V76/><F77/><W45/><G45/><T56/><D131/><U123/><E123/><V53/><F76/><W126/><G32/><T38/><D38/><U127/><E127/><V55/><REACH who="2" step="1"/><F51/><REACH who="2" ten="250,260,240,240" step="2"/><W71/><G126/><T91/><D87/><U2/><E2/><V6/><F6/><N who="3" m="1103" /><G71/><T108/><D108/><U47/><E47/><V115/><F115/><W64/><G130/><T21/><D5/><U113/><E113/><V78/><F78/><W128/><G128/><T69/><D7/><U100/><E62/><V4/><F4/><W14/><G64/><T27/><D3/><U105/><E65/><V85/><F85/><W90/><G90/><AGARI ba="0,1" hai="12,15,53,54,55,60,66,68,72,73,74,90,93,99" machi="90" ten="50,6400,0" yaku="1,1,52,2,53,0" doraHai="10" doraHaiUra="41" who="2" fromWho="3" sc="250,0,260,0,240,74,240,-64" /><INIT seed="2,0,0,4,2,110" ten="250,260,314,176" oya="2" hai0="114,94,111,40,34,41,13,89,20,52,51,42,135" hai1="35,27,19,120,17,130,9,22,21,93,39,2,68" hai2="134,99,7,116,16,66,83,37,106,59,103,48,129" hai3="121,131,60,36,64,61,6,124,79,107,49,84,33"/><V113/><F116/><W3/><G121/><T53/><D114/><U18/><E68/><V45/><F113/><W97/><G36/><T105/><D105/><U24/><E39/><V119/><F119/><W87/><G33/><T80/><D34/><U50/><E50/><V10/><F129/><W5/><G131/><T29/><D111/><U126/><E130/><V76/><F134/><W127/><G107/><T102/><D135/><U123/><E93/><V62/><F37/><W67/><G97/><N who="0" m="59703" /><D51/><U28/><E126/><V43/><F16/><N who="1" m="6249" /><E35/><V31/><F31/><W133/><G133/><T15/><D89/><U65/><E65/><V12/><F106/><W30/><G49/><T25/><D80/><U56/><E56/><V54/><F99/><W46/><G46/><T91/><D91/><U92/><E92/><V8/><F8/><W0/><REACH who="3" step="1"/><G30/><REACH who="3" ten="250,260,314,166" step="2"/><T104/><D104/><U100/><E100/><V132/><F132/><W32/><G32/><T101/><D101/><U128/><E128/><V1/><F103/><W95/><G95/><T75/><D75/><U88/><E120/><V23/><F83/><W26/><G26/><T70/><D70/><U112/><E123/><V63/><F48/><W4/><G4/><T109/><D109/><U73/><E27/><V55/><F45/><W38/><G38/><T96/><D96/><U117/><E24/><V44/><F7/><W81/><G81/><T108/><D108/><U71/><E71/><V125/><F125/><W98/><G98/><T69/><D69/><U115/><E115/><V74/><F74/><W86/><G86/><RYUUKYOKU ba="0,1" sc="250,15,260,-15,314,-15,166,15" hai0="13,15,20,25,29,40,41,42,52,53" hai3="0,3,5,6,60,61,64,67,79,84,87,124,127" /><INIT seed="3,1,1,1,0,64" ten="265,245,299,181" oya="3" hai0="135,35,34,109,105,108,85,119,5,69,62,95,47" hai1="74,122,94,67,59,32,26,78,91,68,116,103,120" hai2="24,27,31,54,58,88,112,49,72,97,16,101,90" hai3="121,25,81,1,77,21,71,9,36,128,99,106,125"/><W127/><G121/><T48/><D119/><U33/><E68/><V3/><F112/><W38/><G128/><T134/><D105/><U126/><E116/><V8/><F72/><N who="3" m="43175" /><G21/><T30/><D5/><U14/><E103/><V96/><F96/><W17/><G17/><T39/><D39/><N who="3" m="14889" /><G25/><T12/><D12/><U10/><E78/><V110/><F24/><W92/><G92/><T7/><D7/><U107/><E107/><V46/><F46/><W83/><G83/><T29/><D85/><U20/><E74/><V41/><F41/><W19/><G19/><T57/><D95/><U22/><E22/><V18/><F18/><W131/><G131/><T79/><D79/><U114/><E114/><V6/><F16/><W42/><G42/><N who="0" m="24695" /><D57/><U51/><E120/><V4/><F6/><N who="3" m="1231" /><G71/><T44/><D44/><U45/><E45/><V0/><F3/><W50/><G50/><T118/><D118/><U2/><E51/><V28/><F90/><W115/><G115/><T43/><D43/><U93/><E2/><V87/><F88/><W23/><G23/><T76/><D76/><U11/><E93/><V56/><F87/><W98/><G98/><T130/><D130/><U129/><E129/><V73/><F73/><W61/><G61/><T82/><D82/><U111/><E94/><N who="2" m="58551" /><F56/><W117/><G117/><T15/><D15/><U65/><E59/><V40/><F40/><W133/><G133/><N who="0" m="50699" /><D69/><U80/><E80/><V104/><F104/><W75/><G75/><T60/><D60/><U63/><E63/><V89/><F27/><W124/><G99/><T55/><D62/><RYUUKYOKU ba="1,1" sc="265,-10,245,-10,299,-10,181,30" hai3="106,124,125,127" /><INIT seed="3,2,1,0,1,43" ten="255,235,289,211" oya="3" hai0="78,64,50,107,72,30,47,33,75,49,41,27,133" hai1="123,58,85,35,101,3,46,66,44,52,86,105,135" hai2="84,127,90,89,77,125,0,18,96,16,92,116,117" hai3="98,54,70,76,126,28,80,122,67,65,23,29,12"/><W81/><G122/><T100/><D133/><U57/><E123/><V124/><F0/><W53/><G126/><T10/><D78/><U62/><E35/><V94/><F77/><W14/><G98/><T130/><D130/><U120/><E120/><V55/><F55/><N who="3" m="21003" /><G70/><T114/><D114/><U17/><E3/><V48/><F48/><W131/><G131/><T22/><D50/><N who="1" m="30871" /><E105/><V4/><F4/><W8/><G12/><T132/><D132/><U110/><E135/><V2/><F2/><W128/><G128/><T102/><D10/><U109/><E101/><V19/><AGARI ba="2,1" hai="16,18,19,84,89,90,92,94,96,116,117,124,125,127" machi="19" ten="40,5200,0" yaku="0,1,18,1,54,1" doraHai="43" who="2" fromWho="2" sc="255,-15,235,-15,289,68,211,-28" owari="240,4.0,220,-18.0,357,45.7,183,-31.7" /></mjloggm>