<mjloggm ver="2.3"><GO type="225" lobby="0"/><UN n0="%E3%81%82%E3%82%93%E3%81%AA%E3%81%A4" n1="%E6%A1%9C%E8%8A%B1%E9%96%83%E3%80%85" n2="%E5%A4%8F%E9%88%B4%E9%88%B4%E5%A4%8F" n3="%E3%81%BF%E3%81%BF%E3%81%9A" dan="17,16,16,17" rate="2193.19,2147.66,2114.35,2162.15" sx="M,M,F,M"/><TAIKYOKU oya="0"/><INIT seed="0,0,0,0,3,131" ten="250,250,250,250" oya="0" hai0="135,38,97,20,1,132,123,5,91,9,29,47,107" hai1="79,113,12,53,48,57,25,83,84,126,46,59,60" hai2="75,50,67,62,2,78,8,6,114,31,90,99,10" hai3="64,133,118,71,89,40,105,86,28,23,76,112,134"/><T19/><D123/><U16/><E126/><V63/><F114/><W121/><G112/><T81/><D29/><U37/><E113/><V11/><F31/><W129/><G118/><T42/><D81/><U56/><E37/><V117/><F117/><W87/><G121/><T93/><REACH who="0" step="1"/><D107/><REACH who="0" ten="240,250,250,250" step="2"/><U43/><REACH who="1" step="1"/><E25/><AGARI ba="0,1" hai="1,5,9,19,20,25,38,42,47,91,93,97,132,135" machi="25" ten="40,12000,1" yaku="1,1,2,1,52,2,53,0" doraHai="131" doraHaiUra="122" who="0" fromWho="1" sc="240,130,250,-120,250,0,250,0" /><INIT seed="0,1,0,3,0,57" ten="370,130,250,250" oya="0" hai0="76,59,134,101,130,118,128,116,0,98,26,102,129" hai1="63,32,54,25,133,93,86,97,56,87,37,61,125" hai2="12,71,27,11,46,29,66,15,30,22,62,7,103" hai3="35,33,105,114,123,17,92,75,44,24,90,83,70"/><T31/><D0/><U79/><E125/><V53/><F103/><W77/><G114/><T50/><D134/><U112/><E133/><V74/><F74/><W108/><G108/><T43/><D76/><U52/><E37/><V117/><F117/><W111/><G111/><T5/><D5/><U73/><E112/><V99/><F99/><W64/><G123/><T10/><D10/><U131/><E131/><V58/><F46/><W85/><G44/><N who="0" m="25887" /><D59/><N who="1" m="35047" /><E32/><V1/><REACH who="2" step="1"/><F30/><REACH who="2" ten="370,130,240,250" step="2"/><W21/><G105/><N who="0" m="63671" /><D102/><N who="1" m="60719" /><E73/><V34/><F34/><AGARI ba="1,1" hai="26,31,34,116,118,128,129,130" m="63671,25887" machi="34" ten="30,1500,0" yaku="19,1" doraHai="57" who="0" fromWho="2" sc="370,28,130,0,240,-18,250,0" /><INIT seed="0,2,0,2,0,112" ten="398,130,222,250" oya="0" hai0="122,121,23,13,135,37,76,39,6,64,99,115,70" hai1="49,87,88,5,80,120,11,89,9,14,94,0,61" hai2="71,45,127,101,60,51,105,86,33,17,111,96,124" hai3="8,114,67,22,44,66,81,133,123,97,95,52,90"/><T25/><D115/><U12/><E120/><V93/><F33/><W20/><G114/><T68/><D135/><U59/><E49/><V27/><F111/><W78/><G133/><T18/><D76/><U118/><E118/><V56/><F71/><W3/><G123/><T1/><D1/><U35/><E35/><V109/><F109/><W134/><G134/><T38/><D99/><U113/><E113/><V116/><F17/><W77/><G8/><T92/><D92/><U32/><E32/><V73/><F73/><W91/><G3/><T53/><D53/><U47/><E47/><V4/><F4/><W65/><G91/><T41/><D41/><U50/><E50/><V74/><F74/><W108/><G108/><T69/><D64/><U19/><E0/><V26/><F86/><N who="3" m="48431" /><G78/><T63/><D63/><U117/><E117/><V106/><F105/><W28/><G28/><T2/><D2/><U128/><E128/><V107/><F106/><W72/><G72/><T129/><D129/><U46/><E46/><V100/><F100/><W85/><G97/><T119/><D119/><U10/><E10/><V24/><F107/><W7/><G7/><T98/><D98/><U43/><E43/><N who="2" m="25023" /><F116/><W30/><G30/><T16/><REACH who="0" step="1"/><D6/><REACH who="0" ten="388,130,222,250" step="2"/><U104/><E104/><V83/><F83/><W102/><G102/><T103/><D103/><U130/><E130/><V29/><F29/><W15/><G52/><T84/><D84/><N who="1" m="52487" /><E61/><V57/><F60/><W79/><G79/><T62/><D62/><U48/><E48/><V21/><F101/><W75/><G66/><T132/><D132/><RYUUKYOKU ba="2,1" sc="388,15,130,15,222,-15,250,-15" hai0="13,16,18,23,25,37,38,39,68,69,70,121,122" hai1="5,9,11,12,14,19,59,80,87,89" /><INIT seed="0,3,1,1,4,132" ten="403,145,207,235" oya="0" hai0="15,40,52,135,54,83,109,85,46,128,65,127,97" hai1="21,126,88,95,27,84,59,16,119,104,70,22,44" hai2="12,131,121,63,106,69,9,6,51,77,32,110,113" hai3="125,114,101,115,122,90,33,82,34,62,13,102,1"/><T58/><D135/><U37/><E119/><V3/><F113/><W118/><G118/><T11/><D128/><U71/><E104/><V75/><F110/><W28/><G1/><T116/><D116/><U72/><E72/><V123/><F131/><W38/><G38/><T19/><D109/><U117/><E117/><V57/><F106/><W26/><G122/><T99/><D65/><U43/><E126/><V108/><F108/><W24/><G125/><T66/><D66/><U30/><REACH who="1" step="1"/><E59/><REACH who="1" ten="403,135,207,235" step="2"/><V36/><F123/><W14/><G62/><T47/><D127/><U8/><E8/><V96/><F121/><W81/><G28/><T48/><D58/><U56/><E56/><V105/><F105/><W7/><G7/><T120/><D120/><U53/><E53/><N who="0" m="20585" /><D46/><U5/><E5/><V29/><F9/><W103/><G114/><T98/><D98/><U31/><E31/><V20/><F96/><W124/><G115/><T92/><D97/><U80/><E80/><N who="2" m="45119" /><F6/><W107/><G81/><T4/><D4/><U64/><E64/><N who="2" m="41119" /><F57/><W130/><G124/><T67/><D67/><U10/><E10/><V112/><F112/><W133/><G130/><T17/><D99/><U39/><E39/><V60/><F36/><W94/><G107/><T49/><D83/><U50/><E50/><V55/><F60/><W45/><G82/><T89/><D49/><U73/><E73/><V91/><F51/><W76/><G133/><T78/><D78/><U42/><E42/><V0/><F55/><W2/><G76/><T35/><D17/><U18/><E18/><N who="2" m="10311" /><F91/><W61/><G90/><RYUUKYOKU ba="3,2" sc="403,10,135,10,207,10,235,-30" hai0="11,15,19,35,40,47,48,85,89,92" hai1="16,21,22,27,30,37,43,44,70,71,84,88,95" hai2="0,3,29,32" /><INIT seed="0,4,2,2,0,31" ten="413,145,217,205" oya="0" hai0="119,51,116,37,15,122,125,117,59,46,112,23,2" hai1="26,56,124,5,111,52,38,118,73,29,54,92,72" hai2="96,75,66,3,90,94,99,130,53,45,74,25,21" hai3="19,68,89,77,39,120,18,8,63,48,60,84,64"/><T7/><D2/><U20/><E118/><V13/><F3/><W79/><G39/><T11/><D112/><U86/><E111/><V80/><F130/><W110/><G110/><T62/><D122/><U6/><E38/><V82/><F66/><W16/><G120/><T32/><D32/><U12/><E124/><V109/><F109/><W42/><G8/><T100/><D37/><U85/><E72/><V49/><F99/><W107/><G107/><T87/><D100/><U22/><E73/><V4/><F75/><W57/><G60/><T30/><D87/><N who="1" m="33291" /><E92/><V36/><F74/><W50/><G68/><T27/><D125/><U17/><E54/><V121/><F121/><W0/><G0/><T106/><D106/><U1/><E1/><V10/><REACH who="2" step="1"/><F36/><REACH who="2" ten="413,145,207,205" step="2"/><W14/><G14/><T33/><D117/><U133/><E133/><V91/><F91/><W71/><G71/><T61/><D116/><U101/><E101/><V93/><F93/><N who="3" m="54439" /><G42/><T70/><D119/><U127/><E127/><V24/><F24/><W115/><G115/><T78/><D70/><U108/><E108/><V103/><F103/><W134/><G134/><T126/><D126/><U41/><E41/><V128/><F128/><W102/><G102/><T135/><D135/><U28/><E28/><AGARI ba="4,3" hai="4,10,13,21,25,28,45,49,53,80,82,90,94,96" machi="28" ten="30,3900,0" yaku="1,1,7,1,8,1,53,0" doraHai="31" doraHaiUra="81" who="2" fromWho="1" sc="413,0,145,-51,207,81,205,0" /><INIT seed="1,0,0,4,3,76" ten="413,94,288,205" oya="1" hai0="103,104,114,71,119,106,90,89,74,18,131,133,14" hai1="29,4,45,135,121,94,59,73,33,61,118,111,54" hai2="105,66,120,126,99,40,67,63,23,10,24,0,5" hai3="46,9,107,44,82,3,11,22,50,124,43,84,113"/><U51/><E118/><V91/><F120/><W60/><G113/><T49/><D71/><U31/><E121/><V86/><F126/><W12/><G107/><T36/><D36/><U26/><E135/><V37/><F40/><W1/><G124/><T53/><D74/><U95/><E73/><V55/><F37/><W28/><G1/><T19/><D114/><U62/><E111/><V30/><F99/><W132/><G132/><T17/><D119/><U78/><E4/><V115/><F105/><W2/><G2/><T85/><D133/><U79/><E31/><V20/><F115/><W109/><G109/><T112/><D112/><U134/><E134/><V69/><F55/><W25/><G3/><T97/><D104/><U96/><E62/><V56/><F67/><W13/><G60/><T98/><D98/><U130/><E130/><V75/><F75/><W42/><G9/><T101/><D101/><U16/><E95/><V41/><F41/><W123/><G123/><T58/><D131/><U32/><E32/><V72/><F72/><W87/><G87/><T125/><D90/><U68/><E68/><V27/><F69/><W47/><G43/><T35/><D35/><U70/><E70/><V57/><F56/><W34/><G12/><T129/><D129/><U117/><E117/><V7/><F0/><W80/><G34/><T83/><D125/><U64/><REACH who="1" step="1"/><E16/><REACH who="1" ten="413,84,288,205" step="2"/><N who="2" m="12295" /><F10/><AGARI ba="0,1" hai="10,14,17,18,19,49,53,58,83,85,89,97,103,106" machi="10" ten="30,2000,0" yaku="7,1,52,1" doraHai="76" who="0" fromWho="2" sc="413,30,84,0,288,-20,205,0" /><INIT seed="2,0,0,0,3,101" ten="443,84,268,205" oya="2" hai0="118,84,45,119,106,86,128,80,63,117,110,29,13" hai1="40,96,100,109,56,54,4,93,47,26,19,65,78" hai2="134,36,35,129,7,10,11,97,107,74,22,133,92" hai3="99,17,62,135,75,81,25,131,98,90,38,5,46"/><V6/><F35/><W3/><G131/><T82/><D128/><U108/><E4/><V126/><F36/><W73/><G62/><T120/><D120/><U124/><E124/><V27/><F129/><W15/><G135/><N who="2" m="51721" /><F74/><W33/><G75/><T49/><D110/><U50/><E78/><V85/><F85/><N who="0" m="32874" /><D29/><U51/><E108/><V55/><F55/><W70/><G70/><T59/><D106/><U9/><E109/><V95/><F97/><W88/><G99/><T87/><D13/><U41/><E65/><V53/><F53/><W43/><G98/><T37/><D37/><U68/><E68/><V30/><F107/><W113/><G113/><T52/><D87/><U39/><E39/><V0/><F126/><W32/><G32/><T44/><D44/><U130/><E130/><V18/><F30/><N who="3" m="19663" /><G81/><T28/><D28/><U125/><E125/><V34/><F34/><W66/><G66/><AGARI ba="0,0" hai="45,49,52,59,63,66,80,82,117,118,119" m="32874" machi="66" ten="30,2000,0" yaku="12,1,54,1" doraHai="101" who="0" fromWho="3" sc="443,20,84,0,268,0,205,-20" /><INIT seed="3,0,0,0,1,1" ten="463,84,268,185" oya="3" hai0="74,5,35,115,69,103,63,34,37,107,59,56,60" hai1="47,120,110,87,22,16,99,33,70,50,131,46,45" hai2="71,51,73,4,68,65,38,27,6,129,78,49,0" hai3="114,95,42,81,98,43,8,13,29,23,113,55,106"/><W94/><G106/><T127/><D74/><U108/><E120/><V61/><F38/><W82/><G113/><T135/><D37/><U40/><E33/><V93/><F78/><W58/><G114/><T118/><D69/><U20/><E70/><V123/><F73/><W52/><G23/><T102/><D107/><U66/><E66/><V75/><F75/><W67/><G67/><T7/><D115/><U10/><E131/><V24/><F93/><W96/><G29/><T125/><D135/><U17/><E99/><V132/><F65/><W54/><G58/><T31/><D31/><U80/><E108/><V124/><F61/><W2/><G2/><T128/><D128/><U72/><E72/><V9/><F9/><W134/><G134/><T39/><D39/><U97/><E97/><V111/><F0/><W85/><G95/><T90/><D90/><U12/><E110/><V48/><F48/><W14/><G14/><T88/><D88/><U26/><REACH who="1" step="1"/><E10/><REACH who="1" ten="463,74,268,185" step="2"/><V126/><F111/><W15/><G98/><T109/><D109/><U25/><E25/><V77/><F132/><W28/><G96/><T64/><D64/><U62/><E62/><V104/><F123/><W116/><G8/><T21/><D21/><U32/><E32/><V36/><F104/><W122/><G122/><T53/><D53/><U86/><E86/><V130/><F77/><AGARI ba="0,1" hai="12,16,17,20,22,26,40,45,46,47,50,77,80,87" machi="77" ten="30,7700,0" yaku="1,1,7,1,8,1,54,1,53,0" doraHai="1" doraHaiUra="3" who="1" fromWho="2" sc="463,0,74,87,268,-77,185,0" owari="463,56.3,161,-33.9,191,-0.9,185,-21.5" /></mjloggm>