<mjloggm ver="2.3"><GO type="225" lobby="0"/><UN n0="%E9%A6%AC%E5%BC%95%E7%81%AB%33" n1="%E6%A1%9C%E8%8A%B1%E9%96%83%E3%80%85" n2="%E6%98%93%E5%88%A9%E8%96%A9%E4%BC%AF" n3="%E7%B4%94%E6%BD%94%E3%83%94%E3%83%A9%E3%83%8B%E3%82%A2" dan="16,17,17,17" rate="2073.99,2272.31,2136.10,2201.86" sx="M,M,F,M"/><TAIKYOKU oya="0"/><INIT seed="0,0,0,1,0,92" ten="250,250,250,250" oya="0" hai0="9,71,12,69,58,26,119,129,77,17,132,24,104" hai1="105,101,40,127,81,90,63,110,135,67,122,11,48" hai2="49,52,64,94,82,100,115,103,130,31,28,125,51" hai3="59,98,86,53,60,117,54,95,87,84,73,44,30"/><T124/><D119/><U72/><E122/><V76/><F115/><W36/><G73/><T79/><D124/><U33/><E127/><V108/><F125/><W85/><G117/><T14/><D129/><U23/><E33/><V116/><F116/><W88/><N who="3" m="21504" /><DORA hai="80" /><W27/><G36/><T56/><D104/><U112/><E90/><V68/><F51/><W46/><REACH who="3" step="1"/><G53/><REACH who="3" ten="250,250,250,240" step="2"/><T75/><D75/><U123/><E72/><V83/><F130/><W4/><G4/><T25/><D132/><U39/><E135/><V70/><F83/><W43/><G43/><T10/><D79/><U61/><E40/><V20/><F82/><W22/><AGARI ba="0,1" hai="22,27,30,44,46,54,59,60,88,95,98" m="21504" machi="22" ten="40,16000,3" yaku="1,1,0,1,8,1,52,5,54,1,53,1" doraHai="92,80" doraHaiUra="16,78" who="3" fromWho="3" sc="250,-80,250,-40,250,-40,240,170" /><INIT seed="1,0,0,3,2,65" ten="170,210,210,410" oya="1" hai0="7,71,32,21,83,75,76,3,110,99,118,33,59" hai1="63,87,120,27,24,117,84,55,89,108,104,14,115" hai2="6,88,86,91,133,102,30,37,100,126,57,50,10" hai3="74,127,29,35,93,96,131,51,72,42,122,134,103"/><U22/><E115/><V53/><F133/><W64/><G134/><T28/><D118/><U97/><E117/><V9/><F37/><W125/><G122/><T82/><D110/><U8/><E120/><V95/><F126/><N who="3" m="48139" /><G64/><T77/><D59/><N who="1" m="35327" /><E104/><V1/><F30/><W60/><G60/><T18/><D99/><U13/><E108/><V68/><F68/><W41/><G131/><T52/><D52/><U26/><E22/><V128/><F128/><W78/><G78/><T61/><D28/><U70/><E70/><V17/><REACH who="2" step="1"/><F91/><REACH who="2" ten="170,210,200,410" step="2"/><W79/><G29/><T62/><D71/><U81/><E97/><V119/><F119/><W38/><G38/><T94/><D33/><U45/><E45/><V69/><F69/><W80/><G35/><T111/><D32/><U90/><E8/><V20/><F20/><W112/><G112/><T106/><D21/><U56/><E56/><V43/><F43/><N who="3" m="16395" /><G51/><T31/><D31/><U132/><E132/><V19/><F19/><W25/><G25/><T73/><D18/><U85/><E85/><AGARI ba="0,1" hai="72,74,79,80,85,93,96,103" m="16395,48139" machi="85" ten="30,1000,0" yaku="18,1" doraHai="65" who="3" fromWho="1" sc="170,0,210,-10,200,0,410,20" /><INIT seed="2,0,0,0,4,32" ten="170,200,200,430" oya="2" hai0="97,105,77,45,75,85,112,104,74,70,34,123,130" hai1="121,3,96,90,108,76,2,25,51,103,129,110,94" hai2="79,24,33,111,99,67,68,107,60,125,13,17,26" hai3="78,23,100,50,30,88,109,47,80,46,4,117,31"/><V1/><F125/><W15/><G117/><T122/><D70/><U59/><E129/><V41/><F111/><N who="1" m="42537" /><E121/><N who="0" m="46089" /><D45/><U114/><E114/><V22/><F41/><W21/><G109/><T113/><D34/><U27/><E76/><V54/><F79/><W19/><G100/><N who="0" m="62479" /><D130/><U131/><E131/><V116/><F116/><W20/><G4/><T18/><D18/><U38/><E38/><V135/><F135/><W132/><G46/><T6/><D6/><U39/><E103/><N who="2" m="62975" /><F54/><W126/><G126/><T36/><D36/><U81/><E81/><V42/><F26/><N who="1" m="9737" /><E39/><V56/><F56/><W91/><G132/><T40/><D40/><U8/><E8/><V58/><F58/><W118/><G118/><T127/><D127/><U57/><E57/><V82/><F82/><W115/><G115/><N who="0" m="44107" /><D105/><U84/><E59/><V73/><F42/><N who="3" m="24951" /><G78/><T7/><D7/><U14/><E51/><V55/><F55/><W10/><G80/><AGARI ba="0,0" hai="74,75,77,80,85" m="44107,62479,46089" machi="80" ten="30,2000,0" yaku="34,2" doraHai="32" who="0" fromWho="3" sc="170,20,200,0,200,0,430,-20" /><INIT seed="3,0,0,4,1,17" ten="190,200,200,410" oya="3" hai0="14,130,102,2,16,18,24,135,66,101,108,91,112" hai1="46,3,7,51,107,4,93,109,15,120,114,79,127" hai2="113,13,67,122,89,43,88,92,12,96,118,80,105" hai3="76,44,61,104,100,84,86,41,68,35,128,77,20"/><W54/><G35/><T23/><D2/><U124/><E107/><V94/><F113/><W69/><G104/><T132/><D112/><U97/><E114/><V21/><F105/><W34/><G34/><T30/><D108/><U78/><E120/><V52/><F118/><W45/><G100/><T60/><D130/><U75/><E3/><V48/><F67/><W49/><G128/><T5/><D5/><N who="1" m="2123" /><E15/><V134/><F43/><W36/><G20/><N who="0" m="15623" /><D18/><U62/><E62/><V63/><F63/><W32/><G61/><T129/><D129/><U42/><E75/><V25/><F80/><W26/><G26/><T47/><D47/><U40/><E109/><V133/><F122/><W115/><G84/><T64/><D64/><U73/><E73/><V116/><F116/><W87/><G49/><T90/><D102/><N who="1" m="60719" /><E40/><V121/><F121/><W111/><G44/><T65/><D101/><U56/><E56/><N who="2" m="32775" /><F134/><N who="0" m="51242" /><D65/><U119/><E119/><V8/><F8/><W31/><G68/><AGARI ba="0,0" hai="14,16,23,60,66,68,90,91" m="51242,15623" machi="68" ten="30,7700,0" yaku="20,1,52,2,54,1" doraHai="17" who="0" fromWho="3" sc="190,77,200,0,200,0,410,-77" owari="267,6.7,200,-20.0,200,-30.0,333,43.3" /></mjloggm>