<mjloggm ver="2.3"><GO type="225" lobby="0"/><UN n0="%E6%A1%9C%E8%8A%B1%E9%96%83%E3%80%85" n1="%E3%82%BC%E3%83%AB%E3%83%80%E3%81%AE%E4%BC%9D%E8%AA%AC" n2="%72%61%6B%33" n3="%E3%83%A9%E3%83%BC%E3%83%A1%E3%83%B3%E4%BA%94%E9%83%8E" dan="16,17,16,16" rate="2199.45,2141.87,2112.82,2083.41" sx="M,M,M,M"/><TAIKYOKU oya="0"/><INIT seed="0,0,0,4,4,128" ten="250,250,250,250" oya="0" hai0="35,91,119,115,19,89,80,99,116,0,66,132,121" hai1="69,20,76,118,108,113,36,14,129,25,77,61,53" hai2="64,62,92,9,96,34,5,44,24,49,8,48,131" hai3="106,112,47,101,42,130,94,85,56,11,134,135,37"/><T28/><D115/><U111/><E118/><V52/><F131/><W75/><G130/><T4/><D121/><U110/><E129/><V41/><F34/><W15/><G112/><T71/><D19/><U86/><E113/><V2/><F24/><W50/><G75/><T58/><D58/><N who="1" m="35023" /><E36/><V32/><F32/><W10/><G106/><T55/><D55/><U29/><E69/><V30/><F30/><W27/><G27/><N who="0" m="18847" /><D80/><N who="1" m="47367" /><E77/><V43/><F8/><W133/><G56/><T70/><D4/><U13/><AGARI ba="0,0" hai="13,14,20,25,29,108,110,111" m="47367,35023" machi="13" ten="40,1500,0" yaku="14,1" doraHai="128" who="1" fromWho="1" sc="250,-7,250,15,250,-4,250,-4" /><INIT seed="1,0,0,3,3,53" ten="243,265,246,246" oya="1" hai0="70,59,105,127,87,34,9,12,88,110,7,125,74" hai1="107,13,50,11,67,26,129,71,75,42,27,22,23" hai2="3,114,96,65,14,44,46,76,83,4,69,85,78" hai3="28,25,32,24,111,97,1,47,104,77,99,30,41"/><U19/><E75/><V131/><F131/><W40/><G1/><T57/><D74/><U20/><E107/><V56/><F114/><W119/><G111/><T68/><D105/><U37/><E37/><V102/><F3/><W109/><G109/><T121/><D34/><U51/><E129/><V39/><F69/><N who="0" m="26730" /><D110/><U80/><E71/><V66/><F76/><W130/><G130/><T81/><D121/><U113/><E113/><V18/><F4/><W106/><G119/><T5/><D5/><U135/><E135/><V36/><F36/><W55/><G77/><T120/><D120/><U61/><E80/><V72/><F72/><W128/><G128/><T63/><D63/><U126/><E126/><AGARI ba="0,0" hai="7,9,12,57,59,81,87,88,125,126,127" m="26730" machi="126" ten="30,7700,0" yaku="18,1,52,2,54,1" doraHai="53" who="0" fromWho="1" sc="243,77,265,-77,246,0,246,0" /><INIT seed="2,0,0,3,3,11" ten="320,188,246,246" oya="2" hai0="19,128,34,117,72,83,3,4,29,132,24,95,67" hai1="113,13,84,52,53,56,129,90,86,58,17,18,78" hai2="51,97,91,26,60,79,105,123,99,54,127,130,131" hai3="75,22,104,120,37,88,65,44,21,76,38,114,122"/><V124/><F123/><W108/><G104/><T0/><D128/><N who="2" m="49194" /><F60/><W8/><G65/><T10/><D132/><U80/><E129/><V28/><F79/><W103/><G103/><T74/><D117/><U106/><E106/><V111/><F91/><W57/><G108/><T110/><D110/><U35/><E35/><N who="2" m="20887" /><F111/><W121/><G114/><T39/><D0/><U2/><E2/><V40/><F40/><W64/><G76/><T69/><D95/><U119/><E119/><V134/><F134/><W89/><G121/><T48/><D48/><U20/><E113/><V25/><F25/><W7/><G122/><T55/><D55/><N who="1" m="21067" /><E18/><V135/><F135/><W41/><G120/><T23/><D83/><AGARI ba="0,0" hai="13,17,20,56,58,78,80,83,84,86,90" m="21067" machi="83" ten="30,3900,0" yaku="8,1,52,1,54,1" doraHai="11" who="1" fromWho="0" sc="320,-39,188,39,246,0,246,0" /><INIT seed="3,0,0,0,4,105" ten="281,227,246,246" oya="3" hai0="70,2,14,38,128,95,7,5,73,101,120,17,90" hai1="84,49,35,83,19,32,122,97,8,23,74,16,89" hai2="40,48,28,82,93,33,102,31,103,117,25,52,69" hai3="124,30,134,77,112,88,75,0,91,47,114,108,22"/><W126/><G0/><T51/><D38/><U100/><E122/><V71/><F117/><W24/><G134/><T87/><D120/><U78/><E49/><V109/><F109/><W81/><G108/><T131/><D70/><U63/><E63/><V96/><F103/><W79/><G79/><T1/><D51/><U53/><E53/><V118/><F118/><W94/><G47/><T99/><D7/><U92/><E8/><V65/><F31/><W15/><G15/><T130/><D5/><U67/><E67/><V9/><F40/><W68/><G68/><T54/><D54/><U26/><REACH who="1" step="1"/><E19/><REACH who="1" ten="281,217,246,246" step="2"/><V107/><F65/><W11/><G11/><N who="0" m="6367" /><D73/><U133/><E133/><V37/><F9/><W4/><G4/><T60/><D60/><U61/><E61/><V45/><F37/><W43/><G43/><T66/><D66/><U119/><E119/><V123/><F123/><W58/><G58/><T29/><D29/><U44/><E44/><V115/><F69/><W34/><G34/><T13/><D13/><U59/><E59/><V39/><F71/><W72/><G72/><T20/><D20/><U127/><E127/><N who="3" m="48682" /><G91/><T116/><D116/><U12/><E12/><V98/><F39/><W85/><AGARI ba="0,1" hai="22,24,30,75,77,81,85,88,94,112,114" m="48682" machi="85" ten="30,6000,0" yaku="18,1,52,1,54,1" doraHai="105" who="3" fromWho="3" sc="281,-20,217,-20,246,-20,246,70" owari="261,6.1,197,-30.3,226,-17.4,316,41.6" /></mjloggm>