<mjloggm ver="2.3"><GO type="225" lobby="0"/><UN n0="%E8%B5%A4%E3%81%84%E8%9B%99%31%31" n1="%E3%83%96%E3%83%83%E3%83%91%E3%82%AA%E3%83%96%E3%83%81%E3%82%AD%E3%83%B3" n2="%70%6E%64%73%6E%67" n3="%E3%82%A2%E3%83%9E%E3%83%9D%EF%BD%9E%EF%BD%9E%E3%83%A9" dan="16,16,16,17" rate="2077.01,2156.65,2111.41,2125.36" sx="M,M,M,M"/><TAIKYOKU oya="0"/><INIT seed="0,0,0,1,1,118" ten="250,250,250,250" oya="0" hai0="66,85,87,91,25,26,35,56,61,48,14,101,15" hai1="49,23,94,65,54,113,135,96,133,82,99,86,109" hai2="103,0,95,18,84,110,98,10,107,28,92,62,124" hai3="90,63,123,22,97,72,131,12,69,42,53,33,78"/><T46/><D101/><U36/><E36/><V2/><F110/><W122/><G33/><T51/><D51/><U126/><E109/><V89/><F124/><W4/><G42/><T132/><D132/><N who="1" m="50763" /><E126/><V50/><F28/><W5/><G131/><T57/><D57/><N who="1" m="32975" /><E113/><V119/><F119/><W93/><G78/><T68/><D68/><U41/><E41/><V37/><F37/><W43/><G72/><T120/><D120/><N who="3" m="46121" /><G43/><N who="0" m="24671" /><D35/><U76/><E65/><V13/><F50/><W111/><G111/><T52/><D66/><U40/><E40/><V102/><REACH who="2" step="1"/><F62/><REACH who="2" ten="250,250,240,250" step="2"/><W125/><G125/><T117/><D117/><U128/><E128/><V73/><F73/><W39/><G39/><T19/><D87/><N who="1" m="48583" /><E23/><V127/><F127/><W114/><G114/><T6/><D85/><U75/><E75/><V11/><F11/><W106/><G22/><N who="0" m="11639" /><D91/><AGARI ba="0,1" hai="86,91,94,96,99" m="48583,32975,50763" machi="91" ten="30,1000,0" yaku="20,1" doraHai="118" who="1" fromWho="0" sc="250,-10,250,20,240,0,250,0" /><INIT seed="1,0,0,0,0,115" ten="240,270,240,250" oya="1" hai0="71,8,44,63,118,43,129,5,37,93,10,11,120" hai1="42,23,131,40,28,117,79,114,87,33,61,86,7" hai2="50,99,121,103,67,125,65,38,74,78,107,96,39" hai3="52,75,95,85,135,32,58,64,6,27,47,89,69"/><U94/><E114/><V126/><F121/><W68/><G135/><T18/><D120/><U35/><E131/><V82/><F99/><W133/><G133/><T51/><D129/><U108/><E7/><V9/><F50/><W16/><G75/><T101/><D118/><U91/><E108/><V2/><F67/><W26/><G6/><T76/><D76/><U36/><E36/><V110/><F65/><W130/><G130/><T88/><D101/><U80/><E117/><V134/><F134/><W54/><G32/><T48/><D5/><U90/><E35/><V132/><F132/><W72/><G72/><T49/><D71/><U109/><E33/><V122/><F122/><W98/><G64/><T13/><REACH who="0" step="1"/><D63/><REACH who="0" ten="230,270,240,250" step="2"/><U70/><E109/><V128/><F128/><W12/><G69/><T81/><D81/><N who="1" m="47423" /><E70/><V45/><F110/><W112/><G68/><T55/><D55/><U119/><E61/><V123/><F123/><W31/><G112/><T24/><D24/><N who="1" m="16415" /><E119/><V92/><F78/><W77/><G27/><T111/><D111/><U19/><E19/><V46/><F82/><N who="3" m="47311" /><G26/><T20/><D20/><U116/><E116/><V3/><F74/><W84/><G31/><T30/><D30/><U21/><E21/><V73/><F73/><W97/><G54/><T41/><D41/><U56/><E56/><V25/><F25/><W15/><G58/><T105/><D105/><U14/><E40/><N who="2" m="22679" /><F107/><W127/><G52/><T106/><D106/><U102/><E42/><N who="2" m="22879" /><F9/><W60/><G60/><T104/><D104/><U22/><E102/><V57/><F57/><W124/><G16/><RYUUKYOKU ba="0,1" sc="230,15,270,-15,240,15,250,-15" hai0="8,10,11,13,18,37,43,44,48,49,51,88,93" hai2="2,3,92,96,103,125,126" /><INIT seed="2,1,1,4,4,65" ten="245,255,255,235" oya="2" hai0="119,14,38,5,77,74,36,52,126,27,30,53,61" hai1="107,64,56,34,71,55,0,116,128,60,26,10,66" hai2="88,96,25,1,40,121,81,19,42,117,105,132,92" hai3="125,43,90,108,32,23,134,106,94,113,45,41,122"/><V78/><F117/><W47/><G106/><T76/><D119/><U100/><E116/><V12/><F121/><W49/><G32/><T57/><D126/><U97/><E128/><V114/><F1/><W133/><G122/><T91/><D91/><U73/><E73/><V50/><F114/><W83/><G125/><T15/><D74/><U80/><E80/><V28/><F132/><N who="3" m="50795" /><G108/><T16/><D38/><U111/><E111/><V58/><F105/><W46/><G83/><T104/><D104/><U120/><E120/><V131/><F131/><W2/><G2/><T98/><D98/><U18/><E66/><V13/><F58/><W95/><G113/><T6/><D36/><U35/><E26/><V110/><F110/><W22/><G47/><T31/><D53/><U59/><E59/><V103/><F103/><W63/><G63/><T68/><D68/><U93/><E107/><V39/><F39/><N who="3" m="21695" /><G95/><T84/><D27/><U135/><E135/><V8/><F50/><W54/><G43/><T4/><D15/><U67/><E0/><V89/><F13/><W82/><G82/><N who="0" m="47175" /><D77/><U102/><E102/><V37/><F37/><W11/><G11/><AGARI ba="1,1" hai="4,5,6,11,14,16,30,31,52,57,61" m="47175" machi="11" ten="30,3900,0" yaku="8,1,54,2" doraHai="65" who="0" fromWho="3" sc="245,52,255,0,255,0,235,-42" /><INIT seed="3,0,0,1,2,72" ten="297,255,255,193" oya="3" hai0="127,31,83,76,49,102,10,110,11,93,27,107,16" hai1="58,35,4,14,56,71,129,100,59,17,30,113,95" hai2="96,46,99,105,7,121,6,132,3,128,41,115,108" hai3="92,80,50,2,19,21,125,87,53,109,25,54,68"/><W61/><G125/><T75/><D107/><U69/><E113/><V111/><F115/><W124/><G124/><T97/><D127/><U82/><E4/><N who="2" m="1579" /><F3/><W0/><G109/><N who="2" m="42057" /><F105/><W78/><G92/><T130/><D130/><U62/><E129/><V67/><F128/><W120/><G120/><T22/><D110/><U86/><E62/><V40/><F121/><W42/><G42/><N who="2" m="16489" /><F132/><W94/><G94/><T52/><D31/><U28/><E95/><V89/><F89/><W85/><G85/><T91/><D91/><U98/><E98/><N who="2" m="37419" /><F67/><W36/><G36/><T134/><D134/><U63/><E100/><V24/><F24/><W64/><REACH who="3" step="1"/><G53/><REACH who="3" ten="297,255,255,183" step="2"/><T116/><D116/><U1/><E86/><V73/><F73/><W37/><G37/><T12/><D27/><U57/><E82/><V39/><F39/><W114/><G114/><T70/><D70/><U26/><E71/><V51/><F51/><W79/><G79/><T126/><D126/><U13/><E69/><V122/><F122/><W74/><G74/><T88/><D102/><U119/><E26/><V84/><F84/><W29/><G29/><T43/><D43/><U104/><E30/><V90/><F90/><W135/><G135/><T48/><D48/><U44/><E28/><V65/><F65/><W81/><G81/><T34/><D49/><U118/><E118/><V123/><F123/><W18/><G18/><T133/><D133/><U9/><E17/><V45/><AGARI ba="0,1" hai="45,46" m="37419,16489,42057,1579" machi="45" ten="40,5200,0" yaku="28,2,14,1" doraHai="72" who="2" fromWho="2" sc="297,-13,255,-13,255,62,183,-26" owari="284,8.4,242,-15.8,317,41.7,157,-34.3" /></mjloggm>