<mjloggm ver="2.3"><GO type="225" lobby="0"/><UN n0="%72%65%6E%6B%75%6E" n1="%E3%81%82%E3%81%84%E3%81%82%E3%81%8A%E3%81%84" n2="%E8%81%B7%E6%A5%AD%E3%80%81%E9%A2%A8%32" n3="%E3%81%BF%E3%81%BF%E3%81%9A" dan="17,18,16,17" rate="2186.38,2188.16,2146.73,2219.85" sx="M,M,M,M"/><TAIKYOKU oya="0"/><INIT seed="0,0,0,5,3,77" ten="250,250,250,250" oya="0" hai0="48,0,92,54,22,25,116,73,94,53,108,19,38" hai1="35,90,129,4,89,113,3,98,21,82,81,63,96" hai2="122,49,20,59,135,5,29,24,88,109,23,52,128" hai3="61,51,71,18,60,12,78,32,126,11,14,86,33"/><T123/><D116/><U40/><E35/><V41/><F122/><W26/><G126/><T6/><D123/><U101/><E129/><V72/><F128/><W119/><G119/><T42/><D73/><U80/><E113/><V65/><F109/><W30/><G71/><T69/><D69/><U64/><E40/><V34/><F72/><W15/><G33/><T100/><D108/><U105/><E96/><V31/><F135/><W36/><G36/><T93/><D38/><U47/><E47/><N who="2" m="25839" /><F34/><W56/><G51/><T132/><D100/><U117/><E117/><V106/><F106/><W107/><G107/><T76/><D76/><U75/><E75/><V66/><F5/><W43/><G61/><T127/><D127/><U16/><E4/><V102/><F102/><W111/><G43/><T104/><D104/><U114/><E3/><V84/><F23/><W44/><G44/><T91/><D91/><U17/><E114/><V115/><F31/><W134/><G134/><T68/><D68/><U99/><E99/><V37/><F37/><W8/><G11/><T28/><D132/><U13/><REACH who="1" step="1"/><E17/><REACH who="1" ten="250,240,250,250" step="2"/><V112/><F115/><W70/><G111/><T74/><D74/><U79/><E79/><V131/><F131/><W39/><G39/><T50/><D42/><U87/><E87/><V62/><F112/><W1/><G1/><T57/><D0/><U83/><N who="1" m="20480" /><DORA hai="45" /><U7/><E7/><V124/><F124/><W85/><G78/><T9/><D6/><U10/><E10/><V110/><F110/><W27/><G8/><T103/><D9/><U46/><E46/><RYUUKYOKU ba="0,1" sc="250,-15,240,15,250,15,250,-15" hai1="13,16,21,63,64,89,90,98,101,105" hai2="20,24,29,52,59,62,65,66,84,88" /><INIT seed="1,1,1,2,0,28" ten="235,255,265,235" oya="1" hai0="93,49,61,5,39,118,46,57,106,62,7,85,88" hai1="76,99,10,110,26,52,125,44,34,41,50,11,119" hai2="9,43,69,25,132,89,128,123,54,109,13,24,60" hai3="126,116,30,82,45,6,0,63,95,120,48,33,86"/><U112/><E112/><V117/><F123/><W2/><G120/><T101/><D118/><U97/><E119/><V15/><F117/><W14/><G116/><T104/><D39/><U36/><E125/><V42/><F109/><W108/><G95/><T84/><D84/><U38/><E110/><V16/><F128/><W91/><G108/><T67/><D61/><U58/><E38/><V66/><F132/><W12/><G126/><T114/><D114/><U131/><E131/><V77/><F77/><W94/><G63/><T87/><D87/><U27/><E76/><V96/><F54/><W83/><G0/><T51/><D51/><U1/><E1/><V19/><F42/><W107/><G107/><T37/><D37/><U130/><E130/><V74/><F43/><W65/><G65/><T40/><REACH who="0" step="1"/><D101/><REACH who="0" ten="225,255,265,235" step="2"/><U4/><E36/><V100/><F74/><W18/><G83/><T8/><D8/><U72/><E72/><V64/><F89/><W22/><G82/><T127/><D127/><U20/><E11/><V3/><F66/><W102/><G102/><T78/><D78/><U47/><E10/><V68/><F64/><W80/><G80/><T113/><D113/><U79/><E50/><V21/><F60/><W35/><G48/><T129/><D129/><U124/><E79/><V122/><F9/><N who="3" m="4151" /><G2/><T115/><D115/><U53/><E124/><V75/><F3/><W90/><G90/><T23/><D23/><U31/><E20/><V135/><F100/><W133/><G133/><T32/><D32/><N who="3" m="12361" /><G45/><T92/><D92/><U98/><E47/><V111/><F135/><RYUUKYOKU ba="1,2" sc="225,15,255,-15,265,-15,235,15" hai0="5,7,40,46,49,57,62,67,85,88,93,104,106" hai3="14,18,22,30,86,91,94" /><INIT seed="2,2,2,0,4,44" ten="240,240,250,250" oya="2" hai0="70,30,50,52,105,43,11,74,127,23,13,63,131" hai1="80,72,106,123,53,6,5,56,110,115,62,28,117" hai2="48,76,109,103,32,99,86,7,41,65,15,121,89" hai3="132,8,77,26,4,36,18,79,116,16,49,66,102"/><V122/><F32/><W71/><G36/><T37/><D105/><U60/><E106/><V78/><F109/><W14/><G116/><T81/><D127/><U12/><E115/><V24/><F65/><W3/><G132/><T83/><D131/><U2/><E2/><V54/><F24/><W111/><G111/><T67/><D74/><U0/><E0/><V112/><F112/><W20/><G102/><T55/><D55/><U125/><E110/><V47/><F121/><W21/><REACH who="3" step="1"/><G49/><REACH who="3" ten="240,240,250,240" step="2"/><T120/><D120/><U118/><E123/><V108/><F108/><W38/><G38/><T64/><D37/><U73/><E118/><V95/><F122/><W9/><G9/><T75/><D75/><U113/><E73/><V22/><F41/><W29/><G29/><T101/><D101/><U25/><E28/><V87/><F87/><W94/><G94/><T128/><D43/><U130/><E72/><V40/><F40/><W1/><G1/><T57/><D128/><U33/><E117/><V96/><F96/><W27/><G27/><T84/><D84/><U97/><E25/><V17/><REACH who="2" step="1"/><F7/><REACH who="2" ten="240,240,240,240" step="2"/><W34/><G34/><T91/><D30/><U134/><E97/><V104/><AGARI ba="2,4" hai="15,17,22,47,48,54,76,78,86,89,95,99,103,104" machi="104" ten="20,18000,2" yaku="1,1,2,1,0,1,7,1,52,1,53,1" doraHai="44" doraHaiUra="98" who="2" fromWho="2" sc="240,-62,240,-62,240,226,240,-62" /><INIT seed="2,3,0,1,3,133" ten="178,178,466,178" oya="2" hai0="60,53,118,54,61,91,70,114,107,82,83,96,115" hai1="101,97,10,85,56,20,19,16,69,17,130,100,46" hai2="111,122,58,6,132,125,86,113,59,38,33,9,48" hai3="12,7,63,0,80,77,74,95,25,66,65,106,134"/><V88/><F122/><W112/><G106/><T81/><D118/><U99/><E69/><V21/><F132/><W71/><G134/><T5/><D5/><U68/><E68/><V45/><F33/><W42/><G112/><T128/><D128/><U31/><E130/><V44/><F21/><W131/><G131/><T78/><D78/><U89/><E10/><V51/><F38/><W124/><G66/><T37/><D37/><U14/><E46/><V120/><F111/><W127/><G12/><T55/><D91/><U50/><E50/><V119/><F113/><W47/><G95/><T76/><D76/><U36/><E36/><V110/><F110/><W52/><G52/><T40/><D40/><U49/><E49/><V23/><F23/><W116/><G25/><T43/><D43/><U87/><E56/><V64/><F59/><W79/><G79/><T103/><REACH who="0" step="1"/><D61/><REACH who="0" ten="168,178,466,178" step="2"/><U129/><E129/><V15/><F119/><W41/><G116/><T84/><D84/><U109/><E109/><V29/><F86/><W121/><G121/><T117/><D117/><U90/><E87/><V28/><F6/><W72/><G74/><T32/><D32/><U27/><E85/><V57/><F120/><W98/><G98/><T108/><D108/><U30/><E99/><V93/><F88/><N who="1" m="33897" /><E97/><V13/><F64/><AGARI ba="3,1" hai="53,54,55,60,64,70,81,82,83,96,103,107,114,115" machi="64" ten="40,1300,0" yaku="1,1,53,0" doraHai="133" doraHaiUra="1" who="0" fromWho="2" sc="168,32,178,0,466,-22,178,0" /><INIT seed="3,0,0,3,5,93" ten="200,178,444,178" oya="3" hai0="12,101,16,19,120,122,131,103,112,74,14,62,75" hai1="107,135,82,18,83,95,20,28,7,70,23,67,48" hai2="50,102,58,60,132,6,73,77,54,24,89,13,104" hai3="52,10,47,65,129,55,43,26,81,0,35,90,4"/><W59/><G129/><T21/><D62/><U109/><E107/><V127/><F132/><W46/><G65/><T86/><D86/><U38/><E38/><V68/><F127/><W39/><G47/><T34/><D21/><U2/><E135/><V71/><F24/><W115/><G115/><T85/><D85/><U78/><E28/><V128/><F77/><W119/><G119/><T113/><D34/><U69/><E67/><V80/><F73/><W134/><G134/><T41/><D41/><U87/><E95/><V98/><F89/><W88/><G55/><T79/><D79/><U72/><E23/><V92/><F104/><W91/><G26/><T49/><D49/><U3/><E48/><V36/><F36/><W37/><G39/><T31/><D31/><U118/><E118/><V1/><F1/><W15/><G0/><T126/><D126/><U27/><E109/><V30/><F68/><W84/><G35/><T5/><D5/><U22/><E22/><V61/><F71/><W57/><G57/><T33/><D33/><U117/><E2/><V105/><F105/><W25/><G25/><T17/><D19/><U45/><E45/><V11/><F128/><AGARI ba="0,0" hai="12,14,16,17,74,75,101,103,112,113,120,122,128,131" machi="128" ten="25,3200,0" yaku="22,2,54,1" doraHai="93" who="0" fromWho="2" sc="200,32,178,0,444,-32,178,0" owari="232,3.2,178,-22.2,412,51.2,178,-32.2" /></mjloggm>