<mjloggm ver="2.3"><GO type="225" lobby="0"/><UN n0="%E9%A6%AC%E5%BC%95%E7%81%AB%33" n1="%E6%97%A5%E6%9B%9C%E6%97%A5%E3%82%88%E3%82%8A%E3%81%AE%E4%BD%BF%E8%80%85" n2="%E3%82%A2%E3%83%9E%E3%83%9D%EF%BD%9E%EF%BD%9E%E3%83%A9" n3="%2D%E8%B1%8A%E5%8F%A3%E3%82%81%E3%81%90%E3%81%BF%2D" dan="17,17,17,17" rate="2192.21,2212.41,2024.55,2196.75" sx="M,M,M,F"/><TAIKYOKU oya="0"/><INIT seed="0,0,0,5,4,52" ten="250,250,250,250" oya="0" hai0="5,46,48,130,93,90,97,72,103,121,43,122,127" hai1="112,124,50,100,57,114,80,7,17,28,38,68,92" hai2="56,83,19,111,117,25,67,91,116,61,123,129,45" hai3="9,99,75,81,63,64,39,128,11,10,70,59,71"/><T104/><D127/><U87/><E68/><V47/><F123/><W36/><G128/><T101/><D130/><U30/><E38/><V108/><F129/><W33/><G33/><T41/><D72/><U62/><E124/><V86/><F25/><W26/><G26/><T106/><D5/><U98/><E7/><V13/><F47/><W78/><G71/><T21/><D41/><U85/><E50/><V125/><F45/><W132/><G132/><T35/><D35/><U53/><E17/><V135/><F135/><W23/><G23/><T133/><D133/><U107/><E107/><V58/><F58/><W34/><G34/><T37/><D37/><U32/><E87/><V42/><F42/><W66/><G99/><T102/><REACH who="0" step="1"/><D21/><REACH who="0" ten="240,250,250,250" step="2"/><U84/><E32/><V8/><REACH who="2" step="1"/><F125/><REACH who="2" ten="240,250,240,250" step="2"/><W120/><G120/><AGARI ba="0,2" hai="43,46,48,90,93,97,101,102,103,104,106,120,121,122" machi="120" ten="40,3900,0" yaku="1,1,2,1,53,0" doraHai="52" doraHaiUra="15" who="0" fromWho="3" sc="240,59,250,0,240,0,250,-39" /><INIT seed="0,1,0,5,2,125" ten="299,250,240,211" oya="0" hai0="33,60,101,134,104,44,116,27,3,127,18,109,86" hai1="95,108,106,32,13,98,9,107,7,2,21,14,122" hai2="79,70,92,94,19,132,90,73,91,89,126,121,117" hai3="51,67,8,102,23,22,93,59,17,81,37,105,110"/><T99/><D116/><U48/><E122/><V75/><F70/><W53/><G110/><T62/><D127/><U71/><E71/><V42/><F126/><W26/><G37/><T1/><D134/><U128/><E32/><V103/><F42/><W28/><G105/><T66/><D109/><U38/><E38/><V72/><F19/><W84/><G8/><T80/><D44/><U46/><E108/><V5/><F5/><W45/><G102/><T12/><D62/><U113/><E113/><V96/><F121/><W74/><G93/><N who="2" m="35945" /><F132/><W4/><G4/><T82/><D82/><U29/><E128/><V131/><F131/><W56/><G74/><T49/><D49/><U35/><E35/><V133/><F117/><W115/><G67/><T87/><D87/><U88/><E29/><V135/><F79/><W52/><G53/><T31/><D18/><U77/><E77/><V6/><F6/><W129/><G115/><T16/><D16/><U130/><E130/><V50/><F50/><W123/><G129/><T11/><D11/><U30/><E2/><V100/><F100/><W0/><G0/><T10/><D10/><U36/><E36/><V111/><F111/><W63/><G63/><T83/><D12/><N who="1" m="5183" /><E107/><AGARI ba="1,0" hai="72,73,75,89,90,91,96,103,107,133,135" m="35945" machi="107" ten="40,2600,0" yaku="34,2" doraHai="125" who="2" fromWho="1" sc="299,0,250,-29,240,29,211,0" /><INIT seed="1,0,0,0,1,44" ten="299,221,269,211" oya="1" hai0="89,70,79,134,76,92,5,40,125,111,28,93,108" hai1="55,53,127,61,24,32,57,9,15,94,13,129,10" hai2="116,130,77,99,62,82,120,6,112,19,84,51,22" hai3="133,2,126,135,72,73,132,101,131,96,41,60,123"/><U65/><E127/><V56/><F116/><W12/><G2/><T34/><D125/><U87/><E129/><V17/><F120/><W68/><G126/><T33/><D134/><U67/><E32/><N who="0" m="12393" /><D70/><U27/><E94/><N who="0" m="36457" /><D28/><U75/><E75/><V128/><F112/><W26/><G123/><T107/><D107/><U25/><E87/><V71/><F99/><W42/><G131/><N who="2" m="50217" /><F6/><W78/><G26/><T58/><D5/><N who="1" m="3247" /><E55/><N who="2" m="31871" /><F22/><W100/><G96/><T38/><D38/><U80/><E80/><V54/><F54/><W46/><G41/><T59/><D40/><U39/><E39/><V45/><F45/><W109/><G46/><T63/><D89/><U91/><E91/><V35/><F35/><W4/><G42/><T124/><D124/><U50/><E61/><V86/><F86/><W119/><G119/><T121/><D121/><U102/><E102/><V81/><F81/><N who="3" m="45255" /><G73/><T85/><D85/><U118/><E118/><V48/><F62/><W30/><G100/><T31/><D59/><U90/><E90/><V117/><F71/><W66/><G101/><T14/><D76/><U23/><E23/><V7/><F7/><AGARI ba="0,0" hai="7,10,15,24,25,27,50,53,57,65,67" m="3247" machi="7" ten="30,2900,0" yaku="8,1,52,1" doraHai="44" who="1" fromWho="2" sc="299,0,221,29,269,-29,211,0" /><INIT seed="1,1,0,2,5,7" ten="299,250,240,211" oya="1" hai0="120,15,66,58,12,110,119,109,32,76,5,24,70" hai1="73,34,94,1,96,23,21,33,56,52,134,84,107" hai2="8,132,9,50,28,71,39,3,54,27,124,108,2" hai3="130,121,79,133,115,64,49,102,72,95,41,40,14"/><U55/><E73/><V128/><F39/><W117/><G121/><T25/><D119/><U29/><E107/><V46/><F108/><N who="0" m="41578" /><D70/><U118/><E1/><V80/><F124/><W20/><G115/><T116/><D116/><U112/><E112/><V63/><F128/><W37/><G37/><T60/><D120/><U90/><E118/><V45/><F132/><W123/><G123/><T0/><D76/><U57/><E134/><V10/><F46/><W101/><G117/><T42/><D42/><U86/><E29/><V35/><REACH who="2" step="1"/><F80/><REACH who="2" ten="299,250,230,211" step="2"/><W51/><G130/><T67/><D32/><U122/><E122/><V17/><F17/><W125/><G125/><T22/><D5/><U129/><E129/><V98/><F98/><W31/><G133/><T93/><D22/><N who="1" m="8203" /><E33/><V75/><F75/><W99/><G72/><T44/><D44/><U38/><E34/><V88/><F88/><W135/><G99/><T43/><D43/><U4/><E4/><V65/><AGARI ba="1,1" hai="2,3,8,9,10,27,28,35,45,50,54,63,65,71" machi="65" ten="30,8000,1" yaku="1,1,0,1,52,3,53,0" doraHai="7" doraHaiUra="92" who="2" fromWho="2" sc="299,-21,250,-41,230,93,211,-21" /><INIT seed="2,0,0,2,3,119" ten="278,209,323,190" oya="2" hai0="71,108,120,69,0,90,23,47,45,62,60,110,130" hai1="33,58,12,122,49,4,133,5,15,126,125,2,57" hai2="95,129,59,113,112,103,77,67,35,52,98,38,36" hai3="101,44,94,100,86,24,134,43,32,61,66,63,124"/><V72/><F67/><W17/><G124/><N who="1" m="47722" /><E33/><V30/><F129/><W117/><G117/><T40/><D0/><U83/><E133/><V54/><F72/><W11/><G134/><T51/><D90/><U29/><E29/><V131/><F77/><W128/><G128/><T9/><D9/><U70/><E70/><N who="0" m="26633" /><D23/><U22/><E2/><V21/><F35/><W50/><G66/><T99/><D99/><U80/><E122/><V31/><F131/><W34/><G34/><T79/><D79/><U84/><E22/><V48/><F31/><W19/><G32/><T102/><D102/><N who="3" m="39529" /><G24/><T26/><D26/><U37/><E37/><V20/><F38/><W14/><G19/><T13/><D13/><N who="1" m="5195" /><E49/><V89/><F36/><W46/><G46/><N who="0" m="26055" /><D130/><U93/><E93/><N who="2" m="58831" /><F30/><W8/><G8/><T91/><D91/><AGARI ba="0,0" hai="11,14,17,43,44,50,61,63,86,91,94" m="39529" machi="91" ten="30,1000,0" yaku="8,1" doraHai="119" who="3" fromWho="0" sc="278,-10,209,0,323,0,190,10" /><INIT seed="3,0,0,5,1,78" ten="268,209,323,200" oya="3" hai0="117,20,50,132,43,18,135,10,30,21,105,45,44" hai1="114,84,14,119,124,91,81,29,17,27,97,79,42" hai2="62,24,31,40,77,83,28,101,73,60,118,115,49" hai3="90,93,22,65,68,126,7,87,13,64,92,134,121"/><W111/><G121/><T98/><D117/><U127/><E42/><V103/><F115/><W133/><G126/><N who="1" m="48170" /><E114/><V112/><F118/><W110/><G93/><T85/><D85/><U9/><E119/><V41/><F112/><W76/><G76/><T66/><D66/><N who="3" m="25705" /><G68/><T8/><D45/><U3/><E3/><V102/><F31/><W2/><G2/><T120/><D120/><U129/><E129/><V61/><REACH who="2" step="1"/><F49/><REACH who="2" ten="268,209,313,200" step="2"/><W39/><G39/><T109/><D50/><U26/><E29/><V19/><F19/><N who="3" m="10607" /><G7/><T100/><D18/><U56/><E56/><V108/><F108/><AGARI ba="0,1" hai="87,90,92,108,110,111,133,134" m="10607,25705" machi="108" ten="30,2900,0" yaku="14,1,10,1" doraHai="78" who="3" fromWho="2" sc="268,0,209,0,313,-29,200,39" /><INIT seed="3,1,0,0,0,66" ten="268,209,284,239" oya="3" hai0="1,90,81,78,27,126,118,41,98,2,97,26,6" hai1="77,3,65,135,64,16,22,24,80,63,92,88,130" hai2="50,86,34,106,28,117,17,11,58,68,30,47,70" hai3="4,36,116,109,35,85,10,31,74,0,67,132,129"/><W127/><RYUUKYOKU type="yao9" ba="1,0" sc="268,0,209,0,284,0,239,0" hai3="0,4,10,31,35,36,67,74,85,109,116,127,129,132" /><INIT seed="3,2,0,1,1,10" ten="268,209,284,239" oya="3" hai0="111,131,88,113,85,95,24,117,9,27,62,135,39" hai1="44,130,110,3,50,42,63,20,61,115,65,29,91" hai2="93,49,108,5,78,48,41,98,46,11,97,47,87" hai3="36,75,96,34,77,103,86,56,81,43,116,54,14"/><W104/><G116/><T57/><D117/><U123/><E115/><V84/><F108/><W109/><G34/><T106/><D111/><U89/><E123/><V114/><F114/><W22/><G109/><T64/><D113/><U105/><E105/><V37/><F37/><W28/><G36/><T0/><D131/><U132/><E3/><V35/><F35/><W121/><G43/><T13/><D0/><U55/><E110/><V2/><F78/><W134/><G121/><T112/><D106/><U33/><E33/><V94/><F98/><W102/><G102/><T66/><D112/><U120/><E120/><V52/><F94/><W38/><G38/><T30/><D135/><U133/><E130/><V124/><F124/><W7/><G134/><N who="1" m="51818" /><E42/><V8/><F8/><W74/><G7/><T58/><D30/><U19/><E29/><V1/><F1/><W80/><G80/><T31/><D31/><U118/><E118/><V59/><F47/><W51/><REACH who="3" step="1"/><G28/><REACH who="3" ten="268,209,284,229" step="2"/><T101/><D101/><AGARI ba="2,1" hai="2,5,11,41,46,48,49,52,59,84,87,93,97,101" machi="101" ten="30,2000,0" yaku="7,1,54,1" doraHai="10" who="2" fromWho="0" sc="268,-26,209,0,284,36,229,0" owari="242,4.2,209,-29.1,320,42.0,229,-17.1" /></mjloggm>