<mjloggm ver="2.3"><GO type="225" lobby="0"/><UN n0="%E3%82%A4%E3%83%BC%E3%82%B1%E3%83%97%E3%83%A9" n1="%72%61%6B%33" n2="%E3%83%B4%E3%83%A0%EF%BC%99%E3%81%A6" n3="%E3%83%96%E3%83%83%E3%83%91%E3%82%AA%E3%83%96%E3%83%81%E3%82%AD%E3%83%B3" dan="17,16,16,16" rate="2221.65,2075.85,2175.83,2226.45" sx="M,M,M,M"/><TAIKYOKU oya="0"/><INIT seed="0,0,0,3,4,72" ten="250,250,250,250" oya="0" hai0="129,123,130,60,102,112,69,27,73,41,31,67,40" hai1="1,56,119,52,25,6,50,28,48,107,46,84,110" hai2="103,118,127,88,135,20,114,34,42,128,39,29,63" hai3="61,0,95,76,80,108,59,15,116,91,70,105,43"/><T104/><D112/><U30/><E110/><V21/><F114/><W36/><G108/><T75/><D123/><U77/><E119/><V109/><F109/><W134/><G116/><T113/><D113/><U12/><E107/><V98/><F118/><W87/><G134/><T57/><D57/><U22/><E1/><V64/><F127/><W5/><G105/><T83/><D41/><U85/><E30/><V2/><F2/><W44/><G70/><T132/><D40/><U26/><E26/><V17/><F128/><N who="0" m="49258" /><D132/><U18/><E6/><V14/><F34/><W99/><G0/><T89/><D102/><U93/><E93/><V37/><F103/><W71/><G71/><T49/><D49/><U35/><REACH who="1" step="1"/><E77/><REACH who="1" ten="250,240,250,250" step="2"/><V66/><F135/><W51/><G36/><T81/><D104/><U133/><E133/><V58/><F37/><W78/><G5/><T24/><D27/><U10/><E10/><V79/><F79/><N who="3" m="46495" /><G15/><T23/><D83/><U90/><E90/><V8/><F39/><W54/><AGARI ba="0,1" hai="43,44,51,54,59,61,76,78,91,95,99" m="46495" machi="54" ten="30,7900,0" yaku="8,1,52,3" doraHai="72" who="3" fromWho="3" sc="250,-39,240,-20,250,-20,250,89" /><INIT seed="1,0,0,0,3,20" ten="211,220,230,339" oya="1" hai0="64,122,49,42,131,75,101,14,67,5,99,12,127" hai1="78,73,22,118,51,60,39,79,53,40,103,15,86" hai2="48,105,91,129,97,85,7,89,59,23,11,31,0" hai3="104,121,68,128,81,3,107,98,135,45,17,37,63"/><U28/><E118/><V82/><F129/><W4/><G121/><T70/><D75/><U109/><E73/><V35/><F35/><W44/><G128/><T30/><D131/><U25/><E109/><V84/><F105/><W16/><G135/><T32/><D127/><U116/><E116/><V1/><F97/><W43/><G45/><T130/><D130/><U29/><E103/><V21/><F0/><W74/><G63/><T41/><D122/><U106/><E106/><N who="3" m="40490" /><G98/><T57/><D70/><U33/><E60/><V95/><F59/><W100/><G68/><T111/><D111/><U10/><E86/><V114/><F114/><W50/><G50/><T26/><D99/><U125/><E125/><V124/><F124/><W93/><G93/><T88/><D101/><U108/><E108/><V123/><F123/><W54/><G54/><T52/><D88/><U55/><E55/><V96/><F96/><W27/><G27/><T18/><D5/><U61/><E61/><V62/><F62/><W2/><G2/><T133/><D12/><U120/><E120/><V56/><F56/><W90/><G90/><T13/><D14/><U119/><E119/><V36/><F48/><W66/><G66/><T102/><D102/><U71/><E71/><V80/><F95/><W34/><G34/><T134/><D67/><U69/><E69/><V8/><F1/><W115/><G115/><T92/><D92/><U83/><E33/><V6/><F31/><W58/><G100/><T87/><D64/><U77/><E29/><V19/><F19/><W110/><G110/><T72/><D18/><RYUUKYOKU ba="0,0" sc="211,-10,220,-10,230,30,339,-10" hai2="6,7,8,11,21,23,36,80,82,84,85,89,91" /><INIT seed="2,1,0,3,4,7" ten="201,210,260,329" oya="2" hai0="12,132,121,54,15,123,126,1,108,69,25,124,28" hai1="117,66,93,81,106,128,85,14,88,97,30,89,16" hai2="48,127,122,40,8,86,37,22,79,65,35,53,9" hai3="130,57,2,21,83,109,17,3,70,72,32,100,82"/><V56/><F35/><W76/><G70/><T115/><D69/><U13/><E128/><V47/><F122/><N who="0" m="46602" /><D54/><U60/><E117/><V29/><F127/><N who="0" m="48682" /><D115/><U44/><E106/><V68/><F29/><W133/><G130/><T43/><D43/><U73/><E73/><V111/><F111/><W52/><G133/><T49/><D49/><U74/><E74/><V55/><F55/><W38/><G109/><T119/><D108/><U120/><E120/><V80/><F22/><W20/><G32/><N who="0" m="20495" /><D132/><U26/><E44/><V18/><F18/><W101/><G38/><T4/><D119/><U134/><E134/><V113/><F113/><W50/><G83/><T131/><D131/><U36/><E36/><V110/><F110/><W46/><G101/><T103/><D103/><U5/><E5/><V64/><F64/><W10/><G100/><T61/><D61/><AGARI ba="1,0" hai="8,9,37,40,47,48,53,56,61,65,68,79,80,86" machi="61" ten="40,12000,1" yaku="24,2,52,2" doraHai="7" who="2" fromWho="0" sc="201,-123,210,0,260,123,329,0" /><INIT seed="2,2,0,1,1,41" ten="78,210,383,329" oya="2" hai0="78,26,38,127,134,13,85,99,104,67,54,64,21" hai1="111,114,91,94,19,35,89,118,79,24,122,77,6" hai2="92,7,73,47,135,61,74,50,2,90,51,57,69" hai3="55,14,132,63,70,95,112,66,43,33,10,88,117"/><V1/><F69/><W40/><G117/><T39/><D134/><U31/><E118/><V100/><F100/><W48/><G132/><T82/><D127/><U75/><E114/><V9/><F50/><W108/><G33/><T25/><D39/><U98/><E111/><V105/><F105/><W65/><G108/><T81/><D38/><U42/><E122/><V109/><F1/><W131/><G131/><T116/><D116/><U22/><E75/><V119/><F119/><W36/><G66/><T32/><D104/><U128/><E128/><V120/><F120/><W17/><G36/><T37/><D37/><U80/><E6/><V23/><F23/><W133/><G133/><T56/><D99/><U76/><E42/><V27/><F27/><W102/><G102/><T62/><D32/><U71/><E71/><V29/><F29/><W46/><REACH who="3" step="1"/><G112/><REACH who="3" ten="78,210,383,319" step="2"/><T96/><D96/><AGARI ba="2,1" hai="10,14,17,40,43,46,48,55,63,65,70,88,95,96" machi="96" ten="30,8000,1" yaku="1,1,2,1,7,1,52,1,54,1,53,0" doraHai="41" doraHaiUra="16" who="3" fromWho="0" sc="78,-86,210,0,383,0,319,96" owari="-8,-50.8,210,-19.0,383,18.3,415,51.5" /></mjloggm>