<mjloggm ver="2.3"><GO type="225" lobby="0"/><UN n0="%E3%81%90%E3%81%A1%E3%82%84%E3%81%BE" n1="%E6%B7%91%E5%A5%B3%E3%81%AE%E5%97%9C%E3%81%BF" n2="%E3%83%A9%E3%82%B9%E7%8E%87%EF%BC%93%E5%89%B2" n3="%E4%BF%BA%E3%81%A8%E5%A6%96%E5%A4%A2" dan="16,16,16,16" rate="2149.18,2092.97,2214.76,2134.87" sx="M,M,F,F"/><TAIKYOKU oya="0"/><INIT seed="0,0,0,4,0,126" ten="250,250,250,250" oya="0" hai0="23,6,76,4,31,92,28,105,90,53,29,56,1" hai1="16,73,62,22,66,93,8,107,87,133,35,55,7" hai2="39,13,108,75,63,10,131,98,123,9,106,109,57" hai3="115,12,132,50,70,25,61,135,129,121,134,15,46"/><T113/><D113/><U122/><E73/><V41/><F123/><W26/><G115/><T97/><D1/><U11/><E107/><V19/><F75/><W49/><G121/><T71/><D71/><U112/><E122/><V78/><F78/><W40/><G50/><T96/><D76/><U51/><E35/><V21/><F39/><W124/><G124/><T43/><D43/><U77/><E133/><V118/><F41/><W94/><G94/><T58/><D105/><U5/><E112/><V45/><F45/><W117/><G117/><T38/><D38/><U42/><E42/><V120/><F120/><W103/><G103/><T116/><D116/><U80/><E93/><V48/><F48/><W84/><G84/><T85/><D23/><U37/><E37/><V95/><F106/><W24/><G129/><T67/><D67/><AGARI ba="0,0" hai="12,15,24,25,26,40,46,49,61,67,70,132,134,135" machi="67" ten="50,1600,0" yaku="20,1" doraHai="126" who="3" fromWho="0" sc="250,-16,250,0,250,0,250,16" /><INIT seed="1,0,0,5,2,102" ten="234,250,250,266" oya="1" hai0="127,43,60,74,114,86,109,67,118,123,101,131,91" hai1="46,105,79,16,18,57,61,9,4,80,15,85,121" hai2="71,108,110,3,88,94,24,34,35,99,6,22,129" hai3="90,1,77,30,106,65,124,53,122,10,59,62,37"/><U76/><E121/><V45/><F71/><W47/><G122/><T7/><D123/><U21/><E105/><V44/><F129/><W48/><G124/><T112/><D118/><U130/><E130/><V89/><F6/><W70/><G77/><T75/><D131/><U87/><E46/><N who="2" m="18027" /><F3/><W117/><G117/><T93/><D127/><U69/><E69/><V107/><F89/><W72/><G72/><T49/><D109/><N who="2" m="42090" /><F107/><W58/><G90/><T63/><D7/><U42/><E42/><V14/><F14/><W66/><G30/><AGARI ba="0,0" hai="22,24,30,34,35,88,94,99" m="42090,18027" machi="30" ten="30,2000,0" yaku="14,1,54,1" doraHai="102" who="2" fromWho="3" sc="234,0,250,0,250,20,266,-20" /><INIT seed="2,0,0,3,2,30" ten="234,250,270,246" oya="2" hai0="44,73,52,57,59,69,77,103,110,131,112,61,60" hai1="65,86,84,109,99,58,46,93,67,35,82,68,28" hai2="1,127,81,7,129,45,11,40,113,102,32,83,20" hai3="36,24,56,134,17,66,18,38,88,34,130,116,25"/><V76/><F113/><W51/><G116/><T47/><D112/><U53/><E109/><V13/><F129/><W124/><G130/><T62/><D131/><U4/><E4/><V42/><F127/><W54/><G124/><T95/><D110/><U71/><E46/><V15/><F102/><W111/><G111/><T49/><D73/><U63/><E67/><V135/><F135/><W9/><G134/><T125/><D77/><U16/><E16/><N who="2" m="10255" /><F15/><W75/><G75/><T101/><D125/><U117/><E117/><V108/><F42/><W39/><G66/><N who="0" m="39183" /><D69/><U31/><E35/><V98/><F98/><W91/><G9/><T22/><D22/><U3/><E3/><V80/><F32/><W96/><G25/><T90/><D44/><U78/><E71/><V6/><F6/><W37/><N who="3" m="9216" /><DORA hai="19" /><W85/><G96/><N who="0" m="57463" /><D62/><U132/><E132/><V92/><F108/><W0/><G0/><T114/><D114/><U27/><E27/><V41/><F76/><W79/><G79/><T43/><AGARI ba="0,0" hai="43,47,49,52,59,61,101,103" m="57463,39183" machi="43" ten="30,2000,0" yaku="8,1,54,1" doraHai="30,19" who="0" fromWho="0" sc="234,20,250,-5,270,-10,246,-5" /><INIT seed="3,0,0,1,5,16" ten="254,245,260,241" oya="3" hai0="53,106,32,69,22,113,34,63,109,125,86,129,100" hai1="9,91,38,44,54,92,111,27,104,37,99,135,14" hai2="76,96,50,18,68,97,8,110,118,20,120,121,45" hai3="124,93,64,85,60,52,102,114,62,40,134,71,98"/><W2/><G114/><T36/><D36/><U108/><E135/><V21/><F68/><W115/><G115/><T101/><D109/><N who="1" m="42059" /><E104/><V128/><F110/><W5/><G134/><T39/><D39/><U1/><E1/><V46/><F118/><W56/><G124/><T87/><D125/><U126/><E126/><V133/><F133/><W83/><G40/><T47/><D129/><U82/><E82/><V31/><F128/><W30/><G30/><T119/><D119/><U33/><E33/><V74/><F74/><W131/><G131/><T65/><D113/><U84/><E27/><N who="2" m="16871" /><F8/><W15/><G2/><T89/><D22/><U26/><E84/><V42/><F76/><W11/><G85/><T77/><D77/><U57/><E44/><V6/><F46/><W94/><G83/><T58/><D47/><U70/><E26/><N who="2" m="14647" /><F6/><W90/><G90/><T13/><D87/><U49/><E70/><V72/><F72/><W105/><AGARI ba="0,0" hai="5,11,15,52,56,60,62,64,71,93,94,98,102,105" machi="105" ten="20,3900,0" yaku="0,1,7,1,54,1" doraHai="16" who="3" fromWho="3" sc="254,-13,245,-13,260,-13,241,39" /><INIT seed="3,1,0,2,4,34" ten="241,232,247,280" oya="3" hai0="3,110,100,43,40,74,114,76,12,5,108,1,92" hai1="17,33,31,111,51,48,14,65,109,103,10,64,93" hai2="97,107,115,39,105,58,132,60,16,84,68,121,123" hai3="95,129,35,126,49,7,89,98,130,69,106,122,112"/><W102/><G69/><T45/><D114/><U4/><E33/><V42/><F68/><W81/><G35/><T90/><D100/><U57/><E31/><V15/><F115/><W61/><G112/><T19/><D76/><U104/><E104/><V88/><F132/><W128/><G122/><N who="2" m="46601" /><F42/><W46/><G126/><T78/><D78/><U134/><E134/><V116/><F39/><W127/><G127/><T47/><D74/><U125/><E125/><V20/><F97/><W62/><G7/><T99/><D43/><U23/><E109/><N who="0" m="42089" /><D5/><U124/><E111/><V94/><F116/><W83/><G83/><T120/><D120/><U91/><E103/><V77/><F77/><W2/><G81/><T25/><D25/><N who="1" m="14575" /><E124/><V71/><F71/><W27/><G27/><T118/><D118/><U32/><E32/><V41/><F41/><N who="3" m="24783" /><G106/><T6/><D6/><U22/><E4/><V79/><F79/><W37/><G37/><N who="0" m="21647" /><D47/><U21/><E91/><V11/><F20/><AGARI ba="1,0" hai="1,3,12,19,20,90,92,99" m="21647,42089" machi="20" ten="30,3900,0" yaku="14,1,52,2" doraHai="34" who="0" fromWho="2" sc="241,42,232,0,247,-42,280,0" /><INIT seed="4,0,0,0,5,96" ten="283,232,205,280" oya="0" hai0="86,56,117,65,54,75,47,74,37,21,131,111,69" hai1="127,105,8,128,29,88,7,87,50,118,126,26,98" hai2="32,19,76,80,2,95,1,15,125,10,71,53,90" hai3="43,11,67,49,31,38,134,16,0,28,113,70,119"/><T124/><D117/><U78/><E118/><V18/><F71/><W39/><G119/><T81/><D124/><N who="1" m="47659" /><E128/><V46/><F125/><W99/><G0/><T122/><D122/><U103/><E50/><V102/><F32/><W92/><G67/><T68/><D131/><U61/><E61/><V5/><F2/><W45/><G70/><T33/><D33/><N who="1" m="20663" /><E87/><V57/><F46/><W64/><G64/><T52/><D111/><U109/><E78/><V114/><F1/><W112/><G28/><T79/><D74/><U132/><E132/><V129/><F114/><N who="3" m="44139" /><G31/><T73/><D73/><U12/><E88/><V121/><F121/><W36/><G36/><T66/><D75/><U27/><E27/><V133/><F129/><W101/><G134/><T17/><D37/><U40/><E40/><V91/><F133/><W63/><G63/><N who="0" m="36231" /><D68/><U42/><E42/><V24/><F24/><W84/><G84/><T25/><D69/><U82/><E109/><V97/><F91/><W116/><G116/><T85/><D85/><U60/><E60/><N who="2" m="35887" /><F90/><W59/><G59/><T13/><D25/><U4/><E82/><V22/><F80/><W55/><G55/><T110/><D110/><U100/><E100/><V6/><F76/><W107/><G107/><T72/><D72/><U23/><E103/><V34/><F34/><W51/><G38/><T9/><D47/><U77/><E77/><V106/><F106/><W62/><G62/><T35/><D35/><U41/><E105/><V130/><F130/><W89/><G89/><T104/><D104/><U30/><E41/><V115/><F115/><RYUUKYOKU ba="0,0" sc="283,-15,232,-15,205,15,280,15" hai2="5,6,10,15,18,19,22,95,97,102" hai3="11,16,39,43,45,49,51,92,99,101" /><INIT seed="5,1,0,3,4,83" ten="268,217,220,295" oya="1" hai0="22,15,59,55,98,105,107,17,35,85,122,57,127" hai1="89,0,112,32,68,79,108,117,69,123,64,53,118" hai2="121,11,125,50,110,47,38,51,71,109,52,133,3" hai3="74,36,86,135,130,78,84,33,14,97,21,23,70"/><U48/><E123/><V1/><F121/><W102/><G33/><T65/><D122/><U10/><E32/><V6/><F133/><W45/><G70/><T8/><D35/><U66/><E108/><V96/><F125/><W34/><G34/><T46/><D127/><U129/><E79/><V93/><F38/><W100/><G135/><T91/><D107/><U82/><E129/><V92/><F71/><N who="1" m="27209" /><E89/><V80/><F3/><W2/><G2/><T106/><D106/><U120/><E82/><V88/><F80/><W54/><G54/><T26/><D105/><U95/><E95/><V67/><F67/><N who="1" m="25641" /><E120/><V114/><F114/><W87/><G14/><T63/><D98/><U116/><E10/><V111/><F93/><W49/><G97/><T75/><D46/><N who="1" m="27799" /><E0/><V19/><F19/><W37/><G100/><T20/><D75/><U4/><E4/><V12/><F1/><W41/><G102/><T131/><D131/><U5/><E5/><V40/><REACH who="2" step="1"/><F111/><REACH who="2" ten="268,217,210,295" step="2"/><W113/><G130/><T104/><D104/><U18/><E18/><V30/><F30/><W44/><G78/><T16/><D17/><U73/><E73/><V24/><F24/><W76/><G76/><T72/><D72/><U27/><E27/><V43/><F43/><W90/><G41/><T115/><D26/><U42/><E42/><V119/><F119/><W60/><G74/><T31/><D31/><U77/><E77/><V128/><F128/><W13/><G13/><T25/><D25/><U56/><E112/><V132/><F132/><W81/><G113/><T62/><D115/><U39/><E39/><RYUUKYOKU ba="1,1" sc="268,10,217,10,210,10,295,-30" hai0="8,15,16,20,22,55,57,59,62,63,65,85,91" hai1="56,116,117,118" hai2="6,11,12,40,47,50,51,52,88,92,96,109,110" /><INIT seed="5,2,1,0,4,43" ten="278,227,220,265" oya="1" hai0="119,96,38,35,31,104,77,88,83,94,93,47,130" hai1="60,123,90,7,105,107,124,62,17,66,46,131,57" hai2="1,86,120,135,113,72,32,116,22,27,29,24,52" hai3="87,92,75,3,134,54,115,28,53,70,41,42,132"/><U98/><E123/><V101/><F120/><W2/><G75/><T45/><D119/><U100/><E124/><V9/><F72/><W126/><G70/><T125/><D104/><U14/><E131/><V114/><F116/><W133/><G126/><T78/><D125/><U129/><E129/><V21/><F101/><W106/><G106/><T56/><D38/><U8/><E90/><V20/><F86/><W103/><G115/><N who="2" m="44041" /><F52/><N who="3" m="20075" /><G28/><T4/><D31/><U69/><E46/><V108/><F135/><W97/><G87/><T26/><D47/><U63/><E107/><V5/><F108/><W44/><G42/><T59/><D45/><U6/><REACH who="1" step="1"/><E60/><REACH who="1" ten="278,217,220,265" step="2"/><V73/><F73/><W128/><G128/><T37/><D130/><U111/><E111/><V30/><AGARI ba="2,2" hai="1,5,9,20,21,22,24,27,29,30,32" m="44041" machi="30" ten="30,7900,0" yaku="15,1,11,1,34,2" doraHai="43" who="2" fromWho="2" sc="278,-22,217,-41,220,105,265,-22" owari="256,5.6,176,-32.4,325,42.5,243,-15.7" /></mjloggm>