<mjloggm ver="2.3"><GO type="225" lobby="0"/><UN n0="%E3%81%82%E3%81%84%E3%81%82%E3%81%8A%E3%81%84" n1="%E5%91%A8%E6%9D%B1" n2="%70%6F%69%73%6F%6E%30%32" n3="%E8%81%B7%E6%A5%AD%E3%80%81%E9%A2%A8%32" dan="18,16,16,16" rate="2177.98,2187.79,2104.27,2182.72" sx="M,M,M,M"/><TAIKYOKU oya="0"/><INIT seed="0,0,0,2,5,69" ten="250,250,250,250" oya="0" hai0="38,82,2,17,53,3,86,125,21,19,22,94,87" hai1="54,81,28,88,4,64,128,110,20,108,92,12,113" hai2="133,130,95,76,99,15,103,122,1,83,25,112,71" hai3="8,114,49,79,109,77,115,57,56,63,119,52,44"/><T85/><D125/><U29/><E128/><V73/><F1/><W32/><G32/><T16/><D82/><U124/><E124/><V46/><F71/><W50/><G8/><T106/><D106/><U132/><E64/><V75/><F25/><W18/><G18/><T33/><D33/><U107/><E107/><V102/><F15/><W70/><G79/><T59/><D94/><U65/><E65/><V34/><F46/><N who="3" m="27703" /><G77/><T40/><D40/><U24/><E132/><V89/><F34/><W129/><G119/><T127/><D127/><U93/><E29/><V14/><F14/><W0/><G0/><T135/><D135/><U62/><E113/><N who="3" m="43018" /><G109/><N who="1" m="42090" /><E4/><V9/><F9/><W51/><G129/><T126/><D126/><U61/><E12/><V97/><F112/><W96/><G96/><N who="2" m="36937" /><F133/><W10/><G10/><T120/><D120/><U58/><E62/><V7/><F122/><W6/><G6/><T55/><D38/><U105/><E105/><V26/><F26/><W48/><G44/><T131/><D131/><U23/><E20/><V42/><F7/><W66/><AGARI ba="0,0" hai="48,50,51,56,57,63,66,70" m="43018,27703" machi="66" ten="40,5200,0" yaku="34,2,54,1" doraHai="69" who="3" fromWho="3" sc="250,-26,250,-13,250,-13,250,52" /><INIT seed="1,0,0,1,4,88" ten="224,237,237,302" oya="1" hai0="108,49,30,55,77,3,44,115,76,57,66,118,86" hai1="24,32,21,97,87,17,40,82,134,125,52,60,68" hai2="20,70,39,79,95,119,85,101,89,19,42,58,23" hai3="53,104,46,105,54,56,127,12,36,72,74,6,128"/><U28/><E125/><V1/><F70/><W107/><G127/><T45/><D115/><U132/><E40/><V131/><F1/><W120/><G120/><T90/><D118/><U100/><E68/><V80/><F131/><W11/><G128/><T124/><D124/><U62/><E132/><V121/><F121/><W78/><G78/><T29/><D3/><U64/><E134/><V34/><F34/><W33/><G33/><T51/><D108/><U113/><E64/><V27/><F101/><W116/><G116/><T67/><D57/><U123/><E113/><V75/><F58/><W102/><G102/><T109/><D109/><U99/><E123/><V111/><F111/><W18/><G6/><T65/><D77/><U48/><E87/><V110/><F110/><W37/><G53/><T61/><D61/><U7/><E82/><V31/><F119/><W15/><G15/><T114/><D76/><U106/><E99/><V47/><REACH who="2" step="1"/><F23/><REACH who="2" ten="224,237,227,302" step="2"/><W41/><REACH who="3" step="1"/><G37/><REACH who="3" ten="224,237,227,292" step="2"/><T9/><D114/><U5/><E62/><AGARI ba="0,2" hai="11,12,18,36,41,46,54,56,62,72,74,104,105,107" machi="62" ten="40,2600,0" yaku="1,1,2,1,53,0" doraHai="88" doraHaiUra="133" who="3" fromWho="1" sc="224,0,237,-26,227,0,292,46" /><INIT seed="2,0,0,1,5,110" ten="224,211,227,338" oya="2" hai0="121,27,67,134,8,12,99,128,130,23,35,82,98" hai1="40,1,77,0,28,24,10,52,79,68,37,49,63" hai2="84,89,41,22,129,31,125,48,26,86,73,39,61" hai3="9,114,100,117,45,113,97,132,104,81,111,54,36"/><V13/><F73/><W83/><G111/><T122/><D67/><U101/><E101/><V42/><F129/><N who="0" m="49770" /><D82/><U18/><E37/><V123/><F39/><W91/><G117/><T34/><D99/><U5/><E40/><V72/><F72/><W57/><G132/><T109/><D98/><U126/><E0/><V107/><F107/><W118/><G118/><T131/><N who="0" m="49778" /><T74/><DORA hai="120" /><D74/><U65/><E18/><V108/><F123/><N who="0" m="47114" /><D109/><U7/><E7/><V30/><F108/><W19/><G83/><T17/><D134/><U32/><REACH who="1" step="1"/><E126/><REACH who="1" ten="224,201,227,338" step="2"/><V47/><F125/><W51/><G36/><T119/><D119/><U92/><E92/><V102/><F102/><W60/><G100/><T80/><D80/><U115/><E115/><V76/><F42/><W3/><G113/><T11/><D11/><U70/><E70/><V4/><F41/><W43/><G114/><T38/><D38/><U112/><E112/><V2/><F2/><W133/><G3/><T44/><D44/><AGARI ba="0,1" hai="1,5,10,24,28,32,44,49,52,63,65,68,77,79" machi="44" ten="30,8000,1" yaku="1,1,7,1,54,1,53,2" doraHai="110,120" doraHaiUra="6,46" who="1" fromWho="0" sc="224,-80,201,90,227,0,338,0" /><INIT seed="3,0,0,0,5,98" ten="144,291,227,338" oya="3" hai0="52,100,113,89,126,13,35,127,18,34,110,43,51" hai1="6,25,0,12,82,54,87,57,73,55,117,3,95" hai2="99,107,14,61,23,46,9,19,33,30,129,109,96" hai3="102,17,48,124,27,104,74,53,59,68,40,42,132"/><W97/><G74/><T56/><D110/><U15/><E117/><V49/><F109/><W92/><G68/><T5/><D5/><U111/><E111/><V24/><F129/><W63/><G124/><T94/><D113/><U123/><E73/><V114/><F114/><W32/><G132/><T134/><D134/><U39/><E39/><V106/><F61/><W85/><G32/><T83/><D83/><U64/><E64/><V47/><F33/><W115/><G115/><T122/><D122/><U91/><E3/><V108/><F108/><W71/><G71/><T16/><D43/><U88/><E123/><V69/><F69/><W10/><G104/><T118/><D118/><U121/><E121/><V81/><F81/><W116/><G116/><T38/><D38/><U20/><E0/><V31/><F31/><W78/><G63/><T45/><D45/><U11/><E15/><V131/><F47/><W101/><G27/><T103/><D35/><U41/><E57/><V112/><F131/><W128/><G59/><T76/><D76/><U135/><E41/><V93/><F99/><W80/><G97/><N who="0" m="57551" /><D34/><U22/><E135/><V77/><F77/><W133/><G78/><T62/><D51/><U90/><E82/><V105/><F105/><W29/><G42/><T21/><D18/><U65/><E6/><V84/><F112/><W79/><G40/><T28/><D28/><U2/><E2/><V44/><F44/><W37/><G133/><T72/><D72/><U70/><E70/><V58/><F107/><W67/><G80/><T60/><D60/><U125/><E125/><AGARI ba="0,0" hai="13,16,21,52,56,62,100,103,125,126,127" m="57551" machi="125" ten="30,12000,2" yaku="6,1,18,1,52,2,54,2" doraHai="98" who="0" fromWho="1" sc="144,120,291,-120,227,0,338,0" owari="264,6.4,171,-32.9,227,-17.3,338,43.8" /></mjloggm>