<mjloggm ver="2.3"><GO type="225" lobby="0"/><UN n0="%E6%97%A5%E6%9B%9C%E6%97%A5%E3%82%88%E3%82%8A%E3%81%AE%E4%BD%BF%E8%80%85" n1="%E4%BF%BA%E3%81%A8%E5%A6%96%E5%A4%A2" n2="%E6%98%93%E5%88%A9%E8%96%A9%E4%BC%AF" n3="%E5%91%A8%E6%9D%B1" dan="16,16,16,17" rate="2154.34,2143.11,2159.16,2210.41" sx="M,F,F,M"/><TAIKYOKU oya="0"/><INIT seed="0,0,0,3,0,51" ten="250,250,250,250" oya="0" hai0="59,13,121,97,130,47,18,123,106,54,20,68,125" hai1="34,58,104,25,122,33,103,17,42,43,22,30,129" hai2="94,26,78,15,72,126,8,113,128,41,66,24,39" hai3="27,105,40,5,91,75,71,45,77,120,21,29,93"/><T115/><D115/><U79/><E122/><V80/><F113/><W14/><G120/><T98/><D68/><U36/><E129/><V86/><F128/><W109/><G105/><T63/><D130/><U60/><E36/><V48/><F39/><W10/><G109/><T9/><D125/><U6/><E34/><V102/><F66/><W101/><G71/><T127/><D127/><U83/><E6/><V74/><F126/><W114/><G114/><T38/><D106/><U108/><E103/><V85/><F74/><W7/><G75/><T16/><D121/><U131/><E104/><V0/><F0/><W52/><G101/><T112/><D112/><U89/><E89/><V124/><F72/><W61/><G77/><T119/><D119/><U12/><E108/><V2/><F2/><W23/><G23/><T99/><D123/><U100/><E100/><V55/><F41/><W132/><G132/><T19/><REACH who="0" step="1"/><D9/><REACH who="0" ten="240,250,250,250" step="2"/><U92/><E131/><V118/><F118/><W73/><G73/><T53/><D53/><U70/><E70/><V11/><F11/><W111/><G111/><T49/><D49/><U95/><E43/><AGARI ba="0,1" hai="13,16,18,19,20,38,43,47,54,59,63,97,98,99" machi="43" ten="40,7700,0" yaku="1,1,52,1,54,1,53,0" doraHai="51" doraHaiUra="135" who="0" fromWho="1" sc="240,87,250,-77,250,0,250,0" /><INIT seed="0,1,0,2,4,58" ten="327,173,250,250" oya="0" hai0="107,87,130,52,29,88,95,66,77,10,24,114,83" hai1="84,115,20,131,45,9,68,110,48,26,33,85,105" hai2="98,102,4,128,16,38,51,22,25,111,93,15,13" hai3="5,120,28,69,40,14,118,6,79,65,72,63,32"/><T126/><D114/><U100/><E115/><V70/><F38/><W3/><G118/><T125/><D130/><U23/><E131/><V123/><F128/><W129/><G129/><T56/><D107/><U99/><E110/><V30/><F123/><W27/><G120/><T119/><D66/><U108/><E108/><V112/><F112/><W34/><G3/><T132/><D10/><U41/><E33/><V96/><F70/><W37/><G34/><T59/><D132/><U64/><E9/><V80/><F111/><W135/><G135/><T49/><D59/><U97/><E97/><V82/><F98/><W133/><G133/><T54/><D54/><U11/><E11/><V35/><F4/><W12/><G5/><T67/><D67/><U36/><E36/><V127/><F15/><W94/><G94/><T134/><D119/><U62/><REACH who="1" step="1"/><E20/><REACH who="1" ten="327,163,250,250" step="2"/><V104/><F127/><W55/><G37/><T50/><D134/><U121/><E121/><V2/><F2/><W57/><G6/><T109/><D109/><U1/><E1/><V18/><F96/><W0/><G0/><T81/><D126/><U113/><E113/><V17/><F22/><W44/><G32/><T19/><D125/><U78/><E78/><V74/><F35/><W116/><G79/><T31/><D77/><U124/><E124/><V75/><F104/><W46/><G116/><T53/><D19/><AGARI ba="1,1" hai="19,23,26,41,45,48,62,64,68,84,85,99,100,105" machi="19" ten="30,7700,0" yaku="1,1,7,1,52,1,53,1" doraHai="58" doraHaiUra="42" who="1" fromWho="0" sc="327,-80,163,90,250,0,250,0" /><INIT seed="1,0,0,2,4,74" ten="247,253,250,250" oya="1" hai0="86,20,85,113,121,51,28,95,111,66,80,52,61" hai1="73,132,30,45,0,2,83,103,90,100,89,123,114" hai2="77,37,65,71,54,23,120,68,84,21,106,101,82" hai3="97,42,118,116,117,78,44,98,58,26,87,112,5"/><U127/><E114/><V36/><F120/><W96/><G112/><T108/><D113/><U19/><E123/><V16/><F23/><W94/><G5/><T33/><D33/><U109/><E132/><V24/><F54/><W107/><G58/><T128/><D121/><U47/><E30/><V13/><F13/><W8/><G8/><T11/><D11/><U72/><E83/><V46/><F46/><W129/><G26/><N who="0" m="16455" /><D95/><U48/><E48/><V31/><F31/><W99/><G129/><T59/><D128/><U10/><E10/><V12/><F12/><W122/><G122/><T56/><D80/><U7/><E109/><AGARI ba="0,0" hai="51,52,56,59,61,66,85,86,108,109,111" m="16455" machi="109" ten="30,2000,0" yaku="14,1,54,1" doraHai="74" who="0" fromWho="1" sc="247,20,253,-20,250,0,250,0" /><INIT seed="2,0,0,3,5,134" ten="267,233,250,250" oya="2" hai0="23,58,118,34,60,59,81,92,128,57,105,130,74" hai1="98,19,62,76,55,94,46,99,20,25,75,73,37" hai2="95,90,120,104,69,4,115,61,15,3,13,28,112" hai3="10,85,78,123,84,106,14,65,80,68,56,24,17"/><V132/><F120/><W50/><G106/><T9/><D105/><U51/><E76/><V88/><F104/><W64/><G123/><T116/><D34/><U41/><E98/><V101/><F132/><W122/><G122/><T11/><D23/><U111/><E111/><V126/><F3/><W108/><G68/><T97/><D81/><U125/><E125/><V30/><F126/><W18/><G108/><T124/><D60/><U114/><E114/><V26/><F101/><W33/><G85/><T79/><D79/><U93/><E93/><V45/><F45/><W43/><G33/><T39/><D39/><U32/><E32/><V49/><F49/><W82/><G82/><T109/><D74/><U70/><E70/><V12/><F4/><W91/><G78/><T133/><D133/><U6/><E6/><V2/><F2/><W119/><G119/><N who="0" m="45611" /><D109/><U42/><E42/><V44/><F90/><W53/><G43/><T54/><D54/><U87/><E87/><V117/><F117/><W8/><REACH who="3" step="1"/><G24/><REACH who="3" ten="267,233,250,240" step="2"/><T27/><D27/><U83/><E83/><V110/><F110/><W48/><G48/><T52/><D124/><U77/><E77/><V113/><F26/><W7/><G7/><T21/><D92/><U29/><E37/><V22/><F112/><W47/><G47/><T35/><D35/><U31/><E75/><V89/><F44/><W96/><G96/><T86/><D97/><U72/><E72/><V103/><F113/><W127/><G127/><T5/><D86/><U66/><E73/><V67/><F115/><W129/><G129/><T135/><D130/><RYUUKYOKU ba="0,1" sc="267,-10,233,-10,250,-10,240,30" hai3="8,10,14,17,18,50,53,56,64,65,80,84,91" /><INIT seed="3,1,1,3,2,17" ten="257,223,240,270" oya="3" hai0="119,87,70,58,103,30,97,108,12,79,116,128,101" hai1="126,120,43,74,130,65,121,16,72,102,125,64,42" hai2="88,95,56,106,68,105,31,98,25,112,133,51,78" hai3="61,135,63,45,114,23,85,11,76,117,8,28,52"/><W92/><G117/><T37/><D70/><U66/><E102/><V73/><F68/><W60/><G114/><T54/><D37/><U75/><E130/><V83/><F112/><W71/><G71/><T57/><D108/><U13/><E13/><V24/><F133/><W111/><G135/><T59/><D128/><U1/><E16/><V132/><F25/><N who="3" m="16447" /><G111/><T9/><D30/><U46/><E1/><V67/><F132/><W134/><G134/><T94/><D116/><U99/><E99/><V34/><REACH who="2" step="1"/><F51/><REACH who="2" ten="257,223,230,270" step="2"/><N who="3" m="28783" /><BYE who="0" /><G92/><UN n0="%E6%97%A5%E6%9B%9C%E6%97%A5%E3%82%88%E3%82%8A%E3%81%AE%E4%BD%BF%E8%80%85" /><T5/><D119/><U38/><REACH who="1" step="1"/><E42/><REACH who="1" ten="257,213,230,270" step="2"/><V62/><AGARI ba="1,3" hai="24,31,34,56,62,67,73,78,83,88,95,98,105,106" machi="62" ten="30,7900,0" yaku="1,1,0,1,54,1,53,1" doraHai="17" doraHaiUra="55" who="2" fromWho="2" sc="257,-21,213,-21,230,112,270,-40" owari="236,3.6,192,-30.8,342,44.2,230,-17.0" /></mjloggm>