<mjloggm ver="2.3"><GO type="225" lobby="0"/><UN n0="%E5%84%AA%40%41%42%43" n1="%E6%81%A5%E6%99%92%E3%81%97" n2="%E5%91%A8%E6%9D%B1" n3="%E3%83%81%E3%83%83%E3%82%BF%E3%82%BD%E3%83%BC" dan="17,16,17,16" rate="2155.35,2126.60,2140.17,2155.15" sx="M,M,M,F"/><TAIKYOKU oya="0"/><INIT seed="0,0,0,2,1,9" ten="250,250,250,250" oya="0" hai0="71,78,65,77,89,125,114,53,37,25,107,127,16" hai1="52,15,11,91,46,98,94,116,50,14,92,51,112" hai2="110,131,124,81,117,133,84,68,115,80,60,82,17" hai3="5,134,29,6,135,101,58,106,39,49,12,55,118"/><T40/><D114/><U90/><E116/><V93/><F115/><W79/><G118/><T10/><D107/><U61/><E112/><V1/><F117/><W111/><G39/><T132/><D132/><N who="3" m="50729" /><G111/><T31/><D71/><U83/><E83/><V70/><F1/><W30/><G79/><T123/><D123/><U13/><E61/><V64/><F133/><W95/><G106/><T86/><D65/><U48/><E11/><V122/><F122/><W109/><G109/><T102/><D102/><U19/><E19/><V47/><F110/><W103/><G5/><T36/><D53/><U99/><AGARI ba="0,0" hai="13,14,15,46,48,50,51,52,90,91,92,94,98,99" machi="99" ten="30,12000,2" yaku="0,1,9,1,8,1,52,3,54,1" doraHai="9" who="1" fromWho="1" sc="250,-60,250,120,250,-30,250,-30" /><INIT seed="1,0,0,2,4,83" ten="190,370,220,220" oya="1" hai0="101,67,16,62,0,120,127,85,75,81,54,90,115" hai1="17,61,53,73,77,55,123,135,29,30,71,105,5" hai2="19,103,106,31,89,86,26,130,49,99,65,45,84" hai3="88,110,132,27,119,125,109,59,47,8,56,133,87"/><U42/><E123/><V11/><F130/><W25/><G125/><T72/><D115/><U28/><E105/><V60/><F89/><W102/><G119/><T79/><D127/><U114/><E114/><V116/><F116/><W46/><G8/><T20/><D0/><U2/><E135/><N who="3" m="51786" /><G102/><T22/><D120/><U78/><E17/><V48/><F11/><W121/><G121/><T14/><D101/><U4/><E42/><V12/><F12/><W24/><G56/><T40/><D40/><U58/><E71/><V98/><F19/><W69/><G59/><T118/><D54/><U21/><E58/><V111/><F99/><W66/><G66/><T10/><D118/><U134/><E55/><N who="2" m="30095" /><F49/><W51/><G69/><T76/><D75/><U96/><E2/><V129/><F129/><W35/><G35/><T131/><D131/><U113/><E113/><V97/><F97/><W91/><G91/><T74/><D74/><U122/><E96/><V63/><F63/><W50/><G50/><T32/><D32/><U43/><E73/><V36/><F36/><W23/><G23/><T39/><D39/><U6/><E21/><N who="0" m="8297" /><D72/><U92/><E122/><V70/><F111/><N who="3" m="42507" /><G51/><T52/><D67/><U107/><E134/><V100/><F100/><W108/><N who="3" m="42515" /><W7/><DORA hai="9" /><G7/><T68/><D68/><U57/><E4/><V34/><AGARI ba="0,0" hai="26,31,34,60,65,70,84,86,98,103,106" m="30095" machi="34" ten="30,4000,0" yaku="25,1,52,2" doraHai="83,9" who="2" fromWho="2" sc="190,-10,370,-20,220,40,220,-10" /><INIT seed="2,0,0,5,4,95" ten="180,350,260,210" oya="2" hai0="103,106,70,29,112,126,129,67,8,19,10,12,50" hai1="61,14,118,96,133,32,99,46,4,124,45,7,128" hai2="92,54,69,107,122,49,24,115,39,21,33,78,55" hai3="16,36,132,43,63,84,121,116,6,108,31,72,117"/><V58/><F107/><W17/><G121/><T104/><D112/><U48/><E118/><V101/><F39/><W1/><G72/><T77/><D126/><U65/><E32/><V75/><F69/><W98/><G31/><T134/><D129/><U40/><E128/><V20/><F115/><W42/><G84/><T44/><D134/><U119/><E119/><V120/><F33/><W130/><G130/><T127/><D127/><U3/><E3/><V100/><F20/><W34/><G34/><T22/><D77/><U88/><E133/><V41/><F41/><W27/><G132/><T131/><D131/><U23/><E46/><V86/><F75/><W28/><G6/><T123/><D123/><U9/><E23/><V90/><F78/><W113/><G1/><T2/><D8/><U30/><E30/><V83/><F55/><W56/><G113/><T76/><D76/><U37/><E37/><V60/><F60/><W59/><G36/><T73/><D73/><U25/><E124/><V68/><F68/><W26/><G63/><N who="0" m="40319" /><D103/><U35/><E61/><V51/><F51/><W89/><G28/><T18/><D29/><U82/><E65/><V109/><F101/><W135/><G135/><T15/><D2/><U80/><E35/><V57/><F122/><W85/><G89/><T93/><D93/><U13/><E88/><V38/><F90/><W0/><G0/><T110/><D110/><U91/><E91/><V64/><F109/><W111/><G85/><T47/><D50/><U62/><E48/><V11/><F120/><W79/><G79/><T81/><D81/><RYUUKYOKU ba="0,0" sc="180,15,350,-15,260,-15,210,15" hai0="10,12,15,18,19,22,44,47,104,106" hai3="16,17,26,27,42,43,56,59,98,108,111,116,117" /><INIT seed="3,1,0,4,5,121" ten="195,335,245,225" oya="3" hai0="22,125,52,56,64,93,69,86,98,124,82,130,96" hai1="26,97,115,32,132,67,53,103,99,105,54,60,117" hai2="18,133,76,0,122,134,75,84,113,110,25,61,71" hai3="10,29,85,123,24,106,102,104,81,111,68,6,89"/><W107/><G123/><T49/><D130/><U13/><E115/><V34/><F122/><W2/><G68/><T109/><D109/><U5/><E132/><N who="2" m="50795" /><F110/><W119/><G119/><T116/><D116/><U3/><E3/><V127/><F0/><W30/><G30/><T35/><D35/><U83/><E99/><V1/><F1/><W94/><G111/><T45/><D69/><N who="1" m="42215" /><E83/><N who="2" m="47207" /><F75/><W131/><G131/><T120/><D120/><U43/><E43/><V129/><F127/><N who="0" m="48714" /><D22/><U40/><E40/><V66/><F113/><W108/><G108/><T118/><D118/><U23/><E117/><V135/><F135/><W17/><G17/><T15/><D15/><U37/><E37/><V51/><F129/><W47/><G47/><T20/><D20/><U12/><E12/><V19/><F51/><W57/><G57/><T9/><D9/><N who="1" m="4271" /><E23/><V39/><F39/><W31/><G24/><T90/><D82/><U14/><E14/><V41/><F41/><W33/><G33/><T128/><D128/><U114/><E114/><V80/><F80/><W44/><G44/><T38/><D38/><U55/><E26/><V27/><F27/><W59/><G59/><T92/><D92/><U65/><E105/><V36/><F36/><W126/><G126/><T50/><D50/><U62/><E103/><V73/><F73/><W87/><G102/><T74/><D74/><U78/><E32/><V100/><F100/><W11/><G10/><T28/><D28/><AGARI ba="1,0" hai="18,19,25,28,34,61,66,71" m="47207,50795" machi="28" ten="30,1000,0" yaku="20,1" doraHai="121" who="2" fromWho="0" sc="195,-13,335,0,245,13,225,0" owari="182,-31.8,335,43.5,258,5.8,225,-17.5" /></mjloggm>