<mjloggm ver="2.3"><GO type="225" lobby="0"/><UN n0="%E3%82%BC%E3%83%AB%E3%83%80%E3%81%AE%E4%BC%9D%E8%AA%AC" n1="%E6%9D%B1%E9%A2%A8%E3%81%AE%E3%81%8D%E3%82%83%E3%81%B7%E3%81%95%E3%82%93" n2="%4C%E3%82%AA%E3%83%97%E3%83%86%E3%82%A3%E3%82%B8%E3%83%B3%E3%82%AF" n3="%E7%B4%94%E6%BD%94%E3%83%94%E3%83%A9%E3%83%8B%E3%82%A2" dan="17,16,16,17" rate="2134.87,2158.15,2127.89,2249.49" sx="M,M,M,M"/><TAIKYOKU oya="0"/><INIT seed="0,0,0,3,2,124" ten="250,250,250,250" oya="0" hai0="39,119,87,81,126,3,82,33,131,86,71,91,59" hai1="23,64,100,105,104,110,70,20,51,101,61,40,94" hai2="8,44,30,37,123,122,103,47,97,69,120,83,35" hai3="0,93,135,53,80,7,16,109,95,66,34,32,19"/><T92/><D71/><U27/><E110/><V6/><F69/><W5/><G66/><T13/><D3/><U117/><E20/><V107/><F83/><W130/><G80/><T128/><D119/><U125/><E125/><V48/><F37/><W115/><G53/><T75/><D126/><U111/><E111/><V113/><F113/><W1/><G109/><T85/><D33/><U89/><E117/><V112/><F112/><W43/><G115/><T127/><D127/><U10/><E10/><V98/><F98/><W79/><G79/><N who="0" m="44287" /><D39/><U55/><E40/><V88/><F88/><W106/><G43/><T42/><D42/><U68/><E68/><V102/><F102/><W50/><G50/><T12/><D59/><U24/><E24/><V45/><F30/><W26/><G26/><T56/><D56/><U116/><E116/><V63/><F63/><W17/><G17/><T133/><D133/><U118/><E118/><V4/><F35/><W2/><G1/><T73/><D13/><U49/><E49/><V74/><F74/><W58/><G58/><T72/><D12/><U78/><E78/><V65/><F65/><W60/><G135/><T14/><D14/><U134/><E134/><V96/><F96/><W121/><G60/><T54/><D54/><U52/><E55/><V76/><F76/><W31/><G31/><T29/><D29/><N who="1" m="17663" /><E52/><N who="2" m="29703" /><F6/><W41/><G41/><T57/><D57/><U36/><E36/><V77/><F77/><W99/><G34/><T21/><D21/><U18/><E51/><V62/><F62/><W129/><G32/><T9/><D72/><RYUUKYOKU ba="0,0" sc="250,-10,250,-10,250,30,250,-10" hai2="4,8,45,47,97,103,107,120,122,123" /><INIT seed="1,1,0,3,2,123" ten="240,240,280,240" oya="1" hai0="106,109,118,125,27,59,63,9,6,62,54,24,135" hai1="81,26,52,91,57,101,87,30,127,34,112,88,74" hai2="89,25,14,129,126,15,66,121,79,40,39,75,69" hai3="49,132,33,1,99,53,48,100,77,103,72,98,73"/><U102/><E112/><V134/><F121/><W115/><G1/><T105/><D118/><U11/><E127/><V28/><F126/><W85/><G33/><T86/><D125/><U71/><E71/><V43/><F129/><W31/><G31/><T29/><D135/><U83/><E11/><V61/><F134/><W41/><G132/><T32/><D109/><U18/><E18/><V46/><F43/><W42/><G85/><T70/><D27/><U120/><E120/><V92/><F79/><W113/><G53/><T19/><D19/><U35/><E35/><V122/><F75/><W7/><G7/><T37/><D37/><U20/><E34/><V51/><F122/><W107/><G107/><T68/><D86/><N who="1" m="50255" /><E74/><V90/><F39/><W133/><G133/><T130/><D130/><U58/><E58/><V67/><F67/><W0/><G0/><T124/><D124/><U76/><E76/><AGARI ba="1,0" hai="41,42,48,49,72,73,76,77,98,99,100,103,113,115" machi="76" ten="25,1600,0" yaku="22,2" doraHai="123" who="3" fromWho="1" sc="240,0,240,-19,280,0,240,19" /><INIT seed="2,0,0,1,2,83" ten="240,221,280,259" oya="2" hai0="35,85,91,71,123,22,74,112,108,8,38,50,45" hai1="104,12,86,18,63,15,125,66,107,43,41,49,90" hai2="113,121,13,135,109,116,127,72,59,17,124,98,9" hai3="58,54,75,114,115,94,133,34,69,76,77,27,47"/><V101/><F113/><N who="3" m="43019" /><G69/><T110/><D123/><U129/><E129/><V79/><F121/><W1/><G1/><T106/><D112/><U84/><E125/><N who="2" m="48203" /><F116/><W82/><G133/><T24/><D74/><U44/><E41/><V73/><F135/><W80/><G94/><T78/><D71/><U31/><E31/><V21/><F109/><N who="0" m="42090" /><D106/><U25/><E25/><N who="2" m="14511" /><F59/><W56/><G27/><T36/><D8/><U122/><E122/><V55/><F55/><W118/><G34/><T5/><D5/><U42/><E42/><V3/><F79/><W52/><G118/><T48/><D78/><U37/><E37/><N who="0" m="14441" /><D35/><U26/><E26/><V93/><F3/><W30/><G30/><N who="0" m="17687" /><D45/><U53/><E43/><V120/><F120/><W130/><G130/><T103/><D103/><U14/><E18/><AGARI ba="0,0" hai="9,13,18,72,73,93,98,101" m="14511,48203" machi="18" ten="30,1500,0" yaku="18,1" doraHai="83" who="2" fromWho="1" sc="240,0,221,-15,280,15,259,0" /><INIT seed="2,1,0,2,3,63" ten="240,206,295,259" oya="2" hai0="82,123,31,2,25,122,133,85,10,37,50,73,118" hai1="41,103,97,132,54,42,100,1,19,20,17,12,98" hai2="26,107,91,60,131,39,53,34,40,66,109,51,58" hai3="75,68,56,8,61,130,64,3,93,96,120,0,27"/><V48/><F107/><W71/><G120/><T99/><D37/><U74/><E74/><V94/><F131/><W55/><G75/><T52/><D73/><U115/><E1/><V13/><F109/><W69/><G130/><T117/><D133/><U124/><E132/><V95/><F13/><W24/><G55/><T18/><D99/><U92/><E124/><V11/><F11/><W104/><G104/><T113/><D113/><U119/><E119/><N who="0" m="45577" /><D2/><U28/><E115/><V86/><F51/><W62/><G62/><T44/><D18/><U7/><E7/><V112/><F112/><W129/><G129/><T29/><D10/><U88/><E28/><N who="0" m="10825" /><D25/><U57/><E19/><V33/><F26/><W87/><G87/><T83/><D83/><U23/><E23/><V35/><F95/><W135/><G135/><T32/><D32/><U105/><REACH who="1" step="1"/><E103/><REACH who="1" ten="240,196,295,259" step="2"/><V70/><F35/><W30/><G8/><T45/><D45/><AGARI ba="1,1" hai="33,34,39,40,45,48,53,58,60,66,70,86,91,94" machi="45" ten="40,7700,0" yaku="24,2,52,1" doraHai="63" who="2" fromWho="0" sc="240,-80,196,0,295,90,259,0" /><INIT seed="2,2,0,5,5,58" ten="160,196,385,259" oya="2" hai0="2,33,115,31,99,59,92,15,42,36,17,3,55" hai1="66,71,51,102,11,125,8,105,91,23,45,94,28" hai2="13,34,87,97,130,9,68,35,16,119,30,62,65" hai3="44,101,117,49,78,29,84,100,120,32,81,109,70"/><V0/><F119/><W46/><G117/><T133/><D115/><U56/><E125/><V63/><F130/><W128/><G70/><T95/><D133/><U7/><E105/><V26/><F0/><W104/><G109/><T85/><D36/><U57/><E71/><V74/><F74/><W67/><G67/><T43/><D33/><U1/><E11/><V47/><F63/><W5/><G104/><T12/><D31/><U114/><E102/><V106/><F87/><W134/><G44/><T121/><D121/><U72/><E72/><V77/><F77/><W22/><G32/><T61/><D3/><U96/><E114/><V21/><REACH who="2" step="1"/><F47/><REACH who="2" ten="160,196,375,259" step="2"/><W24/><G128/><T39/><D2/><U112/><E112/><V135/><F135/><W37/><G134/><T27/><D85/><U50/><E66/><V131/><F131/><W132/><G84/><T6/><D61/><U53/><E50/><V118/><F118/><W52/><G49/><T76/><D76/><U41/><E41/><V69/><F69/><W126/><G78/><T129/><D129/><U88/><E45/><V48/><F48/><W80/><G46/><T98/><D42/><U75/><E75/><V54/><F54/><W25/><G52/><T19/><D43/><U93/><E51/><V108/><F108/><W111/><G111/><T20/><D55/><U40/><E53/><V38/><F38/><W86/><G37/><T110/><D39/><U103/><E40/><V89/><F89/><N who="1" m="34377" /><E93/><V60/><F60/><W116/><G132/><T107/><D110/><U83/><E83/><V73/><F73/><RYUUKYOKU ba="2,1" sc="160,-15,196,15,375,15,259,-15" hai1="1,7,8,23,28,56,57,94,96,103" hai2="9,13,16,21,26,30,34,35,62,65,68,97,106" /><INIT seed="2,3,1,5,5,120" ten="145,211,390,244" oya="2" hai0="116,76,118,16,123,127,38,106,90,132,26,103,9" hai1="58,21,108,129,119,112,34,27,125,19,101,15,57" hai2="49,29,105,52,93,61,85,69,74,12,88,130,121" hai3="45,134,63,100,67,115,7,20,59,11,72,13,79"/><V42/><F121/><W104/><G134/><T22/><D123/><U117/><E101/><V96/><F74/><W44/><G115/><T40/><D132/><U75/><E75/><V28/><F130/><W131/><G131/><T82/><D127/><U8/><E129/><V126/><F126/><W70/><G70/><T73/><D90/><U31/><E125/><V50/><F105/><W6/><G6/><T32/><D32/><U89/><E112/><V17/><F69/><W4/><G7/><T23/><D9/><U133/><E133/><V55/><F61/><W91/><G91/><T14/><D40/><U64/><E89/><N who="2" m="55343" /><F42/><W94/><G104/><T107/><D38/><U86/><E86/><V66/><F66/><W110/><G79/><T102/><D107/><U35/><E64/><V84/><F84/><W37/><G72/><T54/><D54/><N who="2" m="20522" /><F49/><W111/><G37/><T87/><D73/><U80/><E80/><N who="2" m="49191" /><F50/><W3/><G94/><T5/><D106/><U92/><E58/><V41/><F41/><W97/><G97/><T46/><D46/><U128/><E57/><V43/><F43/><W30/><G3/><T99/><D99/><U65/><E92/><V77/><F77/><W122/><G122/><T98/><D98/><U81/><E81/><V51/><F51/><W18/><G45/><T36/><D36/><U113/><E65/><V60/><F60/><W114/><G44/><T68/><D68/><U71/><E128/><V2/><F2/><N who="3" m="407" /><G114/><T78/><D78/><U95/><E113/><V25/><F25/><N who="3" m="16679" /><G100/><T124/><D124/><U62/><E71/><RYUUKYOKU ba="3,1" sc="145,-15,211,-15,390,15,244,15" hai2="12,17,28,29" hai3="13,18,59,63,67,110,111" /><INIT seed="2,4,1,2,5,132" ten="130,196,405,259" oya="2" hai0="50,125,83,109,110,81,99,91,130,35,100,19,47" hai1="128,10,45,82,69,111,73,14,44,87,31,94,49" hai2="56,77,24,16,117,124,29,4,86,105,88,92,135" hai3="40,74,76,13,25,34,122,84,7,33,127,126,23"/><V11/><F117/><W98/><G74/><T104/><D35/><U72/><E69/><V60/><F135/><W26/><G40/><T129/><D19/><U36/><E111/><N who="0" m="42505" /><D50/><U103/><E128/><N who="0" m="49257" /><D47/><U120/><E120/><V28/><F124/><N who="3" m="47659" /><G122/><T101/><D125/><U102/><E31/><V8/><F105/><W90/><G98/><N who="0" m="61463" /><D91/><N who="1" m="53631" /><E36/><V79/><F16/><N who="3" m="10639" /><G90/><T38/><D38/><U106/><E106/><AGARI ba="4,1" hai="81,83,99,101,106" m="61463,49257,42505" machi="106" ten="30,7700,0" yaku="14,1,19,1,34,2" doraHai="132" who="0" fromWho="1" sc="130,99,196,-89,405,0,259,0" /><INIT seed="3,0,0,4,0,0" ten="229,107,405,259" oya="3" hai0="41,32,129,27,49,23,86,13,46,83,97,29,9" hai1="117,96,63,19,55,21,59,115,43,38,73,88,53" hai2="133,102,12,33,30,64,111,120,134,82,89,99,114" hai3="113,14,18,2,47,60,94,28,66,92,112,122,10"/><W125/><G122/><T72/><D129/><U58/><E117/><V104/><F120/><W109/><G125/><T54/><D72/><U110/><E110/><V91/><F111/><W62/><G109/><T42/><D97/><U108/><E115/><V65/><F114/><W40/><G62/><T127/><D32/><U124/><E124/><V116/><F116/><W52/><G28/><T45/><D45/><U107/><E108/><V95/><F12/><W51/><G2/><T98/><D98/><U103/><E73/><V105/><F30/><W118/><G118/><T70/><D70/><U126/><E126/><V67/><F33/><W128/><G128/><T20/><D20/><U87/><E43/><V37/><F37/><W11/><G10/><T26/><D26/><U74/><E38/><V17/><F17/><W93/><REACH who="3" step="1"/><G40/><REACH who="3" ten="229,107,405,249" step="2"/><T7/><D127/><U6/><E6/><V80/><F67/><W68/><AGARI ba="0,1" hai="11,14,18,47,51,52,60,66,68,92,93,94,112,113" machi="68" ten="30,11700,0" yaku="1,1,2,1,0,1,54,1,53,0" doraHai="0" doraHaiUra="36" who="3" fromWho="3" sc="229,-39,107,-39,405,-39,249,127" owari="190,-21.0,68,-43.2,366,16.6,376,47.6" /></mjloggm>