<mjloggm ver="2.3"><GO type="225" lobby="0"/><UN n0="%4C%4F%4C%49%54%41" n1="%E3%81%B0%E3%81%94%E3%83%BC%E3%82%93" n2="%E3%83%96%E3%83%83%E3%83%91%E3%82%AA%E3%83%96%E3%83%81%E3%82%AD%E3%83%B3" n3="%E3%81%AF%E3%82%88%E3%81%8A%E3%81%98%E3%81%95%E3%82%93" dan="16,16,16,17" rate="2090.47,2055.87,2160.45,2149.94" sx="F,M,M,M"/><TAIKYOKU oya="0"/><INIT seed="0,0,0,3,2,116" ten="250,250,250,250" oya="0" hai0="88,21,15,36,27,112,125,114,89,32,3,73,46" hai1="30,18,4,128,135,100,70,86,28,91,50,14,35" hai2="95,56,80,87,94,57,102,51,99,5,79,8,9" hai3="23,53,10,98,76,117,48,131,24,42,47,63,129"/><T124/><D3/><U123/><E70/><V74/><F74/><W43/><G117/><T1/><D1/><U33/><E4/><V29/><F29/><W120/><G76/><T6/><D73/><U66/><E66/><V59/><F95/><W52/><G10/><N who="0" m="4567" /><D32/><U61/><E61/><V90/><F102/><W111/><G111/><T71/><D71/><U54/><E100/><V75/><F75/><W13/><G13/><T2/><D2/><U69/><E69/><V0/><REACH who="2" step="1"/><F9/><REACH who="2" ten="250,250,240,250" step="2"/><W127/><G23/><T16/><D114/><U78/><E30/><V7/><F7/><W19/><G19/><T119/><D112/><U11/><E28/><V108/><F108/><W17/><G17/><T113/><D113/><U118/><E18/><V55/><AGARI ba="0,1" hai="0,5,8,51,55,56,57,59,79,80,87,90,94,99" machi="55" ten="30,2000,0" yaku="1,1,0,1,53,0" doraHai="116" doraHaiUra="39" who="2" fromWho="2" sc="250,-10,250,-5,240,30,250,-5" /><INIT seed="1,0,0,5,2,40" ten="240,245,270,245" oya="1" hai0="35,26,134,110,60,42,132,88,127,93,126,123,14" hai1="87,6,3,39,29,108,28,96,97,16,13,27,10" hai2="66,19,58,11,113,41,94,45,79,128,72,15,89" hai3="122,117,70,124,23,95,99,107,33,20,48,1,55"/><U98/><E39/><V61/><F128/><W2/><G122/><T50/><D110/><U92/><E108/><V76/><F113/><W86/><G33/><T73/><D73/><U43/><E43/><V111/><F72/><W133/><G70/><T46/><D123/><U80/><E92/><V118/><F118/><W56/><G117/><T131/><D131/><U102/><E102/><V91/><F111/><W125/><G133/><N who="0" m="51307" /><D14/><U4/><E3/><N who="3" m="1034" /><G86/><N who="0" m="52375" /><D60/><U51/><E51/><N who="2" m="27055" /><F91/><W18/><G18/><T77/><D77/><U115/><E115/><V90/><F89/><W53/><G53/><T106/><D106/><U37/><E37/><V103/><F103/><W78/><G78/><T119/><D119/><U129/><E129/><V75/><F75/><W32/><G32/><T21/><D35/><U34/><REACH who="1" step="1"/><E28/><AGARI ba="0,0" hai="21,26,28,42,46,50,126,127" m="52375,51307" machi="28" ten="30,3900,0" yaku="20,1,52,1,54,1" doraHai="40" who="0" fromWho="1" sc="240,39,245,-39,270,0,245,0" /><INIT seed="2,0,0,1,5,90" ten="279,206,270,245" oya="2" hai0="120,50,74,117,83,96,99,22,128,6,17,25,18" hai1="116,80,47,56,133,67,81,7,69,131,132,70,121" hai2="14,39,85,127,66,100,28,110,44,15,46,75,119" hai3="91,88,24,113,111,9,78,135,55,16,42,29,71"/><V98/><F119/><W115/><G71/><N who="1" m="27146" /><E81/><V48/><F75/><W36/><G111/><T41/><D120/><U54/><E80/><V93/><F127/><W122/><G122/><T79/><D128/><U125/><E7/><V52/><F110/><W94/><G135/><N who="1" m="51786" /><E121/><V2/><F66/><W23/><G78/><T102/><D117/><U134/><N who="1" m="51794" /><U109/><DORA hai="51" /><E109/><V57/><F2/><W31/><G91/><T30/><D6/><U68/><E116/><V95/><F28/><W130/><G130/><T73/><D73/><U77/><E77/><V84/><F39/><W129/><G129/><T33/><D33/><U86/><E86/><N who="2" m="33387" /><F95/><W112/><G42/><T21/><D30/><U10/><E10/><V104/><F104/><W13/><G36/><T114/><D74/><U1/><E1/><V97/><F97/><N who="3" m="57543" /><G55/><T5/><D79/><U87/><E87/><V8/><F15/><W59/><G59/><T118/><D118/><U38/><E131/><V92/><F92/><W12/><G12/><T63/><D99/><U20/><E125/><V82/><F82/><W37/><G37/><T65/><D83/><U32/><E32/><V58/><F58/><W64/><G64/><T4/><D96/><U61/><E20/><V76/><F76/><W45/><G45/><T123/><D123/><U89/><E89/><V43/><F43/><W3/><G3/><T0/><D22/><U101/><E101/><V106/><F106/><W105/><G31/><T60/><D0/><U53/><N who="1" m="27154" /><U35/><DORA hai="103" /><E35/><V27/><F27/><W72/><G72/><RYUUKYOKU ba="0,0" sc="279,-30,206,10,270,10,245,10" hai1="38,47,53,54,56,61,67" hai2="8,14,44,46,48,52,57,93,98,100" hai3="9,13,16,23,24,29,105,112,113,115" /><INIT seed="2,1,0,2,5,48" ten="249,216,280,255" oya="2" hai0="51,125,5,32,57,55,21,131,123,85,54,99,8" hai1="66,116,118,69,124,106,80,40,128,45,20,15,30" hai2="28,18,31,4,58,120,14,126,96,113,44,10,104" hai3="94,92,70,129,132,1,34,89,63,47,62,56,13"/><V46/><F113/><W102/><G1/><T7/><D32/><U83/><E106/><V82/><F120/><W2/><G2/><T100/><D123/><U37/><E128/><V24/><F126/><W68/><G34/><T115/><D115/><U6/><E124/><V25/><F104/><W121/><G121/><T39/><D125/><U97/><E97/><V19/><F96/><W52/><G129/><T65/><D39/><U3/><E3/><V71/><F71/><W122/><G122/><T33/><D33/><U130/><E130/><V103/><F103/><W38/><G132/><T41/><D65/><U112/><E112/><V110/><F110/><W105/><G105/><T23/><D41/><U135/><E135/><V101/><F101/><W12/><G92/><N who="0" m="58471" /><D131/><U35/><E35/><V76/><F58/><W133/><G102/><T27/><D85/><U91/><E66/><V73/><F25/><W16/><G12/><N who="0" m="5135" /><D7/><U36/><E36/><V17/><REACH who="2" step="1"/><F24/><REACH who="2" ten="249,216,270,255" step="2"/><W59/><G133/><T29/><D27/><N who="1" m="16743" /><E69/><V107/><F107/><W0/><G68/><T11/><D29/><AGARI ba="1,1" hai="4,10,14,17,18,19,28,29,31,44,46,73,76,82" machi="29" ten="40,2000,0" yaku="1,1,53,0" doraHai="48" doraHaiUra="22" who="2" fromWho="0" sc="249,-23,216,0,270,33,255,0" /><INIT seed="2,2,0,0,2,58" ten="226,216,303,255" oya="2" hai0="35,28,44,130,29,119,77,81,89,105,66,24,30" hai1="83,19,14,60,9,73,98,82,11,129,102,64,16" hai2="20,45,118,87,49,135,15,3,47,108,10,40,121" hai3="134,62,107,52,84,104,131,79,100,86,13,59,2"/><V93/><F118/><W109/><G2/><T117/><D105/><U68/><E129/><V23/><F121/><W126/><G109/><T56/><D130/><U34/><E34/><V12/><F3/><W50/><G131/><T74/><D44/><U63/><E63/><V53/><F135/><W26/><G134/><T0/><D0/><U124/><E124/><V36/><F108/><W99/><G104/><T88/><D24/><U48/><E48/><V8/><F93/><W128/><G128/><T111/><D35/><U27/><E73/><V38/><F87/><W21/><G126/><T32/><D32/><U46/><E46/><V96/><F96/><W5/><G79/><T41/><D41/><U25/><E25/><V65/><F65/><W85/><G50/><T90/><REACH who="0" step="1"/><D111/><REACH who="0" ten="216,216,303,255" step="2"/><U114/><E114/><V71/><F38/><W17/><G26/><T80/><D80/><U116/><E116/><V97/><F45/><W61/><G107/><T91/><N who="0" m="22528" /><DORA hai="37" /><T94/><D94/><U42/><E42/><V51/><F36/><W110/><G110/><T112/><D112/><U120/><E120/><V123/><F47/><W133/><G133/><T76/><D76/><U57/><E27/><V55/><F40/><W39/><G39/><T125/><D125/><U113/><E113/><V6/><F123/><W101/><G13/><T132/><D132/><U33/><E33/><V4/><F15/><W75/><G100/><T22/><D22/><U70/><E102/><V67/><F20/><W54/><G21/><T78/><D78/><U122/><E122/><V1/><F1/><RYUUKYOKU ba="2,1" sc="216,30,216,-10,303,-10,255,-10" hai0="28,29,30,56,66,74,77,81,117,119" /><INIT seed="3,3,1,2,2,81" ten="246,206,293,245" oya="3" hai0="9,5,82,109,39,98,26,121,63,99,24,97,71" hai1="22,42,122,91,128,59,29,15,65,13,132,73,115" hai2="104,55,89,3,36,112,86,40,94,87,72,103,69" hai3="135,79,90,116,47,60,1,70,53,75,21,80,113"/><W110/><G116/><T92/><D121/><U76/><E122/><V108/><F112/><W46/><G113/><T93/><D39/><U20/><E115/><V11/><F108/><W27/><G1/><T84/><D109/><U118/><E118/><V23/><F72/><W17/><G110/><T114/><D114/><U2/><E2/><V127/><F69/><W43/><G135/><T58/><D71/><U95/><E132/><V131/><F131/><W83/><G43/><T51/><D51/><U125/><E128/><V67/><F67/><W10/><G10/><T54/><D26/><N who="1" m="16583" /><E73/><V96/><F127/><W88/><G90/><T66/><D24/><U50/><E76/><V7/><F55/><W101/><G101/><T106/><D106/><U49/><E125/><V41/><F36/><W133/><G133/><T124/><D66/><U6/><E6/><V18/><F87/><N who="3" m="48543" /><G70/><T0/><REACH who="0" step="1"/><D124/><REACH who="0" ten="236,206,293,245" step="2"/><U57/><E50/><V78/><F78/><AGARI ba="3,2" hai="0,5,9,54,58,63,78,82,84,92,93,97,98,99" machi="78" ten="40,5200,0" yaku="1,1,2,1,52,1,53,0" doraHai="81" doraHaiUra="68" who="0" fromWho="2" sc="236,81,206,0,293,-61,245,0" owari="317,41.7,206,-29.4,232,-16.8,245,4.5" /></mjloggm>