<mjloggm ver="2.3"><GO type="225" lobby="0"/><UN n0="%E3%83%94%E3%83%B3%E3%82%B5%E3%83%AD%E5%BA%97%E5%93%A1" n1="%E3%82%88%E3%82%8D%E3%81%97%E3%81%8F%E3%81%A7%E3%81%99%E2%99%AA" n2="%E3%83%A9%E3%82%B9%E7%8E%87%EF%BC%93%E5%89%B2" n3="%E9%A6%AC%E5%BC%95%E7%81%AB%33" dan="17,17,17,16" rate="2209.19,2163.79,2208.93,2103.64" sx="M,F,F,M"/><TAIKYOKU oya="0"/><INIT seed="0,0,0,2,3,52" ten="250,250,250,250" oya="0" hai0="92,80,32,23,18,54,59,25,108,131,61,33,36" hai1="14,70,75,111,79,84,101,95,8,24,27,105,119" hai2="89,107,62,26,86,28,90,51,121,69,38,125,128" hai3="48,41,122,117,46,4,100,91,37,6,16,102,104"/><T103/><D131/><U72/><E119/><V21/><F38/><W11/><G117/><T71/><D36/><U76/><E70/><V40/><F121/><W20/><G122/><T110/><D71/><U56/><E111/><N who="0" m="42537" /><D80/><U94/><E72/><V5/><F107/><W77/><G37/><T82/><D82/><N who="1" m="47175" /><E105/><V17/><F125/><W96/><G77/><T10/><D10/><U97/><E79/><V124/><F124/><W49/><G102/><T0/><D0/><U132/><E75/><V19/><F5/><W7/><G91/><T53/><D53/><U30/><E132/><V57/><F89/><W22/><REACH who="3" step="1"/><G48/><REACH who="3" ten="250,250,250,240" step="2"/><T93/><D103/><U67/><E101/><V73/><F90/><W15/><AGARI ba="0,1" hai="4,6,7,11,15,16,20,22,41,46,49,96,100,104" machi="15" ten="30,7900,0" yaku="1,1,2,1,0,1,54,1,53,0" doraHai="52" doraHaiUra="34" who="3" fromWho="3" sc="250,-39,250,-20,250,-20,240,89" /><INIT seed="1,0,0,1,5,95" ten="211,230,230,329" oya="1" hai0="15,21,87,46,66,7,19,9,26,113,17,124,65" hai1="59,131,16,33,79,3,52,27,111,31,22,50,58" hai2="121,118,13,25,117,97,10,71,132,69,123,11,83" hai3="119,5,109,78,70,84,100,1,8,62,74,45,57"/><U6/><E131/><V0/><F83/><W99/><G70/><T104/><D124/><U2/><E111/><V14/><F25/><W126/><G109/><T81/><D113/><U28/><E79/><V53/><F53/><W120/><G120/><T39/><D104/><U61/><E6/><V38/><F38/><W75/><G126/><T35/><D35/><U122/><E122/><V127/><F127/><W47/><G119/><T112/><D112/><U24/><REACH who="1" step="1"/><E31/><REACH who="1" ten="211,220,230,329" step="2"/><V72/><F72/><W135/><G75/><T49/><D7/><U89/><E89/><V48/><F121/><W85/><G74/><T91/><REACH who="0" step="1"/><D39/><REACH who="0" ten="201,220,230,329" step="2"/><U116/><E116/><V56/><F118/><W94/><G5/><T77/><D77/><U60/><E60/><V128/><F117/><W54/><G62/><T82/><D82/><U68/><E68/><V37/><F37/><W12/><G78/><T67/><D67/><AGARI ba="0,2" hai="2,3,16,22,24,27,28,33,50,52,58,59,61,67" machi="67" ten="30,11600,0" yaku="1,1,7,1,54,2,53,0" doraHai="95" doraHaiUra="43" who="1" fromWho="0" sc="201,-116,220,136,230,0,329,0" /><INIT seed="1,1,0,0,2,118" ten="85,356,230,329" oya="1" hai0="39,35,135,14,84,129,36,56,79,88,30,133,37" hai1="62,11,119,13,65,58,107,21,49,42,117,33,121" hai2="130,66,97,52,24,91,26,83,25,17,53,70,78" hai3="127,102,51,128,5,23,27,105,34,69,60,132,45"/><U103/><E33/><V68/><F130/><W31/><G128/><T116/><D129/><U134/><E134/><V122/><F17/><W20/><G132/><T67/><D116/><U41/><E121/><V89/><F122/><W114/><G114/><T93/><D79/><U4/><E107/><V101/><F66/><N who="3" m="41159" /><G127/><T28/><D28/><U3/><E103/><V112/><F112/><W44/><G5/><T1/><D1/><U2/><E119/><V115/><F115/><W10/><G10/><T96/><D14/><U98/><E117/><V113/><F113/><W40/><G45/><T57/><D57/><U95/><E21/><V74/><F68/><W48/><G48/><T12/><D12/><U81/><E81/><V90/><REACH who="2" step="1"/><F70/><REACH who="2" ten="85,356,220,329" step="2"/><W32/><G32/><T109/><D109/><U126/><E126/><V15/><F15/><W59/><G34/><T85/><D135/><U50/><E3/><V75/><F75/><W47/><G31/><T9/><D133/><U43/><REACH who="1" step="1"/><E2/><REACH who="1" ten="85,346,220,329" step="2"/><V29/><F29/><W87/><G20/><T71/><D30/><U19/><E19/><V55/><F55/><W7/><G23/><T73/><D35/><U124/><E124/><V86/><F86/><N who="0" m="33386" /><D73/><U99/><E99/><V76/><F76/><W131/><G87/><T54/><D9/><U46/><E46/><V22/><F22/><W100/><G47/><T92/><D96/><U82/><E82/><V61/><F61/><W125/><G44/><T16/><D71/><U72/><E72/><V8/><F8/><W120/><G125/><T104/><D54/><U80/><E80/><RYUUKYOKU ba="1,2" sc="85,-15,346,15,220,15,329,-15" hai1="4,11,13,41,42,43,49,50,58,62,65,95,98" hai2="24,25,26,52,53,74,78,83,89,90,91,97,101" /><INIT seed="1,2,2,1,4,33" ten="70,361,235,314" oya="1" hai0="60,67,20,106,11,75,92,128,58,18,87,65,102" hai1="133,69,12,29,130,57,117,36,132,47,73,108,66" hai2="53,17,41,22,4,0,81,80,125,56,27,116,119" hai3="83,21,99,79,103,115,126,113,95,77,9,37,96"/><U98/><E73/><V6/><F125/><W97/><G37/><T93/><D128/><U16/><E117/><V78/><F41/><W105/><G9/><T76/><D75/><U134/><E130/><V118/><F0/><W23/><G23/><T110/><D110/><U72/><E72/><V85/><REACH who="2" step="1"/><F81/><REACH who="2" ten="70,361,225,314" step="2"/><W104/><G126/><T89/><D106/><U15/><E133/><V31/><F31/><W112/><G83/><T7/><D76/><N who="3" m="29257" /><G21/><T3/><D102/><U45/><E29/><V8/><F8/><W10/><G10/><T107/><D107/><AGARI ba="2,3" hai="95,96,97,99,103,104,105,107,112,113,115" m="29257" machi="107" ten="40,2600,0" yaku="34,2" doraHai="33" who="3" fromWho="0" sc="70,-32,361,0,225,0,314,62" /><INIT seed="2,0,0,5,5,119" ten="38,361,225,376" oya="2" hai0="134,127,98,76,110,25,51,8,86,5,132,7,4" hai1="11,40,117,130,1,17,80,81,87,135,63,90,68" hai2="26,33,72,18,75,55,100,19,2,102,97,29,22" hai3="14,56,106,78,128,79,71,6,92,64,41,124,74"/><V45/><F2/><W47/><G106/><T111/><D98/><U115/><E115/><V28/><F55/><W34/><G71/><T83/><D127/><U35/><E117/><V43/><F19/><W99/><G34/><T0/><D51/><U60/><E35/><V58/><F58/><W96/><G96/><T125/><D125/><U3/><E130/><V101/><F97/><W16/><G6/><N who="0" m="2667" /><D86/><U84/><E135/><N who="0" m="51753" /><D83/><U73/><E73/><V118/><F118/><W129/><G124/><T20/><D76/><U105/><E105/><V48/><REACH who="2" step="1"/><F29/><AGARI ba="0,0" hai="0,7,8,20,25,29,110,111" m="51753,2667" machi="29" ten="30,3900,0" yaku="20,1,34,2" doraHai="119" who="0" fromWho="2" sc="38,39,361,0,225,-39,376,0" /><INIT seed="3,0,0,0,2,82" ten="77,361,186,376" oya="3" hai0="55,40,96,93,33,71,49,97,42,24,92,30,98" hai1="91,25,47,11,50,90,120,89,28,22,118,39,111" hai2="87,132,135,38,79,85,126,64,116,99,80,68,59" hai3="57,66,3,63,15,10,32,94,62,114,34,73,43"/><W23/><G114/><T51/><D71/><U86/><E120/><V67/><F116/><W130/><G73/><T77/><D77/><U9/><E39/><V5/><F38/><W6/><G43/><T88/><D51/><U100/><E111/><V61/><F126/><W48/><G48/><T103/><REACH who="0" step="1"/><D98/><REACH who="0" ten="67,361,186,376" step="2"/><U81/><E118/><V74/><F99/><W69/><G130/><T52/><D52/><N who="1" m="29791" /><E100/><V107/><F68/><W84/><G3/><T104/><D104/><U101/><E101/><V60/><F107/><W45/><G45/><T54/><D54/><U105/><E105/><V125/><F125/><W115/><G115/><T14/><D14/><U18/><E28/><V65/><F61/><W78/><G23/><T133/><D133/><U108/><E108/><V53/><F135/><W123/><G123/><T124/><D124/><U19/><E19/><V12/><F132/><W106/><G106/><T29/><D29/><U4/><E4/><V117/><F117/><W20/><G20/><T26/><D26/><U27/><E27/><V41/><F41/><W127/><G127/><T112/><D112/><U110/><E110/><V76/><F79/><AGARI ba="0,1" hai="9,11,18,22,25,79,81,86,89,90,91" m="29791" machi="79" ten="30,3900,0" yaku="8,1,52,1,54,1" doraHai="82" who="1" fromWho="2" sc="67,0,361,49,186,-39,376,0" owari="67,-43.3,410,51.0,147,-25.3,376,17.6" /></mjloggm>