<mjloggm ver="2.3"><GO type="225" lobby="0"/><UN n0="%E7%B4%94%E6%BD%94%E3%83%94%E3%83%A9%E3%83%8B%E3%82%A2" n1="%E3%81%82%E3%81%84%E3%81%82%E3%81%8A%E3%81%84" n2="%E6%A1%9C%E8%8A%B1%E9%96%83%E3%80%85" n3="%72%69%6F%75%63%68%61%6E" dan="17,18,17,16" rate="2197.31,2178.13,2255.32,2093.75" sx="M,M,M,M"/><TAIKYOKU oya="0"/><INIT seed="0,0,0,0,2,3" ten="250,250,250,250" oya="0" hai0="4,69,41,17,36,131,87,51,7,102,14,31,34" hai1="42,130,48,64,50,49,2,35,45,37,99,60,59" hai2="70,56,133,116,57,108,71,38,23,129,94,6,126" hai3="97,72,103,66,93,86,107,124,18,68,73,32,28"/><T54/><D69/><U79/><E35/><V63/><F23/><W125/><G18/><T55/><D131/><U19/><E130/><V123/><F94/><W109/><G109/><T101/><D36/><U96/><E2/><V120/><F57/><W128/><G128/><T85/><D34/><U11/><E79/><V135/><F129/><W39/><G39/><T88/><D85/><U84/><E84/><V95/><F95/><W114/><G114/><T127/><D41/><U77/><E77/><V46/><F6/><N who="0" m="2090" /><D31/><U52/><E11/><V81/><F108/><W82/><G107/><T12/><D12/><U132/><E132/><V58/><F116/><W113/><G113/><T104/><D104/><U25/><E19/><V53/><F38/><W43/><G43/><T111/><D111/><U105/><E25/><V76/><F71/><W24/><G68/><T62/><D62/><U8/><E8/><V21/><F70/><W119/><G119/><T47/><D54/><U20/><E20/><V22/><F22/><W92/><G66/><T134/><D134/><N who="2" m="51210" /><F21/><W65/><G65/><T117/><D117/><U1/><E1/><V33/><F63/><W98/><G72/><T90/><D90/><U30/><E30/><V74/><F33/><W15/><G73/><T0/><D0/><U5/><E5/><V91/><F91/><N who="3" m="55455" /><G15/><T16/><D17/><U80/><E105/><V75/><F75/><W9/><G9/><N who="0" m="6223" /><D127/><N who="3" m="48713" /><G86/><T122/><D122/><N who="2" m="46634" /><F126/><W121/><G121/><T100/><D100/><U89/><E64/><V115/><F115/><W78/><G78/><T29/><D29/><RYUUKYOKU ba="0,0" sc="250,0,250,0,250,0,250,0" hai0="47,51,55,87,88,101,102" hai1="37,42,45,48,49,50,52,59,60,80,89,96,99" hai2="46,53,56,58,74,76,81" hai3="24,28,32,82,93,98,103" /><INIT seed="0,1,0,1,0,6" ten="250,250,250,250" oya="0" hai0="122,90,88,86,10,41,116,84,94,111,27,81,72" hai1="112,77,14,103,36,21,87,15,134,114,115,70,16" hai2="0,28,1,89,133,82,79,46,125,42,129,29,100" hai3="131,135,25,108,57,61,39,59,132,52,67,110,32"/><T73/><D116/><U91/><E134/><N who="3" m="51242" /><G131/><T3/><D122/><U71/><E36/><V117/><F133/><W55/><G32/><T124/><D124/><U18/><E77/><V34/><F129/><W50/><G25/><T48/><D111/><N who="3" m="42537" /><G39/><T75/><D27/><U38/><E103/><V7/><F100/><W97/><G97/><T19/><D19/><U119/><E38/><V99/><F29/><W78/><G78/><T66/><D66/><AGARI ba="1,0" hai="50,52,55,57,59,61,66,67" m="42537,51242" machi="66" ten="30,8000,1" yaku="20,1,14,1,34,2,54,1" doraHai="6" who="3" fromWho="0" sc="250,-83,250,0,250,0,250,83" /><INIT seed="1,0,0,1,2,91" ten="167,250,250,333" oya="1" hai0="120,133,49,56,94,121,70,87,124,38,51,128,116" hai1="103,13,77,32,86,29,50,41,69,17,64,127,102" hai2="40,108,7,93,126,52,5,31,107,26,24,33,6" hai3="117,53,78,82,58,74,100,90,75,43,80,123,27"/><U57/><E127/><V81/><F107/><W65/><G123/><N who="0" m="47179" /><D116/><U125/><E69/><V47/><F126/><W59/><G117/><T61/><D124/><U131/><E125/><V71/><F108/><W111/><G111/><T25/><D38/><U119/><E119/><V67/><F81/><W122/><G122/><T105/><D105/><U15/><E131/><V99/><F26/><W22/><G100/><T97/><D87/><U45/><E13/><V3/><F3/><W0/><G0/><T18/><D70/><U79/><E29/><V21/><F33/><W73/><G43/><T84/><D84/><U46/><E46/><V8/><F8/><W68/><G68/><T28/><D128/><U130/><E32/><V37/><F67/><W95/><G65/><N who="0" m="39079" /><D18/><U83/><E79/><V113/><F71/><W63/><G58/><T19/><D19/><U10/><REACH who="1" step="1"/><E130/><REACH who="1" ten="167,240,250,333" step="2"/><V106/><F31/><W88/><G78/><T129/><D129/><U96/><E96/><V60/><F99/><N who="3" m="57831" /><G90/><N who="0" m="55511" /><D133/><U89/><E89/><V85/><F24/><W115/><G115/><T101/><D101/><U114/><E114/><V118/><F113/><W112/><G112/><T39/><D39/><U44/><E44/><V20/><F118/><W1/><G1/><T134/><D134/><U76/><E76/><V16/><F47/><W135/><G135/><T9/><D9/><U36/><E36/><V62/><F37/><W14/><G14/><T92/><D92/><U30/><E30/><V48/><F93/><W11/><G11/><T109/><D109/><U2/><E2/><V72/><F106/><RYUUKYOKU ba="0,1" sc="167,10,240,10,250,-30,333,10" hai0="25,28,49,51" hai1="10,15,17,41,45,50,57,64,77,83,86,102,103" hai3="22,27,53,59,63,73,74,75,80,82" /><INIT seed="1,1,1,0,5,28" ten="177,250,220,343" oya="1" hai0="3,17,23,90,108,26,61,127,53,16,128,77,59" hai1="8,126,30,62,15,95,45,66,12,117,100,47,122" hai2="51,114,101,48,102,125,92,58,0,103,82,113,97" hai3="65,104,74,18,42,21,29,49,2,84,105,99,55"/><U56/><E117/><V96/><F0/><W107/><G74/><T133/><D108/><U54/><E122/><V52/><F125/><W118/><G2/><T111/><D111/><U106/><E106/><V9/><F9/><W63/><G118/><T91/><D127/><U64/><E126/><V72/><F48/><W130/><G130/><T43/><D128/><U85/><E30/><V109/><F109/><W27/><G42/><T121/><D121/><U6/><E15/><V86/><F72/><W119/><G119/><T83/><D133/><U60/><E54/><V32/><F32/><W10/><G84/><T75/><D3/><U44/><E85/><V78/><REACH who="2" step="1"/><F97/><REACH who="2" ten="177,250,210,343" step="2"/><W22/><G10/><T67/><D43/><U71/><REACH who="1" step="1"/><E45/><REACH who="1" ten="177,240,210,343" step="2"/><V14/><F14/><W4/><G99/><AGARI ba="1,3" hai="6,8,12,44,47,56,60,62,64,66,71,95,99,100" machi="99" ten="40,3900,0" yaku="1,1,2,1,53,0" doraHai="28" doraHaiUra="135" who="1" fromWho="3" sc="177,0,240,72,210,0,343,-42" /><INIT seed="1,2,0,2,0,31" ten="177,312,210,301" oya="1" hai0="111,83,13,12,63,117,123,33,22,26,29,134,36" hai1="70,87,112,74,131,18,116,124,56,107,15,50,54" hai2="19,98,115,121,118,101,102,8,57,0,2,108,110" hai3="64,100,66,75,99,84,16,5,58,86,95,132,79"/><U113/><E74/><V103/><F121/><W46/><G132/><T90/><D117/><U3/><E116/><V133/><F118/><W10/><G46/><T91/><D134/><U40/><E3/><N who="2" m="1067" /><F133/><W77/><G5/><T126/><D123/><U59/><E70/><V14/><F57/><W38/><G38/><T93/><D36/><U48/><E107/><N who="2" m="63927" /><F115/><W82/><G58/><T39/><D39/><U42/><E113/><V47/><F47/><W92/><G75/><T25/><D111/><AGARI ba="2,0" hai="8,14,19,102,103,108,110,111" m="63927,1067" machi="111" ten="30,1000,0" yaku="14,1" doraHai="31" who="2" fromWho="0" sc="177,-16,312,0,210,16,301,0" /><INIT seed="2,0,0,2,4,33" ten="161,312,226,301" oya="2" hai0="0,101,84,53,31,108,114,77,102,121,37,61,24" hai1="26,67,63,27,8,4,74,16,105,79,72,112,111" hai2="34,120,47,45,54,68,11,55,76,115,119,93,22" hai3="86,89,73,7,90,39,85,92,29,56,19,12,129"/><V44/><F119/><W21/><G129/><T71/><D114/><U134/><E112/><V88/><F115/><W5/><G39/><T10/><D121/><U83/><E105/><V62/><F34/><W43/><G73/><T97/><D108/><U46/><E111/><V80/><F120/><W75/><G75/><T36/><D84/><U110/><E74/><V82/><F11/><W128/><G128/><T40/><D40/><U132/><E110/><V50/><F76/><W13/><G43/><T1/><D77/><U59/><E46/><N who="2" m="27991" /><F68/><W103/><G103/><T35/><D101/><U96/><E96/><N who="2" m="57383" /><F22/><W127/><G127/><T87/><D87/><U9/><E9/><V70/><F70/><W32/><G56/><AGARI ba="0,0" hai="44,45,47,55,56,62,80,82" m="57383,27991" machi="56" ten="30,2900,0" yaku="8,1,54,1" doraHai="33" who="2" fromWho="3" sc="161,0,312,0,226,29,301,-29" /><INIT seed="2,1,0,3,5,80" ten="161,312,255,272" oya="2" hai0="71,97,81,40,17,52,90,6,39,59,89,62,77" hai1="28,70,105,30,117,115,42,128,63,13,101,84,45" hai2="78,61,8,3,95,116,56,108,111,34,91,53,82" hai3="9,87,103,109,58,100,73,74,2,7,67,20,135"/><V41/><F116/><W33/><G33/><T114/><D114/><U98/><E115/><V19/><F34/><W23/><G109/><N who="2" m="42057" /><F41/><W69/><G69/><T12/><D6/><U65/><E117/><V75/><F19/><W126/><G73/><T122/><D122/><U5/><E128/><V0/><F8/><W29/><G74/><T118/><D118/><U125/><E125/><V72/><F72/><W85/><G126/><T124/><D124/><U44/><E44/><V22/><F22/><W60/><G20/><T10/><D71/><U32/><E32/><V31/><F31/><W104/><G135/><T27/><D27/><U46/><E46/><V123/><F123/><W37/><G37/><T106/><D39/><U36/><E5/><V57/><F57/><W130/><G130/><T113/><D40/><U96/><E13/><V102/><F102/><W64/><G103/><T99/><D113/><U88/><E98/><AGARI ba="1,0" hai="0,3,53,56,61,75,78,82,91,95,98" m="42057" machi="98" ten="30,2900,0" yaku="14,1,10,1" doraHai="80" who="2" fromWho="1" sc="161,0,312,-32,255,32,272,0" /><INIT seed="2,2,0,0,0,82" ten="161,280,287,272" oya="2" hai0="60,87,123,83,54,130,37,129,2,89,119,118,51" hai1="90,22,70,108,32,61,86,107,15,100,11,56,106" hai2="25,91,13,77,64,0,124,99,14,112,79,74,55" hai3="103,88,120,41,125,93,43,3,5,121,116,45,39"/><V80/><F112/><W21/><G116/><N who="0" m="44587" /><D37/><U98/><E32/><V1/><F124/><W46/><G125/><T16/><D2/><U95/><E70/><V68/><F55/><W110/><G110/><T6/><D6/><U31/><E108/><V52/><F25/><W30/><G103/><T76/><D60/><U101/><E101/><V105/><F68/><W84/><G5/><T12/><D76/><N who="2" m="29258" /><F74/><W18/><G30/><T126/><D123/><U4/><E22/><V57/><F105/><W53/><G53/><T97/><D97/><U135/><E31/><V62/><F0/><W75/><G75/><T81/><D81/><U35/><E35/><V58/><F1/><W104/><G104/><T49/><D126/><U128/><E128/><N who="0" m="49257" /><D54/><U132/><REACH who="1" step="1"/><E106/><REACH who="1" ten="161,270,287,272" step="2"/><V133/><F58/><W7/><G121/><T72/><D72/><U65/><AGARI ba="2,1" hai="4,11,15,56,61,65,86,90,95,98,100,107,132,135" machi="65" ten="30,7900,0" yaku="1,1,2,1,0,1,52,1,53,0" doraHai="82" doraHaiUra="47" who="1" fromWho="1" sc="161,-22,270,95,287,-41,272,-22" /><INIT seed="3,0,0,4,2,53" ten="139,365,246,250" oya="3" hai0="116,20,125,122,51,81,113,130,25,86,45,112,104" hai1="97,35,36,41,124,34,55,9,128,46,95,82,17" hai2="117,109,69,7,94,60,134,121,2,84,8,73,91" hai3="5,10,85,119,126,131,62,75,135,110,65,132,54"/><W31/><G119/><T15/><D104/><U37/><E37/><V13/><F117/><W71/><G75/><T74/><D74/><U32/><E124/><V80/><F109/><W108/><G126/><T88/><D116/><U49/><E128/><V18/><F134/><N who="3" m="51243" /><G131/><T21/><D125/><U93/><E82/><V102/><F121/><W83/><G31/><T103/><D122/><U30/><E30/><V0/><F102/><W50/><G10/><T4/><D130/><U72/><E72/><V6/><F2/><W107/><G5/><T76/><D103/><U87/><E87/><V98/><F73/><W38/><G38/><T133/><D133/><U68/><E68/><V114/><F114/><W57/><G107/><T27/><D112/><U120/><E120/><V14/><F0/><W47/><G71/><T52/><D113/><U79/><E79/><AGARI ba="0,0" hai="47,50,54,57,62,65,79,83,85,108,110" m="51243" machi="79" ten="30,2900,0" yaku="20,1,52,1" doraHai="53" who="3" fromWho="1" sc="139,0,365,-29,246,0,250,29" /><INIT seed="3,1,0,4,1,90" ten="139,336,246,279" oya="3" hai0="11,93,85,30,13,87,43,109,115,81,68,61,123" hai1="128,20,65,7,48,116,84,37,40,127,88,14,118" hai2="58,44,133,2,53,34,66,96,52,82,121,70,22" hai3="50,114,38,15,107,92,24,4,19,57,17,56,134"/><W100/><G114/><T74/><D123/><U55/><E127/><V80/><F34/><W91/><G38/><T94/><D115/><U6/><E65/><V103/><F121/><W27/><G134/><T102/><D109/><U120/><E120/><V73/><F133/><W39/><G39/><T28/><D74/><U64/><E64/><V79/><F70/><W62/><G100/><T33/><D33/><U8/><E128/><V36/><F2/><W9/><G107/><T131/><D131/><U77/><E77/><V71/><F71/><W21/><G50/><T105/><D105/><U3/><E40/><V76/><F22/><N who="3" m="13391" /><G62/><T10/><D68/><U89/><E37/><V132/><F132/><W126/><G126/><T18/><D102/><U78/><E78/><V29/><F29/><W59/><G56/><T125/><D125/><U104/><E104/><V54/><F36/><W45/><G45/><T32/><D32/><U99/><E3/><V117/><F44/><W75/><G75/><T113/><D113/><U112/><E112/><V108/><F117/><W41/><G41/><T31/><D43/><U111/><E116/><V69/><F69/><W26/><G27/><T12/><D61/><U67/><E118/><V5/><F58/><W49/><G49/><T135/><D135/><U25/><E48/><V47/><F47/><W42/><G42/><T72/><D72/><U110/><E110/><V16/><F108/><W101/><G101/><T63/><D63/><U83/><E111/><V60/><F103/><W35/><G35/><T46/><D46/><U98/><E67/><RYUUKYOKU ba="1,0" sc="139,-10,336,-10,246,-10,279,30" hai3="4,9,15,19,21,26,57,59,91,92" /><INIT seed="3,2,0,0,3,22" ten="129,326,236,309" oya="3" hai0="135,48,80,7,98,21,13,18,52,112,133,113,115" hai1="75,55,0,30,100,36,86,94,122,37,117,42,130" hai2="85,44,29,35,92,68,15,45,47,65,43,6,70" hai3="31,9,89,111,51,107,73,33,71,126,10,25,63"/><W118/><G118/><T14/><D80/><U120/><E0/><V67/><F35/><W119/><G119/><T128/><D98/><U41/><E75/><V64/><F29/><W27/><G73/><T91/><D91/><U17/><E30/><V69/><F85/><W61/><G126/><T11/><REACH who="0" step="1"/><D128/><REACH who="0" ten="119,326,236,309" step="2"/><U56/><E130/><V129/><F129/><W101/><G89/><T132/><D132/><U60/><E117/><V77/><F77/><W26/><G101/><T106/><D106/><U39/><E100/><V23/><F92/><W19/><G107/><T53/><D53/><U97/><E55/><V20/><F43/><W46/><G63/><T2/><D2/><U1/><E42/><V8/><AGARI ba="2,1" hai="6,8,15,20,23,44,45,47,64,65,67,68,69,70" machi="8" ten="40,5200,0" yaku="0,1,29,2" doraHai="22" who="2" fromWho="2" sc="119,-15,326,-15,236,68,309,-28" owari="104,-39.6,311,41.1,304,10.4,281,-11.9" /></mjloggm>