<mjloggm ver="2.3"><GO type="225" lobby="0"/><UN n0="%E6%9C%88%E5%B3%B6%E5%9F%BA" n1="%E6%9D%B1%E9%A2%A8%E3%81%AE%E3%81%8D%E3%82%83%E3%81%B7%E3%81%95%E3%82%93" n2="%E3%82%BC%E3%83%AB%E3%83%80%E3%81%AE%E4%BC%9D%E8%AA%AC" n3="%E3%83%81%E3%83%83%E3%82%BF%E3%82%BD%E3%83%BC" dan="17,16,17,16" rate="2192.19,2199.20,2127.27,2158.23" sx="M,M,M,F"/><TAIKYOKU oya="0"/><INIT seed="0,0,0,3,1,47" ten="250,250,250,250" oya="0" hai0="14,8,29,19,52,99,10,87,30,51,112,15,93" hai1="130,118,13,133,71,35,37,111,42,94,135,74,75" hai2="20,116,127,49,44,124,119,77,3,113,27,4,120" hai3="67,90,73,18,22,50,25,81,21,66,64,123,76"/><T70/><D112/><U41/><E94/><V114/><F77/><W12/><G123/><T91/><D70/><U2/><E13/><V95/><F95/><W63/><G90/><T54/><D99/><U106/><E42/><V32/><F32/><W43/><G43/><T85/><D85/><U60/><E60/><V129/><F120/><W65/><G65/><T23/><D54/><U98/><E98/><V89/><F89/><W100/><G100/><T97/><D97/><U125/><E41/><N who="2" m="24719" /><F4/><W92/><G92/><T34/><D34/><U122/><E75/><V72/><F3/><W38/><G38/><T39/><D39/><U0/><E0/><V24/><F72/><W26/><G50/><T58/><D10/><U7/><E7/><AGARI ba="0,0" hai="7,8,14,15,19,23,29,30,51,52,58,87,91,93" machi="7" ten="30,18000,2" yaku="7,1,25,2,8,1,52,1,54,1" doraHai="47" who="0" fromWho="1" sc="250,180,250,-180,250,0,250,0" /><INIT seed="0,1,0,4,0,59" ten="430,70,250,250" oya="0" hai0="14,28,33,104,54,16,97,113,116,82,108,58,103" hai1="114,98,61,55,105,26,115,81,78,134,93,118,56" hai2="47,0,12,91,107,126,125,40,63,94,9,5,110" hai3="77,23,19,31,87,95,130,2,10,42,36,100,17"/><T70/><D113/><U80/><E118/><V133/><F110/><W121/><G130/><T88/><D116/><U13/><E105/><V135/><F107/><W32/><G121/><T111/><D70/><U39/><E39/><N who="2" m="21919" /><F0/><W66/><G32/><T48/><D28/><U92/><E134/><N who="2" m="51211" /><F63/><W68/><G31/><T89/><D33/><U75/><E92/><V109/><F109/><N who="0" m="42058" /><D82/><U52/><E55/><V4/><F4/><W132/><G132/><T29/><D29/><U57/><E57/><V129/><F129/><W27/><G42/><T102/><D102/><U50/><E26/><V53/><F53/><W123/><G123/><T73/><D73/><U1/><E1/><V37/><F37/><W11/><G36/><T21/><AGARI ba="1,0" hai="14,16,21,48,54,58,88,89,97,103,104" m="42058" machi="21" ten="30,11700,0" yaku="14,1,10,1,54,2" doraHai="59" who="0" fromWho="0" sc="430,120,70,-40,250,-40,250,-40" /><INIT seed="0,2,0,0,4,119" ten="550,30,210,210" oya="0" hai0="89,39,63,79,70,7,130,108,96,22,71,73,135" hai1="103,18,126,52,30,107,34,9,32,38,72,129,134" hai2="68,5,117,55,92,4,27,132,110,61,74,8,14" hai3="15,75,123,83,115,0,56,28,29,48,114,6,82"/><T49/><D39/><U90/><E38/><V121/><F74/><W116/><G116/><T85/><D130/><U124/><E72/><V25/><F117/><W95/><G0/><T87/><D135/><U104/><E90/><V33/><F121/><W62/><G123/><T42/><D7/><U105/><E103/><V120/><F120/><W118/><G118/><T131/><D73/><U78/><E78/><V133/><F110/><W99/><G48/><T53/><D96/><U101/><E101/><V100/><F5/><W59/><G15/><T64/><D71/><U125/><E30/><V86/><F33/><W17/><G6/><T12/><D42/><U41/><E41/><V93/><F93/><W112/><G17/><T47/><D131/><U44/><E129/><V57/><F68/><W54/><G56/><T16/><D79/><U58/><E44/><V102/><F102/><W77/><REACH who="3" step="1"/><G82/><REACH who="3" ten="550,30,210,200" step="2"/><T13/><D108/><U97/><E134/><N who="2" m="51819" /><F86/><W84/><G84/><T50/><D85/><U36/><E36/><V76/><F76/><W127/><G127/><T106/><D50/><N who="1" m="30999" /><E97/><AGARI ba="2,1" hai="4,8,14,25,27,55,57,61,92,97,100" m="51819" machi="97" ten="30,1000,0" yaku="20,1" doraHai="119" who="2" fromWho="1" sc="550,0,30,-16,210,26,200,0" /><INIT seed="1,0,0,3,0,112" ten="550,14,236,200" oya="1" hai0="78,74,60,16,32,73,58,36,47,109,39,59,3" hai1="26,17,42,63,67,131,57,76,134,79,62,96,5" hai2="87,53,12,50,7,72,95,46,54,85,117,2,23" hai3="100,45,10,20,121,68,98,111,104,33,103,71,130"/><U35/><E134/><V110/><F72/><W119/><G20/><T114/><D114/><U118/><E118/><V38/><F117/><W82/><G10/><T13/><D32/><U25/><E131/><V94/><F38/><W91/><G45/><T125/><D3/><U92/><E5/><V116/><F116/><W40/><G40/><T80/><D74/><U0/><E0/><V15/><F110/><W27/><G27/><T122/><D125/><U44/><E63/><V128/><F128/><W43/><G43/><T120/><D109/><U30/><E17/><N who="2" m="10663" /><F2/><W86/><G33/><T93/><D93/><N who="2" m="35338" /><F54/><W65/><G65/><N who="0" m="39063" /><D59/><U99/><E25/><V75/><F75/><W89/><G119/><T6/><D47/><U84/><E84/><V14/><F14/><W9/><G111/><T49/><D49/><U31/><E31/><V66/><F66/><W107/><G121/><N who="0" m="46699" /><D6/><U18/><E18/><V83/><F83/><W123/><G123/><T34/><D34/><U106/><E106/><V135/><F135/><W88/><G130/><T52/><D52/><U97/><REACH who="1" step="1"/><E92/><REACH who="1" ten="550,4,236,200" step="2"/><V21/><F7/><W41/><G104/><T55/><D16/><AGARI ba="0,1" hai="15,16,21,46,50,53,85,87" m="35338,10663" machi="16" ten="30,2000,0" yaku="8,1,54,1" doraHai="112" who="2" fromWho="0" sc="550,-20,4,0,236,30,200,0" /><INIT seed="2,0,0,4,1,33" ten="530,4,266,200" oya="2" hai0="124,91,132,90,8,10,26,102,112,19,125,126,47" hai1="104,130,127,95,63,2,119,24,96,79,21,36,70" hai2="120,76,122,115,12,87,55,69,59,18,49,29,58" hai3="20,35,78,88,117,32,6,84,68,81,74,85,16"/><V22/><F115/><W116/><G68/><T31/><D132/><U129/><E79/><V27/><F69/><W3/><G32/><N who="0" m="20599" /><D112/><U114/><E95/><V105/><F105/><W71/><G35/><T107/><D47/><U53/><E53/><V82/><REACH who="2" step="1"/><F59/><REACH who="2" ten="530,4,256,200" step="2"/><W42/><G71/><T14/><D107/><U66/><E114/><V37/><F37/><W4/><G116/><T43/><D125/><U75/><E36/><V56/><F56/><W111/><G117/><T134/><D124/><U133/><E127/><V30/><F30/><W7/><G111/><T109/><D126/><U118/><E133/><V113/><F113/><W34/><G34/><AGARI ba="0,1" hai="12,18,22,27,29,34,49,55,58,76,82,87,120,122" machi="34" ten="30,2900,0" yaku="1,1,7,1,53,0" doraHai="33" doraHaiUra="61" who="2" fromWho="3" sc="530,0,4,0,256,39,200,-29" /><INIT seed="2,1,0,5,4,79" ten="530,4,295,171" oya="2" hai0="42,101,34,88,49,16,57,7,30,128,38,46,41" hai1="124,24,115,82,6,103,112,96,51,59,15,65,113" hai2="111,9,67,2,97,29,69,50,48,63,19,55,131" hai3="87,102,12,58,44,71,133,83,129,66,77,134,81"/><V135/><F135/><N who="3" m="51723" /><G71/><T13/><D128/><U95/><E124/><V125/><F125/><W100/><G129/><T10/><D101/><U73/><E24/><V107/><F131/><W114/><G114/><T39/><D34/><U17/><E6/><V105/><F111/><W21/><G44/><T54/><D30/><U91/><E73/><V5/><F29/><W23/><G66/><T94/><D42/><U98/><E82/><N who="3" m="31242" /><G58/><T18/><D39/><U121/><E121/><V20/><F97/><AGARI ba="1,0" hai="7,10,13,16,18,38,41,46,49,54,57,88,94,97" machi="97" ten="30,3900,0" yaku="7,1,54,2" doraHai="79" who="0" fromWho="2" sc="530,42,4,0,295,-42,171,0" /><INIT seed="3,0,0,2,2,26" ten="572,4,253,171" oya="3" hai0="10,94,85,17,82,62,2,41,110,80,40,68,101" hai1="27,65,15,67,117,74,23,70,19,21,31,45,105" hai2="93,36,34,108,9,91,66,118,115,88,64,127,28" hai3="16,55,124,30,104,96,119,122,75,90,103,49,35"/><W3/><G119/><T5/><D110/><U79/><E117/><V54/><F118/><W24/><G124/><T12/><D82/><U135/><E105/><V123/><F36/><W128/><G128/><T60/><D68/><U50/><E70/><V25/><F115/><W97/><G122/><T73/><D73/><U29/><E135/><V100/><F108/><W72/><G3/><T7/><D2/><U86/><E74/><V1/><F127/><W56/><G96/><N who="0" m="59543" /><D62/><U48/><E48/><V121/><F100/><W59/><G90/><N who="0" m="51495" /><D60/><U99/><E99/><N who="2" m="57767" /><F54/><W81/><G81/><T133/><D133/><U6/><E79/><V125/><F125/><W84/><G84/><T22/><D22/><U109/><E86/><V63/><F63/><W38/><G38/><T111/><D111/><U11/><E109/><V69/><F69/><W98/><G98/><T113/><D113/><U52/><E6/><AGARI ba="0,0" hai="5,6,7,10,12,17,40,41" m="51495,59543" machi="6" ten="30,1000,0" yaku="8,1" doraHai="26" who="0" fromWho="1" sc="572,10,4,-10,253,0,171,0" owari="582,68.2,-6,-50.6,253,5.3,171,-22.9" /></mjloggm>