<mjloggm ver="2.3"><GO type="225" lobby="0"/><UN n0="%E6%98%93%E5%88%A9%E8%96%A9%E4%BC%AF" n1="%E6%B4%BE%E9%81%A3%E3%81%AE%E3%82%B8%E3%83%A3%E3%83%83%E3%82%AF" n2="%E7%89%B9%E6%9D%B1%E5%96%B0%E8%B5%A4%E9%80%9F" n3="%E9%B3%B3%E6%9D%B1%E3%81%AE%E3%81%BF%E3%81%91%E3%81%AB%E3%82%83%E3%82%93" dan="17,17,16,17" rate="2195.84,2201.18,2017.17,2164.42" sx="F,M,M,F"/><TAIKYOKU oya="0"/><INIT seed="0,0,0,5,3,46" ten="250,250,250,250" oya="0" hai0="16,86,4,3,9,132,19,134,45,79,35,97,17" hai1="125,68,51,127,112,60,72,115,28,62,12,23,27" hai2="82,26,118,131,89,114,15,43,80,78,7,108,44" hai3="71,91,48,69,6,65,50,135,66,128,36,76,119"/><T98/><D35/><U90/><E72/><V111/><F114/><N who="1" m="43561" /><E90/><V14/><F131/><W40/><G76/><T101/><D45/><U8/><E51/><N who="3" m="19498" /><G6/><T109/><D109/><N who="2" m="42058" /><F118/><W95/><G95/><T0/><D0/><U5/><E68/><N who="3" m="26186" /><G91/><T32/><D32/><U37/><E37/><N who="2" m="21615" /><F7/><W83/><G83/><T124/><D124/><AGARI ba="0,0" hai="5,8,12,23,27,28,60,62,124,125,127" m="43561" machi="124" ten="30,2000,0" yaku="18,1,11,1" doraHai="46" who="1" fromWho="0" sc="250,-20,250,20,250,0,250,0" /><INIT seed="1,0,0,2,3,113" ten="230,270,250,250" oya="1" hai0="52,105,71,11,58,51,18,97,82,110,90,55,109" hai1="3,39,15,76,100,32,88,56,8,101,89,44,17" hai2="45,133,120,59,127,83,35,124,95,79,111,60,64" hai3="62,10,29,131,84,77,108,0,34,125,72,25,16"/><U130/><E32/><V81/><F120/><W115/><G115/><T116/><D71/><U78/><E130/><V106/><F106/><W41/><G72/><T31/><D31/><U93/><E3/><V107/><F107/><W92/><G131/><T46/><D105/><U121/><E121/><V85/><F111/><W129/><G129/><T96/><D116/><U87/><E39/><V103/><F133/><W104/><G104/><T5/><D110/><U13/><E44/><V43/><F35/><W94/><G108/><T7/><D109/><U112/><E112/><V66/><F66/><W21/><G41/><T126/><D126/><U27/><E27/><V9/><F9/><W38/><G38/><T20/><D82/><U86/><E56/><V1/><F1/><W37/><G37/><T70/><D70/><U118/><E118/><V26/><F26/><W67/><G77/><N who="1" m="29802" /><E15/><V4/><F4/><N who="3" m="1287" /><G84/><T19/><D19/><U75/><E75/><V114/><F114/><W134/><G134/><T122/><D122/><U6/><E17/><V48/><REACH who="2" step="1"/><F81/><AGARI ba="0,0" hai="6,8,13,81,86,87,88,89,93,100,101" m="29802" machi="81" ten="30,2900,0" yaku="8,1,54,1" doraHai="113" who="1" fromWho="2" sc="230,0,270,29,250,-29,250,0" /><INIT seed="1,1,0,2,1,109" ten="230,299,221,250" oya="1" hai0="75,66,107,30,51,123,92,49,129,114,25,16,133" hai1="64,4,108,125,11,103,122,35,9,88,126,2,79" hai2="104,111,27,21,102,86,0,98,31,26,52,85,117" hai3="20,70,7,34,39,3,13,50,17,67,115,47,78"/><U128/><E122/><V97/><F117/><W91/><G39/><T59/><D107/><U121/><E121/><V112/><F0/><W73/><G34/><T119/><D123/><U130/><E35/><V87/><F111/><W23/><G91/><T57/><D75/><U45/><E79/><V41/><F41/><W120/><G120/><T131/><D119/><U68/><E108/><V118/><F118/><W72/><G78/><T80/><D133/><U77/><E77/><V24/><F97/><W76/><G76/><T54/><D80/><U110/><E110/><V38/><F38/><W22/><G67/><T81/><D81/><U135/><E135/><V56/><REACH who="2" step="1"/><F112/><REACH who="2" ten="230,299,211,250" step="2"/><W48/><G3/><T89/><D114/><U101/><E2/><V106/><F106/><W28/><G115/><T127/><D131/><U62/><E128/><V1/><F1/><W83/><G72/><T46/><D129/><U6/><E130/><V99/><F99/><W19/><G73/><T74/><D74/><U116/><E116/><V65/><F65/><W18/><G28/><T61/><D127/><U15/><E64/><V132/><F132/><W53/><G13/><T82/><D66/><U69/><E15/><V8/><F8/><W100/><G70/><T94/><D54/><U71/><E71/><V113/><F113/><W124/><G124/><T36/><D36/><U105/><E105/><V84/><N who="2" m="21504" /><DORA hai="134" /><V29/><F29/><W10/><G83/><T60/><D82/><U55/><E55/><V5/><F5/><W40/><G7/><T93/><D30/><U95/><E4/><RYUUKYOKU ba="1,1" sc="230,-10,299,-10,211,30,250,-10" hai2="21,24,26,27,31,52,56,98,102,104" /><INIT seed="2,2,1,3,0,35" ten="220,289,241,240" oya="2" hai0="58,14,65,92,115,118,77,106,3,85,4,67,96" hai1="22,94,105,98,70,39,57,108,45,18,55,128,21" hai2="28,97,49,83,63,84,42,26,87,74,37,93,62" hai3="107,78,124,123,66,117,54,31,112,111,95,104,46"/><V130/><F37/><W135/><G117/><T79/><D115/><U60/><E105/><V120/><F120/><W127/><G123/><T110/><D118/><U116/><E108/><V131/><F74/><W30/><G111/><T132/><D110/><U133/><E133/><V0/><F0/><W52/><G135/><T24/><D3/><U48/><E128/><N who="2" m="49195" /><F49/><N who="3" m="28727" /><G66/><T40/><D40/><N who="1" m="22687" /><E116/><V86/><F83/><W36/><G36/><T1/><D1/><U2/><E2/><V113/><F42/><W8/><G112/><T20/><D106/><N who="3" m="40489" /><G78/><T5/><D132/><U126/><E18/><V122/><F122/><W129/><G129/><T44/><D44/><U121/><E121/><V89/><F113/><W64/><G64/><T50/><D67/><N who="1" m="41319" /><E126/><N who="3" m="48170" /><G54/><T29/><D77/><U27/><E27/><V53/><F53/><W7/><G95/><T19/><D65/><U68/><E68/><V51/><F51/><W119/><G119/><T9/><D79/><U59/><E59/><V100/><F89/><AGARI ba="2,1" hai="21,22,48,55,57,89,94,98" m="41319,22687" machi="89" ten="30,1000,0" yaku="24,1" doraHai="35" who="1" fromWho="2" sc="220,0,289,26,241,-16,240,0" /><INIT seed="3,0,0,0,1,135" ten="220,315,225,240" oya="3" hai0="123,111,132,57,2,75,24,112,82,7,125,69,28" hai1="12,11,54,10,14,86,49,61,90,17,97,53,58" hai2="1,96,134,73,26,21,113,33,48,13,93,60,3" hai3="115,23,77,0,16,108,55,20,127,41,36,99,81"/><W78/><G115/><T51/><D69/><U76/><E76/><V44/><F113/><W129/><G0/><T42/><D112/><U30/><E30/><V32/><F73/><W8/><G36/><T9/><D123/><U70/><E97/><V62/><F134/><W109/><G41/><T29/><D132/><U117/><E117/><V118/><F118/><W91/><G129/><T19/><D111/><N who="3" m="42569" /><G55/><T71/><D71/><U79/><E79/><N who="3" m="30218" /><G127/><T37/><D125/><U46/><E70/><V119/><F1/><W92/><G81/><T116/><D116/><U65/><E53/><N who="2" m="29831" /><F3/><W130/><G130/><T114/><D114/><U34/><E34/><V102/><F32/><W63/><G63/><T5/><D5/><U105/><E105/><V124/><F33/><W68/><G68/><T56/><D82/><U64/><E64/><V66/><F66/><W101/><G101/><T83/><D83/><N who="1" m="49503" /><E14/><AGARI ba="0,0" hai="8,14,16,20,23,91,92,99" m="30218,42569" machi="14" ten="30,5800,0" yaku="14,1,10,1,54,1" doraHai="135" who="3" fromWho="1" sc="220,0,315,-58,225,0,240,58" /><INIT seed="3,1,0,3,3,113" ten="220,257,225,298" oya="3" hai0="76,112,93,30,56,16,33,51,69,65,135,4,62" hai1="81,40,54,34,132,23,88,68,75,128,8,134,45" hai2="82,18,110,79,89,94,115,57,98,74,25,99,104" hai3="52,124,10,5,11,63,39,31,6,17,0,97,60"/><W119/><G119/><T9/><D112/><U91/><E68/><V83/><F115/><W86/><G39/><T22/><D135/><N who="1" m="51755" /><E34/><V38/><F38/><W108/><G124/><T123/><D123/><U107/><E107/><V21/><F110/><W129/><G108/><T77/><D33/><U14/><E23/><V20/><F82/><W80/><G129/><T103/><D30/><U41/><E54/><V1/><F1/><W32/><G32/><T118/><D118/><U27/><E27/><V19/><F57/><N who="3" m="34855" /><G0/><T13/><D69/><U53/><E53/><V109/><F109/><W90/><G31/><T111/><D51/><N who="1" m="27047" /><E41/><V55/><F55/><W71/><G71/><T102/><D111/><U105/><E105/><V101/><F20/><W133/><G133/><T67/><D67/><U131/><E75/><V59/><F59/><W125/><G125/><T28/><D28/><AGARI ba="1,0" hai="18,19,21,25,28,74,79,83,89,94,98,99,101,104" machi="28" ten="30,1000,0" yaku="7,1" doraHai="113" who="2" fromWho="0" sc="220,-13,257,0,225,13,298,0" /><INIT seed="4,0,0,5,5,71" ten="207,257,238,298" oya="0" hai0="36,103,56,16,133,64,119,50,101,76,58,31,83" hai1="45,5,97,93,77,70,62,114,78,0,18,109,80" hai2="22,26,135,48,121,132,51,25,57,7,66,52,61" hai3="105,73,63,33,3,117,65,79,130,38,89,21,91"/><T95/><D119/><U94/><E109/><V116/><F7/><W55/><G33/><T28/><D36/><U19/><E0/><V106/><F106/><W60/><G38/><T13/><D133/><N who="2" m="51274" /><F121/><W17/><G105/><T102/><D95/><U15/><E114/><V11/><F11/><W124/><G3/><T128/><D128/><U113/><E113/><V98/><F116/><W96/><G117/><T112/><D112/><U81/><E45/><V115/><F115/><W92/><G130/><T129/><D129/><U41/><E41/><V107/><F22/><W23/><G124/><T90/><D90/><U134/><E134/><V111/><F111/><W69/><G89/><T2/><D2/><U59/><E70/><N who="2" m="42319" /><F48/><W74/><G79/><N who="1" m="30218" /><E5/><V14/><F14/><W6/><G6/><T110/><D110/><U30/><E30/><V123/><F123/><W120/><G120/><T82/><D50/><U35/><E35/><V131/><F131/><W8/><G8/><T118/><D118/><U84/><E15/><V104/><F104/><W54/><G23/><T86/><D82/><N who="1" m="31851" /><E84/><V75/><F75/><W27/><G55/><T87/><D87/><U126/><E126/><V4/><F4/><W100/><G100/><AGARI ba="0,0" hai="25,26,51,52,57,98,100,107" m="42319,51274" machi="100" ten="30,2000,0" yaku="20,1,54,1" doraHai="71" who="2" fromWho="3" sc="207,0,257,0,238,20,298,-20" /><INIT seed="5,0,0,4,5,97" ten="207,257,258,278" oya="1" hai0="21,123,71,30,101,2,96,122,50,63,27,93,38" hai1="56,0,13,124,132,89,73,103,35,51,87,78,92" hai2="52,129,106,66,82,100,77,25,16,83,128,110,28" hai3="81,134,19,1,86,47,69,4,37,14,9,59,120"/><U109/><E0/><V119/><F119/><W112/><G120/><T135/><D38/><U72/><E35/><V104/><F66/><W17/><G69/><T115/><D115/><U48/><E124/><V41/><F41/><W114/><G134/><T58/><D2/><U53/><E132/><V90/><F90/><W131/><G131/><T130/><D135/><U95/><E109/><V24/><F110/><W108/><G108/><T60/><D130/><U113/><E113/><V107/><F100/><W88/><G59/><T22/><D71/><U70/><E70/><V105/><F104/><W46/><G46/><T76/><D76/><U68/><E68/><V10/><F105/><W42/><REACH who="3" step="1"/><G19/><REACH who="3" ten="207,257,258,268" step="2"/><T91/><D123/><U98/><E53/><V8/><F52/><W67/><G67/><T49/><D122/><U64/><E64/><V15/><F16/><W65/><G65/><N who="0" m="39063" /><D63/><U45/><E56/><V43/><F128/><W79/><G79/><T5/><D5/><U121/><E121/><V3/><F77/><W99/><G99/><T26/><D91/><U126/><E78/><V117/><F129/><W6/><G6/><T7/><D7/><U20/><E45/><V133/><F133/><W40/><G40/><T102/><D102/><U54/><E54/><V111/><F43/><W116/><G116/><T61/><D61/><U34/><E89/><V11/><F111/><W23/><AGARI ba="0,1" hai="1,4,9,14,17,23,37,42,47,81,86,88,112,114" machi="23" ten="30,4000,0" yaku="1,1,0,1,54,1,53,0" doraHai="97" doraHaiUra="29" who="3" fromWho="3" sc="207,-10,257,-20,258,-10,268,50" owari="197,-30.3,237,-16.3,248,4.8,318,41.8" /></mjloggm>