<mjloggm ver="2.3"><GO type="225" lobby="0"/><UN n0="%E5%B8%86%E7%AB%8B%E5%A4%8F%E8%A1%A3" n1="%E3%82%8F%E3%81%8B%E3%81%B0%2A%E3%82%AC%E3%83%BC%E3%83%AB" n2="%E3%83%96%E3%83%83%E3%83%91%E3%82%AA%E3%83%96%E3%83%81%E3%82%AD%E3%83%B3" n3="%E3%81%BF%E3%81%BF%E3%81%9A" dan="17,16,16,17" rate="2240.90,2195.96,2121.30,2263.22" sx="M,M,M,M"/><TAIKYOKU oya="0"/><INIT seed="0,0,0,4,0,116" ten="250,250,250,250" oya="0" hai0="97,48,78,89,93,126,77,117,69,125,109,99,133" hai1="27,26,73,63,114,96,71,32,19,65,55,134,131" hai2="38,50,108,66,122,35,120,21,49,18,94,30,60" hai3="29,106,95,101,13,52,128,25,68,113,6,90,123"/><T115/><D69/><U80/><E131/><V74/><F38/><W24/><G113/><T57/><D57/><U43/><E114/><V87/><F74/><W33/><G128/><T2/><D115/><U56/><E134/><V91/><F108/><W3/><G3/><T15/><D15/><U135/><E135/><V121/><F30/><W46/><G68/><T119/><D133/><U85/><E73/><V62/><F35/><W112/><G112/><T75/><D48/><U34/><E43/><V10/><F10/><W118/><G118/><N who="0" m="45067" /><D2/><U45/><E96/><N who="0" m="36937" /><D109/><U107/><E107/><V82/><F94/><W1/><G106/><T47/><D47/><U40/><E19/><V11/><F11/><W86/><G95/><T130/><D130/><U58/><E32/><V98/><F98/><W5/><G33/><T111/><D111/><U36/><E34/><V59/><REACH who="2" step="1"/><F62/><REACH who="2" ten="250,250,240,250" step="2"/><W104/><G104/><T42/><D75/><U127/><E36/><V105/><F105/><W84/><G29/><T64/><D42/><U67/><E40/><V76/><F76/><N who="0" m="29290" /><D64/><U7/><E67/><V44/><F44/><W129/><G46/><T61/><D61/><U132/><E45/><V83/><F83/><W70/><G129/><T14/><D14/><AGARI ba="0,1" hai="14,18,21,49,50,59,60,66,82,87,91,120,121,122" machi="14" ten="40,8000,1" yaku="1,1,52,3,53,0" doraHai="116" doraHaiUra="31" who="2" fromWho="0" sc="250,-80,250,0,240,90,250,0" /><INIT seed="1,0,0,0,1,8" ten="170,250,330,250" oya="1" hai0="36,27,53,4,108,123,38,51,19,96,89,71,15" hai1="18,74,110,0,134,57,124,73,22,87,78,30,69" hai2="67,3,6,1,116,32,126,56,47,111,66,127,121" hai3="112,17,84,101,2,119,77,39,13,42,97,68,130"/><U29/><E124/><N who="2" m="47659" /><F116/><W122/><G112/><T75/><D71/><U25/><E69/><V23/><F121/><W35/><G122/><T86/><D75/><U62/><E134/><V80/><F32/><W114/><G2/><N who="2" m="521" /><F111/><W24/><G114/><T105/><D108/><U40/><E0/><V20/><F6/><W61/><G119/><T95/><D123/><U103/><E110/><V76/><F47/><W93/><G130/><T82/><D105/><U50/><E103/><V90/><F90/><W129/><G129/><T58/><D4/><U52/><E74/><N who="2" m="43031" /><F56/><W48/><G35/><T125/><D125/><U70/><E73/><V45/><F45/><W37/><G77/><T64/><D64/><AGARI ba="0,0" hai="20,23,64,66,67" m="43031,521,47659" machi="64" ten="30,1000,0" yaku="18,1" doraHai="8" who="2" fromWho="0" sc="170,-10,250,0,330,10,250,0" /><INIT seed="2,0,0,2,2,98" ten="160,250,340,250" oya="2" hai0="123,27,133,69,87,15,80,103,116,29,118,37,1" hai1="96,46,113,127,16,109,81,33,8,30,26,20,38" hai2="12,49,6,35,63,11,102,72,99,40,43,25,121" hai3="4,95,66,31,111,101,90,110,91,64,125,134,21"/><V75/><F121/><W132/><G4/><T86/><D123/><U60/><E113/><V105/><F63/><W41/><G41/><T18/><D37/><U82/><E109/><N who="3" m="41482" /><G125/><T22/><D69/><U2/><E127/><V112/><F112/><W65/><G101/><T39/><D39/><U79/><E60/><V124/><F124/><W131/><G131/><T85/><D133/><N who="3" m="51305" /><G95/><T57/><D1/><U36/><E96/><V88/><F43/><W50/><G50/><T89/><D57/><U53/><E82/><V61/><F61/><W51/><G51/><T119/><REACH who="0" step="1"/><D103/><REACH who="0" ten="150,250,340,250" step="2"/><U45/><E36/><V130/><F102/><W42/><G42/><T52/><D52/><U7/><E38/><V32/><F40/><W77/><G77/><T126/><D126/><U14/><E53/><V10/><F130/><W17/><G31/><T129/><D129/><U83/><E83/><V73/><F105/><W92/><G92/><T122/><D122/><U108/><E108/><V100/><F100/><W135/><G135/><T13/><D13/><AGARI ba="0,1" hai="13,17,21,64,65,66,90,91" m="51305,41482" machi="13" ten="40,2600,0" yaku="14,1,20,1" doraHai="98" who="3" fromWho="0" sc="150,-26,250,0,340,0,250,36" /><INIT seed="3,0,0,4,1,62" ten="124,250,340,286" oya="3" hai0="125,128,27,15,117,5,0,86,52,129,12,40,134" hai1="46,47,25,8,29,95,44,65,43,123,14,56,73" hai2="19,37,93,124,28,22,82,99,34,4,135,55,116" hai3="87,57,108,133,90,39,72,17,80,127,88,71,119"/><W13/><G119/><T109/><D117/><U32/><E73/><V76/><F116/><W85/><G71/><T112/><D40/><U105/><E105/><V21/><F37/><W118/><G39/><T70/><D70/><U26/><E123/><V50/><F124/><W97/><G118/><T64/><D125/><U101/><E25/><V58/><F135/><W126/><G133/><T31/><D134/><U3/><E3/><V69/><F69/><W92/><G108/><T98/><D109/><U18/><E101/><V49/><F4/><W103/><G57/><T61/><D86/><U11/><E95/><V16/><F34/><W114/><G114/><T23/><D112/><U113/><E113/><V10/><F49/><W100/><G100/><T122/><D122/><U48/><E8/><V20/><F28/><W121/><G121/><T41/><D41/><U66/><E56/><V67/><F67/><W83/><REACH who="3" step="1"/><G72/><REACH who="3" ten="124,250,340,276" step="2"/><T36/><D36/><U42/><E47/><V35/><F35/><W130/><G130/><T77/><D77/><U89/><E89/><N who="2" m="55727" /><F10/><AGARI ba="0,1" hai="10,13,17,80,83,85,87,88,90,92,97,103,126,127" machi="10" ten="40,12000,1" yaku="1,1,9,1,54,1,53,1" doraHai="62" doraHaiUra="94" who="3" fromWho="2" sc="124,0,250,0,340,-120,276,130" owari="124,-37.6,250,5.0,220,-18.0,406,50.6" /></mjloggm>