<mjloggm ver="2.3"><GO type="225" lobby="0"/><UN n0="%E3%83%96%E3%83%83%E3%83%91%E3%82%AA%E3%83%96%E3%83%81%E3%82%AD%E3%83%B3" n1="%E6%A1%9C%E8%8A%B1%E9%96%83%E3%80%85" n2="%E9%B7%B9%E5%80%89%E6%9D%8F%E9%88%B4" n3="%E3%81%BF%E3%81%BF%E3%81%9A" dan="16,16,16,17" rate="2134.62,2105.49,2143.42,2197.05" sx="M,M,F,M"/><TAIKYOKU oya="0"/><INIT seed="0,0,0,0,3,71" ten="250,250,250,250" oya="0" hai0="91,16,67,26,119,34,87,37,89,81,118,32,68" hai1="77,108,38,135,22,57,25,111,39,123,70,23,44" hai2="14,133,129,21,65,110,90,124,3,105,11,5,86" hai3="92,17,115,18,49,88,101,106,132,24,55,83,84"/><T7/><D7/><U95/><E70/><V113/><F113/><W121/><G115/><T46/><D68/><U52/><E123/><V122/><F122/><W9/><G121/><T128/><D67/><U4/><E135/><V36/><F105/><W63/><G132/><T27/><D128/><U93/><E77/><V82/><F133/><W33/><G106/><T74/><D74/><U53/><E4/><V62/><F124/><W28/><G63/><T54/><D54/><U72/><E72/><V51/><F110/><N who="1" m="42025" /><E53/><V94/><F129/><W66/><G66/><T100/><D100/><U15/><E15/><V47/><F51/><W117/><G117/><T134/><D134/><U12/><E12/><V59/><F21/><N who="1" m="7689" /><E25/><V102/><F14/><W104/><G9/><T97/><D16/><U116/><E116/><V120/><F120/><W29/><G29/><T2/><D2/><U42/><E38/><V6/><F6/><W130/><G130/><T112/><D112/><U35/><E35/><V64/><F64/><W75/><G104/><T0/><D0/><U80/><E80/><V50/><F36/><W78/><REACH who="3" step="1"/><G101/><REACH who="3" ten="250,250,250,240" step="2"/><T85/><D119/><U30/><E30/><V98/><F102/><W126/><G126/><T73/><D118/><U96/><E96/><V58/><F65/><W13/><G13/><T45/><D97/><U127/><E127/><V107/><F107/><W69/><G69/><T61/><D27/><U79/><E79/><N who="2" m="46431" /><F62/><AGARI ba="0,1" hai="39,42,44,52,57,62,93,95" m="7689,42025" machi="62" ten="30,3900,0" yaku="14,1,52,1,54,1" doraHai="71" who="1" fromWho="2" sc="250,0,250,49,250,-39,240,0" /><INIT seed="1,0,0,4,2,8" ten="250,299,211,240" oya="1" hai0="123,60,18,6,92,81,48,80,128,101,82,14,55" hai1="114,93,76,73,110,0,130,78,70,72,43,29,77" hai2="56,33,10,134,71,69,30,85,94,21,125,104,28" hai3="103,25,119,20,24,79,88,90,47,57,4,112,109"/><U16/><E114/><V50/><F104/><W106/><G112/><T19/><D128/><U23/><E130/><V67/><F33/><W2/><G79/><T66/><D123/><U64/><E0/><V124/><F134/><W75/><G75/><T59/><D101/><U11/><E43/><V38/><F38/><W9/><G109/><T46/><REACH who="0" step="1"/><D92/><REACH who="0" ten="240,299,211,240" step="2"/><U105/><E93/><V61/><F94/><W13/><G103/><T35/><D35/><U17/><E105/><V108/><F108/><W129/><G106/><T99/><D99/><U100/><E100/><V51/><F125/><W127/><G129/><T74/><D74/><U12/><E110/><V37/><F124/><W131/><G127/><T65/><D65/><U32/><E32/><V122/><F122/><W39/><G131/><T113/><D113/><U36/><E73/><V45/><F67/><W41/><G119/><T86/><D86/><U121/><E72/><V115/><F85/><W15/><G57/><T68/><D68/><U63/><E121/><V7/><F115/><W53/><G53/><T126/><D126/><U83/><E64/><N who="2" m="38951" /><F69/><W95/><G90/><T102/><D102/><U135/><E70/><V118/><F71/><W117/><G117/><T96/><D96/><U31/><E77/><V1/><F118/><W120/><G120/><T40/><D40/><U87/><E78/><V26/><F30/><W91/><G91/><T44/><D44/><U89/><E31/><V132/><F132/><W5/><G88/><T84/><D84/><U22/><E135/><V52/><F52/><W133/><G95/><RYUUKYOKU ba="0,1" sc="240,15,299,-15,211,15,240,-15" hai0="6,14,18,19,46,48,55,59,60,66,80,81,82" hai2="1,7,10,21,26,28,37,45,50,51" /><INIT seed="2,1,1,3,2,69" ten="255,284,226,225" oya="2" hai0="1,29,111,7,31,99,125,4,54,100,32,74,87" hai1="23,53,58,117,88,21,44,82,93,133,91,43,110" hai2="11,57,101,28,134,22,131,96,10,48,39,64,5" hai3="34,115,41,49,62,130,95,26,2,122,109,85,25"/><V81/><F134/><W119/><G119/><T90/><D74/><U75/><E117/><V14/><F131/><W129/><G122/><T17/><D111/><U18/><E110/><V120/><F120/><W19/><G109/><T24/><D125/><U8/><E133/><V73/><F39/><W16/><G2/><T76/><D76/><U9/><E23/><V40/><F73/><W112/><G62/><T20/><D1/><U118/><E118/><V77/><F11/><W37/><G49/><T0/><D0/><U35/><E35/><V103/><F40/><W12/><G85/><T56/><D99/><N who="1" m="57767" /><E44/><V89/><F77/><W72/><G95/><N who="0" m="54751" /><D100/><U51/><E43/><V6/><F6/><N who="0" m="2090" /><D32/><U80/><E75/><V123/><F123/><W47/><G72/><T126/><D126/><U67/><E67/><V116/><F116/><W105/><G105/><T15/><D24/><N who="3" m="9321" /><G34/><T3/><D3/><U107/><E107/><V135/><F135/><W83/><G83/><N who="1" m="31786" /><E91/><V33/><F33/><W42/><G42/><T104/><D104/><U60/><E51/><AGARI ba="1,1" hai="15,17,20,29,31,51,54,56" m="2090,54751" machi="51" ten="30,2000,0" yaku="25,1,8,1" doraHai="69" who="0" fromWho="1" sc="255,33,284,-23,226,0,225,0" /><INIT seed="3,0,0,3,3,28" ten="288,261,226,225" oya="3" hai0="31,27,79,65,112,122,117,80,116,72,91,76,60" hai1="120,95,82,45,68,90,50,25,33,104,46,1,11" hai2="30,81,17,92,128,62,123,52,39,59,108,87,101" hai3="134,58,83,73,34,96,75,41,16,100,40,66,70"/><W43/><G134/><T20/><D122/><U64/><E120/><V106/><F106/><W114/><G114/><T9/><D112/><U93/><E104/><V21/><F123/><W103/><G70/><T23/><D79/><U130/><E130/><V12/><F108/><W42/><N who="3" m="10240" /><DORA hai="2" /><W99/><G34/><T86/><D20/><U38/><E82/><V67/><F128/><W135/><G135/><T84/><D9/><U29/><E50/><V105/><F105/><W44/><G44/><T4/><D4/><U97/><E38/><V51/><F39/><W36/><G36/><T126/><D126/><U10/><E64/><V56/><F30/><W89/><G83/><T6/><D6/><U0/><E68/><V49/><F101/><N who="3" m="38987" /><G89/><T32/><D23/><U8/><E0/><V88/><F49/><W15/><G73/><T78/><D72/><U14/><E1/><V109/><F109/><W132/><G75/><T53/><D78/><U115/><E115/><V24/><F81/><W98/><G132/><T54/><D117/><U133/><E133/><V22/><F22/><N who="3" m="11551" /><G66/><T57/><D116/><U61/><E90/><V118/><F118/><W5/><G5/><T63/><D76/><U77/><E77/><V127/><F127/><W74/><G74/><T102/><D102/><U124/><E124/><V47/><F47/><W26/><G58/><N who="0" m="34903" /><D65/><U37/><E37/><V19/><F19/><W18/><G18/><T13/><D13/><AGARI ba="0,0" hai="12,13,17,21,24,51,52,56,59,62,67,87,88,92" machi="13" ten="40,5200,0" yaku="8,1,54,2" doraHai="28,2" who="2" fromWho="0" sc="288,-52,261,0,226,52,225,0" /><INIT seed="4,0,0,1,0,25" ten="236,261,278,225" oya="0" hai0="23,117,121,80,78,47,125,132,110,84,77,15,8" hai1="4,100,16,129,57,118,24,12,56,130,86,98,115" hai2="75,40,17,14,42,76,120,31,66,60,102,68,7" hai3="107,92,49,43,69,5,67,111,29,70,53,65,38"/><T33/><D117/><U3/><E118/><V73/><F120/><W64/><G107/><T96/><D121/><U109/><E109/><V124/><F124/><W13/><G111/><T131/><D110/><U26/><E3/><V0/><F102/><W52/><G38/><T58/><D125/><U99/><E4/><V27/><F7/><W74/><G74/><T32/><D131/><N who="1" m="50187" /><E115/><V90/><F0/><W94/><G29/><T48/><D132/><U41/><E41/><V1/><F1/><W87/><G69/><T62/><D78/><U85/><E26/><V61/><F61/><W22/><G70/><T95/><D23/><N who="1" m="11655" /><E24/><V19/><F19/><N who="3" m="10607" /><G5/><T28/><D28/><U89/><E98/><V113/><F75/><W59/><G43/><T21/><D21/><U9/><E9/><V37/><F37/><W18/><G18/><T79/><D15/><U20/><E20/><V106/><F40/><W88/><G53/><T34/><D8/><U134/><E134/><V54/><F42/><W97/><G65/><N who="0" m="39127" /><D34/><U30/><E30/><V103/><F31/><W50/><G49/><T135/><D135/><U133/><E133/><V35/><F35/><W123/><G123/><T2/><D2/><U81/><E86/><V44/><F73/><W119/><G119/><T46/><D33/><U116/><E116/><V93/><F27/><W128/><G128/><T51/><D32/><U127/><E127/><V10/><F17/><W105/><G105/><AGARI ba="0,0" hai="56,57,81,85,89,99,100,105" m="11655,50187" machi="105" ten="30,2000,0" yaku="19,1,54,1" doraHai="25" who="1" fromWho="3" sc="236,0,261,20,278,0,225,-20" /><INIT seed="5,0,0,3,3,60" ten="236,281,278,205" oya="1" hai0="89,4,31,100,32,69,79,90,33,9,124,18,129" hai1="38,55,7,94,24,118,75,62,70,133,88,52,45" hai2="127,41,109,73,122,95,115,97,85,48,101,50,23" hai3="116,59,57,2,39,35,10,71,43,86,66,11,120"/><U99/><E118/><V74/><F109/><W56/><G35/><T78/><D124/><U17/><E75/><V131/><F122/><W114/><G120/><T91/><D129/><U92/><E133/><V30/><F127/><W117/><G86/><T76/><D69/><U20/><E7/><V53/><F131/><W102/><G102/><T16/><D100/><N who="1" m="60519" /><E70/><V0/><F0/><W65/><G71/><T26/><REACH who="0" step="1"/><D33/><REACH who="0" ten="226,281,278,205" step="2"/><U14/><E38/><V3/><F101/><W29/><G29/><T98/><D98/><N who="1" m="57671" /><E45/><V107/><F97/><W49/><G39/><T93/><D93/><U77/><E77/><V36/><F95/><W134/><G134/><T130/><D130/><U27/><E62/><V15/><F36/><W8/><G2/><AGARI ba="0,1" hai="2,4,9,16,18,26,31,32,76,78,79,89,90,91" machi="2" ten="40,2600,0" yaku="1,1,54,1,53,0" doraHai="60" doraHaiUra="121" who="0" fromWho="3" sc="226,36,281,0,278,0,205,-26" /><INIT seed="6,0,0,2,0,43" ten="262,281,278,179" oya="2" hai0="114,19,125,20,87,133,74,10,66,47,71,6,117" hai1="48,88,118,108,65,77,84,32,49,92,89,50,7" hai2="123,93,86,106,36,78,38,99,116,56,1,57,121" hai3="79,37,29,128,63,25,113,33,46,35,26,105,110"/><V76/><F1/><W69/><G110/><T112/><D74/><U91/><E108/><V104/><F86/><W12/><G12/><N who="0" m="9319" /><D125/><U95/><E118/><V97/><F93/><N who="1" m="35913" /><E32/><V9/><F9/><W34/><G79/><T16/><D133/><U90/><E7/><V4/><F4/><W103/><G25/><T44/><D117/><AGARI ba="0,0" hai="36,38,56,57,76,78,97,99,104,106,116,117,121,123" machi="117" ten="25,2400,0" yaku="22,2" doraHai="43" who="2" fromWho="0" sc="262,-24,281,0,278,24,179,0" owari="238,-16.2,281,8.1,302,40.2,179,-32.1" /></mjloggm>