<mjloggm ver="2.3"><GO type="225" lobby="0"/><UN n0="%E6%A0%B9%E5%85%83%E3%81%8B%E3%82%89%E5%90%B9%E3%81%A3%E9%A3%9B%E3%81%B6" n1="%E6%9D%B1%E9%A2%A8%E3%81%AE%E3%81%8D%E3%82%83%E3%81%B7%E3%81%95%E3%82%93" n2="%E4%BF%BA%E3%81%A8%E5%A6%96%E5%A4%A2" n3="%E3%81%B2%E3%81%AA%E3%81%AE%E3%82%8A%E3%81%8F" dan="17,16,16,16" rate="2104.28,2091.26,2220.53,2081.87" sx="F,M,F,M"/><TAIKYOKU oya="0"/><INIT seed="0,0,0,4,3,82" ten="250,250,250,250" oya="0" hai0="107,66,130,70,102,31,88,87,103,127,124,44,38" hai1="6,84,54,89,27,17,15,57,18,8,26,2,119" hai2="80,76,100,61,78,51,73,32,131,21,28,0,123" hai3="101,115,110,113,64,43,33,116,77,111,90,75,118"/><T60/><D130/><U12/><E119/><N who="3" m="45610" /><G33/><T16/><D31/><U86/><E2/><V92/><F123/><W42/><G64/><T98/><D102/><U13/><E13/><V11/><F32/><W68/><G68/><T39/><D44/><U9/><E6/><V53/><F131/><W20/><G20/><T3/><D3/><U91/><E57/><V96/><F61/><W59/><G59/><T58/><D70/><U93/><E54/><V132/><F132/><W52/><G52/><T125/><REACH who="0" step="1"/><D16/><REACH who="0" ten="240,250,250,250" step="2"/><U22/><REACH who="1" step="1"/><E22/><REACH who="1" ten="240,240,250,250" step="2"/><V47/><F0/><W5/><G115/><T71/><D71/><U65/><E65/><V106/><F11/><W4/><G113/><T74/><D74/><U1/><E1/><V95/><REACH who="2" step="1"/><F76/><REACH who="2" ten="240,240,240,250" step="2"/><W121/><G77/><T85/><D85/><U108/><E108/><V41/><F41/><W105/><G43/><T30/><D30/><U23/><E23/><V36/><F36/><W79/><G42/><T45/><D45/><U67/><E67/><V120/><F120/><W135/><G121/><T133/><D133/><U69/><E69/><V10/><F10/><W37/><G135/><T29/><D29/><U63/><E63/><V126/><F126/><W49/><G37/><T55/><D55/><U50/><E50/><V7/><F7/><W34/><G49/><T40/><D40/><U112/><E112/><V14/><F14/><W114/><G5/><T72/><D72/><U62/><E62/><V56/><F56/><W117/><G4/><T81/><AGARI ba="0,3" hai="38,39,58,60,66,81,87,88,98,103,107,124,125,127" machi="81" ten="30,12000,1" yaku="1,1,0,1,18,1,52,1,54,1,53,0" doraHai="82" doraHaiUra="128" who="0" fromWho="0" sc="240,150,240,-40,240,-40,250,-40" /><INIT seed="0,1,0,4,0,96" ten="390,200,200,210" oya="0" hai0="48,58,3,72,26,52,123,94,60,65,7,1,84" hai1="75,73,91,128,17,68,22,47,100,5,119,6,32" hai2="13,90,118,115,99,106,74,18,59,111,101,36,2" hai3="8,14,28,62,104,85,41,46,15,109,112,4,133"/><T97/><D123/><U31/><E68/><V117/><F115/><W42/><G112/><T79/><D72/><U113/><E119/><N who="2" m="45579" /><F2/><W29/><G109/><T35/><D7/><U126/><E113/><V82/><F36/><W10/><G133/><T54/><D54/><U39/><E128/><V92/><F59/><W16/><G104/><T89/><D35/><U83/><E126/><V121/><F111/><W33/><G33/><T63/><D63/><U125/><E125/><V57/><F57/><W105/><G105/><T27/><D1/><U19/><E32/><V134/><F134/><W67/><G85/><T102/><D79/><U55/><E31/><V114/><F114/><W70/><REACH who="3" step="1"/><G42/><REACH who="3" ten="390,200,200,200" step="2"/><T43/><D43/><U86/><E75/><V76/><F106/><W66/><G66/><T110/><D110/><U120/><E73/><V77/><F121/><W49/><AGARI ba="1,1" hai="4,8,10,14,15,16,28,29,41,46,49,62,67,70" machi="49" ten="20,5200,0" yaku="1,1,0,1,7,1,54,1,53,0" doraHai="96" doraHaiUra="34" who="3" fromWho="3" sc="390,-27,200,-14,200,-14,200,65" /><INIT seed="1,0,0,1,0,77" ten="363,186,186,265" oya="1" hai0="6,45,18,60,82,99,15,69,55,38,47,40,113" hai1="118,66,52,120,76,64,62,42,51,44,84,103,134" hai2="91,13,92,98,80,4,108,1,105,72,61,11,88" hai3="86,100,109,50,22,17,130,24,46,16,94,122,34"/><U68/><E120/><V71/><F108/><W115/><G122/><T73/><D113/><U36/><E118/><V33/><F33/><W30/><G115/><T124/><D124/><U131/><E103/><V2/><F105/><W20/><G109/><T102/><D6/><U90/><E76/><V23/><F23/><W116/><G116/><T9/><D47/><U59/><E64/><V112/><F112/><W95/><G130/><T8/><D8/><U70/><E131/><V14/><F14/><W37/><G37/><T106/><D82/><U26/><E26/><V12/><F12/><W0/><G0/><T114/><D114/><U125/><E134/><V81/><F72/><W67/><G67/><T35/><D35/><U89/><E125/><V79/><F79/><W74/><G74/><T78/><D78/><U117/><E117/><V25/><F25/><W110/><G110/><T21/><D9/><U97/><E97/><V93/><F61/><W43/><G95/><T75/><D55/><U28/><E28/><V128/><F71/><W10/><G10/><T85/><D85/><U57/><REACH who="1" step="1"/><E89/><REACH who="1" ten="363,176,186,265" step="2"/><V111/><F128/><W107/><G100/><T129/><D129/><U48/><E48/><V39/><F111/><W104/><G30/><T32/><D99/><U41/><E41/><V31/><F31/><W83/><G24/><T58/><D102/><U3/><E3/><N who="2" m="1035" /><F39/><W49/><G50/><T119/><D38/><U135/><E135/><V63/><F63/><W96/><G49/><T5/><D119/><U65/><E65/><V7/><F4/><W121/><G121/><RYUUKYOKU ba="0,1" sc="363,-15,176,15,186,15,265,-15" hai1="36,42,44,51,52,57,59,62,66,68,70,84,90" hai2="7,11,13,80,81,88,91,92,93,98" /><INIT seed="1,1,1,4,3,34" ten="348,191,201,250" oya="1" hai0="12,68,19,132,70,5,25,128,60,45,56,48,63" hai1="42,131,109,22,100,26,67,24,58,90,80,81,9" hai2="59,105,52,99,75,15,110,123,74,130,40,3,135" hai3="53,30,95,13,79,21,1,133,89,7,46,38,119"/><U126/><E126/><V116/><F116/><W69/><G69/><T125/><D125/><U84/><E131/><V50/><F123/><W8/><G119/><T72/><D72/><U29/><E109/><V61/><F3/><W28/><G133/><T127/><D127/><U4/><E42/><V11/><F110/><W77/><G1/><T16/><D132/><U92/><E24/><V51/><F135/><W47/><G47/><T101/><D101/><U87/><E100/><V97/><F130/><W54/><G54/><T71/><D5/><U62/><REACH who="1" step="1"/><E84/><REACH who="1" ten="348,181,201,250" step="2"/><V111/><F111/><W41/><G41/><T0/><D25/><U108/><E108/><V82/><F74/><W55/><G38/><T104/><D128/><U96/><E96/><V106/><F97/><W94/><G30/><T31/><D31/><U57/><E57/><V117/><F117/><W98/><G28/><T107/><D56/><U91/><E91/><V85/><F75/><W129/><G89/><T114/><D70/><U78/><E78/><V10/><F99/><W112/><G79/><T44/><D71/><U121/><E121/><V39/><F40/><W103/><G77/><T83/><D68/><U2/><AGARI ba="1,2" hai="2,4,9,22,26,29,58,62,67,80,81,87,90,92" machi="2" ten="20,7800,0" yaku="1,1,0,1,7,1,52,1,53,0" doraHai="34" doraHaiUra="49" who="1" fromWho="1" sc="348,-27,181,101,201,-27,250,-27" /><INIT seed="1,2,0,0,5,124" ten="321,282,174,223" oya="1" hai0="114,66,13,7,22,17,36,1,32,63,70,51,44" hai1="26,73,135,116,38,3,41,89,88,58,74,100,56" hai2="104,47,46,16,108,59,132,40,81,119,87,115,77" hai3="84,54,94,31,111,6,55,29,110,57,109,15,4"/><U35/><E116/><V39/><F119/><W52/><G57/><T0/><D114/><U27/><E3/><V60/><F104/><W106/><G106/><T67/><D67/><U53/><E100/><V97/><F115/><W82/><G94/><T127/><D127/><U64/><E64/><V2/><F2/><W113/><G113/><T75/><D75/><U129/><E41/><V120/><F120/><W93/><G93/><T24/><D36/><U23/><E38/><V20/><F108/><W125/><G125/><T71/><D71/><U92/><E35/><V45/><F97/><W95/><G95/><T78/><D78/><U50/><E135/><V48/><F39/><W112/><G112/><T69/><D69/><U61/><E129/><V72/><F72/><W80/><G15/><T5/><D5/><N who="3" m="2153" /><G84/><T25/><D32/><U12/><E74/><V85/><F87/><W96/><G96/><T134/><D134/><U107/><E73/><V83/><F83/><AGARI ba="2,0" hai="29,31,52,54,55,80,82,83,109,110,111" m="2153" machi="83" ten="40,8000,1" yaku="28,2,14,1,54,1" doraHai="124" who="3" fromWho="2" sc="321,0,282,0,174,-86,223,86" /><INIT seed="2,0,0,4,2,69" ten="321,282,88,309" oya="2" hai0="62,24,51,95,64,73,11,32,19,92,122,85,99" hai1="63,46,0,27,67,115,111,88,128,44,36,2,29" hai2="7,12,82,18,90,103,25,119,48,43,3,93,58" hai3="101,34,97,133,26,78,10,37,15,21,4,81,123"/><V55/><F119/><W1/><G123/><T127/><D73/><U84/><E115/><V131/><F131/><W28/><G133/><T132/><D122/><U35/><E128/><V45/><F3/><W40/><G40/><T75/><D75/><U124/><E124/><V16/><F82/><W39/><G1/><T89/><D127/><U104/><E104/><V70/><F70/><W117/><G34/><T107/><D107/><U17/><E17/><V100/><F7/><W56/><G56/><N who="0" m="36935" /><D32/><U135/><E135/><V50/><F18/><W94/><G117/><T61/><D61/><U86/><E86/><AGARI ba="0,0" hai="4,10,15,21,26,28,37,39,78,81,86,94,97,101" machi="86" ten="30,3900,0" yaku="7,1,52,2" doraHai="69" who="3" fromWho="1" sc="321,0,282,-39,88,0,309,39" /><INIT seed="3,0,0,2,1,21" ten="321,243,88,348" oya="3" hai0="2,105,83,49,127,68,130,65,47,19,84,41,122" hai1="34,74,26,9,111,59,44,3,63,5,60,40,64" hai2="53,13,50,94,33,76,101,37,109,89,88,110,79" hai3="108,99,106,20,77,35,71,43,66,91,55,120,96"/><W73/><G120/><T56/><D122/><U67/><E111/><V102/><F37/><W92/><G35/><T14/><D105/><U90/><E74/><V103/><F33/><W17/><G43/><T78/><D127/><U38/><E90/><V51/><F13/><W133/><G108/><T93/><D130/><U72/><E72/><V107/><F110/><W45/><G71/><T75/><D2/><U128/><E128/><V1/><F109/><W114/><G66/><T54/><D93/><U0/><E0/><V87/><F107/><W132/><G114/><T28/><D28/><U100/><E100/><V46/><F1/><W48/><G73/><T115/><D115/><U97/><E97/><V81/><F94/><W131/><G77/><T119/><D119/><U113/><E113/><V104/><F104/><W134/><G131/><T112/><D112/><U123/><E123/><V18/><F18/><W121/><G121/><T129/><D129/><U118/><E118/><V85/><F85/><N who="3" m="52335" /><G106/><T16/><D75/><U135/><E135/><V8/><F8/><W27/><AGARI ba="0,0" hai="17,20,27,45,48,55,96,99,132,133,134" m="52335" machi="27" ten="30,3000,0" yaku="20,1,52,1" doraHai="21" who="3" fromWho="3" sc="321,-10,243,-10,88,-10,348,30" owari="311,11.1,233,-16.7,78,-42.2,378,47.8" /></mjloggm>