<mjloggm ver="2.3"><GO type="225" lobby="0"/><UN n0="%43%68%65" n1="%E4%BF%8A%E6%96%87%E9%BE%8D" n2="%E3%82%AF%E3%82%A3%E3%82%A6" n3="%E3%80%90%E3%83%88%E3%83%AA%E3%83%A5%E3%83%95%E3%80%91" dan="16,16,16,16" rate="2147.23,2118.91,2069.44,2065.02" sx="M,M,M,M"/><TAIKYOKU oya="0"/><INIT seed="0,0,0,0,0,56" ten="250,250,250,250" oya="0" hai0="38,62,22,5,94,25,47,80,103,135,93,111,16" hai1="128,0,84,123,51,88,120,110,44,99,92,104,127" hai2="32,77,73,3,33,115,45,27,74,52,7,13,68" hai3="118,102,39,21,105,134,55,66,15,121,23,8,106"/><T130/><D130/><U43/><E128/><V4/><F115/><W133/><G118/><T79/><D135/><N who="3" m="51721" /><G39/><T24/><D111/><U100/><E110/><V70/><F13/><W29/><G55/><T107/><D5/><U117/><E117/><V59/><F45/><W2/><G66/><T63/><D107/><N who="3" m="40969" /><G102/><T89/><D103/><U131/><E131/><V18/><F27/><N who="3" m="16623" /><G23/><T81/><D25/><U114/><E114/><V1/><F52/><W119/><G119/><T101/><D101/><U35/><E35/><V49/><F49/><W31/><G31/><T42/><D94/><U20/><E0/><V30/><F30/><W54/><G54/><T124/><D124/><U10/><E127/><V17/><REACH who="2" step="1"/><F77/><REACH who="2" ten="250,250,240,250" step="2"/><W6/><G121/><T122/><D122/><U113/><E113/><V91/><F91/><W87/><G87/><T14/><D14/><AGARI ba="0,1" hai="2,6,8,14,15" m="16623,40969,51721" machi="14" ten="30,1000,0" yaku="20,1" doraHai="56" who="3" fromWho="0" sc="250,-10,250,0,240,0,250,20" /><INIT seed="1,0,0,1,5,113" ten="240,250,240,270" oya="1" hai0="131,41,54,69,98,24,60,14,49,42,104,22,90" hai1="35,58,106,31,32,28,112,55,121,56,3,81,91" hai2="16,135,57,126,108,21,44,30,94,107,85,115,8" hai3="83,95,71,51,111,37,73,118,19,114,77,97,63"/><U122/><E106/><V110/><F107/><W10/><G37/><T116/><D131/><U45/><E112/><V20/><F115/><W48/><G114/><T133/><D133/><U119/><E3/><V80/><F126/><W99/><G99/><T103/><D14/><U39/><E81/><V4/><F135/><W79/><G79/><T27/><D116/><U88/><E55/><V43/><F94/><W74/><G74/><T23/><D90/><U102/><E45/><V125/><F125/><W50/><G111/><N who="2" m="42537" /><F57/><W40/><G10/><T66/><D23/><U84/><E84/><V15/><F30/><W96/><G96/><T134/><D134/><U68/><E39/><N who="2" m="21631" /><F4/><W82/><G40/><T101/><D101/><U6/><E6/><V17/><F17/><W46/><G19/><T26/><REACH who="0" step="1"/><D22/><REACH who="0" ten="230,250,240,270" step="2"/><U120/><E122/><V64/><F64/><W9/><G9/><T87/><D87/><U78/><E102/><V53/><F53/><W33/><G73/><T67/><D67/><U65/><E65/><V36/><F36/><W93/><G97/><T5/><D5/><U117/><E78/><AGARI ba="0,1" hai="8,15,16,20,21,78,80,85" m="21631,42537" machi="78" ten="30,2000,0" yaku="14,1,54,1" doraHai="113" who="2" fromWho="1" sc="230,0,250,-20,240,30,270,0" /><INIT seed="2,0,0,1,4,20" ten="230,230,270,270" oya="2" hai0="28,6,67,11,52,81,85,38,128,124,106,78,60" hai1="47,98,62,93,109,34,108,13,68,84,7,54,63" hai2="40,107,91,8,120,19,132,75,74,26,4,122,61" hai3="66,126,104,23,102,22,48,110,97,29,71,49,111"/><V45/><F107/><W70/><G126/><T69/><D124/><U129/><E34/><V39/><F132/><W99/><G29/><T79/><D128/><U30/><E30/><V103/><F103/><W73/><G73/><T17/><D106/><U10/><E84/><V3/><F91/><W83/><G104/><T36/><D17/><U59/><E129/><V76/><F61/><W135/><G66/><T87/><D28/><U58/><E47/><V86/><F86/><W89/><G102/><T16/><D52/><U115/><E68/><V41/><F41/><W101/><G101/><T15/><REACH who="0" step="1"/><D6/><REACH who="0" ten="220,230,270,270" step="2"/><U12/><E7/><V119/><F119/><W55/><G55/><T64/><D64/><U21/><E54/><V118/><F118/><W44/><G135/><T88/><D88/><U72/><E109/><V127/><F127/><W5/><G5/><T33/><D33/><U113/><E108/><V131/><F131/><W121/><G89/><T42/><D42/><U112/><E112/><V9/><F76/><W92/><G110/><T32/><D32/><U31/><E115/><V77/><F77/><W82/><G111/><T46/><D46/><U130/><E113/><V114/><F114/><W43/><G44/><T0/><D0/><U18/><E130/><V35/><F19/><W90/><G90/><T96/><D96/><U57/><E31/><V27/><F3/><W50/><G43/><T125/><D125/><U56/><N who="1" m="14336" /><DORA hai="123" /><U116/><E116/><V80/><F4/><W100/><G100/><T14/><D14/><U53/><E13/><V25/><F35/><RYUUKYOKU ba="0,1" sc="220,30,230,-10,270,-10,270,-10" hai0="11,15,16,36,38,60,67,69,78,79,81,85,87" /><INIT seed="3,1,1,2,1,82" ten="250,220,260,260" oya="3" hai0="35,52,109,96,121,76,21,33,22,87,107,88,79" hai1="16,55,80,36,48,64,114,84,57,126,117,29,128" hai2="135,92,130,74,110,75,78,47,9,134,15,122,108" hai3="59,34,81,20,69,67,105,41,77,66,116,38,106"/><W131/><G116/><T11/><D121/><U43/><E114/><V31/><F122/><W86/><G34/><T102/><D109/><N who="2" m="42090" /><F130/><W44/><G69/><T103/><D103/><U25/><E128/><V10/><F31/><W91/><G131/><T0/><D35/><U101/><E126/><V1/><F78/><W61/><G20/><T51/><D33/><U70/><E101/><V97/><F47/><W115/><G67/><T18/><D21/><N who="1" m="13479" /><E117/><V133/><F1/><W60/><G60/><T118/><D118/><U132/><E132/><N who="2" m="33795" /><V32/><DORA hai="89" /><F32/><W6/><G115/><T72/><D72/><N who="2" m="27690" /><F15/><W28/><G28/><T90/><D79/><U3/><E3/><V120/><F120/><W71/><G77/><T62/><D76/><U127/><E127/><V113/><F113/><W39/><G39/><T30/><D0/><U37/><E29/><V50/><F50/><W17/><G17/><T119/><D119/><U56/><E37/><V53/><F53/><W19/><G19/><T42/><D30/><U111/><E111/><V5/><F5/><W4/><G4/><T58/><D51/><U45/><E36/><V49/><F49/><W2/><REACH who="3" step="1"/><G71/><REACH who="3" ten="250,220,260,250" step="2"/><T124/><D124/><U83/><E70/><V54/><F54/><W26/><G26/><T24/><D52/><U13/><E55/><V14/><F14/><W98/><G98/><T46/><D24/><U40/><E13/><V93/><F97/><W123/><G123/><T104/><D96/><U100/><E64/><V12/><F12/><W99/><G99/><N who="0" m="61535" /><D18/><U7/><E7/><V68/><F68/><RYUUKYOKU ba="1,2" sc="250,-15,220,-15,260,15,250,15" hai2="9,10,92,93" hai3="2,6,38,41,44,59,61,66,81,86,91,105,106" /><INIT seed="3,2,2,4,2,33" ten="235,205,275,265" oya="3" hai0="5,94,15,28,53,108,73,16,118,63,131,87,91" hai1="93,71,113,50,88,85,111,27,30,29,40,96,3" hai2="62,75,22,125,37,49,66,84,97,2,80,35,132" hai3="117,21,82,107,121,52,59,60,47,74,98,13,127"/><W135/><G117/><T48/><D118/><U17/><E113/><V7/><F35/><W92/><G121/><T23/><D73/><U95/><E71/><V26/><F37/><W78/><G135/><T89/><D108/><U41/><E111/><V36/><F36/><W10/><G127/><T122/><D122/><U14/><E3/><V114/><F114/><W101/><G21/><T32/><D131/><U70/><E70/><V20/><F75/><W103/><G47/><T1/><D63/><U12/><E12/><V54/><F125/><W34/><G34/><T11/><D91/><N who="1" m="53487" /><E27/><V124/><F124/><W51/><G60/><T126/><D126/><U42/><E50/><V123/><F123/><W130/><G130/><T102/><D102/><U69/><E69/><V105/><F132/><W45/><G103/><T104/><D104/><U119/><E119/><V55/><F2/><W65/><G65/><T39/><D39/><U44/><E44/><N who="2" m="27943" /><F105/><W77/><G107/><T81/><D81/><U18/><E18/><N who="2" m="12567" /><F22/><AGARI ba="2,2" hai="14,17,22,29,30,40,41,42,88,95,96" m="53487" machi="22" ten="30,2000,0" yaku="8,1,54,1" doraHai="33" who="1" fromWho="2" sc="235,0,205,46,275,-26,265,0" /><INIT seed="4,0,0,1,3,11" ten="235,251,249,265" oya="0" hai0="104,130,14,79,49,20,59,36,46,125,27,93,24" hai1="109,127,6,122,57,2,10,131,107,135,103,63,58" hai2="34,116,5,39,99,44,51,9,67,42,64,29,15" hai3="101,113,77,105,50,21,66,40,83,71,41,19,17"/><T91/><D104/><U84/><E122/><V68/><F116/><W110/><G110/><T48/><D125/><U134/><E127/><V85/><F68/><W54/><G113/><T18/><D36/><U90/><E109/><V25/><F39/><W47/><G101/><T8/><D130/><U88/><E90/><V12/><F99/><W69/><G17/><T87/><D79/><U100/><E57/><V73/><F73/><W102/><G102/><T53/><D8/><U108/><E108/><V118/><F118/><W4/><G4/><T89/><D89/><U132/><E107/><V38/><F38/><W61/><G71/><T26/><D26/><U3/><E3/><V45/><F45/><W65/><G65/><T126/><D126/><U7/><E7/><V35/><F35/><W60/><G60/><T94/><D94/><U121/><E121/><V82/><REACH who="2" step="1"/><F15/><REACH who="2" ten="235,251,239,265" step="2"/><W28/><G69/><T33/><D33/><U81/><REACH who="1" step="1"/><E131/><REACH who="1" ten="235,241,239,265" step="2"/><V111/><F111/><W16/><G105/><T117/><D117/><U120/><E120/><V75/><F75/><W92/><G66/><AGARI ba="0,2" hai="2,6,10,58,63,66,81,84,88,100,103,132,134,135" machi="66" ten="40,5200,0" yaku="1,1,20,1,54,1,53,0" doraHai="11" doraHaiUra="22" who="1" fromWho="3" sc="235,0,241,72,239,0,265,-52" owari="235,-16.5,313,41.3,239,3.9,213,-28.7" /></mjloggm>