<mjloggm ver="2.3"><GO type="225" lobby="0"/><UN n0="%4C%4F%4C%49%54%41" n1="%E6%A1%9C%E8%8A%B1%E9%96%83%E3%80%85" n2="%E6%81%A5%E6%99%92%E3%81%97" n3="%E3%83%96%E3%83%83%E3%83%91%E3%82%AA%E3%83%96%E3%83%81%E3%82%AD%E3%83%B3" dan="16,16,16,16" rate="2081.99,2112.50,2143.39,2161.00" sx="F,M,M,M"/><TAIKYOKU oya="0"/><INIT seed="0,0,0,4,0,66" ten="250,250,250,250" oya="0" hai0="10,88,101,33,75,118,107,0,53,27,120,40,132" hai1="93,96,31,83,59,71,57,29,47,84,41,97,124" hai2="28,4,23,105,25,98,3,109,91,99,39,111,58" hai3="14,1,17,32,133,22,36,114,26,86,19,8,5"/><T126/><D118/><U37/><E124/><V18/><F39/><W94/><G114/><T67/><D120/><U45/><E71/><V2/><F105/><W61/><G133/><T117/><D117/><U116/><E116/><V60/><F28/><N who="1" m="10825" /><E37/><V6/><F3/><W78/><G36/><T122/><D33/><U50/><E47/><V70/><F70/><W121/><G121/><T42/><D75/><U82/><E97/><V85/><F2/><W128/><G128/><T112/><D0/><U52/><E41/><V51/><F51/><W115/><G115/><T54/><D107/><U69/><E69/><V16/><F18/><W20/><G32/><T68/><D68/><U79/><E83/><N who="2" m="49599" /><F109/><W30/><G61/><T106/><D126/><U134/><E134/><V55/><F111/><W81/><G30/><T92/><D106/><U103/><AGARI ba="0,0" hai="45,50,52,57,59,79,82,84,93,96,103" m="10825" machi="103" ten="30,2000,0" yaku="8,1,54,1" doraHai="66" who="1" fromWho="1" sc="250,-10,250,20,250,-5,250,-5" /><INIT seed="1,0,0,4,5,58" ten="240,270,245,245" oya="1" hai0="116,120,64,44,45,71,49,22,38,13,132,75,65" hai1="67,129,34,114,109,119,127,21,28,68,98,117,51" hai2="124,111,5,10,118,52,24,91,104,92,48,84,20" hai3="35,1,82,100,79,43,30,113,73,11,89,80,66"/><U135/><E114/><V12/><F111/><W39/><G113/><T90/><D116/><U17/><E51/><V8/><F124/><W122/><G122/><T41/><D75/><U85/><E127/><V32/><F118/><W76/><G100/><T26/><D132/><U108/><E135/><V103/><F32/><W112/><G89/><T88/><D120/><U3/><E3/><V33/><F33/><W86/><G112/><T74/><D74/><U110/><E129/><V4/><F103/><W69/><G35/><T46/><D13/><N who="1" m="9391" /><E85/><V123/><F104/><W102/><G102/><T42/><D45/><U59/><E68/><V60/><F60/><W63/><G30/><T14/><D14/><U125/><E98/><V23/><F24/><W81/><G81/><T61/><REACH who="0" step="1"/><D65/><REACH who="0" ten="230,270,245,245" step="2"/><U97/><E125/><V107/><F123/><W94/><G1/><T96/><D96/><U0/><E97/><V7/><F107/><W70/><G66/><T130/><D130/><U25/><E0/><V18/><F10/><W106/><G11/><T19/><AGARI ba="0,1" hai="19,22,26,38,41,42,44,46,49,61,64,71,88,90" machi="19" ten="20,8000,1" yaku="1,1,0,1,7,1,52,1,54,1,53,0" doraHai="58" doraHaiUra="105" who="0" fromWho="0" sc="230,90,270,-40,245,-20,245,-20" /><INIT seed="2,0,0,0,1,118" ten="320,230,225,225" oya="2" hai0="99,84,8,27,48,89,4,41,22,44,3,6,130" hai1="5,104,126,63,92,135,53,107,78,121,62,128,77" hai2="82,17,21,132,101,46,86,113,64,0,74,60,10" hai3="31,100,51,16,124,11,20,56,24,65,49,57,73"/><V59/><F113/><W71/><G73/><T119/><D119/><U13/><E126/><V115/><F115/><W111/><G111/><T1/><D130/><U93/><E128/><V61/><F132/><W25/><G124/><T103/><D3/><U7/><E13/><V37/><F101/><W125/><G125/><T109/><D109/><U123/><REACH who="1" step="1"/><E53/><REACH who="1" ten="320,220,225,225" step="2"/><V47/><F0/><W72/><G72/><T97/><D4/><U33/><E33/><V88/><F74/><W87/><G71/><T91/><D6/><U26/><E26/><N who="2" m="14639" /><F37/><W108/><G108/><T75/><D27/><U79/><E79/><V90/><F10/><W94/><G11/><T36/><D75/><U34/><E34/><V35/><F35/><W40/><G25/><T95/><D36/><U117/><E117/><V114/><F114/><W81/><G24/><T105/><D1/><U116/><E116/><V120/><F120/><W28/><G28/><T52/><D8/><U2/><E2/><V85/><F61/><W106/><G31/><T45/><D22/><U39/><E39/><V30/><F30/><W19/><G20/><T14/><D14/><U50/><E50/><V55/><F55/><W23/><G51/><T15/><D15/><U131/><E131/><V32/><F32/><W96/><G49/><T102/><D52/><U68/><E68/><V69/><F69/><W9/><G23/><T70/><D70/><U127/><E127/><V112/><F112/><W66/><G9/><T133/><D48/><U18/><E18/><V29/><F29/><W129/><G19/><T12/><D12/><RYUUKYOKU ba="0,1" sc="320,-15,220,15,225,15,225,-15" hai1="5,7,62,63,77,78,92,93,104,107,121,123,135" hai2="46,47,59,60,64,82,85,86,88,90" /><INIT seed="2,1,1,4,2,122" ten="305,235,240,210" oya="2" hai0="15,22,26,102,48,117,37,29,125,94,18,104,10" hai1="5,103,126,86,114,64,111,69,118,35,121,132,13" hai2="63,55,131,90,57,95,49,123,71,16,108,24,54" hai3="33,115,82,1,44,27,98,81,97,47,9,107,134"/><V88/><F123/><W65/><G134/><T91/><D37/><U30/><E121/><V38/><F38/><W129/><G129/><T68/><D68/><U67/><E114/><V61/><F131/><W51/><G115/><T127/><D117/><U116/><E132/><V110/><F71/><W87/><G65/><T96/><REACH who="0" step="1"/><D48/><REACH who="0" ten="295,235,240,210" step="2"/><U28/><E69/><V100/><F49/><W14/><G51/><T42/><D42/><U130/><E130/><V31/><F108/><W73/><G47/><T46/><D46/><U83/><E111/><V34/><F110/><W133/><G44/><T58/><D58/><U20/><E118/><V105/><F57/><W60/><G133/><T80/><D80/><U89/><E83/><V99/><F61/><W79/><G60/><T128/><D128/><U36/><E36/><V32/><F63/><W56/><G56/><T12/><D12/><U52/><E13/><V39/><F39/><W77/><G107/><T113/><D113/><U112/><E112/><V23/><F105/><W76/><G1/><T45/><D45/><U124/><E116/><V120/><F120/><W85/><G77/><T62/><D62/><U101/><E67/><V109/><F109/><W3/><G3/><T74/><D74/><U93/><E64/><V11/><F55/><W53/><G73/><T92/><D92/><N who="1" m="54327" /><E52/><V6/><F54/><W40/><G53/><T43/><D43/><U119/><E93/><V19/><F95/><W17/><REACH who="3" step="1"/><G40/><REACH who="3" ten="295,235,240,200" step="2"/><T106/><D106/><U0/><E0/><V70/><F70/><W135/><G135/><T41/><D41/><RYUUKYOKU ba="1,3" sc="295,15,235,-15,240,-15,200,15" hai0="10,15,18,22,26,29,91,94,96,102,104,125,127" hai3="9,14,17,27,33,76,79,81,82,85,87,97,98" /><INIT seed="3,2,3,1,0,9" ten="310,220,225,215" oya="3" hai0="108,63,124,33,73,103,22,51,65,46,83,43,68" hai1="72,32,133,1,66,134,75,67,96,76,49,113,100" hai2="112,109,29,116,123,61,77,26,44,135,15,118,11" hai3="85,127,40,17,55,93,2,16,115,119,14,64,130"/><W35/><G115/><T0/><D33/><U53/><E1/><V24/><F112/><W90/><G119/><T114/><D114/><U28/><E113/><V131/><F109/><W106/><G2/><T54/><D0/><U128/><E128/><V95/><F131/><W117/><G117/><T60/><D108/><U102/><E28/><V91/><F135/><N who="1" m="51721" /><E32/><V37/><F123/><W39/><G130/><T38/><D124/><U81/><E75/><V48/><F61/><W97/><G127/><T27/><D103/><N who="1" m="39467" /><E96/><V70/><F29/><W125/><G125/><T101/><D101/><U82/><E82/><V13/><F13/><W84/><G35/><T50/><D83/><U3/><E3/><V122/><F122/><W18/><G106/><T34/><D73/><U12/><E12/><V120/><F120/><W92/><G14/><T21/><D34/><U36/><E36/><V25/><F37/><W110/><G110/><T19/><D38/><U20/><E20/><V79/><F116/><W5/><G93/><T47/><D22/><U107/><E107/><V31/><F31/><W69/><G39/><T78/><D21/><U62/><E62/><V8/><F15/><W71/><G5/><T129/><D129/><U74/><E74/><V59/><F118/><W80/><G40/><T98/><D43/><U126/><E126/><V52/><F11/><W104/><G104/><T88/><D98/><U42/><E42/><N who="2" m="24599" /><F8/><W121/><G121/><T41/><D41/><U10/><E10/><V86/><F24/><W4/><G4/><T6/><D6/><U89/><E89/><RYUUKYOKU ba="2,3" sc="310,-10,220,30,225,-10,215,-10" hai1="49,53,66,67,72,76,81" owari="330,43.0,250,5.0,215,-18.5,205,-29.5" /></mjloggm>