<mjloggm ver="2.3"><GO type="225" lobby="0"/><UN n0="%E3%80%93%E3%81%97%E3%83%BC%E3%82%89%E3%80%93" n1="%E3%83%A9%E3%82%A4%E3%83%B3%E3%81%AE%E8%99%8E" n2="%41%6F%54" n3="%4C%4F%4C%49%54%41" dan="16,16,16,16" rate="2200.91,2162.20,2074.74,2121.88" sx="M,M,M,F"/><TAIKYOKU oya="0"/><INIT seed="0,0,0,4,5,56" ten="250,250,250,250" oya="0" hai0="104,69,125,90,9,121,64,92,80,23,75,17,21" hai1="20,45,15,6,41,22,101,25,5,28,84,30,65" hai2="111,127,94,13,38,78,126,120,26,10,73,123,18" hai3="46,54,39,35,99,16,63,2,88,106,53,49,86"/><T133/><D104/><U96/><E65/><V50/><F38/><W72/><G72/><T105/><D105/><U95/><E84/><V114/><F94/><W117/><G117/><T0/><D121/><N who="2" m="46666" /><F50/><W1/><G35/><T57/><D69/><U7/><E15/><V89/><F89/><W70/><G39/><T8/><D23/><U113/><E113/><V48/><F48/><W97/><G106/><T62/><D0/><U109/><E109/><V51/><F51/><W131/><G131/><T132/><D125/><N who="2" m="47626" /><F78/><W40/><G1/><T34/><D34/><U119/><E119/><V36/><F36/><W44/><G2/><T128/><D128/><U27/><REACH who="1" step="1"/><E5/><REACH who="1" ten="250,240,250,250" step="2"/><N who="2" m="3279" /><F73/><W82/><G86/><N who="0" m="52311" /><D75/><U43/><E43/><V110/><F114/><W11/><G40/><T77/><D77/><U29/><E29/><V4/><F4/><W76/><G76/><T14/><D80/><U130/><E130/><V112/><F112/><W66/><G82/><T93/><D93/><U79/><E79/><V3/><F3/><W42/><G42/><T32/><D32/><U103/><E103/><V67/><F67/><W71/><G66/><T124/><D124/><U85/><E85/><V98/><F98/><W58/><G97/><T19/><D19/><U122/><E122/><V108/><F18/><W37/><G99/><T31/><D31/><U12/><E12/><V60/><F26/><W24/><G24/><T59/><D14/><U135/><E135/><V134/><F134/><W74/><G16/><T47/><D133/><U91/><E91/><V118/><F118/><W81/><G88/><RYUUKYOKU ba="0,1" sc="250,-15,240,15,250,15,250,-15" hai1="6,7,20,22,25,27,28,30,41,45,95,96,101" hai2="60,108,110,111" /><INIT seed="1,1,1,5,0,106" ten="235,255,265,235" oya="1" hai0="82,16,32,85,41,73,59,54,83,28,124,39,71" hai1="6,65,135,44,131,35,66,10,68,127,102,48,23" hai2="26,55,31,134,86,3,115,122,93,11,13,77,58" hai3="89,17,45,100,104,103,99,114,88,116,118,62,25"/><U72/><E35/><V14/><F122/><W18/><G114/><T15/><D71/><U91/><E68/><V9/><F115/><W112/><G112/><T95/><D124/><U78/><E127/><V117/><F117/><N who="3" m="45163" /><G100/><T101/><D73/><U4/><E102/><V2/><F134/><W70/><G45/><T60/><D39/><U50/><E135/><V30/><F2/><W56/><G70/><T19/><D41/><U76/><E131/><V47/><F47/><W111/><G111/><T129/><D129/><U110/><E23/><V40/><F40/><W0/><G0/><T29/><D32/><U7/><E10/><V38/><F38/><W1/><G1/><T33/><D33/><U21/><E110/><V8/><F3/><W98/><G98/><N who="0" m="59615" /><D82/><U49/><E44/><V46/><F46/><W119/><N who="3" m="45171" /><W63/><DORA hai="22" /><G63/><T97/><D97/><U24/><E91/><N who="3" m="34890" /><G25/><T128/><D128/><U87/><E87/><V133/><F133/><W42/><G42/><T67/><D54/><AGARI ba="1,1" hai="17,18,54,56,62,99,103,104" m="34890,45171" machi="54" ten="40,2600,0" yaku="12,1,54,1" doraHai="106,22" who="3" fromWho="0" sc="235,-29,255,0,265,0,235,39" /><INIT seed="2,0,0,1,2,7" ten="206,255,265,274" oya="2" hai0="107,43,91,104,103,22,26,36,51,10,63,97,74" hai1="84,76,38,79,32,57,130,2,131,61,27,70,134" hai2="72,88,52,73,65,112,102,62,115,116,0,8,50" hai3="92,14,18,33,15,41,78,99,45,113,49,20,25"/><V126/><F116/><W93/><G113/><T54/><D74/><U17/><E70/><V119/><F119/><W67/><G78/><T128/><D128/><N who="1" m="49195" /><E38/><V16/><F126/><W21/><G33/><T11/><D107/><U6/><E134/><V108/><F108/><W71/><G71/><T35/><D35/><U135/><E135/><V95/><F112/><W39/><G67/><T75/><D75/><U133/><E84/><V106/><F106/><W5/><G39/><T117/><D117/><U9/><E133/><V42/><F42/><W86/><G86/><T1/><D1/><U44/><E44/><V64/><F102/><W29/><REACH who="3" step="1"/><G99/><REACH who="3" ten="206,255,265,264" step="2"/><T85/><D36/><U111/><E111/><V110/><F65/><W83/><G83/><T40/><D63/><U3/><E32/><V101/><F110/><W122/><G122/><T69/><D69/><U55/><E76/><V23/><F115/><W82/><G82/><T56/><D43/><U129/><E79/><V89/><F73/><W94/><G94/><N who="0" m="58807" /><D40/><U77/><E77/><V4/><F72/><W123/><G123/><T109/><D104/><U132/><E132/><V13/><F62/><W118/><G118/><T24/><D109/><U96/><E96/><N who="2" m="59551" /><F64/><W87/><G87/><T34/><D34/><U114/><E129/><V46/><F0/><W58/><G58/><T90/><D85/><U48/><E114/><V37/><F37/><W105/><G105/><T100/><D56/><U68/><E2/><V53/><F53/><W59/><G59/><T81/><D54/><U121/><E121/><V19/><F52/><RYUUKYOKU ba="0,1" sc="206,-10,255,-10,265,-10,264,30" hai3="5,14,15,18,20,21,25,29,41,45,49,92,93" /><INIT seed="3,1,1,2,3,98" ten="196,245,255,294" oya="3" hai0="78,43,86,65,81,30,3,91,33,105,83,40,75" hai1="128,132,14,35,131,47,133,60,1,96,18,67,84" hai2="26,108,11,62,73,126,27,51,25,34,29,46,109" hai3="44,53,24,64,123,58,115,114,93,72,56,107,135"/><W23/><G107/><T2/><D105/><U54/><E1/><V19/><F73/><W66/><G123/><T79/><D65/><U103/><E35/><V20/><F126/><W0/><G0/><T71/><D71/><U70/><E84/><V134/><F134/><N who="1" m="51817" /><E47/><V13/><F62/><W89/><G72/><T22/><D33/><U120/><E54/><V45/><F51/><N who="3" m="28903" /><G115/><T10/><D2/><U100/><E96/><V117/><F117/><W77/><G77/><T87/><D75/><U113/><E120/><V61/><F61/><W7/><G114/><T59/><D59/><N who="3" m="22569" /><G7/><T95/><D3/><U111/><E111/><N who="2" m="42571" /><F46/><W99/><G135/><T68/><D68/><U80/><E80/><V49/><F49/><W104/><G104/><T63/><D63/><U130/><E113/><V118/><F45/><W57/><G57/><T125/><D125/><U88/><E88/><V102/><F118/><W50/><G50/><T97/><REACH who="0" step="1"/><D10/><AGARI ba="1,1" hai="10,14,18,60,67,70,100,103,128,130,131" m="51817" machi="10" ten="40,8000,1" yaku="19,1,20,1,52,2" doraHai="98" who="1" fromWho="0" sc="196,-83,245,93,255,0,294,0" owari="113,-38.7,338,43.8,255,-14.5,294,9.4" /></mjloggm>