<mjloggm ver="2.3"><GO type="225" lobby="0"/><UN n0="%E5%B8%86%E7%AB%8B%E5%A4%8F%E8%A1%A3" n1="%E5%A4%8F%E9%88%B4%E9%88%B4%E5%A4%8F" n2="%E4%B8%89%E5%88%86%E5%B0%8F%E5%83%A7" n3="%E3%81%AF%E3%82%88%E3%81%8A%E3%81%98%E3%81%95%E3%82%93" dan="17,16,16,17" rate="2170.33,2070.00,2107.26,2139.56" sx="M,F,M,M"/><TAIKYOKU oya="0"/><INIT seed="0,0,0,2,3,58" ten="250,250,250,250" oya="0" hai0="83,125,122,135,69,110,44,31,2,47,118,97,8" hai1="54,75,34,13,124,106,0,127,86,18,128,26,61" hai2="37,57,100,112,11,30,24,74,84,16,120,38,51" hai3="3,114,53,4,77,131,95,67,115,25,82,63,101"/><T35/><D118/><U130/><E75/><V27/><F74/><W111/><G111/><T1/><D122/><U36/><E106/><V41/><F120/><W45/><G131/><N who="1" m="50218" /><E36/><V89/><F100/><W107/><G107/><T78/><D97/><U14/><E86/><V105/><F105/><W40/><G53/><T117/><D117/><U103/><E103/><V72/><F72/><W134/><G134/><T88/><D125/><N who="1" m="48203" /><E0/><V79/><F79/><W92/><G101/><T39/><D110/><U119/><E119/><V49/><F112/><W52/><G3/><T32/><D2/><U17/><E34/><V93/><F37/><W62/><G115/><T9/><D1/><U22/><E17/><V91/><F38/><W129/><G114/><T48/><D35/><U56/><AGARI ba="0,0" hai="13,14,18,22,26,54,56,61" m="48203,50218" machi="56" ten="40,5200,0" yaku="19,1,18,1,52,1" doraHai="58" who="1" fromWho="1" sc="250,-26,250,52,250,-13,250,-13" /><INIT seed="1,0,0,0,1,74" ten="224,302,237,237" oya="1" hai0="126,68,54,85,99,3,106,17,81,123,55,108,8" hai1="37,75,36,117,71,23,16,73,93,133,22,40,129" hai2="25,10,92,65,116,86,135,72,43,90,45,111,14" hai3="66,57,89,67,20,47,102,119,105,113,134,56,78"/><U42/><E117/><V31/><F72/><W39/><G113/><T9/><D108/><U114/><E114/><V112/><F111/><W13/><G119/><T49/><D126/><U88/><E71/><V27/><F135/><W15/><G134/><T1/><D123/><U2/><E2/><V44/><F65/><W51/><G39/><T30/><D68/><U100/><E100/><V58/><F58/><N who="3" m="22635" /><G105/><T125/><D125/><U118/><E118/><V79/><F79/><W83/><G102/><T24/><D106/><U32/><E32/><V50/><F116/><W84/><G89/><T63/><D99/><U29/><E133/><V38/><F31/><W46/><G46/><T103/><D63/><U132/><E132/><V21/><F21/><W18/><G13/><T4/><D103/><U87/><E129/><V121/><F121/><W61/><G61/><T33/><D49/><U95/><E29/><V60/><F60/><W11/><G20/><T98/><D98/><U34/><E34/><V62/><F62/><W12/><G15/><T104/><D104/><U5/><E5/><V53/><REACH who="2" step="1"/><F112/><REACH who="2" ten="224,302,227,237" step="2"/><W7/><G18/><AGARI ba="0,1" hai="10,14,18,25,27,38,43,44,45,50,53,86,90,92" machi="18" ten="30,3900,0" yaku="1,1,2,1,7,1,53,0" doraHai="74" doraHaiUra="64" who="2" fromWho="3" sc="224,0,302,0,227,49,237,-39" /><INIT seed="2,0,0,3,2,118" ten="224,302,276,198" oya="2" hai0="127,88,106,72,50,85,21,131,12,121,22,43,69" hai1="107,42,98,46,101,114,30,40,39,57,36,102,51" hai2="113,10,77,58,1,32,19,62,112,99,52,34,128" hai3="125,117,130,26,120,89,18,78,70,66,16,64,80"/><V132/><F128/><W90/><G117/><T38/><D38/><U103/><E114/><V92/><F132/><W76/><G70/><T87/><D72/><U105/><E30/><V20/><F77/><N who="3" m="29803" /><G130/><T71/><D106/><U93/><E57/><V82/><F82/><W28/><G125/><T24/><D127/><U17/><E17/><N who="3" m="6762" /><G120/><T100/><D121/><U122/><E122/><V60/><F1/><W96/><G96/><T7/><D131/><U123/><E123/><V126/><F126/><W75/><G75/><T116/><D116/><U111/><E111/><V53/><F10/><W73/><G73/><T83/><D87/><U13/><E13/><N who="2" m="9327" /><F32/><W49/><G49/><T129/><D129/><U54/><E40/><V33/><F34/><W133/><G133/><T15/><D71/><U97/><E36/><V9/><F9/><W61/><G61/><T25/><D69/><U134/><E134/><V47/><F33/><W11/><G11/><N who="0" m="4223" /><D100/><U45/><E103/><N who="2" m="60903" /><F113/><W8/><G8/><T79/><D15/><U37/><E39/><V5/><F5/><W65/><G80/><T56/><D79/><U84/><E84/><V6/><F6/><W29/><G26/><N who="0" m="10347" /><D43/><U110/><E110/><V63/><F112/><W104/><G104/><AGARI ba="0,0" hai="37,42,45,46,51,54,93,97,98,101,102,104,105,107" machi="104" ten="30,1000,0" yaku="7,1" doraHai="118" who="1" fromWho="3" sc="224,0,302,10,276,0,198,-10" /><INIT seed="3,0,0,4,0,34" ten="224,312,276,188" oya="3" hai0="103,110,56,115,7,23,112,102,12,41,135,123,18" hai1="91,119,60,15,120,30,122,88,5,113,74,44,128" hai2="124,32,2,8,63,11,70,54,92,100,96,27,61" hai3="50,45,73,72,42,94,22,116,105,3,26,126,21"/><W14/><G126/><T25/><D123/><U101/><E113/><N who="0" m="43593" /><D110/><U121/><E74/><V114/><F114/><W108/><G116/><T90/><D135/><U31/><E119/><V131/><F124/><W85/><G105/><T97/><D41/><U127/><E127/><V65/><F131/><W55/><G108/><T13/><D56/><U69/><E101/><N who="0" m="38409" /><D7/><U39/><E5/><V19/><F32/><W130/><G130/><T83/><D97/><U4/><E128/><V53/><F70/><W109/><G109/><T38/><D38/><U33/><E39/><V84/><F65/><W99/><G3/><T75/><D90/><U86/><E91/><V79/><F63/><W43/><G99/><T10/><D10/><U24/><E60/><V52/><F61/><W59/><G43/><T132/><D132/><U93/><E69/><V0/><F11/><W47/><G45/><T133/><D133/><U81/><E44/><V129/><F129/><W82/><G14/><T20/><D23/><U17/><E4/><V66/><F66/><W35/><G35/><T28/><D28/><U87/><E24/><V95/><F27/><W77/><G21/><T9/><D9/><N who="1" m="6383" /><E33/><V68/><F68/><W62/><REACH who="3" step="1"/><G94/><REACH who="3" ten="224,312,276,178" step="2"/><T37/><D37/><U49/><E122/><V125/><F125/><W78/><G78/><AGARI ba="0,1" hai="12,13,18,20,25,75,78,83" m="38409,43593" machi="78" ten="30,1000,0" yaku="11,1" doraHai="34" who="0" fromWho="3" sc="224,20,312,0,276,0,178,-10" owari="244,-15.6,312,41.2,276,7.6,168,-33.2" /></mjloggm>