<mjloggm ver="2.3"><GO type="225" lobby="0"/><UN n0="%E3%83%A9%E3%83%BC%E3%83%A1%E3%83%B3%E4%BA%94%E9%83%8E" n1="%E5%8C%97%E6%AC%A7%E3%81%AE%E3%82%82%E3%81%93%E3%81%86" n2="%77%72%77%72%77%72%77%72" n3="%E3%81%94%E3%83%BC%E3%81%A9%E3%82%93" dan="16,16,17,16" rate="2086.80,2106.68,2153.73,2083.40" sx="M,M,M,M"/><TAIKYOKU oya="0"/><INIT seed="0,0,0,4,2,61" ten="250,250,250,250" oya="0" hai0="110,81,106,131,115,10,8,113,42,94,100,54,52" hai1="96,12,90,29,18,91,48,134,87,34,21,78,71" hai2="5,49,122,70,88,124,68,17,104,6,9,44,132" hai3="108,76,15,14,83,111,0,129,75,32,98,93,27"/><T23/><D106/><U38/><E38/><V40/><F122/><W45/><G0/><T50/><D131/><U67/><E134/><V55/><F132/><W66/><G129/><T128/><D128/><U20/><E34/><V11/><F104/><W36/><G66/><T41/><D110/><N who="3" m="42025" /><G36/><T86/><D115/><U25/><E71/><V59/><F124/><W7/><G7/><T30/><D113/><U79/><E48/><V95/><F68/><W13/><G45/><T74/><D74/><U16/><E96/><V64/><F17/><W121/><G121/><T33/><D33/><U4/><E4/><N who="2" m="1643" /><F70/><W80/><G80/><T127/><D127/><U120/><E120/><V101/><F101/><N who="3" m="60623" /><G27/><N who="0" m="16767" /><D100/><U77/><E67/><V125/><F125/><W58/><G58/><N who="0" m="33047" /><D94/><U63/><E63/><N who="2" m="38015" /><F40/><N who="0" m="15466" /><D54/><U99/><E18/><V1/><F1/><W84/><G32/><T126/><D126/><U39/><E39/><V51/><F49/><W85/><AGARI ba="0,0" hai="13,14,15,75,76,83,84,85" m="60623,42025" machi="85" ten="40,1500,0" yaku="14,1" doraHai="61" who="3" fromWho="3" sc="250,-7,250,-4,250,-4,250,15" /><INIT seed="1,0,0,2,2,70" ten="243,246,246,265" oya="1" hai0="117,121,85,74,135,91,94,68,89,119,113,43,23" hai1="76,20,53,104,3,4,92,90,77,55,29,15,93" hai2="16,35,72,17,101,100,102,28,19,60,134,130,54" hai3="129,48,115,128,27,83,118,97,58,84,126,116,33"/><U11/><E104/><V1/><F130/><N who="3" m="50283" /><G115/><T51/><D68/><U47/><E93/><V59/><F134/><W99/><G126/><T95/><D113/><U132/><E132/><V41/><F72/><W112/><G112/><T40/><D135/><U13/><E3/><V38/><F1/><W26/><G58/><T5/><D74/><U86/><E47/><V79/><F79/><N who="1" m="30281" /><E29/><V111/><F111/><W73/><G73/><T7/><D121/><U6/><E6/><N who="0" m="2057" /><D119/><N who="3" m="45609" /><G48/><T62/><D117/><U63/><E63/><V87/><F87/><W131/><N who="3" m="50291" /><W42/><DORA hai="45" /><G42/><N who="0" m="15915" /><D51/><U110/><E110/><V25/><REACH who="2" step="1"/><F41/><REACH who="2" ten="243,246,236,265" step="2"/><W31/><G26/><T50/><D85/><U107/><E107/><V65/><F65/><W46/><G46/><T0/><D0/><U56/><E56/><V103/><N who="2" m="25600" /><DORA hai="133" /><V52/><F52/><W80/><G84/><T57/><D89/><U39/><E39/><AGARI ba="0,1" hai="16,17,19,25,28,35,38,39,54,59,60" m="25600" machi="39" ten="60,8000,1" yaku="1,1,52,2,54,1,53,0" doraHai="70,45,133" doraHaiUra="127,44,8" who="2" fromWho="1" sc="243,0,246,-80,236,90,265,0" /><INIT seed="2,0,0,2,4,47" ten="243,166,326,265" oya="2" hai0="30,52,115,127,46,43,106,13,37,90,77,135,69" hai1="104,102,55,17,112,67,14,117,122,86,119,19,29" hai2="105,124,49,79,133,2,36,48,68,89,88,130,12" hai3="25,42,10,108,118,21,4,5,26,93,62,99,98"/><V22/><F2/><W110/><G118/><T73/><D115/><U0/><E0/><V94/><F105/><W92/><G62/><T15/><D106/><U97/><E112/><V131/><F36/><W51/><G21/><T27/><D69/><U1/><E1/><V9/><F68/><W58/><G58/><T57/><D127/><U81/><E122/><V3/><F3/><W72/><G10/><T87/><D77/><U84/><E67/><V56/><F124/><W95/><G72/><T45/><D45/><U120/><E86/><V38/><F38/><W8/><G8/><T65/><D65/><U114/><E29/><V44/><F22/><W59/><G59/><T33/><D73/><U111/><E111/><V85/><F133/><W132/><G93/><T134/><D134/><U116/><E114/><V28/><F79/><W109/><G132/><T34/><D34/><U66/><E120/><V63/><F89/><W40/><G109/><T96/><D96/><U100/><E100/><V61/><F28/><W32/><G32/><T129/><D129/><N who="2" m="49162" /><F61/><W76/><G76/><T11/><D11/><U50/><E66/><N who="2" m="39271" /><F44/><W113/><G113/><T39/><D39/><U103/><E103/><V54/><F54/><W18/><G18/><AGARI ba="0,0" hai="9,12,18,48,49,85,88,94" m="39271,49162" machi="18" ten="30,11600,0" yaku="19,1,52,2,54,1" doraHai="47" who="2" fromWho="3" sc="243,0,166,0,326,116,265,-116" /><INIT seed="2,1,0,0,0,85" ten="243,166,442,149" oya="2" hai0="14,82,121,42,50,127,100,29,22,124,94,103,1" hai1="60,96,114,135,45,9,38,48,120,115,123,35,63" hai2="116,20,7,132,133,88,43,58,65,32,18,44,122" hai3="55,134,76,41,51,69,68,118,61,6,56,111,57"/><V79/><F116/><W98/><G76/><T90/><D1/><U4/><E35/><V39/><F122/><N who="1" m="46633" /><E38/><V11/><F32/><W62/><G6/><T117/><D117/><U59/><E96/><V99/><F79/><W66/><G118/><T129/><D121/><U80/><E80/><V93/><F58/><N who="3" m="37175" /><G98/><N who="0" m="57687" /><D129/><U23/><E23/><V25/><REACH who="2" step="1"/><F65/><REACH who="2" ten="243,166,432,149" step="2"/><N who="3" m="39111" /><G111/><T49/><D127/><U104/><E59/><V17/><F17/><W16/><G16/><T34/><D34/><U2/><E135/><V74/><F74/><W24/><G134/><T91/><D124/><U81/><E114/><V86/><F86/><W119/><G119/><T77/><D77/><U71/><E115/><V109/><F109/><W5/><G5/><T75/><D75/><U13/><E4/><V126/><F126/><W53/><G24/><T89/><D29/><U110/><E110/><V78/><F78/><W106/><G106/><T92/><D103/><U36/><E104/><V46/><F46/><N who="3" m="26063" /><G57/><T95/><D100/><U0/><E0/><AGARI ba="1,1" hai="0,7,11,18,20,25,39,43,44,88,93,99,132,133" machi="0" ten="40,12000,1" yaku="1,1,52,1,54,1,53,1" doraHai="85" doraHaiUra="40" who="2" fromWho="1" sc="243,0,166,-123,432,133,149,0" /><INIT seed="2,2,0,1,1,59" ten="243,43,565,149" oya="2" hai0="108,1,74,98,68,92,20,17,9,107,125,28,78" hai1="124,31,104,112,97,6,128,43,0,44,58,105,55" hai2="82,113,91,81,30,101,53,71,99,126,29,94,40" hai3="4,21,32,48,52,111,57,62,63,120,8,133,95"/><V39/><F113/><W24/><G120/><T135/><D68/><U129/><E112/><V87/><F126/><W18/><G111/><T89/><D108/><U118/><E118/><V115/><F115/><W102/><G133/><T85/><D125/><U106/><E124/><V11/><F71/><W35/><G35/><T110/><D110/><U23/><E6/><V123/><F123/><W65/><G32/><T19/><D135/><U134/><E0/><V109/><F109/><W12/><G65/><T34/><D34/><U67/><E134/><V103/><F11/><W50/><G50/><T122/><D122/><U127/><E67/><V90/><F40/><W79/><G79/><T100/><D1/><U27/><E127/><V72/><F39/><W131/><G131/><T26/><D9/><U69/><E69/><V76/><F53/><W80/><G80/><AGARI ba="2,0" hai="17,19,20,26,28,74,78,80,85,89,92,98,100,107" machi="80" ten="40,2600,0" yaku="24,2" doraHai="59" who="0" fromWho="3" sc="243,32,43,0,565,0,149,-32" /><INIT seed="3,0,0,4,0,128" ten="275,43,565,117" oya="3" hai0="49,118,122,39,90,61,58,131,29,93,120,67,26" hai1="55,15,111,64,100,81,89,47,132,43,97,115,60" hai2="79,17,28,16,123,112,78,80,40,127,98,82,8" hai3="14,53,44,126,50,110,99,77,54,94,63,31,113"/><W37/><G113/><T32/><D118/><U71/><E111/><V109/><F112/><W96/><G110/><T36/><D131/><U85/><E115/><V101/><F109/><W83/><G126/><T21/><D32/><U91/><E55/><V22/><F127/><W66/><G31/><T117/><D117/><U35/><E15/><V70/><F70/><W52/><G37/><T124/><D124/><U74/><E91/><V108/><F123/><W119/><G119/><T20/><D36/><U42/><E74/><V103/><F40/><W59/><G14/><T6/><D39/><U87/><E87/><V121/><F121/><W24/><G24/><T95/><D6/><U125/><E125/><V2/><F2/><W102/><REACH who="3" step="1"/><G96/><REACH who="3" ten="275,43,565,107" step="2"/><N who="0" m="57399" /><D29/><U72/><E35/><V105/><F108/><W106/><G106/><T135/><D26/><U30/><E30/><V116/><F116/><W5/><G5/><T56/><D120/><U9/><E72/><AGARI ba="0,1" hai="44,50,52,53,54,59,63,66,72,77,83,94,99,102" machi="72" ten="30,5800,0" yaku="1,1,7,1,54,1,53,0" doraHai="128" doraHaiUra="133" who="3" fromWho="1" sc="275,0,43,-58,565,0,107,68" owari="275,7.5,-15,-51.5,565,66.5,175,-22.5" /></mjloggm>