<mjloggm ver="2.3"><GO type="225" lobby="0"/><UN n0="%E9%B3%B3%E6%9D%B1%E3%81%AE%E3%81%86%E3%81%95%E3%81%8E%E3%81%95%E3%82%93" n1="%E3%81%95%E3%81%8D%E3%81%9F%E3%81%BE%E6%9E%97%E6%AA%8E" n2="%E8%A8%88%E7%AE%97%E6%A9%9F%E8%87%AA%E7%84%B6" n3="%E5%B8%86%E7%AB%8B%E5%A4%8F%E8%A1%A3" dan="17,16,17,17" rate="2143.53,2132.26,2130.70,2258.78" sx="M,M,M,M"/><TAIKYOKU oya="0"/><INIT seed="0,0,0,1,5,49" ten="250,250,250,250" oya="0" hai0="46,29,39,13,45,116,19,33,97,52,55,100,135" hai1="50,64,21,56,11,133,75,102,60,101,54,113,85" hai2="80,104,66,130,53,87,127,6,107,124,36,81,77" hai3="125,126,109,78,25,17,1,63,15,51,106,123,128"/><T35/><D116/><U58/><E133/><V32/><F32/><W28/><G1/><T14/><D135/><U103/><E75/><N who="2" m="43071" /><F36/><W59/><G109/><T95/><D13/><U41/><E113/><V122/><F66/><W72/><G128/><T68/><D68/><U91/><E41/><V3/><F53/><W20/><G106/><N who="2" m="40489" /><F6/><W132/><G123/><T47/><D39/><U70/><E21/><V83/><F3/><W62/><G132/><T99/><D99/><U94/><REACH who="1" step="1"/><E11/><REACH who="1" ten="250,240,250,250" step="2"/><V110/><F130/><W89/><G72/><T38/><D38/><U37/><E37/><V84/><F122/><W27/><G20/><T120/><D120/><U42/><E42/><V31/><F31/><W112/><G28/><T92/><D33/><U121/><E121/><V26/><F110/><W117/><G112/><T2/><D35/><U114/><E114/><V10/><F10/><W118/><G118/><T12/><D29/><U8/><E8/><V69/><F26/><W111/><G117/><T23/><D2/><U88/><E88/><N who="2" m="51215" /><F69/><AGARI ba="0,1" hai="50,54,56,58,60,64,69,70,85,91,94,101,102,103" machi="69" ten="40,2600,0" yaku="1,1,52,1,53,0" doraHai="49" doraHaiUra="129" who="1" fromWho="2" sc="250,0,240,36,250,-26,250,0" /><INIT seed="1,0,0,4,3,52" ten="250,276,224,250" oya="1" hai0="93,65,135,97,102,68,106,30,86,116,111,53,56" hai1="80,75,61,26,76,50,11,71,5,101,8,2,35" hai2="31,48,69,22,43,119,123,96,67,91,60,74,51" hai3="114,98,118,18,124,130,6,17,113,55,29,73,120"/><U103/><E50/><V63/><F119/><W42/><G120/><T49/><D116/><U104/><E101/><V62/><F74/><W64/><G118/><T131/><D111/><U127/><E11/><V126/><F123/><W109/><G73/><T78/><D131/><U128/><E128/><V85/><F126/><W90/><G124/><T133/><D30/><U129/><E129/><V125/><F125/><W84/><G130/><T32/><D32/><U13/><E13/><V72/><F72/><W34/><G64/><T23/><D23/><U16/><E127/><V81/><F69/><W12/><G42/><T54/><D68/><U66/><E16/><V89/><F67/><W4/><G98/><T92/><D65/><U7/><E7/><V77/><F96/><W10/><G109/><T122/><D122/><U105/><REACH who="1" step="1"/><E103/><REACH who="1" ten="250,266,224,250" step="2"/><V38/><F48/><W110/><G18/><T46/><D102/><U28/><AGARI ba="0,1" hai="2,5,8,26,28,35,61,66,71,75,76,80,104,105" machi="28" ten="30,18000,2" yaku="1,1,2,1,0,1,33,3,53,1" doraHai="52" doraHaiUra="1" who="1" fromWho="1" sc="250,-60,266,190,224,-60,250,-60" /><INIT seed="1,1,0,1,4,112" ten="190,456,164,190" oya="1" hai0="80,95,98,27,106,87,125,78,74,36,32,28,49" hai1="116,117,1,101,97,60,92,55,90,71,73,72,51" hai2="105,52,63,96,68,99,9,93,53,134,61,75,37" hai3="76,133,108,69,17,120,131,7,111,59,18,5,94"/><U47/><E1/><V2/><F75/><W30/><G69/><T41/><D125/><U79/><E101/><V3/><F37/><W102/><G76/><T40/><D36/><U83/><REACH who="1" step="1"/><E73/><REACH who="1" ten="190,446,164,190" step="2"/><V104/><F2/><W89/><G102/><T33/><D74/><U77/><E77/><V24/><F3/><W107/><G89/><T84/><D78/><U56/><E56/><V62/><F68/><W127/><G59/><T22/><D106/><U42/><E42/><V44/><F105/><W126/><G107/><T103/><D41/><U14/><E14/><V8/><F104/><W16/><G127/><T12/><D12/><U115/><E115/><V48/><F134/><W114/><G126/><T34/><D40/><U0/><E0/><V54/><F24/><W109/><G133/><T25/><D25/><U65/><AGARI ba="1,1" hai="47,51,55,60,65,71,72,79,83,90,92,97,116,117" machi="65" ten="30,11700,0" yaku="1,1,0,1,52,2,53,0" doraHai="112" doraHaiUra="6" who="1" fromWho="1" sc="190,-40,446,130,164,-40,190,-40" /><INIT seed="1,2,0,1,4,127" ten="150,576,124,150" oya="1" hai0="43,37,112,31,21,96,39,20,11,83,97,44,61" hai1="45,128,57,104,6,52,59,93,42,73,116,126,133" hai2="84,40,53,89,16,76,67,35,132,50,110,102,92" hai3="46,114,62,81,80,47,113,29,0,130,14,123,100"/><U111/><E116/><V7/><F35/><W8/><G130/><T34/><D112/><U109/><E104/><V131/><F110/><N who="1" m="41993" /><E73/><V32/><F32/><W33/><G0/><T56/><D11/><U19/><E126/><V88/><F132/><W28/><G123/><T49/><D83/><N who="3" m="31817" /><G33/><T38/><D34/><U30/><E128/><V71/><F131/><W2/><G2/><T134/><D134/><U87/><E133/><V82/><F7/><N who="3" m="3359" /><G114/><T118/><D118/><U135/><E135/><V65/><F65/><W10/><BYE who="2" /><G10/><T26/><REACH who="0" step="1"/><D21/><REACH who="0" ten="140,576,124,150" step="2"/><U117/><E117/><V63/><F63/><W75/><G113/><UN n2="%E8%A8%88%E7%AE%97%E6%A9%9F%E8%87%AA%E7%84%B6" /><T51/><D51/><U108/><E108/><V105/><F50/><W60/><G60/><T24/><D24/><U90/><E30/><V124/><F124/><W13/><G62/><T98/><D98/><U125/><E125/><V115/><F115/><W69/><G28/><T1/><D1/><U4/><E19/><V101/><F16/><W74/><G29/><T66/><AGARI ba="2,1" hai="20,26,31,37,38,39,43,44,49,56,61,66,96,97" machi="66" ten="30,2000,0" yaku="1,1,0,1,53,0" doraHai="127" doraHaiUra="64" who="0" fromWho="0" sc="140,36,576,-12,124,-7,150,-7" /><INIT seed="2,0,0,5,5,15" ten="176,564,117,143" oya="2" hai0="38,45,1,36,97,134,121,85,118,27,13,125,50" hai1="102,131,86,14,49,19,42,24,52,57,32,55,63" hai2="107,4,100,79,70,3,99,34,123,22,87,71,84" hai3="111,106,129,113,21,12,114,95,5,112,122,58,26"/><V93/><F34/><W103/><G111/><T78/><D1/><U31/><E102/><V11/><F123/><W105/><G122/><T54/><D121/><U47/><E131/><V92/><F79/><W65/><G129/><T46/><D118/><U73/><E73/><V37/><F37/><W77/><G77/><T91/><D78/><U80/><E80/><V115/><F115/><W109/><G109/><T25/><D97/><U76/><E76/><V8/><F8/><N who="3" m="4111" /><G95/><T29/><D134/><U28/><E28/><V98/><F107/><W117/><G103/><T104/><D125/><U64/><E86/><V130/><F130/><W60/><G117/><T30/><D13/><U82/><E82/><V59/><F22/><AGARI ba="0,0" hai="14,19,22,24,31,32,42,47,49,52,55,57,63,64" machi="22" ten="30,3900,0" yaku="7,1,52,1,54,1" doraHai="15" who="1" fromWho="2" sc="176,0,564,39,117,-39,143,0" /><INIT seed="3,0,0,2,5,56" ten="176,603,78,143" oya="3" hai0="19,0,31,95,45,88,134,96,43,99,39,40,83" hai1="71,66,128,57,78,101,93,9,8,108,74,58,97" hai2="129,130,20,54,60,85,116,122,135,14,36,42,119" hai3="1,104,18,47,127,115,63,75,41,6,98,132,4"/><W7/><G115/><T86/><D0/><U24/><E108/><V91/><F20/><W25/><G75/><T17/><D134/><U106/><E128/><N who="2" m="49259" /><F14/><W84/><G127/><T37/><D31/><U133/><E24/><V92/><F92/><W48/><G132/><T65/><D65/><U114/><E66/><V107/><F91/><W12/><G1/><T64/><D64/><U49/><E58/><N who="2" m="34903" /><F85/><W111/><G84/><T35/><D35/><U73/><E57/><V32/><F107/><W77/><G77/><T113/><D113/><U16/><E49/><V103/><F103/><W46/><G25/><T100/><D96/><U121/><E71/><V69/><F32/><W50/><G111/><T23/><D23/><U38/><E121/><V102/><F102/><W126/><G98/><T89/><D89/><U131/><E38/><V53/><F135/><W112/><G104/><T81/><D81/><U27/><E106/><V15/><F15/><W80/><G80/><T110/><D110/><U61/><E97/><V87/><F87/><W10/><G112/><T124/><D83/><U72/><E27/><V68/><F53/><W90/><G90/><T118/><D88/><U82/><E131/><V117/><F122/><W59/><G6/><T33/><D86/><U51/><E82/><V70/><F117/><W123/><G123/><T30/><D118/><U67/><E133/><V120/><F120/><W44/><G7/><T76/><D99/><U26/><E114/><V34/><F34/><W22/><G4/><T52/><D33/><U125/><E78/><V105/><F105/><RYUUKYOKU ba="0,0" sc="176,-10,603,-10,78,30,143,-10" hai2="36,42,68,69,70,116,119" owari="166,-3.4,593,69.3,108,-39.2,133,-26.7" /></mjloggm>