<mjloggm ver="2.3"><GO type="225" lobby="0"/><UN n0="%65%76%69%61%6E%36%31%39" n1="%E5%8D%A0%E3%81%84%E5%B8%AB%E8%A3%8F%E3%81%AA%E3%81%84%E3%81%97" n2="%E6%A1%9C%E8%8A%B1%E9%96%83%E3%80%85" n3="%E5%8F%AF%E5%85%90%E9%82%A3%E7%94%B1%E5%A4%9A" dan="16,17,16,16" rate="2088.67,2203.64,2133.69,2106.88" sx="M,M,M,F"/><TAIKYOKU oya="0"/><INIT seed="0,0,0,4,2,134" ten="250,250,250,250" oya="0" hai0="92,64,40,118,114,117,58,4,32,112,77,100,24" hai1="127,125,94,59,98,12,19,73,135,105,50,10,72" hai2="87,35,69,99,88,41,126,16,3,121,128,55,18" hai3="78,93,68,5,21,107,106,46,97,37,28,101,104"/><T131/><D4/><U54/><E105/><V113/><F121/><W132/><G68/><T57/><D40/><U76/><E135/><V44/><F113/><W61/><G132/><T109/><D77/><U17/><E17/><V15/><F3/><W2/><G61/><T130/><D92/><U67/><E67/><V20/><F128/><N who="0" m="49194" /><D100/><U29/><E29/><V33/><F69/><W7/><G78/><T62/><D58/><U66/><E66/><V14/><F99/><W86/><G86/><T82/><D82/><U103/><REACH who="1" step="1"/><E76/><REACH who="1" ten="250,240,250,250" step="2"/><V27/><F18/><W42/><G28/><N who="0" m="19463" /><D109/><U108/><E108/><V45/><F33/><W95/><G107/><T85/><D85/><U25/><E25/><V70/><F35/><W120/><G106/><T123/><D123/><U74/><AGARI ba="0,1" hai="10,12,19,50,54,59,72,73,74,94,98,103,125,127" machi="74" ten="40,8000,1" yaku="1,1,0,1,52,2,53,0" doraHai="134" doraHaiUra="43" who="1" fromWho="1" sc="250,-40,240,90,250,-20,250,-20" /><INIT seed="1,0,0,5,5,88" ten="210,330,230,230" oya="1" hai0="123,50,28,65,10,92,117,72,116,11,91,2,103" hai1="33,73,112,29,27,86,118,133,36,30,127,82,97" hai2="14,51,55,113,40,31,99,37,44,19,129,66,61" hai3="132,125,21,3,71,1,105,81,100,85,69,24,135"/><U46/><E112/><V6/><F113/><W89/><G125/><T98/><D72/><U76/><E118/><V120/><F120/><W115/><G115/><T20/><D123/><U79/><E127/><V22/><F129/><W119/><G119/><T26/><D117/><U111/><E133/><N who="3" m="51274" /><G100/><T70/><D116/><U101/><E111/><V56/><F6/><W53/><G53/><T126/><D126/><U13/><E29/><V54/><F31/><N who="3" m="17807" /><G105/><T8/><D50/><U109/><E109/><V49/><F37/><W131/><G131/><T15/><D2/><AGARI ba="0,0" hai="1,2,3,69,71,81,85,89" m="17807,51274" machi="2" ten="30,1000,0" yaku="20,1" doraHai="88" who="3" fromWho="0" sc="210,-10,330,0,230,0,230,10" /><INIT seed="2,0,0,5,2,81" ten="200,330,230,240" oya="2" hai0="124,3,55,19,127,31,102,99,73,44,70,24,116" hai1="27,32,100,53,78,75,95,18,29,46,107,5,2" hai2="13,121,112,130,93,36,80,39,63,45,47,74,28" hai3="106,135,98,85,56,58,87,113,104,133,60,79,40"/><V30/><F112/><W51/><G113/><T64/><D3/><U114/><E114/><V90/><F121/><W48/><G79/><T120/><D120/><U77/><E107/><V0/><F0/><W49/><G40/><T10/><D73/><U82/><E77/><V1/><F1/><W62/><G48/><T109/><D109/><U110/><E110/><V14/><F130/><W103/><G98/><T4/><D19/><U33/><E18/><V11/><F80/><W38/><REACH who="3" step="1"/><G103/><REACH who="3" ten="200,330,230,230" step="2"/><T21/><D116/><U131/><E100/><V126/><F36/><AGARI ba="0,1" hai="36,38,49,51,56,58,60,62,85,87,104,106,133,135" machi="36" ten="25,16000,3" yaku="1,1,2,1,22,2,52,2,53,2" doraHai="81" doraHaiUra="52" who="3" fromWho="2" sc="200,0,330,0,230,-160,230,170" /><INIT seed="3,0,0,2,0,39" ten="200,330,70,400" oya="3" hai0="41,80,118,48,62,44,3,43,114,56,116,135,25" hai1="132,77,45,0,82,50,107,125,91,4,13,53,109" hai2="112,2,100,130,93,54,27,24,72,76,59,133,89" hai3="36,134,5,6,8,73,21,129,35,63,124,74,67"/><W7/><G36/><T102/><D3/><U86/><E109/><V47/><F112/><W29/><G35/><T88/><D102/><U128/><E107/><V38/><F133/><W11/><G134/><T113/><D135/><U1/><E132/><V28/><F130/><W55/><G129/><T31/><D88/><U46/><E125/><V71/><F71/><W57/><G124/><T23/><D80/><U68/><E68/><V95/><F2/><W30/><G74/><T33/><D23/><U15/><E128/><V105/><F93/><W84/><G73/><T20/><D20/><U52/><E4/><V9/><F9/><N who="3" m="3659" /><G21/><T17/><D17/><U70/><E70/><V121/><F121/><W34/><G34/><T37/><D37/><U58/><E0/><V110/><F110/><W81/><G67/><T96/><D96/><U117/><E117/><V22/><F27/><W120/><G120/><T12/><D12/><U85/><E1/><V61/><F105/><W92/><G92/><T103/><D103/><U87/><E45/><V32/><F100/><W75/><G75/><T94/><D94/><U99/><E99/><V104/><F104/><W26/><G26/><T69/><D69/><U14/><REACH who="1" step="1"/><E91/><AGARI ba="0,0" hai="5,6,7,29,30,55,57,63,81,84,91" m="3659" machi="91" ten="30,1500,0" yaku="8,1" doraHai="39" who="3" fromWho="1" sc="200,0,330,-15,70,0,400,15" owari="200,-20.0,315,11.5,70,-43.0,415,51.5" /></mjloggm>