<mjloggm ver="2.3"><GO type="225" lobby="0"/><UN n0="%E3%81%90%E3%81%A1%E3%82%84%E3%81%BE" n1="%EF%BC%AE%EF%BC%A1%EF%BC%AF%33%33%39" n2="%E7%99%BD%E5%80%89%E5%AF%9B%E4%B9%8B" n3="%E3%81%8B%E3%82%8F%E3%81%A1%E3%82%83%E3%82%93%35%38" dan="16,16,16,16" rate="2122.93,2107.41,2154.68,2151.57" sx="M,M,M,M"/><TAIKYOKU oya="0"/><INIT seed="0,0,0,3,1,66" ten="250,250,250,250" oya="0" hai0="28,7,82,79,87,85,55,75,31,120,42,16,52" hai1="35,74,100,1,58,14,34,101,106,124,53,45,63" hai2="10,51,102,17,117,44,128,129,21,93,13,2,89" hai3="80,8,65,98,48,130,90,19,83,69,9,72,30"/><T92/><D120/><U134/><E1/><V127/><F127/><W77/><G130/><T118/><D118/><U70/><E74/><V94/><F117/><W135/><G135/><T4/><D42/><U122/><E122/><V116/><F116/><W103/><G30/><N who="0" m="11307" /><D75/><U95/><E106/><V5/><F102/><W132/><G132/><T105/><D105/><U133/><E124/><V26/><F2/><W50/><G65/><T33/><D33/><U125/><E125/><V29/><F5/><N who="0" m="2122" /><D16/><U57/><E34/><V86/><REACH who="2" step="1"/><F94/><REACH who="2" ten="250,250,240,250" step="2"/><W96/><G103/><T73/><D73/><U76/><E95/><V107/><F107/><W54/><G72/><T121/><D121/><U78/><E101/><V49/><F49/><W47/><G50/><T32/><D32/><U61/><E100/><V114/><F114/><W46/><G48/><T91/><AGARI ba="0,1" hai="52,55,79,82,85,87,91,92" m="2122,11307" machi="91" ten="30,3000,0" yaku="8,1,54,1" doraHai="66" who="0" fromWho="0" sc="250,40,250,-10,240,-10,250,-10" /><INIT seed="0,1,0,3,0,1" ten="290,240,230,240" oya="0" hai0="88,42,104,120,61,57,112,44,121,108,107,20,119" hai1="16,84,63,58,43,86,19,71,85,132,51,102,7" hai2="79,97,49,130,82,103,123,12,127,17,90,126,2" hai3="36,95,72,6,3,39,92,69,11,118,65,53,14"/><T10/><D112/><U5/><E71/><V25/><F2/><W55/><G118/><T22/><D119/><U4/><E102/><V54/><F25/><W28/><G72/><T89/><D108/><U96/><E96/><V64/><F64/><W122/><G122/><T75/><D75/><U56/><E132/><V23/><F123/><W68/><G28/><T45/><D10/><U33/><E33/><V134/><F130/><W114/><G114/><T48/><D48/><U8/><E8/><V21/><F21/><W60/><G68/><T15/><D15/><U31/><E31/><V128/><F128/><W74/><G74/><T105/><D105/><U40/><E58/><V116/><F116/><W37/><REACH who="3" step="1"/><G3/><REACH who="3" ten="290,240,230,230" step="2"/><T9/><D120/><U101/><E101/><V27/><F134/><W129/><G129/><T109/><D121/><U115/><E115/><V24/><F127/><W67/><G67/><T0/><D0/><U113/><E113/><V99/><F126/><W47/><G47/><T52/><D45/><N who="1" m="26023" /><E43/><V87/><F103/><W46/><G46/><T98/><D44/><U125/><E125/><V117/><F117/><W13/><G13/><T38/><D42/><U30/><E30/><V110/><F110/><W70/><G70/><T78/><D57/><U131/><E131/><V41/><F41/><W124/><G124/><T76/><D52/><AGARI ba="1,1" hai="4,5,7,16,19,52,56,63,84,85,86" m="26023" machi="52" ten="30,12000,2" yaku="8,1,52,3,54,2" doraHai="1" who="1" fromWho="0" sc="290,-123,240,133,230,0,230,0" /><AGARI ba="1,0" hai="6,11,14,36,37,39,52,53,55,60,65,69,92,95" machi="52" ten="40,5200,0" yaku="1,1,52,1,54,1,53,0" doraHai="1" doraHaiUra="133" who="3" fromWho="0" sc="167,-52,373,0,230,0,230,52" /><INIT seed="1,0,0,4,0,47" ten="115,373,230,282" oya="1" hai0="106,72,24,66,128,92,48,70,23,2,90,9,103" hai1="61,45,97,73,135,94,34,1,89,42,105,8,74" hai2="46,115,62,56,85,127,14,37,27,53,22,38,0" hai3="19,98,7,132,82,39,120,21,31,67,25,134,40"/><U84/><E34/><V121/><F0/><W28/><G120/><T11/><D72/><U87/><E135/><N who="3" m="51754" /><G67/><T123/><D123/><U51/><E61/><V55/><F121/><W52/><G40/><T35/><D35/><U44/><E1/><V5/><F127/><W133/><G39/><T86/><D128/><U15/><E45/><V76/><F115/><W13/><G133/><T58/><D70/><U49/><E49/><N who="2" m="28855" /><F38/><W125/><G125/><T122/><D122/><U71/><E71/><V63/><F37/><W10/><G98/><T79/><D79/><U117/><E117/><V110/><F110/><W112/><G82/><T93/><D2/><U119/><E119/><V12/><F5/><W114/><G52/><N who="0" m="32007" /><D66/><U43/><E43/><V50/><F63/><W91/><G91/><T109/><D106/><U78/><E84/><V4/><F4/><W65/><G65/><T99/><D109/><U95/><E105/><V130/><F62/><W60/><G60/><T6/><D6/><U33/><E33/><V26/><F130/><W102/><G102/><T69/><D69/><U124/><E124/><V113/><F113/><AGARI ba="0,0" hai="7,10,13,19,21,25,28,31,112,113,114" m="51754" machi="113" ten="30,3900,0" yaku="20,1,34,2" doraHai="47" who="3" fromWho="2" sc="115,0,373,0,230,-39,282,39" /><INIT seed="2,0,0,0,0,27" ten="115,373,191,321" oya="2" hai0="38,26,55,52,79,127,118,16,76,11,10,29,63" hai1="71,105,77,66,92,120,101,4,134,106,72,108,89" hai2="57,95,109,126,56,94,107,30,2,122,88,67,97" hai3="43,5,49,125,20,34,93,35,37,14,1,130,42"/><V78/><F2/><W7/><G37/><T9/><D38/><U104/><E4/><V133/><F122/><W83/><G93/><T110/><D110/><U99/><E66/><V91/><F109/><W115/><G83/><T128/><D127/><U98/><E71/><V0/><F0/><W114/><G1/><T17/><D128/><U102/><E108/><V121/><F107/><N who="1" m="41033" /><E134/><V129/><F121/><W31/><G49/><T119/><D26/><U47/><E47/><V73/><F133/><W87/><G87/><T64/><D64/><U45/><E45/><V32/><F129/><W3/><G3/><T100/><D100/><N who="1" m="62743" /><E120/><V74/><F126/><W62/><G125/><T44/><D44/><U103/><E77/><N who="0" m="29769" /><D63/><U82/><E72/><V60/><F78/><W33/><G130/><T132/><D29/><U70/><E70/><V90/><F57/><W23/><G62/><T40/><D40/><N who="3" m="15401" /><G14/><T58/><D132/><U24/><E24/><V53/><F67/><W113/><G31/><T75/><D75/><U6/><E6/><AGARI ba="0,0" hai="5,6,7,20,23,33,34,35,113,114,115" m="15401" machi="6" ten="40,5200,0" yaku="28,2,11,1" doraHai="27" who="3" fromWho="1" sc="115,0,373,-52,191,0,321,52" /><INIT seed="3,0,0,2,3,45" ten="115,321,191,373" oya="3" hai0="111,51,16,100,5,22,103,65,63,54,25,37,17" hai1="77,83,66,119,32,19,113,46,2,92,42,55,13" hai2="116,75,101,134,38,15,57,44,53,49,82,11,74" hai3="30,29,64,107,108,115,3,12,26,89,23,47,40"/><W28/><G3/><T105/><D111/><U120/><E113/><V127/><F116/><W48/><G107/><T68/><D37/><U7/><E120/><V98/><F134/><W121/><G121/><T86/><D105/><U18/><E32/><V97/><F127/><W109/><G115/><T126/><D126/><U33/><E33/><V60/><F38/><W79/><G79/><T84/><D5/><U52/><E66/><V8/><F8/><W85/><G64/><T131/><D131/><U87/><E2/><V99/><F82/><W72/><G12/><T21/><D103/><U81/><E119/><V94/><F75/><W59/><G59/><T117/><D100/><U36/><E92/><V123/><F74/><W20/><G72/><T70/><D70/><U130/><E130/><V78/><F78/><W69/><G69/><T56/><REACH who="0" step="1"/><D117/><REACH who="0" ten="105,321,191,373" step="2"/><U125/><E125/><V122/><F123/><W128/><G128/><T6/><D6/><U73/><E7/><N who="2" m="3583" /><F122/><W10/><G109/><T4/><D4/><U14/><E14/><AGARI ba="0,1" hai="14,16,17,21,22,25,51,54,56,63,65,68,84,86" machi="14" ten="30,7700,0" yaku="1,1,7,1,52,1,54,1,53,0" doraHai="45" doraHaiUra="88" who="0" fromWho="1" sc="105,87,321,-77,191,0,373,0" owari="192,-20.8,244,4.4,191,-30.9,373,47.3" /></mjloggm>