<mjloggm ver="2.3"><GO type="225" lobby="0"/><UN n0="%E3%83%81%E3%83%AF%E3%83%AF%E9%9A%8A%E9%95%B7" n1="%E7%9C%BC%E7%A7%91%E5%8C%BB" n2="%E6%98%93%E5%88%A9%E8%96%A9%E4%BC%AF" n3="%E6%B4%BE%E9%81%A3%E3%81%AE%E3%82%B8%E3%83%A3%E3%83%83%E3%82%AF" dan="16,16,17,17" rate="2109.19,2141.26,2158.25,2195.40" sx="M,M,F,M"/><TAIKYOKU oya="0"/><INIT seed="0,0,0,3,2,36" ten="250,250,250,250" oya="0" hai0="59,27,73,103,119,26,128,80,10,116,102,53,84" hai1="40,70,83,7,75,51,89,86,79,77,55,78,123" hai2="42,41,66,13,81,38,54,125,32,95,37,105,113" hai3="12,22,3,110,11,34,130,114,44,124,21,100,115"/><T101/><D73/><U91/><E123/><V9/><F105/><W49/><G34/><T126/><D126/><U5/><E70/><V98/><F32/><W58/><G124/><T29/><D128/><U23/><E75/><V65/><F113/><W131/><G100/><T46/><D10/><U93/><E23/><N who="3" m="8714" /><G58/><T14/><D14/><U69/><E69/><V107/><F107/><W88/><G88/><T39/><D29/><U15/><E15/><V2/><F2/><W18/><G110/><T16/><D16/><U74/><E74/><V61/><F38/><W1/><G44/><T50/><D119/><U20/><E20/><V28/><F37/><W121/><G49/><T25/><D116/><U108/><E108/><V4/><F81/><W64/><G64/><N who="2" m="24681" /><F28/><W33/><G33/><T117/><D117/><U97/><REACH who="1" step="1"/><E40/><REACH who="1" ten="250,240,250,250" step="2"/><N who="2" m="15467" /><F125/><W71/><G71/><T96/><D39/><U129/><E129/><N who="3" m="49162" /><G121/><T132/><D25/><U8/><E8/><V6/><F6/><W111/><G111/><T0/><D26/><U56/><AGARI ba="0,1" hai="5,7,51,55,56,77,78,79,83,86,89,91,93,97" machi="56" ten="30,4000,0" yaku="1,1,0,1,8,1,53,0" doraHai="36" doraHaiUra="135" who="1" fromWho="1" sc="250,-20,240,50,250,-10,250,-10" /><INIT seed="1,0,0,4,0,81" ten="230,290,240,240" oya="1" hai0="37,45,63,41,114,80,105,93,98,128,99,67,112" hai1="21,94,55,79,15,38,75,40,33,89,126,102,135" hai2="78,42,92,1,11,107,73,7,46,23,72,48,10" hai3="64,130,4,118,91,124,113,104,59,74,133,101,50"/><U0/><E33/><V36/><F107/><W26/><G74/><T134/><D128/><U88/><E0/><V62/><F62/><W76/><G76/><T17/><D134/><U57/><E135/><V6/><F23/><W12/><G113/><T106/><D17/><U39/><E126/><V122/><F122/><W120/><G120/><T86/><D114/><U90/><E75/><V82/><F92/><W51/><G124/><T97/><D93/><U31/><E79/><V65/><F65/><W125/><G125/><T22/><D22/><U96/><E40/><V8/><F8/><W85/><G26/><T14/><D14/><U115/><E115/><V95/><F95/><W9/><G133/><T49/><D37/><U100/><E100/><V116/><F116/><W108/><G130/><T70/><REACH who="0" step="1"/><D112/><REACH who="0" ten="220,290,240,240" step="2"/><U127/><E127/><V18/><F18/><W47/><G118/><T110/><D110/><U2/><E2/><V69/><F69/><W61/><G108/><T60/><D60/><U3/><E3/><V28/><F28/><W87/><G104/><T35/><D35/><U71/><E71/><V117/><F117/><W53/><G50/><T68/><D68/><U77/><E39/><V16/><F16/><W43/><G101/><T44/><D44/><U19/><E38/><V27/><F36/><W109/><G109/><T34/><D34/><U13/><E31/><V111/><F111/><W30/><G30/><T52/><D52/><U83/><E13/><N who="2" m="5335" /><F27/><W32/><G32/><T84/><D84/><AGARI ba="0,1" hai="1,7,11,42,46,48,72,73,78,82,84" m="5335" machi="84" ten="30,2000,0" yaku="25,1,52,1" doraHai="81" who="2" fromWho="0" sc="220,-20,290,0,240,30,240,0" /><INIT seed="2,0,0,4,4,67" ten="200,290,270,240" oya="2" hai0="16,74,81,33,123,64,59,83,0,110,56,107,37" hai1="6,125,66,5,13,54,42,1,105,22,41,112,58" hai2="93,86,120,12,62,60,39,15,50,51,63,102,30" hai3="126,76,130,34,97,26,77,11,55,87,116,44,129"/><V21/><F120/><W131/><G116/><T57/><D123/><U14/><E112/><V61/><F39/><W101/><G126/><T10/><D37/><U92/><E105/><V135/><F135/><W99/><G11/><T121/><D121/><U45/><E1/><V48/><N who="2" m="15360" /><DORA hai="65" /><V35/><F35/><W78/><G87/><T119/><D33/><U88/><E66/><V79/><F102/><W118/><G118/><T96/><D64/><U71/><E71/><V38/><F38/><W7/><G7/><N who="1" m="2570" /><E125/><V108/><F108/><W18/><G101/><T111/><D119/><U19/><E58/><V69/><F69/><W70/><G70/><T80/><D74/><U53/><E13/><V75/><F75/><W94/><G94/><T104/><D0/><U124/><E124/><V133/><F133/><W47/><G18/><T95/><D111/><U20/><E20/><V4/><F4/><W90/><G90/><T32/><D110/><U117/><E117/><V3/><F3/><W29/><G47/><T25/><D32/><U9/><E22/><V91/><REACH who="2" step="1"/><F79/><REACH who="2" ten="200,290,260,240" step="2"/><W24/><G76/><T2/><D2/><U27/><E27/><AGARI ba="0,1" hai="12,15,21,27,30,48,50,51,86,91,93" m="15360" machi="27" ten="60,12000,1" yaku="1,1,2,1,8,1,53,2" doraHai="67,65" doraHaiUra="17,89" who="2" fromWho="1" sc="200,0,290,-120,260,130,240,0" /><INIT seed="2,1,0,4,5,108" ten="200,170,390,240" oya="2" hai0="135,118,4,130,111,22,7,63,21,0,15,54,57" hai1="51,39,74,123,101,50,98,80,79,38,44,69,134" hai2="13,43,2,16,37,117,9,29,86,90,128,103,18" hai3="76,85,20,132,72,42,61,91,126,81,105,66,65"/><V106/><F117/><W133/><G105/><T55/><D0/><U26/><E69/><V94/><F128/><W88/><G126/><T64/><D111/><U127/><E127/><V113/><F113/><W45/><G20/><T47/><D130/><U33/><E134/><N who="3" m="51818" /><G85/><T8/><D135/><U40/><E123/><V11/><F29/><W70/><G65/><T27/><D118/><U35/><E51/><AGARI ba="1,0" hai="42,45,51,61,66,70,72,76,81,88,91" m="51818" machi="51" ten="30,2000,0" yaku="20,1,54,1" doraHai="108" who="3" fromWho="1" sc="200,0,170,-23,390,0,240,23" /><INIT seed="3,0,0,3,5,56" ten="200,147,390,263" oya="3" hai0="94,95,79,81,54,130,53,114,109,102,50,108,34" hai1="126,116,62,88,118,112,17,26,133,89,13,23,80" hai2="96,123,45,82,41,3,71,40,110,86,90,32,31" hai3="18,69,113,122,127,58,107,124,135,93,92,25,37"/><W19/><G122/><T131/><D34/><U129/><E112/><V6/><F71/><W15/><G113/><T8/><D114/><U76/><E129/><N who="0" m="49161" /><D8/><U99/><E126/><V98/><F3/><W134/><G107/><T49/><D49/><U0/><E0/><V59/><F6/><W64/><G37/><T65/><D65/><U87/><E133/><N who="3" m="50698" /><G25/><T9/><D9/><U46/><E46/><V91/><F31/><W117/><G117/><T100/><D54/><U66/><E26/><V73/><F32/><W5/><G5/><T11/><D11/><U57/><REACH who="1" step="1"/><E99/><REACH who="1" ten="200,137,390,263" step="2"/><V70/><F123/><W28/><G124/><T24/><D24/><U72/><E72/><V83/><F73/><W85/><G127/><T38/><D108/><U101/><E101/><V12/><F110/><W106/><G15/><T115/><D109/><U39/><E39/><V20/><F12/><W16/><G28/><T74/><D38/><U61/><E61/><V78/><F45/><W22/><G85/><T36/><D36/><U128/><E128/><V21/><F86/><W77/><G77/><T43/><D115/><U119/><AGARI ba="0,1" hai="13,17,23,57,62,66,76,80,87,88,89,116,118,119" machi="119" ten="30,8000,1" yaku="1,1,0,1,12,1,52,1,54,1,53,0" doraHai="56" doraHaiUra="48" who="1" fromWho="1" sc="200,-20,137,90,390,-20,263,-40" owari="180,-32.0,227,2.7,370,47.0,223,-17.7" /></mjloggm>