<mjloggm ver="2.3"><GO type="225" lobby="0"/><UN n0="%E6%A1%9C%E8%8A%B1%E9%96%83%E3%80%85" n1="%E4%BC%8A%E9%81%94%E6%9C%B1%E9%87%8C%E7%B4%97" n2="%E4%BF%BA%E3%81%A8%E5%A6%96%E5%A4%A2" n3="%E3%83%A9%E3%83%BC%E3%83%A1%E3%83%B3%E4%BA%94%E9%83%8E" dan="16,16,16,16" rate="2110.55,2134.63,2207.24,2106.31" sx="M,F,F,M"/><TAIKYOKU oya="0"/><INIT seed="0,0,0,4,5,98" ten="250,250,250,250" oya="0" hai0="41,107,75,78,11,30,72,129,73,91,113,27,94" hai1="67,92,45,39,59,122,84,88,135,93,133,9,54" hai2="103,56,77,43,123,58,109,51,134,52,37,46,85" hai3="105,38,108,86,127,69,114,125,87,49,120,66,21"/><T65/><D113/><U63/><E122/><V48/><F123/><W81/><G114/><T17/><D107/><U121/><E121/><V83/><F109/><W117/><G38/><T23/><D129/><U89/><E9/><V71/><F71/><W3/><G120/><T130/><D130/><U26/><E26/><V99/><F134/><W112/><G3/><T111/><D65/><U31/><E31/><V7/><F7/><W19/><G105/><T102/><D41/><U115/><E115/><V14/><F14/><W55/><G117/><T5/><D111/><U33/><E33/><V80/><F80/><W70/><G112/><T28/><D78/><U4/><E4/><V119/><F119/><W61/><G70/><T118/><D102/><U126/><E126/><N who="3" m="48138" /><G81/><T82/><D82/><U101/><E101/><V97/><F103/><W8/><G8/><T62/><D62/><U20/><E20/><V10/><F10/><W24/><G108/><T128/><D128/><U132/><E39/><V2/><F2/><W35/><G35/><T32/><D32/><U79/><E79/><V53/><AGARI ba="0,0" hai="37,43,46,48,51,52,53,56,58,77,83,85,97,99" machi="53" ten="30,4000,0" yaku="0,1,9,1,54,1" doraHai="98" who="2" fromWho="2" sc="250,-20,250,-10,250,40,250,-10" /><INIT seed="1,0,0,3,5,17" ten="230,240,290,240" oya="1" hai0="114,30,29,28,116,11,111,23,102,119,55,65,37" hai1="33,132,9,112,31,57,14,59,66,47,8,44,88" hai2="5,83,96,108,91,21,118,67,126,15,76,100,124" hai3="32,20,1,98,3,56,43,135,109,101,40,46,48"/><U77/><E112/><V24/><F118/><W41/><G32/><T123/><D37/><U26/><E132/><V80/><F108/><W81/><G109/><T71/><D111/><U75/><E8/><N who="2" m="4495" /><F91/><W73/><G135/><T78/><D114/><U50/><E75/><V38/><F38/><W95/><G56/><T87/><D102/><U104/><E77/><V106/><F67/><W107/><G107/><T53/><D11/><U85/><E104/><V79/><F79/><W49/><G73/><T12/><D123/><U74/><E74/><V6/><F6/><W19/><G81/><T52/><D87/><U134/><E134/><V36/><F36/><W51/><REACH who="3" step="1"/><G46/><REACH who="3" ten="230,240,290,230" step="2"/><T69/><D69/><U121/><E44/><V64/><F83/><W35/><G35/><T90/><D78/><U7/><E121/><V130/><F80/><W113/><G113/><T70/><D70/><U117/><E117/><V58/><F76/><W127/><G127/><N who="2" m="48681" /><F130/><W63/><G63/><T84/><D71/><U92/><REACH who="1" step="1"/><E66/><REACH who="1" ten="230,230,290,230" step="2"/><V45/><F45/><W42/><N who="3" m="10240" /><DORA hai="0" /><W60/><G60/><T39/><D65/><U122/><E122/><V54/><F64/><W34/><G34/><T125/><D39/><U94/><E94/><V10/><F58/><W62/><G62/><T105/><D105/><U25/><E25/><AGARI ba="0,2" hai="1,3,19,20,25,48,49,51,95,98,101" m="10240" machi="25" ten="50,6400,0" yaku="1,1,52,1,53,1" doraHai="17,0" doraHaiUra="22,68" who="3" fromWho="1" sc="230,0,230,-64,290,0,230,84" /><INIT seed="2,0,0,0,1,12" ten="230,166,290,314" oya="2" hai0="32,51,123,44,35,109,31,39,42,10,21,79,112" hai1="62,54,45,90,97,13,7,115,133,96,48,100,23" hai2="34,114,84,122,4,72,76,41,106,60,30,134,135" hai3="63,70,129,1,93,120,105,40,56,80,26,59,49"/><V16/><F114/><W101/><G120/><T33/><D123/><U126/><E115/><V91/><F122/><W2/><G105/><T118/><D112/><U24/><E133/><N who="2" m="50699" /><F106/><W113/><G70/><T99/><D109/><U28/><E126/><V29/><F4/><W61/><G113/><T64/><D118/><U75/><E75/><V57/><F34/><W117/><G117/><T104/><D79/><U58/><E90/><V110/><F110/><W55/><G129/><T128/><D10/><U47/><E47/><V18/><F41/><W127/><G127/><T95/><D64/><U67/><E7/><V20/><F76/><W116/><G1/><T125/><D104/><U66/><E66/><N who="2" m="39183" /><F72/><W8/><G40/><T83/><D128/><U53/><E53/><V46/><F46/><W38/><G55/><T121/><D121/><U78/><E78/><V103/><F103/><W25/><G101/><T11/><D35/><U92/><E96/><V37/><F37/><W14/><G38/><T6/><D33/><U15/><AGARI ba="0,0" hai="13,15,23,24,28,45,48,54,58,62,67,92,97,100" machi="15" ten="30,7900,0" yaku="0,1,25,2,8,1" doraHai="12" who="1" fromWho="1" sc="230,-20,166,79,290,-39,314,-20" /><INIT seed="3,0,0,4,2,0" ten="210,245,251,294" oya="3" hai0="55,125,95,6,74,61,27,20,124,22,19,66,133" hai1="59,92,39,79,28,73,75,113,16,109,9,60,120" hai2="31,44,46,117,84,71,110,98,15,103,65,118,123" hai3="119,49,114,121,8,112,85,53,56,131,47,48,77"/><W108/><G119/><T36/><D74/><U94/><E120/><V24/><F123/><W72/><G121/><T105/><D105/><U102/><E39/><V17/><F110/><W88/><G108/><T52/><D36/><U93/><E109/><V129/><F129/><W33/><G33/><T23/><D133/><U90/><E113/><V127/><F127/><N who="0" m="48714" /><D95/><U70/><E70/><V43/><F84/><W11/><G131/><T40/><D40/><U30/><E90/><V41/><F65/><W122/><G122/><T37/><D37/><U32/><E102/><V14/><F71/><W135/><G135/><T45/><D45/><U54/><E32/><V91/><F91/><W104/><G104/><T89/><D89/><U67/><E67/><V106/><F44/><W83/><G114/><T69/><D6/><U87/><E87/><V99/><F99/><W5/><G5/><T126/><N who="0" m="48722" /><T3/><DORA hai="10" /><D3/><U134/><E134/><V132/><F17/><W86/><G72/><T35/><D19/><U76/><E73/><V68/><F68/><W12/><G112/><T42/><D42/><U58/><E58/><V4/><F4/><N who="3" m="3079" /><G88/><T38/><D38/><U107/><E107/><V2/><F2/><W29/><G29/><AGARI ba="0,0" hai="20,22,23,27,29,35,52,55,61,66,69" m="48722" machi="29" ten="50,3200,0" yaku="18,1,54,1" doraHai="0,10" who="0" fromWho="3" sc="210,32,245,0,251,0,294,-32" /><INIT seed="4,0,0,2,4,7" ten="242,245,251,262" oya="0" hai0="3,114,66,14,34,130,44,96,75,65,101,42,131" hai1="103,5,110,118,16,24,48,123,72,32,78,98,13" hai2="60,35,10,76,39,127,84,128,132,109,49,121,55" hai3="11,135,82,134,57,69,115,1,27,99,28,22,18"/><T86/><D3/><U43/><E110/><V56/><F109/><W52/><G69/><T54/><D75/><U25/><E118/><V31/><F121/><W124/><G115/><T67/><D114/><U81/><E123/><V94/><F39/><W104/><G124/><T102/><D34/><U23/><E32/><V74/><F127/><W8/><G82/><T15/><D54/><U111/><E111/><V47/><F128/><N who="0" m="49194" /><D86/><U79/><E79/><V83/><F132/><N who="3" m="50731" /><G1/><T17/><D17/><U97/><E5/><V122/><F122/><W91/><G18/><T133/><D133/><U85/><E72/><V112/><F112/><W0/><G0/><T59/><D59/><U33/><E33/><V58/><F31/><W41/><G41/><T46/><D46/><N who="1" m="25695" /><E103/><N who="0" m="39433" /><D96/><AGARI ba="0,0" hai="13,16,23,24,25,78,81,85,96,97,98" m="25695" machi="96" ten="30,2000,0" yaku="8,1,54,1" doraHai="7" who="1" fromWho="0" sc="242,-20,245,20,251,0,262,0" /><INIT seed="5,0,0,1,2,66" ten="222,265,251,262" oya="1" hai0="36,84,69,38,40,104,121,92,13,114,118,41,125" hai1="10,1,133,129,109,108,76,47,19,28,123,34,25" hai2="98,127,32,119,99,80,77,134,85,3,101,68,94" hai3="29,132,52,26,8,11,78,95,82,93,64,126,48"/><U33/><E123/><V50/><F3/><W39/><G39/><N who="0" m="14891" /><D104/><U42/><E76/><V62/><F32/><N who="1" m="12393" /><E47/><V124/><F119/><W53/><G126/><N who="2" m="48169" /><F50/><W131/><G131/><T81/><D92/><U17/><E42/><V4/><F4/><W54/><G132/><T90/><D125/><U74/><E74/><V122/><F122/><W45/><G64/><T120/><D90/><U6/><E133/><V58/><F134/><W72/><G95/><T86/><D81/><U30/><E129/><V100/><F58/><W21/><REACH who="3" step="1"/><G93/><REACH who="3" ten="222,265,251,252" step="2"/><T0/><D120/><U20/><E109/><V5/><F94/><W83/><G83/><T105/><D121/><U88/><E108/><V65/><F99/><W103/><G103/><T22/><D118/><U73/><E73/><V128/><F128/><W61/><G61/><T27/><D105/><U116/><E116/><V89/><F98/><W18/><G18/><N who="1" m="6666" /><E88/><V57/><F89/><W2/><G2/><T14/><D0/><U67/><E67/><V113/><F101/><W44/><G44/><T46/><D46/><U60/><E60/><N who="2" m="39975" /><F100/><W7/><G7/><T16/><D86/><U111/><E111/><V24/><F5/><W110/><G110/><T107/><D84/><U97/><E97/><V9/><F62/><W23/><G23/><T102/><D22/><U91/><E91/><V49/><F85/><W37/><G37/><T12/><D102/><U43/><E30/><V15/><F80/><W56/><G56/><T96/><D96/><U87/><E87/><V135/><F135/><W79/><G79/><T117/><D107/><RYUUKYOKU ba="0,1" sc="222,-15,265,15,251,-15,252,15" hai1="1,6,10,20,25,28,43" hai3="8,11,21,26,29,45,48,52,53,54,72,78,82" /><INIT seed="5,1,1,3,2,80" ten="207,280,236,267" oya="1" hai0="7,59,100,58,73,17,66,110,111,119,40,107,76" hai1="55,129,69,38,28,81,105,11,92,35,84,97,74" hai2="101,88,130,57,16,1,32,39,116,64,65,49,122" hai3="44,24,63,106,125,99,117,94,6,25,78,45,21"/><U54/><E38/><V27/><F122/><W102/><G125/><T4/><D119/><U75/><E69/><V0/><F116/><W50/><G117/><T46/><D73/><U86/><E129/><V12/><F39/><W91/><G6/><T41/><D76/><U22/><E35/><V114/><F130/><W43/><G78/><T56/><D66/><U14/><E105/><V53/><F101/><W2/><G2/><T113/><D17/><N who="1" m="8415" /><E74/><V67/><F114/><W34/><G34/><T134/><D113/><U70/><E70/><V52/><F53/><N who="1" m="19977" /><E81/><V72/><F72/><W26/><G44/><T23/><D23/><U118/><E118/><V20/><REACH who="2" step="1"/><F88/><REACH who="2" ten="207,280,226,267" step="2"/><W127/><G127/><T79/><D79/><U71/><E75/><V8/><F8/><W29/><G63/><T123/><D123/><U109/><E109/><V10/><F10/><W85/><AGARI ba="1,2" hai="21,24,25,26,29,43,45,50,85,91,94,99,102,106" machi="85" ten="20,2700,0" yaku="0,1,7,1,52,1" doraHai="80" who="3" fromWho="3" sc="207,-8,280,-14,226,-8,267,50" owari="199,-30.1,266,6.6,218,-18.2,317,41.7" /></mjloggm>