<mjloggm ver="2.3"><GO type="225" lobby="0"/><UN n0="%72%65%6E%6B%75%6E" n1="%E7%99%BD%E5%80%89%E5%AF%9B%E4%B9%8B" n2="%E7%9A%AE%E3%80%85" n3="%E3%83%A9%E3%82%B9%E7%8E%87%EF%BC%93%E5%89%B2" dan="17,16,16,17" rate="2179.71,2123.03,2150.66,2200.17" sx="M,M,F,F"/><TAIKYOKU oya="0"/><INIT seed="0,0,0,1,2,48" ten="250,250,250,250" oya="0" hai0="103,44,122,66,107,115,86,1,31,121,84,17,51" hai1="71,46,37,91,56,32,11,101,77,116,108,92,111" hai2="118,2,100,23,25,133,99,90,41,81,105,30,82" hai3="33,128,6,50,74,9,5,130,87,85,68,38,112"/><T61/><D1/><U21/><E71/><V27/><F2/><W64/><G38/><T28/><D115/><U10/><E32/><V95/><F133/><W40/><G74/><T36/><D36/><U134/><E116/><V79/><F118/><W39/><G39/><T104/><D17/><U96/><E134/><V16/><F41/><W54/><G40/><T72/><D72/><U131/><E131/><N who="3" m="50218" /><G33/><T113/><D113/><U93/><E77/><V29/><F79/><W75/><G75/><T106/><D103/><U125/><E125/><V65/><F65/><W120/><G120/><T49/><D61/><U53/><E21/><V117/><F117/><W73/><G73/><T60/><D60/><N who="1" m="35855" /><E46/><V129/><F129/><W127/><G127/><T126/><D126/><U13/><E13/><V42/><F42/><W34/><G34/><T35/><D35/><U110/><E37/><V14/><F27/><W109/><G6/><T70/><D106/><U80/><E80/><V63/><F63/><N who="3" m="39967" /><G109/><N who="1" m="27906" /><U102/><DORA hai="89" /><E102/><V97/><F29/><W15/><G112/><T7/><D70/><U0/><E0/><V67/><F67/><W26/><G26/><T24/><D66/><U12/><E12/><V47/><F47/><AGARI ba="0,0" hai="5,9,15,47,50,54,85,87" m="39967,50218" machi="47" ten="30,2000,0" yaku="19,1,52,1" doraHai="48,89" who="3" fromWho="2" sc="250,0,250,0,250,-20,250,20" /><INIT seed="1,0,0,0,3,83" ten="250,250,230,270" oya="1" hai0="116,64,121,49,65,85,128,71,127,66,12,22,96" hai1="135,106,84,9,10,26,36,70,28,69,94,47,100" hai2="59,130,125,4,56,52,19,63,50,57,82,27,112" hai3="98,3,20,32,15,0,39,110,23,16,90,102,41"/><U40/><E135/><V113/><F130/><W21/><G110/><T68/><D116/><U72/><E72/><V107/><F107/><W29/><G41/><T30/><D128/><U8/><E106/><V17/><F125/><W87/><G39/><T103/><D127/><U51/><E36/><V34/><F4/><W79/><G79/><T62/><D121/><U132/><E132/><V104/><F104/><W43/><G43/><T61/><D85/><U42/><E42/><V46/><F82/><W115/><G115/><N who="2" m="44105" /><F63/><W89/><G89/><T31/><D49/><U119/><E119/><V126/><F126/><W120/><G120/><T81/><D81/><U97/><REACH who="1" step="1"/><E84/><REACH who="1" ten="250,240,230,270" step="2"/><V5/><F5/><W55/><G87/><T78/><D68/><U93/><E93/><V80/><F80/><W54/><G98/><T73/><D71/><U105/><E105/><V134/><F134/><W14/><G0/><T91/><D73/><U38/><E38/><V2/><F2/><W74/><G3/><T1/><D1/><U25/><E25/><V95/><F95/><W123/><G74/><T13/><D96/><U58/><E58/><V92/><F92/><W131/><G131/><T109/><D109/><U133/><E133/><V111/><F111/><W7/><G123/><T45/><D45/><U88/><E88/><V18/><F27/><W124/><G90/><T114/><D91/><U48/><E48/><V122/><F122/><W76/><G124/><T37/><D114/><U24/><E24/><V129/><F129/><W77/><G102/><T101/><D101/><U75/><E75/><RYUUKYOKU ba="0,1" sc="250,-15,240,15,230,15,270,-15" hai1="8,9,10,26,28,40,47,51,69,70,94,97,100" hai2="17,18,19,34,46,50,52,56,57,59" /><INIT seed="1,1,1,1,5,94" ten="235,255,245,255" oya="1" hai0="23,37,123,1,121,87,95,124,61,58,60,50,17" hai1="86,85,88,4,6,62,63,106,56,34,19,105,24" hai2="28,89,27,39,117,30,7,120,90,52,96,97,134" hai3="46,122,22,84,8,9,47,57,98,77,132,31,3"/><U112/><E112/><V130/><F117/><W104/><G122/><N who="0" m="46603" /><D37/><U53/><E106/><V107/><F120/><W109/><G109/><T75/><D75/><U42/><E105/><V118/><F118/><W69/><G69/><T99/><D1/><U55/><E42/><V103/><F39/><W125/><G132/><T73/><D73/><U59/><E85/><V93/><F134/><W127/><G57/><T35/><D35/><U116/><E116/><V0/><F130/><W128/><G128/><T101/><D124/><N who="3" m="47689" /><G22/><T43/><D87/><U45/><E45/><N who="3" m="16906" /><G31/><T115/><D115/><U21/><E34/><V91/><F27/><W13/><G3/><T68/><D68/><U14/><E24/><V36/><F36/><W71/><G71/><T135/><D135/><U54/><E55/><V100/><REACH who="2" step="1"/><F52/><REACH who="2" ten="235,255,235,255" step="2"/><W80/><G13/><N who="0" m="9647" /><D43/><U2/><REACH who="1" step="1"/><E2/><REACH who="1" ten="235,245,235,255" step="2"/><V119/><F119/><W131/><G131/><T92/><D50/><U102/><E102/><AGARI ba="1,3" hai="8,9,77,80,84,98,102,104" m="16906,47689" machi="102" ten="30,2000,0" yaku="18,1,52,1" doraHai="94" who="3" fromWho="1" sc="235,0,245,-23,235,0,255,53" /><INIT seed="2,0,0,0,0,128" ten="235,222,235,308" oya="2" hai0="93,16,83,78,17,33,13,122,11,69,57,101,44" hai1="58,109,48,82,38,10,92,51,111,110,72,54,133" hai2="121,106,40,119,107,37,115,1,61,45,35,94,80" hai3="135,95,88,117,47,24,73,39,127,108,59,25,74"/><V21/><F115/><W18/><G117/><T84/><D69/><U124/><E38/><V105/><F119/><W53/><G108/><T103/><D33/><U96/><E124/><V104/><F121/><W43/><G135/><T64/><D122/><U26/><E10/><V75/><F21/><W28/><G18/><T68/><D68/><U70/><E70/><V132/><F94/><W87/><G127/><T71/><D71/><U0/><E0/><V62/><F1/><W56/><G56/><T118/><D118/><U55/><E26/><V100/><F132/><W123/><G123/><T27/><D44/><U126/><E126/><V91/><F91/><W79/><G79/><T29/><D93/><U125/><E125/><V50/><F50/><W98/><G87/><T2/><D2/><U46/><E133/><V113/><F113/><W60/><REACH who="3" step="1"/><G24/><REACH who="3" ten="235,222,235,298" step="2"/><T9/><D29/><U34/><E72/><V15/><F75/><W99/><G99/><T20/><REACH who="0" step="1"/><D9/><REACH who="0" ten="225,222,235,298" step="2"/><U81/><REACH who="1" step="1"/><E34/><AGARI ba="0,2" hai="25,28,34,39,43,47,53,59,60,73,74,88,95,98" machi="34" ten="30,3900,0" yaku="1,1,7,1,54,1,53,0" doraHai="128" doraHaiUra="77" who="3" fromWho="1" sc="225,0,222,-39,235,0,298,59" /><INIT seed="3,0,0,1,0,4" ten="225,183,235,357" oya="3" hai0="41,97,89,3,84,17,79,57,30,94,5,100,19" hai1="103,92,50,104,120,90,23,51,24,33,76,55,16" hai2="28,27,99,22,113,135,38,88,102,44,8,98,110" hai3="112,18,132,53,66,72,106,37,62,105,10,67,6"/><W69/><G37/><T36/><D30/><U46/><E120/><V31/><F113/><W1/><G72/><T42/><D3/><U125/><E125/><V45/><F110/><W0/><G0/><T129/><D129/><U78/><E33/><V71/><F71/><W127/><G132/><T108/><D108/><U29/><E104/><V35/><F135/><W107/><G112/><T25/><D36/><U126/><E126/><V116/><F116/><W119/><G119/><T123/><D123/><U85/><E103/><V73/><F73/><W122/><G122/><T117/><D5/><U52/><E29/><V75/><F75/><W130/><G130/><T2/><D2/><U9/><E9/><V54/><F38/><W12/><G106/><T109/><D79/><U14/><E24/><V95/><F54/><W121/><G121/><T60/><D109/><U131/><E131/><V11/><F31/><W58/><G127/><T87/><D87/><U83/><E83/><V93/><F35/><W70/><G70/><T101/><D101/><U77/><E77/><V47/><AGARI ba="0,0" hai="8,11,22,27,28,44,45,47,88,93,95,98,99,102" machi="47" ten="30,8000,1" yaku="0,1,8,1,52,2,54,1" doraHai="4" who="2" fromWho="2" sc="225,-20,183,-20,235,80,357,-40" owari="205,-19.5,163,-33.7,315,11.5,317,41.7" /></mjloggm>