<mjloggm ver="2.3"><GO type="225" lobby="0"/><UN n0="%E3%81%8B%E3%82%8F%E3%81%A1%E3%82%83%E3%82%93%35%38" n1="%E5%8D%A0%E3%81%84%E5%B8%AB%E8%A3%8F%E3%81%AA%E3%81%84%E3%81%97" n2="%E5%B0%8F%E9%B3%A5%E9%81%8A%E7%B7%B4%E7%84%A1%32%31%E6%AD%B3" n3="%E6%A1%9C%E8%8A%B1%E9%96%83%E3%80%85" dan="16,17,17,17" rate="2172.73,2252.92,2154.78,2152.34" sx="M,M,F,M"/><TAIKYOKU oya="0"/><INIT seed="0,0,0,4,2,61" ten="250,250,250,250" oya="0" hai0="96,109,29,36,117,86,14,119,120,87,113,55,50" hai1="130,83,81,72,52,17,133,103,27,129,62,34,23" hai2="51,12,39,77,38,22,114,67,111,59,115,112,43" hai3="135,20,97,95,73,40,68,49,91,48,8,122,126"/><T65/><D36/><N who="2" m="13866" /><F12/><W76/><G126/><T134/><D120/><U80/><E133/><V105/><F22/><W90/><G135/><T75/><D75/><U44/><E34/><V42/><F77/><W107/><G122/><T3/><D3/><U9/><E103/><V26/><F26/><W116/><G116/><N who="0" m="44619" /><D96/><U82/><E9/><V0/><F105/><W45/><G68/><T100/><D100/><U127/><E127/><V1/><F1/><W101/><G8/><T54/><D14/><U131/><E81/><V31/><F31/><W7/><G7/><T79/><D79/><U18/><E18/><V102/><F102/><W71/><G71/><T92/><D54/><U4/><E4/><V69/><F0/><W35/><G35/><T85/><D134/><U70/><E70/><V110/><F69/><W104/><G20/><T123/><D123/><U47/><E72/><V78/><F78/><W93/><G101/><T56/><D29/><U32/><E32/><V88/><F88/><W121/><G121/><T46/><D113/><U6/><E6/><V125/><F125/><W16/><G16/><T28/><D28/><U108/><E108/><N who="2" m="41515" /><F51/><W99/><G49/><T24/><D109/><U33/><E33/><V94/><F94/><W15/><G15/><T21/><D21/><U5/><E5/><V41/><F114/><W89/><G89/><N who="0" m="53295" /><D24/><U58/><AGARI ba="0,0" hai="17,23,27,44,47,52,58,62,80,82,83,129,130,131" machi="58" ten="40,5200,0" yaku="0,1,19,1,54,1" doraHai="61" who="1" fromWho="1" sc="250,-26,250,52,250,-13,250,-13" /><INIT seed="1,0,0,2,3,94" ten="224,302,237,237" oya="1" hai0="66,42,100,11,76,85,111,133,23,101,37,114,72" hai1="128,95,96,80,47,6,91,113,33,52,86,25,1" hai2="9,16,49,40,53,77,5,82,30,19,90,102,62" hai3="75,10,87,105,43,2,92,41,59,93,58,71,7"/><U55/><E113/><V51/><F30/><W81/><G105/><T125/><D114/><U21/><E128/><V35/><F35/><W134/><G71/><T67/><D72/><U99/><E33/><V48/><F40/><W104/><G104/><T61/><D66/><U108/><E108/><V117/><F90/><W132/><G75/><T45/><D111/><U120/><E120/><V73/><F117/><W74/><G74/><T110/><D110/><U135/><E135/><N who="3" m="51754" /><G93/><T106/><D133/><U17/><E1/><V34/><F34/><W98/><G43/><T112/><D112/><U65/><E6/><V84/><F73/><W54/><G54/><N who="1" m="20522" /><E65/><V13/><REACH who="2" step="1"/><F102/><REACH who="2" ten="224,302,227,237" step="2"/><N who="3" m="60743" /><G41/><T107/><D101/><U103/><E47/><V123/><F123/><W36/><G36/><T97/><D45/><U122/><E122/><V127/><F127/><W129/><G129/><T115/><D125/><U70/><E70/><V50/><N who="2" m="12288" /><DORA hai="32" /><V44/><F44/><W46/><G46/><T26/><D42/><U88/><E103/><V130/><F130/><W18/><G18/><N who="0" m="12663" /><D37/><U8/><E8/><V20/><F20/><W79/><AGARI ba="0,1" hai="2,7,10,58,59,79,81,87" m="60743,51754" machi="79" ten="30,4000,0" yaku="20,1,52,2" doraHai="94,32" who="3" fromWho="3" sc="224,-10,302,-20,227,-10,237,50" /><INIT seed="2,0,0,0,2,133" ten="214,282,217,287" oya="2" hai0="8,58,61,135,63,69,122,87,126,15,95,77,54" hai1="3,85,90,34,13,32,74,49,55,21,14,17,99" hai2="118,93,66,65,18,39,37,19,91,73,75,1,60" hai3="46,102,98,29,76,38,124,70,112,45,71,119,10"/><V83/><F118/><W88/><G119/><T134/><D122/><U62/><E3/><V110/><F110/><W40/><G76/><T28/><D28/><U7/><E74/><V56/><F1/><W35/><G112/><T9/><D126/><U108/><E108/><V120/><F66/><W25/><G124/><T115/><D115/><U101/><E62/><V79/><F73/><W2/><G45/><T109/><D109/><U106/><E7/><V127/><F127/><W41/><G41/><T72/><D72/><U82/><REACH who="1" step="1"/><E13/><REACH who="1" ten="214,272,217,287" step="2"/><V30/><F120/><W129/><G2/><T86/><D15/><U27/><E27/><V6/><F6/><W117/><G25/><T84/><D63/><U44/><AGARI ba="0,1" hai="14,17,21,32,34,44,49,55,82,85,90,99,101,106" machi="44" ten="20,5200,0" yaku="1,1,0,1,7,1,53,1" doraHai="133" doraHaiUra="47" who="1" fromWho="1" sc="214,-13,272,62,217,-26,287,-13" /><INIT seed="3,0,0,5,0,130" ten="201,334,191,274" oya="3" hai0="132,10,122,80,26,131,92,74,86,115,96,53,120" hai1="98,62,30,93,94,29,118,83,19,20,87,58,41" hai2="60,43,78,44,102,34,25,51,18,52,108,121,95" hai3="134,46,71,112,7,128,133,104,65,17,100,68,3"/><W124/><G112/><T116/><D116/><U117/><E41/><V119/><F119/><N who="1" m="45577" /><E83/><V45/><F108/><W5/><G128/><T14/><D74/><U33/><E87/><V40/><F121/><W42/><G124/><T73/><D73/><U50/><E50/><N who="2" m="26887" /><F78/><W59/><G17/><T85/><D26/><N who="1" m="14623" /><E33/><V6/><F34/><W82/><G82/><T90/><D86/><U66/><E93/><V21/><F6/><N who="3" m="2059" /><G3/><T31/><D131/><U111/><E111/><V81/><F81/><W99/><G59/><T12/><D115/><U36/><E36/><V48/><F60/><W1/><G1/><T4/><D122/><U123/><E123/><V32/><F32/><W106/><G65/><T72/><D72/><U23/><E23/><V0/><F0/><W126/><G106/><T89/><D120/><U28/><E28/><V24/><F24/><W69/><G126/><T75/><D75/><U127/><E127/><V49/><F43/><W97/><G97/><AGARI ba="0,0" hai="18,21,25,45,48,49,51,52,95,97,102" m="26887" machi="97" ten="30,2000,0" yaku="8,1,54,1" doraHai="130" who="2" fromWho="3" sc="201,0,334,0,191,20,274,-20" owari="201,-29.9,334,43.4,211,-18.9,254,5.4" /></mjloggm>