<mjloggm ver="2.3"><GO type="225" lobby="0"/><UN n0="%E3%83%A9%E3%82%B9%E7%8E%87%EF%BC%93%E5%89%B2" n1="%4C%4F%4C%49%54%41" n2="%E5%B0%8F%E9%B3%A5%E9%81%8A%E7%B7%B4%E7%84%A1%32%31%E6%AD%B3" n3="%E6%A1%9C%E8%8A%B1%E9%96%83%E3%80%85" dan="17,16,17,16" rate="2188.93,2087.64,2194.53,2201.90" sx="F,F,F,M"/><TAIKYOKU oya="0"/><INIT seed="0,0,0,4,3,33" ten="250,250,250,250" oya="0" hai0="77,46,81,92,28,37,71,128,117,114,103,6,9" hai1="64,131,88,126,21,19,98,50,62,120,84,87,41" hai2="56,48,47,38,29,135,8,49,68,99,58,111,13" hai3="119,24,107,73,80,112,20,22,104,89,30,39,123"/><T72/><D114/><U4/><E120/><V83/><F111/><W16/><G112/><T134/><D117/><U1/><E126/><V79/><F29/><W31/><G119/><T102/><D128/><U25/><E131/><V116/><F68/><W91/><G39/><T96/><D134/><U108/><E108/><V45/><F135/><W129/><G129/><T53/><D71/><U3/><E98/><V95/><F38/><W76/><G123/><T115/><D28/><U34/><E84/><V66/><F66/><W122/><G31/><T44/><D115/><U106/><E4/><V51/><F116/><W2/><G2/><N who="0" m="215" /><D53/><U14/><E106/><V35/><F35/><W93/><G122/><T75/><D46/><N who="2" m="17418" /><F83/><W52/><G52/><T27/><D27/><U67/><E67/><V43/><F79/><W60/><G60/><T101/><D75/><U36/><E36/><V18/><F43/><AGARI ba="0,0" hai="37,43,44,72,77,81,92,96,101,102,103" m="215" machi="43" ten="30,2900,0" yaku="25,1,52,1" doraHai="33" who="0" fromWho="2" sc="250,29,250,0,250,-29,250,0" /><INIT seed="0,1,0,5,1,36" ten="279,250,221,250" oya="0" hai0="93,6,22,8,96,38,108,74,80,15,37,25,75" hai1="42,51,127,19,83,109,53,104,54,31,76,24,133" hai2="34,63,100,59,69,102,82,57,52,56,114,7,16" hai3="117,0,46,28,121,97,32,73,77,9,29,17,60"/><T41/><D108/><U55/><E104/><V49/><F34/><W11/><G117/><T116/><D116/><U132/><E109/><V26/><F114/><W68/><G121/><T88/><D80/><U14/><E127/><V131/><F131/><W106/><G17/><T125/><D125/><U115/><E115/><V126/><F126/><W5/><G11/><T105/><D105/><U2/><E2/><V64/><F7/><W124/><G124/><T91/><D91/><U45/><E14/><V20/><REACH who="2" step="1"/><F82/><REACH who="2" ten="279,250,211,250" step="2"/><W47/><G32/><T10/><D10/><U79/><E19/><V120/><F120/><W4/><G4/><T21/><D21/><U107/><E107/><V98/><F98/><W81/><G97/><T113/><D113/><U103/><E103/><AGARI ba="1,1" hai="16,20,26,49,52,56,57,59,63,64,69,100,102,103" machi="103" ten="40,5200,0" yaku="1,1,54,2,53,0" doraHai="36" doraHaiUra="33" who="2" fromWho="1" sc="279,0,250,-55,211,65,250,0" /><INIT seed="1,0,0,2,4,105" ten="279,195,276,250" oya="1" hai0="75,42,18,60,95,126,123,11,84,22,17,30,114" hai1="79,16,65,112,104,32,44,63,76,91,97,90,20" hai2="125,81,101,52,111,134,27,87,89,34,26,135,25" hai3="28,86,49,115,21,110,24,4,121,38,74,3,14"/><U122/><E112/><V68/><F68/><W59/><G115/><T83/><D114/><U48/><E122/><V31/><F111/><W103/><G38/><T56/><D126/><U54/><E32/><V51/><F101/><W8/><G121/><T73/><D123/><U29/><E29/><V12/><F12/><W128/><G110/><T117/><D117/><U109/><E109/><V57/><REACH who="2" step="1"/><F125/><REACH who="2" ten="279,195,266,250" step="2"/><W106/><G103/><T119/><D119/><U88/><E104/><V113/><F113/><W94/><G14/><T0/><D0/><U107/><E107/><V23/><F23/><W1/><G21/><T70/><D70/><U77/><E97/><V45/><F45/><W130/><G1/><T37/><D22/><U131/><E131/><V129/><F129/><W102/><G102/><T120/><D120/><U19/><REACH who="1" step="1"/><E20/><REACH who="1" ten="279,185,266,250" step="2"/><V61/><F61/><W47/><G106/><T41/><D60/><U7/><E7/><V40/><F40/><W62/><G4/><T92/><D42/><U133/><E133/><AGARI ba="0,2" hai="25,26,27,31,34,51,52,57,81,87,89,133,134,135" machi="133" ten="40,5200,0" yaku="1,1,20,1,54,1,53,0" doraHai="105" doraHaiUra="132" who="2" fromWho="1" sc="279,0,185,-52,266,72,250,0" /><INIT seed="2,0,0,1,3,41" ten="279,133,338,250" oya="2" hai0="79,98,77,94,129,104,2,49,92,90,32,80,105" hai1="100,106,124,85,5,96,53,109,1,70,103,64,62" hai2="114,122,46,82,118,18,84,34,26,45,9,135,38" hai3="87,30,15,69,78,99,67,29,40,47,37,81,102"/><V68/><F118/><W119/><G119/><T61/><D32/><U93/><E109/><V4/><F38/><W128/><G128/><T14/><D2/><U7/><E124/><V83/><F114/><W95/><REACH who="3" step="1"/><G15/><REACH who="3" ten="279,133,338,240" step="2"/><T113/><D14/><U22/><E1/><V116/><F116/><W51/><G51/><T33/><D49/><U71/><E71/><V35/><F68/><W131/><G131/><T48/><D48/><U20/><E70/><V8/><F122/><W50/><G50/><T101/><D129/><U126/><E126/><V23/><F135/><W13/><G13/><T76/><D113/><U73/><E62/><AGARI ba="0,1" hai="29,30,37,40,47,62,67,69,78,81,87,95,99,102" machi="62" ten="40,2600,0" yaku="1,1,52,1,53,0" doraHai="41" doraHaiUra="121" who="3" fromWho="1" sc="279,0,133,-26,338,0,240,36" /><INIT seed="3,0,0,5,3,28" ten="279,107,338,276" oya="3" hai0="47,128,104,52,48,126,94,111,68,56,34,24,121" hai1="120,61,13,37,3,19,134,40,90,91,9,66,131" hai2="57,123,113,70,65,45,38,107,32,10,44,17,86" hai3="5,15,7,96,33,130,8,125,119,31,99,67,16"/><W59/><G119/><T106/><D121/><U54/><E120/><V63/><F113/><W25/><G130/><T88/><D68/><U108/><E131/><V77/><F107/><W98/><REACH who="3" step="1"/><G125/><REACH who="3" ten="279,107,338,266" step="2"/><T81/><D128/><U82/><E134/><V41/><F123/><W100/><G100/><T58/><D126/><U49/><E108/><V53/><F44/><W97/><G97/><T112/><D111/><U115/><E115/><V114/><F114/><W42/><G42/><T2/><D112/><U102/><E102/><V39/><F41/><W71/><G71/><T80/><D104/><U135/><E135/><V50/><F70/><W117/><G117/><T12/><D106/><U29/><E3/><V110/><F110/><W35/><G35/><T4/><D2/><U6/><E40/><V95/><F32/><W103/><G103/><T93/><D34/><U85/><E37/><V14/><F38/><W89/><G89/><T11/><D24/><U69/><E29/><V87/><F39/><W21/><G21/><T129/><D129/><U127/><E127/><V133/><F133/><W30/><G30/><T132/><D132/><U109/><E109/><V62/><F77/><W75/><G75/><T22/><D22/><U27/><E90/><N who="2" m="53719" /><F87/><W78/><G78/><T36/><D36/><U92/><E82/><N who="0" m="31849" /><D94/><U74/><E74/><V1/><F1/><W101/><G101/><T20/><D20/><N who="1" m="13727" /><E54/><N who="2" m="30031" /><F65/><W124/><G124/><T83/><D83/><U118/><E118/><V26/><F26/><W84/><G84/><AGARI ba="0,1" hai="4,11,12,47,48,52,56,58,84,88,93" m="31849" machi="84" ten="30,3900,0" yaku="8,1,54,2" doraHai="28" who="0" fromWho="3" sc="279,49,107,0,338,0,266,-39" owari="328,12.8,107,-39.3,338,43.8,227,-17.3" /></mjloggm>