<mjloggm ver="2.3"><GO type="225" lobby="0"/><UN n0="%E7%B4%94%E6%BD%94%E3%83%94%E3%83%A9%E3%83%8B%E3%82%A2" n1="%E3%83%A9%E3%82%B9%E7%8E%87%EF%BC%93%E5%89%B2" n2="%E3%81%8B%E3%82%8F%E3%81%A1%E3%82%83%E3%82%93%35%38" n3="%E3%81%90%E3%81%A1%E3%82%84%E3%81%BE" dan="17,16,16,16" rate="2181.25,2227.06,2144.21,2135.63" sx="M,F,M,M"/><TAIKYOKU oya="0"/><INIT seed="0,0,0,3,1,9" ten="250,250,250,250" oya="0" hai0="66,40,115,4,15,108,112,90,48,102,87,97,37" hai1="134,53,23,69,120,126,47,49,64,63,60,76,55" hai2="130,30,89,85,83,17,11,79,72,51,110,1,123" hai3="22,16,24,50,7,59,67,35,71,61,75,96,95"/><T122/><D37/><U99/><E76/><V129/><F123/><W91/><G75/><T3/><D3/><U57/><E99/><V117/><F110/><W27/><G7/><T132/><D122/><U62/><E23/><V8/><F117/><W80/><G80/><T118/><D118/><U31/><E31/><V46/><F30/><W25/><REACH who="3" step="1"/><G35/><REACH who="3" ten="250,250,250,240" step="2"/><T86/><D4/><U125/><E120/><V36/><F1/><W78/><G78/><T28/><D115/><U54/><E134/><V29/><F79/><W128/><G128/><T32/><D112/><U26/><E26/><V39/><F72/><W124/><G124/><N who="1" m="47722" /><E69/><V116/><F130/><W6/><G6/><T104/><D32/><U18/><E18/><V14/><F129/><W5/><G5/><T19/><D28/><U0/><E0/><V81/><F116/><W41/><G41/><AGARI ba="0,1" hai="41,47,49,53,54,55,57,60,62,63,64" m="47722" machi="41" ten="30,3900,0" yaku="18,1,34,2" doraHai="9" who="1" fromWho="3" sc="250,0,250,49,250,0,240,-39" /><INIT seed="1,0,0,2,4,132" ten="250,299,250,201" oya="1" hai0="118,53,65,92,123,126,60,127,91,101,82,59,103" hai1="105,73,28,3,19,104,70,52,2,79,1,112,89" hai2="77,64,68,14,39,18,62,94,66,5,119,9,37" hai3="97,54,29,61,51,44,95,120,90,15,50,47,58"/><U26/><E112/><V121/><F121/><W20/><G120/><T134/><D118/><U116/><E116/><V75/><F119/><W57/><G51/><T122/><D123/><U36/><E89/><V13/><F66/><W96/><G96/><T130/><D134/><U131/><E19/><V0/><F0/><W24/><REACH who="3" step="1"/><G15/><REACH who="3" ten="250,299,250,191" step="2"/><T45/><D122/><U67/><E3/><V49/><F49/><W81/><G81/><T85/><D130/><U55/><E2/><V8/><F94/><W48/><G48/><N who="0" m="28815" /><D92/><U107/><E1/><V108/><F108/><W88/><G88/><T27/><D27/><U21/><E131/><V98/><F98/><W43/><G43/><T35/><D35/><U74/><E105/><V129/><F129/><W69/><G69/><T10/><D10/><U46/><E107/><V76/><F76/><W25/><G25/><T133/><D133/><U23/><E79/><V31/><F9/><W12/><G12/><T34/><D34/><U117/><E104/><V6/><F14/><W100/><G100/><T78/><D91/><U22/><E117/><V30/><F18/><W135/><G135/><T38/><D38/><N who="2" m="14346" /><F5/><W124/><G124/><AGARI ba="0,1" hai="59,60,65,78,82,85,101,103,124,126,127" m="28815" machi="124" ten="30,7700,0" yaku="18,1,52,3" doraHai="132" who="0" fromWho="3" sc="250,87,299,0,250,0,191,-77" /><INIT seed="2,0,0,1,5,132" ten="337,299,250,114" oya="2" hai0="90,93,118,21,79,102,70,55,34,56,72,107,12" hai1="75,38,110,14,48,101,92,112,35,53,36,63,37" hai2="100,97,95,84,76,71,74,135,64,62,66,120,130" hai3="49,91,103,43,106,44,134,94,83,13,116,59,124"/><V15/><F120/><W109/><G116/><T123/><D70/><U25/><E75/><V111/><F135/><W18/><G134/><T8/><D34/><U128/><E112/><V61/><F130/><W88/><G109/><T51/><D123/><U131/><E14/><V68/><F111/><W57/><G106/><T2/><D2/><U5/><E5/><V3/><F3/><W129/><G129/><N who="1" m="49738" /><E63/><V31/><F31/><W7/><G7/><T89/><D118/><U96/><E110/><V0/><F0/><W28/><G28/><T23/><D107/><U54/><E48/><V46/><F46/><W30/><G30/><AGARI ba="0,0" hai="25,30,35,36,37,38,53,54,92,96,101" m="49738" machi="30" ten="40,1300,0" yaku="19,1" doraHai="132" who="1" fromWho="3" sc="337,0,299,13,250,0,114,-13" /><INIT seed="3,0,0,1,4,119" ten="337,312,250,101" oya="3" hai0="73,59,85,72,87,122,121,101,17,80,116,64,60" hai1="55,81,3,10,84,48,129,93,25,112,95,13,70" hai2="47,38,110,16,51,90,99,130,96,131,123,78,11" hai3="135,86,75,8,103,54,79,128,114,20,36,22,120"/><W111/><G114/><T24/><D116/><U104/><E104/><V40/><F78/><W21/><G75/><T2/><D2/><U67/><E3/><V19/><F19/><W52/><BYE who="2" /><G128/><T58/><D101/><U68/><E129/><V28/><F28/><W65/><G135/><UN n2="%E3%81%8B%E3%82%8F%E3%81%A1%E3%82%83%E3%82%93%35%38" /><T42/><D42/><U69/><E25/><V12/><F131/><W126/><G36/><T45/><D45/><U94/><E67/><V134/><F130/><W89/><G126/><T57/><D17/><U7/><E112/><V1/><F134/><W15/><G120/><T77/><D24/><U106/><E106/><V29/><F110/><W132/><G132/><T97/><D97/><U108/><E108/><V118/><F118/><W117/><G117/><T113/><D113/><U91/><REACH who="1" step="1"/><E69/><REACH who="1" ten="337,302,250,101" step="2"/><V46/><F29/><W92/><G111/><T53/><D121/><U9/><E9/><V61/><F123/><W39/><G39/><T125/><D122/><U62/><E62/><V49/><F38/><W105/><G79/><T127/><D64/><U66/><E66/><V83/><F61/><W33/><G33/><T5/><D72/><U0/><E0/><V88/><F1/><W56/><G105/><T30/><D30/><U43/><E43/><V26/><F26/><W41/><G41/><T4/><D60/><U63/><E63/><V71/><F71/><W50/><G65/><T27/><D27/><U102/><E102/><V98/><F83/><N who="3" m="49375" /><G54/><AGARI ba="0,1" hai="11,12,16,40,46,47,49,51,54,88,90,96,98,99" machi="54" ten="40,5200,0" yaku="8,1,54,2" doraHai="119" who="2" fromWho="3" sc="337,0,302,0,250,62,101,-52" owari="337,43.7,302,-9.8,312,11.2,49,-45.1" /></mjloggm>