<mjloggm ver="2.3"><GO type="225" lobby="0"/><UN n0="%43%68%65" n1="%E8%A8%88%E7%AE%97%E6%A9%9F%E8%87%AA%E7%84%B6" n2="%E6%9C%88%E5%B3%B6%E5%9F%BA" n3="%E6%97%A5%E6%9B%9C%E6%97%A5%E3%82%88%E3%82%8A%E3%81%AE%E4%BD%BF%E8%80%85" dan="16,17,16,16" rate="2181.27,2152.16,2039.44,2135.16" sx="M,M,M,M"/><TAIKYOKU oya="0"/><INIT seed="0,0,0,2,1,65" ten="250,250,250,250" oya="0" hai0="53,26,64,84,41,73,39,57,72,112,8,120,131" hai1="10,74,23,92,96,98,82,128,20,51,22,93,56" hai2="133,9,113,104,123,14,109,1,70,11,80,100,68" hai3="88,117,0,85,134,30,132,16,107,13,91,99,106"/><T34/><D112/><U89/><E128/><V50/><F113/><W81/><G0/><T102/><D120/><U87/><E74/><V111/><F123/><W103/><G30/><T24/><D131/><U110/><E110/><N who="2" m="41995" /><F133/><N who="3" m="51307" /><G117/><T29/><D64/><U44/><E56/><V124/><F124/><W40/><G40/><T127/><D127/><U83/><E10/><N who="2" m="3595" /><F1/><W105/><G91/><T55/><D55/><U27/><E27/><V43/><F80/><W3/><G3/><T42/><D102/><U95/><REACH who="1" step="1"/><E83/><REACH who="1" ten="250,240,250,250" step="2"/><V15/><F15/><W116/><G116/><T2/><D73/><U108/><E108/><V28/><F14/><W67/><G67/><T122/><D72/><U5/><E5/><V97/><F28/><W101/><G101/><T49/><D122/><U62/><E62/><V46/><AGARI ba="0,1" hai="43,46,50,68,70,97,100,104" m="3595,41995" machi="46" ten="30,4000,0" yaku="14,1,52,2" doraHai="65" who="2" fromWho="2" sc="250,-20,240,-10,250,50,250,-10" /><INIT seed="1,0,0,1,2,80" ten="230,230,300,240" oya="1" hai0="112,125,130,119,95,25,129,127,37,3,2,60,4" hai1="81,114,63,66,13,76,109,1,10,96,28,73,31" hai2="48,27,97,103,110,38,0,29,85,16,7,116,47" hai3="58,74,42,107,6,94,44,64,92,131,121,40,24"/><U50/><E114/><V70/><F116/><W41/><G107/><T65/><D112/><U5/><E109/><V17/><F70/><W11/><G121/><T69/><D119/><U111/><E111/><V53/><F110/><W9/><G74/><T87/><D37/><U115/><E115/><V135/><F135/><W43/><G24/><T68/><D25/><U21/><E50/><V99/><F38/><W52/><G64/><T133/><D69/><U56/><REACH who="1" step="1"/><E96/><REACH who="1" ten="230,220,300,240" step="2"/><V49/><F49/><N who="3" m="26759" /><G131/><T82/><D130/><U90/><E90/><V105/><F97/><W118/><G118/><T72/><D129/><U36/><E36/><V35/><F99/><W78/><G78/><T86/><D133/><U34/><E34/><V46/><F35/><W33/><G33/><T23/><D127/><U15/><E15/><V106/><F48/><N who="3" m="30983" /><G11/><T91/><D125/><U84/><E84/><V67/><F85/><W122/><G122/><T8/><D72/><U89/><E89/><V108/><F108/><W32/><G32/><T79/><D23/><U20/><E20/><V123/><F123/><W132/><G132/><T100/><D100/><U88/><E88/><V54/><F103/><W120/><G120/><T51/><D51/><U101/><E101/><V93/><F0/><AGARI ba="0,1" hai="0,2,3,4,8,60,65,68,79,82,86,87,91,95" machi="0" ten="30,3900,0" yaku="7,1,52,2" doraHai="80" who="0" fromWho="2" sc="230,49,220,0,300,-39,240,0" /><INIT seed="2,0,0,5,0,51" ten="279,220,261,240" oya="2" hai0="4,92,98,128,68,108,65,23,35,81,102,87,88" hai1="26,52,19,71,111,107,75,112,6,100,25,122,56" hai2="124,125,22,82,79,47,104,106,38,133,103,110,69" hai3="44,43,78,45,21,119,101,39,62,76,8,40,24"/><V91/><F69/><W129/><G119/><T20/><D35/><U16/><E112/><V5/><F5/><W117/><G117/><T74/><D108/><U93/><E107/><N who="2" m="41003" /><F22/><W54/><G101/><T132/><D74/><U73/><E71/><V67/><F47/><W64/><G8/><T55/><D128/><U66/><E66/><V109/><F38/><W36/><G129/><T77/><D132/><U11/><E111/><N who="2" m="42507" /><F67/><W53/><G76/><T126/><D126/><N who="2" m="48746" /><F103/><W89/><G64/><T90/><D4/><U97/><E122/><V3/><F3/><W50/><G39/><T12/><D68/><U70/><E70/><V10/><F10/><W63/><G36/><T86/><D65/><U14/><E73/><N who="2" m="43375" /><F91/><W15/><G89/><T2/><D2/><U27/><E75/><V49/><F49/><AGARI ba="0,0" hai="6,11,14,16,19,25,26,27,49,52,56,93,97,100" machi="49" ten="40,8000,1" yaku="8,1,52,1,54,2" doraHai="51" who="1" fromWho="2" sc="279,0,220,80,261,-80,240,0" /><INIT seed="3,0,0,5,1,92" ten="279,300,181,240" oya="3" hai0="13,11,8,78,73,94,110,7,99,98,111,1,97" hai1="36,15,16,105,86,27,82,47,129,80,5,132,124" hai2="130,50,14,55,18,87,74,62,104,84,3,23,66" hai3="75,53,26,42,17,22,83,52,0,109,45,4,120"/><W114/><G114/><T106/><D106/><U79/><E105/><V68/><F130/><W28/><G120/><T37/><D37/><U59/><E129/><V108/><F108/><N who="0" m="41514" /><D78/><U20/><E124/><V63/><F74/><W67/><G67/><T81/><D81/><N who="1" m="47423" /><E36/><V88/><F3/><W44/><G109/><T31/><D31/><N who="1" m="17895" /><E5/><V93/><F63/><W116/><G116/><T61/><D61/><U9/><E132/><V118/><F104/><W24/><G75/><T65/><D65/><U128/><E128/><V72/><F72/><W58/><G83/><N who="1" m="31786" /><E47/><V90/><F118/><W77/><G77/><T33/><D33/><U51/><E51/><V64/><F64/><W46/><G0/><T40/><D40/><U95/><E95/><V89/><REACH who="2" step="1"/><F87/><REACH who="2" ten="279,300,171,240" step="2"/><W85/><G85/><T54/><D73/><U38/><E38/><V102/><F102/><W49/><G42/><T34/><D54/><U133/><E133/><V123/><F123/><W32/><REACH who="3" step="1"/><G4/><REACH who="3" ten="279,300,171,230" step="2"/><N who="0" m="3207" /><D34/><U91/><E91/><AGARI ba="0,2" hai="1,7,11,91,94,97,98,99" m="3207,41514" machi="91" ten="30,7700,0" yaku="14,1,52,3" doraHai="92" who="0" fromWho="1" sc="279,97,300,-77,171,0,230,0" owari="376,47.6,223,-17.7,171,-32.9,230,3.0" /></mjloggm>