<mjloggm ver="2.3"><GO type="225" lobby="0"/><UN n0="%70%68%65%6E%6F%6D%65" n1="%E3%80%93%E3%81%97%E3%83%BC%E3%82%89%E3%80%93" n2="%E5%A4%8F%E9%88%B4%E9%88%B4%E5%A4%8F" n3="%E3%83%A9%E3%82%B9%E7%8E%87%EF%BC%93%E5%89%B2" dan="16,16,16,16" rate="2160.67,2248.36,2159.19,2150.77" sx="M,M,F,F"/><TAIKYOKU oya="0"/><INIT seed="0,0,0,1,0,4" ten="250,250,250,250" oya="0" hai0="67,133,126,53,68,93,24,113,124,117,78,34,114" hai1="121,33,90,62,1,36,8,52,80,18,84,74,27" hai2="31,86,65,77,54,40,131,116,87,15,17,128,95" hai3="44,39,19,9,104,5,118,102,111,3,20,57,73"/><T63/><D117/><U94/><E36/><V61/><F116/><W28/><G118/><T48/><D78/><U14/><E121/><V119/><F119/><W91/><G111/><T35/><D93/><U108/><E108/><V30/><F54/><W49/><G73/><T26/><D24/><U42/><E42/><V25/><F40/><W75/><G75/><T135/><D26/><U115/><E1/><V69/><F77/><W56/><G28/><T32/><D114/><U55/><E115/><V43/><F43/><W98/><G91/><T46/><REACH who="0" step="1"/><D113/><REACH who="0" ten="240,250,250,250" step="2"/><U11/><E27/><V132/><F95/><W107/><G104/><T83/><D83/><U130/><E33/><V125/><F25/><W89/><G89/><T59/><D59/><N who="1" m="35175" /><E130/><V22/><F30/><W58/><G57/><T23/><D23/><N who="1" m="11735" /><E74/><V29/><F31/><W13/><REACH who="3" step="1"/><G39/><REACH who="3" ten="240,250,250,240" step="2"/><T70/><D70/><U51/><E80/><V122/><F29/><W60/><G60/><T37/><D37/><U76/><E76/><V79/><F79/><W16/><G16/><T81/><D81/><U85/><E85/><V0/><F87/><W105/><G105/><T41/><D41/><AGARI ba="0,2" hai="3,5,9,13,19,20,41,44,49,56,58,98,102,107" machi="41" ten="30,3900,0" yaku="1,1,7,1,52,1,53,0" doraHai="4" doraHaiUra="72" who="3" fromWho="0" sc="240,-39,250,0,250,0,240,59" /><INIT seed="1,0,0,2,2,124" ten="201,250,250,299" oya="1" hai0="64,28,39,37,107,2,4,130,82,106,15,24,135" hai1="90,87,121,108,111,77,75,81,49,127,103,34,18" hai2="96,50,73,55,60,13,47,110,35,79,72,95,113" hai3="32,71,134,45,57,58,27,93,26,46,3,65,17"/><U122/><E34/><V86/><F110/><N who="1" m="42025" /><E18/><V5/><F35/><W94/><G71/><T7/><D15/><U92/><E49/><V10/><F113/><W91/><G3/><T61/><D135/><U118/><E127/><V19/><F86/><W68/><G68/><N who="0" m="41999" /><D7/><U21/><E21/><V52/><F79/><W78/><G78/><T115/><D82/><N who="1" m="45375" /><E118/><V112/><F112/><W102/><G32/><N who="0" m="20487" /><D115/><U126/><E126/><V14/><F60/><W116/><G17/><T88/><D88/><N who="1" m="51311" /><E103/><V67/><F19/><W105/><G102/><T20/><D20/><U62/><E62/><V100/><F100/><W8/><G116/><T89/><D4/><U85/><AGARI ba="0,0" hai="85,90,92,121,122" m="51311,45375,42025" machi="85" ten="30,12000,1" yaku="14,1,10,1,34,2,54,1" doraHai="124" who="1" fromWho="1" sc="201,-40,250,120,250,-40,299,-40" /><INIT seed="1,1,0,1,1,82" ten="161,370,210,259" oya="1" hai0="8,115,46,106,96,23,53,135,85,32,67,34,39" hai1="114,123,61,30,113,117,5,71,89,59,65,105,128" hai2="118,26,2,29,78,16,100,94,69,28,11,48,76" hai3="15,91,131,49,57,14,22,109,44,98,24,132,90"/><U80/><E105/><V7/><F118/><W51/><G109/><T101/><D115/><U81/><E117/><V50/><F69/><W58/><G131/><T108/><D108/><U18/><E123/><V87/><F29/><W97/><G132/><T0/><D135/><U73/><E128/><V103/><F78/><W12/><G22/><T110/><D110/><U127/><E30/><V99/><F103/><W20/><G20/><T129/><D129/><U77/><E5/><V75/><F16/><W35/><G24/><T31/><D67/><U116/><E116/><V43/><F43/><W13/><G13/><T95/><D23/><U47/><E18/><V124/><F75/><W72/><G72/><T134/><D134/><U74/><E127/><V56/><F56/><N who="3" m="21611" /><G35/><T36/><D31/><U52/><E47/><V133/><F124/><W126/><G126/><T41/><D39/><U33/><E33/><V40/><F40/><N who="3" m="24711" /><G51/><T121/><D53/><U68/><E68/><V54/><F54/><W111/><G111/><T63/><D63/><U62/><E89/><AGARI ba="1,0" hai="12,14,15,89,90,91,97,98" m="24711,21611" machi="89" ten="30,1000,0" yaku="8,1" doraHai="82" who="3" fromWho="1" sc="161,0,370,-13,210,0,259,13" /><INIT seed="2,0,0,5,5,88" ten="161,357,210,272" oya="2" hai0="24,19,92,134,87,124,117,102,129,119,56,84,91" hai1="93,109,81,77,130,42,61,55,114,105,97,79,123" hai2="106,10,27,104,76,60,108,26,126,115,98,133,122" hai3="6,30,116,96,68,89,125,71,111,62,47,85,66"/><V44/><F122/><W23/><G116/><N who="0" m="44619" /><D56/><N who="1" m="34975" /><E105/><V52/><F115/><W25/><G111/><T17/><D24/><U107/><E107/><V65/><F133/><W39/><G125/><T2/><D2/><U41/><E130/><V67/><F126/><W103/><G6/><T63/><D124/><U121/><E109/><V74/><F108/><W54/><G54/><T57/><D129/><U51/><E51/><V118/><F67/><W28/><G47/><T37/><D37/><U45/><E45/><V9/><F76/><N who="1" m="29257" /><E81/><V72/><F118/><W38/><G30/><T127/><D127/><U90/><E114/><V22/><F27/><W94/><REACH who="3" step="1"/><G68/><REACH who="3" ten="161,357,210,262" step="2"/><T73/><D134/><U5/><E5/><V64/><F52/><W36/><G36/><T35/><D35/><U83/><E123/><V128/><F44/><W132/><G132/><T113/><D113/><U34/><E34/><V99/><F128/><W75/><G75/><T112/><D73/><U11/><E121/><V59/><F74/><W18/><G18/><N who="0" m="6667" /><D112/><U14/><E42/><V69/><F72/><W1/><G1/><T49/><D49/><U15/><E41/><V0/><F69/><W86/><G86/><N who="0" m="52343" /><D102/><N who="1" m="60719" /><E11/><V58/><F0/><W110/><G110/><T70/><D70/><U29/><E29/><N who="2" m="17623" /><F9/><W95/><AGARI ba="0,1" hai="23,25,28,38,39,62,66,71,85,89,94,95,96,103" machi="95" ten="20,12000,2" yaku="1,1,0,1,7,1,52,2,53,1" doraHai="88" doraHaiUra="20" who="3" fromWho="3" sc="161,-30,357,-30,210,-60,262,130" /><INIT seed="3,0,0,1,5,120" ten="131,327,150,392" oya="3" hai0="44,119,134,105,87,13,42,26,72,96,14,112,71" hai1="54,8,99,129,50,19,124,130,127,53,82,18,126" hai2="57,37,102,16,128,41,39,24,9,122,73,60,65" hai3="36,67,117,74,104,79,110,49,28,76,7,113,40"/><W11/><G110/><T31/><D119/><U27/><E99/><V22/><F73/><W95/><G113/><T94/><D112/><U84/><E27/><V78/><F122/><W12/><G104/><T121/><D121/><U98/><E98/><V77/><F128/><N who="1" m="49257" /><E8/><V131/><F131/><W32/><G36/><T23/><D134/><U83/><E84/><V123/><F39/><W55/><G117/><T85/><D72/><U48/><E48/><V10/><F41/><W97/><G40/><T29/><D31/><U52/><E50/><V4/><F37/><W56/><G74/><T0/><D0/><U86/><E86/><N who="0" m="32777" /><D105/><U3/><E3/><V5/><F102/><W46/><G28/><T81/><D81/><AGARI ba="0,0" hai="18,19,52,53,54,81,82,83,124,126,127" m="49257" machi="81" ten="40,8000,1" yaku="28,2,18,1,19,1,54,1" doraHai="120" who="1" fromWho="0" sc="131,-80,327,80,150,0,392,0" owari="51,-44.9,407,50.7,150,-25.0,392,19.2" /></mjloggm>