<mjloggm ver="2.3"><GO type="225" lobby="0"/><UN n0="%E5%A4%8F%E9%88%B4%E9%88%B4%E5%A4%8F" n1="%E3%81%A1%E3%82%83%E3%81%93%E3%81%93" n2="%E3%80%90%E8%92%BC%E7%90%89%E3%80%91" n3="%E9%A6%AC%E5%BC%95%E7%81%AB%33" dan="16,16,16,16" rate="2113.78,2126.04,2164.65,2089.85" sx="F,F,F,M"/><TAIKYOKU oya="0"/><INIT seed="0,0,0,4,0,119" ten="250,250,250,250" oya="0" hai0="134,102,38,93,46,30,85,96,13,80,135,16,115" hai1="118,86,29,101,108,72,88,130,44,18,22,113,99" hai2="60,10,122,19,83,71,4,59,25,117,69,127,57" hai3="121,126,104,131,8,125,78,73,105,92,34,90,14"/><T132/><D115/><U45/><E118/><V89/><F122/><W76/><G34/><T12/><D30/><U62/><E108/><V15/><F117/><W28/><G28/><T33/><D33/><U31/><E113/><V21/><F127/><N who="3" m="48651" /><G131/><T39/><D46/><N who="1" m="18027" /><E72/><V67/><F89/><W107/><G73/><T41/><D41/><U26/><E130/><V53/><REACH who="2" step="1"/><F83/><REACH who="2" ten="250,250,240,250" step="2"/><W120/><G76/><N who="0" m="46215" /><D12/><U7/><E7/><V87/><F87/><N who="3" m="52319" /><G78/><T51/><D51/><AGARI ba="0,1" hai="4,10,15,19,21,25,51,53,57,59,60,67,69,71" machi="51" ten="30,7700,0" yaku="1,1,7,1,53,2" doraHai="119" doraHaiUra="66" who="2" fromWho="0" sc="250,-77,250,0,240,87,250,0" /><INIT seed="1,0,0,0,3,53" ten="173,250,327,250" oya="1" hai0="123,21,93,44,79,118,110,95,29,12,98,127,46" hai1="62,104,6,33,82,91,63,80,47,15,25,114,55" hai2="3,108,94,121,58,36,122,48,112,126,115,9,50" hai3="119,125,128,92,101,69,78,86,35,72,45,70,113"/><U89/><E104/><V7/><F36/><W54/><G113/><N who="2" m="43593" /><F108/><W116/><G125/><T132/><D118/><U67/><E114/><V117/><F117/><W65/><G128/><T26/><D110/><U96/><E33/><V56/><F126/><W57/><G72/><T41/><D127/><U4/><E25/><V64/><F94/><W14/><G70/><T85/><D132/><U17/><E47/><V19/><F19/><W24/><G45/><T109/><D109/><U107/><E55/><N who="2" m="31847" /><F50/><W28/><G92/><T18/><D123/><U90/><E107/><V31/><F31/><W100/><G24/><T2/><D2/><U73/><E96/><V51/><F51/><W42/><G14/><T20/><D41/><U75/><E75/><V22/><F22/><W66/><G28/><T124/><D124/><U5/><E73/><V97/><F97/><W88/><G35/><T71/><D71/><U23/><REACH who="1" step="1"/><E62/><AGARI ba="0,0" hai="3,7,9,58,62,64,121,122" m="31847,43593" machi="62" ten="30,3900,0" yaku="11,1,52,2" doraHai="53" who="2" fromWho="1" sc="173,0,250,-39,327,39,250,0" /><INIT seed="2,0,0,3,4,101" ten="173,211,366,250" oya="2" hai0="133,44,96,15,62,41,53,129,111,1,104,120,35" hai1="47,22,130,50,45,131,29,72,95,100,3,43,13" hai2="112,37,25,116,98,125,87,55,27,38,36,106,14" hai3="128,16,115,97,49,89,109,63,51,4,12,42,113"/><V66/><F112/><N who="3" m="43083" /><G109/><T30/><D120/><U103/><E72/><V124/><F116/><W126/><G128/><N who="1" m="49194" /><E3/><V57/><F66/><W68/><G126/><N who="2" m="48745" /><F87/><W71/><G4/><T52/><D111/><U135/><E135/><V24/><F14/><W8/><G63/><T33/><D133/><U19/><E29/><V73/><F73/><W17/><G17/><T91/><D129/><U31/><E31/><V84/><F84/><W85/><G97/><T102/><D1/><U28/><E28/><V75/><F75/><W99/><G99/><T39/><D91/><U0/><E0/><V54/><F57/><W118/><G118/><T32/><D30/><U121/><E121/><V5/><F5/><W94/><G42/><T81/><D81/><U77/><E77/><V132/><F132/><W86/><G85/><T108/><D108/><U119/><E119/><V59/><F59/><W26/><G26/><T20/><REACH who="0" step="1"/><D62/><REACH who="0" ten="163,211,366,250" step="2"/><U67/><E100/><AGARI ba="0,1" hai="24,25,27,36,37,38,54,55,98,100,106" m="48745" machi="100" ten="40,3900,0" yaku="18,1,52,1" doraHai="101" who="2" fromWho="1" sc="163,0,211,-39,366,49,250,0" /><INIT seed="2,1,0,0,4,85" ten="163,172,415,250" oya="2" hai0="44,18,98,113,102,129,21,115,3,123,84,89,93" hai1="17,60,47,6,32,92,56,135,31,133,126,43,12" hai2="29,39,71,122,45,131,83,99,28,108,95,25,14" hai3="37,68,5,48,121,77,110,114,119,76,54,24,11"/><V75/><F122/><W109/><G119/><T80/><D123/><U105/><E105/><V118/><F71/><W81/><G121/><T27/><D129/><U57/><E126/><V13/><F118/><W111/><G37/><T100/><D3/><U104/><E104/><V116/><F116/><W64/><G114/><T8/><D102/><U125/><E125/><V38/><F131/><W88/><G24/><T124/><D124/><U117/><E6/><V101/><F29/><W94/><G81/><T134/><D134/><N who="1" m="51211" /><E117/><V20/><F108/><W107/><G107/><T62/><D8/><N who="1" m="6279" /><E60/><V2/><F2/><N who="3" m="439" /><G64/><T53/><REACH who="0" step="1"/><D62/><REACH who="0" ten="153,172,415,250" step="2"/><U103/><E32/><V59/><F101/><W19/><G111/><T79/><D79/><U34/><E34/><V70/><F38/><W72/><G76/><T7/><D7/><U42/><E31/><V9/><F39/><W33/><G33/><T67/><D67/><U74/><E74/><V0/><F9/><W58/><G72/><T50/><AGARI ba="1,1" hai="18,21,27,44,50,53,80,84,89,93,98,100,113,115" machi="50" ten="30,7900,0" yaku="1,1,0,1,52,1,53,1" doraHai="85" doraHaiUra="49" who="0" fromWho="0" sc="153,92,172,-21,415,-40,250,-21" /><INIT seed="3,0,0,0,5,35" ten="245,151,375,229" oya="3" hai0="99,53,126,15,32,76,73,9,128,72,123,122,22" hai1="105,100,24,88,19,104,27,95,121,12,86,118,67" hai2="62,55,4,103,28,33,116,80,82,41,63,8,7" hai3="0,43,51,14,111,87,127,70,44,3,57,115,47"/><W98/><G115/><T75/><D32/><U23/><E121/><V119/><F41/><W134/><G70/><T120/><D126/><U125/><E125/><V74/><F103/><W66/><G127/><T97/><D128/><U34/><E118/><V42/><F42/><W94/><G47/><T68/><D68/><U60/><E27/><V40/><F40/><W18/><G134/><T78/><D22/><U59/><E100/><V38/><F38/><W84/><G111/><T65/><D65/><U45/><E45/><V52/><F33/><W6/><G6/><T30/><D30/><U83/><REACH who="1" step="1"/><E95/><REACH who="1" ten="245,141,375,229" step="2"/><V20/><F116/><W50/><G94/><T54/><D123/><U10/><E10/><V133/><F8/><W92/><G92/><T114/><D9/><U25/><E25/><V110/><F119/><W109/><G44/><T5/><D122/><U93/><E93/><V132/><F133/><W61/><G98/><T58/><D99/><U81/><E81/><V1/><F80/><W113/><G113/><T130/><D97/><U16/><E16/><V91/><F82/><W96/><G18/><T69/><D114/><U101/><E101/><V108/><F132/><W39/><G96/><T77/><D120/><U36/><E36/><V102/><F102/><W56/><G39/><T46/><D46/><U129/><E129/><V79/><F28/><W124/><G124/><T106/><D130/><U85/><E85/><V29/><F29/><W11/><G87/><T135/><D135/><U26/><E26/><V2/><F108/><W89/><G109/><T31/><D31/><RYUUKYOKU ba="0,1" sc="245,-10,141,30,375,-10,229,-10" hai1="12,19,23,24,34,59,60,67,83,86,88,104,105" owari="235,3.5,171,-32.9,375,47.5,219,-18.1" /></mjloggm>