<mjloggm ver="2.3"><GO type="225" lobby="0"/><UN n0="%6D%61%74%69%67%75%73%61" n1="%72%69%6F%75%63%68%61%6E" n2="%E6%81%A5%E6%99%92%E3%81%97" n3="%E3%83%A9%E3%82%B9%E7%8E%87%EF%BC%93%E5%89%B2" dan="16,16,16,16" rate="2119.59,2185.61,2201.75,2185.62" sx="M,M,M,F"/><TAIKYOKU oya="0"/><INIT seed="0,0,0,1,2,34" ten="250,250,250,250" oya="0" hai0="129,61,86,123,79,26,14,107,30,121,101,83,28" hai1="58,27,87,131,31,133,25,88,108,44,2,56,72" hai2="50,126,45,119,42,37,116,43,55,41,22,29,114" hai3="18,40,57,98,124,73,90,60,39,4,33,23,0"/><T78/><D129/><U16/><E72/><V106/><F106/><W96/><G33/><T118/><D118/><N who="2" m="45098" /><F22/><W127/><G73/><T65/><D79/><U51/><E131/><V48/><F29/><W82/><G40/><N who="2" m="15465" /><F114/><W46/><G46/><T112/><D112/><U89/><E108/><V69/><F126/><N who="3" m="48171" /><G39/><T5/><D28/><U84/><E133/><V71/><F37/><W3/><G82/><T63/><D63/><U125/><E2/><N who="3" m="554" /><G4/><T8/><D5/><U47/><E125/><V59/><AGARI ba="0,0" hai="43,45,48,50,55,59,69,71" m="15465,45098" machi="59" ten="30,4000,0" yaku="12,1,34,2" doraHai="34" who="2" fromWho="2" sc="250,-20,250,-10,250,40,250,-10" /><INIT seed="1,0,0,1,0,53" ten="230,240,290,240" oya="1" hai0="105,48,21,108,4,135,27,66,128,95,70,7,29" hai1="6,79,77,64,14,69,50,19,104,72,94,18,1" hai2="81,130,46,124,93,58,55,40,13,92,56,73,45" hai3="41,122,116,60,106,100,59,121,3,82,0,109,126"/><U89/><E104/><V118/><F118/><W111/><G116/><T98/><D105/><U24/><E72/><V120/><F120/><N who="3" m="46187" /><G100/><T90/><D108/><N who="3" m="41545" /><G106/><T35/><D128/><U65/><E1/><V16/><F124/><W107/><G107/><T129/><D129/><U32/><E6/><V30/><F73/><W62/><G126/><T80/><D135/><U22/><E50/><N who="2" m="26919" /><F30/><W75/><G60/><T20/><D80/><U52/><E52/><V101/><F81/><W28/><G28/><T119/><D48/><U68/><E69/><V78/><F78/><N who="1" m="29705" /><E32/><V67/><F130/><W87/><G75/><T37/><D119/><U25/><E68/><V44/><F67/><N who="1" m="25673" /><E19/><V63/><F101/><W51/><G51/><T76/><D37/><U26/><E25/><V23/><F58/><W39/><G41/><T57/><D70/><U131/><E131/><V84/><F84/><AGARI ba="0,0" hai="14,18,22,24,26,84,89,94" m="25673,29705" machi="84" ten="30,1500,0" yaku="8,1" doraHai="53" who="1" fromWho="2" sc="230,0,240,15,290,-15,240,0" /><INIT seed="1,1,0,5,1,19" ten="230,255,275,240" oya="1" hai0="27,41,112,130,118,63,16,55,79,45,86,34,5" hai1="72,0,135,96,94,38,18,57,9,58,56,111,39" hai2="119,60,67,131,105,30,62,103,25,70,114,102,81" hai3="14,98,89,73,33,1,101,83,11,113,8,132,76"/><U7/><E135/><V82/><F119/><W31/><G113/><T52/><D118/><U71/><E72/><V36/><F114/><W74/><G132/><T42/><D112/><U93/><E71/><V29/><F131/><W106/><G1/><T53/><D130/><U17/><E111/><V61/><F36/><W117/><G117/><T50/><D5/><U84/><E84/><V26/><F61/><W108/><G108/><T51/><D34/><U78/><E78/><V43/><F43/><N who="0" m="16394" /><D63/><U97/><E38/><V88/><F88/><W121/><G121/><T3/><D3/><U35/><E35/><V68/><REACH who="2" step="1"/><F105/><REACH who="2" ten="230,255,265,240" step="2"/><W69/><G89/><T127/><D50/><U47/><E94/><V100/><F100/><W66/><G101/><T85/><D127/><U110/><E110/><V123/><F123/><W4/><G106/><T80/><D86/><U65/><E97/><V20/><F20/><AGARI ba="1,1" hai="16,20,27,45,51,52,53,55,79,80,85" m="16394" machi="20" ten="30,7700,0" yaku="8,1,52,1,54,2" doraHai="19" who="0" fromWho="2" sc="230,90,255,0,265,-80,240,0" /><INIT seed="2,0,0,4,0,113" ten="320,255,185,240" oya="2" hai0="104,45,95,28,55,124,62,70,99,42,47,135,83" hai1="88,78,64,121,57,134,73,10,59,77,34,36,133" hai2="120,103,38,68,82,84,46,35,67,26,131,127,102" hai3="61,40,4,53,54,24,56,17,20,9,33,27,96"/><V18/><F120/><W37/><G37/><T87/><D104/><U39/><E34/><V65/><F127/><W14/><G40/><T60/><D135/><N who="1" m="51723" /><E121/><V15/><F131/><W86/><G33/><T25/><D124/><U122/><E122/><V94/><F35/><W98/><G27/><T79/><D70/><U118/><E118/><V117/><F117/><W97/><REACH who="3" step="1"/><G86/><REACH who="3" ten="320,255,185,230" step="2"/><T43/><D43/><U12/><E36/><V22/><F38/><W48/><G48/><T66/><D87/><U76/><E39/><V31/><F46/><W8/><G8/><T32/><D25/><U90/><E73/><V3/><F68/><W29/><G29/><T106/><D28/><U80/><E80/><V1/><F3/><W75/><G75/><T71/><D83/><U116/><E116/><V128/><F1/><W72/><G72/><T91/><D47/><U58/><E64/><AGARI ba="0,1" hai="4,9,14,17,20,24,53,54,56,61,64,96,97,98" machi="64" ten="40,5200,0" yaku="1,1,8,1,53,1" doraHai="113" doraHaiUra="63" who="3" fromWho="1" sc="320,0,255,-52,185,0,230,62" /><INIT seed="3,0,0,3,4,111" ten="320,203,185,292" oya="3" hai0="62,48,123,69,71,116,55,24,27,82,2,128,87" hai1="77,54,53,39,63,109,19,9,118,85,134,37,45" hai2="52,50,90,83,25,133,65,107,32,130,113,60,42" hai3="33,15,131,0,28,120,89,80,51,75,81,23,61"/><W127/><G120/><T97/><D2/><U70/><E109/><V98/><F113/><W34/><G0/><T6/><D6/><U44/><E134/><V119/><F119/><W124/><G131/><T78/><D116/><U92/><E118/><V35/><F133/><W91/><G51/><T112/><D123/><U79/><E37/><V18/><F130/><W117/><G117/><T8/><D8/><U40/><E70/><V106/><F42/><W96/><G96/><T36/><D97/><U121/><E121/><V10/><F107/><W74/><G61/><T21/><D24/><U114/><E114/><V104/><F104/><W102/><G102/><T94/><D82/><N who="3" m="31849" /><G15/><T76/><D48/><N who="1" m="26631" /><E63/><V1/><F106/><W93/><G23/><T132/><D21/><U101/><E39/><V108/><F108/><W12/><G12/><T135/><D62/><U5/><E101/><V59/><F1/><W43/><G43/><T49/><D27/><U17/><E45/><N who="2" m="27727" /><F98/><W14/><G14/><T73/><D36/><U125/><E125/><N who="3" m="48202" /><G93/><T16/><D94/><U30/><E92/><V29/><F10/><W3/><G3/><T46/><D128/><U100/><E100/><V95/><F83/><W99/><G99/><T26/><D49/><U72/><E85/><N who="2" m="52687" /><F35/><N who="3" m="13323" /><G28/><T22/><D46/><U103/><E30/><V67/><F67/><W47/><G47/><T4/><D26/><U58/><E103/><V68/><F68/><W56/><G56/><T13/><D4/><U88/><E58/><V84/><F84/><W57/><G57/><T20/><D20/><U126/><E126/><RYUUKYOKU ba="0,0" sc="320,-15,203,-15,185,15,292,15" hai2="18,25,29,32,59,60,65" hai3="74,75,89,91" owari="305,10.5,188,-31.2,200,-20.0,307,40.7" /></mjloggm>