<mjloggm ver="2.3"><GO type="225" lobby="0"/><UN n0="%72%69%6F%75%63%68%61%6E" n1="%E3%81%90%E3%81%A1%E3%82%84%E3%81%BE" n2="%6B%75%7A%75%6E" n3="%E3%81%8B%E3%82%8F%E3%81%A1%E3%82%83%E3%82%93%35%38" dan="16,16,17,16" rate="2186.55,2128.42,2154.46,2144.03" sx="M,M,M,M"/><TAIKYOKU oya="0"/><INIT seed="0,0,0,4,4,40" ten="250,250,250,250" oya="0" hai0="59,51,107,73,66,115,105,93,75,8,45,52,128" hai1="39,49,31,94,69,80,28,110,42,43,119,71,26" hai2="68,61,14,132,38,55,121,91,24,10,126,41,127" hai3="64,46,111,58,102,54,100,106,12,117,63,56,1"/><T114/><D128/><U72/><E119/><V109/><F121/><W70/><G1/><T62/><D93/><U112/><E112/><V35/><F35/><W135/><G117/><T29/><D29/><U89/><E39/><V33/><F24/><W116/><G116/><T104/><REACH who="0" step="1"/><D8/><REACH who="0" ten="240,250,250,250" step="2"/><U30/><E30/><V3/><F10/><W19/><G106/><T131/><D131/><U9/><E9/><V7/><F126/><W133/><G133/><T27/><D27/><U84/><E26/><V32/><F127/><W83/><G135/><T13/><D13/><U125/><E125/><V103/><F14/><W0/><G12/><T15/><D15/><U124/><E124/><V87/><F132/><W118/><G118/><T67/><D67/><U97/><E28/><V60/><F33/><W23/><G64/><T5/><D5/><U129/><E31/><V120/><F7/><W44/><G0/><T90/><D90/><U25/><E25/><V82/><F91/><W96/><G23/><T101/><D101/><U65/><E129/><V4/><F103/><W113/><G100/><T77/><D77/><U92/><E65/><V78/><F4/><W47/><G102/><T74/><AGARI ba="0,1" hai="45,51,52,59,62,66,73,74,75,104,105,107,114,115" machi="74" ten="40,12000,1" yaku="1,1,0,1,52,1,54,1,53,1" doraHai="40" doraHaiUra="53" who="0" fromWho="0" sc="240,130,250,-40,250,-40,250,-40" /><INIT seed="0,1,0,3,5,100" ten="370,210,210,210" oya="0" hai0="114,129,14,99,116,24,98,131,84,6,78,47,90" hai1="65,10,94,61,125,124,20,34,83,126,42,107,111" hai2="37,75,31,130,91,128,5,56,55,54,121,110,3" hai3="95,101,92,122,41,45,25,97,19,8,106,109,96"/><T115/><D47/><U58/><E34/><V29/><F121/><W46/><G109/><T0/><D0/><U64/><E111/><V123/><F123/><W30/><G122/><T108/><D108/><U133/><E133/><V53/><F75/><W33/><G92/><T51/><D51/><U26/><E94/><V88/><F37/><W43/><G45/><T72/><D24/><U93/><E93/><V76/><F76/><W77/><G77/><T16/><D6/><U87/><E10/><N who="2" m="2367" /><F56/><W85/><G85/><T118/><D78/><N who="1" m="46583" /><E42/><V52/><N who="2" m="13312" /><DORA hai="11" /><V74/><F74/><W62/><G62/><T127/><D72/><U60/><E107/><V2/><F2/><W73/><G73/><T81/><D115/><U67/><E58/><V135/><F110/><W71/><G71/><T18/><D127/><N who="1" m="32515" /><U21/><DORA hai="9" /><E21/><V66/><F135/><W80/><G80/><T79/><D114/><U59/><E59/><V102/><F102/><W70/><G70/><T12/><D79/><U7/><E7/><V48/><F66/><N who="1" m="16897" /><U28/><AGARI ba="1,0" hai="20,26,28,60,61" m="16897,32515,46583" machi="28" ten="50,3200,0" yaku="4,1,18,1" doraHai="100,11,9" who="1" fromWho="1" sc="370,-17,210,35,210,-9,210,-9" /><INIT seed="1,0,0,4,0,47" ten="353,245,201,201" oya="1" hai0="55,132,104,59,6,20,68,73,80,85,117,0,3" hai1="28,108,89,49,92,107,109,61,58,66,110,71,26" hai2="75,29,94,52,135,98,87,100,11,82,12,121,113" hai3="64,31,21,67,125,99,35,76,36,56,90,27,105"/><U97/><E107/><V38/><F135/><W57/><G36/><T42/><D117/><U130/><E130/><V4/><F38/><W18/><G125/><T111/><D68/><U2/><E2/><V44/><F121/><W37/><G37/><T96/><D132/><U118/><E118/><V53/><F113/><W60/><G76/><T86/><D111/><U19/><E19/><V83/><F29/><W13/><G90/><T24/><D42/><U78/><E78/><V25/><F25/><W116/><G116/><T128/><D73/><U122/><E122/><V72/><F72/><W34/><G34/><T115/><D115/><U84/><E84/><V124/><F75/><W129/><G129/><T10/><D0/><U50/><E71/><V33/><F33/><AGARI ba="0,0" hai="26,28,33,49,50,58,61,66,89,92,97,108,109,110" machi="33" ten="40,12000,1" yaku="14,1,10,1,52,2" doraHai="47" who="1" fromWho="2" sc="353,0,245,120,201,-120,201,0" /><INIT seed="1,1,0,3,5,41" ten="353,365,81,201" oya="1" hai0="84,115,104,116,96,22,56,34,133,93,10,12,128" hai1="102,132,114,44,54,124,4,98,51,78,81,80,36" hai2="83,21,9,134,108,99,100,135,43,131,18,32,46" hai3="55,123,107,120,52,26,111,95,66,130,125,28,14"/><U77/><E114/><V74/><F32/><W85/><G107/><T118/><D115/><U82/><E124/><V47/><F108/><W30/><G66/><T58/><D34/><U49/><E132/><V88/><F131/><W90/><G130/><T106/><D133/><N who="2" m="50698" /><F9/><W59/><G125/><T117/><D128/><U121/><E121/><V70/><F43/><W57/><G111/><T20/><D106/><U27/><E36/><V19/><F70/><W33/><G28/><T101/><D104/><U71/><E71/><V5/><F5/><W112/><G112/><T7/><REACH who="0" step="1"/><D84/><REACH who="0" ten="343,365,81,201" step="2"/><U92/><E4/><V25/><F74/><W94/><G94/><T6/><D6/><U119/><E119/><V109/><F109/><W127/><G127/><T3/><D3/><U38/><E38/><V11/><F100/><W76/><G76/><T13/><D13/><U113/><E113/><V62/><F62/><W16/><G57/><AGARI ba="1,1" hai="7,10,12,20,22,56,57,58,93,96,101,116,117,118" machi="57" ten="40,1300,0" yaku="1,1,53,0" doraHai="41" doraHaiUra="73" who="0" fromWho="3" sc="343,26,365,0,81,0,201,-16" /><INIT seed="2,0,0,0,4,31" ten="369,365,81,185" oya="2" hai0="96,61,114,36,53,99,6,125,38,110,10,16,123" hai1="26,67,34,59,107,41,106,21,18,56,77,0,4" hai2="81,39,134,75,84,80,42,127,129,63,37,20,79" hai3="46,117,2,11,40,29,73,51,52,33,3,103,121"/><V126/><F134/><W89/><G117/><T5/><D123/><U78/><E41/><V13/><F129/><W116/><G121/><T104/><D110/><U57/><E67/><V109/><F109/><W25/><G116/><T66/><D114/><U68/><E68/><V14/><F63/><W131/><G131/><T28/><D125/><U45/><E45/><V17/><F14/><W93/><G73/><T22/><D28/><U24/><E34/><V12/><F12/><W19/><G103/><T119/><D119/><U128/><E128/><V97/><F97/><W102/><G102/><T50/><D36/><U44/><E44/><V23/><F20/><W54/><G19/><T91/><D38/><U27/><E4/><V7/><F7/><W135/><G11/><T83/><D104/><U115/><E0/><V60/><F60/><W30/><G30/><T85/><D5/><U58/><E58/><V43/><F39/><W88/><G89/><T62/><D62/><U133/><E115/><V108/><F108/><W92/><G92/><T64/><D66/><U124/><E124/><N who="2" m="47659" /><F37/><W111/><G111/><T9/><D6/><U90/><E133/><V70/><F70/><W112/><G112/><T130/><D130/><U87/><E27/><V55/><F55/><N who="3" m="21035" /><G135/><T113/><D113/><U69/><E26/><V72/><F72/><W98/><G2/><T105/><D99/><U32/><E69/><V47/><F47/><W48/><G3/><T1/><D1/><U132/><E132/><V86/><F75/><W49/><G40/><T8/><D96/><U35/><E59/><RYUUKYOKU ba="0,0" sc="369,-15,365,-15,81,15,185,15" hai2="13,17,23,42,43,79,80,81,84,86" hai3="25,29,33,46,48,49,51,88,93,98" /><INIT seed="2,1,0,4,5,29" ten="354,350,96,200" oya="2" hai0="52,30,74,91,9,54,82,131,106,69,80,81,110" hai1="93,65,27,67,129,37,60,127,84,95,42,104,10" hai2="132,116,22,11,111,73,71,120,26,56,118,35,109" hai3="85,87,45,40,59,25,130,58,83,117,68,123,19"/><V119/><F71/><W36/><G117/><T94/><D110/><N who="2" m="41994" /><F73/><W76/><G68/><T18/><D106/><U133/><E104/><V78/><F78/><W50/><G123/><T112/><D131/><U66/><E129/><V70/><F70/><W124/><G130/><T15/><D112/><U57/><E127/><V62/><F120/><W113/><G113/><T39/><D39/><U99/><E133/><V122/><F122/><W38/><G38/><T2/><D74/><U3/><E37/><V1/><F132/><W86/><G124/><T23/><D69/><U13/><E3/><V97/><F97/><W75/><G36/><T90/><D2/><U41/><E27/><V53/><F35/><W135/><G135/><T43/><D43/><N who="1" m="16395" /><E84/><N who="3" m="32362" /><G75/><T125/><D125/><U16/><E95/><V14/><F1/><W96/><G96/><N who="0" m="57431" /><D91/><AGARI ba="1,0" hai="10,13,16,57,60,65,66,67,91,93,99" m="16395" machi="91" ten="30,2000,0" yaku="8,1,54,1" doraHai="29" who="1" fromWho="0" sc="354,-23,350,23,96,0,200,0" /><INIT seed="3,0,0,1,0,7" ten="331,373,96,200" oya="3" hai0="129,28,14,75,76,80,5,113,111,93,104,99,88" hai1="61,15,0,17,72,59,32,118,18,25,21,69,95" hai2="85,86,132,94,116,84,29,131,39,70,82,38,8" hai3="40,83,26,105,106,33,51,49,81,37,135,52,20"/><W130/><G33/><T103/><D111/><U44/><E72/><V31/><F70/><W53/><G37/><T92/><D28/><U115/><E115/><V47/><F94/><W56/><G40/><T11/><D113/><U4/><E69/><V9/><F82/><W36/><G36/><T91/><REACH who="0" step="1"/><D129/><REACH who="0" ten="321,373,96,200" step="2"/><U107/><E107/><V97/><F131/><W74/><G130/><T73/><D73/><U123/><E123/><V101/><F116/><W43/><G135/><T6/><D6/><U41/><E118/><V12/><F132/><W54/><G43/><T71/><D71/><U23/><E32/><V27/><F12/><W102/><G53/><T90/><AGARI ba="0,1" hai="5,11,14,75,76,80,88,90,91,92,93,99,103,104" machi="90" ten="30,7900,0" yaku="1,1,0,1,52,1,54,1,53,0" doraHai="7" doraHaiUra="34" who="0" fromWho="0" sc="321,89,373,-20,96,-20,200,-39" owari="410,51.0,353,15.3,76,-42.4,161,-23.9" /></mjloggm>