<mjloggm ver="2.3"><GO type="225" lobby="0"/><UN n0="%E3%83%B4%E3%83%A0%EF%BC%99%E3%81%A6" n1="%E5%91%A8%E6%9D%B1" n2="%72%69%6F%75%63%68%61%6E" n3="%E6%9D%B1%E9%A2%A8%E3%81%AE%E3%81%8D%E3%82%83%E3%81%B7%E3%81%95%E3%82%93" dan="17,16,16,16" rate="2142.83,2172.20,2102.57,2204.33" sx="M,M,M,M"/><TAIKYOKU oya="0"/><INIT seed="0,0,0,1,4,8" ten="250,250,250,250" oya="0" hai0="28,60,106,130,73,124,92,112,19,81,89,35,54" hai1="129,96,83,34,99,134,98,125,25,3,114,53,110" hai2="103,102,1,40,64,38,101,48,95,75,61,6,51" hai3="122,44,5,4,50,30,77,59,135,67,82,14,128"/><T0/><D112/><U127/><E114/><V97/><F75/><W42/><G135/><T23/><D106/><U22/><E3/><V36/><F38/><W120/><G128/><T39/><D39/><U11/><E134/><V49/><F1/><W45/><G30/><T21/><D0/><U119/><E119/><V126/><F126/><N who="1" m="48137" /><E129/><V31/><F6/><W57/><G5/><T100/><D124/><U26/><E110/><V118/><F118/><W104/><G45/><T43/><D43/><U15/><E34/><V2/><F2/><W47/><G47/><T46/><D100/><U123/><E123/><N who="3" m="47146" /><G67/><T79/><D35/><U69/><E69/><V70/><REACH who="2" step="1"/><F31/><REACH who="2" ten="250,250,240,250" step="2"/><W111/><G111/><T91/><D130/><U90/><E53/><V32/><F32/><W16/><G4/><T85/><D54/><U18/><E22/><V93/><F93/><W37/><G104/><T132/><D23/><U94/><E83/><V86/><F86/><AGARI ba="0,1" hai="11,15,18,25,26,86,90,94,96,98,99" m="48137" machi="86" ten="30,2000,0" yaku="18,1,52,1" doraHai="8" who="1" fromWho="2" sc="250,0,250,30,240,-20,250,0" /><INIT seed="1,0,0,3,0,89" ten="250,280,220,250" oya="1" hai0="123,12,26,109,6,27,113,9,106,98,22,21,43" hai1="93,73,90,94,20,7,0,83,15,5,72,91,79" hai2="81,121,56,54,117,76,1,28,70,48,128,57,96" hai3="115,69,71,107,45,61,82,133,13,29,120,105,31"/><U101/><E101/><V77/><F128/><W100/><G120/><T16/><D113/><U108/><E0/><V112/><F117/><W111/><G115/><T65/><D123/><U87/><E108/><V58/><F70/><W32/><G13/><T4/><D109/><U24/><E15/><V116/><F116/><W131/><G45/><T38/><D65/><U68/><E68/><V124/><F121/><W35/><G100/><T63/><D63/><U37/><E37/><V25/><F1/><W47/><G47/><T33/><D33/><U88/><E73/><V49/><F124/><W102/><G102/><T110/><D110/><U46/><E46/><V44/><F112/><W122/><G61/><T85/><D85/><U66/><E66/><V135/><F135/><W30/><G82/><T127/><D127/><U125/><E125/><V134/><F134/><W55/><G30/><T80/><D80/><U99/><E91/><V103/><F48/><W95/><G133/><T119/><D119/><U114/><E114/><V126/><F126/><W51/><G122/><T10/><D43/><U84/><E72/><V75/><F77/><W86/><G111/><T50/><D38/><U14/><E14/><V59/><F59/><W78/><G69/><T118/><D12/><U2/><E2/><V3/><F3/><W67/><G67/><T52/><D118/><U129/><E129/><V17/><F17/><AGARI ba="0,0" hai="5,7,17,20,24,79,83,84,87,88,90,93,94,99" machi="17" ten="30,12000,1" yaku="7,1,8,1,52,2,54,1" doraHai="89" who="1" fromWho="2" sc="250,0,280,120,220,-120,250,0" /><INIT seed="1,1,0,0,3,5" ten="250,400,100,250" oya="1" hai0="50,105,79,97,85,48,30,108,109,122,107,10,106" hai1="117,130,76,116,34,73,88,69,96,8,124,43,74" hai2="132,19,37,60,94,36,83,3,47,91,25,29,45" hai3="133,59,11,46,54,66,67,111,57,104,31,120,131"/><U0/><E69/><V51/><F132/><W52/><G104/><T17/><D30/><U71/><E71/><V65/><F3/><W70/><G133/><T1/><D97/><U32/><E43/><V9/><F83/><W28/><G70/><T41/><D122/><U61/><E61/><V129/><F129/><W40/><G120/><T95/><D41/><U101/><E101/><V22/><F45/><W90/><G111/><N who="0" m="42571" /><D95/><U99/><E130/><V123/><F123/><W93/><G131/><T13/><D1/><U121/><E0/><V87/><F60/><W110/><G110/><T58/><D58/><U21/><E99/><V39/><F65/><W114/><G114/><T82/><AGARI ba="1,0" hai="10,13,17,48,50,79,82,85,105,106,107" m="42571" machi="82" ten="40,2700,0" yaku="14,1,52,1" doraHai="5" who="0" fromWho="0" sc="250,30,400,-14,100,-8,250,-8" /><INIT seed="2,0,0,4,1,70" ten="280,386,92,242" oya="2" hai0="43,117,36,119,14,104,125,45,53,96,112,69,24" hai1="135,17,133,124,19,32,88,121,111,48,87,55,91" hai2="1,115,7,58,33,79,42,98,63,16,39,120,131" hai3="0,38,13,35,107,123,129,9,130,99,105,110,68"/><V132/><F115/><W27/><G68/><T66/><D112/><U126/><E32/><V12/><F120/><W20/><G123/><T54/><D24/><U40/><E40/><V41/><F33/><W74/><G74/><T71/><D14/><U60/><E60/><V57/><F131/><W49/><G49/><T11/><D11/><U62/><E62/><V28/><F132/><N who="1" m="50761" /><E111/><V75/><F28/><W31/><G110/><T50/><D125/><N who="1" m="48235" /><E121/><V15/><F98/><W6/><G38/><T34/><D34/><U25/><E25/><V29/><F29/><W108/><G108/><T134/><D134/><U76/><E76/><V22/><F12/><W90/><G90/><N who="1" m="34346" /><E87/><V127/><F127/><W128/><REACH who="3" step="1"/><G99/><REACH who="3" ten="280,386,92,232" step="2"/><T97/><D97/><U10/><E10/><N who="2" m="2415" /><F41/><W37/><G37/><T95/><D36/><U109/><E109/><V122/><F122/><W116/><G116/><T82/><D43/><U93/><E93/><V72/><F63/><W101/><G101/><T8/><D117/><U56/><AGARI ba="0,1" hai="17,19,48,55,56" m="34346,48235,50761" machi="56" ten="40,5200,0" yaku="20,1,18,1,54,1" doraHai="70" who="1" fromWho="1" sc="280,-13,386,62,92,-26,232,-13" /><INIT seed="3,0,0,0,5,112" ten="267,448,66,219" oya="3" hai0="51,10,63,113,25,131,68,78,57,48,56,118,44" hai1="2,49,23,6,80,124,55,64,129,71,89,82,91" hai2="110,117,38,35,111,92,27,122,77,15,36,114,126" hai3="66,100,107,101,65,50,41,90,76,79,4,115,7"/><W106/><G50/><T18/><D118/><U32/><E32/><V37/><F77/><W16/><G41/><T134/><D113/><U116/><E116/><V59/><F114/><W86/><G115/><T40/><D131/><U85/><E124/><V58/><F35/><W39/><G86/><T53/><D134/><U0/><E129/><V60/><F27/><W103/><G90/><T98/><D78/><U9/><E2/><V130/><F130/><W119/><G101/><T73/><D73/><U125/><E125/><V104/><F104/><W22/><G22/><N who="0" m="13527" /><D68/><U120/><E120/><V67/><F15/><W74/><G16/><T69/><D69/><U29/><E71/><V88/><F126/><W24/><G24/><T21/><D21/><U28/><E64/><V108/><F122/><W30/><G30/><T3/><D3/><U33/><E33/><V109/><N who="2" m="27648" /><DORA hai="135" /><V43/><F58/><W84/><G84/><T72/><D72/><U5/><E5/><V34/><F34/><W62/><G74/><T81/><D10/><U42/><E42/><V26/><F26/><W97/><G106/><T96/><D81/><U99/><E82/><V70/><F70/><W93/><G107/><T17/><D17/><U52/><E80/><V87/><REACH who="2" step="1"/><F43/><REACH who="2" ten="267,448,56,219" step="2"/><W132/><G79/><T121/><D121/><U94/><E29/><V11/><F11/><W105/><G76/><T13/><D13/><U95/><E28/><V20/><F20/><W1/><G105/><T46/><D40/><U31/><E31/><V45/><F45/><W14/><G14/><T19/><D44/><RYUUKYOKU ba="0,1" sc="267,-10,448,-10,56,30,219,-10" hai2="36,37,38,59,60,67,87,88,92,117" owari="257,5.7,448,54.8,86,-41.4,209,-19.1" /></mjloggm>