<mjloggm ver="2.3"><GO type="225" lobby="0"/><UN n0="%4D%2E%61%72%74%65%74%61" n1="%E6%9C%88%E5%B3%B6%E5%9F%BA" n2="%70%68%65%6E%6F%6D%65" n3="%E3%83%96%E3%83%83%E3%83%91%E3%82%AA%E3%83%96%E3%83%81%E3%82%AD%E3%83%B3" dan="16,17,16,16" rate="2160.23,2176.14,2165.20,2170.06" sx="M,M,M,M"/><TAIKYOKU oya="0"/><INIT seed="0,0,0,1,1,83" ten="250,250,250,250" oya="0" hai0="61,14,15,125,109,50,34,93,42,121,70,127,90" hai1="40,67,49,110,4,12,111,132,48,122,75,29,113" hai2="117,126,62,73,130,35,98,66,39,116,32,135,94" hai3="71,123,13,104,97,88,91,25,92,69,23,115,102"/><T112/><D112/><U101/><E122/><V41/><F73/><W5/><G115/><T89/><D34/><U30/><E75/><V87/><F126/><N who="0" m="48138" /><D121/><U114/><E67/><V59/><F130/><W36/><G36/><T51/><D90/><U105/><E40/><V95/><F135/><W20/><G123/><T31/><D31/><U16/><E105/><V53/><F41/><W10/><G91/><T52/><D109/><U65/><E65/><V79/><F39/><W85/><REACH who="3" step="1"/><G20/><REACH who="3" ten="250,250,250,240" step="2"/><T103/><D103/><U60/><E101/><V33/><F32/><W131/><G131/><T47/><D70/><U96/><E114/><V43/><F33/><W64/><G64/><T99/><D61/><U28/><E60/><V63/><F35/><W26/><G26/><T3/><D3/><U55/><E113/><V134/><F63/><W84/><G84/><T44/><AGARI ba="0,1" hai="14,15,42,44,47,50,51,52,89,93,99" m="48138" machi="44" ten="30,3000,0" yaku="18,1,54,1" doraHai="83" who="0" fromWho="0" sc="250,40,250,-10,250,-10,240,-10" /><INIT seed="0,1,0,2,2,44" ten="290,240,240,230" oya="0" hai0="120,83,34,131,82,71,90,27,113,51,22,89,20" hai1="47,63,61,92,80,42,116,103,98,46,5,60,4" hai2="124,6,121,84,40,55,7,12,15,13,134,85,45" hai3="110,93,49,14,2,0,30,33,17,108,56,26,10"/><T62/><D113/><U97/><E116/><V74/><F121/><W118/><G93/><T127/><D120/><U125/><E125/><V66/><F74/><W86/><G86/><T67/><D34/><U112/><E112/><V29/><F124/><W65/><G118/><T104/><D127/><U77/><E97/><V130/><F134/><W106/><G106/><T114/><D104/><U126/><E126/><V100/><F130/><W79/><G79/><T9/><D114/><U58/><E47/><V96/><F66/><W64/><G64/><T109/><D131/><U11/><E58/><V119/><F29/><W88/><G88/><T25/><D9/><U70/><E11/><V52/><F85/><W102/><G102/><T69/><D67/><U107/><E70/><V122/><F84/><W117/><G117/><T32/><D32/><U78/><E107/><V3/><F3/><W21/><G65/><T48/><D62/><U8/><E80/><V54/><F119/><W73/><G73/><T59/><D59/><U28/><E28/><V31/><F31/><W94/><G94/><T99/><D109/><N who="3" m="42089" /><G33/><T76/><D76/><U115/><E115/><V50/><F122/><W37/><G37/><T132/><D132/><U16/><E78/><V57/><F57/><W75/><G75/><T41/><D41/><U91/><E77/><V105/><AGARI ba="1,0" hai="6,7,12,13,15,40,45,50,52,54,55,96,100,105" machi="105" ten="30,4000,0" yaku="0,1,52,1,54,1" doraHai="44" who="2" fromWho="2" sc="290,-21,240,-11,240,43,230,-11" /><INIT seed="1,0,0,3,2,1" ten="269,229,283,219" oya="1" hai0="130,60,76,128,35,57,61,62,32,67,6,4,115" hai1="113,19,84,92,79,23,64,58,81,120,45,96,134" hai2="41,42,122,101,85,78,0,18,12,125,97,89,90" hai3="29,95,77,38,7,102,66,73,15,133,75,99,51"/><U70/><E113/><V103/><F122/><W114/><G114/><T48/><D115/><U5/><E120/><V55/><F0/><W112/><G112/><T53/><D76/><U106/><E134/><V21/><F125/><W107/><G38/><T37/><D37/><U34/><E34/><N who="0" m="12841" /><D67/><U118/><E118/><V135/><F135/><W36/><G36/><T43/><D43/><N who="2" m="16394" /><F55/><W74/><G133/><T17/><D17/><U86/><E70/><V104/><F104/><W20/><G66/><T49/><D49/><U72/><E45/><V131/><F131/><AGARI ba="0,0" hai="4,6,48,53,57,60,61,62,128,130,131" m="12841" machi="131" ten="40,5200,0" yaku="19,1,52,2" doraHai="1" who="0" fromWho="2" sc="269,52,229,0,283,-52,219,0" /><INIT seed="2,0,0,1,2,50" ten="321,229,231,219" oya="2" hai0="123,5,10,99,68,16,135,128,29,39,24,81,37" hai1="126,67,77,15,32,0,78,84,17,75,54,55,127" hai2="95,4,104,61,13,72,82,8,62,40,121,18,66" hai3="28,45,30,131,71,48,79,80,74,124,52,38,112"/><V129/><F121/><W113/><G124/><N who="1" m="47658" /><E0/><V6/><F104/><W35/><G131/><T27/><D123/><U119/><E119/><V134/><F129/><W22/><G35/><T93/><D68/><U107/><E75/><V89/><F40/><W12/><G71/><T69/><D69/><U2/><E2/><V44/><F134/><W106/><G106/><T64/><D64/><U46/><E32/><V25/><F44/><W20/><G38/><T116/><D128/><U120/><E120/><V21/><F6/><W122/><G122/><T76/><D116/><U96/><E67/><V49/><F49/><W43/><G43/><T23/><D135/><U14/><E46/><V111/><F111/><W108/><G108/><T100/><D5/><U132/><E132/><V103/><F103/><W105/><G105/><T86/><D10/><N who="1" m="6359" /><E15/><V117/><F117/><W59/><G45/><T101/><D101/><N who="1" m="62887" /><E84/><V97/><REACH who="2" step="1"/><F66/><REACH who="2" ten="321,229,221,219" step="2"/><W33/><G33/><AGARI ba="0,1" hai="16,23,24,27,29,33,37,39,76,81,86,93,99,100" machi="33" ten="30,2000,0" yaku="7,1,54,1" doraHai="50" who="0" fromWho="3" sc="321,30,229,0,221,0,219,-20" /><INIT seed="3,0,0,5,0,84" ten="351,229,221,199" oya="3" hai0="34,76,92,56,80,53,25,46,26,37,123,59,94" hai1="36,96,65,4,82,47,22,54,33,89,111,18,132" hai2="113,135,115,118,39,126,31,5,61,14,121,99,108" hai3="120,0,129,21,85,119,3,20,114,43,107,17,41"/><W78/><G114/><T104/><D104/><U32/><E111/><V101/><F118/><W105/><G119/><T28/><D123/><U131/><E131/><V127/><F108/><W79/><G120/><T64/><D64/><U83/><E132/><V23/><F39/><W50/><G85/><T81/><D59/><U58/><E33/><V75/><F75/><W7/><G50/><T9/><D9/><U74/><E32/><V8/><F135/><W116/><G116/><T97/><D26/><U71/><E71/><V10/><F121/><W130/><REACH who="3" step="1"/><G17/><REACH who="3" ten="351,229,221,189" step="2"/><T12/><D37/><U51/><E36/><V125/><F10/><W90/><G90/><T73/><D73/><U117/><E89/><V44/><F44/><W62/><G62/><T102/><D46/><U40/><E74/><V72/><F72/><W11/><G11/><T35/><D35/><U122/><E117/><V106/><F61/><W15/><G15/><T134/><D12/><U63/><E122/><V45/><F45/><W16/><G16/><T68/><D34/><U1/><E63/><V124/><F124/><W30/><G30/><T133/><D28/><U29/><E29/><V27/><AGARI ba="0,1" hai="5,8,14,23,27,31,99,101,106,113,115,125,126,127" machi="27" ten="40,2700,0" yaku="0,1,18,1" doraHai="84" who="2" fromWho="2" sc="351,-7,229,-7,221,37,189,-13" owari="344,44.4,222,-17.8,258,5.8,176,-32.4" /></mjloggm>