<mjloggm ver="2.3"><GO type="225" lobby="0"/><UN n0="%E3%81%BD%E3%81%A1%E3%81%9F%E3%81%93%E3%82%84" n1="%E7%99%BD%E5%80%89%E5%AF%9B%E4%B9%8B" n2="%E3%83%A9%E3%82%B9%E7%8E%87%EF%BC%93%E5%89%B2" n3="%E5%91%A8%E6%9D%B1" dan="17,16,16,17" rate="2220.56,2109.69,2174.85,2221.01" sx="M,M,F,M"/><TAIKYOKU oya="0"/><INIT seed="0,0,0,0,2,32" ten="250,250,250,250" oya="0" hai0="64,105,44,134,11,97,76,43,41,4,50,28,51" hai1="1,5,108,68,80,98,18,45,52,38,128,8,113" hai2="39,67,74,10,96,125,63,132,117,15,61,129,36" hai3="88,114,116,106,89,82,107,17,103,59,29,121,118"/><T48/><D134/><U79/><E68/><V112/><F112/><W37/><G37/><T47/><D28/><U87/><E113/><V109/><F74/><W65/><G29/><T131/><D131/><U6/><E128/><V62/><F129/><W100/><G59/><T92/><D105/><N who="3" m="39945" /><G17/><T58/><D76/><U2/><E98/><V91/><F132/><W22/><G22/><T126/><D126/><U54/><E108/><V56/><F109/><W19/><G19/><T26/><D26/><U102/><E102/><N who="3" m="38954" /><G65/><T83/><D83/><U75/><E87/><V12/><F125/><W73/><G114/><T95/><D97/><U14/><E6/><V49/><F39/><W34/><G34/><T25/><D25/><U40/><E1/><V111/><F36/><W85/><G121/><T90/><D90/><N who="3" m="34921" /><G73/><T27/><D27/><U16/><E18/><V127/><F127/><W66/><G66/><T35/><D35/><U60/><E60/><V104/><F67/><W31/><G31/><T13/><D51/><U94/><E94/><N who="2" m="56415" /><F15/><W0/><G0/><T93/><D93/><U46/><E45/><V55/><F104/><W71/><G71/><T119/><D64/><U69/><E69/><V133/><F111/><W77/><AGARI ba="0,0" hai="77,82,85,116,118" m="34921,38954,39945" machi="77" ten="30,4000,0" yaku="34,2,54,1" doraHai="32" who="3" fromWho="3" sc="250,-20,250,-10,250,-10,250,40" /><INIT seed="1,0,0,2,4,6" ten="230,240,240,290" oya="1" hai0="15,69,60,72,21,27,53,67,83,103,85,111,95" hai1="91,130,4,120,128,20,92,97,23,63,98,8,90" hai2="35,16,61,75,41,102,55,109,43,73,29,132,135" hai3="100,77,89,115,52,7,107,34,5,18,51,48,78"/><U28/><E120/><V123/><F123/><W71/><G115/><T25/><D111/><U38/><E38/><V113/><F109/><W49/><G71/><T14/><D72/><U62/><E97/><V94/><F113/><W80/><G34/><T122/><D122/><U131/><E91/><V65/><F55/><W26/><G107/><T57/><D95/><U121/><E121/><V116/><F116/><W134/><G100/><T101/><D103/><U17/><E28/><V88/><F102/><W118/><G134/><N who="2" m="51241" /><F29/><W31/><G31/><T129/><D101/><U30/><E30/><V56/><F35/><W64/><G64/><T68/><D129/><U105/><E105/><V2/><F2/><W22/><G118/><T117/><D117/><U9/><E23/><V12/><F75/><W46/><G89/><T119/><D119/><U104/><E104/><V45/><F45/><W81/><G77/><T106/><D106/><U36/><E36/><V24/><F73/><W79/><G79/><T66/><D66/><U133/><E133/><V114/><F24/><W32/><G32/><T93/><D27/><N who="1" m="14735" /><E4/><N who="3" m="1610" /><G78/><N who="0" m="46327" /><D67/><U127/><E127/><V19/><F114/><W74/><G74/><T40/><D14/><U110/><E110/><V99/><F19/><W82/><AGARI ba="0,0" hai="18,22,26,46,48,49,51,52,80,81,82" m="1610" machi="82" ten="30,2000,0" yaku="8,1,54,1" doraHai="6" who="3" fromWho="3" sc="230,-5,240,-10,240,-5,290,20" /><INIT seed="2,0,0,1,2,37" ten="225,230,235,310" oya="2" hai0="99,129,50,20,108,29,134,43,127,67,131,121,25" hai1="62,9,26,32,23,73,70,116,31,40,33,72,125" hai2="105,78,86,76,97,5,63,28,132,101,133,61,46" hai3="51,1,30,89,53,109,114,65,122,88,96,135,48"/><V94/><F5/><W2/><G122/><T13/><D121/><U80/><E116/><V82/><F28/><W4/><G30/><T36/><D108/><U34/><E125/><V47/><F78/><W8/><G109/><T24/><D127/><U7/><E80/><V18/><F18/><W41/><G65/><T35/><D134/><N who="2" m="51818" /><F105/><W69/><G69/><T90/><D36/><U95/><E95/><V12/><F12/><W103/><G135/><T56/><D13/><U49/><E62/><AGARI ba="0,0" hai="46,47,61,62,63,76,82,86,94,97,101" m="51818" machi="62" ten="30,1500,0" yaku="20,1" doraHai="37" who="2" fromWho="1" sc="225,0,230,-15,235,15,310,0" /><INIT seed="2,1,0,0,5,130" ten="225,215,250,310" oya="2" hai0="37,29,125,131,39,68,25,82,127,86,33,54,114" hai1="67,135,26,59,56,53,34,74,5,9,71,111,51" hai2="10,44,112,102,69,123,63,27,21,61,93,94,116" hai3="11,31,3,122,84,6,108,48,24,72,35,18,87"/><V38/><F112/><W85/><G72/><T20/><D114/><U41/><E74/><V132/><F116/><W77/><G122/><T88/><D131/><U129/><E129/><V15/><F123/><W73/><G108/><T113/><D113/><U60/><E111/><V40/><F132/><W2/><G48/><T115/><D115/><U97/><E135/><V12/><F12/><W32/><G32/><T128/><D128/><U110/><E110/><V13/><F13/><W19/><REACH who="3" step="1"/><G3/><REACH who="3" ten="225,215,250,300" step="2"/><T120/><D33/><U66/><E34/><V98/><F69/><W17/><G17/><T105/><D120/><U118/><E118/><V76/><F76/><W58/><G58/><T14/><D68/><U99/><E71/><V65/><F65/><W119/><G119/><T52/><D39/><U124/><E67/><V28/><REACH who="2" step="1"/><F94/><REACH who="2" ten="225,215,240,300" step="2"/><W45/><G45/><T36/><D125/><U91/><E124/><V107/><F107/><W106/><G106/><T22/><D105/><U1/><E66/><V90/><F90/><W80/><AGARI ba="1,2" hai="2,6,11,18,19,24,31,35,73,77,80,84,85,87" machi="80" ten="30,4000,0" yaku="1,1,0,1,53,1" doraHai="130" doraHaiUra="0" who="3" fromWho="3" sc="225,-11,215,-11,240,-21,300,63" /><INIT seed="3,0,0,4,0,46" ten="214,204,219,363" oya="3" hai0="72,129,9,24,41,1,59,91,121,61,115,78,95" hai1="118,33,90,84,83,131,48,87,97,99,6,60,10" hai2="80,105,2,98,39,124,40,36,27,14,47,130,20" hai3="4,103,42,58,37,100,75,81,70,66,3,49,18"/><W0/><G18/><T117/><D117/><U63/><E33/><V108/><F2/><W68/><G81/><T22/><D121/><U104/><E118/><V123/><F123/><W11/><G3/><T116/><D116/><U92/><E131/><V77/><F130/><W26/><G26/><T21/><D129/><U45/><E104/><V57/><F57/><W13/><G13/><T119/><D119/><U67/><E67/><V17/><F108/><W86/><G86/><T94/><D41/><N who="1" m="24623" /><E10/><V101/><F124/><W112/><G66/><T35/><D115/><U51/><E51/><V62/><F62/><N who="1" m="23593" /><E6/><V114/><F114/><W25/><G49/><T64/><D35/><U55/><E55/><V30/><F47/><W96/><G75/><T65/><D65/><U7/><E7/><V82/><F40/><W19/><G42/><T12/><D1/><U53/><E53/><V132/><F39/><W73/><G73/><T113/><D113/><U52/><E52/><V16/><F36/><W122/><G70/><T69/><D69/><U44/><E44/><V15/><F132/><W56/><G68/><T50/><D50/><U125/><E125/><V110/><F110/><W54/><G37/><T76/><D22/><U135/><E135/><V28/><F28/><W106/><G0/><T32/><D32/><U29/><E29/><V93/><F105/><W31/><G106/><T127/><D127/><U79/><AGARI ba="0,0" hai="79,83,84,87,90,92,97,99" m="23593,24623" machi="79" ten="30,2000,0" yaku="8,1,52,1" doraHai="46" who="1" fromWho="1" sc="214,-5,204,20,219,-5,363,-10" owari="209,-29.1,224,2.4,214,-18.6,353,45.3" /></mjloggm>