<mjloggm ver="2.3"><GO type="225" lobby="0"/><UN n0="%E8%90%BD%E6%97%A5" n1="%E6%9C%88%E5%B3%B6%E5%9F%BA" n2="%E6%A1%9C%E8%8A%B1%E9%96%83%E3%80%85" n3="%E5%A4%8F%E9%88%B4%E9%88%B4%E5%A4%8F" dan="17,16,16,16" rate="2214.48,2117.04,2139.78,2106.16" sx="F,M,M,F"/><TAIKYOKU oya="0"/><INIT seed="0,0,0,4,5,79" ten="250,250,250,250" oya="0" hai0="72,104,1,123,92,50,68,127,29,4,71,47,111" hai1="80,114,87,14,11,9,85,75,51,60,120,62,117" hai2="16,25,15,27,30,31,43,98,103,65,28,35,26" hai3="91,86,59,58,63,93,69,99,121,66,125,102,2"/><T20/><D104/><U112/><E117/><V115/><F115/><N who="1" m="44073" /><E120/><V52/><F43/><W116/><G116/><T64/><D123/><U90/><E75/><V33/><F65/><W129/><G129/><T38/><D72/><U130/><E130/><V67/><F67/><W113/><G113/><T39/><D127/><U56/><E85/><V0/><F52/><W34/><G125/><T101/><D4/><N who="1" m="3367" /><E11/><N who="2" m="6271" /><F98/><W21/><G34/><N who="2" m="12809" /><F103/><W6/><G121/><T77/><D1/><AGARI ba="0,0" hai="0,1,25,26,27,28,30,31" m="12809,6271" machi="1" ten="40,12000,2" yaku="35,5,54,1" doraHai="79" who="2" fromWho="0" sc="250,-120,250,0,250,120,250,0" /><INIT seed="1,0,0,1,5,83" ten="130,250,370,250" oya="1" hai0="82,76,94,46,78,59,13,74,52,120,1,65,75" hai1="2,49,26,40,9,35,15,42,118,112,67,36,126" hai2="45,77,92,31,95,50,129,10,97,99,19,90,84" hai3="37,121,133,30,125,116,109,93,24,124,122,115,73"/><U64/><E112/><V101/><F129/><W135/><G37/><T127/><D1/><U16/><E118/><V128/><F128/><W62/><G73/><T12/><D127/><N who="3" m="48713" /><G62/><T21/><D120/><N who="3" m="46185" /><G93/><T85/><D65/><U47/><E126/><V119/><F31/><W3/><G115/><T66/><D66/><U8/><E36/><V108/><F108/><W91/><G91/><T70/><D70/><U102/><E102/><V71/><F119/><W79/><G79/><T55/><D46/><U54/><E35/><V86/><F71/><W113/><G113/><T29/><D74/><U4/><E26/><V117/><F77/><W107/><G107/><T98/><D76/><U25/><E25/><V22/><F10/><W87/><G87/><T38/><D38/><U33/><E33/><V104/><F104/><W61/><G61/><T18/><D29/><U56/><E42/><N who="2" m="24887" /><F117/><W68/><G68/><T34/><D34/><U20/><E64/><V106/><F106/><W63/><G63/><N who="0" m="36327" /><D75/><U43/><E67/><V111/><F111/><W5/><G116/><T41/><D41/><U69/><E69/><V103/><F103/><W81/><G109/><T110/><D55/><U132/><E43/><V134/><F134/><W32/><G135/><T53/><D53/><U60/><E132/><V23/><F23/><W88/><G133/><T105/><D105/><U27/><E2/><V17/><F22/><W100/><G3/><T7/><D110/><U58/><E9/><V123/><F123/><W6/><G100/><N who="0" m="60503" /><D7/><U14/><E56/><V96/><F101/><W72/><G72/><RYUUKYOKU ba="0,0" sc="130,0,250,0,370,0,250,0" hai0="12,13,18,21,78,82,85" hai1="4,8,14,15,16,20,27,40,47,49,54,58,60" hai2="17,19,84,86,90,92,95,96,97,99" hai3="5,6,24,30,32,81,88" /><INIT seed="1,1,0,5,1,37" ten="130,250,370,250" oya="1" hai0="65,131,84,41,72,22,69,43,87,121,50,13,97" hai1="4,25,31,8,98,21,74,125,23,112,77,54,73" hai2="115,94,7,45,70,123,86,33,101,109,106,26,55" hai3="107,1,117,116,57,129,85,6,27,44,16,42,126"/><U90/><E112/><V0/><F123/><W127/><G107/><T83/><D121/><U128/><E128/><V62/><F94/><W9/><G129/><T58/><D131/><U91/><E125/><N who="3" m="47626" /><G57/><T24/><D69/><U132/><E132/><V113/><F86/><W68/><G85/><T61/><D72/><U28/><E54/><V79/><F79/><W108/><G68/><T95/><D13/><U51/><E51/><N who="2" m="29167" /><F7/><W15/><G27/><T75/><D50/><U10/><E25/><V47/><F47/><W71/><G108/><T20/><D75/><U49/><E49/><V93/><F93/><W78/><G78/><T12/><D12/><U102/><E77/><V35/><F0/><W48/><G71/><T14/><D14/><U122/><E4/><V30/><F35/><W124/><N who="3" m="47634" /><W111/><DORA hai="88" /><G111/><T80/><D84/><U38/><E122/><V89/><F109/><W100/><G100/><N who="0" m="60479" /><D22/><AGARI ba="1,0" hai="1,6,9,15,16,22,42,44,48,116,117" m="47634" machi="22" ten="40,5200,0" yaku="18,1,52,1,54,1" doraHai="37,88" who="3" fromWho="0" sc="130,-55,250,0,370,0,250,55" /><INIT seed="2,0,0,5,5,29" ten="75,250,370,305" oya="2" hai0="73,88,36,37,67,28,17,90,74,123,63,133,110" hai1="114,89,94,14,77,5,9,25,59,42,131,23,51" hai2="129,130,1,78,87,54,24,135,85,7,8,134,56" hai3="103,45,105,0,58,109,84,83,16,35,53,65,22"/><V3/><F3/><W76/><G0/><T108/><D28/><U68/><E68/><V50/><F24/><W49/><G109/><T132/><D63/><U81/><E114/><V113/><F113/><W10/><G10/><T127/><D67/><U48/><E131/><N who="2" m="50187" /><F78/><W102/><G35/><T72/><D17/><U119/><E119/><V75/><F75/><W61/><REACH who="3" step="1"/><G105/><REACH who="3" ten="75,250,370,295" step="2"/><T26/><D26/><AGARI ba="0,1" hai="16,22,26,45,49,53,58,61,65,76,83,84,102,103" machi="26" ten="30,12000,2" yaku="1,1,2,1,7,1,8,1,54,1,53,1" doraHai="29" doraHaiUra="82" who="3" fromWho="0" sc="75,-120,250,0,370,0,295,130" owari="-45,-54.5,250,-15.0,370,17.0,425,52.5" /></mjloggm>