<mjloggm ver="2.3"><GO type="225" lobby="0"/><UN n0="%E3%83%96%E3%83%83%E3%83%91%E3%82%AA%E3%83%96%E3%83%81%E3%82%AD%E3%83%B3" n1="%E3%81%BF%E3%81%BF%E3%81%9A" n2="%72%65%6E%6B%75%6E" n3="%E7%99%BD%E5%80%89%E5%AF%9B%E4%B9%8B" dan="17,17,17,16" rate="2214.66,2208.01,2193.65,2143.27" sx="M,M,M,M"/><TAIKYOKU oya="0"/><INIT seed="0,0,0,0,4,125" ten="250,250,250,250" oya="0" hai0="130,58,56,111,24,64,128,75,72,92,22,108,124" hai1="77,79,135,114,112,47,118,93,115,91,59,73,29" hai2="110,82,0,34,8,94,11,89,13,97,6,33,60" hai3="126,86,129,121,67,25,70,63,98,80,99,18,51"/><T122/><D122/><U16/><E118/><V123/><F110/><N who="0" m="42026" /><D124/><U61/><E135/><V36/><F36/><W116/><G126/><T95/><D95/><U49/><E29/><V65/><F82/><W7/><G116/><T68/><D68/><U5/><E5/><V120/><F120/><W119/><G119/><T15/><D15/><U66/><E73/><N who="0" m="28233" /><D92/><U71/><E71/><V42/><F42/><W100/><G121/><T12/><D12/><U26/><E26/><V57/><REACH who="2" step="1"/><F123/><REACH who="2" ten="250,250,240,250" step="2"/><W132/><G80/><T102/><D102/><U38/><E38/><V103/><F103/><W20/><G100/><T54/><D64/><U48/><E79/><V134/><F134/><W41/><G132/><T133/><D133/><U105/><E77/><V14/><F14/><W45/><G67/><T83/><D83/><U28/><E114/><V90/><F90/><W74/><G41/><T96/><D96/><U88/><E112/><V2/><F2/><W40/><G99/><T37/><D37/><U19/><E115/><V10/><F10/><W127/><G98/><T62/><D58/><U117/><E59/><V27/><F27/><W109/><G25/><T78/><D78/><U85/><E66/><V81/><F81/><W104/><G127/><T50/><D50/><U1/><E117/><V55/><F55/><W3/><G51/><T43/><D43/><U131/><E49/><V32/><F32/><W21/><G40/><T39/><D39/><U84/><E48/><V44/><F44/><W76/><G45/><T106/><D106/><U4/><E47/><V30/><F30/><AGARI ba="0,1" hai="22,24,30,54,56,62,128,130" m="28233,42026" machi="30" ten="30,12000,1" yaku="6,1,14,1,10,1,52,2" doraHai="125" who="0" fromWho="2" sc="250,130,250,0,240,-120,250,0" /><INIT seed="0,1,0,4,1,3" ten="380,250,120,250" oya="0" hai0="89,119,91,55,121,20,77,69,49,116,50,95,29" hai1="99,16,6,85,39,93,90,98,36,46,103,130,112" hai2="92,12,51,72,96,84,58,108,43,34,8,109,68" hai3="28,76,38,118,13,135,14,132,110,4,2,62,5"/><T88/><D121/><U131/><E112/><V52/><F34/><W10/><G38/><T122/><D122/><U26/><E6/><N who="3" m="2666" /><G118/><T82/><D69/><U71/><E71/><V66/><F72/><W117/><G117/><T115/><D115/><U79/><E79/><V87/><F43/><W32/><G110/><T73/><D119/><U70/><E70/><V60/><F108/><W11/><G2/><T57/><D116/><U105/><E99/><V54/><F54/><W78/><G62/><T100/><D100/><U53/><E53/><V40/><F40/><W74/><G28/><T101/><D101/><U1/><E46/><V94/><F109/><W9/><G32/><T75/><D75/><U22/><REACH who="1" step="1"/><E1/><REACH who="1" ten="380,240,120,250" step="2"/><V125/><F125/><W7/><G74/><T111/><D111/><U27/><E27/><V128/><F128/><AGARI ba="1,1" hai="16,22,26,36,39,85,90,93,98,103,105,128,130,131" machi="128" ten="40,5200,0" yaku="1,1,19,1,54,1,53,0" doraHai="3" doraHaiUra="30" who="1" fromWho="2" sc="380,0,240,65,120,-55,250,0" /><INIT seed="1,0,0,1,0,76" ten="380,305,65,250" oya="1" hai0="55,64,26,3,46,111,51,87,115,27,86,38,77" hai1="90,41,89,16,28,29,126,68,110,47,122,14,133" hai2="71,132,36,67,130,43,37,97,98,6,60,63,18" hai3="32,88,105,94,10,127,107,20,5,17,101,9,112"/><U99/><E122/><V33/><F6/><W128/><G32/><T82/><D115/><U35/><E68/><V31/><F18/><W70/><G70/><T0/><D111/><U81/><E110/><V34/><F130/><W100/><G112/><T74/><D64/><U108/><E108/><V49/><F132/><W104/><G128/><T106/><D106/><U135/><E126/><V22/><F22/><W129/><G129/><T113/><D113/><U118/><E118/><V83/><F83/><W79/><G79/><T116/><D116/><U50/><E99/><V109/><F109/><W13/><G127/><T84/><REACH who="0" step="1"/><D38/><REACH who="0" ten="370,305,65,250" step="2"/><U96/><E135/><V78/><F67/><W58/><G105/><T42/><D42/><U4/><E133/><V40/><F71/><W91/><G107/><T120/><D120/><U12/><E35/><V123/><F123/><W134/><G104/><T73/><D73/><U121/><E121/><V30/><REACH who="2" step="1"/><F78/><REACH who="2" ten="370,305,55,250" step="2"/><W61/><G134/><T66/><D66/><U57/><E4/><V95/><F95/><W72/><G94/><T23/><D23/><U53/><E81/><V39/><F39/><W119/><G20/><T92/><D92/><U62/><E28/><V69/><F69/><W24/><G119/><T1/><AGARI ba="0,2" hai="0,1,3,26,27,46,51,55,74,77,82,84,86,87" machi="1" ten="40,5200,0" yaku="1,1,0,1,52,1,53,0" doraHai="76" doraHaiUra="54" who="0" fromWho="0" sc="370,72,305,-26,55,-13,250,-13" /><INIT seed="2,0,0,1,3,7" ten="442,279,42,237" oya="2" hai0="98,15,79,73,90,129,69,28,126,124,65,110,123" hai1="58,67,21,80,57,36,86,24,111,76,52,51,119" hai2="96,22,39,70,135,2,40,130,53,60,74,88,92" hai3="26,13,81,56,127,99,8,55,41,106,59,82,0"/><V20/><F74/><W14/><G127/><N who="0" m="48683" /><D123/><U25/><E111/><V37/><F2/><W64/><G0/><T125/><N who="0" m="48691" /><T118/><DORA hai="115" /><D118/><U4/><E119/><V104/><F130/><W50/><G41/><T35/><D110/><U97/><E36/><V77/><F77/><W61/><G14/><T62/><D129/><U71/><E71/><V6/><F6/><W16/><REACH who="3" step="1"/><G26/><REACH who="3" ten="442,279,42,227" step="2"/><N who="0" m="18839" /><D15/><U113/><E113/><V84/><F135/><W63/><G63/><T34/><D34/><U103/><E4/><V31/><F31/><W101/><AGARI ba="0,1" hai="8,13,16,50,55,56,59,61,64,81,82,99,101,106" machi="101" ten="30,7900,0" yaku="1,1,0,1,52,1,54,1,53,0" doraHai="7,115" doraHaiUra="75,32" who="3" fromWho="3" sc="442,-20,279,-20,42,-39,227,89" /><INIT seed="3,0,0,0,5,102" ten="422,259,3,316" oya="3" hai0="101,135,125,65,27,66,76,36,122,130,103,21,88" hai1="100,31,47,7,96,108,77,50,127,110,30,6,67" hai2="99,105,53,75,134,8,3,29,48,117,87,124,86" hai3="60,121,26,41,39,89,84,113,1,45,5,64,16"/><W70/><G113/><T106/><D122/><U128/><E67/><N who="0" m="25609" /><D106/><U24/><E127/><V92/><F29/><W98/><G121/><T115/><D36/><U71/><E128/><V132/><F48/><W11/><G98/><T34/><D34/><U40/><E71/><V114/><F53/><W111/><G111/><T57/><D125/><U32/><E77/><V131/><F8/><W58/><G70/><T104/><D104/><U2/><E31/><V20/><F20/><W72/><G72/><T73/><D73/><U19/><E19/><V79/><F79/><W23/><REACH who="3" step="1"/><G89/><REACH who="3" ten="422,259,3,306" step="2"/><T42/><D115/><U118/><E118/><V59/><F99/><W35/><G35/><T15/><D130/><U28/><E28/><V51/><F75/><W14/><G14/><T133/><D15/><U80/><E80/><V18/><F3/><W25/><G25/><T97/><D76/><U69/><E69/><V109/><F117/><W13/><G13/><T123/><D123/><U95/><REACH who="1" step="1"/><E2/><REACH who="1" ten="422,249,3,306" step="2"/><V43/><F114/><W90/><G90/><T112/><D88/><U55/><E55/><N who="2" m="32255" /><F124/><W52/><G52/><T82/><D112/><U33/><E33/><V61/><F131/><W56/><G56/><T0/><D0/><U9/><E9/><V17/><F109/><AGARI ba="0,2" hai="6,7,24,30,32,40,47,50,95,96,100,108,109,110" machi="109" ten="40,5200,0" yaku="1,1,14,1,53,1" doraHai="102" doraHaiUra="91" who="1" fromWho="2" sc="422,0,249,72,3,-52,306,0" owari="422,52.2,321,12.1,-49,-54.9,306,-9.4" /></mjloggm>