<mjloggm ver="2.3"><GO type="225" lobby="0"/><UN n0="%E6%98%93%E5%88%A9%E8%96%A9%E4%BC%AF" n1="%72%61%6B%33" n2="%E9%A6%AC%E5%BC%95%E7%81%AB%33" n3="%E6%A1%9C%E8%8A%B1%E9%96%83%E3%80%85" dan="17,16,16,16" rate="2167.09,2075.67,2143.56,2152.84" sx="F,M,M,M"/><TAIKYOKU oya="0"/><INIT seed="0,0,0,4,2,69" ten="250,250,250,250" oya="0" hai0="16,94,133,46,20,11,105,119,116,51,115,15,130" hai1="19,40,107,72,124,8,23,59,44,14,57,63,7" hai2="125,79,22,76,13,102,61,78,92,75,17,58,81" hai3="132,43,84,74,113,54,117,25,126,82,85,83,65"/><T39/><D115/><U35/><E124/><V6/><F125/><W129/><G126/><T90/><D105/><U123/><E123/><V31/><F6/><W1/><G113/><T70/><D70/><U41/><E107/><V64/><REACH who="2" step="1"/><F31/><REACH who="2" ten="250,250,240,250" step="2"/><W53/><G1/><T93/><D133/><U38/><E72/><V77/><F77/><W47/><G74/><T45/><D130/><U127/><E127/><V2/><F2/><W89/><G129/><T110/><D110/><U135/><E135/><V120/><F120/><W10/><G132/><T134/><D134/><U98/><E35/><V108/><F108/><W30/><G30/><T66/><D119/><U12/><E41/><V26/><F26/><W60/><G25/><T27/><D116/><U48/><E98/><AGARI ba="0,1" hai="13,17,22,58,61,64,75,76,78,79,81,92,98,102" machi="98" ten="40,8000,1" yaku="1,1,53,3" doraHai="69" doraHaiUra="73" who="2" fromWho="1" sc="250,0,250,-80,240,90,250,0" /><INIT seed="1,0,0,0,4,24" ten="250,170,330,250" oya="1" hai0="23,39,25,41,90,32,15,114,13,115,34,47,91" hai1="106,92,38,84,128,2,95,53,78,18,93,86,83" hai2="99,16,82,77,118,27,79,37,17,134,87,29,50" hai3="30,54,130,81,28,62,126,22,45,11,97,46,108"/><U55/><E38/><V135/><F118/><W80/><G108/><T117/><D117/><U101/><E2/><V104/><F37/><W52/><G126/><T66/><D66/><U7/><E7/><V20/><F77/><W1/><G130/><T44/><D25/><U42/><E128/><V31/><F17/><W43/><G22/><T122/><D39/><U125/><E125/><V127/><F127/><W57/><G43/><T71/><D23/><U70/><E70/><V9/><F9/><W75/><G75/><T102/><D102/><U35/><E35/><V107/><F50/><N who="3" m="28759" /><G1/><T33/><D71/><U58/><E42/><V51/><F51/><N who="3" m="29039" /><G97/><T3/><D34/><U85/><E18/><V76/><F76/><W124/><G11/><T109/><D41/><U10/><E10/><V105/><REACH who="2" step="1"/><F99/><REACH who="2" ten="250,170,320,250" step="2"/><W72/><G124/><T56/><D109/><U0/><E0/><V19/><F19/><W65/><G72/><T48/><D3/><U61/><REACH who="1" step="1"/><E53/><REACH who="1" ten="250,160,320,250" step="2"/><V116/><F116/><W60/><G60/><T110/><D110/><U67/><E67/><V14/><F14/><W113/><G113/><T123/><D13/><U88/><E88/><V5/><F5/><W103/><G103/><T119/><D15/><U112/><E112/><V64/><F64/><W59/><G59/><T100/><D115/><U26/><E26/><V8/><F8/><W12/><G12/><T69/><D114/><U73/><E73/><V36/><F36/><W132/><G57/><T6/><D100/><U40/><E40/><V121/><F121/><W74/><G74/><T4/><D123/><RYUUKYOKU ba="0,2" sc="250,-15,160,15,320,15,250,-15" hai1="55,58,61,78,83,84,85,86,92,93,95,101,106" hai2="16,20,27,29,31,79,82,87,104,105,107,134,135" /><INIT seed="1,1,2,1,5,15" ten="235,175,335,235" oya="1" hai0="11,76,37,100,17,127,106,38,134,90,73,56,35" hai1="105,52,114,14,92,8,36,102,95,63,45,81,120" hai2="4,110,50,26,2,71,55,61,116,51,99,65,22" hai3="86,42,59,20,9,33,3,18,135,29,93,57,87"/><U115/><E120/><V60/><F116/><W28/><G135/><T72/><D35/><U77/><E105/><V44/><F110/><W34/><G42/><T23/><D134/><U91/><E102/><V21/><F2/><W104/><G104/><T117/><D117/><U31/><E31/><N who="3" m="11850" /><G3/><T64/><D11/><U7/><E36/><V97/><F4/><W88/><G34/><T32/><D32/><U75/><E95/><V122/><F122/><W69/><G69/><T80/><D73/><U40/><E40/><V47/><F61/><W111/><G111/><T19/><D127/><U125/><E125/><V62/><F62/><W6/><G33/><T84/><D56/><N who="3" m="21577" /><G9/><T98/><D64/><U119/><E119/><V130/><F130/><W5/><G86/><T70/><D70/><U49/><REACH who="1" step="1"/><E63/><REACH who="1" ten="235,165,335,235" step="2"/><V30/><F60/><W121/><G121/><T48/><D48/><U82/><E82/><V118/><F51/><W67/><G67/><T107/><D107/><U113/><E113/><V94/><F50/><W101/><G101/><T112/><D112/><U54/><E54/><V124/><F55/><W27/><AGARI ba="1,3" hai="5,6,18,20,27,87,88,93" m="21577,11850" machi="27" ten="30,4000,0" yaku="8,1,52,1,54,1" doraHai="15" who="3" fromWho="3" sc="235,-11,165,-21,335,-11,235,73" /><INIT seed="2,0,0,1,5,76" ten="224,144,324,308" oya="2" hai0="19,72,107,97,87,135,82,77,60,102,5,91,110" hai1="39,1,108,66,51,118,86,119,106,100,21,61,38" hai2="85,114,124,127,88,40,17,93,13,33,4,78,68" hai3="92,50,74,56,115,113,15,37,83,104,28,90,134"/><V130/><F114/><N who="3" m="43531" /><G37/><T105/><D5/><U22/><E1/><V52/><F130/><W96/><G134/><T49/><D135/><U94/><E108/><V58/><F68/><W55/><G28/><T129/><D60/><U41/><E106/><V79/><F33/><W29/><G29/><T75/><D19/><U54/><E39/><V36/><F4/><W98/><G15/><T12/><D12/><U18/><E22/><N who="2" m="11567" /><F40/><W47/><G47/><T99/><D49/><U101/><E101/><V8/><F8/><W57/><G57/><T27/><D27/><U48/><E48/><N who="2" m="30983" /><F36/><W2/><G2/><T59/><D59/><U120/><E41/><V132/><F132/><W20/><G20/><T42/><D42/><U23/><E23/><V125/><AGARI ba="0,0" hai="78,79,85,88,93,124,125,127" m="30983,11567" machi="125" ten="30,11700,0" yaku="25,1,18,1,54,2" doraHai="76" who="2" fromWho="2" sc="224,-39,144,-39,324,117,308,-39" /><INIT seed="2,1,0,4,2,107" ten="185,105,441,269" oya="2" hai0="6,127,122,48,79,88,68,133,124,100,39,103,102" hai1="16,21,37,51,74,101,15,123,70,81,77,42,28" hai2="104,76,126,129,5,10,87,80,119,4,85,34,73" hai3="19,57,92,75,50,120,41,135,105,130,72,99,111"/><V115/><F115/><W14/><G120/><T23/><D39/><U98/><E123/><V90/><F34/><W109/><G105/><T86/><D68/><U38/><E70/><V82/><F119/><W108/><G135/><T53/><D122/><U117/><E117/><V12/><F104/><W2/><G2/><T132/><D79/><U58/><E28/><V13/><F126/><N who="0" m="48170" /><D23/><U27/><E27/><V121/><F121/><W71/><G71/><T11/><D48/><U93/><REACH who="1" step="1"/><E58/><REACH who="1" ten="185,95,441,269" step="2"/><V25/><F25/><W118/><G57/><T66/><D133/><U65/><E65/><V44/><F44/><AGARI ba="1,1" hai="15,16,21,37,38,42,44,51,74,77,81,93,98,101" machi="44" ten="40,8000,1" yaku="1,1,52,1,54,1,53,1" doraHai="107" doraHaiUra="8" who="1" fromWho="2" sc="185,0,95,93,441,-83,269,0" /><INIT seed="3,0,0,4,2,11" ten="185,188,358,269" oya="3" hai0="0,42,113,106,45,38,85,54,28,122,8,126,128" hai1="68,74,83,6,17,110,53,105,87,49,29,72,116" hai2="55,44,107,118,43,7,52,92,134,112,18,23,41" hai3="80,14,103,3,37,1,88,89,102,21,22,30,71"/><W50/><G37/><T97/><D122/><U86/><E68/><V91/><F107/><W125/><G71/><T70/><D128/><U93/><E105/><V115/><F118/><W16/><G125/><T10/><D126/><U32/><E116/><V24/><F134/><W133/><G133/><T57/><D70/><U35/><E6/><V94/><F7/><W58/><G1/><T33/><D113/><U96/><E110/><V109/><F109/><W120/><G3/><T26/><D0/><U101/><E87/><N who="2" m="52351" /><F115/><W104/><G104/><T56/><D85/><U27/><E17/><V78/><F78/><W117/><G120/><T25/><D25/><U66/><E66/><V39/><F39/><W76/><G50/><T99/><D57/><U67/><E67/><V130/><F130/><W84/><G58/><T61/><REACH who="0" step="1"/><D99/><REACH who="0" ten="175,188,358,269" step="2"/><U82/><E32/><V31/><F112/><W98/><G117/><T13/><D13/><U51/><E83/><V123/><F24/><N who="3" m="16663" /><G98/><T34/><D34/><U135/><E135/><V65/><F123/><W124/><G124/><T132/><D132/><U119/><E119/><V40/><F44/><W46/><G46/><T48/><D48/><U2/><E2/><V47/><F47/><W19/><G14/><T9/><D9/><U77/><E51/><V15/><F15/><W121/><G121/><T90/><D90/><N who="3" m="34921" /><G21/><T111/><D111/><U75/><E75/><V114/><F114/><W100/><AGARI ba="0,1" hai="16,19,76,80,84,100,102,103" m="34921,16663" machi="100" ten="30,6000,0" yaku="8,1,54,2" doraHai="11" who="3" fromWho="3" sc="175,-20,188,-20,358,-20,269,70" owari="155,-34.5,168,-23.2,338,13.8,339,43.9" /></mjloggm>