<mjloggm ver="2.3"><GO type="225" lobby="0"/><UN n0="%E4%BF%BA%E3%81%A8%E5%A6%96%E5%A4%A2" n1="%E6%97%A5%E6%9B%9C%E6%97%A5%E3%82%88%E3%82%8A%E3%81%AE%E4%BD%BF%E8%80%85" n2="%E6%98%A5%E3%81%AE%E3%81%8B%E3%81%91%E3%82%89" n3="%E9%B4%A8%4E%45%47%49" dan="16,16,16,16" rate="2230.33,2137.26,2070.31,2099.94" sx="F,M,F,M"/><TAIKYOKU oya="0"/><INIT seed="0,0,0,0,4,93" ten="250,250,250,250" oya="0" hai0="94,8,119,71,135,98,48,81,17,51,115,121,125" hai1="44,108,7,111,47,33,109,52,118,129,53,37,19" hai2="96,43,50,56,69,25,54,62,72,126,120,73,64" hai3="14,67,58,101,70,76,1,57,34,38,16,107,18"/><T117/><D115/><U88/><E118/><V9/><F120/><W15/><G1/><T61/><D121/><U106/><E129/><V35/><F126/><W36/><G34/><T99/><D125/><U78/><E106/><V30/><F9/><W40/><G76/><T65/><D135/><U80/><E33/><V55/><F43/><W45/><G70/><T6/><D17/><U21/><E7/><V85/><F85/><W128/><G128/><T102/><D81/><U20/><E20/><V29/><F29/><W124/><G124/><T105/><D119/><U11/><E11/><V116/><F116/><W127/><G127/><T91/><REACH who="0" step="1"/><D117/><REACH who="0" ten="240,250,250,250" step="2"/><U74/><E109/><V49/><REACH who="2" step="1"/><F96/><REACH who="2" ten="240,250,240,250" step="2"/><W23/><G18/><T83/><D83/><U24/><E108/><V5/><F5/><W123/><G123/><T113/><D113/><U59/><E111/><V31/><F31/><W110/><G110/><T66/><D66/><U0/><E19/><V4/><F4/><W100/><G67/><T131/><D131/><U39/><E80/><V3/><F3/><AGARI ba="0,2" hai="3,6,8,48,51,61,65,71,91,94,98,99,102,105" machi="3" ten="30,11600,0" yaku="1,1,7,1,52,2,53,0" doraHai="93" doraHaiUra="130" who="0" fromWho="2" sc="240,136,250,0,240,-116,250,0" /><INIT seed="0,1,0,5,5,117" ten="376,250,124,250" oya="0" hai0="48,108,113,55,116,59,110,4,82,128,33,15,85" hai1="92,120,35,32,52,63,69,115,64,39,127,74,3" hai2="114,66,96,118,45,76,0,53,72,49,54,81,102" hai3="60,40,132,19,57,93,100,47,105,75,7,99,71"/><T90/><D116/><U89/><E120/><V23/><F118/><W87/><G132/><T91/><D113/><U65/><E74/><V86/><F114/><W18/><G71/><T6/><D33/><U58/><E3/><V28/><F0/><W41/><G75/><T94/><D128/><U68/><E127/><V9/><F72/><W10/><G105/><T131/><D131/><U133/><E115/><V26/><F66/><W13/><G87/><T12/><D12/><U2/><E2/><V11/><REACH who="2" step="1"/><F53/><REACH who="2" ten="376,250,114,250" step="2"/><W22/><G41/><T62/><D110/><U5/><E65/><V119/><F119/><W106/><G106/><AGARI ba="1,1" hai="9,11,23,26,28,45,49,54,76,81,86,96,102,106" machi="106" ten="30,3900,0" yaku="1,1,7,1,53,1" doraHai="117" doraHaiUra="73" who="2" fromWho="3" sc="376,0,250,0,114,52,250,-42" /><INIT seed="1,0,0,5,2,7" ten="376,250,166,208" oya="1" hai0="104,115,44,15,57,116,47,53,113,14,78,49,72" hai1="69,121,48,133,76,96,82,11,37,97,64,100,31" hai2="27,122,46,5,111,2,91,35,81,16,17,107,118" hai3="73,129,88,1,112,132,68,39,36,105,3,30,50"/><U42/><E37/><V28/><F107/><W120/><RYUUKYOKU type="yao9" ba="0,0" sc="376,0,250,0,166,0,208,0" hai3="1,3,30,36,39,50,68,73,88,105,112,120,129,132" /><INIT seed="1,1,0,4,3,14" ten="376,250,166,208" oya="1" hai0="87,94,108,72,135,103,133,35,28,56,33,79,1" hai1="61,128,101,12,21,129,118,109,58,107,111,0,84" hai2="30,98,47,38,119,39,120,99,75,36,106,86,48" hai3="51,34,24,125,8,122,105,15,69,112,7,80,2"/><U126/><E0/><V32/><F75/><W130/><G105/><T59/><D1/><U16/><E118/><V85/><F119/><W3/><G69/><T117/><D117/><U89/><E126/><V131/><F120/><W65/><G65/><T81/><D108/><N who="1" m="41547" /><E101/><V53/><F131/><W77/><G130/><N who="1" m="50282" /><E107/><V29/><F32/><W83/><G125/><T40/><D40/><U132/><E132/><N who="0" m="50761" /><D28/><U90/><E84/><V91/><F86/><W64/><G64/><AGARI ba="1,0" hai="12,16,21,58,61,64,89,90" m="50282,41547" machi="64" ten="30,12000,1" yaku="14,1,10,1,19,1,52,1,54,1" doraHai="14" who="1" fromWho="3" sc="376,0,250,123,166,0,208,-123" /><INIT seed="1,2,0,4,4,60" ten="376,373,166,85" oya="1" hai0="87,103,15,116,16,126,12,25,130,24,76,111,112" hai1="44,0,61,66,131,32,4,51,107,20,26,96,97" hai2="86,98,78,115,64,108,57,89,101,72,121,68,22" hai3="73,2,23,124,14,35,47,134,106,43,95,99,21"/><U122/><E32/><V65/><F121/><W88/><G35/><T10/><D112/><U37/><E37/><V52/><F115/><W6/><G134/><T53/><D116/><U133/><E122/><V62/><F108/><W5/><G124/><T75/><D75/><U7/><E0/><V74/><F78/><W109/><G109/><T27/><D111/><U67/><E131/><V29/><F72/><W85/><G73/><T84/><D130/><U42/><E133/><V125/><F74/><W41/><G2/><T104/><D126/><U9/><E107/><V13/><F125/><W117/><G117/><T135/><D135/><U3/><E7/><V81/><F68/><W70/><G70/><T54/><D76/><U18/><REACH who="1" step="1"/><E67/><REACH who="1" ten="376,363,166,85" step="2"/><V77/><F64/><W46/><G6/><T36/><D36/><U132/><E132/><V34/><F65/><W38/><G106/><T8/><D104/><U105/><E105/><V50/><F34/><W30/><G30/><T92/><D84/><U39/><E39/><V91/><F29/><W55/><G85/><T93/><D87/><U90/><E90/><V120/><F120/><W127/><G127/><T119/><D119/><U83/><E83/><V11/><F89/><W114/><G114/><T45/><D103/><U82/><E82/><V94/><F101/><W71/><G71/><AGARI ba="2,1" hai="3,4,9,18,20,26,42,44,51,61,66,71,96,97" machi="71" ten="30,5800,0" yaku="1,1,7,1,52,1,53,0" doraHai="60" doraHaiUra="80" who="1" fromWho="3" sc="376,0,363,74,166,0,85,-64" /><INIT seed="1,3,0,4,3,82" ten="376,437,166,21" oya="1" hai0="49,42,117,104,119,100,6,33,14,133,5,114,111" hai1="58,64,129,37,9,18,120,105,99,34,29,39,20" hai2="97,83,31,106,36,10,66,68,43,54,23,35,47" hai3="125,88,127,13,95,12,15,121,62,17,86,7,89"/><U102/><E120/><V70/><F35/><W113/><G113/><T56/><D114/><U101/><E101/><V16/><F31/><W52/><G121/><T132/><D104/><U50/><E129/><V77/><F66/><W131/><G131/><T61/><D100/><U2/><E34/><V59/><F10/><W44/><G7/><T81/><D33/><U25/><E2/><V87/><F97/><W53/><G89/><T115/><D115/><U3/><E50/><V73/><F73/><W8/><G62/><T48/><D111/><U108/><E108/><V94/><F94/><W116/><G116/><T57/><D81/><U91/><E91/><V67/><F67/><W134/><G134/><T65/><D14/><N who="3" m="5737" /><G44/><T112/><D112/><U22/><E9/><V1/><F1/><W76/><G76/><T72/><D72/><U60/><E3/><V30/><F30/><W21/><G8/><T51/><D42/><U69/><E69/><V103/><F103/><W38/><G38/><T24/><D24/><AGARI ba="3,0" hai="18,20,22,24,25,29,37,39,58,60,64,99,102,105" machi="24" ten="30,1500,0" yaku="7,1" doraHai="82" who="1" fromWho="0" sc="376,-24,437,24,166,0,21,0" /><INIT seed="1,4,0,0,2,10" ten="352,461,166,21" oya="1" hai0="57,16,20,100,37,64,55,93,84,66,25,31,6" hai1="78,104,65,116,22,91,74,30,1,11,90,19,70" hai2="124,72,53,128,27,81,52,115,130,29,34,120,71" hai3="96,18,41,28,61,0,129,89,5,102,86,117,47"/><U97/><E116/><V45/><F120/><W131/><G117/><T35/><D37/><U83/><E70/><V14/><F124/><W39/><G28/><T107/><D107/><U4/><E65/><V105/><F71/><W79/><G18/><T48/><D6/><U99/><E30/><V67/><F67/><W8/><G79/><T13/><D100/><U122/><E122/><V108/><F105/><W43/><G61/><T87/><D87/><U110/><E110/><V9/><F108/><W42/><G89/><T54/><D55/><U44/><E44/><V24/><F24/><W73/><G86/><T88/><AGARI ba="4,0" hai="13,16,20,25,31,35,48,54,57,64,66,84,88,93" machi="88" ten="30,12000,2" yaku="0,1,25,2,52,1,54,2" doraHai="10" who="0" fromWho="0" sc="352,132,461,-64,166,-34,21,-34" owari="484,58.4,397,19.7,132,-26.8,-13,-51.3" /></mjloggm>