<mjloggm ver="2.3"><GO type="225" lobby="0"/><UN n0="%43%68%65" n1="%E5%8D%A0%E3%81%84%E5%B8%AB%E8%A3%8F%E3%81%AA%E3%81%84%E3%81%97" n2="%E3%83%A9%E3%82%B9%E7%8E%87%EF%BC%93%E5%89%B2" n3="%E3%82%B3%E3%83%90%E3%83%AC%E3%82%A4" dan="16,17,16,16" rate="2139.65,2156.75,2227.14,2149.17" sx="M,M,F,M"/><TAIKYOKU oya="0"/><INIT seed="0,0,0,1,3,48" ten="250,250,250,250" oya="0" hai0="54,67,42,97,46,108,86,100,107,12,109,55,19" hai1="41,63,72,121,130,29,83,14,89,112,32,15,23" hai2="79,115,17,62,118,53,122,4,18,2,68,9,33" hai3="8,6,101,40,110,21,134,27,44,88,74,56,64"/><T5/><D67/><U104/><E104/><V94/><F115/><W30/><G74/><T26/><D5/><U70/><E121/><V117/><F33/><W35/><G134/><T13/><D86/><U69/><E130/><V105/><F105/><W120/><G120/><T87/><D87/><U51/><E32/><V20/><F79/><W50/><G101/><T75/><D26/><U129/><E129/><V84/><F122/><W111/><G35/><T82/><D82/><U81/><E112/><V102/><F68/><W36/><G64/><T91/><D91/><U37/><E37/><V78/><F102/><W103/><G103/><T95/><D75/><U24/><E89/><N who="2" m="53543" /><F20/><W61/><G36/><T127/><D127/><U45/><E63/><V80/><F80/><W31/><G31/><T96/><D96/><U125/><E83/><V77/><F17/><W1/><G61/><T11/><D13/><U114/><E114/><V119/><F18/><W113/><G113/><T93/><D93/><U98/><E98/><V0/><F0/><W76/><G76/><N who="2" m="29289" /><F62/><W49/><G1/><T47/><D107/><U128/><E128/><V65/><F65/><W126/><G126/><T124/><D124/><U133/><E133/><V90/><F90/><W3/><G88/><T57/><D57/><U131/><E125/><V73/><F73/><W39/><G56/><T116/><D116/><U28/><E131/><V52/><AGARI ba="0,0" hai="2,4,9,52,53,117,118,119" m="29289,53543" machi="52" ten="40,8000,1" yaku="12,1,52,2,54,1" doraHai="48" who="2" fromWho="2" sc="250,-40,250,-20,250,80,250,-20" /><INIT seed="1,0,0,2,3,39" ten="210,230,330,230" oya="1" hai0="76,21,3,17,109,24,96,111,110,106,101,70,90" hai1="129,74,94,122,50,77,52,61,22,130,80,123,63" hai2="100,9,29,65,1,26,46,45,79,113,5,97,32" hai3="120,71,30,104,35,47,93,128,126,4,36,49,11"/><U10/><E22/><V34/><F113/><W92/><G120/><N who="1" m="46122" /><E94/><V15/><F34/><W68/><G104/><T31/><D70/><U42/><E10/><V20/><F65/><W37/><G35/><T115/><D115/><U48/><E48/><V14/><F79/><W117/><G30/><T73/><D3/><U86/><E74/><V54/><F54/><W7/><G49/><T72/><D76/><U43/><E63/><V103/><F103/><W89/><G11/><T58/><D90/><U95/><E95/><V118/><F118/><W66/><G47/><T81/><D81/><U84/><E84/><V88/><F88/><W85/><G89/><T98/><D98/><U75/><E61/><V69/><F15/><W59/><G85/><T62/><REACH who="0" step="1"/><D31/><REACH who="0" ten="200,230,330,230" step="2"/><U121/><E121/><V119/><F69/><W135/><G68/><T41/><D41/><U82/><E82/><V114/><F114/><W67/><G71/><T134/><D134/><U51/><E75/><V124/><F1/><W131/><G135/><T33/><D33/><U12/><E12/><V28/><F28/><W13/><G13/><T53/><AGARI ba="0,1" hai="17,21,24,53,58,62,72,73,96,101,106,109,110,111" machi="53" ten="30,7900,0" yaku="1,1,0,1,14,1,53,1" doraHai="39" doraHaiUra="16" who="0" fromWho="0" sc="200,89,230,-39,330,-20,230,-20" /><INIT seed="2,0,0,3,3,77" ten="289,191,310,210" oya="2" hai0="2,131,76,109,33,63,16,25,74,10,125,66,68" hai1="114,86,7,112,100,78,49,129,55,31,22,123,70" hai2="24,124,91,32,102,96,97,8,47,59,130,64,132" hai3="104,45,118,128,12,126,117,90,21,116,95,19,69"/><V107/><F130/><W127/><G69/><T105/><D131/><U82/><E70/><V88/><F132/><W120/><G104/><T13/><D109/><U84/><E129/><V18/><F124/><W98/><G128/><T43/><D125/><U37/><E37/><V121/><F121/><W17/><G120/><T101/><D43/><U103/><E123/><V34/><F47/><W54/><G45/><T58/><D2/><U30/><E7/><V65/><F59/><W135/><G135/><T53/><D76/><U119/><E119/><V1/><F24/><W60/><G19/><T87/><D87/><U89/><E112/><V110/><F18/><W50/><G50/><T85/><D85/><U57/><E114/><V79/><F79/><W72/><G72/><T108/><D74/><U46/><E46/><V115/><F8/><W38/><G38/><T6/><D108/><U42/><E42/><V133/><F1/><W81/><G54/><T94/><D105/><U134/><E134/><V61/><F107/><W40/><G40/><T67/><D68/><U5/><E5/><V73/><F73/><W71/><G71/><T27/><D33/><U56/><E56/><V122/><F110/><W4/><G4/><T26/><D6/><U36/><E36/><V111/><F133/><W44/><G44/><T39/><D39/><U0/><E0/><V35/><F111/><W99/><G127/><T80/><D80/><N who="1" m="49287" /><E22/><V28/><F122/><W20/><G126/><T23/><D23/><U62/><E49/><V14/><F115/><W48/><G118/><T113/><D113/><RYUUKYOKU ba="0,0" sc="289,15,191,15,310,-15,210,-15" hai0="10,13,16,25,26,27,53,58,63,66,67,94,101" hai1="30,31,55,57,62,78,82,86,100,103" /><INIT seed="3,1,0,2,2,14" ten="304,206,295,195" oya="3" hai0="7,23,129,52,108,55,9,125,26,1,72,68,86" hai1="59,13,127,93,110,133,85,38,120,35,103,123,113" hai2="77,24,8,19,87,69,41,20,92,49,121,22,84" hai3="106,4,126,37,132,25,88,64,74,21,50,57,30"/><W124/><G37/><T76/><D72/><U17/><E113/><V32/><F32/><W79/><G106/><T100/><D68/><U48/><E38/><V3/><F69/><W97/><G4/><T111/><D100/><U15/><E35/><V34/><F34/><W96/><G74/><T5/><D5/><U116/><E110/><N who="0" m="42025" /><D125/><N who="3" m="48233" /><G79/><T89/><D76/><U0/><E0/><V62/><F77/><W66/><G132/><T122/><D129/><U67/><E127/><V102/><F8/><W58/><G97/><T39/><D39/><U61/><E133/><V71/><F3/><W128/><G128/><T10/><D10/><U27/><E116/><V18/><F71/><W63/><G50/><T11/><D11/><U53/><E123/><V101/><F62/><W46/><G46/><T75/><D75/><U115/><E120/><V2/><F2/><W33/><G33/><T54/><D122/><U51/><E115/><V6/><F6/><W36/><G36/><T95/><D55/><U130/><E130/><V112/><F112/><W109/><G109/><T104/><D104/><U94/><E53/><V29/><F121/><W82/><G82/><T47/><D47/><U44/><E44/><N who="2" m="25743" /><F29/><AGARI ba="1,0" hai="1,7,9,23,26,29,52,54,86,89,95" m="42025" machi="29" ten="30,2000,0" yaku="14,1,54,1" doraHai="14" who="0" fromWho="2" sc="304,23,206,0,295,-23,195,0" owari="327,42.7,206,-19.4,272,7.2,195,-30.5" /></mjloggm>