<mjloggm ver="2.3"><GO type="225" lobby="0"/><UN n0="%E3%83%A9%E3%83%96%E3%83%AC%E3%83%BC" n1="%E7%99%BD%E5%80%89%E5%AF%9B%E4%B9%8B" n2="%E5%8D%A0%E3%81%84%E5%B8%AB%E8%A3%8F%E3%81%AA%E3%81%84%E3%81%97" n3="%E4%B8%89%E5%88%86%E5%B0%8F%E5%83%A7" dan="16,16,17,16" rate="2130.47,2129.38,2241.01,2042.26" sx="M,M,M,M"/><TAIKYOKU oya="0"/><INIT seed="0,0,0,0,1,125" ten="250,250,250,250" oya="0" hai0="29,115,67,126,62,18,93,72,27,130,10,28,55" hai1="36,108,91,46,116,118,79,132,105,48,61,0,21" hai2="74,54,114,33,64,113,123,83,96,45,14,51,102" hai3="77,135,25,17,41,81,95,128,106,88,53,68,63"/><T85/><D115/><U35/><E35/><V99/><F123/><W23/><G106/><T82/><D72/><U73/><E0/><V44/><F33/><W4/><G135/><T57/><D126/><U97/><E132/><V121/><F121/><W20/><G41/><T19/><D130/><U111/><E36/><V94/><F64/><W122/><G128/><T8/><D93/><N who="1" m="56511" /><E21/><V1/><F1/><W47/><G4/><T6/><D67/><U89/><E61/><V103/><F14/><N who="3" m="9271" /><G68/><T70/><D70/><U65/><E65/><V7/><F7/><W58/><G47/><T24/><D19/><U66/><E66/><V84/><F74/><W3/><G3/><T80/><D18/><U109/><E105/><V16/><F44/><W110/><G110/><T34/><D6/><U71/><E71/><V107/><REACH who="2" step="1"/><F16/><REACH who="2" ten="250,250,240,250" step="2"/><N who="3" m="12519" /><G122/><T69/><D69/><U49/><E46/><V30/><F30/><W134/><G134/><T101/><D29/><U100/><E111/><V92/><F92/><W37/><G37/><T119/><D28/><U129/><E109/><V40/><F40/><W60/><G81/><T104/><D82/><U133/><E108/><V98/><F98/><N who="3" m="57703" /><G77/><AGARI ba="0,1" hai="45,51,54,77,83,84,94,96,99,102,103,107,113,114" machi="77" ten="30,2000,0" yaku="1,1,7,1,53,0" doraHai="125" doraHaiUra="13" who="2" fromWho="3" sc="250,0,250,0,240,30,250,-20" /><INIT seed="1,0,0,4,0,67" ten="250,250,270,230" oya="1" hai0="124,71,75,17,62,94,103,63,35,30,0,135,24" hai1="72,25,1,109,97,32,10,115,19,133,26,46,60" hai2="89,119,2,83,123,6,27,110,79,5,61,120,66" hai3="127,53,18,38,128,56,54,113,21,31,129,93,81"/><U74/><E115/><V59/><F119/><W45/><G113/><T4/><D75/><U65/><E133/><V114/><F114/><W43/><G127/><T134/><D124/><U68/><E109/><V49/><F110/><W106/><G106/><T102/><D94/><U100/><E46/><V52/><F89/><W70/><G31/><T82/><D82/><U117/><E117/><V15/><F2/><W131/><G70/><T87/><D87/><U12/><E1/><V132/><F132/><N who="0" m="50730" /><D17/><U50/><E50/><V9/><F27/><W105/><G105/><T116/><D116/><U88/><E26/><V16/><F123/><W57/><G81/><T85/><D85/><U58/><E58/><N who="3" m="22634" /><G93/><T80/><D80/><U41/><E41/><V122/><F122/><W112/><G112/><T95/><D95/><U20/><E88/><V42/><F42/><W76/><G76/><T55/><D55/><U77/><E77/><V64/><F64/><W125/><G125/><T23/><D35/><U107/><REACH who="1" step="1"/><E32/><REACH who="1" ten="250,240,270,230" step="2"/><V13/><F120/><W69/><G69/><T126/><D126/><U22/><E22/><V96/><F13/><AGARI ba="0,1" hai="13,18,21,38,43,45,53,54,128,129,131" m="22634" machi="13" ten="30,1000,0" yaku="19,1" doraHai="67" who="3" fromWho="2" sc="250,0,240,0,270,-10,230,20" /><INIT seed="2,0,0,2,5,17" ten="250,240,260,250" oya="2" hai0="96,108,43,42,109,5,94,100,125,134,19,70,11" hai1="38,48,23,31,49,69,25,129,41,93,44,135,64" hai2="112,82,116,83,16,84,63,10,79,122,99,76,18" hai3="62,91,78,32,117,40,30,67,20,55,13,88,47"/><V15/><F112/><W35/><G117/><T72/><D72/><U74/><E74/><V75/><F116/><W1/><G1/><T6/><D70/><U33/><E129/><V34/><F122/><W111/><G111/><N who="0" m="42571" /><D125/><U120/><E120/><V102/><F34/><W86/><G78/><T132/><D19/><U68/><E135/><N who="0" m="51753" /><D6/><U92/><E33/><V60/><REACH who="2" step="1"/><F18/><REACH who="2" ten="250,240,250,250" step="2"/><W87/><G35/><T58/><D11/><U8/><E8/><V95/><AGARI ba="0,1" hai="10,15,16,60,63,75,76,79,82,83,84,95,99,102" machi="95" ten="20,12000,1" yaku="1,1,2,1,0,1,7,1,54,1,53,0" doraHai="17" doraHaiUra="26" who="2" fromWho="2" sc="250,-40,240,-40,250,130,250,-40" /><INIT seed="2,1,0,4,0,75" ten="210,200,380,210" oya="2" hai0="41,64,15,62,5,99,127,80,112,131,50,100,87" hai1="73,12,93,115,91,83,20,45,105,85,8,103,102" hai2="128,96,116,135,104,30,43,36,22,60,7,39,117" hai3="82,108,81,54,16,122,11,0,48,119,42,95,65"/><V55/><F128/><W124/><G119/><T68/><D112/><U97/><E115/><V88/><F135/><W46/><G122/><T1/><D1/><U111/><E111/><V28/><F7/><W33/><G33/><T118/><D118/><U32/><E32/><V125/><F125/><W40/><G108/><T77/><D127/><U10/><E103/><V66/><F55/><W63/><G124/><T72/><D72/><U19/><E45/><V110/><F110/><W24/><G0/><T26/><D26/><U49/><E49/><V121/><F121/><W2/><G2/><T14/><D131/><U89/><E89/><V51/><F51/><N who="3" m="27079" /><G42/><T71/><D68/><U130/><E130/><V133/><F133/><W4/><G4/><T35/><D35/><U56/><E56/><N who="2" m="37127" /><F104/><W69/><G69/><T29/><D50/><U58/><E58/><V13/><F43/><W90/><G63/><T109/><D41/><U3/><E3/><V126/><F126/><W74/><G65/><T59/><D71/><U129/><E129/><V76/><F36/><W78/><G74/><T18/><D109/><U17/><E19/><N who="2" m="10607" /><F28/><W114/><G114/><T113/><D29/><U25/><E25/><V6/><F30/><W44/><G24/><T107/><D113/><U94/><E94/><N who="2" m="56391" /><F39/><W86/><G11/><N who="0" m="6495" /><D5/><U23/><E8/><V61/><F6/><W79/><G16/><T120/><D120/><U57/><E57/><V101/><F116/><W27/><G27/><T47/><D47/><U98/><E98/><V53/><F117/><W37/><G37/><T132/><D132/><RYUUKYOKU ba="1,0" sc="210,10,200,10,380,-30,210,10" hai0="15,59,62,64,77,80,87,99,100,107" hai1="10,12,17,20,23,73,83,85,91,93,97,102,105" hai3="44,48,54,78,79,81,82,86,90,95" /><INIT seed="3,2,0,3,0,95" ten="220,210,350,220" oya="3" hai0="63,115,17,57,88,10,21,66,44,86,129,23,91" hai1="70,55,61,79,105,33,81,113,131,80,35,46,7" hai2="111,9,40,60,132,130,117,75,72,122,6,83,92" hai3="0,123,106,25,48,16,107,54,34,68,58,78,87"/><W112/><G112/><T11/><D115/><U13/><E105/><V30/><F117/><W124/><G123/><T59/><D129/><U31/><E113/><V32/><F122/><W104/><G0/><T127/><D127/><U27/><E35/><V4/><F130/><W126/><G68/><T8/><D44/><U73/><E131/><V133/><F40/><W14/><G78/><T28/><D86/><U62/><E81/><V114/><F30/><W82/><G25/><N who="0" m="16431" /><D57/><U119/><E119/><V20/><F60/><W125/><G34/><T134/><D134/><U77/><E77/><V15/><F32/><W12/><G12/><AGARI ba="2,0" hai="8,10,11,12,17,23,59,63,66,88,91" m="16431" machi="12" ten="30,2000,0" yaku="8,1,54,1" doraHai="95" who="0" fromWho="3" sc="220,26,210,0,350,0,220,-26" owari="246,4.6,210,-19.0,350,45.0,194,-30.6" /></mjloggm>