<mjloggm ver="2.3"><GO type="225" lobby="0"/><UN n0="%E3%81%AD%E3%82%80%E3%81%84%40%E9%9B%80%E9%B3%B4%E4%BC%9A" n1="%E3%81%8F%E3%82%8A%E3%83%94%E3%83%BC" n2="%E3%83%A9%E3%82%B9%E7%8E%87%EF%BC%93%E5%89%B2" n3="%E9%80%86%E9%80%A3%E5%B8%AF%E3%81%AE%E9%AC%BC" dan="16,16,17,16" rate="2201.92,2094.76,2190.83,2068.95" sx="F,M,F,M"/><TAIKYOKU oya="0"/><INIT seed="0,0,0,2,4,29" ten="250,250,250,250" oya="0" hai0="30,5,64,0,24,12,9,116,27,95,6,18,118" hai1="105,43,120,13,79,89,123,77,67,102,78,32,65" hai2="128,84,72,80,126,53,54,125,94,58,100,117,17" hai3="134,2,35,68,108,129,88,25,61,109,16,104,131"/><T57/><D64/><U82/><E43/><V103/><F128/><N who="3" m="49227" /><G104/><T47/><D57/><U97/><E13/><V40/><F117/><W41/><G2/><T56/><D56/><U20/><E20/><V81/><F40/><W62/><G134/><T36/><D95/><U49/><E49/><V133/><F133/><W55/><G41/><T114/><D47/><U74/><E32/><V93/><F58/><W22/><G68/><T33/><D36/><U15/><E15/><V121/><F17/><W99/><G35/><T3/><D114/><U76/><REACH who="1" step="1"/><E89/><REACH who="1" ten="250,240,250,250" step="2"/><V69/><F54/><W132/><G132/><T21/><D27/><U130/><E130/><V42/><F53/><W87/><G55/><T98/><D98/><U90/><E90/><V119/><F42/><W14/><G99/><T19/><D19/><U34/><E34/><V44/><F44/><W11/><G25/><T110/><D110/><N who="3" m="42601" /><G22/><T66/><D66/><AGARI ba="0,1" hai="65,66,67,74,76,77,78,79,82,97,102,105,120,123" machi="66" ten="40,1300,0" yaku="1,1,53,0" doraHai="29" doraHaiUra="37" who="1" fromWho="0" sc="250,-13,240,23,250,0,250,0" /><INIT seed="1,0,0,4,2,21" ten="237,263,250,250" oya="1" hai0="73,59,121,98,46,10,56,75,82,65,15,47,4" hai1="78,130,101,100,52,116,107,5,54,108,22,61,110" hai2="53,25,123,67,129,92,120,72,90,95,127,89,131" hai3="94,29,69,39,30,87,11,134,80,70,76,26,62"/><U106/><E116/><V111/><F67/><W104/><G134/><T7/><D121/><N who="2" m="46666" /><F53/><N who="1" m="20585" /><E61/><V49/><F49/><W112/><G104/><N who="1" m="39978" /><E5/><V60/><F60/><W115/><G39/><T45/><D98/><U109/><E130/><N who="2" m="49675" /><F25/><W133/><G133/><T41/><D41/><U118/><E118/><V132/><F132/><W9/><G94/><N who="2" m="35881" /><F111/><W23/><G30/><T2/><D65/><U77/><E22/><V126/><F72/><W128/><G128/><T64/><D64/><U74/><E74/><V33/><F33/><W58/><G58/><T97/><D73/><U81/><E81/><V37/><F37/><W20/><G20/><T16/><D75/><U84/><E84/><V88/><AGARI ba="0,0" hai="88,89,90,126,127" m="35881,49675,46666" machi="88" ten="40,12000,2" yaku="28,2,19,1,34,2,54,1" doraHai="21" who="2" fromWho="2" sc="237,-30,263,-60,250,120,250,-30" /><INIT seed="2,0,0,5,2,128" ten="207,203,370,220" oya="2" hai0="110,133,51,91,1,8,59,74,112,100,107,76,32" hai1="64,53,114,38,48,122,130,45,95,31,60,119,88" hai2="121,14,102,129,108,43,57,92,79,89,9,75,117" hai3="99,30,16,131,34,96,54,61,49,134,5,73,33"/><V3/><F117/><W25/><G131/><T135/><D112/><U0/><E119/><V63/><F129/><W71/><G73/><T11/><D110/><U24/><E130/><V84/><F121/><W15/><G34/><T55/><D32/><U94/><E114/><V46/><F108/><W105/><G5/><T86/><D76/><U20/><E122/><V127/><F127/><W7/><G7/><T80/><D74/><U29/><E0/><V67/><F3/><W56/><G134/><N who="0" m="51211" /><D1/><U132/><E132/><V47/><F102/><W82/><G82/><T106/><D100/><U113/><E113/><V101/><F101/><W44/><G71/><T83/><D83/><U65/><E38/><V26/><F79/><W85/><G85/><T77/><D77/><U123/><E123/><V18/><F75/><W93/><G93/><T28/><D28/><N who="1" m="17415" /><E95/><V116/><F116/><W118/><G105/><AGARI ba="0,0" hai="8,11,51,55,59,80,86,91,105,106,107" m="51211" machi="105" ten="30,7700,0" yaku="20,1,52,3" doraHai="128" who="0" fromWho="3" sc="207,77,203,0,370,0,220,-77" /><INIT seed="3,0,0,4,0,93" ten="284,203,370,143" oya="3" hai0="95,60,120,37,73,24,35,40,102,21,72,50,25" hai1="54,103,83,48,19,71,90,23,26,110,87,125,61" hai2="76,27,32,94,96,57,89,122,86,14,36,55,132" hai3="11,49,79,92,58,108,5,133,20,117,13,105,17"/><W2/><G117/><T43/><D120/><U116/><E110/><V109/><F109/><W34/><G108/><T75/><D37/><U30/><E116/><V3/><F3/><W38/><G133/><T39/><D39/><U115/><E115/><V44/><F122/><W52/><G105/><T66/><D35/><U100/><E125/><V9/><F132/><W135/><G135/><T131/><D131/><U113/><E113/><V91/><F76/><W67/><G38/><T107/><D107/><U51/><E71/><V6/><F32/><W99/><G34/><T84/><D25/><U62/><E51/><V59/><F27/><W97/><G67/><T70/><D50/><U98/><E30/><V4/><F4/><W47/><G79/><T80/><D80/><U129/><E129/><V88/><F36/><W106/><G106/><T15/><D15/><U104/><E103/><N who="2" m="60823" /><F44/><AGARI ba="0,0" hai="19,23,26,44,48,54,61,62,83,87,90,98,100,104" machi="44" ten="30,2000,0" yaku="7,1,52,1" doraHai="93" who="1" fromWho="2" sc="284,0,203,20,370,-20,143,0" owari="284,8.4,223,-17.7,350,45.0,143,-35.7" /></mjloggm>