<mjloggm ver="2.3"><GO type="225" lobby="0"/><UN n0="%E3%83%B4%E3%83%A0%EF%BC%99%E3%81%A6" n1="%E3%83%96%E3%83%83%E3%83%91%E3%82%AA%E3%83%96%E3%83%81%E3%82%AD%E3%83%B3" n2="%4C%4F%4C%49%54%41" n3="%72%61%6B%33" dan="16,16,16,16" rate="2191.05,2175.76,2076.56,2095.17" sx="M,M,F,M"/><TAIKYOKU oya="0"/><INIT seed="0,0,0,1,1,26" ten="250,250,250,250" oya="0" hai0="45,126,93,91,53,115,16,98,9,102,118,79,77" hai1="121,130,7,29,18,46,32,110,75,68,20,90,41" hai2="61,30,4,34,6,114,5,123,89,132,70,54,0" hai3="103,15,69,96,47,85,10,12,116,39,58,40,105"/><T56/><D115/><U31/><E121/><V14/><F123/><W8/><G116/><T71/><D71/><U99/><E68/><V55/><F114/><W107/><G69/><T87/><D126/><U127/><E75/><V92/><F132/><W78/><G107/><T122/><D122/><U82/><E32/><V42/><F42/><W48/><G39/><T65/><D65/><U52/><E127/><V125/><F0/><W128/><G128/><T3/><D118/><U108/><E7/><V50/><F125/><W62/><G78/><T124/><D45/><U25/><E52/><V66/><F14/><W67/><G85/><T11/><D3/><U120/><E120/><V101/><F101/><W95/><G105/><T59/><D59/><U74/><E130/><V72/><F72/><W131/><G131/><T88/><D91/><U1/><E1/><V119/><F119/><W76/><G76/><N who="0" m="29259" /><D124/><U64/><E64/><V21/><F34/><W86/><G86/><T135/><D16/><U106/><E74/><V17/><F17/><W49/><REACH who="3" step="1"/><G48/><REACH who="3" ten="250,250,250,240" step="2"/><N who="0" m="30759" /><D135/><U43/><E106/><V134/><F134/><W35/><G35/><T38/><D38/><U36/><E36/><V100/><F50/><W94/><G94/><AGARI ba="0,1" hai="9,11,87,88,93,94,98,102" m="30759,29259" machi="94" ten="30,2900,0" yaku="8,1,54,1" doraHai="26" who="0" fromWho="3" sc="250,39,250,0,250,0,240,-29" /><INIT seed="0,1,0,1,2,15" ten="289,250,250,211" oya="0" hai0="43,80,28,114,76,125,12,44,57,60,96,128,19" hai1="66,100,6,70,89,46,0,38,123,4,63,49,94" hai2="37,1,62,127,59,97,2,107,98,3,131,10,30" hai3="11,93,51,27,116,115,54,104,68,5,18,7,88"/><T69/><D114/><U108/><E123/><V109/><F37/><W39/><G115/><T73/><D125/><U85/><E108/><V14/><F109/><W102/><G39/><T34/><D128/><U32/><E32/><V132/><F127/><W55/><G68/><T135/><D135/><U22/><E0/><V87/><F131/><W48/><G116/><T133/><D133/><U75/><E75/><V56/><F132/><W13/><G104/><T82/><D96/><U126/><E126/><V61/><F30/><W113/><G102/><T40/><D69/><U91/><E100/><V83/><F59/><N who="3" m="33223" /><G27/><T117/><D117/><U121/><E121/><V111/><F111/><W47/><G113/><T120/><D120/><U77/><E77/><V122/><F122/><W52/><G55/><T67/><D44/><U64/><E64/><V130/><F130/><W84/><AGARI ba="1,0" hai="5,7,11,13,18,47,51,52,84,88,93" m="33223" machi="84" ten="30,7900,0" yaku="8,1,52,1,54,2" doraHai="15" who="3" fromWho="3" sc="289,-40,250,-21,250,-21,211,82" /><INIT seed="1,0,0,5,4,108" ten="249,229,229,293" oya="1" hai0="8,60,122,126,44,77,80,4,127,6,78,119,75" hai1="117,42,85,92,87,131,70,55,54,29,109,13,100" hai2="101,134,5,130,84,58,25,38,15,51,27,95,81" hai3="133,2,67,63,45,115,56,52,66,35,0,9,97"/><U125/><E117/><V121/><F38/><W39/><G35/><T98/><D119/><U113/><E70/><V41/><F121/><W14/><G133/><T71/><D122/><U26/><E125/><N who="0" m="47625" /><D77/><U72/><E113/><V68/><F68/><W105/><G115/><T103/><D44/><U16/><E72/><V89/><F130/><W17/><G67/><N who="0" m="41447" /><D8/><N who="1" m="6183" /><E42/><V50/><F134/><W104/><G39/><T94/><AGARI ba="0,0" hai="4,6,75,78,80,94,98,103" m="41447,47625" machi="94" ten="30,1100,0" yaku="18,1" doraHai="108" who="0" fromWho="0" sc="249,11,229,-5,229,-3,293,-3" /><INIT seed="2,0,0,0,5,29" ten="260,224,226,290" oya="2" hai0="110,8,56,17,98,126,65,106,48,13,105,75,46" hai1="74,128,103,9,96,23,120,121,72,115,41,87,27" hai2="124,101,34,54,88,30,50,73,38,99,67,1,111" hai3="53,55,132,11,57,66,94,14,84,43,127,35,49"/><V58/><F38/><W135/><G127/><T78/><D126/><U104/><E115/><V18/><F124/><W117/><G117/><T16/><D110/><U52/><E128/><V86/><F73/><W80/><G66/><T32/><D32/><U77/><E41/><V134/><F1/><W90/><G35/><T71/><D71/><U107/><E9/><V95/><F111/><W83/><G43/><T45/><D17/><U62/><E107/><V33/><F134/><N who="3" m="51243" /><G53/><T20/><D8/><U133/><E133/><V4/><F4/><AGARI ba="0,0" hai="4,11,14,49,55,57,80,83,84,90,94" m="51243" machi="4" ten="30,1000,0" yaku="20,1" doraHai="29" who="3" fromWho="2" sc="260,0,224,0,226,-10,290,10" /><INIT seed="3,0,0,2,1,117" ten="260,224,216,300" oya="3" hai0="7,93,92,28,11,134,78,121,38,37,68,71,53" hai1="81,75,106,57,72,40,60,77,94,131,115,41,44" hai2="80,124,122,15,42,16,120,18,110,90,59,31,43" hai3="130,119,19,104,23,36,29,96,123,51,86,34,113"/><W126/><G123/><N who="2" m="47145" /><F110/><W102/><G119/><T132/><D28/><U17/><E115/><V12/><F124/><W100/><G36/><T9/><D121/><U101/><E131/><V95/><F31/><W45/><G130/><T10/><D78/><U67/><E106/><V99/><F59/><W89/><G113/><T109/><D109/><U88/><E101/><V47/><F80/><W97/><G126/><T25/><D68/><U127/><E127/><V32/><F32/><W46/><G29/><T26/><D71/><U91/><E75/><V70/><F70/><W62/><G34/><T118/><D118/><U79/><E79/><V111/><F111/><W112/><G112/><T2/><D134/><U103/><E103/><V21/><F47/><W87/><G46/><T129/><D129/><U58/><E58/><V56/><F56/><W24/><G89/><T48/><D132/><U66/><E66/><V5/><F5/><W39/><G62/><T49/><D7/><U108/><E108/><V0/><F0/><W83/><G83/><T30/><D2/><U74/><E74/><V114/><F114/><W64/><G64/><T85/><D30/><U63/><E63/><V107/><F107/><W55/><G104/><T73/><D73/><U54/><E91/><V3/><F3/><W6/><G6/><T27/><D92/><U125/><E125/><V20/><AGARI ba="0,0" hai="12,15,16,18,20,21,42,43,90,95,99" m="47145" machi="20" ten="30,8000,1" yaku="13,1,52,3,54,1" doraHai="117" who="2" fromWho="2" sc="260,-20,224,-20,216,80,300,-40" /><INIT seed="4,0,0,4,1,109" ten="240,204,296,260" oya="0" hai0="120,132,12,85,41,51,122,25,10,106,123,119,1" hai1="70,28,14,81,55,30,115,49,64,135,104,37,96" hai2="18,32,35,87,86,6,118,80,5,60,121,34,3" hai3="23,17,53,102,20,83,36,50,78,62,133,110,103"/><T22/><D106/><U63/><E135/><V130/><F121/><W79/><G36/><T29/><D85/><U2/><E2/><V69/><F130/><W112/><G110/><T105/><D105/><U19/><E37/><V7/><F118/><W107/><G112/><T48/><D119/><U68/><E68/><V126/><F126/><W97/><G133/><T13/><D132/><U128/><E128/><V38/><F38/><W127/><G103/><T72/><D72/><U75/><E115/><V82/><F18/><W76/><G127/><T131/><D131/><U94/><E104/><V15/><F15/><W108/><G62/><T77/><D77/><U33/><E33/><V84/><F3/><W42/><G42/><T56/><D41/><U0/><E0/><V98/><F98/><W4/><G4/><T100/><D100/><U59/><E81/><V43/><F43/><W95/><G107/><T92/><D1/><U57/><E70/><V134/><F134/><W39/><G39/><T65/><D92/><U93/><E75/><V47/><F47/><W117/><G108/><T54/><D65/><AGARI ba="0,0" hai="5,6,7,32,34,35,60,65,69,80,82,84,86,87" machi="65" ten="50,3200,0" yaku="29,2" doraHai="109" who="2" fromWho="0" sc="240,-32,204,0,296,32,260,0" owari="208,-19.2,204,-29.6,328,42.8,260,6.0" /></mjloggm>