<mjloggm ver="2.3"><GO type="225" lobby="0"/><UN n0="%E7%B4%94%E6%BD%94%E3%83%94%E3%83%A9%E3%83%8B%E3%82%A2" n1="%E3%83%96%E3%83%83%E3%83%91%E3%82%AA%E3%83%96%E3%83%81%E3%82%AD%E3%83%B3" n2="%E7%99%BD%E9%9B%AA%E4%B9%83%E6%84%9B" n3="%E6%A1%9C%E8%8A%B1%E9%96%83%E3%80%85" dan="17,16,16,16" rate="2222.90,2186.52,2066.94,2137.54" sx="M,M,F,M"/><TAIKYOKU oya="0"/><INIT seed="0,0,0,5,4,106" ten="250,250,250,250" oya="0" hai0="40,66,115,108,84,129,43,98,130,89,34,121,39" hai1="94,112,63,60,18,8,124,38,22,116,59,81,64" hai2="54,97,6,7,53,102,82,114,90,104,13,79,11" hai3="48,42,26,45,95,9,33,67,119,80,123,92,17"/><T1/><D1/><U41/><E116/><V47/><F114/><W77/><G119/><T12/><D115/><U23/><E112/><V103/><F6/><W127/><G127/><T68/><D121/><U20/><E124/><V74/><F102/><W62/><G123/><T109/><D34/><U118/><E118/><V65/><F65/><W35/><G35/><T37/><D98/><U30/><E30/><V86/><REACH who="2" step="1"/><F47/><REACH who="2" ten="250,250,240,250" step="2"/><W96/><G67/><T15/><D66/><U111/><E64/><V14/><F14/><W25/><G45/><T113/><D113/><U10/><E111/><N who="0" m="42569" /><D15/><U55/><E38/><N who="0" m="14345" /><D12/><U52/><E55/><V134/><F134/><W100/><G100/><T135/><D135/><U107/><E52/><V28/><F28/><W44/><G44/><T122/><D122/><U29/><E29/><V91/><F91/><W0/><G0/><T75/><D68/><U120/><E120/><V16/><F16/><W117/><G17/><T51/><D51/><U70/><E18/><V76/><F76/><W21/><G77/><T133/><D133/><U69/><E69/><V85/><F85/><W5/><G5/><T71/><D71/><U105/><E70/><V101/><F101/><W49/><G49/><T61/><D61/><U126/><E63/><V36/><F36/><W87/><G62/><T131/><D75/><U78/><E60/><V56/><F56/><W32/><G48/><T132/><D132/><U58/><E126/><V99/><F99/><W125/><G125/><T72/><D72/><U4/><E59/><V31/><F31/><W27/><G96/><RYUUKYOKU ba="0,1" sc="250,15,250,-15,240,15,250,-15" hai0="40,43,84,89,129,130,131" hai2="7,11,13,53,54,74,79,82,86,90,97,103,104" /><INIT seed="0,1,1,5,0,82" ten="265,235,255,235" oya="0" hai0="40,109,17,74,100,119,102,72,134,53,133,88,75" hai1="37,130,15,67,76,73,110,54,27,34,111,92,30" hai2="113,3,65,80,122,7,38,132,32,4,94,26,19" hai3="81,129,6,85,98,43,87,108,90,84,77,33,127"/><T35/><D35/><U24/><E130/><V125/><F122/><W20/><G33/><T25/><D119/><U120/><E120/><V70/><F113/><W51/><G129/><T39/><D39/><U45/><E67/><V128/><F128/><W86/><G108/><N who="1" m="41514" /><E27/><V49/><F38/><W83/><G127/><T41/><D109/><U28/><E28/><V11/><F4/><W118/><G118/><T131/><D131/><U52/><E15/><V44/><F125/><W31/><G6/><T107/><D53/><N who="1" m="20587" /><E92/><V66/><F132/><N who="0" m="50794" /><D107/><U1/><E1/><V2/><F2/><W47/><G98/><T21/><D88/><U56/><E56/><V95/><F32/><W10/><G10/><T79/><D79/><U12/><E12/><V46/><F46/><W124/><G124/><T59/><D59/><U89/><E89/><V23/><F95/><W63/><G63/><T116/><D116/><U50/><E37/><V97/><F70/><W112/><G112/><T126/><D126/><U104/><E104/><V5/><F65/><W93/><G93/><T96/><D96/><U101/><E101/><AGARI ba="1,1" hai="17,21,25,40,41,72,74,75,100,101,102" m="50794" machi="101" ten="40,2000,0" yaku="20,1" doraHai="82" who="0" fromWho="1" sc="265,33,235,-23,255,0,235,0" /><INIT seed="0,2,0,5,0,3" ten="298,212,255,235" oya="0" hai0="124,39,96,44,27,68,4,106,42,134,34,20,6" hai1="30,98,67,24,108,69,2,131,87,116,66,53,76" hai2="126,29,74,91,82,135,19,85,125,119,1,132,90" hai3="123,47,57,49,26,112,14,77,56,31,46,13,50"/><T118/><D118/><U40/><E116/><V59/><F74/><W5/><G112/><T100/><D68/><U21/><E108/><V22/><F119/><W110/><G110/><T84/><D34/><U122/><E122/><V43/><F29/><W75/><G123/><T36/><D124/><N who="2" m="47722" /><F43/><N who="3" m="24799" /><G75/><T120/><D120/><U60/><E131/><V73/><F73/><W12/><G77/><T121/><D121/><U8/><E40/><V111/><F111/><W32/><G32/><T65/><D65/><U38/><E38/><V95/><F59/><N who="3" m="22603" /><G26/><T63/><D63/><U51/><E67/><V94/><F1/><W129/><G31/><T37/><D134/><N who="2" m="51242" /><F91/><W52/><G129/><T113/><D113/><U80/><E98/><V78/><F78/><W48/><G48/><T9/><D37/><U54/><REACH who="1" step="1"/><E51/><REACH who="1" ten="298,202,255,235" step="2"/><V105/><F105/><W103/><G103/><T99/><D36/><U109/><E109/><V81/><F81/><W117/><G117/><T114/><D114/><U127/><E127/><V15/><AGARI ba="2,1" hai="15,19,22,82,85,90,94,95" m="51242,47722" machi="15" ten="30,2000,0" yaku="18,1,20,1" doraHai="3" who="2" fromWho="2" sc="298,-12,202,-7,255,36,235,-7" /><INIT seed="1,0,0,3,5,124" ten="286,195,291,228" oya="1" hai0="132,84,64,116,90,121,22,3,87,131,24,79,20" hai1="96,1,127,59,34,13,25,98,23,47,119,36,41" hai2="51,82,30,76,106,48,11,108,49,6,128,19,44" hai3="114,113,130,10,38,46,63,95,8,122,133,18,81"/><U100/><E119/><V99/><F108/><W17/><G122/><T89/><D3/><U135/><E127/><V118/><F118/><W80/><G133/><T37/><D37/><U74/><E135/><V62/><F30/><W12/><G63/><T58/><D121/><U72/><E1/><V110/><F110/><W120/><G120/><T92/><D116/><U14/><E34/><V32/><F32/><W123/><G123/><T126/><D126/><U109/><E109/><V115/><F115/><W35/><G35/><T43/><D43/><U40/><E40/><V56/><F19/><W83/><G38/><T129/><D79/><U0/><E0/><V105/><F105/><W94/><G46/><T78/><D78/><U60/><E14/><N who="2" m="5495" /><F99/><W61/><G81/><T39/><D39/><U102/><E13/><V2/><F106/><W21/><G12/><T97/><D97/><U54/><E98/><V7/><F7/><W86/><G61/><N who="0" m="37943" /><D24/><U88/><E88/><V101/><F101/><W57/><G86/><T42/><D42/><U9/><E9/><V70/><F70/><W5/><G5/><T50/><D50/><U66/><E102/><V111/><F111/><W73/><G73/><T93/><D132/><U107/><REACH who="1" step="1"/><E66/><REACH who="1" ten="286,185,291,228" step="2"/><N who="2" m="39239" /><F2/><W117/><G117/><T15/><D15/><U134/><E134/><V29/><F44/><W55/><G8/><T69/><D69/><U4/><E4/><V65/><F65/><W67/><G10/><T125/><D125/><U27/><E27/><V75/><F76/><W68/><G68/><T53/><D53/><U91/><E91/><RYUUKYOKU ba="0,1" sc="286,15,185,15,291,-15,228,-15" hai0="20,22,84,87,89,90,92,93,129,131" hai1="23,25,36,41,47,54,59,60,72,74,96,100,107" /><INIT seed="1,1,1,4,2,11" ten="301,200,276,213" oya="1" hai0="97,3,100,10,105,96,82,79,52,113,29,111,0" hai1="61,1,118,134,127,107,39,106,57,114,85,18,6" hai2="131,25,75,32,92,62,109,23,43,14,63,86,51" hai3="115,132,108,133,126,84,110,64,124,117,93,12,42"/><U69/><E114/><V125/><F75/><W112/><G64/><T67/><D113/><N who="3" m="43593" /><G42/><T121/><D111/><N who="3" m="42537" /><G12/><T60/><D121/><U21/><E118/><V19/><F131/><W104/><G104/><T91/><D29/><U59/><E39/><V50/><F125/><N who="3" m="48235" /><G117/><T94/><D52/><U95/><E134/><N who="3" m="51818" /><G84/><T71/><D10/><U38/><E127/><V27/><F109/><W7/><G93/><T74/><AGARI ba="1,1" hai="0,3,60,67,71,74,79,82,91,94,96,97,100,105" machi="74" ten="20,1500,0" yaku="0,1,7,1" doraHai="11" who="0" fromWho="0" sc="301,28,200,-8,276,-5,213,-5" /><INIT seed="2,0,0,0,2,3" ten="329,192,271,208" oya="2" hai0="7,91,78,129,65,75,79,31,17,108,83,68,74" hai1="88,46,117,1,9,23,121,6,99,103,69,41,61" hai2="116,12,66,93,135,8,47,4,76,95,72,52,24" hai3="21,96,63,45,110,127,44,16,115,19,122,87,60"/><V106/><F116/><W131/><G122/><T94/><D108/><U57/><E117/><V126/><F106/><W107/><G110/><T119/><D119/><U101/><E121/><V38/><F135/><W82/><G127/><T98/><D129/><U55/><E69/><V125/><F66/><W71/><G131/><T81/><D31/><U20/><E88/><V84/><F24/><N who="3" m="14375" /><G107/><T26/><D7/><U124/><E124/><N who="2" m="47723" /><F72/><W28/><G28/><T36/><D36/><U25/><E99/><V109/><F109/><W123/><G71/><T14/><D26/><U111/><E111/><V15/><F15/><W35/><G35/><T64/><D68/><U97/><E97/><V22/><F22/><AGARI ba="0,0" hai="14,17,22,64,65,74,75,78,79,81,83,91,94,98" machi="22" ten="30,2000,0" yaku="7,1,9,1" doraHai="3" who="0" fromWho="2" sc="329,20,192,0,271,-20,208,0" /><INIT seed="3,0,0,1,2,132" ten="349,192,251,208" oya="3" hai0="20,72,105,106,58,76,99,52,7,64,86,49,107" hai1="9,124,95,109,78,21,111,128,98,87,56,32,97" hai2="82,75,67,38,34,15,119,43,131,100,108,79,37" hai3="61,48,123,70,121,45,91,59,127,40,114,1,125"/><W26/><G1/><T17/><D7/><U84/><E32/><V118/><F34/><W2/><G2/><T73/><D99/><N who="1" m="37899" /><E9/><V69/><F100/><W11/><G11/><T63/><D86/><U81/><E21/><V31/><F31/><W57/><G91/><T62/><D62/><U39/><E39/><N who="2" m="14859" /><F15/><W13/><G13/><T60/><D63/><U104/><E56/><N who="3" m="21578" /><G26/><T130/><D76/><N who="1" m="46119" /><E104/><V46/><F82/><W5/><G114/><T116/><D116/><U90/><E128/><V133/><F79/><W33/><G33/><T92/><D92/><U115/><E115/><V110/><F131/><W27/><G27/><T83/><D83/><N who="1" m="47607" /><E124/><N who="3" m="47690" /><G5/><T14/><D130/><U117/><E117/><V126/><F126/><W74/><G74/><T19/><D19/><U35/><E35/><V29/><F29/><W129/><G129/><T112/><D112/><U18/><E18/><V25/><F75/><W88/><G88/><T23/><D23/><U12/><E12/><V66/><F25/><W101/><G101/><T94/><D94/><U47/><E47/><V16/><F16/><W0/><G0/><T30/><D30/><U96/><AGARI ba="0,0" hai="90,95,96,109,111" m="47607,46119,37899" machi="96" ten="30,2000,0" yaku="34,2" doraHai="132" who="1" fromWho="1" sc="349,-5,192,20,251,-5,208,-10" owari="344,44.4,212,-18.8,246,4.6,198,-30.2" /></mjloggm>