<mjloggm ver="2.3"><GO type="225" lobby="0"/><UN n0="%E6%A1%9C%E8%8A%B1%E9%96%83%E3%80%85" n1="%E4%BF%BA%E3%81%A8%E5%A6%96%E5%A4%A2" n2="%E3%81%BE%E3%81%A8%E3%81%9F" n3="%E3%81%AF%E3%82%88%E3%81%8A%E3%81%98%E3%81%95%E3%82%93" dan="17,16,16,17" rate="2289.24,2268.36,2077.51,2210.00" sx="M,F,M,M"/><TAIKYOKU oya="0"/><INIT seed="0,0,0,5,4,124" ten="250,250,250,250" oya="0" hai0="49,78,76,126,31,61,44,6,85,32,47,112,108" hai1="25,74,91,59,71,133,36,129,90,127,121,93,102" hai2="110,77,89,72,120,38,35,103,18,84,27,134,96" hai3="109,83,39,106,63,11,43,67,88,14,26,54,4"/><T37/><D112/><U101/><E71/><V52/><F38/><W68/><G109/><T128/><D126/><U50/><E36/><V105/><F120/><W132/><G132/><T114/><D114/><U51/><E127/><V73/><F110/><W92/><G106/><T16/><D108/><U130/><E121/><V53/><F134/><W69/><G68/><T111/><D6/><U23/><E74/><V123/><F123/><W122/><G122/><T10/><D61/><U64/><E64/><V97/><F97/><W22/><G54/><N who="0" m="29991" /><D85/><U95/><E133/><V131/><F131/><N who="1" m="50185" /><E59/><V28/><F18/><W99/><G83/><T41/><D128/><U0/><E0/><V12/><F12/><W135/><G135/><T70/><D70/><U17/><E91/><V30/><F30/><W104/><G104/><T86/><D31/><U115/><E115/><V3/><F3/><W87/><G39/><T48/><D37/><U9/><E9/><V81/><REACH who="2" step="1"/><F73/><REACH who="2" ten="250,250,240,250" step="2"/><W94/><G14/><T100/><D111/><U82/><E102/><V21/><F21/><W45/><G22/><T1/><D100/><U33/><E33/><V117/><F117/><W113/><G113/><T42/><D32/><U57/><E101/><V46/><F46/><W20/><G45/><N who="0" m="25647" /><D1/><U2/><E2/><V56/><F56/><W34/><G34/><T40/><D47/><U118/><E118/><V62/><F62/><W80/><G43/><N who="0" m="16427" /><D86/><N who="1" m="50519" /><E50/><V66/><F66/><W19/><G99/><T65/><D65/><U8/><E8/><V125/><F125/><W119/><G119/><T98/><D98/><RYUUKYOKU ba="0,1" sc="250,0,250,0,240,0,250,0" hai0="10,16,76,78" hai1="17,23,25,51,57,93,95" hai2="27,28,35,52,53,72,77,81,84,89,96,103,105" hai3="4,11,19,20,26,63,67,69,80,87,88,92,94" /><INIT seed="0,1,1,3,1,55" ten="250,250,240,250" oya="0" hai0="112,121,32,83,116,73,134,87,47,35,98,51,21" hai1="33,108,80,97,30,22,62,52,39,18,114,37,6" hai2="118,120,84,99,74,26,101,129,126,19,95,23,106" hai3="128,7,125,49,115,103,78,40,4,17,20,90,111"/><T16/><D112/><U94/><E114/><V11/><F120/><W68/><G115/><T34/><D121/><U64/><E108/><V44/><F126/><W57/><G68/><T70/><D116/><U15/><E80/><V28/><F74/><W43/><G111/><T79/><D134/><U13/><E33/><V69/><F69/><W38/><G38/><T71/><D98/><U93/><E30/><V2/><F129/><W130/><G125/><T63/><D73/><U100/><E93/><V127/><F44/><W25/><G78/><T1/><D1/><U50/><E13/><V36/><F36/><W96/><G90/><T119/><D119/><U46/><REACH who="1" step="1"/><E6/><REACH who="1" ten="250,240,240,250" step="2"/><V123/><F118/><W3/><G4/><T77/><D77/><U117/><E117/><V45/><F28/><W89/><G7/><T54/><REACH who="0" step="1"/><D63/><REACH who="0" ten="240,240,240,250" step="2"/><U60/><E60/><V124/><F127/><W14/><G128/><T65/><D65/><U8/><E8/><V24/><F124/><W75/><G130/><T31/><D31/><U135/><E135/><V131/><F11/><W48/><G75/><T86/><D86/><U9/><E9/><V41/><F131/><W81/><G96/><T88/><D88/><U91/><E91/><V105/><F123/><W5/><G89/><T132/><D132/><U110/><E110/><V56/><F84/><W66/><G66/><T58/><D58/><AGARI ba="1,3" hai="15,18,22,37,39,46,50,52,58,62,64,94,97,100" machi="58" ten="30,7700,0" yaku="1,1,7,1,52,1,54,1,53,0" doraHai="55" doraHaiUra="0" who="1" fromWho="0" sc="240,-80,240,110,240,0,250,0" /><INIT seed="1,0,0,5,3,72" ten="160,350,240,250" oya="1" hai0="39,32,117,74,3,77,20,92,0,11,125,70,67" hai1="28,17,80,7,116,106,82,5,87,134,120,25,62" hai2="14,114,91,89,41,122,45,19,71,115,42,43,95" hai3="31,6,53,83,33,100,47,127,26,30,4,59,27"/><U15/><E116/><V68/><F122/><W109/><G109/><T46/><D92/><U94/><E120/><V110/><F45/><W79/><G127/><T13/><D20/><U50/><E106/><V105/><F110/><W22/><G47/><T23/><D23/><N who="1" m="15423" /><E134/><V18/><F14/><W113/><G100/><T132/><D117/><U81/><E62/><V51/><F51/><W86/><REACH who="3" step="1"/><G113/><REACH who="3" ten="160,350,240,240" step="2"/><T99/><D125/><U121/><E121/><V44/><F44/><W101/><G101/><T112/><D46/><U12/><E50/><AGARI ba="0,1" hai="4,6,22,26,27,30,31,33,50,53,59,79,83,86" machi="50" ten="30,7700,0" yaku="1,1,7,1,52,1,53,1" doraHai="72" doraHaiUra="52" who="3" fromWho="1" sc="160,0,350,-77,240,0,240,87" /><INIT seed="2,0,0,4,0,28" ten="160,273,240,327" oya="2" hai0="14,44,11,15,88,106,21,87,69,3,12,89,119" hai1="57,39,94,127,111,105,43,50,109,72,104,13,108" hai2="58,64,101,27,47,16,63,93,22,37,135,35,53" hai3="48,85,56,2,20,76,123,30,60,91,100,68,82"/><V41/><F135/><W96/><G2/><T122/><D122/><U103/><E72/><V81/><F81/><W33/><G123/><T71/><D106/><U131/><E131/><V120/><F120/><W17/><G68/><T125/><D125/><U55/><E127/><V77/><F77/><W90/><G48/><T24/><D44/><N who="1" m="23679" /><E13/><V110/><F110/><W49/><G33/><T42/><D42/><U84/><E84/><V112/><F112/><W62/><G30/><T32/><D119/><U134/><E134/><V92/><F35/><W61/><G49/><T79/><D79/><U113/><E113/><V86/><F86/><W59/><G91/><T73/><D73/><U18/><E18/><V8/><F101/><W7/><G7/><T129/><D129/><U132/><E132/><V29/><REACH who="2" step="1"/><F53/><REACH who="2" ten="160,273,230,327" step="2"/><W80/><G100/><T9/><D32/><U70/><E103/><V124/><F124/><W99/><G82/><T6/><D11/><U23/><E108/><V116/><F116/><W97/><G76/><T114/><D114/><U38/><E109/><V40/><F40/><W19/><G19/><T102/><D102/><U121/><E111/><V98/><F98/><W5/><G5/><T126/><D126/><U52/><E121/><V75/><F75/><W26/><AGARI ba="0,1" hai="17,20,26,56,59,60,61,62,80,85,90,96,97,99" machi="26" ten="30,2000,0" yaku="0,1,8,1" doraHai="28" who="3" fromWho="3" sc="160,-5,273,-5,230,-10,327,30" /><INIT seed="3,0,0,5,3,134" ten="155,268,220,357" oya="3" hai0="113,129,61,76,85,68,125,119,89,84,120,57,111" hai1="94,42,21,4,109,130,82,36,127,51,31,2,23" hai2="90,93,7,18,91,73,34,83,102,29,16,124,78" hai3="86,58,3,135,30,116,53,15,27,0,54,33,41"/><W123/><G116/><T60/><D119/><U37/><E82/><V81/><F7/><W104/><G123/><T122/><D111/><U46/><E109/><V118/><F118/><W20/><G104/><T131/><D76/><U28/><E94/><V25/><F124/><W132/><G41/><T92/><D68/><U62/><E130/><V26/><F83/><W75/><G75/><T52/><D113/><U107/><E107/><V65/><F65/><W59/><G86/><T49/><D85/><U101/><E101/><V126/><F126/><W40/><G40/><T71/><D125/><U38/><E62/><V6/><F6/><W74/><G74/><T115/><D115/><U121/><E121/><V55/><F55/><W97/><G97/><T50/><D61/><U96/><E96/><V39/><F39/><W110/><G110/><T63/><D60/><U19/><E21/><V10/><F102/><W48/><G15/><T72/><D72/><U56/><E56/><V43/><F43/><W108/><G33/><T69/><D69/><U95/><E95/><V100/><F100/><W133/><G108/><T12/><D12/><N who="1" m="9703" /><E127/><V44/><F44/><W77/><G77/><T80/><D80/><U24/><E24/><V9/><F91/><W117/><G117/><T79/><D79/><U128/><E38/><V114/><F114/><W103/><G103/><T47/><D71/><U99/><E37/><V17/><REACH who="2" step="1"/><F25/><REACH who="2" ten="155,268,210,357" step="2"/><W35/><G133/><T87/><D87/><AGARI ba="0,1" hai="9,10,16,17,18,26,29,34,73,78,81,87,90,93" machi="87" ten="40,12000,2" yaku="1,1,2,1,54,1,53,3" doraHai="134" doraHaiUra="14" who="2" fromWho="0" sc="155,-120,268,0,210,130,357,0" owari="35,-46.5,268,-13.2,340,14.0,357,45.7" /></mjloggm>