<mjloggm ver="2.3"><GO type="225" lobby="0"/><UN n0="%E3%82%B3%E3%83%90%E3%83%AC%E3%82%A4" n1="%E4%BF%BA%E3%81%A8%E5%A6%96%E5%A4%A2" n2="%E6%A1%9C%E8%8A%B1%E9%96%83%E3%80%85" n3="%4B%2E%32%2E%4B%2E" dan="16,16,17,16" rate="2155.59,2257.03,2299.34,2165.72" sx="M,F,M,M"/><TAIKYOKU oya="0"/><INIT seed="0,0,0,1,5,94" ten="250,250,250,250" oya="0" hai0="134,23,2,55,77,12,106,86,58,68,70,56,95" hai1="57,37,63,104,49,65,15,46,126,50,6,47,132" hai2="13,39,74,109,85,76,92,72,130,52,101,107,59" hai3="27,111,124,123,43,98,26,110,41,83,24,116,129"/><T31/><D2/><U118/><E104/><V120/><F120/><W79/><G116/><T60/><D106/><U99/><E118/><V81/><F39/><W128/><G123/><T3/><D3/><U14/><E132/><V75/><F109/><N who="3" m="41483" /><G124/><T125/><D134/><U11/><E126/><V4/><F130/><N who="3" m="50283" /><G98/><T64/><D125/><U88/><E15/><V25/><F25/><N who="3" m="6403" /><W133/><DORA hai="42" /><G133/><T28/><D70/><U73/><E73/><AGARI ba="0,0" hai="41,43,73,79,83" m="6403,50283,41483" machi="73" ten="40,2600,0" yaku="14,1,19,1" doraHai="94,42" who="3" fromWho="1" sc="250,0,250,-26,250,0,250,26" /><INIT seed="1,0,0,5,3,94" ten="250,224,250,276" oya="1" hai0="13,9,96,107,19,99,98,92,22,7,6,73,95" hai1="85,57,72,87,35,25,33,48,1,93,89,59,66" hai2="32,61,68,51,56,79,67,28,49,127,78,121,70" hai3="104,23,39,88,53,128,108,132,31,109,84,24,60"/><U5/><E72/><V90/><F121/><W125/><G39/><T77/><D107/><U18/><E1/><V21/><F32/><W50/><G125/><T106/><D106/><U101/><E5/><N who="0" m="1545" /><D73/><U27/><E101/><V65/><F127/><W102/><G128/><T74/><D74/><U37/><E37/><V135/><F135/><W82/><G132/><T15/><D77/><U113/><E113/><V4/><F4/><AGARI ba="0,0" hai="4,9,13,15,19,22,92,95,96,98,99" m="1545" machi="4" ten="30,7700,0" yaku="8,1,52,3" doraHai="94" who="0" fromWho="2" sc="250,77,224,0,250,-77,276,0" /><INIT seed="2,0,0,0,5,119" ten="327,224,173,276" oya="2" hai0="34,25,54,4,74,46,5,81,20,104,0,77,31" hai1="26,50,128,108,107,60,71,9,115,86,73,65,33" hai2="93,47,40,35,85,118,131,127,53,45,29,58,67" hai3="88,89,111,99,133,13,134,6,43,39,105,103,130"/><V28/><F118/><W87/><G111/><T63/><D104/><U72/><E115/><V112/><F112/><W135/><G130/><T125/><D125/><U27/><E107/><V32/><F127/><W21/><G87/><T42/><D34/><U24/><E33/><V61/><F131/><W36/><G43/><T30/><D31/><N who="2" m="11850" /><F32/><W82/><G82/><T117/><D117/><U114/><E114/><V78/><F35/><W2/><G2/><T96/><D96/><U109/><E128/><V106/><F106/><W41/><G41/><T84/><D74/><U76/><E50/><N who="2" m="26919" /><F78/><W101/><G101/><T52/><D0/><U124/><E124/><V122/><F122/><W62/><G62/><T90/><D77/><U3/><E86/><V95/><F85/><W16/><G6/><T92/><D5/><N who="1" m="1215" /><E76/><V110/><F110/><AGARI ba="0,0" hai="24,26,27,60,65,71,72,73,108,109,110" m="1215" machi="110" ten="30,1000,0" yaku="14,1" doraHai="119" who="1" fromWho="2" sc="327,0,224,10,173,-10,276,0" /><INIT seed="3,0,0,1,3,16" ten="327,234,163,276" oya="3" hai0="91,56,27,7,80,55,53,71,58,59,32,112,83" hai1="68,48,132,87,41,39,109,133,107,86,21,22,79" hai2="6,118,105,61,51,9,92,119,97,76,134,111,28" hai3="96,85,93,20,110,42,23,129,38,74,122,13,1"/><W103/><G122/><T17/><D71/><U88/><E39/><V127/><F105/><W2/><G74/><T60/><D112/><U115/><E115/><V102/><F111/><W50/><G38/><T25/><D32/><U108/><E68/><V123/><F123/><W84/><G1/><T40/><D40/><U0/><E0/><V95/><F127/><W24/><G2/><T4/><D59/><U44/><E79/><V46/><F134/><N who="1" m="51817" /><E87/><N who="3" m="33354" /><G110/><N who="1" m="42602" /><E107/><V69/><F76/><W128/><G13/><T67/><D67/><U131/><E131/><N who="3" m="50250" /><G24/><T35/><D35/><U120/><E120/><V100/><F118/><W33/><G33/><T72/><D72/><U14/><E14/><V37/><F119/><W15/><G15/><T104/><D27/><U31/><E31/><V78/><F37/><W43/><G43/><T45/><D25/><U54/><E41/><V117/><F28/><W11/><G11/><T49/><D83/><AGARI ba="0,0" hai="21,22,44,48,54,83,86,88" m="42602,51817" machi="83" ten="30,8000,1" yaku="20,1,14,1,52,2,54,1" doraHai="16" who="1" fromWho="0" sc="327,-80,234,80,163,0,276,0" owari="247,-15.3,314,41.4,163,-33.7,276,7.6" /></mjloggm>