<mjloggm ver="2.3"><GO type="225" lobby="0"/><UN n0="%E3%82%A4%E3%83%BC%E3%82%B1%E3%83%97%E3%83%A9" n1="%E7%99%BD%E9%9B%AA%E4%B9%83%E6%84%9B" n2="%E3%83%8F%E3%83%B3%E3%83%89%E3%83%A9%E3%83%BC%E3%83%BB%E3%83%AF%E3%83%B3" n3="%77%72%77%72%77%72%77%72" dan="16,16,17,17" rate="2171.46,2055.39,2238.17,2172.44" sx="M,F,M,M"/><TAIKYOKU oya="0"/><INIT seed="0,0,0,3,3,113" ten="250,250,250,250" oya="0" hai0="0,133,91,82,34,12,62,3,69,108,87,10,89" hai1="75,9,13,77,76,8,37,93,112,16,47,57,70" hai2="105,15,1,21,85,129,103,17,116,84,19,59,122" hai3="6,5,111,25,31,36,49,131,124,64,88,39,134"/><T125/><D34/><U20/><E70/><V101/><F122/><W28/><G111/><T14/><D125/><U24/><E112/><V92/><F1/><W58/><G124/><T60/><D133/><U98/><E75/><V97/><F129/><W7/><G131/><T54/><D108/><U71/><E71/><V78/><F78/><W99/><G134/><T46/><D91/><U53/><E9/><V106/><F116/><W72/><G72/><T29/><D29/><U109/><E109/><V128/><F128/><W81/><G28/><T22/><D22/><U52/><E47/><V79/><F79/><W38/><G64/><T83/><D83/><U27/><E53/><V23/><F59/><W32/><G58/><T120/><D120/><U48/><E37/><V104/><REACH who="2" step="1"/><F103/><REACH who="2" ten="250,250,240,250" step="2"/><W130/><G130/><T127/><D127/><U94/><E24/><AGARI ba="0,1" hai="15,17,19,21,23,24,84,85,92,97,101,104,105,106" machi="24" ten="40,2600,0" yaku="1,1,2,1,53,0" doraHai="113" doraHaiUra="56" who="2" fromWho="1" sc="250,0,250,-26,240,36,250,0" /><INIT seed="1,0,0,4,3,53" ten="250,224,276,250" oya="1" hai0="115,34,74,0,132,103,128,45,66,46,93,107,59" hai1="64,82,3,97,80,86,56,49,37,77,73,16,48" hai2="130,118,52,18,72,2,124,39,43,36,92,54,20" hai3="35,95,127,109,68,111,89,8,135,25,44,98,38"/><U134/><E134/><V94/><F118/><W30/><G135/><T26/><D0/><U123/><E123/><V100/><F72/><W33/><G68/><T32/><D74/><U24/><E37/><V114/><F2/><W42/><G127/><T29/><D132/><U41/><E3/><V47/><F124/><W4/><REACH who="3" step="1"/><G35/><REACH who="3" ten="250,224,276,240" step="2"/><T11/><D34/><U22/><E41/><V110/><F43/><W31/><G31/><T78/><D29/><U1/><E1/><AGARI ba="0,1" hai="1,4,8,25,30,33,38,42,44,89,95,98,109,111" machi="1" ten="40,1300,0" yaku="1,1,53,0" doraHai="53" doraHaiUra="133" who="3" fromWho="1" sc="250,0,224,-13,276,0,240,23" /><INIT seed="2,0,0,1,1,92" ten="250,211,276,263" oya="2" hai0="0,67,102,19,135,65,13,47,20,26,126,62,120" hai1="127,118,78,75,9,73,5,21,7,33,119,16,72" hai2="4,130,38,90,42,12,32,59,54,49,115,15,101" hai3="114,84,70,122,128,44,74,131,22,103,34,109,55"/><V107/><F115/><W68/><G122/><T129/><D120/><U108/><E33/><V35/><F130/><N who="3" m="49707" /><G74/><T121/><D129/><U77/><E108/><V71/><F71/><W76/><G34/><T104/><D0/><U25/><E127/><V93/><F38/><W81/><G109/><T110/><D121/><U37/><E37/><V79/><F42/><W1/><G114/><T64/><D110/><U28/><E28/><V80/><F101/><W24/><G1/><T113/><D113/><U132/><E132/><V97/><F107/><W100/><G100/><T99/><D135/><U46/><E46/><V116/><F116/><W51/><G103/><T50/><D126/><U82/><E7/><V125/><F125/><W30/><AGARI ba="0,0" hai="22,24,30,44,51,55,68,70,76,81,84" m="49707" machi="30" ten="30,1100,0" yaku="19,1" doraHai="92" who="3" fromWho="3" sc="250,-3,211,-3,276,-5,263,11" /><INIT seed="3,0,0,5,5,51" ten="247,208,271,274" oya="3" hai0="19,60,0,87,16,70,25,129,84,101,109,31,9" hai1="47,127,50,28,3,99,104,71,36,48,68,41,42" hai2="40,7,107,111,6,74,91,62,67,73,32,124,59" hai3="4,98,95,11,46,125,81,106,133,30,97,15,132"/><W76/><G125/><T26/><D109/><U79/><E3/><V115/><F115/><W114/><G114/><T8/><D101/><U5/><E5/><V72/><F32/><W34/><G46/><T85/><D129/><U57/><E127/><V27/><F107/><W90/><G34/><T58/><D70/><U113/><E113/><V49/><F124/><W102/><REACH who="3" step="1"/><G30/><REACH who="3" ten="247,208,271,264" step="2"/><T56/><D31/><U45/><E28/><V14/><F111/><W118/><G118/><T22/><D0/><U117/><E117/><V77/><F40/><W1/><G1/><T110/><D110/><U33/><E33/><V39/><F39/><W55/><G55/><N who="0" m="33823" /><D58/><U131/><E131/><V12/><F59/><W93/><G93/><T52/><D52/><U89/><E104/><V86/><F67/><W29/><G29/><T21/><AGARI ba="0,1" hai="8,9,16,19,21,22,25,26,84,85,87" m="33823" machi="21" ten="30,4000,0" yaku="8,1,52,1,54,1" doraHai="51" who="0" fromWho="0" sc="247,50,208,-10,271,-10,264,-20" /><INIT seed="4,0,0,3,5,131" ten="297,198,261,244" oya="0" hai0="99,1,48,70,58,78,30,20,54,86,63,12,7" hai1="42,14,47,39,38,95,128,109,21,105,106,34,16" hai2="102,31,119,3,57,89,22,126,36,104,29,108,44" hai3="124,76,19,93,59,87,120,56,91,111,51,127,61"/><T15/><D1/><U45/><E109/><V6/><F108/><W113/><G111/><T52/><D99/><U115/><E128/><V83/><F104/><W10/><G113/><T84/><D70/><U40/><E115/><V96/><F102/><W88/><G120/><T90/><D78/><U74/><E74/><V116/><F126/><N who="3" m="48171" /><G76/><T123/><D123/><U94/><E94/><V50/><F36/><W77/><G77/><T24/><D7/><U32/><REACH who="1" step="1"/><E95/><REACH who="1" ten="297,188,261,244" step="2"/><V69/><F119/><W117/><G117/><T133/><D133/><U97/><E97/><V73/><F96/><W66/><G93/><N who="0" m="54471" /><D86/><U75/><E75/><V55/><F73/><W122/><G87/><T72/><D72/><U41/><E41/><V129/><F129/><W60/><G122/><T114/><D114/><U121/><E121/><V135/><F135/><W107/><G107/><AGARI ba="0,1" hai="14,16,21,32,34,38,39,40,42,45,47,105,106,107" machi="107" ten="40,5200,0" yaku="1,1,9,1,54,1,53,0" doraHai="131" doraHaiUra="26" who="1" fromWho="3" sc="297,0,188,62,261,0,244,-52" /><INIT seed="5,0,0,5,4,113" ten="297,250,261,192" oya="1" hai0="96,29,93,31,36,99,94,126,122,49,98,114,128" hai1="54,22,68,90,56,47,131,92,57,58,111,28,86" hai2="73,18,15,110,103,63,34,44,59,117,72,85,134" hai3="104,2,129,3,26,39,77,118,61,48,1,14,79"/><U91/><E68/><V12/><F110/><W67/><G39/><T132/><D36/><U8/><E111/><V78/><F34/><W37/><G37/><T95/><D114/><U7/><E131/><V102/><F44/><W13/><G104/><T130/><D126/><U88/><E47/><V66/><F134/><W81/><G129/><N who="0" m="49771" /><D132/><U55/><E90/><V52/><F117/><W116/><G48/><T42/><D122/><U124/><E124/><V41/><F41/><W119/><G26/><T38/><D38/><U74/><E74/><V64/><F12/><N who="3" m="4715" /><G81/><T20/><D20/><U108/><E108/><V32/><F32/><W62/><G62/><T87/><D87/><N who="1" m="52255" /><E8/><V121/><F121/><W50/><G50/><T100/><D100/><N who="2" m="38442" /><F73/><W97/><G97/><T4/><D4/><U135/><E7/><V40/><F40/><W19/><G19/><T51/><D51/><U106/><E106/><V115/><F72/><W35/><G35/><T89/><D89/><U53/><E135/><V9/><F115/><W17/><G17/><T10/><D10/><U70/><E70/><AGARI ba="0,0" hai="1,2,3,61,67,70,77,79,116,118,119" m="4715" machi="70" ten="40,8000,1" yaku="12,1,52,3" doraHai="113" who="3" fromWho="1" sc="297,0,250,-80,261,0,192,80" /><INIT seed="6,0,0,3,1,61" ten="297,170,261,272" oya="2" hai0="45,38,112,85,84,132,11,82,113,114,108,135,52" hai1="29,30,17,55,5,103,57,105,93,90,120,110,107" hai2="25,101,2,42,119,48,13,86,124,66,60,91,12" hai3="122,50,16,58,116,39,98,68,54,67,131,37,134"/><V47/><F119/><W1/><G116/><T71/><D108/><U62/><E110/><V89/><F2/><W31/><G122/><T115/><N who="0" m="28672" /><DORA hai="23" /><T15/><D71/><U49/><E120/><V72/><F72/><W126/><G1/><T97/><D97/><U81/><E5/><V33/><F101/><W69/><G31/><T117/><D117/><U43/><E81/><V26/><F124/><W133/><G126/><T106/><D106/><U130/><E130/><V78/><F78/><W127/><G127/><T14/><D14/><N who="2" m="5738" /><F33/><W21/><G131/><T19/><D52/><U102/><E17/><V94/><F91/><W128/><G69/><T88/><D85/><N who="1" m="52431" /><E107/><V24/><F60/><N who="3" m="40039" /><G98/><T63/><D63/><U123/><E105/><V104/><F104/><W44/><G44/><T28/><D28/><N who="1" m="10859" /><E123/><V118/><F118/><W77/><G128/><T59/><D59/><U22/><E22/><V121/><F121/><W76/><G76/><T0/><D0/><U20/><E20/><V10/><F10/><W27/><G77/><T51/><D38/><U79/><E79/><V95/><F95/><W9/><G9/><T41/><AGARI ba="0,0" hai="11,15,19,41,45,51,82,84,88,132,135" m="28672" machi="41" ten="60,7900,0" yaku="0,1,15,1,54,1" doraHai="61,23" who="0" fromWho="0" sc="297,79,170,-20,261,-39,272,-20" owari="376,47.6,150,-35.0,222,-17.8,252,5.2" /></mjloggm>