<mjloggm ver="2.3"><GO type="225" lobby="0"/><UN n0="%E8%A8%88%E7%AE%97%E6%A9%9F%E8%87%AA%E7%84%B6" n1="%77%72%77%72%77%72%77%72" n2="%E5%8D%A0%E3%81%84%E5%B8%AB%E8%A3%8F%E3%81%AA%E3%81%84%E3%81%97" n3="%E4%B8%8B%E6%AE%B5%E3%83%81%E3%82%A7%E3%83%AA%E3%83%BC" dan="17,16,17,16" rate="2144.26,2110.46,2247.34,2144.16" sx="M,M,M,M"/><TAIKYOKU oya="0"/><INIT seed="0,0,0,5,4,127" ten="250,250,250,250" oya="0" hai0="106,15,13,60,23,52,24,68,123,10,9,6,36" hai1="111,133,112,80,74,7,131,105,93,85,28,49,42" hai2="116,46,20,58,88,71,70,33,53,37,135,67,43" hai3="41,113,79,45,50,47,61,72,78,99,48,34,84"/><T8/><D106/><U73/><E28/><V86/><F33/><W76/><G72/><T64/><D36/><U121/><E7/><V25/><F135/><W27/><G113/><T77/><D123/><U104/><E49/><V32/><F32/><W119/><G119/><T57/><D77/><U14/><E14/><V66/><F116/><W0/><G0/><T30/><REACH who="0" step="1"/><D15/><REACH who="0" ten="240,250,250,250" step="2"/><U44/><E121/><V19/><F71/><W87/><G78/><T21/><D21/><U5/><E105/><V92/><REACH who="2" step="1"/><F70/><REACH who="2" ten="240,250,240,250" step="2"/><W95/><G34/><T75/><D75/><U35/><E74/><V1/><F1/><W110/><G76/><T62/><AGARI ba="0,2" hai="6,8,9,10,13,23,24,30,52,57,60,62,64,68" machi="62" ten="20,7800,0" yaku="1,1,0,1,7,1,54,1,53,0" doraHai="127" doraHaiUra="96" who="0" fromWho="0" sc="240,98,250,-26,240,-26,250,-26" /><INIT seed="0,1,0,0,5,92" ten="338,224,214,224" oya="0" hai0="97,28,31,96,71,102,72,129,13,107,38,65,50" hai1="73,51,25,24,113,104,132,121,126,68,120,18,122" hai2="1,4,64,63,44,69,112,48,6,114,135,95,85" hai3="10,118,12,124,101,75,108,116,2,66,76,41,29"/><T105/><D38/><U79/><E68/><V109/><F109/><W62/><G124/><T67/><D72/><U42/><E126/><V52/><F135/><W111/><G41/><T0/><D0/><U32/><E132/><V119/><F119/><W30/><G76/><T14/><D50/><U61/><E113/><V7/><REACH who="2" step="1"/><F1/><REACH who="2" ten="338,224,204,224" step="2"/><W53/><G2/><T89/><D129/><U27/><E121/><V5/><N who="2" m="1024" /><DORA hai="103" /><V39/><F39/><W86/><G108/><T19/><D71/><U59/><E122/><V128/><F128/><W74/><G111/><T134/><D134/><U3/><E120/><V115/><F115/><W34/><G118/><T37/><D37/><U26/><E3/><V94/><F94/><W35/><G116/><T83/><D83/><U87/><E32/><V98/><F98/><W117/><G117/><T11/><D97/><U54/><E104/><V36/><F36/><W88/><G34/><T46/><D96/><U78/><E73/><V91/><AGARI ba="1,1" hai="44,48,52,63,64,69,85,91,95,112,114" m="1024" machi="91" ten="40,5200,0" yaku="1,1,0,1,54,1,53,0" doraHai="92,103" doraHaiUra="131,9" who="2" fromWho="2" sc="338,-27,224,-14,204,65,224,-14" /><INIT seed="1,0,0,5,4,32" ten="311,210,269,210" oya="1" hai0="117,93,72,78,125,46,130,108,31,7,0,13,102" hai1="119,69,88,3,118,99,16,43,5,81,40,70,52" hai2="24,71,9,37,123,132,96,45,110,106,30,83,42" hai3="122,54,39,107,35,75,109,4,86,100,134,92,95"/><U66/><E3/><V89/><F110/><W127/><G35/><T103/><D117/><U82/><E5/><V44/><F123/><W29/><G29/><T28/><D0/><U104/><E104/><V76/><F132/><W114/><G39/><T126/><D108/><U64/><E99/><V21/><F44/><W128/><G134/><T47/><D130/><U77/><E77/><V27/><F27/><W73/><G4/><T80/><D31/><U41/><E41/><V15/><F71/><W8/><G8/><N who="0" m="4255" /><D28/><U67/><E67/><V101/><F89/><W61/><G61/><T59/><D59/><U6/><E6/><V62/><F62/><W63/><G54/><T33/><D33/><U124/><E124/><N who="0" m="47721" /><D103/><U53/><REACH who="1" step="1"/><E16/><REACH who="1" ten="311,200,269,210" step="2"/><V91/><F76/><W121/><G127/><T23/><D23/><U12/><E12/><V49/><F15/><W65/><G109/><T113/><D113/><U87/><E87/><N who="2" m="50687" /><F9/><W135/><G135/><T112/><D112/><U56/><E56/><V11/><F11/><W18/><G114/><T68/><D68/><U22/><E22/><V57/><F57/><W115/><G115/><T51/><D47/><U120/><E120/><V111/><F111/><W105/><G122/><T60/><D46/><U50/><E50/><V20/><F21/><W94/><G121/><T90/><D51/><U55/><E55/><V38/><F49/><W25/><G65/><T58/><D58/><U116/><E116/><V2/><F2/><W129/><G129/><T36/><D78/><U34/><E34/><V133/><F133/><W17/><G128/><RYUUKYOKU ba="0,1" sc="311,-15,200,15,269,15,210,-15" hai1="40,43,52,53,64,66,69,70,81,82,88,118,119" hai2="20,24,30,37,38,42,45,96,101,106" /><INIT seed="1,1,1,4,3,130" ten="296,215,284,195" oya="1" hai0="111,110,57,27,99,64,103,11,9,44,56,30,102" hai1="23,6,47,134,66,13,123,17,35,32,100,46,34" hai2="0,117,70,28,92,135,129,89,43,67,18,63,36" hai3="88,61,10,127,118,104,77,55,125,80,24,131,7"/><U112/><E123/><V20/><F129/><W26/><G26/><T29/><D44/><U3/><E112/><V52/><F0/><W120/><G120/><T76/><D76/><U37/><E66/><V40/><F117/><W22/><G104/><T106/><D64/><U90/><E100/><V94/><F28/><W62/><G131/><T2/><D2/><U113/><E113/><V1/><F1/><W49/><G118/><T5/><D5/><U133/><E90/><V95/><F36/><W96/><G77/><T72/><D27/><U50/><E37/><V107/><F107/><W74/><G74/><T97/><D106/><U53/><REACH who="1" step="1"/><E46/><REACH who="1" ten="296,205,284,195" step="2"/><V39/><F39/><W79/><G79/><T82/><D82/><U73/><E73/><AGARI ba="1,2" hai="9,11,29,30,56,57,72,73,97,99,102,103,110,111" machi="73" ten="25,1600,0" yaku="22,2" doraHai="130" who="0" fromWho="1" sc="296,39,205,-19,284,0,195,0" /><INIT seed="2,0,0,4,5,111" ten="335,186,284,195" oya="2" hai0="92,135,117,94,28,121,93,56,89,131,17,80,34" hai1="90,116,104,84,75,119,65,76,59,102,126,85,20" hai2="91,15,42,70,2,18,37,50,51,114,23,97,4" hai3="109,86,35,88,125,108,110,48,30,0,21,60,69"/><V130/><F70/><W55/><G0/><T112/><D112/><U31/><E31/><V1/><F114/><W67/><G125/><T10/><D34/><U24/><E24/><V57/><F130/><W129/><G129/><T62/><D28/><U87/><E20/><V13/><F37/><W107/><G107/><T73/><D121/><U45/><E45/><V120/><F120/><W52/><G35/><T98/><D135/><U71/><E59/><V99/><F57/><W43/><G43/><T14/><D117/><N who="1" m="45131" /><E65/><V16/><F91/><W132/><G132/><T113/><D113/><U47/><E47/><V133/><F133/><W106/><G106/><T115/><D131/><U64/><E64/><V5/><F42/><W78/><G78/><T103/><D115/><U6/><E6/><V127/><REACH who="2" step="1"/><F23/><REACH who="2" ten="335,186,274,195" step="2"/><W46/><G55/><N who="0" m="34079" /><D73/><U27/><E71/><V53/><F53/><W9/><G9/><T68/><D68/><U63/><E126/><AGARI ba="0,1" hai="1,2,4,5,13,15,16,18,50,51,97,99,126,127" machi="126" ten="25,18000,2" yaku="1,1,22,2,54,1,53,2" doraHai="111" doraHaiUra="32" who="2" fromWho="1" sc="335,0,186,-180,274,190,195,0" /><INIT seed="2,1,0,0,2,33" ten="335,6,464,195" oya="2" hai0="133,38,2,57,14,105,131,58,71,44,28,52,1" hai1="45,37,116,51,83,32,129,20,127,84,123,13,56" hai2="24,132,110,31,87,42,92,7,82,114,111,120,86" hai3="3,103,66,18,62,22,35,16,74,107,36,117,81"/><V93/><F114/><W91/><G36/><T5/><D105/><U70/><E32/><V55/><F120/><W27/><G117/><T112/><D112/><U19/><E70/><V128/><F128/><W64/><G64/><T69/><D28/><U98/><E116/><V77/><F42/><W46/><G46/><T108/><D131/><U40/><E129/><V48/><F7/><W95/><G35/><T118/><D118/><U41/><E123/><V89/><F93/><W100/><G107/><T88/><D108/><N who="2" m="41514" /><F132/><W65/><G65/><T99/><D133/><U94/><E127/><V11/><F11/><W72/><G18/><T60/><D57/><U119/><E119/><V122/><F122/><W23/><G23/><T85/><D99/><U80/><E40/><V0/><F0/><W124/><G3/><T73/><D71/><U10/><E10/><V30/><F24/><W96/><G124/><T115/><D115/><U113/><E113/><V54/><F54/><W21/><G21/><T76/><D5/><U125/><E125/><V126/><F126/><W4/><G4/><T17/><D1/><U68/><E68/><V75/><F75/><W79/><G74/><T90/><D73/><U34/><E34/><V15/><F15/><W109/><G109/><T61/><D2/><U39/><E39/><V49/><F49/><W106/><G106/><T50/><D38/><U26/><E26/><V53/><F53/><W8/><G8/><N who="0" m="6343" /><D69/><AGARI ba="1,0" hai="16,22,27,62,66,69,72,79,81,91,95,96,100,103" machi="69" ten="30,2000,0" yaku="7,1,54,1" doraHai="33" who="3" fromWho="0" sc="335,-23,6,0,464,0,195,23" /><INIT seed="3,0,0,5,5,108" ten="312,6,464,218" oya="3" hai0="0,50,117,9,124,34,84,121,104,107,35,63,20" hai1="38,62,2,37,126,5,32,55,114,31,93,98,39" hai2="48,100,77,33,17,60,131,59,51,105,127,61,120" hai3="73,71,90,82,49,128,6,16,64,23,44,56,113"/><W69/><G128/><T83/><D117/><U11/><E126/><V15/><F33/><W80/><G6/><T88/><D121/><U28/><E32/><V10/><F127/><W26/><G56/><T22/><D124/><U119/><E119/><V118/><F118/><W132/><G132/><T106/><D50/><U24/><E24/><V4/><F131/><W57/><G57/><T47/><D47/><U29/><E62/><V18/><F105/><W109/><G109/><T129/><D129/><U7/><E55/><N who="2" m="32231" /><F100/><W78/><G64/><T134/><D63/><N who="2" m="24138" /><F120/><W123/><G123/><T133/><D34/><U58/><E58/><V70/><F70/><W135/><G135/><N who="0" m="51723" /><D35/><U89/><E2/><V21/><F77/><W65/><G65/><T130/><D130/><U30/><N who="1" m="7168" /><DORA hai="112" /><U3/><E3/><V85/><F85/><W92/><G82/><T19/><D0/><U103/><E89/><V111/><F111/><W91/><G113/><T27/><D9/><U76/><E76/><V68/><F68/><W8/><G8/><T12/><D20/><U79/><E79/><V1/><F1/><W53/><REACH who="3" step="1"/><G90/><REACH who="3" ten="312,6,464,208" step="2"/><T13/><AGARI ba="0,1" hai="12,13,19,22,27,83,84,88,104,106,107" m="51723" machi="13" ten="40,2700,0" yaku="20,1,54,1" doraHai="108,112" who="0" fromWho="0" sc="312,37,6,-7,464,-7,208,-13" owari="349,14.9,-1,-50.1,457,55.7,195,-20.5" /></mjloggm>