<mjloggm ver="2.3"><GO type="225" lobby="0"/><UN n0="%E6%A1%9C%E8%8A%B1%E9%96%83%E3%80%85" n1="%E3%81%99%E3%81%84%E3%81%BE%E3%81%9B%E3%83%BC%E3%82%93" n2="%E3%83%96%E3%83%83%E3%83%91%E3%82%AA%E3%83%96%E3%83%81%E3%82%AD%E3%83%B3" n3="%E3%81%A4%E3%81%A3%E3%81%B1%E3%82%8A%E3%83%9D%E3%83%BC%E3%83%AB" dan="16,18,16,17" rate="2194.76,2201.99,2163.61,2174.42" sx="M,M,M,M"/><TAIKYOKU oya="0"/><INIT seed="0,0,0,0,1,101" ten="250,250,250,250" oya="0" hai0="92,96,60,80,33,126,49,104,59,109,56,24,94" hai1="132,113,105,118,5,65,102,82,75,11,45,131,110" hai2="76,44,47,69,130,128,99,1,81,129,121,85,13" hai3="35,14,54,42,57,106,103,97,68,95,66,86,51"/><T25/><D126/><U58/><E118/><V78/><F121/><W34/><G42/><T3/><D3/><U41/><E110/><V50/><F1/><W124/><G124/><T87/><D109/><U62/><E132/><V15/><F69/><W18/><G66/><N who="0" m="39175" /><D104/><U64/><E64/><V74/><F99/><W32/><G68/><T73/><D73/><U79/><E131/><V7/><F7/><W90/><REACH who="3" step="1"/><G35/><REACH who="3" ten="250,250,250,240" step="2"/><T116/><D33/><U37/><E113/><V26/><F26/><N who="0" m="10346" /><D116/><U55/><E65/><V6/><F6/><W120/><G120/><T2/><D2/><U20/><E5/><V22/><F129/><W38/><G38/><T12/><D12/><U48/><E37/><V61/><F13/><W70/><G70/><T84/><D96/><U115/><E115/><V107/><F15/><W93/><G93/><N who="0" m="35947" /><D80/><U31/><E82/><V111/><F81/><W39/><G39/><T23/><D23/><AGARI ba="0,1" hai="14,18,23,32,34,51,54,57,86,90,95,97,103,106" machi="23" ten="30,8000,1" yaku="1,1,7,1,25,2,52,1,53,0" doraHai="101" doraHaiUra="123" who="3" fromWho="0" sc="250,-80,250,0,250,0,240,90" /><INIT seed="1,0,0,4,3,76" ten="170,250,250,330" oya="1" hai0="105,72,125,41,95,110,0,74,68,86,53,52,106" hai1="47,115,133,36,45,132,127,17,22,38,18,109,50" hai2="15,62,65,30,57,39,83,73,11,121,77,131,5" hai3="16,44,97,113,89,40,12,130,27,23,58,84,85"/><U32/><E32/><V129/><F121/><W67/><G113/><T24/><D0/><U3/><E115/><V69/><F39/><W48/><G130/><T25/><D68/><U42/><E127/><V46/><F46/><W4/><G97/><T117/><D41/><U34/><E34/><V102/><F30/><W80/><G85/><T14/><D117/><U35/><E35/><V55/><REACH who="2" step="1"/><F102/><REACH who="2" ten="170,250,240,330" step="2"/><W120/><G120/><T49/><D125/><U119/><E38/><V64/><F64/><W104/><G104/><T93/><D110/><U29/><E109/><V126/><F126/><W20/><G67/><T90/><D105/><U78/><E29/><V134/><F134/><W108/><G108/><T101/><D106/><U114/><E133/><V98/><F98/><W6/><G58/><T124/><D124/><U33/><E132/><V135/><F135/><W128/><G128/><T31/><D31/><AGARI ba="0,1" hai="4,6,12,16,20,23,27,31,40,44,48,80,84,89" machi="31" ten="30,7700,0" yaku="7,1,8,1,52,1,54,1" doraHai="76" who="3" fromWho="0" sc="170,-77,250,0,240,0,330,87" /><INIT seed="2,0,0,1,2,13" ten="93,250,240,417" oya="2" hai0="82,115,43,75,36,64,83,72,73,1,50,76,131" hai1="68,34,80,94,135,8,78,29,86,104,3,57,95" hai2="85,134,127,121,46,123,132,52,53,5,41,71,125" hai3="48,112,17,106,62,38,55,65,119,31,0,67,117"/><V44/><F5/><W116/><G0/><T102/><D50/><U33/><E68/><V88/><F71/><W120/><G106/><T56/><D56/><U122/><E104/><V15/><F15/><W20/><G38/><T54/><D54/><N who="2" m="21098" /><F121/><W58/><G120/><T100/><D64/><U47/><E34/><V87/><F123/><W126/><G126/><N who="2" m="48137" /><F85/><W19/><G112/><T128/><D1/><U18/><E86/><V63/><F63/><W21/><G31/><T70/><D70/><U2/><E29/><V32/><F32/><W107/><G107/><T39/><D115/><U96/><E33/><V118/><F118/><W79/><G65/><T74/><D74/><U93/><E3/><V97/><F97/><W60/><G67/><T69/><D69/><U22/><E96/><V24/><F24/><W113/><G113/><T59/><D59/><U10/><E57/><V89/><F89/><W66/><G66/><T45/><D73/><U25/><E122/><V6/><F6/><W129/><G60/><T37/><D75/><U81/><E2/><V130/><F130/><W111/><G62/><T92/><D128/><U12/><E25/><V14/><F14/><N who="3" m="9271" /><G129/><T91/><D131/><U84/><E12/><V26/><F26/><N who="3" m="14655" /><G119/><T35/><D35/><U109/><E47/><V61/><F61/><W101/><G117/><T124/><D124/><U90/><E10/><V16/><F46/><W103/><G116/><T7/><D7/><U40/><E8/><V11/><F11/><W110/><G79/><T133/><D45/><U27/><E78/><V77/><F77/><RYUUKYOKU ba="0,0" sc="93,-10,250,-10,240,-10,417,30" hai3="48,55,58,101,103,110,111" /><INIT seed="3,1,0,0,0,0" ten="83,240,230,447" oya="3" hai0="115,25,62,50,97,46,3,105,35,132,66,15,18" hai1="121,9,123,100,79,37,57,65,108,94,24,104,36" hai2="30,43,130,85,135,76,101,125,119,67,75,52,6" hai3="90,83,63,93,73,81,96,11,26,56,71,117,72"/><W69/><G117/><T106/><D132/><U70/><E104/><V126/><F119/><W38/><G38/><T28/><D115/><U64/><E70/><V102/><F67/><W122/><G122/><T19/><D19/><U55/><E108/><V22/><F135/><W14/><G26/><T39/><D39/><U2/><E79/><V21/><F43/><W23/><G23/><N who="2" m="8713" /><F75/><W31/><G31/><T112/><D112/><U120/><E24/><V77/><F30/><W4/><G73/><T84/><D84/><U32/><E32/><V49/><F130/><W89/><G89/><T98/><D98/><N who="1" m="59479" /><E37/><V95/><F6/><W92/><G92/><T53/><D18/><U7/><E36/><V42/><F42/><W41/><G41/><T13/><D105/><U134/><E134/><V58/><F101/><W103/><G103/><T59/><D3/><U47/><E65/><V110/><F110/><W5/><G5/><T133/><D133/><U54/><E47/><V86/><F86/><W34/><G34/><T111/><D111/><U45/><E45/><V29/><F29/><W88/><G90/><T60/><D60/><U113/><E113/><V129/><F129/><W12/><G12/><T44/><D44/><U116/><E116/><V118/><F118/><W1/><G1/><T87/><D87/><U128/><E128/><V68/><F68/><W61/><G72/><T99/><D99/><U82/><E82/><N who="2" m="47303" /><F77/><W107/><G107/><T91/><REACH who="0" step="1"/><D91/><REACH who="0" ten="73,240,230,447" step="2"/><U109/><E109/><V124/><F102/><AGARI ba="1,1" hai="13,15,25,28,35,46,50,53,59,62,66,97,102,106" machi="102" ten="40,5200,0" yaku="1,1,2,1,53,1" doraHai="0" doraHaiUra="48" who="0" fromWho="2" sc="73,65,240,0,230,-55,447,0" owari="138,-36.2,240,4.0,175,-22.5,447,54.7" /></mjloggm>