<mjloggm ver="2.3"><GO type="225" lobby="0"/><UN n0="%E3%81%BF%E3%81%BF%E3%81%9A" n1="%E3%81%94%E3%83%BC%E3%81%A9%E3%82%93" n2="%33%74%72%65%65" n3="%E3%81%99%E3%81%84%E3%81%BE%E3%81%9B%E3%83%BC%E3%82%93" dan="17,16,17,18" rate="2203.29,2093.62,2159.53,2224.69" sx="M,M,F,M"/><TAIKYOKU oya="0"/><INIT seed="0,0,0,3,2,85" ten="250,250,250,250" oya="0" hai0="87,76,64,42,12,102,129,22,115,36,72,18,99" hai1="3,68,134,69,49,131,93,130,84,95,62,63,55" hai2="78,43,25,31,126,89,100,37,91,107,13,105,6" hai3="125,74,19,92,66,112,79,96,1,52,53,94,109"/><T14/><D115/><U104/><E104/><V15/><F78/><W119/><G112/><T101/><D129/><N who="1" m="49163" /><E3/><V20/><F126/><W27/><G119/><T59/><D72/><U132/><E84/><V73/><F73/><W71/><G1/><T113/><D113/><U11/><E11/><V70/><F70/><N who="1" m="27241" /><E95/><V28/><F6/><W111/><G125/><T67/><D36/><U60/><E93/><V2/><F2/><W128/><G94/><T133/><D133/><N who="1" m="51307" /><E63/><V122/><F37/><W46/><G128/><T121/><D121/><U44/><AGARI ba="0,0" hai="44,49,55,60,62" m="51307,27241,49163" machi="44" ten="40,8000,1" yaku="19,1,20,1,34,2" doraHai="85" who="1" fromWho="1" sc="250,-40,250,80,250,-20,250,-20" /><INIT seed="1,0,0,2,5,127" ten="210,330,230,230" oya="1" hai0="8,62,83,43,31,65,38,85,116,112,57,118,135" hai1="91,125,54,69,35,18,90,111,123,110,19,29,95" hai2="94,75,105,113,134,86,20,5,64,84,45,47,76" hai3="51,28,109,117,50,44,99,115,7,119,92,11,48"/><U42/><E123/><V1/><F105/><W106/><G106/><T32/><D112/><U74/><E125/><V68/><F113/><W16/><G28/><T87/><D135/><U81/><E69/><V121/><F121/><W10/><G109/><T129/><D87/><U6/><E42/><V4/><F134/><W72/><G72/><T131/><D8/><U88/><E6/><N who="2" m="2667" /><F68/><W33/><G33/><T93/><D93/><U17/><E95/><V46/><F1/><W12/><G115/><T102/><D102/><U97/><E97/><V61/><F75/><W128/><G128/><N who="0" m="49227" /><D38/><U25/><REACH who="1" step="1"/><E54/><REACH who="1" ten="210,320,230,230" step="2"/><V114/><F114/><W100/><REACH who="3" step="1"/><G44/><REACH who="3" ten="210,320,230,220" step="2"/><T34/><D43/><U71/><E71/><V3/><F46/><W58/><G58/><T27/><D34/><U56/><E56/><V132/><F47/><W52/><G52/><T79/><AGARI ba="0,2" hai="27,31,32,57,62,65,79,83,85,116,118" m="49227" machi="79" ten="30,7900,0" yaku="19,1,52,3" doraHai="127" who="0" fromWho="0" sc="210,99,320,-39,230,-20,220,-20" /><INIT seed="2,0,0,1,0,31" ten="309,281,210,200" oya="2" hai0="87,99,63,85,7,94,132,66,0,123,46,24,44" hai1="21,81,109,134,17,30,79,119,20,130,34,82,27" hai2="55,4,88,1,67,101,64,122,57,76,61,54,3" hai3="38,116,50,42,29,43,8,133,90,52,6,98,2"/><V124/><F122/><W72/><G116/><T77/><D123/><U23/><E119/><V104/><F124/><W117/><G117/><T16/><D132/><U39/><E39/><V121/><F121/><W108/><G133/><T68/><D7/><U14/><E134/><V75/><F67/><W92/><G108/><T112/><D0/><U12/><E109/><V118/><F118/><W128/><G128/><T22/><D112/><U107/><E107/><V78/><F3/><W91/><G72/><T19/><D19/><N who="1" m="10343" /><E81/><V95/><F104/><W89/><G29/><T32/><D32/><U59/><E82/><V93/><F75/><W131/><G131/><T49/><D77/><N who="2" m="29802" /><F1/><W74/><G74/><T11/><D11/><N who="1" m="6367" /><E59/><V127/><F127/><W15/><G2/><T5/><D5/><U37/><E79/><V58/><F4/><W35/><G35/><T71/><D68/><U9/><E37/><V48/><F101/><N who="3" m="60615" /><G38/><T56/><D71/><U135/><E135/><V62/><F88/><N who="3" m="22531" /><W96/><DORA hai="106" /><G96/><T65/><D66/><U36/><E36/><V105/><F105/><W97/><G97/><T60/><D99/><U13/><E130/><V28/><F28/><W40/><G40/><T41/><D94/><U73/><E73/><V129/><F129/><W120/><G120/><T26/><D85/><U53/><E53/><V47/><AGARI ba="0,0" hai="47,48,54,55,57,58,61,62,64,93,95" m="29802" machi="47" ten="30,1500,0" yaku="8,1" doraHai="31,106" who="2" fromWho="2" sc="309,-5,281,-5,210,15,200,-5" /><INIT seed="2,1,0,0,0,5" ten="304,276,225,195" oya="2" hai0="45,53,103,102,47,25,104,23,78,96,38,67,69" hai1="121,73,97,92,17,64,65,76,90,40,87,8,126" hai2="129,18,26,44,56,125,84,9,58,82,61,16,85" hai3="88,31,113,62,52,89,42,79,101,112,134,116,123"/><V131/><F125/><W119/><G123/><T111/><D111/><U80/><E126/><V115/><F115/><N who="3" m="44107" /><G134/><T57/><D78/><U133/><E133/><V55/><F44/><W1/><G1/><T77/><D77/><U29/><E121/><V63/><F26/><W12/><G79/><T105/><D67/><U15/><E29/><V30/><F30/><W71/><G42/><T94/><D69/><U72/><REACH who="1" step="1"/><E40/><REACH who="1" ten="304,266,225,195" step="2"/><V120/><F120/><W98/><G31/><T49/><D38/><U24/><E24/><V34/><F131/><W75/><G119/><T13/><D105/><U51/><E51/><V83/><F129/><W95/><G116/><T122/><D122/><U118/><E118/><V68/><F34/><W106/><G106/><T128/><D128/><U27/><E27/><V6/><F68/><W74/><G71/><T10/><D104/><U54/><E54/><V20/><F55/><W66/><G66/><AGARI ba="1,1" hai="8,15,17,64,65,66,72,73,76,80,87,90,92,97" machi="66" ten="40,2600,0" yaku="1,1,52,1,53,0" doraHai="5" doraHaiUra="37" who="1" fromWho="3" sc="304,0,266,39,225,0,195,-29" /><INIT seed="3,0,0,4,3,11" ten="304,305,225,166" oya="3" hai0="114,7,108,129,40,104,12,19,72,89,122,39,105" hai1="128,42,116,126,97,47,133,82,83,28,98,49,85" hai2="118,106,24,101,0,6,60,125,127,68,132,112,69" hai3="43,29,123,120,88,37,53,130,51,10,15,91,14"/><W64/><G130/><T90/><D122/><U75/><E128/><V78/><F132/><W3/><G64/><T100/><D129/><U4/><E133/><V99/><F112/><W61/><G61/><T48/><D114/><U124/><E116/><V74/><F24/><W71/><G71/><N who="2" m="27209" /><F60/><W38/><G29/><T76/><D39/><U9/><E28/><V18/><F18/><W34/><G34/><T67/><D67/><U107/><E75/><V80/><F118/><W121/><G3/><T102/><D108/><U70/><E70/><V54/><F54/><W30/><G30/><T135/><D7/><U16/><E16/><V17/><F17/><W62/><G62/><T134/><D76/><N who="1" m="46279" /><E83/><V55/><F55/><W45/><G38/><T117/><D72/><U5/><E5/><V26/><F26/><W35/><G35/><T63/><D63/><U66/><E66/><V59/><F59/><W58/><REACH who="3" step="1"/><G10/><AGARI ba="0,0" hai="0,6,10,74,78,80,99,101,106,125,127" m="27209" machi="10" ten="30,1000,0" yaku="23,1" doraHai="11" who="2" fromWho="3" sc="304,0,305,0,225,10,166,-10" owari="304,10.4,305,40.5,235,-16.5,156,-34.4" /></mjloggm>