<mjloggm ver="2.3"><GO type="225" lobby="0"/><UN n0="%41%6F%54" n1="%E5%91%A8%E6%9D%B1" n2="%E4%BF%BA%E3%81%A8%E5%A6%96%E5%A4%A2" n3="%E3%83%A9%E3%82%B9%E7%8E%87%EF%BC%93%E5%89%B2" dan="16,17,16,17" rate="2091.64,2136.04,2100.15,2197.67" sx="M,M,F,F"/><TAIKYOKU oya="0"/><INIT seed="0,0,0,5,2,104" ten="250,250,250,250" oya="0" hai0="82,92,65,133,64,34,26,60,56,12,93,20,100" hai1="79,47,123,10,124,61,97,67,29,11,118,112,63" hai2="1,0,111,88,43,127,81,49,36,129,41,90,28" hai3="62,132,16,24,94,53,75,13,77,40,89,122,5"/><T21/><D133/><U22/><E118/><V135/><F36/><W50/><G132/><T9/><D34/><U19/><E123/><V106/><F135/><W6/><G122/><T42/><D42/><U85/><E112/><V72/><F106/><W107/><G107/><T98/><D64/><U131/><E131/><V38/><F38/><W44/><G24/><T4/><D82/><N who="1" m="47327" /><E124/><V119/><F127/><W134/><G134/><T59/><D59/><N who="1" m="37311" /><E29/><V30/><F81/><W108/><G108/><T55/><D55/><U39/><E39/><V69/><F111/><W45/><G75/><T2/><D2/><U18/><E63/><V52/><F49/><N who="3" m="28839" /><G77/><T8/><D8/><N who="1" m="3115" /><E47/><V99/><F69/><W91/><G62/><T121/><D121/><U3/><E3/><V17/><F119/><W15/><G15/><T115/><D115/><U80/><E80/><V95/><F129/><W87/><G91/><T76/><D76/><U130/><E130/><V114/><F114/><W37/><G37/><T14/><D14/><U48/><E48/><V113/><F113/><W101/><G101/><T32/><REACH who="0" step="1"/><D92/><REACH who="0" ten="240,250,250,250" step="2"/><U78/><E78/><V35/><F95/><W105/><G105/><T46/><D46/><U126/><E126/><V57/><F0/><W96/><G96/><T117/><D117/><U31/><E97/><V58/><F99/><W66/><G66/><T84/><D84/><U103/><E103/><V23/><F1/><W102/><G102/><T68/><D68/><U51/><E51/><V27/><F35/><W71/><G71/><T120/><D120/><U73/><E73/><RYUUKYOKU ba="0,1" sc="240,10,250,10,250,-30,250,10" hai0="4,9,12,20,21,26,32,56,60,65,93,98,100" hai1="18,19,22,31" hai3="5,6,13,16,40,45,50,87,89,94" /><INIT seed="0,1,1,3,3,84" ten="250,260,220,260" oya="0" hai0="5,52,32,18,98,130,95,129,67,108,60,109,59" hai1="12,97,91,46,26,127,106,4,115,74,16,48,7" hai2="120,80,71,90,81,133,126,10,110,65,11,40,50" hai3="25,13,101,41,36,118,2,15,69,73,68,105,86"/><T58/><D32/><U94/><E74/><V17/><F120/><W99/><G118/><T3/><D18/><U28/><E127/><V35/><F35/><W64/><G73/><T42/><D42/><U0/><E0/><V8/><F126/><W87/><G2/><T93/><D5/><U123/><E106/><V29/><F29/><W124/><G124/><T33/><D33/><U55/><E123/><V128/><F110/><N who="0" m="42602" /><D3/><U82/><E82/><V30/><F30/><W121/><G25/><T122/><D122/><U125/><E115/><V56/><F17/><W72/><G41/><T37/><D37/><U70/><E70/><V23/><F80/><W102/><G36/><T104/><D104/><U75/><E75/><V107/><F107/><W38/><G105/><T51/><D93/><U116/><E116/><V49/><F40/><W44/><G38/><T6/><D6/><U43/><E43/><V45/><F81/><W77/><G121/><T100/><AGARI ba="1,1" hai="51,52,58,59,60,67,95,98,100,129,130" m="42602" machi="100" ten="30,6000,0" yaku="14,1,10,1,54,1" doraHai="84" who="0" fromWho="0" sc="250,73,260,-21,220,-21,260,-21" /><INIT seed="0,2,0,1,5,79" ten="323,239,199,239" oya="0" hai0="24,58,112,72,118,90,46,103,66,87,33,5,110" hai1="60,115,11,21,124,84,1,45,119,56,50,32,3" hai2="75,43,83,98,88,13,47,105,73,42,54,25,93" hai3="29,122,39,120,52,135,12,51,28,131,96,48,0"/><T62/><D112/><U89/><E32/><V108/><F108/><W16/><G0/><T44/><D118/><U132/><E119/><V68/><F68/><W59/><G39/><T69/><D72/><U126/><E115/><V92/><F105/><W65/><G131/><T100/><D110/><U35/><E35/><V6/><F73/><W70/><G135/><T123/><D123/><N who="3" m="47145" /><G51/><T17/><D5/><U77/><E77/><V80/><F75/><W116/><G116/><T104/><D104/><U63/><E21/><V129/><F129/><W114/><G114/><T38/><D69/><U40/><E132/><V71/><F71/><W95/><G65/><T121/><D121/><U61/><E56/><V86/><F25/><W8/><G70/><T23/><D33/><U109/><E109/><V128/><F128/><W91/><AGARI ba="2,0" hai="8,12,16,28,29,48,52,59,91,95,96" m="47145" machi="91" ten="30,4000,0" yaku="13,1,54,2" doraHai="79" who="3" fromWho="3" sc="323,-22,239,-12,199,-12,239,46" /><INIT seed="1,0,0,1,4,17" ten="301,227,187,285" oya="1" hai0="84,14,21,2,27,40,119,127,50,113,7,124,44" hai1="101,62,15,55,70,63,69,66,128,60,133,20,103" hai2="35,88,114,59,18,1,94,0,135,29,12,47,91" hai3="77,116,74,117,9,41,19,5,109,43,22,72,73"/><U64/><E128/><V48/><F135/><W26/><G77/><T83/><D113/><U8/><E133/><V134/><F134/><W111/><G43/><T67/><D2/><U24/><E60/><V89/><F114/><W3/><REACH who="3" step="1"/><G41/><REACH who="3" ten="301,227,187,275" step="2"/><T28/><D119/><AGARI ba="0,1" hai="3,5,9,19,22,26,72,73,74,109,111,116,117,119" machi="119" ten="50,8000,1" yaku="1,1,2,1,12,1,52,1,53,0" doraHai="17" doraHaiUra="78" who="3" fromWho="0" sc="301,-80,227,0,187,0,275,90" /><INIT seed="2,0,0,5,4,36" ten="221,227,187,365" oya="2" hai0="37,12,33,30,21,133,96,27,106,131,58,46,19" hai1="0,28,51,35,62,118,14,72,80,79,17,11,48" hai2="53,8,5,15,29,38,100,57,99,117,7,66,92" hai3="9,105,116,130,24,60,113,68,94,110,22,70,3"/><V63/><F117/><W109/><G105/><T4/><D131/><U114/><E118/><V75/><F75/><W45/><G130/><T39/><D133/><U84/><E114/><V44/><F29/><W115/><G116/><T119/><D119/><U78/><E0/><V16/><F38/><W93/><G45/><T40/><D58/><U54/><E35/><V56/><REACH who="2" step="1"/><F44/><REACH who="2" ten="221,227,177,365" step="2"/><W103/><G113/><T41/><D37/><U6/><E28/><V83/><F83/><W61/><G115/><T111/><D111/><U81/><E17/><V31/><F31/><W127/><G110/><T42/><REACH who="0" step="1"/><D4/><REACH who="0" ten="211,227,177,365" step="2"/><U90/><E6/><V2/><F2/><W34/><G3/><T1/><D1/><U52/><E72/><V95/><F95/><W67/><G94/><T20/><D20/><U77/><E81/><V123/><F123/><W47/><G93/><T88/><D88/><U104/><E90/><V135/><F135/><W124/><G22/><T126/><D126/><U120/><E80/><V128/><F128/><W65/><G127/><T50/><D50/><AGARI ba="0,2" hai="5,7,8,15,16,50,53,56,57,63,66,92,99,100" machi="50" ten="30,11600,0" yaku="1,1,7,1,8,1,54,1,53,0" doraHai="36" doraHaiUra="73" who="2" fromWho="0" sc="211,-116,227,0,177,136,365,0" /><INIT seed="2,1,0,5,1,58" ten="95,227,313,365" oya="2" hai0="67,118,95,10,32,15,131,49,74,101,117,120,30" hai1="78,38,125,129,9,69,41,112,91,31,17,89,53" hai2="60,119,121,109,82,96,29,65,59,93,92,18,35" hai3="88,51,127,108,54,2,99,19,126,106,81,22,110"/><V27/><F119/><N who="0" m="45578" /><D74/><U80/><E112/><V115/><F115/><W52/><G2/><T63/><D131/><U48/><E129/><V40/><F121/><W55/><G51/><T61/><D120/><U128/><E128/><V87/><F109/><N who="3" m="42091" /><G81/><T111/><D111/><U24/><E69/><V64/><F40/><W26/><G88/><T12/><D49/><U43/><E38/><V94/><F18/><W42/><G42/><T85/><D67/><U102/><E43/><V105/><F105/><W83/><G83/><T132/><D132/><U21/><E41/><V90/><REACH who="2" step="1"/><F64/><REACH who="2" ten="95,227,303,365" step="2"/><W62/><G106/><T134/><D134/><U1/><E17/><V28/><F28/><W124/><G99/><AGARI ba="1,1" hai="27,29,35,59,60,65,82,87,90,92,93,94,96,99" machi="99" ten="40,3900,0" yaku="1,1,52,1,53,0" doraHai="58" doraHaiUra="7" who="2" fromWho="3" sc="95,0,227,0,303,52,365,-42" /><INIT seed="2,2,0,2,3,101" ten="95,227,355,323" oya="2" hai0="11,84,41,97,52,7,38,6,43,33,77,50,121" hai1="19,34,118,115,45,99,110,2,63,104,36,53,62" hai2="40,93,76,24,27,3,109,116,22,114,31,134,113" hai3="49,100,135,91,127,87,29,59,37,28,86,81,55"/><V20/><F116/><W126/><G37/><T85/><D121/><U26/><E118/><V123/><F123/><W15/><G135/><T69/><D69/><U57/><E110/><V51/><F134/><W92/><G15/><T30/><D38/><U119/><E2/><V103/><F109/><W111/><G111/><T112/><D112/><U83/><E83/><V72/><F3/><W125/><REACH who="3" step="1"/><G100/><REACH who="3" ten="95,227,355,313" step="2"/><T71/><D7/><U102/><E36/><V107/><F114/><W75/><G75/><T25/><D71/><U46/><E115/><V89/><F113/><W105/><G105/><T94/><D41/><U56/><E119/><V48/><F40/><W47/><G47/><T44/><D43/><U58/><E58/><V8/><F103/><W133/><G133/><T130/><D130/><U60/><E57/><V35/><F107/><W96/><G96/><T131/><D131/><U13/><E46/><V73/><F72/><W68/><G68/><T0/><REACH who="0" step="1"/><D77/><AGARI ba="2,1" hai="28,29,49,55,59,77,81,86,87,91,92,125,126,127" machi="77" ten="40,2600,0" yaku="1,1,18,1,53,0" doraHai="101" doraHaiUra="66" who="3" fromWho="0" sc="95,-32,227,0,355,0,313,42" /><INIT seed="3,0,0,0,2,9" ten="63,227,355,355" oya="3" hai0="103,63,97,106,69,7,13,133,83,33,42,116,109" hai1="44,36,117,122,4,54,98,20,105,55,62,128,10" hai2="102,39,73,67,30,80,37,17,61,64,113,29,12" hai3="72,60,101,71,2,58,121,27,77,0,41,31,94"/><W123/><G41/><T59/><D116/><U25/><E128/><V90/><F113/><W86/><G71/><T87/><D109/><U46/><E122/><V130/><F130/><W15/><G72/><T38/><D133/><U132/><E117/><V18/><F102/><W45/><G45/><T135/><D135/><U40/><E132/><V52/><F37/><W85/><G2/><T75/><D75/><U65/><E46/><V91/><F39/><W6/><G0/><T19/><D69/><U126/><E126/><V57/><F73/><W76/><G123/><T23/><D33/><U124/><E124/><V3/><F3/><W32/><G121/><T114/><D114/><U5/><E5/><V118/><F17/><W70/><G70/><T49/><D38/><U127/><E98/><V111/><F111/><W28/><G101/><T74/><D74/><U79/><E127/><V50/><F118/><W35/><G94/><T26/><D63/><U131/><E62/><V129/><F129/><W95/><G95/><T110/><D110/><U1/><E1/><V93/><F80/><W81/><G85/><T34/><D34/><N who="3" m="12841" /><G27/><T120/><D120/><U47/><E131/><V84/><F91/><W8/><G77/><T104/><D104/><U53/><E105/><V82/><F93/><W125/><G125/><T108/><D108/><U88/><E40/><V14/><F14/><W115/><G115/><T51/><D42/><U96/><E79/><V48/><F48/><W22/><G22/><T134/><D134/><U119/><E36/><V112/><F112/><W92/><G92/><RYUUKYOKU ba="0,0" sc="63,-10,227,-10,355,-10,355,30" hai3="6,8,15,28,31,58,60,76,81,86" owari="53,-44.7,217,-18.3,345,14.5,385,48.5" /></mjloggm>