<mjloggm ver="2.3"><GO type="225" lobby="0"/><UN n0="%E6%98%93%E5%88%A9%E8%96%A9%E4%BC%AF" n1="%E6%98%A5%E3%81%AE%E3%81%8B%E3%81%91%E3%82%89" n2="%E6%B8%A9%E2%98%85%E6%83%85%E2%98%85%E6%8E%AA%E2%98%85%E7%BD%AE" n3="%E4%BF%BA%E3%81%A8%E5%A6%96%E5%A4%A2" dan="17,16,17,16" rate="2190.35,2071.81,2195.43,2228.61" sx="F,F,M,F"/><TAIKYOKU oya="0"/><INIT seed="0,0,0,2,5,95" ten="250,250,250,250" oya="0" hai0="125,132,72,135,98,106,8,83,48,7,50,23,81" hai1="74,62,127,13,91,124,59,18,42,68,85,25,61" hai2="104,84,46,54,51,28,56,126,53,30,55,38,63" hai3="108,43,24,3,10,19,94,110,82,105,69,76,57"/><T73/><D23/><U21/><E74/><N who="0" m="28777" /><D8/><U39/><E68/><V6/><F126/><N who="1" m="48169" /><E39/><V118/><F118/><W97/><G69/><T89/><D7/><U111/><E42/><V31/><F104/><W11/><G43/><T78/><D125/><U116/><E116/><V112/><F112/><W5/><G57/><T99/><D50/><U40/><E40/><V131/><F131/><W120/><G120/><T36/><D36/><U41/><E41/><V101/><F101/><W29/><G19/><T34/><D34/><U44/><E44/><V26/><F38/><W133/><G11/><T128/><D48/><U100/><E100/><V1/><F26/><W47/><G47/><T88/><D128/><U65/><E111/><N who="3" m="42538" /><G105/><T90/><D106/><U12/><E62/><V70/><F70/><W107/><G107/><T92/><D92/><AGARI ba="0,0" hai="12,13,18,21,25,59,61,65,85,91,92" m="48169" machi="92" ten="30,1000,0" yaku="18,1" doraHai="95" who="1" fromWho="0" sc="250,-10,250,10,250,0,250,0" /><INIT seed="1,0,0,2,2,93" ten="240,260,250,250" oya="1" hai0="42,92,35,69,119,19,36,60,20,11,84,39,126" hai1="71,45,104,102,130,57,117,127,125,106,47,6,43" hai2="48,38,88,67,75,122,68,44,9,40,116,66,91" hai3="97,33,90,13,118,105,64,26,4,99,123,15,23"/><U96/><E71/><V109/><F122/><W133/><G123/><T135/><D119/><U100/><E117/><V7/><F116/><W53/><G118/><T50/><D35/><U59/><E6/><V10/><F109/><W27/><G105/><T17/><D126/><N who="1" m="48139" /><E130/><V52/><F75/><W73/><G73/><T111/><D111/><U101/><E47/><V14/><F10/><W134/><G33/><T55/><D11/><U31/><E31/><V58/><F67/><W12/><G4/><T108/><D135/><N who="3" m="51721" /><G64/><T103/><D69/><U78/><E78/><V24/><F24/><N who="3" m="9259" /><G23/><T113/><D113/><U114/><E114/><V37/><F37/><W128/><G128/><T98/><D108/><U110/><E110/><V89/><F89/><W0/><G0/><T30/><D30/><U72/><E72/><V2/><F2/><W131/><G131/><T34/><D34/><U77/><E77/><V120/><F120/><W124/><G124/><T63/><D84/><U80/><E80/><V56/><F56/><N who="1" m="21577" /><E106/><V83/><F83/><W65/><G65/><T18/><D20/><U115/><E115/><V129/><F129/><W81/><G53/><T86/><D86/><AGARI ba="0,0" hai="12,13,15,81,86,90,97,99" m="9259,51721" machi="86" ten="40,5200,0" yaku="20,1,52,2" doraHai="93" who="3" fromWho="0" sc="240,-52,260,0,250,0,250,52" /><INIT seed="2,0,0,4,1,15" ten="188,260,250,302" oya="2" hai0="33,7,101,61,12,31,108,30,51,21,42,24,17" hai1="72,5,41,87,65,70,78,97,124,120,9,3,4" hai2="19,85,18,135,96,134,100,67,106,111,46,76,26" hai3="125,10,60,122,50,94,82,0,95,54,1,81,62"/><V59/><F111/><W71/><G122/><T57/><D108/><U110/><E110/><V77/><F26/><W133/><G133/><N who="2" m="50697" /><F46/><W130/><G130/><T11/><D101/><U35/><E35/><V79/><F85/><W129/><G129/><T90/><D90/><U13/><E72/><V6/><F6/><W49/><G10/><T102/><D102/><U55/><E97/><V93/><F106/><W16/><G54/><T80/><D80/><U23/><E41/><V128/><F128/><W8/><G8/><T56/><D33/><U75/><E75/><V47/><F47/><W27/><G27/><T43/><D57/><U69/><E120/><V91/><F100/><W53/><G53/><T123/><D123/><U105/><E105/><V127/><F127/><W34/><G34/><T104/><D104/><U119/><E124/><V68/><F68/><W117/><G71/><T114/><D114/><U126/><E55/><V66/><F59/><W37/><G37/><T118/><D118/><U52/><E52/><V39/><F39/><W115/><G115/><T48/><D43/><U38/><E5/><V2/><F2/><W14/><G117/><T92/><D92/><U25/><E38/><V28/><F28/><N who="0" m="10794" /><D42/><U29/><E126/><V64/><AGARI ba="0,0" hai="18,19,64,66,67,76,77,79,91,93,96" m="50697" machi="64" ten="40,7800,0" yaku="20,1,52,2" doraHai="15" who="2" fromWho="2" sc="188,-26,260,-26,250,78,302,-26" /><INIT seed="2,1,0,1,3,112" ten="162,234,328,276" oya="2" hai0="120,11,35,107,97,66,1,42,76,82,21,45,57" hai1="87,113,125,103,135,72,8,73,99,126,89,60,64" hai2="12,52,5,84,127,29,93,20,51,119,130,68,56" hai3="92,114,110,123,27,25,90,31,16,133,80,67,71"/><V79/><F119/><W38/><G123/><T18/><D35/><U78/><E113/><V100/><F68/><W122/><G122/><T83/><D120/><U116/><E8/><N who="2" m="4111" /><F130/><W111/><G114/><T30/><D30/><U109/><E109/><N who="3" m="41482" /><G38/><T34/><D34/><U98/><E135/><V0/><F0/><W36/><G36/><T59/><D107/><U24/><E24/><N who="2" m="16519" /><F127/><N who="1" m="48649" /><E78/><V58/><F100/><W108/><G133/><T118/><D97/><N who="1" m="36875" /><E103/><V44/><F79/><W48/><G31/><T131/><D66/><U63/><E63/><V102/><F102/><W121/><G121/><T115/><D83/><N who="1" m="49407" /><E116/><V55/><F55/><W94/><G108/><T105/><D118/><U39/><E39/><V95/><F95/><W61/><G48/><T50/><D105/><U41/><E41/><V53/><F53/><W28/><G28/><T17/><D115/><U117/><E117/><V7/><F7/><W43/><G43/><T26/><D131/><U86/><E86/><V10/><F10/><W14/><G80/><T88/><D76/><U23/><E23/><V96/><F96/><N who="3" m="57367" /><G94/><T3/><D82/><U85/><E85/><V46/><F84/><W47/><G47/><N who="2" m="17961" /><F93/><W81/><G81/><T75/><D88/><U6/><E6/><V32/><F32/><W22/><AGARI ba="1,0" hai="14,16,22,25,27,61,67,71" m="57367,41482" machi="22" ten="30,2000,0" yaku="14,1,54,1" doraHai="112" who="3" fromWho="3" sc="162,-6,234,-6,328,-11,276,23" /><INIT seed="3,0,0,4,0,101" ten="156,228,317,299" oya="3" hai0="21,118,112,39,73,15,42,54,80,34,44,94,72" hai1="91,77,122,111,46,50,23,85,110,123,40,82,71" hai2="124,62,131,120,37,51,24,116,1,47,113,57,26" hai3="78,48,92,114,53,20,16,35,103,81,127,18,29"/><W93/><G114/><T119/><D112/><U56/><E71/><V49/><F116/><W130/><G130/><T88/><D34/><U117/><E117/><V126/><F113/><W45/><G127/><N who="2" m="48681" /><F1/><W52/><G35/><T133/><D133/><U2/><E2/><V79/><F79/><W11/><G103/><T9/><D21/><U36/><E23/><V65/><F131/><W132/><G132/><T129/><D129/><U108/><E77/><V43/><F120/><W134/><G134/><T7/><D119/><U6/><E6/><V14/><F14/><N who="3" m="7263" /><G29/><T19/><D118/><U55/><AGARI ba="0,0" hai="36,40,46,50,55,56,82,85,91,108,110,111,122,123" machi="55" ten="40,2700,0" yaku="0,1,14,1" doraHai="101" who="1" fromWho="1" sc="156,-7,228,27,317,-7,299,-13" owari="149,-35.1,255,-14.5,310,41.0,286,8.6" /></mjloggm>