<mjloggm ver="2.3"><GO type="225" lobby="0"/><UN n0="%E3%83%A9%E3%83%BC%E3%83%A1%E3%83%B3%E4%BA%94%E9%83%8E" n1="%E8%81%B7%E6%A5%AD%E3%80%81%E9%A2%A8%32" n2="%E6%A1%9C%E8%8A%B1%E9%96%83%E3%80%85" n3="%72%65%6E%6B%75%6E" dan="16,16,16,17" rate="2111.85,2168.80,2183.09,2206.31" sx="M,M,M,M"/><TAIKYOKU oya="0"/><INIT seed="0,0,0,1,4,66" ten="250,250,250,250" oya="0" hai0="118,100,61,98,45,106,74,34,103,55,11,13,17" hai1="126,91,47,23,130,83,18,82,50,119,123,90,70" hai2="38,22,108,16,36,52,125,43,44,72,132,25,92" hai3="80,2,84,99,133,135,69,102,78,58,26,35,28"/><T10/><D118/><U113/><E119/><V129/><F108/><W64/><G2/><T19/><D74/><U1/><E123/><V56/><F125/><W63/><REACH who="3" step="1"/><G58/><REACH who="3" ten="250,250,250,240" step="2"/><T94/><D45/><U71/><E47/><V31/><F132/><W117/><G117/><T40/><D106/><AGARI ba="0,1" hai="26,28,35,63,64,69,78,80,84,99,102,106,133,135" machi="106" ten="40,8000,1" yaku="1,1,25,2,52,1,53,0" doraHai="66" doraHaiUra="68" who="3" fromWho="0" sc="250,-80,250,0,250,0,240,90" /><INIT seed="1,0,0,2,4,6" ten="170,250,250,330" oya="1" hai0="21,8,49,97,41,81,18,134,133,45,22,129,96" hai1="0,95,24,75,68,53,63,90,98,35,54,122,100" hai2="88,91,109,120,7,1,124,16,131,121,112,10,117" hai3="125,48,40,66,62,82,132,87,50,76,39,119,83"/><U13/><E122/><V5/><F117/><W43/><G132/><T59/><D129/><U61/><E0/><V105/><F131/><W60/><G125/><T14/><D81/><U27/><E75/><V99/><F124/><W67/><G119/><T84/><D84/><U111/><E111/><V70/><F109/><W77/><G87/><T56/><D134/><U72/><E72/><V29/><F70/><W31/><G31/><T33/><D33/><U52/><E35/><V102/><F112/><W57/><G57/><T55/><D133/><U73/><E73/><V65/><F65/><W106/><G106/><T92/><D59/><U15/><E100/><V17/><F29/><W118/><G118/><T20/><REACH who="0" step="1"/><D92/><REACH who="0" ten="160,250,250,330" step="2"/><U34/><E68/><V127/><F127/><W116/><G116/><T47/><D47/><U9/><E34/><V44/><F44/><W123/><G123/><T11/><D11/><U71/><E71/><V86/><F121/><W32/><G32/><T38/><AGARI ba="0,1" hai="8,14,18,20,21,22,38,41,45,49,55,56,96,97" machi="38" ten="30,7900,0" yaku="1,1,0,1,52,1,53,1" doraHai="6" doraHaiUra="12" who="0" fromWho="0" sc="160,89,250,-39,250,-20,330,-20" /><INIT seed="2,0,0,3,0,92" ten="249,211,230,310" oya="2" hai0="61,76,58,81,125,56,124,42,130,18,67,115,80" hai1="101,103,98,95,120,68,48,27,93,118,55,21,72" hai2="88,26,20,112,83,9,129,60,4,119,126,22,90" hai3="41,104,45,75,131,87,62,114,32,96,86,2,52"/><V70/><F112/><W16/><G75/><T97/><D115/><U53/><E72/><V133/><F119/><W78/><G114/><T82/><D130/><U38/><E38/><V121/><F121/><W99/><G32/><T44/><D18/><U1/><E118/><V51/><F129/><W37/><G2/><T57/><D76/><U13/><E1/><V0/><F133/><W15/><G131/><T34/><D34/><U43/><E68/><V71/><F126/><N who="0" m="48746" /><D97/><N who="1" m="59567" /><E120/><V40/><F22/><W33/><G33/><T29/><D29/><N who="1" m="17647" /><E13/><V3/><F3/><W89/><G104/><T108/><D108/><U36/><E36/><AGARI ba="0,0" hai="36,42,44,56,57,58,61,67,80,81,82" m="48746" machi="36" ten="30,1000,0" yaku="18,1" doraHai="92" who="0" fromWho="1" sc="249,10,211,-10,230,0,310,0" /><INIT seed="3,0,0,5,4,90" ten="259,201,230,310" oya="3" hai0="16,129,80,38,83,104,100,131,45,132,87,14,18" hai1="52,0,7,119,31,126,53,101,32,75,78,88,72" hai2="114,82,130,22,108,56,11,61,84,85,6,15,133" hai3="127,63,111,36,39,77,124,25,93,60,10,49,73"/><W94/><G111/><T2/><D2/><U107/><E119/><V118/><F118/><W57/><G49/><T59/><D132/><U112/><E112/><V46/><F114/><W27/><G10/><T134/><D134/><U68/><E88/><V33/><F133/><W54/><G73/><N who="1" m="28234" /><E78/><V3/><F33/><W35/><G35/><T123/><D123/><U92/><E68/><V95/><F108/><W55/><G57/><T74/><D74/><U30/><E107/><V58/><F46/><W40/><G40/><N who="0" m="22679" /><D59/><U17/><E32/><V116/><F116/><W34/><G34/><T65/><D65/><U48/><E0/><V96/><F58/><W99/><G99/><N who="0" m="61471" /><D87/><U67/><E67/><V109/><F109/><W69/><G77/><T79/><D18/><U122/><E122/><V23/><F3/><W102/><G102/><T106/><D106/><U121/><E121/><V21/><F82/><W105/><G105/><T89/><D89/><U42/><E17/><V41/><F41/><W9/><G9/><N who="0" m="6223" /><D79/><U62/><E7/><V86/><F96/><W28/><G28/><N who="1" m="10794" /><E126/><V20/><F20/><W44/><G44/><T50/><D50/><U91/><E101/><V97/><F97/><W103/><G103/><T125/><D125/><U120/><E120/><V117/><F117/><W43/><G43/><T71/><D71/><AGARI ba="0,0" hai="25,27,36,39,54,55,60,63,69,71,93,94,124,127" machi="71" ten="25,9600,0" yaku="22,2,52,2" doraHai="90" who="3" fromWho="0" sc="259,-96,201,0,230,0,310,96" owari="163,-33.7,201,-19.9,230,3.0,406,50.6" /></mjloggm>