<mjloggm ver="2.3"><GO type="225" lobby="0"/><UN n0="%E8%B5%A4%E3%81%84%E8%9B%99%31%31" n1="%E3%81%BF%E3%81%BF%E3%81%9A" n2="%E3%83%96%E3%83%83%E3%83%91%E3%82%AA%E3%83%96%E3%83%81%E3%82%AD%E3%83%B3" n3="%70%6E%64%73%6E%67" dan="16,18,16,16" rate="2097.07,2190.68,2174.54,2116.58" sx="M,M,M,M"/><TAIKYOKU oya="0"/><INIT seed="0,0,0,2,2,27" ten="250,250,250,250" oya="0" hai0="3,32,53,56,46,107,64,29,0,96,1,94,100" hai1="10,39,51,108,5,135,20,103,59,75,21,63,130" hai2="133,80,104,79,47,125,50,31,36,97,15,52,119" hai3="117,68,28,40,87,93,44,26,16,4,76,6,17"/><T131/><D131/><U109/><E39/><V84/><F133/><W14/><G117/><T95/><D64/><U38/><E38/><V58/><F119/><W124/><G68/><T82/><D82/><U42/><E75/><V11/><F125/><W18/><G124/><T132/><D46/><N who="1" m="26071" /><E103/><V91/><F31/><W60/><G60/><T45/><D45/><U77/><E77/><V114/><F114/><W25/><G14/><T129/><D129/><U24/><E24/><V61/><F36/><W8/><G25/><T2/><D132/><U89/><E89/><V71/><F71/><W123/><G123/><T33/><N who="0" m="0" /><DORA hai="88" /><T118/><D118/><U128/><E135/><V74/><F104/><W134/><G8/><T98/><D29/><U35/><E35/><V126/><F126/><W90/><G76/><T102/><D107/><U121/><E121/><V99/><F79/><W112/><G112/><T110/><D110/><N who="1" m="42603" /><E128/><V48/><F74/><W113/><G113/><T54/><D54/><N who="1" m="34295" /><E130/><V73/><F73/><W83/><G93/><T115/><D115/><U57/><E57/><V43/><REACH who="2" step="1"/><F50/><AGARI ba="0,0" hai="32,33,50,53,56,94,95,96,98,100,102" m="0" machi="50" ten="70,12000,1" yaku="9,1,52,2" doraHai="27,88" who="0" fromWho="2" sc="250,120,250,0,250,-120,250,0" /><INIT seed="0,1,0,5,1,97" ten="370,250,130,250" oya="0" hai0="0,57,7,93,31,95,3,27,79,68,12,29,64" hai1="125,106,67,100,19,37,101,6,44,32,54,121,128" hai2="114,66,30,2,113,76,135,35,123,1,88,48,129" hai3="62,23,36,103,77,45,59,16,130,42,5,126,107"/><T109/><D68/><U51/><E121/><V112/><F123/><W33/><G130/><T96/><D79/><U124/><E106/><V15/><F129/><W72/><G126/><N who="1" m="48746" /><E128/><V13/><F76/><W28/><G5/><T132/><D132/><U84/><E32/><V105/><F105/><W99/><G33/><T89/><D109/><U50/><E6/><V82/><F66/><W108/><G28/><T40/><D40/><N who="1" m="22543" /><E67/><V21/><F135/><W71/><G71/><T17/><D7/><U70/><E70/><V63/><F63/><W120/><G120/><T47/><D47/><N who="1" m="27999" /><E51/><V8/><F48/><W9/><G108/><T98/><D0/><U65/><E65/><V80/><F35/><W46/><G46/><T43/><D3/><U18/><E84/><V20/><F114/><W49/><G36/><T74/><D74/><U133/><E133/><V58/><F58/><W116/><G72/><T90/><D43/><U131/><E131/><V119/><F119/><W38/><G38/><T4/><D4/><U110/><E110/><V92/><F1/><W34/><G34/><T11/><REACH who="0" step="1"/><D27/><REACH who="0" ten="360,250,130,250" step="2"/><U78/><E78/><V111/><F2/><W55/><G77/><T26/><D26/><U102/><AGARI ba="1,1" hai="18,19,100,101,102" m="27999,22543,48746" machi="102" ten="30,7900,0" yaku="18,1,52,3" doraHai="97" who="1" fromWho="1" sc="360,-40,250,92,130,-21,250,-21" /><INIT seed="1,0,0,5,3,9" ten="320,342,109,229" oya="1" hai0="61,3,47,114,43,96,77,14,118,99,11,111,12" hai1="110,10,113,76,132,116,94,62,38,84,4,48,51" hai2="45,68,64,119,39,129,105,108,6,78,8,23,37" hai3="56,134,123,44,2,31,127,89,106,80,92,82,109"/><U101/><E113/><V55/><F119/><W33/><G123/><T13/><D114/><U103/><E38/><V97/><F108/><W117/><G106/><T74/><D118/><U40/><E116/><V104/><F129/><W122/><G2/><T125/><D125/><U29/><E110/><V26/><F78/><W24/><G122/><T126/><D126/><U75/><E75/><V70/><F105/><W28/><G109/><T0/><D61/><U30/><E62/><V66/><F104/><W42/><G127/><T67/><D67/><U17/><E17/><V72/><F72/><W52/><G28/><T5/><D0/><U57/><E48/><V54/><F97/><W121/><G134/><T90/><D90/><U83/><E132/><V86/><F86/><W18/><G18/><T98/><D111/><U25/><E94/><V15/><F66/><W95/><G95/><T124/><D124/><U130/><E130/><V63/><F70/><W22/><G33/><T50/><REACH who="0" step="1"/><D99/><REACH who="0" ten="310,342,109,229" step="2"/><U79/><E76/><V131/><F131/><W20/><G117/><T91/><D91/><U34/><E103/><V71/><F71/><W88/><G89/><T59/><D59/><U19/><E101/><V85/><F85/><W102/><G102/><T115/><D115/><U58/><E57/><V65/><F65/><W120/><G120/><T35/><D35/><U32/><E58/><V49/><REACH who="2" step="1"/><F54/><REACH who="2" ten="310,342,99,229" step="2"/><W53/><G53/><T112/><D112/><U60/><E79/><V73/><F73/><W100/><G52/><T36/><D36/><U69/><E84/><V46/><F46/><RYUUKYOKU ba="0,2" sc="310,15,342,-15,99,15,229,-15" hai0="3,5,11,12,13,14,43,47,50,74,77,96,98" hai2="6,8,15,23,26,37,39,45,49,55,63,64,68" /><INIT seed="2,1,2,0,0,32" ten="325,327,114,214" oya="2" hai0="86,101,18,63,76,123,75,7,112,28,95,110,47" hai1="130,108,80,10,70,83,88,16,113,111,98,37,109" hai2="103,5,96,50,71,92,64,121,0,31,65,14,3" hai3="40,125,74,114,122,25,60,53,24,131,81,87,79"/><V128/><F121/><W33/><G122/><T94/><D123/><U23/><E130/><V35/><F128/><W30/><G131/><T99/><D112/><U11/><E113/><V8/><F50/><W6/><G114/><T52/><D75/><U29/><E70/><V26/><REACH who="2" step="1"/><F71/><REACH who="2" ten="325,327,104,214" step="2"/><W116/><G116/><T17/><D110/><U1/><E37/><V27/><F27/><W4/><G25/><T117/><D117/><U67/><E109/><V78/><F78/><W129/><G129/><T41/><D76/><U119/><E108/><V61/><F61/><W34/><G24/><T51/><D28/><U55/><E111/><V62/><F62/><W118/><G79/><T13/><D63/><U102/><E29/><V105/><F105/><W15/><G60/><T22/><D51/><U42/><E119/><V44/><F44/><W72/><G118/><T132/><D47/><U36/><E36/><V73/><F73/><W12/><G74/><T106/><D106/><U82/><E67/><AGARI ba="1,3" hai="0,3,5,8,14,26,31,35,64,65,67,92,96,103" machi="67" ten="40,7700,0" yaku="1,1,52,2,53,0" doraHai="32" doraHaiUra="49" who="2" fromWho="1" sc="325,0,327,-80,104,110,214,0" /><INIT seed="2,2,0,2,4,72" ten="325,247,214,214" oya="2" hai0="98,116,80,132,53,88,25,15,117,23,45,21,55" hai1="2,10,114,74,18,77,110,120,30,107,49,50,133" hai2="26,51,115,73,87,0,93,76,60,129,91,83,4" hai3="54,20,103,75,28,106,70,39,66,52,16,6,90"/><V36/><F115/><W86/><G75/><T123/><D123/><U14/><E114/><V13/><F129/><W134/><G39/><T118/><D132/><U121/><E133/><V64/><F36/><W119/><G119/><T61/><D15/><U24/><E107/><V101/><F101/><W11/><G28/><T97/><D23/><U29/><E2/><V95/><F51/><N who="1" m="19465" /><E110/><V130/><F130/><W1/><G134/><T34/><D34/><U46/><E46/><V79/><F0/><W128/><G128/><T19/><D45/><U96/><E96/><N who="0" m="36969" /><D61/><U104/><E24/><V33/><F33/><W111/><G111/><T102/><D102/><U122/><E104/><V58/><F26/><W99/><G66/><T63/><D63/><U105/><E105/><V35/><F35/><W92/><REACH who="3" step="1"/><G70/><REACH who="3" ten="325,247,214,204" step="2"/><T38/><D38/><U81/><AGARI ba="2,1" hai="10,14,18,29,30,74,77,81,120,121,122" m="19465" machi="81" ten="40,2700,0" yaku="13,1,52,1" doraHai="72" who="1" fromWho="1" sc="325,-9,247,43,214,-15,204,-9" /><INIT seed="3,0,0,3,1,47" ten="316,290,199,195" oya="3" hai0="5,38,78,63,59,85,41,100,86,79,61,24,54" hai1="30,126,104,53,55,84,21,99,12,7,1,83,16" hai2="87,98,52,129,118,128,39,114,23,120,35,106,131" hai3="93,32,57,14,48,19,0,17,94,109,34,29,72"/><W124/><G72/><T121/><D121/><U8/><E126/><V3/><F120/><W40/><G124/><T10/><D100/><U97/><E30/><V45/><F114/><W117/><G117/><T60/><D24/><U76/><E104/><V64/><F118/><W31/><G0/><T36/><D41/><U92/><REACH who="1" step="1"/><E99/><REACH who="1" ten="316,280,199,195" step="2"/><V107/><F98/><W73/><G109/><T102/><D36/><U105/><E105/><V68/><F39/><W27/><G34/><T44/><D102/><AGARI ba="0,1" hai="1,7,8,12,16,21,53,55,76,83,84,92,97,102" machi="102" ten="30,7700,0" yaku="1,1,7,1,54,1,53,1" doraHai="47" doraHaiUra="91" who="1" fromWho="0" sc="316,-77,280,87,199,0,195,0" owari="239,3.9,367,46.7,199,-20.1,195,-30.5" /></mjloggm>