<mjloggm ver="2.3"><GO type="225" lobby="0"/><UN n0="%E3%81%95%E3%81%8D%E3%81%9F%E3%81%BE%E6%9E%97%E6%AA%8E" n1="%E3%82%A2%E3%83%9E%E3%83%9D%EF%BD%9E%EF%BD%9E%E3%83%A9" n2="%4B%2E%32%2E%4B%2E" n3="%72%61%6B%33" dan="16,17,16,16" rate="2121.29,2080.35,2174.07,2170.86" sx="M,M,M,M"/><TAIKYOKU oya="0"/><INIT seed="0,0,0,2,0,33" ten="250,250,250,250" oya="0" hai0="88,38,11,16,44,121,72,6,105,51,25,112,95" hai1="127,110,71,50,111,45,86,91,32,14,23,46,20" hai2="37,119,64,53,69,79,54,80,10,63,101,18,83" hai3="19,94,82,66,92,100,29,130,49,28,96,62,12"/><T115/><D121/><U0/><E32/><V36/><F119/><W41/><G130/><T126/><D105/><U60/><E0/><V70/><F70/><W87/><G94/><T81/><D126/><U124/><E60/><V74/><F101/><W34/><G34/><T131/><D38/><U9/><E71/><V58/><F54/><W61/><G49/><T4/><D131/><U47/><E50/><V106/><F106/><W17/><G41/><T109/><D109/><N who="1" m="41483" /><E9/><V35/><F83/><W67/><G62/><T55/><D6/><U114/><E114/><V116/><F116/><W30/><G12/><T31/><D72/><U24/><E14/><V90/><F90/><W108/><G108/><T98/><D81/><N who="1" m="49615" /><E20/><V129/><F35/><W76/><REACH who="3" step="1"/><G66/><REACH who="3" ten="250,250,250,240" step="2"/><T73/><D73/><U68/><E68/><AGARI ba="0,1" hai="17,19,28,29,30,61,67,68,76,82,87,92,96,100" machi="68" ten="40,8000,1" yaku="1,1,2,1,53,3" doraHai="33" doraHaiUra="26" who="3" fromWho="1" sc="250,0,250,-80,250,0,240,90" /><INIT seed="1,0,0,1,0,97" ten="250,170,250,330" oya="1" hai0="41,2,62,120,65,30,118,94,0,102,108,98,122" hai1="127,25,10,72,31,71,101,73,34,27,36,5,50" hai2="44,121,133,128,57,7,74,70,113,110,106,68,88" hai3="67,130,15,35,29,49,103,52,42,59,39,100,47"/><U107/><E36/><V86/><F121/><N who="0" m="46698" /><D108/><U37/><E127/><V93/><F110/><W126/><G126/><T83/><D118/><U80/><E50/><V96/><F128/><W91/><G130/><T76/><D30/><U77/><E27/><V21/><F133/><W115/><G115/><T123/><D41/><U26/><E25/><V95/><F106/><W38/><G38/><T75/><N who="0" m="46706" /><T99/><DORA hai="124" /><D99/><N who="1" m="61887" /><E37/><V54/><F113/><W9/><G29/><T69/><AGARI ba="0,0" hai="0,2,62,65,69,75,76,83,94,98,102" m="46706" machi="69" ten="40,2700,0" yaku="13,1,52,1" doraHai="97,124" who="0" fromWho="0" sc="250,27,170,-13,250,-7,330,-7" /><INIT seed="2,0,0,0,0,106" ten="277,157,243,323" oya="2" hai0="123,105,87,115,85,13,4,90,108,24,129,114,40" hai1="46,117,119,53,65,81,68,1,9,18,121,91,76" hai2="8,99,70,25,29,78,80,27,64,83,100,55,50" hai3="67,14,111,47,21,11,126,59,89,35,97,36,63"/><V103/><F70/><W72/><G35/><T49/><D123/><U5/><E121/><V23/><F64/><W26/><G72/><T12/><D105/><U38/><E91/><V92/><F103/><W34/><G34/><T48/><D129/><U73/><E53/><V19/><F78/><W69/><G111/><T102/><D102/><U2/><E18/><V132/><F132/><W44/><G69/><T127/><D108/><U135/><E135/><V15/><REACH who="2" step="1"/><F27/><REACH who="2" ten="277,157,233,323" step="2"/><W20/><G26/><T33/><D24/><U56/><E68/><V37/><F37/><W134/><G36/><T133/><D133/><U131/><E131/><V116/><F116/><W17/><G134/><T0/><D115/><U42/><E1/><V52/><F52/><W125/><G125/><T120/><D127/><U39/><E39/><V110/><F110/><W88/><G126/><T84/><D0/><U71/><E71/><V74/><F74/><W6/><G89/><T113/><D90/><U124/><E124/><V51/><F51/><W58/><G67/><T112/><D120/><U7/><E7/><V10/><F10/><W122/><G11/><T60/><D4/><U16/><E16/><V61/><F61/><AGARI ba="0,1" hai="2,5,9,38,42,46,56,61,65,73,76,81,117,119" machi="61" ten="40,5200,0" yaku="25,2,52,1" doraHai="106" who="1" fromWho="2" sc="277,0,157,62,233,-52,323,0" /><INIT seed="3,0,0,4,5,1" ten="277,219,181,323" oya="3" hai0="86,125,39,132,10,56,21,103,16,38,6,25,82" hai1="105,111,31,23,93,22,3,29,8,99,96,14,109" hai2="13,9,92,133,97,106,11,95,45,68,71,135,114" hai3="69,112,43,2,75,73,126,41,76,5,53,80,90"/><W32/><G32/><T119/><D119/><U63/><E105/><V67/><F106/><W35/><G35/><T44/><D132/><U24/><E63/><V15/><F45/><W55/><G90/><T81/><D125/><U127/><E127/><V17/><F67/><W131/><G75/><T0/><D103/><U51/><E51/><V27/><F27/><W34/><G34/><T62/><D44/><U88/><E3/><V37/><F37/><W12/><G12/><T104/><D104/><U49/><E49/><V7/><F114/><W47/><G43/><T134/><D134/><U128/><E128/><V94/><REACH who="2" step="1"/><F97/><REACH who="2" ten="277,219,171,323" step="2"/><W100/><G47/><T64/><D82/><U78/><E99/><V101/><F101/><W66/><G80/><T121/><D121/><U87/><E111/><V28/><F28/><W117/><G100/><T83/><D83/><N who="1" m="47607" /><E109/><V59/><F59/><W48/><G112/><T58/><D58/><U77/><E31/><V130/><F130/><W65/><G131/><T85/><D85/><U61/><E29/><V18/><F18/><W74/><G74/><T60/><D60/><U89/><E61/><V118/><F118/><W33/><G73/><T72/><D72/><U57/><E57/><V113/><F113/><W124/><G117/><T91/><AGARI ba="0,1" hai="0,6,10,16,21,25,38,39,56,62,64,81,86,91" machi="91" ten="20,5200,0" yaku="0,1,7,1,52,1,54,1" doraHai="1" who="0" fromWho="0" sc="277,62,219,-13,171,-13,323,-26" owari="339,43.9,206,-19.4,158,-34.2,297,9.7" /></mjloggm>