<mjloggm ver="2.3"><GO type="225" lobby="0"/><UN n0="%E3%80%90%E3%83%88%E3%83%AA%E3%83%A5%E3%83%95%E3%80%91" n1="%E7%B4%94%E6%BD%94%E3%83%94%E3%83%A9%E3%83%8B%E3%82%A2" n2="%E5%8D%A0%E3%81%84%E5%B8%AB%E8%A3%8F%E3%81%AA%E3%81%84%E3%81%97" n3="%E3%82%8A%E3%81%93%E3%82%8A%E3%82%93%E3%81%94" dan="16,17,17,17" rate="2056.87,2179.00,2155.05,2216.96" sx="M,M,M,M"/><TAIKYOKU oya="0"/><INIT seed="0,0,0,5,5,100" ten="250,250,250,250" oya="0" hai0="32,123,29,27,26,5,118,116,122,110,43,3,117" hai1="19,69,57,48,8,17,37,20,50,18,12,21,134" hai2="40,131,59,94,65,130,109,85,13,44,42,114,60" hai3="87,133,119,84,9,126,10,45,71,55,22,56,96"/><T115/><D43/><U54/><E37/><V66/><F114/><W106/><G119/><T75/><D27/><U72/><E72/><V80/><F109/><W53/><G71/><T41/><D41/><U104/><E69/><V105/><F94/><W24/><G126/><T112/><D75/><U16/><E134/><V14/><F65/><W135/><G45/><T103/><D103/><U79/><E79/><V132/><F40/><W95/><G106/><T101/><D101/><U31/><E104/><V128/><F132/><N who="3" m="50763" /><G10/><N who="0" m="2367" /><D110/><U4/><E31/><V6/><F6/><W129/><G9/><T83/><D83/><U111/><E111/><V67/><F67/><W61/><G55/><T127/><D127/><U68/><E68/><V88/><REACH who="2" step="1"/><F105/><REACH who="2" ten="250,250,240,250" step="2"/><W120/><G95/><T63/><D63/><U78/><N who="1" m="4096" /><DORA hai="36" /><U107/><E107/><V77/><F77/><W1/><G61/><T76/><D76/><U35/><E78/><V64/><F64/><W92/><G92/><T81/><D81/><U86/><E4/><V98/><F98/><W51/><G96/><T15/><D15/><U7/><E12/><V11/><F11/><W82/><G82/><T25/><D25/><U39/><E8/><V49/><AGARI ba="0,1" hai="13,14,42,44,49,59,60,66,80,85,88,128,130,131" machi="49" ten="30,8000,1" yaku="1,1,0,1,19,1,52,1,54,1,53,0" doraHai="100,36" doraHaiUra="0,97" who="2" fromWho="2" sc="250,-40,250,-20,240,90,250,-20" /><INIT seed="1,0,0,2,5,54" ten="210,230,330,230" oya="1" hai0="38,66,20,126,130,58,84,83,48,3,9,12,43" hai1="87,2,116,37,71,30,106,88,60,76,89,135,32" hai2="68,95,119,108,22,129,59,50,24,69,78,4,97" hai3="111,19,17,18,110,102,94,81,14,63,45,28,93"/><U27/><E116/><V6/><F119/><W44/><G28/><T118/><D118/><U127/><E37/><V117/><F117/><W13/><G81/><T55/><D130/><U56/><E2/><V115/><F129/><W74/><G74/><T46/><D3/><U85/><E106/><V128/><F128/><W70/><G70/><T132/><D132/><U62/><E135/><V72/><F108/><N who="3" m="41515" /><G63/><T77/><D126/><U125/><E71/><V8/><F72/><W34/><G34/><T0/><D0/><U10/><E10/><V92/><F78/><W67/><G67/><T15/><D20/><U100/><E100/><V133/><F133/><W122/><G122/><T75/><D75/><U86/><E76/><V21/><F8/><W25/><G25/><T23/><D23/><U5/><E5/><V123/><F24/><W41/><G102/><T29/><D29/><U57/><E62/><V26/><F26/><W1/><G1/><T47/><D66/><U114/><E114/><V42/><F115/><W11/><G45/><T90/><D47/><U61/><E60/><V91/><F123/><W49/><G14/><T131/><D131/><U31/><E61/><V98/><F68/><W52/><G41/><T120/><D120/><U104/><E104/><V65/><F42/><W107/><G107/><T79/><REACH who="0" step="1"/><D15/><REACH who="0" ten="200,230,330,230" step="2"/><U96/><E30/><V39/><F65/><W35/><G35/><T113/><D113/><U103/><E125/><V80/><F69/><W101/><G13/><T40/><D40/><U36/><E127/><V109/><F109/><W121/><G121/><RYUUKYOKU ba="0,1" sc="200,30,230,-10,330,-10,230,-10" hai0="9,12,38,43,46,48,55,58,77,79,83,84,90" /><INIT seed="2,1,1,4,5,16" ten="230,220,320,220" oya="2" hai0="95,57,86,112,110,12,96,35,11,73,64,29,58" hai1="99,105,8,115,1,42,82,69,131,45,10,27,62" hai2="41,107,44,5,34,36,120,4,119,90,94,68,87" hai3="66,91,89,0,25,126,59,7,103,33,114,54,85"/><V72/><F119/><W130/><G130/><T24/><D112/><U47/><E115/><V52/><F120/><W129/><G129/><T109/><D73/><U77/><E131/><V108/><F34/><W49/><G114/><T78/><D64/><U106/><E45/><V116/><F116/><W121/><G121/><T19/><D78/><U132/><E132/><V134/><F68/><W81/><G126/><T23/><D86/><U84/><E27/><V80/><F134/><W79/><G103/><T122/><D122/><U61/><E99/><V92/><F92/><W76/><G66/><T50/><D35/><U32/><E32/><V21/><F107/><W97/><G7/><T37/><D37/><U18/><E18/><V43/><F108/><N who="0" m="41578" /><D50/><U22/><E69/><V51/><F41/><W13/><G0/><T9/><D11/><N who="1" m="4139" /><E1/><V104/><F104/><W102/><G79/><T74/><D74/><U88/><E106/><V125/><F125/><W135/><G135/><T40/><D40/><U67/><E67/><V83/><F72/><W56/><G33/><T63/><D63/><N who="1" m="24075" /><E105/><V39/><F39/><W48/><G25/><T75/><D75/><U17/><E77/><V71/><F71/><W31/><G13/><T38/><D38/><U124/><E124/><V118/><F118/><W3/><G3/><T100/><AGARI ba="1,1" hai="9,12,19,23,24,29,57,58,95,96,100" m="41578" machi="100" ten="30,2000,0" yaku="14,1,52,1" doraHai="16" who="0" fromWho="0" sc="230,33,220,-6,320,-11,220,-6" /><INIT seed="3,0,0,2,5,62" ten="263,214,309,214" oya="3" hai0="118,55,131,135,27,116,117,100,25,0,14,8,81" hai1="53,22,127,64,125,37,123,94,26,4,5,121,47" hai2="28,12,96,101,69,48,86,130,46,58,66,99,39" hai3="57,106,92,132,89,95,102,32,7,43,83,60,56"/><W87/><G32/><T10/><D100/><U6/><E94/><V17/><F130/><W80/><G132/><T105/><D105/><U97/><E97/><V65/><F69/><W124/><G106/><T40/><D40/><N who="1" m="22927" /><E53/><V3/><F3/><W111/><G124/><N who="1" m="47690" /><E64/><V119/><F39/><W114/><G114/><T61/><D81/><U72/><E72/><V115/><F96/><N who="3" m="59655" /><G43/><T122/><D135/><U49/><E49/><V128/><F99/><W134/><G134/><T63/><D131/><U93/><E93/><V41/><F128/><W78/><G111/><T2/><D55/><U31/><AGARI ba="0,0" hai="4,5,6,22,26,31,121,123" m="47690,22927" machi="31" ten="30,1100,0" yaku="18,1" doraHai="62" who="1" fromWho="1" sc="263,-3,214,11,309,-3,214,-5" owari="260,6.0,225,-17.5,306,40.6,209,-29.1" /></mjloggm>