<mjloggm ver="2.3"><GO type="225" lobby="0"/><UN n0="%41%6F%54" n1="%E3%83%96%E3%83%83%E3%83%91%E3%82%AA%E3%83%96%E3%83%81%E3%82%AD%E3%83%B3" n2="%E5%91%A8%E6%9D%B1" n3="%E3%81%8B%E3%82%8F%E3%81%A1%E3%82%83%E3%82%93%35%38" dan="16,16,17,16" rate="2098.23,2156.58,2145.42,2128.10" sx="M,M,M,M"/><TAIKYOKU oya="0"/><INIT seed="0,0,0,2,3,41" ten="250,250,250,250" oya="0" hai0="124,107,116,67,43,72,129,57,78,61,6,19,93" hai1="135,126,74,103,71,102,33,101,96,100,35,130,88" hai2="54,73,76,56,121,3,79,8,30,11,51,68,90" hai3="23,70,27,131,2,114,122,125,65,28,110,0,52"/><T55/><D116/><U1/><E1/><V91/><F68/><W97/><G114/><T14/><D107/><U18/><E71/><V13/><F121/><W38/><G38/><T106/><D106/><U15/><E74/><V7/><F30/><W92/><G122/><T84/><D129/><U89/><E130/><V80/><REACH who="2" step="1"/><F79/><REACH who="2" ten="250,250,240,250" step="2"/><W105/><G70/><T36/><D78/><U87/><E126/><V44/><F44/><W34/><G125/><T31/><D124/><U75/><E75/><V132/><F132/><W29/><G131/><T94/><D31/><U58/><E135/><V104/><F104/><W109/><G105/><T118/><D72/><U69/><E69/><V133/><F133/><W111/><G29/><T82/><D118/><U120/><E120/><V134/><F134/><W49/><G34/><T77/><D6/><AGARI ba="0,1" hai="3,6,7,8,11,13,51,54,56,73,76,80,90,91" machi="6" ten="30,2000,0" yaku="1,1,7,1,53,0" doraHai="41" doraHaiUra="40" who="2" fromWho="0" sc="250,-20,250,0,240,30,250,0" /><INIT seed="1,0,0,2,4,102" ten="230,250,270,250" oya="1" hai0="59,16,40,132,103,133,39,66,92,63,2,123,100" hai1="72,108,55,41,122,10,31,58,54,107,118,76,86" hai2="0,65,52,19,120,22,121,23,81,45,71,13,11" hai3="38,36,125,87,37,99,56,43,82,50,74,111,115"/><U126/><E118/><V91/><F71/><W69/><G69/><T15/><D2/><U134/><E122/><V95/><F65/><W18/><G115/><T49/><D123/><U80/><E134/><N who="0" m="51817" /><D39/><U60/><E126/><V88/><F0/><W128/><G74/><T25/><D25/><U104/><E41/><V131/><F131/><W129/><G125/><T77/><D77/><U21/><E108/><V28/><F28/><W96/><G18/><T29/><D29/><U89/><E10/><V67/><F67/><W44/><G56/><T97/><D49/><U51/><E21/><V42/><F121/><W119/><G119/><T135/><D40/><U33/><E33/><V12/><F12/><W17/><G17/><T101/><N who="0" m="51825" /><T61/><DORA hai="109" /><D63/><U5/><E5/><V117/><F117/><W64/><G64/><T84/><D84/><U32/><E32/><V4/><F4/><W85/><G85/><T127/><D127/><U24/><E24/><V130/><F42/><W3/><G3/><T27/><D27/><U26/><E26/><V48/><F120/><W90/><REACH who="3" step="1"/><G111/><REACH who="3" ten="230,250,270,240" step="2"/><T105/><D105/><U46/><REACH who="1" step="1"/><E31/><REACH who="1" ten="230,240,270,240" step="2"/><V116/><F116/><W30/><G30/><T78/><D16/><U79/><E79/><V53/><F19/><W62/><G62/><T113/><D78/><U93/><AGARI ba="0,2" hai="46,51,54,55,58,60,72,76,80,86,89,93,104,107" machi="93" ten="20,12000,1" yaku="1,1,0,1,7,1,52,2,53,0" doraHai="102,109" doraHaiUra="1,68" who="1" fromWho="1" sc="230,-40,240,140,270,-40,240,-40" /><INIT seed="1,1,0,1,5,123" ten="190,380,230,200" oya="1" hai0="108,102,5,83,56,24,58,110,23,122,41,106,131" hai1="86,50,111,8,42,40,68,2,118,36,109,6,98" hai2="13,7,26,15,65,30,124,77,87,63,20,19,84" hai3="69,52,105,43,57,44,72,128,114,89,10,79,116"/><U0/><E118/><V22/><F124/><W92/><G105/><T120/><D131/><U32/><E68/><V133/><F133/><W1/><G69/><T112/><D112/><U99/><E32/><V25/><F77/><W27/><G114/><T75/><D41/><N who="1" m="15979" /><E36/><V66/><F7/><W96/><G128/><T60/><D5/><U35/><E35/><V47/><F47/><W97/><G116/><T132/><D132/><U90/><E50/><V38/><F38/><W48/><G27/><T33/><D33/><U21/><E21/><V16/><F63/><W61/><G1/><T46/><D46/><U80/><E2/><V3/><F3/><W100/><G10/><T54/><D58/><U9/><E9/><V4/><F4/><W64/><G79/><N who="0" m="44543" /><D102/><U93/><E80/><V129/><F129/><W78/><G78/><T70/><D106/><U101/><E101/><V12/><REACH who="2" step="1"/><F30/><REACH who="2" ten="190,380,220,200" step="2"/><W51/><G72/><T130/><D130/><U91/><E91/><V94/><F94/><N who="3" m="58391" /><G48/><T37/><D37/><U85/><E0/><V74/><F74/><W127/><G127/><T73/><D73/><U11/><E6/><V55/><F55/><AGARI ba="1,1" hai="43,44,51,52,55,57,61,64,89,92,97" m="58391" machi="55" ten="30,2000,0" yaku="8,1,54,1" doraHai="123" who="3" fromWho="2" sc="190,0,380,0,220,-23,200,33" /><INIT seed="2,0,0,4,5,96" ten="190,380,197,233" oya="2" hai0="54,91,109,55,56,21,47,1,89,57,110,4,22" hai1="125,115,85,76,61,135,3,24,73,14,121,123,30" hai2="70,45,78,134,103,99,131,60,39,42,59,81,126" hai3="35,66,26,122,28,19,13,53,15,69,62,112,23"/><V120/><F120/><N who="1" m="46153" /><E115/><V49/><F131/><W129/><G122/><T111/><D4/><U2/><E125/><V116/><F126/><W124/><G124/><T34/><D47/><U33/><E135/><V48/><F70/><W128/><G112/><T118/><D34/><U127/><E127/><V71/><F71/><W65/><G65/><T17/><D1/><U41/><E73/><V97/><F97/><W98/><G53/><N who="0" m="19979" /><D118/><U94/><E61/><V119/><F134/><W18/><REACH who="3" step="1"/><G98/><REACH who="3" ten="190,380,197,223" step="2"/><T0/><D0/><U51/><E3/><V20/><F116/><W80/><G80/><T130/><D130/><U63/><E2/><V101/><F119/><W102/><G102/><T104/><D109/><U38/><E41/><V83/><F83/><W92/><G92/><T107/><D111/><U117/><E94/><V95/><F103/><W114/><G114/><T86/><D110/><U79/><E117/><V8/><F81/><W7/><G7/><T77/><D107/><U64/><E64/><V16/><F78/><W133/><G133/><T113/><D104/><U44/><E79/><V5/><F60/><W36/><G36/><T46/><D113/><U132/><E63/><V72/><F39/><W10/><AGARI ba="0,1" hai="10,13,15,18,19,23,26,28,35,62,66,69,128,129" machi="10" ten="30,2000,0" yaku="1,1,0,1,53,0" doraHai="96" doraHaiUra="74" who="3" fromWho="3" sc="190,-5,380,-5,197,-10,223,30" /><INIT seed="3,0,0,2,2,95" ten="185,375,187,253" oya="3" hai0="55,120,35,16,92,60,9,83,8,132,11,124,73" hai1="15,40,64,38,7,117,29,39,57,99,18,24,74" hai2="111,51,128,80,58,81,3,87,125,75,135,4,112" hai3="25,61,69,70,103,37,105,85,19,63,68,50,71"/><W42/><G85/><T6/><D120/><U1/><E74/><V133/><F112/><W91/><G91/><T96/><D35/><N who="1" m="20903" /><E40/><V78/><F125/><W119/><G19/><T130/><D124/><U113/><E99/><V77/><F111/><W97/><G119/><T106/><D106/><U45/><E45/><V108/><F108/><W17/><G37/><T22/><D130/><U14/><E14/><V94/><F128/><W118/><G118/><T48/><D132/><N who="2" m="50762" /><F94/><W23/><N who="3" m="17408" /><DORA hai="82" /><W126/><REACH who="3" step="1"/><G126/><REACH who="3" ten="185,375,187,243" step="2"/><T84/><D73/><U5/><E18/><V86/><F75/><W90/><G90/><N who="0" m="51487" /><D6/><U28/><E7/><V26/><F4/><W27/><G27/><N who="0" m="14791" /><D60/><U53/><E5/><V129/><F129/><W62/><G62/><T114/><D114/><U115/><E115/><V21/><F3/><W13/><G13/><T98/><D92/><U59/><E15/><V123/><F123/><W0/><G0/><T79/><D79/><U43/><E1/><V41/><F26/><W93/><G93/><T33/><D33/><U67/><E113/><V116/><F116/><W54/><G54/><T131/><D131/><U10/><E53/><N who="2" m="32063" /><F41/><W100/><G100/><T52/><D55/><U102/><E43/><V49/><F49/><W46/><AGARI ba="0,1" hai="17,23,25,42,46,50,61,63,97,103,105" m="17408" machi="46" ten="60,11700,0" yaku="1,1,0,1,52,1,53,0" doraHai="95,82" doraHaiUra="121,34" who="3" fromWho="3" sc="185,-39,375,-39,187,-39,243,127" owari="146,-35.4,336,13.6,148,-25.2,370,47.0" /></mjloggm>