<mjloggm ver="2.3"><GO type="225" lobby="0"/><UN n0="%E6%9C%88%E5%B3%B6%E5%9F%BA" n1="%E9%B7%B9%E5%80%89%E6%9D%8F%E9%88%B4" n2="%E6%A1%9C%E6%B2%A2%E5%A2%A8" n3="%E7%9A%AE%E3%80%85" dan="16,16,17,16" rate="2120.78,2101.00,2182.67,2159.22" sx="M,F,F,F"/><TAIKYOKU oya="0"/><INIT seed="0,0,0,0,4,54" ten="250,250,250,250" oya="0" hai0="8,19,63,40,135,99,102,111,17,46,14,85,50" hai1="59,113,10,20,23,22,86,94,1,93,105,76,48" hai2="65,39,16,5,73,34,6,60,9,122,112,45,33" hai3="2,53,57,64,87,11,68,92,131,7,116,110,79"/><T78/><D135/><U132/><E105/><V47/><F122/><W56/><G116/><T18/><D111/><U35/><E35/><V28/><F112/><W74/><G110/><T114/><D114/><U42/><E113/><V31/><F73/><W88/><G131/><T52/><D78/><U119/><E119/><V32/><F28/><W71/><G64/><T115/><D85/><U27/><E132/><V44/><F31/><W97/><G74/><T4/><D115/><U128/><E128/><V24/><F39/><W21/><G21/><N who="1" m="8298" /><E10/><V66/><F24/><W118/><G57/><N who="0" m="35239" /><D99/><U104/><E104/><V127/><F127/><W80/><REACH who="3" step="1"/><G118/><REACH who="3" ten="250,250,250,240" step="2"/><T41/><D102/><U75/><E75/><V38/><F66/><W106/><G106/><T0/><D0/><U3/><E59/><V49/><F33/><W91/><G91/><T108/><D108/><U61/><E1/><V36/><F32/><W70/><G70/><T55/><AGARI ba="0,1" hai="4,8,14,17,18,19,40,41,46,50,55" m="35239" machi="55" ten="30,6000,0" yaku="8,1,52,1,54,1" doraHai="54" who="0" fromWho="0" sc="250,70,250,-20,250,-20,240,-20" /><INIT seed="0,1,0,0,1,44" ten="320,230,230,220" oya="0" hai0="35,95,133,135,124,107,96,19,59,71,18,126,10" hai1="24,15,14,105,39,8,0,36,45,29,103,100,41" hai2="62,37,89,55,108,65,117,115,120,72,51,16,91" hai3="60,7,130,128,38,40,54,20,73,131,113,63,58"/><T28/><D71/><U56/><E39/><V17/><F120/><W119/><G73/><T93/><D107/><U112/><E112/><V25/><F115/><W94/><G7/><T134/><D59/><U66/><E0/><V21/><F37/><W111/><G20/><T76/><D76/><U110/><E110/><V122/><F122/><W31/><G31/><T57/><D57/><U6/><E105/><V49/><F72/><W132/><G94/><N who="0" m="35851" /><D96/><U3/><E3/><V9/><F108/><W12/><G12/><N who="0" m="7447" /><D19/><U69/><E69/><V85/><F117/><W82/><G82/><T78/><D78/><U74/><E74/><V61/><F65/><W102/><G102/><T101/><D101/><U114/><E114/><V50/><F55/><W42/><G113/><T125/><D28/><U83/><E14/><N who="2" m="7375" /><F91/><W43/><G119/><T70/><D70/><U84/><E66/><V47/><F47/><N who="3" m="23959" /><G111/><T68/><D68/><U4/><E4/><V1/><F1/><W75/><G75/><T2/><D2/><U116/><E116/><V104/><F104/><W99/><G99/><T46/><D46/><U92/><E56/><V5/><F5/><W77/><G77/><T32/><AGARI ba="1,0" hai="32,35,124,125,126,133,134,135" m="7447,35851" machi="32" ten="50,4800,0" yaku="18,1,20,1" doraHai="44" who="0" fromWho="0" sc="320,51,230,-17,230,-17,220,-17" /><INIT seed="0,2,0,0,1,120" ten="371,213,213,203" oya="0" hai0="103,106,25,67,23,14,0,131,33,65,87,51,61" hai1="62,57,127,28,107,17,11,54,123,60,29,20,108" hai2="5,22,116,27,55,46,24,126,38,12,117,1,59" hai3="42,19,69,102,101,129,97,77,49,95,110,133,125"/><T82/><D0/><U89/><E123/><V50/><F126/><W81/><G69/><T114/><D114/><U86/><E107/><V64/><F1/><W130/><G125/><T18/><D131/><N who="3" m="50185" /><G133/><T36/><D36/><U7/><E127/><V124/><F124/><W52/><G42/><T70/><D67/><U9/><E62/><N who="2" m="37983" /><F38/><W92/><G19/><T98/><D51/><U76/><E76/><V79/><F79/><W39/><G39/><T56/><D56/><U6/><E11/><N who="2" m="4207" /><F22/><W85/><G110/><T80/><D87/><U118/><E108/><V128/><F128/><W4/><G4/><N who="1" m="1578" /><E9/><V96/><F96/><W45/><G102/><T111/><D111/><U119/><E119/><AGARI ba="2,0" hai="24,27,46,50,55,116,117,119" m="4207,37983" machi="119" ten="30,1000,0" yaku="12,1" doraHai="120" who="2" fromWho="1" sc="371,0,213,-16,213,16,203,0" /><INIT seed="1,0,0,0,3,47" ten="371,197,229,203" oya="1" hai0="6,0,30,90,37,5,104,53,132,100,126,28,106" hai1="38,67,64,36,122,57,102,29,14,77,13,101,128" hai2="83,121,105,39,107,26,72,61,56,110,131,31,94" hai3="76,4,63,98,87,66,74,97,21,42,3,32,108"/><U18/><E122/><V15/><F121/><W44/><G32/><T69/><D37/><U8/><E29/><V25/><F39/><W115/><G115/><T99/><D69/><U34/><E34/><V35/><F110/><W19/><G108/><T50/><D106/><U43/><E128/><V65/><F131/><W54/><G54/><T7/><D0/><U51/><E77/><V117/><F117/><W70/><G87/><T40/><D40/><U82/><E82/><V17/><F25/><W129/><G129/><T86/><D126/><U103/><E36/><V24/><F24/><W120/><G120/><T60/><D60/><U79/><E79/><V85/><F94/><W114/><G114/><T96/><D96/><U134/><E134/><V88/><REACH who="2" step="1"/><F72/><REACH who="2" ten="371,197,219,203" step="2"/><W125/><G74/><T133/><D133/><U48/><E38/><V130/><F130/><W9/><G125/><T49/><D132/><U71/><E71/><V41/><F41/><W116/><G116/><T2/><D104/><U118/><E118/><V91/><F91/><W52/><G42/><T62/><D90/><U45/><REACH who="1" step="1"/><E14/><REACH who="1" ten="371,187,219,203" step="2"/><V10/><AGARI ba="0,2" hai="10,15,17,26,31,35,56,61,65,83,85,88,105,107" machi="10" ten="20,8000,1" yaku="1,1,0,1,7,1,54,1,53,1" doraHai="47" doraHaiUra="81" who="2" fromWho="2" sc="371,-20,187,-40,219,100,203,-20" /><INIT seed="2,0,0,3,1,5" ten="351,147,319,183" oya="2" hai0="2,28,115,6,14,39,43,3,67,108,127,71,9" hai1="49,44,86,41,121,36,117,77,111,16,7,76,122" hai2="97,13,106,27,135,74,103,100,79,73,38,96,112" hai3="66,128,132,123,72,52,58,48,20,10,93,33,90"/><V46/><F112/><W109/><G123/><N who="1" m="47114" /><E117/><V50/><F135/><W92/><G33/><T110/><D115/><U89/><E111/><N who="0" m="42537" /><D127/><U94/><E7/><V17/><F27/><W62/><G109/><T126/><D126/><U69/><E69/><V25/><F25/><W82/><G132/><T105/><D105/><U12/><E36/><V4/><F4/><W61/><G128/><T131/><D28/><U83/><E94/><N who="3" m="36458" /><G72/><T55/><D55/><U78/><E78/><V91/><F91/><W80/><G20/><AGARI ba="0,0" hai="12,16,20,41,44,49,76,77,83,86,89" m="47114" machi="20" ten="30,2000,0" yaku="13,1,54,1" doraHai="5" who="1" fromWho="3" sc="351,0,147,20,319,0,183,-20" /><INIT seed="3,0,0,2,3,58" ten="351,167,319,163" oya="3" hai0="130,117,132,98,134,48,24,133,57,33,85,82,81" hai1="29,65,109,12,67,44,128,36,28,101,0,63,54" hai2="96,61,129,112,73,40,102,119,9,84,19,76,74" hai3="113,18,72,55,125,39,93,115,88,122,87,8,20"/><W126/><G72/><T2/><D2/><U103/><E0/><V89/><F112/><W97/><G122/><T75/><D117/><U83/><E109/><V41/><F119/><W86/><G39/><T30/><D130/><U135/><E128/><V79/><F129/><W90/><G8/><T50/><D98/><U118/><E118/><V66/><F73/><W7/><G7/><T131/><D131/><U1/><E1/><V99/><F74/><W14/><G55/><N who="0" m="31975" /><D75/><U17/><E135/><V49/><F49/><W6/><G6/><T60/><D50/><N who="1" m="28999" /><E83/><N who="0" m="31753" /><D60/><U77/><E77/><N who="2" m="29771" /><F102/><N who="1" m="38921" /><E36/><V52/><F66/><N who="1" m="25097" /><E63/><V123/><F123/><W114/><REACH who="3" step="1"/><G90/><REACH who="3" ten="351,167,319,153" step="2"/><T110/><D110/><U100/><E100/><V21/><F9/><AGARI ba="0,1" hai="9,12,17,28,29" m="25097,38921,28999" machi="9" ten="30,1000,0" yaku="8,1" doraHai="58" who="1" fromWho="2" sc="351,0,167,20,319,-10,153,0" owari="351,45.1,187,-21.3,309,10.9,153,-34.7" /></mjloggm>