<mjloggm ver="2.3"><GO type="225" lobby="0"/><UN n0="%E6%98%93%E5%88%A9%E8%96%A9%E4%BC%AF" n1="%E3%80%93%E3%81%97%E3%83%BC%E3%82%89%E3%80%93" n2="%E3%80%90%E3%83%88%E3%83%AA%E3%83%A5%E3%83%95%E3%80%91" n3="%E3%81%90%E3%81%A1%E3%82%84%E3%81%BE" dan="17,16,16,16" rate="2194.40,2208.04,2125.61,2120.99" sx="F,M,M,M"/><TAIKYOKU oya="0"/><INIT seed="0,0,0,4,2,132" ten="250,250,250,250" oya="0" hai0="51,44,34,85,111,134,21,28,100,50,66,18,79" hai1="7,45,118,58,110,15,89,73,71,87,112,81,24" hai2="22,117,108,62,39,25,12,53,2,106,130,90,70" hai3="94,97,91,59,16,6,68,133,125,47,102,76,61"/><T1/><D1/><U96/><E71/><V78/><F2/><W95/><G133/><T101/><D134/><U69/><E69/><V113/><F39/><W124/><G68/><T29/><D111/><U86/><E73/><V77/><F70/><W52/><G6/><T83/><D66/><U0/><E118/><V84/><F106/><W20/><G76/><T13/><D51/><U36/><E0/><V19/><F113/><W93/><G47/><T38/><D38/><U37/><E110/><V114/><F114/><W55/><G55/><T26/><REACH who="0" step="1"/><D29/><REACH who="0" ten="240,250,250,250" step="2"/><U135/><E112/><V63/><F108/><W41/><G41/><AGARI ba="0,1" hai="13,18,21,26,28,34,41,44,50,79,83,85,100,101" machi="41" ten="30,11600,0" yaku="1,1,2,1,7,1,53,1" doraHai="132" doraHaiUra="23" who="0" fromWho="3" sc="240,126,250,0,250,0,250,-116" /><INIT seed="0,1,0,0,5,60" ten="366,250,250,134" oya="0" hai0="32,73,79,118,87,68,125,97,35,99,2,31,34" hai1="13,89,94,1,49,48,106,41,117,80,90,46,43" hai2="36,135,57,110,77,27,92,25,58,62,5,14,30" hai3="83,23,111,132,130,7,91,18,29,42,109,56,114"/><T115/><D115/><U88/><E106/><V116/><F110/><W113/><G42/><T44/><D118/><U104/><E104/><V74/><F36/><W127/><G56/><T26/><D73/><U128/><E1/><V9/><F135/><W64/><G64/><T12/><D2/><U95/><E117/><V101/><F77/><W65/><G65/><T86/><D68/><U66/><E128/><V85/><F74/><W28/><G91/><T131/><D131/><U53/><E66/><N who="2" m="39247" /><F58/><W119/><G83/><T22/><D44/><U71/><E71/><V100/><F116/><W96/><G96/><T4/><D125/><U121/><E121/><V129/><F129/><W0/><G130/><T39/><D39/><U84/><E13/><V51/><F51/><W67/><G67/><T19/><D4/><U81/><E43/><V63/><F63/><W59/><G59/><T52/><D52/><U93/><REACH who="1" step="1"/><E84/><REACH who="1" ten="366,240,250,134" step="2"/><V8/><F85/><W108/><G119/><T122/><D122/><U21/><E21/><N who="2" m="15663" /><F9/><N who="3" m="2279" /><G127/><T70/><D70/><U10/><E10/><V15/><F15/><N who="3" m="9695" /><G132/><T33/><D86/><U24/><E24/><V6/><F27/><W105/><G105/><T20/><D87/><U54/><E54/><V112/><F112/><AGARI ba="1,1" hai="28,29,108,109,111,112,113,114" m="9695,2279" machi="112" ten="40,5200,0" yaku="14,1,34,2" doraHai="60" who="3" fromWho="2" sc="366,0,240,0,250,-55,134,65" /><INIT seed="1,0,0,4,3,69" ten="366,240,195,199" oya="1" hai0="111,90,102,56,116,78,33,104,64,127,70,129,125" hai1="88,100,14,68,71,44,35,21,19,85,62,133,2" hai2="92,4,17,29,26,53,128,131,55,101,12,98,27" hai3="52,40,48,87,66,117,132,11,47,115,20,130,22"/><U42/><E35/><V79/><F79/><W89/><G115/><T110/><D116/><U105/><E2/><V95/><F4/><W80/><G130/><N who="2" m="49705" /><F95/><W30/><G132/><T94/><D70/><U39/><E133/><V46/><F46/><W118/><G66/><T120/><D33/><U82/><REACH who="1" step="1"/><E62/><REACH who="1" ten="366,230,195,199" step="2"/><V59/><F29/><W119/><G30/><T60/><D129/><U34/><E34/><V81/><F55/><W113/><G113/><T96/><D120/><U8/><E8/><N who="2" m="6279" /><F81/><W114/><G114/><T84/><D78/><U73/><E73/><V45/><F45/><N who="3" m="27663" /><G11/><T18/><D18/><U54/><E54/><V99/><F99/><AGARI ba="0,1" hai="14,19,21,39,42,44,68,71,82,85,88,99,100,105" machi="99" ten="40,12000,1" yaku="1,1,52,1,54,1,53,1" doraHai="69" doraHaiUra="9" who="1" fromWho="2" sc="366,0,230,130,195,-120,199,0" /><INIT seed="1,1,0,4,0,122" ten="366,360,75,199" oya="1" hai0="44,95,36,89,12,114,79,46,19,76,25,28,35" hai1="45,106,16,39,49,110,60,75,43,11,41,24,72" hai2="20,33,7,131,38,10,42,13,108,109,112,132,50" hai3="32,101,1,102,58,67,120,0,59,40,82,54,63"/><U3/><E106/><V64/><F38/><W27/><G120/><T91/><D114/><U57/><E110/><N who="2" m="42603" /><F64/><W53/><G40/><T17/><D89/><U51/><E3/><N who="2" m="383" /><F131/><W29/><G67/><T31/><D31/><U105/><E105/><V134/><F112/><W22/><G0/><T81/><D19/><U80/><E80/><V9/><F50/><W104/><G1/><T128/><D128/><U21/><E11/><V86/><F86/><W103/><G82/><T88/><D91/><U123/><E123/><V125/><F33/><W85/><G85/><T116/><D116/><U68/><E68/><V115/><F115/><W4/><G4/><T70/><D70/><U129/><E129/><V52/><F42/><W127/><G127/><T117/><D117/><U90/><E41/><V56/><F20/><W121/><G121/><T48/><D36/><U93/><E75/><V113/><F113/><W98/><REACH who="3" step="1"/><G32/><REACH who="3" ten="366,360,75,189" step="2"/><T130/><D130/><U74/><E74/><V92/><F125/><W62/><AGARI ba="1,1" hai="22,27,29,53,54,58,59,62,63,98,101,102,103,104" machi="62" ten="20,12000,2" yaku="1,1,2,1,0,1,7,1,9,1,53,1" doraHai="122" doraHaiUra="18" who="3" fromWho="3" sc="366,-31,360,-61,75,-31,189,133" /><INIT seed="2,0,0,4,5,129" ten="335,299,44,322" oya="2" hai0="103,84,123,112,99,7,63,1,135,88,132,75,9" hai1="124,10,54,126,82,13,74,26,127,104,98,56,5" hai2="42,108,19,22,4,133,50,46,58,111,28,48,113" hai3="55,95,47,27,18,110,118,97,8,80,73,65,83"/><V2/><F113/><W96/><G118/><T67/><D75/><U43/><E43/><V44/><F28/><W125/><G73/><T69/><D123/><U17/><E74/><V23/><F58/><W107/><G107/><T122/><D122/><U81/><E104/><V128/><F128/><W33/><G110/><N who="2" m="42025" /><F2/><W15/><G125/><T78/><D78/><U68/><E68/><V52/><F4/><W32/><G65/><T94/><REACH who="0" step="1"/><D112/><REACH who="0" ten="325,299,44,322" step="2"/><U116/><E116/><V121/><F121/><W53/><G33/><T120/><D120/><U117/><E117/><V6/><F6/><W49/><G32/><T109/><D109/><U40/><E40/><V85/><F85/><W130/><G130/><T89/><D89/><U91/><E91/><V31/><F31/><W105/><G18/><T62/><D62/><N who="1" m="36119" /><E98/><V38/><F19/><W119/><G97/><T21/><D21/><AGARI ba="0,1" hai="5,10,13,17,21,26,81,82,124,126,127" m="36119" machi="21" ten="30,1000,0" yaku="18,1" doraHai="129" who="1" fromWho="0" sc="325,-10,299,20,44,0,322,0" /><INIT seed="3,0,0,0,2,116" ten="315,319,44,322" oya="3" hai0="52,30,76,34,120,38,93,102,45,113,115,70,21" hai1="99,26,122,106,81,58,131,67,32,49,35,128,61" hai2="54,39,29,130,98,65,74,53,89,80,12,9,59" hai3="56,11,72,88,107,23,83,97,135,42,8,123,22"/><W95/><G123/><T16/><D120/><U20/><E81/><V132/><F29/><W100/><G135/><T33/><D70/><U6/><E6/><V28/><F28/><W129/><G129/><N who="1" m="49738" /><E122/><V51/><F130/><W125/><G125/><T7/><D30/><N who="1" m="17735" /><E49/><V3/><F3/><W104/><G104/><T134/><D7/><U114/><E114/><N who="0" m="43529" /><D134/><U62/><E62/><V0/><F0/><W36/><G36/><T109/><D109/><U78/><E78/><V55/><F39/><W10/><G72/><T79/><D38/><U101/><AGARI ba="0,0" hai="32,35,58,61,67,99,101,106" m="17735,49738" machi="101" ten="30,1100,0" yaku="19,1" doraHai="116" who="1" fromWho="1" sc="315,-3,319,11,44,-3,322,-5" owari="312,-8.8,330,43.0,41,-45.9,317,11.7" /></mjloggm>