<mjloggm ver="2.3"><GO type="225" lobby="0"/><UN n0="%E6%A1%9C%E8%8A%B1%E9%96%83%E3%80%85" n1="%E4%BF%BA%E3%81%A8%E5%A6%96%E5%A4%A2" n2="%69%4F%4B%4F%69" n3="%E5%B8%86%E7%AB%8B%E5%A4%8F%E8%A1%A3" dan="16,16,16,17" rate="2097.21,2199.08,2128.73,2171.75" sx="M,F,M,M"/><TAIKYOKU oya="0"/><INIT seed="0,0,0,1,4,118" ten="250,250,250,250" oya="0" hai0="121,62,37,115,90,108,99,13,117,96,125,63,32" hai1="1,66,105,3,91,82,76,68,85,59,61,18,34" hai2="64,86,72,10,28,70,26,44,14,36,124,80,104" hai3="57,107,4,114,24,109,102,78,122,132,129,12,119"/><T133/><D117/><U22/><E34/><V67/><F72/><W8/><G114/><T92/><D115/><U83/><E105/><V49/><F104/><W15/><G109/><T87/><D125/><U100/><E100/><V54/><F70/><W123/><G119/><T135/><D37/><U16/><E68/><V19/><F36/><W60/><G132/><N who="0" m="50763" /><D108/><U106/><E106/><V33/><REACH who="2" step="1"/><F124/><REACH who="2" ten="250,250,240,250" step="2"/><W41/><G107/><T97/><D32/><U128/><E128/><V11/><F11/><W89/><G8/><T39/><D39/><U0/><REACH who="1" step="1"/><E22/><REACH who="1" ten="250,240,240,250" step="2"/><V23/><F23/><W131/><G129/><T88/><D121/><U58/><E58/><V35/><F35/><W38/><G57/><T46/><D46/><U111/><E111/><V112/><F112/><W79/><G131/><T69/><D69/><U40/><E40/><V53/><F53/><W2/><G41/><T73/><D73/><AGARI ba="0,2" hai="0,1,3,16,18,59,61,66,73,76,82,83,85,91" machi="73" ten="40,2600,0" yaku="1,1,54,1,53,0" doraHai="118" doraHaiUra="130" who="1" fromWho="0" sc="250,-26,240,46,240,0,250,0" /><INIT seed="1,0,0,0,1,75" ten="224,286,240,250" oya="1" hai0="33,124,53,87,38,4,43,106,114,18,9,48,28" hai1="86,2,67,98,115,88,30,99,93,63,133,42,135" hai2="37,134,103,107,69,0,129,91,29,104,116,95,54" hai3="44,105,50,123,109,94,57,14,119,117,90,47,49"/><U12/><E115/><V128/><F116/><N who="3" m="44619" /><G105/><T92/><D114/><U13/><E2/><V89/><F0/><W3/><G3/><T84/><D106/><N who="2" m="40490" /><F69/><W101/><G101/><T126/><D18/><U61/><E42/><V125/><F37/><W27/><G123/><T65/><D65/><U16/><E30/><V10/><F29/><W76/><G109/><T108/><D108/><U40/><E40/><V22/><F22/><W1/><G1/><N who="0" m="143" /><D92/><U96/><E12/><V51/><F10/><W52/><G14/><T81/><D43/><U36/><E36/><V59/><F125/><N who="0" m="48234" /><D38/><U80/><E80/><V41/><F41/><W8/><G8/><T79/><D87/><U25/><E25/><V32/><F32/><W20/><G27/><N who="0" m="18591" /><D48/><U55/><E55/><AGARI ba="0,0" hai="53,55,79,81,84" m="18591,48234,143" machi="55" ten="30,2000,0" yaku="18,1,52,1" doraHai="75" who="0" fromWho="1" sc="224,20,286,-20,240,0,250,0" /><INIT seed="2,0,0,4,4,94" ten="244,266,240,250" oya="2" hai0="18,0,20,84,100,17,85,24,41,49,124,76,44" hai1="81,95,11,97,22,127,10,108,54,38,34,119,64" hai2="53,131,12,107,40,98,125,32,134,86,57,99,7" hai3="101,68,23,55,29,61,62,102,67,50,9,120,96"/><V5/><F32/><W121/><G102/><T135/><D135/><U36/><E119/><V92/><F107/><W71/><G9/><T46/><D124/><U113/><E113/><V45/><F134/><W15/><G62/><T80/><D0/><U47/><E34/><V129/><F125/><W2/><G68/><T42/><D100/><U31/><E127/><V79/><F12/><W26/><G15/><T14/><D84/><U88/><E108/><V103/><F7/><W74/><G74/><T30/><REACH who="0" step="1"/><D14/><REACH who="0" ten="234,266,240,250" step="2"/><U126/><E126/><V8/><F103/><W6/><G2/><T112/><D112/><U1/><E1/><V122/><F86/><W114/><G114/><T72/><D72/><U133/><E133/><V21/><F122/><W37/><G121/><T104/><D104/><U115/><E115/><V63/><F131/><W105/><G120/><T51/><AGARI ba="0,1" hai="17,18,20,24,30,41,42,44,46,49,51,76,80,85" machi="51" ten="20,8000,1" yaku="1,1,0,1,7,1,9,1,8,1,53,0" doraHai="94" doraHaiUra="66" who="0" fromWho="0" sc="234,90,266,-20,240,-40,250,-20" /><INIT seed="3,0,0,1,1,90" ten="324,246,200,230" oya="3" hai0="6,0,33,102,114,36,8,47,19,79,42,69,31" hai1="61,43,55,122,34,120,13,25,92,130,81,5,128" hai2="21,96,9,78,98,1,20,71,101,99,2,63,58" hai3="37,30,109,73,88,131,74,106,100,80,22,35,97"/><W110/><G37/><T123/><D123/><U14/><E43/><V108/><F108/><N who="3" m="41579" /><G35/><T103/><D69/><U28/><E81/><V67/><F101/><W133/><G133/><T7/><D114/><U77/><E77/><V107/><F107/><W24/><G131/><N who="1" m="50218" /><E92/><V18/><F78/><W23/><G22/><T45/><D7/><U87/><E87/><AGARI ba="0,0" hai="23,24,30,73,74,80,87,88,97,100,106" m="41579" machi="87" ten="30,5800,0" yaku="14,1,10,1,54,1" doraHai="90" who="3" fromWho="1" sc="324,0,246,-58,200,0,230,58" /><INIT seed="3,1,0,3,2,75" ten="324,188,200,288" oya="3" hai0="68,103,4,110,107,59,115,44,67,122,70,128,134" hai1="33,34,106,12,92,29,98,83,0,99,132,104,66" hai2="37,62,85,87,16,119,74,20,71,125,52,28,89" hai3="54,93,49,76,108,135,26,120,42,2,48,82,57"/><W53/><G120/><T109/><D122/><U30/><E0/><V129/><F119/><W78/><G135/><T22/><D134/><U58/><E132/><V41/><F74/><W77/><G2/><T45/><D128/><U73/><E12/><V32/><F129/><W97/><G108/><N who="0" m="41579" /><D115/><U39/><E39/><V86/><F125/><W14/><G42/><T124/><D124/><U55/><E66/><V123/><F123/><W3/><G3/><T130/><D4/><U60/><E33/><V10/><F37/><W31/><G14/><T23/><D59/><U81/><E98/><V36/><F36/><W131/><G131/><T65/><D103/><U7/><E7/><V133/><F71/><W116/><G116/><T101/><D67/><U27/><E30/><V19/><F133/><W63/><G82/><T38/><D65/><U5/><E5/><V112/><F112/><W24/><G31/><T113/><D45/><U13/><E13/><N who="2" m="7223" /><F28/><W46/><G63/><T91/><D113/><U102/><REACH who="1" step="1"/><E73/><REACH who="1" ten="324,178,200,288" step="2"/><V6/><F6/><W114/><G114/><T17/><D130/><U100/><E100/><AGARI ba="1,1" hai="24,26,46,48,49,53,54,57,76,77,78,93,97,100" machi="100" ten="40,12000,1" yaku="8,1,52,3" doraHai="75" who="3" fromWho="1" sc="324,0,178,-123,200,0,288,133" owari="324,12.4,55,-44.5,200,-20.0,421,52.1" /></mjloggm>