<mjloggm ver="2.3"><GO type="225" lobby="0"/><UN n0="%63%68%78%62%64" n1="%70%68%65%6E%6F%6D%65" n2="%28%EF%BF%A3%E2%96%BD%EF%BF%A3%29%CE%B4%E2%8C%92%E3%83%BB" n3="%E3%82%B3%E3%83%90%E3%83%AC%E3%82%A4" dan="16,16,17,16" rate="2101.78,2086.73,2295.72,2173.27" sx="M,M,M,M"/><TAIKYOKU oya="0"/><INIT seed="0,0,0,4,3,40" ten="250,250,250,250" oya="0" hai0="66,134,99,91,52,92,119,100,34,83,9,33,81" hai1="118,130,20,37,63,94,127,78,31,120,95,75,19" hai2="26,111,13,72,35,49,70,21,69,103,7,116,125" hai3="71,8,16,2,101,42,67,64,29,32,87,73,55"/><T39/><D119/><U27/><E118/><V62/><F72/><W106/><G73/><T25/><D39/><U38/><E120/><V85/><F116/><W5/><G106/><T82/><D134/><U28/><E127/><V86/><F35/><W93/><G32/><T90/><D66/><U115/><E130/><V117/><F125/><W113/><G29/><T124/><D124/><U76/><E115/><V97/><F111/><W18/><G55/><T45/><D9/><U11/><E38/><V65/><F70/><W44/><G113/><T89/><REACH who="0" step="1"/><D25/><REACH who="0" ten="240,250,250,250" step="2"/><U79/><E37/><V131/><F117/><W51/><G64/><T3/><D3/><U98/><E11/><V129/><F129/><W107/><G67/><T50/><AGARI ba="0,1" hai="33,34,45,50,52,81,82,83,89,90,91,92,99,100" machi="50" ten="40,12000,1" yaku="1,1,0,1,52,1,54,1,53,0" doraHai="40" doraHaiUra="104" who="0" fromWho="0" sc="240,130,250,-40,250,-40,250,-40" /><INIT seed="0,1,0,1,4,1" ten="370,210,210,210" oya="0" hai0="117,74,93,13,30,2,28,91,47,106,40,16,95" hai1="128,80,37,124,114,48,87,39,62,115,130,110,60" hai2="111,56,51,34,103,31,42,101,58,65,92,44,67" hai3="17,82,98,32,88,41,3,129,75,70,22,24,90"/><T45/><D106/><U125/><E87/><V64/><F111/><W57/><G70/><T18/><D74/><U25/><E25/><V9/><F34/><W122/><G122/><T133/><D2/><U105/><E105/><V69/><F69/><W63/><G3/><T14/><D117/><U53/><E80/><V118/><F118/><W59/><G129/><N who="1" m="49770" /><E110/><V121/><F121/><W134/><G32/><T97/><D133/><U131/><N who="1" m="49778" /><U77/><DORA hai="109" /><E77/><V76/><F31/><W11/><G134/><T33/><D33/><U38/><E60/><V132/><F76/><W35/><G35/><T36/><D45/><N who="1" m="27791" /><E62/><V72/><F72/><W8/><G75/><T19/><D93/><U96/><E96/><N who="2" m="59527" /><F103/><W73/><G73/><T12/><AGARI ba="1,0" hai="12,13,14,16,18,19,28,30,36,40,47,91,95,97" machi="12" ten="30,3000,0" yaku="0,1,54,1" doraHai="1,109" who="0" fromWho="0" sc="370,33,210,-11,210,-11,210,-11" /><INIT seed="0,2,0,3,5,12" ten="403,199,199,199" oya="0" hai0="56,123,42,100,132,6,72,23,119,10,84,28,130" hai1="117,52,82,90,8,79,9,33,85,44,60,76,111" hai2="114,96,65,57,74,51,0,116,45,77,122,94,43" hai3="24,95,47,108,69,134,124,78,129,62,3,30,103"/><T16/><D123/><U127/><E117/><V80/><F0/><W18/><G3/><T46/><D119/><U25/><E111/><V131/><F116/><W20/><G108/><T41/><D72/><U4/><E127/><V128/><F122/><W71/><G124/><T88/><D132/><U19/><E33/><V37/><F114/><W49/><G134/><T1/><D100/><U87/><E4/><V86/><F74/><W22/><G78/><N who="1" m="29738" /><E87/><V21/><F21/><W61/><G71/><T27/><D130/><U70/><E70/><V29/><F29/><W63/><G69/><T97/><D97/><U104/><E104/><V66/><F37/><W93/><G103/><T105/><D105/><U92/><E92/><V40/><F40/><W32/><G129/><N who="2" m="49737" /><F57/><W133/><G133/><T81/><D56/><N who="1" m="34823" /><E44/><V121/><F121/><W2/><G2/><T83/><D83/><U39/><E39/><V135/><F135/><W55/><REACH who="3" step="1"/><G32/><REACH who="3" ten="403,199,199,189" step="2"/><T126/><D126/><U75/><E75/><V54/><F43/><W98/><G98/><T53/><D42/><U91/><E90/><AGARI ba="2,1" hai="45,51,54,65,66,77,80,86,90,94,96" m="49737" machi="90" ten="30,1000,0" yaku="19,1" doraHai="12" who="2" fromWho="1" sc="403,0,199,-16,199,26,189,0" /><INIT seed="1,0,0,4,3,47" ten="403,183,225,189" oya="1" hai0="18,72,93,69,112,43,27,79,96,2,82,68,29" hai1="26,31,57,59,3,52,128,67,122,15,94,49,124" hai2="45,21,105,95,129,107,24,37,123,58,12,101,55" hai3="54,28,91,44,106,115,40,135,89,6,7,132,50"/><U11/><E122/><V98/><F129/><W23/><G106/><T97/><D2/><U121/><E128/><V126/><F123/><W83/><G115/><T5/><D112/><U100/><E121/><V30/><F126/><W39/><G6/><T125/><D5/><U56/><E124/><V74/><F74/><W114/><G7/><T85/><D125/><U14/><E3/><V46/><F37/><W134/><G114/><T75/><D18/><U84/><E67/><V131/><F131/><W108/><G108/><T110/><D110/><U76/><E100/><V22/><F107/><W38/><G38/><T104/><D43/><U87/><E76/><V99/><F12/><W0/><G83/><T10/><D10/><U130/><E130/><V41/><F22/><W33/><G33/><T16/><D16/><N who="1" m="8287" /><E15/><V103/><F41/><W63/><G63/><AGARI ba="0,0" hai="21,24,30,45,46,55,58,63,95,98,99,101,103,105" machi="63" ten="30,1000,0" yaku="7,1" doraHai="47" who="2" fromWho="3" sc="403,0,183,0,225,10,189,-10" /><INIT seed="2,0,0,2,5,85" ten="403,183,235,179" oya="2" hai0="73,109,21,14,20,75,80,11,40,6,86,56,17" hai1="101,131,83,63,132,32,37,129,36,69,96,67,107" hai2="31,10,119,25,60,22,66,61,112,82,108,90,59" hai3="15,23,50,28,9,135,24,114,79,43,2,92,117"/><V93/><F112/><W16/><G117/><T58/><D109/><U121/><E132/><V47/><F108/><W120/><G135/><T29/><D40/><U124/><E124/><V4/><F82/><W1/><G114/><T5/><D73/><U65/><E65/><V39/><F39/><N who="1" m="14921" /><E121/><V53/><F119/><W78/><G120/><T27/><D75/><U45/><E45/><V52/><F47/><W133/><G133/><T38/><D38/><U111/><E111/><V62/><F53/><W110/><G110/><T123/><D123/><U122/><E122/><V70/><F70/><W33/><G2/><T55/><D55/><U49/><E49/><V57/><F62/><W12/><G12/><N who="0" m="9255" /><D5/><U71/><E83/><V126/><F126/><W26/><G1/><T105/><D105/><U98/><E96/><N who="2" m="57399" /><F4/><W88/><G43/><T19/><D6/><U104/><E104/><V72/><F72/><W113/><G50/><T106/><D106/><U94/><E94/><V64/><F64/><W13/><G113/><T34/><D34/><U35/><E71/><V128/><F128/><AGARI ba="0,0" hai="32,35,63,67,69,98,101,107,128,129,131" m="14921" machi="128" ten="30,2000,0" yaku="19,1,23,1" doraHai="85" who="1" fromWho="2" sc="403,0,183,20,235,-20,179,0" /><INIT seed="3,0,0,5,4,29" ten="403,203,215,179" oya="3" hai0="116,33,132,13,61,50,75,68,47,35,36,63,96" hai1="20,106,0,71,99,92,111,89,77,82,19,78,119" hai2="120,37,130,46,60,42,103,4,12,27,83,34,101" hai3="5,9,23,11,30,65,90,45,98,84,88,91,25"/><W80/><G65/><T105/><D116/><U38/><E119/><V17/><F130/><W131/><G131/><T22/><D132/><U40/><E111/><V54/><F120/><W51/><G98/><T102/><D75/><U112/><E112/><V18/><F83/><W31/><G30/><T94/><D36/><U26/><E71/><V100/><F34/><W76/><REACH who="3" step="1"/><G5/><REACH who="3" ten="403,203,215,169" step="2"/><T79/><D96/><U57/><E106/><V113/><F4/><W43/><AGARI ba="0,1" hai="9,11,23,25,31,43,45,51,76,80,84,88,90,91" machi="43" ten="30,12000,1" yaku="1,1,2,1,0,1,8,1,54,1,53,0" doraHai="29" doraHaiUra="48" who="3" fromWho="3" sc="403,-40,203,-40,215,-40,169,130" /><INIT seed="3,1,0,4,3,35" ten="363,163,175,299" oya="3" hai0="125,54,102,45,110,39,134,30,23,8,108,60,22" hai1="4,32,19,56,0,73,34,5,64,11,98,44,48" hai2="67,25,65,10,33,1,130,107,82,24,93,79,121" hai3="124,115,17,122,80,38,95,128,16,100,7,74,84"/><W103/><G122/><T90/><D134/><U135/><E135/><V123/><F107/><W9/><G115/><T29/><D125/><U88/><E73/><N who="2" m="43375" /><F93/><W131/><G38/><T55/><D102/><N who="3" m="38953" /><G74/><T63/><D90/><U69/><E69/><V111/><F111/><N who="0" m="42538" /><D39/><U78/><E78/><V40/><F40/><W15/><G95/><T66/><D8/><U43/><E5/><N who="2" m="1327" /><F130/><N who="3" m="49707" /><G124/><T41/><D41/><U77/><E77/><AGARI ba="1,0" hai="7,9,15,16,17,77,80,84" m="49707,38953" machi="77" ten="30,2900,0" yaku="19,1,54,1" doraHai="35" who="3" fromWho="1" sc="363,0,163,-32,175,0,299,32" /><INIT seed="3,2,0,5,1,16" ten="363,131,175,331" oya="3" hai0="3,58,101,55,10,56,7,51,104,53,126,77,89" hai1="47,42,81,70,130,26,73,13,95,21,99,113,24" hai2="31,61,14,85,86,90,120,65,75,25,23,37,97" hai3="45,28,103,46,121,134,60,78,129,132,6,1,66"/><W102/><G78/><T69/><D126/><U67/><E113/><V68/><F37/><W87/><G87/><T100/><D69/><U18/><E130/><V125/><F75/><W52/><G129/><T43/><D43/><U133/><E133/><N who="3" m="51306" /><G28/><T79/><D89/><U74/><E67/><V135/><F125/><W116/><G116/><T48/><D104/><U109/><E70/><V57/><F120/><W106/><G121/><T122/><D122/><U94/><E94/><N who="2" m="56535" /><F68/><N who="3" m="42055" /><G45/><T20/><D20/><U29/><E109/><V9/><F135/><W115/><G106/><T110/><D110/><U83/><E74/><V54/><F65/><W117/><G117/><T44/><D44/><U40/><E73/><V32/><F32/><W34/><G34/><T92/><D101/><U111/><E111/><V123/><F123/><W38/><G38/><T72/><D72/><U112/><E112/><V2/><F2/><W118/><G118/><T33/><D33/><U4/><E83/><V63/><F63/><W35/><G35/><T88/><D100/><U76/><E81/><V12/><F12/><W108/><G115/><T50/><D50/><U36/><E76/><V128/><F128/><W80/><G80/><T82/><D82/><U30/><E42/><V98/><F98/><AGARI ba="2,0" hai="3,7,10,48,51,53,55,56,58,77,79,88,92,98" machi="98" ten="30,3900,0" yaku="7,1,9,1,54,1" doraHai="16" who="0" fromWho="2" sc="363,45,131,0,175,-45,331,0" owari="408,50.8,131,-26.9,130,-37.0,331,13.1" /></mjloggm>