<mjloggm ver="2.3"><GO type="225" lobby="0"/><UN n0="%EF%BC%AE%EF%BC%A1%EF%BC%AF%33%33%39" n1="%E3%83%96%E3%83%83%E3%83%91%E3%82%AA%E3%83%96%E3%83%81%E3%82%AD%E3%83%B3" n2="%E9%A6%AC%E5%BC%95%E7%81%AB%33" n3="%E5%91%A8%E6%9D%B1" dan="16,16,17,17" rate="2124.90,2228.36,2180.79,2173.66" sx="M,M,M,M"/><TAIKYOKU oya="0"/><INIT seed="0,0,0,0,0,120" ten="250,250,250,250" oya="0" hai0="116,3,49,59,72,88,130,56,34,86,85,67,114" hai1="126,45,76,79,107,5,97,54,18,15,119,66,127" hai2="68,106,77,129,47,101,112,93,31,21,111,73,102" hai3="135,118,125,61,95,131,16,20,4,96,113,133,23"/><T63/><D72/><U11/><E119/><V78/><F112/><W7/><G113/><T128/><D3/><U13/><E66/><V42/><F68/><W37/><G118/><T108/><D34/><U90/><E54/><V100/><F106/><W64/><G37/><T50/><D114/><U65/><E65/><V2/><F2/><W22/><G125/><N who="1" m="47626" /><E45/><V70/><F70/><W10/><G131/><N who="0" m="50219" /><D116/><U30/><E30/><V58/><F129/><W41/><G41/><T17/><D86/><U57/><E57/><V99/><F58/><N who="3" m="36919" /><G135/><T28/><D28/><U6/><E6/><N who="3" m="2090" /><G133/><T109/><D17/><U117/><E117/><V55/><F55/><W103/><G10/><T12/><D12/><AGARI ba="0,0" hai="12,16,20,22,23,95,96,103" m="2090,36919" machi="12" ten="30,2000,0" yaku="8,1,54,1" doraHai="120" who="3" fromWho="0" sc="250,-20,250,0,250,0,250,20" /><INIT seed="1,0,0,4,5,100" ten="230,250,250,270" oya="1" hai0="106,117,64,4,112,23,62,39,69,84,81,34,43" hai1="22,129,21,28,85,110,59,98,124,107,10,8,93" hai2="35,68,32,26,40,52,16,134,99,48,130,72,42" hai3="102,65,119,24,133,30,82,36,55,92,29,41,95"/><U121/><E121/><V113/><F72/><W103/><G65/><T77/><D34/><U3/><E124/><V90/><F68/><W53/><G41/><T44/><D112/><U73/><E73/><V14/><F113/><W122/><G36/><T0/><D117/><U56/><E3/><V116/><F116/><W83/><G24/><T11/><REACH who="0" step="1"/><D23/><REACH who="0" ten="220,250,250,270" step="2"/><U33/><E33/><V96/><F32/><W70/><G119/><T57/><D57/><U9/><E59/><N who="2" m="33159" /><F35/><W71/><REACH who="3" step="1"/><G133/><REACH who="3" ten="220,250,250,260" step="2"/><T131/><D131/><U25/><E129/><V5/><F134/><W66/><G66/><T104/><AGARI ba="0,2" hai="0,4,11,39,43,44,62,64,69,77,81,84,104,106" machi="104" ten="30,8000,1" yaku="1,1,0,1,52,2,53,1" doraHai="100" doraHaiUra="75" who="0" fromWho="0" sc="220,100,250,-40,250,-20,260,-20" /><INIT seed="2,0,0,3,5,31" ten="320,210,230,240" oya="2" hai0="13,96,47,127,131,98,97,70,75,135,63,78,61" hai1="41,60,19,16,76,2,106,118,15,51,54,50,58" hai2="66,40,35,68,73,65,59,55,82,112,34,87,132" hai3="93,48,23,89,84,57,33,83,99,27,14,22,90"/><V80/><F112/><W67/><G14/><T128/><D70/><U62/><E118/><V120/><F120/><W92/><G33/><T9/><D47/><N who="1" m="25967" /><E106/><V114/><F114/><W125/><G125/><T86/><D75/><U18/><E2/><V12/><F40/><W39/><G39/><T119/><D127/><U77/><E15/><V24/><F132/><W38/><G38/><T36/><D36/><U29/><E29/><V88/><F12/><W117/><G117/><T7/><D119/><U109/><E109/><V71/><F24/><W134/><G134/><T44/><D44/><N who="1" m="28007" /><E62/><V124/><F124/><W110/><G110/><T79/><D135/><U5/><E5/><V43/><F43/><W126/><G126/><T103/><D103/><U46/><E46/><V72/><F55/><AGARI ba="0,0" hai="16,18,19,55,58,60,76,77" m="28007,25967" machi="55" ten="30,2000,0" yaku="8,1,54,1" doraHai="31" who="1" fromWho="2" sc="320,0,210,20,230,-20,240,0" /><INIT seed="3,0,0,3,5,62" ten="320,230,210,240" oya="3" hai0="102,122,16,48,53,77,61,32,45,100,18,65,91" hai1="56,117,132,121,94,134,0,12,109,135,43,119,96" hai2="79,95,13,99,20,58,133,89,78,44,6,28,93" hai3="41,130,46,125,10,40,113,33,34,36,120,26,38"/><W73/><G120/><T82/><D32/><U8/><E121/><V71/><F133/><N who="1" m="34049" /><U86/><DORA hai="7" /><E109/><V52/><F71/><W107/><G113/><T42/><D91/><N who="1" m="53623" /><E43/><V103/><F44/><W105/><G125/><T15/><D42/><U111/><E111/><V9/><F20/><W5/><G73/><T66/><D122/><U84/><E84/><N who="2" m="52391" /><F28/><N who="3" m="19607" /><G34/><T114/><D114/><U4/><E96/><V14/><F14/><W68/><G68/><T24/><D24/><U55/><E0/><V88/><F103/><W57/><G57/><T22/><D18/><U30/><E30/><V74/><F74/><W118/><G118/><T87/><D66/><U25/><E25/><V21/><F21/><W101/><G101/><T29/><D29/><U76/><E76/><V23/><F23/><W85/><G85/><T63/><D63/><AGARI ba="0,0" hai="4,8,12,55,56,63,117,119" m="53623,34049" machi="63" ten="40,2600,0" yaku="20,1,52,1" doraHai="62,7" who="1" fromWho="0" sc="320,-26,230,26,210,0,240,0" /><AGARI ba="0,0" hai="6,9,13,52,58,63,78,79,88,95,99" m="52391" machi="63" ten="30,7700,0" yaku="8,1,52,1,54,2" doraHai="62,7" who="2" fromWho="0" sc="294,-77,256,0,210,77,240,0" /><INIT seed="4,0,0,5,2,62" ten="217,256,287,240" oya="0" hai0="93,103,97,134,4,23,112,74,61,76,110,80,12" hai1="53,119,101,25,68,48,15,116,42,89,19,85,75" hai2="73,90,126,81,63,1,91,43,70,27,54,83,127" hai3="122,8,60,37,121,16,39,86,117,128,77,115,14"/><T17/><D112/><U20/><E75/><V79/><F1/><W3/><G115/><T11/><D134/><U95/><E68/><V125/><F43/><W129/><G3/><T47/><D110/><U72/><E72/><V100/><F100/><W57/><G117/><T133/><D133/><U34/><E42/><V107/><F107/><W58/><G86/><T40/><D61/><U31/><REACH who="1" step="1"/><E101/><REACH who="1" ten="217,246,287,240" step="2"/><V35/><F73/><W109/><G109/><T26/><D40/><U10/><E10/><V52/><F70/><W118/><G118/><T94/><REACH who="0" step="1"/><D47/><AGARI ba="0,1" hai="15,19,20,25,31,34,47,48,53,85,89,95,116,119" machi="47" ten="30,3900,0" yaku="1,1,7,1,53,1" doraHai="62" doraHaiUra="22" who="1" fromWho="0" sc="217,-39,246,49,287,0,240,0" /><INIT seed="5,0,0,4,3,81" ten="178,295,287,240" oya="1" hai0="106,67,128,99,130,13,15,113,16,116,43,127,18" hai1="95,105,3,120,70,45,10,68,61,8,55,1,91" hai2="49,111,19,66,117,53,40,72,57,86,122,22,104" hai3="26,90,5,83,126,6,47,89,133,14,59,94,32"/><U79/><E120/><V108/><F117/><W38/><G133/><T85/><D116/><U73/><E105/><V54/><F122/><W135/><G135/><T101/><D43/><U131/><E131/><N who="0" m="50217" /><D67/><U107/><E107/><V12/><F72/><W7/><G126/><T134/><D134/><U76/><E73/><V20/><F104/><W100/><G38/><T27/><D127/><U29/><E29/><V41/><F66/><W112/><G47/><T75/><D75/><U123/><E123/><V132/><F132/><W69/><G69/><T115/><D27/><U46/><E91/><V121/><F121/><W74/><G26/><T124/><D124/><U4/><E95/><V21/><F54/><W103/><G74/><T78/><D15/><U88/><E88/><V36/><F86/><N who="3" m="50399" /><G32/><T52/><D52/><U114/><E55/><V37/><F37/><W110/><G110/><T42/><D42/><U80/><E61/><V58/><F58/><W119/><G59/><T0/><D0/><U77/><E3/><V65/><F65/><W98/><G119/><T109/><D109/><U125/><E125/><V118/><F118/><W97/><G97/><T82/><D13/><U84/><E70/><V33/><F33/><W31/><G31/><T50/><D50/><U11/><E68/><V48/><F36/><W44/><G44/><T30/><D30/><U34/><E46/><N who="2" m="25671" /><F41/><W25/><G25/><T102/><D102/><N who="3" m="38953" /><G14/><T2/><D2/><U35/><E45/><V17/><F12/><W60/><G60/><T96/><D96/><U64/><E1/><V92/><F92/><RYUUKYOKU ba="0,0" sc="178,10,295,-30,287,10,240,10" hai0="16,18,78,82,85,99,101,106,113,115" hai2="17,19,20,21,22,49,53,57,108,111" hai3="5,6,7,90,94,98,112" /><INIT seed="6,1,0,0,4,67" ten="188,265,297,250" oya="2" hai0="50,72,135,24,109,56,132,127,85,75,46,52,106" hai1="78,104,53,48,110,107,0,37,25,17,89,2,134" hai2="84,31,129,74,79,62,45,13,68,121,63,16,5" hai3="49,39,27,123,69,55,43,124,66,120,1,128,119"/><V23/><F121/><N who="3" m="46667" /><G1/><T38/><D106/><U21/><E110/><V105/><F74/><W94/><G94/><T82/><D109/><U6/><E37/><V33/><F105/><W112/><G27/><T7/><D7/><U131/><E131/><V125/><F129/><W59/><G128/><T97/><D97/><U116/><E116/><V19/><F5/><W76/><G76/><T18/><D127/><U130/><E130/><V15/><F125/><W34/><G34/><T77/><D38/><U115/><E78/><V90/><F79/><W102/><G102/><T99/><D99/><U88/><E115/><V118/><F118/><W4/><G4/><T80/><D80/><U60/><E134/><N who="0" m="51241" /><D46/><U47/><E107/><V65/><F31/><W28/><G28/><T71/><D71/><U26/><E104/><V61/><F33/><W11/><G124/><T117/><D117/><U44/><E6/><V10/><F45/><N who="3" m="23807" /><G11/><T12/><D24/><U92/><E26/><V70/><F70/><W32/><G32/><T103/><D103/><U40/><E89/><V41/><F41/><W9/><G9/><AGARI ba="1,0" hai="9,12,18,50,52,56,72,75,77,82,85" m="51241" machi="9" ten="30,2000,0" yaku="20,1,54,1" doraHai="67" who="0" fromWho="3" sc="188,23,265,0,297,0,250,-23" /><INIT seed="7,0,0,2,0,26" ten="211,265,297,227" oya="3" hai0="19,35,86,7,18,122,1,107,53,45,13,28,42" hai1="133,63,112,135,24,72,68,66,98,12,50,52,8" hai2="102,94,74,15,97,105,104,69,89,120,2,114,11" hai3="96,119,46,103,82,17,132,9,125,44,34,48,113"/><W123/><G119/><T126/><D107/><U51/><E72/><V6/><F69/><W118/><G118/><T27/><D122/><U61/><E112/><V80/><F114/><W115/><G123/><T62/><D126/><U76/><E76/><V55/><F120/><W70/><G125/><T101/><D101/><U84/><E84/><N who="2" m="52519" /><F55/><W121/><G121/><T111/><D111/><U37/><E37/><V65/><F65/><W25/><G70/><T81/><D1/><U88/><E24/><V75/><F105/><W4/><G132/><N who="1" m="50762" /><E63/><V106/><F106/><W73/><G73/><T95/><D95/><N who="1" m="56679" /><E52/><V90/><F90/><W54/><G115/><T64/><D53/><U47/><E47/><V91/><F91/><W39/><G113/><T22/><D62/><U85/><E85/><V60/><F60/><W131/><G44/><T110/><D64/><U32/><E32/><V99/><F99/><W67/><G67/><T130/><D130/><U108/><E108/><V40/><F40/><W127/><G131/><T16/><D110/><U71/><E71/><V134/><F134/><W79/><G127/><T36/><REACH who="0" step="1"/><D7/><AGARI ba="0,0" hai="7,8,12,50,51,61,66,68" m="56679,50762" machi="7" ten="30,2000,0" yaku="20,1,54,1" doraHai="26" who="1" fromWho="0" sc="211,-20,265,20,297,0,227,0" owari="191,-30.9,285,8.5,297,39.7,227,-17.3" /></mjloggm>