<mjloggm ver="2.3"><GO type="225" lobby="0"/><UN n0="%E3%81%95%E3%81%8D%E3%81%9F%E3%81%BE%E6%9E%97%E6%AA%8E" n1="%E3%83%96%E3%83%83%E3%83%91%E3%82%AA%E3%83%96%E3%83%81%E3%82%AD%E3%83%B3" n2="%E9%A6%AC%E5%BC%95%E7%81%AB%33" n3="%E3%83%81%E3%83%83%E3%82%BF%E3%82%BD%E3%83%BC" dan="16,16,16,16" rate="2093.42,2199.50,2109.89,2174.19" sx="M,M,M,F"/><TAIKYOKU oya="0"/><INIT seed="0,0,0,4,3,36" ten="250,250,250,250" oya="0" hai0="89,20,106,134,8,121,4,108,37,90,115,11,78" hai1="102,113,52,6,79,57,126,120,95,3,44,127,39" hai2="109,45,116,17,15,5,93,118,75,62,48,77,70" hai3="128,94,110,50,117,23,85,65,112,55,81,35,133"/><T25/><D115/><U56/><E120/><V9/><F109/><W7/><G112/><T130/><D121/><U18/><E113/><V123/><F123/><W33/><G117/><N who="2" m="45161" /><F93/><W68/><G110/><T59/><D108/><U91/><E79/><V122/><F122/><W67/><G94/><T31/><D106/><U51/><E102/><V60/><F70/><W38/><G38/><T99/><D134/><U76/><E76/><V42/><F17/><W64/><G68/><T129/><D37/><U46/><E18/><V82/><AGARI ba="0,0" hai="5,9,15,42,45,48,60,62,75,77,82" m="45161" machi="82" ten="30,2000,0" yaku="12,1,52,1" doraHai="36" who="2" fromWho="2" sc="250,-10,250,-5,250,20,250,-5" /><INIT seed="1,0,0,2,3,18" ten="240,245,270,245" oya="1" hai0="116,66,95,87,68,105,57,98,96,125,56,132,101" hai1="76,11,59,4,10,22,39,40,129,7,86,27,78" hai2="64,5,37,83,28,31,99,93,88,42,91,97,46" hai3="131,9,53,54,16,14,12,32,104,62,2,38,29"/><U123/><E123/><V60/><F5/><N who="1" m="2121" /><E39/><V43/><F43/><W84/><G2/><T33/><D33/><U19/><E129/><V48/><F37/><W115/><G131/><T79/><D116/><U3/><E3/><V122/><F122/><W23/><G115/><T24/><D68/><U109/><E40/><V113/><F113/><W8/><G104/><T67/><D125/><U102/><E109/><V126/><F126/><W15/><G38/><T0/><D0/><U55/><E102/><V26/><F26/><N who="3" m="16607" /><G32/><T61/><D132/><U119/><E119/><V121/><F121/><W41/><G41/><T30/><D79/><N who="1" m="30251" /><E86/><V77/><F97/><W110/><G110/><T72/><D87/><U106/><E106/><V127/><F91/><W124/><G124/><T134/><D72/><U49/><AGARI ba="0,0" hai="10,11,19,22,27,49,55,59" m="30251,2121" machi="49" ten="30,3000,0" yaku="8,1,52,1" doraHai="18" who="1" fromWho="1" sc="240,-10,245,30,270,-10,245,-10" /><INIT seed="1,1,0,0,4,68" ten="230,275,260,235" oya="1" hai0="111,16,10,38,97,63,87,61,120,18,41,77,130" hai1="47,44,32,39,92,129,23,25,14,96,84,106,1" hai2="29,81,53,69,0,82,102,124,66,75,8,76,98" hai3="49,105,108,73,103,21,100,62,60,48,67,110,104"/><U109/><E1/><V45/><F124/><W12/><G12/><T121/><D111/><U115/><E115/><V101/><F29/><W6/><G21/><T19/><D130/><U24/><E129/><V71/><F66/><W78/><G67/><T132/><D132/><U3/><E3/><V65/><F65/><W30/><G78/><T37/><D41/><U94/><E106/><V28/><F28/><W4/><REACH who="3" step="1"/><G30/><REACH who="3" ten="230,275,260,225" step="2"/><T2/><D2/><U43/><E14/><V112/><F76/><W93/><G93/><T88/><D10/><U50/><E109/><V31/><F31/><W72/><AGARI ba="1,1" hai="4,6,48,49,60,62,72,73,100,103,104,105,108,110" machi="72" ten="25,6400,0" yaku="1,1,0,1,22,2,53,0" doraHai="68" doraHaiUra="36" who="3" fromWho="3" sc="230,-17,275,-33,260,-17,225,77" /><INIT seed="2,0,0,1,0,20" ten="213,242,243,302" oya="2" hai0="8,96,47,89,66,107,14,67,11,135,21,32,35" hai1="84,111,7,2,13,113,31,59,112,34,48,130,42" hai2="92,1,60,54,45,88,91,69,108,24,125,95,3" hai3="4,122,85,118,37,0,50,27,98,46,110,87,126"/><V56/><F125/><W114/><G27/><T23/><D135/><U81/><E111/><V100/><F69/><W106/><G118/><T71/><D71/><U82/><E130/><V12/><F108/><W70/><G70/><T131/><D131/><U77/><E2/><V93/><F100/><W132/><G50/><T52/><D107/><U38/><E38/><V101/><F101/><W109/><G126/><T119/><D119/><U80/><E113/><V15/><F1/><W116/><G116/><T68/><D68/><U83/><E112/><V79/><F79/><W63/><G63/><T97/><D89/><N who="2" m="34378" /><F3/><W44/><G0/><T57/><D47/><N who="1" m="25719" /><E34/><V128/><F128/><W40/><G37/><T26/><D35/><U103/><E103/><V94/><N who="2" m="23552" /><DORA hai="104" /><V90/><N who="2" m="34386" /><V17/><DORA hai="61" /><F45/><W51/><G46/><T39/><D39/><U133/><E133/><V123/><F123/><W86/><G122/><T22/><D32/><U124/><E124/><V29/><F29/><W36/><G114/><T62/><D26/><U30/><E59/><V58/><F58/><W10/><G132/><T16/><D11/><AGARI ba="0,0" hai="7,11,13,30,31,77,80,81,82,83,84" m="25719" machi="11" ten="30,2000,0" yaku="25,1,8,1" doraHai="20,104,61" who="1" fromWho="0" sc="213,-20,242,20,243,0,302,0" /><INIT seed="3,0,0,3,2,32" ten="193,262,243,302" oya="3" hai0="109,64,103,73,91,31,79,72,61,77,113,45,54" hai1="87,99,6,135,78,118,53,11,89,96,121,20,105" hai2="18,124,23,39,47,75,97,62,10,104,35,115,63" hai3="60,15,122,28,24,3,110,120,57,66,69,42,82"/><W81/><G3/><T88/><D109/><U100/><E121/><V117/><F115/><W129/><G110/><T114/><D31/><U85/><E118/><V19/><F35/><W123/><G129/><T106/><D106/><U49/><E135/><V48/><F75/><N who="0" m="28746" /><D103/><U131/><E131/><V65/><F39/><W9/><G42/><T80/><D45/><N who="1" m="27823" /><E105/><V8/><F104/><W55/><G69/><T130/><D130/><U44/><E100/><V12/><F97/><N who="1" m="37449" /><E78/><N who="0" m="29705" /><D54/><U59/><E44/><V4/><F10/><W40/><G55/><T21/><D21/><U36/><E36/><V92/><F92/><W134/><G40/><T71/><D80/><U128/><E128/><V43/><F18/><W93/><G93/><T112/><AGARI ba="0,0" hai="61,64,71,88,91,112,113,114" m="29705,28746" machi="112" ten="40,2700,0" yaku="11,1,54,1" doraHai="32" who="0" fromWho="0" sc="193,27,262,-7,243,-7,302,-13" /><INIT seed="4,0,0,0,0,123" ten="220,255,236,289" oya="0" hai0="69,104,134,66,74,36,48,83,0,99,96,1,24" hai1="64,78,53,115,56,3,62,63,133,77,82,94,16" hai2="116,29,4,54,117,125,10,15,9,37,135,51,114" hai3="87,67,17,93,42,91,50,128,85,18,124,23,110"/><T73/><D36/><U61/><E133/><V90/><F114/><W89/><G110/><T52/><D134/><U68/><E115/><V22/><F125/><W101/><G128/><T79/><D74/><U57/><E3/><V14/><F37/><W28/><G124/><T118/><D118/><N who="2" m="45674" /><F135/><W21/><G101/><T41/><D41/><U127/><E127/><V46/><F90/><W60/><G28/><T19/><D69/><U65/><E82/><V5/><F22/><W122/><G122/><T113/><D113/><U105/><E105/><V33/><F29/><W107/><G107/><T12/><D66/><U76/><E94/><V11/><F11/><W20/><G50/><T121/><D121/><U27/><E78/><V97/><F97/><W2/><G2/><T25/><D0/><U45/><E45/><V40/><F33/><W43/><G42/><AGARI ba="0,0" hai="4,5,9,10,14,15,40,42,46,51,54" m="45674" machi="42" ten="30,1000,0" yaku="12,1" doraHai="123" who="2" fromWho="3" sc="220,0,255,0,236,10,289,-10" /><INIT seed="5,0,0,4,4,133" ten="220,255,246,279" oya="1" hai0="4,78,21,14,47,76,55,5,11,93,3,19,119" hai1="33,30,57,109,9,42,122,18,108,54,52,129,100" hai2="63,6,120,132,77,49,70,60,87,112,17,34,104" hai3="121,71,107,1,131,35,61,67,64,135,24,25,31"/><U45/><E122/><V53/><F104/><W115/><G121/><T82/><D119/><U2/><E100/><V13/><F34/><W46/><G135/><T68/><D68/><U23/><E129/><V124/><F120/><W111/><G111/><N who="1" m="42570" /><E57/><V40/><F132/><W32/><G131/><T102/><D5/><N who="1" m="1207" /><E30/><V16/><F6/><W39/><G115/><T128/><D128/><U62/><E62/><V90/><F63/><W84/><G84/><T105/><D105/><U123/><E33/><V118/><F60/><W74/><G107/><T80/><D80/><U10/><E10/><V37/><F70/><W85/><G64/><T8/><D8/><U41/><E123/><V101/><F101/><W36/><G46/><T110/><D110/><U97/><E97/><V29/><F29/><W88/><G1/><T83/><D83/><U81/><E81/><V89/><F118/><W126/><G32/><T96/><D82/><U73/><E73/><V65/><F65/><W127/><G74/><T103/><D103/><U27/><E42/><V125/><F40/><W58/><G71/><T20/><D20/><U48/><AGARI ba="0,0" hai="18,23,27,41,45,48,52,54" m="1207,42570" machi="48" ten="30,3000,0" yaku="10,1,54,1" doraHai="133" who="1" fromWho="1" sc="220,-10,255,30,246,-10,279,-10" /><INIT seed="5,1,0,2,2,23" ten="210,285,236,269" oya="1" hai0="21,37,77,80,52,63,85,41,103,82,2,131,108" hai1="30,110,6,117,127,72,44,53,31,57,71,50,17" hai2="62,38,4,78,91,123,112,58,34,105,40,113,18" hai3="68,97,45,5,118,83,11,7,35,65,24,88,32"/><U101/><E117/><V122/><F105/><W25/><G118/><T114/><D108/><U100/><E71/><V70/><F70/><W135/><G135/><T102/><D2/><U90/><E72/><V120/><F34/><W104/><G45/><T16/><D114/><N who="2" m="44138" /><F4/><W9/><G68/><T55/><D131/><U126/><E6/><V94/><F78/><W125/><G125/><N who="1" m="47626" /><E110/><V128/><F128/><W0/><G65/><T39/><D39/><U75/><E75/><V13/><F40/><W19/><G19/><T119/><D119/><U69/><E90/><V14/><F38/><W51/><G51/><T61/><D41/><N who="1" m="24847" /><E17/><V28/><F18/><W73/><G32/><T56/><D37/><U92/><E69/><V81/><F123/><W129/><G129/><T47/><D82/><U134/><E134/><V10/><F81/><W33/><G35/><T121/><D121/><U79/><E79/><V74/><F91/><W115/><G115/><T20/><D20/><U8/><E8/><V22/><F10/><W67/><G33/><T124/><D124/><U93/><E101/><V111/><F74/><W3/><G104/><T15/><REACH who="0" step="1"/><D47/><REACH who="0" ten="200,285,236,269" step="2"/><U98/><E93/><V36/><F94/><W43/><G83/><T96/><D96/><U29/><E29/><V48/><F28/><W86/><G97/><T46/><D46/><U133/><E133/><V64/><F122/><W89/><G3/><T76/><D76/><U109/><E109/><V84/><F111/><W12/><G0/><T60/><D60/><AGARI ba="1,1" hai="30,31,53,57,60,92,98,100" m="24847,47626" machi="60" ten="30,1500,0" yaku="18,1" doraHai="23" who="1" fromWho="0" sc="200,-18,285,28,236,0,269,0" owari="182,-31.8,313,41.3,236,-16.4,269,6.9" /></mjloggm>