<mjloggm ver="2.3"><GO type="225" lobby="0"/><UN n0="%43%68%65" n1="%E6%98%93%E5%88%A9%E8%96%A9%E4%BC%AF" n2="%E3%81%90%E3%81%A1%E3%82%84%E3%81%BE" n3="%73%61%6B%6F%EF%BC%A0%E6%9C%80" dan="16,17,16,17" rate="2098.35,2187.71,2104.31,2184.78" sx="M,F,M,M"/><TAIKYOKU oya="0"/><INIT seed="0,0,0,2,3,101" ten="250,250,250,250" oya="0" hai0="119,67,125,57,95,77,54,33,91,115,105,102,38" hai1="34,106,69,73,7,96,9,83,55,79,104,31,78" hai2="60,99,61,4,13,35,121,111,112,49,51,14,30" hai3="85,52,94,129,65,12,64,56,103,98,16,23,15"/><T0/><D115/><U37/><E55/><V62/><F121/><W71/><G129/><T122/><D122/><U120/><E120/><V92/><F112/><W89/><G71/><T128/><D119/><U127/><E96/><V110/><F35/><W45/><G45/><T82/><D0/><N who="1" m="231" /><E127/><V88/><F30/><W109/><G15/><N who="2" m="5641" /><F4/><W135/><G109/><AGARI ba="0,0" hai="49,51,60,61,62,88,92,99,109,110,111" m="5641" machi="109" ten="30,2000,0" yaku="14,1,54,1" doraHai="101" who="2" fromWho="3" sc="250,0,250,0,250,20,250,-20" /><INIT seed="1,0,0,4,4,74" ten="250,250,270,230" oya="1" hai0="93,123,23,50,47,62,86,118,102,120,41,135,17" hai1="94,132,79,32,105,59,51,67,42,111,82,48,16" hai2="92,107,7,68,44,117,89,56,134,27,95,126,9" hai3="129,58,127,70,98,130,116,122,31,100,103,88,49"/><U61/><E105/><V12/><F68/><W63/><G122/><N who="0" m="46635" /><D118/><U72/><E32/><V30/><F117/><W18/><G116/><T109/><D109/><U87/><E132/><V24/><F107/><W36/><G36/><T113/><D135/><U10/><E42/><V3/><F134/><W8/><G31/><T77/><D113/><U11/><E11/><V1/><F126/><W25/><G127/><T99/><D62/><U35/><E35/><V90/><F44/><W115/><G49/><T85/><D77/><U101/><E111/><V20/><F56/><W91/><G70/><T65/><D65/><U121/><E121/><V69/><F69/><W22/><G8/><T45/><D45/><U80/><E80/><V2/><F27/><AGARI ba="0,0" hai="17,23,27,41,47,50,85,86,93,99,102" m="46635" machi="27" ten="30,1000,0" yaku="13,1" doraHai="74" who="0" fromWho="2" sc="250,10,250,0,270,-10,230,0" /><INIT seed="2,0,0,0,1,37" ten="260,250,260,230" oya="2" hai0="58,104,19,132,42,49,56,3,119,116,32,65,114" hai1="1,110,63,36,61,29,101,9,16,94,70,11,20" hai2="86,55,90,115,85,34,62,72,2,89,73,95,8" hai3="60,64,53,133,69,15,22,83,99,17,92,117,23"/><V7/><F115/><W13/><G133/><T66/><D114/><U118/><E118/><N who="0" m="45097" /><D104/><U40/><E29/><V126/><F34/><W43/><G117/><T80/><D32/><U41/><E36/><V35/><F35/><W68/><G83/><T24/><D3/><U123/><E110/><V125/><F62/><N who="1" m="23561" /><E1/><V122/><F55/><W77/><G77/><T6/><D6/><U28/><E28/><V106/><F106/><W100/><G53/><T30/><D30/><U71/><E71/><V46/><F46/><W88/><G69/><T87/><D132/><U12/><E123/><V52/><F52/><W47/><G100/><T120/><D120/><U48/><E48/><V10/><F10/><N who="1" m="3593" /><E70/><V109/><F122/><W134/><G134/><T113/><D113/><U38/><E38/><V14/><F2/><W96/><G23/><N who="0" m="13439" /><D66/><U98/><AGARI ba="0,0" hai="12,16,20,40,41,94,98,101" m="3593,23561" machi="98" ten="30,7900,0" yaku="8,1,52,2,54,1" doraHai="37" who="1" fromWho="1" sc="260,-20,250,79,260,-39,230,-20" /><INIT seed="3,0,0,4,2,44" ten="240,329,221,210" oya="3" hai0="75,1,64,62,57,72,106,98,81,66,95,105,113" hai1="127,5,54,32,87,20,12,24,128,28,89,58,133" hai2="21,132,108,48,59,102,125,104,69,49,7,22,111" hai3="39,114,34,10,17,73,61,71,103,131,120,65,78"/><W46/><G120/><T53/><D1/><U45/><E128/><V30/><F69/><W33/><G114/><T134/><D113/><U135/><E45/><V119/><F119/><W82/><G131/><T23/><D134/><N who="1" m="51211" /><E127/><V110/><F132/><W6/><G17/><T126/><D126/><U109/><E5/><V25/><F125/><W117/><G103/><T83/><D75/><U99/><E99/><N who="2" m="61535" /><F7/><W26/><G26/><T11/><D11/><U85/><E109/><V52/><F22/><W41/><REACH who="3" step="1"/><G117/><REACH who="3" ten="240,329,221,200" step="2"/><T43/><D105/><U36/><E24/><V3/><F3/><AGARI ba="0,1" hai="3,6,10,33,34,39,41,46,61,65,71,73,78,82" machi="3" ten="30,24000,3" yaku="1,1,2,1,7,1,25,2,33,3,53,0" doraHai="44" doraHaiUra="121" who="3" fromWho="2" sc="240,0,329,0,221,-240,200,250" owari="240,-16.0,329,12.9,-19,-51.9,450,55.0" /></mjloggm>