<mjloggm ver="2.3"><GO type="225" lobby="0"/><UN n0="%72%65%6E%6B%75%6E" n1="%E3%81%B0%E3%81%94%E3%83%BC%E3%82%93" n2="%E3%81%8B%E3%82%8F%E3%81%A1%E3%82%83%E3%82%93%35%38" n3="%E3%81%BF%E3%81%BF%E3%81%9A" dan="17,16,16,17" rate="2212.51,2052.35,2163.68,2165.40" sx="M,M,M,M"/><TAIKYOKU oya="0"/><INIT seed="0,0,0,5,3,133" ten="250,250,250,250" oya="0" hai0="107,125,115,10,108,78,17,62,65,19,20,91,119" hai1="30,43,35,118,64,82,113,90,45,53,41,85,135" hai2="9,130,72,7,49,56,2,98,60,63,102,66,129" hai3="116,103,33,105,1,46,32,6,23,22,16,112,54"/><T75/><D115/><U88/><E118/><V71/><F72/><W70/><G112/><T36/><D119/><U92/><E113/><V101/><F49/><W55/><G116/><T42/><D107/><U100/><E135/><V69/><F101/><W34/><G70/><T5/><D108/><U67/><E100/><V81/><F81/><W83/><G23/><T28/><D28/><U40/><E35/><V47/><F47/><W25/><G83/><T110/><D110/><U94/><E30/><V31/><F31/><W37/><G37/><T27/><D75/><U38/><E82/><V44/><F44/><W11/><REACH who="3" step="1"/><G46/><REACH who="3" ten="250,250,250,240" step="2"/><T4/><D36/><U48/><REACH who="1" step="1"/><E38/><REACH who="1" ten="250,240,250,240" step="2"/><V104/><REACH who="2" step="1"/><F71/><REACH who="2" ten="250,240,240,240" step="2"/><W68/><G68/><T13/><D78/><U8/><E8/><V84/><F84/><AGARI ba="0,3" hai="40,41,43,45,48,53,64,67,84,85,88,90,92,94" machi="84" ten="40,8000,1" yaku="1,1,9,1,8,1,54,1,53,1" doraHai="133" doraHaiUra="51" who="1" fromWho="2" sc="250,0,240,110,240,-80,240,0" /><INIT seed="1,0,0,4,3,98" ten="250,350,160,240" oya="1" hai0="124,38,79,8,45,35,91,26,59,46,94,27,100" hai1="13,108,37,58,68,20,93,113,12,56,29,1,54" hai2="18,134,84,15,112,92,125,120,4,119,111,117,5" hai3="44,47,0,71,9,127,123,64,31,107,96,83,10"/><U23/><E113/><V70/><F70/><W81/><G123/><T33/><D124/><U16/><E68/><V50/><F50/><W131/><G31/><T40/><D79/><U78/><E1/><V53/><F53/><W80/><G127/><T114/><D114/><U89/><E37/><V41/><F41/><W99/><G131/><T110/><D110/><U129/><E129/><V60/><F60/><W61/><G99/><T121/><D121/><U103/><E108/><V55/><F55/><W87/><G87/><T118/><D118/><N who="2" m="45066" /><F92/><W7/><REACH who="3" step="1"/><G10/><REACH who="3" ten="250,350,160,230" step="2"/><T109/><D8/><U30/><E78/><V106/><F84/><W95/><G95/><T102/><D94/><U43/><E93/><V67/><F125/><W3/><G3/><T65/><D109/><U90/><E90/><V11/><F111/><W76/><G76/><T104/><D91/><U32/><E89/><V86/><F86/><W101/><AGARI ba="0,1" hai="0,7,9,44,47,61,64,71,80,81,83,96,101,107" machi="101" ten="30,4000,0" yaku="1,1,0,1,52,1,53,0" doraHai="98" doraHaiUra="28" who="3" fromWho="3" sc="250,-10,350,-20,160,-10,230,50" /><INIT seed="2,0,0,0,3,21" ten="240,330,150,280" oya="2" hai0="97,133,39,34,3,104,86,100,84,54,7,70,73" hai1="40,85,17,120,119,107,38,66,113,83,105,127,49" hai2="75,87,69,22,111,32,123,9,110,30,43,131,51" hai3="11,0,98,57,112,91,41,130,10,13,55,56,25"/><V28/><F75/><W6/><G130/><T50/><D73/><U74/><E74/><V116/><F69/><W118/><G118/><T29/><D39/><U82/><E38/><V47/><F116/><W36/><G112/><T60/><D133/><U44/><E127/><V52/><F123/><W99/><G57/><T2/><D7/><U42/><E119/><V61/><F32/><W94/><G36/><T62/><D2/><U16/><E113/><V106/><F106/><W64/><G41/><T4/><D4/><U31/><E31/><V23/><F131/><W14/><G64/><N who="0" m="41223" /><D62/><U5/><E5/><V108/><F9/><W46/><G46/><N who="0" m="27991" /><D3/><U24/><E24/><AGARI ba="0,0" hai="24,29,34,84,86,97,100,104" m="27991,41223" machi="24" ten="30,2000,0" yaku="25,1,52,1" doraHai="21" who="0" fromWho="1" sc="240,20,330,-20,150,0,280,0" /><INIT seed="3,0,0,2,3,74" ten="260,310,150,280" oya="3" hai0="108,31,73,121,80,48,23,60,129,40,96,87,102" hai1="67,110,86,1,44,54,52,63,116,104,117,90,65" hai2="109,33,30,19,111,56,45,57,55,92,32,103,61" hai3="68,41,95,0,50,22,113,82,46,5,66,134,78"/><W35/><G35/><T28/><D121/><U85/><E110/><V135/><F135/><W18/><G113/><T75/><D108/><U16/><E1/><V14/><F111/><W29/><G134/><T51/><D129/><U114/><E114/><V100/><F109/><W93/><G29/><T98/><D60/><U94/><E104/><V131/><F131/><W21/><G21/><T81/><D23/><U132/><E132/><V58/><F32/><W53/><G66/><T38/><D87/><N who="1" m="52575" /><E16/><V133/><F133/><W34/><G68/><T25/><D102/><U105/><E105/><V76/><F30/><W69/><G69/><T43/><REACH who="0" step="1"/><D25/><REACH who="0" ten="250,310,150,280" step="2"/><U49/><E67/><V125/><F33/><W128/><G34/><T6/><D6/><U17/><E117/><V8/><F125/><W27/><G128/><T36/><AGARI ba="0,1" hai="28,31,36,38,40,43,48,51,73,75,80,81,96,98" machi="36" ten="25,6400,0" yaku="1,1,0,1,22,2,53,0" doraHai="74" doraHaiUra="97" who="0" fromWho="0" sc="250,74,310,-16,150,-16,280,-32" owari="324,42.4,294,9.4,134,-36.6,248,-15.2" /></mjloggm>