<mjloggm ver="2.3"><GO type="225" lobby="0"/><UN n0="%E6%98%93%E5%88%A9%E8%96%A9%E4%BC%AF" n1="%E5%A4%8F%E9%88%B4%E9%88%B4%E5%A4%8F" n2="%E6%81%A5%E6%99%92%E3%81%97" n3="%E7%9A%AE%E3%80%85" dan="17,16,17,16" rate="2179.24,2131.06,2202.99,2113.73" sx="F,F,M,F"/><TAIKYOKU oya="0"/><INIT seed="0,0,0,2,3,86" ten="250,250,250,250" oya="0" hai0="61,49,84,128,41,47,124,119,52,73,33,100,80" hai1="134,78,72,68,13,53,42,17,120,116,90,22,1" hai2="123,96,57,23,92,69,59,21,74,93,54,104,50" hai3="20,6,131,91,99,87,29,65,45,3,117,64,110"/><T56/><D124/><U129/><E53/><V85/><F123/><W48/><G117/><T32/><D119/><U109/><E42/><V5/><F74/><W31/><G110/><T102/><D73/><U98/><E22/><N who="2" m="8203" /><F104/><W12/><G131/><T115/><D115/><U106/><E17/><V121/><F69/><W30/><G3/><T18/><D128/><U63/><E13/><V62/><F5/><W27/><G99/><T76/><REACH who="0" step="1"/><D18/><REACH who="0" ten="240,250,250,250" step="2"/><U125/><E72/><V35/><F121/><W70/><G6/><T127/><D127/><U108/><E120/><V133/><F133/><W2/><G70/><T16/><D16/><U94/><E68/><V58/><F35/><AGARI ba="0,1" hai="32,33,35,41,47,49,52,56,61,76,80,84,100,102" machi="35" ten="40,3900,0" yaku="1,1,54,1,53,0" doraHai="86" doraHaiUra="14" who="0" fromWho="2" sc="240,49,250,0,250,-39,250,0" /><INIT seed="0,1,0,1,5,7" ten="289,250,211,250" oya="0" hai0="33,25,46,83,32,126,84,98,87,39,68,19,76" hai1="66,0,129,20,65,35,4,97,116,80,106,62,105" hai2="38,15,134,14,69,82,11,12,120,115,86,60,44" hai3="122,90,43,50,58,96,117,17,85,37,61,24,128"/><T21/><D68/><U64/><E116/><V42/><F120/><W118/><G128/><T52/><D126/><U104/><E129/><V77/><F134/><W73/><G73/><T79/><D39/><U54/><E35/><V113/><F113/><W9/><G122/><T45/><D98/><U22/><E80/><V121/><F121/><W70/><G96/><T89/><D79/><U47/><E97/><V5/><REACH who="2" step="1"/><F115/><REACH who="2" ten="289,250,201,250" step="2"/><W111/><G118/><T99/><D99/><U110/><E110/><V30/><F30/><W18/><G111/><T53/><D33/><U36/><E36/><V10/><F10/><W114/><G117/><T95/><REACH who="0" step="1"/><D32/><REACH who="0" ten="279,250,201,250" step="2"/><U75/><E105/><V34/><F34/><W74/><G114/><T13/><D13/><U123/><E106/><V48/><F48/><W124/><G50/><T71/><D71/><U51/><E104/><V100/><F100/><W112/><G112/><T101/><D101/><U16/><E51/><V132/><F132/><W133/><G133/><T88/><D88/><U108/><E123/><V27/><F27/><W56/><G24/><T135/><D135/><U81/><E108/><V119/><F119/><W6/><G90/><T41/><D41/><U55/><E0/><V59/><F59/><W23/><G56/><T67/><D67/><AGARI ba="1,2" hai="5,11,12,14,15,38,42,44,60,67,69,77,82,86" machi="67" ten="40,2600,0" yaku="1,1,52,1,53,0" doraHai="7" doraHaiUra="130" who="2" fromWho="0" sc="279,-29,250,0,201,49,250,0" /><INIT seed="1,0,0,3,1,15" ten="250,250,250,250" oya="1" hai0="119,71,16,85,106,24,98,118,126,39,84,82,7" hai1="52,44,4,65,97,27,21,127,40,123,55,134,11" hai2="50,6,63,51,68,95,131,19,133,9,135,69,34" hai3="108,111,89,41,93,101,83,48,87,105,32,17,36"/><U79/><E123/><V0/><F34/><W76/><G32/><T60/><D39/><U33/><E134/><N who="2" m="51211" /><F131/><W80/><G48/><N who="2" m="18473" /><F63/><W72/><G17/><T92/><D106/><U77/><E127/><V96/><F19/><W75/><G41/><T122/><D7/><U53/><E33/><V81/><F81/><W121/><G36/><T3/><D3/><U45/><E65/><V49/><N who="2" m="18481" /><V10/><DORA hai="132" /><F10/><W90/><G121/><T120/><D126/><U78/><E97/><V74/><F74/><W62/><G62/><T20/><D122/><U38/><E45/><V110/><F110/><W54/><G54/><T86/><D82/><U56/><E56/><V13/><F0/><W73/><G108/><T94/><D120/><U26/><REACH who="1" step="1"/><E21/><REACH who="1" ten="250,240,250,250" step="2"/><V117/><F117/><W116/><G116/><T114/><D98/><U14/><AGARI ba="0,1" hai="4,11,14,26,27,38,40,44,52,53,55,77,78,79" machi="14" ten="30,18000,2" yaku="1,1,2,1,0,1,54,1,53,2" doraHai="15,132" doraHaiUra="42,1" who="1" fromWho="1" sc="250,-60,240,190,250,-60,250,-60" /><INIT seed="1,1,0,0,3,29" ten="190,430,190,190" oya="1" hai0="135,33,37,107,27,88,45,68,51,83,62,71,98" hai1="117,19,70,92,13,103,106,39,21,38,126,119,7" hai2="5,100,30,90,69,111,75,25,95,42,52,56,115" hai3="34,28,35,118,0,110,78,124,14,54,15,101,74"/><U53/><E70/><V46/><F75/><W22/><G0/><T91/><D37/><U55/><E106/><V131/><F111/><W58/><G110/><T72/><D135/><U11/><E126/><V1/><F69/><W63/><G124/><T60/><D72/><U116/><E39/><V105/><F131/><W26/><G101/><N who="0" m="62903" /><D62/><U89/><E103/><V61/><F115/><W44/><G118/><T6/><D6/><U96/><REACH who="1" step="1"/><E38/><REACH who="1" ten="190,420,190,190" step="2"/><V104/><F100/><W66/><G74/><T17/><D71/><U120/><E120/><V79/><F104/><W132/><G132/><T128/><D68/><U12/><AGARI ba="1,1" hai="7,11,12,13,19,21,53,55,89,92,96,116,117,119" machi="12" ten="30,3000,0" yaku="1,1,0,1,53,0" doraHai="29" doraHaiUra="134" who="1" fromWho="1" sc="190,-11,420,43,190,-11,190,-11" /><INIT seed="1,2,0,4,0,80" ten="179,463,179,179" oya="1" hai0="22,133,123,30,114,77,57,34,21,25,14,69,48" hai1="91,111,60,54,95,119,47,62,38,106,75,79,20" hai2="85,32,36,103,67,109,94,11,122,28,102,83,42" hai3="117,46,43,55,37,3,8,53,59,134,78,86,87"/><U81/><E119/><V108/><F122/><W63/><G117/><T68/><D114/><U127/><E127/><V45/><F67/><W64/><G134/><T120/><D133/><U104/><E111/><N who="2" m="42571" /><F94/><W88/><G78/><T56/><D77/><U73/><E73/><V105/><F105/><W110/><G110/><T66/><D34/><U93/><E93/><V96/><F96/><W74/><G74/><T113/><D113/><U132/><E132/><V35/><F11/><W61/><G88/><T49/><D14/><U101/><E20/><V40/><F42/><W116/><G116/><T4/><D4/><U118/><E118/><V98/><F98/><W1/><G55/><T10/><D10/><U27/><E27/><N who="2" m="18463" /><F35/><W100/><G100/><T89/><D25/><U52/><E106/><V129/><F129/><W19/><G19/><T50/><D66/><U121/><E101/><V5/><F5/><W7/><REACH who="3" step="1"/><G3/><REACH who="3" ten="179,463,179,169" step="2"/><T9/><D30/><U51/><E54/><V128/><F128/><W26/><G26/><T82/><D120/><U58/><E121/><V24/><F24/><W71/><AGARI ba="2,1" hai="1,7,8,37,43,46,53,59,61,63,64,71,86,87" machi="71" ten="20,12000,2" yaku="1,1,0,1,7,1,52,2,53,1" doraHai="80" doraHaiUra="65" who="3" fromWho="3" sc="179,-32,463,-62,179,-32,169,136" /><INIT seed="2,0,0,0,2,55" ten="147,401,147,305" oya="2" hai0="99,28,83,65,2,89,131,95,58,117,34,84,37" hai1="85,109,11,93,44,0,22,97,8,15,50,102,9" hai2="42,59,101,115,90,71,49,20,43,91,62,27,106" hai3="100,6,54,124,107,21,45,77,35,46,5,48,16"/><V14/><F115/><W40/><G35/><T127/><D37/><U25/><E109/><V114/><F114/><W63/><G77/><T19/><D2/><U24/><E0/><V87/><F71/><W41/><G124/><T76/><D131/><U133/><E133/><V92/><F49/><N who="3" m="26799" /><G100/><T56/><D127/><U121/><E121/><V29/><F106/><W80/><G80/><T78/><D117/><U126/><E126/><V103/><F91/><W36/><G36/><T47/><D34/><U123/><E123/><V68/><F68/><W108/><G108/><T13/><D28/><U135/><E135/><V18/><F101/><W1/><G1/><T128/><D128/><U64/><E64/><V111/><F103/><W98/><G98/><T4/><D4/><U67/><E85/><V23/><REACH who="2" step="1"/><F111/><REACH who="2" ten="147,401,137,305" step="2"/><W72/><G107/><T31/><D78/><U26/><E50/><V17/><F17/><W104/><G104/><T81/><D31/><U132/><E132/><V96/><F96/><W33/><G16/><T86/><D47/><U60/><E44/><V7/><F7/><W88/><G5/><T52/><D99/><U119/><E119/><V105/><F105/><W79/><G6/><T53/><D95/><U110/><E110/><V69/><F69/><W82/><G48/><T32/><D89/><U73/><E93/><V38/><F38/><W74/><G88/><T51/><D51/><U30/><E97/><V122/><F122/><W10/><G46/><T116/><D76/><U12/><E102/><V120/><F120/><W66/><G79/><T3/><D19/><RYUUKYOKU ba="0,1" sc="147,-10,401,-10,137,30,305,-10" hai2="14,18,20,23,27,29,42,43,59,62,87,90,92" /><INIT seed="2,1,1,3,2,22" ten="137,391,167,295" oya="2" hai0="96,127,78,63,124,73,101,69,81,66,45,110,62" hai1="126,35,67,76,87,15,90,131,55,28,102,132,83" hai2="129,19,60,12,39,94,115,88,123,5,43,46,128" hai3="9,112,40,125,99,34,23,44,93,33,59,47,27"/><V24/><F115/><W4/><G125/><T7/><D110/><U42/><E126/><V57/><F123/><W14/><G59/><T104/><D45/><U97/><E131/><N who="2" m="50251" /><F5/><W50/><G47/><T95/><D63/><U68/><E132/><V16/><F12/><W75/><G75/><T82/><D95/><U41/><E55/><N who="2" m="33855" /><F24/><W133/><G133/><T32/><D82/><U25/><E15/><V1/><F1/><W116/><G116/><T31/><D7/><U26/><E25/><AGARI ba="1,1" hai="25,31,32,62,66,69,73,78,81,96,101,104,124,127" machi="25" ten="40,8000,1" yaku="25,2,23,2,52,1" doraHai="22" who="0" fromWho="1" sc="137,93,391,-83,167,0,295,0" /><INIT seed="3,0,0,1,1,128" ten="230,308,167,295" oya="3" hai0="95,45,30,60,59,113,14,64,7,125,20,135,29" hai1="69,1,97,38,4,33,50,120,117,16,63,104,114" hai2="11,112,132,42,123,131,57,56,105,37,52,35,54" hai3="12,13,66,116,115,2,73,85,110,76,65,43,67"/><W78/><G115/><T49/><D113/><U127/><RYUUKYOKU type="yao9" ba="0,0" sc="230,0,308,0,167,0,295,0" hai1="1,4,16,33,38,50,63,69,97,104,114,117,120,127" /><INIT seed="3,1,0,0,2,69" ten="230,308,167,295" oya="3" hai0="128,121,72,77,27,105,107,42,47,18,110,65,118" hai1="91,85,26,63,54,16,25,23,99,93,109,127,13" hai2="8,7,88,66,78,35,117,119,15,90,74,20,44" hai3="124,133,80,76,120,111,102,97,131,114,46,41,95"/><W32/><G32/><T28/><D118/><U81/><E109/><V39/><F35/><W83/><G114/><T37/><D121/><U123/><E127/><V57/><F20/><W89/><G120/><T49/><D128/><U3/><E3/><N who="2" m="127" /><F57/><W84/><G111/><T70/><D18/><U9/><E123/><V116/><F66/><W43/><G131/><T51/><D51/><U60/><E54/><V79/><F79/><W67/><G124/><T56/><D110/><U11/><E26/><V94/><F94/><W64/><G133/><T113/><D113/><U2/><E2/><V1/><F15/><W75/><G43/><T40/><D40/><U58/><E58/><V4/><F4/><W45/><G45/><T61/><D49/><AGARI ba="1,0" hai="41,46,49,64,67,75,76,80,83,84,89,95,97,102" machi="49" ten="30,1500,0" yaku="7,1" doraHai="69" who="3" fromWho="0" sc="230,-18,308,0,167,0,295,18" owari="212,-18.8,308,10.8,167,-33.3,313,41.3" /></mjloggm>