<mjloggm ver="2.3"><GO type="225" lobby="0"/><UN n0="%E3%83%96%E3%83%83%E3%83%91%E3%82%AA%E3%83%96%E3%83%81%E3%82%AD%E3%83%B3" n1="%40%77%61%6B%61" n2="%E7%99%BD%E5%80%89%E5%AF%9B%E4%B9%8B" n3="%E5%8D%A0%E3%81%84%E5%B8%AB%E8%A3%8F%E3%81%AA%E3%81%84%E3%81%97" dan="16,16,16,17" rate="2127.18,2095.37,2130.42,2207.09" sx="M,M,M,M"/><TAIKYOKU oya="0"/><INIT seed="0,0,0,2,4,82" ten="250,250,250,250" oya="0" hai0="102,58,33,26,73,103,126,65,67,121,36,80,118" hai1="100,94,72,32,132,57,34,89,70,116,88,111,4" hai2="124,25,50,130,66,104,16,28,11,91,59,9,56" hai3="21,53,128,48,74,10,99,71,105,44,7,95,117"/><T114/><D114/><U83/><E70/><V86/><F104/><W43/><G117/><T133/><D118/><U98/><E116/><V18/><F124/><W106/><G74/><T24/><D121/><U1/><E132/><V135/><F130/><W77/><G71/><T131/><D36/><U54/><E4/><V134/><F66/><W115/><G115/><T108/><D126/><U84/><E1/><V31/><F50/><W55/><G77/><T96/><D131/><U87/><E72/><V22/><F59/><W113/><G113/><T123/><D123/><U8/><E8/><N who="2" m="3147" /><F56/><W119/><G119/><T15/><D133/><N who="2" m="50698" /><F31/><W49/><G128/><T109/><D58/><U81/><REACH who="1" step="1"/><E111/><REACH who="1" ten="250,240,250,250" step="2"/><V63/><F63/><AGARI ba="0,1" hai="32,34,54,57,63,81,83,84,87,88,89,94,98,100" machi="63" ten="30,12000,2" yaku="1,1,2,1,7,1,9,1,52,2,54,1,53,0" doraHai="82" doraHaiUra="68" who="1" fromWho="2" sc="250,0,240,130,250,-120,250,0" /><INIT seed="1,0,0,0,4,100" ten="250,370,130,250" oya="1" hai0="91,45,41,111,40,18,53,122,28,87,12,86,85" hai1="73,5,42,33,32,124,35,118,24,114,3,106,96" hai2="83,50,13,52,27,58,57,26,36,6,126,10,16" hai3="104,71,69,11,39,81,76,119,77,47,63,123,98"/><U131/><E73/><V29/><F36/><W34/><G123/><T31/><D111/><U55/><E114/><V15/><F126/><W95/><G34/><T88/><D122/><U110/><E118/><V93/><F29/><N who="0" m="11338" /><D53/><U107/><E55/><V127/><F127/><W43/><G77/><T115/><D115/><U56/><E56/><V60/><F83/><W1/><G119/><T25/><D25/><U132/><E124/><V130/><F130/><W37/><G37/><T90/><D45/><U21/><E131/><V99/><F58/><W120/><G120/><T67/><D67/><U102/><E42/><V30/><F30/><W101/><G95/><T44/><D44/><U46/><E46/><V22/><REACH who="2" step="1"/><F60/><REACH who="2" ten="250,370,120,250" step="2"/><W68/><G63/><T66/><D66/><U80/><E132/><V14/><F14/><W7/><G69/><T61/><D61/><U74/><E110/><V129/><F129/><W20/><G20/><AGARI ba="0,1" hai="12,18,20,40,41,85,86,87,88,90,91" m="11338" machi="20" ten="30,2000,0" yaku="8,1,54,1" doraHai="100" who="0" fromWho="3" sc="250,30,370,0,120,0,250,-20" /><INIT seed="2,0,0,1,1,99" ten="280,370,120,230" oya="2" hai0="72,100,18,39,80,2,121,40,103,95,105,134,88" hai1="109,0,113,59,102,34,27,70,17,10,13,21,118" hai2="45,89,124,71,90,38,119,43,11,106,85,117,133" hai3="30,4,46,110,15,74,92,69,126,107,127,75,5"/><V123/><F71/><W125/><G107/><T104/><D2/><U78/><E113/><V66/><F66/><W48/><G69/><T41/><D18/><U122/><E122/><V31/><F123/><W24/><G110/><T12/><D12/><U14/><E118/><V28/><F106/><N who="0" m="41066" /><D41/><U55/><E70/><V58/><F124/><W97/><G15/><T128/><D40/><U1/><E78/><V29/><F133/><W132/><G132/><T87/><D39/><U116/><E116/><V81/><F58/><W7/><G48/><T86/><D134/><U50/><E109/><V120/><F120/><W35/><REACH who="3" step="1"/><G46/><REACH who="3" ten="280,370,120,220" step="2"/><T37/><D121/><U135/><E13/><V22/><F11/><W64/><G64/><T36/><D36/><U16/><E135/><V53/><F53/><W9/><G9/><T19/><D37/><U3/><E34/><V44/><F44/><W76/><G76/><N who="0" m="44039" /><D128/><U25/><E27/><V65/><F65/><W82/><G82/><N who="0" m="49239" /><D19/><U60/><E50/><V32/><F32/><W61/><G61/><T84/><D95/><U101/><AGARI ba="0,1" hai="0,1,3,10,14,16,17,21,25,55,59,60,101,102" machi="101" ten="40,8000,1" yaku="0,1,52,2,54,1" doraHai="99" who="1" fromWho="1" sc="280,-20,370,90,120,-40,220,-20" /><INIT seed="3,0,0,2,3,44" ten="260,460,80,200" oya="3" hai0="97,8,133,72,88,65,32,55,127,93,37,76,53" hai1="2,7,82,125,121,14,23,5,83,113,122,111,66" hai2="106,104,34,26,117,47,87,124,69,27,17,71,98" hai3="85,4,130,0,61,11,74,108,90,57,30,46,29"/><W86/><G74/><T59/><D37/><U123/><E23/><V107/><F117/><W54/><G130/><T67/><D32/><U6/><E14/><V134/><F134/><W16/><G108/><T35/><D35/><U96/><E111/><V95/><F124/><W45/><G86/><T116/><D116/><U52/><E113/><V70/><F34/><W131/><G131/><T58/><D133/><U78/><E125/><V118/><F118/><W92/><G45/><T19/><D127/><U79/><E66/><N who="0" m="25097" /><D76/><U49/><E2/><V99/><F47/><W73/><G73/><T20/><D8/><U3/><E96/><V51/><F87/><W64/><G16/><T12/><D72/><U15/><E15/><V128/><F128/><W1/><G1/><T18/><D18/><U21/><E21/><V42/><F17/><W81/><G81/><T89/><D89/><U25/><E25/><V75/><F75/><W62/><G46/><T105/><D105/><U63/><E63/><V24/><F42/><W41/><G41/><T109/><D109/><U56/><E3/><V9/><F9/><W38/><G38/><T110/><D110/><U28/><E28/><V36/><F36/><W101/><G101/><T48/><D59/><AGARI ba="0,0" hai="0,4,11,29,30,54,57,59,61,62,64,85,90,92" machi="59" ten="30,1500,0" yaku="7,1" doraHai="44" who="3" fromWho="0" sc="260,-15,460,0,80,0,200,15" /><INIT seed="3,1,0,1,2,26" ten="245,460,80,215" oya="3" hai0="113,114,89,45,11,109,10,88,75,51,128,3,98" hai1="28,53,21,132,87,133,59,60,110,117,57,35,5" hai2="58,54,94,22,4,77,69,115,104,82,76,41,64" hai3="36,71,99,84,46,12,23,49,1,20,108,130,39"/><W95/><G1/><T63/><D75/><U102/><E117/><V123/><F104/><W50/><G71/><T62/><D109/><U0/><E110/><V91/><F115/><N who="0" m="44042" /><D128/><U19/><E102/><V125/><F125/><W24/><G108/><T83/><D83/><U67/><E87/><V103/><F123/><W66/><G66/><T65/><D98/><U13/><E5/><V56/><F69/><W93/><G130/><T25/><D25/><U134/><E0/><V68/><F68/><W78/><G12/><T43/><D63/><U8/><E35/><V48/><F4/><W7/><G84/><T47/><D47/><U120/><E120/><V122/><F122/><W37/><G78/><T15/><D3/><U29/><E8/><N who="0" m="3113" /><D15/><U40/><E40/><V107/><F41/><W16/><G46/><T6/><D6/><U30/><E57/><AGARI ba="1,0" hai="43,45,51,57,62,65,88,89" m="3113,44042" machi="57" ten="30,2000,0" yaku="11,1,54,1" doraHai="26" who="0" fromWho="1" sc="245,23,460,-23,80,0,215,0" owari="268,6.8,437,53.7,80,-42.0,215,-18.5" /></mjloggm>