<mjloggm ver="2.3"><GO type="225" lobby="0"/><UN n0="%E5%B6%BA%E4%B8%8A%E5%92%B2" n1="%E6%81%A5%E6%99%92%E3%81%97" n2="%4C%4F%4C%49%54%41" n3="%E3%83%96%E3%83%83%E3%83%91%E3%82%AA%E3%83%96%E3%83%81%E3%82%AD%E3%83%B3" dan="16,16,16,16" rate="2105.70,2072.62,2109.24,2207.65" sx="F,M,F,M"/><TAIKYOKU oya="0"/><INIT seed="0,0,0,5,3,26" ten="250,250,250,250" oya="0" hai0="54,8,101,20,121,86,39,126,7,5,70,94,25" hai1="22,29,111,37,19,72,52,124,125,78,24,74,17" hai2="43,85,130,47,55,103,66,105,128,119,28,106,99" hai3="84,102,14,131,2,83,110,51,40,107,60,58,35"/><T45/><D70/><U13/><E37/><V77/><F66/><W69/><G2/><T93/><D121/><U81/><E111/><V56/><F119/><W114/><G110/><T27/><D126/><N who="1" m="48747" /><E19/><V48/><F105/><W98/><G114/><T16/><D39/><U118/><E118/><V67/><F67/><W21/><G131/><T38/><D38/><U23/><E52/><V42/><F28/><W68/><G35/><T12/><D101/><U91/><E91/><V33/><F33/><W9/><G21/><N who="0" m="13479" /><D5/><U41/><E41/><V1/><F47/><W87/><G51/><N who="0" m="29039" /><D86/><AGARI ba="0,0" hai="13,17,22,23,24,29,72,74,78,81,86" m="48747" machi="86" ten="30,2000,0" yaku="18,1,52,1" doraHai="26" who="1" fromWho="0" sc="250,-20,250,20,250,0,250,0" /><INIT seed="1,0,0,3,5,96" ten="230,270,250,250" oya="1" hai0="61,86,89,30,120,111,65,135,130,25,110,121,90" hai1="98,56,102,48,15,133,9,131,124,62,42,106,114" hai2="47,11,91,36,51,60,101,14,33,72,104,23,128" hai3="54,17,103,7,69,125,10,63,49,46,26,76,66"/><U68/><E114/><V113/><F33/><W1/><G125/><T43/><D130/><U70/><E124/><V59/><F72/><W52/><G76/><T83/><D43/><U122/><E133/><V45/><F128/><W94/><G17/><T105/><D105/><U64/><E122/><N who="0" m="47209" /><D135/><U119/><E119/><V34/><F34/><W85/><G26/><T93/><D61/><U35/><E35/><V67/><F113/><W19/><G19/><T81/><D65/><U24/><E24/><V74/><F74/><W92/><G92/><N who="0" m="54327" /><D25/><U58/><E131/><V109/><F36/><W28/><G28/><T115/><D30/><U31/><E31/><V16/><F109/><N who="0" m="41482" /><D115/><U27/><E27/><V2/><F51/><W87/><REACH who="3" step="1"/><G54/><REACH who="3" ten="230,270,250,240" step="2"/><T29/><D29/><U82/><E106/><V123/><F104/><W55/><G55/><T38/><D38/><U112/><E112/><V129/><F123/><W118/><G118/><T21/><D21/><U79/><E9/><V107/><F129/><W12/><G12/><T22/><D22/><U18/><E15/><V39/><F39/><W99/><AGARI ba="0,1" hai="1,7,10,46,49,52,63,66,69,85,87,94,99,103" machi="99" ten="30,7900,0" yaku="1,1,0,1,52,1,54,1,53,0" doraHai="96" doraHaiUra="134" who="3" fromWho="3" sc="230,-20,270,-39,250,-20,240,89" /><INIT seed="2,0,0,2,1,64" ten="210,231,230,329" oya="2" hai0="48,56,91,20,36,126,27,98,10,38,100,37,65" hai1="81,80,63,67,23,62,5,50,43,78,18,40,58" hai2="121,114,11,15,127,22,113,73,13,41,96,34,59" hai3="70,108,97,116,42,135,120,104,17,103,9,77,107"/><V72/><F34/><W118/><G120/><T8/><D126/><U85/><E5/><V53/><F121/><W125/><G125/><T3/><D91/><U74/><E50/><V112/><F127/><W29/><G29/><T54/><D3/><U69/><E81/><V39/><F96/><W86/><G42/><T61/><D48/><U131/><E131/><V45/><F22/><W1/><G17/><T93/><REACH who="0" step="1"/><D54/><REACH who="0" ten="200,231,230,329" step="2"/><U33/><E78/><V105/><F105/><N who="3" m="63727" /><G1/><T14/><D14/><U133/><E62/><V55/><F13/><W99/><G77/><T66/><D66/><U106/><E63/><V2/><F2/><W83/><G107/><T47/><D47/><U35/><E106/><V71/><F55/><W52/><G104/><T122/><D122/><U134/><E67/><V12/><F15/><W49/><G52/><T30/><AGARI ba="0,1" hai="8,10,20,27,30,36,37,38,56,61,65,93,98,100" machi="30" ten="30,7900,0" yaku="1,1,0,1,25,2,53,0" doraHai="64" doraHaiUra="28" who="0" fromWho="0" sc="200,89,231,-20,230,-39,329,-20" /><INIT seed="3,0,0,4,0,49" ten="289,211,191,309" oya="3" hai0="125,76,78,23,14,123,47,87,60,103,94,119,27" hai1="84,99,121,130,37,44,53,118,46,101,104,9,72" hai2="90,82,48,115,42,92,111,107,100,132,116,73,68" hai3="97,7,128,32,54,36,133,35,1,19,22,69,66"/><W83/><G36/><T50/><D119/><U31/><E121/><V126/><F68/><W28/><G69/><T131/><D123/><U74/><E118/><V51/><F116/><W85/><G66/><T62/><D131/><U65/><E65/><V40/><F115/><W91/><G128/><T114/><D125/><U34/><E130/><V122/><F122/><W0/><G133/><T77/><D14/><U70/><E70/><V96/><F126/><W112/><G112/><T17/><D114/><U33/><E74/><V95/><F132/><W80/><G97/><N who="0" m="59831" /><D87/><U134/><E72/><V20/><F111/><W24/><G35/><T13/><D27/><U127/><E127/><V124/><F124/><W58/><G83/><T11/><D11/><U117/><E117/><V129/><F129/><W105/><G7/><T29/><D29/><U43/><E134/><V8/><F8/><W26/><G105/><T88/><D88/><U39/><E31/><V81/><F107/><W6/><G6/><T15/><D15/><U2/><E37/><V106/><F106/><W4/><G4/><T86/><D86/><U93/><E2/><V12/><F73/><W61/><AGARI ba="0,0" hai="0,1,19,22,24,26,28,32,54,58,61,80,85,91" machi="61" ten="20,3900,0" yaku="0,1,7,1,52,1" doraHai="49" who="3" fromWho="3" sc="289,-13,211,-13,191,-13,309,39" owari="276,7.6,198,-20.2,178,-32.2,348,44.8" /></mjloggm>