<mjloggm ver="2.3"><GO type="225" lobby="0"/><UN n0="%E6%9D%B1%E9%A2%A8%E3%81%AE%E3%81%8D%E3%82%83%E3%81%B7%E3%81%95%E3%82%93" n1="%E3%83%A9%E3%82%B9%E7%8E%87%EF%BC%93%E5%89%B2" n2="%E6%81%AC%E6%B7%A1%E5%AF%82%E5%AF%9E" n3="%E7%B4%94%E6%BD%94%E3%83%94%E3%83%A9%E3%83%8B%E3%82%A2" dan="16,17,16,17" rate="2184.76,2227.43,2140.24,2186.11" sx="M,F,F,M"/><TAIKYOKU oya="0"/><INIT seed="0,0,0,0,0,43" ten="250,250,250,250" oya="0" hai0="71,97,60,51,19,4,120,79,113,109,119,128,102" hai1="114,75,130,41,45,95,53,74,13,50,49,110,99" hai2="59,82,58,67,83,78,44,121,98,108,33,96,106" hai3="132,129,111,25,92,88,77,73,21,70,127,105,72"/><T126/><D119/><U64/><E110/><V134/><F33/><W26/><G111/><T47/><D120/><U42/><E130/><V94/><F121/><W117/><G129/><T6/><D113/><U1/><E1/><V28/><F28/><W35/><G70/><T48/><D128/><U40/><E114/><V115/><F115/><W80/><G105/><T62/><D109/><U63/><E13/><V116/><F134/><W27/><G117/><T125/><D51/><U31/><E31/><V23/><F106/><W85/><G132/><T131/><D19/><U112/><E50/><V37/><F108/><W2/><G2/><T90/><D90/><U61/><E61/><N who="0" m="23657" /><D79/><U56/><REACH who="1" step="1"/><E112/><REACH who="1" ten="250,240,250,250" step="2"/><V54/><F116/><W46/><G35/><T122/><D131/><U91/><AGARI ba="0,1" hai="40,41,42,45,49,53,56,63,64,74,75,91,95,99" machi="91" ten="30,7900,0" yaku="1,1,2,1,0,1,52,1,53,0" doraHai="43" doraHaiUra="24" who="1" fromWho="1" sc="250,-39,240,89,250,-20,250,-20" /><INIT seed="1,0,0,0,2,66" ten="211,329,230,230" oya="1" hai0="108,61,44,69,28,112,93,59,17,2,5,72,26" hai1="31,80,46,58,1,127,88,67,100,134,109,35,129" hai2="131,121,77,116,47,39,123,87,29,104,122,85,23" hai3="37,68,55,113,135,73,105,16,34,33,40,82,101"/><U89/><E1/><V103/><F116/><W76/><G113/><T0/><D72/><U7/><E7/><V12/><F131/><W10/><G135/><T83/><D112/><U57/><E100/><V65/><F65/><W64/><G55/><T75/><D108/><U62/><E129/><V119/><F119/><W41/><G41/><T42/><D93/><U86/><E134/><V79/><F39/><W54/><G54/><T125/><D17/><U118/><E118/><V20/><F47/><N who="3" m="23951" /><G10/><T60/><D125/><U130/><E127/><V98/><F29/><W6/><G6/><T18/><D18/><U50/><E109/><V53/><F53/><W132/><G16/><T111/><D111/><U49/><E130/><V70/><F12/><W9/><G9/><T107/><D107/><U81/><E58/><V3/><F3/><W4/><G4/><T14/><D14/><U27/><E46/><V133/><F133/><W78/><G78/><N who="0" m="44511" /><D5/><U102/><E102/><V15/><F15/><W48/><G48/><N who="0" m="26647" /><D26/><U106/><E106/><V24/><F24/><W30/><G30/><T45/><D28/><U124/><E124/><V74/><F20/><W114/><G114/><T96/><D45/><U22/><E35/><V126/><F23/><W21/><G21/><T63/><D96/><U38/><E38/><V91/><F126/><W99/><G132/><T110/><D110/><U94/><E81/><V52/><F52/><W117/><G117/><T95/><D95/><U19/><E31/><V56/><F56/><W43/><G43/><T25/><D59/><U84/><AGARI ba="0,0" hai="19,22,27,49,50,57,62,67,80,84,86,88,89,94" machi="84" ten="20,12000,1" yaku="5,1,0,1,7,1,8,1,54,1" doraHai="66" who="1" fromWho="1" sc="211,-40,329,120,230,-40,230,-40" /><INIT seed="1,1,0,5,5,14" ten="171,449,190,190" oya="1" hai0="10,122,82,28,8,3,107,85,118,102,79,99,52" hai1="91,63,47,131,90,5,113,115,4,75,114,130,106" hai2="95,112,33,13,101,65,73,32,68,9,39,25,46" hai3="108,29,37,70,36,38,21,16,24,51,53,49,87"/><U89/><E75/><V84/><F73/><W129/><G70/><T67/><D122/><U98/><E63/><V126/><F126/><W43/><G108/><T66/><D118/><U127/><E47/><V54/><F112/><W128/><G87/><T81/><D28/><U40/><E40/><V132/><F132/><W64/><G64/><T6/><D8/><U77/><E77/><V30/><F33/><W42/><G29/><T121/><D121/><U111/><E127/><V116/><F116/><W124/><G124/><T12/><D3/><U88/><E111/><V34/><F34/><W105/><G105/><T22/><D22/><U117/><E117/><V71/><F65/><W1/><G1/><T125/><D125/><U58/><E58/><V86/><F86/><W56/><REACH who="3" step="1"/><G51/><REACH who="3" ten="171,449,190,180" step="2"/><T23/><D82/><U17/><E106/><V2/><F2/><W78/><G78/><T15/><REACH who="0" step="1"/><D52/><REACH who="0" ten="161,449,190,180" step="2"/><U35/><E114/><V135/><F54/><W57/><G57/><T123/><D123/><U100/><E115/><V11/><F30/><W133/><G133/><T41/><D41/><AGARI ba="1,2" hai="16,21,24,36,37,38,41,42,43,49,53,56,128,129" machi="41" ten="50,6400,0" yaku="1,1,52,1,54,1,53,0" doraHai="14" doraHaiUra="92" who="3" fromWho="0" sc="161,-67,449,0,190,0,180,87" /><INIT seed="2,0,0,1,0,75" ten="94,449,190,267" oya="2" hai0="51,113,65,48,27,35,58,94,2,105,81,127,61" hai1="100,10,103,129,34,42,52,96,17,133,53,9,23" hai2="74,112,124,8,4,110,101,104,120,21,36,22,121" hai3="5,11,32,134,37,79,33,132,109,73,67,90,43"/><V85/><F74/><W118/><G90/><T102/><D113/><U117/><E129/><V106/><F36/><W31/><G67/><T12/><D127/><U126/><E133/><N who="3" m="51306" /><G31/><T71/><D2/><U41/><E117/><V66/><F112/><W15/><G109/><T20/><D81/><U16/><E34/><V108/><F66/><W18/><G18/><N who="1" m="7274" /><E23/><N who="2" m="8715" /><F124/><W130/><G130/><T54/><D12/><U95/><E103/><V7/><F101/><W77/><G73/><T38/><D38/><U59/><E126/><V47/><F85/><W55/><G55/><N who="1" m="21066" /><E59/><V89/><F89/><W26/><G118/><T13/><D13/><U50/><E50/><V57/><F57/><W125/><G125/><T40/><D94/><U49/><E49/><V97/><F8/><AGARI ba="0,0" hai="8,9,10,41,42,95,96,100" m="21066,7274" machi="8" ten="30,3900,0" yaku="8,1,54,2" doraHai="75" who="1" fromWho="2" sc="94,0,449,39,190,-39,267,0" /><INIT seed="3,0,0,1,1,44" ten="94,488,151,267" oya="3" hai0="110,112,1,78,24,7,57,131,118,100,61,18,11" hai1="29,106,52,54,32,69,33,48,66,76,128,0,111" hai2="77,67,42,5,25,90,34,108,134,37,51,120,85" hai3="109,113,114,107,133,82,123,121,81,86,127,73,15"/><W70/><G15/><T46/><D118/><U117/><E0/><V23/><F37/><W14/><G14/><T89/><D112/><U88/><E106/><V58/><F34/><W101/><G70/><T21/><D131/><U84/><E128/><V119/><F119/><W43/><G43/><T20/><D110/><U122/><E111/><V116/><F116/><W63/><G63/><T130/><D130/><U55/><E122/><V26/><F134/><W68/><G68/><T2/><D100/><U104/><E104/><V22/><F77/><W87/><G107/><T98/><D78/><U12/><E76/><V16/><F5/><W93/><G109/><T99/><D1/><U39/><E39/><V95/><F120/><W135/><G93/><T91/><D99/><U38/><E38/><V4/><F4/><W30/><G30/><T49/><D21/><U71/><E117/><V115/><F115/><W72/><G127/><T50/><D98/><U125/><E125/><V40/><F108/><W105/><G105/><T41/><REACH who="0" step="1"/><D49/><REACH who="0" ten="84,488,151,267" step="2"/><U94/><E94/><V9/><F51/><W8/><G8/><T103/><D103/><U75/><E55/><V56/><F9/><W17/><G17/><T3/><D3/><U83/><E12/><V27/><F23/><W47/><G47/><T65/><AGARI ba="0,1" hai="2,7,11,18,20,24,41,46,50,57,61,65,89,91" machi="65" ten="20,8000,1" yaku="1,1,0,1,7,1,52,1,53,1" doraHai="44" doraHaiUra="62" who="0" fromWho="0" sc="84,90,488,-20,151,-20,267,-40" owari="174,-22.6,468,56.8,131,-36.9,227,2.7" /></mjloggm>