<mjloggm ver="2.3"><GO type="225" lobby="0"/><UN n0="%E6%97%A5%E6%9B%9C%E6%97%A5%E3%82%88%E3%82%8A%E3%81%AE%E4%BD%BF%E8%80%85" n1="%E4%BF%BA%E3%81%A8%E5%A6%96%E5%A4%A2" n2="%E6%A1%9C%E8%8A%B1%E9%96%83%E3%80%85" n3="%E6%98%93%E5%88%A9%E8%96%A9%E4%BC%AF" dan="16,16,16,17" rate="2158.50,2236.67,2114.39,2210.21" sx="M,F,M,F"/><TAIKYOKU oya="0"/><INIT seed="0,0,0,4,1,28" ten="250,250,250,250" oya="0" hai0="17,108,97,121,91,103,67,38,49,23,111,34,43" hai1="62,78,44,58,77,29,106,119,11,40,113,33,57" hai2="8,84,7,94,35,4,53,81,41,39,19,12,93" hai3="64,85,66,26,133,125,87,55,31,104,129,61,102"/><T134/><D121/><U130/><E119/><V9/><F35/><W60/><G125/><T107/><D38/><U54/><E106/><V56/><F39/><W50/><G129/><T101/><D134/><U2/><E130/><V131/><F41/><W27/><G133/><T52/><D43/><U51/><E113/><V86/><F131/><W112/><G112/><T92/><D67/><U16/><E2/><V115/><F115/><W124/><G104/><T3/><D3/><U98/><E98/><V74/><F74/><W123/><G102/><T65/><D65/><U105/><E105/><V118/><F84/><W89/><G123/><T116/><D34/><U46/><E46/><V76/><F118/><W79/><G79/><T59/><D116/><U100/><E100/><V99/><F9/><W10/><G10/><T82/><D82/><U75/><E57/><V83/><F83/><W128/><G124/><T135/><D135/><U1/><E1/><V37/><F37/><W18/><G18/><T109/><D107/><U88/><E75/><V15/><F15/><AGARI ba="0,0" hai="15,17,23,49,52,59,91,92,97,101,103,108,109,111" machi="15" ten="40,7700,0" yaku="14,1,10,1,54,1" doraHai="28" who="0" fromWho="2" sc="250,77,250,0,250,-77,250,0" /><INIT seed="0,1,0,2,5,62" ten="327,250,173,250" oya="0" hai0="23,15,121,1,21,123,81,51,6,98,19,49,33" hai1="50,20,120,125,55,126,94,102,134,30,74,82,25" hai2="0,16,78,99,11,32,130,46,93,14,26,103,24" hai3="10,90,60,4,28,66,61,76,114,133,75,40,86"/><T122/><D33/><U92/><E120/><V59/><F130/><W8/><G114/><T52/><D1/><U3/><E3/><V57/><F0/><W38/><G133/><T29/><D6/><U63/><E63/><V77/><F46/><W53/><G28/><T17/><D29/><U13/><E134/><V124/><F124/><N who="1" m="47721" /><E13/><V9/><F9/><W89/><G75/><T108/><D108/><U22/><E22/><V72/><F72/><W58/><G76/><N who="2" m="29289" /><F32/><W36/><G90/><T96/><D81/><U84/><E102/><V18/><F18/><W7/><G40/><T12/><REACH who="0" step="1"/><D51/><REACH who="0" ten="317,250,173,250" step="2"/><U56/><E74/><V79/><N who="2" m="29297" /><AGARI ba="1,1" hai="20,25,30,50,55,56,79,82,84,92,94" m="47721" machi="79" ten="30,2000,0" yaku="3,1,18,1" doraHai="62" who="1" fromWho="2" sc="317,0,250,33,173,-23,250,0" /><INIT seed="1,0,0,3,1,38" ten="317,283,150,250" oya="1" hai0="32,4,50,64,79,66,134,114,122,86,84,13,23" hai1="74,2,80,49,99,124,44,43,17,54,42,61,55" hai2="104,20,69,116,36,65,22,100,39,12,72,15,62" hai3="103,48,1,57,87,131,5,60,33,68,105,96,117"/><U16/><E124/><V118/><F72/><W31/><G131/><T53/><D32/><U24/><E2/><V76/><F76/><W52/><G117/><T111/><D114/><U29/><E99/><V85/><F85/><N who="0" m="32874" /><D111/><U88/><E74/><V67/><F62/><W6/><G1/><T11/><D79/><U126/><E80/><V73/><F100/><W98/><G98/><T102/><D102/><U97/><E126/><V109/><F73/><W51/><G87/><T78/><D78/><U8/><E55/><V58/><F58/><W63/><G51/><T45/><D134/><U127/><E61/><V135/><F69/><W21/><G21/><T107/><D107/><U125/><E125/><V119/><F119/><W41/><G63/><T70/><D70/><U75/><E75/><V18/><F18/><N who="1" m="7273" /><E8/><V30/><F135/><W112/><G112/><T121/><D23/><N who="1" m="15519" /><E127/><V71/><F71/><W129/><G129/><T81/><D81/><U92/><AGARI ba="0,0" hai="42,43,44,49,54,88,92,97" m="15519,7273" machi="92" ten="30,12000,1" yaku="8,1,52,2,54,2" doraHai="38" who="1" fromWho="1" sc="317,-40,283,120,150,-40,250,-40" /><INIT seed="1,1,0,4,0,36" ten="277,403,110,210" oya="1" hai0="16,61,28,109,27,126,123,89,105,111,49,83,63" hai1="133,113,94,30,74,124,41,108,129,5,96,88,19" hai2="79,112,9,67,14,38,51,21,22,66,60,4,119" hai3="131,62,69,0,102,135,59,7,77,91,106,65,101"/><U44/><E113/><V1/><F38/><W132/><G131/><T104/><D126/><U100/><E129/><V115/><F119/><W12/><G0/><T46/><D89/><U29/><E124/><V31/><F79/><W40/><G77/><T87/><D123/><U47/><E74/><V42/><F31/><W116/><G116/><T32/><D87/><U86/><E133/><N who="3" m="51274" /><G69/><T120/><D83/><U26/><E5/><V121/><F121/><W84/><G40/><N who="0" m="24775" /><D120/><U125/><E125/><V56/><F66/><W90/><G90/><T95/><D95/><U128/><E47/><N who="2" m="26103" /><F1/><W24/><G24/><T71/><D71/><U43/><E128/><V45/><F45/><W64/><G64/><T114/><D114/><AGARI ba="1,0" hai="4,9,14,21,22,56,60,67,112,114,115" m="26103" machi="114" ten="30,2000,0" yaku="11,1,52,1" doraHai="36" who="2" fromWho="0" sc="277,-23,403,0,110,23,210,0" /><INIT seed="2,0,0,1,1,15" ten="254,403,133,210" oya="2" hai0="131,134,88,33,32,107,2,64,96,106,113,79,17" hai1="116,28,73,41,57,120,75,110,24,94,25,38,61" hai2="21,40,86,70,22,55,130,72,6,63,119,35,53" hai3="26,66,124,54,18,13,16,77,45,59,68,42,90"/><V108/><F119/><W82/><G124/><T43/><D2/><U34/><E116/><V84/><F72/><W62/><G90/><T85/><D113/><U114/><E114/><V115/><F115/><W83/><G26/><T95/><D131/><U52/><E110/><V12/><F35/><W122/><G122/><T46/><D134/><U27/><E120/><V1/><F130/><W93/><G93/><T117/><D117/><U97/><E41/><V123/><F1/><W81/><G77/><T101/><D107/><U19/><E38/><V4/><F40/><W69/><G13/><T60/><D79/><U56/><E56/><N who="2" m="35215" /><F70/><W109/><G109/><T39/><REACH who="0" step="1"/><D17/><REACH who="0" ten="244,403,133,210" step="2"/><U65/><E27/><V102/><F123/><W3/><G3/><T49/><D49/><U135/><E135/><V105/><F105/><W23/><G23/><N who="2" m="8713" /><F108/><W37/><REACH who="3" step="1"/><G69/><AGARI ba="0,1" hai="32,33,39,43,46,60,64,69,85,88,95,96,101,106" machi="69" ten="30,3900,0" yaku="1,1,7,1,54,1,53,0" doraHai="15" doraHaiUra="133" who="0" fromWho="3" sc="244,49,403,0,133,0,210,-39" /><INIT seed="3,0,0,4,3,10" ten="293,403,133,171" oya="3" hai0="132,19,80,53,56,67,40,88,0,59,121,23,35" hai1="61,124,98,24,69,28,83,20,27,15,64,120,46" hai2="118,71,41,34,6,32,92,79,107,52,50,115,78" hai3="51,103,14,116,43,55,82,66,11,110,95,99,81"/><W37/><G116/><T135/><D35/><U108/><E120/><V45/><F118/><W114/><G114/><T16/><D121/><U21/><E108/><V7/><F107/><W8/><G110/><T70/><D0/><U75/><E124/><V93/><F71/><W87/><G66/><T76/><D70/><U130/><E130/><V97/><F115/><W49/><G37/><T17/><D40/><U91/><E46/><V96/><F41/><W58/><G11/><T86/><D67/><U131/><E131/><V25/><F25/><W122/><G122/><T65/><D65/><U5/><E5/><V119/><F119/><W84/><G84/><T48/><D59/><U39/><E39/><V112/><F112/><W9/><G9/><T72/><D72/><U106/><E106/><V60/><F60/><W26/><G26/><T1/><D1/><U13/><E98/><V3/><F3/><W101/><G101/><T104/><D104/><U63/><E63/><V54/><F45/><N who="3" m="25791" /><G87/><T102/><D102/><U38/><E38/><V77/><F77/><W89/><G103/><T31/><D76/><U33/><E33/><V4/><F4/><AGARI ba="0,0" hai="4,8,14,51,55,58,81,82,89,95,99" m="25791" machi="4" ten="30,2900,0" yaku="8,1,52,1" doraHai="10" who="3" fromWho="2" sc="293,0,403,0,133,-29,171,29" /><INIT seed="3,1,0,5,2,19" ten="293,403,104,200" oya="3" hai0="43,97,40,83,66,34,39,109,64,58,99,117,88" hai1="131,103,52,114,102,75,124,57,79,81,21,49,89" hai2="48,35,69,72,96,7,113,105,110,31,106,15,37" hai3="73,93,14,2,50,59,13,98,12,123,60,33,126"/><W111/><G123/><T78/><D117/><U90/><E114/><V68/><F48/><W118/><G118/><T20/><D34/><U18/><E131/><V38/><F15/><W16/><G33/><T65/><D39/><U132/><E132/><V101/><F7/><W100/><G73/><T127/><D109/><U11/><E11/><V130/><F38/><W80/><G126/><T92/><D127/><U24/><E124/><V104/><F113/><W122/><G122/><T76/><D97/><U115/><E115/><V87/><F87/><W74/><G111/><T10/><D10/><U6/><E6/><V121/><F110/><W26/><G50/><T134/><D134/><U4/><E4/><V30/><F121/><W56/><G2/><T71/><D71/><U108/><E108/><V47/><F30/><W3/><G3/><T70/><D70/><U129/><E129/><V9/><F9/><W94/><G94/><T55/><D43/><U36/><E36/><V62/><F130/><W63/><G80/><T85/><D40/><U44/><E44/><V128/><F128/><W125/><G74/><T42/><D42/><U120/><E120/><V27/><F72/><W77/><G77/><T5/><D5/><U51/><E51/><V28/><F28/><W8/><G125/><T112/><D112/><U116/><E116/><V32/><F32/><W22/><G8/><T1/><D1/><U84/><E75/><V53/><F53/><N who="3" m="33807" /><G14/><T119/><D119/><U17/><E79/><V107/><F62/><W61/><G61/><N who="0" m="36063" /><D78/><U95/><E49/><V46/><F37/><RYUUKYOKU ba="1,0" sc="293,10,403,-30,104,10,200,10" hai0="20,64,65,66,76,83,85,88,92,99" hai2="27,31,35,46,47,68,69,96,101,104,105,106,107" hai3="12,13,16,22,26,59,63,93,98,100" /><INIT seed="3,2,0,0,0,6" ten="303,373,114,210" oya="3" hai0="88,30,61,111,13,60,19,16,96,15,21,1,105" hai1="62,35,29,68,72,129,103,50,44,27,55,76,106" hai2="25,75,9,113,134,5,0,116,93,104,84,57,52" hai3="36,54,69,17,98,82,14,31,121,89,108,26,87"/><W46/><G69/><T12/><D1/><U128/><E76/><V39/><F113/><W131/><G121/><T20/><D111/><U101/><E72/><V40/><F116/><W91/><G131/><N who="1" m="50250" /><E106/><V37/><F104/><W71/><G71/><T24/><D105/><U102/><E102/><V125/><F75/><W49/><G36/><T56/><D56/><N who="1" m="35103" /><E68/><V8/><F134/><W3/><G3/><T123/><D123/><U65/><E65/><V120/><F120/><W74/><G74/><T4/><D4/><U47/><E47/><V45/><F125/><W59/><G59/><T41/><D41/><AGARI ba="2,0" hai="27,29,35,41,44,50,101,103" m="35103,50250" machi="41" ten="30,1000,0" yaku="19,1" doraHai="6" who="1" fromWho="0" sc="303,-16,373,16,114,0,210,0" owari="287,8.7,389,48.9,114,-38.6,210,-19.0" /></mjloggm>