<mjloggm ver="2.3"><GO type="225" lobby="0"/><UN n0="%E6%81%A5%E6%99%92%E3%81%97" n1="%E3%82%B3%E3%83%90%E3%83%AC%E3%82%A4" n2="%E3%81%99%E3%81%84%E3%81%BE%E3%81%9B%E3%83%BC%E3%82%93" n3="%E3%82%A4%E3%83%BC%E3%82%B1%E3%83%97%E3%83%A9" dan="16,16,18,16" rate="2138.28,2149.71,2259.54,2139.76" sx="M,M,M,M"/><TAIKYOKU oya="0"/><INIT seed="0,0,0,2,5,83" ten="250,250,250,250" oya="0" hai0="38,50,100,40,62,3,34,56,110,60,103,29,82" hai1="93,51,64,5,12,14,101,58,119,59,89,126,53" hai2="109,28,124,26,132,37,104,90,96,46,43,135,33" hai3="81,108,61,18,97,42,15,77,57,117,111,7,2"/><T125/><D3/><U79/><E119/><V118/><F118/><W88/><G117/><T121/><D121/><U41/><E126/><V0/><F0/><W11/><G42/><T116/><D116/><U76/><E101/><V115/><F115/><W113/><G113/><T44/><D125/><U45/><E64/><V19/><F124/><W6/><G77/><T114/><D114/><U78/><E5/><V95/><F109/><N who="3" m="42059" /><G2/><T25/><D110/><U27/><E27/><V80/><F104/><W8/><G8/><T10/><D10/><U94/><E59/><V66/><F66/><N who="3" m="39215" /><G97/><T106/><D38/><U128/><E128/><V49/><F37/><W24/><G24/><T71/><D106/><U134/><E134/><V133/><F80/><W131/><G131/><T55/><REACH who="0" step="1"/><D82/><REACH who="0" ten="240,250,250,250" step="2"/><U92/><E94/><V65/><F135/><W120/><G120/><T74/><D74/><U72/><E72/><V87/><F133/><W52/><G81/><T123/><D123/><U1/><E1/><V47/><F132/><W112/><G112/><T22/><D22/><U70/><E92/><V13/><F95/><W85/><G11/><T17/><D17/><U129/><E129/><V68/><F19/><W86/><G18/><T30/><D30/><U9/><E9/><V122/><F28/><W48/><G6/><T91/><D91/><U73/><E73/><V63/><F122/><W99/><G7/><T75/><D75/><U31/><E31/><V36/><F36/><W35/><G88/><T16/><D16/><U21/><E89/><V54/><F90/><W4/><G4/><RYUUKYOKU ba="0,1" sc="240,30,250,-10,250,-10,250,-10" hai0="25,29,34,40,44,50,55,56,60,62,71,100,103" /><BYE who="0" /><INIT seed="0,1,1,1,0,71" ten="270,240,240,240" oya="0" hai0="13,70,106,134,124,76,119,69,29,110,72,83,10" hai1="40,74,121,54,32,4,103,51,39,52,77,92,68" hai2="112,63,97,84,67,45,91,61,49,44,7,37,3" hai3="130,131,57,42,75,60,123,38,14,105,55,25,135"/><T31/><D31/><U19/><E121/><V114/><F97/><UN n0="%E6%81%A5%E6%99%92%E3%81%97" /><W87/><G75/><T24/><D119/><U64/><E32/><V17/><F17/><W0/><G0/><T88/><D124/><U117/><E117/><V133/><F133/><W34/><G105/><T122/><D122/><U132/><E132/><V93/><F7/><W95/><G123/><T58/><D106/><U107/><E107/><V90/><F3/><W73/><G73/><T80/><D134/><U20/><E4/><V120/><F120/><W1/><G1/><T11/><D110/><U113/><E113/><V15/><F15/><W100/><G135/><T102/><D102/><U85/><E74/><V128/><F128/><W127/><G127/><T33/><D58/><U79/><E39/><V5/><F5/><W47/><G14/><T46/><D46/><N who="1" m="26055" /><E64/><V109/><F109/><W48/><G48/><T28/><D28/><U22/><E22/><V43/><F91/><W65/><G55/><N who="1" m="21034" /><E68/><V78/><F37/><W82/><G34/><T81/><D10/><U86/><E86/><N who="2" m="52439" /><F45/><W101/><G47/><T62/><D69/><U6/><E6/><V35/><F35/><W12/><G38/><T108/><D70/><U27/><E85/><V99/><F99/><AGARI ba="1,1" hai="19,20,27,77,79,92,99,103" m="21034,26055" machi="99" ten="30,2000,0" yaku="8,1,54,1" doraHai="71" who="1" fromWho="2" sc="270,0,240,33,240,-23,240,0" /><INIT seed="1,0,0,1,0,22" ten="270,273,217,240" oya="1" hai0="113,80,70,100,2,129,21,68,96,43,69,86,14" hai1="20,7,23,82,45,93,90,11,1,33,71,56,81" hai2="8,126,78,124,106,130,44,24,5,25,116,58,77" hai3="74,110,65,61,132,108,89,51,35,101,32,27,114"/><U84/><E71/><V127/><F116/><W95/><G114/><T115/><D129/><U60/><E33/><V105/><F130/><W85/><G74/><T63/><D2/><U46/><E45/><V47/><F58/><W30/><G132/><T4/><D43/><U99/><E46/><N who="2" m="17451" /><F78/><W104/><G51/><T59/><D113/><U117/><E117/><V19/><F77/><W31/><G35/><T131/><D131/><U37/><E37/><V55/><F55/><W40/><G31/><T120/><D120/><U92/><E92/><V125/><N who="2" m="31744" /><DORA hai="87" /><V112/><F19/><W36/><G40/><T121/><D121/><U73/><E73/><V12/><F112/><W15/><G36/><T119/><D119/><U83/><REACH who="1" step="1"/><E99/><REACH who="1" ten="270,263,217,240" step="2"/><V29/><F29/><W97/><REACH who="3" step="1"/><G15/><REACH who="3" ten="270,263,217,230" step="2"/><T50/><D115/><U13/><E13/><V118/><F118/><W107/><G107/><AGARI ba="0,2" hai="5,8,12,24,25,105,106,107" m="31744,17451" machi="107" ten="60,7700,0" yaku="18,1,52,2" doraHai="22,87" who="2" fromWho="3" sc="270,0,263,0,217,97,230,-77" /><INIT seed="2,0,0,2,0,29" ten="270,263,314,153" oya="2" hai0="101,110,96,9,94,50,75,128,38,46,92,56,48" hai1="134,85,129,127,72,22,114,91,135,67,93,15,100" hai2="21,66,99,35,45,28,34,102,108,61,43,10,95" hai3="44,14,63,132,131,54,106,32,133,51,13,59,42"/><V12/><F108/><W0/><G0/><T112/><D112/><U69/><E114/><V62/><F21/><W103/><G131/><T123/><D128/><U68/><E129/><V130/><F130/><W4/><G4/><T126/><D126/><U30/><E127/><V31/><F31/><W121/><G121/><T47/><D75/><U6/><E72/><V41/><F28/><W80/><G80/><T33/><D38/><U27/><E100/><V78/><F78/><W65/><G103/><T90/><D110/><U117/><E117/><V86/><F86/><W98/><G98/><T122/><D56/><U55/><E55/><V119/><F119/><W26/><G106/><T77/><D77/><U1/><E1/><V19/><F43/><W18/><G14/><T73/><D9/><N who="1" m="4535" /><E67/><V84/><F84/><W97/><G97/><T124/><D73/><U37/><E37/><V2/><F2/><W49/><G26/><T53/><D124/><U64/><E64/><V81/><F81/><W71/><REACH who="3" step="1"/><G32/><REACH who="3" ten="270,263,314,143" step="2"/><T17/><D33/><U5/><E5/><V79/><F35/><W23/><AGARI ba="0,1" hai="13,18,23,42,44,49,51,54,59,63,65,71,132,133" machi="23" ten="30,4000,0" yaku="1,1,2,1,0,1,53,0" doraHai="29" doraHaiUra="70" who="3" fromWho="3" sc="270,-10,263,-10,314,-20,143,50" /><INIT seed="3,0,0,3,1,117" ten="260,253,294,193" oya="3" hai0="118,91,71,41,133,87,47,102,15,99,58,66,93" hai1="23,12,45,28,103,22,85,53,69,67,111,88,109" hai2="70,16,19,73,116,0,130,101,40,128,92,104,121" hai3="60,31,5,125,131,126,78,100,6,3,8,76,36"/><W94/><G36/><T21/><D133/><U86/><E69/><V14/><F104/><W27/><G6/><T95/><D118/><U63/><E103/><V110/><F116/><W120/><G131/><N who="2" m="50217" /><F0/><W50/><G50/><T134/><D71/><U13/><E67/><V74/><F110/><N who="1" m="41993" /><E85/><V132/><F70/><W96/><G60/><T83/><D134/><U124/><E124/><N who="3" m="47722" /><G120/><T115/><D115/><U65/><E65/><V84/><F121/><W11/><G8/><T113/><D113/><U114/><E114/><V2/><F2/><W80/><G80/><T64/><D58/><N who="1" m="35279" /><E45/><V68/><F68/><W30/><G30/><T39/><D83/><N who="1" m="49247" /><E28/><V32/><F132/><W72/><G72/><T1/><D1/><U57/><E57/><V18/><F74/><W98/><G96/><T107/><D66/><U38/><E38/><V29/><F84/><W89/><G100/><T55/><D64/><U34/><E34/><AGARI ba="0,0" hai="3,5,11,27,31,34,76,78,89,94,98" m="47722" machi="34" ten="30,1500,0" yaku="18,1" doraHai="117" who="3" fromWho="1" sc="260,0,253,-15,294,0,193,15" /><INIT seed="3,1,0,0,5,135" ten="260,238,294,208" oya="3" hai0="116,29,85,111,121,46,42,100,17,82,109,40,98" hai1="102,63,37,34,94,26,6,30,104,110,54,123,71" hai2="19,119,35,83,41,3,8,22,60,39,20,1,53" hai3="86,92,18,73,47,129,75,80,89,0,120,10,61"/><W70/><G120/><T11/><D116/><U95/><E123/><V81/><F119/><W77/><G129/><T55/><D121/><U88/><E37/><V99/><F35/><W27/><G47/><T91/><D29/><U5/><E54/><V51/><F60/><W79/><G0/><T108/><D11/><U103/><E103/><V118/><F118/><W107/><G107/><T69/><D69/><U65/><E110/><V16/><F99/><W56/><G70/><T50/><REACH who="0" step="1"/><D17/><REACH who="0" ten="250,238,294,208" step="2"/><U78/><E78/><V43/><F8/><W33/><G10/><T15/><D15/><U76/><E76/><V114/><F1/><W90/><G79/><T124/><D124/><U28/><E30/><V13/><F3/><W126/><G126/><T74/><D74/><U128/><E128/><V97/><F19/><W4/><G4/><T134/><D134/><U130/><E130/><V131/><F16/><W115/><G75/><T36/><D36/><U106/><E6/><V113/><F39/><W67/><G18/><T14/><D14/><U58/><E71/><V32/><F131/><W52/><G115/><T48/><D48/><U68/><E68/><V87/><F51/><W105/><G27/><T96/><D96/><N who="1" m="59679" /><E5/><V24/><F114/><W9/><G9/><T2/><D2/><U49/><E49/><V45/><F113/><W44/><G33/><T57/><D57/><U59/><E58/><V122/><F122/><W101/><G56/><T93/><AGARI ba="1,1" hai="40,42,46,50,55,82,85,91,93,98,100,108,109,111" machi="93" ten="30,4000,0" yaku="1,1,0,1,14,1,53,0" doraHai="135" doraHaiUra="125" who="0" fromWho="0" sc="250,53,238,-11,294,-11,208,-21" owari="303,40.3,227,-17.3,283,8.3,187,-31.3" /></mjloggm>