<mjloggm ver="2.3"><GO type="225" lobby="0"/><UN n0="%E5%B8%86%E7%AB%8B%E5%A4%8F%E8%A1%A3" n1="%E3%83%A9%E3%82%A4%E3%83%B3%E3%81%AE%E8%99%8E" n2="%70%68%65%6E%6F%6D%65" n3="%E3%83%A9%E3%83%96%E3%83%AC%E3%83%BC" dan="17,16,16,16" rate="2194.03,2177.74,2124.48,2147.88" sx="M,M,M,M"/><TAIKYOKU oya="0"/><INIT seed="0,0,0,5,1,32" ten="250,250,250,250" oya="0" hai0="3,72,115,107,73,79,62,2,0,35,89,52,50" hai1="116,16,93,33,25,1,58,82,60,135,28,81,86" hai2="92,124,99,126,43,90,15,117,19,75,102,134,23" hai3="7,51,48,68,65,128,76,78,71,29,129,84,131"/><T120/><D115/><U108/><E116/><V114/><F114/><W12/><G29/><T119/><D119/><U74/><E108/><V41/><F117/><W80/><G78/><T100/><D120/><U47/><E135/><V96/><F75/><W57/><G65/><T59/><D35/><U103/><E74/><V97/><F134/><W83/><G83/><T118/><D118/><U21/><E1/><V17/><F17/><W133/><G133/><T110/><D110/><U36/><E36/><V121/><F121/><W26/><G26/><T67/><D79/><U87/><E47/><V49/><F49/><N who="3" m="19019" /><G57/><T46/><REACH who="0" step="1"/><D89/><REACH who="0" ten="240,250,250,250" step="2"/><U39/><E33/><V95/><REACH who="2" step="1"/><F97/><AGARI ba="0,1" hai="0,2,3,46,50,52,59,62,67,72,73,97,100,107" machi="97" ten="40,18000,2" yaku="1,1,2,1,52,3,54,1,53,0" doraHai="32" doraHaiUra="30" who="0" fromWho="2" sc="240,190,250,0,250,-180,250,0" /><INIT seed="0,1,0,5,1,22" ten="430,250,70,250" oya="0" hai0="18,50,102,54,57,91,1,119,87,104,111,52,100" hai1="121,43,61,3,109,20,59,51,129,130,69,56,19" hai2="135,79,37,26,9,132,31,73,13,85,88,67,66" hai3="76,0,27,96,116,58,6,120,46,42,21,65,29"/><T75/><D119/><U7/><E121/><V86/><F37/><W115/><G120/><T71/><D71/><U117/><E7/><V36/><F36/><W32/><G115/><T28/><D75/><U124/><E3/><V14/><F73/><W62/><G116/><T12/><D1/><U92/><E117/><V11/><F79/><W105/><G76/><T93/><D104/><U78/><E78/><V53/><F53/><W95/><G105/><T33/><D111/><U131/><E124/><V39/><F39/><W70/><G70/><T80/><D80/><U107/><E107/><V81/><F86/><W4/><G32/><T134/><D134/><N who="2" m="51242" /><F13/><W110/><G110/><T45/><D28/><U103/><E109/><V113/><F113/><W101/><G0/><T40/><D33/><U114/><E114/><V122/><F122/><W34/><G34/><T23/><D40/><U30/><E30/><V74/><F74/><W83/><G83/><T77/><D77/><U63/><E43/><V90/><F90/><W68/><G68/><T108/><D108/><U133/><E69/><V2/><F2/><W127/><G127/><T94/><D94/><U126/><E126/><V97/><F97/><W84/><G84/><T5/><D5/><U60/><E133/><V41/><F41/><W38/><AGARI ba="1,0" hai="4,6,21,27,29,38,42,46,58,62,65,95,96,101" machi="38" ten="20,8000,1" yaku="0,1,7,1,25,2,52,1" doraHai="22" who="3" fromWho="3" sc="430,-41,250,-21,70,-21,250,83" /><INIT seed="1,0,0,5,4,65" ten="389,229,49,333" oya="1" hai0="26,125,67,29,79,30,123,74,126,52,45,51,134" hai1="108,28,87,103,62,43,5,98,33,115,81,13,19" hai2="101,1,114,31,107,44,59,109,40,50,23,99,84" hai3="90,92,17,83,121,64,63,32,129,110,80,48,111"/><U122/><E115/><V3/><F114/><W82/><G32/><T133/><D123/><U2/><E122/><V47/><F109/><N who="3" m="41483" /><G48/><T10/><D67/><U42/><E108/><V55/><F47/><W75/><G121/><T27/><D79/><U25/><E62/><V88/><F31/><N who="0" m="11786" /><D74/><U36/><E36/><V66/><F23/><W61/><G129/><T71/><D71/><U18/><E5/><V112/><F112/><W6/><G6/><T34/><D10/><U102/><E2/><V120/><F120/><W97/><G17/><T116/><D116/><U85/><E19/><V70/><F66/><W131/><G131/><T95/><D95/><U38/><E38/><V57/><F57/><N who="3" m="36911" /><G63/><T37/><D37/><U69/><E69/><V130/><F130/><W91/><G75/><T119/><D119/><U14/><E14/><V89/><F70/><W96/><G97/><T20/><D34/><U106/><E103/><AGARI ba="0,0" hai="80,82,83,90,91,92,96,103" m="36911,41483" machi="103" ten="30,1000,0" yaku="14,1" doraHai="65" who="3" fromWho="1" sc="389,0,229,-10,49,0,333,10" /><INIT seed="2,0,0,0,5,30" ten="389,219,49,343" oya="2" hai0="47,104,76,62,7,115,35,73,40,127,45,70,64" hai1="74,23,131,124,9,5,101,125,37,113,85,107,20" hai2="41,32,33,108,2,102,130,83,28,100,46,111,52" hai3="91,97,18,81,84,118,34,72,109,3,42,49,67"/><V26/><F130/><W133/><G3/><T60/><D115/><U69/><E74/><V15/><F2/><W117/><G67/><T39/><D104/><U114/><E131/><V31/><F15/><W119/><G18/><T93/><D127/><N who="1" m="48715" /><E37/><V43/><F83/><W75/><G49/><T54/><D7/><U80/><E69/><V71/><F71/><W132/><G42/><N who="2" m="15881" /><F31/><W89/><G34/><T110/><D35/><U19/><E107/><V0/><F0/><W56/><G56/><T129/><D93/><U25/><E23/><V55/><F32/><W59/><G59/><T128/><D76/><N who="1" m="46215" /><E101/><N who="2" m="39019" /><F46/><W103/><G91/><T126/><D47/><U16/><E19/><V63/><F63/><W87/><G72/><T90/><D73/><U82/><E82/><V135/><F135/><N who="3" m="51787" /><G75/><T68/><D62/><U65/><E65/><V22/><F22/><W14/><G89/><T61/><D90/><U98/><E98/><V11/><F11/><W95/><G14/><AGARI ba="0,0" hai="5,9,14,16,20,25,113,114" m="46215,48715" machi="14" ten="30,2000,0" yaku="18,1,54,1" doraHai="30" who="1" fromWho="3" sc="389,0,219,20,49,0,343,-20" /><INIT seed="3,0,0,4,3,131" ten="389,239,49,323" oya="3" hai0="53,90,91,115,5,86,4,35,104,74,58,13,28" hai1="40,122,18,123,94,37,30,73,29,24,92,108,134" hai2="48,126,133,96,88,52,25,47,8,60,127,80,68" hai3="39,6,51,100,9,50,46,56,15,11,117,21,114"/><W128/><G114/><T93/><D74/><U54/><E73/><V55/><F25/><W44/><G128/><T14/><D115/><U41/><E108/><V130/><F130/><W135/><G117/><T62/><D104/><U66/><E24/><V121/><F121/><W99/><G39/><T111/><D111/><U49/><E49/><V105/><F105/><W3/><G21/><T17/><D28/><U1/><E1/><V70/><F55/><W7/><G135/><T118/><D35/><U82/><E82/><V63/><F63/><W116/><G116/><T83/><D118/><U19/><E54/><V32/><F32/><W89/><G89/><T57/><D57/><U20/><E20/><V31/><F31/><W85/><G85/><N who="0" m="50495" /><D14/><U132/><REACH who="1" step="1"/><E37/><REACH who="1" ten="389,229,49,323" step="2"/><V26/><F26/><W76/><G51/><T125/><D53/><U84/><E84/><V107/><F8/><W61/><G50/><T79/><D86/><U34/><E34/><V113/><F113/><W10/><G10/><T129/><D129/><U71/><E71/><V16/><F133/><W12/><G3/><T36/><D36/><U2/><E2/><V45/><F45/><W77/><G46/><T42/><D58/><U120/><E120/><V101/><F60/><W0/><G0/><T109/><D62/><U78/><E78/><V97/><F80/><W67/><REACH who="3" step="1"/><G44/><REACH who="3" ten="389,229,49,313" step="2"/><T59/><D79/><U75/><E75/><V38/><F38/><W72/><G72/><T124/><D109/><U69/><E69/><V43/><F68/><W103/><G103/><T112/><D112/><U22/><E22/><RYUUKYOKU ba="0,2" sc="389,-15,229,15,49,-15,313,15" hai1="18,19,29,30,40,41,66,92,94,122,123,132,134" hai3="6,7,9,11,12,15,56,61,67,76,77,99,100" /><INIT seed="3,1,2,0,4,43" ten="374,244,34,328" oya="3" hai0="132,126,116,40,36,131,135,34,55,72,100,42,123" hai1="3,22,82,80,85,96,119,110,129,120,7,108,122" hai2="102,73,53,15,81,58,103,10,105,101,41,65,6" hai3="32,59,29,8,68,62,1,2,60,88,79,67,83"/><W74/><G8/><T46/><D116/><U37/><E37/><V94/><F105/><W66/><G29/><T52/><D123/><U50/><E22/><V30/><F73/><W69/><G32/><T109/><D109/><U11/><E119/><V48/><F30/><W113/><G59/><T18/><D72/><U95/><E50/><V117/><F117/><W124/><G124/><T33/><D126/><U49/><E49/><V84/><F65/><W57/><G57/><T13/><D100/><U23/><E23/><V70/><F70/><W106/><G106/><T78/><D78/><U21/><E21/><V54/><F94/><W64/><G64/><T26/><D42/><U47/><E47/><V134/><F134/><N who="0" m="51242" /><D131/><U128/><E11/><V98/><F98/><W92/><G113/><T114/><D114/><U77/><E80/><V27/><F27/><W24/><G24/><T17/><D17/><U127/><E7/><V87/><F87/><AGARI ba="1,2" hai="1,2,60,62,66,67,68,69,74,79,83,87,88,92" machi="87" ten="30,5800,0" yaku="7,1,9,1,54,1" doraHai="43" who="3" fromWho="2" sc="374,0,244,0,34,-61,328,81" owari="374,17.4,244,-15.6,-27,-52.7,409,50.9" /></mjloggm>