<mjloggm ver="2.3"><GO type="225" lobby="0"/><UN n0="%E5%B8%86%E7%AB%8B%E5%A4%8F%E8%A1%A3" n1="%4C%4F%4C%49%54%41" n2="%E3%81%BF%E3%81%BF%E3%81%9A" n3="%E7%99%BD%E9%9B%AA%E4%B9%83%E6%84%9B" dan="17,16,18,16" rate="2186.57,2113.40,2267.14,2028.36" sx="M,F,M,F"/><TAIKYOKU oya="0"/><INIT seed="0,0,0,0,5,58" ten="250,250,250,250" oya="0" hai0="132,74,126,101,12,85,30,131,66,94,124,117,80" hai1="48,13,87,134,36,21,73,72,95,99,2,0,125" hai2="56,5,4,114,45,92,43,3,47,111,113,35,40" hai3="97,115,44,90,76,62,49,53,118,61,1,10,63"/><T46/><D117/><U41/><E36/><V60/><F35/><W105/><G118/><T127/><D131/><U17/><E134/><V22/><F111/><W38/><G115/><T116/><D116/><U96/><E125/><V39/><F22/><W89/><G38/><T26/><D132/><U9/><E73/><V69/><F69/><W16/><G76/><T79/><D46/><N who="1" m="25679" /><E0/><V18/><F18/><W86/><G86/><T106/><D12/><N who="1" m="9383" /><E2/><V65/><F92/><W28/><G28/><T75/><D66/><U91/><E72/><N who="0" m="27689" /><D26/><U78/><E78/><V23/><F23/><W57/><G57/><T14/><D14/><U29/><E29/><V20/><F20/><W15/><REACH who="3" step="1"/><G1/><REACH who="3" ten="250,250,250,240" step="2"/><T27/><D30/><U112/><E112/><V128/><F128/><W24/><G24/><T84/><D27/><U88/><E91/><V77/><F77/><W104/><G104/><T51/><D106/><U64/><E64/><V32/><F3/><W67/><G67/><T19/><D126/><U110/><E110/><V7/><REACH who="2" step="1"/><F32/><REACH who="2" ten="250,250,240,240" step="2"/><W121/><G121/><T98/><D124/><U52/><E13/><V37/><AGARI ba="0,2" hai="4,5,7,37,39,40,43,45,47,56,60,65,113,114" machi="37" ten="30,12000,2" yaku="1,1,2,1,0,1,9,1,52,1,53,2" doraHai="58" doraHaiUra="68" who="2" fromWho="2" sc="250,-60,250,-30,240,140,240,-30" /><INIT seed="1,0,0,4,0,32" ten="190,220,380,210" oya="1" hai0="132,10,0,74,72,67,50,69,135,129,105,33,3" hai1="19,55,109,27,14,119,71,41,70,52,12,114,92" hai2="102,130,96,7,115,68,73,97,103,29,64,65,16" hai3="78,13,116,117,113,81,76,59,101,66,30,1,84"/><U15/><E114/><V87/><F73/><N who="0" m="28266" /><D33/><U90/><E119/><V94/><F29/><W126/><G113/><T42/><D10/><U104/><E104/><V56/><F115/><W82/><G126/><T46/><D129/><U121/><E121/><V91/><F68/><W39/><G39/><N who="0" m="21855" /><D105/><U62/><E41/><V45/><F130/><W36/><G36/><T75/><N who="0" m="28274" /><T120/><DORA hai="79" /><D50/><U2/><E2/><N who="0" m="553" /><D120/><U123/><E123/><V47/><F7/><W43/><G101/><T131/><D131/><U107/><E107/><V125/><F125/><W88/><G43/><T49/><D49/><U23/><E109/><V80/><F47/><W9/><G30/><T124/><D124/><U112/><E112/><V93/><F45/><W60/><G1/><T134/><D67/><U86/><REACH who="1" step="1"/><E55/><REACH who="1" ten="190,210,380,210" step="2"/><V95/><F65/><W35/><G117/><T53/><D53/><U133/><E133/><V4/><F64/><W110/><G116/><T40/><D40/><U6/><E6/><V98/><F4/><N who="3" m="3239" /><G110/><T77/><D77/><N who="3" m="29801" /><G35/><T63/><D69/><U118/><E118/><V106/><F56/><AGARI ba="0,1" hai="12,14,15,19,23,27,52,56,62,70,71,86,90,92" machi="56" ten="40,7700,0" yaku="1,1,54,1,53,1" doraHai="32,79" doraHaiUra="100,48" who="1" fromWho="2" sc="190,0,210,87,380,-77,210,0" /><INIT seed="1,1,0,4,1,58" ten="190,297,303,210" oya="1" hai0="62,64,63,30,29,43,84,105,73,85,134,18,10" hai1="38,39,115,101,72,31,15,124,108,4,106,104,36" hai2="111,91,79,113,76,6,99,16,119,22,74,77,65" hai3="70,100,117,32,123,14,125,3,97,13,96,88,93"/><U133/><E115/><V122/><F119/><W102/><G123/><T90/><D73/><U35/><E72/><V103/><F122/><W116/><G3/><T23/><D105/><U60/><E133/><V49/><F6/><W5/><G32/><T11/><D134/><U107/><E124/><V66/><F113/><W80/><G125/><T48/><D48/><U41/><E108/><V56/><F111/><W24/><G24/><N who="0" m="14455" /><D43/><U135/><E135/><V51/><F74/><W81/><G70/><T132/><D85/><U129/><E129/><V55/><F51/><W83/><G5/><T67/><D67/><U45/><E15/><V68/><F68/><W118/><REACH who="3" step="1"/><G102/><REACH who="3" ten="190,297,303,200" step="2"/><T40/><D132/><U120/><E4/><V2/><F2/><W0/><G0/><T42/><D42/><U9/><E101/><V17/><F103/><W130/><G130/><T52/><D40/><U61/><E120/><V1/><F1/><W128/><G128/><T47/><D30/><U114/><E114/><V19/><F22/><W89/><G89/><T121/><D29/><U28/><E28/><V34/><F34/><W54/><G54/><T78/><D121/><U94/><E31/><V95/><AGARI ba="1,1" hai="16,17,19,49,55,56,65,66,76,77,79,91,95,99" machi="95" ten="40,5200,0" yaku="0,1,8,1,54,1" doraHai="58" who="2" fromWho="2" sc="190,-14,297,-27,303,65,200,-14" /><INIT seed="2,0,0,2,3,70" ten="176,270,368,186" oya="2" hai0="21,117,116,133,32,129,28,106,128,113,26,57,43" hai1="59,19,40,125,16,49,130,99,98,39,72,135,92" hai2="94,24,65,23,124,42,96,34,120,114,54,53,64" hai3="15,111,84,29,131,83,122,18,13,5,2,68,127"/><V134/><F114/><W103/><G122/><T31/><D106/><U75/><E39/><V86/><F120/><W115/><G68/><T45/><D57/><U105/><E105/><V27/><F34/><W51/><G111/><T97/><D97/><U41/><E130/><N who="0" m="50281" /><D113/><U102/><E125/><V61/><F42/><W110/><G110/><T69/><D69/><U55/><E135/><V4/><F134/><W58/><G131/><T73/><D73/><U3/><E3/><V95/><F124/><W67/><G127/><T81/><D81/><U33/><E33/><V85/><F4/><W74/><G74/><T118/><D133/><U12/><E75/><V109/><F109/><W77/><G115/><T112/><D112/><U78/><E98/><V90/><F61/><N who="3" m="38327" /><G2/><T6/><D6/><U91/><E102/><V132/><F132/><W79/><G103/><T121/><D121/><U100/><E100/><V22/><F96/><W30/><G51/><N who="0" m="27071" /><D32/><U88/><E72/><V7/><F7/><W66/><G66/><T71/><D71/><U14/><E78/><V63/><F63/><W11/><G79/><T10/><D10/><AGARI ba="0,0" hai="5,10,11,13,15,18,29,30,77,83,84" m="38327" machi="10" ten="30,1000,0" yaku="8,1" doraHai="70" who="3" fromWho="0" sc="176,-10,270,0,368,0,186,10" /><INIT seed="3,0,0,1,0,2" ten="166,270,368,196" oya="3" hai0="117,35,123,13,84,67,64,90,39,17,41,88,8" hai1="116,23,111,78,69,27,108,89,99,61,119,72,18" hai2="14,21,129,26,79,125,30,81,40,103,20,68,19" hai3="44,9,80,24,22,65,102,63,100,59,29,45,57"/><W58/><G80/><N who="0" m="49159" /><D35/><U76/><E69/><V5/><F129/><W31/><G31/><T112/><D39/><U1/><E61/><V32/><F125/><W130/><G130/><T127/><D117/><N who="1" m="45131" /><E1/><V134/><F134/><W122/><G122/><T86/><D123/><U42/><E42/><V70/><F103/><W51/><G45/><T121/><D121/><U43/><E43/><V87/><F40/><W28/><G28/><T97/><D127/><U34/><E34/><V12/><F5/><W128/><G128/><T132/><D132/><U85/><E99/><V124/><F124/><W15/><G44/><T133/><D133/><U53/><E53/><V73/><F73/><W110/><G110/><N who="1" m="42026" /><E72/><V118/><F118/><W0/><G0/><T49/><D97/><U47/><E47/><V105/><F105/><W25/><G51/><T135/><D135/><U37/><E37/><V91/><F79/><W104/><G59/><T4/><D112/><U74/><E74/><V11/><REACH who="2" step="1"/><F14/><REACH who="2" ten="166,270,358,196" step="2"/><W120/><G120/><T109/><D109/><U54/><E78/><V98/><F98/><W16/><G104/><T46/><D4/><U75/><E76/><V3/><F3/><W93/><G102/><T10/><D10/><U38/><E75/><V52/><F52/><W33/><G65/><T106/><D106/><U71/><E54/><V62/><F62/><W96/><G63/><T101/><D101/><U56/><E85/><V107/><F107/><W114/><G114/><T60/><D60/><U115/><E115/><V6/><F6/><W82/><G82/><AGARI ba="0,1" hai="8,13,17,41,46,49,64,67,82,86,90" m="49159" machi="82" ten="30,2000,0" yaku="8,1,54,1" doraHai="2" who="0" fromWho="3" sc="166,30,270,0,358,0,196,-20" owari="196,-20.4,270,7.0,358,45.8,176,-32.4" /></mjloggm>