<mjloggm ver="2.3"><GO type="225" lobby="0"/><UN n0="%E3%81%8A%E3%81%AB%E3%82%83%E3%81%8A%E3%81%A1%E3%82%83" n1="%72%65%6E%6B%75%6E" n2="%E3%81%94%E3%83%BC%E3%81%A9%E3%82%93" n3="%E3%81%AF%E3%82%88%E3%81%8A%E3%81%98%E3%81%95%E3%82%93" dan="16,17,16,17" rate="2100.62,2176.32,2104.15,2178.47" sx="M,M,M,M"/><TAIKYOKU oya="0"/><INIT seed="0,0,0,1,1,102" ten="250,250,250,250" oya="0" hai0="109,18,71,19,96,116,135,46,1,65,105,52,57" hai1="115,53,28,88,21,45,9,112,93,2,48,119,130" hai2="59,43,78,108,63,83,70,106,33,25,39,121,37" hai3="94,99,75,58,6,5,84,95,90,104,73,76,23"/><T36/><D116/><U69/><E69/><V8/><F121/><W44/><G44/><T60/><D1/><U85/><E119/><V7/><F108/><W87/><G58/><T133/><D109/><U49/><E130/><V128/><F70/><W24/><G23/><T117/><D117/><U113/><E49/><V34/><F128/><W66/><G66/><T125/><D125/><U80/><E93/><V118/><F118/><W35/><G24/><T124/><D124/><U30/><REACH who="1" step="1"/><E21/><REACH who="1" ten="250,240,250,250" step="2"/><V68/><F68/><W17/><G95/><T89/><D135/><U64/><E64/><V54/><F39/><W3/><G94/><T10/><D133/><U98/><E98/><V110/><F37/><W16/><G99/><T132/><D132/><U42/><E42/><V67/><F43/><W41/><G41/><N who="0" m="22823" /><D10/><U22/><E22/><V56/><F110/><W103/><G35/><T114/><D114/><U79/><E79/><V97/><F34/><W92/><G76/><T134/><D134/><U38/><E38/><V20/><F33/><W100/><G92/><T61/><D61/><U55/><E55/><V14/><F97/><W91/><G3/><T122/><D122/><U26/><E26/><V47/><F54/><W86/><G86/><T107/><D96/><U72/><E72/><V62/><F25/><W101/><G103/><T0/><D65/><U77/><E77/><V31/><F20/><W127/><G127/><T15/><D71/><U120/><E120/><V27/><F27/><W82/><G82/><T81/><D81/><U29/><E29/><V123/><F31/><RYUUKYOKU ba="0,1" sc="250,-15,240,15,250,-15,250,15" hai1="2,9,28,30,45,48,53,80,85,88,112,113,115" hai3="5,6,16,17,73,75,84,87,90,91,100,101,104" /><INIT seed="1,1,1,3,3,109" ten="235,255,235,265" oya="1" hai0="28,60,98,95,114,7,57,129,68,41,56,46,24" hai1="17,128,10,80,82,78,86,90,3,34,122,125,15" hai2="134,50,62,110,59,8,42,127,66,77,123,61,29" hai3="21,48,133,121,105,63,111,43,58,23,52,104,37"/><U51/><E122/><V71/><F123/><W40/><G121/><T100/><D129/><U81/><E128/><V70/><F29/><W55/><G111/><T25/><D114/><U85/><E125/><V65/><F110/><W72/><G72/><T92/><D68/><N who="2" m="26154" /><F77/><W115/><G115/><T44/><D7/><U113/><E34/><V2/><F127/><W116/><G116/><T132/><D132/><U76/><E113/><V6/><F134/><W102/><G133/><T22/><D25/><U13/><E3/><V16/><F16/><W112/><G112/><T96/><D41/><N who="3" m="15945" /><G105/><T47/><REACH who="0" step="1"/><D60/><REACH who="0" ten="225,255,235,265" step="2"/><U108/><E108/><V87/><F62/><W83/><G63/><T26/><D26/><U35/><E35/><V31/><F61/><W88/><G48/><T124/><D124/><U69/><E69/><V107/><F50/><W89/><G37/><T27/><D27/><U45/><E13/><V117/><F107/><W18/><G104/><T9/><D9/><U119/><E119/><V49/><F117/><W1/><G1/><T118/><D118/><U103/><E51/><V36/><F49/><W5/><G5/><T11/><D11/><U74/><E45/><N who="2" m="23751" /><F2/><W54/><G18/><T64/><D64/><N who="2" m="24682" /><F6/><W126/><G126/><T20/><D20/><U135/><E135/><V12/><F8/><W79/><G21/><T97/><D97/><U93/><E10/><V14/><F14/><W19/><G23/><T130/><D130/><U39/><E17/><V101/><F12/><W32/><G19/><T120/><D120/><U38/><E15/><V4/><F4/><RYUUKYOKU ba="1,2" sc="225,15,255,15,235,-15,265,-15" hai0="22,24,28,44,46,47,56,57,92,95,96,98,100" hai1="38,39,74,76,78,80,81,82,85,86,90,93,103" /><INIT seed="1,2,2,0,1,126" ten="240,270,220,250" oya="1" hai0="132,8,77,130,36,84,49,46,100,125,43,101,80" hai1="102,94,9,42,3,57,129,48,66,73,99,2,6" hai2="110,81,41,114,12,70,35,5,75,23,50,89,16" hai3="30,24,28,22,98,97,95,107,1,93,69,68,34"/><U38/><E129/><V33/><F110/><W133/><G1/><T72/><D125/><U65/><E73/><V71/><F114/><W96/><G107/><T61/><D132/><U63/><E38/><V79/><F89/><W105/><G105/><T113/><D113/><U39/><E39/><V51/><F5/><W121/><G121/><T53/><D130/><U59/><E2/><V83/><F83/><W120/><G120/><T10/><D61/><U122/><E122/><V128/><F128/><W58/><G133/><T45/><D84/><U29/><E29/><V86/><F75/><W117/><G117/><T20/><D20/><U31/><E31/><V67/><F67/><W4/><G4/><T37/><REACH who="0" step="1"/><D36/><REACH who="0" ten="230,270,220,250" step="2"/><U85/><E85/><V103/><F51/><W14/><G22/><T111/><D111/><U64/><REACH who="1" step="1"/><E63/><REACH who="1" ten="230,260,220,250" step="2"/><V11/><F35/><W60/><G34/><T17/><D17/><U47/><AGARI ba="2,4" hai="3,6,9,42,47,48,57,59,64,65,66,94,99,102" machi="47" ten="30,11700,0" yaku="1,1,2,1,0,1,53,1" doraHai="126" doraHaiUra="92" who="1" fromWho="1" sc="230,-41,260,163,220,-41,250,-41" /><INIT seed="1,3,0,1,2,65" ten="189,423,179,209" oya="1" hai0="14,69,112,98,55,116,17,128,89,12,125,113,121" hai1="129,49,13,18,132,87,0,73,32,80,115,22,30" hai2="29,34,97,76,94,68,51,38,91,82,53,15,50" hai3="64,35,27,3,123,106,70,90,8,37,108,72,21"/><U111/><E115/><V133/><F38/><W86/><G123/><T96/><D116/><U9/><E73/><V101/><F133/><W130/><G37/><T20/><D121/><U62/><E132/><V5/><F34/><W10/><G72/><T43/><D128/><U54/><E129/><V31/><F68/><W84/><G130/><T119/><D119/><U117/><E117/><V103/><F50/><W36/><G36/><T63/><D125/><U44/><E111/><V33/><F33/><W60/><G106/><T75/><D75/><U79/><E32/><V109/><F109/><W118/><G108/><T124/><D124/><U105/><E105/><V88/><F76/><W66/><G118/><T77/><D77/><U26/><E0/><V95/><F82/><W57/><G35/><T58/><D43/><U81/><E81/><V1/><F1/><W47/><G47/><T46/><D46/><U59/><REACH who="1" step="1"/><E44/><REACH who="1" ten="189,413,179,209" step="2"/><N who="2" m="27879" /><F103/><W71/><G3/><T122/><D122/><U28/><E28/><N who="2" m="10827" /><F95/><W19/><G71/><T85/><D69/><U11/><E11/><AGARI ba="3,1" hai="5,11,15,88,91,94,97,101" m="10827,27879" machi="11" ten="30,2000,0" yaku="8,1,54,1" doraHai="65" who="2" fromWho="1" sc="189,0,413,-29,179,39,209,0" /><INIT seed="2,0,0,4,3,64" ten="189,384,218,209" oya="2" hai0="57,130,58,45,88,112,99,26,102,108,113,80,32" hai1="53,70,11,126,50,94,103,93,91,120,129,118,23" hai2="85,131,92,83,35,2,134,55,124,123,101,128,1" hai3="8,125,87,84,71,10,121,52,76,28,21,31,86"/><V5/><F123/><W114/><G121/><T4/><D108/><U59/><E120/><V30/><F35/><W29/><G71/><T48/><D130/><N who="2" m="49706" /><F30/><W116/><G116/><T104/><D4/><U49/><E126/><V7/><F124/><W90/><G125/><T47/><D113/><U9/><E118/><V100/><F55/><W79/><G114/><T13/><D112/><U38/><E53/><V33/><F33/><W63/><G90/><T105/><D105/><U81/><E23/><V133/><F92/><W20/><G63/><T34/><D13/><U16/><E93/><V78/><F7/><W72/><G72/><T43/><D32/><U51/><E94/><V98/><F5/><W107/><G52/><T56/><D45/><U68/><E9/><N who="3" m="3690" /><G107/><T37/><D26/><U106/><E106/><N who="2" m="63767" /><F101/><W3/><G3/><AGARI ba="0,0" hai="1,2,3,78,83,85,133,134" m="63767,49706" machi="3" ten="30,1500,0" yaku="19,1" doraHai="64" who="2" fromWho="3" sc="189,0,384,0,218,15,209,-15" /><INIT seed="2,1,0,4,5,71" ten="189,384,233,194" oya="2" hai0="23,68,128,91,102,42,12,70,25,51,117,16,61" hai1="1,109,81,11,135,2,119,29,89,50,134,49,82" hai2="48,60,22,107,112,24,113,64,32,14,77,131,125" hai3="76,105,127,58,17,73,133,35,65,40,124,31,45"/><V75/><F107/><W97/><G133/><N who="1" m="50698" /><E119/><V104/><F104/><W63/><G17/><T99/><D128/><U126/><E109/><V33/><F75/><W9/><G9/><T36/><D117/><U28/><E126/><N who="3" m="48170" /><G31/><N who="1" m="11850" /><E11/><V103/><F77/><W7/><G7/><T118/><D118/><U53/><E50/><V72/><F103/><N who="3" m="62703" /><G35/><N who="2" m="13385" /><F48/><N who="3" m="26663" /><G76/><T54/><D91/><U39/><E39/><V0/><F72/><AGARI ba="1,0" hai="58,63,65,72,73" m="26663,62703,48170" machi="72" ten="30,1000,0" yaku="18,1" doraHai="71" who="3" fromWho="2" sc="189,0,384,0,233,-13,194,13" /><INIT seed="3,0,0,1,0,54" ten="189,384,220,207" oya="3" hai0="115,67,60,128,87,15,41,39,49,113,19,23,52" hai1="97,73,89,6,36,25,66,86,55,17,98,127,96" hai2="5,14,30,34,92,43,71,91,102,65,16,75,32" hai3="100,129,37,116,130,12,99,107,114,29,59,4,126"/><W10/><G114/><N who="0" m="43531" /><D128/><N who="3" m="49257" /><G116/><T125/><D125/><U90/><E73/><V84/><F84/><W31/><BYE who="2" /><G126/><UN n2="%E3%81%94%E3%83%BC%E3%81%A9%E3%82%93" /><T101/><D101/><U122/><E36/><V40/><F75/><W106/><G37/><T68/><D39/><U27/><E122/><V3/><F65/><W48/><G107/><T20/><D87/><U11/><E66/><V24/><F102/><W56/><G48/><T135/><D41/><U81/><E127/><V13/><F71/><W94/><G106/><T132/><D20/><N who="1" m="13455" /><E55/><V79/><F79/><W1/><G1/><T78/><D78/><N who="1" m="46391" /><E27/><V28/><F5/><W120/><G120/><T121/><D121/><U76/><E76/><V88/><F3/><W103/><G100/><T80/><D80/><U2/><E2/><V22/><F24/><W0/><G0/><T69/><D69/><U110/><E110/><V61/><F61/><W112/><G112/><T26/><D26/><U118/><E118/><V9/><F92/><W123/><G123/><T105/><D105/><U117/><E117/><V47/><F47/><AGARI ba="0,0" hai="15,19,23,47,49,52,60,67,68,132,135" m="43531" machi="47" ten="30,2000,0" yaku="11,1,54,1" doraHai="54" who="0" fromWho="2" sc="189,20,384,0,220,-20,207,0" owari="209,0.9,384,48.4,200,-30.0,207,-19.3" /></mjloggm>