<mjloggm ver="2.3"><GO type="225" lobby="0"/><UN n0="%E7%99%BD%E5%80%89%E5%AF%9B%E4%B9%8B" n1="%E3%81%AD%E3%82%80%E3%81%84%40%E9%9B%80%E9%B3%B4%E4%BC%9A" n2="%E6%97%A5%E6%9B%9C%E6%97%A5%E3%82%88%E3%82%8A%E3%81%AE%E4%BD%BF%E8%80%85" n3="%E6%98%93%E5%88%A9%E8%96%A9%E4%BC%AF" dan="16,16,17,16" rate="2149.36,2186.42,2233.22,2130.40" sx="M,F,M,F"/><TAIKYOKU oya="0"/><INIT seed="0,0,0,0,5,29" ten="250,250,250,250" oya="0" hai0="56,128,50,70,133,48,47,46,57,120,74,124,54" hai1="103,44,89,62,40,28,60,104,36,18,0,38,131" hai2="10,127,3,58,33,25,24,23,39,45,68,9,52" hai3="66,2,107,31,17,80,83,112,21,61,79,42,11"/><T94/><D74/><U20/><E0/><V22/><F68/><W86/><G107/><T59/><D120/><U41/><E131/><V55/><F127/><W123/><G123/><T117/><D124/><U8/><E8/><V105/><F105/><W121/><G121/><T77/><D77/><U85/><E28/><V37/><F45/><W73/><G42/><T1/><D1/><U108/><E108/><V134/><F3/><W119/><G31/><T5/><D5/><U27/><E41/><V76/><F76/><W91/><G112/><T72/><D72/><U43/><E43/><V15/><F58/><W78/><G119/><T88/><D70/><U75/><E75/><V101/><F101/><W114/><G114/><T118/><D128/><U110/><E110/><V6/><F15/><W129/><G129/><T26/><D26/><U122/><E38/><V19/><F6/><W4/><G80/><T30/><D30/><U116/><E116/><V95/><F95/><W130/><G73/><T93/><D133/><U65/><E65/><V64/><F64/><W97/><G97/><T113/><D113/><U115/><E122/><V53/><F134/><W34/><G34/><T71/><D71/><U106/><E115/><V84/><F84/><W99/><G99/><T12/><D12/><U32/><E32/><V49/><F49/><W82/><G82/><T13/><D13/><U126/><E126/><V100/><F100/><W98/><G98/><N who="0" m="57639" /><D94/><N who="1" m="54575" /><E106/><V67/><F67/><W14/><G130/><T135/><D135/><U102/><E104/><V69/><F33/><W90/><G79/><RYUUKYOKU ba="0,0" sc="250,10,250,10,250,-30,250,10" hai0="46,47,48,50,54,56,57,59,117,118" hai1="18,20,27,36,40,44,60,62,102,103" hai3="2,4,11,14,17,21,61,66,78,83,86,90,91" /><INIT seed="0,1,0,1,4,98" ten="260,260,220,260" oya="0" hai0="124,133,53,7,110,71,69,46,129,52,74,11,100" hai1="75,90,126,60,27,89,84,15,56,64,8,102,23" hai2="39,115,86,3,107,121,28,13,114,54,97,16,72" hai3="78,101,29,127,67,92,36,125,108,41,38,55,59"/><T51/><D74/><U111/><E75/><V37/><F72/><W2/><G2/><T116/><D116/><U62/><E111/><V120/><F3/><W70/><G78/><T134/><D110/><U49/><E126/><N who="3" m="48138" /><G29/><T32/><D32/><U66/><E49/><V12/><F28/><W82/><G82/><T6/><D124/><U35/><E35/><V105/><F86/><W33/><G33/><T40/><D129/><U131/><E102/><V119/><F97/><N who="3" m="59559" /><G108/><T4/><D100/><U132/><E132/><N who="0" m="50793" /><D11/><U18/><E131/><V48/><F119/><W47/><G70/><AGARI ba="1,0" hai="4,6,7,40,46,51,52,53,69,70,71" m="50793" machi="70" ten="40,3900,0" yaku="20,1,54,1" doraHai="98" who="0" fromWho="3" sc="260,42,260,0,220,0,260,-42" /><INIT seed="0,2,0,2,2,58" ten="302,260,220,218" oya="0" hai0="9,70,61,56,134,16,100,135,121,83,11,118,79" hai1="20,40,71,123,111,73,108,82,25,2,57,67,127" hai2="102,3,45,13,80,133,107,115,126,64,103,53,10" hai3="114,72,119,24,95,130,18,131,51,112,77,98,49"/><T52/><D118/><U17/><E123/><V50/><F115/><W106/><G106/><T35/><D35/><U86/><E73/><V30/><F3/><W26/><G77/><T37/><D37/><U0/><E71/><V132/><F126/><W4/><G72/><T75/><D121/><U21/><E40/><V5/><F30/><W15/><G4/><T6/><D100/><U101/><E101/><V36/><F36/><W55/><G119/><T88/><D70/><U89/><E127/><V104/><F80/><W68/><G68/><T129/><D129/><N who="3" m="49161" /><G26/><T85/><D16/><U90/><E90/><V97/><REACH who="2" step="1"/><F64/><REACH who="2" ten="302,260,210,218" step="2"/><W27/><G114/><T94/><REACH who="0" step="1"/><D11/><REACH who="0" ten="292,260,210,218" step="2"/><U78/><E108/><V91/><F91/><N who="3" m="55679" /><G112/><T117/><D117/><U44/><E111/><V39/><F39/><W12/><G27/><T128/><D128/><U109/><E109/><V74/><F74/><W105/><G24/><T110/><D110/><U41/><E89/><V7/><F7/><W92/><G18/><T120/><D120/><U84/><E17/><V125/><F125/><W116/><G116/><T22/><D22/><U124/><E124/><V66/><F66/><W62/><G105/><T32/><D32/><U43/><E21/><V8/><F8/><W59/><G92/><T14/><AGARI ba="2,2" hai="6,9,14,52,56,61,75,79,83,85,88,94,134,135" machi="14" ten="30,12000,1" yaku="1,1,0,1,52,1,54,2,53,0" doraHai="58" doraHaiUra="28" who="0" fromWho="0" sc="292,146,260,-42,210,-42,218,-42" /><INIT seed="0,3,0,0,1,112" ten="438,218,168,176" oya="0" hai0="76,30,16,77,38,120,116,126,103,122,125,90,67" hai1="14,24,53,36,29,74,95,10,3,51,113,8,6" hai2="123,42,89,22,92,107,7,97,9,85,109,49,55" hai3="13,73,25,47,19,121,66,110,119,44,129,58,132"/><T28/><D38/><U63/><E36/><V18/><F123/><W101/><G73/><T62/><D103/><U35/><E74/><V106/><F42/><W20/><G121/><N who="0" m="46699" /><D90/><U21/><E113/><V0/><F109/><W118/><G101/><T50/><D50/><U61/><E95/><V40/><F40/><W39/><G39/><T117/><D16/><N who="1" m="10391" /><E10/><V79/><F79/><N who="0" m="30282" /><D62/><U4/><E6/><V34/><F97/><W94/><G110/><T59/><D59/><AGARI ba="3,0" hai="3,4,8,24,29,35,51,53,59,61,63" m="10391" machi="59" ten="30,2000,0" yaku="24,1,54,1" doraHai="112" who="1" fromWho="0" sc="438,-29,218,29,168,0,176,0" /><INIT seed="1,0,0,0,3,30" ten="409,247,168,176" oya="1" hai0="78,25,111,6,68,120,83,81,117,27,104,92,74" hai1="33,21,58,14,71,109,28,13,90,101,124,99,45" hai2="110,85,44,131,22,37,66,46,0,86,108,61,134" hai3="17,91,77,19,3,89,42,11,20,9,29,50,87"/><U40/><E71/><N who="2" m="42447" /><F0/><W121/><G121/><T128/><D68/><U55/><E124/><V80/><F22/><W70/><G70/><T47/><D104/><U7/><E109/><N who="2" m="42091" /><F131/><W48/><G3/><T72/><D128/><U130/><E90/><N who="2" m="51495" /><F134/><W105/><G105/><T16/><D111/><U132/><E21/><V102/><F37/><W41/><G87/><T64/><D64/><U69/><E69/><V98/><F86/><W1/><G1/><T52/><D6/><U32/><E7/><V15/><F15/><W133/><G20/><T23/><D117/><U67/><E67/><V97/><F97/><W56/><G56/><T18/><D120/><U2/><E2/><V5/><F5/><W82/><G82/><T62/><D92/><AGARI ba="0,0" hai="44,46,92,98,102" m="51495,42091,42447" machi="92" ten="30,1000,0" yaku="14,1" doraHai="30" who="2" fromWho="0" sc="409,-10,247,0,168,10,176,0" /><INIT seed="2,0,0,3,3,99" ten="399,247,178,176" oya="2" hai0="85,62,44,32,102,110,4,41,61,0,56,65,39" hai1="16,100,52,53,18,33,64,71,37,112,109,95,127" hai2="84,89,15,19,23,80,131,98,82,22,7,94,29" hai3="10,88,12,104,120,78,69,121,93,114,2,30,21"/><V101/><F131/><W50/><G104/><T87/><D32/><U46/><E112/><V113/><F113/><W9/><G69/><T72/><D72/><U123/><E33/><V126/><F126/><W1/><G114/><T108/><D102/><U17/><E127/><V106/><REACH who="2" step="1"/><F7/><REACH who="2" ten="399,247,168,176" step="2"/><W51/><G121/><T26/><D4/><U42/><E123/><V28/><F28/><W105/><G120/><T45/><D0/><U34/><E109/><V111/><F111/><W48/><G1/><T25/><D110/><U31/><E31/><V132/><F132/><W122/><G2/><T76/><D108/><U119/><E119/><V125/><F125/><W38/><G122/><T133/><D133/><U83/><E17/><V67/><F67/><W96/><G30/><T117/><D65/><U74/><E18/><V40/><F40/><W24/><G105/><T115/><D41/><U27/><E16/><V97/><F97/><W103/><G96/><T116/><D115/><U49/><E64/><V128/><F128/><W92/><G24/><AGARI ba="0,1" hai="15,19,22,23,24,29,80,82,84,89,94,98,101,106" machi="24" ten="40,7700,0" yaku="1,1,52,1,53,1" doraHai="99" doraHaiUra="20" who="2" fromWho="3" sc="399,0,247,0,168,87,176,-77" /><INIT seed="2,1,0,0,5,55" ten="399,247,255,99" oya="2" hai0="39,34,15,76,25,63,21,32,1,37,102,38,127" hai1="36,91,77,86,17,122,106,43,103,10,69,133,81" hai2="59,12,30,45,82,46,87,52,27,41,100,11,72" hai3="66,60,40,96,89,97,94,107,56,53,64,114,48"/><V135/><F72/><W111/><G111/><T62/><D1/><U115/><E69/><V28/><F100/><W128/><G128/><T74/><D127/><U24/><E115/><V101/><F101/><W109/><G109/><T113/><D113/><U121/><E43/><V51/><F135/><W20/><G114/><T93/><D15/><U57/><E36/><V112/><F112/><W70/><G107/><T126/><D126/><U29/><E133/><V7/><F27/><W124/><G124/><T26/><D76/><U79/><E17/><V22/><F22/><W130/><G130/><T3/><D3/><U19/><E19/><V78/><F46/><W0/><G0/><T73/><D102/><U35/><E10/><V8/><F11/><W67/><G97/><T90/><D21/><U80/><E57/><V110/><F110/><W119/><G119/><T75/><D93/><U123/><E81/><V49/><AGARI ba="1,0" hai="7,8,12,28,30,41,45,49,51,52,59,78,82,87" machi="49" ten="20,18000,2" yaku="0,1,7,1,25,2,8,1,52,1,54,1" doraHai="55" who="2" fromWho="2" sc="399,-61,247,-61,255,183,99,-61" /><INIT seed="2,2,0,2,3,35" ten="338,186,438,38" oya="2" hai0="63,71,134,101,85,47,87,49,92,84,120,4,27" hai1="114,61,65,45,116,46,44,17,102,121,69,132,56" hai2="82,40,86,103,26,68,50,2,126,93,72,64,31" hai3="55,66,90,60,99,25,20,100,88,105,10,115,8"/><V19/><F2/><W33/><G115/><T7/><D120/><U32/><E102/><V3/><F3/><W52/><G33/><T124/><D124/><U127/><E17/><V16/><F72/><W80/><G10/><T15/><D134/><U104/><E104/><V41/><F126/><W91/><G80/><T128/><D128/><U81/><E81/><V70/><F70/><W79/><G79/><T59/><D71/><U73/><E73/><V89/><F68/><W95/><G8/><T113/><D113/><U135/><E32/><V94/><F64/><W58/><REACH who="3" step="1"/><G105/><REACH who="3" ten="338,186,438,28" step="2"/><T28/><D92/><U77/><E77/><V30/><F93/><W6/><G6/><T5/><D4/><U21/><E114/><V42/><F82/><W76/><G76/><T38/><D5/><U106/><E106/><V62/><F94/><W1/><G1/><T48/><D7/><U67/><E21/><V75/><F75/><W13/><G13/><T133/><D15/><U29/><E127/><V36/><F26/><W112/><G112/><T111/><D27/><U117/><E135/><V53/><F31/><AGARI ba="2,1" hai="20,25,31,52,55,58,60,66,88,90,91,95,99,100" machi="31" ten="40,12000,2" yaku="1,1,25,2,8,1,54,2,53,0" doraHai="35" doraHaiUra="34" who="3" fromWho="2" sc="338,0,186,0,438,-126,28,136" /><INIT seed="3,0,0,4,5,0" ten="338,186,312,164" oya="3" hai0="75,116,69,87,70,45,19,58,27,110,9,82,50" hai1="54,56,81,131,44,97,121,41,128,126,103,91,42" hai2="77,63,129,66,30,80,125,49,117,17,119,112,132" hai3="22,60,23,109,12,31,74,6,127,18,39,118,86"/><W61/><G118/><T94/><D116/><U98/><E121/><V11/><F112/><W113/><G74/><T73/><D110/><U37/><E126/><V78/><F30/><W124/><G113/><T29/><D58/><U84/><E42/><V122/><F49/><W120/><G39/><T38/><D94/><U59/><E59/><V123/><F125/><N who="3" m="48203" /><G120/><N who="2" m="46121" /><F129/><N who="1" m="49737" /><E103/><V33/><F33/><W43/><G43/><T100/><D38/><U71/><E71/><V104/><F104/><W96/><G96/><T114/><D100/><U1/><E1/><V133/><F17/><N who="3" m="10535" /><G31/><T55/><D114/><U5/><E5/><V72/><F119/><W102/><G102/><T3/><D75/><U28/><E28/><V79/><F117/><W89/><G6/><T115/><D73/><U21/><E21/><V85/><F72/><W53/><G53/><T95/><D115/><U105/><E105/><V76/><F11/><W62/><G109/><T24/><D55/><U134/><E134/><N who="2" m="51819" /><F66/><W35/><G35/><T101/><D101/><U16/><E16/><V135/><N who="2" m="51827" /><V67/><DORA hai="34" /><F67/><W46/><G46/><T25/><D45/><U48/><AGARI ba="0,0" hai="37,41,44,48,54,56,81,84,91,97,98" m="49737" machi="48" ten="30,1100,0" yaku="19,1" doraHai="0,34" who="1" fromWho="1" sc="338,-3,186,11,312,-3,164,-5" owari="335,43.5,197,-20.3,309,10.9,159,-34.1" /></mjloggm>