<mjloggm ver="2.3"><GO type="225" lobby="0"/><UN n0="%E5%A4%8F%E9%88%B4%E9%88%B4%E5%A4%8F" n1="%E3%83%A9%E3%82%B9%E7%8E%87%EF%BC%93%E5%89%B2" n2="%E5%82%8D%E8%8B%A5%E7%84%A1%E4%BA%BA%35%31" n3="%E7%99%BD%E5%80%89%E5%AF%9B%E4%B9%8B" dan="16,16,16,16" rate="2096.76,2177.05,2170.62,2103.52" sx="F,F,M,M"/><TAIKYOKU oya="0"/><INIT seed="0,0,0,1,4,16" ten="250,250,250,250" oya="0" hai0="84,119,130,104,38,12,39,98,73,31,90,10,60" hai1="101,3,43,41,74,102,13,110,66,24,35,128,87" hai2="112,30,0,61,17,114,83,69,23,28,21,19,33" hai3="27,36,29,11,131,106,15,111,82,63,59,135,85"/><T75/><D119/><U76/><E3/><V65/><F0/><W115/><G36/><T117/><D117/><U99/><E110/><V118/><F118/><W22/><G106/><T132/><D38/><U77/><E128/><V56/><F69/><W49/><G111/><T32/><D39/><U14/><E66/><V26/><F83/><W55/><G131/><T9/><D9/><U2/><E2/><V121/><F121/><W8/><G115/><T97/><D97/><U1/><E1/><V40/><F40/><W7/><G135/><T116/><D116/><U46/><E87/><V47/><F47/><W58/><G11/><T5/><D132/><U64/><E64/><V100/><F100/><W20/><G29/><T51/><D60/><U103/><E99/><V54/><F65/><N who="3" m="39159" /><G27/><T105/><D51/><U53/><E24/><V70/><F70/><W72/><G72/><T25/><D130/><U113/><E35/><V123/><F123/><W37/><G37/><T68/><D68/><U109/><E74/><V91/><F33/><W129/><G129/><T127/><D105/><U96/><E113/><V134/><F134/><W4/><G7/><T81/><REACH who="0" step="1"/><D127/><REACH who="0" ten="240,250,250,250" step="2"/><U6/><E109/><V62/><F62/><W108/><G108/><T133/><D133/><U125/><E125/><V92/><F114/><W45/><G45/><T42/><D42/><U94/><E43/><V57/><F112/><W88/><AGARI ba="0,1" hai="4,8,15,20,22,49,55,59,82,85,88" m="39159" machi="88" ten="30,7900,0" yaku="8,1,52,2,54,1" doraHai="16" who="3" fromWho="3" sc="240,-39,250,-20,250,-20,250,89" /><INIT seed="1,0,0,0,4,35" ten="201,230,230,339" oya="1" hai0="11,123,6,78,57,1,3,127,58,55,8,121,14" hai1="26,96,124,93,61,23,112,89,66,84,129,5,33" hai2="119,31,108,69,133,98,9,109,2,105,25,43,95" hai3="0,7,77,86,85,122,60,16,19,120,74,45,132"/><U131/><E112/><V104/><F119/><W110/><G74/><T94/><D127/><U116/><E116/><V87/><F133/><W72/><G72/><T76/><D94/><U106/><E124/><V82/><F69/><W34/><G34/><T71/><D71/><U80/><E106/><V46/><F2/><N who="0" m="522" /><D11/><U49/><E49/><N who="2" m="26847" /><F9/><W64/><G132/><T44/><D44/><U22/><E5/><V135/><F135/><W28/><G7/><T134/><D134/><U18/><E23/><N who="2" m="15807" /><F95/><W15/><G0/><T99/><D99/><U117/><E33/><V54/><F54/><W97/><G45/><T13/><D55/><U32/><E32/><V48/><F48/><W52/><G52/><T83/><D83/><U53/><E117/><V88/><F98/><W63/><G97/><T118/><D118/><U37/><E37/><V27/><F27/><W70/><G70/><T75/><D75/><U101/><REACH who="1" step="1"/><E53/><REACH who="1" ten="201,220,230,339" step="2"/><V103/><F105/><W113/><G113/><T79/><D14/><U128/><E128/><V4/><F4/><W107/><G15/><T24/><D24/><U91/><E91/><V62/><F104/><W21/><G107/><T100/><D100/><U29/><E29/><V102/><F103/><W39/><G28/><T10/><D10/><U65/><E65/><V59/><F102/><W30/><G64/><T51/><D13/><U73/><E73/><V130/><F130/><W47/><G30/><T111/><D8/><U115/><E115/><V40/><F40/><W67/><G67/><T38/><D6/><U41/><E41/><V17/><F17/><RYUUKYOKU ba="0,1" sc="201,-15,220,15,230,15,339,-15" hai1="18,22,26,61,66,80,84,89,93,96,101,129,131" hai2="59,62,82,87,88,108,109" /><INIT seed="1,1,1,4,1,105" ten="186,235,245,324" oya="1" hai0="114,18,128,44,14,42,126,67,34,0,95,61,59" hai1="20,38,118,102,75,127,78,110,40,74,117,32,111" hai2="21,82,68,27,100,24,71,31,26,87,4,7,33" hai3="112,55,9,48,46,103,93,1,132,85,115,47,108"/><U19/><E32/><V16/><F100/><W84/><G108/><N who="1" m="41514" /><E127/><V96/><F96/><W98/><G132/><T121/><D114/><U94/><E40/><V6/><REACH who="2" step="1"/><F26/><REACH who="2" ten="186,235,235,324" step="2"/><W120/><G112/><T51/><D126/><U80/><E38/><V53/><F53/><W41/><G115/><T36/><D128/><U116/><E102/><V90/><AGARI ba="1,2" hai="4,6,7,16,21,24,27,31,33,68,71,82,87,90" machi="90" ten="30,4000,0" yaku="1,1,0,1,54,1,53,0" doraHai="105" doraHaiUra="62" who="2" fromWho="2" sc="186,-11,235,-21,235,63,324,-11" /><INIT seed="2,0,0,2,4,85" ten="175,214,298,313" oya="2" hai0="77,59,30,103,79,127,93,64,88,49,99,65,63" hai1="23,47,92,4,21,80,89,122,53,97,17,62,113" hai2="55,39,43,68,44,126,112,25,102,110,71,9,60" hai3="135,69,84,12,50,134,87,29,111,41,0,61,128"/><V58/><F112/><W118/><G0/><T26/><D127/><U108/><E113/><V76/><F126/><W18/><G118/><T125/><D125/><U54/><E108/><V120/><F120/><W75/><G111/><T8/><D65/><U96/><E122/><V132/><F132/><N who="3" m="50731" /><G75/><T82/><D8/><U28/><E4/><V11/><F110/><W95/><G29/><T31/><D49/><U34/><E34/><V70/><F76/><N who="0" m="29258" /><D26/><N who="1" m="16463" /><E80/><V105/><REACH who="2" step="1"/><F25/><REACH who="2" ten="175,214,288,313" step="2"/><W98/><G128/><T3/><D3/><U114/><E114/><V115/><F115/><W78/><G78/><T40/><D40/><U27/><E47/><V124/><F124/><W83/><G41/><T7/><D7/><U45/><E45/><V121/><F121/><W15/><G15/><T56/><D56/><N who="1" m="35087" /><E54/><V22/><F22/><W37/><G12/><T42/><D42/><U123/><E123/><V101/><F101/><W36/><G36/><T67/><D64/><U107/><E107/><V90/><F90/><W116/><G37/><T94/><D82/><U117/><E117/><V51/><F51/><W46/><G50/><T52/><D67/><U10/><E10/><V81/><F81/><W72/><G83/><T6/><D6/><U19/><E19/><V74/><F74/><W2/><G18/><T130/><D130/><U131/><E131/><V57/><F57/><W5/><G46/><T33/><D33/><U38/><E38/><V24/><F24/><W13/><G2/><T14/><D14/><U119/><E119/><V20/><F20/><W1/><G13/><T109/><D109/><RYUUKYOKU ba="0,1" sc="175,10,214,10,288,10,313,-30" hai0="30,31,52,59,63,88,93,94,99,103" hai1="17,23,27,89,92,96,97" hai2="9,11,39,43,44,55,58,60,68,70,71,102,105" /><INIT seed="2,1,1,4,4,90" ten="185,224,298,283" oya="2" hai0="3,77,89,10,6,120,30,134,113,71,102,31,37" hai1="109,23,107,26,72,76,17,46,22,75,80,104,54" hai2="94,35,81,84,124,18,51,129,20,74,82,65,93" hai3="108,15,130,100,16,32,5,131,43,59,110,38,36"/><V24/><F129/><N who="3" m="49163" /><G32/><T87/><D120/><U69/><E109/><N who="3" m="42090" /><G5/><T50/><D113/><U19/><E69/><V88/><F124/><W85/><G43/><T1/><D134/><U115/><E115/><V133/><F133/><W8/><G100/><T2/><D37/><U114/><E114/><V33/><F65/><W44/><G44/><T122/><D71/><U112/><E112/><V41/><F35/><W79/><G59/><T45/><D122/><U91/><E75/><V105/><F105/><W98/><G98/><T39/><D77/><U9/><E9/><V57/><F33/><W117/><G117/><T0/><D102/><U40/><E54/><N who="2" m="31967" /><F74/><W12/><G12/><T99/><D99/><U7/><E7/><V60/><F41/><W111/><G111/><T66/><D66/><U67/><E67/><V47/><F47/><W73/><G73/><T13/><N who="0" m="0" /><DORA hai="96" /><T52/><REACH who="0" step="1"/><D39/><REACH who="0" ten="175,224,298,283" step="2"/><U42/><E76/><N who="2" m="46119" /><F60/><W64/><G64/><T61/><D61/><U58/><E107/><V29/><F29/><W62/><G62/><T25/><D25/><U106/><E104/><V34/><F34/><W83/><AGARI ba="1,2" hai="8,15,16,36,38,79,83,85" m="42090,49163" machi="83" ten="40,5200,0" yaku="19,1,14,1,54,1" doraHai="90,96" who="3" fromWho="3" sc="175,-14,224,-14,298,-27,283,75" /><INIT seed="3,0,0,2,5,51" ten="161,210,271,358" oya="3" hai0="43,118,129,34,52,29,19,120,66,107,37,90,49" hai1="63,36,38,116,110,122,7,53,54,111,133,30,35" hai2="123,97,100,21,67,31,64,11,102,48,5,68,47" hai3="13,95,44,86,27,69,57,87,12,20,121,134,22"/><W65/><G69/><T132/><D120/><U130/><E122/><V101/><F123/><W98/><G134/><T84/><D118/><U10/><E133/><V117/><F117/><W119/><G119/><T23/><D132/><U125/><E116/><V113/><F113/><W104/><G104/><T92/><D107/><U93/><E130/><V74/><F74/><W58/><G44/><T28/><D129/><U135/><E135/><V1/><F68/><W62/><G58/><N who="0" m="33039" /><D34/><U99/><E125/><V82/><F82/><W32/><G32/><T4/><D37/><N who="1" m="14443" /><E30/><N who="0" m="11881" /><D43/><U25/><E25/><V115/><F115/><W131/><G27/><N who="0" m="14847" /><D4/><U61/><E35/><V128/><F128/><W89/><G131/><T42/><D42/><U24/><E24/><V50/><F31/><W41/><G41/><T39/><D39/><U94/><E61/><V26/><F26/><W0/><G62/><T73/><D73/><U114/><E63/><V77/><F5/><W106/><G106/><T2/><D2/><U45/><E114/><V81/><F1/><W71/><G0/><T59/><D59/><U85/><E45/><V76/><F47/><W15/><G57/><T33/><D33/><U88/><E7/><V127/><F127/><W8/><G121/><T55/><D55/><U78/><E54/><V72/><F72/><W6/><G71/><T9/><D9/><U91/><E10/><V109/><F11/><W83/><G8/><T18/><D18/><U60/><E53/><V46/><F46/><W103/><G6/><T70/><D70/><U14/><E60/><V79/><F21/><RYUUKYOKU ba="0,0" sc="161,30,210,-10,271,-10,358,-10" hai0="66,84,90,92" owari="191,-30.9,200,-20.0,261,6.1,348,44.8" /></mjloggm>