<mjloggm ver="2.3"><GO type="225" lobby="0"/><UN n0="%E9%A6%AC%E5%BC%95%E7%81%AB%33" n1="%E6%98%93%E5%88%A9%E8%96%A9%E4%BC%AF" n2="%EF%BC%AE%EF%BC%A1%EF%BC%AF%33%33%39" n3="%E3%81%A4%E3%81%A3%E3%81%B1%E3%82%8A%E3%83%9D%E3%83%BC%E3%83%AB" dan="16,17,16,17" rate="2092.89,2139.45,2192.47,2170.44" sx="M,F,M,M"/><TAIKYOKU oya="0"/><INIT seed="0,0,0,4,5,1" ten="250,250,250,250" oya="0" hai0="111,94,19,74,130,113,51,46,92,36,54,28,112" hai1="57,33,119,10,9,3,37,44,2,40,30,20,6" hai2="61,8,21,27,35,32,58,80,66,132,47,117,63" hai3="125,60,4,83,95,106,101,84,70,99,16,90,77"/><T22/><D74/><U26/><E57/><V79/><F132/><W109/><G109/><T81/><D81/><U56/><E56/><V96/><F117/><W124/><G70/><T105/><D105/><U108/><E20/><V5/><F63/><W129/><G60/><T72/><D72/><U82/><E82/><V122/><F96/><W43/><G43/><T100/><D130/><U11/><E119/><V52/><F122/><W34/><G34/><T39/><D28/><U78/><E78/><V123/><F123/><W42/><G42/><T121/><D121/><U97/><E108/><V23/><F23/><W48/><G48/><T13/><D111/><U118/><E118/><V98/><F98/><W93/><G16/><T91/><D100/><U50/><E37/><V68/><F47/><W87/><G4/><T41/><D36/><U29/><E29/><V69/><F69/><W65/><G65/><T18/><D19/><U45/><E45/><V127/><F127/><N who="3" m="48715" /><G129/><T25/><D25/><U85/><E85/><V17/><F68/><W107/><AGARI ba="0,0" hai="77,83,84,87,90,93,95,99,101,106,107" m="48715" machi="107" ten="30,4000,0" yaku="18,1,34,2" doraHai="1" who="3" fromWho="3" sc="250,-20,250,-10,250,-10,250,40" /><INIT seed="1,0,0,0,3,108" ten="230,240,240,290" oya="1" hai0="8,73,119,53,89,5,34,111,74,36,76,125,94" hai1="23,87,13,102,55,65,48,105,35,33,3,1,83" hai2="85,104,19,90,112,103,57,46,110,12,132,7,68" hai3="129,30,101,80,98,22,100,11,21,6,60,45,26"/><U2/><E65/><V10/><F68/><W109/><G109/><T0/><D111/><U52/><E102/><V95/><F110/><W106/><G129/><T128/><D119/><U131/><E105/><V116/><F116/><W38/><G101/><T37/><D128/><U54/><E131/><V72/><F72/><W32/><G80/><T56/><D34/><U14/><E48/><V40/><F132/><W9/><G60/><T28/><D28/><U41/><E41/><V127/><F127/><W25/><G25/><T59/><D125/><U75/><E75/><V31/><F31/><W39/><G11/><T70/><D70/><U78/><REACH who="1" step="1"/><E23/><REACH who="1" ten="230,230,240,290" step="2"/><V88/><F104/><W97/><G39/><T4/><D74/><U62/><E62/><V126/><F103/><W107/><G107/><T42/><D36/><U71/><E71/><V51/><F126/><W133/><G133/><T124/><D124/><U17/><E17/><V67/><F19/><W66/><G66/><T113/><D53/><U81/><E81/><V63/><F90/><W77/><G100/><T130/><D130/><U84/><E84/><V15/><REACH who="2" step="1"/><F112/><REACH who="2" ten="230,230,230,290" step="2"/><W43/><G106/><T29/><D113/><U135/><E135/><V18/><F18/><W121/><G77/><T20/><D89/><U49/><E49/><V96/><F96/><W27/><G98/><T115/><D115/><U86/><E86/><V16/><F16/><N who="3" m="12583" /><G97/><T58/><D76/><U123/><E123/><V50/><F50/><W44/><G121/><T134/><D73/><U99/><E99/><V47/><F47/><N who="3" m="24055" /><G32/><AGARI ba="0,2" hai="1,2,3,13,14,32,33,35,52,54,55,78,83,87" machi="32" ten="50,4800,0" yaku="1,1,54,1,53,0" doraHai="108" doraHaiUra="92" who="1" fromWho="3" sc="230,0,230,68,230,0,290,-48" /><INIT seed="1,1,0,4,2,40" ten="230,298,230,242" oya="1" hai0="45,67,15,26,121,59,113,106,129,90,114,100,52" hai1="25,103,47,117,75,119,8,11,128,43,12,20,60" hai2="78,80,23,94,17,104,53,14,69,98,124,32,101" hai3="116,85,42,133,126,19,87,65,48,18,44,131,63"/><U92/><E75/><V127/><F32/><W118/><G131/><T74/><D74/><U50/><E128/><V38/><F69/><N who="3" m="42175" /><G133/><T4/><D129/><U46/><E60/><V68/><F68/><W35/><G35/><T39/><D67/><U24/><E24/><V71/><F71/><W1/><G1/><T120/><D90/><U51/><E103/><V73/><F38/><W76/><G126/><T27/><D4/><U58/><E58/><V132/><F132/><W93/><G93/><T3/><D15/><U9/><E92/><V5/><F5/><W37/><G37/><T122/><D3/><U33/><E33/><V0/><F0/><W66/><G66/><T57/><D57/><U56/><E56/><V97/><REACH who="2" step="1"/><F53/><REACH who="2" ten="230,298,220,242" step="2"/><W91/><G116/><T108/><D114/><U77/><E119/><V10/><F10/><W6/><G118/><T62/><D113/><U123/><E117/><V125/><F125/><W102/><G6/><T13/><D122/><U89/><E11/><V41/><F41/><W81/><G42/><T36/><D121/><U70/><E8/><V115/><F115/><W61/><G61/><T130/><D36/><U72/><E70/><V31/><F31/><W105/><G18/><T83/><D39/><U107/><E9/><V79/><F79/><W111/><G19/><T135/><D120/><U55/><E77/><V30/><F30/><W49/><G76/><T21/><D135/><U110/><E123/><V29/><F29/><W54/><G54/><T82/><D52/><U112/><E55/><V16/><F16/><W96/><G49/><RYUUKYOKU ba="1,1" sc="230,-10,298,-10,220,30,242,-10" hai2="14,17,23,73,78,80,94,97,98,101,104,124,127" /><INIT seed="2,2,1,4,0,19" ten="220,288,250,232" oya="2" hai0="47,63,102,45,82,126,7,103,123,33,4,30,2" hai1="106,41,74,133,29,122,105,12,36,78,88,116,46" hai2="56,97,67,114,119,108,53,18,79,83,14,115,40" hai3="93,24,10,60,89,0,39,96,27,117,3,34,125"/><V109/><F119/><W15/><G117/><T104/><D123/><U52/><E116/><V134/><F40/><W81/><G39/><T129/><D126/><U91/><E122/><V71/><F97/><W61/><G125/><T111/><D111/><N who="2" m="42570" /><F67/><W85/><G0/><T49/><D129/><U107/><E133/><V90/><F90/><W118/><G3/><T76/><D2/><U16/><E29/><V37/><F71/><W100/><G118/><T69/><D69/><U132/><E132/><V11/><F37/><W5/><G34/><T1/><D1/><U64/><E64/><V75/><F134/><W66/><REACH who="3" step="1"/><G61/><AGARI ba="2,1" hai="11,14,18,53,56,61,75,79,83,114,115" m="42570" machi="61" ten="30,2900,0" yaku="14,1,10,1" doraHai="19" who="2" fromWho="3" sc="220,0,288,0,250,45,232,-35" /><INIT seed="2,3,0,0,3,79" ten="220,288,295,197" oya="2" hai0="98,113,129,70,4,81,51,85,3,110,69,100,33" hai1="54,77,123,39,6,88,27,32,45,80,111,58,133" hai2="101,50,15,62,42,106,135,105,124,29,109,17,34" hai3="95,99,122,119,92,108,13,103,107,55,38,11,114"/><V104/><F62/><W10/><G119/><T5/><D113/><U126/><E111/><V14/><F14/><W117/><G117/><T86/><D33/><U2/><E133/><V63/><F63/><W59/><G122/><T19/><D110/><U94/><E126/><V49/><F109/><W36/><G108/><T40/><D129/><U112/><E112/><V44/><F135/><W61/><G114/><T76/><D86/><U134/><E134/><V131/><F124/><W75/><G75/><T72/><D72/><U43/><E123/><V8/><F131/><W71/><G71/><T102/><D70/><U47/><E47/><V25/><REACH who="2" step="1"/><F101/><REACH who="2" ten="220,288,285,197" step="2"/><W78/><G11/><T30/><D102/><U64/><E64/><V65/><F65/><W46/><G13/><T1/><D100/><U68/><E68/><V24/><F24/><W120/><G10/><T22/><D69/><U60/><E27/><V89/><F89/><W21/><G120/><T37/><D4/><U23/><E88/><V9/><F9/><W20/><G103/><T48/><D5/><U130/><E6/><V83/><F83/><W41/><G61/><T127/><D81/><U87/><E80/><V90/><F90/><W12/><G12/><T18/><D127/><U31/><E60/><V118/><F118/><W56/><G78/><T125/><D76/><U16/><E77/><V128/><F128/><W93/><G99/><T97/><D97/><U74/><E130/><V52/><F52/><W26/><G55/><T132/><D98/><U115/><E54/><V7/><F7/><W53/><G53/><RYUUKYOKU ba="3,1" sc="220,-10,288,-10,285,30,197,-10" hai2="8,15,17,25,29,34,42,44,49,50,104,105,106" /><INIT seed="2,4,1,3,1,95" ten="210,278,315,187" oya="2" hai0="35,68,100,131,107,4,87,79,63,24,67,20,121" hai1="3,1,105,10,28,32,85,103,55,128,98,83,75" hai2="88,118,44,48,17,37,129,106,114,57,81,56,65" hai3="78,80,113,49,125,41,124,50,43,6,25,45,94"/><V135/><F114/><W69/><G69/><T19/><D121/><U42/><E75/><V21/><F118/><W31/><G113/><T126/><D131/><U11/><E42/><V23/><F106/><W8/><G94/><T111/><D111/><U5/><E128/><V101/><F101/><W92/><G92/><T76/><D126/><N who="3" m="48745" /><G43/><T58/><D4/><U72/><E72/><V122/><F37/><N who="3" m="21679" /><G80/><T51/><D35/><U117/><E55/><V60/><F129/><W61/><G61/><T34/><D87/><U16/><E117/><V132/><F122/><W38/><G78/><T39/><D39/><U84/><E83/><V0/><F0/><N who="3" m="71" /><G38/><T52/><REACH who="0" step="1"/><D34/><AGARI ba="4,1" hai="25,31,34,49,50" m="71,21679,48745" machi="34" ten="30,1000,0" yaku="18,1" doraHai="95" who="3" fromWho="0" sc="210,-22,278,0,315,0,187,32" /><INIT seed="3,0,0,3,0,54" ten="188,278,315,219" oya="3" hai0="64,122,3,43,36,87,51,8,63,111,16,77,85" hai1="55,72,100,73,6,110,89,20,44,126,121,39,56" hai2="96,46,5,1,66,109,86,107,18,37,65,17,30" hai3="31,83,81,32,7,62,118,104,117,10,28,59,47"/><W49/><G104/><T133/><D122/><U120/><E100/><V94/><F30/><N who="3" m="11307" /><G32/><T40/><D111/><U29/><E110/><V90/><F109/><W127/><G118/><T34/><D34/><U21/><E126/><V48/><F37/><W15/><G117/><T24/><D133/><U132/><E6/><V42/><F1/><W114/><G114/><T27/><D36/><U12/><E132/><V101/><F5/><W116/><G127/><T124/><D124/><U112/><E112/><V80/><F107/><W11/><G11/><T75/><D75/><U52/><E29/><V93/><F93/><W108/><G108/><T123/><D123/><U41/><E39/><V95/><F95/><W130/><G130/><T25/><D3/><U70/><E70/><V99/><F99/><W67/><G116/><T103/><D103/><U78/><E73/><V135/><F135/><W69/><G69/><T97/><D97/><U106/><E72/><V125/><F125/><W91/><G91/><T4/><D4/><U38/><E89/><V82/><F82/><W45/><G45/><N who="0" m="26023" /><D43/><AGARI ba="0,0" hai="7,10,15,43,47,49,59,62,67,81,83" m="11307" machi="43" ten="30,2900,0" yaku="8,1,52,1" doraHai="54" who="3" fromWho="0" sc="188,-29,278,0,315,0,219,29" /><INIT seed="3,1,0,5,0,10" ten="159,278,315,248" oya="3" hai0="125,13,66,89,34,11,105,116,128,73,49,26,28" hai1="132,99,20,126,60,76,24,57,38,80,88,81,109" hai2="77,78,129,134,114,43,14,0,100,82,19,110,94" hai3="86,113,95,6,9,130,101,1,48,54,29,135,51"/><W102/><G113/><T32/><D116/><U18/><E38/><V68/><F0/><W70/><G70/><T53/><D125/><U121/><E109/><V61/><F114/><W90/><G135/><T111/><D111/><U63/><E121/><V71/><F110/><W98/><G130/><T115/><D128/><U131/><E131/><V119/><F119/><W75/><G75/><T31/><D115/><U117/><E117/><V45/><F129/><W123/><G123/><T7/><D73/><U74/><E126/><V55/><F78/><W85/><G29/><T47/><D105/><U96/><E63/><V15/><F134/><W124/><G124/><T2/><D2/><U42/><E42/><V40/><F40/><W69/><G48/><T133/><D133/><U37/><E37/><V120/><F120/><W97/><G69/><T58/><D89/><U33/><E33/><V23/><F55/><W64/><G64/><T17/><D66/><U50/><E50/><V103/><F61/><W91/><G91/><T22/><REACH who="0" step="1"/><D47/><REACH who="0" ten="149,278,315,248" step="2"/><U46/><E46/><V62/><F45/><W8/><G90/><T39/><D39/><U83/><E132/><V122/><F122/><W4/><G1/><T87/><D87/><U118/><E118/><V93/><F103/><W21/><G86/><T108/><D108/><U12/><E88/><V3/><F100/><N who="3" m="60479" /><G85/><T127/><D127/><U36/><E36/><V41/><F3/><W56/><G102/><T59/><D59/><U65/><E74/><V84/><F84/><W35/><G101/><T92/><D92/><U27/><E57/><RYUUKYOKU ba="1,1" sc="149,30,278,-10,315,-10,248,-10" hai0="7,11,13,17,22,26,28,31,32,34,49,53,58" owari="179,-32.1,268,6.8,315,41.5,238,-16.2" /></mjloggm>