<mjloggm ver="2.3"><GO type="225" lobby="0"/><UN n0="%6E%69%63%6F%6E%74%6F" n1="%70%68%65%6E%6F%6D%65" n2="%E6%98%93%E5%88%A9%E8%96%A9%E4%BC%AF" n3="%E3%83%94%E3%83%B3%E3%82%B5%E3%83%AD%E5%BA%97%E5%93%A1" dan="16,16,17,17" rate="2137.57,2148.54,2142.75,2255.38" sx="M,M,F,M"/><TAIKYOKU oya="0"/><INIT seed="0,0,0,4,2,11" ten="250,250,250,250" oya="0" hai0="113,70,13,124,128,72,133,22,132,108,106,80,4" hai1="45,3,129,0,27,30,97,36,87,127,76,61,16" hai2="130,20,135,39,117,84,123,40,83,71,56,65,25" hai3="114,44,14,77,34,111,12,9,35,98,43,5,69"/><T66/><D113/><U19/><E127/><V48/><F117/><W51/><G114/><T7/><D106/><U119/><E119/><V73/><F123/><W103/><G111/><T109/><D124/><U38/><E129/><V37/><F73/><W52/><G69/><T68/><D128/><U59/><E97/><V6/><F135/><N who="0" m="51786" /><D66/><U63/><E3/><V134/><F130/><W17/><G77/><N who="0" m="44071" /><D7/><U32/><E0/><V8/><F71/><N who="0" m="27178" /><D4/><U64/><E63/><V29/><F65/><W21/><G43/><T79/><D79/><U88/><E76/><V78/><F134/><W23/><G23/><T92/><D92/><AGARI ba="0,0" hai="5,9,12,14,17,21,34,35,44,51,52,92,98,103" machi="92" ten="30,7700,0" yaku="7,1,52,2,54,1" doraHai="11" who="3" fromWho="0" sc="250,-77,250,0,250,0,250,77" /><INIT seed="1,0,0,2,4,135" ten="173,250,250,327" oya="1" hai0="58,48,33,96,68,88,57,34,40,115,11,50,98" hai1="56,49,94,47,55,127,20,73,46,81,9,117,42" hai2="99,65,70,74,118,133,91,89,124,104,69,109,87" hai3="61,44,38,119,114,3,128,37,4,111,63,62,24"/><U35/><E117/><V13/><F118/><W1/><G119/><T108/><D108/><U30/><E127/><V60/><F74/><W0/><G114/><T78/><D115/><U75/><E35/><V95/><F109/><W122/><G111/><T77/><D11/><U28/><E94/><V102/><F133/><W116/><G116/><T27/><D27/><U39/><E9/><V113/><F113/><W107/><G122/><T79/><D79/><U32/><E32/><V132/><F132/><W14/><G107/><T105/><D105/><U6/><E6/><V106/><F70/><W82/><G128/><T8/><D8/><U26/><E30/><V110/><F110/><W25/><G82/><T97/><D97/><U41/><REACH who="1" step="1"/><E81/><REACH who="1" ten="173,240,250,327" step="2"/><V101/><F106/><W23/><G4/><T17/><D17/><U36/><AGARI ba="0,1" hai="20,26,28,36,39,41,42,46,47,49,55,56,73,75" machi="36" ten="20,18000,2" yaku="1,1,2,1,0,1,7,1,9,1,53,1" doraHai="135" doraHaiUra="52" who="1" fromWho="1" sc="173,-60,240,190,250,-60,327,-60" /><INIT seed="1,1,0,1,0,49" ten="113,430,190,267" oya="1" hai0="25,82,133,46,100,32,19,60,83,117,63,4,85" hai1="16,121,41,0,31,103,9,86,1,112,24,45,97" hai2="129,6,26,94,14,18,99,7,98,104,76,11,2" hai3="111,95,66,61,114,124,54,132,109,55,81,126,13"/><U110/><E112/><V91/><F76/><W73/><G114/><T89/><D117/><U48/><E121/><V22/><F129/><W75/><G132/><T77/><D133/><U35/><E110/><N who="3" m="41994" /><G95/><T84/><D100/><U28/><E86/><V131/><F131/><W51/><G13/><T93/><D4/><U80/><E80/><V88/><F2/><W64/><G64/><T23/><D32/><U37/><E37/><V74/><F74/><N who="3" m="28171" /><G81/><T43/><REACH who="0" step="1"/><D83/><REACH who="0" ten="103,430,190,267" step="2"/><U69/><E35/><V57/><F104/><W105/><G105/><T59/><D59/><U78/><E69/><V58/><F7/><W135/><G135/><T92/><D92/><AGARI ba="1,1" hai="6,11,14,18,22,26,57,58,88,91,92,94,98,99" machi="92" ten="40,5200,0" yaku="9,1,8,1,54,1" doraHai="49" who="2" fromWho="0" sc="103,-55,430,0,190,65,267,0" /><INIT seed="2,0,0,5,1,97" ten="48,430,255,267" oya="2" hai0="49,8,23,17,122,60,135,35,131,67,91,18,12" hai1="19,44,47,32,48,92,112,114,66,2,85,65,119" hai2="26,10,109,72,107,108,115,20,46,118,70,61,9" hai3="3,103,43,15,62,104,84,29,56,52,14,74,88"/><V27/><F115/><W38/><G74/><T39/><D122/><U41/><E119/><V106/><F72/><W82/><G3/><T33/><D39/><U79/><E2/><V96/><F46/><W5/><G5/><T31/><D131/><U13/><E32/><V133/><F133/><W16/><G29/><T4/><D135/><U21/><E47/><V77/><F77/><W126/><G126/><T6/><D49/><U95/><E92/><V113/><F113/><W34/><G34/><N who="0" m="12811" /><D60/><U98/><E112/><V58/><F70/><W81/><G38/><T94/><D91/><N who="1" m="55679" /><E114/><V128/><F128/><W90/><G43/><T100/><D100/><U80/><AGARI ba="0,0" hai="13,19,21,41,44,48,65,66,79,80,85" m="55679" machi="80" ten="30,1100,0" yaku="8,1" doraHai="97" who="1" fromWho="1" sc="48,-3,430,11,255,-5,267,-3" /><INIT seed="3,0,0,5,4,3" ten="45,441,250,264" oya="3" hai0="70,55,108,4,103,86,63,75,22,5,73,78,130" hai1="117,44,120,13,10,71,60,31,88,85,21,99,74" hai2="6,134,20,30,0,94,102,27,51,124,37,17,49" hai3="101,54,61,114,135,12,38,29,48,18,90,57,97"/><W122/><G122/><T133/><D108/><U47/><E74/><V76/><F37/><W2/><G2/><T93/><D130/><U43/><E120/><V127/><F76/><W59/><G38/><T96/><D133/><U62/><E117/><V19/><F134/><W92/><G135/><T107/><D75/><U83/><E71/><V113/><F113/><W129/><G129/><T132/><D132/><U79/><E31/><V87/><F102/><W82/><G29/><T46/><D22/><U77/><E21/><V72/><F94/><W23/><G114/><T34/><D34/><U50/><E47/><V65/><F65/><W58/><G61/><N who="1" m="23658" /><E99/><V7/><F87/><AGARI ba="0,0" hai="12,18,23,48,54,57,58,59,82,87,90,92,97,101" machi="87" ten="40,2000,0" yaku="8,1" doraHai="3" who="3" fromWho="2" sc="45,0,441,0,250,-20,264,20" /><INIT seed="3,1,0,3,2,36" ten="45,441,230,284" oya="3" hai0="70,129,7,32,27,65,118,110,17,2,79,1,33" hai1="14,87,105,61,37,50,116,56,99,10,64,3,21" hai2="16,128,85,115,93,117,119,131,46,20,45,42,68" hai3="86,124,72,134,24,53,77,18,106,83,73,38,133"/><W54/><G106/><T19/><D65/><U89/><E37/><N who="2" m="21711" /><F46/><W28/><G38/><T84/><D70/><U127/><E127/><V55/><F55/><N who="3" m="21003" /><G18/><T102/><D84/><U132/><E99/><V123/><F115/><W92/><G92/><T113/><D102/><U125/><E89/><N who="2" m="53423" /><F123/><W111/><G124/><T112/><D79/><U69/><E14/><N who="2" m="9239" /><F68/><W101/><G101/><T120/><D120/><U75/><E64/><V48/><F48/><W52/><N who="3" m="21011" /><W6/><DORA hai="43" /><G6/><T100/><D100/><U63/><E61/><V47/><F47/><W122/><G122/><T90/><D90/><U71/><E75/><V31/><F31/><W41/><G41/><T49/><D49/><U82/><E3/><V22/><F22/><N who="3" m="15383" /><G111/><T9/><D118/><U0/><E105/><V8/><F8/><W66/><G66/><T130/><D7/><U94/><E94/><V91/><F91/><W76/><G76/><T34/><D34/><U57/><E0/><V121/><F121/><W97/><G97/><T5/><D5/><U40/><E125/><V12/><F12/><W39/><G39/><T80/><D80/><U107/><E116/><V51/><F51/><W13/><G13/><T58/><D58/><U103/><E40/><V108/><F108/><W88/><G77/><T98/><D98/><U4/><E69/><V23/><F23/><W60/><G60/><T26/><REACH who="0" step="1"/><D9/><REACH who="0" ten="35,441,230,284" step="2"/><U104/><E4/><V67/><F67/><W81/><G81/><T62/><D62/><U25/><E63/><V109/><F109/><AGARI ba="1,1" hai="1,2,17,19,26,27,32,33,109,110,112,113,129,130" machi="109" ten="25,12000,2" yaku="1,1,22,2,34,3,53,0" doraHai="36,43" doraHaiUra="114,95" who="0" fromWho="2" sc="35,133,441,0,230,-123,284,0" owari="168,-23.2,441,54.1,107,-39.3,284,8.4" /></mjloggm>