<mjloggm ver="2.3"><GO type="225" lobby="0"/><UN n0="%E3%83%96%E3%83%83%E3%83%91%E3%82%AA%E3%83%96%E3%83%81%E3%82%AD%E3%83%B3" n1="%E3%82%8F%E3%81%8B%E3%81%B0%2A%E3%82%AC%E3%83%BC%E3%83%AB" n2="%70%6F%69%73%6F%6E%30%32" n3="%E3%81%AF%E3%82%88%E3%81%8A%E3%81%98%E3%81%95%E3%82%93" dan="16,16,16,17" rate="2165.70,2100.81,2074.16,2238.93" sx="M,M,M,M"/><TAIKYOKU oya="0"/><INIT seed="0,0,0,4,1,32" ten="250,250,250,250" oya="0" hai0="39,53,49,14,43,97,10,119,69,82,38,54,127" hai1="28,73,60,100,76,40,24,12,16,2,101,80,110" hai2="1,45,57,125,98,68,9,78,61,25,121,113,96" hai3="50,26,93,134,105,30,81,135,6,87,72,51,111"/><T44/><D119/><U106/><E110/><V130/><F113/><W126/><G105/><T37/><D127/><U42/><E2/><V124/><F121/><W85/><G6/><T8/><D8/><U7/><E7/><N who="2" m="1263" /><F130/><W19/><G19/><T104/><D82/><U92/><E106/><V115/><F68/><W116/><G116/><T58/><D104/><U109/><E109/><V52/><F78/><N who="3" m="44231" /><G111/><T36/><D97/><U107/><E107/><V75/><F75/><W55/><G126/><N who="2" m="48745" /><F115/><W95/><G87/><T90/><D90/><U31/><E31/><V131/><F131/><W20/><G51/><N who="0" m="31071" /><D14/><U128/><E60/><V77/><F77/><W129/><G85/><T41/><D10/><U64/><E128/><V117/><F117/><W15/><G15/><T84/><D84/><U46/><E101/><V23/><F45/><N who="3" m="28111" /><G129/><T86/><D86/><U108/><E108/><V33/><F33/><W114/><G114/><T71/><D41/><U118/><E118/><V112/><F112/><W62/><G62/><T79/><D79/><U133/><E40/><V35/><F35/><W66/><G66/><T11/><D11/><N who="1" m="6175" /><E64/><V5/><F5/><W63/><G63/><T21/><D21/><N who="1" m="15375" /><E42/><V0/><F0/><W22/><G20/><T99/><D99/><N who="1" m="59495" /><E46/><AGARI ba="0,0" hai="36,37,38,39,43,44,46,49,53,69,71" m="31071" machi="46" ten="30,12000,1" yaku="35,5" doraHai="32" who="0" fromWho="1" sc="250,120,250,-120,250,0,250,0" /><INIT seed="0,1,0,3,2,108" ten="370,130,250,250" oya="0" hai0="135,3,48,114,2,80,5,41,61,98,126,55,17" hai1="79,89,67,75,118,21,99,73,52,81,74,26,133" hai2="68,64,123,100,65,129,19,35,134,117,103,57,122" hai3="56,22,125,46,105,45,124,16,30,115,93,18,102"/><T28/><D126/><N who="3" m="48745" /><G105/><T82/><D135/><U44/><E118/><V36/><F57/><W130/><G130/><T71/><D28/><U95/><E133/><V113/><F19/><N who="3" m="7211" /><G56/><T25/><D41/><U34/><E34/><V110/><F110/><W54/><G54/><T120/><D120/><U131/><E131/><V84/><F84/><W15/><G15/><T87/><D98/><U90/><E67/><V49/><F49/><W0/><G0/><T9/><D2/><U96/><E21/><V37/><F35/><W59/><G59/><T27/><D17/><U8/><E8/><V101/><F117/><W111/><G111/><T38/><D48/><U47/><E26/><V77/><F77/><W86/><G115/><T116/><D55/><U20/><E20/><V7/><F7/><W121/><G121/><N who="2" m="46089" /><F134/><W72/><G72/><T51/><D114/><U60/><E60/><V24/><F24/><N who="3" m="16663" /><G86/><T11/><D87/><U31/><E31/><V42/><F113/><W63/><G63/><T104/><D61/><U128/><E128/><V33/><F33/><W92/><G92/><T32/><D32/><U69/><E69/><V62/><F65/><W107/><G93/><T70/><D70/><U4/><E4/><V29/><F129/><W119/><G119/><T109/><D5/><U132/><E132/><V85/><F85/><W13/><G13/><T53/><D71/><U10/><E10/><V112/><F112/><W23/><G23/><T40/><D11/><U78/><E78/><V83/><F42/><W106/><G106/><T39/><D116/><U58/><E58/><RYUUKYOKU ba="1,0" sc="370,-10,130,-10,250,-10,250,30" hai3="45,46,102,107" /><INIT seed="1,2,0,3,2,8" ten="360,120,240,280" oya="1" hai0="111,70,94,42,103,122,81,33,129,45,4,87,117" hai1="34,93,73,100,96,85,88,108,21,37,12,118,91" hai2="80,74,10,11,133,1,130,59,95,125,104,76,40" hai3="79,14,38,112,48,120,24,43,47,0,132,60,86"/><U17/><E118/><V9/><F104/><W116/><G0/><T105/><D117/><U97/><E37/><V49/><F133/><W109/><G112/><T32/><D70/><U126/><E126/><V15/><F125/><W46/><G120/><T124/><D124/><U69/><E69/><V75/><F130/><W101/><G116/><T29/><D122/><U55/><E34/><V50/><F1/><W2/><G2/><T3/><D111/><U113/><E113/><V114/><F75/><W25/><G109/><T82/><D105/><U78/><E108/><V31/><F31/><W36/><G101/><T18/><D129/><U5/><E73/><V41/><F95/><W51/><G60/><T61/><D61/><U83/><E5/><V54/><F114/><W89/><G79/><T121/><D29/><U62/><REACH who="1" step="1"/><E97/><REACH who="1" ten="360,110,240,280" step="2"/><V90/><F74/><W64/><G38/><N who="0" m="21719" /><D4/><U26/><E26/><V84/><F76/><W44/><G36/><T71/><D71/><U52/><E52/><N who="2" m="32143" /><F15/><W20/><G14/><T77/><D3/><U98/><E98/><V57/><AGARI ba="2,1" hai="9,10,11,40,41,50,54,57,80,84,90" m="32143" machi="57" ten="30,2000,0" yaku="8,1,54,1" doraHai="8" who="2" fromWho="2" sc="360,-7,110,-12,240,36,280,-7" /><INIT seed="2,0,0,5,2,45" ten="353,98,276,273" oya="2" hai0="50,17,117,2,16,129,132,118,30,40,91,106,103" hai1="63,87,104,55,12,0,56,62,98,38,44,89,113" hai2="61,124,82,122,75,5,13,8,42,93,80,26,73" hai3="33,46,126,119,101,120,134,43,68,77,90,41,66"/><V85/><F122/><W19/><G120/><T48/><D129/><U28/><E0/><V115/><F115/><W83/><G119/><N who="0" m="45579" /><D132/><U125/><E125/><V4/><F124/><W49/><G126/><T99/><D2/><U111/><E111/><V35/><F42/><W67/><G33/><T1/><D1/><U65/><E113/><V105/><F105/><W64/><G134/><T88/><D30/><U51/><E28/><V52/><F35/><W100/><G68/><T22/><D17/><U131/><E131/><V133/><F26/><W23/><G90/><N who="0" m="34347" /><D40/><U94/><E38/><V81/><F5/><W60/><G60/><T95/><D106/><U107/><E12/><AGARI ba="0,0" hai="12,16,22,48,50,95,99,103" m="34347,45579" machi="12" ten="30,8000,1" yaku="12,1,52,2,54,2" doraHai="45" who="0" fromWho="1" sc="353,80,98,-80,276,0,273,0" /><INIT seed="3,0,0,2,0,102" ten="433,18,276,273" oya="3" hai0="89,50,122,9,66,38,56,67,114,2,75,28,82" hai1="8,48,93,90,127,108,118,26,119,35,123,29,87" hai2="25,30,65,86,99,57,84,120,3,94,27,135,101" hai3="124,116,96,45,106,33,64,88,39,105,125,121,79"/><W100/><G121/><T113/><D122/><U107/><E107/><V14/><F3/><W15/><G116/><T111/><D38/><U131/><E131/><V34/><F120/><W51/><G33/><T129/><D111/><U85/><E123/><V115/><F115/><N who="0" m="44042" /><D129/><U19/><E127/><N who="3" m="48714" /><G64/><N who="0" m="24619" /><D28/><U13/><E108/><V109/><F109/><W103/><G79/><N who="0" m="44415" /><D89/><U12/><E12/><V95/><F135/><W91/><G39/><T0/><D9/><U46/><E87/><V132/><F132/><W60/><G60/><T21/><D21/><U24/><E24/><V31/><F14/><W18/><G103/><T37/><D37/><U62/><E62/><V130/><F130/><W126/><N who="3" m="48722" /><W59/><DORA hai="70" /><G59/><T68/><D68/><U104/><E104/><N who="3" m="40042" /><G100/><T44/><D56/><U97/><E97/><V83/><F57/><W92/><G92/><T54/><AGARI ba="0,0" hai="0,2,44,50,54" m="44415,24619,44042" machi="54" ten="30,1100,0" yaku="11,1" doraHai="102,70" who="0" fromWho="0" sc="433,11,18,-3,276,-3,273,-5" owari="444,54.4,15,-48.5,273,7.3,268,-13.2" /></mjloggm>