<mjloggm ver="2.3"><GO type="225" lobby="0"/><UN n0="%E3%83%96%E3%83%83%E3%83%91%E3%82%AA%E3%83%96%E3%83%81%E3%82%AD%E3%83%B3" n1="%E6%A1%9C%E8%8A%B1%E9%96%83%E3%80%85" n2="%E4%BF%BA%E3%81%A8%E5%A6%96%E5%A4%A2" n3="%E4%B8%89%E5%88%86%E5%B0%8F%E5%83%A7" dan="16,16,16,16" rate="2047.89,2132.57,2133.72,2054.44" sx="M,M,F,M"/><TAIKYOKU oya="0"/><INIT seed="0,0,0,4,4,62" ten="250,250,250,250" oya="0" hai0="104,40,118,15,95,23,126,68,72,93,48,59,2" hai1="107,113,100,87,117,92,79,44,121,14,134,0,109" hai2="77,123,57,61,26,41,21,49,105,76,43,83,5" hai3="108,101,31,110,130,111,70,122,33,135,51,27,124"/><T133/><D118/><U60/><E0/><V10/><F123/><W52/><G122/><T7/><D104/><U69/><E121/><V89/><F105/><W114/><G114/><T90/><D68/><U47/><E117/><V85/><F41/><W98/><G70/><T119/><D119/><U96/><E109/><V63/><F43/><W129/><G124/><T88/><D72/><U13/><E134/><V34/><F49/><W131/><G135/><T84/><D133/><U38/><E113/><V6/><F63/><W4/><G4/><T29/><D126/><U30/><E30/><V102/><F102/><W120/><G120/><T94/><D2/><U58/><E69/><V55/><F34/><W86/><G86/><T106/><D106/><U37/><E37/><V32/><F32/><W9/><G9/><N who="0" m="4543" /><D90/><U82/><E107/><V112/><F112/><W65/><G65/><T56/><D40/><U53/><E38/><V80/><F10/><W1/><G1/><T103/><D103/><U20/><E13/><V46/><F46/><N who="3" m="27767" /><G101/><T64/><D48/><U99/><E99/><AGARI ba="0,0" hai="27,31,33,98,99,108,110,111,129,130,131" m="27767" machi="99" ten="40,5200,0" yaku="14,1,19,1,54,1" doraHai="62" who="3" fromWho="1" sc="250,0,250,-52,250,0,250,52" /><INIT seed="1,0,0,0,4,38" ten="250,198,250,302" oya="1" hai0="105,134,5,54,4,109,88,65,52,119,125,56,120" hai1="104,70,101,75,13,31,17,23,10,16,34,76,18" hai2="111,79,15,40,69,28,51,39,44,3,96,108,72" hai3="74,71,77,78,114,6,49,45,14,42,122,68,25"/><U12/><E70/><V110/><F3/><W7/><G122/><T129/><D119/><U50/><E75/><V63/><F28/><W61/><G114/><T41/><D105/><U46/><E76/><V82/><F96/><W118/><G25/><T43/><D125/><U113/><E113/><V57/><F15/><W1/><G1/><T131/><D109/><U32/><E18/><V67/><REACH who="2" step="1"/><F108/><REACH who="2" ten="250,198,240,302" step="2"/><W99/><G99/><T36/><D120/><U24/><E104/><V103/><F103/><W97/><G97/><T2/><D2/><U106/><E106/><V115/><F115/><W35/><G14/><T60/><D134/><U48/><E101/><V66/><F66/><W0/><G0/><T86/><D131/><U59/><E34/><V91/><F91/><W116/><G35/><T81/><D129/><U83/><E83/><V87/><F87/><W84/><G84/><T11/><D4/><U64/><REACH who="1" step="1"/><E46/><REACH who="1" ten="250,188,240,302" step="2"/><V95/><F95/><W47/><G45/><T128/><D128/><U112/><E112/><V94/><F94/><W29/><G47/><T73/><D81/><U93/><E93/><V27/><F27/><W21/><G118/><T9/><D73/><U85/><E85/><V89/><F89/><W130/><G116/><T22/><D88/><U26/><E26/><V55/><AGARI ba="0,2" hai="39,40,44,51,55,57,63,67,69,72,79,82,110,111" machi="55" ten="30,8000,1" yaku="1,1,0,1,24,2,52,1,53,0" doraHai="38" doraHaiUra="117" who="2" fromWho="2" sc="250,-20,188,-40,240,100,302,-20" /><INIT seed="2,0,0,4,3,77" ten="230,148,340,282" oya="2" hai0="17,51,134,108,21,35,11,64,58,18,47,123,98" hai1="52,73,2,24,103,23,59,55,118,15,127,116,49" hai2="81,117,41,53,40,20,29,94,74,9,126,78,27" hai3="114,46,95,60,83,75,42,1,38,79,6,88,57"/><V121/><F117/><W4/><G1/><T30/><D123/><U129/><E2/><V80/><F121/><W7/><G114/><T135/><D35/><U89/><E129/><V90/><F126/><W97/><REACH who="3" step="1"/><G4/><REACH who="3" ten="230,148,340,272" step="2"/><T119/><D119/><U34/><E118/><V112/><F112/><W65/><AGARI ba="0,1" hai="6,7,38,42,46,57,60,65,75,79,83,88,95,97" machi="65" ten="20,16000,3" yaku="1,1,2,1,0,1,7,1,52,1,54,1,53,2" doraHai="77" doraHaiUra="3" who="3" fromWho="3" sc="230,-40,148,-40,340,-80,272,170" /><INIT seed="3,0,0,4,1,39" ten="190,108,260,442" oya="3" hai0="69,30,57,106,76,47,127,128,131,48,130,122,108" hai1="81,77,54,71,111,65,6,4,74,15,16,132,121" hai2="62,51,94,32,31,34,12,24,92,101,114,79,123" hai3="3,9,60,80,38,93,61,2,124,67,82,55,107"/><W78/><G38/><T43/><D122/><U59/><E121/><V63/><F123/><W8/><G93/><T102/><D108/><U29/><E111/><V118/><F114/><W18/><G55/><T83/><D127/><U105/><E105/><V22/><F118/><W5/><G18/><T88/><D69/><U134/><E29/><V14/><F79/><W37/><G37/><T50/><D30/><U75/><E71/><V89/><F101/><W113/><G107/><T36/><D88/><U99/><E99/><V46/><F34/><W109/><G124/><T45/><D57/><U97/><E65/><V68/><F68/><W119/><G78/><T42/><D36/><U7/><E97/><N who="2" m="57487" /><F94/><W66/><G5/><T135/><D135/><U129/><E75/><V11/><F32/><W41/><G109/><T126/><D126/><U85/><E74/><V116/><F116/><W20/><G20/><T21/><D21/><U1/><E1/><V86/><F86/><W35/><G35/><T110/><D110/><U44/><E129/><V49/><F49/><W98/><G98/><N who="0" m="61783" /><D76/><U112/><E112/><V117/><F117/><W100/><G100/><T64/><D83/><U23/><REACH who="1" step="1"/><E44/><REACH who="1" ten="190,98,260,442" step="2"/><V13/><F46/><W53/><G119/><T25/><D64/><U0/><E0/><V40/><F31/><W70/><G113/><T17/><D130/><U56/><E56/><V91/><F11/><W28/><G2/><T52/><D131/><U19/><E19/><V84/><F84/><W72/><G3/><T58/><D128/><U87/><E87/><V27/><F91/><RYUUKYOKU ba="0,1" sc="190,-10,98,30,260,-10,442,-10" hai1="4,6,7,15,16,23,54,59,77,81,85,132,134" owari="180,-22.0,128,-37.2,250,5.0,442,54.2" /></mjloggm>