<mjloggm ver="2.3"><GO type="225" lobby="0"/><UN n0="%E3%83%A9%E3%82%B9%E7%8E%87%EF%BC%93%E5%89%B2" n1="%E5%B6%BA%E4%B8%8A%E5%92%B2" n2="%72%61%6B%33" n3="%E6%9C%88%E5%B3%B6%E5%9F%BA" dan="17,16,16,18" rate="2185.10,2159.81,2139.40,2226.01" sx="F,F,M,M"/><TAIKYOKU oya="0"/><INIT seed="0,0,0,5,2,28" ten="250,250,250,250" oya="0" hai0="85,95,82,21,8,113,5,57,89,118,44,78,96" hai1="3,16,4,35,72,109,121,122,119,53,11,94,75" hai2="62,83,97,15,1,80,7,38,65,52,134,112,99" hai3="64,49,125,133,90,76,127,91,17,120,106,60,32"/><T26/><D113/><U92/><E119/><V135/><F112/><W98/><G133/><T126/><D126/><N who="3" m="48137" /><G120/><T108/><D118/><U20/><E109/><V74/><F38/><W9/><G76/><T73/><D108/><U128/><E128/><V129/><F1/><W61/><G32/><T70/><D70/><U107/><E107/><V14/><F7/><W13/><G49/><T34/><D34/><U88/><E35/><V55/><F62/><N who="3" m="24171" /><G64/><T33/><D33/><U47/><E94/><V23/><F23/><W2/><G2/><T104/><D57/><U110/><E110/><V117/><F117/><W12/><G12/><T101/><D44/><U46/><E121/><V84/><F74/><W67/><G67/><T40/><D40/><U68/><E122/><V66/><REACH who="2" step="1"/><F84/><REACH who="2" ten="250,250,240,250" step="2"/><W111/><G111/><T22/><REACH who="0" step="1"/><D26/><REACH who="0" ten="240,250,240,250" step="2"/><N who="1" m="14599" /><E68/><V29/><F29/><W86/><G86/><T45/><D45/><U31/><E31/><V63/><F63/><W25/><G25/><T30/><D30/><U24/><E24/><V100/><F100/><AGARI ba="0,2" hai="9,13,17,90,91,98,100,106" m="24171,48137" machi="100" ten="30,1000,0" yaku="18,1" doraHai="28" who="3" fromWho="2" sc="240,0,250,0,240,-10,250,30" /><INIT seed="1,0,0,2,5,39" ten="240,250,230,280" oya="1" hai0="93,119,121,27,0,114,32,68,97,49,101,103,51" hai1="126,63,12,8,56,17,54,35,75,55,6,132,3" hai2="22,26,92,91,25,9,28,99,38,30,76,79,94" hai3="81,16,70,1,84,58,14,23,98,90,61,104,19"/><U73/><E132/><V46/><F9/><N who="3" m="6223" /><G104/><T133/><D119/><U64/><E126/><V13/><F13/><N who="3" m="9711" /><G70/><T124/><D0/><U115/><E35/><V110/><F110/><W83/><G1/><T29/><D133/><U11/><E115/><V21/><REACH who="2" step="1"/><F92/><REACH who="2" ten="240,250,220,280" step="2"/><N who="3" m="54343" /><G98/><T111/><D111/><U7/><REACH who="1" step="1"/><E7/><REACH who="1" ten="240,240,220,280" step="2"/><V72/><F72/><AGARI ba="0,2" hai="3,6,8,11,12,17,54,55,56,63,64,72,73,75" machi="72" ten="40,7700,0" yaku="1,1,2,1,53,1" doraHai="39" doraHaiUra="15" who="1" fromWho="2" sc="240,0,240,97,220,-77,280,0" /><INIT seed="1,1,0,3,3,73" ten="240,337,143,280" oya="1" hai0="99,81,86,57,70,134,67,32,102,84,72,75,37" hai1="66,55,118,101,123,85,14,62,74,108,52,54,112" hai2="68,17,16,77,21,109,107,117,33,23,65,5,129" hai3="100,106,103,46,2,80,39,45,19,69,12,114,94"/><U34/><E74/><V42/><F117/><W38/><G114/><T22/><D32/><U1/><E1/><V82/><F33/><W26/><G2/><T47/><D70/><U51/><E112/><V6/><F107/><W125/><G69/><T60/><D134/><U29/><E123/><V24/><F109/><W95/><G106/><T31/><D86/><U64/><E118/><V127/><F127/><W110/><G110/><T61/><D61/><U71/><E108/><V49/><F129/><W50/><G26/><T130/><D130/><U93/><E64/><V30/><F65/><W128/><G125/><T41/><D22/><U13/><E34/><V43/><F68/><W119/><G119/><T111/><D31/><U120/><E29/><V132/><F132/><W59/><G80/><T83/><D83/><U53/><E120/><V92/><F92/><W88/><G95/><T48/><D37/><U121/><E121/><V113/><F30/><W116/><G39/><T9/><D9/><U58/><REACH who="1" step="1"/><E85/><REACH who="1" ten="240,327,143,280" step="2"/><N who="2" m="48335" /><F113/><W11/><G128/><T78/><REACH who="0" step="1"/><D111/><REACH who="0" ten="230,327,143,280" step="2"/><U96/><AGARI ba="1,2" hai="13,14,51,52,53,54,55,58,62,66,71,93,96,101" machi="96" ten="30,6000,0" yaku="1,1,0,1,54,1,53,0" doraHai="73" doraHaiUra="35" who="1" fromWho="1" sc="230,-21,327,83,143,-21,280,-21" /><INIT seed="1,2,0,5,1,54" ten="209,410,122,259" oya="1" hai0="67,1,110,36,49,37,71,7,14,97,19,130,2" hai1="75,87,119,114,93,23,10,131,9,0,40,22,13" hai2="91,70,81,117,111,128,113,101,122,99,21,44,32" hai3="72,105,42,66,17,47,6,50,89,28,48,64,129"/><U95/><E75/><V65/><F32/><W104/><G72/><T41/><D110/><U98/><E114/><V3/><F3/><W134/><G134/><T135/><D135/><U82/><E119/><V121/><F117/><W118/><G118/><T74/><D74/><U62/><E131/><V15/><F128/><W46/><G129/><T30/><D30/><U59/><E40/><V96/><F111/><W69/><G28/><T85/><D67/><U112/><E112/><V103/><F44/><W68/><G6/><T125/><D71/><N who="3" m="27209" /><G17/><T55/><D7/><U133/><E133/><V18/><F113/><W116/><G89/><T123/><D123/><U79/><E0/><V60/><F91/><W53/><G105/><T43/><D2/><U73/><E73/><V78/><F78/><W25/><G25/><T26/><D26/><U107/><E107/><V58/><F70/><W52/><G104/><T94/><D85/><U5/><E10/><V4/><F81/><W100/><G100/><T109/><D1/><U33/><E33/><V35/><F4/><W57/><G116/><T8/><D109/><U132/><E132/><V34/><F34/><W61/><AGARI ba="2,0" hai="42,46,47,48,50,52,53,57,61,64,66" m="27209" machi="61" ten="30,12000,2" yaku="35,5,52,1,54,1" doraHai="54" who="3" fromWho="3" sc="209,-32,410,-62,122,-32,259,126" /><INIT seed="2,0,0,1,4,19" ten="177,348,90,385" oya="2" hai0="26,69,44,76,0,86,91,33,58,134,48,51,40" hai1="65,99,115,4,67,88,29,11,90,18,36,52,35" hai2="16,63,57,3,24,64,81,56,82,23,93,39,42" hai3="55,92,70,84,112,130,96,28,10,123,37,12,6"/><V119/><F119/><W122/><G37/><T14/><D0/><U20/><E36/><V111/><F3/><W87/><G70/><T53/><D134/><U77/><E115/><V114/><F114/><W89/><G112/><T2/><D2/><N who="1" m="407" /><E77/><V104/><F104/><W97/><G130/><T79/><D69/><U17/><E35/><V126/><F126/><W49/><G28/><T116/><D116/><U59/><E99/><V38/><F111/><W117/><G117/><T124/><D124/><U135/><E135/><V113/><F113/><W30/><G30/><T121/><D121/><U107/><E107/><V83/><F42/><W5/><G5/><T118/><D118/><U1/><E1/><V85/><REACH who="2" step="1"/><F56/><REACH who="2" ten="177,348,80,385" step="2"/><N who="3" m="32879" /><G123/><T129/><D129/><U133/><E133/><V15/><F15/><W125/><G122/><T41/><D41/><U110/><E110/><V94/><F94/><N who="3" m="56399" /><G125/><T27/><D14/><U102/><E59/><V62/><F62/><W45/><G45/><T74/><D44/><U54/><E67/><V68/><F68/><W127/><G127/><T95/><D40/><U75/><E65/><V72/><F72/><W8/><G12/><T22/><D74/><U73/><E75/><V13/><F13/><N who="3" m="5271" /><G10/><T43/><D43/><U34/><E73/><V101/><F101/><AGARI ba="0,1" hai="84,87,92,97,101" m="5271,56399,32879" machi="101" ten="30,1000,0" yaku="8,1" doraHai="19" who="3" fromWho="2" sc="177,0,348,0,80,-10,385,20" /><INIT seed="3,0,0,5,3,32" ten="177,348,70,405" oya="3" hai0="93,29,90,89,48,109,92,87,135,73,21,19,123" hai1="18,13,126,86,2,22,110,4,52,35,75,134,78" hai2="50,49,106,104,0,54,33,76,97,53,96,34,60" hai3="88,70,112,47,108,23,28,119,101,102,10,71,1"/><W124/><G112/><T36/><D36/><U98/><E110/><V38/><F38/><W31/><G119/><T115/><D123/><U111/><E111/><V130/><F60/><W66/><G108/><T91/><D109/><U58/><E75/><V8/><F8/><W128/><G10/><T39/><D39/><U121/><E121/><V64/><F76/><W55/><G23/><T26/><D73/><U105/><E134/><V11/><F11/><W74/><G47/><T72/><D72/><U46/><E126/><V94/><F94/><W25/><G25/><T127/><D135/><U82/><E35/><V30/><F64/><W65/><G55/><T61/><D115/><U15/><E46/><V100/><F30/><W57/><G57/><T44/><D127/><U120/><E120/><V69/><F130/><W79/><G79/><T20/><D61/><U131/><E131/><V83/><F83/><W85/><G74/><T37/><D37/><U7/><E105/><V16/><F100/><W24/><G102/><T63/><D63/><U77/><E98/><V62/><F62/><W56/><G124/><T43/><D87/><U42/><E42/><V107/><F107/><W17/><G66/><T9/><D9/><U81/><E2/><V114/><F114/><W103/><G65/><T68/><D68/><U118/><E118/><V95/><F95/><W84/><G71/><T45/><D45/><U59/><E22/><V67/><F67/><W125/><G70/><T129/><D129/><U12/><E18/><V116/><F69/><W41/><G128/><T99/><D92/><RYUUKYOKU ba="0,0" sc="177,30,348,-10,70,-10,405,-10" hai0="19,20,21,26,29,43,44,48,89,90,91,93,99" owari="207,-19.3,338,13.8,60,-44.0,395,49.5" /></mjloggm>