<mjloggm ver="2.3"><GO type="225" lobby="0"/><UN n0="%E3%83%96%E3%83%83%E3%83%91%E3%82%AA%E3%83%96%E3%83%81%E3%82%AD%E3%83%B3" n1="%70%68%65%6E%6F%6D%65" n2="%E6%97%A5%E6%9B%9C%E6%97%A5%E3%82%88%E3%82%8A%E3%81%AE%E4%BD%BF%E8%80%85" n3="%E3%81%BF%E3%81%BF%E3%81%9A" dan="16,16,17,17" rate="2203.25,2176.97,2188.56,2187.38" sx="M,M,M,M"/><TAIKYOKU oya="0"/><INIT seed="0,0,0,5,0,26" ten="250,250,250,250" oya="0" hai0="86,3,57,102,5,87,108,129,109,9,41,35,56" hai1="20,10,58,36,33,55,69,11,1,16,114,71,128" hai2="34,54,51,130,113,123,92,22,28,67,79,68,99" hai3="93,91,81,38,6,15,122,48,85,103,97,116,7"/><T12/><D129/><U118/><E118/><V49/><F113/><W133/><G38/><T98/><D41/><U21/><E33/><V125/><F123/><W45/><G116/><T78/><D35/><U43/><E128/><V23/><F34/><W47/><G122/><T46/><D3/><U117/><E117/><V80/><F68/><W115/><G115/><T42/><D57/><U27/><E114/><V95/><F67/><W72/><G133/><T0/><D56/><U90/><E90/><V134/><F125/><W77/><G15/><T70/><D70/><U62/><E20/><V50/><F134/><W111/><G111/><N who="0" m="42571" /><D78/><U106/><E43/><V132/><F132/><W94/><G45/><T105/><D0/><U83/><E36/><AGARI ba="0,0" hai="5,9,12,36,42,46,86,87,98,102,105" m="42571" machi="36" ten="30,2900,0" yaku="14,1,10,1" doraHai="26" who="0" fromWho="1" sc="250,29,250,-29,250,0,250,0" /><INIT seed="0,1,0,5,0,37" ten="279,221,250,250" oya="0" hai0="24,49,98,59,113,109,22,21,9,83,34,48,0" hai1="36,32,94,52,87,85,110,44,133,121,104,20,107" hai2="19,91,108,33,14,118,61,62,73,74,93,68,123" hai3="75,96,131,100,119,30,45,47,27,23,99,86,16"/><T122/><D113/><U84/><E32/><V128/><F123/><W67/><G75/><T81/><D122/><U57/><E121/><V127/><F33/><W35/><G119/><T69/><D69/><U25/><E110/><V65/><F108/><W64/><G131/><T29/><D109/><U6/><E6/><V55/><F128/><W51/><G45/><T78/><D98/><N who="3" m="37417" /><G35/><T50/><D59/><U5/><E5/><V120/><F120/><W88/><G100/><T28/><D83/><U125/><E94/><V11/><F127/><W80/><G30/><T130/><D130/><U15/><E15/><V10/><F10/><W92/><G80/><T79/><D79/><U42/><E133/><V54/><F118/><W114/><G114/><T95/><D95/><U4/><E4/><V41/><F74/><W13/><G27/><T60/><D28/><U132/><E132/><V129/><F73/><W38/><G38/><T58/><D9/><U3/><E3/><V116/><F116/><W8/><G8/><T56/><D0/><U90/><E90/><V124/><F124/><W70/><G70/><T106/><D106/><U135/><E135/><V7/><F129/><W53/><AGARI ba="1,0" hai="13,16,23,47,51,53,64,67,86,88,92" m="37417" machi="53" ten="30,4000,0" yaku="8,1,54,2" doraHai="37" who="3" fromWho="3" sc="279,-21,221,-11,250,-11,250,43" /><INIT seed="1,0,0,0,3,125" ten="258,210,239,293" oya="1" hai0="117,15,62,11,20,94,126,119,52,116,111,89,1" hai1="115,114,61,35,121,133,135,21,90,134,53,106,124" hai2="77,91,40,100,72,113,95,47,85,88,26,112,6" hai3="57,127,74,37,56,92,65,122,102,93,107,96,24"/><U80/><E35/><V103/><F6/><W101/><G122/><T27/><D126/><U68/><E124/><V69/><F69/><W131/><G127/><T12/><D111/><U109/><E121/><V108/><F108/><W7/><G74/><T54/><D1/><U25/><E109/><V22/><F91/><W46/><G7/><T79/><D79/><U76/><E106/><V3/><F3/><W4/><G4/><T33/><D33/><U9/><E90/><V70/><F70/><W39/><G24/><T16/><D62/><U71/><E9/><V34/><F34/><W81/><G81/><T51/><D51/><U31/><E68/><V48/><F77/><W66/><G46/><T67/><D67/><N who="1" m="41455" /><E53/><V17/><REACH who="2" step="1"/><F72/><AGARI ba="0,0" hai="21,25,31,72,76,80,114,115,133,134,135" m="41455" machi="72" ten="30,1500,0" yaku="20,1" doraHai="125" who="1" fromWho="2" sc="258,0,210,15,239,-15,293,0" /><INIT seed="1,1,0,3,2,128" ten="258,225,224,293" oya="1" hai0="109,75,42,117,40,16,107,66,55,115,134,35,121" hai1="100,64,102,21,47,54,72,93,46,67,48,26,39" hai2="80,31,50,51,135,59,62,10,8,56,111,96,2" hai3="45,79,91,76,17,73,104,9,14,116,103,124,32"/><U12/><E72/><V43/><F2/><W1/><G32/><T131/><RYUUKYOKU type="yao9" ba="1,0" sc="258,0,225,0,224,0,293,0" hai0="16,35,40,42,55,66,75,107,109,115,117,121,131,134" /><INIT seed="1,2,0,0,3,44" ten="258,225,224,293" oya="1" hai0="61,62,71,100,75,92,104,39,93,27,123,115,29" hai1="121,97,54,95,22,65,106,21,6,50,68,4,7" hai2="46,113,8,114,67,129,32,33,108,134,88,52,58" hai3="49,18,90,36,41,130,28,9,25,43,60,73,35"/><U82/><E121/><V110/><F8/><W120/><G120/><T78/><D123/><U99/><E106/><V56/><F129/><W80/><G130/><T40/><D115/><N who="2" m="44042" /><F134/><W14/><G36/><T118/><D118/><U91/><E68/><V48/><F88/><W111/><G111/><N who="2" m="42537" /><F67/><W42/><G60/><T23/><D62/><U12/><E65/><V0/><F0/><W69/><G69/><T57/><D71/><U119/><E119/><V116/><F116/><W86/><REACH who="3" step="1"/><G73/><REACH who="3" ten="258,225,224,283" step="2"/><T133/><D75/><U31/><E97/><V38/><F38/><W66/><G66/><T10/><D61/><U117/><E117/><V19/><F19/><W98/><G98/><T45/><D39/><U81/><E31/><V128/><F128/><W112/><G112/><T107/><D29/><U34/><E99/><V74/><F74/><W102/><G102/><T2/><D100/><U11/><E6/><V16/><F16/><W85/><G85/><T70/><D70/><U96/><E7/><V101/><F101/><W125/><G125/><T26/><D133/><U83/><REACH who="1" step="1"/><E34/><AGARI ba="2,1" hai="32,33,34,46,48,52,56,58" m="42537,44042" machi="34" ten="40,8000,1" yaku="11,1,14,1,52,1,54,1" doraHai="44" who="2" fromWho="1" sc="258,0,225,-86,224,96,283,0" /><INIT seed="2,0,0,0,4,80" ten="258,139,320,283" oya="2" hai0="47,27,81,46,87,135,45,108,132,30,15,84,7" hai1="69,23,115,28,48,82,51,13,121,14,112,88,65" hai2="22,66,25,6,92,129,4,90,116,117,125,0,128" hai3="122,33,57,110,76,29,11,17,85,127,89,73,134"/><V131/><F66/><W118/><G122/><T53/><D108/><U39/><E39/><V83/><F83/><W60/><G118/><N who="2" m="45673" /><F0/><W12/><G127/><T42/><D42/><U106/><E106/><V10/><F10/><W104/><G134/><N who="0" m="51243" /><D53/><U101/><E121/><V8/><F8/><W114/><G114/><T49/><D49/><U34/><E101/><V99/><F125/><W107/><G110/><T36/><D36/><U64/><E34/><V133/><F133/><W71/><G76/><T59/><D59/><U120/><E120/><V58/><F58/><W111/><G73/><T38/><D38/><U16/><E28/><AGARI ba="0,0" hai="4,6,22,25,28,90,92,99,128,129,131" m="45673" machi="28" ten="40,2000,0" yaku="19,1" doraHai="80" who="2" fromWho="1" sc="258,0,139,-20,320,20,283,0" /><INIT seed="2,1,0,0,4,81" ten="258,119,340,283" oya="2" hai0="20,4,75,24,45,60,103,18,80,77,104,112,90" hai1="54,82,109,95,89,70,44,49,23,71,73,100,66" hai2="55,34,47,96,43,37,101,133,126,129,32,105,132" hai3="51,35,113,36,76,27,65,22,91,134,30,9,124"/><V25/><F126/><W108/><G36/><T107/><D112/><U98/><E109/><V50/><F129/><W26/><G108/><T0/><D103/><U86/><E66/><V87/><F25/><W92/><G124/><T68/><D90/><U39/><E39/><V135/><REACH who="2" step="1"/><F87/><REACH who="2" ten="258,119,330,283" step="2"/><W16/><G113/><T120/><D24/><U106/><REACH who="1" step="1"/><E23/><REACH who="1" ten="258,109,330,283" step="2"/><V115/><F115/><W12/><G22/><T29/><D20/><U99/><E99/><V61/><F61/><W111/><G111/><T15/><D60/><U119/><E119/><V131/><F131/><W69/><G35/><T1/><D120/><U6/><E6/><V64/><F64/><W121/><G65/><T14/><D4/><U13/><E13/><V127/><F127/><W21/><G121/><T116/><D14/><U118/><E118/><V97/><F97/><W48/><G27/><T38/><D15/><U41/><E41/><V5/><F5/><W19/><G26/><T10/><D116/><U59/><E59/><AGARI ba="1,2" hai="32,34,37,43,47,50,55,59,96,101,105,132,133,135" machi="59" ten="40,3900,0" yaku="1,1,20,1,53,0" doraHai="81" doraHaiUra="74" who="2" fromWho="1" sc="258,0,109,-42,330,62,283,0" /><INIT seed="2,2,0,3,1,55" ten="258,67,392,283" oya="2" hai0="5,133,22,10,68,62,39,86,91,36,126,49,7" hai1="131,97,3,120,105,58,20,75,101,104,56,109,13" hai2="117,23,111,79,19,70,88,98,115,29,134,78,63" hai3="129,119,11,24,32,118,28,42,59,125,84,89,54"/><V4/><F115/><W33/><G125/><T37/><D126/><U100/><E3/><V106/><F117/><W90/><G129/><T121/><D121/><U113/><E113/><V116/><F116/><W50/><G33/><T69/><D133/><U40/><E75/><V9/><F29/><W132/><G132/><T87/><D87/><U103/><E40/><V107/><F134/><W47/><G90/><T27/><D49/><U61/><E131/><V35/><F35/><W95/><REACH who="3" step="1"/><G11/><REACH who="3" ten="258,67,392,273" step="2"/><T25/><D10/><U38/><E120/><V41/><F9/><W44/><G44/><T96/><D5/><U1/><E109/><V12/><F4/><W74/><G74/><T60/><D7/><U52/><E1/><V30/><F111/><W114/><G114/><T108/><D91/><U26/><E38/><AGARI ba="2,1" hai="24,28,32,38,42,47,50,54,59,84,89,95,118,119" machi="38" ten="30,7700,0" yaku="1,1,7,1,52,1,53,1" doraHai="55" doraHaiUra="21" who="3" fromWho="1" sc="258,0,67,-83,392,0,273,93" owari="258,-14.2,-16,-51.6,392,49.2,366,16.6" /></mjloggm>