<mjloggm ver="2.3"><GO type="225" lobby="0"/><UN n0="%E6%A1%9C%E8%8A%B1%E9%96%83%E3%80%85" n1="%E3%81%8B%E3%82%8F%E3%81%A1%E3%82%83%E3%82%93%35%38" n2="%72%69%6F%75%63%68%61%6E" n3="%E3%82%8F%E3%81%8B%E3%81%B0%2A%E3%82%AC%E3%83%BC%E3%83%AB" dan="17,16,16,16" rate="2206.78,2147.17,2131.46,2070.31" sx="M,M,M,M"/><TAIKYOKU oya="0"/><INIT seed="0,0,0,2,5,17" ten="250,250,250,250" oya="0" hai0="127,56,112,26,115,76,77,1,33,62,64,90,130" hai1="9,114,68,72,73,128,15,10,131,108,27,107,3" hai2="45,54,82,101,91,71,104,84,16,61,106,100,12" hai3="18,48,47,75,30,134,37,122,133,42,92,14,34"/><T41/><D1/><U50/><E107/><V85/><F106/><W52/><G75/><T102/><D102/><U94/><E68/><V126/><F126/><W97/><G122/><T105/><D105/><U43/><E108/><V113/><F113/><W96/><G30/><T117/><D117/><U49/><E114/><V121/><F121/><W88/><G34/><T22/><D33/><U110/><E110/><V65/><F104/><W119/><G97/><T63/><D127/><U58/><E94/><V116/><F116/><W0/><G0/><T67/><D130/><N who="1" m="49707" /><E27/><V66/><F66/><W5/><G5/><T89/><D41/><U57/><E9/><V123/><F123/><W120/><G119/><T98/><D98/><U118/><E3/><V129/><F129/><W24/><G24/><T78/><D115/><U44/><E50/><N who="2" m="29007" /><F84/><W132/><G120/><T8/><D8/><AGARI ba="0,0" hai="8,12,16,61,65,71,82,85,91,100,101" m="29007" machi="8" ten="30,2000,0" yaku="25,1,54,1" doraHai="17" who="2" fromWho="0" sc="250,-20,250,0,250,20,250,0" /><INIT seed="1,0,0,2,0,102" ten="230,250,270,250" oya="1" hai0="4,24,74,103,135,18,10,44,54,41,16,83,90" hai1="89,6,66,29,130,58,115,101,15,86,131,45,107" hai2="99,69,82,91,120,98,94,49,35,122,70,51,84" hai3="1,134,118,36,53,116,34,64,129,60,3,67,21"/><U19/><E115/><V7/><F35/><W127/><G34/><T124/><D124/><U106/><E101/><V87/><F7/><W63/><G127/><T57/><D135/><U12/><E29/><V59/><F59/><W76/><G36/><T68/><D68/><U108/><E45/><V23/><F23/><W48/><G134/><T8/><D103/><U40/><E40/><V26/><F26/><W39/><G39/><T62/><D24/><U104/><E108/><V73/><F73/><W55/><G76/><T125/><D125/><U112/><E112/><V96/><F69/><W97/><G97/><T30/><D30/><U42/><E42/><V47/><F70/><W111/><G21/><T132/><D10/><U20/><E58/><V38/><F38/><W95/><G95/><T14/><D132/><U13/><E66/><V50/><REACH who="2" step="1"/><F47/><REACH who="2" ten="230,250,260,250" step="2"/><W5/><G5/><T33/><D33/><U93/><REACH who="1" step="1"/><E6/><REACH who="1" ten="230,240,260,250" step="2"/><V114/><F114/><W117/><G116/><T88/><D4/><U78/><E78/><AGARI ba="0,2" hai="49,50,51,78,82,84,87,91,94,96,98,99,120,122" machi="78" ten="40,1300,0" yaku="1,1,53,0" doraHai="102" doraHaiUra="110" who="2" fromWho="1" sc="230,0,240,-13,260,33,250,0" /><INIT seed="2,0,0,3,3,101" ten="230,227,293,250" oya="2" hai0="105,17,23,93,7,57,12,52,126,124,36,53,113" hai1="77,50,51,102,20,106,16,122,1,103,45,11,130" hai2="70,115,33,5,96,34,69,114,56,92,59,123,121" hai3="118,58,35,117,89,128,0,132,129,87,43,6,4"/><V62/><F5/><N who="3" m="2155" /><G35/><N who="2" m="13321" /><F62/><W65/><G43/><T49/><D113/><N who="2" m="43018" /><F96/><W125/><G0/><T63/><D36/><U100/><E1/><V94/><F56/><W82/><G125/><N who="0" m="48235" /><D7/><U80/><E11/><V13/><F59/><W42/><G42/><T108/><D108/><U133/><E133/><V15/><F92/><W97/><G132/><T60/><D93/><U75/><E130/><N who="3" m="50282" /><G97/><T24/><D105/><U55/><E122/><N who="2" m="46603" /><F94/><W61/><AGARI ba="0,0" hai="58,61,65,82,87,89,117,118" m="50282,2155" machi="61" ten="30,1100,0" yaku="19,1" doraHai="101" who="3" fromWho="3" sc="230,-3,227,-3,293,-5,250,11" /><INIT seed="3,0,0,1,1,131" ten="227,224,288,261" oya="3" hai0="127,104,43,59,12,103,128,1,42,21,79,73,107" hai1="24,72,114,30,102,17,19,113,123,16,98,87,64" hai2="46,119,118,65,95,81,132,84,44,122,40,37,86" hai3="100,2,125,0,74,13,8,51,34,4,129,62,70"/><W5/><G74/><T48/><D1/><U57/><E72/><V121/><F132/><W52/><G34/><T38/><D128/><U109/><E123/><N who="2" m="47115" /><F65/><W15/><G129/><T126/><D59/><U130/><E130/><V99/><F46/><W68/><G100/><T78/><D48/><U26/><E109/><V90/><F86/><W124/><G62/><T60/><D60/><N who="1" m="37903" /><E26/><V108/><F108/><W111/><G111/><T75/><D12/><N who="3" m="4681" /><G5/><T89/><D38/><U82/><E114/><V6/><F6/><W49/><G0/><T35/><D75/><U27/><E113/><V54/><F54/><W115/><G49/><T76/><D73/><U23/><E27/><V67/><F67/><W83/><G83/><T39/><D39/><U36/><E36/><V66/><F66/><W11/><G115/><T71/><D71/><U91/><E19/><V14/><F14/><W92/><G8/><T33/><D43/><U77/><E77/><AGARI ba="0,0" hai="37,40,44,77,81,84,90,95,99,118,119" m="47115" machi="77" ten="30,1000,0" yaku="13,1" doraHai="131" who="2" fromWho="1" sc="227,0,224,-10,288,10,261,0" /><INIT seed="4,0,0,5,1,24" ten="227,214,298,261" oya="0" hai0="35,44,87,82,86,96,65,95,104,43,111,105,23" hai1="8,73,116,120,74,85,100,117,27,131,115,10,91" hai2="53,63,16,40,55,113,88,90,84,103,99,72,41" hai3="76,97,127,36,134,3,119,49,125,83,94,126,128"/><T67/><D35/><U18/><E120/><V45/><F113/><W110/><G36/><T89/><D111/><U71/><E71/><V19/><F72/><W6/><G110/><T13/><D104/><U2/><E100/><V92/><F90/><W54/><G119/><N who="1" m="45642" /><E85/><V38/><F40/><W75/><G128/><T59/><D105/><U66/><E66/><V42/><F41/><W52/><G134/><T98/><D87/><U78/><E91/><V22/><F63/><W48/><G6/><T50/><D59/><U108/><E78/><V122/><F122/><W51/><REACH who="3" step="1"/><G3/><REACH who="3" ten="227,214,298,251" step="2"/><T46/><D46/><U57/><E108/><V132/><F132/><W56/><G56/><T32/><D44/><U102/><E2/><V121/><F121/><W64/><G64/><T101/><D67/><U61/><E131/><V33/><F33/><W9/><G9/><T129/><D65/><U69/><E8/><V20/><F20/><W80/><G80/><T135/><D135/><U109/><E109/><V7/><F7/><W5/><G5/><T39/><D39/><U106/><E10/><V37/><F38/><W58/><G58/><T124/><D129/><U12/><E57/><V60/><F60/><W30/><G30/><T25/><D82/><U4/><E4/><V17/><REACH who="2" step="1"/><F22/><REACH who="2" ten="227,214,288,251" step="2"/><W130/><G130/><T31/><D23/><U112/><E61/><V62/><F62/><W77/><G77/><T26/><D32/><U34/><E34/><V93/><AGARI ba="0,2" hai="16,17,19,37,42,45,53,55,84,88,92,93,99,103" machi="93" ten="30,7900,0" yaku="1,1,0,1,54,2,53,0" doraHai="24" doraHaiUra="118" who="2" fromWho="2" sc="227,-39,214,-20,288,99,251,-20" owari="188,-31.2,194,-20.6,387,48.7,231,3.1" /></mjloggm>