<mjloggm ver="2.3"><GO type="225" lobby="0"/><UN n0="%E3%81%AF%E3%82%88%E3%81%8A%E3%81%98%E3%81%95%E3%82%93" n1="%E3%81%8B%E3%82%8F%E3%81%A1%E3%82%83%E3%82%93%35%38" n2="%E3%83%96%E3%83%83%E3%83%91%E3%82%AA%E3%83%96%E3%83%81%E3%82%AD%E3%83%B3" n3="%E6%A1%9C%E8%8A%B1%E9%96%83%E3%80%85" dan="17,16,16,16" rate="2151.77,2157.61,2162.05,2120.75" sx="M,M,M,M"/><TAIKYOKU oya="0"/><INIT seed="0,0,0,0,4,99" ten="250,250,250,250" oya="0" hai0="32,50,39,80,131,84,62,95,116,11,61,96,43" hai1="36,133,10,74,1,113,91,33,102,124,3,57,77" hai2="98,18,20,55,54,68,85,17,9,35,87,79,107" hai3="112,0,73,78,48,46,109,37,16,42,76,93,27"/><T130/><D116/><U89/><E89/><V45/><F35/><W63/><G112/><T86/><D32/><U126/><E113/><V64/><F68/><W119/><G119/><T44/><D39/><U100/><E33/><V4/><F64/><W97/><G109/><T114/><D114/><U82/><E36/><V111/><F111/><W26/><G0/><N who="1" m="74" /><E10/><V104/><F79/><N who="3" m="30251" /><G73/><T51/><D11/><U106/><E106/><V47/><F98/><W129/><G129/><N who="0" m="49163" /><D51/><U115/><E115/><V123/><F9/><W24/><G63/><N who="0" m="24075" /><D80/><U30/><E57/><V19/><F19/><W105/><G37/><T49/><D50/><U110/><E110/><V7/><REACH who="2" step="1"/><F20/><REACH who="2" ten="250,250,240,250" step="2"/><N who="3" m="13319" /><G105/><T118/><D118/><U101/><E74/><V70/><F70/><W5/><G5/><T34/><D34/><U83/><E77/><V134/><F134/><W6/><G6/><T22/><D22/><U21/><E133/><V41/><F41/><W66/><G66/><T58/><D58/><U60/><E21/><V59/><F59/><W65/><G65/><T29/><D29/><U40/><E30/><V90/><F90/><AGARI ba="0,1" hai="26,27,42,46,48,90,93,97" m="13319,30251" machi="90" ten="30,2000,0" yaku="8,1,54,1" doraHai="99" who="3" fromWho="2" sc="250,0,250,0,240,-20,250,30" /><AGARI ba="0,0" hai="43,44,49,84,86,90,95,96" m="24075,49163" machi="90" ten="30,1500,0" yaku="19,1" doraHai="99" who="0" fromWho="2" sc="250,15,250,0,220,-15,280,0" /><INIT seed="0,1,0,1,4,42" ten="265,250,205,280" oya="0" hai0="102,22,12,50,28,40,46,21,3,82,100,132,70" hai1="49,13,4,123,68,60,109,31,108,131,51,15,88" hai2="64,112,1,130,35,73,8,129,34,18,58,2,91" hai3="85,77,0,92,128,63,87,124,71,39,27,105,95"/><T62/><D3/><N who="2" m="1034" /><F73/><W120/><G0/><T57/><D70/><U76/><E123/><V121/><F91/><W116/><G116/><T41/><D132/><U81/><E131/><N who="2" m="50187" /><F121/><W19/><G105/><T114/><D114/><U11/><E31/><V106/><F106/><W20/><G128/><T30/><D41/><U99/><E68/><V17/><F112/><W127/><G39/><T32/><D82/><U90/><E60/><N who="2" m="37911" /><F8/><W93/><G120/><T117/><D117/><U125/><E15/><V103/><F103/><N who="0" m="39466" /><D32/><AGARI ba="1,0" hai="17,18,32,34,35" m="37911,50187,1034" machi="32" ten="40,1300,0" yaku="19,1" doraHai="42" who="2" fromWho="0" sc="265,-16,250,0,205,16,280,0" /><INIT seed="1,0,0,3,5,108" ten="249,250,221,280" oya="1" hai0="85,52,102,3,20,21,18,84,38,103,23,61,0" hai1="63,5,26,67,127,37,33,86,69,24,16,22,1" hai2="51,10,112,105,107,53,82,62,41,135,71,25,68" hai3="115,64,124,57,79,117,36,65,106,89,134,104,14"/><U76/><E37/><V96/><F135/><W55/><G134/><T8/><D38/><U44/><E127/><V48/><F10/><W130/><G124/><T129/><D129/><U99/><E44/><V131/><F131/><W133/><G115/><T35/><D35/><U110/><E110/><V116/><F116/><W101/><G130/><T66/><D0/><U73/><E73/><V13/><F13/><W70/><G79/><T90/><D85/><U119/><E119/><V4/><F4/><W19/><G70/><T109/><D109/><U60/><E60/><V87/><F112/><W78/><G78/><T9/><D3/><U7/><E99/><V120/><F120/><W27/><G27/><T128/><D128/><U91/><E76/><V113/><F113/><W12/><G12/><N who="0" m="7431" /><D9/><U123/><E123/><V28/><F41/><W94/><G36/><T34/><D34/><U2/><E2/><V83/><F51/><N who="3" m="30975" /><G101/><T98/><D98/><U49/><E49/><V114/><F114/><W17/><G17/><T80/><D66/><N who="3" m="25705" /><G117/><T118/><D118/><U43/><E43/><V92/><F105/><W39/><G133/><T11/><D11/><N who="1" m="2479" /><E7/><V32/><F107/><W77/><G77/><T47/><D47/><U88/><E86/><V46/><F87/><N who="3" m="52543" /><G39/><T75/><D75/><U93/><E93/><V100/><F71/><W125/><G125/><T56/><AGARI ba="0,0" hai="20,21,23,52,56,61,80,84,90,102,103" m="7431" machi="56" ten="30,2000,0" yaku="8,1,54,1" doraHai="108" who="0" fromWho="0" sc="249,20,250,-10,221,-5,280,-5" /><INIT seed="2,0,0,4,3,25" ten="269,240,216,275" oya="2" hai0="50,119,61,120,8,135,79,17,91,128,98,52,44" hai1="74,35,33,55,103,45,85,1,115,72,110,90,122" hai2="62,124,92,40,69,123,32,132,104,56,58,48,113" hai3="38,0,23,121,53,71,5,68,6,127,11,19,18"/><V37/><F113/><W27/><G38/><T22/><D120/><U2/><E45/><V105/><F123/><W70/><G121/><T134/><D128/><U34/><E122/><V82/><F32/><W97/><G127/><T84/><D119/><U15/><E115/><V81/><F124/><W101/><G53/><T4/><D61/><U51/><E103/><V64/><F132/><N who="0" m="50730" /><D98/><U14/><E110/><V31/><F31/><W47/><G47/><T131/><D79/><U46/><E15/><V95/><F37/><W75/><G75/><T77/><D77/><U39/><E39/><V129/><F129/><W65/><G6/><T10/><D4/><U42/><E42/><V59/><F48/><W126/><G126/><T117/><D117/><U118/><E118/><V49/><F49/><W83/><G83/><N who="0" m="49567" /><D131/><U43/><E43/><V29/><F40/><W100/><G100/><T66/><D66/><U94/><REACH who="1" step="1"/><E14/><AGARI ba="0,0" hai="8,10,14,17,22,44,50,52" m="49567,50730" machi="14" ten="30,2000,0" yaku="20,1,54,1" doraHai="25" who="0" fromWho="1" sc="269,20,240,-20,216,0,275,0" /><INIT seed="3,0,0,1,4,133" ten="289,220,216,275" oya="3" hai0="88,123,35,98,44,47,67,26,56,132,53,115,90" hai1="15,94,135,83,68,59,4,64,0,48,61,77,36" hai2="33,1,52,91,106,23,84,22,50,130,122,127,25" hai3="124,20,102,120,54,117,60,113,107,131,80,128,75"/><W74/><G124/><T105/><D123/><U109/><E0/><V119/><F119/><W92/><G117/><T46/><D67/><U6/><E36/><V112/><F112/><W86/><G120/><T65/><D65/><U97/><E135/><V95/><F122/><W3/><G3/><T96/><D132/><U69/><E109/><V2/><F130/><N who="3" m="49707" /><G20/><T21/><D35/><U76/><E68/><V108/><F108/><W63/><G113/><T93/><D105/><U51/><E69/><V30/><F127/><W100/><G92/><N who="0" m="56343" /><D115/><U38/><E38/><V55/><F106/><W10/><G10/><T13/><D13/><U79/><E83/><V34/><F34/><W121/><G54/><T82/><D82/><U11/><REACH who="1" step="1"/><E4/><REACH who="1" ten="289,210,216,275" step="2"/><V14/><F55/><W70/><G70/><T104/><D53/><U32/><E32/><V57/><REACH who="2" step="1"/><F33/><REACH who="2" ten="289,210,206,275" step="2"/><W58/><G121/><T24/><D104/><U43/><E43/><V9/><F9/><W27/><G107/><T41/><D41/><U19/><E19/><AGARI ba="0,2" hai="1,2,14,19,22,23,25,30,50,52,57,84,91,95" machi="19" ten="40,8000,1" yaku="1,1,25,2,54,1,53,0" doraHai="133" doraHaiUra="78" who="2" fromWho="1" sc="289,0,210,-80,206,100,275,0" owari="289,8.9,130,-37.0,306,40.6,275,-12.5" /></mjloggm>