<mjloggm ver="2.3"><GO type="225" lobby="0"/><UN n0="%E6%98%93%E5%88%A9%E8%96%A9%E4%BC%AF" n1="%E5%B8%86%E7%AB%8B%E5%A4%8F%E8%A1%A3" n2="%E3%81%90%E3%81%A1%E3%82%84%E3%81%BE" n3="%E7%89%B9%E6%9D%B1%E3%81%AF%E4%B8%96%E7%95%8C%E3%82%92%E6%95%91%E3%81%86" dan="17,17,16,16" rate="2173.01,2173.52,2134.84,2148.17" sx="F,M,M,M"/><TAIKYOKU oya="0"/><INIT seed="0,0,0,4,0,121" ten="250,250,250,250" oya="0" hai0="0,87,65,111,108,116,56,44,122,60,55,69,46" hai1="17,10,106,24,79,93,68,112,5,42,13,34,134" hai2="128,26,45,36,133,100,129,2,66,4,81,28,114" hai3="67,12,62,41,130,30,109,107,131,20,103,83,123"/><T70/><D0/><U32/><E106/><V33/><F114/><W97/><G109/><N who="0" m="42059" /><D122/><U77/><E68/><N who="0" m="26217" /><D116/><U53/><E134/><V86/><F100/><W38/><G123/><T88/><D65/><U37/><E34/><V14/><F66/><W113/><G113/><T104/><D104/><U82/><E79/><V23/><F133/><W51/><G38/><T21/><D21/><U18/><E112/><V35/><F36/><W73/><G67/><T102/><D102/><U6/><E37/><V49/><F2/><W11/><G103/><T76/><D76/><U22/><E32/><V3/><F3/><W120/><G107/><T85/><D85/><U7/><E42/><V15/><F35/><W126/><G131/><T16/><D16/><U90/><E53/><V84/><F33/><W27/><G130/><T119/><D119/><U99/><REACH who="1" step="1"/><E17/><REACH who="1" ten="250,240,250,250" step="2"/><V125/><F129/><W117/><G120/><T8/><D8/><U39/><E39/><V80/><F128/><W127/><G117/><T94/><AGARI ba="0,1" hai="44,46,55,56,60,87,88,94" m="26217,42059" machi="94" ten="30,18000,2" yaku="14,1,10,1,52,3,54,1" doraHai="121" who="0" fromWho="0" sc="250,190,240,-60,250,-60,250,-60" /><INIT seed="0,1,0,0,0,60" ten="440,180,190,190" oya="0" hai0="15,1,27,13,104,101,75,120,99,88,134,9,83" hai1="95,4,77,107,69,11,33,46,67,129,76,98,109" hai2="56,66,79,39,90,80,54,123,89,114,52,100,55" hai3="59,51,6,113,124,43,108,125,110,20,0,53,68"/><T29/><D120/><U105/><E109/><N who="3" m="42090" /><G20/><T45/><D134/><U36/><E129/><V18/><F123/><W121/><G6/><T12/><D45/><U93/><E93/><V48/><F114/><W126/><G0/><T78/><D1/><U128/><E128/><V58/><F39/><W40/><G121/><T71/><D71/><U7/><E33/><V127/><F127/><W116/><G113/><T41/><D41/><N who="3" m="15945" /><G68/><T28/><D28/><U25/><E36/><V106/><F106/><W16/><G16/><T35/><REACH who="0" step="1"/><D88/><REACH who="0" ten="430,180,190,190" step="2"/><U8/><E69/><V112/><F90/><W57/><G116/><T97/><D97/><U5/><E98/><V130/><F89/><W34/><G34/><T44/><D44/><AGARI ba="1,1" hai="44,51,53,57,59,124,125,126" m="15945,42090" machi="44" ten="40,8000,1" yaku="18,1,14,1,34,2" doraHai="60" who="3" fromWho="0" sc="430,-83,180,0,190,0,190,93" /><INIT seed="1,0,0,2,5,132" ten="347,180,190,283" oya="1" hai0="8,103,75,51,116,40,2,104,70,94,91,34,7" hai1="84,1,85,77,46,65,22,36,121,110,5,54,101" hai2="133,93,72,32,53,107,23,68,129,135,15,130,59" hai3="106,98,12,102,57,10,33,66,127,117,105,118,48"/><U92/><E121/><V89/><F32/><W78/><G33/><T45/><D116/><N who="3" m="44649" /><G78/><T42/><D70/><U38/><E65/><V128/><F107/><N who="3" m="63959" /><G127/><T14/><D75/><U20/><E110/><V86/><F68/><W27/><G27/><T58/><D34/><U25/><E1/><V11/><F23/><W125/><G125/><T18/><D58/><U30/><E5/><N who="2" m="3567" /><F72/><W112/><G112/><T80/><D104/><U9/><E9/><V39/><F39/><W37/><G37/><T43/><D80/><U24/><E38/><V28/><F28/><W0/><G0/><T111/><D111/><U52/><E36/><V4/><F4/><N who="3" m="3143" /><G48/><AGARI ba="0,0" hai="48,53,59,86,89,93,128,129,130,133,135" m="3567" machi="48" ten="30,1000,0" yaku="19,1" doraHai="132" who="2" fromWho="3" sc="347,0,180,0,190,10,283,-10" /><INIT seed="2,0,0,4,4,9" ten="347,180,200,273" oya="2" hai0="73,33,0,75,52,24,103,83,27,38,60,45,123" hai1="118,34,31,35,14,92,109,17,99,44,48,79,13" hai2="78,16,25,115,82,135,32,111,90,3,77,127,6" hai3="70,117,54,57,28,74,84,56,37,23,61,93,102"/><V66/><F115/><W2/><G74/><T30/><D0/><U1/><E1/><V128/><F32/><W120/><G2/><T121/><D103/><N who="1" m="60903" /><E34/><V112/><F112/><W72/><G72/><T133/><D133/><U64/><E35/><V22/><F135/><W124/><G120/><T19/><D38/><U85/><E118/><V4/><F128/><W26/><G37/><T29/><D19/><U134/><E134/><V67/><F127/><W89/><G117/><T129/><D129/><U10/><E109/><V36/><F36/><W94/><G124/><T62/><D45/><U39/><E39/><V43/><F43/><W131/><G70/><T76/><D75/><U114/><E114/><V100/><F100/><W96/><G131/><T71/><D62/><U5/><E64/><N who="2" m="24619" /><F3/><W40/><G57/><T55/><D55/><N who="1" m="30087" /><E31/><V126/><F111/><W47/><G47/><T15/><D71/><U46/><E46/><V58/><F58/><W49/><REACH who="3" step="1"/><G40/><REACH who="3" ten="347,180,200,263" step="2"/><T116/><D116/><U51/><E51/><AGARI ba="0,1" hai="23,26,28,49,51,54,56,61,84,89,93,94,96,102" machi="51" ten="40,8000,1" yaku="1,1,2,1,8,1,53,1" doraHai="9" doraHaiUra="98" who="3" fromWho="1" sc="347,0,180,-80,200,0,263,90" /><INIT seed="3,0,0,4,0,78" ten="347,100,200,353" oya="3" hai0="34,92,44,23,107,60,47,118,28,53,61,62,83" hai1="1,85,98,56,80,88,90,91,7,119,52,9,48" hai2="63,102,100,81,40,33,74,37,133,109,94,135,54" hai3="103,86,131,120,45,29,112,77,93,73,66,104,99"/><W8/><G112/><T82/><D107/><U42/><E119/><V115/><F115/><W22/><G120/><T51/><D34/><U75/><E75/><V43/><F33/><W24/><G131/><T79/><D118/><U50/><E42/><N who="2" m="15915" /><F37/><W32/><G45/><T129/><D129/><U38/><E38/><V111/><F63/><W12/><G66/><T39/><D39/><U122/><E122/><V76/><F54/><W27/><G73/><T70/><D70/><U114/><E114/><V130/><F130/><W2/><G2/><T108/><D108/><N who="2" m="41546" /><F94/><W49/><G49/><T55/><D92/><U19/><E50/><V116/><F116/><W95/><G77/><T134/><D79/><U65/><E65/><V121/><F121/><W35/><G86/><T87/><D87/><U123/><E123/><V4/><F4/><W11/><G35/><T59/><D134/><AGARI ba="0,0" hai="74,76,81,100,102,133,134,135" m="41546,15915" machi="134" ten="30,3900,0" yaku="20,1,14,1,52,1" doraHai="78" who="2" fromWho="0" sc="347,-39,100,0,200,39,353,0" owari="308,10.8,100,-40.0,239,-16.1,353,45.3" /></mjloggm>