<mjloggm ver="2.3"><GO type="225" lobby="0"/><UN n0="%4B%2E%32%2E%4B%2E" n1="%E6%A1%9C%E8%8A%B1%E9%96%83%E3%80%85" n2="%E3%82%BC%E3%83%AB%E3%83%80%E3%81%AE%E4%BC%9D%E8%AA%AC" n3="%E3%83%96%E3%83%83%E3%83%91%E3%82%AA%E3%83%96%E3%83%81%E3%82%AD%E3%83%B3" dan="16,17,17,16" rate="2162.23,2236.34,2150.32,2219.78" sx="M,M,M,M"/><TAIKYOKU oya="0"/><INIT seed="0,0,0,2,1,108" ten="250,250,250,250" oya="0" hai0="51,83,52,120,40,96,124,99,65,57,72,24,42" hai1="23,44,88,16,56,5,37,129,77,21,43,123,79" hai2="11,47,89,118,102,36,116,59,111,134,26,71,80" hai3="17,68,50,18,9,132,15,130,84,62,31,4,128"/><T39/><D120/><U78/><E123/><V91/><F71/><W135/><G50/><T86/><D72/><U103/><E129/><N who="3" m="49770" /><G62/><N who="0" m="38095" /><D124/><U25/><E103/><V53/><F111/><W131/><N who="3" m="49778" /><W133/><DORA hai="107" /><G68/><T81/><D24/><U117/><E117/><N who="2" m="45163" /><F134/><N who="3" m="34307" /><W22/><DORA hai="2" /><G84/><T48/><D39/><U38/><E38/><V29/><F102/><W34/><G34/><T46/><D40/><U126/><E126/><V101/><F101/><W92/><G92/><T94/><D94/><U70/><E70/><V13/><F80/><N who="0" m="30794" /><D86/><U19/><E56/><AGARI ba="0,0" hai="42,46,48,51,52,56,96,99" m="30794,38095" machi="56" ten="30,2900,0" yaku="8,1,54,1" doraHai="108,107,2" who="0" fromWho="1" sc="250,29,250,-29,250,0,250,0" /><INIT seed="0,1,0,2,5,6" ten="279,221,250,250" oya="0" hai0="120,94,34,97,10,130,51,28,109,87,102,92,15" hai1="7,63,31,116,56,53,64,33,128,127,37,74,39" hai2="46,29,24,40,70,57,124,5,72,119,95,65,61" hai3="59,126,55,122,41,81,26,91,82,73,45,18,69"/><T131/><D120/><U107/><E74/><V89/><F124/><W48/><G126/><T134/><D134/><U22/><E127/><V36/><F119/><W88/><G122/><T23/><D34/><U12/><E116/><V121/><F121/><W106/><G69/><T129/><D109/><U8/><E128/><V60/><F72/><W43/><G106/><T132/><D132/><U30/><E107/><V27/><F5/><W108/><G108/><T58/><D28/><U2/><E64/><V19/><F19/><W14/><G26/><T49/><D23/><U96/><E96/><V75/><F75/><W20/><G43/><T135/><D58/><U118/><E118/><V38/><F38/><W25/><G25/><T111/><D111/><U115/><E115/><V42/><F42/><W125/><G125/><T99/><D87/><U90/><E90/><V62/><F27/><W110/><G110/><T32/><D32/><U3/><E33/><V1/><F1/><W44/><G44/><T4/><REACH who="0" step="1"/><D135/><REACH who="0" ten="269,221,250,250" step="2"/><U16/><REACH who="1" step="1"/><E3/><REACH who="1" ten="269,211,250,250" step="2"/><V86/><F70/><W0/><G0/><T112/><D112/><U101/><E101/><AGARI ba="1,2" hai="4,10,15,49,51,92,94,97,99,101,102,129,130,131" machi="101" ten="40,12000,1" yaku="1,1,9,1,19,1,52,1,53,0" doraHai="6" doraHaiUra="35" who="0" fromWho="1" sc="269,143,211,-123,250,0,250,0" /><INIT seed="0,2,0,3,1,95" ten="412,88,250,250" oya="0" hai0="83,85,16,14,109,98,120,21,87,4,34,56,112" hai1="99,0,17,68,54,52,115,127,76,8,7,6,102" hai2="133,60,106,69,84,27,107,114,118,3,53,134,111" hai3="122,130,75,51,79,89,46,65,41,63,80,91,9"/><T49/><D112/><U101/><E115/><V11/><F114/><W26/><G130/><T33/><D120/><U31/><E68/><V1/><F111/><W22/><G122/><T125/><D125/><U5/><E127/><V57/><F118/><W55/><G9/><T124/><D124/><U119/><E119/><V81/><F69/><W135/><G41/><T28/><D109/><U35/><E76/><N who="2" m="46119" /><F27/><W44/><G44/><T24/><D34/><U74/><E74/><V72/><F72/><W100/><G100/><T39/><D39/><U108/><E101/><V10/><F10/><W82/><G82/><T121/><D121/><U42/><E42/><V132/><F11/><W131/><G135/><T110/><D110/><U40/><E40/><V78/><F78/><W64/><G131/><T66/><D4/><U73/><E73/><V88/><F88/><W92/><G63/><T29/><D29/><U59/><E108/><V12/><F12/><W86/><REACH who="3" step="1"/><G89/><REACH who="3" ten="412,88,250,240" step="2"/><T13/><D83/><U70/><E8/><V43/><F43/><W94/><G94/><T37/><D37/><U71/><E7/><V77/><F77/><W36/><G36/><T58/><D49/><U30/><E6/><V105/><AGARI ba="2,1" hai="1,3,53,57,60,105,106,107,132,133,134" m="46119" machi="105" ten="40,1500,0" yaku="20,1" doraHai="95" who="2" fromWho="2" sc="412,-9,88,-6,250,31,240,-6" /><INIT seed="1,0,0,1,1,114" ten="403,82,281,234" oya="1" hai0="43,34,9,105,127,126,122,39,78,96,49,6,50" hai1="46,123,11,65,115,22,90,107,69,53,104,92,41" hai2="61,8,75,73,5,125,36,54,100,84,93,91,33" hai3="44,55,16,116,31,59,120,79,108,18,62,37,86"/><U119/><E115/><V88/><F33/><W28/><G120/><T48/><D34/><U24/><E123/><V71/><F36/><W128/><G108/><T94/><D105/><U70/><E53/><V132/><F100/><W52/><G128/><T87/><D122/><U4/><E119/><V14/><F125/><N who="0" m="47626" /><D78/><U111/><E111/><V17/><F132/><W19/><G116/><T63/><D87/><U26/><E104/><V7/><F7/><W85/><G37/><T2/><D63/><U83/><E83/><V72/><F91/><W58/><G44/><N who="0" m="25631" /><D39/><U118/><E107/><V60/><F71/><W109/><G109/><T82/><D82/><U106/><E106/><V101/><F101/><AGARI ba="0,0" hai="2,6,9,49,50,94,96,101" m="25631,47626" machi="101" ten="30,1000,0" yaku="18,1" doraHai="114" who="0" fromWho="2" sc="403,10,82,0,281,-10,234,0" /><INIT seed="2,0,0,3,5,52" ten="413,82,271,234" oya="2" hai0="34,41,4,49,73,46,11,133,79,113,126,35,58" hai1="36,101,129,120,12,78,22,68,71,26,105,13,39" hai2="116,38,27,21,102,65,20,24,29,80,85,107,110" hai3="70,132,128,40,67,103,112,122,84,54,109,98,108"/><V61/><F38/><W115/><G84/><T45/><D113/><N who="3" m="43593" /><G98/><T75/><D133/><U90/><E78/><V55/><F116/><W69/><G103/><T42/><D126/><U93/><E105/><V23/><F110/><N who="3" m="42603" /><G40/><T131/><D131/><U97/><E129/><V63/><F55/><W9/><G128/><T82/><D58/><U87/><E120/><V66/><F107/><W2/><G132/><T95/><D95/><U59/><E39/><V53/><F102/><W33/><G33/><T106/><D75/><U0/><E0/><V91/><F53/><W48/><G122/><T123/><D123/><U50/><E36/><V32/><REACH who="2" step="1"/><F24/><REACH who="2" ten="413,82,261,234" step="2"/><W28/><G67/><AGARI ba="0,1" hai="20,21,23,27,29,32,61,63,65,66,67,80,85,91" machi="67" ten="40,3900,0" yaku="1,1,2,1,53,0" doraHai="52" doraHaiUra="37" who="2" fromWho="3" sc="413,0,82,0,261,49,234,-39" /><INIT seed="2,1,0,2,5,125" ten="413,82,310,195" oya="2" hai0="71,16,35,4,101,62,37,104,94,108,32,14,111" hai1="76,95,131,7,106,114,80,99,11,100,119,1,6" hai2="123,33,103,110,122,15,65,74,26,90,112,87,70" hai3="118,23,29,132,116,38,22,9,50,121,48,57,53"/><V88/><F112/><W67/><G121/><T92/><D37/><U47/><E114/><V75/><F70/><W86/><G38/><T72/><D72/><U85/><E119/><V89/><F65/><W83/><G132/><T66/><D104/><U0/><E47/><V135/><F15/><W68/><G23/><T13/><D13/><U107/><REACH who="1" step="1"/><E131/><REACH who="1" ten="413,72,310,195" step="2"/><V8/><F122/><W44/><G116/><T52/><D108/><U115/><E115/><V3/><F123/><W134/><G44/><T21/><D111/><U17/><E17/><V55/><F110/><W20/><G118/><T98/><D4/><U93/><E93/><V63/><F135/><W27/><G134/><T45/><D92/><U56/><E56/><V43/><F43/><W124/><G57/><T34/><D45/><U61/><E61/><V49/><F63/><W97/><G68/><T77/><D71/><U84/><E84/><V24/><F87/><W25/><G86/><T109/><D109/><U19/><E19/><V105/><F75/><W102/><G50/><T39/><D39/><U113/><E113/><V128/><F74/><W36/><G48/><T12/><D94/><U129/><E129/><V81/><F128/><W18/><G36/><T58/><D16/><U120/><E120/><V126/><F126/><W60/><G18/><T51/><D51/><U28/><E28/><V73/><F73/><W130/><G29/><T5/><D5/><U59/><E59/><N who="2" m="33263" /><F81/><W54/><G124/><T30/><D66/><U2/><E2/><V79/><F3/><W42/><G130/><T133/><D133/><RYUUKYOKU ba="1,1" sc="413,-10,72,30,310,-10,195,-10" hai1="0,1,6,7,11,76,80,85,95,99,100,106,107" /><INIT seed="3,2,1,2,1,121" ten="403,102,300,185" oya="3" hai0="11,88,106,60,117,93,111,66,29,96,57,27,7" hai1="33,5,36,56,61,86,114,12,18,84,113,22,87" hai2="109,70,28,103,79,30,42,45,31,6,78,13,16" hai3="133,63,20,24,71,108,134,110,120,41,67,53,101"/><W46/><G120/><T85/><D111/><N who="3" m="42537" /><G101/><T34/><D117/><U99/><E36/><V58/><F109/><W83/><G83/><T65/><D65/><U128/><E33/><V68/><F103/><W10/><G10/><T81/><D106/><U64/><E128/><V77/><F6/><W14/><G14/><T98/><D81/><U17/><E113/><V130/><F130/><W55/><G20/><T21/><D21/><U129/><E114/><V91/><F91/><W1/><G24/><T116/><D116/><U125/><E129/><V52/><F79/><W4/><G4/><T132/><D132/><N who="3" m="50793" /><G1/><AGARI ba="2,1" hai="1,7,11,27,29,34,57,60,66,85,88,93,96,98" machi="1" ten="30,2000,0" yaku="7,1,54,1" doraHai="121" who="0" fromWho="3" sc="403,36,102,0,300,0,185,-26" owari="439,53.9,102,-39.8,300,10.0,159,-24.1" /></mjloggm>