<mjloggm ver="2.3"><GO type="225" lobby="0"/><UN n0="%E5%8D%A0%E3%81%84%E5%B8%AB%E8%A3%8F%E3%81%AA%E3%81%84%E3%81%97" n1="%72%69%6F%75%63%68%61%6E" n2="%77%72%77%72%77%72%77%72" n3="%E3%81%8B%E3%82%8F%E3%81%A1%E3%82%83%E3%82%93%35%38" dan="17,16,17,16" rate="2181.15,2106.42,2150.69,2144.21" sx="M,M,M,M"/><TAIKYOKU oya="0"/><INIT seed="0,0,0,5,2,69" ten="250,250,250,250" oya="0" hai0="71,130,44,74,126,38,42,28,86,111,9,25,92" hai1="120,114,121,18,101,67,26,27,77,107,41,22,134" hai2="82,64,0,5,108,110,51,76,104,105,96,65,35" hai3="75,30,8,16,115,1,128,68,70,95,39,12,87"/><T19/><D74/><U50/><E134/><V33/><F51/><W81/><G115/><T119/><D119/><U123/><E114/><V14/><F0/><W73/><G128/><T62/><D130/><U113/><E113/><V29/><F5/><W48/><G70/><T11/><D126/><U43/><E67/><N who="2" m="25675" /><F14/><W99/><G68/><T32/><D71/><U84/><E26/><V7/><F7/><W103/><G1/><T4/><D62/><U109/><E109/><N who="2" m="42091" /><F29/><W88/><G39/><T116/><D116/><U24/><E24/><V54/><F54/><W34/><G34/><N who="2" m="12809" /><F96/><W53/><REACH who="3" step="1"/><G30/><REACH who="3" ten="250,250,250,240" step="2"/><T80/><D111/><U59/><E123/><V10/><F10/><W122/><G122/><T97/><D4/><U21/><E121/><V56/><F56/><AGARI ba="0,1" hai="8,12,16,48,53,56,73,75,81,87,88,95,99,103" machi="56" ten="30,7700,0" yaku="1,1,7,1,54,2,53,0" doraHai="69" doraHaiUra="66" who="3" fromWho="2" sc="250,0,250,0,250,-77,240,87" /><INIT seed="1,0,0,4,1,131" ten="250,250,173,327" oya="1" hai0="24,28,91,63,71,105,26,9,25,7,76,78,107" hai1="20,10,126,96,133,95,15,34,18,40,130,112,85" hai2="103,80,31,68,5,104,134,90,118,73,111,67,88" hai3="46,127,110,12,50,1,51,27,128,99,115,119,74"/><U43/><E133/><V86/><F118/><W114/><G1/><T81/><D91/><U17/><E126/><V92/><F5/><W69/><G74/><T113/><D113/><U70/><E130/><V32/><F134/><W135/><G69/><T121/><D121/><U45/><E34/><V8/><F111/><W125/><G128/><T66/><D78/><U53/><E70/><V123/><F123/><W16/><G135/><T14/><REACH who="0" step="1"/><D28/><REACH who="0" ten="240,250,173,327" step="2"/><U101/><E112/><V0/><F90/><W62/><G115/><T48/><D48/><N who="1" m="28815" /><E85/><AGARI ba="0,1" hai="7,9,14,24,25,26,63,66,71,76,81,85,105,107" machi="85" ten="40,1300,0" yaku="1,1,53,0" doraHai="131" doraHaiUra="38" who="0" fromWho="1" sc="240,23,250,-13,173,0,327,0" /><INIT seed="2,0,0,1,3,38" ten="263,237,173,327" oya="2" hai0="79,30,82,103,111,80,128,130,39,85,43,105,88" hai1="18,11,54,119,66,49,95,48,20,71,53,5,59" hai2="124,57,69,75,40,96,131,122,62,3,84,93,100" hai3="83,61,120,28,58,101,63,99,23,72,2,113,112"/><V46/><F122/><W102/><G2/><T68/><D68/><U34/><E34/><V127/><F75/><W31/><G120/><T115/><D115/><N who="3" m="44105" /><G102/><T67/><D67/><U35/><E35/><V52/><F3/><W16/><G83/><T134/><D30/><N who="3" m="11305" /><G58/><T74/><D111/><U55/><E119/><V10/><F10/><W51/><G51/><T78/><D134/><U90/><E71/><V129/><F84/><W108/><G72/><N who="0" m="43079" /><D43/><U29/><E29/><V107/><F107/><N who="3" m="63935" /><G108/><T21/><D39/><U132/><E132/><V56/><F56/><W1/><G1/><T77/><D21/><U32/><E32/><V135/><F135/><W125/><G125/><N who="2" m="48201" /><F69/><W94/><G94/><N who="0" m="54543" /><D77/><U13/><E66/><V15/><F15/><AGARI ba="0,0" hai="15,16,23,61,63" m="63935,11305,44105" machi="15" ten="30,2000,0" yaku="11,1,54,1" doraHai="38" who="3" fromWho="2" sc="263,0,237,0,173,-20,327,20" /><INIT seed="3,0,0,2,3,42" ten="263,237,153,347" oya="3" hai0="54,31,26,24,21,57,28,71,134,74,41,45,1" hai1="38,117,105,50,126,99,44,97,16,96,43,108,56" hai2="3,113,34,64,40,48,94,101,93,39,53,128,130" hai3="107,17,90,10,110,30,9,125,82,83,63,70,80"/><W81/><G107/><T123/><D123/><U95/><E108/><V13/><F3/><W7/><G30/><T106/><D134/><U87/><E126/><V124/><F34/><W29/><G29/><T98/><D74/><U61/><E117/><V131/><F124/><W84/><G125/><T111/><D111/><U37/><E105/><V49/><F113/><W91/><G110/><T15/><D71/><U23/><E87/><V27/><F64/><W55/><G17/><T66/><D66/><N who="1" m="39207" /><E37/><V22/><F13/><W8/><G70/><T51/><D1/><U12/><E38/><V69/><F69/><W68/><G68/><T72/><D72/><U46/><E44/><V88/><F101/><AGARI ba="0,0" hai="12,16,23,43,46,50,95,96,97,99,101" m="39207" machi="101" ten="30,3900,0" yaku="8,1,52,1,54,1" doraHai="42" who="1" fromWho="2" sc="263,0,237,39,153,-39,347,0" owari="263,-13.7,276,7.6,114,-38.6,347,44.7" /></mjloggm>