<mjloggm ver="2.3"><GO type="225" lobby="0"/><UN n0="%E5%91%A8%E6%9D%B1" n1="%E8%A3%8F%E3%81%AE%E4%B8%BB%E5%B0%86" n2="%E9%B4%A8%4E%45%47%49" n3="%E6%98%93%E5%88%A9%E8%96%A9%E4%BC%AF" dan="17,16,16,17" rate="2226.10,2069.40,2076.13,2214.48" sx="M,F,M,F"/><TAIKYOKU oya="0"/><INIT seed="0,0,0,4,4,76" ten="250,250,250,250" oya="0" hai0="50,83,124,8,104,1,128,125,64,134,98,75,57" hai1="87,110,71,123,58,115,78,21,73,22,32,11,47" hai2="88,12,81,0,27,72,49,25,15,131,42,17,29" hai3="38,4,85,55,39,90,102,31,106,91,68,54,113"/><T62/><D134/><U82/><E71/><V126/><F0/><W63/><G113/><T60/><D128/><U23/><E32/><V14/><F126/><N who="0" m="48746" /><D50/><U96/><E123/><V70/><F70/><W99/><G4/><N who="0" m="1039" /><D62/><U108/><E115/><V44/><F131/><W80/><G31/><T133/><D133/><U122/><E122/><V86/><F72/><W61/><G91/><T56/><D56/><U107/><E58/><V69/><F69/><W114/><G114/><T18/><D18/><U33/><E33/><V120/><F120/><W51/><G63/><T35/><D35/><U36/><E11/><V26/><F29/><W112/><G112/><T5/><D5/><U121/><E121/><V41/><F41/><W2/><G2/><T30/><D30/><U53/><E36/><V7/><F7/><W127/><G127/><T89/><D104/><U95/><E107/><V19/><AGARI ba="0,0" hai="12,14,15,17,19,25,26,27,42,44,49,81,86,88" machi="19" ten="40,8000,1" yaku="0,1,8,1,52,1,54,1" doraHai="76" who="2" fromWho="2" sc="250,-40,250,-20,250,80,250,-20" /><INIT seed="1,0,0,5,3,26" ten="210,230,330,230" oya="1" hai0="2,55,11,6,126,82,69,66,117,81,16,12,73" hai1="104,35,7,70,76,34,102,84,108,106,44,101,90" hai2="17,5,122,0,118,3,64,107,131,83,77,22,9" hai3="20,28,112,14,103,58,57,91,19,127,61,30,32"/><U29/><E108/><V36/><F107/><W51/><G112/><T132/><D117/><U89/><E70/><V15/><F118/><W88/><G127/><T52/><D126/><U56/><E7/><V74/><F131/><W40/><G32/><T121/><D121/><U33/><E76/><V46/><F122/><W13/><G103/><T119/><D119/><U62/><E44/><V8/><F64/><W42/><G14/><T135/><D66/><U128/><E128/><V123/><F123/><W18/><G18/><T41/><D41/><N who="3" m="15977" /><G51/><T71/><D69/><U100/><E29/><N who="3" m="11370" /><G58/><T59/><D71/><U67/><REACH who="1" step="1"/><E89/><REACH who="1" ten="210,220,330,230" step="2"/><V63/><F46/><W49/><G49/><T116/><D116/><U75/><E75/><V47/><F47/><W31/><N who="3" m="11378" /><W105/><DORA hai="130" /><G105/><T113/><D73/><U78/><E78/><V43/><F43/><W24/><G24/><T45/><D45/><U27/><E27/><V125/><F125/><W10/><G20/><N who="0" m="11271" /><D113/><U79/><E79/><V114/><F114/><W99/><G99/><T4/><D4/><U48/><E48/><V53/><F5/><W72/><G72/><T94/><D59/><U115/><E115/><V97/><F97/><W129/><G129/><T134/><D94/><AGARI ba="0,1" hai="33,34,35,56,62,67,84,90,94,100,101,102,104,106" machi="94" ten="50,12000,1" yaku="1,1,53,3" doraHai="26,130" doraHaiUra="120,98" who="1" fromWho="0" sc="210,-120,220,130,330,0,230,0" /><INIT seed="1,1,0,1,5,78" ten="90,350,330,230" oya="1" hai0="27,47,89,54,135,83,93,52,59,42,94,36,110" hai1="130,88,133,18,91,26,37,22,15,41,31,74,35" hai2="87,67,132,49,114,11,113,82,61,50,115,81,51" hai3="99,76,24,127,44,29,90,56,124,20,65,16,122"/><U9/><E130/><V111/><F111/><W62/><G122/><T45/><D110/><U84/><E74/><V8/><F132/><W96/><G76/><T68/><D68/><U123/><E123/><V117/><F117/><W73/><G73/><T21/><D135/><U119/><E119/><V92/><F92/><W118/><G118/><T12/><D12/><U134/><E41/><V98/><F98/><W70/><G70/><T53/><D47/><U128/><E37/><V121/><F121/><W108/><G108/><T23/><D59/><U40/><E40/><V126/><F126/><W46/><G29/><T95/><REACH who="0" step="1"/><D27/><REACH who="0" ten="80,350,330,230" step="2"/><U33/><E128/><V60/><F67/><W97/><REACH who="3" step="1"/><G90/><REACH who="3" ten="80,350,330,220" step="2"/><T32/><D32/><U48/><E91/><V86/><F115/><W106/><G106/><T116/><D116/><U79/><E79/><N who="2" m="46399" /><F114/><W107/><G107/><T25/><D25/><U66/><E35/><V28/><F113/><W58/><G58/><T5/><D5/><U1/><E133/><V112/><F112/><W39/><G39/><T43/><D43/><U105/><E105/><V104/><F104/><W38/><G38/><T103/><D103/><U63/><E134/><V34/><F28/><W75/><G75/><T100/><D100/><U7/><E88/><N who="2" m="51319" /><F34/><W19/><G19/><T13/><D13/><U71/><E84/><AGARI ba="1,2" hai="21,23,36,42,45,52,53,54,83,84,89,93,94,95" machi="84" ten="40,5200,0" yaku="1,1,52,1,54,1,53,0" doraHai="78" doraHaiUra="4" who="0" fromWho="1" sc="80,75,350,-55,330,0,220,0" /><INIT seed="2,0,0,0,5,50" ten="155,295,330,220" oya="2" hai0="48,77,97,93,15,94,78,121,68,75,18,3,81" hai1="60,95,0,53,130,80,82,106,113,111,35,133,63" hai2="71,72,17,2,88,26,51,64,42,91,119,6,1" hai3="66,67,135,20,36,62,99,38,96,29,11,92,118"/><V7/><F72/><W8/><G118/><T76/><D3/><U28/><E106/><V57/><F119/><W98/><G135/><T41/><D68/><U56/><E113/><V65/><F71/><W126/><G126/><T101/><D121/><U31/><E0/><V85/><F2/><W128/><G128/><T30/><D30/><U110/><E133/><V73/><F73/><W116/><G116/><T34/><D34/><U104/><E104/><V43/><F1/><W23/><G92/><T61/><D61/><U79/><E130/><V52/><F26/><W13/><G29/><N who="1" m="11338" /><E35/><V87/><F17/><W114/><G62/><T10/><D94/><U40/><E40/><N who="2" m="15403" /><F91/><W124/><G124/><T100/><D100/><U9/><E9/><V129/><F87/><W105/><G105/><T123/><D123/><U127/><E127/><V45/><F129/><W25/><G25/><T14/><D14/><U84/><E79/><V134/><F134/><W47/><G99/><T27/><D27/><U39/><E39/><V5/><F45/><W58/><G47/><T16/><REACH who="0" step="1"/><D18/><REACH who="0" ten="145,295,330,220" step="2"/><U54/><E95/><AGARI ba="0,1" hai="5,6,7,51,52,57,64,65,85,88,95" m="15403" machi="95" ten="30,11600,0" yaku="8,1,52,1,54,2" doraHai="50" who="2" fromWho="1" sc="145,0,295,-116,330,126,220,0" /><INIT seed="2,1,0,1,1,56" ten="145,179,456,220" oya="2" hai0="50,109,15,115,2,5,74,63,101,67,93,44,87" hai1="102,36,110,72,130,39,58,92,7,4,8,35,29" hai2="3,19,14,52,71,103,81,9,34,24,37,122,94" hai3="68,70,0,104,43,116,123,98,131,126,41,57,100"/><V6/><F37/><W75/><G116/><T83/><D115/><U113/><E113/><V124/><F122/><W32/><G123/><T129/><D129/><U76/><E130/><V105/><F105/><W62/><G0/><T88/><D109/><U91/><E110/><V18/><F124/><W40/><G75/><T65/><D2/><U49/><E102/><V1/><F71/><W13/><G131/><T86/><D74/><U11/><E76/><V127/><F81/><W61/><G32/><T128/><D128/><U133/><E72/><V54/><F94/><W45/><G45/><T16/><D5/><U64/><E133/><V33/><F103/><W125/><G13/><T118/><D118/><U69/><E69/><V73/><F73/><W135/><G135/><T42/><D63/><N who="3" m="24073" /><G57/><T99/><D87/><U60/><E49/><V90/><F14/><W25/><G25/><T119/><D119/><U53/><E39/><V59/><F24/><W21/><G21/><AGARI ba="1,0" hai="15,16,21,42,44,50,65,67,83,86,88,93,99,101" machi="21" ten="30,7700,0" yaku="7,1,8,1,54,2" doraHai="56" who="0" fromWho="3" sc="145,80,179,0,456,0,220,-80" /><INIT seed="3,0,0,2,3,31" ten="225,179,456,140" oya="3" hai0="108,61,24,3,76,22,52,21,88,8,51,20,81" hai1="10,29,105,54,42,30,39,69,17,53,95,84,19" hai2="14,114,74,83,107,9,56,121,73,90,89,47,71" hai3="44,64,48,100,43,132,70,124,125,102,75,129,5"/><W45/><G75/><T79/><D108/><U80/><E105/><V112/><F56/><W6/><G132/><T98/><D3/><U116/><E69/><V58/><F58/><W97/><G129/><T96/><D8/><U120/><E120/><V4/><F71/><W63/><G45/><N who="0" m="27759" /><D61/><U41/><E116/><V106/><F47/><W11/><G102/><T115/><D24/><U133/><E133/><V13/><F83/><W50/><G50/><T16/><D16/><N who="1" m="6219" /><E39/><V82/><F82/><W87/><G87/><N who="0" m="50287" /><D115/><U111/><E111/><V117/><F9/><W66/><G66/><T40/><D40/><N who="1" m="15467" /><E95/><V127/><F4/><W99/><G99/><AGARI ba="0,0" hai="20,21,22,76,79,96,98,99" m="50287,27759" machi="99" ten="30,3900,0" yaku="8,1,54,2" doraHai="31" who="0" fromWho="3" sc="225,39,179,0,456,0,140,-39" owari="264,6.4,179,-22.1,456,55.6,101,-39.9" /></mjloggm>