<mjloggm ver="2.3"><GO type="225" lobby="0"/><UN n0="%E3%83%96%E3%83%83%E3%83%91%E3%82%AA%E3%83%96%E3%83%81%E3%82%AD%E3%83%B3" n1="%E6%9C%88%E5%B3%B6%E5%9F%BA" n2="%E3%81%BD%E3%81%A1%E3%81%9F%E3%81%93%E3%82%84" n3="%E7%B4%94%E6%BD%94%E3%83%94%E3%83%A9%E3%83%8B%E3%82%A2" dan="16,17,16,17" rate="2174.36,2222.51,2127.96,2216.54" sx="M,M,M,M"/><TAIKYOKU oya="0"/><INIT seed="0,0,0,5,3,34" ten="250,250,250,250" oya="0" hai0="23,99,31,105,52,63,48,53,66,71,94,121,101" hai1="40,49,29,32,89,58,33,128,133,106,80,75,56" hai2="98,37,92,78,9,24,70,38,123,132,113,68,36" hai3="130,2,13,26,104,17,12,50,35,103,77,45,76"/><T44/><D121/><U97/><E128/><V43/><F113/><W60/><G130/><T84/><D53/><U88/><E133/><V120/><F132/><W119/><G119/><T74/><D74/><U65/><E29/><V41/><F78/><W115/><G115/><T110/><D110/><U1/><E1/><V25/><F9/><W117/><G2/><T107/><REACH who="0" step="1"/><D84/><REACH who="0" ten="240,250,250,250" step="2"/><U55/><E75/><V64/><F120/><W82/><G117/><T116/><D116/><U46/><E55/><V85/><F85/><W15/><G60/><T10/><D10/><U102/><E65/><V90/><F123/><W93/><G104/><T86/><D86/><U16/><E106/><V134/><F134/><W126/><G126/><T111/><D111/><U87/><E87/><V83/><F83/><W11/><G82/><T19/><D19/><U7/><E16/><V61/><F43/><N who="3" m="24895" /><G76/><T20/><D20/><U129/><E80/><V39/><F41/><W18/><G77/><T112/><D112/><U47/><E129/><V57/><N who="2" m="9216" /><DORA hai="108" /><V135/><REACH who="2" step="1"/><F135/><REACH who="2" ten="240,250,240,250" step="2"/><W69/><G11/><T95/><D95/><U79/><E79/><V122/><F122/><W21/><G93/><T100/><D100/><U42/><E102/><V62/><F62/><W67/><G103/><T127/><D127/><U54/><E42/><V14/><F14/><W5/><G13/><T28/><D28/><U118/><E40/><V124/><F124/><W114/><G12/><T51/><D51/><U3/><E49/><V0/><F0/><W91/><G15/><T22/><D22/><U30/><E3/><RYUUKYOKU ba="0,2" sc="240,15,250,-15,240,15,250,-15" hai0="23,31,44,48,52,63,66,71,94,99,101,105,107" hai2="24,25,57,61,64,68,70,90,92,98" /><INIT seed="0,1,2,4,4,84" ten="255,235,255,235" oya="0" hai0="114,79,82,80,66,50,115,29,37,98,52,122,45" hai1="7,126,69,40,94,44,77,62,20,123,81,46,23" hai2="49,100,132,60,65,3,83,130,38,53,110,127,39" hai3="120,106,48,16,64,135,18,118,12,119,4,74,76"/><T88/><D122/><U61/><E123/><V10/><F100/><W103/><G120/><T133/><D133/><U87/><E126/><V19/><F127/><W26/><G135/><T8/><D66/><U59/><E69/><V102/><F102/><W67/><G48/><T68/><D68/><U95/><E7/><V125/><F125/><W15/><G103/><T41/><D29/><U9/><E9/><V5/><F132/><W91/><G74/><T70/><D70/><U107/><E107/><V111/><F130/><W101/><G101/><T32/><D32/><U17/><E23/><V71/><F19/><W35/><G76/><T108/><D8/><U124/><E62/><V51/><F51/><W128/><G26/><T116/><D116/><U28/><E28/><V54/><F83/><W22/><G22/><T78/><D108/><N who="2" m="41514" /><F54/><W55/><G55/><T96/><D80/><U0/><E124/><V97/><F97/><W112/><G4/><T73/><D79/><U105/><E105/><V63/><F60/><W56/><G106/><T57/><REACH who="0" step="1"/><D98/><REACH who="0" ten="245,235,255,235" step="2"/><U34/><E81/><V90/><F90/><W1/><G91/><T104/><D104/><U99/><E99/><V36/><F65/><W43/><G118/><T85/><D85/><U58/><E87/><V117/><F71/><W2/><G119/><T72/><D72/><U27/><E77/><V89/><F89/><W24/><G64/><T25/><D25/><U14/><E27/><V134/><F117/><W131/><G67/><T93/><AGARI ba="1,3" hai="37,41,45,50,52,57,73,78,82,88,93,96,114,115" machi="93" ten="30,12000,1" yaku="1,1,0,1,52,1,54,2,53,0" doraHai="84" doraHaiUra="6" who="0" fromWho="0" sc="245,153,235,-41,255,-41,235,-41" /><INIT seed="0,2,0,0,1,125" ten="398,194,214,194" oya="0" hai0="119,56,113,63,101,20,71,8,88,39,91,32,54" hai1="67,7,17,110,36,68,97,99,116,98,82,16,76" hai2="65,133,115,50,85,26,9,87,59,43,90,66,128" hai3="5,11,83,134,80,24,109,61,95,22,25,41,69"/><T28/><D113/><U73/><E116/><V84/><F115/><W27/><G109/><T6/><D119/><U74/><E110/><V46/><F133/><W31/><G134/><T79/><D39/><U51/><E36/><V127/><F127/><W96/><G41/><T52/><D32/><U102/><E74/><V29/><F128/><W55/><G69/><T37/><D37/><U92/><E7/><V103/><F103/><W75/><G75/><T111/><D111/><U33/><E33/><V47/><F47/><W94/><G94/><T117/><D117/><U135/><E135/><V49/><F9/><W18/><G5/><T106/><D71/><U124/><E124/><V112/><F112/><W105/><G105/><T10/><D79/><U100/><E51/><V89/><F50/><W130/><G130/><T23/><D106/><U13/><E92/><V34/><REACH who="2" step="1"/><F66/><REACH who="2" ten="398,194,204,194" step="2"/><W48/><G11/><N who="0" m="4139" /><D101/><U118/><E118/><V60/><AGARI ba="2,1" hai="26,29,34,43,46,49,59,60,65,84,85,87,89,90" machi="60" ten="30,2000,0" yaku="1,1,0,1,53,0" doraHai="125" doraHaiUra="93" who="2" fromWho="2" sc="398,-12,194,-7,204,36,194,-7" /><INIT seed="1,0,0,0,5,120" ten="386,187,240,187" oya="1" hai0="128,82,105,122,96,86,32,48,39,109,3,23,22" hai1="119,70,127,14,111,10,84,85,79,56,92,35,27" hai2="0,19,13,53,21,121,74,131,107,7,34,98,12" hai3="37,15,108,76,89,20,88,51,97,64,99,26,104"/><U31/><E119/><V130/><F74/><W43/><G37/><T134/><D32/><U41/><E70/><V118/><F121/><W69/><G69/><T50/><D39/><U9/><E127/><V135/><F118/><W24/><G64/><T90/><D3/><U95/><E41/><V28/><F135/><W33/><G76/><T102/><D122/><U29/><E56/><V62/><F62/><W93/><G33/><T8/><D134/><U80/><E79/><V30/><F53/><W47/><G108/><T106/><D109/><U116/><E35/><V83/><F83/><W4/><G104/><T25/><D128/><N who="2" m="49194" /><F34/><W133/><G133/><T72/><D8/><U45/><E80/><V59/><F59/><W44/><G47/><T11/><D11/><U114/><E45/><V67/><F67/><W132/><G132/><T38/><D38/><U61/><E61/><V75/><F75/><W66/><G66/><T2/><D2/><U124/><E116/><V60/><F60/><W63/><G63/><T115/><D72/><U52/><E52/><V55/><F55/><W6/><G15/><N who="2" m="5705" /><F98/><W57/><G57/><T5/><D82/><U101/><E14/><N who="2" m="9463" /><F107/><W113/><G97/><T58/><D58/><U17/><E101/><V94/><F94/><W117/><G117/><T16/><D102/><U123/><E95/><V78/><F78/><W42/><G99/><T71/><D96/><U112/><E92/><V1/><F1/><W54/><G93/><T73/><D71/><U49/><E123/><V65/><F65/><W18/><G44/><T126/><D106/><RYUUKYOKU ba="0,0" sc="386,-10,187,-10,240,30,187,-10" hai2="0,7,28,30" /><INIT seed="2,1,0,5,2,119" ten="376,177,270,177" oya="2" hai0="31,74,91,130,79,58,42,101,66,122,25,71,75" hai1="128,123,55,99,85,80,110,82,49,134,100,94,104" hai2="16,0,68,132,133,8,93,62,64,11,3,6,29" hai3="45,2,70,89,15,12,76,18,95,73,106,113,78"/><V65/><F29/><W117/><G106/><T57/><D122/><U21/><E123/><V50/><F65/><W28/><G2/><T84/><D101/><U52/><E110/><V33/><F33/><W87/><G70/><T97/><D97/><U56/><E128/><V46/><F93/><W115/><G117/><T1/><D1/><U43/><E134/><V40/><REACH who="2" step="1"/><F16/><REACH who="2" ten="376,177,260,177" step="2"/><W86/><G28/><T96/><D66/><U13/><E94/><V60/><F60/><W32/><G18/><T4/><D31/><U77/><E104/><V81/><F81/><W120/><G95/><T103/><D25/><U59/><E82/><V38/><F38/><W30/><G30/><T26/><D26/><U27/><E27/><V36/><F36/><W63/><G32/><T34/><D34/><U129/><E80/><V124/><F124/><W35/><G35/><T48/><D130/><U108/><E129/><V22/><F22/><W23/><G23/><T83/><D83/><U47/><E21/><V127/><F127/><W14/><G63/><T72/><D72/><U105/><E105/><V51/><F51/><W54/><G73/><T114/><D48/><U20/><E49/><V131/><F131/><W37/><G37/><T111/><D75/><U7/><E20/><V98/><F98/><W102/><G86/><T125/><D96/><U109/><E99/><V121/><F121/><W61/><G120/><T69/><D84/><U44/><E85/><V39/><F39/><W19/><G19/><T17/><D74/><U67/><E67/><V41/><F41/><W9/><G87/><RYUUKYOKU ba="1,1" sc="376,-10,177,-10,260,30,177,-10" hai2="0,3,6,8,11,40,46,50,62,64,68,132,133" /><INIT seed="2,2,1,2,1,35" ten="366,167,290,167" oya="2" hai0="91,112,13,26,121,30,65,70,102,71,105,43,125" hai1="118,56,69,86,3,82,110,37,96,113,25,28,101" hai2="78,61,4,72,117,123,98,17,52,58,44,111,93" hai3="122,45,62,22,18,109,115,120,128,84,87,73,6"/><V31/><F117/><W59/><G73/><T50/><D112/><U126/><E118/><V11/><F123/><W2/><G115/><T81/><D121/><U129/><E113/><V10/><F111/><W46/><G109/><T97/><D125/><U54/><E110/><V130/><F130/><W23/><G128/><T48/><D43/><U9/><E126/><V24/><F17/><W66/><G120/><T51/><D13/><U79/><E37/><V119/><F119/><W107/><G107/><T76/><D91/><U75/><E69/><V135/><F135/><W42/><G22/><T88/><D88/><U0/><E9/><V33/><F44/><W80/><G122/><T60/><D71/><U41/><E75/><V16/><F16/><W116/><G116/><T134/><D134/><U103/><E41/><V67/><F67/><W92/><G92/><T64/><D64/><U39/><E39/><V20/><F33/><W12/><G80/><T63/><D63/><U15/><E15/><V106/><F106/><W99/><G99/><T83/><REACH who="0" step="1"/><D76/><REACH who="0" ten="356,167,290,167" step="2"/><U1/><E129/><V74/><F78/><W127/><G127/><T100/><D100/><U27/><E96/><V55/><F55/><W19/><G42/><T38/><D38/><U14/><E14/><V95/><F98/><W21/><G2/><T47/><D47/><U85/><E101/><V36/><F36/><W131/><G131/><T77/><D77/><U108/><E103/><V90/><F90/><W68/><G68/><T40/><D40/><U34/><E108/><V49/><F61/><W5/><G62/><RYUUKYOKU ba="2,2" sc="356,30,167,-10,290,-10,167,-10" hai0="26,30,48,50,51,60,65,70,81,83,97,102,105" /><INIT seed="3,3,2,2,0,26" ten="386,157,280,157" oya="3" hai0="86,65,125,72,104,12,88,51,68,76,56,116,20" hai1="111,74,45,108,97,126,75,14,9,84,5,100,119" hai2="3,122,82,24,53,101,134,21,57,46,123,6,54" hai3="89,130,43,128,112,92,131,85,36,90,80,103,133"/><W78/><G36/><T135/><D116/><U15/><E119/><V64/><F134/><W32/><G43/><T99/><D135/><U58/><E126/><V109/><F109/><N who="1" m="42057" /><E58/><V11/><F101/><W40/><G40/><T23/><D125/><U47/><E84/><V96/><F96/><N who="3" m="59783" /><G133/><T87/><D12/><U67/><E67/><V28/><F82/><W16/><G32/><T49/><D20/><U17/><E17/><V10/><F10/><W42/><G42/><T19/><D88/><N who="3" m="33897" /><G16/><T70/><D104/><N who="1" m="63503" /><E15/><V34/><F34/><W37/><G37/><T121/><D51/><U41/><E41/><V129/><F122/><W60/><G60/><T115/><D115/><AGARI ba="3,2" hai="78,80,85,112,115,128,130,131" m="33897,59783" machi="115" ten="40,12000,1" yaku="19,1,34,2,54,1" doraHai="26" who="3" fromWho="0" sc="386,-129,157,0,280,0,157,149" owari="257,-14.3,157,-34.3,280,8.0,306,40.6" /></mjloggm>