<mjloggm ver="2.3"><GO type="225" lobby="0"/><UN n0="%E6%A1%9C%E8%8A%B1%E9%96%83%E3%80%85" n1="%E5%91%A8%E6%9D%B1" n2="%E3%82%B3%E3%83%90%E3%83%AC%E3%82%A4" n3="%E3%83%96%E3%83%83%E3%83%91%E3%82%AA%E3%83%96%E3%83%81%E3%82%AD%E3%83%B3" dan="16,17,16,16" rate="2144.87,2136.76,2169.03,2155.18" sx="M,M,M,M"/><TAIKYOKU oya="0"/><INIT seed="0,0,0,2,5,113" ten="250,250,250,250" oya="0" hai0="111,15,70,80,42,72,122,60,93,79,18,123,30" hai1="21,83,33,38,90,35,78,99,34,84,108,118,120" hai2="117,8,106,41,116,25,58,81,23,128,39,14,104" hai3="40,115,129,102,95,98,92,24,6,91,119,88,132"/><T32/><D42/><U112/><E120/><V77/><F128/><W9/><G115/><T65/><D93/><U57/><E112/><V22/><F41/><W16/><G129/><T85/><D85/><U5/><E38/><V125/><F39/><W27/><G132/><T110/><D18/><U96/><E108/><N who="0" m="41513" /><D15/><U3/><E3/><V101/><F58/><W12/><G119/><N who="2" m="45641" /><F125/><W97/><G102/><T54/><D54/><U17/><E57/><V26/><F23/><W68/><G68/><T56/><D56/><U107/><E118/><V31/><F26/><AGARI ba="0,0" hai="26,30,32,60,65,70,72,79,80,122,123" m="41513" machi="26" ten="30,5800,0" yaku="14,1,10,1,23,1" doraHai="113" who="0" fromWho="2" sc="250,58,250,0,250,-58,250,0" /><INIT seed="0,1,0,2,4,74" ten="308,250,192,250" oya="0" hai0="117,58,68,57,21,83,123,41,26,97,95,126,104" hai1="120,90,29,86,30,87,71,35,134,124,88,128,119" hai2="89,73,19,52,38,59,94,66,32,69,82,44,92" hai3="55,135,98,125,46,51,79,47,60,106,20,53,25"/><T61/><D117/><U91/><E120/><V115/><F32/><W107/><G135/><T113/><D123/><U116/><E71/><V37/><F115/><W24/><G125/><T101/><D113/><U85/><E124/><V43/><F38/><W5/><G5/><T49/><D126/><U62/><E134/><V109/><F109/><W110/><G110/><T121/><D121/><U96/><E62/><V67/><F66/><W1/><G1/><T72/><D104/><U33/><E96/><V50/><F19/><W111/><G111/><T63/><D68/><U28/><E128/><V65/><F65/><W103/><G107/><T130/><D130/><U0/><E0/><V40/><F40/><W133/><G133/><T100/><D100/><U127/><E127/><V36/><F36/><W23/><G79/><T56/><D83/><U84/><N who="1" m="21504" /><DORA hai="112" /><U108/><E108/><V12/><F12/><W22/><REACH who="3" step="1"/><G60/><REACH who="3" ten="308,250,192,240" step="2"/><T16/><REACH who="0" step="1"/><D72/><REACH who="0" ten="298,250,192,240" step="2"/><U118/><AGARI ba="1,2" hai="28,29,30,33,35,88,90,91,116,118,119" m="21504" machi="118" ten="60,32000,5" yakuman="40" doraHai="74,112" who="1" fromWho="1" sc="298,-161,250,343,192,-81,240,-81" /><INIT seed="1,0,0,3,5,52" ten="137,593,111,159" oya="1" hai0="94,90,83,5,4,45,19,134,57,117,15,16,23" hai1="60,27,41,32,14,112,131,12,8,107,126,125,18" hai2="129,20,71,68,46,53,25,100,64,106,67,133,49" hai3="113,55,22,119,76,109,77,7,0,40,101,24,97"/><U89/><E107/><V98/><F129/><W110/><G113/><T10/><D117/><U38/><E38/><V42/><F133/><W118/><G40/><T132/><D83/><U31/><E41/><V1/><F1/><W30/><G7/><T79/><D79/><N who="3" m="30281" /><G0/><T114/><D114/><U2/><E112/><V9/><F9/><W37/><G55/><T121/><D45/><U104/><E104/><V28/><REACH who="2" step="1"/><F53/><REACH who="2" ten="137,593,101,159" step="2"/><W122/><G119/><T85/><D121/><U74/><E2/><V99/><F99/><W58/><G118/><T56/><D132/><U59/><E131/><V61/><F61/><W21/><G97/><T91/><D134/><U35/><E8/><V29/><F29/><W124/><G30/><T3/><D4/><U36/><E60/><V135/><F135/><W43/><G122/><T63/><D63/><U128/><E31/><V120/><F120/><W34/><G110/><T82/><D19/><U48/><E128/><V47/><F47/><W39/><G109/><T102/><D102/><U51/><E18/><V33/><F33/><W111/><G34/><T105/><D105/><U96/><E35/><V123/><F123/><W93/><G101/><T6/><D5/><U17/><E96/><AGARI ba="0,1" hai="3,6,10,15,16,23,56,57,82,85,90,91,94,96" machi="96" ten="30,7700,0" yaku="7,1,52,2,54,1" doraHai="52" who="0" fromWho="1" sc="137,87,593,-77,101,0,159,0" /><INIT seed="2,0,0,1,1,120" ten="224,516,101,159" oya="2" hai0="42,78,74,121,72,49,113,116,63,99,115,126,9" hai1="32,55,62,52,95,108,34,7,26,48,82,45,69" hai2="86,88,128,27,58,28,135,5,51,15,64,50,76" hai3="107,81,33,84,11,22,122,43,31,65,97,68,2"/><V25/><F135/><W37/><G122/><T24/><D121/><U90/><E108/><V1/><F1/><W129/><G129/><T38/><D49/><U123/><E123/><V20/><F76/><W46/><G22/><T17/><D126/><U73/><E7/><V59/><F128/><W131/><G131/><T85/><D85/><U109/><E109/><V118/><F118/><W21/><G21/><T36/><D63/><U98/><E26/><V61/><F27/><N who="3" m="18687" /><G11/><T56/><D56/><U10/><E10/><N who="2" m="4559" /><F59/><W132/><G132/><T14/><D99/><U66/><E55/><V23/><F20/><W40/><G40/><T112/><D116/><U19/><E19/><V13/><F13/><W30/><G30/><T117/><D117/><U6/><E6/><V127/><F127/><W87/><G2/><T67/><D42/><U18/><E18/><V106/><F106/><W70/><G70/><T77/><D24/><U104/><E104/><V114/><F114/><W57/><G57/><T119/><D119/><U91/><E73/><V105/><F105/><W53/><G53/><T39/><D67/><U101/><E32/><V93/><AGARI ba="0,0" hai="23,25,28,50,51,58,61,64,86,88,93" m="4559" machi="93" ten="30,3000,0" yaku="8,1,54,1" doraHai="120" who="2" fromWho="2" sc="224,-10,516,-10,101,30,159,-10" /><INIT seed="2,1,0,2,3,97" ten="214,506,131,149" oya="2" hai0="96,133,5,35,83,55,65,102,29,21,119,40,10" hai1="125,126,14,114,116,45,121,72,71,32,43,9,79" hai2="28,103,106,27,129,99,57,110,93,37,135,90,127" hai3="107,60,98,63,95,46,19,6,84,76,8,68,101"/><V89/><F37/><W13/><G68/><T131/><D40/><U52/><E116/><V78/><F135/><W2/><G46/><T85/><D35/><U3/><E114/><V108/><F78/><W109/><G109/><N who="2" m="42089" /><F129/><W112/><G112/><T77/><D131/><U134/><E79/><V66/><F106/><W88/><REACH who="3" step="1"/><G76/><REACH who="3" ten="214,506,131,139" step="2"/><T17/><D77/><U118/><E134/><V15/><F127/><W33/><G33/><T18/><D133/><U36/><E125/><V50/><F15/><W94/><G94/><T86/><D119/><U132/><E14/><V115/><F115/><W124/><G124/><T81/><D81/><U26/><E126/><V104/><F104/><W0/><G0/><T31/><D83/><U113/><E3/><V87/><F87/><W54/><G54/><T59/><D85/><U64/><E132/><V74/><F74/><W38/><G38/><T53/><D53/><U24/><E36/><V100/><F90/><W69/><G69/><T67/><D86/><U91/><E91/><V111/><F111/><W58/><G58/><T128/><D59/><U44/><E72/><V62/><F50/><W11/><AGARI ba="1,1" hai="2,6,8,11,13,19,60,63,84,88,95,98,101,107" machi="11" ten="20,8000,1" yaku="1,1,0,1,7,1,52,1,54,1,53,0" doraHai="97" doraHaiUra="117" who="3" fromWho="3" sc="214,-21,506,-21,131,-41,139,93" /><INIT seed="3,0,0,4,2,14" ten="193,485,90,232" oya="3" hai0="134,58,72,105,100,98,73,57,89,63,101,26,37" hai1="34,43,48,12,51,102,11,94,115,84,69,114,135" hai2="99,1,64,62,31,96,40,92,71,24,52,23,97" hai3="65,112,83,55,128,41,88,106,54,103,19,79,53"/><W81/><G112/><T29/><D37/><U13/><E34/><V28/><F1/><W61/><G128/><T127/><D127/><U80/><E69/><V117/><F117/><W129/><G129/><T66/><D134/><U56/><E135/><V22/><F40/><W15/><G41/><T130/><D130/><U86/><E102/><V118/><F118/><W132/><G132/><T74/><D100/><U44/><E94/><V4/><F4/><W85/><G103/><T91/><D58/><U2/><E2/><V35/><F35/><W122/><G122/><T75/><D75/><U47/><E56/><V33/><F33/><W70/><G106/><T5/><D5/><U46/><E46/><V27/><F71/><W113/><G113/><T133/><D133/><U104/><E104/><V95/><F64/><W126/><G126/><T17/><D17/><U9/><E43/><V16/><F31/><W110/><G110/><T107/><D107/><U68/><E68/><V121/><F121/><W116/><G116/><T49/><D49/><U6/><E6/><V45/><F62/><W0/><G0/><T7/><D7/><U50/><E50/><V77/><F77/><W124/><G124/><T8/><D8/><U82/><AGARI ba="0,0" hai="9,11,12,13,44,47,48,51,80,82,84,86,114,115" machi="82" ten="25,3200,0" yaku="0,1,22,2" doraHai="14" who="1" fromWho="1" sc="193,-8,485,32,90,-8,232,-16" owari="185,-21.5,517,61.7,82,-41.8,216,1.6" /></mjloggm>