<mjloggm ver="2.3"><GO type="225" lobby="0"/><UN n0="%E7%99%BD%E9%9B%AA%E4%B9%83%E6%84%9B" n1="%E7%99%BD%E5%80%89%E5%AF%9B%E4%B9%8B" n2="%E8%81%B7%E6%A5%AD%E3%80%81%E9%A2%A8%32" n3="%E9%B3%B3%E6%9D%B1%E3%81%AE%E3%81%BF%E3%81%91%E3%81%AB%E3%82%83%E3%82%93" dan="16,16,16,16" rate="2030.60,2114.81,2151.22,2176.69" sx="F,M,M,F"/><TAIKYOKU oya="0"/><INIT seed="0,0,0,3,0,20" ten="250,250,250,250" oya="0" hai0="100,74,42,49,27,26,44,59,48,52,45,133,91" hai1="65,107,46,19,83,98,9,135,18,54,7,34,37" hai2="68,55,28,108,123,99,41,38,81,111,106,124,53" hai3="10,23,103,64,57,16,84,70,90,105,114,43,101"/><T35/><D133/><U39/><E135/><V87/><F123/><W88/><G70/><T121/><D121/><U50/><E34/><V29/><F124/><W22/><G114/><T47/><D74/><U75/><E65/><V102/><F68/><W56/><G43/><T33/><D100/><N who="3" m="38473" /><G105/><T112/><D112/><U67/><E67/><V5/><F5/><W104/><G104/><T76/><D76/><U109/><E109/><N who="2" m="42059" /><F41/><W17/><G10/><T73/><D73/><U40/><E98/><V71/><F71/><W80/><G90/><T4/><D4/><U0/><E107/><V122/><F38/><W15/><G64/><T60/><D47/><N who="1" m="27999" /><E37/><V116/><F116/><W61/><G61/><T120/><D120/><U79/><AGARI ba="0,0" hai="0,7,9,18,19,39,40,46,75,79,83" m="27999" machi="79" ten="30,1100,0" yaku="25,1" doraHai="20" who="1" fromWho="1" sc="250,-5,250,11,250,-3,250,-3" /><INIT seed="1,0,0,3,1,67" ten="245,261,247,247" oya="1" hai0="83,77,128,86,79,5,44,4,24,102,72,2,30" hai1="3,109,18,73,37,92,111,99,26,63,68,117,56" hai2="58,89,75,115,39,100,123,49,45,25,46,50,53" hai3="10,0,118,54,28,124,20,55,101,35,60,87,84"/><U98/><E117/><V36/><F123/><W38/><G35/><T114/><D114/><U33/><E73/><V11/><F115/><W91/><G38/><T65/><D128/><U71/><E37/><V93/><F75/><W133/><G0/><T134/><D102/><U122/><E3/><V61/><F100/><W108/><G10/><T16/><D134/><U82/><E82/><V107/><F107/><W104/><G84/><T27/><D65/><U1/><E1/><V94/><F94/><W43/><G43/><T62/><D62/><U130/><E130/><V14/><F25/><W42/><G42/><T69/><D69/><U126/><E126/><V34/><F34/><W57/><G133/><T47/><D72/><U23/><E33/><V9/><F9/><W40/><G40/><T103/><D103/><N who="1" m="60871" /><E99/><N who="2" m="57775" /><F39/><W110/><G124/><T32/><D79/><U74/><E74/><V51/><F36/><W70/><G118/><T22/><REACH who="0" step="1"/><D2/><REACH who="0" ten="235,261,247,247" step="2"/><U19/><E122/><V135/><F135/><W112/><G112/><T90/><D90/><U127/><E127/><V76/><F76/><W116/><G116/><T12/><D12/><U31/><E71/><V21/><F21/><W29/><G70/><T88/><D88/><U121/><E68/><V80/><F80/><N who="3" m="49639" /><G20/><T106/><D106/><U120/><E121/><V41/><F41/><W129/><G129/><T15/><D15/><U96/><E120/><V52/><F46/><AGARI ba="0,1" hai="4,5,16,22,24,27,30,32,44,46,47,77,83,86" machi="46" ten="40,2600,0" yaku="1,1,54,1,53,0" doraHai="67" doraHaiUra="119" who="0" fromWho="2" sc="235,36,261,0,247,-26,247,0" /><INIT seed="2,0,0,2,5,98" ten="271,261,221,247" oya="2" hai0="116,118,91,85,69,122,8,76,70,127,40,92,17" hai1="131,67,28,33,107,49,73,77,109,104,112,81,134" hai2="126,22,103,90,26,10,128,102,9,95,88,74,110" hai3="43,89,80,121,94,133,135,132,27,68,75,61,12"/><V84/><F126/><W108/><G121/><T60/><D122/><U1/><E1/><V63/><F74/><W47/><G108/><T14/><D127/><U83/><E112/><V55/><F110/><W78/><G27/><T52/><D40/><U93/><E109/><V125/><F125/><W120/><G120/><T46/><D76/><U96/><E131/><V79/><F128/><W11/><G61/><T65/><REACH who="0" step="1"/><D70/><REACH who="0" ten="261,261,221,247" step="2"/><U15/><E77/><V6/><F79/><W117/><G68/><T31/><D31/><U0/><E28/><N who="2" m="17495" /><F6/><W113/><G113/><T100/><D100/><N who="2" m="38442" /><F90/><W39/><G117/><T41/><D41/><U37/><E107/><V13/><F13/><W35/><G12/><T20/><D20/><U66/><E104/><V25/><F25/><W124/><G124/><T114/><D114/><U51/><E15/><V106/><F106/><W129/><G129/><T82/><D82/><U71/><E83/><V53/><F63/><W119/><G119/><T36/><D36/><U34/><E37/><V101/><N who="2" m="38450" /><V97/><DORA hai="18" /><F84/><N who="3" m="52519" /><G35/><T72/><D72/><U30/><E73/><V44/><F44/><W16/><G11/><AGARI ba="0,1" hai="9,10,11,53,55,88,95,97" m="38450,17495" machi="11" ten="30,18000,2" yaku="8,1,52,5,54,1" doraHai="98,18" who="2" fromWho="3" sc="261,0,261,0,221,190,247,-180" /><INIT seed="2,1,0,5,5,115" ten="261,261,411,67" oya="2" hai0="4,100,68,38,9,96,117,71,40,72,94,86,134" hai1="103,126,27,118,42,104,85,0,49,119,123,124,83" hai2="133,120,18,14,58,129,44,97,28,53,106,17,92" hai3="65,93,47,15,127,57,102,25,128,67,70,34,16"/><V10/><F120/><W12/><G128/><T73/><D73/><U77/><E0/><V114/><F114/><W46/><G127/><N who="1" m="48682" /><E123/><V41/><F129/><W74/><G74/><T35/><D72/><U23/><E103/><V111/><F133/><W21/><G70/><T13/><D35/><U84/><E104/><V48/><F106/><W51/><G34/><T22/><D134/><U2/><E2/><V75/><F75/><W30/><G12/><T107/><D38/><U90/><E49/><V1/><F1/><W105/><G105/><T3/><D40/><U29/><E42/><V122/><F122/><W62/><G65/><T130/><D130/><U37/><E37/><V36/><F111/><W88/><G51/><T56/><D56/><U39/><E39/><V5/><REACH who="2" step="1"/><F28/><REACH who="2" ten="261,261,401,67" step="2"/><W110/><G110/><T52/><D3/><U112/><E112/><V61/><F61/><W66/><G66/><T80/><D107/><U6/><E6/><V79/><F79/><W95/><G102/><AGARI ba="1,1" hai="5,10,14,17,18,36,41,44,48,53,58,92,97,102" machi="102" ten="30,2900,0" yaku="1,1,7,1,53,0" doraHai="115" doraHaiUra="132" who="2" fromWho="3" sc="261,0,261,0,401,42,67,-32" /><INIT seed="2,2,0,1,5,32" ten="261,261,443,35" oya="2" hai0="81,110,120,92,15,65,54,2,121,31,59,107,133" hai1="56,29,34,122,51,63,88,60,117,87,19,23,1" hai2="73,98,52,104,129,64,14,108,93,66,97,116,127" hai3="79,94,46,96,57,111,40,38,11,7,90,85,130"/><V105/><F116/><W24/><G111/><T61/><D107/><U100/><E117/><V18/><F73/><W4/><G130/><T36/><D36/><U72/><E72/><V47/><F129/><W125/><G125/><T28/><D110/><U77/><E77/><V67/><F127/><W12/><G24/><T49/><D133/><U128/><E128/><V3/><F3/><W16/><G57/><T21/><D2/><U119/><E119/><V45/><F105/><W99/><G79/><T22/><D81/><U84/><E1/><V27/><F104/><W82/><REACH who="3" step="1"/><G99/><REACH who="3" ten="261,261,443,25" step="2"/><T102/><D121/><U62/><E56/><V113/><F98/><W74/><G74/><T6/><D120/><U25/><E122/><V80/><F27/><W78/><AGARI ba="2,1" hai="4,7,11,12,16,38,40,46,78,82,85,90,94,96" machi="78" ten="20,5200,0" yaku="1,1,0,1,7,1,54,1,53,0" doraHai="32" doraHaiUra="134" who="3" fromWho="3" sc="261,-15,261,-15,443,-28,25,68" /><INIT seed="3,0,0,0,5,87" ten="246,246,415,93" oya="3" hai0="79,57,76,51,112,0,98,61,46,113,19,28,25" hai1="74,122,4,5,83,32,12,124,134,41,15,66,94" hai2="43,30,64,21,103,118,35,78,48,119,38,53,99" hai3="86,127,129,88,105,56,27,54,13,120,23,69,17"/><W8/><G120/><T114/><D0/><U125/><E122/><V1/><F1/><W82/><G129/><T90/><D19/><U109/><E109/><V10/><F10/><W65/><G127/><N who="1" m="48714" /><E134/><V67/><F78/><W106/><G69/><T50/><D98/><U91/><E32/><V2/><F35/><W22/><G65/><N who="0" m="39087" /><D90/><U81/><E41/><V85/><F2/><W63/><REACH who="3" step="1"/><G23/><REACH who="3" ten="246,246,415,83" step="2"/><N who="0" m="15423" /><D50/><U92/><E66/><V60/><F67/><W100/><G100/><T49/><D49/><U108/><E108/><V68/><F21/><W132/><G132/><T59/><D51/><U84/><E74/><V62/><F64/><W39/><G39/><T135/><D135/><U26/><E26/><V29/><F38/><W7/><AGARI ba="0,1" hai="7,8,13,17,22,27,54,56,63,82,86,88,105,106" machi="7" ten="20,12000,1" yaku="1,1,0,1,7,1,52,1,54,1,53,0" doraHai="87" doraHaiUra="117" who="3" fromWho="3" sc="246,-40,246,-40,415,-40,83,130" /><INIT seed="3,1,0,1,0,125" ten="206,206,375,213" oya="3" hai0="20,91,106,25,134,102,66,95,93,124,72,129,69" hai1="22,75,78,101,16,122,89,68,97,31,84,58,128" hai2="56,111,43,114,87,32,115,113,38,92,39,2,86" hai3="55,51,105,14,108,42,119,100,30,64,135,132,13"/><W94/><G119/><T50/><D72/><U18/><E68/><V33/><F2/><W26/><G105/><T126/><D134/><N who="3" m="51241" /><G42/><T4/><D4/><U24/><E122/><V121/><F121/><W63/><G100/><T6/><D6/><U133/><E133/><V107/><F107/><W71/><G94/><T44/><D129/><U40/><E128/><V130/><F92/><W79/><G79/><T36/><D36/><U103/><E40/><V123/><F130/><W47/><G108/><T65/><D69/><U88/><E75/><V52/><F111/><W46/><G46/><T67/><D102/><N who="1" m="38923" /><E58/><V59/><F115/><W12/><G12/><T116/><D106/><U28/><E18/><V7/><F123/><W80/><G80/><T120/><D116/><U9/><E9/><V53/><F43/><W54/><G54/><N who="0" m="30023" /><D120/><U5/><E5/><AGARI ba="1,0" hai="5,7,32,33,38,39,52,53,56,59,86,87,113,114" machi="5" ten="25,3200,0" yaku="22,2,54,1" doraHai="125" who="2" fromWho="1" sc="206,0,206,-35,375,35,213,0" owari="206,-19.4,171,-32.9,410,51.0,213,1.3" /></mjloggm>