<mjloggm ver="2.3"><GO type="225" lobby="0"/><UN n0="%E5%8F%AF%E5%85%90%E9%82%A3%E7%94%B1%E5%A4%9A" n1="%E5%91%A8%E6%9D%B1" n2="%77%72%77%72%77%72%77%72" n3="%65%76%69%61%6E%36%31%39" dan="16,17,16,16" rate="2113.02,2125.60,2182.50,2086.90" sx="F,M,M,M"/><TAIKYOKU oya="0"/><INIT seed="0,0,0,5,5,41" ten="250,250,250,250" oya="0" hai0="53,15,32,28,59,129,63,106,30,21,7,20,78" hai1="79,124,111,98,50,89,12,133,57,127,109,94,34" hai2="131,44,23,48,105,9,117,14,112,86,132,10,36" hai3="27,134,52,118,80,68,46,99,47,84,26,54,5"/><T60/><D106/><U72/><E34/><V17/><F112/><W83/><G118/><T18/><D129/><U116/><E12/><V66/><F131/><W88/><G68/><T100/><D100/><U38/><E38/><V128/><F128/><W92/><G134/><T75/><D32/><U123/><E57/><V82/><F132/><W125/><G125/><N who="1" m="48202" /><E50/><V74/><F105/><W40/><G5/><T37/><D37/><U11/><E11/><V97/><F74/><W3/><G83/><T33/><D33/><U45/><E45/><N who="3" m="16906" /><G40/><T130/><D130/><U25/><E133/><V16/><F117/><W65/><G65/><T69/><D7/><U61/><E116/><V70/><F36/><W1/><G1/><T76/><D75/><U122/><E61/><V4/><F66/><W29/><G3/><T95/><D69/><U13/><E25/><N who="3" m="9226" /><G29/><T90/><D28/><U87/><E13/><V81/><F70/><W73/><G73/><T108/><D108/><N who="1" m="41547" /><E72/><V113/><F4/><W62/><G62/><T49/><D63/><U19/><E19/><V58/><F17/><W71/><G71/><T135/><D60/><U102/><E79/><AGARI ba="0,0" hai="52,54,79,80,84,88,92,99" m="9226,16906" machi="79" ten="30,12000,2" yaku="8,1,52,3,54,2" doraHai="41" who="3" fromWho="1" sc="250,0,250,-120,250,0,250,120" /><INIT seed="1,0,0,4,2,63" ten="250,130,250,370" oya="1" hai0="97,8,66,26,29,83,80,89,20,39,41,32,117" hai1="51,35,37,55,86,23,33,15,38,92,109,16,72" hai2="47,96,125,14,127,134,132,77,49,40,121,50,27" hai3="82,46,58,95,18,98,25,112,123,22,103,19,76"/><U65/><E72/><V43/><F77/><W100/><G112/><T48/><D117/><U128/><E128/><V79/><F79/><W122/><G103/><T34/><D39/><U21/><E109/><V13/><F96/><W60/><G46/><N who="0" m="25679" /><D34/><U62/><E23/><V42/><F27/><W108/><G108/><T85/><D32/><U107/><E107/><V73/><F73/><W74/><REACH who="3" step="1"/><G19/><REACH who="3" ten="250,130,250,360" step="2"/><T84/><D97/><U118/><E118/><V119/><F119/><W5/><G5/><T124/><D124/><N who="2" m="47690" /><F47/><W81/><G81/><T75/><D83/><U10/><E38/><V2/><F121/><W115/><G115/><T44/><D44/><U61/><E37/><V78/><F42/><W90/><G90/><T17/><D89/><U135/><E135/><V71/><F43/><W101/><G101/><T7/><D17/><U110/><E110/><V67/><F40/><W57/><G57/><T129/><D80/><U105/><E105/><V4/><F78/><W120/><G120/><T59/><D129/><U9/><E92/><V88/><F88/><W45/><G45/><T68/><D59/><N who="1" m="33279" /><E86/><V54/><F132/><W102/><G102/><T93/><D93/><U87/><E87/><V12/><F134/><W3/><G3/><N who="0" m="127" /><D75/><U126/><E126/><V52/><F2/><W99/><G99/><T111/><D111/><U6/><E6/><V53/><F4/><W64/><AGARI ba="0,1" hai="18,22,25,58,60,64,74,76,82,95,98,100,122,123" machi="64" ten="20,8000,1" yaku="1,1,0,1,7,1,52,1,53,1" doraHai="63" doraHaiUra="106" who="3" fromWho="3" sc="250,-20,130,-40,250,-20,360,90" /><INIT seed="2,0,0,2,5,44" ten="230,90,230,450" oya="2" hai0="128,79,125,119,42,134,8,110,28,98,113,132,9" hai1="109,114,105,90,86,47,108,65,59,37,6,100,39" hai2="21,129,96,60,53,68,123,97,0,62,124,85,84" hai3="89,135,34,26,11,46,69,103,29,51,33,20,64"/><V117/><F117/><W49/><G135/><N who="0" m="51755" /><D113/><U120/><E6/><V83/><F123/><W38/><G103/><T130/><D119/><U66/><E100/><V67/><F0/><W24/><G69/><T23/><D79/><U80/><E105/><V35/><F35/><W102/><G64/><T126/><D42/><U127/><E114/><V133/><F133/><W7/><G38/><T101/><D110/><U63/><E120/><V116/><F116/><W111/><G102/><T30/><D8/><U15/><E15/><V87/><F129/><N who="0" m="49770" /><D9/><U74/><E74/><V61/><F83/><W50/><G89/><T19/><D19/><U31/><E31/><N who="0" m="11817" /><D23/><U78/><E78/><V1/><F21/><W107/><G111/><T12/><D12/><U45/><E109/><V72/><F1/><W32/><G26/><T71/><D71/><U99/><E108/><V58/><F72/><W57/><G57/><T40/><D40/><U73/><E59/><V48/><F68/><W55/><REACH who="3" step="1"/><G107/><AGARI ba="0,0" hai="98,101,107,125,126" m="11817,49770,51755" machi="107" ten="40,8000,1" yaku="30,2,20,1,19,1" doraHai="44" who="0" fromWho="3" sc="230,80,90,0,230,0,450,-80" /><INIT seed="3,0,0,2,0,91" ten="310,90,230,370" oya="3" hai0="41,107,95,67,88,9,26,87,98,0,24,104,30" hai1="53,96,55,114,46,123,60,17,90,45,64,76,129" hai2="52,80,122,44,127,68,125,126,19,58,71,16,31" hai3="48,2,112,86,105,72,25,10,36,109,84,117,35"/><W37/><G117/><T21/><D41/><U59/><E129/><V47/><F31/><W65/><G72/><T27/><D67/><U28/><E123/><V81/><F122/><W93/><G105/><T92/><D107/><U29/><E114/><V124/><F124/><W12/><G112/><T103/><REACH who="0" step="1"/><D104/><REACH who="0" ten="300,90,230,370" step="2"/><U3/><E3/><V79/><F68/><W50/><G65/><T77/><D77/><U106/><E106/><V113/><F71/><W11/><G37/><T74/><D74/><U69/><E76/><V4/><F4/><AGARI ba="0,1" hai="0,4,9,21,24,26,27,30,87,88,92,95,98,103" machi="4" ten="40,8000,1" yaku="1,1,52,2,54,1,53,0" doraHai="91" doraHaiUra="38" who="0" fromWho="2" sc="300,90,90,0,230,-80,370,0" owari="390,49.0,90,-41.0,150,-25.0,370,17.0" /></mjloggm>