<mjloggm ver="2.3"><GO type="225" lobby="0"/><UN n0="%E6%9C%88%E5%B3%B6%E5%9F%BA" n1="%E3%81%95%E3%81%8D%E3%81%9F%E3%81%BE%E6%9E%97%E6%AA%8E" n2="%E3%81%AF%E3%82%88%E3%81%8A%E3%81%98%E3%81%95%E3%82%93" n3="%66%67%67%68%68%64%66" dan="18,16,17,16" rate="2216.97,2120.11,2161.56,2110.12" sx="M,M,M,M"/><TAIKYOKU oya="0"/><INIT seed="0,0,0,0,0,29" ten="250,250,250,250" oya="0" hai0="52,30,127,75,73,93,94,59,103,100,90,41,23" hai1="58,64,96,131,0,60,120,108,67,35,26,115,85" hai2="62,121,16,105,48,27,8,18,12,5,19,125,135" hai3="106,88,79,116,3,25,7,71,57,42,6,37,128"/><T43/><D43/><U61/><BYE who="0" /><E120/><UN n0="%E6%9C%88%E5%B3%B6%E5%9F%BA" /><V40/><F121/><W134/><G116/><T9/><D127/><U82/><E0/><V11/><F105/><W101/><G71/><T112/><D112/><U70/><E115/><V51/><F125/><W124/><G124/><T21/><D41/><U50/><E108/><V36/><F135/><W133/><G128/><T74/><D9/><U17/><E131/><V13/><F36/><W69/><G69/><T66/><D66/><U89/><E70/><V113/><F113/><W31/><G79/><T122/><D122/><U33/><E50/><V63/><F27/><W49/><G37/><T130/><D30/><U95/><E61/><N who="2" m="23051" /><F40/><W46/><G57/><T109/><D109/><U98/><E67/><V102/><F102/><W126/><G126/><T111/><D111/><U65/><E64/><V44/><F44/><W32/><G88/><T80/><D100/><U92/><E95/><V22/><F22/><W114/><G114/><T117/><D103/><U38/><E38/><V123/><F123/><W68/><G68/><T118/><D130/><U107/><E107/><V1/><F1/><W83/><G83/><T10/><D80/><U24/><E24/><V129/><F129/><W4/><REACH who="3" step="1"/><G3/><REACH who="3" ten="250,250,250,240" step="2"/><T76/><D118/><U81/><E82/><V34/><F34/><N who="1" m="12809" /><E81/><V91/><F91/><W56/><G56/><T132/><D90/><U2/><E2/><V99/><F99/><AGARI ba="0,1" hai="4,6,7,25,31,32,42,46,49,99,101,106,133,134" machi="99" ten="40,2600,0" yaku="1,1,52,1,53,0" doraHai="29" doraHaiUra="78" who="3" fromWho="2" sc="250,0,250,0,250,-26,240,36" /><INIT seed="1,0,0,3,1,53" ten="250,250,224,276" oya="1" hai0="70,9,27,33,43,12,56,130,83,80,102,104,57" hai1="120,10,13,125,22,97,75,23,79,129,28,93,123" hai2="76,60,101,24,66,5,99,78,89,103,37,48,4" hai3="115,91,117,111,100,82,119,59,105,72,36,16,65"/><U84/><E75/><V96/><F37/><W20/><G115/><T98/><D70/><U133/><E133/><V107/><F89/><W54/><G36/><T64/><D130/><U135/><E129/><V121/><F121/><W17/><G111/><T1/><D1/><U124/><E135/><V6/><F48/><W85/><G65/><T113/><D113/><U73/><E73/><V46/><F46/><W14/><G72/><T86/><D43/><U0/><E0/><V19/><F19/><W74/><G74/><T29/><D64/><U52/><E84/><V47/><F47/><W127/><G127/><N who="1" m="48714" /><E79/><V35/><F24/><W61/><REACH who="3" step="1"/><G17/><REACH who="3" ten="250,250,224,266" step="2"/><T90/><REACH who="0" step="1"/><D83/><REACH who="0" ten="240,250,224,266" step="2"/><U11/><E123/><V132/><F132/><W134/><G134/><T67/><D67/><U38/><E120/><V62/><F66/><W39/><G39/><T122/><D122/><U88/><E38/><V112/><F112/><W106/><G106/><T7/><AGARI ba="0,2" hai="7,9,12,27,29,33,56,57,80,86,90,98,102,104" machi="7" ten="20,8000,1" yaku="1,1,0,1,7,1,52,2,53,0" doraHai="53" doraHaiUra="18" who="0" fromWho="0" sc="240,100,250,-40,224,-20,266,-20" /><INIT seed="2,0,0,0,5,130" ten="340,210,204,246" oya="2" hai0="91,82,93,31,69,117,121,8,83,72,98,63,64" hai1="58,19,103,55,133,32,20,60,106,123,13,49,101" hai2="113,53,99,26,3,46,34,90,25,9,104,54,115" hai3="132,87,24,94,27,48,77,108,52,56,18,45,47"/><V81/><F3/><W134/><G108/><T76/><D121/><U57/><E32/><V107/><F9/><W78/><G94/><T112/><D112/><U100/><E123/><V122/><F122/><W30/><G18/><T88/><D117/><U23/><E133/><N who="3" m="51306" /><G24/><T119/><D119/><U79/><E79/><N who="3" m="30218" /><G87/><T126/><D126/><U17/><E106/><V127/><F127/><W7/><G7/><T2/><D31/><U42/><E42/><V28/><F26/><W71/><G71/><T129/><D129/><U33/><E33/><AGARI ba="0,0" hai="27,30,33,45,47,48,52,56" m="30218,51306" machi="33" ten="30,8000,1" yaku="20,1,52,3,54,1" doraHai="130" who="3" fromWho="1" sc="340,0,210,-80,204,0,246,80" /><INIT seed="3,0,0,3,2,82" ten="340,130,204,326" oya="3" hai0="54,117,61,32,96,48,114,16,85,22,70,14,46" hai1="79,99,56,7,90,104,55,93,116,35,38,25,73" hai2="80,124,15,103,50,47,98,81,101,40,18,30,31" hai3="78,34,8,100,53,109,87,72,41,69,131,58,12"/><W108/><G69/><T83/><D117/><U24/><E116/><V44/><F124/><W21/><G34/><T128/><D32/><U13/><E38/><V3/><F3/><W91/><G41/><T57/><D128/><U17/><E104/><V130/><F130/><W20/><G100/><N who="2" m="38473" /><F98/><W89/><G72/><T43/><D114/><U133/><E133/><V74/><F74/><W92/><G78/><N who="0" m="46327" /><D70/><U118/><E118/><V10/><F47/><W60/><G131/><T122/><D122/><U19/><E73/><V49/><F49/><W68/><G68/><T2/><D2/><U84/><E35/><V115/><F115/><W27/><G91/><T64/><D96/><U132/><E132/><V59/><F59/><W45/><G45/><T88/><D88/><N who="1" m="55719" /><E79/><V4/><F4/><N who="3" m="3079" /><G27/><N who="1" m="10314" /><E7/><V76/><F76/><W135/><G135/><T62/><D62/><N who="1" m="36127" /><E13/><V28/><AGARI ba="0,0" hai="10,15,18,28,30,31,40,44,50,80,81" m="38473" machi="28" ten="30,1100,0" yaku="8,1" doraHai="82" who="2" fromWho="2" sc="340,-3,130,-3,204,11,326,-5" owari="337,43.7,127,-37.3,215,-18.5,321,12.1" /></mjloggm>