<mjloggm ver="2.3"><GO type="225" lobby="0"/><UN n0="%E3%83%96%E3%83%83%E3%83%91%E3%82%AA%E3%83%96%E3%83%81%E3%82%AD%E3%83%B3" n1="%E3%81%BF%E3%81%BF%E3%81%9A" n2="%73%69%67%65%6E%6F%72%69" n3="%E9%A6%AC%E5%BC%95%E7%81%AB%33" dan="16,17,18,16" rate="2138.72,2176.79,2260.72,2124.21" sx="M,M,M,M"/><TAIKYOKU oya="0"/><INIT seed="0,0,0,3,0,11" ten="250,250,250,250" oya="0" hai0="66,17,96,108,107,118,42,0,69,19,24,90,104" hai1="54,30,103,65,49,33,91,7,68,61,63,84,80" hai2="125,99,111,23,45,92,83,132,124,29,70,16,117" hai3="10,126,77,109,115,62,71,121,56,31,87,6,37"/><T88/><D118/><U82/><E103/><V14/><F117/><W102/><G115/><T113/><D113/><U38/><E38/><V28/><F70/><W127/><G37/><T5/><D42/><U48/><E7/><V8/><F111/><W89/><G109/><T35/><D108/><U101/><E101/><N who="2" m="60647" /><F132/><W86/><G71/><T76/><D76/><U60/><E48/><V20/><F83/><W123/><G102/><N who="0" m="62535" /><D107/><U21/><E33/><V120/><F120/><N who="3" m="46155" /><G31/><N who="2" m="11849" /><F45/><W94/><G77/><T25/><D0/><U81/><E65/><V43/><F43/><W85/><G127/><AGARI ba="0,0" hai="8,14,16,20,23,124,125,127" m="11849,60647" machi="127" ten="30,3900,0" yaku="18,1,52,1,54,1" doraHai="11" who="2" fromWho="3" sc="250,0,250,0,250,39,250,-39" /><INIT seed="1,0,0,2,5,131" ten="250,250,289,211" oya="1" hai0="47,58,48,109,74,40,119,116,6,73,38,27,102" hai1="87,113,126,31,108,114,90,120,83,65,129,43,81" hai2="80,118,94,133,117,128,70,130,115,23,67,68,56" hai3="3,34,53,14,55,26,123,13,41,79,127,96,39"/><U88/><E65/><V84/><F23/><W35/><G123/><T86/><D6/><U69/><E69/><N who="2" m="26731" /><F94/><W20/><G3/><T92/><D109/><U59/><E31/><V2/><F2/><W66/><G66/><T100/><D27/><U1/><E1/><V99/><F99/><W61/><G127/><T85/><D58/><U112/><E59/><V76/><F115/><W10/><G79/><T78/><D48/><U134/><E43/><V111/><F111/><W49/><G39/><T18/><D47/><U8/><E8/><V36/><F36/><W52/><G61/><T22/><D40/><U60/><E60/><N who="2" m="38279" /><F133/><W37/><G37/><T64/><D38/><U132/><E108/><V106/><F106/><W104/><G96/><T28/><D28/><U50/><E50/><V122/><F122/><W32/><G104/><T30/><D30/><U9/><E9/><V54/><F54/><W12/><G10/><T93/><D22/><U17/><E17/><V110/><F110/><W101/><G101/><T98/><D64/><U11/><E11/><V125/><F125/><W15/><N who="3" m="3072" /><DORA hai="24" /><W62/><G62/><T71/><D71/><U95/><E126/><V5/><F5/><W121/><G121/><T0/><D18/><U105/><E105/><V21/><F21/><W7/><G7/><T63/><D63/><U97/><E120/><V44/><F44/><N who="3" m="25743" /><G20/><T19/><D0/><U135/><E129/><AGARI ba="0,0" hai="76,80,84,117,118,128,129,130" m="38279,26731" machi="129" ten="30,1000,0" yaku="19,1" doraHai="131,24" who="2" fromWho="1" sc="250,0,250,-10,289,10,211,0" /><INIT seed="2,0,0,1,5,116" ten="250,240,299,211" oya="2" hai0="74,70,121,88,19,79,77,133,106,96,46,61,29" hai1="80,55,36,45,117,42,127,60,35,64,54,24,37" hai2="30,81,43,52,110,120,108,57,124,123,17,99,83" hai3="126,86,14,122,22,71,94,53,44,93,105,65,97"/><V104/><F43/><W125/><G105/><T111/><D111/><N who="2" m="42538" /><F124/><N who="3" m="47723" /><G86/><T10/><D29/><U12/><E127/><V73/><F30/><W87/><G87/><T107/><D133/><U92/><E117/><V134/><F134/><W130/><G130/><T48/><D121/><N who="2" m="46666" /><F17/><N who="3" m="10551" /><G97/><T132/><D96/><U78/><E92/><N who="3" m="35434" /><G122/><T115/><D19/><U18/><E36/><V38/><F38/><W69/><G65/><T84/><D107/><U56/><E24/><V34/><F34/><W31/><G31/><T91/><D106/><U62/><E35/><V49/><F73/><W11/><G11/><T13/><D10/><U28/><E28/><V26/><F26/><W128/><G128/><T66/><D74/><U0/><E0/><V76/><F76/><W16/><G16/><T131/><D79/><U32/><E32/><V6/><F6/><W98/><G98/><T39/><D77/><U114/><E114/><V2/><F2/><W33/><G33/><T50/><D115/><U85/><E18/><V47/><F47/><W75/><G75/><T58/><D46/><U20/><E12/><V1/><F1/><W101/><G101/><AGARI ba="0,0" hai="49,52,57,81,83,99,101,104" m="46666,42538" machi="101" ten="30,18000,2" yaku="14,1,10,1,52,3,54,1" doraHai="116" who="2" fromWho="3" sc="250,0,240,0,299,180,211,-180" /><INIT seed="2,1,0,1,1,104" ten="250,240,479,31" oya="2" hai0="91,28,87,79,120,133,1,50,8,107,84,42,40" hai1="31,55,45,25,83,49,17,46,69,71,89,59,44" hai2="9,47,118,98,64,117,119,4,54,19,13,58,2" hai3="52,96,53,99,22,63,113,3,23,12,60,114,38"/><V123/><F123/><W109/><G12/><T105/><D120/><U33/><REACH who="1" step="1"/><E17/><REACH who="1" ten="250,230,479,31" step="2"/><V26/><F19/><W57/><G57/><T95/><D133/><U75/><E75/><V24/><F58/><W34/><G3/><T132/><D1/><U37/><E37/><V10/><F2/><W36/><REACH who="3" step="1"/><G34/><REACH who="3" ten="250,230,479,21" step="2"/><T61/><D132/><U73/><E73/><V41/><F118/><W108/><AGARI ba="1,2" hai="22,23,36,38,52,53,60,63,96,99,108,109,113,114" machi="108" ten="25,12000,2" yaku="1,1,2,1,0,1,22,2,54,1,53,0" doraHai="104" doraHaiUra="90" who="3" fromWho="3" sc="250,-31,230,-31,479,-61,21,143" /><INIT seed="3,0,0,5,0,132" ten="219,199,418,164" oya="3" hai0="24,75,9,106,92,123,16,66,126,29,77,97,6" hai1="20,89,107,56,112,133,91,55,94,13,127,49,130" hai2="37,88,39,7,2,32,128,48,111,63,8,61,120" hai3="4,129,116,0,10,15,102,64,87,3,28,11,33"/><W65/><G116/><T69/><D126/><U79/><E107/><V12/><F32/><W85/><G129/><T1/><D123/><U26/><E112/><V31/><F31/><W135/><G135/><T50/><D106/><U98/><E133/><V86/><F128/><W22/><G33/><T25/><D16/><N who="1" m="12551" /><E130/><V84/><F84/><W23/><G15/><T121/><D121/><U34/><E34/><V14/><F14/><W21/><G21/><T36/><D36/><N who="2" m="13898" /><F12/><W124/><G28/><T18/><D18/><U51/><E127/><V42/><F2/><W82/><G124/><T17/><D17/><U83/><E13/><V115/><F8/><W104/><G104/><T30/><D50/><N who="1" m="30839" /><E79/><V113/><F86/><AGARI ba="0,0" hai="49,51,83,86,89,91,94,98" m="30839,12551" machi="86" ten="30,2000,0" yaku="8,1,54,1" doraHai="132" who="1" fromWho="2" sc="219,0,199,20,418,-20,164,0" owari="219,1.9,219,-18.1,398,49.8,164,-33.6" /></mjloggm>