<mjloggm ver="2.3"><GO type="225" lobby="0"/><UN n0="%43%68%65" n1="%6E%69%63%6F%6E%74%6F" n2="%E6%B4%BE%E9%81%A3%E3%81%AE%E3%82%B8%E3%83%A3%E3%83%83%E3%82%AF" n3="%4C%4F%4C%49%54%41" dan="16,16,17,16" rate="2175.42,2138.72,2200.31,2207.61" sx="M,M,M,F"/><TAIKYOKU oya="0"/><INIT seed="0,0,0,1,3,66" ten="250,250,250,250" oya="0" hai0="89,17,51,90,122,99,135,37,76,5,106,117,95" hai1="14,77,104,82,72,110,6,69,112,4,132,56,39" hai2="125,107,100,67,1,41,7,115,133,0,43,98,78" hai3="93,131,36,32,25,128,65,92,12,30,26,27,23"/><T10/><D117/><U111/><E112/><V2/><F115/><W3/><G36/><T114/><D114/><U83/><E39/><V19/><F7/><W86/><G3/><T116/><D116/><U15/><E104/><V120/><F120/><W75/><G75/><T134/><D122/><U91/><E56/><V105/><F125/><W123/><G123/><T22/><D37/><U16/><E132/><N who="0" m="50729" /><D76/><U109/><E69/><V70/><F133/><W45/><G45/><T94/><D106/><U34/><E34/><V103/><F19/><N who="3" m="10727" /><G65/><T62/><D51/><U48/><E15/><V28/><F28/><W80/><G93/><N who="0" m="35339" /><D62/><U64/><E48/><V113/><F78/><N who="3" m="46359" /><G92/><T119/><D99/><U84/><REACH who="1" step="1"/><E64/><REACH who="1" ten="250,240,250,250" step="2"/><V81/><F113/><W58/><G58/><T124/><D119/><U127/><E127/><V54/><F67/><W68/><G68/><T44/><D44/><U57/><E57/><V87/><F70/><W121/><G121/><T31/><D124/><U96/><E96/><V20/><F105/><W33/><G33/><T40/><D31/><U8/><AGARI ba="0,1" hai="4,6,8,14,16,72,77,82,83,84,91,109,110,111" machi="8" ten="30,7900,0" yaku="1,1,0,1,14,1,54,1,53,0" doraHai="66" doraHaiUra="42" who="1" fromWho="1" sc="250,-39,240,89,250,-20,250,-20" /><INIT seed="1,0,0,0,0,104" ten="211,329,230,230" oya="1" hai0="6,52,7,54,21,110,45,98,36,14,124,93,35" hai1="29,83,130,1,23,70,46,89,48,15,67,42,112" hai2="16,55,117,8,100,96,56,39,95,9,133,118,10" hai3="51,4,20,17,0,85,64,131,106,3,60,103,49"/><U58/><E112/><V84/><F39/><W40/><G131/><T135/><D35/><U79/><E1/><V91/><F133/><W82/><G103/><T53/><D135/><U108/><E108/><V115/><F115/><W102/><G102/><T86/><D110/><U127/><E130/><V24/><F24/><W13/><G106/><T11/><D124/><U43/><E127/><V101/><F101/><W37/><G37/><T72/><D72/><U116/><E70/><V105/><REACH who="2" step="1"/><F16/><REACH who="2" ten="211,329,220,230" step="2"/><W28/><G17/><T38/><D38/><U25/><E116/><V126/><F126/><W111/><G111/><T32/><D36/><U107/><E107/><V81/><F81/><W62/><G82/><T22/><D7/><U97/><E25/><V87/><F87/><W128/><G85/><T19/><D86/><U66/><E83/><V63/><AGARI ba="0,1" hai="8,9,10,55,56,63,84,91,95,96,100,105,117,118" machi="63" ten="30,4000,0" yaku="1,1,0,1,53,1" doraHai="104" doraHaiUra="80" who="2" fromWho="2" sc="211,-10,329,-20,220,50,230,-10" /><INIT seed="2,0,0,1,5,14" ten="201,309,270,220" oya="2" hai0="19,103,94,20,60,28,26,99,87,30,79,17,22" hai1="80,89,83,2,85,25,16,36,120,121,27,128,113" hai2="58,50,112,55,66,68,76,107,10,101,6,106,100" hai3="39,44,116,92,47,72,43,90,75,42,104,53,95"/><V31/><F112/><W111/><G116/><T123/><D123/><N who="1" m="47179" /><E113/><V59/><F68/><W130/><G104/><T109/><D109/><U67/><E128/><V1/><F76/><W49/><G111/><T134/><D134/><U7/><E36/><V74/><F74/><W132/><G132/><T56/><D87/><N who="1" m="50407" /><E67/><V29/><F106/><W46/><G130/><T97/><D97/><U15/><E7/><V21/><F107/><W93/><REACH who="3" step="1"/><G90/><REACH who="3" ten="201,309,270,210" step="2"/><T125/><D125/><U108/><E108/><V24/><F100/><W86/><G86/><T119/><D119/><U78/><E2/><V18/><F101/><W88/><G88/><T37/><D79/><U135/><E135/><V12/><F1/><W73/><G73/><T70/><D70/><U51/><E51/><AGARI ba="0,1" hai="39,42,43,44,46,47,49,51,53,72,75,92,93,95" machi="51" ten="40,1300,0" yaku="1,1,53,0" doraHai="14" doraHaiUra="11" who="3" fromWho="1" sc="201,0,309,-13,270,0,210,23" /><INIT seed="3,0,0,2,5,58" ten="201,296,270,233" oya="3" hai0="52,108,114,118,34,127,23,61,59,57,18,88,31" hai1="126,2,70,86,104,67,54,47,95,44,105,27,98" hai2="99,134,81,133,43,75,9,82,85,93,123,119,107" hai3="22,131,51,62,37,55,10,109,46,19,60,121,97"/><W87/><G121/><T4/><D118/><U49/><E2/><V0/><F43/><W26/><G131/><T110/><D127/><U33/><E126/><V77/><F9/><W117/><G117/><T112/><D4/><U11/><E86/><V28/><F28/><W94/><G37/><T1/><D1/><U103/><E11/><V40/><F40/><W132/><G132/><N who="2" m="50793" /><F0/><W113/><G113/><N who="0" m="43627" /><D34/><U101/><E101/><N who="2" m="60655" /><F119/><W14/><G87/><T129/><D129/><U21/><E47/><V13/><F13/><W76/><G76/><T17/><D59/><U83/><E33/><V56/><F56/><W8/><G109/><N who="0" m="42091" /><D88/><U20/><E83/><V102/><F123/><W68/><G68/><T38/><D38/><U100/><E100/><V91/><F102/><N who="3" m="60727" /><G10/><T30/><D18/><AGARI ba="0,0" hai="8,14,18,19,22,26,46,51,55,60,62" m="60727" machi="18" ten="30,5800,0" yaku="8,1,52,2" doraHai="58" who="3" fromWho="0" sc="201,-58,296,0,270,0,233,58" /><INIT seed="3,1,0,0,4,78" ten="143,296,270,291" oya="3" hai0="130,19,69,56,85,33,115,107,109,38,43,86,103" hai1="116,44,113,79,87,28,122,15,93,114,16,77,64" hai2="14,89,110,135,118,47,57,4,22,62,82,80,134" hai3="58,112,72,88,34,68,84,51,127,63,131,133,123"/><W30/><G112/><T121/><D121/><U73/><E122/><V97/><F110/><W98/><G123/><T53/><D69/><U100/><E116/><V42/><F118/><W7/><G72/><T117/><D117/><U83/><E64/><N who="2" m="38991" /><F89/><W129/><G127/><T49/><D33/><U41/><E28/><V35/><F35/><W101/><G133/><N who="2" m="50697" /><F97/><W5/><G51/><T94/><D109/><U55/><E55/><V18/><F4/><W60/><G68/><T31/><D31/><U21/><E79/><V3/><F3/><W8/><G30/><T17/><D115/><U40/><E40/><V95/><F95/><N who="3" m="54663" /><G34/><T29/><D29/><U0/><E0/><V76/><F76/><W111/><G111/><T10/><D107/><U13/><E73/><V25/><F25/><W119/><G119/><T125/><D125/><U50/><E114/><V70/><F70/><W45/><G45/><T67/><D38/><AGARI ba="1,0" hai="14,18,22,38,42,47,80,82" m="50697,38991" machi="38" ten="30,3900,0" yaku="20,1,52,2" doraHai="78" who="2" fromWho="0" sc="143,-42,296,0,270,42,291,0" owari="101,-39.9,296,9.6,312,41.2,291,-10.9" /></mjloggm>