<mjloggm ver="2.3"><GO type="225" lobby="0"/><UN n0="%E3%81%A0%E3%81%8A" n1="%E5%91%A8%E6%9D%B1" n2="%72%65%6E%6B%75%6E" n3="%E5%8D%A0%E3%81%84%E5%B8%AB%E8%A3%8F%E3%81%AA%E3%81%84%E3%81%97" dan="17,17,17,17" rate="2062.99,2139.44,2218.72,2196.36" sx="M,M,M,M"/><TAIKYOKU oya="0"/><INIT seed="0,0,0,1,1,77" ten="250,250,250,250" oya="0" hai0="91,13,21,19,132,15,37,54,67,128,108,84,125" hai1="30,102,25,8,34,49,16,104,116,131,24,52,88" hai2="0,28,47,39,5,113,32,11,2,59,106,33,40" hai3="95,64,12,14,117,22,36,97,72,70,107,115,60"/><T58/><D37/><U109/><E109/><V73/><F113/><W87/><G115/><T71/><D108/><U134/><E116/><V76/><F59/><W65/><G117/><T86/><D125/><U121/><E121/><V122/><F122/><W133/><G72/><T62/><D128/><U6/><E131/><V75/><F2/><W112/><G112/><T17/><D91/><U7/><E134/><V79/><F106/><W114/><G114/><T127/><D127/><U93/><E102/><V45/><F45/><W126/><G36/><T53/><D132/><U120/><E104/><V119/><F119/><W41/><G41/><T44/><D44/><U38/><E38/><V110/><F28/><W85/><G133/><T74/><D74/><U101/><E101/><V26/><F26/><W31/><G64/><T103/><D103/><U9/><E120/><V78/><F110/><W61/><G61/><T43/><D43/><U80/><E80/><V100/><F100/><N who="3" m="60479" /><G107/><T18/><D18/><U63/><E63/><V92/><F92/><W20/><G126/><T111/><D111/><U56/><E9/><V124/><F124/><W27/><G20/><N who="0" m="11311" /><D71/><U29/><E8/><V83/><F76/><W89/><G89/><T50/><D50/><U55/><E55/><AGARI ba="0,0" hai="15,19,21,53,54,55,58,62,67,84,86" m="11311" machi="55" ten="30,1500,0" yaku="8,1" doraHai="77" who="0" fromWho="1" sc="250,15,250,-15,250,0,250,0" /><INIT seed="0,1,0,4,0,22" ten="265,235,250,250" oya="0" hai0="97,0,70,21,23,117,52,47,79,102,99,43,2" hai1="132,116,68,48,61,8,112,7,98,104,55,94,37" hai2="13,93,95,42,53,28,40,15,69,26,124,33,11" hai3="76,63,66,32,6,74,36,30,80,85,101,58,59"/><T64/><D117/><U4/><E116/><V126/><F69/><W128/><G36/><T9/><D79/><U35/><E112/><V77/><F77/><W91/><G128/><T89/><D89/><U100/><E132/><V44/><F53/><W25/><G6/><T106/><D97/><U86/><E37/><V105/><F105/><W39/><G39/><T90/><D90/><U27/><E8/><V71/><F71/><W113/><G113/><T60/><D52/><U81/><E94/><N who="2" m="35851" /><F44/><W82/><REACH who="3" step="1"/><G101/><REACH who="3" ten="265,235,250,240" step="2"/><T51/><D0/><U34/><E100/><V5/><F15/><W29/><G29/><T123/><D2/><U130/><E130/><V1/><F1/><W67/><G67/><T135/><D64/><U78/><E104/><V16/><F5/><W50/><G50/><T107/><D51/><U103/><E4/><V19/><F19/><W54/><G54/><T129/><D106/><U12/><E7/><V92/><F92/><W56/><AGARI ba="1,1" hai="25,30,32,56,58,59,63,66,74,76,80,82,85,91" machi="56" ten="20,5200,0" yaku="1,1,0,1,7,1,52,1,53,0" doraHai="22" doraHaiUra="88" who="3" fromWho="3" sc="265,-27,235,-14,250,-14,240,65" /><INIT seed="1,0,0,5,2,45" ten="238,221,236,305" oya="1" hai0="129,122,5,132,82,15,21,127,107,61,40,23,95" hai1="108,131,73,106,63,125,134,86,48,120,123,89,83" hai2="70,56,78,32,41,18,28,133,90,115,114,87,66" hai3="101,13,103,55,49,126,124,8,12,105,84,104,36"/><U67/><E131/><V99/><F133/><W72/><G72/><T11/><D107/><N who="3" m="41033" /><G36/><T25/><D127/><N who="3" m="48681" /><G84/><T85/><D122/><U91/><E125/><V96/><F70/><W98/><G98/><T102/><D85/><U29/><E134/><V60/><F78/><W31/><G31/><T113/><D132/><U130/><E106/><V109/><F41/><W92/><G92/><T19/><D95/><U2/><E130/><V65/><F109/><W27/><G27/><T3/><D25/><U93/><E108/><V16/><F66/><W58/><G12/><T118/><D15/><U135/><E135/><V64/><F64/><W111/><G111/><T51/><D129/><U81/><E29/><V121/><F121/><W38/><G38/><T20/><D3/><U37/><E2/><V110/><F110/><W112/><G112/><N who="2" m="43049" /><F28/><W30/><G30/><T14/><D113/><U22/><E37/><V46/><F32/><W24/><G24/><T57/><D82/><N who="1" m="31243" /><E73/><V35/><F35/><W34/><G34/><T1/><D1/><U4/><E123/><V0/><F0/><W33/><G33/><T10/><D14/><U79/><E120/><V119/><F119/><W59/><G59/><T43/><D57/><U39/><E39/><V52/><F96/><W68/><G68/><T47/><D118/><U53/><E86/><V6/><F99/><W97/><G97/><T88/><D5/><AGARI ba="0,0" hai="5,8,13,49,55,58,101,103" m="48681,41033" machi="5" ten="30,2000,0" yaku="18,1,52,1" doraHai="45" who="3" fromWho="0" sc="238,-20,221,0,236,0,305,20" /><INIT seed="2,0,0,3,2,129" ten="218,221,236,325" oya="2" hai0="99,84,42,52,132,89,113,21,109,74,95,8,83" hai1="125,120,117,70,38,14,96,58,106,87,103,35,3" hai2="115,59,46,123,13,32,63,55,69,50,33,11,30" hai3="130,2,10,20,126,77,31,64,105,37,0,68,12"/><V9/><F115/><W23/><G37/><T48/><D113/><U61/><E117/><V116/><F123/><W66/><G130/><T80/><D109/><U40/><E3/><V91/><F116/><W60/><G105/><T107/><D107/><U94/><E120/><V65/><F30/><W29/><G126/><T121/><D121/><U76/><E125/><V53/><F91/><W56/><G77/><T49/><D74/><U24/><E14/><V71/><F9/><W57/><G60/><T62/><D132/><U34/><E24/><V97/><F97/><W25/><G12/><T133/><D133/><U100/><E70/><V44/><F44/><W92/><G92/><T102/><D42/><U54/><E103/><V127/><F127/><W90/><G90/><T75/><D21/><U85/><E85/><V131/><F131/><W27/><G10/><T134/><D134/><U18/><E18/><V104/><F104/><W112/><G112/><T114/><D114/><U41/><E106/><V45/><F45/><W135/><G135/><T86/><D8/><U101/><E101/><V6/><REACH who="2" step="1"/><F69/><AGARI ba="0,0" hai="0,2,20,23,25,27,29,31,56,57,64,66,68,69" machi="69" ten="25,1600,0" yaku="22,2" doraHai="129" who="3" fromWho="2" sc="218,0,221,0,236,-16,325,16" /><INIT seed="3,0,0,4,3,81" ten="218,221,220,341" oya="3" hai0="36,118,46,71,5,25,28,90,24,85,104,69,72" hai1="50,31,88,38,113,30,95,97,103,63,127,105,9" hai2="49,29,39,108,53,114,79,18,131,52,87,44,58" hai3="22,94,82,101,51,20,100,86,80,75,134,61,67"/><W125/><G75/><T93/><D118/><U116/><E38/><V99/><F114/><W16/><G22/><T98/><D72/><U45/><E113/><V83/><F108/><W120/><G51/><T35/><D5/><U65/><E116/><V115/><F115/><W84/><G94/><T130/><D130/><U32/><E9/><V12/><F131/><W54/><G54/><T47/><D24/><U41/><E32/><V77/><F29/><W109/><G125/><T57/><D57/><U2/><E2/><V55/><F99/><W10/><G10/><T17/><D17/><U73/><E73/><V92/><F92/><W23/><G16/><T126/><D126/><U8/><E8/><N who="2" m="6407" /><F39/><W11/><G11/><T15/><D15/><U133/><E127/><V62/><F77/><W26/><G26/><T96/><D96/><U91/><E133/><V48/><F48/><W64/><G61/><T124/><D124/><U7/><E7/><V3/><F3/><W111/><G120/><T128/><D128/><U56/><REACH who="1" step="1"/><E91/><REACH who="1" ten="218,211,220,341" step="2"/><V70/><F70/><N who="0" m="26634" /><D36/><U59/><E59/><V40/><AGARI ba="0,1" hai="40,44,49,52,53,55,58,62,79,83,87" m="6407" machi="40" ten="30,4000,0" yaku="8,1,52,1,54,1" doraHai="81" who="2" fromWho="2" sc="218,-10,211,-10,220,50,341,-20" owari="208,-19.2,201,-29.9,270,7.0,321,42.1" /></mjloggm>