<mjloggm ver="2.3"><GO type="225" lobby="0"/><UN n0="%E7%99%BD%E9%9B%AA%E4%B9%83%E6%84%9B" n1="%EF%BC%AE%EF%BC%A1%EF%BC%AF%33%33%39" n2="%5C%28%E2%89%A7%E2%96%BD%E2%89%A6%29%2F" n3="%E5%B6%BA%E4%B8%8A%E5%92%B2" dan="16,16,16,16" rate="2042.73,2101.45,2067.35,2098.16" sx="F,M,M,F"/><TAIKYOKU oya="0"/><INIT seed="0,0,0,3,1,5" ten="250,250,250,250" oya="0" hai0="19,39,98,34,95,89,58,37,11,85,78,117,12" hai1="44,38,116,107,22,84,115,76,103,40,135,114,27" hai2="49,45,104,56,14,66,102,118,101,10,74,73,31" hai3="4,126,77,61,48,127,23,112,35,3,82,20,60"/><T109/><D117/><U130/><E116/><V43/><F118/><W50/><G35/><T29/><D109/><U24/><E103/><V71/><F71/><W119/><G119/><T18/><D34/><U41/><E107/><V33/><F31/><W80/><G112/><T70/><D70/><U57/><E41/><V120/><F33/><W8/><G50/><T7/><D29/><U122/><E122/><V91/><F120/><W99/><G99/><T132/><D132/><U59/><E135/><V63/><F101/><W17/><G48/><T124/><D124/><N who="3" m="47657" /><G82/><T15/><D7/><U134/><E134/><V16/><REACH who="2" step="1"/><F91/><REACH who="2" ten="250,250,240,250" step="2"/><W36/><G36/><T52/><D78/><U79/><E79/><V72/><F72/><N who="3" m="43047" /><G23/><T46/><D46/><U88/><E44/><V123/><F123/><W65/><G65/><T110/><D110/><U62/><E22/><V32/><F32/><W53/><G53/><T125/><D125/><U111/><E111/><V108/><F108/><W133/><G133/><T1/><D1/><U121/><E121/><V86/><F86/><W105/><G105/><T51/><REACH who="0" step="1"/><D98/><AGARI ba="0,1" hai="10,14,16,43,45,49,56,63,66,73,74,98,102,104" machi="98" ten="40,8000,1" yaku="1,1,52,1,54,1,53,1" doraHai="5" doraHaiUra="94" who="2" fromWho="0" sc="250,-80,250,0,240,90,250,0" /><INIT seed="1,0,0,3,1,55" ten="170,250,330,250" oya="1" hai0="78,43,88,25,47,75,21,22,13,97,17,68,64" hai1="4,113,54,24,15,77,26,74,14,34,127,61,89" hai2="31,37,84,80,5,73,114,46,0,131,99,45,103" hai3="23,81,41,12,87,40,11,86,121,33,67,102,1"/><U49/><E113/><V132/><F114/><W32/><G1/><T76/><D68/><U115/><E115/><V117/><F117/><W123/><G102/><T125/><D125/><U19/><E74/><V112/><F112/><W42/><G23/><T66/><D75/><U124/><E77/><V27/><F73/><W30/><G67/><T72/><D72/><U122/><E61/><V60/><F132/><W118/><G118/><T119/><D119/><U133/><E122/><V18/><F131/><W96/><G96/><T7/><D78/><U126/><E133/><V52/><F37/><W82/><G30/><T104/><D76/><U2/><E2/><V98/><F5/><W10/><G41/><T135/><D135/><U129/><E129/><V109/><F0/><W57/><REACH who="3" step="1"/><G12/><REACH who="3" ten="170,250,330,240" step="2"/><T36/><D104/><U95/><E15/><V65/><F31/><W120/><G120/><T128/><D128/><U8/><E34/><V85/><F65/><W50/><G50/><T9/><REACH who="0" step="1"/><D22/><REACH who="0" ten="160,250,330,240" step="2"/><U101/><E126/><V20/><F103/><W134/><G134/><T59/><D59/><AGARI ba="0,2" hai="10,11,32,33,40,42,57,59,81,82,86,87,121,123" machi="59" ten="25,12000,2" yaku="1,1,22,2,52,2,53,2" doraHai="55" doraHaiUra="83" who="3" fromWho="0" sc="160,-120,250,0,330,0,240,140" /><INIT seed="2,0,0,5,0,96" ten="40,250,330,380" oya="2" hai0="118,84,64,89,116,62,14,85,72,99,78,120,19" hai1="27,36,74,83,2,66,76,127,4,71,15,87,103" hai2="67,119,65,125,88,109,113,63,135,28,124,29,75" hai3="112,123,98,102,108,115,56,79,5,18,97,68,21"/><V55/><F113/><W22/><G68/><T6/><D120/><U82/><E36/><V40/><F119/><W129/><G123/><T50/><D6/><U46/><E2/><V37/><F75/><W53/><G108/><T130/><D130/><U73/><E46/><N who="2" m="23823" /><F109/><W106/><G79/><T8/><D72/><U111/><E111/><V45/><F135/><W100/><G5/><T114/><D114/><N who="3" m="43561" /><G129/><T105/><D118/><U90/><E27/><V43/><F88/><W10/><G10/><T54/><D116/><U23/><E74/><V70/><F29/><W17/><G21/><T92/><D105/><U49/><E23/><V12/><F28/><W0/><G0/><T81/><D64/><N who="2" m="24650" /><F12/><W93/><G22/><T24/><D62/><AGARI ba="0,0" hai="17,18,53,56,62,93,97,98,100,102,106" m="43561" machi="62" ten="30,3900,0" yaku="11,1,52,2" doraHai="96" who="3" fromWho="0" sc="40,-39,250,0,330,0,380,39" /><INIT seed="3,0,0,3,0,46" ten="1,250,330,419" oya="3" hai0="52,64,51,6,67,60,41,11,27,109,3,126,9" hai1="106,130,5,98,111,77,22,96,73,112,36,24,50" hai2="75,0,82,100,55,57,80,132,99,78,86,113,59" hai3="68,85,84,53,30,97,42,131,72,1,61,83,103"/><W33/><G1/><T32/><D27/><U94/><E36/><V115/><F0/><W39/><G131/><T16/><D3/><U10/><E112/><V127/><F127/><W28/><G28/><T101/><D101/><U37/><E37/><V135/><F57/><W81/><G53/><T45/><D126/><U104/><E130/><V93/><F59/><W14/><G14/><T35/><D109/><U44/><E111/><V48/><F55/><W124/><G124/><T54/><D54/><U8/><E77/><V133/><F48/><W105/><G42/><T121/><D52/><U110/><E110/><V58/><F58/><W69/><G39/><T12/><D12/><U66/><E73/><V26/><F26/><N who="3" m="18647" /><G69/><T17/><D51/><U4/><E66/><V7/><F7/><W62/><G62/><T34/><D60/><U31/><E104/><V43/><F43/><W65/><G81/><T13/><D41/><U49/><E106/><V129/><F129/><W123/><G123/><T56/><D56/><U40/><E98/><V2/><F2/><W25/><G25/><T114/><D13/><U95/><E95/><V71/><F71/><W20/><G20/><T38/><D38/><U79/><E79/><AGARI ba="0,0" hai="61,65,68,72,79,83,84,85,97,103,105" m="18647" machi="79" ten="30,1500,0" yaku="25,1" doraHai="46" who="3" fromWho="1" sc="1,0,250,-15,330,0,419,15" owari="1,-49.9,235,-16.5,330,13.0,434,53.4" /></mjloggm>