<mjloggm ver="2.3"><GO type="225" lobby="0"/><UN n0="%E5%91%A8%E6%9D%B1" n1="%E3%82%A4%E3%83%BC%E3%82%B1%E3%83%97%E3%83%A9" n2="%E7%99%BD%E5%80%89%E5%AF%9B%E4%B9%8B" n3="%E3%83%96%E3%83%83%E3%83%91%E3%82%AA%E3%83%96%E3%83%81%E3%82%AD%E3%83%B3" dan="17,17,16,16" rate="2196.65,2209.64,2129.02,2217.33" sx="M,M,M,M"/><TAIKYOKU oya="0"/><INIT seed="0,0,0,5,1,74" ten="250,250,250,250" oya="0" hai0="7,68,23,118,17,26,43,60,58,91,121,2,77" hai1="113,56,30,3,16,41,120,63,33,123,14,54,10" hai2="4,116,79,108,122,109,130,96,129,107,66,18,103" hai3="45,31,34,83,117,99,88,112,35,76,95,59,48"/><T85/><D121/><U135/><E135/><V24/><F66/><W100/><G112/><T21/><D118/><U39/><E113/><V102/><F4/><W92/><G117/><T51/><D68/><U62/><E62/><V94/><F116/><W12/><G59/><T125/><D125/><U73/><E73/><V86/><F18/><W71/><G71/><T114/><D114/><U81/><E3/><V98/><F24/><W9/><G31/><T126/><D126/><U82/><E30/><V87/><F122/><W72/><G95/><T119/><D119/><U65/><E33/><V67/><F67/><W90/><G35/><T38/><D38/><U106/><E106/><V47/><F47/><W32/><G32/><T93/><D23/><U110/><E110/><N who="2" m="42603" /><F79/><W40/><REACH who="3" step="1"/><G34/><REACH who="3" ten="250,250,250,240" step="2"/><T61/><D58/><U15/><E56/><V133/><F133/><W75/><G75/><T19/><D93/><U22/><E123/><V29/><F29/><W1/><G1/><T115/><D2/><U44/><E120/><V8/><F8/><W5/><AGARI ba="0,1" hai="5,9,12,40,45,48,72,76,83,88,90,92,99,100" machi="5" ten="20,12000,2" yaku="1,1,0,1,7,1,52,1,54,1,53,1" doraHai="74" doraHaiUra="78" who="3" fromWho="3" sc="250,-60,250,-30,250,-30,240,130" /><INIT seed="1,0,0,4,5,30" ten="190,220,220,370" oya="1" hai0="83,100,76,50,117,61,1,92,114,77,11,23,70" hai1="66,129,107,113,93,55,54,43,111,31,51,26,28" hai2="5,42,98,130,122,97,116,112,10,128,101,121,104" hai3="110,57,88,21,84,109,132,115,59,82,0,29,89"/><U8/><E113/><V80/><F42/><W38/><G115/><T44/><D114/><U78/><E107/><V6/><F112/><W134/><G38/><T37/><D117/><U56/><E129/><N who="2" m="49771" /><F116/><W126/><G0/><T67/><D37/><U63/><E111/><N who="3" m="42506" /><G126/><T135/><D135/><N who="3" m="51753" /><G89/><T3/><D77/><U17/><E78/><V9/><F80/><W22/><G29/><T45/><D3/><U32/><E31/><V62/><F62/><W4/><G4/><N who="2" m="1641" /><F98/><W39/><G39/><T52/><D1/><U68/><E93/><V18/><F18/><W19/><G22/><T72/><D23/><U27/><E27/><AGARI ba="0,0" hai="19,21,27,57,59,82,84,88" m="51753,42506" machi="27" ten="30,3900,0" yaku="14,1,20,1,54,1" doraHai="30" who="3" fromWho="1" sc="190,0,220,-39,220,0,370,39" /><INIT seed="2,0,0,2,2,133" ten="190,181,220,409" oya="2" hai0="1,20,13,33,6,59,92,16,56,50,53,45,114" hai1="100,103,125,127,52,96,122,115,108,82,131,118,79" hai2="64,102,30,37,38,90,46,73,68,5,4,60,61" hai3="89,31,49,129,72,120,17,97,8,7,86,67,18"/><V81/><F30/><W77/><G120/><T76/><D33/><U116/><E115/><V25/><F25/><W84/><G129/><T75/><D114/><U121/><E52/><V32/><F32/><W105/><G31/><T109/><D109/><U28/><E28/><V34/><F34/><W29/><G29/><T132/><D132/><U112/><E112/><V21/><F21/><W71/><G49/><T104/><D104/><N who="1" m="63495" /><E103/><V107/><F61/><W87/><G67/><T27/><D1/><U39/><E39/><V42/><F38/><W95/><G71/><T3/><D3/><U124/><E108/><V134/><F134/><W78/><G105/><T43/><D43/><U113/><E113/><V11/><F5/><W101/><G101/><T24/><D6/><U74/><E131/><V93/><F102/><W66/><G66/><T80/><D92/><U70/><E70/><V83/><F107/><W10/><G72/><T69/><D69/><U12/><E12/><V22/><F73/><W44/><G44/><T15/><D13/><U85/><E74/><V99/><F22/><W98/><G7/><T62/><D56/><U41/><E41/><V55/><F55/><W106/><G106/><T123/><D123/><AGARI ba="0,0" hai="79,82,85,116,118,121,122,123,124,125,127" m="63495" machi="123" ten="40,12000,2" yaku="13,1,18,1,34,2,52,3" doraHai="133" who="1" fromWho="0" sc="190,-120,181,120,220,0,409,0" /><INIT seed="3,0,0,5,1,119" ten="70,301,220,409" oya="3" hai0="98,20,72,134,19,54,135,23,43,51,73,29,100" hai1="121,132,106,10,32,39,71,120,105,64,17,25,76" hai2="41,47,66,82,22,38,108,70,94,93,103,75,9" hai3="26,16,58,77,61,118,3,53,52,110,55,69,102"/><W101/><G118/><T34/><D43/><U33/><E17/><V56/><F108/><W7/><G69/><T117/><D117/><U80/><E10/><V97/><F70/><W60/><G110/><T86/><D34/><N who="1" m="13419" /><E25/><V90/><F22/><N who="3" m="13639" /><G3/><T131/><D29/><U81/><E39/><V85/><F9/><W130/><G130/><T112/><D19/><U116/><E116/><V78/><F56/><N who="3" m="34823" /><G7/><T95/><D20/><U92/><E92/><N who="2" m="54351" /><F66/><N who="3" m="39223" /><G77/><T127/><D112/><U99/><E132/><V123/><F123/><N who="1" m="47177" /><E99/><V57/><F57/><W28/><G28/><T14/><D134/><U67/><E76/><V122/><F122/><W11/><G11/><T63/><D135/><U27/><E27/><V83/><F83/><N who="1" m="31817" /><E71/><V0/><F0/><W15/><G15/><T6/><D14/><U104/><AGARI ba="0,0" hai="64,67,104,105,106" m="31817,47177,13419" machi="104" ten="40,8000,1" yaku="28,2,52,3" doraHai="119" who="1" fromWho="1" sc="70,-20,301,80,220,-20,409,-40" owari="50,-45.0,381,48.1,200,-20.0,369,16.9" /></mjloggm>