<mjloggm ver="2.3"><GO type="225" lobby="0"/><UN n0="%E6%B8%A9%E2%98%85%E6%83%85%E2%98%85%E6%8E%AA%E2%98%85%E7%BD%AE" n1="%E6%A0%B9%E5%85%83%E3%81%8B%E3%82%89%E5%90%B9%E3%81%A3%E9%A3%9B%E3%81%B6" n2="%E5%A4%8F%E9%88%B4%E9%88%B4%E5%A4%8F" n3="%E6%A1%9C%E8%8A%B1%E9%96%83%E3%80%85" dan="17,16,16,16" rate="2222.10,2095.85,2147.49,2097.40" sx="M,F,F,M"/><TAIKYOKU oya="0"/><INIT seed="0,0,0,5,3,124" ten="250,250,250,250" oya="0" hai0="107,53,55,10,60,115,5,26,67,28,99,135,50" hai1="29,24,108,48,75,61,62,43,95,132,27,56,15" hai2="71,130,104,66,46,94,42,1,74,86,125,64,112" hai3="122,123,59,128,44,119,106,54,110,0,83,52,4"/><T12/><BYE who="3" /><D135/><UN n3="%E6%A1%9C%E8%8A%B1%E9%96%83%E3%80%85" /><U65/><E108/><V31/><F112/><W20/><G119/><T58/><D115/><U85/><E75/><V63/><F74/><W6/><G110/><T2/><D2/><U9/><E132/><V92/><F104/><W114/><G114/><T69/><D55/><U40/><E62/><V131/><F1/><W14/><G106/><T84/><D84/><U77/><E48/><V97/><F125/><W19/><G83/><T109/><D109/><U21/><E27/><V45/><F66/><W100/><G100/><T103/><REACH who="0" step="1"/><D26/><REACH who="0" ten="240,250,250,250" step="2"/><U68/><E85/><V133/><F133/><W25/><G0/><T101/><D101/><U127/><E24/><V89/><F31/><AGARI ba="0,1" hai="5,10,12,28,31,50,53,58,60,67,69,99,103,107" machi="31" ten="40,2000,0" yaku="1,1,53,0" doraHai="124" doraHaiUra="39" who="0" fromWho="2" sc="240,30,250,0,250,-20,250,0" /><INIT seed="0,1,0,4,5,7" ten="270,250,230,250" oya="0" hai0="43,30,109,124,74,52,36,39,132,62,113,47,123" hai1="73,42,33,89,78,14,1,53,64,16,15,105,103" hai2="75,59,68,92,25,67,101,90,28,112,117,122,82" hai3="0,85,40,77,130,127,41,108,61,84,128,110,66"/><T121/><D74/><U21/><E1/><V88/><F112/><W96/><G0/><T91/><D30/><U57/><E33/><V20/><F122/><N who="0" m="46602" /><D91/><U22/><E105/><V81/><F117/><W125/><G96/><T106/><D106/><U49/><E103/><V99/><F68/><N who="3" m="42063" /><G77/><T115/><D132/><U54/><E73/><V80/><REACH who="2" step="1"/><F75/><REACH who="2" ten="270,250,220,250" step="2"/><W63/><G127/><T18/><D124/><U97/><E78/><V135/><F135/><W51/><G125/><T24/><D115/><U93/><E64/><V11/><F11/><W50/><G110/><T76/><D113/><U13/><E42/><V95/><F95/><W119/><G40/><T102/><D76/><U10/><E22/><V5/><F5/><W86/><G41/><T27/><D109/><U129/><E129/><V71/><F71/><W58/><G108/><T72/><D72/><U38/><E38/><V98/><F98/><W114/><G119/><T87/><D36/><U29/><E54/><V118/><F118/><W133/><G133/><T9/><D52/><U31/><REACH who="1" step="1"/><E10/><REACH who="1" ten="270,240,220,250" step="2"/><V79/><F79/><W44/><G114/><T104/><D9/><U116/><E116/><V56/><F56/><W134/><G134/><T46/><D39/><U19/><E19/><V94/><F94/><W6/><G130/><T8/><D18/><U48/><E48/><V69/><F69/><W70/><G128/><T35/><D8/><U107/><E107/><V26/><F26/><AGARI ba="1,2" hai="13,14,15,16,21,26,29,31,49,53,57,89,93,97" machi="26" ten="40,5200,0" yaku="1,1,8,1,54,1,53,0" doraHai="7" doraHaiUra="111" who="1" fromWho="2" sc="270,0,240,75,220,-55,250,0" /><INIT seed="1,0,0,3,5,45" ten="270,315,165,250" oya="1" hai0="82,53,93,55,114,111,108,52,14,17,10,86,132" hai1="90,88,42,92,51,34,91,127,28,113,64,16,67" hai2="12,95,27,98,81,3,131,15,0,38,75,73,33" hai3="39,107,116,126,46,41,96,94,48,44,105,30,35"/><U62/><E113/><V36/><F81/><W24/><G126/><T89/><D114/><U56/><E127/><V66/><F66/><W57/><G57/><T69/><D69/><U103/><E67/><V7/><F7/><W2/><G2/><N who="2" m="553" /><F27/><W72/><G72/><N who="2" m="27721" /><F33/><W26/><G116/><T50/><D132/><U110/><E110/><N who="0" m="42025" /><D93/><U104/><E104/><V135/><F135/><W78/><G24/><T102/><D102/><U124/><E124/><V109/><F109/><W87/><G87/><T129/><D129/><U68/><E28/><V99/><F95/><W100/><REACH who="3" step="1"/><G78/><REACH who="3" ten="270,315,165,240" step="2"/><T85/><D85/><U120/><E68/><V1/><F131/><W18/><G18/><T106/><D106/><U84/><E16/><V63/><F1/><W9/><G9/><T74/><D74/><U54/><E84/><V61/><F98/><W119/><G119/><T130/><D130/><U6/><E56/><AGARI ba="0,1" hai="10,14,17,50,52,53,55,56,82,86,89" m="42025" machi="56" ten="30,3900,0" yaku="14,1,52,1,54,1" doraHai="45" who="0" fromWho="1" sc="270,49,315,-39,165,0,240,0" /><INIT seed="2,0,0,0,3,56" ten="319,276,165,240" oya="2" hai0="125,102,30,62,42,115,86,66,23,116,44,126,73" hai1="16,95,12,9,27,35,46,54,94,43,64,50,58" hai2="118,91,113,87,129,101,26,78,92,120,104,14,90" hai3="121,83,20,127,124,65,60,114,10,98,80,48,38"/><V88/><F118/><W122/><G38/><T105/><D73/><U57/><E64/><V59/><F113/><W85/><G114/><T17/><D115/><U40/><E58/><V119/><F120/><W36/><G36/><T6/><D6/><U21/><E35/><V29/><F119/><W97/><G20/><T110/><D116/><U68/><E68/><V131/><F14/><W5/><G48/><N who="0" m="26647" /><D86/><U2/><E2/><V37/><F37/><W33/><G33/><T39/><D39/><U69/><E69/><V45/><F45/><W19/><G19/><T100/><D30/><N who="1" m="17775" /><E43/><V25/><F59/><N who="3" m="37023" /><G98/><T51/><D105/><U79/><E79/><V32/><F25/><W63/><G97/><T109/><D51/><AGARI ba="0,0" hai="9,12,16,40,46,50,51,54,57,94,95" m="17775" machi="51" ten="30,2000,0" yaku="8,1,54,1" doraHai="56" who="1" fromWho="0" sc="319,-20,276,20,165,0,240,0" /><INIT seed="3,0,0,3,5,15" ten="299,296,165,240" oya="3" hai0="127,11,18,133,19,134,98,135,93,85,45,51,57" hai1="43,13,44,91,112,130,115,87,56,94,14,113,96" hai2="99,34,102,37,46,110,100,10,52,21,38,48,68" hai3="77,80,114,53,70,132,59,118,47,108,20,105,16"/><W120/><G120/><T7/><D127/><U101/><E130/><V62/><F110/><W35/><G114/><T64/><D85/><U82/><REACH who="1" step="1"/><E56/><REACH who="1" ten="299,286,165,240" step="2"/><V61/><F34/><W109/><G35/><T33/><D33/><U103/><E103/><V95/><F102/><W72/><G70/><T28/><D28/><U4/><E4/><V123/><F123/><W121/><G121/><T116/><D116/><U125/><E125/><V126/><F126/><W6/><G118/><T27/><D57/><U97/><E97/><V124/><F124/><W104/><G6/><T75/><D75/><U69/><E69/><V1/><F21/><W84/><G72/><T25/><D64/><U58/><E58/><V66/><REACH who="2" step="1"/><F61/><REACH who="2" ten="299,286,155,240" step="2"/><N who="3" m="36079" /><G105/><T12/><D135/><U40/><E40/><V90/><F90/><W0/><G104/><T117/><D117/><U106/><E106/><V88/><F88/><W78/><G132/><T24/><D134/><U30/><E30/><V22/><F22/><W111/><G78/><T5/><D133/><U36/><AGARI ba="0,2" hai="13,14,36,43,44,82,87,91,94,96,101,112,113,115" machi="36" ten="30,2000,0" yaku="1,1,0,1,53,0" doraHai="15" doraHaiUra="119" who="1" fromWho="1" sc="299,-5,286,40,155,-5,240,-10" owari="294,9.4,326,42.6,150,-35.0,230,-17.0" /></mjloggm>