<mjloggm ver="2.3"><GO type="225" lobby="0"/><UN n0="%64%61%72%74%65%72" n1="%33%74%72%65%65" n2="%E3%81%99%E3%81%84%E3%81%BE%E3%81%9B%E3%83%BC%E3%82%93" n3="%E3%81%BF%E3%81%BF%E3%81%9A" dan="18,17,18,17" rate="2195.35,2161.71,2212.31,2208.75" sx="M,F,M,M"/><TAIKYOKU oya="0"/><INIT seed="0,0,0,2,2,81" ten="250,250,250,250" oya="0" hai0="74,29,102,92,57,66,59,133,63,103,115,21,72" hai1="3,38,107,54,14,109,18,101,42,84,50,13,36" hai2="19,82,73,123,116,90,94,71,53,121,85,0,126" hai3="87,34,132,22,120,80,52,106,78,16,97,89,12"/><T27/><D115/><U105/><E3/><V30/><F71/><W33/><G132/><T69/><D133/><U62/><E109/><V17/><F0/><W55/><G120/><T6/><D6/><U58/><E13/><V100/><F126/><W44/><G44/><T35/><D35/><U2/><E2/><V56/><F116/><W134/><G134/><T124/><D124/><U112/><E112/><V93/><F30/><W119/><G119/><T23/><D69/><U40/><E38/><V79/><F123/><W37/><G37/><T20/><D57/><U61/><E36/><V110/><F110/><W24/><G34/><T111/><D111/><U64/><E105/><V65/><F65/><W25/><G33/><T26/><D20/><U9/><E62/><V68/><F68/><W75/><G75/><T95/><D95/><U70/><REACH who="1" step="1"/><E84/><REACH who="1" ten="250,240,250,250" step="2"/><V5/><F121/><W130/><G106/><T48/><D74/><U96/><AGARI ba="0,1" hai="9,14,18,40,42,50,54,58,61,64,70,96,101,107" machi="96" ten="30,4000,0" yaku="1,1,2,1,0,1,53,0" doraHai="81" doraHaiUra="104" who="1" fromWho="1" sc="250,-20,240,50,250,-10,250,-10" /><INIT seed="1,0,0,0,2,74" ten="230,290,240,240" oya="1" hai0="115,104,83,30,34,76,106,58,126,16,39,59,57" hai1="2,75,131,4,26,94,113,102,20,12,70,42,98" hai2="36,40,103,9,64,61,120,22,60,130,33,99,51" hai3="78,29,28,132,52,124,8,81,19,41,73,96,118"/><U95/><E113/><V13/><F33/><W125/><G41/><T17/><D115/><U54/><E131/><V82/><F120/><W5/><G132/><T85/><D39/><U31/><E70/><V32/><F32/><W69/><G69/><T6/><D126/><N who="3" m="48745" /><G118/><T135/><D135/><U97/><E42/><V44/><F130/><W63/><G19/><T10/><D34/><U18/><E75/><V128/><F128/><W116/><G116/><T1/><REACH who="0" step="1"/><D30/><REACH who="0" ten="220,290,240,240" step="2"/><U53/><E31/><V3/><F36/><W72/><G28/><T84/><D84/><U89/><E2/><V80/><F99/><W27/><G96/><T37/><D37/><U35/><E35/><V88/><F3/><N who="3" m="63" /><G29/><T129/><D129/><U68/><E68/><V14/><F14/><W45/><G27/><T47/><D47/><U111/><E111/><V23/><F44/><W87/><G45/><T62/><D62/><U25/><E25/><V91/><F61/><W86/><G87/><T7/><D7/><U48/><E48/><V77/><F51/><W71/><G71/><T100/><D100/><U112/><E112/><V24/><F103/><W117/><G117/><T21/><D21/><U67/><E4/><V114/><F24/><W66/><G66/><T43/><D43/><U108/><E108/><V122/><F64/><W56/><AGARI ba="0,1" hai="52,56,63,72,73,78,81,86" m="63,48745" machi="56" ten="30,4000,0" yaku="18,1,52,1,54,1" doraHai="74" who="3" fromWho="3" sc="220,-10,290,-20,240,-10,240,50" /><INIT seed="2,0,0,1,2,117" ten="210,270,230,290" oya="2" hai0="129,61,33,66,110,32,79,122,135,24,70,88,114" hai1="7,8,67,97,109,60,128,19,101,37,112,120,31" hai2="130,77,91,18,45,48,0,84,16,46,35,4,3" hai3="9,40,74,108,95,39,99,71,124,21,27,127,55"/><V105/><F105/><W80/><G71/><T106/><D122/><U69/><E112/><V52/><F35/><W107/><G107/><T13/><D114/><U89/><E109/><V23/><F130/><W125/><G108/><T41/><D110/><U44/><E128/><V132/><F132/><W54/><G9/><T17/><D129/><U59/><E120/><V5/><F77/><N who="3" m="44087" /><G40/><T68/><D68/><U50/><E31/><V73/><F73/><W36/><G54/><T53/><D135/><U123/><E123/><V1/><F46/><W14/><G55/><T134/><D134/><U30/><E30/><V116/><F116/><W56/><G56/><T65/><D65/><U26/><E89/><V96/><F96/><W92/><G14/><T62/><D41/><U64/><E37/><N who="3" m="14410" /><G99/><T20/><D106/><U113/><E113/><V111/><F111/><W121/><G121/><T98/><D79/><U90/><E90/><V119/><F119/><W2/><G2/><T87/><D13/><N who="1" m="5279" /><E69/><V25/><REACH who="2" step="1"/><F18/><AGARI ba="0,0" hai="18,21,27,92,95,124,125,127" m="14410,44087" machi="18" ten="40,1300,0" yaku="18,1" doraHai="117" who="3" fromWho="2" sc="210,0,270,0,230,-13,290,13" /><INIT seed="3,0,0,5,1,61" ten="210,270,217,303" oya="3" hai0="120,82,23,92,134,34,84,26,10,125,94,59,46" hai1="18,45,15,99,47,98,93,129,25,14,80,96,85" hai2="102,112,7,126,77,103,55,9,124,56,20,66,110" hai3="58,127,3,63,21,57,16,105,17,12,51,89,118"/><W79/><G118/><T13/><D120/><U29/><E129/><V6/><F112/><W123/><G123/><T95/><D125/><N who="2" m="48234" /><F110/><W100/><G127/><T35/><D134/><U111/><E111/><V106/><F66/><N who="3" m="39279" /><G3/><T68/><D68/><U44/><E93/><V36/><F36/><W117/><G105/><T49/><D59/><U39/><E39/><V91/><F77/><W90/><G117/><T31/><D49/><U122/><E122/><V87/><F20/><N who="3" m="11271" /><G100/><N who="2" m="38441" /><F9/><W1/><G79/><T88/><REACH who="0" step="1"/><D46/><REACH who="0" ten="200,270,217,303" step="2"/><U97/><E45/><V38/><F38/><W104/><G104/><T107/><D107/><U86/><E47/><V72/><F106/><W83/><G51/><T24/><D24/><U62/><E25/><V33/><F72/><W75/><G58/><T64/><D64/><U54/><E44/><V37/><F37/><W131/><G131/><T43/><D43/><U121/><E121/><V132/><F132/><W108/><G108/><T30/><D30/><U69/><E29/><V5/><F56/><W42/><G42/><T53/><D53/><U60/><E54/><V73/><F73/><W2/><G75/><T11/><D11/><U8/><E69/><V81/><F55/><W113/><G113/><T116/><D116/><U101/><E101/><V0/><F0/><N who="3" m="107" /><G83/><T4/><AGARI ba="0,1" hai="4,10,13,23,26,31,34,35,82,84,88,92,94,95" machi="4" ten="30,4000,0" yaku="1,1,0,1,54,1,53,0" doraHai="61" doraHaiUra="135" who="0" fromWho="0" sc="200,50,270,-10,217,-10,303,-20" /><INIT seed="4,0,0,4,1,78" ten="250,260,207,283" oya="0" hai0="2,21,118,17,77,107,125,113,47,105,13,135,57" hai1="129,98,122,52,14,8,49,72,100,24,55,58,127" hai2="0,87,20,133,33,94,89,56,110,60,30,40,25" hai3="119,134,64,104,66,38,74,109,108,18,69,132,7"/><T10/><D118/><U22/><E122/><V34/><F110/><W26/><G104/><T68/><D68/><U111/><E111/><N who="3" m="42570" /><G7/><T23/><D113/><U101/><E129/><V43/><F0/><W5/><G5/><T81/><D125/><U120/><E120/><V29/><F133/><N who="3" m="51307" /><G69/><T27/><D2/><U97/><E72/><V61/><F61/><W12/><G26/><T102/><D107/><U4/><E127/><V41/><REACH who="2" step="1"/><F30/><REACH who="2" ten="250,260,197,283" step="2"/><W15/><G119/><T44/><D135/><U115/><E115/><V82/><F82/><W54/><G64/><AGARI ba="0,1" hai="20,25,29,33,34,40,41,43,56,60,64,87,89,94" machi="64" ten="40,1300,0" yaku="1,1,53,0" doraHai="78" doraHaiUra="96" who="2" fromWho="3" sc="250,0,260,0,197,23,283,-13" /><INIT seed="5,0,0,2,0,126" ten="250,260,220,270" oya="1" hai0="20,108,120,53,44,113,7,9,50,101,103,114,19" hai1="26,54,102,31,45,6,48,86,83,112,37,60,16" hai2="135,70,2,118,28,18,69,98,130,25,43,68,81" hai3="133,89,123,99,79,96,4,40,67,8,30,115,106"/><U72/><E112/><N who="0" m="43113" /><D108/><U121/><E121/><V33/><F118/><W88/><G115/><T116/><D116/><U62/><E72/><V93/><F135/><W65/><G79/><T56/><D120/><U128/><E37/><V34/><F2/><W92/><G123/><T74/><D74/><U35/><E6/><V59/><F130/><W0/><G133/><T91/><D91/><U17/><E102/><V97/><F34/><W42/><G30/><T46/><D46/><U84/><E128/><V82/><F43/><W132/><G132/><T100/><D56/><U1/><E1/><V127/><F127/><W41/><G106/><T105/><D105/><U87/><REACH who="1" step="1"/><E83/><REACH who="1" ten="250,250,220,270" step="2"/><V57/><F18/><AGARI ba="0,1" hai="16,17,18,26,31,35,45,48,54,60,62,84,86,87" machi="18" ten="40,7700,0" yaku="1,1,2,1,54,1,53,0" doraHai="126" doraHaiUra="122" who="1" fromWho="2" sc="250,0,250,87,220,-77,270,0" owari="250,-15.0,337,43.7,143,-35.7,270,7.0" /></mjloggm>