<mjloggm ver="2.3"><GO type="225" lobby="0"/><UN n0="%72%65%6E%6B%75%6E" n1="%E6%9D%B1%E9%A2%A8%E3%81%AE%E3%81%8D%E3%82%83%E3%81%B7%E3%81%95%E3%82%93" n2="%E6%9C%88%E5%B3%B6%E5%9F%BA" n3="%E5%8D%A0%E3%81%84%E5%B8%AB%E8%A3%8F%E3%81%AA%E3%81%84%E3%81%97" dan="17,16,17,17" rate="2206.07,2174.46,2199.81,2243.98" sx="M,M,M,M"/><TAIKYOKU oya="0"/><INIT seed="0,0,0,1,4,116" ten="250,250,250,250" oya="0" hai0="3,113,10,79,130,132,56,72,8,75,46,81,121" hai1="124,57,53,135,63,82,37,88,118,17,45,99,106" hai2="55,40,119,98,12,34,100,109,66,9,41,78,93" hai3="48,110,68,49,7,73,36,107,87,51,108,85,35"/><T1/><D113/><U129/><E129/><V83/><F109/><N who="3" m="42091" /><G73/><T69/><D69/><U89/><E135/><V122/><F34/><W127/><G36/><T104/><D104/><U62/><E124/><V131/><F131/><W115/><G115/><T97/><D130/><U0/><E0/><V103/><F119/><W117/><G117/><T120/><D56/><U74/><E118/><V76/><F103/><W134/><G134/><T54/><D132/><U5/><E5/><V18/><F122/><N who="0" m="47210" /><D54/><U80/><E106/><V38/><F38/><W4/><G127/><T84/><D97/><U95/><E37/><V64/><F55/><W21/><G35/><T125/><D125/><U58/><E45/><V11/><F11/><W13/><G68/><T6/><D46/><U23/><E89/><V65/><REACH who="2" step="1"/><F78/><REACH who="2" ten="250,250,240,250" step="2"/><W71/><G107/><T90/><D8/><U15/><E74/><AGARI ba="0,1" hai="9,12,18,40,41,64,65,66,74,76,83,93,98,100" machi="74" ten="40,2600,0" yaku="1,1,2,1,53,0" doraHai="116" doraHaiUra="52" who="2" fromWho="1" sc="250,0,250,-26,240,36,250,0" /><INIT seed="1,0,0,3,4,117" ten="250,224,276,250" oya="1" hai0="29,45,110,26,12,38,13,95,119,121,39,21,22" hai1="18,62,126,63,46,55,34,33,132,93,98,75,81" hai2="64,94,133,43,123,41,8,91,131,27,103,56,49" hai3="68,100,48,50,7,40,0,107,112,28,67,61,1"/><U19/><E132/><V71/><F133/><W82/><G112/><T109/><D119/><U54/><E126/><V65/><F131/><W76/><G48/><T128/><D128/><U57/><E75/><V113/><F113/><W106/><G50/><T77/><D77/><U89/><E81/><V130/><F130/><W122/><G40/><N who="2" m="15433" /><F71/><W80/><G80/><T70/><D70/><U23/><E18/><V78/><F123/><W105/><G28/><T30/><D95/><U83/><E83/><V101/><F27/><W66/><G67/><N who="2" m="25673" /><F8/><N who="3" m="2151" /><G1/><T6/><D6/><U90/><E90/><V5/><F5/><W35/><G35/><T4/><D4/><U114/><E114/><V24/><F24/><W99/><G122/><T96/><D96/><U92/><E92/><V115/><F78/><W135/><G135/><T129/><D129/><U79/><E79/><V88/><F115/><W97/><G97/><T72/><D72/><AGARI ba="0,0" hai="61,66,68,72,76,82,99,100,105,106,107" m="2151" machi="72" ten="30,2000,0" yaku="33,2" doraHai="117" who="3" fromWho="0" sc="250,-20,224,0,276,0,250,20" /><INIT seed="2,0,0,4,2,88" ten="230,224,276,270" oya="2" hai0="111,18,82,121,108,38,10,64,118,13,81,69,77" hai1="22,78,102,72,103,75,112,105,84,89,94,43,74" hai2="90,48,92,21,49,16,101,123,133,104,19,47,98" hai3="50,83,36,26,85,5,39,37,59,110,70,0,15"/><V76/><F123/><W115/><G70/><T67/><D38/><U4/><E43/><V87/><F133/><W2/><G110/><N who="0" m="42027" /><D121/><U117/><E4/><V71/><F71/><W9/><G115/><T99/><D118/><U25/><E117/><V14/><F76/><W134/><G134/><T29/><D29/><U23/><E112/><V135/><F135/><W35/><G50/><T40/><D40/><U27/><E78/><V6/><F6/><W20/><G59/><T30/><D30/><U53/><E53/><V41/><REACH who="2" step="1"/><F19/><REACH who="2" ten="230,224,266,270" step="2"/><W114/><G114/><T55/><D69/><U66/><E66/><V132/><F132/><W52/><G5/><T44/><D64/><U128/><E128/><V106/><F106/><W113/><G113/><T17/><D67/><U73/><E105/><V32/><F32/><W93/><G35/><T58/><D18/><U8/><N who="1" m="18432" /><DORA hai="125" /><U124/><E124/><V42/><F42/><W34/><G34/><T56/><D77/><U127/><E127/><V122/><F122/><W109/><G109/><T131/><D131/><U28/><REACH who="1" step="1"/><E8/><REACH who="1" ten="230,214,266,270" step="2"/><V100/><F100/><W65/><G9/><T126/><D126/><U129/><E129/><V12/><F12/><W61/><G15/><T54/><D13/><U60/><E60/><V86/><F86/><W33/><G65/><T80/><D10/><U31/><AGARI ba="0,2" hai="22,23,25,27,28,31,84,89,94,102,103" m="18432" machi="31" ten="60,8000,1" yaku="1,1,0,1,9,1,52,1,53,0" doraHai="88,125" doraHaiUra="79,116" who="1" fromWho="1" sc="230,-20,214,100,266,-40,270,-20" /><INIT seed="3,0,0,3,3,38" ten="210,314,226,250" oya="3" hai0="72,126,74,62,102,30,34,22,25,103,49,3,115" hai1="121,2,46,82,55,45,5,131,108,87,65,9,96" hai2="26,27,66,119,31,18,97,21,104,118,4,106,40" hai3="35,127,23,125,110,81,59,94,76,90,20,120,124"/><W70/><G70/><T37/><D37/><U113/><E121/><V73/><F73/><W1/><G35/><T128/><D3/><U50/><E113/><V42/><F66/><W17/><G120/><T33/><D115/><U67/><E131/><V29/><F4/><W134/><G1/><T12/><D128/><U95/><E45/><V112/><F112/><W54/><G110/><T111/><D111/><U47/><E47/><V63/><F63/><N who="3" m="36343" /><G17/><T129/><D129/><U60/><E108/><V61/><F61/><W13/><G13/><T14/><D49/><U6/><E6/><V8/><F8/><W122/><G134/><T48/><D48/><U117/><E60/><V71/><F71/><W75/><G122/><T24/><D62/><U133/><E133/><V93/><F18/><W132/><G132/><T58/><D58/><U86/><E117/><V109/><F109/><W53/><G53/><T57/><D57/><U68/><E68/><V85/><F118/><W28/><G28/><T99/><D30/><U56/><E46/><V0/><F0/><W51/><G51/><T107/><D107/><U116/><E116/><V69/><F69/><W84/><AGARI ba="0,0" hai="20,23,75,76,81,84,90,94,124,125,127" m="36343" machi="84" ten="30,1500,0" yaku="18,1" doraHai="38" who="3" fromWho="3" sc="210,-5,314,-5,226,-5,250,15" /><INIT seed="3,1,0,3,0,11" ten="205,309,221,265" oya="3" hai0="40,13,14,39,96,2,6,105,121,117,71,42,77" hai1="126,83,133,57,113,101,115,41,37,4,62,5,103" hai2="129,123,15,22,93,45,75,120,66,88,56,74,122" hai3="29,90,26,73,107,89,23,135,7,27,53,116,34"/><W68/><G116/><T48/><D117/><U0/><E83/><V9/><F129/><W17/><G73/><T95/><D121/><U30/><E30/><V79/><F79/><W81/><G135/><T98/><D71/><U94/><E126/><V54/><F22/><W69/><G107/><T51/><D77/><U47/><E133/><V67/><F45/><W32/><G7/><T31/><D105/><U21/><E21/><V114/><F114/><W131/><G131/><T59/><D31/><U78/><E78/><V128/><F128/><W91/><G32/><T112/><D2/><U50/><E37/><V76/><F76/><W86/><G53/><T43/><D6/><U60/><E60/><N who="2" m="35863" /><F75/><W19/><G19/><T132/><D132/><U25/><E25/><V84/><F74/><W33/><G33/><T20/><D20/><U3/><E3/><V111/><F111/><W100/><G100/><T61/><D39/><U8/><E5/><AGARI ba="1,0" hai="5,9,15,66,67,84,88,93,120,122,123" m="35863" machi="5" ten="30,3900,0" yaku="13,1,52,1,54,1" doraHai="11" who="2" fromWho="1" sc="205,0,309,-42,221,42,265,0" /><INIT seed="4,0,0,1,3,79" ten="205,267,263,265" oya="0" hai0="44,108,19,105,81,116,104,58,59,102,135,40,51" hai1="98,73,41,100,107,8,93,75,94,54,32,29,16" hai2="92,103,110,91,123,68,23,48,83,5,87,37,97" hai3="78,13,33,90,120,82,45,21,2,3,124,25,127"/><T67/><D116/><U115/><E115/><V66/><F37/><W72/><G120/><T7/><D135/><U26/><E41/><V56/><F123/><W118/><G118/><T0/><D108/><U34/><E34/><V86/><F110/><W24/><G13/><T49/><D0/><U89/><E54/><V14/><F68/><W114/><G114/><T64/><D7/><U85/><REACH who="1" step="1"/><E94/><REACH who="1" ten="205,257,263,265" step="2"/><V117/><F117/><W53/><G53/><T95/><D19/><U27/><E27/><V10/><F92/><W28/><G24/><T15/><D15/><AGARI ba="0,1" hai="8,15,16,26,29,32,73,75,85,89,93,98,100,107" machi="15" ten="40,2600,0" yaku="1,1,54,1,53,0" doraHai="79" doraHaiUra="42" who="1" fromWho="0" sc="205,-26,257,36,263,0,265,0" /><INIT seed="5,0,0,0,0,12" ten="179,293,263,265" oya="1" hai0="111,19,69,22,1,96,134,65,45,66,30,95,117" hai1="6,105,33,116,59,73,94,118,74,119,91,27,100" hai2="99,23,89,88,128,46,110,4,122,54,13,40,34" hai3="42,123,29,61,17,50,38,108,70,57,112,36,28"/><U115/><E59/><V92/><F110/><W25/><G123/><T3/><D117/><U44/><E44/><V62/><F34/><W2/><G2/><T68/><D111/><U21/><E33/><V102/><F122/><W9/><G108/><T126/><D30/><U18/><E6/><V24/><F128/><W15/><G70/><T127/><D45/><U77/><E115/><V85/><F62/><W132/><G112/><T10/><D134/><U7/><E7/><V107/><F54/><W53/><G28/><T67/><D68/><U11/><E11/><N who="2" m="4327" /><F107/><W114/><G132/><T76/><D76/><U131/><E131/><V75/><F75/><W32/><G114/><T93/><D69/><U133/><E133/><V98/><F89/><W55/><REACH who="3" step="1"/><G42/><REACH who="3" ten="179,293,263,255" step="2"/><T101/><D93/><U80/><E73/><V49/><F102/><W78/><G78/><T58/><D58/><AGARI ba="0,1" hai="9,15,17,25,29,32,36,38,50,53,55,57,58,61" machi="58" ten="30,3900,0" yaku="1,1,7,1,52,1,53,0" doraHai="12" doraHaiUra="97" who="3" fromWho="0" sc="179,-39,293,0,263,0,255,49" owari="140,-36.0,293,9.3,263,-13.7,304,40.4" /></mjloggm>