<mjloggm ver="2.3"><GO type="225" lobby="0"/><UN n0="%E8%81%B7%E6%A5%AD%E3%80%81%E9%A2%A8%32" n1="%E5%91%A8%E6%9D%B1" n2="%E9%A6%AC%E5%BC%95%E7%81%AB%33" n3="%E3%81%AF%E3%82%88%E3%81%8A%E3%81%98%E3%81%95%E3%82%93" dan="16,16,16,17" rate="2145.76,2173.51,2058.55,2149.24" sx="M,M,M,M"/><TAIKYOKU oya="0"/><INIT seed="0,0,0,4,3,74" ten="250,250,250,250" oya="0" hai0="49,5,109,25,91,73,37,52,88,87,48,99,3" hai1="32,125,58,51,54,53,133,115,71,1,107,121,68" hai2="84,50,57,13,0,27,55,112,92,93,24,106,38" hai3="65,132,108,42,118,111,100,45,14,35,124,41,78"/><T86/><D37/><U134/><E1/><V77/><F112/><W128/><G118/><T129/><D73/><U114/><E32/><V130/><F0/><W43/><G35/><T85/><D129/><U122/><E107/><V62/><F106/><W23/><G128/><T80/><D109/><N who="3" m="42057" /><G65/><T18/><D3/><U123/><E125/><V26/><F38/><W76/><G100/><T126/><D126/><U7/><E7/><V75/><F75/><W117/><G117/><T44/><D5/><U28/><E28/><V66/><F13/><W120/><G124/><T67/><D67/><U2/><E54/><V83/><REACH who="2" step="1"/><F130/><REACH who="2" ten="250,250,240,250" step="2"/><W33/><G14/><T30/><D48/><U113/><E2/><V105/><F105/><W95/><G132/><AGARI ba="0,1" hai="51,53,58,68,71,113,114,115,121,122,123,132,133,134" machi="132" ten="50,8000,1" yaku="11,1,20,1,34,3" doraHai="74" who="1" fromWho="3" sc="250,0,250,90,240,0,250,-80" /><INIT seed="1,0,0,2,5,79" ten="250,340,240,170" oya="1" hai0="97,25,108,91,92,76,122,67,107,57,70,101,135" hai1="120,16,127,74,89,134,10,42,38,51,14,19,104" hai2="78,48,121,35,66,4,73,103,45,17,63,11,125" hai3="13,99,9,28,7,12,60,46,117,113,90,109,5"/><U26/><E120/><V130/><F121/><W110/><G113/><T37/><D108/><N who="3" m="41577" /><G117/><T52/><D37/><U132/><E104/><V6/><F35/><W65/><G28/><T82/><D122/><U71/><E71/><V47/><F125/><W114/><G114/><T53/><D135/><U24/><E38/><V111/><F111/><W64/><G46/><T32/><D70/><U85/><E74/><V2/><F103/><W23/><G60/><T131/><D131/><U15/><E127/><V83/><F130/><W93/><G23/><T33/><D67/><N who="3" m="25673" /><G5/><T95/><D25/><U72/><E26/><V21/><F6/><W61/><G61/><T43/><D43/><U124/><E24/><V31/><F31/><W0/><AGARI ba="0,0" hai="0,7,9,12,13,90,93,99" m="25673,41577" machi="0" ten="30,1100,0" yaku="14,1" doraHai="79" who="3" fromWho="3" sc="250,-3,340,-5,240,-3,170,11" /><INIT seed="2,0,0,1,4,128" ten="247,335,237,181" oya="2" hai0="134,106,53,103,99,51,34,126,48,119,114,117,75" hai1="12,115,43,92,2,7,55,32,25,57,65,91,70" hai2="97,37,29,109,19,124,30,17,85,121,130,52,135" hai3="76,101,22,39,123,77,60,68,8,6,89,56,4"/><V15/><F121/><W24/><G123/><T54/><D75/><U35/><E115/><V5/><F37/><W36/><G68/><T110/><D114/><U94/><E43/><V21/><F130/><W100/><G39/><T59/><D110/><U40/><E40/><V116/><F116/><N who="0" m="44618" /><D34/><U16/><E92/><V62/><F124/><W84/><G36/><T42/><D42/><U28/><E65/><V82/><F5/><W11/><G4/><T38/><D38/><U61/><E70/><V78/><F109/><W72/><G72/><T73/><D73/><U79/><E79/><V112/><F112/><W83/><G77/><T108/><D108/><U58/><E58/><N who="2" m="35143" /><F135/><W14/><G11/><T1/><D126/><U23/><E7/><V13/><F97/><W47/><G47/><N who="0" m="27807" /><D1/><U132/><E2/><V41/><F41/><W120/><G76/><T74/><D74/><U80/><E132/><AGARI ba="0,0" hai="51,54,59,99,103,106,132,134" m="27807,44618" machi="132" ten="30,3900,0" yaku="12,1,52,2" doraHai="128" who="0" fromWho="1" sc="247,39,335,-39,237,0,181,0" /><INIT seed="3,0,0,5,1,112" ten="286,296,237,181" oya="3" hai0="128,88,94,14,59,48,110,77,16,92,90,21,11" hai1="57,118,81,41,76,107,28,70,97,51,91,131,58" hai2="130,109,20,38,121,7,71,25,123,111,93,101,40" hai3="1,67,5,135,47,3,44,133,68,19,46,9,89"/><W78/><G78/><T105/><D110/><N who="2" m="41994" /><F71/><W60/><G19/><N who="0" m="8671" /><D105/><U35/><E70/><V32/><F130/><W2/><REACH who="3" step="1"/><G89/><REACH who="3" ten="286,296,237,171" step="2"/><N who="0" m="34411" /><D77/><U22/><E76/><V18/><F18/><W29/><G29/><T102/><D128/><U124/><E28/><V69/><F123/><W73/><G73/><T49/><D102/><U52/><E91/><V129/><F121/><W54/><G54/><N who="0" m="32199" /><D49/><U62/><E51/><V23/><F129/><W10/><G10/><T13/><AGARI ba="0,1" hai="13,16,21,92,94" m="32199,34411,8671" machi="13" ten="30,4000,0" yaku="8,1,54,2" doraHai="112" who="0" fromWho="0" sc="286,50,296,-10,237,-10,171,-20" owari="336,43.6,286,8.6,227,-17.3,151,-34.9" /></mjloggm>