<mjloggm ver="2.3"><GO type="225" lobby="0"/><UN n0="%E3%83%81%E3%83%83%E3%82%BF%E3%82%BD%E3%83%BC" n1="%E5%8D%A0%E3%81%84%E5%B8%AB%E8%A3%8F%E3%81%AA%E3%81%84%E3%81%97" n2="%E3%80%90%E3%83%88%E3%83%AA%E3%83%A5%E3%83%95%E3%80%91" n3="%E6%98%BC%E4%B8%8B%E3%81%8C%E3%82%8A%E3%81%AE%E5%9B%A3%E5%9C%B0%E5%A6%BB" dan="16,17,16,16" rate="2157.27,2174.91,2124.37,2152.54" sx="F,M,M,F"/><TAIKYOKU oya="0"/><INIT seed="0,0,0,4,0,62" ten="250,250,250,250" oya="0" hai0="128,8,65,26,34,35,57,117,85,84,75,23,88" hai1="25,99,11,32,21,78,124,115,68,87,10,67,55" hai2="48,79,9,96,80,19,41,77,51,109,29,42,118" hai3="66,43,106,28,90,53,119,94,2,58,39,0,93"/><T82/><D128/><U103/><E124/><V131/><F131/><W3/><G119/><T129/><D117/><U123/><E123/><V61/><F109/><W113/><G113/><T20/><D129/><U59/><E115/><V76/><F29/><W54/><G106/><T7/><D75/><U127/><E32/><V13/><F118/><W104/><G104/><T37/><D37/><U91/><E78/><V44/><F61/><W122/><G122/><T31/><D20/><U69/><E69/><V24/><F24/><W108/><G28/><T17/><D31/><N who="1" m="17839" /><E68/><V111/><F111/><W56/><G108/><T83/><D57/><U47/><E47/><N who="2" m="25711" /><F96/><W1/><G1/><T107/><D107/><U110/><E127/><V46/><F46/><W52/><G43/><T15/><REACH who="0" step="1"/><D65/><REACH who="0" ten="240,250,250,250" step="2"/><U14/><E67/><V134/><F134/><W86/><G39/><T70/><D70/><U63/><E110/><V50/><F50/><W64/><G56/><T30/><D30/><U71/><E71/><V130/><F130/><W12/><G58/><T81/><D81/><AGARI ba="0,1" hai="9,13,19,42,44,51,76,77,79,80,81" m="25711" machi="81" ten="30,1000,0" yaku="8,1" doraHai="62" who="2" fromWho="0" sc="240,-10,250,0,250,20,250,0" /><INIT seed="1,0,0,0,0,77" ten="230,250,270,250" oya="1" hai0="124,26,98,110,71,113,15,126,37,30,4,61,7" hai1="94,5,130,123,24,48,51,35,58,114,125,40,128" hai2="1,109,8,56,99,100,10,92,29,25,105,28,68" hai3="12,96,49,103,82,115,117,118,107,83,43,41,75"/><U45/><E114/><V27/><F68/><W31/><G115/><T6/><D113/><U60/><E123/><V106/><F109/><W33/><G75/><T52/><D110/><U120/><E120/><V63/><F1/><W62/><G62/><T32/><D37/><U17/><E5/><V91/><F105/><W59/><G12/><T134/><D134/><U131/><E125/><N who="0" m="48233" /><D98/><U54/><E94/><V86/><F27/><W121/><G121/><T20/><D71/><U111/><E111/><V85/><F85/><W47/><G41/><T34/><D15/><U69/><E69/><V104/><F104/><W46/><G46/><T11/><D11/><U127/><E127/><V97/><F97/><W3/><G3/><T87/><D87/><U88/><E88/><V21/><REACH who="2" step="1"/><F29/><REACH who="2" ten="230,250,260,250" step="2"/><W84/><G84/><T80/><D80/><U78/><E78/><V93/><F93/><W90/><G82/><T66/><D66/><AGARI ba="0,1" hai="8,10,21,25,28,56,63,66,86,91,92,99,100,106" machi="66" ten="30,2000,0" yaku="1,1,7,1,53,0" doraHai="77" doraHaiUra="38" who="2" fromWho="0" sc="230,-20,250,0,260,30,250,0" /><INIT seed="2,0,0,1,1,1" ten="210,250,290,250" oya="2" hai0="45,0,61,102,72,105,94,123,125,33,59,20,82" hai1="47,114,44,21,63,69,34,14,42,51,64,103,106" hai2="49,97,90,81,134,88,110,117,128,132,133,75,71" hai3="25,112,2,98,10,28,4,80,53,79,55,101,35"/><V111/><F71/><W54/><G112/><T99/><D33/><U26/><E114/><V104/><F117/><W74/><REACH who="3" step="1"/><G54/><REACH who="3" ten="210,250,290,240" step="2"/><T18/><D123/><U68/><E68/><V27/><F27/><W92/><AGARI ba="0,1" hai="2,4,10,25,28,35,53,55,74,79,80,92,98,101" machi="92" ten="20,8000,1" yaku="1,1,2,1,0,1,7,1,52,1,53,0" doraHai="1" doraHaiUra="113" who="3" fromWho="3" sc="210,-20,250,-20,290,-40,240,90" /><INIT seed="3,0,0,4,2,95" ten="190,230,250,330" oya="3" hai0="83,90,127,88,55,69,109,121,0,108,124,58,111" hai1="42,39,53,76,8,29,73,64,107,19,49,114,10" hai2="31,74,105,92,102,85,15,28,84,130,133,126,2" hai3="67,131,129,45,99,78,79,24,94,82,30,89,118"/><W61/><G118/><T62/><D0/><U96/><E114/><V21/><F2/><W20/><G45/><T7/><D7/><U44/><E29/><V9/><F74/><W36/><G36/><T14/><D121/><U34/><E34/><V63/><F130/><N who="3" m="49675" /><G82/><T41/><D14/><U72/><E64/><V11/><F133/><W103/><G103/><T119/><D119/><U113/><E113/><V48/><F63/><W35/><G35/><T47/><D69/><AGARI ba="0,0" hai="20,24,30,61,67,69,78,79,89,94,99" m="49675" machi="69" ten="30,2900,0" yaku="19,1,52,1" doraHai="95" who="3" fromWho="0" sc="190,-29,230,0,250,0,330,29" owari="161,-33.9,230,-17.0,250,5.0,359,45.9" /></mjloggm>