<mjloggm ver="2.3"><GO type="225" lobby="0"/><UN n0="%E6%98%93%E5%88%A9%E8%96%A9%E4%BC%AF" n1="%E7%B4%94%E6%BD%94%E3%83%94%E3%83%A9%E3%83%8B%E3%82%A2" n2="%77%72%77%72%77%72%77%72" n3="%E4%B8%89%E5%88%86%E5%B0%8F%E5%83%A7" dan="17,16,17,16" rate="2141.84,2095.75,2154.07,2099.70" sx="F,M,M,M"/><TAIKYOKU oya="0"/><INIT seed="0,0,0,1,3,12" ten="250,250,250,250" oya="0" hai0="120,43,35,23,20,27,18,107,104,59,51,1,0" hai1="93,75,129,118,6,125,124,53,103,126,22,32,90" hai2="30,29,121,62,78,33,9,55,66,34,92,68,89" hai3="111,94,64,7,41,70,56,67,95,42,74,76,112"/><T114/><D114/><U79/><E32/><V131/><F121/><W48/><G112/><T16/><D120/><U77/><E6/><V113/><F113/><W13/><G74/><T123/><D123/><U25/><E118/><V3/><F131/><W81/><G70/><T17/><D35/><U108/><E108/><V72/><F72/><W130/><G111/><T91/><D91/><U109/><E109/><V122/><F122/><W71/><G71/><T58/><D43/><U100/><E53/><V49/><F78/><N who="1" m="29705" /><E75/><V24/><F3/><W10/><G130/><T115/><D115/><U83/><E83/><V36/><F36/><W8/><G81/><T40/><D40/><U57/><E57/><N who="0" m="21513" /><D51/><U133/><E129/><V105/><F105/><N who="0" m="40522" /><D27/><U28/><E133/><V5/><F33/><W132/><G76/><T101/><D101/><U102/><E102/><V80/><F80/><W46/><G132/><T21/><AGARI ba="0,0" hai="0,1,16,17,18,20,21,23" m="40522,21513" machi="21" ten="40,18000,2" yaku="28,2,52,3,54,1" doraHai="12" who="0" fromWho="0" sc="250,180,250,-60,250,-60,250,-60" /><INIT seed="0,1,0,0,2,25" ten="430,190,190,190" oya="0" hai0="18,43,0,8,69,23,73,42,70,78,39,132,45" hai1="10,56,81,46,111,75,19,60,129,5,135,96,84" hai2="37,127,119,92,94,79,61,30,91,77,133,35,114" hai3="117,15,101,89,53,109,29,40,57,62,63,58,123"/><T115/><D115/><U74/><E111/><V49/><F114/><W51/><G117/><T36/><D132/><U52/><E135/><V120/><F133/><W103/><G109/><T64/><D23/><U134/><E134/><V28/><F37/><N who="0" m="14410" /><D18/><U2/><E129/><V67/><F120/><W54/><G123/><T121/><D43/><U90/><E46/><V72/><F119/><W32/><G89/><T66/><D66/><U118/><E118/><V104/><F104/><W27/><G15/><T65/><D65/><U108/><E108/><V68/><F127/><W38/><G38/><N who="0" m="21719" /><D64/><U116/><E116/><V82/><F35/><W110/><G110/><T22/><D22/><U26/><E19/><V95/><F79/><W130/><G130/><T59/><D59/><U24/><E24/><V4/><F4/><W125/><G125/><T6/><D121/><U102/><REACH who="1" step="1"/><E26/><REACH who="1" ten="430,180,190,190" step="2"/><V47/><REACH who="2" step="1"/><F91/><REACH who="2" ten="430,180,180,190" step="2"/><W7/><G7/><T12/><D6/><U126/><E126/><V76/><F76/><W100/><REACH who="3" step="1"/><G40/><AGARI ba="1,2" hai="28,30,40,47,49,61,67,68,72,77,82,92,94,95" machi="40" ten="40,5200,0" yaku="1,1,52,2,53,0" doraHai="25" doraHaiUra="80" who="2" fromWho="3" sc="430,0,180,0,180,75,190,-55" /><INIT seed="1,0,0,4,2,119" ten="430,180,255,135" oya="1" hai0="23,115,32,55,92,13,27,83,10,114,133,1,95" hai1="25,112,75,101,36,0,29,128,85,70,17,110,18" hai2="62,64,42,15,71,46,12,30,107,100,8,90,72" hai3="116,135,61,96,33,102,63,4,120,58,22,109,7"/><U21/><E112/><V31/><F72/><W40/><G33/><T89/><D133/><U6/><E75/><V77/><F77/><W11/><G135/><T122/><D122/><U123/><E123/><V2/><F2/><W26/><G120/><T24/><D1/><U51/><E36/><V121/><F121/><W68/><G109/><T37/><D37/><U73/><E73/><V67/><F67/><W16/><G40/><T59/><D32/><U3/><E70/><V53/><F53/><W52/><G116/><T126/><D126/><U9/><E3/><V124/><F124/><W129/><G129/><T54/><D54/><U127/><E127/><V69/><F69/><W134/><G134/><T19/><D27/><U38/><E38/><V97/><F90/><W56/><G11/><T14/><D14/><U78/><E101/><V49/><REACH who="2" step="1"/><F15/><REACH who="2" ten="430,180,245,135" step="2"/><W131/><G68/><T35/><D89/><U28/><E78/><V84/><F84/><W43/><G43/><T113/><D55/><U105/><E85/><V98/><F98/><W91/><G131/><T74/><D13/><N who="1" m="7343" /><E128/><V93/><F93/><N who="3" m="56383" /><G102/><T80/><D74/><U88/><E88/><V86/><F86/><W132/><G132/><T65/><D114/><U45/><E105/><V66/><F66/><AGARI ba="0,1" hai="4,7,16,22,26,52,56,58,61,63,66" m="56383" machi="66" ten="30,7700,0" yaku="25,1,8,1,54,2" doraHai="119" who="3" fromWho="2" sc="430,0,180,0,245,-77,135,87" /><INIT seed="2,0,0,4,1,99" ten="430,180,168,222" oya="2" hai0="35,106,105,31,65,135,27,44,59,128,94,20,76" hai1="15,43,80,36,62,92,74,113,55,12,79,132,87" hai2="75,4,60,98,129,11,97,69,47,34,103,77,33" hai3="108,57,96,133,3,5,85,91,14,45,116,72,102"/><V67/><F129/><W32/><G72/><T56/><D56/><U70/><E113/><V117/><F117/><W111/><G32/><T63/><D135/><U0/><E0/><N who="2" m="391" /><F97/><W88/><G3/><T18/><D76/><U112/><E132/><V124/><F124/><W50/><G57/><T107/><D128/><U52/><E112/><V86/><F86/><W17/><G5/><T83/><D83/><U121/><E121/><V120/><F120/><W53/><G116/><T42/><D94/><U30/><E36/><V46/><F46/><W9/><G133/><T24/><D106/><U23/><E43/><V130/><F47/><W61/><G61/><T109/><D109/><N who="3" m="42057" /><G85/><T89/><D89/><U40/><E40/><V51/><F51/><AGARI ba="0,0" hai="18,20,24,27,31,35,42,44,51,59,63,65,105,107" machi="51" ten="30,1000,0" yaku="7,1" doraHai="99" who="0" fromWho="2" sc="430,10,180,0,168,-10,222,0" /><INIT seed="3,0,0,2,3,29" ten="440,180,158,222" oya="3" hai0="90,115,38,132,26,65,127,79,67,73,12,88,69" hai1="116,110,76,111,14,121,83,123,52,71,10,53,133" hai2="5,6,59,72,105,91,97,2,56,63,64,61,49" hai3="42,28,66,13,54,130,30,77,92,102,46,36,96"/><W99/><G130/><T27/><D38/><U19/><E71/><V60/><F72/><W15/><G66/><T24/><D132/><U101/><E101/><V47/><F2/><W117/><G117/><T125/><D115/><U106/><E106/><V25/><F25/><W4/><G77/><T45/><D45/><U3/><E3/><V126/><F126/><N who="0" m="48138" /><D12/><U94/><E94/><V78/><F78/><W135/><G135/><T34/><D34/><U118/><E133/><V128/><F128/><W18/><G4/><T103/><D103/><U51/><E121/><V104/><F104/><W107/><G54/><T17/><D17/><U57/><E53/><V0/><F0/><W120/><G13/><T1/><D1/><U40/><E40/><V124/><F124/><W58/><G58/><T87/><D87/><N who="1" m="48615" /><E123/><V8/><F8/><W89/><G120/><T74/><D79/><U39/><E39/><V50/><F105/><W112/><G112/><T114/><D114/><U41/><E41/><N who="2" m="24815" /><F50/><W119/><G119/><AGARI ba="0,0" hai="10,14,19,51,52,57,110,111,116,118,119" m="48615" machi="119" ten="30,2000,0" yaku="12,1,54,1" doraHai="29" who="1" fromWho="3" sc="440,0,180,20,158,0,222,-20" owari="440,54.0,200,-20.0,158,-34.2,202,0.2" /></mjloggm>