<mjloggm ver="2.3"><GO type="225" lobby="0"/><UN n0="%E4%BF%BA%E3%81%A8%E5%A6%96%E5%A4%A2" n1="%E7%B4%94%E6%BD%94%E3%83%94%E3%83%A9%E3%83%8B%E3%82%A2" n2="%E3%81%AF%E3%82%88%E3%81%8A%E3%81%98%E3%81%95%E3%82%93" n3="%E3%81%BE%E3%81%A8%E3%81%9F" dan="16,17,16,16" rate="2171.23,2217.49,2164.82,2103.93" sx="F,M,M,M"/><TAIKYOKU oya="0"/><INIT seed="0,0,0,0,3,83" ten="250,250,250,250" oya="0" hai0="119,122,128,82,62,114,52,132,135,126,9,26,90" hai1="71,124,116,18,105,30,2,93,44,13,102,20,107" hai2="22,67,73,76,24,88,95,0,106,57,45,80,21" hai3="47,79,134,49,59,97,58,87,6,104,96,3,125"/><T111/><D114/><U60/><E116/><V15/><F0/><W127/><G6/><T72/><D119/><U86/><E2/><V64/><F106/><W4/><G134/><N who="0" m="51243" /><D122/><U85/><E124/><V103/><F103/><W91/><G79/><T65/><D126/><N who="3" m="48137" /><G4/><T31/><D128/><U48/><E105/><V51/><F15/><W5/><G5/><T121/><D121/><U16/><E107/><V23/><F24/><W19/><G19/><T54/><D9/><N who="1" m="6191" /><E71/><V113/><F57/><N who="3" m="21515" /><G104/><T14/><D14/><N who="1" m="9303" /><E60/><V118/><F113/><W70/><G70/><N who="0" m="42295" /><D111/><U112/><E30/><V28/><F28/><W50/><G50/><T1/><D1/><U108/><E108/><V92/><F92/><N who="3" m="54399" /><G3/><T36/><D36/><U32/><E32/><V68/><F68/><W98/><G98/><T34/><D72/><U89/><E112/><V66/><F118/><W17/><G17/><T117/><D117/><U25/><E25/><V129/><F129/><W56/><G56/><T77/><D77/><U11/><E11/><V40/><REACH who="2" step="1"/><F66/><REACH who="2" ten="250,250,240,250" step="2"/><W10/><G10/><T12/><D12/><U37/><E102/><V133/><F133/><W94/><G94/><T100/><D100/><U46/><E46/><V84/><AGARI ba="0,1" hai="21,22,23,40,45,51,64,67,73,76,80,84,88,95" machi="84" ten="30,7900,0" yaku="1,1,0,1,52,1,54,1,53,0" doraHai="83" doraHaiUra="27" who="2" fromWho="2" sc="250,-39,250,-20,240,89,250,-20" /><INIT seed="1,0,0,4,4,96" ten="211,230,329,230" oya="1" hai0="132,25,52,85,38,124,57,94,72,59,31,76,3" hai1="19,58,101,113,1,112,0,86,9,70,28,21,133" hai2="36,16,93,87,8,39,26,61,81,73,95,100,32" hai3="64,55,54,99,90,15,67,27,30,122,106,105,126"/><U135/><E70/><V50/><F73/><W62/><G122/><T118/><D118/><U51/><E58/><V4/><F50/><W43/><G43/><T6/><D38/><U120/><E51/><V14/><F61/><W123/><G123/><T114/><D114/><U56/><E56/><V44/><F100/><W127/><G15/><T83/><D132/><N who="1" m="50763" /><E86/><V66/><F66/><W89/><G27/><T109/><D124/><U71/><E71/><V74/><F74/><W69/><G30/><T41/><D41/><U111/><E101/><V82/><F82/><W104/><G99/><T77/><D59/><U110/><E28/><V35/><F35/><W42/><G42/><T88/><D77/><U98/><E98/><V11/><F44/><W63/><G69/><T12/><D3/><N who="1" m="1099" /><E9/><V40/><F40/><W91/><G91/><T47/><D47/><U79/><E79/><V128/><F39/><W80/><G106/><T92/><D72/><U17/><E120/><V5/><F36/><W131/><REACH who="3" step="1"/><G80/><REACH who="3" ten="211,230,329,220" step="2"/><T20/><D76/><U102/><E102/><V130/><F81/><W53/><G53/><T29/><D31/><U22/><E17/><V84/><F16/><W60/><G60/><N who="0" m="35879" /><D109/><N who="1" m="41483" /><E19/><V78/><F78/><W24/><G24/><T75/><D75/><U49/><E49/><V116/><F26/><W129/><AGARI ba="0,1" hai="54,55,62,63,64,67,89,90,104,105,126,127,129,131" machi="129" ten="25,6400,0" yaku="1,1,0,1,22,2,53,0" doraHai="96" doraHaiUra="2" who="3" fromWho="3" sc="211,-16,230,-32,329,-16,220,74" /><INIT seed="2,0,0,5,2,84" ten="195,198,313,294" oya="2" hai0="76,53,7,98,82,34,128,54,21,112,95,25,114" hai1="86,121,8,1,113,109,74,52,43,88,123,36,89" hai2="77,3,24,16,27,31,80,122,97,41,26,79,130" hai3="39,92,29,19,12,68,125,72,134,120,28,55,81"/><V60/><F122/><N who="1" m="46601" /><E74/><V104/><F3/><W42/><G68/><T91/><D34/><U18/><E113/><V102/><F130/><W37/><G120/><T11/><D128/><U71/><E71/><V20/><F41/><W23/><G37/><T117/><D117/><U9/><E109/><V32/><F80/><W111/><G111/><T70/><D70/><U35/><E35/><V106/><F104/><W85/><G42/><T87/><D114/><U4/><E43/><V107/><F106/><W6/><G39/><T124/><D124/><U108/><E36/><V115/><F115/><W66/><G66/><T110/><D110/><U75/><E75/><V38/><F38/><W51/><G125/><T103/><D76/><U0/><E108/><V132/><F132/><W57/><G134/><T101/><D101/><U47/><E86/><V62/><F26/><W44/><G44/><T64/><D64/><U131/><E131/><V90/><F79/><N who="3" m="44263" /><G6/><T63/><D63/><U58/><E47/><V116/><F77/><W10/><G10/><T126/><D112/><U119/><E119/><V15/><F116/><W65/><G65/><T100/><D100/><U67/><E67/><V69/><F69/><W22/><G22/><T49/><D49/><N who="1" m="30991" /><E0/><V50/><F50/><W46/><G46/><T127/><D127/><U30/><E30/><N who="2" m="19527" /><F62/><W33/><G33/><T94/><D126/><U105/><E105/><V56/><F60/><W13/><G28/><N who="0" m="17455" /><D82/><U73/><E73/><V45/><F45/><W48/><G29/><T135/><D135/><U118/><E118/><V129/><F129/><RYUUKYOKU ba="0,0" sc="195,15,198,15,313,-15,294,-15" hai0="7,11,53,54,87,91,94,95,98,103" hai1="1,4,8,9,18,88,89" /><INIT seed="3,1,0,2,5,33" ten="210,213,298,279" oya="3" hai0="17,3,68,132,103,66,1,26,56,78,98,79,133" hai1="125,129,111,14,16,39,83,70,28,92,120,22,102" hai2="21,51,96,62,89,130,5,72,4,38,24,94,31" hai3="74,105,65,73,82,64,54,127,11,109,115,116,27"/><W110/><G115/><T25/><D68/><U2/><E120/><V15/><F38/><W117/><G105/><T45/><D45/><U37/><E70/><V7/><F72/><N who="3" m="27755" /><G82/><T59/><D66/><N who="3" m="25705" /><G127/><T60/><D60/><U77/><E125/><V48/><F130/><W13/><G27/><N who="0" m="10251" /><D17/><U121/><E129/><V84/><F62/><W122/><G54/><T18/><D18/><U19/><E121/><V6/><F84/><W112/><G112/><T8/><D8/><AGARI ba="1,0" hai="4,5,6,7,8,15,21,24,31,48,51,89,94,96" machi="8" ten="40,1300,0" yaku="8,1" doraHai="33" who="2" fromWho="0" sc="210,-16,213,0,298,16,279,0" owari="194,-30.6,213,-18.7,314,41.4,279,7.9" /></mjloggm>