<mjloggm ver="2.3"><GO type="225" lobby="0"/><UN n0="%E5%A4%8F%E9%88%B4%E9%88%B4%E5%A4%8F" n1="%E3%81%AF%E3%82%88%E3%81%8A%E3%81%98%E3%81%95%E3%82%93" n2="%E9%A6%AC%E5%BC%95%E7%81%AB%33" n3="%E4%B8%89%E5%88%86%E5%B0%8F%E5%83%A7" dan="16,17,16,16" rate="2123.02,2143.93,2086.00,2050.21" sx="F,M,M,M"/><TAIKYOKU oya="0"/><INIT seed="0,0,0,3,4,0" ten="250,250,250,250" oya="0" hai0="71,29,69,115,110,1,133,123,130,77,86,101,32" hai1="75,68,62,3,98,33,52,109,126,14,34,46,74" hai2="54,60,49,24,131,94,92,96,95,44,48,16,120" hai3="4,53,13,76,97,36,56,25,57,42,111,30,19"/><T80/><D115/><U82/><E3/><V113/><F120/><W41/><G111/><T125/><D123/><U22/><E109/><V84/><F113/><W135/><G135/><T40/><D110/><U107/><E126/><V73/><F73/><W91/><G76/><T85/><D125/><U103/><E68/><V15/><F131/><W66/><G66/><T61/><D133/><U89/><E75/><V124/><F124/><W99/><G4/><T90/><D1/><U104/><E107/><V119/><F119/><W121/><G121/><T105/><D130/><U8/><E22/><V20/><F60/><W6/><G6/><T38/><D61/><U51/><E62/><V114/><F114/><W81/><G99/><T27/><D101/><U9/><E9/><V87/><F96/><W26/><G36/><T43/><D105/><U28/><E28/><V7/><F49/><W58/><G53/><T108/><D108/><U23/><E23/><V112/><F112/><W79/><G79/><T47/><REACH who="0" step="1"/><D43/><REACH who="0" ten="240,250,250,250" step="2"/><U35/><E104/><V83/><F83/><AGARI ba="0,1" hai="27,29,32,38,40,47,69,71,77,80,83,85,86,90" machi="83" ten="30,5800,0" yaku="1,1,2,1,7,1,53,0" doraHai="0" doraHaiUra="106" who="0" fromWho="2" sc="240,68,250,0,250,-58,250,0" /><INIT seed="0,1,0,0,3,17" ten="308,250,192,250" oya="0" hai0="9,47,67,130,104,51,88,106,2,90,39,38,93" hai1="105,111,99,103,134,20,78,69,61,30,48,4,16" hai2="28,126,18,81,133,25,96,56,135,86,91,73,131" hai3="129,132,97,22,50,10,74,1,59,24,68,71,19"/><T14/><D130/><U46/><E111/><V21/><F131/><W7/><G129/><T83/><D2/><U32/><E134/><V12/><F126/><W108/><G132/><T121/><D121/><U107/><E4/><V101/><F73/><W114/><G108/><T27/><D67/><U123/><E123/><V42/><F42/><W0/><G0/><T122/><D122/><U60/><E105/><V29/><F29/><W77/><G114/><T31/><D83/><U49/><E78/><V124/><F124/><W112/><G112/><T23/><D90/><U3/><E3/><V65/><F65/><W75/><G97/><T70/><D70/><U33/><E49/><V119/><F119/><W57/><G57/><T85/><D39/><U44/><E44/><V64/><F64/><W92/><G92/><T102/><D102/><U66/><E30/><V35/><REACH who="2" step="1"/><F56/><REACH who="2" ten="308,250,182,250" step="2"/><W125/><G125/><T100/><D38/><U76/><E66/><V89/><F89/><W72/><REACH who="3" step="1"/><G77/><REACH who="3" ten="308,250,182,240" step="2"/><T52/><REACH who="0" step="1"/><D100/><REACH who="0" ten="298,250,182,240" step="2"/><U109/><E103/><V115/><F115/><W79/><G79/><T37/><D37/><U13/><E76/><V87/><F87/><W8/><G8/><T62/><D62/><U98/><E61/><V116/><F116/><W58/><G58/><T36/><D36/><U45/><E60/><V53/><F53/><AGARI ba="1,3" hai="1,7,10,19,22,24,50,53,59,68,71,72,74,75" machi="53" ten="40,5200,0" yaku="1,1,52,1,53,1" doraHai="17" doraHaiUra="55" who="3" fromWho="2" sc="298,0,250,0,182,-55,240,85" /><INIT seed="1,0,0,5,3,22" ten="298,250,127,325" oya="1" hai0="4,39,54,71,126,130,94,56,8,29,36,40,122" hai1="91,80,87,112,113,48,104,64,51,84,63,129,9" hai2="49,20,7,117,127,16,103,26,98,23,6,93,33" hai3="15,82,53,96,59,125,17,70,58,28,77,37,41"/><U2/><E104/><V69/><F127/><W21/><G70/><T97/><D71/><U106/><E106/><V78/><F117/><W86/><G125/><T134/><D126/><U114/><E129/><V27/><F33/><W14/><G28/><T11/><D130/><U34/><E34/><V109/><F109/><W47/><G53/><T68/><D68/><U1/><E63/><V43/><F69/><W61/><G61/><T19/><D122/><U57/><E64/><V0/><F0/><W50/><G37/><T132/><D29/><U42/><E42/><V119/><F78/><W81/><G96/><T13/><D40/><U44/><E57/><V99/><F98/><W24/><G82/><T116/><D116/><U101/><E101/><V79/><F79/><W92/><G92/><T95/><D39/><U74/><E74/><V131/><F119/><W121/><G121/><T25/><D36/><U115/><E115/><V55/><F43/><W111/><G111/><T133/><D97/><U46/><E9/><V100/><F100/><W76/><G76/><T107/><D107/><U128/><E128/><V10/><F10/><W35/><G35/><T30/><D11/><U67/><E67/><V90/><F103/><W12/><AGARI ba="0,0" hai="12,14,15,17,21,24,41,47,50,58,59,77,81,86" machi="12" ten="30,4000,0" yaku="0,1,8,1,52,1" doraHai="22" who="3" fromWho="3" sc="298,-10,250,-20,127,-10,325,40" /><INIT seed="2,0,0,2,4,57" ten="288,230,117,365" oya="2" hai0="78,79,16,100,131,85,2,106,53,13,28,35,109" hai1="93,58,113,63,34,23,40,48,11,30,1,108,70" hai2="119,90,123,117,115,133,102,15,6,116,49,73,29" hai3="38,107,135,37,110,43,122,111,3,7,18,61,95"/><V82/><F115/><W87/><G107/><T24/><D109/><N who="3" m="41481" /><G43/><T62/><D131/><U80/><E34/><V104/><F123/><W36/><G135/><T98/><D2/><U50/><E70/><V55/><F133/><W81/><G95/><T52/><D85/><U97/><E113/><V134/><F134/><W84/><G122/><T129/><D129/><U64/><E40/><V59/><F29/><W41/><G41/><T120/><D120/><U127/><E127/><V14/><F6/><W0/><G18/><T69/><D79/><U91/><E108/><V92/><F102/><W33/><G33/><T105/><D78/><U112/><E112/><V101/><F101/><W76/><G7/><T65/><D106/><U19/><E80/><V27/><F104/><W56/><G84/><T125/><D125/><U31/><E11/><AGARI ba="0,0" hai="11,13,16,24,28,35,52,53,62,65,69,98,100,105" machi="11" ten="30,12000,2" yaku="7,1,25,2,52,1,54,2" doraHai="57" who="0" fromWho="1" sc="288,120,230,-120,117,0,365,0" /><INIT seed="3,0,0,0,1,25" ten="408,110,117,365" oya="3" hai0="52,78,134,95,119,28,29,7,46,106,53,60,77" hai1="57,59,45,39,108,22,68,84,23,97,133,129,2" hai2="114,1,10,51,131,104,103,48,13,115,71,0,58" hai3="121,31,21,86,93,42,9,75,4,70,47,27,3"/><W40/><G75/><T30/><D119/><U135/><E68/><V117/><F117/><W132/><G121/><T100/><D106/><U16/><E2/><V26/><F71/><W34/><G70/><T92/><D7/><U14/><E108/><V113/><F131/><W8/><G132/><N who="1" m="50762" /><E129/><V12/><F26/><W35/><G9/><T122/><D122/><U82/><E23/><V76/><F76/><N who="0" m="29290" /><D100/><U67/><E67/><V65/><F104/><W38/><REACH who="3" step="1"/><G40/><REACH who="3" ten="408,110,117,355" step="2"/><T105/><D134/><U64/><E64/><V19/><F65/><W81/><G81/><T83/><D83/><U116/><E116/><V50/><F114/><W128/><G128/><T41/><D105/><U80/><E80/><V101/><F115/><W107/><G107/><T55/><D60/><U73/><E73/><V89/><F113/><W96/><G96/><T49/><AGARI ba="0,1" hai="28,29,30,41,46,49,52,53,55,92,95" m="29290" machi="49" ten="40,8000,1" yaku="8,1,52,3,54,1" doraHai="25" who="0" fromWho="0" sc="408,90,110,-20,117,-20,355,-40" owari="498,59.8,90,-41.0,97,-30.3,315,11.5" /></mjloggm>