<mjloggm ver="2.3"><GO type="225" lobby="0"/><UN n0="%E3%81%A4%E3%81%A3%E3%81%B1%E3%82%8A%E3%83%9D%E3%83%BC%E3%83%AB" n1="%72%65%6E%6B%75%6E" n2="%E3%83%A9%E3%82%B9%E7%8E%87%EF%BC%93%E5%89%B2" n3="%E9%A6%AC%E5%BC%95%E7%81%AB%33" dan="17,17,17,16" rate="2136.89,2210.56,2222.65,2113.25" sx="M,M,F,M"/><TAIKYOKU oya="0"/><INIT seed="0,0,0,3,4,45" ten="250,250,250,250" oya="0" hai0="132,55,35,82,117,85,133,27,49,29,104,84,105" hai1="107,90,74,65,22,116,46,128,124,86,87,9,37" hai2="99,135,11,95,17,5,18,89,44,48,30,112,6" hai3="42,41,59,69,33,62,3,109,7,122,36,80,126"/><T54/><D117/><U114/><E74/><V91/><F112/><W119/><G119/><T39/><D39/><U34/><E34/><V102/><F135/><N who="0" m="51786" /><D55/><U43/><E107/><N who="0" m="41033" /><D82/><U121/><E116/><V71/><F71/><W88/><G69/><T130/><D130/><U26/><E114/><V40/><F30/><W12/><G3/><T96/><D96/><U79/><E121/><V134/><F134/><W15/><G122/><T57/><AGARI ba="0,0" hai="27,29,35,49,54,57,84,85" m="41033,51786" machi="57" ten="30,3000,0" yaku="20,1,52,1" doraHai="45" who="0" fromWho="0" sc="250,30,250,-10,250,-10,250,-10" /><INIT seed="0,1,0,5,2,19" ten="280,240,240,240" oya="0" hai0="8,133,27,93,49,42,85,13,44,57,58,111,130" hai1="29,88,124,9,119,71,65,92,36,69,2,102,115" hai2="66,6,87,108,74,48,37,56,128,1,97,0,67" hai3="101,18,22,84,45,23,82,51,86,21,53,68,117"/><T4/><D130/><U64/><E119/><V60/><F74/><W35/><G117/><T83/><D133/><U107/><E36/><V47/><F108/><W99/><G35/><T55/><D111/><U129/><E129/><V7/><F128/><W12/><G68/><T24/><D93/><U76/><E76/><V5/><F37/><W33/><G33/><T15/><D15/><U106/><E29/><V89/><F97/><W75/><G75/><T122/><D122/><U118/><E118/><V3/><F67/><W14/><G14/><T17/><D17/><U11/><E92/><V120/><F120/><W113/><G113/><T96/><D96/><U110/><E102/><V20/><F20/><W34/><G34/><T109/><D109/><U59/><E59/><N who="0" m="22537" /><D55/><U126/><E110/><V72/><F72/><W79/><G84/><T43/><D42/><U135/><E2/><V131/><F131/><W61/><G61/><T73/><D73/><U116/><E116/><V16/><F16/><W25/><G12/><T26/><D26/><U70/><E70/><V95/><REACH who="2" step="1"/><F1/><REACH who="2" ten="280,240,230,240" step="2"/><W62/><G62/><T105/><D105/><AGARI ba="1,1" hai="18,21,22,23,25,45,51,53,79,82,86,99,101,105" machi="105" ten="30,7700,0" yaku="7,1,52,3" doraHai="19" who="3" fromWho="0" sc="280,-80,240,0,230,0,240,90" /><INIT seed="1,0,0,3,5,71" ten="200,240,230,330" oya="1" hai0="105,69,70,60,59,23,27,76,36,127,66,81,56" hai1="130,78,102,3,19,54,33,110,31,74,101,85,12" hai2="62,115,25,35,90,4,99,131,117,121,44,96,48" hai3="16,34,135,51,80,0,40,129,73,32,21,83,53"/><U72/><E3/><V109/><F117/><W22/><G0/><T100/><D127/><U92/><E130/><V116/><F116/><W57/><G129/><T52/><D36/><U112/><E112/><V5/><F121/><W113/><G113/><T39/><D39/><U20/><E110/><V77/><F77/><W119/><G119/><T17/><D100/><U55/><E101/><V120/><F62/><W82/><G73/><T18/><D105/><U87/><E102/><V91/><F90/><W1/><G1/><T46/><D46/><U126/><E126/><V58/><F96/><W38/><G135/><T84/><REACH who="0" step="1"/><D18/><REACH who="0" ten="190,240,230,330" step="2"/><U97/><E74/><V108/><F44/><W114/><G16/><T64/><D64/><U6/><E72/><V9/><F115/><W41/><G38/><T122/><D122/><U93/><E19/><V88/><F120/><W133/><G114/><T29/><D29/><U43/><E31/><V67/><F67/><W75/><G133/><T111/><D111/><U15/><E33/><V104/><F35/><W132/><G132/><T50/><AGARI ba="0,1" hai="17,23,27,50,52,56,59,60,66,69,70,76,81,84" machi="50" ten="20,8000,1" yaku="1,1,0,1,7,1,54,1,53,1" doraHai="71" doraHaiUra="13" who="0" fromWho="0" sc="190,90,240,-40,230,-20,330,-20" /><INIT seed="2,0,0,1,5,80" ten="280,200,210,310" oya="2" hai0="101,8,21,49,109,3,127,131,53,10,55,81,122" hai1="77,88,79,38,63,78,32,76,119,26,87,16,39" hai2="73,27,54,100,133,135,98,46,69,126,6,134,132" hai3="43,67,59,118,120,52,65,0,74,94,75,2,112"/><V28/><N who="2" m="33792" /><DORA hai="124" /><V95/><F126/><W9/><G118/><T115/><D115/><U99/><N who="1" m="19456" /><DORA hai="51" /><U102/><E119/><V45/><F73/><W89/><G120/><T19/><D3/><U57/><E32/><V14/><F69/><W121/><G121/><T129/><D127/><U62/><E62/><V48/><F14/><W82/><G82/><T106/><D109/><U47/><E47/><N who="2" m="27935" /><F6/><W107/><G43/><T114/><D114/><U41/><E41/><V17/><F17/><W86/><G112/><T64/><D19/><U92/><E26/><V42/><F42/><W130/><G2/><T15/><D15/><U12/><E63/><V93/><F93/><W20/><G94/><T90/><D106/><U36/><E57/><V117/><F117/><W35/><G59/><T71/><D71/><U97/><REACH who="1" step="1"/><E102/><REACH who="1" ten="280,190,210,310" step="2"/><V91/><F100/><W22/><G65/><T29/><D64/><U24/><E24/><V11/><F11/><AGARI ba="0,1" hai="11,12,16,36,38,39,87,88,92,97,99" m="19456" machi="11" ten="60,8000,1" yaku="1,1,52,1,54,2,53,0" doraHai="80,124,51" doraHaiUra="18,23,60" who="1" fromWho="2" sc="280,0,190,90,210,-80,310,0" /><INIT seed="3,0,0,0,2,91" ten="280,280,130,310" oya="3" hai0="87,53,38,15,34,110,35,54,98,26,7,130,13" hai1="27,111,100,95,60,71,23,52,19,47,119,97,107" hai2="16,8,17,101,45,6,66,12,67,109,123,106,89" hai3="65,84,113,70,126,121,133,83,1,33,82,128,85"/><W68/><G113/><T72/><D72/><U2/><E111/><V80/><F109/><W86/><G1/><T62/><D110/><U129/><E129/><V32/><F32/><W14/><G33/><T18/><D38/><U132/><E132/><V0/><F123/><W31/><G31/><T64/><D130/><U24/><E119/><V125/><F125/><W25/><G25/><T92/><D35/><U41/><E2/><V5/><F106/><W61/><G121/><T103/><D87/><U78/><E78/><V50/><F101/><W115/><G115/><T21/><D34/><U124/><E124/><V49/><F0/><W40/><G128/><T44/><D44/><U105/><E27/><V93/><F80/><W127/><G40/><T79/><D79/><U77/><E77/><V94/><F89/><W42/><G42/><T55/><REACH who="0" step="1"/><D7/><REACH who="0" ten="270,280,130,310" step="2"/><U134/><E134/><V112/><F45/><W104/><G86/><T118/><D118/><U22/><E22/><V88/><F88/><W4/><G85/><T120/><D120/><U29/><E29/><V10/><F12/><W59/><G14/><T116/><D116/><U75/><E75/><V3/><F3/><W99/><G4/><T76/><D76/><U37/><E71/><AGARI ba="0,1" hai="13,15,18,21,26,53,54,55,62,64,71,92,98,103" machi="71" ten="40,5200,0" yaku="1,1,52,1,53,1" doraHai="91" doraHaiUra="20" who="0" fromWho="1" sc="270,62,280,-52,130,0,310,0" owari="332,43.2,228,-17.2,130,-37.0,310,11.0" /></mjloggm>