<mjloggm ver="2.3"><GO type="225" lobby="0"/><UN n0="%33%74%72%65%65" n1="%72%69%6F%75%63%68%61%6E" n2="%E3%81%AF%E3%82%88%E3%81%8A%E3%81%98%E3%81%95%E3%82%93" n3="%E3%81%95%E3%81%8D%E3%81%9F%E3%81%BE%E6%9E%97%E6%AA%8E" dan="16,16,17,16" rate="2089.04,2095.87,2211.39,2111.93" sx="F,M,M,M"/><TAIKYOKU oya="0"/><INIT seed="0,0,0,4,5,81" ten="250,250,250,250" oya="0" hai0="75,67,16,108,45,89,85,84,112,86,74,118,8" hai1="44,78,54,99,72,122,49,5,92,88,104,101,34" hai2="33,14,39,123,60,23,129,119,95,9,40,110,107" hai3="109,27,47,35,133,64,127,41,126,52,90,12,105"/><T29/><D112/><U15/><E122/><V24/><F123/><W91/><G109/><T68/><D118/><U19/><E34/><V130/><F107/><W70/><G133/><T69/><D108/><U71/><E71/><V94/><F33/><W117/><G117/><T36/><D29/><U80/><E5/><V125/><F110/><W32/><G105/><T2/><D89/><U82/><E82/><V58/><F119/><W7/><G7/><T115/><D115/><U46/><E46/><V87/><F125/><W106/><G106/><T116/><D116/><U42/><E42/><V83/><F39/><W25/><G12/><T50/><D36/><U48/><E48/><V13/><F40/><W114/><G41/><T61/><D68/><U134/><E134/><V113/><F113/><W28/><G114/><T56/><D69/><U120/><E120/><V98/><F130/><W73/><G73/><T102/><D102/><U10/><REACH who="1" step="1"/><E104/><REACH who="1" ten="250,240,250,250" step="2"/><V77/><F129/><W132/><G132/><T66/><D66/><U128/><E128/><V59/><F59/><W97/><G64/><T131/><D131/><U4/><E4/><V1/><F1/><W57/><G57/><T62/><D62/><U103/><AGARI ba="0,1" hai="10,15,19,44,49,54,72,78,80,88,92,99,101,103" machi="103" ten="30,7900,0" yaku="1,1,0,1,54,1,53,1" doraHai="81" doraHaiUra="93" who="1" fromWho="1" sc="250,-39,240,89,250,-20,250,-20" /><INIT seed="1,0,0,5,5,71" ten="211,329,230,230" oya="1" hai0="61,47,10,97,64,117,55,57,133,125,49,128,77" hai1="91,0,7,94,73,121,59,110,131,120,25,62,108" hai2="42,118,26,30,43,17,119,134,48,67,99,29,20" hai3="3,38,53,35,85,32,44,86,95,106,58,19,1"/><U5/><E73/><V14/><F134/><W81/><G106/><T72/><D133/><U100/><E100/><V105/><F29/><W60/><G3/><T31/><D117/><U113/><E113/><V66/><F118/><W12/><G1/><T4/><D128/><U124/><E131/><V104/><F119/><W70/><G70/><T63/><D125/><U68/><E68/><V24/><F24/><W93/><G35/><T88/><D31/><U82/><E82/><V41/><F48/><N who="3" m="28807" /><G32/><T37/><D72/><U98/><E124/><V16/><F17/><W15/><G15/><T89/><D77/><U135/><E135/><V103/><REACH who="2" step="1"/><F104/><REACH who="2" ten="211,329,220,230" step="2"/><W23/><G38/><T84/><D37/><U112/><E25/><V22/><AGARI ba="0,1" hai="14,16,20,22,26,30,41,42,43,66,67,99,103,105" machi="22" ten="30,7900,0" yaku="1,1,2,1,0,1,54,1,53,0" doraHai="71" doraHaiUra="69" who="2" fromWho="2" sc="211,-20,329,-39,220,89,230,-20" /><INIT seed="2,0,0,2,1,98" ten="191,290,309,210" oya="2" hai0="96,2,63,50,102,85,10,19,133,7,76,11,92" hai1="33,4,67,23,29,0,82,83,79,24,132,129,115" hai2="134,128,99,54,86,51,107,112,41,64,120,116,6" hai3="9,47,74,1,46,20,121,89,125,36,123,117,65"/><V22/><F120/><W42/><G117/><T100/><D133/><U75/><E115/><V84/><F112/><W45/><G125/><T21/><D11/><U69/><E132/><V55/><F116/><W37/><G65/><T3/><D3/><U49/><E129/><V77/><F134/><W58/><G58/><T78/><D63/><U32/><E49/><V13/><F128/><W93/><G74/><T124/><D124/><U25/><E83/><V80/><F64/><W81/><G81/><T15/><D100/><U53/><E53/><V119/><F119/><W12/><G46/><T31/><D85/><U73/><E75/><V5/><F86/><W16/><G1/><T109/><D109/><U118/><E118/><V126/><F126/><W71/><G71/><T101/><D101/><U38/><E38/><V135/><F135/><W95/><G95/><T91/><D91/><U43/><E43/><V122/><F122/><W88/><G89/><T30/><REACH who="0" step="1"/><D50/><REACH who="0" ten="181,290,309,210" step="2"/><U57/><E0/><V111/><F111/><W39/><G39/><T70/><D70/><U68/><E69/><V114/><F114/><W130/><G130/><T35/><D35/><N who="1" m="20903" /><E68/><V106/><F106/><W28/><G37/><T131/><D131/><U104/><E104/><V40/><F107/><W62/><G62/><T66/><D66/><U17/><E4/><N who="2" m="1643" /><F99/><N who="3" m="57767" /><G36/><T113/><D113/><U52/><E67/><V105/><F105/><W94/><G123/><T34/><D34/><U27/><E32/><V103/><F103/><W87/><G121/><T8/><D8/><U61/><E33/><V108/><F108/><RYUUKYOKU ba="0,1" sc="181,15,290,15,309,-15,210,-15" hai0="2,7,10,15,19,21,30,31,76,78,92,96,102" hai1="17,23,25,27,52,57,61,73,79,82" /><INIT seed="3,1,1,3,0,29" ten="196,305,294,195" oya="3" hai0="130,45,34,117,19,65,7,22,107,81,85,93,98" hai1="118,91,101,68,58,100,10,96,114,43,102,75,55" hai2="41,84,6,44,53,59,23,14,116,54,106,48,127" hai3="124,109,71,115,74,3,67,49,111,87,134,61,90"/><W77/><G115/><T12/><D117/><U50/><E114/><V20/><F116/><W64/><G3/><T47/><D107/><U60/><E118/><V56/><F106/><W121/><G121/><T69/><D130/><U8/><E75/><V62/><F127/><W13/><G124/><T1/><D34/><U36/><E36/><V131/><F131/><W89/><G134/><T57/><D69/><U33/><E33/><V104/><F104/><W35/><G67/><T95/><D1/><U42/><E68/><V119/><F119/><W105/><G105/><T80/><D7/><U31/><E31/><V30/><F30/><W11/><G35/><T73/><D73/><U66/><E42/><V40/><F84/><W103/><G103/><N who="0" m="60879" /><D95/><N who="1" m="56447" /><E66/><V52/><F41/><W92/><G74/><T16/><D19/><U112/><E112/><V125/><F125/><W86/><G77/><N who="0" m="46223" /><D81/><U126/><E126/><V4/><F40/><W51/><G49/><T38/><D38/><U9/><E43/><V88/><F88/><W120/><G51/><AGARI ba="1,1" hai="8,9,10,50,51,55,58,60,100,101,102" m="56447" machi="51" ten="30,1000,0" yaku="8,1" doraHai="29" who="1" fromWho="3" sc="196,0,305,23,294,0,195,-13" owari="196,-20.4,328,42.8,294,9.4,182,-31.8" /></mjloggm>