<mjloggm ver="2.3"><GO type="225" lobby="0"/><UN n0="%E9%B4%A8%4E%45%47%49" n1="%E3%81%BD%E3%81%A1%E3%81%9F%E3%81%93%E3%82%84" n2="%E7%9A%AE%E3%80%85" n3="%72%69%6F%75%63%68%61%6E" dan="16,17,16,16" rate="2071.38,2216.56,2095.44,2198.45" sx="M,M,M,M"/><TAIKYOKU oya="0"/><INIT seed="0,0,0,4,2,36" ten="250,250,250,250" oya="0" hai0="30,74,75,50,27,5,91,33,51,73,12,8,77" hai1="61,16,9,6,134,101,109,32,133,11,86,64,98" hai2="121,99,105,20,41,38,7,95,0,132,47,125,82" hai3="117,122,85,59,34,28,29,18,94,88,48,129,119"/><T89/><REACH who="0" step="1"/><D77/><REACH who="0" ten="240,250,250,250" step="2"/><U65/><E133/><V43/><F132/><W100/><G119/><T87/><D87/><U58/><E134/><V2/><F121/><W56/><G117/><T103/><D103/><U106/><E86/><V116/><F125/><W1/><G122/><T71/><D71/><U130/><E101/><V112/><F116/><W25/><G129/><T60/><D60/><U57/><E61/><V52/><F112/><W115/><G115/><T13/><D13/><U23/><E130/><V72/><F72/><W114/><G114/><T81/><D81/><U118/><E118/><V131/><F131/><W128/><G128/><T35/><D35/><U97/><E32/><V67/><F82/><W111/><G100/><T78/><D78/><U46/><E98/><V26/><F99/><W80/><G80/><T44/><D44/><U62/><E46/><V102/><F47/><W83/><G83/><T45/><D45/><U126/><E97/><V84/><F102/><W93/><G94/><T49/><AGARI ba="0,1" hai="5,8,12,27,30,33,49,50,51,73,74,75,89,91" machi="49" ten="40,7800,0" yaku="21,2,0,1,53,0" doraHai="36" doraHaiUra="96" who="0" fromWho="0" sc="240,88,250,-26,250,-26,250,-26" /><INIT seed="0,1,0,2,1,116" ten="328,224,224,224" oya="0" hai0="10,53,84,119,131,62,46,68,87,22,0,79,30" hai1="102,85,47,59,72,78,31,60,9,123,128,73,38" hai2="132,107,114,50,44,2,92,21,19,77,35,75,4" hai3="42,67,133,40,70,111,96,45,63,18,12,83,86"/><T25/><D119/><U20/><E128/><V65/><F114/><W104/><G111/><T5/><D131/><U99/><E123/><V58/><F107/><W81/><G133/><T33/><D79/><U37/><E9/><V80/><F132/><W97/><G104/><T122/><D122/><U43/><E38/><V115/><F115/><W61/><G63/><T41/><D33/><U54/><E31/><V34/><F92/><W7/><G7/><T28/><D28/><U55/><E20/><V103/><F103/><W98/><G86/><T113/><D113/><U11/><E11/><V56/><F4/><W14/><G40/><T126/><D126/><U120/><E120/><V76/><F76/><W110/><G110/><T69/><D53/><U130/><E55/><V90/><F90/><W3/><G3/><T135/><D62/><U100/><E100/><V106/><F106/><W13/><REACH who="3" step="1"/><G18/><REACH who="3" ten="328,224,224,214" step="2"/><T91/><D87/><U82/><E130/><V24/><F2/><W129/><G129/><T93/><REACH who="0" step="1"/><D135/><REACH who="0" ten="318,224,224,214" step="2"/><U121/><E121/><V105/><F75/><W23/><G23/><T109/><D109/><U26/><E73/><V17/><F21/><W32/><G32/><T8/><D8/><U52/><E72/><V49/><F34/><W1/><G1/><T39/><AGARI ba="1,2" hai="0,5,10,22,25,30,39,41,46,68,69,84,91,93" machi="39" ten="20,3900,0" yaku="1,1,0,1,7,1,53,0" doraHai="116" doraHaiUra="134" who="0" fromWho="0" sc="318,62,224,-14,224,-14,214,-14" /><INIT seed="0,2,0,0,2,97" ten="380,210,210,200" oya="0" hai0="66,77,29,121,32,23,75,33,127,102,22,46,70" hai1="128,113,63,16,110,54,10,115,109,55,51,131,95" hai2="90,93,64,86,52,134,83,59,71,107,49,44,103" hai3="126,130,8,87,91,20,105,133,80,92,129,69,25"/><T50/><D121/><U116/><E95/><V89/><F134/><W30/><G126/><T17/><D127/><U67/><E10/><V28/><F107/><W3/><G133/><T18/><D70/><N who="1" m="42367" /><E16/><V135/><F135/><W48/><G69/><T78/><D75/><U81/><E81/><V74/><F28/><W65/><G105/><T7/><D50/><U11/><E11/><V120/><F71/><W100/><G65/><T106/><D66/><U60/><E60/><N who="2" m="37919" /><F74/><W56/><G56/><T85/><D85/><U26/><E26/><V13/><F13/><W68/><G48/><T61/><D61/><U21/><E21/><V98/><F120/><W119/><G68/><T58/><D106/><U45/><E55/><V108/><F108/><N who="1" m="41577" /><E116/><V37/><F37/><W43/><G119/><T125/><D29/><U73/><E73/><V96/><F96/><N who="3" m="59399" /><G3/><T0/><D0/><U76/><E76/><AGARI ba="2,0" hai="44,49,52,76,83,86,89,90,93,98,103" m="37919" machi="76" ten="30,3900,0" yaku="8,1,52,1,54,1" doraHai="97" who="2" fromWho="1" sc="380,0,210,-45,210,45,200,0" /><INIT seed="1,0,0,0,0,112" ten="380,165,255,200" oya="1" hai0="65,10,34,79,98,61,101,129,2,33,72,71,37" hai1="89,134,62,53,5,95,24,23,51,1,118,20,75" hai2="109,54,44,117,3,76,57,18,49,132,82,19,124" hai3="107,45,25,48,96,43,58,63,21,114,121,4,119"/><U97/><E134/><V116/><F132/><W12/><G114/><T120/><D129/><U90/><E75/><V42/><F3/><W87/><G121/><T80/><D37/><U67/><E118/><V111/><F124/><W13/><G119/><N who="2" m="45641" /><F82/><W105/><G96/><T36/><D36/><U6/><E89/><V108/><F76/><W27/><G27/><T91/><D91/><U78/><E78/><V47/><F47/><W125/><G125/><T31/><D31/><U77/><E77/><V115/><F115/><W130/><G130/><T17/><D120/><U99/><E99/><V85/><F85/><W39/><G39/><AGARI ba="0,0" hai="18,19,39,42,44,49,54,57,108,109,111" m="45641" machi="39" ten="40,8000,1" yaku="14,1,52,3" doraHai="112" who="2" fromWho="3" sc="380,0,165,0,255,80,200,-80" /><INIT seed="2,0,0,1,0,92" ten="380,165,335,120" oya="2" hai0="106,10,93,100,102,61,68,21,54,108,135,95,80" hai1="30,77,32,113,101,62,6,45,98,24,25,116,2" hai2="8,129,85,52,70,12,20,58,114,132,131,94,107" hai3="35,115,127,121,41,83,4,5,72,109,133,124,86"/><V11/><F107/><W91/><G121/><T104/><D54/><U125/><E116/><V19/><F70/><W73/><G35/><T88/><D21/><U128/><E113/><V134/><F114/><W112/><G41/><T17/><D17/><U82/><E128/><N who="2" m="49227" /><F85/><W7/><G109/><T99/><D10/><N who="2" m="3626" /><F94/><W9/><G115/><T50/><D50/><AGARI ba="0,0" hai="12,19,20,50,52,58,132,134" m="3626,49227" machi="50" ten="30,2900,0" yaku="19,1,54,1" doraHai="92" who="2" fromWho="0" sc="380,-29,165,0,335,29,120,0" /><INIT seed="2,1,0,3,3,61" ten="351,165,364,120" oya="2" hai0="109,31,96,14,85,8,130,48,50,6,27,2,132" hai1="90,0,72,112,129,33,98,86,125,29,68,71,80" hai2="74,49,108,43,1,95,51,70,24,83,32,87,25" hai3="58,13,28,60,81,59,63,65,62,42,15,97,37"/><V114/><F114/><W16/><G28/><T41/><D109/><U19/><E0/><V52/><F70/><W124/><G124/><T26/><D132/><U118/><E118/><V127/><F127/><W119/><G119/><T55/><D130/><U106/><E112/><V4/><F108/><W7/><G37/><T126/><D126/><U84/><E84/><V46/><BYE who="1" /><F74/><W53/><G42/><T131/><D131/><U3/><E3/><V66/><F66/><W18/><G81/><T73/><D73/><U128/><E128/><V122/><F122/><W79/><G79/><T100/><D2/><U54/><E54/><V21/><F32/><W99/><G7/><T89/><D41/><U115/><E115/><V30/><F95/><W123/><G123/><T82/><D55/><U34/><E34/><UN n1="%E3%81%BD%E3%81%A1%E3%81%9F%E3%81%93%E3%82%84" /><V76/><F25/><W93/><G62/><T91/><D91/><U56/><E129/><V20/><F1/><W57/><G58/><T22/><REACH who="0" step="1"/><D27/><REACH who="0" ten="341,165,364,120" step="2"/><U35/><E90/><V116/><F116/><W17/><G99/><T94/><AGARI ba="1,1" hai="6,8,14,22,26,31,48,50,82,85,89,94,96,100" machi="94" ten="20,8000,1" yaku="1,1,2,1,0,1,7,1,8,1,53,0" doraHai="61" doraHaiUra="75" who="0" fromWho="0" sc="341,93,165,-21,364,-41,120,-21" /><INIT seed="3,0,0,1,5,75" ten="434,144,323,99" oya="3" hai0="10,49,104,66,19,48,80,30,134,122,81,129,73" hai1="31,67,4,121,58,35,65,51,7,74,135,23,120" hai2="33,14,42,17,131,9,98,77,109,60,3,63,82" hai3="92,68,21,27,76,34,36,117,116,89,50,112,86"/><W39/><G112/><T94/><D104/><U64/><E74/><V24/><F109/><W16/><G68/><T85/><D30/><U93/><E35/><V79/><F3/><W105/><G105/><T70/><D66/><U0/><E135/><V37/><F131/><W41/><G34/><T128/><D70/><U107/><E107/><V119/><F119/><W62/><G62/><T78/><D134/><U125/><E125/><V102/><F42/><W11/><G76/><T95/><D122/><U56/><E0/><V69/><F37/><W46/><REACH who="3" step="1"/><G11/><REACH who="3" ten="434,144,323,89" step="2"/><T52/><D128/><U28/><E120/><V83/><F33/><W130/><G130/><T13/><D129/><U32/><E32/><V126/><F69/><W53/><G53/><T99/><D52/><N who="1" m="31775" /><E121/><V15/><F79/><W101/><G101/><T71/><D71/><U96/><E58/><V108/><F77/><W5/><G5/><N who="1" m="2122" /><E23/><V72/><F102/><AGARI ba="0,1" hai="28,31,64,65,67,93,96,102" m="2122,31775" machi="102" ten="30,2000,0" yaku="8,1,54,1" doraHai="75" who="1" fromWho="2" sc="434,0,144,30,323,-20,89,0" owari="434,53.4,174,-22.6,303,10.3,89,-41.1" /></mjloggm>