<mjloggm ver="2.3"><GO type="225" lobby="0"/><UN n0="%E6%9C%88%E5%B3%B6%E5%9F%BA" n1="%77%72%77%72%77%72%77%72" n2="%E3%82%B3%E3%83%90%E3%83%AC%E3%82%A4" n3="%E3%83%81%E3%83%83%E3%82%BF%E3%82%BD%E3%83%BC" dan="16,16,16,16" rate="2139.30,2141.26,2203.27,2118.94" sx="M,M,M,F"/><TAIKYOKU oya="0"/><INIT seed="0,0,0,2,0,120" ten="250,250,250,250" oya="0" hai0="125,126,10,87,83,40,59,88,13,31,15,25,4" hai1="41,5,113,112,36,116,92,78,18,71,28,85,74" hai2="77,55,9,118,93,86,7,14,58,34,17,48,8" hai3="0,35,75,76,53,110,133,69,50,109,49,32,56"/><T43/><D15/><U79/><E116/><V129/><F34/><W135/><G0/><T98/><D59/><U11/><E71/><V47/><F118/><W42/><G69/><T30/><D98/><U117/><E117/><V119/><F119/><W68/><G68/><T123/><D123/><U19/><E28/><V101/><F129/><W134/><G76/><T52/><D52/><U23/><E41/><N who="0" m="15945" /><D25/><U51/><E51/><V39/><F39/><W132/><G75/><T111/><D111/><N who="3" m="42505" /><G132/><T12/><D12/><N who="1" m="7455" /><E5/><V102/><F7/><W94/><G94/><T45/><D45/><AGARI ba="0,0" hai="32,35,42,45,49,50,53,56,133,134,135" m="42505" machi="45" ten="40,8000,1" yaku="20,1,14,1,52,3" doraHai="120" who="3" fromWho="0" sc="250,-80,250,0,250,0,250,80" /><INIT seed="1,0,0,1,2,107" ten="170,250,250,330" oya="1" hai0="36,6,68,12,125,105,57,92,2,86,80,46,124" hai1="15,75,64,61,88,42,54,49,114,71,43,122,27" hai2="134,31,76,25,132,23,115,104,14,129,117,59,47" hai3="67,60,100,83,4,11,97,39,110,5,119,50,74"/><U111/><E114/><V94/><F104/><W112/><G110/><T96/><D105/><U58/><E27/><V116/><F76/><W3/><G112/><T91/><D68/><U0/><E0/><V99/><F115/><W121/><G121/><T130/><D2/><U101/><E101/><V69/><F69/><W21/><G119/><T106/><D130/><U37/><E122/><V66/><F47/><W85/><G39/><T70/><D70/><U79/><E111/><V10/><F129/><W127/><G127/><T108/><D108/><U9/><E37/><V98/><F98/><W28/><G50/><T19/><D106/><U52/><E54/><V17/><F134/><W73/><G4/><T95/><D6/><U81/><REACH who="1" step="1"/><E88/><REACH who="1" ten="170,240,250,330" step="2"/><V109/><F109/><W56/><G100/><T32/><D124/><U87/><E87/><V1/><F1/><W41/><G97/><T102/><D125/><U26/><E26/><V30/><F132/><W135/><G135/><T82/><D32/><U120/><E120/><V7/><F117/><W103/><G103/><T51/><D36/><U16/><AGARI ba="0,1" hai="9,15,16,42,43,49,52,58,61,64,71,75,79,81" machi="16" ten="20,18000,2" yaku="1,1,0,1,7,1,52,1,54,2,53,0" doraHai="107" doraHaiUra="133" who="1" fromWho="1" sc="170,-60,240,190,250,-60,330,-60" /><INIT seed="1,1,0,0,3,80" ten="110,430,190,270" oya="1" hai0="124,66,128,0,85,16,63,33,38,31,24,37,22" hai1="67,26,32,61,84,104,15,76,120,9,112,29,102" hai2="21,100,1,87,44,108,45,119,129,5,43,55,81" hai3="10,18,130,73,59,111,79,4,71,64,131,50,46"/><U62/><E112/><V12/><F119/><W23/><G111/><T135/><D124/><U114/><E114/><V82/><F129/><N who="3" m="49163" /><G71/><T110/><D128/><U95/><E120/><V106/><F108/><W60/><G79/><T2/><D110/><U118/><E118/><V72/><F72/><W90/><G90/><T27/><D135/><U105/><E62/><V49/><F1/><N who="3" m="271" /><G73/><T94/><D2/><U41/><E41/><V35/><F35/><W56/><G60/><T121/><D0/><U126/><E126/><V53/><F100/><W96/><G96/><T89/><REACH who="0" step="1"/><D121/><REACH who="0" ten="100,430,190,270" step="2"/><U113/><E113/><V57/><F106/><W69/><G69/><AGARI ba="1,1" hai="16,22,24,27,31,33,37,38,63,66,69,85,89,94" machi="69" ten="30,8000,1" yaku="1,1,2,1,7,1,52,1,54,1,53,0" doraHai="80" doraHaiUra="125" who="0" fromWho="3" sc="100,93,430,0,190,0,270,-83" /><INIT seed="2,0,0,5,3,74" ten="193,430,190,187" oya="2" hai0="30,131,13,107,112,59,130,48,6,129,123,92,11" hai1="57,127,4,75,23,1,58,119,38,124,70,65,25" hai2="43,36,52,46,54,67,12,73,9,121,27,90,14" hai3="111,117,8,94,82,83,39,19,64,42,51,89,116"/><V37/><F121/><W125/><G39/><T109/><D107/><U40/><E119/><V20/><F37/><W85/><G111/><T0/><D109/><U93/><E75/><V80/><F67/><W69/><G125/><N who="1" m="48202" /><E1/><V45/><F45/><W17/><G69/><T18/><D112/><U66/><E4/><V50/><F36/><W41/><G64/><N who="1" m="24682" /><E70/><V2/><F2/><W76/><G116/><T61/><D123/><U68/><E68/><V79/><F90/><W88/><G117/><T110/><D110/><U15/><E15/><V87/><F73/><W44/><G41/><T63/><D30/><N who="1" m="17727" /><E93/><V86/><F86/><N who="3" m="48455" /><G8/><N who="0" m="6439" /><D92/><U7/><E7/><N who="2" m="3135" /><F14/><W106/><G106/><T31/><D31/><AGARI ba="0,0" hai="20,27,31,43,46,50,52,54,79,80,87" m="3135" machi="31" ten="30,11600,0" yaku="25,1,8,1,52,1,54,1" doraHai="74" who="2" fromWho="0" sc="193,-116,430,0,190,116,187,0" /><INIT seed="2,1,0,4,1,72" ten="77,430,306,187" oya="2" hai0="83,103,48,42,101,74,86,37,68,73,51,102,107" hai1="39,53,49,43,125,88,92,94,77,87,113,59,84" hai2="111,60,130,11,20,129,114,128,112,24,95,34,80" hai3="36,115,62,0,82,10,96,78,108,117,132,8,66"/><V26/><F95/><W23/><G117/><T75/><D68/><U41/><E113/><N who="2" m="43627" /><F80/><W19/><G115/><T33/><D33/><U97/><E125/><V38/><F38/><W119/><G119/><T44/><REACH who="0" step="1"/><D107/><REACH who="0" ten="67,430,306,187" step="2"/><U110/><E110/><V21/><F111/><W76/><G108/><T2/><D2/><U105/><E105/><V52/><F34/><W14/><G0/><T35/><D35/><U3/><E3/><V90/><F128/><W32/><G32/><T135/><D135/><U67/><E39/><V30/><F130/><W9/><G36/><T29/><D29/><U98/><E67/><V100/><F129/><W85/><G132/><T124/><D124/><U17/><E98/><V126/><F126/><W22/><G96/><T120/><D120/><U69/><E69/><V56/><F30/><W64/><G64/><T104/><D104/><U123/><E123/><V6/><F26/><W109/><G109/><T46/><D46/><U91/><E17/><V106/><F24/><W4/><G19/><T133/><D133/><U93/><E97/><V18/><F18/><W28/><G28/><T25/><D25/><U131/><E131/><V81/><F106/><W122/><G122/><T61/><D61/><U54/><E59/><V16/><F16/><W127/><G127/><T13/><D13/><U31/><E31/><V118/><F118/><W1/><G62/><T57/><D57/><U50/><E94/><V45/><F45/><W89/><G66/><T121/><D121/><U40/><E93/><V134/><F134/><W63/><G63/><T79/><AGARI ba="1,1" hai="37,42,44,48,51,73,74,75,79,83,86,101,102,103" machi="79" ten="40,8000,1" yaku="1,1,5,1,0,1,52,1,53,0" doraHai="72" doraHaiUra="55" who="0" fromWho="0" sc="67,93,430,-21,306,-41,187,-21" /><INIT seed="3,0,0,2,1,132" ten="160,409,265,166" oya="3" hai0="78,120,8,106,92,104,97,41,52,113,3,34,0" hai1="103,72,127,86,48,96,47,50,5,89,88,36,64" hai2="131,54,116,29,31,80,101,32,109,51,98,77,124" hai3="16,13,61,71,24,25,93,30,128,111,42,1,62"/><W57/><G128/><T23/><D34/><U119/><E72/><V99/><F116/><W21/><G1/><T40/><D120/><U55/><E119/><V39/><F39/><W15/><G111/><T14/><D3/><U58/><E127/><V65/><F124/><W130/><G130/><T82/><D0/><U126/><E126/><V60/><F109/><W38/><G71/><T108/><D108/><U105/><E36/><V20/><F32/><W133/><G133/><T35/><D35/><U63/><E5/><V45/><F131/><W107/><G107/><T11/><D104/><U49/><E89/><V59/><F20/><N who="3" m="15623" /><G38/><T129/><D106/><U7/><E7/><V69/><F69/><W19/><G42/><N who="0" m="16491" /><D129/><U33/><E33/><V44/><F44/><W37/><G37/><T28/><D113/><U114/><E114/><V84/><F99/><W123/><G123/><T90/><D52/><U56/><E47/><V26/><F26/><W10/><G25/><N who="0" m="16447" /><D14/><U17/><E17/><V81/><F81/><AGARI ba="0,0" hai="48,49,50,55,56,58,63,64,81,86,88,96,103,105" machi="81" ten="30,2000,0" yaku="7,1,54,1" doraHai="132" who="1" fromWho="2" sc="160,0,409,20,265,-20,166,0" owari="160,-34.0,429,52.9,245,4.5,166,-23.4" /></mjloggm>