<mjloggm ver="2.3"><GO type="225" lobby="0"/><UN n0="%E6%80%AA%E3%81%97%E3%81%99%E3%81%8E%E3%82%8B%E3%83%81%E3%83%BC" n1="%E3%83%96%E3%83%83%E3%83%91%E3%82%AA%E3%83%96%E3%83%81%E3%82%AD%E3%83%B3" n2="%E3%81%AD%E3%82%80%E3%81%84%40%E9%9B%80%E9%B3%B4%E4%BC%9A" n3="%E3%81%95%E3%81%8D%E3%81%9F%E3%81%BE%E6%9E%97%E6%AA%8E" dan="16,16,16,16" rate="2086.62,2110.88,2200.92,2089.15" sx="M,M,F,M"/><TAIKYOKU oya="0"/><INIT seed="0,0,0,4,5,22" ten="250,250,250,250" oya="0" hai0="48,4,34,5,53,8,33,116,104,16,29,45,67" hai1="108,132,122,83,121,18,15,98,75,130,51,84,70" hai2="2,99,111,39,26,126,76,36,106,94,81,80,56" hai3="131,32,61,89,58,0,65,100,57,30,123,115,42"/><T60/><D116/><U128/><E70/><V21/><F2/><W35/><G115/><T69/><D104/><U107/><E51/><V62/><F106/><W37/><G0/><T105/><D105/><U13/><E108/><V47/><F111/><W119/><G119/><T28/><D5/><U74/><E18/><V125/><F81/><W134/><G134/><T78/><D78/><N who="1" m="46199" /><E13/><V12/><F12/><W68/><G68/><T73/><D73/><N who="1" m="27659" /><E15/><V112/><F112/><W10/><G37/><T40/><D16/><U79/><E79/><V38/><F47/><W82/><G42/><T19/><D19/><U90/><E132/><V24/><F80/><W72/><G82/><T20/><D40/><U71/><E71/><V120/><F76/><W44/><G44/><T129/><D129/><N who="1" m="49771" /><E90/><N who="2" m="55767" /><F21/><W66/><G89/><T64/><D64/><U50/><E50/><V117/><F117/><W31/><G10/><T95/><D20/><U14/><E14/><V135/><F135/><W27/><G131/><T7/><D8/><U133/><E133/><V110/><F110/><W23/><G23/><T77/><D77/><U114/><E114/><V6/><F6/><N who="0" m="2090" /><D34/><U41/><E41/><V3/><F3/><W109/><G109/><T49/><D33/><U127/><E127/><N who="2" m="48651" /><F120/><W113/><G123/><T85/><D49/><U63/><E63/><V88/><F88/><W86/><G72/><T96/><D96/><U101/><AGARI ba="0,0" hai="98,101,107,121,122" m="49771,27659,46199" machi="101" ten="40,5200,0" yaku="19,1,34,2" doraHai="22" who="1" fromWho="1" sc="250,-26,250,52,250,-13,250,-13" /><INIT seed="1,0,0,1,3,17" ten="224,302,237,237" oya="1" hai0="107,132,122,55,19,134,115,94,130,109,50,95,82" hai1="133,3,25,23,113,86,80,64,1,135,90,32,62" hai2="10,21,74,127,118,97,44,8,70,66,102,24,42" hai3="106,128,0,51,45,6,116,49,87,75,119,54,72"/><U100/><E113/><V58/><F118/><N who="3" m="45099" /><G128/><T121/><D115/><U16/><E32/><V125/><F74/><W38/><G106/><T73/><D107/><U30/><E100/><V76/><F76/><W120/><G120/><N who="0" m="46187" /><D130/><U101/><E101/><V14/><F70/><W47/><G38/><T85/><D109/><U105/><E105/><V28/><F66/><W35/><G35/><T11/><D73/><U129/><E30/><V33/><F58/><W104/><G104/><T108/><D108/><U59/><REACH who="1" step="1"/><E129/><REACH who="1" ten="224,292,237,237" step="2"/><V31/><F28/><W84/><G75/><T57/><D134/><AGARI ba="0,1" hai="1,3,16,23,25,59,62,64,80,86,90,133,134,135" machi="134" ten="40,12000,1" yaku="1,1,2,1,20,1,52,1,54,1,53,0" doraHai="17" doraHaiUra="2" who="1" fromWho="0" sc="224,-120,292,130,237,0,237,0" /><INIT seed="1,1,0,0,3,52" ten="104,422,237,237" oya="1" hai0="84,119,20,28,40,26,18,19,51,133,17,131,99" hai1="31,125,73,132,100,55,64,72,15,114,53,110,105" hai2="49,48,60,6,80,109,78,74,113,126,130,68,30" hai3="86,29,94,104,43,82,89,101,1,5,59,27,129"/><U54/><E114/><V87/><F113/><W16/><G129/><T134/><D119/><U124/><E132/><N who="0" m="50793" /><D84/><U67/><E31/><V70/><F130/><W98/><G1/><T25/><D131/><U32/><E32/><V122/><F122/><W63/><G5/><T123/><D51/><U24/><E24/><N who="0" m="9321" /><D99/><N who="1" m="61599" /><E15/><V58/><F30/><W45/><G29/><T33/><D40/><U23/><E23/><V90/><F6/><W4/><G4/><T65/><D65/><N who="1" m="25163" /><E110/><V97/><F109/><W83/><G43/><T2/><D2/><U135/><E135/><V10/><F10/><W47/><G104/><T127/><D127/><AGARI ba="1,0" hai="53,54,55,72,73,124,125,127" m="25163,61599" machi="127" ten="30,1500,0" yaku="18,1" doraHai="52" who="1" fromWho="0" sc="104,-18,422,18,237,0,237,0" /><INIT seed="1,2,0,1,0,71" ten="86,440,237,237" oya="1" hai0="131,56,92,12,108,114,25,68,36,126,0,40,45" hai1="20,59,65,50,81,19,99,132,46,96,119,37,31" hai2="69,128,49,85,2,90,23,97,87,111,130,14,8" hai3="88,47,32,10,135,18,113,109,77,60,95,38,48"/><U33/><E119/><V93/><F69/><W51/><G113/><T27/><D114/><U84/><E132/><V57/><F2/><W7/><G77/><T41/><D0/><U26/><E65/><V5/><F111/><W6/><G109/><T89/><D68/><U30/><E59/><V13/><F87/><W82/><G82/><T42/><D108/><U21/><E33/><V115/><F115/><W35/><G135/><T118/><D118/><U58/><E58/><V101/><F14/><W34/><G18/><T105/><D105/><U127/><E127/><V11/><F11/><W1/><G7/><T63/><D126/><U80/><E37/><V75/><F75/><W62/><G51/><T9/><D131/><U107/><E107/><V103/><F23/><W94/><G94/><T100/><D100/><U55/><E80/><V53/><REACH who="2" step="1"/><F101/><REACH who="2" ten="86,440,227,237" step="2"/><W70/><G70/><T4/><D27/><U52/><E21/><V79/><F79/><W83/><G35/><T66/><REACH who="0" step="1"/><D25/><REACH who="0" ten="76,440,227,237" step="2"/><U133/><E133/><V3/><F3/><W116/><G1/><T72/><D72/><U122/><E26/><V120/><F120/><W24/><G24/><T129/><D129/><U78/><E122/><V44/><F44/><W15/><G47/><T67/><D67/><U125/><E46/><V117/><F117/><W112/><G116/><T28/><D28/><U76/><E125/><V73/><F73/><W86/><G34/><T106/><D106/><AGARI ba="2,2" hai="5,8,13,49,53,57,85,90,93,97,103,106,128,130" machi="106" ten="40,2600,0" yaku="1,1,53,1" doraHai="71" doraHaiUra="54" who="2" fromWho="0" sc="76,-32,440,0,227,52,237,0" /><INIT seed="2,0,0,1,2,20" ten="44,440,279,237" oya="2" hai0="0,116,57,92,77,101,55,18,103,13,14,53,121" hai1="71,102,132,8,33,15,62,37,9,34,112,122,99" hai2="72,82,43,83,86,45,111,48,60,63,97,59,135" hai3="42,44,56,91,119,66,10,90,39,22,50,24,21"/><V87/><F135/><W47/><G119/><T120/><D0/><U110/><E112/><V40/><F111/><W19/><G10/><T29/><D116/><U131/><E110/><V79/><F43/><W68/><G68/><T75/><D92/><U125/><E132/><V96/><F72/><W109/><G109/><T51/><D77/><U89/><E37/><V1/><F1/><W133/><G133/><T58/><D75/><U27/><E125/><V108/><F108/><W7/><G7/><T69/><D69/><U106/><E131/><V41/><F41/><W61/><REACH who="3" step="1"/><G22/><REACH who="3" ten="44,440,279,227" step="2"/><T118/><D118/><U12/><E8/><V23/><F23/><W32/><G32/><T95/><D95/><U105/><E9/><V2/><F2/><W38/><G38/><T117/><D117/><U81/><E34/><V3/><F3/><W98/><G98/><N who="2" m="37993" /><F59/><W31/><G31/><T6/><D29/><U128/><E33/><V104/><F104/><W74/><G74/><T115/><D115/><U54/><E106/><V11/><F11/><W5/><G5/><T17/><REACH who="0" step="1"/><D6/><REACH who="0" ten="34,440,279,227" step="2"/><U4/><E4/><V130/><F130/><W107/><G107/><T76/><D76/><AGARI ba="0,2" hai="40,45,48,60,63,76,79,82,83,86,87" m="37993" machi="76" ten="30,1500,0" yaku="8,1" doraHai="20" who="2" fromWho="0" sc="34,-15,440,0,279,35,227,0" /><INIT seed="2,1,0,3,3,17" ten="19,440,314,227" oya="2" hai0="88,46,75,92,62,76,104,129,99,15,37,11,107" hai1="35,126,78,111,38,32,79,97,135,134,64,101,70" hai2="40,72,115,30,19,8,84,4,110,96,114,103,50" hai3="67,27,133,13,31,29,120,59,56,1,61,127,10"/><V116/><F72/><W113/><G120/><T57/><D129/><U48/><E38/><V109/><F30/><W41/><G133/><N who="1" m="50698" /><E111/><N who="2" m="42507" /><F84/><W26/><G127/><T2/><D2/><U5/><E126/><V36/><F36/><W39/><G1/><T132/><D132/><U86/><E5/><V106/><F116/><W102/><G113/><N who="2" m="43017" /><F19/><N who="3" m="8631" /><G39/><T89/><D76/><N who="1" m="29227" /><E86/><V42/><F50/><W128/><G128/><T33/><D75/><U112/><E48/><V123/><F123/><W80/><G80/><T55/><D33/><U119/><E119/><V98/><F96/><W131/><G131/><T100/><D104/><N who="1" m="63535" /><E112/><V47/><F47/><W73/><G73/><T65/><D107/><U25/><E25/><V77/><F77/><W6/><G27/><T34/><D34/><U14/><E14/><AGARI ba="1,0" hai="4,8,14,40,42,98,103,106" m="43017,42507" machi="14" ten="30,2900,0" yaku="14,1,10,1" doraHai="17" who="2" fromWho="1" sc="19,0,440,-32,314,32,227,0" /><INIT seed="2,2,0,2,3,65" ten="19,408,346,227" oya="2" hai0="75,12,17,81,112,109,78,43,82,119,51,95,26" hai1="90,84,0,126,11,98,116,129,35,67,73,86,89" hai2="61,133,77,71,115,72,27,80,93,103,96,40,37" hai3="22,94,57,41,45,39,107,92,58,9,10,83,106"/><V104/><F115/><W111/><G111/><T60/><D112/><U114/><E116/><V2/><F133/><W68/><G22/><T30/><D109/><U130/><E114/><V97/><F2/><W23/><G23/><T4/><D119/><U32/><E73/><V19/><F40/><W44/><G41/><T122/><D122/><U124/><E98/><V135/><F37/><W99/><G99/><T125/><D125/><N who="1" m="48235" /><E67/><V24/><F135/><W110/><G110/><T128/><D4/><N who="1" m="1415" /><E86/><V15/><F61/><W3/><G3/><T18/><D128/><N who="1" m="49259" /><E90/><V28/><F28/><W53/><G53/><T117/><D117/><U79/><E79/><V25/><F71/><W38/><REACH who="3" step="1"/><G83/><AGARI ba="2,0" hai="32,35,83,84,89" m="49259,1415,48235" machi="83" ten="30,2000,0" yaku="18,1,19,1" doraHai="65" who="1" fromWho="3" sc="19,0,408,26,346,0,227,-26" /><INIT seed="3,0,0,0,4,23" ten="19,434,346,201" oya="3" hai0="15,82,48,93,1,81,90,22,65,97,129,125,99" hai1="40,91,19,17,4,96,112,35,10,101,53,74,70" hai2="3,47,20,85,29,122,60,108,12,114,119,18,43" hai3="69,133,31,110,66,77,103,83,13,116,61,6,68"/><W32/><G116/><T111/><D129/><U130/><E112/><V44/><F108/><W88/><G103/><T2/><D125/><U49/><E130/><V73/><F73/><W107/><G107/><T56/><D111/><U59/><E70/><V75/><F75/><W45/><G110/><T37/><D37/><U104/><E74/><V26/><F114/><W11/><G69/><T5/><D2/><U39/><E35/><V100/><F119/><W67/><G66/><T87/><D1/><U102/><E102/><V58/><F3/><W134/><G77/><T34/><D34/><U128/><E128/><V36/><F122/><W16/><G6/><T105/><D105/><U0/><REACH who="1" step="1"/><E91/><REACH who="1" ten="19,424,346,201" step="2"/><V30/><F100/><W51/><G51/><T113/><D113/><U92/><E92/><V123/><F123/><W127/><G127/><T21/><D82/><U78/><E78/><V86/><F44/><AGARI ba="0,1" hai="0,4,10,17,19,39,40,44,49,53,59,96,101,104" machi="44" ten="40,2600,0" yaku="1,1,53,1" doraHai="23" doraHaiUra="50" who="1" fromWho="2" sc="19,0,424,36,346,-26,201,0" owari="19,-48.1,460,56.0,320,12.0,201,-19.9" /></mjloggm>