<mjloggm ver="2.3"><GO type="225" lobby="0"/><UN n0="%E3%80%90%E8%92%BC%E7%90%89%E3%80%91" n1="%E9%B3%B3%E6%9D%B1%E3%81%AE%E3%81%86%E3%81%95%E3%81%8E%E3%81%95%E3%82%93" n2="%E7%99%BD%E5%80%89%E5%AF%9B%E4%B9%8B" n3="%E3%81%AF%E3%82%88%E3%81%8A%E3%81%98%E3%81%95%E3%82%93" dan="16,17,16,17" rate="2190.76,2198.52,2115.62,2154.73" sx="F,M,M,M"/><TAIKYOKU oya="0"/><INIT seed="0,0,0,0,3,134" ten="250,250,250,250" oya="0" hai0="12,27,77,66,17,62,5,24,109,73,60,124,93" hai1="58,89,14,120,92,39,79,42,29,18,85,114,61" hai2="26,64,49,97,9,30,51,130,122,37,112,1,105" hai3="82,4,103,108,96,70,121,3,78,87,34,81,28"/><T132/><D132/><U25/><E120/><V116/><F37/><W23/><G70/><T16/><D109/><U48/><E114/><V72/><F72/><W50/><G108/><T91/><D77/><U111/><E39/><V59/><F122/><W83/><G34/><T90/><D73/><U2/><E2/><V95/><F105/><W52/><G121/><T46/><D124/><U0/><E0/><V11/><F112/><W125/><G125/><T131/><D131/><U75/><E111/><V38/><F38/><W44/><G4/><T102/><D46/><U31/><E25/><N who="0" m="9801" /><D5/><U45/><E79/><V98/><F98/><W74/><G3/><T100/><D17/><U7/><E7/><V99/><F99/><W84/><G23/><N who="0" m="11655" /><D90/><U68/><E68/><V106/><F106/><W43/><G28/><T135/><D135/><U21/><REACH who="1" step="1"/><E75/><REACH who="1" ten="250,240,250,250" step="2"/><V86/><F1/><W67/><G74/><T115/><D115/><U8/><E8/><V129/><F9/><W10/><G10/><T126/><D126/><U69/><E69/><V36/><F11/><W113/><G113/><T41/><D41/><U104/><E104/><V128/><F36/><W119/><G78/><T65/><D65/><AGARI ba="0,1" hai="14,18,21,29,31,42,45,48,58,61,65,85,89,92" machi="65" ten="30,3900,0" yaku="1,1,7,1,8,1,53,0" doraHai="134" doraHaiUra="33" who="1" fromWho="0" sc="250,-39,240,49,250,0,250,0" /><INIT seed="1,0,0,2,1,133" ten="211,289,250,250" oya="1" hai0="30,32,3,35,45,9,101,44,85,28,131,25,98" hai1="57,70,46,22,49,84,42,33,69,110,59,12,54" hai2="105,37,126,100,125,116,34,115,65,88,19,13,112" hai3="41,134,38,109,120,68,67,63,80,74,114,61,15"/><U17/><E33/><V52/><F34/><W16/><G120/><T75/><D75/><U107/><E107/><V5/><F116/><W18/><G114/><N who="2" m="43561" /><F37/><W113/><G113/><T77/><D131/><U10/><E110/><V135/><F135/><W58/><G134/><T8/><D77/><U55/><E84/><V78/><F78/><W39/><G109/><T23/><D85/><U122/><E122/><V51/><F65/><W26/><G41/><T123/><D123/><U102/><E102/><V56/><F5/><W129/><G129/><T93/><D9/><U76/><E76/><V82/><F88/><W4/><G80/><T24/><REACH who="0" step="1"/><D23/><REACH who="0" ten="201,289,250,250" step="2"/><U128/><E128/><V36/><F82/><W72/><G74/><T73/><D73/><U121/><E121/><V48/><F36/><W0/><G72/><T127/><D127/><N who="2" m="48650" /><F105/><W71/><G39/><T1/><D1/><U118/><E118/><V64/><F100/><W6/><G0/><T83/><D83/><U11/><E11/><N who="2" m="6591" /><F64/><W81/><G38/><T14/><D14/><U90/><E10/><V95/><F95/><W132/><G81/><T89/><D89/><U29/><E90/><V99/><F99/><W21/><G132/><T124/><D124/><U87/><E87/><V111/><F111/><W104/><G104/><T103/><D103/><U66/><E66/><V60/><AGARI ba="0,1" hai="48,51,52,56,60" m="6591,48650,43561" machi="60" ten="30,12000,2" yaku="11,1,18,1,52,3,54,1" doraHai="133" who="2" fromWho="2" sc="201,-30,289,-60,250,130,250,-30" /><INIT seed="2,0,0,4,3,89" ten="171,229,380,220" oya="2" hai0="93,25,5,41,43,120,105,39,117,32,116,80,107" hai1="55,17,10,28,44,18,54,73,131,103,67,4,33" hai2="112,22,26,11,76,123,121,9,19,50,29,15,3" hai3="34,61,71,75,30,63,83,65,100,53,96,124,68"/><V27/><F76/><W82/><G124/><T128/><D120/><N who="2" m="46154" /><F50/><W57/><G71/><T118/><D128/><U56/><E33/><N who="2" m="20663" /><F112/><W99/><G99/><T35/><D5/><U60/><E28/><N who="2" m="17527" /><F3/><W12/><G75/><T87/><D93/><U95/><E73/><V101/><F101/><W45/><G45/><T91/><D39/><U132/><E44/><V104/><F104/><W46/><G46/><T13/><D105/><U70/><E55/><V14/><F14/><W21/><G34/><T92/><D107/><U113/><E54/><V42/><F42/><W119/><G83/><T130/><D13/><U122/><E56/><V51/><F51/><W58/><G82/><T23/><D130/><U81/><E70/><V135/><F135/><W40/><G40/><N who="0" m="15435" /><D80/><U37/><E131/><V72/><F72/><W133/><G68/><T24/><D24/><U86/><E132/><V98/><F98/><W66/><G133/><T134/><D134/><U49/><E37/><V125/><F125/><W85/><G85/><T108/><D35/><U31/><E122/><V6/><F6/><W111/><G96/><T129/><D32/><U97/><E113/><V84/><F84/><W62/><G100/><T109/><D129/><U88/><E49/><V2/><F2/><W102/><G102/><T127/><D127/><U64/><E103/><V38/><F38/><W78/><G12/><T106/><D106/><U94/><E97/><V59/><F59/><N who="3" m="35055" /><G78/><T52/><D52/><U47/><E47/><V90/><F9/><W7/><G7/><T74/><D74/><U36/><E81/><RYUUKYOKU ba="0,0" sc="171,15,229,-15,380,15,220,-15" hai0="23,25,87,91,92,108,109,116,117,118" hai2="11,15,19,90" /><INIT seed="2,1,0,3,1,35" ten="186,214,395,205" oya="2" hai0="111,31,85,18,10,129,28,120,62,72,81,34,83" hai1="20,132,45,70,38,55,47,73,29,52,125,133,4" hai2="32,114,14,37,105,134,61,92,135,71,24,99,41" hai3="100,121,48,124,1,127,16,3,80,115,119,90,39"/><V97/><F114/><W12/><G119/><T112/><D120/><U75/><E70/><V76/><F76/><W59/><G121/><T94/><D112/><U79/><E4/><V42/><F14/><W56/><G39/><T6/><D111/><U108/><E108/><V2/><F2/><W44/><G100/><T74/><D129/><U88/><E125/><N who="3" m="48202" /><G115/><T77/><D18/><U66/><E66/><N who="2" m="41423" /><F37/><W46/><G46/><BYE who="3" /><N who="1" m="17418" /><E38/><V122/><F122/><W84/><G84/><T11/><D34/><U78/><E88/><N who="2" m="55431" /><F99/><UN n3="%E3%81%AF%E3%82%88%E3%81%8A%E3%81%98%E3%81%95%E3%82%93" /><W65/><G80/><T26/><D26/><U40/><E40/><V110/><F105/><W64/><G90/><T95/><D62/><U102/><E29/><N who="2" m="19495" /><F110/><W51/><G65/><T60/><D60/><U130/><E20/><V89/><F89/><W91/><G91/><T25/><D25/><U19/><E19/><V123/><F123/><W43/><G64/><T9/><D6/><U103/><E78/><V22/><F22/><N who="3" m="11527" /><G59/><T82/><D77/><U131/><E79/><V117/><F117/><W13/><G13/><T49/><D85/><U68/><E68/><V118/><F118/><W98/><G98/><T27/><D27/><U17/><E17/><V67/><F67/><W106/><G106/><T63/><D63/><U57/><E131/><V101/><F101/><N who="1" m="38409" /><E130/><V58/><F58/><W36/><G36/><T113/><D113/><U126/><E126/><V104/><F104/><W30/><G30/><N who="0" m="11307" /><D49/><N who="1" m="30863" /><E55/><AGARI ba="1,0" hai="1,3,43,44,48,51,55,56" m="11527,48202" machi="55" ten="30,7700,0" yaku="18,1,52,2,54,1" doraHai="35" who="3" fromWho="1" sc="186,0,214,-80,395,0,205,80" /><INIT seed="3,0,0,4,0,21" ten="186,134,395,285" oya="3" hai0="1,74,103,26,99,5,124,112,33,92,66,125,63" hai1="23,82,22,13,42,58,12,120,4,44,128,43,96" hai2="49,129,83,64,31,57,70,62,107,17,94,135,37" hai3="106,35,15,56,68,29,97,18,119,67,8,78,86"/><W123/><G123/><T84/><D74/><U47/><E128/><V25/><F37/><W81/><G119/><T80/><D112/><U61/><E120/><V104/><F129/><W55/><G68/><T16/><D5/><U6/><E58/><V52/><F135/><W114/><G114/><T54/><D1/><U113/><E113/><V95/><F17/><W10/><G67/><T134/><D54/><U14/><E61/><V93/><REACH who="2" step="1"/><F83/><REACH who="2" ten="186,134,385,285" step="2"/><W3/><G29/><T28/><D16/><U117/><E82/><V90/><F90/><W91/><G35/><AGARI ba="0,1" hai="25,31,35,49,52,57,62,64,70,93,94,95,104,107" machi="35" ten="40,5200,0" yaku="1,1,52,1,54,1,53,0" doraHai="21" doraHaiUra="9" who="2" fromWho="3" sc="186,0,134,0,385,62,285,-52" owari="186,-21.4,134,-36.6,447,54.7,233,3.3" /></mjloggm>