<mjloggm ver="2.3"><GO type="225" lobby="0"/><UN n0="%E6%98%93%E5%88%A9%E8%96%A9%E4%BC%AF" n1="%E5%8D%A0%E3%81%84%E5%B8%AB%E8%A3%8F%E3%81%AA%E3%81%84%E3%81%97" n2="%E3%81%BF%E3%81%BF%E3%81%9A" n3="%E4%BF%BA%E3%81%A8%E5%A6%96%E5%A4%A2" dan="17,17,18,16" rate="2201.65,2179.04,2252.45,2205.50" sx="F,M,M,F"/><TAIKYOKU oya="0"/><INIT seed="0,0,0,3,1,0" ten="250,250,250,250" oya="0" hai0="47,62,102,87,15,104,50,130,99,57,1,86,90" hai1="100,85,39,84,129,33,37,31,45,123,25,69,74" hai2="82,134,95,107,80,52,135,126,81,89,103,11,48" hai3="10,58,46,111,70,9,116,127,97,35,53,2,8"/><T112/><D1/><U118/><E118/><V27/><F126/><W119/><G70/><T98/><D130/><U28/><E123/><V36/><F36/><W71/><G71/><T120/><D120/><U43/><E129/><V117/><F117/><W18/><G127/><T38/><D38/><U64/><E74/><V122/><F122/><W106/><G111/><T96/><D87/><U44/><E100/><V113/><F113/><W51/><G35/><T78/><D78/><U56/><E69/><V93/><F27/><W109/><G109/><T61/><D112/><U67/><E56/><V14/><F107/><W124/><G124/><T133/><D133/><N who="2" m="50698" /><F103/><W7/><G119/><T105/><D15/><U77/><E77/><V91/><F95/><W54/><G116/><T49/><D49/><U92/><E92/><V63/><F63/><W26/><G97/><T131/><D62/><U76/><E76/><V73/><F93/><W101/><G101/><T121/><D105/><U94/><E94/><V17/><F73/><W32/><G106/><T40/><D121/><U29/><E29/><V30/><F30/><W16/><G32/><T23/><D23/><U65/><REACH who="1" step="1"/><E28/><REACH who="1" ten="250,240,250,250" step="2"/><V42/><F42/><AGARI ba="0,1" hai="25,31,33,37,39,42,43,44,45,64,65,67,84,85" machi="42" ten="40,8000,1" yaku="1,1,2,1,9,1,53,1" doraHai="0" doraHaiUra="22" who="1" fromWho="2" sc="250,0,240,90,250,-80,250,0" /><INIT seed="1,0,0,4,1,34" ten="250,330,170,250" oya="1" hai0="117,62,82,100,55,64,122,40,7,127,58,16,116" hai1="76,27,36,3,124,99,80,49,94,44,120,24,75" hai2="119,65,30,53,29,22,4,89,63,83,71,129,35" hai3="86,121,1,8,108,17,98,70,103,112,87,9,21"/><U85/><E120/><V67/><F119/><W10/><G121/><T84/><D122/><U39/><E124/><V93/><F129/><W26/><G112/><T131/><D131/><U102/><E36/><V12/><F35/><W88/><G108/><T90/><D127/><U19/><E39/><V54/><F83/><W2/><G70/><T52/><D40/><U118/><E118/><V101/><F101/><W31/><G31/><T113/><D113/><U6/><E19/><V60/><F4/><W56/><G56/><T123/><D123/><U37/><E37/><V57/><F12/><W25/><G25/><T69/><D7/><U126/><E126/><V47/><F22/><W110/><G110/><T5/><D5/><U14/><E75/><V135/><F135/><W11/><N who="3" m="2048" /><DORA hai="133" /><W45/><G45/><T132/><D132/><U59/><E59/><V13/><F13/><W106/><REACH who="3" step="1"/><G86/><REACH who="3" ten="250,330,170,240" step="2"/><T78/><D116/><U92/><E24/><V61/><F47/><W95/><AGARI ba="0,1" hai="1,2,17,21,26,87,88,95,98,103,106" m="2048" machi="95" ten="40,16000,3" yaku="1,1,2,1,0,1,52,2,54,1,53,2" doraHai="34,133" doraHaiUra="32,109" who="3" fromWho="3" sc="250,-40,330,-80,170,-40,240,170" /><INIT seed="2,0,0,3,1,121" ten="210,250,130,410" oya="2" hai0="116,50,123,89,120,104,115,62,30,13,45,36,48" hai1="109,133,110,107,19,88,8,12,52,83,44,40,34" hai2="57,23,100,126,94,81,11,103,4,101,35,119,65" hai3="135,2,129,85,7,24,61,42,112,91,77,96,127"/><V60/><F119/><W125/><G135/><T132/><D115/><U64/><E133/><V15/><F126/><W117/><G117/><T63/><D116/><U79/><E107/><V54/><F35/><W18/><G112/><T71/><D104/><U106/><E106/><V76/><F23/><W27/><G129/><T84/><D132/><U130/><E34/><V68/><F94/><W5/><G96/><T38/><D30/><U111/><E130/><V78/><REACH who="2" step="1"/><F81/><REACH who="2" ten="210,250,120,410" step="2"/><W75/><G125/><T69/><D120/><U17/><E64/><V98/><F98/><W33/><G127/><T118/><D123/><U41/><E17/><V74/><F74/><W3/><G75/><T0/><D118/><U73/><E88/><V102/><N who="2" m="25600" /><DORA hai="26" /><V10/><F10/><W6/><G91/><T51/><D89/><U49/><AGARI ba="0,1" hai="8,12,19,40,41,44,49,52,73,79,83,109,110,111" machi="49" ten="40,12000,2" yaku="0,1,14,1,52,3,54,1" doraHai="121,26" who="1" fromWho="1" sc="210,-30,250,130,120,-60,410,-30" /><INIT seed="3,0,0,0,1,65" ten="180,380,60,380" oya="3" hai0="4,110,38,75,102,59,106,133,123,63,74,61,7" hai1="52,79,108,0,127,111,82,76,117,101,15,56,95" hai2="71,62,1,70,80,28,114,81,72,12,126,113,99" hai3="41,37,58,24,122,92,134,67,40,21,3,26,17"/><W112/><G122/><T77/><D123/><U35/><E0/><V85/><F1/><W19/><G112/><T6/><D38/><U132/><E132/><V68/><F28/><W124/><G134/><T105/><D110/><N who="1" m="42027" /><E127/><V13/><F126/><W83/><G124/><T20/><D20/><U116/><E35/><V57/><F99/><W64/><G3/><T78/><D59/><U90/><E101/><V29/><F29/><W103/><G37/><T119/><D119/><N who="1" m="45643" /><E82/><V89/><F72/><W121/><G121/><T36/><D36/><U118/><E15/><V96/><F96/><N who="3" m="59783" /><G83/><T18/><D18/><N who="3" m="6665" /><G58/><T23/><D23/><U60/><E118/><V9/><F81/><W51/><G21/><T91/><D91/><U27/><E27/><N who="3" m="10282" /><G40/><T128/><D63/><U2/><E2/><V135/><F135/><W131/><G131/><T100/><D7/><U39/><E39/><V42/><F42/><W97/><G97/><AGARI ba="0,0" hai="52,56,60,76,79,90,95,97" m="45643,42027" machi="97" ten="30,3900,0" yaku="14,1,12,1,54,1" doraHai="65" who="1" fromWho="3" sc="180,0,380,39,60,0,380,-39" owari="180,-22.0,419,51.9,60,-44.0,341,14.1" /></mjloggm>