<mjloggm ver="2.3"><GO type="225" lobby="0"/><UN n0="%E5%A4%8F%E9%88%B4%E9%88%B4%E5%A4%8F" n1="%E9%A6%AC%E5%BC%95%E7%81%AB%33" n2="%E7%9A%AE%E3%80%85" n3="%E7%99%BD%E5%80%89%E5%AF%9B%E4%B9%8B" dan="16,16,16,16" rate="2082.70,2101.77,2180.68,2182.95" sx="F,M,M,M"/><TAIKYOKU oya="0"/><INIT seed="0,0,0,2,2,83" ten="250,250,250,250" oya="0" hai0="92,67,69,23,90,72,42,36,82,135,126,29,51" hai1="22,45,38,76,20,60,116,104,59,2,66,0,4" hai2="114,30,107,81,100,74,121,1,133,47,34,16,70" hai3="87,125,131,11,101,32,119,84,18,105,61,77,43"/><T120/><D120/><U56/><E116/><V27/><F121/><W21/><G32/><T71/><D135/><U89/><E104/><V129/><F114/><W96/><G119/><T10/><D126/><U122/><E122/><V117/><F117/><W14/><G125/><T124/><D124/><U58/><E76/><V108/><F133/><W64/><G131/><T5/><D36/><U48/><E38/><V15/><F129/><W6/><G43/><T28/><D51/><U75/><E75/><V55/><F108/><W12/><REACH who="3" step="1"/><G77/><REACH who="3" ten="250,250,250,240" step="2"/><T24/><D42/><U62/><E2/><V39/><F1/><W33/><G33/><T132/><D132/><U99/><E0/><V52/><F34/><W65/><G65/><T98/><D67/><U79/><E79/><V110/><F110/><W25/><G25/><T44/><D72/><U53/><E66/><V94/><F27/><W63/><G63/><T115/><D115/><U88/><E62/><V103/><F74/><W93/><G93/><T91/><D29/><U19/><E60/><V3/><F30/><W41/><G41/><T54/><D54/><U112/><E112/><V57/><F52/><W86/><G86/><T78/><D78/><U35/><E35/><V50/><F55/><W111/><G111/><T97/><D97/><U40/><E40/><V26/><F26/><W123/><G123/><T31/><D28/><U102/><E99/><V8/><F3/><W128/><G128/><T109/><D109/><U68/><E53/><V37/><F94/><W134/><G134/><T130/><D130/><U9/><E45/><RYUUKYOKU ba="0,1" sc="250,-10,250,-10,250,-10,240,30" hai3="6,11,12,14,18,21,61,64,84,87,96,101,105" /><INIT seed="1,1,1,3,1,39" ten="240,240,240,270" oya="1" hai0="133,98,53,64,74,16,114,52,73,10,93,134,55" hai1="11,75,1,131,48,35,40,51,112,111,20,57,108" hai2="29,58,41,97,14,89,122,9,3,32,30,24,21" hai3="15,25,109,69,63,129,85,59,22,79,125,65,92"/><U94/><E112/><V103/><F122/><W0/><G0/><T113/><D64/><U5/><E35/><V54/><F89/><W84/><G125/><T132/><D74/><U56/><E131/><V71/><F71/><W60/><G129/><T12/><REACH who="0" step="1"/><D73/><REACH who="0" ten="230,240,240,270" step="2"/><U44/><E75/><V119/><F119/><W23/><G65/><T106/><D106/><U28/><E94/><V50/><F3/><W43/><G92/><T7/><D7/><U37/><E37/><V130/><F130/><W115/><G115/><T100/><AGARI ba="1,2" hai="10,12,16,52,53,55,93,98,100,113,114,132,133,134" machi="100" ten="40,8000,1" yaku="1,1,0,1,20,1,54,2,53,0" doraHai="39" doraHaiUra="118" who="0" fromWho="0" sc="230,103,240,-41,240,-21,270,-21" /><INIT seed="2,0,0,1,1,77" ten="333,199,219,249" oya="2" hai0="110,61,94,89,86,40,18,91,93,11,98,125,128" hai1="24,48,49,27,75,82,96,22,54,124,45,35,65" hai2="36,121,129,1,6,26,46,135,10,72,44,47,12" hai3="56,85,120,107,132,134,63,99,113,130,70,71,102"/><V20/><F121/><W133/><G113/><T67/><D110/><U97/><E124/><V29/><F135/><W4/><G120/><T50/><D125/><U57/><E65/><V51/><F129/><W88/><G4/><T100/><D128/><U3/><E3/><V104/><F104/><W53/><REACH who="3" step="1"/><G130/><REACH who="3" ten="333,199,219,239" step="2"/><T101/><D18/><U79/><E35/><V78/><F6/><W39/><G39/><T76/><D76/><U126/><E126/><V90/><F36/><W66/><G66/><T34/><D34/><U42/><REACH who="1" step="1"/><E27/><REACH who="1" ten="333,189,219,239" step="2"/><V106/><F26/><W41/><G41/><T74/><D40/><U43/><E43/><V95/><F1/><W131/><G131/><T31/><D67/><U21/><E21/><V112/><F20/><W8/><G8/><T19/><D11/><U108/><E108/><V38/><F10/><W115/><G115/><T33/><D33/><U25/><E25/><V55/><F112/><W83/><AGARI ba="0,2" hai="53,56,63,70,71,83,85,88,99,102,107,132,133,134" machi="83" ten="30,8000,1" yaku="1,1,0,1,20,1,52,1,54,1,53,0" doraHai="77" doraHaiUra="9" who="3" fromWho="3" sc="333,-20,189,-20,219,-40,239,100" /><INIT seed="3,0,0,5,1,4" ten="313,169,179,339" oya="3" hai0="19,88,128,34,135,29,76,22,114,122,106,94,127" hai1="37,46,21,50,26,25,58,86,44,97,3,33,117" hai2="83,17,74,56,75,87,47,18,30,27,31,132,70" hai3="104,36,39,105,116,103,96,126,32,108,7,48,1"/><W57/><G57/><T20/><D122/><U92/><E3/><V99/><F70/><W5/><G48/><T68/><D106/><U129/><E129/><V100/><F132/><W28/><G7/><T130/><D68/><U54/><E117/><V107/><F31/><W45/><G116/><T131/><D127/><U84/><E33/><V72/><F47/><N who="1" m="17961" /><E37/><N who="3" m="14410" /><G45/><T125/><D125/><U67/><E67/><V10/><F56/><W91/><G91/><T42/><D135/><U81/><E81/><V98/><F98/><W93/><G93/><T61/><D114/><U79/><E79/><V13/><F18/><W101/><G126/><T16/><D42/><U110/><E110/><V133/><F133/><W35/><G28/><T113/><D76/><U111/><E111/><V49/><F49/><W62/><G62/><T53/><D131/><U40/><E40/><V120/><F120/><W14/><G14/><N who="0" m="9239" /><D113/><U66/><E66/><V102/><F102/><W123/><G108/><T71/><D29/><N who="1" m="17583" /><E26/><V9/><F9/><N who="3" m="2223" /><G123/><T80/><D80/><U90/><AGARI ba="0,0" hai="50,54,58,84,86,90,92,97" m="17583,17961" machi="90" ten="30,1100,0" yaku="8,1" doraHai="4" who="1" fromWho="1" sc="313,-3,169,11,179,-3,339,-5" owari="310,11.0,180,-22.0,176,-32.4,334,43.4" /></mjloggm>