<mjloggm ver="2.3"><GO type="225" lobby="0"/><UN n0="%E9%A6%AC%E5%BC%95%E7%81%AB%33" n1="%E3%81%BE%E3%81%A8%E3%81%9F" n2="%E3%81%A4%E3%81%A3%E3%81%B1%E3%82%8A%E3%83%9D%E3%83%BC%E3%83%AB" n3="%E3%83%B4%E3%83%A0%EF%BC%99%E3%81%A6" dan="16,16,17,17" rate="2121.95,2087.36,2151.89,2132.02" sx="M,M,M,M"/><TAIKYOKU oya="0"/><INIT seed="0,0,0,2,0,104" ten="250,250,250,250" oya="0" hai0="6,123,55,74,115,110,47,116,22,84,8,99,27" hai1="14,25,105,66,112,90,43,78,125,114,117,81,97" hai2="15,11,24,48,60,69,12,31,126,3,108,94,32" hai3="131,130,52,40,58,73,120,61,80,127,79,87,59"/><T10/><D116/><U83/><E66/><V29/><F108/><W128/><G127/><T34/><D115/><N who="1" m="44075" /><E14/><V42/><F126/><W64/><G120/><T38/><D123/><U53/><E53/><V13/><F31/><W101/><G101/><T28/><D110/><U65/><E65/><V45/><F94/><W23/><G40/><T98/><D74/><N who="1" m="43223" /><E25/><V51/><F69/><W63/><G23/><T85/><D34/><U2/><E43/><V26/><F26/><W67/><G67/><T135/><D135/><U95/><E2/><V103/><F103/><W82/><G82/><T106/><D106/><U46/><E46/><V5/><REACH who="2" step="1"/><F60/><REACH who="2" ten="250,250,240,250" step="2"/><W17/><G17/><T118/><D27/><U75/><E125/><V18/><F18/><W124/><G124/><T56/><D28/><U92/><E92/><V96/><F96/><W133/><G133/><T0/><D99/><U72/><E117/><V30/><F30/><W41/><REACH who="3" step="1"/><G41/><REACH who="3" ten="250,250,240,240" step="2"/><T9/><D118/><U44/><E105/><V121/><F121/><W77/><G77/><T1/><D98/><U113/><E113/><V107/><F107/><W71/><G71/><T70/><D70/><U36/><E97/><V93/><F93/><W102/><G102/><T20/><D6/><U76/><E76/><V109/><F109/><W122/><G122/><T21/><D85/><AGARI ba="0,2" hai="52,58,59,61,63,64,73,79,80,85,87,128,130,131" machi="85" ten="40,8000,1" yaku="1,1,19,1,52,1,54,1,53,0" doraHai="104" doraHaiUra="86" who="3" fromWho="0" sc="250,-80,250,0,240,0,240,100" /><INIT seed="1,0,0,0,4,128" ten="170,250,240,340" oya="1" hai0="45,20,29,63,93,24,125,5,105,124,77,26,1" hai1="134,42,19,14,64,23,118,88,17,46,60,48,38" hai2="21,89,104,133,15,72,28,49,81,53,66,131,91" hai3="40,31,80,51,43,92,56,84,65,0,98,108,119"/><U75/><E118/><V22/><F104/><W109/><G0/><T127/><D105/><U76/><E134/><V67/><F131/><W69/><G119/><T122/><D77/><U129/><E129/><V25/><F133/><W9/><G69/><T106/><D106/><U94/><E76/><V12/><F72/><W135/><G9/><T44/><D122/><U121/><E75/><V34/><F34/><W86/><G31/><T32/><D63/><U102/><E102/><V95/><F81/><W54/><G65/><N who="2" m="24585" /><F22/><W123/><G123/><T107/><D107/><U2/><E2/><V58/><F91/><N who="3" m="51591" /><G86/><AGARI ba="0,0" hai="12,15,21,25,28,49,53,58,86,89,95" m="24585" machi="86" ten="30,1000,0" yaku="8,1" doraHai="128" who="2" fromWho="3" sc="170,0,250,0,240,10,340,-10" /><INIT seed="2,0,0,0,0,89" ten="170,250,250,330" oya="2" hai0="83,67,110,80,100,82,52,116,28,56,104,40,77" hai1="25,35,43,71,14,62,76,103,0,127,106,20,70" hai2="46,107,3,2,13,4,41,16,95,90,21,11,98" hai3="72,8,37,115,120,73,31,27,86,59,74,50,75"/><V15/><REACH who="2" step="1"/><F107/><REACH who="2" ten="170,250,240,330" step="2"/><W108/><G120/><T93/><D104/><U32/><E106/><V9/><F9/><W131/><G8/><T85/><D116/><U111/><E35/><V36/><AGARI ba="0,1" hai="2,3,4,11,13,15,16,21,36,41,46,90,95,98" machi="36" ten="20,18000,2" yaku="21,2,0,1,7,1,52,1,54,1,53,1" doraHai="89" doraHaiUra="5" who="2" fromWho="2" sc="170,-60,250,-60,240,190,330,-60" /><INIT seed="2,1,0,0,2,4" ten="110,190,430,270" oya="2" hai0="48,46,1,53,117,22,30,39,42,51,112,98,61" hai1="65,59,9,111,33,15,12,127,106,63,133,70,107" hai2="74,96,103,84,25,92,99,2,27,80,108,36,38" hai3="126,120,123,57,58,131,20,89,5,82,135,116,94"/><V130/><F130/><W64/><G116/><T97/><D112/><U13/><E111/><V95/><F108/><W56/><G131/><T118/><D1/><U18/><E33/><V7/><F74/><W85/><G126/><T114/><D114/><U109/><E109/><V110/><F110/><W81/><G135/><T47/><D61/><U75/><E75/><V19/><F2/><W14/><G64/><T122/><D122/><U24/><E133/><V60/><F7/><W16/><G123/><T119/><REACH who="0" step="1"/><D39/><REACH who="0" ten="100,190,430,270" step="2"/><U66/><E127/><V87/><F60/><W55/><G120/><T23/><D23/><U134/><E63/><V32/><F32/><W72/><G72/><T102/><D102/><U83/><E134/><V31/><F103/><W91/><G5/><T29/><D29/><U71/><E70/><V35/><F31/><W10/><G20/><T76/><D76/><U132/><E71/><V21/><F21/><W37/><G37/><T68/><D68/><U129/><E132/><V8/><F35/><W0/><G0/><T17/><D17/><U101/><E18/><V90/><F19/><W34/><G34/><T105/><D105/><U115/><E106/><V26/><F38/><W62/><G81/><T69/><D69/><U52/><E115/><V45/><F80/><W128/><G128/><T73/><D73/><U40/><E129/><V124/><F124/><W67/><G67/><T93/><D93/><U6/><E66/><V50/><F36/><W121/><G121/><T54/><D54/><U113/><E65/><V77/><F95/><W104/><G104/><RYUUKYOKU ba="1,1" sc="100,15,190,-15,430,-15,270,15" hai0="22,30,42,46,47,48,51,53,97,98,117,118,119" hai3="10,14,16,55,56,57,58,62,82,85,89,91,94" /><INIT seed="3,2,1,5,0,6" ten="115,175,415,285" oya="3" hai0="50,28,76,60,16,55,68,101,25,72,100,37,2" hai1="36,24,80,45,10,1,42,66,86,19,3,135,38" hai2="125,106,65,122,98,77,46,81,7,34,131,40,132" hai3="105,97,35,67,95,53,88,8,20,74,4,110,94"/><W133/><G35/><T43/><D2/><U51/><E135/><V9/><F34/><W11/><G74/><T85/><D72/><U134/><E134/><V84/><F132/><W96/><G133/><T27/><D37/><U14/><E38/><V108/><F131/><W63/><G105/><T91/><D76/><U116/><E116/><V30/><F125/><W62/><G110/><T82/><D43/><U64/><E1/><V5/><F30/><W57/><G4/><T29/><D29/><U87/><E3/><V111/><F65/><W22/><G22/><T44/><D60/><U118/><E36/><N who="2" m="21767" /><F9/><W126/><G20/><T109/><D68/><U41/><E41/><V89/><F122/><W130/><G130/><T78/><D78/><U104/><E104/><V13/><F13/><W124/><G124/><T32/><REACH who="0" step="1"/><D109/><REACH who="0" ten="105,175,415,285" step="2"/><N who="2" m="42058" /><F106/><W73/><G73/><T83/><D83/><U112/><E80/><N who="2" m="49287" /><F98/><W26/><G126/><T90/><D90/><U120/><E118/><V103/><F103/><N who="3" m="60823" /><G26/><T21/><AGARI ba="2,2" hai="16,21,25,27,28,32,44,50,55,82,85,91,100,101" machi="21" ten="30,4000,0" yaku="1,1,0,1,54,1,53,0" doraHai="6" doraHaiUra="54" who="0" fromWho="0" sc="105,66,175,-12,415,-12,285,-22" owari="171,-22.9,163,-33.7,403,50.3,263,6.3" /></mjloggm>