<mjloggm ver="2.3"><GO type="225" lobby="0"/><UN n0="%E3%81%A4%E3%81%A3%E3%81%B1%E3%82%8A%E3%83%9D%E3%83%BC%E3%83%AB" n1="%E3%83%96%E3%83%83%E3%83%91%E3%82%AA%E3%83%96%E3%83%81%E3%82%AD%E3%83%B3" n2="%E3%81%8F%E3%82%8A%E3%83%94%E3%83%BC" n3="%E5%82%8D%E8%8B%A5%E7%84%A1%E4%BA%BA%35%31" dan="17,16,16,16" rate="2274.88,2114.28,2099.95,2148.44" sx="M,M,M,M"/><TAIKYOKU oya="0"/><INIT seed="0,0,0,3,3,92" ten="250,250,250,250" oya="0" hai0="22,130,121,98,74,101,16,105,90,10,48,51,4" hai1="133,127,113,29,93,25,87,26,15,18,23,134,40" hai2="43,132,85,129,69,135,14,80,96,124,72,62,12" hai3="5,118,30,77,97,104,45,63,131,110,126,59,0"/><T79/><D121/><U8/><E40/><V65/><F72/><W103/><G110/><T33/><D33/><U2/><E87/><V17/><F129/><W61/><G131/><T119/><D119/><U66/><E66/><V58/><F124/><W76/><G126/><T21/><D130/><U75/><E75/><V70/><F43/><W41/><G118/><T31/><D90/><U88/><E127/><V7/><F7/><W32/><G63/><T94/><D105/><U46/><E46/><V39/><F39/><W111/><G111/><T64/><D64/><U106/><E106/><V123/><F123/><W54/><G0/><T60/><D60/><U24/><E113/><V112/><F112/><W67/><G5/><T49/><D31/><U38/><E38/><V11/><F12/><W44/><G44/><T99/><D99/><N who="1" m="57767" /><E2/><V55/><F96/><W19/><G19/><T116/><D116/><U57/><E57/><V36/><F36/><W89/><G89/><T68/><D68/><U53/><E53/><V13/><F14/><W115/><G115/><T109/><D109/><U108/><E108/><V1/><F1/><W9/><G9/><T95/><D95/><U37/><E37/><V91/><REACH who="2" step="1"/><F70/><REACH who="2" ten="250,250,240,250" step="2"/><N who="3" m="42351" /><G41/><T3/><D74/><U122/><E122/><V117/><F117/><W71/><G71/><T6/><D3/><U27/><E134/><V50/><AGARI ba="0,1" hai="11,13,17,50,55,58,62,65,69,80,85,91,132,135" machi="50" ten="30,2000,0" yaku="1,1,0,1,53,0" doraHai="92" doraHaiUra="114" who="2" fromWho="2" sc="250,-10,250,-5,240,30,250,-5" /><INIT seed="1,0,0,2,3,132" ten="240,245,270,245" oya="1" hai0="73,58,47,115,95,102,99,55,80,119,60,49,19" hai1="22,128,3,12,96,57,109,32,61,112,104,13,124" hai2="34,35,68,1,120,44,51,85,81,87,134,121,77" hai3="54,94,63,84,5,101,129,118,130,28,20,133,37"/><U67/><E112/><V33/><F134/><W25/><G133/><T88/><D115/><U110/><E32/><V72/><F68/><W18/><G37/><T56/><D119/><U82/><E3/><V89/><F1/><W21/><G118/><T79/><D19/><U7/><E128/><N who="3" m="49258" /><G5/><T17/><D17/><U4/><E82/><V45/><F45/><W26/><G63/><T50/><D50/><U23/><E104/><V74/><F74/><W90/><G54/><T62/><D62/><U40/><E96/><V103/><F103/><AGARI ba="0,0" hai="18,20,21,25,26,28,84,90,94,101,103" m="49258" machi="103" ten="30,1000,0" yaku="19,1" doraHai="132" who="3" fromWho="2" sc="240,0,245,0,270,-10,245,10" /><INIT seed="2,0,0,1,1,27" ten="240,245,260,255" oya="2" hai0="39,32,113,52,2,48,120,74,115,16,72,84,68" hai1="83,121,108,73,7,12,31,11,124,62,58,95,76" hai2="100,97,118,4,82,92,35,70,89,106,21,81,103" hai3="104,117,99,17,77,79,44,59,135,0,109,128,101"/><V75/><F35/><W87/><G109/><T98/><D120/><U38/><E108/><V50/><F70/><W47/><G128/><T88/><D39/><U112/><E121/><V102/><F4/><W132/><G117/><T1/><D68/><U91/><E124/><V36/><F36/><W30/><G0/><T26/><D98/><U22/><E38/><V131/><F118/><W130/><G130/><T18/><D32/><U43/><E112/><V20/><F131/><W134/><G17/><T33/><D33/><U55/><E43/><V9/><F9/><W67/><G30/><T42/><D42/><U23/><REACH who="1" step="1"/><E31/><REACH who="1" ten="240,235,260,255" step="2"/><V80/><F106/><W111/><G111/><T107/><D107/><U96/><AGARI ba="0,1" hai="7,11,12,22,23,55,58,62,73,76,83,91,95,96" machi="96" ten="20,8000,1" yaku="1,1,2,1,0,1,7,1,53,1" doraHai="27" doraHaiUra="78" who="1" fromWho="1" sc="240,-20,235,90,260,-40,255,-20" /><INIT seed="3,0,0,0,4,119" ten="220,325,220,235" oya="3" hai0="28,65,94,41,72,49,18,96,38,48,2,114,113" hai1="132,101,71,31,115,103,47,74,40,83,6,120,106" hai2="60,107,16,133,64,29,76,10,95,43,20,11,80" hai3="53,63,130,23,24,44,3,128,9,50,7,15,102"/><W88/><G102/><N who="0" m="60695" /><D72/><U126/><E120/><V52/><F107/><W121/><G121/><T125/><D125/><U117/><E115/><N who="0" m="44041" /><D2/><U1/><E132/><V66/><F133/><W93/><G63/><T85/><D28/><U70/><E126/><V67/><F29/><W61/><G61/><T68/><D68/><N who="1" m="26155" /><E31/><V98/><F43/><W110/><G110/><T118/><D65/><N who="2" m="16642" /><V37/><DORA hai="0" /><F37/><W26/><G3/><T21/><D118/><U39/><E106/><V99/><F80/><W19/><REACH who="3" step="1"/><G24/><REACH who="3" ten="220,325,220,225" step="2"/><N who="0" m="14391" /><D85/><AGARI ba="0,1" hai="7,9,15,19,23,26,44,50,53,85,88,93,128,130" machi="85" ten="40,12000,1" yaku="1,1,52,1,54,1,53,1" doraHai="119,0" doraHaiUra="57,4" who="3" fromWho="0" sc="220,-120,325,0,220,0,225,130" owari="100,-40.0,325,12.5,220,-18.0,355,45.5" /></mjloggm>