<mjloggm ver="2.3"><GO type="225" lobby="0"/><UN n0="%E3%81%90%E3%81%A1%E3%82%84%E3%81%BE" n1="%E3%81%BF%E3%81%BF%E3%81%9A" n2="%E9%B3%B3%E6%9D%B1%E3%81%AE%E3%81%BF%E3%81%91%E3%81%AB%E3%82%83%E3%82%93" n3="%4B%2E%32%2E%4B%2E" dan="16,18,17,17" rate="2134.43,2228.87,2188.98,2182.33" sx="M,M,F,M"/><TAIKYOKU oya="0"/><INIT seed="0,0,0,1,1,88" ten="250,250,250,250" oya="0" hai0="97,45,22,122,56,64,5,86,133,62,29,67,80" hai1="104,78,63,135,48,70,50,101,17,13,110,61,6" hai2="2,114,119,124,105,108,117,107,98,14,36,10,113" hai3="132,42,28,116,82,23,39,1,32,69,20,0,129"/><T35/><D122/><U90/><E78/><V125/><F2/><W134/><G69/><T18/><D133/><N who="3" m="51305" /><G82/><T126/><D126/><N who="2" m="48746" /><F36/><W95/><G116/><N who="2" m="44617" /><F108/><W96/><G32/><T37/><D5/><U120/><E110/><V94/><F14/><W3/><G28/><T118/><D118/><U26/><E120/><V16/><F16/><W21/><G129/><T47/><D37/><U93/><E6/><V68/><F10/><W46/><G0/><T55/><D35/><U74/><E26/><V11/><F11/><W40/><G42/><T15/><D29/><U52/><E74/><V27/><F27/><W7/><G7/><T131/><D131/><U4/><E4/><V106/><F68/><W8/><G8/><T99/><D64/><U51/><E135/><V81/><F81/><W24/><G24/><T60/><D47/><U100/><E70/><V130/><F130/><W58/><G58/><N who="0" m="37271" /><D45/><U87/><E104/><N who="2" m="26627" /><V44/><DORA hai="111" /><F44/><W25/><G25/><T9/><D9/><N who="1" m="6319" /><E52/><V112/><F112/><W54/><G54/><T102/><D22/><N who="3" m="5633" /><W43/><DORA hai="79" /><G40/><T65/><D18/><U127/><E127/><V75/><F75/><W128/><G128/><T34/><D34/><U49/><N who="1" m="12288" /><DORA hai="123" /><U59/><E59/><V89/><AGARI ba="0,0" hai="89,94,98,113,114" m="26627,44617,48746" machi="89" ten="50,12000,2" yaku="18,1,12,1,34,2,52,3" doraHai="88,111,79,123" who="2" fromWho="2" sc="250,-60,250,-30,250,120,250,-30" /><INIT seed="1,0,0,1,2,14" ten="190,220,370,220" oya="1" hai0="32,95,113,103,4,19,76,116,97,77,26,33,40" hai1="86,53,54,104,43,28,124,45,88,11,66,62,114" hai2="89,123,46,82,117,81,2,17,41,31,55,135,99" hai3="60,6,111,106,90,13,80,94,67,65,91,12,83"/><U47/><E114/><V50/><F117/><W110/><G106/><T7/><D116/><U63/><E104/><V37/><F123/><W134/><G134/><T0/><D113/><U101/><E101/><V119/><F119/><W9/><G13/><T126/><D126/><U128/><E124/><V18/><F2/><W23/><G67/><T93/><D40/><U44/><E128/><V79/><F135/><W73/><G23/><T122/><D122/><U30/><E43/><V5/><F5/><W27/><G27/><T107/><D107/><U29/><E11/><V35/><F35/><W109/><G73/><T118/><D118/><U74/><E74/><V98/><F31/><W42/><G42/><T72/><D72/><U130/><E130/><V131/><F131/><W133/><G133/><T120/><D120/><U115/><E115/><V57/><F98/><W10/><G10/><T21/><D95/><U52/><E66/><V92/><F82/><AGARI ba="0,0" hai="28,29,30,44,45,47,52,53,54,62,63,82,86,88" machi="82" ten="50,12000,1" yaku="29,2,8,1,54,2" doraHai="14" who="1" fromWho="2" sc="190,0,220,120,370,-120,220,0" /><INIT seed="1,1,0,4,2,96" ten="190,340,250,220" oya="1" hai0="107,99,55,89,8,80,29,1,62,81,129,68,63" hai1="71,115,42,38,97,118,126,101,31,134,45,91,44" hai2="48,77,74,102,49,24,67,83,72,51,86,5,88" hai3="114,73,75,52,92,54,23,50,109,25,106,123,34"/><U37/><E115/><V85/><F5/><W124/><G114/><T127/><D127/><U33/><E118/><V12/><F12/><W131/><G123/><T17/><D129/><U120/><E120/><V117/><F117/><W93/><G106/><T30/><D68/><U65/><E126/><V58/><F24/><W57/><G124/><T19/><D1/><U79/><E79/><V3/><F3/><W46/><G109/><T121/><D121/><U26/><E134/><V47/><F47/><W128/><G34/><T133/><D99/><U15/><E91/><V21/><F21/><W76/><G93/><T103/><D89/><U113/><E15/><V53/><F67/><W61/><G92/><T14/><D14/><U35/><E35/><V28/><F28/><W135/><G135/><T100/><D55/><U32/><E32/><V87/><F72/><W2/><G2/><T0/><D0/><U98/><E113/><V132/><F132/><W16/><REACH who="3" step="1"/><G75/><REACH who="3" ten="190,340,250,210" step="2"/><T104/><REACH who="0" step="1"/><D133/><REACH who="0" ten="180,340,250,210" step="2"/><U9/><E98/><V116/><F116/><W40/><G40/><T7/><D7/><U119/><E97/><V90/><REACH who="2" step="1"/><F102/><REACH who="2" ten="180,340,240,210" step="2"/><W82/><AGARI ba="1,3" hai="16,23,25,46,50,52,54,57,61,73,76,82,128,131" machi="82" ten="30,7900,0" yaku="1,1,0,1,54,2,53,0" doraHai="96" doraHaiUra="66" who="3" fromWho="3" sc="180,-21,340,-40,240,-21,210,112" /><INIT seed="2,0,0,0,0,52" ten="159,300,219,322" oya="2" hai0="0,13,34,100,113,118,121,73,37,81,61,135,4" hai1="111,48,75,63,45,42,32,19,17,55,66,27,26" hai2="64,58,129,90,99,54,115,98,96,133,103,23,40" hai3="67,30,76,25,3,123,86,85,31,91,60,124,122"/><V101/><F115/><W21/><G3/><T62/><D100/><N who="2" m="38474" /><F133/><W108/><G108/><T6/><D81/><U120/><E111/><V79/><F129/><W87/><G124/><T126/><D73/><U69/><E120/><V9/><F79/><W71/><G76/><T114/><D62/><U80/><E80/><V20/><F40/><W56/><G91/><T50/><D50/><U18/><E75/><V51/><F9/><W16/><REACH who="3" step="1"/><G71/><REACH who="3" ten="159,300,219,312" step="2"/><T38/><D0/><U112/><E112/><V11/><F90/><W49/><G49/><T125/><D114/><U119/><E119/><V57/><F11/><W12/><G12/><T70/><D13/><U46/><REACH who="1" step="1"/><E32/><REACH who="1" ten="159,290,219,312" step="2"/><V29/><F29/><AGARI ba="0,2" hai="16,21,25,29,30,31,56,60,67,85,86,87,122,123" machi="29" ten="40,5200,0" yaku="1,1,52,1,54,1,53,0" doraHai="52" doraHaiUra="95" who="3" fromWho="2" sc="159,0,290,0,219,-52,312,72" /><INIT seed="3,0,0,4,0,110" ten="159,290,167,384" oya="3" hai0="43,86,56,17,22,23,14,11,2,125,21,68,101" hai1="95,50,67,114,54,0,79,90,124,100,59,131,1" hai2="39,82,85,92,73,30,34,52,71,69,53,32,46" hai3="88,84,128,83,115,129,16,96,113,70,94,123,87"/><W134/><G70/><T75/><D68/><U60/><E79/><V104/><F104/><W6/><G123/><T112/><D75/><U108/><E100/><V10/><F92/><N who="3" m="54279" /><G6/><T111/><D2/><U57/><E108/><V27/><F85/><W49/><G49/><T99/><D111/><U13/><E131/><N who="3" m="50250" /><G134/><T72/><D72/><U44/><E124/><V81/><F73/><W58/><G58/><T51/><D125/><U4/><E13/><V121/><F27/><W40/><G40/><T93/><D112/><U3/><E4/><V106/><F46/><W102/><G16/><T97/><D43/><U120/><E120/><V80/><F39/><W9/><G9/><T29/><D29/><U35/><E35/><V36/><F10/><W25/><G25/><T107/><D86/><U109/><E109/><V98/><F36/><W127/><G127/><T37/><D37/><U77/><E44/><V64/><F121/><W8/><G8/><T116/><D116/><U41/><E41/><V19/><F19/><W38/><G38/><T18/><D18/><U31/><E31/><V65/><F30/><W119/><G119/><T55/><D11/><U133/><E133/><V7/><F71/><W130/><G130/><T24/><D24/><U89/><E0/><V105/><F69/><W45/><G45/><T122/><D122/><U48/><E1/><V12/><F7/><W117/><G117/><T135/><D135/><U126/><E3/><V5/><F5/><W47/><G47/><T26/><D26/><U78/><E126/><V42/><F42/><W74/><G74/><RYUUKYOKU ba="0,0" sc="159,15,290,-15,167,-15,384,15" hai0="14,17,21,22,23,51,55,56,93,97,99,101,107" hai3="83,87,94,96,102,113,115" owari="174,-22.6,275,7.5,152,-34.8,399,49.9" /></mjloggm>