<mjloggm ver="2.3"><GO type="225" lobby="0"/><UN n0="%E3%83%A9%E3%83%BC%E3%83%A1%E3%83%B3%E4%BA%94%E9%83%8E" n1="%E8%91%B1%E9%96%93%E8%91%B1%E6%8A%9C" n2="%E6%9C%88%E5%B3%B6%E5%9F%BA" n3="%E3%83%96%E3%83%83%E3%83%91%E3%82%AA%E3%83%96%E3%83%81%E3%82%AD%E3%83%B3" dan="16,16,17,16" rate="2091.96,2099.63,2210.33,2233.81" sx="M,F,M,M"/><TAIKYOKU oya="0"/><INIT seed="0,0,0,1,3,108" ten="250,250,250,250" oya="0" hai0="98,88,55,107,74,29,78,125,130,118,77,50,102" hai1="36,91,17,40,72,1,20,56,22,128,95,68,28" hai2="85,66,97,101,7,121,37,31,39,51,104,2,126" hai3="112,113,132,86,73,42,6,110,26,106,103,41,122"/><T93/><D118/><U14/><E68/><V10/><F121/><W134/><G73/><T64/><D125/><U111/><E1/><V100/><F126/><W69/><G69/><T3/><D130/><U34/><E128/><V43/><F66/><W30/><G6/><T80/><D3/><U114/><E111/><V21/><F100/><W70/><G70/><T54/><D64/><U84/><E72/><V48/><F85/><W90/><G110/><T65/><D65/><U27/><E114/><N who="3" m="44138" /><G122/><T44/><D78/><U87/><E36/><V76/><F76/><W8/><G8/><T62/><D29/><U4/><E40/><V92/><F104/><W16/><G16/><T124/><D124/><U82/><E4/><V120/><F43/><W79/><G79/><T25/><D25/><U131/><E131/><V105/><F105/><W89/><G89/><T96/><REACH who="0" step="1"/><D62/><REACH who="0" ten="240,250,250,250" step="2"/><U45/><E34/><V61/><F61/><W75/><G26/><T71/><D71/><U117/><E117/><V38/><F120/><W127/><G30/><T109/><D109/><U81/><E28/><V116/><F116/><W15/><G127/><T11/><D11/><U53/><E27/><V135/><F31/><W57/><G15/><T52/><AGARI ba="0,1" hai="44,50,52,54,55,74,77,80,88,93,96,98,102,107" machi="52" ten="20,18000,2" yaku="1,1,0,1,7,1,54,2,53,1" doraHai="108" doraHaiUra="99" who="0" fromWho="0" sc="240,190,250,-60,250,-60,250,-60" /><INIT seed="0,1,0,2,0,55" ten="430,190,190,190" oya="0" hai0="113,72,46,51,65,95,79,119,23,89,21,78,31" hai1="50,85,70,80,130,41,16,117,44,25,114,111,108" hai2="127,62,33,24,64,48,39,17,110,67,26,20,94" hai3="88,58,75,53,2,40,120,87,123,15,109,102,18"/><T116/><D113/><U49/><E117/><V115/><F39/><W82/><G2/><T69/><D69/><U6/><E70/><V98/><F115/><W11/><G109/><N who="1" m="42058" /><E114/><V68/><F110/><W112/><G112/><T13/><D65/><U8/><E130/><V52/><F127/><W5/><G102/><T131/><D72/><U90/><E25/><V1/><F1/><W30/><G30/><T3/><D3/><N who="1" m="95" /><E16/><V22/><F33/><W81/><G40/><T7/><D131/><U63/><E63/><V60/><F60/><W10/><G18/><N who="0" m="10447" /><D7/><U28/><E28/><N who="2" m="17415" /><F62/><W32/><G11/><T103/><D31/><U36/><AGARI ba="1,0" hai="36,41,44,49,50,80,85,90" m="95,42058" machi="36" ten="30,1100,0" yaku="14,1" doraHai="55" who="1" fromWho="1" sc="430,-6,190,14,190,-4,190,-4" /><INIT seed="1,0,0,0,5,33" ten="424,204,186,186" oya="1" hai0="70,48,37,55,82,88,59,51,54,68,43,1,32" hai1="62,41,40,45,75,115,7,127,130,27,39,122,11" hai2="97,74,57,30,53,102,9,42,64,14,90,96,94" hai3="72,66,4,65,129,119,113,125,22,61,0,12,10"/><U135/><E115/><V19/><F74/><W18/><G113/><T132/><D32/><U95/><E122/><V81/><F42/><W29/><G125/><T20/><D1/><U106/><E106/><V78/><F30/><W15/><G129/><T101/><D101/><U107/><E107/><V63/><F78/><W118/><G72/><T3/><D3/><U112/><E112/><V84/><REACH who="2" step="1"/><F97/><REACH who="2" ten="424,204,176,186" step="2"/><W121/><G121/><T103/><D43/><U87/><E75/><V89/><F89/><W116/><G29/><T25/><D88/><N who="1" m="53663" /><E127/><V23/><F23/><W5/><G61/><T47/><D20/><U128/><E40/><V71/><F71/><W104/><G104/><T56/><D68/><U36/><E36/><V133/><F133/><W46/><G46/><T92/><D70/><U108/><E135/><V123/><F123/><W28/><G28/><T67/><D132/><U124/><E124/><V100/><F100/><W131/><G131/><N who="1" m="50218" /><E108/><V24/><F24/><W83/><G83/><T111/><D111/><U50/><E27/><V34/><F34/><W76/><G76/><T6/><D25/><U85/><E39/><V38/><F38/><W109/><G109/><T49/><D37/><U60/><E85/><V35/><F35/><W80/><G80/><T120/><D120/><U58/><E58/><V79/><F79/><W114/><G114/><T44/><D59/><U2/><AGARI ba="0,1" hai="2,7,11,41,45,50,60,62" m="50218,53663" machi="2" ten="30,6000,0" yaku="19,1,52,1,54,1" doraHai="33" who="1" fromWho="1" sc="424,-20,204,70,176,-20,186,-20" /><INIT seed="1,1,0,0,5,64" ten="404,274,156,166" oya="1" hai0="121,48,30,4,120,1,114,99,26,12,49,38,92" hai1="95,6,25,78,34,119,126,124,108,60,123,47,20" hai2="91,3,71,106,130,80,98,29,0,131,8,13,24" hai3="97,40,22,58,129,135,73,37,122,86,75,42,127"/><U105/><E119/><V79/><F91/><W133/><G122/><N who="0" m="47211" /><D38/><U87/><E123/><V112/><F98/><W65/><G127/><N who="1" m="48682" /><E105/><V82/><F106/><W116/><G116/><T74/><D74/><N who="3" m="28169" /><G37/><T61/><D1/><N who="2" m="586" /><F79/><W33/><G33/><N who="0" m="20695" /><D114/><U104/><E104/><V93/><F93/><W88/><G129/><N who="2" m="49161" /><F112/><W66/><G97/><T44/><D61/><U23/><E60/><V15/><F71/><W125/><G22/><T50/><D44/><U67/><E47/><V55/><F55/><W16/><G16/><T62/><D62/><U19/><E67/><N who="3" m="25610" /><G58/><T85/><D85/><U45/><E45/><V96/><F96/><W10/><G10/><N who="0" m="4167" /><D48/><U101/><E101/><AGARI ba="1,0" hai="49,50,92,99,101" m="4167,20695,47211" machi="101" ten="30,1000,0" yaku="13,1" doraHai="64" who="0" fromWho="1" sc="404,13,274,-13,156,0,166,0" /><INIT seed="2,0,0,5,0,66" ten="417,261,156,166" oya="2" hai0="102,79,13,97,4,78,111,109,10,6,36,84,72" hai1="38,112,46,122,52,29,117,23,44,1,93,63,70" hai2="30,65,16,98,135,39,60,33,8,31,21,127,18" hai3="94,85,50,25,76,82,114,27,83,34,131,3,130"/><V14/><F39/><W37/><G37/><T75/><D36/><U62/><E112/><V115/><F115/><W64/><G114/><T69/><D69/><U89/><E1/><V132/><F98/><W77/><G3/><T24/><D24/><N who="1" m="16543" /><E117/><V22/><F33/><W54/><G64/><T71/><D71/><U56/><E70/><N who="2" m="42279" /><F127/><W32/><G94/><N who="0" m="58679" /><D4/><U9/><E122/><V47/><F47/><N who="1" m="17961" /><E9/><V43/><F43/><W28/><G50/><T26/><D26/><U51/><E38/><V67/><F67/><W95/><G95/><T41/><D41/><U121/><E121/><V126/><F126/><W103/><G54/><T73/><D84/><AGARI ba="0,0" hai="51,52,56,62,63,84,89,93" m="17961,16543" machi="84" ten="30,2000,0" yaku="8,1,54,1" doraHai="66" who="1" fromWho="0" sc="417,-20,261,20,156,0,166,0" /><INIT seed="3,0,0,5,5,65" ten="397,281,156,166" oya="3" hai0="52,111,10,124,84,69,14,46,54,35,32,13,29" hai1="11,1,91,44,72,50,92,75,49,121,62,36,96" hai2="23,30,90,43,70,127,131,130,7,93,5,28,22" hai3="86,63,26,8,102,6,133,4,129,19,57,120,104"/><W88/><G120/><T101/><D69/><U122/><E36/><V114/><F114/><W17/><G129/><N who="2" m="49161" /><F127/><W99/><G133/><T61/><D101/><U125/><E125/><V16/><F70/><W73/><G73/><T80/><D29/><N who="2" m="11370" /><F43/><W21/><G19/><T78/><D14/><U53/><E50/><V33/><F33/><W71/><G8/><T105/><D105/><U123/><E62/><V119/><F119/><W134/><G134/><T51/><D111/><U34/><E34/><V66/><F66/><W67/><REACH who="3" step="1"/><G57/><REACH who="3" ten="397,281,156,156" step="2"/><N who="0" m="34983" /><D124/><U76/><E75/><V38/><F38/><W103/><G103/><T112/><D112/><U9/><E72/><V25/><F23/><W113/><G113/><T100/><D100/><U48/><E9/><V115/><F115/><W106/><G106/><T81/><D32/><U118/><E11/><V110/><F110/><W77/><G77/><T87/><D35/><U116/><E76/><V58/><F58/><W12/><G12/><T60/><D78/><U31/><E122/><V108/><F108/><W117/><G117/><T37/><D13/><U109/><E121/><V82/><F82/><AGARI ba="0,1" hai="4,6,17,21,26,63,67,71,82,86,88,99,102,104" machi="82" ten="30,11600,0" yaku="1,1,7,1,52,1,54,1,53,0" doraHai="65" doraHaiUra="27" who="3" fromWho="2" sc="397,0,281,0,156,-116,156,126" /><INIT seed="3,1,0,5,4,11" ten="397,281,40,282" oya="3" hai0="47,6,40,46,90,65,100,16,135,61,59,54,122" hai1="31,53,117,35,104,28,33,52,82,119,121,109,36" hai2="21,76,111,115,92,39,93,132,113,18,102,23,78" hai3="3,1,131,5,66,72,94,27,17,110,134,97,58"/><W68/><G72/><T9/><D122/><U34/><E121/><V60/><F39/><W2/><G68/><T56/><D135/><U77/><E109/><V114/><F111/><W123/><G123/><T15/><D100/><U7/><E36/><V50/><F102/><W48/><G110/><T73/><D73/><N who="1" m="43311" /><E7/><V45/><F132/><W107/><G134/><T25/><D40/><U80/><E80/><V118/><F50/><W112/><G112/><T85/><D25/><U116/><E104/><V70/><F70/><W14/><G107/><T101/><D101/><U129/><E129/><V71/><F71/><W13/><G131/><T55/><D6/><U103/><E103/><V32/><F45/><N who="0" m="16906" /><D59/><U42/><E42/><V38/><F38/><W10/><G27/><T79/><D79/><U57/><E53/><V43/><F43/><W130/><G130/><T26/><D26/><U95/><E95/><AGARI ba="1,0" hai="9,15,16,54,55,56,61,65,85,90,95" m="16906" machi="95" ten="30,3900,0" yaku="8,1,52,1,54,1" doraHai="11" who="0" fromWho="1" sc="397,42,281,-42,40,0,282,0" owari="439,53.9,239,-16.1,40,-46.0,282,8.2" /></mjloggm>