<mjloggm ver="2.3"><GO type="225" lobby="0"/><UN n0="%E3%81%8B%E3%82%8F%E3%81%A1%E3%82%83%E3%82%93%35%38" n1="%E8%B5%A4%E3%81%84%E8%9B%99%31%31" n2="%E3%81%99%E3%81%84%E3%81%BE%E3%81%9B%E3%83%BC%E3%82%93" n3="%E3%82%A2%E3%83%9E%E3%83%9D%EF%BD%9E%EF%BD%9E%E3%83%A9" dan="16,16,18,17" rate="2130.83,2088.58,2213.73,2107.53" sx="M,M,M,M"/><TAIKYOKU oya="0"/><INIT seed="0,0,0,3,3,49" ten="250,250,250,250" oya="0" hai0="86,97,135,112,70,84,127,129,111,71,56,91,66" hai1="1,21,4,16,59,123,8,64,96,26,3,107,20" hai2="45,76,98,7,62,82,115,83,118,13,35,128,52" hai3="74,120,61,85,77,34,44,25,87,113,93,67,17"/><T109/><D112/><U30/><E123/><V65/><F35/><W37/><G113/><T55/><D66/><U132/><E132/><V130/><F115/><W121/><G74/><T43/><D43/><U28/><E1/><V15/><F118/><W48/><G37/><T94/><D135/><U80/><E80/><N who="2" m="30763" /><F98/><W5/><G5/><T19/><D19/><U110/><E110/><N who="0" m="41993" /><D127/><U32/><E30/><V36/><F76/><W6/><G6/><T2/><D2/><U89/><E89/><V58/><F7/><W99/><G77/><T68/><D129/><N who="2" m="49770" /><F65/><W126/><G126/><T22/><D22/><U18/><E21/><V10/><F10/><W92/><G121/><T116/><D116/><U46/><E20/><V9/><F9/><W101/><G120/><T134/><D134/><U122/><E122/><V69/><F69/><N who="0" m="17666" /><T81/><DORA hai="104" /><D81/><U108/><E108/><V40/><AGARI ba="0,0" hai="13,15,36,40,45,52,58,62" m="49770,30763" machi="40" ten="30,4000,0" yaku="19,1,52,1,54,1" doraHai="49,104" who="2" fromWho="2" sc="250,-20,250,-10,250,40,250,-10" /><INIT seed="1,0,0,1,4,52" ten="230,240,290,240" oya="1" hai0="127,87,7,34,27,106,109,13,17,72,78,75,54" hai1="22,40,99,19,120,134,115,56,50,132,36,102,18" hai2="31,44,92,3,4,49,42,125,81,95,84,71,122" hai3="112,116,55,129,61,91,85,30,16,113,32,41,11"/><U46/><E115/><V9/><F122/><W119/><G41/><T2/><D106/><U29/><E120/><V70/><F125/><W24/><G129/><T82/><D127/><U23/><E36/><V117/><F117/><N who="3" m="45131" /><G55/><T58/><D109/><U35/><E35/><V14/><F3/><W28/><G61/><T20/><D2/><U60/><E29/><V69/><REACH who="2" step="1"/><F31/><REACH who="2" ten="230,240,280,240" step="2"/><W64/><G30/><T79/><D34/><U45/><E134/><V76/><AGARI ba="0,1" hai="4,9,14,42,44,49,69,70,71,76,81,84,92,95" machi="76" ten="30,8000,1" yaku="1,1,2,1,0,1,25,2,53,0" doraHai="52" doraHaiUra="133" who="2" fromWho="2" sc="230,-20,240,-40,280,90,240,-20" /><INIT seed="2,0,0,4,0,33" ten="210,200,370,220" oya="2" hai0="27,117,18,135,73,79,35,127,51,78,119,5,10" hai1="91,112,17,101,47,49,118,41,90,40,55,72,12" hai2="28,34,66,67,131,80,77,88,110,97,62,120,22" hai3="46,85,113,109,52,9,84,26,16,61,63,76,94"/><V25/><F120/><W64/><G109/><T45/><D73/><U70/><E112/><V128/><F110/><W30/><G113/><T23/><D35/><U7/><E118/><N who="0" m="45065" /><D135/><U92/><E72/><V14/><F67/><W32/><G76/><T4/><D127/><U74/><E74/><V100/><F14/><W1/><G1/><N who="0" m="271" /><D5/><U37/><E70/><V38/><F38/><W71/><G94/><T13/><D27/><U133/><E133/><V6/><F6/><W87/><G63/><T81/><D81/><U56/><E7/><V2/><F2/><W134/><G134/><T42/><AGARI ba="0,0" hai="13,18,23,42,45,51,78,79" m="271,45065" machi="42" ten="30,2000,0" yaku="12,1,52,1" doraHai="33" who="0" fromWho="0" sc="210,20,200,-5,370,-10,220,-5" /><INIT seed="3,0,0,0,2,125" ten="230,195,360,215" oya="3" hai0="119,83,107,38,12,65,85,81,128,101,108,110,7" hai1="33,35,15,32,123,52,28,96,37,127,58,3,10" hai2="111,48,1,76,126,14,55,133,23,80,115,105,99" hai3="51,34,43,26,113,130,42,46,5,11,93,118,88"/><W71/><G118/><T86/><D38/><U116/><E123/><V91/><F1/><W100/><G71/><T63/><D119/><U53/><E116/><V47/><F126/><W67/><G67/><T6/><D101/><U31/><E127/><V36/><F115/><W29/><G113/><T122/><D107/><U0/><E37/><V134/><F111/><N who="0" m="42538" /><D128/><U2/><E96/><V103/><F91/><W72/><G72/><T62/><D62/><U21/><E21/><V98/><F98/><W25/><G25/><T20/><D20/><U121/><E121/><V95/><F36/><W59/><G59/><T106/><D106/><U13/><E13/><V78/><F105/><W4/><G130/><T17/><D17/><U9/><E9/><V77/><F80/><N who="0" m="30794" /><D122/><U30/><REACH who="1" step="1"/><E58/><REACH who="1" ten="230,185,360,215" step="2"/><V74/><F14/><W114/><G114/><T102/><D12/><U90/><E90/><V69/><F23/><W44/><G100/><T79/><D102/><U39/><E39/><V129/><F103/><W22/><G11/><T135/><D79/><U41/><E41/><V18/><F78/><W109/><G109/><T104/><D104/><U54/><E54/><V60/><F77/><W27/><G43/><T57/><D57/><U132/><E132/><V73/><F76/><W75/><G75/><T50/><D135/><U66/><E66/><V120/><F120/><W87/><G46/><T45/><D45/><U124/><E124/><V8/><F134/><W97/><G97/><T70/><D65/><U82/><E82/><V84/><F133/><W112/><G112/><T61/><D70/><RYUUKYOKU ba="0,1" sc="230,-15,185,15,360,-15,215,15" hai1="0,2,3,10,15,28,30,31,32,33,35,52,53" hai3="4,5,22,26,27,29,34,42,44,51,87,88,93" /><INIT seed="3,1,1,0,3,17" ten="215,200,345,230" oya="3" hai0="127,28,76,30,106,89,52,85,130,8,135,117,19" hai1="116,100,18,114,123,51,107,38,60,45,83,7,86" hai2="49,111,6,133,105,1,67,5,59,113,48,93,43" hai3="4,25,23,81,15,95,128,96,74,125,104,34,91"/><W112/><G112/><T70/><D70/><U39/><E123/><V62/><F105/><W122/><G122/><T71/><D71/><U44/><E114/><V132/><F111/><W16/><G128/><T27/><D117/><U124/><E116/><V33/><F33/><W73/><G125/><T10/><D106/><U12/><E124/><V126/><F113/><W131/><G131/><T20/><D127/><U3/><E3/><V63/><F126/><W24/><G104/><T66/><D66/><U2/><E2/><V54/><F93/><W9/><REACH who="3" step="1"/><G81/><REACH who="3" ten="215,200,345,220" step="2"/><T103/><D130/><U134/><E134/><V68/><F133/><W64/><G64/><T58/><D135/><U56/><E107/><V108/><F132/><W78/><G78/><T115/><D76/><U55/><E100/><V42/><F108/><W121/><G121/><T50/><D103/><U53/><E7/><V37/><F6/><W11/><G11/><N who="0" m="4139" /><D115/><U61/><E38/><V82/><F82/><AGARI ba="1,2" hai="19,20,27,28,30,50,52,58,82,85,89" m="4139" machi="82" ten="30,3900,0" yaku="8,1,52,1,54,1" doraHai="17" who="0" fromWho="2" sc="215,62,200,0,345,-42,220,0" owari="277,7.7,200,-30.0,303,40.3,220,-18.0" /></mjloggm>