<mjloggm ver="2.3"><GO type="225" lobby="0"/><UN n0="%74%75%72%74%6C%65%2E" n1="%E3%81%90%E3%81%A1%E3%82%84%E3%81%BE" n2="%77%72%77%72%77%72%77%72" n3="%E3%83%A9%E3%82%A4%E3%83%B3%E3%81%AE%E8%99%8E" dan="16,16,17,16" rate="2094.80,2129.88,2191.31,2152.87" sx="M,M,M,M"/><TAIKYOKU oya="0"/><INIT seed="0,0,0,2,5,9" ten="250,250,250,250" oya="0" hai0="100,21,94,125,77,67,14,10,47,13,28,48,56" hai1="121,108,101,131,5,109,63,64,20,89,83,39,99" hai2="105,106,58,86,11,88,96,1,4,53,29,22,46" hai3="82,49,59,18,61,111,92,37,81,113,87,24,26"/><T55/><D125/><U45/><E121/><V19/><F29/><W34/><G111/><N who="1" m="42570" /><E131/><V27/><F46/><W65/><G37/><T80/><D100/><U74/><E5/><V33/><F33/><W134/><G134/><T17/><D94/><U23/><E89/><V6/><F6/><W127/><G113/><T8/><D28/><U51/><E39/><V104/><F96/><W124/><G34/><T42/><D67/><U62/><E74/><V117/><F117/><W97/><G49/><T112/><D112/><U107/><E83/><V54/><REACH who="2" step="1"/><F58/><REACH who="2" ten="250,250,240,250" step="2"/><W43/><G124/><T129/><D129/><U57/><E63/><V128/><F128/><W130/><G61/><T70/><D70/><U135/><E135/><V38/><F38/><W132/><G132/><T73/><REACH who="0" step="1"/><D14/><REACH who="0" ten="240,250,240,250" step="2"/><U60/><E60/><AGARI ba="0,2" hai="8,10,13,17,21,42,47,48,55,56,60,73,77,80" machi="60" ten="30,11600,0" yaku="1,1,2,1,7,1,52,1,53,0" doraHai="9" doraHaiUra="123" who="0" fromWho="1" sc="240,136,250,-116,240,0,250,0" /><INIT seed="0,1,0,1,3,32" ten="376,134,240,250" oya="0" hai0="50,134,28,127,94,26,76,40,35,13,30,92,72" hai1="41,105,91,19,37,3,15,68,88,90,49,77,45" hai2="110,97,29,130,75,100,47,18,81,42,62,124,113" hai3="6,93,9,27,95,33,112,73,7,38,128,44,48"/><T64/><D134/><U123/><E105/><V54/><F113/><W43/><G112/><T125/><D30/><U87/><E123/><V1/><F110/><W78/><G6/><T31/><D31/><U126/><E68/><V67/><F130/><W83/><G128/><T61/><D13/><U65/><E126/><N who="0" m="48137" /><D50/><U107/><E107/><V82/><F124/><W0/><REACH who="3" step="1"/><G48/><REACH who="3" ten="376,134,240,240" step="2"/><T89/><D40/><U46/><E65/><V99/><F42/><W86/><G86/><T8/><D61/><U70/><E70/><V104/><F62/><W102/><G102/><T55/><D64/><U111/><E111/><V74/><F100/><W57/><G57/><T52/><D55/><U60/><E60/><V53/><F54/><W122/><G122/><T69/><D52/><U20/><E37/><V131/><F53/><W66/><G66/><T85/><D69/><U80/><REACH who="1" step="1"/><E46/><REACH who="1" ten="376,124,240,240" step="2"/><V117/><F47/><W71/><G71/><T5/><D72/><U21/><E21/><V36/><F74/><W106/><G106/><T22/><D35/><U11/><E11/><V4/><F104/><W120/><G120/><T25/><D22/><U84/><E84/><V56/><F75/><W10/><G10/><T23/><D23/><U34/><E34/><V118/><F36/><W109/><G109/><T101/><D8/><U63/><E63/><V129/><F67/><W119/><G119/><T14/><D85/><U58/><E58/><V59/><F117/><W96/><G96/><T79/><D101/><U51/><E51/><V108/><F118/><W2/><G2/><AGARI ba="1,2" hai="2,3,15,19,20,41,45,49,77,80,87,88,90,91" machi="2" ten="40,8000,1" yaku="1,1,52,2,54,1,53,1" doraHai="32" doraHaiUra="16" who="1" fromWho="3" sc="376,0,124,103,240,0,240,-83" /><INIT seed="1,0,0,1,4,41" ten="376,227,240,157" oya="1" hai0="100,123,0,114,104,103,97,15,87,17,117,19,108" hai1="21,91,2,110,105,33,4,127,89,125,40,79,1" hai2="82,30,76,50,122,29,77,120,36,121,66,43,72" hai3="45,57,112,73,115,20,27,75,65,106,118,134,7"/><U37/><E33/><V111/><F36/><W61/><G106/><T16/><D117/><U56/><E105/><V47/><F111/><W96/><G118/><T12/><D114/><U132/><E132/><V38/><F76/><W116/><G116/><T55/><D0/><U24/><E79/><V63/><REACH who="2" step="1"/><F38/><REACH who="2" ten="376,227,230,157" step="2"/><W6/><G115/><T32/><D108/><U86/><E110/><V53/><F53/><W62/><G112/><T74/><D123/><U5/><E37/><V95/><F95/><W124/><G134/><T49/><D104/><U39/><E39/><V102/><F102/><W94/><G94/><T23/><D103/><U22/><E125/><V101/><F101/><W18/><G124/><T59/><D100/><U81/><E127/><V48/><F48/><W83/><G73/><T26/><D74/><U3/><E40/><V60/><F60/><W84/><G75/><T135/><D135/><U8/><E91/><V90/><F90/><N who="3" m="51487" /><G62/><T80/><D80/><U126/><E126/><V99/><F99/><W78/><G96/><T133/><D97/><U46/><E89/><V58/><AGARI ba="0,1" hai="29,30,43,47,50,58,63,66,72,77,82,120,121,122" machi="58" ten="30,4000,0" yaku="1,1,0,1,52,1,53,0" doraHai="41" doraHaiUra="98" who="2" fromWho="2" sc="376,-10,227,-20,230,50,157,-10" /><INIT seed="2,0,0,0,4,59" ten="366,207,280,147" oya="2" hai0="92,55,90,80,125,124,72,8,10,17,107,62,26" hai1="120,38,77,135,52,25,50,81,119,95,29,118,111" hai2="105,76,97,56,40,127,60,100,5,47,41,23,31" hai3="66,12,9,88,27,63,20,102,19,93,42,89,109"/><V53/><F127/><N who="0" m="48714" /><D107/><U4/><E38/><V99/><F76/><W16/><G109/><T130/><D130/><U49/><E111/><V48/><F5/><W24/><G42/><T37/><D37/><U74/><E135/><V86/><F86/><W121/><G121/><T122/><D122/><U115/><E115/><V35/><F35/><W64/><G24/><T114/><D114/><U73/><E73/><V30/><F97/><W69/><REACH who="3" step="1"/><G66/><REACH who="3" ten="366,207,280,137" step="2"/><T70/><D26/><U134/><E120/><V75/><F41/><W71/><G71/><T117/><D70/><U1/><E134/><V68/><F68/><W83/><G83/><T3/><D80/><U113/><E113/><V133/><F133/><W129/><G129/><T45/><D117/><U32/><E119/><V85/><F31/><W132/><G132/><T33/><D55/><U36/><E118/><V43/><F40/><W34/><G34/><T46/><D33/><U116/><E116/><V61/><F30/><W79/><G79/><T126/><D126/><U51/><E52/><V65/><F65/><W91/><G91/><T18/><D90/><U21/><E32/><V87/><F53/><W58/><G58/><T106/><D45/><U104/><E29/><V103/><F56/><W98/><AGARI ba="0,1" hai="9,12,16,19,20,27,63,64,69,88,89,93,98,102" machi="98" ten="30,8000,1" yaku="1,1,0,1,52,1,54,2,53,0" doraHai="59" doraHaiUra="110" who="3" fromWho="3" sc="366,-20,207,-20,280,-40,137,90" /><INIT seed="3,0,0,5,4,41" ten="346,187,240,227" oya="3" hai0="51,85,93,102,11,82,6,66,23,1,94,96,62" hai1="14,91,61,16,52,113,119,99,83,29,15,9,47" hai2="38,79,127,4,77,58,90,17,42,30,33,105,31" hai3="118,35,87,133,111,28,54,100,10,131,7,103,3"/><W134/><G118/><T60/><D93/><U80/><E113/><V108/><F105/><W89/><G131/><T78/><D66/><U104/><E119/><V49/><F33/><W56/><G28/><N who="2" m="10793" /><F38/><W95/><G35/><T135/><D135/><N who="3" m="51721" /><G111/><T8/><D23/><U115/><E115/><V64/><F108/><W26/><G26/><T107/><D107/><U69/><E29/><V114/><F127/><W22/><G22/><T125/><D125/><U32/><E32/><V67/><F4/><W36/><G36/><T12/><D51/><AGARI ba="0,0" hai="3,7,10,51,54,56,87,89,95,100,103" m="51721" machi="51" ten="30,1500,0" yaku="20,1" doraHai="41" who="3" fromWho="0" sc="346,-15,187,0,240,0,227,15" /><INIT seed="3,1,0,5,0,50" ten="331,187,240,242" oya="3" hai0="29,106,20,134,30,25,107,77,58,90,127,81,53" hai1="67,62,52,55,9,101,45,41,94,123,129,96,84" hai2="15,114,32,13,110,78,71,34,51,68,7,92,108" hai3="97,17,33,28,54,57,128,10,43,22,38,131,75"/><W116/><G75/><T66/><D66/><U115/><E123/><V88/><F114/><W61/><G116/><T47/><D47/><U124/><E115/><V6/><F78/><W121/><G121/><T48/><D134/><U40/><E129/><V2/><F2/><W103/><G10/><T119/><D119/><U111/><E111/><N who="2" m="42539" /><F51/><W118/><G118/><T79/><D127/><U39/><E124/><V27/><F15/><W86/><G86/><T72/><D30/><U1/><E41/><V112/><F112/><W113/><G113/><T99/><D79/><U74/><E74/><V98/><F13/><W8/><G8/><T21/><D21/><U125/><E125/><V93/><F93/><W46/><G28/><T14/><D14/><U24/><E24/><V70/><F27/><W63/><G63/><T26/><D26/><U104/><E104/><V37/><F37/><W23/><G33/><AGARI ba="1,0" hai="6,7,32,33,34,68,70,71,88,92,98" m="42539" machi="33" ten="40,2600,0" yaku="14,1,54,1" doraHai="50" who="2" fromWho="3" sc="331,0,187,0,240,29,242,-29" owari="331,43.1,187,-31.3,269,6.9,213,-18.7" /></mjloggm>