<mjloggm ver="2.3"><GO type="225" lobby="0"/><UN n0="%E7%9A%AE%E3%80%85" n1="%77%72%77%72%77%72%77%72" n2="%E8%83%83%E3%81%A8%E8%85%B8" n3="%E3%82%BC%E3%83%AB%E3%83%80%E3%81%AE%E4%BC%9D%E8%AA%AC" dan="16,17,16,17" rate="2077.01,2158.07,2155.65,2156.90" sx="M,M,M,M"/><TAIKYOKU oya="0"/><INIT seed="0,0,0,1,1,118" ten="250,250,250,250" oya="0" hai0="20,103,116,31,73,34,107,99,76,130,14,128,0" hai1="84,121,129,39,133,26,125,6,4,111,45,9,108" hai2="21,22,86,127,60,28,3,41,117,53,59,1,85" hai3="36,72,110,98,120,69,68,10,35,5,77,95,65"/><T134/><D116/><U38/><E129/><N who="0" m="49769" /><D134/><U106/><E106/><V33/><F117/><W75/><G35/><T114/><D114/><U100/><E100/><V96/><F127/><W113/><G113/><T16/><D0/><U66/><E125/><V50/><F3/><W8/><G110/><N who="1" m="42026" /><E133/><V19/><F1/><W135/><G135/><T70/><D70/><U91/><E121/><V23/><F33/><W63/><G36/><N who="1" m="13866" /><E45/><N who="2" m="25903" /><F28/><W49/><G120/><T112/><D112/><U25/><E66/><V40/><F40/><W102/><G68/><T74/><D76/><U56/><E56/><V51/><F51/><W119/><G119/><T61/><D61/><U58/><E58/><V122/><F122/><W11/><G5/><N who="1" m="2154" /><E9/><V43/><F43/><W57/><REACH who="3" step="1"/><G77/><REACH who="3" ten="250,250,250,240" step="2"/><T94/><D107/><U44/><E44/><V89/><F19/><W101/><G101/><T104/><D104/><U42/><E42/><V48/><F48/><W90/><G90/><T93/><D93/><AGARI ba="0,1" hai="25,26,84,91,93" m="2154,13866,42026" machi="93" ten="30,1000,0" yaku="14,1" doraHai="118" who="1" fromWho="0" sc="250,-10,250,20,250,0,240,0" /><AGARI ba="0,0" hai="21,22,23,53,59,60,85,86,89,93,96" m="25903" machi="93" ten="30,1000,0" yaku="8,1" doraHai="118" who="2" fromWho="0" sc="240,-10,270,0,250,10,240,0" /><INIT seed="1,0,0,3,2,35" ten="230,270,260,240" oya="1" hai0="77,99,64,40,81,97,55,91,89,67,47,86,5" hai1="58,108,24,111,130,68,33,112,87,135,44,21,126" hai2="107,50,48,133,120,80,49,79,37,42,75,125,73" hai3="7,115,61,82,53,17,59,117,45,22,83,100,131"/><U101/><E112/><V28/><F120/><W95/><G115/><T31/><D31/><U9/><E68/><V74/><F125/><W36/><G131/><T56/><D5/><U92/><E130/><V54/><F133/><W52/><G117/><T94/><D47/><U90/><E126/><V114/><F114/><W69/><G69/><T119/><D40/><U78/><E135/><V113/><F113/><W16/><G7/><T116/><D116/><U0/><E44/><V1/><F107/><W20/><G36/><T38/><D38/><U57/><E33/><V2/><F28/><W62/><G100/><T102/><D119/><U25/><E78/><V46/><REACH who="2" step="1"/><F54/><REACH who="2" ten="230,270,250,240" step="2"/><W23/><G95/><N who="0" m="56575" /><D102/><U93/><E101/><V34/><F34/><W66/><G66/><T96/><D96/><U98/><E93/><V19/><F19/><N who="3" m="7243" /><G62/><AGARI ba="0,1" hai="55,56,62,64,67,77,81,86,89,94,99" m="56575" machi="62" ten="30,1000,0" yaku="8,1" doraHai="35" who="0" fromWho="3" sc="230,20,270,0,250,0,240,-10" /><INIT seed="2,0,0,0,5,91" ten="250,270,250,230" oya="2" hai0="111,8,100,5,126,44,61,64,87,124,49,41,122" hai1="52,11,70,69,105,33,81,98,76,1,134,71,103" hai2="45,92,119,13,115,83,86,101,127,57,28,109,31" hai3="80,77,47,60,40,25,97,43,82,23,133,18,58"/><V51/><F115/><W118/><G133/><T84/><D122/><U89/><E134/><V6/><F119/><W3/><G118/><T96/><D111/><U7/><E89/><V27/><F109/><W9/><G3/><T56/><D8/><U72/><REACH who="1" step="1"/><E52/><REACH who="1" ten="250,260,250,230" step="2"/><N who="2" m="31903" /><F127/><N who="0" m="48682" /><D5/><U116/><E116/><V54/><F54/><W107/><G77/><T135/><D135/><U0/><E0/><V37/><F6/><W106/><G43/><T90/><D90/><U120/><E120/><V85/><F45/><W32/><G40/><T29/><D29/><U19/><E19/><V94/><F101/><W104/><G47/><T59/><D59/><U132/><E132/><V50/><F31/><W125/><G125/><T36/><D36/><U99/><E99/><V46/><F37/><W95/><G58/><T68/><D56/><U10/><E10/><V39/><F39/><W17/><G9/><T63/><D63/><U34/><AGARI ba="0,1" hai="1,7,11,33,34,69,70,71,72,76,81,98,103,105" machi="34" ten="40,12000,2" yaku="1,1,0,1,33,3,53,1" doraHai="91" doraHaiUra="102" who="1" fromWho="1" sc="250,-30,260,130,250,-60,230,-30" /><INIT seed="3,0,0,0,3,122" ten="220,390,190,200" oya="3" hai0="78,52,87,34,118,61,24,18,74,57,40,19,68" hai1="37,15,106,31,113,13,7,108,32,84,77,127,107" hai2="93,49,89,27,45,65,58,11,76,17,63,55,39" hai3="16,35,71,26,132,90,121,44,96,110,94,48,88"/><W12/><G121/><T42/><D118/><U20/><E108/><V91/><F39/><W125/><G71/><T4/><D74/><U25/><E113/><V129/><F129/><W79/><G110/><T124/><D124/><U30/><E37/><V60/><F76/><W23/><G125/><T33/><D4/><U102/><E127/><V62/><F89/><W134/><G79/><T105/><D105/><U101/><E32/><V29/><F11/><W70/><G70/><T2/><D2/><U82/><E7/><V53/><F17/><N who="0" m="6154" /><D68/><U1/><E1/><V117/><F117/><W21/><G35/><T41/><D33/><U72/><E72/><V56/><F29/><N who="3" m="17615" /><G134/><T3/><D3/><U111/><E111/><V66/><F27/><W92/><G132/><T116/><D116/><U103/><E107/><V46/><F93/><N who="3" m="35947" /><G96/><T0/><D0/><U22/><E106/><V73/><F73/><W100/><G100/><T135/><D135/><U104/><E104/><V80/><F91/><W5/><G5/><T120/><D120/><U83/><E83/><V109/><F80/><W95/><N who="3" m="35955" /><W114/><DORA hai="85" /><G114/><T50/><D34/><U14/><E30/><V115/><F115/><W8/><G8/><T98/><D98/><U64/><E20/><V81/><F81/><W69/><G69/><T112/><D112/><U128/><E128/><V133/><F109/><W86/><G86/><T131/><D131/><U119/><E119/><V97/><F97/><W123/><G123/><T67/><D87/><U28/><E28/><V59/><F133/><W9/><G9/><RYUUKYOKU ba="0,0" sc="220,-30,390,10,190,10,200,10" hai1="13,14,15,22,25,31,64,77,82,84,101,102,103" hai2="45,46,49,53,55,56,58,59,60,62,63,65,66" hai3="12,16,23,44,48,88,90" /><INIT seed="3,1,0,4,4,79" ten="190,400,200,210" oya="3" hai0="34,52,6,131,93,17,45,115,82,75,24,44,98" hai1="123,26,88,30,68,19,70,41,7,8,66,14,59" hai2="117,39,47,87,104,73,67,80,103,20,53,108,29" hai3="107,48,114,40,28,51,116,92,74,21,9,130,112"/><W37/><G107/><T25/><D131/><U125/><E123/><V97/><F117/><W105/><G105/><T102/><D34/><U65/><E125/><V119/><F119/><W94/><G116/><T10/><D115/><U121/><E121/><V13/><F73/><W101/><G74/><T110/><D110/><U15/><E41/><V69/><F108/><W31/><G130/><T55/><D75/><U91/><E70/><V76/><F67/><N who="1" m="25609" /><E68/><V4/><F69/><W135/><G9/><T3/><D82/><U134/><E134/><V86/><F86/><W113/><G135/><T95/><D95/><N who="3" m="36393" /><G101/><T35/><D35/><U56/><E26/><N who="0" m="10345" /><D3/><U84/><E30/><N who="3" m="11306" /><G21/><T132/><D132/><U63/><E84/><V57/><F29/><W32/><G32/><T64/><D64/><N who="1" m="39015" /><E59/><V124/><F57/><W77/><G77/><T33/><D33/><U42/><E42/><V1/><F76/><W60/><G60/><T106/><D106/><U111/><E111/><V61/><F61/><W83/><G83/><T22/><D6/><U126/><E126/><V0/><F124/><W120/><G120/><T50/><D10/><AGARI ba="1,0" hai="7,8,10,14,15,19,88,91" m="39015,25609" machi="10" ten="30,2000,0" yaku="8,1,54,1" doraHai="79" who="1" fromWho="0" sc="190,-23,400,23,200,0,210,0" owari="167,-33.3,423,52.3,200,-20.0,210,1.0" /></mjloggm>