<mjloggm ver="2.3"><GO type="225" lobby="0"/><UN n0="%E7%99%BD%E5%80%89%E5%AF%9B%E4%B9%8B" n1="%E3%81%A0%E3%81%8A" n2="%73%68%75%6D%70" n3="%E3%83%96%E3%83%83%E3%83%91%E3%82%AA%E3%83%96%E3%83%81%E3%82%AD%E3%83%B3" dan="16,17,16,16" rate="2113.63,2070.35,2121.21,2134.60" sx="M,M,M,M"/><TAIKYOKU oya="0"/><INIT seed="0,0,0,4,2,84" ten="250,250,250,250" oya="0" hai0="113,110,119,22,123,69,131,105,126,14,16,33,53" hai1="82,65,45,21,132,68,103,24,42,32,51,57,92" hai2="86,102,94,71,3,20,66,135,72,112,55,91,5" hai3="99,7,111,122,127,98,47,4,117,100,48,78,81"/><T37/><RYUUKYOKU type="yao9" ba="0,0" sc="250,0,250,0,250,0,250,0" hai0="14,16,22,33,37,53,69,105,110,113,119,123,126,131" /><INIT seed="0,1,0,4,3,68" ten="250,250,250,250" oya="0" hai0="89,134,59,90,5,23,38,110,32,58,4,117,11" hai1="62,12,118,66,101,52,67,56,16,114,10,85,22" hai2="50,87,109,57,77,100,125,124,47,72,84,29,14" hai3="40,126,128,30,8,28,131,116,46,69,13,78,122"/><T1/><D32/><U18/><E118/><V45/><F29/><W88/><G116/><T41/><D117/><U65/><E114/><V113/><F72/><W119/><G119/><T35/><D35/><U106/><E85/><V20/><F100/><W112/><G69/><T92/><D134/><U132/><E132/><V70/><F70/><W53/><G112/><T76/><D110/><U74/><E74/><V2/><F2/><W107/><G107/><T26/><D76/><U27/><E106/><V127/><F109/><W49/><G126/><T105/><D5/><U43/><E43/><V71/><F71/><W61/><G78/><T130/><D105/><U94/><REACH who="1" step="1"/><E67/><REACH who="1" ten="250,240,250,250" step="2"/><V120/><F113/><W25/><G40/><T55/><D130/><U44/><E44/><V36/><F77/><W73/><G73/><T21/><D55/><U39/><E39/><V24/><F47/><W64/><G131/><T33/><D41/><U7/><E7/><V31/><F36/><W99/><G128/><T37/><D38/><U17/><E17/><N who="2" m="10295" /><F45/><W103/><G46/><T9/><D37/><U0/><E0/><V111/><F111/><W19/><G64/><T48/><D1/><U108/><E108/><V60/><F127/><W95/><G53/><T80/><D4/><U42/><E42/><V75/><F75/><W91/><G19/><T104/><D104/><U82/><E82/><V102/><F125/><W81/><G81/><T51/><D80/><U93/><E93/><V135/><F135/><W123/><G95/><T3/><D92/><U79/><E79/><V86/><F124/><RYUUKYOKU ba="1,1" sc="250,-10,240,30,250,-10,250,-10" hai1="10,12,16,18,22,27,52,56,62,65,66,94,101" /><INIT seed="1,2,1,3,0,5" ten="240,270,240,240" oya="1" hai0="43,63,57,70,95,102,90,98,62,106,9,64,13" hai1="52,99,89,8,10,126,4,75,40,105,42,84,45" hai2="86,47,109,108,132,49,41,36,69,11,96,12,111" hai3="65,93,91,20,2,85,18,32,48,37,34,83,0"/><U118/><E75/><V112/><F69/><W79/><G37/><T51/><D43/><U23/><E118/><V123/><F123/><W76/><G65/><T97/><D51/><N who="1" m="28783" /><E105/><V50/><F132/><W129/><G129/><T87/><D98/><U35/><E35/><V82/><F96/><W55/><G79/><T66/><REACH who="0" step="1"/><D13/><REACH who="0" ten="230,270,240,240" step="2"/><U68/><E99/><V61/><F61/><W113/><G113/><T74/><D74/><U26/><E126/><V1/><F112/><W33/><G48/><T116/><D116/><U80/><E68/><V60/><F60/><W128/><G128/><T124/><D124/><U133/><E133/><V46/><F1/><W24/><REACH who="3" step="1"/><G55/><REACH who="3" ten="230,270,240,230" step="2"/><T101/><D101/><U119/><E119/><V59/><F50/><W21/><G21/><T121/><D121/><U19/><E4/><V31/><F109/><W71/><G71/><T81/><D81/><U53/><E53/><V107/><F82/><W122/><G122/><T56/><D56/><U16/><E8/><AGARI ba="2,3" hai="8,9,57,62,63,64,66,70,87,90,95,97,102,106" machi="8" ten="40,5200,0" yaku="1,1,52,2,53,0" doraHai="5" doraHaiUra="120" who="0" fromWho="1" sc="230,88,270,-58,240,0,230,0" /><INIT seed="2,0,0,5,1,120" ten="318,212,240,230" oya="2" hai0="24,132,131,34,115,3,68,78,45,91,48,29,64" hai1="37,87,9,104,123,53,62,70,134,127,84,22,4" hai2="124,56,85,107,28,55,129,7,54,118,20,17,109" hai3="73,117,135,126,23,39,96,90,18,114,8,103,86"/><V98/><F118/><W35/><G117/><T92/><D3/><U116/><E104/><V102/><F124/><W79/><G35/><T128/><D115/><U15/><E116/><V133/><F129/><W88/><G39/><T66/><D78/><U33/><E33/><V112/><F133/><W105/><G114/><T106/><D106/><U110/><E37/><V76/><F112/><W125/><G8/><T2/><D2/><U57/><E127/><N who="3" m="48650" /><G135/><T65/><D132/><U13/><E123/><V80/><F7/><W12/><G73/><T74/><D74/><U130/><E130/><N who="0" m="49705" /><D68/><U43/><E43/><V0/><F0/><W21/><G21/><T82/><D82/><AGARI ba="0,0" hai="12,18,23,79,82,86,88,90,96,103,105" m="48650" machi="82" ten="30,2000,0" yaku="18,1,54,1" doraHai="120" who="3" fromWho="0" sc="318,-20,212,0,240,0,230,20" /><INIT seed="3,0,0,5,5,41" ten="298,212,240,250" oya="3" hai0="77,98,131,48,63,78,45,40,12,103,68,125,130" hai1="50,112,86,39,2,57,51,84,124,46,119,34,42" hai2="75,102,3,128,7,120,24,115,19,88,93,71,91" hai3="9,6,47,64,80,27,32,118,85,110,58,66,59"/><W90/><G118/><T121/><D121/><U97/><E2/><V107/><F71/><W122/><G122/><T99/><D125/><U96/><E34/><V31/><F107/><W28/><G110/><T44/><D12/><U123/><E123/><V62/><F115/><W106/><G106/><N who="0" m="63863" /><D99/><U55/><E119/><V60/><F75/><W13/><REACH who="3" step="1"/><G47/><REACH who="3" ten="298,212,240,240" step="2"/><T92/><D45/><U67/><E112/><V21/><F120/><W26/><G26/><T52/><D44/><U135/><E124/><V83/><F24/><W79/><G79/><T37/><D78/><U113/><E113/><V4/><F128/><W87/><G87/><N who="1" m="33322" /><E39/><V22/><F83/><W72/><G72/><T10/><D77/><U61/><E135/><V108/><F108/><W18/><G18/><T126/><D126/><U1/><E1/><V109/><F19/><W89/><G89/><T23/><D131/><U81/><E81/><V36/><F109/><W8/><G8/><T5/><D130/><U116/><E116/><V100/><F36/><W30/><G30/><T101/><D37/><U117/><E117/><V15/><F31/><W35/><G35/><T69/><D10/><U20/><E20/><V65/><F3/><W82/><G82/><T16/><D23/><U43/><E43/><V56/><F15/><W114/><G114/><T49/><D40/><U94/><E94/><V104/><F104/><W95/><G95/><T25/><D92/><U76/><E76/><V133/><F93/><W54/><G54/><T38/><D52/><U105/><E105/><V0/><F133/><W127/><G127/><RYUUKYOKU ba="0,1" sc="298,-15,212,15,240,-15,240,15" hai1="42,46,50,51,55,57,61,67,96,97" hai3="6,9,13,27,28,32,58,59,64,66,80,85,90" /><INIT seed="3,1,1,0,4,62" ten="283,227,225,255" oya="3" hai0="5,76,89,85,98,36,111,133,10,11,118,60,44" hai1="61,91,115,135,58,81,102,82,16,40,70,2,90" hai2="41,96,99,4,59,49,92,107,110,106,66,112,75" hai3="43,126,50,19,7,47,114,97,108,54,25,83,32"/><W31/><G114/><T1/><D118/><U72/><E115/><V121/><F112/><W78/><G126/><T28/><D111/><U131/><E70/><V46/><F75/><W34/><G108/><T71/><D133/><U48/><E2/><V0/><F110/><W128/><G128/><T6/><D28/><U120/><E120/><V3/><F121/><W95/><G19/><T67/><D76/><U123/><E123/><V87/><F87/><W13/><G54/><T73/><D98/><U65/><E135/><V69/><F69/><W18/><G34/><T117/><D73/><U17/><E102/><V88/><F4/><W30/><G30/><T56/><D117/><U12/><E17/><V103/><REACH who="2" step="1"/><F106/><REACH who="2" ten="283,227,215,255" step="2"/><W45/><G7/><T86/><D86/><U55/><E72/><V101/><F101/><W130/><G130/><T8/><D71/><U77/><E131/><V132/><F132/><W79/><G79/><T74/><D74/><U21/><E77/><V104/><F104/><W9/><G78/><T23/><D6/><U113/><E113/><V68/><F68/><W93/><G83/><N who="1" m="31754" /><E40/><V63/><AGARI ba="1,2" hai="0,3,41,46,49,59,63,66,88,92,96,99,103,107" machi="63" ten="30,12000,2" yaku="1,1,0,1,52,1,54,1,53,2" doraHai="62" doraHaiUra="94" who="2" fromWho="2" sc="283,-31,227,-31,215,143,255,-61" owari="252,5.2,196,-20.4,358,45.8,194,-30.6" /></mjloggm>