<mjloggm ver="2.3"><GO type="225" lobby="0"/><UN n0="%E9%B3%B3%E6%9D%B1%E3%81%AE%E3%81%86%E3%81%95%E3%81%8E%E3%81%95%E3%82%93" n1="%E3%83%B4%E3%83%A0%EF%BC%99%E3%81%A6" n2="%E3%82%BC%E3%83%AB%E3%83%80%E3%81%AE%E4%BC%9D%E8%AA%AC" n3="%E7%99%BD%E5%80%89%E5%AF%9B%E4%B9%8B" dan="17,17,17,16" rate="2152.99,2112.32,2140.91,2165.02" sx="M,M,M,M"/><TAIKYOKU oya="0"/><INIT seed="0,0,0,2,0,74" ten="250,250,250,250" oya="0" hai0="49,63,121,17,98,90,58,99,108,77,78,113,45" hai1="37,119,64,9,51,53,30,32,84,116,128,12,65" hai2="114,46,73,133,79,82,97,86,55,10,2,3,29" hai3="52,72,134,18,69,87,96,104,130,48,54,71,31"/><T26/><D26/><BYE who="0" /><U120/><E120/><V100/><F114/><W85/><G72/><T19/><D19/><U91/><E37/><V83/><F133/><W92/><G134/><T107/><D107/><U132/><E128/><UN n0="%E9%B3%B3%E6%9D%B1%E3%81%AE%E3%81%86%E3%81%95%E3%81%8E%E3%81%95%E3%82%93" /><V101/><F29/><W102/><G130/><T89/><D113/><U28/><E132/><V124/><F124/><W13/><G31/><N who="1" m="11818" /><E32/><V111/><F111/><W115/><G54/><N who="0" m="34263" /><D121/><U8/><E116/><V20/><F20/><W135/><G135/><T39/><D39/><U127/><E127/><V36/><F97/><N who="0" m="36874" /><D17/><N who="1" m="8327" /><E9/><V40/><F55/><W4/><G4/><T6/><D6/><U131/><E131/><V62/><F62/><W122/><G122/><T95/><D108/><U93/><E119/><V67/><F67/><W123/><G123/><T23/><D23/><U94/><E94/><V126/><F126/><W129/><G129/><T112/><D112/><U27/><E27/><V80/><F80/><W44/><G115/><T105/><D105/><U59/><AGARI ba="0,0" hai="51,53,59,64,65,84,91,93" m="8327,11818" machi="59" ten="30,1100,0" yaku="8,1" doraHai="74" who="1" fromWho="1" sc="250,-5,250,11,250,-3,250,-3" /><INIT seed="1,0,0,2,4,35" ten="245,261,247,247" oya="1" hai0="77,6,2,78,134,59,126,129,43,25,84,5,23" hai1="70,124,31,107,57,33,73,44,135,28,90,104,92" hai2="54,89,81,64,83,50,55,18,17,20,47,51,10" hai3="82,27,132,22,63,69,53,37,15,29,66,19,11"/><U60/><E70/><V72/><F72/><W120/><G37/><T75/><D75/><U52/><E73/><V68/><F68/><W62/><G132/><T85/><D129/><U42/><E135/><V113/><F113/><W130/><G130/><T16/><D134/><U99/><E124/><V119/><F119/><W103/><G120/><T71/><D71/><U74/><E74/><V80/><F64/><W106/><G82/><T117/><D117/><U79/><E79/><N who="0" m="30217" /><D2/><U56/><E56/><V109/><F109/><W58/><G103/><T100/><D126/><U114/><E114/><V87/><F10/><W40/><G40/><T118/><D118/><U133/><E133/><V61/><F61/><W131/><G131/><T39/><D39/><U21/><E33/><V38/><F38/><W121/><G121/><T94/><D43/><U8/><E8/><V0/><F0/><W97/><G97/><N who="0" m="59447" /><D59/><U102/><E21/><V46/><REACH who="2" step="1"/><F17/><REACH who="2" ten="245,261,237,247" step="2"/><W122/><G122/><T125/><D125/><U49/><REACH who="1" step="1"/><E102/><REACH who="1" ten="245,251,237,247" step="2"/><V48/><F48/><W108/><G108/><T101/><D101/><U127/><E127/><V98/><F98/><W86/><G106/><AGARI ba="0,2" hai="28,31,42,44,49,52,57,60,90,92,99,104,106,107" machi="106" ten="40,3900,0" yaku="1,1,54,1,53,0" doraHai="35" doraHaiUra="7" who="1" fromWho="3" sc="245,0,251,59,237,0,247,-39" /><INIT seed="1,1,0,3,2,84" ten="245,310,237,208" oya="1" hai0="30,61,72,71,8,17,104,112,92,25,76,12,90" hai1="62,65,19,38,85,88,46,18,82,80,74,96,0" hai2="57,5,11,53,126,100,4,50,23,116,129,10,13" hai3="98,58,91,123,89,87,107,3,67,49,95,109,63"/><U77/><E0/><V28/><F116/><W48/><G3/><T21/><D112/><U55/><E96/><V22/><F126/><W133/><G123/><T7/><D104/><U24/><E24/><V6/><F129/><W43/><G109/><T2/><D72/><U79/><E79/><V117/><F117/><W45/><G133/><T68/><D76/><U42/><REACH who="1" step="1"/><E55/><REACH who="1" ten="245,300,237,208" step="2"/><V86/><F100/><W70/><G107/><T99/><REACH who="0" step="1"/><D61/><REACH who="0" ten="235,300,237,208" step="2"/><U106/><E106/><V128/><F128/><W51/><REACH who="3" step="1"/><G70/><AGARI ba="1,2" hai="18,19,38,42,46,62,65,70,74,77,80,82,85,88" machi="70" ten="30,11600,0" yaku="1,1,7,1,52,1,54,1,53,0" doraHai="84" doraHaiUra="131" who="1" fromWho="3" sc="235,0,300,139,237,0,208,-119" /><INIT seed="1,2,0,5,1,117" ten="235,439,237,89" oya="1" hai0="132,67,128,39,59,34,76,123,95,78,92,74,88" hai1="33,134,64,99,116,24,87,121,98,135,20,46,62" hai2="14,97,109,57,60,129,36,21,119,111,131,47,105" hai3="73,0,53,93,50,55,15,115,113,29,9,108,23"/><U94/><E116/><V37/><F105/><W52/><G73/><T110/><D39/><U30/><E121/><V122/><F97/><W6/><G108/><N who="2" m="41545" /><F119/><W82/><G82/><T28/><D110/><U124/><E124/><V96/><F96/><W91/><G115/><T38/><D38/><N who="2" m="14954" /><F14/><W100/><G113/><T31/><D128/><N who="2" m="49226" /><F21/><W5/><G100/><T26/><D92/><U107/><E107/><V85/><F85/><W114/><G114/><T49/><D95/><U32/><E87/><V48/><F122/><W112/><G112/><T106/><D123/><U56/><E98/><V79/><F79/><W69/><G69/><T77/><D77/><U19/><E99/><V11/><F11/><W13/><G6/><T72/><D76/><U17/><E94/><V130/><N who="2" m="49234" /><V65/><DORA hai="75" /><F48/><W12/><G93/><T35/><D49/><U25/><E20/><V127/><F47/><W133/><G91/><T18/><D78/><U51/><E46/><V80/><F80/><W81/><G81/><T42/><D88/><U8/><E51/><V2/><F2/><W66/><G50/><T86/><D106/><U58/><E8/><V125/><AGARI ba="2,0" hai="57,60,65,125,127" m="49234,14954,41545" machi="125" ten="50,8000,1" yaku="14,1,19,1,34,2" doraHai="117,75" who="2" fromWho="2" sc="235,-22,439,-42,237,86,89,-22" /><INIT seed="2,0,0,0,5,51" ten="213,397,323,67" oya="2" hai0="56,45,14,81,125,86,58,38,71,41,6,134,54" hai1="115,33,135,127,108,106,95,12,2,91,75,47,26" hai2="30,37,116,28,46,70,8,65,13,10,7,117,23" hai3="25,16,87,31,83,19,1,82,42,92,20,66,118"/><V62/><F10/><W9/><G118/><T17/><D134/><U39/><RYUUKYOKU type="yao9" ba="0,0" sc="213,0,397,0,323,0,67,0" hai1="2,12,26,33,39,47,75,91,95,106,108,115,127,135" /><INIT seed="2,1,0,2,0,68" ten="213,397,323,67" oya="2" hai0="23,33,46,77,116,135,84,82,79,55,69,35,49" hai1="31,91,36,56,8,65,86,45,111,117,87,75,64" hai2="62,41,48,17,128,9,2,78,88,74,7,98,102" hai3="105,25,133,89,27,42,52,30,11,129,112,19,126"/><V29/><F128/><W3/><G105/><T71/><D135/><U43/><E75/><V121/><F121/><W113/><G42/><T26/><D116/><U60/><E117/><V34/><F62/><W51/><G129/><T110/><D110/><U1/><E111/><V108/><F108/><W125/><G89/><T118/><D118/><U4/><E31/><V99/><F17/><W20/><G51/><T115/><D115/><N who="3" m="44105" /><G52/><T50/><D69/><U16/><E16/><V40/><F48/><W0/><G133/><T119/><D119/><U13/><E1/><N who="3" m="586" /><G11/><T134/><D71/><U101/><E101/><V73/><F98/><W80/><G80/><T6/><D79/><U67/><E86/><V32/><F88/><W95/><G95/><AGARI ba="1,0" hai="4,8,13,36,43,45,56,60,64,65,67,87,91,95" machi="95" ten="30,2000,0" yaku="7,1,52,1" doraHai="68" who="1" fromWho="3" sc="213,0,397,23,323,0,67,-23" /><INIT seed="3,0,0,4,4,87" ten="213,420,323,44" oya="3" hai0="103,39,124,21,26,62,123,98,37,126,118,44,78" hai1="8,72,68,10,133,61,49,30,4,121,32,65,74" hai2="81,66,22,42,56,38,16,59,43,27,122,90,23" hai3="47,130,19,134,13,128,91,102,50,18,54,83,101"/><W95/><G134/><T125/><D118/><U75/><E121/><V58/><F122/><W20/><G130/><T31/><D123/><U82/><E133/><V64/><F38/><W41/><G128/><T116/><D116/><U115/><E115/><V112/><F112/><W12/><G41/><T114/><D114/><U111/><E111/><V92/><F81/><W84/><REACH who="3" step="1"/><G95/><REACH who="3" ten="213,420,323,34" step="2"/><T1/><D125/><U105/><E105/><V71/><F43/><W60/><G60/><T36/><D62/><U93/><E93/><V94/><F42/><W51/><G51/><T86/><D126/><U9/><E49/><V100/><F94/><W2/><G2/><T33/><D1/><U132/><E132/><V79/><F100/><W55/><G55/><T120/><D124/><U11/><E61/><V110/><F110/><W97/><G97/><T107/><D120/><U34/><E4/><V73/><F92/><W109/><G109/><T76/><D39/><U69/><E65/><V7/><F7/><W67/><G67/><T25/><D37/><U88/><E72/><V96/><F96/><W129/><G129/><T57/><D36/><U48/><E74/><V89/><F66/><W119/><G119/><T35/><D98/><U3/><E48/><V24/><F64/><W0/><G0/><T63/><D103/><U70/><E3/><V99/><F99/><W77/><G77/><T15/><D78/><U127/><E127/><V135/><F135/><W106/><G106/><T45/><D76/><N who="1" m="44319" /><E68/><V104/><F104/><W131/><G131/><T85/><D107/><U17/><E69/><RYUUKYOKU ba="0,1" sc="213,-10,420,-10,323,-10,34,30" hai3="12,13,18,19,20,47,50,54,83,84,91,101,102" /><INIT seed="3,1,1,1,5,48" ten="203,410,313,64" oya="3" hai0="98,24,122,69,11,54,37,119,29,110,5,108,3" hai1="76,40,68,23,112,97,13,114,116,16,20,74,101" hai2="17,8,12,42,35,77,81,38,133,45,28,33,93" hai3="126,39,55,118,62,78,66,4,96,109,86,132,51"/><W26/><G118/><T120/><D37/><U123/><E123/><V128/><F133/><W94/><G39/><T79/><D69/><U7/><E116/><V21/><F128/><W82/><G132/><T83/><D98/><U134/><E134/><V44/><F93/><W73/><G126/><T111/><D119/><U59/><E68/><V102/><F102/><W32/><G109/><T106/><D106/><U107/><E40/><V127/><F127/><W60/><G4/><T130/><D54/><U52/><E7/><V65/><F65/><W27/><G73/><T124/><D124/><U117/><E117/><V105/><F105/><W57/><G32/><N who="0" m="20519" /><D130/><U9/><E76/><V80/><F80/><W31/><G31/><T129/><D129/><U90/><E90/><V135/><F135/><W100/><REACH who="3" step="1"/><G62/><REACH who="3" ten="203,410,313,54" step="2"/><T34/><D34/><U46/><E74/><AGARI ba="1,2" hai="3,5,11,74,79,83,108,110,111,120,122" m="20519" machi="74" ten="30,2000,0" yaku="14,1,23,1" doraHai="48" who="0" fromWho="1" sc="203,43,410,-23,313,0,54,0" owari="246,-15.4,387,48.7,313,11.3,54,-44.6" /></mjloggm>