<mjloggm ver="2.3"><GO type="225" lobby="0"/><UN n0="%4C%4F%4C%49%54%41" n1="%E3%83%B4%E3%83%A0%EF%BC%99%E3%81%A6" n2="%E6%81%A5%E6%99%92%E3%81%97" n3="%E9%A6%AC%E5%BC%95%E7%81%AB%33" dan="16,16,16,16" rate="2097.80,2131.76,2129.05,2124.76" sx="F,M,M,M"/><TAIKYOKU oya="0"/><INIT seed="0,0,0,5,5,88" ten="250,250,250,250" oya="0" hai0="105,15,1,91,21,102,38,130,61,73,92,2,101" hai1="19,107,60,78,50,77,112,72,90,49,133,108,97" hai2="29,109,115,18,125,25,84,120,14,33,83,98,32" hai3="7,75,64,36,69,34,53,51,46,13,23,104,116"/><T24/><D38/><U86/><E108/><V66/><F120/><W62/><G116/><T42/><D73/><U95/><E133/><V27/><F115/><W127/><G34/><T20/><D42/><U123/><E123/><V81/><F125/><W16/><G127/><T85/><D130/><U41/><E112/><V11/><F109/><W44/><G75/><T126/><D126/><U63/><E19/><V31/><F84/><W118/><G118/><T103/><D105/><U55/><E41/><V59/><REACH who="2" step="1"/><F98/><REACH who="2" ten="250,250,240,250" step="2"/><W129/><G129/><T0/><D24/><U87/><E87/><V117/><F117/><W9/><G36/><T57/><REACH who="0" step="1"/><D15/><REACH who="0" ten="240,250,240,250" step="2"/><U99/><E72/><V67/><F67/><AGARI ba="0,2" hai="0,1,2,20,21,57,61,67,85,91,92,101,102,103" machi="67" ten="50,9600,0" yaku="1,1,2,1,52,1,53,0" doraHai="88" doraHaiUra="76" who="0" fromWho="2" sc="240,116,250,0,240,-96,250,0" /><INIT seed="0,1,0,0,1,30" ten="356,250,144,250" oya="0" hai0="70,135,66,11,91,10,15,79,24,75,67,35,44" hai1="21,1,76,92,114,59,111,85,17,48,49,42,52" hai2="107,37,129,55,132,73,71,72,4,2,108,31,133" hai3="118,12,89,106,112,0,22,102,9,125,90,121,23"/><T116/><D116/><U29/><E1/><V16/><F107/><W53/><G112/><T100/><D135/><N who="2" m="51786" /><F71/><W81/><G118/><T6/><D100/><U126/><E114/><V38/><F55/><W101/><G0/><T84/><D70/><U105/><E105/><V97/><F97/><W87/><G125/><T95/><D44/><N who="1" m="25623" /><E126/><V134/><N who="2" m="51794" /><V56/><DORA hai="51" /><F56/><W5/><G121/><T99/><D75/><N who="2" m="28746" /><F108/><W47/><G90/><T78/><D99/><U93/><E111/><V103/><F103/><N who="3" m="39435" /><G106/><T41/><D91/><U127/><E29/><V68/><F68/><W119/><G119/><T98/><D98/><U123/><E127/><V34/><F129/><W26/><G26/><T32/><D67/><U33/><E123/><V74/><N who="2" m="28754" /><V128/><DORA hai="120" /><F16/><W3/><G3/><T77/><D66/><U109/><E109/><V18/><F18/><W113/><G113/><T65/><D65/><U110/><E110/><V43/><F43/><W131/><G131/><T82/><D41/><U50/><E17/><V13/><F13/><W117/><G117/><T25/><D15/><U14/><E14/><V46/><F46/><W80/><G80/><T57/><D82/><U104/><E104/><V39/><F128/><W94/><G81/><T130/><D130/><U86/><E59/><V8/><F31/><W96/><G96/><T61/><D57/><U45/><E45/><V115/><F115/><W88/><G89/><T64/><D64/><U60/><E85/><V40/><F40/><W62/><G47/><T69/><D84/><U28/><E86/><RYUUKYOKU ba="1,0" sc="356,-15,250,-15,144,15,250,15" hai2="2,4,8,34,37,38,39" hai3="5,9,12,22,23,53,62,87,88,94" /><INIT seed="1,2,0,5,4,74" ten="341,235,159,265" oya="1" hai0="105,19,77,88,54,11,115,127,22,72,64,62,114" hai1="99,75,48,111,56,128,27,89,18,86,41,1,39" hai2="13,40,57,9,47,8,71,112,68,55,117,2,4" hai3="83,113,42,0,78,133,96,100,30,80,110,34,23"/><U12/><E1/><V118/><F112/><W66/><G113/><T123/><D105/><U61/><E75/><V20/><F20/><W85/><G110/><T87/><D127/><U25/><E128/><V107/><F107/><W132/><G34/><T63/><D123/><U43/><E39/><V131/><F131/><W82/><G0/><T17/><D11/><U104/><E111/><V24/><F24/><N who="3" m="16671" /><G66/><T28/><D28/><U10/><E99/><V7/><F47/><W97/><G42/><N who="1" m="15882" /><E48/><V76/><F40/><W106/><G97/><T49/><D72/><U94/><E104/><V81/><F117/><W92/><G106/><T46/><D63/><U26/><E26/><V70/><F118/><W120/><G120/><T35/><D35/><U36/><E36/><V29/><F29/><W84/><G84/><T79/><D114/><U14/><E14/><V95/><F95/><W37/><G37/><T59/><D115/><U16/><E18/><N who="0" m="6665" /><D22/><U33/><E33/><V116/><F116/><W121/><G121/><T3/><D3/><U134/><E134/><AGARI ba="2,0" hai="78,80,82,83,85,92,96,100,132,133,134" m="16671" machi="134" ten="30,2000,0" yaku="20,1,52,1" doraHai="74" who="3" fromWho="1" sc="341,0,235,-26,159,0,265,26" /><INIT seed="2,0,0,0,2,25" ten="341,209,159,291" oya="2" hai0="135,105,1,121,122,80,44,33,28,62,106,110,73" hai1="94,83,68,63,9,15,40,36,114,74,64,120,125" hai2="39,4,23,82,21,124,109,59,79,108,57,129,128" hai3="117,55,45,60,18,77,96,34,98,81,11,17,16"/><V69/><F69/><W38/><G117/><T30/><D1/><U107/><E107/><N who="0" m="40969" /><D28/><U90/><E114/><V87/><F39/><W86/><G34/><T126/><D110/><N who="2" m="42602" /><F4/><W97/><G38/><T56/><D56/><N who="2" m="21578" /><F124/><W78/><G60/><T92/><D92/><U133/><E120/><V101/><F101/><W112/><G112/><T43/><D135/><U6/><E125/><V19/><F19/><W54/><G78/><N who="0" m="44111" /><D62/><U42/><E133/><V119/><F119/><W104/><G104/><T93/><D93/><U100/><E36/><V65/><F65/><W10/><G45/><T99/><D126/><U113/><E113/><V88/><F79/><W5/><REACH who="3" step="1"/><G5/><REACH who="3" ten="341,209,159,281" step="2"/><T123/><D121/><U35/><E63/><V12/><F12/><W50/><G50/><T71/><D123/><U72/><E15/><V8/><F8/><AGARI ba="0,1" hai="8,10,11,16,17,18,54,55,77,81,86,96,97,98" machi="8" ten="40,5200,0" yaku="1,1,8,1,54,1,53,0" doraHai="25" doraHaiUra="70" who="3" fromWho="2" sc="341,0,209,0,159,-52,281,62" /><INIT seed="3,0,0,5,2,133" ten="341,209,107,343" oya="3" hai0="132,36,116,79,130,78,114,4,3,18,121,75,76" hai1="89,52,93,112,107,106,17,60,124,90,40,12,28" hai2="126,11,47,77,97,15,70,56,65,22,23,0,119" hai3="66,57,68,95,53,69,82,7,101,43,123,58,71"/><W99/><G123/><T41/><D121/><U27/><E112/><V129/><F119/><W86/><G43/><T30/><D116/><U54/><E40/><V88/><F0/><W85/><G7/><T120/><D120/><U62/><E12/><V111/><F70/><W117/><G117/><T19/><D132/><U80/><E80/><V44/><F111/><W34/><G34/><T39/><D30/><U13/><E13/><V113/><F129/><W10/><G10/><N who="0" m="2335" /><D36/><U5/><E93/><V45/><F113/><W32/><G32/><T83/><D130/><U31/><E17/><N who="0" m="6153" /><D114/><U42/><E42/><V96/><F77/><W125/><G66/><T115/><D115/><U67/><E5/><V100/><F11/><W48/><G57/><T73/><D73/><U72/><E72/><V46/><N who="2" m="11264" /><DORA hai="94" /><V8/><F126/><W61/><G61/><T105/><D105/><U84/><E84/><N who="3" m="32362" /><G125/><T103/><D39/><U35/><E35/><V127/><F127/><W21/><G82/><T91/><D83/><U122/><E67/><V118/><F118/><W49/><G49/><T109/><D109/><U20/><E124/><V102/><F8/><W64/><G64/><T108/><D108/><U128/><E128/><V24/><F15/><W14/><G14/><T25/><D41/><U29/><E106/><V110/><F110/><W92/><G21/><N who="2" m="7689" /><F24/><W131/><G131/><T2/><D25/><U63/><E27/><V74/><F74/><W51/><G51/><T37/><D75/><U87/><E122/><V50/><F50/><W16/><G16/><T38/><D38/><RYUUKYOKU ba="0,0" sc="341,-10,209,-10,107,-10,343,30" hai3="48,53,58,68,69,71,92,95,99,101" owari="331,13.1,199,-20.1,97,-40.3,373,47.3" /></mjloggm>