<mjloggm ver="2.3"><GO type="225" lobby="0"/><UN n0="%E6%A1%9C%E8%8A%B1%E9%96%83%E3%80%85" n1="%E5%A4%8F%E9%88%B4%E9%88%B4%E5%A4%8F" n2="%E3%81%99%E3%81%84%E3%81%BE%E3%81%9B%E3%83%BC%E3%82%93" n3="%E5%91%A8%E6%9D%B1" dan="16,16,18,17" rate="2144.11,2056.75,2211.43,2254.30" sx="M,F,M,M"/><TAIKYOKU oya="0"/><INIT seed="0,0,0,0,1,74" ten="250,250,250,250" oya="0" hai0="29,89,94,13,49,103,97,47,66,41,135,121,98" hai1="106,19,95,24,102,99,117,60,128,17,96,123,46" hai2="109,129,44,107,114,39,25,116,16,127,22,125,62" hai3="53,105,21,65,75,42,100,104,59,108,88,87,118"/><T0/><D121/><U30/><E123/><V82/><F114/><W61/><G118/><T93/><D135/><U69/><E117/><V43/><F109/><W23/><G108/><T51/><D0/><U92/><E128/><V91/><F116/><W15/><G75/><T85/><D29/><U3/><E3/><V31/><F107/><W9/><G42/><T101/><D66/><U8/><E8/><V45/><F129/><W52/><G100/><T5/><D5/><U11/><E11/><V28/><F45/><W124/><G124/><N who="2" m="47689" /><F62/><W7/><G105/><T4/><D13/><U131/><E131/><V83/><F91/><W68/><G104/><T34/><D34/><N who="1" m="20807" /><E46/><V122/><F122/><W2/><G2/><T119/><D4/><U111/><E92/><V64/><F64/><W54/><REACH who="3" step="1"/><G68/><REACH who="3" ten="250,250,250,240" step="2"/><T6/><D119/><U73/><E73/><V20/><F31/><W56/><G56/><T113/><D113/><U134/><E111/><V14/><AGARI ba="0,1" hai="14,16,20,22,25,28,39,43,44,82,83" m="47689" machi="14" ten="30,2000,0" yaku="18,1,54,1" doraHai="74" who="2" fromWho="2" sc="250,-10,250,-5,250,30,240,-5" /><INIT seed="1,0,0,1,1,72" ten="240,245,280,235" oya="1" hai0="12,20,95,56,51,123,4,21,81,68,47,33,46" hai1="117,77,90,13,88,24,133,38,36,79,71,26,22" hai2="118,50,44,32,85,94,9,125,65,96,54,11,40" hai3="6,91,113,80,107,16,1,14,121,122,52,37,61"/><U116/><E71/><V49/><F118/><W66/><G107/><T109/><D33/><U43/><E13/><V30/><F125/><W35/><G35/><T84/><D68/><U2/><E2/><V17/><F65/><W39/><G113/><T83/><D109/><U34/><E34/><V105/><F30/><W92/><G80/><T111/><D111/><U63/><E63/><V62/><F32/><W100/><G100/><T127/><D127/><U19/><E133/><V131/><F131/><W128/><G128/><T106/><D106/><U75/><E75/><V129/><F129/><W112/><G112/><T59/><D95/><U23/><E19/><V64/><F17/><W126/><G126/><T25/><D47/><U130/><E130/><V3/><F85/><W99/><G6/><T5/><D123/><U8/><E8/><V57/><F3/><W55/><G1/><T104/><D104/><U29/><E29/><V15/><F15/><W101/><G101/><T28/><D83/><U18/><E18/><V103/><REACH who="2" step="1"/><F105/><REACH who="2" ten="240,245,270,235" step="2"/><W45/><G122/><T108/><D108/><U70/><E70/><AGARI ba="0,1" hai="9,11,40,44,49,50,54,57,62,64,70,94,96,103" machi="70" ten="30,3900,0" yaku="1,1,2,1,7,1,53,0" doraHai="72" doraHaiUra="69" who="2" fromWho="1" sc="240,0,245,-39,270,49,235,0" /><INIT seed="2,0,0,1,2,98" ten="240,206,319,235" oya="2" hai0="25,59,89,6,92,131,48,40,29,67,107,116,65" hai1="108,111,46,11,50,52,58,10,38,102,106,36,115" hai2="83,95,2,117,57,124,66,12,114,53,72,80,78" hai3="42,87,69,70,61,47,8,7,23,94,49,4,122"/><V41/><F114/><W132/><G122/><T45/><D107/><U126/><E115/><V96/><F117/><W54/><G132/><T77/><D116/><U27/><E126/><V127/><F2/><W56/><G7/><T21/><D131/><U97/><E27/><V120/><F120/><W113/><G113/><T32/><D32/><U30/><E30/><V34/><F34/><W3/><G23/><T13/><D77/><U130/><E130/><V101/><F66/><W105/><G105/><T133/><D133/><U51/><E11/><V71/><F71/><W90/><AGARI ba="0,0" hai="3,4,8,42,47,49,54,56,61,69,70,87,90,94" machi="90" ten="30,1100,0" yaku="0,1" doraHai="98" who="3" fromWho="3" sc="240,-3,206,-3,319,-5,235,11" /><INIT seed="3,0,0,3,5,22" ten="237,203,314,246" oya="3" hai0="60,25,47,127,119,77,63,62,124,34,110,57,96" hai1="126,14,42,131,88,69,93,76,5,81,7,24,108" hai2="112,98,49,111,6,74,10,33,125,43,2,16,75" hai3="89,4,122,115,103,19,101,17,133,50,8,28,37"/><W18/><G122/><T72/><D119/><U48/><E108/><V36/><F112/><W95/><G37/><T3/><D3/><U15/><E126/><N who="0" m="48169" /><D110/><U84/><E131/><V58/><F111/><W104/><G104/><T134/><D134/><U105/><E105/><V20/><F33/><W13/><G115/><T68/><D68/><U32/><E69/><V100/><F36/><W27/><G50/><T26/><D34/><U1/><E1/><V94/><F125/><W109/><G133/><T23/><D47/><N who="1" m="25719" /><E32/><V56/><F56/><W91/><G109/><T71/><D71/><U67/><E67/><V85/><F85/><W38/><G38/><T121/><D121/><U11/><E15/><V113/><F113/><W30/><G91/><T54/><D96/><N who="1" m="57383" /><E24/><N who="0" m="9321" /><D23/><U90/><E90/><V51/><F20/><N who="3" m="15463" /><G30/><T80/><AGARI ba="0,0" hai="54,57,60,62,63,72,77,80" m="9321,48169" machi="80" ten="30,7900,0" yaku="18,1,52,3" doraHai="22" who="0" fromWho="0" sc="237,79,203,-20,314,-20,246,-39" owari="316,41.6,183,-31.7,294,9.4,207,-19.3" /></mjloggm>