<mjloggm ver="2.3"><GO type="225" lobby="0"/><UN n0="%E6%A1%9C%E8%8A%B1%E9%96%83%E3%80%85" n1="%E6%9C%88%E5%B3%B6%E5%9F%BA" n2="%E3%82%A2%E3%82%A4%E3%82%B9%E3%83%86%E3%82%A3%E3%83%BC%E3%81%82%E3%81%B9" n3="%E3%83%B4%E3%83%A0%EF%BC%99%E3%81%A6" dan="17,17,16,17" rate="2232.77,2200.01,2075.60,2130.07" sx="M,M,M,M"/><TAIKYOKU oya="0"/><INIT seed="0,0,0,3,4,23" ten="250,250,250,250" oya="0" hai0="15,33,93,84,101,9,104,96,120,52,88,36,48" hai1="46,116,111,126,18,134,54,129,105,127,81,25,20" hai2="30,108,35,24,102,56,66,70,76,29,112,44,13" hai3="73,47,31,125,80,40,87,55,135,19,14,110,128"/><T61/><D120/><U42/><E116/><V132/><F108/><W0/><G0/><T107/><D36/><U106/><E111/><V92/><F112/><W38/><G110/><T27/><D61/><U26/><E129/><V90/><F132/><W34/><G135/><T98/><D33/><U17/><E134/><V64/><F70/><W71/><G71/><T3/><D3/><U32/><E54/><V60/><F102/><W119/><G119/><T28/><D28/><N who="1" m="19471" /><E18/><V100/><F100/><W59/><G125/><N who="1" m="47626" /><E81/><V77/><F66/><W103/><G55/><T10/><D27/><U89/><E89/><V86/><F29/><W79/><G31/><T62/><D62/><U50/><AGARI ba="0,0" hai="17,20,26,42,46,50,105,106" m="47626,19471" machi="50" ten="30,4000,0" yaku="18,1,52,2" doraHai="23" who="1" fromWho="1" sc="250,-20,250,40,250,-10,250,-10" /><INIT seed="1,0,0,0,5,34" ten="230,290,240,240" oya="1" hai0="106,113,91,16,112,83,127,129,92,103,101,114,39" hai1="110,130,43,119,49,85,48,72,69,99,94,52,46" hai2="27,55,2,118,12,120,24,26,96,30,88,70,44" hai3="25,0,32,75,61,67,58,35,76,108,90,54,3"/><U125/><E119/><V79/><F120/><W107/><G107/><T38/><D127/><U23/><E72/><V4/><F118/><W11/><G108/><T78/><D129/><U121/><E121/><V105/><F70/><W7/><G0/><T65/><D65/><U132/><E69/><V63/><F79/><W80/><G25/><T31/><D31/><U126/><E130/><V6/><F2/><W134/><G134/><T62/><D62/><U81/><E132/><V122/><F122/><W51/><REACH who="3" step="1"/><G90/><REACH who="3" ten="230,290,240,230" step="2"/><T117/><D117/><U77/><E110/><V40/><F105/><W21/><G21/><T97/><D103/><U123/><E123/><V20/><F24/><W29/><G29/><T1/><D1/><U53/><E23/><V10/><F26/><W15/><G15/><T109/><D109/><U9/><E9/><V86/><F12/><W36/><G36/><T66/><D39/><U22/><E22/><V102/><F10/><W93/><G93/><T84/><D38/><U17/><E126/><V42/><F20/><W89/><G89/><T74/><D66/><U28/><E28/><V116/><F27/><W14/><G14/><T37/><D37/><U124/><E124/><V19/><F30/><W47/><AGARI ba="0,1" hai="3,7,11,32,35,47,51,54,58,61,67,75,76,80" machi="47" ten="20,8000,1" yaku="1,1,0,1,7,1,52,1,53,1" doraHai="34" doraHaiUra="57" who="3" fromWho="3" sc="230,-20,290,-40,240,-20,230,90" /><INIT seed="2,0,0,5,5,42" ten="210,250,220,320" oya="2" hai0="16,0,25,35,2,41,107,19,66,81,116,44,120" hai1="5,12,135,110,85,114,69,74,55,129,8,100,113" hai2="53,115,58,82,21,22,52,98,61,125,128,106,43" hai3="96,80,62,131,84,77,86,95,24,133,7,123,83"/><V64/><F115/><W78/><G123/><T134/><D120/><U126/><E74/><V54/><F125/><W99/><G7/><T90/><D107/><U94/><E69/><V124/><F124/><W89/><G24/><T76/><D66/><U59/><E126/><V102/><F128/><W67/><G131/><T97/><D134/><U75/><E75/><V13/><F13/><W73/><REACH who="3" step="1"/><G133/><REACH who="3" ten="210,250,220,310" step="2"/><T104/><D25/><U92/><E129/><V15/><F15/><W26/><G26/><T49/><D2/><U93/><E135/><V9/><F9/><W28/><G28/><T32/><D0/><U118/><E12/><V70/><F70/><AGARI ba="0,1" hai="62,67,70,73,77,78,80,83,84,86,89,95,96,99" machi="70" ten="30,2000,0" yaku="1,1,7,1,53,0" doraHai="42" doraHaiUra="117" who="3" fromWho="2" sc="210,0,250,0,220,-20,310,30" /><INIT seed="3,0,0,0,4,45" ten="210,250,200,340" oya="3" hai0="92,24,118,25,111,13,57,112,44,99,135,109,97" hai1="8,95,117,38,85,71,48,46,63,123,131,101,75" hai2="89,78,51,64,30,31,107,70,52,15,53,108,28" hai3="130,120,61,93,11,49,36,6,29,9,127,115,81"/><W77/><G36/><T12/><D118/><U100/><E75/><V26/><F107/><W16/><G115/><T23/><D112/><U67/><E123/><V113/><F113/><W35/><G120/><T126/><D126/><U5/><E38/><V121/><F121/><W76/><G127/><T122/><D122/><U87/><E131/><V2/><F2/><W134/><G35/><T0/><D0/><U104/><E104/><V132/><F108/><N who="0" m="41546" /><D135/><U58/><E71/><V86/><F78/><W84/><G29/><N who="0" m="17567" /><D44/><U82/><E95/><N who="2" m="54711" /><F70/><W133/><G61/><T80/><D25/><U68/><E68/><V116/><F116/><W54/><G54/><N who="2" m="21097" /><F132/><W94/><G77/><T129/><D129/><U128/><E128/><V59/><F15/><N who="0" m="5706" /><D57/><U110/><E58/><V96/><F96/><N who="0" m="36938" /><D92/><U18/><E117/><V90/><F90/><W103/><G130/><T14/><N who="0" m="5714" /><T17/><DORA hai="41" /><D17/><U1/><E1/><V37/><F37/><W34/><G133/><T27/><D27/><U62/><E110/><V119/><F119/><W106/><G106/><T73/><D80/><U55/><E82/><V19/><F19/><W56/><G16/><T4/><D73/><U105/><E18/><V60/><F26/><W39/><G39/><T102/><D102/><U74/><E101/><V79/><F79/><W47/><G76/><T32/><D32/><U66/><E100/><V72/><F72/><W22/><G34/><T91/><D91/><U69/><E74/><V88/><F88/><W42/><G103/><T124/><D124/><U114/><E105/><V7/><F7/><AGARI ba="0,0" hai="4,7" m="36938,5714,17567,41546" machi="7" ten="40,2600,0" yaku="6,1,14,1" doraHai="45,41" who="0" fromWho="2" sc="210,26,250,0,200,-26,340,0" owari="236,-16.4,250,5.0,174,-32.6,340,44.0" /></mjloggm>