<mjloggm ver="2.3"><GO type="225" lobby="0"/><UN n0="%E3%83%B4%E3%83%A0%EF%BC%99%E3%81%A6" n1="%E9%A6%AC%E5%BC%95%E7%81%AB%33" n2="%E6%A5%93%E4%BB%8B" n3="%4C%4F%4C%49%54%41" dan="16,16,16,16" rate="2175.12,2182.89,2113.41,2127.66" sx="M,M,M,F"/><TAIKYOKU oya="0"/><INIT seed="0,0,0,4,1,135" ten="250,250,250,250" oya="0" hai0="11,43,68,22,16,56,120,111,125,109,38,4,106" hai1="59,87,126,81,54,21,117,2,39,29,26,19,32" hai2="86,129,13,85,105,95,48,14,115,57,3,24,37" hai3="69,53,90,12,41,15,127,30,5,33,113,55,8"/><T17/><D120/><U61/><E117/><V77/><F105/><W46/><G113/><T100/><D68/><U133/><E133/><V104/><F104/><W71/><G33/><T78/><D78/><U114/><E114/><V92/><F3/><W27/><G127/><T97/><D125/><U66/><E126/><V51/><F37/><W80/><G55/><T49/><D38/><U58/><E39/><V76/><F115/><W82/><G53/><N who="0" m="31791" /><D22/><U121/><E2/><V35/><F35/><W45/><G90/><T72/><D72/><U128/><E128/><V0/><F0/><W67/><G67/><T94/><D106/><U131/><E131/><V62/><F129/><W9/><G27/><T91/><D100/><U60/><E121/><V79/><F24/><W134/><G134/><T75/><D43/><U7/><E7/><V103/><F103/><W118/><G5/><T124/><D75/><U107/><E107/><V18/><F62/><W98/><G41/><T130/><D130/><U122/><E122/><V28/><F28/><W88/><G30/><T20/><D124/><U99/><E99/><V65/><F65/><W112/><G112/><T34/><D34/><U96/><E96/><V47/><F57/><W40/><G98/><T36/><D36/><U89/><E32/><V83/><F79/><W84/><G69/><T6/><D6/><U93/><E29/><V50/><F47/><N who="3" m="17931" /><G71/><T42/><D42/><U110/><E110/><N who="0" m="41993" /><D20/><U63/><E63/><V23/><F77/><N who="3" m="46095" /><G40/><T70/><D70/><U132/><E132/><V10/><F76/><W52/><G118/><RYUUKYOKU ba="0,0" sc="250,15,250,15,250,-15,250,-15" hai0="4,11,16,17,91,94,97" hai1="19,21,26,54,58,59,60,61,66,81,87,89,93" /><INIT seed="0,1,0,0,2,17" ten="265,265,235,235" oya="0" hai0="11,86,111,38,130,28,68,1,76,109,15,46,93" hai1="40,51,34,94,115,77,64,14,0,50,122,13,42" hai2="58,31,120,24,79,74,21,53,16,113,78,32,99" hai3="60,97,5,29,63,91,112,83,133,82,96,116,134"/><T43/><D68/><U135/><E0/><V102/><F120/><W119/><G29/><T90/><D130/><U105/><E105/><V39/><F39/><W127/><G5/><T36/><D1/><U20/><E34/><V44/><F44/><W117/><G112/><T10/><D36/><U121/><E77/><V84/><F74/><W129/><G127/><T132/><D132/><N who="3" m="50793" /><G129/><T3/><D3/><U27/><E135/><V71/><F71/><W89/><G60/><T67/><D67/><U125/><E94/><V114/><F114/><W59/><G59/><T61/><D61/><U106/><E106/><V95/><F84/><N who="3" m="50327" /><G63/><T37/><D37/><U48/><E115/><V108/><F113/><W9/><G9/><T131/><D131/><U110/><E64/><V88/><F102/><W118/><G118/><T128/><D128/><U4/><E125/><V100/><F100/><W26/><G26/><T54/><D28/><U75/><E75/><V7/><F7/><W80/><G91/><T92/><D10/><U87/><E4/><V101/><F32/><W126/><G126/><T70/><D70/><U98/><E27/><V72/><F31/><W22/><G22/><T35/><D35/><U30/><E30/><V57/><F101/><W104/><G104/><T23/><D11/><U56/><E122/><V41/><F24/><W45/><G45/><T6/><D6/><U124/><E124/><V123/><F57/><W52/><G52/><T2/><D2/><U73/><E56/><V18/><F58/><W33/><G33/><T49/><D46/><N who="1" m="25671" /><E121/><V107/><F123/><RYUUKYOKU ba="1,0" sc="265,-10,265,-10,235,-10,235,30" hai3="80,83,96,97,116,117,119" /><INIT seed="1,2,0,4,3,9" ten="255,255,225,265" oya="1" hai0="90,15,76,50,104,83,25,34,129,10,114,51,79" hai1="88,112,53,4,85,48,27,84,108,13,32,44,56" hai2="107,131,49,86,75,80,3,124,116,22,74,30,23" hai3="120,64,105,28,77,127,94,41,134,26,2,71,18"/><U21/><E112/><V122/><F3/><W5/><G120/><T54/><D114/><U109/><E32/><V73/><F122/><W36/><G105/><T35/><D104/><U60/><E4/><V37/><F37/><W6/><G18/><T17/><D129/><U58/><E58/><V93/><F30/><W95/><G134/><T81/><D90/><U98/><E85/><V24/><F23/><W11/><G6/><T72/><D25/><U14/><E98/><V117/><F49/><W47/><G127/><T100/><D100/><U89/><E89/><N who="2" m="53431" /><F22/><W82/><G64/><T55/><D51/><U12/><E84/><V52/><F52/><W16/><G71/><T106/><D106/><U133/><E133/><V65/><F24/><W91/><G91/><T97/><D97/><U19/><REACH who="1" step="1"/><E88/><REACH who="1" ten="255,245,225,265" step="2"/><V42/><F74/><W40/><G5/><T99/><D99/><U113/><E113/><V103/><F75/><W111/><G77/><T57/><D54/><AGARI ba="2,1" hai="12,13,14,19,21,27,44,48,53,54,56,60,108,109" machi="54" ten="40,12000,1" yaku="1,1,52,3,53,0" doraHai="9" doraHaiUra="62" who="1" fromWho="0" sc="255,-126,245,136,225,0,265,0" /><INIT seed="1,3,0,3,3,85" ten="129,381,225,265" oya="1" hai0="15,37,48,24,41,68,99,76,62,61,29,64,8" hai1="9,93,105,66,43,16,32,97,74,124,2,113,88" hai2="28,23,7,121,108,67,51,116,132,72,54,82,34" hai3="11,59,12,45,107,70,86,80,17,3,56,106,127"/><U18/><E113/><V27/><F116/><W115/><G115/><T13/><D37/><U119/><E119/><V95/><F121/><W100/><G70/><T123/><D123/><U122/><E122/><V102/><F108/><W91/><G127/><T96/><D76/><U31/><E74/><V4/><F132/><W110/><G110/><T58/><D48/><U20/><E105/><V129/><F129/><W5/><G45/><T125/><D41/><U112/><E112/><V60/><F34/><W103/><G107/><T79/><D79/><U84/><E66/><V63/><F82/><W40/><G40/><T47/><D47/><U36/><E36/><V30/><F30/><W134/><G134/><T55/><D125/><U21/><E43/><V126/><F72/><W101/><REACH who="3" step="1"/><G106/><REACH who="3" ten="129,381,225,255" step="2"/><T35/><REACH who="0" step="1"/><D15/><REACH who="0" ten="119,381,225,255" step="2"/><U117/><E124/><V114/><F126/><W83/><G83/><T69/><D69/><U65/><E117/><V22/><F114/><W94/><G94/><T81/><D81/><U53/><E93/><V92/><F92/><W26/><G26/><T133/><D133/><U128/><E128/><V109/><F109/><W77/><G77/><T135/><D135/><U50/><E2/><V14/><F95/><W71/><G71/><T120/><D120/><U19/><E97/><V98/><F98/><W42/><G42/><T90/><D90/><U46/><E88/><V89/><F89/><W104/><G104/><T1/><D1/><U6/><E84/><V78/><F78/><W52/><G52/><T25/><D25/><U10/><E53/><V87/><F54/><RYUUKYOKU ba="3,2" sc="119,15,381,-15,225,-15,255,15" hai0="8,13,24,29,35,55,58,61,62,64,68,96,99" hai3="3,5,11,12,17,56,59,80,86,91,100,101,103" /><INIT seed="2,4,2,5,5,126" ten="134,366,210,270" oya="2" hai0="66,122,13,75,94,17,36,117,19,76,77,127,33" hai1="115,107,124,58,20,100,44,60,31,95,23,15,128" hai2="68,84,45,3,88,24,90,109,57,85,73,101,12" hai3="64,59,81,83,112,79,106,65,42,7,40,99,25"/><V11/><F68/><W21/><G112/><T32/><D122/><U29/><E107/><V43/><F73/><W47/><G7/><T53/><D36/><U27/><E115/><V74/><F74/><W98/><G106/><T134/><D127/><U5/><E124/><V110/><F3/><W120/><G120/><T111/><D66/><N who="3" m="25705" /><G59/><T104/><D104/><U48/><E58/><V8/><F101/><W91/><G79/><N who="0" m="30283" /><D75/><U62/><E5/><V14/><F57/><W131/><G131/><T118/><D94/><U113/><E128/><V2/><F2/><W39/><G39/><T22/><D53/><U30/><E15/><N who="2" m="5675" /><F24/><W10/><G10/><N who="2" m="3625" /><F45/><W1/><G1/><T105/><D105/><U133/><E113/><V26/><F26/><W6/><G6/><T56/><D56/><U123/><E123/><V55/><F43/><N who="3" m="16427" /><G47/><T67/><D67/><U92/><E100/><V97/><F55/><W119/><G119/><N who="0" m="45579" /><D19/><U102/><E102/><V116/><F116/><W78/><G78/><T70/><D70/><U114/><E114/><V72/><F72/><W125/><G125/><T49/><D49/><U129/><E48/><V103/><F103/><W34/><G91/><N who="2" m="34857" /><F97/><N who="3" m="36875" /><G34/><T46/><D46/><U71/><E44/><V50/><F50/><W108/><G108/><AGARI ba="4,2" hai="84,85,108,109,110" m="34857,3625,5675" machi="108" ten="30,12000,1" yaku="28,2,14,1,10,1,54,1" doraHai="126" who="2" fromWho="3" sc="134,0,366,0,210,152,270,-132" /><INIT seed="2,5,0,1,2,14" ten="134,366,362,138" oya="2" hai0="73,36,105,75,85,132,39,23,113,64,46,45,10" hai1="115,17,59,61,34,80,89,78,29,9,40,119,134" hai2="98,87,48,82,20,96,1,131,118,50,42,68,58" hai3="63,84,70,99,106,77,31,108,47,91,66,52,2"/><V37/><F118/><W109/><G2/><T72/><D113/><U26/><E115/><V111/><F68/><W90/><G31/><T107/><D132/><U129/><E119/><V53/><F1/><W88/><G77/><T60/><D10/><U124/><E134/><V81/><F131/><W4/><G4/><T102/><D85/><U44/><E129/><V57/><F111/><N who="3" m="42571" /><G99/><T74/><N who="0" m="18432" /><DORA hai="76" /><T93/><D93/><U122/><E124/><V15/><F37/><W123/><G106/><T83/><D83/><N who="2" m="31754" /><F87/><W100/><G100/><T103/><D23/><U101/><E122/><V86/><F86/><W121/><G84/><T125/><D125/><U54/><E80/><V110/><F110/><W104/><G104/><T133/><D133/><U94/><E78/><V55/><F42/><W0/><G0/><T33/><D33/><U71/><E40/><V69/><F69/><W51/><AGARI ba="5,0" hai="47,51,52,63,66,70,88,90,91,121,123" m="42571" machi="51" ten="40,5200,0" yaku="14,1,54,2" doraHai="14,76" who="3" fromWho="3" sc="134,-18,366,-18,362,-31,138,67" /><INIT seed="3,0,0,1,1,54" ten="116,348,331,205" oya="3" hai0="131,10,134,19,118,37,82,98,121,34,100,124,112" hai1="105,92,56,52,81,107,67,69,36,85,122,117,32" hai2="94,123,45,8,47,55,26,22,61,66,68,21,79" hai3="16,80,128,78,109,24,7,104,44,99,86,111,115"/><W27/><G115/><T96/><D37/><U48/><E122/><V11/><F123/><W6/><G128/><T53/><D121/><U2/><E2/><V14/><F79/><W73/><G73/><T110/><D131/><U133/><E32/><V15/><F94/><W28/><G44/><T0/><D112/><U60/><E133/><V114/><F114/><W3/><G3/><T127/><D118/><U46/><E92/><V41/><F55/><W75/><G86/><T108/><D34/><U50/><E50/><V103/><F103/><N who="3" m="62591" /><G28/><T38/><D38/><U25/><E25/><N who="3" m="9802" /><G16/><T102/><D0/><U9/><E9/><V91/><F47/><W97/><G97/><T35/><D35/><U129/><E117/><V42/><F45/><W87/><G87/><T57/><D134/><U30/><E30/><V62/><F26/><W71/><G71/><T4/><D127/><U23/><E23/><V76/><F68/><W72/><G72/><T17/><D124/><U77/><E129/><V31/><F31/><W1/><G1/><T93/><D110/><AGARI ba="0,0" hai="6,7,75,78,80,109,110,111" m="9802,62591" machi="110" ten="30,2900,0" yaku="14,1,10,1" doraHai="54" who="3" fromWho="0" sc="116,-29,348,0,331,0,205,29" /><INIT seed="3,1,0,2,5,4" ten="87,348,331,234" oya="3" hai0="34,41,57,64,80,10,91,122,32,74,56,19,92" hai1="130,49,17,59,20,114,98,99,128,33,78,68,93" hai2="124,95,100,123,87,39,108,48,54,117,46,73,16" hai3="53,66,52,5,90,121,23,134,24,113,7,60,75"/><W28/><G113/><T97/><D122/><U104/><E33/><V70/><F117/><W6/><G121/><T126/><D126/><U85/><E68/><V31/><F123/><W110/><G75/><T81/><D32/><U118/><E114/><V0/><F73/><W12/><G134/><T83/><D34/><U116/><E104/><V119/><F119/><N who="1" m="45609" /><E59/><V72/><F72/><W18/><G90/><T40/><D74/><U115/><E49/><V11/><F31/><W107/><G107/><T36/><D36/><U112/><E112/><V30/><F30/><W29/><G29/><T44/><D44/><U2/><E2/><V125/><F70/><W69/><REACH who="3" step="1"/><G110/><REACH who="3" ten="87,348,331,224" step="2"/><T82/><N who="0" m="20480" /><DORA hai="13" /><T89/><D89/><N who="1" m="53423" /><E115/><V102/><F108/><W111/><G111/><T132/><D132/><U62/><E78/><V61/><F102/><W25/><G25/><T129/><D129/><N who="1" m="49771" /><E62/><V79/><F61/><W1/><G1/><T76/><D76/><U103/><E103/><V14/><F79/><W51/><G51/><T86/><D86/><U45/><E45/><V96/><F87/><W37/><G37/><T38/><D38/><U101/><E101/><V63/><F63/><W26/><G26/><AGARI ba="1,1" hai="17,20,26,98,99" m="49771,53423,45609" machi="26" ten="30,3900,0" yaku="12,1,19,1,52,1" doraHai="4,13" who="1" fromWho="3" sc="87,0,348,52,331,0,224,-42" owari="87,-41.3,400,50.0,331,13.1,182,-21.8" /></mjloggm>