<mjloggm ver="2.3"><GO type="225" lobby="0"/><UN n0="%E6%B4%BE%E9%81%A3%E3%81%AE%E3%82%B8%E3%83%A3%E3%83%83%E3%82%AF" n1="%E3%83%81%E3%83%83%E3%82%BF%E3%82%BD%E3%83%BC" n2="%45%6C%79%73%69%75%6D" n3="%E6%9C%88%E5%B3%B6%E5%9F%BA" dan="17,16,16,16" rate="2178.96,2101.20,2140.59,2121.72" sx="M,F,M,M"/><TAIKYOKU oya="0"/><INIT seed="0,0,0,3,2,2" ten="250,250,250,250" oya="0" hai0="18,87,126,76,82,33,8,85,17,4,25,102,44" hai1="83,39,93,56,40,107,42,132,97,73,50,15,64" hai2="67,104,98,49,117,101,48,66,123,38,53,127,90" hai3="100,88,74,0,21,57,99,41,7,125,13,109,62"/><T129/><D129/><U118/><E132/><V75/><F38/><W24/><G74/><T111/><D126/><U120/><E118/><V68/><F117/><W105/><G125/><T27/><D102/><U86/><E73/><V26/><F127/><W16/><G109/><T37/><D111/><U5/><E107/><V108/><F108/><W11/><G41/><T34/><D37/><U54/><E120/><V134/><F123/><W3/><REACH who="3" step="1"/><G88/><REACH who="3" ten="250,250,250,240" step="2"/><N who="0" m="51255" /><D34/><U106/><E39/><V28/><F75/><W81/><G81/><N who="0" m="47527" /><D33/><U59/><E106/><V20/><F134/><W60/><G60/><T14/><D44/><U23/><E40/><V79/><F79/><W46/><G46/><T122/><D122/><U116/><E42/><V70/><F90/><W31/><G31/><T10/><D10/><U47/><E116/><V128/><F128/><W92/><G92/><T89/><D89/><U30/><E47/><V94/><F104/><W96/><G96/><T36/><D36/><U95/><E97/><V131/><F131/><W55/><AGARI ba="0,1" hai="0,3,7,11,13,16,21,24,55,57,62,99,100,105" machi="55" ten="20,8000,1" yaku="1,1,0,1,7,1,52,1,54,1,53,0" doraHai="2" doraHaiUra="124" who="3" fromWho="3" sc="250,-40,250,-20,250,-20,240,90" /><INIT seed="1,0,0,1,3,38" ten="210,230,230,330" oya="1" hai0="47,80,26,93,129,6,66,30,98,105,67,103,54" hai1="102,68,86,124,40,0,21,3,107,77,112,90,5" hai2="83,43,76,92,121,134,29,18,82,115,19,128,50" hai3="125,96,104,44,116,53,12,16,17,85,113,119,70"/><U118/><E112/><V55/><F121/><W100/><G113/><T132/><D132/><U28/><E118/><N who="3" m="45098" /><G125/><T2/><D129/><U75/><E124/><V41/><F115/><W23/><G70/><T62/><D2/><U131/><E68/><V97/><F128/><W7/><G85/><T33/><D6/><U74/><E131/><V37/><F134/><W49/><G17/><N who="2" m="6153" /><F29/><W126/><G126/><T32/><D80/><N who="2" m="30762" /><F37/><W108/><G7/><T34/><D105/><U10/><E0/><V122/><F76/><W42/><G108/><T81/><D81/><U110/><E110/><V84/><F84/><W48/><G48/><T71/><D66/><U73/><E77/><V9/><F9/><W64/><G64/><T61/><D61/><U15/><E28/><V24/><F24/><W95/><G104/><T51/><AGARI ba="0,0" hai="26,30,32,33,34,47,51,54,62,67,71,93,98,103" machi="51" ten="30,1100,0" yaku="0,1" doraHai="38" who="0" fromWho="0" sc="210,11,230,-5,230,-3,330,-3" /><INIT seed="2,0,0,5,0,43" ten="221,225,227,327" oya="2" hai0="24,37,6,55,85,105,111,54,76,25,58,66,92" hai1="28,101,83,89,81,104,107,39,120,127,52,117,62" hai2="80,3,77,32,91,27,68,119,73,63,2,69,4" hai3="129,124,123,103,38,109,86,122,113,5,11,70,48"/><V118/><F91/><W82/><G38/><T134/><D105/><U74/><E117/><N who="2" m="44555" /><F63/><W116/><G116/><T46/><D111/><U126/><E39/><V59/><F59/><W44/><G109/><T30/><D134/><U131/><E28/><N who="2" m="19487" /><F4/><W13/><G70/><AGARI ba="0,0" hai="2,3,68,69,70,73,77,80" m="19487,44555" machi="70" ten="30,1500,0" yaku="23,1" doraHai="43" who="2" fromWho="3" sc="221,0,225,0,227,15,327,-15" /><INIT seed="2,1,0,0,0,36" ten="221,225,242,312" oya="2" hai0="76,42,61,19,70,6,52,24,9,4,117,127,7" hai1="15,132,69,48,91,92,113,122,96,10,33,73,46" hai2="94,22,31,107,17,13,51,59,34,2,32,56,18" hai3="106,47,90,58,11,131,100,75,16,66,40,123,77"/><V14/><F107/><W114/><G123/><T3/><D127/><U39/><E113/><V98/><F2/><W55/><G114/><T71/><D76/><U8/><E132/><V65/><F31/><W102/><G131/><T120/><D120/><U118/><E118/><V30/><F30/><W74/><G66/><T41/><D117/><U72/><E122/><V125/><F125/><W133/><G133/><T23/><D9/><U97/><E33/><V62/><F56/><W78/><G75/><T112/><D3/><U134/><E134/><V53/><F65/><W115/><G74/><T27/><D27/><U105/><E69/><V25/><F51/><N who="3" m="27111" /><G106/><T37/><D112/><U87/><E39/><V95/><F95/><W116/><G116/><T80/><D80/><U83/><E72/><V79/><F79/><N who="3" m="30219" /><G90/><T49/><D37/><U43/><E73/><V89/><REACH who="2" step="1"/><F13/><REACH who="2" ten="221,225,232,312" step="2"/><N who="3" m="7231" /><G115/><T109/><D109/><U1/><E1/><V93/><F93/><W50/><AGARI ba="1,1" hai="50,55,58,100,102" m="7231,30219,27111" machi="50" ten="30,4000,0" yaku="8,1,52,1,54,1" doraHai="36" who="3" fromWho="3" sc="221,-11,225,-11,232,-21,312,53" /><INIT seed="3,0,0,5,0,107" ten="210,214,211,365" oya="3" hai0="33,97,20,133,45,18,82,80,7,49,52,46,23" hai1="61,131,85,16,19,63,28,54,68,6,59,124,100" hai2="43,106,130,55,50,39,11,10,71,90,13,74,21" hai3="17,127,119,110,58,65,135,118,78,56,117,66,92"/><W37/><G37/><T121/><D121/><U73/><E73/><V35/><F35/><W27/><G110/><T51/><D33/><U48/><E124/><V95/><F106/><W5/><G127/><T8/><D133/><U53/><E131/><V86/><F71/><W14/><G135/><T123/><D123/><U57/><E28/><V111/><F111/><W102/><G78/><T40/><D97/><U4/><E100/><V72/><F130/><W60/><G27/><N who="0" m="14743" /><D23/><U103/><E103/><V116/><F116/><W114/><G58/><T113/><D113/><U109/><E109/><V34/><F34/><W81/><G81/><T75/><D75/><N who="2" m="28714" /><F43/><W125/><G5/><N who="1" m="2154" /><E68/><V99/><F99/><W24/><G24/><T91/><D91/><U88/><E63/><V30/><F39/><W79/><G60/><T70/><D70/><U108/><E108/><V15/><F30/><W101/><G125/><T12/><AGARI ba="0,0" hai="7,8,12,40,45,46,49,51,52,80,82" m="14743" machi="12" ten="30,2000,0" yaku="8,1,54,1" doraHai="107" who="0" fromWho="0" sc="210,20,214,-5,211,-5,365,-10" owari="230,3.0,209,-19.1,206,-29.4,355,45.5" /></mjloggm>