<mjloggm ver="2.3"><GO type="225" lobby="0"/><UN n0="%4C%E3%82%AA%E3%83%97%E3%83%86%E3%82%A3%E3%82%B8%E3%83%B3%E3%82%AF" n1="%E8%81%B7%E6%A5%AD%E3%80%81%E9%A2%A8%32" n2="%E7%B4%94%E6%BD%94%E3%83%94%E3%83%A9%E3%83%8B%E3%82%A2" n3="%E3%81%BF%E3%81%BF%E3%81%9A" dan="16,16,17,17" rate="2122.55,2196.18,2246.78,2193.95" sx="M,M,M,M"/><TAIKYOKU oya="0"/><INIT seed="0,0,0,4,3,25" ten="250,250,250,250" oya="0" hai0="103,67,99,27,97,94,129,24,33,57,43,10,56" hai1="113,9,3,11,20,26,41,102,63,74,50,22,40" hai2="0,91,135,120,108,66,87,29,126,32,7,72,46" hai3="55,82,93,116,36,21,39,115,62,133,125,73,58"/><T48/><D129/><U23/><E113/><V122/><F72/><W104/><G115/><T61/><D33/><U105/><E74/><V54/><F108/><W65/><G104/><T13/><D99/><U37/><E37/><V118/><F126/><W45/><G116/><T18/><REACH who="0" step="1"/><D56/><REACH who="0" ten="240,250,250,250" step="2"/><U96/><E26/><V83/><F32/><W100/><G58/><T124/><D124/><U52/><E63/><V30/><F120/><W81/><G62/><T70/><D70/><U111/><E111/><V2/><F122/><W16/><G125/><T77/><D77/><U84/><E84/><V6/><F118/><W8/><G73/><T85/><D85/><U69/><E69/><V12/><F87/><W14/><G133/><T64/><D64/><U53/><E96/><V119/><F66/><W28/><G65/><T107/><D107/><U49/><E105/><V47/><F135/><W75/><G75/><T106/><D106/><U86/><E86/><V38/><F119/><W89/><G93/><T90/><D90/><U4/><E102/><V17/><F91/><W121/><G100/><T80/><D80/><U134/><E134/><V31/><F83/><W98/><G121/><T109/><D109/><U128/><E128/><V92/><F92/><N who="3" m="56591" /><G82/><T114/><D114/><U95/><E95/><V79/><F79/><W68/><G81/><T110/><D110/><U15/><E53/><V131/><F131/><W51/><G68/><T5/><D5/><N who="2" m="1546" /><F54/><W1/><G1/><T42/><D42/><N who="1" m="16491" /><E52/><V88/><F88/><W127/><G127/><T44/><AGARI ba="0,1" hai="10,13,18,24,27,43,44,48,57,61,67,94,97,103" machi="44" ten="30,6000,0" yaku="1,1,0,1,8,1,53,0" doraHai="25" doraHaiUra="112" who="0" fromWho="0" sc="240,70,250,-20,250,-20,250,-20" /><INIT seed="0,1,0,0,2,126" ten="310,230,230,230" oya="0" hai0="90,70,128,93,88,44,113,12,106,43,94,92,80" hai1="68,18,127,77,27,96,85,76,66,105,9,2,17" hai2="7,119,107,51,79,130,56,72,33,54,120,108,1" hai3="103,122,60,123,98,65,41,134,19,112,23,3,25"/><T100/><D113/><U116/><E127/><V111/><F120/><N who="3" m="46123" /><G112/><T46/><D70/><U15/><E116/><V26/><F119/><W95/><G134/><T82/><D128/><U48/><E2/><V8/><F130/><W81/><G3/><T11/><D106/><U118/><E118/><V135/><F107/><W57/><G81/><N who="0" m="31339" /><D100/><U99/><E85/><V125/><F125/><W110/><G41/><T101/><D101/><U97/><E105/><V104/><F104/><W30/><G110/><N who="2" m="42025" /><F135/><W13/><G13/><T49/><D46/><U58/><E68/><V69/><F69/><W35/><G19/><AGARI ba="1,0" hai="11,12,19,43,44,49,88,90,92,93,94" m="31339" machi="19" ten="30,2900,0" yaku="8,1,54,1" doraHai="126" who="0" fromWho="3" sc="310,32,230,0,230,0,230,-32" /><INIT seed="0,2,0,2,0,92" ten="342,230,230,198" oya="0" hai0="29,96,1,62,63,82,51,105,89,133,4,56,111" hai1="107,33,12,95,87,7,26,108,120,27,83,93,98" hai2="90,81,131,25,31,78,118,80,43,50,0,125,57" hai3="94,24,58,36,46,38,115,37,113,74,16,71,60"/><T55/><D133/><U64/><E120/><V6/><F118/><W2/><G74/><T114/><D114/><U73/><E73/><V123/><F123/><W121/><G2/><T72/><D111/><U15/><E108/><V67/><F125/><W39/><G121/><T70/><D29/><U126/><E126/><V54/><F131/><W42/><G71/><T130/><D130/><U49/><E107/><V104/><F104/><W128/><G128/><T22/><D70/><U10/><E93/><V79/><F67/><W32/><G32/><T106/><D22/><U68/><E33/><V112/><F43/><W101/><G101/><T48/><D89/><N who="1" m="55663" /><E68/><V35/><F90/><W52/><REACH who="3" step="1"/><G94/><REACH who="3" ten="342,230,230,188" step="2"/><T69/><D69/><U124/><E124/><V103/><F103/><W23/><AGARI ba="2,1" hai="16,23,24,36,37,38,39,42,46,52,58,60,113,115" machi="23" ten="40,8000,1" yaku="1,1,2,1,0,1,54,2,53,0" doraHai="92" doraHaiUra="119" who="3" fromWho="3" sc="342,-42,230,-22,230,-22,188,96" /><INIT seed="1,0,0,4,3,111" ten="300,208,208,284" oya="1" hai0="127,126,122,88,103,79,17,9,94,48,25,115,38" hai1="108,124,54,3,68,116,125,100,52,72,41,5,11" hai2="105,119,61,120,80,133,123,43,90,31,36,6,89" hai3="32,47,56,10,28,66,132,117,110,15,70,23,4"/><U91/><E116/><V101/><F119/><W53/><G117/><T1/><D115/><U58/><E68/><V21/><F6/><W37/><G110/><T130/><D38/><U77/><E108/><V27/><F133/><W12/><G132/><T98/><D130/><U57/><E100/><V33/><F61/><W60/><G32/><T85/><D122/><U76/><E41/><V45/><F21/><W106/><G106/><T118/><D118/><U62/><E91/><V69/><F69/><W93/><G93/><T107/><D48/><U39/><E39/><V44/><F44/><W8/><G23/><T102/><D102/><U74/><E72/><V92/><F105/><W83/><G28/><T129/><D129/><U24/><E24/><V113/><F113/><W75/><G83/><T18/><D79/><U2/><E2/><V128/><F128/><W135/><G75/><T0/><D25/><U73/><E73/><V67/><F67/><W49/><G135/><T40/><D40/><U59/><E59/><V13/><F13/><W112/><G112/><T97/><D97/><U22/><E22/><V99/><REACH who="2" step="1"/><F80/><REACH who="2" ten="300,208,198,284" step="2"/><W121/><G121/><AGARI ba="0,1" hai="27,31,33,36,43,45,89,90,92,99,101,120,121,123" machi="121" ten="40,2600,0" yaku="1,1,2,1,53,0" doraHai="111" doraHaiUra="19" who="2" fromWho="3" sc="300,0,208,0,198,36,284,-26" /><INIT seed="2,0,0,5,3,63" ten="300,208,234,258" oya="2" hai0="127,9,53,52,132,49,86,89,131,129,94,50,64" hai1="122,3,33,8,16,57,0,65,117,51,68,98,105" hai2="110,6,99,112,36,23,81,35,97,26,95,41,106" hai3="24,69,54,74,88,31,22,15,114,125,46,123,71"/><V30/><F112/><W79/><G123/><T47/><D127/><U90/><E117/><V20/><F6/><W102/><G125/><T104/><D132/><U67/><E33/><V12/><F36/><W101/><G114/><T77/><D104/><U7/><E122/><V107/><F41/><W19/><G74/><T70/><D77/><U58/><E0/><V25/><F81/><W96/><G79/><T108/><D108/><U82/><E68/><V5/><F110/><W32/><G102/><T21/><D21/><U134/><E134/><V66/><F35/><W118/><G118/><T1/><D64/><N who="1" m="24651" /><E105/><V75/><F75/><W126/><G126/><T39/><D70/><U27/><E3/><V130/><F66/><W100/><G100/><T113/><D39/><U83/><E7/><V80/><F80/><N who="1" m="30761" /><E51/><V73/><F73/><W45/><G71/><T40/><D113/><U43/><E43/><V103/><F5/><W17/><G69/><T124/><D124/><U111/><E111/><V44/><F107/><W87/><G54/><T56/><D40/><U60/><E60/><V2/><F2/><W109/><G109/><T59/><D47/><U62/><E62/><V116/><F44/><W85/><G46/><T121/><D121/><U91/><E8/><V10/><F10/><N who="3" m="6391" /><G45/><T11/><D1/><U84/><E98/><V18/><F116/><W93/><G87/><T13/><D9/><U42/><E42/><V92/><F99/><W78/><G78/><T34/><D34/><U128/><E128/><V115/><F115/><W72/><G32/><T37/><D37/><RYUUKYOKU ba="0,0" sc="300,30,208,-10,234,-10,258,-10" hai0="11,13,49,50,52,53,56,59,86,89,94,129,131" /><INIT seed="3,1,0,4,5,99" ten="330,198,224,248" oya="3" hai0="8,65,92,87,74,106,33,24,16,11,109,125,51" hai1="126,48,61,68,118,107,41,82,62,25,98,79,93" hai2="135,81,67,59,43,27,53,40,127,120,76,55,63" hai3="96,102,108,128,133,124,101,7,35,17,75,3,131"/><W56/><G124/><T19/><D106/><U113/><E113/><V44/><F127/><W95/><G75/><T116/><D74/><U39/><E126/><V69/><F120/><W42/><G133/><T132/><D125/><U36/><E118/><V66/><F135/><W73/><G73/><T114/><D132/><U121/><E107/><V111/><F27/><W71/><G71/><T97/><D116/><U20/><E121/><V52/><F111/><W129/><G108/><T10/><D109/><U50/><E39/><N who="2" m="21535" /><F81/><W119/><G119/><T84/><D114/><U21/><E36/><V28/><F28/><W54/><G42/><T2/><D2/><U104/><E104/><V130/><F76/><W90/><G35/><T9/><D65/><N who="2" m="24586" /><F130/><W1/><G17/><N who="0" m="6731" /><D33/><U38/><E38/><V134/><F134/><W23/><G23/><N who="1" m="8778" /><E68/><V47/><F69/><W57/><G57/><T110/><D110/><U64/><E64/><V123/><F123/><W0/><G7/><T83/><D24/><U4/><E4/><V32/><F32/><W117/><G117/><T88/><D11/><U80/><E25/><V30/><F30/><W72/><G72/><T29/><D29/><U12/><E12/><V70/><F70/><W13/><G13/><T37/><D37/><AGARI ba="1,0" hai="37,43,47,52,53,55,59,63" m="24586,21535" machi="37" ten="30,12000,2" yaku="35,5,54,1" doraHai="99" who="2" fromWho="0" sc="330,-123,198,0,224,123,248,0" owari="207,-19.3,198,-30.2,347,44.7,248,4.8" /></mjloggm>