<mjloggm ver="2.3"><GO type="225" lobby="0"/><UN n0="%E5%8D%A0%E3%81%84%E5%B8%AB%E8%A3%8F%E3%81%AA%E3%81%84%E3%81%97" n1="%E3%83%96%E3%83%83%E3%83%91%E3%82%AA%E3%83%96%E3%83%81%E3%82%AD%E3%83%B3" n2="%6E%69%63%6F%6E%74%6F" n3="%E3%81%BE%E3%81%A8%E3%81%9F" dan="17,16,16,16" rate="2272.18,2189.41,2098.28,2072.10" sx="M,M,M,M"/><TAIKYOKU oya="0"/><INIT seed="0,0,0,3,5,94" ten="250,250,250,250" oya="0" hai0="113,6,66,71,49,73,112,84,96,60,11,102,132" hai1="34,15,8,78,19,41,37,47,67,83,114,106,1" hai2="21,97,63,93,121,32,22,119,53,100,104,134,46" hai3="115,129,3,125,108,48,36,52,103,4,123,13,110"/><T51/><D73/><U12/><E114/><V120/><F134/><W131/><G115/><T20/><D132/><U45/><E34/><V70/><F32/><W43/><G3/><T75/><D75/><U87/><E106/><V17/><F119/><W91/><G125/><T30/><D112/><U135/><E135/><V64/><F22/><W27/><G123/><T23/><D84/><U99/><E67/><V25/><REACH who="2" step="1"/><F104/><REACH who="2" ten="250,250,240,250" step="2"/><W56/><G129/><T133/><D133/><U95/><E47/><V59/><F59/><W81/><G131/><T61/><D113/><U79/><E79/><V80/><F80/><W117/><G117/><T39/><D23/><U89/><REACH who="1" step="1"/><E19/><REACH who="1" ten="250,240,240,250" step="2"/><V2/><F2/><W86/><G108/><T44/><D44/><U28/><E28/><V40/><F40/><W82/><G110/><T69/><D30/><U105/><E105/><V54/><F54/><W42/><G43/><T31/><D31/><U55/><E55/><V128/><F128/><W109/><G109/><T5/><D69/><U90/><E90/><V29/><F29/><W77/><G42/><T85/><D71/><U126/><E126/><V130/><F130/><W35/><G91/><T9/><D66/><U107/><E107/><V72/><F72/><W38/><G52/><T118/><D118/><U98/><E98/><V50/><AGARI ba="0,2" hai="17,21,25,46,50,53,63,64,70,93,97,100,120,121" machi="50" ten="30,7900,0" yaku="1,1,0,1,52,1,53,1" doraHai="94" doraHaiUra="65" who="2" fromWho="2" sc="250,-39,240,-20,240,99,250,-20" /><INIT seed="1,0,0,3,1,4" ten="211,220,339,230" oya="1" hai0="90,88,51,13,15,132,30,50,77,52,91,80,42" hai1="125,75,128,134,60,131,21,3,84,82,48,8,89" hai2="58,102,5,66,98,70,100,112,117,31,10,7,46" hai3="111,119,38,44,107,92,16,78,9,23,32,101,45"/><U68/><E125/><V54/><F117/><W18/><G111/><T79/><D132/><U6/><E134/><V47/><F112/><W116/><G32/><T20/><D42/><U35/><E35/><V2/><F7/><W34/><G107/><T104/><D104/><U130/><E75/><V57/><F70/><W108/><G34/><T41/><D41/><U17/><E48/><V74/><F31/><W94/><G78/><N who="0" m="29707" /><D80/><U85/><E85/><V109/><F109/><W73/><G73/><T93/><D50/><U63/><REACH who="1" step="1"/><E68/><REACH who="1" ten="211,210,339,230" step="2"/><V56/><F74/><W64/><G108/><T72/><D72/><U71/><E71/><V11/><F47/><W113/><G44/><N who="0" m="27751" /><D93/><U25/><AGARI ba="0,1" hai="3,6,8,17,21,25,60,63,82,84,89,128,130,131" machi="25" ten="30,11700,0" yaku="1,1,0,1,19,1,52,1,53,0" doraHai="4" doraHaiUra="129" who="1" fromWho="1" sc="211,-39,210,127,339,-39,230,-39" /><INIT seed="1,1,0,4,2,66" ten="172,337,300,191" oya="1" hai0="11,80,60,91,117,31,121,27,104,114,55,103,19" hai1="52,93,132,130,33,79,28,73,62,48,65,131,37" hai2="111,10,53,20,21,67,30,5,35,105,0,88,113" hai3="50,46,99,119,57,133,36,68,94,74,127,41,18"/><U44/><E37/><V15/><F105/><W42/><G74/><T49/><D114/><U90/><E132/><V45/><F113/><W100/><G133/><T75/><D117/><U108/><E108/><V122/><F122/><W47/><G127/><T12/><D121/><U123/><E123/><V85/><F111/><W83/><G119/><T101/><D104/><U72/><E28/><V39/><F67/><W64/><G57/><T58/><D75/><U107/><E33/><V89/><F89/><W115/><G115/><T78/><D78/><U110/><E107/><V112/><F112/><W87/><G18/><T54/><D91/><U70/><E110/><V106/><F106/><W71/><REACH who="3" step="1"/><G64/><REACH who="3" ten="172,337,300,181" step="2"/><T17/><D19/><U124/><E124/><V24/><F0/><W2/><G2/><T95/><D80/><U134/><E134/><V43/><REACH who="2" step="1"/><F53/><REACH who="2" ten="172,337,290,181" step="2"/><W6/><G6/><T23/><REACH who="0" step="1"/><D95/><AGARI ba="1,2" hai="5,10,15,20,21,24,30,35,39,43,45,85,88,95" machi="95" ten="30,7700,0" yaku="1,1,2,1,7,1,54,1,53,0" doraHai="66" doraHaiUra="102" who="2" fromWho="0" sc="172,-80,337,0,290,100,181,0" /><INIT seed="2,0,0,2,3,48" ten="92,337,390,181" oya="2" hai0="87,11,128,40,44,3,4,29,83,130,112,116,34" hai1="26,47,13,88,121,37,89,106,102,69,127,108,118" hai2="132,91,90,56,134,80,24,74,62,123,49,101,103" hai3="135,50,131,35,30,104,45,36,18,57,92,82,63"/><V43/><F123/><W78/><G104/><T77/><D112/><U19/><E118/><V27/><F43/><W23/><G36/><T124/><D124/><U98/><E69/><V25/><F49/><W5/><G135/><N who="2" m="51753" /><F74/><W60/><G5/><T0/><D116/><U85/><E127/><V76/><F76/><W10/><G10/><T97/><D0/><U7/><E121/><V33/><F33/><W109/><G35/><T32/><D32/><U42/><E108/><V2/><F2/><W12/><G63/><T129/><D97/><U111/><E111/><V84/><F91/><W38/><G38/><T16/><D34/><U114/><E114/><V51/><F51/><W46/><G50/><T59/><D29/><U41/><E41/><V66/><AGARI ba="0,0" hai="24,25,27,56,62,66,80,84,90,101,103" m="51753" machi="66" ten="30,1500,0" yaku="20,1" doraHai="48" who="2" fromWho="2" sc="92,-5,337,-5,390,15,181,-5" /><INIT seed="2,1,0,4,0,74" ten="87,332,405,176" oya="2" hai0="101,25,56,103,58,26,89,39,96,94,117,50,129" hai1="130,2,42,27,100,128,118,28,123,82,112,64,7" hai2="48,3,5,70,115,51,54,107,37,127,33,116,106" hai3="67,14,77,46,53,61,52,109,38,16,49,63,85"/><V41/><F33/><W75/><G75/><T90/><D129/><N who="1" m="49771" /><E112/><V105/><F115/><W87/><G109/><T11/><D39/><U125/><E118/><V36/><F116/><W73/><G38/><T114/><D114/><U57/><E125/><V17/><F70/><W84/><G53/><T95/><D117/><U23/><E123/><V60/><F127/><W126/><G126/><T113/><D113/><U93/><E42/><V34/><F34/><W8/><REACH who="3" step="1"/><G67/><REACH who="3" ten="87,332,405,166" step="2"/><T22/><D11/><U79/><E64/><V80/><F37/><W10/><G10/><T6/><D6/><U76/><E7/><V122/><F36/><W135/><G135/><T108/><D108/><U1/><E1/><V81/><F3/><W19/><G19/><T43/><D43/><U9/><E9/><V72/><F72/><W44/><G44/><T55/><D56/><U102/><E2/><V124/><F124/><W4/><G4/><T99/><REACH who="0" step="1"/><D25/><REACH who="0" ten="77,332,405,166" step="2"/><U47/><E57/><V32/><F5/><W15/><G15/><T0/><D0/><U111/><E27/><V92/><F122/><W98/><G98/><T86/><D86/><U13/><E111/><V88/><F41/><W35/><G35/><T78/><D78/><U133/><E76/><V68/><F32/><W20/><G20/><T66/><D66/><U121/><E79/><V131/><F131/><W134/><G134/><T45/><D45/><U97/><E23/><V18/><F54/><W24/><G24/><T71/><D71/><U69/><E69/><V12/><F68/><W132/><G132/><T120/><D120/><RYUUKYOKU ba="1,2" sc="77,15,332,-15,405,-15,166,15" hai0="22,26,50,55,58,89,90,94,95,96,99,101,103" hai3="8,14,16,46,49,52,61,63,73,77,84,85,87" /><INIT seed="3,2,2,3,5,109" ten="92,317,390,181" oya="3" hai0="122,51,42,20,71,60,94,78,106,36,35,104,16" hai1="65,85,98,128,100,48,70,32,45,2,118,119,102" hai2="23,133,72,83,4,75,69,97,84,82,41,135,129" hai3="17,0,47,15,38,131,5,27,57,54,86,87,73"/><W110/><G73/><N who="2" m="28233" /><F69/><W101/><G131/><T10/><D122/><U125/><E2/><V31/><F129/><W59/><G101/><T105/><D35/><U115/><E128/><V66/><F66/><W126/><G126/><T90/><D36/><U93/><E125/><V46/><F4/><W25/><G0/><T116/><D116/><N who="1" m="44587" /><E32/><V29/><F97/><W62/><G5/><T58/><D78/><U13/><E102/><V111/><F111/><W6/><G6/><T67/><D10/><U7/><E85/><V127/><F127/><W34/><G110/><T107/><N who="0" m="26624" /><DORA hai="130" /><T77/><D77/><U120/><E120/><V108/><F23/><W103/><G103/><T76/><D76/><U121/><E121/><V91/><F83/><W8/><G34/><T124/><D124/><U53/><E13/><V123/><F123/><W28/><G28/><T114/><D114/><U40/><E7/><V9/><F9/><W81/><G86/><T11/><D11/><U24/><E24/><V50/><F108/><W3/><G3/><T55/><D42/><U33/><E40/><V80/><F80/><W1/><G1/><T61/><D61/><N who="1" m="40239" /><E33/><V44/><F31/><W74/><G74/><T79/><D79/><U30/><E30/><V52/><F29/><W39/><G39/><T37/><D37/><U56/><E45/><V113/><F44/><W117/><G47/><T89/><REACH who="0" step="1"/><D94/><REACH who="0" ten="82,317,390,181" step="2"/><U49/><E49/><V12/><F41/><W88/><G38/><T112/><D112/><AGARI ba="2,3" hai="48,53,56,93,98,100,112,115" m="40239,44587" machi="112" ten="30,3900,0" yaku="12,1,52,2" doraHai="109,130" who="1" fromWho="0" sc="82,-45,317,75,390,0,181,0" owari="37,-46.3,392,49.2,390,19.0,181,-21.9" /></mjloggm>