<mjloggm ver="2.3"><GO type="225" lobby="0"/><UN n0="%E3%83%96%E3%83%83%E3%83%91%E3%82%AA%E3%83%96%E3%83%81%E3%82%AD%E3%83%B3" n1="%E6%9C%88%E5%B3%B6%E5%9F%BA" n2="%E5%B0%8F%E9%B3%A5%E9%81%8A%E7%B7%B4%E7%84%A1%32%31%E6%AD%B3" n3="%72%61%6B%33" dan="16,16,16,16" rate="2210.76,2134.27,2174.09,2084.26" sx="M,M,F,M"/><TAIKYOKU oya="0"/><INIT seed="0,0,0,5,3,87" ten="250,250,250,250" oya="0" hai0="75,49,107,54,43,123,81,124,114,80,36,118,103" hai1="8,16,92,62,32,133,35,83,72,111,21,102,119" hai2="30,45,112,76,28,130,10,6,86,46,68,26,40" hai3="78,17,134,88,69,34,110,4,13,97,23,15,42"/><T41/><D114/><U61/><E119/><V37/><F130/><W48/><G34/><T38/><D118/><U39/><E39/><V99/><F112/><W117/><G69/><T25/><D123/><U100/><E111/><V93/><F68/><W51/><G110/><T104/><D124/><U132/><E8/><V18/><F46/><W70/><G70/><T109/><D109/><U7/><E7/><V121/><F121/><W53/><G134/><N who="1" m="51818" /><E35/><V47/><F47/><N who="3" m="25719" /><G117/><T91/><D49/><U128/><E32/><V67/><F67/><W9/><G78/><T0/><D25/><N who="1" m="14503" /><E128/><V3/><F18/><W27/><G27/><T125/><D0/><U12/><E12/><V44/><F44/><N who="3" m="27879" /><G97/><T55/><D125/><U131/><E131/><V2/><F2/><W106/><G106/><T29/><D29/><U11/><E11/><V101/><F26/><W95/><G95/><T71/><D71/><U66/><E92/><V59/><F28/><W116/><G116/><T52/><D55/><U82/><E72/><V94/><F30/><W126/><G126/><T105/><D105/><U56/><E62/><V19/><F94/><W135/><G135/><T77/><D75/><U127/><E127/><V5/><F19/><W1/><G1/><T22/><D107/><U20/><E20/><V129/><F129/><W14/><G14/><T98/><D22/><U90/><E83/><N who="2" m="47463" /><F5/><W113/><G113/><T96/><D104/><U122/><E122/><V73/><F73/><W50/><G50/><T84/><D81/><U33/><E33/><V89/><F101/><W31/><G31/><RYUUKYOKU ba="0,0" sc="250,-30,250,10,250,10,250,10" hai1="56,61,66,82,90,100,102" hai2="3,6,10,37,40,45,59,89,93,99" hai3="4,9,13,15,17,23,88" /><INIT seed="1,1,0,3,3,15" ten="220,260,260,260" oya="1" hai0="48,72,58,18,89,9,111,68,0,102,82,98,101" hai1="71,122,23,112,88,36,21,74,106,84,120,6,2" hai2="119,94,49,28,22,7,113,54,76,132,13,118,66" hai3="64,32,108,17,44,121,25,30,75,93,73,20,86"/><U35/><E112/><V67/><F132/><W42/><G121/><T56/><D68/><U46/><E71/><V105/><F105/><W47/><G108/><T125/><D111/><U27/><E106/><V26/><F113/><W81/><G64/><T52/><D125/><U135/><E74/><V70/><F76/><W96/><G44/><N who="0" m="27655" /><D72/><U11/><E135/><V127/><F127/><W19/><G32/><T24/><D0/><U90/><E35/><V79/><F79/><W5/><G5/><T40/><D40/><U124/><E23/><V31/><F31/><W1/><G1/><T77/><D77/><U131/><E90/><V115/><F115/><W14/><G86/><N who="0" m="50391" /><D98/><U59/><E124/><V33/><F70/><W130/><G130/><T51/><D51/><U65/><E131/><V95/><F95/><W55/><BYE who="2" /><G81/><UN n2="%E5%B0%8F%E9%B3%A5%E9%81%8A%E7%B7%B4%E7%84%A1%32%31%E6%AD%B3" /><T78/><D78/><U116/><E116/><V133/><F119/><W34/><G55/><T57/><D24/><U117/><E117/><V100/><F118/><W107/><G107/><T53/><D53/><U134/><E134/><V4/><F133/><W3/><G3/><T87/><D87/><U45/><E36/><V16/><F94/><W110/><G110/><T109/><D109/><U69/><E69/><V62/><F33/><W37/><G93/><T83/><D83/><N who="1" m="49183" /><E122/><V10/><F54/><W129/><G129/><T123/><D123/><U103/><E120/><V91/><F49/><W92/><G92/><T63/><D63/><N who="1" m="38143" /><E103/><V60/><F100/><W29/><G96/><T104/><D104/><U114/><E114/><V50/><F50/><RYUUKYOKU ba="1,0" sc="220,15,260,15,260,-15,260,-15" hai0="9,18,56,57,58,101,102" hai1="2,6,11,21,27,45,46" /><INIT seed="1,2,0,4,2,93" ten="235,275,245,245" oya="1" hai0="57,23,111,54,127,7,70,2,16,124,64,80,62" hai1="21,79,91,97,77,75,102,129,10,31,96,61,90" hai2="30,121,42,49,3,14,84,108,110,56,100,29,120" hai3="17,55,35,48,52,47,92,109,74,69,119,126,89"/><U81/><E129/><V6/><F42/><W101/><G109/><N who="2" m="42089" /><F84/><W11/><G126/><N who="0" m="48171" /><D111/><U118/><E118/><V104/><F3/><W33/><G74/><T26/><D80/><N who="1" m="45119" /><E21/><V19/><F49/><W43/><G69/><T58/><D54/><U66/><E31/><N who="2" m="11787" /><F56/><N who="0" m="21610" /><D2/><U60/><E10/><N who="2" m="4439" /><F100/><W41/><G101/><T40/><D7/><U94/><E61/><V51/><F51/><W39/><G43/><AGARI ba="2,0" hai="16,23,26,40,43,62,64,70" m="21610,48171" machi="43" ten="30,2000,0" yaku="18,1,54,1" doraHai="93" who="0" fromWho="3" sc="235,26,275,0,245,0,245,-26" /><INIT seed="2,0,0,0,4,16" ten="261,275,245,219" oya="2" hai0="84,82,95,24,128,91,11,99,121,74,122,18,69" hai1="10,93,6,102,133,106,110,8,66,80,76,120,134" hai2="64,71,34,68,97,130,26,37,44,52,46,47,87" hai3="65,111,75,89,79,7,101,126,108,92,0,51,39"/><V70/><F130/><W117/><G117/><T113/><D128/><U105/><E110/><V55/><F87/><W45/><G126/><T116/><D113/><U19/><E120/><V61/><F97/><W17/><G65/><T38/><D116/><U48/><E66/><V131/><F131/><W23/><G101/><T30/><D69/><N who="2" m="26730" /><F26/><W53/><G39/><T135/><D135/><N who="1" m="51723" /><E48/><V20/><F20/><W42/><G53/><N who="2" m="20553" /><F34/><W49/><G49/><T33/><D38/><AGARI ba="0,0" hai="37,38,44,46,47,61,64,71" m="20553,26730" machi="38" ten="40,18000,2" yaku="35,5,54,1" doraHai="16" who="2" fromWho="0" sc="261,-180,275,0,245,180,219,0" /><INIT seed="2,1,0,1,5,13" ten="81,275,425,219" oya="2" hai0="39,33,119,93,113,48,76,4,47,91,29,79,34" hai1="81,8,10,71,50,108,87,100,26,97,62,134,60" hai2="43,92,83,110,77,95,99,25,22,107,7,42,98" hai3="90,35,133,109,127,2,128,78,12,85,56,61,118"/><V38/><F7/><W121/><G78/><T101/><D113/><U75/><E75/><V129/><F129/><W130/><G2/><T124/><D39/><U54/><E108/><V45/><F43/><W132/><G118/><T104/><D119/><U3/><E134/><N who="3" m="51818" /><G35/><T70/><D70/><U63/><E71/><V14/><F14/><W11/><G121/><T84/><D124/><U1/><E1/><V103/><F99/><W28/><G28/><T88/><D4/><U58/><E26/><V37/><F37/><W51/><G51/><T73/><D29/><U16/><E3/><V96/><F96/><W65/><G109/><T46/><D91/><U23/><E100/><V135/><F110/><W5/><G127/><T106/><D47/><U41/><E41/><V6/><F6/><W72/><G72/><T122/><D122/><U116/><E97/><V126/><F126/><W82/><AGARI ba="1,0" hai="5,11,12,56,61,65,82,85,90,128,130" m="51818" machi="82" ten="30,1100,0" yaku="20,1" doraHai="13" who="3" fromWho="3" sc="81,-4,275,-4,425,-6,219,14" /><INIT seed="3,0,0,0,1,44" ten="77,271,419,233" oya="3" hai0="82,39,3,79,111,75,10,18,66,54,60,22,114" hai1="128,11,99,23,115,106,20,6,89,50,2,71,87" hai2="24,28,123,121,33,117,135,118,88,42,46,86,84" hai3="81,57,31,1,98,76,15,48,62,47,125,101,0"/><W108/><G125/><T80/><D111/><U41/><E115/><V74/><F74/><W132/><G132/><T113/><D113/><U61/><E128/><V78/><F78/><W119/><G119/><N who="2" m="45577" /><F88/><W133/><G133/><T7/><D114/><U37/><E37/><N who="2" m="21839" /><F135/><W93/><G15/><T73/><D54/><U100/><E50/><V107/><F107/><W64/><G31/><T30/><D30/><U5/><E41/><V65/><F65/><W49/><G108/><T90/><D90/><U110/><E6/><V21/><F21/><W38/><G38/><T92/><D92/><U126/><E126/><V94/><F94/><W103/><G103/><T8/><D39/><U29/><E29/><V129/><F129/><W68/><G68/><T91/><D91/><U52/><E110/><V17/><F17/><W19/><G19/><T105/><D105/><U116/><E116/><V69/><F69/><W127/><G127/><T104/><D104/><U12/><E2/><V124/><F124/><W53/><REACH who="3" step="1"/><G48/><REACH who="3" ten="77,271,419,223" step="2"/><T36/><D36/><U95/><E71/><V16/><F16/><W96/><G96/><T40/><D18/><U59/><AGARI ba="0,1" hai="5,11,12,20,23,52,59,61,87,89,95,99,100,106" machi="59" ten="30,2000,0" yaku="0,1,54,1" doraHai="44" who="1" fromWho="1" sc="77,-5,271,30,419,-5,223,-10" owari="72,-42.8,301,10.1,414,51.4,213,-18.7" /></mjloggm>