<mjloggm ver="2.3"><GO type="225" lobby="0"/><UN n0="%E3%83%A9%E3%83%BC%E3%83%A1%E3%83%B3%E4%BA%94%E9%83%8E" n1="%E6%A3%AE%E5%B1%B1%E7%94%B0%E7%9B%B4%E5%A4%AA%E6%9C%97%E4%B9%8B%E4%BB%8B" n2="%E3%83%81%E3%83%83%E3%82%BF%E3%82%BD%E3%83%BC" n3="%E5%8D%A0%E3%81%84%E5%B8%AB%E8%A3%8F%E3%81%AA%E3%81%84%E3%81%97" dan="16,16,16,17" rate="2155.43,2154.99,2155.89,2198.41" sx="M,M,F,M"/><TAIKYOKU oya="0"/><INIT seed="0,0,0,0,5,109" ten="250,250,250,250" oya="0" hai0="62,6,49,46,132,36,14,111,102,34,96,50,61" hai1="55,71,135,74,2,117,5,39,80,54,70,29,113" hai2="24,66,110,78,22,75,45,25,134,82,64,124,52" hai3="126,77,28,108,1,10,17,92,97,89,60,83,116"/><T11/><D132/><U53/><E29/><V9/><F110/><W18/><G108/><T106/><D111/><U76/><E117/><V33/><F134/><W7/><G116/><T19/><D36/><U56/><E135/><V67/><F124/><W125/><G28/><T130/><D130/><U59/><E5/><V63/><F33/><W43/><G43/><T57/><D34/><U81/><E2/><V79/><F79/><W3/><G3/><T23/><D57/><U105/><E105/><V119/><F119/><W94/><G94/><T26/><REACH who="0" step="1"/><D50/><REACH who="0" ten="240,250,250,250" step="2"/><U12/><E39/><V100/><F63/><W123/><G60/><T129/><D129/><U51/><E59/><V32/><F32/><W68/><G68/><T40/><AGARI ba="0,1" hai="6,11,14,19,23,26,40,46,49,61,62,96,102,106" machi="40" ten="20,3900,0" yaku="1,1,0,1,7,1,53,0" doraHai="109" doraHaiUra="69" who="0" fromWho="0" sc="240,49,250,-13,250,-13,250,-13" /><INIT seed="0,1,0,1,5,80" ten="289,237,237,237" oya="0" hai0="88,113,69,76,31,56,63,38,87,22,49,82,109" hai1="6,60,54,90,62,110,11,48,95,17,72,15,30" hai2="92,1,114,46,3,25,135,130,24,131,89,97,65" hai3="2,129,41,59,66,21,73,5,20,26,37,40,18"/><T33/><D113/><U83/><E30/><V86/><F135/><W98/><G73/><T84/><D38/><U104/><E104/><V74/><F74/><W35/><G129/><N who="2" m="49161" /><F114/><W122/><G122/><T127/><D33/><U47/><E110/><V117/><F117/><W126/><G35/><T7/><D69/><U125/><E125/><V12/><F65/><W94/><G126/><T67/><D127/><U100/><E6/><V119/><F119/><W29/><G37/><T101/><D109/><U50/><E72/><V118/><F118/><W132/><G5/><T102/><D7/><U120/><E120/><V79/><F12/><W111/><G2/><N who="2" m="521" /><F46/><W64/><G132/><T99/><D99/><N who="1" m="59519" /><E50/><V52/><F52/><W45/><G111/><T58/><D49/><U112/><E112/><V9/><F9/><W8/><G8/><T51/><D51/><U70/><E70/><V68/><F68/><W105/><G105/><T36/><D36/><U0/><E0/><V19/><F19/><W4/><G4/><T75/><D75/><U10/><E10/><V96/><F96/><W121/><G121/><T107/><D58/><U93/><E83/><AGARI ba="1,0" hai="24,25,79,83,86,89,92,97" m="521,49161" machi="83" ten="30,2000,0" yaku="19,1,52,1" doraHai="80" who="2" fromWho="1" sc="289,0,237,-23,237,23,237,0" /><INIT seed="1,0,0,4,3,40" ten="289,214,260,237" oya="1" hai0="101,29,7,68,128,20,6,107,9,60,87,16,73" hai1="108,79,45,12,1,75,31,19,36,89,81,13,26" hai2="115,33,0,84,63,85,103,102,57,114,134,109,51" hai3="88,64,28,95,46,61,110,76,24,54,58,78,94"/><U113/><E113/><N who="2" m="43019" /><F109/><W65/><G110/><T38/><D73/><U91/><E108/><V106/><F134/><W86/><G95/><T77/><D38/><U126/><E126/><V49/><F33/><W92/><G94/><T129/><D29/><U121/><E121/><V55/><F0/><W127/><G127/><T112/><D112/><U14/><E1/><V35/><F35/><W53/><G53/><T18/><D68/><U125/><E125/><V23/><F23/><N who="3" m="15391" /><G64/><T98/><D60/><U131/><E131/><N who="0" m="50249" /><D20/><U82/><E82/><V3/><F3/><W135/><G135/><T42/><D42/><U99/><E99/><N who="2" m="61791" /><F103/><W56/><G56/><T122/><D122/><U66/><E66/><N who="2" m="39279" /><F49/><AGARI ba="0,0" hai="46,49,54,58,61,65,76,78,86,88,92" m="15391" machi="49" ten="30,3900,0" yaku="8,1,52,1,54,1" doraHai="40" who="3" fromWho="2" sc="289,0,214,0,260,-39,237,39" /><INIT seed="2,0,0,0,2,31" ten="289,214,221,276" oya="2" hai0="68,132,10,110,131,44,95,98,91,103,3,86,20" hai1="30,118,88,116,104,38,87,45,61,100,55,75,23" hai2="84,13,25,130,33,135,121,77,19,113,52,115,122" hai3="66,56,94,106,50,4,85,126,7,12,90,46,133"/><V99/><F99/><W81/><G106/><T18/><D68/><U65/><E75/><V29/><F84/><W107/><G107/><T27/><D110/><U22/><E100/><V47/><F77/><W128/><G128/><T59/><D131/><U111/><E104/><V24/><F130/><W92/><G133/><T73/><D73/><U69/><E111/><V60/><F135/><W78/><G126/><T89/><D132/><U134/><E134/><V127/><F127/><W54/><G94/><N who="0" m="54583" /><D3/><U67/><E67/><V35/><F113/><W74/><G66/><T96/><D44/><U117/><E30/><V57/><F47/><W39/><G39/><T129/><D129/><U0/><E0/><V5/><F115/><W48/><REACH who="3" step="1"/><G12/><REACH who="3" ten="289,214,221,266" step="2"/><T28/><D95/><U17/><E17/><V42/><F121/><W64/><G64/><T43/><D18/><U1/><E1/><V112/><F122/><W108/><G108/><T125/><D125/><U80/><REACH who="1" step="1"/><E55/><AGARI ba="0,1" hai="4,7,46,48,50,54,55,56,74,78,81,85,90,92" machi="55" ten="30,2000,0" yaku="1,1,7,1,53,0" doraHai="31" doraHaiUra="70" who="3" fromWho="1" sc="289,0,214,-20,221,0,266,30" /><INIT seed="3,0,0,1,5,63" ten="289,194,221,296" oya="3" hai0="117,82,79,4,120,131,6,134,34,2,69,59,74" hai1="15,24,16,99,23,1,47,66,105,9,38,109,91" hai2="56,62,118,111,26,41,12,53,133,58,57,121,128" hai3="5,45,18,104,115,25,70,32,132,103,28,119,8"/><W126/><G115/><T71/><D117/><U39/><E1/><V106/><F118/><W13/><G119/><T17/><D120/><U67/><E109/><V113/><F106/><W130/><G132/><T51/><D134/><U44/><E105/><V48/><F111/><W43/><G130/><T55/><D34/><U3/><E3/><V125/><F133/><W114/><G114/><T94/><D131/><U64/><E38/><V90/><F128/><W92/><G70/><T83/><D83/><U21/><E39/><V50/><F113/><W54/><G104/><T0/><D17/><N who="1" m="8431" /><E23/><V101/><F101/><W46/><G126/><T97/><D0/><U108/><E108/><V81/><F125/><W31/><G31/><T129/><D129/><U96/><E96/><V72/><F121/><W27/><G43/><T122/><D122/><U61/><E61/><V22/><F72/><W98/><G54/><T65/><D2/><U124/><E124/><V73/><F73/><W95/><G95/><AGARI ba="0,0" hai="16,21,24,44,47,64,66,67,91,95,99" m="8431" machi="95" ten="30,8000,1" yaku="8,1,52,3,54,1" doraHai="63" who="1" fromWho="3" sc="289,0,194,80,221,0,296,-80" /><INIT seed="4,0,0,1,3,30" ten="289,274,221,216" oya="0" hai0="12,20,82,13,113,110,111,96,114,49,121,87,54" hai1="119,17,50,26,131,127,130,27,47,51,29,109,44" hai2="31,5,72,112,69,45,66,129,36,93,116,68,24" hai3="117,77,23,34,62,53,90,78,18,57,6,14,74"/><T99/><D121/><U94/><E119/><V16/><F72/><W48/><G117/><T91/><D96/><U107/><E107/><V61/><F112/><N who="0" m="43114" /><D99/><U63/><E94/><V7/><F129/><N who="1" m="49161" /><E63/><V0/><F116/><W108/><G108/><N who="0" m="41515" /><D20/><N who="1" m="13583" /><E127/><V21/><F69/><W37/><G37/><T98/><D98/><U38/><E109/><V105/><F105/><W92/><G34/><T80/><D80/><U4/><E4/><V1/><F5/><W76/><G6/><T97/><D97/><U95/><E95/><V25/><F7/><W52/><G74/><T33/><D33/><N who="1" m="20671" /><E44/><AGARI ba="0,0" hai="12,13,44,49,54,82,87,91" m="41515,43114" machi="44" ten="30,2900,0" yaku="15,1,10,1" doraHai="30" who="0" fromWho="1" sc="289,29,274,-29,221,0,216,0" owari="318,41.8,245,4.5,221,-17.9,216,-28.4" /></mjloggm>