<mjloggm ver="2.3"><GO type="225" lobby="0"/><UN n0="%70%68%65%6E%6F%6D%65" n1="%E5%B8%86%E7%AB%8B%E5%A4%8F%E8%A1%A3" n2="%E3%81%BD%E3%81%A1%E3%81%9F%E3%81%93%E3%82%84" n3="%E5%A4%8F%E9%88%B4%E9%88%B4%E5%A4%8F" dan="16,17,17,16" rate="2136.18,2174.84,2217.26,2135.96" sx="M,M,M,F"/><TAIKYOKU oya="0"/><INIT seed="0,0,0,4,4,67" ten="250,250,250,250" oya="0" hai0="110,62,85,86,35,118,103,111,117,69,128,87,13" hai1="44,59,79,91,11,12,123,50,56,18,52,53,38" hai2="100,74,82,42,49,70,3,33,0,90,120,77,130" hai3="114,22,102,40,45,55,26,63,51,95,132,6,41"/><T112/><D35/><U34/><E123/><V1/><F120/><W127/><G114/><T101/><D112/><U65/><E34/><V122/><F122/><W4/><G127/><T83/><D13/><U81/><E38/><V104/><F130/><W15/><G132/><T10/><D10/><U73/><E65/><V97/><F33/><W109/><G109/><N who="0" m="41483" /><D128/><U89/><REACH who="1" step="1"/><E44/><REACH who="1" ten="250,240,250,250" step="2"/><V8/><F0/><W14/><G45/><T88/><D118/><U106/><E106/><V7/><F1/><W31/><G41/><T27/><D117/><U135/><E135/><V28/><F104/><W37/><G40/><T98/><D27/><U57/><E57/><V66/><F66/><W134/><G26/><T48/><D48/><AGARI ba="0,1" hai="11,12,18,48,50,52,53,56,59,73,79,81,89,91" machi="48" ten="30,7700,0" yaku="1,1,7,1,9,1,54,1,53,0" doraHai="67" doraHaiUra="133" who="1" fromWho="0" sc="250,-77,240,87,250,0,250,0" /><INIT seed="1,0,0,2,0,96" ten="173,327,250,250" oya="1" hai0="54,113,38,118,76,121,81,109,79,135,89,52,18" hai1="127,85,87,21,94,132,2,131,0,112,117,6,64" hai2="80,104,123,37,12,44,74,10,30,103,58,32,51" hai3="110,119,11,66,77,57,63,106,48,27,65,69,115"/><U5/><E112/><V114/><F123/><W67/><G115/><T43/><D113/><U47/><E117/><V98/><F114/><W83/><G110/><T9/><D118/><U93/><E64/><V4/><F37/><W17/><G119/><T39/><D109/><U23/><E47/><V25/><F58/><W91/><G106/><T36/><D121/><U70/><E127/><V13/><F74/><W95/><G48/><T116/><D43/><U84/><E131/><V50/><F80/><W14/><G27/><T122/><D122/><U19/><E19/><V3/><REACH who="2" step="1"/><F51/><REACH who="2" ten="173,327,240,250" step="2"/><W90/><G69/><T125/><D116/><U26/><E70/><V71/><F71/><W46/><G46/><T105/><D125/><U130/><E130/><V20/><F20/><W1/><G1/><T42/><D38/><U33/><E23/><V55/><AGARI ba="0,1" hai="3,4,10,12,13,25,30,32,44,50,55,98,103,104" machi="55" ten="20,8000,1" yaku="1,1,0,1,7,1,52,1,53,1" doraHai="96" doraHaiUra="101" who="2" fromWho="2" sc="173,-20,327,-40,240,90,250,-20" /><INIT seed="2,0,0,0,4,122" ten="153,287,330,230" oya="2" hai0="47,18,22,10,79,107,101,89,6,30,32,119,0" hai1="130,9,56,90,3,118,51,125,121,2,52,87,128" hai2="15,94,43,35,65,97,91,4,70,24,98,42,111" hai3="26,61,7,50,13,63,114,117,109,59,131,53,93"/><V23/><F35/><W135/><G117/><T49/><D119/><U8/><E118/><V99/><F70/><W41/><G131/><N who="1" m="50218" /><E125/><V106/><F65/><W1/><G1/><N who="1" m="10" /><E121/><V27/><F106/><W80/><G135/><T64/><D79/><U81/><AGARI ba="0,0" hai="8,9,51,52,56,81,87,90" m="10,50218" machi="81" ten="30,2000,0" yaku="19,1,54,1" doraHai="122" who="1" fromWho="1" sc="153,-5,287,20,330,-10,230,-5" /><INIT seed="3,0,0,4,2,68" ten="148,307,320,225" oya="3" hai0="48,38,63,97,52,80,58,113,91,4,37,120,87" hai1="86,122,24,1,132,55,134,2,41,83,43,51,0" hai2="117,15,100,6,12,103,35,121,98,126,67,72,128" hai3="7,60,10,107,109,133,127,61,124,94,110,36,123"/><W118/><G123/><T40/><D120/><U102/><E122/><V104/><F117/><W20/><G118/><T56/><D113/><U21/><E102/><V115/><F115/><W116/><G116/><T53/><D4/><U46/><E86/><V73/><F35/><W82/><G107/><T66/><D40/><U135/><E83/><V30/><F30/><AGARI ba="0,0" hai="0,1,2,21,24,30,41,43,46,51,55,132,134,135" machi="30" ten="50,1600,0" yaku="20,1" doraHai="68" who="1" fromWho="2" sc="148,0,307,16,320,-16,225,0" owari="148,-35.2,323,42.3,304,10.4,225,-17.5" /></mjloggm>