<mjloggm ver="2.3"><GO type="225" lobby="0"/><UN n0="%E3%83%B4%E3%83%A0%EF%BC%99%E3%81%A6" n1="%E6%98%93%E5%88%A9%E8%96%A9%E4%BC%AF" n2="%E4%BC%8A%E9%81%94%E6%9C%B1%E9%87%8C%E7%B4%97" n3="%E5%91%A8%E6%9D%B1" dan="16,16,16,17" rate="2154.76,2138.20,2105.59,2215.84" sx="M,F,F,M"/><TAIKYOKU oya="0"/><INIT seed="0,0,0,5,1,6" ten="250,250,250,250" oya="0" hai0="20,89,1,110,131,32,108,102,113,18,128,130,101" hai1="25,29,125,73,68,98,87,75,11,40,76,60,54" hai2="31,5,123,81,99,83,86,114,111,28,72,24,64" hai3="121,115,93,36,91,92,105,33,38,117,122,0,34"/><T19/><D113/><U3/><E125/><V13/><F114/><W47/><G115/><T71/><D32/><N who="3" m="12393" /><G47/><T14/><D71/><U52/><E40/><V124/><F111/><N who="0" m="42538" /><D1/><U42/><E87/><V104/><F124/><W79/><G0/><T134/><D134/><U94/><E42/><V23/><F123/><N who="3" m="47115" /><G105/><T65/><D65/><U120/><E120/><V4/><F64/><W67/><G67/><T126/><D126/><U80/><E68/><V107/><F86/><W39/><G117/><T59/><D59/><U77/><E60/><V53/><F99/><W118/><G118/><T133/><D133/><U127/><E127/><V69/><F69/><W61/><G61/><T27/><D89/><U16/><E77/><V119/><F119/><W106/><G106/><T95/><D95/><N who="3" m="36425" /><G91/><T129/><N who="0" m="32768" /><DORA hai="10" /><T103/><D101/><U90/><E73/><V62/><F72/><W112/><G112/><T46/><D46/><U45/><E45/><V51/><F107/><W50/><G79/><T109/><N who="0" m="42546" /><T48/><DORA hai="41" /><D48/><AGARI ba="0,0" hai="36,38,39,48,50" m="36425,47115,12393" machi="48" ten="40,5200,0" yaku="28,2,13,1" doraHai="6,10,41" who="3" fromWho="0" sc="250,-52,250,0,250,0,250,52" /><INIT seed="1,0,0,1,3,53" ten="198,250,250,302" oya="1" hai0="70,74,69,26,91,120,110,35,111,133,80,105,61" hai1="122,108,63,65,37,39,99,33,83,96,60,59,67" hai2="5,134,109,29,8,81,64,13,16,4,1,9,3" hai3="103,48,131,106,123,22,12,18,126,19,2,30,15"/><U43/><E122/><V121/><F121/><W36/><G123/><T55/><D120/><RYUUKYOKU type="kaze4" ba="0,0" sc="198,0,250,0,250,0,302,0" /><INIT seed="1,1,0,5,0,104" ten="198,250,250,302" oya="1" hai0="25,19,10,119,123,37,52,89,96,114,60,31,116" hai1="102,38,91,1,122,6,87,76,15,88,135,34,108" hai2="42,57,47,131,11,73,115,8,54,40,56,70,117" hai3="101,112,109,61,20,17,78,46,2,13,64,43,130"/><U124/><E122/><V63/><F117/><W9/><G112/><T18/><D114/><U28/><E38/><V105/><F115/><W0/><G130/><T58/><D123/><U49/><E1/><V81/><F131/><W35/><G35/><T125/><D125/><U106/><E135/><V39/><F105/><W24/><G109/><T97/><D37/><U77/><E108/><V107/><F107/><W99/><G78/><T3/><D3/><U134/><E134/><V36/><F70/><W127/><G127/><T21/><D89/><U128/><E128/><V79/><REACH who="2" step="1"/><F56/><REACH who="2" ten="198,250,240,302" step="2"/><N who="3" m="36903" /><G46/><AGARI ba="1,1" hai="8,11,36,39,40,42,46,47,54,57,63,73,79,81" machi="46" ten="40,8000,1" yaku="1,1,9,1,52,1,53,1" doraHai="104" doraHaiUra="48" who="2" fromWho="3" sc="198,0,250,0,240,93,302,-83" /><INIT seed="2,0,0,5,0,69" ten="198,250,333,219" oya="2" hai0="105,125,3,4,71,107,112,38,25,83,116,114,66" hai1="23,18,59,35,75,94,20,109,76,28,131,111,97" hai2="32,61,36,1,53,62,70,95,79,55,26,12,5" hai3="122,40,19,16,78,57,106,41,89,10,124,2,126"/><V108/><F36/><W127/><G122/><T135/><D83/><U43/><E131/><V117/><F1/><W103/><G78/><T22/><D22/><U74/><E35/><V49/><F70/><W133/><G133/><T11/><D25/><N who="1" m="16423" /><E76/><V64/><F95/><W113/><G113/><N who="0" m="43627" /><D135/><U87/><E87/><V7/><F12/><W129/><G129/><T24/><D24/><N who="1" m="14455" /><E59/><V93/><F26/><W45/><G41/><T33/><D33/><U58/><E58/><V39/><F93/><W82/><G57/><T46/><D116/><U31/><E43/><V47/><F117/><W50/><G106/><N who="0" m="40459" /><D125/><U86/><E86/><V60/><F79/><W80/><G103/><T128/><D128/><U52/><E52/><V102/><F53/><W51/><G51/><T100/><D100/><N who="1" m="60471" /><E31/><V96/><F55/><W21/><G89/><T56/><D56/><U30/><E30/><V73/><F49/><W121/><G121/><T0/><D0/><U84/><E84/><V14/><F32/><W13/><REACH who="3" step="1"/><G19/><REACH who="3" ten="198,250,333,209" step="2"/><T17/><D17/><U134/><E134/><V90/><F90/><W65/><G65/><T68/><D66/><U98/><E98/><V110/><F96/><W132/><G132/><T8/><D8/><U15/><E75/><V63/><F73/><W9/><G9/><T118/><D118/><U37/><E74/><V104/><F64/><W72/><G72/><T99/><D99/><U77/><E77/><V29/><F102/><W27/><G27/><T88/><D88/><U120/><E120/><V115/><F115/><W67/><G67/><T91/><D91/><RYUUKYOKU ba="0,1" sc="198,15,250,-15,333,-15,209,15" hai0="3,4,11,38,46,68,71" hai3="2,10,13,16,21,40,45,50,80,82,124,126,127" /><INIT seed="3,1,1,3,0,82" ten="213,235,318,224" oya="3" hai0="6,48,4,81,118,43,62,88,103,24,111,22,9" hai1="131,121,95,0,102,14,78,40,53,3,92,34,38" hai2="117,59,123,25,126,104,74,35,133,1,96,30,91" hai3="28,33,36,16,73,129,7,39,20,66,56,49,72"/><W26/><G129/><T99/><D118/><U29/><E121/><V15/><F117/><W110/><G110/><T87/><D111/><U134/><E78/><V100/><F1/><W124/><G124/><T18/><D62/><U132/><E14/><V70/><F70/><W108/><G108/><T105/><REACH who="0" step="1"/><D9/><REACH who="0" ten="203,235,318,224" step="2"/><U130/><E131/><V101/><F126/><W127/><G127/><T76/><D76/><U54/><E130/><V114/><F123/><W68/><G68/><T2/><D2/><U42/><E0/><V69/><F69/><W27/><G7/><T122/><D122/><U55/><E3/><V79/><F79/><W41/><G66/><T89/><D89/><U106/><E134/><V19/><F91/><W21/><G33/><T47/><AGARI ba="1,2" hai="4,6,18,22,24,43,47,48,81,87,88,99,103,105" machi="47" ten="30,7900,0" yaku="1,1,0,1,52,1,54,1,53,0" doraHai="82" doraHaiUra="63" who="0" fromWho="0" sc="203,102,235,-21,318,-21,224,-40" owari="305,40.5,214,-18.6,297,9.7,184,-31.6" /></mjloggm>