<mjloggm ver="2.3"><GO type="225" lobby="0"/><UN n0="%E6%81%A5%E6%99%92%E3%81%97" n1="%E3%82%B3%E3%83%90%E3%83%AC%E3%82%A4" n2="%E3%83%A9%E3%82%A4%E3%83%B3%E3%81%AE%E8%99%8E" n3="%50%69%73%38" dan="17,16,16,16" rate="2197.89,2151.14,2129.56,2146.76" sx="M,M,M,M"/><TAIKYOKU oya="0"/><INIT seed="0,0,0,3,3,103" ten="250,250,250,250" oya="0" hai0="92,107,105,98,47,53,85,77,79,118,19,55,94" hai1="73,127,91,60,29,17,87,16,20,84,132,96,67" hai2="101,128,90,133,129,68,58,113,35,78,62,97,42" hai3="121,114,44,89,134,71,115,26,14,6,36,112,86"/><T30/><D118/><U18/><E73/><V95/><F35/><W49/><G36/><T46/><D30/><U21/><E127/><V33/><F33/><W22/><G71/><T124/><D124/><U75/><E75/><V7/><F113/><W74/><G74/><T65/><D85/><U34/><E34/><V57/><F78/><W8/><G134/><T63/><D19/><U45/><E45/><N who="0" m="16905" /><D98/><U99/><E84/><V12/><F42/><W108/><G108/><T1/><D63/><U130/><E132/><V131/><F133/><W83/><G121/><T64/><D1/><U61/><E61/><V119/><F119/><W72/><G72/><T135/><D135/><U81/><E21/><V13/><F90/><W120/><G120/><T40/><D40/><U54/><E67/><N who="0" m="25673" /><D53/><U70/><E70/><V43/><F43/><W109/><G109/><T27/><D27/><N who="1" m="16615" /><E130/><V23/><F62/><W93/><G83/><T104/><D55/><U38/><E38/><V37/><F68/><W48/><REACH who="3" step="1"/><G44/><REACH who="3" ten="250,250,250,240" step="2"/><T9/><D9/><U4/><E81/><V80/><F80/><W10/><G10/><T111/><D111/><U3/><E60/><V123/><F123/><W0/><G0/><T106/><N who="0" m="26624" /><DORA hai="28" /><T125/><D125/><U126/><E3/><V50/><F37/><W52/><G52/><T39/><D39/><U2/><E54/><V41/><F129/><W117/><G117/><T59/><D59/><U76/><E126/><V31/><F128/><W15/><G15/><T69/><D69/><U25/><E2/><V56/><F131/><W11/><G11/><RYUUKYOKU ba="0,1" sc="250,15,250,-15,250,-15,240,15" hai0="77,79,92,94" hai3="6,8,14,22,26,48,49,86,89,93,112,114,115" /><INIT seed="0,1,1,2,1,55" ten="265,235,235,255" oya="0" hai0="35,13,56,28,109,6,66,127,64,129,87,130,107" hai1="114,27,68,111,105,98,133,76,53,11,31,83,101" hai2="9,84,89,47,34,58,50,79,132,119,45,25,100" hai3="135,134,72,115,36,125,63,88,17,1,96,117,54"/><T71/><D107/><U46/><E68/><V73/><F132/><N who="3" m="50731" /><G115/><T10/><D127/><U93/><E133/><V62/><F100/><W57/><G125/><T112/><D112/><U33/><E114/><V44/><F119/><W81/><G117/><T30/><D71/><U23/><E111/><V29/><F9/><W60/><G36/><T69/><D109/><U8/><E33/><V21/><F73/><W38/><G38/><T32/><D69/><U91/><E46/><V52/><F79/><N who="3" m="44263" /><G1/><T113/><D87/><N who="1" m="52479" /><E53/><V131/><F131/><N who="0" m="50186" /><D113/><U121/><E121/><V106/><F106/><W37/><G37/><T124/><D124/><U24/><E27/><V12/><F12/><W15/><G63/><N who="0" m="37991" /><D66/><U39/><E39/><V75/><F75/><AGARI ba="1,1" hai="8,11,23,24,31,75,76,83,98,101,105" m="52479" machi="75" ten="30,1000,0" yaku="24,1" doraHai="55" who="1" fromWho="2" sc="265,0,235,23,235,-13,255,0" /><INIT seed="1,0,0,2,1,60" ten="265,258,222,255" oya="1" hai0="31,45,115,25,108,81,52,32,112,11,105,55,84" hai1="30,6,125,133,44,82,66,27,83,80,23,20,1" hai2="10,75,0,61,22,71,100,110,28,123,19,33,37" hai3="99,103,7,29,109,130,14,117,59,48,89,69,114"/><U104/><E104/><V18/><F75/><W67/><G114/><T124/><D108/><U64/><E125/><V97/><F110/><W126/><G109/><T49/><D124/><U79/><E133/><V74/><F74/><W85/><G126/><T119/><D119/><U73/><E23/><V92/><F37/><W68/><G29/><T62/><D105/><U132/><E132/><V113/><F123/><W102/><G103/><T12/><D62/><U2/><E2/><V16/><F113/><W96/><G99/><T57/><D55/><U36/><E83/><V53/><F33/><W106/><G130/><T88/><REACH who="0" step="1"/><D57/><REACH who="0" ten="255,258,222,255" step="2"/><U129/><E129/><V107/><F107/><W17/><G59/><T70/><D70/><U26/><E79/><V91/><F53/><W78/><G69/><T42/><D42/><U101/><E73/><V34/><F61/><W121/><G68/><T134/><D134/><U63/><E63/><V43/><F43/><W76/><G78/><T118/><D118/><U3/><E44/><V21/><F71/><W94/><G76/><T77/><D77/><U46/><E46/><V90/><F34/><W54/><G117/><T40/><D40/><U98/><E36/><V120/><F120/><W8/><G54/><T41/><D41/><U95/><E1/><V9/><F28/><W93/><G106/><T111/><D111/><U86/><E3/><V38/><F38/><W51/><G121/><T13/><D13/><U35/><E35/><V50/><F0/><N who="3" m="103" /><G67/><T24/><D24/><U56/><E64/><V135/><F135/><W39/><G39/><RYUUKYOKU ba="0,1" sc="255,15,258,-15,222,-15,255,15" hai0="11,12,25,31,32,45,49,52,81,84,88,112,115" hai3="14,17,48,51,85,89,93,94,96,102" /><INIT seed="2,1,1,1,1,5" ten="270,243,207,270" oya="2" hai0="112,88,29,84,75,34,110,4,15,1,108,98,16" hai1="28,96,104,81,124,120,33,50,73,134,61,69,95" hai2="23,48,83,49,8,74,0,135,20,80,118,40,42" hai3="9,13,30,59,68,54,122,87,25,128,14,26,70"/><V82/><F74/><W53/><G122/><T21/><D112/><U62/><E120/><V103/><F118/><W11/><G87/><T66/><D75/><U47/><E104/><V17/><F103/><W85/><G85/><T43/><D98/><U105/><E105/><V72/><F72/><W35/><G128/><T90/><D43/><N who="2" m="16426" /><F0/><W101/><G101/><T56/><D56/><U6/><E69/><V3/><F3/><W63/><G26/><N who="0" m="18743" /><D66/><U121/><E121/><V117/><F117/><W78/><G78/><T91/><D84/><U133/><E73/><V127/><F127/><W113/><G54/><T65/><D65/><U32/><E124/><V94/><F94/><W39/><G39/><T130/><D130/><U7/><E81/><V99/><F99/><W119/><G113/><T132/><D132/><N who="1" m="50795" /><E33/><V22/><F135/><W126/><G126/><T97/><D97/><U93/><E93/><V109/><F109/><W131/><G131/><T64/><D64/><U41/><E32/><V116/><F116/><W76/><G76/><T111/><D110/><U106/><E106/><V45/><F45/><W38/><G119/><T10/><AGARI ba="1,1" hai="1,4,10,15,16,21,88,90,91,108,111" m="18743" machi="10" ten="30,7900,0" yaku="24,1,52,1,54,2" doraHai="5" who="0" fromWho="0" sc="270,92,243,-21,207,-40,270,-21" /><INIT seed="3,0,0,0,2,104" ten="362,222,167,249" oya="3" hai0="48,114,39,68,67,30,2,84,70,33,110,23,37" hai1="32,75,92,125,122,10,8,38,115,45,26,9,42" hai2="35,1,21,5,12,66,96,86,80,108,40,14,120" hai3="135,24,77,123,82,113,15,29,79,87,54,25,106"/><W127/><G113/><T103/><D33/><U133/><E115/><V85/><F35/><W102/><G123/><T53/><D2/><U100/><E122/><V16/><F108/><W72/><G135/><T112/><D84/><U91/><E133/><V81/><F120/><W116/><G116/><T7/><D7/><U130/><E130/><V41/><F1/><W18/><G127/><T99/><D23/><U90/><E125/><V98/><F66/><W57/><G29/><T49/><D49/><U89/><E75/><V46/><F46/><W71/><G71/><T55/><D55/><U119/><E119/><V52/><F52/><W0/><G0/><T101/><D103/><U61/><E61/><V107/><F107/><W121/><G121/><T51/><D99/><U128/><E128/><V78/><F98/><W111/><G111/><T34/><D30/><U65/><E65/><V56/><F56/><W63/><G102/><T88/><D101/><U129/><E129/><V93/><F93/><W47/><G47/><T28/><D110/><U94/><E100/><V117/><F96/><W126/><G126/><T60/><D70/><U134/><E134/><V95/><F95/><W132/><G106/><T62/><D112/><U50/><E38/><V13/><F117/><W118/><G118/><T31/><D37/><U69/><E69/><V3/><F3/><W131/><G131/><T6/><D39/><U76/><E32/><V58/><F58/><W17/><G132/><T4/><D68/><U22/><E94/><V74/><F74/><W20/><G72/><T59/><D114/><RYUUKYOKU ba="0,0" sc="362,0,222,0,167,0,249,0" owari="362,46.2,222,-17.8,167,-33.3,249,4.9" /></mjloggm>