<mjloggm ver="2.3"><GO type="225" lobby="0"/><UN n0="%72%65%6E%6B%75%6E" n1="%E6%A1%9C%E8%8A%B1%E9%96%83%E3%80%85" n2="%E5%91%A8%E6%9D%B1" n3="%E3%81%99%E3%81%84%E3%81%BE%E3%81%9B%E3%83%BC%E3%82%93" dan="17,16,17,18" rate="2221.12,2106.26,2137.47,2232.38" sx="M,M,M,M"/><TAIKYOKU oya="0"/><INIT seed="0,0,0,1,0,12" ten="250,250,250,250" oya="0" hai0="125,3,16,130,65,56,55,80,37,134,31,79,70" hai1="129,133,35,108,69,1,96,98,59,127,2,25,106" hai2="77,33,17,41,131,128,22,105,19,0,61,24,110" hai3="5,46,121,64,20,104,102,50,67,135,91,124,57"/><T26/><D37/><U115/><RYUUKYOKU type="yao9" ba="0,0" sc="250,0,250,0,250,0,250,0" hai1="1,2,25,35,59,69,96,98,106,108,115,127,129,133" /><INIT seed="0,1,0,3,0,91" ten="250,250,250,250" oya="0" hai0="121,7,106,100,110,17,87,59,118,108,132,58,29" hai1="9,102,27,96,133,53,72,131,120,86,24,80,42" hai2="36,89,126,48,117,135,129,84,60,134,70,65,30" hai3="74,26,125,73,128,77,25,23,99,71,83,0,8"/><T105/><D118/><U4/><E120/><V109/><F117/><W64/><G128/><T92/><D121/><U21/><E72/><V11/><F129/><W116/><G116/><T81/><D132/><N who="2" m="50730" /><F36/><W16/><G125/><T103/><D7/><U32/><E133/><V37/><F37/><W49/><G49/><T51/><D29/><U69/><E69/><V101/><F126/><W10/><G74/><T33/><D33/><U13/><E131/><V67/><F109/><N who="0" m="42090" /><D17/><U66/><E66/><N who="2" m="41287" /><F30/><W88/><G0/><T41/><D41/><U40/><E53/><V44/><F101/><N who="0" m="38986" /><D51/><U111/><E32/><V114/><F114/><W34/><G34/><T130/><D130/><U127/><E127/><V122/><F11/><W35/><G35/><T19/><D19/><N who="1" m="12351" /><E27/><V79/><F79/><W47/><G26/><T54/><D92/><N who="1" m="58631" /><E111/><V113/><F113/><W76/><G25/><T45/><D45/><U18/><E18/><V115/><F115/><W1/><G47/><T82/><D82/><U22/><E22/><V107/><F122/><W14/><G83/><T63/><D58/><U57/><E57/><V43/><F107/><W56/><G56/><T52/><D54/><U28/><E28/><V62/><F62/><W3/><G71/><T124/><D124/><U68/><E68/><V75/><F75/><W98/><G73/><T119/><D119/><U112/><E112/><V15/><F15/><W6/><G64/><T85/><D81/><AGARI ba="1,0" hai="43,44,48,65,67,81,84,89" m="41287,50730" machi="81" ten="30,1000,0" yaku="20,1" doraHai="91" who="2" fromWho="0" sc="250,-13,250,0,250,13,250,0" /><INIT seed="1,0,0,2,5,5" ten="237,250,263,250" oya="1" hai0="14,68,40,135,67,11,92,36,39,3,100,50,63" hai1="0,108,70,130,94,110,96,129,101,9,69,30,71" hai2="52,10,86,53,4,120,95,90,75,87,22,76,99" hai3="41,55,104,17,97,131,79,106,66,29,82,80,16"/><U45/><E30/><V57/><F120/><W73/><G131/><N who="1" m="50186" /><E45/><V8/><F75/><W65/><G41/><T51/><D3/><U93/><E93/><V117/><F117/><W89/><G29/><T128/><D128/><U81/><E81/><N who="2" m="47399" /><F4/><AGARI ba="0,0" hai="0,4,9,69,70,71,94,96,101,108,110" m="50186" machi="4" ten="40,3900,0" yaku="19,1,52,1" doraHai="5" who="1" fromWho="2" sc="237,0,250,39,263,-39,250,0" /><INIT seed="1,1,0,5,2,28" ten="237,289,224,250" oya="1" hai0="63,24,48,89,51,32,125,50,31,92,85,76,99" hai1="116,105,129,59,131,121,90,82,95,127,22,43,14" hai2="25,56,126,67,78,9,103,3,83,21,110,120,130" hai3="54,1,84,26,29,71,94,102,42,87,47,112,106"/><U27/><E116/><V44/><F120/><W81/><G112/><T52/><D125/><U8/><E121/><V108/><F126/><W128/><G1/><T6/><D6/><U7/><E127/><V86/><F130/><N who="1" m="49673" /><E105/><V135/><F135/><W4/><G4/><T123/><D123/><U72/><E43/><V75/><F3/><W12/><G106/><T13/><D13/><U104/><E104/><V37/><F9/><W49/><G71/><T17/><D17/><N who="1" m="12751" /><E59/><V124/><F124/><W19/><G128/><T88/><D76/><N who="1" m="44295" /><E95/><V111/><F37/><W122/><G122/><T2/><D2/><U61/><E61/><N who="2" m="38311" /><F44/><W70/><G70/><T23/><D32/><U11/><E11/><V58/><F58/><W96/><G42/><T34/><D34/><U5/><E90/><V62/><F62/><W132/><G132/><T73/><D73/><U38/><E38/><V133/><F133/><W79/><G79/><T64/><D64/><U55/><E55/><V117/><F117/><W36/><G36/><T119/><D119/><U41/><E41/><V74/><F103/><W0/><G0/><T80/><D63/><U68/><E68/><V16/><AGARI ba="1,0" hai="16,21,25,74,75,78,83,86,108,110,111" m="38311" machi="16" ten="30,2000,0" yaku="14,1,54,1" doraHai="28" who="2" fromWho="2" sc="237,-6,289,-11,224,23,250,-6" /><INIT seed="2,0,0,0,2,20" ten="231,278,247,244" oya="2" hai0="108,16,66,19,59,54,135,33,80,81,7,43,15" hai1="61,126,102,18,120,68,0,62,122,125,21,103,99" hai2="132,38,45,55,116,111,31,67,83,112,10,129,29" hai3="133,3,69,78,32,97,127,34,5,28,107,4,87"/><V8/><F116/><W76/><G69/><T90/><D33/><U60/><E0/><V93/><F112/><W88/><G127/><N who="1" m="48650" /><E68/><V119/><F119/><W134/><G107/><T1/><D108/><U51/><E51/><N who="2" m="29167" /><F38/><W77/><G97/><T110/><D110/><U64/><E64/><V117/><F117/><W36/><G36/><T131/><D131/><U46/><E46/><V25/><F111/><W104/><G104/><T53/><D135/><N who="3" m="51721" /><G3/><T58/><D43/><U41/><E41/><V44/><F132/><W86/><G86/><N who="0" m="50503" /><D1/><U114/><E114/><V12/><F129/><W113/><G113/><T121/><D121/><N who="1" m="46699" /><E99/><V82/><F67/><W24/><G32/><T109/><D81/><AGARI ba="0,0" hai="4,5,24,28,34,76,77,78,81,87,88" m="51721" machi="81" ten="30,3900,0" yaku="20,1,52,1,54,1" doraHai="20" who="3" fromWho="0" sc="231,-39,278,0,247,0,244,39" /><INIT seed="3,0,0,2,0,69" ten="192,278,247,283" oya="3" hai0="43,17,117,50,78,103,126,79,6,23,63,39,82" hai1="130,66,95,47,52,41,111,8,125,84,94,62,49" hai2="129,48,96,53,11,112,134,86,14,133,131,127,97" hai3="110,35,88,128,19,93,73,29,115,16,5,102,89"/><W104/><G115/><T36/><D117/><U121/><E121/><V22/><F112/><W120/><G120/><T27/><D126/><U15/><E125/><V1/><F1/><W99/><G73/><T92/><D6/><U91/><E111/><V116/><F22/><W113/><G113/><T70/><D79/><U67/><E130/><N who="2" m="49675" /><F86/><W9/><G128/><T31/><D31/><U122/><E122/><V109/><F116/><W45/><G110/><T3/><D3/><U123/><E123/><V44/><F109/><W71/><G71/><T100/><D50/><U4/><E94/><V114/><F114/><W58/><G104/><T30/><D17/><U101/><E101/><V118/><F118/><W2/><G45/><T21/><D21/><U75/><E75/><V37/><F37/><W90/><REACH who="3" step="1"/><G58/><AGARI ba="0,0" hai="4,8,15,41,47,49,52,58,62,66,67,84,91,95" machi="58" ten="40,2600,0" yaku="8,1,54,1" doraHai="69" who="1" fromWho="3" sc="192,0,278,26,247,0,283,-26" owari="192,-30.8,304,40.4,247,-15.3,257,5.7" /></mjloggm>