<mjloggm ver="2.3"><GO type="225" lobby="0"/><UN n0="%E3%83%A9%E3%83%BC%E3%83%A1%E3%83%B3%E4%BA%94%E9%83%8E" n1="%72%61%6B%33" n2="%E3%83%96%E3%83%83%E3%83%91%E3%82%AA%E3%83%96%E3%83%81%E3%82%AD%E3%83%B3" n3="%E5%B0%8F%E9%B3%A5%E9%81%8A%E7%B7%B4%E7%84%A1%32%31%E6%AD%B3" dan="16,16,16,17" rate="2160.90,2140.01,2160.49,2148.83" sx="M,M,M,F"/><TAIKYOKU oya="0"/><INIT seed="0,0,0,0,0,27" ten="250,250,250,250" oya="0" hai0="125,78,93,79,10,6,35,94,41,60,0,77,33" hai1="8,45,16,72,92,122,70,32,127,65,24,34,124" hai2="116,20,11,102,75,106,2,53,128,49,64,55,44" hai3="31,113,95,3,109,59,110,105,47,90,132,97,114"/><T129/><D125/><N who="1" m="48203" /><E72/><V52/><F75/><W68/><G68/><T63/><D129/><U36/><E122/><V43/><F128/><W39/><G3/><T40/><D94/><U135/><E135/><V131/><F131/><W71/><G71/><T108/><D108/><N who="3" m="41577" /><G105/><T119/><D119/><U84/><E65/><V56/><F116/><W1/><G1/><T30/><D93/><U107/><E70/><V25/><F64/><W58/><G132/><T98/><D98/><U88/><E107/><V67/><F67/><W4/><G4/><T101/><D101/><U103/><E103/><V99/><F2/><W82/><G82/><T15/><D0/><U85/><E85/><V23/><F11/><W5/><G5/><T38/><D38/><U117/><E117/><V57/><REACH who="2" step="1"/><F20/><REACH who="2" ten="250,250,240,250" step="2"/><W123/><G114/><T80/><D35/><U62/><E8/><V118/><F118/><W69/><G113/><T54/><D33/><U86/><E34/><V91/><F91/><W89/><G90/><T74/><D74/><U46/><E32/><V50/><F50/><W104/><G89/><T73/><D73/><U81/><E62/><V112/><F112/><W83/><G39/><T121/><D63/><U120/><E36/><V115/><F115/><W7/><G123/><T96/><D121/><U51/><E120/><V111/><F111/><W76/><G76/><T48/><D78/><N who="1" m="46135" /><E51/><V66/><F66/><W28/><G69/><T61/><D48/><U42/><E42/><N who="0" m="16489" /><D61/><U13/><E86/><V14/><F14/><W12/><G12/><T37/><D37/><U133/><E13/><RYUUKYOKU ba="0,1" sc="250,-10,250,-10,240,30,250,-10" hai2="23,25,43,44,49,52,53,55,56,57,99,102,106" /><INIT seed="1,1,1,1,0,68" ten="240,240,270,240" oya="1" hai0="3,110,24,62,64,125,91,79,120,25,121,89,97" hai1="27,135,104,29,81,75,86,126,101,22,129,111,134" hai2="15,74,133,10,96,8,21,59,109,102,85,19,37" hai3="51,122,4,72,88,73,60,34,69,17,36,20,114"/><U70/><E70/><V115/><F74/><W14/><G34/><T66/><D110/><U108/><E75/><V33/><F109/><N who="1" m="42057" /><E126/><V83/><F133/><N who="1" m="50697" /><E129/><V128/><F128/><W6/><G114/><T117/><D117/><U46/><E46/><V55/><F37/><W105/><G105/><T50/><D125/><U32/><E32/><V2/><F33/><W23/><G36/><T107/><D3/><U118/><E118/><V119/><F115/><W82/><G69/><T48/><D79/><N who="1" m="46399" /><E104/><V127/><F2/><W58/><G72/><T123/><D107/><U94/><E101/><V0/><F0/><W11/><G73/><T106/><D106/><U18/><E94/><N who="2" m="58647" /><F119/><W39/><G122/><T132/><D132/><U63/><E63/><N who="2" m="36351" /><F127/><W52/><G60/><T92/><D62/><U13/><E13/><V26/><F15/><W98/><G14/><T54/><D121/><U38/><E38/><V42/><F42/><W90/><G39/><T47/><D123/><U30/><AGARI ba="1,1" hai="18,22,27,29,30" m="46399,50697,42057" machi="30" ten="40,7800,0" yaku="14,1,10,1,20,1" doraHai="68" who="1" fromWho="1" sc="240,-27,240,91,270,-27,240,-27" /><INIT seed="1,2,0,1,2,61" ten="213,331,243,213" oya="1" hai0="66,9,91,27,69,79,47,83,129,76,23,128,32" hai1="11,10,35,65,104,73,98,40,15,67,2,112,93" hai2="95,97,42,111,105,64,30,133,53,39,94,90,121" hai3="0,120,63,126,103,33,109,88,52,13,4,62,131"/><U101/><E112/><V77/><F121/><W44/><G120/><T68/><D32/><U34/><E73/><V81/><F111/><W84/><G109/><T110/><D110/><U86/><E40/><V46/><F133/><W12/><G126/><T123/><D123/><U78/><E35/><V20/><F105/><W106/><G33/><T31/><D47/><U43/><E34/><V48/><F95/><W92/><G0/><T8/><D91/><U70/><E70/><N who="0" m="27241" /><D66/><N who="1" m="25099" /><E2/><V24/><F64/><W57/><G44/><T96/><D96/><U75/><E43/><V37/><REACH who="2" step="1"/><F42/><REACH who="2" ten="213,331,233,213" step="2"/><W29/><G106/><T1/><D129/><U19/><E104/><V22/><F22/><W100/><G131/><T114/><D128/><U130/><E130/><V117/><F117/><W25/><G103/><T49/><D23/><N who="1" m="11775" /><E75/><AGARI ba="2,1" hai="20,24,30,37,39,46,48,53,75,77,81,90,94,97" machi="75" ten="30,3900,0" yaku="1,1,7,1,53,1" doraHai="61" doraHaiUra="89" who="2" fromWho="1" sc="213,0,331,-45,233,55,213,0" /><INIT seed="2,0,0,4,5,51" ten="213,286,288,213" oya="2" hai0="9,13,57,108,34,87,111,62,117,58,90,18,24" hai1="74,112,118,45,71,30,134,135,38,81,69,47,60" hai2="29,86,70,77,7,46,131,52,6,32,4,25,121" hai3="76,91,120,54,79,124,97,31,28,65,22,67,95"/><V115/><F115/><W68/><G120/><T75/><D75/><U49/><E30/><N who="3" m="11306" /><G68/><N who="1" m="26186" /><E81/><V72/><F121/><W10/><G124/><T56/><D34/><U78/><E78/><N who="3" m="29738" /><G10/><T102/><D117/><U84/><E84/><V107/><F70/><W125/><G125/><T2/><D2/><U17/><E17/><V27/><F107/><W0/><G0/><T23/><D102/><U126/><E74/><V3/><F131/><W14/><G54/><N who="0" m="34071" /><D111/><U106/><E106/><V21/><F72/><W103/><G91/><T116/><D108/><U11/><E11/><V36/><F36/><W132/><G132/><T85/><D116/><U109/><E109/><V48/><F77/><W119/><G119/><T37/><D37/><U110/><E110/><V16/><REACH who="2" step="1"/><F86/><REACH who="2" ten="213,286,278,213" step="2"/><W92/><G92/><N who="0" m="54351" /><D87/><U104/><E104/><V94/><F94/><W40/><G95/><T123/><D123/><U42/><E118/><V80/><F80/><W55/><G97/><T5/><AGARI ba="0,1" hai="5,9,13,18,23,24,57,58" m="54351,34071" machi="5" ten="30,2000,0" yaku="8,1,52,1" doraHai="51" who="0" fromWho="0" sc="213,30,286,-5,278,-10,213,-5" /><INIT seed="3,0,0,4,5,121" ten="243,281,268,208" oya="3" hai0="46,27,78,90,93,41,118,1,28,104,87,33,76" hai1="47,58,34,124,42,122,126,6,101,91,5,3,96" hai2="43,17,52,9,134,15,116,82,98,39,112,129,62" hai3="111,117,100,120,13,48,21,131,69,95,103,10,128"/><W20/><G120/><T11/><D118/><U133/><E122/><V106/><F116/><W108/><G69/><T130/><D130/><N who="3" m="49705" /><G117/><T53/><D53/><U115/><E115/><V74/><F129/><W113/><G113/><T26/><D104/><U36/><E34/><V64/><F112/><W84/><G48/><T54/><D54/><U63/><E91/><V35/><F134/><W14/><G84/><T24/><D24/><U88/><E133/><V23/><F35/><W135/><G135/><T22/><D11/><U31/><E31/><V94/><F106/><W75/><G75/><T57/><D57/><U12/><E12/><N who="3" m="4714" /><G10/><T16/><REACH who="0" step="1"/><D1/><REACH who="0" ten="233,281,268,208" step="2"/><U102/><E3/><V59/><F9/><W49/><G49/><AGARI ba="0,1" hai="16,22,26,27,28,33,41,46,49,76,78,87,90,93" machi="49" ten="30,8000,1" yaku="1,1,2,1,7,1,54,1,53,1" doraHai="121" doraHaiUra="19" who="0" fromWho="3" sc="233,90,281,0,268,0,208,-80" owari="323,42.3,281,8.1,268,-13.2,128,-37.2" /></mjloggm>