<mjloggm ver="2.3"><GO type="225" lobby="0"/><UN n0="%E7%99%BD%E5%80%89%E5%AF%9B%E4%B9%8B" n1="%E3%81%95%E3%81%8D%E3%81%9F%E3%81%BE%E6%9E%97%E6%AA%8E" n2="%E3%81%BF%E3%81%BF%E3%81%9A" n3="%E3%83%81%E3%83%83%E3%82%BF%E3%82%BD%E3%83%BC" dan="16,16,17,16" rate="2186.13,2109.23,2191.39,2193.14" sx="M,M,M,F"/><TAIKYOKU oya="0"/><INIT seed="0,0,0,1,0,28" ten="250,250,250,250" oya="0" hai0="51,75,93,122,130,13,25,6,34,41,73,106,74" hai1="127,121,61,78,83,15,45,19,124,108,134,11,135" hai2="30,90,36,126,71,85,2,94,49,48,88,97,76" hai3="125,24,66,67,128,44,21,65,104,5,132,16,59"/><T57/><D106/><U111/><E121/><V129/><F36/><W3/><G104/><T29/><D122/><U117/><E117/><V133/><F2/><W70/><G70/><T102/><D130/><U120/><E120/><V39/><F39/><W118/><G118/><T115/><D115/><U9/><E61/><V123/><F71/><W105/><G105/><T54/><D41/><U63/><E63/><V107/><F123/><W77/><G128/><T89/><D102/><U23/><E45/><V62/><F129/><W52/><G132/><N who="1" m="50730" /><E83/><N who="2" m="47335" /><F107/><W68/><G68/><T60/><D60/><U1/><E78/><V99/><F126/><N who="1" m="48169" /><E1/><V131/><F131/><W42/><G125/><T72/><N who="0" m="18432" /><DORA hai="12" /><T47/><D47/><U37/><E37/><V109/><F133/><W55/><G77/><T87/><REACH who="0" step="1"/><D13/><REACH who="0" ten="240,250,250,250" step="2"/><U27/><E27/><V110/><F62/><W43/><G42/><T26/><D26/><U80/><E80/><V56/><F48/><W33/><G43/><T7/><AGARI ba="0,1" hai="6,7,25,29,34,51,54,57,87,89,93" m="18432" machi="7" ten="60,12000,1" yaku="1,1,0,1,52,1,53,1" doraHai="28,12" doraHaiUra="35,82" who="0" fromWho="0" sc="240,130,250,-40,250,-40,250,-40" /><INIT seed="0,1,0,1,4,75" ten="370,210,210,210" oya="0" hai0="13,135,97,48,50,60,103,88,1,67,65,121,36" hai1="98,89,133,57,37,111,110,117,129,99,90,108,17" hai2="86,131,39,125,61,95,112,119,132,106,26,94,45" hai3="107,83,23,78,11,56,32,18,85,8,80,115,53"/><T123/><D1/><U51/><E37/><V105/><F112/><W126/><G126/><T44/><D135/><U3/><E3/><V120/><F120/><W24/><G115/><T96/><D36/><U6/><E6/><V7/><F132/><W19/><G107/><T42/><D50/><U134/><E134/><V74/><F74/><W77/><G32/><T84/><D13/><U4/><E4/><V66/><F7/><W81/><G18/><T58/><D67/><U15/><E133/><V34/><F125/><W54/><G80/><T69/><D69/><U127/><E127/><V0/><F0/><W21/><G21/><T113/><D113/><U52/><E129/><V62/><F131/><W76/><G53/><T10/><D10/><N who="3" m="3625" /><G85/><T46/><D46/><U92/><E117/><V71/><F119/><W68/><G68/><T79/><D97/><U102/><REACH who="1" step="1"/><E99/><REACH who="1" ten="370,200,210,210" step="2"/><V114/><F114/><W28/><G28/><T30/><D30/><U101/><E101/><V70/><F39/><W128/><G128/><T47/><D123/><U5/><E5/><V91/><F71/><W33/><G33/><T16/><D121/><U35/><E35/><V41/><F34/><W29/><G29/><T25/><D103/><U64/><E64/><V82/><F66/><W93/><G93/><N who="2" m="35337" /><F70/><W109/><G109/><T9/><D65/><U118/><E118/><V40/><F106/><W27/><G27/><T73/><D25/><U14/><E14/><V87/><F105/><W72/><G72/><T12/><D73/><U49/><E49/><AGARI ba="1,1" hai="19,23,24,49,54,56,76,77,78,81,83" m="3625" machi="49" ten="30,7700,0" yaku="8,1,52,3" doraHai="75" who="3" fromWho="1" sc="370,0,200,-80,210,0,210,90" /><INIT seed="1,0,0,4,3,121" ten="370,120,210,300" oya="1" hai0="119,40,25,44,39,18,58,84,42,16,5,85,104" hai1="88,99,71,33,49,117,95,96,80,46,55,98,130" hai2="23,113,74,134,48,125,75,2,93,54,135,59,76" hai3="131,126,57,115,87,112,60,83,105,13,97,109,65"/><U129/><E117/><V7/><F125/><W128/><G126/><T123/><D104/><U102/><E33/><V12/><F113/><W53/><G13/><T106/><D106/><U81/><E71/><V9/><F76/><W68/><G97/><T66/><D119/><U62/><E99/><V6/><F93/><W118/><G105/><T14/><D123/><U94/><REACH who="1" step="1"/><E62/><REACH who="1" ten="370,110,210,300" step="2"/><V24/><F2/><W11/><G118/><T8/><D66/><U45/><E45/><V21/><F6/><W38/><G115/><T56/><D44/><U67/><E67/><V107/><F107/><W26/><G112/><T86/><D56/><U41/><E41/><V52/><F54/><W110/><G68/><T43/><D58/><U32/><E32/><V103/><F103/><W37/><G65/><T114/><D114/><U61/><E61/><V77/><F135/><W91/><G60/><T90/><D39/><U70/><E70/><V50/><F134/><W19/><G38/><T127/><D127/><U4/><E4/><V82/><F50/><N who="3" m="30903" /><G37/><T3/><D5/><U133/><E133/><V101/><F101/><W69/><G69/><T132/><D132/><U27/><E27/><V15/><F15/><N who="3" m="7679" /><G26/><T0/><D0/><U72/><E72/><V28/><F75/><W1/><G1/><T35/><D3/><U79/><E79/><V111/><REACH who="2" step="1"/><F23/><REACH who="2" ten="370,110,200,300" step="2"/><W34/><G34/><T17/><D90/><U30/><E30/><V20/><F20/><W92/><G87/><T124/><D124/><U31/><E31/><V120/><F120/><W36/><G36/><T29/><AGARI ba="0,2" hai="8,14,16,17,18,25,29,35,40,42,43,84,85,86" machi="29" ten="40,5200,0" yaku="5,1,0,1,54,1" doraHai="121" who="0" fromWho="0" sc="370,72,110,-26,200,-13,300,-13" /><INIT seed="2,0,0,3,0,19" ten="442,84,187,287" oya="2" hai0="97,76,118,82,79,37,100,123,92,72,71,25,4" hai1="10,83,116,135,93,110,122,5,27,20,70,106,120" hai2="87,77,111,56,54,22,104,32,68,73,14,113,51" hai3="18,98,9,128,108,75,12,3,47,35,28,31,112"/><V21/><F113/><W101/><G108/><T6/><D71/><U42/><E106/><V52/><F104/><W121/><G112/><T81/><D37/><U129/><E70/><V62/><F32/><W50/><G128/><T2/><D123/><N who="1" m="47147" /><E42/><V64/><F73/><W85/><G121/><T59/><D118/><U103/><E116/><V7/><F111/><W34/><G75/><T33/><D2/><N who="1" m="311" /><E110/><V109/><F109/><W66/><G66/><T86/><D59/><U24/><E83/><N who="2" m="47599" /><F68/><W23/><G85/><T131/><D131/><U45/><E45/><N who="2" m="28015" /><F64/><W99/><G99/><T15/><D15/><U84/><E129/><V88/><F88/><W57/><G57/><T63/><D63/><U117/><E117/><V69/><F69/><W65/><G65/><T91/><D79/><U114/><E114/><V96/><F96/><W58/><G58/><T16/><D33/><U125/><E103/><V46/><F46/><W36/><G36/><T11/><D100/><U44/><E44/><V29/><F29/><W61/><G34/><T26/><D72/><U89/><E135/><V130/><F130/><W115/><G115/><T124/><D76/><U119/><E119/><V132/><F132/><W0/><G35/><T48/><D97/><U94/><E94/><V53/><F53/><W90/><G28/><T107/><D91/><U30/><E125/><V38/><F38/><W67/><G90/><T55/><D124/><U1/><E1/><V126/><F126/><W134/><G3/><T13/><D107/><U8/><E8/><AGARI ba="0,0" hai="7,8,14,21,22,52,56,62" m="28015,47599" machi="8" ten="30,11600,0" yaku="8,1,52,2,54,1" doraHai="19" who="2" fromWho="1" sc="442,0,84,-116,187,116,287,0" owari="442,54.2,-32,-53.2,303,10.3,287,-11.3" /></mjloggm>