<mjloggm ver="2.3"><GO type="225" lobby="0"/><UN n0="%E3%82%B3%E3%83%90%E3%83%AC%E3%82%A4" n1="%E3%81%A4%E3%81%A3%E3%81%B1%E3%82%8A%E3%83%9D%E3%83%BC%E3%83%AB" n2="%E6%9C%88%E5%B3%B6%E5%9F%BA" n3="%E5%91%A8%E6%9D%B1" dan="16,17,16,17" rate="2164.56,2136.39,2135.94,2217.57" sx="M,M,M,M"/><TAIKYOKU oya="0"/><INIT seed="0,0,0,2,3,131" ten="250,250,250,250" oya="0" hai0="116,69,50,117,60,128,8,122,133,23,108,62,98" hai1="87,24,9,55,44,134,90,72,5,129,67,15,79" hai2="48,58,118,125,20,29,32,57,61,6,105,112,88" hai3="76,45,121,135,63,95,12,113,68,26,56,28,78"/><T65/><D122/><U1/><E129/><V54/><F112/><W89/><G113/><T25/><D128/><U124/><E124/><V102/><F125/><W40/><G68/><T82/><D108/><U11/><E67/><V83/><F118/><W86/><G121/><T103/><D8/><U7/><E24/><N who="2" m="16519" /><F105/><W59/><G12/><T71/><D82/><U94/><E72/><V97/><F32/><W19/><G19/><T47/><D62/><U120/><E120/><V126/><F6/><W31/><G135/><T27/><D27/><U70/><E70/><V99/><F102/><W41/><G31/><T85/><D85/><U38/><E79/><V2/><F2/><W101/><G101/><T74/><D74/><U115/><E115/><V16/><F16/><W93/><G93/><T84/><D84/><U104/><E104/><V53/><F126/><W34/><G59/><T73/><D73/><U96/><E134/><V10/><F10/><W109/><G109/><T92/><D69/><U37/><REACH who="1" step="1"/><E87/><AGARI ba="0,0" hai="48,53,54,57,58,61,83,87,88,97,99" m="16519" machi="87" ten="30,2000,0" yaku="8,1,54,1" doraHai="131" who="2" fromWho="1" sc="250,0,250,-20,250,20,250,0" /><INIT seed="1,0,0,2,0,108" ten="250,230,270,250" oya="1" hai0="115,130,56,85,107,42,16,120,106,101,82,88,79" hai1="135,117,7,114,10,75,13,76,77,68,21,111,18" hai2="109,126,34,47,27,15,3,93,123,23,133,6,35" hai3="69,39,127,22,37,33,0,40,131,44,32,41,58"/><U86/><E117/><V102/><F123/><W83/><G0/><T11/><D120/><U49/><E135/><V128/><F109/><W2/><G2/><T71/><D71/><U54/><E111/><V116/><F116/><W132/><G69/><T112/><D42/><U60/><E75/><V25/><F133/><W14/><G132/><T122/><D122/><U103/><E103/><V99/><F126/><W70/><G70/><T81/><D130/><U4/><E114/><N who="0" m="43561" /><D56/><U29/><E29/><V53/><F3/><W48/><G131/><T129/><D16/><U52/><E68/><V5/><F35/><W87/><G127/><T59/><D59/><N who="1" m="34919" /><E86/><V9/><F34/><W17/><G58/><T74/><D11/><U43/><E43/><V118/><F118/><W98/><G48/><T62/><D62/><U45/><E7/><N who="2" m="3519" /><F128/><W90/><REACH who="3" step="1"/><G98/><REACH who="3" ten="250,230,270,240" step="2"/><N who="0" m="61751" /><D129/><U24/><AGARI ba="0,1" hai="4,10,13,18,21,24,45,49,54,76,77" m="34919" machi="24" ten="30,3000,0" yaku="8,1,54,1" doraHai="108" who="1" fromWho="1" sc="250,-10,230,40,270,-10,240,-10" /><INIT seed="1,1,0,4,4,27" ten="240,270,260,230" oya="1" hai0="37,131,127,126,49,31,25,99,59,52,0,48,4" hai1="3,86,81,106,32,40,69,8,95,53,19,114,46" hai2="72,70,54,44,14,121,111,26,38,39,133,65,22" hai3="104,64,112,43,18,79,60,2,51,97,12,94,20"/><U5/><E114/><V110/><F121/><W134/><G134/><T17/><D37/><U77/><E106/><V115/><F72/><W28/><G112/><T105/><D131/><U13/><E69/><V74/><F74/><W56/><G104/><T35/><D17/><U124/><E124/><N who="0" m="47657" /><D4/><U42/><E32/><V6/><F115/><W116/><G116/><T58/><D0/><U15/><E3/><V130/><F130/><W93/><G2/><T108/><D108/><N who="2" m="41514" /><F133/><W75/><G75/><T23/><D35/><U128/><E128/><V120/><F120/><W71/><G79/><T119/><D119/><U96/><E53/><V98/><F98/><W36/><G36/><T45/><D49/><U113/><E46/><V62/><F54/><W76/><G76/><T10/><D10/><N who="1" m="6647" /><E113/><V91/><F44/><N who="3" m="26015" /><G71/><T117/><D117/><U34/><E34/><V80/><F14/><W68/><G68/><T83/><D83/><U87/><E81/><V132/><F6/><W88/><G94/><T109/><D109/><U89/><E77/><V16/><F132/><W30/><AGARI ba="1,0" hai="12,18,20,28,30,56,60,64,88,93,97" m="26015" machi="30" ten="30,7900,0" yaku="8,1,52,2,54,1" doraHai="27" who="3" fromWho="3" sc="240,-21,270,-40,260,-21,230,82" /><INIT seed="2,0,0,1,1,12" ten="219,230,239,312" oya="2" hai0="95,135,6,111,24,60,65,45,3,86,117,7,54" hai1="4,98,94,34,41,104,20,8,121,122,129,57,70" hai2="115,23,89,32,79,128,43,25,85,37,67,22,56" hai3="61,116,126,16,109,81,87,26,68,29,9,77,55"/><V103/><F115/><W15/><G109/><T5/><D117/><U78/><E70/><V91/><F128/><W0/><G126/><T131/><D131/><U119/><E119/><V59/><F103/><W75/><G116/><T73/><D73/><U40/><E34/><V50/><F37/><W36/><G36/><T62/><D3/><U101/><E129/><V33/><F33/><W106/><G106/><T10/><D111/><U2/><E78/><V51/><F32/><W42/><G0/><T19/><D65/><U114/><E114/><V110/><F23/><N who="3" m="15583" /><G68/><T14/><D135/><U102/><E57/><N who="2" m="22091" /><F67/><W124/><G75/><T52/><D24/><U125/><E125/><V18/><F110/><W134/><G134/><T97/><D86/><U127/><E127/><V80/><F43/><W13/><G42/><T17/><D54/><U108/><E108/><V63/><F63/><N who="0" m="24106" /><D14/><U96/><REACH who="1" step="1"/><E20/><REACH who="1" ten="219,220,239,312" step="2"/><V133/><F133/><W84/><G124/><T82/><D10/><U49/><E49/><AGARI ba="0,1" hai="18,22,25,49,50,51,79,80,85,89,91" m="22091" machi="49" ten="30,2900,0" yaku="8,1,52,1" doraHai="12" who="2" fromWho="1" sc="219,0,220,-29,239,39,312,0" /><INIT seed="2,1,0,4,1,69" ten="219,191,278,312" oya="2" hai0="0,131,103,41,19,113,45,15,46,75,49,89,42" hai1="24,93,63,126,6,114,12,3,13,5,7,40,71" hai2="101,105,95,51,87,130,128,115,60,34,119,106,108" hai3="54,83,78,127,14,76,86,94,28,2,77,65,100"/><V29/><F51/><W52/><G2/><T116/><D0/><U16/><E114/><V48/><F48/><W23/><G127/><T98/><D113/><U9/><E126/><V33/><F60/><W117/><G117/><T99/><D75/><U112/><E112/><V124/><F119/><W73/><G73/><T20/><D116/><U80/><E40/><V22/><F22/><W58/><G65/><T81/><D131/><U96/><E80/><V125/><F115/><W111/><G111/><T134/><D134/><U26/><E3/><V53/><F87/><W92/><G54/><T50/><D103/><U62/><E13/><V44/><F53/><W8/><G28/><T68/><D68/><U118/><E118/><V4/><F29/><W121/><G23/><T74/><REACH who="0" step="1"/><D89/><REACH who="0" ten="209,191,278,312" step="2"/><N who="1" m="55343" /><E71/><V70/><F101/><W102/><G100/><T55/><D55/><U59/><E63/><V129/><F70/><W27/><G102/><T88/><D88/><U39/><E39/><V35/><F125/><W25/><G78/><AGARI ba="1,1" hai="15,19,20,41,42,45,46,49,50,74,78,81,98,99" machi="78" ten="40,5200,0" yaku="1,1,9,1,53,1" doraHai="69" doraHaiUra="10" who="0" fromWho="3" sc="209,65,191,0,278,0,312,-55" /><INIT seed="3,0,0,4,3,38" ten="274,191,278,257" oya="3" hai0="28,69,85,97,21,54,10,119,91,124,47,26,73" hai1="0,15,7,13,74,56,70,90,135,22,99,89,125" hai2="71,57,49,112,2,120,16,6,66,93,111,114,95" hai3="121,30,127,92,86,31,64,103,41,60,18,44,98"/><W24/><G121/><T39/><D69/><U37/><E70/><V68/><F120/><W107/><G127/><T14/><D73/><U9/><E74/><V29/><F29/><W33/><G31/><T105/><D124/><U110/><E125/><V1/><F111/><W94/><G18/><T5/><D119/><U79/><E110/><V27/><F16/><W96/><G86/><T32/><D32/><U102/><E135/><V20/><F49/><W132/><G132/><T72/><D72/><U88/><E79/><V101/><F57/><W42/><G44/><T62/><D39/><U131/><E131/><V75/><F75/><W113/><G113/><T17/><D97/><U43/><E56/><V129/><F20/><W65/><G107/><T12/><D105/><U11/><E22/><V59/><F6/><W117/><G117/><T19/><D14/><U77/><E77/><V25/><F59/><W76/><G76/><T58/><REACH who="0" step="1"/><D47/><REACH who="0" ten="264,191,278,257" step="2"/><U4/><E0/><V116/><F116/><W3/><G3/><T53/><D53/><U81/><E37/><V23/><F2/><W115/><G115/><T35/><D35/><U51/><E81/><AGARI ba="0,1" hai="5,10,12,17,19,21,26,28,54,58,62,81,85,91" machi="81" ten="30,3900,0" yaku="1,1,7,1,8,1,53,0" doraHai="38" doraHaiUra="34" who="0" fromWho="1" sc="264,49,191,-39,278,0,257,0" owari="313,41.3,152,-34.8,278,7.8,257,-14.3" /></mjloggm>