<mjloggm ver="2.3"><GO type="225" lobby="0"/><UN n0="%E3%81%BF%E3%81%BF%E3%81%9A" n1="%E6%B4%BE%E9%81%A3%E3%81%AE%E3%82%B8%E3%83%A3%E3%83%83%E3%82%AF" n2="%E5%B8%86%E7%AB%8B%E5%A4%8F%E8%A1%A3" n3="%E8%81%B7%E6%A5%AD%E3%80%81%E9%A2%A8%32" dan="17,17,17,16" rate="2221.28,2173.94,2247.17,2156.19" sx="M,M,M,M"/><TAIKYOKU oya="0"/><INIT seed="0,0,0,4,5,22" ten="250,250,250,250" oya="0" hai0="15,71,47,67,17,32,33,100,41,19,37,108,85" hai1="14,80,90,54,61,97,9,57,43,35,58,68,30" hai2="122,103,55,112,81,40,18,8,129,23,74,52,66" hai3="3,13,123,101,39,79,94,95,42,98,83,104,16"/><T120/><D120/><U75/><E43/><V11/><F122/><W110/><G110/><T10/><D108/><U45/><E68/><V118/><F112/><W62/><G3/><T12/><D100/><U26/><E75/><V46/><F129/><W7/><G7/><T88/><D67/><U31/><E31/><V133/><F133/><W117/><G117/><T135/><D71/><U126/><E126/><V59/><F103/><W127/><G127/><T53/><D53/><N who="2" m="20554" /><F74/><W77/><G62/><T86/><D86/><N who="1" m="50503" /><E97/><V125/><F81/><W48/><G39/><T124/><D135/><U111/><E61/><N who="2" m="38207" /><F125/><W50/><G123/><T130/><D130/><U60/><E60/><V73/><F73/><W1/><G1/><T64/><D124/><U82/><E82/><V2/><F2/><W99/><G104/><T4/><D64/><U20/><E35/><V72/><F72/><W134/><G134/><T119/><D119/><U6/><E111/><V131/><F131/><W63/><G63/><T115/><D115/><U132/><E132/><V116/><F116/><W44/><G48/><AGARI ba="0,0" hai="6,9,14,20,26,30,45,48,54,57,58" m="50503" machi="48" ten="30,2000,0" yaku="8,1,52,1" doraHai="22" who="1" fromWho="3" sc="250,0,250,20,250,0,250,-20" /><INIT seed="1,0,0,4,4,0" ten="250,270,250,230" oya="1" hai0="135,13,27,4,74,130,110,65,79,120,31,50,70" hai1="93,66,100,87,30,85,99,98,16,18,53,35,80" hai2="42,41,11,107,67,133,72,111,51,28,95,32,55" hai3="48,34,29,40,46,64,123,10,73,119,83,17,90"/><U56/><E66/><V71/><F107/><W118/><G123/><T1/><D120/><U36/><E36/><V126/><F72/><W47/><G64/><T76/><D110/><U54/><E35/><V114/><F111/><W75/><G29/><T26/><D1/><U3/><E3/><V44/><F126/><W15/><G34/><T61/><D130/><U52/><E30/><V92/><F133/><W25/><G25/><T97/><D135/><U62/><E98/><V116/><F116/><N who="3" m="44587" /><G47/><T33/><D27/><U6/><E6/><V39/><F114/><W81/><G90/><T23/><D74/><AGARI ba="0,0" hai="10,15,17,40,46,48,73,74,75,81,83" m="44587" machi="74" ten="30,1000,0" yaku="12,1" doraHai="0" who="3" fromWho="0" sc="250,-10,270,0,250,0,230,10" /><INIT seed="2,0,0,5,3,48" ten="240,270,250,240" oya="2" hai0="72,125,109,1,40,54,86,116,6,87,43,103,114" hai1="74,79,65,63,71,10,16,58,28,4,19,9,31" hai2="45,113,8,67,56,84,118,96,21,126,15,127,25" hai3="32,107,34,128,35,124,76,104,53,52,88,50,60"/><V73/><F73/><W66/><G128/><T95/><D114/><U33/><E71/><V22/><F118/><W77/><G124/><N who="2" m="47657" /><F113/><W133/><G133/><T85/><D72/><U29/><E33/><V91/><F96/><W101/><G50/><T5/><D125/><U30/><N who="1" m="7168" /><DORA hai="94" /><U135/><E135/><V61/><F45/><W36/><G36/><T92/><D116/><U120/><E120/><V0/><F0/><W129/><G129/><T90/><D109/><U131/><E131/><V23/><F25/><W70/><G88/><N who="0" m="53263" /><D1/><U26/><E26/><V83/><F23/><W106/><REACH who="3" step="1"/><G101/><REACH who="3" ten="240,270,250,230" step="2"/><T98/><D40/><U20/><E79/><AGARI ba="0,1" hai="32,34,35,52,53,60,66,70,76,77,79,104,106,107" machi="79" ten="50,8000,1" yaku="1,1,2,1,52,2,54,1,53,0" doraHai="48,94" doraHaiUra="89,121" who="3" fromWho="1" sc="240,0,270,-80,250,0,230,90" /><INIT seed="3,0,0,2,1,134" ten="240,190,250,320" oya="3" hai0="28,51,54,117,102,49,99,36,38,71,77,3,5" hai1="100,8,18,64,86,133,19,113,39,122,52,45,118" hai2="61,95,108,50,34,25,78,0,84,72,75,79,29" hai3="130,20,15,14,128,70,127,125,81,103,120,12,111"/><W46/><G70/><T107/><D117/><U92/><E113/><V80/><F108/><W115/><G115/><T37/><D71/><U106/><E122/><V31/><F0/><W60/><G103/><T123/><D123/><U135/><E64/><V116/><F116/><W83/><G60/><T114/><D114/><U35/><E35/><V59/><F50/><W89/><G111/><T82/><D28/><U7/><E118/><V10/><F10/><W16/><G120/><T91/><D91/><U68/><E39/><V87/><F31/><W44/><G46/><T26/><D26/><U62/><E68/><V47/><F47/><W55/><G55/><T30/><D30/><U66/><E106/><V126/><F126/><N who="3" m="48139" /><G44/><T11/><REACH who="0" step="1"/><D54/><REACH who="0" ten="230,190,250,320" step="2"/><U101/><E66/><V17/><F29/><W4/><G89/><T121/><D121/><U97/><E101/><V96/><F34/><W67/><G130/><T23/><D23/><U88/><E100/><V94/><F78/><W27/><G128/><T76/><D76/><U119/><E119/><V105/><F79/><W58/><G27/><T41/><D41/><U21/><E97/><V109/><F96/><W40/><G20/><T69/><D69/><U42/><E42/><V48/><F25/><W9/><G40/><T98/><D98/><U57/><E45/><V112/><F112/><W124/><G124/><T90/><D90/><U1/><REACH who="1" step="1"/><E21/><REACH who="1" ten="230,180,250,320" step="2"/><V85/><F109/><W13/><G58/><T56/><D56/><U73/><E73/><AGARI ba="0,2" hai="3,5,11,36,37,38,49,51,73,77,82,99,102,107" machi="73" ten="40,2600,0" yaku="1,1,53,1" doraHai="134" doraHaiUra="2" who="0" fromWho="1" sc="230,46,180,-26,250,0,320,0" owari="276,7.6,154,-34.6,250,-15.0,320,42.0" /></mjloggm>