<mjloggm ver="2.3"><GO type="225" lobby="0"/><UN n0="%77%72%77%72%77%72%77%72" n1="%53%61%63%68%69%30%34" n2="%4D%2E%61%72%74%65%74%61" n3="%E3%81%95%E3%81%8D%E3%81%9F%E3%81%BE%E6%9E%97%E6%AA%8E" dan="16,16,17,16" rate="2105.16,2069.37,2230.06,2099.71" sx="M,M,M,M"/><TAIKYOKU oya="0"/><INIT seed="0,0,0,3,1,61" ten="250,250,250,250" oya="0" hai0="44,53,51,57,6,25,70,42,46,120,107,33,123" hai1="11,130,16,4,66,104,63,10,30,55,84,97,31" hai2="76,41,77,2,69,74,124,131,8,17,0,110,87" hai3="59,126,103,96,106,35,86,118,90,29,122,40,67"/><T13/><D107/><U81/><E130/><V27/><F74/><W58/><G118/><T105/><D105/><U43/><E43/><V12/><F131/><W9/><G126/><T115/><D115/><U113/><E113/><V128/><F128/><W37/><G122/><T26/><D70/><U134/><E134/><V65/><F41/><W135/><G135/><T89/><D44/><U68/><E55/><V117/><F124/><W94/><G9/><T129/><D129/><U48/><E48/><V111/><F117/><W99/><G99/><T132/><D132/><U93/><E104/><V7/><F27/><W5/><G5/><T75/><D75/><U83/><E11/><V49/><F49/><W34/><G40/><T133/><D133/><U98/><E98/><V36/><F36/><W101/><G101/><T22/><D89/><U50/><E50/><V28/><F28/><W20/><G37/><T125/><D125/><U78/><E83/><N who="2" m="47591" /><F77/><W91/><G91/><T71/><D71/><U127/><E127/><V100/><F7/><W119/><G119/><T15/><D33/><U64/><E64/><V3/><F100/><W38/><G38/><N who="0" m="21847" /><D25/><U21/><E4/><V121/><F121/><N who="0" m="46666" /><D6/><U24/><REACH who="1" step="1"/><E10/><REACH who="1" ten="250,240,250,250" step="2"/><V23/><F8/><W19/><G106/><T60/><D51/><U85/><E85/><V116/><F116/><W92/><G86/><T56/><D56/><U47/><E47/><V112/><F112/><W82/><G59/><T52/><D53/><U32/><E32/><V88/><F69/><W18/><G35/><T79/><D79/><U73/><E73/><RYUUKYOKU ba="0,1" sc="250,15,240,15,250,-15,250,-15" hai0="13,15,22,26,52,57,60" hai1="16,21,24,30,31,63,66,68,78,81,84,93,97" /><INIT seed="0,1,1,3,5,62" ten="265,255,235,235" oya="0" hai0="67,35,2,133,79,68,98,40,115,105,16,46,26" hai1="83,54,103,31,19,11,70,71,110,28,1,60,42" hai2="44,116,92,51,84,123,6,9,125,38,74,120,73" hai3="117,94,119,41,12,3,25,5,112,43,129,33,131"/><T128/><D115/><U107/><E110/><V127/><F38/><W61/><G3/><T49/><D2/><U104/><E42/><V48/><F116/><W75/><G75/><N who="2" m="28681" /><F92/><W0/><G0/><T66/><D68/><U29/><E83/><V63/><F84/><W14/><G94/><T124/><D128/><N who="3" m="49225" /><G112/><T101/><D133/><U22/><E54/><V85/><F85/><W21/><G33/><T118/><D124/><N who="2" m="47690" /><F63/><W130/><N who="3" m="49233" /><W102/><DORA hai="89" /><G102/><T113/><D118/><N who="3" m="45065" /><G61/><T13/><D79/><U132/><E103/><V47/><F6/><W4/><G25/><T90/><D90/><U77/><E77/><V100/><F100/><W55/><G55/><T109/><D113/><U52/><E52/><N who="2" m="29703" /><F9/><N who="3" m="4135" /><G5/><T58/><D58/><U53/><E53/><AGARI ba="1,1" hai="47,51,53,120,123" m="29703,47690,28681" machi="53" ten="30,2000,0" yaku="18,1,54,1" doraHai="62,89" who="2" fromWho="1" sc="265,0,255,-23,235,33,235,0" /><INIT seed="1,0,0,1,2,59" ten="265,232,268,235" oya="1" hai0="45,0,91,79,106,44,17,127,8,39,21,111,122" hai1="94,64,49,101,11,83,62,135,99,27,53,90,78" hai2="20,28,129,95,93,97,86,4,16,132,121,19,37" hai3="125,123,52,109,55,40,100,50,13,61,120,116,113"/><U92/><E135/><V22/><F121/><N who="3" m="46667" /><G100/><T32/><D32/><U25/><E11/><V115/><F132/><W6/><G6/><T104/><D111/><U134/><E134/><V126/><F37/><W71/><G13/><T15/><D127/><U23/><E78/><V66/><F126/><W107/><G107/><T33/><D33/><U54/><E83/><V88/><F129/><W34/><G34/><T110/><D110/><U84/><E49/><V35/><F115/><W74/><G74/><T112/><D112/><U119/><E119/><V47/><F4/><W5/><G5/><T41/><D45/><U128/><E128/><V38/><F66/><N who="3" m="41423" /><G125/><T105/><D122/><U124/><E27/><N who="2" m="14727" /><F35/><W56/><G109/><T29/><D0/><U60/><E124/><V36/><F36/><W118/><G113/><T72/><D91/><U14/><E14/><V77/><F38/><W7/><G7/><T114/><D114/><U70/><REACH who="1" step="1"/><E62/><REACH who="1" ten="265,222,268,235" step="2"/><V75/><F77/><W57/><G40/><T81/><D8/><U67/><E67/><V2/><F2/><W42/><G42/><T48/><D48/><AGARI ba="0,1" hai="48,50,52,55,56,57,116,118" m="41423,46667" machi="48" ten="30,7700,0" yaku="34,2,52,1,54,1" doraHai="59" who="3" fromWho="0" sc="265,-77,222,0,268,0,235,87" /><INIT seed="2,0,0,5,1,34" ten="188,222,268,322" oya="2" hai0="70,119,22,37,45,90,57,125,82,21,116,109,74" hai1="15,101,59,65,130,117,132,19,38,44,52,66,88" hai2="99,58,40,83,103,0,110,16,95,8,131,63,55" hai3="6,94,91,92,120,89,69,102,73,53,135,122,46"/><V7/><F131/><W25/><G69/><T85/><D70/><U87/><E117/><N who="0" m="45129" /><D109/><U112/><E112/><V71/><F110/><W2/><G73/><T126/><D74/><U68/><E130/><V115/><F115/><W114/><G114/><T72/><D72/><U80/><E68/><V84/><F71/><W3/><G6/><T23/><D57/><U35/><E35/><V64/><F40/><AGARI ba="0,0" hai="21,22,23,37,40,45,82,85,90,125,126" m="45129" machi="40" ten="40,1300,0" yaku="12,1" doraHai="34" who="0" fromWho="2" sc="188,13,222,0,268,-13,322,0" /><INIT seed="3,0,0,4,4,109" ten="201,222,255,322" oya="3" hai0="101,78,18,123,124,80,96,111,90,121,131,49,122" hai1="25,71,40,8,68,77,39,53,119,60,11,42,13" hai2="84,12,75,73,24,51,128,3,2,66,134,6,127" hai3="100,54,117,4,61,29,125,64,76,72,130,23,118"/><W126/><G100/><T28/><D28/><U79/><E119/><V110/><F66/><W129/><G4/><T132/><D111/><U59/><E39/><V135/><F110/><W21/><G54/><T31/><D31/><U133/><E133/><N who="2" m="50699" /><F128/><N who="3" m="49259" /><G76/><N who="1" m="29258" /><E71/><V85/><F24/><N who="3" m="16527" /><G72/><T46/><D131/><U34/><E34/><V37/><F51/><W22/><G22/><T33/><D33/><U116/><E68/><V69/><F69/><N who="3" m="42127" /><G23/><T115/><D132/><U26/><E11/><V27/><F85/><W0/><G0/><T86/><D18/><N who="1" m="8487" /><E116/><AGARI ba="0,0" hai="116,117,118,125,126" m="42127,16527,49259" machi="116" ten="30,1500,0" yaku="19,1" doraHai="109" who="3" fromWho="1" sc="201,0,222,-15,255,0,322,15" owari="201,-29.9,207,-19.3,255,5.5,337,43.7" /></mjloggm>