<mjloggm ver="2.3"><GO type="225" lobby="0"/><UN n0="%E3%83%81%E3%83%83%E3%82%BF%E3%82%BD%E3%83%BC" n1="%4C%4F%4C%49%54%41" n2="%E7%99%BD%E9%9B%AA%E4%B9%83%E6%84%9B" n3="%E5%B8%86%E7%AB%8B%E5%A4%8F%E8%A1%A3" dan="16,16,16,17" rate="2116.96,2107.37,2033.97,2188.95" sx="F,F,F,M"/><TAIKYOKU oya="0"/><INIT seed="0,0,0,0,3,98" ten="250,250,250,250" oya="0" hai0="96,20,68,42,120,44,99,19,14,127,71,108,77" hai1="50,48,105,134,10,34,24,54,43,13,47,63,28" hai2="37,101,16,0,66,41,30,82,6,29,84,88,35" hai3="135,131,21,67,4,73,94,69,112,7,91,121,102"/><T75/><D120/><U59/><E134/><V90/><F66/><W103/><G73/><T33/><D127/><U15/><E105/><V74/><F35/><W104/><G112/><T70/><D33/><U2/><E2/><V17/><F101/><N who="3" m="38411" /><G104/><T58/><D108/><U106/><E106/><V5/><F74/><W81/><G69/><T39/><REACH who="0" step="1"/><D58/><REACH who="0" ten="240,250,250,250" step="2"/><U53/><E10/><V130/><F130/><W97/><G131/><T9/><D9/><U60/><E63/><V51/><F0/><W116/><G121/><T93/><D93/><U40/><E40/><V117/><F117/><W31/><G116/><T62/><D62/><U109/><E109/><V100/><F41/><W92/><G92/><T3/><D3/><U129/><E129/><V118/><F118/><W27/><G135/><T45/><D45/><AGARI ba="0,1" hai="13,15,24,28,34,43,45,47,48,50,53,54,59,60" machi="45" ten="30,1000,0" yaku="7,1" doraHai="98" who="1" fromWho="0" sc="240,-10,250,20,250,0,250,0" /><INIT seed="1,0,0,5,1,11" ten="230,270,250,250" oya="1" hai0="72,112,126,96,32,119,51,62,94,41,55,39,70" hai1="129,56,108,12,50,90,64,6,48,1,13,10,104" hai2="77,38,68,105,46,67,109,91,89,35,97,53,33" hai3="75,4,134,9,87,71,29,102,121,85,120,99,16"/><U132/><E104/><V95/><F109/><W130/><G75/><T17/><D126/><U20/><E108/><V0/><F0/><W88/><G71/><T92/><D112/><U81/><E129/><V47/><F77/><W28/><G130/><T123/><D119/><U40/><E132/><V101/><F68/><W110/><G110/><T125/><D125/><U128/><E128/><V133/><F67/><W31/><G134/><T22/><D72/><U114/><E114/><V26/><F133/><W42/><G42/><T98/><D32/><U131/><E1/><V61/><F91/><W25/><G121/><T30/><D30/><U19/><E40/><V76/><F76/><W135/><G135/><T124/><D124/><U52/><E64/><V69/><F38/><W45/><G45/><T115/><D115/><U106/><E106/><V37/><F37/><W27/><G120/><T116/><D116/><U59/><E131/><V78/><F78/><W79/><G4/><T36/><D123/><U118/><E118/><V122/><F122/><W66/><G66/><N who="0" m="41303" /><D41/><U93/><E81/><V23/><F69/><W60/><G60/><T21/><D39/><U86/><E50/><N who="2" m="28887" /><F47/><AGARI ba="0,0" hai="6,10,12,13,19,20,47,48,52,56,59,86,90,93" machi="47" ten="30,12000,1" yaku="7,1,8,1,52,2,54,1" doraHai="11" who="1" fromWho="2" sc="230,0,270,120,250,-120,250,0" /><INIT seed="1,1,0,5,0,108" ten="230,390,130,250" oya="1" hai0="83,44,131,52,19,112,23,4,89,69,11,53,0" hai1="107,14,86,10,49,97,75,17,42,124,63,96,33" hai2="113,102,120,130,72,103,64,62,109,39,30,40,2" hai3="82,128,37,61,74,20,127,119,91,85,70,134,43"/><U57/><E75/><V25/><F120/><W55/><G127/><T60/><D131/><U45/><E33/><V129/><F2/><W71/><G128/><T123/><D112/><U98/><E124/><V133/><F109/><W94/><G134/><T80/><D123/><U77/><E107/><V93/><F133/><W67/><G119/><T101/><D101/><U12/><E12/><V48/><F72/><W1/><G1/><T6/><D6/><U65/><E77/><V5/><F39/><W135/><G135/><T114/><D114/><U115/><REACH who="1" step="1"/><E86/><REACH who="1" ten="230,380,130,250" step="2"/><V41/><F129/><W16/><G74/><T88/><D0/><U26/><E26/><V50/><F130/><W117/><G85/><T31/><D4/><U35/><E35/><V90/><F5/><W54/><G20/><T13/><D23/><U9/><E9/><V79/><F79/><W21/><G21/><T7/><D7/><U36/><E36/><V47/><F25/><W84/><G37/><T100/><D13/><U105/><E105/><V15/><F15/><W24/><G84/><T126/><D126/><U125/><E125/><V68/><F113/><AGARI ba="1,1" hai="10,14,17,42,45,49,57,63,65,96,97,98,113,115" machi="113" ten="40,7700,0" yaku="1,1,52,2,53,0" doraHai="108" doraHaiUra="81" who="1" fromWho="2" sc="230,0,380,90,130,-80,250,0" /><INIT seed="1,2,0,4,4,51" ten="230,470,50,250" oya="1" hai0="79,6,31,43,95,125,103,86,115,117,32,80,61" hai1="65,88,118,58,135,78,49,53,120,92,109,107,112" hai2="81,126,39,110,55,42,3,18,85,52,124,134,50" hai3="24,35,11,71,34,14,41,66,83,54,2,98,113"/><U45/><E112/><V12/><F3/><W97/><G2/><T77/><D115/><U111/><E118/><V114/><F114/><W100/><G113/><T127/><D117/><U9/><E120/><V121/><F121/><W28/><G41/><T37/><D6/><U56/><E107/><V119/><F119/><W99/><G35/><T131/><D131/><U26/><E135/><V8/><F134/><W108/><G83/><T13/><D13/><U122/><E122/><V84/><F110/><N who="1" m="41993" /><E78/><V102/><F102/><W20/><G108/><T72/><D61/><U116/><E65/><V123/><F123/><W17/><G34/><T29/><D77/><U105/><E105/><V25/><F25/><W75/><G75/><T96/><D72/><U90/><E90/><V44/><F85/><W5/><G66/><T69/><D69/><U60/><E60/><V40/><F40/><W68/><G100/><T63/><D63/><U76/><E76/><N who="2" m="46119" /><F39/><W46/><G71/><T73/><D73/><U64/><E64/><V57/><F57/><W23/><G68/><T62/><D62/><U0/><E26/><V19/><F19/><W67/><G67/><T16/><D103/><U47/><E58/><V1/><F1/><W93/><G17/><T33/><D79/><U27/><E116/><V133/><F133/><W128/><G24/><T7/><D7/><N who="1" m="1255" /><E27/><V4/><F18/><W87/><G5/><T30/><D16/><U59/><E59/><V38/><F38/><W106/><G106/><T48/><D37/><U101/><E101/><V129/><F129/><W132/><G128/><RYUUKYOKU ba="2,0" sc="230,-15,470,15,50,15,250,-15" hai1="45,47,49,53,56,88,92" hai2="4,8,12,42,44,50,52,55,124,126" /><INIT seed="1,3,0,0,1,45" ten="215,485,65,235" oya="1" hai0="100,89,69,54,113,120,48,42,2,88,41,32,11" hai1="60,23,15,102,112,50,122,65,47,118,125,61,86" hai2="94,130,40,24,134,127,31,93,20,13,79,30,51" hai3="46,117,75,37,12,70,44,27,66,36,28,18,95"/><U76/><E112/><V84/><F134/><W26/><G75/><T73/><D113/><U74/><E118/><V77/><F130/><W132/><G117/><T8/><D69/><U25/><E74/><V87/><F127/><W68/><G132/><T43/><D73/><U101/><E122/><V111/><F111/><W99/><G37/><T123/><D32/><U35/><E35/><V103/><F13/><W129/><G129/><T5/><D11/><U62/><E65/><V82/><F103/><W119/><G119/><T110/><D110/><U135/><E15/><V78/><F31/><W3/><G3/><T56/><REACH who="0" step="1"/><D100/><REACH who="0" ten="205,485,65,235" step="2"/><U7/><E102/><V58/><F84/><W115/><G70/><T116/><D116/><U29/><E101/><V97/><F97/><W19/><G68/><T114/><D114/><U72/><E72/><V104/><F104/><W49/><G99/><T108/><D108/><U124/><E86/><V53/><REACH who="2" step="1"/><F40/><REACH who="2" ten="205,485,55,235" step="2"/><W91/><G115/><T14/><D14/><U121/><E125/><V90/><AGARI ba="3,2" hai="20,24,30,51,53,58,77,78,79,82,87,90,93,94" machi="90" ten="30,12000,2" yaku="1,1,2,1,0,1,8,1,52,1,53,1" doraHai="45" doraHaiUra="81" who="2" fromWho="2" sc="205,-33,485,-63,55,149,235,-33" /><INIT seed="2,0,0,3,1,33" ten="172,422,204,202" oya="2" hai0="99,54,61,59,94,0,87,27,120,24,98,52,5" hai1="64,56,26,111,25,7,113,80,32,19,108,23,68" hai2="34,102,10,78,110,103,75,135,77,90,92,8,30" hai3="127,38,69,43,45,41,49,128,91,85,46,66,15"/><V67/><F135/><W16/><G127/><T95/><D120/><U1/><E113/><V101/><F67/><W96/><G128/><T4/><D87/><U100/><E68/><V72/><F30/><W55/><G96/><T48/><D0/><U73/><E100/><V20/><F34/><W118/><G118/><T29/><D29/><U93/><E93/><V51/><F20/><W65/><G69/><T57/><D48/><U117/><E117/><V62/><F62/><AGARI ba="0,0" hai="4,5,24,27,52,54,57,59,61,62,94,95,98,99" machi="62" ten="25,6400,0" yaku="22,2,8,1,54,1" doraHai="33" who="0" fromWho="2" sc="172,64,422,0,204,-64,202,0" /><INIT seed="3,0,0,5,1,64" ten="236,422,140,202" oya="3" hai0="54,46,126,135,24,19,93,130,134,88,48,59,89" hai1="8,37,22,27,13,0,110,44,85,80,18,9,83" hai2="98,77,17,25,118,82,42,10,45,66,50,63,129" hai3="11,87,33,123,35,67,73,28,70,65,107,131,119"/><W39/><G73/><T72/><D72/><U3/><E110/><V31/><F129/><W122/><G39/><T92/><D126/><U43/><E9/><V74/><F118/><W69/><G107/><T21/><D130/><U96/><E96/><V84/><F74/><W120/><G119/><T127/><D127/><U51/><E51/><V81/><F81/><W97/><G131/><T36/><D36/><U125/><E125/><V4/><F17/><W1/><G87/><T58/><D134/><U71/><E71/><N who="3" m="27146" /><G97/><N who="0" m="57479" /><D135/><U53/><E53/><V111/><F111/><W20/><G20/><T62/><D62/><U49/><E37/><V7/><F98/><AGARI ba="0,0" hai="19,21,24,46,48,54,58,59,89,93,98" m="57479" machi="98" ten="30,2000,0" yaku="8,1,54,1" doraHai="64" who="0" fromWho="2" sc="236,20,422,0,140,-20,202,0" owari="256,5.6,422,52.2,120,-38.0,202,-19.8" /></mjloggm>