<mjloggm ver="2.3"><GO type="225" lobby="0"/><UN n0="%E5%A4%8F%E9%88%B4%E9%88%B4%E5%A4%8F" n1="%E3%81%AF%E3%82%88%E3%81%8A%E3%81%98%E3%81%95%E3%82%93" n2="%E4%B8%89%E5%88%86%E5%B0%8F%E5%83%A7" n3="%E5%B8%86%E7%AB%8B%E5%A4%8F%E8%A1%A3" dan="16,17,16,17" rate="2076.26,2133.48,2109.34,2168.09" sx="F,M,M,M"/><TAIKYOKU oya="0"/><INIT seed="0,0,0,5,0,19" ten="250,250,250,250" oya="0" hai0="80,86,52,70,45,23,127,64,31,118,22,46,68" hai1="38,5,56,32,4,113,134,18,130,98,133,0,15" hai2="53,111,109,94,59,135,112,69,2,65,50,128,131" hai3="87,13,77,72,25,119,104,30,78,8,35,100,6"/><T116/><D127/><U63/><E38/><V74/><F2/><W60/><G119/><T20/><D31/><U125/><E32/><V122/><F112/><W110/><G110/><N who="2" m="41993" /><F74/><W91/><G72/><T40/><D52/><N who="1" m="34183" /><E0/><V106/><F106/><W62/><G62/><T34/><D34/><U95/><E130/><N who="2" m="49707" /><F94/><W99/><REACH who="3" step="1"/><G60/><REACH who="3" ten="250,250,250,240" step="2"/><T105/><D64/><U57/><E125/><V85/><F122/><W1/><G1/><T51/><D105/><U79/><E113/><V120/><F120/><W115/><G115/><T89/><REACH who="0" step="1"/><D46/><REACH who="0" ten="240,250,250,240" step="2"/><U103/><E57/><V24/><F59/><W92/><AGARI ba="0,2" hai="6,8,13,25,30,35,77,78,87,91,92,99,100,104" machi="92" ten="20,2700,0" yaku="1,1,0,1,7,1,53,0" doraHai="19" doraHaiUra="66" who="3" fromWho="3" sc="240,-13,250,-7,250,-7,240,47" /><INIT seed="1,0,0,1,3,47" ten="227,243,243,287" oya="1" hai0="125,116,0,20,34,1,25,121,67,27,80,107,8" hai1="31,78,63,105,19,126,58,128,120,3,133,72,102" hai2="5,11,109,56,26,55,43,112,13,92,62,59,117" hai3="93,44,115,64,66,130,69,16,35,61,45,98,84"/><U60/><E120/><V73/><F73/><W32/><G115/><T75/><D107/><U77/><E3/><V127/><F117/><W28/><G130/><T17/><D116/><U110/><E128/><V46/><F112/><W71/><G84/><T18/><D121/><U86/><E72/><V9/><F109/><W103/><G28/><T95/><D125/><U7/><E7/><V70/><F70/><W53/><G45/><T76/><D67/><U135/><E126/><V6/><F127/><W49/><G66/><T99/><D8/><U91/><E31/><V111/><F26/><W68/><REACH who="3" step="1"/><G16/><REACH who="3" ten="227,243,243,277" step="2"/><T52/><D34/><AGARI ba="0,1" hai="32,34,35,44,49,53,61,64,68,69,71,93,98,103" machi="34" ten="40,8000,1" yaku="1,1,2,1,52,1,53,1" doraHai="47" doraHaiUra="40" who="3" fromWho="0" sc="227,-80,243,0,243,0,277,90" /><INIT seed="2,0,0,1,2,37" ten="147,243,243,367" oya="2" hai0="58,71,88,82,2,17,61,24,133,19,122,85,115" hai1="47,114,72,105,53,57,15,20,126,106,8,12,120" hai2="90,26,128,80,109,130,33,50,42,5,52,40,77" hai3="25,86,124,102,108,129,81,131,104,123,79,119,41"/><V31/><F5/><W43/><G119/><T56/><D115/><U117/><E72/><V38/><F38/><W103/><G123/><T111/><D122/><U13/><E114/><V59/><F90/><W6/><G108/><T11/><D111/><U30/><E117/><V68/><F68/><W62/><G124/><T98/><D133/><U134/><E120/><V32/><F32/><W97/><G103/><T29/><D71/><U28/><E126/><V34/><F34/><W23/><G62/><T4/><D98/><U14/><E134/><V44/><F109/><W66/><G66/><T35/><REACH who="0" step="1"/><D58/><REACH who="0" ten="137,243,243,367" step="2"/><U135/><E57/><V60/><REACH who="2" step="1"/><F42/><REACH who="2" ten="137,243,233,367" step="2"/><W132/><G132/><T67/><AGARI ba="0,2" hai="2,4,11,17,19,24,29,35,56,61,67,82,85,88" machi="67" ten="20,8000,1" yaku="1,1,2,1,0,1,7,1,54,1,53,0" doraHai="37" doraHaiUra="113" who="0" fromWho="0" sc="137,100,243,-20,233,-40,367,-20" /><INIT seed="3,0,0,0,5,88" ten="237,223,193,347" oya="3" hai0="48,124,80,16,17,106,15,91,53,118,85,78,123" hai1="95,64,25,87,8,109,82,34,72,46,55,133,28" hai2="69,61,39,4,35,12,58,51,113,10,84,130,75" hai3="5,66,115,37,103,119,31,102,6,116,76,89,100"/><W86/><G37/><T0/><D123/><U13/><E109/><V2/><F39/><W21/><G115/><T71/><D118/><U42/><E133/><V94/><F75/><W24/><G76/><T101/><D0/><U63/><E72/><V93/><F113/><W65/><G116/><T131/><D71/><U132/><E132/><V107/><F107/><W104/><G104/><T30/><D30/><U11/><E55/><V29/><F130/><W9/><G119/><T22/><D131/><U60/><E95/><V121/><F121/><W77/><G77/><T73/><D101/><U122/><E122/><V26/><F69/><W125/><G125/><T45/><D106/><U62/><E64/><N who="3" m="24682" /><G9/><T98/><D98/><U134/><E134/><V40/><F84/><W127/><G127/><T129/><D129/><U1/><E1/><V49/><F2/><W59/><G59/><T3/><D3/><U67/><E67/><V99/><F40/><W54/><G54/><T114/><D114/><U33/><E33/><V92/><REACH who="2" step="1"/><F99/><REACH who="2" ten="237,223,183,347" step="2"/><W41/><G41/><T79/><D73/><U112/><E112/><V56/><F56/><W128/><G128/><T70/><D70/><U90/><E42/><V14/><F14/><W74/><G74/><T68/><D68/><U19/><E46/><V135/><F135/><W43/><G43/><T20/><D124/><U97/><E97/><V81/><F81/><BYE who="2" /><AGARI ba="0,1" hai="5,6,21,24,31,81,86,89,100,102,103" m="24682" machi="81" ten="30,1500,0" yaku="8,1" doraHai="88" who="3" fromWho="2" sc="237,0,223,0,183,-15,347,25" owari="237,3.7,223,-17.7,168,-33.2,372,47.2" /></mjloggm>