<mjloggm ver="2.3"><GO type="225" lobby="0"/><UN n0="%E9%A6%AC%E5%BC%95%E7%81%AB%33" n1="%E3%81%99%E3%81%84%E3%81%BE%E3%81%9B%E3%83%BC%E3%82%93" n2="%EF%BC%AE%EF%BC%A1%EF%BC%AF%33%33%39" n3="%E5%91%A8%E6%9D%B1" dan="16,18,16,16" rate="2140.31,2226.37,2122.90,2132.63" sx="M,M,M,M"/><TAIKYOKU oya="0"/><INIT seed="0,0,0,4,1,114" ten="250,250,250,250" oya="0" hai0="41,120,89,70,15,69,81,5,51,96,110,66,95" hai1="2,133,73,127,55,121,117,84,3,37,22,46,64" hai2="74,111,124,9,63,115,116,59,45,52,68,87,35" hai3="67,34,71,118,6,101,10,76,123,103,54,24,16"/><T106/><D120/><U109/><E73/><V125/><F74/><W104/><G123/><T108/><D106/><U7/><E109/><N who="0" m="42089" /><D66/><U107/><E117/><V30/><F111/><W98/><G103/><T100/><D100/><U19/><E107/><V28/><F115/><W21/><G76/><T128/><D128/><U134/><E64/><V97/><F97/><W20/><G118/><T86/><D5/><U17/><E7/><V18/><F116/><W44/><G34/><T42/><D15/><U93/><E121/><V92/><F68/><N who="0" m="26218" /><D51/><U23/><E3/><V27/><F124/><W119/><G119/><T57/><D57/><U79/><E2/><V40/><F125/><W105/><G105/><T38/><D38/><U91/><E37/><V39/><F39/><W12/><G67/><T8/><D8/><U77/><E127/><V1/><F9/><W80/><G71/><T13/><D13/><N who="1" m="9519" /><E134/><V78/><F1/><W132/><G132/><T29/><D29/><U126/><E133/><V49/><F30/><W88/><G6/><T129/><D129/><U4/><E4/><V130/><F130/><W48/><G24/><T90/><AGARI ba="0,0" hai="41,42,81,86,89,90,95,96" m="26218,42089" machi="90" ten="30,3000,0" yaku="14,1,10,1" doraHai="114" who="0" fromWho="0" sc="250,30,250,-10,250,-10,250,-10" /><INIT seed="0,1,0,2,5,96" ten="280,240,240,240" oya="0" hai0="114,86,53,49,8,65,23,88,80,62,33,130,22" hai1="94,105,73,28,56,98,55,87,120,108,83,61,21" hai2="41,99,132,68,25,7,81,30,29,42,50,31,37" hai3="11,82,131,3,69,77,118,71,34,129,14,43,57"/><T17/><D114/><U106/><E120/><V101/><F68/><W45/><G118/><T27/><D130/><N who="3" m="49673" /><G34/><T2/><D33/><U78/><E108/><V112/><F112/><W66/><G3/><T12/><D2/><U70/><E70/><V103/><F37/><N who="3" m="21743" /><G57/><N who="0" m="37071" /><D27/><U32/><E32/><V92/><F7/><N who="3" m="3455" /><G66/><T16/><D17/><U93/><E73/><AGARI ba="1,0" hai="69,71,73,77,82" m="3455,21743,49673" machi="73" ten="30,1000,0" yaku="19,1" doraHai="96" who="3" fromWho="1" sc="280,0,240,-13,240,0,240,13" /><INIT seed="1,0,0,1,3,109" ten="280,227,240,253" oya="1" hai0="17,23,21,76,95,45,82,122,87,60,47,25,86" hai1="4,75,100,20,99,118,18,91,14,130,79,35,90" hai2="84,59,89,55,123,117,50,73,29,103,92,71,104" hai3="110,44,9,27,57,126,111,53,105,115,112,42,0"/><U33/><E118/><V54/><F123/><W114/><G105/><T128/><D122/><U7/><E130/><V127/><F71/><W63/><G126/><T24/><D128/><U41/><E41/><V16/><F73/><W8/><G27/><T116/><D116/><U66/><E66/><V68/><F68/><W56/><G56/><T11/><D11/><U81/><E35/><V129/><F129/><W98/><G98/><T93/><D60/><U119/><E33/><V51/><F29/><W30/><G30/><T58/><D58/><U132/><E132/><V135/><F127/><W62/><G62/><T40/><D87/><U32/><E32/><V39/><F39/><W102/><G102/><T96/><D40/><U131/><E131/><V5/><F5/><W38/><REACH who="3" step="1"/><G9/><REACH who="3" ten="280,227,240,243" step="2"/><T125/><D125/><U133/><E133/><V19/><F135/><W85/><G85/><T94/><D96/><U107/><REACH who="1" step="1"/><E119/><REACH who="1" ten="280,217,240,243" step="2"/><V22/><F117/><W120/><G120/><T26/><D26/><U106/><E106/><V64/><F104/><W124/><G124/><T46/><D24/><U134/><E134/><V70/><F70/><W61/><G61/><T31/><D25/><U97/><E97/><V108/><F64/><W113/><N who="3" m="28672" /><DORA hai="13" /><W69/><G69/><T12/><D31/><U37/><E37/><V74/><F103/><W78/><G78/><T80/><D76/><U10/><E10/><V101/><F101/><W6/><AGARI ba="0,2" hai="0,6,8,38,42,44,53,57,63,110,111" m="28672" machi="6" ten="60,12000,2" yaku="1,1,0,1,52,4,53,1" doraHai="109,13" doraHaiUra="49,77" who="3" fromWho="3" sc="280,-30,217,-60,240,-30,243,140" /><INIT seed="2,0,0,5,5,59" ten="250,157,210,383" oya="2" hai0="118,133,13,98,42,29,62,106,36,50,31,104,99" hai1="108,49,63,19,2,124,8,27,23,123,101,84,116" hai2="56,107,127,61,110,86,51,113,39,114,32,41,135" hai3="33,119,66,126,69,18,21,52,34,131,46,102,89"/><V87/><F107/><W74/><G74/><T82/><D36/><U115/><E116/><V100/><F32/><W134/><G119/><T88/><D118/><U105/><E115/><V95/><F39/><W12/><G126/><T37/><D37/><U85/><E124/><V10/><F127/><W48/><G131/><T80/><D133/><U125/><E125/><V7/><F135/><W96/><G134/><T73/><D73/><U0/><E108/><V67/><F110/><W40/><G89/><T43/><D88/><U55/><E123/><V68/><F87/><W4/><G4/><T20/><D50/><U9/><E2/><V65/><F86/><W78/><G78/><T14/><D20/><U75/><E75/><V6/><F6/><W38/><G66/><T83/><D82/><U132/><E132/><V97/><F41/><W81/><G69/><T64/><D64/><U60/><E0/><V17/><F17/><W112/><G81/><T70/><D70/><U16/><E105/><V35/><F35/><W117/><G112/><T58/><D58/><N who="1" m="33135" /><E101/><V90/><F100/><W122/><G122/><T57/><D57/><U93/><E85/><V1/><REACH who="2" step="1"/><F51/><REACH who="2" ten="250,157,200,383" step="2"/><W79/><G34/><T130/><D106/><U94/><E84/><V22/><F22/><W11/><G21/><T103/><D104/><U53/><E19/><V72/><F72/><W111/><G33/><T76/><D103/><U77/><E77/><V5/><F5/><W24/><G79/><T54/><D76/><U26/><E26/><V92/><F92/><N who="1" m="35433" /><E63/><AGARI ba="0,1" hai="1,7,10,56,61,63,65,67,68,90,95,97,113,114" machi="63" ten="40,7700,0" yaku="1,1,52,2,53,0" doraHai="59" doraHaiUra="30" who="2" fromWho="1" sc="250,0,157,-77,200,87,383,0" /><INIT seed="2,1,0,4,0,60" ten="250,80,287,383" oya="2" hai0="68,134,74,11,19,89,0,50,125,116,27,118,87" hai1="54,90,79,62,3,5,104,81,120,35,31,105,8" hai2="108,72,91,46,84,20,73,16,97,25,53,92,66" hai3="100,17,135,112,98,40,102,117,65,96,127,24,114"/><V1/><F1/><W70/><G117/><N who="0" m="45163" /><D74/><U12/><E120/><V41/><F108/><W94/><G135/><T59/><D134/><U61/><E3/><V57/><F84/><W132/><G132/><T4/><D68/><U126/><E126/><V69/><F69/><W22/><G127/><T48/><D59/><U80/><E31/><V99/><F99/><W15/><G40/><T101/><D101/><U64/><E35/><V56/><F56/><W111/><G111/><T71/><D71/><U39/><E39/><V115/><F115/><N who="3" m="44075" /><G70/><T131/><D131/><U93/><E105/><V36/><REACH who="2" step="1"/><F66/><REACH who="2" ten="250,80,277,383" step="2"/><W130/><G65/><T121/><D125/><U133/><E133/><V37/><F37/><W107/><G130/><T77/><D121/><U9/><E104/><V45/><F45/><W28/><G107/><T49/><D77/><U26/><E79/><V86/><F86/><W55/><G98/><T110/><D110/><U13/><E64/><V7/><F7/><W43/><G96/><T122/><D122/><U76/><E76/><V33/><F33/><W82/><G102/><T128/><D128/><U83/><E61/><AGARI ba="1,1" hai="16,20,25,36,41,46,53,57,61,72,73,91,92,97" machi="61" ten="30,18000,2" yaku="1,1,7,1,25,2,54,1,53,1" doraHai="60" doraHaiUra="23" who="2" fromWho="1" sc="250,0,80,-183,277,193,383,0" owari="250,-15.0,-103,-60.3,470,57.0,383,18.3" /></mjloggm>