<mjloggm ver="2.3"><GO type="225" lobby="0"/><UN n0="%62%6F%6E%6F%73%2E%2E" n1="%E3%83%96%E3%83%83%E3%83%91%E3%82%AA%E3%83%96%E3%83%81%E3%82%AD%E3%83%B3" n2="%E4%BF%BA%E3%81%A8%E5%A6%96%E5%A4%A2" n3="%E6%A1%9C%E8%8A%B1%E9%96%83%E3%80%85" dan="17,16,16,17" rate="2201.01,2197.64,2260.17,2249.59" sx="M,M,F,M"/><TAIKYOKU oya="0"/><INIT seed="0,0,0,3,5,26" ten="250,250,250,250" oya="0" hai0="55,88,77,53,37,132,91,78,116,57,30,24,5" hai1="82,114,125,41,44,72,79,32,49,45,12,124,106" hai2="11,83,61,102,50,135,109,80,18,75,46,100,36" hai3="123,131,63,98,0,28,16,87,104,95,103,68,113"/><T122/><D116/><U2/><E2/><V66/><F109/><W90/><G113/><T48/><D122/><U62/><E114/><V70/><F36/><W84/><G123/><T99/><D132/><U96/><E32/><V60/><F60/><W118/><G118/><T47/><D5/><U4/><E62/><V108/><F108/><W39/><G131/><T9/><D9/><U19/><E4/><V89/><F80/><W65/><G39/><T13/><D13/><U42/><E96/><V129/><F129/><W115/><G115/><T130/><D130/><U21/><REACH who="1" step="1"/><E106/><REACH who="1" ten="250,240,250,250" step="2"/><V23/><F135/><W117/><G0/><T56/><D99/><U52/><E52/><V54/><F75/><W105/><G117/><T120/><D120/><U6/><E6/><V51/><F61/><W3/><G3/><T7/><D7/><U76/><E76/><N who="0" m="29289" /><D53/><U74/><E74/><V34/><F54/><W69/><G105/><T29/><D55/><U94/><E94/><V107/><F107/><W22/><G69/><T86/><D86/><U67/><E67/><V40/><F66/><W1/><G1/><T97/><D97/><U81/><E81/><V119/><F70/><W85/><G104/><T59/><D59/><U92/><E92/><V15/><F119/><W110/><G110/><T43/><D57/><U35/><E35/><V17/><F34/><W14/><G68/><T33/><D56/><U73/><E73/><V111/><F111/><W128/><G128/><T101/><D33/><U8/><E8/><V126/><F11/><W58/><G103/><T127/><D101/><RYUUKYOKU ba="0,1" sc="250,-15,240,15,250,-15,250,15" hai1="12,19,21,41,42,44,45,49,72,79,82,124,125" hai3="14,16,22,28,58,63,65,84,85,87,90,95,98" /><INIT seed="1,1,1,2,3,23" ten="235,255,235,265" oya="1" hai0="134,28,77,37,1,120,54,76,29,48,8,16,118" hai1="115,96,108,126,129,94,66,32,101,122,18,99,131" hai2="55,135,62,45,113,43,127,17,73,31,125,102,0" hai3="89,83,2,70,21,9,4,33,104,12,95,72,111"/><U124/><E32/><V30/><F73/><W116/><G104/><T75/><D118/><U44/><E66/><V109/><F0/><W114/><G114/><T52/><D37/><U24/><E44/><V51/><F113/><W84/><G116/><T42/><D134/><U20/><E115/><V50/><F135/><W105/><G105/><T79/><D75/><U41/><E41/><V57/><F102/><W86/><G111/><T69/><D69/><U80/><E122/><V25/><F109/><W11/><G33/><T64/><D64/><U59/><E108/><V60/><F17/><W49/><G21/><T103/><D103/><U97/><E59/><V67/><F31/><N who="0" m="11850" /><D1/><U128/><REACH who="1" step="1"/><E80/><REACH who="1" ten="235,245,235,265" step="2"/><V91/><F67/><W68/><G68/><T22/><D120/><U82/><E82/><V19/><F43/><W78/><G70/><T100/><D42/><U71/><E71/><V74/><F45/><W36/><G36/><T133/><D133/><U53/><E53/><V63/><F57/><W93/><G83/><T40/><D40/><U132/><E132/><V119/><F55/><N who="0" m="21034" /><D48/><U121/><E121/><V14/><F119/><W98/><G49/><T46/><D46/><U26/><E26/><V7/><F51/><W90/><G72/><T117/><D117/><U6/><E6/><V13/><F50/><W87/><G78/><T39/><D39/><U58/><E58/><V88/><F74/><W15/><G2/><T112/><D112/><U65/><E65/><V10/><F7/><AGARI ba="1,2" hai="4,7,9,11,12,15,84,86,87,89,90,93,95,98" machi="7" ten="30,3900,0" yaku="7,1,9,1,8,1" doraHai="23" who="3" fromWho="2" sc="235,0,245,0,235,-42,265,62" /><INIT seed="2,0,0,5,2,94" ten="235,245,193,327" oya="2" hai0="25,132,11,61,95,13,18,56,27,67,82,52,116" hai1="113,40,43,23,120,44,41,133,68,74,104,39,112" hai2="66,37,90,77,135,32,131,108,99,71,49,29,35" hai3="117,58,30,69,111,84,59,118,127,17,83,124,123"/><V20/><F37/><W115/><G123/><T3/><D132/><U63/><E74/><V91/><F135/><W57/><G111/><T14/><D3/><U73/><E133/><V28/><F108/><W98/><G115/><N who="1" m="44106" /><E23/><V62/><F131/><W24/><G98/><T80/><D116/><U78/><E104/><V87/><F49/><W81/><G17/><N who="0" m="8383" /><D67/><N who="1" m="41087" /><E78/><V45/><F45/><W1/><G69/><T60/><D60/><U2/><E73/><V86/><F77/><N who="3" m="46127" /><G83/><N who="0" m="31787" /><D95/><U21/><E2/><V26/><F99/><W102/><G102/><T16/><D18/><U126/><E21/><AGARI ba="0,0" hai="14,16,21,25,27,52,56,61" m="31787,8383" machi="21" ten="30,3900,0" yaku="8,1,54,2" doraHai="94" who="0" fromWho="1" sc="235,39,245,-39,193,0,327,0" /><INIT seed="3,0,0,3,1,111" ten="274,206,193,327" oya="3" hai0="82,31,66,95,119,124,59,126,110,83,35,47,117" hai1="6,118,7,51,115,27,42,80,129,41,62,73,132" hai2="36,2,76,10,39,120,55,109,20,134,54,65,97" hai3="5,93,79,56,70,90,19,38,9,29,57,30,121"/><W13/><G121/><T106/><D106/><U102/><E115/><V64/><F76/><W84/><G70/><T37/><D31/><N who="3" m="11785" /><G38/><N who="2" m="14377" /><F20/><W98/><G19/><T60/><D35/><U112/><E112/><V94/><F10/><W34/><G34/><T92/><D110/><U135/><E102/><V125/><F109/><W3/><G3/><T103/><D37/><U89/><E73/><V40/><F2/><W1/><G1/><T18/><D47/><U52/><E118/><V107/><F107/><W23/><G23/><T116/><D18/><U75/><E75/><V67/><F120/><W99/><G99/><N who="0" m="59879" /><D95/><U86/><E6/><V72/><F72/><W0/><G0/><T88/><D88/><U11/><E7/><V32/><F32/><W61/><G61/><T8/><D8/><U114/><E11/><V78/><F78/><W26/><G26/><T16/><D16/><U58/><E114/><V100/><F40/><W91/><G79/><T12/><D12/><U44/><E41/><V77/><F77/><W17/><G17/><T105/><D105/><U71/><E27/><V24/><F24/><W87/><G87/><T33/><D33/><U50/><E129/><V108/><F108/><W101/><G101/><T21/><D21/><U127/><E127/><AGARI ba="0,0" hai="59,60,66,82,83,116,117,119,124,126,127" m="59879" machi="127" ten="40,1300,0" yaku="18,1" doraHai="111" who="0" fromWho="1" sc="274,13,206,-13,193,0,327,0" owari="287,8.7,193,-20.7,193,-30.7,327,42.7" /></mjloggm>