<mjloggm ver="2.3"><GO type="225" lobby="0"/><UN n0="%E4%B8%89%E5%88%86%E5%B0%8F%E5%83%A7" n1="%E3%83%96%E3%83%83%E3%83%91%E3%82%AA%E3%83%96%E3%83%81%E3%82%AD%E3%83%B3" n2="%E3%82%AF%E3%82%A3%E3%82%A6" n3="%72%65%6E%6B%75%6E" dan="16,16,16,17" rate="2071.93,2055.90,2058.06,2220.60" sx="M,M,M,M"/><TAIKYOKU oya="0"/><INIT seed="0,0,0,3,0,114" ten="250,250,250,250" oya="0" hai0="6,121,8,48,78,103,1,5,0,79,69,65,70" hai1="14,87,81,33,49,10,105,3,94,20,133,129,85" hai2="57,4,63,56,120,99,76,113,16,80,86,117,73" hai3="128,110,60,54,41,98,7,24,13,130,40,82,35"/><T131/><D121/><U135/><E105/><V32/><F113/><W95/><G110/><T67/><D48/><U12/><E33/><V62/><F120/><W119/><G119/><T34/><D34/><U84/><E129/><N who="3" m="49770" /><G82/><T29/><D29/><U2/><E49/><V108/><F108/><W107/><G107/><T31/><D31/><U83/><E20/><V19/><F32/><W124/><G124/><T106/><D106/><U101/><E94/><V39/><F39/><W44/><G13/><N who="1" m="5226" /><E101/><V115/><F115/><W50/><G7/><T72/><D131/><U125/><E10/><V109/><F109/><W43/><G35/><T37/><D8/><U25/><E25/><V52/><F99/><W11/><G24/><T45/><D103/><U15/><N who="1" m="5234" /><U26/><DORA hai="111" /><E26/><V74/><F4/><W104/><G104/><T91/><D37/><U97/><E97/><V134/><F74/><W27/><G27/><T36/><D36/><U71/><E71/><V122/><F73/><W116/><G11/><T127/><D72/><U22/><E22/><V17/><F122/><W126/><G126/><T118/><D127/><U88/><E125/><V51/><F134/><N who="1" m="51209" /><E87/><V92/><F92/><W66/><G95/><T61/><D5/><U47/><E47/><V38/><F38/><W42/><G98/><T93/><D6/><U64/><E64/><V100/><F100/><W55/><G116/><T96/><D67/><U77/><AGARI ba="0,0" hai="2,3,77,81,83,84,85,88" m="51209,5234" machi="77" ten="40,2700,0" yaku="20,1,54,1" doraHai="114,111" who="1" fromWho="1" sc="250,-13,250,27,250,-7,250,-7" /><INIT seed="1,0,0,2,3,15" ten="237,277,243,243" oya="1" hai0="49,40,81,110,132,87,121,130,91,118,30,25,13" hai1="109,97,60,83,48,22,103,104,24,115,85,107,95" hai2="65,0,94,80,1,42,55,89,16,52,125,106,86" hai3="6,84,38,73,92,120,19,134,14,54,7,50,56"/><U66/><E115/><V129/><F106/><W51/><G120/><T18/><D118/><U135/><E135/><V131/><F125/><W35/><G134/><T126/><D110/><U67/><E48/><V63/><F42/><W37/><G73/><T44/><D132/><U113/><E113/><V32/><F32/><W57/><G35/><T20/><D126/><U45/><E45/><V96/><F0/><W90/><G38/><T98/><D130/><N who="2" m="49674" /><F1/><W58/><G37/><T127/><D127/><U43/><E43/><V114/><F114/><W21/><REACH who="3" step="1"/><G50/><REACH who="3" ten="237,277,243,233" step="2"/><T36/><D121/><U111/><E111/><V29/><F29/><W71/><G71/><T2/><D36/><U69/><E109/><V34/><F34/><W123/><G123/><T3/><REACH who="0" step="1"/><D98/><REACH who="0" ten="227,277,243,233" step="2"/><U46/><E97/><V112/><F112/><W93/><G93/><T77/><D77/><U12/><E95/><V102/><F96/><W119/><G119/><T11/><AGARI ba="0,2" hai="2,3,11,13,18,20,25,30,40,44,49,81,87,91" machi="11" ten="20,5200,0" yaku="1,1,0,1,7,1,52,1,53,0" doraHai="15" doraHaiUra="105" who="0" fromWho="0" sc="227,72,277,-26,243,-13,233,-13" /><INIT seed="2,0,0,1,5,56" ten="299,251,230,220" oya="2" hai0="63,23,40,42,6,21,17,108,127,1,9,75,78" hai1="101,44,110,72,47,116,124,135,126,26,61,133,48" hai2="112,31,67,107,19,0,77,54,20,28,80,59,2" hai3="97,18,10,91,96,120,4,5,60,37,105,94,50"/><V74/><F112/><W70/><G37/><T65/><D108/><U12/><E72/><V36/><F36/><W90/><G120/><T87/><D75/><U117/><E101/><V85/><F107/><W7/><G50/><T39/><D39/><U69/><E110/><V121/><F121/><W89/><G105/><T71/><D127/><N who="1" m="48683" /><E12/><V113/><F113/><W13/><REACH who="3" step="1"/><G94/><REACH who="3" ten="299,251,230,210" step="2"/><T125/><D125/><U119/><E26/><V95/><F95/><W3/><G3/><T64/><D1/><U93/><E93/><V83/><F0/><W103/><G103/><T35/><D35/><U27/><E27/><V45/><F2/><W84/><G84/><T43/><D87/><U68/><E47/><V82/><F45/><W8/><G8/><T52/><D9/><U58/><E48/><V32/><F74/><W81/><G81/><N who="2" m="31337" /><F32/><W100/><G100/><T11/><D11/><U15/><E44/><V111/><F111/><W86/><G86/><T76/><D76/><U34/><E34/><V115/><F115/><W29/><G29/><T114/><D78/><U62/><E15/><N who="2" m="9343" /><F28/><W22/><G22/><T104/><D23/><U66/><E69/><V123/><F31/><W25/><G25/><T79/><D21/><U57/><E68/><V46/><F123/><W129/><G129/><T130/><D104/><U106/><E106/><V33/><F33/><W88/><N who="3" m="22528" /><DORA hai="55" /><W51/><G51/><T53/><D130/><U132/><E119/><V41/><F46/><W73/><G73/><T109/><D114/><U38/><E38/><V30/><F30/><W98/><G98/><RYUUKYOKU ba="0,1" sc="299,-15,251,15,230,-15,210,15" hai1="57,58,61,62,66,116,117,132,133,135" hai3="4,5,7,10,13,18,60,70,96,97" /><INIT seed="3,1,1,1,0,89" ten="284,266,215,225" oya="3" hai0="85,69,121,102,40,66,19,113,112,107,122,70,124" hai1="24,101,99,57,92,64,11,135,118,46,42,13,28" hai2="54,100,96,133,15,29,58,83,67,127,9,10,18" hai3="128,91,20,76,105,79,106,12,110,62,17,63,43"/><W98/><G128/><T41/><D107/><U95/><E135/><V129/><F127/><W81/><G43/><N who="0" m="16459" /><D102/><U65/><E118/><V103/><F129/><W21/><G110/><T97/><D97/><N who="1" m="59559" /><E57/><V2/><F133/><W131/><G131/><T33/><D33/><U16/><E28/><V93/><F29/><W130/><G130/><T82/><D19/><U134/><E134/><V71/><F83/><W120/><G120/><N who="0" m="46187" /><D66/><U84/><E84/><V47/><F71/><W44/><G105/><T27/><D27/><U77/><E77/><V80/><F80/><W132/><G106/><T0/><D0/><U30/><E30/><V78/><F78/><W108/><G108/><T53/><D53/><U104/><E24/><V52/><F100/><W59/><G132/><T87/><D124/><U31/><E31/><V61/><REACH who="2" step="1"/><F47/><REACH who="2" ten="284,266,205,225" step="2"/><W60/><G44/><T1/><D82/><U55/><E46/><V119/><F119/><W6/><G81/><T7/><D70/><U88/><E104/><V73/><F73/><W4/><G79/><T109/><D69/><U94/><E88/><V34/><F34/><W37/><G76/><T38/><D109/><U14/><E42/><V26/><F26/><N who="3" m="14607" /><G37/><T56/><D38/><U50/><E65/><V45/><F45/><W90/><G59/><T72/><D72/><U23/><E64/><V68/><F68/><W39/><G39/><T115/><D56/><N who="1" m="32887" /><E99/><V74/><F74/><W123/><G123/><T32/><D32/><U36/><E36/><V25/><F25/><W8/><G98/><T48/><D48/><U126/><E126/><RYUUKYOKU ba="1,2" sc="284,10,266,10,205,10,225,-30" hai0="1,7,85,87,112,113,115" hai1="11,13,14,16,23,94,95" hai2="2,9,10,15,18,52,54,58,61,67,93,96,103" /><INIT seed="4,2,2,5,3,59" ten="294,276,215,195" oya="0" hai0="82,29,10,14,42,128,133,13,17,78,114,88,21" hai1="89,118,122,43,50,73,40,116,41,37,85,33,129" hai2="120,63,64,39,46,3,124,25,44,51,4,98,19" hai3="8,67,7,16,97,135,65,45,5,54,22,31,55"/><T18/><D114/><U62/><E122/><V95/><F120/><W100/><G135/><T49/><D133/><U48/><E73/><V72/><F72/><W76/><G76/><T9/><D128/><U112/><E33/><V28/><F124/><W125/><G31/><T96/><D78/><U106/><E106/><V84/><F39/><W71/><G125/><T131/><D131/><U38/><E89/><V53/><F84/><W47/><G71/><T58/><D82/><U30/><E85/><V61/><F3/><W99/><G22/><T115/><D115/><U26/><E26/><V35/><F4/><W15/><G100/><T87/><D87/><U79/><E30/><V12/><F64/><W24/><G24/><N who="0" m="16527" /><D58/><U109/><E79/><V102/><REACH who="2" step="1"/><F46/><REACH who="2" ten="294,276,205,195" step="2"/><N who="3" m="17419" /><G67/><T126/><D126/><U110/><E129/><V32/><F32/><W113/><G65/><T69/><D96/><N who="3" m="36937" /><G113/><T11/><D69/><U107/><E112/><V130/><F130/><W68/><G68/><T83/><D83/><U134/><E37/><V6/><F6/><AGARI ba="2,3" hai="5,6,7,8,15,16,54,55" m="36937,17419" machi="6" ten="30,2000,0" yaku="8,1,54,1" doraHai="59" who="3" fromWho="2" sc="294,0,276,0,205,-26,195,56" /><INIT seed="5,0,0,1,5,85" ten="294,276,179,251" oya="1" hai0="104,134,8,93,6,12,79,44,49,128,15,2,84" hai1="72,0,29,43,108,80,112,73,77,36,1,126,125" hai2="17,71,110,14,117,106,121,114,133,67,75,45,13" hai3="9,3,25,19,111,41,57,50,92,30,39,20,52"/><U113/><E29/><V94/><F117/><W11/><G111/><T58/><D104/><U130/><E130/><V27/><F121/><W21/><G3/><N who="1" m="1098" /><E108/><V124/><F106/><W59/><G59/><T22/><D128/><U97/><E73/><V42/><F110/><W16/><G30/><T28/><D134/><U107/><E43/><V116/><F116/><W95/><G39/><T127/><D58/><U82/><E82/><V31/><F124/><N who="1" m="47721" /><E36/><V32/><F75/><W100/><G41/><T46/><D127/><U7/><E7/><V105/><F105/><W131/><G131/><T60/><D60/><U102/><AGARI ba="0,0" hai="72,77,80,97,102,107,112,113" m="47721,1098" machi="102" ten="40,3900,0" yaku="18,1,23,1" doraHai="85" who="1" fromWho="1" sc="294,-13,276,39,179,-13,251,-13" owari="281,8.1,315,41.5,166,-33.4,238,-16.2" /></mjloggm>