<mjloggm ver="2.3"><GO type="225" lobby="0"/><UN n0="%E6%81%A5%E6%99%92%E3%81%97" n1="%E5%85%88%E7%89%A9%E3%81%AF%74%72%61%73%68" n2="%4C%4F%4C%49%54%41" n3="%E7%99%BD%E5%80%89%E5%AF%9B%E4%B9%8B" dan="16,17,16,16" rate="2118.84,2141.35,2110.21,2146.43" sx="M,M,F,M"/><TAIKYOKU oya="0"/><INIT seed="0,0,0,4,5,95" ten="250,250,250,250" oya="0" hai0="55,117,134,73,122,43,114,58,107,42,99,61,101" hai1="108,98,24,11,126,1,116,90,28,37,29,46,41" hai2="89,104,109,120,86,87,8,33,85,110,81,118,127" hai3="80,5,83,21,93,88,27,91,65,64,26,51,131"/><T52/><D117/><U77/><E116/><V79/><F33/><W54/><G131/><T94/><D122/><U22/><E108/><N who="2" m="41579" /><F8/><W49/><G5/><T115/><D73/><U69/><E69/><V7/><F7/><W78/><G91/><T31/><D134/><U40/><E126/><V25/><F118/><W57/><G51/><T3/><D3/><U103/><E41/><V47/><F25/><N who="3" m="9227" /><G21/><T112/><D31/><U129/><E129/><V66/><F66/><N who="3" m="25707" /><G78/><T39/><D39/><U123/><E123/><V50/><F120/><W133/><G133/><T124/><D124/><U38/><E38/><V17/><F17/><W71/><G71/><T132/><D132/><U35/><E90/><V9/><F9/><W67/><N who="3" m="25715" /><W59/><DORA hai="2" /><G59/><T105/><REACH who="0" step="1"/><D55/><REACH who="0" ten="240,250,250,250" step="2"/><U20/><E29/><V68/><F127/><W113/><G113/><T72/><D72/><U63/><E1/><V111/><F111/><W75/><G75/><T56/><D56/><U4/><E28/><V125/><F125/><W30/><G30/><T100/><D100/><U130/><E103/><V0/><F0/><W45/><G57/><T74/><D74/><U82/><E37/><V19/><F68/><W96/><AGARI ba="0,1" hai="45,49,54,80,83,88,93,96" m="25715,9227" machi="96" ten="40,5200,0" yaku="8,1,52,1,54,1" doraHai="95,2" who="3" fromWho="3" sc="240,-26,250,-13,250,-13,250,62" /><INIT seed="1,0,0,3,1,43" ten="214,237,237,312" oya="1" hai0="34,112,110,50,22,14,94,122,127,125,59,102,99" hai1="75,15,32,52,44,128,108,58,81,33,90,4,101" hai2="120,9,104,25,62,5,80,27,107,106,83,38,51" hai3="121,57,55,77,19,61,47,135,84,116,114,72,133"/><U18/><E128/><V118/><F38/><W109/><G72/><T36/><D112/><U11/><E101/><V132/><F118/><W26/><G114/><T87/><D34/><U42/><E108/><V74/><F120/><W129/><G121/><T12/><D122/><U92/><E75/><V46/><F132/><N who="3" m="50763" /><G129/><T45/><D110/><U79/><E18/><V16/><F62/><W66/><G109/><T48/><D87/><U78/><E81/><V85/><F74/><W117/><G84/><T69/><D69/><U89/><E33/><V119/><F119/><N who="3" m="45643" /><G77/><N who="1" m="29194" /><E32/><V68/><F68/><W63/><G19/><T131/><D131/><U124/><E124/><N who="0" m="47689" /><D59/><U115/><E115/><V130/><F130/><W113/><G26/><T64/><D64/><U65/><E65/><V105/><F85/><W6/><G6/><T91/><D102/><U67/><E67/><V76/><F76/><W123/><G123/><T20/><D14/><U70/><E70/><V95/><F83/><W134/><G113/><T28/><D12/><U39/><E92/><V23/><F95/><W93/><G93/><T37/><D37/><U24/><E24/><N who="2" m="14439" /><F80/><W31/><G134/><T103/><D103/><U29/><E29/><V126/><F106/><W41/><G31/><T7/><D7/><U40/><E90/><V56/><F126/><W0/><G0/><T54/><D28/><U30/><E30/><V88/><F88/><W8/><G66/><T35/><D35/><U17/><E89/><V82/><F82/><W86/><G86/><T1/><D1/><U111/><E111/><V10/><F105/><RYUUKYOKU ba="0,0" sc="214,0,237,0,237,0,312,0" /><INIT seed="2,1,0,2,0,98" ten="214,237,237,312" oya="2" hai0="63,43,74,37,60,69,12,105,106,75,115,81,35" hai1="78,11,104,119,100,66,16,95,120,57,102,19,45" hai2="90,62,20,15,92,65,84,122,131,51,70,89,94" hai3="134,14,114,34,107,46,39,68,18,61,4,133,113"/><V73/><F131/><W1/><G107/><N who="0" m="40971" /><D12/><N who="1" m="7199" /><E119/><V111/><F122/><W10/><G34/><T108/><D115/><N who="3" m="44041" /><G68/><T125/><D108/><U101/><E104/><V96/><F73/><W76/><G61/><T129/><D129/><U9/><E120/><V135/><F135/><N who="3" m="51723" /><G76/><T6/><D81/><U2/><E2/><V59/><F111/><W112/><N who="3" m="44049" /><W27/><DORA hai="41" /><G27/><T88/><D125/><U126/><E126/><V26/><F15/><W116/><G116/><T36/><D63/><N who="1" m="38255" /><E78/><V86/><F96/><W8/><G46/><N who="0" m="23911" /><D35/><U25/><E45/><V49/><REACH who="2" step="1"/><F70/><REACH who="2" ten="214,237,227,312" step="2"/><W3/><G39/><T79/><D37/><U80/><E25/><V109/><F109/><W58/><G1/><T110/><D110/><U33/><E33/><V128/><F128/><W48/><G3/><T0/><D0/><U64/><E9/><V7/><F7/><W82/><G10/><T77/><D6/><U38/><E38/><V21/><F21/><W56/><G4/><T42/><D75/><U30/><E30/><AGARI ba="1,1" hai="20,26,30,49,51,59,62,65,84,86,89,90,92,94" machi="30" ten="30,12000,1" yaku="1,1,7,1,9,1,8,1,53,1" doraHai="98,41" doraHaiUra="118,53" who="2" fromWho="1" sc="214,0,237,-123,227,133,312,0" /><INIT seed="2,2,0,4,4,24" ten="214,114,360,312" oya="2" hai0="100,84,114,97,6,75,79,80,3,86,1,67,13" hai1="74,32,40,130,89,9,116,83,4,85,15,53,69" hai2="36,124,92,62,7,103,82,95,2,35,8,18,27" hai3="64,109,71,20,128,102,90,66,49,81,93,58,106"/><V110/><F36/><W113/><G128/><T0/><D114/><U87/><E116/><V54/><F124/><W94/><G113/><T42/><D67/><U14/><E130/><V131/><F131/><W59/><G109/><T115/><D115/><U44/><E69/><V63/><F110/><W118/><G71/><T60/><D60/><U31/><E53/><V135/><F135/><W5/><G5/><T99/><D99/><U88/><E74/><V70/><F82/><W107/><G20/><T77/><D13/><U55/><E55/><V125/><F125/><W26/><G26/><T61/><D61/><U133/><E133/><V73/><F73/><W68/><G68/><T39/><D86/><U11/><E32/><V76/><F76/><W56/><G49/><T127/><D84/><U52/><E31/><V25/><F54/><W41/><G41/><T23/><D127/><U21/><E21/><V96/><F95/><W48/><G48/><T22/><D79/><U117/><E117/><V57/><F57/><W28/><G58/><T29/><D23/><U72/><E72/><V10/><F70/><W78/><G78/><T17/><D29/><U91/><E85/><V101/><F101/><W34/><G28/><T51/><D39/><U33/><E33/><V16/><F35/><W19/><G34/><T105/><D42/><U122/><E122/><V119/><F119/><W38/><G66/><T123/><D123/><U45/><E40/><V126/><F126/><W43/><G64/><T12/><D51/><N who="1" m="28775" /><E45/><V50/><F63/><W108/><G118/><T132/><D132/><RYUUKYOKU ba="2,0" sc="214,15,114,15,360,-15,312,-15" hai0="0,1,3,6,12,17,22,75,77,80,97,100,105" hai1="4,9,11,14,15,83,87,88,89,91" /><INIT seed="3,3,0,3,1,73" ten="229,129,345,297" oya="3" hai0="132,42,119,100,98,13,26,58,85,86,5,107,77" hai1="110,95,69,12,93,135,14,17,104,28,49,50,114" hai2="127,6,18,64,19,11,44,8,20,46,80,92,106" hai3="61,126,53,133,7,32,29,30,33,66,120,123,124"/><W52/><G7/><T47/><D119/><U108/><E114/><V76/><F106/><W41/><G41/><T129/><D132/><U56/><E104/><V23/><F127/><N who="3" m="48683" /><G133/><T45/><D129/><U96/><E135/><V27/><F64/><W111/><G111/><T94/><D107/><U57/><E28/><N who="3" m="10858" /><G66/><T91/><D26/><U4/><E4/><V38/><F92/><W59/><G59/><T83/><D58/><U39/><E39/><V48/><F38/><W89/><G89/><T54/><D54/><N who="3" m="21097" /><G61/><T88/><D42/><U74/><E74/><V99/><F99/><W55/><N who="3" m="21105" /><W75/><DORA hai="70" /><G75/><T118/><D118/><U112/><E112/><V97/><F97/><W15/><G15/><T60/><D60/><U35/><E96/><V103/><F103/><W109/><G109/><T72/><D72/><U134/><E134/><V125/><F125/><W21/><G21/><T121/><D91/><U101/><E69/><V3/><F48/><W90/><G90/><T63/><D63/><U34/><REACH who="1" step="1"/><E17/><REACH who="1" ten="229,119,345,297" step="2"/><V24/><F6/><W81/><G123/><T122/><D121/><U25/><E25/><V16/><F24/><W113/><G120/><T51/><D122/><U62/><E62/><V40/><F27/><W116/><G113/><T2/><D5/><U131/><E131/><V84/><F19/><W115/><G115/><T128/><D128/><U43/><E43/><V1/><F40/><W79/><G116/><T36/><D36/><U0/><E0/><V65/><F1/><W117/><G117/><T82/><D2/><U102/><AGARI ba="3,1" hai="12,14,34,35,49,50,56,57,93,95,101,102,108,110" machi="102" ten="25,8000,1" yaku="1,1,5,1,0,1,22,2,53,0" doraHai="73,70" doraHaiUra="68,105" who="1" fromWho="1" sc="229,-23,119,99,345,-23,297,-43" owari="206,-29.4,218,-18.2,322,42.2,254,5.4" /></mjloggm>