<mjloggm ver="2.3"><GO type="225" lobby="0"/><UN n0="%E4%BC%8A%E9%81%94%E6%9C%B1%E9%87%8C%E7%B4%97" n1="%E9%BB%99%E8%81%B4%E3%81%AE%E3%81%99%E3%82%9D%E3%82%81" n2="%66%67%67%68%68%64%66" n3="%E3%82%AF%E3%82%A3%E3%82%A6" dan="16,16,16,16" rate="2127.33,2107.98,2079.09,2064.43" sx="F,M,M,M"/><TAIKYOKU oya="0"/><INIT seed="0,0,0,2,4,47" ten="250,250,250,250" oya="0" hai0="80,30,84,39,88,68,126,102,67,17,49,61,98" hai1="124,127,32,6,43,121,85,59,22,55,133,4,92" hai2="13,63,123,5,45,90,12,104,48,29,103,105,37" hai3="110,120,70,81,74,50,125,89,1,14,130,9,18"/><T114/><D114/><U27/><E32/><V56/><F123/><W44/><G110/><T129/><D129/><U57/><E43/><V79/><F37/><W35/><G125/><N who="1" m="48202" /><E133/><V134/><F134/><W25/><G130/><T106/><D126/><U53/><E121/><V115/><F115/><W20/><G120/><T72/><D39/><U62/><E92/><V107/><F79/><W8/><G70/><T76/><D30/><N who="1" m="17783" /><E85/><V51/><F103/><W119/><G119/><T77/><D17/><U99/><E99/><V33/><F90/><W19/><G35/><T0/><D0/><U41/><E41/><V111/><F111/><W91/><G1/><T58/><REACH who="0" step="1"/><D72/><REACH who="0" ten="240,250,250,250" step="2"/><U108/><E108/><V46/><F29/><N who="3" m="17575" /><G74/><T15/><D15/><U31/><E31/><V93/><F13/><N who="3" m="7463" /><G81/><T122/><D122/><U78/><E78/><V24/><F12/><W26/><G26/><T65/><D65/><U96/><E96/><V21/><F24/><W54/><AGARI ba="0,1" hai="9,14,19,44,50,54,89,91" m="7463,17575" machi="54" ten="30,2000,0" yaku="8,1,52,1" doraHai="47" who="3" fromWho="3" sc="240,-10,250,-5,250,-5,250,30" /><INIT seed="1,0,0,0,4,119" ten="230,245,245,280" oya="1" hai0="108,70,21,13,64,134,3,57,100,79,14,101,62" hai1="16,106,36,96,95,2,58,98,92,33,123,67,73" hai2="43,78,40,97,5,133,75,68,15,121,39,88,29" hai3="71,109,125,115,104,85,50,31,38,30,9,63,89"/><U32/><E36/><V46/><F68/><W132/><G115/><T80/><D3/><U116/><E106/><V69/><F69/><W126/><G38/><T91/><D108/><U130/><E73/><V18/><F133/><W6/><G109/><T41/><D134/><U87/><E2/><V17/><F40/><W82/><G132/><T22/><D41/><U53/><E67/><V74/><F29/><W112/><G104/><T111/><D111/><U131/><E116/><V129/><F129/><N who="1" m="49161" /><E87/><V110/><F110/><W34/><G112/><T76/><D70/><U120/><E16/><V19/><F78/><N who="0" m="29738" /><D13/><U66/><E66/><V77/><F77/><W99/><G63/><T52/><D64/><U35/><E95/><V86/><F97/><N who="1" m="37481" /><E92/><V44/><F75/><W1/><G71/><T61/><D61/><AGARI ba="0,0" hai="32,33,35,53,58,61,120,123" m="37481,49161" machi="61" ten="40,7700,0" yaku="19,1,52,2" doraHai="119" who="1" fromWho="0" sc="230,-77,245,77,245,0,280,0" /><INIT seed="1,1,0,0,0,126" ten="153,322,245,280" oya="1" hai0="15,100,51,127,59,9,19,99,116,61,122,104,13" hai1="107,45,85,131,88,103,58,43,63,0,47,75,55" hai2="133,77,25,111,57,91,66,65,67,62,78,81,34" hai3="21,129,3,56,12,93,30,94,83,32,112,134,6"/><U125/><E125/><V53/><F111/><W28/><G112/><T1/><D127/><U23/><E75/><V118/><F118/><W10/><G134/><T114/><D116/><U20/><E0/><V41/><F133/><W92/><G83/><T123/><D114/><U37/><E131/><V24/><F41/><W38/><G38/><T74/><D1/><U4/><E4/><V84/><REACH who="2" step="1"/><F34/><REACH who="2" ten="153,322,235,280" step="2"/><W49/><G32/><T102/><D74/><U71/><E71/><V108/><F108/><W89/><G3/><T101/><D51/><U11/><E11/><V119/><F119/><W110/><G110/><T46/><D46/><U73/><E73/><V135/><F135/><W80/><G21/><T76/><D76/><AGARI ba="1,1" hai="24,25,53,57,62,65,66,67,76,77,78,81,84,91" machi="76" ten="40,2600,0" yaku="1,1,8,1,53,0" doraHai="126" doraHaiUra="17" who="2" fromWho="0" sc="153,-29,322,0,235,39,280,0" /><INIT seed="2,0,0,3,0,60" ten="124,322,274,280" oya="2" hai0="87,52,59,18,2,68,113,37,124,65,22,114,103" hai1="95,26,9,4,19,29,50,8,131,93,20,128,133" hai2="101,94,39,12,5,107,16,96,99,15,42,89,75" hai3="33,118,121,120,76,31,130,40,117,132,55,21,84"/><V58/><F75/><W49/><G33/><T64/><D37/><U97/><E133/><V104/><F104/><W110/><G76/><T74/><D74/><U115/><E115/><V57/><F5/><W80/><G80/><T88/><D2/><U105/><E105/><V46/><REACH who="2" step="1"/><F12/><REACH who="2" ten="124,322,264,280" step="2"/><W98/><G118/><T53/><D114/><U100/><E4/><V25/><F25/><W51/><G117/><T32/><D113/><U24/><E24/><V86/><F86/><W70/><G84/><T63/><D124/><U106/><E106/><V7/><F7/><W30/><G120/><T11/><D32/><U77/><E26/><V85/><F85/><W134/><G121/><T35/><D35/><U112/><E112/><V116/><F116/><W79/><G132/><T71/><D11/><AGARI ba="0,1" hai="11,15,16,39,42,46,57,58,89,94,96,99,101,107" machi="11" ten="30,5800,0" yaku="1,1,7,1,54,1,53,0" doraHai="60" doraHaiUra="3" who="2" fromWho="0" sc="124,-58,322,0,264,68,280,0" /><INIT seed="2,1,0,0,4,127" ten="66,322,332,280" oya="2" hai0="131,122,39,123,55,58,23,30,98,85,27,100,40" hai1="32,42,51,134,14,35,11,12,113,26,133,33,7" hai2="97,110,118,69,121,71,60,77,8,0,9,2,45" hai3="115,36,37,59,119,80,44,120,20,128,43,64,13"/><V124/><F121/><W107/><G107/><T63/><D85/><U25/><E51/><V52/><F118/><W94/><G119/><T74/><D74/><U101/><E42/><V73/><F124/><W82/><G120/><T3/><D3/><U49/><E49/><V67/><F71/><W50/><G115/><T114/><D114/><U18/><E101/><V92/><F110/><W31/><G94/><T87/><D87/><U4/><E113/><V76/><F0/><W62/><G128/><T84/><D84/><U99/><E99/><V105/><F105/><W79/><G82/><T5/><D5/><N who="1" m="2123" /><E14/><V86/><F2/><W90/><G90/><T96/><D96/><U91/><E91/><V112/><F73/><W70/><G31/><T88/><D131/><U65/><E65/><V17/><F112/><W102/><G102/><T34/><D34/><U21/><E26/><V57/><F45/><W56/><G20/><T41/><D100/><U78/><E78/><V125/><F125/><W95/><G13/><T48/><D39/><N who="3" m="14921" /><G95/><T130/><D130/><U28/><AGARI ba="1,0" hai="11,12,18,21,25,28,32,33,35,133,134" m="2123" machi="28" ten="40,2700,0" yaku="34,2" doraHai="127" who="1" fromWho="1" sc="66,-8,322,30,332,-14,280,-8" /><INIT seed="3,0,0,2,3,82" ten="58,352,318,272" oya="3" hai0="128,77,125,41,107,95,102,38,96,57,109,19,132" hai1="54,21,49,84,131,44,37,106,28,45,1,33,103" hai2="91,130,14,10,93,39,47,108,133,100,62,20,0" hai3="48,97,110,99,115,74,73,15,116,7,66,60,3"/><W2/><G115/><T90/><D109/><U98/><E33/><V123/><F108/><W104/><G110/><T83/><D125/><U122/><E1/><V67/><F130/><W101/><G116/><T64/><D19/><U72/><E72/><V87/><F133/><W9/><G48/><T30/><D41/><U46/><E122/><V119/><F119/><W85/><G2/><T56/><D38/><U51/><E131/><V86/><F123/><W43/><G15/><T68/><D68/><U126/><E126/><V80/><F0/><W120/><G120/><T113/><D30/><U121/><E121/><V135/><F135/><W112/><G112/><T8/><D64/><U42/><E84/><N who="2" m="50567" /><F39/><W22/><G22/><T5/><D132/><U78/><E78/><V34/><F34/><W69/><G85/><T94/><D128/><U26/><E51/><V18/><F47/><AGARI ba="0,0" hai="21,26,28,37,42,44,45,46,47,49,54,98,103,106" machi="47" ten="30,1000,0" yaku="7,1" doraHai="82" who="1" fromWho="2" sc="58,0,352,10,318,-10,272,0" owari="58,-44.2,362,46.2,308,10.8,272,-12.8" /></mjloggm>