<mjloggm ver="2.3"><GO type="225" lobby="0"/><UN n0="%E5%85%83%E3%82%AB%E3%83%8E%E7%B3%BB%E3%83%92%E3%83%AD%E3%82%A4%E3%83%B3" n1="%E3%81%BF%E3%81%BF%E3%81%9A" n2="%E3%81%94%E3%83%BC%E3%81%A9%E3%82%93" n3="%E7%89%B9%E6%9D%B1%E3%81%AF%E4%B8%96%E7%95%8C%E3%82%92%E6%95%91%E3%81%86" dan="16,18,16,16" rate="2195.15,2206.78,2123.13,2151.66" sx="M,M,M,M"/><TAIKYOKU oya="0"/><INIT seed="0,0,0,1,2,34" ten="250,250,250,250" oya="0" hai0="21,83,40,67,110,105,79,133,112,5,1,66,97" hai1="98,59,80,129,31,45,116,33,130,123,42,2,71" hai2="68,95,0,44,55,3,128,12,88,93,30,91,54" hai3="84,23,41,81,69,106,60,77,48,119,51,4,99"/><T46/><D112/><U6/><E116/><V17/><F30/><W75/><G119/><T126/><D21/><U134/><E71/><V94/><F128/><N who="1" m="49257" /><E123/><V107/><F107/><W28/><G41/><T104/><D126/><U62/><E134/><V19/><F68/><W58/><G69/><T39/><D133/><U50/><E98/><V47/><F94/><W14/><G75/><N who="0" m="43519" /><D110/><U27/><E80/><V63/><F12/><W7/><G106/><N who="0" m="41067" /><D97/><U109/><E109/><V87/><REACH who="2" step="1"/><F87/><REACH who="2" ten="250,250,240,250" step="2"/><W37/><G14/><T9/><AGARI ba="0,1" hai="1,5,9,39,40,46,66,67" m="41067,43519" machi="9" ten="30,3000,0" yaku="25,1,52,1" doraHai="34" who="0" fromWho="0" sc="250,40,250,-10,240,-10,250,-10" /><INIT seed="0,1,0,4,4,129" ten="290,240,230,240" oya="0" hai0="101,57,67,94,89,52,97,3,127,70,122,63,44" hai1="17,95,58,124,121,90,1,43,30,13,22,48,69" hai2="110,85,112,26,20,116,7,55,105,96,86,61,73" hai3="135,79,75,131,34,113,123,42,134,21,4,10,64"/><T28/><D122/><U35/><E69/><V114/><F116/><W117/><G113/><T19/><D127/><U84/><E121/><V132/><F110/><W15/><G123/><T41/><D3/><U104/><E124/><V39/><F73/><W108/><G117/><T27/><D19/><U93/><E104/><V47/><F7/><W46/><G34/><T83/><D83/><U109/><E1/><V68/><F86/><W50/><G131/><T51/><D89/><U25/><E109/><V23/><F23/><W128/><G128/><T99/><D99/><U2/><E2/><V45/><F85/><W38/><G108/><T8/><D8/><U111/><E111/><V88/><F39/><W115/><G115/><T16/><D16/><U77/><E77/><V74/><F74/><W133/><G64/><T82/><D82/><U54/><REACH who="1" step="1"/><E43/><REACH who="1" ten="290,230,230,240" step="2"/><V76/><F76/><W130/><G130/><T14/><D14/><U72/><E72/><V91/><F114/><W29/><G79/><T59/><REACH who="0" step="1"/><D41/><REACH who="0" ten="280,230,230,240" step="2"/><U31/><E31/><V37/><F112/><W78/><G78/><T0/><D0/><U80/><AGARI ba="1,2" hai="13,17,22,25,30,35,48,54,58,80,84,90,93,95" machi="80" ten="20,2700,0" yaku="1,1,0,1,7,1,53,0" doraHai="129" doraHaiUra="40" who="1" fromWho="1" sc="280,-14,230,50,230,-8,240,-8" /><INIT seed="1,0,0,1,3,38" ten="266,280,222,232" oya="1" hai0="134,16,74,24,29,118,113,57,97,66,131,71,99" hai1="12,110,90,72,33,107,1,86,104,21,53,82,15" hai2="79,103,31,102,28,13,65,69,23,94,62,18,101" hai3="61,42,63,11,129,117,59,126,34,124,95,114,47"/><U77/><E1/><V7/><F79/><W88/><G114/><T25/><D113/><U87/><E33/><V22/><F7/><W45/><G129/><T100/><D118/><U121/><E121/><V132/><F132/><W81/><G117/><T46/><D74/><U19/><E110/><V44/><F94/><W49/><G34/><T54/><D134/><U93/><E72/><V26/><REACH who="2" step="1"/><F44/><REACH who="2" ten="266,280,212,232" step="2"/><W70/><G81/><T83/><D46/><U123/><E123/><V43/><F43/><W0/><G45/><T30/><D83/><U39/><E39/><V67/><F67/><W98/><G70/><T32/><D66/><U76/><E77/><V119/><F119/><W125/><G59/><T50/><D71/><U91/><E76/><V4/><F4/><AGARI ba="0,1" hai="0,4,11,42,47,49,61,63,88,95,98,124,125,126" machi="4" ten="40,5200,0" yaku="18,1,52,1,54,1" doraHai="38" who="3" fromWho="2" sc="266,0,280,0,212,-52,232,62" /><INIT seed="2,0,0,1,5,84" ten="266,280,160,294" oya="2" hai0="93,14,16,104,92,36,108,114,75,59,74,40,94" hai1="127,133,70,25,13,24,45,111,0,128,96,80,3" hai2="122,47,55,118,11,69,51,6,131,95,21,2,20" hai3="39,8,31,17,7,81,63,129,22,119,85,102,43"/><V38/><F118/><W58/><G119/><T123/><D123/><U116/><E116/><V77/><F122/><W65/><G129/><T57/><D114/><U18/><E70/><V106/><F106/><W90/><G31/><T41/><D104/><U62/><E128/><V54/><F131/><W33/><G33/><T56/><D108/><U107/><E62/><V10/><F38/><W87/><G102/><T91/><D91/><U88/><E111/><V120/><F120/><W19/><G39/><T67/><D67/><U73/><E127/><V135/><F135/><W64/><G43/><T89/><D89/><U60/><E60/><V50/><F69/><W49/><G49/><T97/><D97/><U29/><E24/><V117/><F117/><W30/><G65/><T52/><D52/><U110/><E133/><V37/><F37/><W134/><G134/><T82/><D82/><U79/><E45/><V46/><F77/><N who="3" m="46255" /><G7/><T99/><D99/><U5/><E5/><V4/><REACH who="2" step="1"/><F95/><REACH who="2" ten="266,280,150,294" step="2"/><N who="3" m="54751" /><G8/><N who="0" m="6215" /><D36/><U130/><E130/><V66/><F66/><W86/><G86/><T76/><D76/><U27/><E110/><V53/><F53/><W68/><G68/><T115/><D115/><U15/><E107/><V124/><F124/><W44/><G44/><T71/><D71/><U48/><E79/><V42/><F42/><W101/><G64/><T100/><D100/><U61/><E96/><V12/><AGARI ba="0,1" hai="2,4,6,10,11,12,20,21,46,47,50,51,54,55" machi="12" ten="20,7800,0" yaku="1,1,0,1,7,1,9,1,53,0" doraHai="84" doraHaiUra="23" who="2" fromWho="2" sc="266,-26,280,-26,150,88,294,-26" /><INIT seed="2,1,0,0,1,40" ten="240,254,238,268" oya="2" hai0="112,55,67,35,21,94,130,122,104,34,20,117,17" hai1="49,70,83,81,103,9,74,47,60,107,85,82,109" hai2="50,128,63,13,58,57,134,32,51,88,10,25,80" hai3="33,1,91,3,46,118,100,78,16,7,27,31,15"/><V64/><F134/><W121/><G118/><T53/><D104/><U124/><E109/><V44/><F128/><W71/><G121/><T102/><D122/><U116/><E116/><V62/><F32/><W75/><G71/><T96/><D117/><U18/><E124/><V52/><F25/><W39/><G100/><T48/><D130/><U132/><E132/><V38/><F38/><W36/><G91/><T125/><D112/><U4/><E74/><V113/><F113/><W22/><G46/><T126/><D67/><U43/><E18/><N who="2" m="8503" /><F51/><W19/><G19/><T61/><D61/><N who="2" m="23050" /><F64/><W41/><G41/><T14/><D21/><U106/><E70/><V72/><F72/><W129/><G129/><T84/><D84/><AGARI ba="1,0" hai="44,50,52,57,58,80,84,88" m="23050,8503" machi="84" ten="30,12000,1" yaku="25,1,8,1,52,1,54,2" doraHai="40" who="2" fromWho="0" sc="240,-123,254,0,238,123,268,0" /><INIT seed="2,2,0,0,2,91" ten="117,254,361,268" oya="2" hai0="130,13,49,86,21,40,135,34,97,44,83,117,36" hai1="16,122,70,22,89,120,73,107,25,110,127,134,11" hai2="95,64,77,123,29,24,79,17,105,113,52,12,115" hai3="66,106,93,20,3,51,129,109,23,18,119,1,35"/><V128/><F105/><W96/><G119/><T28/><D117/><U67/><E110/><V75/><F128/><W59/><G35/><T62/><D130/><U85/><E73/><V69/><F77/><W43/><G129/><T84/><D135/><U71/><E134/><V5/><F5/><W132/><G106/><T60/><D34/><U103/><E127/><V90/><F123/><N who="1" m="47145" /><E67/><V114/><F79/><W56/><G132/><T112/><D112/><U14/><E103/><V38/><F38/><W15/><G109/><T10/><D36/><U116/><E107/><V57/><F69/><W9/><G3/><T31/><D84/><U33/><E33/><V81/><F81/><W131/><G131/><T100/><D60/><U37/><E37/><V111/><F64/><W76/><G76/><T4/><D62/><U88/><E89/><V92/><F75/><W7/><G66/><T54/><D21/><U47/><E47/><V39/><F90/><W0/><G0/><T78/><REACH who="0" step="1"/><D54/><REACH who="0" ten="107,254,361,268" step="2"/><U102/><E116/><V27/><F39/><W125/><G23/><T48/><D48/><U50/><E50/><V99/><F113/><W42/><G51/><T55/><D55/><U65/><E65/><V46/><F114/><W32/><G32/><T101/><D101/><U8/><E102/><V118/><F115/><W63/><G63/><T124/><D124/><U98/><E85/><V45/><F118/><W94/><G125/><T72/><D72/><U104/><E22/><V121/><F52/><W26/><G26/><T30/><D30/><U87/><E25/><N who="2" m="9803" /><F29/><W74/><G74/><RYUUKYOKU ba="2,1" sc="107,30,254,-10,361,-10,268,-10" hai0="4,10,13,28,31,40,44,49,78,83,86,97,100" /><INIT seed="3,3,1,0,5,114" ten="137,244,351,258" oya="3" hai0="48,79,98,100,39,75,69,47,134,32,81,88,3" hai1="83,128,78,123,16,108,132,90,135,61,57,56,42" hai2="54,4,74,124,27,46,1,25,104,109,18,86,28" hai3="91,110,129,130,76,92,101,115,40,38,9,103,60"/><W72/><G115/><T5/><D134/><N who="1" m="51243" /><E108/><V20/><F74/><W0/><G110/><T66/><D32/><U13/><E128/><N who="3" m="49258" /><G60/><T112/><D112/><U121/><E90/><V59/><F104/><W49/><G38/><T87/><D66/><N who="1" m="39207" /><E42/><V2/><F2/><W119/><G119/><T96/><D69/><U15/><E57/><V99/><F1/><W122/><G122/><N who="1" m="46602" /><E16/><V35/><F18/><W53/><G40/><T131/><D131/><U6/><E6/><V89/><F4/><N who="3" m="1159" /><G76/><T111/><D111/><U73/><AGARI ba="3,1" hai="13,15,73,78,83" m="46602,39207,51243" machi="73" ten="30,1100,0" yaku="20,1" doraHai="114" who="1" fromWho="1" sc="137,-6,244,30,351,-6,258,-8" owari="131,-36.9,274,7.4,345,44.5,250,-15.0" /></mjloggm>