<mjloggm ver="2.3"><GO type="225" lobby="0"/><UN n0="%E5%A4%8F%E9%88%B4%E9%88%B4%E5%A4%8F" n1="%E3%83%B4%E3%83%A0%EF%BC%99%E3%81%A6" n2="%33%74%72%65%65" n3="%E3%80%93%E3%81%97%E3%83%BC%E3%82%89%E3%80%93" dan="16,16,17,16" rate="2160.71,2170.86,2156.87,2216.72" sx="F,M,F,M"/><TAIKYOKU oya="0"/><INIT seed="0,0,0,4,4,61" ten="250,250,250,250" oya="0" hai0="2,8,27,9,126,122,128,71,64,124,22,37,68" hai1="5,47,109,77,26,102,95,42,113,65,13,10,46" hai2="11,45,72,83,58,115,21,106,70,33,55,63,121" hai3="0,101,52,53,99,43,40,90,34,17,32,93,16"/><T39/><D122/><U76/><E109/><V30/><F115/><W67/><G0/><T3/><D128/><U87/><E113/><V117/><F121/><W59/><G34/><T130/><D130/><U23/><E65/><V135/><F135/><W25/><G32/><T123/><D123/><U48/><E46/><V50/><F33/><W133/><G133/><T116/><D116/><U20/><E20/><V36/><F117/><W111/><G111/><T57/><D57/><U19/><REACH who="1" step="1"/><E87/><REACH who="1" ten="250,240,250,250" step="2"/><V69/><F45/><W104/><G67/><T112/><D112/><U38/><E38/><N who="0" m="14345" /><D9/><U132/><E132/><V44/><F11/><W107/><G53/><T100/><D8/><U15/><E15/><V120/><F36/><W41/><G25/><T28/><D2/><U119/><E119/><V12/><F120/><W82/><G107/><T89/><D3/><U6/><E6/><V96/><F12/><W54/><G54/><T105/><D64/><U97/><AGARI ba="0,1" hai="5,10,13,19,23,26,42,47,48,76,77,95,97,102" machi="97" ten="30,4000,0" yaku="1,1,0,1,8,1,53,0" doraHai="61" doraHaiUra="118" who="1" fromWho="1" sc="250,-20,240,50,250,-10,250,-10" /><INIT seed="1,0,0,0,1,74" ten="230,290,240,240" oya="1" hai0="36,57,63,29,100,110,80,31,123,43,35,46,79" hai1="47,95,50,76,86,13,22,90,85,25,84,75,118" hai2="71,127,91,117,124,38,21,5,49,122,4,129,41" hai3="104,87,83,42,19,98,51,133,73,52,54,20,109"/><U7/><E118/><V65/><F38/><W17/><G73/><T2/><D110/><U66/><E66/><V37/><F37/><W12/><G109/><T135/><D135/><U120/><E120/><V39/><F39/><W126/><G133/><T55/><D123/><U15/><E75/><V77/><F117/><W132/><G132/><T11/><D35/><U16/><E7/><V6/><F122/><W61/><G126/><N who="2" m="48169" /><F129/><W28/><G28/><T69/><D100/><U96/><REACH who="1" step="1"/><E76/><REACH who="1" ten="230,280,240,240" step="2"/><V121/><F121/><W128/><G128/><T3/><D69/><U103/><E103/><V125/><F77/><N who="3" m="46575" /><G104/><T89/><D2/><U34/><E34/><V26/><F4/><W99/><G19/><T92/><D3/><U56/><E56/><V78/><F78/><W48/><G61/><T14/><D79/><U88/><E88/><V24/><F91/><W53/><G51/><T70/><D70/><U93/><E93/><V9/><F125/><W27/><G12/><T112/><D92/><U111/><E111/><V44/><F5/><W82/><G82/><T119/><D80/><U59/><E59/><V134/><F134/><W97/><G48/><T1/><D1/><U115/><E115/><V18/><F71/><W101/><G101/><T30/><D112/><U81/><E81/><V23/><F65/><W102/><G102/><T8/><D119/><U33/><E33/><V0/><F0/><W67/><G67/><T107/><D107/><U94/><E94/><V131/><F131/><W113/><G113/><T114/><D114/><U10/><E10/><N who="0" m="3625" /><D14/><U62/><E62/><RYUUKYOKU ba="0,1" sc="230,10,280,10,240,-30,240,10" hai0="29,30,31,36,43,46,55,57,63,89" hai1="13,15,16,22,25,47,50,84,85,86,90,95,96" hai3="17,20,27,42,52,53,54,97,98,99" /><INIT seed="1,1,1,5,5,48" ten="240,290,210,250" oya="1" hai0="56,110,61,54,105,15,106,28,25,18,72,30,50" hai1="10,89,124,47,115,85,22,100,59,98,23,122,95" hai2="86,11,126,67,133,52,101,5,24,82,87,64,39" hai3="1,80,90,132,104,94,130,99,109,66,117,57,36"/><U51/><E122/><V97/><F39/><W131/><G1/><T120/><D110/><U4/><E124/><V2/><F126/><W12/><G36/><T55/><D120/><U91/><E59/><V40/><F40/><W16/><G109/><T78/><D78/><U43/><E115/><V62/><F133/><W84/><G132/><T33/><D30/><U71/><E71/><V92/><F24/><W103/><G117/><T114/><D72/><U88/><REACH who="1" step="1"/><E85/><REACH who="1" ten="240,280,210,250" step="2"/><V83/><F87/><W107/><G57/><T125/><D114/><U35/><E35/><V7/><F86/><W37/><G66/><T119/><D125/><U134/><E134/><V81/><REACH who="2" step="1"/><F5/><REACH who="2" ten="240,280,200,250" step="2"/><W34/><G84/><T68/><D119/><U73/><E73/><V58/><AGARI ba="1,3" hai="2,7,11,52,58,62,64,67,81,82,83,92,97,101" machi="58" ten="30,16000,3" yaku="1,1,2,1,0,1,52,1,54,1,53,3" doraHai="48" doraHaiUra="77" who="2" fromWho="2" sc="240,-41,280,-81,200,193,250,-41" /><INIT seed="2,0,0,0,4,85" ten="199,199,393,209" oya="2" hai0="48,119,29,126,17,15,3,36,46,114,59,21,73" hai1="40,31,72,134,81,56,103,30,27,43,99,82,93" hai2="57,131,91,120,64,34,1,135,4,53,33,7,10" hai3="75,66,80,106,67,2,39,0,87,83,41,105,79"/><V94/><F120/><W13/><G13/><T14/><D114/><U71/><E71/><V69/><F131/><W89/><G41/><N who="1" m="15946" /><E72/><V97/><F135/><W50/><G39/><T51/><D36/><U54/><E134/><V22/><F7/><W102/><G50/><T109/><D3/><U129/><E129/><V111/><F111/><W24/><G24/><T100/><D109/><U35/><E35/><V77/><F77/><W62/><G67/><T118/><D73/><U32/><E32/><V74/><F74/><W98/><REACH who="3" step="1"/><G105/><REACH who="3" ten="199,199,393,199" step="2"/><T8/><D51/><N who="1" m="30815" /><E27/><V115/><F1/><W16/><G16/><T12/><D17/><U55/><E55/><V78/><F53/><W127/><G127/><T63/><D15/><U104/><E104/><V122/><F122/><W112/><G112/><T19/><D14/><U42/><E42/><V68/><F115/><W45/><G45/><T107/><D19/><U25/><E25/><V95/><F64/><W23/><G23/><T6/><D21/><U20/><E20/><V18/><F22/><W28/><G28/><AGARI ba="0,1" hai="28,30,31,81,82,93,99,103" m="30815,15946" machi="28" ten="30,1000,0" yaku="8,1" doraHai="85" who="1" fromWho="3" sc="199,0,199,20,393,0,199,-10" /><INIT seed="3,0,0,3,1,76" ten="199,219,393,189" oya="3" hai0="73,135,72,7,84,83,93,121,129,80,60,36,39" hai1="64,12,124,69,113,56,105,49,127,65,81,53,66" hai2="20,9,133,52,47,87,120,102,10,41,68,114,94" hai3="42,26,46,125,21,6,96,57,18,48,62,118,14"/><W70/><G125/><N who="1" m="48202" /><E113/><V50/><F68/><W122/><G122/><T77/><D121/><U22/><E105/><V3/><F114/><W71/><G118/><T35/><D72/><U115/><E115/><V58/><F3/><W117/><G117/><T8/><D135/><U4/><E81/><V1/><F133/><W108/><G108/><T89/><D129/><U111/><E111/><V90/><F1/><W128/><G128/><T126/><D126/><U17/><E4/><V106/><F120/><W97/><G71/><AGARI ba="0,0" hai="12,17,22,49,53,56,64,65,66,69,71" m="48202" machi="71" ten="30,1000,0" yaku="18,1" doraHai="76" who="1" fromWho="3" sc="199,0,219,10,393,0,189,-10" owari="199,-20.1,229,2.9,393,49.3,179,-32.1" /></mjloggm>