<mjloggm ver="2.3"><GO type="225" lobby="0"/><UN n0="%E6%9C%88%E5%B3%B6%E5%9F%BA" n1="%E5%B8%86%E7%AB%8B%E5%A4%8F%E8%A1%A3" n2="%E3%82%8F%E3%81%8B%E3%81%B0%2A%E3%82%AC%E3%83%BC%E3%83%AB" n3="%E3%81%A4%E3%81%AE%E3%81%A0%E2%98%86%E3%81%B2%E3%82%8D" dan="18,17,16,16" rate="2219.50,2219.98,2199.87,2176.00" sx="M,M,M,M"/><TAIKYOKU oya="0"/><INIT seed="0,0,0,4,2,32" ten="250,250,250,250" oya="0" hai0="120,105,19,77,43,65,50,106,39,101,26,11,68" hai1="42,134,99,88,91,47,118,16,28,62,110,85,69" hai2="73,79,13,44,46,103,67,29,114,52,123,38,34" hai3="70,76,45,36,74,6,48,102,128,4,64,108,81"/><T71/><D120/><U21/><E118/><V130/><F123/><W84/><G108/><T23/><D39/><U35/><E110/><V8/><F114/><W15/><G36/><T127/><D127/><U33/><E134/><V122/><F122/><W112/><G112/><T126/><D126/><U78/><E28/><V87/><F73/><W94/><G128/><T24/><D77/><U10/><E10/><V115/><F115/><W83/><G64/><T121/><D121/><U12/><E69/><V0/><F0/><W75/><G70/><T95/><D26/><U20/><E20/><V40/><F103/><W132/><G132/><T37/><D37/><U116/><E62/><V51/><F67/><W113/><G113/><T9/><D68/><U58/><E58/><V117/><F130/><W80/><G75/><T63/><D95/><U2/><E2/><V1/><F1/><W86/><G74/><T72/><D72/><U93/><E78/><V111/><F111/><W17/><G102/><T61/><D61/><U60/><E60/><V124/><F124/><W31/><G31/><T96/><REACH who="0" step="1"/><D106/><REACH who="0" ten="240,250,250,250" step="2"/><U104/><E116/><V82/><F117/><W27/><G27/><T41/><D41/><U3/><E104/><V55/><F34/><W66/><G94/><T57/><D57/><U56/><E56/><V7/><F29/><W119/><G119/><T98/><D98/><U54/><E42/><AGARI ba="0,1" hai="7,8,13,38,40,42,44,46,51,52,55,79,82,87" machi="42" ten="30,7700,0" yaku="7,1,25,2,54,1" doraHai="32" who="2" fromWho="1" sc="240,0,250,-77,250,87,250,0" /><INIT seed="1,0,0,1,1,89" ten="240,173,337,250" oya="1" hai0="21,45,130,87,76,123,28,53,64,77,98,52,18" hai1="47,48,108,72,120,55,3,118,62,44,54,103,35" hai2="29,69,73,46,23,94,30,33,14,92,80,93,58" hai3="17,83,124,20,31,41,15,63,24,59,90,12,126"/><U105/><E118/><V112/><F69/><W22/><G41/><T61/><D130/><U110/><E72/><V39/><F33/><W85/><REACH who="3" step="1"/><G12/><REACH who="3" ten="240,173,337,240" step="2"/><T43/><D43/><U60/><E3/><V9/><F112/><W57/><G57/><T109/><D123/><U102/><E120/><V127/><F127/><W116/><G116/><T132/><D132/><U111/><E35/><V134/><F134/><W36/><G36/><T56/><D56/><U26/><E26/><V104/><F39/><W70/><G70/><T27/><D27/><U71/><E105/><V135/><F104/><W122/><G122/><T114/><D45/><U101/><REACH who="1" step="1"/><E71/><REACH who="1" ten="240,163,337,240" step="2"/><V10/><F135/><W19/><G19/><T81/><D18/><U51/><AGARI ba="0,2" hai="44,47,48,51,54,55,60,62,101,102,103,108,110,111" machi="51" ten="40,24000,3" yaku="1,1,2,1,0,1,9,1,14,1,10,1,53,3" doraHai="89" doraHaiUra="121" who="1" fromWho="1" sc="240,-80,163,260,337,-80,240,-80" /><INIT seed="1,1,0,3,4,60" ten="160,423,257,160" oya="1" hai0="47,26,3,133,68,134,126,55,104,82,71,115,49" hai1="33,32,103,9,41,27,20,19,58,79,16,105,78" hai2="89,76,7,15,54,12,135,77,102,123,31,63,129" hai3="5,25,4,18,50,97,94,87,80,100,67,35,59"/><U36/><E36/><V124/><F123/><W44/><G35/><T42/><D3/><U6/><E41/><V69/><F129/><W21/><G59/><N who="0" m="33263" /><D104/><U11/><E105/><V101/><F124/><W29/><G29/><T84/><D26/><U2/><E103/><V53/><F31/><W39/><G39/><N who="0" m="21983" /><D115/><U90/><E90/><V131/><F135/><N who="0" m="51722" /><D126/><U113/><E113/><V125/><F125/><W37/><G37/><T108/><D108/><U112/><E112/><V114/><F114/><W109/><G109/><T10/><D10/><U85/><E85/><V17/><F7/><W98/><G98/><T70/><D84/><U93/><E33/><V64/><F131/><W111/><G111/><T88/><D88/><U83/><E32/><V62/><F89/><N who="3" m="51431" /><G67/><T65/><D82/><U38/><E93/><V72/><F72/><W34/><G34/><T117/><D117/><U127/><E127/><V75/><F75/><W73/><G73/><T99/><D99/><U52/><E83/><V91/><F91/><W96/><G96/><T13/><D13/><U107/><E107/><V30/><F30/><W86/><G86/><T74/><D74/><U23/><E9/><V48/><F17/><W1/><G1/><T121/><D121/><U130/><E130/><V132/><F132/><W116/><G116/><T118/><D118/><U110/><E110/><V61/><F101/><W45/><G45/><T128/><D128/><U43/><E20/><V81/><F102/><W46/><G46/><T106/><D106/><U66/><E23/><V56/><F76/><W40/><AGARI ba="1,0" hai="4,5,18,21,25,40,44,50,94,97,100" m="51431" machi="40" ten="30,2000,0" yaku="5,1,8,1" doraHai="60" who="3" fromWho="3" sc="160,-6,423,-11,257,-6,160,23" /><INIT seed="2,0,0,4,5,2" ten="154,412,251,183" oya="2" hai0="80,127,17,4,36,130,126,52,106,83,30,61,50" hai1="76,1,92,119,40,49,29,73,0,51,99,58,132" hai2="100,18,20,95,72,109,32,120,125,94,122,66,57" hai3="33,133,118,107,98,7,19,42,117,62,78,23,82"/><V123/><F125/><N who="0" m="47626" /><D36/><U10/><E119/><V25/><F109/><W21/><G33/><T48/><D106/><U56/><E132/><V101/><F72/><W97/><G133/><T124/><N who="0" m="47634" /><T15/><DORA hai="22" /><D130/><U14/><E29/><V86/><F32/><W47/><G62/><T27/><D61/><U121/><E121/><V102/><F66/><W38/><G23/><N who="0" m="15743" /><D4/><U53/><E76/><V43/><F43/><W35/><G35/><T24/><D24/><U16/><E73/><V93/><REACH who="2" step="1"/><F57/><REACH who="2" ten="154,412,241,183" step="2"/><W79/><G117/><T70/><D70/><U88/><E40/><V69/><F69/><W37/><G118/><T54/><D54/><AGARI ba="0,1" hai="0,1,10,14,16,49,51,53,54,56,58,88,92,99" machi="54" ten="40,5200,0" yaku="9,1,54,2" doraHai="2,22" who="1" fromWho="0" sc="154,-52,412,62,241,0,183,0" /><INIT seed="3,0,0,5,0,127" ten="102,474,241,183" oya="3" hai0="0,96,98,76,81,4,82,106,65,48,87,124,129" hai1="63,55,10,40,88,107,86,53,12,22,58,2,104" hai2="99,91,73,5,30,79,71,19,132,100,118,83,42" hai3="62,72,105,26,68,41,80,134,21,44,112,64,123"/><W17/><G105/><T128/><D65/><U11/><E40/><V120/><F118/><W43/><G112/><T114/><D0/><U39/><E39/><V126/><F71/><W70/><G123/><T101/><D4/><U119/><E119/><V14/><F126/><W37/><G134/><T25/><D124/><U77/><E77/><V130/><F30/><W116/><G116/><T95/><D114/><U74/><E74/><V47/><F91/><W125/><G125/><T23/><D48/><U93/><E22/><V89/><F89/><W108/><G108/><T3/><D3/><U56/><E10/><V18/><F5/><W38/><G68/><T110/><D110/><U32/><E32/><V16/><F132/><W90/><G90/><N who="0" m="55415" /><D23/><U66/><E2/><V85/><F73/><W121/><G121/><T61/><D61/><U36/><E36/><V15/><F120/><W113/><G113/><T75/><D25/><U20/><E20/><V31/><F31/><W49/><G43/><T33/><D33/><U111/><E111/><V6/><F6/><W54/><G41/><T1/><D1/><U50/><E66/><V57/><F57/><W59/><G70/><T45/><D45/><U122/><E122/><V117/><F117/><W60/><G60/><T133/><D133/><U9/><E9/><V13/><F47/><W8/><G8/><T34/><D34/><U109/><E109/><V29/><F42/><W84/><G44/><T46/><D46/><U135/><E135/><V131/><F29/><W97/><G62/><T27/><D27/><U78/><E78/><RYUUKYOKU ba="0,0" sc="102,10,474,10,241,10,183,-30" hai0="75,76,81,82,87,98,101,106,128,129" hai1="11,12,50,53,55,56,58,63,86,88,93,104,107" hai2="13,14,15,16,18,19,79,83,85,99,100,130,131" owari="112,-38.8,484,58.4,251,5.1,153,-24.7" /></mjloggm>