<mjloggm ver="2.3"><GO type="225" lobby="0"/><UN n0="%E6%81%A5%E6%99%92%E3%81%97" n1="%E5%91%A8%E6%9D%B1" n2="%E4%B8%89%E5%88%86%E5%B0%8F%E5%83%A7" n3="%E5%B8%86%E7%AB%8B%E5%A4%8F%E8%A1%A3" dan="17,17,16,17" rate="2110.19,2205.44,2058.00,2212.66" sx="M,M,M,M"/><TAIKYOKU oya="0"/><INIT seed="0,0,0,0,0,76" ten="250,250,250,250" oya="0" hai0="10,20,2,82,23,98,41,18,40,39,0,115,126" hai1="3,70,43,6,57,56,104,95,122,127,94,8,50" hai2="66,12,110,42,114,135,116,103,73,101,14,54,26" hai3="113,48,85,91,52,72,106,75,65,1,19,77,130"/><T55/><D115/><U32/><E104/><V71/><F114/><W28/><G113/><T133/><D126/><U31/><E70/><V47/><F73/><W134/><G130/><T112/><D112/><U97/><E122/><V45/><F110/><W62/><G134/><T36/><D133/><U61/><E127/><V4/><F116/><W51/><G1/><N who="0" m="619" /><D55/><U109/><E109/><V119/><F119/><W93/><G106/><T86/><D18/><U120/><E120/><V131/><F131/><W78/><G28/><T111/><D10/><U58/><E31/><V132/><F26/><W13/><G72/><T30/><D86/><U53/><E32/><V33/><F54/><W128/><G51/><T123/><D30/><U44/><REACH who="1" step="1"/><E95/><REACH who="1" ten="250,240,250,250" step="2"/><V99/><F33/><W35/><G35/><T60/><D123/><U29/><E29/><V21/><F71/><W81/><G128/><T121/><D121/><U64/><E64/><V15/><F66/><W68/><G75/><T100/><D111/><U89/><AGARI ba="0,1" hai="3,6,8,43,44,50,53,56,57,58,61,89,94,97" machi="89" ten="20,2700,0" yaku="1,1,0,1,7,1,53,0" doraHai="76" doraHaiUra="11" who="1" fromWho="1" sc="250,-13,240,37,250,-7,250,-7" /><INIT seed="1,0,0,4,5,111" ten="237,277,243,243" oya="1" hai0="43,34,77,36,109,95,76,35,106,2,130,91,83" hai1="122,129,51,0,46,16,64,121,113,127,107,9,57" hai2="128,40,7,108,23,25,84,44,75,12,6,3,126" hai3="101,1,125,96,15,88,14,55,124,42,47,26,52"/><U37/><E107/><V89/><F108/><W56/><G1/><T61/><D109/><U69/><E129/><V134/><F75/><W66/><G66/><T133/><D130/><U24/><E127/><N who="3" m="48714" /><G26/><T135/><D106/><U4/><E113/><V62/><F3/><W71/><G71/><T123/><D123/><U31/><E69/><V119/><F119/><W54/><G56/><T18/><D2/><U13/><E37/><V78/><F128/><W97/><G101/><T41/><D61/><U104/><E104/><V81/><F134/><W10/><G10/><T19/><D36/><U117/><E117/><V60/><F126/><W38/><G97/><T45/><D45/><U74/><E74/><V32/><F32/><W65/><G65/><T131/><D131/><U48/><E48/><N who="2" m="26631" /><F89/><W100/><G100/><T98/><D91/><U114/><E57/><V29/><F6/><W5/><G5/><T63/><D98/><U50/><E64/><V92/><F92/><AGARI ba="0,0" hai="14,15,38,42,47,52,54,55,88,92,96" m="48714" machi="92" ten="30,3900,0" yaku="18,1,54,2" doraHai="111" who="3" fromWho="2" sc="237,0,277,0,243,-39,243,39" /><INIT seed="2,0,0,0,3,129" ten="237,277,204,282" oya="2" hai0="97,87,29,70,79,134,69,100,0,112,5,51,38" hai1="23,19,122,96,39,77,43,135,133,63,55,91,42" hai2="106,116,9,127,104,92,124,64,90,16,18,113,65" hai3="47,22,94,30,61,49,131,88,80,66,111,32,52"/><V98/><F113/><W31/><G111/><T115/><D38/><U37/><E77/><V58/><F116/><W114/><G32/><T132/><D29/><U45/><E122/><V117/><F117/><W82/><G131/><T36/><D36/><U40/><E91/><V107/><F9/><W3/><G3/><T21/><D21/><U24/><E96/><V48/><F65/><W123/><G123/><T8/><D51/><N who="1" m="29167" /><E63/><N who="2" m="38007" /><F48/><W126/><G126/><AGARI ba="0,0" hai="16,18,90,92,98,104,106,107,124,126,127" m="38007" machi="126" ten="40,3900,0" yaku="18,1,54,1" doraHai="129" who="2" fromWho="3" sc="237,0,277,0,204,39,282,-39" /><INIT seed="2,1,0,1,5,30" ten="237,277,243,243" oya="2" hai0="92,132,113,34,125,79,72,115,31,69,118,14,15" hai1="111,117,114,20,19,95,73,55,23,124,4,68,78" hai2="35,126,80,106,112,12,103,11,41,18,57,87,102" hai3="47,84,3,39,56,67,77,100,29,28,42,33,27"/><V74/><F112/><W7/><G100/><T93/><D69/><U1/><E78/><V131/><F74/><W51/><G3/><T62/><D125/><U21/><E95/><V2/><F126/><W108/><G108/><T96/><D132/><U53/><E68/><V49/><F131/><W10/><G29/><T54/><D118/><U48/><E73/><V8/><F35/><W88/><G77/><T71/><D93/><U61/><E111/><V105/><F105/><W0/><G67/><T91/><D79/><U76/><E76/><N who="2" m="46471" /><F106/><W121/><G121/><T86/><D72/><U130/><E1/><V134/><F2/><W129/><G129/><T101/><D113/><U59/><E117/><V107/><F107/><W63/><G63/><T45/><D45/><N who="1" m="27791" /><E130/><V110/><F134/><W90/><REACH who="3" step="1"/><G84/><REACH who="3" ten="237,277,243,233" step="2"/><T44/><D115/><U32/><E114/><V127/><F110/><W25/><G25/><T128/><D128/><U109/><E109/><V75/><F127/><W94/><G94/><T43/><D62/><U116/><E124/><V38/><F75/><W65/><G65/><T13/><D86/><U26/><E116/><V52/><F103/><W135/><G135/><T58/><D101/><U133/><E133/><V46/><F102/><W5/><G5/><T9/><D31/><N who="1" m="19575" /><E4/><V89/><F89/><W85/><G85/><T6/><D91/><U66/><E66/><V81/><F81/><W60/><G60/><T24/><D92/><U83/><E83/><V99/><F99/><W123/><G123/><T37/><D96/><U104/><E104/><V64/><F64/><RYUUKYOKU ba="1,1" sc="237,-30,277,10,243,10,233,10" hai1="19,20,21,23,55,59,61" hai2="8,11,12,18,38,41,46,49,52,57" hai3="0,7,10,27,28,33,39,42,47,51,56,88,90" /><INIT seed="2,2,1,2,0,43" ten="207,287,253,243" oya="2" hai0="55,29,73,114,92,67,65,58,14,132,47,27,91" hai1="79,124,111,131,36,8,3,38,71,53,6,62,41" hai2="99,13,98,49,89,84,4,76,26,102,104,33,128" hai3="94,57,21,97,119,95,116,117,42,101,12,126,32"/><V7/><F128/><W0/><G126/><T86/><D132/><U11/><E124/><V74/><F99/><W24/><G0/><T112/><D73/><U108/><E131/><V60/><F13/><W15/><G32/><T75/><D75/><U35/><E35/><V2/><F2/><W83/><G95/><T31/><D112/><U5/><E79/><V90/><F90/><W121/><G121/><T130/><D114/><U113/><E113/><V120/><F120/><W23/><G83/><T20/><D130/><U25/><E25/><V78/><F78/><W51/><G23/><T34/><D34/><U135/><E135/><V37/><F37/><W44/><REACH who="3" step="1"/><G57/><REACH who="3" ten="207,287,253,233" step="2"/><T115/><D115/><U87/><E3/><V52/><F33/><W46/><G46/><T70/><D70/><U125/><E71/><V127/><F127/><W63/><G63/><T59/><D31/><AGARI ba="2,2" hai="12,15,21,24,31,42,44,51,94,97,101,116,117,119" machi="31" ten="40,2600,0" yaku="1,1,52,1,53,0" doraHai="43" doraHaiUra="54" who="3" fromWho="0" sc="207,-32,287,0,253,0,233,52" /><INIT seed="3,0,0,5,4,8" ten="175,287,253,285" oya="3" hai0="11,68,60,40,105,63,44,3,18,106,84,109,34" hai1="43,6,39,116,133,112,57,95,45,119,13,80,90" hai2="126,73,7,72,134,20,132,88,4,96,93,22,16" hai3="121,15,85,49,66,99,30,86,110,2,127,76,71"/><W38/><G121/><T32/><D109/><U62/><E112/><V24/><F126/><W83/><G38/><T131/><D131/><U69/><E69/><V120/><F120/><W26/><G2/><T113/><D84/><U27/><E27/><V123/><F123/><W48/><G127/><T54/><D54/><U100/><E100/><V79/><F22/><N who="3" m="15703" /><G71/><T129/><D129/><U118/><E80/><N who="2" m="45159" /><F73/><W75/><G75/><T58/><D113/><U128/><E128/><V102/><F102/><W17/><G110/><T67/><D60/><U64/><E133/><AGARI ba="0,0" hai="4,7,16,20,24,88,93,96,132,133,134" m="45159" machi="133" ten="30,3900,0" yaku="20,1,54,2" doraHai="8" who="2" fromWho="1" sc="175,0,287,-39,253,39,285,0" /><INIT seed="4,0,0,5,0,0" ten="175,248,292,285" oya="0" hai0="132,45,127,42,65,4,6,121,134,112,95,56,11" hai1="34,123,27,113,41,10,79,50,2,37,58,75,111" hai2="47,92,117,12,64,5,29,116,38,108,107,114,78" hai3="70,40,122,82,84,129,17,28,90,69,43,18,76"/><T19/><D121/><U48/><E123/><V98/><F107/><W85/><G122/><T54/><D65/><U14/><E111/><V26/><F114/><W52/><G129/><T61/><D112/><U33/><E113/><V8/><F108/><W53/><G28/><T62/><D62/><U83/><E27/><V20/><F78/><W44/><G69/><T104/><D104/><U35/><E58/><V67/><F38/><W119/><G70/><T31/><D31/><U94/><E94/><V124/><F47/><W128/><G119/><N who="2" m="45641" /><F124/><W86/><G128/><T110/><D127/><U109/><E109/><V16/><F29/><W55/><G85/><T77/><D77/><U30/><E30/><V22/><F22/><W96/><G96/><T97/><D110/><U51/><E2/><V101/><AGARI ba="0,0" hai="5,8,12,16,20,26,64,67,92,98,101" m="45641" machi="101" ten="30,4000,0" yaku="12,1,52,1,54,1" doraHai="0" who="2" fromWho="2" sc="175,-20,248,-10,292,40,285,-10" owari="155,-34.5,238,-16.2,332,43.2,275,7.5" /></mjloggm>