<mjloggm ver="2.3"><GO type="225" lobby="0"/><UN n0="%E3%83%96%E3%83%83%E3%83%91%E3%82%AA%E3%83%96%E3%83%81%E3%82%AD%E3%83%B3" n1="%E6%9C%88%E5%B3%B6%E5%9F%BA" n2="%E9%A6%AC%E5%BC%95%E7%81%AB%33" n3="%E3%83%81%E3%83%A7%E3%83%99%E3%83%83%E3%82%AF" dan="16,16,17,16" rate="2202.84,2161.89,2127.61,2139.58" sx="M,M,M,M"/><TAIKYOKU oya="0"/><INIT seed="0,0,0,4,0,111" ten="250,250,250,250" oya="0" hai0="102,101,128,100,20,116,70,24,16,69,127,15,104" hai1="51,73,132,47,83,109,38,6,11,120,8,52,61" hai2="3,31,58,35,23,123,89,105,33,12,29,1,50" hai3="62,74,112,96,44,88,131,76,118,68,81,4,10"/><T115/><BYE who="2" /><D116/><U17/><E120/><V107/><F107/><W85/><G118/><UN n2="%E9%A6%AC%E5%BC%95%E7%81%AB%33" /><T98/><D127/><U97/><E109/><V14/><F123/><W129/><G68/><T87/><D128/><N who="3" m="49225" /><G62/><T130/><D130/><U13/><E132/><V66/><F105/><W34/><G44/><T90/><D115/><U22/><E38/><V121/><F121/><W26/><G96/><T63/><D70/><U40/><E97/><V5/><F89/><W67/><G67/><T54/><D54/><U56/><REACH who="1" step="1"/><E6/><REACH who="1" ten="250,240,250,250" step="2"/><V108/><F108/><W60/><G112/><T79/><D79/><AGARI ba="0,1" hai="8,11,13,17,22,40,47,51,52,56,61,73,79,83" machi="79" ten="40,8000,1" yaku="1,1,2,1,54,1,53,1" doraHai="111" doraHaiUra="41" who="1" fromWho="0" sc="250,-80,240,90,250,0,250,0" /><INIT seed="1,0,0,2,3,24" ten="170,330,250,250" oya="1" hai0="40,64,57,99,33,72,44,135,120,113,81,90,123" hai1="39,63,93,49,91,134,32,133,38,129,13,122,61" hai2="124,22,46,53,127,71,62,23,128,28,21,87,41" hai3="89,130,54,98,70,94,9,56,97,83,132,17,100"/><U85/><E122/><N who="0" m="46633" /><D113/><U80/><E32/><V25/><F128/><W73/><G70/><T104/><D135/><N who="1" m="51723" /><E129/><V79/><F79/><W3/><G130/><T88/><D33/><U74/><E49/><V117/><F117/><W102/><G132/><T68/><D68/><U69/><E13/><V47/><F87/><W1/><G3/><T66/><D72/><U67/><E63/><V50/><F71/><W77/><G98/><T75/><D75/><U18/><E18/><V58/><REACH who="2" step="1"/><F47/><REACH who="2" ten="170,330,240,250" step="2"/><W12/><REACH who="3" step="1"/><G1/><REACH who="3" ten="170,330,240,240" step="2"/><T2/><D2/><U37/><E74/><V19/><F19/><W96/><G96/><T108/><D99/><U8/><E69/><V11/><F11/><W7/><G7/><T125/><D44/><U5/><E8/><V30/><F30/><W6/><G6/><T126/><D126/><AGARI ba="0,2" hai="21,22,23,25,28,41,46,50,53,58,62,124,126,127" machi="126" ten="40,5200,0" yaku="1,1,18,1,52,1,53,0" doraHai="24" doraHaiUra="86" who="2" fromWho="0" sc="170,-52,330,0,240,72,240,0" /><INIT seed="2,0,0,3,2,45" ten="118,330,312,240" oya="2" hai0="95,2,25,20,46,129,33,134,77,0,47,5,118" hai1="94,121,92,50,107,119,31,117,63,93,49,24,18" hai2="82,122,30,28,128,72,71,67,130,38,6,120,62" hai3="73,13,98,115,131,132,16,80,81,14,127,90,27"/><V35/><F6/><W23/><G131/><N who="2" m="50217" /><F38/><W109/><G73/><T106/><D106/><U40/><E107/><V9/><F9/><W123/><G123/><N who="2" m="47145" /><F35/><W104/><G132/><T32/><D129/><U26/><E121/><V112/><F112/><W64/><G127/><T74/><D134/><U135/><E135/><V34/><F34/><W54/><G64/><T29/><D118/><U79/><E79/><AGARI ba="0,0" hai="28,30,62,67,71,72,79,82" m="47145,50217" machi="79" ten="30,1500,0" yaku="19,1" doraHai="45" who="2" fromWho="1" sc="118,0,330,-15,312,15,240,0" /><INIT seed="2,1,0,3,2,82" ten="118,315,327,240" oya="2" hai0="84,64,67,45,96,81,124,38,101,70,87,104,51" hai1="128,76,116,125,1,112,68,113,63,56,98,50,126" hai2="28,86,66,114,33,55,57,69,19,49,78,53,31" hai3="26,39,36,52,32,133,105,93,24,16,30,79,109"/><V107/><F114/><N who="1" m="44137" /><E1/><V22/><F107/><W90/><G105/><T130/><D130/><U132/><E76/><V27/><F69/><W25/><G133/><T129/><D129/><U13/><E13/><V111/><F66/><W117/><G117/><T6/><D124/><N who="1" m="47723" /><E128/><V71/><F71/><W102/><G102/><T100/><D100/><U29/><E29/><V61/><F111/><W73/><G39/><T131/><D131/><U72/><E98/><V21/><F33/><W83/><G36/><T135/><D135/><U47/><E72/><V60/><F28/><W37/><G37/><T54/><D6/><U3/><E3/><V127/><F127/><W65/><G65/><T97/><D97/><U77/><E77/><V89/><F55/><W20/><G52/><T42/><D81/><U10/><E10/><V85/><F78/><W5/><G109/><T92/><D104/><U46/><E132/><V9/><F9/><W23/><G5/><T88/><D101/><U99/><E99/><V62/><F89/><W4/><G4/><T119/><D119/><U41/><E116/><V40/><F40/><W18/><G90/><T2/><D2/><U35/><E35/><V94/><F94/><AGARI ba="1,0" hai="16,18,20,23,24,25,26,30,32,73,79,83,93,94" machi="94" ten="40,2600,0" yaku="9,1,54,1" doraHai="82" who="3" fromWho="2" sc="118,0,315,0,327,-29,240,29" /><INIT seed="3,0,0,5,3,68" ten="118,315,298,269" oya="3" hai0="72,86,118,105,18,48,54,100,125,110,132,67,49" hai1="134,26,43,101,94,32,99,71,57,0,74,46,73" hai2="111,16,36,31,122,66,3,115,80,95,87,38,19" hai3="79,128,133,82,29,77,62,63,113,30,10,121,28"/><W15/><G113/><T114/><D86/><U24/><E71/><V39/><F115/><W92/><G121/><T103/><D18/><U53/><E0/><V58/><F122/><W78/><G128/><T59/><D67/><U61/><E134/><V126/><F111/><W104/><G104/><T33/><D100/><U81/><E32/><V2/><F126/><W116/><G116/><T69/><D54/><U130/><E130/><V109/><F109/><W97/><G82/><T117/><D49/><U35/><E35/><V17/><F31/><W27/><G27/><T4/><D48/><U22/><E81/><V120/><F120/><W11/><G133/><T5/><D59/><U42/><E42/><V98/><F58/><W41/><G41/><T8/><D8/><U60/><E60/><V55/><F55/><W70/><G70/><T93/><D93/><U96/><E96/><V131/><F66/><W88/><REACH who="3" step="1"/><G10/><REACH who="3" ten="118,315,298,259" step="2"/><T34/><D103/><U90/><E101/><V21/><F131/><W84/><G84/><T89/><D118/><U91/><E26/><V65/><F21/><W127/><G127/><T44/><D125/><U9/><E9/><V135/><F135/><W75/><G75/><T47/><D117/><U12/><E74/><V119/><F119/><W45/><G45/><T108/><D72/><U14/><E73/><V107/><F107/><W51/><G51/><T6/><D132/><U7/><E46/><N who="0" m="17449" /><D114/><U112/><E112/><V13/><F87/><W85/><G85/><T1/><D110/><U102/><E24/><V40/><F80/><W37/><G37/><RYUUKYOKU ba="0,1" sc="118,-10,315,-10,298,-10,259,30" hai3="11,15,28,29,30,62,63,77,78,79,88,92,97" /><INIT seed="3,1,1,1,5,61" ten="108,305,288,289" oya="3" hai0="44,117,24,5,46,124,130,22,41,106,122,71,113" hai1="114,52,88,131,39,112,68,56,3,53,100,32,85" hai2="84,23,125,103,55,13,77,91,120,135,16,104,119" hai3="1,128,92,86,58,26,25,95,74,80,123,15,21"/><W67/><G1/><T11/><D117/><U10/><E68/><V38/><F119/><W126/><G74/><T133/><D122/><U90/><E39/><V4/><F38/><W82/><G128/><T30/><D124/><U2/><E32/><V96/><F125/><W35/><G35/><T134/><D130/><U89/><E131/><V29/><F120/><W121/><G126/><T79/><D113/><U14/><E100/><V65/><F135/><W49/><G123/><T87/><D106/><U101/><E101/><V64/><F77/><W116/><G116/><T83/><D71/><U107/><E107/><V20/><F4/><W43/><G82/><T19/><D30/><U12/><E85/><V94/><REACH who="2" step="1"/><F55/><REACH who="2" ten="108,305,278,289" step="2"/><N who="3" m="32111" /><G121/><T0/><REACH who="0" step="1"/><D41/><REACH who="0" ten="98,305,278,289" step="2"/><U127/><E127/><V40/><F40/><W45/><G43/><T93/><D93/><U17/><E112/><V98/><F98/><W66/><G95/><T48/><D48/><U34/><E114/><V47/><F47/><W115/><G92/><T37/><D37/><U51/><E51/><V57/><F57/><W33/><G45/><T9/><D9/><U36/><E56/><V73/><F73/><W6/><G115/><T27/><D27/><AGARI ba="1,3" hai="13,16,20,23,27,29,64,65,84,91,94,96,103,104" machi="27" ten="40,12000,2" yaku="1,1,52,2,54,1,53,2" doraHai="61" doraHaiUra="18" who="2" fromWho="0" sc="98,-123,305,0,278,153,289,0" owari="-25,-52.5,305,10.5,431,53.1,289,-11.1" /></mjloggm>