<mjloggm ver="2.3"><GO type="225" lobby="0"/><UN n0="%E7%99%BD%E6%98%BC%E9%87%8C%E7%9A%84%E5%A4%9C" n1="%E7%99%BD%E5%80%89%E5%AF%9B%E4%B9%8B" n2="%E3%81%8B%E3%82%8F%E3%81%A1%E3%82%83%E3%82%93%35%38" n3="%E5%85%88%E7%89%A9%E3%81%AF%74%72%61%73%68" dan="16,16,16,17" rate="2087.09,2143.25,2154.41,2144.93" sx="M,M,M,M"/><TAIKYOKU oya="0"/><INIT seed="0,0,0,2,1,58" ten="250,250,250,250" oya="0" hai0="120,7,86,109,29,41,18,101,34,119,131,3,32" hai1="69,21,114,23,126,49,67,113,4,89,8,62,38" hai2="36,42,122,48,73,91,57,53,96,85,59,128,124" hai3="97,130,127,40,15,83,98,51,33,104,52,11,78"/><T17/><D119/><U10/><E38/><V6/><F73/><W55/><G33/><T133/><D120/><U100/><E126/><V135/><F122/><W64/><G127/><T117/><D117/><U37/><E37/><V84/><F124/><W28/><G28/><T24/><D131/><U118/><E118/><V31/><F128/><W72/><G130/><T87/><D133/><U94/><E100/><V56/><F135/><W105/><G64/><T99/><D34/><U75/><E49/><V9/><F31/><W95/><G40/><T46/><D109/><U25/><E75/><V112/><F112/><N who="1" m="43113" /><E25/><V12/><F42/><W76/><G76/><T123/><D123/><U63/><E63/><V71/><F71/><W121/><G121/><T45/><D45/><U106/><E106/><V92/><REACH who="2" step="1"/><F36/><REACH who="2" ten="250,250,240,250" step="2"/><W27/><G72/><T13/><D41/><U66/><E66/><V90/><F90/><W47/><G55/><T0/><D29/><U39/><E39/><V16/><F16/><W5/><G52/><T60/><D18/><U134/><E134/><V14/><F14/><W2/><G15/><T77/><D17/><U132/><E132/><V74/><F74/><W80/><G78/><T65/><D13/><N who="1" m="5255" /><E10/><V111/><F111/><W115/><G11/><T81/><D77/><U44/><E44/><AGARI ba="0,1" hai="6,9,12,44,48,53,56,57,59,84,85,91,92,96" machi="44" ten="40,5200,0" yaku="1,1,8,1,53,1" doraHai="58" doraHaiUra="43" who="2" fromWho="1" sc="250,0,250,-52,240,62,250,0" /><INIT seed="1,0,0,5,5,28" ten="250,198,302,250" oya="1" hai0="49,27,127,79,16,11,45,18,36,129,109,96,113" hai1="46,17,108,99,89,94,134,10,82,119,52,101,14" hai2="103,126,93,47,78,97,58,105,86,65,111,34,40" hai3="91,72,83,125,118,39,54,107,100,60,3,59,76"/><U133/><E119/><V26/><F111/><W4/><G125/><T87/><D113/><U43/><E108/><V131/><F126/><W75/><G118/><T19/><D36/><U66/><E66/><V110/><F110/><W41/><G75/><T71/><D71/><U128/><E128/><V64/><F131/><W57/><G91/><T0/><D129/><U74/><E74/><V7/><F7/><W42/><G59/><T67/><D67/><U33/><E33/><V8/><F8/><W115/><G115/><T50/><D109/><U2/><E2/><V85/><F105/><W104/><G100/><T30/><D50/><N who="1" m="28759" /><E43/><V1/><F1/><W135/><G135/><N who="1" m="51722" /><E82/><V95/><F64/><W130/><G42/><T13/><D0/><U98/><E101/><V55/><F65/><W81/><G81/><N who="0" m="47551" /><D127/><U24/><E24/><V62/><F26/><W117/><G117/><T132/><D132/><U53/><E53/><V122/><F34/><W102/><G102/><T63/><D96/><AGARI ba="0,0" hai="10,14,17,89,94,96,98,99" m="51722,28759" machi="96" ten="30,2900,0" yaku="20,1,54,1" doraHai="28" who="1" fromWho="0" sc="250,-29,198,29,302,0,250,0" /><INIT seed="1,1,0,4,3,32" ten="221,227,302,250" oya="1" hai0="74,4,78,47,89,123,11,132,15,58,130,12,64" hai1="84,101,59,2,107,103,129,29,126,81,72,39,57" hai2="87,105,113,116,131,67,40,9,79,34,114,31,120" hai3="119,66,80,125,16,7,21,54,49,28,19,97,62"/><U76/><E39/><V68/><F116/><W33/><G119/><T69/><D123/><U77/><E29/><V85/><F120/><W22/><G125/><T42/><D130/><U110/><E126/><V8/><F105/><W75/><G33/><T36/><D89/><U63/><E129/><V95/><F131/><W104/><G7/><T117/><D117/><U88/><E110/><V60/><F40/><W25/><G75/><T17/><D58/><U98/><E103/><V27/><F95/><W50/><G80/><N who="0" m="45143" /><D17/><U135/><E135/><V13/><F8/><W6/><G6/><T10/><D10/><U86/><E86/><V35/><F35/><W71/><G54/><T128/><D128/><U23/><E23/><V96/><F96/><W48/><REACH who="3" step="1"/><G22/><REACH who="3" ten="221,227,302,240" step="2"/><T70/><D132/><U53/><E72/><V124/><F124/><W121/><G121/><T3/><D64/><U61/><E2/><V56/><F79/><W30/><G30/><T46/><D46/><U0/><E0/><V109/><F109/><W118/><G118/><T122/><D122/><U91/><E77/><V73/><F73/><W43/><G43/><T92/><D92/><U37/><E37/><V99/><F31/><W45/><G45/><T5/><D5/><U111/><E111/><V83/><F34/><W41/><G41/><T106/><D106/><U100/><E100/><AGARI ba="1,1" hai="16,19,21,25,28,48,49,50,62,66,71,97,100,104" machi="100" ten="40,2600,0" yaku="1,1,54,1,53,0" doraHai="32" doraHaiUra="55" who="3" fromWho="1" sc="221,0,227,-29,302,0,240,39" /><INIT seed="2,0,0,1,4,92" ten="221,198,302,279" oya="2" hai0="122,106,56,133,22,83,43,52,72,65,28,126,78" hai1="73,18,42,16,104,82,86,135,19,70,96,71,41" hai2="115,13,108,27,51,49,12,95,68,1,101,14,125" hai3="0,105,93,62,118,100,55,29,124,17,11,32,2"/><V21/><F115/><W46/><G118/><T94/><D122/><U112/><E73/><V87/><F1/><W74/><G74/><T121/><D106/><U25/><E112/><V50/><F68/><W88/><G124/><T39/><D121/><U6/><E135/><V91/><F108/><W90/><G105/><T119/><D119/><U15/><E25/><V38/><F38/><W79/><G79/><T48/><D65/><U120/><E120/><V103/><REACH who="2" step="1"/><F125/><REACH who="2" ten="221,198,292,279" step="2"/><W113/><G0/><T40/><D126/><U116/><E116/><V131/><F131/><W59/><G2/><T114/><D114/><U44/><E71/><V109/><F109/><W75/><G113/><T76/><D39/><U3/><E70/><V23/><F23/><W60/><G32/><T102/><D133/><U57/><E3/><V128/><F128/><W130/><G130/><T127/><D127/><U132/><E132/><V26/><F26/><W9/><G11/><T36/><D36/><U107/><E15/><V7/><F7/><W69/><G9/><T54/><D22/><U98/><E6/><V58/><F58/><W63/><G59/><T84/><D28/><AGARI ba="0,1" hai="12,13,14,21,27,28,49,50,51,87,91,95,101,103" machi="28" ten="40,3900,0" yaku="1,1,8,1,53,0" doraHai="92" doraHaiUra="35" who="2" fromWho="0" sc="221,-39,198,0,292,49,279,0" /><INIT seed="2,1,0,0,0,88" ten="182,198,341,279" oya="2" hai0="46,77,66,104,126,55,127,82,2,64,81,0,117" hai1="75,20,131,51,102,44,79,101,119,85,73,98,71" hai2="113,43,37,93,23,69,32,10,50,76,53,124,110" hai3="40,87,90,25,13,122,28,12,11,57,116,1,91"/><V39/><F32/><W100/><G116/><T38/><D104/><U54/><E71/><V47/><F113/><W14/><G122/><T59/><D117/><U129/><E119/><V78/><F69/><W134/><G134/><T42/><D64/><U89/><E20/><V4/><F37/><W60/><G100/><T19/><D66/><U30/><E30/><V108/><F23/><W65/><G40/><T34/><D34/><U132/><E132/><V123/><F123/><W5/><REACH who="3" step="1"/><G87/><REACH who="3" ten="182,198,341,269" step="2"/><T67/><D67/><U24/><E102/><V111/><F43/><W3/><G3/><T95/><D0/><U135/><E135/><V72/><F72/><W63/><G63/><T115/><D2/><U118/><E118/><V62/><F62/><W15/><N who="3" m="3072" /><DORA hai="109" /><W121/><G121/><T52/><D115/><U83/><E24/><V18/><F110/><W97/><G97/><T26/><D26/><U61/><E61/><V48/><F111/><W6/><G6/><T27/><D27/><U36/><E75/><V35/><F4/><W107/><G107/><T41/><D41/><U133/><E133/><V17/><F108/><W114/><G114/><T8/><D126/><U70/><E70/><V9/><F124/><W94/><G94/><T16/><D127/><U99/><E99/><V96/><F96/><W92/><G92/><T130/><D95/><N who="1" m="54703" /><E36/><V33/><F93/><W106/><G106/><T84/><D38/><U68/><E68/><V58/><F39/><W80/><G80/><T29/><D82/><U21/><E83/><V49/><F50/><W120/><G120/><RYUUKYOKU ba="1,1" sc="182,-10,198,-10,341,-10,269,30" hai3="1,5,11,25,28,57,60,65,90,91" /><INIT seed="3,2,1,5,2,113" ten="172,188,331,299" oya="3" hai0="71,9,20,56,50,123,40,76,49,7,85,72,66" hai1="23,5,79,16,19,105,51,102,92,135,121,111,38" hai2="78,88,81,117,70,17,60,36,10,15,42,48,94" hai3="98,28,132,77,82,18,128,95,37,59,35,41,52"/><W96/><G132/><T11/><D72/><U122/><E38/><V109/><F117/><W83/><G128/><T26/><D71/><U89/><E135/><V110/><F36/><W22/><G35/><T84/><D123/><U1/><E111/><N who="2" m="42507" /><F48/><N who="0" m="18538" /><D40/><U100/><E79/><V8/><F42/><W63/><G28/><N who="0" m="17479" /><D7/><U86/><E51/><V65/><F15/><W87/><G83/><N who="0" m="47207" /><D85/><U107/><E107/><V104/><F17/><W126/><G126/><T29/><D29/><U46/><E46/><V64/><F64/><W93/><G41/><T106/><D106/><U25/><E19/><V90/><F104/><W68/><G68/><T134/><D134/><U127/><E127/><V32/><F32/><W24/><G37/><T57/><D57/><U114/><E114/><V21/><F21/><W39/><G39/><T91/><D91/><N who="2" m="34858" /><F94/><AGARI ba="2,1" hai="18,22,24,52,59,63,77,82,87,93,94,95,96,98" machi="94" ten="40,3900,0" yaku="8,1,54,1" doraHai="113" who="3" fromWho="2" sc="172,0,188,0,331,-45,299,55" owari="172,-32.8,188,-21.2,286,8.6,354,45.4" /></mjloggm>