<mjloggm ver="2.3"><GO type="225" lobby="0"/><UN n0="%E9%A6%AC%E5%BC%95%E7%81%AB%33" n1="%E3%81%95%E3%81%8D%E3%81%9F%E3%81%BE%E6%9E%97%E6%AA%8E" n2="%E3%83%96%E3%83%83%E3%83%91%E3%82%AA%E3%83%96%E3%83%81%E3%82%AD%E3%83%B3" n3="%70%6F%69%73%6F%6E%30%32" dan="16,16,16,16" rate="2128.39,2102.97,2157.90,2075.95" sx="M,M,M,M"/><TAIKYOKU oya="0"/><INIT seed="0,0,0,2,5,28" ten="250,250,250,250" oya="0" hai0="10,70,112,59,133,76,17,52,18,124,95,47,55" hai1="125,126,9,106,32,72,129,61,13,54,114,82,83" hai2="135,33,1,30,62,100,41,81,92,63,68,108,67" hai3="103,109,38,35,29,31,66,94,117,130,104,45,53"/><T88/><D112/><U77/><E129/><V40/><F1/><W8/><G109/><T119/><D119/><U15/><E106/><V110/><F135/><W73/><G104/><T39/><D70/><U42/><E42/><V3/><F3/><W16/><G73/><T115/><D115/><U46/><E114/><V90/><F63/><W19/><G130/><T85/><D133/><U91/><E15/><V6/><F6/><W99/><G66/><T14/><D124/><U69/><E46/><V78/><F100/><W64/><G64/><T60/><D76/><U44/><E69/><V127/><F127/><W36/><G31/><T21/><D39/><U2/><E2/><V80/><F41/><W107/><G107/><T48/><D21/><U134/><E32/><V4/><F4/><AGARI ba="0,0" hai="4,10,14,17,18,47,48,52,55,59,60,85,88,95" machi="4" ten="30,11600,0" yaku="7,1,8,1,54,2" doraHai="28" who="0" fromWho="2" sc="250,116,250,0,250,-116,250,0" /><INIT seed="0,1,0,5,1,21" ten="366,250,134,250" oya="0" hai0="0,60,104,52,81,72,35,38,66,76,28,113,45" hai1="25,7,6,120,23,68,106,129,98,95,37,34,53" hai2="27,127,51,56,112,117,65,83,85,10,105,69,16" hai3="111,1,130,46,77,91,2,109,101,62,80,99,15"/><T47/><D113/><U71/><E120/><V33/><F112/><W107/><G130/><T24/><D0/><U30/><E37/><V9/><F105/><W125/><G125/><T92/><D104/><U119/><E106/><V108/><F127/><W20/><G62/><T22/><D35/><U100/><E129/><V42/><F117/><W132/><G91/><T102/><D38/><U32/><E119/><V59/><F108/><N who="3" m="41547" /><G46/><T61/><D61/><U3/><E3/><V5/><F69/><W133/><G2/><T57/><D52/><U88/><E71/><V40/><F65/><W128/><G1/><T17/><D17/><U55/><E68/><V36/><F36/><W48/><G48/><T29/><D29/><U13/><E34/><V49/><F33/><W90/><G90/><T115/><D115/><U50/><E55/><V116/><F116/><W63/><G63/><T78/><D76/><U54/><E53/><V67/><F67/><W31/><G128/><T19/><D19/><U135/><E135/><V74/><F16/><N who="3" m="10271" /><G31/><T8/><D8/><U75/><E32/><V96/><F9/><W73/><AGARI ba="1,0" hai="73,77,80,99,101,107,132,133" m="10271,41547" machi="73" ten="30,2000,0" yaku="14,1,54,1" doraHai="21" who="3" fromWho="3" sc="366,-11,250,-6,134,-6,250,23" /><INIT seed="1,0,0,1,1,103" ten="355,244,128,273" oya="1" hai0="80,65,19,56,14,118,50,6,127,18,123,108,126" hai1="51,122,60,69,128,92,135,15,64,125,82,13,97" hai2="67,91,72,44,42,86,130,48,131,5,89,70,133" hai3="111,68,1,78,25,39,46,71,38,58,33,94,9"/><U32/><E32/><V99/><F72/><W11/><G111/><T101/><D108/><U4/><E122/><V59/><F133/><W88/><G78/><T95/><D118/><U31/><E135/><V45/><F70/><W63/><G71/><T74/><D123/><U52/><E128/><V119/><F119/><W54/><G68/><T73/><D6/><U109/><E125/><N who="0" m="47625" /><D80/><U23/><E109/><V105/><F5/><W124/><G1/><T20/><D18/><U49/><E49/><V62/><F45/><W107/><G107/><T57/><D57/><U84/><E4/><V36/><F36/><W75/><G75/><T132/><D132/><U87/><E31/><V41/><F41/><W24/><G24/><T77/><D77/><U47/><E23/><V81/><REACH who="2" step="1"/><F91/><REACH who="2" ten="355,244,118,273" step="2"/><W90/><G124/><T83/><D74/><U29/><E69/><V104/><F104/><W27/><G90/><T114/><D73/><U113/><E113/><V112/><F112/><W30/><G39/><T43/><D43/><U10/><E47/><V121/><F121/><W106/><G106/><T116/><D116/><U26/><E15/><V76/><F76/><W12/><G46/><T0/><D14/><U117/><E117/><V134/><F134/><W40/><G38/><T37/><D37/><U102/><E13/><V2/><F2/><W17/><G40/><T61/><D0/><U7/><E7/><V28/><F28/><W8/><REACH who="3" step="1"/><G27/><REACH who="3" ten="355,244,118,263" step="2"/><T66/><D114/><U98/><E26/><V21/><F21/><W3/><G3/><T55/><D20/><U22/><E22/><RYUUKYOKU ba="0,2" sc="355,-15,244,-15,118,15,263,15" hai2="42,44,48,59,62,67,81,86,89,99,105,130,131" hai3="8,9,11,12,17,25,30,33,54,58,63,88,94" /><INIT seed="2,1,2,0,4,101" ten="340,229,133,278" oya="2" hai0="47,7,72,121,102,30,82,62,20,111,15,56,119" hai1="39,27,99,110,45,19,34,4,86,96,37,103,84" hai2="54,98,126,93,123,106,25,59,133,22,53,64,24" hai3="41,130,94,97,44,46,108,120,135,36,63,61,124"/><V81/><F123/><W23/><G120/><T57/><D121/><U95/><E4/><V114/><F114/><W28/><G108/><T10/><D111/><U16/><E110/><V49/><F126/><W18/><G124/><T52/><D102/><U48/><E34/><V78/><F133/><W11/><G135/><T3/><D119/><U14/><E27/><V128/><F128/><W66/><G28/><T127/><D127/><U90/><E86/><V68/><F68/><W33/><G33/><T21/><D30/><U118/><E118/><V67/><F106/><W13/><G46/><T112/><D112/><U40/><E99/><V125/><F125/><W32/><G32/><T129/><D129/><U5/><E5/><V89/><F25/><W104/><G104/><T113/><D113/><U60/><E60/><V92/><F92/><W26/><G66/><T38/><D57/><U0/><E0/><V115/><F54/><W105/><G105/><T109/><D15/><U88/><E90/><V107/><F107/><W131/><G131/><T80/><D80/><U75/><E75/><V43/><F43/><W85/><G85/><T134/><D109/><U83/><REACH who="1" step="1"/><E19/><REACH who="1" ten="340,219,133,278" step="2"/><N who="2" m="12383" /><F115/><W42/><G130/><T2/><D2/><U1/><E1/><V87/><AGARI ba="1,3" hai="49,53,59,64,67,78,81,87,89,93,98" m="12383" machi="87" ten="30,1500,0" yaku="8,1" doraHai="101" who="2" fromWho="2" sc="340,-6,219,-6,133,48,278,-6" /><INIT seed="2,2,0,1,3,127" ten="334,213,181,272" oya="2" hai0="62,107,57,77,5,36,105,123,90,3,89,81,128" hai1="122,56,103,31,97,82,115,130,13,53,112,23,19" hai2="98,72,49,48,10,111,39,38,21,45,108,6,7" hai3="102,129,46,134,71,106,28,61,87,22,17,1,47"/><V120/><F72/><W70/><G1/><T64/><D123/><U50/><E122/><V85/><F120/><W83/><G134/><T135/><D36/><N who="2" m="13866" /><F85/><W44/><G28/><T67/><D67/><U68/><E68/><V110/><F10/><W119/><G119/><T80/><D135/><U69/><E69/><V95/><F21/><W32/><G32/><T114/><D114/><U74/><E31/><V109/><N who="2" m="27648" /><DORA hai="65" /><V92/><F92/><W25/><G25/><T33/><BYE who="3" /><D33/><U15/><E15/><V63/><F63/><UN n3="%70%6F%69%73%6F%6E%30%32" /><W132/><G132/><T51/><D62/><U60/><E60/><V14/><F14/><W29/><G61/><T35/><D35/><U8/><E8/><V100/><F49/><W121/><G121/><T88/><D51/><U27/><E13/><V66/><F66/><W84/><G29/><T96/><D64/><U124/><E115/><V133/><F133/><W126/><G126/><T30/><D30/><U41/><E124/><V16/><F16/><W86/><G83/><T0/><D80/><U42/><E50/><V9/><F9/><W79/><G79/><T73/><D81/><U26/><E19/><V20/><F20/><W113/><G113/><T131/><D77/><U18/><E23/><V125/><F125/><W93/><G93/><T104/><D3/><U43/><E18/><V52/><AGARI ba="2,0" hai="6,7,45,48,52,95,98,100" m="27648,13866" machi="52" ten="60,11700,0" yaku="14,1,10,1,54,1" doraHai="127,65" who="2" fromWho="2" sc="334,-41,213,-41,181,123,272,-41" /><INIT seed="2,3,0,3,3,13" ten="293,172,304,231" oya="2" hai0="5,59,79,45,15,8,103,68,132,93,124,122,114" hai1="85,27,82,50,54,81,29,128,74,80,94,46,33" hai2="63,71,51,67,62,118,105,48,90,25,104,21,113" hai3="86,115,53,129,40,57,49,100,109,14,110,102,116"/><V120/><F113/><W35/><G116/><T87/><D114/><U92/><E128/><V28/><F118/><W43/><G35/><T18/><D122/><U121/><E121/><V130/><F120/><W112/><G129/><T117/><D68/><U19/><E74/><V23/><F130/><W16/><G86/><T0/><D117/><U58/><E33/><V9/><F63/><W6/><G6/><T47/><D124/><U69/><E69/><V20/><F9/><W10/><G115/><T126/><D126/><U123/><E123/><V119/><F119/><W31/><G31/><T77/><D132/><U22/><E29/><V84/><F105/><W38/><G112/><T108/><D108/><N who="3" m="41577" /><G38/><T64/><D59/><U17/><E85/><V111/><F104/><W131/><G131/><T34/><D64/><U134/><E134/><V135/><F135/><W56/><G56/><T91/><D103/><AGARI ba="3,0" hai="10,14,16,40,43,49,53,57,100,102,103" m="41577" machi="103" ten="30,3900,0" yaku="14,1,52,1,54,1" doraHai="13" who="3" fromWho="0" sc="293,-48,172,0,304,0,231,48" /><INIT seed="3,0,0,4,5,134" ten="245,172,304,279" oya="3" hai0="13,46,113,21,123,45,76,68,33,98,19,61,12" hai1="17,88,114,49,30,99,6,38,72,58,14,26,5" hai2="130,104,109,43,101,131,107,10,36,74,110,18,81" hai3="60,52,40,93,11,84,83,24,22,53,71,97,48"/><W64/><G11/><T118/><D118/><U82/><E38/><V129/><F36/><W127/><G40/><T31/><D123/><U79/><E114/><V89/><F43/><W37/><G37/><T16/><D113/><U120/><E120/><V8/><F101/><W87/><G127/><T103/><D76/><U70/><E70/><V54/><F54/><W63/><G63/><T90/><D90/><U128/><E128/><V96/><F96/><W39/><G39/><T28/><D33/><U126/><E126/><V92/><F8/><W78/><G87/><T116/><D116/><U47/><E58/><V100/><F100/><W35/><G35/><T59/><D68/><U42/><E26/><V34/><F34/><W25/><G48/><T77/><D77/><U132/><E30/><N who="0" m="11305" /><D103/><U86/><E99/><N who="2" m="57743" /><F74/><W27/><REACH who="3" step="1"/><G22/><REACH who="3" ten="245,172,304,269" step="2"/><N who="0" m="11527" /><D98/><U117/><E117/><V80/><F109/><W4/><G4/><T0/><D0/><U66/><E132/><V105/><F110/><W41/><G41/><T133/><D133/><U95/><REACH who="1" step="1"/><E66/><AGARI ba="0,1" hai="13,19,21,45,46,59,61,66" m="11527,11305" machi="66" ten="30,2000,0" yaku="8,1,54,1" doraHai="134" who="0" fromWho="1" sc="245,30,172,-20,304,0,269,0" owari="275,7.5,152,-34.8,304,40.4,269,-13.1" /></mjloggm>