<mjloggm ver="2.3"><GO type="225" lobby="0"/><UN n0="%E3%82%A4%E3%83%BC%E3%82%B1%E3%83%97%E3%83%A9" n1="%E6%A1%9C%E8%8A%B1%E9%96%83%E3%80%85" n2="%E3%83%96%E3%83%83%E3%83%91%E3%82%AA%E3%83%96%E3%83%81%E3%82%AD%E3%83%B3" n3="%E6%A9%98%E3%83%AF%E3%83%AB%E3%83%84" dan="17,16,16,16" rate="2221.17,2167.84,2198.44,2101.76" sx="M,M,M,M"/><TAIKYOKU oya="0"/><INIT seed="0,0,0,5,0,24" ten="250,250,250,250" oya="0" hai0="124,35,106,3,15,16,70,95,45,51,36,58,19" hai1="133,49,48,78,42,20,128,92,79,125,111,80,117" hai2="39,34,121,38,73,89,28,13,30,104,100,129,60" hai3="4,50,11,10,130,8,81,54,56,61,102,135,120"/><T84/><D106/><U108/><E117/><V68/><F121/><W5/><G120/><T88/><D124/><U126/><E128/><V113/><F113/><W93/><G130/><T94/><D3/><U29/><E133/><V83/><F129/><W18/><G135/><T90/><D70/><U96/><E20/><V12/><F89/><W72/><G72/><T41/><D35/><U134/><E134/><V40/><F83/><W76/><G76/><N who="1" m="29226" /><E29/><V53/><F73/><W63/><G81/><T6/><D6/><U119/><E80/><V31/><F34/><W103/><G18/><T97/><REACH who="0" step="1"/><D15/><REACH who="0" ten="240,250,250,250" step="2"/><U27/><E125/><V109/><F68/><W71/><G71/><T118/><D118/><U64/><E126/><V99/><F12/><W23/><G5/><T32/><D32/><U21/><E119/><V127/><F127/><W101/><G4/><T114/><D114/><U14/><E14/><V98/><F13/><W22/><G93/><T132/><D132/><U17/><E108/><V91/><F109/><W87/><G87/><T86/><D86/><U107/><E111/><V37/><F99/><W82/><G82/><T131/><D131/><U9/><E92/><V26/><F98/><W112/><G112/><T69/><D69/><U47/><E9/><V123/><F104/><W116/><G116/><T75/><D75/><U7/><E7/><V110/><F110/><W74/><G74/><T44/><D44/><N who="1" m="25623" /><E96/><V67/><F123/><W77/><G77/><T1/><D1/><U65/><E107/><V55/><F100/><W85/><G85/><T66/><D66/><RYUUKYOKU ba="0,1" sc="240,10,250,10,250,-30,250,10" hai0="16,19,36,41,45,51,58,84,88,90,94,95,97" hai1="17,21,27,47,49,64,65" hai3="8,10,11,22,23,50,54,56,61,63,101,102,103" /><INIT seed="0,1,1,1,3,4" ten="250,260,220,260" oya="0" hai0="75,56,55,10,11,120,102,110,82,135,111,73,127" hai1="84,38,34,118,87,36,67,40,93,44,101,26,46" hai2="33,12,6,0,92,78,7,54,109,58,77,8,125" hai3="99,83,18,5,100,104,85,41,119,53,134,60,47"/><T29/><D120/><U66/><E118/><V116/><F116/><W31/><G119/><T15/><D127/><U14/><E101/><V72/><F33/><W3/><G134/><T45/><D135/><U81/><E93/><V76/><F125/><W42/><G31/><T129/><D129/><U30/><E84/><V95/><F109/><N who="0" m="41482" /><D29/><U23/><E34/><V70/><F70/><W1/><G5/><N who="2" m="1545" /><F72/><N who="0" m="27722" /><D15/><U65/><E14/><V133/><F133/><W124/><G124/><T24/><D24/><U49/><REACH who="1" step="1"/><E46/><REACH who="1" ten="250,250,220,260" step="2"/><V126/><F126/><W37/><G3/><T17/><D45/><U80/><E80/><V52/><F0/><W35/><G1/><T57/><D82/><U103/><E103/><V88/><F95/><W122/><G35/><T115/><D102/><U63/><E63/><V32/><F32/><W121/><G60/><N who="0" m="35871" /><D115/><U69/><E69/><V68/><F68/><W107/><G83/><T20/><D57/><U27/><E27/><V61/><F58/><W59/><G100/><T28/><D28/><U19/><E19/><N who="2" m="8583" /><F61/><W96/><G18/><T22/><D17/><U123/><E123/><V89/><F89/><AGARI ba="1,2" hai="23,26,30,36,38,40,44,49,65,66,67,81,87,89" machi="89" ten="40,1300,0" yaku="1,1,53,0" doraHai="4" doraHaiUra="130" who="1" fromWho="2" sc="250,0,250,36,220,-16,260,0" /><INIT seed="1,0,0,0,0,67" ten="250,286,204,260" oya="1" hai0="65,5,41,95,17,124,103,31,38,89,57,127,73" hai1="96,106,83,99,70,90,134,77,27,128,4,30,93" hai2="88,100,94,80,21,6,60,126,40,43,55,3,91" hai3="11,8,62,110,76,132,105,120,112,29,26,18,121"/><U79/><E128/><V7/><F126/><N who="0" m="48170" /><D73/><U131/><E131/><V1/><F1/><W74/><G105/><T82/><D31/><U63/><E134/><V9/><F7/><W122/><G132/><T119/><D5/><U97/><E4/><V54/><F100/><W75/><G112/><T2/><D2/><U61/><E79/><V64/><F80/><W53/><G110/><T85/><D119/><U135/><E135/><V33/><F33/><W109/><G109/><T133/><D133/><U16/><E16/><V32/><F32/><W56/><G76/><T42/><D38/><U66/><E63/><V71/><F21/><W116/><G116/><T107/><D107/><U113/><E113/><V114/><F114/><W78/><G78/><N who="0" m="46295" /><D17/><U115/><E106/><V39/><F91/><W22/><REACH who="3" step="1"/><G18/><REACH who="3" ten="250,286,204,250" step="2"/><T50/><D103/><U92/><E115/><V10/><F10/><AGARI ba="0,1" hai="8,10,11,22,26,29,53,56,62,74,75,120,121,122" machi="10" ten="40,8000,1" yaku="1,1,2,1,53,3" doraHai="67" doraHaiUra="117" who="3" fromWho="2" sc="250,0,286,0,204,-80,250,90" /><INIT seed="2,0,0,2,0,112" ten="250,286,124,340" oya="2" hai0="12,127,91,118,76,60,6,95,49,78,106,21,33" hai1="108,75,71,102,99,92,98,114,37,58,5,84,128" hai2="117,56,26,82,40,59,77,18,104,57,120,35,47" hai3="42,100,80,62,90,119,74,65,94,73,31,52,67"/><V124/><F120/><W10/><G42/><T105/><D33/><U30/><E71/><V111/><F104/><W97/><G31/><T130/><D130/><U27/><E114/><V116/><F124/><W7/><G74/><T87/><D127/><U11/><E75/><V54/><F54/><W64/><G119/><T1/><D1/><U125/><E108/><V36/><F111/><W83/><G73/><T110/><D110/><U23/><E125/><V86/><REACH who="2" step="1"/><F18/><REACH who="2" ten="250,286,114,340" step="2"/><W55/><G62/><T29/><D106/><U123/><E123/><V115/><F115/><W48/><G55/><T88/><D105/><U81/><E128/><V121/><F121/><W22/><G100/><T89/><D60/><U20/><E102/><V126/><F126/><W24/><G52/><T25/><D118/><U129/><E129/><V15/><F15/><W43/><G43/><T13/><D13/><U45/><E30/><AGARI ba="0,1" hai="26,30,35,36,40,47,56,57,59,77,82,86,116,117" machi="30" ten="40,7700,0" yaku="1,1,52,2,53,0" doraHai="112" doraHaiUra="107" who="2" fromWho="1" sc="250,0,286,-77,114,87,340,0" /><INIT seed="2,1,0,2,0,66" ten="250,209,201,340" oya="2" hai0="95,91,45,30,48,100,124,98,101,122,78,19,103" hai1="109,1,121,72,85,129,130,38,7,114,50,97,84" hai2="63,90,24,13,59,133,55,96,132,28,11,115,56" hai3="33,81,92,42,35,73,80,131,104,14,62,125,88"/><V94/><F115/><W6/><G104/><T52/><D122/><U64/><E114/><V58/><F133/><W71/><G131/><N who="1" m="50186" /><E121/><V99/><F132/><W86/><G42/><T89/><D124/><U76/><E38/><V117/><F117/><W41/><G41/><T83/><D30/><U25/><E109/><V123/><F123/><W2/><G2/><T8/><D91/><U128/><N who="1" m="50194" /><U18/><DORA hai="120" /><E97/><V93/><F24/><W126/><G73/><T43/><D43/><U61/><E50/><V4/><REACH who="2" step="1"/><F28/><REACH who="2" ten="250,209,191,340" step="2"/><W12/><G35/><T20/><D8/><N who="1" m="2159" /><E25/><V116/><F116/><W44/><G33/><T34/><D34/><U29/><E29/><V113/><F113/><W3/><G126/><T9/><D9/><U106/><E18/><V23/><F23/><W22/><G22/><T74/><REACH who="0" step="1"/><D103/><AGARI ba="1,1" hai="4,11,13,55,56,58,59,63,90,93,94,96,99,103" machi="103" ten="30,5800,0" yaku="1,1,7,1,8,1,53,0" doraHai="66,120" doraHaiUra="16,32" who="2" fromWho="0" sc="250,-61,209,0,191,71,340,0" /><INIT seed="2,2,0,0,5,131" ten="189,209,262,340" oya="2" hai0="87,58,72,34,60,102,70,71,36,80,79,20,46" hai1="91,37,12,134,29,81,123,47,55,85,78,104,92" hai2="127,35,5,33,100,90,124,74,4,43,111,120,51" hai3="11,67,8,49,65,15,24,42,73,6,118,110,98"/><V32/><F74/><W25/><G73/><T106/><D34/><N who="2" m="13418" /><F100/><W105/><G118/><T50/><D36/><U27/><E123/><V119/><F90/><W113/><G113/><T26/><D72/><U126/><E126/><N who="2" m="48171" /><F51/><W44/><G110/><T108/><D108/><U64/><E104/><V112/><F43/><W7/><G98/><T30/><D102/><U115/><E64/><V109/><F112/><W56/><G105/><T97/><D97/><U0/><E115/><V82/><F82/><W89/><G89/><T95/><D95/><U114/><E114/><V69/><F69/><W66/><G56/><T103/><D103/><U88/><E91/><V107/><F107/><W14/><AGARI ba="2,0" hai="6,7,8,11,14,15,24,25,42,44,49,65,66,67" machi="14" ten="30,4000,0" yaku="0,1,9,1,8,1" doraHai="131" who="3" fromWho="3" sc="189,-12,209,-12,262,-22,340,46" /><INIT seed="3,0,0,2,2,125" ten="177,197,240,386" oya="3" hai0="133,83,78,20,52,95,71,107,124,7,11,121,30" hai1="118,66,117,84,103,31,48,4,8,128,19,102,27" hai2="53,40,116,106,86,16,22,3,131,24,23,108,1" hai3="77,111,9,32,17,56,67,69,120,35,97,21,15"/><W134/><G120/><T99/><D107/><U38/><E38/><V135/><F116/><N who="1" m="44649" /><E128/><V47/><F106/><W39/><G39/><T10/><D121/><U55/><E19/><V57/><F131/><W122/><G69/><T60/><D124/><U80/><E66/><V46/><F108/><W61/><G77/><T62/><D133/><U49/><E84/><V18/><F135/><W13/><G111/><T79/><D71/><U58/><E80/><V70/><F86/><W93/><G134/><T75/><D79/><U37/><E49/><V45/><F70/><W100/><G122/><T50/><D20/><N who="1" m="15847" /><E37/><V26/><F40/><W123/><G123/><T25/><D25/><U90/><E90/><V89/><F89/><W109/><G109/><T76/><D76/><U88/><E88/><V115/><F115/><W12/><G12/><AGARI ba="0,0" hai="4,8,12,48,55,58,102,103" m="15847,44649" machi="12" ten="30,1000,0" yaku="12,1" doraHai="125" who="1" fromWho="3" sc="177,0,197,10,240,0,386,-10" owari="177,-32.3,207,-19.3,240,4.0,376,47.6" /></mjloggm>