<mjloggm ver="2.3"><GO type="225" lobby="0"/><UN n0="%43%55%4B%45%59" n1="%E6%A1%9C%E8%8A%B1%E9%96%83%E3%80%85" n2="%E7%B4%94%E6%BD%94%E3%83%94%E3%83%A9%E3%83%8B%E3%82%A2" n3="%6B%69%72%61%64%6F%6B%69" dan="16,16,17,16" rate="2076.07,2215.67,2231.08,2168.09" sx="M,M,M,M"/><TAIKYOKU oya="0"/><INIT seed="0,0,0,1,3,46" ten="250,250,250,250" oya="0" hai0="79,44,116,9,118,54,10,40,104,114,101,120,74" hai1="17,81,49,4,107,130,68,31,26,23,47,72,59" hai2="21,77,36,102,123,69,131,45,98,48,20,37,97" hai3="127,122,41,55,22,111,128,30,29,75,18,57,134"/><T129/><D120/><U133/><E68/><V105/><F69/><W110/><G75/><T65/><D114/><U99/><E133/><V124/><F123/><W70/><G122/><T87/><D74/><U100/><E130/><V27/><F131/><W126/><G128/><T93/><D104/><U52/><E4/><V42/><F124/><N who="3" m="47659" /><G41/><T28/><D28/><N who="3" m="10857" /><G70/><T96/><D65/><U1/><E1/><V34/><F77/><W13/><G134/><T16/><D118/><U89/><E31/><V53/><F34/><W60/><AGARI ba="0,0" hai="13,18,22,55,57,60,110,111" m="10857,47659" machi="60" ten="30,1100,0" yaku="18,1" doraHai="46" who="3" fromWho="3" sc="250,-5,250,-3,250,-3,250,11" /><INIT seed="1,0,0,1,1,37" ten="245,247,247,261" oya="1" hai0="76,69,56,125,124,117,86,64,63,21,70,51,16" hai1="129,23,57,19,29,27,109,100,90,60,36,131,93" hai2="104,126,50,7,58,89,134,40,114,42,71,55,112" hai3="116,38,84,106,133,85,118,34,80,4,101,65,20"/><U97/><E109/><V18/><F71/><W103/><G34/><T135/><D117/><N who="3" m="45161" /><G4/><T115/><D115/><N who="2" m="44074" /><F104/><W61/><G38/><T111/><D111/><U41/><E19/><V6/><F134/><W122/><G122/><T62/><D135/><U95/><E36/><V54/><F126/><N who="0" m="48746" /><D62/><U33/><E33/><V15/><F55/><W108/><G108/><T98/><D98/><U3/><E3/><V26/><F26/><W121/><G121/><T67/><D51/><U120/><E120/><V83/><F83/><W87/><G133/><T79/><D86/><N who="3" m="33385" /><G20/><T128/><D128/><U32/><E32/><V77/><F77/><N who="0" m="29770" /><D67/><N who="1" m="39311" /><E41/><N who="2" m="15979" /><F89/><N who="3" m="51431" /><G106/><T113/><D113/><U91/><E91/><V35/><F35/><W78/><G78/><T105/><D105/><U24/><E24/><AGARI ba="0,0" hai="16,21,24,56,63,64,69,70" m="29770,48746" machi="24" ten="30,2000,0" yaku="18,1,54,1" doraHai="37" who="0" fromWho="1" sc="245,20,247,-20,247,0,261,0" /><INIT seed="2,0,0,3,0,129" ten="265,227,247,261" oya="2" hai0="80,123,88,100,96,113,8,12,91,15,49,43,62" hai1="97,46,115,99,111,81,127,11,90,33,87,120,59" hai2="52,34,74,40,119,85,94,29,51,132,50,65,47" hai3="31,134,82,109,112,107,71,2,21,57,106,25,89"/><V110/><F119/><W126/><G71/><T4/><D113/><U69/><E115/><V24/><F74/><W66/><G112/><T39/><D39/><U60/><E69/><V53/><F110/><W78/><G109/><T28/><D28/><U67/><E111/><V93/><F132/><W6/><G126/><T55/><D43/><U68/><E127/><V41/><F65/><W23/><G89/><T83/><D62/><U122/><E33/><V5/><F5/><W36/><G36/><T124/><D123/><N who="1" m="47147" /><E46/><V79/><F79/><W14/><G134/><T125/><D15/><U105/><E105/><V135/><F135/><W19/><G57/><N who="0" m="33007" /><D125/><U0/><E68/><V131/><F131/><W102/><G66/><T27/><D27/><U63/><E63/><V17/><F17/><W128/><G128/><T48/><D48/><U56/><E56/><V64/><F64/><W20/><G2/><T103/><D96/><U70/><E70/><V73/><F73/><W108/><G108/><T133/><D124/><U54/><E67/><V37/><F85/><W26/><G6/><AGARI ba="0,0" hai="0,6,11,54,59,60,81,87,90,97,99" m="47147" machi="6" ten="30,1000,0" yaku="13,1" doraHai="129" who="1" fromWho="3" sc="265,0,227,10,247,0,261,-10" /><INIT seed="3,0,0,5,4,2" ten="265,237,247,251" oya="3" hai0="103,123,14,17,0,48,13,83,122,8,22,32,57" hai1="81,23,36,44,27,128,21,67,20,95,125,73,118" hai2="69,127,76,124,7,88,80,100,58,68,110,75,109" hai3="132,104,47,62,131,1,53,3,121,15,63,108,101"/><W29/><G121/><T130/><D103/><U40/><E125/><N who="2" m="48203" /><F100/><W28/><G131/><T90/><D57/><U42/><E128/><V79/><F58/><W6/><G132/><T102/><D48/><U84/><E118/><V19/><F19/><W94/><G1/><T112/><D90/><U65/><E42/><V55/><F55/><W45/><G3/><T50/><D83/><U9/><E27/><V46/><F46/><N who="3" m="17419" /><G104/><T70/><D50/><U11/><E95/><V4/><F79/><W30/><G108/><N who="2" m="41577" /><F88/><W18/><G53/><T96/><D96/><U117/><E117/><V133/><F133/><W60/><G101/><T113/><D102/><U54/><E54/><V61/><F61/><W99/><G99/><T43/><D43/><U24/><E67/><V107/><F107/><W114/><G94/><T35/><D130/><U82/><E65/><V116/><F116/><W16/><G114/><T105/><D105/><U12/><E44/><V52/><F52/><W39/><G39/><T49/><D49/><U106/><E106/><V98/><F98/><W72/><G72/><T126/><D126/><U25/><E36/><V74/><F75/><W71/><G71/><AGARI ba="0,0" hai="4,7,68,69,71,74,76,80" m="41577,48203" machi="71" ten="40,8000,1" yaku="18,1,14,1,52,2" doraHai="2" who="2" fromWho="3" sc="265,0,237,0,247,80,251,-80" owari="265,6.5,237,-16.3,327,42.7,171,-32.9" /></mjloggm>