<mjloggm ver="2.3"><GO type="225" lobby="0"/><UN n0="%E3%83%81%E3%83%AF%E3%83%AF%E9%9A%8A%E9%95%B7" n1="%E3%81%8B%E3%82%8F%E3%81%A1%E3%82%83%E3%82%93%35%38" n2="%E6%9D%B1%E9%A2%A8%E3%81%AE%E3%81%8D%E3%82%83%E3%81%B7%E3%81%95%E3%82%93" n3="%E3%82%8A%E3%81%93%E3%82%8A%E3%82%93%E3%81%94" dan="16,16,16,17" rate="2096.74,2133.95,2120.06,2214.11" sx="M,M,M,M"/><TAIKYOKU oya="0"/><INIT seed="0,0,0,1,4,79" ten="250,250,250,250" oya="0" hai0="26,17,58,116,29,133,13,52,85,57,135,130,49" hai1="104,89,121,129,42,81,9,5,15,12,72,36,103" hai2="45,23,75,117,22,59,0,100,30,97,44,31,67" hai3="77,93,27,113,111,95,101,87,96,37,32,120,19"/><T90/><D116/><U54/><E121/><V38/><F75/><W84/><G113/><T10/><D130/><U92/><E129/><V78/><F0/><W20/><G37/><T91/><D58/><U76/><E36/><V64/><F78/><W118/><G118/><T115/><D115/><U35/><E35/><V7/><F117/><W21/><G111/><T109/><D109/><U50/><E42/><V34/><F34/><W62/><G32/><T127/><D127/><U56/><E104/><V6/><F38/><W86/><G120/><T16/><D17/><U55/><E103/><V124/><F124/><W1/><G1/><T114/><D114/><U41/><E41/><V11/><F11/><W106/><G62/><T126/><D126/><U80/><E54/><V108/><F108/><W102/><G102/><T131/><D131/><U47/><E56/><V18/><F59/><W24/><REACH who="3" step="1"/><G77/><REACH who="3" ten="250,250,250,240" step="2"/><T63/><D63/><U28/><E28/><AGARI ba="0,1" hai="19,20,21,24,27,28,84,86,87,93,95,96,101,106" machi="28" ten="40,2600,0" yaku="1,1,2,1,53,0" doraHai="79" doraHaiUra="2" who="3" fromWho="1" sc="250,0,250,-26,250,0,240,36" /><INIT seed="1,0,0,5,3,82" ten="250,224,250,276" oya="1" hai0="73,10,5,135,64,106,81,113,76,107,53,15,111" hai1="116,20,31,46,63,12,105,22,57,29,32,128,42" hai2="133,27,41,18,66,19,94,25,13,58,119,77,83" hai3="62,112,84,75,67,72,131,97,132,115,3,69,74"/><U96/><E116/><V61/><F133/><W55/><G3/><T134/><D113/><U65/><E128/><V68/><F119/><W70/><G70/><T56/><D64/><U100/><E32/><V9/><F41/><W40/><G132/><N who="0" m="50731" /><D111/><U109/><E109/><V0/><F0/><W102/><G131/><T117/><D117/><U4/><E20/><V89/><F19/><W30/><G40/><T16/><D5/><U39/><REACH who="1" step="1"/><E22/><REACH who="1" ten="250,214,250,276" step="2"/><V21/><F21/><W26/><G115/><T38/><D38/><U90/><E90/><V24/><F68/><W108/><G112/><T95/><D95/><U11/><AGARI ba="0,1" hai="4,11,12,29,31,39,42,46,57,63,65,96,100,105" machi="11" ten="30,3000,0" yaku="1,1,0,1,53,0" doraHai="82" doraHaiUra="51" who="1" fromWho="1" sc="250,-10,214,40,250,-10,276,-10" /><INIT seed="1,1,0,2,4,84" ten="240,254,240,266" oya="1" hai0="109,135,124,1,95,86,63,57,92,17,6,44,99" hai1="106,98,14,121,100,4,33,19,11,38,10,13,2" hai2="119,47,81,54,31,41,8,113,9,43,22,32,7" hai3="64,108,53,116,72,77,96,75,120,59,30,115,62"/><U89/><E38/><V46/><F119/><W125/><G120/><T24/><D109/><U71/><E121/><V123/><F113/><W48/><G115/><T111/><D111/><U37/><E37/><V79/><F123/><W55/><G108/><T49/><D124/><U21/><E33/><V51/><F32/><W91/><G125/><T131/><D131/><U114/><E71/><V26/><F46/><W67/><G116/><T80/><D135/><U132/><E132/><V40/><REACH who="2" step="1"/><F7/><REACH who="2" ten="240,254,230,266" step="2"/><W112/><G112/><T20/><D6/><U60/><E114/><V83/><F83/><W110/><G110/><T27/><D80/><U76/><E76/><V56/><F56/><W134/><G59/><T128/><D57/><U61/><REACH who="1" step="1"/><E89/><REACH who="1" ten="240,244,230,266" step="2"/><V82/><F82/><W122/><G91/><T78/><D78/><U18/><AGARI ba="1,2" hai="2,4,10,11,13,14,18,19,21,60,61,98,100,106" machi="18" ten="20,12000,1" yaku="1,1,2,1,0,1,7,1,53,1" doraHai="84" doraHaiUra="34" who="1" fromWho="1" sc="240,-41,244,143,230,-41,266,-41" /><INIT seed="1,2,0,1,2,1" ten="199,387,189,225" oya="1" hai0="21,84,67,24,36,80,89,49,75,133,12,83,38" hai1="57,34,13,72,111,2,31,98,82,65,9,108,74" hai2="15,121,16,39,110,134,126,37,90,130,3,81,128" hai3="35,43,70,68,17,25,23,104,127,47,53,73,76"/><U61/><E2/><V112/><F90/><W19/><G104/><T0/><D0/><U117/><E117/><V51/><F51/><W58/><G127/><T44/><D133/><U105/><E82/><V62/><F81/><W106/><G106/><T30/><D67/><U8/><E31/><V26/><F62/><W88/><G35/><T99/><D99/><U41/><E41/><V77/><F77/><W40/><G19/><T54/><REACH who="0" step="1"/><D12/><REACH who="0" ten="189,387,189,225" step="2"/><U22/><E98/><V120/><F3/><W135/><G135/><T95/><D95/><U27/><E105/><V20/><F134/><W100/><G70/><T107/><D107/><U5/><E13/><V119/><F119/><W86/><G68/><T4/><D4/><U46/><E5/><V97/><F97/><W33/><G25/><T132/><D132/><U63/><E27/><V64/><F64/><W131/><G131/><N who="2" m="50217" /><F126/><W55/><G100/><T122/><D122/><N who="2" m="47210" /><F110/><W109/><G109/><T114/><D114/><U6/><E65/><V103/><F112/><W129/><G129/><T69/><D69/><U101/><E111/><V102/><F26/><W66/><G66/><T116/><D116/><U45/><E108/><V71/><F71/><W124/><G124/><T7/><D7/><U94/><E6/><V18/><F15/><W50/><G33/><T91/><D91/><U32/><E34/><V56/><F103/><W29/><G88/><T113/><D113/><U59/><E32/><V10/><F102/><W118/><G118/><T125/><D125/><U28/><E101/><V11/><F11/><N who="1" m="4169" /><E94/><V93/><F93/><RYUUKYOKU ba="2,1" sc="189,30,387,-10,189,-10,225,-10" hai0="21,24,30,36,38,44,49,54,75,80,83,84,89" /><INIT seed="2,3,1,5,2,116" ten="219,377,179,215" oya="2" hai0="50,6,135,66,119,103,23,24,38,72,25,43,96" hai1="77,86,79,127,81,60,46,21,65,31,99,111,90" hai2="125,73,64,82,126,49,67,114,131,40,124,2,110" hai3="101,34,132,106,63,51,84,9,133,87,123,32,91"/><V69/><F2/><W120/><G51/><T78/><D38/><U8/><E111/><V100/><F100/><W112/><G112/><T61/><D119/><U118/><E118/><V42/><F82/><W15/><G63/><T0/><D135/><N who="3" m="51785" /><G101/><T104/><D72/><U117/><E117/><V93/><F93/><N who="3" m="54503" /><G87/><T29/><D78/><U115/><E86/><V62/><F73/><W33/><G106/><T85/><D85/><U20/><E99/><V48/><F114/><W53/><G53/><T35/><D50/><N who="2" m="19562" /><F110/><W7/><AGARI ba="3,1" hai="7,9,15,32,33,34,120,123" m="54503,51785" machi="7" ten="40,5200,0" yaku="20,1,52,2" doraHai="116" who="3" fromWho="3" sc="219,-16,377,-16,179,-29,215,71" /><INIT seed="3,0,0,4,3,118" ten="203,361,150,286" oya="3" hai0="48,104,31,89,87,113,77,1,103,92,50,129,95" hai1="11,80,111,68,15,23,64,75,41,109,65,99,45" hai2="93,85,7,0,133,119,54,112,107,32,24,98,58" hai3="36,34,120,116,40,18,10,128,13,4,55,94,101"/><W135/><G116/><T2/><D104/><U21/><E99/><V134/><F119/><W117/><G117/><T39/><D39/><U72/><E23/><V70/><F112/><W49/><G34/><T56/><D113/><U114/><E21/><V44/><F70/><W78/><G128/><T121/><D129/><U62/><E65/><V42/><F107/><W61/><G135/><T14/><D31/><U47/><E114/><V67/><F67/><W110/><G120/><T86/><D121/><U52/><E52/><V90/><F0/><W124/><G124/><T122/><D122/><U115/><E115/><V97/><F7/><W79/><G110/><N who="1" m="41994" /><E80/><V132/><F32/><W3/><G61/><T53/><D14/><U27/><E27/><V108/><F24/><W8/><G40/><T81/><REACH who="0" step="1"/><D48/><REACH who="0" ten="193,361,150,286" step="2"/><N who="1" m="26671" /><E47/><V130/><F130/><W126/><G36/><T100/><D100/><U9/><E9/><V84/><F108/><W38/><G38/><T91/><D91/><U46/><E46/><V123/><F123/><W60/><G126/><T35/><D35/><U20/><E20/><V131/><F131/><W29/><G29/><T26/><D26/><U37/><E37/><N who="2" m="21583" /><F98/><AGARI ba="0,1" hai="1,2,50,53,56,77,81,86,87,89,92,95,98,103" machi="98" ten="40,1300,0" yaku="1,1,53,0" doraHai="118" doraHaiUra="63" who="0" fromWho="2" sc="193,23,361,0,150,-13,286,0" owari="216,-18.4,361,46.1,137,-36.3,286,8.6" /></mjloggm>