<mjloggm ver="2.3"><GO type="225" lobby="0"/><UN n0="%E4%BF%BA%E3%81%A8%E5%A6%96%E5%A4%A2" n1="%E3%80%90%E3%83%88%E3%83%AA%E3%83%A5%E3%83%95%E3%80%91" n2="%E3%82%8A%E3%81%93%E3%82%8A%E3%82%93%E3%81%94" n3="%E6%98%93%E5%88%A9%E8%96%A9%E4%BC%AF" dan="16,16,17,17" rate="2186.78,2096.90,2235.57,2189.87" sx="F,M,M,F"/><TAIKYOKU oya="0"/><INIT seed="0,0,0,3,5,106" ten="250,250,250,250" oya="0" hai0="2,35,122,62,70,53,19,107,39,33,72,49,126" hai1="31,34,101,127,96,20,80,92,44,88,81,43,74" hai2="37,36,60,118,115,63,113,91,123,83,0,105,29" hai3="25,9,23,14,100,94,68,134,133,97,52,38,45"/><T77/><D122/><U12/><E34/><V6/><F123/><W11/><G68/><T116/><D116/><U102/><E127/><V117/><F105/><W51/><G38/><T58/><D107/><U112/><E112/><V48/><F29/><W103/><G103/><T90/><D39/><N who="2" m="14922" /><F6/><W132/><REACH who="3" step="1"/><G14/><REACH who="3" ten="250,250,250,240" step="2"/><T87/><D70/><U8/><E102/><V124/><F115/><W114/><G114/><T99/><D126/><U47/><E101/><V108/><F113/><W109/><G109/><T32/><D2/><U13/><E13/><V17/><F0/><W54/><G54/><T59/><D99/><U85/><E43/><V131/><F108/><W78/><G78/><T27/><D77/><N who="1" m="46223" /><E74/><V121/><F124/><W95/><G95/><T111/><D72/><U89/><E89/><V82/><F91/><W128/><G128/><T104/><D111/><U57/><E81/><V55/><F131/><W73/><G73/><T21/><D104/><U93/><E93/><V130/><F130/><W135/><N who="3" m="33792" /><DORA hai="66" /><W46/><G46/><T26/><D90/><U64/><E12/><V40/><F83/><W7/><G7/><T129/><D129/><U4/><E4/><V76/><F82/><W120/><G120/><T65/><REACH who="0" step="1"/><D87/><REACH who="0" ten="240,250,250,240" step="2"/><U61/><E8/><V98/><F121/><W69/><G69/><T15/><AGARI ba="0,2" hai="15,19,21,26,27,32,33,35,49,53,58,59,62,65" machi="15" ten="30,18000,2" yaku="1,1,2,1,0,1,53,3" doraHai="106,66" doraHaiUra="28,67" who="0" fromWho="0" sc="240,200,250,-60,250,-60,240,-60" /><INIT seed="0,1,0,2,5,96" ten="440,190,190,180" oya="0" hai0="90,111,65,83,64,104,13,120,129,20,127,62,14" hai1="21,22,103,81,2,77,98,54,110,105,46,75,101" hai2="107,25,119,99,66,30,76,26,23,57,12,94,17" hai3="134,128,116,35,86,24,133,93,122,91,126,117,113"/><T42/><D120/><U11/><E110/><V124/><F107/><W69/><G69/><T106/><D111/><U125/><E125/><V74/><F124/><W58/><G113/><T44/><D127/><U0/><E103/><V50/><F119/><W108/><G126/><T3/><D3/><U47/><E0/><V9/><F74/><W1/><G108/><T4/><D129/><U5/><E54/><V131/><F76/><W82/><G1/><T71/><D65/><U95/><E22/><V67/><F26/><W29/><G122/><T102/><D13/><U63/><E63/><V16/><F30/><W59/><G128/><T114/><D114/><U10/><E10/><V34/><F34/><W72/><G72/><T45/><D106/><U6/><E6/><V8/><F8/><W92/><G116/><T61/><D62/><U60/><E60/><V100/><REACH who="2" step="1"/><F131/><REACH who="2" ten="440,190,180,180" step="2"/><W73/><G117/><T19/><D104/><U115/><E115/><V53/><AGARI ba="1,1" hai="9,12,16,17,23,25,50,53,57,66,67,94,99,100" machi="53" ten="30,12000,2" yaku="1,1,2,1,0,1,8,1,52,1,54,1,53,1" doraHai="96" doraHaiUra="89" who="2" fromWho="2" sc="440,-61,190,-31,180,133,180,-31" /><INIT seed="1,0,0,4,3,95" ten="379,159,313,149" oya="1" hai0="13,60,129,58,115,17,52,82,3,54,62,67,76" hai1="111,7,25,109,21,1,27,98,121,72,55,35,36" hai2="23,99,118,122,50,2,43,87,20,8,29,15,120" hai3="107,4,59,91,93,42,64,0,90,68,6,77,85"/><U125/><E36/><V81/><F118/><W128/><G107/><T124/><D115/><U40/><E40/><V110/><F2/><W108/><G68/><T127/><D3/><U97/><E121/><V100/><F110/><N who="1" m="41993" /><E72/><V86/><F120/><W63/><G128/><T126/><D62/><U113/><E113/><V39/><F39/><W133/><G133/><T83/><D129/><U71/><E125/><V47/><F122/><W19/><G0/><T22/><REACH who="0" step="1"/><D83/><REACH who="0" ten="369,159,313,149" step="2"/><U101/><E101/><V46/><F81/><W56/><G108/><T94/><D94/><U96/><E71/><V11/><F100/><W106/><G106/><T5/><D5/><U51/><E7/><V53/><F29/><W33/><G4/><T37/><D37/><U73/><E1/><V112/><F112/><W74/><G6/><T14/><D14/><U79/><E35/><V31/><F15/><W24/><G33/><T49/><D49/><U75/><E21/><V69/><F69/><W117/><G117/><T80/><D80/><N who="1" m="45167" /><E75/><AGARI ba="0,1" hai="13,17,22,52,54,58,60,67,75,76,82,124,126,127" machi="75" ten="40,8000,1" yaku="1,1,18,1,54,1,53,2" doraHai="95" doraHaiUra="48" who="0" fromWho="1" sc="369,90,159,-80,313,0,149,0" /><INIT seed="2,0,0,1,5,78" ten="459,79,313,149" oya="2" hai0="122,125,3,128,116,25,115,94,73,51,74,118,2" hai1="1,121,20,32,106,75,47,15,34,53,26,126,105" hai2="92,21,45,65,127,112,98,57,49,22,64,99,129" hai3="38,124,30,41,84,8,63,113,86,77,107,135,37"/><V9/><F112/><W35/><G107/><T43/><D122/><U24/><E75/><V93/><F129/><W123/><G123/><T29/><D115/><U39/><E1/><N who="0" m="9" /><D128/><U120/><E15/><V61/><F127/><W48/><G113/><T18/><D18/><U12/><E12/><V52/><F64/><W80/><G135/><T104/><D104/><U23/><E126/><V60/><F9/><W110/><G110/><T68/><D68/><U132/><E39/><V96/><REACH who="2" step="1"/><F61/><REACH who="2" ten="459,79,303,149" step="2"/><W40/><G63/><T76/><D125/><U101/><E132/><V91/><F91/><W50/><G8/><T36/><D76/><U131/><E131/><V14/><F14/><W28/><G124/><T117/><D117/><U19/><E101/><V69/><F69/><W54/><G77/><T58/><D118/><U55/><REACH who="1" step="1"/><E47/><REACH who="1" ten="459,69,303,149" step="2"/><V109/><F109/><W114/><G114/><T81/><D116/><U62/><E62/><V11/><F11/><W10/><G10/><T4/><D4/><U79/><E79/><V5/><F5/><W59/><G38/><T100/><D36/><U0/><E0/><V90/><F90/><W85/><G37/><T72/><D100/><U133/><E133/><V46/><F46/><W89/><G50/><T33/><D51/><U7/><E7/><V16/><F16/><AGARI ba="0,2" hai="16,19,20,23,24,26,32,34,53,55,105,106,120,121" machi="16" ten="25,6400,0" yaku="1,1,22,2,54,1,53,0" doraHai="78" doraHaiUra="130" who="1" fromWho="2" sc="459,0,69,84,303,-64,149,0" /><INIT seed="3,0,0,2,4,49" ten="459,153,239,149" oya="3" hai0="15,8,78,61,63,117,26,112,113,29,37,129,111" hai1="132,133,87,67,39,106,17,79,72,52,76,68,98" hai2="125,124,96,34,51,119,131,14,36,54,11,134,35" hai3="6,18,62,3,115,100,123,95,9,73,110,90,121"/><W109/><G115/><N who="0" m="44107" /><D37/><U48/><E39/><V82/><F119/><W91/><G73/><T50/><D117/><U116/><E116/><V22/><F36/><W5/><G100/><T81/><D111/><N who="3" m="42505" /><G6/><N who="0" m="3479" /><D50/><U38/><E38/><V13/><F131/><W59/><G18/><T107/><D107/><U57/><E17/><V40/><F134/><N who="1" m="51817" /><E72/><V114/><F114/><W16/><G16/><T75/><D129/><U41/><E41/><V127/><F127/><W122/><G95/><T30/><D30/><U10/><E10/><V66/><F125/><W69/><G69/><T128/><D128/><U64/><E68/><V0/><F124/><W32/><G32/><AGARI ba="0,0" hai="26,29,32,61,63,75,78,81" m="3479,44107" machi="32" ten="30,1000,0" yaku="11,1" doraHai="49" who="0" fromWho="3" sc="459,10,153,0,239,0,149,-10" owari="469,56.9,153,-24.7,239,3.9,139,-36.1" /></mjloggm>