<mjloggm ver="2.3"><GO type="225" lobby="0"/><UN n0="%E3%82%8A%E3%81%93%E3%82%8A%E3%82%93%E3%81%94" n1="%E3%81%BF%E3%81%BF%E3%81%9A" n2="%E4%BF%BA%E3%81%A8%E5%A6%96%E5%A4%A2" n3="%6C%61%6D%62" dan="17,18,16,16" rate="2214.14,2253.41,2206.34,2237.92" sx="M,M,F,M"/><TAIKYOKU oya="0"/><INIT seed="0,0,0,1,4,74" ten="250,250,250,250" oya="0" hai0="18,121,43,95,60,84,131,44,125,35,88,48,58" hai1="93,120,5,67,109,10,53,117,127,135,105,133,98" hai2="17,62,96,9,29,40,22,66,97,91,19,115,92" hai3="61,132,63,2,31,34,46,39,83,59,27,75,24"/><T64/><D121/><U25/><E117/><V104/><F115/><W51/><G132/><N who="1" m="50762" /><E120/><V80/><F40/><W3/><G39/><T90/><D35/><U116/><E116/><V68/><F80/><W123/><G123/><T45/><D131/><U129/><E109/><V32/><F9/><W100/><G100/><T65/><D125/><U107/><E127/><V76/><F76/><W11/><G27/><T20/><D45/><U113/><E113/><V4/><F4/><W110/><G110/><T37/><D90/><U38/><E38/><V103/><REACH who="2" step="1"/><F22/><REACH who="2" ten="250,250,240,250" step="2"/><W23/><G83/><T86/><D37/><U41/><E41/><V49/><F49/><W124/><G124/><T47/><D47/><U87/><E10/><V6/><F6/><W134/><G23/><T15/><REACH who="0" step="1"/><D64/><REACH who="0" ten="240,250,240,250" step="2"/><U99/><E67/><V56/><F56/><W50/><G134/><T14/><D14/><U30/><E129/><V70/><F70/><W16/><G59/><T57/><D57/><U119/><E119/><V69/><F69/><W126/><G46/><T106/><D106/><U130/><E130/><V42/><F42/><W94/><G126/><T12/><D12/><U71/><E71/><V81/><F81/><W21/><G34/><T111/><D111/><U101/><E107/><V7/><F7/><W79/><G2/><T85/><AGARI ba="0,2" hai="15,18,20,43,44,48,58,60,65,84,85,86,88,95" machi="85" ten="20,12000,1" yaku="1,1,0,1,7,1,8,1,54,1,53,0" doraHai="74" doraHaiUra="122" who="0" fromWho="0" sc="240,140,250,-40,240,-40,250,-40" /><INIT seed="0,1,0,0,4,81" ten="380,210,200,210" oya="0" hai0="60,18,23,65,42,25,61,128,13,121,91,56,133" hai1="32,16,35,36,47,89,135,72,110,17,117,46,44" hai2="4,116,87,100,66,40,54,26,27,115,62,96,103" hai3="80,67,34,132,134,43,123,76,19,58,102,92,104"/><T57/><D121/><U73/><E89/><V77/><F115/><W75/><G34/><N who="1" m="12842" /><E36/><V9/><F116/><W7/><G123/><T71/><D128/><U52/><E117/><V107/><F40/><W90/><G7/><T122/><D122/><U83/><E83/><V45/><F100/><W93/><G43/><T113/><D113/><U51/><E51/><V14/><F77/><W5/><G5/><T12/><D133/><N who="3" m="51305" /><G19/><N who="1" m="7242" /><E135/><V97/><F97/><N who="3" m="61519" /><G67/><T33/><D33/><U38/><E38/><V1/><F87/><N who="3" m="52319" /><G58/><T109/><D71/><U126/><E52/><V31/><F54/><W106/><G93/><T85/><D42/><U125/><E110/><V98/><F45/><N who="1" m="11521" /><U55/><DORA hai="70" /><E55/><V3/><F66/><W118/><G118/><T120/><D109/><U82/><E82/><V74/><F74/><AGARI ba="1,0" hai="72,73,74,125,126" m="11521,7242,12842" machi="74" ten="40,5200,0" yaku="28,2,54,1" doraHai="81,70" who="1" fromWho="2" sc="380,0,210,55,200,-55,210,0" /><INIT seed="1,0,0,4,4,54" ten="380,265,145,210" oya="1" hai0="96,27,36,102,16,45,111,79,12,53,61,116,59" hai1="15,58,37,62,44,110,101,80,77,119,5,103,115" hai2="34,97,2,50,88,83,114,131,63,113,48,98,81" hai3="130,78,73,76,70,135,9,0,106,127,39,122,38"/><U99/><E115/><N who="2" m="44043" /><F2/><W64/><G122/><T94/><D116/><U7/><E119/><V112/><N who="2" m="44051" /><V117/><DORA hai="118" /><F117/><W3/><G106/><T30/><D111/><U22/><E110/><V68/><F34/><W43/><G127/><T128/><D128/><U93/><E103/><V8/><F131/><W107/><G107/><T89/><D79/><U120/><E120/><V57/><F68/><W13/><G130/><T66/><D36/><U123/><E123/><V92/><F8/><W60/><G135/><T125/><D125/><U14/><E44/><V108/><F98/><W51/><G51/><N who="2" m="19497" /><F108/><W129/><G129/><T69/><D45/><U105/><E37/><V86/><F86/><W104/><G39/><T82/><D69/><U4/><E105/><V84/><F84/><W17/><G104/><T18/><D96/><U33/><E33/><V25/><F25/><W100/><G0/><T26/><D27/><U19/><E77/><V91/><F91/><W132/><G3/><T1/><D89/><U65/><REACH who="1" step="1"/><E80/><REACH who="1" ten="380,255,145,210" step="2"/><V67/><AGARI ba="0,1" hai="57,63,67,81,83,88,92,97" m="19497,44051" machi="67" ten="40,5200,0" yaku="11,1,52,1,54,1" doraHai="54,118" who="2" fromWho="2" sc="380,-13,255,-26,145,62,210,-13" /><INIT seed="2,0,0,5,1,132" ten="367,229,207,197" oya="2" hai0="61,63,86,21,111,120,133,79,0,36,123,125,116" hai1="53,135,7,49,134,37,80,107,17,5,77,34,54" hai2="32,110,16,102,40,89,66,3,88,131,108,109,1" hai3="28,50,104,12,87,71,11,24,57,38,33,30,106"/><V44/><F32/><W10/><G38/><T83/><D36/><U2/><E37/><N who="2" m="21519" /><F131/><W92/><G71/><T65/><D0/><N who="2" m="74" /><F102/><W70/><G70/><T59/><D133/><N who="1" m="50699" /><E107/><V58/><F16/><W126/><G30/><T8/><D116/><U101/><E101/><V31/><F31/><W23/><G11/><T95/><D8/><U42/><E34/><V4/><F4/><N who="1" m="1609" /><E2/><V119/><F119/><W97/><G33/><T64/><D123/><U94/><E94/><V56/><F66/><W69/><G104/><T20/><D95/><U76/><E17/><V96/><F96/><W19/><G106/><T29/><D65/><U68/><E68/><V35/><F35/><W62/><G69/><T124/><D120/><U51/><E42/><V105/><F105/><W112/><G97/><T43/><D43/><U115/><E115/><V74/><F74/><W78/><G92/><T98/><D98/><U48/><E77/><V128/><F128/><W27/><G78/><T47/><D79/><U39/><E39/><V90/><BYE who="1" /><AGARI ba="0,0" hai="56,58,88,89,90,108,109,110" m="74,21519" machi="90" ten="40,7800,0" yaku="14,1,10,1,54,1" doraHai="132" who="2" fromWho="2" sc="367,-26,229,-26,207,78,197,-26" /><INIT seed="2,1,0,4,3,23" ten="341,203,285,171" oya="2" hai0="129,95,127,12,0,55,13,28,135,42,130,98,96" hai1="74,114,87,61,66,84,117,50,7,113,60,105,116" hai2="57,17,77,46,94,25,90,75,6,68,48,54,52" hai3="80,27,70,81,92,2,78,132,37,63,121,93,43"/><V100/><F68/><UN n1="%E3%81%BF%E3%81%BF%E3%81%9A" /><W107/><G107/><T59/><D0/><U38/><E74/><V20/><F100/><W108/><G121/><T1/><D1/><U134/><E38/><V10/><F75/><W133/><G2/><T128/><D127/><U69/><E105/><V9/><F77/><W58/><G70/><T126/><D126/><U109/><E7/><V125/><F125/><W65/><G37/><T4/><D135/><N who="3" m="51785" /><G43/><T18/><D42/><U86/><E134/><V30/><F30/><W51/><G108/><T101/><D28/><U19/><E109/><V15/><F15/><W45/><G45/><T102/><D18/><U124/><E124/><V53/><F6/><W29/><G51/><N who="0" m="31231" /><D4/><U3/><E3/><V99/><F53/><W16/><G29/><T14/><D14/><U32/><E50/><AGARI ba="1,0" hai="9,10,17,20,25,46,48,50,52,54,57,90,94,99" machi="50" ten="30,11600,0" yaku="7,1,8,1,52,1,54,1" doraHai="23" who="2" fromWho="1" sc="341,0,203,-119,285,119,171,0" /><INIT seed="2,2,0,3,1,84" ten="341,84,404,171" oya="2" hai0="121,19,94,113,42,119,57,82,35,133,108,23,98" hai1="50,28,9,47,78,61,96,33,27,55,120,70,60" hai2="4,29,109,21,126,6,32,72,20,102,45,92,16" hai3="86,37,122,83,99,67,106,89,66,111,134,91,11"/><V107/><F107/><W44/><G122/><T56/><D121/><U68/><E120/><V127/><F72/><W124/><G111/><T74/><D113/><U49/><E78/><V125/><F109/><W34/><G34/><T41/><D35/><U123/><E123/><V14/><F45/><W52/><G124/><T80/><D108/><U46/><E9/><N who="2" m="6223" /><F92/><N who="3" m="56735" /><G37/><T97/><D133/><U73/><E73/><V51/><F51/><N who="3" m="28775" /><G106/><T40/><D98/><U5/><E5/><N who="2" m="2155" /><F102/><W36/><G36/><T87/><D74/><U116/><E116/><V15/><F15/><W101/><G134/><T64/><D119/><U135/><E135/><V81/><F81/><W69/><G69/><T39/><D39/><U48/><E48/><V7/><F7/><W112/><G112/><T62/><D87/><U130/><E130/><V71/><F71/><W12/><G101/><N who="0" m="60599" /><D57/><U90/><E70/><V8/><F8/><W100/><G100/><T43/><N who="0" m="10240" /><DORA hai="25" /><T26/><AGARI ba="2,0" hai="19,23,26,56,62,64,80,82" m="10240,60599" machi="26" ten="40,2700,0" yaku="4,1,8,1" doraHai="84,25" who="0" fromWho="0" sc="341,33,84,-9,404,-15,171,-9" /><INIT seed="3,0,0,2,0,68" ten="374,75,389,162" oya="3" hai0="20,93,119,56,62,135,124,65,112,111,108,21,114" hai1="73,49,103,91,57,0,115,13,107,87,118,48,95" hai2="38,128,70,90,46,116,92,4,50,134,6,35,76" hai3="98,71,52,101,82,39,74,75,3,104,67,33,88"/><W80/><G3/><T122/><D119/><U89/><E115/><N who="0" m="44073" /><D122/><U37/><E0/><V130/><F116/><W96/><G39/><T102/><D124/><U81/><E118/><V16/><F38/><W27/><G52/><T23/><D135/><U126/><E126/><V94/><F134/><W78/><G78/><T2/><D2/><U109/><E109/><N who="0" m="42057" /><D93/><U131/><E131/><N who="2" m="50219" /><F70/><W26/><G26/><T28/><D102/><U1/><E1/><V85/><F35/><W129/><G27/><AGARI ba="0,0" hai="20,21,23,27,28,56,62,65" m="42057,44073" machi="27" ten="30,2000,0" yaku="11,1,14,1" doraHai="68" who="0" fromWho="3" sc="374,20,75,0,389,0,162,-20" owari="394,49.4,75,-42.5,389,18.9,142,-25.8" /></mjloggm>