<mjloggm ver="2.3"><GO type="225" lobby="0"/><UN n0="%E3%82%BC%E3%83%AB%E3%83%80%E3%81%AE%E4%BC%9D%E8%AA%AC" n1="%E8%81%B7%E6%A5%AD%E3%80%81%E9%A2%A8%32" n2="%E5%B0%8F%E9%B3%A5%E9%81%8A%E7%B7%B4%E7%84%A1%32%31%E6%AD%B3" n3="%E3%83%96%E3%83%83%E3%83%91%E3%82%AA%E3%83%96%E3%83%81%E3%82%AD%E3%83%B3" dan="17,16,16,16" rate="2165.90,2163.66,2171.41,2189.16" sx="M,M,F,M"/><TAIKYOKU oya="0"/><INIT seed="0,0,0,4,3,28" ten="250,250,250,250" oya="0" hai0="86,109,107,60,56,40,52,84,98,2,81,35,4" hai1="76,90,105,125,131,106,82,62,22,50,85,99,20" hai2="37,19,66,122,80,29,116,72,57,17,23,68,83" hai3="88,36,94,11,103,111,95,114,96,108,127,44,58"/><T61/><D35/><U129/><E125/><V59/><F122/><W32/><G114/><T16/><D109/><N who="3" m="42057" /><G127/><T134/><D134/><U38/><E38/><V73/><F37/><W113/><G113/><T67/><D40/><U121/><E121/><V33/><F68/><W118/><G118/><T24/><D2/><U132/><E132/><V87/><F23/><N who="1" m="8745" /><E50/><V3/><F29/><W30/><G58/><T123/><D123/><U97/><E62/><V126/><F87/><N who="3" m="52511" /><G11/><T104/><D4/><U42/><E42/><V93/><F126/><W7/><G7/><T5/><D5/><U74/><E105/><V117/><F66/><W43/><G30/><T102/><D107/><U18/><E18/><V46/><F46/><W75/><G75/><T14/><D24/><U135/><E135/><V119/><F117/><W45/><G44/><T31/><D31/><U64/><E64/><V71/><F71/><W112/><G112/><T21/><REACH who="0" step="1"/><D81/><REACH who="0" ten="240,250,250,250" step="2"/><N who="1" m="45207" /><E106/><V6/><F6/><W101/><G103/><T15/><D15/><U89/><E131/><V91/><F3/><W47/><G45/><T53/><D53/><U25/><E25/><V26/><F26/><W49/><G36/><T51/><D51/><U128/><E129/><V79/><F119/><W0/><G0/><T12/><D12/><U63/><E128/><V41/><F116/><W10/><G10/><T115/><D115/><U100/><E63/><V8/><F8/><W54/><G43/><T34/><D34/><AGARI ba="0,1" hai="32,34,47,49,54,95,96,101" m="52511,42057" machi="34" ten="30,7700,0" yaku="14,1,52,2,54,1" doraHai="28" who="3" fromWho="0" sc="240,-77,250,0,250,0,250,87" /><INIT seed="1,0,0,4,5,38" ten="163,250,250,337" oya="1" hai0="134,89,10,67,14,106,20,62,6,117,133,104,22" hai1="87,97,78,44,75,35,65,88,125,70,15,5,18" hai2="1,71,31,50,73,47,7,19,30,32,91,129,100" hai3="42,135,76,46,112,83,107,51,48,60,69,113,92"/><U54/><E125/><V132/><F73/><W118/><G107/><T63/><D117/><U130/><E130/><V57/><F71/><W122/><G122/><T111/><D111/><U56/><E35/><V26/><F30/><W84/><G118/><T72/><D72/><U102/><E5/><V52/><F132/><N who="0" m="50794" /><D89/><U99/><E70/><V110/><F110/><W55/><G135/><T34/><D34/><U3/><E3/><V90/><F129/><W121/><G121/><T29/><D62/><N who="1" m="38087" /><E75/><V0/><F100/><W2/><G2/><T68/><D22/><N who="1" m="11615" /><E78/><V103/><F103/><W93/><G113/><T23/><D20/><U120/><E102/><V39/><F0/><W24/><G112/><T105/><D105/><U119/><E119/><V43/><REACH who="2" step="1"/><F19/><REACH who="2" ten="163,250,240,337" step="2"/><W79/><G69/><T131/><D131/><U82/><E120/><V115/><F115/><W81/><G60/><T58/><D68/><U41/><E54/><V85/><F85/><W108/><G84/><T124/><D124/><U4/><E4/><V8/><AGARI ba="0,1" hai="1,7,8,26,31,32,39,43,47,50,52,57,90,91" machi="8" ten="30,7900,0" yaku="1,1,0,1,52,1,54,1,53,0" doraHai="38" doraHaiUra="101" who="2" fromWho="2" sc="163,-20,250,-39,240,89,337,-20" /><INIT seed="2,0,0,4,1,75" ten="143,211,329,317" oya="2" hai0="9,14,55,121,113,77,87,94,38,60,128,7,59" hai1="42,104,21,33,43,82,4,19,0,102,99,125,28" hai2="95,15,63,57,88,10,2,122,20,25,29,51,65" hai3="73,97,92,8,58,76,49,68,90,110,129,50,17"/><V62/><F2/><W111/><G68/><T126/><D121/><U66/><E125/><V12/><F122/><W5/><G129/><T123/><D123/><U31/><E66/><V52/><F63/><W45/><G17/><T35/><D113/><U135/><E135/><V114/><F114/><W124/><G124/><T24/><D126/><U106/><E106/><V132/><F132/><W78/><G58/><T6/><D38/><U39/><E39/><V134/><F10/><W120/><G50/><T107/><D107/><U119/><E119/><V86/><REACH who="2" step="1"/><F134/><REACH who="2" ten="143,211,319,317" step="2"/><W1/><G120/><T74/><D128/><U133/><E0/><V26/><F26/><W93/><G73/><T23/><D74/><U96/><E133/><V116/><F116/><W3/><G3/><T34/><D6/><U105/><E4/><V27/><F27/><W103/><G1/><T100/><D24/><U79/><E31/><V85/><F85/><N who="3" m="52303" /><G8/><T54/><D9/><U22/><E28/><V36/><F36/><W67/><G5/><T71/><D7/><U112/><E112/><V91/><F91/><W56/><G67/><T16/><D60/><U30/><E30/><V109/><F109/><W80/><G111/><T130/><D130/><U48/><E19/><V81/><F81/><W84/><G110/><T118/><D118/><U11/><E82/><V32/><F32/><W101/><G84/><T98/><D35/><U108/><E33/><V115/><F115/><W40/><G80/><T44/><D34/><U83/><E11/><V13/><F13/><W117/><G117/><T61/><D14/><RYUUKYOKU ba="0,1" sc="143,-10,211,-10,319,30,317,-10" hai2="12,15,20,25,29,51,52,57,62,65,86,88,95" /><INIT seed="2,1,1,5,5,97" ten="133,201,349,307" oya="2" hai0="84,14,77,127,62,79,40,110,72,29,135,9,76" hai1="128,22,25,89,2,38,49,35,58,95,74,90,103" hai2="78,17,116,134,61,63,33,10,88,86,34,11,133" hai3="83,109,123,8,99,124,71,24,92,60,100,101,19"/><V1/><F78/><W46/><G123/><T57/><D72/><U45/><E128/><V129/><F116/><W108/><G124/><T130/><D127/><U55/><E74/><V52/><F129/><W107/><G83/><T64/><D130/><U43/><E2/><V113/><F113/><W42/><G71/><T31/><D135/><N who="2" m="51722" /><F17/><W65/><G107/><T125/><D125/><U0/><E0/><V131/><F131/><W106/><G106/><T91/><D40/><U7/><E7/><N who="2" m="1391" /><F11/><W121/><G121/><T111/><D111/><N who="3" m="42569" /><G24/><T66/><D110/><U21/><E35/><N who="2" m="13323" /><F52/><W53/><G19/><T85/><D64/><U75/><E75/><V41/><F41/><W115/><G8/><T94/><REACH who="0" step="1"/><D85/><REACH who="0" ten="123,201,349,307" step="2"/><U20/><E25/><V15/><F15/><W98/><G115/><T37/><D37/><U30/><E38/><V68/><F68/><N who="3" m="42023" /><G42/><T3/><D3/><U23/><E43/><V126/><F126/><W132/><G132/><T93/><D93/><AGARI ba="1,2" hai="61,63,86,88,93" m="13323,1391,51722" machi="93" ten="30,2900,0" yaku="20,1,54,1" doraHai="97" who="2" fromWho="0" sc="123,-32,201,0,349,52,307,0" /><INIT seed="2,2,0,3,3,119" ten="91,201,401,307" oya="2" hai0="116,117,34,14,124,130,63,92,25,22,15,56,57" hai1="26,100,58,98,24,52,86,27,43,28,91,35,46" hai2="30,39,90,20,108,74,4,1,112,125,118,99,50" hai3="87,40,42,83,62,79,122,133,47,49,115,60,76"/><V110/><F39/><W131/><G131/><T9/><D130/><U55/><E35/><V128/><F112/><W3/><G3/><T18/><D124/><U85/><E28/><V82/><F74/><W0/><G0/><T102/><D34/><U111/><E111/><N who="2" m="42539" /><F50/><W41/><G133/><T78/><D78/><N who="3" m="29737" /><G122/><T72/><D72/><U11/><E11/><V89/><F118/><W69/><G69/><T67/><D56/><U61/><E55/><V2/><F82/><W36/><G36/><T31/><REACH who="0" step="1"/><D15/><REACH who="0" ten="81,201,401,307" step="2"/><U75/><E75/><V107/><F128/><W73/><G73/><T126/><D126/><U70/><E70/><V23/><F125/><W132/><G115/><T123/><D123/><U127/><E127/><V81/><F1/><W17/><G132/><T94/><D94/><U68/><E68/><V59/><F2/><W19/><G83/><T101/><D101/><U120/><E120/><V7/><F81/><W10/><G42/><T109/><D109/><U65/><E100/><V33/><F59/><W77/><G40/><T5/><D5/><U105/><E43/><V80/><F80/><W121/><G41/><T113/><D113/><U44/><E58/><V21/><F4/><W96/><G77/><T95/><D95/><U114/><E114/><V135/><F7/><W53/><G121/><T45/><D45/><U8/><E44/><V51/><F135/><W48/><G47/><T13/><D13/><U129/><E46/><V54/><F33/><W64/><G64/><T88/><D88/><U29/><E129/><V16/><F89/><W93/><G93/><RYUUKYOKU ba="2,1" sc="81,30,201,-10,401,-10,307,-10" hai0="9,14,18,22,25,31,57,63,67,92,102,116,117" /><INIT seed="3,3,1,1,0,44" ten="111,191,391,297" oya="3" hai0="46,24,35,54,69,12,58,38,106,82,25,45,113" hai1="105,119,9,33,2,116,18,110,131,52,30,16,56" hai2="112,10,6,64,102,5,37,47,88,109,115,50,42" hai3="107,36,101,121,0,17,91,39,11,68,26,80,114"/><W97/><G114/><T81/><D106/><U66/><E105/><V8/><F109/><W85/><G121/><T73/><D113/><U130/><E110/><V19/><F37/><W87/><G68/><T27/><D35/><U4/><E66/><V41/><F41/><W20/><REACH who="3" step="1"/><G85/><REACH who="3" ten="111,191,391,287" step="2"/><T60/><D73/><U70/><E70/><V89/><F115/><W31/><G31/><T15/><D69/><U53/><E30/><V78/><F112/><W83/><G83/><T100/><D100/><U133/><E119/><V7/><F102/><W72/><G72/><T75/><D75/><U90/><E116/><V124/><F124/><W92/><G92/><T63/><D81/><U40/><E131/><V123/><F123/><W49/><G49/><T134/><D82/><U28/><E28/><V32/><F32/><W48/><G48/><T79/><D38/><U77/><E130/><V118/><F118/><W94/><G94/><T126/><D126/><U14/><E33/><V55/><F78/><W23/><G23/><T93/><D79/><U128/><E77/><V127/><F127/><W84/><G84/><T108/><D108/><U120/><E120/><V98/><F8/><W104/><G104/><T117/><D117/><U29/><E9/><V1/><F10/><W67/><G67/><T111/><D111/><U76/><E76/><V99/><F64/><W43/><G43/><T65/><D93/><U86/><E40/><V103/><F42/><W125/><G125/><T22/><D22/><U129/><E128/><V57/><F50/><W71/><G71/><N who="0" m="42407" /><D134/><U51/><E133/><RYUUKYOKU ba="3,2" sc="111,15,191,-15,391,-15,287,15" hai0="12,15,24,25,27,45,46,54,58,63" hai3="0,11,17,20,26,36,39,80,87,91,97,101,107" /><INIT seed="3,4,2,3,0,34" ten="126,176,376,302" oya="3" hai0="56,19,52,57,3,43,88,97,110,106,119,101,105" hai1="42,69,120,77,117,65,25,14,29,108,79,26,125" hai2="130,82,23,85,2,100,8,89,93,74,54,70,111" hai3="38,96,7,59,127,13,75,39,113,78,76,98,30"/><W63/><G113/><T131/><D119/><U9/><E120/><V51/><F70/><W58/><G127/><T40/><D105/><U18/><E125/><V107/><F130/><W92/><G30/><T115/><D131/><U4/><E117/><V22/><F111/><W62/><G7/><T99/><D3/><U134/><E108/><V28/><F28/><W112/><G112/><T32/><D115/><U121/><E121/><V123/><F8/><W91/><G13/><T114/><D114/><U118/><E118/><V55/><F2/><W16/><G75/><T95/><D110/><U21/><E134/><V1/><F1/><W66/><G16/><T53/><D32/><U41/><E65/><V49/><F123/><W11/><G11/><T122/><D122/><U36/><E69/><V10/><F10/><W81/><G98/><T132/><D132/><U129/><E129/><V71/><F71/><W94/><G92/><N who="0" m="56455" /><D106/><U128/><E128/><V31/><F31/><W133/><G133/><T20/><D56/><U27/><E36/><V47/><F107/><W68/><G68/><T12/><D52/><U61/><E61/><AGARI ba="4,2" hai="12,19,20,40,43,53,57,61,95,99,101" m="56455" machi="61" ten="30,2000,0" yaku="8,1,54,1" doraHai="34" who="0" fromWho="1" sc="126,52,176,-32,376,0,302,0" owari="178,-22.2,144,-35.6,376,47.6,302,10.2" /></mjloggm>