<mjloggm ver="2.3"><GO type="225" lobby="0"/><UN n0="%72%61%6B%33" n1="%33%74%72%65%65" n2="%E6%98%93%E5%88%A9%E8%96%A9%E4%BC%AF" n3="%4E%6F%2E%30%30%30%31" dan="16,17,17,18" rate="2119.50,2140.51,2235.16,2243.90" sx="M,F,F,M"/><TAIKYOKU oya="0"/><INIT seed="0,0,0,5,2,5" ten="250,250,250,250" oya="0" hai0="31,47,26,126,65,0,87,67,111,110,3,66,15" hai1="64,12,29,23,83,97,59,128,43,63,10,40,108" hai2="20,96,11,95,55,106,98,113,107,45,51,102,7" hai3="131,71,115,44,69,93,103,32,117,135,4,34,88"/><T50/><D126/><U121/><E121/><V124/><F113/><W132/><G115/><T58/><D58/><U129/><E108/><N who="0" m="41513" /><D15/><U8/><E97/><V46/><F124/><W54/><G117/><T112/><D87/><U37/><E83/><V25/><F46/><W39/><G131/><N who="1" m="50250" /><E37/><V122/><F98/><W19/><G39/><T90/><D90/><U104/><E104/><V30/><REACH who="2" step="1"/><F122/><REACH who="2" ten="250,250,240,250" step="2"/><W116/><G44/><T85/><D112/><U49/><E49/><V1/><AGARI ba="0,1" hai="1,7,11,20,25,30,45,51,55,95,96,102,106,107" machi="1" ten="20,8000,1" yaku="1,1,2,1,0,1,7,1,52,1,53,0" doraHai="5" doraHaiUra="74" who="2" fromWho="2" sc="250,-40,250,-20,240,90,250,-20" /><INIT seed="1,0,0,0,5,21" ten="210,230,330,230" oya="1" hai0="134,128,47,83,101,40,57,132,97,98,119,68,75" hai1="60,92,30,82,81,37,6,59,35,28,53,42,104" hai2="61,111,71,114,64,120,33,8,125,44,105,108,51" hai3="85,19,72,70,130,93,32,124,96,29,67,24,17"/><U76/><E104/><V129/><F105/><W26/><G72/><T41/><D68/><U84/><E6/><V80/><F80/><W13/><G130/><T10/><D119/><U106/><E106/><V109/><F120/><W38/><G38/><T54/><D128/><U107/><E107/><V100/><F100/><W112/><G112/><T113/><D113/><U4/><E4/><V78/><F78/><W127/><G85/><T46/><D10/><U63/><E63/><V89/><F89/><W27/><G67/><T43/><D83/><U9/><E9/><V36/><F129/><W73/><G70/><T16/><D75/><U11/><E11/><V118/><F118/><W90/><G73/><T2/><D2/><U86/><E92/><V58/><F114/><W99/><G99/><T62/><D101/><U94/><E94/><V39/><F33/><W122/><G122/><T87/><D87/><U56/><E56/><V14/><F125/><N who="3" m="48203" /><G19/><T3/><D16/><U135/><E86/><V31/><F71/><W121/><G121/><T95/><D95/><U123/><E84/><V7/><F31/><W18/><G17/><T12/><D98/><U74/><E30/><V15/><F15/><W52/><G52/><AGARI ba="0,0" hai="7,8,14,36,39,44,51,52,58,61,64,108,109,111" machi="52" ten="40,2600,0" yaku="14,1,54,1" doraHai="21" who="2" fromWho="3" sc="210,0,230,0,330,26,230,-26" /><INIT seed="2,0,0,0,1,43" ten="210,230,356,204" oya="2" hai0="19,0,46,52,39,109,26,105,92,8,45,15,17" hai1="58,123,131,120,47,56,88,94,6,64,4,73,126" hai2="59,118,41,49,24,70,129,102,27,11,80,133,97" hai3="115,96,125,72,29,99,51,122,61,30,22,2,85"/><V12/><F118/><W1/><G122/><N who="1" m="46634" /><E131/><V90/><F70/><W67/><G72/><T62/><D105/><U60/><E126/><V81/><F133/><W44/><G125/><T23/><D109/><U18/><E73/><V106/><F129/><W48/><G115/><T33/><D39/><U93/><E56/><V83/><F90/><W42/><G85/><T108/><D108/><U66/><E66/><V112/><F112/><W116/><G116/><T31/><D92/><N who="1" m="35435" /><E88/><V111/><F111/><W134/><G134/><T110/><D110/><U20/><E47/><N who="0" m="17929" /><D0/><U113/><E113/><V28/><F41/><W36/><G1/><T107/><D107/><U13/><AGARI ba="0,0" hai="4,6,13,18,20,58,60,64" m="35435,46634" machi="13" ten="30,1100,0" yaku="13,1" doraHai="43" who="1" fromWho="1" sc="210,-3,230,11,356,-5,204,-3" /><INIT seed="3,0,0,3,0,107" ten="207,241,351,201" oya="3" hai0="47,64,94,129,40,122,132,117,17,12,5,116,135" hai1="108,6,53,113,88,100,89,77,98,14,70,51,80" hai2="0,1,44,61,16,97,121,27,104,96,2,103,11" hai3="127,69,109,29,45,114,71,28,39,36,111,83,13"/><W131/><G114/><T120/><D5/><U130/><E108/><N who="3" m="41546" /><G131/><T46/><D129/><U30/><E70/><N who="3" m="26634" /><G127/><T23/><D64/><U49/><E113/><V128/><F128/><W75/><G13/><T32/><D32/><U82/><E130/><V55/><F121/><N who="0" m="46698" /><D94/><U26/><E14/><V125/><F125/><W119/><G119/><N who="0" m="45643" /><D40/><U58/><E26/><V90/><F27/><W63/><G63/><T110/><D110/><U105/><E6/><V4/><F61/><W37/><G45/><T112/><D112/><U72/><E30/><N who="3" m="11882" /><G83/><T24/><D46/><U78/><E49/><V43/><F44/><W76/><G76/><T9/><D47/><U21/><E21/><V31/><F2/><W118/><G118/><T87/><D87/><AGARI ba="0,0" hai="51,53,58,72,77,78,80,82,87,88,89,98,100,105" machi="87" ten="30,3900,0" yaku="7,1,52,1,54,1" doraHai="107" who="1" fromWho="0" sc="207,-39,241,39,351,0,201,0" owari="168,-33.2,280,8.0,351,45.1,201,-19.9" /></mjloggm>