<mjloggm ver="2.3"><GO type="225" lobby="0"/><UN n0="%E3%83%8F%E3%83%B3%E3%83%89%E3%83%A9%E3%83%BC%E3%83%BB%E3%83%AF%E3%83%B3" n1="%33%74%72%65%65" n2="%E4%BF%BA%E3%81%A8%E5%A6%96%E5%A4%A2" n3="%E3%81%AF%E3%82%88%E3%81%8A%E3%81%98%E3%81%95%E3%82%93" dan="17,16,16,17" rate="2205.80,2094.54,2263.87,2213.48" sx="M,F,F,M"/><TAIKYOKU oya="0"/><INIT seed="0,0,0,1,0,102" ten="250,250,250,250" oya="0" hai0="68,22,135,73,116,117,75,90,12,70,55,132,80" hai1="86,8,83,16,29,97,81,131,21,105,62,41,13" hai2="130,66,45,1,87,3,49,113,67,118,42,31,47" hai3="129,58,32,61,57,53,54,37,89,112,123,14,103"/><T98/><D55/><U76/><E131/><V64/><F113/><W104/><G112/><T35/><D35/><U69/><E41/><V0/><F130/><W5/><G129/><T38/><D38/><U27/><E81/><V109/><F109/><W101/><G32/><T40/><D40/><U122/><E122/><V30/><F118/><N who="0" m="45674" /><D12/><U119/><E119/><V63/><F63/><W111/><G111/><T85/><D22/><U124/><E124/><V44/><F42/><W110/><G110/><T39/><D39/><U48/><E48/><V24/><F49/><W114/><G114/><T9/><D9/><U78/><E78/><V79/><F24/><W59/><G123/><T115/><D68/><U126/><E126/><V71/><F71/><W7/><G37/><T77/><D70/><U133/><E133/><N who="0" m="51273" /><D115/><U18/><E69/><V74/><F74/><W95/><G104/><T60/><D60/><U84/><E62/><V28/><F79/><W43/><G43/><T106/><D77/><U99/><E105/><V51/><F51/><N who="3" m="30911" /><G58/><T26/><D26/><U34/><REACH who="1" step="1"/><E86/><AGARI ba="0,0" hai="0,1,3,28,30,31,44,45,47,64,66,67,86,87" machi="86" ten="60,32000,5" yakuman="41" doraHai="102" who="2" fromWho="1" sc="250,0,250,-320,250,320,250,0" owari="250,5.0,-70,-57.0,570,67.0,250,-15.0" /></mjloggm>