<mjloggm ver="2.3"><GO type="225" lobby="0"/><UN n0="%E3%81%BD%E3%81%A1%E3%81%9F%E3%81%93%E3%82%84" n1="%E3%81%99%E3%81%84%E3%81%BE%E3%81%9B%E3%83%BC%E3%82%93" n2="%43%68%65" n3="%E6%B7%91%E5%A5%B3%E3%81%AE%E5%97%9C%E3%81%BF" dan="17,18,16,16" rate="2233.49,2182.90,2128.55,2087.64" sx="M,M,M,M"/><TAIKYOKU oya="0"/><INIT seed="0,0,0,1,1,62" ten="250,250,250,250" oya="0" hai0="118,65,128,11,108,57,16,95,83,120,82,50,116" hai1="3,10,23,109,46,35,115,18,126,79,114,119,69" hai2="52,89,70,105,51,133,60,17,66,127,54,130,132" hai3="21,34,78,9,123,84,107,59,42,94,134,44,43"/><T110/><D120/><U45/><E119/><V61/><F105/><W31/><G107/><T90/><D128/><U14/><E109/><N who="0" m="42089" /><D11/><U5/><E126/><V80/><F127/><W15/><G134/><N who="2" m="51817" /><F130/><W97/><G34/><T68/><D68/><U53/><E69/><V71/><F17/><W55/><G123/><T29/><D29/><U36/><E35/><V56/><F89/><W86/><G21/><T22/><D83/><U40/><REACH who="1" step="1"/><E79/><REACH who="1" ten="250,240,250,250" step="2"/><V12/><F80/><W0/><G78/><T49/><D82/><U81/><E81/><V124/><F124/><W4/><G84/><N who="0" m="52679" /><D118/><U74/><E74/><V104/><F104/><W135/><G86/><T96/><D116/><U39/><E39/><V27/><F71/><W41/><G135/><T122/><D96/><U67/><E67/><V37/><F37/><W1/><G97/><T48/><D122/><U30/><E30/><V2/><F70/><W33/><G94/><T100/><D100/><U25/><E25/><V19/><F27/><W101/><G101/><T77/><D77/><U92/><E92/><V6/><F66/><W63/><G31/><T111/><D111/><U75/><E75/><V87/><F87/><W64/><REACH who="3" step="1"/><G33/><REACH who="3" ten="250,240,250,240" step="2"/><T47/><D47/><U98/><E98/><V91/><F91/><W93/><G93/><T117/><D117/><U13/><E13/><V58/><F12/><W20/><G20/><T85/><D85/><U99/><E99/><V88/><F88/><W38/><G38/><T125/><D125/><U121/><E121/><V129/><F129/><W102/><G102/><T7/><D22/><RYUUKYOKU ba="0,2" sc="250,-15,240,15,250,-15,240,15" hai1="3,5,10,14,18,23,36,40,45,46,53,114,115" hai3="0,1,4,9,15,41,42,43,44,55,59,63,64" /><INIT seed="1,1,2,0,2,40" ten="235,255,235,255" oya="1" hai0="31,80,51,52,94,99,35,131,101,97,119,46,61" hai1="41,105,36,114,88,79,19,130,86,62,85,44,56" hai2="48,6,127,104,38,120,70,21,45,109,96,110,57" hai3="22,106,55,83,1,123,133,82,90,60,126,10,54"/><U124/><E114/><V30/><F120/><W116/><G123/><T47/><D119/><U58/><E124/><V17/><F70/><W132/><G116/><T15/><D131/><U69/><E130/><V43/><F127/><W93/><G106/><T71/><D80/><N who="3" m="30761" /><G126/><T103/><D35/><U16/><E105/><V28/><F6/><N who="3" m="1359" /><G22/><T76/><D31/><U102/><E102/><N who="2" m="62535" /><F57/><N who="3" m="34871" /><G55/><T14/><D76/><U100/><E100/><V77/><F77/><W84/><G84/><T24/><D24/><U134/><E79/><V122/><F38/><W65/><G93/><N who="0" m="58543" /><D71/><U3/><E3/><V64/><F64/><W13/><G90/><T98/><D98/><U66/><E134/><N who="3" m="51818" /><G65/><T117/><D117/><U42/><E42/><V111/><F122/><W5/><G5/><T49/><D61/><U53/><E58/><V34/><F34/><W63/><G63/><T89/><D89/><U112/><E112/><V27/><AGARI ba="1,2" hai="17,21,27,28,30,43,45,48,109,110,111" m="62535" machi="27" ten="30,2000,0" yaku="14,1,52,1" doraHai="40" who="2" fromWho="2" sc="235,-6,255,-11,235,43,255,-6" /><INIT seed="2,0,0,4,5,121" ten="229,244,278,249" oya="2" hai0="86,33,48,91,0,52,82,7,127,92,14,76,54" hai1="30,113,29,32,111,83,130,85,101,40,80,107,97" hai2="26,21,94,31,5,34,63,98,135,67,11,65,25" hai3="133,104,2,70,45,123,75,38,55,77,117,60,19"/><V89/><F135/><W68/><G117/><T3/><D33/><U106/><E113/><V58/><F67/><W122/><G104/><T118/><D127/><U18/><E107/><V44/><F44/><W126/><G126/><T56/><D118/><U108/><E130/><V103/><F89/><W115/><G115/><T35/><D35/><U61/><E40/><V81/><F81/><N who="3" m="45247" /><G19/><T134/><D134/><U71/><E18/><V96/><F96/><W62/><G55/><T90/><D90/><U50/><E50/><V42/><F42/><N who="3" m="22743" /><G2/><T100/><D100/><U110/><E32/><V84/><F84/><W59/><G59/><T87/><REACH who="0" step="1"/><D54/><REACH who="0" ten="219,244,278,249" step="2"/><U132/><E132/><V102/><F102/><W17/><G133/><T78/><D78/><N who="1" m="46231" /><E83/><V10/><REACH who="2" step="1"/><F5/><REACH who="2" ten="219,244,268,249" step="2"/><W8/><G123/><T129/><D129/><U105/><E105/><V24/><F24/><W15/><G122/><T66/><D66/><AGARI ba="0,2" hai="29,30,61,66,71,97,101,106,108,110,111" m="46231" machi="66" ten="30,7700,0" yaku="14,1,52,3" doraHai="121" who="1" fromWho="0" sc="219,-77,244,97,268,0,249,0" /><INIT seed="3,0,0,4,0,56" ten="142,341,268,249" oya="3" hai0="54,38,70,58,12,37,62,14,17,16,73,6,26" hai1="103,22,96,44,45,67,118,115,31,21,83,126,87" hai2="105,90,65,13,91,114,107,48,69,20,92,121,57" hai3="47,49,79,2,78,64,23,41,36,112,131,117,119"/><W68/><G112/><T4/><D73/><U132/><E115/><V60/><F114/><W66/><G2/><T104/><D104/><U19/><E132/><V125/><F125/><W111/><G131/><T63/><D26/><U94/><E126/><V9/><F91/><W25/><G111/><T1/><D1/><U82/><E67/><V93/><F92/><W8/><G8/><T10/><D70/><U123/><E123/><V15/><F121/><W24/><G36/><T85/><D85/><U102/><E103/><V50/><F15/><W51/><G23/><N who="0" m="11655" /><D38/><U71/><E71/><V32/><F20/><W43/><G68/><T84/><D37/><U98/><E98/><V77/><F32/><W18/><G18/><T61/><D84/><U33/><E33/><V52/><F107/><W113/><G113/><T7/><AGARI ba="0,0" hai="4,6,7,10,14,17,54,58,61,62,63" m="11655" machi="7" ten="30,8000,1" yaku="8,1,52,3,54,1" doraHai="56" who="0" fromWho="0" sc="142,80,341,-20,268,-20,249,-40" owari="222,-17.8,321,42.1,248,4.8,209,-29.1" /></mjloggm>