<mjloggm ver="2.3"><GO type="225" lobby="0"/><UN n0="%33%74%72%65%65" n1="%E3%83%A9%E3%82%A4%E3%83%B3%E3%81%AE%E8%99%8E" n2="%E3%83%94%E3%83%B3%E3%82%B5%E3%83%AD%E5%BA%97%E5%93%A1" n3="%66%67%67%68%68%64%66" dan="17,16,17,16" rate="2201.67,2180.44,2216.95,2095.20" sx="F,M,M,M"/><TAIKYOKU oya="0"/><INIT seed="0,0,0,0,3,103" ten="250,250,250,250" oya="0" hai0="70,129,133,132,80,35,113,79,121,47,6,134,122" hai1="65,125,21,101,90,61,111,58,12,52,49,3,51" hai2="14,100,118,30,43,98,50,96,31,40,109,81,120" hai3="68,92,94,85,25,107,26,117,59,13,115,37,41"/><T112/><D35/><U114/><E111/><V86/><F120/><N who="0" m="46186" /><D70/><U108/><E108/><V104/><F109/><W72/><G115/><N who="0" m="44107" /><D6/><U66/><E125/><V7/><F118/><W42/><G117/><T130/><D47/><U95/><E101/><V46/><F98/><W54/><G68/><T16/><D16/><N who="1" m="10375" /><E3/><V110/><F43/><W18/><G37/><T97/><D97/><N who="1" m="57591" /><E114/><V29/><F110/><W33/><G33/><T131/><D131/><U39/><E39/><V17/><F7/><W60/><G18/><T124/><D124/><U1/><E1/><V64/><F64/><AGARI ba="0,0" hai="49,51,52,58,61,64,65,66" m="57591,10375" machi="64" ten="30,3900,0" yaku="8,1,54,2" doraHai="103" who="1" fromWho="2" sc="250,0,250,39,250,-39,250,0" /><INIT seed="1,0,0,3,3,39" ten="250,289,211,250" oya="1" hai0="72,124,110,37,31,100,5,26,28,17,21,52,135" hai1="12,78,27,67,58,106,91,93,95,98,133,114,54" hai2="56,61,45,11,1,84,65,9,85,129,75,59,109" hai3="25,19,4,51,125,79,130,128,123,44,32,102,46"/><U88/><E114/><V10/><F75/><W113/><G113/><T90/><D72/><U33/><E133/><V22/><F1/><W104/><G123/><T35/><D135/><U49/><E106/><V42/><F109/><W105/><G125/><T86/><D110/><U107/><E107/><V64/><F129/><N who="3" m="49771" /><G4/><T97/><D124/><U126/><E126/><V96/><F96/><N who="3" m="61511" /><G105/><T122/><D122/><U81/><E67/><V94/><F94/><W134/><G134/><T57/><D5/><U127/><E127/><V73/><F73/><W116/><G116/><T6/><D6/><U101/><E12/><V55/><F22/><N who="3" m="13535" /><G32/><T43/><D35/><U76/><E95/><V89/><F89/><W40/><G44/><T103/><D103/><U77/><REACH who="1" step="1"/><E81/><REACH who="1" ten="250,279,211,250" step="2"/><V132/><F132/><W50/><G79/><T117/><D117/><U41/><E41/><V68/><F68/><W69/><G69/><T20/><D43/><U121/><E121/><V99/><F99/><W92/><G92/><T83/><D97/><U53/><E53/><V115/><F115/><W23/><G23/><T14/><D52/><U80/><E80/><V87/><REACH who="2" step="1"/><F59/><REACH who="2" ten="250,279,201,250" step="2"/><W18/><G18/><T16/><D57/><U13/><E13/><V108/><F108/><W2/><G2/><T66/><D17/><U70/><E70/><V119/><F119/><W3/><G3/><T111/><D111/><U34/><E34/><V112/><F112/><W131/><G131/><T82/><D16/><U120/><E120/><V0/><F0/><W60/><G46/><T47/><D47/><U15/><E15/><RYUUKYOKU ba="0,2" sc="250,-15,279,15,201,15,250,-15" hai1="27,33,49,54,58,76,77,78,88,91,93,98,101" hai2="9,10,11,42,45,55,56,61,64,65,84,85,87" /><INIT seed="1,1,2,5,1,46" ten="235,294,216,235" oya="1" hai0="109,86,96,89,11,8,122,68,126,123,78,15,129" hai1="12,28,1,61,50,2,29,81,41,67,98,13,102" hai2="24,22,95,25,7,132,19,70,90,6,59,101,10" hai3="105,37,112,94,62,69,125,88,0,80,55,58,38"/><U111/><E111/><V135/><F70/><W131/><G112/><T128/><D68/><U17/><E2/><V91/><F59/><W16/><G105/><T4/><D109/><U127/><E1/><V52/><F52/><W84/><G0/><N who="0" m="7" /><D96/><U93/><E127/><V130/><F130/><N who="0" m="50282" /><D78/><U43/><E81/><V9/><F101/><W82/><G125/><T49/><D49/><U106/><E106/><V83/><F83/><W33/><G33/><T27/><D27/><U3/><E3/><V121/><F121/><W114/><G114/><T53/><D53/><U44/><E41/><V120/><F120/><W113/><G113/><T34/><D34/><U115/><E115/><V20/><REACH who="2" step="1"/><F19/><REACH who="2" ten="235,294,206,235" step="2"/><W60/><G131/><T100/><D100/><U74/><E17/><V48/><F48/><W36/><REACH who="3" step="1"/><G16/><REACH who="3" ten="235,294,206,225" step="2"/><N who="0" m="8319" /><D126/><U85/><E28/><V124/><F124/><W63/><G63/><T116/><D116/><U21/><E29/><V117/><F117/><W73/><G73/><T39/><D39/><U54/><E74/><V104/><F104/><W32/><G32/><T108/><D108/><U31/><E61/><V75/><F75/><W107/><G107/><T72/><D72/><U71/><E31/><V57/><F57/><W23/><G23/><T133/><D133/><U64/><E21/><V87/><F87/><W47/><G47/><T92/><AGARI ba="1,4" hai="86,89,92,122,123" m="8319,50282,7" machi="92" ten="30,2000,0" yaku="19,1,54,1" doraHai="46" who="0" fromWho="0" sc="235,63,294,-11,206,-6,225,-6" /><INIT seed="2,0,0,3,4,128" ten="298,283,200,219" oya="2" hai0="12,99,2,135,85,88,35,102,16,119,6,87,70" hai1="63,57,11,22,66,114,129,95,71,55,17,92,132" hai2="116,111,124,61,33,50,52,54,91,112,86,51,122" hai3="15,31,64,126,107,18,94,106,41,37,3,117,38"/><V47/><F112/><W113/><G117/><T133/><D119/><U28/><E114/><V96/><F116/><W25/><G113/><T101/><D35/><U26/><E129/><V104/><F122/><W110/><G3/><T60/><D6/><U27/><E132/><N who="0" m="50761" /><D2/><U89/><E11/><V115/><F115/><W42/><G110/><T19/><D102/><U69/><E66/><V72/><F72/><W1/><G64/><N who="0" m="41223" /><D88/><U32/><REACH who="1" step="1"/><E95/><REACH who="1" ten="298,273,200,219" step="2"/><V13/><F111/><W45/><G94/><N who="0" m="58615" /><D19/><U21/><E21/><AGARI ba="0,1" hai="12,16,21,85,87" m="58615,41223,50761" machi="21" ten="30,8000,1" yaku="20,1,52,3,54,1" doraHai="128" who="0" fromWho="1" sc="298,90,273,-80,200,0,219,0" /><INIT seed="3,0,0,1,1,103" ten="388,193,200,219" oya="3" hai0="122,127,97,27,126,108,43,51,64,37,41,53,70" hai1="66,55,47,113,32,123,23,59,99,7,61,117,73" hai2="104,93,79,2,107,100,10,52,38,14,133,130,8" hai3="13,22,25,72,120,33,39,132,21,49,94,86,85"/><W112/><G39/><T42/><D122/><U60/><E32/><V95/><F38/><W88/><G72/><T1/><D1/><U102/><E123/><V96/><F130/><W71/><G112/><T0/><D0/><U87/><E73/><V20/><F79/><W6/><G132/><T116/><D116/><U101/><E113/><V4/><F133/><W75/><G75/><T135/><D135/><U62/><E117/><V121/><F121/><W3/><G3/><T89/><D108/><U18/><E7/><V36/><F36/><W80/><G71/><T128/><D128/><U92/><E101/><V90/><F20/><W125/><G125/><N who="0" m="47627" /><D27/><N who="1" m="14839" /><E87/><V11/><F52/><W45/><G33/><T40/><D89/><U106/><E106/><V24/><F24/><W5/><G120/><T105/><D105/><U16/><E16/><V34/><F11/><N who="3" m="4335" /><G6/><T58/><D42/><U65/><E47/><V119/><F34/><W29/><G25/><T9/><D9/><U17/><E17/><N who="2" m="8391" /><F119/><W50/><G29/><T118/><D118/><U82/><E82/><V115/><F115/><W77/><G50/><AGARI ba="0,0" hai="50,55,59,60,61,62,65,66,92,99,102" m="14839" machi="50" ten="30,1000,0" yaku="8,1" doraHai="103" who="1" fromWho="3" sc="388,0,193,10,200,0,219,-10" owari="388,48.8,203,-19.7,200,-30.0,209,0.9" /></mjloggm>