<mjloggm ver="2.3"><GO type="225" lobby="0"/><UN n0="%E5%91%A8%E6%9D%B1" n1="%E6%81%A5%E6%99%92%E3%81%97" n2="%72%65%6E%6B%75%6E" n3="%72%61%6B%33" dan="17,16,17,16" rate="2163.94,2074.43,2229.44,2089.41" sx="M,M,M,M"/><TAIKYOKU oya="0"/><INIT seed="0,0,0,5,4,25" ten="250,250,250,250" oya="0" hai0="77,93,17,91,75,96,38,82,98,94,50,130,123" hai1="9,23,1,69,102,104,106,68,118,13,24,127,46" hai2="107,7,22,16,37,35,128,113,0,70,49,134,110" hai3="131,27,36,11,83,86,61,72,18,42,2,121,51"/><T29/><D130/><U117/><E127/><V58/><RYUUKYOKU type="yao9" ba="0,0" sc="250,0,250,0,250,0,250,0" hai2="0,7,16,22,35,37,49,58,70,107,110,113,128,134" /><INIT seed="0,1,0,1,0,32" ten="250,250,250,250" oya="0" hai0="109,29,121,112,70,76,98,89,19,59,23,7,0" hai1="134,86,61,96,43,117,73,6,92,72,103,52,106" hai2="120,49,21,128,84,60,74,37,131,55,63,31,81" hai3="39,4,64,67,15,118,123,88,100,126,83,101,44"/><T65/><D121/><U25/><E117/><V48/><F37/><W129/><G118/><T90/><D112/><U28/><E134/><V105/><F105/><W36/><G123/><T124/><D70/><U45/><E6/><V119/><F74/><W40/><G36/><T79/><D29/><U57/><E86/><V80/><F120/><W125/><G129/><N who="2" m="49737" /><F119/><W69/><G15/><T133/><D133/><U24/><E106/><V11/><F11/><W77/><G4/><T42/><D42/><U56/><E56/><N who="2" m="32879" /><F48/><W71/><G71/><T47/><D47/><U1/><E1/><V13/><F81/><W132/><G132/><T2/><D124/><N who="3" m="47721" /><G88/><T18/><D7/><U66/><E66/><N who="3" m="25130" /><G69/><T135/><D135/><U82/><E82/><V102/><F102/><W10/><G10/><T99/><D65/><U3/><E3/><V91/><F13/><W78/><G78/><T87/><D87/><AGARI ba="1,0" hai="39,40,44,77,83,87,100,101" m="25130,47721" machi="87" ten="30,1000,0" yaku="18,1" doraHai="32" who="3" fromWho="0" sc="250,-13,250,0,250,0,250,13" /><INIT seed="1,0,0,2,0,87" ten="237,250,250,263" oya="1" hai0="14,20,60,77,68,109,17,117,70,81,24,135,104" hai1="4,73,42,57,15,30,50,125,88,100,40,28,106" hai2="128,78,5,43,79,47,55,116,85,127,39,83,69" hai3="45,31,122,93,133,11,132,23,12,74,92,62,13"/><U119/><E119/><V8/><F116/><W59/><G122/><T95/><D117/><U56/><E73/><V29/><F128/><W123/><G74/><T19/><D109/><U46/><E125/><V7/><F127/><W64/><G123/><T76/><D104/><U61/><E100/><V3/><F69/><W94/><G45/><T63/><D135/><N who="3" m="51785" /><G11/><T134/><D134/><U124/><E106/><V48/><F7/><W58/><G58/><N who="1" m="22634" /><E61/><V49/><F29/><N who="1" m="11369" /><E124/><V90/><REACH who="2" step="1"/><F39/><REACH who="2" ten="237,250,240,263" step="2"/><W66/><G66/><T97/><D70/><U131/><E131/><V9/><F9/><W111/><G111/><T22/><D68/><U72/><E4/><V41/><F41/><W129/><G129/><T0/><D0/><U27/><E40/><V37/><F37/><W110/><G110/><T120/><D120/><U16/><E72/><V44/><AGARI ba="0,1" hai="3,5,8,43,44,47,48,49,55,78,79,83,85,90" machi="44" ten="20,5200,0" yaku="1,1,0,1,7,1,52,1,53,0" doraHai="87" doraHaiUra="89" who="2" fromWho="2" sc="237,-13,250,-26,240,62,263,-13" /><INIT seed="2,0,0,3,3,80" ten="224,224,302,250" oya="2" hai0="96,32,94,128,24,28,56,130,109,95,36,75,79" hai1="40,120,4,73,51,14,134,78,63,57,15,13,34" hai2="42,59,23,38,123,22,101,17,68,110,124,122,2" hai3="47,27,62,132,44,126,58,66,127,135,97,1,72"/><V35/><F35/><W100/><G72/><T33/><D36/><U52/><E134/><N who="3" m="51242" /><G1/><T25/><D109/><U121/><E34/><V112/><F68/><W91/><G27/><T71/><D71/><U12/><E73/><V82/><F2/><W115/><G91/><T5/><D5/><U21/><E78/><V83/><F101/><W93/><G115/><T7/><D7/><U11/><E40/><V98/><F42/><W116/><G116/><T86/><D56/><U18/><REACH who="1" step="1"/><E63/><REACH who="1" ten="224,214,302,250" step="2"/><V88/><F112/><W19/><G127/><T106/><D75/><U39/><E39/><V92/><F38/><W6/><G126/><T131/><D32/><U107/><E107/><V20/><F124/><W114/><G114/><T87/><D79/><U9/><E9/><V10/><F110/><W113/><G113/><T41/><D41/><U48/><E48/><V74/><F74/><W118/><G118/><T119/><D119/><U129/><E129/><V16/><F122/><AGARI ba="0,1" hai="4,11,12,13,14,15,18,21,51,52,57,120,121,122" machi="122" ten="40,12000,2" yaku="1,1,13,1,54,1,53,4" doraHai="80" doraHaiUra="8" who="1" fromWho="2" sc="224,0,214,130,302,-120,250,0" /><INIT seed="3,0,0,3,4,52" ten="224,344,182,250" oya="3" hai0="108,125,91,41,29,101,68,89,33,99,94,76,74" hai1="51,20,105,48,77,96,4,10,9,83,21,15,97" hai2="127,65,27,45,32,60,128,111,100,98,44,80,133" hai3="54,73,109,113,92,38,28,117,134,93,78,71,122"/><W114/><G28/><T86/><D68/><U75/><E10/><V119/><F111/><W123/><G38/><T116/><D116/><U58/><E105/><V36/><F119/><W47/><G71/><T64/><D64/><U103/><E97/><V49/><F128/><W39/><G39/><T50/><D108/><U66/><E51/><V79/><F133/><W70/><G70/><T56/><D125/><U129/><E129/><V132/><F132/><W42/><G42/><T57/><D33/><U34/><E34/><V0/><F0/><W43/><G43/><T6/><D6/><U63/><E48/><V85/><F127/><W35/><G35/><T40/><D29/><U59/><E58/><N who="0" m="22633" /><D74/><U107/><AGARI ba="0,0" hai="4,9,15,20,21,59,63,66,75,77,83,96,103,107" machi="107" ten="20,2700,0" yaku="0,1,7,1,52,1" doraHai="52" who="1" fromWho="1" sc="224,-7,344,27,182,-7,250,-13" owari="217,-18.3,371,47.1,175,-32.5,237,3.7" /></mjloggm>