<mjloggm ver="2.3"><GO type="225" lobby="0"/><UN n0="%E5%85%88%E7%89%A9%E3%81%AF%74%72%61%73%68" n1="%E3%81%BD%E3%81%A1%E3%81%9F%E3%81%93%E3%82%84" n2="%E3%81%A4%E3%81%A3%E3%81%B1%E3%82%8A%E3%83%9D%E3%83%BC%E3%83%AB" n3="%E3%81%A0%E3%81%8A" dan="17,17,17,17" rate="2167.62,2139.53,2164.24,2064.45" sx="M,M,M,M"/><TAIKYOKU oya="0"/><INIT seed="0,0,0,3,3,93" ten="250,250,250,250" oya="0" hai0="127,98,10,17,28,86,89,31,68,46,97,76,126" hai1="32,116,19,48,18,25,15,94,111,64,44,49,8" hai2="67,42,100,131,112,60,70,22,123,6,54,37,51" hai3="135,99,109,33,120,16,24,20,39,130,53,134,92"/><T59/><D68/><U118/><E111/><V78/><F123/><W102/><G109/><T132/><D132/><N who="3" m="50729" /><G39/><T27/><D76/><U14/><E64/><V73/><F112/><W13/><G130/><T43/><D59/><U125/><E125/><N who="0" m="47625" /><D17/><U114/><E114/><V11/><F131/><W66/><G66/><T87/><D87/><U106/><E106/><V84/><F100/><W124/><G124/><T83/><D10/><U101/><E25/><V9/><F84/><W34/><G120/><T2/><D2/><U115/><E115/><V26/><F6/><W72/><G72/><T12/><D12/><U0/><E0/><V5/><F5/><W85/><G85/><T119/><D119/><U96/><E32/><N who="3" m="12394" /><G53/><T1/><D1/><U88/><E101/><V52/><F54/><W105/><G13/><T77/><D77/><U82/><E82/><V40/><F78/><W45/><G45/><T56/><D56/><U107/><E107/><AGARI ba="0,0" hai="16,20,24,92,99,102,105,107" m="12394,50729" machi="107" ten="30,3900,0" yaku="20,1,52,1,54,1" doraHai="93" who="3" fromWho="1" sc="250,0,250,-39,250,0,250,39" /><INIT seed="1,0,0,4,3,123" ten="250,211,250,289" oya="1" hai0="121,101,106,17,20,131,30,77,72,7,81,68,25" hai1="55,31,11,0,66,113,98,132,57,13,104,73,52" hai2="114,134,102,76,83,79,103,3,51,96,65,67,36" hai3="107,115,118,124,62,116,27,32,84,88,61,39,41"/><U108/><E113/><V6/><F36/><W87/><G115/><T78/><D131/><U21/><E73/><V54/><F114/><W28/><G107/><T47/><D121/><U112/><E112/><V90/><F134/><W126/><G41/><T105/><D68/><U129/><E132/><V26/><F6/><W133/><G39/><T14/><D78/><N who="2" m="29738" /><F3/><W43/><G43/><T130/><D130/><U70/><E129/><V125/><F26/><W56/><G133/><T69/><D69/><U60/><E0/><V9/><F9/><W100/><G100/><N who="2" m="38441" /><F125/><N who="3" m="48235" /><G87/><T93/><D7/><U2/><E2/><V34/><F34/><W45/><G45/><T48/><D101/><U91/><E104/><V85/><F96/><W109/><G109/><T117/><D117/><N who="3" m="45161" /><G56/><AGARI ba="0,0" hai="51,54,56,65,67,83,85,90" m="38441,29738" machi="56" ten="30,1000,0" yaku="8,1" doraHai="123" who="2" fromWho="3" sc="250,0,211,0,250,10,289,-10" /><INIT seed="2,0,0,3,0,66" ten="250,211,260,279" oya="2" hai0="59,112,78,84,108,6,118,93,22,120,71,95,2" hai1="102,65,67,132,10,44,82,40,57,43,15,74,54" hai2="8,62,39,1,83,75,89,126,86,129,31,7,52" hai3="105,85,48,128,96,5,34,121,42,35,92,24,20"/><V114/><F114/><W47/><G121/><T50/><D112/><U116/><E116/><V98/><F129/><W33/><G128/><T110/><D120/><U70/><E132/><V115/><F115/><W23/><G105/><T53/><D118/><U16/><E102/><V12/><F126/><W51/><G5/><T37/><D37/><U36/><E43/><V106/><F39/><W27/><G85/><T14/><D2/><U101/><E101/><V81/><F31/><W103/><REACH who="3" step="1"/><G51/><REACH who="3" ten="250,211,260,269" step="2"/><T88/><D6/><U117/><E117/><V77/><F106/><W0/><G0/><T107/><D107/><U46/><E70/><V73/><F98/><W69/><G69/><T100/><D71/><U60/><REACH who="1" step="1"/><E44/><REACH who="1" ten="250,201,260,269" step="2"/><V122/><F122/><W58/><G58/><T131/><D131/><U111/><E111/><V80/><F1/><W30/><G30/><T61/><D110/><U109/><E109/><V104/><F104/><W124/><G124/><T135/><D108/><U9/><E9/><V127/><F127/><W25/><AGARI ba="0,2" hai="20,23,24,25,27,33,34,35,42,47,48,92,96,103" machi="25" ten="40,2700,0" yaku="1,1,0,1,53,0" doraHai="66" doraHaiUra="113" who="3" fromWho="3" sc="250,-7,201,-7,260,-13,269,47" /><INIT seed="3,0,0,0,5,120" ten="243,194,247,316" oya="3" hai0="45,126,24,87,73,42,18,46,92,60,91,55,10" hai1="81,22,65,66,62,31,38,78,103,116,111,57,53" hai2="52,19,41,94,3,106,108,114,51,20,132,85,21" hai3="86,118,135,100,134,2,125,128,93,50,17,64,122"/><W58/><G118/><T67/><D73/><U13/><E116/><V54/><F114/><W102/><G122/><T123/><D123/><U124/><E124/><V30/><F106/><W80/><G2/><T68/><D126/><U95/><E38/><V98/><F3/><W29/><G128/><T130/><D130/><U15/><E111/><V16/><F108/><W117/><G117/><T32/><D55/><N who="2" m="21034" /><F85/><W44/><G29/><T107/><D107/><U4/><E4/><V61/><F61/><W127/><G17/><N who="2" m="6729" /><F30/><W109/><G109/><T63/><D63/><U88/><E103/><N who="2" m="60887" /><F132/><W89/><G125/><T8/><D45/><AGARI ba="0,0" hai="20,21,41,45,51" m="60887,6729,21034" machi="45" ten="30,3900,0" yaku="8,1,54,2" doraHai="120" who="2" fromWho="0" sc="243,-39,194,0,247,39,316,0" owari="204,-19.6,194,-30.6,286,8.6,316,41.6" /></mjloggm>