<mjloggm ver="2.3"><GO type="225" lobby="0"/><UN n0="%E3%81%82%E3%82%93%E3%81%AA%E3%81%A4" n1="%E3%83%B4%E3%83%A0%EF%BC%99%E3%81%A6" n2="%E3%83%A9%E3%82%B9%E7%8E%87%EF%BC%93%E5%89%B2" n3="%E3%83%96%E3%83%83%E3%83%91%E3%82%AA%E3%83%96%E3%83%81%E3%82%AD%E3%83%B3" dan="17,17,17,17" rate="2188.11,2155.46,2187.13,2180.20" sx="M,M,F,M"/><TAIKYOKU oya="0"/><INIT seed="0,0,0,2,1,11" ten="250,250,250,250" oya="0" hai0="30,71,73,127,25,99,112,65,68,78,6,22,40" hai1="79,12,28,88,43,114,26,72,129,59,132,94,50" hai2="18,1,128,113,19,4,80,3,21,54,121,83,47" hai3="56,95,42,77,81,53,34,13,111,67,7,116,5"/><T9/><D112/><U105/><E105/><V100/><F113/><W44/><G116/><T108/><D127/><U38/><E114/><V92/><F121/><W45/><G34/><T23/><D108/><U14/><E38/><V103/><F128/><W35/><G35/><T106/><D40/><U10/><E129/><V2/><F4/><W134/><G134/><T107/><D23/><N who="1" m="15455" /><E72/><V69/><F69/><W109/><G67/><T117/><D117/><U123/><E123/><V51/><F92/><W98/><G111/><T96/><D106/><U87/><E132/><V110/><F110/><W86/><G109/><T91/><D91/><U0/><E0/><V24/><REACH who="2" step="1"/><F19/><REACH who="2" ten="250,250,240,250" step="2"/><W133/><G133/><T125/><D125/><U122/><E122/><V27/><F27/><W20/><G5/><T57/><D71/><U135/><E135/><V36/><F36/><W37/><G7/><T33/><D68/><U63/><E10/><V39/><F39/><W46/><G37/><T130/><D130/><U74/><E74/><V89/><F89/><W61/><G42/><T97/><D107/><U76/><E76/><V75/><F75/><W60/><G95/><T102/><D73/><U93/><E94/><V58/><F58/><W48/><G98/><T64/><D78/><U124/><E79/><V115/><F115/><W90/><G77/><T15/><D57/><U32/><E124/><V84/><F84/><W8/><G8/><T17/><REACH who="0" step="1"/><D102/><AGARI ba="0,1" hai="1,2,3,18,21,24,47,51,54,80,83,100,102,103" machi="102" ten="40,1300,0" yaku="1,1,53,0" doraHai="11" doraHaiUra="101" who="2" fromWho="0" sc="250,-13,250,0,240,23,250,0" /><INIT seed="1,0,0,2,3,51" ten="237,250,263,250" oya="1" hai0="109,97,40,121,52,50,64,84,4,48,114,73,108" hai1="106,55,91,65,111,19,88,72,133,43,119,85,127" hai2="125,120,42,30,11,131,13,69,117,66,41,105,17" hai3="118,9,74,82,104,129,101,83,87,100,14,96,67"/><U60/><E119/><V23/><F117/><W22/><G129/><T35/><D73/><U80/><E72/><V81/><F105/><W27/><G118/><T28/><D114/><U46/><E106/><V89/><F120/><W25/><G101/><T7/><D64/><U24/><E127/><V5/><F69/><W21/><G67/><T45/><D97/><U95/><E133/><V86/><F131/><W134/><G134/><T56/><D121/><U103/><E103/><V32/><F66/><W79/><G27/><N who="0" m="18847" /><D84/><U124/><E124/><V90/><F125/><W31/><G31/><T76/><D76/><U44/><E111/><AGARI ba="0,0" hai="4,7,40,45,48,50,52,56,108,109,111" m="18847" machi="111" ten="30,3900,0" yaku="14,1,52,1,54,1" doraHai="51" who="0" fromWho="1" sc="237,39,250,-39,263,0,250,0" /><INIT seed="2,0,0,2,1,124" ten="276,211,263,250" oya="2" hai0="92,1,34,45,21,80,11,95,125,83,54,32,23" hai1="0,22,118,113,79,94,38,56,43,3,6,108,25" hai2="121,96,75,64,129,117,55,24,106,61,89,77,49" hai3="76,44,30,100,82,35,58,91,99,68,67,57,126"/><V33/><F117/><W81/><G126/><T65/><D125/><U74/><E118/><V115/><F115/><W12/><G91/><T70/><D65/><U2/><E113/><V135/><F121/><W10/><G44/><T60/><D70/><U86/><E108/><V130/><F135/><W73/><G81/><T50/><D60/><U119/><E119/><V97/><F77/><W111/><G111/><T122/><D122/><U110/><E110/><V15/><F15/><W36/><G36/><T69/><D69/><U72/><E6/><V112/><F75/><W47/><G47/><T107/><D107/><U101/><E43/><V20/><F89/><W66/><G35/><T27/><D11/><U53/><E38/><V63/><F63/><W109/><G30/><T78/><D1/><U52/><E101/><N who="2" m="62759" /><F97/><W114/><G114/><T62/><D62/><U37/><E37/><V9/><F9/><W71/><G109/><T90/><D90/><U133/><E133/><V88/><F88/><W103/><G71/><T13/><D13/><U84/><E94/><V116/><F116/><W131/><G68/><T134/><D134/><U19/><E72/><V8/><F8/><W26/><G10/><T42/><D42/><U40/><E40/><V98/><F98/><W7/><G99/><T102/><D102/><U51/><REACH who="1" step="1"/><E53/><REACH who="1" ten="276,201,263,250" step="2"/><V46/><F112/><W29/><G73/><T59/><D54/><U14/><E14/><V120/><F120/><W127/><G12/><T5/><D92/><U85/><E85/><V48/><F55/><W16/><G100/><T41/><D41/><RYUUKYOKU ba="0,1" sc="276,-10,201,30,263,-10,250,-10" hai1="0,2,3,19,22,25,51,52,56,74,79,84,86" /><INIT seed="3,1,1,1,3,61" ten="266,231,253,240" oya="3" hai0="51,26,87,121,7,5,123,13,135,82,45,37,132" hai1="122,10,58,100,14,24,22,35,68,8,70,0,67" hai2="53,29,23,98,131,1,93,99,30,69,49,95,92" hai3="94,109,59,27,75,19,34,21,42,64,76,110,128"/><W60/><G128/><T104/><D104/><U81/><E122/><V43/><F1/><W91/><G34/><T105/><D105/><U78/><E100/><V129/><F69/><W40/><G75/><T56/><D56/><U90/><E90/><V114/><F114/><W111/><G76/><T3/><D3/><U116/><E35/><V112/><F112/><W36/><G36/><T106/><D106/><U65/><E0/><V17/><F43/><W83/><G83/><T62/><D62/><U38/><E38/><V74/><F74/><W44/><G44/><T31/><D37/><U108/><E116/><V66/><F66/><N who="1" m="25097" /><E58/><N who="2" m="33071" /><F131/><W84/><AGARI ba="1,1" hai="19,21,27,40,42,59,60,64,84,91,94,109,110,111" machi="84" ten="30,11700,0" yaku="0,1,14,1,10,1,52,1" doraHai="61" who="3" fromWho="3" sc="266,-40,231,-40,253,-40,240,130" owari="226,2.6,191,-30.9,213,-18.7,370,47.0" /></mjloggm>