<mjloggm ver="2.3"><GO type="225" lobby="0"/><UN n0="%E9%A6%AC%E5%BC%95%E7%81%AB%33" n1="%70%6F%69%73%6F%6E%30%32" n2="%E3%83%96%E3%83%83%E3%83%91%E3%82%AA%E3%83%96%E3%83%81%E3%82%AD%E3%83%B3" n3="%E7%89%B9%E6%9D%B1%E5%96%B0%E8%B5%A4%E9%80%9F" dan="16,16,16,16" rate="2143.27,2098.93,2188.62,2045.37" sx="M,M,M,M"/><TAIKYOKU oya="0"/><INIT seed="0,0,0,1,4,50" ten="250,250,250,250" oya="0" hai0="89,112,86,0,120,122,94,100,131,115,124,135,116" hai1="21,23,70,1,133,125,129,72,80,24,6,98,91" hai2="53,76,34,127,107,123,99,66,84,121,54,28,75" hai3="104,51,103,31,81,37,126,57,85,52,62,4,108"/><T63/><D0/><U79/><E70/><V40/><F75/><W47/><G108/><T9/><D9/><U35/><E133/><V78/><F40/><W39/><G126/><T117/><D63/><U119/><E119/><N who="0" m="45641" /><D135/><U67/><E129/><V118/><F66/><W38/><G4/><T128/><D124/><U106/><E67/><V36/><F36/><W61/><G31/><T60/><D60/><U15/><E125/><V64/><F64/><W30/><G30/><T110/><D100/><U87/><E1/><V25/><F127/><W56/><G103/><T92/><D92/><U69/><E69/><V96/><F118/><W3/><G104/><T65/><D65/><U32/><E98/><V132/><F132/><W27/><G3/><T109/><D131/><U113/><E106/><V114/><F114/><N who="0" m="43562" /><D128/><U10/><E23/><V46/><F107/><W14/><G61/><T74/><D74/><U45/><E45/><V77/><F46/><W58/><G14/><T13/><D13/><U8/><E8/><V59/><F28/><W93/><G27/><T18/><D18/><U16/><REACH who="1" step="1"/><E113/><REACH who="1" ten="250,240,250,250" step="2"/><V43/><F59/><W73/><G62/><T134/><D134/><U90/><E90/><V33/><F33/><W19/><G58/><T42/><D42/><U88/><E88/><V71/><F43/><W105/><G105/><T97/><D97/><U68/><E68/><V5/><F96/><W49/><G56/><T20/><D20/><U2/><E2/><V29/><F99/><W44/><G57/><T83/><D94/><AGARI ba="0,1" hai="6,10,15,16,21,24,32,35,72,79,80,87,91,94" machi="94" ten="30,3900,0" yaku="1,1,7,1,54,1,53,0" doraHai="50" doraHaiUra="41" who="1" fromWho="0" sc="250,-39,240,49,250,0,250,0" /><INIT seed="1,0,0,4,3,19" ten="211,289,250,250" oya="1" hai0="92,16,116,84,122,68,119,45,73,131,121,6,134" hai1="43,79,36,53,1,125,39,75,62,13,54,55,23" hai2="41,22,4,61,112,15,74,88,71,60,82,5,38" hai3="31,96,29,98,120,78,80,90,106,14,0,67,65"/><U104/><E104/><V85/><F112/><W40/><G0/><T30/><D73/><U118/><E1/><V102/><F74/><W34/><G120/><N who="0" m="46187" /><D68/><U124/><E118/><N who="0" m="45097" /><D45/><U9/><E79/><V56/><F71/><W81/><G34/><T105/><D105/><U51/><E75/><V72/><F72/><W83/><G78/><T2/><D84/><U103/><E103/><V49/><F38/><W115/><G115/><T18/><D92/><U46/><E62/><N who="2" m="24171" /><F102/><W93/><G40/><T63/><D63/><U132/><E132/><V97/><F97/><W91/><G106/><T111/><D134/><U110/><E110/><V44/><F56/><W64/><G14/><T48/><D48/><U17/><REACH who="1" step="1"/><E9/><REACH who="1" ten="211,279,250,250" step="2"/><V77/><F77/><W25/><G91/><T66/><D111/><U37/><AGARI ba="0,1" hai="13,17,23,36,37,39,43,46,51,53,54,55,124,125" machi="37" ten="40,12000,1" yaku="1,1,2,1,0,1,52,1,53,0" doraHai="19" doraHaiUra="89" who="1" fromWho="1" sc="211,-40,279,130,250,-40,250,-40" /><INIT seed="1,1,0,4,1,70" ten="171,409,210,210" oya="1" hai0="35,112,49,40,73,135,92,121,71,80,2,95,52" hai1="87,120,3,88,115,12,108,55,99,60,42,66,7" hai2="82,102,100,109,47,97,45,67,129,132,34,118,43" hai3="44,69,21,5,30,27,62,19,53,103,16,26,58"/><U17/><E115/><V59/><F118/><W57/><G69/><T74/><D112/><U68/><E120/><V75/><F34/><W28/><G5/><T110/><D121/><U83/><E3/><V11/><F109/><W15/><G103/><T122/><D122/><U77/><E7/><V72/><F129/><W98/><G98/><T22/><D110/><U105/><E42/><V78/><F132/><W24/><G44/><T96/><D35/><U134/><E134/><V119/><F119/><W23/><REACH who="3" step="1"/><G57/><REACH who="3" ten="171,409,210,200" step="2"/><T31/><D71/><U101/><E108/><V18/><F100/><W39/><G39/><T106/><D96/><U63/><E68/><V104/><F47/><W51/><G51/><T126/><D49/><U13/><E99/><V4/><F59/><W128/><G128/><T90/><D135/><U107/><E101/><V0/><F67/><W84/><G84/><T32/><D73/><U65/><E66/><V79/><F75/><W131/><G131/><T56/><D56/><U46/><E107/><V36/><REACH who="2" step="1"/><F78/><REACH who="2" ten="171,409,200,200" step="2"/><W10/><G10/><T130/><D74/><U76/><E65/><V6/><F6/><W33/><G33/><T41/><D32/><U133/><E77/><V111/><F111/><W64/><G64/><T114/><D130/><U116/><E76/><V38/><F38/><W125/><G125/><T25/><D126/><U8/><E133/><V81/><F81/><W54/><G54/><T91/><D80/><U93/><E83/><V85/><F85/><W14/><AGARI ba="1,2" hai="14,15,16,19,21,23,24,26,27,28,30,53,58,62" machi="14" ten="30,8000,1" yaku="1,1,0,1,9,1,8,1,54,1,53,0" doraHai="70" doraHaiUra="117" who="3" fromWho="3" sc="171,-21,409,-41,200,-21,200,103" /><INIT seed="2,0,0,0,3,91" ten="150,368,179,303" oya="2" hai0="3,67,35,64,4,84,44,57,76,135,60,2,43" hai1="50,72,19,14,66,105,108,121,107,47,49,111,32" hai2="63,54,68,5,124,17,29,69,79,128,114,116,125" hai3="106,58,123,126,53,0,89,30,8,130,40,113,34"/><V20/><F114/><W59/><G123/><T6/><D135/><U39/><E121/><V36/><F116/><W88/><G106/><T71/><D35/><U134/><E72/><V92/><F36/><W48/><G40/><T75/><D84/><U103/><E134/><V78/><F5/><W100/><G100/><T46/><D71/><U42/><E32/><V133/><F29/><W129/><G126/><N who="2" m="48745" /><F133/><W12/><G0/><T38/><D67/><U120/><E66/><N who="2" m="41055" /><F69/><W16/><G113/><T11/><D46/><U23/><E120/><V110/><F128/><N who="3" m="49259" /><G59/><T74/><REACH who="0" step="1"/><D76/><REACH who="0" ten="140,368,179,303" step="2"/><U87/><E87/><V52/><F110/><W83/><G83/><T115/><D115/><U45/><E111/><V18/><F79/><W55/><G53/><N who="2" m="20585" /><F78/><W65/><G65/><T62/><D62/><U127/><E108/><V61/><F61/><W117/><G117/><T118/><D118/><U85/><E127/><V56/><F56/><W1/><G58/><T101/><D101/><U97/><E107/><V98/><F20/><N who="3" m="11271" /><G55/><T31/><D31/><U27/><E85/><V90/><AGARI ba="0,1" hai="17,18,90,92,98" m="20585,41055,48745" machi="90" ten="30,6000,0" yaku="18,1,52,1,54,1" doraHai="91" who="2" fromWho="2" sc="140,-20,368,-20,179,70,303,-20" /><INIT seed="2,1,0,1,4,67" ten="120,348,249,283" oya="2" hai0="113,37,10,121,75,45,116,100,99,44,33,86,92" hai1="27,70,93,54,36,104,112,14,51,62,87,106,66" hai2="7,124,32,95,79,2,29,97,39,123,76,18,127" hai3="96,9,41,30,72,59,5,53,43,81,73,131,109"/><V103/><F39/><W115/><G109/><T35/><D113/><U134/><E112/><V68/><F123/><W34/><G131/><T77/><D121/><U23/><E36/><V55/><F2/><W63/><G115/><T120/><D120/><U47/><E134/><V133/><F7/><W57/><G96/><T58/><D116/><U82/><E93/><V78/><F133/><W84/><G30/><T12/><D75/><U22/><E14/><V19/><F55/><W11/><G34/><T101/><D101/><U60/><E60/><V4/><F4/><W83/><G63/><T85/><D35/><U1/><E23/><V48/><F48/><W130/><G5/><T74/><D74/><U42/><E54/><V28/><F68/><W3/><G53/><T17/><D33/><U50/><E50/><V132/><F132/><W126/><G84/><T24/><D24/><U98/><E98/><V20/><F32/><W94/><G94/><T102/><D102/><U122/><E1/><V46/><F46/><W21/><G21/><T90/><D37/><U135/><E135/><V25/><REACH who="2" step="1"/><F29/><REACH who="2" ten="120,348,239,283" step="2"/><W61/><G3/><T56/><D44/><U91/><E122/><V49/><F49/><W107/><G41/><T13/><D45/><U110/><E110/><V16/><AGARI ba="1,1" hai="16,18,19,20,25,28,76,78,79,95,97,103,124,127" machi="16" ten="40,7800,0" yaku="1,1,0,1,54,1,53,0" doraHai="67" doraHaiUra="6" who="2" fromWho="2" sc="120,-27,348,-27,239,91,283,-27" /><INIT seed="2,2,0,3,1,20" ten="93,321,330,256" oya="2" hai0="42,62,96,117,70,132,86,2,118,109,87,59,16" hai1="30,134,101,133,102,36,39,27,114,26,51,31,89" hai2="91,0,135,123,84,121,35,12,60,68,94,74,18" hai3="38,85,22,130,29,28,54,37,41,71,24,124,40"/><V11/><F135/><N who="1" m="51721" /><E51/><V49/><F35/><W8/><G71/><T112/><D112/><U92/><E114/><V90/><F74/><W32/><G130/><T73/><D73/><U7/><E7/><V104/><F104/><W106/><G54/><T5/><D132/><U97/><E31/><V47/><F0/><W81/><G8/><T48/><D109/><U46/><E27/><V76/><F76/><W1/><G106/><T127/><D127/><U98/><E46/><V43/><F68/><W126/><G1/><T108/><D108/><U125/><E125/><N who="3" m="48234" /><G40/><T52/><D96/><U56/><E56/><V45/><F60/><W25/><G41/><T120/><D120/><U72/><E72/><V19/><F47/><W110/><G110/><T99/><D99/><U105/><E102/><V55/><F43/><W111/><G111/><T14/><D5/><U6/><E6/><V128/><F128/><W116/><G116/><N who="0" m="44651" /><D2/><U64/><E64/><V88/><REACH who="2" step="1"/><F19/><REACH who="2" ten="93,321,320,256" step="2"/><W10/><G10/><N who="0" m="6231" /><D42/><U23/><AGARI ba="2,1" hai="23,26,30,36,39,89,92,97,98,101,105" m="51721" machi="23" ten="30,2000,0" yaku="20,1,52,1" doraHai="20" who="1" fromWho="1" sc="93,-7,321,36,320,-12,256,-7" /><INIT seed="3,0,0,0,3,38" ten="86,357,308,249" oya="3" hai0="30,4,87,128,40,133,26,31,82,12,123,121,118" hai1="48,29,76,8,134,24,11,63,85,6,3,78,62" hai2="84,45,65,88,53,27,49,18,25,80,106,5,67" hai3="42,126,132,97,93,36,131,51,86,91,96,89,94"/><W71/><G71/><T57/><D118/><U99/><E134/><V15/><F106/><W127/><G132/><T20/><D133/><U69/><E11/><N who="2" m="6527" /><F5/><W32/><G32/><T100/><D100/><U117/><E117/><V104/><F104/><W103/><G36/><T74/><D74/><U135/><E99/><V129/><F129/><W19/><G19/><T64/><D128/><U66/><E135/><V14/><F14/><W35/><G35/><T17/><D64/><U115/><E115/><V39/><F39/><W54/><G131/><T68/><D57/><U41/><E63/><V75/><F75/><W108/><G108/><T113/><D68/><U73/><E85/><V81/><F81/><W109/><G109/><T10/><D113/><U111/><E73/><V112/><F112/><W34/><G34/><T120/><D121/><U70/><E70/><V0/><F0/><W107/><G54/><T56/><D56/><U98/><E98/><V52/><F53/><W58/><G58/><T79/><D123/><U90/><E90/><V1/><F1/><W130/><G130/><T21/><D120/><U59/><E111/><V44/><F44/><W95/><G107/><T22/><D31/><U116/><E116/><V13/><F13/><W7/><G7/><T16/><D17/><U101/><E69/><V102/><F102/><W2/><G2/><T47/><REACH who="0" step="1"/><D30/><REACH who="0" ten="76,357,308,249" step="2"/><U46/><E101/><V60/><F60/><W105/><G105/><T83/><D83/><U28/><E28/><V72/><F72/><W33/><G33/><AGARI ba="0,1" hai="3,6,8,24,29,33,41,46,48,59,62,66,76,78" machi="33" ten="30,2000,0" yaku="7,1,52,1" doraHai="38" who="1" fromWho="3" sc="76,0,357,30,308,0,249,-20" owari="76,-42.4,387,48.7,308,10.8,229,-17.1" /></mjloggm>