<mjloggm ver="2.3"><GO type="225" lobby="0"/><UN n0="%E8%A8%88%E7%AE%97%E6%A9%9F%E8%87%AA%E7%84%B6" n1="%E3%81%99%E3%81%84%E3%81%BE%E3%81%9B%E3%83%BC%E3%82%93" n2="%E7%99%BD%E5%80%89%E5%AF%9B%E4%B9%8B" n3="%E5%B8%86%E7%AB%8B%E5%A4%8F%E8%A1%A3" dan="17,18,16,17" rate="2143.28,2205.10,2148.98,2189.71" sx="M,M,M,M"/><TAIKYOKU oya="0"/><INIT seed="0,0,0,4,2,85" ten="250,250,250,250" oya="0" hai0="61,67,4,108,78,54,104,132,95,125,8,3,47" hai1="89,103,83,7,36,10,128,120,121,45,111,102,26" hai2="73,97,131,43,25,115,53,65,50,113,31,107,114" hai3="76,55,99,5,126,44,79,28,100,70,129,49,105"/><T18/><D104/><U117/><E117/><V122/><F73/><W82/><G126/><T110/><D125/><U75/><E111/><N who="0" m="42537" /><D132/><U124/><E124/><V134/><F134/><W93/><G129/><T20/><D78/><U52/><E128/><V27/><F131/><W19/><G70/><N who="0" m="42351" /><D95/><U74/><E74/><V56/><F122/><W106/><G79/><T24/><D54/><U16/><E75/><V12/><F65/><W38/><G5/><T2/><D47/><U42/><E52/><V118/><F118/><W130/><G130/><T71/><D71/><U33/><E121/><V80/><F43/><W133/><G133/><T90/><D3/><U62/><E120/><V32/><F80/><W57/><G82/><T23/><D23/><U39/><E83/><V29/><F12/><W58/><G76/><T60/><D60/><U37/><E62/><V135/><F135/><W48/><G106/><T101/><D101/><U84/><E103/><V17/><F107/><W87/><G105/><T123/><D123/><U15/><E102/><V14/><F97/><W69/><G69/><T41/><D41/><U112/><E42/><V86/><F86/><W13/><G87/><T66/><D66/><U0/><E84/><V9/><REACH who="2" step="1"/><F114/><REACH who="2" ten="250,250,240,250" step="2"/><W22/><G99/><T77/><D77/><U109/><E112/><V1/><F1/><W40/><G40/><T34/><D34/><AGARI ba="0,1" hai="9,14,17,25,27,29,31,32,34,50,53,56,113,115" machi="34" ten="30,7700,0" yaku="1,1,7,1,9,1,53,1" doraHai="85" doraHaiUra="6" who="2" fromWho="0" sc="250,-77,250,0,240,87,250,0" /><INIT seed="1,0,0,1,4,59" ten="173,250,327,250" oya="1" hai0="105,101,30,1,14,128,27,77,110,40,46,120,103" hai1="44,75,33,118,6,79,50,74,5,52,4,96,34" hai2="69,81,29,8,49,45,134,62,73,116,72,132,71" hai3="119,32,53,106,48,68,113,7,51,109,78,16,98"/><U121/><E118/><V123/><F116/><W11/><G113/><T88/><D1/><U100/><E121/><V9/><F29/><W57/><G109/><T125/><D110/><U36/><E36/><V43/><F123/><W25/><G119/><T63/><D120/><U82/><REACH who="1" step="1"/><E75/><REACH who="1" ten="173,240,327,250" step="2"/><V111/><F73/><W89/><G48/><T55/><D128/><U60/><E60/><V94/><F111/><W2/><G51/><T20/><D125/><U108/><E108/><V115/><F62/><W54/><G32/><T99/><D63/><U97/><E97/><V124/><F124/><W135/><G98/><T0/><D99/><U67/><E67/><V114/><F115/><W92/><G135/><T64/><D64/><U41/><E41/><V104/><F43/><W22/><G54/><T23/><D55/><U84/><E84/><V122/><F72/><W80/><G53/><T130/><D40/><U127/><E127/><V35/><F114/><W15/><G106/><AGARI ba="0,1" hai="4,5,6,33,34,44,50,52,74,79,82,96,100,106" machi="106" ten="40,12000,1" yaku="1,1,54,1,53,2" doraHai="59" doraHaiUra="31" who="1" fromWho="3" sc="173,0,240,130,327,0,250,-120" /><INIT seed="1,1,0,4,3,36" ten="173,370,327,130" oya="1" hai0="71,93,9,86,46,19,49,1,59,30,106,80,17" hai1="78,116,70,95,75,123,133,2,51,101,81,108,21" hai2="110,13,92,103,54,85,60,105,65,10,91,45,109" hai3="16,35,4,25,132,111,83,87,67,102,131,39,72"/><U107/><E2/><V63/><F105/><W56/><G111/><N who="2" m="42505" /><F103/><W7/><G131/><T89/><D71/><U84/><E70/><V112/><F112/><W5/><G132/><T6/><D106/><U99/><E108/><V26/><F65/><W120/><G120/><T135/><D30/><U124/><E133/><V90/><F26/><W77/><G39/><T74/><D59/><U44/><E123/><V53/><F91/><W69/><G69/><T33/><D33/><U52/><E124/><V43/><F63/><N who="3" m="38375" /><G72/><T61/><D61/><U24/><E116/><V130/><F60/><W50/><G35/><T22/><D135/><U28/><REACH who="1" step="1"/><E107/><REACH who="1" ten="173,360,327,130" step="2"/><V8/><F130/><W48/><G102/><T134/><D134/><U3/><E3/><V23/><F23/><AGARI ba="1,1" hai="4,5,7,16,23,25,48,50,77,83,87" m="38375" machi="23" ten="30,2000,0" yaku="8,1,54,1" doraHai="36" who="3" fromWho="2" sc="173,0,360,0,327,-23,130,33" /><INIT seed="2,0,0,4,2,60" ten="173,360,304,163" oya="2" hai0="24,55,9,26,11,57,121,72,69,12,66,133,62" hai1="47,23,1,109,110,51,135,107,86,59,79,78,67" hai2="91,35,119,28,44,115,102,42,43,76,97,95,82" hai3="120,132,25,6,22,75,31,18,125,94,36,7,40"/><V45/><F115/><W96/><G120/><T4/><D121/><U100/><E135/><V15/><F119/><W108/><G75/><T30/><D133/><U81/><E1/><V49/><F35/><W87/><G132/><T56/><D72/><U48/><E100/><V27/><F28/><W17/><G108/><T113/><D113/><U88/><E107/><V46/><F27/><W126/><G87/><T16/><D55/><N who="1" m="32231" /><E67/><V114/><F114/><W63/><G63/><T74/><D74/><U68/><E68/><V8/><F43/><W112/><G40/><T20/><REACH who="0" step="1"/><D11/><REACH who="0" ten="163,360,304,163" step="2"/><U61/><E110/><V130/><F8/><W13/><G112/><T84/><D84/><U65/><E86/><V77/><F42/><W14/><G125/><T118/><D118/><U116/><E116/><V85/><F85/><W71/><G126/><T19/><D19/><N who="3" m="7177" /><G36/><T123/><D123/><U103/><E109/><V90/><F97/><W32/><G32/><AGARI ba="0,1" hai="4,9,12,16,20,24,26,30,32,56,57,62,66,69" machi="32" ten="30,12000,2" yaku="1,1,7,1,52,1,54,1,53,2" doraHai="60" doraHaiUra="21" who="0" fromWho="3" sc="163,130,360,0,304,0,163,-120" /><INIT seed="3,0,0,5,3,93" ten="293,360,304,43" oya="3" hai0="114,117,129,6,49,17,33,111,87,113,103,97,7" hai1="81,26,15,63,55,71,80,61,86,74,105,102,72" hai2="40,32,89,30,14,35,83,92,132,64,121,29,73" hai3="23,100,133,54,75,118,96,94,127,123,119,112,99"/><W79/><G23/><T42/><D117/><N who="3" m="44553" /><G54/><T108/><D129/><U39/><E39/><V116/><F116/><W36/><G36/><T3/><D87/><U22/><E15/><V46/><F64/><W109/><G112/><N who="0" m="43115" /><D33/><U52/><E63/><V66/><F66/><W28/><G28/><T125/><D125/><U60/><E61/><V10/><F35/><W25/><G25/><T48/><D17/><U131/><E55/><V115/><F32/><W110/><G127/><T44/><D48/><U8/><E8/><V27/><F30/><W57/><G57/><T1/><D6/><U107/><E86/><V56/><F29/><W78/><G123/><T58/><D58/><U4/><E4/><V67/><F56/><W90/><G133/><T69/><D69/><U34/><E34/><V13/><F27/><W43/><G43/><T88/><D88/><U130/><E71/><V104/><F89/><W37/><G37/><T59/><D59/><U51/><E60/><V11/><F132/><W106/><G75/><T62/><D62/><U101/><E74/><V45/><F73/><W50/><G50/><T53/><D53/><U124/><E72/><V70/><F115/><W12/><G12/><T91/><D91/><U128/><E124/><V134/><F134/><W16/><G16/><T20/><D20/><U122/><E122/><V9/><F14/><W18/><G18/><T21/><D21/><U85/><E22/><V126/><F13/><W135/><G135/><T120/><D120/><U31/><E26/><V38/><F126/><W5/><G5/><T0/><D7/><RYUUKYOKU ba="0,0" sc="293,15,360,-15,304,-15,43,15" hai0="0,1,3,42,44,49,97,103,108,111" hai3="78,79,90,94,96,99,100,106,109,110" /><INIT seed="3,1,0,4,1,135" ten="308,345,289,58" oya="3" hai0="91,67,31,7,33,23,134,126,2,98,129,0,30" hai1="114,25,77,132,76,81,131,118,11,108,17,106,32" hai2="48,36,3,117,64,107,15,59,111,92,72,124,8" hai3="115,58,51,28,78,89,121,119,130,26,113,49,12"/><W40/><G119/><T45/><D67/><U6/><E106/><V50/><F107/><W99/><G121/><T63/><D63/><U74/><E114/><V39/><F72/><W100/><G130/><T57/><D57/><U101/><E101/><V123/><F117/><W13/><G78/><T84/><D98/><U43/><E118/><V110/><F3/><W37/><G89/><T122/><D33/><U29/><E132/><V128/><F128/><W70/><G70/><T75/><D75/><U80/><E131/><V60/><F123/><W53/><G37/><N who="2" m="14409" /><F92/><W82/><G82/><T69/><D45/><U87/><E108/><N who="2" m="41515" /><F124/><W66/><G66/><T27/><D2/><U10/><E43/><V47/><F47/><W14/><G40/><T94/><D129/><U96/><E96/><V79/><F79/><W97/><G49/><T95/><D95/><U56/><E56/><V73/><F73/><W24/><G99/><T1/><D1/><U112/><E112/><V46/><F46/><W16/><G97/><T88/><D134/><U116/><E116/><V22/><F22/><W34/><REACH who="3" step="1"/><G100/><REACH who="3" ten="308,345,289,48" step="2"/><T52/><D122/><U5/><E77/><V4/><AGARI ba="1,1" hai="4,8,15,48,50,59,60,64" m="41515,14409" machi="4" ten="30,1100,0" yaku="14,1" doraHai="135" who="2" fromWho="2" sc="308,-4,345,-4,289,24,48,-6" owari="304,-9.6,341,44.1,313,11.3,42,-45.8" /></mjloggm>