<mjloggm ver="2.3"><GO type="225" lobby="0"/><UN n0="%E6%A1%9C%E8%8A%B1%E9%96%83%E3%80%85" n1="%E3%81%BD%E3%81%A1%E3%81%9F%E3%81%93%E3%82%84" n2="%E3%81%BF%E3%81%BF%E3%81%9A" n3="%E5%91%A8%E6%9D%B1" dan="16,17,17,17" rate="2104.83,2149.77,2181.38,2141.48" sx="M,M,M,M"/><TAIKYOKU oya="0"/><INIT seed="0,0,0,0,2,2" ten="250,250,250,250" oya="0" hai0="56,45,15,123,133,28,67,103,105,107,96,113,78" hai1="135,102,64,84,81,21,83,92,75,23,101,69,30" hai2="12,8,19,134,132,63,79,33,98,62,51,80,52" hai3="1,131,0,66,58,108,31,111,48,68,72,118,54"/><T85/><D113/><U106/><E69/><V126/><F98/><W127/><G72/><T27/><D123/><U47/><E64/><V71/><F33/><W87/><G118/><T5/><D133/><N who="2" m="51306" /><F71/><W91/><G127/><T18/><D105/><U32/><E135/><V11/><F11/><W82/><G131/><T49/><D67/><U128/><E128/><V117/><F117/><W93/><G31/><T46/><D56/><U6/><E106/><V119/><F126/><W88/><G66/><T99/><D99/><U57/><E32/><V90/><F90/><W10/><G68/><T121/><D121/><U70/><E70/><V43/><F43/><W25/><G25/><T38/><D38/><U65/><E101/><V124/><F119/><W100/><G100/><T13/><D78/><U34/><E34/><V94/><F94/><W61/><G61/><T16/><D85/><U37/><E75/><N who="2" m="43135" /><F124/><W104/><G104/><T120/><D120/><U129/><E129/><V60/><F60/><W4/><REACH who="3" step="1"/><G1/><REACH who="3" ten="250,250,250,240" step="2"/><T26/><D107/><U20/><E102/><V122/><F122/><W42/><G42/><T53/><D103/><U22/><E30/><V76/><F76/><W74/><G74/><T3/><D3/><U125/><E125/><V41/><F41/><W115/><G115/><T97/><D28/><U9/><E65/><V112/><F112/><W59/><G59/><AGARI ba="0,1" hai="8,12,19,51,52,59,62,63" m="43135,51306" machi="59" ten="30,2000,0" yaku="20,1,54,1" doraHai="2" who="2" fromWho="3" sc="250,0,250,0,250,30,240,-20" /><INIT seed="1,0,0,0,5,44" ten="250,250,280,220" oya="1" hai0="46,83,11,119,100,4,48,12,111,97,32,41,103" hai1="24,128,101,105,21,130,113,104,10,49,102,58,26" hai2="28,52,116,40,124,115,86,51,123,6,125,94,106" hai3="25,77,92,39,22,50,43,74,82,127,70,18,110"/><U13/><E113/><V99/><F116/><W0/><G110/><T114/><D114/><U27/><E21/><V68/><F115/><W29/><G127/><N who="2" m="48713" /><F123/><W81/><G70/><T1/><D119/><U3/><E3/><V93/><F68/><W98/><G82/><T15/><D111/><U126/><E126/><V63/><F28/><W85/><G0/><T31/><D83/><U121/><E121/><V14/><F40/><W7/><G7/><T30/><D100/><N who="1" m="38507" /><E58/><N who="2" m="33055" /><F106/><N who="1" m="41065" /><E49/><V80/><F99/><W84/><G39/><T33/><D31/><U134/><E134/><V120/><F120/><W96/><G29/><T19/><D30/><U9/><E13/><V118/><F118/><W73/><G43/><T60/><D15/><U95/><E95/><V135/><F63/><W20/><G50/><T23/><D60/><U53/><E53/><V64/><F64/><W69/><G69/><T37/><D37/><U38/><E38/><V65/><F65/><W108/><G108/><T89/><D1/><U16/><E16/><V66/><F66/><W35/><G35/><T5/><D33/><U45/><E45/><V129/><F135/><W79/><G18/><T88/><D32/><U34/><E34/><V87/><F94/><W17/><G92/><N who="0" m="58791" /><D23/><U117/><E117/><V132/><F132/><W67/><G67/><T78/><D19/><U47/><E47/><V71/><F71/><W42/><G42/><T107/><D107/><U91/><E91/><N who="0" m="34889" /><D4/><U76/><E76/><AGARI ba="0,0" hai="5,11,12,41,46,48,76,78" m="34889,58791" machi="76" ten="30,3900,0" yaku="8,1,52,1,54,1" doraHai="44" who="0" fromWho="1" sc="250,39,250,-39,280,0,220,0" /><INIT seed="2,0,0,4,1,8" ten="289,211,280,220" oya="2" hai0="34,37,61,20,125,76,26,59,115,102,66,56,133" hai1="67,99,98,82,124,1,100,57,50,16,64,21,46" hai2="22,92,10,14,27,42,113,65,58,23,12,122,52" hai3="31,68,114,19,51,87,11,86,121,40,93,28,83"/><V2/><F113/><W53/><G121/><T73/><D115/><U107/><E1/><V62/><F122/><W118/><G68/><T38/><D34/><U90/><E124/><V13/><F42/><W112/><G118/><T103/><D125/><U134/><E134/><V5/><F92/><W79/><G40/><T36/><D133/><U128/><E128/><V130/><F130/><W41/><G41/><T35/><D35/><U97/><E57/><V48/><REACH who="2" step="1"/><F27/><REACH who="2" ten="289,211,270,220" step="2"/><W45/><G114/><T15/><D26/><N who="1" m="14631" /><E107/><V39/><F39/><W74/><G112/><T116/><D37/><U89/><E100/><V70/><AGARI ba="0,1" hai="2,5,10,12,13,14,22,23,48,52,58,62,65,70" machi="70" ten="30,18000,2" yaku="1,1,0,1,52,3,54,1,53,1" doraHai="8" doraHaiUra="49" who="2" fromWho="2" sc="289,-60,211,-60,270,190,220,-60" /><INIT seed="2,1,0,4,5,6" ten="229,151,460,160" oya="2" hai0="74,26,39,122,8,25,63,112,128,12,97,40,52" hai1="60,46,38,29,134,42,11,53,105,69,13,9,73" hai2="44,15,45,108,96,101,58,130,31,27,19,30,16" hai3="21,54,5,4,22,120,109,133,111,114,103,72,56"/><V50/><F130/><W93/><G72/><T119/><D122/><U84/><E73/><V3/><F3/><W33/><G120/><T51/><D112/><U135/><E105/><V129/><F129/><W47/><G33/><T57/><D128/><U59/><E29/><V87/><F108/><N who="3" m="41547" /><G47/><N who="0" m="26087" /><D39/><U41/><E42/><V76/><F58/><W81/><G81/><T115/><D74/><U88/><E69/><V18/><F45/><W91/><G103/><T64/><D115/><U37/><E37/><V83/><F27/><N who="0" m="10250" /><D97/><U106/><E106/><V104/><REACH who="2" step="1"/><F15/><REACH who="2" ten="229,151,450,160" step="2"/><W24/><G114/><T77/><D119/><U118/><E118/><V124/><F124/><W68/><G24/><T55/><D77/><U7/><REACH who="1" step="1"/><E9/><REACH who="1" ten="229,141,450,160" step="2"/><V35/><F35/><W70/><G68/><T2/><D2/><U32/><E32/><V121/><F121/><W17/><G70/><T98/><D98/><U62/><E62/><V65/><F65/><W107/><G107/><T10/><D8/><U116/><E116/><V34/><F34/><W131/><G131/><T36/><D36/><U89/><E89/><V113/><F113/><W66/><G91/><T92/><D64/><U127/><E127/><V102/><F102/><W125/><G66/><T94/><D55/><AGARI ba="1,2" hai="16,18,19,30,31,44,50,55,76,83,87,96,101,104" machi="55" ten="40,7700,0" yaku="1,1,54,1,53,1" doraHai="6" doraHaiUra="79" who="2" fromWho="0" sc="229,-80,141,0,450,100,160,0" /><INIT seed="2,2,0,0,5,33" ten="149,141,550,160" oya="2" hai0="43,40,94,75,102,109,3,135,8,59,106,66,86" hai1="107,124,95,87,110,89,103,16,14,51,9,42,72" hai2="31,29,97,112,84,64,28,130,5,19,99,71,74" hai3="76,56,114,50,23,34,20,52,90,132,32,133,80"/><V53/><F74/><W11/><G90/><T63/><D75/><U105/><E110/><V60/><F112/><W65/><G65/><T98/><D109/><U92/><E72/><V70/><F130/><W10/><G114/><T131/><D131/><U21/><E124/><V77/><F71/><W108/><G108/><T117/><D135/><N who="3" m="51785" /><G23/><T30/><D117/><U48/><E105/><V36/><F36/><W6/><G20/><T78/><D30/><U129/><E107/><V67/><F19/><W54/><G54/><T57/><D57/><U26/><E129/><V82/><F67/><W128/><G128/><T22/><D22/><U81/><E103/><V88/><F53/><W58/><G58/><T79/><D106/><U2/><E2/><V111/><F111/><W44/><G56/><T118/><D118/><U91/><E42/><V68/><F68/><W125/><G125/><T49/><D43/><U85/><E81/><V126/><F126/><W45/><G45/><N who="0" m="25767" /><D78/><U0/><E0/><V83/><F5/><AGARI ba="2,0" hai="5,9,14,16,21,26,48,51,85,87,89,91,92,95" machi="5" ten="30,7700,0" yaku="7,1,9,1,8,1,54,1" doraHai="33" who="1" fromWho="2" sc="149,0,141,83,550,-83,160,0" /><INIT seed="3,0,0,2,3,58" ten="149,224,467,160" oya="3" hai0="68,77,105,23,116,38,117,67,47,48,112,106,126" hai1="129,100,124,6,118,25,91,57,13,93,31,72,99" hai2="81,49,108,5,36,119,4,70,135,30,115,125,133" hai3="39,42,69,89,53,62,61,111,80,64,26,128,46"/><W63/><G128/><T8/><D23/><U32/><E129/><V18/><F36/><W73/><G111/><T15/><D77/><U45/><E124/><V97/><F30/><W98/><G53/><T10/><D126/><U95/><E72/><V74/><F18/><W109/><G109/><T7/><D112/><U20/><E118/><V37/><F37/><W94/><REACH who="3" step="1"/><G26/><REACH who="3" ten="149,224,467,150" step="2"/><T19/><D116/><U71/><E25/><V132/><F119/><W110/><G110/><T51/><D117/><U92/><E100/><V96/><F108/><W55/><G55/><T101/><D101/><U1/><E99/><V34/><F125/><W54/><G54/><T103/><D103/><U27/><E27/><V9/><F97/><W12/><G12/><T14/><D106/><U65/><E13/><V66/><F96/><W120/><G120/><T122/><D105/><U78/><E1/><V104/><F104/><W86/><G86/><T123/><D123/><U127/><E127/><V87/><F87/><W121/><G121/><T17/><D122/><U130/><E130/><V59/><F132/><W3/><G3/><T22/><D7/><U28/><E6/><V75/><F133/><W76/><AGARI ba="0,1" hai="39,42,46,61,62,63,64,69,73,76,80,89,94,98" machi="76" ten="30,12000,1" yaku="1,1,0,1,52,3,53,0" doraHai="58" doraHaiUra="134" who="3" fromWho="3" sc="149,-40,224,-40,467,-40,150,130" /><INIT seed="3,1,0,3,3,21" ten="109,184,427,280" oya="3" hai0="69,48,92,121,14,135,80,113,133,118,56,81,53" hai1="70,86,85,134,58,57,115,8,23,9,129,116,125" hai2="72,2,119,93,123,88,103,41,5,6,77,64,104" hai3="76,60,47,71,36,16,0,97,18,28,63,35,31"/><W132/><G0/><T98/><D118/><U29/><E70/><V61/><F119/><W50/><G36/><T108/><D121/><U33/><E33/><V124/><F41/><W114/><G114/><T30/><D113/><U128/><E115/><V78/><F2/><W27/><G132/><T38/><D38/><U34/><E34/><V13/><F123/><W79/><G31/><T122/><D122/><U74/><E74/><V10/><F124/><W130/><G130/><N who="1" m="50282" /><E116/><V89/><F72/><W83/><G97/><T117/><D117/><U126/><E23/><V110/><F110/><W44/><G44/><T131/><D131/><U111/><E29/><V112/><F5/><W107/><G107/><T91/><D69/><U67/><E67/><V20/><F112/><W109/><G109/><T87/><D108/><U15/><E111/><V82/><F104/><W25/><G76/><T65/><D65/><U49/><E8/><V54/><F103/><W84/><G71/><T42/><D42/><U73/><E73/><V66/><F78/><W43/><REACH who="3" step="1"/><G27/><REACH who="3" ten="109,184,427,270" step="2"/><T100/><D30/><U106/><E106/><V105/><F105/><W19/><AGARI ba="1,1" hai="16,18,19,25,28,35,43,47,50,60,63,79,83,84" machi="19" ten="30,18000,2" yaku="1,1,2,1,0,1,52,1,54,1,53,1" doraHai="21" doraHaiUra="46" who="3" fromWho="3" sc="109,-61,184,-61,427,-61,270,193" owari="48,-45.2,123,-27.7,366,16.6,463,56.3" /></mjloggm>