<mjloggm ver="2.3"><GO type="225" lobby="0"/><UN n0="%E3%81%8B%E3%82%8F%E3%81%A1%E3%82%83%E3%82%93%35%38" n1="%73%73%6B%5F%66%72%65%65" n2="%E3%83%96%E3%83%83%E3%83%91%E3%82%AA%E3%83%96%E3%83%81%E3%82%AD%E3%83%B3" n3="%E6%81%A5%E6%99%92%E3%81%97" dan="16,16,16,17" rate="2170.57,2110.48,2099.45,2119.68" sx="M,M,M,M"/><TAIKYOKU oya="0"/><INIT seed="0,0,0,2,2,115" ten="250,250,250,250" oya="0" hai0="108,23,107,104,128,81,71,36,70,31,96,1,99" hai1="15,17,43,18,46,54,48,51,4,74,72,5,135" hai2="56,124,68,29,91,19,110,2,42,129,52,106,30" hai3="25,76,92,82,85,32,120,93,58,83,79,12,13"/><T14/><D14/><U24/><E135/><V16/><F68/><N who="0" m="26154" /><D23/><N who="1" m="13423" /><E74/><V45/><F2/><W63/><G120/><T39/><D81/><U75/><E75/><V117/><F106/><N who="0" m="40490" /><D31/><U116/><E72/><V21/><F30/><W100/><G32/><T44/><D44/><N who="1" m="25631" /><E116/><V50/><F29/><W122/><G25/><T41/><D41/><U57/><E46/><V103/><F117/><W86/><G122/><T26/><D26/><U22/><AGARI ba="0,0" hai="4,5,15,18,22,51,54,57" m="25631,13423" machi="22" ten="30,1100,0" yaku="8,1" doraHai="115" who="1" fromWho="1" sc="250,-5,250,11,250,-3,250,-3" /><INIT seed="1,0,0,5,1,118" ten="245,261,247,247" oya="1" hai0="121,116,84,42,48,52,96,59,13,65,53,127,34" hai1="14,135,99,72,123,51,19,124,133,3,107,81,61" hai2="21,57,37,87,83,119,4,18,25,102,39,98,109" hai3="17,6,93,73,128,91,125,80,68,60,86,106,77"/><U12/><E3/><V56/><F119/><W46/><G125/><T120/><D34/><U130/><E124/><V70/><F109/><W69/><G128/><T27/><D116/><U47/><E130/><V100/><F70/><W23/><G6/><T78/><D127/><U131/><E131/><V33/><F4/><W105/><G46/><N who="0" m="25687" /><D27/><U117/><E117/><V76/><F33/><W30/><G30/><T85/><D96/><U95/><E61/><V43/><F102/><W44/><G44/><T5/><D65/><U8/><E107/><V36/><REACH who="2" step="1"/><F43/><REACH who="2" ten="245,261,237,247" step="2"/><W54/><G69/><T108/><D108/><U88/><E133/><V126/><F126/><W15/><G68/><T32/><D32/><U97/><E135/><V24/><F24/><W79/><REACH who="3" step="1"/><G79/><REACH who="3" ten="245,261,237,237" step="2"/><T129/><D129/><U134/><E134/><V112/><F112/><W29/><G29/><T10/><D53/><U9/><E19/><V1/><F1/><W92/><G92/><AGARI ba="0,2" hai="18,21,25,36,37,39,56,57,76,83,87,92,98,100" machi="92" ten="40,1300,0" yaku="1,1,53,0" doraHai="118" doraHaiUra="0" who="2" fromWho="3" sc="245,0,261,0,237,33,237,-13" /><INIT seed="2,0,0,1,4,59" ten="245,261,270,224" oya="2" hai0="32,3,113,121,75,1,109,134,38,23,5,73,14" hai1="63,0,10,15,78,66,76,42,48,126,115,60,52" hai2="82,89,25,49,92,86,19,97,40,17,2,83,125" hai3="6,133,16,9,8,120,118,81,112,69,65,103,61"/><V87/><F125/><W95/><G118/><T21/><D38/><U123/><E115/><V57/><F2/><W44/><G120/><T102/><D102/><U74/><E0/><V84/><F25/><W22/><G133/><T91/><D14/><U132/><E123/><V96/><F96/><W34/><G34/><T37/><D121/><U54/><E74/><V31/><F31/><W24/><G112/><T131/><D113/><U127/><E66/><V12/><F17/><W72/><G44/><T93/><D93/><U11/><E42/><V106/><F106/><W30/><G30/><T88/><D37/><U80/><E80/><V56/><F56/><W101/><G95/><T105/><D105/><U104/><E104/><V119/><F119/><W107/><G107/><T129/><D32/><U51/><E15/><V13/><F13/><W79/><REACH who="3" step="1"/><G6/><REACH who="3" ten="245,261,270,214" step="2"/><T41/><D5/><U117/><E117/><V46/><REACH who="2" step="1"/><F57/><REACH who="2" ten="245,261,260,214" step="2"/><W124/><G124/><T67/><D134/><AGARI ba="0,2" hai="10,11,48,51,52,54,60,63,76,78,126,127,132,134" machi="134" ten="25,8000,1" yaku="22,2,52,2,54,1" doraHai="59" who="1" fromWho="0" sc="245,-80,261,100,260,0,214,0" /><INIT seed="3,0,0,2,2,78" ten="165,361,260,214" oya="3" hai0="31,42,132,0,115,3,65,135,104,77,9,61,44" hai1="71,74,131,14,103,21,93,128,73,125,126,50,25" hai2="33,13,106,100,4,133,20,90,63,116,98,5,2" hai3="85,112,67,82,91,32,118,70,86,28,110,66,59"/><W38/><G112/><T108/><D104/><U81/><E14/><V48/><F116/><W43/><G118/><T37/><D31/><N who="1" m="17839" /><E50/><V119/><F119/><W19/><G28/><T17/><D17/><U1/><E71/><V26/><F133/><N who="0" m="51274" /><D9/><U56/><E56/><V76/><F48/><W117/><G19/><T46/><D46/><U69/><E69/><V58/><F33/><W8/><G8/><T101/><D101/><U127/><E1/><V120/><F2/><W121/><G117/><T51/><D51/><U75/><E81/><V35/><F100/><W122/><G32/><T89/><D89/><U134/><E134/><V62/><F90/><W34/><G34/><T7/><D7/><U16/><E16/><V105/><F105/><W23/><G38/><T84/><D84/><U123/><E123/><V88/><F120/><W41/><G86/><T45/><D45/><U114/><E114/><V55/><F106/><W12/><G85/><T107/><D115/><U79/><E79/><V47/><F76/><W87/><G87/><T102/><D108/><U64/><E103/><V39/><F39/><W57/><G110/><T30/><D30/><U99/><E75/><V129/><F4/><W95/><G121/><T40/><D40/><U80/><E74/><V60/><F5/><W10/><G43/><T29/><D29/><U15/><E73/><V27/><F47/><W94/><G41/><T54/><D54/><U83/><E127/><V49/><F55/><W109/><G109/><T97/><D77/><U130/><E126/><V36/><F36/><W53/><G122/><RYUUKYOKU ba="0,0" sc="165,30,361,-10,260,-10,214,-10" hai0="0,3,37,42,44,61,65,97,102,107" owari="195,-30.5,351,45.1,250,5.0,204,-19.6" /></mjloggm>