<mjloggm ver="2.3"><GO type="225" lobby="0"/><UN n0="%72%65%6E%6B%75%6E" n1="%50%69%73%38" n2="%E6%B7%91%E5%A5%B3%E3%81%AE%E5%97%9C%E3%81%BF" n3="%E3%80%90%E3%83%88%E3%83%AA%E3%83%A5%E3%83%95%E3%80%91" dan="17,16,16,16" rate="2244.81,2142.79,2125.63,2059.20" sx="M,M,M,M"/><TAIKYOKU oya="0"/><INIT seed="0,0,0,0,5,124" ten="250,250,250,250" oya="0" hai0="107,76,112,15,2,125,59,50,43,88,55,122,3" hai1="62,121,35,32,105,129,93,25,9,69,87,130,23" hai2="29,41,38,42,84,64,71,102,14,16,70,13,34" hai3="4,27,51,91,120,31,73,101,36,57,111,119,37"/><T20/><D112/><U99/><E121/><V46/><F102/><W44/><G119/><T85/><D122/><U127/><E127/><V110/><F110/><W58/><G111/><T98/><D125/><U19/><E105/><V0/><F0/><W11/><G73/><T113/><D113/><U61/><E87/><V72/><F72/><W65/><G91/><T80/><D43/><U106/><E106/><V81/><F42/><W77/><G77/><T123/><D123/><U12/><E35/><V104/><F64/><W78/><G78/><T17/><REACH who="0" step="1"/><D76/><REACH who="0" ten="240,250,250,250" step="2"/><U26/><E32/><V18/><F41/><W108/><G120/><T86/><D86/><U45/><E45/><V132/><F84/><W10/><G108/><T49/><D49/><U33/><E33/><V7/><F46/><W94/><G44/><T83/><D83/><U60/><E69/><V95/><F70/><W133/><G51/><T22/><D22/><U24/><REACH who="1" step="1"/><E23/><REACH who="1" ten="240,240,250,250" step="2"/><V79/><F71/><W63/><G37/><T92/><D92/><U128/><E128/><V48/><F95/><W82/><G36/><T40/><D40/><U135/><E135/><V28/><F104/><W52/><G133/><T74/><D74/><U67/><E67/><V109/><F132/><W96/><G94/><T6/><D6/><U134/><E134/><V75/><F38/><W39/><G39/><T117/><D117/><U66/><E66/><V56/><F109/><W100/><G4/><T1/><D1/><U114/><E114/><V103/><F7/><W54/><G65/><T30/><D30/><N who="2" m="11882" /><F34/><W90/><G31/><RYUUKYOKU ba="0,2" sc="240,15,240,15,250,-15,250,-15" hai0="2,3,15,17,20,50,55,59,80,85,88,98,107" hai1="9,12,19,24,25,26,60,61,62,93,99,129,130" /><INIT seed="0,1,2,1,0,31" ten="255,255,235,235" oya="0" hai0="114,64,88,83,55,44,133,9,104,116,47,32,8" hai1="127,73,6,125,41,13,37,38,70,94,14,1,54" hai2="20,5,121,49,126,33,58,51,42,48,76,57,25" hai3="7,2,118,85,132,69,30,109,77,12,86,28,34"/><T99/><D114/><U93/><E73/><V129/><F129/><W21/><G118/><T66/><D116/><U27/><E70/><V124/><F121/><W18/><G69/><T43/><D133/><U72/><E72/><V19/><F42/><W119/><G119/><T108/><D104/><U4/><E27/><V123/><F123/><W62/><G62/><T103/><D32/><U134/><E41/><V113/><F113/><W80/><G109/><T81/><D103/><U90/><E54/><V39/><F39/><W115/><G30/><T131/><D131/><U117/><E117/><V68/><F68/><W63/><G63/><T10/><D55/><U17/><E17/><V96/><F76/><W128/><G132/><T61/><D108/><U16/><E16/><V135/><F135/><W122/><G122/><T50/><D44/><U22/><E134/><V107/><F33/><W78/><G128/><T102/><D102/><U75/><E75/><V91/><F5/><W36/><G36/><T100/><D100/><U67/><E67/><N who="0" m="25641" /><D61/><U101/><E101/><N who="2" m="62887" /><F91/><W95/><G115/><T92/><AGARI ba="1,2" hai="8,9,10,43,47,50,81,83,88,92,99" m="25641" machi="92" ten="30,3000,0" yaku="8,1,54,1" doraHai="31" who="0" fromWho="0" sc="255,53,255,-11,235,-11,235,-11" /><INIT seed="0,2,0,0,3,135" ten="308,244,224,224" oya="0" hai0="119,69,47,70,23,129,13,112,86,103,122,75,18" hai1="97,60,102,45,25,117,30,15,126,54,79,0,57" hai2="111,12,29,78,24,14,53,49,96,32,16,125,127" hai3="115,84,50,105,4,120,94,91,36,95,3,6,100"/><T17/><D75/><U67/><E0/><V107/><F111/><W5/><G115/><T109/><D119/><U26/><E117/><V71/><F71/><W85/><G36/><T21/><D112/><U130/><E130/><V27/><F78/><W63/><G120/><T65/><D122/><U22/><E79/><V43/><F43/><W76/><G63/><T92/><D129/><U9/><E26/><V72/><F72/><W134/><G3/><T38/><D109/><U40/><E126/><N who="2" m="48139" /><F24/><W106/><G134/><T93/><D65/><U61/><E40/><V64/><F64/><W51/><G76/><T81/><D47/><U1/><E1/><V33/><F32/><W11/><G11/><T2/><D2/><U8/><E15/><V77/><F77/><W20/><G20/><T131/><D38/><U46/><E45/><N who="2" m="27823" /><F16/><W19/><G19/><T73/><D73/><U74/><E74/><V80/><F80/><W98/><G106/><T62/><D131/><U83/><E83/><V108/><F108/><W59/><G59/><T48/><D81/><U41/><E41/><V37/><F37/><W104/><G104/><T10/><D18/><U124/><E124/><V39/><F39/><W56/><G56/><T114/><D21/><U133/><E133/><V116/><F116/><W101/><G101/><AGARI ba="2,0" hai="12,14,27,29,33,96,101,107" m="27823,48139" machi="101" ten="30,7700,0" yaku="18,1,52,3" doraHai="135" who="2" fromWho="3" sc="308,0,244,0,224,83,224,-83" /><INIT seed="1,0,0,0,2,19" ten="308,244,307,141" oya="1" hai0="120,30,122,58,24,22,126,41,105,129,86,21,74" hai1="39,82,23,79,68,20,53,110,96,49,8,76,55" hai2="15,109,4,45,83,80,35,75,59,42,57,9,77" hai3="26,72,88,5,56,18,7,124,102,87,116,10,14"/><U135/><E39/><V36/><F109/><W111/><G111/><T112/><D74/><U64/><E110/><V69/><F69/><W107/><G72/><T97/><D112/><U46/><E135/><V103/><F35/><W127/><G116/><T0/><D0/><U62/><E76/><V123/><F123/><N who="0" m="47146" /><D129/><U6/><E55/><V73/><REACH who="2" step="1"/><F103/><REACH who="2" ten="308,244,297,141" step="2"/><W92/><G56/><T81/><D126/><N who="3" m="48169" /><G26/><T100/><D58/><U43/><E43/><V52/><F52/><W134/><G134/><T48/><D41/><U28/><E28/><V70/><F70/><W61/><G61/><T44/><D44/><U1/><REACH who="1" step="1"/><E96/><AGARI ba="0,1" hai="5,7,10,14,18,87,88,92,96,102,107" m="48169" machi="96" ten="30,2000,0" yaku="18,1,54,1" doraHai="19" who="3" fromWho="1" sc="308,0,244,-20,297,0,141,30" /><INIT seed="2,0,0,0,5,46" ten="308,224,297,171" oya="2" hai0="66,31,11,94,132,119,67,53,71,17,116,55,124" hai1="19,14,110,85,22,9,133,86,5,51,61,13,107" hai2="73,115,75,1,6,92,88,52,42,123,38,91,44" hai3="33,78,129,45,47,37,122,103,80,113,8,41,7"/><V27/><F115/><W16/><G122/><T84/><D31/><U68/><E107/><V97/><F123/><W26/><G113/><T50/><D124/><U34/><E34/><V135/><F135/><W28/><G103/><T96/><D132/><U76/><E133/><V102/><F27/><W29/><G47/><N who="0" m="27871" /><D71/><U101/><E110/><V130/><F130/><W93/><G93/><T125/><D84/><U121/><E121/><V69/><F69/><W83/><G83/><T25/><D125/><U89/><E101/><V62/><F1/><W87/><G129/><T56/><D119/><U0/><E76/><V90/><REACH who="2" step="1"/><F6/><REACH who="2" ten="308,224,287,171" step="2"/><W81/><G81/><T131/><D131/><U15/><E5/><V65/><F65/><W39/><G29/><T114/><D114/><U18/><E0/><V54/><F54/><W79/><G79/><T70/><D70/><U100/><E68/><V36/><F36/><W4/><REACH who="3" step="1"/><G37/><REACH who="3" ten="308,224,287,161" step="2"/><T77/><D77/><U118/><E118/><V104/><F104/><W60/><G60/><T35/><D116/><U74/><E61/><V106/><F106/><W112/><G112/><T12/><D66/><U99/><E74/><V108/><F108/><W72/><G72/><T109/><D67/><U43/><E43/><V105/><F105/><W127/><G127/><T63/><D109/><U59/><E9/><V10/><F10/><W30/><G30/><T23/><D35/><U3/><E3/><V111/><F111/><W117/><G117/><T128/><D128/><U21/><E22/><V32/><F32/><W98/><G98/><T48/><D96/><RYUUKYOKU ba="0,2" sc="308,-15,224,-15,287,15,161,15" hai2="38,42,44,52,62,73,75,88,90,91,92,97,102" hai3="4,7,8,16,26,28,33,39,41,45,78,80,87" /><INIT seed="2,1,2,2,3,18" ten="293,209,302,176" oya="2" hai0="25,58,122,64,68,99,67,12,4,108,95,128,129" hai1="118,3,112,61,43,76,56,110,131,9,82,55,133" hai2="20,84,94,87,70,86,32,52,104,73,81,5,88" hai3="41,30,44,33,48,98,90,79,60,105,120,23,106"/><V74/><F32/><W15/><G120/><T66/><D122/><U80/><E112/><V96/><F70/><W91/><G79/><T54/><D108/><U19/><E118/><V47/><F5/><W42/><G33/><T13/><D68/><U63/><E110/><V27/><F104/><W85/><G41/><T21/><D4/><U135/><E131/><N who="0" m="50249" /><D58/><N who="1" m="35039" /><E43/><V14/><F14/><W72/><G72/><T92/><D54/><N who="1" m="34199" /><E76/><N who="2" m="46119" /><F74/><W16/><G30/><N who="0" m="17711" /><D92/><U39/><E39/><V38/><F38/><W7/><G7/><T69/><D69/><U100/><E3/><V130/><F73/><W11/><G60/><T97/><D97/><U126/><E126/><V103/><F103/><AGARI ba="1,2" hai="12,13,64,66,67,95,99,103" m="17711,50249" machi="103" ten="30,2000,0" yaku="19,1,52,1" doraHai="18" who="0" fromWho="2" sc="293,43,209,0,302,-23,176,0" /><INIT seed="3,0,0,5,0,118" ten="336,209,279,176" oya="3" hai0="99,68,23,60,97,131,70,10,5,26,8,100,46" hai1="67,80,88,74,85,13,4,35,81,33,36,25,66" hai2="113,107,110,37,15,104,126,43,119,40,50,102,83" hai3="17,117,56,116,51,115,61,39,87,73,105,89,6"/><W31/><G115/><T57/><D131/><U63/><E36/><V55/><F113/><W86/><G105/><T72/><D72/><U58/><E66/><V96/><F119/><W65/><G73/><T27/><D46/><U75/><E74/><V29/><F104/><W1/><G39/><T98/><D100/><U7/><E33/><V44/><F110/><W127/><G127/><T19/><D26/><U12/><E12/><V62/><F126/><W111/><G31/><T20/><D20/><U103/><E103/><V123/><F123/><W53/><G111/><T14/><REACH who="0" step="1"/><D10/><REACH who="0" ten="326,209,279,176" step="2"/><U84/><E75/><V101/><F101/><W135/><G135/><T2/><D2/><U129/><E25/><V18/><F44/><W92/><G86/><T93/><D93/><U64/><E35/><V49/><F102/><W91/><G91/><T95/><D95/><U94/><E94/><V112/><F107/><W9/><REACH who="3" step="1"/><G17/><REACH who="3" ten="326,209,279,166" step="2"/><T48/><D48/><U59/><E129/><V16/><F112/><W108/><G108/><T130/><D130/><U106/><E106/><V133/><F37/><W28/><G28/><T90/><D90/><N who="1" m="51463" /><E13/><V47/><F15/><W124/><G124/><T41/><D41/><U120/><E120/><V45/><F40/><W122/><G122/><T114/><D114/><U3/><E3/><V69/><F29/><W71/><AGARI ba="0,2" hai="1,6,9,51,53,56,61,65,71,87,89,92,116,117" machi="71" ten="20,3900,0" yaku="1,1,0,1,7,1,53,0" doraHai="118" doraHaiUra="77" who="3" fromWho="3" sc="326,-13,209,-13,279,-13,166,59" /><INIT seed="3,1,0,0,0,75" ten="313,196,266,225" oya="3" hai0="108,38,55,26,96,91,7,111,53,64,47,117,129" hai1="123,120,121,57,50,93,134,1,40,105,113,63,109" hai2="107,69,18,100,97,106,66,104,110,44,81,128,0" hai3="99,14,41,6,3,54,11,24,125,45,71,31,61"/><W85/><G125/><T19/><D117/><U17/><E105/><V82/><F110/><N who="0" m="42026" /><D129/><U56/><E109/><V2/><F128/><W116/><G116/><T84/><D64/><U65/><E1/><V48/><F18/><W27/><G3/><T70/><D70/><N who="1" m="42303" /><E93/><V119/><F119/><W131/><G131/><T12/><D96/><U43/><E17/><V89/><F2/><W5/><G99/><T59/><D26/><U16/><E16/><V102/><F0/><W32/><G24/><T49/><D7/><U130/><E130/><V80/><F89/><W101/><G101/><T83/><D38/><U112/><E134/><V67/><F97/><W95/><G5/><T8/><D59/><N who="1" m="22603" /><E50/><V13/><F104/><W98/><G98/><T115/><D115/><AGARI ba="1,0" hai="40,43,112,113,115,120,121,123" m="22603,42303" machi="115" ten="40,2600,0" yaku="34,2" doraHai="75" who="1" fromWho="0" sc="313,-29,196,29,266,0,225,0" /><INIT seed="4,0,0,4,0,74" ten="284,225,266,225" oya="0" hai0="80,46,18,123,25,97,5,42,89,55,72,28,120" hai1="7,44,8,45,69,30,111,61,33,127,103,87,53" hai2="70,99,133,92,112,107,119,49,73,98,104,1,113" hai3="114,129,124,108,126,14,65,63,88,83,100,122,105"/><T36/><D5/><U39/><E111/><V84/><F70/><W47/><G108/><T48/><D18/><U132/><E127/><N who="3" m="48682" /><G114/><N who="2" m="44137" /><F49/><W16/><G47/><T34/><D97/><N who="2" m="36874" /><F1/><W11/><G129/><T19/><D19/><U52/><E87/><V43/><F43/><W50/><G50/><T64/><D64/><U4/><E132/><V37/><F37/><W15/><G100/><T9/><D9/><U24/><E103/><V20/><F20/><N who="3" m="11287" /><G105/><N who="2" m="40521" /><F119/><W101/><G101/><T0/><D0/><U32/><E69/><V51/><F51/><W102/><G102/><T66/><D66/><U35/><E39/><V95/><F133/><W60/><G65/><T54/><D54/><U38/><E38/><V93/><F73/><W94/><G122/><T10/><D10/><U86/><E61/><V81/><F81/><W117/><G83/><T78/><D89/><AGARI ba="0,0" hai="84,89,92,93,95" m="40521,36874,44137" machi="89" ten="40,5200,0" yaku="15,1,34,2" doraHai="74" who="2" fromWho="0" sc="284,-52,225,0,266,52,225,0" owari="232,3.2,225,-17.5,318,41.8,225,-27.5" /></mjloggm>