<mjloggm ver="2.3"><GO type="225" lobby="0"/><UN n0="%E3%83%A9%E3%83%BC%E3%83%A1%E3%83%B3%E4%BA%94%E9%83%8E" n1="%E3%82%BC%E3%83%AB%E3%83%80%E3%81%AE%E4%BC%9D%E8%AA%AC" n2="%E3%81%A4%E3%81%A3%E3%81%B1%E3%82%8A%E3%83%9D%E3%83%BC%E3%83%AB" n3="%72%61%6B%33" dan="16,17,17,16" rate="2068.61,2141.56,2167.03,2101.11" sx="M,M,M,M"/><TAIKYOKU oya="0"/><INIT seed="0,0,0,5,2,50" ten="250,250,250,250" oya="0" hai0="120,135,6,38,21,111,69,0,108,24,46,87,105" hai1="54,83,79,59,110,3,25,81,28,53,132,22,95" hai2="30,109,116,35,124,60,106,31,118,13,103,96,18" hai3="16,37,56,126,89,45,15,55,114,70,57,11,9"/><T5/><D120/><U99/><E110/><N who="0" m="42025" /><D105/><U26/><E132/><V129/><F109/><W12/><G114/><T122/><D122/><U91/><E3/><V128/><F60/><W20/><G126/><T97/><D135/><U61/><E25/><N who="2" m="18895" /><F31/><W78/><G70/><T98/><D69/><U123/><E123/><V51/><F51/><N who="3" m="29167" /><G37/><T29/><D87/><N who="1" m="48575" /><E83/><V33/><F33/><W92/><G78/><T121/><D121/><U8/><E8/><N who="3" m="3146" /><G12/><T49/><D38/><U52/><AGARI ba="0,0" hai="22,26,28,52,53,54,59,61,91,95,99" m="48575" machi="52" ten="30,8000,1" yaku="8,1,52,3,54,1" doraHai="50" who="1" fromWho="1" sc="250,-40,250,80,250,-20,250,-20" /><INIT seed="1,0,0,5,0,34" ten="210,330,230,230" oya="1" hai0="67,79,112,115,59,38,45,86,15,82,21,123,92" hai1="130,35,27,111,25,135,127,65,91,104,39,63,2" hai2="41,72,58,62,4,114,43,11,56,47,101,87,55" hai3="110,90,97,124,99,37,100,70,95,52,6,118,12"/><U125/><E39/><V20/><F72/><W96/><G110/><T108/><D108/><U17/><E111/><V32/><F32/><W57/><G124/><N who="1" m="47690" /><E135/><V122/><F122/><W10/><G118/><T109/><D109/><U29/><E130/><V53/><F114/><W78/><G37/><T54/><D123/><U106/><E2/><V105/><F20/><W80/><G70/><T107/><D107/><N who="1" m="41003" /><E91/><V61/><F87/><N who="3" m="48535" /><G90/><T93/><D115/><U69/><E25/><V85/><F85/><W48/><AGARI ba="0,0" hai="6,10,12,48,52,57,95,96,97,99,100" m="48535" machi="48" ten="30,2000,0" yaku="8,1,54,1" doraHai="34" who="3" fromWho="3" sc="210,-5,330,-10,230,-5,230,20" /><INIT seed="2,0,0,0,3,45" ten="205,320,225,250" oya="2" hai0="31,120,76,38,85,130,88,63,27,101,118,74,106" hai1="0,60,100,44,80,111,91,16,65,56,121,2,117" hai2="123,62,110,112,81,28,34,132,36,23,47,126,51" hai3="22,135,69,29,4,92,108,64,98,37,127,87,32"/><V7/><F112/><W6/><G37/><T21/><D120/><U52/><E117/><V70/><F123/><W48/><G32/><T18/><D38/><U53/><E121/><V102/><F34/><W3/><G127/><T125/><D125/><U58/><E111/><V94/><F126/><W113/><G108/><T14/><D118/><U95/><E0/><V73/><F36/><W49/><G69/><T41/><D130/><U104/><E2/><V103/><F7/><N who="3" m="2603" /><G3/><T26/><D41/><U20/><E104/><V68/><F68/><W82/><G64/><T19/><D63/><N who="1" m="36231" /><E80/><V11/><F94/><W13/><G135/><T93/><D19/><U96/><E100/><V59/><F103/><N who="3" m="60871" /><G113/><T50/><D50/><N who="3" m="19561" /><G13/><T24/><D74/><U83/><E44/><V109/><F47/><W119/><G119/><T15/><D15/><N who="1" m="9247" /><E83/><V12/><F81/><W84/><G82/><N who="0" m="47303" /><D106/><U134/><E134/><V129/><F132/><W128/><G128/><T35/><D35/><U78/><E78/><V61/><F129/><W46/><G46/><T57/><D14/><U40/><E40/><V116/><F116/><W8/><G8/><T105/><D105/><U72/><E72/><V86/><F11/><W75/><G75/><T124/><D124/><U54/><AGARI ba="0,0" hai="53,54,58,60,65,91,95,96" m="9247,36231" machi="54" ten="30,4000,0" yaku="8,1,54,2" doraHai="45" who="1" fromWho="1" sc="205,-10,320,40,225,-20,250,-10" /><INIT seed="3,0,0,3,3,134" ten="195,360,205,240" oya="3" hai0="16,115,81,110,52,38,106,67,76,72,25,119,121" hai1="8,64,32,48,1,4,117,124,9,53,131,84,18" hai2="109,40,61,54,44,114,0,60,7,39,100,43,35" hai3="97,130,80,29,111,33,99,69,14,87,74,34,49"/><W55/><G69/><T135/><D119/><U107/><E107/><V93/><F114/><W21/><G74/><T129/><D121/><U20/><E32/><V83/><F35/><W125/><G130/><T66/><D38/><U126/><E117/><V94/><F109/><W27/><G111/><T58/><D110/><U112/><E112/><V101/><F83/><W56/><G125/><N who="1" m="48234" /><E131/><V71/><F71/><W98/><REACH who="3" step="1"/><G14/><REACH who="3" ten="195,360,205,230" step="2"/><T51/><D129/><U113/><E113/><V88/><F0/><W132/><G132/><T128/><D135/><U37/><E37/><V3/><F3/><W2/><G2/><T62/><D128/><U31/><E64/><V103/><F39/><W79/><AGARI ba="0,1" hai="21,27,29,33,34,49,55,56,79,80,87,97,98,99" machi="79" ten="30,6000,0" yaku="1,1,0,1,53,1" doraHai="134" doraHaiUra="73" who="3" fromWho="3" sc="195,-20,360,-20,205,-20,230,70" /><INIT seed="3,1,0,0,0,64" ten="175,340,185,300" oya="3" hai0="65,26,33,73,123,16,6,84,82,122,124,94,58" hai1="102,37,112,119,7,13,117,89,10,54,76,8,132" hai2="35,107,83,55,116,5,77,108,24,59,17,45,42" hai3="52,126,50,27,1,97,57,100,28,60,129,93,63"/><W40/><G126/><T111/><D73/><U32/><E112/><V71/><F71/><W68/><G68/><T120/><D124/><U4/><E32/><V98/><F116/><N who="1" m="44617" /><E132/><V62/><F108/><W118/><G118/><T30/><D111/><U96/><E37/><V43/><F5/><W104/><G1/><T46/><D6/><U22/><E76/><V38/><F43/><W19/><G129/><T109/><D109/><U103/><E22/><V113/><F113/><W29/><G104/><T85/><D94/><N who="1" m="56399" /><E54/><V36/><F36/><W23/><G40/><T80/><D16/><U47/><E47/><V44/><F44/><W9/><G9/><T78/><D46/><U11/><E11/><V105/><F98/><W15/><G27/><T3/><D3/><AGARI ba="1,0" hai="3,4,7,8,10,13,102,103" m="56399,44617" machi="3" ten="30,1000,0" yaku="12,1" doraHai="64" who="1" fromWho="0" sc="175,-13,340,13,185,0,300,0" owari="162,-33.8,353,45.3,185,-21.5,300,10.0" /></mjloggm>