<mjloggm ver="2.3"><GO type="225" lobby="0"/><UN n0="%E4%BC%8A%E9%81%94%E6%9C%B1%E9%87%8C%E7%B4%97" n1="%E3%81%99%E3%81%84%E3%81%BE%E3%81%9B%E3%83%BC%E3%82%93" n2="%E3%83%A9%E3%82%B9%E7%8E%87%EF%BC%93%E5%89%B2" n3="%E3%83%96%E3%83%83%E3%83%91%E3%82%AA%E3%83%96%E3%83%81%E3%82%AD%E3%83%B3" dan="16,18,16,16" rate="2074.38,2201.55,2196.03,2125.39" sx="F,M,F,M"/><TAIKYOKU oya="0"/><INIT seed="0,0,0,1,1,50" ten="250,250,250,250" oya="0" hai0="128,7,75,17,64,118,114,16,39,110,124,99,80" hai1="132,129,5,119,15,72,10,61,135,56,63,24,49" hai2="42,65,89,96,103,91,45,113,43,22,79,70,92" hai3="83,111,126,29,8,69,115,81,37,95,9,67,120"/><T102/><D114/><U52/><E119/><V66/><F113/><W82/><G115/><T40/><D118/><U0/><E72/><V125/><F125/><W4/><G37/><T133/><D124/><U109/><E109/><V84/><F70/><W134/><G126/><T31/><D31/><U130/><E0/><V85/><F22/><W74/><G111/><T73/><D64/><N who="2" m="24682" /><F45/><W60/><G134/><N who="1" m="51242" /><E24/><V93/><F79/><W36/><G36/><T3/><D133/><U104/><E104/><V2/><F2/><W101/><G29/><T127/><D128/><AGARI ba="0,0" hai="5,10,15,49,52,56,61,63,128,129,130" m="51242" machi="128" ten="30,7700,0" yaku="19,1,20,1,52,1,54,1" doraHai="50" who="1" fromWho="0" sc="250,-77,250,77,250,0,250,0" /><INIT seed="1,0,0,4,1,35" ten="173,327,250,250" oya="1" hai0="2,64,110,86,22,114,56,14,97,101,51,49,0" hai1="48,132,79,85,59,82,78,123,102,32,69,70,3" hai2="65,26,72,118,6,15,130,77,113,111,84,99,73" hai3="67,115,20,134,7,1,89,54,46,34,76,13,121"/><U129/><E123/><V107/><F118/><W98/><G121/><T83/><D114/><U38/><E32/><V125/><F113/><W91/><G115/><T95/><D110/><U42/><E102/><V96/><F65/><W66/><G134/><T52/><D64/><U18/><E3/><V60/><F60/><W19/><G76/><T10/><D49/><U94/><E94/><V116/><F26/><W88/><G98/><T108/><D22/><U12/><E38/><V16/><F6/><W21/><G21/><T28/><D28/><U93/><E93/><V27/><F27/><W31/><G54/><T105/><D95/><U33/><E33/><V24/><F24/><N who="3" m="18791" /><G46/><T9/><D9/><AGARI ba="0,0" hai="1,7,9,13,19,20,66,67,88,89,91" m="18791" machi="9" ten="30,3900,0" yaku="24,1,52,1,54,1" doraHai="35" who="3" fromWho="0" sc="173,-39,327,0,250,0,250,39" /><INIT seed="2,0,0,2,4,121" ten="134,327,250,289" oya="2" hai0="74,25,38,93,50,132,21,32,118,64,134,70,13" hai1="80,88,30,65,44,106,75,36,37,17,29,39,2" hai2="81,49,27,53,130,135,95,24,35,16,102,122,117" hai3="67,103,33,116,110,98,0,90,129,111,114,124,109"/><V92/><F122/><W55/><G116/><T28/><D38/><U72/><E106/><V79/><F117/><W61/><G0/><T59/><D74/><U78/><E2/><V56/><F130/><W108/><G129/><T73/><D73/><U126/><E75/><V12/><F135/><W11/><G33/><T60/><D118/><U46/><E126/><V58/><F35/><W18/><G124/><T19/><D93/><U3/><E3/><V76/><F56/><W99/><G114/><T84/><D84/><U115/><E115/><V1/><F1/><W7/><G7/><T82/><D82/><U47/><E65/><V40/><F40/><W5/><G5/><T43/><D43/><U42/><E42/><V77/><F81/><W22/><G11/><T89/><D89/><U52/><E52/><V34/><F34/><W66/><G90/><T107/><D107/><U68/><E68/><V57/><F57/><N who="3" m="35007" /><G110/><T119/><D119/><U31/><E88/><V54/><F54/><W131/><G131/><T105/><D105/><U71/><E71/><V9/><F95/><N who="3" m="58847" /><G99/><AGARI ba="0,0" hai="9,12,16,24,27,49,53,58,76,77,79,92,99,102" machi="99" ten="40,3900,0" yaku="8,1,54,1" doraHai="121" who="2" fromWho="3" sc="134,0,327,0,250,39,289,-39" /><INIT seed="2,1,0,4,4,48" ten="134,327,289,250" oya="2" hai0="1,87,38,93,32,94,88,23,24,109,3,106,35" hai1="18,80,83,47,72,124,126,7,57,111,64,20,4" hai2="10,116,5,59,45,60,95,63,29,129,22,6,71" hai3="13,97,107,43,122,68,55,27,75,50,103,34,36"/><V100/><F116/><W39/><G122/><T16/><D109/><U77/><E111/><V9/><F129/><W125/><G75/><T108/><D108/><U118/><E118/><V30/><F45/><W12/><G68/><T101/><D106/><U81/><E81/><V67/><F10/><W8/><G125/><N who="1" m="48234" /><E83/><V14/><F6/><W85/><G43/><T115/><D38/><U2/><E47/><V105/><F105/><W119/><G119/><T54/><D115/><U96/><E96/><V121/><F121/><W128/><G85/><T37/><D37/><U62/><E2/><V78/><F78/><W61/><G61/><T46/><D1/><U26/><AGARI ba="1,0" hai="4,7,18,20,26,57,62,64,72,77,80" m="48234" machi="26" ten="30,1100,0" yaku="18,1" doraHai="48" who="1" fromWho="1" sc="134,-4,327,14,289,-6,250,-4" /><INIT seed="3,0,0,5,0,27" ten="130,341,283,246" oya="3" hai0="71,68,19,13,127,55,119,82,104,117,72,64,60" hai1="102,110,35,1,32,80,41,2,46,132,29,99,7" hai2="96,26,124,69,128,67,47,125,115,95,52,20,101" hai3="131,48,59,134,53,122,23,65,100,89,76,12,93"/><W133/><G122/><T126/><D104/><U120/><E120/><V74/><F74/><W37/><G37/><T22/><D55/><U61/><E29/><N who="2" m="17607" /><F115/><W58/><G131/><T113/><D113/><U123/><E123/><V90/><F128/><W66/><G76/><T14/><D71/><U121/><E121/><V16/><F69/><W62/><G100/><T112/><D112/><U21/><E21/><V130/><F67/><W78/><G78/><T50/><D50/><U30/><E30/><V75/><F75/><W17/><REACH who="3" step="1"/><G65/><REACH who="3" ten="130,341,283,236" step="2"/><T24/><D72/><U40/><E102/><V36/><F36/><W97/><AGARI ba="0,1" hai="12,17,23,48,53,58,59,62,66,89,93,97,133,134" machi="97" ten="30,6000,0" yaku="1,1,2,1,0,1,53,0" doraHai="27" doraHaiUra="118" who="3" fromWho="3" sc="130,-20,341,-20,283,-20,236,70" /><INIT seed="3,1,0,2,1,124" ten="110,321,263,306" oya="3" hai0="77,84,111,90,103,25,37,34,69,15,106,98,27" hai1="6,51,43,60,50,14,119,123,52,80,116,9,1" hai2="30,56,57,132,2,20,53,107,68,35,75,67,41" hai3="109,3,99,105,4,120,22,24,19,89,118,18,32"/><W61/><G118/><N who="1" m="45098" /><E123/><V82/><F107/><W44/><G120/><T101/><D111/><U100/><E100/><V129/><F2/><W128/><G109/><T131/><D131/><U88/><E43/><V39/><F35/><W65/><G128/><T70/><D37/><U102/><E102/><V79/><F129/><W11/><G32/><T94/><D103/><U96/><E1/><V93/><F132/><W28/><G105/><T47/><D47/><U40/><E40/><V59/><F93/><W36/><G36/><T117/><D117/><U115/><E115/><V74/><F74/><W62/><G44/><T135/><D135/><U104/><E104/><V97/><F97/><W114/><G114/><T71/><D34/><U16/><E6/><V23/><F30/><W127/><G127/><T31/><D31/><U8/><E9/><V76/><F76/><W5/><G5/><T95/><D95/><N who="1" m="56423" /><E80/><V42/><F53/><W7/><G7/><T87/><D87/><U125/><E125/><V66/><F42/><W81/><G99/><T10/><D77/><U72/><E72/><V54/><F54/><W63/><REACH who="3" step="1"/><G65/><REACH who="3" ten="110,321,263,296" step="2"/><T122/><REACH who="0" step="1"/><D122/><REACH who="0" ten="100,321,263,296" step="2"/><U83/><E83/><N who="2" m="45567" /><F39/><W86/><AGARI ba="1,2" hai="3,4,11,18,19,22,24,28,61,62,63,81,86,89" machi="86" ten="30,3000,0" yaku="1,1,0,1,53,0" doraHai="124" doraHaiUra="49" who="3" fromWho="3" sc="100,-11,321,-11,263,-11,296,53" owari="89,-41.1,310,11.0,252,-14.8,349,44.9" /></mjloggm>