<mjloggm ver="2.3"><GO type="225" lobby="0"/><UN n0="%E3%83%B4%E3%83%A0%EF%BC%99%E3%81%A6" n1="%E3%83%81%E3%83%83%E3%82%BF%E3%82%BD%E3%83%BC" n2="%E3%83%96%E3%83%83%E3%83%91%E3%82%AA%E3%83%96%E3%83%81%E3%82%AD%E3%83%B3" n3="%E3%81%BE%E3%81%A8%E3%81%9F" dan="16,16,16,16" rate="2173.30,2128.76,2144.87,2121.18" sx="M,F,M,M"/><TAIKYOKU oya="0"/><INIT seed="0,0,0,1,1,17" ten="250,250,250,250" oya="0" hai0="53,115,92,68,20,56,93,113,14,80,117,89,121" hai1="40,132,26,31,120,19,22,99,102,15,44,5,35" hai2="134,66,129,28,13,107,7,85,16,27,10,110,100" hai3="74,18,38,76,114,57,9,91,123,32,60,30,118"/><T36/><D117/><U64/><E132/><V131/><F110/><W73/><G114/><T49/><D121/><U43/><E120/><V90/><F134/><W52/><G38/><T39/><D68/><U54/><E64/><V21/><F66/><W95/><G123/><T83/><D36/><U65/><E65/><V81/><REACH who="2" step="1"/><F7/><REACH who="2" ten="250,250,240,250" step="2"/><W72/><G118/><T98/><D115/><U45/><E5/><V116/><F116/><W82/><G32/><T2/><D113/><U47/><REACH who="1" step="1"/><E54/><REACH who="1" ten="250,240,240,250" step="2"/><V51/><F51/><W130/><G52/><T104/><D53/><U109/><E109/><V11/><F11/><W12/><G9/><T75/><D49/><U6/><E6/><V0/><F0/><W133/><G133/><T126/><D2/><U46/><N who="1" m="11264" /><DORA hai="77" /><U55/><E55/><V25/><F25/><W124/><G60/><T23/><D39/><U69/><E69/><V128/><F128/><W58/><G130/><T41/><D56/><U127/><E127/><V4/><F4/><W59/><G57/><T71/><D126/><U84/><E84/><V97/><AGARI ba="0,2" hai="10,13,16,21,27,28,81,85,90,97,100,107,129,131" machi="97" ten="30,12000,2" yaku="1,1,0,1,52,2,54,1,53,1" doraHai="17,77" doraHaiUra="24,70" who="2" fromWho="2" sc="250,-60,240,-30,240,140,250,-30" /><INIT seed="1,0,0,4,0,73" ten="190,210,380,220" oya="1" hai0="22,46,29,89,101,13,34,112,9,67,104,42,87" hai1="71,69,11,88,107,105,94,65,70,82,126,32,14" hai2="55,106,26,59,60,93,5,111,43,133,130,58,124" hai3="33,77,24,95,119,116,18,47,48,23,50,132,52"/><U31/><E126/><V53/><F124/><W100/><G132/><T125/><D112/><U118/><E118/><N who="3" m="45098" /><G33/><T3/><D125/><U90/><E65/><V68/><F133/><W115/><G115/><T8/><D34/><U110/><E110/><V79/><F106/><W25/><G48/><T56/><D104/><U97/><E31/><V28/><F111/><W38/><G38/><T54/><D67/><U20/><E20/><V75/><F130/><W63/><G63/><T2/><D101/><U15/><E32/><V64/><F43/><W120/><G120/><T131/><D2/><U134/><E134/><V80/><F5/><W113/><G113/><T27/><D3/><U7/><REACH who="1" step="1"/><E15/><REACH who="1" ten="190,200,380,220" step="2"/><V35/><F35/><W19/><G25/><T0/><D0/><U61/><E61/><V127/><F28/><W40/><G24/><T135/><D135/><U85/><AGARI ba="0,1" hai="7,11,14,69,70,71,82,85,88,90,94,97,105,107" machi="85" ten="40,7800,0" yaku="1,1,0,1,54,1,53,0" doraHai="73" doraHaiUra="45" who="1" fromWho="1" sc="190,-26,200,88,380,-26,220,-26" /><INIT seed="1,1,0,0,3,69" ten="164,288,354,194" oya="1" hai0="90,11,45,86,83,91,14,133,5,80,77,3,106" hai1="93,70,25,60,127,135,39,2,98,71,48,122,84" hai2="107,89,110,112,100,49,72,36,76,113,64,96,58" hai3="114,37,120,38,99,124,125,50,129,82,81,52,31"/><U15/><E2/><V6/><F110/><W118/><G120/><T46/><D133/><U67/><E39/><N who="3" m="14858" /><G114/><N who="2" m="44137" /><F36/><W47/><G31/><T126/><D126/><N who="3" m="48745" /><G129/><T88/><D106/><U97/><E127/><V104/><F6/><W43/><G118/><T20/><D3/><U13/><E135/><V95/><F107/><W61/><G99/><T132/><D132/><U66/><E122/><V23/><F23/><W7/><G7/><T44/><REACH who="0" step="1"/><D20/><REACH who="0" ten="154,288,354,194" step="2"/><U17/><E71/><V32/><F104/><W9/><G9/><T108/><D108/><U109/><E70/><V102/><F32/><W1/><G1/><T94/><D94/><U92/><E93/><V22/><F22/><W111/><G111/><T116/><D116/><U59/><E109/><V0/><F0/><W19/><G19/><T24/><D24/><U57/><E17/><V29/><F95/><W123/><G123/><T119/><D119/><U85/><E25/><V56/><F29/><W117/><G117/><T62/><D62/><U26/><E26/><V4/><F4/><W121/><G121/><T12/><D12/><U79/><E92/><V75/><F102/><W16/><G16/><T42/><D42/><U73/><E15/><V63/><F100/><W51/><G61/><T74/><AGARI ba="1,1" hai="5,11,14,44,45,46,74,77,80,83,86,88,90,91" machi="74" ten="30,4000,0" yaku="1,1,0,1,54,1,53,0" doraHai="69" doraHaiUra="115" who="0" fromWho="0" sc="154,53,288,-21,354,-11,194,-11" /><INIT seed="2,0,0,3,5,56" ten="207,267,343,183" oya="2" hai0="22,79,68,37,67,44,82,83,50,8,6,17,3" hai1="127,73,129,30,84,12,95,109,87,32,24,132,128" hai2="113,39,122,31,88,33,7,97,114,86,107,98,21" hai3="115,102,45,34,85,125,9,60,74,71,5,58,117"/><V124/><F122/><W25/><G74/><T59/><D68/><U116/><E109/><V78/><F39/><W121/><G117/><T105/><D105/><U2/><E116/><V75/><F33/><W57/><G121/><T118/><D118/><U53/><E73/><V96/><F7/><W40/><G125/><T42/><D79/><U36/><E36/><V16/><F31/><W99/><G115/><N who="2" m="44041" /><F16/><W48/><G85/><T54/><REACH who="0" step="1"/><D67/><REACH who="0" ten="197,267,343,183" step="2"/><U66/><E66/><V14/><F78/><W61/><G71/><T131/><D131/><U69/><E128/><V38/><F107/><W64/><G64/><T70/><D70/><U49/><E69/><V20/><F124/><W111/><G111/><T23/><D23/><U41/><E127/><V134/><F21/><W55/><G55/><T126/><D126/><U135/><E53/><V80/><F20/><W119/><G119/><T76/><D76/><U120/><E129/><V110/><F110/><W130/><G130/><T13/><AGARI ba="0,1" hai="3,6,8,13,17,22,37,42,44,50,54,59,82,83" machi="13" ten="20,8000,1" yaku="1,1,0,1,7,1,53,2" doraHai="56" doraHaiUra="77" who="0" fromWho="0" sc="197,90,267,-20,343,-40,183,-20" /><INIT seed="3,0,0,0,3,34" ten="287,247,303,163" oya="3" hai0="118,71,132,35,2,127,65,47,67,99,96,13,111" hai1="41,78,110,1,74,105,56,66,59,83,120,91,29" hai2="37,122,108,121,26,90,33,28,123,43,60,38,57" hai3="87,17,85,11,32,92,20,117,61,125,39,36,5"/><W95/><G117/><T89/><D118/><U64/><E110/><V97/><F108/><W54/><G32/><T0/><D111/><U50/><E105/><V4/><F4/><W72/><G125/><T10/><D35/><U44/><E120/><V40/><F90/><W63/><G72/><T106/><D47/><U103/><E103/><V25/><F97/><W129/><G129/><T51/><D51/><U7/><E29/><V14/><F14/><W30/><G30/><T75/><D75/><U46/><E91/><V19/><F19/><W21/><G54/><T131/><D89/><U9/><E64/><N who="0" m="24649" /><D71/><U3/><E1/><N who="0" m="617" /><D106/><U119/><E119/><V86/><F86/><W12/><G12/><T68/><D68/><U76/><E66/><N who="2" m="39183" /><F26/><W22/><G22/><T124/><D131/><U70/><E70/><V73/><F73/><W53/><G53/><T55/><D55/><U15/><E76/><V135/><F135/><W80/><G17/><N who="0" m="8375" /><D132/><U27/><E27/><V84/><F84/><W16/><G16/><T82/><D82/><U130/><E130/><V100/><F100/><W81/><REACH who="3" step="1"/><G11/><REACH who="3" ten="287,247,303,153" step="2"/><T42/><D42/><AGARI ba="0,1" hai="25,28,33,37,38,40,42,43,121,122,123" m="39183" machi="42" ten="30,1000,0" yaku="13,1" doraHai="34" who="2" fromWho="0" sc="287,-10,247,0,303,20,153,0" owari="277,7.7,247,-15.3,323,42.3,153,-34.7" /></mjloggm>