<mjloggm ver="2.3"><GO type="225" lobby="0"/><UN n0="%70%68%65%6E%6F%6D%65" n1="%E3%81%8B%E3%82%8F%E3%81%A1%E3%82%83%E3%82%93%35%38" n2="%E3%81%99%E3%81%84%E3%81%BE%E3%81%9B%E3%83%BC%E3%82%93" n3="%E7%99%BD%E5%80%89%E5%AF%9B%E4%B9%8B" dan="16,16,18,16" rate="2176.67,2174.68,2235.61,2149.82" sx="M,M,M,M"/><TAIKYOKU oya="0"/><INIT seed="0,0,0,3,2,125" ten="250,250,250,250" oya="0" hai0="92,63,0,99,96,132,52,123,31,71,113,40,12" hai1="26,127,41,50,131,95,75,79,38,128,39,130,45" hai2="133,70,135,20,32,82,64,36,15,104,68,102,122" hai3="108,4,72,21,86,116,83,97,120,14,87,103,78"/><T35/><D113/><U98/><E127/><V3/><F122/><W54/><G120/><T76/><D0/><U6/><E6/><V1/><F32/><W48/><G116/><T57/><D132/><U16/><E79/><V58/><F36/><W53/><G108/><T93/><D123/><U80/><E80/><V91/><F102/><W117/><G117/><T101/><D40/><U60/><E75/><V22/><F104/><W7/><G54/><T13/><D76/><U34/><E60/><V61/><F3/><W81/><G21/><N who="2" m="8297" /><F15/><W124/><G124/><T89/><REACH who="0" step="1"/><D71/><REACH who="0" ten="240,250,250,250" step="2"/><U121/><E121/><V110/><F1/><W23/><G78/><T107/><D107/><U47/><E16/><V118/><F118/><W2/><G2/><T134/><D134/><N who="2" m="51210" /><F110/><W11/><G4/><T29/><D29/><N who="1" m="19767" /><E47/><V67/><F70/><W88/><G7/><T10/><D10/><U111/><E111/><V25/><F68/><W100/><G11/><T129/><D129/><U62/><E62/><V94/><F61/><W28/><G28/><T51/><D51/><U119/><E119/><V24/><F24/><AGARI ba="0,1" hai="12,13,24,31,35,52,57,63,89,92,93,96,99,101" machi="24" ten="40,3900,0" yaku="1,1,54,1,53,0" doraHai="125" doraHaiUra="69" who="0" fromWho="2" sc="240,49,250,0,250,-39,250,0" /><INIT seed="0,1,0,3,0,130" ten="289,250,211,250" oya="0" hai0="29,15,89,18,71,90,35,32,66,16,44,19,68" hai1="134,53,60,25,0,109,40,111,17,24,62,126,87" hai2="23,91,122,118,88,30,61,39,120,67,65,70,107" hai3="96,34,123,80,63,74,10,93,1,13,55,8,38"/><T117/><D117/><U82/><E0/><V37/><F118/><W101/><G38/><T119/><D119/><U73/><E73/><V115/><F115/><W98/><G34/><T2/><D2/><U14/><E40/><V4/><F107/><W113/><G113/><T31/><D15/><U48/><E126/><V57/><F4/><W9/><G123/><T20/><D20/><U11/><E134/><V69/><F23/><W56/><G1/><T102/><D44/><N who="1" m="27783" /><E111/><V64/><F30/><N who="0" m="11274" /><D102/><U133/><E133/><V5/><F5/><W132/><G132/><T7/><D66/><N who="2" m="25706" /><F88/><N who="0" m="33898" /><D7/><U52/><E109/><V45/><F91/><W54/><G98/><T99/><D99/><U84/><E84/><V108/><F108/><W85/><G74/><T51/><D51/><U83/><E87/><V114/><F114/><W121/><G121/><N who="2" m="46697" /><F37/><W3/><G3/><T59/><D59/><N who="1" m="34919" /><E62/><V21/><F21/><W41/><G41/><AGARI ba="1,0" hai="39,41,45,57,61,67,69,70" m="46697,25706" machi="41" ten="30,2000,0" yaku="34,2" doraHai="130" who="2" fromWho="3" sc="289,0,250,0,211,23,250,-23" /><INIT seed="1,0,0,1,0,45" ten="289,250,234,227" oya="1" hai0="29,9,70,52,108,101,55,11,61,19,77,83,76" hai1="12,129,103,94,26,132,54,90,95,42,44,27,86" hai2="0,33,104,121,43,2,96,100,49,87,131,17,65" hai3="113,116,48,21,82,35,51,59,78,41,46,123,102"/><U74/><E74/><V56/><F121/><W32/><G123/><T13/><D108/><U38/><E132/><V28/><F131/><W117/><G113/><T7/><D29/><U112/><E112/><V67/><F17/><W111/><G111/><T60/><D101/><U109/><E109/><V124/><F124/><W125/><G102/><T79/><D83/><U81/><E129/><V34/><F87/><N who="3" m="48599" /><G125/><T23/><D11/><U122/><E122/><V5/><F5/><W89/><G89/><T58/><D70/><U16/><E54/><V24/><F34/><N who="3" m="12843" /><G21/><T130/><D130/><U31/><E31/><V85/><F85/><W50/><G59/><T91/><D91/><U39/><E39/><V15/><F15/><W62/><G62/><T47/><D47/><U64/><E64/><V133/><F133/><W106/><G106/><T14/><REACH who="0" step="1"/><D55/><REACH who="0" ten="279,250,234,227" step="2"/><U53/><E53/><V99/><F67/><W57/><G57/><T20/><D20/><U66/><E66/><V135/><F135/><W40/><G46/><T68/><D68/><U107/><E107/><N who="2" m="63879" /><F65/><W63/><G63/><AGARI ba="0,1" hai="7,9,13,14,19,23,52,58,60,61,63,76,77,79" machi="63" ten="40,5200,0" yaku="1,1,8,1,54,1,53,0" doraHai="45" doraHaiUra="93" who="0" fromWho="3" sc="279,62,250,0,234,0,227,-52" /><INIT seed="2,0,0,1,3,132" ten="341,250,234,175" oya="2" hai0="29,108,12,59,25,39,55,3,19,83,105,96,119" hai1="135,49,110,27,99,88,8,18,56,26,13,63,115" hai2="97,102,1,43,124,73,4,22,129,92,30,14,116" hai3="7,133,131,53,130,112,9,36,77,67,106,121,120"/><V81/><F116/><W82/><G36/><T71/><D71/><U57/><E115/><V85/><F129/><N who="3" m="49163" /><G67/><T16/><D3/><U91/><E135/><V41/><F73/><N who="3" m="43311" /><G53/><T20/><D39/><U125/><E110/><V58/><F124/><W103/><G9/><T122/><D122/><N who="3" m="47209" /><G7/><T95/><D108/><U109/><E125/><V76/><F1/><W37/><G37/><T94/><D119/><U28/><E109/><V61/><F4/><W93/><G133/><T84/><D19/><U100/><E49/><V134/><F134/><W51/><G51/><T126/><D126/><U45/><E45/><V66/><F14/><W65/><G65/><T46/><D46/><U15/><E15/><V33/><F33/><W78/><G112/><T72/><D59/><U50/><E50/><V69/><F69/><W79/><G106/><T21/><D55/><U34/><E27/><AGARI ba="0,0" hai="22,27,30,41,43,58,61,66,76,81,85,92,97,102" machi="27" ten="40,7700,0" yaku="25,2,8,1" doraHai="132" who="2" fromWho="1" sc="341,0,250,-77,234,77,175,0" /><INIT seed="2,1,0,4,1,61" ten="341,173,311,175" oya="2" hai0="66,134,122,72,17,57,41,0,44,8,59,115,2" hai1="101,75,55,54,106,31,51,21,48,132,99,104,64" hai2="110,15,14,65,27,87,50,88,113,74,124,70,112" hai3="81,82,131,117,58,39,46,9,126,34,35,77,6"/><V129/><F74/><W18/><G117/><T12/><D122/><U60/><E75/><V100/><F124/><W68/><G126/><T53/><D115/><U32/><E132/><V1/><F1/><W96/><G131/><T85/><D72/><U26/><E104/><V69/><F129/><W86/><G68/><T71/><D57/><U40/><E21/><V120/><F120/><W98/><G18/><T125/><D134/><U43/><E51/><V7/><F100/><W93/><G82/><T91/><D71/><N who="1" m="42375" /><E55/><V95/><F70/><W11/><G58/><AGARI ba="1,0" hai="26,31,32,40,43,48,54,58,99,101,106" m="42375" machi="58" ten="30,2000,0" yaku="25,1,52,1" doraHai="61" who="1" fromWho="3" sc="341,0,173,23,311,0,175,-23" /><INIT seed="3,0,0,3,1,30" ten="341,196,311,152" oya="3" hai0="102,116,87,73,34,69,74,82,81,50,83,28,33" hai1="127,86,106,54,91,128,9,46,48,71,126,67,64" hai2="110,88,117,10,76,57,114,52,38,111,7,1,133" hai3="59,125,94,29,24,105,85,90,112,77,131,62,16"/><W103/><G112/><T113/><D69/><U124/><E128/><V109/><F114/><W42/><G131/><T55/><D113/><U45/><E106/><V21/><F117/><W32/><G125/><T80/><D102/><U51/><E9/><V47/><F133/><W27/><G42/><T37/><D37/><U107/><E107/><V75/><F21/><W119/><G119/><T58/><D116/><U118/><E71/><V115/><F115/><W6/><G6/><T60/><D50/><U68/><E68/><V14/><F1/><W20/><G77/><T95/><D95/><N who="1" m="54775" /><E118/><V12/><F12/><W0/><G0/><T98/><D98/><U31/><E31/><V79/><F75/><W84/><G105/><T134/><D134/><U25/><E25/><V23/><F23/><W40/><G40/><AGARI ba="0,0" hai="40,45,46,48,51,54,64,67,124,126,127" m="54775" machi="40" ten="30,1000,0" yaku="18,1" doraHai="30" who="1" fromWho="3" sc="341,0,196,10,311,0,152,-10" owari="341,44.1,206,-19.4,311,11.1,142,-35.8" /></mjloggm>