<mjloggm ver="2.3"><GO type="225" lobby="0"/><UN n0="%E3%81%99%E3%83%BC%5F%E9%88%B4%E6%9C%A8%E6%B5%A9%E5%B9%B3" n1="%79%75%72%69%6D%6F%67" n2="%E9%A6%AC%E5%BC%95%E7%81%AB%33" n3="%E3%81%8B%E3%82%8F%E3%81%A1%E3%82%83%E3%82%93%35%38" dan="16,16,16,16" rate="2061.02,2141.50,2073.47,2147.74" sx="M,F,M,M"/><TAIKYOKU oya="0"/><INIT seed="0,0,0,0,3,118" ten="250,250,250,250" oya="0" hai0="94,19,111,58,81,2,76,78,84,46,54,91,66" hai1="122,17,99,44,106,130,37,63,27,59,31,133,29" hai2="24,16,35,32,124,121,7,12,30,128,116,114,69" hai3="5,104,97,120,126,82,14,18,47,102,4,86,135"/><T115/><D115/><U71/><E130/><V3/><F69/><W89/><G126/><T65/><D2/><U61/><E133/><V11/><F114/><W83/><G135/><T80/><D46/><U107/><E71/><V62/><F62/><W21/><G120/><T53/><D19/><U67/><E63/><V79/><F79/><W0/><G0/><T57/><D111/><U50/><E31/><V43/><F43/><W131/><G131/><T8/><D8/><U25/><E37/><V127/><F128/><W9/><G21/><T15/><D15/><U75/><E75/><V41/><F41/><W38/><G38/><T110/><D110/><U49/><E122/><V132/><F132/><W70/><G70/><T48/><D54/><U28/><E49/><V26/><F121/><W20/><G20/><T93/><D93/><U85/><E85/><V33/><F116/><W103/><G103/><T77/><REACH who="0" step="1"/><D58/><REACH who="0" ten="240,250,250,250" step="2"/><U123/><E17/><V109/><F109/><W64/><G47/><T101/><D101/><U42/><E123/><V73/><F26/><W22/><G9/><T72/><D72/><U117/><E117/><V112/><F73/><W129/><G129/><T51/><D51/><U52/><E42/><V125/><F112/><W96/><G102/><T34/><D34/><N who="1" m="20751" /><E27/><V87/><F87/><W55/><G55/><T60/><D60/><U45/><E45/><V68/><F68/><W119/><G14/><T105/><D105/><N who="1" m="39947" /><E99/><N who="3" m="37962" /><G18/><T113/><D113/><U134/><E134/><V90/><F90/><N who="3" m="51543" /><G104/><T39/><D39/><U98/><E98/><V6/><F3/><RYUUKYOKU ba="0,1" sc="240,10,250,10,250,10,250,-30" hai0="48,53,57,65,66,76,77,78,80,81,84,91,94" hai1="29,44,50,52,59,61,67" hai2="6,7,11,12,16,24,30,32,33,35,124,125,127" /><INIT seed="0,1,1,2,4,117" ten="250,260,260,220" oya="0" hai0="95,105,128,121,115,58,132,71,54,130,112,119,15" hai1="69,86,50,53,56,81,67,21,114,125,133,36,111" hai2="85,60,14,33,6,17,110,68,24,57,22,44,92" hai3="103,89,11,120,28,47,48,77,66,38,76,72,7"/><T1/><D119/><U31/><E111/><V129/><F110/><W59/><G72/><T98/><D132/><U55/><E125/><V107/><F107/><W23/><G103/><T8/><D105/><U102/><E36/><V127/><F127/><W70/><G70/><T96/><D71/><U20/><E133/><V134/><F68/><W91/><G38/><T41/><D41/><U18/><E102/><V90/><F134/><W49/><G28/><T78/><D78/><N who="3" m="30313" /><G23/><T113/><D1/><U82/><E69/><V27/><F129/><N who="0" m="49770" /><D95/><U79/><E67/><V4/><F44/><W32/><G32/><T87/><D87/><U30/><E82/><V34/><F34/><W51/><G47/><T35/><D35/><U65/><E65/><V106/><F106/><W3/><G3/><T93/><D93/><U61/><E21/><V25/><REACH who="2" step="1"/><F33/><REACH who="2" ten="250,260,250,220" step="2"/><W39/><G39/><T0/><D115/><U63/><E114/><V12/><F12/><N who="3" m="5247" /><G120/><T94/><D121/><U40/><E40/><V73/><F73/><W126/><G126/><T135/><D113/><U97/><E56/><V10/><F10/><W2/><G2/><T64/><D112/><U42/><E42/><V88/><F88/><N who="3" m="33867" /><G66/><AGARI ba="1,2" hai="4,6,14,17,22,24,25,27,57,60,66,85,90,92" machi="66" ten="40,2600,0" yaku="1,1,8,1,53,0" doraHai="117" doraHaiUra="131" who="2" fromWho="3" sc="250,0,260,0,250,49,220,-29" /><INIT seed="1,0,0,1,0,114" ten="250,260,299,191" oya="1" hai0="24,33,0,80,129,62,87,112,26,50,107,64,92" hai1="74,38,40,103,132,106,22,19,127,36,71,63,113" hai2="39,9,131,47,120,68,126,56,67,43,57,60,104" hai3="75,101,96,70,82,122,100,89,29,91,85,128,3"/><U111/><E113/><V121/><F104/><W55/><G70/><T98/><D107/><U79/><E127/><V125/><F9/><W93/><G3/><T78/><D112/><U27/><E132/><V15/><F15/><W88/><G29/><T84/><D129/><U34/><E40/><V11/><F11/><W81/><G55/><T83/><D0/><U45/><E45/><V4/><F4/><W8/><G8/><T6/><D6/><U23/><E79/><V130/><F57/><W97/><G122/><N who="2" m="47209" /><F56/><W42/><G42/><T135/><D135/><U14/><E74/><V134/><F134/><W53/><G53/><T16/><D50/><U124/><E124/><AGARI ba="0,0" hai="39,43,47,60,67,68,124,125,126,130,131" m="47209" machi="124" ten="30,7700,0" yaku="18,1,23,1,34,2" doraHai="114" who="2" fromWho="1" sc="250,0,260,-77,299,77,191,0" /><INIT seed="2,0,0,2,2,75" ten="250,183,376,191" oya="2" hai0="82,57,71,133,16,7,8,94,97,91,32,3,45" hai1="63,132,109,52,115,78,11,121,48,10,87,17,5" hai2="34,61,69,76,20,80,113,118,129,104,83,126,18" hai3="23,103,12,14,41,43,50,55,99,90,35,36,42"/><V49/><F113/><W51/><G35/><T86/><D71/><U120/><E109/><V25/><F118/><W107/><G36/><T131/><D131/><U130/><E115/><V30/><F104/><W39/><G39/><T44/><D133/><U46/><E132/><V114/><F114/><W100/><G51/><T26/><D57/><U84/><E130/><V60/><F129/><W116/><G116/><T123/><D123/><U70/><E17/><V125/><F49/><W19/><G12/><T68/><D68/><U73/><E73/><N who="2" m="43023" /><F83/><W135/><G135/><T31/><REACH who="0" step="1"/><D16/><REACH who="0" ten="240,183,376,191" step="2"/><U28/><E121/><V33/><F18/><W22/><G19/><T72/><D72/><U56/><E120/><V6/><F69/><W79/><G23/><T117/><D117/><U101/><E70/><V128/><F128/><W119/><G22/><T59/><D59/><U85/><E28/><V89/><F20/><W122/><G122/><T62/><D62/><U53/><E101/><AGARI ba="0,1" hai="3,7,8,26,31,32,44,45,82,86,91,94,97,101" machi="101" ten="30,3900,0" yaku="1,1,7,1,53,1" doraHai="75" doraHaiUra="1" who="0" fromWho="1" sc="240,49,183,-39,376,0,191,0" /><INIT seed="3,0,0,1,3,47" ten="289,144,376,191" oya="3" hai0="133,27,93,10,3,73,131,134,91,63,95,114,125" hai1="109,52,79,116,102,126,58,46,24,45,44,120,97" hai2="99,122,127,113,105,82,72,16,40,32,112,48,7" hai3="66,59,38,100,39,84,30,37,35,88,64,51,121"/><W5/><G121/><T22/><D125/><U115/><E109/><V21/><F32/><W9/><G100/><T68/><D131/><U41/><E120/><V132/><F122/><W92/><G30/><T129/><D73/><U104/><E126/><V2/><F127/><W34/><G64/><T119/><D129/><U53/><E115/><V135/><F48/><W49/><G34/><T33/><D33/><U80/><E24/><V90/><F40/><W26/><G26/><T60/><D119/><U69/><E69/><V94/><F105/><W28/><G28/><T67/><D114/><U20/><E20/><V81/><F81/><W8/><G35/><T62/><D3/><U77/><E53/><V55/><F55/><W36/><N who="3" m="9216" /><DORA hai="19" /><W4/><G66/><T111/><D10/><U43/><E116/><V107/><F107/><W83/><G83/><T75/><D75/><U70/><E70/><V23/><F23/><W124/><G51/><T25/><D111/><U89/><E89/><V61/><F61/><W57/><G124/><T108/><D108/><U42/><REACH who="1" step="1"/><E80/><REACH who="1" ten="289,134,376,191" step="2"/><V118/><F118/><W54/><G57/><T13/><D27/><U130/><E130/><V74/><F82/><W85/><G88/><T76/><D91/><U12/><E12/><N who="2" m="9351" /><F113/><W50/><G59/><T11/><D13/><U106/><E106/><V78/><F112/><W1/><G54/><T15/><D68/><U103/><E103/><V110/><F110/><W17/><G1/><T123/><D123/><U14/><E14/><V31/><F2/><W56/><G56/><T29/><D15/><RYUUKYOKU ba="0,1" sc="289,-10,134,30,376,-10,191,-10" hai1="41,42,43,44,45,46,52,58,77,79,97,102,104" owari="279,7.9,164,-33.6,376,47.6,181,-21.9" /></mjloggm>