<mjloggm ver="2.3"><GO type="225" lobby="0"/><UN n0="%E6%81%A5%E6%99%92%E3%81%97" n1="%79%75%72%69%6D%6F%67" n2="%E7%AB%8B%E8%8A%B1%E9%9F%BF" n3="%E7%99%BD%E5%80%89%E5%AF%9B%E4%B9%8B" dan="16,16,17,16" rate="2128.40,2195.31,2188.59,2125.24" sx="M,F,F,M"/><TAIKYOKU oya="0"/><INIT seed="0,0,0,3,5,70" ten="250,250,250,250" oya="0" hai0="30,73,33,88,100,3,26,37,67,129,41,39,47" hai1="2,107,92,114,94,133,108,32,78,24,44,28,66" hai2="60,99,43,5,96,86,103,58,64,80,101,18,77" hai3="10,6,83,72,25,76,126,11,53,98,118,90,56"/><T46/><D129/><U55/><E107/><V109/><F109/><W82/><G118/><T14/><D3/><U89/><E2/><V81/><F5/><W7/><G126/><T111/><D111/><U48/><E133/><V69/><F43/><W40/><G40/><N who="0" m="22799" /><D88/><U128/><E128/><V8/><F69/><W63/><G11/><T62/><D14/><U59/><E108/><V110/><F81/><W38/><G38/><T75/><D100/><N who="2" m="38474" /><F110/><W91/><G82/><T4/><D4/><U121/><E114/><V36/><F36/><W79/><G79/><T21/><D21/><U52/><E66/><V127/><F127/><W123/><G123/><T15/><D15/><AGARI ba="0,0" hai="8,15,18,58,60,64,77,80,86,96,99" m="38474" machi="15" ten="30,1000,0" yaku="8,1" doraHai="70" who="2" fromWho="0" sc="250,-10,250,0,250,10,250,0" /><INIT seed="1,0,0,5,3,103" ten="240,250,260,250" oya="1" hai0="123,62,122,82,12,126,34,83,50,99,56,73,72" hai1="43,5,36,117,59,93,17,135,19,54,95,115,76" hai2="37,51,80,57,101,28,3,129,92,133,112,48,0" hai3="131,86,75,31,55,21,52,87,30,4,16,26,132"/><U96/><E115/><V39/><F112/><W130/><G75/><T23/><D34/><U121/><E117/><V13/><F28/><N who="3" m="10795" /><G4/><T114/><D114/><U116/><E121/><N who="0" m="46089" /><D50/><U111/><E116/><V100/><F80/><N who="0" m="30762" /><D126/><U78/><E135/><V46/><F13/><W77/><G132/><T107/><D23/><U108/><E5/><V127/><F92/><N who="1" m="35401" /><E96/><V41/><F133/><W6/><G6/><T128/><D12/><U18/><E43/><V113/><F113/><W2/><G2/><T109/><D109/><N who="1" m="42059" /><E36/><V104/><F39/><W134/><G134/><T32/><D128/><N who="3" m="49193" /><G77/><T29/><D29/><U60/><AGARI ba="0,0" hai="17,18,19,54,59,60,76,78" m="42059,35401" machi="60" ten="40,3900,0" yaku="14,1,10,1" doraHai="103" who="1" fromWho="1" sc="240,-13,250,39,260,-13,250,-13" /><INIT seed="1,1,0,4,1,26" ten="227,289,247,237" oya="1" hai0="41,19,56,88,66,39,89,28,82,108,67,104,134" hai1="68,71,97,10,112,31,57,110,49,13,32,42,125" hai2="92,18,106,124,72,115,44,65,27,94,116,63,91" hai3="4,129,93,76,2,85,77,86,6,113,8,78,0"/><U132/><E112/><V122/><F106/><W20/><G113/><T64/><D104/><U45/><E125/><V109/><F116/><W35/><G35/><T128/><D108/><U87/><E132/><V21/><F115/><W25/><G129/><T103/><D128/><U3/><E97/><V51/><F72/><W126/><G126/><T99/><D134/><U101/><E3/><V121/><F109/><W40/><G40/><T59/><D19/><U75/><E101/><V29/><F18/><W111/><G111/><T81/><D41/><U61/><E75/><V70/><F124/><W9/><REACH who="3" step="1"/><G93/><REACH who="3" ten="227,289,247,227" step="2"/><N who="0" m="58863" /><D39/><U98/><E110/><V15/><F94/><W52/><G52/><T55/><D55/><U96/><E32/><V24/><F24/><W127/><G127/><T114/><D114/><U117/><E117/><V80/><F80/><W84/><G84/><T11/><D82/><U14/><E98/><V100/><F122/><W47/><G47/><T73/><D81/><U102/><E96/><V30/><F121/><W16/><AGARI ba="1,1" hai="0,2,4,6,8,9,16,20,25,76,77,78,85,86" machi="16" ten="30,12000,2" yaku="1,1,0,1,9,1,54,1,53,2" doraHai="26" doraHaiUra="7" who="3" fromWho="3" sc="227,-31,289,-61,247,-31,227,133" /><INIT seed="2,0,0,3,1,97" ten="196,228,216,360" oya="2" hai0="118,55,120,33,10,98,5,129,48,72,109,126,36" hai1="34,112,31,94,20,117,8,3,67,110,70,82,1" hai2="40,23,59,62,56,29,52,24,104,89,50,100,131" hai3="132,66,122,83,49,128,85,13,21,19,76,73,125"/><V9/><F131/><W45/><G128/><T84/><D129/><U95/><E112/><V103/><F104/><W51/><G122/><T60/><D120/><U15/><E117/><V88/><F9/><W119/><G119/><T74/><D118/><U27/><E67/><N who="2" m="39391" /><F40/><W77/><G132/><T46/><D36/><U37/><E70/><V116/><F116/><W44/><G125/><T102/><D33/><U99/><E37/><V79/><F79/><N who="3" m="46335" /><G66/><T30/><D30/><U2/><E82/><V58/><F58/><W54/><G73/><T81/><D109/><U127/><E110/><V11/><F11/><W68/><G68/><T114/><D60/><U14/><E127/><V121/><F121/><W32/><G32/><T86/><D114/><U26/><E94/><V47/><F56/><W43/><AGARI ba="0,0" hai="13,19,21,43,44,45,49,51,54,76,77" m="46335" machi="43" ten="30,1100,0" yaku="8,1" doraHai="97" who="3" fromWho="3" sc="196,-3,228,-3,216,-5,360,11" /><INIT seed="3,0,0,2,3,102" ten="193,225,211,371" oya="3" hai0="15,118,115,59,2,39,25,131,122,87,1,47,10" hai1="77,11,64,119,48,26,86,69,100,67,43,3,36" hai2="22,35,95,88,89,68,66,97,85,42,23,81,116" hai3="31,53,93,76,44,41,21,126,110,98,70,57,56"/><W8/><G70/><T0/><D118/><U4/><E36/><V133/><F116/><W107/><G107/><T12/><D122/><U75/><E69/><V129/><F35/><W82/><G53/><T128/><D115/><U125/><E75/><V106/><F129/><N who="0" m="49738" /><D59/><U99/><E119/><V38/><F133/><W108/><G8/><T79/><D25/><U51/><E26/><V134/><F134/><W7/><G7/><T78/><D87/><U32/><E32/><V124/><F106/><W6/><G6/><N who="0" m="3159" /><D15/><N who="1" m="5607" /><E125/><V117/><F117/><W18/><G31/><T73/><D73/><U104/><E51/><V46/><REACH who="2" step="1"/><F124/><REACH who="2" ten="193,225,201,371" step="2"/><W103/><G126/><T130/><N who="0" m="49746" /><T14/><DORA hai="121" /><D14/><U127/><E3/><N who="0" m="769" /><T5/><DORA hai="63" /><D5/><U72/><E127/><V17/><F17/><W34/><G18/><T62/><D62/><AGARI ba="0,1" hai="22,23,38,42,46,62,66,68,81,85,88,89,95,97" machi="62" ten="40,8000,1" yaku="1,1,52,1,54,1,53,1" doraHai="102,121,63" doraHaiUra="132,24,80" who="2" fromWho="0" sc="193,-80,225,0,201,90,371,0" owari="113,-38.7,225,-17.5,291,9.1,371,47.1" /></mjloggm>