<mjloggm ver="2.3"><GO type="225" lobby="0"/><UN n0="%4B%2E%32%2E%4B%2E" n1="%E3%83%96%E3%83%83%E3%83%91%E3%82%AA%E3%83%96%E3%83%81%E3%82%AD%E3%83%B3" n2="%E4%BF%BA%E3%81%A8%E5%A6%96%E5%A4%A2" n3="%E6%A1%9C%E8%8A%B1%E9%96%83%E3%80%85" dan="16,16,16,17" rate="2162.71,2171.57,2260.13,2257.07" sx="M,M,F,M"/><TAIKYOKU oya="0"/><INIT seed="0,0,0,0,1,111" ten="250,250,250,250" oya="0" hai0="87,129,36,9,78,72,22,23,79,54,95,51,44" hai1="107,35,57,56,74,5,43,123,102,13,59,118,119" hai2="122,116,91,55,73,128,67,110,77,17,82,81,88" hai3="114,16,134,76,125,24,32,105,50,27,1,83,39"/><T97/><D72/><U14/><E123/><V30/><F122/><W96/><G39/><T130/><D36/><U28/><E74/><V64/><F110/><W12/><G1/><T63/><D9/><U3/><E43/><V38/><F38/><W33/><G114/><T127/><D127/><U48/><E48/><V115/><F115/><W18/><G50/><T90/><D63/><U45/><E45/><V62/><F128/><N who="0" m="49258" /><D97/><U133/><E3/><V121/><F121/><W109/><G125/><T113/><D113/><U104/><E5/><V120/><F120/><W37/><G96/><T40/><D40/><U100/><E28/><V15/><F30/><W4/><G18/><T126/><D126/><U124/><E124/><V117/><F55/><W20/><G4/><T66/><D66/><U131/><E131/><V2/><F2/><W0/><G0/><T31/><D31/><U75/><E75/><V42/><F42/><W84/><G109/><T58/><D44/><U71/><E71/><V132/><F64/><W85/><G16/><T47/><D47/><U93/><E57/><V29/><F29/><W106/><G37/><T52/><D54/><U53/><E53/><V41/><F41/><W19/><G33/><T89/><D89/><U135/><REACH who="1" step="1"/><E35/><REACH who="1" ten="250,240,250,250" step="2"/><V7/><F7/><W86/><G32/><T46/><D58/><U49/><E49/><V108/><F108/><W69/><G69/><T8/><D8/><U60/><E60/><V112/><F62/><W65/><G65/><T10/><D10/><U70/><E70/><V61/><F67/><W99/><G19/><RYUUKYOKU ba="0,1" sc="250,15,240,15,250,-15,250,-15" hai0="22,23,46,51,52,78,79,87,90,95" hai1="13,14,56,59,93,100,102,104,107,118,119,133,135" /><INIT seed="0,1,1,2,5,52" ten="265,255,235,235" oya="0" hai0="73,45,81,63,60,53,88,6,83,123,34,111,23" hai1="46,59,110,132,91,65,68,28,50,51,15,42,1" hai2="82,7,116,44,89,27,11,108,69,36,133,0,56" hai3="12,66,33,92,57,94,72,70,102,13,24,32,127"/><T119/><D119/><U17/><E1/><V39/><F69/><W87/><G72/><T113/><D113/><U62/><E110/><V67/><F108/><W29/><G127/><T120/><D34/><U79/><E132/><V80/><F133/><W47/><G33/><T95/><D111/><U122/><E122/><V125/><F125/><W21/><G70/><T30/><D6/><U124/><E124/><V121/><F121/><W103/><G47/><T115/><D115/><U118/><E118/><V4/><F116/><W109/><G32/><T9/><D9/><U112/><E112/><V14/><F27/><W16/><G109/><T85/><D120/><U77/><E28/><V97/><F4/><W54/><G66/><T129/><D129/><U58/><E68/><V5/><F5/><W26/><G26/><N who="0" m="16735" /><D123/><U117/><E117/><V3/><F36/><W75/><G75/><T107/><D107/><U98/><E50/><V40/><F80/><N who="0" m="30794" /><D73/><U96/><E59/><V48/><F39/><W37/><G37/><T61/><D45/><U135/><E135/><V104/><F104/><W64/><G29/><T134/><D134/><U84/><E79/><V101/><F101/><W71/><G102/><T106/><D106/><U38/><E77/><V93/><REACH who="2" step="1"/><F82/><REACH who="2" ten="265,255,225,235" step="2"/><W35/><G103/><T19/><D19/><U25/><E38/><V128/><F128/><W55/><G16/><T76/><D76/><U8/><E25/><V22/><F22/><W130/><G21/><T78/><D78/><U20/><E20/><V10/><F10/><W131/><G131/><T126/><D126/><RYUUKYOKU ba="1,2" sc="265,10,255,10,225,10,235,-30" hai0="53,60,61,63,85,88,95" hai1="8,15,17,42,46,51,58,62,65,84,91,96,98" hai2="0,3,7,11,14,40,44,48,56,67,89,93,97" /><INIT seed="0,2,2,1,2,63" ten="275,265,235,205" oya="0" hai0="134,59,46,110,125,30,4,135,39,88,82,7,26" hai1="80,10,120,76,96,45,107,24,97,42,116,72,52" hai2="98,1,91,47,79,49,38,34,55,51,8,65,133" hai3="130,40,99,90,0,114,62,71,121,127,101,16,29"/><T44/><D125/><U75/><E116/><V58/><F34/><W2/><G114/><T67/><D110/><U48/><E120/><V22/><F133/><N who="0" m="50698" /><D39/><U21/><E107/><V117/><F117/><W83/><G127/><T33/><D4/><U37/><E75/><V103/><F38/><W109/><G40/><T68/><D68/><U115/><E10/><V89/><F79/><W25/><G109/><T15/><D15/><U3/><E3/><V92/><F22/><W57/><G130/><T105/><D7/><U111/><E115/><V35/><F35/><N who="3" m="20911" /><G16/><T74/><D105/><U27/><E111/><V73/><F73/><W77/><G57/><T93/><D82/><U36/><E36/><V119/><F119/><W5/><G5/><T84/><D74/><U50/><E37/><V19/><F1/><W128/><G128/><T53/><D67/><U6/><E6/><V131/><F131/><W43/><G83/><T129/><D129/><U126/><E126/><V123/><F123/><W132/><G121/><T122/><D122/><U70/><E70/><V12/><REACH who="2" step="1"/><F65/><REACH who="2" ten="275,265,225,205" step="2"/><W61/><G132/><T64/><D64/><U32/><E32/><V106/><F106/><W85/><G0/><T28/><D30/><U11/><E11/><V60/><F60/><AGARI ba="2,3" hai="26,28,33,44,46,53,59,60,84,88,93" m="50698" machi="60" ten="30,2900,0" yaku="20,1,54,1" doraHai="63" who="0" fromWho="2" sc="275,65,265,0,225,-35,205,0" /><INIT seed="0,3,0,5,1,38" ten="340,265,190,205" oya="0" hai0="32,50,44,109,59,27,98,24,2,94,35,11,52" hai1="14,134,69,0,3,70,92,78,51,12,72,71,34" hai2="28,57,132,4,53,29,8,49,128,42,5,80,68" hai3="36,55,81,21,90,108,76,135,125,30,37,47,124"/><T64/><D109/><U86/><E34/><V56/><F68/><W106/><G106/><T114/><D114/><U129/><E72/><V63/><F128/><W77/><G108/><T130/><D130/><U118/><E129/><V79/><F132/><W122/><G135/><T107/><D107/><U115/><E134/><V48/><F48/><N who="3" m="29087" /><G90/><T105/><D105/><U117/><E115/><V19/><F19/><W133/><G133/><T40/><D64/><U100/><E51/><V126/><F126/><N who="3" m="48747" /><G122/><T102/><D35/><U61/><E61/><V25/><F25/><N who="3" m="16687" /><G77/><T74/><D32/><U119/><E78/><V82/><F82/><W23/><G23/><T84/><D84/><AGARI ba="3,0" hai="36,37,76,81,84" m="16687,48747,29087" machi="84" ten="30,1000,0" yaku="18,1" doraHai="38" who="3" fromWho="0" sc="340,-19,265,0,190,0,205,19" /><INIT seed="1,0,0,3,5,35" ten="321,265,190,224" oya="1" hai0="126,23,117,33,13,1,10,96,104,20,118,72,134" hai1="77,79,57,102,94,92,101,84,99,9,51,6,120" hai2="83,36,5,85,63,98,105,24,113,132,89,31,100" hai3="49,112,45,46,119,7,43,68,108,42,88,114,28"/><U93/><E120/><V55/><F132/><W87/><G108/><T133/><D72/><U58/><E84/><V11/><F36/><W52/><G119/><T19/><D33/><U111/><E111/><V3/><F113/><W41/><G28/><T86/><D126/><U22/><E22/><V26/><REACH who="2" step="1"/><F31/><REACH who="2" ten="321,265,180,224" step="2"/><W27/><G114/><T38/><D38/><U82/><E101/><V107/><F107/><W122/><G112/><T48/><D118/><U50/><E102/><V14/><F14/><W129/><G122/><T70/><D117/><U106/><E106/><V97/><F97/><W80/><G129/><T32/><D96/><U44/><E99/><V2/><F2/><W128/><G128/><T34/><D104/><U91/><E91/><V47/><F47/><W116/><G116/><T73/><D1/><U71/><E79/><V18/><F18/><W75/><G46/><T56/><D19/><U95/><E77/><V54/><F54/><W8/><G27/><T90/><D90/><U69/><E44/><V16/><F16/><W59/><G45/><T21/><D13/><U127/><E127/><V66/><F66/><W15/><REACH who="3" step="1"/><G75/><REACH who="3" ten="321,265,180,214" step="2"/><T110/><D73/><U65/><E65/><V103/><F103/><W17/><G17/><T123/><D110/><U81/><E6/><V60/><F60/><W64/><G64/><T53/><D123/><U61/><E61/><V125/><F125/><W124/><G124/><T115/><D115/><U76/><E76/><V25/><F25/><W74/><G74/><T130/><D130/><U135/><E135/><V39/><F39/><RYUUKYOKU ba="0,2" sc="321,-15,265,-15,180,15,214,15" hai2="3,5,11,24,26,55,63,83,85,89,98,100,105" hai3="7,8,15,41,42,43,49,52,59,68,80,87,88" /><INIT seed="2,1,2,0,0,35" ten="306,250,195,229" oya="2" hai0="32,132,106,61,119,40,6,122,112,78,52,25,51" hai1="129,97,16,50,15,57,99,101,72,24,8,127,44" hai2="96,63,73,5,76,11,85,47,115,49,90,12,0" hai3="1,126,34,4,79,38,133,68,55,60,29,18,87"/><V43/><F115/><W67/><G38/><T89/><D122/><U117/><E117/><V39/><F96/><W70/><G55/><T27/><D106/><U84/><E72/><V21/><F63/><W124/><G18/><T98/><D132/><U105/><E129/><V109/><F109/><W33/><G133/><T95/><D112/><U26/><E127/><N who="3" m="48682" /><G68/><T103/><D119/><U45/><E99/><V83/><F49/><W118/><G29/><T20/><D32/><N who="3" m="12393" /><G118/><T128/><D128/><U13/><E57/><V121/><F121/><W120/><G120/><T23/><D78/><U108/><E108/><V116/><F116/><W100/><G100/><T107/><D6/><U42/><E45/><V7/><F7/><W92/><G92/><T2/><D95/><U9/><REACH who="1" step="1"/><E84/><REACH who="1" ten="306,240,195,229" step="2"/><V123/><F123/><W64/><G64/><T19/><D98/><U130/><E130/><V22/><F12/><W69/><G69/><T114/><D114/><U80/><E80/><AGARI ba="1,3" hai="0,5,11,21,22,39,43,47,73,76,80,83,85,90" machi="80" ten="30,11600,0" yaku="7,1,25,2,52,1" doraHai="35" who="2" fromWho="1" sc="306,0,240,-119,195,149,229,0" /><INIT seed="2,2,0,1,3,123" ten="306,121,344,229" oya="2" hai0="72,93,60,92,77,116,42,107,62,117,20,129,15" hai1="76,124,106,101,134,128,112,132,0,57,14,49,61" hai2="118,127,28,46,16,47,35,120,80,25,103,102,121" hai3="27,58,104,53,21,97,52,69,31,17,110,79,71"/><V39/><F118/><N who="0" m="45674" /><D107/><U85/><E112/><V12/><F127/><W75/><G110/><T108/><D129/><U63/><E0/><V81/><F120/><W19/><G75/><T84/><D42/><U33/><E33/><V135/><F121/><W98/><G79/><T41/><D41/><U94/><E106/><V11/><F135/><N who="1" m="51753" /><E14/><V38/><F46/><W6/><G6/><T89/><D108/><U113/><E113/><V99/><F102/><W65/><G104/><T64/><D64/><U32/><E32/><V44/><F44/><W13/><G17/><N who="0" m="10303" /><D93/><U111/><E124/><V131/><F131/><W125/><G125/><T122/><D122/><U5/><E128/><V126/><F126/><W56/><G65/><T18/><D18/><U51/><E5/><V1/><F1/><W26/><G71/><T105/><D105/><U48/><E111/><V9/><F9/><N who="3" m="6575" /><G69/><T68/><D68/><U70/><E70/><V115/><F115/><W100/><G27/><T114/><D114/><U90/><E101/><V130/><F130/><W22/><G21/><T36/><D36/><U82/><E57/><N who="3" m="22122" /><G100/><T34/><D34/><U78/><E78/><V2/><F2/><W29/><G31/><T40/><D40/><U133/><N who="1" m="51761" /><U23/><DORA hai="119" /><E23/><V83/><REACH who="2" step="1"/><F47/><REACH who="2" ten="306,121,334,229" step="2"/><W37/><G37/><T86/><D72/><AGARI ba="2,1" hai="48,49,51,61,63,72,76,82,85,90,94" m="51761" machi="72" ten="40,1300,0" yaku="20,1" doraHai="123,119" who="1" fromWho="0" sc="306,-19,121,29,334,0,229,0" /><INIT seed="3,0,0,3,2,21" ten="287,150,334,229" oya="3" hai0="120,5,108,62,14,28,18,55,111,110,44,9,32" hai1="115,122,74,103,27,2,30,68,125,0,128,48,37" hai2="53,129,91,11,43,40,116,83,77,109,132,65,49" hai3="94,134,127,29,81,80,99,92,100,64,105,112,12"/><W88/><G112/><T52/><D120/><U104/><RYUUKYOKU type="yao9" ba="0,0" sc="287,0,150,0,334,0,229,0" hai1="0,2,27,30,37,48,68,74,103,104,115,122,125,128" /><INIT seed="3,1,0,4,0,43" ten="287,150,334,229" oya="3" hai0="121,37,76,9,83,22,109,39,19,29,85,14,26" hai1="31,30,47,1,15,59,104,4,46,68,32,90,34" hai2="48,118,96,28,2,101,108,13,52,92,111,133,134" hai3="102,74,60,45,80,87,5,0,107,128,98,71,38"/><W120/><G120/><T123/><REACH who="0" step="1"/><D109/><REACH who="0" ten="277,150,334,229" step="2"/><N who="2" m="42058" /><F2/><W64/><G128/><T63/><D63/><U41/><E68/><V24/><F118/><W21/><G60/><T11/><D11/><N who="1" m="4583" /><E104/><V99/><F99/><W77/><G71/><T36/><AGARI ba="1,1" hai="9,14,19,22,26,29,36,37,39,76,83,85,121,123" machi="36" ten="30,4000,0" yaku="21,2,0,1,53,0" doraHai="43" doraHaiUra="124" who="0" fromWho="0" sc="277,53,150,-11,334,-11,229,-21" owari="330,43.0,139,-36.1,323,12.3,208,-19.2" /></mjloggm>