<mjloggm ver="2.3"><GO type="225" lobby="0"/><UN n0="%E3%83%A9%E3%83%BC%E3%83%A1%E3%83%B3%E4%BA%94%E9%83%8E" n1="%E3%81%99%E3%81%84%E3%81%BE%E3%81%9B%E3%83%BC%E3%82%93" n2="%E5%B8%86%E7%AB%8B%E5%A4%8F%E8%A1%A3" n3="%E3%81%95%E3%81%8D%E3%81%9F%E3%81%BE%E6%9E%97%E6%AA%8E" dan="16,18,17,16" rate="2146.96,2219.88,2253.64,2104.66" sx="M,M,M,M"/><TAIKYOKU oya="0"/><INIT seed="0,0,0,1,3,19" ten="250,250,250,250" oya="0" hai0="35,122,135,37,56,4,53,33,50,109,132,63,95" hai1="41,73,123,131,102,57,105,98,3,49,125,75,11" hai2="124,24,5,99,61,130,51,69,38,87,15,14,128" hai3="8,16,127,46,2,92,23,64,97,52,48,54,55"/><T106/><D122/><U110/><E123/><V91/><F38/><W45/><G127/><T115/><D115/><U29/><E125/><V93/><F124/><W117/><G117/><T126/><D126/><U79/><E131/><N who="2" m="50219" /><F5/><W40/><G64/><T121/><D121/><U113/><E110/><V21/><F51/><N who="3" m="27047" /><G8/><T116/><D116/><U101/><E101/><V17/><F87/><W30/><G30/><T107/><D109/><U89/><E29/><V9/><F9/><W112/><G2/><T108/><D37/><U111/><E111/><V68/><F61/><W44/><G44/><T47/><D108/><U20/><E113/><V104/><F104/><W114/><G114/><T118/><D118/><U119/><E119/><V82/><F82/><W84/><G84/><T120/><D120/><U90/><E11/><V13/><AGARI ba="0,0" hai="13,14,15,17,21,24,68,69,91,93,99" m="50219" machi="13" ten="30,2000,0" yaku="19,1,52,1" doraHai="19" who="2" fromWho="2" sc="250,-10,250,-5,250,20,250,-5" /><INIT seed="1,0,0,4,2,109" ten="240,245,270,245" oya="1" hai0="108,113,62,101,48,102,68,111,127,15,90,41,67" hai1="69,110,118,21,40,124,32,95,42,133,36,16,0" hai2="31,70,125,59,88,1,34,18,13,37,19,123,29" hai3="76,131,17,46,7,3,52,132,114,85,9,75,65"/><U45/><E118/><V104/><F70/><W87/><G132/><T53/><D127/><U130/><E133/><V25/><F37/><W86/><G131/><T93/><D41/><U121/><E121/><V91/><F123/><W57/><G65/><T14/><D113/><U80/><E124/><V72/><F72/><W10/><G46/><T74/><D74/><U4/><E32/><V129/><F104/><W73/><G76/><T84/><D102/><U66/><E130/><V120/><F120/><W99/><G99/><T28/><D28/><U122/><E122/><V134/><F134/><W35/><G35/><T97/><D111/><U105/><E105/><V117/><F1/><W96/><G96/><T128/><D128/><U126/><E126/><V63/><F125/><W22/><G9/><T71/><D71/><U89/><E0/><V55/><F117/><W100/><G100/><T82/><REACH who="0" step="1"/><D108/><REACH who="0" ten="230,245,270,245" step="2"/><U79/><E69/><V58/><F129/><W60/><REACH who="3" step="1"/><G114/><REACH who="3" ten="230,245,270,235" step="2"/><T112/><D112/><U5/><E110/><V12/><F34/><W119/><G119/><T33/><D33/><U78/><E36/><V8/><F91/><W94/><G94/><T44/><AGARI ba="0,2" hai="14,15,44,48,53,62,67,68,82,84,90,93,97,101" machi="44" ten="20,2700,0" yaku="1,1,0,1,7,1,53,0" doraHai="109" doraHaiUra="107" who="0" fromWho="0" sc="230,47,245,-13,270,-7,235,-7" /><INIT seed="2,0,0,0,1,6" ten="277,232,263,228" oya="2" hai0="127,111,129,103,80,28,16,88,90,86,135,33,84" hai1="10,89,37,69,102,126,79,8,55,26,64,74,70" hai2="92,17,45,15,7,63,100,48,115,56,12,59,131" hai3="125,1,49,128,9,39,114,66,31,67,18,73,105"/><V5/><F131/><W29/><G105/><T20/><D129/><U71/><E37/><V41/><F115/><W34/><G39/><T65/><D111/><U3/><E126/><V122/><F122/><W51/><G73/><T93/><D127/><U0/><E64/><N who="3" m="24618" /><G34/><T4/><D135/><U21/><E102/><V24/><F24/><W132/><G1/><T78/><D65/><U112/><E112/><V123/><F123/><W104/><G104/><T32/><D103/><U120/><E120/><V124/><F124/><W25/><G125/><T52/><D4/><N who="2" m="1610" /><F63/><W35/><G35/><T98/><D28/><N who="3" m="10825" /><G114/><T82/><D52/><U40/><E55/><V116/><F116/><W11/><G132/><T91/><D78/><U87/><E40/><V22/><F15/><AGARI ba="0,0" hai="15,16,20,32,33,80,82,84,86,88,90,91,93,98" machi="15" ten="30,7700,0" yaku="7,1,9,1,54,2" doraHai="6" who="0" fromWho="2" sc="277,77,232,0,263,-77,228,0" /><INIT seed="3,0,0,1,0,31" ten="354,232,186,228" oya="3" hai0="38,115,44,96,33,102,54,76,120,51,40,46,114" hai1="100,23,86,12,57,32,92,82,63,99,59,0,106" hai2="127,98,39,35,105,85,24,1,70,49,43,130,89" hai3="117,67,62,10,64,45,91,78,37,36,81,14,125"/><W71/><G125/><T121/><D33/><U109/><E32/><V79/><F70/><W4/><G117/><T83/><D83/><U22/><E0/><V124/><F39/><W27/><G91/><T3/><D76/><U8/><E106/><V123/><F1/><W17/><G67/><T52/><D54/><N who="1" m="34231" /><E59/><V80/><F130/><W116/><G116/><T18/><D18/><N who="1" m="8455" /><E109/><V19/><F123/><W34/><G45/><T94/><D3/><U118/><E118/><V134/><F134/><W108/><G108/><T6/><D6/><U131/><E131/><V61/><F61/><W84/><G4/><T9/><D9/><U16/><E16/><V107/><F107/><W119/><G119/><T29/><D29/><U53/><E53/><V104/><F104/><W133/><G133/><T21/><D21/><U13/><E13/><V58/><F58/><W77/><G77/><AGARI ba="0,0" hai="22,23,77,82,86,92,99,100" m="8455,34231" machi="77" ten="30,1000,0" yaku="8,1" doraHai="31" who="1" fromWho="3" sc="354,0,232,10,186,0,228,-10" owari="354,45.4,242,4.2,186,-31.4,218,-18.2" /></mjloggm>