<mjloggm ver="2.3"><GO type="225" lobby="0"/><UN n0="%E7%AC%B9%E9%A4%85" n1="%63%68%78%62%64" n2="%E3%82%A2%E3%82%A4%E3%82%B9%E3%83%86%E3%82%A3%E3%83%BC%E3%81%82%E3%81%B9" n3="%E5%84%AA%40%41%42%43" dan="18,16,16,17" rate="2256.26,2108.10,2072.43,2158.93" sx="M,M,M,M"/><TAIKYOKU oya="0"/><INIT seed="0,0,0,1,1,79" ten="250,250,250,250" oya="0" hai0="121,71,94,12,39,14,111,86,99,36,47,107,25" hai1="98,9,58,57,35,113,20,118,13,103,22,7,91" hai2="70,0,2,8,122,132,81,112,15,17,63,48,114" hai3="72,66,78,54,59,41,84,24,65,37,26,64,116"/><T23/><D121/><U73/><E73/><V106/><F122/><W115/><G115/><T126/><D71/><U134/><E118/><V124/><F106/><W46/><G72/><T100/><D126/><U27/><E134/><V105/><F105/><W88/><G78/><T93/><D111/><U96/><E113/><V128/><F132/><W61/><REACH who="3" step="1"/><G116/><REACH who="3" ten="250,250,250,240" step="2"/><T80/><D107/><U75/><E75/><V18/><F114/><W133/><G133/><T85/><D36/><U10/><E35/><V52/><F112/><W49/><G49/><T95/><D39/><U55/><E10/><V68/><F48/><W30/><G30/><N who="0" m="17727" /><D47/><U74/><E74/><V31/><F8/><W1/><G1/><T29/><D29/><U123/><E123/><V67/><F31/><W33/><G33/><T89/><D95/><AGARI ba="0,1" hai="24,26,37,41,46,54,59,61,64,65,66,84,88,95" machi="95" ten="40,2600,0" yaku="1,1,54,1,53,0" doraHai="79" doraHaiUra="119" who="3" fromWho="0" sc="250,-26,250,0,250,0,240,36" /><BYE who="3" /><UN n3="%E5%84%AA%40%41%42%43" /><INIT seed="1,0,0,5,1,21" ten="224,250,250,276" oya="1" hai0="109,25,108,95,94,114,5,69,58,104,122,85,128" hai1="121,113,110,102,83,42,9,86,77,22,8,18,3" hai2="116,33,76,38,59,57,100,46,27,35,60,71,62" hai3="31,39,47,10,97,107,115,67,133,129,74,131,72"/><U14/><E113/><V126/><F116/><W19/><G115/><T45/><D114/><U118/><E121/><V117/><F117/><W51/><G39/><T119/><D119/><U64/><E118/><V52/><F71/><W135/><G67/><T99/><D69/><U125/><E125/><V105/><F126/><W120/><G120/><T16/><D122/><U20/><E110/><N who="0" m="42601" /><D128/><N who="3" m="49225" /><G31/><T87/><D5/><U127/><E127/><V80/><F105/><W23/><G10/><T24/><D45/><U66/><E102/><V30/><F100/><N who="3" m="62863" /><G72/><T53/><D104/><U6/><E42/><V4/><F4/><W91/><G91/><N who="0" m="53615" /><D87/><U84/><E84/><V93/><F93/><W43/><G74/><T55/><D16/><U106/><E106/><V34/><F38/><W49/><G51/><N who="0" m="31039" /><D55/><U68/><REACH who="1" step="1"/><E66/><REACH who="1" ten="224,240,250,276" step="2"/><V96/><F96/><W132/><G133/><T56/><D56/><U89/><E89/><AGARI ba="0,1" hai="24,25,89,95,99" m="31039,53615,42601" machi="89" ten="30,3900,0" yaku="14,1,52,2" doraHai="21" who="0" fromWho="1" sc="224,49,240,-39,250,0,276,0" /><INIT seed="2,0,0,2,3,78" ten="273,201,250,276" oya="2" hai0="61,13,31,40,65,55,115,34,50,39,87,3,107" hai1="118,104,89,52,5,64,54,7,11,70,62,35,66" hai2="10,22,100,71,94,109,37,112,74,15,135,124,56" hai3="99,97,23,132,67,72,18,82,44,114,110,51,93"/><V113/><F71/><W60/><G110/><T1/><D115/><U26/><E118/><V41/><F74/><W133/><G114/><T86/><D107/><U58/><E104/><V9/><F109/><W130/><G130/><T57/><D13/><U17/><E7/><V127/><F135/><N who="3" m="51787" /><G72/><T53/><D53/><U102/><E102/><V0/><F37/><W91/><G82/><T2/><D31/><U90/><E66/><V46/><F113/><W48/><G99/><T42/><D34/><U81/><E81/><V108/><F112/><W125/><G44/><N who="0" m="23583" /><D42/><U24/><E54/><V106/><F106/><W103/><G103/><T111/><D111/><U84/><E35/><V101/><F56/><N who="3" m="37255" /><G125/><N who="2" m="48201" /><F108/><W128/><G128/><T68/><AGARI ba="0,0" hai="1,2,3,50,55,57,61,65,68,86,87" m="23583" machi="68" ten="30,1100,0" yaku="24,1" doraHai="78" who="0" fromWho="0" sc="273,11,201,-3,250,-5,276,-3" /><INIT seed="3,0,0,3,2,60" ten="284,198,245,273" oya="3" hai0="100,52,115,2,91,85,83,64,86,48,120,51,101" hai1="28,53,62,23,66,79,70,42,87,14,128,0,105" hai2="123,26,74,109,77,31,88,106,22,121,135,92,119" hai3="39,134,56,90,16,46,95,125,117,20,49,133,9"/><W126/><G39/><T102/><D120/><N who="2" m="46154" /><F119/><W29/><G29/><T65/><D2/><U32/><E0/><V72/><F106/><W84/><G9/><T24/><D115/><U132/><E128/><V10/><F109/><W34/><G56/><N who="0" m="32775" /><D24/><U11/><E132/><N who="3" m="50794" /><G34/><T76/><D51/><U43/><E32/><V69/><F135/><W71/><G71/><T33/><D33/><U36/><E105/><V107/><F107/><W80/><G80/><AGARI ba="0,0" hai="64,65,76,80,83,85,86,91,100,101,102" m="32775" machi="80" ten="30,7700,0" yaku="8,1,52,2,54,1" doraHai="60" who="0" fromWho="3" sc="284,77,198,0,245,0,273,-77" owari="361,46.1,198,-20.2,245,4.5,196,-30.4" /></mjloggm>