<mjloggm ver="2.3"><GO type="225" lobby="0"/><UN n0="%E3%81%A9%E3%82%93%E3%82%88%E3%81%8F%4D%6B%2E%32" n1="%6E%69%63%6F%6E%74%6F" n2="%E3%81%95%E3%81%8D%E3%81%9F%E3%81%BE%E6%9E%97%E6%AA%8E" n3="%E3%81%BF%E3%81%BF%E3%81%9A" dan="16,16,16,17" rate="2131.56,2132.76,2133.00,2261.66" sx="M,M,M,M"/><TAIKYOKU oya="0"/><INIT seed="0,0,0,4,1,95" ten="250,250,250,250" oya="0" hai0="45,72,76,88,23,101,93,91,90,55,48,135,39" hai1="125,127,85,27,123,119,1,18,117,5,51,10,99" hai2="34,16,89,11,8,128,53,77,105,112,6,37,17" hai3="108,97,0,134,7,118,78,22,67,40,2,46,116"/><T92/><D135/><U121/><E51/><V24/><F37/><W66/><G78/><T30/><D39/><U122/><E85/><V94/><F112/><W71/><G134/><T114/><D114/><U131/><E131/><V15/><F105/><W49/><G108/><T106/><D72/><U69/><E69/><V74/><F128/><W25/><G97/><T14/><D76/><U26/><E99/><V52/><F74/><W133/><G133/><T103/><D106/><U104/><E104/><V120/><F120/><W32/><G32/><T50/><D50/><U42/><E42/><V73/><F73/><W58/><G71/><T36/><D36/><U129/><E129/><V81/><F81/><W68/><G68/><T98/><D14/><U79/><E79/><V43/><F43/><W102/><G102/><N who="0" m="60743" /><D93/><U12/><E1/><V41/><F41/><W130/><G130/><T113/><D113/><U65/><E65/><V109/><F77/><W124/><G124/><N who="1" m="47690" /><E5/><V62/><F6/><W60/><G67/><T80/><D80/><U86/><E86/><N who="2" m="52535" /><F62/><W100/><G100/><T59/><D45/><U75/><E75/><V63/><F63/><W38/><G38/><T115/><D115/><U107/><E107/><V56/><F24/><AGARI ba="0,0" hai="23,24,30,48,55,59,88,90,91,101,103" m="60743" machi="24" ten="30,5800,0" yaku="8,1,52,1,54,1" doraHai="95" who="0" fromWho="2" sc="250,58,250,0,250,-58,250,0" /><AGARI ba="0,0" hai="10,12,18,24,26,27,117,119,121,122,123" m="47690" machi="24" ten="40,5200,0" yaku="18,1,34,2" doraHai="95" who="1" fromWho="2" sc="308,0,250,52,192,-52,250,0" /><INIT seed="0,1,0,4,2,90" ten="308,302,140,250" oya="0" hai0="118,101,105,1,80,57,87,64,15,8,12,103,74" hai1="38,109,72,135,73,130,98,114,102,30,19,81,107" hai2="11,117,35,0,86,111,91,115,62,76,122,108,29" hai3="66,97,54,129,100,124,44,79,75,134,18,120,17"/><T92/><D118/><U24/><E19/><V60/><F115/><W9/><G66/><T25/><D1/><U133/><E38/><V33/><F122/><W65/><G65/><T52/><D105/><U10/><E10/><V56/><F76/><W84/><G75/><T88/><D64/><U131/><E24/><V113/><F113/><W94/><G129/><N who="1" m="49162" /><E30/><V89/><F117/><W61/><G124/><T16/><D74/><N who="1" m="28779" /><E114/><V69/><F69/><W20/><G134/><N who="1" m="51210" /><E81/><V22/><F29/><W123/><G9/><N who="0" m="6159" /><D25/><U50/><E50/><V36/><F36/><W71/><G17/><N who="0" m="8423" /><D80/><U99/><E99/><V85/><F11/><W43/><G71/><T5/><D5/><U45/><E45/><V106/><F0/><W49/><G61/><AGARI ba="1,0" hai="52,57,61,87,88,92,101,103" m="8423,6159" machi="61" ten="30,12000,1" yaku="8,1,52,1,54,3" doraHai="90" who="0" fromWho="3" sc="308,123,302,0,140,0,250,-123" /><INIT seed="0,2,0,2,3,89" ten="431,302,140,127" oya="0" hai0="95,111,43,110,25,90,101,97,44,82,14,108,91" hai1="37,19,100,61,88,56,115,22,58,5,8,26,28" hai2="135,105,117,32,31,102,12,51,113,86,106,112,84" hai3="47,125,73,107,55,127,13,11,38,116,66,103,41"/><T4/><D25/><U120/><E115/><V20/><F32/><W7/><G116/><T129/><D129/><U96/><E120/><V36/><F36/><W23/><G73/><T79/><D14/><U33/><E37/><V63/><F135/><W46/><G66/><T104/><D4/><U114/><E114/><V78/><F117/><W119/><G119/><T132/><D132/><U39/><E39/><V16/><F31/><W69/><G69/><T3/><D3/><U48/><E48/><V18/><F63/><W65/><G65/><T60/><D60/><U21/><E33/><V134/><F134/><W68/><G68/><T126/><D126/><N who="3" m="48137" /><G23/><T54/><D54/><U81/><E81/><V10/><F113/><W109/><G109/><T133/><D133/><U124/><E124/><V34/><F34/><W24/><G24/><T118/><D118/><U67/><E58/><V50/><F112/><W1/><G1/><T98/><D44/><U52/><E67/><V74/><F74/><W71/><G71/><T99/><D43/><U77/><E77/><V53/><F51/><N who="3" m="29175" /><G103/><N who="0" m="60863" /><D98/><U94/><E100/><V76/><F102/><W64/><G64/><T2/><D2/><U83/><E83/><N who="2" m="47207" /><F50/><W9/><G107/><T87/><AGARI ba="2,0" hai="79,82,87,90,91,99,101,104,108,110,111" m="60863" machi="87" ten="30,12000,1" yaku="14,1,10,1,34,2,52,1" doraHai="89" who="0" fromWho="0" sc="431,126,302,-42,140,-42,127,-42" /><INIT seed="0,3,0,5,2,8" ten="557,260,98,85" oya="0" hai0="91,56,103,118,124,117,126,82,29,79,25,4,38" hai1="52,109,133,11,134,54,87,30,129,35,9,71,88" hai2="75,41,125,115,55,0,47,92,80,70,61,32,28" hai3="53,18,83,130,68,110,74,84,13,96,10,73,2"/><T66/><D38/><U12/><E109/><V63/><F115/><W112/><G112/><T65/><D103/><U127/><E129/><V69/><F0/><W37/><G110/><T22/><D91/><U97/><E127/><N who="0" m="48681" /><D4/><N who="1" m="3111" /><E71/><V85/><F125/><W123/><G130/><T94/><D94/><N who="1" m="54559" /><E11/><V98/><F75/><W120/><G68/><T24/><D24/><N who="1" m="18887" /><E97/><V31/><F32/><W6/><G37/><T76/><D76/><U5/><E5/><V33/><F33/><W46/><G96/><T27/><D27/><U81/><E81/><V132/><F70/><W50/><G6/><T26/><D26/><U62/><E62/><V101/><F69/><W100/><G100/><T15/><D15/><U116/><E116/><N who="0" m="44649" /><D56/><U57/><E57/><V43/><F31/><W7/><G7/><T122/><D122/><N who="3" m="46633" /><G2/><T121/><D121/><U20/><E20/><V131/><F101/><W60/><G60/><T106/><D106/><U16/><E16/><V93/><F63/><W99/><G99/><T45/><D45/><U39/><E39/><V113/><F61/><W49/><G50/><T104/><D104/><U34/><E34/><V89/><F47/><W58/><G58/><T36/><D36/><U90/><E90/><AGARI ba="3,0" hai="10,13,18,46,49,53,73,74,83,84,90" m="46633" machi="90" ten="30,3900,0" yaku="25,1,13,1,52,1" doraHai="8" who="3" fromWho="1" sc="557,0,260,-48,98,0,85,48" /><INIT seed="1,0,0,1,1,132" ten="557,212,98,133" oya="1" hai0="23,86,105,7,54,64,30,53,111,33,77,48,84" hai1="29,131,107,46,89,18,135,88,10,93,21,117,56" hai2="94,99,69,110,118,14,12,81,74,32,8,97,63" hai3="62,34,128,40,60,108,134,66,76,112,71,31,5"/><U50/><E117/><V119/><F32/><W11/><G112/><T9/><D105/><U3/><E135/><V0/><F0/><W85/><G134/><T15/><D33/><U13/><E131/><V16/><F69/><W82/><G128/><T78/><D111/><U79/><E107/><V67/><F110/><W42/><G108/><T57/><D64/><U22/><E79/><N who="0" m="30217" /><D54/><U80/><E80/><V133/><F133/><W39/><G62/><T17/><D30/><U43/><E3/><V109/><F109/><W52/><G39/><T125/><D125/><U100/><E56/><V61/><F74/><W37/><G37/><T41/><D41/><U126/><E126/><V130/><F130/><W70/><G70/><T116/><D116/><U103/><E89/><V24/><F81/><W75/><G75/><T45/><D57/><U36/><E36/><V106/><F106/><W27/><REACH who="3" step="1"/><G52/><REACH who="3" ten="557,212,98,123" step="2"/><T87/><D7/><U55/><E55/><V59/><F119/><W95/><G95/><T104/><D104/><U20/><REACH who="1" step="1"/><E29/><REACH who="1" ten="557,202,98,123" step="2"/><V25/><F118/><W51/><G51/><T91/><D91/><U1/><E1/><AGARI ba="0,2" hai="1,5,11,27,31,34,40,42,60,66,71,76,82,85" machi="1" ten="30,3900,0" yaku="1,1,7,1,53,1" doraHai="132" doraHaiUra="6" who="3" fromWho="1" sc="557,0,202,-39,98,0,123,59" /><INIT seed="2,0,0,5,0,126" ten="557,163,98,182" oya="2" hai0="36,13,7,128,58,4,52,32,22,79,122,20,97" hai1="113,107,93,35,29,105,124,98,130,2,71,47,95" hai2="92,63,41,131,80,54,42,46,55,70,44,6,116" hai3="76,19,111,108,73,135,74,82,18,3,102,96,50"/><V72/><F116/><W103/><G3/><T64/><D36/><U5/><E113/><V65/><F6/><W24/><G135/><T89/><D32/><U30/><E124/><V69/><F92/><W94/><G103/><T15/><D79/><U17/><E71/><N who="2" m="42431" /><F80/><W83/><G50/><T26/><D64/><U109/><E5/><V14/><F14/><W37/><G37/><T34/><D34/><U62/><E2/><V67/><F72/><W56/><G56/><T61/><D122/><U118/><E118/><V66/><F131/><W100/><G100/><T51/><D128/><U10/><E130/><V101/><F101/><W9/><G9/><N who="0" m="4263" /><D61/><U57/><E95/><V43/><F67/><W99/><G99/><T48/><D26/><U11/><E93/><V78/><F78/><N who="3" m="44367" /><G24/><T84/><D97/><U28/><E98/><V114/><F114/><W25/><G25/><T53/><D7/><U12/><E35/><V90/><F90/><W91/><G91/><T87/><D15/><U129/><E129/><V85/><F85/><N who="0" m="32842" /><D89/><U106/><E12/><V27/><F27/><W88/><G102/><T49/><D53/><N who="2" m="19978" /><F66/><W115/><G115/><T81/><D81/><U68/><E107/><V40/><N who="2" m="10240" /><DORA hai="16" /><V23/><F23/><W60/><G18/><T121/><D20/><U33/><E106/><V75/><F75/><W0/><G19/><T45/><D22/><U59/><E105/><V119/><F119/><W31/><G0/><T134/><D121/><U77/><E33/><V120/><F120/><W132/><G74/><T117/><D117/><U86/><E77/><RYUUKYOKU ba="0,0" sc="557,-10,163,-10,98,30,182,-10" hai2="44,46,69,70" /><INIT seed="2,1,0,2,5,99" ten="547,153,128,172" oya="2" hai0="30,83,102,43,134,38,119,45,130,117,5,13,65" hai1="12,114,80,37,64,70,1,16,106,26,50,115,79" hai2="124,110,53,63,101,67,94,122,4,68,19,135,48" hai3="32,109,121,126,56,107,61,125,91,72,6,59,96"/><V81/><F122/><W85/><G121/><T133/><D130/><U41/><E1/><V73/><F4/><W93/><G32/><T23/><D65/><U76/><E106/><V49/><F124/><N who="3" m="47723" /><G109/><T103/><D83/><U113/><E37/><V54/><F135/><N who="0" m="51722" /><D5/><U77/><E26/><V58/><F110/><W24/><G72/><T3/><D3/><U33/><E33/><V128/><F128/><W60/><G24/><N who="0" m="16671" /><D13/><U84/><E70/><V18/><F73/><W87/><G6/><T51/><D38/><U111/><E64/><V120/><F120/><W132/><G132/><T31/><D31/><U105/><E105/><V10/><BYE who="1" /><F81/><W2/><G2/><T92/><D92/><U89/><E89/><V131/><F131/><W47/><G47/><T15/><D15/><U78/><E78/><V129/><F129/><W86/><G107/><T28/><D28/><U123/><E123/><V29/><F29/><W55/><G85/><T116/><AGARI ba="1,0" hai="43,45,51,102,103,116,117,119" m="16671,51722" machi="116" ten="40,8000,1" yaku="12,1,20,1,52,2" doraHai="99" who="0" fromWho="0" sc="547,83,153,-21,128,-41,172,-21" /><INIT seed="3,0,0,5,5,127" ten="630,132,87,151" oya="3" hai0="34,104,59,53,39,36,12,124,52,90,81,77,72" hai1="78,19,115,9,29,91,128,130,89,79,16,0,95" hai2="23,48,58,71,109,107,129,75,26,103,64,134,70" hai3="105,126,54,6,15,65,92,100,43,41,3,33,94"/><W5/><G33/><T60/><D104/><U24/><E24/><V80/><F134/><W27/><G65/><T98/><D34/><U73/><E73/><V42/><F42/><W10/><G27/><T17/><D124/><U76/><E76/><V116/><F116/><W25/><G25/><T31/><D31/><U55/><E55/><V57/><F107/><W125/><G54/><T68/><D68/><U118/><E118/><V30/><F103/><W22/><G105/><T93/><D53/><U61/><E61/><V117/><F117/><W18/><G100/><T49/><D60/><U84/><E84/><V120/><F120/><W111/><G111/><T82/><D82/><U112/><E112/><V20/><F129/><W35/><G35/><UN n1="%6E%69%63%6F%6E%74%6F" /><T47/><D47/><U83/><E0/><V123/><F109/><W110/><G110/><T14/><D14/><U28/><E9/><AGARI ba="0,0" hai="9,12,17,36,39,49,52,59,72,77,81,90,93,98" machi="9" ten="30,2000,0" yaku="7,1,54,1" doraHai="127" who="0" fromWho="1" sc="630,20,132,-20,87,0,151,0" owari="650,75.0,112,-28.8,87,-41.3,151,-4.9" /></mjloggm>