<mjloggm ver="2.3"><GO type="225" lobby="0"/><UN n0="%E6%A1%9C%E8%8A%B1%E9%96%83%E3%80%85" n1="%E3%81%90%E3%81%A1%E3%82%84%E3%81%BE" n2="%E7%9A%AE%E3%80%85" n3="%E2%98%86%E5%B0%8F%E5%AD%A6%E7%94%B7%E7%94%9F%E2%98%86" dan="16,16,16,17" rate="2091.19,2133.55,2120.39,2184.63" sx="M,M,F,M"/><TAIKYOKU oya="0"/><INIT seed="0,0,0,4,2,84" ten="250,250,250,250" oya="0" hai0="129,81,42,14,125,61,7,26,19,6,107,13,32" hai1="58,93,17,128,65,114,90,80,87,103,70,86,71" hai2="34,105,82,102,49,115,85,110,126,66,36,109,123" hai3="33,11,132,57,53,55,35,22,68,25,72,46,15"/><T101/><D42/><U10/><E128/><V62/><F115/><W99/><G68/><T78/><D129/><U44/><E114/><V120/><F36/><W121/><G72/><T67/><D125/><U88/><E71/><V3/><F126/><W74/><G74/><T27/><D107/><U31/><E70/><V5/><F34/><W73/><G73/><T130/><D101/><U51/><E103/><V131/><F131/><W122/><G132/><T37/><D37/><U118/><E118/><V77/><F49/><N who="3" m="28855" /><G99/><T39/><D39/><U94/><E31/><V127/><F127/><W47/><G47/><T106/><D106/><U75/><E75/><V100/><F5/><N who="0" m="1546" /><D32/><U21/><E10/><V40/><F40/><W89/><G89/><T79/><D13/><U8/><E8/><V97/><F102/><W18/><G11/><N who="0" m="6623" /><D130/><U96/><E44/><V23/><F3/><W16/><G15/><T117/><D117/><U95/><E21/><V124/><F23/><W60/><G18/><T24/><D81/><N who="1" m="49231" /><E17/><V48/><F124/><W111/><G111/><T69/><D69/><U135/><E135/><V2/><F2/><W108/><G108/><T59/><AGARI ba="0,0" hai="24,26,27,59,61,67,78,79" m="6623,1546" machi="59" ten="30,1500,0" yaku="8,1" doraHai="84" who="0" fromWho="0" sc="250,15,250,-5,250,-5,250,-5" /><INIT seed="0,1,0,5,3,103" ten="265,245,245,245" oya="0" hai0="31,61,12,22,37,94,105,127,74,27,64,60,9" hai1="58,130,106,93,46,98,120,72,101,52,16,7,111" hai2="84,13,54,69,92,14,48,95,124,104,67,89,25" hai3="66,62,113,23,65,133,90,19,96,49,75,99,11"/><T30/><D127/><U57/><E120/><V80/><F124/><W112/><G75/><T17/><D74/><U28/><E72/><V41/><F41/><W42/><G133/><T45/><D105/><U81/><E111/><V36/><F36/><W8/><G112/><T126/><D126/><U24/><E130/><V114/><F114/><W132/><G132/><T18/><D94/><U56/><E7/><V73/><F104/><W88/><G113/><T117/><D117/><U109/><E109/><V110/><F110/><W102/><G42/><T97/><D97/><N who="3" m="37449" /><G49/><T125/><D125/><U135/><E135/><V86/><F73/><W47/><G47/><T4/><D61/><U78/><E106/><V0/><F0/><W87/><G102/><T29/><D45/><U2/><E2/><V21/><F67/><N who="3" m="25611" /><G62/><T79/><D79/><U43/><E43/><V44/><F69/><W70/><G90/><T33/><D37/><U10/><E81/><V121/><F121/><W100/><G100/><T68/><REACH who="0" step="1"/><D18/><REACH who="0" ten="255,245,245,245" step="2"/><U59/><E78/><N who="2" m="46103" /><F95/><N who="3" m="54687" /><G70/><T1/><AGARI ba="1,1" hai="1,4,9,12,17,22,27,29,30,31,33,60,64,68" machi="1" ten="20,18000,2" yaku="1,1,0,1,7,1,24,2,53,1" doraHai="103" doraHaiUra="63" who="0" fromWho="0" sc="255,193,245,-61,245,-61,245,-61" /><INIT seed="0,2,0,2,2,96" ten="448,184,184,184" oya="0" hai0="28,38,67,33,64,11,128,130,132,110,109,80,5" hai1="15,54,16,102,97,32,106,135,23,56,44,87,25" hai2="94,133,70,121,51,101,61,2,29,43,3,66,53" hai3="119,20,27,14,41,6,117,37,118,35,49,57,42"/><T86/><D38/><U13/><E135/><V21/><F121/><W114/><G114/><T7/><D132/><U18/><E44/><V59/><F133/><W104/><G104/><T52/><D28/><U63/><E32/><V12/><F43/><W55/><G35/><T99/><D33/><U124/><E124/><V71/><F71/><W113/><G113/><T88/><D99/><U107/><E107/><V74/><F74/><W9/><REACH who="3" step="1"/><G37/><REACH who="3" ten="448,184,184,174" step="2"/><T62/><D128/><U47/><E47/><V69/><F69/><W26/><G26/><T8/><D130/><U122/><E122/><V4/><F29/><AGARI ba="2,1" hai="6,9,14,20,27,29,41,42,49,55,57,117,118,119" machi="29" ten="40,1300,0" yaku="1,1,53,0" doraHai="96" doraHaiUra="77" who="3" fromWho="2" sc="448,0,184,0,184,-19,174,29" /><INIT seed="1,0,0,0,0,70" ten="448,184,165,203" oya="1" hai0="130,101,6,9,98,23,59,92,86,61,44,24,49" hai1="75,124,26,106,121,19,88,25,77,28,73,60,35" hai2="118,65,36,56,63,8,117,102,64,112,27,96,123" hai3="1,32,108,103,33,74,51,135,13,31,17,42,69"/><U12/><E121/><V126/><F123/><W52/><G69/><T87/><D130/><U54/><E106/><V66/><F126/><W83/><G1/><T122/><D122/><U14/><E124/><V20/><F8/><W67/><G67/><N who="0" m="39359" /><D9/><U38/><E38/><V91/><F91/><W114/><G114/><T78/><D6/><U127/><E127/><V71/><F112/><W47/><G108/><T15/><D15/><U128/><E128/><V125/><F125/><W79/><G135/><T39/><D78/><U111/><E111/><V22/><F22/><W57/><G103/><T46/><D39/><U48/><E60/><N who="2" m="37895" /><F36/><W68/><G31/><N who="0" m="17823" /><D44/><U41/><E77/><V89/><F89/><W85/><G68/><T76/><D76/><U29/><E88/><V81/><F81/><W10/><REACH who="3" step="1"/><G74/><REACH who="3" ten="448,184,165,193" step="2"/><T109/><D109/><U37/><E75/><V7/><F66/><W107/><G107/><T4/><D4/><U134/><E73/><V90/><F7/><W16/><G16/><T82/><D82/><U34/><E134/><V97/><F117/><W120/><G120/><T18/><D18/><U62/><E19/><N who="2" m="12703" /><F118/><W72/><G72/><T115/><D115/><U132/><E132/><V53/><F102/><W110/><G110/><T100/><D100/><U11/><E11/><V21/><F71/><W40/><G40/><AGARI ba="0,1" hai="40,46,49,86,87,92,98,101" m="17823,39359" machi="40" ten="30,2000,0" yaku="25,1,8,1" doraHai="70" who="0" fromWho="3" sc="448,30,184,0,165,0,193,-20" /><INIT seed="2,0,0,1,3,8" ten="478,184,165,173" oya="2" hai0="24,5,6,47,101,83,123,74,10,18,38,45,110" hai1="81,93,49,7,76,48,58,51,39,135,102,57,134" hai2="100,3,23,115,35,20,98,126,108,89,109,32,17" hai3="56,62,44,9,59,86,37,111,91,11,133,99,95"/><V130/><F115/><W122/><G122/><T92/><D123/><U70/><E70/><V55/><F3/><W94/><G111/><N who="2" m="42569" /><F130/><W33/><G133/><N who="1" m="50698" /><E7/><V88/><F126/><W125/><G33/><N who="2" m="12873" /><F55/><W66/><G125/><T29/><D92/><U50/><E39/><V43/><F43/><W96/><G37/><T67/><D101/><U16/><N who="1" m="12288" /><DORA hai="69" /><U112/><E112/><V31/><F31/><W1/><G1/><T21/><D29/><U72/><E16/><V27/><F23/><W103/><G44/><T128/><D21/><U54/><E54/><V79/><F79/><W12/><G59/><T36/><D47/><U80/><E80/><V63/><F63/><W2/><G2/><T40/><D83/><U0/><E0/><V73/><F73/><W65/><G65/><T77/><D74/><U107/><E107/><AGARI ba="0,0" hai="17,20,27,88,89,98,100,107" m="12873,42569" machi="107" ten="30,5800,0" yaku="14,1,10,1,54,1" doraHai="8,69" who="2" fromWho="1" sc="478,0,184,-58,165,58,173,0" /><INIT seed="2,1,0,1,5,95" ten="478,126,223,173" oya="2" hai0="21,105,64,35,114,46,123,107,54,132,49,14,18" hai1="81,1,133,52,99,45,73,58,0,88,22,67,62" hai2="121,127,134,74,117,130,76,85,33,65,9,93,103" hai3="28,8,86,84,108,38,113,16,112,4,63,57,90"/><V70/><F121/><W92/><G38/><T124/><D123/><U102/><E133/><V83/><F117/><W36/><G36/><T44/><D114/><N who="3" m="44137" /><G108/><T82/><D132/><U39/><E22/><V135/><F130/><W69/><G28/><T34/><D64/><U100/><E100/><V126/><F33/><W60/><G69/><T109/><D109/><U17/><E17/><V61/><F9/><W118/><G118/><T55/><D124/><N who="2" m="47658" /><F74/><W7/><G86/><T3/><D3/><U125/><E125/><V98/><AGARI ba="1,0" hai="61,65,70,76,83,85,93,98,103,134,135" m="47658" machi="98" ten="30,3000,0" yaku="18,1,52,1" doraHai="95" who="2" fromWho="2" sc="478,-11,126,-11,223,33,173,-11" /><INIT seed="2,2,0,0,3,55" ten="467,115,256,162" oya="2" hai0="123,103,4,10,134,112,114,47,126,130,52,5,49" hai1="70,65,54,27,73,94,7,92,46,72,13,42,107" hai2="44,38,77,108,33,43,37,105,16,113,62,40,127" hai3="64,0,50,83,79,104,69,48,58,34,135,124,15"/><V121/><F121/><W67/><G0/><T109/><D123/><U53/><E107/><V66/><F113/><W122/><G122/><T63/><D109/><U88/><E70/><V18/><F105/><W78/><G34/><T129/><D126/><U97/><E65/><V95/><F108/><W119/><G69/><T14/><D134/><U9/><E73/><V117/><F117/><W80/><G119/><T85/><D103/><U39/><E72/><V120/><F120/><W116/><G104/><T24/><D4/><U68/><E68/><V90/><F77/><W31/><G116/><T84/><D24/><U71/><E71/><V56/><F33/><W36/><G36/><T74/><D63/><U133/><E133/><V81/><F81/><N who="3" m="31307" /><G31/><T25/><D25/><U29/><REACH who="1" step="1"/><E94/><REACH who="1" ten="467,105,256,162" step="2"/><V110/><F110/><W1/><G135/><T118/><D74/><U128/><E128/><N who="0" m="49257" /><D118/><U93/><E93/><V41/><F127/><W21/><G124/><T26/><D26/><U125/><E125/><V91/><F95/><W28/><G64/><T96/><D96/><U59/><E59/><V45/><F40/><W82/><G58/><T3/><D3/><U76/><E76/><V131/><F131/><W35/><G67/><T101/><D101/><U11/><E11/><V30/><F30/><W17/><G79/><T23/><D23/><AGARI ba="2,1" hai="7,9,13,23,27,29,39,42,46,53,54,88,92,97" machi="23" ten="30,3900,0" yaku="1,1,7,1,54,1,53,0" doraHai="55" doraHaiUra="102" who="1" fromWho="0" sc="467,-45,105,55,256,0,162,0" /><INIT seed="3,0,0,4,5,24" ten="422,160,256,162" oya="3" hai0="64,94,3,60,86,100,7,77,17,61,2,81,41" hai1="107,105,6,135,113,46,65,76,20,122,79,131,130" hai2="103,33,56,128,111,59,106,53,12,52,102,124,14" hai3="70,16,10,8,49,4,28,29,126,31,96,72,97"/><W47/><G72/><T109/><D109/><U40/><E122/><V0/><F111/><W69/><G126/><T75/><D41/><U44/><E113/><V71/><F124/><W125/><G125/><T37/><D37/><U25/><E135/><V91/><F71/><W67/><G69/><T58/><D17/><N who="1" m="12431" /><E6/><V66/><F0/><W82/><G82/><T98/><D7/><U15/><E15/><V110/><F110/><W119/><G119/><T35/><D35/><U129/><E65/><V9/><F33/><W63/><G16/><T114/><D114/><U73/><E73/><V89/><F66/><W13/><REACH who="3" step="1"/><G10/><REACH who="3" ten="422,160,256,152" step="2"/><T120/><D120/><U132/><E132/><V54/><F9/><W19/><G19/><T38/><D75/><U93/><E93/><V1/><F128/><W99/><G99/><T85/><D85/><U51/><E46/><V30/><F30/><W48/><G48/><T90/><D81/><U45/><E45/><V84/><F84/><W104/><G104/><AGARI ba="0,1" hai="40,44,51,76,79,104,105,107,129,130,131" m="12431" machi="104" ten="40,1300,0" yaku="19,1" doraHai="24" who="1" fromWho="3" sc="422,0,160,23,256,0,152,-13" owari="422,52.2,183,-21.7,256,5.6,139,-36.1" /></mjloggm>