<mjloggm ver="2.3"><GO type="225" lobby="0"/><UN n0="%72%65%6E%6B%75%6E" n1="%E6%9D%B1%E9%A2%A8%E3%81%AE%E3%81%8D%E3%82%83%E3%81%B7%E3%81%95%E3%82%93" n2="%E5%B8%86%E7%AB%8B%E5%A4%8F%E8%A1%A3" n3="%E3%83%96%E3%83%83%E3%83%91%E3%82%AA%E3%83%96%E3%83%81%E3%82%AD%E3%83%B3" dan="17,16,17,16" rate="2182.68,2142.62,2263.35,2124.33" sx="M,M,M,M"/><TAIKYOKU oya="0"/><INIT seed="0,0,0,3,3,104" ten="250,250,250,250" oya="0" hai0="39,75,102,71,65,5,30,17,112,26,15,84,97" hai1="47,94,114,103,23,115,92,83,106,19,73,99,37" hai2="80,82,46,109,14,127,118,56,78,60,135,77,101" hai3="130,134,45,122,22,100,89,128,72,69,9,86,49"/><T68/><D112/><N who="1" m="43051" /><E47/><V123/><F109/><W42/><G134/><T81/><D39/><U29/><E29/><V116/><F127/><W126/><G126/><T95/><D5/><U1/><E1/><V108/><F108/><W50/><G69/><T27/><D65/><U57/><E57/><V48/><F123/><W98/><G122/><T133/><D133/><U93/><E37/><V88/><F101/><W7/><G22/><T52/><D75/><U43/><E43/><V59/><F135/><W67/><G67/><T53/><D71/><U10/><E10/><V79/><F14/><W70/><G70/><T129/><D129/><N who="3" m="49769" /><G50/><T20/><D68/><U63/><E63/><V85/><F82/><W31/><G31/><T11/><REACH who="0" step="1"/><D26/><REACH who="0" ten="240,250,250,250" step="2"/><N who="1" m="14719" /><E73/><V8/><F60/><W110/><G72/><T28/><D28/><U58/><E58/><V24/><F24/><W131/><G131/><T74/><D74/><U54/><E54/><V90/><F59/><W32/><G110/><T87/><D87/><U16/><E16/><V107/><F56/><W12/><G86/><T21/><D21/><U117/><E117/><V34/><F118/><W96/><G9/><T66/><D66/><U38/><E38/><V13/><F116/><W2/><G7/><T3/><D3/><U113/><E113/><V41/><F8/><W33/><G2/><T105/><D105/><U18/><E18/><V40/><F107/><N who="3" m="63879" /><G12/><T6/><D6/><U120/><E120/><V76/><F13/><W91/><G32/><T119/><D119/><U62/><E62/><V124/><N who="2" m="19456" /><DORA hai="61" /><V36/><F34/><RYUUKYOKU ba="0,1" sc="240,15,250,15,250,-15,250,-15" hai0="11,15,17,20,27,30,52,53,81,84,95,97,102" hai1="83,92,93,94,99,103,106" /><INIT seed="0,1,1,4,4,40" ten="255,265,235,235" oya="0" hai0="114,120,65,66,23,38,84,54,32,90,37,95,131" hai1="39,97,16,100,64,33,111,11,134,118,13,108,34" hai2="74,79,50,44,112,20,7,75,70,59,49,62,25" hai3="121,83,14,5,41,116,71,82,57,47,99,106,105"/><T4/><D32/><U104/><E118/><V3/><F112/><W123/><G116/><T68/><D114/><U103/><E103/><V91/><F70/><W124/><G71/><T129/><D120/><N who="3" m="46153" /><G124/><T31/><D4/><U107/><E107/><N who="3" m="40970" /><G99/><T94/><D54/><U51/><E39/><N who="0" m="14857" /><D68/><U52/><E64/><N who="0" m="24681" /><D23/><U29/><E134/><V132/><F132/><W72/><G72/><T76/><D76/><U10/><E10/><V125/><F125/><W0/><G0/><T96/><D31/><U80/><E80/><N who="3" m="30762" /><G57/><T35/><D35/><U117/><E117/><V135/><F135/><W73/><G73/><T58/><D58/><U18/><E18/><V30/><F74/><W28/><G28/><T19/><D19/><U126/><E126/><V53/><F75/><W24/><G24/><T127/><D127/><U87/><E87/><V26/><F3/><W88/><G5/><T15/><D96/><U48/><E48/><V130/><F7/><W98/><G14/><T81/><D15/><U89/><E89/><V85/><F26/><W60/><G98/><T46/><D46/><N who="1" m="27767" /><E29/><V21/><F30/><W27/><G27/><T77/><D90/><U8/><E8/><V92/><F25/><W93/><G88/><T63/><D63/><U110/><AGARI ba="1,1" hai="11,13,16,33,34,97,100,104,108,110,111" m="27767" machi="110" ten="30,7900,0" yaku="14,1,52,1,54,2" doraHai="40" who="1" fromWho="1" sc="255,-40,265,92,235,-21,235,-21" /><INIT seed="1,0,0,1,0,28" ten="215,357,214,214" oya="1" hai0="64,46,77,86,44,82,66,103,109,62,83,13,47" hai1="131,76,133,31,85,129,124,18,20,8,115,50,55" hai2="61,132,17,30,73,29,65,39,125,113,79,87,81" hai3="94,84,45,26,40,34,3,123,2,126,6,15,42"/><U57/><E115/><V12/><F125/><W122/><G126/><T112/><D112/><U53/><E124/><V51/><F113/><W90/><G15/><T110/><D103/><U91/><E76/><V93/><F39/><W54/><G40/><T95/><D95/><U25/><E133/><V58/><F132/><W36/><G54/><T11/><D82/><U7/><E53/><V98/><F51/><W69/><G69/><T101/><D101/><U43/><E43/><V127/><F73/><W99/><G6/><T128/><D128/><U108/><E108/><N who="0" m="41577" /><D62/><U106/><E106/><V9/><REACH who="2" step="1"/><F127/><REACH who="2" ten="215,357,204,214" step="2"/><W35/><G123/><T14/><D14/><N who="1" m="5407" /><E129/><V100/><AGARI ba="0,1" hai="9,12,17,29,30,58,61,65,79,81,87,93,98,100" machi="100" ten="20,5200,0" yaku="1,1,0,1,7,1,8,1,53,0" doraHai="28" doraHaiUra="118" who="2" fromWho="2" sc="215,-13,357,-26,204,62,214,-13" /><INIT seed="2,0,0,2,0,30" ten="202,331,266,201" oya="2" hai0="64,96,97,77,85,124,91,23,131,60,110,39,45" hai1="59,10,36,113,26,74,100,99,84,15,92,107,72" hai2="123,25,24,9,134,54,106,37,111,105,78,68,79" hai3="22,80,81,108,3,70,135,63,95,11,119,127,62"/><V51/><F37/><W126/><G119/><T121/><D121/><U90/><E36/><V67/><F123/><W61/><G108/><T87/><D110/><U58/><E113/><V122/><F122/><W109/><G109/><T128/><D124/><N who="3" m="47657" /><G135/><T14/><D77/><U73/><REACH who="1" step="1"/><E26/><REACH who="1" ten="202,321,266,201" step="2"/><V40/><F25/><W117/><G117/><T29/><D39/><U27/><E27/><V47/><F24/><W7/><G70/><N who="0" m="42247" /><D29/><U129/><E129/><V38/><F111/><W34/><G34/><T12/><D128/><U94/><E94/><V1/><F134/><W66/><G66/><T48/><D131/><U65/><E65/><V50/><F106/><W132/><G132/><T42/><D97/><U71/><E71/><V0/><F105/><W76/><G95/><T75/><D96/><U104/><E104/><V53/><F67/><W52/><G22/><T41/><D23/><U115/><E115/><V6/><F68/><W46/><G76/><T133/><D133/><U120/><E120/><V17/><F79/><W112/><G112/><T19/><D75/><U118/><E118/><V88/><F78/><W114/><G114/><T86/><D85/><U21/><E21/><V56/><F38/><W83/><G83/><T13/><D86/><U57/><E57/><V98/><F56/><W93/><G93/><N who="0" m="54527" /><D19/><AGARI ba="0,1" hai="10,15,19,58,59,72,73,74,84,90,92,99,100,107" machi="19" ten="40,1300,0" yaku="1,1,53,0" doraHai="30" doraHaiUra="33" who="1" fromWho="0" sc="202,-13,321,23,266,0,201,0" /><INIT seed="3,0,0,2,4,55" ten="189,344,266,201" oya="3" hai0="90,34,115,108,14,49,93,72,27,56,41,103,19" hai1="6,54,60,32,53,21,105,29,109,75,42,25,86" hai2="131,113,3,44,13,110,121,24,1,77,78,83,30" hai3="22,12,120,52,17,100,69,104,67,8,111,61,124"/><W46/><G120/><T133/><D72/><U10/><E75/><V26/><F113/><W107/><G124/><T116/><D116/><U62/><E105/><V33/><F121/><W37/><G111/><T76/><D115/><U129/><E42/><V123/><F123/><W63/><G100/><T64/><D108/><U66/><E109/><V127/><F110/><W85/><G37/><T57/><D133/><U39/><E39/><V43/><F127/><W0/><G85/><T130/><D130/><U99/><E99/><V68/><F68/><W65/><G46/><N who="0" m="25807" /><D34/><U81/><E129/><V98/><F131/><W71/><G52/><N who="1" m="20074" /><E66/><V128/><F128/><W28/><G0/><T7/><D76/><N who="1" m="46375" /><E32/><V58/><F78/><W106/><G28/><T94/><D64/><U101/><E101/><V15/><F98/><W112/><G112/><T102/><D102/><U117/><E117/><V38/><F3/><W96/><G96/><N who="0" m="57399" /><D94/><U132/><E132/><V114/><F1/><W80/><G80/><T91/><D91/><U51/><E51/><V73/><F114/><W18/><G107/><T88/><D88/><U2/><E2/><V135/><F135/><W31/><G31/><T122/><D122/><U119/><E119/><V59/><REACH who="2" step="1"/><F26/><AGARI ba="0,0" hai="8,12,17,18,22,26,61,63,65,67,69,71,104,106" machi="26" ten="30,2900,0" yaku="7,1,9,1" doraHai="55" who="3" fromWho="2" sc="189,0,344,0,266,-29,201,29" /><INIT seed="3,1,0,0,1,100" ten="189,344,237,230" oya="3" hai0="53,22,16,78,49,119,120,124,76,17,56,71,67" hai1="91,40,46,48,106,118,97,74,38,111,87,86,101" hai2="14,35,3,33,68,26,32,21,59,43,64,125,105" hai3="47,83,57,77,41,45,131,102,121,109,39,130,30"/><W104/><G121/><T123/><D124/><U1/><E1/><V50/><F68/><W107/><G30/><T110/><D119/><U88/><E118/><V95/><F43/><W84/><G109/><T62/><D110/><U44/><E74/><V81/><F81/><W24/><G24/><T127/><D127/><U73/><E73/><V27/><F95/><W29/><G29/><T15/><REACH who="0" step="1"/><D17/><REACH who="0" ten="179,344,237,230" step="2"/><U96/><E111/><V75/><F125/><W82/><G47/><T122/><AGARI ba="1,1" hai="15,16,22,49,53,56,62,67,71,76,78,120,122,123" machi="122" ten="30,7900,0" yaku="1,1,2,1,0,1,54,1,53,0" doraHai="100" doraHaiUra="7" who="0" fromWho="0" sc="179,92,344,-21,237,-21,230,-40" owari="271,7.1,323,42.3,216,-18.4,190,-31.0" /></mjloggm>