<mjloggm ver="2.3"><GO type="225" lobby="0"/><UN n0="%E3%82%B2%E3%82%B9%E8%8C%82%E5%8B%9D" n1="%E3%83%96%E3%83%83%E3%83%91%E3%82%AA%E3%83%96%E3%83%81%E3%82%AD%E3%83%B3" n2="%E5%B8%86%E7%AB%8B%E5%A4%8F%E8%A1%A3" n3="%E6%9D%B1%E9%A2%A8%E3%81%AE%E3%81%8D%E3%82%83%E3%81%B7%E3%81%95%E3%82%93" dan="16,16,17,16" rate="2117.21,2123.43,2250.73,2149.33" sx="F,M,M,M"/><TAIKYOKU oya="0"/><INIT seed="0,0,0,3,3,5" ten="250,250,250,250" oya="0" hai0="13,24,39,128,34,79,11,9,21,4,81,88,12" hai1="8,78,98,106,36,60,85,109,74,45,112,23,26" hai2="18,6,3,125,63,95,44,126,93,115,104,94,116" hai3="77,90,17,130,101,55,51,32,33,97,35,58,43"/><T108/><D128/><U127/><E109/><V86/><F115/><W62/><G130/><T132/><D132/><U37/><E74/><V56/><F104/><W110/><G110/><T28/><D108/><U102/><E112/><V117/><F44/><W54/><G77/><T92/><D39/><U2/><E127/><N who="2" m="48651" /><F18/><W103/><G43/><T123/><D123/><U31/><E45/><V66/><F86/><W14/><G90/><T75/><D34/><U68/><E68/><V122/><F122/><W59/><REACH who="3" step="1"/><G97/><REACH who="3" ten="250,250,250,240" step="2"/><T48/><D48/><U70/><E78/><V22/><F22/><AGARI ba="0,1" hai="14,17,22,32,33,35,51,54,55,58,59,62,101,103" machi="22" ten="40,2600,0" yaku="1,1,2,1,53,0" doraHai="5" doraHaiUra="38" who="3" fromWho="2" sc="250,0,250,0,250,-26,240,36" /><INIT seed="1,0,0,2,1,3" ten="250,250,224,276" oya="1" hai0="58,104,36,43,55,65,42,23,49,84,2,123,40" hai1="61,115,22,113,48,114,64,7,25,121,0,62,105" hai2="30,46,9,32,56,92,17,37,75,66,111,45,78" hai3="11,102,77,81,97,95,74,120,112,87,51,52,50"/><U28/><E121/><V57/><F111/><W54/><G120/><T26/><D123/><U59/><E105/><V134/><F134/><W133/><G133/><T124/><D124/><U130/><E130/><V86/><F75/><W8/><G112/><T14/><D2/><U107/><E107/><V79/><F32/><W39/><G39/><T80/><D104/><U89/><E89/><V18/><F37/><W70/><G70/><T127/><D127/><U33/><E33/><V109/><F109/><W4/><G74/><T60/><D14/><U21/><E22/><V131/><F131/><W98/><G98/><T128/><D128/><U47/><E62/><V41/><F30/><W82/><G82/><T99/><D99/><U125/><E125/><V110/><F110/><W5/><G11/><T129/><D129/><U69/><E69/><V73/><F9/><W29/><G29/><T93/><D93/><U100/><E100/><V132/><F73/><W72/><G72/><T126/><D126/><U68/><E68/><V1/><F1/><W12/><G5/><T6/><D6/><U34/><E34/><V116/><F116/><W24/><G24/><T96/><D96/><U88/><E88/><V20/><F132/><W94/><G94/><T71/><D36/><U16/><E28/><V15/><F92/><W27/><G27/><T76/><REACH who="0" step="1"/><D40/><REACH who="0" ten="240,250,224,276" step="2"/><N who="1" m="24679" /><E0/><V85/><F41/><W13/><G13/><T103/><D103/><U83/><E7/><V106/><F106/><W67/><G4/><T119/><D119/><U31/><E83/><V19/><F15/><W122/><G12/><RYUUKYOKU ba="0,1" sc="240,15,250,15,224,-15,276,-15" hai0="23,26,42,43,49,55,58,60,65,71,76,80,84" hai1="16,21,25,31,59,61,64,113,114,115" /><INIT seed="1,1,1,4,4,96" ten="255,265,209,261" oya="1" hai0="85,44,0,32,4,84,92,64,47,3,90,86,69" hai1="126,108,117,11,46,15,125,28,54,114,25,94,83" hai2="81,104,5,111,34,65,42,127,63,8,78,89,102" hai3="75,119,43,40,77,20,10,95,72,91,105,18,55"/><U14/><E114/><V33/><F89/><W122/><G105/><T58/><D32/><U132/><E117/><V57/><F42/><W31/><G119/><T118/><D118/><U135/><E83/><V120/><F120/><W100/><G122/><T88/><D69/><U93/><E54/><V129/><F129/><W60/><G31/><T29/><D29/><U76/><E76/><V6/><F6/><W103/><G10/><T87/><D4/><N who="1" m="3431" /><E46/><V51/><F51/><W53/><G77/><T68/><D68/><U98/><E15/><V39/><F39/><W41/><G75/><T62/><REACH who="0" step="1"/><D90/><REACH who="0" ten="245,265,209,261" step="2"/><N who="1" m="55607" /><E108/><V36/><F111/><W35/><G35/><T19/><D19/><U74/><E28/><V50/><F34/><W79/><G72/><T80/><D80/><U71/><E71/><V48/><F33/><W82/><G82/><T67/><D67/><U17/><E17/><V109/><F109/><W9/><G79/><T59/><D59/><U61/><E135/><V101/><F81/><W56/><G9/><T49/><D49/><U70/><E70/><V2/><F78/><W107/><G18/><T112/><D112/><U121/><E132/><V130/><F48/><W115/><G115/><T73/><D73/><U26/><E74/><V110/><F50/><W23/><G56/><T124/><D124/><U52/><E121/><V123/><F127/><W99/><G60/><T16/><D16/><U37/><E126/><V45/><F110/><W38/><G38/><T106/><D106/><U30/><E37/><V97/><F123/><W13/><G91/><T134/><D134/><RYUUKYOKU ba="1,2" sc="245,30,265,-10,209,-10,261,-10" hai0="0,3,44,47,58,62,64,84,85,86,87,88,92" /><INIT seed="2,2,2,0,5,128" ten="275,255,199,251" oya="2" hai0="48,5,82,131,106,25,16,98,32,86,19,117,64" hai1="84,91,38,30,130,112,73,87,11,126,107,13,74" hai2="63,122,104,103,127,52,24,85,56,71,111,108,92" hai3="21,99,17,110,96,20,14,8,69,49,34,119,89"/><V12/><F122/><W70/><G34/><T116/><D131/><U78/><E38/><V55/><F127/><W75/><G75/><T115/><D115/><U46/><E112/><V62/><F104/><W80/><G119/><N who="0" m="45643" /><D5/><U95/><E130/><V50/><F24/><W33/><G33/><T121/><D121/><U41/><E107/><V124/><F124/><W2/><G110/><N who="2" m="42025" /><F71/><W59/><G70/><T47/><D64/><U23/><E126/><V28/><F28/><W83/><G69/><T132/><D132/><U51/><E23/><N who="3" m="8778" /><G2/><T77/><D98/><N who="3" m="37417" /><G89/><T54/><D106/><U90/><E30/><AGARI ba="2,2" hai="16,19,25,30,32,47,48,54,77,82,86" m="45643" machi="30" ten="30,2000,0" yaku="12,1,54,1" doraHai="128" who="0" fromWho="1" sc="275,46,255,-26,199,0,251,0" /><INIT seed="3,0,0,4,4,34" ten="321,229,199,251" oya="3" hai0="125,15,90,8,100,60,4,53,102,62,29,92,129" hai1="59,99,116,22,66,118,52,55,61,49,120,88,11" hai2="1,89,91,112,109,74,40,21,19,79,56,38,28" hai3="119,83,39,36,115,131,16,2,67,113,107,101,27"/><W24/><G67/><T75/><D125/><U127/><E120/><V122/><F112/><W78/><G119/><N who="1" m="45610" /><E127/><V51/><F38/><W45/><G131/><T108/><D129/><U31/><E11/><V94/><F122/><W68/><G68/><T23/><D108/><U93/><E49/><V13/><F109/><W7/><G36/><T46/><D75/><U80/><E80/><V84/><F74/><N who="3" m="43479" /><G101/><N who="0" m="39019" /><D46/><U14/><E14/><V87/><F79/><W117/><G27/><AGARI ba="0,0" hai="22,27,31,52,55,59,61,66,88,93,99" m="45610" machi="27" ten="30,3900,0" yaku="12,1,54,2" doraHai="34" who="1" fromWho="3" sc="321,0,229,39,199,0,251,-39" owari="321,42.1,268,6.8,199,-30.1,212,-18.8" /></mjloggm>