<mjloggm ver="2.3"><GO type="225" lobby="0"/><UN n0="%E3%81%A4%E3%81%A3%E3%81%B1%E3%82%8A%E3%83%9D%E3%83%BC%E3%83%AB" n1="%E3%81%BF%E3%81%BF%E3%81%9A" n2="%E4%BF%BA%E3%81%A8%E5%A6%96%E5%A4%A2" n3="%33%74%72%65%65" dan="17,18,16,17" rate="2174.75,2203.02,2101.47,2187.67" sx="M,M,F,F"/><TAIKYOKU oya="0"/><INIT seed="0,0,0,2,3,110" ten="250,250,250,250" oya="0" hai0="125,25,26,12,106,76,67,49,73,42,124,19,32" hai1="22,33,79,31,17,94,15,102,43,103,35,129,117" hai2="131,59,63,105,114,116,113,74,126,24,108,120,60" hai3="69,30,28,29,91,0,82,18,122,78,112,92,86"/><T40/><D106/><U5/><E117/><V51/><F74/><W97/><G122/><T100/><D100/><U89/><E129/><V85/><F105/><W135/><G135/><T38/><D38/><U1/><E79/><V3/><F3/><W37/><G37/><T134/><D134/><U68/><E43/><N who="0" m="16425" /><D67/><U75/><E68/><V2/><F2/><W64/><G0/><T121/><D32/><U8/><E35/><V52/><F120/><W58/><G69/><T109/><D49/><U16/><E75/><V77/><F24/><W90/><G18/><T45/><D45/><U88/><E17/><V34/><F34/><W41/><G41/><T84/><D73/><U132/><E132/><V99/><F99/><W47/><G47/><T62/><D62/><U57/><E57/><N who="2" m="32927" /><F85/><W118/><G118/><T71/><D71/><U70/><E70/><V9/><F116/><W36/><G36/><T39/><D39/><U61/><E61/><N who="2" m="23627" /><F77/><W101/><G64/><T107/><D107/><U119/><E119/><V20/><F131/><W80/><G58/><T115/><D121/><U48/><E48/><V50/><F20/><W66/><G66/><T87/><D76/><U133/><E133/><V81/><F81/><W128/><G128/><T44/><D87/><N who="1" m="52511" /><E89/><N who="3" m="33802" /><G80/><T11/><D84/><U111/><E111/><V27/><F108/><W7/><G7/><N who="0" m="3199" /><D109/><U83/><E83/><V93/><F93/><W65/><G65/><T56/><D44/><U10/><E8/><V72/><F72/><W6/><G6/><T21/><D56/><U130/><E130/><V54/><F59/><RYUUKYOKU ba="0,0" sc="250,-15,250,15,250,-15,250,15" hai1="1,5,10,15,16,22,31,33,102,103" hai3="28,29,30,78,82,86,92,97,101,112" /><INIT seed="1,1,0,5,5,10" ten="235,265,235,265" oya="1" hai0="2,128,64,31,127,105,102,67,22,36,114,90,74" hai1="47,59,12,29,80,54,8,27,15,19,110,87,113" hai2="111,119,6,63,17,125,34,28,85,108,70,133,7" hai3="32,38,39,66,95,37,18,92,33,94,26,44,121"/><U50/><E113/><V52/><F119/><W130/><G121/><T71/><D114/><U116/><E116/><V25/><F133/><W73/><G130/><T49/><D36/><U103/><E110/><N who="2" m="42027" /><F125/><W42/><G73/><T115/><D115/><U69/><E69/><V75/><F75/><W96/><G96/><T86/><D2/><U98/><E59/><N who="2" m="35303" /><F70/><W20/><REACH who="3" step="1"/><G66/><REACH who="3" ten="235,265,235,255" step="2"/><T101/><D67/><U118/><E118/><V46/><F85/><W117/><G117/><T55/><D64/><U9/><E98/><V83/><F83/><W1/><G1/><T45/><D86/><U131/><E131/><V65/><F65/><W5/><G5/><T21/><D74/><U89/><E103/><V11/><F46/><W122/><G122/><T53/><D45/><U91/><E80/><V104/><F104/><W77/><G77/><T134/><D101/><U78/><E78/><V60/><F60/><W48/><AGARI ba="1,1" hai="18,20,26,32,33,37,38,39,42,44,48,92,94,95" machi="48" ten="40,2700,0" yaku="1,1,0,1,53,0" doraHai="10" doraHaiUra="82" who="3" fromWho="3" sc="235,-8,265,-14,235,-8,255,40" /><INIT seed="2,0,0,2,3,42" ten="227,251,227,295" oya="2" hai0="98,115,32,77,94,22,124,119,24,71,44,18,1" hai1="80,11,78,104,117,120,50,121,61,12,51,99,36" hai2="43,134,45,25,129,96,29,48,106,114,52,8,93" hai3="101,3,60,38,19,2,23,82,97,69,135,87,110"/><V37/><F114/><W130/><G110/><T127/><D115/><U59/><E36/><V58/><F129/><W34/><G34/><T113/><D113/><U126/><E99/><V131/><F131/><W88/><G130/><T39/><D71/><U105/><E117/><V86/><F134/><W73/><G135/><T74/><D1/><U9/><E126/><N who="0" m="48169" /><D119/><U122/><E50/><V70/><F70/><W118/><G118/><T47/><D39/><U40/><E51/><V84/><F8/><N who="1" m="3145" /><E12/><V102/><REACH who="2" step="1"/><F106/><REACH who="2" ten="227,251,217,295" step="2"/><W10/><G10/><T7/><D7/><U55/><E40/><V46/><F46/><W103/><G69/><T62/><D32/><AGARI ba="0,1" hai="25,29,32,37,43,45,48,52,58,84,86,93,96,102" machi="32" ten="30,11600,0" yaku="1,1,7,1,52,1,54,1,53,0" doraHai="42" doraHaiUra="0" who="2" fromWho="0" sc="227,-116,251,0,217,126,295,0" /><INIT seed="2,1,0,4,0,133" ten="111,251,343,295" oya="2" hai0="51,74,129,116,100,20,91,57,8,121,30,67,105" hai1="84,25,66,7,95,75,118,92,3,19,125,47,50" hai2="4,117,18,65,56,111,52,83,77,86,130,122,89" hai3="62,22,59,115,90,73,112,76,42,97,127,101,82"/><V104/><F117/><W53/><G127/><T35/><D74/><U58/><E75/><V17/><F122/><W119/><G119/><T6/><D35/><U9/><E118/><V120/><F120/><W128/><G128/><T10/><D116/><U21/><E125/><V45/><F130/><W40/><G90/><T106/><D121/><U69/><E69/><V55/><F104/><W41/><REACH who="3" step="1"/><G22/><REACH who="3" ten="111,251,343,285" step="2"/><T36/><D20/><U94/><E66/><V107/><F65/><W132/><G132/><T131/><D67/><U32/><E32/><V2/><F89/><W46/><G46/><T96/><D91/><U135/><E135/><V49/><F111/><W33/><G33/><T31/><D100/><U16/><E58/><V68/><F68/><W78/><G78/><T134/><D57/><U48/><E47/><V124/><F124/><W15/><G15/><T1/><D134/><U123/><E123/><V70/><F70/><W126/><G126/><T80/><D131/><U38/><E21/><V54/><F56/><W108/><G108/><T60/><D129/><U39/><E25/><V23/><F23/><W26/><G26/><T0/><D0/><U27/><E27/><V103/><F45/><W11/><G11/><T24/><D8/><U71/><E71/><V12/><F2/><W34/><G34/><T114/><D10/><U79/><E79/><V93/><F12/><W29/><G29/><T98/><D30/><U37/><REACH who="1" step="1"/><E84/><REACH who="1" ten="111,241,343,285" step="2"/><V43/><F86/><W99/><G99/><T81/><D98/><U102/><E102/><V5/><F103/><W28/><G28/><RYUUKYOKU ba="1,2" sc="111,-15,241,15,343,-15,285,15" hai1="3,7,9,16,19,37,38,39,48,50,92,94,95" hai3="40,41,42,53,59,62,73,76,82,97,101,112,115" /><INIT seed="3,2,2,3,4,128" ten="96,256,328,300" oya="3" hai0="51,117,57,118,119,3,52,59,15,124,48,46,4" hai1="40,6,19,58,72,123,54,50,133,28,71,16,42" hai2="114,66,65,21,68,38,108,87,75,25,55,134,29" hai3="109,0,17,116,12,85,131,112,97,44,74,70,100"/><W93/><G116/><T35/><D35/><U99/><E123/><V33/><F114/><W14/><G112/><T126/><D3/><U62/><E72/><V103/><F75/><W96/><G74/><T77/><D77/><U81/><E6/><V47/><F108/><W63/><G0/><T84/><D84/><U92/><E81/><V20/><F103/><W82/><G131/><T98/><D98/><U39/><E28/><V41/><F68/><W5/><G109/><T1/><D15/><U56/><E133/><V18/><F134/><W79/><G5/><T132/><D4/><U83/><E83/><V135/><F135/><W127/><G127/><N who="0" m="48683" /><D1/><U125/><E71/><V78/><F55/><W102/><G44/><N who="0" m="27655" /><D132/><U88/><E125/><V113/><F113/><W30/><G30/><T90/><D90/><U9/><E9/><V76/><F33/><W89/><G17/><T64/><D64/><U13/><E19/><V45/><F45/><W61/><G79/><T31/><D31/><U130/><E130/><V69/><F69/><W24/><G24/><T121/><D121/><U129/><E129/><V95/><F76/><W27/><G27/><T60/><D60/><U94/><E94/><V49/><F38/><W106/><G61/><T36/><D36/><U53/><E39/><V67/><F67/><N who="3" m="41343" /><G14/><T120/><D120/><U26/><E13/><N who="2" m="9295" /><F78/><N who="3" m="46295" /><G102/><T86/><D86/><U111/><E111/><V10/><F10/><W115/><G12/><T110/><D110/><U2/><E2/><V105/><F105/><W122/><G122/><T11/><D11/><U37/><E37/><RYUUKYOKU ba="2,2" sc="96,0,256,0,328,0,300,0" hai0="46,51,57,59,117,118,119" hai1="16,26,40,42,50,53,54,56,58,62,88,92,99" hai2="21,25,29,41,47,49,65,66,87,95" hai3="89,93,96,97,100,106,115" /><INIT seed="3,3,2,0,4,8" ten="96,256,328,300" oya="3" hai0="7,134,34,101,72,31,47,114,11,93,70,27,125" hai1="120,37,103,110,118,85,117,67,69,50,13,36,91" hai2="71,44,97,131,10,59,84,81,90,64,116,0,108" hai3="58,95,115,32,52,24,107,102,4,123,49,5,18"/><W66/><G123/><T63/><D93/><U26/><E120/><V133/><F116/><N who="1" m="44649" /><E110/><V17/><F71/><W54/><G115/><T94/><D94/><U57/><E103/><V53/><F108/><W87/><G107/><T128/><D114/><U1/><E1/><V96/><F131/><W122/><G122/><T130/><D101/><U83/><E26/><V22/><F10/><W105/><G105/><T119/><D119/><U12/><E69/><V15/><F0/><W106/><G106/><T112/><D112/><U132/><E132/><V86/><F133/><W92/><G32/><T3/><D134/><U113/><E113/><V55/><F84/><W88/><G66/><T79/><D47/><U124/><E124/><V2/><F2/><W42/><G42/><T40/><D40/><U89/><E89/><V98/><F44/><W16/><G54/><T29/><D29/><U35/><E35/><V20/><F20/><N who="3" m="13319" /><G18/><T21/><D21/><U74/><E74/><V14/><F14/><N who="1" m="5737" /><E67/><V126/><F126/><W100/><G100/><T99/><D125/><U43/><E57/><V76/><F64/><W33/><G33/><T75/><D79/><U135/><E135/><V51/><F59/><W46/><G58/><T77/><D77/><U28/><E28/><V62/><F90/><N who="3" m="53343" /><G102/><T38/><D38/><U65/><E65/><V30/><F30/><W25/><G25/><T19/><D75/><U61/><E61/><V111/><F111/><W127/><G127/><T68/><D63/><U80/><E83/><V45/><F62/><W6/><G88/><T73/><D73/><RYUUKYOKU ba="3,2" sc="96,-30,256,10,328,10,300,10" hai1="36,37,43,50,80,85,91" hai2="15,17,22,45,51,53,55,76,81,86,96,97,98" hai3="4,5,6,46,49,52,95" /><INIT seed="3,4,2,0,3,23" ten="66,266,338,310" oya="3" hai0="108,112,95,65,83,31,52,12,36,19,93,57,53" hai1="120,70,7,121,5,134,78,51,75,33,63,39,80" hai2="18,101,107,114,128,88,86,99,62,131,77,125,74" hai3="42,0,59,38,11,133,1,97,94,109,29,49,41"/><W100/><G133/><T87/><D108/><U46/><E7/><V30/><F30/><W111/><G29/><T61/><D112/><U48/><E48/><V72/><F114/><W122/><G122/><N who="1" m="47210" /><E51/><V17/><F62/><W24/><G24/><T68/><D36/><U15/><E15/><V55/><F55/><N who="3" m="32239" /><G11/><T9/><D31/><U4/><E4/><V110/><F110/><N who="3" m="41995" /><G38/><T16/><D19/><N who="2" m="7178" /><F77/><W14/><G14/><T98/><D68/><U20/><E20/><V21/><F21/><W8/><G8/><T84/><D84/><U79/><E79/><V113/><F113/><W25/><G25/><T116/><D116/><U76/><E5/><V44/><F44/><W26/><G26/><T28/><D28/><U104/><E134/><V40/><F40/><AGARI ba="4,2" hai="0,1,40,41,42,94,97,100" m="41995,32239" machi="40" ten="30,2900,0" yaku="14,1,10,1" doraHai="23" who="3" fromWho="2" sc="66,0,266,0,338,-41,310,61" owari="66,-43.4,266,-13.4,297,9.7,371,47.1" /></mjloggm>