<mjloggm ver="2.3"><GO type="225" lobby="0"/><UN n0="%E5%91%A8%E6%9D%B1" n1="%E3%82%A4%E3%82%AD%E3%83%AA" n2="%72%69%6F%75%63%68%61%6E" n3="%E3%81%A4%E3%81%A3%E3%81%B1%E3%82%8A%E3%83%9D%E3%83%BC%E3%83%AB" dan="16,16,16,17" rate="2192.99,2084.23,2134.63,2208.59" sx="M,M,M,M"/><TAIKYOKU oya="0"/><INIT seed="0,0,0,1,0,0" ten="250,250,250,250" oya="0" hai0="22,135,31,134,62,71,97,110,4,38,49,15,29" hai1="28,115,84,74,100,13,18,108,127,7,44,128,112" hai2="72,107,90,68,3,131,33,53,27,48,89,123,50" hai3="11,66,9,104,91,16,73,58,21,2,70,88,51"/><T60/><D38/><U42/><E74/><V86/><F123/><W45/><G104/><T132/><D110/><U116/><E116/><V67/><F72/><W55/><G70/><T94/><D49/><U75/><E75/><V99/><F131/><W26/><G73/><T56/><D71/><U24/><E108/><V111/><F111/><W133/><G133/><T19/><D4/><U23/><E128/><V64/><F3/><W40/><G66/><T61/><REACH who="0" step="1"/><D56/><REACH who="0" ten="240,250,250,250" step="2"/><U130/><E7/><V113/><F48/><N who="3" m="31079" /><G2/><T5/><D5/><U8/><E130/><V79/><F68/><W52/><G40/><T6/><D6/><U39/><E42/><V54/><F50/><W96/><G96/><T1/><D1/><U80/><E39/><V20/><F99/><W102/><G102/><AGARI ba="0,1" hai="15,19,22,29,31,60,61,62,94,97,102,132,134,135" machi="102" ten="50,4800,0" yaku="1,1,20,1,53,0" doraHai="0" doraHaiUra="63" who="0" fromWho="3" sc="240,58,250,0,250,0,250,-48" /><INIT seed="0,1,0,3,3,109" ten="298,250,250,202" oya="0" hai0="51,110,38,71,80,74,119,107,40,111,7,29,128" hai1="11,34,31,88,134,1,73,103,35,66,104,81,22" hai2="56,62,17,83,99,60,13,116,64,89,97,68,94" hai3="9,45,43,125,58,87,50,72,102,20,76,69,61"/><T37/><D119/><U24/><E134/><V106/><F116/><W114/><G125/><T55/><D107/><U32/><E66/><V135/><F135/><W132/><G132/><T12/><D29/><U30/><E103/><V122/><F122/><W49/><G72/><T82/><D71/><U59/><E104/><V14/><F83/><N who="0" m="31786" /><D40/><U105/><E105/><V10/><F13/><W129/><G129/><T25/><D25/><U27/><E59/><V78/><F78/><W41/><G69/><T18/><D7/><N who="1" m="1519" /><E88/><V101/><REACH who="2" step="1"/><F60/><REACH who="2" ten="298,250,240,202" step="2"/><W108/><G61/><T52/><D128/><U84/><E27/><V54/><F54/><W16/><G43/><T36/><D74/><U4/><E81/><V65/><F65/><W53/><G76/><T96/><D55/><U47/><E73/><V118/><F118/><W77/><G77/><T133/><D133/><U19/><E24/><V33/><F33/><W91/><G53/><T86/><D52/><U131/><E35/><V67/><F67/><W115/><G41/><T3/><D111/><U113/><E32/><V2/><F2/><W44/><G108/><T5/><D3/><U100/><E34/><V126/><F126/><W95/><G45/><T93/><D12/><U8/><E131/><V57/><AGARI ba="1,1" hai="10,14,17,56,57,62,64,68,89,94,97,99,101,106" machi="57" ten="30,2000,0" yaku="1,1,0,1,53,0" doraHai="109" doraHaiUra="21" who="2" fromWho="2" sc="298,-11,250,-6,240,33,202,-6" /><INIT seed="1,0,0,1,5,86" ten="287,244,273,196" oya="1" hai0="121,133,53,15,64,79,116,29,120,135,34,45,28" hai1="102,83,3,56,94,84,60,74,9,91,7,50,16" hai2="62,46,131,114,103,75,105,73,49,31,8,67,18" hai3="70,95,42,130,20,80,117,41,76,71,57,55,51"/><U122/><E122/><N who="0" m="47209" /><D116/><U65/><E50/><V2/><F131/><W85/><G117/><T36/><D79/><U128/><E128/><V54/><F114/><W99/><G130/><T47/><D34/><U59/><E74/><V13/><F31/><N who="0" m="11850" /><D64/><U92/><E102/><V22/><F2/><W10/><G20/><T81/><D81/><U124/><E124/><V90/><F22/><W112/><G112/><T26/><D26/><U77/><E77/><V48/><F49/><W107/><G107/><T25/><D25/><U23/><REACH who="1" step="1"/><E56/><REACH who="1" ten="287,234,273,196" step="2"/><N who="2" m="37319" /><F103/><W110/><G110/><T33/><D36/><U96/><E96/><V106/><F75/><W100/><G71/><T132/><D135/><U37/><E37/><V89/><F73/><W125/><G70/><T69/><D69/><U126/><E126/><V11/><F106/><W38/><G38/><T63/><D133/><U17/><E17/><N who="2" m="8359" /><F105/><W19/><G125/><T27/><D132/><U108/><E108/><V97/><F97/><W104/><G104/><T78/><D78/><U118/><E118/><V12/><AGARI ba="0,1" hai="11,12,18,46,48,54,89,90" m="8359,37319" machi="12" ten="30,4000,0" yaku="8,1,52,2" doraHai="86" who="2" fromWho="2" sc="287,-10,234,-20,273,50,196,-10" /><INIT seed="2,0,0,1,3,81" ten="277,214,323,186" oya="2" hai0="121,95,97,14,13,82,71,53,114,123,128,63,30" hai1="5,18,127,110,33,75,1,132,29,10,41,124,43" hai2="56,8,45,85,70,78,60,86,119,62,65,107,87" hai3="32,54,19,103,113,118,111,59,3,108,46,69,7"/><V89/><F119/><W99/><G69/><T109/><D114/><U27/><E75/><V77/><F107/><W68/><G68/><T129/><D30/><U9/><E43/><V84/><F45/><W4/><G32/><T67/><D53/><U66/><E66/><V58/><F8/><W101/><G118/><T38/><D38/><U134/><E41/><V2/><F2/><W61/><G113/><T12/><D82/><U23/><E10/><V126/><F126/><N who="1" m="48169" /><E110/><N who="3" m="42026" /><G3/><T42/><D42/><U44/><E44/><V94/><F70/><W100/><G99/><T64/><D64/><AGARI ba="0,0" hai="56,58,60,62,64,65,77,78,84,85,86,87,89,94" machi="64" ten="40,18000,2" yaku="9,1,8,1,52,4" doraHai="81" who="2" fromWho="0" sc="277,-180,214,0,323,180,186,0" /><INIT seed="2,1,0,4,3,104" ten="97,214,503,186" oya="2" hai0="37,0,40,134,43,124,132,46,77,2,44,127,120" hai1="53,95,62,55,92,8,60,76,47,114,107,109,25" hai2="29,34,133,93,63,131,97,9,126,10,66,88,102" hai3="118,4,24,41,35,33,65,90,81,105,14,26,42"/><V135/><F126/><N who="0" m="48170" /><D77/><U99/><E107/><V13/><F131/><W54/><G105/><T78/><D78/><U129/><E8/><V21/><F34/><W61/><G35/><T69/><D0/><U103/><E25/><V22/><F9/><N who="3" m="4391" /><G33/><T27/><D27/><N who="3" m="10281" /><G118/><T94/><D94/><U48/><E76/><V31/><F102/><W68/><G68/><T83/><D83/><U130/><E114/><V32/><F32/><W101/><G101/><T112/><D2/><U73/><E103/><V128/><F128/><W30/><G30/><T125/><N who="0" m="48178" /><T20/><DORA hai="110" /><D20/><U96/><E48/><V106/><F106/><W98/><G98/><T115/><D69/><U121/><E99/><V36/><F21/><W119/><G119/><T57/><D57/><U74/><E96/><V23/><F22/><W56/><G65/><T52/><D52/><U17/><E129/><V59/><F23/><W45/><G45/><T100/><D100/><U87/><E47/><V15/><F15/><W116/><G116/><T82/><D82/><U1/><E1/><V3/><F3/><W67/><G67/><T58/><D58/><U122/><E130/><V108/><F29/><W85/><AGARI ba="1,0" hai="41,42,54,56,61,81,85,90" m="10281,4391" machi="85" ten="30,1100,0" yaku="8,1" doraHai="104,110" who="3" fromWho="3" sc="97,-4,214,-4,503,-6,186,14" /><INIT seed="3,0,0,2,4,79" ten="93,210,497,200" oya="3" hai0="43,130,42,111,63,114,19,108,120,56,6,4,34" hai1="0,14,15,66,89,75,7,106,84,73,128,104,13" hai2="61,117,99,40,20,126,85,80,53,48,18,11,8" hai3="94,5,95,57,133,55,105,110,107,98,30,71,51"/><W54/><G71/><T47/><D34/><U10/><E128/><V12/><F117/><W129/><G129/><T36/><D130/><U3/><E66/><V86/><F126/><W88/><G133/><T2/><D2/><U103/><E3/><V37/><F37/><W134/><G134/><T58/><D19/><U41/><E41/><V118/><F118/><W91/><G110/><T21/><D21/><U38/><E38/><V78/><F86/><W97/><G5/><T44/><D6/><U124/><E124/><V125/><F125/><W52/><G30/><T65/><D4/><U62/><E62/><V92/><F40/><W122/><G122/><T113/><D120/><U33/><E33/><V87/><F87/><W123/><G123/><T67/><D36/><U115/><E115/><V70/><F61/><W9/><G9/><T23/><D23/><U101/><E106/><AGARI ba="0,0" hai="51,52,54,55,57,88,91,94,95,97,98,105,106,107" machi="106" ten="40,7700,0" yaku="9,1,54,2" doraHai="79" who="3" fromWho="1" sc="93,0,210,-77,497,0,200,77" /><INIT seed="3,1,0,3,1,59" ten="93,133,497,277" oya="3" hai0="17,0,37,35,114,62,19,57,92,39,109,45,27" hai1="124,90,18,49,116,88,46,22,89,16,63,25,111" hai2="58,103,72,28,131,15,106,122,84,71,125,67,70" hai3="118,100,78,130,48,73,112,128,65,7,51,133,113"/><W40/><G73/><T95/><D0/><U29/><E111/><V99/><F72/><W2/><G78/><T86/><D109/><U85/><E124/><V32/><F125/><W50/><G100/><T117/><D117/><U1/><E1/><V14/><F58/><W108/><G108/><T55/><D114/><N who="3" m="44137" /><G7/><T115/><D115/><U47/><E116/><V97/><F122/><W31/><G31/><T98/><D45/><N who="1" m="16907" /><E49/><V75/><F75/><W127/><G2/><T126/><D126/><U3/><E3/><V11/><F99/><W76/><G76/><T123/><D123/><U119/><E119/><V20/><F84/><W110/><G127/><T41/><D41/><U107/><E107/><V60/><F20/><W26/><G26/><T23/><D35/><U42/><E42/><V80/><F80/><W34/><G34/><T134/><D134/><U56/><E85/><V38/><F15/><W79/><G118/><T104/><D104/><U6/><E6/><V13/><F14/><W52/><G110/><T102/><REACH who="0" step="1"/><D17/><REACH who="0" ten="83,133,497,277" step="2"/><U77/><E77/><V43/><F97/><W69/><G79/><T53/><D53/><AGARI ba="1,1" hai="16,18,22,25,29,53,56,63,88,89,90" m="16907" machi="53" ten="30,7700,0" yaku="8,1,52,1,54,2" doraHai="59" who="1" fromWho="0" sc="83,-80,133,90,497,0,277,0" owari="3,-49.7,223,-17.7,497,59.7,277,7.7" /></mjloggm>