<mjloggm ver="2.3"><GO type="225" lobby="0"/><UN n0="%E3%80%90%E8%92%BC%E7%90%89%E3%80%91" n1="%77%72%77%72%77%72%77%72" n2="%E3%83%B4%E3%82%A3%E3%83%AF%E3%82%B3%E3%82%B0%E3%83%8B" n3="%E5%A4%8F%E9%88%B4%E9%88%B4%E5%A4%8F" dan="16,16,17,16" rate="2171.18,2179.60,2205.72,2101.80" sx="F,M,M,F"/><TAIKYOKU oya="0"/><INIT seed="0,0,0,2,0,94" ten="250,250,250,250" oya="0" hai0="15,85,66,117,72,50,111,65,110,53,28,10,22" hai1="47,76,59,23,116,132,112,69,31,97,121,115,48" hai2="93,91,99,90,83,51,78,43,134,63,71,32,58" hai3="56,18,2,73,46,13,60,26,123,14,55,11,37"/><T35/><D72/><U34/><E116/><V114/><F134/><W36/><G73/><T125/><D35/><U54/><E121/><V8/><F114/><N who="1" m="43561" /><E132/><V131/><F131/><W3/><G123/><T86/><D117/><U135/><E135/><V100/><F32/><W61/><G26/><N who="0" m="16471" /><D125/><U17/><E69/><V0/><F71/><W120/><G120/><T127/><D127/><U124/><E76/><V98/><F0/><W81/><G37/><T21/><D21/><U79/><E79/><V89/><F8/><W30/><G81/><T80/><D65/><U24/><E124/><V5/><F5/><W104/><G30/><T109/><D66/><U92/><E47/><N who="2" m="26111" /><F78/><W44/><G104/><T4/><D80/><U9/><E9/><V33/><F33/><W45/><G36/><T41/><D41/><U67/><E67/><N who="2" m="39415" /><F83/><W40/><G40/><T42/><D42/><U7/><E7/><V133/><F133/><W57/><REACH who="3" step="1"/><G14/><REACH who="3" ten="250,250,250,240" step="2"/><T119/><D119/><U38/><E38/><V68/><F68/><W49/><G49/><T19/><D4/><U106/><E106/><V108/><F108/><W122/><G122/><T64/><D64/><AGARI ba="0,1" hai="2,3,11,13,18,44,45,46,55,56,57,60,61,64" machi="64" ten="40,1300,0" yaku="1,1,53,0" doraHai="94" doraHaiUra="74" who="3" fromWho="0" sc="250,-13,250,0,250,0,240,23" /><INIT seed="1,0,0,1,1,47" ten="237,250,250,263" oya="1" hai0="103,37,51,122,3,135,118,25,19,125,50,16,89" hai1="33,26,7,116,94,31,15,74,69,102,97,85,5" hai2="59,129,134,83,126,1,22,39,132,13,117,100,98" hai3="11,67,91,110,45,65,108,61,30,86,128,57,70"/><U9/><E116/><V104/><F117/><W101/><G101/><T133/><D118/><U131/><E131/><V92/><F1/><W20/><G128/><T76/><D3/><U42/><E74/><V21/><F129/><W95/><G11/><T4/><D4/><U109/><E109/><V12/><F39/><W28/><G67/><T55/><D37/><U84/><E69/><V115/><F126/><W93/><G70/><T87/><D125/><U66/><E66/><V48/><F115/><W80/><G45/><T120/><D76/><U40/><REACH who="1" step="1"/><E5/><REACH who="1" ten="237,240,250,263" step="2"/><V23/><F132/><W32/><G110/><T63/><D133/><U123/><E123/><N who="0" m="47145" /><D135/><U44/><E44/><V73/><F134/><W72/><G108/><T99/><D63/><U46/><E46/><V68/><F68/><W14/><G72/><T113/><D113/><U2/><E2/><V77/><F104/><W43/><G61/><T60/><D60/><U127/><E127/><V58/><REACH who="2" step="1"/><F59/><REACH who="2" ten="237,240,240,263" step="2"/><W90/><G57/><T18/><D55/><AGARI ba="0,2" hai="12,13,21,22,23,48,55,58,73,77,83,92,98,100" machi="55" ten="40,5200,0" yaku="1,1,2,1,52,1,53,0" doraHai="47" doraHaiUra="34" who="2" fromWho="0" sc="237,-52,240,0,240,72,263,0" /><INIT seed="2,0,0,4,0,64" ten="185,240,312,263" oya="2" hai0="39,30,67,85,66,133,119,49,42,126,41,63,68" hai1="3,124,8,94,103,11,110,127,50,130,72,106,58" hai2="0,65,24,83,86,117,60,123,118,88,122,56,74" hai3="12,10,43,82,47,14,15,22,31,17,52,36,95"/><V37/><F37/><W92/><G82/><T4/><D4/><U80/><E106/><V51/><F0/><W73/><G73/><T113/><D30/><U61/><E3/><V71/><F74/><W125/><G125/><N who="1" m="48202" /><E110/><V59/><F24/><W28/><G28/><T89/><D126/><U96/><E130/><V109/><F109/><W16/><G31/><T9/><D9/><U62/><E50/><V13/><F13/><W25/><G25/><T26/><D26/><U115/><E115/><V104/><F104/><W33/><G33/><T102/><D102/><U108/><E108/><V132/><F132/><W1/><G1/><T44/><D113/><U87/><E72/><V34/><F34/><W98/><G98/><T45/><D66/><N who="1" m="39223" /><E62/><V35/><F35/><W107/><G107/><T120/><D133/><U20/><E20/><V116/><REACH who="2" step="1"/><F51/><REACH who="2" ten="185,240,302,263" step="2"/><W19/><G15/><T32/><D32/><U55/><E8/><V75/><F75/><W134/><G134/><T57/><D119/><U69/><E11/><V90/><F90/><W131/><G131/><T114/><D114/><U27/><E27/><V97/><F97/><W38/><G36/><T21/><D21/><U2/><E2/><V111/><F111/><W101/><G17/><T77/><D89/><U78/><E103/><V70/><F70/><W121/><G101/><T6/><D68/><U54/><E69/><V53/><F53/><W93/><G52/><T23/><D23/><U76/><E76/><V7/><F7/><W129/><G129/><T105/><D77/><U40/><E40/><N who="0" m="15465" /><D105/><U135/><E135/><RYUUKYOKU ba="0,1" sc="185,-30,240,10,302,10,263,10" hai1="54,55,78,80,87,94,96" hai2="56,59,60,65,71,83,86,88,116,117,118,122,123" hai3="10,12,14,16,19,22,38,43,47,92,93,95,121" /><INIT seed="2,1,1,5,2,131" ten="155,250,312,273" oya="2" hai0="0,84,28,55,65,67,13,93,90,38,59,14,33" hai1="18,2,134,7,100,11,116,117,60,104,79,1,135" hai2="132,21,72,123,130,126,77,4,35,3,9,108,52" hai3="107,86,26,62,5,45,31,30,71,119,56,12,8"/><V23/><F123/><W50/><G119/><T43/><D0/><N who="1" m="487" /><E79/><V29/><F130/><W51/><G107/><T53/><D53/><U91/><E91/><V41/><F126/><W57/><G71/><T32/><D43/><U87/><E87/><V49/><F41/><N who="3" m="24879" /><G26/><T96/><D38/><U66/><E60/><V46/><F108/><W54/><G86/><T44/><D44/><U63/><E63/><V105/><F105/><W78/><G78/><T47/><D47/><U127/><E66/><AGARI ba="1,1" hai="5,8,12,30,31,51,54,56,57,62,66" m="24879" machi="66" ten="30,1000,0" yaku="8,1" doraHai="131" who="3" fromWho="1" sc="155,0,250,-13,312,0,273,23" /><INIT seed="3,0,0,3,5,14" ten="155,237,312,296" oya="3" hai0="123,1,79,7,67,33,52,88,42,90,27,129,125" hai1="45,55,56,102,43,34,40,100,39,44,22,97,84" hai2="94,96,17,76,103,78,0,23,16,24,12,32,30" hai3="63,31,37,111,10,112,127,108,106,58,71,38,50"/><W62/><G112/><T133/><D123/><U29/><E84/><V115/><F115/><W51/><G106/><T99/><D133/><U121/><E121/><V73/><F73/><W49/><G31/><T132/><D132/><U6/><E34/><V83/><F0/><W98/><G98/><T124/><D129/><U48/><E6/><V81/><REACH who="2" step="1"/><F17/><REACH who="2" ten="155,237,302,296" step="2"/><W92/><G127/><T104/><D124/><U131/><E131/><V72/><F72/><W21/><G10/><T2/><D125/><U19/><E29/><V54/><F54/><N who="3" m="34135" /><G21/><T135/><D135/><U28/><E28/><V65/><F65/><N who="3" m="41407" /><G92/><T35/><D67/><U5/><E5/><V116/><F116/><W8/><G8/><T82/><D7/><U75/><E75/><V109/><F109/><AGARI ba="0,1" hai="37,38,49,50,51,108,109,111" m="41407,34135" machi="109" ten="30,11600,0" yaku="14,1,10,1,34,2" doraHai="14" who="3" fromWho="2" sc="155,0,237,0,302,-116,296,126" owari="155,-34.5,237,3.7,186,-21.4,422,52.2" /></mjloggm>