<mjloggm ver="2.3"><GO type="225" lobby="0"/><UN n0="%E5%91%A8%E6%9D%B1" n1="%E3%83%81%E3%83%A7%E3%83%99%E3%83%83%E3%82%AF" n2="%E3%81%99%E3%81%84%E3%81%BE%E3%81%9B%E3%83%BC%E3%82%93" n3="%E7%99%BD%E5%80%89%E5%AF%9B%E4%B9%8B" dan="16,16,18,16" rate="2144.53,2121.16,2250.17,2133.43" sx="M,M,M,M"/><TAIKYOKU oya="0"/><INIT seed="0,0,0,1,0,87" ten="250,250,250,250" oya="0" hai0="46,39,79,135,133,105,51,130,34,24,115,125,9" hai1="124,117,82,92,32,19,50,11,89,7,123,2,76" hai2="4,47,122,77,88,72,3,104,83,108,60,49,35" hai3="101,18,119,55,52,111,126,121,58,95,69,57,37"/><T134/><D105/><U40/><E123/><V114/><F122/><W41/><G121/><T90/><D115/><U98/><E124/><V132/><F114/><W6/><G126/><T26/><D125/><U30/><E117/><V53/><F35/><W127/><G127/><T43/><D130/><U13/><E40/><V17/><F132/><W81/><G69/><T63/><D79/><U8/><E50/><V45/><F104/><W107/><G107/><T22/><D9/><U48/><E48/><V73/><F73/><W65/><G65/><T118/><D118/><U27/><E82/><V25/><F108/><W44/><G6/><T80/><D63/><U70/><E76/><V99/><F60/><W21/><G111/><T68/><D68/><U120/><E70/><V12/><F47/><W23/><G81/><T116/><D116/><U94/><E94/><N who="2" m="56775" /><F3/><W61/><G119/><T5/><D5/><U96/><REACH who="1" step="1"/><E120/><REACH who="1" ten="250,240,250,250" step="2"/><V38/><F49/><W128/><G41/><T59/><D51/><U110/><E110/><V103/><F83/><W109/><G95/><T31/><D59/><U67/><E67/><V33/><F77/><W131/><G109/><T85/><REACH who="0" step="1"/><D134/><REACH who="0" ten="240,240,250,250" step="2"/><U28/><E28/><AGARI ba="0,2" hai="22,24,26,28,31,34,39,43,46,80,85,90,133,135" machi="28" ten="40,12000,1" yaku="1,1,2,1,52,1,53,1" doraHai="87" doraHaiUra="86" who="0" fromWho="1" sc="240,140,240,-120,250,0,250,0" /><INIT seed="0,1,0,5,4,124" ten="380,120,250,250" oya="0" hai0="13,73,95,113,102,87,91,72,110,126,52,28,88" hai1="53,7,48,108,121,105,133,6,103,4,30,23,60" hai2="80,2,116,16,9,78,35,134,112,36,38,70,17" hai3="104,47,3,94,115,128,26,5,20,32,63,100,114"/><T77/><D113/><U119/><E121/><V21/><F112/><N who="3" m="43051" /><G94/><T8/><D126/><U131/><E119/><V27/><F116/><W25/><G63/><T68/><D68/><U41/><E108/><V66/><F134/><W118/><G47/><T43/><D110/><U83/><E133/><V14/><F35/><W49/><G49/><T19/><D77/><U44/><E105/><V109/><F109/><W127/><G100/><T65/><D65/><U98/><E103/><V86/><REACH who="2" step="1"/><F2/><REACH who="2" ten="380,120,240,250" step="2"/><W90/><G118/><T59/><D73/><U75/><E98/><V45/><F45/><W51/><G127/><T111/><D72/><U101/><E101/><V64/><F64/><W24/><G32/><T55/><D102/><U61/><E75/><V50/><F50/><W11/><G104/><T107/><D107/><U69/><E41/><V12/><F12/><W84/><G51/><T130/><D43/><U106/><E106/><V71/><F71/><W97/><G97/><T42/><D42/><U29/><E69/><V132/><F132/><W56/><G56/><T123/><D59/><U54/><E44/><V31/><F31/><W81/><G26/><T46/><D46/><U129/><E48/><V67/><F67/><W40/><G40/><T18/><D111/><U92/><E30/><V62/><AGARI ba="1,1" hai="9,14,16,17,21,27,36,38,62,66,70,78,80,86" machi="62" ten="30,8000,1" yaku="1,1,0,1,54,1,53,2" doraHai="124" doraHaiUra="15" who="2" fromWho="2" sc="380,-41,120,-21,240,93,250,-21" /><INIT seed="1,0,0,2,3,104" ten="339,99,333,229" oya="1" hai0="13,54,123,50,82,74,127,67,9,75,25,98,10" hai1="23,115,113,134,90,14,33,116,103,126,24,26,34" hai2="6,125,112,124,102,39,17,79,93,132,5,100,48" hai3="77,37,84,27,70,55,53,16,110,108,46,128,49"/><U57/><E103/><V61/><F39/><W106/><G106/><T73/><D127/><N who="2" m="48714" /><F132/><W81/><G70/><T20/><D123/><U72/><E126/><V2/><F112/><N who="1" m="43081" /><E90/><V62/><F2/><W51/><G37/><T59/><D67/><U30/><E72/><V71/><F17/><W42/><G128/><T11/><D98/><U122/><E57/><V36/><F36/><W80/><G80/><T43/><D43/><U76/><E76/><V105/><F105/><W65/><G65/><T44/><D82/><U118/><E122/><V97/><F102/><W94/><G94/><T28/><REACH who="0" step="1"/><D59/><REACH who="0" ten="329,99,333,229" step="2"/><U66/><E134/><V41/><F97/><W95/><G95/><T109/><D109/><U92/><E66/><V31/><F93/><W89/><G42/><T63/><D63/><U12/><E92/><V29/><F41/><W119/><G110/><T68/><D68/><U86/><E86/><V19/><F62/><W131/><G108/><T1/><D1/><U22/><E118/><V7/><F71/><W107/><G107/><T114/><D114/><U8/><E116/><V40/><F61/><W32/><G119/><T129/><D129/><U64/><E64/><V96/><F96/><W135/><G131/><T35/><D35/><N who="1" m="13323" /><E8/><V45/><F40/><W121/><G81/><T78/><D78/><U58/><E58/><V120/><F79/><W60/><G77/><T133/><D133/><U99/><E99/><V130/><F120/><W83/><G121/><T87/><D87/><U117/><E117/><V88/><F130/><W47/><G135/><T85/><D85/><RYUUKYOKU ba="0,1" sc="329,15,99,15,333,-15,229,-15" hai0="9,10,11,13,20,25,28,44,50,54,73,74,75" hai1="12,14,22,23,24,26,30" /><INIT seed="1,1,1,3,1,109" ten="344,114,318,214" oya="1" hai0="79,14,71,127,118,50,76,107,89,125,2,108,26" hai1="41,45,32,113,117,29,57,25,111,8,11,82,54" hai2="49,51,0,15,102,85,17,62,132,67,40,77,92" hai3="48,103,59,115,95,81,7,131,128,66,90,60,93"/><U129/><E117/><V80/><F0/><W135/><G135/><T12/><D2/><U19/><E111/><V114/><F132/><W36/><G36/><T87/><D118/><U73/><E129/><N who="3" m="49738" /><G7/><T74/><D71/><U78/><E113/><V22/><F114/><W5/><G5/><T43/><D26/><U97/><E97/><N who="2" m="59687" /><F40/><W126/><G126/><N who="0" m="48139" /><D107/><U88/><E19/><V64/><F62/><W47/><G115/><T122/><D122/><U69/><E69/><V44/><F44/><W105/><G103/><T63/><D63/><U37/><REACH who="1" step="1"/><E88/><REACH who="1" ten="344,104,318,214" step="2"/><V4/><F4/><W99/><G99/><T6/><D6/><U133/><E133/><V24/><F24/><W9/><G105/><T39/><D108/><U83/><E83/><V42/><F80/><W98/><G98/><T28/><D89/><U20/><E20/><V65/><F22/><W110/><G81/><T134/><D134/><U1/><E1/><V55/><F17/><W27/><G90/><T30/><D14/><U18/><E18/><V10/><F15/><W68/><G68/><T106/><D12/><U46/><E46/><N who="2" m="25815" /><F10/><W91/><G91/><T52/><D30/><U53/><E53/><V101/><F101/><W56/><G110/><T70/><D28/><U86/><E86/><V33/><F85/><W38/><G47/><N who="0" m="24063" /><D87/><U31/><E31/><V96/><F96/><W100/><G100/><T34/><D70/><U75/><E75/><V16/><F16/><W84/><G84/><T123/><D74/><U72/><E72/><V119/><F119/><W121/><G27/><T61/><D52/><RYUUKYOKU ba="1,2" sc="344,-10,104,30,318,-10,214,-10" hai1="8,11,25,29,32,37,41,45,54,57,73,78,82" /><INIT seed="1,2,2,1,3,65" ten="334,134,308,204" oya="1" hai0="126,114,18,4,68,30,22,121,111,38,134,89,130" hai1="49,57,125,19,77,82,52,110,59,104,124,99,45" hai2="35,98,73,100,2,78,14,103,5,120,118,128,0" hai3="106,88,8,119,51,17,91,83,105,132,109,15,93"/><U102/><E19/><V56/><F118/><W60/><G119/><T16/><D114/><U54/><E110/><V63/><F35/><W53/><G109/><T79/><D38/><U70/><E70/><V135/><F120/><W24/><G132/><T39/><D39/><U29/><E29/><V75/><F135/><W9/><G60/><T10/><D111/><U123/><E123/><V40/><F40/><W81/><G24/><T131/><D121/><U127/><REACH who="1" step="1"/><E54/><REACH who="1" ten="334,124,308,204" step="2"/><V41/><F128/><W115/><G53/><T61/><D68/><U66/><E66/><V43/><F5/><W84/><G17/><T20/><D30/><U42/><E42/><V25/><F43/><W44/><G115/><T7/><D18/><U34/><E34/><V71/><F41/><W95/><G8/><T11/><D16/><U116/><E116/><V1/><F71/><W3/><G9/><T117/><D117/><U85/><AGARI ba="2,3" hai="45,49,52,57,59,77,82,85,99,102,104,124,125,127" machi="85" ten="30,12000,1" yaku="1,1,0,1,18,1,54,1,53,1" doraHai="65" doraHaiUra="74" who="1" fromWho="1" sc="334,-42,124,156,308,-42,204,-42" /><INIT seed="1,3,0,3,4,119" ten="292,280,266,162" oya="1" hai0="124,69,27,4,132,26,42,32,54,29,96,50,59" hai1="6,108,74,107,116,33,9,45,60,34,72,12,78" hai2="56,88,86,66,110,118,91,39,93,71,11,1,58" hai3="127,85,38,87,62,121,131,99,23,21,84,5,18"/><U25/><E116/><V98/><F118/><W105/><G38/><T73/><D124/><U104/><E108/><V40/><F110/><W2/><G127/><T30/><D132/><U35/><E25/><V128/><F128/><W129/><G62/><T114/><D114/><U28/><E28/><V135/><F135/><W100/><G5/><T16/><D73/><U53/><E74/><V22/><F71/><W125/><G2/><T111/><D111/><U82/><E60/><V55/><F40/><W106/><G125/><T68/><D4/><U117/><E117/><V130/><F39/><W81/><G81/><T89/><D42/><U36/><E53/><V0/><F11/><W7/><G7/><T64/><D64/><U80/><E80/><V126/><F130/><N who="3" m="49675" /><G105/><T113/><D113/><U46/><E46/><V24/><F126/><W75/><G75/><T61/><D50/><U101/><E101/><V49/><F1/><W77/><G77/><T76/><D76/><U20/><E20/><N who="3" m="7754" /><G18/><T51/><D51/><U79/><E78/><V134/><F0/><W109/><G109/><T3/><D3/><U19/><E6/><V48/><F134/><W65/><G65/><T120/><D29/><U17/><E17/><N who="2" m="12367" /><F66/><W115/><G115/><T67/><D67/><U43/><AGARI ba="3,0" hai="9,12,19,33,34,35,36,43,45,72,79,82,104,107" machi="43" ten="40,2100,0" yaku="0,1" doraHai="119" who="1" fromWho="1" sc="292,-10,280,30,266,-10,162,-10" /><INIT seed="1,4,0,4,2,58" ten="282,310,256,152" oya="1" hai0="94,2,81,98,36,21,26,92,106,44,85,39,124" hai1="112,73,126,17,83,48,130,79,7,49,96,99,87" hai2="53,59,61,104,65,34,78,15,6,46,27,38,64" hai3="76,120,125,40,10,108,68,91,134,107,35,67,19"/><U100/><E112/><V122/><F122/><W114/><G76/><T52/><D124/><U63/><E7/><V14/><F104/><W11/><G91/><T93/><D2/><U1/><E1/><V113/><F113/><W42/><G114/><T66/><D66/><U101/><E130/><V109/><F109/><W12/><G107/><T62/><D106/><U47/><E48/><V41/><F78/><W75/><G75/><T131/><D131/><U9/><E73/><V50/><F6/><W89/><G108/><T8/><D8/><U29/><E29/><N who="2" m="19775" /><F65/><W33/><G125/><T121/><D121/><U115/><E115/><V117/><F117/><W102/><G102/><N who="1" m="39530" /><E9/><V57/><F57/><W55/><G120/><T3/><D3/><U116/><E17/><V25/><F25/><W119/><G119/><T4/><D4/><U51/><E51/><V23/><F23/><W0/><G0/><T56/><D44/><U30/><E30/><V86/><F38/><W71/><G19/><T74/><D74/><U69/><E116/><V95/><F46/><W18/><G18/><N who="0" m="12599" /><D39/><U80/><E126/><V118/><F118/><W123/><G123/><T97/><D36/><U54/><E80/><V28/><F28/><W31/><G31/><T32/><D32/><U16/><E16/><V132/><F132/><W45/><G134/><T20/><D20/><U60/><E69/><N who="2" m="42127" /><F41/><N who="3" m="15979" /><G68/><T103/><D103/><U90/><E79/><AGARI ba="4,0" hai="52,56,62,79,81,85,92,93,94,97,98" m="12599" machi="79" ten="30,3900,0" yaku="8,1,52,1,54,1" doraHai="58" who="0" fromWho="1" sc="282,51,310,-51,256,0,152,0" /><INIT seed="2,0,0,1,1,87" ten="333,259,256,152" oya="2" hai0="116,131,79,100,19,101,54,56,39,51,7,10,3" hai1="4,52,20,9,84,22,94,90,119,74,110,6,66" hai2="132,37,120,62,134,103,85,69,21,123,88,38,125" hai3="82,26,25,12,95,72,16,59,121,13,108,14,115"/><V130/><F125/><W127/><G127/><T102/><D39/><U78/><E110/><V98/><F130/><W71/><G71/><T89/><D131/><U106/><E106/><V30/><F30/><W105/><G105/><T113/><D113/><U42/><E66/><N who="2" m="41175" /><F21/><W28/><G108/><T57/><D79/><U46/><E119/><V48/><F48/><W61/><G115/><T118/><D19/><U53/><E74/><V36/><F98/><W109/><G109/><T64/><D64/><U73/><E78/><V114/><F103/><W18/><G121/><T122/><D122/><U126/><E73/><V83/><F114/><W81/><G72/><T50/><D89/><U117/><E117/><N who="0" m="45161" /><D51/><N who="1" m="27095" /><E126/><V92/><F92/><W112/><G112/><T86/><D86/><U77/><E77/><V96/><F96/><W15/><N who="3" m="3072" /><DORA hai="47" /><W55/><G95/><T76/><D76/><U91/><E91/><V41/><F41/><W80/><REACH who="3" step="1"/><G26/><REACH who="3" ten="333,259,256,142" step="2"/><T107/><D107/><U63/><E9/><V75/><F75/><W68/><G68/><T11/><D11/><U67/><E4/><V49/><F123/><W31/><G31/><T27/><D27/><U60/><E6/><V99/><F120/><W70/><G70/><T135/><D10/><U133/><E94/><V128/><F128/><W40/><G40/><T58/><D7/><U0/><E0/><V129/><F129/><W44/><G44/><N who="0" m="27975" /><D3/><U5/><E5/><V24/><F24/><W32/><AGARI ba="0,1" hai="16,18,25,28,32,55,59,61,80,81,82" m="3072" machi="32" ten="50,6400,0" yaku="1,1,0,1,54,1,53,0" doraHai="87,47" doraHaiUra="34,35" who="3" fromWho="3" sc="333,-16,259,-16,256,-32,142,74" /><INIT seed="3,0,0,3,2,70" ten="317,243,224,216" oya="3" hai0="118,64,105,2,47,57,131,106,96,21,17,44,24" hai1="3,125,68,1,18,109,60,51,34,63,13,74,65" hai2="127,32,12,114,104,121,59,15,111,35,22,110,72" hai3="113,61,5,94,29,16,4,126,102,71,36,86,80"/><W10/><G113/><T73/><D73/><U87/><E74/><V115/><F72/><W116/><G116/><T30/><D2/><U93/><E34/><N who="2" m="12843" /><F104/><W117/><G117/><T81/><D131/><U95/><E125/><V78/><F78/><N who="3" m="46359" /><G36/><T82/><D106/><U119/><E109/><N who="2" m="41483" /><F127/><W49/><G126/><T38/><D105/><U31/><E60/><V23/><F59/><W76/><G71/><T69/><D69/><U91/><E31/><V14/><F121/><W28/><G76/><T99/><D30/><N who="3" m="11881" /><G49/><T26/><D118/><U7/><E119/><V77/><F77/><W107/><G61/><N who="0" m="37935" /><D38/><U39/><E39/><V124/><F124/><W123/><G107/><T133/><D133/><U37/><E37/><V128/><F128/><W132/><G132/><T45/><D26/><U67/><E51/><V54/><F54/><W101/><G123/><T0/><D0/><U27/><E65/><V6/><F6/><N who="3" m="2667" /><G94/><T108/><D108/><U100/><E1/><V92/><F92/><W58/><G58/><T41/><D41/><U103/><E3/><V9/><F9/><W20/><G10/><T66/><D66/><U79/><E95/><V75/><F75/><W53/><G53/><T90/><D82/><U112/><E79/><V62/><F62/><W97/><G97/><T46/><N who="0" m="11264" /><DORA hai="52" /><T33/><D33/><U120/><E120/><V43/><F43/><W50/><G50/><T56/><D56/><U8/><E112/><AGARI ba="0,0" hai="12,14,15,22,23,112,114,115" m="41483,12843" machi="112" ten="40,8000,1" yaku="28,2,14,1,34,2" doraHai="70,52" who="2" fromWho="1" sc="317,0,243,-80,224,80,216,0" owari="317,41.7,163,-33.7,304,10.4,216,-18.4" /></mjloggm>