<mjloggm ver="2.3"><GO type="225" lobby="0"/><UN n0="%E5%B8%86%E7%AB%8B%E5%A4%8F%E8%A1%A3" n1="%E3%81%93%E3%81%9F%E3%82%8D%E3%81%86%E3%81%8F%E3%82%93" n2="%E3%81%BF%E3%81%BF%E3%81%9A" n3="%E3%82%B2%E3%82%B9%E8%8C%82%E5%8B%9D" dan="17,16,17,16" rate="2237.94,2055.54,2280.12,2129.69" sx="M,M,M,F"/><TAIKYOKU oya="0"/><INIT seed="0,0,0,0,0,67" ten="250,250,250,250" oya="0" hai0="78,112,19,95,44,47,10,134,127,90,42,74,99" hai1="41,83,82,30,36,61,8,108,75,13,122,125,111" hai2="48,105,71,96,120,101,94,69,33,109,97,15,70" hai3="131,135,34,26,11,88,14,25,81,114,102,132,12"/><T126/><D112/><U49/><E122/><V106/><F120/><W56/><G114/><T51/><D134/><N who="3" m="51241" /><G102/><T43/><D78/><U59/><E36/><V85/><F109/><N who="1" m="42057" /><E30/><V5/><F33/><W65/><G131/><T86/><D74/><U63/><E125/><V80/><F97/><W29/><G25/><T92/><D19/><N who="1" m="8615" /><E75/><V110/><F110/><W21/><G34/><T31/><D10/><U58/><E58/><V55/><F15/><W32/><G32/><T104/><D104/><U3/><E3/><V72/><F5/><W79/><G79/><T46/><D31/><U2/><E2/><V38/><F38/><W1/><G1/><T40/><REACH who="0" step="1"/><D51/><REACH who="0" ten="240,250,250,250" step="2"/><U39/><E39/><V124/><F72/><W128/><G11/><T66/><D66/><N who="1" m="39231" /><E63/><V24/><F124/><W23/><G29/><T91/><AGARI ba="0,1" hai="40,42,43,44,46,47,86,90,91,92,95,99,126,127" machi="91" ten="40,3900,0" yaku="1,1,0,1,53,0" doraHai="67" doraHaiUra="115" who="0" fromWho="0" sc="240,49,250,-13,250,-13,250,-13" /><INIT seed="0,1,0,3,4,103" ten="289,237,237,237" oya="0" hai0="74,135,106,14,94,92,54,28,53,119,78,10,79" hai1="98,57,81,43,66,46,19,108,127,11,44,47,42" hai2="59,99,2,105,67,134,124,16,80,104,20,18,40" hai3="41,76,82,5,55,112,32,36,62,118,95,123,109"/><T91/><D135/><U61/><E108/><V9/><F40/><W65/><G109/><T6/><D119/><U75/><E127/><V132/><F124/><W26/><G112/><T133/><D133/><N who="2" m="51306" /><F80/><W30/><G118/><T3/><D106/><N who="2" m="41066" /><F99/><W37/><G123/><T60/><D3/><U125/><E125/><V63/><F20/><W126/><G126/><T107/><D107/><U85/><E81/><V101/><F101/><W34/><G34/><T58/><D74/><U21/><E98/><V129/><F129/><W96/><G55/><T0/><D0/><U13/><E85/><V22/><F22/><W48/><G82/><T70/><D70/><U121/><E75/><V15/><F2/><W93/><G76/><T49/><D28/><U83/><E83/><V27/><F27/><W31/><G31/><T4/><D94/><U117/><E117/><V17/><AGARI ba="1,0" hai="9,15,16,17,18,59,63,67" m="41066,51306" machi="17" ten="40,8000,1" yaku="20,1,52,3,54,1" doraHai="103" who="2" fromWho="2" sc="289,-41,237,-21,237,83,237,-21" /><INIT seed="1,0,0,3,4,7" ten="248,216,320,216" oya="1" hai0="4,96,124,20,100,77,120,41,72,80,2,127,97" hai1="87,111,32,99,19,38,103,115,86,118,15,28,102" hai2="60,71,47,133,121,69,129,25,126,73,36,76,107" hai3="22,64,50,27,30,62,132,95,12,75,54,113,84"/><U128/><E118/><V14/><F121/><W110/><G110/><T55/><D120/><U45/><E115/><V88/><F107/><W122/><G132/><T10/><D55/><U9/><E111/><V48/><F133/><W131/><G131/><T85/><D85/><U66/><E128/><V82/><F129/><W29/><G113/><T26/><D41/><U21/><E102/><V40/><F126/><N who="0" m="48170" /><D100/><U52/><E66/><V59/><F36/><W114/><G114/><T89/><D89/><U17/><E28/><AGARI ba="0,0" hai="2,4,10,20,26,28,72,77,80,96,97" m="48170" machi="28" ten="30,2000,0" yaku="18,1,52,1" doraHai="7" who="0" fromWho="1" sc="248,20,216,-20,320,0,216,0" /><INIT seed="2,0,0,3,1,131" ten="268,196,320,216" oya="2" hai0="20,98,30,56,96,97,48,11,104,64,58,109,40" hai1="115,123,71,77,31,92,81,106,79,29,72,135,26" hai2="129,125,38,93,5,33,14,133,6,23,117,91,102" hai3="19,53,15,127,83,74,63,21,47,122,7,52,54"/><V94/><F117/><W111/><G111/><T46/><D104/><U114/><E31/><V80/><F33/><W41/><G127/><T12/><D109/><U28/><E28/><V67/><F38/><W4/><G122/><T88/><D64/><U0/><E92/><V78/><F129/><W128/><G128/><T45/><D45/><U42/><E123/><V119/><F125/><W35/><G35/><T113/><D113/><U22/><E79/><V49/><F67/><W62/><G74/><T75/><D75/><U37/><E71/><V70/><F70/><W124/><G83/><T130/><D130/><U103/><E0/><V132/><F102/><W9/><G124/><T73/><D73/><U60/><E60/><V121/><F49/><W108/><G108/><T8/><D8/><U17/><E17/><N who="2" m="10679" /><F121/><W39/><REACH who="3" step="1"/><G4/><REACH who="3" ten="268,196,320,206" step="2"/><T68/><D68/><U120/><E120/><V118/><F119/><W16/><G16/><N who="0" m="8223" /><D88/><U89/><E89/><V25/><F118/><W10/><G10/><T107/><D107/><U36/><E106/><V27/><F6/><W126/><G126/><T134/><D30/><U1/><E103/><V99/><F5/><W51/><G51/><T3/><D20/><U66/><E37/><V86/><F94/><W50/><G50/><T84/><D48/><U32/><E36/><V116/><F116/><W55/><N who="3" m="13312" /><DORA hai="95" /><W44/><G44/><T110/><D46/><U61/><E29/><V34/><F34/><W43/><G43/><T76/><D40/><U112/><E42/><V59/><F80/><W100/><G100/><T57/><D110/><RYUUKYOKU ba="0,1" sc="268,-10,196,-10,320,-10,206,30" hai3="7,9,15,19,21,39,41,47,62,63" /><INIT seed="3,1,1,1,1,34" ten="258,186,310,236" oya="3" hai0="79,2,90,115,133,56,36,64,47,132,116,120,25" hai1="106,88,72,11,84,8,93,53,107,135,69,74,24" hai2="71,31,114,29,50,33,78,111,41,4,52,75,14" hai3="94,6,123,44,125,85,97,19,104,110,131,43,77"/><W42/><G123/><T91/><D120/><U58/><E69/><V127/><F114/><W18/><G125/><T98/><D116/><U108/><E108/><V82/><F71/><W3/><G104/><T67/><D79/><U70/><E70/><V80/><F111/><W26/><G131/><T1/><D25/><U27/><E135/><N who="0" m="51785" /><D115/><U130/><E130/><V117/><F41/><W63/><G63/><N who="0" m="37991" /><D67/><U126/><E126/><V30/><F127/><W124/><G124/><T100/><D91/><U48/><E27/><V17/><F117/><W68/><G68/><T12/><D12/><U73/><REACH who="1" step="1"/><E24/><REACH who="1" ten="258,176,310,236" step="2"/><V66/><F31/><W103/><G110/><T59/><D59/><U105/><AGARI ba="1,2" hai="8,11,48,53,58,72,73,74,84,88,93,105,106,107" machi="105" ten="40,8000,1" yaku="1,1,2,1,0,1,54,1,53,0" doraHai="34" doraHaiUra="57" who="1" fromWho="1" sc="258,-21,176,103,310,-21,236,-41" /><INIT seed="4,0,0,4,1,40" ten="237,279,289,195" oya="0" hai0="43,23,92,25,109,68,78,111,60,110,112,45,31" hai1="128,53,21,17,134,10,30,22,66,103,14,58,33" hai2="77,98,27,71,125,122,8,20,70,6,9,57,65" hai3="12,118,26,64,83,87,82,84,32,75,132,0,59"/><T69/><D112/><U131/><E134/><V94/><F122/><W11/><G132/><T80/><D92/><U16/><E66/><V96/><F125/><W4/><G118/><T88/><D60/><U90/><E103/><V29/><F77/><W34/><G75/><T85/><D78/><U115/><E115/><V106/><F106/><W67/><G0/><T124/><D124/><U42/><E42/><V91/><F9/><W52/><G32/><T2/><D2/><U74/><E74/><V104/><F57/><W49/><G67/><T1/><D1/><U119/><E119/><V79/><F79/><W129/><G129/><N who="1" m="49738" /><E90/><V97/><F65/><W15/><G64/><T101/><D101/><U116/><E17/><V72/><F72/><W46/><G59/><T127/><D127/><U41/><E41/><V61/><F61/><W126/><G126/><T44/><D44/><U108/><E116/><V99/><REACH who="2" step="1"/><F104/><REACH who="2" ten="237,279,279,195" step="2"/><W37/><G82/><T7/><D7/><U18/><E10/><V113/><F113/><W73/><G73/><T89/><D89/><U51/><E58/><V63/><F63/><W76/><G37/><AGARI ba="0,1" hai="23,25,31,37,43,45,68,69,80,85,88,109,110,111" machi="37" ten="40,7700,0" yaku="10,1,52,1,54,1" doraHai="40" who="0" fromWho="3" sc="237,87,279,0,279,0,195,-77" owari="324,42.4,279,7.9,279,-12.1,118,-38.2" /></mjloggm>