<mjloggm ver="2.3"><GO type="225" lobby="0"/><UN n0="%E7%99%BD%E5%80%89%E5%AF%9B%E4%B9%8B" n1="%E5%B6%BA%E4%B8%8A%E5%92%B2" n2="%E3%83%96%E3%83%83%E3%83%91%E3%82%AA%E3%83%96%E3%83%81%E3%82%AD%E3%83%B3" n3="%E9%81%A0%E8%BF%91%E9%99%B0%E6%99%B4%E7%9A%86%E5%85%A5%E5%BF%83" dan="16,16,17,16" rate="2178.84,2128.24,2181.98,2097.80" sx="M,F,M,F"/><TAIKYOKU oya="0"/><INIT seed="0,0,0,5,1,51" ten="250,250,250,250" oya="0" hai0="47,91,120,117,26,16,109,40,37,80,31,118,61" hai1="56,63,17,5,72,88,2,115,101,52,3,44,110" hai2="73,131,128,84,25,20,106,60,32,13,124,105,28" hai3="23,102,89,113,71,11,75,119,96,54,111,121,114"/><T45/><D120/><U126/><E110/><V29/><F73/><W39/><G119/><T38/><D109/><U4/><E126/><V104/><F124/><W135/><G111/><T49/><D61/><U27/><E72/><V19/><F29/><W74/><G121/><T59/><D59/><U92/><E115/><V76/><REACH who="2" step="1"/><F60/><REACH who="2" ten="250,250,240,250" step="2"/><W122/><G75/><T99/><D31/><U6/><E2/><V82/><AGARI ba="0,1" hai="13,19,20,25,28,32,76,82,84,104,105,106,128,131" machi="82" ten="40,5200,0" yaku="1,1,2,1,0,1,53,0" doraHai="51" doraHaiUra="1" who="2" fromWho="2" sc="250,-26,250,-13,240,62,250,-13" /><INIT seed="1,0,0,1,3,88" ten="224,237,302,237" oya="1" hai0="25,81,112,16,134,17,39,51,32,101,52,125,3" hai1="133,82,7,35,93,42,132,135,56,34,89,114,111" hai2="91,6,66,61,41,55,54,37,96,44,97,103,58" hai3="33,22,86,49,119,69,131,46,68,128,109,130,98"/><U122/><E114/><V43/><F6/><W29/><G109/><T36/><D3/><U123/><E42/><V15/><F15/><W62/><G119/><T72/><D112/><U57/><E111/><V70/><F43/><W80/><G98/><T115/><D115/><U60/><E82/><V74/><F74/><W31/><G22/><T19/><D125/><U40/><E7/><V0/><F0/><W59/><G69/><T90/><D101/><U76/><E76/><V71/><F71/><W124/><G68/><T5/><D5/><U116/><E40/><V79/><F79/><W20/><G20/><T78/><D134/><U75/><E75/><V4/><F4/><W102/><G102/><T108/><D108/><U106/><E106/><V1/><F1/><W14/><G14/><T30/><REACH who="0" step="1"/><D90/><REACH who="0" ten="214,237,302,237" step="2"/><U48/><E116/><V8/><F103/><W100/><G100/><T129/><D129/><U121/><E121/><V73/><F91/><N who="3" m="51655" /><G124/><T13/><D13/><U11/><E123/><V26/><F73/><W127/><G127/><T92/><D92/><U113/><E122/><V27/><F27/><W2/><G2/><T87/><D87/><N who="1" m="52415" /><E113/><V38/><F26/><W65/><G33/><T120/><D120/><U12/><E12/><V10/><F37/><W126/><G126/><T95/><D95/><U110/><E110/><V84/><F10/><W18/><G18/><T105/><D105/><U9/><E34/><V64/><F8/><W45/><G45/><AGARI ba="0,1" hai="16,17,19,25,30,32,36,39,45,51,52,72,78,81" machi="45" ten="40,5200,0" yaku="1,1,54,2,53,0" doraHai="88" doraHaiUra="53" who="0" fromWho="3" sc="214,62,237,0,302,0,237,-52" /><INIT seed="2,0,0,1,0,89" ten="276,237,302,185" oya="2" hai0="62,117,97,75,88,0,32,25,94,78,57,111,124" hai1="37,7,129,90,71,130,132,35,44,98,65,125,114" hai2="50,3,104,15,115,13,4,95,102,63,116,22,52" hai3="21,34,58,47,70,79,83,54,55,19,77,29,60"/><V2/><F115/><W69/><G34/><T121/><D0/><U122/><E7/><V123/><F116/><W133/><G29/><T80/><D117/><U109/><E90/><V42/><F123/><W11/><G11/><T28/><D121/><U45/><E98/><N who="2" m="59743" /><F104/><W18/><G133/><T101/><D111/><U46/><E65/><V107/><F107/><W39/><G19/><T105/><D124/><U49/><E49/><V56/><F2/><W86/><G77/><T99/><D57/><U31/><E31/><V87/><F3/><W8/><G8/><T9/><D9/><U84/><E45/><N who="2" m="25911" /><F4/><W91/><G79/><T128/><REACH who="0" step="1"/><D62/><REACH who="0" ten="266,237,302,185" step="2"/><U106/><E46/><V126/><F126/><W82/><G39/><T12/><D12/><U85/><E44/><V30/><F87/><W41/><G70/><T53/><D53/><U118/><E85/><V67/><F67/><W134/><G69/><T68/><D68/><U1/><E84/><V93/><F13/><N who="3" m="9423" /><G134/><T127/><D127/><U38/><E38/><V59/><F15/><W23/><G54/><T112/><D112/><U76/><E76/><V72/><F72/><AGARI ba="0,1" hai="1,35,37,71,72,106,109,114,118,122,125,129,130,132" machi="72" ten="0,32000,5" yakuman="47" doraHai="89" who="1" fromWho="2" sc="266,0,237,330,302,-320,185,0" owari="266,6.6,567,66.7,-18,-51.8,185,-21.5" /></mjloggm>