<mjloggm ver="2.3"><GO type="225" lobby="0"/><UN n0="%E3%82%8A%E3%81%93%E3%82%8A%E3%82%93%E3%81%94" n1="%E3%83%81%E3%83%AF%E3%83%AF%E9%9A%8A%E9%95%B7" n2="%E6%B4%BE%E9%81%A3%E3%81%AE%E3%82%B8%E3%83%A3%E3%83%83%E3%82%AF" n3="%E3%80%90%E3%83%88%E3%83%AA%E3%83%A5%E3%83%95%E3%80%91" dan="17,16,17,16" rate="2215.75,2094.97,2196.00,2100.58" sx="M,M,M,M"/><TAIKYOKU oya="0"/><INIT seed="0,0,0,3,1,65" ten="250,250,250,250" oya="0" hai0="32,22,121,134,75,118,34,1,89,104,76,33,62" hai1="105,68,56,60,108,24,40,37,8,42,46,80,96" hai2="101,107,99,26,6,16,19,12,81,114,129,74,77" hai3="130,7,72,11,135,58,70,54,5,52,50,21,109"/><T66/><D118/><U91/><E108/><V127/><F114/><W88/><G109/><T27/><D121/><U51/><E68/><V45/><F127/><W128/><G72/><T10/><D104/><U120/><E120/><V117/><F117/><W113/><G113/><T61/><D134/><U53/><E8/><V55/><F129/><N who="3" m="49771" /><G21/><T17/><D89/><U67/><E24/><V14/><F6/><W87/><G70/><T126/><D126/><U131/><E131/><V57/><F45/><N who="3" m="27727" /><G11/><T132/><D132/><U18/><E18/><V82/><F82/><N who="3" m="49271" /><G135/><T84/><D75/><U29/><E37/><V3/><F3/><W69/><G69/><T28/><D1/><U20/><E20/><V83/><F83/><W133/><G133/><T43/><D10/><U85/><REACH who="1" step="1"/><E29/><REACH who="1" ten="250,240,250,250" step="2"/><V125/><F125/><W59/><G59/><T123/><D28/><U93/><E93/><V25/><F25/><W31/><G31/><T111/><D111/><U41/><E41/><V110/><F110/><W0/><G0/><T49/><D123/><U39/><E39/><V4/><F26/><W63/><AGARI ba="0,1" hai="5,7,54,58,63" m="49271,27727,49771" machi="63" ten="30,4000,0" yaku="19,1,54,2" doraHai="65" who="3" fromWho="3" sc="250,-20,240,-10,250,-10,250,50" /><INIT seed="1,0,0,2,1,76" ten="230,230,240,300" oya="1" hai0="64,114,90,16,70,91,10,44,12,1,61,11,110" hai1="20,36,104,43,4,37,26,8,115,100,75,57,31" hai2="15,103,25,19,111,21,50,102,106,95,42,54,67" hai3="105,134,118,32,122,56,119,23,7,46,121,123,86"/><U89/><E115/><V5/><F111/><W62/><G32/><T83/><D114/><U49/><E75/><V60/><F106/><W72/><G72/><T40/><D110/><U45/><E57/><V88/><F42/><W28/><G46/><T125/><D125/><U6/><E6/><V79/><F79/><W63/><G105/><T80/><D1/><U126/><E126/><V112/><F112/><W116/><G134/><T34/><D34/><U82/><E100/><V94/><F94/><W99/><G99/><T0/><D0/><U96/><E104/><V78/><F78/><W81/><G56/><T27/><D27/><U84/><REACH who="1" step="1"/><E96/><REACH who="1" ten="230,220,240,300" step="2"/><N who="2" m="57447" /><F67/><W98/><G7/><T130/><D130/><U29/><E29/><N who="2" m="17583" /><F5/><W39/><G98/><T2/><D64/><U55/><E55/><V109/><F109/><W30/><G30/><T77/><D70/><U97/><E97/><V132/><F132/><W9/><G28/><T120/><D120/><U101/><E101/><V68/><F68/><W33/><G123/><T113/><D113/><U69/><E69/><V52/><F54/><W3/><G122/><T58/><D58/><U66/><E66/><V14/><F102/><W85/><G121/><T53/><D53/><U51/><E51/><V133/><F133/><W41/><G119/><T47/><D61/><U35/><E35/><V124/><F124/><W87/><G33/><T17/><D44/><U48/><E48/><V108/><F108/><W129/><G118/><T59/><D47/><U131/><E131/><V24/><F103/><W107/><G116/><T65/><D65/><RYUUKYOKU ba="0,1" sc="230,-10,220,30,240,-10,300,-10" hai1="4,8,20,26,31,36,37,43,45,49,82,84,89" /><INIT seed="1,1,1,4,1,52" ten="220,250,230,290" oya="1" hai0="109,62,6,43,58,33,31,24,105,60,82,16,46" hai1="34,129,53,7,45,44,79,25,59,50,19,98,40" hai2="77,131,26,80,37,12,134,15,108,51,130,104,47" hai3="91,96,29,35,110,89,94,102,118,111,55,78,119"/><U83/><E129/><N who="2" m="49163" /><F108/><N who="3" m="41515" /><G55/><T38/><D109/><U122/><E122/><V132/><F37/><W14/><G14/><N who="2" m="5161" /><F26/><N who="3" m="18871" /><G78/><T9/><D105/><U88/><E7/><V56/><F104/><W93/><G102/><T116/><D116/><U120/><E120/><V121/><F121/><W95/><G95/><T75/><D16/><U54/><E34/><V2/><F2/><W97/><AGARI ba="1,1" hai="89,91,93,94,96,97,118,119" m="18871,41515" machi="97" ten="30,1100,0" yaku="14,1" doraHai="52" who="3" fromWho="3" sc="220,-4,250,-6,230,-4,290,24" /><INIT seed="2,0,0,3,1,37" ten="216,244,226,314" oya="2" hai0="127,114,93,87,89,1,10,123,61,40,113,14,73" hai1="28,39,21,29,51,20,111,77,79,15,130,56,88" hai2="35,5,57,75,17,3,25,58,74,44,7,126,0" hai3="117,13,67,121,6,36,60,68,55,83,106,102,54"/><V16/><F44/><W120/><G117/><T109/><D123/><U82/><E39/><V26/><REACH who="2" step="1"/><F35/><REACH who="2" ten="216,244,216,314" step="2"/><W63/><G121/><T30/><D114/><U24/><E24/><V69/><BYE who="1" /><F69/><W92/><G68/><T42/><D113/><UN n1="%E3%83%81%E3%83%AF%E3%83%AF%E9%9A%8A%E9%95%B7" /><U43/><E130/><V72/><F72/><W119/><G120/><T98/><D73/><U32/><E32/><V135/><F135/><W108/><G119/><T45/><D45/><U95/><E56/><V112/><F112/><W59/><G59/><T122/><D122/><U132/><E132/><V110/><F110/><W129/><G108/><T22/><D109/><U33/><E111/><V94/><F94/><W23/><G92/><T107/><D93/><U104/><E95/><V50/><F50/><W118/><G118/><T64/><D107/><U133/><E51/><V97/><F97/><W53/><G129/><T62/><D98/><U49/><E104/><V41/><F41/><W125/><G106/><T52/><D42/><U65/><E43/><V81/><F81/><W70/><G70/><T76/><D40/><U80/><E80/><V31/><F31/><W96/><G83/><T128/><D30/><U18/><E28/><V27/><F27/><W48/><G48/><T78/><D128/><U99/><E29/><V124/><AGARI ba="0,1" hai="0,3,5,7,16,17,25,26,57,58,74,75,124,126" machi="124" ten="25,12000,1" yaku="1,1,0,1,22,2,54,1,53,0" doraHai="37" doraHaiUra="91" who="2" fromWho="2" sc="216,-40,244,-40,216,130,314,-40" /><INIT seed="2,1,0,0,2,88" ten="176,204,346,274" oya="2" hai0="129,15,19,107,31,52,65,60,91,117,24,68,87" hai1="134,61,100,25,113,105,85,7,36,57,111,58,3" hai2="11,118,132,16,119,34,98,53,9,133,103,62,75" hai3="10,92,102,115,0,33,51,73,74,4,72,120,44"/><V84/><F75/><W101/><G120/><T106/><D129/><U37/><E113/><V2/><F34/><W66/><G33/><T96/><D117/><U79/><E134/><N who="2" m="51819" /><F84/><W127/><G66/><T89/><D52/><U80/><E111/><V108/><F108/><W39/><G127/><T20/><D96/><U48/><E25/><V5/><F53/><W104/><G104/><T114/><D91/><U122/><E122/><V109/><F62/><W97/><G39/><T131/><D131/><U123/><E123/><V8/><F109/><W70/><G70/><T76/><D76/><U81/><E79/><V26/><F98/><W116/><G116/><N who="2" m="44585" /><F103/><W59/><G102/><T55/><D55/><U28/><E100/><V110/><F110/><W82/><G115/><T95/><REACH who="0" step="1"/><D114/><REACH who="0" ten="166,204,346,274" step="2"/><U130/><E130/><V77/><F77/><W22/><G97/><T42/><D42/><U54/><E54/><V6/><F2/><W128/><G0/><T135/><D135/><U14/><E105/><V35/><F5/><W46/><G128/><T49/><D49/><U13/><E48/><V93/><F6/><W43/><G51/><T90/><D90/><U40/><E7/><V83/><F83/><W124/><G82/><T56/><D56/><U99/><E58/><V86/><F86/><W27/><G59/><T125/><D125/><U126/><E81/><V112/><F112/><W23/><G124/><T121/><D121/><U71/><E80/><V45/><F45/><W1/><G46/><T47/><D47/><U32/><E126/><V50/><F50/><W67/><G1/><RYUUKYOKU ba="1,1" sc="166,30,204,-10,346,-10,274,-10" hai0="15,19,20,24,31,60,65,68,87,89,95,106,107" /><INIT seed="3,2,1,4,3,131" ten="196,194,336,264" oya="3" hai0="23,100,67,31,89,0,101,66,69,40,64,68,58" hai1="78,12,35,121,21,87,48,103,72,77,96,105,120" hai2="13,97,132,61,93,113,50,28,133,111,17,95,134" hai3="117,109,126,84,15,88,86,80,45,9,49,34,37"/><W119/><G34/><T8/><D40/><U91/><E35/><V59/><F111/><W52/><G109/><T114/><D114/><U6/><E48/><V85/><F113/><W25/><G126/><T1/><D58/><U57/><E57/><V41/><F28/><W56/><G25/><T14/><D89/><U115/><E115/><V75/><F75/><W130/><G130/><T10/><D31/><U83/><E77/><V82/><F97/><W2/><G2/><T46/><D23/><U32/><E32/><V74/><F74/><W51/><G37/><T116/><D46/><U27/><E12/><V39/><F50/><W63/><G51/><T135/><D116/><U128/><E6/><V81/><F81/><W92/><G92/><T5/><D135/><U29/><E128/><V33/><F33/><W76/><G76/><T106/><D106/><U62/><E62/><V71/><F71/><N who="0" m="27210" /><D1/><U44/><E44/><N who="2" m="23615" /><F59/><W123/><G119/><T94/><D94/><AGARI ba="2,1" hai="21,27,29,72,78,83,87,91,94,96,103,105,120,121" machi="94" ten="30,3900,0" yaku="7,1,24,2" doraHai="131" who="1" fromWho="0" sc="196,-45,194,55,336,0,264,0" owari="151,-34.9,249,-15.1,336,43.6,264,6.4" /></mjloggm>