<mjloggm ver="2.3"><GO type="225" lobby="0"/><UN n0="%70%68%65%6E%6F%6D%65" n1="%E3%81%8B%E3%82%8F%E3%81%A1%E3%82%83%E3%82%93%35%38" n2="%E6%9C%88%E5%B3%B6%E5%9F%BA" n3="%E6%9D%B1%E9%A2%A8%E3%81%AE%E3%81%8D%E3%82%83%E3%81%B7%E3%81%95%E3%82%93" dan="16,16,17,16" rate="2163.17,2133.28,2180.47,2204.16" sx="M,M,M,M"/><TAIKYOKU oya="0"/><INIT seed="0,0,0,5,2,63" ten="250,250,250,250" oya="0" hai0="69,19,60,65,78,68,59,70,56,48,25,64,17" hai1="21,12,82,111,122,101,24,87,109,116,62,71,105" hai2="1,35,80,4,115,126,14,46,89,83,134,42,10" hai3="133,5,107,130,99,86,66,28,97,67,93,53,13"/><T84/><D25/><U103/><E122/><V18/><F115/><W6/><G107/><T20/><D20/><U92/><E116/><V15/><F126/><W96/><G133/><T135/><D135/><U77/><E105/><V8/><F134/><W104/><G104/><T23/><D23/><U29/><E12/><V72/><F35/><W61/><G28/><T51/><D48/><U90/><E71/><V75/><F14/><W36/><G130/><T128/><D128/><U47/><E47/><V125/><F125/><W81/><G93/><T0/><D0/><U40/><E40/><V33/><F33/><W34/><G36/><T121/><D121/><U117/><E62/><V120/><F120/><W45/><G34/><T49/><D49/><U106/><E117/><V112/><F112/><W30/><G30/><T85/><D64/><N who="3" m="24617" /><G13/><T39/><D39/><U127/><E127/><V73/><REACH who="2" step="1"/><F89/><REACH who="2" ten="250,250,240,250" step="2"/><N who="3" m="51407" /><G45/><T119/><D119/><U41/><E106/><V98/><F98/><W22/><G22/><T37/><D37/><AGARI ba="0,1" hai="1,4,8,10,15,18,37,42,46,72,73,75,80,83" machi="37" ten="40,2600,0" yaku="1,1,53,1" doraHai="63" doraHaiUra="11" who="2" fromWho="0" sc="250,-26,250,0,240,36,250,0" /><INIT seed="1,0,0,4,5,79" ten="224,250,276,250" oya="1" hai0="110,7,39,125,51,41,120,97,60,35,34,89,16" hai1="134,135,67,8,22,75,122,26,43,44,130,38,118" hai2="20,102,40,98,0,62,57,28,14,3,64,114,80" hai3="56,23,31,124,27,108,71,17,133,68,49,99,4"/><U126/><E75/><V32/><F114/><W24/><G4/><T18/><D110/><U88/><E118/><V15/><F40/><W63/><G108/><T59/><D39/><U103/><E122/><V46/><F46/><W37/><G37/><T48/><D120/><U96/><E126/><V129/><F129/><W87/><G124/><T92/><D125/><U66/><E8/><V30/><F32/><W55/><G133/><N who="1" m="50698" /><E130/><V83/><F3/><W72/><G72/><T119/><D119/><U127/><E127/><V78/><F78/><W121/><G121/><T105/><D7/><U54/><E54/><V9/><F0/><W95/><G87/><T52/><D105/><N who="1" m="63719" /><E88/><V47/><F9/><W53/><G53/><T132/><D132/><U21/><E21/><V90/><F90/><N who="3" m="55799" /><G49/><T101/><D89/><U81/><E81/><V131/><F131/><W11/><G11/><T12/><D51/><U2/><E2/><V109/><F109/><W1/><G1/><T5/><D5/><U116/><E116/><V69/><F83/><W74/><G74/><T36/><D36/><U10/><E10/><V128/><F80/><W84/><G84/><T91/><D91/><U76/><E76/><V100/><F128/><W112/><G112/><T94/><D94/><U111/><E111/><V42/><F102/><W61/><G61/><T104/><D104/><U86/><E86/><V117/><F100/><W77/><G77/><T50/><D50/><U25/><E22/><AGARI ba="0,0" hai="17,22,23,24,27,31,55,56,63,68,71" m="55799" machi="22" ten="30,1000,0" yaku="25,1" doraHai="79" who="3" fromWho="1" sc="224,0,250,-10,276,0,250,10" /><INIT seed="2,0,0,3,0,56" ten="224,240,276,260" oya="2" hai0="105,9,53,93,97,25,18,6,44,10,110,127,29" hai1="88,132,108,11,74,116,63,121,76,120,35,75,31" hai2="95,130,65,42,5,111,45,2,112,8,15,80,48" hai3="70,23,101,1,128,72,87,47,4,96,21,124,34"/><V38/><F112/><W26/><G70/><T69/><D110/><U30/><E116/><V81/><F111/><W83/><G72/><N who="1" m="27690" /><E108/><V107/><F107/><W55/><G128/><T71/><D105/><U54/><E35/><V113/><F113/><W0/><G124/><T43/><D53/><U122/><E76/><V3/><F130/><W52/><G34/><T24/><D18/><U100/><E100/><V89/><F65/><W51/><G55/><T13/><D10/><U37/><E37/><V98/><F38/><W90/><G4/><T61/><D127/><U135/><E11/><V77/><REACH who="2" step="1"/><F81/><REACH who="2" ten="224,240,266,260" step="2"/><W118/><G118/><T49/><D71/><U62/><E88/><V91/><F91/><W78/><G90/><T17/><D69/><U41/><E41/><V114/><F114/><W27/><G1/><T115/><D115/><U36/><E36/><V58/><F58/><W39/><G0/><T99/><D93/><U19/><E54/><V16/><F16/><W7/><G39/><T59/><D17/><U125/><E125/><V86/><AGARI ba="0,1" hai="2,3,5,8,15,42,45,48,77,80,86,89,95,98" machi="86" ten="20,12000,1" yaku="1,1,0,1,7,1,25,2,53,0" doraHai="56" doraHaiUra="129" who="2" fromWho="2" sc="224,-40,240,-40,266,130,260,-40" /><INIT seed="2,1,0,5,0,132" ten="184,200,396,220" oya="2" hai0="51,56,13,70,60,127,5,59,44,57,37,125,35" hai1="119,112,30,29,72,135,12,100,54,121,36,129,118" hai2="128,62,97,111,0,92,26,24,86,55,73,17,122" hai3="83,21,105,6,114,82,88,89,4,108,78,102,1"/><V63/><F122/><W50/><G108/><T85/><D35/><U106/><E72/><V11/><F73/><W130/><G130/><T109/><D109/><U84/><E36/><V43/><F128/><W7/><G114/><T3/><D3/><U74/><E74/><V124/><F43/><W58/><G1/><T99/><D37/><U34/><E34/><V69/><F86/><W38/><G38/><T39/><D39/><U28/><E129/><V23/><F26/><W68/><G68/><T48/><D99/><U14/><E112/><V65/><F111/><W120/><G120/><T113/><D113/><U103/><E106/><V8/><F0/><W20/><G102/><T98/><D98/><U95/><E121/><V32/><F32/><W52/><G105/><T27/><D27/><U64/><E64/><V90/><F124/><N who="0" m="47690" /><D85/><U10/><E135/><V19/><F24/><W134/><G134/><T15/><D5/><N who="1" m="3151" /><E14/><N who="0" m="5129" /><D44/><U91/><E119/><V66/><F97/><W115/><G115/><T81/><D81/><N who="3" m="30729" /><G78/><T40/><D40/><U16/><E118/><V25/><F25/><W133/><G133/><T116/><D116/><U47/><E16/><V94/><F19/><W61/><G6/><T45/><D45/><U80/><E80/><V126/><F17/><W96/><G4/><T131/><D131/><U75/><E75/><V49/><F126/><W46/><G7/><T101/><D101/><U31/><E31/><V42/><F42/><N who="3" m="24919" /><G96/><T123/><D123/><U76/><E76/><V117/><F117/><W33/><G33/><T67/><AGARI ba="1,0" hai="48,51,56,57,59,60,67,70" m="5129,47690" machi="67" ten="40,8000,1" yaku="18,1,52,3" doraHai="132" who="0" fromWho="0" sc="184,83,200,-21,396,-41,220,-21" /><INIT seed="3,0,0,3,0,94" ten="267,179,355,199" oya="3" hai0="125,37,12,75,23,58,13,72,66,50,40,108,103" hai1="63,116,20,32,74,133,46,73,39,107,52,59,132" hai2="121,97,57,27,113,95,35,89,69,127,31,100,36" hai3="8,83,86,96,60,91,49,19,77,123,118,22,53"/><W120/><G118/><T45/><D108/><U71/><E32/><V87/><F113/><W101/><G8/><T16/><D125/><U11/><E116/><V62/><F127/><W119/><G119/><T29/><D103/><U126/><E126/><V114/><F114/><W79/><G60/><T85/><D29/><U104/><E71/><V65/><F121/><W106/><G123/><T102/><D102/><U122/><E122/><V110/><F110/><W21/><G120/><T105/><D105/><N who="1" m="40523" /><E20/><V34/><F36/><W82/><G19/><T115/><D115/><U0/><E39/><V41/><F41/><W25/><G25/><T67/><D13/><U43/><E46/><V30/><F30/><W47/><REACH who="3" step="1"/><G91/><REACH who="3" ten="267,179,355,189" step="2"/><T55/><D67/><U10/><E10/><V81/><F69/><W54/><G54/><T93/><D66/><U129/><E43/><V38/><F65/><W111/><G111/><T76/><D76/><U1/><E129/><V92/><F62/><W84/><AGARI ba="0,1" hai="21,22,47,49,53,77,79,82,83,84,86,96,101,106" machi="84" ten="20,12000,1" yaku="1,1,0,1,7,1,9,1,52,1,53,0" doraHai="94" doraHaiUra="131" who="3" fromWho="3" sc="267,-40,179,-40,355,-40,189,130" owari="227,-17.3,139,-36.1,315,11.5,319,41.9" /></mjloggm>