<mjloggm ver="2.3"><GO type="225" lobby="0"/><UN n0="%E6%B7%91%E5%A5%B3%E3%81%AE%E5%97%9C%E3%81%BF" n1="%E3%81%AF%E3%82%88%E3%81%8A%E3%81%98%E3%81%95%E3%82%93" n2="%E7%B4%94%E6%BD%94%E3%83%94%E3%83%A9%E3%83%8B%E3%82%A2" n3="%E6%B4%BE%E9%81%A3%E3%81%AE%E3%82%B8%E3%83%A3%E3%83%83%E3%82%AF" dan="16,16,17,17" rate="2135.29,2199.32,2202.36,2176.19" sx="M,M,M,M"/><TAIKYOKU oya="0"/><INIT seed="0,0,0,0,1,18" ten="250,250,250,250" oya="0" hai0="91,105,96,69,7,80,128,50,19,88,83,48,25" hai1="63,131,72,86,122,68,73,16,75,104,65,66,84" hai2="55,106,78,115,79,98,82,123,102,103,23,71,17" hai3="101,28,3,39,110,35,31,52,30,108,116,8,57"/><T77/><D69/><U41/><E122/><V54/><F123/><W74/><G39/><T15/><D128/><U133/><E104/><V107/><F71/><W22/><G74/><T0/><D0/><U51/><E131/><V10/><F115/><W11/><G101/><T59/><D105/><U90/><E133/><V61/><F10/><N who="3" m="3627" /><G35/><T135/><D135/><U130/><E130/><V26/><F78/><W127/><G3/><T89/><D7/><U34/><E34/><V113/><F61/><N who="3" m="36007" /><G127/><T60/><D25/><U81/><E66/><V29/><F113/><W97/><G97/><T132/><D96/><U40/><E51/><N who="0" m="19497" /><D77/><U124/><E124/><V112/><F102/><W27/><G116/><T43/><D43/><U4/><E4/><V121/><F107/><W109/><AGARI ba="0,0" hai="22,27,28,30,31,108,109,110" m="36007,3627" machi="109" ten="40,5200,0" yaku="14,1,52,1,54,1" doraHai="18" who="3" fromWho="3" sc="250,-26,250,-13,250,-13,250,52" /><INIT seed="1,0,0,0,2,52" ten="224,237,237,302" oya="1" hai0="103,108,25,71,4,106,34,54,83,92,17,101,68" hai1="30,127,51,67,12,64,99,46,79,116,66,104,110" hai2="39,87,135,18,88,2,118,133,73,94,84,22,126" hai3="70,37,24,26,58,85,27,61,130,11,8,10,62"/><U131/><E116/><V0/><F39/><W98/><G37/><T40/><D108/><U45/><E110/><V9/><F73/><W16/><G130/><T35/><D40/><U82/><E131/><V55/><F118/><W21/><G98/><T60/><D4/><U105/><E127/><V53/><F126/><W13/><G70/><T14/><D83/><U20/><E99/><V96/><F53/><W29/><G85/><N who="2" m="32841" /><F55/><N who="3" m="34015" /><G62/><T41/><D106/><U15/><E15/><N who="2" m="7535" /><F22/><AGARI ba="0,0" hai="8,10,11,13,16,21,22,24,26,27,29" m="34015" machi="22" ten="30,3900,0" yaku="8,1,52,1,54,1" doraHai="52" who="3" fromWho="2" sc="224,0,237,0,237,-39,302,39" /><INIT seed="2,0,0,1,1,111" ten="224,237,198,341" oya="2" hai0="49,75,70,67,1,51,43,12,23,131,45,13,46" hai1="112,3,35,28,106,80,9,69,71,47,2,98,84" hai2="10,99,81,122,58,83,21,56,115,22,15,87,29" hai3="25,127,118,8,105,110,100,94,61,18,86,27,116"/><V64/><F122/><W38/><G110/><T36/><D1/><U128/><E112/><V54/><F115/><W60/><G38/><T96/><D75/><U133/><E128/><V11/><F99/><W24/><G105/><T120/><D120/><U48/><E133/><V0/><F0/><W114/><G114/><T50/><D131/><U59/><E59/><V26/><F64/><W33/><G33/><T19/><D96/><U108/><E108/><V68/><F68/><W107/><G107/><T95/><D95/><U53/><E2/><V79/><F83/><W52/><G127/><T113/><D113/><U102/><E28/><V132/><F132/><W117/><G52/><T130/><D130/><U109/><E35/><V76/><F76/><W62/><G100/><T88/><D88/><U39/><E39/><V97/><F97/><W124/><G124/><T89/><D89/><U5/><E109/><V82/><F82/><W103/><G103/><T30/><D30/><U125/><E125/><V104/><F104/><W55/><G94/><T57/><D45/><U129/><E129/><V135/><F135/><W4/><G86/><T90/><D90/><AGARI ba="0,0" hai="3,5,9,47,48,53,69,71,80,84,90,98,102,106" machi="90" ten="30,1000,0" yaku="7,1" doraHai="111" who="1" fromWho="0" sc="224,-10,237,10,198,0,341,0" /><INIT seed="3,0,0,1,4,13" ten="214,247,198,341" oya="3" hai0="102,108,37,2,51,36,25,0,113,128,28,19,3" hai1="68,73,63,135,23,69,41,16,49,89,62,64,48" hai2="27,66,106,70,82,32,129,117,52,77,53,14,38" hai3="22,98,33,56,90,133,29,85,111,130,134,95,67"/><W105/><G33/><T35/><D108/><U101/><E73/><V10/><F38/><W88/><G130/><T125/><D128/><U12/><E135/><V114/><F114/><W46/><G46/><T15/><D113/><U93/><E101/><V59/><F117/><W115/><G111/><T21/><D125/><U65/><E41/><V110/><F70/><W57/><G115/><T50/><D102/><U44/><E44/><V92/><F106/><W83/><G105/><T72/><REACH who="0" step="1"/><D72/><REACH who="0" ten="204,247,198,341" step="2"/><U109/><E109/><V124/><F110/><W81/><G134/><T4/><D4/><U99/><AGARI ba="0,1" hai="12,16,23,48,49,62,63,64,65,68,69,89,93,99" machi="99" ten="20,8000,1" yaku="0,1,7,1,9,1,52,1,54,1" doraHai="13" who="1" fromWho="1" sc="204,-20,247,90,198,-20,341,-40" owari="184,-21.6,337,43.7,178,-32.2,301,10.1" /></mjloggm>