<mjloggm ver="2.3"><GO type="225" lobby="0"/><UN n0="%E5%8C%97%E6%AC%A7%E3%81%AE%E3%82%82%E3%81%93%E3%81%86" n1="%6B%65%6E%6E%64%69" n2="%E3%83%A9%E3%82%B9%E7%8E%87%EF%BC%93%E5%89%B2" n3="%E5%A4%8F%E9%88%B4%E9%88%B4%E5%A4%8F" dan="17,16,16,16" rate="2123.48,2171.18,2184.47,2116.79" sx="M,M,F,F"/><TAIKYOKU oya="0"/><INIT seed="0,0,0,3,5,83" ten="250,250,250,250" oya="0" hai0="17,104,117,0,12,46,86,16,57,62,52,40,103" hai1="42,80,75,73,68,36,106,98,110,89,37,34,11" hai2="65,77,30,67,23,69,114,113,61,120,90,4,97" hai3="15,112,47,6,87,19,129,63,53,1,35,96,32"/><T8/><D117/><U105/><E110/><V93/><F120/><W132/><G112/><T9/><D104/><U33/><E11/><V133/><F133/><W44/><G6/><T95/><D0/><U118/><E118/><V64/><F4/><W76/><G1/><T26/><D103/><U85/><E68/><V82/><F30/><W111/><G111/><T74/><D74/><U91/><E80/><V119/><F119/><W31/><G129/><T116/><D116/><U115/><E42/><V131/><F131/><W135/><G44/><T60/><D60/><U55/><E98/><V59/><F23/><W88/><G76/><T124/><D124/><U5/><E5/><V28/><F28/><W79/><G96/><T100/><D26/><U54/><E115/><V66/><REACH who="2" step="1"/><F69/><REACH who="2" ten="250,250,240,250" step="2"/><W123/><G31/><T94/><D8/><U56/><REACH who="1" step="1"/><E56/><REACH who="1" ten="250,240,240,250" step="2"/><V20/><F20/><N who="3" m="11391" /><G135/><T25/><D9/><U126/><E126/><V127/><F127/><W78/><G132/><T45/><D25/><U71/><E71/><V29/><F29/><W43/><G32/><T99/><D12/><U92/><E92/><V122/><F122/><W70/><G35/><T108/><D108/><U101/><E101/><V21/><F21/><W39/><G123/><T14/><D14/><U50/><E50/><V130/><F130/><W10/><G10/><T81/><D95/><U121/><E121/><V2/><F2/><W38/><G70/><T7/><D7/><U84/><AGARI ba="0,2" hai="33,34,36,37,54,55,73,75,84,85,89,91,105,106" machi="84" ten="25,12000,2" yaku="1,1,0,1,22,2,52,2,53,0" doraHai="83" doraHaiUra="27" who="1" fromWho="1" sc="250,-60,240,140,240,-30,250,-30" /><INIT seed="1,0,0,4,0,60" ten="190,380,210,220" oya="1" hai0="17,85,46,117,78,95,22,131,105,16,59,109,41" hai1="112,48,5,4,92,37,40,10,58,68,104,129,54" hai2="113,69,7,119,53,114,96,103,38,57,19,31,9" hai3="134,74,23,64,63,100,34,12,127,33,44,115,125"/><U108/><E112/><N who="2" m="43115" /><F119/><W93/><G115/><T66/><D105/><U50/><E104/><V73/><F73/><W122/><G74/><T56/><D117/><U102/><E68/><V62/><F38/><W72/><G72/><T126/><D109/><U86/><E129/><V26/><F19/><N who="3" m="10727" /><G122/><T25/><D131/><U88/><E108/><V27/><F31/><W28/><G28/><T120/><D126/><N who="3" m="48137" /><G134/><T123/><D17/><U52/><E37/><V65/><F53/><W84/><G44/><T61/><D56/><N who="1" m="32775" /><E102/><V98/><F69/><N who="3" m="42143" /><G84/><T0/><D0/><U35/><E35/><V29/><F29/><W13/><G13/><T89/><REACH who="0" step="1"/><D78/><REACH who="0" ten="180,380,210,220" step="2"/><U81/><E4/><V45/><F45/><W42/><G42/><T2/><D2/><U8/><E40/><V30/><F30/><W135/><G135/><T36/><AGARI ba="0,1" hai="16,22,25,36,41,46,59,61,66,85,89,95,120,123" machi="36" ten="30,8000,1" yaku="1,1,0,1,52,1,54,1,53,1" doraHai="60" doraHaiUra="71" who="0" fromWho="0" sc="180,90,380,-40,210,-20,220,-20" /><INIT seed="2,0,0,5,0,68" ten="270,340,190,200" oya="2" hai0="62,130,3,52,120,135,129,121,132,33,72,80,47" hai1="24,112,118,0,15,102,50,34,113,35,83,78,100" hai2="125,58,54,92,99,8,49,29,60,91,25,75,13" hai3="73,82,36,5,84,4,71,18,115,44,122,12,81"/><V66/><F125/><W39/><G122/><N who="0" m="47211" /><D3/><U134/><E118/><V31/><F75/><W124/><G71/><T2/><D2/><U101/><E0/><V56/><REACH who="2" step="1"/><F25/><REACH who="2" ten="270,340,180,200" step="2"/><W90/><G124/><T110/><D110/><U109/><E24/><V117/><F117/><W46/><G115/><T104/><D72/><U9/><E109/><V16/><AGARI ba="0,1" hai="8,13,16,29,31,49,54,56,58,60,66,91,92,99" machi="16" ten="20,12000,1" yaku="1,1,0,1,7,1,8,1,54,1,53,0" doraHai="68" doraHaiUra="103" who="2" fromWho="2" sc="270,-40,340,-40,180,130,200,-40" /><INIT seed="2,1,0,4,0,119" ten="230,300,310,160" oya="2" hai0="78,96,104,31,15,6,0,61,20,56,18,13,83" hai1="44,89,129,68,92,53,58,33,114,11,32,132,48" hai2="2,101,80,93,116,82,102,29,4,1,133,7,71" hai3="99,95,112,120,8,135,16,109,113,19,121,105,37"/><V97/><F116/><W12/><G105/><T110/><D110/><U108/><E114/><N who="3" m="44138" /><G37/><T54/><D31/><U88/><E68/><V115/><F115/><W75/><G109/><T106/><D0/><U63/><E108/><V28/><F71/><W60/><G75/><T9/><REACH who="0" step="1"/><D96/><REACH who="0" ten="220,300,310,160" step="2"/><U47/><E129/><V41/><F97/><W76/><G135/><T103/><D103/><U64/><E132/><V87/><F133/><W79/><G60/><T117/><D117/><U46/><E33/><V98/><F98/><W34/><G34/><T43/><D43/><U126/><E32/><V128/><F41/><W17/><G79/><T77/><D77/><U35/><E35/><V50/><F128/><W40/><G76/><T69/><D69/><U91/><E126/><V72/><F28/><W62/><G62/><T36/><D36/><U127/><E127/><V5/><F29/><W125/><G40/><T100/><D100/><U122/><E91/><V134/><F134/><W14/><G125/><T23/><D23/><U70/><E89/><V30/><F30/><W3/><G3/><T27/><D27/><U59/><E70/><V57/><F2/><W51/><G51/><T25/><D25/><U10/><REACH who="1" step="1"/><E122/><REACH who="1" ten="220,290,310,160" step="2"/><N who="3" m="47210" /><G8/><T65/><D65/><U90/><E90/><AGARI ba="1,2" hai="12,14,16,17,19,90,95,99" m="47210,44138" machi="90" ten="40,8000,1" yaku="11,1,52,3,54,1" doraHai="119" who="3" fromWho="1" sc="220,0,290,-83,310,0,160,103" /><INIT seed="3,0,0,5,3,95" ten="220,207,310,263" oya="3" hai0="61,51,98,63,135,79,25,122,22,45,81,48,83" hai1="13,5,56,30,17,106,65,14,49,28,34,68,121" hai2="33,104,16,20,99,59,40,120,62,125,133,86,74" hai3="110,82,114,134,15,130,128,117,77,92,8,0,42"/><W71/><G114/><T87/><D135/><U1/><E121/><V102/><F74/><W19/><G117/><T60/><D122/><U91/><E68/><V129/><F120/><W67/><G42/><T46/><D83/><U101/><E1/><V96/><F33/><W80/><G134/><T29/><D98/><N who="2" m="37418" /><F104/><W24/><G92/><T53/><REACH who="0" step="1"/><D61/><REACH who="0" ten="210,207,310,263" step="2"/><N who="1" m="38055" /><E106/><V12/><F133/><W75/><G82/><T88/><D88/><U26/><E101/><V38/><F102/><W131/><G80/><T7/><D7/><U36/><E36/><V39/><F38/><W112/><G131/><T115/><D115/><U3/><E91/><V124/><F39/><W76/><G130/><T9/><D9/><N who="1" m="4271" /><E3/><V132/><F129/><W72/><G0/><T55/><AGARI ba="0,1" hai="22,25,29,45,46,48,51,53,55,60,63,79,81,87" machi="55" ten="20,12000,2" yaku="1,1,0,1,7,1,9,1,8,1,53,1" doraHai="95" doraHaiUra="73" who="0" fromWho="0" sc="210,130,207,-30,310,-30,263,-60" owari="340,44.0,177,-32.3,280,8.0,203,-19.7" /></mjloggm>