<mjloggm ver="2.3"><GO type="225" lobby="0"/><UN n0="%E5%A4%8F%E9%88%B4%E9%88%B4%E5%A4%8F" n1="%E7%B4%94%E6%BD%94%E3%83%94%E3%83%A9%E3%83%8B%E3%82%A2" n2="%E4%B8%89%E5%88%86%E5%B0%8F%E5%83%A7" n3="%6C%61%6D%62" dan="16,16,16,16" rate="2120.88,2137.56,2039.20,2188.56" sx="F,M,M,M"/><TAIKYOKU oya="0"/><INIT seed="0,0,0,3,1,135" ten="250,250,250,250" oya="0" hai0="66,13,44,64,111,67,114,120,73,57,101,134,59" hai1="117,100,113,121,115,130,105,119,84,49,51,132,5" hai2="31,65,81,76,109,41,129,102,19,98,87,17,36" hai3="15,45,63,106,95,25,4,124,118,42,60,0,74"/><T43/><D120/><U88/><E5/><V72/><F109/><W126/><G106/><T35/><D114/><N who="1" m="43531" /><E132/><V90/><F129/><W80/><G118/><N who="1" m="45066" /><E130/><V10/><F65/><W27/><G15/><T50/><D35/><U18/><E18/><V99/><F31/><W61/><G95/><T32/><D32/><U30/><E30/><V8/><F36/><N who="3" m="21703" /><G25/><T16/><D73/><U112/><N who="1" m="43539" /><U127/><DORA hai="39" /><E121/><V1/><F41/><W89/><G89/><T104/><D111/><U28/><E28/><V29/><F29/><W38/><G27/><T71/><D134/><U68/><E68/><V52/><F52/><W69/><G38/><T56/><D101/><U54/><E54/><V77/><F77/><N who="3" m="44087" /><G69/><T123/><D104/><U78/><E78/><V96/><F102/><W62/><N who="3" m="15360" /><DORA hai="85" /><W86/><G86/><T40/><D123/><U93/><E51/><V11/><REACH who="2" step="1"/><F1/><REACH who="2" ten="250,250,240,250" step="2"/><W131/><G131/><T83/><D71/><U79/><E79/><V91/><F91/><W20/><G20/><N who="0" m="11279" /><D83/><AGARI ba="0,1" hai="8,10,11,17,19,72,76,81,83,87,90,96,98,99" machi="83" ten="40,2600,0" yaku="1,1,52,1,53,0" doraHai="135,39,85" doraHaiUra="26,103,133" who="2" fromWho="0" sc="250,-26,250,0,240,36,250,0" /><INIT seed="1,0,0,1,0,88" ten="224,250,276,250" oya="1" hai0="96,58,66,135,126,62,28,9,98,4,127,39,55" hai1="132,83,121,108,2,93,71,64,38,85,129,61,14" hai2="16,54,100,95,41,33,118,73,43,77,75,111,90" hai3="128,40,8,52,5,50,74,57,99,7,79,65,35"/><U32/><E121/><V59/><F111/><W17/><G35/><T44/><D135/><U82/><E2/><V72/><F118/><W109/><G128/><T47/><D28/><U125/><E129/><V78/><F100/><W25/><G109/><T113/><D113/><U20/><E108/><V133/><F33/><W91/><G74/><T101/><D96/><U69/><E32/><V87/><F133/><W1/><G79/><T29/><D29/><U94/><E38/><V26/><F78/><W36/><G65/><T30/><D30/><U80/><E132/><V112/><F77/><W51/><G36/><T10/><D10/><U42/><E42/><V19/><F112/><W49/><G40/><T60/><D39/><U68/><E85/><V131/><F131/><W76/><G76/><T116/><D116/><U97/><E125/><V56/><F56/><W89/><G5/><T134/><D134/><U37/><E37/><V45/><F45/><W104/><G104/><T31/><D31/><U114/><E114/><V13/><F26/><W102/><G25/><T18/><D18/><N who="1" m="10327" /><E97/><V24/><F24/><W70/><G17/><T106/><D127/><U34/><E34/><V12/><F12/><W53/><G70/><T84/><D84/><U119/><E119/><V103/><F103/><W63/><REACH who="3" step="1"/><G53/><REACH who="3" ten="224,250,276,240" step="2"/><T130/><D126/><U0/><E0/><V122/><F19/><W67/><G67/><T46/><D130/><U115/><E115/><V27/><F27/><W124/><G124/><T3/><D66/><N who="1" m="41039" /><E69/><V110/><F110/><W48/><N who="3" m="12288" /><DORA hai="81" /><W6/><G6/><RYUUKYOKU ba="0,1" sc="224,10,250,10,276,-30,240,10" hai0="3,4,9,44,46,47,55,58,60,62,98,101,106" hai1="64,71,80,82,83,93,94" hai3="1,7,8,52,57,63,89,91,99,102" /><INIT seed="1,1,1,4,0,74" ten="234,260,246,250" oya="1" hai0="57,44,126,11,5,125,6,93,75,28,55,70,48" hai1="51,37,98,73,83,20,69,110,100,40,90,23,56" hai2="118,84,12,88,21,53,101,41,59,109,102,34,116" hai3="65,124,62,7,103,30,122,129,47,89,54,92,81"/><U105/><E69/><V106/><F34/><W22/><G122/><T43/><D75/><U130/><E130/><V114/><F109/><W104/><G129/><T3/><D70/><U135/><E135/><V4/><F114/><W85/><G124/><T24/><D6/><U128/><E128/><V87/><F87/><W61/><G104/><T0/><D93/><U27/><E110/><V67/><F41/><W2/><G2/><T19/><D19/><U76/><E90/><V119/><F67/><W39/><G7/><T91/><D91/><U52/><REACH who="1" step="1"/><E27/><REACH who="1" ten="234,250,246,250" step="2"/><V108/><F108/><W60/><G103/><T127/><D5/><U14/><E14/><V99/><F102/><W132/><G132/><T133/><D133/><U17/><E17/><V107/><F118/><W96/><G30/><T72/><D11/><U131/><E131/><V13/><F4/><W82/><G89/><T121/><D121/><U113/><E113/><V9/><F12/><W115/><G115/><T123/><D123/><U42/><E42/><V134/><F134/><W31/><G31/><T36/><REACH who="0" step="1"/><D72/><REACH who="0" ten="224,250,246,250" step="2"/><U63/><E63/><V112/><F112/><W80/><G61/><T45/><D45/><AGARI ba="1,3" hai="20,23,37,40,45,51,52,56,73,76,83,98,100,105" machi="45" ten="40,7700,0" yaku="1,1,52,1,54,1,53,0" doraHai="74" doraHaiUra="15" who="1" fromWho="0" sc="224,-80,250,110,246,0,250,0" /><INIT seed="1,2,0,0,1,56" ten="144,360,246,250" oya="1" hai0="16,66,96,129,8,4,75,9,0,81,95,2,5" hai1="7,132,86,113,27,50,25,120,78,135,46,133,128" hai2="10,74,82,98,126,33,64,90,59,107,65,40,17" hai3="28,91,103,102,104,48,79,34,109,72,55,47,22"/><U42/><E113/><V54/><F33/><W121/><G121/><T114/><D129/><U83/><E120/><V101/><F126/><W76/><G34/><T69/><D114/><U80/><E128/><V131/><F131/><W88/><G109/><T118/><D118/><U108/><E108/><V89/><F40/><W19/><G28/><T71/><D66/><U38/><E38/><V123/><F123/><W23/><G104/><T112/><D112/><U21/><E21/><N who="3" m="7690" /><G19/><T53/><D53/><U39/><E39/><V116/><F116/><W85/><G72/><T77/><REACH who="0" step="1"/><D16/><REACH who="0" ten="134,360,246,250" step="2"/><U24/><E7/><V124/><F124/><W12/><G55/><T134/><D134/><U37/><E37/><V92/><F17/><W110/><G110/><T73/><D73/><U44/><E44/><V41/><F65/><W6/><G47/><T52/><D52/><U26/><E26/><V32/><F64/><W87/><G6/><T49/><D49/><U57/><E57/><V11/><F74/><W97/><G48/><T36/><D36/><U67/><E67/><V125/><F125/><W61/><G61/><T30/><D30/><U51/><E51/><V63/><F54/><W93/><G12/><T122/><D122/><U100/><E25/><V18/><F63/><W1/><G1/><T68/><D68/><U58/><E27/><V130/><F18/><W29/><G29/><T13/><D13/><U62/><E24/><V15/><F15/><W117/><G117/><T127/><D127/><U94/><E133/><V43/><F130/><W35/><G35/><T31/><D31/><RYUUKYOKU ba="2,1" sc="134,30,360,-10,246,-10,250,-10" hai0="0,2,4,5,8,9,69,71,75,77,81,95,96" /><INIT seed="2,3,1,4,5,101" ten="164,350,236,240" oya="2" hai0="51,47,32,115,130,23,99,105,102,103,41,131,0" hai1="126,57,90,9,22,40,135,33,3,71,44,89,127" hai2="61,27,45,107,123,15,79,78,86,82,56,8,98" hai3="2,85,109,64,69,24,88,129,81,117,122,128,87"/><V132/><F123/><W49/><G122/><T18/><D115/><U43/><E33/><V95/><F132/><W124/><G117/><T21/><D32/><U20/><E71/><V106/><F78/><W63/><G2/><T83/><D0/><U118/><E118/><V12/><F45/><W46/><G109/><T28/><D83/><U26/><E57/><V35/><F27/><W75/><G75/><T93/><D28/><U7/><E135/><V39/><F39/><W111/><G111/><T55/><D23/><U29/><E20/><V133/><F35/><W73/><G73/><T34/><D34/><U76/><E76/><V48/><F48/><W74/><G74/><T80/><D80/><U16/><E29/><V104/><F8/><W50/><G124/><N who="1" m="47658" /><E43/><V125/><F133/><W134/><G134/><T116/><D116/><U66/><E66/><V84/><F84/><N who="3" m="50191" /><G24/><T54/><D131/><N who="3" m="50249" /><G50/><AGARI ba="3,1" hai="3,7,9,16,22,26,40,44,50,89,90" m="47658" machi="50" ten="30,2000,0" yaku="18,1,54,1" doraHai="101" who="1" fromWho="3" sc="164,0,350,39,236,0,240,-29" /><INIT seed="3,0,0,1,5,9" ten="164,389,236,211" oya="3" hai0="108,59,111,7,37,53,0,135,56,38,124,15,36" hai1="75,67,92,102,11,128,134,97,26,62,87,112,71" hai2="101,66,119,2,63,121,118,47,57,48,39,91,72" hai3="14,69,19,58,42,90,28,61,46,79,130,51,100"/><W113/><G113/><T4/><D0/><U82/><E128/><V94/><F121/><W8/><G130/><T76/><D76/><U10/><E134/><V115/><F115/><W105/><G69/><T110/><D135/><U116/><E116/><V70/><F72/><W3/><G3/><T89/><D124/><U88/><E112/><V77/><F77/><W30/><G79/><T35/><D35/><U60/><E75/><V29/><F2/><W34/><G34/><T44/><D89/><U55/><E26/><V24/><F101/><W133/><G133/><T16/><D44/><U64/><E55/><V98/><F39/><W43/><G43/><T5/><D53/><U40/><E40/><V6/><F6/><W78/><G78/><T32/><D32/><U74/><E74/><V132/><F70/><AGARI ba="0,0" hai="10,11,60,62,64,67,70,71,82,87,88,92,97,102" machi="70" ten="30,3900,0" yaku="7,1,9,1,54,1" doraHai="9" who="1" fromWho="2" sc="164,0,389,39,236,-39,211,0" owari="164,-33.6,428,52.8,197,-20.3,211,1.1" /></mjloggm>