<mjloggm ver="2.3"><GO type="225" lobby="0"/><UN n0="%E6%9C%88%E5%B3%B6%E5%9F%BA" n1="%4C%4F%4C%49%54%41" n2="%E7%99%BD%E5%80%89%E5%AF%9B%E4%B9%8B" n3="%E4%BF%BA%E3%81%A8%E5%A6%96%E5%A4%A2" dan="16,16,16,16" rate="2113.09,2104.97,2131.69,2137.10" sx="M,F,M,F"/><TAIKYOKU oya="0"/><INIT seed="0,0,0,0,5,109" ten="250,250,250,250" oya="0" hai0="50,99,15,29,13,86,94,116,64,35,57,133,52" hai1="131,22,78,69,30,71,6,103,12,14,96,18,36" hai2="7,75,117,5,120,80,66,10,23,42,125,81,98" hai3="8,107,27,16,127,4,91,55,38,73,65,3,89"/><T72/><D72/><U115/><E36/><V11/><F120/><W113/><G107/><T26/><D116/><U34/><E131/><V37/><F117/><W53/><G73/><T32/><D133/><U90/><E78/><V112/><F125/><W24/><G38/><T122/><D122/><U105/><E115/><V76/><F66/><W104/><G104/><T56/><D35/><U114/><E114/><V129/><F129/><W46/><G127/><T97/><D86/><U60/><E90/><V132/><F98/><W85/><G113/><T39/><D39/><U126/><E126/><V43/><F112/><W92/><G65/><T41/><D41/><U44/><E44/><V118/><F118/><W48/><G55/><T121/><D97/><U135/><E135/><V51/><F132/><W33/><G33/><T124/><D121/><U83/><E83/><V95/><F95/><W101/><G101/><T28/><D28/><U21/><E60/><V100/><F100/><W19/><REACH who="3" step="1"/><G89/><REACH who="3" ten="250,250,250,240" step="2"/><T9/><D124/><U110/><E34/><V106/><F106/><W25/><AGARI ba="0,1" hai="3,4,8,16,19,24,25,27,46,48,53,85,91,92" machi="25" ten="30,7900,0" yaku="1,1,2,1,0,1,54,1,53,0" doraHai="109" doraHaiUra="119" who="3" fromWho="3" sc="250,-39,250,-20,250,-20,240,89" /><INIT seed="1,0,0,3,0,3" ten="211,230,230,329" oya="1" hai0="134,33,28,123,100,7,111,75,125,124,49,16,89" hai1="82,50,79,15,84,37,126,108,102,72,106,1,116" hai2="120,104,42,46,20,131,132,52,121,68,29,31,81" hai3="83,47,74,9,119,71,40,34,96,25,95,113,17"/><U80/><E116/><V56/><F68/><W99/><G119/><T26/><D75/><U13/><E37/><V133/><F104/><W48/><G71/><T55/><D111/><U39/><E39/><N who="2" m="21855" /><F81/><W2/><G113/><T127/><D134/><N who="2" m="51818" /><F20/><W105/><G105/><T10/><D123/><N who="2" m="47178" /><F131/><W110/><G110/><T97/><D89/><U88/><E108/><V59/><F59/><W87/><G74/><T14/><D97/><U62/><E106/><V12/><F12/><W32/><G96/><T69/><D100/><U22/><E102/><V129/><F129/><W70/><G70/><T65/><D65/><U109/><E109/><V66/><F66/><W77/><G95/><T103/><D103/><U78/><E1/><V67/><F67/><W5/><G99/><T11/><D69/><U91/><E15/><V60/><AGARI ba="0,0" hai="29,31,52,56,60" m="47178,51818,21855" machi="60" ten="30,2000,0" yaku="20,1,54,1" doraHai="3" who="2" fromWho="2" sc="211,-5,230,-10,230,20,329,-5" /><INIT seed="2,0,0,3,3,82" ten="206,220,250,324" oya="2" hai0="117,54,21,97,2,56,33,101,112,9,3,57,62" hai1="106,5,102,58,67,111,132,13,42,22,110,37,39" hai2="0,68,65,100,19,94,27,30,14,6,69,135,7" hai3="88,114,130,115,133,105,89,121,127,26,124,77,48"/><V45/><F135/><W52/><G121/><T79/><D112/><N who="3" m="43049" /><G133/><T118/><D33/><U125/><E132/><V24/><F45/><N who="3" m="27663" /><G130/><T18/><D79/><U86/><E125/><N who="3" m="48202" /><G77/><T49/><D9/><U123/><E123/><V44/><F44/><W36/><G36/><T129/><D129/><U98/><E39/><V63/><F68/><W20/><G105/><T40/><D117/><U109/><E37/><V103/><F0/><W53/><G53/><T17/><D118/><U134/><E134/><V15/><F69/><W10/><G10/><T12/><D40/><U131/><E42/><V11/><F11/><W78/><G78/><T95/><REACH who="0" step="1"/><D18/><AGARI ba="0,0" hai="18,20,26,88,89" m="48202,27663,43049" machi="18" ten="30,7700,0" yaku="11,1,18,1,54,2" doraHai="82" who="3" fromWho="0" sc="206,-77,220,0,250,0,324,77" /><INIT seed="3,0,0,1,2,120" ten="129,220,250,401" oya="3" hai0="44,49,12,104,80,34,78,39,32,128,7,4,40" hai1="38,129,26,46,119,67,79,118,27,6,89,115,93" hai2="59,9,112,122,71,16,3,130,124,86,29,134,28" hai3="53,15,110,30,116,135,2,42,88,74,18,101,10"/><W76/><G110/><T107/><D128/><U97/><E115/><V47/><F71/><W75/><G116/><N who="1" m="44586" /><E129/><V123/><F47/><W90/><G135/><T121/><D121/><N who="2" m="46090" /><F86/><W62/><G101/><T73/><D7/><U77/><E67/><V14/><F130/><W64/><G53/><T37/><D37/><U17/><E6/><N who="2" m="1247" /><F59/><W31/><G42/><T61/><D61/><U35/><E17/><V25/><F134/><W126/><G74/><T94/><D39/><U24/><E35/><N who="2" m="20879" /><F29/><W5/><G31/><T113/><D113/><U99/><E97/><V56/><F56/><W55/><G30/><T41/><D41/><AGARI ba="0,0" hai="24,26,27,38,41,46,77,79,89,93,99" m="44586" machi="41" ten="30,1000,0" yaku="12,1" doraHai="120" who="1" fromWho="0" sc="129,-10,220,10,250,0,401,0" owari="119,-38.1,230,-17.0,250,5.0,401,50.1" /></mjloggm>