<mjloggm ver="2.3"><GO type="225" lobby="0"/><UN n0="%E3%83%81%E3%83%83%E3%82%BF%E3%82%BD%E3%83%BC" n1="%E5%B6%BA%E4%B8%8A%E5%92%B2" n2="%E5%B0%8F%E9%B3%A5%E9%81%8A%E7%B7%B4%E7%84%A1%32%31%E6%AD%B3" n3="%E3%83%B4%E3%83%A0%EF%BC%99%E3%81%A6" dan="16,16,16,17" rate="2122.60,2136.18,2184.81,2148.06" sx="F,F,F,M"/><TAIKYOKU oya="0"/><INIT seed="0,0,0,3,4,29" ten="250,250,250,250" oya="0" hai0="40,107,92,122,116,52,109,77,42,102,15,4,74" hai1="45,43,22,103,112,28,98,39,62,27,97,34,55" hai2="106,133,41,17,123,25,94,38,16,132,115,32,35" hai3="44,37,46,12,117,88,67,6,2,134,9,19,75"/><T0/><D116/><U81/><E112/><V84/><F106/><W61/><G117/><T48/><D122/><U114/><E114/><V70/><F70/><W96/><G134/><N who="2" m="51817" /><F123/><W68/><G75/><T69/><D69/><U13/><E81/><V71/><F71/><W83/><G37/><T53/><D0/><U124/><E124/><V24/><F115/><W89/><G89/><T111/><D107/><U129/><E129/><V121/><F121/><W33/><G33/><N who="2" m="12873" /><F41/><W79/><G79/><T54/><D40/><U130/><E130/><V23/><F38/><W72/><G72/><T63/><D42/><U1/><E1/><V131/><F131/><W51/><G51/><T101/><D48/><U87/><E87/><V18/><F94/><W125/><G125/><T91/><D63/><U56/><E103/><V5/><F84/><W76/><G68/><T20/><D101/><U47/><E47/><V118/><F118/><W100/><G46/><T93/><D102/><U119/><E119/><V3/><F25/><W59/><G44/><T110/><D93/><U113/><E113/><V64/><F64/><W99/><G67/><T10/><D74/><U128/><E128/><V8/><AGARI ba="0,0" hai="3,5,8,16,17,18,23,24" m="12873,51817" machi="8" ten="40,12000,2" yaku="20,1,34,2,52,3,54,1" doraHai="29" who="2" fromWho="2" sc="250,-60,250,-30,250,120,250,-30" /><INIT seed="1,0,0,1,1,59" ten="190,220,370,220" oya="1" hai0="98,55,92,124,42,58,104,116,38,97,48,120,82" hai1="39,73,40,103,1,115,25,33,9,96,49,129,99" hai2="35,53,0,7,50,36,70,21,27,78,51,44,43" hai3="19,11,80,12,133,26,37,3,134,60,91,123,117"/><U8/><E115/><V63/><F35/><W106/><G123/><T29/><D124/><U119/><E119/><V76/><F7/><W100/><G37/><T101/><D120/><U14/><E129/><V30/><F0/><W31/><G117/><T102/><D116/><U45/><E73/><V22/><F22/><W110/><G110/><T65/><D29/><U68/><E68/><V77/><REACH who="2" step="1"/><F53/><REACH who="2" ten="190,220,360,220" step="2"/><W87/><G3/><T20/><D20/><U18/><E1/><V64/><AGARI ba="0,1" hai="21,27,30,36,43,44,50,51,63,64,70,76,77,78" machi="64" ten="30,7900,0" yaku="1,1,2,1,0,1,52,1,53,0" doraHai="59" doraHaiUra="88" who="2" fromWho="2" sc="190,-20,220,-39,360,89,220,-20" /><INIT seed="2,0,0,0,0,23" ten="170,181,449,200" oya="2" hai0="96,76,16,107,64,112,21,92,105,51,27,132,110" hai1="120,71,111,67,46,87,97,130,69,134,24,124,108" hai2="47,90,75,88,72,118,80,116,113,41,121,7,133" hai3="99,81,45,102,34,77,32,48,78,123,0,4,66"/><V52/><F121/><W37/><G123/><T103/><D110/><U1/><E120/><V33/><F33/><W8/><G66/><T106/><D132/><U6/><E130/><V62/><F7/><W109/><G109/><N who="1" m="42058" /><E134/><V10/><F113/><W94/><G77/><T49/><D112/><U31/><E124/><V40/><F10/><W70/><G70/><N who="1" m="26634" /><E67/><V79/><F72/><N who="3" m="43207" /><G48/><T114/><D114/><U14/><E46/><V135/><F135/><W22/><G22/><T54/><D64/><U35/><E87/><V17/><F133/><W117/><G117/><T100/><D76/><U12/><E97/><V56/><F79/><W13/><G13/><T65/><D65/><U93/><E93/><V3/><F118/><W15/><G15/><T73/><D73/><U128/><E128/><V126/><F75/><W42/><AGARI ba="0,0" hai="0,4,8,32,34,37,42,45,94,99,102" m="43207" machi="42" ten="30,1100,0" yaku="25,1" doraHai="23" who="3" fromWho="3" sc="170,-3,181,-3,449,-5,200,11" /><INIT seed="3,0,0,5,4,6" ten="167,178,444,211" oya="3" hai0="110,98,93,107,116,92,103,51,48,37,12,104,55" hai1="94,126,15,117,123,102,133,115,61,128,19,83,14" hai2="130,31,11,70,24,58,91,89,88,113,60,87,1" hai3="57,47,50,36,41,2,38,108,99,73,119,84,52"/><W124/><G73/><T45/><D110/><U33/><E115/><V127/><F70/><W4/><G119/><T25/><D116/><U30/><E117/><V20/><F130/><W28/><G108/><T59/><D37/><U9/><E123/><V0/><F127/><W90/><G124/><T131/><D131/><U77/><E128/><V10/><F0/><W18/><G28/><T63/><D25/><U105/><E126/><V122/><F1/><W26/><G99/><T68/><D12/><U39/><E39/><V40/><F40/><W82/><G2/><T78/><D78/><U43/><E43/><V65/><F122/><W79/><G4/><T62/><D62/><U109/><E61/><V86/><F113/><W100/><G100/><T29/><D29/><U81/><E81/><N who="2" m="49231" /><F91/><W121/><G121/><T27/><D27/><U85/><E109/><V101/><F101/><W75/><G38/><T21/><D21/><U54/><E30/><V114/><F114/><W35/><G35/><T8/><D8/><U72/><E9/><V74/><F74/><W44/><G36/><T23/><D23/><U56/><E72/><V134/><F134/><W42/><G79/><T3/><D3/><U7/><E133/><V66/><F66/><W80/><G75/><T112/><D112/><U49/><E33/><V125/><F125/><W69/><G69/><T132/><D132/><U96/><E7/><V34/><F34/><W67/><G67/><N who="0" m="41087" /><D107/><U71/><E71/><V32/><F32/><W118/><G118/><T46/><D59/><U135/><E135/><V120/><F120/><RYUUKYOKU ba="0,0" sc="167,15,178,-15,444,15,211,-15" hai0="45,46,48,51,55,92,93,98,103,104" hai2="10,11,20,24,31,58,60,65,87,89" owari="182,-21.8,163,-33.7,459,55.9,196,-0.4" /></mjloggm>