<mjloggm ver="2.3"><GO type="225" lobby="0"/><UN n0="%79%75%72%69%6D%6F%67" n1="%72%65%6E%6B%75%6E" n2="%E7%AB%8B%E7%9B%B4%E5%A5%BD%E6%A3%92%40%E5%BF%98" n3="%E3%83%96%E3%83%83%E3%83%91%E3%82%AA%E3%83%96%E3%83%81%E3%82%AD%E3%83%B3" dan="16,17,17,16" rate="2125.02,2217.36,2146.07,2140.65" sx="F,M,M,M"/><TAIKYOKU oya="0"/><INIT seed="0,0,0,4,0,48" ten="250,250,250,250" oya="0" hai0="112,128,6,100,30,124,88,92,69,19,47,20,50" hai1="45,83,12,120,52,42,106,133,116,40,102,74,54" hai2="7,110,127,75,87,90,119,25,31,117,4,62,65" hai3="121,66,10,77,122,18,84,21,26,104,1,38,68"/><T8/><D112/><U79/><E116/><N who="2" m="44619" /><F75/><W80/><G104/><T32/><D69/><U107/><E120/><N who="3" m="46186" /><G38/><T76/><D124/><U73/><E133/><V115/><F115/><W35/><G35/><T46/><D128/><U93/><E93/><N who="2" m="54495" /><F110/><W129/><G129/><T131/><D46/><U24/><E12/><V27/><F127/><W13/><G1/><T5/><D100/><U17/><E102/><V82/><F82/><W99/><G99/><N who="0" m="57735" /><D76/><U125/><E125/><V91/><F91/><W57/><G68/><T105/><D32/><U61/><E45/><V70/><F27/><W56/><G66/><T71/><D71/><U72/><E24/><V132/><F132/><W51/><G51/><T14/><D105/><U64/><E106/><V135/><F135/><W81/><G81/><T58/><D58/><U94/><E94/><V0/><F0/><W126/><G126/><T123/><D131/><U108/><E107/><V85/><F85/><W49/><G49/><T36/><D36/><U33/><E108/><V29/><F25/><W60/><G60/><T130/><D130/><U55/><E33/><V3/><F3/><W23/><G26/><N who="0" m="16711" /><D123/><U78/><E83/><V98/><F98/><W103/><G103/><T109/><D109/><U89/><E89/><V15/><F31/><W134/><G134/><T111/><D111/><U11/><E79/><V43/><F29/><W118/><G118/><T44/><D44/><U9/><E78/><V37/><F37/><W2/><G2/><T59/><D59/><AGARI ba="0,0" hai="10,13,18,21,23,56,57,59,77,80,84" m="46186" machi="59" ten="30,1000,0" yaku="13,1" doraHai="48" who="3" fromWho="0" sc="250,-10,250,0,250,0,250,10" /><INIT seed="1,0,0,2,1,124" ten="240,250,250,260" oya="1" hai0="60,46,128,62,38,111,123,44,89,114,11,25,22" hai1="108,29,64,130,85,15,5,131,34,7,0,104,109" hai2="74,31,13,23,8,52,112,17,79,134,95,105,75" hai3="28,66,116,10,121,47,55,87,81,77,57,82,127"/><U65/><E104/><V30/><F105/><W19/><G127/><T110/><D114/><U43/><E43/><V12/><F134/><W118/><G121/><T133/><D133/><U58/><E0/><V126/><F126/><W68/><G28/><T6/><D89/><U4/><E15/><V21/><F112/><W54/><G68/><T117/><D117/><N who="3" m="45161" /><G47/><N who="0" m="17963" /><D38/><U129/><E85/><V2/><F95/><W125/><G125/><T63/><D123/><U88/><E88/><V14/><F79/><W76/><G19/><T93/><D93/><U115/><E115/><V41/><F41/><W78/><G10/><T3/><D22/><N who="2" m="8202" /><F52/><N who="3" m="20011" /><G87/><T103/><D25/><N who="1" m="18735" /><E58/><V56/><F56/><W20/><G20/><T135/><D103/><U32/><E32/><V101/><F101/><W91/><G91/><T83/><D83/><N who="3" m="31753" /><G57/><T16/><D135/><U71/><E71/><V120/><F120/><W45/><G45/><T100/><D16/><U102/><E102/><V119/><F119/><W122/><G122/><T42/><D100/><U80/><E80/><V69/><F69/><W35/><G35/><T24/><D42/><U39/><E39/><V40/><F40/><W1/><G1/><T33/><D24/><U36/><E36/><V113/><F113/><W70/><G70/><T92/><D33/><U51/><E51/><V73/><F17/><W132/><G132/><T97/><D92/><U18/><E18/><V48/><F48/><W37/><G37/><T53/><D53/><U50/><E50/><V106/><F106/><W49/><G49/><T96/><D3/><U86/><E86/><RYUUKYOKU ba="0,0" sc="240,-30,250,10,250,10,260,10" hai1="4,5,7,64,65,108,109,129,130,131" hai2="2,8,12,13,14,30,31,73,74,75" hai3="66,76,77,78" /><INIT seed="1,1,0,4,0,105" ten="210,260,260,270" oya="1" hai0="114,43,6,14,115,22,78,134,101,28,68,31,132" hai1="7,20,34,107,49,84,129,59,24,55,8,124,39" hai2="18,125,60,102,17,85,122,88,63,67,83,13,91" hai3="51,61,32,76,30,98,37,100,116,82,69,44,108"/><U36/><E107/><V128/><F122/><W123/><G123/><T111/><D101/><U86/><E34/><V120/><F120/><W97/><G37/><T45/><D78/><U135/><E135/><N who="0" m="51753" /><D68/><U38/><E129/><V131/><F125/><W93/><G108/><T26/><D31/><U23/><E124/><V65/><F102/><W21/><G116/><T133/><N who="0" m="51761" /><T81/><DORA hai="2" /><D81/><U41/><E41/><V10/><F18/><W73/><G32/><T19/><D111/><U35/><E35/><V94/><F63/><W57/><G69/><T117/><D117/><U58/><E58/><V109/><F109/><W118/><G118/><T79/><D79/><U99/><E99/><V1/><F1/><W54/><G98/><T11/><D28/><U95/><E95/><V112/><F112/><W121/><G121/><T42/><D42/><U113/><E113/><V33/><F33/><W53/><REACH who="3" step="1"/><G30/><REACH who="3" ten="210,260,260,260" step="2"/><T127/><D127/><U52/><E55/><V64/><REACH who="2" step="1"/><F60/><REACH who="2" ten="210,260,250,260" step="2"/><W104/><G104/><T130/><D130/><U72/><E38/><AGARI ba="1,2" hai="6,11,14,19,22,26,38,43,45,114,115" m="51761" machi="38" ten="40,2600,0" yaku="20,1,52,1" doraHai="105,2" who="0" fromWho="1" sc="210,49,260,-29,250,0,260,0" /><INIT seed="2,0,0,0,5,122" ten="259,231,250,260" oya="2" hai0="47,56,42,82,83,112,10,58,97,124,14,114,76" hai1="26,22,65,33,8,93,73,46,67,71,64,13,34" hai2="30,120,6,60,9,89,131,57,133,105,115,70,38" hai3="41,94,123,39,85,23,118,121,106,74,11,86,18"/><V29/><F115/><W87/><G118/><T128/><D124/><U3/><E73/><V98/><F120/><W17/><G106/><T48/><D128/><U125/><E125/><V27/><F70/><W2/><G74/><T69/><D69/><U104/><E104/><V21/><F38/><W32/><G32/><T79/><D97/><U75/><E75/><V53/><F131/><W134/><G134/><T37/><D37/><U109/><E71/><V51/><F133/><W25/><G94/><T80/><D114/><U28/><E3/><V117/><F117/><W0/><G0/><T135/><D135/><U36/><E93/><N who="2" m="56623" /><F105/><W100/><G100/><T63/><D112/><U102/><E102/><V99/><F99/><W101/><G101/><T72/><D72/><U45/><E109/><V7/><F30/><W59/><G59/><T40/><D40/><U88/><E88/><V54/><F9/><W61/><G61/><T127/><D58/><AGARI ba="0,0" hai="6,7,21,27,29,51,53,54,57,58,60" m="56623" machi="58" ten="30,1500,0" yaku="8,1" doraHai="122" who="2" fromWho="0" sc="259,-15,231,0,250,15,260,0" /><INIT seed="2,1,0,1,2,131" ten="244,231,265,260" oya="2" hai0="114,90,129,87,64,27,25,41,65,109,104,113,36" hai1="31,70,8,82,117,1,34,59,71,9,55,17,110" hai2="52,126,130,42,5,12,107,99,44,6,93,0,97" hai3="72,4,23,118,127,39,80,108,48,61,84,75,76"/><V112/><F112/><W49/><G39/><T11/><D104/><U32/><E117/><V19/><F130/><W100/><G118/><T128/><D11/><U50/><E110/><V66/><F66/><W40/><G108/><T77/><D109/><U15/><E82/><V125/><F107/><W123/><G123/><T38/><D77/><U67/><E31/><V7/><F0/><W134/><G127/><N who="2" m="48649" /><F93/><W91/><G100/><T60/><D129/><U58/><E58/><V92/><F92/><W54/><G4/><N who="2" m="1025" /><V56/><DORA hai="124" /><F44/><W29/><G75/><T101/><D101/><U122/><E122/><V24/><F24/><W119/><G72/><T30/><D65/><U46/><E1/><V103/><F42/><W53/><G40/><T78/><D27/><U14/><E46/><V96/><F103/><W120/><G119/><T95/><D128/><U43/><E43/><V132/><F132/><W51/><G134/><T135/><D135/><U20/><E67/><V74/><F74/><W111/><G111/><T98/><D41/><U10/><REACH who="1" step="1"/><E14/><REACH who="1" ten="244,221,265,260" step="2"/><V3/><F3/><W81/><G120/><T73/><D114/><U69/><AGARI ba="1,1" hai="8,9,10,15,17,20,32,34,50,55,59,69,70,71" machi="69" ten="40,5200,0" yaku="1,1,2,1,0,1,53,0" doraHai="131,124" doraHaiUra="62,26" who="1" fromWho="1" sc="244,-14,221,65,265,-27,260,-14" /><INIT seed="3,0,0,5,2,106" ten="230,286,238,246" oya="3" hai0="89,69,66,11,41,35,51,94,40,3,72,37,119" hai1="58,17,122,4,76,82,43,91,44,113,96,121,10" hai2="90,129,93,25,6,31,130,5,85,57,92,63,95" hai3="81,65,120,79,18,97,84,23,123,46,131,67,88"/><W26/><G131/><T7/><D119/><U114/><E17/><V75/><F75/><W49/><G123/><T87/><D37/><N who="1" m="21615" /><E58/><V135/><F135/><W77/><G120/><N who="1" m="46186" /><E91/><V125/><F125/><W48/><G48/><T61/><D35/><U98/><E96/><V55/><F129/><W54/><G97/><T42/><REACH who="0" step="1"/><D72/><REACH who="0" ten="220,286,238,246" step="2"/><N who="1" m="43271" /><E98/><V20/><REACH who="2" step="1"/><F130/><REACH who="2" ten="220,286,228,246" step="2"/><W64/><AGARI ba="0,2" hai="18,23,26,46,49,54,64,65,67,77,79,81,84,88" machi="64" ten="30,6000,0" yaku="0,1,8,1,54,1" doraHai="106" who="3" fromWho="3" sc="220,-20,286,-20,228,-20,246,80" owari="200,-30.0,266,6.6,208,-19.2,326,42.6" /></mjloggm>