<mjloggm ver="2.3"><GO type="225" lobby="0"/><UN n0="%E3%83%A9%E3%83%BC%E3%83%A1%E3%83%B3%E4%BA%94%E9%83%8E" n1="%E3%82%A2%E3%83%9E%E3%83%9D%EF%BD%9E%EF%BD%9E%E3%83%A9" n2="%E5%B0%8F%E9%B3%A5%E9%81%8A%E7%B7%B4%E7%84%A1%32%31%E6%AD%B3" n3="%E6%9C%88%E5%B3%B6%E5%9F%BA" dan="16,17,16,17" rate="2073.83,2131.94,2193.14,2188.55" sx="M,M,F,M"/><TAIKYOKU oya="0"/><INIT seed="0,0,0,2,5,13" ten="250,250,250,250" oya="0" hai0="48,129,61,98,101,72,42,120,15,9,102,17,97" hai1="78,122,75,23,66,60,74,18,133,47,132,62,50" hai2="107,26,33,106,116,108,68,64,80,51,119,49,52" hai3="58,37,109,95,131,110,99,115,57,69,89,83,114"/><T117/><D117/><N who="2" m="45130" /><F49/><W40/><G69/><T130/><D120/><U79/><E122/><V44/><F108/><N who="3" m="41579" /><G131/><N who="0" m="50187" /><D72/><U31/><E31/><N who="2" m="19703" /><F80/><W71/><G71/><T32/><D32/><U105/><E105/><N who="2" m="39947" /><F68/><W100/><G40/><T90/><D61/><U123/><E123/><V6/><F6/><W96/><G37/><T94/><D98/><U113/><E62/><V10/><F10/><W87/><G99/><T4/><D4/><U5/><E5/><V77/><F77/><N who="1" m="29193" /><E60/><V38/><F38/><W22/><G22/><T88/><D90/><U121/><E23/><V14/><F14/><W85/><G87/><T39/><D39/><U7/><E75/><V8/><F8/><W3/><G3/><T65/><D65/><AGARI ba="0,0" hai="44,51,52,64,65" m="39947,19703,45130" machi="65" ten="30,2000,0" yaku="12,1,54,1" doraHai="13" who="2" fromWho="0" sc="250,-20,250,0,250,20,250,0" /><INIT seed="1,0,0,4,3,50" ten="230,250,270,250" oya="1" hai0="92,60,31,114,102,59,21,107,87,42,45,24,38" hai1="91,118,62,85,25,69,73,27,48,93,131,34,77" hai2="49,6,125,112,46,17,68,23,84,135,16,56,89" hai3="128,8,61,101,29,75,52,19,81,51,76,63,37"/><U22/><E118/><V9/><F68/><W86/><G37/><T74/><D114/><U40/><E131/><V109/><F109/><W79/><G128/><T43/><D74/><U78/><E73/><V20/><F135/><W41/><G41/><T94/><D43/><U30/><E40/><V39/><F39/><W18/><G75/><T1/><D1/><U122/><E122/><V65/><F125/><W2/><G2/><T115/><D115/><U66/><REACH who="1" step="1"/><E48/><REACH who="1" ten="230,240,270,250" step="2"/><V80/><F112/><W110/><G51/><T32/><D38/><U111/><E111/><V14/><F46/><W124/><G110/><T106/><D45/><U117/><E117/><V10/><F6/><W54/><G124/><T12/><D42/><U7/><E7/><V96/><F49/><W127/><G127/><T123/><D123/><U72/><E72/><V26/><REACH who="2" step="1"/><F96/><REACH who="2" ten="230,240,260,250" step="2"/><W57/><G63/><AGARI ba="0,2" hai="9,10,14,16,17,20,23,26,56,63,65,80,84,89" machi="63" ten="40,8000,1" yaku="1,1,2,1,8,1,54,1,53,0" doraHai="50" doraHaiUra="95" who="2" fromWho="3" sc="230,0,240,0,260,100,250,-80" /><INIT seed="2,0,0,5,4,14" ten="230,240,360,170" oya="2" hai0="84,80,29,10,22,117,68,93,90,27,45,44,38" hai1="54,33,5,8,76,119,114,41,21,58,37,13,83" hai2="126,60,92,101,4,55,20,56,134,107,19,16,52" hai3="110,69,25,123,73,135,47,71,35,96,18,112,72"/><V31/><F107/><W15/><G123/><T24/><D117/><U3/><E114/><V57/><F134/><W32/><G135/><T75/><D68/><U48/><E119/><V42/><F42/><W43/><G112/><T131/><D38/><U113/><E113/><V128/><F4/><W102/><G110/><T11/><D131/><U50/><E33/><V66/><F128/><W39/><G71/><T100/><D27/><U77/><E77/><V23/><F31/><W53/><G69/><T98/><D75/><N who="1" m="43423" /><E21/><N who="2" m="8267" /><F126/><W78/><G72/><T129/><D129/><U88/><E88/><V26/><F26/><W59/><G25/><T125/><D125/><U105/><E13/><V103/><F66/><W49/><G78/><T118/><D118/><U51/><E105/><V130/><F130/><W36/><G36/><T86/><D86/><U111/><E111/><V70/><F70/><W34/><G73/><T74/><D74/><U109/><E109/><V6/><F6/><W121/><G121/><T133/><D133/><U62/><E41/><V81/><F81/><W87/><G87/><T120/><D120/><U108/><E37/><V91/><F103/><W65/><G65/><T64/><D64/><U67/><E108/><V63/><F101/><W95/><REACH who="3" step="1"/><G35/><REACH who="3" ten="230,240,360,160" step="2"/><T9/><AGARI ba="0,1" hai="9,10,11,22,24,29,44,45,80,84,90,93,98,100" machi="9" ten="30,2000,0" yaku="0,1,8,1" doraHai="14" who="0" fromWho="0" sc="230,30,240,-5,360,-10,160,-5" /><INIT seed="3,0,0,1,2,4" ten="260,235,350,155" oya="3" hai0="12,135,29,109,72,62,120,131,6,26,18,70,96" hai1="58,54,117,23,90,60,30,44,115,66,50,43,92" hai2="116,65,124,38,77,15,85,53,97,1,11,45,123" hai3="128,112,31,32,100,25,48,129,98,126,107,121,24"/><W87/><G112/><T91/><D120/><U133/><E133/><V36/><F65/><W75/><G121/><T81/><D72/><U64/><E117/><V108/><F1/><W67/><G75/><T56/><D70/><U69/><E115/><V42/><F108/><W80/><G126/><T114/><D131/><N who="3" m="50249" /><G67/><T79/><D79/><U122/><E122/><V59/><F36/><W130/><N who="3" m="50257" /><W57/><DORA hai="111" /><G25/><T86/><D26/><N who="1" m="16735" /><E69/><V99/><F124/><W89/><G57/><T105/><D56/><U74/><E74/><V132/><F132/><W51/><AGARI ba="0,0" hai="24,31,32,48,51,80,87,89,98,100,107" m="50257" machi="51" ten="40,2100,0" yaku="19,1" doraHai="4,111" who="3" fromWho="3" sc="260,-7,235,-7,350,-7,155,21" /><INIT seed="3,1,0,5,4,75" ten="253,228,343,176" oya="3" hai0="55,24,47,71,104,51,70,126,29,6,134,21,23" hai1="116,67,117,88,48,86,46,39,110,121,30,100,128" hai2="35,135,53,66,102,1,77,31,13,80,41,122,61" hai3="105,73,81,91,11,89,62,125,40,57,42,68,4"/><W15/><G125/><T83/><D104/><U7/><E110/><V12/><F1/><W101/><G68/><T20/><D126/><U94/><E128/><V109/><F109/><W76/><G105/><T10/><D134/><U124/><E124/><V133/><F53/><W18/><G101/><T28/><D70/><U25/><E39/><V131/><F131/><W78/><G4/><T112/><D112/><U108/><E108/><V19/><F41/><N who="3" m="15979" /><G73/><T115/><D71/><U95/><E67/><V5/><F102/><W43/><N who="3" m="15987" /><W17/><DORA hai="106" /><G17/><T103/><D115/><U97/><E7/><V64/><F5/><W79/><G81/><T37/><D37/><U2/><E2/><V60/><F19/><W36/><G36/><T49/><D103/><U33/><E121/><V50/><F80/><W118/><G118/><N who="1" m="45674" /><E48/><V93/><F50/><W72/><G72/><T113/><D51/><U58/><E58/><V8/><F122/><W114/><G114/><T129/><D113/><U65/><E65/><AGARI ba="1,0" hai="11,15,18,57,62,65,76,78,79,89,91" m="15987" machi="65" ten="40,12000,1" yaku="8,1,52,3" doraHai="75,106" who="3" fromWho="1" sc="253,0,228,-123,343,0,176,123" /><INIT seed="3,2,0,4,1,85" ten="253,105,343,299" oya="3" hai0="6,115,72,10,91,70,58,44,64,20,15,49,16" hai1="84,134,78,40,67,135,28,47,100,125,2,82,109" hai2="132,25,114,95,41,89,52,127,32,18,69,73,80" hai3="124,107,63,61,104,94,9,0,133,77,42,83,35"/><W128/><G35/><T4/><D72/><U48/><E109/><V1/><F69/><W102/><G128/><T12/><D70/><U99/><E125/><V46/><F1/><W86/><G124/><T56/><D115/><U108/><E108/><V68/><F68/><W110/><G110/><T14/><D64/><U55/><E2/><V122/><F52/><W111/><G111/><T75/><D75/><U93/><E135/><V24/><F114/><W105/><G133/><T8/><D91/><U87/><E134/><V50/><F122/><W106/><G42/><AGARI ba="2,0" hai="4,6,8,10,12,14,15,16,20,42,44,49,56,58" machi="42" ten="30,7700,0" yaku="7,1,9,1,8,1,54,1" doraHai="85" who="0" fromWho="3" sc="253,83,105,0,343,0,299,-83" owari="336,13.6,105,-39.5,343,44.3,216,-18.4" /></mjloggm>