<mjloggm ver="2.3"><GO type="225" lobby="0"/><UN n0="%E6%9D%B1%E9%A2%A8%E3%81%AE%E3%81%8D%E3%82%83%E3%81%B7%E3%81%95%E3%82%93" n1="%E3%83%B4%E3%82%A3%E3%83%AF%E3%82%B3%E3%82%B0%E3%83%8B" n2="%E3%81%BD%E3%81%A1%E3%81%9F%E3%81%93%E3%82%84" n3="%77%72%77%72%77%72%77%72" dan="16,17,17,16" rate="2191.12,2245.82,2172.68,2104.72" sx="M,M,M,M"/><TAIKYOKU oya="0"/><INIT seed="0,0,0,2,1,57" ten="250,250,250,250" oya="0" hai0="41,81,79,94,133,44,40,50,87,31,69,25,43" hai1="51,22,2,120,59,130,37,60,34,27,112,95,85" hai2="115,45,39,108,119,54,78,32,66,21,14,68,1" hai3="106,100,90,61,52,24,0,76,13,28,65,125,4"/><T58/><D69/><U19/><E130/><V64/><F1/><W101/><G125/><T117/><D117/><U42/><E120/><V73/><F32/><W47/><G0/><T132/><D94/><U104/><E2/><V5/><F115/><W97/><G76/><T83/><D83/><U135/><E135/><N who="0" m="51785" /><D58/><U84/><E104/><V18/><F78/><W98/><G90/><T72/><D72/><U114/><E34/><AGARI ba="0,0" hai="25,31,34,40,41,43,44,50,79,81,87" m="51785" machi="34" ten="30,1500,0" yaku="20,1" doraHai="57" who="0" fromWho="1" sc="250,15,250,-15,250,0,250,0" /><INIT seed="0,1,0,4,2,0" ten="265,235,250,250" oya="0" hai0="62,77,113,101,60,3,107,81,13,65,83,119,135" hai1="131,97,84,128,79,7,120,103,92,118,63,68,88" hai2="26,58,27,19,93,67,14,43,34,61,52,41,102" hai3="30,21,73,51,123,87,112,134,33,109,59,80,96"/><T76/><D3/><U37/><E118/><V66/><F34/><W125/><G112/><T2/><D2/><U55/><E120/><V108/><F108/><W104/><G109/><T86/><D135/><U130/><E37/><V111/><F111/><W23/><G134/><T36/><D36/><U91/><E7/><V22/><F102/><W45/><G73/><T71/><D119/><U15/><E15/><V115/><F93/><W12/><G59/><T53/><D113/><U16/><E16/><N who="2" m="12615" /><F27/><W127/><G123/><T95/><D13/><U4/><E4/><V8/><F115/><W47/><G33/><T5/><D5/><U75/><E75/><V56/><F66/><W82/><G30/><T38/><D38/><U114/><E114/><V126/><F126/><N who="3" m="48139" /><G45/><T24/><D24/><U31/><E31/><V69/><F69/><W20/><G80/><T64/><D107/><U49/><E79/><V132/><F132/><W70/><G70/><T89/><D53/><U100/><E63/><AGARI ba="1,0" hai="8,14,19,41,43,52,56,58,61,63,67" m="12615" machi="63" ten="30,3900,0" yaku="8,1,54,2" doraHai="0" who="2" fromWho="1" sc="265,0,235,-42,250,42,250,0" /><INIT seed="1,0,0,2,3,35" ten="265,193,292,250" oya="1" hai0="14,1,37,98,127,86,17,23,72,10,123,51,99" hai1="95,84,4,64,120,80,46,47,33,54,27,96,77" hai2="19,8,91,102,126,49,74,29,31,30,32,89,55" hai3="52,108,39,13,36,6,34,61,132,73,26,128,85"/><U122/><E64/><V129/><F32/><W45/><G73/><T66/><D37/><U100/><E4/><V0/><F74/><W83/><G108/><T113/><D72/><U68/><E68/><V94/><F129/><W28/><G128/><T121/><D66/><U71/><E71/><V18/><F126/><W107/><G107/><T124/><D51/><U110/><E54/><V48/><F48/><W50/><G132/><T67/><D86/><U103/><E110/><V97/><F0/><W56/><G13/><T90/><D67/><U111/><E111/><V92/><F8/><W116/><G6/><N who="0" m="1359" /><D113/><U60/><E60/><V9/><F9/><W131/><G116/><T22/><D22/><U15/><E15/><V38/><F38/><W70/><G70/><T7/><D7/><U134/><E134/><V101/><F101/><W41/><REACH who="3" step="1"/><G131/><REACH who="3" ten="265,193,292,240" step="2"/><T2/><D2/><U40/><E103/><V112/><F112/><W42/><G42/><T53/><D124/><U106/><E106/><V88/><REACH who="2" step="1"/><F94/><REACH who="2" ten="265,193,282,240" step="2"/><W3/><G3/><T115/><D127/><U79/><E95/><V87/><F87/><W117/><G117/><T109/><D115/><U21/><E84/><V93/><F93/><W125/><G125/><T65/><D109/><U43/><E43/><V25/><F25/><W57/><G57/><AGARI ba="0,2" hai="18,19,29,30,31,49,55,57,88,89,91,92,97,102" machi="57" ten="40,5200,0" yaku="1,1,8,1,54,1,53,0" doraHai="35" doraHaiUra="119" who="2" fromWho="3" sc="265,0,193,0,282,72,240,-52" /><INIT seed="2,0,0,1,0,135" ten="265,193,354,188" oya="2" hai0="133,4,116,112,32,48,24,125,108,119,19,75,18" hai1="51,21,123,105,20,33,87,47,29,46,9,38,61" hai2="114,42,131,5,81,44,134,26,91,15,122,80,113" hai3="50,1,90,99,62,8,104,124,89,102,17,36,130"/><V56/><F122/><W96/><G36/><T65/><D65/><U10/><E105/><V60/><F134/><W11/><G130/><T25/><D75/><U115/><E115/><V64/><F131/><W7/><G124/><T95/><D95/><U110/><E123/><V0/><F0/><W28/><G28/><T78/><D78/><U55/><E33/><V76/><F26/><W12/><G62/><T14/><D48/><N who="1" m="29079" /><E38/><V52/><F64/><W111/><G111/><T45/><D45/><U94/><E110/><V40/><F91/><W16/><G96/><T109/><D133/><U22/><E29/><V59/><F59/><W93/><G50/><T126/><D32/><U120/><E120/><V70/><F70/><W118/><G118/><T13/><D4/><U43/><E61/><V83/><F76/><W37/><G37/><T101/><D101/><U107/><E107/><V3/><F3/><W31/><G31/><T68/><D68/><U92/><E92/><V103/><F103/><W88/><REACH who="3" step="1"/><G104/><REACH who="3" ten="265,193,354,178" step="2"/><T73/><D73/><U58/><E58/><V100/><F56/><W2/><G2/><T74/><D74/><U106/><E106/><V72/><F60/><W54/><G54/><T98/><D98/><U35/><E35/><V66/><F52/><W129/><G129/><T71/><D71/><U69/><E69/><V117/><F117/><W85/><G85/><T63/><D63/><U79/><E79/><V97/><F72/><W82/><G82/><T67/><D67/><U57/><E57/><V41/><F66/><W84/><G84/><T53/><D53/><RYUUKYOKU ba="0,1" sc="265,10,193,10,354,-30,178,10" hai0="13,14,18,19,24,25,108,109,112,116,119,125,126" hai1="9,10,20,21,22,43,47,51,87,94" hai3="1,7,8,11,12,16,17,88,89,90,93,99,102" /><INIT seed="3,1,1,3,2,62" ten="275,203,324,188" oya="3" hai0="28,131,21,89,114,53,124,125,100,122,57,47,38" hai1="121,46,111,31,127,10,1,65,92,112,102,93,70" hai2="120,56,54,113,5,17,101,23,115,130,7,52,41" hai3="94,43,85,4,128,86,3,13,67,116,51,32,81"/><W16/><G116/><T108/><D100/><U40/><E111/><V18/><F130/><W118/><G118/><T90/><D122/><U44/><E112/><V119/><F119/><W79/><G32/><T105/><D105/><U33/><E121/><V135/><F41/><W110/><G128/><T97/><D131/><U74/><E127/><N who="0" m="48713" /><D97/><U84/><E74/><V36/><F101/><W0/><G110/><T20/><D114/><U64/><E33/><V6/><F36/><W134/><G134/><T98/><D108/><U133/><E31/><V96/><F96/><W42/><G4/><T39/><D98/><N who="1" m="59719" /><E70/><V73/><F5/><W75/><G75/><T77/><D77/><U55/><E1/><V8/><F73/><W34/><G34/><T49/><D38/><U104/><E10/><V76/><F8/><W2/><G67/><N who="1" m="25674" /><E104/><V26/><F120/><W129/><G129/><T24/><D21/><U68/><E68/><V12/><F23/><W19/><G51/><N who="0" m="30911" /><D39/><U25/><E133/><V95/><F135/><W27/><G27/><T88/><D89/><N who="1" m="53415" /><E25/><V91/><F26/><W123/><G123/><T11/><D11/><U50/><E40/><AGARI ba="1,1" hai="20,24,28,40,47,49,88,90" m="30911,48713" machi="40" ten="30,2000,0" yaku="18,1,54,1" doraHai="62" who="0" fromWho="1" sc="275,33,203,-23,324,0,188,0" owari="308,10.8,180,-32.0,324,42.4,188,-21.2" /></mjloggm>