<mjloggm ver="2.3"><GO type="225" lobby="0"/><UN n0="%72%65%6E%6B%75%6E" n1="%E5%A4%8F%E9%88%B4%E9%88%B4%E5%A4%8F" n2="%E6%B8%A9%E2%98%85%E6%83%85%E2%98%85%E6%8E%AA%E2%98%85%E7%BD%AE" n3="%E3%81%8B%E3%82%8F%E3%81%A1%E3%82%83%E3%82%93%35%38" dan="17,16,17,16" rate="2218.83,2149.84,2212.50,2169.91" sx="M,F,M,M"/><TAIKYOKU oya="0"/><INIT seed="0,0,0,0,3,81" ten="250,250,250,250" oya="0" hai0="71,57,47,19,100,75,123,8,130,13,55,66,50" hai1="96,9,134,33,121,43,20,2,44,52,35,128,32" hai2="125,29,116,39,93,74,87,129,84,90,61,126,86" hai3="105,51,62,104,4,0,132,31,27,40,48,111,76"/><T92/><D123/><U78/><E121/><V37/><F129/><W18/><G76/><T12/><D130/><U103/><E128/><V127/><F116/><W95/><G0/><T1/><D75/><U99/><E78/><V113/><F113/><W25/><G4/><T23/><D71/><U16/><E134/><V119/><F119/><W85/><G62/><T41/><D1/><U17/><E9/><V56/><F29/><W68/><G68/><T112/><D66/><U6/><E6/><V42/><F74/><W110/><G18/><T118/><D118/><U36/><E2/><V83/><F83/><W14/><G14/><T115/><D100/><U91/><E20/><V28/><F28/><W97/><G85/><N who="2" m="32873" /><F42/><W109/><G132/><T69/><D92/><U101/><E52/><AGARI ba="0,0" hai="37,39,52,56,61,87,90,93,125,126,127" m="32873" machi="52" ten="30,12000,2" yaku="18,1,52,4,54,1" doraHai="81" who="2" fromWho="1" sc="250,0,250,-120,250,120,250,0" /><INIT seed="1,0,0,2,4,37" ten="250,130,370,250" oya="1" hai0="107,67,54,127,1,105,60,111,101,9,83,3,88" hai1="109,94,133,106,18,98,91,48,0,121,73,128,104" hai2="22,113,30,117,21,123,15,103,31,68,135,76,59" hai3="29,130,24,93,26,124,14,96,86,20,108,47,134"/><U11/><E121/><V80/><F68/><W16/><G108/><T6/><D111/><U92/><E109/><V119/><F123/><W55/><G124/><T125/><D1/><U49/><E133/><V62/><F103/><W84/><G130/><T43/><D54/><U36/><E36/><V75/><F135/><W2/><G2/><T25/><D25/><U77/><E128/><V61/><F61/><W52/><G134/><T12/><D3/><U85/><E48/><V46/><F46/><W45/><G45/><T99/><D107/><U66/><E66/><V58/><F58/><W132/><G24/><T23/><D23/><U34/><E34/><V57/><F57/><W17/><G132/><T64/><D43/><U35/><E35/><V118/><F113/><W129/><G129/><T131/><D131/><U44/><E73/><V112/><F112/><W19/><G14/><T95/><D83/><U114/><E114/><V81/><F81/><W110/><G110/><T32/><D32/><U40/><E77/><V78/><F76/><W72/><G72/><T65/><REACH who="0" step="1"/><D60/><REACH who="0" ten="240,130,370,250" step="2"/><U7/><REACH who="1" step="1"/><E18/><REACH who="1" ten="240,120,370,250" step="2"/><N who="2" m="10463" /><F119/><W87/><REACH who="3" step="1"/><G47/><REACH who="3" ten="240,120,370,240" step="2"/><T13/><D13/><U100/><AGARI ba="0,3" hai="0,7,11,40,44,49,85,91,92,94,98,100,104,106" machi="100" ten="20,7800,0" yaku="1,1,0,1,7,1,52,1,53,0" doraHai="37" doraHaiUra="28" who="1" fromWho="1" sc="240,-26,120,108,370,-26,240,-26" /><INIT seed="1,1,0,3,0,102" ten="214,228,344,214" oya="1" hai0="86,119,135,110,103,132,21,27,108,79,44,26,90" hai1="71,133,98,9,76,93,23,72,20,77,40,89,17" hai2="128,85,3,45,122,22,36,130,123,87,60,84,68" hai3="120,121,53,67,118,41,32,5,99,83,56,113,14"/><U116/><E116/><V96/><F3/><W51/><G32/><T91/><D119/><U69/><E133/><N who="0" m="51273" /><D103/><U48/><E9/><V92/><F22/><W1/><G1/><T18/><D44/><U95/><E23/><V62/><F36/><W55/><G118/><T25/><D79/><U134/><E134/><V106/><F45/><W16/><G113/><T47/><D47/><U64/><E48/><V111/><F106/><W46/><G67/><T105/><D105/><U0/><E40/><V34/><F34/><W127/><G5/><T33/><D33/><U109/><E109/><N who="0" m="42089" /><D86/><U125/><E125/><V101/><F111/><W11/><G127/><T50/><D50/><U81/><E0/><V73/><F73/><W29/><G29/><T65/><D65/><U75/><E64/><N who="2" m="40967" /><F62/><W4/><G4/><T39/><D39/><U38/><E38/><V28/><F28/><W74/><G55/><T58/><D58/><U124/><E124/><V82/><F82/><W80/><G99/><T43/><D43/><U7/><E7/><V8/><F96/><W12/><G74/><T10/><D10/><U31/><E31/><V57/><F8/><N who="3" m="6151" /><G83/><T37/><D37/><U59/><E75/><V13/><F57/><W15/><G80/><T126/><D126/><U49/><E77/><V30/><F85/><W129/><G11/><T6/><D6/><U63/><E49/><V131/><F30/><W61/><G129/><T88/><AGARI ba="1,0" hai="18,21,25,26,27,88,90,91" m="42089,51273" machi="88" ten="40,5200,0" yaku="20,1,14,1,54,1" doraHai="102" who="0" fromWho="0" sc="214,55,228,-27,344,-14,214,-14" /><INIT seed="2,0,0,5,1,29" ten="269,201,330,200" oya="2" hai0="114,57,14,96,131,77,92,58,7,133,19,116,34" hai1="33,64,48,125,97,44,84,20,36,126,59,28,103" hai2="25,10,111,5,1,98,65,3,39,83,87,78,108" hai3="43,75,9,53,23,31,66,74,130,113,26,47,70"/><V27/><F39/><W21/><G130/><T62/><D114/><U95/><E20/><V30/><F65/><W56/><G113/><T129/><D116/><U120/><E120/><V6/><F98/><W121/><G121/><T115/><D115/><U72/><E72/><V80/><F80/><W104/><G104/><T132/><D77/><U94/><E36/><V135/><F135/><N who="0" m="51786" /><D7/><U46/><E46/><V86/><F86/><W8/><G75/><T17/><D34/><U0/><E0/><V40/><F40/><W4/><G74/><T100/><D58/><U60/><E94/><V15/><F27/><W50/><G4/><T32/><D32/><U24/><REACH who="1" step="1"/><E84/><REACH who="1" ten="269,191,330,200" step="2"/><V128/><F128/><N who="0" m="49226" /><D14/><U55/><AGARI ba="0,1" hai="24,28,33,44,48,55,59,60,64,95,97,103,125,126" machi="55" ten="30,7900,0" yaku="1,1,0,1,52,1,53,1" doraHai="29" doraHaiUra="52" who="1" fromWho="1" sc="269,-20,191,89,330,-39,200,-20" /><INIT seed="3,0,0,4,1,110" ten="249,280,291,180" oya="3" hai0="87,86,6,49,81,10,33,116,97,85,119,12,23" hai1="34,16,59,84,50,79,53,17,120,25,52,62,117" hai2="70,106,7,36,63,123,96,8,67,128,35,133,92" hai3="9,5,45,14,37,71,88,47,27,80,90,77,132"/><W42/><G132/><T93/><D33/><U129/><E120/><V54/><F133/><W73/><G71/><T109/><D109/><U100/><E129/><V101/><F128/><W126/><G126/><T78/><D119/><U57/><E117/><V131/><F131/><W18/><G27/><T28/><D116/><U22/><E34/><V95/><F123/><W74/><G74/><T20/><D49/><U48/><E100/><V13/><F36/><W91/><REACH who="3" step="1"/><G47/><REACH who="3" ten="249,280,291,170" step="2"/><T99/><D99/><U105/><E105/><V4/><F70/><W83/><G83/><T134/><D134/><U124/><E124/><V21/><F106/><W44/><G44/><T55/><D55/><U89/><E62/><V30/><F54/><W26/><G26/><N who="0" m="16455" /><D23/><U114/><E53/><V39/><F21/><W113/><G113/><T102/><AGARI ba="0,1" hai="6,10,12,78,81,85,86,87,93,97,102" m="16455" machi="102" ten="30,1100,0" yaku="8,1" doraHai="110" who="0" fromWho="0" sc="249,21,280,-3,291,-3,170,-5" /><INIT seed="4,0,0,1,5,88" ten="270,277,288,165" oya="0" hai0="45,100,71,18,6,5,125,97,99,73,110,54,40" hai1="41,127,84,105,63,21,37,22,96,130,2,107,95" hai2="133,114,132,85,135,104,51,106,19,126,10,43,33" hai3="23,69,86,75,31,14,103,78,123,118,81,112,122"/><T34/><D73/><U77/><E2/><V83/><F33/><W29/><G112/><T15/><D71/><U67/><E41/><V93/><F114/><W120/><G118/><T82/><D34/><U24/><E37/><V128/><F126/><W25/><G69/><T20/><D125/><U72/><E72/><V58/><F128/><W47/><G75/><T64/><D64/><U70/><E21/><V80/><F93/><W109/><G109/><T111/><D54/><U113/><E130/><V48/><F58/><W116/><G116/><T9/><D82/><N who="2" m="31274" /><F85/><W92/><G14/><T13/><D5/><U74/><E84/><V3/><F19/><N who="3" m="12543" /><G47/><T16/><D6/><U55/><E74/><V102/><F102/><W17/><G17/><T56/><D56/><U39/><E127/><V8/><F43/><W38/><G38/><T0/><D0/><U36/><E77/><V87/><F87/><W11/><G11/><N who="2" m="4137" /><F3/><W101/><G101/><T94/><REACH who="0" step="1"/><D97/><AGARI ba="0,0" hai="29,31,78,81,86,92,97,103,120,122,123" m="12543" machi="97" ten="30,2000,0" yaku="13,1,52,1" doraHai="88" who="3" fromWho="0" sc="270,-20,277,0,288,0,165,20" /><INIT seed="5,0,0,2,3,34" ten="250,277,288,185" oya="1" hai0="11,87,60,22,27,58,78,33,110,65,1,90,18" hai1="103,57,62,76,118,71,129,116,126,67,114,24,73" hai2="98,133,94,52,41,6,0,53,17,37,42,21,89" hai3="25,80,106,48,115,91,99,10,120,9,102,63,3"/><U40/><E40/><N who="2" m="15467" /><F0/><W85/><G120/><T26/><D110/><U46/><E46/><V5/><F37/><W132/><G115/><T111/><D111/><U79/><E114/><V130/><F130/><W75/><G132/><T112/><D112/><U95/><E129/><V101/><F101/><W43/><G63/><T50/><D78/><N who="1" m="29739" /><E71/><V109/><F133/><W97/><G75/><T49/><D33/><U108/><E73/><V125/><F125/><W15/><G25/><T64/><D64/><U93/><E95/><V4/><F109/><W124/><G124/><T68/><D68/><U100/><E103/><V69/><F69/><W38/><G99/><T7/><REACH who="0" step="1"/><D26/><AGARI ba="0,0" hai="4,5,6,17,21,26,52,53,89,94,98" m="15467" machi="26" ten="30,2000,0" yaku="8,1,54,1" doraHai="34" who="2" fromWho="0" sc="250,-20,277,0,288,20,185,0" owari="230,-17.0,277,7.7,308,40.8,185,-31.5" /></mjloggm>