<mjloggm ver="2.3"><GO type="225" lobby="0"/><UN n0="%E6%A1%9C%E8%8A%B1%E9%96%83%E3%80%85" n1="%E9%A6%AC%E5%BC%95%E7%81%AB%33" n2="%E6%81%A5%E6%99%92%E3%81%97" n3="%E3%83%96%E3%83%83%E3%83%91%E3%82%AA%E3%83%96%E3%83%81%E3%82%AD%E3%83%B3" dan="16,16,16,16" rate="2117.64,2123.54,2103.86,2190.24" sx="M,M,M,M"/><TAIKYOKU oya="0"/><INIT seed="0,0,0,5,2,37" ten="250,250,250,250" oya="0" hai0="94,114,124,30,58,134,28,11,133,13,113,21,4" hai1="91,9,62,106,108,100,93,125,105,60,14,75,109" hai2="126,0,24,89,119,56,33,117,76,128,90,12,20" hai3="59,112,29,67,44,17,63,6,3,27,16,68,51"/><T83/><D94/><U43/><E125/><V34/><F126/><W7/><G112/><N who="0" m="43115" /><D83/><U49/><E75/><V116/><F128/><W121/><G68/><T8/><D58/><U61/><E100/><V36/><F0/><W54/><G121/><T57/><D57/><U10/><E10/><V70/><F70/><W115/><G115/><T127/><D30/><U52/><E43/><V69/><F69/><W82/><G82/><T35/><D35/><U53/><E106/><V118/><F76/><W111/><G111/><N who="1" m="42570" /><E49/><V129/><F129/><W97/><G97/><T72/><D72/><U5/><E105/><V87/><F36/><W85/><G85/><AGARI ba="0,0" hai="5,9,14,52,53,60,61,62,85,91,93" m="42570" machi="85" ten="30,2000,0" yaku="14,1,54,1" doraHai="37" who="1" fromWho="3" sc="250,0,250,20,250,0,250,-20" /><INIT seed="1,0,0,4,0,23" ten="250,270,250,230" oya="1" hai0="68,112,72,27,29,36,98,126,107,74,2,20,127" hai1="91,105,96,82,130,26,16,43,66,39,41,85,49" hai2="117,132,11,94,75,48,93,76,80,63,95,119,121" hai3="118,21,44,81,104,106,100,10,25,88,84,125,113"/><U5/><E39/><V124/><F121/><W33/><G113/><T79/><D112/><U87/><E130/><V1/><F124/><N who="0" m="47658" /><D36/><U77/><E5/><V32/><F132/><W19/><G125/><T30/><D2/><U18/><E66/><V57/><F48/><W13/><G118/><T58/><D68/><U8/><E105/><V6/><REACH who="2" step="1"/><F32/><REACH who="2" ten="250,270,240,230" step="2"/><W123/><G123/><T90/><D74/><U128/><E128/><V47/><F47/><W92/><G33/><T35/><D35/><U51/><E51/><V101/><F101/><W52/><G100/><T3/><D72/><U53/><E41/><V15/><F15/><W34/><G34/><T22/><D3/><U116/><E43/><V46/><F46/><W73/><G44/><T65/><D107/><U7/><E116/><V4/><F4/><W134/><G134/><T86/><D20/><U120/><E120/><V37/><F37/><W89/><G104/><T97/><D30/><U54/><E7/><V133/><F133/><W14/><G106/><T70/><D22/><U69/><E49/><V28/><F28/><W12/><G12/><T31/><D29/><U62/><E8/><V103/><F103/><W42/><G14/><T83/><D31/><U109/><E109/><V78/><F78/><W60/><G42/><T50/><D79/><U55/><E77/><V115/><F115/><W61/><G13/><T111/><D50/><U135/><E135/><V56/><F56/><W67/><G21/><T45/><D58/><U38/><E38/><V59/><F59/><W108/><G108/><T110/><D111/><RYUUKYOKU ba="0,1" sc="250,-10,270,-10,240,30,230,-10" hai2="1,6,11,57,63,75,76,80,93,94,95,117,119" /><INIT seed="2,1,1,5,3,34" ten="240,260,270,220" oya="2" hai0="89,13,105,67,87,44,52,59,122,2,6,29,12" hai1="121,76,54,69,56,119,51,0,133,35,43,27,28" hai2="45,132,58,4,124,23,65,134,91,101,63,94,74" hai3="98,115,81,116,42,15,22,62,9,78,32,118,99"/><V14/><F74/><W114/><G32/><T111/><D122/><U109/><E119/><N who="3" m="45610" /><G22/><T113/><D113/><N who="3" m="43017" /><G42/><T90/><D111/><U11/><E109/><V77/><F45/><W73/><G62/><T31/><D105/><U86/><E121/><V25/><F124/><W47/><G47/><T72/><D72/><U80/><E133/><V85/><F132/><W112/><N who="3" m="43025" /><W26/><DORA hai="36" /><G26/><T8/><D89/><U75/><E75/><V130/><F14/><W127/><G127/><T110/><D110/><U102/><E102/><V48/><F134/><W30/><G30/><T84/><D84/><U126/><E126/><V33/><F33/><W104/><G104/><T3/><D13/><U19/><E69/><V68/><F25/><W7/><AGARI ba="1,1" hai="7,9,15,73,78,81,98,99" m="43025,45610" machi="7" ten="50,1600,0" yaku="11,1" doraHai="34,36" who="3" fromWho="3" sc="240,-5,260,-5,270,-9,220,29" /><INIT seed="3,0,0,5,5,62" ten="235,255,261,249" oya="3" hai0="22,55,112,47,103,77,101,90,68,30,5,12,71" hai1="125,128,29,126,123,32,26,3,100,89,109,20,21" hai2="9,23,129,45,135,18,133,113,130,80,88,49,35" hai3="58,11,19,60,43,66,63,106,121,115,120,105,102"/><W94/><G115/><T108/><D112/><U65/><E123/><V67/><F113/><W82/><G43/><T28/><D108/><U93/><E109/><V104/><F104/><W134/><G134/><N who="2" m="51209" /><F35/><W78/><G94/><T64/><D77/><U73/><E73/><V124/><F124/><N who="1" m="47721" /><E128/><N who="2" m="49259" /><F9/><W46/><G46/><T117/><D71/><U1/><E100/><V74/><F74/><W118/><G118/><T39/><D39/><U86/><E65/><V2/><F2/><AGARI ba="0,0" hai="1,2,3,20,21,26,29,32,86,89,93" m="47721" machi="2" ten="30,1000,0" yaku="18,1" doraHai="62" who="1" fromWho="2" sc="235,0,255,10,261,-10,249,0" /><INIT seed="4,0,0,2,4,88" ten="235,265,251,249" oya="0" hai0="133,40,51,109,100,95,71,11,111,73,39,0,12" hai1="135,8,91,101,78,70,19,115,87,27,33,54,106" hai2="60,112,58,89,74,119,129,72,79,52,126,62,7" hai3="80,45,36,114,35,121,104,18,117,120,105,86,17"/><T103/><D39/><U132/><E70/><V31/><F112/><W1/><G117/><T20/><D71/><U127/><E127/><V44/><F126/><W24/><G1/><T14/><D73/><U76/><E115/><V5/><F119/><W99/><G114/><T48/><D133/><N who="1" m="51275" /><E54/><V10/><F129/><W2/><G2/><T97/><D103/><U22/><E8/><V124/><F31/><N who="3" m="19943" /><G45/><N who="0" m="25639" /><D51/><U9/><E9/><V63/><F44/><W26/><G36/><T16/><D0/><U25/><E25/><V38/><F38/><W55/><G105/><T68/><D68/><U122/><E122/><V30/><F30/><W6/><G121/><T75/><D75/><U85/><E85/><V61/><F124/><W83/><G120/><T49/><D49/><U46/><E46/><V92/><F74/><W108/><G104/><T90/><D100/><U29/><E29/><V116/><F72/><W98/><G86/><T53/><D53/><U13/><E33/><V123/><F123/><W57/><G55/><T81/><D81/><U4/><E101/><V125/><F125/><W118/><G80/><T47/><D47/><U69/><E69/><V15/><F116/><W67/><G83/><T64/><D64/><U66/><E66/><V128/><F5/><W130/><G67/><T42/><D42/><U34/><E106/><V94/><F7/><W41/><G41/><T107/><D107/><U131/><E4/><V3/><F3/><W113/><G118/><T84/><D84/><U65/><E34/><V56/><N who="2" m="15360" /><DORA hai="50" /><V82/><F52/><W37/><G113/><RYUUKYOKU ba="0,0" sc="235,30,265,-10,251,-10,249,-10" hai0="11,12,14,16,20,90,95,97,109,111" /><INIT seed="4,1,0,2,2,5" ten="265,255,241,239" oya="0" hai0="76,94,101,61,111,124,20,30,57,71,26,63,46" hai1="82,28,33,56,119,9,6,19,34,107,127,44,15" hai2="53,102,38,47,87,125,123,103,93,11,104,29,2" hai3="0,43,36,134,68,25,88,42,133,100,32,49,14"/><T59/><D124/><U128/><E119/><V10/><F123/><W27/><G0/><T60/><D111/><U72/><E107/><V23/><F104/><W65/><G100/><N who="2" m="38441" /><F2/><W109/><G109/><T112/><D112/><U8/><E127/><V70/><F70/><W116/><G116/><T110/><D110/><U13/><E128/><V52/><F38/><W114/><G114/><T106/><D106/><U108/><E108/><V98/><F87/><W41/><G36/><T18/><D71/><U135/><E135/><N who="3" m="51722" /><G32/><T97/><D76/><U16/><E28/><V31/><F125/><W91/><G49/><T79/><D79/><U4/><E44/><V80/><F80/><W113/><G113/><T96/><D96/><U73/><E56/><N who="0" m="21577" /><D46/><U39/><E39/><V69/><F69/><W17/><G65/><T64/><D64/><U45/><E45/><V35/><F35/><W50/><G50/><T120/><D120/><U85/><E85/><V7/><F47/><W77/><G77/><T86/><D86/><U24/><E24/><N who="3" m="9290" /><G68/><T81/><D81/><AGARI ba="1,0" hai="4,6,8,9,13,15,16,19,33,34,72,73,81,82" machi="81" ten="25,8000,1" yaku="22,2,52,2,54,1" doraHai="5" who="1" fromWho="0" sc="265,-83,255,83,241,0,239,0" owari="182,-31.8,338,43.8,241,4.1,239,-16.1" /></mjloggm>