<mjloggm ver="2.3"><GO type="225" lobby="0"/><UN n0="%E7%99%BD%E5%80%89%E5%AF%9B%E4%B9%8B" n1="%E6%9C%88%E5%B3%B6%E5%9F%BA" n2="%E6%98%93%E5%88%A9%E8%96%A9%E4%BC%AF" n3="%77%72%77%72%77%72%77%72" dan="16,16,17,16" rate="2124.37,2130.90,2107.48,2165.48" sx="M,M,F,M"/><TAIKYOKU oya="0"/><INIT seed="0,0,0,0,1,119" ten="250,250,250,250" oya="0" hai0="26,85,48,83,123,15,99,52,102,37,114,88,65" hai1="51,69,122,36,95,67,58,74,98,113,79,71,28" hai2="103,121,56,97,66,105,62,124,20,50,31,75,91" hai3="109,8,39,134,45,35,93,100,81,112,46,96,32"/><T41/><D114/><U120/><E28/><V86/><F124/><W133/><G112/><T10/><D65/><U73/><E113/><V34/><F75/><W111/><G81/><T132/><D132/><N who="3" m="50793" /><G8/><T70/><D70/><U2/><E2/><V131/><F131/><W78/><G78/><T59/><D123/><U84/><E36/><V116/><F116/><W64/><G64/><T1/><D1/><U117/><E117/><V77/><F77/><W53/><G53/><T60/><D37/><U87/><E79/><V43/><F34/><N who="3" m="12843" /><G39/><T107/><D26/><U22/><E67/><V101/><F101/><W115/><G115/><T57/><D41/><U14/><E73/><V9/><F9/><W94/><G93/><N who="0" m="58735" /><D60/><U130/><E74/><V104/><F104/><W118/><G118/><T126/><D107/><U92/><E130/><V30/><F20/><W19/><G19/><N who="0" m="8695" /><D126/><U6/><E71/><V24/><F24/><W63/><G63/><T13/><D13/><U106/><E69/><V5/><F5/><W17/><G17/><T0/><D0/><U90/><E106/><V80/><REACH who="2" step="1"/><F121/><REACH who="2" ten="250,250,240,250" step="2"/><W11/><G11/><T27/><D27/><U3/><E3/><V7/><F7/><W127/><G127/><T40/><D40/><U16/><E6/><V4/><F4/><W55/><G55/><T54/><D54/><N who="1" m="32095" /><E87/><V61/><F61/><W25/><G25/><T135/><D135/><U49/><E49/><V12/><F12/><W76/><G76/><T128/><D128/><U89/><AGARI ba="0,1" hai="14,16,22,84,89,90,92,95,98,120,122" m="32095" machi="89" ten="30,7900,0" yaku="25,1,52,2,54,1" doraHai="119" who="1" fromWho="1" sc="250,-39,250,89,240,-20,250,-20" /><INIT seed="1,0,0,0,1,13" ten="211,339,220,230" oya="1" hai0="64,2,131,5,68,110,66,88,81,91,95,4,10" hai1="61,85,63,29,79,123,52,96,82,69,83,67,22" hai2="98,49,33,128,78,54,41,73,86,45,129,53,27" hai3="50,6,71,23,76,47,57,9,93,106,126,60,135"/><U42/><E123/><V108/><F73/><W102/><G106/><T55/><D110/><U121/><E121/><V15/><F98/><W113/><G113/><T120/><D120/><U118/><E118/><V38/><F108/><W92/><G71/><T24/><D131/><N who="2" m="50250" /><F15/><W59/><G135/><T26/><D68/><U87/><E42/><V114/><F114/><W127/><G76/><T0/><D95/><U19/><E29/><N who="2" m="19647" /><F38/><W48/><G23/><T109/><D109/><U11/><E11/><V46/><F46/><W84/><G102/><T37/><D10/><U99/><E85/><V115/><F115/><W3/><G84/><T32/><D37/><U51/><E96/><V30/><F30/><W43/><G48/><T14/><D14/><U74/><E99/><V28/><F28/><W111/><G57/><T18/><D55/><U134/><E134/><V40/><F54/><N who="3" m="33911" /><G111/><T124/><D32/><U21/><E74/><V36/><F36/><W17/><G17/><T58/><D58/><U105/><E19/><V8/><F8/><W132/><G132/><T100/><D18/><U65/><E105/><V97/><F97/><W7/><G7/><T25/><D25/><U107/><E107/><V35/><F35/><W119/><G119/><T20/><D20/><U77/><E22/><V44/><F44/><W70/><G70/><T75/><D75/><N who="1" m="43327" /><E69/><V112/><F112/><W133/><G133/><T125/><REACH who="0" step="1"/><D81/><AGARI ba="0,0" hai="40,41,45,49,53,78,81,86" m="19647,50250" machi="81" ten="30,1000,0" yaku="19,1" doraHai="13" who="2" fromWho="0" sc="211,-10,339,0,220,10,230,0" /><INIT seed="2,0,0,2,0,19" ten="201,339,230,230" oya="2" hai0="124,27,95,111,61,50,55,60,70,18,11,93,98" hai1="77,32,37,52,51,129,90,106,135,89,114,101,3" hai2="117,68,2,9,5,123,6,78,65,39,67,24,62" hai3="46,88,26,108,53,17,29,121,36,4,33,76,7"/><V131/><F117/><W14/><G121/><T115/><D115/><U126/><E114/><V130/><F123/><W72/><G108/><T66/><D111/><U113/><E32/><V0/><F39/><W41/><G53/><T107/><D124/><U42/><E77/><V12/><F78/><W73/><G88/><T69/><D107/><U112/><E129/><V100/><F100/><W71/><G71/><T57/><D11/><U125/><E135/><V91/><F67/><W58/><G58/><T110/><D110/><U16/><E3/><V127/><F127/><N who="1" m="48649" /><E42/><V80/><F24/><W79/><G79/><T116/><D116/><U119/><E37/><V49/><F49/><W48/><G36/><T10/><D10/><U104/><E119/><V128/><REACH who="2" step="1"/><F6/><REACH who="2" ten="201,339,220,230" step="2"/><W21/><REACH who="3" step="1"/><G76/><REACH who="3" ten="201,339,220,220" step="2"/><T35/><D70/><U31/><E112/><V103/><F103/><W109/><G109/><T102/><D50/><U83/><E101/><V81/><F81/><W30/><G30/><T45/><D61/><U40/><E31/><V120/><F120/><W47/><G47/><T34/><D45/><U87/><E83/><V134/><F134/><W64/><G64/><T15/><D66/><U22/><E113/><V105/><F105/><W56/><G56/><T23/><D69/><U132/><E132/><V75/><F75/><AGARI ba="0,2" hai="4,7,14,17,21,26,29,33,41,46,48,72,73,75" machi="75" ten="40,2600,0" yaku="1,1,52,1,53,0" doraHai="19" doraHaiUra="118" who="3" fromWho="2" sc="201,0,339,0,220,-26,220,46" /><INIT seed="3,0,0,4,1,75" ten="201,339,194,266" oya="3" hai0="8,106,104,115,109,92,85,1,123,47,18,12,83" hai1="76,5,77,110,84,94,102,30,80,86,41,61,71" hai2="68,7,51,11,52,96,122,15,134,100,103,37,73" hai3="74,107,88,14,10,120,130,93,39,65,17,116,133"/><W82/><G116/><T125/><D123/><U131/><E110/><V129/><F37/><W50/><G120/><T99/><D109/><U70/><E131/><V29/><F122/><W4/><G39/><T16/><D125/><U48/><E30/><V57/><F129/><W36/><G36/><T112/><D1/><U53/><E71/><V111/><F111/><W55/><G107/><T63/><D47/><N who="1" m="25711" /><E70/><V54/><F68/><W24/><G130/><T44/><D44/><U40/><E5/><V89/><F73/><W46/><G133/><T60/><D18/><U117/><E40/><V35/><F134/><W33/><G65/><T32/><D32/><U49/><E61/><N who="2" m="36023" /><F35/><W91/><G33/><T26/><D26/><U21/><E21/><V43/><F43/><W64/><G64/><T118/><D118/><U79/><E86/><V114/><F114/><N who="0" m="43562" /><D106/><U126/><E126/><V78/><F78/><W13/><G24/><T28/><D104/><U101/><E94/><N who="2" m="56399" /><F29/><W34/><G34/><T2/><D28/><U6/><E6/><V42/><F42/><W69/><G69/><T87/><D2/><U98/><E98/><V97/><F97/><W135/><G135/><T59/><D83/><U132/><E117/><V62/><F62/><N who="0" m="23594" /><D59/><AGARI ba="0,0" hai="7,11,15,51,52,59,100,103" m="56399,36023" machi="59" ten="30,2000,0" yaku="8,1,54,1" doraHai="75" who="2" fromWho="0" sc="201,-20,339,0,194,20,266,0" owari="181,-31.9,339,43.9,214,-18.6,266,6.6" /></mjloggm>