<mjloggm ver="2.3"><GO type="225" lobby="0"/><UN n0="%72%65%6E%6B%75%6E" n1="%E3%83%B4%E3%83%A0%EF%BC%99%E3%81%A6" n2="%E9%A6%AC%E5%BC%95%E7%81%AB%33" n3="%E4%BF%BA%E3%81%A8%E5%A6%96%E5%A4%A2" dan="17,17,16,16" rate="2192.11,2171.08,2087.63,2243.67" sx="M,M,M,F"/><TAIKYOKU oya="0"/><INIT seed="0,0,0,1,3,95" ten="250,250,250,250" oya="0" hai0="131,29,81,35,114,50,30,16,118,79,39,22,116" hai1="32,31,46,36,104,128,132,68,127,48,126,45,119" hai2="19,61,56,60,12,122,41,69,52,112,7,80,58" hai3="85,84,98,76,72,49,28,42,66,4,57,77,6"/><T47/><D114/><U3/><RYUUKYOKU type="yao9" ba="0,0" sc="250,0,250,0,250,0,250,0" hai1="3,31,32,36,45,46,48,68,104,119,126,127,128,132" /><INIT seed="0,1,0,5,5,65" ten="250,250,250,250" oya="0" hai0="93,6,59,94,13,134,105,117,68,27,0,66,17" hai1="96,52,63,85,39,56,132,73,25,90,71,113,18" hai2="10,51,111,95,131,122,78,16,123,54,4,129,84" hai3="104,101,135,44,81,130,31,21,88,41,35,109,87"/><T112/><D105/><U98/><E73/><V110/><F78/><W58/><G35/><T32/><D112/><U82/><E113/><V80/><F95/><W97/><G109/><N who="2" m="41481" /><F80/><W64/><G130/><N who="2" m="49673" /><F84/><W12/><G135/><T91/><D59/><U118/><E118/><V53/><F53/><W115/><G115/><T114/><D134/><U121/><E121/><N who="2" m="46091" /><F54/><W14/><G58/><T83/><D117/><U15/><E132/><V124/><F51/><W7/><G7/><T133/><D133/><U48/><E39/><V2/><F16/><W119/><G119/><T50/><D50/><U125/><E125/><AGARI ba="1,0" hai="2,4,10,124,125" m="46091,49673,41481" machi="125" ten="40,8000,1" yaku="14,1,19,1,23,1,34,2" doraHai="65" who="2" fromWho="1" sc="250,0,250,-83,250,83,250,0" /><INIT seed="1,0,0,1,4,49" ten="250,167,333,250" oya="1" hai0="119,58,132,30,52,70,134,60,14,53,51,122,25" hai1="79,46,77,54,80,100,121,20,10,61,97,17,43" hai2="67,26,3,125,57,1,120,13,127,27,93,123,78" hai3="104,98,50,84,113,115,86,112,0,19,16,95,99"/><U76/><E121/><N who="2" m="46667" /><F78/><W96/><G0/><N who="2" m="73" /><F93/><W126/><G95/><T36/><D36/><U90/><E10/><V55/><F67/><W15/><G104/><T62/><D14/><U56/><E90/><V87/><F87/><W48/><G126/><N who="2" m="48137" /><F13/><W18/><G15/><T117/><D122/><U94/><E80/><V108/><F108/><W44/><REACH who="3" step="1"/><G50/><AGARI ba="0,0" hai="26,27,50,55,57" m="48137,73,46667" machi="50" ten="40,2600,0" yaku="18,1,52,1" doraHai="49" who="2" fromWho="3" sc="250,0,167,0,333,26,250,-26" /><INIT seed="2,0,0,5,4,102" ten="250,167,359,224" oya="2" hai0="125,78,93,17,112,68,104,90,110,111,36,103,46" hai1="76,62,95,39,22,20,14,100,131,77,19,74,115" hai2="129,0,81,6,83,31,32,109,61,12,67,30,7" hai3="65,37,114,108,127,98,71,124,135,134,11,26,33"/><V2/><F129/><W48/><G37/><T3/><D68/><U56/><E115/><V89/><F12/><W87/><G114/><T45/><D112/><U123/><E39/><V82/><F89/><W35/><G108/><T42/><D3/><U50/><E131/><V44/><F44/><W113/><G113/><T91/><D78/><U64/><E123/><V70/><F32/><N who="3" m="12363" /><G26/><T79/><D79/><U130/><E130/><V121/><F121/><W49/><G98/><N who="0" m="61559" /><D125/><N who="3" m="48201" /><G87/><T119/><D119/><U34/><E34/><V97/><F97/><W53/><G11/><T57/><D57/><U24/><E74/><V107/><F30/><W59/><G49/><T41/><D17/><U101/><E50/><V23/><F31/><W1/><G1/><T73/><D73/><U85/><E100/><V122/><F2/><W13/><G13/><T75/><D75/><U66/><E66/><V28/><F67/><W106/><G106/><T40/><D36/><U25/><E25/><V126/><F107/><W88/><G88/><N who="0" m="33835" /><D93/><U63/><E85/><V9/><F0/><W84/><G84/><T5/><D5/><U47/><E95/><V10/><F6/><W58/><G58/><T60/><D60/><AGARI ba="0,0" hai="48,53,59,60,65,71,134,135" m="48201,12363" machi="60" ten="40,1300,0" yaku="18,1" doraHai="102" who="3" fromWho="0" sc="250,-13,167,0,359,0,224,13" /><INIT seed="3,0,0,0,5,125" ten="237,167,359,237" oya="3" hai0="12,10,0,90,37,41,93,26,29,108,95,129,122" hai1="109,42,66,38,62,92,4,5,77,100,16,67,53" hai2="79,121,126,98,73,87,28,11,55,3,124,120,102" hai3="43,76,99,23,39,59,15,21,63,56,74,115,35"/><W49/><G35/><T103/><D122/><N who="2" m="47210" /><F73/><W133/><G115/><T104/><D0/><U71/><E109/><V91/><F79/><W52/><G133/><T44/><D108/><U78/><E67/><V1/><F28/><W58/><G39/><T117/><D117/><U101/><E77/><V51/><F3/><W107/><G74/><T20/><D129/><U40/><E78/><V75/><F11/><W57/><G76/><T89/><D104/><U54/><E4/><V25/><F25/><W68/><G68/><T46/><D103/><U86/><E5/><V30/><F30/><W110/><G110/><T24/><D24/><U131/><E131/><V19/><F19/><W50/><G43/><T130/><D130/><U128/><E128/><V32/><F32/><W135/><G135/><T111/><D111/><U27/><E100/><V106/><F1/><W6/><G99/><N who="0" m="57775" /><D41/><U36/><E36/><V17/><F17/><W61/><G107/><T96/><D37/><U84/><E84/><V60/><F60/><N who="3" m="23115" /><G49/><T81/><D81/><U48/><E38/><V83/><F75/><W116/><G116/><T123/><D123/><U94/><E94/><V134/><F134/><W33/><G33/><T70/><D70/><U7/><E7/><AGARI ba="0,0" hai="7,10,12,20,26,29,44,46,90,95,96" m="57775" machi="7" ten="30,1000,0" yaku="8,1" doraHai="125" who="0" fromWho="1" sc="237,10,167,-10,359,0,237,0" owari="247,4.7,157,-34.3,359,45.9,237,-16.3" /></mjloggm>