<mjloggm ver="2.3"><GO type="225" lobby="0"/><UN n0="%E3%83%A9%E3%83%BC%E3%83%A1%E3%83%B3%E4%BA%94%E9%83%8E" n1="%72%69%6F%75%63%68%61%6E" n2="%72%61%6B%33" n3="%E9%A6%AC%E5%BC%95%E7%81%AB%33" dan="16,16,16,16" rate="2096.67,2134.44,2098.81,2144.66" sx="M,M,M,M"/><TAIKYOKU oya="0"/><INIT seed="0,0,0,0,3,27" ten="250,250,250,250" oya="0" hai0="76,21,68,114,53,62,39,91,3,81,97,31,0" hai1="131,56,4,25,103,98,127,80,88,65,2,87,101" hai2="9,8,47,37,22,60,117,96,17,110,71,72,118" hai3="54,57,66,129,122,99,48,5,18,132,84,46,11"/><T12/><D114/><U19/><E127/><V123/><F123/><W61/><G122/><T43/><D39/><U55/><E131/><V67/><F72/><W14/><G129/><T20/><D43/><U104/><E103/><V41/><F110/><W15/><G132/><T109/><D109/><U112/><E112/><V111/><F111/><W78/><G99/><T126/><D126/><U40/><E40/><V49/><F96/><W44/><G84/><N who="0" m="48167" /><D68/><U77/><E65/><V128/><F128/><W35/><G35/><T79/><D79/><U86/><E4/><V33/><F33/><W30/><G78/><T107/><D107/><U130/><E130/><V51/><F8/><W119/><G119/><N who="2" m="45577" /><F9/><W13/><G5/><T92/><D0/><U63/><E2/><V85/><F85/><W105/><G105/><T124/><D3/><U34/><E34/><V7/><F7/><W28/><G46/><T133/><D133/><U45/><E45/><V89/><F89/><W38/><G38/><T52/><D124/><U74/><REACH who="1" step="1"/><E88/><REACH who="1" ten="250,240,250,250" step="2"/><V90/><F90/><W50/><G50/><T83/><D83/><U94/><E94/><V125/><F125/><W82/><G82/><T106/><D106/><U1/><E1/><V6/><F6/><W75/><G75/><T113/><D113/><U135/><E135/><V58/><F71/><W26/><G11/><T93/><D93/><U100/><E100/><V95/><F95/><W10/><G10/><T69/><D69/><U116/><E116/><V42/><F42/><W134/><G134/><T24/><D62/><U121/><E121/><RYUUKYOKU ba="0,1" sc="250,0,240,0,250,0,250,0" hai0="12,20,21,24,31,52,53,91,92,97" hai1="19,25,55,56,63,74,77,80,86,87,98,101,104" hai2="17,22,37,41,47,49,51,58,60,67" hai3="13,14,15,18,26,28,30,44,48,54,57,61,66" /><INIT seed="0,1,1,0,4,16" ten="250,240,250,250" oya="0" hai0="100,23,46,29,129,96,112,19,113,28,93,36,75" hai1="64,33,38,2,20,72,106,123,50,60,115,63,18" hai2="54,32,73,97,3,69,62,34,9,13,12,7,110" hai3="98,15,67,51,58,11,53,22,87,89,128,37,31"/><T94/><D75/><U6/><E123/><V77/><F110/><W40/><G128/><T126/><D129/><U102/><E38/><V39/><F39/><W121/><G121/><T30/><D126/><U83/><E33/><V44/><F73/><W134/><G134/><T109/><D109/><U47/><E115/><V5/><F77/><W42/><G67/><T21/><D93/><U45/><E6/><V4/><F3/><W56/><G56/><T132/><D132/><U101/><E2/><V76/><F76/><W8/><G98/><T133/><D133/><U25/><E45/><V1/><F1/><W57/><G57/><T118/><D118/><U80/><E72/><V79/><F79/><W35/><G35/><T43/><REACH who="0" step="1"/><D23/><REACH who="0" ten="240,240,250,250" step="2"/><U14/><E106/><V92/><F32/><W105/><G105/><T27/><AGARI ba="1,2" hai="19,21,27,28,29,30,36,43,46,94,96,100,112,113" machi="27" ten="30,11700,0" yaku="1,1,2,1,0,1,52,1,53,0" doraHai="16" doraHaiUra="86" who="0" fromWho="0" sc="240,140,240,-40,250,-40,250,-40" /><INIT seed="0,2,0,2,3,30" ten="380,200,210,210" oya="0" hai0="110,5,126,124,108,16,2,114,71,81,4,58,113" hai1="34,47,6,11,49,117,88,67,133,15,91,1,56" hai2="22,10,40,73,82,54,48,50,87,69,112,105,20" hai3="41,135,29,66,103,9,37,90,46,111,65,51,127"/><T64/><D71/><U99/><E117/><V93/><F112/><N who="0" m="43114" /><D81/><U131/><E131/><V106/><F69/><W107/><G111/><N who="0" m="42539" /><D2/><U44/><E133/><V123/><F123/><W70/><G135/><T118/><D118/><U8/><E34/><V18/><F73/><W120/><G120/><T61/><D16/><U35/><E35/><V76/><F10/><W109/><G9/><T14/><D14/><U125/><E125/><AGARI ba="2,0" hai="4,5,58,61,64,124,125,126" m="42539,43114" machi="125" ten="40,7700,0" yaku="18,1,14,1,10,1" doraHai="30" who="0" fromWho="1" sc="380,83,200,-83,210,0,210,0" /><INIT seed="0,3,0,0,5,27" ten="463,117,210,210" oya="0" hai0="102,108,6,107,14,110,114,75,17,12,135,87,59" hai1="132,69,96,47,83,89,60,13,106,97,10,36,121" hai2="1,117,55,120,133,28,43,52,86,16,124,78,26" hai3="98,5,100,101,127,35,64,37,9,11,15,90,76"/><T74/><D114/><U51/><E121/><V65/><F120/><W33/><G37/><T93/><D107/><U57/><E132/><V8/><F133/><W112/><G112/><T82/><D135/><U0/><E0/><V95/><F124/><W122/><G122/><T92/><D6/><U66/><E106/><V4/><F117/><W91/><G76/><T38/><D38/><U68/><E36/><V85/><F43/><W22/><G64/><T129/><D129/><U77/><E68/><V105/><F105/><W20/><G15/><T103/><D59/><U88/><E69/><V2/><F2/><W32/><G32/><T44/><D44/><U123/><E123/><V115/><F115/><W62/><G62/><T46/><D46/><U67/><E67/><V58/><F65/><W104/><G104/><T131/><D131/><U81/><E97/><V25/><F95/><N who="0" m="36426" /><D17/><U34/><E34/><V19/><F25/><W30/><G98/><T63/><D63/><U40/><E96/><V116/><F55/><W21/><G21/><T94/><D12/><U29/><E83/><V31/><F116/><W70/><G70/><T84/><D14/><U3/><E3/><V79/><F19/><W130/><G130/><T54/><D54/><U48/><E48/><N who="2" m="30983" /><F79/><W119/><G119/><T118/><D118/><U7/><REACH who="1" step="1"/><E29/><REACH who="1" ten="463,107,210,210" step="2"/><V18/><F31/><W53/><G30/><T72/><D102/><U24/><E24/><V125/><F26/><W111/><G101/><T134/><D134/><U80/><E80/><V128/><F128/><W49/><G100/><T73/><D82/><RYUUKYOKU ba="3,1" sc="463,-10,107,30,210,-10,210,-10" hai1="7,10,13,40,47,51,57,60,66,77,81,88,89" /><INIT seed="1,4,1,1,0,35" ten="453,137,200,200" oya="1" hai0="30,97,65,48,126,117,17,118,78,68,33,112,1" hai1="130,62,38,113,45,46,105,4,95,3,110,79,61" hai2="50,26,82,9,73,90,125,29,135,47,8,22,72" hai3="11,114,42,88,96,58,10,12,87,16,67,131,64"/><U104/><E113/><V0/><F125/><W57/><G114/><T39/><D39/><U77/><E130/><V85/><F135/><W43/><G131/><T109/><D112/><U75/><E95/><V119/><F119/><W92/><G10/><T108/><D126/><U94/><E94/><V91/><F91/><W23/><G11/><T28/><D1/><U21/><E21/><V32/><F32/><W63/><G96/><T102/><D78/><N who="1" m="29707" /><E4/><V93/><F93/><W6/><G6/><T5/><D5/><U74/><E38/><V20/><F20/><W14/><G14/><T37/><BYE who="3" /><D37/><UN n3="%E9%A6%AC%E5%BC%95%E7%81%AB%33" /><U7/><E7/><V59/><F0/><W2/><G2/><T44/><D33/><U51/><E3/><V121/><F121/><W70/><G70/><T71/><D118/><U52/><E110/><V98/><F98/><W116/><G116/><T19/><D117/><U127/><E127/><V101/><F101/><W123/><G123/><T76/><D71/><U80/><E80/><V133/><F133/><W122/><G122/><T13/><D68/><U115/><E115/><V41/><F73/><N who="1" m="27657" /><E45/><V89/><F72/><W132/><G132/><T81/><D109/><U106/><E62/><AGARI ba="4,1" hai="12,16,23,42,43,57,58,62,63,64,67,87,88,92" machi="62" ten="40,8000,1" yaku="9,1,8,1,54,2" doraHai="35" who="3" fromWho="1" sc="453,0,137,-92,200,0,200,102" /><INIT seed="2,0,0,4,5,73" ten="453,45,200,302" oya="2" hai0="24,44,5,111,92,114,1,80,33,50,70,126,43" hai1="34,97,38,37,90,119,28,25,15,88,103,121,105" hai2="93,45,78,120,100,20,22,35,110,13,85,107,8" hai3="17,59,46,11,67,39,118,129,69,14,117,0,79"/><V10/><F120/><W61/><G129/><T68/><D114/><U127/><E121/><V72/><F35/><W113/><G113/><T21/><D33/><U89/><E119/><V108/><F10/><W124/><G124/><T26/><D126/><U96/><E127/><V104/><F45/><W133/><G133/><T27/><D111/><N who="2" m="42538" /><F72/><W16/><G0/><T57/><D5/><U62/><E97/><N who="2" m="59439" /><F22/><W82/><G69/><T102/><D1/><U18/><REACH who="1" step="1"/><E62/><REACH who="1" ten="453,35,200,302" step="2"/><V131/><F131/><W3/><G61/><T6/><D26/><U83/><E83/><N who="2" m="47351" /><F20/><AGARI ba="0,1" hai="15,18,20,25,28,34,37,38,88,89,90,96,103,105" machi="20" ten="40,2600,0" yaku="1,1,54,1,53,0" doraHai="73" doraHaiUra="32" who="1" fromWho="2" sc="453,0,35,36,200,-26,302,0" /><INIT seed="3,0,0,3,4,32" ten="453,71,174,302" oya="3" hai0="81,100,29,112,0,76,68,44,31,24,10,7,91" hai1="111,35,23,114,101,36,48,115,56,71,60,94,66" hai2="3,102,74,127,17,88,118,65,11,22,43,80,113" hai3="124,26,13,62,15,21,8,37,38,75,41,59,98"/><W53/><G75/><N who="0" m="43167" /><D68/><U34/><E34/><V89/><F113/><W132/><G124/><T70/><D70/><U50/><E35/><V130/><F118/><W18/><G132/><T122/><D122/><U90/><E101/><V1/><F65/><W58/><G41/><T129/><D100/><U12/><E36/><V86/><F130/><W67/><G15/><T93/><D24/><U69/><E71/><V2/><F74/><W51/><REACH who="3" step="1"/><G98/><REACH who="3" ten="453,71,174,292" step="2"/><N who="0" m="57663" /><D112/><U40/><E40/><V121/><F127/><W126/><G126/><T104/><D129/><U79/><E111/><V106/><F43/><W107/><G107/><T135/><D135/><U82/><E115/><V45/><F106/><W110/><G110/><T84/><D104/><U47/><E114/><V9/><F121/><W97/><G97/><T95/><D84/><N who="1" m="48223" /><E69/><V49/><F102/><W28/><AGARI ba="0,1" hai="8,13,18,21,26,28,37,38,51,53,58,59,62,67" machi="28" ten="20,3900,0" yaku="1,1,0,1,7,1,53,0" doraHai="32" doraHaiUra="33" who="3" fromWho="3" sc="453,-13,71,-13,174,-13,292,49" /><INIT seed="3,1,0,0,3,75" ten="440,58,161,341" oya="3" hai0="24,13,115,10,11,98,135,3,12,130,102,16,120" hai1="76,66,69,71,29,64,33,47,85,31,43,108,68" hai2="78,103,113,26,93,81,107,48,84,44,134,1,133" hai3="20,4,132,15,60,77,106,128,5,40,50,37,70"/><W28/><G106/><T65/><D120/><U38/><E108/><V104/><F1/><W122/><G122/><T21/><D3/><U56/><E33/><V39/><F39/><W100/><G37/><T92/><D130/><U27/><E56/><V72/><F26/><W90/><G100/><T89/><D135/><N who="2" m="51722" /><F113/><W41/><G128/><T117/><D117/><U114/><E114/><V36/><F36/><W129/><G129/><T123/><D123/><U0/><E0/><V17/><F17/><W7/><G132/><T125/><D125/><U99/><E99/><N who="2" m="61567" /><F107/><W42/><G90/><T118/><D118/><U127/><E127/><V121/><F121/><W96/><G96/><T73/><D73/><U8/><E8/><N who="0" m="3113" /><D115/><U61/><E64/><V52/><F93/><W111/><G111/><T23/><D102/><U18/><E18/><V6/><F72/><W55/><G70/><T35/><D35/><U88/><E27/><V46/><F6/><W22/><G60/><T54/><D65/><U49/><E38/><V34/><F34/><W82/><G28/><N who="0" m="17423" /><D54/><U53/><E53/><V87/><F87/><N who="3" m="48591" /><G15/><AGARI ba="1,0" hai="12,13,15,16,23,89,92,98" m="17423,3113" machi="15" ten="30,2000,0" yaku="8,1,54,1" doraHai="75" who="0" fromWho="3" sc="440,23,58,0,161,0,341,-23" owari="463,56.3,58,-44.2,161,-23.9,318,11.8" /></mjloggm>