<mjloggm ver="2.3"><GO type="225" lobby="0"/><UN n0="%E6%98%93%E5%88%A9%E8%96%A9%E4%BC%AF" n1="%E3%83%81%E3%83%83%E3%82%BF%E3%82%BD%E3%83%BC" n2="%E9%A6%AC%E5%BC%95%E7%81%AB%33" n3="%E6%A1%9C%E8%8A%B1%E9%96%83%E3%80%85" dan="17,16,16,17" rate="2118.41,2184.48,2079.58,2253.82" sx="F,F,M,M"/><TAIKYOKU oya="0"/><INIT seed="0,0,0,5,4,17" ten="250,250,250,250" oya="0" hai0="53,135,35,9,78,100,30,50,10,84,49,75,52" hai1="106,76,23,41,107,132,124,7,14,93,54,74,122" hai2="3,44,19,58,28,87,15,131,34,37,103,77,24" hai3="92,115,108,119,97,66,59,94,109,63,101,62,2"/><T8/><D75/><U113/><E93/><V104/><F3/><W116/><G115/><T33/><D135/><U56/><E41/><V67/><F131/><W11/><G94/><T64/><D64/><U5/><E122/><V98/><F37/><W114/><G114/><T83/><D100/><U73/><E113/><V51/><F77/><W121/><G121/><T81/><D30/><U96/><E96/><V22/><F87/><W13/><G63/><T4/><D4/><U36/><E36/><V60/><F51/><W133/><G2/><T38/><D38/><U112/><E112/><V110/><F110/><N who="3" m="42603" /><G133/><T105/><D105/><U130/><E132/><V27/><F44/><W102/><G101/><T72/><D50/><U89/><E76/><V6/><F6/><AGARI ba="0,0" hai="6,11,13,59,62,66,92,97,102,116,119" m="42603" machi="6" ten="30,1000,0" yaku="14,1" doraHai="17" who="3" fromWho="2" sc="250,0,250,0,250,-10,250,10" /><INIT seed="1,0,0,3,2,2" ten="250,250,240,260" oya="1" hai0="48,88,30,49,51,71,113,37,84,109,128,117,22" hai1="80,98,43,95,134,45,44,110,34,19,86,107,62" hai2="126,89,57,135,77,39,82,105,59,123,106,55,118" hai3="101,47,31,129,35,111,79,112,42,29,99,58,0"/><U132/><E107/><V108/><F118/><W96/><G112/><T40/><D113/><U115/><E115/><V125/><F123/><W72/><G111/><T54/><D117/><U102/><E34/><V38/><F108/><W8/><G129/><T10/><D71/><U73/><E73/><V53/><F135/><N who="1" m="51753" /><E110/><V17/><F89/><W120/><G58/><N who="2" m="22025" /><F17/><W124/><G124/><N who="2" m="47721" /><F106/><W91/><G91/><T26/><D128/><U5/><E62/><V36/><F105/><W27/><G31/><T4/><D109/><U60/><E60/><V12/><F12/><W81/><G101/><T23/><D54/><N who="2" m="20490" /><F82/><W83/><G83/><T133/><D133/><U18/><E19/><V75/><F75/><W69/><G120/><T74/><D74/><U15/><E18/><V28/><F28/><W87/><G69/><T32/><D84/><U92/><E92/><V20/><F20/><W114/><G87/><T24/><D88/><N who="1" m="51271" /><E43/><V14/><F14/><W67/><G114/><T66/><D26/><U64/><E64/><V3/><F3/><W127/><G67/><T9/><D66/><U122/><E122/><V50/><F50/><W56/><G127/><T33/><D24/><U41/><E41/><V70/><F70/><W21/><G35/><T16/><D33/><U78/><E78/><AGARI ba="0,0" hai="36,38,39,77,78" m="20490,47721,22025" machi="78" ten="40,5200,0" yaku="28,2,18,1" doraHai="2" who="2" fromWho="1" sc="250,0,250,-52,240,52,260,0" /><INIT seed="2,0,0,2,1,12" ten="250,198,292,260" oya="2" hai0="62,54,134,109,121,87,76,91,3,69,63,120,20" hai1="56,33,106,83,126,4,36,25,127,37,81,74,85" hai2="18,8,73,16,61,2,104,11,7,79,64,105,84" hai3="59,19,115,50,118,45,40,122,116,53,29,6,100"/><V23/><F73/><W96/><G122/><T117/><D109/><U77/><E106/><V89/><F79/><W30/><G6/><T94/><D3/><U99/><E99/><V101/><F101/><W5/><G5/><T86/><D134/><U114/><E114/><V102/><F102/><W129/><G115/><T55/><D117/><U71/><E71/><V90/><F11/><W92/><G129/><T124/><D124/><N who="1" m="47659" /><E4/><V34/><F34/><W44/><G44/><T43/><D43/><U35/><E56/><V107/><F23/><W119/><REACH who="3" step="1"/><G19/><REACH who="3" ten="250,198,292,250" step="2"/><T112/><D112/><U93/><E93/><V98/><F98/><W103/><G103/><T47/><D94/><U38/><E25/><V41/><F41/><W52/><G52/><T13/><D55/><U10/><E10/><V32/><F32/><W88/><G88/><AGARI ba="0,1" hai="33,35,36,37,38,74,77,81,83,85,88" m="47659" machi="88" ten="40,2600,0" yaku="18,1,54,1" doraHai="12" who="1" fromWho="3" sc="250,0,198,36,292,0,250,-26" /><INIT seed="3,0,0,5,3,81" ten="250,234,292,224" oya="3" hai0="33,60,72,132,58,9,113,45,133,85,12,112,119" hai1="79,107,26,102,111,95,68,124,35,42,93,43,34" hai2="82,100,48,32,11,18,109,3,23,31,47,74,62" hai3="5,76,13,123,57,29,98,118,120,126,25,49,2"/><W94/><G118/><T55/><D72/><U105/><E68/><V88/><F109/><W10/><G126/><T87/><D33/><U16/><E79/><V21/><F100/><W86/><G2/><T125/><D45/><U108/><E124/><V77/><F32/><W59/><G123/><T6/><D119/><U90/><E102/><V61/><F31/><W75/><G75/><T96/><D96/><U78/><E78/><V97/><F21/><N who="3" m="15535" /><G120/><T83/><D125/><U30/><E16/><V71/><F3/><W38/><G38/><T46/><D46/><U15/><E15/><V89/><F11/><W56/><G76/><T135/><D83/><U27/><REACH who="1" step="1"/><E30/><REACH who="1" ten="250,224,292,224" step="2"/><V22/><F71/><W44/><G86/><AGARI ba="0,1" hai="6,9,12,55,58,60,85,86,87,112,113,132,133,135" machi="86" ten="50,8000,1" yaku="20,1,52,3" doraHai="81" who="0" fromWho="3" sc="250,90,224,0,292,0,224,-80" owari="340,44.0,224,-17.6,292,9.2,144,-35.6" /></mjloggm>