<mjloggm ver="2.3"><GO type="225" lobby="0"/><UN n0="%E7%89%B9%E6%9D%B1%E3%81%AF%E4%B8%96%E7%95%8C%E3%82%92%E6%95%91%E3%81%86" n1="%E3%80%90%E3%83%88%E3%83%AA%E3%83%A5%E3%83%95%E3%80%91" n2="%E3%83%81%E3%83%AF%E3%83%AF%E9%9A%8A%E9%95%B7" n3="%E5%B8%86%E7%AB%8B%E5%A4%8F%E8%A1%A3" dan="16,16,16,17" rate="2170.00,2112.56,2113.67,2158.34" sx="M,M,M,M"/><TAIKYOKU oya="0"/><INIT seed="0,0,0,3,2,74" ten="250,250,250,250" oya="0" hai0="20,30,6,68,99,54,29,112,32,122,101,21,106" hai1="117,7,46,14,33,126,128,105,123,36,76,121,38" hai2="42,67,19,51,118,98,82,53,135,50,2,96,0" hai3="15,16,60,25,55,79,132,131,12,90,3,127,45"/><T93/><D112/><U62/><E62/><V83/><F118/><W1/><G132/><T110/><D122/><U100/><E14/><V13/><F135/><W87/><G127/><T91/><D68/><U113/><E117/><V124/><F124/><W27/><G131/><T108/><D6/><U49/><E7/><V22/><F67/><W61/><G3/><T9/><D9/><U71/><E33/><V34/><F34/><W92/><G1/><T24/><D54/><U48/><E126/><V64/><F64/><W35/><G15/><T80/><D80/><U120/><E128/><V109/><F109/><N who="0" m="42090" /><D30/><U70/><E113/><V65/><F65/><W39/><G35/><T5/><D5/><U125/><E125/><V11/><F0/><W85/><G39/><T31/><D31/><U129/><E129/><V103/><F2/><W56/><G61/><T116/><D116/><U63/><E120/><V8/><F8/><N who="3" m="6151" /><G45/><T52/><D21/><U26/><E121/><V86/><F22/><W59/><G59/><T111/><D111/><U133/><E133/><V10/><F10/><W89/><G89/><T134/><D134/><U44/><E123/><V43/><F11/><W17/><G17/><T84/><D32/><U57/><E71/><V73/><F19/><W115/><G115/><T41/><D29/><U95/><E70/><V75/><F13/><W69/><G69/><T37/><D20/><U78/><E26/><V130/><F130/><W104/><G104/><T107/><D24/><U23/><E23/><V119/><F119/><W47/><G47/><N who="1" m="17962" /><E105/><V18/><F18/><RYUUKYOKU ba="0,0" sc="250,-10,250,-10,250,-10,250,30" hai3="25,27,55,56,60,79,85,87,90,92" /><INIT seed="1,1,0,0,3,20" ten="240,240,240,280" oya="1" hai0="47,113,50,61,94,29,11,116,13,5,15,9,102" hai1="56,46,18,112,31,80,57,34,3,90,114,101,63" hai2="105,58,24,98,85,108,32,89,106,16,19,40,43" hai3="42,128,39,72,6,36,1,115,99,12,120,121,17"/><U122/><E122/><V68/><F68/><W91/><G115/><T65/><D116/><U127/><E127/><V44/><F108/><W2/><G128/><T14/><D113/><U132/><E132/><V97/><F58/><W55/><G72/><T131/><D131/><U84/><E3/><V51/><F40/><W88/><G6/><T86/><D29/><U52/><E101/><V35/><F106/><W111/><G42/><T134/><D134/><U95/><E46/><V38/><F38/><W67/><G55/><T126/><D126/><U107/><E107/><V100/><F97/><W83/><G99/><T0/><D102/><U30/><E18/><V25/><F19/><W73/><G17/><T62/><D11/><U125/><E125/><V135/><F135/><W54/><G54/><T74/><D74/><U104/><E104/><V45/><F45/><W27/><G73/><T37/><D37/><U92/><E57/><V26/><REACH who="2" step="1"/><F16/><REACH who="2" ten="240,240,230,280" step="2"/><W41/><G111/><T76/><D47/><U7/><E112/><V78/><F78/><W69/><G69/><T23/><D76/><U79/><E114/><V4/><F4/><W124/><G41/><T21/><D5/><U8/><E79/><V33/><F33/><W87/><G124/><T118/><D118/><U48/><E34/><V119/><F119/><W110/><G110/><T77/><D77/><U28/><E7/><V123/><F123/><W130/><G39/><T22/><D22/><U64/><E56/><V109/><F109/><W59/><G36/><T93/><D23/><U103/><E31/><V71/><F71/><RYUUKYOKU ba="1,1" sc="240,-10,240,-10,230,30,280,-10" hai2="24,25,26,32,35,43,44,51,85,89,98,100,105" /><INIT seed="2,2,1,2,5,102" ten="230,230,260,270" oya="2" hai0="78,116,103,46,123,12,4,36,107,79,87,37,50" hai1="120,119,72,23,71,97,99,105,110,128,93,135,82" hai2="109,17,114,35,9,39,41,132,64,117,38,40,121" hai3="0,98,86,33,59,115,90,69,60,133,76,56,55"/><V131/><F114/><W32/><G133/><T73/><D123/><U7/><E23/><V106/><F121/><W67/><G115/><T27/><D73/><U6/><E71/><V91/><F117/><W26/><G0/><T20/><D116/><U31/><E31/><V21/><F35/><W65/><G76/><T28/><D103/><N who="1" m="62703" /><E7/><V45/><F132/><W51/><G98/><T66/><D107/><U52/><E52/><V58/><F131/><W101/><G101/><T43/><D66/><U34/><E6/><V96/><F9/><W18/><G69/><T127/><D127/><U16/><E16/><V49/><F109/><W104/><G104/><T5/><D5/><U29/><E29/><V112/><F112/><W15/><G26/><T113/><D113/><U63/><E63/><V126/><F126/><W62/><G55/><T57/><D57/><U10/><E10/><V80/><F106/><W89/><G51/><T85/><D37/><U48/><E48/><V25/><F40/><W81/><REACH who="3" step="1"/><G89/><REACH who="3" ten="230,230,260,260" step="2"/><T95/><D79/><N who="1" m="44391" /><E135/><V68/><F68/><W77/><G77/><T53/><D78/><U94/><E120/><V100/><F49/><W13/><G13/><T61/><D53/><U134/><E134/><V11/><F25/><W47/><G47/><T44/><D44/><U88/><E119/><V24/><F45/><W22/><AGARI ba="2,2" hai="15,18,22,32,33,56,59,60,62,65,67,81,86,90" machi="22" ten="20,5200,0" yaku="1,1,0,1,7,1,9,1,53,0" doraHai="102" doraHaiUra="124" who="3" fromWho="3" sc="230,-15,230,-15,260,-28,260,78" /><INIT seed="3,0,0,5,2,74" ten="215,215,232,338" oya="3" hai0="36,91,82,38,55,61,110,84,116,76,108,114,47" hai1="52,130,45,122,121,70,11,107,93,106,115,134,94" hai2="7,10,50,12,133,63,64,44,53,127,79,51,0" hai3="9,4,104,128,126,124,111,37,96,28,3,120,33"/><W77/><G120/><T59/><D116/><U81/><E70/><V73/><F127/><W29/><G37/><T125/><D125/><U109/><E11/><V85/><F73/><W86/><G128/><T98/><D114/><U65/><E65/><V119/><F119/><W48/><G111/><N who="0" m="42539" /><D47/><U97/><E109/><V113/><F113/><W123/><G96/><T129/><D129/><U21/><E130/><V99/><F133/><W69/><G29/><T88/><D98/><U131/><E131/><V103/><F0/><W60/><G60/><T31/><D31/><U89/><E115/><V1/><F1/><W118/><G69/><T117/><D117/><U6/><E134/><V105/><F50/><W90/><G104/><T80/><D88/><U35/><E35/><V78/><F85/><AGARI ba="0,0" hai="36,38,55,59,61,76,80,82,84,85,91" m="42539" machi="85" ten="30,2000,0" yaku="14,1,52,1" doraHai="74" who="0" fromWho="2" sc="215,20,215,0,232,-20,338,0" owari="235,3.5,215,-18.5,212,-28.8,338,43.8" /></mjloggm>