<mjloggm ver="2.3"><GO type="225" lobby="0"/><UN n0="%E3%83%81%E3%83%83%E3%82%BF%E3%82%BD%E3%83%BC" n1="%E3%80%93%E3%81%97%E3%83%BC%E3%82%89%E3%80%93" n2="%77%72%77%72%77%72%77%72" n3="%E8%83%83%E3%81%A8%E8%85%B8" dan="16,16,17,16" rate="2132.10,2178.01,2148.23,2149.61" sx="F,M,M,M"/><TAIKYOKU oya="0"/><INIT seed="0,0,0,2,3,8" ten="250,250,250,250" oya="0" hai0="76,52,128,87,126,77,120,11,113,41,88,131,91" hai1="23,135,37,92,116,90,49,68,62,58,13,18,66" hai2="1,48,83,33,63,67,73,85,109,34,56,118,79" hai3="2,31,89,10,130,114,21,39,51,5,117,0,40"/><T46/><D126/><U42/><E116/><V124/><F124/><W81/><G117/><T103/><D113/><U25/><E135/><V54/><F118/><W93/><G114/><T61/><D120/><U24/><E37/><V111/><F1/><W47/><G130/><N who="0" m="49707" /><D103/><U97/><REACH who="1" step="1"/><E68/><REACH who="1" ten="250,240,250,250" step="2"/><V69/><REACH who="2" step="1"/><F73/><REACH who="2" ten="250,240,240,250" step="2"/><W64/><G39/><N who="0" m="21823" /><D91/><U101/><E101/><V50/><F50/><W107/><G51/><T9/><D77/><U102/><E102/><V106/><F106/><W38/><G107/><T95/><D76/><U110/><E110/><AGARI ba="0,2" hai="33,34,48,54,56,63,67,69,79,83,85,109,110,111" machi="110" ten="40,2600,0" yaku="1,1,14,1,53,0" doraHai="8" doraHaiUra="71" who="2" fromWho="1" sc="250,0,240,-26,240,46,250,0" /><INIT seed="1,0,0,2,5,90" ten="250,214,286,250" oya="1" hai0="93,129,14,59,84,65,15,82,39,35,19,85,86" hai1="95,118,108,119,69,23,97,40,51,111,76,122,70" hai2="133,121,1,134,89,105,125,124,11,68,32,100,62" hai3="10,128,96,127,87,92,64,47,72,78,113,49,52"/><U102/><E122/><V56/><F121/><W13/><G113/><T107/><D129/><U2/><E2/><V50/><F32/><W79/><G128/><T109/><D109/><N who="1" m="42059" /><E76/><V61/><F89/><W57/><G72/><T66/><D35/><U42/><E23/><V31/><F31/><W135/><G135/><N who="2" m="51721" /><F100/><W26/><G127/><N who="2" m="48713" /><F105/><W55/><G64/><N who="0" m="24683" /><D39/><U77/><E77/><V73/><F73/><W17/><G26/><T94/><D107/><U74/><E74/><V48/><F68/><N who="1" m="26217" /><E51/><N who="2" m="19499" /><F56/><W101/><G87/><N who="0" m="33355" /><D59/><U4/><E4/><AGARI ba="0,0" hai="1,4,11,61,62" m="19499,48713,51721" machi="4" ten="40,2600,0" yaku="20,1,18,1" doraHai="90" who="2" fromWho="1" sc="250,0,214,-26,286,26,250,0" /><INIT seed="2,0,0,3,3,37" ten="250,188,312,250" oya="2" hai0="99,57,83,19,4,118,88,90,14,66,128,9,1" hai1="44,36,121,105,35,68,26,18,55,85,22,117,122" hai2="31,131,17,125,13,69,84,39,86,126,79,43,109" hai3="8,46,27,95,134,132,111,100,116,70,102,52,130"/><V115/><F115/><W129/><G27/><T54/><D128/><N who="3" m="49257" /><G8/><T93/><D118/><U123/><E105/><V120/><F131/><W50/><G116/><T92/><D83/><U28/><E117/><V101/><F120/><W104/><G104/><T6/><D66/><U76/><E68/><V87/><F69/><W77/><G111/><T15/><D14/><U0/><E0/><V71/><F71/><W96/><G70/><T49/><REACH who="0" step="1"/><D1/><REACH who="0" ten="240,188,312,250" step="2"/><U124/><E124/><V81/><F126/><W89/><G77/><T5/><D5/><U3/><E3/><V67/><F13/><W48/><G134/><T16/><D16/><U25/><E76/><V34/><F17/><W108/><G132/><T53/><D53/><U78/><E55/><V47/><F67/><W45/><G108/><T20/><D20/><U94/><E78/><V135/><F125/><W64/><G64/><T24/><D24/><U113/><E113/><V41/><F135/><W106/><G106/><T62/><D62/><U98/><E85/><AGARI ba="0,1" hai="4,6,9,15,19,49,54,57,85,88,90,92,93,99" machi="85" ten="30,7700,0" yaku="1,1,7,1,8,1,54,1,53,0" doraHai="37" doraHaiUra="107" who="0" fromWho="1" sc="240,87,188,-77,312,0,250,0" /><INIT seed="3,0,0,2,2,25" ten="327,111,312,250" oya="3" hai0="65,45,74,7,0,70,58,62,83,46,90,96,105" hai1="54,88,28,121,126,4,66,118,92,20,134,35,81" hai2="123,27,128,10,127,44,94,22,33,21,76,48,38" hai3="55,117,53,36,41,103,122,86,43,51,19,49,14"/><W63/><G117/><T30/><D7/><U34/><E121/><V135/><F123/><W71/><G122/><T99/><D0/><U129/><E118/><V112/><F112/><W8/><G36/><T39/><D70/><U108/><E108/><V91/><F38/><W109/><G109/><T56/><D58/><U107/><E107/><V77/><F128/><W125/><G125/><T9/><D9/><U31/><E126/><V79/><F127/><W120/><G120/><T32/><D39/><U82/><E129/><V17/><F135/><W72/><G72/><T114/><D114/><U133/><E66/><V111/><F111/><W3/><G3/><T5/><D5/><U47/><E4/><V50/><F33/><W40/><G103/><T87/><D74/><U23/><E47/><V110/><F110/><W37/><G37/><T75/><D75/><U98/><E92/><V95/><F10/><W26/><G71/><T124/><D124/><U97/><E54/><N who="3" m="20490" /><G63/><T64/><D65/><U57/><E57/><V59/><F59/><W85/><G26/><T1/><D1/><U6/><E6/><V12/><F95/><W24/><G24/><N who="0" m="18503" /><D105/><U61/><E61/><V115/><F44/><W100/><G100/><T16/><D16/><U2/><E2/><V101/><F101/><W29/><G49/><T102/><D102/><U67/><E67/><V130/><F115/><W116/><G51/><T78/><D45/><U131/><E131/><V89/><F130/><W52/><G116/><T15/><D46/><U68/><E68/><V106/><F106/><W42/><G41/><RYUUKYOKU ba="0,0" sc="327,-10,111,30,312,-10,250,-10" hai1="20,23,28,31,34,35,81,82,88,97,98,133,134" owari="317,41.7,141,-35.9,302,10.2,240,-16.0" /></mjloggm>