<mjloggm ver="2.3"><GO type="225" lobby="0"/><UN n0="%E8%91%B1%E9%96%93%E8%91%B1%E6%8A%9C" n1="%E3%83%B4%E3%83%A0%EF%BC%99%E3%81%A6" n2="%E3%83%81%E3%83%83%E3%82%BF%E3%82%BD%E3%83%BC" n3="%E7%99%BD%E5%80%89%E5%AF%9B%E4%B9%8B" dan="16,17,16,16" rate="2076.89,2159.43,2186.78,2140.59" sx="F,M,F,M"/><TAIKYOKU oya="0"/><INIT seed="0,0,0,5,3,32" ten="250,250,250,250" oya="0" hai0="30,103,96,62,56,2,112,12,133,6,52,60,78" hai1="54,45,5,3,25,34,23,68,131,119,15,24,7" hai2="71,17,124,44,22,36,120,134,4,67,104,85,9" hai3="58,47,8,41,49,65,122,129,59,1,76,135,11"/><T113/><D133/><U10/><E68/><V57/><F134/><W61/><G135/><T82/><D12/><U93/><E93/><V53/><F124/><W19/><G122/><T132/><D132/><U84/><E84/><V130/><F130/><W106/><G129/><T94/><D30/><N who="1" m="19783" /><E54/><V38/><F104/><W35/><G106/><T90/><D60/><U75/><E45/><V80/><F120/><W114/><G35/><T73/><REACH who="0" step="1"/><D103/><REACH who="0" ten="240,250,250,250" step="2"/><U74/><E131/><V26/><F71/><W115/><G61/><T0/><D0/><N who="1" m="295" /><E119/><V69/><F69/><W66/><G1/><T13/><D13/><U79/><E74/><V108/><F108/><W31/><G31/><T117/><D117/><U118/><E75/><V37/><F67/><W51/><G66/><T105/><D105/><U42/><E118/><V63/><F63/><W29/><G65/><T33/><D33/><U77/><E15/><V43/><F26/><W97/><G29/><T27/><D27/><U126/><E126/><V48/><F36/><W98/><G8/><AGARI ba="0,1" hai="2,6,8,52,56,62,73,78,82,90,94,96,112,113" machi="8" ten="40,7700,0" yaku="1,1,52,1,54,1,53,0" doraHai="32" doraHaiUra="123" who="0" fromWho="3" sc="240,87,250,0,250,0,250,-77" /><INIT seed="0,1,0,3,5,89" ten="327,250,250,173" oya="0" hai0="115,72,61,51,92,33,75,96,119,76,7,95,53" hai1="123,114,93,21,58,133,106,130,78,73,104,9,36" hai2="10,0,62,77,87,135,105,16,43,1,47,24,23" hai3="55,81,79,57,107,74,100,86,32,82,101,84,27"/><T108/><D115/><U37/><E123/><V129/><F135/><W54/><G74/><T39/><D119/><U69/><E69/><V125/><F105/><W83/><G107/><T90/><D39/><U98/><E133/><V41/><F129/><W109/><G109/><T110/><D33/><U85/><E130/><V103/><F125/><W128/><G128/><T50/><D7/><U80/><E114/><V15/><F103/><W2/><G2/><T116/><D116/><U52/><E9/><V4/><F62/><W59/><G32/><T49/><D76/><U64/><E64/><V19/><F19/><W71/><G71/><T118/><D118/><U97/><E97/><V31/><F41/><W88/><G27/><T5/><D5/><U56/><E56/><V121/><F121/><W20/><G20/><T46/><D92/><U124/><E21/><V112/><F112/><W102/><G83/><T30/><D30/><U35/><E35/><V113/><F113/><W34/><G34/><T29/><D29/><U117/><E124/><V66/><F66/><W132/><G132/><T28/><D28/><U70/><E70/><V94/><F31/><W120/><G120/><T45/><D61/><N who="1" m="36039" /><E106/><V68/><F68/><W122/><G122/><T25/><D25/><U12/><E12/><V18/><F18/><W127/><G127/><T14/><D14/><U42/><E117/><V40/><F40/><W44/><G55/><N who="0" m="30127" /><D50/><AGARI ba="1,0" hai="44,50,54,57,59,79,81,82,84,86,88,100,101,102" machi="50" ten="40,2600,0" yaku="8,1,54,1" doraHai="89" who="3" fromWho="0" sc="327,-29,250,0,250,0,173,29" /><INIT seed="1,0,0,0,1,36" ten="298,250,250,202" oya="1" hai0="133,61,70,4,123,55,84,131,118,21,86,96,79" hai1="127,29,64,14,41,87,82,63,45,128,108,78,25" hai2="60,65,134,16,51,68,6,104,9,18,43,114,2" hai3="59,54,105,126,35,121,26,132,50,112,93,49,88"/><U46/><E127/><V71/><F134/><W39/><G39/><T102/><D118/><U91/><E128/><V135/><F135/><W62/><G132/><T113/><D133/><U85/><E108/><V3/><F114/><W10/><G105/><T58/><D113/><U38/><E14/><V1/><F104/><W92/><G112/><T17/><D131/><U98/><E98/><V22/><F71/><W120/><G126/><T19/><D123/><U80/><E46/><V130/><F130/><W97/><G120/><T99/><D4/><U30/><REACH who="1" step="1"/><E25/><REACH who="1" ten="298,240,250,202" step="2"/><V81/><F1/><W33/><G121/><T7/><D96/><U53/><E53/><V67/><F2/><W31/><G35/><T27/><D99/><U89/><E89/><V56/><F67/><W125/><G125/><T52/><D55/><U90/><E90/><V40/><F40/><W109/><BYE who="2" /><G109/><T75/><D27/><U124/><E124/><V0/><F0/><W115/><G115/><T129/><D52/><UN n2="%E3%83%81%E3%83%83%E3%82%BF%E3%82%BD%E3%83%BC" /><U57/><AGARI ba="0,1" hai="29,30,38,41,45,57,63,64,78,80,82,85,87,91" machi="57" ten="20,7800,0" yaku="1,1,0,1,7,1,52,1,53,0" doraHai="36" doraHaiUra="5" who="1" fromWho="1" sc="298,-26,240,88,250,-26,202,-26" /><INIT seed="1,1,0,0,4,56" ten="272,328,224,176" oya="1" hai0="15,71,101,46,31,68,122,17,10,124,83,108,100" hai1="119,14,67,127,9,110,60,64,85,63,5,57,35" hai2="128,61,52,125,1,132,76,99,97,43,18,104,135" hai3="91,24,3,45,22,40,53,131,59,38,93,82,32"/><U120/><E119/><V0/><F125/><W133/><G133/><N who="2" m="51273" /><F128/><W65/><G131/><T34/><D108/><U77/><E120/><V84/><F43/><W41/><G3/><N who="2" m="1097" /><F104/><W96/><G32/><T49/><D124/><U47/><E127/><V6/><F6/><W98/><G41/><T117/><D117/><U134/><E134/><V29/><F29/><W62/><G82/><T66/><D122/><U129/><E129/><V79/><F18/><W113/><G113/><T54/><D83/><N who="1" m="47343" /><E35/><V81/><F76/><W25/><G98/><T94/><D94/><U126/><E126/><V11/><F11/><W114/><G114/><T12/><D12/><U74/><E74/><V72/><F72/><W26/><REACH who="3" step="1"/><G65/><REACH who="3" ten="272,328,224,166" step="2"/><T90/><D66/><U8/><E64/><V55/><F55/><W16/><AGARI ba="1,1" hai="16,22,24,25,26,38,40,45,53,59,62,91,93,96" machi="16" ten="20,16000,3" yaku="1,1,2,1,0,1,7,1,25,2,52,1,54,1,53,0" doraHai="56" doraHaiUra="123" who="3" fromWho="3" sc="272,-41,328,-81,224,-41,166,173" /><INIT seed="2,0,0,0,0,17" ten="231,247,183,339" oya="2" hai0="26,119,34,86,92,135,78,101,85,67,84,31,33" hai1="106,115,127,76,37,28,97,122,60,57,70,56,110" hai2="35,112,68,104,30,74,134,58,100,96,87,90,40" hai3="66,95,62,91,113,81,99,14,103,83,54,41,32"/><V109/><F112/><W116/><G32/><T132/><D119/><U65/><E115/><V64/><F134/><N who="0" m="51242" /><D67/><U69/><E37/><V77/><F109/><W47/><G116/><T8/><D8/><U79/><E110/><V94/><F58/><W105/><G113/><T22/><D78/><U75/><E127/><V124/><F124/><W53/><G14/><T4/><D4/><U73/><E122/><V51/><F51/><W49/><G83/><T102/><D92/><U3/><E3/><V130/><F130/><W123/><G81/><T21/><D33/><U128/><E128/><V16/><F40/><W43/><G43/><T93/><D93/><U48/><E28/><V13/><F77/><W46/><G46/><T44/><D44/><U0/><E0/><V107/><F74/><W10/><G10/><T133/><N who="0" m="51250" /><T118/><DORA hai="20" /><D118/><U55/><E70/><V7/><F7/><W50/><G50/><T18/><D34/><U15/><E69/><V80/><F68/><W52/><G123/><T29/><D29/><U59/><E59/><V98/><F64/><W27/><G66/><T24/><AGARI ba="0,0" hai="18,21,22,24,26,31,84,85,86,101,102" m="51250" machi="24" ten="50,8000,1" yaku="20,1,52,4" doraHai="17,20" who="0" fromWho="0" sc="231,80,247,-20,183,-40,339,-20" /><INIT seed="3,0,0,4,5,109" ten="311,227,143,319" oya="3" hai0="73,102,85,69,45,113,39,121,53,125,7,43,114" hai1="3,86,32,46,57,123,33,48,93,95,23,111,126" hai2="80,36,37,54,26,89,122,1,0,41,64,91,52" hai3="116,92,98,30,68,76,50,130,129,97,11,21,55"/><W31/><G68/><T84/><D121/><U74/><E123/><V28/><F122/><W83/><G11/><T78/><D125/><U13/><E74/><V100/><F100/><N who="3" m="60455" /><G21/><T75/><D69/><U88/><E3/><V58/><F64/><W71/><G98/><T56/><D102/><U19/><E126/><V104/><F26/><W103/><G103/><T107/><D107/><U96/><E111/><V25/><F25/><W117/><G71/><T131/><D131/><N who="3" m="50185" /><G31/><T4/><D84/><U44/><E44/><V134/><F28/><W27/><G27/><T2/><D85/><U77/><E77/><V51/><F104/><W87/><G30/><T35/><D35/><U108/><E108/><V90/><F134/><W18/><G18/><T42/><D42/><U24/><E24/><V22/><F22/><W127/><G127/><T72/><D78/><U49/><E49/><V119/><F119/><W20/><G20/><T34/><D34/><U115/><E32/><V6/><F41/><W112/><G112/><N who="0" m="43115" /><D2/><U5/><E33/><V29/><F29/><W65/><G65/><T12/><D12/><U118/><E115/><V132/><F132/><W66/><G66/><T59/><D59/><AGARI ba="0,0" hai="50,55,59,76,83,87,116,117" m="50185,60455" machi="59" ten="30,1500,0" yaku="19,1" doraHai="109" who="3" fromWho="0" sc="311,-15,227,0,143,0,319,15" owari="296,9.6,227,-17.3,143,-35.7,334,43.4" /></mjloggm>