<mjloggm ver="2.3"><GO type="225" lobby="0"/><UN n0="%E6%98%93%E5%88%A9%E8%96%A9%E4%BC%AF" n1="%E3%81%99%E3%81%84%E3%81%BE%E3%81%9B%E3%83%BC%E3%82%93" n2="%E3%81%AF%E3%82%88%E3%81%8A%E3%81%98%E3%81%95%E3%82%93" n3="%6C%65%74%69%74%62%65" dan="17,18,17,16" rate="2208.06,2181.22,2140.41,2083.64" sx="F,M,M,M"/><TAIKYOKU oya="0"/><INIT seed="0,0,0,1,2,40" ten="250,250,250,250" oya="0" hai0="62,49,124,15,134,133,92,8,87,120,97,29,70" hai1="66,22,26,101,72,13,108,64,80,86,125,119,67" hai2="1,78,114,38,81,23,88,68,43,32,103,79,16" hai3="130,47,121,131,115,24,63,17,126,31,39,107,25"/><T77/><D120/><U9/><E119/><V113/><F32/><W11/><G115/><T60/><D29/><U6/><E108/><V85/><F68/><W19/><G107/><T105/><D105/><U122/><E125/><V116/><F1/><W71/><G126/><T111/><D124/><U54/><E72/><V52/><F116/><W127/><G127/><T112/><D112/><U118/><E118/><V7/><F7/><W83/><G83/><T42/><D70/><U75/><E75/><V90/><F103/><W44/><G39/><T102/><D111/><U33/><E33/><V34/><F34/><N who="3" m="20839" /><G11/><T56/><D134/><U2/><E101/><V21/><F21/><N who="3" m="13487" /><G19/><T57/><D56/><U45/><E122/><V58/><F113/><W65/><G121/><T20/><D20/><U12/><E2/><V35/><F35/><W53/><G53/><T98/><D98/><U99/><E99/><V106/><F106/><W73/><G73/><T36/><D36/><U0/><E26/><N who="2" m="14695" /><F43/><W95/><G95/><T129/><D133/><U41/><E22/><V76/><F38/><W117/><G117/><T55/><D42/><U37/><REACH who="1" step="1"/><E54/><REACH who="1" ten="250,240,250,250" step="2"/><V14/><F114/><W109/><G109/><T100/><D100/><U3/><E3/><V132/><F132/><W18/><G18/><T89/><D102/><U91/><AGARI ba="0,1" hai="0,6,9,12,13,37,41,45,64,66,67,80,86,91" machi="91" ten="30,7900,0" yaku="1,1,0,1,52,1,53,1" doraHai="40" doraHaiUra="82" who="1" fromWho="1" sc="250,-39,240,89,250,-20,250,-20" /><INIT seed="1,0,0,1,4,110" ten="211,329,230,230" oya="1" hai0="20,106,32,97,125,12,96,27,37,81,132,38,127" hai1="22,75,51,0,15,119,18,130,4,50,24,42,8" hai2="76,40,30,56,59,128,85,11,68,36,116,43,74" hai3="58,88,98,64,67,13,129,44,89,45,16,54,121"/><U92/><E119/><V94/><F116/><W29/><G121/><T71/><D71/><U82/><E130/><V93/><F68/><W108/><G108/><T126/><D132/><U113/><E113/><V21/><F128/><W28/><G129/><T10/><D32/><U86/><E75/><V49/><F36/><W70/><G70/><T120/><D120/><U72/><E72/><V103/><F74/><W109/><G109/><T53/><D81/><U124/><E124/><V77/><F11/><N who="3" m="6207" /><G64/><T17/><D53/><U73/><E73/><V23/><F93/><N who="3" m="56615" /><G89/><T5/><REACH who="0" step="1"/><D97/><REACH who="0" ten="201,329,230,230" step="2"/><U69/><E69/><V107/><F43/><W26/><G67/><T114/><D114/><U123/><E123/><V90/><F40/><W100/><G100/><AGARI ba="0,1" hai="5,10,12,17,20,27,37,38,96,100,106,125,126,127" machi="100" ten="40,2600,0" yaku="1,1,18,1,53,0" doraHai="110" doraHaiUra="47" who="0" fromWho="3" sc="201,36,329,0,230,0,230,-26" /><INIT seed="2,0,0,2,5,86" ten="237,329,230,204" oya="2" hai0="106,90,110,91,47,1,114,122,39,35,22,101,97" hai1="135,85,29,107,41,13,130,40,42,34,108,2,96" hai2="75,56,94,132,10,133,67,98,73,82,25,123,4" hai3="131,60,116,70,117,77,44,129,33,19,9,37,65"/><V26/><F123/><W109/><G33/><T45/><D122/><U52/><E2/><V125/><F125/><W49/><G77/><T113/><D35/><U14/><E108/><V100/><F67/><W17/><G109/><T57/><D110/><U53/><E135/><N who="2" m="51787" /><F56/><W120/><G37/><T78/><D1/><U21/><E130/><N who="3" m="49674" /><G120/><T48/><D78/><U36/><E36/><V6/><F6/><W62/><G9/><T12/><D57/><U66/><E66/><V32/><F82/><W0/><G0/><T3/><D3/><U23/><E34/><V118/><F118/><N who="3" m="45675" /><G60/><T112/><D39/><U105/><E23/><V16/><F4/><W126/><G126/><T7/><D47/><U87/><E21/><N who="2" m="13479" /><F10/><W54/><AGARI ba="0,0" hai="17,19,44,49,54,62,65,70" m="45675,49674" machi="54" ten="30,1100,0" yaku="19,1" doraHai="86" who="3" fromWho="3" sc="237,-3,329,-3,230,-5,204,11" /><INIT seed="3,0,0,2,0,1" ten="234,326,225,215" oya="3" hai0="105,117,70,35,127,126,31,39,56,44,46,111,26" hai1="5,106,29,93,95,112,15,94,96,42,78,100,62" hai2="72,20,98,71,49,48,65,22,2,11,135,124,77" hai3="17,32,121,125,66,91,110,43,47,114,23,129,50"/><W130/><G121/><T0/><D117/><U83/><E112/><V123/><F123/><W80/><G114/><T3/><D70/><U99/><E29/><V74/><F124/><N who="0" m="47658" /><D111/><U102/><E42/><V30/><F135/><W90/><G125/><T128/><D128/><N who="3" m="49257" /><G32/><T16/><D105/><U10/><E62/><V67/><F71/><W69/><G110/><T14/><D56/><U116/><E116/><V73/><F77/><W51/><G80/><T36/><D46/><U101/><E101/><V34/><F34/><W55/><G66/><T6/><D6/><U89/><E102/><V9/><F2/><N who="0" m="554" /><D44/><U109/><E109/><V8/><F30/><W120/><G69/><T122/><D122/><U88/><E89/><N who="3" m="33802" /><G120/><T38/><D38/><U115/><E115/><V118/><F118/><W86/><G86/><AGARI ba="0,0" hai="5,10,15,78,83,86,88,93,94,95,96,99,100,106" machi="86" ten="30,3900,0" yaku="7,1,52,1,54,1" doraHai="1" who="1" fromWho="3" sc="234,0,326,39,225,0,215,-39" owari="234,3.4,365,46.5,225,-17.5,176,-32.4" /></mjloggm>