<mjloggm ver="2.3"><GO type="225" lobby="0"/><UN n0="%E3%81%99%E3%81%84%E3%81%BE%E3%81%9B%E3%83%BC%E3%82%93" n1="%E8%B5%A4%E3%81%84%E8%9B%99%31%31" n2="%E3%83%81%E3%83%83%E3%82%BF%E3%82%BD%E3%83%BC" n3="%E5%A4%8F%E9%88%B4%E9%88%B4%E5%A4%8F" dan="18,16,16,16" rate="2192.58,2124.50,2124.68,2104.20" sx="M,M,F,F"/><TAIKYOKU oya="0"/><INIT seed="0,0,0,5,4,39" ten="250,250,250,250" oya="0" hai0="4,48,93,6,18,87,61,28,116,37,91,11,7" hai1="134,10,108,54,43,86,75,8,16,122,77,129,81" hai2="106,15,57,95,0,71,30,55,92,67,29,100,40" hai3="27,130,31,96,45,76,65,35,110,58,49,127,34"/><T135/><D37/><U42/><E122/><V32/><F0/><W44/><G110/><T56/><D116/><U79/><E108/><V97/><F15/><W1/><G1/><T84/><D135/><U21/><E134/><V104/><F104/><W19/><G130/><T70/><D70/><U72/><E129/><V13/><F13/><W88/><G127/><T114/><D114/><U90/><E54/><V60/><F29/><W53/><G76/><N who="1" m="29258" /><E75/><V113/><F40/><N who="1" m="15401" /><E72/><V133/><F113/><W128/><G35/><T52/><D28/><U83/><E83/><V47/><F47/><W131/><G128/><T115/><D115/><U38/><E38/><V2/><F2/><W119/><G131/><T123/><D123/><U112/><E112/><V82/><F82/><W41/><G119/><T26/><D48/><U25/><AGARI ba="0,0" hai="8,10,16,21,25,81,86,90" m="15401,29258" machi="25" ten="30,8000,1" yaku="8,1,52,3,54,1" doraHai="39" who="1" fromWho="1" sc="250,-40,250,80,250,-20,250,-20" /><INIT seed="1,0,0,5,1,13" ten="210,330,230,230" oya="1" hai0="25,74,118,20,46,32,18,49,76,117,61,79,134" hai1="73,92,29,63,125,45,86,17,34,2,106,44,64" hai2="11,110,135,15,108,123,78,94,133,84,126,121,104" hai3="120,26,41,65,40,54,3,102,60,57,83,99,88"/><U80/><E2/><V131/><F104/><W42/><G120/><N who="2" m="46153" /><F131/><W50/><G3/><T53/><D134/><N who="2" m="51210" /><F126/><W96/><G26/><T66/><D32/><U87/><E106/><V119/><F119/><W89/><G83/><T114/><D114/><U1/><E1/><V35/><F35/><W98/><REACH who="3" step="1"/><G102/><REACH who="3" ten="210,330,230,220" step="2"/><T112/><D112/><U16/><E80/><N who="2" m="47127" /><F94/><W56/><AGARI ba="0,1" hai="40,41,42,50,54,56,57,60,65,88,89,96,98,99" machi="56" ten="30,8000,1" yaku="1,1,0,1,8,1,54,1,53,1" doraHai="13" doraHaiUra="62" who="3" fromWho="3" sc="210,-20,330,-40,230,-20,220,90" /><INIT seed="2,0,0,1,4,59" ten="190,290,210,310" oya="2" hai0="134,40,102,66,104,92,54,67,14,119,133,103,41" hai1="116,121,95,15,87,113,110,78,34,61,109,17,129" hai2="97,30,88,123,90,101,57,105,124,38,31,117,125" hai3="27,107,120,99,42,75,5,62,70,127,1,108,4"/><V12/><F117/><W68/><G120/><T25/><D119/><U80/><E116/><V130/><F123/><W29/><G75/><T106/><D14/><U13/><E113/><V82/><F130/><W71/><G42/><N who="0" m="16491" /><D54/><U53/><E121/><V28/><F38/><W50/><G50/><T46/><D46/><U96/><E34/><V94/><F12/><W21/><G108/><N who="1" m="41578" /><E129/><V0/><F0/><W128/><G127/><N who="2" m="48713" /><F82/><W43/><G43/><T55/><D55/><U9/><E15/><V132/><F132/><N who="0" m="50794" /><D25/><U86/><E86/><V3/><F3/><W2/><G1/><T131/><D131/><U85/><E85/><V135/><F135/><W51/><G51/><T91/><D91/><N who="2" m="34858" /><F57/><W7/><G2/><T118/><D118/><U45/><E45/><V73/><F73/><W18/><G128/><T60/><D92/><AGARI ba="0,0" hai="28,30,31,92,94,97,101,105" m="34858,48713" machi="92" ten="40,3900,0" yaku="18,1,54,1" doraHai="59" who="2" fromWho="0" sc="190,-39,290,0,210,39,310,0" /><INIT seed="2,1,0,0,5,66" ten="151,290,249,310" oya="2" hai0="65,86,68,85,17,73,78,123,109,3,125,93,18" hai1="81,76,15,87,120,75,4,36,63,53,104,40,129" hai2="16,10,91,118,8,28,124,82,88,71,119,114,52" hai3="54,70,41,122,77,21,105,19,27,90,59,132,121"/><V47/><F114/><W23/><G105/><T100/><D123/><U30/><E120/><V103/><F124/><W32/><G32/><T116/><D125/><U89/><E129/><V9/><F28/><W46/><G70/><T38/><D38/><U128/><E128/><V113/><F113/><W127/><G127/><T26/><D3/><U95/><E30/><V111/><F111/><W22/><G132/><T72/><D109/><U112/><E112/><V110/><F110/><W20/><G77/><T6/><D6/><U58/><E104/><V2/><F2/><W45/><G45/><T25/><D78/><U0/><E15/><V94/><F71/><W14/><G90/><T107/><D107/><U48/><E0/><V24/><F118/><W7/><G7/><T35/><D35/><U96/><E4/><V79/><F119/><W99/><G99/><T84/><D116/><U43/><E36/><V37/><F37/><W39/><REACH who="3" step="1"/><G27/><REACH who="3" ten="151,290,249,300" step="2"/><T56/><D68/><U64/><REACH who="1" step="1"/><E75/><REACH who="1" ten="151,280,249,300" step="2"/><V1/><F1/><W92/><G92/><T83/><D73/><U44/><AGARI ba="1,2" hai="40,43,44,48,53,58,63,64,76,81,87,89,95,96" machi="44" ten="20,12000,2" yaku="1,1,2,1,0,1,7,1,8,1,53,1" doraHai="66" doraHaiUra="57" who="1" fromWho="1" sc="151,-31,280,143,249,-61,300,-31" /><INIT seed="3,0,0,3,3,28" ten="120,423,188,269" oya="3" hai0="80,124,45,0,27,17,14,111,60,36,81,16,98" hai1="97,125,71,43,53,105,82,134,20,126,11,19,26" hai2="128,79,52,57,18,69,31,68,46,114,123,84,9" hai3="35,106,102,65,87,59,44,99,12,3,135,75,40"/><W112/><G3/><T25/><D0/><U38/><E71/><V8/><F114/><W30/><G75/><T2/><D2/><U91/><E134/><V93/><F128/><W132/><G112/><T50/><D36/><U23/><E11/><V55/><F31/><W116/><G116/><T118/><D118/><U127/><E53/><V6/><F6/><W131/><G131/><T33/><D111/><U56/><E56/><V47/><F123/><W1/><G1/><T29/><D124/><U41/><E38/><V34/><F34/><W133/><G12/><T39/><D39/><U72/><E23/><V90/><F79/><W48/><G87/><T64/><D98/><U122/><E122/><V24/><F68/><W15/><G15/><T104/><D104/><U49/><E49/><N who="2" m="28727" /><F47/><W32/><G30/><T88/><D27/><U22/><E22/><N who="2" m="13399" /><F69/><W77/><G77/><T129/><D129/><U108/><E108/><V73/><F73/><W101/><G101/><T63/><D64/><U92/><E105/><V42/><F42/><W83/><G83/><T119/><D119/><U13/><E13/><V5/><F5/><W37/><G37/><T61/><D88/><U113/><E113/><V54/><F54/><W110/><G110/><T10/><REACH who="0" step="1"/><D17/><REACH who="0" ten="110,423,188,269" step="2"/><U89/><E91/><V78/><F78/><AGARI ba="0,1" hai="19,20,26,41,43,72,78,82,89,92,97,125,126,127" machi="78" ten="40,1300,0" yaku="18,1" doraHai="28" who="1" fromWho="2" sc="110,0,423,23,188,-13,269,0" owari="110,-39.0,446,54.6,175,-22.5,269,6.9" /></mjloggm>