<mjloggm ver="2.3"><GO type="225" lobby="0"/><UN n0="%E6%B4%BE%E9%81%A3%E3%81%AE%E3%82%B8%E3%83%A3%E3%83%83%E3%82%AF" n1="%41%6F%54" n2="%E3%81%8B%E3%82%8F%E3%81%A1%E3%82%83%E3%82%93%35%38" n3="%47%68%6F%73%74%55%30" dan="17,16,16,16" rate="2196.55,2099.45,2129.21,2126.59" sx="M,M,M,M"/><TAIKYOKU oya="0"/><INIT seed="0,0,0,2,2,38" ten="250,250,250,250" oya="0" hai0="37,55,89,35,19,131,47,16,48,42,15,71,132" hai1="59,106,105,111,98,70,34,17,45,110,43,12,29" hai2="8,62,94,10,54,28,114,32,103,126,122,50,108" hai3="64,44,25,84,90,39,104,77,27,125,93,26,52"/><T88/><D35/><U91/><E70/><V81/><F114/><W58/><G104/><T6/><D132/><U36/><E29/><V95/><F122/><W116/><G116/><T128/><D71/><U57/><E34/><V99/><F108/><N who="1" m="41513" /><E91/><N who="0" m="34889" /><D6/><U73/><E73/><V130/><F130/><N who="0" m="49706" /><D15/><U68/><E68/><V23/><F32/><W5/><G125/><T72/><D72/><U82/><E82/><V53/><F126/><W78/><G5/><T7/><D7/><U80/><E80/><V24/><F94/><W96/><G84/><T60/><D60/><U86/><E86/><V135/><F135/><W9/><G9/><N who="2" m="3689" /><F81/><W1/><G1/><T134/><D134/><U118/><E118/><V65/><F50/><N who="3" m="28743" /><G39/><T33/><D33/><U79/><E79/><V102/><F102/><W30/><G30/><T121/><D121/><U97/><E106/><V92/><F92/><W74/><G74/><T40/><D37/><U22/><E97/><V127/><F127/><W112/><G112/><T31/><D31/><U75/><E75/><V20/><F20/><W3/><G3/><T49/><D49/><U100/><AGARI ba="0,0" hai="12,17,22,36,43,45,57,59,98,100,105" m="41513" machi="100" ten="30,2000,0" yaku="14,1,52,1" doraHai="38" who="1" fromWho="1" sc="250,-10,250,20,250,-5,250,-5" /><INIT seed="1,0,0,4,4,98" ten="240,270,245,245" oya="1" hai0="78,20,37,86,42,90,126,4,97,9,26,101,106" hai1="21,17,18,105,131,12,109,31,91,51,11,63,56" hai2="57,93,113,134,24,125,53,55,28,130,10,29,67" hai3="73,80,44,2,88,117,52,69,16,89,135,33,64"/><U79/><E105/><V128/><F125/><W111/><G33/><T35/><D126/><U1/><E131/><N who="2" m="50219" /><F134/><W5/><G135/><T61/><D35/><U123/><E123/><V19/><F113/><W94/><G69/><T14/><D61/><U81/><E91/><V50/><F67/><W110/><G64/><T116/><D116/><U129/><E129/><V92/><F53/><W47/><G117/><T46/><D78/><U6/><E109/><N who="3" m="41482" /><G5/><T74/><D74/><U72/><E51/><V76/><F76/><N who="3" m="44047" /><G2/><T23/><REACH who="0" step="1"/><D26/><REACH who="0" ten="230,270,245,245" step="2"/><U85/><E72/><V112/><F24/><W54/><G89/><T39/><D39/><U15/><E31/><V70/><F28/><W127/><G127/><T108/><D108/><U45/><E45/><N who="3" m="17482" /><G16/><T41/><D41/><U65/><REACH who="1" step="1"/><E17/><REACH who="1" ten="230,260,245,245" step="2"/><V82/><F29/><W115/><G115/><T7/><D7/><U8/><E8/><V103/><F112/><W36/><G36/><T71/><D71/><U32/><E32/><V34/><F34/><W60/><G60/><T58/><D58/><U77/><E77/><V68/><F68/><W0/><G0/><AGARI ba="0,2" hai="0,1,6,11,12,15,18,21,56,63,65,79,81,85" machi="0" ten="40,2000,0" yaku="1,1,53,0" doraHai="98" doraHaiUra="120" who="1" fromWho="3" sc="230,0,260,40,245,0,245,-20" /><INIT seed="1,1,0,1,0,88" ten="230,300,245,225" oya="1" hai0="25,11,77,121,35,79,45,126,26,21,49,127,24" hai1="90,96,108,32,106,124,41,135,51,48,69,134,91" hai2="18,68,103,117,9,31,114,43,67,75,59,6,70" hai3="66,76,58,17,19,14,109,0,60,100,87,93,94"/><U63/><E32/><V55/><F75/><W20/><G0/><T119/><D119/><U64/><E124/><N who="0" m="47657" /><D121/><U34/><E34/><V50/><F117/><W52/><G109/><T104/><D104/><U2/><E2/><V30/><F114/><W54/><G100/><T22/><D11/><U42/><E108/><V72/><F72/><W115/><G115/><T89/><D89/><N who="1" m="33803" /><E96/><V4/><F103/><W84/><G19/><T23/><D35/><U28/><E28/><V12/><F43/><AGARI ba="1,0" hai="21,22,23,24,25,26,43,45,49,77,79" m="47657" machi="43" ten="40,1300,0" yaku="18,1" doraHai="88" who="0" fromWho="2" sc="230,16,300,0,245,-16,225,0" /><INIT seed="2,0,0,0,5,115" ten="246,300,229,225" oya="2" hai0="32,43,34,9,127,67,81,98,62,17,7,105,18" hai1="78,134,47,109,5,87,4,76,11,123,124,46,125" hai2="8,28,94,1,63,108,106,57,107,58,86,42,93" hai3="49,26,113,104,73,120,30,54,22,38,82,35,71"/><V102/><F108/><W36/><G120/><T97/><D43/><U13/><E123/><V48/><F28/><W31/><G113/><T15/><D127/><N who="1" m="48715" /><E134/><V92/><F86/><W117/><G104/><T12/><D81/><N who="1" m="47527" /><E78/><V70/><F70/><W56/><G71/><T0/><D0/><U20/><E109/><V55/><F102/><W50/><G73/><T65/><D7/><N who="1" m="2635" /><E20/><V101/><F1/><W100/><G82/><T59/><D105/><U14/><E14/><V68/><F8/><W19/><G100/><T131/><D131/><U75/><E75/><V112/><F112/><W45/><G117/><T128/><D128/><U130/><E130/><V79/><F79/><W118/><G118/><T132/><D132/><U135/><E135/><V23/><F23/><W16/><G35/><T61/><D9/><U74/><E74/><V91/><F101/><W6/><G6/><AGARI ba="0,0" hai="6,11,13,46,47" m="2635,47527,48715" machi="6" ten="30,1000,0" yaku="18,1" doraHai="115" who="1" fromWho="3" sc="246,0,300,10,229,0,225,-10" /><INIT seed="3,0,0,1,2,7" ten="246,310,229,215" oya="3" hai0="32,20,71,49,63,129,80,87,81,59,76,52,125" hai1="29,82,69,60,95,89,47,115,13,104,103,91,77" hai2="6,61,102,93,79,0,12,45,53,39,30,85,19" hai3="68,128,111,83,33,92,108,101,35,5,56,22,118"/><W54/><G118/><T26/><D32/><U109/><E115/><V17/><F0/><W48/><G128/><T121/><D129/><U55/><E29/><V86/><F39/><W122/><G122/><T2/><D2/><U21/><E89/><N who="2" m="53423" /><F102/><W106/><G106/><T114/><D125/><U9/><E21/><V120/><F30/><W132/><G132/><T18/><D114/><U70/><E60/><V34/><F34/><W25/><G5/><T50/><D121/><U23/><E47/><V58/><F120/><W16/><G68/><T131/><D131/><U112/><E55/><V8/><F45/><W38/><G38/><T133/><D133/><U41/><E109/><N who="3" m="42058" /><G83/><AGARI ba="0,0" hai="6,8,12,17,19,53,58,61,79,83,86" m="53423" machi="83" ten="30,2000,0" yaku="8,1,52,1" doraHai="7" who="2" fromWho="3" sc="246,0,310,0,229,20,215,-20" owari="246,-15.4,310,41.0,249,4.9,195,-30.5" /></mjloggm>