<mjloggm ver="2.3"><GO type="225" lobby="0"/><UN n0="%E6%80%AA%E3%81%97%E3%81%99%E3%81%8E%E3%82%8B%E3%83%81%E3%83%BC" n1="%E3%81%A1%E3%82%83%E3%81%93%E3%81%93" n2="%E7%B4%94%E6%BD%94%E3%83%94%E3%83%A9%E3%83%8B%E3%82%A2" n3="%E6%9C%88%E5%B3%B6%E5%9F%BA" dan="16,16,16,17" rate="2055.67,2145.27,2150.00,2213.05" sx="M,F,M,M"/><TAIKYOKU oya="0"/><INIT seed="0,0,0,5,0,2" ten="250,250,250,250" oya="0" hai0="17,11,64,100,118,116,79,16,77,4,41,128,29" hai1="14,8,127,61,93,18,6,54,121,123,98,52,68" hai2="35,97,110,132,129,81,126,134,135,45,89,51,115" hai3="57,74,48,31,32,125,42,40,43,39,50,111,73"/><T87/><D128/><U104/><E104/><V107/><F35/><W92/><G32/><T96/><D29/><U131/><E131/><V99/><F129/><W67/><G31/><T13/><D64/><U101/><E127/><V103/><F126/><W0/><G0/><T75/><D75/><U105/><E68/><V5/><F110/><W119/><G125/><T82/><D79/><U85/><E61/><V24/><F24/><W109/><G119/><T72/><D72/><N who="3" m="27753" /><G39/><T114/><D114/><U26/><E105/><V102/><F115/><W113/><G113/><T133/><D133/><U71/><E71/><V38/><F38/><W91/><G57/><T20/><D17/><U69/><E69/><V66/><F66/><W86/><G67/><T36/><D41/><U83/><E123/><V25/><F25/><W37/><G37/><T65/><D65/><U10/><E121/><V49/><F45/><W60/><G60/><T15/><REACH who="0" step="1"/><D36/><REACH who="0" ten="240,250,250,250" step="2"/><U1/><REACH who="1" step="1"/><E26/><REACH who="1" ten="240,240,250,250" step="2"/><V120/><F120/><W78/><G111/><T28/><D28/><U70/><E70/><V30/><F30/><W44/><G109/><T23/><D23/><U88/><AGARI ba="0,2" hai="1,6,8,10,14,18,52,54,83,85,88,93,98,101" machi="88" ten="20,12000,2" yaku="1,1,0,1,7,1,52,1,54,2,53,1" doraHai="2" doraHaiUra="94" who="1" fromWho="1" sc="240,-60,240,140,250,-30,250,-30" /><INIT seed="1,0,0,3,0,68" ten="180,380,220,220" oya="1" hai0="106,50,103,0,16,122,85,48,39,5,82,105,21" hai1="95,20,69,86,11,92,47,124,93,59,3,110,94" hai2="133,12,65,35,77,72,38,60,36,6,121,22,99" hai3="130,31,29,100,17,97,30,14,23,44,73,49,15"/><U112/><E112/><V116/><F121/><W87/><G73/><T19/><D122/><U42/><E69/><V7/><F116/><W107/><G130/><T55/><D39/><U89/><E124/><V13/><F35/><W40/><G87/><T101/><D0/><U8/><E3/><V37/><F133/><W120/><G120/><T123/><D123/><U76/><E76/><V61/><F99/><W118/><REACH who="3" step="1"/><G15/><REACH who="3" ten="180,380,220,210" step="2"/><T24/><D24/><U51/><E110/><V74/><F74/><W96/><G96/><T115/><D85/><U41/><E41/><V46/><F72/><W132/><G132/><T135/><D135/><U102/><E102/><V98/><F98/><W126/><G126/><T27/><D27/><U67/><E20/><V83/><F22/><W111/><G111/><T57/><D21/><U34/><E34/><V43/><F13/><W134/><G134/><T63/><D115/><U119/><E119/><AGARI ba="0,1" hai="14,17,23,29,30,31,40,44,49,97,100,107,118,119" machi="119" ten="40,1300,0" yaku="1,1,53,0" doraHai="68" doraHaiUra="2" who="3" fromWho="1" sc="180,0,380,-13,220,0,210,23" /><INIT seed="2,0,0,2,0,112" ten="180,367,220,233" oya="2" hai0="18,89,134,99,95,64,63,41,132,120,3,75,104" hai1="107,25,22,67,119,47,16,7,131,114,124,26,65" hai2="56,94,5,23,109,48,102,130,135,81,115,58,31" hai3="96,101,1,103,2,71,11,97,76,37,83,28,53"/><V113/><F135/><N who="0" m="51754" /><D120/><U116/><E107/><V50/><F130/><W70/><G37/><T12/><D3/><U40/><E114/><V0/><F0/><W61/><G28/><T54/><D75/><U36/><E131/><V92/><F5/><W33/><G33/><T122/><D122/><U88/><E124/><V66/><F109/><W10/><G61/><T127/><D104/><U111/><E7/><V126/><F81/><W129/><G129/><T100/><D127/><U9/><E111/><V29/><F126/><W46/><G83/><T30/><D30/><U98/><E9/><V59/><F59/><W125/><G125/><T52/><D41/><U72/><E72/><V87/><F87/><W24/><G76/><T86/><D100/><U68/><E26/><V133/><F133/><W49/><G24/><T118/><D118/><U51/><E36/><V32/><F23/><W91/><G91/><T44/><D44/><U108/><E108/><V20/><F20/><W35/><G35/><T42/><D42/><U93/><REACH who="1" step="1"/><E68/><REACH who="1" ten="180,357,220,233" step="2"/><V27/><F27/><W82/><G71/><N who="0" m="42399" /><D99/><U8/><E8/><AGARI ba="0,1" hai="8,12,18,52,54,86,89,95" m="42399,51754" machi="8" ten="30,2000,0" yaku="20,1,54,1" doraHai="112" who="0" fromWho="1" sc="180,30,357,-20,220,0,233,0" /><INIT seed="3,0,0,0,0,13" ten="210,337,220,233" oya="3" hai0="78,117,34,82,38,94,111,91,22,30,18,108,83" hai1="17,88,116,64,27,67,85,46,109,43,51,93,32" hai2="59,2,107,73,68,97,129,99,132,104,48,106,81" hai3="76,74,61,77,39,16,130,122,23,20,89,112,49"/><W70/><G39/><T100/><D117/><U60/><E109/><N who="0" m="42057" /><D38/><U125/><E125/><V103/><F2/><W8/><G112/><T79/><D100/><U41/><E116/><V1/><F1/><W54/><G122/><T24/><D78/><N who="3" m="30313" /><G70/><T84/><D79/><U134/><E134/><V120/><F68/><W71/><G71/><T11/><D11/><U28/><E17/><V66/><F81/><W9/><G74/><T40/><D40/><U135/><E135/><V56/><F132/><W69/><G69/><T33/><D33/><U115/><E115/><V114/><F114/><W5/><G130/><T86/><D86/><U29/><E43/><V21/><F73/><W7/><G61/><T121/><D121/><U42/><E42/><V37/><F37/><W101/><G101/><T52/><D52/><U53/><E29/><V47/><F129/><W65/><G89/><T102/><D102/><U45/><E60/><V75/><F75/><W126/><G126/><T12/><AGARI ba="0,0" hai="12,18,22,24,30,34,82,83,84,91,94" m="42057" machi="12" ten="30,2000,0" yaku="14,1,52,1" doraHai="13" who="0" fromWho="0" sc="210,20,337,-5,220,-5,233,-10" owari="230,3.0,332,43.2,215,-28.5,223,-17.7" /></mjloggm>