<mjloggm ver="2.3"><GO type="225" lobby="0"/><UN n0="%E3%83%96%E3%83%83%E3%83%91%E3%82%AA%E3%83%96%E3%83%81%E3%82%AD%E3%83%B3" n1="%E3%82%8F%E3%81%8B%E3%81%B0%2A%E3%82%AC%E3%83%BC%E3%83%AB" n2="%E3%81%95%E3%81%8D%E3%81%9F%E3%81%BE%E6%9E%97%E6%AA%8E" n3="%E3%81%AF%E3%82%88%E3%81%8A%E3%81%98%E3%81%95%E3%82%93" dan="16,16,16,17" rate="2133.57,2182.79,2076.71,2142.10" sx="M,M,M,M"/><TAIKYOKU oya="0"/><INIT seed="0,0,0,4,3,105" ten="250,250,250,250" oya="0" hai0="94,109,124,19,127,88,38,15,9,1,50,26,57" hai1="0,4,47,55,39,41,6,28,53,12,99,129,126" hai2="49,98,43,131,87,84,37,91,120,97,132,96,101" hai3="56,74,122,51,64,35,95,81,110,29,75,85,5"/><T93/><D38/><U121/><E121/><V16/><F37/><W2/><G122/><T72/><D1/><U34/><E0/><V67/><F120/><W102/><G110/><T135/><D135/><U17/><E129/><V107/><F132/><W118/><G118/><T130/><D130/><U22/><E126/><N who="0" m="48169" /><D109/><U92/><E34/><V3/><F3/><W32/><G5/><T82/><D26/><U27/><E4/><V20/><F131/><W36/><G36/><T80/><D94/><U111/><E6/><V103/><F67/><W66/><G2/><T14/><D14/><U70/><E70/><V23/><F107/><W78/><G66/><T119/><D119/><U48/><E39/><V31/><F43/><W13/><G13/><T114/><D114/><U106/><E106/><V54/><F31/><W21/><G21/><T11/><D11/><N who="1" m="6303" /><E111/><V133/><F23/><W83/><G29/><T89/><D72/><U8/><E8/><V116/><F116/><W79/><G102/><AGARI ba="0,0" hai="22,27,28,41,47,48,53,55,92,99,102" m="6303" machi="102" ten="30,1000,0" yaku="8,1" doraHai="105" who="1" fromWho="3" sc="250,0,250,10,250,0,250,-10" /><INIT seed="1,0,0,2,4,33" ten="250,260,250,240" oya="1" hai0="59,123,62,29,13,105,81,125,89,132,86,70,116" hai1="93,61,82,88,80,8,99,5,55,4,83,101,43" hai2="47,127,9,106,72,63,15,30,24,92,21,28,108" hai3="10,69,2,23,73,118,45,104,119,100,134,67,129"/><U27/><E43/><V38/><F108/><W102/><G73/><T60/><D116/><N who="3" m="44585" /><G129/><T135/><D105/><U124/><E124/><V19/><F106/><W35/><G35/><T133/><D125/><U25/><E101/><N who="3" m="39018" /><G104/><T74/><D123/><U131/><E131/><V7/><F127/><W95/><G95/><T79/><D29/><U97/><E97/><V53/><F72/><W66/><G69/><T126/><D126/><U18/><E18/><V121/><F121/><W110/><G110/><T0/><D70/><U112/><E112/><V26/><F38/><W128/><G128/><T76/><D0/><U130/><E130/><V75/><F75/><W107/><G107/><T40/><D40/><U54/><E4/><V68/><F68/><W42/><G23/><T94/><D79/><U85/><E99/><V31/><F92/><W37/><G134/><T65/><REACH who="0" step="1"/><D62/><REACH who="0" ten="240,260,250,240" step="2"/><U46/><E61/><V20/><F63/><W91/><G91/><T51/><D51/><AGARI ba="0,1" hai="7,9,15,19,20,21,24,26,28,30,31,47,51,53" machi="51" ten="40,1300,0" yaku="8,1" doraHai="33" who="2" fromWho="0" sc="240,-13,260,0,250,23,240,0" /><INIT seed="2,0,0,0,0,63" ten="227,260,273,240" oya="2" hai0="16,26,102,99,78,47,55,10,111,36,76,5,68" hai1="73,112,122,3,116,14,31,90,121,109,70,22,43" hai2="35,28,115,52,48,50,0,23,127,60,95,44,67" hai3="91,101,124,9,54,40,15,125,33,34,21,1,71"/><V132/><F115/><W58/><G71/><T120/><D120/><N who="1" m="46187" /><E116/><V113/><F113/><W49/><G101/><T135/><D111/><U6/><E112/><V134/><F0/><W82/><G40/><T108/><D108/><U37/><E73/><V27/><F127/><N who="3" m="48715" /><G21/><T11/><D135/><N who="2" m="51754" /><F50/><W30/><G30/><T25/><D68/><U4/><E109/><V98/><F95/><W93/><G82/><T118/><D118/><U77/><E70/><N who="2" m="42343" /><F98/><N who="3" m="57663" /><G1/><T110/><D110/><U38/><E3/><V85/><F85/><W8/><G8/><T75/><D75/><U62/><E43/><V18/><F18/><AGARI ba="0,0" hai="9,15,18,33,34,49,54,58" m="57663,48715" machi="18" ten="30,1000,0" yaku="18,1" doraHai="63" who="3" fromWho="2" sc="227,0,260,0,273,-10,240,10" /><INIT seed="3,0,0,3,4,53" ten="227,260,263,250" oya="3" hai0="17,22,90,79,47,123,99,111,5,42,80,122,102" hai1="109,96,54,3,15,126,56,113,37,63,115,16,9" hai2="33,110,105,4,59,0,64,101,86,52,68,92,93" hai3="88,85,74,1,21,32,97,83,11,39,134,81,89"/><W36/><G32/><T25/><D111/><U48/><E109/><V78/><F110/><W119/><G119/><T41/><D90/><U23/><E126/><V66/><F33/><W12/><G134/><T84/><D42/><U118/><E37/><V131/><F68/><W7/><G74/><T104/><REACH who="0" step="1"/><D5/><REACH who="0" ten="217,260,263,250" step="2"/><U127/><E118/><V125/><F4/><W26/><G1/><T60/><D60/><U95/><E127/><V87/><F125/><W77/><G89/><T30/><D30/><U103/><E3/><V130/><F0/><W38/><G97/><T44/><D44/><U19/><E63/><V76/><F101/><W35/><G35/><T82/><D82/><U94/><E95/><V31/><F31/><W65/><G83/><T98/><D98/><U112/><E113/><V132/><F132/><W120/><G120/><T10/><D10/><U50/><E50/><AGARI ba="0,1" hai="17,22,25,41,47,50,79,80,84,99,102,104,122,123" machi="50" ten="30,2000,0" yaku="1,1,7,1,53,0" doraHai="53" doraHaiUra="27" who="0" fromWho="1" sc="217,30,260,-20,263,0,250,0" /><INIT seed="4,0,0,0,5,39" ten="247,240,263,250" oya="0" hai0="70,135,125,64,61,103,19,7,18,96,72,80,102" hai1="12,110,114,115,23,74,88,24,104,47,14,134,1" hai2="97,8,127,131,53,108,9,86,119,28,106,95,93" hai3="99,83,87,84,120,62,45,98,126,63,129,90,11"/><T17/><D125/><U40/><E110/><V111/><F127/><W25/><G126/><T13/><D135/><U66/><E134/><V5/><F131/><W76/><G129/><T41/><D41/><U27/><E104/><V92/><F119/><W38/><G120/><T0/><D0/><U130/><E130/><V78/><F111/><W29/><G11/><T49/><D49/><N who="1" m="26855" /><E74/><V51/><F28/><W112/><G112/><N who="1" m="43050" /><E1/><V116/><F116/><W16/><G45/><T2/><D2/><U123/><E123/><V69/><F106/><W117/><G38/><T82/><D7/><U118/><E118/><V100/><F69/><W56/><G117/><T50/><D50/><U57/><E27/><V107/><F108/><W3/><G3/><T91/><D13/><U35/><E35/><V21/><F5/><W68/><G25/><T65/><D65/><U94/><E57/><V122/><F122/><W89/><G56/><N who="0" m="36903" /><D72/><U109/><E66/><V54/><F107/><W132/><G132/><T75/><D75/><U124/><E124/><V81/><F100/><N who="0" m="38442" /><D70/><U121/><E121/><V36/><F36/><W101/><G68/><T4/><D4/><U48/><E48/><V133/><F51/><W128/><G128/><T33/><D33/><U15/><E109/><V44/><F133/><W6/><G63/><T52/><D52/><U71/><E71/><V10/><F54/><W30/><G62/><T113/><D113/><U34/><E34/><V67/><F67/><W105/><G6/><T79/><D79/><U31/><E12/><V22/><F97/><AGARI ba="0,0" hai="14,15,23,24,31,88,94,97" m="43050,26855" machi="97" ten="30,7700,0" yaku="15,1,11,1,52,1,54,1" doraHai="39" who="1" fromWho="2" sc="247,0,240,77,263,-77,250,0" owari="247,-15.3,317,41.7,186,-31.4,250,5.0" /></mjloggm>