<mjloggm ver="2.3"><GO type="225" lobby="0"/><UN n0="%77%72%77%72%77%72%77%72" n1="%E3%81%99%E3%81%84%E3%81%BE%E3%81%9B%E3%83%BC%E3%82%93" n2="%73%69%67%65%6E%6F%72%69" n3="%E7%99%BD%E5%80%89%E5%AF%9B%E4%B9%8B" dan="17,18,18,16" rate="2191.70,2226.62,2255.62,2180.07" sx="M,M,M,M"/><TAIKYOKU oya="0"/><INIT seed="0,0,0,0,3,50" ten="250,250,250,250" oya="0" hai0="89,72,9,68,116,48,100,103,47,120,107,77,49" hai1="71,5,106,37,110,81,13,122,20,90,80,131,67" hai2="16,31,7,95,73,63,15,1,28,3,69,108,74" hai3="30,114,127,98,61,14,23,94,11,82,44,57,104"/><T34/><D116/><U70/><E122/><V51/><F108/><W119/><G127/><T60/><D120/><U85/><E37/><V12/><F69/><W75/><G119/><T25/><D77/><U111/><E131/><V64/><F63/><W32/><G104/><T84/><D72/><U59/><E106/><V26/><F64/><W92/><G32/><T109/><D109/><N who="1" m="41483" /><E81/><V45/><F95/><W78/><G114/><T79/><D79/><U6/><E20/><N who="2" m="13575" /><F51/><W24/><G44/><T129/><D129/><U58/><E58/><V124/><F45/><W21/><G21/><T135/><D135/><U36/><E36/><V2/><F73/><W52/><REACH who="3" step="1"/><G98/><REACH who="3" ten="250,250,250,240" step="2"/><T27/><D34/><U66/><E71/><V132/><F124/><W4/><AGARI ba="0,1" hai="4,11,14,23,24,30,52,57,61,75,78,82,92,94" machi="4" ten="20,12000,2" yaku="1,1,2,1,0,1,7,1,52,1,54,1,53,0" doraHai="50" doraHaiUra="134" who="3" fromWho="3" sc="250,-60,250,-30,250,-30,240,130" /><INIT seed="1,0,0,5,3,74" ten="190,220,220,370" oya="1" hai0="30,32,57,128,34,17,76,13,119,86,24,108,42" hai1="122,89,114,98,3,54,16,19,78,93,29,124,63" hai2="52,49,94,71,0,33,2,48,97,80,38,111,53" hai3="133,130,56,5,77,85,9,39,84,118,21,45,8"/><U132/><E114/><V61/><F38/><W23/><G130/><T46/><D128/><U92/><E122/><V40/><F33/><W113/><G133/><T18/><D119/><U15/><E3/><V44/><F111/><W123/><G118/><T127/><D108/><U66/><E132/><V107/><F107/><W91/><G123/><T10/><D127/><U104/><E124/><V65/><F80/><N who="3" m="47119" /><G39/><T95/><D57/><U62/><E104/><V11/><F11/><N who="3" m="4171" /><G5/><T101/><D32/><U68/><E29/><V7/><F7/><W1/><G1/><T129/><D129/><U36/><E36/><V79/><F79/><W60/><G45/><T100/><D18/><U110/><E78/><V50/><F50/><W126/><G113/><T116/><D116/><U28/><E28/><V22/><F22/><W75/><G75/><T117/><D117/><U51/><E110/><V73/><F73/><W58/><G58/><T35/><D35/><U27/><E51/><V55/><REACH who="2" step="1"/><F48/><REACH who="2" ten="190,220,210,370" step="2"/><W112/><G126/><T70/><D76/><U26/><E63/><V87/><F87/><W99/><G112/><T67/><D86/><U47/><E62/><V41/><F41/><W14/><G99/><T72/><D72/><U131/><E131/><V25/><F25/><W96/><G96/><T64/><D95/><U81/><E93/><V102/><AGARI ba="0,1" hai="0,2,40,44,49,52,53,55,61,65,71,94,97,102" machi="102" ten="30,4000,0" yaku="1,1,0,1,54,1,53,0" doraHai="74" doraHaiUra="82" who="2" fromWho="2" sc="190,-10,220,-20,210,50,370,-10" /><INIT seed="2,0,0,0,0,84" ten="180,200,260,360" oya="2" hai0="111,109,8,98,115,87,10,72,26,67,27,53,131" hai1="121,57,11,94,20,89,110,69,56,22,107,116,135" hai2="126,3,91,23,88,47,4,114,17,70,85,86,122" hai3="77,95,128,12,113,44,76,73,103,40,5,96,14"/><V90/><F114/><W99/><G128/><T2/><D115/><U38/><E116/><V119/><F119/><W92/><G113/><T82/><D72/><U13/><E69/><V63/><F122/><W42/><G73/><T52/><D131/><U35/><E35/><V105/><F105/><W65/><G65/><T74/><D74/><U79/><E107/><V129/><F129/><W134/><G134/><T49/><D67/><U0/><E0/><V7/><F126/><W64/><G64/><T29/><D2/><U43/><E135/><V104/><F104/><W58/><G58/><N who="1" m="22634" /><E43/><N who="3" m="16426" /><G44/><T37/><D37/><U66/><E38/><V39/><F70/><W6/><G14/><T80/><D98/><N who="1" m="57679" /><E66/><V78/><F39/><W45/><G45/><T9/><D49/><U124/><E124/><V120/><F120/><W32/><G32/><T75/><D75/><U48/><E48/><V46/><F63/><W97/><G97/><T50/><D50/><U102/><E121/><V112/><F112/><W30/><G30/><T61/><D61/><U106/><E110/><N who="0" m="41993" /><D29/><U133/><E133/><V93/><F3/><W54/><G54/><N who="0" m="21099" /><D87/><U16/><E106/><V28/><F28/><W71/><G71/><T59/><D59/><U108/><E108/><V21/><F21/><N who="1" m="8297" /><E102/><V55/><F47/><W25/><G103/><T117/><D117/><U118/><E118/><V34/><F34/><W125/><G125/><T132/><D132/><U101/><E101/><V1/><F46/><W130/><G130/><T81/><AGARI ba="0,0" hai="8,9,10,26,27,80,81,82" m="21099,41993" machi="81" ten="40,8000,1" yaku="28,2,14,1,54,1" doraHai="84" who="0" fromWho="0" sc="180,80,200,-20,260,-40,360,-20" /><INIT seed="3,0,0,2,3,15" ten="260,180,220,340" oya="3" hai0="75,74,33,123,9,93,44,26,129,135,127,12,92" hai1="22,130,31,56,88,59,67,128,46,35,5,81,1" hai2="10,79,13,102,117,41,62,113,105,48,16,107,114" hai3="27,77,54,76,19,45,82,99,72,89,118,121,39"/><W71/><G71/><T112/><D123/><U110/><E35/><V43/><F117/><W84/><G118/><T4/><D129/><N who="1" m="49771" /><E110/><V3/><F3/><W34/><G121/><T87/><D135/><U37/><E67/><V21/><F79/><W94/><G34/><T0/><D127/><U32/><E32/><V18/><F62/><W47/><G39/><T57/><D112/><U36/><E5/><V116/><F116/><W49/><G72/><T70/><D70/><U101/><E101/><V63/><F63/><W50/><G77/><T8/><D44/><N who="3" m="16969" /><G54/><T17/><D57/><N who="1" m="22091" /><E1/><V66/><F66/><W7/><G7/><T25/><D74/><U97/><E46/><V11/><F48/><W51/><G51/><T131/><D75/><U2/><E2/><V132/><F102/><W124/><G124/><T83/><D33/><U91/><E81/><V133/><F13/><W109/><G109/><T55/><D12/><U20/><E31/><V68/><F21/><AGARI ba="0,0" hai="19,21,27,49,50,76,82,84,89,94,99" m="16969" machi="21" ten="30,2900,0" yaku="8,1,52,1" doraHai="15" who="3" fromWho="2" sc="260,0,180,0,220,-29,340,29" owari="260,6.0,180,-32.0,191,-20.9,369,46.9" /></mjloggm>