<mjloggm ver="2.3"><GO type="225" lobby="0"/><UN n0="%E3%81%A4%E3%81%A3%E3%81%B1%E3%82%8A%E3%83%9D%E3%83%BC%E3%83%AB" n1="%E5%91%A8%E6%9D%B1" n2="%E6%81%A5%E6%99%92%E3%81%97" n3="%E6%A1%9C%E8%8A%B1%E9%96%83%E3%80%85" dan="17,17,16,16" rate="2128.76,2153.93,2145.02,2084.23" sx="M,M,M,M"/><TAIKYOKU oya="0"/><INIT seed="0,0,0,4,3,21" ten="250,250,250,250" oya="0" hai0="93,98,53,114,4,48,107,134,11,8,135,0,63" hai1="64,61,72,111,73,117,62,22,41,39,110,86,100" hai2="60,71,101,97,32,24,57,1,125,119,116,2,105" hai3="109,112,20,55,35,130,5,34,36,47,6,87,131"/><T75/><D114/><U120/><E120/><V56/><F125/><W46/><G112/><T104/><D75/><U70/><E117/><N who="2" m="45131" /><F57/><W17/><G87/><T37/><D37/><U94/><E39/><V45/><F45/><N who="3" m="16907" /><G55/><T40/><D11/><U77/><E41/><V49/><F49/><W52/><G36/><T81/><D63/><U126/><E126/><V54/><F71/><W23/><G109/><N who="1" m="41482" /><E62/><V27/><F32/><N who="3" m="12331" /><G52/><T95/><D81/><N who="1" m="45223" /><E22/><N who="3" m="8234" /><G17/><T113/><D40/><U14/><E73/><V79/><F79/><W10/><G10/><T129/><D113/><U121/><E121/><V122/><F122/><W43/><G43/><T76/><D76/><U16/><E86/><V3/><AGARI ba="0,0" hai="1,2,3,24,27,54,56,60,97,101,105" m="45131" machi="3" ten="40,5200,0" yaku="12,1,52,2" doraHai="21" who="2" fromWho="2" sc="250,-26,250,-13,250,52,250,-13" /><INIT seed="1,0,0,1,0,91" ten="224,237,302,237" oya="1" hai0="61,78,87,90,98,66,114,68,79,25,5,83,110" hai1="40,44,57,10,124,85,23,60,0,126,9,64,104" hai2="50,67,48,113,118,107,93,108,37,134,94,53,11" hai3="34,32,28,105,17,80,111,131,95,116,29,100,133"/><U75/><E75/><V42/><F118/><W56/><G105/><T127/><D114/><U30/><E104/><V65/><F107/><W36/><G116/><T21/><D110/><U54/><E0/><V70/><F108/><W33/><G111/><T84/><D127/><N who="1" m="48683" /><E64/><N who="2" m="24651" /><F37/><W96/><G131/><T45/><D5/><U119/><E119/><V81/><F70/><W115/><G115/><T22/><D45/><U74/><E74/><V120/><F120/><W58/><G133/><T55/><D55/><U117/><E117/><V19/><F134/><W63/><G36/><T7/><D7/><U14/><E85/><V4/><F4/><W92/><G80/><T69/><D69/><U52/><E54/><V35/><F35/><W46/><G46/><T16/><D98/><U135/><E135/><V62/><F42/><W13/><G95/><N who="2" m="36361" /><F81/><W31/><REACH who="3" step="1"/><G63/><REACH who="3" ten="224,237,302,227" step="2"/><T123/><D123/><U86/><E60/><V18/><F113/><W106/><G106/><T59/><D68/><U89/><E44/><V112/><F112/><W128/><G128/><T71/><D71/><U129/><E129/><V24/><F62/><W88/><G88/><T26/><D87/><U27/><E86/><V15/><F53/><W97/><G97/><T103/><D103/><U82/><E52/><V39/><F39/><W51/><G51/><T8/><D8/><AGARI ba="0,1" hai="8,13,17,28,29,31,32,33,34,56,58,92,96,100" machi="8" ten="50,6400,0" yaku="1,1,52,1,53,1" doraHai="91" doraHaiUra="99" who="3" fromWho="0" sc="224,-64,237,0,302,0,227,74" /><INIT seed="2,0,0,4,2,36" ten="160,237,302,301" oya="2" hai0="39,68,102,132,84,33,56,72,48,34,59,70,61" hai1="25,111,69,74,88,66,125,106,110,37,10,2,117" hai2="32,29,78,94,45,65,26,129,58,35,126,50,28" hai3="131,98,107,47,62,86,108,18,8,15,118,64,30"/><V133/><F126/><W101/><G118/><T89/><D72/><U51/><E51/><V104/><F104/><W91/><G108/><T52/><D39/><U7/><E117/><V16/><F129/><W54/><G131/><T27/><D132/><U120/><E125/><V13/><F133/><W87/><G30/><T20/><D102/><U123/><E106/><V109/><F78/><W97/><G97/><T3/><D3/><U12/><E74/><V76/><F76/><W67/><G67/><T24/><D70/><U116/><E116/><V82/><F82/><W73/><G73/><T1/><D1/><U121/><E37/><V60/><F109/><N who="1" m="41481" /><E88/><V100/><F26/><W41/><G54/><T42/><D68/><U63/><E25/><V80/><F80/><W53/><G53/><T99/><D99/><U75/><E75/><V23/><F32/><W81/><G91/><T112/><D27/><U79/><E79/><V122/><F35/><W83/><G83/><T43/><D112/><U49/><E49/><V5/><F5/><W77/><G77/><T19/><D34/><U105/><E105/><V115/><F115/><W40/><G81/><N who="0" m="49295" /><D33/><U46/><E2/><V0/><F0/><W85/><REACH who="3" step="1"/><G47/><AGARI ba="0,0" hai="7,10,12,46,47,63,66,69,120,121,123" m="41481" machi="47" ten="40,2600,0" yaku="13,1,14,1" doraHai="36" who="1" fromWho="3" sc="160,0,237,26,302,0,301,-26" /><INIT seed="3,0,0,5,4,42" ten="160,263,302,275" oya="3" hai0="18,1,39,122,100,7,70,98,6,108,32,115,90" hai1="121,29,34,63,58,59,27,54,20,83,45,30,13" hai2="4,101,74,82,124,38,127,36,107,57,126,9,17" hai3="67,94,26,109,73,133,84,130,131,79,47,66,128"/><W28/><G133/><T81/><D122/><U25/><E121/><V118/><F118/><W21/><G109/><T8/><D70/><U85/><E13/><N who="2" m="5287" /><F57/><W120/><G120/><T64/><D32/><U76/><REACH who="1" step="1"/><E59/><REACH who="1" ten="160,253,302,275" step="2"/><V35/><F35/><W10/><G10/><T5/><D115/><U65/><E65/><N who="3" m="24586" /><G73/><T61/><D108/><U80/><E80/><V102/><F82/><N who="3" m="47199" /><G94/><T103/><D39/><U44/><AGARI ba="0,1" hai="20,25,27,29,30,34,44,45,54,58,63,76,83,85" machi="44" ten="30,7900,0" yaku="1,1,0,1,52,2,53,0" doraHai="42" doraHaiUra="123" who="1" fromWho="1" sc="160,-20,253,89,302,-20,275,-39" owari="140,-36.0,342,44.2,282,8.2,236,-16.4" /></mjloggm>