<mjloggm ver="2.3"><GO type="225" lobby="0"/><UN n0="%E3%81%A4%E3%81%A3%E3%81%B1%E3%82%8A%E3%83%9D%E3%83%BC%E3%83%AB" n1="%E5%B8%86%E7%AB%8B%E5%A4%8F%E8%A1%A3" n2="%E3%81%95%E3%81%8D%E3%81%9F%E3%81%BE%E6%9E%97%E6%AA%8E" n3="%E3%83%96%E3%83%83%E3%83%91%E3%82%AA%E3%83%96%E3%83%81%E3%82%AD%E3%83%B3" dan="17,17,16,16" rate="2252.41,2232.07,2123.71,2152.90" sx="M,M,M,M"/><TAIKYOKU oya="0"/><INIT seed="0,0,0,0,0,87" ten="250,250,250,250" oya="0" hai0="13,95,31,58,57,135,99,130,22,21,29,4,111" hai1="120,63,107,126,71,118,90,117,52,20,128,93,134" hai2="46,44,64,86,5,78,133,47,19,69,110,48,98" hai3="55,74,14,116,75,56,49,42,109,91,131,79,51"/><T122/><D122/><U96/><E126/><V125/><F125/><W7/><G116/><T59/><D130/><U80/><E120/><V73/><F73/><W61/><G131/><T108/><D135/><U100/><E128/><V10/><F133/><W28/><G109/><N who="0" m="42059" /><D4/><U17/><E134/><V102/><F110/><W9/><G28/><N who="0" m="10827" /><D13/><U54/><E80/><N who="2" m="47383" /><F69/><W94/><G79/><T62/><D62/><U16/><E17/><V84/><F64/><W119/><G119/><T88/><AGARI ba="0,0" hai="21,22,57,58,59,88,95,99" m="10827,42059" machi="88" ten="40,12000,1" yaku="14,1,10,1,52,1,54,1" doraHai="87" who="0" fromWho="0" sc="250,120,250,-40,250,-40,250,-40" /><INIT seed="0,1,0,2,4,77" ten="370,210,210,210" oya="0" hai0="42,26,49,84,124,56,29,37,93,50,38,135,100" hai1="104,46,31,62,1,96,13,78,74,119,24,63,48" hai2="54,51,98,41,102,91,81,57,60,113,120,35,76" hai3="68,80,15,7,71,69,107,118,3,70,131,86,5"/><T21/><D135/><U125/><E1/><V111/><F113/><W22/><G118/><T126/><D56/><U47/><E125/><N who="0" m="48233" /><D42/><U18/><E119/><V11/><F35/><W28/><G131/><T117/><D117/><U61/><E104/><V109/><F120/><W73/><G3/><T116/><D116/><U65/><E96/><V34/><F34/><W90/><G71/><T59/><D59/><U36/><E36/><N who="0" m="13929" /><D100/><U87/><E74/><V88/><F11/><W14/><G73/><T82/><D93/><U67/><E24/><V89/><F41/><W130/><G130/><T128/><D128/><U123/><E31/><V75/><REACH who="2" step="1"/><F51/><REACH who="2" ten="370,210,200,210" step="2"/><W99/><G5/><T66/><D66/><U23/><E123/><V10/><F10/><W133/><G7/><T83/><D50/><U6/><E6/><V108/><F108/><W95/><G133/><T17/><D49/><U79/><E47/><V103/><F103/><W39/><G39/><T16/><D83/><N who="1" m="47607" /><E67/><V0/><F0/><W40/><G40/><T115/><D115/><U85/><E65/><V92/><AGARI ba="1,1" hai="54,57,60,75,76,81,88,89,91,92,98,102,109,111" machi="92" ten="30,7900,0" yaku="1,1,0,1,52,1,54,1,53,0" doraHai="77" doraHaiUra="45" who="2" fromWho="2" sc="370,-40,210,-21,200,92,210,-21" /><INIT seed="1,0,0,4,3,123" ten="330,189,292,189" oya="1" hai0="116,113,82,55,64,45,10,91,130,57,39,4,61" hai1="106,93,72,114,40,119,73,7,89,47,85,112,30" hai2="37,80,107,17,94,33,65,115,58,51,90,6,54" hai3="60,41,99,36,133,67,26,38,104,98,24,3,32"/><U48/><E119/><V135/><F107/><W27/><G133/><T128/><D116/><U81/><E106/><V29/><F37/><W15/><G3/><T70/><D113/><U5/><E30/><V109/><F135/><W14/><G32/><T74/><D91/><U19/><E19/><V103/><F115/><W97/><G104/><T63/><D82/><U75/><E114/><V121/><F121/><W16/><G41/><N who="0" m="22719" /><D74/><U87/><REACH who="1" step="1"/><E112/><REACH who="1" ten="330,179,292,189" step="2"/><V62/><F17/><W126/><G126/><T59/><D4/><U1/><E1/><V111/><F29/><W92/><G92/><T31/><D31/><U134/><E134/><V20/><F6/><W18/><G18/><T53/><D10/><U50/><E50/><AGARI ba="0,1" hai="50,53,55,57,59,61,63,64,70,128,130" m="22719" machi="50" ten="30,3900,0" yaku="24,1,34,2" doraHai="123" who="0" fromWho="1" sc="330,49,179,-39,292,0,189,0" /><INIT seed="2,0,0,2,4,39" ten="379,140,292,189" oya="2" hai0="99,66,76,82,30,8,134,104,1,90,123,9,36" hai1="32,91,55,87,124,25,101,79,57,118,69,88,6" hai2="2,31,45,86,29,71,52,127,120,13,10,84,14" hai3="110,15,85,3,12,126,42,94,117,50,41,122,121"/><V75/><F120/><W74/><G3/><T113/><D123/><U47/><E69/><V100/><F71/><W95/><G74/><T26/><D113/><U23/><E118/><V73/><F100/><W56/><G117/><T81/><D134/><U43/><E32/><V54/><F2/><W59/><G110/><T19/><D36/><U33/><E33/><V63/><F63/><W70/><G70/><T22/><D66/><U7/><E101/><V96/><F45/><W103/><G126/><T62/><D62/><N who="1" m="36159" /><E79/><V83/><F83/><W89/><G103/><T24/><D82/><N who="1" m="49271" /><E91/><V34/><F34/><W18/><G89/><T51/><D90/><U65/><E65/><V38/><F38/><W112/><G85/><T128/><D104/><U131/><E124/><V77/><F77/><W35/><G35/><T61/><D81/><U129/><E129/><V46/><F96/><W53/><G53/><T115/><D99/><U109/><E109/><V106/><F106/><W93/><G93/><T108/><D76/><U72/><E72/><V97/><F97/><W67/><G67/><T132/><D128/><U4/><E131/><V40/><F127/><W111/><G111/><T119/><D1/><U16/><E6/><V64/><F64/><W60/><G60/><T48/><D61/><U135/><E135/><V58/><F75/><W78/><G78/><T80/><D132/><U105/><E105/><V107/><F107/><W28/><G121/><T130/><D130/><U68/><E68/><V116/><F73/><W27/><G122/><T5/><D108/><U0/><E0/><RYUUKYOKU ba="0,0" sc="379,-10,140,30,292,-10,189,-10" hai1="4,7,16,23,25,43,47" /><INIT seed="3,1,0,0,0,103" ten="369,170,282,179" oya="3" hai0="114,131,48,116,5,41,52,132,60,111,45,40,47" hai1="61,124,92,128,83,102,62,125,59,0,85,122,100" hai2="77,133,1,119,73,63,38,66,93,86,97,42,81" hai3="17,127,104,53,14,12,34,96,95,20,46,54,68"/><W39/><G68/><T108/><D116/><U110/><E128/><V9/><F119/><W2/><G2/><T18/><D131/><U84/><E110/><N who="0" m="42025" /><D132/><U49/><E122/><V134/><F86/><W70/><G70/><T76/><D114/><U37/><E37/><V28/><F28/><W23/><G34/><T69/><D5/><U25/><E0/><V71/><F93/><W99/><G127/><N who="1" m="48714" /><E25/><V19/><F97/><W8/><G39/><N who="0" m="21663" /><D18/><U117/><E117/><V135/><F19/><N who="3" m="8583" /><G104/><T79/><D52/><N who="3" m="20073" /><G46/><T101/><D101/><N who="1" m="39019" /><E49/><V24/><F24/><N who="3" m="14351" /><G95/><T89/><D69/><U82/><E59/><V27/><F27/><W55/><N who="3" m="20081" /><W65/><DORA hai="112" /><G65/><T32/><D32/><U43/><E92/><V64/><F64/><W75/><G75/><T7/><D47/><U72/><E72/><V91/><F1/><W36/><G36/><T50/><D50/><U123/><E123/><V58/><F38/><W67/><G67/><T90/><D48/><U11/><E43/><V113/><F42/><W26/><G14/><T15/><D41/><U29/><E29/><AGARI ba="1,0" hai="23,26,29,96,99" m="14351,20081,8583" machi="29" ten="30,2900,0" yaku="8,1,54,1" doraHai="103,112" who="3" fromWho="1" sc="369,0,170,-32,282,0,179,32" /><INIT seed="3,2,0,5,3,132" ten="369,138,282,211" oya="3" hai0="1,26,135,10,117,97,102,105,7,8,72,57,22" hai1="61,122,76,67,46,55,49,84,50,18,80,74,45" hai2="39,128,129,83,94,125,130,127,98,107,118,4,31" hai3="36,75,77,134,71,29,87,113,11,82,3,54,85"/><W52/><G113/><T114/><D117/><U115/><E115/><V60/><F39/><W47/><G134/><T104/><D114/><U65/><E122/><V73/><F31/><W99/><G71/><T38/><D72/><U35/><E35/><V81/><F4/><W126/><G29/><T112/><D112/><U69/><E74/><V88/><F60/><W20/><G20/><T100/><D135/><U79/><E67/><V110/><F110/><W42/><G99/><T70/><D70/><U92/><E92/><V124/><F118/><W24/><G24/><T101/><D38/><U93/><E93/><V116/><F116/><W0/><G126/><T96/><D10/><U37/><E37/><V91/><F107/><W90/><G87/><T63/><D102/><U123/><E123/><V78/><F83/><W58/><G11/><T120/><D120/><U40/><REACH who="1" step="1"/><E18/><REACH who="1" ten="369,128,282,211" step="2"/><V28/><F28/><W108/><G108/><T66/><D105/><U13/><E13/><V14/><F14/><W17/><G17/><T34/><D34/><U51/><E51/><V121/><F121/><W131/><G36/><T15/><D104/><U53/><E53/><V12/><F12/><W109/><G52/><T33/><D15/><U9/><E9/><V19/><F19/><W89/><G54/><T6/><D33/><U59/><E59/><V41/><F41/><W103/><G58/><T106/><D106/><U43/><E43/><V119/><F119/><W5/><G42/><T25/><D57/><U30/><E30/><V68/><F68/><W111/><G75/><T64/><D8/><RYUUKYOKU ba="2,1" sc="369,-15,128,15,282,15,211,-15" hai1="40,45,46,49,50,55,61,65,69,76,79,80,84" hai2="73,78,81,88,91,94,98,124,125,127,128,129,130" owari="364,46.4,143,-35.7,297,9.7,196,-20.4" /></mjloggm>