<mjloggm ver="2.3"><GO type="225" lobby="0"/><UN n0="%E7%8D%85%E5%AD%90%E5%BA%A7%E3%81%8B%E3%81%A3%E3%81%B4%E3%83%BC" n1="%E3%82%A2%E3%83%9E%E3%83%9D%EF%BD%9E%EF%BD%9E%E3%83%A9" n2="%E3%81%95%E3%81%8D%E3%81%9F%E3%81%BE%E6%9E%97%E6%AA%8E" n3="%E3%81%94%E3%83%BC%E3%81%A9%E3%82%93" dan="16,17,16,16" rate="2124.48,2079.11,2137.49,2108.93" sx="M,M,M,M"/><TAIKYOKU oya="0"/><INIT seed="0,0,0,3,2,12" ten="250,250,250,250" oya="0" hai0="48,5,57,109,49,51,23,34,125,66,97,15,46" hai1="88,50,76,26,61,4,63,118,107,131,43,3,22" hai2="41,83,30,84,19,17,95,78,111,77,33,133,130" hai3="42,129,56,62,25,69,115,126,114,45,98,99,14"/><T59/><D34/><U132/><E118/><V52/><F41/><W82/><G69/><T7/><D125/><U108/><E107/><V120/><F120/><W101/><G115/><T112/><D112/><U116/><E116/><V93/><F111/><W134/><G114/><T110/><D97/><U121/><E76/><V53/><F133/><W100/><G129/><T29/><D46/><N who="1" m="25951" /><E3/><V55/><F130/><W16/><G126/><T31/><D66/><U113/><E108/><N who="0" m="41577" /><D15/><U10/><E132/><V44/><F44/><W81/><G25/><T73/><D23/><U102/><E102/><N who="3" m="39530" /><G45/><T104/><D104/><U1/><E1/><V96/><F77/><W20/><G42/><T0/><D0/><U123/><E113/><V106/><F106/><W35/><G35/><T39/><D39/><U75/><E131/><V119/><F119/><W71/><G71/><T90/><D90/><U40/><E40/><V92/><REACH who="2" step="1"/><F96/><REACH who="2" ten="250,250,240,250" step="2"/><N who="3" m="36907" /><G134/><T6/><D73/><U85/><E75/><V2/><F2/><W11/><G11/><T72/><D72/><U18/><E123/><V94/><N who="2" m="23552" /><DORA hai="58" /><V36/><F36/><W54/><AGARI ba="0,1" hai="14,16,20,54,56,62,81,82" m="36907,39530" machi="54" ten="30,7900,0" yaku="8,1,52,2,54,1" doraHai="12,58" who="3" fromWho="3" sc="250,-39,250,-20,240,-20,250,89" /><INIT seed="1,0,0,3,3,0" ten="211,230,220,339" oya="1" hai0="2,125,93,135,49,134,102,13,64,30,7,37,58" hai1="115,76,22,19,65,53,41,110,11,84,45,108,86" hai2="96,103,109,113,48,28,85,5,129,90,61,78,8" hai3="24,111,57,68,122,50,97,12,1,25,126,87,130"/><U67/><E115/><V88/><F109/><N who="1" m="42089" /><E53/><V107/><F129/><W101/><G1/><T60/><D37/><N who="1" m="21679" /><E11/><V95/><F113/><W10/><G130/><T80/><D125/><U35/><E35/><V124/><F124/><W39/><G39/><T70/><D2/><U15/><E76/><V104/><F28/><W47/><G68/><T31/><D80/><U79/><E79/><V54/><F61/><W127/><G122/><T63/><D49/><U72/><E72/><V44/><F78/><W14/><G50/><T29/><D102/><U112/><E112/><V26/><F26/><W121/><G101/><T94/><D93/><U21/><E21/><V114/><F114/><W4/><G10/><N who="0" m="4319" /><D94/><U66/><AGARI ba="0,0" hai="15,19,22,65,66,67,84,86" m="21679,42089" machi="66" ten="30,3000,0" yaku="14,1,10,1" doraHai="0" who="1" fromWho="1" sc="211,-10,230,30,220,-10,339,-10" /><INIT seed="1,1,0,0,3,101" ten="201,260,210,329" oya="1" hai0="34,134,39,16,11,40,128,33,82,31,42,112,102" hai1="85,81,19,30,135,2,25,21,26,4,122,35,45" hai2="89,56,129,24,55,13,87,68,20,88,103,8,91" hai3="54,27,18,57,96,47,67,32,130,0,84,61,106"/><U123/><E135/><V133/><F133/><W63/><G0/><T92/><D112/><U107/><E107/><V29/><F129/><W36/><G130/><T119/><D119/><U93/><E93/><V117/><F68/><W114/><G114/><T9/><D134/><U74/><E74/><V110/><F110/><W12/><G84/><T120/><D120/><U72/><E72/><V71/><F71/><W86/><G86/><T5/><D128/><U111/><E35/><V108/><F108/><W78/><G78/><T38/><D82/><U14/><E26/><V10/><F103/><W44/><G36/><T7/><D102/><U97/><E45/><V60/><F117/><W48/><G106/><T80/><D92/><U76/><E97/><V3/><F3/><W109/><G96/><T124/><D80/><U66/><E66/><V105/><F105/><W132/><G109/><T94/><D94/><U41/><E41/><V77/><F13/><W95/><G95/><T59/><D59/><U69/><E69/><V46/><F46/><W15/><G132/><T50/><D50/><U43/><E111/><V1/><F1/><W79/><G79/><T58/><D58/><U23/><E43/><V116/><F116/><W73/><G73/><T22/><D31/><U17/><E30/><V99/><F99/><W121/><G121/><T62/><D62/><N who="3" m="23561" /><G67/><T118/><D118/><U51/><E123/><V64/><F64/><W98/><G98/><T131/><D131/><U115/><E122/><V49/><F60/><W126/><G126/><T52/><D124/><U100/><E100/><RYUUKYOKU ba="1,0" sc="201,-10,260,-10,210,30,329,-10" hai2="8,10,20,24,29,49,55,56,77,87,88,89,91" /><INIT seed="2,2,0,5,4,106" ten="191,250,240,319" oya="2" hai0="12,90,130,116,79,26,87,120,83,42,1,34,19" hai1="33,125,92,114,53,119,68,9,7,133,0,31,107" hai2="10,123,117,25,102,63,121,89,72,88,110,35,112" hai3="2,71,128,28,17,95,4,100,66,44,30,93,132"/><V113/><F10/><W64/><G2/><T23/><D120/><N who="2" m="46154" /><F63/><W58/><G71/><T20/><D116/><U24/><E119/><V135/><F117/><W45/><G4/><T118/><D118/><U75/><E53/><V56/><F56/><W6/><G6/><T99/><D130/><U104/><E114/><N who="2" m="44139" /><F25/><W129/><G17/><T85/><D34/><U91/><E68/><V3/><F3/><W32/><G100/><T101/><D1/><U115/><E115/><V76/><F35/><W124/><G58/><T78/><D42/><U22/><E33/><V50/><F50/><W109/><G109/><T111/><D111/><U29/><E31/><V46/><F46/><W43/><G32/><T126/><D126/><U59/><E59/><V13/><F13/><W98/><G124/><T67/><D67/><U14/><E0/><V103/><F110/><W97/><G43/><T82/><D90/><N who="2" m="34922" /><F135/><AGARI ba="2,0" hai="28,30,44,45,64,66,93,95,97,98,128,129,132,135" machi="135" ten="25,1600,0" yaku="22,2" doraHai="106" who="3" fromWho="2" sc="191,0,250,0,240,-22,319,22" /><INIT seed="3,0,0,4,0,76" ten="191,250,218,341" oya="3" hai0="111,7,52,29,9,88,11,65,34,81,80,15,117" hai1="101,96,48,128,26,37,55,89,122,82,27,45,31" hai2="62,91,92,84,125,46,43,67,94,22,4,54,90" hai3="57,20,3,99,129,47,25,28,131,119,42,77,95"/><W132/><G119/><T102/><D117/><U50/><E122/><V106/><F125/><W85/><G3/><T24/><D111/><U133/><E133/><V75/><F75/><W74/><G74/><T10/><D65/><U127/><E128/><V73/><F73/><W18/><G132/><T97/><D52/><N who="1" m="29711" /><E37/><V2/><F106/><W32/><G57/><T5/><D88/><U58/><E127/><V87/><F54/><W39/><G85/><T109/><D109/><U72/><E72/><V79/><F79/><W30/><G77/><T0/><D9/><U64/><E64/><V126/><F126/><W113/><G113/><T134/><D134/><U135/><E31/><V17/><F2/><W124/><G124/><T83/><D83/><U56/><E56/><V38/><F4/><W105/><G105/><AGARI ba="0,0" hai="0,5,7,10,11,15,24,29,34,80,81,97,102,105" machi="105" ten="30,3900,0" yaku="7,1,52,2" doraHai="76" who="0" fromWho="3" sc="191,39,250,0,218,0,341,-39" owari="230,-17.0,250,5.0,218,-28.2,302,40.2" /></mjloggm>