<mjloggm ver="2.3"><GO type="225" lobby="0"/><UN n0="%E6%98%93%E5%88%A9%E8%96%A9%E4%BC%AF" n1="%40%77%61%6B%61" n2="%E3%81%82%E3%81%84%E3%81%82%E3%81%8A%E3%81%84" n3="%E3%83%96%E3%83%83%E3%83%91%E3%82%AA%E3%83%96%E3%83%81%E3%82%AD%E3%83%B3" dan="17,16,18,16" rate="2215.26,2083.52,2181.43,2188.71" sx="F,M,M,M"/><TAIKYOKU oya="0"/><INIT seed="0,0,0,1,5,47" ten="250,250,250,250" oya="0" hai0="21,91,9,20,73,83,36,78,79,133,75,109,16" hai1="71,120,64,17,85,93,4,58,76,32,6,89,41" hai2="135,77,67,104,5,34,119,121,117,24,3,111,131" hai3="12,28,31,26,118,50,101,88,105,82,84,66,48"/><T98/><D133/><U65/><E120/><V122/><F104/><W114/><G114/><T124/><D36/><U57/><E71/><V62/><F77/><W49/><G118/><N who="2" m="45065" /><F135/><W0/><G0/><T123/><D123/><U90/><E32/><V22/><F34/><W56/><G105/><T134/><D134/><U23/><E41/><V126/><F111/><W74/><G74/><T95/><D124/><U42/><E42/><V13/><F3/><W61/><G101/><T81/><REACH who="0" step="1"/><D109/><REACH who="0" ten="240,250,250,250" step="2"/><U46/><E65/><V29/><F126/><W69/><G26/><T59/><D59/><U37/><E64/><V51/><F131/><W92/><G69/><T44/><D44/><U129/><E58/><N who="2" m="37335" /><F122/><W63/><G63/><T54/><D54/><U80/><E57/><V39/><F39/><W86/><REACH who="3" step="1"/><G12/><AGARI ba="0,1" hai="9,12,16,20,21,73,75,78,79,81,83,91,95,98" machi="12" ten="40,7700,0" yaku="1,1,9,1,54,1,53,0" doraHai="47" doraHaiUra="45" who="0" fromWho="3" sc="240,87,250,0,250,0,250,-77" /><INIT seed="0,1,0,3,4,96" ten="327,250,250,173" oya="0" hai0="33,117,86,120,39,80,67,113,116,34,135,58,8" hai1="19,102,103,20,59,70,10,65,105,109,79,60,123" hai2="15,3,132,43,9,99,121,104,32,129,12,133,87" hai3="88,53,54,69,63,71,75,24,22,36,112,44,41"/><T28/><D113/><U106/><E123/><V46/><F121/><W128/><G112/><T91/><D39/><U25/><E109/><V1/><F32/><W38/><G75/><T90/><D120/><U97/><E79/><V131/><F87/><W72/><G128/><N who="2" m="49225" /><F99/><W93/><G72/><T95/><D135/><N who="2" m="51786" /><F104/><W92/><G38/><T73/><D8/><U127/><E127/><V7/><F15/><W55/><G63/><T98/><D73/><U35/><E35/><V30/><F30/><W23/><G93/><T21/><D34/><U40/><E40/><V57/><F57/><W26/><G26/><T11/><D33/><U81/><E81/><V14/><F14/><W119/><G119/><T62/><D11/><U78/><E78/><V82/><F82/><W51/><G22/><T5/><D5/><U66/><E10/><V77/><F77/><W124/><G23/><T56/><D56/><U85/><E85/><V108/><F108/><W94/><G94/><T29/><D29/><U110/><E110/><V31/><F31/><W100/><G92/><T48/><D117/><U83/><E83/><V61/><F61/><W50/><G24/><N who="0" m="16399" /><D116/><U76/><E76/><V101/><F101/><W37/><G100/><T114/><D114/><U125/><E125/><V107/><F107/><W84/><G124/><T126/><D126/><U4/><E4/><V134/><N who="2" m="51794" /><V68/><DORA hai="42" /><F68/><N who="3" m="26187" /><G84/><T16/><D98/><N who="1" m="61655" /><E70/><V111/><F111/><W2/><G88/><T17/><D91/><U13/><E13/><V115/><F115/><W0/><G36/><AGARI ba="1,0" hai="1,3,7,9,12,36,43,46" m="51794,49225" machi="36" ten="40,5200,0" yaku="19,1,20,1,52,1" doraHai="96,42" who="2" fromWho="3" sc="327,0,250,0,250,55,173,-55" /><INIT seed="1,0,0,2,1,45" ten="327,250,305,118" oya="1" hai0="76,83,78,17,118,53,61,56,11,60,119,93,66" hai1="64,121,44,86,32,92,71,89,39,19,23,63,91" hai2="67,50,130,80,97,40,58,112,26,115,103,31,24" hai3="123,3,90,128,62,0,35,111,12,68,73,54,33"/><U96/><E121/><V47/><F130/><W108/><G73/><T52/><D93/><U28/><E32/><N who="3" m="12362" /><G90/><T14/><D78/><U88/><E28/><V133/><F133/><W109/><G54/><T104/><D104/><U116/><E116/><V100/><F80/><W36/><G36/><T126/><D126/><U48/><E39/><V4/><F4/><W85/><G85/><T120/><D120/><U5/><E5/><V18/><F18/><W57/><G123/><T82/><D82/><U87/><E86/><V25/><F31/><W2/><G57/><T99/><D99/><U135/><E87/><V22/><F22/><W101/><G101/><T42/><D42/><U124/><E135/><V84/><F84/><W65/><G12/><T102/><D102/><U49/><E124/><V132/><F132/><W98/><G98/><T8/><D53/><U131/><E131/><AGARI ba="0,0" hai="0,2,3,62,65,68,108,109,111,128,131" m="12362" machi="131" ten="50,3200,0" yaku="14,1,23,1" doraHai="45" who="3" fromWho="1" sc="327,0,250,-32,305,0,118,32" /><INIT seed="2,0,0,5,2,66" ten="327,218,305,150" oya="2" hai0="28,109,21,121,47,125,7,65,114,83,110,3,34" hai1="129,106,87,73,72,11,89,1,56,127,37,38,101" hai2="80,19,35,30,77,64,130,116,81,16,126,62,63" hai3="123,124,15,58,12,41,90,78,43,25,94,20,39"/><V115/><F115/><W117/><G117/><T54/><D121/><U51/><E51/><V93/><F116/><W44/><G123/><T10/><D114/><U96/><E56/><V2/><F2/><W105/><G124/><T112/><D112/><U133/><E127/><V71/><F126/><W14/><G105/><T86/><D65/><U61/><E61/><V111/><F63/><W13/><G43/><T98/><D98/><U70/><E129/><V99/><F130/><W118/><G118/><T8/><D34/><U107/><E133/><V6/><F6/><W82/><G15/><T97/><D97/><U68/><E11/><V9/><F111/><W50/><G58/><T57/><D47/><U76/><E76/><V103/><F9/><W53/><G39/><N who="1" m="14858" /><E87/><V132/><F132/><W17/><G41/><T33/><D10/><U48/><E48/><V27/><F81/><W85/><REACH who="3" step="1"/><G25/><REACH who="3" ten="327,218,305,140" step="2"/><T18/><D125/><U5/><E106/><V26/><REACH who="2" step="1"/><F27/><REACH who="2" ten="327,218,295,140" step="2"/><W42/><G42/><T22/><D109/><U29/><E1/><V36/><F36/><W134/><G134/><T4/><D110/><U128/><E128/><V55/><F55/><W32/><G32/><T108/><D54/><U46/><E107/><V120/><F120/><W52/><G52/><T100/><D3/><U135/><E135/><V69/><F69/><W45/><G45/><T0/><D0/><U79/><E46/><V104/><F104/><W113/><G113/><T119/><D108/><U88/><E68/><V75/><AGARI ba="0,2" hai="16,19,26,30,35,62,64,71,75,77,80,93,99,103" machi="75" ten="20,18000,2" yaku="1,1,0,1,7,1,52,1,54,1,53,1" doraHai="66" doraHaiUra="24" who="2" fromWho="2" sc="327,-60,218,-60,295,200,140,-60" /><INIT seed="2,1,0,5,3,49" ten="267,158,495,80" oya="2" hai0="63,114,119,71,26,89,110,104,92,78,39,134,40" hai1="113,135,17,91,99,94,132,96,38,32,106,42,58" hai2="65,12,57,123,121,54,66,111,7,29,36,9,70" hai3="83,118,105,10,53,109,0,80,74,16,44,129,1"/><V68/><F36/><W124/><G118/><T61/><D114/><U11/><E32/><V115/><F115/><W95/><G105/><T81/><D104/><U88/><E113/><V8/><F29/><W28/><G28/><T86/><D110/><U125/><E125/><V117/><F117/><W101/><G109/><T62/><D134/><N who="1" m="51243" /><E38/><V60/><F111/><W46/><G124/><T50/><D39/><U108/><E108/><V27/><F27/><W48/><G129/><T15/><D119/><U107/><E42/><V100/><F100/><W90/><G101/><T79/><D71/><U67/><E67/><V64/><REACH who="2" step="1"/><F9/><REACH who="2" ten="267,158,485,80" step="2"/><W59/><G74/><T103/><D26/><U52/><E11/><V34/><F34/><W33/><G33/><T25/><D25/><U82/><E17/><V128/><F128/><W13/><G1/><T85/><D103/><U19/><E19/><V24/><F24/><W122/><G0/><T37/><D37/><U20/><E20/><V21/><F21/><W43/><G122/><AGARI ba="1,1" hai="7,8,12,54,57,60,64,65,66,68,70,121,122,123" machi="122" ten="40,3900,0" yaku="1,1,52,1,53,0" doraHai="49" doraHaiUra="47" who="2" fromWho="3" sc="267,0,158,0,485,52,80,-42" /><INIT seed="2,2,0,1,0,31" ten="267,158,537,38" oya="2" hai0="58,110,29,18,122,118,113,10,134,72,2,80,45" hai1="11,23,46,26,44,86,15,56,93,25,88,64,17" hai2="102,59,107,104,108,119,123,132,131,103,101,95,24" hai3="39,36,81,0,22,77,38,75,99,42,20,57,69"/><V28/><F119/><W116/><G116/><T105/><D118/><U50/><E25/><V5/><F123/><W8/><G69/><T109/><D113/><U66/><E56/><V133/><F95/><W112/><G112/><T51/><D105/><U60/><E60/><V33/><F131/><W74/><G74/><T129/><D134/><N who="2" m="51818" /><F108/><W61/><G42/><T7/><D29/><U76/><E76/><V130/><F130/><W78/><G78/><T37/><D122/><U32/><E32/><V63/><F5/><W83/><G83/><T98/><D98/><U48/><E48/><V62/><F62/><W1/><G99/><T96/><D96/><U71/><E71/><V94/><F94/><W43/><G43/><T4/><D4/><U82/><E93/><V125/><F125/><W27/><G8/><T41/><D129/><U126/><E126/><V34/><F34/><W100/><G100/><T19/><D110/><U3/><E3/><V90/><F90/><W40/><G40/><T87/><D109/><U128/><E128/><V65/><AGARI ba="2,0" hai="24,28,33,59,63,65,101,102,103,104,107" m="51818" machi="65" ten="30,3000,0" yaku="20,1,52,1" doraHai="31" who="2" fromWho="2" sc="267,-12,158,-12,537,36,38,-12" /><INIT seed="2,3,0,4,0,79" ten="255,146,573,26" oya="2" hai0="14,97,32,113,104,93,49,65,53,25,95,117,88" hai1="124,101,118,115,29,131,15,80,44,66,75,43,111" hai2="63,46,26,129,108,51,5,67,38,61,121,62,40" hai3="132,0,13,37,122,107,2,71,130,89,72,92,68"/><V133/><F121/><W21/><G122/><T22/><D113/><U123/><E29/><V87/><F5/><W100/><G37/><T102/><D65/><U30/><E30/><V77/><F133/><W114/><G72/><T8/><D32/><U58/><E15/><V4/><F129/><W1/><G130/><T48/><D104/><U12/><E12/><V125/><F125/><W91/><G132/><T20/><D25/><U59/><E66/><V116/><F116/><W57/><G107/><T7/><D49/><U119/><E101/><V35/><F4/><W134/><G134/><T81/><D81/><U78/><E123/><V73/><F73/><W86/><G114/><T126/><D117/><U90/><E115/><V94/><F108/><W70/><G70/><T52/><D53/><U128/><E111/><V82/><F94/><W50/><G71/><T110/><D110/><U33/><E124/><V39/><REACH who="2" step="1"/><F67/><REACH who="2" ten="255,146,563,26" step="2"/><W76/><G1/><T69/><D126/><U10/><E128/><V41/><F41/><W127/><G0/><T55/><D95/><U105/><E131/><V47/><F47/><W28/><G2/><T56/><D93/><U120/><E120/><V64/><F64/><W24/><G127/><T3/><D7/><U34/><E118/><V60/><N who="2" m="15360" /><DORA hai="31" /><V9/><F9/><W135/><G68/><T99/><D69/><U45/><E119/><V106/><F106/><W54/><G135/><T112/><D112/><U96/><E105/><V17/><F17/><W85/><G92/><T11/><D3/><U42/><E75/><V83/><F83/><RYUUKYOKU ba="3,1" sc="255,-10,146,-10,563,30,26,-10" hai2="26,35,38,39,40,46,51,77,82,87" /><INIT seed="2,4,1,3,0,67" ten="245,136,593,16" oya="2" hai0="13,86,35,72,77,1,97,66,126,124,105,73,49" hai1="30,102,130,107,131,53,31,93,5,101,110,9,51" hai2="65,117,90,99,115,114,44,21,24,78,60,127,103" hai3="18,106,7,69,22,47,71,38,79,80,113,121,89"/><V10/><F117/><W0/><G121/><T2/><D35/><U6/><E107/><V34/><F127/><N who="0" m="48682" /><D66/><U125/><E125/><V8/><F78/><W4/><G106/><T52/><D13/><U3/><E110/><V74/><F74/><N who="0" m="28778" /><D86/><U28/><E5/><V112/><F90/><W40/><G89/><T83/><D83/><U68/><E68/><N who="2" m="42023" /><F21/><W15/><G113/><T84/><D84/><U87/><E87/><V26/><F26/><W59/><G59/><N who="0" m="33167" /><D77/><U16/><E16/><V48/><F44/><W81/><G81/><T82/><D82/><U17/><E17/><V135/><F48/><W63/><G63/><T75/><D75/><U23/><E23/><V14/><F14/><W12/><G12/><T42/><D2/><U111/><E111/><V119/><F34/><W134/><G80/><T122/><D1/><U85/><E85/><V76/><F76/><W46/><G79/><T92/><D92/><U25/><E25/><V96/><F24/><W116/><G0/><T57/><D42/><U132/><E132/><V11/><F135/><W33/><G134/><T129/><D57/><U27/><E27/><V98/><F103/><W20/><G33/><T94/><D94/><U56/><REACH who="1" step="1"/><E93/><REACH who="1" ten="245,126,593,16" step="2"/><V43/><F114/><W54/><G22/><T133/><D133/><U120/><E120/><V104/><F115/><W39/><G20/><T100/><D122/><U41/><E41/><V118/><F43/><W61/><G40/><T70/><D70/><U50/><E50/><V95/><F112/><W37/><G71/><T88/><D105/><U128/><AGARI ba="4,2" hai="3,6,9,28,30,31,51,53,56,101,102,128,130,131" machi="128" ten="40,8000,1" yaku="1,1,5,1,0,1,19,1,53,0" doraHai="67" doraHaiUra="58" who="1" fromWho="1" sc="245,-24,126,112,593,-44,16,-24" owari="221,-17.9,238,3.8,549,64.9,-8,-50.8" /></mjloggm>