<mjloggm ver="2.3"><GO type="225" lobby="0"/><UN n0="%E5%B8%86%E7%AB%8B%E5%A4%8F%E8%A1%A3" n1="%E6%9C%88%E5%B3%B6%E5%9F%BA" n2="%E3%81%A8%E3%82%89%E3%81%84%E3%81%A1" n3="%E3%83%96%E3%83%83%E3%83%91%E3%82%AA%E3%83%96%E3%83%81%E3%82%AD%E3%83%B3" dan="17,18,16,16" rate="2225.87,2215.80,2129.79,2151.09" sx="M,M,M,M"/><TAIKYOKU oya="0"/><INIT seed="0,0,0,2,2,64" ten="250,250,250,250" oya="0" hai0="43,105,33,88,9,8,53,11,44,62,45,106,23" hai1="78,16,38,3,99,87,130,54,95,135,19,123,30" hai2="82,133,68,112,46,117,47,107,111,61,28,83,1" hai3="121,103,96,34,18,37,124,74,13,93,77,134,65"/><T12/><D33/><U125/><E123/><V104/><F112/><W126/><G121/><T69/><D106/><U113/><E38/><V67/><F1/><W41/><G34/><T92/><D105/><U102/><E3/><V52/><F107/><W128/><G128/><T15/><D69/><U114/><E130/><V129/><F129/><W80/><G134/><T51/><D23/><U57/><E135/><V0/><F0/><W110/><G110/><T108/><D108/><U127/><E30/><V76/><F104/><W119/><G119/><T60/><D60/><N who="1" m="35895" /><E87/><V66/><F111/><W10/><REACH who="3" step="1"/><G65/><REACH who="3" ten="250,250,250,240" step="2"/><T91/><D62/><U89/><E113/><V70/><F67/><W39/><G39/><T84/><REACH who="0" step="1"/><D91/><REACH who="0" ten="240,250,250,240" step="2"/><U36/><E114/><V120/><F61/><W25/><G25/><T75/><D75/><U131/><E89/><V115/><F115/><W5/><G5/><T73/><D73/><U7/><E131/><V109/><F109/><W118/><G118/><T132/><D132/><U6/><E6/><V94/><F133/><W29/><G29/><T63/><D63/><U81/><E7/><V31/><F117/><W55/><G55/><T27/><D27/><U49/><E19/><V24/><F24/><W59/><G59/><T22/><D22/><U32/><E16/><V4/><F52/><W79/><G79/><T21/><D21/><U14/><E32/><V86/><F76/><W20/><G20/><T97/><D97/><U122/><E78/><V71/><F31/><W90/><G90/><T50/><AGARI ba="0,2" hai="8,9,11,12,15,43,44,45,50,51,53,84,88,92" machi="50" ten="30,11700,0" yaku="1,1,0,1,8,1,54,1,53,0" doraHai="64" doraHaiUra="26" who="0" fromWho="0" sc="240,137,250,-39,250,-39,240,-39" /><INIT seed="0,1,0,4,4,123" ten="377,211,211,201" oya="0" hai0="50,126,88,55,135,107,120,106,1,32,73,119,17" hai1="122,4,92,90,101,75,52,62,31,105,95,49,77" hai2="132,30,20,109,27,82,68,76,0,97,56,42,47" hai3="110,28,51,121,40,85,7,24,39,29,80,112,91"/><T108/><RYUUKYOKU type="yao9" ba="1,0" sc="377,0,211,0,211,0,201,0" hai0="1,17,32,50,55,73,88,106,107,108,119,120,126,135" /><INIT seed="0,2,0,3,0,93" ten="377,211,211,201" oya="0" hai0="7,129,20,82,121,80,109,97,36,127,111,117,43" hai1="12,116,5,71,35,31,52,94,69,104,46,30,66" hai2="81,10,18,3,59,132,54,38,41,120,102,26,83" hai3="95,44,16,124,128,112,96,114,103,61,27,14,135"/><T133/><D117/><U29/><E116/><V125/><F120/><W108/><G108/><N who="0" m="41547" /><D121/><U11/><E104/><V56/><F125/><W75/><G124/><T9/><D127/><U92/><E35/><V86/><F132/><W67/><G135/><T6/><D133/><U84/><E69/><V2/><F59/><W72/><G128/><T40/><D129/><U55/><E71/><V126/><F126/><W88/><G27/><T85/><D20/><U65/><E46/><V110/><F110/><W49/><G103/><T122/><D122/><U115/><E115/><V91/><F83/><N who="0" m="31786" /><D85/><U79/><E79/><V32/><F32/><W53/><G114/><T130/><D130/><U107/><E107/><V78/><F78/><W8/><REACH who="3" step="1"/><G112/><REACH who="3" ten="377,211,211,191" step="2"/><T74/><D74/><U68/><E31/><V106/><F102/><W13/><G13/><N who="0" m="5303" /><D36/><U28/><E28/><V64/><F38/><W63/><G63/><T60/><D60/><U51/><E30/><V48/><F3/><W101/><G101/><T17/><D7/><U47/><E29/><V37/><F2/><W42/><G42/><N who="0" m="15915" /><D17/><U77/><E5/><V50/><F37/><W57/><AGARI ba="2,1" hai="8,14,16,44,49,53,57,61,67,72,75,88,95,96" machi="57" ten="20,12000,2" yaku="1,1,0,1,7,1,52,1,54,2,53,0" doraHai="93" doraHaiUra="123" who="3" fromWho="3" sc="377,-62,211,-32,211,-32,191,136" /><INIT seed="1,0,0,2,4,78" ten="315,179,179,327" oya="1" hai0="30,33,134,1,56,4,21,99,84,103,3,40,124" hai1="22,72,9,26,129,36,20,66,126,98,90,135,111" hai2="96,68,8,12,86,59,51,75,11,87,60,44,37" hai3="58,2,74,53,115,105,35,91,121,102,49,0,27"/><U81/><E36/><V82/><F68/><W104/><G121/><T112/><D112/><U92/><E126/><V109/><F37/><W77/><G115/><T93/><D134/><U113/><E113/><V15/><F109/><W122/><G122/><T95/><D124/><U79/><E135/><V5/><F96/><W61/><G91/><T16/><D40/><U114/><E114/><V38/><F38/><W17/><G104/><T118/><D118/><U42/><E111/><V65/><F75/><W19/><G19/><T107/><D4/><U73/><E129/><V125/><F125/><W116/><G116/><T45/><D45/><U62/><E42/><V28/><F28/><W29/><G17/><T83/><D56/><U133/><E133/><V25/><F25/><W23/><G35/><T31/><D1/><U32/><E73/><V63/><F63/><W132/><G132/><T69/><D3/><U76/><E76/><V88/><F86/><W80/><REACH who="3" step="1"/><G61/><REACH who="3" ten="315,179,179,317" step="2"/><T52/><D33/><U119/><E119/><V108/><F108/><W50/><G50/><T117/><D117/><U101/><E90/><V67/><F60/><W13/><G13/><N who="0" m="9359" /><D107/><U43/><E62/><V18/><REACH who="2" step="1"/><F59/><REACH who="2" ten="315,179,169,317" step="2"/><W54/><G54/><AGARI ba="0,2" hai="5,8,11,12,15,18,44,51,54,65,67,82,87,88" machi="54" ten="30,16000,3" yaku="1,1,2,1,7,1,25,2,8,1,52,1,54,1,53,2" doraHai="78" doraHaiUra="7" who="2" fromWho="3" sc="315,0,179,0,169,180,317,-160" /><INIT seed="2,0,0,3,4,9" ten="315,179,349,157" oya="2" hai0="37,112,14,129,46,22,86,87,72,45,52,134,55" hai1="36,4,100,63,131,79,24,56,103,76,128,64,7" hai2="49,16,130,5,107,132,15,80,75,48,8,10,88" hai3="40,124,74,2,101,0,91,110,35,93,113,68,67"/><V51/><F132/><W11/><G35/><T118/><D72/><U34/><E36/><V27/><F107/><W43/><G74/><T33/><D33/><U78/><E7/><V104/><F104/><W96/><G110/><T127/><D112/><U50/><E4/><V102/><F130/><N who="1" m="49705" /><E50/><V28/><F102/><W77/><G77/><T23/><D134/><U105/><E105/><V81/><F75/><W38/><G113/><T116/><D129/><U66/><E66/><V59/><F59/><W114/><G114/><T54/><D127/><U31/><AGARI ba="0,0" hai="24,31,34,56,63,64,76,78,79,100,103" m="49705" machi="31" ten="40,1500,0" yaku="19,1" doraHai="9" who="1" fromWho="1" sc="315,-4,179,15,349,-7,157,-4" /><INIT seed="3,0,0,1,0,115" ten="311,194,342,153" oya="3" hai0="33,132,61,50,91,55,119,24,6,68,5,74,76" hai1="125,29,102,44,109,120,97,2,9,27,23,41,42" hai2="72,70,4,99,35,101,7,43,8,129,13,123,56" hai3="17,84,65,54,30,116,10,113,94,32,78,67,124"/><W89/><G113/><T100/><D132/><U75/><E75/><V47/><F70/><W20/><G124/><T11/><D91/><U22/><E120/><V121/><F35/><W103/><G116/><T77/><D119/><U86/><E125/><V118/><F118/><W106/><G10/><T95/><D68/><U25/><E109/><V45/><F72/><W57/><G78/><T85/><D61/><U128/><E128/><V87/><F129/><W83/><G30/><T111/><D74/><U134/><E134/><V21/><F7/><W79/><G32/><T58/><D111/><U59/><E86/><V60/><F87/><W105/><G103/><T3/><D6/><U92/><E2/><V46/><F21/><W37/><G37/><T112/><D112/><U88/><E9/><V51/><F121/><W107/><G83/><T52/><D55/><U49/><E59/><V0/><F0/><W34/><G79/><T108/><D108/><U126/><E126/><V15/><F15/><W90/><G90/><T16/><D85/><U62/><E62/><V98/><F123/><W114/><G34/><T19/><D33/><U39/><E39/><V133/><F133/><W131/><G131/><T73/><D73/><U18/><E102/><V1/><F1/><W82/><G82/><T63/><D63/><U69/><E69/><V40/><F101/><W130/><G130/><T64/><D64/><U81/><E81/><V12/><F12/><N who="3" m="9255" /><G114/><T53/><D53/><AGARI ba="0,0" hai="18,22,23,25,27,29,41,42,44,49,53,88,92,97" machi="53" ten="30,3900,0" yaku="7,1,8,1,54,1" doraHai="115" who="1" fromWho="0" sc="311,-39,194,39,342,0,153,0" owari="272,7.2,233,-16.7,342,44.2,153,-34.7" /></mjloggm>