<mjloggm ver="2.3"><GO type="225" lobby="0"/><UN n0="%33%74%72%65%65" n1="%E7%9A%AE%E3%80%85" n2="%E3%82%BC%E3%83%AB%E3%83%80%E3%81%AE%E4%BC%9D%E8%AA%AC" n3="%E3%83%81%E3%83%83%E3%82%BF%E3%82%BD%E3%83%BC" dan="16,16,17,16" rate="2069.91,2138.41,2110.09,2187.86" sx="F,M,M,F"/><TAIKYOKU oya="0"/><INIT seed="0,0,0,1,3,121" ten="250,250,250,250" oya="0" hai0="114,7,41,32,8,70,25,102,112,73,122,118,132" hai1="93,52,4,72,101,104,19,115,71,129,128,5,105" hai2="130,10,82,74,2,99,64,63,12,27,62,94,108" hai3="110,119,80,20,56,81,36,9,98,0,14,17,6"/><T124/><D70/><U15/><E72/><V103/><F130/><N who="1" m="50281" /><E71/><V69/><F2/><W88/><G119/><T50/><D122/><U47/><E93/><V43/><F108/><W111/><G36/><T44/><D118/><U22/><E115/><V83/><F74/><W131/><G131/><T92/><D73/><U96/><E105/><V26/><F43/><W125/><G125/><T109/><D124/><U106/><E106/><V3/><F3/><W21/><G21/><T65/><D65/><U107/><E107/><V38/><F38/><W66/><G66/><T76/><D76/><U97/><E97/><V48/><F48/><AGARI ba="0,0" hai="4,5,15,19,22,47,48,52,96,101,104" m="50281" machi="48" ten="30,2000,0" yaku="19,1,54,1" doraHai="121" who="1" fromWho="2" sc="250,0,250,20,250,-20,250,0" /><INIT seed="1,0,0,1,0,55" ten="250,270,230,250" oya="1" hai0="35,69,31,52,130,27,1,0,32,4,93,41,125" hai1="124,117,56,28,116,84,43,114,25,102,115,19,75" hai2="34,91,58,109,87,45,46,67,29,103,42,13,81" hai3="22,128,104,133,2,62,105,7,123,65,119,83,129"/><U100/><E75/><V8/><F109/><W135/><G123/><T89/><D130/><N who="3" m="50281" /><G22/><T3/><D125/><U20/><E43/><V92/><F34/><W86/><G119/><T5/><D69/><U97/><E124/><V110/><F29/><W50/><G50/><T94/><D35/><U118/><E84/><V78/><F110/><W85/><G85/><T48/><D41/><U64/><E19/><V73/><F103/><W39/><G39/><T134/><D134/><N who="3" m="51209" /><G7/><T95/><REACH who="0" step="1"/><D89/><REACH who="0" ten="240,270,230,250" step="2"/><U59/><E64/><V131/><F131/><W49/><G2/><T11/><D11/><U99/><E114/><V9/><F42/><W70/><G49/><T90/><D90/><AGARI ba="0,1" hai="62,65,70,83,86,90,104,105" m="51209,50281" machi="90" ten="30,2000,0" yaku="19,1,20,1" doraHai="55" who="3" fromWho="0" sc="240,-20,270,0,230,0,250,30" /><INIT seed="2,0,0,3,1,81" ten="220,270,230,280" oya="2" hai0="28,40,78,9,39,131,118,14,54,77,66,134,128" hai1="35,56,109,60,97,32,34,1,110,0,102,72,8" hai2="6,50,89,41,129,91,57,74,5,24,121,31,101" hai3="59,80,3,93,115,19,84,68,21,11,113,87,71"/><V99/><F121/><W116/><G116/><T96/><D118/><U105/><E72/><V75/><F129/><N who="0" m="49738" /><D134/><U52/><REACH who="1" step="1"/><E8/><REACH who="1" ten="220,260,230,280" step="2"/><V51/><F75/><W103/><G11/><T38/><D9/><U133/><E133/><V53/><F74/><W47/><G113/><T15/><D77/><U37/><E37/><V76/><F76/><W13/><G115/><T55/><D78/><U120/><E120/><V25/><F6/><W43/><G3/><AGARI ba="0,1" hai="0,1,3,32,34,35,52,56,60,97,102,105,109,110" machi="3" ten="50,3200,0" yaku="1,1,54,1,53,0" doraHai="81" doraHaiUra="62" who="1" fromWho="3" sc="220,0,260,42,230,0,280,-32" /><INIT seed="3,0,0,2,3,45" ten="220,302,230,248" oya="3" hai0="88,131,80,16,127,77,112,30,107,100,82,93,99" hai1="74,133,132,70,49,66,71,39,48,98,79,124,24" hai2="21,68,91,114,58,118,29,57,44,40,87,7,115" hai3="123,120,8,101,5,50,95,22,38,121,52,31,78"/><W103/><G38/><T122/><D122/><U83/><E39/><V59/><F68/><W13/><G78/><T37/><D37/><U102/><E124/><V34/><F34/><W53/><G53/><T6/><D127/><U0/><E0/><V89/><F118/><W25/><REACH who="3" step="1"/><G95/><REACH who="3" ten="220,302,230,238" step="2"/><N who="0" m="58495" /><D77/><U9/><E79/><V69/><F115/><W42/><G42/><T104/><D104/><U130/><E133/><V17/><F114/><W72/><G72/><T12/><D107/><U28/><E74/><V111/><F40/><W62/><G62/><T97/><D112/><U119/><E132/><V54/><F54/><W15/><G15/><T113/><D113/><U90/><E119/><V4/><F111/><W125/><G125/><T36/><D36/><U3/><E3/><V65/><F65/><W35/><G35/><T10/><D131/><U11/><E66/><V67/><F67/><W2/><G2/><T27/><D30/><U86/><E28/><V51/><F29/><W47/><AGARI ba="0,1" hai="5,8,13,22,25,31,47,50,52,101,103,120,121,123" machi="47" ten="30,11700,0" yaku="1,1,0,1,52,1,54,1,53,0" doraHai="45" doraHaiUra="126" who="3" fromWho="3" sc="220,-39,302,-39,230,-39,238,127" owari="181,-31.9,263,6.3,191,-20.9,365,46.5" /></mjloggm>