<mjloggm ver="2.3"><GO type="225" lobby="0"/><UN n0="%E9%A6%AC%E5%BC%95%E7%81%AB%33" n1="%E3%81%BF%E3%81%BF%E3%81%9A" n2="%E6%96%B7%E9%AD%82" n3="%E7%99%BD%E9%B9%BF%E6%84%9B%E8%8E%89" dan="16,17,16,17" rate="2142.82,2183.80,2104.92,2116.46" sx="M,M,M,F"/><TAIKYOKU oya="0"/><INIT seed="0,0,0,1,5,69" ten="250,250,250,250" oya="0" hai0="48,13,19,52,123,106,130,40,51,111,35,131,122" hai1="126,1,55,83,5,66,38,20,10,47,101,110,57" hai2="0,23,43,42,114,80,39,26,91,56,115,99,50" hai3="112,74,76,79,81,49,132,72,46,59,104,45,70"/><T97/><D35/><U78/><E110/><V24/><F0/><W31/><G112/><T68/><D68/><U87/><E126/><V14/><F115/><W34/><G70/><T117/><D117/><U71/><E71/><V36/><F114/><W135/><G104/><T62/><D62/><U120/><E120/><V73/><F73/><W75/><G59/><T33/><D33/><U129/><E129/><N who="0" m="49161" /><D111/><U22/><E66/><V41/><F14/><W60/><G60/><T93/><D40/><U65/><E65/><V12/><F12/><W6/><G6/><T113/><D48/><U53/><E101/><V107/><F24/><N who="3" m="18791" /><G76/><T27/><D27/><U84/><E84/><V100/><F91/><W105/><G105/><T133/><D106/><U116/><E116/><V109/><F80/><W108/><G108/><T30/><D30/><U44/><E55/><V85/><F85/><N who="3" m="48319" /><G49/><T32/><D32/><U127/><E127/><V94/><F107/><W124/><G124/><T67/><D67/><U54/><E53/><V15/><F15/><W77/><G77/><T16/><D113/><U90/><E78/><V95/><F109/><W134/><AGARI ba="0,0" hai="45,46,72,74,75,132,134,135" m="48319,18791" machi="134" ten="40,1500,0" yaku="20,1" doraHai="69" who="3" fromWho="3" sc="250,-7,250,-4,250,-4,250,15" /><INIT seed="1,0,0,4,0,0" ten="243,246,246,265" oya="1" hai0="67,113,63,61,99,20,102,55,13,8,93,16,19" hai1="132,66,7,135,98,31,56,72,24,104,115,87,51" hai2="74,85,54,91,70,118,75,62,82,76,107,53,18" hai3="47,65,44,57,90,73,28,80,59,84,30,10,121"/><U68/><E72/><V109/><F109/><W45/><G121/><T52/><D113/><U122/><E115/><V119/><F75/><W129/><G129/><T96/><D99/><U42/><E122/><V114/><F114/><W103/><G73/><T112/><D112/><U116/><E116/><V83/><F107/><W35/><G35/><T5/><D19/><U46/><E87/><V71/><F18/><W77/><G103/><T111/><D111/><U23/><E68/><V9/><F9/><W128/><G128/><T26/><D63/><N who="1" m="38247" /><E98/><V50/><F70/><AGARI ba="0,0" hai="5,8,13,16,20,26,52,55,61,67,70,93,96,102" machi="70" ten="30,7700,0" yaku="7,1,52,1,54,2" doraHai="0" who="0" fromWho="2" sc="243,77,246,0,246,-77,265,0" /><INIT seed="2,0,0,2,3,38" ten="320,246,169,265" oya="2" hai0="107,91,5,87,32,41,108,51,68,123,106,7,128" hai1="12,97,55,102,67,62,76,48,37,70,73,49,65" hai2="45,42,10,13,60,94,131,135,125,66,64,21,100" hai3="74,36,59,47,24,57,110,14,29,27,84,63,93"/><V3/><F3/><W69/><G74/><T117/><D123/><U90/><E37/><V52/><F131/><W132/><G110/><T11/><D68/><U20/><E67/><V19/><F135/><W112/><G132/><T31/><D108/><U115/><E115/><V109/><F125/><W16/><G112/><T126/><D128/><U43/><E90/><V88/><F100/><W83/><G69/><T130/><D130/><U50/><E73/><V85/><F109/><W111/><G111/><T25/><D126/><U116/><E116/><V86/><F86/><W56/><G93/><T101/><D101/><U30/><E76/><V81/><F94/><W61/><G47/><T72/><D72/><U114/><E114/><V39/><REACH who="2" step="1"/><F10/><REACH who="2" ten="320,246,159,265" step="2"/><N who="3" m="6231" /><G36/><T15/><D87/><U121/><E102/><V129/><F129/><W75/><G75/><T82/><D11/><U28/><E97/><V77/><F77/><W127/><G127/><T124/><D124/><U6/><E121/><V95/><F95/><W9/><G9/><T103/><D103/><U113/><E113/><V96/><F96/><W1/><G1/><T80/><D107/><U4/><E4/><V105/><F105/><W89/><G84/><T58/><D106/><U92/><E92/><V23/><F23/><W26/><G89/><T122/><D5/><U34/><E6/><V54/><F54/><W120/><G120/><T118/><D7/><U35/><E55/><V119/><F119/><W44/><G83/><N who="0" m="31787" /><D118/><U33/><E43/><V17/><F17/><W46/><G29/><N who="1" m="11370" /><E20/><V134/><F134/><W104/><G104/><RYUUKYOKU ba="0,1" sc="320,-30,246,10,159,10,265,10" hai1="12,33,34,35,48,49,50,62,65,70" hai2="13,19,21,39,42,45,52,60,64,66,81,85,88" hai3="24,26,27,44,46,56,57,59,61,63" /><INIT seed="2,1,1,2,2,52" ten="290,256,169,275" oya="2" hai0="121,49,125,59,21,6,5,86,29,87,17,39,0" hai1="46,79,100,89,107,32,109,13,120,110,60,92,16" hai2="117,105,116,106,90,14,23,67,73,72,63,122,134" hai3="61,80,83,9,50,129,130,119,133,15,62,27,70"/><V75/><F122/><W127/><G119/><T47/><D121/><U42/><E120/><V51/><F134/><W26/><G133/><T115/><D115/><U56/><E32/><V74/><N who="2" m="18432" /><DORA hai="128" /><V91/><F51/><W40/><G127/><T34/><D125/><U36/><E79/><V45/><F45/><N who="3" m="25895" /><G70/><T33/><D39/><U84/><E100/><V30/><F116/><W44/><G44/><T82/><D29/><U28/><E28/><V96/><F117/><W19/><G129/><T99/><D34/><U111/><E107/><V38/><F38/><W37/><G37/><T65/><D33/><U31/><E31/><V95/><F90/><W25/><G130/><T11/><D99/><U22/><REACH who="1" step="1"/><E110/><REACH who="1" ten="290,246,169,275" step="2"/><V53/><F106/><W55/><G55/><AGARI ba="1,2" hai="13,16,22,36,42,46,55,56,60,84,89,92,109,111" machi="55" ten="40,8000,1" yaku="1,1,2,1,52,1,54,1,53,1" doraHai="52,128" doraHaiUra="1,41" who="1" fromWho="3" sc="290,0,246,103,169,0,275,-83" /><INIT seed="3,0,0,4,0,62" ten="290,349,169,192" oya="3" hai0="134,4,129,115,43,67,60,72,132,124,99,40,44" hai1="14,17,26,80,8,111,108,47,46,116,114,76,130" hai2="27,77,78,63,85,117,126,9,66,135,101,45,82" hai3="51,122,71,35,81,95,92,106,23,118,30,88,1"/><W21/><G118/><T15/><D72/><U120/><E120/><V32/><F117/><W64/><G122/><T73/><D73/><U55/><E116/><V41/><F101/><W113/><G106/><T12/><D99/><U131/><E114/><V6/><F126/><W104/><G1/><T53/><D4/><U29/><E55/><V59/><F135/><N who="0" m="51754" /><D12/><U25/><E47/><V54/><F32/><W68/><G51/><N who="0" m="28903" /><D15/><U11/><E46/><V121/><F121/><W103/><G81/><T84/><D84/><N who="1" m="48135" /><E11/><V52/><F27/><N who="1" m="10249" /><E29/><V19/><F19/><W105/><G113/><T102/><D102/><U5/><E17/><V119/><F78/><W65/><G30/><T7/><D7/><U109/><AGARI ba="0,0" hai="5,8,14,108,109,111,130,131" m="10249,48135" machi="109" ten="40,1500,0" yaku="14,1" doraHai="62" who="1" fromWho="1" sc="290,-4,349,15,169,-4,192,-7" owari="286,8.6,364,46.4,165,-33.5,185,-21.5" /></mjloggm>