<mjloggm ver="2.3"><GO type="225" lobby="0"/><UN n0="%E9%B3%B3%E6%9D%B1%E3%81%AE%E3%81%86%E3%81%95%E3%81%8E%E3%81%95%E3%82%93" n1="%E3%81%BF%E3%81%BF%E3%81%9A" n2="%E3%81%95%E3%81%8D%E3%81%9F%E3%81%BE%E6%9E%97%E6%AA%8E" n3="%E9%A6%AC%E5%BC%95%E7%81%AB%33" dan="17,17,16,16" rate="2147.45,2197.61,2087.68,2082.83" sx="M,M,M,M"/><TAIKYOKU oya="0"/><INIT seed="0,0,0,2,1,55" ten="250,250,250,250" oya="0" hai0="43,57,97,59,90,98,101,30,81,54,50,13,10" hai1="117,9,95,119,100,109,116,44,21,63,22,80,108" hai2="41,74,123,32,94,79,49,107,62,28,17,56,86" hai3="70,61,69,12,46,78,14,4,132,93,127,15,53"/><T106/><D30/><U76/><E9/><V67/><F107/><W72/><G127/><T33/><D33/><U122/><E44/><V18/><F123/><W126/><G126/><T82/><D43/><U26/><E63/><V29/><F74/><W52/><G132/><T5/><REACH who="0" step="1"/><D59/><REACH who="0" ten="240,250,250,250" step="2"/><U85/><E122/><V47/><F32/><W88/><G46/><T105/><D105/><U83/><E117/><V39/><F39/><W120/><G120/><T24/><D24/><U125/><E119/><V48/><F29/><W6/><G70/><T110/><D110/><N who="1" m="42603" /><E116/><V20/><F28/><W71/><G71/><T0/><D0/><U2/><E2/><V19/><F20/><W102/><G69/><T134/><D134/><U131/><E125/><V58/><F62/><W129/><G53/><T16/><D16/><U75/><E26/><V66/><F66/><W103/><G4/><T64/><D64/><U84/><E21/><V99/><F67/><W31/><G6/><T111/><D111/><U128/><E22/><V118/><F118/><W60/><G31/><T114/><D114/><U135/><E135/><V35/><F35/><W121/><G121/><T23/><D23/><U89/><E131/><V96/><F19/><W51/><G129/><T42/><D42/><U1/><E128/><V73/><F18/><W87/><G60/><T92/><AGARI ba="0,1" hai="5,10,13,50,54,57,81,82,90,92,97,98,101,106" machi="92" ten="30,11700,0" yaku="1,1,0,1,52,1,53,1" doraHai="55" doraHaiUra="91" who="0" fromWho="0" sc="240,127,250,-39,250,-39,250,-39" /><INIT seed="0,1,0,3,2,66" ten="367,211,211,211" oya="0" hai0="113,92,11,111,41,80,99,10,124,17,105,48,2" hai1="6,78,71,79,126,134,4,131,90,52,37,115,20" hai2="130,65,103,125,55,75,135,38,110,43,97,120,121" hai3="57,49,68,104,64,47,45,51,39,16,69,3,127"/><T107/><D113/><U82/><E37/><V59/><F75/><W21/><G3/><T95/><D124/><U119/><E119/><V31/><F31/><W24/><G104/><T35/><D35/><U84/><E126/><V58/><F125/><W132/><G127/><T56/><D111/><U89/><E71/><V112/><F112/><W61/><G39/><T54/><D41/><U26/><E115/><V123/><F97/><W118/><G132/><T76/><D11/><U42/><E42/><V46/><F103/><W93/><G118/><T8/><D10/><U44/><E131/><V88/><F88/><N who="1" m="33897" /><E79/><V29/><F29/><W9/><G9/><T87/><D92/><U34/><E34/><V15/><F15/><W85/><G85/><T102/><REACH who="0" step="1"/><D17/><REACH who="0" ten="357,211,211,211" step="2"/><N who="1" m="12559" /><E134/><V70/><F135/><W22/><G93/><T86/><D86/><U116/><E116/><V67/><F110/><W114/><G114/><T108/><D108/><U33/><E33/><V128/><F130/><W81/><G81/><T27/><D27/><U96/><E96/><V109/><F128/><W19/><G22/><T53/><D53/><U50/><AGARI ba="1,1" hai="4,6,44,50,52,78,82,84" m="12559,33897" machi="50" ten="30,4000,0" yaku="8,1,54,2" doraHai="66" who="1" fromWho="1" sc="357,-21,211,53,211,-11,211,-11" /><INIT seed="1,0,0,2,1,59" ten="336,264,200,200" oya="1" hai0="131,107,60,24,19,10,122,65,123,64,1,97,114" hai1="95,48,105,36,93,134,129,85,30,81,75,113,89" hai2="0,73,69,18,15,87,106,17,29,42,79,35,40" hai3="126,78,115,31,6,45,7,128,83,57,100,61,62"/><U27/><E36/><V32/><F106/><W54/><G115/><T53/><D114/><U12/><E113/><V118/><F73/><W49/><G126/><T117/><D117/><U130/><E105/><V39/><F118/><W56/><G100/><N who="0" m="62863" /><D131/><N who="1" m="50187" /><E134/><V2/><F69/><W110/><G128/><T102/><D102/><U90/><E75/><V121/><F121/><N who="0" m="46090" /><D1/><U14/><E48/><V103/><F103/><W72/><G110/><T38/><D38/><U46/><E46/><V25/><F39/><W112/><G31/><T133/><D133/><U37/><E37/><V111/><F111/><W70/><G70/><T11/><D53/><U84/><E81/><V43/><F0/><W127/><G127/><T76/><D76/><U96/><E96/><V26/><F2/><W5/><REACH who="3" step="1"/><G112/><REACH who="3" ten="336,264,200,190" step="2"/><T34/><D34/><AGARI ba="0,1" hai="12,14,27,30,34,84,85,89,90,93,95" m="50187" machi="34" ten="30,1500,0" yaku="19,1" doraHai="59" who="1" fromWho="0" sc="336,-15,264,25,200,0,190,0" /><INIT seed="1,1,0,3,1,22" ten="321,289,200,190" oya="1" hai0="63,112,124,82,21,78,107,43,84,27,53,128,113" hai1="98,109,104,20,36,119,64,76,120,16,117,60,23" hai2="87,95,133,38,91,97,121,116,126,24,30,70,96" hai3="72,127,69,79,118,18,7,9,2,99,50,49,73"/><U17/><E120/><V0/><F121/><W134/><G69/><T67/><D107/><U57/><E36/><V106/><F116/><W62/><G118/><T4/><D128/><U65/><E76/><V29/><F38/><W51/><G62/><T90/><D124/><U86/><E86/><V94/><F0/><W131/><G127/><T115/><D43/><U75/><E75/><V81/><F126/><W61/><G61/><T56/><D4/><U100/><E109/><V85/><F70/><W129/><G134/><T93/><D67/><U35/><E35/><V102/><F133/><W46/><G46/><T105/><D105/><U66/><E117/><V59/><F59/><W130/><G79/><T28/><REACH who="0" step="1"/><D113/><REACH who="0" ten="311,289,200,190" step="2"/><U125/><E119/><V68/><F68/><W77/><G77/><T41/><D41/><U80/><E125/><V12/><F106/><W54/><G54/><T39/><D39/><U34/><E65/><V103/><F87/><AGARI ba="1,1" hai="21,27,28,53,56,63,78,82,84,87,90,93,112,115" machi="87" ten="30,3900,0" yaku="1,1,7,1,52,1,53,0" doraHai="22" doraHaiUra="40" who="0" fromWho="2" sc="311,52,289,0,200,-42,190,0" /><INIT seed="2,0,0,2,5,51" ten="363,289,158,190" oya="2" hai0="3,55,8,100,108,29,90,104,86,91,97,119,56" hai1="27,123,64,53,24,57,128,36,31,17,16,75,68" hai2="89,1,111,109,93,50,80,116,11,37,10,13,105" hai3="103,113,135,121,131,62,87,22,15,74,45,95,33"/><V126/><F116/><W66/><G121/><T72/><D72/><U18/><E75/><V78/><F37/><W79/><G33/><T32/><D119/><U132/><E36/><V6/><F105/><W69/><G113/><T12/><D3/><U70/><E123/><V83/><F126/><W4/><G74/><T96/><D108/><N who="2" m="41546" /><F78/><W134/><G131/><T23/><D32/><U85/><E128/><V43/><F43/><W47/><G103/><T118/><D96/><U52/><E132/><N who="3" m="50730" /><G95/><T38/><D38/><U60/><E70/><V20/><F20/><W14/><G22/><T98/><D98/><U114/><E114/><V92/><F92/><W54/><G54/><N who="1" m="21098" /><E68/><V7/><F50/><W71/><G71/><T39/><D39/><U130/><E130/><V76/><F76/><W81/><G4/><T2/><D118/><U112/><E112/><V99/><AGARI ba="0,0" hai="1,6,7,10,11,13,80,83,89,93,99" m="41546" machi="99" ten="30,3000,0" yaku="14,1,10,1" doraHai="51" who="2" fromWho="2" sc="363,-10,289,-10,158,30,190,-10" /><INIT seed="2,1,0,1,0,88" ten="353,279,188,180" oya="2" hai0="40,44,125,6,54,36,55,27,31,131,105,48,122" hai1="22,9,49,102,39,58,83,30,60,61,57,120,42" hai2="50,133,5,106,43,35,7,107,25,28,77,75,87" hai3="116,46,130,90,51,81,79,118,63,18,11,95,91"/><V114/><F75/><W2/><G130/><T135/><D122/><U0/><E39/><V101/><F114/><W13/><G91/><T123/><D123/><U10/><E120/><V126/><F126/><W47/><G2/><T68/><D131/><U98/><E83/><V96/><F107/><W73/><G63/><T69/><D105/><U93/><E0/><V132/><F77/><W17/><G18/><T15/><D135/><N who="2" m="51786" /><F87/><W21/><G11/><T113/><D113/><U104/><E104/><V70/><F70/><W38/><G38/><T53/><D36/><U129/><E129/><V97/><F97/><W67/><G67/><T72/><D72/><U24/><E49/><V134/><N who="2" m="51794" /><V23/><DORA hai="34" /><F35/><W29/><G29/><T103/><D31/><U41/><E42/><V127/><F127/><W12/><G12/><T82/><D15/><U112/><E41/><V78/><F78/><W94/><G94/><T110/><D69/><U85/><E85/><V128/><F128/><W16/><G17/><T86/><D40/><U84/><E84/><V4/><F7/><W80/><G80/><T26/><D6/><U52/><E112/><V1/><F1/><W92/><G92/><T66/><D86/><U3/><E3/><V121/><F121/><W64/><G64/><AGARI ba="1,0" hai="9,10,22,24,30,52,57,58,60,61,64,93,98,102" machi="64" ten="30,12000,2" yaku="7,1,25,2,8,1,52,1,54,1" doraHai="88,34" who="1" fromWho="3" sc="353,0,279,123,188,0,180,-123" /><INIT seed="3,0,0,3,1,69" ten="353,402,188,57" oya="3" hai0="72,68,40,109,54,73,4,46,94,87,30,80,88" hai1="13,135,52,124,58,19,63,12,101,37,118,127,77" hai2="76,2,121,110,97,70,86,22,131,61,99,107,51" hai3="91,3,82,71,105,55,53,83,122,113,25,32,10"/><W95/><G113/><T35/><D109/><U34/><E135/><V39/><F110/><W0/><G122/><T74/><D68/><U50/><E37/><V66/><F2/><W112/><G112/><T111/><D111/><U114/><E114/><V47/><F39/><W33/><G105/><T117/><D117/><U23/><E118/><V44/><F44/><W16/><G71/><T104/><D104/><U65/><E34/><V28/><F107/><W67/><G67/><T126/><D126/><N who="1" m="48171" /><E101/><V9/><F9/><W64/><G64/><T108/><D108/><U115/><E77/><V89/><F76/><W1/><G32/><T15/><D54/><U96/><E96/><V17/><F28/><W128/><G128/><T62/><D62/><U14/><E115/><V59/><F70/><AGARI ba="0,0" hai="12,13,14,19,23,50,52,58,63,65,70" m="48171" machi="70" ten="30,2000,0" yaku="18,1,54,1" doraHai="69" who="1" fromWho="2" sc="353,0,402,20,188,-20,57,0" owari="353,15.3,422,52.2,168,-23.2,57,-44.3" /></mjloggm>