<mjloggm ver="2.3"><GO type="225" lobby="0"/><UN n0="%E5%84%AA%40%41%42%43" n1="%E9%A6%AC%E5%BC%95%E7%81%AB%33" n2="%E7%99%BD%E5%80%89%E5%AF%9B%E4%B9%8B" n3="%E7%89%B9%E6%9D%B1%E5%96%B0%E8%B5%A4%E9%80%9F" dan="17,16,16,16" rate="2147.20,2136.36,2121.88,2044.72" sx="M,M,M,M"/><TAIKYOKU oya="0"/><INIT seed="0,0,0,1,4,83" ten="250,250,250,250" oya="0" hai0="53,27,124,12,99,118,31,22,58,1,128,0,133" hai1="74,77,87,33,67,95,101,6,19,71,2,121,90" hai2="78,131,116,16,65,103,91,125,7,73,129,17,106" hai3="18,45,56,23,104,94,123,113,102,132,135,69,76"/><T54/><D118/><U115/><E121/><V68/><F116/><W120/><G69/><T20/><D124/><U25/><E115/><V82/><F125/><W9/><G113/><T119/><D119/><U59/><E71/><V81/><F7/><W48/><G104/><T108/><D128/><N who="2" m="49226" /><F103/><W49/><G9/><T114/><D114/><U79/><E101/><V60/><F106/><W30/><G30/><T85/><D133/><N who="3" m="51273" /><G76/><T29/><D99/><U21/><E33/><V63/><F60/><W111/><G56/><T117/><D117/><U14/><E2/><V96/><F96/><N who="3" m="59671" /><G111/><T43/><D108/><U4/><E74/><V24/><F24/><N who="3" m="14455" /><G45/><T130/><D130/><U37/><E4/><V64/><F64/><W47/><G49/><T86/><D58/><U51/><E37/><V97/><F97/><W32/><G32/><T38/><D27/><U13/><E25/><V35/><F35/><W26/><G26/><T41/><D12/><U88/><E90/><V110/><F110/><W93/><G93/><T46/><D46/><U66/><E66/><V8/><F8/><W127/><G127/><T10/><D10/><N who="1" m="4311" /><E51/><V15/><F15/><W3/><G3/><T57/><D57/><U100/><E100/><V89/><F89/><W40/><AGARI ba="0,0" hai="40,47,48,120,123" m="14455,59671,51273" machi="40" ten="30,1100,0" yaku="20,1" doraHai="83" who="3" fromWho="3" sc="250,-5,250,-3,250,-3,250,11" /><INIT seed="1,0,0,1,0,92" ten="245,247,247,261" oya="1" hai0="80,85,124,42,45,119,43,35,84,33,66,46,49" hai1="126,61,24,130,113,94,101,87,11,3,99,75,125" hai2="1,133,68,65,57,120,129,21,127,12,86,67,62" hai3="54,110,17,22,107,32,30,58,90,104,55,50,25"/><U18/><E113/><V0/><F120/><W121/><G121/><T63/><D119/><U114/><E114/><V81/><F129/><W117/><G110/><T9/><D124/><N who="1" m="47723" /><E75/><V64/><F127/><W53/><G117/><T6/><D35/><U79/><E130/><V135/><F12/><W82/><G82/><T29/><D29/><U97/><E61/><N who="2" m="39951" /><F21/><W95/><G104/><T51/><D33/><U40/><E40/><V60/><F60/><W27/><REACH who="3" step="1"/><G107/><REACH who="3" ten="245,247,247,251" step="2"/><T88/><D84/><AGARI ba="0,1" hai="17,22,25,27,30,32,50,53,54,55,58,84,90,95" machi="84" ten="30,3900,0" yaku="1,1,2,1,7,1,53,0" doraHai="92" doraHaiUra="34" who="3" fromWho="0" sc="245,-39,247,0,247,0,251,49" /><INIT seed="2,0,0,2,4,114" ten="206,247,247,300" oya="2" hai0="80,91,9,30,27,116,35,4,15,96,101,65,129" hai1="32,82,60,11,50,77,64,16,128,111,86,31,18" hai2="75,135,90,44,51,126,42,79,33,120,74,22,69" hai3="105,45,8,12,92,66,19,43,25,70,98,52,83"/><V104/><F33/><W76/><G105/><T29/><D129/><U2/><E128/><V37/><F104/><W127/><G127/><T47/><D30/><U131/><E131/><V38/><F120/><W26/><G70/><T67/><D47/><U125/><E111/><V107/><F107/><W59/><G66/><T72/><D116/><U62/><E125/><V117/><F69/><W84/><G45/><T112/><D112/><U132/><E132/><V85/><F126/><W106/><G43/><T118/><D118/><U93/><E50/><V3/><F3/><W55/><G55/><T124/><D124/><U24/><E62/><V36/><F135/><W6/><G6/><T108/><D108/><U121/><E121/><V134/><F134/><W54/><G54/><T14/><D14/><U103/><E11/><V119/><F22/><W100/><G106/><T110/><D110/><U57/><REACH who="1" step="1"/><E2/><REACH who="1" ten="206,237,247,300" step="2"/><V115/><F115/><W21/><G8/><T97/><D9/><U17/><E17/><V28/><F28/><W88/><G100/><T68/><D101/><U5/><E5/><V133/><F133/><W0/><G0/><T58/><D4/><U78/><E78/><V123/><F123/><W95/><G76/><T130/><D130/><U87/><E87/><V81/><REACH who="2" step="1"/><F75/><REACH who="2" ten="206,237,237,300" step="2"/><W63/><G21/><T34/><D72/><U10/><E10/><V49/><F49/><W40/><G63/><N who="0" m="38135" /><D35/><U46/><E46/><V73/><F73/><W1/><G1/><T89/><D34/><U39/><E39/><V109/><F109/><W20/><G20/><T94/><D29/><RYUUKYOKU ba="0,2" sc="206,-15,237,15,237,15,300,-15" hai1="16,18,24,31,32,57,60,64,77,82,86,93,103" hai2="36,37,38,42,44,51,74,79,81,85,90,117,119" /><INIT seed="2,1,2,1,5,33" ten="191,252,252,285" oya="2" hai0="54,105,25,15,0,72,1,131,41,106,30,58,117" hai1="39,80,93,111,125,83,121,69,75,50,24,43,91" hai2="120,3,26,40,100,81,102,118,110,4,36,77,95" hai3="62,122,84,19,116,22,98,112,67,86,46,6,13"/><V60/><F118/><W134/><G116/><T52/><D72/><U29/><E39/><V109/><F120/><W51/><G122/><T88/><D117/><U63/><E121/><V96/><F60/><W114/><G6/><T101/><D41/><U123/><E123/><V18/><F18/><W12/><G98/><T87/><D131/><U10/><E111/><N who="2" m="42507" /><F26/><W66/><G134/><T108/><D15/><U20/><E125/><V135/><F135/><W31/><G12/><T65/><D65/><N who="3" m="24585" /><G62/><T103/><D108/><U79/><E63/><V99/><F40/><N who="3" m="25031" /><G31/><T53/><D58/><U42/><E69/><V5/><F36/><W92/><G92/><T55/><N who="0" m="13312" /><DORA hai="129" /><T94/><D106/><U68/><E50/><V27/><F27/><W74/><G74/><T78/><D78/><U73/><E68/><V104/><F3/><W70/><G70/><T89/><D89/><U16/><E73/><AGARI ba="1,2" hai="4,5,73,77,81,95,96,99,100,102,104" m="42507" machi="73" ten="30,2900,0" yaku="14,1,10,1" doraHai="33,129" who="2" fromWho="1" sc="191,0,252,-32,252,52,285,0" /><INIT seed="2,2,0,4,0,122" ten="191,220,304,285" oya="2" hai0="134,86,119,91,19,60,92,120,63,54,110,115,69" hai1="73,81,9,132,129,106,42,93,27,12,76,131,46" hai2="25,127,67,97,34,68,23,53,15,59,84,101,26" hai3="35,28,89,37,98,107,10,17,5,11,121,130,105"/><V71/><F127/><W1/><G37/><T72/><D120/><U109/><E106/><V99/><F67/><W79/><G121/><T96/><D115/><U85/><E132/><V32/><F15/><W6/><G79/><T20/><D72/><U65/><E65/><V74/><F74/><W7/><G105/><T14/><D134/><U70/><E70/><V33/><F84/><W52/><G107/><T58/><D119/><U30/><E93/><V13/><F13/><N who="3" m="7351" /><G52/><T18/><D69/><U2/><E2/><V117/><F117/><W24/><G89/><T4/><D4/><N who="3" m="1641" /><G98/><T16/><D110/><U88/><E109/><V22/><F53/><W116/><G116/><T38/><D38/><U55/><E55/><V21/><F59/><W50/><G50/><N who="0" m="31063" /><D96/><N who="2" m="36938" /><F101/><W125/><G130/><N who="1" m="49674" /><E12/><V87/><F87/><W56/><G56/><T66/><D66/><U48/><E9/><V94/><F94/><W82/><G82/><T57/><D57/><U43/><E43/><V111/><F111/><W77/><G77/><T45/><D45/><U113/><E113/><V36/><F36/><W124/><AGARI ba="2,0" hai="1,7,11,24,28,35,124,125" m="1641,7351" machi="124" ten="30,2000,0" yaku="34,2" doraHai="122" who="3" fromWho="3" sc="191,-7,220,-7,304,-12,285,26" /><INIT seed="3,0,0,5,4,125" ten="184,213,292,311" oya="3" hai0="70,61,85,84,126,74,41,42,52,2,94,67,97" hai1="75,96,55,133,69,118,73,34,27,117,16,102,88" hai2="103,129,82,104,4,78,50,62,45,119,107,63,87" hai3="79,0,121,115,46,56,3,77,11,36,24,48,105"/><W5/><G121/><T32/><D74/><U54/><E133/><V101/><F119/><N who="1" m="45577" /><E69/><V30/><F129/><W21/><G105/><T39/><D32/><U91/><E73/><V116/><F116/><W60/><G36/><T26/><D2/><U123/><E75/><V108/><F108/><W15/><G0/><T23/><D126/><U112/><E112/><V12/><F30/><N who="3" m="17679" /><G3/><T120/><D120/><U17/><E123/><V8/><F107/><W64/><G115/><T95/><D95/><N who="1" m="58655" /><E34/><V38/><F38/><W20/><G20/><T7/><D7/><U90/><E27/><V29/><F29/><W124/><G124/><T72/><D72/><U47/><E47/><V76/><F76/><W106/><G106/><T53/><D84/><U134/><E134/><V33/><F33/><W109/><G109/><T80/><D39/><U135/><E135/><V132/><F132/><W59/><G59/><N who="0" m="37311" /><D41/><AGARI ba="0,0" hai="5,11,15,41,46,48,56,60,64,77,79" m="17679" machi="41" ten="30,1500,0" yaku="8,1" doraHai="125" who="3" fromWho="0" sc="184,-15,213,0,292,0,311,15" owari="169,-33.1,213,-18.7,292,9.2,326,42.6" /></mjloggm>