<mjloggm ver="2.3"><GO type="225" lobby="0"/><UN n0="%E4%B8%96%E7%95%8C%E3%81%AE%E4%BA%80%E4%BA%95" n1="%E3%82%A4%E3%83%BC%E3%82%B1%E3%83%97%E3%83%A9" n2="%E3%83%96%E3%83%83%E3%83%91%E3%82%AA%E3%83%96%E3%83%81%E3%82%AD%E3%83%B3" n3="%E3%81%BF%E3%81%BF%E3%81%9A" dan="17,16,16,17" rate="2177.86,2158.55,2178.63,2159.11" sx="M,M,M,M"/><TAIKYOKU oya="0"/><INIT seed="0,0,0,5,4,80" ten="250,250,250,250" oya="0" hai0="51,74,46,42,24,117,68,109,8,135,83,4,70" hai1="90,17,2,6,73,14,28,128,121,130,53,131,120" hai2="77,76,112,102,67,33,3,79,13,91,30,57,81" hai3="108,100,31,18,94,114,38,65,104,44,122,36,132"/><T113/><D113/><U62/><E73/><V119/><F112/><W72/><G114/><T75/><D117/><U49/><E28/><V66/><F3/><W69/><G72/><T27/><D135/><U116/><E116/><V55/><F119/><W45/><G104/><T64/><D109/><U7/><E62/><V52/><F102/><W103/><G31/><T92/><D92/><U88/><E2/><V35/><F30/><W127/><G108/><T125/><D125/><U32/><E32/><V0/><F0/><W25/><G127/><T93/><D93/><U15/><E49/><N who="2" m="30863" /><F35/><W23/><G132/><T54/><D68/><U16/><E130/><V56/><F13/><W39/><G122/><T115/><D115/><U12/><E12/><V86/><F33/><W99/><REACH who="3" step="1"/><G103/><REACH who="3" ten="250,250,250,240" step="2"/><T110/><D74/><U37/><REACH who="1" step="1"/><E53/><REACH who="1" ten="250,240,250,240" step="2"/><V63/><AGARI ba="0,2" hai="55,56,63,66,67,76,77,79,81,86,91" m="30863" machi="63" ten="30,4000,0" yaku="8,1,52,1,54,1" doraHai="80" who="2" fromWho="2" sc="250,-20,240,-10,250,60,240,-10" /><INIT seed="1,0,0,4,5,29" ten="230,230,310,230" oya="1" hai0="96,15,26,124,67,97,52,24,73,10,105,53,21" hai1="55,60,68,57,20,93,85,123,87,99,30,63,109" hai2="89,70,17,101,14,61,42,49,76,8,125,65,39" hai3="120,27,78,71,90,91,36,25,102,130,94,43,131"/><U112/><E112/><V127/><F76/><W77/><G120/><T81/><D124/><N who="2" m="47690" /><F101/><W46/><G71/><T64/><D73/><U58/><E68/><V13/><F39/><W56/><G102/><T51/><D81/><U80/><E123/><V11/><F89/><W7/><G7/><T134/><D134/><U48/><E109/><V69/><F69/><W32/><G56/><T34/><D34/><U126/><E126/><V1/><F1/><W72/><G91/><T50/><D21/><U92/><E99/><V28/><F28/><N who="3" m="19471" /><G27/><T75/><D75/><U62/><E58/><V135/><F135/><W86/><G72/><T121/><D10/><N who="2" m="3626" /><F17/><W66/><G66/><T19/><D19/><U106/><E106/><V122/><F122/><W113/><G113/><T114/><D121/><U110/><E110/><V107/><F107/><W74/><G74/><T33/><D114/><U83/><E30/><V116/><F116/><W12/><G12/><T128/><D15/><U0/><E0/><V84/><F84/><N who="1" m="32329" /><E20/><V108/><F108/><W104/><G104/><T103/><D105/><U111/><E111/><V44/><AGARI ba="0,0" hai="13,14,42,44,49,61,65,70" m="3626,47690" machi="44" ten="30,1100,0" yaku="18,1" doraHai="29" who="2" fromWho="2" sc="230,-3,230,-5,310,11,230,-3" /><INIT seed="2,0,0,2,5,40" ten="227,225,321,227" oya="2" hai0="89,78,119,105,124,19,35,22,69,127,53,115,66" hai1="128,131,70,91,50,57,106,5,123,36,108,29,107" hai2="121,88,16,82,42,32,44,37,116,101,27,21,87" hai3="1,102,30,62,14,72,133,71,122,75,2,79,63"/><V41/><F116/><W52/><G122/><T67/><D105/><N who="1" m="39947" /><E36/><V90/><F121/><W85/><G102/><T113/><D35/><U68/><E123/><V109/><F109/><W38/><G38/><T9/><D9/><U96/><E5/><V97/><F42/><W114/><G30/><T54/><D78/><U81/><E29/><V26/><F32/><W51/><G14/><N who="0" m="9591" /><D89/><U77/><E91/><V64/><F64/><N who="0" m="24618" /><D69/><N who="1" m="26731" /><E96/><V25/><REACH who="2" step="1"/><F90/><REACH who="2" ten="227,225,311,227" step="2"/><W56/><G71/><T135/><D119/><U74/><E108/><V84/><F84/><W117/><G117/><T4/><D115/><U3/><E74/><V126/><F126/><W76/><G114/><T73/><D73/><U20/><E128/><V6/><F6/><W24/><G85/><T132/><D4/><U0/><E131/><V18/><F18/><W7/><G75/><T33/><D113/><U99/><E77/><N who="3" m="29770" /><G72/><T65/><D33/><U120/><E120/><V28/><F28/><W134/><G7/><T125/><D65/><U103/><E103/><V118/><F118/><W55/><G1/><T60/><D53/><U15/><E0/><V110/><F110/><W61/><G2/><T86/><D86/><U13/><E3/><V80/><F80/><W10/><G55/><T11/><D54/><N who="1" m="31959" /><E81/><V92/><AGARI ba="0,1" hai="16,21,25,26,27,37,41,44,82,87,88,92,97,101" machi="92" ten="20,18000,2" yaku="1,1,0,1,7,1,52,1,54,2,53,0" doraHai="40" doraHaiUra="47" who="2" fromWho="2" sc="227,-60,225,-60,311,190,227,-60" /><INIT seed="2,1,0,2,4,70" ten="167,165,501,167" oya="2" hai0="18,28,134,68,106,55,66,92,130,102,45,47,110" hai1="33,49,39,5,59,51,79,118,94,116,125,20,85" hai2="57,119,81,76,80,112,43,11,97,133,86,30,6" hai3="54,109,34,13,135,38,89,117,107,9,29,127,78"/><V53/><F112/><W56/><G117/><T132/><D106/><U114/><E33/><V48/><F133/><N who="0" m="51306" /><D28/><U121/><E114/><V50/><F119/><W35/><G135/><T27/><D130/><U111/><E39/><V113/><F113/><W2/><G2/><T1/><D1/><U123/><E5/><V105/><F30/><W108/><G107/><T103/><D110/><N who="3" m="42601" /><G127/><T74/><D74/><U42/><E111/><V7/><F105/><W95/><G78/><T90/><D66/><U12/><E125/><V126/><F126/><W26/><G38/><T31/><D18/><N who="1" m="10311" /><E42/><V24/><F24/><W75/><G75/><T128/><D68/><U101/><E79/><V46/><F97/><N who="3" m="57583" /><G26/><T17/><D128/><U88/><E101/><V82/><REACH who="2" step="1"/><F6/><REACH who="2" ten="167,165,491,167" step="2"/><N who="3" m="3255" /><G29/><T10/><D31/><U84/><E118/><V3/><AGARI ba="1,1" hai="3,7,11,43,46,48,50,53,57,76,80,81,82,86" machi="3" ten="20,18000,2" yaku="1,1,0,1,7,1,53,3" doraHai="70" doraHaiUra="77" who="2" fromWho="2" sc="167,-61,165,-61,491,193,167,-61" /><INIT seed="2,2,0,4,5,18" ten="106,104,684,106" oya="2" hai0="58,125,99,128,133,54,79,89,113,121,26,124,50" hai1="7,115,27,55,123,109,64,40,52,118,16,67,24" hai2="84,34,37,70,19,111,69,95,17,3,83,57,23" hai3="73,80,0,90,32,127,39,97,77,82,5,116,20"/><V25/><F37/><W100/><G116/><T104/><D113/><U43/><E115/><V86/><F3/><W78/><G32/><T94/><D121/><U103/><E118/><V15/><F111/><W119/><G119/><T132/><D79/><U112/><E112/><V135/><F135/><N who="0" m="51786" /><D104/><U63/><E109/><V114/><F114/><W74/><G127/><N who="0" m="48715" /><D26/><N who="1" m="9771" /><E7/><V13/><F95/><W44/><G90/><T108/><D108/><U11/><E103/><V72/><F72/><W75/><G75/><T76/><D76/><U9/><E123/><V102/><F102/><W10/><G20/><T29/><D29/><U33/><E33/><V62/><F34/><W2/><G2/><T96/><D96/><U107/><E107/><V35/><F35/><W68/><G68/><T101/><D101/><U93/><E93/><V6/><F25/><W38/><G44/><T42/><D42/><N who="1" m="15915" /><E63/><V28/><F62/><W41/><G41/><T131/><AGARI ba="2,0" hai="50,54,58,89,94,99,128,131" m="48715,51786" machi="131" ten="40,8000,1" yaku="30,2,20,1,18,1" doraHai="18" who="0" fromWho="0" sc="106,86,104,-22,684,-42,106,-22" /><INIT seed="3,0,0,3,1,28" ten="192,82,642,84" oya="3" hai0="37,42,46,109,121,126,2,31,130,97,90,53,51" hai1="91,78,131,120,110,92,18,81,70,21,66,85,83" hai2="49,45,4,35,103,62,101,93,34,13,88,67,56" hai3="30,73,84,43,104,57,102,125,40,10,3,69,100"/><W77/><G69/><T19/><D2/><U6/><E120/><V105/><F105/><W22/><G73/><T59/><D121/><U24/><E110/><V87/><F35/><W113/><G113/><T47/><D109/><U36/><E36/><V106/><F106/><W16/><G125/><T50/><D130/><U52/><E131/><V107/><F34/><W112/><G112/><T122/><D122/><U29/><E70/><V38/><F107/><W0/><G0/><T71/><D71/><U1/><E66/><V124/><F38/><W99/><G57/><T27/><D19/><U25/><E1/><V7/><F124/><W96/><G30/><T58/><D126/><U20/><E6/><N who="2" m="2091" /><F13/><N who="3" m="9487" /><G10/><T64/><D64/><U23/><E23/><V115/><F115/><W116/><G104/><T74/><D74/><U17/><E29/><V119/><F119/><W134/><G116/><T79/><D79/><U80/><E52/><AGARI ba="0,0" hai="45,49,52,56,62,67,87,88,93,101,103" m="2091" machi="52" ten="30,3900,0" yaku="8,1,54,2" doraHai="28" who="2" fromWho="1" sc="192,0,82,-39,642,39,84,0" owari="192,-0.8,43,-45.7,681,78.1,84,-31.6" /></mjloggm>