<mjloggm ver="2.3"><GO type="225" lobby="0"/><UN n0="%E4%BF%BA%E3%81%A8%E5%A6%96%E5%A4%A2" n1="%E6%9D%B1%E9%A2%A8%E3%81%AE%E3%81%8D%E3%82%83%E3%81%B7%E3%81%95%E3%82%93" n2="%E5%91%A8%E6%9D%B1" n3="%E3%83%B4%E3%83%A0%EF%BC%99%E3%81%A6" dan="16,16,16,17" rate="2266.38,2182.79,2168.18,2137.58" sx="F,M,M,M"/><TAIKYOKU oya="0"/><INIT seed="0,0,0,3,0,61" ten="250,250,250,250" oya="0" hai0="49,22,64,129,133,98,123,77,75,24,8,51,115" hai1="127,122,73,41,18,9,40,125,3,114,60,82,100" hai2="45,63,57,58,21,5,65,16,43,84,126,130,17" hai3="96,29,108,78,72,71,1,19,101,69,102,106,36"/><T23/><D115/><U89/><E100/><V33/><F126/><N who="1" m="48137" /><E122/><V118/><F130/><W109/><G19/><T35/><D123/><U0/><E114/><V28/><F118/><W120/><G120/><T68/><D129/><U81/><E60/><V128/><F128/><W48/><G48/><T12/><D35/><U55/><E55/><V116/><F116/><W124/><G124/><T74/><D133/><U135/><E135/><V86/><F5/><W53/><G53/><T90/><D64/><U112/><E112/><V2/><F2/><N who="1" m="553" /><E73/><V39/><F58/><W121/><G121/><T34/><D68/><U54/><E54/><V83/><F33/><W15/><G101/><T31/><D74/><U131/><E131/><V62/><F62/><W14/><G1/><T95/><D49/><U50/><E50/><V11/><F11/><W56/><G56/><T91/><D51/><U4/><E4/><V93/><F93/><W87/><G72/><T13/><D8/><U111/><E111/><V66/><F66/><W37/><G69/><T30/><D34/><U6/><E6/><V76/><REACH who="2" step="1"/><F86/><REACH who="2" ten="250,250,240,250" step="2"/><W47/><G71/><T85/><D75/><U44/><E44/><V94/><F94/><W59/><G47/><T27/><REACH who="0" step="1"/><D77/><REACH who="0" ten="240,250,240,250" step="2"/><U32/><E32/><V99/><F99/><W10/><G78/><T104/><D104/><U7/><E7/><V25/><AGARI ba="0,2" hai="16,17,21,25,28,39,43,45,57,63,65,76,83,84" machi="25" ten="30,7900,0" yaku="1,1,0,1,52,1,54,1,53,0" doraHai="61" doraHaiUra="88" who="2" fromWho="2" sc="240,-39,250,-20,240,99,250,-20" /><INIT seed="1,0,0,2,0,82" ten="201,230,339,230" oya="1" hai0="48,67,130,24,88,125,64,120,52,63,102,57,10" hai1="38,131,65,96,5,74,40,89,97,111,87,2,56" hai2="124,53,75,95,22,27,69,32,15,42,134,0,70" hai3="77,37,121,73,17,11,135,34,16,117,133,105,114"/><U20/><E74/><V116/><F116/><W79/><G121/><T98/><D120/><U113/><E113/><V115/><F75/><W58/><G114/><T80/><D130/><U83/><E131/><V35/><F0/><W112/><G112/><T51/><D125/><U86/><E111/><V28/><F115/><W119/><G105/><T59/><D10/><U92/><E2/><V36/><F134/><N who="3" m="51211" /><G37/><T110/><D110/><U29/><E5/><V9/><F53/><W103/><G103/><T13/><D13/><U62/><E40/><V31/><F95/><W107/><G107/><T122/><D122/><U3/><E38/><V49/><F49/><N who="0" m="19018" /><D24/><N who="1" m="16519" /><E3/><V8/><F124/><W23/><G34/><T108/><D108/><U106/><E106/><V33/><F36/><W45/><G45/><T72/><D72/><U132/><E132/><V104/><F104/><W44/><G44/><T71/><D71/><U39/><E39/><V21/><F70/><W68/><G68/><T66/><D57/><U99/><E99/><V1/><F69/><W18/><G58/><T100/><D98/><U26/><E26/><N who="2" m="16463" /><F42/><W47/><G47/><T129/><D129/><U91/><AGARI ba="0,0" hai="56,62,65,83,86,87,89,91,92,96,97" m="16519" machi="91" ten="30,6000,0" yaku="8,1,52,2" doraHai="82" who="1" fromWho="1" sc="201,-20,230,60,339,-20,230,-20" /><INIT seed="1,1,0,2,1,34" ten="181,290,319,210" oya="1" hai0="73,66,11,96,62,10,19,126,123,41,80,21,129" hai1="43,24,2,72,46,117,57,89,75,33,26,35,70" hai2="91,104,93,101,8,51,55,85,47,15,6,84,39" hai3="112,109,107,74,114,97,1,25,0,113,40,16,86"/><U125/><E57/><V7/><F39/><W116/><G74/><T17/><D126/><U99/><E125/><V38/><F38/><W78/><G40/><T76/><D129/><U14/><E14/><V49/><F104/><W37/><G37/><T5/><D123/><U110/><E70/><V133/><F133/><W45/><G45/><T12/><D41/><U9/><E117/><V69/><F69/><W122/><G122/><T59/><D96/><U94/><E110/><V52/><F101/><W31/><G109/><T130/><D130/><U128/><E128/><V61/><F61/><W92/><G116/><T100/><D100/><U134/><E134/><V124/><F124/><W98/><G107/><T53/><D66/><U23/><E33/><V58/><F85/><W30/><G16/><AGARI ba="1,0" hai="6,7,8,15,16,47,49,51,52,55,58,84,91,93" machi="16" ten="30,7700,0" yaku="7,1,8,1,54,2" doraHai="34" who="2" fromWho="3" sc="181,0,290,0,319,80,210,-80" /><INIT seed="2,0,0,0,2,34" ten="181,290,399,130" oya="2" hai0="97,67,10,41,2,1,35,78,120,72,20,128,118" hai1="123,68,79,110,96,70,74,5,33,106,65,88,56" hai2="48,71,51,75,16,25,3,86,11,103,37,89,23" hai3="58,40,116,121,99,81,62,19,54,133,129,32,124"/><V15/><F75/><W109/><G116/><T45/><D120/><U43/><E43/><V76/><F37/><W91/><G121/><T92/><D35/><U126/><E110/><V104/><F71/><W112/><G109/><T66/><D118/><U39/><E126/><V127/><F76/><W98/><G124/><T38/><D128/><U64/><E33/><V61/><F127/><W55/><G129/><T27/><D78/><U53/><E39/><V30/><F61/><W130/><G32/><T108/><D72/><U107/><E123/><V83/><F104/><W12/><G130/><T69/><D108/><U4/><E79/><V93/><F3/><W119/><G119/><T17/><D10/><U13/><E74/><V132/><F132/><W113/><G133/><T95/><D95/><U82/><E13/><V59/><F59/><W29/><G29/><T36/><D36/><U73/><E73/><V80/><F80/><W131/><G40/><T90/><REACH who="0" step="1"/><D69/><REACH who="0" ten="171,290,399,130" step="2"/><U77/><E68/><V44/><F93/><W0/><G131/><T87/><D87/><U117/><E70/><V22/><F11/><N who="3" m="6559" /><G113/><T24/><D24/><U52/><E117/><V100/><F51/><W31/><G112/><T111/><D111/><U7/><E77/><V84/><F86/><W9/><G9/><T47/><D47/><U101/><E107/><V8/><F8/><W46/><G81/><T63/><D63/><U125/><E125/><V122/><F122/><W105/><G105/><T50/><D50/><U49/><E49/><V60/><F60/><N who="3" m="35927" /><G46/><T114/><D114/><U115/><E115/><RYUUKYOKU ba="0,1" sc="171,15,290,-15,399,15,130,-15" hai0="1,2,17,20,27,38,41,45,66,67,90,92,97" hai2="15,16,22,23,25,30,44,48,83,84,89,100,103" /><INIT seed="2,1,1,1,4,40" ten="186,275,414,115" oya="2" hai0="33,18,108,126,76,15,65,79,91,90,78,124,57" hai1="119,122,103,129,13,67,16,135,106,54,74,99,134" hai2="31,62,2,97,121,10,80,113,44,66,53,125,32" hai3="130,34,83,98,4,96,68,22,60,81,84,87,24"/><V82/><F113/><W102/><G130/><T111/><D33/><U55/><E74/><V19/><F121/><W110/><G110/><N who="0" m="42027" /><D57/><U114/><E114/><V95/><F125/><N who="0" m="48234" /><D65/><U17/><E122/><V35/><F35/><W61/><G34/><T128/><D128/><U105/><E129/><V112/><F112/><W11/><G68/><T132/><D132/><N who="1" m="50731" /><E67/><V37/><F66/><W12/><G60/><T21/><AGARI ba="1,1" hai="15,18,21,76,78,79,90,91" m="48234,42027" machi="21" ten="40,2700,0" yaku="14,1,18,1" doraHai="40" who="0" fromWho="0" sc="186,40,275,-8,414,-14,115,-8" /><INIT seed="3,0,0,5,0,120" ten="226,267,400,107" oya="3" hai0="70,72,110,116,10,127,32,13,34,121,63,95,109" hai1="15,78,114,28,90,107,104,53,24,12,14,25,26" hai2="111,82,77,43,0,8,9,99,71,39,23,97,94" hai3="66,87,118,27,79,100,88,52,38,5,48,98,61"/><W2/><G118/><T103/><D116/><U84/><E114/><V36/><F71/><W64/><G38/><T46/><D121/><U4/><E78/><V92/><F23/><W117/><G117/><T19/><D72/><U105/><E53/><V101/><F111/><N who="0" m="42506" /><D127/><U22/><E4/><V44/><F39/><W67/><G79/><T50/><D63/><U6/><E6/><V47/><F47/><N who="3" m="27679" /><G2/><T35/><D70/><U68/><E68/><V49/><F0/><W51/><G5/><T108/><N who="0" m="42514" /><T133/><DORA hai="132" /><D133/><U37/><REACH who="1" step="1"/><E37/><REACH who="1" ten="226,257,400,107" step="2"/><V115/><F36/><W20/><G51/><T1/><D1/><U128/><E128/><V76/><F115/><W54/><G54/><N who="0" m="30039" /><D32/><U83/><AGARI ba="0,1" hai="12,14,15,22,24,25,26,28,83,84,90,104,105,107" machi="83" ten="40,8000,1" yaku="1,1,0,1,53,3" doraHai="120,132" doraHaiUra="102,60" who="1" fromWho="1" sc="226,-20,257,90,400,-20,107,-40" owari="206,-19.4,347,14.7,380,48.0,67,-43.3" /></mjloggm>