<mjloggm ver="2.3"><GO type="225" lobby="0"/><UN n0="%E5%A4%8F%E9%88%B4%E9%88%B4%E5%A4%8F" n1="%E7%99%BD%E5%80%89%E5%AF%9B%E4%B9%8B" n2="%E3%83%96%E3%83%83%E3%83%91%E3%82%AA%E3%83%96%E3%83%81%E3%82%AD%E3%83%B3" n3="%E5%8D%A0%E3%81%84%E5%B8%AB%E8%A3%8F%E3%81%AA%E3%81%84%E3%81%97" dan="16,16,16,17" rate="2117.31,2119.89,2129.66,2245.87" sx="F,M,M,M"/><TAIKYOKU oya="0"/><INIT seed="0,0,0,2,3,1" ten="250,250,250,250" oya="0" hai0="80,33,10,53,72,120,51,110,14,113,129,81,70" hai1="131,87,8,69,111,98,20,55,0,92,85,9,19" hai2="100,104,41,22,125,106,61,35,7,128,66,77,24" hai3="31,62,13,37,46,34,97,127,95,71,4,50,32"/><T60/><D120/><U15/><E69/><N who="2" m="42191" /><F128/><W65/><G37/><T2/><D113/><U56/><E131/><V74/><F22/><W52/><G127/><T5/><D33/><U21/><E111/><V96/><F106/><W44/><G44/><T133/><D133/><U118/><E118/><V48/><F125/><W108/><G108/><T99/><D110/><U76/><E21/><V18/><F18/><W43/><G31/><T134/><D134/><U82/><E0/><V107/><F107/><W79/><G79/><T132/><D132/><U94/><E87/><V68/><F68/><W38/><G13/><T57/><D129/><U64/><E64/><V109/><F109/><W49/><G49/><T101/><D2/><U84/><E84/><V119/><F41/><W3/><G3/><T83/><D70/><U45/><E45/><V73/><F48/><W91/><G4/><T47/><D72/><N who="2" m="27754" /><F77/><W115/><G115/><T12/><D12/><U126/><E126/><V54/><F54/><W23/><G23/><T67/><REACH who="0" step="1"/><D83/><REACH who="0" ten="240,250,250,250" step="2"/><U29/><E29/><N who="2" m="19879" /><F119/><W89/><G32/><T6/><D6/><AGARI ba="0,1" hai="6,7,96,100,104" m="19879,27754,42191" machi="6" ten="30,3900,0" yaku="25,1,52,2" doraHai="1" who="2" fromWho="0" sc="240,-39,250,0,250,49,250,0" /><INIT seed="1,0,0,2,3,3" ten="201,250,299,250" oya="1" hai0="14,60,30,42,127,10,110,105,68,111,89,123,116" hai1="22,112,75,130,12,71,9,87,13,15,58,39,93" hai2="69,62,6,32,115,50,106,113,77,28,53,21,125" hai3="73,23,0,63,47,24,5,101,38,54,1,135,102"/><U72/><E71/><V99/><F125/><W84/><G73/><T33/><D116/><U25/><E39/><V43/><F21/><W56/><G135/><T94/><D127/><U133/><E133/><V97/><F77/><W49/><G38/><T66/><D123/><U51/><E112/><N who="2" m="43083" /><F106/><W17/><G84/><T76/><D76/><U129/><E9/><V107/><F107/><W80/><G80/><T95/><D42/><U57/><E93/><V27/><F43/><W131/><G131/><N who="1" m="50186" /><E87/><V120/><F6/><W18/><G18/><T8/><D105/><U118/><E118/><V20/><F32/><W74/><G74/><N who="1" m="28202" /><E51/><V86/><F86/><W4/><G0/><T100/><D95/><U34/><E34/><V2/><F2/><W126/><G1/><T67/><D94/><U70/><E70/><V78/><F120/><W124/><G124/><T119/><D33/><U134/><E134/><V83/><F78/><W35/><G35/><T109/><D119/><U128/><N who="1" m="50194" /><U96/><DORA hai="48" /><E96/><V36/><F36/><W19/><G126/><T52/><D68/><U55/><E55/><V108/><F69/><W122/><G122/><T44/><D8/><U81/><E81/><V104/><F83/><W132/><G132/><T92/><D92/><U114/><E114/><V103/><F99/><W90/><G90/><T46/><D100/><N who="3" m="38505" /><G17/><AGARI ba="0,0" hai="12,13,15,17,22,25,57,58" m="28202,50194" machi="17" ten="50,2400,0" yaku="19,1" doraHai="3,48" who="1" fromWho="3" sc="201,0,250,24,299,0,250,-24" /><INIT seed="1,1,0,5,5,4" ten="201,274,299,226" oya="1" hai0="54,6,80,94,88,35,100,110,26,122,115,91,125" hai1="135,104,116,123,59,21,49,28,36,62,5,24,17" hai2="43,68,128,93,19,79,133,9,126,41,97,92,105" hai3="107,51,50,58,117,74,71,32,102,101,57,119,47"/><U56/><E36/><V34/><F68/><W90/><G71/><T98/><D115/><U7/><E104/><V124/><F34/><W25/><G74/><T18/><D110/><U38/><E38/><V33/><F33/><W109/><G109/><T15/><D125/><N who="2" m="48234" /><F128/><W99/><G102/><T39/><D39/><U127/><E127/><V84/><F133/><W70/><G70/><T29/><D6/><U113/><E113/><V85/><F105/><W114/><G114/><T118/><D118/><N who="3" m="45065" /><G90/><T121/><D54/><N who="1" m="31823" /><E123/><V69/><F69/><W112/><G50/><T12/><D12/><U73/><E73/><V3/><F92/><W77/><G77/><T81/><D81/><U130/><E130/><V13/><F3/><W64/><G64/><T67/><D67/><N who="1" m="39391" /><E135/><V10/><F79/><W111/><G111/><T72/><D72/><U83/><E116/><V75/><F75/><W37/><G37/><T8/><REACH who="0" step="1"/><D80/><REACH who="0" ten="191,274,299,226" step="2"/><U27/><E83/><V40/><F10/><W46/><G112/><T44/><D44/><U48/><E48/><V82/><F82/><W66/><G66/><T20/><D20/><AGARI ba="1,1" hai="5,7,17,20,21,24,27,28" m="39391,31823" machi="20" ten="30,1500,0" yaku="8,1" doraHai="4" who="1" fromWho="0" sc="191,-18,274,28,299,0,226,0" /><INIT seed="1,2,0,5,0,83" ten="173,302,299,226" oya="1" hai0="124,34,41,95,23,68,28,72,102,4,44,112,73" hai1="45,119,67,8,3,12,49,36,113,122,26,15,31" hai2="131,87,114,66,29,70,59,13,104,117,46,108,71" hai3="18,134,100,118,91,90,94,25,106,74,89,17,2"/><U43/><E113/><V22/><F117/><W19/><G2/><T10/><D112/><U14/><E119/><V135/><F104/><W97/><G74/><T127/><D23/><U20/><E122/><V53/><F114/><W92/><G118/><T126/><D95/><U63/><E3/><V75/><F75/><W99/><G134/><T57/><D57/><U21/><E36/><V40/><F108/><W1/><G1/><T77/><D102/><U115/><E115/><V11/><F135/><W56/><G25/><T109/><D109/><U35/><REACH who="1" step="1"/><E8/><REACH who="1" ten="173,292,299,226" step="2"/><V62/><F11/><W120/><G120/><T101/><D10/><U133/><E133/><V105/><F131/><W58/><G106/><T107/><D107/><U69/><AGARI ba="2,1" hai="12,14,15,20,21,26,31,35,43,45,49,63,67,69" machi="69" ten="30,6000,0" yaku="1,1,0,1,53,1" doraHai="83" doraHaiUra="24" who="1" fromWho="1" sc="173,-22,292,76,299,-22,226,-22" /><INIT seed="1,3,0,2,3,38" ten="151,368,277,204" oya="1" hai0="20,22,100,126,26,118,40,23,112,76,92,34,65" hai1="45,114,77,44,85,50,88,69,48,108,124,104,56" hai2="11,2,15,35,82,72,134,83,30,37,49,130,32" hai3="3,109,90,80,123,133,57,31,1,43,67,39,93"/><U36/><E104/><V119/><F119/><W103/><G123/><T21/><D112/><U28/><E69/><V9/><F37/><W6/><G109/><T74/><D118/><U91/><E114/><V94/><F134/><W128/><G133/><T54/><D126/><U33/><E36/><V47/><F130/><W116/><G128/><T70/><D54/><U105/><E105/><V107/><F107/><W86/><G116/><T98/><D76/><U115/><E56/><V84/><F94/><W120/><G31/><T51/><D74/><U61/><E61/><V81/><F72/><W87/><G120/><T59/><D70/><U17/><E28/><V55/><F2/><W71/><G71/><T7/><D7/><U78/><E33/><V132/><F11/><W73/><G73/><T110/><D110/><U10/><E10/><V41/><F132/><W5/><G103/><T121/><D121/><U13/><E85/><V27/><F35/><W127/><G127/><T117/><D117/><U58/><E115/><V102/><F102/><W95/><G57/><T14/><D14/><U111/><E13/><V29/><F29/><W106/><G67/><T101/><D101/><U113/><E58/><V52/><REACH who="2" step="1"/><F84/><REACH who="2" ten="151,368,267,204" step="2"/><W18/><G106/><T4/><D34/><U66/><E113/><V60/><F60/><W64/><G95/><T19/><D4/><AGARI ba="3,1" hai="4,9,15,27,30,32,41,47,49,52,55,81,82,83" machi="4" ten="40,5200,0" yaku="1,1,52,1,54,1,53,0" doraHai="38" doraHaiUra="99" who="2" fromWho="0" sc="151,-61,368,0,267,71,204,0" /><INIT seed="2,0,0,3,5,15" ten="90,368,338,204" oya="2" hai0="100,95,28,45,49,14,70,26,58,103,74,123,3" hai1="18,66,133,98,10,121,34,96,110,37,1,99,53" hai2="118,57,132,5,94,119,122,30,84,87,116,44,6" hai3="114,9,129,91,43,23,76,115,55,4,50,16,134"/><V97/><F122/><W59/><G134/><T78/><D123/><U90/><E37/><V17/><F132/><W126/><G129/><T83/><D3/><U111/><E34/><V89/><F30/><W73/><G126/><T61/><D70/><U85/><E133/><V71/><F71/><W41/><G91/><T128/><D95/><U82/><E121/><V127/><F127/><W29/><G29/><T92/><D92/><U69/><E66/><V72/><F72/><W0/><G76/><T13/><D128/><U2/><E69/><V12/><F57/><W48/><G73/><T113/><D113/><N who="3" m="43017" /><G48/><T7/><D7/><U80/><E80/><V8/><REACH who="2" step="1"/><F44/><REACH who="2" ten="90,368,328,204" step="2"/><W108/><G108/><T20/><D103/><U54/><E111/><V125/><F125/><W62/><G62/><T24/><D100/><U33/><E110/><V101/><F101/><W77/><G77/><T31/><D61/><U60/><E60/><V42/><F42/><W51/><G51/><T11/><D58/><U39/><E39/><V68/><F68/><W112/><G112/><T109/><D109/><U104/><E33/><V86/><AGARI ba="0,1" hai="5,6,8,12,17,84,86,87,89,94,97,116,118,119" machi="86" ten="40,7800,0" yaku="1,1,0,1,52,1,53,0" doraHai="15" doraHaiUra="27" who="2" fromWho="2" sc="90,-26,368,-26,328,88,204,-26" /><INIT seed="2,1,0,4,1,61" ten="64,342,416,178" oya="2" hai0="135,37,56,133,80,3,11,14,120,126,40,32,33" hai1="77,83,122,58,88,128,18,35,43,16,103,117,105" hai2="112,20,74,27,50,123,1,94,54,110,64,73,19" hai3="38,66,87,97,75,111,10,85,34,89,44,49,121"/><V29/><F112/><W69/><G121/><T102/><D40/><U107/><E35/><N who="0" m="13385" /><D37/><U63/><E122/><V24/><F123/><W79/><G38/><T53/><D102/><U67/><E117/><V116/><F1/><W5/><G34/><T0/><D80/><U131/><E43/><V22/><F116/><W26/><G75/><T118/><D53/><U31/><E31/><V127/><F127/><W42/><G79/><T21/><D56/><U51/><E51/><V91/><F110/><W68/><G111/><T92/><D92/><U23/><E18/><V99/><REACH who="2" step="1"/><F64/><REACH who="2" ten="64,342,406,178" step="2"/><W52/><G66/><T109/><D109/><U36/><E67/><V57/><AGARI ba="1,1" hai="19,20,22,24,27,29,50,54,57,73,74,91,94,99" machi="57" ten="20,7800,0" yaku="1,1,2,1,0,1,7,1,53,0" doraHai="61" doraHaiUra="81" who="2" fromWho="2" sc="64,-27,342,-27,406,91,178,-27" /><INIT seed="2,2,0,1,3,31" ten="37,315,497,151" oya="2" hai0="88,95,121,66,25,113,117,81,2,15,82,23,21" hai1="41,19,97,112,11,62,8,39,120,22,71,64,57" hai2="42,78,85,20,132,69,98,32,34,70,5,43,73" hai3="106,52,134,90,16,116,87,59,84,127,118,55,83"/><V17/><F73/><W29/><G106/><T101/><D113/><U38/><E112/><V63/><F5/><W115/><G115/><T92/><D121/><U48/><E120/><V94/><F78/><W125/><G29/><T99/><D2/><U86/><E97/><V123/><F85/><W68/><G68/><T89/><D117/><U18/><E18/><V4/><F4/><W76/><G134/><T28/><D66/><U75/><E75/><V102/><F123/><W100/><G100/><T67/><D67/><U65/><E65/><V79/><F79/><W51/><G55/><T93/><D15/><U110/><E110/><V47/><F132/><W35/><G35/><T111/><D21/><U131/><E131/><V105/><F105/><W104/><G104/><T9/><D9/><U13/><E39/><V128/><F43/><W53/><G53/><T1/><D1/><U114/><E114/><V77/><F77/><W124/><G16/><T49/><D49/><U107/><E107/><V129/><F63/><W50/><G51/><T14/><D14/><U30/><E30/><V91/><F70/><W103/><G103/><T74/><D74/><U54/><REACH who="1" step="1"/><E86/><REACH who="1" ten="37,305,497,151" step="2"/><N who="2" m="52599" /><F129/><W26/><G26/><T27/><D27/><U36/><E36/><V37/><F37/><W130/><G130/><T6/><D111/><U135/><E135/><V109/><F128/><W46/><G118/><T44/><D6/><U60/><E60/><V45/><F109/><W122/><G116/><T58/><D99/><U108/><E108/><V3/><F98/><W61/><G122/><T24/><D25/><RYUUKYOKU ba="2,1" sc="37,-10,305,30,497,-10,151,-10" hai1="8,11,13,19,22,38,41,48,54,57,62,64,71" /><INIT seed="3,3,1,3,1,118" ten="27,335,487,141" oya="3" hai0="71,24,19,82,121,50,55,3,133,69,127,119,117" hai1="33,74,112,36,102,31,46,125,101,95,23,132,89" hai2="111,93,57,0,70,115,35,77,59,25,130,11,97" hai3="42,94,38,43,67,86,85,120,2,113,96,116,9"/><W5/><G113/><T128/><D3/><U131/><E33/><V114/><F70/><N who="0" m="26634" /><D82/><U87/><E46/><V80/><F111/><W100/><G116/><N who="0" m="44619" /><D19/><U104/><E36/><V134/><F130/><W98/><G38/><T21/><D21/><U28/><E23/><V79/><F134/><W99/><G67/><T12/><D12/><U63/><E63/><V105/><F105/><W22/><G22/><T39/><D24/><U29/><E112/><V37/><F37/><W51/><G98/><T6/><D6/><U4/><E4/><V103/><F77/><W18/><G18/><T26/><D26/><U17/><E17/><V41/><F41/><W1/><G2/><T124/><D39/><U47/><E74/><V8/><F0/><W60/><G96/><T76/><D76/><U81/><E104/><V62/><F35/><W61/><G1/><T109/><D109/><U27/><E27/><V58/><F25/><W44/><G5/><T7/><D7/><U45/><E81/><V32/><F80/><W83/><G83/><T88/><D88/><U126/><E89/><V66/><F32/><W54/><G99/><T84/><D84/><U40/><E87/><V15/><F97/><W64/><G86/><T53/><D133/><U108/><E132/><V52/><F79/><W56/><G85/><T123/><D128/><U16/><E131/><V110/><F11/><W78/><G9/><T72/><D72/><U13/><E31/><V75/><F8/><W30/><G78/><T107/><D107/><U10/><E29/><V48/><F75/><W73/><G73/><RYUUKYOKU ba="3,1" sc="27,0,335,0,487,0,141,0" owari="27,-47.3,335,13.5,497,59.7,141,-25.9" /></mjloggm>