<mjloggm ver="2.3"><GO type="225" lobby="0"/><UN n0="%43%68%65" n1="%E6%9D%B1%E9%A2%A8%E3%81%AE%E3%81%8D%E3%82%83%E3%81%B7%E3%81%95%E3%82%93" n2="%E6%B4%BE%E9%81%A3%E3%81%AE%E3%82%B8%E3%83%A3%E3%83%83%E3%82%AF" n3="%E3%81%90%E3%81%A1%E3%82%84%E3%81%BE" dan="16,16,17,16" rate="2107.26,2123.59,2196.25,2123.26" sx="M,M,M,M"/><TAIKYOKU oya="0"/><INIT seed="0,0,0,0,5,34" ten="250,250,250,250" oya="0" hai0="33,116,25,106,11,122,105,123,29,127,56,72,135" hai1="82,35,121,118,57,92,18,87,19,1,85,111,120" hai2="52,63,49,58,14,54,117,104,10,119,22,16,38" hai3="45,90,13,47,48,17,36,128,125,50,71,133,77"/><T94/><D116/><N who="2" m="44618" /><F104/><W40/><G71/><T62/><D72/><U65/><E35/><V76/><F76/><W73/><G125/><T6/><D127/><U99/><E118/><V107/><F107/><W97/><G128/><T112/><D112/><U84/><E111/><V61/><F38/><W30/><G133/><T55/><D135/><U68/><E68/><V102/><F102/><W12/><G30/><T80/><D80/><U132/><E132/><V95/><F95/><W100/><G90/><T26/><D26/><U39/><E39/><V27/><F54/><W86/><G73/><T7/><D7/><AGARI ba="0,0" hai="7,10,14,16,22,27,49,52,58,61,63" m="44618" machi="7" ten="30,3900,0" yaku="12,1,54,2" doraHai="34" who="2" fromWho="0" sc="250,-39,250,0,250,39,250,0" /><INIT seed="1,0,0,0,1,86" ten="211,250,289,250" oya="1" hai0="73,3,101,90,81,112,15,1,121,69,87,26,93" hai1="128,85,96,97,36,120,5,74,0,19,95,105,27" hai2="77,2,66,103,58,37,110,133,117,94,54,6,130" hai3="4,83,75,28,63,17,92,8,100,106,107,123,118"/><U72/><E36/><V23/><F117/><W113/><G28/><T49/><D112/><U122/><E5/><V45/><F77/><N who="3" m="44479" /><G17/><T42/><D69/><U50/><E50/><V135/><F66/><W115/><G8/><T51/><D121/><N who="1" m="46699" /><E19/><V116/><F116/><W35/><G4/><T102/><D26/><U44/><E44/><V30/><F23/><W124/><G63/><T84/><D73/><N who="1" m="28267" /><E27/><V59/><F30/><W52/><G52/><T125/><D125/><U21/><E21/><V22/><F22/><W29/><G29/><T111/><D111/><U11/><E11/><V13/><F110/><W129/><G35/><T91/><D15/><U16/><E16/><V25/><F25/><W57/><G57/><T18/><D18/><U33/><E33/><V127/><F127/><W78/><G124/><T89/><D3/><U41/><E41/><N who="2" m="22703" /><F58/><W7/><G7/><T99/><D1/><U65/><E65/><V119/><F119/><W126/><G126/><T31/><D31/><U80/><E0/><V48/><F2/><W64/><G64/><T14/><D14/><U39/><E39/><V38/><F38/><W55/><G118/><T10/><D10/><U43/><E43/><V9/><F9/><W79/><G123/><T71/><D71/><U60/><E60/><V56/><F13/><W82/><G115/><T88/><D51/><U70/><E70/><V109/><F6/><W61/><G61/><T76/><REACH who="0" step="1"/><D99/><REACH who="0" ten="201,250,289,250" step="2"/><U114/><E114/><V40/><F48/><W104/><G113/><T68/><D68/><U134/><E97/><N who="2" m="59831" /><F109/><W47/><G47/><AGARI ba="0,1" hai="42,47,49,76,81,84,87,88,89,90,91,93,101,102" machi="47" ten="40,16000,3" yaku="1,1,6,1,8,1,52,4,54,1,53,0" doraHai="86" doraHaiUra="132" who="0" fromWho="3" sc="201,170,250,0,289,0,250,-160" /><INIT seed="2,0,0,3,1,63" ten="371,250,289,90" oya="2" hai0="109,67,17,61,82,88,60,6,30,20,4,11,3" hai1="18,54,15,84,39,48,29,112,80,16,110,125,66" hai2="69,62,100,0,64,65,115,5,118,59,13,36,73" hai3="120,81,87,14,27,98,37,56,86,10,24,116,127"/><V35/><F118/><W26/><G116/><T2/><D109/><U122/><E39/><V133/><F73/><W91/><G120/><T97/><D30/><U58/><E112/><V31/><F115/><W123/><G123/><T28/><D28/><U104/><E104/><V45/><F0/><W74/><G127/><T1/><D6/><U47/><E122/><V44/><F133/><W78/><G37/><T12/><D61/><N who="1" m="38199" /><E125/><V42/><F69/><W113/><G113/><T57/><D82/><U38/><E38/><V43/><F100/><W8/><G98/><T101/><D88/><N who="1" m="51207" /><E110/><V92/><F92/><AGARI ba="0,0" hai="1,2,3,4,11,12,17,20,57,60,67,92,97,101" machi="92" ten="30,2000,0" yaku="7,1,52,1" doraHai="63" who="0" fromWho="2" sc="371,20,250,0,289,-20,90,0" /><INIT seed="3,0,0,2,2,64" ten="391,250,269,90" oya="3" hai0="108,15,97,109,48,129,67,18,90,135,42,57,76" hai1="86,80,103,54,56,8,38,19,84,127,34,0,29" hai2="44,120,3,82,49,23,74,24,66,114,91,112,4" hai3="1,14,125,41,98,71,43,88,21,113,7,61,60"/><W83/><G113/><T46/><D129/><U89/><E38/><V33/><F33/><W16/><G125/><T50/><D135/><U110/><E110/><N who="0" m="42601" /><D76/><U133/><E133/><V85/><F66/><W2/><G2/><T79/><D79/><U132/><E132/><V47/><F74/><W65/><G61/><N who="0" m="38319" /><D90/><U134/><E134/><V104/><F44/><W40/><G98/><T75/><D97/><U62/><E103/><V12/><F104/><W31/><G31/><T68/><D68/><U32/><E127/><V69/><F69/><W94/><G83/><T39/><D75/><U123/><E123/><V35/><F35/><W70/><G70/><T96/><D96/><U22/><E29/><V63/><F63/><W6/><REACH who="3" step="1"/><G1/><REACH who="3" ten="391,250,269,80" step="2"/><T9/><AGARI ba="0,1" hai="9,15,18,39,42,46,48,50" m="38319,42601" machi="9" ten="30,1100,0" yaku="14,1" doraHai="64" who="0" fromWho="0" sc="391,21,250,-3,269,-3,80,-5" owari="412,51.2,247,-15.3,266,6.6,75,-42.5" /></mjloggm>