<mjloggm ver="2.3"><GO type="225" lobby="0"/><UN n0="%E6%97%A5%E6%9B%9C%E6%97%A5%E3%82%88%E3%82%8A%E3%81%AE%E4%BD%BF%E8%80%85" n1="%E9%B7%B9%E5%80%89%E6%9D%8F%E9%88%B4" n2="%E6%81%A5%E6%99%92%E3%81%97" n3="%E3%81%AF%E3%82%88%E3%81%8A%E3%81%98%E3%81%95%E3%82%93" dan="17,16,16,17" rate="2188.87,2137.32,2145.13,2156.32" sx="M,F,M,M"/><TAIKYOKU oya="0"/><INIT seed="0,0,0,5,4,65" ten="250,250,250,250" oya="0" hai0="19,2,97,28,77,10,6,94,91,26,115,44,8" hai1="90,92,43,102,106,69,71,47,15,14,29,12,30" hai2="42,40,4,79,68,134,64,124,27,56,41,103,67" hai3="135,50,105,16,24,118,59,3,39,55,83,123,109"/><T85/><D115/><U82/><E106/><V57/><F4/><W46/><G118/><T31/><D44/><U100/><E82/><V61/><F124/><W107/><G3/><T132/><D132/><U20/><E102/><V7/><F134/><W108/><G135/><T22/><D10/><U1/><E100/><V104/><F79/><W116/><G116/><T17/><D31/><U66/><E1/><V93/><F104/><W112/><G112/><T37/><D37/><U70/><E66/><V78/><F67/><W0/><G0/><T133/><D133/><U120/><E20/><V119/><F119/><W81/><G123/><T38/><D38/><U95/><E120/><V127/><F127/><W99/><G99/><T76/><D76/><U121/><E121/><V89/><F103/><W35/><G105/><T45/><D45/><U49/><REACH who="1" step="1"/><E95/><REACH who="1" ten="250,240,250,250" step="2"/><V113/><F113/><W58/><G107/><T128/><D128/><U13/><N who="1" m="3072" /><DORA hai="36" /><U86/><AGARI ba="0,1" hai="29,30,43,47,49,69,70,71,86,90,92" m="3072" machi="86" ten="50,12000,2" yaku="1,1,4,1,0,1,52,4,53,0" doraHai="65,36" doraHaiUra="63,122" who="1" fromWho="1" sc="250,-60,240,130,250,-30,250,-30" /><INIT seed="1,0,0,0,4,89" ten="190,370,220,220" oya="1" hai0="125,76,16,26,129,14,57,11,31,73,7,109,52" hai1="110,134,93,49,27,128,50,28,135,21,81,117,119" hai2="40,55,90,95,70,48,120,102,17,45,132,133,47" hai3="112,78,29,65,38,88,6,74,58,96,25,77,8"/><U12/><E128/><V113/><F120/><W92/><G38/><T23/><D109/><U72/><E110/><V67/><F102/><W18/><G74/><T85/><D129/><U24/><E81/><V130/><F130/><W83/><G112/><T86/><D125/><U13/><E21/><V97/><F113/><W53/><G65/><T91/><D73/><U54/><E72/><V39/><REACH who="2" step="1"/><F17/><REACH who="2" ten="190,370,210,220" step="2"/><W84/><G18/><T30/><D76/><U79/><E79/><V35/><F35/><W36/><G77/><T107/><D107/><U94/><E28/><N who="0" m="10793" /><D91/><U62/><E119/><V59/><F59/><W3/><G29/><T114/><D114/><U32/><E32/><V103/><F103/><W44/><G78/><T46/><D46/><U68/><E117/><V108/><F108/><W122/><G122/><T34/><D34/><U15/><E68/><V0/><F0/><W41/><G3/><T10/><D10/><U98/><E135/><V123/><F123/><W5/><G8/><T115/><D115/><U2/><E2/><V63/><AGARI ba="0,1" hai="39,40,45,47,48,55,63,67,70,90,95,97,132,133" machi="63" ten="30,8000,1" yaku="1,1,0,1,52,1,53,2" doraHai="89" doraHaiUra="43" who="2" fromWho="2" sc="190,-20,370,-40,210,90,220,-20" /><INIT seed="2,0,0,1,1,22" ten="170,330,300,200" oya="2" hai0="25,81,29,127,30,46,24,113,107,111,68,43,80" hai1="106,47,15,65,88,92,62,129,60,121,110,93,58" hai2="45,114,44,77,74,86,16,40,130,13,123,132,53" hai3="54,39,10,115,83,124,118,95,9,33,109,69,133"/><V125/><F123/><W126/><G118/><T12/><D113/><U34/><E106/><V104/><F114/><W1/><G115/><T19/><D68/><U99/><E34/><V59/><F104/><W48/><G39/><T98/><D111/><U103/><E110/><V37/><F125/><N who="3" m="48235" /><G109/><T73/><D127/><U96/><E129/><V76/><F74/><W55/><G33/><T23/><D73/><U57/><E121/><V21/><F130/><W52/><G69/><T50/><D98/><U108/><E108/><V18/><F132/><W64/><G64/><T100/><D100/><U122/><E122/><V14/><F45/><W105/><G105/><T66/><D66/><U32/><E32/><V8/><REACH who="2" step="1"/><F86/><REACH who="2" ten="170,330,290,200" step="2"/><W36/><G133/><T79/><D107/><U135/><E135/><V87/><F87/><W3/><G36/><T42/><D42/><U63/><E47/><V11/><F11/><N who="3" m="4107" /><G48/><AGARI ba="0,1" hai="8,13,14,16,18,21,37,40,44,48,53,59,76,77" machi="48" ten="30,11600,0" yaku="1,1,7,1,54,1,53,1" doraHai="22" doraHaiUra="7" who="2" fromWho="3" sc="170,0,330,0,290,126,200,-116" /><INIT seed="2,1,0,4,4,33" ten="170,330,416,84" oya="2" hai0="59,18,98,79,106,5,87,97,13,125,15,19,112" hai1="66,70,117,25,124,20,46,45,99,114,68,81,54" hai2="8,92,91,23,113,61,74,2,86,108,63,67,64" hai3="28,40,132,37,0,118,129,10,115,96,21,109,16"/><V49/><F113/><W110/><G118/><T126/><D112/><U14/><E114/><V122/><F122/><W88/><G115/><T3/><D3/><U36/><E117/><V119/><F74/><W41/><G129/><T38/><D38/><U24/><E124/><N who="0" m="47721" /><D5/><U1/><E36/><V17/><F49/><W100/><G132/><T7/><D7/><U56/><E14/><N who="0" m="5129" /><D59/><U6/><E56/><V65/><F119/><W9/><G28/><T32/><D32/><U50/><E46/><V85/><F8/><W90/><G37/><T22/><D106/><U62/><E70/><V69/><F2/><W4/><G9/><T78/><D87/><U43/><E20/><V27/><F69/><W95/><G40/><T89/><D89/><U120/><E120/><V12/><F86/><W80/><G41/><T48/><D48/><U39/><E81/><V76/><F76/><N who="0" m="29226" /><D22/><U29/><E29/><V47/><F67/><W35/><G35/><T42/><D42/><U123/><E123/><V73/><F65/><W26/><REACH who="3" step="1"/><G80/><REACH who="3" ten="170,330,416,74" step="2"/><T82/><D82/><U34/><E34/><V130/><F23/><W101/><G101/><T116/><D116/><U105/><E43/><V93/><F130/><W30/><G30/><T107/><D107/><U84/><E39/><V58/><F17/><AGARI ba="1,1" hai="17,18,19,97,98" m="29226,5129,47721" machi="17" ten="30,3900,0" yaku="28,2,18,1" doraHai="33" who="0" fromWho="2" sc="170,52,330,0,416,-42,74,0" /><INIT seed="3,0,0,0,5,105" ten="222,330,374,74" oya="3" hai0="90,102,133,99,11,98,134,1,118,125,100,75,0" hai1="103,66,4,68,77,122,72,48,128,83,34,40,38" hai2="57,88,131,8,87,46,23,62,30,132,21,52,59" hai3="110,5,17,107,78,130,124,121,7,24,43,61,71"/><W20/><G121/><T135/><D118/><U55/><E122/><V70/><F131/><W42/><G107/><T29/><D125/><U96/><E128/><V126/><F132/><W36/><G130/><T14/><D29/><U49/><E34/><V25/><F70/><W6/><G124/><T123/><D123/><U117/><E117/><V41/><F126/><W116/><G116/><T111/><D111/><U74/><E4/><V95/><F8/><W10/><G110/><T18/><D90/><U106/><E49/><N who="2" m="26831" /><F23/><W115/><G115/><T113/><D113/><U82/><E40/><V108/><F108/><W109/><G109/><T51/><D51/><U58/><E38/><V35/><F35/><W97/><G97/><T67/><D67/><U27/><E27/><V12/><F59/><W81/><G10/><T89/><D89/><U54/><E68/><V84/><F12/><W9/><G9/><T56/><D56/><U33/><E33/><V60/><F87/><W73/><REACH who="3" step="1"/><G36/><REACH who="3" ten="222,330,374,64" step="2"/><T101/><D99/><U104/><E104/><V15/><F15/><W44/><G44/><T65/><D98/><U129/><E129/><V19/><F19/><W2/><G2/><T85/><D0/><U45/><E45/><V79/><F30/><W80/><G80/><T94/><D1/><U119/><E83/><V47/><F47/><W63/><G63/><T32/><D135/><U69/><E119/><V127/><F127/><W22/><G22/><T92/><D134/><U50/><E106/><V120/><F120/><W53/><G53/><T28/><D133/><U93/><E55/><RYUUKYOKU ba="0,1" sc="222,-10,330,-10,374,-10,64,30" hai3="5,6,7,17,20,24,42,43,61,71,73,78,81" /><INIT seed="3,1,1,0,1,88" ten="212,320,364,94" oya="3" hai0="91,101,59,78,22,64,135,105,33,51,24,7,77" hai1="15,36,131,117,37,3,43,113,99,54,4,102,44" hai2="0,74,58,28,70,40,53,57,49,29,125,39,23" hai3="133,126,80,87,124,18,95,14,114,2,19,69,45"/><W73/><G114/><T1/><D33/><U134/><E113/><V10/><F58/><W52/><G2/><T120/><D120/><U66/><E66/><V72/><F125/><N who="3" m="48235" /><G69/><T90/><D135/><U30/><E30/><V75/><F23/><W17/><G73/><T13/><D1/><U31/><E31/><V81/><F81/><W109/><G133/><T89/><D101/><U122/><E134/><V41/><F70/><W132/><G132/><T68/><D105/><U20/><E122/><V63/><F39/><W65/><G65/><T79/><D68/><U8/><E117/><V9/><F0/><W25/><G25/><T62/><D51/><U56/><E131/><V76/><F75/><W16/><G109/><T115/><D115/><U38/><E20/><V110/><F74/><W98/><G19/><T104/><D104/><U100/><E100/><V129/><F72/><W26/><G26/><T97/><D97/><U55/><E3/><V60/><F129/><W67/><G67/><T71/><D71/><U35/><E35/><V106/><F110/><W11/><G52/><T118/><D118/><U94/><REACH who="1" step="1"/><E55/><REACH who="1" ten="212,310,364,94" step="2"/><V48/><F53/><W5/><G45/><T92/><D24/><U116/><E116/><V127/><F127/><W130/><G130/><T47/><D47/><U93/><E93/><V42/><F29/><W32/><G32/><T96/><REACH who="0" step="1"/><D22/><REACH who="0" ten="202,310,364,94" step="2"/><U6/><E6/><V103/><F106/><W128/><G128/><T111/><D111/><U107/><E107/><V83/><F103/><N who="3" m="60895" /><G5/><T85/><D85/><U34/><E34/><V119/><F119/><RYUUKYOKU ba="1,3" sc="202,10,310,10,364,-30,94,10" hai0="7,13,59,62,64,77,78,79,89,90,91,92,96" hai1="4,8,15,36,37,38,43,44,54,56,94,99,102" hai3="11,14,16,17,18,80,87" /><INIT seed="3,2,3,2,4,86" ten="212,320,334,104" oya="3" hai0="3,129,132,57,54,5,48,115,11,121,118,108,111" hai1="77,105,99,84,24,20,53,135,28,70,73,8,134" hai2="102,43,26,85,58,15,103,65,74,88,44,40,64" hai3="78,110,123,124,98,82,122,38,30,4,47,112,61"/><W29/><G112/><T93/><D118/><U69/><E73/><V71/><F71/><W7/><G124/><T94/><D121/><U17/><E53/><V91/><F74/><W41/><G110/><N who="0" m="42027" /><D115/><U97/><E84/><V128/><F128/><W6/><G98/><N who="1" m="37386" /><E77/><V67/><F26/><W116/><G116/><T19/><D129/><U133/><E105/><V131/><F131/><W130/><G130/><T125/><D125/><U35/><E8/><V100/><F44/><W72/><REACH who="3" step="1"/><G61/><REACH who="3" ten="212,320,334,94" step="2"/><T23/><D132/><U95/><E95/><V120/><F120/><AGARI ba="2,4" hai="4,6,7,29,30,38,41,47,72,78,82,120,122,123" machi="120" ten="40,3900,0" yaku="1,1,2,1,53,0" doraHai="86" doraHaiUra="18" who="3" fromWho="2" sc="212,0,320,0,334,-45,94,85" /><INIT seed="3,3,0,0,3,17" ten="212,320,289,179" oya="3" hai0="5,52,46,84,113,130,70,24,15,11,83,13,62" hai1="124,71,63,94,118,86,20,38,103,120,53,73,77" hai2="18,128,56,66,23,104,75,112,90,80,107,121,50" hai3="25,110,100,85,19,32,0,67,36,60,78,114,65"/><W4/><G114/><T31/><D130/><U61/><E120/><V64/><F121/><W69/><G36/><T123/><D123/><U101/><E38/><V97/><F112/><W68/><G110/><T14/><D113/><U48/><E73/><V134/><F128/><W47/><G100/><N who="1" m="38474" /><E71/><V81/><F134/><W125/><G125/><T92/><D92/><U42/><E42/><V29/><F29/><W72/><G47/><T127/><D127/><U105/><E105/><V16/><F75/><W22/><G72/><T35/><D70/><U40/><E40/><V12/><F104/><W27/><G4/><T115/><D115/><U33/><E33/><V44/><F18/><W99/><G0/><T108/><D108/><U116/><E20/><V74/><F74/><W34/><G99/><T6/><D6/><U58/><E124/><V30/><F30/><W117/><G117/><N who="1" m="45162" /><E94/><N who="2" m="56535" /><F107/><W54/><G27/><T106/><D106/><U21/><E21/><V76/><F76/><W10/><G10/><T28/><D28/><U131/><E131/><V102/><F102/><W91/><G78/><T59/><D46/><U39/><E39/><V9/><F9/><W2/><G2/><T1/><REACH who="0" step="1"/><D1/><REACH who="0" ten="202,320,289,179" step="2"/><U55/><E53/><N who="2" m="31799" /><F44/><W82/><G54/><T26/><D26/><U119/><E119/><V135/><F135/><W93/><G93/><T87/><D87/><U43/><E43/><V7/><F7/><W3/><G3/><T132/><D132/><U129/><E129/><V88/><F80/><AGARI ba="3,1" hai="48,55,58,61,63,77,80,86" m="45162,38474" machi="80" ten="30,1000,0" yaku="12,1" doraHai="17" who="1" fromWho="2" sc="202,0,320,29,289,-19,179,0" owari="202,-19.8,349,44.9,270,7.0,179,-32.1" /></mjloggm>