<mjloggm ver="2.3"><GO type="225" lobby="0"/><UN n0="%E3%83%96%E3%83%83%E3%83%91%E3%82%AA%E3%83%96%E3%83%81%E3%82%AD%E3%83%B3" n1="%E3%81%BF%E3%81%BF%E3%81%9A" n2="%E8%B5%A4%E3%81%84%E8%9B%99%31%31" n3="%E3%81%99%E3%81%84%E3%81%BE%E3%81%9B%E3%83%BC%E3%82%93" dan="16,17,16,18" rate="2163.93,2161.27,2118.88,2253.93" sx="M,M,M,M"/><TAIKYOKU oya="0"/><INIT seed="0,0,0,1,2,85" ten="250,250,250,250" oya="0" hai0="109,110,108,3,32,6,20,131,8,37,48,134,96" hai1="74,93,77,54,55,121,42,68,64,67,43,21,17" hai2="35,29,5,49,127,128,106,100,71,61,1,10,86" hai3="4,80,135,112,130,124,129,46,52,11,120,45,88"/><T62/><D37/><U13/><E121/><V114/><F49/><W12/><G112/><T25/><D131/><N who="3" m="50185" /><G120/><T63/><D134/><U28/><E74/><V132/><F128/><W44/><G135/><T126/><D126/><U22/><E77/><V99/><F132/><W98/><G124/><T105/><D32/><U107/><E107/><V31/><F127/><W123/><G123/><T76/><D76/><U33/><E33/><V94/><F114/><W57/><G80/><T75/><D75/><U51/><E68/><V26/><F31/><W7/><G4/><T79/><D79/><U65/><E93/><V102/><F102/><W133/><G133/><T50/><D50/><U58/><REACH who="1" step="1"/><E55/><REACH who="1" ten="250,240,250,250" step="2"/><V34/><F34/><W24/><G24/><AGARI ba="0,1" hai="13,17,21,22,24,28,42,43,51,54,58,64,65,67" machi="24" ten="40,5200,0" yaku="1,1,2,1,8,1,53,0" doraHai="85" doraHaiUra="117" who="1" fromWho="3" sc="250,0,240,62,250,0,250,-52" /><INIT seed="1,0,0,4,2,87" ten="250,302,250,198" oya="1" hai0="131,120,84,81,25,58,115,43,27,19,117,89,10" hai1="61,15,63,37,41,92,122,67,44,54,56,135,123" hai2="2,72,88,98,82,11,42,22,18,1,68,103,50" hai3="6,34,99,113,91,119,110,71,93,51,8,46,17"/><U47/><E135/><V85/><F68/><W26/><G113/><T132/><D115/><U64/><E15/><V116/><F116/><W78/><G110/><T129/><D117/><U31/><E31/><V76/><F42/><W20/><G71/><T118/><D118/><U126/><E126/><V21/><F50/><W86/><G119/><T53/><D43/><U36/><E92/><V55/><F55/><W62/><G34/><T7/><D132/><U45/><E41/><V60/><F60/><W127/><G127/><T38/><D38/><U75/><E75/><V96/><F96/><W105/><G62/><T79/><D120/><U134/><E134/><V100/><F100/><W133/><G133/><T109/><D109/><U80/><E80/><V128/><F128/><N who="0" m="49226" /><D19/><U59/><E54/><V74/><F74/><W73/><G73/><T14/><D79/><U104/><E104/><N who="2" m="63607" /><F11/><W9/><G6/><T33/><D33/><U32/><E32/><V108/><F108/><W65/><G65/><T5/><D5/><U35/><E35/><V28/><F28/><W83/><G105/><T0/><D0/><N who="2" m="106" /><F18/><W97/><G99/><T130/><N who="0" m="49234" /><T94/><DORA hai="48" /><D94/><AGARI ba="0,0" hai="21,22,72,76,82,85,88,94" m="106,63607" machi="94" ten="30,3900,0" yaku="24,1,52,1,54,1" doraHai="87,48" who="2" fromWho="0" sc="250,-39,302,0,250,39,198,0" /><INIT seed="2,0,0,3,0,100" ten="211,302,289,198" oya="2" hai0="9,43,28,52,77,123,71,113,0,10,6,126,120" hai1="102,117,122,23,27,62,25,8,121,99,107,91,101" hai2="92,24,94,13,68,31,50,32,34,56,134,61,44" hai3="111,19,82,51,21,14,58,54,133,45,86,22,124"/><V80/><F134/><W67/><G133/><T104/><D113/><U18/><E117/><V59/><F34/><W46/><G111/><T2/><D71/><U57/><E8/><V114/><F114/><W39/><G124/><T98/><D126/><U17/><E91/><V109/><F68/><W83/><G39/><T112/><D112/><U74/><E74/><V53/><F109/><W93/><G67/><T79/><D43/><U70/><E70/><V84/><F13/><W119/><G119/><T108/><D28/><U125/><E125/><V33/><F33/><W29/><G93/><T127/><D127/><U15/><E102/><V35/><F35/><W85/><G85/><T106/><D108/><U110/><E110/><V96/><F96/><W49/><G83/><T11/><D11/><U103/><E103/><V64/><REACH who="2" step="1"/><F44/><REACH who="2" ten="211,302,279,198" step="2"/><W37/><G37/><T78/><D98/><U95/><E15/><V63/><F63/><W30/><G22/><T42/><D0/><U66/><E107/><V135/><F135/><W7/><G7/><T69/><D2/><U12/><E12/><V4/><F4/><W1/><G1/><T116/><D6/><U75/><E75/><V26/><F26/><W20/><G21/><AGARI ba="0,1" hai="17,18,21,23,25,27,57,62,66,95,99,101,121,122" machi="21" ten="40,1300,0" yaku="9,1" doraHai="100" who="1" fromWho="3" sc="211,0,302,23,279,0,198,-13" /><INIT seed="3,0,0,5,3,132" ten="211,325,279,185" oya="3" hai0="92,37,88,25,39,58,108,113,41,130,47,33,11" hai1="114,62,22,67,48,122,24,32,17,124,89,54,71" hai2="46,83,135,78,35,96,31,53,86,19,18,8,112" hai3="70,14,126,110,49,52,75,81,94,6,85,79,127"/><W90/><G70/><T104/><D108/><U101/><E122/><V50/><F135/><W12/><G110/><T27/><D104/><U26/><E114/><V38/><F112/><W115/><G115/><T34/><D113/><U45/><E124/><N who="3" m="47658" /><G6/><T118/><D118/><U57/><E101/><V43/><F35/><W44/><AGARI ba="0,0" hai="12,14,44,49,52,75,79,81,85,90,94" m="47658" machi="44" ten="30,12000,1" yaku="18,1,52,3,54,1" doraHai="132" who="3" fromWho="3" sc="211,-40,325,-40,279,-40,185,120" owari="171,-32.9,285,8.5,239,-16.1,305,40.5" /></mjloggm>