<mjloggm ver="2.3"><GO type="225" lobby="0"/><UN n0="%E6%98%93%E5%88%A9%E8%96%A9%E4%BC%AF" n1="%E6%B4%BE%E9%81%A3%E3%81%AE%E3%82%B8%E3%83%A3%E3%83%83%E3%82%AF" n2="%E3%81%BE%E3%81%8B%E3%81%B7%E3%82%93" n3="%E5%8D%A0%E3%81%84%E5%B8%AB%E8%A3%8F%E3%81%AA%E3%81%84%E3%81%97" dan="17,17,16,17" rate="2164.87,2205.22,2088.49,2174.07" sx="F,M,M,M"/><TAIKYOKU oya="0"/><INIT seed="0,0,0,3,2,122" ten="250,250,250,250" oya="0" hai0="91,134,43,90,45,132,10,48,53,128,46,80,86" hai1="56,20,52,61,121,65,126,17,47,111,114,26,5" hai2="74,12,0,38,1,64,69,55,40,113,89,102,73" hai3="29,118,4,116,92,72,35,123,57,83,77,39,7"/><T36/><D128/><U130/><E121/><V96/><F113/><W115/><G115/><T28/><D28/><U42/><E114/><V100/><F38/><W14/><G39/><T71/><D71/><U104/><E104/><V31/><F40/><W75/><G123/><T70/><D70/><U44/><E130/><V106/><F31/><W21/><G35/><T133/><REACH who="0" step="1"/><D10/><REACH who="0" ten="240,250,250,250" step="2"/><U101/><E126/><V79/><F69/><W66/><G29/><T37/><D37/><U25/><E5/><V88/><F106/><W110/><G4/><T24/><D24/><U94/><E26/><V16/><F0/><W11/><G7/><T135/><N who="0" m="33792" /><DORA hai="54" /><T129/><D129/><U62/><E42/><V15/><F1/><W124/><G11/><T117/><D117/><U23/><E23/><V82/><F12/><W84/><G14/><T93/><D93/><U78/><E111/><V99/><F15/><W8/><G21/><T98/><D98/><N who="1" m="59607" /><E78/><AGARI ba="0,1" hai="36,43,45,46,48,53,78,80,86,90,91" m="33792" machi="78" ten="70,12000,1" yaku="1,1,20,1,53,1" doraHai="122,54" doraHaiUra="68,95" who="0" fromWho="1" sc="240,130,250,-120,250,0,250,0" /><INIT seed="0,1,0,0,5,124" ten="370,130,250,250" oya="0" hai0="133,107,118,131,3,96,23,109,13,119,56,68,24" hai1="83,129,67,86,105,29,78,79,34,93,106,126,70" hai2="49,60,32,122,9,88,95,51,135,72,100,65,63" hai3="101,84,55,0,53,103,130,42,4,43,104,64,80"/><T36/><D68/><U90/><E67/><V15/><F122/><W94/><G104/><N who="1" m="40042" /><E70/><V33/><F72/><W31/><G130/><T19/><D36/><U123/><E29/><V66/><F135/><W11/><G64/><N who="2" m="24681" /><F32/><W17/><G31/><T50/><D133/><U8/><E8/><V98/><F100/><W75/><G75/><T77/><D77/><N who="1" m="29195" /><E34/><V89/><F33/><W115/><G17/><T46/><D56/><U74/><E123/><V38/><F89/><W54/><G103/><T134/><D134/><U81/><E126/><V57/><F38/><W108/><G0/><T22/><D23/><U114/><E114/><V12/><F12/><W97/><G4/><T125/><D24/><U48/><E48/><N who="2" m="18507" /><F57/><W30/><G115/><T128/><D125/><U35/><E35/><V44/><F44/><W7/><G42/><N who="0" m="24919" /><D3/><U111/><E111/><V59/><F59/><W87/><G43/><T132/><D109/><U110/><E110/><V45/><F45/><W61/><G108/><T116/><D132/><U39/><E39/><V92/><F92/><W20/><G94/><T62/><D107/><U102/><E129/><N who="0" m="49737" /><D96/><N who="1" m="59663" /><E74/><V85/><F98/><W47/><G97/><T52/><D119/><U26/><E26/><V71/><F71/><W16/><G20/><T41/><D118/><U27/><E27/><V73/><F73/><W14/><G14/><T121/><D116/><U21/><E21/><V28/><F28/><W69/><G69/><T91/><D22/><U112/><E112/><V6/><AGARI ba="1,0" hai="6,9,15,60,63,85,88,95" m="18507,24681" machi="6" ten="30,2000,0" yaku="8,1,54,1" doraHai="124" who="2" fromWho="2" sc="370,-11,130,-6,250,23,250,-6" /><INIT seed="1,0,0,0,3,56" ten="359,124,273,244" oya="1" hai0="119,40,26,79,111,127,93,124,130,10,23,11,38" hai1="36,43,103,80,123,106,34,129,120,64,16,27,86" hai2="57,18,68,83,20,92,131,112,84,61,128,78,14" hai3="44,21,53,115,135,58,25,66,32,70,15,81,31"/><U28/><E129/><V17/><F112/><W22/><G115/><T117/><D111/><U91/><E43/><V100/><F68/><W41/><G135/><T88/><D79/><U71/><E36/><V46/><F46/><W0/><G0/><T97/><D130/><U74/><E74/><V82/><F82/><W104/><G104/><T59/><D40/><U1/><E1/><V94/><F94/><W87/><G15/><T122/><D38/><U35/><E35/><V50/><F50/><W121/><G121/><T60/><D122/><U132/><E132/><V24/><F100/><W77/><G66/><T7/><D119/><U85/><E85/><V134/><F134/><W95/><G95/><T118/><D117/><U8/><E8/><V13/><F92/><W105/><G70/><T69/><D69/><U47/><E47/><V114/><F114/><W109/><G105/><T73/><D73/><U4/><E4/><V5/><F5/><W90/><G109/><T6/><D6/><U133/><E133/><V45/><F45/><W125/><G125/><N who="0" m="48203" /><D7/><U52/><E52/><N who="2" m="33959" /><F131/><W108/><G108/><T33/><D33/><U19/><E123/><V113/><F113/><W3/><G3/><T116/><D116/><U67/><E120/><V55/><F128/><W54/><G77/><T9/><D118/><U62/><E67/><V72/><F72/><W30/><G54/><N who="0" m="33911" /><D11/><U102/><E102/><V49/><F17/><AGARI ba="0,0" hai="9,10,17,23,26,88,93,97" m="33911,48203" machi="17" ten="30,7700,0" yaku="25,1,18,1,52,1,54,1" doraHai="56" who="0" fromWho="2" sc="359,77,124,0,273,-77,244,0" /><INIT seed="2,0,0,2,5,54" ten="436,124,196,244" oya="2" hai0="70,7,93,92,63,8,49,122,69,96,44,104,35" hai1="5,90,57,59,34,15,26,29,4,36,62,126,40" hai2="25,80,47,127,128,37,78,65,109,71,53,24,28" hai3="46,21,115,134,61,98,124,3,100,31,52,110,82"/><V103/><F128/><W22/><G110/><T76/><D35/><U48/><E126/><V130/><F127/><W113/><G3/><T39/><D39/><U117/><E117/><V50/><F130/><W75/><G124/><T1/><D104/><U12/><E36/><V133/><F109/><W135/><G31/><T73/><D93/><U18/><E90/><V116/><F116/><W27/><G82/><T131/><D122/><U33/><E33/><V88/><F133/><N who="3" m="50699" /><G75/><T19/><D19/><U111/><E111/><V2/><F2/><W56/><G46/><T83/><D63/><U74/><E74/><V58/><F103/><W60/><G60/><T86/><D73/><U20/><E15/><V112/><F112/><N who="3" m="43083" /><G27/><T11/><D11/><U94/><E94/><AGARI ba="0,0" hai="21,22,52,56,61,94,98,100" m="43083,50699" machi="94" ten="30,7700,0" yaku="20,1,11,1,52,1,54,1" doraHai="54" who="3" fromWho="1" sc="436,0,124,-77,196,0,244,77" /><INIT seed="3,0,0,0,5,5" ten="436,47,196,321" oya="3" hai0="52,72,1,129,92,98,124,13,94,61,70,17,7" hai1="85,119,80,76,9,93,59,95,88,22,25,69,105" hai2="18,116,28,100,42,73,104,0,38,71,99,91,11" hai3="19,78,118,89,37,27,54,16,57,134,79,43,82"/><W23/><G118/><T10/><D72/><U46/><E119/><V107/><F91/><W128/><G128/><T8/><D129/><U39/><E69/><V83/><F18/><W60/><G134/><T113/><D113/><U121/><E121/><V15/><F15/><W53/><G37/><T66/><D124/><U96/><E105/><V114/><F114/><W26/><G43/><T108/><D108/><U29/><E95/><V117/><F28/><W12/><G53/><T106/><REACH who="0" step="1"/><D52/><REACH who="0" ten="426,47,196,321" step="2"/><U55/><E46/><N who="2" m="23895" /><F71/><W86/><REACH who="3" step="1"/><G26/><REACH who="3" ten="426,47,196,311" step="2"/><T87/><D87/><U132/><E132/><V34/><F117/><W115/><G115/><T90/><D90/><U31/><E31/><V67/><F116/><W62/><G62/><T68/><D68/><U120/><E120/><V101/><F67/><W49/><G49/><T40/><D40/><U64/><E39/><V32/><F73/><W30/><G30/><T2/><D2/><U97/><E64/><V135/><F135/><W130/><G130/><T41/><D41/><U36/><E36/><V103/><F0/><W4/><G4/><T109/><D109/><U48/><REACH who="1" step="1"/><E97/><REACH who="1" ten="426,37,196,311" step="2"/><V131/><F99/><W47/><G47/><T123/><D123/><U111/><E111/><V125/><F131/><W75/><G75/><T3/><D3/><U84/><E84/><V127/><F127/><W126/><G126/><T77/><D77/><U112/><E112/><V58/><F125/><W81/><G81/><T24/><D24/><U102/><E102/><AGARI ba="0,3" hai="1,7,8,10,13,17,61,66,70,92,94,98,102,106" machi="102" ten="40,5200,0" yaku="1,1,52,2,53,0" doraHai="5" doraHaiUra="50" who="0" fromWho="1" sc="426,82,37,-52,196,0,311,0" owari="508,60.8,-15,-51.5,196,-20.4,311,11.1" /></mjloggm>