<mjloggm ver="2.3"><GO type="225" lobby="0"/><UN n0="%E3%81%99%E3%81%84%E3%81%BE%E3%81%9B%E3%83%BC%E3%82%93" n1="%E3%81%AF%E3%82%88%E3%81%8A%E3%81%98%E3%81%95%E3%82%93" n2="%E6%98%93%E5%88%A9%E8%96%A9%E4%BC%AF" n3="%E9%A6%AC%E5%BC%95%E7%81%AB%33" dan="18,17,17,16" rate="2263.08,2138.46,2156.40,2141.32" sx="M,M,F,M"/><TAIKYOKU oya="0"/><INIT seed="0,0,0,4,4,59" ten="250,250,250,250" oya="0" hai0="28,100,1,27,130,134,58,14,22,87,16,116,0" hai1="36,74,26,37,68,40,129,115,78,86,6,122,79" hai2="88,10,99,56,53,91,11,125,38,9,43,81,106" hai3="35,93,73,65,50,90,92,110,32,82,19,104,98"/><T123/><D116/><U46/><E86/><V83/><F125/><W66/><G110/><T135/><D123/><U63/><E78/><V126/><F126/><W107/><G50/><T8/><D130/><U29/><E122/><V30/><F30/><W42/><G42/><T52/><D100/><U51/><E129/><V109/><F109/><W72/><G19/><T95/><D95/><U77/><E77/><V5/><F5/><W21/><G21/><T67/><D67/><N who="1" m="41087" /><E51/><V57/><F57/><W31/><G31/><T49/><REACH who="0" step="1"/><D87/><REACH who="0" ten="240,250,250,250" step="2"/><U80/><E115/><V48/><F106/><W102/><G102/><T76/><D76/><U24/><E79/><V85/><F99/><W105/><G105/><T61/><D61/><U34/><E74/><V120/><F120/><W94/><G94/><T25/><D25/><U54/><E26/><V23/><F91/><W75/><G75/><T39/><D39/><U96/><E24/><V2/><F38/><W127/><G127/><T114/><D114/><U118/><E96/><V12/><F83/><W62/><G98/><T17/><D17/><U33/><E80/><V111/><F111/><W89/><G82/><T128/><D128/><U70/><E118/><V18/><F2/><AGARI ba="0,1" hai="0,1,2,8,14,16,22,27,28,49,52,58,134,135" machi="2" ten="40,12000,1" yaku="1,1,54,2,53,1" doraHai="59" doraHaiUra="44" who="0" fromWho="2" sc="240,130,250,0,250,-120,250,0" /><INIT seed="0,1,0,4,2,131" ten="370,250,130,250" oya="0" hai0="57,51,24,31,109,26,85,88,20,76,124,10,18" hai1="106,1,75,127,40,47,77,16,35,37,43,83,64" hai2="56,87,93,21,28,81,94,39,55,65,5,80,12" hai3="48,89,62,107,50,41,96,121,115,29,125,79,63"/><T112/><D112/><U7/><E16/><V4/><F39/><W128/><G115/><T38/><D38/><N who="1" m="21911" /><E64/><V34/><F34/><W17/><G128/><T60/><D124/><U9/><E127/><V104/><F104/><W82/><G125/><T33/><D109/><U113/><E113/><V58/><F81/><W133/><G29/><T91/><D51/><U86/><E86/><V132/><F132/><W90/><G133/><T123/><D123/><U25/><E106/><V119/><F119/><W6/><G6/><T19/><D76/><U59/><E59/><V52/><F65/><W53/><G121/><T71/><D71/><U0/><E0/><V134/><F134/><W11/><G48/><T117/><D117/><U102/><E102/><V98/><F5/><W126/><G41/><T114/><D114/><U135/><E135/><V23/><F94/><W8/><G107/><T45/><D45/><N who="1" m="23791" /><E25/><V97/><F97/><W67/><G96/><T3/><D85/><U46/><E46/><V100/><F4/><W101/><G79/><T74/><D74/><N who="1" m="43447" /><E35/><V14/><F14/><W116/><G116/><T130/><D130/><U95/><E95/><V110/><F110/><W54/><G82/><T111/><D111/><U69/><E69/><V15/><F15/><W32/><G32/><T36/><D36/><U68/><E68/><V120/><F120/><W84/><G84/><T44/><D44/><U118/><E118/><V66/><F66/><W61/><G126/><T99/><D99/><U27/><E27/><N who="2" m="16495" /><F12/><W70/><G67/><N who="0" m="39311" /><D3/><U42/><E42/><V2/><F2/><RYUUKYOKU ba="1,0" sc="370,15,250,15,130,-15,250,-15" hai0="10,18,19,20,24,26,31,33,88,91" hai1="1,7,9,75" /><INIT seed="0,2,0,2,5,22" ten="385,265,115,235" oya="0" hai0="135,61,46,55,125,8,31,126,78,1,5,30,77" hai1="27,90,12,111,66,98,34,119,9,120,38,50,19" hai2="54,48,87,113,101,42,13,97,127,133,69,115,96" hai3="123,32,16,49,132,99,105,100,53,68,6,62,43"/><T14/><D135/><U94/><E38/><V28/><F133/><W65/><G132/><T122/><D122/><U4/><E119/><V89/><F69/><W35/><G123/><T81/><D1/><U20/><E120/><V71/><F71/><W74/><G74/><T82/><D82/><U104/><E111/><V11/><F127/><N who="0" m="48650" /><D78/><U72/><E72/><V57/><F42/><W41/><G6/><T3/><D3/><U70/><E104/><V2/><F2/><W10/><G41/><T86/><D46/><U93/><E34/><V84/><F84/><W76/><G43/><T109/><D109/><U44/><E70/><V130/><F97/><W88/><G76/><T7/><D7/><U114/><E114/><V56/><F56/><AGARI ba="2,0" hai="5,8,14,30,31,55,56,61,77,81,86" m="48650" machi="56" ten="30,1500,0" yaku="18,1" doraHai="22" who="0" fromWho="2" sc="385,21,265,0,115,-21,235,0" /><INIT seed="0,3,0,2,4,53" ten="406,265,94,235" oya="0" hai0="51,96,132,128,42,49,52,85,40,135,112,25,28" hai1="121,18,73,14,100,123,125,113,115,67,79,50,86" hai2="88,114,82,69,80,48,1,126,36,20,104,87,95" hai3="65,12,7,26,47,6,78,34,129,76,17,90,33"/><T77/><D112/><N who="1" m="43083" /><E73/><V31/><F114/><W37/><G65/><T75/><D75/><U94/><E125/><V23/><F36/><W2/><G90/><T131/><D96/><N who="1" m="59415" /><E67/><V119/><F119/><W11/><G47/><N who="0" m="27711" /><D85/><U22/><E50/><V116/><F116/><W29/><G76/><T118/><D77/><U13/><E14/><V84/><F104/><W107/><G78/><T44/><D42/><U30/><E30/><V64/><F1/><W127/><G107/><T122/><D122/><U97/><E97/><V54/><F126/><W62/><G37/><T24/><D24/><U103/><E103/><V10/><F10/><N who="3" m="2391" /><G127/><T15/><D15/><U66/><E66/><V91/><F95/><W70/><G7/><T109/><D118/><U124/><E124/><V35/><F35/><N who="3" m="20919" /><G62/><T92/><D92/><U81/><AGARI ba="3,0" hai="13,18,22,79,81,86,121,123" m="59415,43083" machi="81" ten="30,1100,0" yaku="11,1" doraHai="53" who="1" fromWho="1" sc="406,-8,265,20,94,-6,235,-6" /><INIT seed="1,0,0,2,4,50" ten="398,285,88,229" oya="1" hai0="12,70,7,1,72,111,49,4,103,28,116,90,11" hai1="39,131,2,15,64,127,60,54,37,98,85,62,130" hai2="108,10,113,101,89,134,112,61,92,21,19,105,27" hai3="16,13,71,23,77,3,133,94,123,34,124,115,67"/><U110/><E2/><V5/><F108/><W84/><G115/><T86/><D70/><N who="1" m="42247" /><E15/><V132/><F105/><W83/><G123/><T125/><D116/><U78/><E98/><V104/><F101/><W41/><G124/><T0/><D72/><U114/><E85/><V52/><F104/><W45/><G133/><N who="2" m="51305" /><F10/><W47/><G3/><T128/><D125/><U120/><E78/><V74/><F74/><W63/><G34/><T53/><D111/><U117/><E127/><V31/><F31/><W17/><G41/><T91/><D11/><U118/><E110/><V73/><F73/><W57/><G71/><T42/><D28/><U58/><E114/><N who="2" m="44139" /><F5/><W97/><REACH who="3" step="1"/><G17/><REACH who="3" ten="398,285,88,219" step="2"/><T48/><D4/><U135/><E135/><V32/><F32/><W46/><G46/><T56/><D7/><U119/><E120/><V93/><F89/><AGARI ba="0,1" hai="13,16,23,45,47,57,63,67,77,83,84,89,94,97" machi="89" ten="30,8000,1" yaku="1,1,7,1,8,1,54,1,53,1" doraHai="50" doraHaiUra="8" who="3" fromWho="2" sc="398,0,285,0,88,-80,219,90" /><INIT seed="2,0,0,4,1,14" ten="398,285,8,309" oya="2" hai0="17,19,47,29,89,57,117,85,7,34,39,56,12" hai1="73,97,109,60,103,134,125,90,72,123,51,1,28" hai2="118,84,87,24,66,6,75,58,82,126,129,42,132" hai3="25,21,114,107,102,113,61,36,45,0,116,79,76"/><V53/><F118/><W88/><G116/><T119/><D34/><U54/><E1/><V44/><F66/><W63/><G0/><T52/><D29/><U104/><E109/><V128/><F132/><W115/><G107/><T27/><D57/><U69/><E134/><V122/><F122/><W121/><G102/><T105/><D105/><U112/><E112/><V130/><F126/><W31/><G121/><T50/><D119/><U13/><E123/><V68/><F68/><W99/><G45/><T20/><D117/><U65/><E125/><V41/><F6/><W86/><G99/><T8/><D39/><U23/><E90/><V11/><F11/><W46/><G46/><T120/><D120/><U16/><REACH who="1" step="1"/><E28/><REACH who="1" ten="398,275,8,309" step="2"/><V106/><F106/><W62/><REACH who="3" step="1"/><G36/><REACH who="3" ten="398,275,8,299" step="2"/><T94/><D47/><AGARI ba="0,2" hai="13,16,23,47,51,54,60,65,69,72,73,97,103,104" machi="47" ten="30,8000,1" yaku="1,1,2,1,7,1,52,1,54,1,53,0" doraHai="14" doraHaiUra="131" who="1" fromWho="0" sc="398,-80,275,100,8,0,299,0" /><INIT seed="3,0,0,4,1,3" ten="318,375,8,299" oya="3" hai0="12,121,54,63,58,133,73,90,113,24,94,38,19" hai1="134,75,82,47,33,78,31,95,34,129,7,119,93" hai2="97,70,22,98,114,55,131,118,26,123,87,105,65" hai3="8,14,66,88,1,42,96,27,103,0,116,132,43"/><W28/><G116/><T128/><D121/><U51/><E119/><V57/><F87/><W109/><G132/><T16/><D73/><U41/><E134/><V21/><F57/><W11/><G109/><T46/><D133/><U81/><E129/><V59/><F59/><W69/><G0/><T23/><D128/><U117/><E117/><V110/><F55/><W101/><G1/><T39/><D113/><U92/><E7/><V45/><F45/><W4/><G8/><T25/><D46/><U36/><E36/><V20/><F65/><W29/><G69/><T30/><D19/><U68/><E68/><V127/><F26/><W60/><G60/><T89/><D25/><U40/><E40/><N who="3" m="15402" /><G66/><T10/><REACH who="0" step="1"/><D89/><REACH who="0" ten="308,375,8,299" step="2"/><U107/><E31/><N who="3" m="11850" /><G27/><T9/><D9/><U74/><E33/><V5/><F131/><W122/><G122/><T135/><D135/><U44/><E34/><V50/><F123/><W79/><G79/><T102/><D102/><U6/><E78/><V64/><F114/><W99/><G88/><T108/><D108/><U86/><E75/><V13/><F110/><W124/><G124/><T71/><D71/><U85/><E74/><V91/><F127/><W56/><G56/><T106/><D106/><U112/><E107/><V52/><F70/><W37/><G37/><T111/><D111/><U115/><E115/><V130/><F105/><W35/><G35/><T2/><D2/><U49/><E112/><V32/><F32/><W67/><G67/><T84/><AGARI ba="0,1" hai="10,12,16,23,24,30,38,39,54,58,63,84,90,94" machi="84" ten="20,8000,1" yaku="1,1,0,1,7,1,54,1,53,1" doraHai="3" doraHaiUra="53" who="0" fromWho="0" sc="308,90,375,-20,8,-20,299,-40" owari="398,49.8,355,15.5,-12,-51.2,259,-14.1" /></mjloggm>