<mjloggm ver="2.3"><GO type="225" lobby="0"/><UN n0="%E3%81%BF%E3%81%BF%E3%81%9A" n1="%E3%81%B2%E3%81%AA%E3%81%AE%E3%82%8A%E3%81%8F" n2="%E4%BF%BA%E3%81%A8%E5%A6%96%E5%A4%A2" n3="%72%69%6F%75%63%68%61%6E" dan="17,16,16,16" rate="2200.43,2103.06,2191.61,2103.70" sx="M,M,F,M"/><TAIKYOKU oya="0"/><INIT seed="0,0,0,3,3,37" ten="250,250,250,250" oya="0" hai0="49,124,48,129,9,45,30,90,6,108,50,82,94" hai1="62,71,114,40,64,44,47,43,52,24,2,61,70" hai2="111,104,131,134,101,8,95,133,26,28,91,32,77" hai3="127,5,119,10,98,4,57,116,58,41,115,54,92"/><T100/><D124/><U85/><E2/><V3/><F111/><W20/><G127/><T93/><D108/><U113/><E85/><V19/><F131/><W99/><G115/><N who="1" m="44042" /><E24/><V102/><F77/><W12/><G4/><T65/><D129/><U109/><E109/><V7/><F19/><W75/><G75/><T86/><D65/><N who="1" m="41271" /><E52/><V107/><F102/><W55/><G41/><AGARI ba="0,0" hai="40,41,43,44,47,61,64,71" m="41271,44042" machi="41" ten="30,12000,2" yaku="11,1,34,2,52,3" doraHai="37" who="1" fromWho="3" sc="250,0,250,120,250,0,250,-120" /><INIT seed="1,0,0,0,2,54" ten="250,370,250,130" oya="1" hai0="77,74,135,106,18,16,6,38,29,133,90,75,48" hai1="23,132,61,67,105,115,17,1,86,89,81,130,60" hai2="97,45,22,109,98,85,128,102,110,111,96,72,9" hai3="24,113,125,33,42,129,94,11,34,78,119,8,120"/><U26/><E115/><V57/><F72/><W122/><G113/><T62/><D38/><U64/><E132/><N who="0" m="50761" /><D106/><U114/><E130/><V47/><F128/><W32/><G42/><T95/><D29/><U4/><E105/><V56/><F102/><W39/><G39/><T44/><D6/><U92/><E114/><V12/><F22/><W50/><G129/><T13/><D62/><N who="1" m="24171" /><E1/><V68/><F68/><W124/><G50/><T73/><D77/><N who="1" m="46383" /><E4/><N who="2" m="3111" /><F85/><AGARI ba="0,0" hai="17,23,26,64,67,85,89,92" m="46383,24171" machi="85" ten="30,1500,0" yaku="8,1" doraHai="54" who="1" fromWho="2" sc="250,0,370,15,250,-15,130,0" /><INIT seed="1,1,0,2,4,76" ten="250,385,235,130" oya="1" hai0="51,55,66,80,79,41,72,127,12,123,33,13,103" hai1="30,126,124,61,69,95,116,15,74,91,40,48,23" hai2="101,122,37,115,134,108,16,20,38,102,31,63,50" hai3="90,56,99,49,129,44,78,117,110,11,104,77,118"/><U19/><E116/><N who="3" m="44650" /><G56/><T125/><D123/><U27/><E74/><V39/><F122/><W85/><G11/><T32/><D41/><U53/><E40/><V113/><F31/><W68/><G68/><T64/><D103/><U9/><E61/><V92/><F108/><W14/><G14/><N who="0" m="5739" /><D33/><U21/><E9/><V109/><F109/><W43/><G110/><T5/><D32/><U22/><E22/><V47/><F63/><W26/><G129/><T4/><D66/><U83/><E69/><V89/><F50/><W121/><G121/><T35/><D35/><U86/><REACH who="1" step="1"/><E95/><REACH who="1" ten="250,375,235,130" step="2"/><V7/><F115/><W114/><G114/><T120/><D120/><U100/><E100/><V133/><F113/><W24/><G104/><T119/><D119/><U88/><E88/><V25/><F102/><W73/><G73/><T75/><D75/><U52/><E52/><V97/><F101/><W18/><G99/><T3/><D64/><U128/><E128/><V82/><F7/><W67/><G67/><T57/><D3/><U42/><E42/><V17/><F97/><W34/><G34/><T87/><D72/><U94/><E94/><V10/><F92/><N who="3" m="54351" /><G18/><T84/><D84/><U58/><AGARI ba="1,1" hai="15,19,21,23,27,30,48,53,58,83,86,91,124,126" machi="58" ten="30,6000,0" yaku="1,1,0,1,52,1,53,0" doraHai="76" doraHaiUra="28" who="1" fromWho="1" sc="250,-21,375,73,235,-21,130,-21" /><INIT seed="1,2,0,3,2,6" ten="229,448,214,109" oya="1" hai0="71,74,63,4,118,125,44,15,8,73,52,31,119" hai1="96,120,45,76,7,39,98,122,28,43,40,24,116" hai2="34,133,13,47,57,117,101,50,113,56,126,89,58" hai3="64,2,66,85,54,22,27,36,26,84,38,77,75"/><U114/><E114/><V46/><F117/><W129/><G129/><T135/><D31/><U128/><E116/><V67/><F113/><W17/><G2/><T82/><D125/><U115/><E115/><V21/><F34/><W62/><G75/><T106/><D106/><U59/><E128/><V111/><F101/><W69/><G66/><T103/><D103/><U68/><E68/><V3/><F3/><W55/><G26/><T102/><D102/><U48/><E76/><V81/><F126/><W92/><G85/><T78/><D74/><U29/><E7/><V110/><F67/><W100/><G77/><T42/><D135/><U65/><E65/><V93/><F81/><W99/><REACH who="3" step="1"/><G84/><REACH who="3" ten="229,448,214,99" step="2"/><T130/><D130/><U9/><E24/><V49/><F133/><W51/><G51/><T131/><D131/><U72/><E48/><V121/><F50/><W19/><G19/><T109/><D71/><U41/><E72/><V123/><F49/><W37/><AGARI ba="2,1" hai="17,22,27,36,37,38,54,55,62,64,69,92,99,100" machi="37" ten="30,2000,0" yaku="1,1,0,1,53,0" doraHai="6" doraHaiUra="127" who="3" fromWho="3" sc="229,-7,448,-12,214,-7,99,36" /><INIT seed="2,0,0,2,5,115" ten="222,436,207,135" oya="2" hai0="65,98,68,37,71,107,39,17,78,25,79,104,32" hai1="0,96,90,5,105,30,93,62,43,81,70,46,64" hai2="110,52,128,18,28,15,48,6,16,49,99,2,34" hai3="116,66,131,118,11,124,94,33,95,109,129,133,4"/><V47/><F128/><N who="3" m="49227" /><G33/><T54/><D54/><U13/><E0/><V1/><F110/><W91/><G109/><T130/><D130/><U45/><E30/><V97/><F34/><W127/><G66/><T103/><D17/><U80/><E105/><V26/><F28/><W69/><G69/><T55/><D55/><U114/><E46/><V9/><F1/><N who="3" m="399" /><G133/><T82/><D104/><U135/><E135/><V27/><F48/><W42/><G42/><T84/><D79/><U20/><E114/><V113/><F113/><W77/><G77/><T14/><D14/><U101/><E101/><V38/><F38/><W58/><G58/><T53/><D53/><U22/><E22/><N who="2" m="13639" /><F2/><W92/><G91/><T63/><D71/><U36/><E20/><AGARI ba="0,0" hai="6,9,15,18,20,27,47,49,52,97,99" m="13639" machi="20" ten="30,5800,0" yaku="8,1,54,2" doraHai="115" who="2" fromWho="1" sc="222,0,436,-58,207,58,135,0" /><INIT seed="2,1,0,5,0,88" ten="222,378,265,135" oya="2" hai0="15,104,90,130,101,50,59,120,62,133,87,83,79" hai1="3,21,18,20,63,37,48,54,108,66,46,110,6" hai2="125,129,74,81,28,69,7,53,111,126,86,23,25" hai3="61,119,94,26,134,64,80,60,0,95,105,131,71"/><V102/><F74/><W10/><G119/><T16/><D120/><U135/><E37/><V117/><F117/><W72/><G105/><T47/><D130/><U49/><E135/><V56/><F69/><W113/><G134/><T68/><D68/><U58/><E6/><V9/><F129/><W44/><G131/><T96/><D133/><U128/><E3/><V127/><F111/><N who="1" m="42537" /><E128/><V27/><F102/><W118/><G118/><T1/><D1/><U43/><E18/><V67/><F67/><W17/><G113/><T31/><D31/><U92/><E92/><N who="3" m="35370" /><G71/><AGARI ba="1,0" hai="20,21,43,46,48,49,54,58,63,66,71" m="42537" machi="71" ten="30,1000,0" yaku="14,1" doraHai="88" who="1" fromWho="3" sc="222,0,378,13,265,0,135,-13" /><INIT seed="3,0,0,3,2,83" ten="222,391,265,122" oya="3" hai0="110,63,39,94,48,16,8,52,85,132,92,78,122" hai1="57,0,74,112,29,47,34,59,82,133,25,30,26" hai2="22,106,77,70,50,91,89,125,40,37,115,76,97" hai3="36,104,2,55,17,129,90,1,108,38,42,124,64"/><W102/><G64/><T130/><D110/><U71/><E0/><V135/><F37/><N who="3" m="14443" /><G42/><T93/><D39/><U109/><E71/><V33/><F33/><W10/><G108/><T105/><D105/><U4/><E4/><V73/><F70/><W67/><G67/><T27/><D122/><U15/><E109/><V51/><F115/><W117/><G117/><T111/><D111/><U5/><E47/><V49/><F40/><W96/><G17/><T31/><D130/><U35/><E133/><V61/><F61/><W9/><G55/><T3/><D132/><U116/><E112/><V134/><F125/><W44/><G44/><T68/><D68/><U43/><E43/><V56/><F56/><W6/><G90/><T118/><D118/><U58/><E116/><V101/><F22/><W24/><G24/><T7/><D63/><U88/><E59/><V28/><F28/><W95/><G129/><T32/><D16/><U99/><E99/><V75/><F50/><W79/><G79/><T41/><D41/><U100/><E58/><V119/><F119/><W11/><G124/><T13/><D3/><N who="3" m="1033" /><G6/><T128/><D128/><U84/><E57/><V103/><F97/><W120/><G120/><T69/><D69/><U62/><E5/><V45/><F45/><W87/><G104/><AGARI ba="0,0" hai="49,51,73,75,76,77,89,91,101,103,104,106,134,135" machi="104" ten="25,1600,0" yaku="22,2" doraHai="83" who="2" fromWho="3" sc="222,0,391,0,265,16,122,-16" owari="222,-17.8,391,49.1,281,8.1,106,-39.4" /></mjloggm>