<mjloggm ver="2.3"><GO type="225" lobby="0"/><UN n0="%6C%61%6D%62" n1="%E5%91%A8%E6%9D%B1" n2="%E3%81%AF%E3%82%88%E3%81%8A%E3%81%98%E3%81%95%E3%82%93" n3="%E7%B4%94%E6%BD%94%E3%83%94%E3%83%A9%E3%83%8B%E3%82%A2" dan="16,16,17,17" rate="2245.34,2227.02,2222.97,2181.28" sx="M,M,M,M"/><TAIKYOKU oya="0"/><INIT seed="0,0,0,2,4,101" ten="250,250,250,250" oya="0" hai0="93,9,4,127,116,12,29,19,33,10,1,117,97" hai1="49,98,106,43,58,88,59,78,76,45,52,8,16" hai2="126,130,44,89,69,71,129,68,79,85,87,133,81" hai3="21,132,13,70,135,123,82,24,22,105,65,112,17"/><T125/><D93/><N who="1" m="56615" /><E106/><V63/><F63/><N who="3" m="40255" /><G112/><T95/><D95/><U53/><E43/><V73/><F126/><N who="0" m="48138" /><D97/><U75/><E75/><V40/><F133/><N who="3" m="51275" /><G82/><T55/><D55/><U66/><E66/><V47/><F47/><W94/><G94/><T84/><D84/><U111/><E111/><V80/><REACH who="2" step="1"/><F73/><REACH who="2" ten="250,250,240,250" step="2"/><W38/><G38/><AGARI ba="0,1" hai="38,40,44,68,69,71,79,80,81,85,87,89,129,130" machi="38" ten="40,5200,0" yaku="1,1,2,1,53,1" doraHai="101" doraHaiUra="41" who="2" fromWho="3" sc="250,0,250,0,240,62,250,-52" /><INIT seed="1,0,0,2,0,25" ten="250,250,302,198" oya="1" hai0="103,80,82,30,122,61,93,111,96,126,49,54,47" hai1="33,65,76,77,6,41,42,21,106,134,121,43,115" hai2="31,50,97,24,86,28,45,58,87,114,131,16,32" hai3="63,73,27,29,22,40,15,132,118,23,125,116,109"/><U5/><E33/><V110/><F32/><N who="3" m="20543" /><G63/><T105/><D111/><U112/><E106/><V107/><F107/><W75/><G40/><T102/><D126/><U0/><E0/><V55/><F110/><W90/><G109/><T57/><D122/><U9/><E9/><V70/><F70/><W83/><G125/><T95/><D30/><N who="2" m="11306" /><F131/><W68/><G68/><T56/><D56/><U59/><E121/><V85/><F114/><W66/><G66/><T3/><D3/><U14/><E134/><V18/><F97/><W129/><G132/><T128/><D128/><U10/><E21/><N who="3" m="7690" /><G15/><T35/><D35/><U99/><E99/><V8/><F24/><W94/><G83/><T98/><REACH who="0" step="1"/><D105/><REACH who="0" ten="240,250,302,198" step="2"/><U72/><E115/><V37/><F58/><W34/><G34/><T124/><D124/><U117/><E112/><V52/><F37/><W36/><G36/><T135/><D135/><U81/><E59/><V123/><F123/><W46/><G129/><T11/><D11/><U62/><E10/><V88/><F8/><W64/><G64/><AGARI ba="0,1" hai="47,49,54,57,61,64,80,82,93,95,96,98,102,103" machi="64" ten="30,8000,1" yaku="1,1,7,1,9,1,8,1,53,1" doraHai="25" doraHaiUra="51" who="0" fromWho="3" sc="240,90,250,0,302,0,198,-80" /><INIT seed="2,0,0,0,0,54" ten="330,250,302,118" oya="2" hai0="28,119,26,74,9,129,55,70,71,80,17,112,72" hai1="134,115,19,58,121,105,135,133,101,50,44,97,82" hai2="47,63,107,16,46,110,51,75,96,95,8,81,57" hai3="18,104,13,120,45,23,123,124,42,25,106,91,127"/><V88/><F110/><W35/><G91/><T31/><D112/><U62/><E115/><V83/><F107/><W36/><G104/><T33/><D31/><U4/><E121/><V79/><F51/><W109/><G106/><T52/><D129/><U7/><E82/><V113/><F113/><W0/><G0/><T32/><D32/><U66/><REACH who="1" step="1"/><E19/><REACH who="1" ten="330,240,302,118" step="2"/><V87/><F16/><N who="3" m="12519" /><G109/><T59/><D17/><U93/><E93/><V15/><F83/><W103/><G35/><T21/><D80/><U40/><AGARI ba="0,1" hai="4,7,40,44,50,58,62,66,97,101,105,133,134,135" machi="40" ten="30,7900,0" yaku="1,1,0,1,20,1,52,1,53,0" doraHai="54" doraHaiUra="24" who="1" fromWho="1" sc="330,-20,240,89,302,-39,118,-20" /><INIT seed="3,0,0,2,2,120" ten="310,329,263,98" oya="3" hai0="131,60,22,72,36,66,44,134,124,89,4,98,118" hai1="33,102,24,8,35,73,10,57,119,121,70,77,132" hai2="2,103,96,28,130,117,1,90,114,13,14,31,83" hai3="126,92,88,43,38,122,135,39,7,9,115,79,123"/><W110/><G115/><T45/><D118/><U15/><E70/><V21/><F114/><W71/><G71/><T46/><D72/><U75/><E121/><V112/><F117/><W100/><G122/><T59/><D124/><U37/><E37/><V40/><F112/><W127/><G123/><T6/><D131/><U47/><E47/><V50/><F130/><W76/><G100/><T128/><D134/><U5/><E132/><V111/><F111/><W69/><G69/><T109/><D109/><U91/><E102/><V26/><F31/><W34/><G34/><T87/><D36/><N who="3" m="13865" /><G43/><T49/><D98/><U18/><E119/><V56/><F1/><N who="3" m="239" /><G135/><T133/><D133/><U51/><E35/><V105/><F2/><W29/><G29/><T78/><D78/><U125/><E77/><V107/><F107/><W25/><G25/><T74/><D74/><U86/><E33/><V97/><F40/><W32/><G32/><T80/><D128/><U16/><E24/><V68/><F68/><W30/><G30/><T113/><D113/><U17/><E10/><V52/><REACH who="2" step="1"/><F97/><REACH who="2" ten="310,329,253,98" step="2"/><N who="3" m="57479" /><G110/><T3/><D3/><U129/><E129/><V99/><F99/><W85/><G85/><AGARI ba="0,1" hai="13,14,21,26,28,50,52,56,83,85,90,96,103,105" machi="85" ten="40,2600,0" yaku="1,1,54,1,53,0" doraHai="120" doraHaiUra="65" who="2" fromWho="3" sc="310,0,329,0,253,36,98,-26" owari="310,11.0,329,42.9,289,-11.1,72,-42.8" /></mjloggm>