<mjloggm ver="2.3"><GO type="225" lobby="0"/><UN n0="%77%72%77%72%77%72%77%72" n1="%72%61%6B%33" n2="%E3%82%B3%E3%83%90%E3%83%AC%E3%82%A4" n3="%70%68%65%6E%6F%6D%65" dan="17,16,16,16" rate="2113.76,2102.03,2153.67,2185.77" sx="M,M,M,M"/><TAIKYOKU oya="0"/><INIT seed="0,0,0,4,1,49" ten="250,250,250,250" oya="0" hai0="87,76,103,55,0,97,125,73,128,64,117,69,9" hai1="1,122,123,4,56,63,34,39,3,7,127,88,80" hai2="12,134,75,50,42,112,24,41,135,25,99,10,113" hai3="121,111,27,17,20,45,114,109,130,61,16,37,82"/><T78/><BYE who="3" /><D117/><U43/><E34/><V108/><F75/><W54/><G54/><T92/><D128/><UN n3="%70%68%65%6E%6F%6D%65" /><U31/><E31/><V26/><F99/><W2/><G114/><N who="2" m="44137" /><F50/><W52/><G2/><T120/><D125/><U94/><E127/><V8/><F12/><W60/><G130/><T66/><D120/><U58/><E80/><V29/><F29/><W67/><G121/><T129/><D129/><U70/><E70/><V84/><F84/><W53/><G82/><T124/><D124/><U59/><E63/><N who="3" m="24138" /><G67/><T90/><D69/><U11/><E3/><V14/><F14/><W23/><G45/><T19/><D73/><U110/><E7/><V89/><F89/><W47/><G47/><T74/><D74/><U6/><E6/><V115/><F115/><W79/><G79/><N who="0" m="30251" /><D0/><U35/><E35/><V132/><F108/><N who="3" m="41547" /><G37/><T116/><D116/><U81/><E110/><V93/><F93/><W44/><G44/><T101/><D101/><U21/><E81/><V30/><F30/><W131/><G131/><T33/><D33/><U40/><E39/><V46/><F46/><W18/><G18/><T86/><D55/><U15/><E123/><V36/><F36/><W57/><G57/><T106/><D86/><N who="1" m="52503" /><E122/><V119/><F119/><W83/><G83/><N who="0" m="49535" /><D106/><U126/><E126/><V5/><F5/><W48/><G48/><T91/><D103/><U133/><E1/><V51/><F51/><W96/><G96/><T62/><D62/><U102/><E102/><V22/><F42/><W95/><G95/><T85/><D97/><U77/><E77/><V38/><F38/><RYUUKYOKU ba="0,0" sc="250,15,250,-15,250,-15,250,15" hai0="9,19,64,66,85,91,92" hai3="16,17,20,23,27,52,53" /><INIT seed="0,1,0,0,0,135" ten="265,235,235,265" oya="0" hai0="8,5,24,4,112,71,11,110,32,121,103,28,50" hai1="40,67,65,30,98,74,122,63,42,12,6,93,39" hai2="130,34,27,87,45,48,120,111,125,124,13,41,37" hai3="72,114,105,90,35,107,52,132,16,119,97,99,33"/><T70/><D112/><U2/><E122/><V36/><F120/><W59/><G72/><T18/><D121/><U3/><E74/><V23/><F130/><W83/><G114/><T31/><D103/><U78/><E78/><V104/><F104/><W46/><G119/><T54/><D110/><U108/><E108/><V61/><F111/><W95/><G132/><T92/><D28/><U94/><E30/><V82/><F34/><W62/><G83/><T81/><D92/><U85/><E12/><V10/><F61/><W96/><G46/><T106/><D106/><U127/><E63/><V44/><F44/><W64/><G64/><T77/><D18/><U102/><E6/><V25/><F37/><W53/><G53/><T47/><D8/><U26/><E26/><V115/><F36/><W51/><G51/><T19/><D19/><U57/><E57/><V0/><F0/><W73/><G73/><T117/><D4/><U129/><E39/><V86/><F86/><W75/><G75/><T38/><D38/><U69/><E85/><V21/><F27/><W134/><G134/><T9/><D9/><U84/><E84/><V100/><F100/><N who="3" m="62599" /><G16/><T118/><D118/><U29/><E102/><V15/><F15/><W116/><G116/><T7/><D117/><U1/><E1/><V66/><F66/><W126/><G126/><N who="2" m="48745" /><F25/><W128/><G128/><T79/><D24/><U76/><E127/><V60/><F115/><W133/><G133/><T88/><D32/><N who="3" m="12361" /><G107/><T131/><D131/><U80/><E129/><V89/><F60/><W56/><G99/><T55/><D47/><RYUUKYOKU ba="1,0" sc="265,-15,235,-15,235,15,265,15" hai2="10,13,21,23,41,45,48,82,87,89" hai3="52,56,59,62,90,95,97" /><INIT seed="1,2,0,0,2,53" ten="250,220,250,280" oya="1" hai0="118,112,0,42,91,133,96,21,102,12,110,59,23" hai1="44,100,72,14,83,99,105,77,120,26,45,13,17" hai2="49,39,43,106,97,104,29,127,82,71,116,75,22" hai3="55,111,79,51,130,58,15,25,85,113,61,70,18"/><U115/><E115/><V38/><F116/><W24/><G113/><T73/><D112/><U32/><E120/><V35/><F127/><W108/><G130/><T74/><D118/><U135/><E135/><V119/><F22/><W3/><G3/><T68/><D0/><U48/><E45/><V92/><F92/><W125/><G125/><T40/><D68/><U37/><E37/><V69/><F49/><W65/><G79/><T16/><D133/><U86/><E72/><V132/><F119/><W2/><G2/><T90/><D110/><N who="3" m="42025" /><G85/><T126/><D126/><U62/><E62/><V131/><F131/><W78/><G78/><T88/><D23/><AGARI ba="2,0" hai="15,18,23,24,25,51,55,58,61,65,70" m="42025" machi="23" ten="30,2000,0" yaku="14,1,52,1" doraHai="53" who="3" fromWho="0" sc="250,-26,220,0,250,0,280,26" /><INIT seed="2,0,0,4,4,112" ten="224,220,250,306" oya="2" hai0="77,100,11,135,38,25,107,53,3,75,82,64,126" hai1="124,99,119,29,55,1,102,16,109,4,101,73,76" hai2="17,20,57,90,121,63,37,79,48,131,14,43,45" hai3="117,24,62,80,5,74,60,106,129,26,40,120,91"/><V34/><F34/><W123/><G117/><T66/><D135/><U58/><E109/><V81/><F121/><W72/><G106/><T94/><D126/><U108/><E108/><V122/><F122/><W98/><G40/><T9/><D107/><U116/><E124/><V84/><F131/><W88/><G5/><T85/><D38/><U28/><E16/><V61/><REACH who="2" step="1"/><F79/><REACH who="2" ten="224,220,240,306" step="2"/><W27/><G129/><T54/><D3/><U19/><E76/><V0/><F0/><W87/><G123/><T69/><D75/><U68/><E73/><V128/><F128/><W42/><G120/><T12/><D69/><U83/><E68/><V111/><F111/><W23/><G74/><T104/><D104/><U47/><E1/><V105/><F105/><W36/><G72/><T133/><D133/><U78/><E78/><V50/><F50/><W6/><G36/><T103/><D77/><U70/><E70/><V39/><F39/><W18/><G42/><T8/><D103/><U52/><E102/><V41/><F41/><W97/><G91/><T32/><D32/><U65/><E101/><V49/><F49/><W125/><G125/><T44/><D100/><U132/><E132/><V21/><F21/><W51/><G51/><T10/><D10/><U110/><E110/><V71/><F71/><W118/><G23/><T95/><D8/><U89/><E89/><V130/><F130/><W134/><G88/><T46/><D9/><U2/><E2/><V86/><F86/><W93/><G87/><T113/><D113/><U96/><E96/><N who="3" m="36970" /><G134/><T13/><D85/><U31/><E99/><RYUUKYOKU ba="0,1" sc="224,-10,220,-10,240,30,306,-10" hai2="14,17,20,37,43,45,48,57,61,63,81,84,90" /><INIT seed="2,1,1,4,1,65" ten="214,210,270,296" oya="2" hai0="25,95,67,73,79,92,84,106,8,94,39,103,110" hai1="37,125,117,46,85,5,114,41,97,119,132,22,88" hai2="128,89,122,44,124,53,29,4,99,35,61,108,131" hai3="76,123,104,75,102,11,6,59,33,14,50,12,63"/><V51/><F122/><W66/><G123/><T21/><D39/><U15/><E114/><V24/><F124/><W19/><G33/><T48/><D110/><U23/><E125/><V100/><F108/><W130/><G130/><T32/><D32/><U49/><E132/><V107/><F4/><W18/><G75/><T101/><D73/><U1/><E1/><V45/><F45/><W118/><G76/><T40/><D106/><U121/><E121/><V47/><F47/><W77/><G77/><T43/><D67/><U9/><E37/><V93/><REACH who="2" step="1"/><F61/><REACH who="2" ten="214,210,260,296" step="2"/><W80/><G6/><T72/><D43/><U13/><E119/><V78/><F78/><W81/><G118/><T134/><D72/><U70/><E117/><V31/><F31/><W96/><G50/><T116/><D116/><U129/><E46/><V115/><F115/><W112/><G112/><T90/><D79/><U83/><E41/><V20/><F20/><AGARI ba="1,2" hai="11,12,14,18,19,20,59,63,66,80,81,96,102,104" machi="20" ten="30,1000,0" yaku="7,1" doraHai="65" who="3" fromWho="2" sc="214,0,210,0,260,-13,296,33" /><INIT seed="3,0,0,4,0,58" ten="214,210,247,329" oya="3" hai0="83,99,112,54,52,94,6,89,59,66,41,100,30" hai1="119,135,129,86,32,81,117,98,0,116,22,50,37" hai2="55,96,127,45,120,87,121,130,57,114,13,48,106" hai3="17,71,131,80,63,123,11,104,107,56,82,68,35"/><W51/><G123/><N who="2" m="47177" /><F114/><W84/><G35/><T118/><D118/><U39/><E32/><V90/><F130/><W16/><G51/><T43/><D112/><U15/><E129/><V60/><F127/><W73/><G73/><T72/><D6/><U4/><E135/><V2/><F2/><W14/><G80/><T92/><D83/><U133/><E133/><V25/><F13/><W21/><G68/><T31/><D66/><U42/><E0/><V7/><F7/><W10/><G71/><T95/><D95/><U19/><E4/><V122/><F25/><W93/><G93/><T74/><D74/><U62/><E98/><V49/><F122/><W26/><G11/><T110/><D72/><U124/><E124/><V29/><F29/><N who="0" m="10762" /><D54/><U8/><E8/><V18/><F18/><W38/><G38/><T28/><N who="0" m="10770" /><T34/><DORA hai="67" /><D110/><U97/><E97/><V101/><F45/><W108/><G108/><T47/><D47/><N who="1" m="25975" /><E62/><V76/><F76/><AGARI ba="0,0" hai="15,19,22,37,39,76,81,86,116,117,119" m="25975" machi="76" ten="30,1000,0" yaku="12,1" doraHai="58,67" who="1" fromWho="2" sc="214,0,210,10,247,-10,329,0" owari="214,-28.6,220,-18.0,237,3.7,329,42.9" /></mjloggm>