<mjloggm ver="2.3"><GO type="225" lobby="0"/><UN n0="%E3%83%A9%E3%82%B9%E7%8E%87%EF%BC%93%E5%89%B2" n1="%E7%B4%94%E6%BD%94%E3%83%94%E3%83%A9%E3%83%8B%E3%82%A2" n2="%E3%81%AF%E3%82%88%E3%81%8A%E3%81%98%E3%81%95%E3%82%93" n3="%E7%8D%85%E5%AD%90%E5%BA%A7%E3%81%8B%E3%81%A3%E3%81%B4%E3%83%BC" dan="17,16,17,16" rate="2221.58,2158.42,2207.88,2115.93" sx="F,M,M,M"/><TAIKYOKU oya="0"/><INIT seed="0,0,0,1,0,79" ten="250,250,250,250" oya="0" hai0="113,68,4,20,61,2,105,100,99,52,123,38,88" hai1="125,81,16,80,120,59,104,42,121,85,67,30,64" hai2="37,57,66,1,83,131,87,108,19,133,26,43,134" hai3="117,25,23,124,112,76,28,74,98,119,82,69,29"/><T118/><D113/><U60/><E104/><V106/><F106/><W8/><G69/><T31/><D118/><U12/><E30/><V110/><F1/><W10/><G112/><T72/><D123/><U9/><E125/><V17/><F43/><W77/><G124/><T53/><D72/><U97/><E42/><V45/><F45/><W15/><G28/><T75/><D75/><U49/><E49/><V11/><F37/><W58/><G8/><T126/><D38/><U129/><E129/><V39/><F39/><W65/><G77/><T54/><D126/><U103/><E67/><V51/><F131/><W114/><G98/><T73/><D73/><U96/><E103/><V41/><F41/><W7/><REACH who="3" step="1"/><G114/><REACH who="3" ten="250,250,250,240" step="2"/><T21/><D31/><U92/><E120/><V86/><F11/><W122/><G122/><T94/><D2/><U13/><E121/><V46/><F110/><W102/><G102/><T6/><D20/><N who="1" m="11271" /><E96/><V18/><F108/><W40/><G40/><T14/><D21/><U3/><E3/><V0/><F0/><W71/><G71/><T70/><D70/><U101/><E85/><V111/><F86/><W22/><G22/><T91/><D68/><U84/><E84/><V35/><F111/><W27/><G27/><T63/><D14/><U95/><E95/><V132/><F26/><W48/><G48/><T62/><D105/><U24/><E24/><V107/><F35/><W89/><G89/><AGARI ba="0,1" hai="4,6,52,53,54,61,62,63,88,89,91,94,99,100" machi="89" ten="40,7700,0" yaku="8,1,54,2" doraHai="79" who="0" fromWho="3" sc="250,87,250,0,250,0,240,-77" /><INIT seed="0,1,0,2,5,130" ten="337,250,250,163" oya="0" hai0="58,82,79,40,116,133,34,97,111,93,48,98,73" hai1="86,109,101,95,69,112,106,36,59,89,63,28,113" hai2="64,6,22,52,0,108,90,51,107,21,71,88,78" hai3="84,83,41,33,43,104,32,16,117,122,125,92,123"/><T20/><D34/><N who="3" m="13417" /><G104/><T56/><D133/><U128/><E28/><V9/><F107/><W77/><G117/><T49/><D111/><U80/><E109/><V105/><F108/><W96/><G125/><T131/><D131/><U85/><E36/><V110/><F105/><W53/><G53/><T124/><D124/><U50/><E128/><V7/><F110/><W15/><G92/><T103/><D116/><U55/><E106/><V39/><F39/><W68/><G96/><T74/><D74/><U61/><E101/><V30/><F78/><W8/><G68/><T17/><D98/><U14/><E14/><V94/><F7/><W46/><G46/><T135/><D135/><U87/><E69/><V132/><F132/><W27/><G27/><T91/><D103/><U126/><E126/><V57/><F30/><W11/><G11/><T129/><D129/><U76/><REACH who="1" step="1"/><E86/><REACH who="1" ten="337,240,250,163" step="2"/><V127/><F127/><W65/><G65/><T26/><REACH who="0" step="1"/><D40/><REACH who="0" ten="327,240,250,163" step="2"/><U18/><E18/><V3/><F6/><W54/><G41/><T72/><D72/><U134/><E134/><V23/><F71/><W115/><G43/><T70/><D70/><U1/><E1/><V119/><F0/><W5/><G16/><T118/><D118/><U12/><E12/><V19/><F119/><W38/><G15/><T66/><D66/><U2/><E2/><V121/><F64/><W4/><G4/><T44/><D44/><U81/><E81/><V25/><F3/><W29/><G5/><T120/><D120/><U114/><AGARI ba="1,2" hai="50,55,59,61,63,76,80,85,87,89,95,112,113,114" machi="114" ten="30,4000,0" yaku="1,1,0,1,11,1,53,0" doraHai="130" doraHaiUra="37" who="1" fromWho="1" sc="327,-21,240,63,250,-11,163,-11" /><INIT seed="1,0,0,3,4,57" ten="306,303,239,152" oya="1" hai0="79,56,62,111,103,97,47,123,66,28,107,112,86" hai1="23,60,121,67,64,15,45,92,13,77,122,41,42" hai2="130,81,134,131,14,33,44,0,124,6,63,74,39" hai3="90,54,129,78,69,93,65,1,3,36,26,53,91"/><U76/><E45/><V34/><F14/><W100/><G36/><T25/><D112/><U48/><E48/><V82/><F82/><W109/><G109/><T32/><D111/><U21/><E92/><V126/><F63/><AGARI ba="0,0" hai="13,15,21,23,41,42,60,63,64,67,76,77,121,122" machi="63" ten="25,9600,0" yaku="22,2,52,2" doraHai="57" who="1" fromWho="2" sc="306,0,303,96,239,-96,152,0" /><INIT seed="1,1,0,3,1,30" ten="306,399,143,152" oya="1" hai0="3,51,121,64,120,106,105,33,66,70,132,52,38" hai1="97,31,0,96,49,60,61,11,39,102,134,36,74" hai2="93,89,71,87,76,83,73,78,129,48,56,43,20" hai3="6,88,79,126,8,1,50,111,128,110,4,69,133"/><U34/><E74/><V29/><F71/><W65/><G79/><T92/><D3/><U55/><E134/><V26/><F129/><W62/><G128/><T77/><D38/><U9/><E31/><V17/><F76/><W32/><G133/><T103/><D77/><U116/><E55/><V72/><F17/><W85/><G126/><T23/><D33/><U15/><E15/><V112/><F112/><W27/><G6/><T131/><D23/><U122/><E49/><V37/><F37/><W75/><G75/><T7/><D7/><U22/><E22/><V18/><F73/><W21/><G50/><T115/><D115/><U42/><E34/><V118/><F118/><W127/><G127/><T25/><D25/><U107/><E107/><V113/><F113/><W5/><G5/><T16/><D16/><U80/><E80/><V117/><F117/><W47/><G47/><T53/><D131/><U123/><E102/><V28/><REACH who="2" step="1"/><F56/><REACH who="2" ten="306,399,133,152" step="2"/><W90/><G111/><T125/><D132/><U68/><E68/><V10/><F10/><W104/><G110/><T46/><D70/><U59/><E59/><V130/><F130/><W2/><G69/><T67/><D125/><U14/><E116/><V45/><AGARI ba="1,1" hai="18,20,26,28,29,43,45,48,72,78,83,87,89,93" machi="45" ten="30,4000,0" yaku="1,1,0,1,53,1" doraHai="30" doraHaiUra="86" who="2" fromWho="2" sc="306,-11,399,-21,133,53,152,-11" /><INIT seed="2,0,0,5,0,131" ten="295,378,186,141" oya="2" hai0="132,15,46,121,70,23,94,81,11,24,76,56,124" hai1="112,127,7,39,9,93,114,32,113,106,42,85,60" hai2="109,84,83,68,74,1,12,90,27,110,82,31,116" hai3="86,30,51,47,59,104,97,115,26,75,120,34,33"/><V20/><F1/><W4/><G75/><T45/><D70/><U65/><E106/><V100/><F116/><W21/><G120/><T117/><D124/><U41/><E127/><V107/><F68/><W38/><G38/><T72/><D121/><U57/><E32/><V10/><F100/><W50/><G115/><T22/><D117/><U63/><E63/><V0/><F107/><W118/><G118/><T126/><D126/><U96/><E85/><V135/><F0/><W77/><G4/><T52/><D94/><U67/><E67/><V28/><F28/><W105/><G59/><T92/><D92/><U19/><E19/><V88/><F135/><W95/><G51/><T25/><D23/><U119/><E39/><V102/><F102/><W5/><G5/><T91/><D91/><U129/><E129/><V80/><F90/><W71/><G71/><T108/><D25/><U111/><E119/><V53/><F53/><W54/><G105/><T101/><D101/><U6/><E6/><V61/><F61/><W14/><G14/><T78/><D78/><U64/><E64/><V125/><F125/><W48/><G48/><T2/><D2/><N who="1" m="247" /><E41/><V58/><F58/><W16/><G104/><T69/><D69/><U44/><E42/><V122/><F122/><W89/><G30/><T103/><D103/><N who="1" m="60815" /><E44/><V37/><F37/><W17/><REACH who="3" step="1"/><G17/><REACH who="3" ten="295,378,186,131" step="2"/><T62/><D46/><U66/><E66/><V13/><F13/><W98/><G98/><T55/><D45/><U99/><E99/><V133/><F74/><W123/><G123/><T40/><D72/><U49/><E49/><RYUUKYOKU ba="0,1" sc="295,-15,378,15,186,-15,131,15" hai1="57,60,65,111,112,113,114" hai3="16,21,26,33,34,47,50,54,77,86,89,95,97" /><INIT seed="3,1,1,3,4,72" ten="280,393,171,146" oya="3" hai0="7,88,27,117,20,66,53,112,39,44,95,22,57" hai1="18,129,63,67,65,10,25,96,76,122,116,19,31" hai2="80,105,128,61,3,68,124,101,36,41,70,23,104" hai3="114,59,109,98,8,54,30,14,13,115,45,108,37"/><W33/><G98/><T35/><D117/><U84/><E18/><V74/><F23/><W127/><G127/><T90/><D112/><N who="3" m="43049" /><G30/><T123/><D123/><U34/><E65/><V86/><F124/><W51/><G33/><T52/><D35/><U85/><E76/><V38/><F74/><W133/><G14/><T26/><D7/><U107/><E122/><V58/><F3/><W119/><G119/><T43/><D66/><U78/><E78/><V29/><F29/><W79/><G79/><T120/><D120/><U0/><E116/><V81/><F101/><W131/><G131/><T42/><D39/><U135/><E129/><V16/><F128/><W75/><G75/><T100/><D44/><U125/><E125/><V28/><F28/><W134/><G13/><T93/><D57/><U92/><E107/><V110/><F16/><W5/><G8/><T12/><D12/><U4/><E19/><V48/><F104/><W56/><G5/><T82/><D82/><U32/><E32/><V40/><F105/><W132/><G37/><T121/><D121/><U87/><E96/><V126/><F126/><W106/><G106/><T94/><D94/><U83/><E92/><V118/><F118/><W11/><G11/><T17/><D17/><U71/><E83/><V73/><F73/><W99/><G99/><T111/><D111/><AGARI ba="1,1" hai="45,51,54,56,59,108,109,111,132,133,134" m="43049" machi="111" ten="40,12000,1" yaku="14,1,10,1,20,1,34,2" doraHai="72" who="3" fromWho="0" sc="280,-123,393,0,171,0,146,133" /><INIT seed="3,2,0,5,0,49" ten="157,393,171,279" oya="3" hai0="17,89,56,111,132,74,119,83,48,73,122,19,87" hai1="129,26,37,107,23,91,120,102,127,98,84,88,62" hai2="11,96,65,86,44,46,128,43,117,108,53,22,115" hai3="1,16,90,64,35,103,130,94,27,116,50,12,63"/><W14/><G116/><T18/><D119/><U95/><E37/><V41/><F115/><W126/><G1/><T79/><D122/><U104/><E120/><V66/><F117/><W75/><G75/><T93/><D111/><U113/><E113/><V8/><F108/><W47/><G130/><T100/><D132/><U72/><E129/><V45/><F128/><W25/><G126/><T109/><D109/><U6/><E127/><V82/><F96/><W39/><G12/><T97/><D48/><U77/><E6/><V34/><F53/><N who="3" m="29919" /><G39/><T61/><REACH who="0" step="1"/><D100/><REACH who="0" ten="147,393,171,279" step="2"/><U76/><E62/><V106/><F34/><W55/><G103/><T121/><D121/><U10/><E10/><N who="2" m="3627" /><F22/><N who="3" m="11543" /><G35/><T69/><D69/><U54/><E72/><V101/><F101/><W131/><G131/><T30/><D30/><U52/><E104/><V36/><F106/><W59/><G64/><AGARI ba="2,1" hai="17,18,19,56,61,64,73,74,79,83,87,89,93,97" machi="64" ten="40,1300,0" yaku="1,1,53,0" doraHai="49" doraHaiUra="21" who="0" fromWho="3" sc="147,29,393,0,171,0,279,-19" owari="176,-22.4,393,49.3,171,-32.9,260,6.0" /></mjloggm>