<mjloggm ver="2.3"><GO type="225" lobby="0"/><UN n0="%E6%A1%9C%E8%8A%B1%E9%96%83%E3%80%85" n1="%E3%81%A8%E3%82%89%E3%81%84%E3%81%A1" n2="%E3%83%A9%E3%82%A4%E3%83%B3%E3%81%AE%E8%99%8E" n3="%E3%81%90%E3%81%A1%E3%82%84%E3%81%BE" dan="16,16,16,16" rate="2116.59,2131.29,2087.79,2140.46" sx="M,M,M,M"/><TAIKYOKU oya="0"/><INIT seed="0,0,0,4,3,108" ten="250,250,250,250" oya="0" hai0="43,21,35,115,93,55,100,133,0,106,48,4,95" hai1="111,90,77,9,11,86,26,94,16,101,92,49,20" hai2="64,110,56,97,73,129,112,30,113,65,123,131,51" hai3="57,52,47,12,61,32,22,23,31,54,63,41,107"/><T59/><D59/><U109/><E77/><V81/><F123/><W130/><G107/><T46/><D46/><U98/><REACH who="1" step="1"/><E49/><REACH who="1" ten="250,240,250,250" step="2"/><V121/><F121/><W85/><G130/><T79/><D48/><U83/><E83/><V126/><F81/><W122/><G122/><T135/><D79/><U84/><E84/><V128/><F73/><W3/><G85/><T40/><D133/><U2/><E2/><V76/><F76/><W99/><G3/><T18/><D0/><U5/><E5/><V69/><F51/><W39/><G99/><T58/><D4/><U1/><E1/><V80/><F80/><W27/><REACH who="3" step="1"/><G12/><REACH who="3" ten="250,240,250,240" step="2"/><T44/><D135/><U117/><E117/><V72/><F97/><W114/><G114/><T66/><D115/><U67/><E67/><V88/><F112/><W134/><G134/><T74/><D66/><U25/><E25/><V82/><F113/><W15/><G15/><T70/><D74/><U34/><E34/><V37/><F72/><W38/><G38/><T89/><D35/><U96/><E96/><V6/><F37/><W120/><G120/><T28/><D106/><U10/><AGARI ba="0,2" hai="9,10,11,16,20,26,86,90,92,94,98,101,109,111" machi="10" ten="30,4000,0" yaku="1,1,0,1,54,1,53,0" doraHai="108" doraHaiUra="42" who="1" fromWho="1" sc="250,-20,240,60,250,-10,240,-10" /><INIT seed="1,0,0,3,3,126" ten="230,300,240,230" oya="1" hai0="105,2,71,37,91,96,10,49,53,85,33,78,114" hai1="55,28,107,60,54,58,64,118,89,86,111,4,8" hai2="90,24,16,76,88,70,20,6,77,81,47,121,50" hai3="19,61,39,74,98,42,23,26,72,75,80,79,127"/><U38/><E118/><V35/><F121/><W134/><G127/><T9/><D114/><U66/><E38/><V92/><F70/><W110/><G110/><T36/><D33/><U1/><E111/><V3/><F35/><W21/><G134/><T84/><D71/><U0/><E107/><V7/><F3/><W45/><G61/><T131/><D37/><U13/><E28/><V67/><F67/><W44/><G44/><T43/><D43/><U15/><E0/><V133/><F133/><W99/><REACH who="3" step="1"/><G21/><REACH who="3" ten="230,300,240,220" step="2"/><T5/><D36/><U51/><E64/><V109/><F109/><W46/><G46/><T135/><D49/><U112/><E112/><V11/><F47/><W130/><G130/><T17/><D131/><U101/><E66/><V113/><F50/><W25/><G25/><T32/><D135/><U65/><E65/><V123/><F113/><W95/><G95/><T106/><D32/><U56/><E101/><V48/><F48/><W73/><AGARI ba="0,1" hai="19,23,26,39,42,45,72,73,74,75,79,80,98,99" machi="73" ten="30,4000,0" yaku="1,1,0,1,53,1" doraHai="126" doraHaiUra="18" who="3" fromWho="3" sc="230,-10,300,-20,240,-10,220,50" /><INIT seed="2,0,0,0,1,132" ten="220,280,230,270" oya="2" hai0="105,37,104,14,40,71,25,97,61,114,33,123,130" hai1="81,51,11,49,95,60,89,107,112,38,131,3,10" hai2="6,62,110,117,48,2,106,27,9,50,19,91,17" hai3="36,47,16,21,119,135,116,101,127,99,53,4,18"/><V85/><F117/><W109/><G135/><T64/><D123/><U126/><E112/><V55/><F106/><W42/><G109/><T20/><D114/><U41/><E107/><V69/><F110/><W63/><G4/><T75/><D130/><U8/><E3/><V22/><F19/><W1/><G1/><T73/><D14/><U23/><E131/><V30/><F30/><W58/><G127/><T24/><D24/><U7/><E7/><V5/><F5/><W26/><REACH who="3" step="1"/><G18/><REACH who="3" ten="220,280,230,260" step="2"/><T87/><D105/><AGARI ba="0,1" hai="16,21,26,36,42,47,53,58,63,99,101,105,116,119" machi="105" ten="30,7700,0" yaku="1,1,2,1,7,1,54,1,53,0" doraHai="132" doraHaiUra="46" who="3" fromWho="0" sc="220,-77,280,0,230,0,260,87" /><INIT seed="3,0,0,0,2,103" ten="143,280,230,347" oya="3" hai0="14,107,23,31,17,116,45,69,127,86,102,92,78" hai1="131,114,27,46,47,55,54,95,7,91,101,93,58" hai2="21,62,81,80,94,57,108,125,42,99,130,106,5" hai3="48,77,10,75,34,118,96,11,73,35,83,13,50"/><W15/><G118/><T19/><D116/><U68/><E68/><V20/><F106/><W135/><G135/><T4/><D127/><U128/><E114/><V39/><F108/><W123/><G96/><T115/><D115/><U61/><E7/><V129/><F5/><W89/><G89/><T18/><D69/><U97/><E27/><V44/><F125/><W121/><G83/><T41/><D31/><U70/><E70/><V76/><F20/><W120/><G120/><T56/><D56/><U72/><E72/><V100/><F21/><W82/><G82/><T59/><D59/><U104/><E93/><V105/><F94/><W110/><G77/><T8/><D92/><U9/><E9/><V117/><F117/><W66/><G66/><T84/><D23/><U25/><E25/><V98/><F98/><W122/><G122/><T67/><D67/><U88/><E91/><V74/><F80/><W134/><G134/><T60/><D60/><U119/><E119/><V22/><F22/><W26/><G26/><T133/><D133/><U33/><E33/><V0/><F0/><W111/><AGARI ba="0,0" hai="10,11,13,15,34,35,48,50,73,75,110,111,121,123" machi="111" ten="25,4800,0" yaku="0,1,22,2" doraHai="103" who="3" fromWho="3" sc="143,-16,280,-16,230,-16,347,48" owari="127,-37.3,264,6.4,214,-18.6,395,49.5" /></mjloggm>