<mjloggm ver="2.3"><GO type="225" lobby="0"/><UN n0="%E3%80%93%E3%81%97%E3%83%BC%E3%82%89%E3%80%93" n1="%E3%83%B4%E3%83%A0%EF%BC%99%E3%81%A6" n2="%E3%83%9D%E3%82%B1%E3%83%83%E3%83%88" n3="%72%69%6F%75%63%68%61%6E" dan="16,16,16,16" rate="2219.37,2144.25,2069.70,2145.77" sx="M,M,M,M"/><TAIKYOKU oya="0"/><INIT seed="0,0,0,4,0,61" ten="250,250,250,250" oya="0" hai0="110,109,46,89,16,17,98,113,7,35,18,70,42" hai1="134,20,66,88,55,77,67,28,26,48,51,62,126" hai2="127,108,12,111,64,0,92,118,117,19,125,116,85" hai3="54,9,33,56,13,36,23,50,52,1,83,128,47"/><T78/><D35/><U6/><E77/><V29/><F85/><W94/><G33/><T124/><D113/><U123/><E123/><V112/><F92/><W32/><G32/><T71/><D124/><N who="2" m="47690" /><F112/><W58/><G128/><T82/><D7/><U104/><E104/><V90/><F90/><W76/><G36/><N who="0" m="21831" /><D89/><U105/><E105/><V11/><F64/><N who="1" m="24617" /><E126/><V119/><N who="2" m="29696" /><DORA hai="102" /><V72/><F72/><W87/><G1/><T43/><D98/><U80/><E134/><V135/><F135/><W96/><G23/><T60/><D43/><U30/><E30/><V15/><F0/><W65/><G65/><N who="0" m="41255" /><D71/><U8/><E88/><V31/><F15/><W93/><G96/><T53/><D53/><U14/><E80/><V107/><F107/><W97/><G97/><T25/><D25/><U121/><E121/><V86/><F86/><W74/><G74/><T100/><D100/><U44/><E44/><V130/><F130/><W68/><G68/><T103/><D103/><U27/><E27/><V34/><F34/><W91/><G91/><T21/><D21/><U114/><E114/><V81/><F81/><W115/><G115/><T101/><D101/><U122/><E122/><V69/><F69/><W38/><G47/><T95/><D95/><U132/><E132/><V133/><F133/><W59/><G94/><T37/><D37/><U57/><AGARI ba="0,0" hai="6,8,14,20,26,28,48,51,55,57,62" m="24617" machi="57" ten="30,7900,0" yaku="8,1,52,3" doraHai="61,102" who="1" fromWho="1" sc="250,-39,250,79,250,-20,250,-20" /><INIT seed="1,0,0,3,5,63" ten="211,329,230,230" oya="1" hai0="132,21,125,5,91,74,107,103,57,82,19,7,78" hai1="13,47,49,115,28,84,64,87,80,68,109,9,53" hai2="46,102,38,48,17,93,32,83,126,56,123,85,76" hai3="127,51,71,133,124,8,1,12,134,14,58,81,34"/><U105/><E115/><V54/><F123/><W121/><G121/><T114/><D114/><U2/><E105/><V135/><F135/><N who="3" m="51723" /><G71/><T89/><D125/><N who="3" m="48201" /><G81/><T119/><D119/><U130/><E2/><V41/><F32/><W52/><G34/><T61/><D132/><U97/><E97/><V25/><F126/><W11/><G11/><T40/><D40/><U94/><E28/><V29/><F29/><W112/><G112/><T36/><D36/><U73/><E68/><V117/><F117/><W98/><G98/><T55/><D103/><U120/><E120/><V22/><F102/><W10/><G10/><T0/><D107/><U79/><E9/><V3/><F93/><W39/><G39/><T77/><D77/><U44/><E80/><V26/><F3/><W24/><G24/><AGARI ba="0,0" hai="17,22,24,25,26,38,41,46,48,54,56,76,83,85" machi="24" ten="30,1000,0" yaku="7,1" doraHai="63" who="2" fromWho="3" sc="211,0,329,0,230,10,230,-10" /><INIT seed="2,0,0,2,3,46" ten="211,329,240,220" oya="2" hai0="33,113,61,68,11,92,8,15,115,128,119,1,112" hai1="73,21,81,135,76,70,20,19,37,117,45,53,56" hai2="110,75,47,94,106,120,43,85,87,124,99,82,7" hai3="133,102,58,39,107,51,127,69,64,125,72,63,84"/><V22/><F120/><W80/><G133/><T27/><D92/><U0/><E117/><V71/><F71/><W40/><G72/><T114/><N who="0" m="28672" /><DORA hai="88" /><T96/><D96/><U103/><E70/><V116/><F116/><W41/><G39/><T65/><D119/><U44/><E135/><V95/><F124/><N who="3" m="47691" /><G102/><T24/><D128/><U29/><E0/><V54/><F7/><W121/><G107/><T67/><D67/><U50/><E103/><V4/><F4/><W38/><G38/><T86/><D86/><U30/><E20/><V57/><F22/><W10/><G121/><T77/><D77/><U105/><E105/><V101/><F110/><W31/><G31/><T122/><D122/><U17/><E17/><V5/><F5/><W12/><G69/><T2/><D33/><U111/><E111/><V89/><F75/><W16/><G51/><T62/><D62/><U74/><E74/><V42/><F47/><W78/><AGARI ba="0,0" hai="10,12,16,40,41,58,63,64,78,80,84" m="47691" machi="78" ten="30,2000,0" yaku="18,1,54,1" doraHai="46,88" who="3" fromWho="3" sc="211,-5,329,-5,240,-10,220,20" /><INIT seed="3,0,0,4,4,95" ten="206,324,230,240" oya="3" hai0="35,26,43,97,22,135,109,13,121,71,73,65,24" hai1="117,85,102,130,66,33,8,11,19,90,56,105,32" hai2="131,128,5,100,47,29,27,81,46,133,70,74,110" hai3="14,83,93,127,28,62,118,91,51,89,55,59,21"/><W87/><G127/><T1/><D73/><U103/><E32/><N who="2" m="20543" /><F110/><W37/><G118/><T106/><D1/><U44/><E130/><N who="2" m="49707" /><F133/><W4/><G37/><T120/><D109/><U112/><E33/><V98/><F70/><W80/><G4/><T94/><D135/><U57/><E44/><V6/><F6/><W16/><G28/><N who="0" m="19847" /><D43/><U41/><E112/><V72/><F5/><W78/><G91/><T45/><D45/><N who="2" m="16906" /><F81/><N who="3" m="47543" /><G62/><N who="0" m="40375" /><D94/><AGARI ba="0,0" hai="72,74,94,98,100" m="16906,49707,20543" machi="94" ten="30,2000,0" yaku="19,1,52,1" doraHai="95" who="2" fromWho="0" sc="206,-20,324,0,230,20,240,0" owari="186,-31.4,324,42.4,250,5.0,240,-16.0" /></mjloggm>