<mjloggm ver="2.3"><GO type="225" lobby="0"/><UN n0="%E3%81%95%E3%81%8D%E3%81%9F%E3%81%BE%E6%9E%97%E6%AA%8E" n1="%E3%83%81%E3%83%83%E3%82%BF%E3%82%BD%E3%83%BC" n2="%E3%83%96%E3%83%83%E3%83%91%E3%82%AA%E3%83%96%E3%83%81%E3%82%AD%E3%83%B3" n3="%55%E3%81%A3%E3%81%A1" dan="16,17,16,16" rate="2136.80,2198.48,2143.09,2116.60" sx="M,F,M,M"/><TAIKYOKU oya="0"/><INIT seed="0,0,0,0,1,105" ten="250,250,250,250" oya="0" hai0="66,85,26,120,104,58,82,43,73,98,13,78,47" hai1="38,81,86,76,19,74,40,100,118,61,79,35,41" hai2="67,21,42,113,121,127,8,112,9,65,75,32,114" hai3="48,52,115,16,102,94,101,117,45,110,11,99,56"/><T84/><D120/><U88/><E118/><V122/><F32/><W59/><G115/><T134/><D134/><U28/><E38/><V71/><F42/><W119/><G110/><T106/><D26/><U83/><E100/><V46/><F46/><W111/><G111/><T22/><D106/><U80/><E61/><V36/><F36/><W50/><G102/><T15/><D104/><U37/><E37/><V135/><F135/><W25/><G59/><T108/><D98/><U33/><E19/><V44/><F44/><W124/><G117/><T27/><D108/><U29/><E33/><V24/><F71/><W51/><G119/><T30/><D15/><U49/><E49/><V116/><F116/><W70/><G70/><T107/><D107/><U23/><E23/><V34/><F34/><W131/><G131/><T125/><D125/><U62/><E62/><V129/><F113/><W68/><G68/><T1/><D1/><U54/><E54/><V6/><F21/><N who="3" m="13479" /><G124/><T128/><D128/><U130/><E130/><V4/><F129/><W18/><G45/><T93/><D13/><AGARI ba="0,0" hai="11,13,18,48,50,51,52,56,94,99,101" m="13479" machi="13" ten="30,3900,0" yaku="8,1,54,2" doraHai="105" who="3" fromWho="0" sc="250,-39,250,0,250,0,250,39" /><INIT seed="1,0,0,0,1,107" ten="211,250,250,289" oya="1" hai0="100,65,73,49,51,106,99,116,2,78,103,7,97" hai1="12,72,30,128,11,117,81,54,79,126,77,92,80" hai2="94,127,121,96,50,131,33,114,102,115,4,62,104" hai3="9,47,58,0,119,69,110,32,13,90,91,83,26"/><U48/><E126/><V17/><F121/><W120/><G120/><T59/><D116/><U98/><E128/><V93/><F33/><W67/><G69/><T82/><D2/><U23/><E117/><V66/><F127/><W89/><G110/><T70/><D70/><U84/><E23/><V37/><F37/><W19/><G0/><T55/><D7/><U105/><E105/><V74/><F131/><W44/><G119/><T108/><D108/><U129/><E30/><V10/><F17/><W135/><G135/><T20/><D20/><U42/><E42/><V14/><F50/><W133/><G133/><T40/><D65/><U27/><E27/><V60/><F74/><W76/><G32/><T57/><D40/><U101/><E129/><V85/><F62/><N who="3" m="38359" /><G26/><T24/><D24/><U25/><E25/><V38/><F38/><W132/><G132/><T111/><D111/><U56/><REACH who="1" step="1"/><E12/><REACH who="1" ten="211,240,250,289" step="2"/><V36/><F104/><W124/><G124/><T18/><D18/><U71/><E71/><V43/><F14/><W15/><G13/><T1/><D1/><U8/><AGARI ba="0,1" hai="8,11,48,54,56,72,77,79,80,81,84,92,98,101" machi="8" ten="30,6000,0" yaku="1,1,0,1,52,1,53,0" doraHai="107" doraHaiUra="64" who="1" fromWho="1" sc="211,-20,240,70,250,-20,289,-20" /><INIT seed="1,1,0,4,3,113" ten="191,310,230,269" oya="1" hai0="39,15,72,134,36,85,34,48,57,64,5,135,61" hai1="49,79,58,43,12,46,50,47,111,91,38,6,130" hai2="110,42,17,116,115,112,66,119,120,13,105,14,10" hai3="81,60,51,45,107,90,7,73,94,84,123,52,118"/><U22/><E130/><V59/><F105/><W16/><G123/><T25/><D72/><U21/><E79/><V0/><F42/><W132/><G107/><T18/><D5/><U106/><E106/><V11/><F0/><W127/><G127/><T1/><D1/><U76/><E76/><V74/><F74/><W40/><G132/><N who="0" m="50731" /><D85/><U125/><E125/><V37/><F37/><W95/><G7/><T101/><D101/><U108/><E38/><V109/><F59/><N who="3" m="34919" /><G73/><T56/><D56/><U104/><E104/><V131/><F66/><W24/><G118/><N who="2" m="45097" /><F131/><W78/><G78/><T96/><D96/><U87/><E58/><V27/><F27/><W54/><G40/><T121/><D121/><U29/><E29/><V20/><F120/><W9/><G24/><T93/><D93/><U31/><E31/><V80/><F80/><W82/><G82/><T3/><D3/><U63/><E63/><V88/><F88/><W103/><G103/><T33/><D48/><U26/><E26/><V23/><F115/><W126/><G126/><T55/><D64/><U124/><E124/><V92/><F92/><W2/><G2/><T70/><D70/><U35/><E91/><V98/><F112/><W89/><G89/><T32/><D25/><U117/><E87/><V65/><F65/><W53/><G53/><T62/><D62/><U67/><E67/><V133/><F133/><W77/><G77/><T28/><D28/><U44/><E43/><V102/><F102/><W69/><G69/><T122/><D122/><U4/><E49/><V8/><F98/><W75/><G75/><RYUUKYOKU ba="1,0" sc="191,10,310,-30,230,10,269,10" hai0="15,18,32,33,34,36,39,55,57,61" hai2="8,10,11,13,14,17,20,23,109,110" hai3="9,16,45,51,54,81,84,90,94,95" /><INIT seed="2,2,0,0,3,119" ten="201,280,240,279" oya="2" hai0="94,17,83,117,34,126,37,53,125,92,86,40,58" hai1="121,49,78,14,133,69,135,100,93,112,127,39,52" hai2="42,60,0,12,25,99,22,72,46,76,47,129,68" hai3="38,82,24,107,6,26,101,103,80,4,57,113,87"/><V28/><F129/><W31/><G38/><T19/><D34/><U23/><E112/><V63/><F0/><W7/><G113/><T96/><D117/><U111/><E111/><V16/><F68/><W120/><G120/><T64/><D64/><U10/><E39/><V29/><F72/><W21/><G107/><T20/><D40/><U77/><E69/><V84/><F99/><W108/><G108/><T9/><D9/><U123/><E23/><V30/><F25/><W43/><G43/><T109/><D109/><U65/><E65/><V5/><F5/><W90/><G24/><T15/><D37/><U62/><E62/><V122/><F122/><N who="1" m="46601" /><E127/><N who="0" m="48649" /><D19/><N who="1" m="8663" /><E93/><V36/><REACH who="2" step="1"/><F47/><REACH who="2" ten="201,280,230,279" step="2"/><W124/><G124/><T131/><D131/><U41/><E100/><N who="3" m="38474" /><G57/><T59/><D59/><N who="1" m="33167" /><E41/><V75/><F75/><W85/><G4/><T32/><D96/><U54/><E54/><V3/><F3/><W118/><G118/><T48/><D32/><U8/><E8/><V61/><F61/><W13/><G13/><T128/><D128/><U50/><E50/><V74/><F74/><W56/><G56/><T91/><AGARI ba="2,1" hai="15,17,20,48,53,58,83,86,91,92,94" m="48649" machi="91" ten="30,1100,0" yaku="18,1" doraHai="119" who="0" fromWho="0" sc="201,27,280,-5,230,-7,279,-5" /><INIT seed="3,0,0,3,4,111" ten="228,275,223,274" oya="3" hai0="129,117,56,113,104,4,97,64,60,77,43,14,108" hai1="40,22,115,1,6,100,23,9,130,36,110,55,90" hai2="2,128,94,109,131,12,119,66,132,102,88,134,65" hai3="122,118,47,42,32,112,16,13,78,124,62,127,83"/><W34/><G118/><T52/><D117/><U20/><E110/><V63/><F119/><W38/><G122/><T91/><D108/><U126/><E130/><N who="2" m="49707" /><F109/><W54/><G112/><T120/><D120/><U11/><E126/><N who="3" m="48170" /><G54/><T106/><D129/><U50/><E100/><V74/><F2/><W93/><G93/><N who="0" m="56511" /><D43/><U57/><E115/><V135/><F74/><N who="3" m="43479" /><G62/><T25/><D113/><U123/><E123/><V0/><F0/><W125/><G125/><T107/><D107/><U82/><E11/><AGARI ba="0,0" hai="11,13,16,32,34,38,42,47" m="43479,48170" machi="11" ten="30,2900,0" yaku="18,1,54,1" doraHai="111" who="3" fromWho="1" sc="228,0,275,-29,223,0,274,29" owari="228,-17.2,246,4.6,223,-27.7,303,40.3" /></mjloggm>