<mjloggm ver="2.3"><GO type="225" lobby="0"/><UN n0="%E7%9A%AE%E3%80%85" n1="%E9%B3%B4%E8%8C%B6" n2="%E3%83%81%E3%83%83%E3%82%BF%E3%82%BD%E3%83%BC" n3="%E5%B0%8F%E9%B3%A5%E9%81%8A%E7%B7%B4%E7%84%A1%32%31%E6%AD%B3" dan="16,16,16,16" rate="2119.02,2088.16,2096.53,2184.07" sx="M,M,F,F"/><TAIKYOKU oya="0"/><INIT seed="0,0,0,5,1,24" ten="250,250,250,250" oya="0" hai0="29,111,85,119,73,52,31,10,125,110,5,3,53" hai1="91,89,124,135,109,131,112,68,44,27,127,49,126" hai2="57,133,19,16,40,93,122,99,83,46,76,103,96" hai3="128,94,107,42,37,118,4,129,77,82,113,18,70"/><T87/><D73/><U63/><E109/><N who="0" m="41481" /><D119/><U116/><E116/><V97/><F133/><W79/><G107/><T120/><D120/><U35/><E135/><V55/><F122/><W47/><G113/><T100/><D125/><U15/><E131/><V105/><F57/><W54/><G70/><T65/><D65/><N who="1" m="41023" /><E112/><V86/><F55/><N who="0" m="21066" /><D100/><U33/><E15/><V6/><F6/><W102/><G4/><T22/><D22/><U1/><E1/><V104/><F96/><W38/><G118/><T14/><D3/><U66/><E66/><V78/><F78/><W8/><G77/><T69/><D69/><U58/><E58/><V123/><F123/><W36/><G102/><T80/><D87/><U30/><E33/><V132/><F132/><W67/><G67/><T71/><D71/><U56/><E56/><V90/><REACH who="2" step="1"/><F105/><REACH who="2" ten="250,250,240,250" step="2"/><W43/><G129/><T59/><D59/><U95/><E95/><V115/><F115/><W64/><G94/><T98/><D98/><U2/><E2/><V92/><F92/><W45/><G128/><T34/><D34/><U11/><E11/><V25/><F25/><W101/><G8/><T60/><D60/><U9/><E9/><V106/><F106/><W13/><G79/><AGARI ba="0,1" hai="5,10,14,29,31,79,80,85" m="21066,41481" machi="79" ten="30,12000,1" yaku="14,1,10,1,52,2,54,1" doraHai="24" who="0" fromWho="3" sc="250,130,250,0,240,0,250,-120" /><INIT seed="0,1,0,4,3,26" ten="380,250,240,130" oya="0" hai0="81,66,33,11,35,47,59,125,108,100,32,78,72" hai1="41,124,114,28,116,42,111,57,67,60,98,23,18" hai2="99,2,79,135,83,127,117,65,97,130,39,107,56" hai3="110,101,113,128,12,43,48,103,106,8,80,92,1"/><T22/><D125/><U15/><E116/><V53/><F65/><W40/><G1/><T70/><D70/><U19/><E124/><V45/><F127/><W71/><G113/><T85/><D100/><U16/><E114/><V49/><F130/><W31/><G71/><T13/><D47/><U20/><E111/><V86/><F135/><W76/><G106/><T122/><D122/><U50/><E50/><V55/><F117/><W10/><G110/><T14/><D108/><U29/><E98/><V84/><F2/><W133/><G133/><T118/><D118/><U30/><REACH who="1" step="1"/><E16/><REACH who="1" ten="380,240,240,130" step="2"/><V25/><F39/><W21/><G48/><T69/><D11/><U37/><E37/><V104/><F97/><W88/><G128/><T36/><D36/><U51/><E51/><V17/><F99/><W58/><G8/><T74/><D69/><U134/><E134/><V87/><F107/><W64/><G103/><T63/><REACH who="0" step="1"/><D13/><AGARI ba="1,1" hai="13,15,18,19,20,23,28,29,30,41,42,57,60,67" machi="13" ten="40,12000,2" yaku="1,1,9,1,8,1,52,3,53,0" doraHai="26" doraHaiUra="93" who="1" fromWho="0" sc="380,-123,240,133,240,0,130,0" /><INIT seed="1,0,0,1,5,81" ten="257,373,240,130" oya="1" hai0="51,126,105,70,78,98,85,77,94,30,39,135,6" hai1="87,109,67,2,20,47,93,134,26,71,53,55,50" hai2="100,54,114,21,59,129,123,35,117,124,38,89,96" hai3="127,80,86,107,120,92,33,132,56,28,41,112,40"/><U122/><E122/><V36/><F117/><W19/><G107/><T8/><D39/><U110/><E2/><V102/><F123/><W48/><G112/><T42/><D135/><U1/><E1/><V106/><F124/><W101/><G120/><T18/><D70/><U43/><E134/><V3/><F35/><W58/><G127/><T91/><D126/><U111/><E67/><V66/><F3/><W64/><G132/><T12/><D30/><N who="1" m="17735" /><E71/><V128/><F114/><W113/><G113/><T99/><D105/><U10/><E10/><V68/><F100/><W65/><G28/><T83/><D99/><U13/><E13/><V62/><F21/><W23/><G33/><T24/><D24/><U90/><AGARI ba="0,0" hai="43,47,50,53,55,87,90,93,109,110,111" m="17735" machi="90" ten="40,7800,0" yaku="14,1,10,1,52,1" doraHai="81" who="1" fromWho="1" sc="257,-26,373,78,240,-26,130,-26" /><INIT seed="1,1,0,1,2,89" ten="231,451,214,104" oya="1" hai0="48,120,84,83,3,65,91,118,111,47,12,55,2" hai1="110,6,93,7,107,86,39,15,38,31,116,125,9" hai2="115,103,68,79,73,62,88,90,40,114,57,45,92" hai3="71,28,102,61,134,97,0,22,56,1,70,127,132"/><U113/><E107/><V72/><F68/><W30/><G127/><T108/><D118/><U21/><E116/><V112/><F103/><W16/><G28/><T63/><D120/><U77/><E125/><V133/><F133/><N who="3" m="51307" /><G30/><T20/><D20/><U19/><E113/><V76/><F90/><W18/><G70/><T8/><D111/><U122/><E122/><V128/><F128/><W106/><G71/><T75/><D75/><N who="2" m="28746" /><F57/><W34/><G34/><T105/><D105/><U80/><E110/><V53/><F53/><N who="3" m="33935" /><G18/><T54/><D54/><U42/><E31/><V126/><F62/><W26/><AGARI ba="1,0" hai="0,1,16,22,26,97,102,106" m="33935,51307" machi="26" ten="30,2000,0" yaku="20,1,54,1" doraHai="89" who="3" fromWho="3" sc="231,-6,451,-11,214,-6,104,23" /><INIT seed="2,0,0,3,5,69" ten="225,440,208,127" oya="2" hai0="19,119,41,81,135,86,26,57,59,82,62,27,130" hai1="25,5,96,113,36,67,43,92,33,45,97,71,79" hai2="94,52,31,66,38,122,56,84,70,72,21,91,15" hai3="39,120,18,132,30,51,114,17,10,63,124,9,102"/><V16/><F122/><W128/><G120/><T75/><D135/><U50/><E113/><V44/><F72/><W7/><G132/><T133/><D133/><U3/><E79/><V22/><F70/><W112/><G51/><T111/><D111/><U68/><E97/><V104/><F104/><W74/><G74/><T46/><D130/><U121/><E121/><V12/><F66/><W24/><G102/><T2/><D2/><U108/><E108/><V58/><F38/><W13/><G63/><T54/><D119/><U125/><E125/><V40/><F40/><W0/><G39/><T99/><D75/><U117/><E117/><V90/><F90/><W129/><G17/><T28/><D99/><U100/><E67/><V42/><F42/><W118/><G124/><T35/><D59/><U89/><E89/><V60/><F60/><W95/><G95/><T14/><D86/><U48/><E50/><N who="2" m="28743" /><F12/><W78/><G78/><T126/><D26/><AGARI ba="0,0" hai="15,16,21,22,26,31,56,58,84,91,94" m="28743" machi="26" ten="30,5800,0" yaku="8,1,54,2" doraHai="69" who="2" fromWho="0" sc="225,-58,440,0,208,58,127,0" /><INIT seed="2,1,0,0,5,95" ten="167,440,266,127" oya="2" hai0="97,37,78,63,34,39,62,61,20,131,73,14,119" hai1="36,82,99,133,129,74,35,109,42,126,59,130,118" hai2="45,98,50,11,103,69,124,21,18,70,132,96,116" hai3="84,66,104,115,58,79,4,94,16,85,120,22,56"/><V75/><F116/><W80/><G120/><T64/><D34/><U65/><E118/><V30/><F124/><W26/><G104/><T13/><D119/><U67/><E126/><V105/><F132/><W52/><G115/><T53/><D131/><U12/><E35/><V83/><F30/><W38/><G38/><T23/><D64/><U100/><E133/><V55/><F11/><W135/><G135/><T90/><D53/><U112/><E112/><V54/><F54/><W77/><G4/><T110/><D110/><U91/><E12/><V47/><F47/><W89/><G66/><T46/><D78/><U27/><E65/><V6/><F6/><W102/><G58/><T101/><D73/><U111/><E59/><V93/><F83/><W10/><G10/><T48/><D90/><U40/><E67/><V43/><F43/><W49/><G102/><T2/><D2/><U72/><E40/><V71/><F75/><W127/><G127/><T106/><D37/><U9/><E72/><V57/><F57/><W0/><G0/><T108/><D39/><U86/><E74/><V32/><F32/><W25/><G77/><T107/><D107/><N who="1" m="63903" /><E9/><V5/><F5/><W114/><G114/><T87/><D87/><U76/><E76/><V3/><F3/><W92/><G92/><N who="0" m="58535" /><D108/><N who="1" m="41547" /><E27/><AGARI ba="1,0" hai="16,22,25,26,27,49,52,56,79,80,84,85,89,94" machi="27" ten="30,7700,0" yaku="7,1,8,1,54,2" doraHai="95" who="3" fromWho="1" sc="167,0,440,-80,266,0,127,80" /><INIT seed="3,0,0,5,1,60" ten="167,360,266,207" oya="3" hai0="15,68,114,34,56,125,128,5,133,52,120,27,129" hai1="35,22,13,121,51,83,135,69,130,98,7,73,12" hai2="105,107,42,25,111,116,97,76,86,16,11,23,84" hai3="89,113,118,81,28,127,87,123,44,66,58,72,124"/><W117/><G123/><T32/><D120/><U41/><E35/><N who="0" m="13353" /><D68/><U96/><E121/><V85/><F111/><W93/><G113/><T112/><D133/><U94/><E130/><N who="0" m="50281" /><D56/><U67/><E96/><V108/><F108/><W77/><G44/><T74/><D74/><U79/><E94/><V29/><F116/><W95/><G95/><T36/><D36/><U20/><E98/><V115/><F115/><N who="0" m="44074" /><D52/><U82/><E73/><V17/><F42/><W122/><G122/><T38/><D38/><U30/><E41/><V8/><F97/><W19/><G19/><T10/><D27/><U21/><E69/><V4/><F105/><W54/><G54/><T71/><D71/><U48/><E51/><V92/><F107/><W49/><G49/><T100/><D100/><U26/><E48/><V78/><F84/><W101/><G101/><T134/><D134/><U64/><E26/><V47/><F25/><W33/><G117/><T102/><D102/><U3/><E83/><V91/><F85/><W14/><G118/><T55/><D55/><U109/><E82/><V31/><F86/><W90/><G90/><T2/><D125/><N who="3" m="48201" /><G14/><AGARI ba="0,0" hai="2,5,10,14,15" m="44074,50281,13353" machi="14" ten="40,8000,1" yaku="19,1,11,1,34,2" doraHai="60" who="0" fromWho="3" sc="167,80,360,0,266,0,207,-80" owari="247,-15.3,360,46.0,266,6.6,127,-37.3" /></mjloggm>