<mjloggm ver="2.3"><GO type="225" lobby="0"/><UN n0="%72%69%6F%75%63%68%61%6E" n1="%E6%A1%9C%E8%8A%B1%E9%96%83%E3%80%85" n2="%E3%81%8A%E3%81%AB%E3%82%83%E3%81%8A%E3%81%A1%E3%82%83" n3="%E3%82%A4%E3%83%BC%E3%82%B1%E3%83%97%E3%83%A9" dan="16,17,16,16" rate="2122.99,2222.13,2088.56,2109.99" sx="M,M,M,M"/><TAIKYOKU oya="0"/><INIT seed="0,0,0,2,5,16" ten="250,250,250,250" oya="0" hai0="42,88,54,109,92,9,122,22,133,60,106,21,127" hai1="34,114,113,31,18,69,120,94,44,72,41,74,130" hai2="52,134,17,45,67,36,132,87,2,65,118,108,135" hai3="82,105,115,98,61,30,83,79,10,62,57,101,24"/><T124/><D133/><U100/><E120/><V1/><F108/><W77/><G115/><N who="1" m="44042" /><E69/><V26/><F118/><W8/><G82/><T39/><D109/><U38/><E130/><V102/><F102/><W7/><G62/><T78/><D122/><U63/><E63/><V66/><F87/><W91/><G91/><T27/><D106/><U126/><E126/><N who="0" m="48169" /><D78/><U53/><E53/><V84/><F84/><W43/><G43/><T110/><D110/><U68/><E68/><V121/><F121/><W117/><G117/><T112/><D112/><U19/><E31/><V107/><F107/><W12/><G10/><T25/><D9/><U59/><E34/><V96/><F96/><W71/><G83/><T20/><D42/><U29/><E29/><V0/><F36/><W6/><G6/><T13/><D39/><U46/><E59/><V55/><F45/><W49/><G49/><T93/><D13/><U58/><E46/><V86/><F86/><W28/><G28/><T97/><D92/><U104/><E104/><V50/><F50/><W90/><G90/><T131/><D131/><U37/><E37/><V123/><F123/><W32/><REACH who="3" step="1"/><G71/><REACH who="3" ten="250,250,250,240" step="2"/><T14/><D14/><U119/><E119/><V89/><F89/><W81/><G81/><T73/><D73/><U15/><E74/><V75/><F75/><W125/><G125/><T95/><D93/><U116/><E72/><V129/><F129/><W56/><G56/><AGARI ba="0,1" hai="20,21,22,25,27,54,56,60,88,95,97" m="48169" machi="56" ten="30,12000,1" yaku="18,1,52,3,54,1" doraHai="16" who="0" fromWho="3" sc="250,130,250,0,250,0,240,-120" /><INIT seed="0,1,0,1,1,53" ten="380,250,250,120" oya="0" hai0="6,89,109,60,14,8,100,71,1,119,35,106,50" hai1="121,62,135,98,10,52,134,12,132,68,102,33,44" hai2="73,84,95,24,99,42,83,34,131,120,110,108,47" hai3="3,29,25,36,40,79,107,19,70,30,130,22,111"/><T97/><D119/><U51/><E121/><V129/><F120/><W66/><G107/><T91/><D109/><N who="2" m="42090" /><F24/><W126/><G3/><T125/><D125/><U4/><E33/><V93/><F34/><W72/><G126/><T11/><D35/><U20/><E20/><V0/><F0/><W77/><G111/><T81/><D81/><U59/><E68/><V64/><F64/><W31/><G130/><N who="2" m="49673" /><F47/><W58/><G70/><T27/><D27/><U90/><E90/><N who="2" m="51487" /><F42/><W49/><G72/><T113/><D113/><U103/><REACH who="1" step="1"/><E98/><REACH who="1" ten="380,240,250,120" step="2"/><V74/><F95/><W55/><REACH who="3" step="1"/><G66/><AGARI ba="1,1" hai="4,10,12,44,51,52,59,62,66,102,103,132,134,135" machi="66" ten="40,8000,1" yaku="1,1,2,1,20,1,52,1,54,1,53,0" doraHai="53" doraHaiUra="13" who="1" fromWho="3" sc="380,0,240,93,250,0,120,-83" /><INIT seed="1,0,0,3,3,109" ten="380,333,250,37" oya="1" hai0="5,69,120,60,19,68,131,21,51,74,10,70,12" hai1="9,29,28,25,33,130,87,101,73,129,59,132,54" hai2="65,85,77,110,67,108,103,62,35,125,96,2,13" hai3="135,52,119,20,57,116,124,134,92,111,84,1,64"/><U15/><E73/><V34/><F2/><W83/><G1/><T112/><D131/><N who="1" m="50187" /><E101/><V53/><F125/><W80/><G64/><T97/><D112/><U93/><E132/><N who="3" m="50730" /><G111/><N who="2" m="42537" /><F53/><W105/><G105/><T58/><D74/><U89/><E25/><V72/><F72/><W6/><G6/><T11/><D120/><U48/><E33/><V91/><F77/><W37/><G37/><T30/><D30/><U100/><E100/><V43/><F43/><W123/><G123/><T49/><D97/><U32/><E32/><V24/><F13/><W61/><G124/><T126/><D126/><U66/><E66/><V79/><F79/><W42/><G42/><T127/><D127/><U14/><E14/><V8/><F8/><W27/><G92/><T16/><D10/><U122/><E122/><V46/><F46/><W128/><G128/><T18/><REACH who="0" step="1"/><D21/><REACH who="0" ten="370,333,250,37" step="2"/><U36/><E36/><V40/><F96/><W94/><G94/><T86/><D86/><U114/><E114/><V88/><F85/><W90/><G83/><T71/><N who="0" m="17408" /><DORA hai="106" /><T38/><D38/><U44/><E44/><V76/><F34/><W63/><G119/><T17/><N who="0" m="4096" /><DORA hai="121" /><T82/><D82/><U22/><E22/><V47/><F35/><W3/><G116/><T81/><D81/><U23/><E23/><V99/><F99/><W118/><G118/><T115/><D115/><U0/><E29/><V7/><F24/><W107/><G107/><T55/><AGARI ba="0,1" hai="5,11,12,49,51,55,58,60" m="4096,17408" machi="55" ten="70,12000,2" yaku="1,1,0,1,54,1,53,3" doraHai="109,106,121" doraHaiUra="45,4,102" who="0" fromWho="0" sc="370,130,333,-60,250,-30,37,-30" /><INIT seed="2,0,0,3,0,80" ten="500,273,220,7" oya="2" hai0="82,67,83,36,84,134,72,70,34,135,24,95,58" hai1="51,96,130,68,69,17,89,106,20,110,63,98,128" hai2="87,42,60,76,127,26,113,116,100,112,8,125,32" hai3="13,9,108,85,47,126,104,30,1,53,39,12,44"/><V131/><F42/><W73/><G73/><T37/><D70/><N who="1" m="27243" /><E63/><V62/><F60/><W35/><G104/><T6/><D6/><U129/><E110/><V105/><F62/><W120/><G120/><T103/><D58/><U61/><E61/><V99/><F8/><W117/><G117/><T18/><D67/><U102/><E51/><V56/><F56/><W74/><G74/><T57/><D57/><U55/><E55/><V59/><F59/><W49/><G108/><T109/><D109/><U118/><E118/><V122/><F26/><W90/><G126/><N who="2" m="48137" /><F32/><W3/><G30/><T11/><D34/><U43/><E43/><V91/><F116/><W48/><G35/><T66/><D24/><U93/><E17/><V21/><F21/><AGARI ba="0,0" hai="20,21,89,93,96,98,102,106,128,129,130" m="27243" machi="21" ten="40,1300,0" yaku="19,1" doraHai="80" who="1" fromWho="2" sc="500,0,273,13,220,-13,7,0" /><INIT seed="3,0,0,1,0,95" ten="500,286,207,7" oya="3" hai0="93,59,68,10,31,102,118,94,38,0,7,90,46" hai1="115,58,103,48,96,78,15,57,60,71,47,125,5" hai2="8,70,105,62,66,64,14,126,73,101,29,99,109" hai3="97,23,119,32,40,28,132,74,50,107,33,6,84"/><W77/><G119/><T104/><D118/><U67/><E115/><V43/><F109/><W45/><G132/><T117/><D117/><U17/><E78/><V53/><F126/><W72/><G6/><T1/><D68/><U108/><E108/><V110/><F110/><W55/><G33/><T16/><D31/><U130/><E130/><V4/><F66/><W65/><G32/><T26/><D0/><U127/><E5/><V56/><F73/><W41/><G72/><T21/><D59/><U116/><E116/><V11/><F11/><W85/><G74/><T81/><D104/><U129/><E129/><V61/><F29/><W20/><G65/><T22/><D102/><U49/><E49/><V134/><REACH who="2" step="1"/><F43/><REACH who="2" ten="500,286,197,7" step="2"/><N who="3" m="16459" /><G107/><T30/><D26/><U51/><E127/><V111/><F111/><W12/><G77/><T124/><D94/><U100/><E125/><V24/><F24/><N who="3" m="16391" /><G97/><T76/><D1/><U87/><E96/><V34/><F34/><W98/><G98/><T39/><D124/><U89/><E67/><V133/><AGARI ba="0,1" hai="4,8,14,53,56,61,62,64,70,99,101,105,133,134" machi="133" ten="30,7900,0" yaku="1,1,0,1,52,1,53,1" doraHai="95" doraHaiUra="3" who="2" fromWho="2" sc="500,-20,286,-20,197,89,7,-39" owari="480,58.0,266,-13.4,286,8.6,-32,-53.2" /></mjloggm>