<mjloggm ver="2.3"><GO type="225" lobby="0"/><UN n0="%E6%B7%91%E5%A5%B3%E3%81%AE%E5%97%9C%E3%81%BF" n1="%E6%81%A5%E6%99%92%E3%81%97" n2="%E3%80%90%E3%83%88%E3%83%AA%E3%83%A5%E3%83%95%E3%80%91" n3="%E5%B0%8F%E5%AE%AE%E3%81%9F%E3%81%9A%E3%81%8D" dan="16,16,16,16" rate="2085.29,2147.39,2133.69,2136.26" sx="M,M,M,F"/><TAIKYOKU oya="0"/><INIT seed="0,0,0,1,2,102" ten="250,250,250,250" oya="0" hai0="32,119,86,25,28,121,65,117,42,122,123,27,9" hai1="131,83,73,132,87,70,125,75,20,81,78,38,106" hai2="91,127,55,7,71,118,114,124,62,129,95,39,88" hai3="46,47,29,36,45,53,14,17,84,21,5,89,109"/><T23/><D65/><U4/><E70/><V44/><F114/><W35/><G109/><T50/><D86/><U96/><E38/><V98/><F7/><W19/><G35/><T3/><D42/><U76/><E4/><V111/><F111/><W41/><G29/><N who="0" m="19503" /><D50/><U74/><E20/><V104/><F129/><W59/><G19/><T18/><D3/><U113/><E131/><V108/><F108/><W16/><G17/><T90/><D90/><N who="1" m="51567" /><E125/><N who="2" m="48203" /><F118/><N who="0" m="45066" /><D9/><U110/><E110/><V135/><F39/><W43/><G5/><T31/><AGARI ba="0,0" hai="18,23,27,28,31,121,122,123" m="45066,19503" machi="31" ten="40,3900,0" yaku="34,2" doraHai="102" who="0" fromWho="0" sc="250,39,250,-13,250,-13,250,-13" /><INIT seed="0,1,0,0,1,4" ten="289,237,237,237" oya="0" hai0="104,88,97,37,78,69,40,16,79,90,53,19,121" hai1="85,21,118,8,66,92,130,117,22,70,81,127,58" hai2="83,51,43,65,134,18,60,91,39,105,5,135,45" hai3="24,48,68,123,49,54,56,17,80,129,116,120,15"/><T75/><D121/><N who="3" m="46665" /><G116/><T99/><D69/><U14/><E70/><V133/><F105/><W35/><G68/><T44/><D53/><U42/><E127/><V106/><F106/><W55/><G129/><T28/><D28/><U71/><E71/><N who="2" m="42407" /><F5/><W0/><G0/><T125/><D125/><U108/><E108/><V101/><F18/><W67/><G67/><T30/><D30/><U100/><E130/><V131/><F101/><W20/><G80/><T1/><D1/><U32/><E42/><V36/><F131/><W95/><G95/><T23/><D19/><U29/><E32/><V50/><F83/><W102/><G102/><T112/><D112/><U103/><E117/><V57/><F91/><W107/><G107/><T47/><D104/><U73/><E73/><V111/><F111/><W64/><G64/><T13/><D75/><U74/><E74/><V10/><F10/><W82/><G82/><T26/><D90/><N who="1" m="53327" /><E81/><V6/><F6/><W89/><G89/><T52/><D88/><U9/><E118/><V41/><F41/><W46/><G35/><T86/><D99/><U2/><E2/><V126/><F126/><W109/><G109/><T110/><D97/><U38/><E100/><V72/><F72/><W98/><G98/><T33/><D110/><U77/><E103/><V76/><F76/><W63/><G63/><T128/><D128/><U12/><E77/><N who="0" m="29193" /><D86/><U59/><E66/><V93/><F93/><W7/><G7/><T25/><D33/><U114/><E114/><V94/><F94/><W31/><G31/><T3/><D3/><U113/><E113/><RYUUKYOKU ba="1,0" sc="289,10,237,-30,237,10,237,10" hai0="13,16,23,25,26,37,40,44,47,52" hai2="36,39,43,45,50,51,57,133,134,135" hai3="15,17,20,24,46,48,49,54,55,56" /><INIT seed="0,2,0,0,5,133" ten="299,207,247,247" oya="0" hai0="124,3,111,18,47,11,87,132,100,83,106,33,76" hai1="64,97,42,46,7,60,82,120,2,14,13,34,135" hai2="72,90,102,126,125,108,19,84,29,21,113,10,74" hai3="20,79,30,77,96,65,35,48,1,8,75,104,114"/><T9/><D132/><U94/><E135/><V123/><F113/><W118/><G114/><T25/><D124/><N who="2" m="47722" /><F123/><W112/><G20/><T88/><D111/><U17/><E34/><V23/><F102/><W28/><G48/><T121/><D121/><U55/><E2/><V95/><F108/><W128/><G8/><T66/><D66/><U44/><E7/><V12/><F29/><W105/><G1/><T71/><D71/><U53/><E82/><V130/><F130/><W51/><G30/><T56/><D56/><U6/><E6/><V58/><F58/><W110/><G28/><T119/><D119/><U69/><E14/><V16/><F10/><W40/><G128/><T37/><D100/><U57/><E69/><V27/><AGARI ba="2,0" hai="12,16,19,21,23,27,72,74,84,90,95" m="47722" machi="27" ten="30,8000,1" yaku="18,1,52,3,54,1" doraHai="133" who="2" fromWho="2" sc="299,-42,207,-22,247,86,247,-22" /><INIT seed="1,0,0,5,0,121" ten="257,185,333,225" oya="1" hai0="46,127,9,27,84,93,100,19,60,64,22,132,2" hai1="13,126,39,115,51,125,123,32,67,37,133,48,21" hai2="36,47,25,122,12,130,97,16,119,83,107,76,7" hai3="90,17,112,110,20,120,91,95,118,29,111,85,92"/><U62/><E32/><V103/><F122/><W104/><G120/><T101/><D127/><N who="1" m="48651" /><E123/><V11/><F130/><W65/><G104/><T8/><D132/><U88/><E13/><V68/><F68/><W128/><G112/><T4/><D46/><U1/><E21/><V129/><F129/><W43/><G128/><T15/><D84/><U75/><E1/><V69/><F69/><W58/><G29/><T96/><D100/><U33/><E33/><V116/><F36/><N who="1" m="13897" /><E75/><V45/><F116/><W30/><G30/><T41/><D41/><U28/><E28/><V14/><F25/><W40/><G118/><T109/><D9/><U108/><E115/><V74/><F119/><W71/><G71/><T82/><D2/><U87/><E133/><V52/><F52/><W114/><G114/><T57/><REACH who="0" step="1"/><D82/><REACH who="0" ten="247,185,333,225" step="2"/><N who="1" m="49271" /><E108/><AGARI ba="0,1" hai="4,8,15,19,22,27,57,60,64,93,96,101,108,109" machi="108" ten="40,8000,1" yaku="1,1,52,2,53,1" doraHai="121" doraHaiUra="23" who="0" fromWho="1" sc="247,90,185,-80,333,0,225,0" /><INIT seed="2,0,0,2,2,48" ten="337,105,333,225" oya="2" hai0="114,31,51,72,13,36,14,89,0,22,29,112,96" hai1="79,100,106,37,21,97,109,6,118,9,16,55,60" hai2="52,121,111,133,93,20,74,61,81,43,84,95,63" hai3="12,123,80,68,124,115,82,41,59,83,25,30,42"/><V53/><F121/><W28/><G68/><T132/><D36/><U54/><E118/><V69/><F74/><W120/><G124/><T101/><D0/><U15/><E109/><V18/><F133/><W122/><G115/><T125/><D72/><U46/><E79/><V1/><F43/><W134/><G134/><T34/><D34/><U102/><E102/><V116/><F1/><W110/><G110/><T4/><D125/><U128/><E128/><V66/><F116/><W108/><G108/><T17/><D132/><U98/><E60/><N who="2" m="23115" /><F66/><W87/><G87/><T71/><D71/><U7/><E7/><V113/><F69/><W62/><G12/><T64/><D64/><U73/><E73/><V24/><F113/><W129/><G129/><T119/><D119/><U86/><E86/><V57/><F111/><W85/><G85/><T49/><D89/><U8/><E98/><V38/><F38/><W39/><G39/><T19/><D4/><U94/><E106/><V58/><F58/><W3/><G3/><T50/><D112/><U11/><REACH who="1" step="1"/><E6/><REACH who="1" ten="337,95,333,225" step="2"/><V47/><F84/><W2/><G123/><T131/><D131/><U135/><E135/><V99/><F99/><W92/><G122/><T56/><D114/><U75/><E75/><V26/><F95/><W77/><G92/><N who="0" m="58503" /><D56/><U45/><E45/><V33/><F93/><W107/><G120/><T10/><AGARI ba="0,1" hai="10,13,14,17,19,22,29,31,49,50,51" m="58503" machi="10" ten="30,1100,0" yaku="8,1" doraHai="48" who="0" fromWho="0" sc="337,21,95,-3,333,-5,225,-3" /><INIT seed="3,0,0,3,0,125" ten="358,92,328,222" oya="3" hai0="108,88,82,7,130,74,80,111,128,86,27,126,60" hai1="61,118,19,87,36,68,10,48,12,134,51,22,0" hai2="16,89,24,71,66,63,11,37,54,110,6,132,33" hai3="70,104,67,62,2,114,116,17,131,109,97,115,84"/><W32/><G116/><T103/><D126/><U112/><E118/><V119/><F110/><N who="0" m="42026" /><D103/><U95/><E134/><V99/><F132/><W121/><G109/><T35/><D7/><U34/><E112/><V90/><F37/><W72/><G72/><T79/><D60/><U15/><E36/><V124/><F124/><W41/><G121/><T40/><D40/><U64/><E0/><V49/><F99/><W73/><G73/><T1/><D1/><U122/><E34/><V77/><F77/><W52/><G2/><T81/><D81/><U18/><E122/><V20/><F119/><W42/><G32/><T4/><D4/><U100/><E68/><V53/><F33/><W129/><G42/><T65/><D65/><U113/><E113/><V13/><F54/><W102/><G41/><T26/><D26/><U123/><E123/><V58/><AGARI ba="0,0" hai="6,11,13,16,20,24,49,53,58,63,66,71,89,90" machi="58" ten="20,2700,0" yaku="0,1,7,1,54,1" doraHai="125" who="2" fromWho="2" sc="358,-7,92,-7,328,27,222,-13" owari="351,15.1,85,-41.5,355,45.5,209,-19.1" /></mjloggm>