<mjloggm ver="2.3"><GO type="225" lobby="0"/><UN n0="%E3%81%BF%E3%81%BF%E3%81%9A" n1="%E6%9C%88%E5%B3%B6%E5%9F%BA" n2="%E3%81%A1%E3%82%83%E3%81%93%E3%81%93" n3="%E6%A1%9C%E8%8A%B1%E9%96%83%E3%80%85" dan="17,17,16,17" rate="2193.55,2166.80,2154.29,2269.40" sx="M,M,F,M"/><TAIKYOKU oya="0"/><INIT seed="0,0,0,3,1,133" ten="250,250,250,250" oya="0" hai0="10,131,111,92,78,87,110,77,47,74,25,42,102" hai1="121,82,13,61,73,115,9,39,34,114,71,76,53" hai2="23,48,32,18,105,56,126,37,7,16,95,75,68" hai3="129,0,85,80,51,86,24,106,127,88,67,89,64"/><T12/><D131/><U81/><E121/><V100/><F105/><W101/><G129/><T107/><D107/><U97/><E39/><V96/><F68/><W94/><G0/><T1/><D1/><U103/><E34/><V21/><F32/><W72/><G127/><T58/><D74/><U49/><E81/><V135/><F37/><W41/><G72/><T8/><D25/><U33/><E33/><V6/><F126/><W116/><G116/><T15/><D58/><U5/><E61/><V22/><F135/><W30/><G101/><T55/><D55/><U65/><E65/><V46/><F56/><W17/><G17/><N who="2" m="6761" /><F75/><W50/><G106/><T3/><D3/><U128/><E71/><V91/><F100/><W60/><G41/><AGARI ba="0,0" hai="6,7,21,22,23,41,46,48,91,95,96" m="6761" machi="41" ten="30,2000,0" yaku="8,1,54,1" doraHai="133" who="2" fromWho="3" sc="250,0,250,0,250,20,250,-20" /><INIT seed="1,0,0,0,2,104" ten="250,250,270,230" oya="1" hai0="85,111,124,51,55,94,6,48,44,75,11,2,100" hai1="23,1,50,33,76,9,40,36,88,32,115,107,56" hai2="70,7,5,19,113,25,117,127,49,83,84,53,87" hai3="63,74,116,62,134,77,80,120,31,46,130,58,98"/><U4/><E115/><V114/><F117/><W89/><G120/><T69/><D111/><U81/><E107/><V131/><F70/><W96/><G116/><T129/><D124/><U47/><E23/><N who="2" m="13567" /><F127/><W103/><G134/><T68/><D129/><U82/><E50/><V59/><F131/><W54/><G130/><T71/><D75/><N who="1" m="43167" /><E56/><V0/><F0/><W106/><G31/><T22/><D22/><U79/><E88/><N who="2" m="51231" /><F87/><AGARI ba="0,0" hai="1,4,9,32,33,36,40,47,79,82,87" m="43167" machi="87" ten="30,2900,0" yaku="25,1,52,1" doraHai="104" who="1" fromWho="2" sc="250,0,250,29,270,-29,230,0" /><INIT seed="1,1,0,3,2,117" ten="250,279,241,230" oya="1" hai0="102,35,86,127,83,92,118,105,97,132,30,20,39" hai1="99,133,68,80,42,37,19,84,55,23,72,51,131" hai2="103,81,85,5,69,31,82,100,123,50,24,63,43" hai3="13,45,115,78,15,104,125,88,59,3,71,93,10"/><U62/><E131/><V8/><F69/><W129/><G71/><T95/><D118/><U17/><E133/><V106/><F123/><W29/><G104/><T53/><D132/><U49/><E72/><V108/><F108/><W114/><G129/><T64/><D127/><U130/><E130/><V65/><F106/><W87/><G125/><T56/><D39/><U57/><E99/><V21/><F82/><W76/><G29/><T113/><D35/><U70/><E19/><V16/><F31/><W32/><G32/><T25/><D64/><U73/><E73/><V110/><F110/><W75/><G45/><T44/><D44/><N who="1" m="25751" /><E37/><V101/><F50/><W91/><G75/><T6/><D6/><U34/><E70/><V28/><F28/><W135/><G135/><T46/><D46/><U33/><E68/><V18/><F18/><W89/><G3/><T40/><D40/><U47/><E34/><V52/><F43/><W7/><G15/><T116/><D113/><U1/><E1/><V48/><F48/><W58/><G114/><T54/><D116/><U122/><E122/><V128/><F128/><W27/><G27/><T26/><D25/><N who="1" m="14575" /><E33/><V14/><F65/><W107/><G107/><T36/><D36/><U2/><E2/><V126/><F126/><W9/><G9/><T94/><REACH who="0" step="1"/><D56/><REACH who="0" ten="240,279,241,230" step="2"/><N who="3" m="21545" /><G115/><T66/><D66/><U112/><E112/><V96/><F63/><W11/><G11/><T4/><D4/><U74/><E62/><V119/><F119/><W67/><G67/><T121/><D121/><U22/><E47/><V0/><F5/><W98/><G98/><RYUUKYOKU ba="1,1" sc="240,15,279,-15,241,-15,230,15" hai0="20,26,30,53,54,83,86,92,94,95,97,102,105" hai3="7,10,13,76,78,87,88,89,91,93" /><INIT seed="2,2,1,5,1,4" ten="255,264,226,245" oya="2" hai0="51,94,33,108,58,98,14,132,7,28,2,20,78" hai1="29,13,100,19,107,61,86,97,111,22,65,95,133" hai2="106,123,5,89,116,121,68,47,54,109,129,27,40" hai3="76,112,21,45,119,0,50,6,62,56,24,35,92"/><V85/><F116/><W17/><G119/><T10/><D78/><U82/><E111/><V3/><F129/><W67/><G112/><T69/><D69/><U70/><E133/><V37/><F109/><W25/><G76/><T105/><D108/><U115/><E115/><V113/><F113/><W99/><G35/><T110/><D105/><U9/><E107/><V128/><F128/><W53/><G0/><T93/><D110/><U131/><E131/><V23/><F106/><W91/><REACH who="3" step="1"/><G6/><REACH who="3" ten="255,264,226,235" step="2"/><T124/><D132/><U60/><E70/><V71/><F71/><W52/><G52/><N who="0" m="32031" /><D33/><U42/><E65/><V16/><F68/><W130/><G130/><T1/><D1/><U34/><E34/><V55/><F55/><W75/><G75/><T135/><D135/><U59/><E42/><V101/><F54/><W103/><G103/><T90/><D2/><U43/><E43/><V32/><F101/><W38/><G38/><T84/><D124/><U66/><E66/><V125/><F32/><W83/><G83/><N who="0" m="49439" /><D98/><U80/><E80/><V46/><F125/><W64/><G64/><T122/><D122/><N who="2" m="46602" /><F40/><W63/><G63/><T126/><D126/><U74/><E74/><V79/><F37/><W96/><G96/><T118/><D118/><U127/><E127/><V11/><F79/><W87/><G87/><T114/><D114/><U77/><E59/><V57/><F57/><W26/><AGARI ba="2,2" hai="17,21,24,25,26,45,50,53,56,62,67,91,92,99" machi="26" ten="20,8000,1" yaku="1,1,0,1,7,1,8,1,53,1" doraHai="4" doraHaiUra="18" who="3" fromWho="3" sc="255,-22,264,-22,226,-42,235,106" /><INIT seed="3,0,0,5,0,6" ten="233,242,184,341" oya="3" hai0="13,116,92,122,76,111,58,62,119,10,37,64,114" hai1="117,53,23,11,110,45,124,24,30,48,107,94,108" hai2="9,129,36,18,8,25,125,75,41,106,40,70,68" hai3="134,50,20,82,88,132,105,86,84,103,85,22,78"/><W34/><G34/><T87/><D122/><U113/><E113/><V128/><F75/><N who="3" m="43359" /><G50/><T55/><D111/><N who="1" m="42539" /><E124/><V61/><F106/><W77/><G77/><T81/><D37/><U127/><E127/><V67/><F125/><W112/><G112/><T56/><D114/><U135/><E135/><N who="3" m="51754" /><G88/><T29/><D92/><U27/><E107/><V104/><F104/><W99/><AGARI ba="0,0" hai="20,22,84,85,86,99,103,105" m="51754,43359" machi="99" ten="40,2100,0" yaku="20,1" doraHai="6" who="3" fromWho="3" sc="233,-7,242,-7,184,-7,341,21" owari="226,-17.4,235,3.5,177,-32.3,362,46.2" /></mjloggm>