<mjloggm ver="2.3"><GO type="225" lobby="0"/><UN n0="%E4%BF%BA%E3%81%A8%E5%A6%96%E5%A4%A2" n1="%E6%A1%9C%E8%8A%B1%E9%96%83%E3%80%85" n2="%E7%AB%8B%E8%8A%B1%E9%9F%BF" n3="%E7%99%BD%E5%80%89%E5%AF%9B%E4%B9%8B" dan="16,17,17,16" rate="2243.61,2231.66,2189.45,2165.37" sx="F,M,F,M"/><TAIKYOKU oya="0"/><INIT seed="0,0,0,4,3,71" ten="250,250,250,250" oya="0" hai0="50,54,134,3,59,13,107,8,130,4,58,26,83" hai1="104,97,46,80,124,67,111,131,60,123,34,90,117" hai2="126,96,25,18,49,129,45,69,36,35,9,6,81" hai3="12,28,113,89,47,125,31,27,74,112,7,22,115"/><T2/><D107/><U24/><E117/><V29/><F129/><W75/><G89/><T41/><D130/><U17/><E131/><V66/><F126/><W77/><G77/><T135/><D41/><U84/><E123/><V57/><F69/><W95/><G95/><T48/><D26/><U23/><E111/><V61/><F18/><W68/><G68/><T21/><D83/><U30/><E124/><V116/><F116/><W106/><G106/><T56/><D21/><U43/><E104/><V94/><F81/><W121/><G125/><T76/><D76/><U5/><E5/><V1/><F36/><W14/><G121/><T15/><D15/><U16/><E97/><V11/><F11/><W132/><G132/><N who="0" m="50731" /><D50/><N who="1" m="26975" /><E34/><V55/><F94/><W20/><G47/><AGARI ba="0,0" hai="2,3,4,8,13,47,48,54,56,58,59" m="50731" machi="47" ten="30,1500,0" yaku="20,1" doraHai="71" who="0" fromWho="3" sc="250,15,250,0,250,0,250,-15" /><INIT seed="0,1,0,0,4,93" ten="265,250,250,235" oya="0" hai0="96,70,87,24,4,45,58,21,110,15,64,20,44" hai1="49,118,7,14,46,12,134,86,54,115,103,76,95" hai2="11,31,105,65,114,29,74,72,71,78,121,129,132" hai3="122,126,52,124,50,133,117,3,57,106,128,108,30"/><T92/><D70/><U59/><E118/><V42/><F114/><W43/><G3/><T56/><D87/><U0/><E115/><V89/><F121/><W63/><G106/><T73/><D73/><U94/><E134/><V27/><F129/><W130/><G30/><T107/><D107/><U77/><E0/><V109/><F132/><W102/><G102/><N who="0" m="60679" /><D110/><U2/><E2/><V112/><F112/><W120/><G133/><T10/><D21/><U16/><E95/><V113/><F42/><W101/><G101/><T91/><D91/><U33/><E33/><V88/><F113/><W80/><G80/><T81/><D81/><U39/><E86/><V67/><F105/><W41/><G108/><T35/><D35/><U123/><E39/><V82/><F72/><W90/><G90/><T9/><D9/><N who="1" m="4159" /><E123/><N who="3" m="47146" /><G117/><T79/><D79/><U104/><E104/><V13/><F109/><W40/><G50/><T62/><D58/><U75/><E75/><V53/><F71/><W36/><G36/><T26/><D26/><U8/><E59/><V18/><F27/><W83/><G83/><T23/><D23/><U85/><E103/><V98/><F89/><AGARI ba="1,0" hai="8,14,16,46,49,54,76,77,85,89,94" m="4159" machi="89" ten="30,2000,0" yaku="8,1,54,1" doraHai="93" who="1" fromWho="2" sc="265,0,250,23,250,-23,235,0" /><INIT seed="1,0,0,4,2,29" ten="265,273,227,235" oya="1" hai0="14,39,5,102,91,65,27,19,58,117,110,111,44" hai1="95,134,100,49,80,6,130,26,127,79,10,107,25" hai2="43,8,112,101,76,50,67,118,133,108,119,99,61" hai3="12,53,47,87,35,82,103,97,128,7,75,66,129"/><U86/><E130/><N who="3" m="50282" /><G75/><T38/><D117/><U51/><E134/><V60/><F108/><N who="0" m="41514" /><D102/><U56/><E127/><V23/><F133/><W36/><G66/><T16/><D44/><U105/><E105/><V83/><F112/><W24/><G12/><T54/><D65/><U78/><E78/><V33/><F33/><W32/><G24/><N who="1" m="9322" /><E107/><V114/><F23/><W124/><G7/><T15/><D91/><U70/><E70/><V131/><F131/><W122/><G122/><T98/><D98/><N who="1" m="59487" /><E56/><V120/><F120/><W41/><G53/><T18/><D27/><U55/><E55/><V64/><F114/><W30/><G30/><T93/><D93/><U73/><E73/><V96/><F101/><W42/><G42/><T34/><D34/><N who="3" m="12841" /><G124/><T94/><D5/><U28/><E28/><V52/><F43/><W125/><G125/><T20/><D14/><AGARI ba="0,0" hai="6,10,14,49,51,79,80,86" m="59487,9322" machi="14" ten="30,1500,0" yaku="8,1" doraHai="29" who="1" fromWho="0" sc="265,-15,273,15,227,0,235,0" /><INIT seed="1,1,0,3,5,31" ten="250,288,227,235" oya="1" hai0="114,135,0,125,21,71,90,133,65,77,39,106,7" hai1="84,96,17,45,119,32,11,14,60,124,30,109,29" hai2="130,74,3,94,56,132,110,12,117,23,75,116,92" hai3="26,85,37,91,79,115,38,24,61,87,108,83,120"/><U58/><E119/><V4/><F3/><W67/><G115/><T76/><D114/><U13/><E124/><V22/><F56/><W27/><G108/><T107/><D39/><U68/><E68/><V129/><F4/><W122/><G38/><T25/><D125/><U73/><E73/><V55/><F12/><W126/><G37/><T69/><D7/><U36/><E109/><V63/><F63/><W81/><REACH who="3" step="1"/><G126/><REACH who="3" ten="250,288,227,225" step="2"/><T82/><D135/><U35/><E36/><V28/><F110/><W97/><G97/><T8/><D133/><U47/><E96/><V70/><F132/><W102/><G102/><T128/><D128/><U18/><E11/><V111/><F111/><W103/><G103/><T131/><D8/><U105/><E105/><V49/><F130/><W113/><G113/><T1/><D131/><U123/><E123/><V57/><F129/><W88/><G88/><T48/><D107/><U62/><E84/><V33/><F75/><W41/><G41/><T59/><D90/><U134/><E134/><V5/><F74/><W89/><G89/><T118/><D118/><U15/><E15/><V99/><F99/><W80/><G80/><T72/><D106/><U78/><E78/><V6/><F117/><W40/><G40/><T95/><D76/><U50/><E13/><V101/><F116/><W42/><G42/><T100/><D72/><U20/><E14/><V46/><F101/><W93/><G93/><T43/><D100/><U112/><E112/><V10/><F94/><W53/><G53/><T19/><D95/><U16/><E20/><V66/><F23/><RYUUKYOKU ba="1,1" sc="250,-10,288,-10,227,-10,225,30" hai3="24,26,27,61,67,79,81,83,85,87,91,120,122" /><INIT seed="2,2,1,0,1,1" ten="240,278,217,255" oya="2" hai0="92,120,126,66,135,8,11,81,85,9,32,44,60" hai1="101,65,73,87,77,42,34,39,95,125,3,110,15" hai2="17,132,83,47,5,104,70,6,91,33,80,114,10" hai3="24,14,43,119,108,109,59,128,48,103,31,133,130"/><V23/><F114/><W121/><G121/><T56/><D120/><U35/><E15/><V93/><F33/><W0/><G0/><T89/><D32/><U113/><E65/><V78/><F104/><W72/><G72/><T52/><D135/><U94/><E94/><V117/><F117/><W122/><G122/><T106/><D106/><U19/><E19/><V40/><F70/><W76/><G76/><T129/><D129/><N who="3" m="49769" /><G119/><T63/><D126/><U16/><E16/><V116/><F116/><W21/><G133/><T112/><D112/><U36/><E87/><V22/><F132/><W111/><G103/><T118/><D118/><U12/><E77/><V123/><F123/><W124/><G124/><T28/><D28/><U37/><E3/><V88/><F10/><W2/><G2/><T98/><D44/><U58/><E73/><V115/><F115/><W105/><G105/><T127/><D127/><U86/><E101/><V18/><F78/><W82/><G82/><T75/><D75/><U50/><E95/><V7/><F47/><N who="3" m="25727" /><G14/><T84/><REACH who="0" step="1"/><D81/><REACH who="0" ten="230,278,217,255" step="2"/><N who="2" m="31306" /><F40/><W69/><G111/><T57/><AGARI ba="2,2" hai="8,9,11,52,56,57,60,63,66,84,85,89,92,98" machi="57" ten="30,7900,0" yaku="1,1,0,1,8,1,54,1,53,0" doraHai="1" doraHaiUra="46" who="0" fromWho="0" sc="230,105,278,-22,217,-41,255,-22" /><INIT seed="3,0,0,5,1,38" ten="335,256,176,233" oya="3" hai0="127,79,119,103,35,19,97,121,72,132,109,80,63" hai1="92,128,11,47,45,18,123,86,5,78,70,13,51" hai2="116,112,6,94,99,68,115,91,7,130,52,33,58" hai3="17,23,28,26,113,20,108,84,67,36,120,24,131"/><W25/><G113/><T88/><D119/><U41/><E123/><V134/><F68/><W85/><G120/><T59/><D121/><U117/><E117/><V39/><F116/><W90/><G36/><T16/><D35/><U124/><E70/><V32/><F130/><W49/><G131/><T81/><D109/><U22/><E128/><V65/><F65/><W37/><G37/><T87/><D132/><U110/><E110/><V54/><F134/><W43/><G108/><T30/><D30/><U125/><E47/><V101/><F39/><W61/><G26/><T107/><D127/><N who="1" m="48715" /><E92/><V105/><F94/><W12/><G12/><T133/><D133/><U66/><E66/><AGARI ba="0,0" hai="16,19,59,63,66,72,79,80,81,87,88,97,103,107" machi="66" ten="30,3900,0" yaku="7,1,54,2" doraHai="38" who="0" fromWho="1" sc="335,39,256,-39,176,0,233,0" owari="374,47.4,217,-18.3,176,-32.4,233,3.3" /></mjloggm>