<mjloggm ver="2.3"><GO type="225" lobby="0"/><UN n0="%E3%81%8B%E3%82%8F%E3%81%A1%E3%82%83%E3%82%93%35%38" n1="%E9%A6%AC%E5%BC%95%E7%81%AB%33" n2="%E3%81%BF%E3%81%BF%E3%81%9A" n3="%E6%98%93%E5%88%A9%E8%96%A9%E4%BC%AF" dan="16,16,17,17" rate="2125.47,2116.93,2166.31,2106.52" sx="M,M,M,F"/><TAIKYOKU oya="0"/><INIT seed="0,0,0,5,4,75" ten="250,250,250,250" oya="0" hai0="19,45,132,25,4,85,13,57,20,130,111,5,36" hai1="135,124,82,14,129,18,66,94,100,53,10,91,120" hai2="59,28,103,133,90,40,96,27,106,102,70,109,38" hai3="46,119,83,11,48,86,39,51,108,63,61,84,32"/><T58/><D132/><U68/><E120/><V89/><F133/><W23/><G32/><T42/><D130/><U122/><E122/><V73/><F70/><W118/><G39/><T80/><D111/><U50/><E135/><V52/><F109/><W55/><G108/><T64/><D64/><U3/><E129/><V21/><F73/><W2/><G2/><T131/><D131/><U71/><E124/><V127/><F127/><W69/><G11/><T134/><D134/><U81/><E3/><V117/><F117/><W54/><G23/><T114/><D114/><U93/><E100/><V34/><F34/><W29/><G29/><T60/><D13/><U112/><E112/><V22/><F103/><W47/><G69/><T56/><REACH who="0" step="1"/><D60/><REACH who="0" ten="240,250,250,250" step="2"/><U76/><E66/><V105/><F106/><W123/><G123/><T41/><D41/><U1/><E1/><V67/><F67/><W30/><G30/><T79/><AGARI ba="0,1" hai="4,5,19,20,25,36,42,45,56,57,58,79,80,85" machi="79" ten="30,6000,0" yaku="1,1,0,1,52,1,53,0" doraHai="75" doraHaiUra="125" who="0" fromWho="0" sc="240,70,250,-20,250,-20,250,-20" /><INIT seed="0,1,0,0,2,70" ten="310,230,230,230" oya="0" hai0="80,122,116,66,60,86,13,16,92,61,111,97,19" hai1="94,115,67,20,55,27,75,117,42,52,126,36,114" hai2="26,128,106,95,98,9,34,7,32,77,18,35,62" hai3="47,112,71,83,1,17,99,2,87,64,63,123,108"/><T79/><D116/><U74/><E117/><V73/><F106/><W14/><G112/><N who="1" m="43050" /><E126/><V120/><F120/><W119/><G119/><T39/><D122/><U84/><E67/><V57/><F128/><W90/><G123/><T85/><D111/><U3/><E3/><V89/><F77/><W68/><G68/><T96/><D39/><U46/><E84/><V51/><F51/><W129/><G129/><T37/><D37/><U29/><E94/><V107/><F73/><AGARI ba="1,0" hai="20,27,29,36,42,46,52,55,73,74,75" m="43050" machi="73" ten="30,3900,0" yaku="11,1,52,1,54,1" doraHai="70" who="1" fromWho="2" sc="310,0,230,42,230,-42,230,0" /><INIT seed="1,0,0,0,2,62" ten="310,272,188,230" oya="1" hai0="52,11,53,15,26,85,125,43,27,28,57,88,79" hai1="22,134,24,132,59,82,45,74,31,41,63,38,129" hai2="7,84,123,87,16,50,128,33,90,73,23,1,108" hai3="135,119,107,98,80,47,0,70,124,117,14,49,19"/><U96/><E129/><V118/><F73/><W77/><G0/><T58/><D125/><U95/><E74/><V17/><F118/><N who="3" m="45067" /><G70/><T4/><D43/><U76/><E82/><V104/><F104/><W46/><G135/><T25/><D79/><U51/><E76/><V65/><F33/><W64/><G124/><T120/><D120/><U102/><REACH who="1" step="1"/><E38/><REACH who="1" ten="310,262,188,230" step="2"/><V131/><F128/><W126/><G80/><N who="0" m="49191" /><D28/><U5/><E5/><V69/><F131/><W30/><G77/><T94/><D94/><U110/><E110/><V40/><F108/><W89/><G126/><T66/><D58/><U67/><AGARI ba="0,1" hai="22,24,31,41,45,51,59,63,67,95,96,102,132,134" machi="67" ten="30,18000,2" yaku="1,1,0,1,25,2,52,1,53,1" doraHai="62" doraHaiUra="60" who="1" fromWho="1" sc="310,-60,262,190,188,-60,230,-60" /><INIT seed="1,1,0,4,2,107" ten="250,452,128,170" oya="1" hai0="65,33,132,70,134,50,106,96,56,36,64,99,63" hai1="21,123,69,129,13,114,103,77,54,68,105,110,88" hai2="29,46,71,30,57,60,76,18,87,44,83,130,28" hai3="124,34,45,9,80,95,112,91,7,48,32,104,23"/><U6/><E123/><V79/><F130/><W51/><G104/><T42/><D33/><U59/><E114/><V89/><F71/><W101/><G124/><T75/><D106/><U15/><E129/><V66/><REACH who="2" step="1"/><F18/><REACH who="2" ten="250,452,118,170" step="2"/><W97/><G112/><T47/><D132/><U41/><E69/><V74/><F74/><W38/><G34/><T5/><D134/><U52/><E68/><V22/><F22/><W120/><G32/><T16/><D75/><U128/><E21/><V55/><F55/><W12/><G23/><T98/><D5/><U67/><E6/><V121/><F121/><W122/><G122/><T0/><D65/><U126/><E67/><V27/><F27/><W17/><G120/><T3/><D16/><U14/><E128/><V133/><F133/><W20/><G20/><T37/><D70/><U53/><E53/><V25/><F25/><W119/><G17/><T135/><D135/><U90/><E54/><V61/><F61/><W118/><G7/><T78/><D64/><U1/><E59/><V113/><F113/><W35/><G35/><T81/><D63/><U72/><E72/><V94/><F94/><W2/><G95/><T102/><D56/><U108/><E105/><V131/><F131/><W24/><G24/><T100/><D42/><U19/><E41/><V115/><F115/><W4/><G4/><T86/><D47/><AGARI ba="1,1" hai="28,29,30,44,46,47,57,60,66,76,79,83,87,89" machi="47" ten="40,2600,0" yaku="1,1,8,1,53,0" doraHai="107" doraHaiUra="116" who="2" fromWho="0" sc="250,-29,452,0,118,39,170,0" /><INIT seed="2,0,0,3,5,88" ten="221,452,157,170" oya="2" hai0="119,117,80,57,95,32,116,6,127,129,11,103,86" hai1="8,134,47,73,28,76,70,36,40,22,18,87,77" hai2="132,101,120,131,52,14,42,60,79,105,100,113,37" hai3="114,123,26,16,115,55,13,49,89,39,128,5,82"/><V124/><F113/><N who="3" m="43019" /><G123/><T66/><D32/><U96/><E70/><V99/><F120/><W81/><G39/><T53/><D66/><U72/><E28/><V78/><F124/><W59/><G128/><T12/><D129/><U69/><E69/><V67/><F131/><W45/><G45/><T17/><D127/><U61/><E61/><V121/><F121/><W93/><G26/><T0/><D95/><U1/><E96/><V15/><F132/><W106/><G5/><T56/><D103/><U20/><E87/><V58/><F101/><W109/><G106/><T25/><D25/><U135/><E76/><V31/><F31/><W104/><G109/><T97/><D97/><U63/><E63/><V71/><F79/><W51/><G51/><T112/><D112/><U62/><E62/><V110/><F78/><W29/><G29/><T84/><D53/><U126/><E126/><V50/><F110/><W118/><G118/><T108/><D108/><U74/><E77/><V43/><F43/><W38/><G38/><T34/><D34/><U33/><E33/><V48/><F48/><W94/><G104/><T64/><D64/><U75/><E75/><V90/><F90/><W91/><G89/><N who="0" m="51335" /><D86/><U10/><E74/><V83/><F83/><N who="3" m="31755" /><G91/><T2/><D2/><U41/><E41/><V122/><F122/><W9/><AGARI ba="0,0" hai="9,13,16,49,55,59,93,94" m="31755,43019" machi="9" ten="30,7900,0" yaku="11,1,52,2,54,1" doraHai="88" who="3" fromWho="3" sc="221,-20,452,-20,157,-39,170,79" /><INIT seed="3,0,0,5,1,126" ten="201,432,118,249" oya="3" hai0="34,73,44,120,134,69,0,7,62,125,88,38,12" hai1="52,29,50,14,106,98,3,70,47,46,76,61,64" hai2="124,101,15,9,2,67,113,23,22,31,37,111,27" hai3="56,57,66,45,93,96,86,48,132,95,41,107,84"/><W63/><G132/><T131/><RYUUKYOKU type="yao9" ba="0,0" sc="201,0,432,0,118,0,249,0" hai0="0,7,12,34,38,44,62,69,73,88,120,125,131,134" /><INIT seed="3,1,0,2,1,51" ten="201,432,118,249" oya="3" hai0="122,78,27,8,129,41,128,83,127,17,36,133,40" hai1="94,117,44,103,2,42,61,99,93,54,34,116,46" hai2="101,110,131,89,104,45,66,68,39,49,5,30,85" hai3="23,3,14,53,38,16,29,37,11,114,26,58,105"/><W59/><G114/><T96/><D122/><U81/><E2/><V98/><F131/><N who="0" m="50250" /><D36/><U24/><E81/><V82/><F110/><W106/><G59/><T33/><D133/><U10/><E10/><V0/><F39/><W19/><G37/><T109/><D109/><U13/><E13/><V67/><F68/><W92/><G38/><T63/><D127/><U123/><E123/><V70/><F70/><W75/><G75/><T71/><D96/><U126/><E126/><V74/><F30/><W132/><G132/><T88/><D88/><U125/><E125/><V72/><F72/><W55/><G3/><T73/><D8/><U87/><E42/><V130/><F130/><W9/><G92/><T111/><D111/><U21/><E54/><V91/><F5/><W120/><G55/><T57/><D71/><U7/><E7/><V108/><F0/><W97/><G97/><T15/><D33/><U4/><E4/><V135/><F108/><W80/><G80/><T47/><D47/><U35/><E35/><V52/><F135/><W107/><G120/><T90/><D27/><U100/><E34/><V50/><F91/><W124/><G124/><T20/><D90/><N who="1" m="53471" /><E103/><V69/><F69/><W102/><G102/><T113/><D113/><U64/><E61/><V25/><F25/><W32/><REACH who="3" step="1"/><G19/><REACH who="3" ten="201,432,118,239" step="2"/><T76/><D76/><U18/><E64/><AGARI ba="1,1" hai="15,17,20,40,41,57,63,64,73,78,83" m="50250" machi="64" ten="30,1000,0" yaku="19,1" doraHai="51" who="0" fromWho="1" sc="201,23,432,-13,118,0,239,0" owari="224,-17.6,419,51.9,118,-38.2,239,3.9" /></mjloggm>