<mjloggm ver="2.3"><GO type="225" lobby="0"/><UN n0="%E3%81%A0%E3%81%8A" n1="%79%75%72%69%6D%6F%67" n2="%E3%83%96%E3%83%83%E3%83%91%E3%82%AA%E3%83%96%E3%83%81%E3%82%AD%E3%83%B3" n3="%E5%91%A8%E6%9D%B1" dan="17,16,16,17" rate="2061.09,2145.13,2164.60,2157.72" sx="M,F,M,M"/><TAIKYOKU oya="0"/><INIT seed="0,0,0,1,4,77" ten="250,250,250,250" oya="0" hai0="64,17,95,105,32,63,134,108,7,48,100,0,58" hai1="114,44,84,109,110,94,71,124,51,126,59,107,49" hai2="133,50,19,18,20,10,131,122,101,31,35,8,66" hai3="127,2,91,11,26,78,123,27,119,72,1,15,120"/><T92/><D32/><U41/><E107/><V75/><F122/><N who="3" m="46635" /><G91/><T45/><D134/><U103/><E71/><V80/><F133/><W21/><G78/><T118/><D118/><U93/><E103/><V68/><F131/><W22/><G72/><T6/><D108/><N who="1" m="41579" /><E114/><V74/><F101/><W61/><G61/><T125/><D125/><N who="1" m="48235" /><E84/><V104/><F104/><W76/><G76/><T90/><D105/><U89/><E89/><V70/><F20/><N who="3" m="7787" /><G27/><T129/><D100/><U81/><E81/><V65/><F50/><N who="1" m="18953" /><E59/><V24/><F24/><W73/><G73/><T56/><D56/><U69/><E69/><V60/><F60/><W54/><G127/><T53/><D58/><U88/><E88/><V130/><F130/><W29/><G119/><T43/><D63/><U47/><E41/><V98/><F98/><W85/><G85/><T46/><D43/><U30/><E30/><V33/><REACH who="2" step="1"/><F31/><REACH who="2" ten="250,250,240,250" step="2"/><W82/><G29/><T42/><D129/><U23/><E23/><V67/><F67/><W113/><G26/><T3/><D64/><U14/><E14/><V25/><F25/><W4/><G113/><T115/><D115/><U87/><E87/><V9/><F9/><W83/><G15/><T5/><D0/><U38/><E38/><V132/><F132/><W52/><G2/><T34/><D3/><U36/><E36/><V40/><F40/><W112/><G112/><T117/><D117/><U99/><E99/><V55/><F55/><AGARI ba="0,1" hai="1,4,11,52,54,55,82,83" m="7787,46635" machi="55" ten="30,7700,0" yaku="13,1,52,2,54,1" doraHai="77" who="3" fromWho="2" sc="250,0,250,0,240,-77,250,87" /><INIT seed="1,0,0,3,0,105" ten="250,250,163,337" oya="1" hai0="94,34,122,39,133,101,109,49,89,28,79,11,58" hai1="126,117,19,111,14,55,86,38,104,110,26,29,66" hai2="17,37,42,8,47,31,9,54,5,119,124,134,15" hai3="131,76,20,123,40,107,125,56,114,130,82,18,2"/><U67/><E104/><V36/><F124/><W62/><G2/><T22/><D39/><U48/><E117/><V121/><F134/><W24/><G107/><T70/><D70/><U44/><E38/><V81/><F119/><W113/><G40/><T21/><D109/><N who="1" m="41483" /><E126/><V69/><F121/><W59/><G123/><T64/><D101/><U68/><E68/><V102/><F69/><W13/><G24/><T80/><D11/><N who="1" m="6623" /><E86/><V132/><F132/><W30/><G125/><T61/><D49/><U43/><E55/><V50/><F102/><W0/><G114/><T84/><D122/><U108/><N who="1" m="41491" /><U120/><DORA hai="85" /><E120/><V112/><F112/><W92/><G113/><T115/><D115/><U74/><E74/><V63/><F31/><W45/><G30/><T25/><REACH who="0" step="1"/><D133/><REACH who="0" ten="240,250,163,337" step="2"/><U60/><E60/><V65/><F37/><W116/><G62/><T91/><D91/><U10/><E10/><V98/><F36/><W99/><G116/><T46/><D46/><U4/><E4/><V52/><F9/><W73/><G45/><T27/><D27/><U106/><E106/><V103/><F5/><W16/><G56/><T57/><D57/><U96/><E96/><AGARI ba="0,1" hai="21,22,25,28,34,58,61,64,79,80,84,89,94,96" machi="96" ten="30,7700,0" yaku="1,1,7,1,52,1,53,1" doraHai="105,85" doraHaiUra="33,87" who="0" fromWho="1" sc="240,87,250,-77,163,0,337,0" /><INIT seed="2,0,0,4,4,120" ten="327,173,163,337" oya="2" hai0="54,97,128,10,80,77,90,115,13,124,21,53,96" hai1="20,85,38,84,88,60,99,40,73,113,26,55,47" hai2="108,135,67,61,37,123,68,132,94,25,30,57,100" hai3="18,98,106,72,48,29,5,112,66,63,116,71,16"/><V131/><F123/><W103/><G116/><T2/><D115/><U125/><E73/><V89/><F37/><W129/><G112/><T4/><D124/><U126/><E113/><V75/><F75/><W101/><G72/><T11/><D21/><U44/><E99/><V65/><F100/><W105/><G129/><T50/><D90/><U78/><E85/><V119/><F119/><W130/><G130/><T109/><D109/><U92/><E78/><V19/><F131/><W93/><G5/><T14/><D2/><U134/><E134/><N who="2" m="51243" /><F19/><W52/><G29/><T9/><D53/><U51/><REACH who="1" step="1"/><E60/><REACH who="1" ten="327,163,163,337" step="2"/><V102/><F102/><W110/><G103/><T46/><D128/><U22/><E22/><N who="2" m="15671" /><F68/><W70/><G71/><T79/><D79/><U87/><E87/><N who="2" m="52543" /><F108/><W36/><G110/><T121/><D77/><U31/><AGARI ba="0,1" hai="20,26,31,38,40,44,47,51,55,84,88,92,125,126" machi="31" ten="30,7900,0" yaku="1,1,0,1,54,1,53,1" doraHai="120" doraHaiUra="91" who="1" fromWho="1" sc="327,-20,163,89,163,-39,337,-20" /><INIT seed="3,0,0,1,2,15" ten="307,252,124,317" oya="3" hai0="128,53,90,25,75,57,83,89,106,23,44,62,33" hai1="22,134,42,8,117,100,61,94,6,40,74,60,98" hai2="7,135,110,37,84,124,27,59,99,65,0,47,127" hai3="129,120,52,72,92,12,97,1,71,70,116,49,32"/><W36/><G36/><T130/><D106/><U87/><E134/><V131/><F110/><W29/><G1/><T88/><D33/><U45/><E74/><V39/><F0/><W80/><G120/><T35/><D35/><U30/><E117/><V43/><F7/><W108/><G116/><T111/><D111/><U4/><E42/><V50/><F84/><W109/><G71/><T132/><D44/><U104/><E6/><V13/><F13/><W121/><G70/><T19/><REACH who="0" step="1"/><D132/><REACH who="0" ten="297,252,124,317" step="2"/><U91/><E30/><V66/><F135/><W113/><G109/><T24/><D24/><U126/><E126/><V38/><F99/><W123/><G29/><T18/><D18/><U118/><E118/><V46/><F27/><W103/><G32/><T5/><D5/><U79/><E22/><V20/><F20/><W93/><G108/><T125/><D125/><U3/><REACH who="1" step="1"/><E79/><AGARI ba="0,1" hai="19,23,25,53,57,62,75,79,83,88,89,90,128,130" machi="79" ten="40,5200,0" yaku="1,1,52,1,54,1,53,0" doraHai="15" doraHaiUra="34" who="0" fromWho="1" sc="297,62,252,-52,124,0,317,0" owari="359,45.9,200,-20.0,124,-37.6,317,11.7" /></mjloggm>