<mjloggm ver="2.3"><GO type="225" lobby="0"/><UN n0="%E3%81%8B%E3%82%8F%E3%81%A1%E3%82%83%E3%82%93%35%38" n1="%E3%81%B2%E3%81%AA%E3%81%AE%E3%82%8A%E3%81%8F" n2="%E6%9D%BE%E6%9C%AC%E5%81%A5%E7%94%B7" n3="%4B%2E%32%2E%4B%2E" dan="16,16,17,16" rate="2140.33,2117.49,2229.84,2164.57" sx="M,M,M,M"/><TAIKYOKU oya="0"/><INIT seed="0,0,0,2,4,77" ten="250,250,250,250" oya="0" hai0="104,109,102,34,68,49,13,51,53,133,32,130,128" hai1="57,135,44,40,83,112,87,132,115,69,58,119,111" hai2="62,33,7,81,17,23,25,124,19,75,5,36,91" hai3="3,52,48,59,31,9,15,107,12,103,39,110,118"/><T66/><D133/><N who="1" m="51275" /><E69/><V117/><F124/><W80/><G118/><T131/><D109/><U127/><E119/><V85/><F117/><W24/><G39/><T82/><D13/><U73/><E73/><V106/><F106/><W108/><G3/><T67/><D68/><U71/><E71/><V8/><F36/><W122/><G122/><T20/><D20/><U43/><E127/><V45/><F75/><W6/><G15/><T125/><D125/><U41/><E44/><V18/><F33/><N who="0" m="12906" /><D82/><U79/><E111/><N who="3" m="42538" /><G103/><T50/><D53/><U129/><E129/><N who="0" m="33025" /><T60/><DORA hai="76" /><D60/><U55/><E58/><V42/><F62/><AGARI ba="0,0" hai="40,41,43,55,57,62,79,83,87,112,115" m="51275" machi="62" ten="30,3900,0" yaku="20,1,52,2" doraHai="77,76" who="1" fromWho="2" sc="250,0,250,39,250,-39,250,0" /><INIT seed="1,0,0,1,0,32" ten="250,289,211,250" oya="1" hai0="131,25,89,73,134,130,98,109,70,129,21,56,16" hai1="3,20,39,50,91,101,114,93,27,94,112,107,105" hai2="33,115,22,13,14,127,84,69,8,17,4,92,86" hai3="60,71,9,78,79,12,126,77,57,108,97,76,116"/><U111/><E39/><V103/><F127/><W45/><G71/><T117/><D117/><U63/><E111/><V124/><F124/><W99/><G126/><T102/><D70/><U80/><E3/><V36/><F115/><W0/><N who="3" m="19456" /><DORA hai="87" /><W55/><G108/><T135/><D73/><U38/><E38/><V74/><F74/><W61/><G116/><T31/><D109/><U113/><E63/><V75/><F75/><W96/><G45/><T58/><D31/><U5/><E5/><V46/><F33/><W110/><G110/><T81/><D81/><U125/><E80/><V37/><F69/><W11/><G0/><T23/><D23/><U51/><E125/><V34/><F34/><W95/><G61/><T15/><D25/><U122/><E122/><V59/><F59/><N who="0" m="22570" /><D89/><U26/><E26/><V64/><F64/><W104/><G104/><AGARI ba="0,0" hai="15,16,21,98,102,104,129,130,131,134,135" m="22570" machi="104" ten="40,2600,0" yaku="19,1,54,1" doraHai="32,87" who="0" fromWho="3" sc="250,26,289,0,211,0,250,-26" /><INIT seed="2,0,0,3,1,107" ten="276,289,211,224" oya="2" hai0="108,92,23,78,13,87,7,88,113,41,75,50,57" hai1="111,71,68,135,93,22,39,106,19,47,96,134,61" hai2="73,131,104,56,59,8,125,64,63,97,46,124,66" hai3="123,85,15,95,112,81,60,86,53,80,43,31,52"/><V128/><F8/><W100/><G123/><T91/><D113/><U122/><E106/><V130/><F73/><W55/><G112/><T117/><D108/><U109/><E122/><V89/><F89/><W65/><G31/><T101/><D117/><U120/><E120/><V24/><F24/><W38/><G38/><T3/><D3/><U72/><E72/><V26/><F26/><W2/><G43/><T28/><D75/><U121/><E121/><V82/><F82/><N who="3" m="31851" /><G2/><T127/><D127/><N who="2" m="48714" /><F46/><W129/><G129/><N who="2" m="33025" /><V1/><DORA hai="67" /><F1/><W16/><G100/><T17/><D78/><U84/><E47/><V27/><F27/><W119/><G95/><T76/><D76/><U33/><E93/><V116/><F116/><W20/><G119/><T70/><D7/><U29/><E29/><V21/><F21/><W6/><G6/><T90/><D101/><U25/><E22/><V36/><F36/><W11/><G20/><T115/><D28/><U99/><E39/><V40/><F40/><W114/><G114/><T58/><D115/><U44/><E44/><V77/><F77/><W79/><G79/><T45/><D91/><U51/><E25/><V83/><F83/><W35/><G35/><T4/><D90/><U118/><E33/><V32/><F32/><W62/><G86/><T49/><D4/><U10/><E84/><V103/><F66/><W14/><G85/><T30/><D30/><U37/><E37/><V132/><F132/><W42/><G42/><T0/><D0/><U18/><E118/><V98/><F98/><W12/><G65/><T48/><D41/><RYUUKYOKU ba="0,0" sc="276,-15,289,-15,211,15,224,15" hai2="56,59,63,64,97,103,104" hai3="11,12,14,15,16,52,53,55,60,62" /><INIT seed="2,1,0,0,1,17" ten="261,274,226,239" oya="2" hai0="55,29,80,69,24,22,21,88,134,35,112,115,57" hai1="11,54,41,44,28,128,20,70,97,47,46,36,119" hai2="2,56,113,77,72,6,125,114,10,124,3,126,23" hai3="71,75,7,120,13,63,32,78,122,86,40,127,135"/><V19/><F56/><W103/><G75/><T104/><D104/><U73/><E70/><V14/><F72/><W129/><G32/><T83/><D69/><U94/><E73/><V99/><F77/><W52/><G129/><T49/><D134/><U12/><E119/><V61/><F61/><W85/><G135/><T100/><D100/><U106/><E106/><V82/><F82/><W105/><G127/><T81/><REACH who="0" step="1"/><D88/><REACH who="0" ten="251,274,226,239" step="2"/><U18/><E128/><V50/><F99/><W107/><G103/><T91/><D91/><U8/><E97/><V30/><F30/><W90/><G90/><T89/><D89/><U110/><E94/><V111/><F111/><W53/><G71/><T68/><D68/><U16/><E110/><V33/><F33/><W118/><G107/><T37/><D37/><U76/><E28/><V51/><F51/><W116/><G105/><T27/><D27/><U87/><E76/><V92/><F92/><W60/><G78/><T4/><D4/><U67/><E36/><V74/><F74/><W1/><G7/><T131/><D131/><U98/><E98/><V108/><F108/><W93/><G93/><T121/><D121/><U96/><E96/><V9/><F50/><W66/><G86/><T38/><D38/><U84/><E87/><V34/><F34/><W31/><G85/><T130/><D130/><U15/><E84/><V101/><F101/><W25/><G31/><T79/><D79/><U64/><E18/><V59/><F59/><W133/><G133/><T123/><D123/><U26/><E16/><V109/><F109/><W39/><G120/><RYUUKYOKU ba="1,1" sc="251,15,274,-15,226,15,239,-15" hai0="21,22,24,29,35,49,55,57,80,81,83,112,115" hai2="2,3,6,9,10,14,19,23,113,114,124,125,126" /><INIT seed="2,2,1,2,1,109" ten="266,259,241,224" oya="2" hai0="94,90,120,28,46,25,115,105,56,74,14,111,78" hai1="100,49,133,35,113,106,33,98,22,93,26,3,114" hai2="104,72,39,81,73,48,112,124,60,135,107,43,65" hai3="9,129,77,127,85,68,69,70,4,58,34,2,122"/><V7/><F124/><W99/><G122/><T27/><D105/><U123/><E3/><V16/><F135/><W54/><G34/><T84/><D120/><U0/><E0/><V97/><F7/><W21/><G127/><T118/><D115/><U76/><E123/><V31/><F112/><W42/><G129/><T96/><D74/><U47/><E133/><V51/><F39/><W103/><G42/><T62/><D111/><U38/><E38/><V6/><F6/><W57/><G21/><T40/><D118/><U86/><E35/><V75/><F31/><W11/><G11/><T45/><D14/><U132/><E33/><V63/><F81/><W12/><G2/><T101/><D78/><U13/><E13/><V41/><F97/><W83/><REACH who="3" step="1"/><G54/><REACH who="3" ten="266,259,241,214" step="2"/><T102/><D40/><U18/><E132/><V130/><F130/><W5/><G5/><T23/><D23/><U79/><E114/><V20/><F41/><W89/><G89/><T87/><D90/><U131/><E131/><V50/><F43/><W52/><G52/><T30/><D30/><U61/><E113/><V55/><F55/><W121/><G121/><T92/><D28/><U119/><E76/><V44/><F44/><W126/><G126/><T67/><D46/><U64/><E79/><V82/><F20/><W10/><G10/><T128/><D45/><U37/><E47/><V71/><F16/><W108/><G108/><T134/><D128/><U95/><E18/><V17/><F17/><W66/><G66/><T8/><D134/><U91/><E22/><V19/><F19/><W117/><G117/><RYUUKYOKU ba="2,2" sc="266,-10,259,-10,241,-10,214,30" hai3="4,9,12,57,58,68,69,70,77,83,85,99,103" /><INIT seed="3,3,2,1,2,22" ten="256,249,231,244" oya="3" hai0="99,114,90,78,79,4,71,28,88,115,2,43,94" hai1="31,75,53,129,82,39,70,7,27,41,36,37,89" hai2="105,128,50,35,21,65,49,58,93,8,83,110,100" hai3="119,9,48,25,130,16,120,12,125,60,133,51,11"/><W59/><G119/><T76/><D71/><U116/><E70/><V0/><F35/><W77/><G120/><T45/><D28/><U44/><E116/><V63/><F105/><W74/><G125/><T98/><D4/><U55/><E129/><V23/><F128/><W66/><G130/><T103/><D2/><U121/><E7/><V86/><F0/><W126/><G126/><T61/><D61/><U113/><E113/><N who="0" m="43017" /><D98/><U68/><E68/><V109/><F8/><W42/><G133/><T29/><D29/><U34/><E121/><V97/><F21/><N who="3" m="13479" /><G74/><T95/><D95/><U81/><E75/><V69/><F23/><W20/><G77/><T18/><D18/><U131/><E131/><V64/><F64/><W132/><G132/><T91/><D78/><U62/><E62/><V38/><F38/><AGARI ba="3,2" hai="38,43,45,76,79,88,90,91,94,99,103" m="43017" machi="38" ten="30,2000,0" yaku="11,1,54,1" doraHai="22" who="0" fromWho="2" sc="256,49,249,0,231,-29,244,0" owari="305,40.5,249,4.9,202,-29.8,244,-15.6" /></mjloggm>