<mjloggm ver="2.3"><GO type="225" lobby="0"/><UN n0="%E6%9C%88%E5%B3%B6%E5%9F%BA" n1="%EF%BC%AE%EF%BC%A1%EF%BC%AF%33%33%39" n2="%E3%82%A4%E3%83%BC%E3%82%B1%E3%83%97%E3%83%A9" n3="%E3%83%81%E3%83%83%E3%82%BF%E3%82%BD%E3%83%BC" dan="16,16,16,16" rate="2110.27,2118.95,2122.75,2131.08" sx="M,M,M,F"/><TAIKYOKU oya="0"/><INIT seed="0,0,0,3,2,37" ten="250,250,250,250" oya="0" hai0="55,36,92,16,112,86,122,116,23,78,76,53,46" hai1="40,113,61,51,2,29,75,103,129,96,1,59,20" hai2="30,74,22,26,3,64,115,47,128,127,107,11,17" hai3="110,132,121,97,41,95,133,91,82,60,15,90,130"/><T70/><D112/><U6/><E75/><V85/><F74/><W45/><G121/><T25/><D116/><U4/><E113/><V48/><F107/><W81/><G130/><T134/><D70/><U43/><E51/><V32/><F115/><W33/><G33/><T101/><D122/><U83/><E83/><V58/><F128/><W12/><G60/><T71/><D71/><U13/><E2/><V100/><F100/><W50/><G110/><T28/><D134/><N who="3" m="51817" /><G81/><T89/><D101/><U62/><E1/><V84/><F127/><W7/><G7/><N who="1" m="2602" /><E62/><N who="2" m="37975" /><F32/><W80/><G82/><T10/><D36/><U77/><E77/><N who="0" m="29801" /><D46/><U63/><E63/><V125/><F3/><W49/><G49/><T52/><D10/><U98/><E129/><V34/><F34/><W69/><G69/><T135/><D135/><U105/><E105/><V88/><F125/><W87/><AGARI ba="0,0" hai="12,15,41,45,50,80,87,90,91,95,97" m="51817" machi="87" ten="30,2000,0" yaku="20,1,52,1" doraHai="37" who="3" fromWho="3" sc="250,-10,250,-5,250,-5,250,20" /><INIT seed="1,0,0,0,0,103" ten="240,245,245,270" oya="1" hai0="65,91,16,130,70,4,72,74,73,129,78,53,121" hai1="30,115,93,55,100,119,14,39,80,22,42,51,15" hai2="76,46,1,133,113,71,85,68,43,96,106,111,0" hai3="64,131,101,44,135,95,79,97,37,67,18,12,35"/><U107/><E115/><V52/><F111/><W26/><G131/><N who="0" m="50187" /><D121/><U120/><E120/><V56/><F113/><W11/><G135/><T49/><D4/><U10/><E119/><V48/><F133/><W8/><G79/><T84/><D78/><U81/><E93/><V124/><F124/><W102/><G102/><T122/><D122/><U50/><E39/><V2/><F106/><W128/><G128/><T45/><D16/><U94/><E94/><V40/><F96/><W25/><G8/><T23/><D23/><U109/><E109/><V61/><REACH who="2" step="1"/><F43/><REACH who="2" ten="240,245,235,270" step="2"/><W32/><G35/><T117/><D117/><U126/><E42/><V114/><F114/><W77/><G32/><T75/><D75/><U123/><E123/><V57/><F57/><W7/><G97/><T31/><D74/><U63/><E107/><V60/><F60/><W69/><G69/><T118/><D118/><U47/><E63/><V33/><F33/><W110/><G110/><T132/><D132/><U41/><E126/><V83/><AGARI ba="0,1" hai="0,1,2,40,46,48,52,56,61,68,71,76,83,85" machi="83" ten="40,5200,0" yaku="1,1,0,1,54,1,53,0" doraHai="103" doraHaiUra="3" who="2" fromWho="2" sc="240,-13,245,-26,235,62,270,-13" /><INIT seed="2,0,0,5,3,92" ten="227,219,297,257" oya="2" hai0="50,48,109,52,71,118,35,67,87,72,94,60,23" hai1="34,3,30,98,107,96,75,100,53,7,69,95,55" hai2="28,20,117,135,22,70,2,105,31,84,54,125,119" hai3="93,133,128,51,116,121,127,41,57,108,4,26,68"/><V56/><F70/><W5/><G68/><T39/><D72/><U83/><E69/><V45/><F2/><W17/><G116/><T80/><D35/><U91/><E7/><V64/><F105/><W16/><G128/><T19/><D118/><U10/><E10/><V124/><F135/><W61/><G133/><T59/><D109/><U44/><E3/><V130/><F130/><W73/><G73/><T90/><D39/><U115/><E115/><V102/><F102/><W1/><G1/><T123/><D123/><U104/><E104/><V32/><F32/><W101/><G127/><T24/><D50/><U132/><E132/><V29/><F64/><W46/><G108/><T79/><REACH who="0" step="1"/><D94/><REACH who="0" ten="217,219,297,257" step="2"/><U49/><E75/><V62/><F117/><W82/><G121/><T14/><D14/><U13/><E13/><V78/><F119/><W47/><G51/><T11/><D11/><U8/><E8/><V21/><F125/><W0/><G0/><T81/><D81/><U111/><E83/><V97/><F124/><W89/><G82/><T38/><D38/><U131/><E111/><V36/><F36/><W27/><G93/><T113/><D113/><U18/><E131/><V6/><F6/><W33/><G33/><T66/><D66/><U129/><E129/><V42/><F22/><W126/><G126/><T15/><D15/><U63/><E34/><V114/><F114/><W65/><G65/><T86/><D86/><U25/><E107/><V12/><F12/><W112/><G112/><T85/><D85/><U88/><E95/><V58/><F84/><W40/><G4/><RYUUKYOKU ba="0,1" sc="217,30,219,-10,297,-10,257,-10" hai0="19,23,24,48,52,59,60,67,71,79,80,87,90" /><INIT seed="3,1,1,1,0,83" ten="247,209,287,247" oya="3" hai0="133,102,12,106,113,24,82,123,0,11,67,46,124" hai1="122,20,118,131,81,54,116,56,43,109,99,104,134" hai2="95,135,97,119,70,117,38,87,10,4,100,47,50" hai3="1,125,13,60,37,77,130,85,52,29,61,19,89"/><W45/><G125/><T74/><D123/><U8/><E122/><V91/><F70/><W63/><G130/><T17/><D124/><U94/><E104/><V64/><F135/><W98/><G1/><T93/><D106/><U27/><E43/><V32/><F64/><W76/><G29/><T103/><D0/><U127/><E127/><V33/><F38/><W53/><G98/><T23/><D67/><U15/><E134/><V80/><F117/><W115/><G115/><T42/><D113/><U84/><E131/><V92/><F119/><W110/><G110/><T59/><D59/><U111/><E116/><V78/><F10/><N who="3" m="6583" /><G37/><T71/><D71/><U40/><E40/><V65/><F4/><W129/><G129/><T66/><D66/><U88/><E118/><V96/><F65/><W3/><G3/><T108/><D108/><U7/><E27/><V57/><F57/><W69/><G69/><T31/><D42/><AGARI ba="1,1" hai="32,33,42,47,50,78,80,87,91,92,95,96,97,100" machi="42" ten="30,2000,0" yaku="7,1,52,1" doraHai="83" who="2" fromWho="0" sc="247,-23,209,0,287,33,247,0" owari="224,-17.6,209,-29.1,320,42.0,247,4.7" /></mjloggm>