<mjloggm ver="2.3"><GO type="225" lobby="0"/><UN n0="%65%78%69%73%74%2D%79" n1="%72%61%6B%33" n2="%72%65%6E%6B%75%6E" n3="%E3%83%A8%E3%82%B7%E3%83%AF" dan="16,16,17,17" rate="2062.28,2084.57,2239.32,2166.60" sx="M,M,M,M"/><TAIKYOKU oya="0"/><INIT seed="0,0,0,1,4,131" ten="250,250,250,250" oya="0" hai0="2,94,99,109,97,56,126,31,35,124,58,110,33" hai1="71,36,10,121,92,107,25,37,44,111,7,5,4" hai2="21,79,81,64,15,130,125,60,87,0,39,114,69" hai3="11,6,27,104,120,47,32,16,127,77,98,26,53"/><T50/><D2/><U3/><E107/><V48/><F0/><W12/><G120/><T93/><D50/><U91/><E121/><V80/><F39/><W134/><G127/><T51/><D51/><U128/><E128/><V103/><F114/><W17/><G134/><T29/><AGARI ba="0,0" hai="29,31,33,35,56,58,93,94,97,99,109,110,124,126" machi="29" ten="25,4800,0" yaku="0,1,22,2" doraHai="131" who="0" fromWho="0" sc="250,48,250,-16,250,-16,250,-16" /><INIT seed="0,1,0,5,1,46" ten="298,234,234,234" oya="0" hai0="104,15,67,93,5,3,32,105,60,44,135,127,79" hai1="109,121,108,132,77,33,48,14,49,64,73,116,106" hai2="34,62,114,80,40,97,37,120,89,87,47,45,96" hai3="1,134,36,21,123,54,26,24,124,18,113,12,71"/><T85/><D32/><U51/><E116/><V75/><F114/><W122/><G54/><T83/><D135/><U70/><E121/><N who="3" m="46090" /><G71/><T50/><D127/><U119/><E119/><V35/><F120/><W130/><G36/><T86/><D3/><U28/><E132/><V95/><F75/><W53/><G134/><T25/><D25/><N who="3" m="9833" /><G53/><T82/><D93/><U13/><E106/><V58/><F47/><W133/><G133/><T7/><D15/><U84/><E73/><V23/><F23/><N who="3" m="11719" /><G113/><T90/><D104/><U131/><E131/><V31/><F31/><W98/><G98/><T56/><D105/><U59/><E70/><V41/><F41/><AGARI ba="1,0" hai="5,7,41,44,50,56,60,67,79,82,83,85,86,90" machi="41" ten="30,5800,0" yaku="7,1,8,1,52,1" doraHai="46" who="0" fromWho="2" sc="298,61,234,0,234,-61,234,0" /><INIT seed="0,2,0,2,2,60" ten="359,234,173,234" oya="0" hai0="108,31,47,68,133,122,9,70,77,35,135,58,65" hai1="59,82,19,11,119,61,4,132,96,37,69,134,23" hai2="26,124,43,15,20,67,5,71,36,38,7,110,0" hai3="28,83,126,129,44,87,52,116,25,106,53,32,102"/><T49/><D77/><U89/><E119/><V72/><F72/><W21/><G116/><T121/><D9/><U63/><E37/><V123/><F123/><N who="0" m="47114" /><D31/><U95/><E82/><V125/><F0/><W84/><G126/><N who="2" m="48745" /><F110/><W22/><G129/><T90/><D90/><U107/><E107/><V62/><F43/><W86/><G83/><T99/><D99/><U18/><E69/><V120/><F120/><W118/><G118/><T128/><D35/><U109/><E109/><V88/><F15/><W46/><G106/><T8/><D8/><U127/><E127/><V66/><F66/><W41/><G102/><T101/><D101/><U33/><E33/><V54/><F54/><N who="3" m="21099" /><G32/><T42/><D108/><U78/><E78/><V50/><F50/><N who="3" m="26895" /><G21/><T80/><D80/><U79/><E79/><V29/><F88/><W76/><G76/><T111/><D111/><U39/><E39/><AGARI ba="2,0" hai="5,7,20,26,29,36,38,39,62,67,71" m="48745" machi="39" ten="30,2000,0" yaku="18,1,52,1" doraHai="60" who="2" fromWho="1" sc="359,0,234,-26,173,26,234,0" /><INIT seed="1,0,0,2,2,105" ten="359,208,199,234" oya="1" hai0="18,127,119,31,74,55,38,26,91,30,69,9,48" hai1="76,88,61,51,130,33,85,6,84,135,40,62,108" hai2="106,49,53,120,115,111,124,112,22,70,59,57,46" hai3="12,45,32,41,8,90,0,75,98,81,103,23,50"/><U110/><E33/><V126/><F106/><W19/><G32/><T1/><D74/><U89/><E76/><V129/><F22/><W134/><G134/><T107/><D69/><U67/><E135/><V35/><F35/><W102/><G0/><T15/><D38/><U10/><E130/><V47/><F70/><W109/><G109/><N who="1" m="42090" /><E51/><N who="2" m="28927" /><F120/><W20/><G102/><T122/><D107/><U11/><E40/><N who="2" m="24775" /><F129/><W121/><G121/><T128/><D122/><U29/><E29/><V133/><F133/><W77/><REACH who="3" step="1"/><G90/><REACH who="3" ten="359,208,199,224" step="2"/><N who="1" m="34922" /><E11/><V64/><F111/><W86/><G86/><N who="1" m="33386" /><E67/><V63/><F59/><W118/><G118/><T95/><D119/><U99/><E99/><V25/><F25/><W52/><G52/><T39/><D128/><U113/><E113/><AGARI ba="0,1" hai="57,63,64,112,113,115,124,126" m="24775,28927" machi="113" ten="30,3900,0" yaku="11,1,34,2" doraHai="105" who="2" fromWho="1" sc="359,0,208,-39,199,49,224,0" /><INIT seed="2,0,0,0,5,75" ten="359,169,248,224" oya="2" hai0="37,5,120,102,21,20,124,125,62,108,130,131,91" hai1="2,12,97,123,100,18,11,96,36,94,76,132,93" hai2="122,110,83,49,65,54,81,95,105,41,71,63,10" hai3="64,121,119,3,17,44,42,43,48,52,22,118,70"/><V30/><F122/><W72/><G3/><T19/><D120/><U28/><E123/><V109/><F105/><W29/><G121/><T25/><D37/><U82/><E132/><V0/><F30/><W1/><G1/><T33/><D102/><U39/><E2/><V77/><F41/><N who="3" m="15371" /><G29/><T61/><D5/><U73/><REACH who="1" step="1"/><E28/><REACH who="1" ten="359,159,248,224" step="2"/><V99/><F0/><W47/><G72/><T129/><D129/><U86/><E86/><V57/><F10/><W74/><G74/><T69/><D131/><U15/><E15/><V113/><F113/><W89/><G119/><T106/><D130/><U135/><E135/><V126/><F126/><W50/><G118/><T6/><D124/><U111/><E111/><N who="2" m="42507" /><F77/><W98/><G17/><T7/><D125/><U88/><AGARI ba="0,1" hai="11,12,18,36,39,73,76,82,88,93,94,96,97,100" machi="88" ten="20,12000,2" yaku="1,1,0,1,7,1,52,1,54,1,53,1" doraHai="75" doraHaiUra="107" who="1" fromWho="1" sc="359,-30,159,130,248,-60,224,-30" /><INIT seed="3,0,0,3,5,70" ten="329,289,188,194" oya="3" hai0="127,86,109,45,124,90,110,50,31,108,62,101,25" hai1="134,120,36,13,6,103,21,61,76,67,112,19,26" hai2="133,88,83,30,24,12,80,49,20,93,14,77,51" hai3="118,3,81,44,18,89,28,55,42,85,107,37,99"/><W0/><G118/><T82/><D101/><U122/><E112/><V33/><F133/><W94/><G28/><T121/><D62/><U84/><E134/><V17/><F12/><W92/><G18/><T123/><D50/><U5/><E103/><V7/><F7/><W72/><G55/><T95/><D45/><U52/><E36/><V104/><F104/><W132/><G132/><T126/><D95/><U8/><E5/><V119/><F119/><W48/><G48/><T114/><D114/><U128/><E128/><V129/><F129/><W4/><G4/><T68/><D68/><U46/><E46/><V106/><F106/><W78/><G94/><T34/><AGARI ba="0,0" hai="25,31,34,82,86,90,108,109,110,121,123,124,126,127" machi="34" ten="40,5200,0" yaku="0,1,14,1,18,1" doraHai="70" who="0" fromWho="0" sc="329,52,289,-13,188,-13,194,-26" owari="381,48.1,276,7.6,175,-22.5,168,-33.2" /></mjloggm>