<mjloggm ver="2.3"><GO type="225" lobby="0"/><UN n0="%E5%8C%97%E6%AC%A7%E3%81%AE%E3%82%82%E3%81%93%E3%81%86" n1="%33%74%72%65%65" n2="%E4%BF%BA%E3%81%A8%E5%A6%96%E5%A4%A2" n3="%70%68%65%6E%6F%6D%65" dan="16,17,16,16" rate="2120.23,2209.59,2122.71,2173.12" sx="M,F,F,M"/><TAIKYOKU oya="0"/><INIT seed="0,0,0,2,1,105" ten="250,250,250,250" oya="0" hai0="35,135,9,68,89,77,121,72,16,18,15,111,65" hai1="60,80,13,78,6,108,50,67,48,87,36,84,115" hai2="114,19,53,22,31,55,2,133,71,74,11,57,20" hai3="96,3,113,73,8,107,56,106,116,7,118,1,122"/><T110/><D121/><U0/><E108/><N who="0" m="41513" /><D135/><U40/><E115/><V100/><F114/><W37/><G113/><T83/><D35/><U130/><E130/><V39/><F71/><W12/><G122/><T95/><D68/><U24/><E0/><V75/><F39/><W33/><G33/><T14/><D65/><U123/><E123/><V101/><F133/><W34/><G34/><T103/><D103/><U63/><E24/><V125/><F125/><W17/><G37/><T44/><D44/><U127/><E127/><V49/><F31/><W25/><G96/><N who="0" m="57455" /><D14/><U10/><E67/><V30/><F101/><W62/><G106/><T64/><D64/><U91/><E36/><V59/><F100/><W32/><G107/><T41/><D41/><U69/><E69/><V98/><F98/><W43/><G43/><T52/><D52/><U117/><E117/><V129/><F129/><W5/><G116/><T99/><D99/><U128/><E128/><V46/><F46/><W61/><G118/><T93/><D93/><N who="1" m="54503" /><E48/><V29/><F2/><W4/><G62/><T102/><D102/><U97/><E97/><V131/><F131/><W90/><G3/><T85/><D85/><U47/><AGARI ba="0,0" hai="6,10,13,40,47,50,60,63,78,80,87" m="54503" machi="47" ten="30,2000,0" yaku="25,1,8,1" doraHai="105" who="1" fromWho="1" sc="250,-10,250,20,250,-5,250,-5" /><INIT seed="1,0,0,5,5,36" ten="240,270,245,245" oya="1" hai0="56,67,116,117,120,0,132,127,28,128,81,100,110" hai1="53,113,29,10,122,48,114,131,98,4,70,3,133" hai2="22,54,76,86,62,1,84,77,34,126,97,123,57" hai3="42,24,119,85,111,68,79,21,125,95,31,37,15"/><U39/><E122/><V9/><F123/><W99/><G68/><T92/><D0/><U66/><E133/><V135/><F34/><W30/><G111/><T12/><D120/><U41/><E131/><V72/><F135/><W2/><G2/><T134/><D28/><U112/><E29/><V88/><F126/><W18/><G125/><T8/><D127/><U59/><E98/><V130/><F130/><W124/><G124/><T38/><D38/><U108/><E108/><V16/><F9/><W6/><G119/><T103/><D128/><U23/><E23/><V46/><F46/><W80/><G37/><T63/><D110/><U129/><E129/><V47/><F47/><W115/><G115/><T109/><D109/><U49/><E49/><V121/><F1/><W105/><G105/><T69/><D134/><U75/><E75/><V90/><F72/><W20/><G42/><T45/><D132/><U14/><E3/><V50/><F62/><W78/><G78/><N who="2" m="30313" /><F121/><W102/><REACH who="3" step="1"/><G6/><REACH who="3" ten="240,270,245,235" step="2"/><N who="0" m="3095" /><D69/><U13/><E114/><V32/><F32/><W40/><G40/><T74/><D117/><U83/><E41/><V55/><F55/><W26/><G26/><T5/><D116/><U60/><E39/><V89/><F97/><W65/><G65/><T17/><D67/><U94/><E113/><V7/><F7/><W107/><G107/><T82/><D5/><U33/><E112/><V19/><F19/><AGARI ba="0,1" hai="15,18,19,20,21,24,30,31,79,80,85,95,99,102" machi="19" ten="30,3900,0" yaku="1,1,7,1,8,1,53,0" doraHai="36" doraHaiUra="106" who="3" fromWho="2" sc="240,0,270,0,245,-39,235,49" /><INIT seed="2,0,0,2,2,94" ten="240,270,206,284" oya="2" hai0="17,38,42,78,97,23,11,81,21,132,69,32,135" hai1="31,91,115,111,53,70,127,66,77,79,89,100,41" hai2="74,59,72,76,82,50,6,85,62,83,34,55,109" hai3="26,61,119,73,121,88,65,51,120,107,113,60,90"/><V133/><F34/><W98/><G73/><T57/><D69/><U37/><E37/><V54/><F133/><N who="0" m="51274" /><D32/><U4/><E70/><V134/><F134/><W63/><G119/><T99/><D57/><U18/><E31/><V27/><F109/><W25/><G65/><T40/><D11/><U106/><E66/><V104/><F104/><W28/><G113/><T58/><D21/><U29/><E111/><V20/><F6/><W19/><G19/><T0/><D58/><U5/><E18/><V92/><F92/><N who="3" m="56583" /><G107/><T103/><D0/><U52/><E106/><V64/><F82/><W68/><G121/><T102/><D102/><U24/><E100/><V47/><REACH who="2" step="1"/><F64/><REACH who="2" ten="240,270,196,284" step="2"/><W10/><G120/><T44/><D103/><U80/><E4/><V33/><F33/><W22/><G68/><T2/><D2/><U67/><E5/><V71/><F71/><W46/><G10/><T110/><D110/><U39/><E67/><V12/><F12/><W35/><G35/><T114/><D114/><U8/><E115/><V3/><F3/><W101/><G26/><N who="0" m="14703" /><D40/><U117/><E41/><V75/><F75/><AGARI ba="0,1" hai="38,42,44,75,78,81,97,99" m="14703,51274" machi="75" ten="30,3900,0" yaku="20,1,52,2" doraHai="94" who="0" fromWho="2" sc="240,49,270,0,196,-39,284,0" /><INIT seed="3,0,0,2,5,68" ten="289,270,157,284" oya="3" hai0="36,126,97,82,83,11,125,95,99,47,23,112,92" hai1="10,102,75,39,28,121,134,5,55,84,14,29,122" hai2="30,41,51,93,52,61,135,85,72,74,31,71,81" hai3="130,43,26,54,21,127,123,100,70,2,37,111,115"/><W133/><RYUUKYOKU type="yao9" ba="0,0" sc="289,0,270,0,157,0,284,0" hai3="2,21,26,37,43,54,70,100,111,115,123,127,130,133" /><INIT seed="3,1,0,0,4,79" ten="289,270,157,284" oya="3" hai0="101,81,7,32,85,15,108,47,10,63,87,130,86" hai1="96,29,11,52,65,66,77,27,28,124,49,82,59" hai2="58,75,45,39,72,56,17,120,21,64,91,132,36" hai3="62,25,22,51,42,98,73,119,16,111,121,129,18"/><W105/><G119/><T44/><D108/><U80/><E124/><V55/><F132/><W60/><G121/><T71/><D130/><U6/><E96/><V134/><F134/><W38/><G38/><T133/><D133/><U94/><E94/><V20/><F120/><W126/><G73/><T122/><D122/><U57/><E57/><V23/><F64/><W69/><G69/><T2/><D32/><U114/><E114/><V116/><F116/><W26/><G126/><T128/><D2/><U46/><E46/><N who="0" m="17449" /><D71/><U83/><E77/><V135/><F135/><W97/><G129/><T109/><D109/><U1/><REACH who="1" step="1"/><E29/><REACH who="1" ten="289,260,157,284" step="2"/><V30/><F30/><W118/><G118/><T41/><D128/><U54/><E54/><V100/><F58/><W89/><G111/><T99/><D41/><U35/><AGARI ba="1,1" hai="1,6,11,27,28,35,49,52,59,65,66,80,82,83" machi="35" ten="30,12000,2" yaku="1,1,0,1,52,3,54,1,53,0" doraHai="79" doraHaiUra="103" who="1" fromWho="1" sc="289,-31,260,133,157,-31,284,-61" owari="258,5.8,393,49.3,126,-37.4,223,-17.7" /></mjloggm>