<mjloggm ver="2.3"><GO type="225" lobby="0"/><UN n0="%E3%81%82%E3%81%84%E3%81%82%E3%81%8A%E3%81%84" n1="%E5%91%A8%E6%9D%B1" n2="%E3%81%AF%E3%82%88%E3%81%8A%E3%81%98%E3%81%95%E3%82%93" n3="%E8%81%B7%E6%A5%AD%E3%80%81%E9%A2%A8%32" dan="18,16,16,16" rate="2192.11,2189.91,2184.97,2172.69" sx="M,M,M,M"/><TAIKYOKU oya="0"/><INIT seed="0,0,0,0,4,70" ten="250,250,250,250" oya="0" hai0="41,24,29,126,58,129,66,123,27,107,35,30,120" hai1="108,28,19,97,75,114,36,3,50,127,82,0,14" hai2="83,86,2,87,9,89,131,76,62,99,54,37,67" hai3="61,38,119,125,23,130,93,77,56,111,31,49,8"/><T91/><D126/><U46/><E108/><V112/><F112/><W4/><G119/><T48/><D107/><U45/><E127/><V79/><F131/><W115/><G111/><T103/><D103/><U55/><E114/><V104/><F37/><W74/><G115/><T110/><D110/><U60/><E28/><V42/><F42/><W73/><G38/><T72/><D72/><U133/><E133/><V116/><F116/><W52/><G125/><T21/><D129/><U81/><E97/><V44/><F44/><W106/><G106/><T124/><D124/><U94/><E94/><V85/><F54/><W10/><G130/><T53/><D66/><U64/><E0/><V132/><F132/><W84/><G74/><T92/><REACH who="0" step="1"/><D41/><REACH who="0" ten="240,250,250,250" step="2"/><U16/><E75/><V32/><F104/><W1/><G73/><T117/><D117/><U78/><E64/><V101/><F101/><W88/><G77/><T15/><D15/><U122/><E14/><V102/><F79/><W33/><G1/><T59/><D59/><U40/><E3/><V71/><F102/><W96/><G56/><T95/><D95/><U7/><E78/><V121/><F76/><W105/><G93/><T134/><D134/><U25/><E40/><V34/><F2/><W18/><G105/><T5/><D5/><U39/><E7/><V100/><F100/><W12/><G12/><T57/><D57/><U135/><E135/><V68/><F67/><W51/><G4/><T98/><AGARI ba="0,1" hai="21,24,27,29,30,35,48,53,58,91,92,98,120,123" machi="98" ten="20,3900,0" yaku="1,1,0,1,7,1,53,0" doraHai="70" doraHaiUra="13" who="0" fromWho="0" sc="240,49,250,-13,250,-13,250,-13" /><INIT seed="0,1,0,4,2,15" ten="289,237,237,237" oya="0" hai0="65,125,128,30,122,43,94,92,106,9,17,48,109" hai1="22,83,103,133,31,119,107,45,77,50,7,18,20" hai2="70,60,33,89,19,130,124,127,51,26,58,61,101" hai3="40,87,93,117,116,126,53,24,102,35,88,81,85"/><T73/><D122/><U95/><E119/><V62/><F130/><W56/><G126/><N who="2" m="48169" /><F101/><W21/><G35/><T10/><D106/><U90/><E133/><V112/><F112/><W131/><G131/><T72/><D125/><U79/><E7/><V41/><F89/><N who="3" m="53423" /><G117/><T11/><D128/><U71/><E71/><V82/><F82/><W57/><G116/><T123/><D123/><U0/><E0/><V63/><F33/><W36/><G36/><T4/><D4/><U5/><E5/><V52/><F26/><W44/><G102/><T8/><D30/><U23/><E107/><V59/><F19/><N who="3" m="12351" /><G40/><T14/><D109/><U25/><E103/><V114/><F114/><W110/><G110/><T38/><D38/><U32/><E32/><V99/><F99/><W46/><G56/><T27/><D27/><U37/><E31/><V12/><F12/><W120/><G120/><T134/><D73/><U105/><E105/><V64/><F41/><W121/><G121/><T34/><D72/><U55/><E79/><V6/><F6/><W13/><G13/><T115/><D34/><U135/><E77/><V67/><AGARI ba="1,0" hai="51,52,58,59,60,61,62,63,64,67,70" m="48169" machi="67" ten="30,7900,0" yaku="18,1,34,2,54,1" doraHai="15" who="2" fromWho="2" sc="289,-40,237,-21,237,82,237,-21" /><INIT seed="1,0,0,2,0,121" ten="249,216,319,216" oya="1" hai0="26,63,21,16,133,10,73,110,18,117,31,103,1" hai1="45,8,99,109,15,62,43,5,20,70,111,0,132" hai2="11,7,101,33,134,12,89,61,47,22,123,51,77" hai3="24,74,65,57,113,67,128,131,4,42,64,88,32"/><U3/><E132/><V6/><F33/><W112/><G74/><T79/><D117/><U17/><E99/><V19/><F123/><W37/><G4/><N who="0" m="1295" /><D103/><U59/><E70/><V36/><F36/><W13/><G13/><T93/><D93/><U102/><E102/><V94/><F134/><W60/><G88/><T39/><D63/><U71/><E71/><V46/><F77/><W127/><G24/><T130/><D79/><U40/><E0/><V81/><F61/><W86/><G86/><T97/><D97/><U56/><E56/><V52/><F47/><N who="3" m="24015" /><G32/><T95/><D95/><U115/><E115/><N who="3" m="44106" /><G127/><T90/><D90/><U27/><E27/><V66/><F66/><AGARI ba="0,0" hai="57,60,64,65,66,67,128,131" m="44106,24015" machi="66" ten="30,2000,0" yaku="34,2" doraHai="121" who="3" fromWho="2" sc="249,0,216,0,319,-20,216,20" /><INIT seed="2,0,0,1,1,88" ten="249,216,299,236" oya="2" hai0="2,14,43,39,9,98,19,118,51,42,18,33,104" hai1="116,3,62,70,81,110,11,114,112,115,65,60,71" hai2="84,97,123,120,72,76,90,25,130,135,53,106,7" hai3="121,134,80,126,10,56,132,89,6,108,85,96,4"/><V73/><F7/><W74/><G121/><T63/><D33/><U69/><E116/><V16/><F73/><W117/><G117/><T61/><D39/><U31/><E31/><V45/><F130/><W68/><G68/><T82/><D2/><U44/><E81/><N who="2" m="45191" /><F53/><W86/><G74/><T15/><D118/><U1/><E110/><V13/><F25/><W41/><G108/><T64/><D82/><U128/><E128/><V133/><F45/><W8/><G41/><T35/><D35/><U32/><E32/><V124/><F124/><W38/><G126/><T57/><D51/><U122/><E122/><N who="2" m="46635" /><F16/><W49/><G38/><T22/><D104/><U0/><E11/><N who="3" m="4138" /><G96/><T125/><D125/><U40/><REACH who="1" step="1"/><E62/><REACH who="1" ten="249,206,299,236" step="2"/><V103/><F13/><W105/><G80/><AGARI ba="0,1" hai="80,84,90,97,103,106,133,135" m="46635,45191" machi="80" ten="30,2900,0" yaku="34,2" doraHai="88" who="2" fromWho="3" sc="249,0,206,0,299,39,236,-29" /><INIT seed="2,1,0,2,4,14" ten="249,206,338,207" oya="2" hai0="94,73,118,34,61,115,90,29,58,98,89,104,63" hai1="133,36,111,81,132,31,8,102,103,6,46,21,97" hai2="41,43,109,101,127,30,78,88,45,24,66,57,112" hai3="54,64,79,2,47,87,55,96,110,86,60,120,9"/><V33/><F112/><W39/><G110/><T16/><D115/><U113/><E113/><V114/><F114/><W106/><G120/><T65/><D73/><U119/><E119/><V0/><F0/><W51/><G39/><T56/><D104/><U122/><E111/><V52/><F109/><W117/><G117/><T108/><D108/><U129/><E122/><V67/><F127/><W27/><G55/><T7/><D118/><U128/><E81/><V116/><F116/><W42/><G54/><T17/><D7/><U83/><E83/><V92/><F101/><W22/><G79/><T62/><D62/><U125/><E125/><V77/><F67/><W100/><G9/><T72/><D72/><U68/><E68/><V70/><F66/><W105/><G2/><T19/><D34/><U123/><E123/><V12/><F12/><W135/><G106/><T49/><D49/><U59/><E59/><V131/><F70/><W18/><REACH who="3" step="1"/><G135/><REACH who="3" ten="249,206,338,197" step="2"/><N who="1" m="51786" /><E8/><V80/><F78/><W75/><G75/><T71/><D71/><AGARI ba="1,1" hai="18,22,27,42,47,51,60,64,71,86,87,96,100,105" machi="71" ten="30,7700,0" yaku="1,1,7,1,52,1,53,1" doraHai="14" doraHaiUra="13" who="3" fromWho="0" sc="249,-80,206,0,338,0,197,90" /><INIT seed="3,0,0,2,1,13" ten="169,206,338,287" oya="3" hai0="28,76,34,114,29,90,62,31,115,8,37,42,106" hai1="67,86,5,117,120,68,109,118,69,112,30,93,129" hai2="96,24,32,82,20,97,98,4,51,95,39,11,44" hai3="107,92,122,48,55,72,6,35,47,63,99,94,12"/><W79/><G122/><T133/><D106/><U16/><E120/><V135/><F32/><W18/><G35/><T108/><D34/><U15/><E112/><V14/><F39/><W45/><G6/><T131/><D108/><U54/><E109/><V61/><F135/><W38/><G107/><T80/><D133/><U104/><E104/><V1/><F1/><W123/><G123/><T58/><D131/><U87/><E129/><V43/><F61/><W10/><G63/><T119/><D119/><N who="1" m="45579" /><E5/><V53/><F82/><W27/><G27/><T132/><D132/><U26/><E54/><V36/><F36/><W0/><G0/><T127/><D127/><U21/><E67/><V56/><F56/><N who="3" m="32871" /><G38/><T84/><D76/><U52/><E52/><V74/><F74/><W71/><G71/><N who="1" m="27210" /><E93/><N who="3" m="35946" /><G72/><T75/><D75/><U116/><N who="1" m="45587" /><U85/><DORA hai="23" /><E85/><V25/><F53/><W110/><G110/><T130/><D130/><U65/><E65/><V7/><F4/><W126/><G126/><T66/><REACH who="0" step="1"/><D8/><AGARI ba="0,0" hai="8,15,16,21,26,30,86,87" m="27210,45587" machi="8" ten="40,8000,1" yaku="12,1,52,2,54,1" doraHai="13,23" who="1" fromWho="0" sc="169,-80,206,80,338,0,287,0" owari="89,-41.1,286,-11.4,338,43.8,287,8.7" /></mjloggm>