<mjloggm ver="2.3"><GO type="225" lobby="0"/><UN n0="%E3%83%A9%E3%82%B9%E7%8E%87%EF%BC%93%E5%89%B2" n1="%E3%81%99%E3%81%84%E3%81%BE%E3%81%9B%E3%83%BC%E3%82%93" n2="%E7%99%BD%E5%80%89%E5%AF%9B%E4%B9%8B" n3="%E6%9C%88%E5%B3%B6%E5%9F%BA" dan="17,18,16,18" rate="2196.30,2228.34,2158.03,2244.80" sx="F,M,M,M"/><TAIKYOKU oya="0"/><INIT seed="0,0,0,1,4,91" ten="250,250,250,250" oya="0" hai0="123,18,8,3,85,86,61,46,40,95,120,81,113" hai1="59,66,89,87,6,71,108,105,29,94,41,110,116" hai2="13,70,69,132,5,22,84,131,50,80,72,31,135" hai3="64,68,42,74,9,60,36,96,19,75,79,0,14"/><T23/><D113/><U106/><E116/><V109/><F72/><W24/><G0/><T16/><D61/><N who="1" m="38207" /><E71/><V93/><F109/><N who="1" m="42089" /><E29/><V37/><F37/><W53/><G79/><T133/><D133/><N who="2" m="51274" /><F131/><W118/><G118/><T28/><D28/><U2/><E41/><V129/><F129/><W88/><G53/><T44/><D3/><U27/><E27/><N who="2" m="16887" /><F50/><W67/><G24/><T115/><D115/><U102/><E102/><V12/><F93/><W125/><G42/><T100/><D123/><U90/><E89/><N who="2" m="51335" /><F12/><W55/><G14/><N who="0" m="7239" /><D120/><U56/><E56/><V51/><F51/><W128/><G36/><T63/><D63/><U127/><E127/><V34/><F34/><W76/><G68/><T45/><D40/><U15/><E15/><V25/><F25/><W122/><G60/><T30/><D30/><U107/><E107/><V114/><F114/><W58/><G125/><T43/><D43/><U10/><AGARI ba="0,0" hai="2,6,10,87,90,94,105,106" m="42089,38207" machi="10" ten="30,2000,0" yaku="14,1,52,1" doraHai="91" who="1" fromWho="1" sc="250,-10,250,20,250,-5,250,-5" /><INIT seed="1,0,0,3,5,39" ten="240,270,245,245" oya="1" hai0="62,19,54,50,46,2,111,116,78,17,74,126,22" hai1="37,9,35,102,29,120,66,93,112,38,57,114,27" hai2="115,80,32,55,61,73,100,36,128,14,65,134,133" hai3="87,8,81,75,53,33,118,88,45,64,122,48,86"/><U109/><E120/><V106/><F36/><W129/><G122/><T68/><D116/><U25/><E109/><V113/><F32/><W58/><G118/><T89/><D126/><U105/><E93/><V110/><F55/><W97/><G33/><T47/><D2/><U24/><E38/><V76/><F14/><W18/><G75/><T41/><D111/><U59/><E37/><V44/><F44/><W4/><G129/><T23/><D74/><U49/><E9/><V124/><F110/><W11/><G97/><T104/><D104/><U107/><E66/><V3/><F3/><W71/><G71/><T96/><D78/><U99/><E107/><V13/><F13/><N who="3" m="7463" /><G87/><T34/><D34/><U82/><E114/><N who="2" m="43531" /><F124/><W90/><G90/><T1/><D1/><U10/><E112/><V131/><F100/><W95/><G64/><T51/><D68/><U0/><E0/><V103/><F103/><W85/><G58/><N who="0" m="35159" /><D22/><U125/><E125/><V84/><F84/><N who="3" m="50191" /><G95/><N who="0" m="56431" /><D23/><U63/><E35/><V6/><F106/><W30/><G30/><T5/><D5/><U43/><E29/><V117/><F6/><W67/><G67/><T70/><D70/><U123/><E123/><V94/><F117/><W15/><AGARI ba="0,0" hai="4,11,15,45,48,53,85,86" m="50191,7463" machi="15" ten="30,4000,0" yaku="25,1,8,1,54,1" doraHai="39" who="3" fromWho="3" sc="240,-10,270,-20,245,-10,245,40" /><INIT seed="2,0,0,2,3,75" ten="230,250,235,285" oya="2" hai0="81,5,117,98,35,44,100,77,79,10,36,97,76" hai1="9,86,28,33,60,71,119,90,8,27,48,13,112" hai2="61,45,7,52,40,133,15,106,20,129,96,2,66" hai3="14,134,91,72,130,11,135,53,113,109,83,93,0"/><V94/><F133/><N who="3" m="50699" /><G0/><N who="0" m="295" /><D35/><U58/><E112/><V47/><F129/><W18/><G109/><T4/><D4/><U6/><E119/><V80/><F106/><W55/><G113/><T125/><D98/><U21/><E9/><N who="2" m="4543" /><F2/><W19/><G130/><T23/><D23/><U127/><E127/><V59/><F20/><W69/><G69/><T111/><D111/><U120/><E120/><V73/><F73/><W115/><G115/><T64/><D64/><U105/><E105/><V32/><F32/><W1/><G1/><T85/><D85/><U26/><E71/><V50/><F80/><W46/><G83/><T123/><D123/><U17/><E48/><N who="2" m="26663" /><F96/><N who="3" m="57407" /><G72/><N who="0" m="43143" /><D125/><U122/><E122/><V108/><F108/><W24/><G24/><T49/><D49/><U103/><E27/><V88/><F94/><W102/><G19/><T56/><D56/><U95/><E33/><V132/><F132/><W99/><G46/><T38/><D38/><U67/><E103/><V62/><F61/><W34/><G34/><T92/><D117/><U110/><E110/><V30/><F30/><AGARI ba="0,0" hai="6,8,13,17,21,26,28,30,58,60,67,86,90,95" machi="30" ten="40,1300,0" yaku="8,1" doraHai="75" who="1" fromWho="2" sc="230,0,250,13,235,-13,285,0" /><INIT seed="3,0,0,5,3,122" ten="230,263,222,285" oya="3" hai0="81,27,12,34,56,38,107,121,104,133,113,126,42" hai1="50,103,65,43,62,2,8,127,18,102,3,111,105" hai2="76,78,84,10,61,0,66,59,132,86,25,85,123" hai3="48,96,134,79,82,17,51,55,35,23,88,125,92"/><W21/><G35/><T93/><D12/><U108/><E127/><V135/><F123/><W37/><G37/><T120/><D56/><U73/><E73/><V11/><F25/><W1/><G1/><T30/><D93/><U71/><E105/><V41/><F41/><W53/><G125/><T20/><D20/><U44/><E3/><V49/><F49/><W47/><G134/><N who="2" m="51241" /><F0/><W74/><G17/><T116/><D116/><U60/><E60/><V106/><F106/><W100/><G100/><T112/><D121/><U117/><E117/><V5/><F5/><W16/><G16/><T39/><D120/><U64/><E64/><V52/><F66/><W7/><G7/><T46/><D133/><U24/><E24/><V72/><F72/><W14/><G14/><T83/><D39/><U29/><E29/><V54/><F54/><W94/><G94/><T110/><D126/><U70/><E2/><V28/><F28/><W124/><G124/><T128/><D107/><U115/><E18/><V26/><F26/><W97/><G96/><T33/><D104/><U89/><E8/><AGARI ba="0,0" hai="8,10,11,52,59,61,76,78,84,85,86" m="51241" machi="8" ten="30,2000,0" yaku="20,1,54,1" doraHai="122" who="2" fromWho="1" sc="230,0,263,-20,222,20,285,0" /><INIT seed="4,0,0,2,1,23" ten="230,243,242,285" oya="0" hai0="26,38,126,5,81,107,12,103,93,69,75,14,80" hai1="49,127,94,65,50,109,74,112,28,116,91,52,133" hai2="115,114,13,125,131,58,22,130,90,66,48,53,1" hai3="46,120,37,39,84,102,17,88,101,71,100,98,132"/><T105/><D69/><U59/><E116/><V83/><F1/><W113/><G71/><T110/><D38/><U29/><E109/><V11/><F83/><W134/><G113/><N who="2" m="43017" /><F90/><W129/><G129/><N who="2" m="49161" /><F22/><W72/><G72/><T36/><D36/><U0/><E74/><V78/><F78/><W8/><G120/><T44/><D110/><U96/><E0/><V15/><F125/><W20/><G8/><T61/><D126/><U41/><E127/><V32/><F32/><W55/><G98/><T68/><D75/><U30/><E112/><V124/><F124/><W56/><G88/><T135/><D93/><U57/><E133/><V31/><F31/><W86/><G86/><T51/><D135/><U43/><E91/><V63/><F11/><W77/><G84/><T19/><D103/><U34/><E34/><V3/><F3/><W21/><G77/><T47/><D81/><U9/><E9/><V79/><F79/><W118/><G132/><T40/><D80/><U7/><E96/><V16/><F16/><W92/><G17/><T73/><D73/><U95/><E30/><V2/><F2/><W4/><G134/><T97/><D97/><U45/><E29/><V76/><F76/><W67/><G101/><T122/><D19/><U10/><E28/><V87/><F87/><W6/><G100/><T24/><D12/><N who="1" m="5215" /><E95/><V42/><F42/><W18/><G92/><T60/><D14/><U119/><E94/><V35/><F35/><W121/><G102/><T25/><D107/><U123/><E43/><V70/><AGARI ba="0,0" hai="13,15,48,53,58,63,66,70" m="49161,43017" machi="70" ten="30,2000,0" yaku="15,1,19,1" doraHai="23" who="2" fromWho="2" sc="230,-10,243,-5,242,20,285,-5" /><INIT seed="5,0,0,0,2,17" ten="220,238,262,280" oya="1" hai0="59,100,135,62,35,4,2,78,97,41,8,18,27" hai1="29,14,60,15,93,87,43,112,76,128,109,24,82" hai2="40,32,123,127,26,22,101,103,37,96,68,44,33" hai3="72,110,48,51,61,102,63,38,10,86,75,67,46"/><U74/><E112/><V77/><F68/><W56/><G110/><T23/><D135/><U115/><E115/><V113/><F113/><W92/><G38/><T126/><D126/><U11/><E128/><V21/><F123/><W105/><G105/><T119/><D119/><U114/><E114/><V7/><F127/><W90/><G102/><T95/><D78/><U70/><E109/><V39/><F103/><W130/><G130/><T58/><D41/><U89/><E43/><V9/><F77/><W45/><G63/><T94/><D62/><U133/><E133/><V57/><F57/><W16/><G75/><T19/><D19/><U98/><E74/><V91/><F91/><W106/><G106/><T107/><D107/><U124/><E124/><V83/><F83/><W1/><G1/><T69/><D69/><U31/><E31/><V99/><F39/><W88/><G90/><T104/><REACH who="0" step="1"/><D35/><REACH who="0" ten="210,238,262,280" step="2"/><U108/><E108/><V118/><F118/><W52/><G61/><T13/><D13/><U129/><E129/><V121/><F33/><W117/><G117/><T81/><D81/><U64/><E11/><V116/><F116/><W66/><G10/><T47/><D47/><U80/><E82/><V111/><F111/><W125/><G125/><T42/><D42/><U131/><E131/><V3/><F32/><AGARI ba="0,1" hai="14,15,24,29,32,60,64,70,76,80,87,89,93,98" machi="32" ten="30,1500,0" yaku="7,1" doraHai="17" who="1" fromWho="2" sc="210,0,238,25,262,-15,280,0" /><INIT seed="5,1,0,4,4,43" ten="210,263,247,280" oya="1" hai0="94,110,100,133,95,22,55,51,132,67,40,117,26" hai1="105,49,28,10,75,114,58,68,23,19,120,5,119" hai2="38,27,29,34,93,73,45,13,61,20,25,122,44" hai3="97,106,15,96,115,3,64,112,52,123,118,18,74"/><U131/><E120/><V109/><F38/><W79/><G123/><T42/><D110/><U71/><E75/><V63/><F73/><W33/><G118/><T102/><D117/><U0/><E105/><V31/><F122/><W69/><G33/><T116/><D116/><U47/><E131/><V41/><F109/><W32/><G32/><T82/><D67/><U8/><E114/><N who="3" m="43562" /><G3/><T17/><D82/><U24/><E58/><V135/><F135/><N who="0" m="51786" /><D95/><U54/><E119/><V83/><F41/><N who="0" m="15978" /><D94/><U104/><E104/><V129/><F129/><W98/><G64/><T77/><D77/><U86/><E86/><V134/><F134/><W89/><G69/><T128/><D128/><U12/><AGARI ba="1,0" hai="0,5,8,10,12,19,23,24,28,47,49,54,68,71" machi="12" ten="30,3000,0" yaku="0,1,52,1" doraHai="43" who="1" fromWho="1" sc="210,-11,263,33,247,-11,280,-11" /><INIT seed="5,2,0,2,2,132" ten="199,296,236,269" oya="1" hai0="134,114,10,130,88,47,25,116,21,44,46,64,103" hai1="51,79,40,85,115,48,80,121,72,5,78,7,81" hai2="3,41,83,109,110,123,119,39,59,8,101,67,4" hai3="11,42,55,1,28,33,84,82,125,100,14,129,49"/><U105/><E105/><V37/><F119/><W29/><G1/><T62/><D116/><U19/><E121/><V111/><F123/><W13/><G129/><T95/><D134/><U112/><E19/><V61/><F41/><W17/><G33/><T18/><D114/><N who="1" m="43563" /><E48/><V127/><F101/><W43/><G125/><T93/><D130/><U122/><E122/><V58/><F127/><W22/><G100/><T113/><D113/><U77/><E79/><V45/><F45/><AGARI ba="2,0" hai="5,7,40,45,51,72,77,78,80,81,85" m="43563" machi="45" ten="30,1500,0" yaku="15,1" doraHai="132" who="1" fromWho="2" sc="199,0,296,21,236,-21,269,0" owari="199,-30.1,317,41.7,215,-18.5,269,6.9" /></mjloggm>