<mjloggm ver="2.3"><GO type="225" lobby="0"/><UN n0="%E3%83%B4%E3%83%A0%EF%BC%99%E3%81%A6" n1="%E3%81%95%E3%81%8D%E3%81%9F%E3%81%BE%E6%9E%97%E6%AA%8E" n2="%E3%81%BD%E3%81%A1%E3%81%9F%E3%81%93%E3%82%84" n3="%E4%B8%8B%E6%AE%B5%E3%83%81%E3%82%A7%E3%83%AA%E3%83%BC" dan="17,16,17,16" rate="2145.58,2105.33,2188.46,2124.65" sx="M,M,M,M"/><TAIKYOKU oya="0"/><INIT seed="0,0,0,3,0,118" ten="250,250,250,250" oya="0" hai0="67,105,42,100,134,60,39,18,122,69,26,108,14" hai1="43,83,111,80,12,52,41,36,2,113,126,85,98" hai2="51,121,132,97,128,44,15,119,50,65,93,112,94" hai3="79,104,78,37,57,96,3,110,13,40,19,20,1"/><T86/><D134/><U73/><E2/><V49/><F112/><W127/><G127/><T66/><D108/><U11/><E73/><V115/><F115/><W64/><G110/><T71/><D26/><U99/><E126/><V46/><F119/><W68/><G68/><T109/><D109/><U47/><E111/><V135/><F128/><W82/><G78/><T120/><D86/><U58/><E113/><V9/><F65/><W70/><G70/><T56/><D56/><U81/><E85/><V28/><F28/><W45/><G64/><T16/><D42/><U84/><E84/><V29/><F29/><W31/><G57/><T4/><D4/><U92/><E92/><N who="2" m="35435" /><F97/><N who="1" m="36873" /><E47/><N who="2" m="17963" /><F15/><W101/><REACH who="3" step="1"/><G31/><REACH who="3" ten="250,250,250,240" step="2"/><T0/><D69/><U61/><E36/><V22/><F132/><W7/><G7/><AGARI ba="0,1" hai="7,11,12,41,43,52,58,61,80,81,83" m="36873" machi="7" ten="30,2000,0" yaku="8,1,54,1" doraHai="118" who="1" fromWho="3" sc="250,0,250,30,250,0,240,-20" /><INIT seed="1,0,0,4,3,79" ten="250,280,250,220" oya="1" hai0="43,123,68,108,70,55,121,11,3,32,30,93,104" hai1="124,126,40,0,6,105,62,14,89,41,78,60,94" hai2="134,13,129,115,2,25,18,101,98,52,90,73,96" hai3="34,36,102,48,120,133,75,12,111,95,1,24,85"/><U132/><E105/><V80/><F2/><W23/><G36/><T53/><D104/><U15/><E0/><V57/><F129/><W66/><G75/><T9/><D108/><U65/><E132/><V28/><F134/><W8/><G133/><T51/><D43/><U21/><E78/><V125/><F125/><N who="1" m="48233" /><E6/><V81/><F73/><W56/><G111/><T88/><D30/><U117/><E117/><V63/><F115/><W10/><G120/><N who="0" m="46155" /><D32/><U69/><E62/><V118/><F118/><W19/><G1/><T84/><D53/><U38/><E38/><V110/><F110/><W122/><G122/><T113/><D113/><U17/><E15/><V26/><F101/><W116/><G116/><T82/><D93/><U4/><E4/><V72/><F72/><W22/><G34/><T49/><D49/><U128/><E128/><V54/><F54/><W87/><G22/><T100/><D100/><U114/><E114/><V97/><F90/><W107/><G107/><T76/><D76/><U5/><E5/><V86/><F86/><AGARI ba="0,0" hai="14,17,21,40,41,60,65,69,86,89,94" m="48233" machi="86" ten="30,1500,0" yaku="18,1" doraHai="79" who="1" fromWho="2" sc="250,0,280,15,250,-15,220,0" /><INIT seed="1,1,0,0,1,63" ten="250,295,235,220" oya="1" hai0="99,65,123,119,39,115,61,66,16,13,80,54,84" hai1="24,70,52,102,48,38,94,9,7,81,33,3,23" hai2="112,64,132,133,68,107,101,118,88,110,82,120,71" hai3="8,129,21,72,27,62,97,35,85,40,18,69,90"/><U10/><E38/><V73/><F118/><W105/><G72/><T67/><D119/><U6/><E70/><V20/><F120/><W15/><G129/><T51/><D115/><U127/><E127/><V17/><F110/><W29/><G40/><T75/><D39/><U56/><E33/><V28/><F28/><W49/><G49/><T22/><D75/><U5/><E81/><V1/><F1/><W100/><G90/><N who="0" m="51463" /><D123/><U79/><E79/><N who="2" m="44399" /><F64/><W98/><G98/><T25/><D99/><N who="1" m="59767" /><E3/><V135/><F112/><W131/><G85/><T114/><D114/><U58/><E58/><V130/><F130/><W57/><G131/><T2/><D2/><U41/><E41/><V32/><F32/><W74/><G74/><T47/><D61/><U92/><E92/><V125/><F125/><W59/><G8/><T14/><AGARI ba="1,0" hai="13,14,16,22,25,47,51,54,65,66,67" m="51463" machi="14" ten="30,8000,1" yaku="8,1,52,3,54,1" doraHai="63" who="0" fromWho="0" sc="250,83,295,-41,235,-21,220,-21" /><INIT seed="2,0,0,3,0,90" ten="333,254,214,199" oya="2" hai0="21,102,41,63,15,135,81,32,47,20,12,84,57" hai1="50,2,103,25,134,8,9,128,70,99,46,66,58" hai2="31,49,1,74,115,64,131,120,129,39,33,105,5" hai3="55,113,91,17,79,6,30,127,40,112,119,62,133"/><V51/><F115/><N who="3" m="44107" /><G119/><T72/><D32/><U110/><E110/><V42/><F120/><W24/><G6/><T76/><D135/><U126/><E134/><V114/><F114/><W43/><G133/><T107/><D72/><U27/><E70/><V89/><F105/><W130/><G79/><T77/><D77/><U121/><E121/><V85/><F74/><W86/><G17/><T53/><D102/><U93/><E128/><N who="2" m="49227" /><F64/><W68/><G130/><T116/><D107/><U78/><E78/><V61/><F61/><W108/><G108/><T23/><REACH who="0" step="1"/><D116/><REACH who="0" ten="323,254,214,199" step="2"/><U7/><E103/><V13/><F33/><N who="3" m="20679" /><G127/><T11/><D11/><U111/><E9/><N who="2" m="4271" /><F1/><W29/><G29/><T132/><D132/><U122/><E2/><V80/><F31/><W34/><G34/><T44/><D44/><AGARI ba="0,1" hai="39,42,44,49,51,80,85,89" m="4271,49227" machi="44" ten="30,1500,0" yaku="19,1" doraHai="90" who="2" fromWho="0" sc="323,-15,254,0,214,25,199,0" /><INIT seed="2,1,0,2,5,16" ten="308,254,239,199" oya="2" hai0="12,77,39,134,9,74,66,65,40,111,112,100,135" hai1="87,92,3,14,48,60,19,64,35,51,56,84,71" hai2="102,42,17,108,67,113,32,81,41,99,18,57,97" hai3="101,68,38,20,122,44,11,96,5,55,27,37,23"/><V28/><F113/><W54/><G68/><T103/><D112/><U83/><E3/><V79/><F32/><W33/><G122/><T24/><D111/><U72/><E35/><V50/><F28/><W47/><G33/><T109/><D109/><U2/><E2/><V90/><F108/><W63/><G38/><T91/><D91/><N who="1" m="53351" /><E72/><V117/><F117/><W1/><G37/><T130/><D24/><U85/><E71/><V98/><F90/><W125/><G125/><T88/><D130/><U76/><E87/><N who="2" m="48575" /><F102/><W21/><G27/><T59/><D100/><U7/><E7/><V6/><F6/><W53/><REACH who="3" step="1"/><G63/><REACH who="3" ten="308,254,239,189" step="2"/><T80/><D39/><U29/><E29/><V25/><F25/><W30/><G30/><T95/><D135/><U43/><E43/><N who="2" m="16395" /><F50/><W26/><G26/><T52/><D40/><U70/><E70/><V75/><F75/><W69/><G69/><T45/><D134/><U110/><E110/><V34/><F34/><W73/><G73/><T62/><D74/><U82/><E82/><V61/><AGARI ba="1,1" hai="17,18,57,61,67,97,98,99" m="16395,48575" machi="61" ten="30,1500,0" yaku="8,1" doraHai="16" who="2" fromWho="2" sc="308,-6,254,-6,239,28,189,-6" /><INIT seed="2,2,0,1,2,42" ten="302,248,267,183" oya="2" hai0="8,24,111,73,133,48,117,68,135,99,121,44,85" hai1="101,19,6,127,87,96,69,36,110,63,67,12,100" hai2="18,104,58,74,51,102,25,132,46,35,40,123,112" hai3="94,116,5,90,82,62,9,79,17,126,93,56,108"/><V23/><F112/><W106/><G106/><T0/><D73/><U61/><E110/><V41/><F123/><W49/><G108/><T45/><D121/><U4/><E127/><V103/><F74/><W124/><G116/><T86/><D111/><U50/><E36/><V29/><F132/><N who="0" m="50762" /><D117/><U53/><E63/><V7/><F104/><W83/><G17/><T2/><D68/><U80/><E4/><V15/><F41/><W129/><G129/><T43/><D99/><U32/><E6/><V55/><REACH who="2" step="1"/><F7/><REACH who="2" ten="302,248,257,183" step="2"/><W21/><G126/><T76/><D0/><U128/><E128/><V118/><F118/><W125/><G125/><T70/><D70/><U59/><E32/><V10/><F10/><W1/><G9/><T81/><D8/><U11/><E96/><V47/><F47/><W119/><G1/><T105/><D2/><U109/><E109/><V72/><F72/><W131/><G124/><T122/><D122/><U37/><E37/><AGARI ba="2,1" hai="15,18,23,25,29,35,37,40,46,51,55,58,102,103" machi="37" ten="30,5800,0" yaku="1,1,7,1,52,1,53,0" doraHai="42" doraHaiUra="115" who="2" fromWho="1" sc="302,0,248,-64,257,74,183,0" /><INIT seed="2,3,0,2,5,92" ten="302,184,331,183" oya="2" hai0="106,49,75,113,123,134,51,105,93,66,45,39,24" hai1="55,41,60,71,121,17,72,12,30,118,80,109,27" hai2="73,89,68,100,33,69,35,112,131,99,42,4,43" hai3="34,98,53,65,0,76,15,91,54,119,70,124,88"/><V44/><F43/><W107/><G0/><T23/><D123/><U7/><E109/><V52/><F89/><W128/><G119/><T22/><D113/><U57/><E118/><V11/><F52/><W5/><G76/><T95/><D75/><U77/><E121/><V108/><F73/><W31/><G124/><T19/><D39/><U81/><E81/><V61/><F131/><W38/><G38/><T84/><D134/><U40/><E7/><V116/><F112/><W83/><G128/><T97/><D66/><U79/><E79/><V29/><F108/><W63/><G15/><T21/><D105/><U8/><REACH who="1" step="1"/><E71/><REACH who="1" ten="302,174,331,183" step="2"/><V96/><F69/><W37/><G5/><T102/><D84/><U74/><E74/><V32/><F68/><W64/><G37/><T16/><D49/><U135/><E135/><V130/><F4/><W25/><G65/><T18/><REACH who="0" step="1"/><D24/><REACH who="0" ten="292,174,331,183" step="2"/><U125/><E125/><V20/><F130/><W126/><G126/><T104/><D104/><U94/><E94/><V115/><F115/><W133/><G133/><T13/><D13/><U1/><E1/><V132/><F132/><W3/><G3/><T14/><D14/><U114/><E114/><V6/><F116/><W59/><G59/><T10/><D10/><U9/><E9/><V101/><F11/><W58/><G58/><T127/><D127/><U48/><E48/><V28/><F44/><W62/><G62/><T122/><D122/><U103/><E103/><V56/><F100/><N who="3" m="62871" /><G83/><T129/><D129/><U90/><E90/><AGARI ba="3,2" hai="25,31,34,53,54,63,64,70,88,90,91" m="62871" machi="90" ten="30,3900,0" yaku="25,1,52,1,54,1" doraHai="92" who="3" fromWho="1" sc="292,0,174,-48,331,0,183,68" /><INIT seed="3,0,0,1,3,45" ten="292,126,331,251" oya="3" hai0="21,35,101,29,61,48,66,95,20,83,60,76,64" hai1="78,25,41,62,49,122,40,77,36,103,121,2,23" hai2="88,133,46,32,81,70,106,13,10,0,47,68,52" hai3="22,113,126,99,135,91,16,15,119,73,111,89,80"/><W50/><G119/><T58/><D35/><U112/><E112/><V63/><F0/><W55/><G113/><T100/><D48/><U14/><E2/><V30/><F106/><W71/><G71/><T85/><D29/><U104/><E36/><V125/><F30/><W38/><G38/><T94/><D94/><U3/><E3/><V28/><F28/><W109/><G126/><T59/><REACH who="0" step="1"/><D95/><REACH who="0" ten="282,126,331,251" step="2"/><U87/><E121/><V44/><F32/><W37/><G37/><T12/><D12/><U96/><E122/><V124/><F124/><W115/><G115/><T33/><D33/><U51/><E14/><V8/><F125/><W42/><G42/><N who="1" m="16490" /><E104/><V118/><F13/><W67/><G67/><T107/><D107/><U117/><E117/><V74/><F118/><W127/><G127/><T56/><D56/><U114/><E114/><V9/><F70/><W129/><G135/><T98/><D98/><U26/><E26/><V132/><F68/><W72/><G129/><T86/><D86/><U18/><E87/><N who="2" m="50287" /><F74/><N who="3" m="28779" /><G99/><T65/><D65/><U92/><E62/><V43/><F43/><W5/><G5/><T54/><D54/><U34/><E34/><V97/><F97/><W17/><G17/><T19/><D19/><U105/><E105/><V4/><F4/><W27/><G27/><T69/><D69/><U123/><E123/><V93/><F93/><W75/><G75/><T79/><D79/><U7/><E7/><V120/><F120/><W116/><G116/><T11/><D11/><U108/><E108/><N who="3" m="41546" /><G80/><T39/><D39/><U134/><E134/><V57/><AGARI ba="0,1" hai="8,9,10,44,46,47,52,57,63,132,133" m="50287" machi="57" ten="40,5200,0" yaku="5,1,54,2" doraHai="45" who="2" fromWho="2" sc="282,-13,126,-13,331,62,251,-26" owari="269,6.9,113,-38.7,393,49.3,225,-17.5" /></mjloggm>