<mjloggm ver="2.3"><GO type="225" lobby="0"/><UN n0="%E3%83%A9%E3%82%A4%E3%83%B3%E3%81%AE%E8%99%8E" n1="%E6%A1%9C%E8%8A%B1%E9%96%83%E3%80%85" n2="%E3%83%B4%E3%83%A0%EF%BC%99%E3%81%A6" n3="%E6%81%A5%E6%99%92%E3%81%97" dan="16,16,16,16" rate="2165.30,2112.49,2128.03,2131.84" sx="M,M,M,M"/><TAIKYOKU oya="0"/><INIT seed="0,0,0,2,0,133" ten="250,250,250,250" oya="0" hai0="78,46,73,110,14,8,92,10,97,134,90,69,122" hai1="62,106,135,118,86,48,66,120,54,50,37,127,63" hai2="117,56,6,109,12,124,81,91,129,119,84,96,87" hai3="27,71,72,70,1,5,98,24,33,82,42,113,123"/><T111/><D122/><U93/><E106/><V51/><F109/><N who="0" m="41482" /><D134/><U55/><E135/><V7/><F129/><W114/><G123/><T40/><D69/><N who="3" m="26121" /><G27/><T58/><D58/><N who="1" m="37239" /><E120/><V2/><F2/><W131/><G131/><T132/><D132/><U19/><E118/><V17/><F96/><W11/><G98/><T25/><D25/><U21/><E37/><V31/><F31/><N who="3" m="19687" /><G42/><T130/><D130/><U104/><E104/><V77/><F117/><W47/><G47/><T36/><D14/><U35/><E55/><V32/><F32/><W29/><G29/><T15/><D15/><U18/><E54/><V30/><F30/><W61/><G61/><T0/><D0/><U39/><E62/><V52/><F119/><W79/><AGARI ba="0,0" hai="1,5,11,72,79,82,113,114" m="19687,26121" machi="79" ten="30,1100,0" yaku="23,1" doraHai="133" who="3" fromWho="3" sc="250,-5,250,-3,250,-3,250,11" /><INIT seed="1,0,0,4,3,79" ten="245,247,247,261" oya="1" hai0="87,86,121,131,73,12,17,101,9,61,93,102,125" hai1="94,51,118,19,32,30,21,23,24,74,14,4,122" hai2="135,128,31,36,130,68,63,112,100,124,3,64,60" hai3="129,37,35,33,70,72,117,107,116,132,7,96,120"/><U104/><E104/><V111/><F3/><W40/><RYUUKYOKU type="yao9" ba="0,0" sc="245,0,247,0,247,0,261,0" hai3="7,33,35,37,40,70,72,96,107,116,117,120,129,132" /><INIT seed="1,1,0,2,0,117" ten="245,247,247,261" oya="1" hai0="82,46,33,64,47,62,105,51,55,122,85,45,58" hai1="111,3,95,125,121,25,44,103,118,74,17,99,63" hai2="15,89,31,29,59,93,76,123,112,39,88,91,68" hai3="97,14,42,40,127,113,132,120,49,56,83,135,12"/><U43/><E118/><V70/><F39/><W41/><G113/><T106/><D33/><U126/><E3/><V108/><F112/><W19/><G127/><N who="1" m="48650" /><E74/><V81/><F108/><W52/><G120/><T129/><D129/><U115/><E115/><V13/><F93/><W37/><G14/><T134/><D134/><N who="3" m="51241" /><G97/><T60/><D60/><U48/><E111/><V50/><F123/><W53/><G83/><T69/><REACH who="0" step="1"/><D122/><REACH who="0" ten="235,247,247,261" step="2"/><U18/><E121/><V107/><F68/><W104/><G37/><T22/><D22/><U72/><E72/><V28/><F70/><W116/><G116/><T128/><D128/><U8/><E8/><V124/><F124/><W109/><G109/><T101/><D101/><U36/><E63/><V34/><F34/><W71/><G71/><T92/><D92/><U32/><E36/><V102/><F102/><W1/><G104/><T38/><D38/><U2/><E2/><V65/><F107/><W35/><G1/><T78/><AGARI ba="1,1" hai="45,46,47,51,55,58,62,64,69,78,82,85,105,106" machi="78" ten="30,2000,0" yaku="1,1,0,1,53,0" doraHai="117" doraHaiUra="11" who="0" fromWho="0" sc="235,33,247,-11,247,-6,261,-6" /><INIT seed="2,0,0,1,2,38" ten="268,236,241,255" oya="2" hai0="34,44,127,91,102,112,98,77,108,26,81,110,95" hai1="86,0,4,109,48,130,93,7,17,121,21,35,31" hai2="131,132,45,58,78,63,41,5,54,1,2,75,49" hai3="120,106,13,14,115,46,11,111,10,60,55,135,57"/><V125/><F125/><W15/><G120/><T23/><D34/><U12/><E121/><V40/><F132/><W30/><G135/><T117/><D112/><U126/><E126/><V18/><F131/><W97/><G111/><N who="0" m="42539" /><D127/><U28/><E109/><V133/><F133/><W92/><G106/><T19/><D117/><U103/><E130/><V79/><F41/><W67/><G115/><T52/><D102/><U6/><E103/><V47/><F47/><W101/><G30/><N who="1" m="11306" /><E35/><V80/><F5/><W100/><G100/><T32/><D32/><U8/><E48/><AGARI ba="0,0" hai="10,11,13,14,15,46,48,55,57,60,67,92,97,101" machi="48" ten="40,1300,0" yaku="8,1" doraHai="38" who="3" fromWho="1" sc="268,0,236,-13,241,0,255,13" /><INIT seed="3,0,0,3,4,92" ten="268,223,241,268" oya="3" hai0="55,123,24,77,133,63,22,95,41,89,11,98,80" hai1="32,31,18,93,60,90,119,130,66,101,69,1,110" hai2="53,9,81,30,25,134,94,83,3,106,68,19,0" hai3="131,72,36,96,5,59,35,61,12,87,67,104,113"/><W85/><G113/><T2/><D123/><U97/><E110/><V117/><F106/><W91/><G36/><T8/><D41/><U118/><E1/><V71/><F117/><N who="1" m="44553" /><E130/><V26/><F134/><W102/><G131/><T51/><D2/><U73/><E73/><V103/><F53/><W45/><G72/><T7/><D7/><U129/><E129/><V126/><F126/><W20/><G35/><T135/><D135/><U37/><E37/><V121/><F121/><W39/><G20/><T46/><D63/><U54/><E18/><V64/><F64/><W28/><G28/><T125/><D125/><U27/><E54/><V57/><F19/><W33/><G33/><T111/><D111/><U58/><E90/><V132/><F132/><W10/><REACH who="3" step="1"/><G91/><REACH who="3" ten="268,223,241,258" step="2"/><T15/><D133/><U76/><E76/><V6/><F30/><W100/><G100/><T107/><D89/><U56/><AGARI ba="0,1" hai="27,31,32,56,58,60,66,69,93,97,101" m="44553" machi="56" ten="30,2000,0" yaku="12,1,52,1" doraHai="92" who="1" fromWho="1" sc="268,-5,223,30,241,-5,258,-10" /><INIT seed="4,0,0,0,2,97" ten="263,253,236,248" oya="0" hai0="109,102,129,3,60,77,72,86,66,5,24,121,107" hai1="68,50,64,37,133,13,51,61,29,22,14,54,40" hai2="81,120,106,124,10,26,112,42,111,125,96,53,131" hai3="56,23,82,0,7,57,36,130,70,35,134,101,1"/><T12/><D12/><U113/><E133/><V38/><F120/><W59/><G35/><T84/><D121/><U17/><E29/><V44/><F111/><W65/><G134/><T52/><D109/><U91/><E113/><V48/><F112/><W19/><G36/><T8/><D129/><U116/><E116/><V98/><F131/><W25/><G130/><T58/><D66/><U115/><E115/><V46/><F26/><W104/><G82/><T30/><D72/><U15/><E91/><V90/><F10/><W128/><G128/><T118/><D77/><U80/><E80/><V92/><REACH who="2" step="1"/><F81/><REACH who="2" ten="263,253,226,248" step="2"/><W94/><G70/><T33/><REACH who="0" step="1"/><D118/><REACH who="0" ten="253,253,226,248" step="2"/><U39/><E13/><V34/><F34/><W127/><G65/><T45/><D45/><U21/><E14/><V63/><F63/><W28/><G59/><T114/><D114/><U62/><E62/><V76/><F76/><W9/><G57/><T32/><D32/><U31/><E61/><V93/><F93/><W105/><G56/><T89/><D89/><U126/><E64/><V74/><F74/><W132/><G94/><T2/><D2/><U43/><E15/><V47/><F47/><W67/><G67/><T69/><D69/><U71/><E68/><V6/><F6/><W108/><G108/><T95/><D95/><U27/><E71/><V123/><F123/><W100/><G0/><T16/><D16/><U11/><E17/><V103/><AGARI ba="0,2" hai="38,42,44,46,48,53,90,92,96,98,103,106,124,125" machi="103" ten="30,7900,0" yaku="1,1,0,1,52,1,53,1" doraHai="97" doraHaiUra="87" who="2" fromWho="2" sc="253,-39,253,-20,226,99,248,-20" owari="214,-28.6,233,3.3,325,42.5,228,-17.2" /></mjloggm>