<mjloggm ver="2.3"><GO type="225" lobby="0"/><UN n0="%E5%85%83%E3%82%AB%E3%83%8E%E7%B3%BB%E3%83%92%E3%83%AD%E3%82%A4%E3%83%B3" n1="%E3%82%A4%E3%83%BC%E3%82%B1%E3%83%97%E3%83%A9" n2="%E6%81%A5%E6%99%92%E3%81%97" n3="%E5%91%A8%E6%9D%B1" dan="16,16,16,17" rate="2140.59,2173.76,2106.40,2151.88" sx="M,M,M,M"/><TAIKYOKU oya="0"/><INIT seed="0,0,0,1,5,16" ten="250,250,250,250" oya="0" hai0="39,15,77,64,29,122,55,113,22,84,24,27,38" hai1="79,23,103,123,94,82,32,118,89,101,10,119,14" hai2="61,70,75,80,3,90,73,51,107,105,65,54,106" hai3="121,88,72,109,129,98,9,48,93,35,120,131,44"/><T62/><D113/><U132/><E32/><V0/><F75/><W37/><G35/><T5/><D122/><N who="3" m="47209" /><G37/><T104/><D104/><U85/><E123/><V87/><REACH who="2" step="1"/><F73/><REACH who="2" ten="250,250,240,250" step="2"/><W111/><G72/><T19/><D38/><U69/><E119/><V95/><F95/><W86/><G9/><T100/><D39/><U43/><E118/><V110/><F110/><N who="3" m="41995" /><G86/><T133/><D84/><U112/><E112/><V17/><F17/><W66/><G66/><T26/><D64/><U60/><E10/><V8/><F8/><W99/><G99/><T117/><D19/><U81/><E85/><V4/><F4/><W78/><G78/><T134/><D77/><U20/><E79/><V42/><F42/><AGARI ba="0,1" hai="42,44,48,88,93,98,129,131" m="41995,47209" machi="42" ten="30,3900,0" yaku="13,1,14,1,54,1" doraHai="16" who="3" fromWho="2" sc="250,0,250,0,240,-39,250,49" /><INIT seed="1,0,0,2,0,14" ten="250,250,201,299" oya="1" hai0="96,8,130,105,89,30,11,67,10,20,126,79,68" hai1="15,38,106,29,124,71,77,53,22,50,55,86,95" hai2="28,114,23,42,46,44,35,24,76,40,116,83,25" hai3="118,51,37,81,39,47,94,70,112,91,115,58,18"/><U19/><E106/><V64/><F116/><W36/><G70/><T98/><D130/><U69/><E38/><V134/><F134/><W3/><G3/><T43/><D126/><U127/><E29/><V2/><F2/><W33/><G33/><T82/><D43/><U135/><E135/><V97/><F114/><W128/><G128/><T75/><D105/><U121/><E121/><V85/><F64/><W61/><G81/><T90/><D98/><U108/><E108/><V59/><F59/><W122/><G122/><T109/><D96/><U48/><E48/><V107/><F42/><W88/><G118/><T1/><D1/><U132/><E132/><V123/><F123/><W13/><G51/><T26/><REACH who="0" step="1"/><D109/><REACH who="0" ten="240,250,201,299" step="2"/><U12/><E127/><V56/><F40/><W104/><G104/><T6/><D6/><U119/><E124/><V125/><F125/><W27/><G115/><T65/><D65/><U103/><E119/><V120/><F120/><W0/><G0/><T17/><D17/><U4/><E4/><V45/><F56/><W5/><G58/><T133/><D133/><U52/><E71/><V117/><F117/><W102/><G112/><T66/><D66/><U100/><E69/><V62/><F62/><AGARI ba="0,1" hai="8,10,11,20,26,30,62,67,68,75,79,82,89,90" machi="62" ten="40,1300,0" yaku="1,1,53,0" doraHai="14" doraHaiUra="34" who="0" fromWho="2" sc="240,23,250,0,201,-13,299,0" /><INIT seed="2,0,0,5,2,78" ten="263,250,188,299" oya="2" hai0="26,122,55,101,15,102,127,0,38,9,42,48,120" hai1="121,27,39,97,59,5,86,47,85,135,98,36,117" hai2="84,37,76,58,99,89,20,83,87,10,23,113,115" hai3="69,30,119,21,92,91,128,53,104,106,32,52,44"/><V131/><F37/><W35/><G69/><T43/><D0/><U11/><E117/><V40/><F131/><W54/><G119/><T132/><D38/><U63/><E135/><V60/><F40/><W105/><G128/><T118/><D118/><U123/><E27/><V74/><F99/><W49/><G21/><T4/><D132/><U71/><E71/><V112/><F10/><W72/><G72/><T24/><D127/><U66/><E39/><V77/><F77/><W125/><G125/><T28/><D122/><N who="1" m="46603" /><E47/><V61/><F61/><W51/><G30/><T1/><D1/><N who="1" m="431" /><E36/><V109/><F109/><W107/><N who="3" m="26624" /><DORA hai="124" /><W70/><G70/><T96/><D120/><U133/><E133/><V2/><F2/><W88/><G91/><T65/><D65/><U95/><E98/><V13/><F13/><W68/><G68/><T17/><D4/><U126/><E126/><V79/><F79/><W46/><G54/><T67/><D67/><U50/><E50/><V80/><REACH who="2" step="1"/><F74/><REACH who="2" ten="263,250,178,299" step="2"/><W14/><G14/><T111/><D111/><U7/><E7/><V29/><F29/><W93/><G93/><N who="0" m="58511" /><D28/><U34/><E34/><V12/><F12/><W31/><G31/><T64/><D42/><U45/><E95/><V6/><F6/><W22/><G22/><T81/><D43/><U8/><E8/><V130/><F130/><W103/><G103/><T100/><D100/><U56/><E97/><AGARI ba="0,1" hai="32,35,44,46,49,51,52,53,88,92,97" m="26624" machi="97" ten="70,8000,1" yaku="9,1,54,2" doraHai="78,124" who="3" fromWho="1" sc="263,0,250,-80,178,0,299,90" /><INIT seed="3,0,0,2,4,122" ten="263,170,178,389" oya="3" hai0="134,102,4,105,54,55,104,97,101,44,106,69,47" hai1="73,123,25,107,90,7,124,46,71,16,110,14,27" hai2="115,112,51,131,91,58,109,20,98,11,99,130,89" hai3="111,53,125,65,0,66,120,85,62,23,29,80,38"/><W128/><G0/><T93/><D69/><U35/><E123/><V1/><F20/><W57/><G38/><T41/><D134/><U13/><E71/><V68/><F68/><W30/><G128/><N who="2" m="49193" /><F109/><W94/><G111/><T114/><D114/><N who="2" m="43562" /><F1/><W3/><G125/><T39/><D4/><U67/><E110/><V18/><F51/><W108/><G108/><T43/><D101/><U52/><E107/><V133/><F58/><W77/><G3/><T92/><D92/><U8/><E73/><V61/><F61/><W10/><G10/><T74/><D74/><U36/><E124/><V9/><F133/><W24/><G120/><T42/><D42/><U49/><E36/><AGARI ba="0,0" hai="36,39,41,43,44,47,54,55,93,97,102,104,105,106" machi="36" ten="40,1300,0" yaku="9,1" doraHai="122" who="0" fromWho="1" sc="263,13,170,-13,178,0,389,0" owari="276,7.6,157,-34.3,178,-22.2,389,48.9" /></mjloggm>