<mjloggm ver="2.3"><GO type="225" lobby="0"/><UN n0="%E8%9B%87%E3%81%AE%E8%A1%80" n1="%E7%B4%94%E6%BD%94%E3%83%94%E3%83%A9%E3%83%8B%E3%82%A2" n2="%E3%83%81%E3%83%83%E3%82%BF%E3%82%BD%E3%83%BC" n3="%E3%81%95%E3%81%8D%E3%81%9F%E3%81%BE%E6%9E%97%E6%AA%8E" dan="16,17,16,16" rate="2065.86,2189.32,2178.64,2089.57" sx="M,M,F,M"/><TAIKYOKU oya="0"/><INIT seed="0,0,0,4,2,101" ten="250,250,250,250" oya="0" hai0="33,79,95,81,51,84,123,120,28,80,75,12,10" hai1="96,113,23,3,8,5,29,18,125,102,65,44,72" hai2="74,90,17,48,78,54,22,130,77,52,59,135,97" hai3="76,6,24,25,37,26,115,94,117,103,71,13,124"/><T7/><D95/><U93/><E125/><V108/><F108/><W4/><G115/><T41/><D33/><U88/><E113/><V87/><F130/><W30/><G117/><T116/><D28/><U119/><E119/><V15/><F135/><W62/><G37/><T98/><D98/><U86/><E72/><V127/><F127/><W129/><G124/><T100/><D100/><U109/><E109/><V58/><F97/><W118/><G118/><T131/><D131/><U91/><E65/><V92/><REACH who="2" step="1"/><F74/><REACH who="2" ten="250,250,240,250" step="2"/><W66/><G129/><T85/><D116/><U40/><E86/><V14/><F14/><W43/><G13/><T68/><D75/><U134/><E134/><V1/><F1/><W47/><G26/><T110/><D110/><U34/><E34/><V99/><F99/><W50/><G25/><T9/><D12/><U126/><E126/><V53/><F53/><W112/><G112/><T46/><D123/><U82/><E82/><V57/><F57/><W60/><G24/><T89/><D120/><U42/><E42/><V35/><F35/><W21/><G43/><T0/><D68/><U36/><E29/><V73/><F73/><W11/><G71/><T16/><REACH who="0" step="1"/><D10/><REACH who="0" ten="240,250,240,250" step="2"/><U61/><E8/><V39/><F39/><W27/><G11/><T19/><AGARI ba="0,2" hai="0,7,9,16,19,41,46,51,79,80,81,84,85,89" machi="19" ten="30,11700,0" yaku="1,1,2,1,0,1,54,1,53,0" doraHai="101" doraHaiUra="106" who="0" fromWho="0" sc="240,137,250,-39,240,-39,250,-39" /><INIT seed="0,1,0,4,4,71" ten="377,211,201,211" oya="0" hai0="123,83,46,75,104,28,95,119,73,133,2,33,84" hai1="9,134,124,63,70,77,101,87,39,135,32,29,41" hai2="109,22,102,23,74,5,59,13,126,15,79,120,103" hai3="47,11,72,78,105,60,42,85,132,35,10,43,80"/><T4/><D104/><U17/><E101/><V130/><F120/><W50/><G132/><N who="1" m="50730" /><E124/><V55/><F126/><W99/><G35/><T30/><D119/><U100/><E100/><N who="2" m="38443" /><F74/><W81/><G105/><T40/><D95/><U61/><E70/><V107/><F107/><W66/><G99/><T20/><D33/><U36/><E41/><V8/><F109/><W82/><G43/><T27/><D123/><U14/><E29/><V76/><F130/><W7/><G72/><T53/><D30/><U110/><E110/><V67/><F67/><W26/><G26/><T62/><D133/><U111/><E32/><V115/><F115/><W125/><G125/><T116/><D116/><U34/><E34/><V122/><F122/><W69/><REACH who="3" step="1"/><G11/><REACH who="3" ten="377,211,201,201" step="2"/><T64/><D40/><U3/><E111/><V68/><F23/><W18/><G18/><T86/><D20/><N who="1" m="11319" /><E87/><V38/><F22/><W6/><G6/><T113/><D4/><N who="1" m="1183" /><E77/><V21/><F79/><W98/><G98/><T108/><D108/><U127/><E127/><V112/><F76/><W58/><G58/><T89/><D86/><U96/><E96/><V49/><F68/><W88/><G88/><T65/><D89/><U121/><E121/><V1/><F21/><W19/><G19/><T51/><D84/><U56/><E56/><V129/><F59/><W44/><G44/><T131/><D46/><U91/><E91/><V106/><F106/><W52/><G52/><T48/><D53/><U31/><E31/><V57/><F55/><W0/><AGARI ba="1,1" hai="0,7,10,42,47,50,60,66,69,78,80,81,82,85" machi="0" ten="20,2700,0" yaku="1,1,0,1,7,1,53,0" doraHai="71" doraHaiUra="24" who="3" fromWho="3" sc="377,-14,211,-8,201,-8,201,40" /><INIT seed="1,0,0,5,5,74" ten="363,203,193,241" oya="1" hai0="120,127,8,108,49,60,46,56,45,28,15,135,4" hai1="40,23,35,112,79,6,94,51,93,20,86,91,122" hai2="99,3,89,30,1,39,10,115,104,61,75,102,52" hai3="125,64,126,68,73,59,16,34,71,130,58,17,42"/><U134/><E112/><V117/><F117/><W118/><G34/><T2/><D108/><U41/><E122/><V24/><F115/><W22/><G118/><T100/><D120/><U62/><E35/><V57/><F39/><W25/><G130/><T12/><D135/><U87/><E134/><V92/><F10/><W70/><G42/><T66/><D127/><N who="3" m="48649" /><G73/><T43/><D28/><U0/><E0/><V9/><F9/><W101/><G101/><T133/><D133/><U77/><E62/><V84/><REACH who="2" step="1"/><F75/><REACH who="2" ten="363,203,183,241" step="2"/><W48/><G48/><T96/><REACH who="0" step="1"/><D46/><REACH who="0" ten="353,203,183,241" step="2"/><N who="1" m="26055" /><E6/><V27/><F27/><N who="3" m="14791" /><G64/><T69/><D69/><U54/><E41/><V128/><F128/><W5/><G5/><T110/><D110/><U88/><E54/><V53/><F53/><W13/><G25/><T33/><D33/><AGARI ba="0,2" hai="1,3,24,30,33,52,57,61,84,89,92,99,102,104" machi="33" ten="30,7700,0" yaku="1,1,7,1,54,1,53,1" doraHai="74" doraHaiUra="81" who="2" fromWho="0" sc="353,-77,203,0,183,97,241,0" /><INIT seed="2,0,0,2,0,43" ten="276,203,280,241" oya="2" hai0="45,26,112,84,99,41,0,94,9,54,83,5,60" hai1="28,106,50,87,62,73,65,63,123,100,113,128,80" hai2="67,22,30,104,20,1,57,24,107,21,108,13,58" hai3="131,40,127,70,25,97,15,61,88,103,96,90,132"/><V64/><F1/><W52/><G127/><T19/><D112/><U34/><E113/><V36/><F36/><W101/><G132/><T89/><D26/><U78/><E128/><V12/><F108/><W109/><G109/><T4/><D4/><U53/><E123/><V134/><F134/><W117/><G117/><T31/><D31/><U48/><E48/><V49/><F49/><W118/><G118/><T98/><D19/><U7/><E7/><V79/><F79/><W74/><G74/><T39/><D54/><U111/><E111/><V110/><F110/><W3/><G3/><T14/><D0/><U32/><E73/><V114/><F114/><W44/><G131/><T35/><D35/><U135/><E135/><V42/><F42/><W81/><G70/><T95/><D60/><U133/><E62/><V16/><F30/><W8/><G25/><T38/><D38/><U71/><E28/><V56/><F24/><W77/><G77/><T69/><D69/><U11/><E11/><V17/><REACH who="2" step="1"/><F20/><REACH who="2" ten="276,203,270,241" step="2"/><W85/><G40/><T91/><REACH who="0" step="1"/><D83/><REACH who="0" ten="266,203,270,241" step="2"/><U2/><E2/><V93/><F93/><W125/><G81/><T10/><D10/><U122/><E133/><V55/><F55/><W124/><G52/><T27/><D27/><U66/><E66/><AGARI ba="0,2" hai="12,13,16,17,21,22,56,57,58,64,66,67,104,107" machi="66" ten="40,7700,0" yaku="1,1,9,1,54,1,53,0" doraHai="43" doraHaiUra="116" who="2" fromWho="1" sc="266,0,203,-77,270,97,241,0" /><INIT seed="2,1,0,3,5,102" ten="266,126,367,241" oya="2" hai0="75,100,49,43,118,18,2,72,121,98,112,131,5" hai1="86,29,27,109,25,116,7,96,130,115,53,92,52" hai2="122,80,135,30,69,105,120,42,12,41,37,93,94" hai3="78,22,65,95,19,117,1,10,13,33,9,34,68"/><V17/><F135/><W101/><G68/><T58/><D121/><U85/><E115/><V55/><F69/><W3/><G78/><T90/><D112/><U111/><E116/><V103/><F80/><W36/><G36/><T127/><D118/><U114/><E114/><V4/><F4/><W11/><G65/><T123/><D123/><U23/><E130/><V47/><F30/><W40/><G40/><T45/><D131/><U125/><E125/><V62/><F41/><W104/><G95/><T59/><D127/><U133/><E7/><V84/><F84/><W35/><G101/><T129/><D129/><U99/><E92/><V71/><F93/><W113/><G113/><T21/><D90/><U46/><E46/><V20/><F94/><W8/><G104/><T51/><D5/><U64/><E29/><V74/><F74/><W67/><G67/><T32/><D32/><U81/><E64/><V108/><F108/><W77/><G77/><T66/><D2/><U89/><E23/><V15/><F15/><N who="3" m="9599" /><G117/><T61/><D51/><U50/><E50/><V128/><F128/><W73/><G73/><T44/><D44/><U70/><E70/><V79/><F79/><W134/><G134/><T28/><D59/><U56/><E56/><V48/><F71/><W97/><G97/><T87/><D87/><U63/><E133/><V57/><REACH who="2" step="1"/><F37/><REACH who="2" ten="266,126,357,241" step="2"/><W83/><G83/><T124/><D28/><U60/><REACH who="1" step="1"/><E81/><REACH who="1" ten="266,116,357,241" step="2"/><V88/><F88/><AGARI ba="1,2" hai="25,27,52,53,60,63,85,86,88,89,96,99,109,111" machi="88" ten="25,12000,2" yaku="1,1,2,1,22,2,54,2,53,0" doraHai="102" doraHaiUra="6" who="1" fromWho="2" sc="266,0,116,143,357,-123,241,0" /><INIT seed="3,0,0,5,3,27" ten="266,259,234,241" oya="3" hai0="55,130,99,90,34,129,92,56,49,67,110,125,50" hai1="24,71,108,20,128,2,74,113,65,15,33,121,31" hai2="116,62,6,134,131,118,102,11,51,41,64,126,23" hai3="104,46,39,100,47,66,107,97,59,32,36,87,45"/><W124/><G124/><T86/><D125/><U13/><E113/><V76/><F126/><W68/><G107/><T25/><D110/><U106/><E108/><V14/><F131/><N who="0" m="50186" /><D67/><U16/><E128/><V7/><F134/><W83/><G59/><T44/><D25/><U91/><E74/><V3/><F102/><W84/><G84/><T70/><D70/><U85/><E106/><V117/><F76/><W42/><G39/><T132/><D34/><U10/><E121/><V123/><F123/><W53/><G53/><N who="0" m="29863" /><D132/><U111/><E111/><V133/><F133/><W1/><G1/><T40/><D40/><U88/><E15/><V63/><F64/><W38/><G38/><T114/><D114/><U48/><E48/><V101/><F101/><W75/><G75/><T93/><D93/><U72/><E72/><V115/><F115/><W120/><G120/><T79/><D79/><U78/><E65/><V22/><F41/><W105/><G105/><T9/><D9/><U17/><E71/><V26/><F51/><W109/><G109/><T0/><D0/><U29/><E33/><V77/><F77/><N who="3" m="46575" /><G32/><T119/><D119/><U122/><E2/><V112/><F112/><W43/><G43/><T82/><D82/><N who="1" m="47319" /><E122/><V12/><F3/><W95/><G104/><T8/><D8/><U21/><E10/><N who="2" m="4183" /><F22/><W61/><G36/><T103/><D103/><U5/><E5/><V4/><F7/><W98/><G42/><T60/><D50/><U30/><AGARI ba="0,0" hai="13,16,17,20,21,24,29,30,31,88,91" m="47319" machi="30" ten="30,12000,2" yaku="8,1,52,3,54,2" doraHai="27" who="1" fromWho="1" sc="266,-30,259,120,234,-30,241,-60" owari="236,3.6,379,47.9,204,-19.6,181,-31.9" /></mjloggm>