<mjloggm ver="2.3"><GO type="225" lobby="0"/><UN n0="%72%69%6F%75%63%68%61%6E" n1="%E3%81%BF%E3%81%BF%E3%81%9A" n2="%41%6F%54" n3="%E6%98%93%E5%88%A9%E8%96%A9%E4%BC%AF" dan="16,18,16,17" rate="2143.42,2204.75,2068.01,2186.36" sx="M,M,M,F"/><TAIKYOKU oya="0"/><INIT seed="0,0,0,2,4,37" ten="250,250,250,250" oya="0" hai0="105,71,32,59,85,20,9,74,65,70,63,48,102" hai1="28,67,21,54,90,12,98,6,55,96,19,127,100" hai2="22,91,129,24,109,16,82,15,5,46,8,117,88" hai3="135,17,58,121,95,81,60,99,113,69,119,39,101"/><T92/><D32/><U110/><E110/><V89/><F109/><W1/><G119/><T56/><D74/><U111/><E111/><V73/><F117/><W18/><G121/><T27/><D105/><U94/><E127/><V80/><F129/><W114/><G69/><T44/><D56/><U53/><E67/><V40/><REACH who="2" step="1"/><F73/><REACH who="2" ten="250,250,240,250" step="2"/><W34/><G113/><T25/><D9/><N who="1" m="4151" /><E28/><V42/><F42/><W128/><G114/><T106/><D106/><U78/><E78/><V76/><F76/><W83/><G128/><T116/><D116/><U124/><E124/><V61/><F61/><W120/><G60/><T84/><D71/><U62/><E62/><V36/><AGARI ba="0,1" hai="5,8,15,16,22,24,36,40,46,80,82,88,89,91" machi="36" ten="30,8000,1" yaku="1,1,0,1,52,1,54,2,53,0" doraHai="37" doraHaiUra="125" who="2" fromWho="2" sc="250,-40,250,-20,240,90,250,-20" /><INIT seed="1,0,0,5,1,103" ten="210,230,330,230" oya="1" hai0="31,131,46,43,110,87,53,19,58,92,119,79,12" hai1="93,38,26,49,107,121,5,32,25,17,111,6,10" hai2="61,97,40,69,98,118,123,42,65,21,104,74,132" hai3="8,133,77,100,13,89,84,94,48,50,113,24,70"/><U45/><E107/><V15/><F123/><W117/><G117/><T59/><D110/><U72/><E121/><V106/><F74/><W39/><G113/><T124/><D124/><U88/><E72/><V108/><F118/><W130/><G39/><T64/><D131/><U29/><E38/><V80/><F108/><W52/><G130/><T51/><D119/><U129/><E129/><V28/><F132/><W134/><G70/><T114/><D114/><U11/><E111/><V4/><F80/><W1/><G1/><T122/><D122/><U83/><E83/><V22/><F97/><W3/><G3/><T127/><D127/><U73/><E73/><V9/><F98/><W120/><G50/><T2/><D2/><U76/><E76/><V62/><F62/><W23/><G100/><T82/><D31/><U33/><E33/><V78/><F78/><W41/><G41/><T95/><D64/><U90/><E17/><V105/><REACH who="2" step="1"/><F28/><REACH who="2" ten="210,230,320,230" step="2"/><W30/><G77/><T55/><D59/><U68/><E68/><V44/><F44/><W35/><G120/><T112/><D112/><U125/><E125/><V85/><F85/><W66/><G133/><T7/><D7/><N who="1" m="2571" /><E90/><V54/><F54/><N who="0" m="20490" /><D58/><U47/><E47/><V27/><F27/><N who="1" m="10249" /><E29/><V36/><F36/><W101/><G134/><T63/><D63/><U34/><E34/><V16/><F16/><W126/><G35/><T81/><D81/><U96/><E32/><V115/><F115/><W14/><G126/><T20/><AGARI ba="0,1" hai="12,19,20,43,46,51,79,82,87,92,95" m="20490" machi="20" ten="30,1100,0" yaku="8,1" doraHai="103" who="0" fromWho="0" sc="210,21,230,-5,320,-3,230,-3" /><INIT seed="2,0,0,1,1,116" ten="231,225,317,227" oya="2" hai0="6,46,130,0,43,93,81,118,55,33,89,11,117" hai1="63,72,88,125,105,114,109,59,49,26,22,38,40" hai2="110,111,31,121,32,10,36,90,34,87,86,35,129" hai3="48,115,60,77,107,99,113,123,103,41,39,13,18"/><V27/><F129/><W50/><G77/><T47/><D130/><U15/><E114/><N who="3" m="43530" /><G60/><T28/><D81/><U85/><E72/><V119/><F119/><N who="0" m="45578" /><D55/><U135/><E105/><V42/><F121/><W3/><G3/><T75/><D75/><U37/><E109/><N who="2" m="41483" /><F10/><N who="3" m="6455" /><G123/><T97/><D43/><U101/><E125/><V45/><F86/><W98/><G98/><T104/><D104/><U128/><E135/><V12/><F12/><W131/><G131/><T51/><D51/><U133/><E133/><V71/><F71/><W91/><G91/><T69/><D69/><U66/><E128/><V127/><F127/><W56/><G56/><T2/><D2/><U61/><E101/><V23/><F34/><W95/><G107/><T24/><AGARI ba="0,0" hai="0,6,11,24,28,33,46,47,89,93,97" m="45578" machi="24" ten="30,1100,0" yaku="12,1" doraHai="116" who="0" fromWho="0" sc="231,11,225,-3,317,-5,227,-3" /><INIT seed="3,0,0,0,3,99" ten="242,222,312,224" oya="3" hai0="132,44,112,55,15,52,75,43,115,107,113,88,56" hai1="76,82,70,14,22,103,5,8,38,47,18,24,122" hai2="119,53,128,101,100,31,46,130,77,72,0,106,127" hai3="64,83,117,30,66,39,11,120,35,86,93,102,69"/><W3/><G117/><T78/><D132/><U57/><E122/><V58/><F119/><W51/><G39/><T63/><D107/><U123/><E123/><V111/><F111/><W84/><G120/><T1/><D1/><U68/><E103/><N who="2" m="39499" /><F106/><W13/><G3/><T121/><D121/><U23/><E57/><V20/><F0/><W98/><G69/><T124/><D124/><U125/><E125/><V65/><F65/><N who="3" m="25195" /><G35/><T95/><D15/><U131/><E131/><N who="2" m="50219" /><F46/><W87/><G30/><T37/><D55/><U62/><E62/><V9/><F9/><W26/><G26/><T40/><D40/><U36/><E47/><V134/><F134/><W49/><G83/><T80/><REACH who="0" step="1"/><D113/><REACH who="0" ten="232,222,312,224" step="2"/><U54/><E54/><V12/><F53/><W71/><G71/><T48/><D48/><U85/><E68/><V60/><F127/><W17/><AGARI ba="0,1" hai="11,13,17,49,51,84,86,87,93,98,102" m="25195" machi="17" ten="30,3000,0" yaku="8,1,52,1" doraHai="99" who="3" fromWho="3" sc="232,-10,222,-10,312,-10,224,40" /><INIT seed="3,1,0,1,2,27" ten="222,212,302,264" oya="3" hai0="99,37,107,42,89,64,43,29,92,91,3,45,31" hai1="38,16,129,111,0,46,52,30,24,79,86,117,124" hai2="1,5,121,54,44,114,119,100,12,13,120,127,81" hai3="101,72,56,80,106,36,94,108,15,11,25,70,112"/><W39/><G112/><T21/><D3/><U10/><E111/><V53/><F114/><W132/><G70/><T115/><D115/><U73/><E124/><V65/><F127/><W87/><G106/><T76/><D76/><U59/><E129/><V40/><F119/><W84/><G72/><T67/><D107/><U93/><E73/><V135/><F135/><W49/><G132/><T104/><D104/><U51/><E117/><V122/><F100/><W105/><G105/><T109/><D109/><U50/><E38/><N who="2" m="21527" /><F65/><N who="0" m="25162" /><D37/><U14/><E0/><V19/><F81/><W118/><G39/><T125/><D125/><U71/><E71/><V34/><F34/><W69/><G36/><T17/><D91/><N who="1" m="53495" /><E79/><V110/><F110/><W103/><G69/><T95/><D95/><U48/><E46/><V113/><F113/><W7/><G118/><T126/><D126/><U33/><E33/><V57/><F57/><W98/><G108/><T9/><D9/><U35/><E35/><V131/><F131/><W58/><G80/><T77/><D77/><U22/><AGARI ba="1,0" hai="10,14,16,22,24,30,48,50,51,52,59" m="53495" machi="22" ten="30,7900,0" yaku="8,1,52,1,54,2" doraHai="27" who="1" fromWho="1" sc="222,-21,212,82,302,-21,264,-40" /><INIT seed="4,0,0,4,4,51" ten="201,294,281,224" oya="0" hai0="18,3,45,2,34,65,8,14,92,127,133,78,69" hai1="42,79,72,28,41,5,74,82,107,112,108,13,61" hai2="135,97,16,128,87,75,0,83,17,101,106,116,76" hai3="104,134,6,71,62,118,132,19,99,120,96,126,56"/><T30/><D127/><U100/><E108/><V20/><F128/><W68/><G118/><T53/><D133/><N who="3" m="51305" /><G6/><T102/><D78/><U25/><E72/><V11/><F135/><W4/><G4/><T86/><D34/><U93/><E107/><V95/><F116/><W114/><G114/><T84/><D30/><U131/><E112/><V22/><F0/><W129/><G120/><T90/><D102/><U63/><E131/><V39/><F39/><W47/><G126/><T66/><D84/><U88/><E100/><V98/><F11/><W58/><G58/><T117/><D117/><U10/><E42/><V21/><REACH who="2" step="1"/><F75/><REACH who="2" ten="201,294,271,224" step="2"/><W48/><G129/><T109/><D109/><U59/><E41/><V113/><F113/><W32/><G71/><T85/><D85/><U29/><E59/><V23/><N who="2" m="5120" /><DORA hai="60" /><V121/><F121/><W64/><G56/><T12/><D12/><U55/><E28/><V130/><F130/><W40/><G68/><T44/><D69/><U35/><E55/><V122/><F122/><W80/><G40/><T36/><D36/><U105/><E105/><V73/><F73/><W52/><G104/><T37/><D37/><U67/><E67/><N who="0" m="25609" /><D53/><U26/><E26/><V89/><AGARI ba="0,1" hai="16,17,76,83,87,89,95,97,98,101,106" m="5120" machi="89" ten="40,5200,0" yaku="1,1,0,1,54,1,53,0" doraHai="51,60" doraHaiUra="7,33" who="2" fromWho="2" sc="201,-26,294,-13,271,62,224,-13" owari="175,-32.5,281,8.1,333,43.3,211,-18.9" /></mjloggm>