<mjloggm ver="2.3"><GO type="225" lobby="0"/><UN n0="%E3%81%82%E3%82%84%E3%81%BA%E3%81%9F" n1="%4B%2E%32%2E%4B%2E" n2="%E3%83%81%E3%83%83%E3%82%BF%E3%82%BD%E3%83%BC" n3="%E3%81%90%E3%81%A1%E3%82%84%E3%81%BE" dan="17,17,17,16" rate="2141.01,2182.80,2118.41,2132.91" sx="M,M,F,M"/><TAIKYOKU oya="0"/><INIT seed="0,0,0,0,1,15" ten="250,250,250,250" oya="0" hai0="67,51,111,1,90,100,105,24,75,11,16,65,117" hai1="120,84,89,74,128,64,9,76,12,44,57,14,23" hai2="32,25,22,54,133,118,6,68,49,40,47,123,87" hai3="48,50,7,86,42,46,107,56,62,72,28,80,60"/><T58/><D117/><U113/><E120/><V124/><F133/><W27/><G107/><T18/><D75/><U135/><E135/><V126/><F123/><W34/><G72/><T26/><D105/><U114/><E128/><V10/><F32/><W93/><G93/><T116/><D116/><U33/><E33/><V131/><F118/><W70/><G70/><T52/><D100/><U88/><E44/><V109/><F131/><W39/><G7/><T97/><D1/><U129/><E129/><V37/><F109/><W41/><G41/><T134/><D134/><U17/><E76/><V127/><F87/><W31/><G31/><T69/><D69/><U61/><E74/><V83/><F83/><W98/><G98/><T2/><D2/><U77/><E77/><V29/><F68/><W13/><G13/><N who="0" m="7231" /><D111/><U103/><E103/><V79/><F79/><W71/><G71/><T5/><D5/><N who="1" m="3119" /><E84/><V119/><F119/><W115/><G115/><AGARI ba="0,0" hai="14,17,23,57,61,64,88,89,113,114,115" m="3119" machi="115" ten="30,3900,0" yaku="11,1,52,1,54,1" doraHai="15" who="1" fromWho="3" sc="250,0,250,39,250,0,250,-39" /><INIT seed="1,0,0,3,4,62" ten="250,289,250,211" oya="1" hai0="4,93,13,15,102,18,27,96,79,113,95,126,47" hai1="121,66,24,101,125,65,115,105,124,103,72,42,120" hai2="73,135,0,94,64,52,9,134,12,10,106,37,91" hai3="84,107,21,108,89,48,43,53,83,14,114,81,7"/><U5/><E115/><V32/><F106/><W46/><G114/><T111/><D113/><U132/><E72/><V28/><F73/><W133/><G107/><T2/><D2/><U25/><E5/><V35/><F37/><W20/><G108/><T75/><D111/><U50/><E50/><V130/><F130/><W36/><G133/><N who="2" m="50697" /><F0/><W122/><G122/><N who="1" m="47210" /><E42/><V104/><F104/><W69/><G69/><T23/><D126/><N who="1" m="48747" /><E132/><V51/><F28/><W67/><G43/><T17/><D79/><U39/><E39/><V127/><F127/><W11/><G36/><T49/><D75/><U6/><E6/><N who="2" m="3127" /><F10/><W70/><REACH who="3" step="1"/><G83/><REACH who="3" ten="250,289,250,201" step="2"/><T100/><D95/><U45/><E45/><V38/><F38/><W34/><G34/><T40/><D93/><U30/><E105/><V110/><F110/><W71/><G71/><T97/><D40/><U85/><E85/><N who="2" m="52591" /><F32/><W60/><AGARI ba="0,1" hai="7,11,14,20,21,46,48,53,60,67,70,81,84,89" machi="60" ten="30,7900,0" yaku="1,1,0,1,52,1,53,1" doraHai="62" doraHaiUra="77" who="3" fromWho="3" sc="250,-20,289,-39,250,-20,201,89" /><INIT seed="2,0,0,0,3,28" ten="230,250,230,290" oya="2" hai0="30,71,98,111,123,89,109,97,122,26,72,126,76" hai1="119,113,34,41,23,59,66,78,133,13,12,61,31" hai2="135,82,118,35,70,36,85,42,16,106,116,88,131" hai3="77,46,60,8,121,58,6,128,5,52,54,53,51"/><V93/><F135/><W129/><G121/><T56/><D71/><U10/><E113/><V94/><F131/><N who="3" m="50251" /><G77/><T73/><D126/><U95/><E119/><V45/><F70/><W57/><G8/><T65/><D65/><U102/><E133/><V14/><F106/><W110/><G110/><N who="0" m="41995" /><D56/><U68/><E34/><V127/><F127/><W90/><G90/><T24/><D24/><N who="1" m="16799" /><E68/><V124/><F124/><W38/><G38/><T120/><D89/><U67/><E78/><V21/><REACH who="2" step="1"/><F35/><REACH who="2" ten="230,250,220,290" step="2"/><W64/><G64/><T80/><D73/><U7/><E67/><V9/><F9/><W114/><G114/><T22/><AGARI ba="0,1" hai="22,26,30,72,76,80,97,98,120,122,123" m="41995" machi="22" ten="40,1500,0" yaku="14,1" doraHai="28" who="0" fromWho="0" sc="230,25,250,-4,220,-7,290,-4" /><INIT seed="3,0,0,0,1,132" ten="255,246,213,286" oya="3" hai0="41,36,43,125,1,33,24,128,53,54,23,42,130" hai1="81,73,90,76,77,88,108,96,3,21,72,86,80" hai2="56,47,129,107,97,118,103,65,134,83,114,93,31" hai3="51,61,8,0,127,4,5,110,27,48,74,46,101"/><W44/><G74/><T135/><D1/><U111/><E3/><V71/><F134/><W126/><G110/><N who="1" m="42026" /><E21/><V117/><F129/><N who="0" m="49770" /><D135/><U16/><E16/><V123/><F114/><W11/><G61/><T109/><D109/><U35/><E35/><V59/><F123/><W57/><G57/><T62/><D33/><U9/><E9/><V124/><F124/><N who="3" m="47659" /><G101/><T39/><D125/><U45/><E45/><N who="3" m="17514" /><G27/><T13/><D62/><U7/><E7/><V66/><F47/><W92/><G92/><T67/><D67/><U2/><E2/><AGARI ba="0,0" hai="0,2,4,5,8,11,48,51" m="17514,47659" machi="2" ten="30,11600,0" yaku="18,1,52,3" doraHai="132" who="3" fromWho="1" sc="255,0,246,-116,213,0,286,116" owari="255,5.5,130,-37.0,213,-18.7,402,50.2" /></mjloggm>