<mjloggm ver="2.3"><GO type="225" lobby="0"/><UN n0="%E6%B7%91%E5%A5%B3%E3%81%AE%E5%97%9C%E3%81%BF" n1="%E3%81%95%E3%81%8D%E3%81%9F%E3%81%BE%E6%9E%97%E6%AA%8E" n2="%E5%8F%AF%E5%85%90%E9%82%A3%E7%94%B1%E5%A4%9A" n3="%E5%91%A8%E6%9D%B1" dan="16,16,16,17" rate="2105.55,2084.69,2133.89,2197.80" sx="M,M,F,M"/><TAIKYOKU oya="0"/><INIT seed="0,0,0,4,4,22" ten="250,250,250,250" oya="0" hai0="123,127,19,90,122,115,105,31,32,133,5,109,55" hai1="103,65,99,81,63,40,2,1,76,17,61,66,35" hai2="43,74,135,34,28,47,119,13,36,132,75,52,91" hai3="21,72,108,117,120,45,80,131,30,79,39,46,54"/><T14/><D115/><U88/><E40/><V50/><F119/><W92/><G117/><T26/><D105/><U48/><E48/><V25/><F13/><W12/><G108/><T114/><D114/><U87/><E76/><V29/><F29/><W107/><G107/><T110/><D90/><U64/><E35/><V20/><F34/><W106/><G106/><T100/><D100/><U134/><E134/><N who="2" m="51243" /><F91/><W42/><G120/><N who="0" m="46123" /><D55/><U98/><E1/><V130/><F130/><W68/><G131/><T10/><D133/><U83/><E2/><V33/><F33/><W44/><G68/><T24/><D127/><U37/><E37/><V84/><F84/><W126/><G126/><T94/><D94/><N who="1" m="58839" /><E99/><V124/><F124/><W3/><G92/><T23/><AGARI ba="0,0" hai="5,10,14,19,23,24,26,31,32,109,110" m="46123" machi="23" ten="40,12000,1" yaku="34,2,52,2" doraHai="22" who="0" fromWho="0" sc="250,120,250,-40,250,-40,250,-40" /><INIT seed="0,1,0,0,4,8" ten="370,210,210,210" oya="0" hai0="20,59,96,66,75,73,47,131,41,45,71,112,98" hai1="43,78,27,11,109,65,135,129,0,15,120,83,134" hai2="35,16,104,72,94,53,6,79,60,107,113,29,50" hai3="126,68,49,70,76,105,123,30,93,95,1,67,48"/><T4/><D112/><U101/><E120/><V26/><F113/><W10/><G123/><T85/><D71/><U102/><E0/><V24/><F6/><W80/><G105/><T36/><D131/><U31/><E129/><V9/><F60/><W97/><G126/><T77/><D4/><U99/><E109/><V64/><F64/><W87/><G30/><T17/><D47/><U38/><E65/><V127/><F127/><W57/><G70/><T52/><D66/><U103/><E99/><V3/><F3/><W63/><G68/><T111/><D85/><U23/><E43/><V25/><F25/><W18/><G95/><T92/><D111/><U100/><E38/><V122/><F122/><W7/><REACH who="3" step="1"/><G18/><REACH who="3" ten="370,210,210,200" step="2"/><T81/><D92/><U118/><E118/><V116/><F94/><W125/><G125/><T55/><D75/><U89/><E103/><AGARI ba="1,1" hai="1,7,10,48,49,57,63,67,76,80,87,93,97,103" machi="103" ten="30,2000,0" yaku="1,1,7,1,53,0" doraHai="8" doraHaiUra="124" who="3" fromWho="1" sc="370,0,210,-23,210,0,200,33" /><INIT seed="1,0,0,4,4,3" ten="370,187,210,233" oya="1" hai0="6,48,105,116,135,70,28,63,72,112,38,44,22" hai1="120,126,82,109,100,114,55,79,77,60,94,121,76" hai2="103,93,58,10,52,97,73,129,53,111,124,96,15" hai3="17,90,42,61,45,123,20,46,21,4,118,134,91"/><U66/><E114/><V51/><F73/><W8/><G123/><T110/><D116/><U98/><E55/><V85/><F111/><W41/><G134/><T7/><D105/><U1/><E1/><V86/><F124/><W5/><G118/><T119/><D119/><U74/><E60/><V113/><F129/><W33/><G33/><T130/><D38/><U101/><E66/><V87/><F113/><W39/><G61/><T49/><D110/><U35/><E35/><V34/><F34/><W2/><G5/><T64/><D135/><U56/><E56/><V122/><F122/><N who="1" m="47209" /><E109/><V31/><F31/><W99/><G99/><T24/><D130/><U67/><E67/><V37/><F37/><W23/><REACH who="3" step="1"/><G17/><REACH who="3" ten="370,187,210,223" step="2"/><T29/><D112/><U32/><E32/><V81/><F97/><W132/><G132/><T43/><D63/><U47/><E126/><V62/><F62/><W107/><G107/><T104/><D104/><N who="1" m="63511" /><E47/><V57/><F58/><W59/><G59/><T75/><D44/><U13/><E13/><V54/><REACH who="2" step="1"/><F81/><REACH who="2" ten="370,187,200,223" step="2"/><W25/><G25/><T84/><D64/><U30/><E30/><V83/><F83/><W40/><G40/><T50/><D43/><U68/><E68/><V9/><F9/><W108/><G108/><T89/><D29/><U11/><E11/><V117/><F117/><W78/><G78/><N who="1" m="30314" /><E101/><V125/><F125/><W127/><G127/><T128/><D70/><U36/><E36/><AGARI ba="0,2" hai="2,4,8,20,21,23,36,39,41,42,45,46,90,91" machi="36" ten="40,5200,0" yaku="1,1,9,1,52,1,53,0" doraHai="3" doraHaiUra="92" who="3" fromWho="1" sc="370,0,187,-52,200,0,223,72" /><INIT seed="2,0,0,3,3,20" ten="370,135,200,295" oya="2" hai0="12,44,80,78,11,115,34,39,68,63,87,8,65" hai1="132,112,104,76,119,13,99,77,113,47,96,109,118" hai2="18,17,27,35,36,33,38,37,83,97,108,107,23" hai3="84,86,98,56,4,89,61,5,125,60,62,25,79"/><V26/><F108/><W95/><G125/><T94/><D115/><N who="1" m="44107" /><E13/><V123/><F123/><W122/><G122/><T133/><D133/><U135/><E47/><V91/><F107/><W40/><G40/><T22/><D34/><U32/><E32/><V92/><F83/><N who="3" m="47231" /><G56/><T58/><D94/><U126/><E126/><V30/><REACH who="2" step="1"/><F35/><REACH who="2" ten="370,135,190,295" step="2"/><W24/><G98/><N who="1" m="37418" /><E104/><V57/><F57/><W66/><G66/><T59/><D59/><U116/><E109/><V10/><F10/><W1/><G1/><T75/><D58/><U111/><E111/><V29/><AGARI ba="0,1" hai="17,18,23,26,27,29,30,33,36,37,38,91,92,97" machi="29" ten="40,12000,1" yaku="1,1,0,1,52,2,53,0" doraHai="20" doraHaiUra="129" who="2" fromWho="2" sc="370,-40,135,-40,190,130,295,-40" /><INIT seed="2,1,0,2,3,49" ten="330,95,320,255" oya="2" hai0="31,23,84,120,123,90,10,43,75,7,8,116,17" hai1="15,101,69,128,51,127,38,27,25,64,122,119,105" hai2="66,11,109,34,36,73,111,93,70,45,108,13,131" hai3="102,96,39,48,132,20,24,61,89,118,37,1,3"/><V0/><F131/><W134/><G118/><T91/><D116/><U42/><E119/><V87/><F73/><W121/><G121/><T59/><D75/><U107/><E122/><V9/><F34/><W97/><G61/><T5/><D31/><U129/><E127/><V112/><F112/><W95/><G48/><T16/><D23/><U33/><E51/><V62/><F0/><W126/><G126/><T125/><D125/><U98/><E15/><V32/><F32/><W14/><G14/><T85/><D59/><U110/><E25/><V40/><F13/><W47/><G47/><T99/><D99/><U79/><E79/><V80/><REACH who="2" step="1"/><F93/><REACH who="2" ten="330,95,310,255" step="2"/><N who="3" m="56367" /><G3/><T41/><AGARI ba="1,1" hai="5,7,8,10,16,17,41,43,84,85,90,91,120,123" machi="41" ten="25,6400,0" yaku="0,1,22,2,54,1" doraHai="49" who="0" fromWho="0" sc="330,77,95,-17,310,-33,255,-17" /><INIT seed="3,0,0,0,0,17" ten="407,78,277,238" oya="3" hai0="36,72,0,122,100,31,18,105,64,58,61,68,23" hai1="33,93,127,51,78,123,119,54,11,80,101,42,63" hai2="118,88,115,98,32,12,22,49,65,90,57,25,95" hai3="89,70,82,129,135,38,27,79,44,76,8,21,46"/><W116/><G116/><T16/><D122/><U50/><E123/><V128/><F115/><W113/><G113/><T132/><D0/><U28/><E119/><V4/><F118/><W111/><G70/><T7/><D7/><U30/><E127/><V112/><F112/><W41/><G129/><T69/><D72/><U55/><E33/><V67/><F128/><W20/><G135/><T104/><D36/><U39/><E39/><V45/><F32/><W108/><G44/><T96/><D105/><U92/><E101/><V130/><F130/><W134/><G134/><T81/><D132/><U47/><E11/><N who="2" m="4199" /><F57/><W83/><G89/><T85/><D31/><U114/><E114/><V15/><F15/><W34/><G8/><T117/><D18/><U60/><E78/><N who="3" m="29738" /><G34/><T56/><D69/><U29/><E29/><N who="2" m="17591" /><F90/><W24/><G24/><T126/><D68/><U66/><E47/><V2/><F2/><W110/><G27/><T43/><D58/><U133/><E133/><V62/><F62/><W107/><G107/><T87/><D56/><U6/><E6/><V52/><AGARI ba="0,0" hai="45,49,52,65,67,88,95,98" m="17591,4199" machi="52" ten="30,7900,0" yaku="8,1,52,1,54,2" doraHai="17" who="2" fromWho="2" sc="407,-20,78,-20,277,79,238,-39" owari="387,48.7,58,-44.2,356,15.6,199,-20.1" /></mjloggm>