<mjloggm ver="2.3"><GO type="225" lobby="0"/><UN n0="%70%6F%69%73%6F%6E%30%32" n1="%E3%83%96%E3%83%83%E3%83%91%E3%82%AA%E3%83%96%E3%83%81%E3%82%AD%E3%83%B3" n2="%E3%81%BF%E3%81%BF%E3%81%9A" n3="%E3%81%90%E3%81%A1%E3%82%84%E3%81%BE" dan="16,16,17,16" rate="2137.39,2144.22,2184.89,2138.99" sx="M,M,M,M"/><TAIKYOKU oya="0"/><INIT seed="0,0,0,3,2,6" ten="250,250,250,250" oya="0" hai0="63,108,66,95,73,33,31,102,7,79,120,43,37" hai1="41,77,83,135,12,18,115,123,76,14,124,1,17" hai2="15,98,51,91,74,52,49,59,110,128,4,106,69" hai3="82,105,47,61,62,99,81,40,116,84,100,45,122"/><T121/><D73/><U54/><E123/><V22/><F74/><W5/><G116/><T65/><D79/><U39/><E1/><V96/><F69/><W80/><G122/><T126/><D126/><U32/><E124/><V118/><F118/><W25/><G84/><T75/><D75/><U85/><E32/><V132/><F110/><W104/><G104/><T134/><D134/><U58/><E135/><V21/><F132/><W28/><G5/><T50/><D37/><U68/><E68/><V114/><F114/><W27/><G27/><T53/><D43/><U16/><E115/><V88/><F128/><W0/><G0/><T127/><D66/><U30/><E30/><V130/><F130/><W55/><G55/><T72/><D72/><U23/><E77/><V20/><F49/><W111/><G111/><T97/><D127/><U38/><E41/><V70/><F70/><W9/><G9/><T87/><D31/><U35/><E18/><V34/><F34/><W11/><G11/><T86/><D33/><U117/><E35/><V42/><F42/><W3/><G3/><T103/><D7/><U56/><E56/><V93/><F106/><W133/><G133/><T119/><D119/><U48/><REACH who="1" step="1"/><E117/><REACH who="1" ten="250,240,250,250" step="2"/><V112/><F112/><W125/><G125/><T8/><D121/><U129/><E129/><V2/><F2/><W10/><G40/><T67/><D120/><U131/><E131/><V19/><F4/><W113/><G113/><T89/><D108/><U44/><E44/><V71/><F71/><W36/><G47/><T46/><D46/><U90/><E90/><RYUUKYOKU ba="0,1" sc="250,-15,240,15,250,15,250,-15" hai1="12,14,16,17,23,38,39,48,54,58,76,83,85" hai2="15,19,20,21,22,51,52,59,88,91,93,96,98" /><INIT seed="1,1,1,5,2,57" ten="235,255,265,235" oya="1" hai0="123,120,112,65,113,111,115,69,92,93,84,90,37" hai1="107,70,89,73,27,126,82,9,0,17,91,32,77" hai2="135,36,19,26,104,4,18,33,79,106,67,38,75" hai3="55,122,2,39,13,64,87,42,62,25,134,45,6"/><U5/><E126/><V28/><F4/><W76/><G122/><N who="0" m="46635" /><D37/><U20/><E107/><V97/><F135/><W105/><G105/><T66/><D111/><U30/><REACH who="1" step="1"/><E70/><REACH who="1" ten="235,245,265,235" step="2"/><V117/><F106/><W59/><G134/><T72/><D69/><U98/><E98/><V43/><F97/><W16/><G2/><T121/><D121/><U41/><E41/><V48/><F43/><W74/><G42/><T71/><D71/><U56/><E56/><V24/><F104/><W58/><G59/><T108/><D108/><U34/><E34/><V99/><F33/><W8/><G58/><T96/><D72/><U21/><E21/><V95/><F99/><W3/><G74/><T22/><D22/><U100/><E100/><AGARI ba="1,2" hai="65,66,84,90,92,93,96,100,112,113,115" m="46635" machi="100" ten="40,1300,0" yaku="13,1" doraHai="57" who="0" fromWho="1" sc="235,36,245,-16,265,0,235,0" /><INIT seed="2,0,0,2,2,130" ten="271,229,265,235" oya="2" hai0="0,75,87,18,16,121,100,29,76,11,49,115,36" hai1="80,116,112,99,122,93,69,39,24,120,9,15,34" hai2="51,23,38,91,55,47,58,95,32,125,14,31,48" hai3="117,79,118,127,114,62,56,98,107,68,4,86,85"/><V45/><F125/><W60/><G127/><T74/><D36/><U119/><E39/><V97/><F38/><W21/><G114/><T102/><D115/><U20/><E69/><V71/><F71/><W109/><G109/><T126/><D29/><N who="1" m="19751" /><E80/><V124/><F124/><W66/><G4/><T30/><D121/><N who="1" m="46699" /><E112/><V37/><F37/><W90/><G21/><T94/><D30/><U83/><E83/><V73/><F73/><W53/><G79/><T70/><D70/><U133/><E20/><V17/><F32/><W7/><G7/><T77/><D126/><U40/><E40/><V128/><F128/><W42/><G42/><T25/><D75/><U8/><E133/><V54/><F31/><W89/><G107/><T101/><D77/><U96/><E96/><V19/><REACH who="2" step="1"/><F17/><REACH who="2" ten="271,229,255,235" step="2"/><W10/><G117/><T59/><D18/><N who="1" m="8551" /><E9/><V110/><F110/><W26/><G118/><T57/><D74/><U131/><E131/><V52/><F52/><W129/><G129/><T123/><D123/><U33/><E33/><V61/><F61/><W5/><G62/><T113/><D113/><U111/><E111/><V28/><F28/><W27/><G53/><T6/><D49/><U105/><E105/><V67/><F67/><W2/><G68/><T43/><D16/><U1/><E1/><V65/><F65/><W72/><G72/><T82/><D0/><U84/><E119/><V35/><F35/><W103/><G66/><T81/><D6/><U41/><E116/><V3/><F3/><W22/><G2/><T88/><D25/><N who="3" m="9225" /><G5/><T134/><D134/><U12/><E41/><RYUUKYOKU ba="0,1" sc="271,-10,229,-10,255,30,235,-10" hai2="14,19,23,45,47,48,51,54,55,58,91,95,97" /><INIT seed="2,1,1,3,0,71" ten="261,219,285,225" oya="2" hai0="39,4,76,65,135,93,72,75,99,35,102,111,46" hai1="88,120,82,59,23,15,58,43,126,81,98,74,123" hai2="69,8,16,53,112,67,7,130,101,31,34,115,21" hai3="5,66,122,41,91,49,36,27,12,119,17,97,104"/><V128/><F101/><W18/><G122/><N who="1" m="46634" /><E126/><V107/><F107/><W9/><G119/><T106/><D111/><U13/><E43/><V64/><F53/><W116/><G116/><T22/><D135/><U121/><N who="1" m="46642" /><U54/><DORA hai="113" /><E59/><V2/><F69/><W19/><G36/><T94/><D35/><U37/><E37/><V125/><F67/><W57/><G104/><T114/><D65/><U84/><E98/><V11/><F11/><W60/><G27/><T73/><D76/><N who="1" m="44183" /><E23/><V56/><F56/><W48/><REACH who="3" step="1"/><G41/><REACH who="3" ten="261,219,285,215" step="2"/><T63/><D39/><U129/><E129/><N who="2" m="49771" /><F125/><W86/><G86/><T105/><D105/><U55/><E55/><V79/><F64/><W28/><G28/><T26/><D114/><U89/><E89/><V95/><F79/><W109/><G109/><T96/><D106/><U68/><E68/><V85/><F31/><W80/><G80/><T0/><D75/><U32/><E32/><V87/><F34/><W77/><G77/><T108/><D108/><U117/><E117/><V61/><F85/><W100/><G100/><T132/><D73/><U38/><E38/><V90/><F115/><W47/><G47/><T33/><D72/><U92/><E82/><V50/><F112/><W6/><G6/><T83/><D83/><U42/><E42/><V51/><F21/><W14/><G14/><T29/><D33/><U70/><E70/><V78/><F78/><W30/><G30/><T1/><D46/><U25/><E25/><V124/><F124/><W20/><G20/><T44/><D44/><U40/><E40/><V45/><F45/><RYUUKYOKU ba="1,2" sc="261,-15,219,15,285,-15,215,15" hai1="13,15,54,58,84,88,92" hai3="5,9,12,17,18,19,48,49,57,60,66,91,97" /><INIT seed="3,2,2,2,1,97" ten="246,234,270,230" oya="3" hai0="118,81,51,55,30,62,110,80,33,122,103,117,17" hai1="14,116,94,24,132,52,134,121,44,18,83,108,63" hai2="106,95,42,9,88,60,0,126,8,114,47,46,107" hai3="32,6,26,50,109,23,25,27,64,100,85,90,128"/><W10/><G128/><T73/><D110/><U2/><E121/><V98/><F114/><W34/><G109/><T16/><D122/><U131/><E2/><V84/><F126/><W12/><G64/><T129/><D129/><U111/><E131/><V31/><F31/><W99/><G50/><T49/><D30/><U45/><E116/><V36/><F0/><W86/><G23/><T11/><D33/><U15/><E94/><V77/><F60/><W56/><G56/><T4/><D103/><U120/><E120/><V67/><F67/><W87/><REACH who="3" step="1"/><G90/><REACH who="3" ten="246,234,270,220" step="2"/><T93/><D118/><U41/><E111/><V96/><F88/><W125/><G125/><T130/><D130/><U37/><E108/><V115/><F46/><W92/><AGARI ba="2,3" hai="6,10,12,25,26,27,32,34,85,86,87,92,99,100" machi="92" ten="30,6000,0" yaku="1,1,0,1,52,1,53,0" doraHai="97" doraHaiUra="113" who="3" fromWho="3" sc="246,-22,234,-22,270,-22,220,96" owari="224,-17.6,212,-28.8,248,4.8,316,41.6" /></mjloggm>