<mjloggm ver="2.3"><GO type="225" lobby="0"/><UN n0="%70%68%65%6E%6F%6D%65" n1="%E3%81%AF%E3%82%88%E3%81%8A%E3%81%98%E3%81%95%E3%82%93" n2="%43%68%65" n3="%E6%81%A5%E6%99%92%E3%81%97" dan="16,17,16,17" rate="2096.77,2145.86,2186.90,2211.48" sx="M,M,M,M"/><TAIKYOKU oya="0"/><INIT seed="0,0,0,1,1,53" ten="250,250,250,250" oya="0" hai0="123,48,63,12,95,124,29,127,96,5,114,104,8" hai1="75,21,38,83,74,17,105,60,132,110,54,0,98" hai2="43,129,56,45,130,92,46,19,99,27,78,134,109" hai3="111,1,35,49,22,106,30,10,15,2,122,25,44"/><T79/><D114/><U97/><E0/><V118/><F109/><W71/><G71/><T135/><D123/><U69/><E38/><V128/><F134/><W133/><G106/><T101/><D135/><U91/><E110/><V61/><F78/><W66/><G133/><T108/><D108/><U64/><E132/><V42/><F118/><W81/><G122/><T90/><D29/><U119/><E119/><V16/><F46/><W34/><G111/><T13/><D79/><U50/><E98/><V40/><F45/><W57/><G81/><T52/><D63/><U94/><E105/><V59/><F27/><W103/><G103/><T80/><D80/><U39/><E39/><V14/><F61/><W120/><G120/><T33/><D13/><U121/><E83/><V100/><F19/><W31/><G1/><T72/><D33/><U4/><E4/><V126/><F126/><N who="0" m="48170" /><D72/><U131/><E131/><V76/><F76/><W28/><G2/><T32/><D32/><U82/><E82/><V37/><F37/><W9/><G34/><T68/><D68/><U55/><E55/><V6/><F6/><N who="3" m="3511" /><G35/><T47/><D104/><U18/><E18/><V26/><F26/><W113/><G113/><T93/><D93/><U7/><E7/><V102/><F102/><AGARI ba="0,0" hai="5,8,12,47,48,52,90,95,96,101,102" m="48170" machi="102" ten="30,2900,0" yaku="18,1,54,1" doraHai="53" who="0" fromWho="2" sc="250,29,250,0,250,-29,250,0" /><INIT seed="0,1,0,3,2,113" ten="279,250,221,250" oya="0" hai0="71,129,134,130,106,98,57,48,18,55,94,111,51" hai1="9,66,117,61,62,8,76,103,27,77,84,47,68" hai2="81,3,44,132,100,83,89,125,115,112,25,58,72" hai3="19,33,22,87,67,116,53,101,16,50,85,7,42"/><T32/><D134/><U90/><E117/><V107/><F3/><W35/><G7/><T102/><D32/><U120/><E120/><V73/><F44/><W13/><G116/><T52/><D71/><U63/><E68/><V36/><F36/><W30/><G30/><T14/><D111/><U127/><E127/><V64/><F25/><W92/><G42/><T39/><D106/><U96/><E66/><V82/><F58/><W60/><G33/><T17/><D39/><U79/><E47/><V110/><F64/><W135/><G35/><T41/><D41/><U104/><REACH who="1" step="1"/><E27/><REACH who="1" ten="279,240,221,250" step="2"/><V40/><F125/><W31/><G67/><T1/><D1/><U70/><E70/><V91/><F110/><W99/><G135/><T38/><D38/><U69/><E69/><V88/><F132/><W114/><G114/><N who="2" m="43561" /><F40/><W65/><G65/><T109/><D109/><U93/><AGARI ba="1,1" hai="8,9,61,62,63,76,77,79,84,90,93,96,103,104" machi="93" ten="30,2000,0" yaku="1,1,0,1,53,0" doraHai="113" doraHaiUra="26" who="1" fromWho="1" sc="279,-11,240,33,221,-6,250,-6" /><INIT seed="1,0,0,5,0,48" ten="268,273,215,244" oya="1" hai0="73,76,110,99,55,45,22,10,130,90,122,124,96" hai1="34,56,126,78,17,15,60,106,74,118,95,9,33" hai2="67,57,1,63,49,20,127,39,135,28,31,101,70" hai3="89,114,36,80,83,0,66,12,107,111,113,116,84"/><U75/><E106/><V81/><F1/><W2/><G36/><T5/><D110/><U117/><E126/><V82/><F127/><W26/><G107/><T123/><D124/><U52/><E95/><V4/><F39/><W24/><G12/><T19/><D130/><U69/><E69/><V134/><F4/><W128/><G66/><T129/><D129/><U104/><E104/><V98/><F49/><W93/><G128/><T27/><D76/><U131/><E131/><V6/><F6/><W25/><G111/><T40/><D73/><U13/><E13/><V35/><F35/><W16/><G116/><T103/><D90/><U7/><E7/><V97/><F70/><W44/><G44/><T11/><D99/><U87/><E87/><V8/><F8/><W21/><G2/><T51/><D40/><U125/><E125/><V30/><F20/><W115/><REACH who="3" step="1"/><G0/><REACH who="3" ten="268,273,215,234" step="2"/><T92/><REACH who="0" step="1"/><D5/><REACH who="0" ten="258,273,215,234" step="2"/><U88/><E117/><V108/><F108/><W42/><G42/><T112/><D112/><U46/><E118/><V72/><F135/><W41/><G41/><T62/><D62/><U47/><E60/><V54/><F134/><W53/><G53/><T91/><D91/><U38/><E88/><V32/><F54/><W121/><G121/><AGARI ba="0,2" hai="10,11,19,22,27,45,51,55,92,96,103,121,122,123" machi="121" ten="40,5200,0" yaku="1,1,13,1,52,1,53,0" doraHai="48" doraHaiUra="85" who="0" fromWho="3" sc="258,72,273,0,215,0,234,-52" /><INIT seed="2,0,0,1,2,18" ten="330,273,215,182" oya="2" hai0="63,22,29,133,98,114,5,20,121,90,112,40,130" hai1="47,135,19,94,45,134,6,103,39,3,71,102,115" hai2="120,48,73,59,76,122,41,89,31,13,44,34,82" hai3="14,42,74,75,43,52,83,125,7,81,9,38,27"/><V127/><F127/><W117/><G117/><T50/><D121/><U55/><E115/><V77/><F77/><W68/><G68/><T99/><D130/><U56/><E71/><V97/><F13/><W53/><G125/><T62/><D5/><U106/><E106/><V66/><F66/><W107/><G107/><T8/><D8/><N who="1" m="2143" /><E19/><V109/><F109/><W79/><G38/><T101/><D29/><U21/><E21/><N who="0" m="8297" /><D112/><U4/><E4/><V104/><F59/><W65/><G65/><T57/><D114/><U118/><E118/><V33/><F89/><W119/><G27/><T15/><D15/><U124/><E39/><V32/><REACH who="2" step="1"/><F31/><REACH who="2" ten="330,273,205,182" step="2"/><W10/><G119/><T123/><D123/><U86/><E124/><V16/><F16/><W100/><G100/><AGARI ba="0,1" hai="32,33,34,41,44,48,73,76,82,97,100,104,120,122" machi="100" ten="40,12000,1" yaku="1,1,53,3" doraHai="18" doraHaiUra="28" who="2" fromWho="3" sc="330,0,273,0,205,130,182,-120" /><INIT seed="2,1,0,0,4,15" ten="330,273,335,62" oya="2" hai0="14,23,100,125,19,94,90,60,83,104,93,124,39" hai1="65,80,88,41,9,99,6,128,11,121,38,20,134" hai2="22,5,66,102,118,62,40,0,95,71,91,107,116" hai3="119,97,126,87,78,133,101,47,64,33,132,52,84"/><V112/><F112/><W81/><G33/><T54/><D39/><U31/><E128/><V4/><F40/><W114/><G119/><T30/><D30/><U122/><E134/><V127/><F127/><N who="0" m="48714" /><D104/><U45/><E65/><V26/><F102/><W82/><G64/><T74/><D100/><U13/><E9/><V34/><F107/><N who="3" m="63919" /><G52/><T18/><D74/><U69/><E69/><V7/><F34/><W61/><G61/><T113/><D113/><U49/><E38/><V10/><F118/><W53/><G53/><T50/><D83/><U120/><E31/><V55/><F55/><W12/><G47/><N who="0" m="27999" /><D90/><U42/><E41/><V29/><REACH who="2" step="1"/><F116/><REACH who="2" ten="330,273,325,62" step="2"/><W72/><G114/><T76/><D60/><U130/><E130/><V75/><F75/><N who="3" m="43231" /><G126/><T32/><D32/><U3/><E121/><V21/><F21/><W131/><G131/><T8/><D76/><U56/><E122/><V111/><F111/><W85/><G12/><AGARI ba="1,1" hai="8,12,14,18,19,23,93,94" m="27999,48714" machi="12" ten="30,3900,0" yaku="18,1,52,2" doraHai="15" who="0" fromWho="3" sc="330,52,273,0,325,0,62,-42" /><INIT seed="3,0,0,1,1,125" ten="382,273,325,20" oya="3" hai0="112,14,40,2,74,33,99,34,27,67,16,109,94" hai1="26,126,119,54,69,132,88,64,32,91,9,124,129" hai2="75,86,3,79,10,114,93,122,105,51,135,13,81" hai3="120,90,117,107,4,29,11,7,83,84,36,111,110"/><W20/><G117/><T39/><D2/><U89/><E119/><V76/><F114/><W80/><G120/><T85/><D74/><U50/><E132/><V1/><F135/><W31/><G107/><T72/><D72/><U78/><E78/><V116/><F116/><W52/><G36/><T5/><D67/><U106/><E106/><V23/><F122/><W8/><G20/><T38/><D109/><N who="3" m="41481" /><G90/><T35/><D112/><U71/><E9/><N who="3" m="3658" /><G84/><T96/><D5/><N who="3" m="2121" /><G52/><T131/><D85/><U92/><E92/><V68/><F23/><W56/><G56/><T49/><D96/><U62/><E69/><V66/><F68/><W101/><G101/><T115/><D115/><U134/><E134/><V6/><F105/><W59/><G59/><T43/><D39/><U133/><E133/><V113/><F113/><W108/><N who="3" m="41489" /><W65/><DORA hai="55" /><G65/><T48/><D38/><U46/><E91/><V87/><F75/><W24/><G24/><T104/><D27/><U77/><E89/><V70/><F70/><W95/><G95/><T41/><D104/><U63/><E88/><V121/><F121/><W28/><AGARI ba="0,0" hai="28,29,31,80,83" m="2121,3658,41489" machi="28" ten="50,12000,1" yaku="28,2,14,1,10,1" doraHai="125,55" who="3" fromWho="3" sc="382,-40,273,-40,325,-40,20,120" /><INIT seed="3,1,0,2,4,55" ten="342,233,285,140" oya="3" hai0="133,88,93,72,121,61,101,8,37,21,78,43,74" hai1="117,107,90,124,79,99,114,34,44,66,56,17,39" hai2="92,83,47,100,119,26,94,50,35,7,15,60,131" hai3="108,129,126,45,134,80,127,115,105,32,23,67,6"/><W110/><G32/><T0/><D121/><U54/><E114/><V122/><F119/><W29/><G115/><T5/><D101/><U65/><E34/><V76/><F122/><W18/><G105/><T70/><D78/><U1/><E1/><V4/><F131/><W46/><G29/><T111/><D111/><N who="3" m="42537" /><G129/><T71/><D43/><U95/><E117/><V27/><F35/><W84/><G6/><T86/><D37/><U42/><E124/><N who="3" m="47658" /><G134/><T11/><D133/><U97/><E79/><V82/><F76/><N who="3" m="46087" /><G67/><T75/><D5/><U52/><E17/><V22/><F7/><W9/><G9/><T103/><D0/><U68/><E107/><V73/><F4/><W130/><G130/><T102/><D11/><U106/><E106/><V3/><F3/><W28/><G28/><T81/><D8/><U98/><E66/><V109/><F109/><W85/><G85/><T49/><D21/><U48/><E54/><V20/><F20/><W30/><G30/><T58/><D75/><U2/><E2/><V40/><F73/><W53/><G53/><N who="0" m="32047" /><D74/><U69/><REACH who="1" step="1"/><E65/><REACH who="1" ten="342,223,285,140" step="2"/><V91/><F22/><W31/><G31/><T87/><D72/><U41/><E41/><V128/><F128/><W13/><AGARI ba="1,1" hai="13,18,23,45,46" m="46087,47658,42537" machi="13" ten="30,6000,0" yaku="14,1,10,1,18,1" doraHai="55" who="3" fromWho="3" sc="342,-21,223,-21,285,-21,140,73" /><INIT seed="3,2,0,2,2,84" ten="321,202,264,213" oya="3" hai0="46,132,21,32,118,115,14,0,74,70,114,43,90" hai1="10,116,100,15,27,31,35,131,124,18,125,58,55" hai2="13,99,109,93,94,54,79,1,117,78,128,130,59" hai3="20,95,126,33,121,89,7,48,75,37,127,123,107"/><W52/><G33/><T133/><D0/><U47/><E100/><V72/><F117/><W82/><G37/><T119/><D32/><U65/><E116/><N who="0" m="44585" /><D74/><U85/><E131/><N who="2" m="50219" /><F1/><W63/><G7/><T29/><D70/><U80/><E65/><V40/><F109/><W50/><G20/><T4/><D90/><N who="1" m="51495" /><E58/><V101/><F40/><W16/><G82/><T42/><D43/><U96/><E96/><N who="2" m="59535" /><F13/><W81/><G107/><T87/><D14/><U91/><E91/><N who="2" m="55775" /><F72/><W11/><G75/><T73/><D73/><U77/><E77/><V61/><AGARI ba="2,0" hai="54,59,61,78,79" m="55775,59535,50219" machi="61" ten="30,2000,0" yaku="19,1,52,1" doraHai="84" who="2" fromWho="2" sc="321,-7,202,-7,264,26,213,-12" owari="314,41.4,195,-30.5,290,9.0,201,-19.9" /></mjloggm>