<mjloggm ver="2.3"><GO type="225" lobby="0"/><UN n0="%E3%81%8B%E3%82%8F%E3%81%A1%E3%82%83%E3%82%93%35%38" n1="%E3%81%BD%E3%81%A1%E3%81%9F%E3%81%93%E3%82%84" n2="%33%74%72%65%65" n3="%E3%83%A9%E3%83%BC%E3%83%A1%E3%83%B3%E4%BA%94%E9%83%8E" dan="16,16,17,16" rate="2142.58,2187.57,2128.96,2125.74" sx="M,M,F,M"/><TAIKYOKU oya="0"/><INIT seed="0,0,0,1,4,68" ten="250,250,250,250" oya="0" hai0="113,9,95,5,75,118,134,111,18,122,116,126,54" hai1="109,31,52,49,53,71,131,89,127,21,86,73,17" hai2="82,55,117,22,35,36,92,124,41,135,25,91,32" hai3="62,80,59,47,38,69,85,23,19,77,34,79,78"/><T81/><D122/><U115/><E73/><V4/><F135/><W130/><G34/><T104/><D104/><U12/><E71/><V99/><F124/><W30/><G130/><T20/><D113/><U96/><E131/><V87/><F117/><W97/><G69/><T26/><D134/><U11/><E127/><V128/><F128/><W39/><G30/><T56/><D126/><U42/><E109/><V106/><F106/><W129/><G129/><T132/><D132/><U64/><E64/><V76/><F4/><W40/><G97/><T2/><D111/><U125/><E96/><V133/><F133/><W74/><G39/><T60/><D75/><U101/><E101/><V108/><F108/><W37/><G37/><T123/><D123/><U58/><E115/><V66/><F66/><W50/><G38/><T27/><D81/><U114/><E114/><V72/><F55/><N who="3" m="34175" /><G74/><T93/><REACH who="0" step="1"/><D26/><AGARI ba="0,0" hai="19,23,26,40,47,50,77,78,79,80,85" m="34175" machi="26" ten="30,1000,0" yaku="8,1" doraHai="68" who="3" fromWho="0" sc="250,-10,250,0,250,0,250,10" /><INIT seed="1,0,0,2,4,37" ten="240,250,250,260" oya="1" hai0="64,5,86,23,47,95,123,32,18,89,65,0,72" hai1="88,115,27,120,85,12,68,48,24,135,61,57,109" hai2="36,11,128,110,80,2,73,105,63,59,108,116,66" hai3="76,19,132,129,35,83,90,99,22,14,28,51,56"/><U87/><E115/><V4/><F116/><W96/><G129/><T40/><D32/><U78/><E120/><V84/><F128/><W102/><G132/><T30/><D30/><U117/><E68/><V98/><F73/><W6/><G6/><T130/><D130/><U7/><E117/><V67/><F67/><W111/><G111/><T33/><D33/><U126/><E135/><V81/><F36/><W92/><G28/><T125/><D72/><U3/><E3/><V127/><F127/><W41/><G35/><T74/><D74/><U42/><E85/><V43/><F43/><W113/><G113/><T34/><D34/><U44/><E78/><V17/><F17/><W101/><G96/><T114/><D114/><U112/><E126/><V49/><F49/><W54/><REACH who="3" step="1"/><G41/><REACH who="3" ten="240,250,250,250" step="2"/><T71/><D125/><U121/><E109/><V13/><F108/><W77/><G77/><T53/><D123/><U79/><E79/><V62/><F98/><W69/><G69/><T104/><D71/><U45/><E121/><V60/><F110/><W122/><G122/><T119/><D119/><U93/><E112/><V25/><F4/><W20/><G20/><T21/><D104/><U16/><E7/><V118/><F105/><W94/><G94/><T107/><D107/><U38/><E16/><V8/><F118/><W29/><G29/><T1/><D40/><N who="1" m="24583" /><E12/><V46/><F13/><W31/><G31/><T82/><D5/><U58/><E38/><V26/><F11/><W9/><G9/><T50/><D95/><U91/><E93/><V124/><F124/><W131/><G131/><RYUUKYOKU ba="0,1" sc="240,-10,250,-10,250,-10,250,30" hai3="14,19,22,51,54,56,76,83,90,92,99,101,102" /><INIT seed="2,1,1,5,0,112" ten="230,240,240,280" oya="2" hai0="91,111,59,104,46,81,52,38,68,126,82,62,0" hai1="76,89,119,36,51,86,128,49,44,27,53,63,64" hai2="132,21,30,72,102,16,105,54,48,45,79,32,43" hai3="35,37,122,133,121,13,130,100,103,9,108,83,85"/><V88/><F132/><W109/><G37/><T90/><D0/><U74/><E128/><V40/><F32/><W127/><G35/><T24/><D104/><U84/><E119/><V66/><F30/><W33/><G33/><T87/><D111/><N who="3" m="42569" /><G133/><T42/><D126/><U60/><E36/><V93/><F66/><W129/><G127/><T29/><D68/><U7/><E74/><V117/><F117/><W12/><G12/><T47/><D47/><U5/><E27/><V94/><F105/><W71/><G71/><T1/><D1/><U57/><E49/><V15/><F72/><W20/><G20/><T65/><D65/><U31/><E31/><V34/><F34/><W113/><G113/><T26/><REACH who="0" step="1"/><D29/><REACH who="0" ten="220,240,240,280" step="2"/><U99/><E44/><V106/><F106/><W78/><G130/><T50/><D50/><U98/><E51/><V73/><F43/><W92/><G129/><T120/><D120/><U22/><E64/><V56/><F40/><W116/><G122/><T10/><D10/><U41/><E41/><V118/><F45/><W4/><G121/><T123/><D123/><U18/><E63/><V70/><F70/><W101/><G116/><T25/><D25/><U11/><E60/><V134/><F118/><W110/><G110/><T17/><D17/><U3/><E3/><V114/><F134/><W14/><G14/><T55/><D55/><U97/><E53/><V95/><F114/><W124/><G124/><T19/><D19/><U6/><E11/><V23/><F15/><W125/><G125/><T69/><D69/><U2/><E2/><V39/><F48/><RYUUKYOKU ba="1,2" sc="220,15,240,-15,240,-15,280,15" hai0="24,26,38,42,46,52,59,62,81,82,87,90,91" hai3="4,9,13,78,83,85,92,100,101,103" /><INIT seed="3,2,2,4,0,101" ten="235,225,225,295" oya="3" hai0="41,53,90,45,87,118,11,59,49,7,36,98,70" hai1="67,24,107,89,30,18,26,115,121,93,29,103,114" hai2="16,42,105,127,62,5,17,83,12,28,119,19,66" hai3="79,71,61,10,74,56,39,58,4,9,117,109,57"/><W85/><G117/><T99/><D70/><U14/><E121/><V47/><F119/><W35/><G35/><T75/><D75/><U81/><E67/><V2/><F105/><W33/><G33/><T68/><D68/><U44/><E81/><V69/><F28/><N who="1" m="10857" /><E103/><V116/><F116/><W63/><G71/><T96/><D118/><U110/><E107/><V38/><F127/><W111/><G39/><T1/><REACH who="0" step="1"/><D98/><REACH who="0" ten="225,225,225,295" step="2"/><N who="1" m="57647" /><E115/><V130/><F130/><W122/><G74/><T72/><D72/><U43/><E114/><V125/><F125/><W27/><G122/><T32/><D32/><U54/><E110/><V40/><F40/><W134/><G111/><T102/><D102/><U108/><E43/><V92/><F83/><AGARI ba="2,3" hai="1,7,11,36,41,45,49,53,59,83,87,90,96,99" machi="83" ten="30,3900,0" yaku="1,1,7,1,53,1" doraHai="101" doraHaiUra="51" who="0" fromWho="2" sc="225,75,225,0,225,-45,295,0" owari="300,40.0,225,-17.5,180,-32.0,295,9.5" /></mjloggm>