<mjloggm ver="2.3"><GO type="225" lobby="0"/><UN n0="%41%6F%54" n1="%E7%B4%94%E6%BD%94%E3%83%94%E3%83%A9%E3%83%8B%E3%82%A2" n2="%77%72%77%72%77%72%77%72" n3="%4C%4F%4C%49%54%41" dan="16,16,17,16" rate="2075.22,2087.91,2142.04,2151.65" sx="M,M,M,F"/><TAIKYOKU oya="0"/><INIT seed="0,0,0,2,1,3" ten="250,250,250,250" oya="0" hai0="72,46,50,2,128,58,89,4,21,119,132,122,93" hai1="108,63,79,17,9,34,83,13,48,33,26,73,23" hai2="56,52,12,53,85,10,35,118,88,40,31,18,84" hai3="94,92,82,126,135,86,120,71,130,44,80,90,129"/><T106/><D119/><U43/><E108/><V64/><F118/><W76/><G71/><T75/><D122/><U36/><E36/><V28/><F40/><W112/><G44/><T60/><D106/><U68/><E68/><V41/><F41/><W131/><G112/><T95/><D95/><N who="3" m="36393" /><G135/><T1/><D128/><U22/><E22/><V121/><F121/><W49/><G49/><T87/><D132/><U51/><E63/><N who="2" m="37991" /><F35/><W57/><G57/><T8/><D1/><U74/><E74/><V62/><F84/><N who="3" m="50439" /><G120/><T100/><D100/><U117/><E117/><V25/><F25/><W65/><G65/><T29/><D29/><N who="2" m="11338" /><F62/><W66/><G66/><T104/><D104/><U113/><E113/><V99/><F99/><W123/><G123/><T69/><D69/><U30/><E51/><V20/><F20/><W103/><G103/><T24/><D24/><U37/><E37/><V45/><F45/><W111/><G111/><T110/><D21/><U54/><E43/><V6/><F18/><W78/><G126/><T19/><D19/><U97/><E97/><V67/><F67/><W55/><G55/><T39/><D39/><U115/><E115/><V32/><F32/><W5/><G5/><T105/><D110/><U38/><E38/><V11/><F10/><W116/><G116/><T125/><D125/><U59/><AGARI ba="0,0" hai="9,13,17,23,26,30,33,34,48,54,59,73,79,83" machi="59" ten="20,1500,0" yaku="0,1,7,1" doraHai="3" who="1" fromWho="1" sc="250,-7,250,15,250,-4,250,-4" /><INIT seed="1,0,0,4,1,36" ten="243,265,246,246" oya="1" hai0="49,110,101,45,104,44,113,89,54,75,58,82,69" hai1="2,60,118,73,14,117,6,109,31,51,123,132,35" hai2="53,37,67,24,4,52,5,61,34,1,16,66,50" hai3="57,115,38,56,93,111,70,97,28,131,33,98,84"/><U85/><E73/><V120/><F120/><W107/><G115/><T134/><D113/><U112/><E112/><V99/><F37/><W114/><G114/><T71/><D110/><U129/><E123/><V90/><F1/><W11/><G70/><T79/><D134/><U12/><E132/><V127/><F127/><W17/><G38/><T94/><D44/><U87/><E129/><V125/><F125/><W81/><G111/><T83/><D83/><U72/><E72/><V77/><F77/><W7/><G17/><T68/><D58/><U26/><E60/><V133/><F133/><W10/><G10/><T76/><D76/><U128/><E128/><V47/><F34/><W9/><G9/><T108/><D108/><U15/><E109/><V19/><F53/><W126/><G131/><T46/><D46/><U121/><E121/><V25/><F25/><W20/><G33/><T64/><D64/><N who="2" m="24618" /><F61/><W40/><G40/><T86/><REACH who="0" step="1"/><D71/><REACH who="0" ten="233,265,246,246" step="2"/><U119/><E51/><V92/><F24/><N who="3" m="16391" /><G126/><T22/><D22/><U21/><E35/><V100/><F90/><W135/><G135/><T13/><D13/><U8/><AGARI ba="0,1" hai="2,6,8,12,14,15,21,26,31,85,87,117,118,119" machi="8" ten="40,2100,0" yaku="0,1" doraHai="36" who="1" fromWho="1" sc="233,-7,265,31,246,-7,246,-7" /><INIT seed="1,1,0,1,3,76" ten="226,296,239,239" oya="1" hai0="126,124,27,94,55,104,62,73,75,47,65,114,133" hai1="61,106,97,67,29,99,81,16,58,51,12,119,4" hai2="64,102,70,101,60,90,48,21,88,83,69,41,23" hai3="18,40,80,13,129,10,28,5,105,111,36,17,66"/><U31/><E4/><V39/><F39/><W20/><G105/><T128/><D104/><U0/><E0/><V8/><F8/><W72/><G111/><T74/><D114/><U14/><E14/><V103/><F69/><W123/><G123/><T68/><D128/><U22/><E119/><V9/><F9/><W49/><G129/><T45/><D133/><U98/><E106/><V1/><F1/><W82/><G72/><T50/><D94/><U118/><E118/><V77/><F41/><W122/><G36/><T130/><D130/><U38/><E38/><V79/><F48/><W115/><G66/><T89/><D89/><U54/><REACH who="1" step="1"/><E81/><REACH who="1" ten="226,286,239,239" step="2"/><N who="3" m="31338" /><G122/><T125/><REACH who="0" step="1"/><D27/><REACH who="0" ten="216,286,239,239" step="2"/><U92/><E92/><V2/><F77/><W117/><G115/><T112/><D112/><U121/><E121/><V135/><F135/><W87/><G117/><T108/><D108/><U52/><E52/><V19/><F79/><W35/><G40/><T33/><D33/><U34/><E34/><V11/><F83/><W109/><G35/><T7/><D7/><U86/><E86/><V32/><F32/><W100/><G109/><T24/><D24/><U53/><E53/><V132/><F132/><W15/><G87/><T113/><D113/><U131/><E131/><V95/><F95/><W43/><G5/><T116/><D116/><U127/><E127/><V96/><F96/><W107/><G107/><T120/><D120/><U42/><E42/><V57/><F64/><W91/><G43/><T84/><D84/><U30/><E30/><V6/><F6/><W26/><G28/><T134/><D134/><RYUUKYOKU ba="1,2" sc="216,15,286,15,239,-15,239,-15" hai0="45,47,50,55,62,65,68,73,74,75,124,125,126" hai1="12,16,22,29,31,51,54,58,61,67,97,98,99" /><INIT seed="1,2,2,5,1,46" ten="231,301,224,224" oya="1" hai0="27,32,70,131,62,110,55,103,111,128,130,104,29" hai1="100,87,79,68,6,38,92,123,2,35,54,134,25" hai2="89,127,119,33,133,58,83,67,86,3,28,118,60" hai3="65,31,90,93,59,120,34,108,77,82,18,14,97"/><U61/><E123/><V64/><F133/><W126/><G120/><T16/><D16/><U44/><E134/><V20/><F127/><W72/><G126/><T52/><D55/><U113/><E113/><V39/><F33/><W36/><G36/><T84/><D84/><U48/><E38/><V24/><F39/><W1/><G1/><T101/><D101/><U10/><E100/><V71/><F3/><W23/><G108/><T98/><D52/><U41/><E54/><V45/><F45/><W125/><G125/><T80/><D80/><U21/><E35/><V4/><REACH who="2" step="1"/><F4/><REACH who="2" ten="231,301,214,224" step="2"/><W132/><G132/><T74/><REACH who="0" step="1"/><D74/><REACH who="0" ten="221,301,214,224" step="2"/><U9/><E6/><V5/><F5/><W94/><G72/><T99/><D99/><U13/><E87/><V37/><F37/><W78/><G97/><T107/><D107/><U81/><E2/><V112/><F112/><W66/><G77/><T15/><D15/><U17/><E13/><V49/><F49/><W11/><G78/><T121/><D121/><U129/><E79/><V105/><F105/><W85/><G14/><T7/><D7/><U122/><E122/><V26/><F26/><W69/><G85/><T96/><D96/><U75/><E75/><V56/><F56/><W88/><G59/><T114/><D114/><U40/><E48/><V22/><F22/><W57/><G23/><T43/><D43/><U117/><E21/><V102/><F102/><W109/><G57/><T95/><D95/><U53/><E41/><V8/><F8/><W0/><G11/><T42/><D42/><U63/><E40/><V124/><F124/><RYUUKYOKU ba="2,4" sc="221,15,301,-15,214,15,224,-15" hai0="27,29,32,62,70,98,103,104,110,111,128,130,131" hai2="20,24,28,58,60,64,67,71,83,86,89,118,119" /><INIT seed="2,3,4,3,4,128" ten="236,286,229,209" oya="2" hai0="22,110,19,40,60,102,71,53,113,63,26,96,14" hai1="27,116,17,24,35,0,122,95,78,33,130,41,6" hai2="16,47,43,54,28,134,68,5,100,111,31,115,108" hai3="91,75,58,92,121,44,135,25,126,9,83,38,49"/><V86/><F115/><W39/><G121/><T104/><D113/><U119/><E78/><V127/><F127/><W20/><G126/><T123/><D123/><U56/><E41/><V15/><F5/><W131/><G131/><T37/><D110/><N who="2" m="42026" /><F134/><W88/><G135/><T42/><D37/><U45/><E45/><V12/><F68/><W80/><G58/><T125/><D125/><U57/><E56/><V2/><F2/><W118/><G118/><N who="1" m="45098" /><E57/><V76/><F100/><W117/><G117/><T82/><D53/><U32/><E95/><V18/><F54/><W107/><G9/><T66/><D63/><U59/><E59/><V81/><F12/><W11/><G107/><T85/><D14/><U61/><E61/><V23/><F18/><W114/><G114/><T51/><D51/><AGARI ba="3,4" hai="15,16,23,28,31,43,47,51,76,81,86" m="42026" machi="51" ten="30,5800,0" yaku="14,1,10,1,54,1" doraHai="128" who="2" fromWho="0" sc="236,-67,286,0,229,107,209,0" /><INIT seed="2,4,0,4,4,32" ten="169,286,336,209" oya="2" hai0="104,14,49,56,120,11,101,59,12,69,10,81,17" hai1="6,31,130,97,4,51,72,94,119,73,67,115,70" hai2="18,103,24,48,125,62,89,57,124,60,68,96,90" hai3="47,23,76,20,83,65,3,2,55,134,112,107,53"/><V131/><F131/><W16/><G107/><T7/><D69/><U127/><E115/><V74/><F74/><W26/><G112/><T105/><D120/><U19/><E119/><V102/><F48/><W99/><G134/><T45/><D81/><U85/><E31/><V9/><F9/><W77/><G65/><T86/><D86/><U50/><E85/><V30/><F18/><W63/><G99/><T1/><D12/><U95/><E67/><V110/><F110/><W84/><G76/><T28/><D28/><U80/><E80/><V128/><F128/><W64/><G23/><T27/><D27/><U91/><E70/><V88/><F68/><W0/><REACH who="3" step="1"/><G47/><REACH who="3" ten="169,286,336,199" step="2"/><T121/><D121/><U61/><E97/><V34/><F102/><W44/><G44/><T106/><REACH who="0" step="1"/><D101/><REACH who="0" ten="159,286,336,199" step="2"/><U42/><E130/><V25/><F103/><W58/><AGARI ba="4,2" hai="0,2,3,16,20,26,53,55,58,63,64,77,83,84" machi="58" ten="30,12000,2" yaku="1,1,0,1,52,3,54,1,53,0" doraHai="32" doraHaiUra="37" who="3" fromWho="3" sc="159,-34,286,-34,336,-64,199,152" /><INIT seed="3,0,0,1,3,55" ten="125,252,272,351" oya="3" hai0="96,13,62,105,106,6,101,27,32,44,38,113,59" hai1="110,57,3,45,79,124,123,58,107,88,91,28,83" hai2="14,135,1,30,82,130,20,116,70,85,120,100,60" hai3="29,5,75,8,53,51,12,114,56,4,33,67,92"/><W46/><G114/><T63/><D113/><U19/><E123/><V66/><F116/><W49/><G75/><T25/><D105/><U111/><E107/><V126/><F120/><W129/><G129/><T61/><D38/><U54/><E124/><V73/><F126/><W99/><G33/><T37/><D37/><U115/><E115/><V102/><F73/><W10/><G29/><T35/><D44/><U97/><E3/><V119/><F119/><W122/><G122/><T127/><D127/><U41/><E28/><V128/><F1/><W39/><G39/><T131/><D131/><N who="2" m="50218" /><F135/><W118/><G67/><T69/><D6/><N who="3" m="2665" /><G12/><T87/><D13/><U7/><E7/><V50/><F50/><W40/><G118/><T65/><D87/><N who="1" m="48639" /><E19/><N who="2" m="10359" /><F30/><W72/><G72/><T2/><D2/><U23/><E23/><V31/><F31/><W121/><G121/><T21/><D69/><U74/><E74/><V125/><F125/><W48/><G48/><T15/><D32/><U117/><E117/><V95/><F95/><W18/><G92/><T76/><D35/><U52/><E111/><V103/><F85/><W47/><G8/><T94/><D106/><U9/><E110/><V0/><F0/><W109/><G10/><T132/><D132/><U78/><E9/><V98/><F98/><W108/><G99/><T68/><D76/><U86/><E78/><V81/><AGARI ba="0,0" hai="60,66,70,81,82,100,102,103" m="10359,50218" machi="81" ten="40,1500,0" yaku="19,1" doraHai="55" who="2" fromWho="2" sc="125,-4,252,-4,272,15,351,-7" owari="121,-37.9,248,-15.2,287,8.7,344,44.4" /></mjloggm>