<mjloggm ver="2.3"><GO type="225" lobby="0"/><UN n0="%43%68%65" n1="%E6%9D%B1%E9%A2%A8%E3%81%AE%E3%81%8D%E3%82%83%E3%81%B7%E3%81%95%E3%82%93" n2="%E6%B8%A1%E5%A4%A9%E8%97%8D" n3="%E3%81%90%E3%81%A1%E3%82%84%E3%81%BE" dan="16,16,16,16" rate="2153.14,2096.46,2073.71,2133.93" sx="M,M,M,M"/><TAIKYOKU oya="0"/><INIT seed="0,0,0,4,4,89" ten="250,250,250,250" oya="0" hai0="34,64,77,102,108,79,94,120,48,21,52,63,81" hai1="93,49,14,125,113,30,110,135,117,50,40,109,44" hai2="12,19,46,119,66,82,71,72,20,38,123,33,51" hai3="74,88,54,132,1,112,29,56,85,104,96,75,4"/><T133/><D120/><U95/><E117/><V28/><F123/><W126/><G112/><T131/><D34/><U69/><E113/><V86/><F119/><W39/><G39/><T37/><D37/><U41/><E69/><V116/><F116/><W32/><G32/><T11/><D131/><U58/><E135/><V83/><F38/><W8/><G29/><T61/><D133/><U53/><E125/><V105/><F105/><W114/><G126/><T15/><D21/><U68/><E68/><V18/><F33/><W111/><G111/><N who="1" m="42506" /><E30/><V65/><F71/><W134/><G114/><T84/><D79/><U0/><E0/><V17/><F28/><W121/><G121/><T36/><D36/><U16/><E40/><N who="2" m="25031" /><F72/><W3/><G3/><T9/><D108/><U35/><E35/><V26/><F82/><W62/><G134/><T45/><D64/><N who="2" m="24682" /><F26/><W60/><G60/><N who="0" m="23115" /><D15/><U76/><E76/><AGARI ba="0,0" hai="12,17,18,19,20,76,83,86" m="24682,25031" machi="76" ten="30,1000,0" yaku="8,1" doraHai="89" who="2" fromWho="1" sc="250,0,250,-10,250,10,250,0" /><INIT seed="1,0,0,0,5,116" ten="250,240,260,250" oya="1" hai0="42,59,20,57,48,128,30,129,66,29,15,97,22" hai1="26,80,53,120,84,44,108,95,0,78,132,25,100" hai2="101,7,109,105,8,89,113,133,4,31,50,127,68" hai3="55,111,99,110,27,123,5,37,38,79,69,28,98"/><U131/><E0/><V2/><F89/><W73/><G69/><T130/><D97/><N who="3" m="36873" /><G5/><T18/><D66/><U13/><E120/><V40/><F50/><W82/><G55/><T46/><REACH who="0" step="1"/><D30/><REACH who="0" ten="240,240,260,250" step="2"/><U45/><E132/><V88/><F31/><W34/><G123/><T23/><D23/><U104/><E131/><V10/><F133/><W64/><G64/><T56/><D56/><U122/><E104/><V52/><F105/><W112/><G112/><T103/><D103/><U24/><E122/><V126/><F113/><W86/><G73/><T117/><D117/><U107/><E107/><V11/><F68/><W94/><G94/><T33/><D33/><U121/><E121/><V16/><F10/><W49/><G49/><T92/><D92/><U51/><E108/><AGARI ba="0,1" hai="27,28,34,37,38,79,82,86,108,110,111" m="36873" machi="108" ten="30,1000,0" yaku="14,1" doraHai="116" who="3" fromWho="1" sc="240,0,240,-10,260,0,250,20" /><INIT seed="2,0,0,4,4,67" ten="240,230,260,270" oya="2" hai0="110,42,69,73,125,58,9,11,17,115,7,41,2" hai1="47,122,27,135,6,107,53,74,3,65,1,38,57" hai2="118,117,100,132,18,105,77,119,30,48,98,120,130" hai3="83,112,55,113,127,121,10,60,109,64,19,29,91"/><V20/><F120/><W126/><G83/><T13/><D69/><U106/><E74/><V82/><F130/><W94/><G121/><T99/><D115/><N who="3" m="44105" /><G29/><T88/><D73/><U49/><E122/><V86/><F132/><W97/><G109/><T21/><D110/><U116/><E116/><V92/><F48/><W12/><G55/><T62/><D125/><U76/><E76/><V31/><REACH who="2" step="1"/><F105/><REACH who="2" ten="240,230,250,270" step="2"/><W40/><G40/><T61/><D61/><U68/><E135/><V5/><F5/><W32/><G32/><T80/><D42/><N who="1" m="22999" /><E6/><V71/><F71/><AGARI ba="0,1" hai="10,12,19,60,64,71,91,94,97,126,127" m="44105" machi="71" ten="30,2000,0" yaku="11,1,52,1" doraHai="67" who="3" fromWho="2" sc="240,0,230,0,250,-20,270,30" /><INIT seed="3,0,0,0,1,64" ten="240,230,230,300" oya="3" hai0="97,16,131,123,77,47,44,63,34,92,90,96,105" hai1="125,41,49,2,35,28,45,53,66,74,94,75,82" hai2="120,80,27,132,29,111,101,62,24,79,31,78,12" hai3="60,56,122,73,113,108,119,61,86,21,33,126,55"/><W25/><G113/><T116/><D116/><U88/><E2/><V89/><F111/><W14/><G119/><T107/><D123/><U7/><E7/><V104/><F132/><W91/><G122/><T85/><D34/><U20/><E35/><V121/><F12/><W102/><G73/><T134/><D134/><U37/><E125/><V15/><F15/><W3/><G3/><T81/><D131/><U76/><E66/><V11/><F11/><W129/><G129/><T32/><D32/><U83/><E83/><V110/><F110/><W8/><G33/><T57/><D16/><U106/><E106/><V117/><F117/><W68/><G102/><T84/><D107/><U133/><E133/><V58/><F89/><W87/><G126/><T10/><D10/><U17/><E75/><V135/><F135/><W26/><G108/><T70/><D70/><U43/><E28/><V72/><F79/><W127/><G127/><T48/><D105/><U23/><E37/><V1/><F1/><W18/><G91/><T54/><D47/><U99/><REACH who="1" step="1"/><E23/><REACH who="1" ten="240,220,230,300" step="2"/><V38/><F38/><W100/><G21/><T36/><REACH who="0" step="1"/><D36/><REACH who="0" ten="230,220,230,300" step="2"/><U39/><E39/><V30/><F120/><W52/><G18/><T124/><D124/><U114/><E114/><V19/><F121/><W5/><G5/><T118/><D118/><U59/><E59/><V69/><F69/><W65/><G68/><T51/><D51/><U112/><E112/><V22/><F19/><W6/><G6/><T130/><D130/><U115/><E115/><V95/><F104/><W4/><G4/><T9/><D9/><RYUUKYOKU ba="0,2" sc="230,15,220,15,230,-15,300,-15" hai0="44,48,54,57,63,77,81,84,85,90,92,96,97" hai1="17,20,41,43,45,49,53,74,76,82,88,94,99" /><INIT seed="4,1,2,4,5,101" ten="245,235,215,285" oya="0" hai0="33,67,21,63,109,119,70,104,39,8,80,94,106" hai1="41,115,105,35,57,78,18,111,32,100,52,37,102" hai2="91,72,122,113,11,90,125,65,103,0,97,54,58" hai3="14,61,88,43,4,135,117,44,9,12,28,129,108"/><T76/><D119/><U114/><E111/><V26/><F122/><W79/><G117/><T112/><D33/><U48/><E78/><V89/><F113/><N who="1" m="43017" /><E18/><V42/><F125/><W124/><G108/><T34/><D34/><U126/><E100/><V62/><F72/><W95/><G124/><T55/><D112/><U19/><E19/><V22/><F42/><W71/><G129/><T131/><D109/><U107/><E126/><V87/><F0/><W46/><G79/><T84/><D131/><U23/><E23/><V85/><F11/><W75/><G75/><T134/><D134/><U17/><E17/><V132/><F132/><W16/><G28/><T110/><D110/><U56/><E56/><V24/><F54/><W51/><G46/><T118/><D118/><U25/><E102/><V68/><F68/><W81/><G71/><T31/><D8/><U49/><E37/><V73/><F73/><W92/><G135/><T69/><D39/><U74/><E74/><V40/><F40/><W47/><G61/><T2/><D70/><U116/><E116/><V77/><F77/><W64/><G64/><T50/><D31/><N who="1" m="19567" /><E35/><V66/><F66/><W20/><G47/><AGARI ba="1,2" hai="41,47,48,49,52,57,105,107" m="19567,43017" machi="47" ten="30,8000,1" yaku="15,1,11,1,52,2,54,1" doraHai="101" who="1" fromWho="3" sc="245,0,235,103,215,0,285,-83" owari="245,4.5,338,43.8,215,-18.5,202,-29.8" /></mjloggm>