<mjloggm ver="2.3"><GO type="225" lobby="0"/><UN n0="%E3%82%B3%E3%83%90%E3%83%AC%E3%82%A4" n1="%E8%81%B7%E6%A5%AD%E3%80%81%E9%A2%A8%32" n2="%E9%8A%80%E3%81%B0%E3%81%95%E3%81%BF" n3="%E3%83%A9%E3%83%BC%E3%83%A1%E3%83%B3%E4%BA%94%E9%83%8E" dan="16,16,17,16" rate="2149.85,2149.37,2143.34,2113.29" sx="M,M,M,M"/><TAIKYOKU oya="0"/><INIT seed="0,0,0,0,4,79" ten="250,250,250,250" oya="0" hai0="12,19,54,105,118,119,20,4,122,135,66,49,111" hai1="92,58,53,27,59,78,24,35,13,123,47,86,101" hai2="11,0,112,72,63,38,32,73,61,75,25,133,8" hai3="16,56,69,129,95,127,110,126,29,60,134,34,74"/><T64/><D122/><U41/><E123/><V107/><F112/><W37/><G37/><T23/><D105/><U81/><E35/><V67/><F133/><W70/><G134/><T18/><D135/><U130/><E130/><V132/><F132/><W43/><G129/><T99/><D4/><U128/><E128/><V121/><F121/><W102/><G43/><T115/><D115/><U84/><E13/><V57/><F107/><W30/><G74/><T22/><D111/><U80/><E92/><V89/><F38/><W52/><G110/><T65/><D99/><U40/><E101/><V91/><F0/><W90/><G102/><T96/><D96/><U117/><E117/><V108/><F108/><W44/><G44/><T83/><D83/><N who="1" m="31819" /><E78/><V3/><F3/><W93/><G16/><T82/><D82/><U125/><E59/><V1/><F1/><W120/><G120/><T51/><D12/><U87/><E47/><V33/><F75/><W71/><G95/><T14/><D14/><U36/><E36/><V46/><F46/><W100/><G100/><T42/><D119/><U50/><E125/><N who="3" m="47626" /><G34/><T103/><D103/><U124/><E124/><V7/><F73/><W6/><G6/><T97/><D118/><U48/><E48/><V85/><F7/><W131/><G131/><T104/><D104/><U5/><E5/><V39/><F72/><W9/><G9/><T114/><D114/><U106/><E106/><V116/><F11/><W10/><G10/><T94/><D51/><U98/><E98/><AGARI ba="0,0" hai="29,30,52,56,60,69,70,71,90,93,98" m="47626" machi="98" ten="40,2600,0" yaku="18,1,54,1" doraHai="79" who="3" fromWho="1" sc="250,0,250,-26,250,0,250,26" /><INIT seed="1,0,0,5,2,68" ten="250,224,250,276" oya="1" hai0="127,27,78,117,102,114,105,60,22,82,20,0,23" hai1="63,89,17,26,85,14,31,5,122,95,72,118,28" hai2="115,70,34,15,101,75,96,124,91,35,48,33,30" hai3="93,6,76,110,25,1,66,80,18,32,45,103,69"/><U108/><E122/><V65/><F75/><W121/><G121/><T9/><D117/><U84/><E118/><V2/><F2/><W11/><G110/><T71/><D114/><U133/><E72/><V50/><F124/><W107/><G45/><T44/><D127/><U126/><E126/><V81/><F115/><W113/><G113/><T88/><D105/><U111/><E133/><V132/><F132/><W123/><G123/><T16/><D102/><U4/><E63/><V7/><F30/><W135/><G135/><T61/><D78/><U59/><E59/><V98/><F65/><W43/><G43/><T39/><D71/><U94/><E95/><V64/><F64/><W104/><G93/><T21/><D0/><U46/><E85/><V55/><F70/><W57/><G69/><T92/><D82/><U67/><E46/><V99/><F101/><W79/><G103/><T56/><D9/><N who="1" m="6351" /><E67/><V49/><F81/><W77/><G80/><T51/><D56/><U24/><E24/><V3/><F3/><W90/><G104/><T52/><D39/><U120/><E31/><V13/><F7/><N who="1" m="2633" /><E120/><V87/><F55/><W19/><G107/><T40/><D40/><U86/><E86/><AGARI ba="0,0" hai="16,20,21,22,23,27,44,51,52,60,61,86,88,92" machi="86" ten="40,8000,1" yaku="8,1,54,3" doraHai="68" who="0" fromWho="1" sc="250,80,224,-80,250,0,276,0" /><INIT seed="2,0,0,1,3,88" ten="330,144,250,276" oya="2" hai0="78,43,21,76,8,61,101,115,64,51,59,3,29" hai1="34,10,31,118,86,33,49,26,112,6,36,96,87" hai2="127,19,105,27,79,90,53,120,100,55,95,128,135" hai3="102,131,69,11,114,48,134,89,107,133,106,50,83"/><V57/><F120/><W56/><G69/><T70/><D115/><U104/><E118/><V4/><F135/><N who="3" m="51723" /><G131/><T123/><D123/><U67/><E112/><V77/><F128/><W13/><G114/><T74/><D74/><U1/><E36/><V65/><F127/><W93/><G83/><T18/><D101/><U111/><E111/><V24/><F105/><N who="3" m="39947" /><G56/><T2/><D3/><U80/><E34/><V84/><F100/><W92/><G102/><T94/><D2/><U20/><E67/><V82/><F4/><N who="3" m="3303" /><G93/><T46/><D94/><U14/><E80/><V68/><F68/><W39/><G39/><T28/><D70/><U41/><E96/><AGARI ba="0,0" hai="48,50,89,92,96" m="3303,39947,51723" machi="96" ten="30,2000,0" yaku="20,1,52,1" doraHai="88" who="3" fromWho="1" sc="330,0,144,-20,250,0,276,20" /><INIT seed="3,0,0,4,5,36" ten="330,124,250,296" oya="3" hai0="51,54,68,8,123,2,42,83,124,79,125,41,27" hai1="112,19,74,106,56,15,21,33,131,59,122,120,16" hai2="25,101,117,17,76,116,61,53,102,39,80,69,66" hai3="22,55,111,23,26,132,49,30,29,130,18,93,11"/><W71/><G71/><T43/><D68/><U104/><E74/><V44/><F116/><W77/><G130/><T10/><D27/><U46/><E112/><V95/><F117/><W115/><G115/><T118/><D118/><U90/><E131/><V87/><F95/><W13/><G132/><T32/><D32/><U126/><E126/><N who="0" m="48745" /><D2/><U40/><E33/><V60/><F60/><W85/><G111/><T38/><D38/><U48/><E90/><V1/><F1/><W78/><G22/><T67/><D67/><U63/><E19/><V114/><F114/><W75/><G75/><N who="0" m="43519" /><D123/><U0/><E0/><V119/><F119/><W47/><REACH who="3" step="1"/><G30/><REACH who="3" ten="330,124,250,286" step="2"/><T109/><D109/><U35/><E35/><V127/><F127/><W24/><G24/><T99/><D99/><U70/><E70/><V92/><F25/><W81/><G81/><T6/><D6/><U58/><REACH who="1" step="1"/><E63/><REACH who="1" ten="330,114,250,286" step="2"/><V121/><F69/><W98/><G98/><T14/><D14/><U9/><E9/><V128/><F128/><W135/><G135/><T20/><D20/><U88/><E88/><AGARI ba="0,2" hai="11,13,18,23,26,29,47,49,55,77,78,85,88,93" machi="88" ten="40,7700,0" yaku="1,1,8,1,54,1,53,0" doraHai="36" doraHaiUra="3" who="3" fromWho="1" sc="330,0,114,-77,250,0,286,97" owari="330,13.0,37,-46.3,250,-15.0,383,48.3" /></mjloggm>