<mjloggm ver="2.3"><GO type="225" lobby="0"/><UN n0="%E7%99%BD%E5%80%89%E5%AF%9B%E4%B9%8B" n1="%E5%91%A8%E6%9D%B1" n2="%E9%A6%AC%E5%BC%95%E7%81%AB%33" n3="%E3%83%81%E3%83%A7%E3%83%99%E3%83%83%E3%82%AF" dan="16,16,17,16" rate="2125.20,2162.54,2198.81,2118.99" sx="M,M,M,M"/><TAIKYOKU oya="0"/><INIT seed="0,0,0,3,3,46" ten="250,250,250,250" oya="0" hai0="81,17,91,4,122,43,24,103,69,11,44,76,5" hai1="39,86,73,110,45,78,3,82,98,130,36,108,128" hai2="12,121,131,129,120,47,38,0,2,50,68,94,14" hai3="53,97,124,102,63,49,35,26,92,88,96,125,30"/><T74/><D69/><U65/><E3/><N who="2" m="1067" /><F38/><W37/><G63/><T1/><D122/><N who="2" m="47210" /><F68/><W60/><G60/><T119/><D119/><U106/><E65/><V8/><F94/><W27/><G27/><T100/><D5/><U64/><E64/><V114/><F114/><W115/><G37/><N who="0" m="21615" /><D91/><U23/><E23/><AGARI ba="0,0" hai="1,4,11,17,23,24,74,76,81,100,103" m="21615" machi="23" ten="30,1500,0" yaku="25,1" doraHai="46" who="0" fromWho="1" sc="250,15,250,-15,250,0,250,0" /><INIT seed="0,1,0,0,3,83" ten="265,235,250,250" oya="0" hai0="80,62,91,27,107,3,67,81,132,86,21,30,56" hai1="48,92,36,40,38,123,102,7,24,85,15,114,5" hai2="59,135,61,32,122,53,113,18,66,77,76,28,109" hai3="6,65,116,98,128,16,63,52,34,64,0,37,106"/><T46/><D107/><U82/><E123/><V70/><F113/><W33/><G37/><T95/><D3/><U20/><E114/><V8/><F122/><W79/><G116/><T75/><D132/><U39/><E15/><V22/><F135/><W111/><G111/><T90/><D75/><U47/><E92/><V9/><F109/><W131/><G0/><T68/><D68/><U41/><E102/><V101/><F101/><N who="3" m="62775" /><G6/><T88/><D46/><U84/><E41/><V51/><F28/><W58/><G79/><N who="0" m="46367" /><D81/><U129/><E129/><N who="3" m="49738" /><G16/><T121/><D121/><U89/><REACH who="1" step="1"/><E85/><AGARI ba="1,0" hai="21,27,30,56,62,67,85,88,90,91,95" m="46367" machi="85" ten="30,11600,0" yaku="8,1,52,2,54,1" doraHai="83" who="0" fromWho="1" sc="265,119,235,-119,250,0,250,0" /><INIT seed="0,2,0,1,3,86" ten="384,116,250,250" oya="0" hai0="12,35,53,44,38,67,85,51,4,58,28,129,122" hai1="24,70,88,0,102,32,123,95,97,103,108,26,113" hai2="120,16,1,126,11,66,79,74,91,3,90,72,117" hai3="135,59,40,7,47,118,109,80,2,34,39,57,112"/><T100/><D122/><U25/><E0/><V5/><F120/><W14/><G109/><T30/><D129/><U9/><E108/><V121/><F121/><W99/><G118/><T22/><D35/><U68/><E123/><V94/><F117/><W131/><G112/><T93/><D38/><U49/><E32/><V87/><F126/><W127/><G135/><T6/><D100/><U31/><E31/><N who="0" m="11817" /><D67/><U17/><E113/><V130/><F130/><W110/><G127/><T106/><D106/><U134/><E134/><V43/><F79/><W18/><G34/><T133/><D133/><U65/><E49/><V8/><F66/><W75/><G110/><T19/><D44/><U111/><E111/><V119/><F119/><W116/><G131/><T78/><D78/><U63/><REACH who="1" step="1"/><E70/><REACH who="1" ten="384,106,250,250" step="2"/><V104/><F1/><W101/><G2/><T114/><D114/><U83/><E83/><V92/><F3/><W132/><G39/><T20/><D20/><U56/><E56/><V21/><F21/><W41/><G132/><T15/><D15/><AGARI ba="2,1" hai="9,15,17,24,25,26,63,65,68,88,95,97,102,103" machi="15" ten="40,5200,0" yaku="1,1,52,1,54,1,53,0" doraHai="86" doraHaiUra="71" who="1" fromWho="0" sc="384,-58,106,68,250,0,250,0" /><INIT seed="1,0,0,2,3,19" ten="326,174,250,250" oya="1" hai0="17,91,125,108,25,76,66,57,130,23,20,84,3" hai1="69,72,70,18,75,47,117,126,48,86,134,121,38" hai2="81,6,24,119,112,116,71,7,64,54,92,16,56" hai3="124,109,97,135,85,43,36,1,65,122,102,107,26"/><U118/><E121/><V58/><F71/><N who="1" m="27145" /><E86/><V95/><F112/><W49/><G65/><T120/><D3/><U33/><E33/><V12/><F24/><W40/><G36/><T41/><D120/><U131/><E18/><V55/><F64/><W78/><G109/><T35/><D108/><U62/><E75/><V133/><F133/><W59/><G1/><T22/><D35/><U52/><E72/><V28/><F28/><W82/><G124/><T27/><D125/><U30/><E30/><V45/><F45/><W42/><G135/><T73/><D73/><U101/><E101/><V39/><F39/><W129/><G129/><T9/><D130/><U113/><E131/><V5/><F81/><W103/><G103/><T29/><D76/><U94/><E94/><N who="2" m="35883" /><F119/><N who="1" m="45577" /><E134/><V67/><F116/><W13/><G122/><T104/><D104/><U93/><E93/><V87/><F87/><W98/><G98/><T8/><D41/><N who="1" m="22967" /><E126/><V111/><F111/><W0/><G0/><T61/><D22/><U77/><E77/><V96/><F96/><W89/><G26/><T127/><D127/><U132/><E132/><V44/><F12/><W128/><G13/><T83/><AGARI ba="0,0" hai="8,9,17,20,23,25,27,29,57,61,66,83,84,91" machi="83" ten="20,8000,1" yaku="0,1,7,1,8,1,52,2" doraHai="19" who="0" fromWho="0" sc="326,80,174,-40,250,-20,250,-20" /><INIT seed="2,0,0,1,5,121" ten="406,134,230,230" oya="2" hai0="45,135,84,124,75,72,65,83,36,76,51,28,119" hai1="125,60,71,18,112,2,116,85,80,126,4,21,24" hai2="132,97,101,30,133,63,47,108,31,110,34,50,38" hai3="27,15,114,87,22,53,29,8,43,35,77,134,5"/><V93/><F38/><W106/><G106/><T13/><D36/><U41/><E41/><V48/><F63/><W9/><G134/><N who="2" m="51817" /><F48/><W115/><G43/><T58/><D135/><U11/><E112/><N who="3" m="43050" /><G53/><T40/><D119/><U10/><E116/><V67/><F67/><W46/><G46/><T129/><D28/><N who="2" m="10794" /><F34/><W49/><G49/><T92/><D92/><U96/><E96/><V95/><F95/><W1/><G87/><T39/><D84/><U17/><E60/><V3/><F3/><W74/><G77/><T57/><D76/><U86/><E71/><V91/><F101/><W19/><G74/><T98/><D75/><U68/><E68/><V100/><F100/><W44/><G44/><T0/><D45/><U78/><E86/><V128/><F128/><W20/><AGARI ba="0,0" hai="1,5,8,9,15,19,20,22,27,29,35" m="43050" machi="20" ten="30,4000,0" yaku="11,1,34,2" doraHai="121" who="3" fromWho="3" sc="406,-10,134,-10,230,-20,230,40" /><INIT seed="3,0,0,2,4,41" ten="396,124,210,270" oya="3" hai0="122,23,70,80,134,21,96,12,82,83,101,43,114" hai1="14,97,44,110,55,89,36,46,13,125,40,2,116" hai2="32,5,77,88,124,10,38,64,112,49,92,94,65" hai3="117,37,19,128,31,86,16,51,85,59,91,45,74"/><W24/><G37/><T67/><D122/><U113/><E110/><V129/><F38/><W15/><G74/><T20/><D134/><U28/><E113/><V109/><F32/><W106/><G106/><T7/><D114/><U84/><E125/><V111/><F129/><W63/><G117/><T132/><D132/><U53/><E2/><V30/><F30/><W34/><G128/><T11/><D43/><U33/><E116/><V54/><F77/><W62/><G59/><T8/><D8/><U107/><E28/><V119/><F124/><W22/><G19/><T79/><D67/><N who="2" m="25674" /><F88/><W69/><G69/><T108/><D70/><U93/><E33/><V61/><F61/><W81/><G86/><T73/><REACH who="0" step="1"/><D108/><REACH who="0" ten="386,124,210,270" step="2"/><N who="2" m="41546" /><F119/><W0/><G0/><T127/><D127/><U3/><E3/><N who="2" m="319" /><F112/><W42/><AGARI ba="0,1" hai="15,16,22,24,31,34,42,45,51,62,63,81,85,91" machi="42" ten="20,7800,0" yaku="0,1,7,1,52,1,54,1" doraHai="41" who="3" fromWho="3" sc="386,-26,124,-26,210,-26,270,88" /><INIT seed="3,1,0,1,4,10" ten="360,98,184,358" oya="3" hai0="82,29,55,107,37,83,18,93,19,64,97,16,115" hai1="67,124,54,110,76,15,1,78,50,69,59,3,63" hai2="112,127,131,5,22,106,122,77,31,90,51,73,114" hai3="56,118,98,25,0,13,21,32,119,111,123,91,46"/><W103/><G123/><T109/><D37/><U125/><E110/><V58/><F106/><W135/><G111/><T48/><D107/><U30/><E30/><V113/><F5/><W39/><G135/><T117/><D109/><U121/><E121/><V80/><F122/><W92/><G0/><T20/><D117/><U45/><E3/><V9/><F9/><W108/><G108/><T28/><D64/><U62/><E1/><V65/><F127/><W53/><G32/><T11/><D11/><U81/><E78/><V66/><F131/><W95/><G13/><T96/><D96/><U87/><E124/><V84/><F51/><W126/><G126/><T35/><D35/><U17/><E125/><V14/><F58/><W2/><G2/><T49/><D49/><U89/><E63/><V24/><F14/><W52/><G39/><T99/><D99/><U33/><E33/><V4/><F4/><W26/><G46/><N who="0" m="28055" /><D115/><U102/><E102/><V133/><F133/><W116/><G56/><T8/><D8/><U105/><E105/><V57/><F57/><W74/><G74/><T104/><D104/><U72/><E69/><V71/><F71/><W134/><G134/><T70/><D70/><U27/><E27/><N who="3" m="10250" /><G21/><T44/><D44/><U79/><REACH who="1" step="1"/><E72/><REACH who="1" ten="360,88,184,358" step="2"/><N who="2" m="43047" /><F31/><N who="0" m="11850" /><D20/><U41/><E41/><V85/><F22/><W120/><G120/><T61/><D61/><U43/><E43/><V60/><F60/><W47/><G47/><T7/><D7/><U42/><E42/><V128/><F114/><W75/><G75/><T38/><D38/><U86/><E86/><V36/><F85/><RYUUKYOKU ba="1,1" sc="360,10,88,10,184,-30,358,10" hai0="16,18,19,82,83,93,97" hai1="15,17,45,50,54,59,62,67,76,79,81,87,89" hai3="52,53,91,92,95,98,103,116,118,119" /><INIT seed="3,2,1,1,3,96" ten="370,98,154,368" oya="3" hai0="100,70,79,36,92,117,66,118,60,34,125,30,27" hai1="48,86,18,105,94,54,40,29,13,90,51,119,42" hai2="131,113,17,43,35,91,99,83,22,77,82,135,23" hai3="110,62,85,21,31,72,57,111,102,124,132,73,80"/><W14/><G102/><T8/><D36/><U44/><E119/><V16/><F35/><W24/><G14/><T38/><D38/><U69/><E69/><V55/><F113/><W109/><G124/><T84/><D125/><U127/><E127/><V122/><F135/><W106/><G106/><T112/><D112/><U75/><E75/><V61/><F131/><W89/><G132/><T1/><D79/><U78/><E105/><V107/><F43/><W41/><G41/><T19/><D19/><N who="2" m="7242" /><F122/><W15/><G15/><T59/><D70/><U25/><E78/><V120/><F107/><W74/><G74/><T76/><D76/><U88/><E90/><V93/><F120/><W20/><G20/><N who="2" m="7721" /><F77/><W133/><G133/><T9/><D9/><U10/><REACH who="1" step="1"/><E51/><REACH who="1" ten="370,88,154,368" step="2"/><V130/><F130/><W37/><G37/><T4/><D117/><U26/><E26/><V87/><F87/><W33/><G33/><AGARI ba="2,2" hai="10,13,18,25,29,33,40,42,44,48,54,86,88,94" machi="33" ten="30,3900,0" yaku="1,1,7,1,54,1,53,0" doraHai="96" doraHaiUra="126" who="1" fromWho="3" sc="370,0,88,65,154,0,368,-45" owari="370,47.0,153,-34.7,154,-24.6,323,12.3" /></mjloggm>