<mjloggm ver="2.3"><GO type="225" lobby="0"/><UN n0="%E9%A6%AC%E5%BC%95%E7%81%AB%33" n1="%E6%A1%9C%E8%8A%B1%E9%96%83%E3%80%85" n2="%E9%80%86%E9%80%A3%E5%B8%AF%E3%81%AE%E9%AC%BC" n3="%E6%B7%91%E5%A5%B3%E3%81%AE%E5%97%9C%E3%81%BF" dan="16,17,16,16" rate="2144.97,2243.53,2014.95,2151.82" sx="M,M,M,M"/><TAIKYOKU oya="0"/><INIT seed="0,0,0,0,2,67" ten="250,250,250,250" oya="0" hai0="86,14,34,26,91,129,131,103,116,49,83,60,13" hai1="32,93,51,35,55,48,27,46,41,115,42,65,64" hai2="121,72,90,107,119,100,45,73,99,40,108,69,88" hai3="78,120,84,56,43,79,29,98,81,28,110,96,76"/><T123/><D123/><U95/><E27/><V36/><F121/><W77/><G120/><T118/><D103/><U124/><E124/><V53/><F119/><N who="0" m="45610" /><D49/><U134/><E134/><V54/><F108/><W20/><G110/><T70/><D34/><U122/><E122/><V31/><F31/><W10/><G43/><T68/><D26/><U2/><E2/><V1/><F1/><W104/><G104/><T59/><D14/><U111/><E111/><V87/><F69/><W89/><N who="3" m="19456" /><DORA hai="38" /><W63/><G10/><T135/><D13/><U25/><E25/><V9/><F9/><W24/><REACH who="3" step="1"/><G29/><REACH who="3" ten="250,250,250,240" step="2"/><T18/><D135/><U102/><E115/><V57/><F73/><W47/><G47/><T127/><D127/><U58/><E46/><V97/><F72/><W0/><G0/><T82/><D131/><U80/><E42/><V85/><F40/><W39/><G39/><T66/><D129/><U92/><E41/><V23/><F36/><W19/><G19/><T130/><D18/><U62/><E32/><V15/><F45/><W7/><G7/><T21/><D130/><U105/><E35/><V11/><F107/><W37/><G37/><T94/><D21/><U16/><E16/><V33/><F23/><W101/><G101/><T61/><D91/><U52/><E102/><V22/><F22/><W71/><G71/><T133/><D68/><U128/><E105/><V112/><F100/><W44/><G44/><T17/><D17/><U8/><E8/><V106/><F33/><W125/><G125/><T4/><D133/><U3/><E128/><V12/><F106/><RYUUKYOKU ba="0,1" sc="250,-10,250,-10,250,-10,240,30" hai3="20,24,28,56,63,81,84,89,96,98" /><INIT seed="1,1,1,3,4,2" ten="240,240,240,270" oya="1" hai0="60,56,23,120,18,100,97,54,31,123,27,64,98" hai1="78,16,52,107,77,87,30,116,106,7,21,130,127" hai2="122,26,70,84,117,135,62,35,79,133,121,68,45" hai3="111,25,17,48,96,99,0,95,32,41,19,50,53"/><U75/><E116/><V102/><F117/><W81/><G0/><T22/><D54/><U9/><E75/><V105/><F79/><W1/><G1/><T3/><D3/><U134/><E134/><N who="2" m="51211" /><F84/><W114/><G114/><T85/><D85/><U20/><E127/><V86/><F86/><W44/><G111/><T71/><D71/><U66/><E66/><V101/><F45/><W6/><G32/><T115/><D115/><U14/><E130/><V65/><F70/><W113/><G81/><T61/><D61/><U73/><E73/><V33/><F33/><W91/><G113/><T8/><D8/><U63/><E106/><V129/><F129/><W5/><G96/><T132/><D132/><U34/><E107/><V74/><F74/><W49/><G49/><T24/><REACH who="0" step="1"/><D97/><REACH who="0" ten="230,240,240,270" step="2"/><U11/><E11/><V58/><F68/><W15/><G25/><T12/><D12/><N who="1" m="5183" /><E87/><V4/><F26/><W128/><G128/><T40/><D40/><U94/><E77/><V42/><F42/><W89/><G15/><T82/><D82/><U80/><E80/><V39/><F62/><W47/><G99/><T51/><D51/><U67/><E78/><V38/><F122/><W10/><G10/><T118/><D118/><U59/><E52/><V131/><F121/><W110/><G41/><T109/><D109/><U55/><E55/><V43/><F131/><W83/><G110/><T104/><AGARI ba="1,2" hai="18,22,23,24,27,31,56,60,64,98,100,104,120,123" machi="104" ten="30,4000,0" yaku="1,1,0,1,53,1" doraHai="2" doraHaiUra="57" who="0" fromWho="0" sc="230,63,240,-21,240,-11,270,-11" /><INIT seed="2,0,0,3,3,16" ten="293,219,229,259" oya="2" hai0="93,76,85,108,107,78,48,72,82,91,40,103,35" hai1="124,47,30,116,23,28,62,24,59,100,98,120,89" hai2="20,115,37,95,118,11,121,1,7,25,81,15,42" hai3="6,84,52,31,77,75,50,94,53,126,88,33,9"/><V45/><F118/><W13/><G126/><T74/><D35/><U130/><E116/><V5/><F115/><W56/><G75/><N who="0" m="43295" /><D48/><U60/><E124/><V113/><F113/><W46/><G33/><T26/><D26/><U87/><E130/><V106/><F106/><W32/><G32/><T57/><D57/><U38/><E120/><V0/><F121/><W63/><G77/><T19/><D19/><U105/><E30/><AGARI ba="0,0" hai="6,9,13,30,31,46,50,52,53,56,63,84,88,94" machi="30" ten="40,5200,0" yaku="8,1,54,2" doraHai="16" who="3" fromWho="1" sc="293,0,219,-52,229,0,259,52" /><INIT seed="3,0,0,0,0,38" ten="293,167,229,311" oya="3" hai0="65,106,17,93,79,87,69,84,94,13,14,62,9" hai1="101,23,53,108,128,31,122,24,121,51,124,116,61" hai2="100,66,6,90,103,33,48,98,3,28,99,50,96" hai3="55,0,71,56,95,29,39,92,30,41,52,115,36"/><W12/><G115/><T37/><D106/><U42/><E108/><V89/><F66/><W86/><G0/><T129/><D129/><U64/><E128/><V112/><F112/><W68/><G12/><T27/><D37/><U59/><E124/><V25/><F3/><W117/><G86/><T44/><D44/><U114/><E114/><V107/><F6/><W1/><G1/><T54/><D54/><U126/><E126/><V88/><REACH who="2" step="1"/><F98/><REACH who="2" ten="293,167,219,311" step="2"/><W118/><G56/><T18/><D65/><U74/><E116/><V80/><F80/><W81/><G81/><T76/><D69/><U7/><E7/><V10/><F10/><W19/><G117/><T32/><D9/><U11/><E11/><V91/><N who="2" m="22528" /><DORA hai="5" /><V26/><F26/><W134/><G118/><T16/><D27/><U105/><E74/><V113/><F113/><W102/><G71/><T130/><D130/><U4/><E4/><V2/><F2/><W22/><G68/><T35/><D17/><U109/><E109/><V110/><F110/><W131/><G19/><T47/><D16/><U127/><E127/><V20/><F20/><W132/><G131/><T97/><D18/><U82/><E82/><V58/><F58/><W111/><G22/><T63/><D97/><U15/><E15/><V60/><F60/><W73/><G111/><T43/><D63/><U135/><E135/><V8/><F8/><W72/><G102/><T125/><D62/><U40/><E121/><V34/><F34/><W123/><G123/><T83/><D125/><U133/><E122/><V78/><F78/><W57/><G57/><RYUUKYOKU ba="0,1" sc="293,-15,167,-15,219,15,311,15" hai2="25,28,33,48,50,96,99,100,103,107" hai3="29,30,36,39,41,52,55,72,73,92,95,132,134" owari="278,7.8,152,-34.8,234,-16.6,336,43.6" /></mjloggm>