<mjloggm ver="2.3"><GO type="225" lobby="0"/><UN n0="%72%69%6F%75%63%68%61%6E" n1="%4B%2E%32%2E%4B%2E" n2="%E3%81%8B%E3%82%8F%E3%81%A1%E3%82%83%E3%82%93%35%38" n3="%E6%98%93%E5%88%A9%E8%96%A9%E4%BC%AF" dan="16,17,16,17" rate="2114.86,2200.27,2156.87,2231.85" sx="M,M,M,F"/><TAIKYOKU oya="0"/><INIT seed="0,0,0,2,4,112" ten="250,250,250,250" oya="0" hai0="42,94,49,15,78,18,45,64,84,116,16,74,95" hai1="55,22,2,27,71,5,33,12,23,77,114,69,73" hai2="8,35,110,61,119,25,125,29,70,24,43,118,135" hai3="52,57,10,83,21,113,63,120,133,111,88,72,80"/><T36/><D116/><N who="2" m="44586" /><F110/><W59/><G113/><T108/><D108/><U48/><E114/><V50/><F135/><W53/><G111/><T87/><D64/><U26/><E73/><V107/><F125/><W56/><G72/><T34/><D34/><U93/><E77/><V30/><F107/><W92/><G120/><T20/><D36/><U13/><E93/><N who="0" m="35337" /><D74/><U106/><E106/><V1/><F61/><W82/><G133/><T115/><D115/><U75/><E75/><V109/><F70/><W11/><G21/><N who="0" m="11423" /><D78/><U117/><E117/><V76/><F76/><W104/><G104/><T41/><D42/><U132/><E132/><V67/><F67/><W131/><G131/><T31/><D31/><N who="2" m="11786" /><F109/><W91/><G63/><T129/><D129/><U90/><E69/><V86/><F86/><W130/><G130/><T19/><D19/><U66/><E66/><V46/><F35/><W54/><G91/><T37/><D37/><U3/><E71/><V51/><F50/><W134/><G134/><T38/><D38/><U79/><E33/><V81/><F81/><W127/><G127/><T60/><D60/><U89/><E48/><V28/><N who="2" m="11794" /><V40/><DORA hai="96" /><F40/><W17/><G17/><T124/><D124/><U128/><E79/><V58/><F58/><W123/><G123/><T99/><D99/><AGARI ba="0,0" hai="10,11,52,53,54,56,57,59,80,82,83,88,92,99" machi="99" ten="50,8000,1" yaku="29,2,8,1,54,2" doraHai="112,96" who="3" fromWho="0" sc="250,-80,250,0,250,0,250,80" /><INIT seed="1,0,0,1,1,8" ten="170,250,250,330" oya="1" hai0="38,37,53,41,31,103,10,5,79,134,28,110,59" hai1="55,131,73,107,112,13,114,2,47,33,121,129,25" hai2="62,128,49,21,118,23,82,88,115,70,56,52,12" hai3="91,9,60,29,93,16,0,89,46,106,83,50,126"/><U123/><E73/><V97/><F118/><W125/><G106/><T11/><D110/><U120/><E107/><V80/><F128/><N who="1" m="49225" /><E2/><V90/><F115/><N who="1" m="44073" /><E55/><V109/><F109/><W27/><G60/><T122/><D134/><U69/><E69/><V101/><F70/><W85/><G0/><T7/><D122/><U67/><E67/><V24/><F62/><W116/><G116/><T99/><D79/><U94/><E94/><N who="2" m="58551" /><F80/><W87/><G29/><T81/><D81/><U111/><E47/><V14/><F23/><W75/><G75/><T117/><D117/><U135/><E111/><V15/><F82/><W130/><G130/><T34/><D34/><U66/><E66/><V127/><F127/><W105/><G105/><T35/><D35/><U95/><E95/><V57/><F57/><W3/><G3/><T74/><D74/><U133/><E13/><N who="2" m="3331" /><V78/><DORA hai="18" /><F78/><W26/><G125/><T58/><D59/><U4/><E4/><V45/><F45/><W48/><G46/><T71/><D58/><U102/><E102/><V43/><F43/><W6/><G126/><T51/><D41/><U72/><E72/><V63/><F63/><W40/><G6/><T76/><D71/><U30/><AGARI ba="0,0" hai="25,30,33,120,121,123,133,135" m="44073,49225" machi="30" ten="50,12000,1" yaku="19,1,23,1,34,2" doraHai="8,18" who="1" fromWho="1" sc="170,-40,250,120,250,-40,330,-40" /><INIT seed="1,1,0,5,4,2" ten="130,370,210,290" oya="1" hai0="68,32,19,38,35,24,91,113,10,11,5,84,7" hai1="126,12,22,8,135,101,30,60,37,20,88,53,89" hai2="118,52,73,98,42,72,41,71,44,6,115,59,114" hai3="0,39,75,109,62,1,16,130,125,31,108,14,87"/><U129/><E37/><V18/><F71/><W21/><G75/><T117/><D38/><U85/><E129/><V96/><F118/><W50/><G39/><T54/><D68/><U123/><E123/><V25/><F25/><N who="3" m="16815" /><G62/><T46/><D117/><U92/><E135/><V78/><F18/><W80/><G50/><N who="0" m="29015" /><D32/><U27/><E126/><V127/><F127/><W43/><G43/><T124/><D35/><U82/><E101/><V48/><F78/><W36/><G36/><T111/><D113/><N who="2" m="43018" /><F42/><W17/><G17/><T29/><D124/><U13/><E20/><V112/><N who="2" m="43026" /><V15/><DORA hai="122" /><F15/><W23/><G130/><T116/><D111/><N who="3" m="42569" /><G125/><T70/><D70/><U94/><E8/><N who="0" m="3113" /><D116/><U47/><E13/><V110/><F110/><W97/><G97/><T58/><D29/><U133/><E12/><V55/><F98/><W121/><G121/><T34/><D34/><U128/><E128/><V86/><F96/><W90/><AGARI ba="1,0" hai="0,1,14,16,23,80,87,90" m="42569,16815" machi="90" ten="30,8000,1" yaku="14,1,52,3,54,1" doraHai="2,122" who="3" fromWho="3" sc="130,-21,370,-41,210,-21,290,83" /><INIT seed="2,0,0,3,1,102" ten="109,329,189,373" oya="2" hai0="126,68,129,7,128,85,82,106,39,63,71,121,20" hai1="3,16,86,123,111,122,84,18,133,32,36,107,89" hai2="97,64,6,29,17,55,131,62,80,48,135,31,87" hai3="67,127,12,130,28,91,105,72,134,38,50,132,93"/><V8/><F131/><N who="0" m="50250" /><D39/><U81/><E3/><V94/><F135/><N who="3" m="51755" /><G38/><T96/><D121/><N who="1" m="46091" /><E133/><V100/><F17/><N who="1" m="6761" /><E32/><V77/><F62/><W14/><G72/><T118/><D20/><U117/><E117/><V76/><F76/><W74/><G74/><T56/><D7/><U52/><E36/><V26/><F64/><W103/><G67/><N who="0" m="39399" /><D118/><U58/><E111/><V120/><F26/><W92/><G50/><T9/><D9/><U109/><E109/><V25/><F25/><W75/><G75/><T5/><D5/><U23/><E23/><V104/><F120/><W61/><G61/><T99/><D126/><U59/><E59/><V112/><F112/><W41/><G28/><T115/><D115/><U79/><E107/><V108/><F108/><W0/><G105/><T124/><D124/><U88/><E84/><V95/><F31/><W19/><G0/><T40/><D106/><U45/><E45/><V83/><F29/><W90/><G19/><T37/><D68/><U51/><AGARI ba="0,0" hai="51,52,58,79,81,86,88,89" m="6761,46091" machi="51" ten="30,7900,0" yaku="13,1,54,3" doraHai="102" who="1" fromWho="1" sc="109,-20,329,79,189,-39,373,-20" /><INIT seed="3,0,0,2,5,104" ten="89,408,150,353" oya="3" hai0="45,1,100,27,59,86,50,11,30,135,51,107,23" hai1="56,122,38,108,0,24,88,36,54,79,126,127,20" hai2="44,78,8,123,25,58,110,15,13,2,68,28,134" hai3="61,115,112,89,48,53,7,22,62,66,109,130,85"/><W57/><G130/><T67/><D135/><U6/><E122/><V99/><F68/><W14/><G109/><T95/><D107/><U52/><E79/><V73/><F73/><W26/><G7/><T43/><D1/><U87/><E108/><V111/><F78/><W114/><G14/><T69/><D69/><U83/><E6/><V34/><F134/><W33/><G33/><T18/><D11/><U101/><E101/><V60/><F123/><W77/><G77/><T98/><D86/><U10/><E10/><V41/><F99/><W102/><G102/><T124/><D124/><N who="1" m="47659" /><E0/><V64/><F13/><W63/><G66/><T29/><REACH who="0" step="1"/><D50/><REACH who="0" ten="79,408,150,353" step="2"/><U31/><E38/><N who="2" m="21559" /><F2/><W133/><G133/><T19/><D19/><U37/><E37/><V132/><F132/><W118/><G118/><T97/><D97/><U131/><E131/><V75/><F111/><W5/><G5/><T92/><D92/><U21/><E36/><V90/><F110/><W116/><G116/><T71/><D71/><U125/><E125/><V42/><F8/><W103/><G103/><T80/><D80/><U72/><E83/><V70/><F70/><W84/><REACH who="3" step="1"/><G89/><REACH who="3" ten="79,408,150,343" step="2"/><T16/><D16/><AGARI ba="0,2" hai="16,22,26,48,53,57,61,62,63,84,85,112,114,115" machi="16" ten="50,9600,0" yaku="1,1,2,1,54,1,53,0" doraHai="104" doraHaiUra="74" who="3" fromWho="0" sc="79,-96,408,0,150,0,343,116" owari="-17,-51.7,408,20.8,150,-25.0,459,55.9" /></mjloggm>