<mjloggm ver="2.3"><GO type="225" lobby="0"/><UN n0="%E9%A6%AC%E5%BC%95%E7%81%AB%33" n1="%E6%A1%9C%E8%8A%B1%E9%96%83%E3%80%85" n2="%E7%99%BD%E5%80%89%E5%AF%9B%E4%B9%8B" n3="%E3%81%BE%E3%81%A8%E3%81%9F" dan="16,16,16,16" rate="2136.96,2208.92,2170.64,2116.40" sx="M,M,M,M"/><TAIKYOKU oya="0"/><INIT seed="0,0,0,2,2,128" ten="250,250,250,250" oya="0" hai0="69,131,59,73,37,104,93,62,72,134,11,1,129" hai1="80,63,33,86,15,60,49,113,78,25,75,117,74" hai2="16,100,9,41,22,130,71,39,36,43,133,67,28" hai3="29,0,95,51,112,118,82,6,85,19,105,90,27"/><T87/><D104/><U26/><E117/><V18/><F130/><N who="0" m="49674" /><D69/><U34/><E113/><V57/><F71/><W42/><G19/><T92/><D37/><U54/><E15/><V64/><F100/><W10/><G105/><T30/><D30/><U115/><E115/><V55/><F28/><W31/><G112/><T101/><D87/><U119/><E119/><V12/><F39/><W38/><G38/><T40/><D40/><N who="2" m="15434" /><F133/><W7/><G7/><N who="0" m="1519" /><D134/><U44/><E25/><N who="2" m="14535" /><F36/><W111/><G118/><T48/><D48/><AGARI ba="0,0" hai="9,12,18,48,55,57,64,67" m="14535,15434" machi="48" ten="30,2000,0" yaku="8,1,54,1" doraHai="128" who="2" fromWho="0" sc="250,-20,250,0,250,20,250,0" /><INIT seed="1,0,0,2,0,29" ten="230,250,270,250" oya="1" hai0="30,104,87,24,79,83,15,102,66,10,57,96,32" hai1="134,73,91,46,48,75,52,67,13,100,63,95,93" hai2="45,101,64,123,85,117,43,31,8,112,26,61,11" hai3="22,41,47,109,37,113,28,20,2,82,54,114,12"/><U42/><E134/><V116/><F123/><W6/><G109/><T69/><D57/><N who="1" m="37359" /><E73/><V44/><F112/><W121/><G121/><T36/><D36/><U21/><E75/><V71/><F45/><W78/><G54/><T94/><D94/><N who="1" m="35851" /><E91/><V84/><F101/><W130/><G130/><T89/><D89/><U35/><E35/><V128/><F128/><W97/><G12/><T59/><D59/><U80/><E80/><V110/><F110/><W9/><G97/><T99/><D99/><U16/><E100/><V56/><F71/><W34/><G22/><T40/><D40/><AGARI ba="0,0" hai="13,16,21,40,42,46,48,52" m="35851,37359" machi="40" ten="30,5800,0" yaku="8,1,54,2" doraHai="29" who="1" fromWho="0" sc="230,-58,250,58,270,0,250,0" /><INIT seed="1,1,0,4,1,53" ten="172,308,270,250" oya="1" hai0="114,85,61,4,36,37,92,124,87,2,59,18,94" hai1="57,13,76,38,116,1,108,48,35,33,45,9,119" hai2="126,0,28,135,100,32,132,123,105,21,110,47,125" hai3="41,29,23,82,7,134,111,77,62,91,10,8,72"/><U43/><E1/><V115/><F47/><W70/><G111/><T20/><D114/><U89/><E76/><V75/><F75/><W120/><G120/><T98/><D124/><N who="2" m="47722" /><F100/><W24/><G134/><N who="2" m="51241" /><F105/><W66/><G7/><T104/><D104/><U44/><E89/><V63/><F63/><W131/><G131/><T34/><D34/><U121/><E121/><V107/><F107/><W56/><G41/><T55/><D4/><U12/><E108/><V96/><F96/><W97/><REACH who="3" step="1"/><G70/><REACH who="3" ten="172,308,270,240" step="2"/><T40/><D2/><U95/><E43/><V112/><F123/><W81/><G81/><T3/><D3/><U90/><E38/><V6/><F110/><W93/><AGARI ba="1,1" hai="8,10,23,24,29,56,62,66,72,77,82,91,93,97" machi="93" ten="30,4000,0" yaku="1,1,0,1,52,1,53,0" doraHai="53" doraHaiUra="30" who="3" fromWho="3" sc="172,-11,308,-21,270,-11,240,53" /><INIT seed="2,0,0,0,2,63" ten="161,287,259,293" oya="2" hai0="111,133,9,62,71,44,31,45,88,80,27,49,96" hai1="95,59,30,54,61,122,123,78,72,103,42,56,104" hai2="132,92,46,48,40,121,41,84,110,43,19,135,126" hai3="16,120,99,106,125,109,127,76,1,28,51,128,98"/><V34/><F34/><W118/><G118/><T20/><D111/><U79/><E104/><V119/><F119/><W75/><G1/><T93/><D133/><N who="2" m="51274" /><F121/><N who="1" m="46089" /><E30/><V112/><F112/><W33/><G51/><T107/><D107/><U7/><E7/><V85/><F110/><W74/><G76/><T58/><D71/><U87/><E72/><N who="3" m="27690" /><G120/><T8/><D80/><U53/><E42/><N who="2" m="16491" /><F126/><W66/><G128/><T12/><D49/><N who="1" m="30767" /><E103/><V39/><F39/><W3/><G33/><T10/><REACH who="0" step="1"/><D12/><REACH who="0" ten="151,287,259,293" step="2"/><U102/><E78/><V90/><F19/><W22/><G16/><T2/><D2/><U115/><E115/><V83/><F83/><W15/><G3/><T113/><D113/><U77/><E102/><V91/><F92/><W0/><G109/><T81/><D81/><U94/><E94/><V23/><F91/><AGARI ba="0,1" hai="54,59,61,77,79,87,91,95" m="30767,46089" machi="91" ten="30,1000,0" yaku="13,1" doraHai="63" who="1" fromWho="2" sc="151,0,287,20,259,-10,293,0" /><INIT seed="3,0,0,5,2,21" ten="151,307,249,293" oya="3" hai0="55,133,63,127,122,64,78,121,36,103,8,68,42" hai1="22,81,50,57,53,74,67,72,13,86,6,37,85" hai2="91,12,110,101,62,7,90,51,26,124,83,100,49" hai3="24,61,107,126,66,89,41,14,56,113,9,11,46"/><W35/><G113/><T82/><D127/><U30/><E37/><V3/><F3/><W19/><G107/><T0/><D133/><U69/><E85/><N who="2" m="50495" /><F124/><W109/><G126/><T65/><D55/><U43/><E43/><V4/><F110/><W18/><G109/><T93/><D64/><U99/><E99/><V84/><F62/><W16/><G89/><T32/><D93/><U123/><E123/><V112/><F26/><W104/><G104/><T119/><D119/><U45/><E45/><V34/><F34/><W87/><G87/><T88/><D103/><N who="2" m="39498" /><F112/><W132/><G132/><T44/><D32/><U75/><E30/><V114/><F114/><W59/><G59/><T58/><D58/><U80/><E86/><V134/><F134/><W2/><G2/><T135/><D88/><U20/><E69/><V40/><F12/><W117/><G117/><T10/><D10/><N who="1" m="4311" /><E67/><V79/><F79/><W5/><G5/><N who="2" m="2121" /><F40/><W52/><G66/><T130/><D135/><U94/><E94/><AGARI ba="0,0" hai="49,51,84,91,94" m="2121,39498,50495" machi="94" ten="30,1000,0" yaku="8,1" doraHai="21" who="2" fromWho="1" sc="151,0,307,-10,249,10,293,0" /><INIT seed="4,0,0,4,0,46" ten="151,297,259,293" oya="0" hai0="68,74,101,64,85,44,5,49,112,6,54,22,117" hai1="50,7,120,51,55,116,2,56,113,125,26,13,107" hai2="42,4,121,95,110,123,87,0,93,30,135,21,73" hai3="24,80,29,127,69,86,57,76,128,58,11,16,34"/><T67/><D117/><U109/><E120/><V19/><F73/><W47/><G69/><T18/><D74/><U31/><E109/><V9/><F110/><W130/><G127/><T83/><D112/><U134/><E116/><V122/><F135/><W61/><G47/><T15/><D101/><U106/><E2/><V43/><F30/><W84/><G84/><T81/><D81/><U53/><E125/><V78/><F78/><W32/><G32/><T115/><D115/><U59/><E134/><V23/><F23/><W129/><G61/><T119/><D119/><U102/><E102/><V35/><F35/><W40/><G40/><T124/><D124/><U33/><E113/><V94/><REACH who="2" step="1"/><F87/><REACH who="2" ten="151,297,249,293" step="2"/><W66/><G66/><N who="0" m="25131" /><D68/><U90/><E90/><AGARI ba="0,1" hai="5,6,15,18,22,44,49,54,83,85,90" m="25131" machi="90" ten="30,2900,0" yaku="8,1,52,1" doraHai="46" who="0" fromWho="1" sc="151,39,297,-29,249,0,293,0" /><INIT seed="4,1,0,1,4,112" ten="190,268,249,293" oya="0" hai0="41,115,91,38,12,67,58,39,14,105,72,95,47" hai1="103,17,9,109,55,4,43,119,120,57,61,5,52" hai2="127,134,76,50,63,1,62,98,37,48,84,74,35" hai3="83,65,85,34,32,132,124,46,107,2,51,77,64"/><T27/><D105/><U86/><E109/><V110/><F37/><W31/><G107/><T70/><D115/><U23/><E120/><V80/><F35/><W68/><G2/><T90/><D72/><U102/><E119/><V96/><F1/><W28/><G124/><T69/><D58/><N who="1" m="35015" /><E86/><V60/><F110/><W104/><G104/><T92/><D67/><U111/><E43/><V44/><F127/><W56/><G56/><T3/><D3/><U33/><E9/><V66/><F134/><W24/><G132/><T125/><D125/><U7/><E33/><V78/><F66/><W22/><G65/><T42/><REACH who="0" step="1"/><D27/><REACH who="0" ten="180,268,249,293" step="2"/><N who="1" m="14831" /><E111/><V101/><F74/><W81/><G64/><T113/><D113/><U21/><E21/><V75/><F75/><W26/><G22/><T106/><D106/><U82/><E82/><V6/><F80/><W131/><G34/><T133/><D133/><U100/><E100/><V108/><F101/><W0/><G32/><T129/><D129/><U89/><E89/><V36/><F108/><W45/><G131/><T11/><D11/><U29/><E29/><V8/><F8/><W123/><G0/><T25/><D25/><U128/><E128/><V135/><F135/><W30/><G26/><T94/><D94/><U19/><E19/><V126/><F126/><W79/><G24/><T114/><D114/><U15/><E15/><V99/><F6/><W122/><G68/><T121/><D121/><U13/><E13/><V88/><F88/><W18/><G122/><T10/><D10/><U118/><E118/><V97/><N who="2" m="24576" /><DORA hai="130" /><V87/><F44/><AGARI ba="1,1" hai="12,14,38,39,41,42,44,47,69,70,90,91,92,95" machi="44" ten="25,18000,2" yaku="1,1,6,1,22,2,53,2" doraHai="112,130" doraHaiUra="54,71" who="0" fromWho="2" sc="180,193,268,0,249,-183,293,0" owari="373,47.3,268,-13.2,66,-43.4,293,9.3" /></mjloggm>