<mjloggm ver="2.3"><GO type="225" lobby="0"/><UN n0="%EF%BC%AE%EF%BC%A1%EF%BC%AF%33%33%39" n1="%E9%BB%99%E8%81%B4%E3%81%AE%E3%81%99%E3%82%9D%E3%82%81" n2="%E4%BF%BA%E3%81%A8%E5%A6%96%E5%A4%A2" n3="%E3%82%AF%E3%82%A3%E3%82%A6" dan="16,16,16,16" rate="2115.57,2117.23,2148.69,2055.26" sx="M,M,F,M"/><TAIKYOKU oya="0"/><INIT seed="0,0,0,4,1,16" ten="250,250,250,250" oya="0" hai0="68,67,52,105,96,107,85,86,109,36,42,132,34" hai1="51,97,113,100,43,93,60,133,91,6,48,57,79" hai2="90,110,108,15,5,74,37,32,131,41,59,28,116" hai3="114,50,64,126,40,135,23,78,0,71,117,76,54"/><T46/><D34/><U26/><E133/><V134/><F74/><W102/><G114/><T115/><D115/><U84/><E113/><V127/><F37/><W121/><G117/><T33/><D33/><U19/><E6/><V10/><F41/><W77/><G0/><T106/><D132/><U14/><E43/><V87/><F134/><W47/><G135/><T55/><D96/><U12/><E26/><N who="2" m="18455" /><F116/><W70/><G126/><T95/><D109/><N who="2" m="42090" /><F59/><W21/><G121/><T65/><D68/><U39/><E79/><V122/><F131/><W82/><G70/><T73/><D73/><U35/><E35/><V89/><F122/><W13/><G102/><T75/><D75/><U92/><E39/><V99/><F99/><W120/><G120/><T94/><D86/><U101/><E101/><V38/><F38/><W125/><G125/><T128/><D85/><U111/><E111/><V2/><F127/><W69/><G69/><T18/><D128/><U130/><E130/><V7/><F87/><N who="3" m="48583" /><G71/><T4/><D4/><U88/><E100/><V45/><F45/><N who="3" m="27983" /><G64/><T11/><D65/><N who="1" m="39055" /><E12/><V49/><F5/><W44/><G13/><T63/><D67/><U27/><E27/><V104/><F104/><W124/><G124/><T129/><D129/><U72/><E72/><V81/><F81/><W80/><G80/><T8/><D106/><U24/><E24/><V103/><F103/><W66/><G66/><T25/><D105/><U61/><E61/><V98/><F2/><W119/><G119/><T29/><D107/><U56/><E56/><V3/><F3/><W83/><G78/><RYUUKYOKU ba="0,0" sc="250,-10,250,30,250,-10,250,-10" hai1="14,19,48,51,84,88,91,92,93,97" /><INIT seed="1,1,0,0,5,58" ten="240,280,240,240" oya="1" hai0="2,120,34,52,102,84,20,17,8,110,16,91,106" hai1="57,66,49,86,32,45,44,124,69,85,38,42,12" hai2="119,88,112,39,31,93,121,5,19,73,30,108,95" hai3="68,115,54,15,103,6,48,43,76,36,107,22,1"/><U63/><E32/><V29/><F119/><W80/><G115/><T109/><D34/><U117/><E117/><V74/><F121/><W125/><G68/><T126/><D120/><U123/><E123/><V59/><F39/><W11/><G125/><T87/><D126/><U132/><E124/><V61/><F112/><W111/><G111/><N who="0" m="42507" /><D102/><U71/><E132/><V130/><F108/><W46/><G107/><T53/><D106/><U24/><E24/><V134/><F134/><W114/><G114/><T60/><D87/><U83/><E12/><V21/><F5/><W56/><G103/><T72/><D72/><U77/><REACH who="1" step="1"/><E86/><REACH who="1" ten="240,270,240,240" step="2"/><V127/><F127/><W65/><G15/><N who="0" m="7271" /><D2/><U75/><E75/><V101/><F74/><N who="3" m="43031" /><G22/><T25/><D60/><U116/><E116/><V135/><F73/><W96/><G96/><T40/><D40/><AGARI ba="1,1" hai="38,40,42,44,45,49,57,63,66,69,71,77,83,85" machi="40" ten="30,5800,0" yaku="1,1,7,1,52,1,53,0" doraHai="58" doraHaiUra="13" who="1" fromWho="0" sc="240,-61,270,71,240,0,240,0" /><INIT seed="1,2,0,1,1,117" ten="179,341,240,240" oya="1" hai0="62,13,134,66,6,115,78,20,108,85,110,42,113" hai1="121,17,109,128,92,10,3,68,76,56,132,70,59" hai2="16,55,101,49,4,24,102,60,37,96,77,86,118" hai3="81,45,69,57,124,54,31,80,65,51,107,97,126"/><U21/><E128/><V98/><F118/><W120/><G120/><T94/><D42/><U105/><E105/><V35/><F37/><W127/><G31/><T91/><D78/><U63/><E132/><V103/><F4/><W33/><G33/><T119/><D119/><U53/><E121/><V114/><F60/><N who="3" m="40103" /><G97/><T129/><D129/><U8/><E76/><V43/><F43/><N who="3" m="25023" /><G107/><T90/><D134/><U64/><E3/><V125/><F114/><W79/><G79/><T104/><D104/><U135/><E135/><V2/><F125/><W25/><G25/><T106/><D106/><U23/><E23/><N who="2" m="13415" /><F35/><W95/><G95/><T82/><D6/><U116/><E116/><V58/><F2/><W52/><G52/><T47/><D13/><U46/><E92/><V36/><F36/><W44/><G44/><T72/><D47/><U27/><E10/><V14/><F14/><W133/><G133/><T99/><D20/><U1/><E46/><V30/><F30/><W38/><G38/><T32/><D32/><U26/><E26/><V74/><F74/><W0/><G0/><T83/><D72/><U5/><E109/><N who="0" m="42089" /><D83/><AGARI ba="2,0" hai="49,55,58,77,83,86,96,98,101,102,103" m="13415" machi="83" ten="30,2000,0" yaku="8,1,54,1" doraHai="117" who="2" fromWho="0" sc="179,-26,341,0,240,26,240,0" /><INIT seed="2,0,0,1,3,0" ten="153,341,266,240" oya="2" hai0="1,63,113,40,73,24,5,108,88,124,6,135,127" hai1="115,59,50,109,20,56,22,129,21,35,12,46,74" hai2="42,130,97,14,106,32,83,82,75,87,134,55,121" hai3="114,77,15,93,70,25,119,101,4,30,38,44,92"/><V123/><F32/><W18/><G119/><T120/><D120/><U69/><E69/><V128/><F42/><W118/><G118/><T13/><D113/><U133/><E35/><V33/><F33/><W36/><G70/><T43/><D73/><U107/><E107/><V28/><F28/><W104/><G114/><T117/><D117/><U122/><E74/><V29/><F29/><W71/><G71/><T58/><D1/><U17/><E115/><V47/><F14/><W51/><G77/><T41/><D24/><U90/><E109/><V57/><F47/><W84/><G104/><T37/><D37/><U111/><E111/><V2/><F2/><W26/><G84/><T23/><D108/><U65/><E129/><N who="2" m="49771" /><F55/><W10/><G18/><N who="0" m="10703" /><D135/><U100/><E133/><V110/><F57/><W89/><G101/><T52/><D88/><U67/><E100/><N who="2" m="62735" /><F110/><W102/><G36/><T126/><AGARI ba="0,0" hai="5,6,40,41,43,52,58,63,124,126,127" m="10703" machi="126" ten="40,8000,1" yaku="18,1,52,2,54,1" doraHai="0" who="0" fromWho="0" sc="153,80,341,-20,266,-40,240,-20" /><INIT seed="3,0,0,2,2,130" ten="233,321,226,220" oya="3" hai0="81,91,64,82,92,35,57,96,52,23,38,42,29" hai1="20,101,108,56,126,55,103,123,34,9,71,93,51" hai2="17,8,86,66,125,32,99,107,89,4,28,27,100" hai3="11,134,114,106,45,124,115,72,98,50,133,36,46"/><W25/><G72/><T65/><D35/><U76/><E34/><V47/><F125/><W111/><G111/><T30/><D42/><U131/><E71/><V54/><F66/><N who="0" m="25706" /><D38/><U13/><E123/><V119/><F119/><W59/><G11/><T121/><D121/><U58/><E131/><V43/><F54/><N who="3" m="32215" /><G25/><N who="0" m="16575" /><D30/><U33/><E33/><V18/><F47/><N who="3" m="17931" /><G106/><T67/><D67/><U117/><E108/><V61/><F61/><AGARI ba="0,0" hai="52,57,61,81,82,91,92,96" m="16575,25706" machi="61" ten="30,2000,0" yaku="8,1,54,1" doraHai="130" who="0" fromWho="2" sc="233,20,321,0,226,-20,220,0" owari="253,5.3,321,42.1,206,-29.4,220,-18.0" /></mjloggm>