<mjloggm ver="2.3"><GO type="225" lobby="0"/><UN n0="%4B%2E%32%2E%4B%2E" n1="%77%72%77%72%77%72%77%72" n2="%E5%91%A8%E6%9D%B1" n3="%E3%81%BF%E3%81%BF%E3%81%9A" dan="16,16,16,17" rate="2137.85,2095.72,2168.77,2206.55" sx="M,M,M,M"/><TAIKYOKU oya="0"/><INIT seed="0,0,0,4,0,109" ten="250,250,250,250" oya="0" hai0="9,48,97,6,98,100,127,102,15,119,4,49,104" hai1="84,41,71,80,18,116,105,42,87,2,35,1,53" hai2="60,103,27,132,5,26,83,44,17,117,11,96,106" hai3="31,23,110,73,63,122,107,28,59,86,85,46,113"/><T91/><D119/><U14/><E116/><V75/><F132/><W88/><G73/><T12/><D127/><U3/><E105/><V19/><F117/><W52/><G110/><T99/><D91/><U33/><E71/><V125/><F125/><W40/><G122/><T25/><D25/><U67/><E67/><V111/><F111/><W81/><G113/><T123/><D123/><U16/><E53/><V121/><F121/><W47/><G107/><T0/><D97/><U76/><E84/><V64/><F44/><W69/><G69/><T10/><REACH who="0" step="1"/><D0/><REACH who="0" ten="240,250,250,250" step="2"/><U50/><E33/><V78/><F27/><N who="3" m="16511" /><G31/><T7/><D7/><U120/><E35/><V30/><F26/><W54/><G40/><T115/><D115/><U58/><E120/><V135/><F30/><W43/><G43/><T20/><D20/><U36/><E41/><V62/><F135/><W39/><G39/><T108/><D108/><U126/><E36/><V57/><REACH who="2" step="1"/><F60/><REACH who="2" ten="240,250,240,250" step="2"/><W21/><G46/><T133/><D133/><U94/><E126/><V34/><F34/><W131/><G47/><T92/><AGARI ba="0,2" hai="4,6,9,10,12,15,48,49,92,98,99,100,102,104" machi="92" ten="20,18000,2" yaku="1,1,0,1,7,1,9,1,53,2" doraHai="109" doraHaiUra="95" who="0" fromWho="0" sc="240,200,250,-60,240,-60,250,-60" /><INIT seed="0,1,0,5,2,34" ten="440,190,180,190" oya="0" hai0="90,110,120,21,125,9,122,55,109,49,12,22,127" hai1="131,111,96,84,102,48,116,99,6,95,91,81,56" hai2="36,57,93,80,35,67,63,129,115,85,104,32,14" hai3="58,103,60,19,79,26,8,0,92,73,87,33,41"/><T105/><D105/><U97/><E116/><V4/><F115/><W23/><G41/><T126/><D90/><U44/><E111/><N who="0" m="42505" /><D49/><U72/><E131/><V54/><F129/><W50/><G50/><T130/><D130/><U3/><E56/><V98/><F36/><W61/><G73/><T46/><D46/><U13/><E3/><V27/><F104/><W52/><G33/><T11/><D11/><N who="1" m="4343" /><E72/><V100/><F27/><W107/><G107/><T7/><D55/><AGARI ba="1,0" hai="44,48,55,81,84,91,95,96,97,99,102" m="4343" machi="55" ten="30,1000,0" yaku="8,1" doraHai="34" who="1" fromWho="0" sc="440,-13,190,13,180,0,190,0" /><INIT seed="1,0,0,3,1,108" ten="427,203,180,190" oya="1" hai0="90,73,11,22,69,79,121,84,92,1,120,45,18" hai1="111,19,42,38,66,119,77,72,100,113,59,117,134" hai2="95,60,3,91,49,112,80,97,71,82,55,6,88" hai3="85,32,36,133,70,131,40,114,102,75,129,110,20"/><U24/><E113/><V47/><F112/><W44/><G75/><T87/><D69/><U34/><E111/><V31/><F31/><W28/><G110/><T53/><D73/><U29/><E134/><V8/><REACH who="2" step="1"/><F91/><REACH who="2" ten="427,203,170,190" step="2"/><W115/><G114/><T74/><D90/><U21/><E29/><V104/><F104/><W118/><G115/><T96/><D120/><U58/><E119/><V16/><F16/><W81/><G118/><T83/><D121/><U125/><E19/><V127/><F127/><W5/><G131/><T0/><D18/><U15/><E125/><V41/><F41/><W4/><G129/><T98/><D0/><U122/><E42/><V48/><F48/><W68/><G36/><T52/><D1/><U105/><E38/><V7/><F7/><W57/><G32/><T76/><D76/><U56/><E105/><V54/><F54/><W106/><G106/><T43/><D52/><U93/><E77/><V23/><F23/><W30/><G133/><T61/><D22/><U128/><E34/><V123/><F123/><W99/><G30/><T25/><D53/><U65/><E117/><V86/><F86/><W94/><G28/><T12/><D87/><U78/><E122/><V130/><F130/><W67/><G20/><T109/><D84/><U126/><E128/><V116/><F116/><W14/><G4/><N who="0" m="3175" /><D109/><U39/><E39/><V17/><F17/><W64/><G40/><T124/><D124/><U10/><E126/><V101/><F101/><W107/><G107/><T2/><D79/><U33/><E78/><V26/><F26/><W89/><G5/><RYUUKYOKU ba="0,1" sc="427,-10,203,-10,170,30,190,-10" hai2="3,6,8,47,49,55,60,71,80,82,88,95,97" /><INIT seed="2,1,1,1,4,72" ten="417,193,200,180" oya="2" hai0="119,118,116,48,110,58,43,96,124,42,102,57,50" hai1="99,4,129,108,111,61,67,106,95,125,94,123,27" hai2="113,93,126,128,6,131,40,22,134,39,51,14,13" hai3="1,5,120,3,71,105,98,85,127,25,54,38,78"/><V10/><F113/><W24/><G120/><T68/><D68/><U21/><E123/><V122/><F122/><W29/><G38/><T44/><D110/><N who="1" m="42027" /><E129/><N who="2" m="49739" /><F134/><W79/><G71/><T97/><D124/><U114/><E114/><V107/><F107/><W109/><G127/><T30/><D30/><N who="1" m="17775" /><E125/><V23/><F126/><W7/><G109/><T82/><D82/><U47/><E4/><V32/><F32/><W100/><G85/><T103/><D116/><U56/><E47/><AGARI ba="1,1" hai="42,43,44,47,48,50,57,58,96,97,102,103,118,119" machi="47" ten="25,1600,0" yaku="22,2" doraHai="72" who="0" fromWho="1" sc="417,29,193,-19,200,0,180,0" /><INIT seed="3,0,0,5,0,97" ten="446,174,200,180" oya="3" hai0="54,13,119,55,8,68,31,44,132,43,95,91,126" hai1="88,84,74,14,65,100,58,45,75,48,59,109,85" hai2="49,20,103,129,82,26,81,108,23,94,73,133,60" hai3="40,89,77,98,113,61,52,110,128,124,24,83,112"/><W36/><G24/><T6/><D68/><U101/><E109/><V134/><F108/><W62/><G110/><T25/><D126/><U107/><E107/><V16/><F129/><W92/><G128/><T2/><D119/><U38/><E38/><V118/><F118/><W0/><G0/><T7/><D132/><N who="2" m="50794" /><F73/><W3/><G3/><T131/><D7/><U102/><E75/><V87/><F60/><W70/><G124/><T127/><D127/><U71/><E74/><V30/><F49/><W122/><G122/><T12/><D12/><U1/><E1/><V10/><F10/><W96/><G62/><T106/><D106/><U37/><E37/><V17/><F30/><W79/><G36/><T9/><D9/><U33/><E33/><V130/><F130/><W114/><G40/><T80/><D80/><N who="2" m="30826" /><F103/><N who="1" m="26369" /><U11/><DORA hai="69" /><E71/><V105/><F105/><W22/><G70/><T120/><D13/><U104/><E104/><V72/><F72/><N who="3" m="43431" /><G79/><T76/><D76/><U56/><E65/><V125/><F125/><W57/><G113/><T5/><D5/><N who="1" m="3439" /><E88/><N who="2" m="53535" /><F23/><W53/><G22/><T39/><D25/><U135/><E135/><V18/><AGARI ba="0,0" hai="16,17,18,20,26" m="53535,30826,50794" machi="18" ten="30,4000,0" yaku="20,1,54,2" doraHai="97,69" who="2" fromWho="2" sc="446,-10,174,-10,200,40,180,-20" owari="436,53.6,164,-23.6,240,4.0,160,-34.0" /></mjloggm>