<mjloggm ver="2.3"><GO type="225" lobby="0"/><UN n0="%70%68%65%6E%6F%6D%65" n1="%28%EF%BF%A3%E2%96%BD%EF%BF%A3%29%CE%B4%E2%8C%92%E3%83%BB" n2="%E3%82%B3%E3%83%90%E3%83%AC%E3%82%A4" n3="%E4%BF%BA%E3%81%A8%E5%A6%96%E5%A4%A2" dan="16,17,16,16" rate="2083.50,2294.38,2177.11,2240.26" sx="M,M,M,F"/><TAIKYOKU oya="0"/><INIT seed="0,0,0,2,3,44" ten="250,250,250,250" oya="0" hai0="123,130,14,18,30,89,35,40,21,126,127,53,61" hai1="36,38,118,103,12,82,25,32,111,94,69,5,107" hai2="93,104,73,112,110,31,86,105,45,75,132,22,121" hai3="77,17,2,129,10,115,116,120,15,60,66,11,4"/><T59/><D123/><U13/><E69/><V79/><F31/><W63/><G116/><T98/><D130/><U64/><E64/><V48/><F22/><W29/><G129/><T52/><D40/><U74/><E107/><N who="2" m="41035" /><F45/><W128/><G115/><T24/><REACH who="0" step="1"/><D53/><REACH who="0" ten="240,250,250,250" step="2"/><U16/><E118/><V3/><F121/><W8/><G120/><T9/><D9/><U91/><E38/><V88/><F112/><W41/><G128/><T43/><D43/><U0/><E36/><V97/><F132/><W20/><G41/><T56/><D56/><U68/><E68/><V131/><F131/><W39/><G39/><T119/><D119/><U78/><E111/><V125/><F110/><W7/><G10/><T54/><D54/><U46/><E46/><V55/><F55/><W85/><G66/><T28/><D28/><U65/><E65/><V134/><F134/><W76/><G29/><T100/><D100/><U99/><E103/><V106/><F125/><W113/><G113/><T95/><AGARI ba="0,1" hai="14,18,21,24,30,35,52,59,61,89,95,98,126,127" machi="95" ten="30,11700,0" yaku="1,1,0,1,54,1,53,1" doraHai="44" doraHaiUra="92" who="0" fromWho="0" sc="240,127,250,-39,250,-39,250,-39" /><INIT seed="0,1,0,4,1,124" ten="367,211,211,211" oya="0" hai0="66,106,64,52,75,57,30,128,14,122,116,130,12" hai1="58,120,47,117,42,39,17,62,94,21,22,111,29" hai2="92,119,16,36,76,126,104,7,85,118,0,123,84" hai3="89,6,50,107,67,132,8,115,95,100,82,72,31"/><T32/><D116/><U10/><E120/><V20/><F104/><W74/><G115/><T90/><D122/><U114/><E117/><N who="2" m="44555" /><F36/><W105/><G132/><T25/><D75/><U35/><E114/><V131/><F123/><W63/><G31/><T109/><D106/><U81/><E111/><V19/><F126/><W97/><G50/><N who="0" m="30871" /><D90/><U40/><E40/><V56/><F76/><W101/><G107/><T129/><D109/><U102/><E81/><V11/><F19/><W69/><G82/><T9/><D12/><U38/><E38/><V33/><F33/><W43/><G43/><T28/><D30/><U79/><E79/><V133/><F133/><W98/><REACH who="3" step="1"/><G101/><REACH who="3" ten="367,211,211,201" step="2"/><T83/><D83/><U13/><E29/><V80/><F80/><W110/><G110/><T2/><D2/><AGARI ba="1,1" hai="2,6,8,63,67,69,72,74,89,95,97,98,100,105" machi="2" ten="30,2000,0" yaku="1,1,7,1,53,0" doraHai="124" doraHaiUra="125" who="3" fromWho="0" sc="367,-23,211,0,211,0,201,33" /><INIT seed="1,0,0,1,2,133" ten="344,211,211,234" oya="1" hai0="15,59,89,56,131,22,33,82,128,36,102,88,125" hai1="71,111,47,118,63,114,57,25,109,103,98,3,48" hai2="100,76,130,113,129,86,70,14,20,112,67,49,60" hai3="54,117,74,121,61,17,35,81,28,96,41,51,79"/><U21/><E3/><V23/><F100/><W134/><G121/><T37/><D125/><U83/><E83/><V72/><F72/><W19/><G134/><T12/><D102/><U66/><E118/><V101/><F101/><W65/><G117/><T6/><D33/><U53/><E114/><N who="2" m="44139" /><F49/><W50/><G41/><T87/><D22/><N who="2" m="8234" /><F14/><N who="0" m="5162" /><D6/><U95/><REACH who="1" step="1"/><E71/><REACH who="1" ten="344,201,211,234" step="2"/><V40/><F130/><W24/><G81/><T94/><D131/><U123/><E123/><V43/><F129/><W104/><G74/><T93/><D128/><U30/><AGARI ba="0,1" hai="21,25,30,47,48,53,57,63,66,95,98,103,109,111" machi="30" ten="30,11700,0" yaku="1,1,0,1,25,2,53,0" doraHai="133" doraHaiUra="78" who="1" fromWho="1" sc="344,-39,201,127,211,-39,234,-39" /><INIT seed="1,1,0,3,5,113" ten="305,328,172,195" oya="1" hai0="90,8,64,46,11,12,76,87,83,33,107,108,49" hai1="17,88,34,56,24,92,116,6,42,43,32,47,68" hai2="70,19,38,121,27,131,36,91,65,37,98,111,124" hai3="29,86,2,127,102,126,112,122,123,78,119,99,0"/><U44/><E68/><V120/><F124/><N who="3" m="47659" /><G29/><T4/><D108/><U125/><E125/><V101/><F111/><W54/><G112/><T103/><D33/><U109/><E109/><V61/><F131/><W57/><G78/><T67/><D107/><U73/><E73/><V3/><F3/><N who="3" m="1067" /><G86/><N who="0" m="48487" /><D11/><U95/><E6/><V51/><F91/><W40/><G40/><N who="0" m="24775" /><D103/><U94/><E34/><V71/><F71/><W5/><G5/><T21/><D21/><N who="1" m="13359" /><E32/><V53/><F19/><W80/><G80/><AGARI ba="1,0" hai="4,8,12,64,67,80,87,90" m="24775,48487" machi="80" ten="30,2000,0" yaku="25,1,8,1" doraHai="113" who="0" fromWho="3" sc="305,23,328,0,172,0,195,-23" /><INIT seed="2,0,0,1,0,68" ten="328,328,172,172" oya="2" hai0="3,41,67,55,62,59,92,42,44,65,88,61,122" hai1="31,71,28,45,123,121,134,69,75,14,51,39,130" hai2="33,77,5,104,10,37,102,53,50,21,116,13,23" hai3="112,82,17,70,94,34,113,81,132,38,56,43,30"/><V115/><F115/><N who="3" m="44107" /><G70/><N who="1" m="26634" /><E75/><V100/><F116/><W74/><G132/><T93/><D122/><N who="1" m="46603" /><E134/><V80/><F37/><W7/><G7/><T86/><D3/><U109/><E109/><V72/><F33/><W40/><G74/><T90/><D61/><U19/><E130/><V48/><F48/><W133/><G133/><T16/><D16/><U107/><E107/><V117/><F117/><W29/><G94/><T119/><D119/><U126/><E126/><V36/><F36/><W46/><G43/><N who="0" m="16395" /><D44/><U11/><E39/><V101/><REACH who="2" step="1"/><F104/><REACH who="2" ten="328,328,162,172" step="2"/><W87/><G34/><T24/><D24/><U118/><E118/><V129/><F129/><W27/><G38/><T85/><AGARI ba="0,1" hai="55,59,62,65,67,85,86,88,90,92,93" m="16395" machi="85" ten="30,2000,0" yaku="8,1,54,1" doraHai="68" who="0" fromWho="0" sc="328,30,328,-5,162,-10,172,-5" /><INIT seed="3,0,0,5,2,34" ten="358,323,152,167" oya="3" hai0="13,30,135,16,25,85,113,14,116,59,127,28,87" hai1="48,75,88,80,1,52,133,56,111,61,107,20,119" hai2="132,104,41,82,93,117,103,105,57,99,110,10,130" hai3="11,39,84,69,70,126,49,35,109,68,65,32,36"/><W79/><G65/><T106/><D116/><U122/><E107/><V74/><F117/><W120/><G120/><T66/><D106/><U97/><E122/><V22/><F132/><W53/><G126/><T134/><D113/><U31/><E1/><V46/><F130/><W63/><G63/><N who="0" m="38271" /><D14/><U40/><E75/><V37/><F110/><W86/><G11/><N who="0" m="6207" /><D127/><U91/><E119/><V26/><F57/><W15/><G15/><T7/><D7/><U100/><E111/><V54/><F54/><W51/><G53/><T102/><D102/><U83/><E100/><V112/><F112/><W60/><G60/><T128/><D128/><U115/><E133/><N who="0" m="50697" /><D30/><U124/><E124/><V71/><F71/><W81/><G109/><T98/><D98/><U123/><E123/><V129/><F129/><W8/><G8/><T108/><D108/><U50/><E115/><V43/><F43/><W67/><G67/><T27/><D25/><N who="1" m="16807" /><E97/><V24/><F24/><W23/><G23/><AGARI ba="0,0" hai="23,27,28,85,87" m="50697,6207,38271" machi="23" ten="30,2000,0" yaku="20,1,54,1" doraHai="34" who="0" fromWho="3" sc="358,20,323,0,152,0,167,-20" owari="378,47.8,323,12.3,152,-24.8,147,-35.3" /></mjloggm>