<mjloggm ver="2.3"><GO type="225" lobby="0"/><UN n0="%E6%A1%9C%E8%8A%B1%E9%96%83%E3%80%85" n1="%E3%81%99%E3%81%84%E3%81%BE%E3%81%9B%E3%83%BC%E3%82%93" n2="%E7%99%BD%E9%9B%AA%E4%B9%83%E6%84%9B" n3="%5C%28%E2%89%A7%E2%96%BD%E2%89%A6%29%2F" dan="16,18,16,16" rate="2158.98,2261.04,2037.58,2073.57" sx="M,M,F,M"/><TAIKYOKU oya="0"/><INIT seed="0,0,0,2,5,6" ten="250,250,250,250" oya="0" hai0="129,127,19,135,33,20,110,76,130,51,26,70,24" hai1="91,123,16,118,121,106,109,39,5,83,133,132,92" hai2="11,34,116,15,120,103,3,85,2,75,8,119,53" hai3="105,128,90,80,107,79,43,81,112,36,74,52,99"/><T49/><D70/><U71/><E39/><V78/><F120/><W28/><G28/><N who="0" m="19607" /><D76/><U98/><E71/><V37/><F75/><W59/><G112/><T61/><D61/><U65/><E65/><V86/><F34/><W45/><G128/><N who="0" m="49259" /><D135/><N who="1" m="51787" /><E5/><V68/><F15/><W23/><G23/><T64/><D64/><U101/><E16/><V54/><F68/><W95/><REACH who="3" step="1"/><G80/><REACH who="3" ten="250,250,250,240" step="2"/><T113/><D113/><U88/><E118/><V102/><F37/><W134/><G134/><T131/><D131/><U72/><E109/><V114/><F114/><W4/><G4/><T14/><D110/><U12/><E123/><V87/><F86/><W10/><G10/><N who="0" m="6615" /><D127/><U97/><E121/><V38/><F38/><W124/><G124/><T93/><D93/><U41/><E92/><V111/><F111/><W56/><G56/><T82/><D82/><U25/><E83/><V17/><F17/><AGARI ba="0,1" hai="17,20,24,49,51" m="6615,49259,19607" machi="17" ten="30,2900,0" yaku="19,1,52,1" doraHai="6" who="0" fromWho="2" sc="250,39,250,0,250,-29,240,0" /><INIT seed="0,1,0,2,5,90" ten="289,250,221,240" oya="0" hai0="44,99,92,112,9,107,88,84,21,12,79,24,72" hai1="106,32,97,7,28,25,125,16,13,104,47,5,18" hai2="98,43,41,50,54,130,56,102,78,89,81,11,93" hai3="75,134,4,87,118,110,95,96,115,48,17,52,132"/><T26/><D112/><U61/><E125/><V123/><F123/><W6/><G115/><T105/><D44/><U31/><E31/><V45/><F130/><W62/><G75/><T36/><D36/><U53/><E18/><V83/><F11/><W14/><G118/><T46/><D46/><U77/><E77/><V127/><F127/><W23/><G87/><T1/><D1/><U49/><E61/><V39/><F43/><W117/><G62/><T66/><D66/><U80/><E80/><V60/><F102/><N who="3" m="60703" /><G117/><T74/><D105/><U2/><E97/><V135/><F135/><N who="3" m="51755" /><G110/><T59/><D59/><AGARI ba="1,0" hai="4,6,14,17,23,48,52,59" m="51755,60703" machi="59" ten="30,3900,0" yaku="20,1,52,1,54,1" doraHai="90" who="3" fromWho="0" sc="289,-42,250,0,221,0,240,42" /><INIT seed="1,0,0,4,4,7" ten="247,250,221,282" oya="1" hai0="27,112,98,1,63,38,42,81,3,83,77,56,51" hai1="55,71,14,82,49,45,66,119,100,74,36,96,125" hai2="19,59,111,41,78,126,60,65,135,124,17,67,130" hai3="12,97,123,43,118,40,120,92,113,57,79,62,99"/><U132/><E119/><V5/><F111/><W68/><G68/><T53/><D112/><U109/><E132/><V121/><F121/><W75/><G113/><T30/><D38/><U15/><E125/><V54/><F135/><W105/><G105/><T18/><D98/><U44/><E109/><V28/><F130/><W20/><G118/><T52/><D18/><U131/><E131/><V2/><F28/><W76/><G75/><T35/><D42/><U134/><E134/><V61/><F41/><N who="3" m="15947" /><G123/><T8/><D8/><U47/><E36/><V103/><F103/><N who="3" m="60839" /><G99/><T93/><D93/><U73/><E66/><V88/><F78/><W94/><G94/><T90/><D90/><U50/><E71/><V114/><F114/><W104/><G104/><T95/><D95/><U13/><E49/><V25/><F88/><W86/><G86/><T107/><D107/><U69/><E69/><V122/><F122/><W37/><G37/><T87/><REACH who="0" step="1"/><D83/><REACH who="0" ten="237,250,221,282" step="2"/><U89/><E89/><V22/><F126/><W106/><G120/><T129/><D129/><U133/><E133/><V108/><F124/><W11/><G106/><T64/><D64/><U102/><E82/><V110/><F67/><N who="3" m="39375" /><G11/><T128/><D128/><U23/><E96/><V34/><F110/><W70/><G70/><T9/><D9/><U85/><E102/><V16/><F108/><W72/><G72/><T39/><D39/><U0/><E100/><V32/><F65/><W48/><G48/><T115/><D115/><U6/><E74/><V10/><F61/><W91/><G91/><T26/><D26/><U58/><E73/><RYUUKYOKU ba="0,1" sc="237,10,250,-30,221,10,282,10" hai0="1,3,27,30,35,51,52,53,56,63,77,81,87" hai2="2,5,10,16,17,19,22,25,32,34,54,59,60" hai3="12,20,76,79" /><INIT seed="2,1,1,3,1,59" ten="247,220,231,292" oya="2" hai0="36,62,55,109,32,133,118,78,103,11,8,45,50" hai1="7,135,125,132,81,104,105,13,25,57,131,4,71" hai2="0,88,43,30,82,79,76,75,98,113,28,6,68" hai3="77,85,24,107,64,33,93,94,15,89,108,115,60"/><V120/><F113/><W122/><G115/><T70/><D32/><U48/><E71/><V54/><F120/><W21/><G107/><T47/><D109/><U19/><E125/><V27/><F43/><W134/><G33/><T100/><D133/><N who="1" m="51275" /><E131/><V124/><F124/><W121/><G134/><T110/><D110/><U114/><E25/><V16/><F79/><W130/><G108/><T117/><D78/><U12/><E114/><V26/><F68/><W1/><G1/><T46/><D36/><U39/><E39/><V44/><F6/><N who="1" m="2089" /><E81/><V69/><F69/><W56/><G130/><T3/><D3/><U102/><E102/><V126/><F126/><W127/><G127/><T29/><D29/><U14/><E19/><V5/><F5/><W83/><G15/><N who="1" m="3842" /><U20/><DORA hai="99" /><E20/><V95/><F0/><W31/><G94/><T119/><D8/><U42/><E57/><V41/><F16/><W51/><G51/><T2/><D11/><U61/><E61/><V106/><F26/><W101/><REACH who="3" step="1"/><G101/><REACH who="3" ten="247,220,231,282" step="2"/><N who="0" m="38987" /><D2/><U86/><E105/><V73/><F106/><W116/><G116/><T40/><D40/><U80/><E104/><V65/><F41/><W97/><AGARI ba="1,2" hai="21,24,31,56,60,64,77,83,85,89,93,97,121,122" machi="97" ten="20,8000,1" yaku="1,1,0,1,7,1,52,1,53,1" doraHai="59,99" doraHaiUra="58,9" who="3" fromWho="3" sc="247,-21,220,-21,231,-41,282,103" /><INIT seed="3,0,0,1,5,129" ten="226,199,190,385" oya="3" hai0="59,16,82,13,33,88,20,96,21,4,102,127,39" hai1="48,89,44,8,112,6,130,121,110,54,26,100,92" hai2="2,9,61,49,133,45,38,14,84,51,63,115,109" hai3="67,78,122,116,81,108,27,47,35,25,11,19,43"/><W111/><G116/><T18/><D33/><U53/><E121/><V52/><F115/><W3/><G67/><T29/><D39/><U41/><E112/><V77/><F2/><W24/><G122/><T135/><D135/><U119/><E130/><V83/><F38/><N who="3" m="22007" /><G19/><T5/><D127/><U125/><E125/><V113/><F113/><W126/><G35/><T70/><D70/><U55/><E110/><N who="3" m="42026" /><G126/><T1/><D29/><U131/><E131/><V91/><F109/><W106/><G106/><T99/><D18/><U104/><E104/><V28/><F133/><W123/><G123/><T79/><D21/><U46/><E26/><V40/><F28/><W94/><G94/><N who="0" m="56391" /><D5/><U80/><E119/><V97/><F14/><W10/><G3/><T58/><D4/><U65/><E65/><V72/><F9/><W37/><G37/><T56/><D1/><U118/><E118/><V7/><F7/><W64/><G64/><T69/><D69/><U68/><E68/><V87/><F72/><AGARI ba="0,0" hai="10,11,24,25,27,72,78,81" m="42026,22007" machi="72" ten="30,2900,0" yaku="14,1,10,1" doraHai="129" who="3" fromWho="2" sc="226,0,199,0,190,-29,385,29" owari="226,2.6,199,-20.1,161,-33.9,414,51.4" /></mjloggm>