<mjloggm ver="2.3"><GO type="225" lobby="0"/><UN n0="%E6%81%A5%E6%99%92%E3%81%97" n1="%E5%B0%8F%E9%B3%A5%E9%81%8A%E7%B7%B4%E7%84%A1%32%31%E6%AD%B3" n2="%E3%81%AF%E3%82%88%E3%81%8A%E3%81%98%E3%81%95%E3%82%93" n3="%E3%83%96%E3%83%83%E3%83%91%E3%82%AA%E3%83%96%E3%83%81%E3%82%AD%E3%83%B3" dan="16,17,17,16" rate="2052.31,2138.32,2175.95,2148.70" sx="M,F,M,M"/><TAIKYOKU oya="0"/><INIT seed="0,0,0,3,2,79" ten="250,250,250,250" oya="0" hai0="103,8,1,33,70,68,106,114,122,86,110,19,82" hai1="13,130,6,129,90,77,42,47,96,11,131,34,127" hai2="99,18,65,38,94,87,32,9,7,113,45,41,135" hai3="124,66,63,28,102,111,29,104,133,134,116,24,109"/><T125/><D114/><U0/><E34/><V25/><F135/><N who="3" m="51723" /><G116/><T31/><D122/><U4/><E127/><V14/><F113/><W81/><G124/><T56/><D125/><U49/><E0/><V123/><F123/><W10/><G10/><T37/><D37/><U21/><E21/><V12/><F65/><W3/><G3/><T107/><D56/><U58/><E58/><V36/><F87/><W23/><G29/><T39/><D39/><U120/><E120/><V128/><F128/><W51/><G51/><T119/><D119/><U62/><E62/><V84/><F84/><W100/><G104/><T98/><D107/><U105/><E4/><V132/><F38/><W67/><G67/><T15/><D110/><N who="3" m="41993" /><G81/><T2/><D2/><U93/><E105/><V64/><F64/><W75/><G75/><T48/><D48/><U54/><REACH who="1" step="1"/><E77/><REACH who="1" ten="250,240,250,250" step="2"/><V35/><F132/><W72/><G72/><T88/><REACH who="0" step="1"/><D1/><REACH who="0" ten="240,240,250,250" step="2"/><U115/><E115/><V5/><F45/><W30/><G30/><T69/><D69/><AGARI ba="0,2" hai="23,24,28,63,66,69,100,102" m="41993,51723" machi="69" ten="30,2000,0" yaku="20,1,14,1" doraHai="79" who="3" fromWho="0" sc="240,-20,240,0,250,0,250,40" /><INIT seed="1,0,0,4,5,107" ten="220,240,250,290" oya="1" hai0="53,63,46,119,111,71,122,50,28,113,6,89,36" hai1="131,83,58,95,90,47,60,41,19,44,118,7,0" hai2="1,124,61,104,87,132,10,67,11,112,126,23,35" hai3="16,100,43,3,69,34,37,20,128,121,64,62,2"/><U59/><E118/><V65/><F35/><W129/><G121/><T48/><D119/><U30/><E131/><N who="3" m="50250" /><G34/><T114/><D28/><U85/><E30/><V52/><F104/><W56/><G100/><T108/><D6/><U14/><E0/><V68/><F132/><W120/><G120/><T29/><D29/><U110/><E7/><V102/><F102/><W105/><G105/><T27/><D27/><U98/><E110/><N who="0" m="42025" /><D122/><U96/><E96/><V26/><F112/><N who="0" m="43114" /><D89/><U73/><E41/><V57/><F1/><W103/><G103/><T99/><D99/><U106/><E106/><V38/><F87/><W74/><G74/><T24/><D24/><U123/><E73/><V75/><F75/><W42/><G69/><T17/><D17/><U80/><E83/><V32/><F68/><W109/><G109/><T79/><D79/><U92/><E123/><V78/><F78/><W40/><G37/><T81/><D81/><U94/><E98/><V88/><F88/><W13/><AGARI ba="0,0" hai="2,3,13,16,20,40,42,43,56,62,64" m="50250" machi="13" ten="30,2000,0" yaku="19,1,54,1" doraHai="107" who="3" fromWho="3" sc="220,-5,240,-10,250,-5,290,20" /><INIT seed="2,0,0,3,5,133" ten="215,230,245,310" oya="2" hai0="1,12,56,86,17,11,22,85,134,52,3,37,5" hai1="87,95,96,18,53,90,9,121,21,68,130,54,117" hai2="120,102,106,109,61,112,59,74,70,94,72,60,16" hai3="23,124,93,31,51,29,111,55,10,89,7,40,127"/><V62/><F120/><W71/><G71/><T132/><D37/><U118/><E121/><V119/><F112/><W99/><G40/><T100/><D1/><U101/><E68/><V28/><F119/><W48/><G111/><T25/><D100/><U82/><E130/><V114/><F114/><W103/><G103/><T35/><D86/><U43/><E43/><V6/><F106/><W76/><G76/><T13/><D85/><U33/><E33/><V50/><F70/><W57/><G48/><T15/><REACH who="0" step="1"/><D35/><REACH who="0" ten="205,230,245,310" step="2"/><U58/><E118/><V92/><F102/><W129/><G129/><T73/><D73/><U8/><E117/><V66/><F74/><W113/><G113/><T107/><D107/><U104/><E104/><V108/><F72/><W116/><G116/><T47/><D47/><U80/><E80/><V78/><F92/><W41/><G93/><T4/><D4/><U110/><E110/><V83/><F6/><W88/><G7/><T126/><D126/><U123/><E123/><V84/><F94/><W26/><G124/><T79/><D79/><U19/><E101/><V38/><F38/><W128/><G127/><T63/><AGARI ba="0,1" hai="3,5,11,12,13,15,17,22,25,52,56,63,132,134" machi="63" ten="30,4000,0" yaku="1,1,0,1,54,1,53,0" doraHai="133" doraHaiUra="77" who="0" fromWho="0" sc="205,50,230,-10,245,-20,310,-10" /><INIT seed="3,0,0,3,5,75" ten="255,220,225,300" oya="3" hai0="47,74,134,122,0,106,92,35,20,16,50,63,121" hai1="11,19,27,25,28,76,114,48,77,135,3,52,54" hai2="2,1,90,89,111,129,65,107,22,5,21,117,123" hai3="9,118,56,45,81,127,42,115,55,67,133,39,66"/><W120/><G115/><T73/><D106/><U30/><E114/><V100/><F117/><W80/><G118/><T43/><D35/><U99/><E135/><V116/><F116/><W94/><G120/><T125/><D0/><U24/><E99/><N who="2" m="61855" /><F65/><W51/><G133/><T58/><D125/><U57/><E54/><V69/><F69/><W105/><G105/><T87/><D134/><U96/><E96/><V82/><F123/><W72/><G127/><T62/><D62/><U84/><E84/><N who="2" m="50327" /><F5/><W36/><G36/><T78/><D121/><U95/><E95/><V101/><F101/><W46/><G46/><T59/><D59/><U132/><E132/><V12/><F12/><W108/><G108/><T86/><D86/><U60/><E60/><V64/><F64/><W91/><G80/><T15/><D122/><U23/><E3/><N who="2" m="1035" /><F111/><W49/><G39/><T68/><D68/><U124/><E124/><V79/><F79/><N who="1" m="30281" /><E11/><V70/><F70/><W13/><G72/><T97/><D97/><U32/><E32/><V93/><F129/><W119/><G119/><T88/><D78/><U83/><E83/><V14/><F14/><AGARI ba="0,0" hai="14,19,23,24,25,27,28,30,48,52,57" m="30281" machi="14" ten="30,8000,1" yaku="8,1,52,3,54,1" doraHai="75" who="1" fromWho="2" sc="255,0,220,80,225,-80,300,0" owari="255,-14.5,300,40.0,145,-35.5,300,10.0" /></mjloggm>