<mjloggm ver="2.3"><GO type="225" lobby="0"/><UN n0="%72%65%6E%6B%75%6E" n1="%E5%A4%8F%E9%88%B4%E9%88%B4%E5%A4%8F" n2="%E6%A1%9C%E6%B2%A2%E5%A2%A8" n3="%E3%81%BF%E3%81%BF%E3%81%9A" dan="17,16,17,17" rate="2217.63,2139.73,2138.48,2168.07" sx="M,F,F,M"/><TAIKYOKU oya="0"/><INIT seed="0,0,0,5,3,60" ten="250,250,250,250" oya="0" hai0="57,131,40,119,5,44,109,24,43,65,42,128,132" hai1="73,46,29,117,122,31,61,111,35,112,30,90,99" hai2="76,100,38,129,28,96,84,68,107,71,94,6,54" hai3="89,58,36,53,88,55,118,104,66,52,123,120,78"/><T13/><D119/><U97/><E117/><V103/><F38/><W8/><G118/><T115/><D115/><U9/><E111/><V45/><F129/><N who="0" m="49738" /><D109/><U70/><E122/><N who="3" m="46634" /><G104/><T56/><D132/><U130/><E130/><V15/><F28/><W4/><G78/><T34/><D44/><U92/><E73/><V17/><F6/><W126/><G126/><T101/><D101/><U63/><E112/><V135/><F135/><W25/><G25/><T47/><D47/><U37/><E35/><V12/><F12/><N who="3" m="5127" /><G36/><T124/><D124/><U1/><E70/><V64/><F71/><W33/><G33/><T23/><D34/><U134/><E134/><V22/><F76/><W121/><N who="3" m="46642" /><W125/><DORA hai="98" /><G125/><T41/><N who="0" m="10240" /><DORA hai="21" /><T133/><D65/><U3/><E37/><V10/><F64/><W72/><G72/><T102/><D102/><U74/><E74/><V59/><F68/><W113/><G113/><T116/><D116/><U79/><E46/><V86/><F45/><W91/><G66/><T7/><D133/><U48/><E1/><V106/><F106/><W67/><G67/><T14/><D7/><U114/><E114/><V27/><F103/><W95/><G58/><N who="0" m="22635" /><D5/><U127/><E127/><V82/><F107/><W39/><G39/><T77/><D77/><U20/><E79/><V108/><F108/><W51/><G51/><T49/><D49/><U83/><E48/><V80/><F100/><W0/><G0/><T26/><D26/><U50/><E50/><V75/><F27/><W69/><G69/><T19/><AGARI ba="0,0" hai="13,14,19,23,24" m="22635,10240,49738" machi="19" ten="50,4800,0" yaku="19,1,52,1" doraHai="60,98,21" who="0" fromWho="0" sc="250,48,250,-16,250,-16,250,-16" /><INIT seed="0,1,0,4,3,69" ten="298,234,234,234" oya="0" hai0="44,60,127,85,102,39,34,32,84,0,101,126,14" hai1="36,120,108,6,130,41,1,40,10,116,22,21,81" hai2="121,26,37,19,99,96,47,105,2,38,128,7,82" hai3="57,98,54,29,33,49,12,70,78,65,28,114,63"/><T100/><D0/><U35/><E120/><V103/><F121/><W107/><G114/><T62/><D14/><U71/><E116/><V9/><F128/><W4/><G78/><T27/><D27/><U109/><E130/><V97/><F82/><W20/><G4/><T118/><D44/><N who="1" m="23559" /><E71/><V83/><F47/><W55/><G12/><T74/><D74/><U115/><E35/><N who="0" m="13353" /><D118/><U76/><E41/><V135/><F135/><W117/><G117/><T13/><D13/><U48/><E48/><V94/><F83/><W61/><G20/><T72/><D72/><N who="1" m="43143" /><E115/><V95/><F26/><W51/><G33/><T43/><D43/><U16/><E22/><V11/><F9/><W31/><REACH who="3" step="1"/><G54/><REACH who="3" ten="298,234,234,224" step="2"/><T111/><D111/><U106/><E106/><V42/><F42/><W18/><G18/><T73/><D73/><U88/><E88/><V79/><F79/><W59/><G59/><T122/><D122/><U46/><E46/><V52/><F19/><W56/><G56/><T86/><D39/><U124/><E124/><AGARI ba="1,1" hai="60,62,84,85,86,100,101,102,124,126,127" m="13353" machi="124" ten="40,7700,0" yaku="28,2,18,1" doraHai="69" who="0" fromWho="1" sc="298,90,234,-80,234,0,224,0" /><INIT seed="0,2,0,4,5,123" ten="388,154,234,224" oya="0" hai0="21,105,24,67,51,81,47,79,91,4,89,44,41" hai1="58,23,83,114,133,135,52,9,130,120,37,116,99" hai2="122,26,106,93,131,134,103,115,104,121,65,108,36" hai3="18,1,30,20,125,13,119,112,56,80,39,5,15"/><T110/><D105/><U82/><E120/><V113/><F36/><W55/><G39/><T63/><D4/><U62/><E116/><V43/><F43/><W68/><G119/><T49/><D110/><U118/><E118/><V107/><F65/><W111/><G68/><T92/><D92/><U54/><E114/><N who="2" m="43531" /><F26/><W94/><G112/><T16/><D79/><U74/><E130/><V19/><F19/><W48/><G125/><T75/><D75/><U17/><E37/><V32/><F32/><W8/><G111/><T33/><D81/><U38/><E38/><V76/><F108/><W129/><G129/><T77/><D77/><U87/><E74/><V31/><F31/><W126/><G80/><T70/><REACH who="0" step="1"/><D33/><REACH who="0" ten="378,154,234,224" step="2"/><U109/><E83/><V124/><F131/><W73/><G126/><T64/><D64/><U78/><E109/><V35/><F35/><W7/><G73/><T72/><D72/><U57/><E99/><N who="2" m="59887" /><F124/><W34/><G94/><T97/><D97/><U69/><E135/><V85/><F134/><W66/><G66/><T95/><D95/><U3/><E133/><V11/><F76/><W86/><G86/><T6/><D6/><N who="1" m="1247" /><E87/><V100/><F85/><W45/><G5/><T71/><D71/><U46/><E82/><V22/><F122/><W101/><G34/><T98/><D98/><U61/><E78/><V12/><F121/><W53/><G101/><T42/><AGARI ba="2,1" hai="16,21,24,41,42,44,47,49,51,63,67,70,89,91" machi="42" ten="20,12000,1" yaku="1,1,0,1,7,1,9,1,54,1,53,0" doraHai="123" doraHaiUra="25" who="0" fromWho="0" sc="378,136,154,-42,234,-42,224,-42" /><INIT seed="0,3,0,2,4,106" ten="514,112,192,182" oya="0" hai0="119,96,121,78,36,117,69,108,134,110,49,129,75" hai1="53,97,90,1,128,70,26,132,113,93,99,45,51" hai2="5,64,115,35,16,91,72,124,100,58,126,118,109" hai3="87,80,125,20,33,61,62,111,74,79,4,92,130"/><T44/><D36/><U47/><E132/><V131/><F115/><W123/><G33/><T40/><D69/><U120/><E128/><V10/><F35/><W27/><G130/><T41/><D121/><U73/><E120/><V30/><F30/><W63/><G123/><T135/><D129/><U95/><E113/><V66/><F131/><W85/><G125/><N who="2" m="48233" /><F109/><N who="0" m="42090" /><D96/><U17/><E70/><V31/><F31/><W77/><G111/><T89/><D89/><U52/><E1/><V68/><F68/><W9/><G92/><T133/><D41/><U104/><E73/><V122/><F122/><W60/><N who="3" m="15360" /><DORA hai="14" /><W54/><G79/><T28/><D28/><U114/><E104/><V12/><F58/><W3/><REACH who="3" step="1"/><G54/><REACH who="3" ten="514,112,192,172" step="2"/><N who="1" m="21098" /><E114/><V11/><F118/><W105/><G105/><T46/><D46/><U43/><E47/><V0/><F100/><W21/><G21/><T38/><D38/><U6/><E45/><V127/><F127/><W25/><G25/><T15/><D119/><U24/><E43/><V112/><F112/><W50/><G50/><T56/><D117/><U59/><E51/><V23/><F23/><W22/><G22/><T103/><D56/><U102/><E59/><V32/><F32/><W81/><G81/><N who="0" m="45279" /><D103/><U48/><E48/><V88/><F72/><W98/><G98/><T107/><D107/><U29/><E26/><V94/><F94/><W84/><G84/><T34/><D34/><N who="1" m="20775" /><E99/><V83/><F91/><W76/><G76/><T19/><D135/><U67/><E95/><V7/><F88/><W55/><G55/><T65/><D134/><U57/><E102/><RYUUKYOKU ba="3,1" sc="514,-10,112,-10,192,-10,172,30" hai3="3,4,9,20,27,74,77,80,85,87" /><INIT seed="1,4,1,5,4,84" ten="504,102,182,202" oya="1" hai0="32,85,103,99,29,39,70,121,71,59,24,40,113" hai1="87,66,1,75,52,34,130,50,106,9,41,119,15" hai2="76,26,107,77,48,120,60,88,30,115,100,98,36" hai3="69,125,126,31,2,19,7,57,81,86,10,134,5"/><U96/><E119/><V112/><F120/><W12/><G69/><N who="0" m="26123" /><D59/><U23/><E130/><V92/><F36/><W111/><G111/><T122/><D85/><U27/><E75/><V44/><F60/><W97/><G134/><T38/><D113/><N who="2" m="43594" /><F107/><W3/><G31/><T128/><D128/><U33/><E1/><N who="3" m="10" /><G97/><T123/><D40/><U6/><E41/><N who="2" m="24591" /><F100/><W53/><G53/><T116/><D116/><U11/><E66/><V132/><F132/><W20/><G57/><T74/><D74/><U43/><E43/><V8/><F8/><W114/><G114/><T56/><D56/><U63/><E63/><V104/><F104/><AGARI ba="4,1" hai="24,29,32,38,39,99,103,104,121,122,123" m="26123" machi="104" ten="40,2600,0" yaku="13,1,23,1" doraHai="84" who="0" fromWho="2" sc="504,48,102,0,182,-38,202,0" /><INIT seed="2,0,0,0,3,60" ten="552,102,144,202" oya="2" hai0="8,70,51,10,93,112,123,78,114,66,46,72,37" hai1="18,116,81,15,96,47,2,103,76,82,107,23,31" hai2="105,39,35,57,61,92,71,74,65,9,48,130,52" hai3="11,33,41,17,59,101,69,7,113,64,84,79,32"/><V12/><F105/><W80/><G69/><T128/><D37/><U45/><E116/><V73/><F35/><W131/><G17/><T127/><D123/><U134/><E2/><V90/><F39/><W53/><G64/><T67/><D78/><U111/><E111/><V26/><F26/><W122/><G122/><T42/><D72/><U95/><E134/><V91/><F91/><W49/><G131/><T125/><D93/><U56/><E107/><V124/><F124/><N who="0" m="47690" /><D128/><U14/><E31/><V121/><F121/><W43/><G113/><N who="0" m="43627" /><D70/><U0/><E0/><V115/><F115/><W63/><G101/><T129/><D129/><U88/><E103/><V120/><F120/><W100/><G100/><T68/><D68/><U1/><E1/><V119/><F119/><W30/><G30/><T24/><D24/><U4/><E56/><V21/><F130/><W109/><G109/><T85/><D85/><U50/><E76/><V16/><F9/><AGARI ba="0,0" hai="8,9,10,42,46,51,66,67" m="43627,47690" machi="9" ten="30,3900,0" yaku="18,1,52,2" doraHai="60" who="0" fromWho="2" sc="552,39,102,0,144,-39,202,0" /><INIT seed="3,0,0,0,5,133" ten="591,102,105,202" oya="3" hai0="74,31,121,21,62,14,131,59,112,6,102,9,100" hai1="38,107,134,54,115,120,11,111,118,20,25,91,43" hai2="73,2,35,130,0,84,57,39,37,126,55,8,60" hai3="82,50,108,69,33,86,7,30,77,29,125,98,68"/><W79/><G7/><T66/><D121/><U36/><E115/><V92/><F73/><W52/><G98/><T90/><D74/><U64/><E120/><V96/><F35/><W75/><G75/><T89/><D112/><U101/><E134/><V40/><F126/><W27/><G108/><T72/><D131/><U32/><E111/><V124/><F124/><W24/><G125/><T34/><D34/><U19/><E118/><V41/><F130/><W123/><G123/><T23/><D72/><U122/><E43/><V1/><F84/><W71/><G79/><T42/><D42/><U44/><E64/><V109/><F109/><W85/><G85/><T16/><D31/><U61/><E122/><V47/><F8/><W113/><G113/><T45/><D45/><U116/><E116/><V80/><F80/><W94/><G94/><T49/><D49/><U78/><E78/><V4/><F4/><W104/><G104/><T12/><D21/><U95/><E101/><AGARI ba="0,0" hai="6,9,12,14,16,23,59,62,66,89,90,100,101,102" machi="101" ten="40,2600,0" yaku="8,1,54,1" doraHai="133" who="0" fromWho="1" sc="591,26,102,-26,105,0,202,0" owari="617,71.7,76,-42.4,105,-29.5,202,0.2" /></mjloggm>