<mjloggm ver="2.3"><GO type="225" lobby="0"/><UN n0="%E5%B0%8F%E9%B3%A5%E9%81%8A%E7%B7%B4%E7%84%A1%32%31%E6%AD%B3" n1="%E3%81%A4%E3%81%A3%E3%81%B1%E3%82%8A%E3%83%9D%E3%83%BC%E3%83%AB" n2="%E3%81%BF%E3%81%BF%E3%81%9A" n3="%E3%81%BE%E3%81%A8%E3%81%9F" dan="16,17,17,16" rate="2183.83,2166.82,2197.96,2108.65" sx="F,M,M,M"/><TAIKYOKU oya="0"/><INIT seed="0,0,0,3,2,55" ten="250,250,250,250" oya="0" hai0="120,24,31,30,83,99,113,59,104,36,102,126,93" hai1="41,103,0,110,29,95,67,80,48,19,90,45,81" hai2="87,52,111,18,73,1,38,114,37,127,39,94,98" hai3="128,43,7,116,34,12,17,27,89,16,21,4,23"/><T32/><D120/><U14/><E110/><V97/><F73/><W20/><G116/><T105/><D113/><U119/><E119/><V8/><F114/><W132/><G132/><T33/><D126/><U57/><E0/><V106/><F111/><W96/><G128/><T118/><D118/><U3/><E3/><V107/><F127/><W64/><G43/><T70/><D36/><U9/><E29/><V28/><F28/><N who="3" m="19743" /><G89/><T101/><D70/><U15/><E103/><V121/><F121/><W100/><G64/><T92/><D83/><U77/><E15/><V6/><F87/><W22/><G96/><T82/><D82/><U71/><E71/><V40/><F40/><W11/><G100/><T54/><D93/><U130/><E130/><V56/><F18/><W134/><G134/><T2/><D102/><U129/><E129/><V125/><F125/><W50/><G50/><T74/><D74/><U62/><REACH who="1" step="1"/><E77/><REACH who="1" ten="250,240,250,250" step="2"/><V91/><REACH who="2" step="1"/><F98/><AGARI ba="0,1" hai="9,14,19,41,45,48,57,62,67,80,81,90,95,98" machi="98" ten="30,8000,1" yaku="1,1,2,1,7,1,8,1,52,1,53,0" doraHai="55" doraHaiUra="122" who="1" fromWho="2" sc="250,0,240,90,250,-80,250,0" /><INIT seed="1,0,0,5,3,6" ten="250,330,170,250" oya="1" hai0="11,52,7,80,112,95,21,54,48,107,96,133,99" hai1="56,85,77,46,45,84,36,30,58,0,61,41,118" hai2="68,63,81,29,59,75,38,120,22,39,47,135,62" hai3="125,83,110,42,4,14,65,88,90,100,97,57,98"/><U122/><E118/><V20/><F75/><W16/><G110/><T72/><D133/><U104/><E122/><V76/><F135/><W32/><G32/><T102/><D112/><U113/><E113/><V55/><F120/><W124/><G4/><T33/><D33/><U128/><E128/><V43/><F76/><W78/><G42/><T74/><D21/><U24/><E104/><V93/><F81/><W27/><G27/><T101/><D80/><U71/><E0/><V35/><F93/><W127/><G57/><T105/><D95/><U79/><E71/><V66/><F35/><W44/><G44/><T132/><D132/><U60/><E24/><V115/><F29/><W9/><G65/><T28/><D28/><U17/><E30/><V119/><F119/><W23/><G23/><T26/><D26/><U69/><E41/><V73/><F73/><N who="3" m="43471" /><G98/><T94/><D94/><AGARI ba="0,0" hai="9,14,16,88,90,94,97,100,124,125,127" m="43471" machi="94" ten="30,7700,0" yaku="18,1,52,1,54,2" doraHai="6" who="3" fromWho="0" sc="250,-77,330,0,170,0,250,77" /><INIT seed="2,0,0,4,1,134" ten="173,330,170,327" oya="2" hai0="9,97,32,112,135,94,120,86,0,62,111,53,79" hai1="41,68,61,13,56,55,90,124,74,16,128,10,14" hai2="73,76,33,15,38,72,122,40,36,70,65,34,110" hai3="35,116,48,82,130,59,127,11,52,27,45,91,12"/><V66/><F15/><W126/><G116/><T78/><D32/><N who="2" m="12394" /><F40/><W118/><G130/><T84/><D9/><U42/><E128/><V5/><F5/><W26/><G118/><T24/><D0/><U8/><E74/><N who="2" m="28779" /><F76/><W125/><G35/><T98/><D24/><U129/><E68/><V31/><F31/><W1/><G1/><T46/><D112/><U92/><E124/><V58/><F58/><W95/><G82/><T117/><D135/><U121/><E121/><V99/><F99/><N who="3" m="57855" /><G59/><T80/><D120/><U18/><E129/><V51/><F51/><W4/><AGARI ba="0,0" hai="4,11,12,26,27,45,48,52,125,126,127" m="57855" machi="4" ten="30,8000,1" yaku="18,1,52,3,54,1" doraHai="134" who="3" fromWho="3" sc="173,-20,330,-20,170,-40,327,80" /><INIT seed="3,0,0,3,0,46" ten="153,310,130,407" oya="3" hai0="1,19,60,56,9,15,8,67,109,98,41,52,125" hai1="95,11,51,53,105,127,61,28,32,69,106,128,30" hai2="22,114,99,88,18,25,94,76,126,12,10,58,31" hai3="70,135,129,90,7,75,26,133,134,83,132,57,79"/><W100/><G70/><T42/><D109/><U111/><E111/><V16/><F114/><W0/><G135/><T6/><D125/><U112/><E112/><V77/><F126/><W119/><G119/><T24/><D98/><U86/><E127/><V27/><F58/><W81/><G100/><T39/><D39/><U85/><E11/><V74/><F74/><W103/><G103/><T122/><D122/><U5/><E5/><V91/><F91/><W50/><G26/><T36/><D36/><U130/><E61/><V13/><F27/><W48/><G57/><T20/><D67/><U101/><E69/><V14/><F14/><W89/><G129/><T54/><D54/><U59/><E32/><AGARI ba="0,0" hai="10,12,13,16,18,22,25,31,32,76,77,88,94,99" machi="32" ten="30,3900,0" yaku="7,1,54,2" doraHai="46" who="2" fromWho="1" sc="153,0,310,-39,130,39,407,0" owari="153,-34.7,271,7.1,169,-23.1,407,50.7" /></mjloggm>