<mjloggm ver="2.3"><GO type="225" lobby="0"/><UN n0="%E5%A4%8F%E9%88%B4%E9%88%B4%E5%A4%8F" n1="%E9%9B%80%E6%A5%B5%E3%81%AE%E3%81%B8" n2="%E7%89%B9%E6%9D%B1%E3%81%AF%E4%B8%96%E7%95%8C%E3%82%92%E6%95%91%E3%81%86" n3="%E5%91%89%E5%AF%8C%E6%98%A5" dan="16,16,16,16" rate="2130.28,2123.23,2190.10,2114.12" sx="F,M,M,M"/><TAIKYOKU oya="0"/><INIT seed="0,0,0,2,0,135" ten="250,250,250,250" oya="0" hai0="45,23,95,110,16,48,4,2,28,0,70,41,17" hai1="39,60,104,57,118,73,36,8,30,26,77,72,69" hai2="15,101,32,114,81,19,27,11,68,117,6,54,86" hai3="128,84,93,61,12,7,35,49,66,88,79,134,75"/><T120/><D120/><U52/><E118/><V13/><F114/><W62/><G134/><T78/><D70/><U47/><E104/><V89/><F117/><W29/><G128/><T119/><D119/><U18/><E69/><V132/><F132/><W37/><G37/><T97/><D78/><U9/><E36/><V58/><F68/><W125/><G125/><T53/><D28/><U130/><E130/><V63/><F101/><W124/><G124/><T71/><D71/><U92/><E77/><V46/><F46/><W123/><G123/><T1/><D110/><U100/><E72/><V25/><REACH who="2" step="1"/><F32/><REACH who="2" ten="250,250,240,250" step="2"/><W67/><G66/><T107/><D107/><U59/><E47/><V105/><F105/><W112/><G67/><T76/><D41/><U10/><E100/><V126/><F126/><W14/><G35/><T38/><D38/><U82/><E59/><V111/><F111/><W5/><G112/><T64/><D64/><U50/><E57/><V116/><F116/><W34/><G34/><T121/><D45/><U103/><E103/><V91/><F91/><W83/><G88/><N who="0" m="55527" /><D121/><U24/><E39/><V122/><F122/><W31/><G79/><T51/><D76/><U99/><E52/><V21/><AGARI ba="0,1" hai="6,11,13,15,19,21,25,27,54,58,63,81,86,89" machi="21" ten="20,8000,1" yaku="1,1,0,1,7,1,8,1,53,1" doraHai="135" doraHaiUra="56" who="2" fromWho="2" sc="250,-40,250,-20,240,90,250,-20" /><INIT seed="1,0,0,0,0,86" ten="210,230,330,230" oya="1" hai0="106,49,129,12,112,40,8,104,76,69,63,75,78" hai1="65,54,41,32,64,87,79,24,10,135,17,29,83" hai2="94,37,56,7,114,74,6,0,77,30,124,57,66" hai3="93,23,5,70,18,101,47,50,53,134,52,9,68"/><U116/><E135/><V102/><F37/><W126/><G134/><T46/><D112/><U13/><E116/><V92/><F114/><W123/><G126/><T11/><D129/><U130/><E130/><V105/><F105/><W42/><G123/><T58/><D69/><U119/><E119/><V111/><F30/><W4/><G70/><T109/><D109/><U117/><E117/><V127/><F77/><W98/><G68/><T25/><D8/><U43/><REACH who="1" step="1"/><E54/><REACH who="1" ten="210,220,330,230" step="2"/><N who="3" m="21098" /><G9/><T22/><D78/><U89/><E89/><V19/><F127/><W84/><G84/><T71/><D76/><U73/><E73/><V21/><F74/><W39/><G39/><T27/><D75/><U20/><E20/><V120/><F21/><W96/><G96/><T72/><D72/><U34/><E34/><V103/><F124/><W33/><G33/><T85/><D22/><U110/><E110/><V132/><F111/><W100/><G100/><T95/><D85/><U88/><E88/><V48/><F132/><W26/><AGARI ba="0,1" hai="4,5,18,23,26,42,47,50,93,98,101" m="21098" machi="26" ten="30,2000,0" yaku="8,1,54,1" doraHai="86" who="3" fromWho="3" sc="210,-5,220,-10,330,-5,230,30" /><INIT seed="2,0,0,2,3,37" ten="205,210,325,260" oya="2" hai0="47,112,35,132,59,65,17,131,60,98,86,34,49" hai1="14,55,64,6,33,90,39,101,110,10,0,96,79" hai2="135,54,133,67,72,69,18,27,3,63,4,108,51" hai3="115,95,48,122,109,2,36,116,21,66,24,20,41"/><V11/><F72/><W99/><G116/><T87/><D132/><N who="2" m="50762" /><F108/><W12/><G122/><T15/><D131/><U30/><E39/><V129/><F129/><W111/><G2/><T50/><D112/><U58/><E79/><V26/><F18/><W82/><G36/><T127/><D127/><U16/><E110/><V92/><F92/><W68/><G115/><T8/><D50/><U126/><E126/><V118/><F118/><W113/><G113/><T102/><D35/><U57/><E64/><V29/><F29/><W42/><G82/><T114/><D34/><U62/><E90/><V46/><AGARI ba="0,0" hai="3,4,11,26,27,46,51,54,63,67,69" m="50762" machi="46" ten="30,1500,0" yaku="20,1" doraHai="37" who="2" fromWho="2" sc="205,-5,210,-5,325,15,260,-5" /><INIT seed="2,1,0,0,4,103" ten="200,205,340,255" oya="2" hai0="9,44,33,12,72,22,89,102,41,58,109,107,25" hai1="77,125,128,117,110,95,133,83,121,32,54,124,86" hai2="45,10,63,106,59,82,24,85,96,88,108,84,62" hai3="1,5,27,134,17,120,75,61,92,80,39,13,101"/><V132/><F132/><W23/><G120/><T100/><D109/><U4/><E32/><V114/><F114/><W53/><G134/><T3/><D72/><N who="1" m="43431" /><E54/><V78/><F108/><W115/><G115/><T47/><D3/><U119/><E4/><V7/><F45/><W46/><G101/><T34/><D33/><U43/><E43/><V94/><F24/><W73/><G92/><T15/><D34/><U67/><E67/><V60/><F106/><W11/><G61/><T126/><D126/><N who="1" m="48747" /><E133/><V42/><F42/><W98/><G53/><T52/><D102/><U74/><E110/><V57/><REACH who="2" step="1"/><F85/><REACH who="2" ten="200,205,330,255" step="2"/><W31/><G46/><T68/><D47/><U37/><E86/><V51/><F51/><W26/><G27/><T64/><D44/><U123/><E74/><V79/><F79/><W14/><G26/><T20/><D41/><U93/><E37/><V105/><F105/><W90/><G73/><T50/><D107/><U135/><E135/><V76/><F76/><W65/><G75/><T122/><D25/><U81/><E121/><V29/><F29/><W21/><G31/><T30/><D122/><U18/><E123/><V6/><F6/><W112/><G5/><T71/><D30/><U16/><E117/><V99/><F99/><W48/><G98/><T97/><D50/><U28/><E119/><V91/><F91/><W19/><G48/><N who="0" m="30983" /><D89/><U2/><E28/><V131/><F131/><W129/><G39/><T118/><D118/><U0/><E128/><V116/><F116/><W87/><G129/><T56/><D97/><U49/><E49/><V35/><F35/><RYUUKYOKU ba="1,1" sc="200,-10,205,-10,330,30,255,-10" hai2="7,10,57,59,60,62,63,78,82,84,88,94,96" /><INIT seed="2,2,1,3,2,121" ten="190,195,360,245" oya="2" hai0="107,2,77,0,103,120,81,50,47,39,63,30,132" hai1="55,133,102,131,46,22,23,118,74,85,54,17,79" hai2="61,86,97,53,112,73,6,32,41,116,49,125,128" hai3="26,95,62,5,40,87,36,45,56,4,34,111,114"/><V16/><F112/><W43/><G114/><T104/><D120/><U82/><E118/><V13/><F73/><W92/><G43/><T108/><D108/><U33/><E33/><V29/><F116/><W72/><G72/><T91/><D132/><U105/><E133/><V64/><F128/><W106/><G106/><T135/><D135/><U83/><E131/><V89/><F125/><W11/><G111/><T110/><D110/><U19/><E105/><V28/><F97/><W124/><G124/><T58/><D39/><U24/><E102/><V134/><F6/><W113/><G113/><T93/><D30/><U57/><E46/><V1/><F41/><W48/><G36/><T21/><D21/><U38/><E57/><N who="2" m="36911" /><F1/><W65/><G87/><T10/><D10/><U130/><E38/><V126/><F32/><W67/><G67/><T8/><D8/><U80/><E130/><V100/><F100/><W37/><G37/><T127/><D127/><U25/><REACH who="1" step="1"/><E80/><REACH who="1" ten="190,185,360,245" step="2"/><N who="2" m="49351" /><F126/><W66/><G34/><T94/><D107/><U7/><E7/><V70/><F134/><W51/><G5/><T84/><D104/><U44/><E44/><N who="2" m="27815" /><F70/><W115/><G4/><T101/><D103/><U75/><E75/><V3/><F3/><W123/><G115/><T9/><D101/><U119/><E119/><V71/><F71/><W117/><G123/><T90/><D0/><U18/><E18/><V20/><AGARI ba="2,2" hai="13,16,20,28,29" m="27815,49351,36911" machi="20" ten="30,3000,0" yaku="8,1,54,1" doraHai="121" who="2" fromWho="2" sc="190,-12,185,-12,360,56,245,-12" /><INIT seed="2,3,0,5,1,59" ten="178,173,416,233" oya="2" hai0="126,125,72,70,135,87,8,100,28,108,53,22,2" hai1="127,121,30,39,43,122,19,33,35,47,0,131,82" hai2="27,62,105,38,9,14,64,97,112,86,58,15,73" hai3="69,68,80,55,61,110,85,88,1,16,92,74,36"/><V123/><F73/><W96/><G110/><T94/><D108/><U21/><E0/><V128/><F38/><W101/><G1/><T31/><D72/><U60/><E127/><N who="0" m="48649" /><D70/><U99/><E131/><V25/><F112/><W95/><G36/><T66/><D135/><U120/><E30/><N who="0" m="11305" /><D66/><U133/><E133/><V44/><F123/><W113/><G113/><T109/><D109/><U115/><E115/><V57/><F128/><W6/><G6/><N who="0" m="1111" /><D22/><U51/><E99/><V11/><F44/><W32/><G32/><T111/><D111/><U20/><E20/><V83/><F57/><N who="3" m="35007" /><G69/><T67/><D67/><U41/><E82/><V34/><F34/><N who="1" m="12809" /><E60/><V71/><F71/><W49/><G68/><T7/><D7/><U134/><E134/><V114/><F114/><W56/><G74/><T132/><D53/><N who="1" m="29951" /><E39/><V84/><F105/><W40/><G80/><T119/><D132/><U50/><E50/><V106/><F106/><W24/><G40/><T23/><D23/><U3/><E3/><V98/><F25/><AGARI ba="3,0" hai="19,21,25,41,43,120,121,122" m="29951,12809" machi="25" ten="40,1300,0" yaku="13,1" doraHai="59" who="1" fromWho="2" sc="178,0,173,22,416,-22,233,0" /><INIT seed="3,0,0,5,2,44" ten="178,195,394,233" oya="3" hai0="38,14,24,101,105,13,90,39,79,53,76,12,66" hai1="5,113,17,51,78,63,121,92,112,19,72,116,73" hai2="104,87,130,59,21,8,35,69,57,11,125,120,18" hai3="54,103,29,114,133,117,89,124,58,106,84,68,15"/><W7/><G114/><N who="1" m="44138" /><E51/><V41/><F69/><W45/><G117/><T109/><D109/><U129/><E5/><V32/><F104/><W20/><G124/><T80/><D66/><U99/><E121/><V9/><F41/><W50/><G133/><T94/><D24/><U62/><E78/><V42/><F42/><W28/><G68/><T71/><D71/><U6/><E6/><V49/><F125/><W25/><G103/><T126/><D126/><U115/><N who="1" m="44146" /><U93/><DORA hai="64" /><E116/><V37/><F37/><W111/><G106/><T82/><D53/><U102/><E129/><V52/><F130/><W27/><G111/><T123/><D123/><U83/><E83/><V77/><F120/><W36/><G36/><T97/><D82/><U30/><E30/><V23/><F23/><N who="3" m="15423" /><G7/><T48/><D48/><U119/><E119/><V75/><F75/><N who="1" m="28745" /><E102/><V4/><F4/><W60/><G15/><T98/><REACH who="0" step="1"/><D79/><REACH who="0" ten="168,195,394,233" step="2"/><U100/><E62/><V128/><F128/><W95/><G45/><T26/><D26/><U40/><E63/><AGARI ba="0,1" hai="20,27,29,50,54,58,60,63,84,89,95" m="15423" machi="63" ten="30,2900,0" yaku="8,1,52,1" doraHai="44,64" who="3" fromWho="1" sc="168,0,195,-29,394,0,233,39" /><INIT seed="3,1,0,1,3,113" ten="168,166,394,272" oya="3" hai0="86,25,56,0,2,79,96,50,45,119,80,39,49" hai1="14,48,37,114,94,128,60,127,68,124,122,81,107" hai2="71,73,117,17,12,8,34,30,15,31,5,7,13" hai3="91,74,123,40,62,87,89,53,97,35,109,11,51"/><W65/><G123/><T27/><D39/><U21/><E114/><V99/><F73/><W126/><G35/><T103/><D119/><U70/><E107/><V106/><F71/><W98/><G126/><N who="1" m="48170" /><E128/><V118/><F99/><W43/><G74/><T121/><D0/><U64/><E122/><V105/><F34/><W4/><G109/><T47/><D2/><U69/><E37/><V38/><F38/><W93/><G62/><T23/><D121/><U90/><E81/><V67/><F67/><W101/><G65/><T76/><D79/><U66/><E48/><N who="0" m="18537" /><D56/><N who="1" m="36871" /><E14/><N who="2" m="5739" /><F106/><W28/><G28/><N who="2" m="10793" /><F105/><W125/><G125/><T58/><D58/><U129/><E129/><V92/><F92/><N who="3" m="58567" /><G11/><T116/><D116/><AGARI ba="1,0" hai="5,7,8,15,17,116,117,118" m="10793,5739" machi="116" ten="30,8000,1" yaku="34,2,52,3" doraHai="113" who="2" fromWho="0" sc="168,-83,166,0,394,83,272,0" owari="85,-41.5,166,-23.4,477,57.7,272,7.2" /></mjloggm>