<mjloggm ver="2.3"><GO type="225" lobby="0"/><UN n0="%E6%98%93%E5%88%A9%E8%96%A9%E4%BC%AF" n1="%43%68%65" n2="%E3%83%A9%E3%82%B9%E7%8E%87%EF%BC%93%E5%89%B2" n3="%E4%BF%BA%E3%81%A8%E5%A6%96%E5%A4%A2" dan="17,16,16,16" rate="2205.07,2133.32,2225.27,2231.33" sx="F,M,F,F"/><TAIKYOKU oya="0"/><INIT seed="0,0,0,3,3,100" ten="250,250,250,250" oya="0" hai0="67,11,111,29,53,49,117,0,26,2,107,52,83" hai1="121,120,109,60,12,32,65,34,63,5,31,105,133" hai2="8,9,64,113,41,10,126,23,43,4,89,17,103" hai3="97,6,91,47,57,93,79,42,92,135,68,99,96"/><T80/><D117/><U40/><E109/><V35/><F113/><W48/><G135/><T127/><D127/><U87/><E133/><V115/><F115/><W82/><G68/><T59/><D107/><U61/><E65/><V116/><F35/><W75/><G6/><T51/><D67/><U62/><E40/><N who="2" m="15435" /><F103/><W16/><G57/><T20/><D111/><U128/><E128/><V85/><F64/><W66/><G66/><T27/><D11/><U44/><E44/><V90/><F90/><W118/><G118/><T104/><D104/><U114/><E114/><V18/><F18/><W102/><REACH who="3" step="1"/><G16/><REACH who="3" ten="250,250,250,240" step="2"/><T37/><D59/><U77/><E121/><V123/><F123/><W33/><G33/><T122/><D122/><U134/><E32/><V14/><F116/><W81/><G81/><T25/><D20/><U38/><E34/><V3/><F3/><W21/><G21/><T129/><D26/><U124/><E134/><V88/><F4/><W56/><G56/><T74/><D29/><U50/><E31/><V28/><F28/><W94/><G94/><T22/><D22/><U95/><E95/><N who="2" m="54671" /><F126/><W24/><G24/><T36/><REACH who="0" step="1"/><D129/><REACH who="0" ten="240,250,250,240" step="2"/><U131/><E131/><V73/><F23/><W130/><G130/><T98/><D98/><AGARI ba="0,2" hai="42,47,48,75,79,82,91,92,93,96,97,98,99,102" machi="98" ten="30,2000,0" yaku="1,1,7,1,53,0" doraHai="100" doraHaiUra="58" who="3" fromWho="0" sc="240,-20,250,0,250,0,240,40" /><INIT seed="1,0,0,0,0,111" ten="220,250,250,280" oya="1" hai0="103,23,124,86,126,85,47,58,109,73,43,69,78" hai1="120,93,30,108,61,42,91,79,131,63,54,67,121" hai2="56,134,27,84,48,20,52,112,24,16,129,113,22" hai3="46,45,116,102,87,1,70,94,8,127,105,0,37"/><U110/><E79/><V21/><F129/><W83/><G70/><T10/><D69/><U14/><E131/><V114/><F134/><W130/><G130/><T99/><D109/><N who="1" m="42091" /><E42/><V55/><F84/><W118/><G105/><T75/><D58/><N who="1" m="35031" /><E30/><V123/><F123/><W68/><G68/><T122/><D122/><U82/><E82/><V51/><F27/><W50/><G83/><T106/><D78/><U115/><E14/><V104/><F104/><W66/><G0/><T96/><D43/><U92/><E92/><V128/><F128/><W34/><G1/><T19/><D75/><U98/><E115/><V90/><F90/><W13/><G94/><T15/><D73/><U64/><E64/><V38/><F38/><W17/><G66/><T44/><D103/><U71/><AGARI ba="0,0" hai="63,67,71,91,93,98,120,121" m="35031,42091" machi="71" ten="30,3000,0" yaku="14,1,10,1" doraHai="111" who="1" fromWho="1" sc="220,-10,250,30,250,-10,280,-10" /><INIT seed="1,1,0,0,4,94" ten="210,280,240,270" oya="1" hai0="19,60,118,43,100,6,98,126,36,113,97,133,67" hai1="37,96,83,47,56,34,58,27,88,40,46,8,77" hai2="106,54,79,45,123,62,121,14,57,11,114,44,125" hai3="63,117,110,49,16,35,84,26,128,75,104,130,0"/><U15/><E47/><V7/><F125/><W108/><G75/><T135/><D113/><U70/><E70/><V92/><F106/><W28/><G0/><T73/><D73/><U22/><E34/><V3/><F114/><W31/><G117/><T80/><D118/><U33/><E33/><V20/><F79/><W71/><G104/><T68/><D6/><U52/><E77/><V2/><F2/><W5/><G49/><T55/><D80/><U69/><E69/><V65/><F3/><W134/><G134/><N who="0" m="51211" /><D100/><U86/><E96/><N who="0" m="36969" /><D55/><U51/><E40/><V78/><F54/><W42/><G84/><T21/><D126/><U122/><E37/><V18/><F7/><W32/><G5/><T124/><D124/><U72/><E72/><V107/><F123/><W53/><G42/><T64/><D64/><U101/><E101/><V61/><F121/><W87/><G87/><T30/><D30/><N who="1" m="17783" /><E122/><V120/><F120/><W24/><G53/><T10/><D10/><U95/><E95/><V115/><F107/><W41/><G41/><T102/><D102/><U112/><E112/><V129/><F115/><W29/><G28/><T39/><D43/><U105/><E105/><V12/><F11/><W93/><G93/><T132/><N who="0" m="51219" /><T9/><DORA hai="13" /><D9/><U74/><E74/><V59/><F92/><W131/><REACH who="3" step="1"/><G16/><AGARI ba="1,0" hai="8,15,16,46,51,52,56,58,83,86,88" m="17783" machi="16" ten="30,18000,2" yaku="25,1,8,1,52,1,54,3" doraHai="94,13" who="1" fromWho="3" sc="210,0,280,183,240,0,270,-183" /><INIT seed="1,2,0,5,4,36" ten="210,463,240,87" oya="1" hai0="103,88,102,43,106,49,33,75,25,34,119,66,79" hai1="3,48,101,128,8,83,114,97,30,78,35,124,24" hai2="13,31,131,89,86,107,21,32,92,100,56,68,61" hai3="70,17,126,94,105,37,76,60,84,28,71,27,133"/><U5/><E114/><V98/><F131/><W46/><G105/><T117/><D66/><U110/><E128/><V50/><F68/><W67/><G133/><T72/><D88/><U64/><E124/><V19/><F32/><W0/><G0/><T80/><D75/><U20/><E110/><V16/><F31/><W52/><G126/><T62/><D62/><U45/><E64/><V108/><F108/><W116/><G116/><T73/><D73/><U55/><E35/><V57/><F61/><W44/><G17/><T127/><D127/><U113/><E113/><V11/><REACH who="2" step="1"/><F50/><REACH who="2" ten="210,463,230,87" step="2"/><W125/><G125/><T51/><D51/><U69/><E69/><V77/><F77/><W54/><G71/><T38/><D34/><U59/><E78/><V90/><F90/><W6/><G76/><T96/><D49/><U39/><E39/><V99/><F99/><W74/><G37/><T40/><D103/><U15/><E97/><V82/><F82/><W87/><G70/><T10/><D38/><U2/><E83/><V47/><F47/><W53/><G60/><T22/><D33/><U29/><E101/><V41/><F41/><W123/><G44/><T129/><D43/><U111/><E111/><V93/><F93/><W122/><G46/><T115/><D40/><N who="1" m="24615" /><E30/><V135/><F135/><W14/><G94/><T132/><D115/><U85/><E29/><V95/><F95/><W65/><G28/><N who="0" m="17463" /><D132/><U134/><E134/><V63/><F63/><W130/><G130/><T4/><D129/><U112/><E112/><V42/><F42/><W109/><G109/><T120/><D106/><RYUUKYOKU ba="2,1" sc="210,-10,463,-10,230,30,87,-10" hai2="11,13,16,19,21,56,57,86,89,92,98,100,107" /><INIT seed="2,3,1,1,3,29" ten="200,453,260,77" oya="2" hai0="27,101,20,58,68,95,38,76,59,91,120,15,32" hai1="119,48,52,129,65,24,86,46,30,130,42,74,31" hai2="94,89,33,124,107,102,131,51,17,9,127,4,55" hai3="21,96,99,16,84,98,73,43,133,64,78,45,0"/><V105/><F131/><N who="1" m="50185" /><E119/><V62/><F62/><W39/><G133/><T8/><D32/><N who="1" m="20551" /><E74/><V36/><F17/><W18/><G0/><T10/><D38/><U1/><E1/><V25/><F36/><W106/><G73/><T117/><D68/><U41/><E31/><N who="2" m="19695" /><F102/><W126/><G126/><N who="2" m="48169" /><F55/><W134/><G134/><T81/><D101/><U67/><E86/><N who="2" m="52535" /><F51/><W87/><G106/><T60/><D60/><U56/><E42/><V34/><F34/><W23/><G64/><T128/><D128/><U109/><E109/><V116/><F116/><W115/><G115/><T63/><D63/><AGARI ba="3,1" hai="41,46,48,52,56,63,65,67" m="20551,50185" machi="63" ten="30,3900,0" yaku="19,1,52,1,54,1" doraHai="29" who="1" fromWho="0" sc="200,-48,453,58,260,0,77,0" /><INIT seed="3,0,0,3,4,82" ten="152,511,260,77" oya="3" hai0="85,47,1,27,6,128,116,59,89,96,12,109,91" hai1="86,67,122,88,28,56,95,63,3,7,83,108,53" hai2="98,104,74,110,103,37,22,129,32,43,5,76,19" hai3="40,111,52,131,101,31,48,118,9,20,123,113,92"/><W112/><G118/><T81/><D1/><U23/><E122/><V70/><F32/><W38/><G123/><T119/><D109/><U105/><E105/><V87/><F70/><W75/><G75/><T10/><D128/><U106/><E106/><V93/><F5/><W66/><G131/><T115/><D115/><U69/><E108/><V30/><F30/><W55/><G66/><T77/><D59/><U127/><E127/><V35/><F35/><W24/><G111/><T58/><D58/><U73/><E3/><V46/><F129/><W0/><G40/><T79/><D27/><U17/><E7/><V25/><F74/><W64/><G38/><T13/><D13/><U57/><E28/><V34/><F34/><W4/><G64/><T65/><D65/><U14/><E69/><V44/><F44/><W90/><G101/><T125/><D125/><U8/><E73/><V130/><F130/><W99/><REACH who="3" step="1"/><G55/><REACH who="3" ten="152,511,260,67" step="2"/><T124/><D124/><U26/><E53/><V54/><F54/><W18/><G18/><T135/><D116/><U68/><E68/><V16/><F110/><W50/><G50/><T94/><D119/><U102/><E67/><V72/><F19/><W45/><AGARI ba="0,1" hai="0,4,9,20,24,31,45,48,52,90,92,99,112,113" machi="45" ten="20,12000,1" yaku="1,1,0,1,7,1,54,1,53,1" doraHai="82" doraHaiUra="51" who="3" fromWho="3" sc="152,-40,511,-40,260,-40,67,130" /><INIT seed="3,1,0,1,5,102" ten="112,471,220,197" oya="3" hai0="84,69,93,80,51,107,4,114,41,12,13,132,113" hai1="134,109,85,126,15,37,60,8,106,120,27,88,72" hai2="75,1,97,54,36,112,55,10,29,17,125,44,104" hai3="59,34,7,92,49,46,91,63,124,21,101,5,38"/><W30/><G38/><T62/><D132/><U48/><E72/><V89/><F75/><W23/><G34/><T98/><D69/><U3/><E120/><V121/><F112/><W31/><G101/><T33/><D33/><U78/><E3/><V96/><F104/><W117/><G124/><T45/><D62/><U40/><E106/><V133/><F36/><W32/><G117/><T118/><D118/><U87/><E109/><V20/><F1/><W73/><G73/><T24/><D24/><U82/><E37/><V95/><F44/><W6/><G32/><T79/><D13/><U94/><E134/><V43/><F43/><W122/><G30/><T18/><D18/><U61/><E27/><N who="2" m="16615" /><F125/><W74/><G74/><T47/><D47/><N who="1" m="25703" /><E126/><V81/><F81/><W16/><G31/><T131/><D131/><U77/><E77/><V105/><F121/><W0/><G0/><T119/><D119/><U26/><E26/><V11/><F105/><W90/><G23/><T110/><D110/><U67/><E67/><V135/><F11/><W115/><G92/><T9/><REACH who="0" step="1"/><D107/><REACH who="0" ten="102,471,220,197" step="2"/><U86/><E86/><N who="2" m="52663" /><F135/><W2/><G122/><T25/><D25/><U103/><E103/><V28/><F133/><W65/><G115/><T50/><D50/><U70/><E70/><V66/><F28/><W128/><G128/><T22/><D22/><U130/><E130/><V64/><F17/><AGARI ba="1,1" hai="8,15,17,60,61,78,82,85,87,88,94" m="25703" machi="17" ten="30,2000,0" yaku="8,1,54,1" doraHai="102" who="1" fromWho="2" sc="102,0,471,33,220,-23,197,0" owari="102,-39.8,504,60.4,197,-0.3,197,-20.3" /></mjloggm>