<mjloggm ver="2.3"><GO type="225" lobby="0"/><UN n0="%E5%91%A8%E6%9D%B1" n1="%E5%82%8D%E8%8B%A5%E7%84%A1%E4%BA%BA%35%31" n2="%E3%81%8B%E3%82%8F%E3%81%A1%E3%82%83%E3%82%93%35%38" n3="%E7%B4%94%E6%BD%94%E3%83%94%E3%83%A9%E3%83%8B%E3%82%A2" dan="16,16,16,17" rate="2195.31,2184.26,2133.55,2218.66" sx="M,M,M,M"/><TAIKYOKU oya="0"/><INIT seed="0,0,0,4,5,46" ten="250,250,250,250" oya="0" hai0="130,105,118,125,10,73,22,91,4,9,111,89,39" hai1="7,18,57,47,35,123,113,94,90,6,11,132,60" hai2="79,15,54,31,82,40,119,3,8,13,62,106,83" hai3="81,65,53,124,24,67,16,109,14,50,76,70,114"/><T0/><D118/><U56/><E132/><V116/><F106/><W102/><G114/><T55/><D130/><U5/><E123/><V135/><F135/><W129/><G102/><T126/><D105/><U86/><E35/><V20/><F40/><W51/><G109/><T127/><D73/><U32/><E32/><V80/><F3/><W120/><G124/><T117/><D117/><N who="2" m="45130" /><F62/><W42/><G70/><T66/><D111/><U96/><E113/><V92/><F54/><W68/><G68/><T17/><D39/><U104/><E104/><V95/><F79/><W41/><G24/><T21/><D66/><N who="3" m="25097" /><G53/><T2/><D55/><U19/><E11/><V101/><F101/><W99/><G99/><T58/><D58/><N who="1" m="22635" /><E60/><V112/><F112/><W121/><G129/><T85/><D91/><N who="1" m="55391" /><E47/><V74/><F74/><N who="3" m="43159" /><G42/><T12/><REACH who="0" step="1"/><D0/><REACH who="0" ten="240,250,250,250" step="2"/><U88/><E90/><V110/><F110/><W71/><G41/><T122/><D122/><N who="3" m="47209" /><G71/><T45/><D45/><U52/><E52/><V115/><F115/><W38/><G38/><T27/><D27/><U134/><E134/><V34/><F15/><W1/><G1/><T98/><D98/><U63/><E63/><V29/><F13/><W30/><G30/><T103/><D103/><U25/><E25/><V97/><F97/><W59/><G59/><T128/><D128/><U72/><E72/><V78/><F78/><W108/><G108/><T61/><D61/><U100/><E100/><V49/><F29/><W77/><G77/><T69/><D69/><U26/><E26/><V36/><F36/><W93/><G14/><T37/><D37/><RYUUKYOKU ba="0,1" sc="240,15,250,15,250,-15,250,-15" hai0="2,4,9,10,12,17,21,22,85,89,125,126,127" hai1="5,6,7,18,19,86,88" /><INIT seed="0,1,1,5,0,91" ten="255,265,235,235" oya="0" hai0="86,95,8,100,135,32,20,3,49,99,16,31,115" hai1="129,13,33,57,58,71,107,43,113,92,102,81,64" hai2="133,14,40,24,27,39,101,60,25,52,119,93,82" hai3="42,120,15,127,125,45,22,70,53,103,36,51,7"/><T111/><D115/><U124/><E129/><V66/><F133/><W131/><G131/><T67/><D135/><U46/><E124/><N who="3" m="47690" /><G70/><T30/><D111/><U114/><E33/><V88/><F119/><W48/><G120/><T38/><D38/><U110/><E110/><V37/><F40/><W72/><G72/><T83/><D32/><U35/><E35/><V121/><F121/><W18/><G103/><T6/><D49/><N who="3" m="19017" /><G7/><T50/><D67/><U104/><E81/><V106/><F106/><W54/><AGARI ba="1,1" hai="15,18,22,36,42,45,53,54" m="19017,47690" machi="54" ten="30,1100,0" yaku="18,1" doraHai="91" who="3" fromWho="3" sc="255,-6,265,-4,235,-4,235,24" /><INIT seed="1,0,0,3,3,112" ten="249,261,231,259" oya="1" hai0="128,79,62,56,43,23,17,119,132,20,39,24,118" hai1="42,85,53,11,76,36,131,41,60,16,84,94,95" hai2="30,46,68,5,100,8,2,10,93,74,134,115,61" hai3="91,107,12,32,96,58,116,92,3,69,29,82,40"/><U22/><E131/><V135/><F115/><W72/><G69/><T55/><D128/><U38/><E11/><V28/><F74/><W0/><G40/><N who="1" m="15466" /><E38/><V70/><F46/><W21/><G32/><T114/><D114/><U111/><E36/><V33/><F33/><W18/><G29/><T87/><D132/><N who="2" m="50730" /><F8/><W64/><G107/><T52/><D55/><U75/><E75/><V78/><F78/><W122/><G122/><T54/><D54/><U98/><E111/><V130/><F130/><W26/><G12/><T48/><D39/><U120/><E76/><V106/><F106/><W19/><G19/><T9/><D9/><U14/><E120/><V1/><F1/><W59/><G82/><T104/><D104/><U4/><E4/><V97/><F70/><W121/><G72/><T81/><REACH who="0" step="1"/><D20/><REACH who="0" ten="239,261,231,259" step="2"/><U77/><E77/><V103/><F103/><W15/><G21/><T63/><D63/><U13/><E60/><V45/><F45/><AGARI ba="0,1" hai="17,23,24,43,45,48,52,56,62,79,81,87,118,119" machi="45" ten="40,8000,1" yaku="1,1,52,2,54,1,53,0" doraHai="112" doraHaiUra="71" who="0" fromWho="2" sc="239,90,261,0,231,-80,259,0" /><INIT seed="2,0,0,4,5,111" ten="329,261,151,259" oya="2" hai0="85,15,61,22,91,131,34,60,47,5,46,86,79" hai1="109,125,39,87,133,122,119,70,18,82,26,104,36" hai2="89,23,38,29,81,49,106,121,28,10,135,88,57" hai3="31,77,55,134,127,95,43,21,83,84,113,25,75"/><V74/><F121/><W126/><G134/><T117/><D34/><U14/><E133/><V112/><F38/><W108/><G108/><T116/><D131/><U41/><E109/><V96/><F135/><W24/><G43/><T101/><D101/><U103/><E70/><V124/><F124/><N who="3" m="47659" /><G55/><T16/><D5/><U40/><E119/><N who="0" m="45641" /><D79/><U48/><E26/><V58/><F112/><W66/><G66/><T71/><D85/><U100/><E104/><V35/><F35/><W102/><G24/><T0/><D0/><U62/><E62/><N who="0" m="24169" /><D71/><U129/><E122/><V128/><F128/><W65/><G65/><T80/><AGARI ba="0,0" hai="15,16,22,46,47,80,86,91" m="24169,45641" machi="80" ten="30,2000,0" yaku="12,1,54,1" doraHai="111" who="0" fromWho="0" sc="329,20,261,-5,151,-10,259,-5" /><INIT seed="3,0,0,0,2,14" ten="349,256,141,254" oya="3" hai0="91,15,64,123,70,51,96,3,117,121,66,16,48" hai1="116,132,19,52,114,12,41,27,92,33,24,98,29" hai2="133,69,115,42,127,72,113,77,10,74,82,94,100" hai3="38,13,40,110,44,86,21,47,62,4,58,56,131"/><W61/><G131/><T9/><D117/><U128/><E132/><V107/><F69/><W22/><G110/><T106/><D3/><U30/><E128/><V122/><F10/><W18/><G4/><T112/><D112/><U105/><E105/><V83/><F42/><W60/><G47/><T50/><D70/><U34/><E41/><V31/><F31/><W126/><G126/><T53/><D53/><U1/><E1/><V20/><F20/><W68/><G68/><T79/><D79/><U26/><E116/><V101/><F107/><W78/><G22/><T97/><D97/><U65/><E65/><V67/><F67/><W54/><G58/><T75/><D75/><U90/><E114/><V11/><F11/><W17/><G17/><T32/><D32/><U103/><E27/><V84/><F133/><W108/><G108/><T49/><D49/><U63/><E103/><V125/><F122/><W95/><G78/><T87/><D121/><U124/><E124/><V59/><F59/><W109/><G109/><T111/><D123/><U5/><E5/><V102/><F94/><W135/><G135/><T55/><D111/><U6/><E6/><V7/><F101/><W35/><G35/><T71/><D71/><U104/><E104/><V88/><F7/><W129/><G129/><T8/><D106/><U57/><E12/><V28/><F28/><W120/><G120/><T23/><D15/><U46/><E46/><V43/><F43/><W134/><G134/><T99/><D8/><U81/><E81/><V45/><F45/><W36/><G36/><T2/><D9/><RYUUKYOKU ba="0,0" sc="349,-15,256,15,141,-15,254,15" hai1="19,24,26,29,30,33,34,52,57,63,90,92,98" hai3="13,18,21,38,40,44,54,56,60,61,62,86,95" /><INIT seed="3,1,0,0,5,23" ten="334,271,126,269" oya="3" hai0="27,91,64,47,108,49,29,0,2,92,35,41,4" hai1="125,67,111,127,120,88,28,69,31,42,103,1,7" hai2="95,68,34,102,87,16,75,65,84,22,114,37,21" hai3="44,71,105,83,119,90,14,33,116,17,82,80,12"/><W133/><G71/><T43/><D108/><U8/><E111/><V101/><F114/><W59/><G105/><T51/><D64/><U40/><E103/><V24/><F75/><W73/><G73/><T3/><D4/><U129/><E129/><V38/><F34/><W112/><G112/><T121/><D121/><U86/><E120/><V93/><F65/><W128/><G128/><T62/><D62/><U115/><E115/><V79/><F68/><W97/><G33/><T39/><REACH who="0" step="1"/><D43/><REACH who="0" ten="324,271,126,269" step="2"/><U13/><E42/><V106/><F106/><W107/><G133/><T89/><D89/><U78/><E40/><V6/><F6/><W126/><G126/><T70/><D70/><U81/><E67/><V66/><F66/><W98/><G107/><T20/><D20/><U36/><E69/><V52/><F52/><W10/><G90/><T25/><D25/><U135/><E135/><V117/><F117/><W96/><G44/><T63/><D63/><U104/><E104/><V19/><REACH who="2" step="1"/><F79/><REACH who="2" ten="324,271,116,269" step="2"/><W122/><G116/><T131/><D131/><U113/><E113/><V26/><AGARI ba="1,2" hai="16,19,21,22,24,26,37,38,84,87,93,95,101,102" machi="26" ten="25,16000,3" yaku="1,1,2,1,0,1,22,2,52,2,54,1,53,0" doraHai="23" doraHaiUra="55" who="2" fromWho="2" sc="324,-41,271,-41,116,183,269,-81" /><INIT seed="4,0,0,2,0,31" ten="283,230,299,188" oya="0" hai0="97,17,133,100,101,9,49,13,85,41,53,116,117" hai1="88,74,80,119,126,32,62,24,33,55,89,60,45" hai2="82,114,42,76,15,124,107,5,122,98,79,78,22" hai3="69,30,131,11,40,14,125,29,86,113,38,127,77"/><T25/><D133/><U132/><E119/><V27/><F122/><W73/><G69/><T128/><D128/><U103/><E103/><V20/><F107/><W54/><G73/><T118/><D41/><U10/><E24/><V51/><F98/><W56/><G131/><T59/><D85/><U39/><E126/><N who="3" m="48138" /><G113/><T121/><D121/><U106/><E106/><V36/><F36/><W66/><G66/><T65/><D65/><U95/><E132/><V52/><F42/><W91/><G77/><T104/><D101/><U48/><E39/><V18/><F124/><W94/><G40/><T19/><REACH who="0" step="1"/><D25/><REACH who="0" ten="273,230,299,188" step="2"/><U57/><E74/><V87/><F114/><W130/><G130/><T135/><D135/><U111/><E111/><V6/><F79/><W4/><G38/><T129/><D129/><U21/><E89/><V90/><F78/><W34/><G34/><T0/><D0/><U58/><E33/><V23/><F76/><W12/><G12/><T67/><D67/><U105/><E32/><V102/><F102/><W44/><G44/><T61/><D61/><AGARI ba="0,1" hai="4,11,14,29,30,54,56,61,86,91,94" m="48138" machi="61" ten="30,1000,0" yaku="18,1" doraHai="31" who="3" fromWho="0" sc="273,-10,230,0,299,0,188,20" /><INIT seed="5,0,0,5,0,4" ten="263,230,299,208" oya="1" hai0="77,1,104,127,84,63,65,91,10,30,3,119,78" hai1="105,114,31,110,56,8,68,103,16,51,61,45,26" hai2="34,52,82,60,23,133,122,2,69,74,109,75,72" hai3="98,32,131,81,37,9,88,36,19,50,57,38,132"/><U99/><E114/><V97/><F52/><W48/><G32/><T126/><D119/><U55/><E110/><V24/><F23/><W128/><G132/><T33/><D104/><U70/><E8/><V6/><F97/><W49/><G57/><T96/><D96/><U15/><E15/><V27/><F27/><W117/><G117/><T93/><D30/><U118/><E118/><V43/><F43/><W17/><G81/><T42/><D42/><U106/><E105/><V111/><F82/><W86/><G86/><T79/><D33/><U62/><E62/><V101/><F101/><W53/><G53/><T85/><D85/><U39/><E39/><V58/><F58/><W102/><G102/><T134/><D134/><U18/><E70/><V116/><F116/><W20/><G20/><T107/><D107/><U80/><E68/><V129/><F133/><W25/><G25/><T14/><D1/><U66/><REACH who="1" step="1"/><E80/><REACH who="1" ten="263,220,299,208" step="2"/><V115/><F115/><W87/><G9/><T120/><D120/><U135/><E135/><V28/><F122/><W71/><G71/><T124/><D3/><U121/><E121/><V76/><F111/><W40/><G40/><T112/><D112/><U35/><AGARI ba="0,1" hai="16,18,26,31,35,45,51,55,56,61,66,99,103,106" machi="35" ten="20,7800,0" yaku="1,1,0,1,7,1,54,1,53,0" doraHai="4" doraHaiUra="125" who="1" fromWho="1" sc="263,-26,220,88,299,-26,208,-26" owari="237,-16.3,308,40.8,273,7.3,182,-31.8" /></mjloggm>