<mjloggm ver="2.3"><GO type="225" lobby="0"/><UN n0="%E3%82%A2%E3%83%9E%E3%83%9D%EF%BD%9E%EF%BD%9E%E3%83%A9" n1="%E3%81%BF%E3%81%BF%E3%81%9A" n2="%E3%83%96%E3%83%83%E3%83%91%E3%82%AA%E3%83%96%E3%83%81%E3%82%AD%E3%83%B3" n3="%33%74%72%65%65" dan="17,18,16,17" rate="2103.11,2217.55,2170.38,2217.50" sx="M,M,M,F"/><TAIKYOKU oya="0"/><INIT seed="0,0,0,0,1,21" ten="250,250,250,250" oya="0" hai0="0,135,6,132,23,84,98,1,125,50,58,95,61" hai1="53,60,16,119,32,109,43,110,62,24,77,71,18" hai2="55,41,66,35,76,93,97,91,38,19,107,8,128" hai3="64,46,27,30,88,10,133,25,52,120,105,83,40"/><T115/><D115/><U102/><E119/><V22/><F128/><W78/><G105/><T37/><D37/><U56/><E43/><V131/><F131/><W80/><G64/><T31/><D84/><U129/><E77/><V122/><F122/><W68/><G68/><T114/><D50/><U92/><E129/><V116/><F35/><W29/><G120/><T63/><D63/><U12/><E102/><V82/><F116/><W104/><G104/><T47/><D47/><U59/><E92/><V113/><F113/><W42/><G133/><N who="0" m="51275" /><D6/><U127/><E127/><V51/><F107/><W79/><G46/><T74/><D74/><U33/><E71/><V44/><F66/><W28/><G28/><T15/><D114/><U36/><E36/><V106/><F106/><W126/><G126/><T86/><D86/><U14/><REACH who="1" step="1"/><E53/><REACH who="1" ten="250,240,250,250" step="2"/><V11/><F38/><W39/><G39/><T54/><D125/><U101/><E101/><V89/><F41/><W57/><G52/><T5/><D95/><U7/><E7/><V81/><F91/><W87/><G88/><T26/><D98/><U130/><E130/><V123/><F123/><W75/><G42/><T96/><D96/><U2/><E2/><V111/><F111/><W73/><G40/><T49/><D49/><U45/><E45/><V100/><F100/><W108/><G108/><T90/><D90/><U48/><E48/><V69/><F69/><W117/><G117/><T85/><D85/><U65/><E65/><V72/><REACH who="2" step="1"/><F82/><REACH who="2" ten="250,240,240,250" step="2"/><W124/><G124/><T70/><D70/><U3/><E3/><V121/><F121/><RYUUKYOKU ba="0,2" sc="250,10,240,10,240,10,250,-30" hai0="0,1,5,15,23,26,31,54,58,61" hai1="12,14,16,18,24,32,33,56,59,60,62,109,110" hai2="8,11,19,22,44,51,55,72,76,81,89,93,97" /><INIT seed="0,1,2,0,2,102" ten="260,250,250,220" oya="0" hai0="85,95,17,68,71,58,7,96,94,12,57,127,129" hai1="114,133,111,121,103,80,89,53,128,29,90,110,63" hai2="134,10,73,117,6,125,42,104,37,13,91,77,81" hai3="21,70,33,5,120,45,18,39,118,116,48,130,8"/><T52/><D127/><U2/><E121/><V115/><F125/><W100/><G120/><T61/><D129/><U27/><E128/><V35/><F115/><W3/><G130/><T75/><D75/><U108/><E2/><N who="2" m="343" /><F134/><W99/><G70/><T62/><D7/><U26/><E133/><V122/><F13/><W105/><G39/><T106/><D106/><U30/><E114/><V86/><F122/><W43/><REACH who="3" step="1"/><G33/><REACH who="3" ten="260,250,250,210" step="2"/><T135/><D135/><U50/><E110/><V47/><F35/><W34/><G34/><T98/><D71/><U109/><E108/><V72/><F117/><W66/><G66/><T31/><D68/><U79/><E109/><V107/><F73/><W25/><AGARI ba="1,3" hai="3,5,8,18,21,25,43,45,48,99,100,105,116,118" machi="25" ten="20,8000,1" yaku="1,1,0,1,7,1,52,1,53,1" doraHai="102" doraHaiUra="14" who="3" fromWho="3" sc="260,-41,250,-21,250,-21,210,113" /><INIT seed="1,0,0,1,5,50" ten="219,229,229,323" oya="1" hai0="85,101,65,104,132,22,24,115,69,14,133,63,40" hai1="29,81,119,44,6,127,89,17,10,19,59,130,23" hai2="117,122,54,106,15,71,80,110,42,76,70,78,67" hai3="98,118,61,123,103,55,129,88,34,87,52,121,114"/><U120/><E119/><V32/><F117/><W128/><G114/><T37/><D115/><U30/><E120/><N who="3" m="46154" /><G34/><T62/><D62/><U49/><E127/><V105/><F42/><W35/><G35/><T109/><D109/><U100/><E130/><N who="3" m="50282" /><G61/><T79/><D14/><N who="1" m="5463" /><E59/><V58/><F80/><N who="3" m="49255" /><G118/><T135/><D63/><U33/><E100/><V60/><F32/><W93/><AGARI ba="0,0" hai="52,55,93,98,103" m="49255,50282,46154" machi="93" ten="30,8000,1" yaku="19,1,52,2,54,2" doraHai="50" who="3" fromWho="3" sc="219,-20,229,-40,229,-20,323,80" /><INIT seed="2,0,0,1,2,19" ten="199,189,209,403" oya="2" hai0="39,66,42,135,22,38,92,2,120,21,134,43,123" hai1="86,71,12,18,45,118,80,13,90,51,60,113,27" hai2="0,49,65,26,89,47,131,8,55,109,129,68,121" hai3="104,128,107,132,83,124,14,70,24,103,3,75,119"/><V84/><F121/><W127/><G3/><T50/><D2/><U96/><E118/><V48/><F68/><W17/><G70/><T125/><D50/><U97/><E113/><V101/><F65/><W34/><G119/><T64/><REACH who="0" step="1"/><D92/><REACH who="0" ten="189,189,209,403" step="2"/><U37/><E37/><V58/><F49/><W94/><G94/><T29/><D29/><U46/><E46/><V106/><F48/><W126/><G126/><AGARI ba="0,1" hai="21,22,38,39,42,43,64,66,120,123,125,126,134,135" machi="126" ten="25,12000,2" yaku="1,1,22,2,52,2,53,2" doraHai="19" doraHaiUra="16" who="0" fromWho="3" sc="189,130,189,0,209,0,403,-120" /><INIT seed="3,0,0,2,5,117" ten="319,189,209,283" oya="3" hai0="80,18,135,74,30,83,2,55,37,61,129,110,62" hai1="13,57,131,17,101,58,72,16,34,92,8,104,10" hai2="20,53,63,97,4,25,68,5,93,91,122,98,106" hai3="86,116,51,56,79,75,24,11,133,23,100,64,52"/><W46/><G116/><T28/><D110/><U76/><E34/><V38/><F38/><W81/><G133/><T19/><D2/><U130/><E104/><V27/><F68/><W31/><G100/><T6/><D6/><N who="2" m="2666" /><F106/><W128/><G128/><N who="1" m="49194" /><E72/><V40/><F122/><W109/><G109/><T118/><D55/><U26/><E76/><V88/><F40/><W85/><G11/><T49/><D49/><U71/><E71/><V121/><F121/><W42/><REACH who="3" step="1"/><G64/><REACH who="3" ten="319,189,209,273" step="2"/><T33/><D118/><U9/><E26/><V44/><F27/><W95/><G95/><T39/><D135/><U12/><E8/><V60/><F25/><W69/><G69/><T126/><D129/><U78/><E78/><V108/><F108/><W114/><G114/><T1/><D1/><U48/><E48/><AGARI ba="0,1" hai="23,24,31,42,46,48,51,52,56,75,79,81,85,86" machi="48" ten="30,5800,0" yaku="1,1,7,1,54,1,53,0" doraHai="117" doraHaiUra="32" who="3" fromWho="1" sc="319,0,189,-58,209,0,273,68" owari="319,11.9,131,-36.9,209,-19.1,341,44.1" /></mjloggm>