<mjloggm ver="2.3"><GO type="225" lobby="0"/><UN n0="%70%68%65%6E%6F%6D%65" n1="%E3%83%96%E3%83%83%E3%83%91%E3%82%AA%E3%83%96%E3%83%81%E3%82%AD%E3%83%B3" n2="%E9%A6%AC%E5%BC%95%E7%81%AB%33" n3="%E3%82%B3%E3%83%90%E3%83%AC%E3%82%A4" dan="16,16,16,16" rate="2171.04,2207.12,2148.30,2145.38" sx="M,M,M,M"/><TAIKYOKU oya="0"/><INIT seed="0,0,0,0,5,12" ten="250,250,250,250" oya="0" hai0="115,92,120,29,20,97,66,8,30,42,87,24,70" hai1="40,96,39,124,85,11,4,102,36,16,37,107,0" hai2="59,26,83,49,75,55,88,80,44,32,35,133,65" hai3="27,114,78,67,62,72,21,104,48,57,94,135,64"/><T77/><D115/><U113/><E124/><V76/><F133/><W95/><G104/><T31/><D120/><U18/><E113/><V128/><F128/><W109/><G135/><T47/><D8/><U132/><E132/><V121/><F121/><W73/><G114/><T9/><D9/><U112/><E112/><V86/><F65/><W125/><G125/><T82/><D66/><U134/><E134/><V53/><REACH who="2" step="1"/><F26/><REACH who="2" ten="250,250,240,250" step="2"/><W122/><G122/><T6/><D70/><U52/><E40/><V110/><F110/><W50/><G109/><T117/><D117/><U10/><E52/><V46/><F46/><W14/><G67/><T33/><D33/><U89/><REACH who="1" step="1"/><E11/><REACH who="1" ten="250,240,240,250" step="2"/><V131/><F131/><W5/><G64/><T81/><D42/><U60/><E60/><AGARI ba="0,2" hai="32,35,44,49,53,55,59,60,75,76,80,83,86,88" machi="60" ten="30,3900,0" yaku="1,1,7,1,54,1,53,0" doraHai="12" doraHaiUra="116" who="2" fromWho="1" sc="250,0,240,-39,240,59,250,0" /><INIT seed="1,0,0,4,0,121" ten="250,201,299,250" oya="1" hai0="98,92,33,99,90,50,81,115,117,23,120,63,134" hai1="0,3,133,62,76,130,25,89,118,60,18,44,123" hai2="104,64,135,96,129,110,48,93,88,119,26,124,65" hai3="6,68,35,108,2,52,114,42,85,47,41,10,61"/><U11/><E118/><V97/><F119/><W38/><G35/><T128/><D117/><U95/><E123/><V21/><F124/><W78/><G114/><T116/><D116/><U19/><E76/><V5/><F135/><W32/><G32/><T30/><D115/><U16/><E133/><V55/><F129/><W91/><G78/><T94/><D120/><U127/><E127/><V109/><F5/><W71/><G41/><T53/><D134/><U75/><E75/><V31/><F97/><W4/><G6/><T131/><D33/><U122/><E122/><V37/><F37/><W132/><G132/><T113/><D113/><U43/><E130/><V20/><F20/><W13/><G2/><T51/><D81/><U80/><E80/><V79/><F79/><W45/><G45/><T86/><D128/><U112/><E25/><V125/><F104/><W106/><G106/><T36/><D36/><U46/><E46/><N who="2" m="28055" /><F125/><W7/><G4/><T126/><D86/><U22/><E112/><V40/><F40/><W49/><G38/><T77/><D77/><U9/><E22/><V100/><F100/><W82/><G68/><T101/><D126/><U59/><E0/><V67/><F67/><W66/><G42/><T14/><D131/><U29/><E3/><V54/><F54/><W34/><G34/><T39/><D39/><U27/><E9/><V107/><F107/><W105/><G105/><T17/><REACH who="0" step="1"/><D30/><REACH who="0" ten="240,201,299,250" step="2"/><U102/><E29/><V58/><F31/><W83/><G82/><T8/><D8/><U12/><E11/><V57/><F21/><W70/><G83/><RYUUKYOKU ba="0,1" sc="240,30,201,-10,299,-10,250,-10" hai0="14,17,23,50,51,53,63,90,92,94,98,99,101" /><INIT seed="2,1,1,3,5,79" ten="270,191,289,240" oya="2" hai0="59,104,6,108,60,21,18,35,15,26,105,10,76" hai1="46,83,65,113,29,114,94,62,9,34,33,127,5" hai2="115,72,80,27,40,12,43,39,36,42,78,93,90" hai3="53,117,57,38,103,24,98,118,73,0,49,74,68"/><V81/><F115/><W101/><G0/><T20/><D108/><U92/><E127/><V77/><F27/><W122/><G38/><T119/><D119/><U132/><E132/><V58/><F58/><W63/><G122/><T121/><D121/><U91/><E94/><V28/><F28/><W126/><G126/><T99/><D35/><U110/><E110/><V86/><REACH who="2" step="1"/><F12/><REACH who="2" ten="270,191,279,240" step="2"/><W48/><G118/><T17/><D59/><U37/><E29/><V128/><F128/><W120/><G117/><T135/><D26/><U55/><E114/><V45/><F45/><W13/><G120/><T88/><D15/><U116/><E113/><V106/><F106/><W134/><G24/><T41/><D104/><U14/><E116/><V61/><F61/><W85/><G63/><T32/><D60/><U56/><E46/><V51/><F51/><W109/><G49/><T130/><D105/><U112/><E112/><V2/><F2/><W133/><G109/><T89/><D130/><U22/><E65/><V124/><F124/><W66/><G66/><T3/><D3/><U129/><E129/><V47/><F47/><W16/><G48/><T69/><D135/><U23/><E37/><V102/><F102/><W64/><G134/><T50/><D50/><U95/><E33/><V31/><F31/><W71/><G133/><T19/><D32/><U87/><REACH who="1" step="1"/><E34/><REACH who="1" ten="270,181,279,240" step="2"/><V8/><F8/><W82/><G64/><T75/><D10/><U67/><E67/><V52/><F52/><W97/><G53/><T25/><D25/><U131/><E131/><V111/><F111/><W70/><G68/><RYUUKYOKU ba="1,3" sc="270,-15,181,15,279,15,240,-15" hai1="5,9,14,22,23,55,56,62,83,87,91,92,95" hai2="36,39,40,42,43,72,77,78,80,81,86,90,93" /><INIT seed="2,2,3,1,0,119" ten="255,196,294,225" oya="2" hai0="20,77,67,28,103,3,37,54,9,59,111,51,129" hai1="123,89,107,70,121,120,2,43,18,93,48,116,81" hai2="27,19,60,95,100,13,131,66,96,32,104,72,101" hai3="117,108,80,68,97,42,31,86,50,34,109,134,99"/><V118/><F118/><W71/><G117/><T127/><D111/><N who="3" m="42569" /><G134/><T40/><D129/><U115/><E116/><V74/><F131/><W35/><G50/><T90/><D127/><U6/><E115/><V76/><F76/><W41/><G31/><T55/><D103/><U24/><E107/><V8/><F95/><W17/><G17/><T98/><D77/><U122/><E122/><V92/><F92/><W11/><G11/><T113/><D113/><U23/><E70/><N who="3" m="26666" /><G86/><T94/><D37/><U91/><E81/><V135/><F135/><W83/><G80/><T58/><D40/><N who="3" m="15465" /><G83/><T15/><D3/><U25/><E25/><V0/><F0/><W85/><G85/><T82/><D82/><U105/><E105/><V56/><F100/><W106/><G106/><T53/><D28/><U44/><E93/><V45/><F32/><AGARI ba="2,3" hai="32,34,35,97,99" m="15465,26666,42569" machi="32" ten="40,5200,0" yaku="28,2,14,1" doraHai="119" who="3" fromWho="2" sc="255,0,196,0,294,-58,225,88" /><INIT seed="3,0,0,5,1,115" ten="255,196,236,313" oya="3" hai0="77,103,23,105,126,49,65,121,41,124,64,72,10" hai1="25,88,79,13,119,39,1,94,111,24,7,20,61" hai2="37,81,129,46,44,12,51,31,3,26,96,122,43" hai3="29,86,110,82,98,84,17,67,85,99,57,22,71"/><W28/><G71/><T113/><D121/><U117/><E39/><V69/><F3/><W91/><G110/><T14/><D113/><U112/><E112/><V123/><F129/><W127/><G127/><N who="0" m="48683" /><D23/><U93/><E111/><V131/><F131/><W106/><G106/><T100/><D77/><U11/><E79/><V90/><F69/><W107/><G107/><T30/><D72/><U68/><E1/><V21/><F12/><W66/><G82/><T5/><D30/><N who="3" m="11881" /><G91/><T52/><D41/><U97/><E94/><V102/><F90/><W114/><G114/><T45/><D105/><U36/><E36/><V78/><F96/><N who="3" m="36907" /><G57/><T27/><D27/><AGARI ba="0,0" hai="17,22,27,66,67,84,85,86" m="36907,11881" machi="27" ten="30,1500,0" yaku="8,1" doraHai="115" who="3" fromWho="0" sc="255,-15,196,0,236,0,313,15" owari="240,4.0,196,-30.4,236,-16.4,328,42.8" /></mjloggm>