<mjloggm ver="2.3"><GO type="225" lobby="0"/><UN n0="%33%74%72%65%65" n1="%E3%83%A9%E3%83%96%E3%83%AC%E3%83%BC" n2="%E5%A4%8F%E9%88%B4%E9%88%B4%E5%A4%8F" n3="%E3%81%AF%E3%82%88%E3%81%8A%E3%81%98%E3%81%95%E3%82%93" dan="17,16,16,17" rate="2179.89,2148.12,2105.85,2137.48" sx="F,M,F,M"/><TAIKYOKU oya="0"/><INIT seed="0,0,0,3,2,60" ten="250,250,250,250" oya="0" hai0="16,36,101,111,34,65,73,134,76,39,30,54,15" hai1="74,75,4,11,43,19,81,131,90,110,22,6,116" hai2="3,129,66,12,62,91,108,114,10,93,14,82,68" hai3="35,27,55,71,122,127,59,45,77,40,69,9,32"/><T13/><D134/><U8/><E116/><V51/><F114/><W63/><G127/><T31/><D101/><U92/><E110/><V2/><F108/><W1/><G122/><T47/><D111/><U97/><E131/><V118/><F118/><W99/><G77/><T28/><D34/><U125/><E125/><V70/><F70/><W112/><G112/><T18/><D73/><U100/><E43/><V102/><F102/><W88/><G1/><T64/><D76/><U84/><E75/><V25/><F82/><W95/><G9/><N who="1" m="3658" /><E74/><V121/><F121/><W0/><G0/><T29/><D29/><U126/><E126/><V50/><F25/><AGARI ba="0,0" hai="4,6,19,22,25,81,84,90,92,97,100" m="3658" machi="25" ten="30,1000,0" yaku="8,1" doraHai="60" who="1" fromWho="2" sc="250,0,250,10,250,-10,250,0" /><INIT seed="1,0,0,3,3,46" ten="250,260,240,250" oya="1" hai0="22,28,44,14,63,96,65,84,70,87,29,39,37" hai1="81,135,62,117,113,75,59,45,0,42,112,123,35" hai2="83,99,58,74,41,92,128,100,32,54,12,66,133" hai3="3,121,108,21,109,76,49,60,119,51,94,114,73"/><U15/><E117/><V116/><F116/><W40/><G114/><T107/><D29/><U64/><E123/><V118/><F32/><W23/><G121/><T67/><D67/><U95/><E0/><V36/><F118/><W52/><G3/><T82/><D84/><U38/><E135/><V20/><F128/><W48/><G119/><T18/><D28/><U110/><E35/><V126/><F133/><W80/><G40/><T77/><REACH who="0" step="1"/><D44/><REACH who="0" ten="240,260,240,250" step="2"/><U43/><E113/><V127/><F66/><W13/><G109/><T10/><D10/><U9/><E112/><V78/><F127/><W8/><G108/><T102/><AGARI ba="0,1" hai="14,18,22,37,39,63,65,70,77,82,87,96,102,107" machi="102" ten="30,2000,0" yaku="1,1,0,1,53,0" doraHai="46" doraHaiUra="33" who="0" fromWho="0" sc="240,30,260,-10,240,-5,250,-5" /><INIT seed="2,0,0,3,1,41" ten="270,250,235,245" oya="2" hai0="77,2,111,12,95,74,66,110,28,30,18,94,103" hai1="105,91,4,125,129,117,69,51,31,50,116,80,6" hai2="34,55,24,33,115,3,106,49,108,121,112,114,102" hai3="134,127,118,38,64,17,132,84,123,32,47,126,46"/><V7/><F121/><W60/><G32/><T88/><D2/><U72/><E105/><V56/><F24/><W26/><G123/><T27/><D66/><U107/><E69/><V35/><F108/><N who="0" m="41514" /><D103/><U73/><E107/><V62/><F62/><W113/><G118/><T16/><D94/><U37/><E37/><V83/><F83/><W9/><G113/><T71/><D71/><U89/><E80/><V40/><F40/><N who="3" m="22807" /><G84/><N who="0" m="52615" /><D12/><U128/><REACH who="1" step="1"/><E31/><REACH who="1" ten="270,240,235,245" step="2"/><V124/><F124/><AGARI ba="0,1" hai="4,6,50,51,72,73,89,91,116,117,124,125,128,129" machi="124" ten="25,6400,0" yaku="1,1,2,1,22,2,53,0" doraHai="41" doraHaiUra="39" who="1" fromWho="2" sc="270,0,240,74,235,-64,245,0" /><INIT seed="3,0,0,2,2,6" ten="270,314,171,245" oya="3" hai0="64,59,90,49,86,9,131,34,65,13,63,35,130" hai1="68,114,72,97,50,58,27,77,111,36,31,102,118" hai2="22,126,41,20,78,61,1,19,87,21,0,55,47" hai3="121,33,52,124,43,110,10,71,113,5,18,7,15"/><W103/><G121/><T39/><D39/><U133/><E114/><V29/><F126/><W104/><G113/><T81/><D64/><U123/><E68/><V122/><F122/><W83/><G33/><T127/><D127/><U91/><E36/><V82/><F0/><W105/><G124/><T51/><D34/><U107/><E72/><V67/><F1/><W2/><G71/><T96/><D35/><U62/><E50/><V38/><F29/><W128/><G43/><T106/><D106/><U80/><E91/><V25/><F55/><W17/><G128/><N who="0" m="49195" /><D96/><U53/><E118/><V93/><F93/><W109/><G83/><T69/><D69/><U92/><E107/><V14/><F61/><W42/><G42/><T129/><N who="0" m="49203" /><T57/><DORA hai="28" /><D57/><U4/><E80/><V115/><F67/><W40/><G40/><T75/><D75/><U54/><E62/><V37/><F115/><W125/><G125/><T85/><D85/><U16/><E58/><V46/><F46/><W120/><G120/><T26/><D26/><U99/><E27/><V135/><F38/><W12/><G2/><T116/><D116/><U94/><E54/><V74/><F135/><W88/><G52/><T44/><D44/><U117/><E133/><V84/><REACH who="2" step="1"/><F22/><REACH who="2" ten="270,314,161,245" step="2"/><N who="3" m="11559" /><G105/><T79/><D65/><U8/><E53/><V23/><F23/><W76/><G104/><T119/><D63/><U108/><E117/><V70/><F70/><W95/><G95/><T98/><D119/><U100/><E94/><V45/><F45/><W73/><G103/><T66/><D66/><U11/><E123/><RYUUKYOKU ba="0,1" sc="270,-10,314,-10,161,30,245,-10" hai2="14,19,20,21,25,37,41,47,74,78,82,84,87" owari="260,6.0,314,41.4,191,-30.9,235,-16.5" /></mjloggm>