<mjloggm ver="2.3"><GO type="225" lobby="0"/><UN n0="%E3%81%BD%E3%81%A1%E3%81%9F%E3%81%93%E3%82%84" n1="%E3%81%90%E3%81%A1%E3%82%84%E3%81%BE" n2="%77%72%77%72%77%72%77%72" n3="%E7%99%BD%E5%80%89%E5%AF%9B%E4%B9%8B" dan="17,16,17,16" rate="2152.69,2129.59,2201.84,2145.58" sx="M,M,M,M"/><TAIKYOKU oya="0"/><INIT seed="0,0,0,2,0,113" ten="250,250,250,250" oya="0" hai0="56,52,130,78,23,85,122,82,35,43,24,117,6" hai1="129,79,20,41,68,111,89,121,3,109,110,55,72" hai2="18,108,37,4,116,71,112,58,127,114,132,77,59" hai3="22,119,84,99,11,33,47,131,45,12,49,17,0"/><T92/><D122/><U50/><E121/><V9/><F71/><W19/><G131/><T135/><D130/><U104/><E129/><V32/><F37/><W21/><G33/><T97/><D135/><U73/><E3/><V86/><F132/><W7/><G119/><T80/><D117/><U76/><E68/><V46/><F116/><W1/><G1/><T36/><D35/><U101/><E41/><V67/><F32/><W69/><G69/><T27/><D6/><U126/><E20/><V53/><F108/><W29/><G29/><T81/><D43/><U88/><E55/><V10/><F127/><W106/><G49/><N who="0" m="30735" /><D36/><U105/><E50/><V93/><F46/><W134/><G134/><T40/><D40/><U90/><E126/><V51/><F18/><W2/><G2/><T14/><D14/><U65/><E65/><V48/><F10/><W64/><G64/><T28/><D27/><U103/><E103/><AGARI ba="0,0" hai="23,24,28,78,80,81,82,85,92,97,103" m="30735" machi="103" ten="30,2900,0" yaku="8,1,54,1" doraHai="113" who="0" fromWho="1" sc="250,29,250,-29,250,0,250,0" /><INIT seed="0,1,0,2,1,111" ten="279,221,250,250" oya="0" hai0="65,17,32,108,134,2,81,129,94,61,8,96,100" hai1="91,0,53,124,107,52,78,42,83,121,34,70,102" hai2="6,119,133,48,18,71,40,128,90,116,130,92,5" hai3="123,118,12,11,26,9,23,54,112,115,110,79,99"/><T25/><D108/><U57/><E121/><V30/><F71/><W97/><G79/><T27/><D129/><N who="2" m="49770" /><F30/><N who="3" m="17759" /><G54/><T103/><D134/><U87/><E0/><V89/><F133/><W28/><G99/><T67/><D100/><U58/><E34/><V86/><F18/><N who="3" m="8463" /><G97/><T3/><D81/><U39/><E124/><V19/><F19/><W24/><G110/><T46/><D46/><U49/><E70/><V135/><F135/><W4/><G123/><T77/><D77/><U85/><E39/><V80/><F40/><W10/><G118/><N who="2" m="45097" /><F48/><W113/><G4/><T22/><D67/><U31/><E42/><V69/><F69/><W20/><AGARI ba="1,0" hai="10,11,20,24,28,112,113,115" m="8463,17759" machi="20" ten="30,8000,1" yaku="34,2,52,3" doraHai="111" who="3" fromWho="3" sc="279,-41,221,-21,250,-21,250,83" /><INIT seed="1,0,0,1,4,117" ten="238,200,229,333" oya="1" hai0="99,90,67,116,18,75,68,36,42,40,81,89,122" hai1="52,92,27,60,50,73,47,46,49,11,71,26,57" hai2="56,126,76,133,86,108,13,80,85,110,38,3,103" hai3="58,101,83,121,44,100,12,17,30,72,34,79,66"/><U119/><E119/><V45/><F3/><W123/><G44/><T82/><D116/><U16/><E73/><V54/><F133/><W28/><G66/><T10/><D122/><U105/><E105/><V5/><F126/><W106/><G58/><T74/><D67/><U70/><E92/><V124/><F124/><W87/><G87/><T41/><D68/><U125/><E125/><V1/><F103/><W37/><G37/><T35/><D35/><U61/><E57/><V129/><F129/><W114/><G114/><T120/><D120/><U55/><E11/><N who="2" m="4335" /><F1/><W23/><G101/><T14/><D36/><U84/><E84/><V63/><F38/><W4/><G4/><T32/><D32/><U93/><E93/><V118/><F118/><W22/><G34/><T97/><D75/><U78/><E78/><V94/><F45/><W112/><G112/><T21/><D10/><U9/><E9/><V95/><F86/><W113/><G113/><T111/><D111/><AGARI ba="0,0" hai="54,56,63,76,80,85,94,95,108,110,111" m="4335" machi="111" ten="30,1000,0" yaku="14,1" doraHai="117" who="2" fromWho="0" sc="238,-10,200,0,229,10,333,0" /><INIT seed="2,0,0,4,2,81" ten="228,200,239,333" oya="2" hai0="7,104,61,18,5,112,134,94,21,59,28,80,42" hai1="87,12,79,76,92,67,98,130,135,117,126,32,48" hai2="100,128,83,31,58,34,43,118,99,125,41,57,17" hai3="121,103,40,14,64,3,70,96,51,56,101,108,39"/><V111/><F118/><W91/><G3/><T71/><D104/><U89/><E117/><V95/><F128/><W30/><G121/><T124/><D112/><U0/><E0/><V102/><F125/><W36/><G108/><T122/><D122/><U50/><E32/><V37/><F111/><W75/><G75/><T109/><D71/><U84/><E126/><V54/><F34/><W132/><G30/><T78/><D124/><U49/><E130/><V44/><F31/><W120/><G14/><T45/><D28/><U1/><E1/><V114/><F114/><W68/><G91/><T115/><D134/><U123/><E123/><V60/><F41/><W55/><G96/><T127/><D94/><U53/><E135/><V74/><F17/><W129/><G103/><T24/><D115/><U107/><E107/><V62/><F83/><W93/><G93/><T20/><D20/><U73/><E73/><V38/><F74/><W52/><G101/><T15/><D24/><U85/><E67/><V33/><F33/><W6/><G64/><N who="0" m="38975" /><D109/><U47/><E12/><V13/><F13/><W133/><G129/><T65/><D65/><U86/><N who="1" m="21504" /><DORA hai="46" /><U2/><E2/><V19/><F19/><W23/><G120/><T66/><D66/><U4/><E4/><V22/><F22/><W29/><G6/><T69/><D69/><U88/><E89/><N who="2" m="55791" /><F37/><W10/><G39/><N who="0" m="21727" /><D127/><U113/><E113/><V11/><F11/><W119/><G70/><T63/><D5/><U97/><E97/><V26/><F26/><N who="3" m="16607" /><G68/><T27/><D7/><U131/><E131/><V9/><F9/><RYUUKYOKU ba="0,0" sc="228,-15,200,15,239,15,333,-15" hai1="47,48,49,50,53,76,79,88,92,98" hai2="38,43,44,54,57,58,60,62,100,102" /><INIT seed="2,1,0,1,0,75" ten="213,215,254,318" oya="2" hai0="33,26,86,64,3,9,13,87,51,38,101,128,5" hai1="94,98,44,67,113,62,115,46,72,32,80,53,110" hai2="7,125,107,57,40,36,68,45,121,124,122,127,50" hai3="83,11,35,77,109,73,106,55,84,34,19,132,92"/><V23/><F107/><W88/><G109/><T12/><D38/><U96/><E32/><V20/><F7/><W16/><G132/><T82/><D128/><U15/><E110/><V76/><F20/><W135/><G135/><T114/><D114/><U18/><E98/><V43/><F23/><W60/><G106/><T78/><D101/><U95/><E95/><V119/><F76/><W97/><G73/><T102/><D102/><U71/><E72/><V112/><F112/><W28/><G28/><T1/><D64/><U130/><E130/><V91/><F91/><W29/><G29/><T117/><D117/><U49/><E46/><N who="2" m="23815" /><F119/><W47/><G19/><T14/><D1/><U56/><E80/><V25/><F25/><W27/><G47/><T126/><D126/><U65/><E44/><V2/><F2/><W131/><G131/><T93/><D51/><U30/><E30/><V120/><F57/><N who="3" m="34879" /><G11/><T74/><REACH who="0" step="1"/><D93/><REACH who="0" ten="203,215,254,318" step="2"/><U8/><REACH who="1" step="1"/><E67/><REACH who="1" ten="203,205,254,318" step="2"/><V39/><F39/><W90/><G35/><T54/><D54/><U79/><E79/><V116/><F116/><W21/><G34/><T22/><D22/><U133/><E133/><V10/><F10/><W70/><G77/><T89/><D89/><AGARI ba="1,2" hai="8,15,18,49,53,56,62,65,71,89,94,96,113,115" machi="89" ten="30,2000,0" yaku="1,1,7,1,53,0" doraHai="75" doraHaiUra="0" who="1" fromWho="0" sc="203,-23,205,43,254,0,318,0" /><INIT seed="3,0,0,4,5,67" ten="180,248,254,318" oya="3" hai0="21,6,120,74,80,60,76,128,133,36,112,26,135" hai1="70,64,109,129,71,108,87,0,102,65,98,51,32" hai2="100,48,134,82,86,90,56,7,28,81,8,50,63" hai3="20,53,125,14,68,16,46,130,103,37,113,66,107"/><W2/><G2/><T72/><D120/><U69/><E129/><V126/><F134/><W42/><G113/><T115/><D36/><U121/><E121/><V83/><F126/><W27/><G125/><T13/><D128/><U95/><E0/><V101/><F28/><W99/><G130/><T78/><D60/><U111/><E32/><V54/><F8/><W9/><G53/><T105/><D105/><U77/><E51/><N who="2" m="19499" /><F7/><W18/><G66/><T92/><D92/><AGARI ba="0,0" hai="54,56,63,81,82,83,86,90,92,100,101" m="19499" machi="92" ten="30,1000,0" yaku="8,1" doraHai="67" who="2" fromWho="0" sc="180,-10,248,0,254,10,318,0" owari="170,-33.0,248,-15.2,264,6.4,318,41.8" /></mjloggm>