<mjloggm ver="2.3"><GO type="225" lobby="0"/><UN n0="%33%74%72%65%65" n1="%E3%81%99%E3%81%84%E3%81%BE%E3%81%9B%E3%83%BC%E3%82%93" n2="%E3%83%96%E3%83%83%E3%83%91%E3%82%AA%E3%83%96%E3%83%81%E3%82%AD%E3%83%B3" n3="%E7%99%BD%E5%80%89%E5%AF%9B%E4%B9%8B" dan="17,18,16,16" rate="2209.65,2268.63,2219.69,2072.45" sx="F,M,M,M"/><TAIKYOKU oya="0"/><INIT seed="0,0,0,0,0,72" ten="250,250,250,250" oya="0" hai0="82,96,55,109,37,62,84,57,38,21,127,14,61" hai1="17,118,103,65,11,126,48,75,70,91,123,107,135" hai2="58,27,52,111,92,47,93,33,41,56,25,114,108" hai3="83,31,18,125,42,121,64,81,5,120,78,35,44"/><T94/><D127/><U101/><E118/><V112/><F33/><W105/><G105/><T88/><D109/><N who="2" m="42058" /><F27/><N who="3" m="18943" /><G125/><T29/><D61/><U13/><E123/><N who="3" m="47178" /><G64/><T4/><D29/><U98/><E135/><V0/><F0/><W3/><G18/><T50/><D62/><U116/><E126/><V15/><F25/><W134/><G134/><T115/><D115/><N who="2" m="44074" /><F15/><W46/><G83/><T19/><REACH who="0" step="1"/><D4/><REACH who="0" ten="240,250,250,250" step="2"/><U24/><E116/><V16/><F16/><W8/><G42/><T54/><D54/><U7/><E17/><V9/><F9/><W26/><G26/><T20/><D20/><U86/><E24/><V59/><F52/><W130/><G130/><T67/><D67/><U119/><E65/><V34/><F34/><W97/><G97/><T95/><D95/><U110/><E98/><V60/><F60/><W12/><G3/><T122/><D122/><U6/><E110/><V39/><AGARI ba="0,1" hai="39,41,47,56,58,59,92,93" m="44074,42058" machi="39" ten="40,1500,0" yaku="14,1" doraHai="72" who="2" fromWho="2" sc="240,-7,250,-4,250,25,250,-4" /><INIT seed="1,0,0,4,5,86" ten="233,246,275,246" oya="1" hai0="126,100,101,84,39,54,74,96,5,26,77,63,78" hai1="28,130,50,8,16,27,23,51,43,64,76,72,4" hai2="89,95,20,135,22,94,69,115,88,129,21,40,42" hai3="31,7,106,17,66,81,37,118,107,13,83,1,55"/><U11/><E130/><V19/><F69/><W10/><G37/><T110/><D39/><U60/><E28/><V62/><F129/><W35/><G118/><T53/><D74/><U104/><E104/><V65/><F115/><W61/><G55/><T120/><D110/><U92/><E92/><N who="2" m="35371" /><F135/><W125/><G125/><T82/><D126/><U29/><E29/><V128/><F128/><W109/><G109/><T123/><D5/><U56/><E43/><N who="2" m="16427" /><F65/><W0/><G107/><N who="0" m="63879" /><D101/><U25/><E25/><N who="2" m="14495" /><F62/><W117/><G106/><T93/><D26/><U98/><E98/><V38/><F38/><W124/><G124/><T24/><D24/><U116/><E116/><V122/><F122/><N who="0" m="46634" /><D63/><U91/><E27/><V79/><F79/><N who="0" m="30218" /><D93/><U41/><E4/><V59/><F59/><W99/><G35/><T68/><D68/><U15/><E56/><V6/><F6/><W80/><G31/><T12/><D12/><U119/><E60/><V67/><F67/><W121/><G117/><T113/><D113/><U9/><E64/><V18/><F18/><W114/><G121/><T2/><D2/><U131/><E119/><V102/><F102/><W49/><G114/><T70/><D70/><U105/><E131/><V87/><F87/><W103/><G7/><T32/><D32/><U134/><E105/><V47/><F47/><W44/><G103/><T97/><D97/><U46/><E46/><V36/><F36/><W30/><G99/><T33/><D33/><U48/><E16/><V45/><F45/><W90/><G44/><T108/><D108/><U133/><E15/><V85/><F85/><RYUUKYOKU ba="0,0" sc="233,15,246,-15,275,15,246,-15" hai0="53,54,82,84" hai2="21,22,88,89" /><INIT seed="2,1,0,0,1,31" ten="248,231,290,231" oya="2" hai0="18,115,15,73,0,94,34,69,4,117,40,78,7" hai1="66,9,28,100,109,114,56,98,132,95,52,12,129" hai2="29,102,44,84,126,120,112,21,39,108,33,92,111" hai3="96,65,63,123,106,134,54,51,80,91,131,55,86"/><V24/><F112/><W41/><G123/><T22/><D69/><U104/><E114/><V97/><F120/><W99/><G134/><T17/><D115/><U82/><E132/><V71/><F71/><W16/><G131/><T49/><D117/><U77/><E129/><V61/><F126/><W75/><G75/><T90/><D34/><U13/><E109/><N who="2" m="42059" /><F61/><W116/><G116/><T121/><D121/><U2/><E104/><V35/><F84/><W133/><G133/><T68/><D68/><U45/><E2/><V25/><F25/><W58/><G106/><T11/><D0/><U118/><E118/><V124/><F124/><W70/><G41/><AGARI ba="1,0" hai="21,24,29,33,35,39,41,44,92,97,102" m="42059" machi="41" ten="30,11600,0" yaku="14,1,10,1,52,2" doraHai="31" who="2" fromWho="3" sc="248,0,231,0,290,119,231,-119" /><INIT seed="2,2,0,0,4,24" ten="248,231,409,112" oya="2" hai0="69,117,2,27,5,19,90,105,63,83,91,51,54" hai1="78,73,70,101,133,55,97,0,39,33,48,124,57" hai2="112,37,64,135,22,17,96,79,49,108,130,16,20" hai3="86,113,25,1,53,88,107,4,59,32,62,103,18"/><V72/><F112/><W77/><G113/><T80/><D105/><U127/><E133/><V128/><F37/><W123/><G123/><T85/><D117/><U114/><E114/><V45/><F135/><W84/><G77/><T75/><D2/><U44/><E0/><V95/><F64/><W68/><G68/><T50/><D5/><U100/><E70/><V26/><F108/><W52/><G84/><N who="0" m="50439" /><D75/><U12/><E33/><V42/><F79/><W104/><G103/><T3/><D3/><U121/><E121/><V87/><F87/><W122/><G122/><T92/><D92/><U81/><E12/><V31/><F72/><W76/><G76/><T38/><D38/><U132/><E132/><V110/><F110/><W116/><G116/><T11/><D69/><U47/><E101/><V7/><F7/><W41/><G41/><T111/><D111/><U119/><E39/><V106/><F106/><W30/><G18/><T60/><D50/><U61/><E119/><V34/><F34/><W36/><G36/><T115/><D115/><U65/><REACH who="1" step="1"/><E44/><REACH who="1" ten="248,221,409,112" step="2"/><V134/><F134/><W125/><G125/><T9/><D27/><U82/><E82/><V10/><F26/><W13/><G1/><T109/><D109/><U8/><E8/><V131/><F10/><W74/><G74/><T40/><D9/><U98/><E98/><V71/><F96/><W43/><G13/><T28/><D11/><U67/><E67/><V99/><F99/><W94/><G4/><T56/><D83/><U35/><E35/><V129/><F129/><W6/><G6/><T102/><D102/><RYUUKYOKU ba="2,1" sc="248,-10,221,30,409,-10,112,-10" hai1="47,48,55,57,61,65,73,78,81,97,100,124,127" /><INIT seed="3,3,1,0,4,73" ten="238,251,399,102" oya="3" hai0="131,117,0,62,52,83,65,64,58,47,118,39,98" hai1="90,72,89,102,25,114,124,115,12,68,60,128,20" hai2="100,66,92,110,48,126,120,81,30,135,22,69,51" hai3="122,74,29,61,50,18,40,43,5,85,86,80,79"/><W16/><G122/><T57/><D0/><U127/><E72/><V21/><F110/><W8/><G29/><T56/><D98/><U32/><E128/><V54/><F120/><W91/><G61/><N who="0" m="37927" /><D83/><U109/><E109/><V82/><F135/><W11/><G74/><T132/><D132/><U63/><E102/><V19/><F126/><N who="1" m="48169" /><E12/><N who="2" m="9447" /><F66/><W2/><G11/><T101/><D101/><U116/><E32/><V24/><F69/><W129/><G129/><T130/><D130/><U27/><E27/><V46/><F51/><W133/><G133/><T78/><D78/><U37/><E37/><V105/><F105/><W13/><G2/><T4/><D4/><U88/><E116/><V38/><F38/><W1/><G1/><T10/><D10/><U75/><E75/><V94/><F94/><N who="3" m="54639" /><G40/><N who="0" m="22943" /><D131/><U45/><E45/><AGARI ba="3,1" hai="5,8,13,16,18,43,45,50,79,80,86" m="54639" machi="45" ten="30,11600,0" yaku="25,1,8,1,52,1,54,1" doraHai="73" who="3" fromWho="1" sc="238,0,251,-125,399,0,102,135" /><INIT seed="3,4,0,4,0,135" ten="238,126,399,237" oya="3" hai0="130,101,131,55,51,27,69,80,113,60,14,112,15" hai1="54,99,58,42,33,71,37,34,16,126,119,115,57" hai2="41,7,90,38,109,79,95,86,23,36,84,32,25" hai3="75,70,100,105,50,0,39,74,120,104,56,66,29"/><W78/><G0/><T121/><D121/><U89/><E115/><N who="0" m="44105" /><D101/><U93/><E71/><V92/><F109/><W94/><G39/><T76/><D27/><U72/><E72/><V77/><F32/><W88/><G120/><T5/><D60/><U12/><E119/><V122/><F122/><W125/><G125/><T26/><D26/><U73/><E73/><V43/><F7/><W64/><G29/><T98/><D98/><U128/><E128/><N who="0" m="49193" /><D69/><U82/><E82/><V31/><F38/><W96/><G104/><T3/><D5/><U1/><E1/><V68/><F68/><W19/><G19/><T106/><D106/><U53/><E37/><V59/><F36/><W6/><G6/><T28/><D28/><U9/><E42/><N who="2" m="15883" /><F59/><W45/><G56/><N who="0" m="32895" /><D3/><U61/><REACH who="1" step="1"/><E126/><REACH who="1" ten="238,116,399,237" step="2"/><V17/><F31/><W81/><G75/><AGARI ba="4,1" hai="14,15,75,76,80" m="32895,49193,44105" machi="75" ten="30,2000,0" yaku="11,1,19,1" doraHai="135" who="0" fromWho="3" sc="238,42,116,0,399,0,237,-32" owari="280,8.0,116,-38.4,399,49.9,205,-19.5" /></mjloggm>