<mjloggm ver="2.3"><GO type="225" lobby="0"/><UN n0="%E7%99%BD%E5%80%89%E5%AF%9B%E4%B9%8B" n1="%E6%9C%88%E5%B3%B6%E5%9F%BA" n2="%E6%A1%9C%E8%8A%B1%E9%96%83%E3%80%85" n3="%E3%83%81%E3%83%83%E3%82%BF%E3%82%BD%E3%83%BC" dan="16,17,17,16" rate="2145.72,2206.06,2188.56,2200.64" sx="M,M,M,F"/><TAIKYOKU oya="0"/><INIT seed="0,0,0,5,1,81" ten="250,250,250,250" oya="0" hai0="62,28,0,93,116,118,34,79,85,35,33,86,42" hai1="121,27,31,109,56,11,7,126,129,103,55,40,98" hai2="68,125,44,117,20,9,108,49,6,133,5,111,41" hai3="131,63,102,77,30,76,130,100,13,17,115,114,29"/><T50/><D0/><U74/><E121/><V80/><F125/><W106/><G63/><T119/><D79/><U127/><E74/><V92/><F68/><W39/><G39/><T58/><D28/><U113/><E40/><V105/><F105/><W65/><G106/><T99/><D50/><N who="1" m="30839" /><E109/><N who="2" m="42059" /><F133/><W128/><G65/><T32/><N who="0" m="8192" /><DORA hai="45" /><T96/><D42/><U134/><E27/><V59/><F92/><W73/><G73/><T83/><D83/><U53/><E31/><N who="3" m="11786" /><G17/><T8/><D8/><U48/><E129/><V107/><F107/><W91/><G13/><T94/><D94/><N who="1" m="58839" /><E134/><V101/><F117/><W21/><G21/><T26/><D26/><U14/><E113/><N who="3" m="43018" /><G91/><T19/><D19/><U57/><E126/><V120/><F20/><W84/><G76/><T89/><REACH who="0" step="1"/><D99/><REACH who="0" ten="240,250,250,250" step="2"/><U18/><E127/><V37/><F9/><W47/><G77/><T10/><D10/><U90/><E18/><V82/><F41/><W110/><G110/><T1/><D1/><U70/><E11/><V22/><F49/><W88/><G128/><T112/><D112/><U75/><E48/><V97/><F22/><W3/><G3/><T2/><D2/><U66/><E14/><V71/><F97/><W46/><G130/><T132/><D132/><U61/><E75/><V16/><F16/><W123/><G131/><T12/><D12/><U95/><E7/><V25/><F5/><W51/><G123/><T15/><D15/><U4/><E4/><V52/><F6/><W64/><G51/><T104/><D104/><U124/><E124/><V38/><F38/><W78/><G78/><RYUUKYOKU ba="0,1" sc="240,30,250,-10,250,-10,250,-10" hai0="58,62,85,86,89,93,96,116,118,119" /><INIT seed="0,1,1,4,3,29" ten="270,240,240,240" oya="0" hai0="56,99,67,64,120,79,40,59,103,134,35,129,68" hai1="46,45,86,22,105,71,47,97,70,41,80,92,42" hai2="115,7,50,108,81,58,65,87,28,74,106,8,111" hai3="52,107,69,112,85,1,38,122,23,16,123,93,114"/><T100/><D120/><N who="3" m="46121" /><G107/><T135/><D79/><U63/><E105/><V131/><F115/><N who="3" m="44075" /><G69/><T2/><D2/><U104/><E104/><V3/><F131/><W17/><G38/><T83/><D83/><U5/><E5/><V118/><F118/><W127/><G1/><T101/><D99/><U121/><E121/><V37/><F37/><W19/><G127/><T61/><D129/><U72/><E72/><V73/><F28/><W94/><G52/><T21/><D21/><U77/><E70/><V125/><F106/><W25/><G85/><T90/><D90/><N who="1" m="55447" /><E71/><V124/><F74/><W14/><G17/><T0/><D0/><U10/><E63/><N who="2" m="38135" /><F50/><W27/><G27/><T126/><D126/><N who="2" m="48746" /><F73/><W78/><G78/><AGARI ba="1,1" hai="3,7,8,78,81,87,108,111" m="48746,38135" machi="78" ten="30,1000,0" yaku="18,1" doraHai="29" who="2" fromWho="3" sc="270,0,240,0,240,23,240,-13" /><INIT seed="1,0,0,0,0,66" ten="270,240,263,227" oya="1" hai0="15,58,100,70,25,45,17,114,55,1,0,126,76" hai1="65,47,93,81,92,36,110,133,104,74,121,11,43" hai2="116,78,67,9,30,82,28,130,79,107,3,123,101" hai3="109,4,95,69,21,20,50,135,14,94,72,73,127"/><U34/><E121/><V61/><F123/><W106/><G106/><T85/><D114/><U57/><E133/><V117/><F130/><W77/><G135/><T2/><D100/><U98/><E34/><V29/><F107/><W51/><G4/><T68/><D45/><U122/><E122/><V119/><F101/><W53/><G14/><T62/><D25/><U24/><E110/><V8/><F3/><W118/><G77/><T52/><D55/><U18/><E104/><V132/><F132/><W71/><G53/><T13/><D13/><U37/><E37/><V131/><F131/><W46/><G46/><T83/><REACH who="0" step="1"/><D126/><REACH who="0" ten="260,240,263,227" step="2"/><U102/><E24/><V120/><F120/><W44/><G44/><T87/><D87/><U113/><E113/><V33/><F33/><W31/><G127/><T59/><D59/><U40/><E40/><V97/><F97/><W63/><G109/><T39/><D39/><U124/><E124/><V32/><F32/><W96/><G96/><T42/><D42/><U10/><E47/><V23/><F117/><W89/><G118/><T84/><D84/><U19/><E43/><V90/><F119/><W54/><G54/><T6/><D6/><U129/><E36/><V16/><F116/><W134/><G134/><T7/><D7/><U99/><E129/><V60/><F67/><W86/><G86/><T128/><D128/><U103/><E65/><V49/><F49/><W64/><G64/><T26/><D26/><U41/><E41/><V5/><F5/><W112/><G112/><T111/><D111/><U38/><E38/><V88/><F29/><RYUUKYOKU ba="0,1" sc="260,30,240,-10,263,-10,227,-10" hai0="0,1,2,15,17,52,58,62,68,70,76,83,85" /><INIT seed="2,1,1,4,5,73" ten="290,230,253,217" oya="2" hai0="107,114,85,90,118,106,54,108,0,21,65,123,113" hai1="81,4,15,79,104,26,89,91,14,17,131,18,53" hai2="119,76,60,61,129,100,22,135,6,126,67,112,58" hai3="2,77,124,103,47,11,56,133,83,109,43,38,29"/><V59/><F112/><N who="0" m="43114" /><D54/><U70/><E70/><V128/><F119/><W102/><G109/><T94/><D21/><N who="1" m="13615" /><E104/><N who="0" m="39977" /><D65/><U48/><E131/><N who="2" m="50251" /><F135/><W42/><G124/><T78/><D0/><U116/><E116/><V33/><F33/><W55/><G133/><T16/><D16/><U7/><E79/><V20/><F100/><W49/><G29/><T3/><D3/><U35/><E81/><V23/><F126/><W111/><G42/><T32/><D32/><U72/><E72/><V39/><F39/><W68/><G68/><T34/><D34/><U31/><E31/><V95/><F95/><W110/><G111/><T9/><D9/><N who="1" m="4391" /><E7/><V105/><F105/><W97/><G110/><T93/><D108/><U46/><E35/><V37/><F6/><W75/><G97/><T84/><D118/><U132/><E132/><V50/><F50/><W66/><G66/><T62/><D62/><U98/><E98/><V5/><F5/><AGARI ba="1,1" hai="2,5,11,38,43,47,49,55,56,75,77,83,102,103" machi="5" ten="40,5200,0" yaku="25,2,52,1" doraHai="73" who="3" fromWho="2" sc="290,0,230,0,253,-55,217,65" /><INIT seed="3,0,0,0,5,29" ten="290,230,198,282" oya="3" hai0="56,99,87,1,35,108,22,14,95,129,93,65,32" hai1="6,77,72,106,101,114,62,120,104,61,26,7,103" hai2="68,79,127,8,51,15,23,13,33,58,46,88,111" hai3="21,3,105,43,12,96,5,28,27,134,109,116,98"/><W102/><G116/><T55/><D1/><U135/><E120/><V118/><F68/><W34/><G134/><T86/><D65/><U17/><E135/><V48/><F118/><W126/><G126/><T89/><D108/><U9/><E114/><V39/><F111/><W84/><G109/><T67/><D67/><U119/><E119/><V82/><F127/><W107/><G43/><T132/><D129/><U75/><E77/><V117/><F117/><W0/><G84/><T57/><D57/><U42/><E42/><V20/><F33/><W78/><G78/><T100/><D87/><U54/><E54/><N who="2" m="32095" /><F39/><W25/><G12/><N who="2" m="4681" /><F8/><W81/><G5/><T49/><D132/><U74/><E9/><V40/><F79/><W122/><G122/><T76/><D76/><U2/><E2/><V113/><F113/><W30/><G81/><T19/><AGARI ba="0,0" hai="14,19,22,32,35,49,55,56,86,89,93,95,99,100" machi="19" ten="30,8000,1" yaku="0,1,25,2,52,2" doraHai="29" who="0" fromWho="0" sc="290,80,230,-20,198,-20,282,-40" owari="370,47.0,210,-19.0,178,-32.2,242,4.2" /></mjloggm>