<mjloggm ver="2.3"><GO type="225" lobby="0"/><UN n0="%E3%81%90%E3%81%A1%E3%82%84%E3%81%BE" n1="%E3%83%94%E3%83%B3%E3%82%B5%E3%83%AD%E5%BA%97%E5%93%A1" n2="%E3%83%A9%E3%82%B9%E7%8E%87%EF%BC%93%E5%89%B2" n3="%E3%80%90%E3%83%88%E3%83%AA%E3%83%A5%E3%83%95%E3%80%91" dan="16,16,16,16" rate="2133.82,2172.07,2223.23,2073.37" sx="M,M,F,M"/><TAIKYOKU oya="0"/><INIT seed="0,0,0,3,2,31" ten="250,250,250,250" oya="0" hai0="96,69,101,58,71,112,91,67,7,117,33,110,83" hai1="93,52,1,103,61,32,65,28,0,26,132,130,59" hai2="42,53,134,40,6,123,87,104,98,44,122,29,64" hai3="30,114,63,107,15,135,36,8,74,75,47,66,57"/><T76/><D112/><U70/><E130/><V95/><F104/><W133/><G107/><T3/><D117/><U108/><E108/><V4/><F134/><N who="3" m="51211" /><G30/><T128/><D91/><U81/><E132/><V39/><F64/><W85/><G114/><T24/><D58/><U9/><E9/><V126/><F126/><W115/><G115/><T5/><D128/><U97/><REACH who="1" step="1"/><E81/><REACH who="1" ten="250,240,250,250" step="2"/><V46/><F123/><W13/><G8/><T113/><D83/><U73/><E73/><V23/><F122/><W21/><G21/><T37/><D110/><U78/><E78/><V105/><F23/><W100/><G75/><T80/><D80/><U82/><E82/><V124/><F124/><W27/><G74/><T131/><D76/><U102/><E102/><V35/><F6/><W72/><G100/><T45/><D131/><U88/><E88/><V22/><F4/><W11/><G11/><T86/><D113/><U50/><AGARI ba="0,1" hai="0,1,26,28,32,50,52,59,61,65,70,93,97,103" machi="50" ten="20,8000,1" yaku="1,1,0,1,7,1,52,1,54,1,53,0" doraHai="31" doraHaiUra="129" who="1" fromWho="1" sc="250,-40,240,90,250,-20,250,-20" /><INIT seed="1,0,0,5,5,34" ten="210,330,230,230" oya="1" hai0="18,46,73,133,71,37,52,42,7,38,128,94,49" hai1="45,116,111,79,110,109,15,103,41,12,61,129,83" hai2="5,10,31,88,98,6,119,23,57,36,125,85,56" hai3="17,123,33,67,3,97,115,63,86,82,50,44,104"/><U53/><E116/><V20/><F125/><W21/><G115/><T59/><D73/><U87/><E129/><V29/><F36/><W9/><G33/><T28/><D128/><U99/><E61/><V65/><F98/><W40/><G123/><T113/><D113/><U124/><E53/><V25/><F119/><W58/><G97/><T4/><D133/><U43/><E124/><V127/><F127/><W32/><G32/><T16/><D38/><U54/><E54/><V95/><F65/><W68/><G104/><T106/><D106/><U0/><E0/><V30/><F6/><W66/><G66/><T134/><D134/><U77/><E77/><V92/><F92/><W26/><G68/><T107/><D107/><N who="1" m="63999" /><E43/><V81/><F95/><W74/><G74/><T27/><D71/><U135/><E135/><V62/><F62/><W69/><G69/><T39/><D39/><AGARI ba="0,0" hai="12,15,39,41,45,79,83,87,109,110,111" m="63999" machi="39" ten="30,2900,0" yaku="14,1,10,1" doraHai="34" who="1" fromWho="0" sc="210,-29,330,29,230,0,230,0" /><INIT seed="1,1,0,4,2,69" ten="181,359,230,230" oya="1" hai0="13,128,125,120,30,46,3,42,89,82,99,111,57" hai1="105,95,126,71,80,93,52,90,29,44,49,62,2" hai2="25,45,108,113,92,88,14,109,70,40,91,81,10" hai3="43,122,15,22,115,74,131,84,59,54,127,79,23"/><U20/><E105/><V77/><F70/><W118/><G43/><T100/><D3/><U133/><E2/><V16/><F113/><W110/><G84/><T24/><D111/><N who="2" m="42570" /><F25/><W86/><G86/><T8/><D125/><U50/><E133/><V27/><F27/><W121/><G15/><T1/><D128/><U31/><E126/><V26/><F26/><W28/><G28/><T19/><D120/><U72/><E20/><V123/><F92/><W107/><G79/><T102/><D57/><N who="1" m="35111" /><E72/><N who="2" m="43175" /><F123/><W48/><G127/><T36/><D1/><U38/><E71/><V87/><F87/><W124/><G124/><T67/><D67/><U85/><E50/><AGARI ba="1,0" hai="10,14,16,40,45,50,88,91" m="43175,42570" machi="50" ten="30,3900,0" yaku="14,1,54,2" doraHai="69" who="2" fromWho="1" sc="181,0,359,-42,230,42,230,0" /><INIT seed="2,0,0,2,5,100" ten="181,317,272,230" oya="2" hai0="74,125,93,12,101,117,92,4,7,6,129,35,38" hai1="23,68,16,5,120,96,114,31,82,25,70,59,51" hai2="65,2,124,11,69,28,57,126,122,63,45,119,21" hai3="123,71,130,29,41,14,113,72,13,48,78,64,55"/><V39/><F21/><W42/><G123/><T76/><D38/><U87/><E114/><V44/><F28/><W50/><G130/><T95/><D35/><U33/><E120/><V30/><F30/><W116/><G116/><T20/><D129/><U103/><E5/><V133/><F11/><W24/><G113/><T62/><D125/><N who="2" m="48234" /><F2/><W46/><G78/><T60/><D117/><U81/><E59/><V9/><F9/><W108/><G72/><T22/><D101/><U83/><E51/><V67/><F39/><W107/><G71/><T40/><D40/><U17/><E87/><V53/><F133/><W118/><G118/><T110/><D110/><U52/><E52/><N who="2" m="34215" /><F119/><W88/><G108/><T43/><D43/><U102/><E17/><V131/><F131/><W1/><G1/><T104/><D104/><U128/><E128/><V79/><F79/><W73/><G73/><T56/><D12/><U105/><REACH who="1" step="1"/><E103/><REACH who="1" ten="181,307,272,230" step="2"/><V135/><F122/><W36/><G36/><T132/><D132/><U127/><E127/><V77/><F135/><W84/><G41/><T37/><D37/><U34/><E34/><V89/><F45/><W27/><G29/><T58/><D58/><U15/><AGARI ba="0,1" hai="15,16,23,25,31,33,68,70,81,82,83,96,102,105" machi="15" ten="30,7900,0" yaku="1,1,0,1,52,1,54,1,53,0" doraHai="100" doraHaiUra="112" who="1" fromWho="1" sc="181,-20,307,89,272,-39,230,-20" /><INIT seed="3,0,0,3,4,71" ten="161,396,233,210" oya="3" hai0="37,119,36,59,42,126,15,89,55,91,133,46,83" hai1="27,29,70,18,135,19,0,120,12,40,50,112,69" hai2="54,23,108,60,125,65,99,72,7,57,43,95,2" hai3="68,51,110,9,104,88,105,77,80,127,107,87,79"/><W26/><G68/><T22/><D119/><U114/><E0/><V124/><F72/><W84/><G26/><T86/><D126/><N who="2" m="48746" /><F108/><W53/><G127/><T14/><D133/><U39/><E19/><V93/><F43/><W122/><G110/><T6/><D14/><U1/><E50/><N who="2" m="30935" /><F23/><W61/><G61/><T24/><D89/><U78/><E12/><V13/><F13/><W73/><G9/><T74/><D74/><U85/><E85/><V128/><F99/><W30/><G30/><T96/><D96/><U92/><E92/><V100/><F100/><W3/><G3/><T35/><D35/><U66/><E66/><V106/><F106/><W21/><G21/><T131/><D131/><U48/><E78/><V33/><F33/><W38/><G73/><T109/><D109/><U121/><E70/><N who="2" m="42279" /><F128/><W56/><G77/><T4/><D15/><U130/><E130/><V11/><AGARI ba="0,0" hai="2,7,11,93,95" m="42279,30935,48746" machi="11" ten="30,1100,0" yaku="18,1" doraHai="71" who="2" fromWho="2" sc="161,-3,396,-3,233,11,210,-5" owari="158,-34.2,393,49.3,244,4.4,205,-19.5" /></mjloggm>