<mjloggm ver="2.3"><GO type="225" lobby="0"/><UN n0="%6C%65%74%69%74%62%65" n1="%E9%BB%99%E8%81%B4%E3%81%AE%E3%81%99%E3%82%9D%E3%82%81" n2="%E9%B3%B3%E6%9D%B1%E3%81%AE%E3%81%BF%E3%81%91%E3%81%AB%E3%82%83%E3%82%93" n3="%E3%83%A9%E3%83%BC%E3%83%A1%E3%83%B3%E4%BA%94%E9%83%8E" dan="16,16,16,16" rate="2106.53,2126.07,2101.68,2113.03" sx="M,M,F,M"/><TAIKYOKU oya="0"/><INIT seed="0,0,0,0,3,47" ten="250,250,250,250" oya="0" hai0="130,91,126,131,99,20,101,43,73,64,3,124,114" hai1="11,61,105,120,37,68,67,6,79,81,13,58,119" hai2="96,116,27,85,8,57,33,84,22,34,83,80,94" hai3="102,16,42,32,132,53,25,122,110,23,31,17,89"/><T10/><D64/><U65/><E119/><V49/><F8/><W19/><G102/><T7/><D114/><U77/><E120/><V28/><F116/><W56/><G122/><T18/><D73/><U1/><E105/><V71/><F71/><W9/><G110/><T44/><D91/><U41/><E79/><V63/><F33/><W112/><G112/><T115/><D115/><U87/><E67/><V108/><F34/><W38/><G132/><T45/><D20/><U55/><E41/><V100/><F108/><W26/><G9/><T117/><D18/><U86/><E37/><V113/><F113/><W0/><G0/><T35/><D35/><U76/><E1/><V90/><F63/><W104/><G104/><T92/><D117/><U74/><REACH who="1" step="1"/><E77/><REACH who="1" ten="250,240,250,250" step="2"/><V50/><F57/><W111/><G111/><T128/><REACH who="0" step="1"/><D44/><REACH who="0" ten="240,240,250,250" step="2"/><U88/><E88/><AGARI ba="0,2" hai="22,27,28,49,50,80,83,84,85,88,90,94,96,100" machi="88" ten="30,12000,2" yaku="7,1,9,1,8,1,52,2,54,1" doraHai="47" who="2" fromWho="1" sc="240,0,240,-120,250,140,250,0" /><INIT seed="1,0,0,2,1,135" ten="240,120,390,250" oya="1" hai0="99,83,55,44,37,121,53,109,106,54,28,68,47" hai1="77,104,61,129,82,34,8,21,133,50,20,10,18" hai2="97,123,117,85,115,120,38,107,1,101,118,12,119" hai3="74,42,134,73,80,127,25,125,62,130,22,31,29"/><U16/><E104/><V95/><F1/><W81/><G134/><T98/><D109/><U67/><E133/><V88/><F38/><W41/><G62/><T76/><D68/><U23/><E34/><V11/><F12/><W112/><G112/><T0/><D0/><U39/><E39/><V71/><F71/><W52/><G52/><T48/><D121/><N who="2" m="46666" /><F11/><W13/><G13/><T132/><D132/><U108/><E108/><V111/><F111/><W116/><G130/><T4/><D28/><U32/><E32/><V114/><AGARI ba="0,0" hai="85,88,95,97,101,107,114,115,117,118,119" m="46666" machi="114" ten="40,5200,0" yaku="34,2,54,1" doraHai="135" who="2" fromWho="2" sc="240,-13,120,-26,390,52,250,-13" /><INIT seed="2,0,0,5,4,9" ten="227,94,442,237" oya="2" hai0="99,15,75,120,96,78,76,28,62,130,116,6,81" hai1="41,113,95,33,34,109,134,117,40,119,4,89,20" hai2="32,37,47,91,104,21,98,7,114,38,80,35,133" hai3="25,49,19,54,71,70,24,94,3,102,46,73,64"/><V86/><F114/><W59/><G3/><T101/><D120/><U66/><E113/><V65/><F133/><W87/><G73/><T42/><D130/><U50/><E134/><V17/><F7/><W107/><G107/><T100/><D28/><U110/><E66/><V125/><F65/><W67/><G71/><T52/><D42/><U115/><E115/><V22/><F22/><N who="3" m="13407" /><G70/><T26/><D26/><U122/><E122/><V36/><F47/><W61/><G25/><T55/><D116/><U108/><E4/><V18/><F18/><W126/><G126/><T118/><D118/><N who="1" m="45067" /><E50/><V45/><F45/><W23/><G23/><T103/><D62/><U10/><E10/><V8/><F8/><W58/><G58/><T131/><D131/><U48/><E48/><V57/><F57/><W90/><G102/><T39/><D39/><U43/><E20/><V68/><F68/><W105/><G105/><T121/><D121/><U135/><E135/><V0/><F0/><W60/><G60/><T106/><D106/><U1/><E1/><V82/><F37/><W13/><G13/><T56/><D15/><U127/><E127/><V5/><F38/><W129/><G129/><T69/><D69/><U31/><E31/><V11/><F36/><W128/><G128/><T124/><D124/><U12/><E12/><V29/><F125/><W92/><G67/><T30/><D56/><U112/><E112/><V63/><F63/><W97/><G97/><AGARI ba="0,0" hai="33,34,40,41,43,89,95,97,108,109,110" m="45067" machi="97" ten="40,1300,0" yaku="14,1" doraHai="9" who="1" fromWho="3" sc="227,0,94,13,442,0,237,-13" /><INIT seed="3,0,0,2,2,67" ten="227,107,442,224" oya="3" hai0="70,97,87,10,62,83,78,105,88,95,104,42,41" hai1="108,98,15,61,134,111,77,51,3,52,36,86,58" hai2="135,56,27,120,30,68,24,133,29,109,103,99,8" hai3="1,48,44,46,122,22,13,107,40,18,80,26,129"/><W75/><G122/><T6/><D70/><U19/><E36/><V25/><F68/><W90/><G107/><T69/><D69/><U4/><E134/><N who="2" m="51211" /><F120/><W20/><G1/><T84/><D62/><U100/><E3/><V12/><F56/><W128/><G46/><T16/><D16/><U118/><E4/><N who="2" m="3079" /><F109/><W5/><G5/><T114/><D114/><U92/><E118/><V119/><F119/><W14/><G14/><N who="0" m="5463" /><D105/><AGARI ba="0,0" hai="24,25,27,29,30,99,103,105" m="3079,51211" machi="105" ten="30,1000,0" yaku="20,1" doraHai="67" who="2" fromWho="0" sc="227,-10,107,0,442,10,224,0" owari="217,-18.3,107,-39.3,452,55.2,224,2.4" /></mjloggm>