<mjloggm ver="2.3"><GO type="225" lobby="0"/><UN n0="%E6%81%A5%E6%99%92%E3%81%97" n1="%E3%81%8B%E3%82%8F%E3%81%A1%E3%82%83%E3%82%93%35%38" n2="%41%6F%54" n3="%E5%82%8D%E8%8B%A5%E7%84%A1%E4%BA%BA%35%31" dan="17,16,16,16" rate="2168.43,2167.45,2091.92,2172.46" sx="M,M,M,M"/><TAIKYOKU oya="0"/><INIT seed="0,0,0,2,3,105" ten="250,250,250,250" oya="0" hai0="87,93,29,112,30,110,31,90,60,120,2,94,22" hai1="39,27,65,3,73,67,68,118,16,127,83,58,10" hai2="117,50,80,21,82,40,98,63,51,64,95,5,59" hai3="45,66,109,70,134,41,18,123,99,6,116,115,36"/><T1/><D112/><U132/><E118/><V128/><F128/><W114/><G109/><T56/><D120/><U130/><E68/><V20/><F117/><W108/><G108/><T12/><D110/><U111/><E111/><V17/><F5/><W107/><G134/><T124/><D124/><U38/><E38/><V47/><F51/><W86/><G123/><T113/><D113/><U15/><E39/><V102/><REACH who="2" step="1"/><F20/><REACH who="2" ten="250,250,240,250" step="2"/><W7/><G116/><T28/><D1/><U44/><E3/><V55/><F55/><W57/><G7/><T42/><D2/><U4/><E130/><V81/><F81/><W125/><G6/><T43/><D94/><U54/><E4/><V75/><F75/><W14/><G115/><T84/><D42/><U126/><E83/><V33/><F33/><W79/><G114/><T69/><D43/><U92/><E92/><V96/><F96/><W62/><G99/><T106/><D106/><U133/><E73/><V34/><F34/><W48/><G107/><T23/><D23/><U0/><E0/><V131/><F131/><W49/><G49/><T35/><D93/><U71/><E132/><V78/><F78/><W76/><G86/><T74/><D74/><U52/><E133/><V88/><F88/><W46/><G125/><T122/><D122/><U61/><E127/><V72/><F72/><W19/><G79/><T97/><D87/><U53/><E126/><V104/><F104/><W26/><G76/><T100/><D84/><U121/><E121/><V11/><F11/><N who="3" m="6495" /><G48/><T103/><D97/><U13/><E10/><V9/><F9/><RYUUKYOKU ba="0,1" sc="250,-10,250,-10,240,30,250,-10" hai2="17,21,40,47,50,59,63,64,80,82,95,98,102" /><INIT seed="1,1,1,4,5,71" ten="240,240,270,240" oya="1" hai0="6,25,26,52,127,78,60,8,114,38,105,19,74" hai1="115,102,4,69,29,31,122,66,96,1,83,17,59" hai2="88,47,128,121,37,46,89,34,68,85,112,135,13" hai3="125,44,45,129,10,123,11,64,61,58,81,63,53"/><U131/><E115/><V95/><F121/><W27/><G129/><T39/><D114/><U56/><E122/><V99/><F112/><W84/><G125/><T90/><D105/><U7/><E131/><V65/><F128/><W98/><G123/><T48/><D127/><U67/><E69/><V118/><F118/><W72/><G72/><T43/><D19/><U33/><E33/><V21/><F34/><W106/><G27/><T133/><D133/><U3/><E83/><V55/><F135/><W30/><G30/><N who="1" m="11274" /><E96/><V130/><F130/><W82/><G82/><N who="0" m="45399" /><D60/><U91/><E91/><V9/><F21/><W24/><G24/><T101/><D90/><U108/><E102/><V124/><F65/><N who="1" m="24585" /><E17/><N who="2" m="8367" /><F68/><W12/><G98/><T73/><D101/><U103/><E103/><V23/><F23/><W5/><G106/><T120/><D73/><U79/><E79/><V49/><F124/><W110/><G11/><T57/><D120/><U100/><E100/><V111/><F89/><N who="3" m="51343" /><G63/><T80/><D80/><U76/><E76/><V62/><F99/><W93/><G93/><T16/><D8/><U54/><E108/><V14/><F111/><W77/><G110/><T35/><D35/><U132/><E132/><V113/><F113/><W86/><G64/><T2/><D26/><U20/><E20/><V28/><F62/><W97/><G97/><T94/><D25/><U134/><E134/><V109/><F109/><W117/><G117/><T75/><D75/><U119/><E119/><V41/><F28/><W116/><G116/><T104/><D104/><U15/><E15/><V40/><F14/><RYUUKYOKU ba="1,1" sc="240,-15,240,-15,270,15,240,15" hai2="37,40,41,46,47,49,55,85,88,95" hai3="5,10,12,44,45,53,58,61,77,86" /><INIT seed="2,2,1,2,2,15" ten="225,225,285,255" oya="2" hai0="109,63,14,60,38,4,93,99,117,18,123,125,42" hai1="12,127,81,6,118,84,135,126,86,83,39,24,30" hai2="70,17,122,119,130,3,133,36,2,124,101,53,67" hai3="92,114,32,104,98,16,41,31,120,115,7,49,50"/><V34/><RYUUKYOKU type="yao9" ba="2,1" sc="225,0,225,0,285,0,255,0" hai2="2,3,17,34,36,53,67,70,101,119,122,124,130,133" /><INIT seed="2,3,1,0,4,72" ten="225,225,285,255" oya="2" hai0="126,7,41,32,114,112,48,130,70,30,54,116,85" hai1="66,111,134,14,39,1,24,17,121,12,51,59,20" hai2="94,11,95,106,34,21,9,133,26,38,101,120,25" hai3="131,6,44,74,15,43,99,33,92,96,8,107,84"/><V108/><F120/><W3/><G131/><T62/><D7/><U87/><E39/><V132/><F38/><W60/><G74/><T128/><D85/><U58/><E1/><V69/><F69/><W37/><G33/><T115/><D32/><U47/><E111/><V35/><F106/><W89/><G107/><T2/><D30/><U113/><E113/><V127/><F101/><W93/><G60/><T45/><D2/><U67/><E134/><N who="2" m="51819" /><F127/><W100/><REACH who="3" step="1"/><G3/><REACH who="3" ten="225,225,285,245" step="2"/><T83/><D126/><U64/><E121/><V28/><F34/><W118/><G118/><T71/><D116/><U50/><E87/><AGARI ba="3,2" hai="6,8,15,37,43,44,84,87,89,92,93,96,99,100" machi="87" ten="40,5200,0" yaku="1,1,53,2" doraHai="72" doraHaiUra="91" who="3" fromWho="1" sc="225,0,225,-61,285,0,245,81" /><INIT seed="3,0,0,2,1,20" ten="225,164,285,326" oya="3" hai0="12,26,90,110,89,58,5,53,82,122,113,47,18" hai1="9,92,95,21,116,19,63,28,132,99,128,115,123" hai2="83,72,62,76,73,80,78,44,42,29,124,133,54" hai3="13,22,46,7,131,56,37,130,96,100,24,125,84"/><W98/><G125/><T15/><D113/><U10/><E128/><N who="3" m="49194" /><G56/><T112/><D110/><U104/><E132/><V43/><F133/><W119/><G119/><T11/><D122/><U93/><E115/><V25/><F124/><W65/><G65/><T75/><D47/><U71/><E123/><V55/><F62/><W114/><G114/><T87/><D75/><U2/><E116/><V17/><F17/><W59/><G59/><T68/><D68/><U39/><E39/><V111/><F43/><N who="3" m="22895" /><G84/><T16/><D15/><U129/><E129/><V94/><F94/><W70/><G70/><T8/><D8/><U0/><E0/><V23/><REACH who="2" step="1"/><F111/><REACH who="2" ten="225,164,275,326" step="2"/><W4/><G4/><T45/><D5/><U127/><E127/><V14/><F14/><W52/><G7/><T117/><D117/><U85/><E2/><V1/><F1/><W60/><G13/><T3/><D3/><U35/><E9/><V109/><F109/><W6/><G6/><T105/><D11/><U57/><E10/><V135/><F135/><W64/><G60/><T41/><D12/><U118/><E118/><V91/><F91/><W107/><G100/><T102/><D18/><U33/><E19/><V49/><AGARI ba="0,1" hai="23,25,29,42,44,49,54,55,72,73,76,78,80,83" machi="49" ten="20,12000,2" yaku="1,1,0,1,7,1,9,1,52,1,53,2" doraHai="20" doraHaiUra="77" who="2" fromWho="2" sc="225,-30,164,-30,275,130,326,-60" owari="195,-20.5,134,-36.6,405,50.5,266,6.6" /></mjloggm>