<mjloggm ver="2.3"><GO type="225" lobby="0"/><UN n0="%E6%81%A5%E6%99%92%E3%81%97" n1="%E3%82%A4%E3%83%BC%E3%82%B1%E3%83%97%E3%83%A9" n2="%E7%B4%94%E6%BD%94%E3%83%94%E3%83%A9%E3%83%8B%E3%82%A2" n3="%E5%B0%8F%E9%B3%A5%E9%81%8A%E7%B7%B4%E7%84%A1%32%31%E6%AD%B3" dan="16,17,16,16" rate="2073.91,2197.74,2119.66,2197.12" sx="M,M,M,F"/><TAIKYOKU oya="0"/><INIT seed="0,0,0,4,3,131" ten="250,250,250,250" oya="0" hai0="30,130,124,52,15,21,26,55,39,46,59,2,51" hai1="50,100,79,95,36,42,105,120,119,96,68,16,3" hai2="78,37,45,84,11,32,27,74,69,48,54,77,64" hai3="65,127,126,129,1,31,133,66,17,20,90,29,34"/><T19/><D2/><U122/><E119/><V92/><F74/><W113/><G113/><T28/><D130/><U123/><E3/><V40/><F11/><W118/><G118/><T88/><D124/><N who="3" m="47657" /><G129/><T81/><D39/><U132/><E68/><V75/><F75/><W22/><G1/><T82/><D30/><N who="3" m="11273" /><G90/><T93/><D59/><U41/><E36/><V71/><F27/><W86/><G86/><N who="0" m="52375" /><D55/><U108/><E108/><V116/><F32/><W135/><G34/><T12/><D12/><U38/><E38/><V134/><F116/><W56/><G56/><T35/><D35/><U76/><E105/><V70/><F64/><N who="3" m="24683" /><G17/><T80/><D15/><U58/><E58/><V18/><F18/><W85/><G85/><T49/><D49/><U73/><E73/><V0/><F84/><W94/><G94/><T47/><D47/><U102/><E102/><V97/><F92/><W107/><G107/><T128/><D128/><U7/><E7/><V110/><F110/><W91/><G91/><T33/><D33/><U103/><E103/><V87/><F87/><W89/><G89/><T9/><D28/><U62/><E100/><V104/><F104/><W53/><G53/><T24/><D24/><U114/><E114/><V111/><F111/><W67/><N who="3" m="24691" /><W23/><AGARI ba="0,0" hai="20,22,23,133,135" m="24691,11273,47657" machi="23" ten="50,12000,2" yaku="4,1,28,2,18,1,52,2" doraHai="131" who="3" fromWho="3" sc="250,-60,250,-30,250,-30,250,120" /><INIT seed="1,0,0,5,3,44" ten="190,220,220,370" oya="1" hai0="64,125,48,115,36,32,123,85,119,91,45,34,79" hai1="53,120,27,95,40,132,52,70,59,4,46,18,135" hai2="12,103,90,10,96,1,31,102,130,25,58,111,17" hai3="112,61,66,14,49,109,76,101,24,118,82,21,56"/><U63/><E120/><V77/><F111/><W3/><G3/><T104/><D115/><U127/><E127/><V121/><F121/><W133/><G112/><T68/><D123/><U131/><E131/><V97/><F130/><W74/><G118/><T20/><D119/><U83/><E70/><V75/><F75/><W67/><G133/><N who="1" m="51274" /><E4/><V5/><F77/><W37/><G37/><T126/><D104/><U86/><E95/><V73/><F73/><W41/><G109/><T57/><D79/><N who="1" m="46463" /><E18/><V7/><F90/><W28/><G101/><T84/><D125/><U78/><E78/><V107/><F1/><W29/><G29/><T35/><D126/><U100/><E27/><V50/><F25/><W65/><REACH who="3" step="1"/><G14/><REACH who="3" ten="190,220,220,360" step="2"/><T81/><D36/><N who="1" m="21767" /><E100/><V98/><F31/><W62/><G62/><T13/><D13/><U55/><AGARI ba="0,1" hai="52,53,55,59,63" m="21767,46463,51274" machi="55" ten="30,3000,0" yaku="20,1,54,1" doraHai="44" who="1" fromWho="1" sc="190,-10,220,40,220,-10,360,-10" /><INIT seed="1,1,0,4,0,117" ten="180,260,210,350" oya="1" hai0="86,6,31,63,65,94,92,129,122,100,7,24,19" hai1="131,37,96,119,125,59,9,113,83,116,128,10,35" hai2="48,22,70,62,110,61,74,91,87,72,13,17,60" hai3="98,25,71,108,47,30,84,114,67,81,46,51,111"/><U90/><E37/><V112/><F110/><N who="3" m="42027" /><G114/><T54/><D129/><N who="1" m="49739" /><E35/><V75/><F112/><W79/><G98/><T55/><D19/><U29/><E113/><V124/><F124/><W11/><G11/><N who="1" m="4106" /><E29/><V69/><REACH who="2" step="1"/><F48/><REACH who="2" ten="180,260,200,350" step="2"/><W26/><G51/><T80/><D6/><U66/><E125/><V73/><N who="2" m="18432" /><DORA hai="97" /><V3/><F3/><W109/><G109/><T135/><D7/><U36/><E36/><V82/><AGARI ba="1,1" hai="13,17,22,60,61,62,69,70,82,87,91" m="18432" machi="82" ten="60,7900,0" yaku="1,1,0,1,53,1" doraHai="117,97" doraHaiUra="14,120" who="2" fromWho="2" sc="180,-21,260,-40,200,92,350,-21" /><INIT seed="2,0,0,4,4,91" ten="159,220,292,329" oya="2" hai0="126,60,4,45,123,72,120,69,135,105,122,115,7" hai1="31,58,0,83,134,80,94,49,68,43,119,18,30" hai2="117,75,36,93,39,63,19,35,113,81,9,106,16" hai3="78,110,88,66,86,12,38,89,101,55,84,100,77"/><V90/><F106/><W67/><G38/><T96/><D115/><U62/><E119/><V29/><F113/><W59/><G12/><T42/><D7/><U47/><E0/><V46/><F117/><W13/><G13/><T54/><D4/><U6/><E134/><V118/><F118/><W133/><G110/><T111/><D72/><U82/><E68/><V129/><F9/><W104/><G104/><T79/><D79/><U11/><E18/><V64/><F129/><W41/><G41/><T21/><D21/><U51/><E51/><V17/><F46/><W112/><G112/><T97/><D111/><U22/><E22/><V98/><F81/><W70/><G70/><T44/><D105/><U5/><E5/><V108/><F75/><W121/><G121/><T28/><D28/><U37/><E37/><V124/><F124/><W27/><G27/><T114/><D114/><U61/><E61/><V128/><F128/><W10/><G10/><T130/><D135/><U2/><REACH who="1" step="1"/><E94/><REACH who="1" ten="159,210,292,329" step="2"/><V40/><F108/><W57/><G133/><T33/><D69/><U103/><E103/><V87/><F36/><W48/><G48/><T65/><D123/><U131/><E131/><V14/><F14/><W76/><G101/><T92/><D130/><U53/><AGARI ba="0,1" hai="2,6,11,30,31,43,47,49,53,58,62,80,82,83" machi="53" ten="30,2000,0" yaku="1,1,0,1,53,0" doraHai="91" doraHaiUra="15" who="1" fromWho="1" sc="159,-5,210,30,292,-10,329,-5" /><INIT seed="3,0,0,1,4,8" ten="154,240,282,324" oya="3" hai0="83,18,128,48,37,91,105,93,126,38,22,75,76" hai1="25,107,118,10,34,106,3,58,49,134,71,4,73" hai2="99,32,46,54,120,82,0,117,65,112,52,77,109" hai3="27,55,44,20,110,84,94,53,133,135,59,66,87"/><W47/><G110/><T132/><D126/><U116/><E58/><V115/><F0/><W98/><G66/><T42/><D128/><U29/><E49/><V67/><F32/><W19/><G135/><T33/><D33/><U113/><E113/><V14/><F117/><N who="1" m="45161" /><E134/><V119/><F119/><W40/><G133/><T45/><D132/><U78/><E71/><V123/><F99/><W108/><G108/><T121/><D121/><N who="2" m="46666" /><F109/><W7/><G7/><T35/><D105/><U111/><E111/><V88/><F67/><W43/><G44/><T21/><D21/><U64/><E64/><V56/><F65/><W102/><G55/><N who="2" m="21033" /><F56/><W92/><G47/><T24/><REACH who="0" step="1"/><D35/><REACH who="0" ten="144,240,282,324" step="2"/><U90/><E107/><V28/><F115/><W129/><G129/><T68/><D68/><U96/><E106/><V30/><F112/><W16/><G20/><T39/><D39/><U89/><E34/><V100/><F46/><W26/><G40/><T114/><D114/><U122/><E122/><V85/><F100/><W70/><G102/><T31/><D31/><U57/><E29/><V95/><F28/><W63/><G43/><T97/><AGARI ba="0,1" hai="18,22,24,37,38,42,45,48,75,76,83,91,93,97" machi="97" ten="20,2700,0" yaku="1,1,0,1,7,1,53,0" doraHai="8" doraHaiUra="1" who="0" fromWho="0" sc="144,37,240,-7,282,-7,324,-13" owari="181,-31.9,233,-16.7,275,7.5,311,41.1" /></mjloggm>