<mjloggm ver="2.3"><GO type="225" lobby="0"/><UN n0="%E6%A1%9C%E8%8A%B1%E9%96%83%E3%80%85" n1="%E3%81%95%E3%81%8D%E3%81%9F%E3%81%BE%E6%9E%97%E6%AA%8E" n2="%E3%83%8F%E3%83%B3%E3%83%89%E3%83%A9%E3%83%BC%E3%83%BB%E3%83%AF%E3%83%B3" n3="%E3%83%81%E3%83%A7%E3%83%99%E3%83%83%E3%82%AF" dan="17,16,17,16" rate="2187.19,2100.87,2178.93,2131.23" sx="M,M,M,M"/><TAIKYOKU oya="0"/><INIT seed="0,0,0,4,2,32" ten="250,250,250,250" oya="0" hai0="43,112,21,115,74,50,44,54,86,70,48,14,23" hai1="93,128,69,28,40,81,49,106,77,1,132,110,89" hai2="15,91,19,6,61,107,35,119,45,126,96,9,125" hai3="105,34,120,5,134,57,135,71,2,118,95,84,24"/><T78/><D74/><U85/><E69/><V25/><F119/><W64/><G71/><T116/><D116/><U17/><E132/><N who="3" m="50730" /><G105/><T108/><D70/><U3/><E128/><V87/><F61/><N who="3" m="37935" /><G118/><T114/><D108/><U39/><E39/><V124/><F45/><W29/><G120/><T51/><D14/><U42/><E106/><V46/><F46/><W80/><G95/><T53/><D86/><U94/><E110/><V72/><F72/><W111/><G111/><T0/><D78/><U102/><E28/><V113/><F113/><W47/><G47/><T31/><D0/><U36/><E36/><V90/><F87/><W82/><G84/><T68/><D68/><U79/><E79/><V133/><F133/><W62/><G62/><T127/><D127/><U37/><E37/><V123/><F123/><W98/><G98/><T88/><D88/><N who="2" m="33834" /><F35/><W27/><G27/><T117/><D117/><U38/><E38/><V60/><F60/><W20/><G34/><T101/><D101/><U104/><E104/><V7/><F25/><W130/><G130/><T13/><D44/><N who="1" m="25735" /><E102/><AGARI ba="0,0" hai="6,7,9,15,19,96,102,107,124,125,126" m="33834" machi="102" ten="40,2600,0" yaku="18,1,54,1" doraHai="32" who="2" fromWho="1" sc="250,0,250,-26,250,26,250,0" /><INIT seed="1,0,0,0,2,131" ten="250,224,276,250" oya="1" hai0="124,39,38,104,4,108,78,43,67,90,132,121,13" hai1="114,84,19,118,70,93,79,91,98,18,88,42,94" hai2="34,86,109,2,71,22,60,74,120,27,126,44,107" hai3="95,82,134,31,0,72,65,117,51,28,64,96,122"/><U81/><E118/><V55/><F120/><W32/><G122/><T7/><D121/><U102/><E70/><V112/><F74/><W24/><G0/><T97/><D108/><U20/><E114/><V92/><F107/><W37/><G37/><T33/><D33/><U12/><E42/><V115/><F2/><W41/><G117/><T85/><D124/><U57/><E57/><V116/><F116/><W35/><G134/><T16/><D67/><U50/><E50/><V17/><F109/><W113/><G113/><N who="2" m="43593" /><F34/><W63/><G82/><T5/><D78/><U103/><REACH who="1" step="1"/><E19/><REACH who="1" ten="250,214,276,250" step="2"/><V87/><F71/><W68/><G41/><T45/><D39/><U58/><E58/><N who="2" m="34911" /><F44/><W52/><G68/><T128/><D38/><U26/><E26/><V46/><F46/><W125/><G24/><T127/><D45/><U111/><E111/><V105/><F126/><W14/><G125/><T15/><D43/><U135/><E135/><V9/><F27/><W3/><G51/><T80/><D127/><U30/><E30/><V36/><F17/><W54/><G31/><T59/><D132/><U76/><E76/><V66/><F36/><W110/><G28/><T21/><D59/><U101/><E101/><V106/><F66/><W61/><G65/><T73/><D16/><U130/><E130/><V49/><F49/><W129/><G110/><T1/><D128/><U29/><E29/><V77/><F77/><W53/><G129/><T6/><D1/><U75/><AGARI ba="0,1" hai="12,18,20,75,79,81,84,88,91,93,94,98,102,103" machi="75" ten="20,12000,1" yaku="1,1,0,1,7,1,54,1,53,1" doraHai="131" doraHaiUra="8" who="1" fromWho="1" sc="250,-40,214,130,276,-40,250,-40" /><INIT seed="1,1,0,5,3,34" ten="210,344,236,210" oya="1" hai0="108,95,119,114,124,50,76,59,60,15,43,133,99" hai1="21,45,78,47,67,94,22,84,70,120,66,55,111" hai2="40,91,92,42,33,9,7,83,73,106,97,51,96" hai3="132,16,85,30,58,20,54,36,14,82,109,35,5"/><U39/><E120/><V72/><F33/><W2/><G36/><T118/><D114/><U126/><E126/><V87/><F96/><W93/><G109/><T75/><D108/><U44/><E39/><V98/><F98/><W10/><G132/><T38/><D38/><U131/><E70/><V86/><F86/><W104/><G104/><T123/><D133/><U32/><E32/><V101/><F51/><W117/><G93/><T25/><D124/><U13/><E131/><V135/><F135/><W128/><G128/><T1/><D123/><U24/><E111/><V48/><F48/><W63/><G117/><T41/><D1/><U3/><E3/><N who="2" m="255" /><F73/><W80/><G85/><T90/><D25/><AGARI ba="1,0" hai="2,5,10,14,16,20,25,30,35,54,58,63,80,82" machi="25" ten="40,8000,1" yaku="24,2,52,1,54,1" doraHai="34" who="3" fromWho="0" sc="210,-83,344,0,236,0,210,83" /><INIT seed="2,0,0,1,2,24" ten="127,344,236,293" oya="2" hai0="124,83,38,51,129,104,66,78,130,119,80,47,67" hai1="26,23,72,73,62,41,74,13,53,117,1,134,92" hai2="109,2,42,11,87,122,39,86,93,69,113,94,3" hai3="102,91,40,84,4,82,46,65,15,95,77,128,57"/><V21/><F113/><W19/><G128/><T33/><D104/><U14/><E1/><V8/><F69/><W116/><G116/><T88/><D38/><U48/><E117/><V59/><F122/><W36/><G102/><T30/><D119/><U9/><E134/><V108/><F21/><W100/><G100/><T133/><D133/><U35/><E35/><V114/><F59/><W0/><G65/><T29/><D124/><U22/><E41/><V5/><F114/><W6/><G57/><T20/><D33/><U64/><E23/><V98/><F42/><W10/><REACH who="3" step="1"/><G0/><REACH who="3" ten="127,344,236,283" step="2"/><T123/><D123/><U75/><E64/><N who="0" m="24617" /><D130/><U17/><E75/><AGARI ba="0,1" hai="4,6,10,15,19,36,40,46,75,77,82,84,91,95" machi="75" ten="30,3900,0" yaku="1,1,7,1,53,1" doraHai="24" doraHaiUra="71" who="3" fromWho="1" sc="127,0,344,-39,236,0,283,49" /><INIT seed="3,0,0,5,0,55" ten="127,305,236,332" oya="3" hai0="76,85,25,69,105,57,83,22,84,125,117,101,113" hai1="17,15,128,135,121,53,82,94,110,20,92,21,58" hai2="34,66,118,100,89,39,102,106,43,70,28,50,36" hai3="91,126,74,32,12,4,124,51,37,115,72,75,64"/><W44/><G32/><T40/><D117/><U107/><E121/><V61/><F118/><W73/><G115/><T81/><D69/><U108/><E107/><V24/><F102/><W18/><G75/><T6/><D113/><U71/><E71/><V90/><F50/><W112/><G112/><T96/><D125/><N who="3" m="48233" /><G64/><T120/><D120/><U27/><E135/><V122/><F122/><W35/><G35/><T127/><D127/><U10/><E128/><V93/><F43/><W131/><G131/><T46/><D6/><U7/><E82/><V133/><F133/><W130/><G130/><T68/><D68/><U63/><REACH who="1" step="1"/><E21/><REACH who="1" ten="127,295,236,332" step="2"/><V13/><F13/><W99/><G4/><T132/><D132/><U109/><AGARI ba="0,1" hai="7,10,15,17,20,27,53,58,63,92,94,108,109,110" machi="109" ten="30,12000,2" yaku="1,1,2,1,0,1,14,1,52,1,53,1" doraHai="55" doraHaiUra="23" who="1" fromWho="1" sc="127,-30,295,130,236,-30,332,-60" owari="97,-40.3,425,52.5,206,-19.4,272,7.2" /></mjloggm>