<mjloggm ver="2.3"><GO type="225" lobby="0"/><UN n0="%E3%80%90%E8%92%BC%E7%90%89%E3%80%91" n1="%E4%BF%BA%E3%81%A8%E5%A6%96%E5%A4%A2" n2="%E6%97%A5%E6%9B%9C%E6%97%A5%E3%82%88%E3%82%8A%E3%81%AE%E4%BD%BF%E8%80%85" n3="%E3%83%96%E3%83%83%E3%83%91%E3%82%AA%E3%83%96%E3%83%81%E3%82%AD%E3%83%B3" dan="16,16,17,16" rate="2184.15,2111.00,2206.65,2211.44" sx="F,F,M,M"/><TAIKYOKU oya="0"/><INIT seed="0,0,0,4,3,101" ten="250,250,250,250" oya="0" hai0="107,131,104,133,44,84,122,67,72,127,126,2,68" hai1="132,93,65,25,129,128,23,77,55,98,91,14,3" hai2="11,54,116,99,103,59,102,57,41,17,52,100,69" hai3="66,12,34,109,118,90,114,105,112,47,135,33,74"/><T88/><D72/><U53/><E3/><V40/><F69/><W85/><G118/><T83/><D122/><U64/><E132/><V71/><F71/><W5/><G74/><T10/><D133/><U36/><E36/><V8/><F116/><W61/><G135/><T96/><D131/><N who="1" m="50251" /><E14/><V1/><F1/><W81/><G109/><T56/><D68/><U82/><E55/><N who="2" m="21035" /><F99/><W125/><G125/><N who="0" m="47627" /><D96/><U31/><E53/><V75/><F75/><AGARI ba="0,0" hai="23,25,31,64,65,75,77,82,91,93,98" m="50251" machi="75" ten="30,1000,0" yaku="19,1" doraHai="101" who="1" fromWho="2" sc="250,0,250,10,250,-10,250,0" /><INIT seed="1,0,0,4,3,106" ten="250,260,240,250" oya="1" hai0="83,51,59,131,14,128,105,38,21,57,88,37,75" hai1="2,16,99,62,126,43,111,12,18,58,27,36,101" hai2="40,92,48,6,63,67,60,64,86,71,94,20,4" hai3="70,107,30,42,66,13,121,85,22,127,17,50,34"/><U41/><E2/><V61/><F20/><W125/><G121/><T93/><D105/><U90/><E126/><N who="3" m="48138" /><G107/><T49/><D14/><U9/><E36/><V44/><F86/><W68/><G66/><N who="2" m="25129" /><F71/><N who="3" m="27179" /><G85/><T98/><D21/><N who="1" m="13735" /><E101/><V79/><F79/><W5/><G5/><AGARI ba="0,0" hai="4,5,6,40,44,48,60,61,63,92,94" m="25129" machi="5" ten="30,1000,0" yaku="8,1" doraHai="106" who="2" fromWho="3" sc="250,0,260,0,240,10,250,-10" /><INIT seed="2,0,0,5,1,124" ten="250,260,250,240" oya="2" hai0="115,90,98,96,39,46,22,106,15,57,101,42,7" hai1="17,37,74,41,61,60,119,91,68,100,58,33,50" hai2="126,10,31,52,1,133,86,94,63,112,18,123,82" hai3="29,70,4,127,53,114,11,110,49,64,118,128,80"/><V81/><F112/><W12/><G118/><T121/><D115/><U89/><E74/><V97/><F123/><W103/><G114/><T79/><D121/><U83/><E33/><V0/><F126/><W132/><G127/><T3/><D79/><U72/><E119/><V95/><F31/><W134/><G110/><T5/><D3/><U78/><E100/><V65/><F133/><N who="3" m="51307" /><G103/><T105/><D57/><U84/><E37/><V85/><F0/><W8/><G29/><T73/><D73/><U69/><E60/><V21/><F10/><N who="3" m="4167" /><G80/><N who="2" m="30825" /><F65/><W71/><G128/><T88/><D106/><U116/><E116/><V67/><F67/><W40/><G40/><T107/><D107/><U102/><E102/><N who="2" m="60727" /><F95/><W59/><G64/><T55/><D55/><U104/><E104/><V2/><F2/><W43/><G43/><T56/><D96/><U13/><E72/><V77/><F1/><W6/><G6/><T92/><D105/><U117/><E117/><V27/><F77/><W16/><G8/><T122/><D122/><U129/><E78/><V54/><F54/><W108/><G108/><T47/><D5/><U131/><E131/><V87/><F87/><W25/><G11/><N who="0" m="4607" /><D22/><AGARI ba="0,0" hai="16,22,25,49,53,59,70,71" m="4167,51307" machi="22" ten="30,2000,0" yaku="20,1,54,1" doraHai="124" who="3" fromWho="0" sc="250,-20,260,0,250,0,240,20" /><INIT seed="3,0,0,0,4,122" ten="230,260,250,260" oya="3" hai0="59,91,124,64,37,70,81,34,61,83,100,90,60" hai1="99,75,69,131,9,10,127,80,84,65,12,132,6" hai2="92,87,16,102,36,4,85,44,109,96,130,43,23" hai3="123,111,125,68,121,118,120,98,48,77,13,22,57"/><W14/><G118/><T0/><D34/><U20/><E75/><V113/><F113/><W31/><G68/><T95/><D0/><U42/><E132/><V49/><F130/><W107/><G77/><T86/><D37/><U78/><E131/><V114/><F114/><W32/><G107/><T126/><D100/><U38/><E127/><N who="0" m="48681" /><D90/><U8/><E65/><AGARI ba="0,0" hai="59,60,61,64,65,70,81,83,86,91,95" m="48681" machi="65" ten="30,1000,0" yaku="18,1" doraHai="122" who="0" fromWho="1" sc="230,10,260,-10,250,0,260,0" /><INIT seed="4,0,0,1,4,83" ten="240,250,250,260" oya="0" hai0="125,74,63,119,10,80,85,69,58,37,29,127,8" hai1="88,100,92,30,65,52,53,51,131,68,46,32,126" hai2="109,116,24,56,120,44,27,98,105,42,71,54,115" hai3="47,78,48,90,5,36,79,102,96,70,2,91,134"/><T45/><D119/><U77/><E131/><V106/><F109/><W35/><G70/><T132/><D74/><U33/><E126/><N who="0" m="48137" /><D69/><U118/><E118/><V114/><F71/><W20/><G35/><T84/><D132/><U19/><E100/><N who="2" m="62615" /><F106/><W26/><G36/><T82/><D29/><U13/><E77/><N who="3" m="29194" /><G2/><T28/><D28/><U104/><E104/><V108/><F108/><W11/><G134/><T129/><D129/><U75/><E75/><V95/><F95/><N who="3" m="58655" /><G11/><N who="0" m="4139" /><D82/><U66/><E30/><V62/><F116/><W89/><G5/><T121/><D80/><U123/><E123/><V31/><F120/><W87/><G20/><T23/><D23/><N who="1" m="11759" /><E68/><V38/><F31/><W22/><G22/><T4/><D4/><U110/><E110/><V111/><F111/><W124/><G26/><T81/><D81/><U40/><E32/><V49/><F38/><W12/><G12/><T60/><D121/><U64/><E33/><V7/><F7/><W112/><G124/><T43/><D60/><U117/><E117/><V130/><F130/><W14/><G14/><T76/><D76/><U99/><AGARI ba="0,0" hai="40,46,51,52,53,64,65,66,88,92,99" m="11759" machi="99" ten="30,4000,0" yaku="8,1,54,2" doraHai="83" who="1" fromWho="1" sc="240,-20,250,40,250,-10,260,-10" /><INIT seed="5,0,0,3,2,89" ten="220,290,240,250" oya="1" hai0="109,32,33,73,63,29,62,48,78,13,20,80,26" hai1="128,14,67,94,38,30,24,118,46,45,127,50,77" hai2="88,114,133,53,135,116,110,60,130,8,68,119,108" hai3="27,22,3,113,58,25,97,79,1,86,49,106,132"/><U70/><E118/><N who="2" m="45099" /><F8/><W2/><G113/><T47/><D109/><N who="2" m="42090" /><F88/><W117/><G132/><N who="2" m="50761" /><F114/><W81/><G117/><T36/><D36/><U17/><E38/><V111/><N who="2" m="42098" /><V120/><DORA hai="61" /><F120/><W75/><G1/><T44/><D44/><U95/><E46/><V23/><F23/><W6/><G2/><T134/><D134/><U112/><E112/><V82/><F82/><W34/><G22/><T51/><D51/><U87/><E50/><V28/><F28/><W83/><G49/><T59/><D13/><U99/><E45/><V35/><F35/><W84/><G34/><T39/><D39/><U131/><E14/><V115/><F115/><W16/><G3/><T52/><REACH who="0" step="1"/><D63/><REACH who="0" ten="210,290,240,250" step="2"/><U43/><E43/><AGARI ba="0,1" hai="20,26,29,32,33,43,47,48,52,59,62,73,78,80" machi="43" ten="30,8000,1" yaku="1,1,2,1,7,1,54,1,53,1" doraHai="89,61" doraHaiUra="105,121" who="0" fromWho="1" sc="210,90,290,-80,240,0,250,0" owari="300,40.0,210,-29.0,240,-16.0,250,5.0" /></mjloggm>