<mjloggm ver="2.3"><GO type="225" lobby="0"/><UN n0="%E5%A4%8F%E9%88%B4%E9%88%B4%E5%A4%8F" n1="%E4%BF%8A%E6%96%87%E9%BE%8D" n2="%E9%A6%AC%E5%BC%95%E7%81%AB%33" n3="%E7%9A%AE%E3%80%85" dan="16,16,16,16" rate="2087.10,2078.91,2098.00,2168.14" sx="F,M,M,M"/><TAIKYOKU oya="0"/><INIT seed="0,0,0,0,4,72" ten="250,250,250,250" oya="0" hai0="84,46,12,94,105,81,135,8,54,53,68,58,40" hai1="76,92,73,17,39,77,101,45,106,62,75,52,48" hai2="121,63,42,97,122,131,115,99,83,113,27,30,36" hai3="119,98,90,86,82,21,120,127,85,104,91,5,71"/><T123/><D123/><U79/><E106/><V33/><F131/><W18/><G71/><T0/><D135/><U124/><E124/><V16/><F36/><W117/><G127/><T50/><D68/><U87/><E39/><V112/><F42/><W67/><G67/><T9/><D105/><U69/><E17/><V70/><F83/><W56/><G56/><T29/><D0/><U37/><E37/><V41/><F41/><W47/><G5/><T44/><D29/><U103/><E87/><V126/><F126/><W34/><G34/><T109/><D109/><U10/><E10/><V43/><F43/><W22/><G47/><T38/><D94/><U32/><E32/><V13/><F63/><W125/><G125/><T102/><D102/><U80/><E75/><V4/><F70/><W133/><G133/><T28/><D28/><U107/><E107/><V26/><F26/><W23/><G18/><T108/><D12/><U74/><E73/><V89/><F4/><W65/><G65/><T118/><D118/><U24/><E24/><V51/><F51/><W88/><G120/><T3/><D3/><U129/><E129/><V15/><F15/><W20/><N who="3" m="5120" /><DORA hai="7" /><W57/><G57/><T134/><D108/><U6/><E6/><V96/><REACH who="2" step="1"/><F89/><REACH who="2" ten="250,250,240,250" step="2"/><W19/><G19/><T111/><D111/><U64/><E64/><V132/><F132/><W130/><G130/><T66/><D134/><U100/><E69/><V2/><F2/><W55/><G91/><N who="0" m="51599" /><D66/><U78/><E62/><V25/><F25/><W1/><G1/><T93/><D93/><U60/><E92/><RYUUKYOKU ba="0,1" sc="250,10,250,10,240,10,250,-30" hai0="8,9,38,40,44,46,50,53,54,58" hai1="45,48,52,60,74,76,77,78,79,80,100,101,103" hai2="13,16,27,30,33,96,97,99,112,113,115,121,122" /><INIT seed="0,1,1,5,3,88" ten="260,260,250,220" oya="0" hai0="43,90,118,25,16,10,94,4,26,61,48,32,135" hai1="0,121,20,6,1,8,76,92,44,51,106,55,114" hai2="131,109,73,40,36,125,82,134,58,66,28,41,120" hai3="39,100,3,49,13,60,19,115,75,122,57,67,107"/><T70/><D118/><U129/><E106/><V50/><F28/><W119/><G119/><T86/><D135/><U105/><E105/><V2/><F120/><W47/><G115/><T18/><D32/><U133/><E121/><V65/><F2/><W108/><G122/><T128/><D128/><U116/><E116/><V104/><F104/><W45/><G75/><T78/><D78/><U84/><E114/><V98/><F98/><W37/><G3/><T64/><D48/><U132/><E129/><V83/><F131/><W21/><G108/><T85/><D43/><N who="2" m="16458" /><F73/><W53/><REACH who="3" step="1"/><G47/><REACH who="3" ten="260,260,250,210" step="2"/><T80/><D25/><U130/><E0/><V103/><F109/><W87/><G87/><T63/><D26/><U68/><E130/><V79/><F134/><W110/><G110/><T59/><D86/><U62/><E133/><V23/><F36/><W111/><G111/><T123/><D123/><U71/><E132/><V35/><F125/><W38/><G38/><T97/><D85/><U69/><E76/><V124/><F124/><W52/><G52/><T42/><D80/><U99/><E84/><V74/><F83/><W29/><G29/><T126/><D126/><U34/><E1/><V5/><F82/><W102/><G102/><T54/><D42/><U33/><E44/><V27/><F79/><W127/><G127/><T24/><D24/><U93/><E55/><V9/><F27/><W117/><G117/><T11/><REACH who="0" step="1"/><D4/><REACH who="0" ten="250,260,250,210" step="2"/><U12/><E6/><V112/><F5/><W46/><G46/><T22/><D22/><U113/><E20/><V7/><F23/><W72/><G72/><RYUUKYOKU ba="1,3" sc="250,15,260,-15,250,-15,210,15" hai0="10,11,16,18,54,59,61,63,64,70,90,94,97" hai3="13,19,21,37,39,45,49,53,57,60,67,100,107" /><INIT seed="0,2,3,1,1,105" ten="265,245,235,225" oya="0" hai0="120,90,14,92,56,132,124,6,26,73,29,60,129" hai1="68,46,96,74,42,72,36,82,21,88,133,111,3" hai2="80,83,75,114,4,19,135,66,116,57,13,99,33" hai3="0,70,39,77,15,76,101,52,109,123,31,71,10"/><T62/><D120/><U54/><E3/><V64/><F114/><W98/><G123/><T40/><D73/><U12/><E111/><V91/><F33/><W59/><G39/><T7/><D124/><U1/><E1/><V32/><F32/><W65/><G109/><T67/><D129/><U34/><E34/><V127/><F127/><W94/><G0/><T122/><D122/><U63/><E133/><V126/><F126/><W48/><G31/><T16/><D132/><U23/><E54/><V11/><F135/><W51/><G51/><T103/><D40/><U117/><E117/><V86/><F116/><W106/><G106/><T28/><D103/><U110/><E110/><V113/><F113/><W35/><G35/><T47/><D47/><U44/><E44/><V43/><F43/><W118/><G118/><T102/><D102/><U20/><E12/><N who="2" m="5223" /><F99/><W119/><G119/><T84/><D62/><U93/><REACH who="1" step="1"/><E82/><REACH who="1" ten="265,235,235,225" step="2"/><N who="2" m="49623" /><F75/><W95/><G65/><AGARI ba="2,4" hai="20,21,23,36,42,46,63,65,68,72,74,88,93,96" machi="65" ten="40,8000,1" yaku="1,1,52,2,54,1,53,1" doraHai="105" doraHaiUra="41" who="1" fromWho="3" sc="265,0,235,126,235,0,225,-86" /><INIT seed="1,0,0,1,2,110" ten="265,361,235,139" oya="1" hai0="85,29,128,66,42,86,75,131,132,5,54,47,22" hai1="91,72,111,6,55,4,108,0,41,73,95,37,20" hai2="105,119,35,30,112,26,57,24,81,28,92,133,87" hai3="44,40,96,59,17,74,8,77,76,109,61,33,134"/><U63/><E37/><V94/><F119/><W82/><G109/><N who="1" m="42058" /><E41/><V102/><F133/><W68/><G33/><T52/><D75/><U19/><E0/><V114/><F105/><W34/><G68/><T67/><D5/><U64/><E73/><V78/><F57/><W98/><G34/><T88/><D22/><U27/><E72/><V123/><F123/><W12/><G134/><T71/><D29/><N who="2" m="11370" /><F35/><W60/><G77/><T89/><D132/><U39/><E39/><V32/><F32/><W14/><G14/><T135/><D135/><U130/><E130/><N who="0" m="49705" /><D86/><N who="1" m="52727" /><E55/><N who="0" m="21033" /><D71/><AGARI ba="0,0" hai="4,6,19,20,27,63,64,71" m="52727,42058" machi="71" ten="30,2900,0" yaku="14,1,10,1" doraHai="110" who="1" fromWho="0" sc="265,-29,361,29,235,0,139,0" /><INIT seed="1,1,0,0,5,62" ten="236,390,235,139" oya="1" hai0="115,45,26,120,71,7,40,65,122,46,133,86,14" hai1="110,81,83,53,70,58,68,35,72,126,128,84,90" hai2="74,49,117,109,50,131,69,6,29,99,51,102,101" hai3="66,103,96,22,5,42,48,85,27,67,77,76,36"/><U11/><E126/><V116/><F69/><W56/><G36/><T105/><D115/><U39/><E39/><V54/><F74/><W97/><G5/><T33/><D105/><U108/><E35/><V20/><F109/><N who="1" m="42089" /><E128/><V82/><F82/><N who="3" m="47303" /><G77/><T111/><D111/><U64/><E64/><N who="3" m="24618" /><G103/><T9/><D133/><U4/><E81/><V93/><F102/><W112/><G112/><T25/><D65/><U79/><E79/><V88/><F101/><W106/><G106/><T114/><D71/><U3/><E72/><V113/><F113/><W95/><G95/><T73/><D73/><U134/><E134/><V59/><F131/><W24/><G24/><T43/><D26/><U2/><E3/><V130/><F130/><W98/><G42/><T30/><D43/><U104/><E104/><V21/><F6/><W10/><G10/><T44/><D40/><U124/><E124/><V132/><F132/><W92/><G92/><T129/><D114/><U31/><E70/><V8/><F8/><W94/><G94/><T23/><D129/><U0/><E68/><V17/><F93/><W55/><G97/><T125/><D125/><U91/><E0/><V119/><F99/><W100/><G100/><T18/><D86/><U52/><E2/><V135/><F135/><W127/><G127/><T19/><D7/><U107/><E4/><V118/><F118/><W32/><G32/><T63/><D122/><U60/><E107/><V15/><F119/><W57/><G57/><T28/><D120/><U75/><E58/><N who="2" m="33103" /><F117/><W37/><G37/><T13/><D30/><AGARI ba="1,0" hai="22,27,30,48,55,56,96,98" m="24618,47303" machi="30" ten="30,7700,0" yaku="8,1,52,3" doraHai="62" who="3" fromWho="0" sc="236,-80,390,0,235,0,139,80" /><INIT seed="2,0,0,4,4,63" ten="156,390,235,219" oya="2" hai0="91,14,93,72,88,77,38,87,61,15,98,84,117" hai1="70,50,130,108,35,20,129,11,121,49,83,4,132" hai2="94,18,12,24,33,122,28,124,123,68,96,82,110" hai3="118,103,40,104,60,45,133,17,44,116,25,27,76"/><V7/><F68/><W47/><G76/><T59/><D117/><U120/><E35/><V126/><F82/><W69/><G133/><T102/><D38/><U112/><E70/><V30/><F96/><W3/><G3/><T52/><D72/><U48/><E132/><V51/><F51/><W115/><G115/><T31/><D31/><U53/><E112/><V46/><F46/><W2/><G2/><T99/><D77/><U75/><E20/><N who="2" m="15367" /><F94/><W111/><G111/><T80/><REACH who="0" step="1"/><D99/><REACH who="0" ten="146,390,235,219" step="2"/><U22/><E108/><V90/><F110/><W73/><G73/><T100/><D100/><U16/><E75/><V119/><F30/><W6/><G103/><T34/><D34/><U32/><E32/><V74/><F33/><W0/><G118/><T134/><D134/><U95/><E120/><V19/><F119/><W65/><G116/><T21/><D21/><U107/><E22/><V125/><F74/><W71/><G40/><T64/><D64/><U79/><E121/><N who="2" m="46091" /><F90/><W39/><G39/><T57/><D57/><U58/><E58/><V114/><F114/><W37/><G37/><T9/><D9/><AGARI ba="0,1" hai="7,9,12,18,19,124,125,126" m="46091,15367" machi="9" ten="40,7700,0" yaku="18,1,34,2" doraHai="63" who="2" fromWho="0" sc="146,-77,390,0,235,87,219,0" /><INIT seed="2,1,0,3,4,23" ten="69,390,322,219" oya="2" hai0="123,133,76,81,40,93,69,73,104,4,116,7,119" hai1="47,134,99,124,92,44,77,48,82,126,127,11,75" hai2="95,5,128,129,1,109,14,108,85,122,60,49,22" hai3="66,33,30,71,125,89,98,110,6,39,115,80,18"/><V34/><F122/><W113/><G39/><T19/><D123/><U84/><E134/><V17/><F34/><W88/><G110/><N who="2" m="42601" /><F60/><N who="3" m="40391" /><G6/><T106/><D69/><U70/><E70/><V32/><F32/><W91/><G18/><T55/><D40/><U87/><E11/><N who="2" m="2479" /><F49/><W52/><G80/><N who="0" m="45071" /><D55/><N who="1" m="30087" /><E47/><V72/><F72/><W29/><G125/><T62/><D19/><U42/><E42/><V86/><F95/><W13/><G13/><T58/><D4/><U111/><E111/><V3/><F3/><W74/><G74/><T79/><D7/><U43/><E43/><V121/><F121/><W10/><G10/><T25/><D58/><U83/><E83/><V65/><F65/><W9/><G9/><T112/><D62/><U21/><E21/><V59/><F59/><W131/><G33/><T94/><D112/><N who="3" m="43081" /><G30/><T100/><D133/><U35/><E35/><V63/><F63/><W8/><G29/><T50/><D50/><U31/><E31/><V36/><F36/><W54/><G8/><T16/><D16/><U20/><E20/><V53/><F53/><N who="3" m="20587" /><G131/><AGARI ba="1,0" hai="14,17,22,85,86,128,129,131" m="2479,42601" machi="131" ten="30,5800,0" yaku="19,1,14,1,10,1" doraHai="23" who="2" fromWho="3" sc="69,0,390,0,322,61,219,-61" /><INIT seed="2,2,0,5,3,33" ten="69,390,383,158" oya="2" hai0="91,126,17,73,123,122,75,68,57,13,74,79,64" hai1="20,23,24,7,99,94,1,18,86,11,28,29,124" hai2="110,19,43,118,129,77,90,42,92,15,14,58,132" hai3="31,61,62,60,119,4,32,105,76,107,106,80,95"/><V9/><F118/><W25/><G119/><T10/><D126/><U121/><E124/><V97/><F129/><W41/><G41/><T45/><D68/><U116/><E116/><V59/><F132/><W8/><G95/><T82/><D45/><U104/><E121/><V111/><F77/><W100/><G100/><T131/><D131/><U78/><E104/><V52/><F59/><W5/><REACH who="3" step="1"/><G8/><REACH who="3" ten="69,390,383,148" step="2"/><T35/><D35/><U49/><E94/><V67/><F67/><W55/><G55/><T37/><D37/><U12/><E99/><V81/><F81/><W38/><G38/><T34/><D34/><U84/><E49/><V53/><F53/><W89/><G89/><T102/><D102/><U3/><E78/><V66/><F66/><W112/><G112/><T44/><D44/><U96/><E96/><V93/><F93/><W65/><G65/><T70/><D70/><U6/><E29/><V56/><F56/><W98/><G98/><T22/><D10/><AGARI ba="2,1" hai="1,3,6,7,10,11,12,18,20,23,24,28,84,86" machi="10" ten="40,5200,0" yaku="9,1,52,2" doraHai="33" who="1" fromWho="0" sc="69,-58,390,68,383,0,148,0" /><INIT seed="3,0,0,4,2,92" ten="11,458,383,148" oya="3" hai0="59,124,63,115,114,44,89,134,125,121,61,55,93" hai1="108,16,117,71,100,67,118,77,7,34,96,113,20" hai2="51,1,33,2,48,133,23,49,56,109,98,47,120" hai3="128,0,65,101,28,130,10,94,83,80,86,102,79"/><W39/><G39/><T42/><D93/><U82/><E34/><V58/><F33/><W81/><G65/><T12/><D89/><U107/><E113/><N who="0" m="43017" /><D12/><U90/><E108/><V11/><F109/><W18/><G28/><T69/><D121/><U132/><E132/><V45/><F133/><W88/><G18/><T54/><D134/><U127/><E127/><N who="0" m="48713" /><D69/><U112/><E90/><V131/><F131/><N who="3" m="50219" /><G10/><T87/><D87/><U29/><E112/><V75/><F75/><W46/><G0/><T119/><D119/><U41/><E71/><V40/><F120/><W6/><G6/><T104/><D104/><U116/><E7/><V103/><F23/><W38/><G79/><T105/><D105/><U30/><E107/><V50/><F45/><W25/><G25/><T15/><D15/><U35/><E116/><V3/><REACH who="2" step="1"/><F11/><REACH who="2" ten="11,458,373,148" step="2"/><W14/><G14/><T9/><D9/><U64/><E117/><V106/><AGARI ba="0,1" hai="1,2,3,40,47,48,49,50,51,56,58,98,103,106" machi="106" ten="40,8000,1" yaku="1,1,2,1,0,1,52,1,53,0" doraHai="92" doraHaiUra="70" who="2" fromWho="2" sc="11,-20,458,-20,373,90,148,-40" owari="-9,-50.9,438,23.8,463,56.3,108,-29.2" /></mjloggm>