<mjloggm ver="2.3"><GO type="225" lobby="0"/><UN n0="%E3%82%8F%E3%81%8B%E3%81%B0%2A%E3%82%AC%E3%83%BC%E3%83%AB" n1="%72%65%6E%6B%75%6E" n2="%E6%A1%9C%E8%8A%B1%E9%96%83%E3%80%85" n3="%E3%81%A4%E3%81%A3%E3%81%B1%E3%82%8A%E3%83%9D%E3%83%BC%E3%83%AB" dan="16,17,17,17" rate="2199.20,2178.83,2178.94,2265.35" sx="M,M,M,M"/><TAIKYOKU oya="0"/><INIT seed="0,0,0,3,2,60" ten="250,250,250,250" oya="0" hai0="2,41,53,5,81,79,49,47,37,126,85,103,36" hai1="14,45,124,130,23,74,128,89,94,32,110,28,109" hai2="120,55,61,108,97,65,20,111,19,13,4,52,95" hai3="119,135,127,34,83,15,48,68,72,80,0,69,105"/><T24/><D126/><U70/><E74/><V118/><F120/><W62/><G15/><T42/><D103/><U82/><E124/><V26/><F118/><W35/><G48/><T112/><D112/><U71/><E82/><V43/><F43/><W16/><G16/><T25/><D42/><U46/><E32/><V38/><F38/><W76/><G127/><T84/><D84/><U107/><E107/><V78/><F78/><N who="3" m="44103" /><G119/><T122/><D122/><U133/><E133/><V31/><F4/><W9/><G105/><T40/><D40/><U58/><E58/><N who="2" m="37047" /><F108/><N who="1" m="41577" /><E14/><V22/><F111/><W59/><G59/><T18/><D18/><U92/><E23/><V51/><F51/><W134/><G83/><T33/><D33/><N who="3" m="12297" /><G76/><T75/><D85/><N who="1" m="52271" /><E94/><V91/><AGARI ba="0,0" hai="13,19,20,22,26,31,52,55,91,95,97" m="37047" machi="91" ten="30,4000,0" yaku="8,1,52,1,54,1" doraHai="60" who="2" fromWho="2" sc="250,-20,250,-10,250,40,250,-10" /><INIT seed="1,0,0,4,5,134" ten="230,240,290,240" oya="1" hai0="83,25,20,124,79,52,30,120,72,73,91,94,103" hai1="128,23,82,60,47,87,59,111,22,125,126,31,18" hai2="37,86,113,115,88,104,40,64,135,96,130,121,106" hai3="107,67,53,101,116,45,7,80,26,27,9,118,34"/><U16/><E128/><V123/><F64/><W12/><G67/><T84/><D120/><N who="2" m="46154" /><F40/><W3/><G80/><T122/><D122/><U117/><E117/><N who="3" m="45162" /><G34/><T99/><D124/><N who="1" m="47723" /><E111/><V28/><F28/><W41/><G53/><T114/><D114/><N who="2" m="43530" /><F37/><N who="3" m="21679" /><G3/><T2/><D2/><U17/><E47/><V48/><F48/><W62/><G62/><T131/><D131/><U55/><E31/><V57/><F96/><AGARI ba="0,0" hai="7,9,12,26,27,96,101,107" m="21679,45162" machi="96" ten="30,1000,0" yaku="12,1" doraHai="134" who="3" fromWho="2" sc="230,0,240,0,290,-10,240,10" /><INIT seed="2,0,0,2,4,107" ten="230,240,280,250" oya="2" hai0="88,92,56,112,86,0,30,23,7,103,116,129,37" hai1="42,29,135,102,59,77,44,122,47,2,125,15,74" hai2="75,119,97,38,126,131,70,79,117,89,66,9,39" hai3="16,11,90,113,36,132,108,127,65,95,4,22,115"/><V130/><F9/><W98/><G108/><T21/><D112/><N who="3" m="43081" /><G132/><T48/><D129/><N who="2" m="49162" /><F126/><W72/><G127/><T69/><D69/><U12/><E2/><V25/><F25/><N who="3" m="14535" /><G36/><N who="2" m="13865" /><F89/><W101/><G65/><T20/><D37/><U67/><E135/><V110/><F97/><W19/><G72/><T35/><D116/><U123/><E74/><V114/><F114/><W49/><G49/><T50/><D103/><U18/><E125/><V54/><F54/><W31/><G31/><T76/><D76/><U43/><E102/><V14/><F14/><N who="3" m="7647" /><G4/><T5/><D48/><U100/><E29/><V134/><F134/><W118/><G101/><T64/><D0/><U53/><E100/><V124/><F124/><W45/><G45/><T73/><D73/><U80/><E53/><V68/><F110/><W93/><G93/><T78/><D78/><U106/><E77/><V6/><F6/><W57/><G118/><N who="2" m="45065" /><F66/><W26/><G26/><T28/><D35/><U84/><E67/><V27/><F27/><W41/><G41/><T83/><D64/><U87/><E80/><AGARI ba="0,0" hai="68,70,75,79,80" m="45065,13865,49162" machi="80" ten="40,7700,0" yaku="19,1,23,1,52,1" doraHai="107" who="2" fromWho="1" sc="230,0,240,-77,280,77,250,0" /><INIT seed="2,1,0,3,0,20" ten="230,163,357,250" oya="2" hai0="101,12,36,135,104,75,26,125,89,129,64,35,93" hai1="33,1,56,13,63,124,14,76,30,23,17,28,68" hai2="54,106,19,55,92,127,85,77,66,97,103,7,34" hai3="119,5,131,37,91,87,88,133,15,95,59,94,117"/><V6/><F127/><W109/><G37/><T29/><D125/><U110/><E68/><V90/><F34/><W128/><G59/><T107/><D36/><U123/><E76/><V67/><F19/><W108/><G15/><T31/><D75/><U41/><E124/><V105/><F105/><W115/><G5/><T62/><D129/><N who="3" m="49737" /><G133/><T24/><D135/><U45/><E123/><V53/><REACH who="2" step="1"/><F77/><REACH who="2" ten="230,163,347,250" step="2"/><W40/><G115/><T71/><D101/><U113/><E113/><V80/><F80/><W42/><G42/><T38/><D107/><U98/><E33/><V11/><F11/><W44/><G40/><T21/><D104/><U100/><E110/><N who="3" m="42602" /><G44/><T112/><D112/><U130/><E45/><V60/><F60/><W86/><AGARI ba="1,1" hai="86,87,88,91,94,95,117,119" m="42602,49737" machi="86" ten="30,8000,1" yaku="19,1,14,1,34,2,54,1" doraHai="20" who="3" fromWho="3" sc="230,-21,163,-21,347,-41,250,93" /><INIT seed="3,0,0,1,0,1" ten="209,142,306,343" oya="3" hai0="111,115,98,52,38,40,135,119,99,17,64,67,89" hai1="123,133,8,93,32,106,26,79,43,21,45,131,39" hai2="30,49,75,113,85,125,76,13,130,117,82,101,14" hai3="104,56,60,7,35,90,116,70,81,84,18,118,103"/><W121/><G121/><T55/><D119/><U95/><E131/><V59/><F117/><W48/><G35/><T20/><D111/><U10/><E123/><V37/><F113/><W9/><G70/><T127/><D115/><U11/><E106/><V132/><F37/><W102/><G18/><T107/><D135/><U24/><E133/><V122/><F132/><W31/><G31/><T126/><D40/><U0/><E79/><V91/><F122/><W28/><G28/><T128/><D38/><U134/><E134/><V50/><F125/><N who="0" m="47626" /><D128/><U19/><E0/><V108/><F30/><W12/><G48/><T105/><D89/><U114/><E114/><V109/><F101/><W57/><G57/><T73/><D73/><U92/><E32/><V23/><F50/><W54/><G103/><N who="0" m="62711" /><D99/><U110/><E110/><V25/><F130/><W88/><G90/><T83/><D83/><U62/><E62/><V2/><F91/><W22/><G22/><T42/><D42/><U94/><N who="1" m="23552" /><DORA hai="65" /><U97/><E97/><V124/><F124/><W66/><G102/><T61/><D67/><U129/><E129/><V112/><F112/><W87/><G104/><T6/><D6/><U72/><REACH who="1" step="1"/><E72/><REACH who="1" ten="209,132,306,343" step="2"/><V27/><F75/><W71/><G116/><T5/><D107/><U3/><E3/><V86/><F2/><W68/><G118/><T33/><D33/><U53/><E53/><V46/><F108/><W74/><G54/><T15/><D55/><U47/><E47/><V78/><F46/><W120/><G120/><T80/><D52/><U51/><E51/><V58/><F49/><RYUUKYOKU ba="0,1" sc="209,-10,132,30,306,-10,343,-10" hai1="8,10,11,19,21,24,26,39,43,45" owari="199,-20.1,162,-33.8,296,9.6,343,44.3" /></mjloggm>