<mjloggm ver="2.3"><GO type="225" lobby="0"/><UN n0="%E3%83%A9%E3%82%B9%E7%8E%87%EF%BC%93%E5%89%B2" n1="%E9%A6%AC%E5%BC%95%E7%81%AB%33" n2="%E7%99%BD%E5%80%89%E5%AF%9B%E4%B9%8B" n3="%E3%83%81%E3%83%83%E3%82%BF%E3%82%BD%E3%83%BC" dan="17,16,16,16" rate="2181.75,2095.78,2175.11,2208.71" sx="F,M,M,F"/><TAIKYOKU oya="0"/><INIT seed="0,0,0,1,3,78" ten="250,250,250,250" oya="0" hai0="85,21,23,92,43,91,64,60,65,98,26,118,28" hai1="119,11,24,46,53,68,18,56,3,48,135,35,125" hai2="101,93,132,89,16,58,4,76,27,103,9,123,38" hai3="74,59,115,81,134,25,15,105,124,102,111,106,110"/><T107/><D118/><U7/><E119/><V19/><F38/><W131/><G115/><T116/><D116/><U128/><E68/><V94/><F123/><W33/><G15/><T37/><D37/><U2/><E125/><V52/><F76/><N who="3" m="44183" /><G59/><T113/><D113/><U39/><E128/><V0/><F132/><W86/><G86/><T79/><D43/><U83/><E135/><V6/><F94/><W5/><G5/><N who="2" m="2153" /><F0/><W80/><G134/><T36/><D36/><U22/><E35/><V84/><F9/><W67/><G67/><T10/><D10/><U112/><E112/><V66/><F66/><W87/><G124/><T77/><D64/><U97/><E97/><V31/><F31/><W99/><G25/><T41/><D41/><U117/><E117/><V40/><F40/><W49/><G33/><T127/><D127/><U20/><E39/><V51/><F27/><W122/><G49/><T121/><D23/><U73/><E22/><V90/><F90/><N who="3" m="51559" /><G131/><T62/><D121/><U12/><REACH who="1" step="1"/><E46/><REACH who="1" ten="250,240,250,250" step="2"/><V47/><F47/><W126/><G126/><T129/><D129/><U61/><E61/><V88/><F89/><W114/><G114/><T34/><D62/><U108/><E108/><N who="3" m="41514" /><G122/><T95/><D34/><U42/><E42/><V45/><F45/><W96/><G96/><T120/><D120/><U32/><E32/><V55/><F55/><W50/><G50/><T72/><D60/><U71/><E71/><V70/><F70/><W1/><G1/><T130/><D130/><U44/><E44/><V63/><F51/><W104/><AGARI ba="0,1" hai="99,102,104,105,106" m="41514,51559,44183" machi="104" ten="30,8000,1" yaku="14,1,34,2,52,2" doraHai="78" who="3" fromWho="3" sc="250,-40,240,-20,250,-20,250,90" /><INIT seed="1,0,0,0,1,66" ten="210,220,230,340" oya="1" hai0="91,85,34,94,22,72,135,27,95,47,82,84,65" hai1="4,62,20,117,99,23,101,78,90,98,86,51,114" hai2="77,124,58,33,116,67,115,110,59,15,48,17,133" hai3="109,87,11,28,13,71,3,39,112,119,56,128,18"/><U102/><E117/><V131/><F33/><W96/><G112/><T36/><D135/><U104/><E114/><V74/><F115/><W121/><G121/><T16/><D72/><U81/><E4/><V14/><F116/><W122/><G119/><T25/><D65/><U130/><E130/><V76/><F133/><W70/><G122/><T92/><D36/><U54/><E62/><V134/><F134/><W83/><G39/><T21/><D34/><U93/><REACH who="1" step="1"/><E78/><REACH who="1" ten="210,210,230,340" step="2"/><V32/><F131/><W123/><G123/><T118/><D118/><U19/><E19/><V52/><F17/><W61/><G128/><T79/><D47/><AGARI ba="0,1" hai="20,23,47,51,54,81,86,90,93,98,99,101,102,104" machi="47" ten="30,2900,0" yaku="1,1,7,1,53,0" doraHai="66" doraHaiUra="57" who="1" fromWho="0" sc="210,-29,210,39,230,0,340,0" /><INIT seed="1,1,0,3,4,86" ten="181,249,230,340" oya="1" hai0="65,48,102,96,104,126,9,123,77,79,33,23,121" hai1="24,45,135,125,5,118,12,54,117,21,27,30,89" hai2="87,112,61,93,116,81,127,103,63,90,106,80,40" hai3="56,57,134,7,17,131,1,55,78,38,120,51,129"/><U91/><E125/><V108/><F116/><W26/><G120/><T100/><D33/><U101/><E101/><V36/><F108/><W34/><G38/><T46/><D126/><U4/><E135/><V19/><F127/><W10/><G134/><T111/><D111/><U35/><E117/><V122/><F122/><W85/><G57/><T70/><D123/><U3/><E3/><V73/><F112/><W99/><G99/><T67/><D121/><U114/><E114/><V18/><F81/><W71/><G71/><T74/><D74/><U62/><E118/><V59/><F40/><W88/><G78/><T60/><D102/><U6/><E12/><V66/><F36/><W95/><REACH who="3" step="1"/><G17/><REACH who="3" ten="181,249,230,330" step="2"/><T53/><D67/><U94/><E45/><V50/><F59/><W13/><G13/><T2/><REACH who="0" step="1"/><D23/><REACH who="0" ten="171,249,230,330" step="2"/><U32/><E21/><V22/><F22/><W110/><G110/><T25/><D25/><U49/><E27/><V105/><F66/><W115/><G115/><T29/><D29/><AGARI ba="1,2" hai="1,7,10,26,29,34,51,55,56,85,88,95,129,131" machi="29" ten="40,8000,1" yaku="1,1,52,1,54,1,53,1" doraHai="86" doraHaiUra="84" who="3" fromWho="0" sc="171,-83,249,0,230,0,330,103" /><INIT seed="2,0,0,3,5,57" ten="88,249,230,433" oya="2" hai0="71,42,31,120,75,128,2,114,39,66,101,46,95" hai1="64,70,40,58,6,127,91,125,29,1,3,18,96" hai2="123,126,102,34,86,44,79,65,78,67,45,55,80" hai3="112,22,21,54,27,130,92,124,85,94,56,30,115"/><V25/><F123/><W14/><G124/><N who="1" m="47690" /><E70/><V52/><F126/><W131/><G14/><T100/><D120/><U69/><E69/><V37/><F102/><W129/><G21/><T23/><D128/><U99/><E29/><V113/><F113/><N who="3" m="43595" /><G85/><T119/><D114/><U132/><E132/><V88/><F34/><W122/><G122/><T104/><D119/><U117/><E117/><V38/><F25/><W77/><G77/><N who="2" m="29193" /><F38/><W89/><G89/><T33/><D23/><U107/><E91/><V133/><F37/><W110/><G110/><T53/><D95/><U81/><E81/><V48/><F133/><W82/><G82/><T87/><D87/><U13/><E3/><V49/><AGARI ba="0,0" hai="44,45,48,49,52,55,65,67,80,86,88" m="29193" machi="49" ten="30,6000,0" yaku="8,1,54,2" doraHai="57" who="2" fromWho="2" sc="88,-20,249,-20,230,60,433,-20" /><INIT seed="2,1,0,2,0,72" ten="68,229,290,413" oya="2" hai0="36,4,81,70,58,34,80,47,64,111,124,27,113" hai1="50,17,53,118,116,8,117,39,90,91,22,88,77" hai2="66,6,99,96,129,37,35,74,79,84,60,5,54" hai3="21,16,20,130,114,93,106,32,3,51,13,10,123"/><V57/><F35/><W24/><G106/><T103/><D113/><U25/><E39/><V33/><F33/><W23/><G123/><T134/><D111/><U26/><E8/><V109/><F37/><W12/><G130/><T56/><D134/><U67/><E67/><V122/><F74/><W119/><G119/><T82/><D124/><U19/><E77/><V78/><F122/><W49/><G114/><T94/><D4/><N who="2" m="1642" /><F129/><W127/><G127/><T105/><D94/><U133/><E133/><V7/><F109/><W0/><G32/><T44/><D36/><U107/><E107/><V38/><F38/><W48/><G93/><T98/><D47/><U55/><E50/><V83/><N who="2" m="1650" /><V131/><DORA hai="30" /><F131/><W9/><G24/><T69/><D44/><U11/><E11/><N who="3" m="4106" /><G16/><T95/><D95/><U40/><E40/><V120/><F120/><W42/><G42/><T46/><D46/><U41/><E41/><V108/><F108/><W115/><G115/><T61/><REACH who="0" step="1"/><D70/><REACH who="0" ten="58,229,290,413" step="2"/><U104/><E104/><V110/><F110/><W128/><G128/><T97/><D97/><N who="2" m="37450" /><F66/><W28/><G3/><T65/><D65/><U112/><E112/><V63/><F63/><W121/><G0/><T29/><AGARI ba="1,1" hai="27,29,34,56,58,61,64,69,80,81,82,98,103,105" machi="29" ten="30,8000,1" yaku="1,1,0,1,25,2,52,1,53,0" doraHai="72,30" doraHaiUra="135,85" who="0" fromWho="0" sc="58,93,229,-21,290,-41,413,-21" /><INIT seed="3,0,0,2,4,33" ten="151,208,249,392" oya="3" hai0="8,72,40,106,128,34,58,23,19,126,96,122,35" hai1="81,86,28,124,82,57,71,26,45,135,47,24,10" hai2="83,134,56,89,69,9,84,107,108,119,30,42,11" hai3="6,64,7,120,105,85,99,63,130,49,3,62,43"/><W51/><G130/><T98/><D128/><U18/><E71/><V127/><F69/><W15/><G120/><T60/><D122/><U132/><E124/><V0/><F107/><W87/><G3/><T16/><D126/><U94/><E57/><V110/><F42/><W48/><G43/><T36/><D72/><U133/><E94/><V77/><F30/><W2/><G2/><T88/><D106/><U31/><E10/><V70/><F70/><W111/><G111/><T1/><D40/><U91/><E18/><V92/><F134/><W125/><G125/><T121/><D36/><U131/><E82/><V41/><F41/><W53/><G53/><T32/><D121/><U59/><E59/><V129/><F119/><W93/><G105/><T104/><D104/><U114/><E114/><V75/><F11/><N who="3" m="4599" /><G7/><T38/><D38/><U76/><E76/><V17/><F129/><W78/><G64/><T73/><D73/><U14/><E14/><V67/><F127/><W117/><G117/><T55/><D96/><U4/><E4/><V39/><F39/><W54/><G78/><T115/><D115/><U5/><E5/><V12/><F75/><W97/><G97/><T50/><D1/><U29/><E131/><V118/><F0/><W13/><G99/><T101/><D101/><U79/><E79/><V112/><F77/><W66/><G85/><T109/><D109/><U37/><E37/><V113/><F110/><W52/><G87/><T68/><D8/><U61/><E133/><V22/><F108/><W80/><G13/><T44/><D68/><U25/><E132/><RYUUKYOKU ba="0,0" sc="151,0,208,0,249,0,392,0" owari="151,-34.9,208,-19.2,249,4.9,392,49.2" /></mjloggm>