<mjloggm ver="2.3"><GO type="225" lobby="0"/><UN n0="%72%65%6E%6B%75%6E" n1="%E3%83%96%E3%83%83%E3%83%91%E3%82%AA%E3%83%96%E3%83%81%E3%82%AD%E3%83%B3" n2="%E5%B8%86%E7%AB%8B%E5%A4%8F%E8%A1%A3" n3="%E6%9C%88%E5%B3%B6%E5%9F%BA" dan="17,17,17,17" rate="2168.83,2184.38,2188.31,2214.00" sx="M,M,M,M"/><TAIKYOKU oya="0"/><INIT seed="0,0,0,2,4,76" ten="250,250,250,250" oya="0" hai0="50,118,56,47,12,117,13,113,106,131,79,86,10" hai1="107,44,5,83,96,33,4,58,67,15,0,16,90" hai2="30,132,8,39,45,89,122,23,52,92,120,114,133" hai3="78,99,29,121,73,31,116,64,94,87,103,2,48"/><T54/><D113/><U7/><E33/><V112/><F8/><W100/><G116/><T20/><D106/><U1/><E107/><V134/><F23/><W130/><G2/><T82/><D131/><U135/><E135/><V97/><F30/><N who="3" m="11275" /><G73/><T32/><D32/><U70/><E70/><V72/><F72/><W111/><G111/><T55/><D20/><U19/><E44/><V68/><F68/><W36/><G36/><T77/><D77/><U41/><E41/><V109/><F109/><W57/><G121/><T74/><D74/><U24/><E24/><V124/><F124/><W101/><G130/><T75/><D75/><U3/><E15/><V61/><F39/><W28/><G28/><T108/><D12/><U11/><E11/><V27/><F27/><W6/><G6/><T71/><D71/><U102/><E102/><V95/><F95/><W84/><G64/><T21/><D21/><U69/><E69/><V65/><F65/><W85/><G78/><T42/><D54/><AGARI ba="0,0" hai="48,54,57,84,85,87,94,99,100,101,103" m="11275" machi="54" ten="30,1000,0" yaku="8,1" doraHai="76" who="3" fromWho="0" sc="250,-10,250,0,250,0,250,10" /><INIT seed="1,0,0,1,5,3" ten="240,250,250,260" oya="1" hai0="47,49,126,81,44,10,67,76,90,70,34,112,24" hai1="40,22,59,78,21,52,107,85,113,15,43,64,99" hai2="62,26,30,75,87,33,79,17,57,16,14,36,71" hai3="4,111,104,120,114,97,1,101,0,122,50,27,124"/><U95/><E113/><V51/><F36/><W92/><G114/><T96/><D112/><U69/><E107/><V73/><F71/><W8/><G111/><T46/><D126/><U41/><E69/><V125/><F125/><W7/><G124/><T65/><D70/><U11/><E64/><V54/><F62/><W32/><G92/><N who="0" m="56343" /><D34/><U109/><E109/><V53/><F53/><W84/><G84/><N who="0" m="48167" /><D24/><U94/><E85/><V132/><F17/><W72/><G50/><T106/><D106/><U82/><E82/><V6/><F6/><W128/><G128/><T103/><D103/><N who="1" m="60919" /><E95/><V134/><F87/><W13/><G72/><T61/><D61/><N who="1" m="36071" /><E78/><V55/><F55/><W117/><G117/><T108/><D108/><U31/><E31/><V80/><REACH who="2" step="1"/><F75/><REACH who="2" ten="240,250,240,260" step="2"/><W68/><G68/><T88/><D49/><U118/><E118/><V28/><F28/><W89/><G120/><T83/><D67/><U110/><E110/><V66/><F66/><W2/><G122/><T74/><D74/><U37/><E37/><V38/><F38/><W98/><G104/><T56/><D65/><U115/><E115/><V102/><F102/><W58/><G101/><T105/><D105/><U42/><N who="1" m="10240" /><DORA hai="9" /><U93/><E93/><V77/><F77/><W12/><G89/><T127/><D127/><U45/><E45/><V60/><F60/><W116/><G116/><T20/><D47/><U63/><E63/><V119/><F119/><W35/><G58/><T29/><D46/><U48/><E48/><V91/><F91/><W123/><G123/><T100/><D44/><U133/><E133/><RYUUKYOKU ba="0,1" sc="240,-15,250,15,240,15,260,-15" hai1="11,15,21,22" hai2="14,16,26,30,33,51,54,57,73,79,80,132,134" /><INIT seed="1,1,1,0,3,121" ten="225,265,255,245" oya="1" hai0="48,89,128,50,70,123,56,1,115,129,116,134,97" hai1="23,112,10,34,111,84,76,113,33,6,131,27,25" hai2="95,36,45,8,135,109,40,18,86,78,44,15,118" hai3="43,98,17,108,72,69,57,92,93,124,31,74,100"/><U94/><E131/><V101/><F118/><W87/><G69/><T12/><D12/><U3/><E76/><V68/><F68/><W77/><G31/><T9/><D97/><U117/><E117/><V80/><F135/><W41/><G124/><T35/><D89/><U103/><E84/><V126/><F126/><W96/><G57/><T133/><D9/><N who="1" m="2271" /><E94/><V127/><F127/><W42/><G17/><T5/><D35/><N who="1" m="13323" /><E103/><V106/><F106/><W122/><G122/><T14/><D1/><U21/><E10/><V63/><F63/><W91/><G108/><T30/><D116/><U51/><E51/><V38/><F109/><W46/><G46/><T0/><D0/><U130/><E130/><N who="0" m="50281" /><D70/><U60/><E60/><V64/><F64/><W105/><G77/><T53/><D50/><U107/><E107/><V83/><F83/><W82/><G82/><T119/><D123/><U67/><E67/><V120/><F120/><W66/><G66/><T28/><D119/><U47/><E47/><V11/><F11/><W110/><G110/><T85/><D85/><U22/><E111/><V75/><F101/><N who="3" m="60551" /><G74/><T29/><D133/><U37/><E37/><V20/><F8/><W4/><G72/><T32/><D134/><U26/><AGARI ba="1,1" hai="21,22,23,25,26,27,112,113" m="13323,2271" machi="26" ten="40,3900,0" yaku="34,2" doraHai="121" who="1" fromWho="1" sc="225,-14,265,52,255,-14,245,-14" /><INIT seed="1,2,0,0,3,53" ten="211,317,241,231" oya="1" hai0="20,56,92,40,27,96,97,60,22,41,48,67,99" hai1="77,18,114,107,120,14,93,6,50,66,34,2,75" hai2="44,94,76,36,31,65,52,116,25,47,98,57,62" hai3="32,133,5,126,37,125,134,3,59,58,79,118,113"/><U130/><E114/><V129/><F129/><W28/><G113/><T42/><D22/><U9/><E120/><V55/><F116/><W4/><G118/><T26/><D27/><U13/><E130/><V46/><F36/><W83/><G37/><T100/><REACH who="0" step="1"/><D48/><REACH who="0" ten="201,317,241,231" step="2"/><U132/><E50/><V11/><F11/><W17/><G32/><T108/><D108/><U80/><E9/><V82/><F25/><W8/><G8/><T43/><N who="0" m="10240" /><DORA hai="110" /><T86/><D86/><U29/><E34/><V24/><F24/><W12/><G125/><T102/><D102/><U64/><E29/><AGARI ba="2,1" hai="20,26,29,56,60,67,92,96,97,99,100" m="10240" machi="29" ten="50,16000,3" yaku="1,1,25,2,8,1,52,1,53,3" doraHai="53,110" doraHaiUra="106,95" who="0" fromWho="1" sc="201,176,317,-166,241,0,231,0" /><INIT seed="2,0,0,1,2,113" ten="377,151,241,231" oya="2" hai0="49,68,80,122,111,67,83,74,58,90,2,76,9" hai1="107,38,22,1,8,5,4,103,46,106,31,45,101" hai2="39,91,33,79,37,61,77,62,89,121,86,109,15" hai3="43,100,32,7,56,48,66,47,10,29,125,133,50"/><V19/><F121/><W52/><G125/><T119/><D122/><U41/><E5/><V71/><F33/><W0/><G133/><T99/><D111/><U6/><E6/><V94/><F109/><W130/><G130/><T40/><D68/><U21/><E31/><V57/><F39/><W20/><G32/><T51/><D119/><U93/><E93/><V73/><F37/><W59/><G100/><T104/><D83/><U124/><E124/><V135/><F135/><W44/><REACH who="3" step="1"/><G66/><REACH who="3" ten="377,151,241,221" step="2"/><T30/><D67/><U105/><REACH who="1" step="1"/><E46/><REACH who="1" ten="377,141,241,221" step="2"/><V65/><F94/><W117/><G117/><T96/><D104/><U75/><E75/><V115/><F73/><W134/><G134/><T116/><D116/><U42/><E42/><V12/><F115/><W36/><G36/><T108/><D40/><U27/><E27/><AGARI ba="0,2" hai="0,7,10,20,27,29,43,44,47,48,50,52,56,59" machi="27" ten="40,8000,1" yaku="1,1,54,1,53,2" doraHai="113" doraHaiUra="55" who="3" fromWho="1" sc="377,0,141,-80,241,0,221,100" /><INIT seed="3,0,0,2,3,19" ten="377,61,241,321" oya="3" hai0="93,104,27,91,99,135,111,15,13,103,46,18,96" hai1="62,133,20,100,101,40,54,112,134,23,49,132,51" hai2="70,122,29,130,118,52,85,79,4,63,126,22,115" hai3="68,107,86,128,117,78,102,77,21,83,42,72,97"/><W16/><G117/><T94/><D111/><U81/><E112/><V109/><F115/><W0/><G0/><T30/><D135/><U121/><E121/><V25/><F122/><W75/><G128/><T17/><D104/><U65/><E40/><V131/><F126/><W9/><G68/><T32/><D18/><U50/><E54/><V28/><F109/><W6/><G42/><T36/><D36/><U55/><E55/><V69/><F118/><W67/><G67/><T39/><D39/><U10/><E10/><V5/><F79/><W119/><G119/><T47/><D15/><U74/><E74/><V88/><F70/><W56/><G56/><T66/><D66/><U95/><E81/><N who="2" m="49199" /><F29/><W7/><G78/><T73/><D73/><U98/><REACH who="1" step="1"/><E101/><REACH who="1" ten="377,51,241,321" step="2"/><V105/><F52/><W24/><G75/><T11/><AGARI ba="0,1" hai="11,13,17,27,30,32,46,47,91,93,94,96,99,103" machi="11" ten="20,1500,0" yaku="0,1,7,1" doraHai="19" who="0" fromWho="0" sc="377,25,51,-4,241,-4,321,-7" owari="402,50.2,47,-45.3,237,-16.3,314,11.4" /></mjloggm>