<mjloggm ver="2.3"><GO type="225" lobby="0"/><UN n0="%E6%98%93%E5%88%A9%E8%96%A9%E4%BC%AF" n1="%E6%9C%88%E5%B3%B6%E5%9F%BA" n2="%E7%B4%94%E6%BD%94%E3%83%94%E3%83%A9%E3%83%8B%E3%82%A2" n3="%2D%E8%B1%8A%E5%8F%A3%E3%82%81%E3%81%90%E3%81%BF%2D" dan="17,17,16,17" rate="2114.50,2211.24,2143.77,2218.40" sx="F,M,M,F"/><TAIKYOKU oya="0"/><INIT seed="0,0,0,3,5,56" ten="250,250,250,250" oya="0" hai0="131,109,35,51,27,14,86,33,134,99,44,60,75" hai1="78,100,107,73,127,23,70,85,40,69,53,111,128" hai2="98,43,1,30,87,106,102,119,96,37,93,25,123" hai3="81,105,95,71,130,15,50,2,64,9,104,24,7"/><T59/><D75/><U48/><E111/><V8/><F123/><W115/><G115/><T135/><D109/><U58/><E73/><V112/><F112/><W4/><G130/><T52/><D131/><U18/><E128/><V94/><F119/><W79/><G95/><T46/><D99/><U125/><E40/><V55/><F37/><W10/><G50/><T121/><D121/><U89/><E78/><V88/><F43/><W83/><G24/><T20/><D14/><N who="1" m="9687" /><E100/><V114/><F114/><W132/><G132/><N who="0" m="50731" /><D86/><U72/><E72/><V65/><F55/><W97/><G97/><T110/><D110/><U54/><E54/><V117/><F117/><W6/><G6/><T0/><D0/><U49/><E49/><V122/><F122/><W47/><G47/><N who="0" m="17963" /><D51/><U36/><E107/><V22/><F1/><W21/><G79/><T42/><D42/><U76/><E76/><V41/><F41/><W11/><G105/><T19/><AGARI ba="0,0" hai="19,20,27,33,35,52,59,60" m="17963,50731" machi="19" ten="30,6000,0" yaku="20,1,52,1,54,1" doraHai="56" who="0" fromWho="0" sc="250,60,250,-20,250,-20,250,-20" /><INIT seed="0,1,0,2,0,40" ten="310,230,230,230" oya="0" hai0="69,106,65,129,6,112,103,87,124,56,97,82,93" hai1="123,84,50,25,35,95,55,90,7,96,49,128,12" hai2="99,59,22,11,119,125,61,115,109,38,46,24,121" hai3="92,94,130,23,63,17,101,134,85,29,9,5,64"/><T127/><D69/><U102/><E123/><V110/><F115/><W70/><G130/><T54/><D65/><U73/><E73/><V21/><F121/><W19/><G134/><T28/><D112/><U62/><E128/><V77/><F119/><W4/><G29/><T36/><D36/><U57/><E35/><V14/><F125/><N who="0" m="48202" /><D6/><U113/><E113/><V15/><F77/><W3/><G5/><T0/><D0/><U2/><E25/><V88/><F11/><W133/><G133/><T32/><D129/><U118/><E2/><V122/><F122/><W116/><G116/><T27/><D106/><U91/><E118/><V48/><F38/><W72/><G72/><T78/><D56/><U60/><E7/><V86/><F99/><W104/><G104/><T42/><D54/><U45/><E12/><N who="2" m="4651" /><F24/><W30/><G70/><T114/><D114/><U81/><E102/><V131/><F110/><W111/><G101/><T8/><D42/><AGARI ba="1,0" hai="42,45,49,50,55,57,60,62,81,84,90,91,95,96" machi="42" ten="30,3900,0" yaku="7,1,8,1,52,1" doraHai="40" who="1" fromWho="0" sc="310,-42,230,42,230,0,230,0" /><INIT seed="1,0,0,2,0,133" ten="268,272,230,230" oya="1" hai0="16,107,45,118,134,122,49,126,13,14,35,1,42" hai1="50,65,7,4,8,57,84,61,23,95,116,110,111" hai2="5,112,33,59,114,25,31,98,102,21,77,37,29" hai3="85,62,90,15,39,34,117,73,32,56,124,3,79"/><U72/><E72/><V99/><F37/><W55/><G3/><T18/><D118/><U6/><E116/><V12/><F77/><W76/><G117/><T113/><D107/><U83/><E95/><V120/><F120/><W115/><G115/><N who="2" m="44073" /><F59/><W106/><G39/><T0/><D35/><U10/><E23/><V123/><F123/><W132/><G106/><T104/><D104/><U30/><E30/><V89/><F89/><W86/><G73/><T2/><D113/><U63/><E50/><V22/><F31/><W27/><G132/><T97/><D134/><U44/><E44/><V80/><F80/><W52/><G27/><T92/><D122/><U58/><E110/><V53/><F53/><W87/><G90/><T19/><REACH who="0" step="1"/><D126/><REACH who="0" ten="258,272,230,230" step="2"/><U129/><E111/><V24/><F33/><W100/><G32/><T105/><D105/><U64/><E129/><V17/><F102/><AGARI ba="0,1" hai="0,1,2,13,14,16,18,19,42,45,49,92,97,102" machi="102" ten="50,3200,0" yaku="1,1,54,1,53,0" doraHai="133" doraHaiUra="28" who="0" fromWho="2" sc="258,42,272,0,230,-32,230,0" /><INIT seed="2,0,0,2,3,102" ten="300,272,198,230" oya="2" hai0="89,61,4,119,126,67,100,113,38,90,5,57,6" hai1="0,31,32,37,41,21,125,66,123,128,72,43,134" hai2="47,20,53,114,54,46,42,45,133,13,14,101,29" hai3="19,131,16,85,58,77,18,104,7,122,127,110,111"/><V34/><F114/><W11/><G122/><T3/><D113/><U106/><RYUUKYOKU type="yao9" ba="0,0" sc="300,0,272,0,198,0,230,0" hai1="0,21,31,32,37,41,43,66,72,106,123,125,128,134" /><INIT seed="2,1,0,3,1,127" ten="300,272,198,230" oya="2" hai0="93,108,7,71,67,109,89,4,48,37,39,65,76" hai1="72,53,123,66,34,78,20,132,6,95,86,82,3" hai2="17,102,88,27,55,40,107,119,111,10,11,28,68" hai3="114,12,94,24,103,42,51,60,43,80,98,120,38"/><V106/><F119/><W79/><G120/><T128/><D128/><U30/><E123/><V90/><F68/><W62/><G38/><N who="0" m="14347" /><D76/><U26/><E132/><V8/><F40/><W112/><G24/><T130/><D130/><U50/><E66/><N who="0" m="25097" /><D48/><U124/><E124/><V46/><F17/><W5/><G42/><T25/><D25/><U126/><E126/><V1/><F1/><W100/><G100/><T32/><D32/><U44/><E6/><V135/><F135/><W0/><G0/><T129/><D129/><U23/><E3/><V92/><F102/><W52/><G43/><T21/><D21/><U59/><E59/><V96/><F90/><W14/><G14/><T2/><D71/><U9/><E9/><V56/><F46/><W75/><G12/><T110/><D2/><U15/><E15/><V64/><F64/><W69/><G5/><T81/><D81/><U49/><E49/><V118/><F118/><W31/><G31/><T16/><D16/><U22/><E95/><V101/><F101/><W54/><G69/><T18/><D18/><U41/><E41/><V45/><F45/><N who="3" m="27759" /><G54/><T36/><D36/><U131/><E131/><V58/><F58/><W104/><G94/><T105/><D105/><N who="2" m="39946" /><F56/><W70/><G70/><T19/><D19/><U121/><E121/><V97/><F55/><W63/><G63/><T91/><D91/><U47/><E47/><V99/><F111/><W113/><AGARI ba="1,0" hai="60,62,75,79,80,98,103,104,112,113,114" m="27759" machi="113" ten="30,2000,0" yaku="11,1,54,1" doraHai="127" who="3" fromWho="3" sc="300,-6,272,-6,198,-11,230,23" /><INIT seed="3,0,0,0,5,74" ten="294,266,187,253" oya="3" hai0="46,114,108,9,83,109,23,119,107,71,105,57,59" hai1="73,96,100,69,125,70,116,120,26,62,106,127,29" hai2="50,42,35,64,24,55,91,15,60,47,18,27,37" hai3="12,135,32,122,110,97,66,20,13,0,3,104,5"/><W14/><G66/><T124/><D119/><U21/><E120/><V38/><F91/><W92/><G104/><N who="0" m="40011" /><D71/><U80/><E116/><V16/><F18/><W52/><G122/><T36/><D124/><N who="1" m="47691" /><E62/><V129/><F129/><W101/><G32/><T76/><D23/><U75/><E75/><V87/><F87/><W93/><G135/><T115/><D9/><U67/><E67/><V130/><F130/><W84/><G110/><N who="0" m="42603" /><D46/><U77/><AGARI ba="0,0" hai="21,26,29,69,70,73,77,80,96,100,106" m="47691" machi="77" ten="30,2000,0" yaku="18,1,52,1" doraHai="74" who="1" fromWho="1" sc="294,-5,266,20,187,-5,253,-10" /><INIT seed="4,0,0,2,3,59" ten="289,286,182,243" oya="0" hai0="58,75,47,85,60,31,99,43,2,71,107,20,84" hai1="65,87,41,36,25,17,66,126,6,64,121,101,38" hai2="56,100,23,111,42,105,45,18,27,28,8,81,54" hai3="92,91,119,32,51,123,74,116,12,98,13,69,97"/><T96/><D75/><U35/><E121/><V82/><F111/><W7/><G32/><T94/><D71/><U21/><E35/><V86/><F105/><W19/><G74/><T11/><D107/><U44/><E126/><V5/><F100/><W30/><G30/><T127/><D99/><U106/><E106/><V95/><F28/><W134/><G69/><T4/><D127/><U83/><E101/><V103/><F103/><W115/><G115/><T39/><D96/><U118/><E118/><V10/><F95/><W29/><G29/><T133/><D133/><U89/><E6/><V80/><F86/><W114/><G114/><T68/><D68/><U120/><E120/><V63/><REACH who="2" step="1"/><F5/><REACH who="2" ten="289,286,172,243" step="2"/><W135/><G92/><T9/><D94/><U79/><E87/><V49/><AGARI ba="0,1" hai="8,10,18,23,27,42,45,49,54,56,63,80,81,82" machi="49" ten="30,8000,1" yaku="1,1,2,1,0,1,8,1,52,1,53,0" doraHai="59" doraHaiUra="117" who="2" fromWho="2" sc="289,-40,286,-20,172,90,243,-20" /><INIT seed="5,0,0,2,2,120" ten="249,266,262,223" oya="1" hai0="80,113,33,123,57,26,48,22,124,112,69,9,30" hai1="96,128,58,71,50,21,127,101,52,62,23,49,76" hai2="111,135,94,121,98,119,83,118,25,106,86,12,88" hai3="91,73,55,74,133,0,61,2,47,59,63,130,20"/><U4/><E127/><V110/><F12/><W78/><G130/><T3/><D69/><U70/><E128/><V116/><F25/><W37/><G133/><T15/><D123/><U1/><E71/><V79/><F121/><W54/><G91/><T42/><D124/><U109/><E109/><N who="2" m="41483" /><F106/><W84/><G84/><T40/><D80/><U24/><E70/><V77/><F135/><W41/><G20/><T125/><D125/><U81/><E23/><V97/><F97/><W56/><REACH who="3" step="1"/><G78/><AGARI ba="0,0" hai="77,78,79,83,86,88,94,98,116,118,119" m="41483" machi="78" ten="40,12000,2" yaku="34,2,52,3,54,1" doraHai="120" who="2" fromWho="3" sc="249,0,266,0,262,120,223,-120" owari="249,-15.1,266,6.6,382,48.2,103,-39.7" /></mjloggm>