<mjloggm ver="2.3"><GO type="225" lobby="0"/><UN n0="%E6%A1%9C%E8%8A%B1%E9%96%83%E3%80%85" n1="%46%65%6D%69%72%69%6E%73" n2="%E3%82%8F%E3%81%8B%E3%81%B0%2A%E3%82%AC%E3%83%BC%E3%83%AB" n3="%E3%81%95%E3%81%8D%E3%81%9F%E3%81%BE%E6%9E%97%E6%AA%8E" dan="17,16,16,16" rate="2195.63,2137.93,2180.19,2110.38" sx="M,M,M,M"/><TAIKYOKU oya="0"/><INIT seed="0,0,0,4,1,42" ten="250,250,250,250" oya="0" hai0="48,18,121,87,130,65,112,47,41,85,79,122,15" hai1="110,11,98,119,34,57,135,75,107,129,101,76,33" hai2="123,132,124,38,2,45,67,89,54,36,81,73,9" hai3="24,104,19,51,64,126,127,118,96,103,26,131,17"/><T40/><D112/><U14/><E119/><V20/><F123/><W102/><G118/><T0/><D0/><U133/><E110/><V35/><F35/><W72/><G72/><T6/><D130/><U32/><E129/><V62/><F132/><N who="1" m="50761" /><E57/><V21/><F124/><N who="3" m="47659" /><G131/><T128/><D128/><U46/><E76/><V49/><F2/><W90/><G64/><T4/><D65/><U37/><E75/><V78/><F89/><W97/><G90/><T93/><D41/><N who="1" m="22831" /><E34/><V5/><F5/><AGARI ba="0,0" hai="5,11,14,32,33,98,101,107" m="22831,50761" machi="5" ten="30,2000,0" yaku="20,1,52,1" doraHai="42" who="1" fromWho="2" sc="250,0,250,20,250,-20,250,0" /><INIT seed="1,0,0,3,4,63" ten="250,270,230,250" oya="1" hai0="1,82,121,8,32,71,12,24,6,123,129,100,135" hai1="72,59,14,81,23,94,77,106,33,68,62,80,95" hai2="58,13,126,75,116,78,128,22,89,115,124,111,18" hai3="48,65,67,41,43,50,107,49,9,27,103,37,5"/><U117/><E106/><V119/><F111/><W34/><G107/><T60/><D129/><U51/><E33/><V109/><F109/><W102/><G37/><T66/><D135/><U38/><E38/><V70/><F70/><W93/><G34/><T45/><D45/><U87/><E68/><V7/><F128/><W29/><G29/><N who="0" m="19495" /><D82/><U36/><E36/><V97/><F115/><W98/><G103/><T61/><D61/><U21/><E51/><V42/><F42/><N who="3" m="15883" /><G27/><T101/><D12/><AGARI ba="0,0" hai="5,9,12,48,49,50,65,67,93,98,102" m="15883" machi="12" ten="30,3900,0" yaku="8,1,52,2" doraHai="63" who="3" fromWho="0" sc="250,-39,270,0,230,0,250,39" /><INIT seed="2,0,0,3,5,37" ten="211,270,230,289" oya="2" hai0="47,52,16,61,19,91,94,34,5,85,123,135,130" hai1="69,50,31,124,64,35,72,1,54,112,74,57,103" hai2="46,125,24,29,134,99,126,38,32,60,111,116,10" hai3="114,62,81,121,67,129,28,0,48,45,23,39,4"/><V36/><F116/><W133/><G121/><T102/><D123/><U58/><E1/><V17/><F134/><W79/><G133/><T55/><D135/><U15/><E112/><V128/><F128/><W90/><G129/><T12/><D130/><U122/><E122/><V63/><F111/><W100/><G100/><T75/><D75/><U113/><E113/><V110/><F110/><W68/><G114/><T96/><D34/><U7/><E69/><V40/><F36/><W76/><G90/><T56/><D5/><U43/><E103/><V71/><F99/><W127/><G127/><N who="2" m="48649" /><F71/><W3/><G39/><T84/><D84/><U33/><E33/><V101/><F101/><W109/><G109/><T59/><D47/><U119/><E119/><V108/><F108/><W80/><G23/><T27/><D27/><U92/><E35/><V6/><F17/><W98/><G28/><T30/><D12/><AGARI ba="0,0" hai="6,10,12,24,29,32,38,40,46,60,63" m="48649" machi="12" ten="30,2900,0" yaku="18,1,52,1" doraHai="37" who="2" fromWho="0" sc="211,-29,270,0,230,29,289,0" /><INIT seed="2,1,0,1,3,41" ten="182,270,259,289" oya="2" hai0="35,34,96,22,53,102,89,67,21,39,131,6,133" hai1="82,3,116,80,30,25,2,13,125,135,49,120,9" hai2="122,130,127,61,74,100,101,110,65,45,123,113,128" hai3="86,64,75,121,46,88,11,15,8,66,76,54,51"/><V0/><F0/><W7/><G121/><N who="2" m="46089" /><F74/><W32/><G32/><T56/><D133/><U112/><E120/><V31/><F31/><W85/><G75/><T4/><D131/><N who="2" m="50218" /><F113/><W33/><G33/><T90/><D39/><U36/><E135/><V58/><F127/><W118/><G118/><T62/><D35/><U84/><E125/><V103/><F110/><W92/><G11/><T87/><D89/><U1/><E116/><V20/><F20/><W107/><G107/><T28/><D34/><U108/><E36/><V38/><F38/><W59/><G59/><T19/><D28/><U97/><E108/><V69/><F45/><W77/><G77/><T29/><D29/><U10/><E10/><V115/><F115/><W18/><G18/><T60/><D22/><U111/><E112/><V117/><F117/><W95/><G76/><T109/><D19/><U99/><E111/><V37/><F37/><W124/><G124/><T73/><D21/><U40/><E30/><V119/><F119/><W47/><G47/><T106/><D73/><U44/><E25/><V24/><F24/><W26/><G26/><T14/><D109/><U132/><E132/><V5/><F69/><W70/><G70/><T12/><D12/><U105/><E13/><V27/><F27/><W42/><G42/><T48/><D14/><U57/><E9/><V93/><F5/><W134/><G134/><T98/><D4/><U78/><E3/><V63/><F63/><W71/><G71/><N who="0" m="42471" /><D6/><U114/><E114/><V43/><F43/><W104/><G104/><T16/><D106/><U23/><E105/><RYUUKYOKU ba="1,0" sc="182,-15,270,-15,259,15,289,15" hai2="58,61,65,93,100,101,103" hai3="7,8,15,46,51,54,64,66,85,86,88,92,95" /><INIT seed="2,2,0,4,2,103" ten="167,255,274,304" oya="2" hai0="36,27,6,76,28,120,48,99,37,84,30,25,7" hai1="45,47,133,5,77,96,63,32,42,89,31,129,29" hai2="121,65,81,104,21,9,34,85,40,10,60,19,93" hai3="44,23,116,18,130,16,56,54,101,117,98,2,90"/><V26/><F104/><W41/><G2/><T112/><D120/><U111/><E111/><V115/><F115/><W79/><G79/><T94/><D112/><U122/><E122/><V61/><F121/><W71/><G71/><T109/><D109/><U22/><E32/><V50/><F34/><W70/><G70/><T105/><D48/><U75/><E133/><V46/><F93/><W118/><G130/><T97/><D94/><U17/><E5/><V13/><F65/><W52/><G90/><T128/><D76/><U82/><E47/><V107/><F107/><W88/><G88/><T125/><D84/><U12/><E129/><V69/><F69/><W132/><G132/><T14/><D14/><U113/><E113/><V67/><F67/><W39/><G23/><T80/><D128/><U66/><E89/><N who="2" m="51375" /><F9/><W119/><G119/><T73/><D80/><U24/><E96/><V20/><F20/><W126/><G126/><T87/><D87/><U51/><E24/><V127/><F127/><W74/><G74/><T11/><D11/><U102/><E102/><V95/><F95/><W62/><REACH who="3" step="1"/><G54/><REACH who="3" ten="167,255,274,294" step="2"/><T15/><D125/><U57/><AGARI ba="2,1" hai="12,17,22,29,31,42,45,51,57,63,66,75,77,82" machi="57" ten="20,1500,0" yaku="0,1,7,1" doraHai="103" who="1" fromWho="1" sc="167,-6,255,31,274,-9,294,-6" /><INIT seed="3,0,0,4,0,122" ten="161,286,265,288" oya="3" hai0="70,49,100,48,103,83,30,10,55,5,68,75,91" hai1="72,131,46,50,73,7,65,12,58,74,130,128,123" hai2="93,96,120,99,36,119,95,61,115,43,92,4,101" hai3="22,133,111,104,62,121,85,78,98,116,102,29,34"/><W56/><G116/><T33/><D49/><U132/><E123/><V124/><F119/><W134/><G121/><T13/><D33/><U94/><E132/><N who="3" m="50794" /><G111/><T125/><D125/><U84/><E84/><V126/><F115/><W71/><G71/><T27/><D70/><U47/><E94/><V35/><F35/><W24/><G78/><T25/><D68/><U37/><E37/><V41/><F120/><W59/><G85/><N who="0" m="50623" /><D75/><U118/><E118/><V23/><F4/><W86/><G86/><T57/><D30/><U117/><E117/><V42/><F36/><W108/><G108/><T45/><D45/><U64/><E58/><N who="3" m="22058" /><G62/><T1/><D1/><U112/><E112/><V20/><F61/><W110/><G110/><T31/><D31/><U53/><E47/><V81/><F81/><W77/><G77/><T14/><D14/><U0/><E0/><V88/><REACH who="2" step="1"/><F92/><REACH who="2" ten="161,286,255,288" step="2"/><W8/><G8/><AGARI ba="0,1" hai="7,8,12,46,50,53,64,65,72,73,74,128,130,131" machi="8" ten="50,1600,0" yaku="19,1" doraHai="122" who="1" fromWho="3" sc="161,0,286,26,255,0,288,-16" owari="161,-33.9,312,41.2,255,-14.5,272,7.2" /></mjloggm>