<mjloggm ver="2.3"><GO type="225" lobby="0"/><UN n0="%77%72%77%72%77%72%77%72" n1="%73%69%67%65%6E%6F%72%69" n2="%E6%81%A5%E6%99%92%E3%81%97" n3="%E7%99%BD%E9%9B%AA%E4%B9%83%E6%84%9B" dan="17,18,16,16" rate="2172.57,2268.84,2142.35,2061.45" sx="M,M,M,F"/><TAIKYOKU oya="0"/><INIT seed="0,0,0,1,5,72" ten="250,250,250,250" oya="0" hai0="55,98,80,4,33,82,92,3,61,13,9,15,54" hai1="6,88,90,100,85,23,8,115,95,36,0,71,69" hai2="113,32,47,123,16,129,122,66,101,59,84,27,7" hai3="20,46,26,21,44,107,79,5,87,118,50,117,45"/><T77/><D33/><U130/><E130/><V58/><F113/><W78/><G107/><T73/><D82/><U38/><E115/><V109/><F129/><W19/><G5/><T96/><D96/><U70/><E100/><V108/><F32/><W126/><G126/><T14/><REACH who="0" step="1"/><D61/><REACH who="0" ten="240,250,250,250" step="2"/><U119/><E119/><V34/><F34/><W97/><G97/><T93/><D93/><U17/><REACH who="1" step="1"/><E90/><AGARI ba="0,1" hai="3,4,9,13,14,15,54,55,73,77,80,90,92,98" machi="90" ten="40,12000,1" yaku="1,1,52,1,53,2" doraHai="72" doraHaiUra="51" who="0" fromWho="1" sc="240,130,250,-120,250,0,250,0" /><INIT seed="0,1,0,0,5,79" ten="370,130,250,250" oya="0" hai0="72,53,123,25,70,63,6,62,117,41,73,51,134" hai1="135,81,28,0,111,5,129,2,122,16,37,42,120" hai2="68,55,86,9,113,50,10,11,95,52,45,132,91" hai3="128,57,107,34,1,69,105,17,13,3,127,67,100"/><T19/><D117/><U66/><E66/><V84/><F132/><W40/><G69/><T56/><D123/><U44/><E135/><V14/><F113/><W31/><G40/><T7/><D134/><U12/><E111/><V35/><F35/><W47/><G47/><N who="0" m="26095" /><D72/><U97/><E129/><V126/><F126/><W74/><G74/><T106/><D106/><U110/><E110/><V22/><F68/><W60/><G127/><T18/><D73/><U92/><E28/><V38/><F38/><W64/><G128/><T108/><D108/><U20/><E0/><V124/><F124/><W24/><G67/><T102/><D102/><U133/><E133/><V71/><F71/><W98/><REACH who="3" step="1"/><G107/><REACH who="3" ten="370,130,250,240" step="2"/><T32/><D70/><U78/><E2/><V48/><F22/><AGARI ba="1,1" hai="1,3,13,17,22,24,31,34,57,60,64,98,100,105" machi="22" ten="30,7700,0" yaku="1,1,2,1,7,1,53,1" doraHai="79" doraHaiUra="99" who="3" fromWho="2" sc="370,0,130,0,250,-80,240,90" /><INIT seed="1,0,0,1,4,51" ten="370,130,170,330" oya="1" hai0="24,50,73,64,112,114,77,38,21,103,127,43,70" hai1="42,56,20,32,101,66,59,58,87,47,28,89,97" hai2="19,55,80,76,33,115,26,41,124,123,57,18,16" hai3="135,15,109,78,61,54,105,83,79,134,5,104,25"/><U37/><E32/><V81/><F123/><W36/><G36/><T53/><D127/><U98/><E66/><V44/><F115/><W23/><G109/><T108/><D108/><U102/><E102/><V95/><F124/><W62/><G15/><T126/><D126/><U74/><E74/><V1/><F1/><W92/><G5/><T13/><D103/><U27/><REACH who="1" step="1"/><E101/><REACH who="1" ten="370,120,170,330" step="2"/><V48/><F33/><W10/><G105/><T117/><D73/><U125/><E125/><V52/><F26/><W129/><G104/><T133/><D64/><U60/><E60/><N who="2" m="35879" /><F76/><W63/><G78/><T75/><D77/><U9/><E9/><V2/><F2/><W3/><G10/><T40/><D75/><U68/><E68/><V17/><N who="2" m="4096" /><DORA hai="6" /><V69/><F69/><W119/><G3/><T29/><D70/><U0/><E0/><V39/><F39/><W132/><G25/><T100/><D100/><U96/><E96/><V94/><F41/><W8/><G8/><T93/><D38/><U72/><E72/><V91/><F91/><W107/><G107/><T7/><D40/><U11/><E11/><V120/><F120/><W67/><G67/><T99/><D43/><U116/><E116/><V113/><F113/><W46/><G135/><T49/><D117/><U31/><E31/><V30/><F30/><W111/><G119/><T85/><D133/><U82/><AGARI ba="0,1" hai="20,27,28,37,42,47,56,58,59,82,87,89,97,98" machi="82" ten="30,6000,0" yaku="1,1,0,1,53,1" doraHai="51,6" doraHaiUra="121,84" who="1" fromWho="1" sc="370,-20,120,70,170,-20,330,-20" /><INIT seed="1,1,0,2,1,133" ten="350,190,150,310" oya="1" hai0="121,93,45,55,102,96,53,58,86,2,87,35,12" hai1="107,125,28,34,66,108,79,90,61,14,69,40,97" hai2="128,135,17,10,94,39,106,118,105,18,122,5,117" hai3="49,11,88,127,8,70,26,89,0,3,68,60,110"/><U31/><E79/><V131/><F39/><W33/><G110/><T104/><D2/><U129/><E129/><N who="2" m="49739" /><F94/><W92/><G26/><T32/><D121/><U123/><E123/><V7/><F122/><W115/><G33/><T46/><D104/><N who="2" m="40042" /><F10/><W22/><G22/><T98/><D12/><U78/><E108/><V64/><F64/><W116/><G49/><T52/><D58/><U19/><E78/><V101/><F101/><W51/><G51/><T100/><D53/><U59/><E90/><V48/><F48/><W36/><G36/><T15/><D15/><U75/><E40/><V85/><F85/><W82/><G92/><AGARI ba="1,0" hai="32,35,45,46,52,55,86,87,92,93,96,98,100,102" machi="92" ten="25,3200,0" yaku="22,2,54,1" doraHai="133" who="0" fromWho="3" sc="350,35,190,0,150,0,310,-35" /><INIT seed="2,0,0,4,2,119" ten="385,190,150,275" oya="2" hai0="58,130,132,93,33,16,41,95,110,76,30,97,0" hai1="115,54,22,50,117,98,10,100,34,81,47,63,36" hai2="135,1,84,14,83,78,121,15,131,45,20,111,43" hai3="57,5,49,90,6,80,53,91,94,21,26,127,102"/><V48/><F1/><W79/><G127/><T133/><D0/><U66/><E34/><V37/><F131/><W124/><G102/><T128/><D110/><U62/><E117/><V109/><F135/><N who="0" m="51786" /><D76/><U19/><E115/><V82/><F121/><W38/><G38/><T92/><D41/><U88/><E36/><V103/><F103/><W114/><G124/><T28/><D97/><U96/><E10/><V17/><F37/><W85/><G114/><T87/><D87/><N who="1" m="50287" /><E66/><V112/><F112/><W52/><G53/><T11/><D58/><U123/><E123/><V3/><F3/><W25/><G91/><T29/><D33/><U40/><E40/><V60/><F60/><N who="1" m="23081" /><E100/><V122/><F122/><W59/><G59/><T104/><D104/><U51/><E51/><V4/><REACH who="2" step="1"/><F83/><REACH who="2" ten="385,190,140,275" step="2"/><W56/><G80/><T61/><D130/><U68/><E68/><V134/><F134/><W44/><G94/><T55/><D128/><U8/><E8/><AGARI ba="0,1" hai="4,8,14,15,17,20,43,45,48,78,82,84,109,111" machi="8" ten="40,7700,0" yaku="1,1,25,2,53,0" doraHai="119" doraHaiUra="65" who="2" fromWho="1" sc="385,0,190,-77,140,87,275,0" /><INIT seed="2,1,0,1,2,25" ten="385,113,227,275" oya="2" hai0="50,87,76,114,126,44,55,1,35,34,49,47,85" hai1="48,59,128,129,46,116,30,42,119,135,112,4,57" hai2="0,37,24,95,94,134,118,82,74,39,102,66,73" hai3="131,120,3,28,106,90,91,54,29,20,80,125,5"/><V14/><F118/><W124/><G120/><T26/><D114/><U122/><E4/><V103/><F0/><W81/><G106/><T58/><D1/><U11/><E11/><V96/><F66/><W8/><G131/><N who="1" m="50250" /><E30/><N who="3" m="11882" /><G20/><T32/><D126/><N who="3" m="48745" /><G54/><T9/><D9/><U123/><E112/><V36/><F24/><W65/><G65/><T70/><D70/><U88/><E88/><AGARI ba="1,0" hai="3,5,8,80,81,88,90,91" m="48745,11882" machi="88" ten="30,8000,1" yaku="18,1,52,3,54,1" doraHai="25" who="3" fromWho="1" sc="385,0,113,-83,227,0,275,83" /><INIT seed="3,0,0,4,3,61" ten="385,30,227,358" oya="3" hai0="53,0,94,9,133,33,7,68,12,31,18,24,78" hai1="134,15,91,135,90,125,42,65,120,127,46,2,108" hai2="111,71,52,107,44,104,74,84,13,82,66,113,93" hai3="51,101,1,56,126,14,26,25,6,16,97,40,64"/><W100/><G126/><N who="1" m="48138" /><E2/><V102/><F74/><W30/><G1/><T22/><D133/><N who="1" m="50699" /><E15/><V123/><F93/><N who="3" m="58415" /><G101/><T69/><D78/><U58/><E91/><V50/><F84/><W105/><G105/><T27/><D27/><U38/><E90/><V47/><F102/><W81/><G81/><T19/><D19/><U34/><E34/><V57/><F82/><W89/><G89/><T10/><D10/><U59/><E120/><V110/><F13/><W39/><G39/><T77/><D77/><U119/><E119/><V29/><F29/><W109/><G109/><T130/><D94/><U70/><E58/><V63/><F57/><W129/><G129/><T17/><D130/><U116/><E59/><V92/><F123/><W121/><G121/><T49/><D17/><U48/><E48/><V88/><F111/><W131/><G131/><T67/><D69/><U60/><E116/><V96/><F110/><AGARI ba="0,0" hai="38,42,46,60,65,70,108,110" m="50699,48138" machi="110" ten="40,12000,2" yaku="18,1,20,1,23,1,34,2,52,1" doraHai="61" who="1" fromWho="2" sc="385,0,30,120,227,-120,358,0" owari="385,48.5,150,-25.0,107,-39.3,358,15.8" /></mjloggm>