<mjloggm ver="2.3"><GO type="225" lobby="0"/><UN n0="%E3%83%8F%E3%82%A4%E3%83%91%E3%83%BC%E3%83%84%E3%83%8A%E7%BC%B6" n1="%E6%97%A5%E6%9B%9C%E6%97%A5%E3%82%88%E3%82%8A%E3%81%AE%E4%BD%BF%E8%80%85" n2="%E6%9C%88%E5%B3%B6%E5%9F%BA" n3="%E6%A1%9C%E8%8A%B1%E9%96%83%E3%80%85" dan="16,17,16,16" rate="2090.99,2191.02,2115.24,2129.09" sx="M,M,M,M"/><TAIKYOKU oya="0"/><INIT seed="0,0,0,1,0,76" ten="250,250,250,250" oya="0" hai0="109,130,55,0,22,99,115,58,131,73,48,64,29" hai1="19,41,14,132,2,62,114,72,69,107,5,103,20" hai2="124,75,12,10,104,97,126,122,91,13,4,56,65" hai3="117,39,35,25,32,78,54,36,70,52,102,118,34"/><T45/><D0/><U67/><E132/><V95/><F75/><W93/><G70/><T44/><D73/><U37/><E114/><V88/><F104/><W135/><G135/><T28/><D115/><U105/><E72/><V31/><F122/><W42/><G78/><T110/><D99/><U89/><E103/><V74/><F74/><W86/><G25/><T40/><D64/><U49/><E37/><V46/><F31/><W47/><G39/><T90/><D90/><U113/><E113/><V84/><F46/><W92/><G102/><T50/><D44/><U60/><E60/><V98/><F13/><W1/><G1/><T11/><D11/><U87/><E2/><V66/><F98/><W53/><REACH who="3" step="1"/><G86/><REACH who="3" ten="250,250,250,240" step="2"/><T24/><REACH who="0" step="1"/><D29/><REACH who="0" ten="240,250,250,240" step="2"/><U82/><E87/><V51/><F97/><W80/><G80/><T23/><D23/><U111/><E82/><V7/><F91/><W100/><G100/><T96/><D96/><U61/><E20/><V59/><F84/><W9/><G9/><T15/><D15/><U106/><E14/><V121/><F12/><W81/><G81/><T33/><D33/><U116/><E107/><V112/><F10/><W71/><G71/><T18/><D18/><U68/><E106/><V79/><F112/><W94/><AGARI ba="0,2" hai="32,34,35,36,42,47,52,53,54,92,93,94,117,118" machi="94" ten="40,12000,2" yaku="1,1,0,1,29,2,54,1,53,1" doraHai="76" doraHaiUra="38" who="3" fromWho="3" sc="240,-60,250,-30,250,-30,240,140" /><INIT seed="1,0,0,1,5,40" ten="180,220,220,380" oya="1" hai0="48,52,73,65,56,113,93,110,31,38,75,32,130" hai1="59,69,34,95,74,50,22,90,116,30,53,46,58" hai2="128,35,17,43,33,84,60,135,62,42,19,64,94" hai3="8,117,57,82,106,119,76,98,47,88,89,20,11"/><U55/><E116/><N who="3" m="44618" /><G57/><T72/><D113/><U27/><E69/><V39/><F128/><W100/><G20/><T103/><D38/><U36/><E74/><V127/><F127/><W101/><G47/><T21/><D32/><U83/><E83/><V25/><F135/><W120/><G120/><T14/><D130/><U51/><E34/><V45/><F43/><W16/><G101/><T104/><D104/><U68/><E68/><V3/><F62/><W70/><G70/><T37/><D37/><U10/><E10/><N who="3" m="3626" /><G16/><T18/><D31/><U129/><E129/><V28/><F35/><W23/><G23/><T121/><D121/><U99/><E36/><V112/><F112/><W9/><N who="3" m="3634" /><W49/><DORA hai="29" /><G49/><T24/><D65/><U15/><E15/><V1/><F19/><W105/><G105/><T4/><D4/><U80/><E80/><V6/><F17/><W78/><G78/><T5/><D5/><U134/><E134/><V2/><F6/><W61/><G61/><T107/><D107/><U118/><E118/><V133/><F133/><W115/><G115/><T26/><REACH who="0" step="1"/><D110/><REACH who="0" ten="170,220,220,380" step="2"/><U97/><REACH who="1" step="1"/><E97/><AGARI ba="0,1" hai="14,18,21,24,26,48,52,56,72,73,75,93,97,103" machi="97" ten="40,8000,1" yaku="1,1,2,1,54,1,53,1" doraHai="40,29" doraHaiUra="66,91" who="0" fromWho="1" sc="170,90,220,-80,220,0,380,0" /><INIT seed="2,0,0,1,5,89" ten="260,140,220,380" oya="2" hai0="118,56,94,66,133,70,17,48,113,100,18,65,128" hai1="88,77,4,121,125,91,31,116,30,51,95,83,112" hai2="98,58,52,129,99,79,40,75,20,38,81,109,59" hai3="68,90,28,84,26,23,74,97,105,54,27,72,16"/><V119/><F119/><W41/><G68/><T5/><D113/><U124/><E112/><V64/><F129/><W21/><G41/><T19/><D128/><U108/><E116/><V34/><F34/><W43/><G43/><T32/><D32/><U12/><E108/><V10/><F109/><W96/><G105/><T63/><D118/><U82/><E121/><V123/><F123/><W25/><G25/><T45/><D133/><U15/><E51/><V0/><F64/><W76/><G76/><T131/><D5/><U44/><E44/><N who="2" m="23575" /><F20/><W106/><G54/><N who="0" m="29967" /><D70/><U6/><REACH who="1" step="1"/><E77/><REACH who="1" ten="260,130,220,380" step="2"/><V85/><F79/><W57/><G28/><T80/><D131/><U120/><E120/><V39/><F39/><W62/><G62/><T126/><D126/><U87/><E87/><V35/><F85/><W71/><G84/><T73/><D73/><U122/><E122/><V1/><F75/><W93/><G74/><T102/><D80/><U14/><E14/><V78/><F81/><W3/><G72/><T37/><D37/><U104/><E104/><V29/><F78/><W115/><G106/><T33/><D33/><U7/><E7/><V61/><F1/><W22/><G3/><T67/><D63/><U53/><E53/><V49/><F61/><W36/><G36/><T50/><D50/><U111/><E111/><V86/><F49/><W107/><G107/><T9/><D56/><U103/><E103/><V134/><F59/><W130/><G57/><T42/><D42/><U8/><E8/><V135/><F10/><W132/><G130/><T13/><D102/><U24/><E24/><RYUUKYOKU ba="0,1" sc="260,15,130,15,220,-15,380,-15" hai0="9,13,17,18,19,65,66,67,94,100" hai1="4,6,12,15,30,31,82,83,88,91,95,124,125" /><INIT seed="3,1,1,2,1,50" ten="275,145,205,365" oya="3" hai0="28,13,48,61,79,75,125,117,130,7,52,88,119" hai1="109,12,72,131,108,86,22,17,68,67,118,104,26" hai2="106,24,111,71,133,74,56,89,78,94,66,9,122" hai3="39,25,115,96,107,10,129,99,62,80,38,15,65"/><W33/><G115/><T69/><D130/><U105/><E72/><V73/><F106/><W34/><G129/><T124/><D28/><U2/><E2/><V43/><F71/><N who="3" m="42423" /><G80/><N who="0" m="45183" /><D7/><U31/><E131/><V60/><F111/><W41/><G41/><T114/><D13/><U116/><E86/><V47/><F133/><W77/><G34/><T101/><D101/><U23/><E67/><V132/><F132/><W103/><G96/><T84/><D61/><U36/><E36/><V54/><F122/><W98/><G99/><T83/><D69/><U5/><E68/><V70/><F78/><W126/><G77/><T120/><D120/><U18/><E5/><V4/><F24/><W21/><G21/><T6/><D6/><U121/><E121/><V57/><F70/><W92/><G92/><T59/><D114/><U100/><E100/><V46/><F43/><W27/><G27/><T110/><D110/><N who="1" m="42603" /><E105/><V123/><F123/><W93/><G107/><T35/><D35/><N who="1" m="20983" /><E104/><V76/><F74/><W45/><G39/><T97/><D97/><U81/><E81/><V63/><F73/><W51/><G98/><T90/><D90/><U3/><E3/><V49/><F76/><W8/><G38/><T32/><D32/><U44/><E44/><V85/><F66/><W1/><G33/><T16/><D16/><N who="1" m="6251" /><E12/><N who="2" m="5159" /><F47/><W64/><G45/><T91/><D91/><U55/><E55/><V30/><F46/><W128/><G103/><T20/><D20/><AGARI ba="1,1" hai="20,22,23,116,118" m="6251,20983,42603" machi="20" ten="30,7700,0" yaku="14,1,34,2,54,1" doraHai="50" who="1" fromWho="0" sc="275,-80,145,90,205,0,365,0" owari="195,-30.5,235,3.5,205,-19.5,365,46.5" /></mjloggm>