<mjloggm ver="2.3"><GO type="225" lobby="0"/><UN n0="%73%69%67%65%6E%6F%72%69" n1="%E7%9C%BC%E7%A7%91%E5%8C%BB" n2="%72%69%6F%75%63%68%61%6E" n3="%E3%81%BF%E3%81%BF%E3%81%9A" dan="18,16,16,18" rate="2238.71,2144.60,2201.87,2254.79" sx="M,M,M,M"/><TAIKYOKU oya="0"/><INIT seed="0,0,0,3,5,73" ten="250,250,250,250" oya="0" hai0="9,19,134,89,124,11,98,45,76,108,112,58,111" hai1="37,130,36,25,0,132,119,5,80,101,90,57,72" hai2="67,55,129,54,85,88,128,39,41,104,92,32,1" hai3="10,123,95,30,99,110,87,43,6,117,116,93,62"/><T102/><D112/><U77/><E119/><V63/><F104/><W31/><G123/><T38/><D134/><U21/><E132/><V18/><F1/><W131/><G110/><N who="0" m="42027" /><D124/><U109/><E109/><V59/><F32/><W13/><G131/><N who="2" m="50249" /><F18/><W115/><G115/><T53/><D89/><U100/><E130/><V105/><F105/><W64/><G43/><N who="0" m="22775" /><D19/><U52/><E90/><V68/><F68/><W51/><G117/><T15/><D15/><U23/><E0/><V61/><F61/><W20/><G51/><N who="0" m="31039" /><D76/><U81/><E5/><V49/><F39/><W91/><G116/><T133/><D133/><U114/><E114/><V60/><F60/><W125/><G125/><T103/><D103/><U48/><E100/><V24/><F24/><W94/><G31/><T79/><D79/><U113/><E101/><V70/><F54/><W120/><G120/><T46/><D46/><U74/><E113/><V82/><F41/><W56/><G99/><T4/><D4/><U96/><E96/><V35/><F35/><W42/><G42/><T127/><D127/><U69/><E25/><AGARI ba="0,0" hai="6,10,13,20,25,30,56,62,64,87,91,93,94,95" machi="25" ten="40,1300,0" yaku="8,1" doraHai="73" who="3" fromWho="1" sc="250,0,250,-13,250,0,250,13" /><INIT seed="1,0,0,1,5,6" ten="250,237,250,263" oya="1" hai0="127,114,62,60,97,88,13,57,48,54,43,135,116" hai1="73,106,95,14,0,22,129,1,41,61,15,58,49" hai2="24,23,96,31,98,84,10,39,35,2,122,18,47" hai3="71,34,79,81,12,4,9,133,99,3,16,125,94"/><U119/><E106/><V53/><F122/><W8/><G125/><T72/><D114/><U118/><E73/><V42/><F84/><W77/><G133/><T107/><D116/><U123/><E123/><V11/><F53/><W55/><G71/><T131/><D72/><U113/><E113/><V28/><F28/><W105/><G105/><T65/><D131/><U69/><E129/><V112/><F112/><W33/><G55/><T30/><D127/><U126/><E126/><V40/><F40/><W85/><REACH who="3" step="1"/><G77/><REACH who="3" ten="250,237,250,253" step="2"/><T108/><D135/><U128/><E69/><V132/><F132/><W91/><AGARI ba="0,1" hai="3,4,8,9,12,16,33,34,79,81,85,91,94,99" machi="91" ten="20,12000,2" yaku="1,1,2,1,0,1,7,1,52,2,54,1,53,0" doraHai="6" doraHaiUra="110" who="3" fromWho="3" sc="250,-30,237,-60,250,-30,253,130" /><INIT seed="2,0,0,3,4,34" ten="220,177,220,383" oya="2" hai0="53,17,126,105,112,109,28,69,111,61,38,56,84" hai1="83,14,81,96,50,133,22,35,86,23,33,12,20" hai2="31,27,93,87,135,114,107,75,70,65,40,92,68" hai3="16,29,62,129,2,63,89,6,134,127,125,90,51"/><V110/><F114/><W49/><G29/><T4/><D112/><U103/><E133/><V57/><F75/><W0/><G129/><T11/><D126/><N who="3" m="48137" /><G16/><T124/><D105/><U74/><E74/><V52/><F107/><W8/><G134/><T59/><D38/><U106/><E83/><V117/><F135/><W104/><G104/><T42/><D42/><U66/><E66/><V64/><F117/><W101/><G101/><T73/><D73/><U99/><E99/><V97/><F110/><W130/><G130/><T121/><D28/><U76/><E35/><V37/><F70/><W120/><G120/><T128/><D69/><U7/><E33/><V116/><F116/><W91/><G0/><T98/><D121/><U18/><REACH who="1" step="1"/><E50/><AGARI ba="0,0" hai="2,6,8,49,50,51,62,63,89,90,91" m="48137" machi="50" ten="30,2000,0" yaku="18,1,52,1" doraHai="34" who="3" fromWho="1" sc="220,0,177,-20,220,0,383,20" /><INIT seed="3,0,0,1,0,34" ten="220,157,220,403" oya="3" hai0="86,40,74,57,5,71,69,103,81,116,25,14,83" hai1="59,47,28,29,12,8,27,92,23,121,50,78,107" hai2="64,112,4,67,41,44,117,70,84,76,46,100,38" hai3="113,3,6,1,17,32,9,119,61,15,26,126,93"/><W0/><G113/><T77/><D116/><U68/><E68/><V39/><F112/><W99/><G119/><T54/><D103/><U30/><E107/><V124/><F117/><W7/><G61/><T87/><D40/><U60/><E121/><V106/><F124/><W10/><G126/><T22/><D74/><U45/><E78/><V131/><F131/><W80/><G80/><T75/><D75/><U134/><E134/><V43/><F70/><W96/><G96/><T94/><D94/><U53/><E47/><V114/><F114/><W24/><G93/><T48/><D5/><U85/><E85/><V35/><F35/><W98/><G98/><T56/><D14/><U21/><E21/><V111/><F111/><W11/><G99/><T49/><D49/><U90/><E90/><V133/><F133/><W73/><G73/><T88/><D57/><U20/><E20/><V79/><F4/><N who="3" m="1579" /><G32/><T13/><D13/><U89/><E89/><V16/><F16/><AGARI ba="0,0" hai="16,22,25,48,54,56,69,71,77,81,83,86,87,88" machi="16" ten="30,3900,0" yaku="7,1,54,2" doraHai="34" who="0" fromWho="2" sc="220,39,157,0,220,-39,403,0" owari="259,5.9,157,-34.3,181,-21.9,403,50.3" /></mjloggm>