<mjloggm ver="2.3"><GO type="225" lobby="0"/><UN n0="%E3%83%96%E3%83%83%E3%83%91%E3%82%AA%E3%83%96%E3%83%81%E3%82%AD%E3%83%B3" n1="%E5%A4%8F%E9%88%B4%E9%88%B4%E5%A4%8F" n2="%E5%91%A8%E6%9D%B1" n3="%E9%BB%99%E8%81%B4%E3%81%AE%E3%81%99%E3%82%9D%E3%82%81" dan="16,16,17,16" rate="2145.33,2096.05,2144.55,2060.88" sx="M,F,M,M"/><TAIKYOKU oya="0"/><INIT seed="0,0,0,4,3,18" ten="250,250,250,250" oya="0" hai0="104,98,10,96,68,36,133,22,58,72,8,54,126" hai1="118,78,86,74,29,12,106,92,33,47,134,26,43" hai2="41,7,65,95,85,71,31,15,113,48,45,94,79" hai3="117,81,103,93,51,66,50,56,24,130,69,11,67"/><T131/><D72/><U90/><E118/><V114/><F71/><W14/><G117/><T119/><D119/><U21/><E134/><V2/><F2/><W82/><G130/><T42/><D68/><U105/><E78/><V55/><F65/><N who="3" m="24587" /><G69/><T39/><D104/><U129/><E74/><V20/><F113/><W88/><G103/><T97/><D131/><U52/><E129/><V13/><F114/><W109/><G24/><T87/><D133/><U6/><E52/><V27/><F55/><N who="3" m="31863" /><G51/><T101/><D101/><U35/><E35/><V3/><F3/><W44/><G44/><T53/><D126/><U111/><E111/><V124/><F124/><W49/><G49/><N who="0" m="31023" /><D39/><U76/><E76/><V63/><F63/><W84/><G109/><T46/><D36/><U80/><E80/><N who="2" m="47263" /><F15/><W70/><G70/><T132/><D42/><U38/><REACH who="1" step="1"/><E33/><REACH who="1" ten="250,240,250,250" step="2"/><V60/><F60/><W73/><G73/><T0/><D132/><U108/><E108/><V120/><F120/><W75/><G75/><T100/><D54/><U37/><E37/><V77/><F77/><W127/><G127/><T1/><D46/><U9/><AGARI ba="0,1" hai="6,9,12,21,26,29,38,43,47,86,90,92,105,106" machi="9" ten="30,4000,0" yaku="1,1,0,1,52,1,53,0" doraHai="18" doraHaiUra="57" who="1" fromWho="1" sc="250,-20,240,50,250,-10,250,-10" /><INIT seed="1,0,0,2,2,47" ten="230,290,240,240" oya="1" hai0="24,49,83,19,104,53,105,0,87,13,32,115,21" hai1="73,60,52,62,130,10,38,99,14,106,102,70,78" hai2="6,84,93,20,48,107,2,67,63,69,133,57,111" hai3="135,17,31,30,71,122,80,124,28,114,33,35,97"/><U22/><E130/><V91/><F111/><W7/><G114/><T43/><D115/><U125/><E125/><V126/><F126/><W15/><G124/><T109/><D109/><U65/><E38/><V101/><F133/><W9/><G71/><T23/><D32/><N who="3" m="12361" /><G80/><T64/><D64/><U94/><E22/><V95/><F107/><W110/><G97/><T75/><D0/><U54/><E106/><V127/><F127/><W116/><G122/><T117/><D117/><U82/><REACH who="1" step="1"/><E60/><REACH who="1" ten="230,280,240,240" step="2"/><V86/><F20/><N who="3" m="11327" /><G110/><T59/><D104/><U134/><E134/><V12/><F63/><W119/><G135/><T11/><D105/><U27/><E27/><V58/><F48/><W61/><G61/><T98/><D24/><U72/><E72/><V90/><F69/><W92/><G92/><T120/><D75/><U77/><E77/><V25/><F95/><W8/><G9/><T96/><D11/><U4/><AGARI ba="0,1" hai="4,10,14,52,54,62,65,70,73,78,82,94,99,102" machi="4" ten="20,7800,0" yaku="1,1,0,1,7,1,54,1,53,0" doraHai="47" doraHaiUra="26" who="1" fromWho="1" sc="230,-26,280,88,240,-26,240,-26" /><INIT seed="1,1,0,1,5,127" ten="204,368,214,214" oya="1" hai0="103,25,121,81,102,117,85,60,34,91,99,112,70" hai1="95,118,47,49,96,10,15,97,128,22,63,134,32" hai2="72,58,116,3,132,61,37,44,57,82,5,65,92" hai3="14,80,66,53,7,77,4,123,120,104,114,31,48"/><U45/><E118/><V52/><F116/><W0/><G114/><T17/><D117/><U119/><E119/><V74/><F132/><W50/><G104/><T30/><D112/><U84/><E134/><V24/><F92/><W75/><G0/><T62/><D121/><U2/><E2/><V33/><F82/><W109/><G109/><T115/><D115/><U21/><E128/><V135/><F135/><W67/><G31/><T125/><D125/><U88/><E32/><V101/><F101/><W98/><G98/><N who="1" m="37994" /><E63/><V68/><F58/><W64/><G50/><T130/><D130/><U38/><E38/><V41/><F33/><W29/><G29/><T43/><D70/><U106/><E106/><V71/><F24/><W93/><G93/><T13/><D103/><U69/><E69/><V19/><F19/><W18/><G123/><T9/><REACH who="0" step="1"/><D43/><REACH who="0" ten="194,368,214,214" step="2"/><N who="1" m="24767" /><E47/><V122/><F122/><W12/><G120/><T55/><D55/><U111/><E111/><V8/><REACH who="2" step="1"/><F68/><REACH who="2" ten="194,368,204,214" step="2"/><W78/><G53/><T131/><D131/><U110/><E110/><V28/><F28/><W23/><G18/><AGARI ba="1,2" hai="10,15,18,21,22,84,88,95" m="24767,37994" machi="18" ten="30,2900,0" yaku="8,1,54,1" doraHai="127" who="1" fromWho="3" sc="194,0,368,52,204,0,214,-32" /><INIT seed="1,2,0,0,5,49" ten="194,420,204,182" oya="1" hai0="121,46,66,58,74,135,3,87,17,68,120,51,134" hai1="5,29,117,43,44,70,47,81,12,14,27,42,19" hai2="72,52,128,25,107,88,105,123,61,6,108,76,64" hai3="98,101,85,33,45,9,48,92,2,127,104,10,7"/><U115/><E117/><V111/><F123/><N who="0" m="47178" /><D74/><U67/><E115/><V89/><F128/><W60/><G127/><T15/><D3/><U113/><E113/><V34/><F6/><W4/><G33/><T84/><D68/><U112/><E112/><V50/><F76/><W55/><G60/><N who="0" m="38167" /><D87/><U40/><E70/><N who="2" m="42255" /><F72/><W30/><G30/><T41/><D84/><U23/><E67/><V131/><F131/><W102/><G85/><T118/><D118/><U116/><E116/><V75/><F75/><W54/><G104/><N who="2" m="40009" /><F25/><W20/><G20/><AGARI ba="2,0" hai="15,17,20,41,46,51,134,135" m="38167,47178" machi="20" ten="30,1000,0" yaku="13,1" doraHai="49" who="0" fromWho="3" sc="194,16,420,0,204,0,182,-16" /><INIT seed="2,0,0,2,2,31" ten="210,420,204,166" oya="2" hai0="78,62,121,76,15,37,118,22,126,79,30,114,115" hai1="25,101,32,35,20,104,60,36,128,112,6,1,96" hai2="4,131,109,48,83,113,74,45,16,84,14,12,110" hai3="77,67,119,117,28,71,123,132,17,122,98,40,44"/><V73/><F131/><W94/><G77/><T86/><D121/><U127/><E112/><V134/><F113/><W103/><G132/><T42/><D126/><U88/><E36/><V91/><F12/><W102/><G102/><T11/><D118/><U65/><E128/><V80/><F4/><W133/><G133/><T116/><D116/><U50/><E127/><V13/><F13/><W38/><G119/><T18/><D86/><U43/><E6/><V124/><F134/><W68/><G117/><T26/><REACH who="0" step="1"/><D62/><REACH who="0" ten="200,420,204,166" step="2"/><U46/><E1/><V0/><F124/><W95/><G123/><T63/><D63/><U90/><E90/><V66/><F74/><W9/><G122/><T125/><D125/><U39/><E88/><V3/><F73/><W49/><G103/><T108/><D108/><N who="2" m="41578" /><F83/><W23/><G98/><T56/><D56/><U8/><E8/><N who="2" m="6215" /><F66/><W129/><G67/><T107/><D107/><U27/><E104/><V33/><F33/><W105/><G105/><T5/><D5/><U7/><E32/><V111/><N who="2" m="41586" /><V81/><DORA hai="41" /><F81/><W100/><G129/><T92/><D92/><N who="1" m="58503" /><E7/><V97/><F97/><W55/><G95/><T54/><D54/><AGARI ba="0,1" hai="0,3,45,48,54,80,84,91" m="6215,41586" machi="54" ten="40,12000,1" yaku="25,1,14,1,10,1,52,1,54,1" doraHai="31,41" who="2" fromWho="0" sc="200,-120,420,0,204,130,166,0" /><INIT seed="2,1,0,1,3,70" ten="80,420,334,166" oya="2" hai0="61,115,113,20,97,114,73,79,118,80,106,89,53" hai1="65,99,17,117,56,51,109,116,40,38,16,94,82" hai2="33,46,6,103,120,98,11,83,43,85,131,93,76" hai3="59,45,28,112,64,52,24,108,7,86,14,107,63"/><V62/><F131/><W66/><G108/><T4/><D4/><U71/><E109/><V75/><F120/><W87/><G107/><T95/><D20/><U10/><E82/><V22/><F33/><W27/><G112/><T110/><D110/><U36/><E71/><V3/><F22/><W68/><G45/><T42/><D42/><U101/><E65/><N who="3" m="25194" /><G68/><T32/><D32/><U126/><E126/><V60/><REACH who="2" step="1"/><F85/><REACH who="2" ten="80,420,324,166" step="2"/><W104/><G87/><T67/><D115/><U124/><E124/><V111/><F111/><W58/><G86/><T0/><D114/><U26/><E117/><V74/><F74/><W119/><G119/><T69/><D113/><U102/><E116/><V49/><AGARI ba="1,1" hai="3,6,11,43,46,49,60,62,75,76,83,93,98,103" machi="49" ten="20,7800,0" yaku="1,1,0,1,7,1,53,1" doraHai="70" doraHaiUra="44" who="2" fromWho="2" sc="80,-27,420,-27,324,91,166,-27" /><INIT seed="2,2,0,5,2,90" ten="53,393,415,139" oya="2" hai0="69,57,63,4,96,89,51,93,122,124,13,81,54" hai1="118,83,130,52,65,27,35,1,125,10,36,85,68" hai2="67,133,76,102,44,109,15,48,116,123,78,9,24" hai3="39,131,6,117,21,121,101,5,92,59,127,47,86"/><V14/><F123/><W41/><G121/><T29/><D124/><U32/><E118/><V75/><F116/><W2/><G117/><T107/><D122/><U56/><E36/><V129/><F133/><W100/><G131/><T134/><D134/><U50/><E130/><V17/><F129/><W33/><G33/><T8/><D107/><U82/><E125/><V135/><F135/><W62/><G127/><T132/><D132/><U16/><E83/><V110/><F67/><W25/><G2/><T45/><D69/><U80/><E82/><V46/><F24/><W87/><G87/><T111/><D111/><N who="2" m="42506" /><F75/><W115/><G115/><T0/><D0/><U72/><E72/><V128/><F128/><W99/><G86/><T20/><D81/><U40/><E40/><N who="2" m="24583" /><F102/><W70/><G101/><T23/><REACH who="0" step="1"/><D29/><REACH who="0" ten="43,393,415,139" step="2"/><U105/><E68/><V113/><F113/><W19/><REACH who="3" step="1"/><G70/><REACH who="3" ten="43,393,415,129" step="2"/><T126/><D126/><U38/><E1/><V31/><F31/><W7/><G7/><T12/><D12/><U114/><E114/><V104/><F15/><W28/><G28/><T64/><AGARI ba="2,2" hai="4,8,13,20,23,45,51,54,57,63,64,89,93,96" machi="64" ten="20,12000,2" yaku="1,1,0,1,7,1,8,1,52,1,53,1" doraHai="90" doraHaiUra="42" who="0" fromWho="0" sc="43,146,393,-32,415,-62,129,-32" /><INIT seed="3,0,0,5,5,65" ten="189,361,353,97" oya="3" hai0="28,115,49,4,90,76,131,36,98,127,75,25,13" hai1="93,55,47,9,81,104,84,74,119,86,22,53,72" hai2="51,106,82,15,111,77,79,112,102,66,62,126,35" hai3="16,26,113,32,132,12,71,85,130,30,68,87,73"/><W58/><G73/><T43/><D36/><U129/><E104/><V120/><F112/><W37/><G113/><T117/><D117/><U6/><E119/><V109/><F120/><W108/><G37/><T91/><D115/><U31/><E129/><V116/><F116/><W21/><G130/><T45/><D131/><U52/><E74/><V100/><F35/><W56/><G132/><T48/><D127/><U105/><E105/><V83/><F126/><W39/><G39/><T27/><D75/><U44/><E72/><N who="2" m="43303" /><F51/><W96/><G96/><T7/><D76/><N who="1" m="46119" /><E9/><V121/><F121/><W92/><G108/><N who="2" m="41545" /><F106/><W103/><G87/><T3/><D3/><U89/><E6/><V57/><F15/><W5/><G5/><N who="0" m="2123" /><D13/><U114/><E114/><V2/><F2/><W118/><G118/><T67/><D67/><U59/><E59/><V122/><F122/><W60/><G58/><T80/><D28/><U19/><E31/><V69/><F57/><W8/><G32/><T133/><D133/><U17/><E17/><V135/><F135/><W95/><G103/><T101/><D49/><U42/><E42/><V110/><F110/><W64/><REACH who="3" step="1"/><G85/><AGARI ba="0,0" hai="62,66,69,79,83,85,100,102" m="41545,43303" machi="85" ten="30,2000,0" yaku="14,1,52,1" doraHai="65" who="2" fromWho="3" sc="189,0,361,0,353,20,97,-20" owari="189,-21.1,361,16.1,373,47.3,77,-42.3" /></mjloggm>