<mjloggm ver="2.3"><GO type="225" lobby="0"/><UN n0="%E3%82%AF%E3%82%A3%E3%82%A6" n1="%E7%AB%8B%E7%9B%B4%E5%A5%BD%E6%A3%92%40%E5%BF%98" n2="%E5%91%A8%E6%9D%B1" n3="%E3%83%96%E3%83%83%E3%83%91%E3%82%AA%E3%83%96%E3%83%81%E3%82%AD%E3%83%B3" dan="16,17,17,16" rate="2045.73,2119.89,2204.60,2079.84" sx="M,M,M,M"/><TAIKYOKU oya="0"/><INIT seed="0,0,0,2,5,14" ten="250,250,250,250" oya="0" hai0="61,3,92,45,75,117,27,82,58,83,132,44,131" hai1="39,9,110,26,86,121,25,74,77,78,87,68,113" hai2="28,46,48,23,54,104,116,33,101,42,31,19,5" hai3="70,30,122,79,134,84,103,22,102,38,59,65,107"/><T128/><D117/><U69/><E9/><V88/><F116/><W94/><G38/><T135/><D3/><U60/><E60/><V106/><F5/><W56/><G70/><T126/><D27/><U43/><E43/><V1/><F1/><W10/><G107/><T125/><D92/><U119/><E74/><V50/><F33/><W98/><G134/><N who="0" m="51243" /><D75/><U72/><E72/><V20/><F20/><W100/><G122/><T108/><D108/><U105/><E105/><V130/><F130/><N who="0" m="49706" /><D83/><U109/><E119/><V7/><F101/><W71/><G102/><T129/><D82/><U11/><E121/><V62/><F7/><W124/><G94/><T21/><D21/><U111/><E11/><V81/><F62/><W55/><G22/><T99/><D99/><U127/><E113/><V51/><F51/><W115/><G98/><T118/><D118/><U35/><E39/><V67/><F67/><W4/><G103/><T8/><D8/><U120/><E120/><V80/><F80/><W17/><G100/><T15/><D15/><U49/><E35/><V36/><F36/><W29/><G10/><T57/><D129/><U13/><E13/><N who="2" m="9711" /><F106/><W89/><G4/><T40/><D40/><U16/><E110/><V63/><F104/><W0/><G0/><T18/><D18/><U73/><E73/><V91/><F81/><W76/><G17/><T85/><D85/><U112/><E16/><V34/><F34/><W41/><G84/><T6/><D6/><U24/><E112/><V2/><F2/><W64/><G115/><T12/><D12/><U52/><E109/><RYUUKYOKU ba="0,0" sc="250,0,250,0,250,0,250,0" /><INIT seed="1,1,0,2,4,58" ten="250,250,250,250" oya="1" hai0="30,29,44,50,59,134,5,10,91,9,90,11,21" hai1="99,49,100,127,15,135,119,123,93,8,25,36,6" hai2="12,66,103,118,88,18,82,39,3,16,85,83,24" hai3="113,115,2,0,33,56,7,51,111,1,19,84,129"/><U70/><E36/><V35/><F3/><N who="3" m="1099" /><G84/><T4/><D134/><U27/><E119/><V38/><F118/><W104/><G56/><T101/><D59/><U55/><E123/><V41/><F103/><W23/><G51/><T60/><D60/><U57/><E127/><V95/><F66/><W112/><G104/><T72/><D72/><U26/><E70/><V80/><F41/><W94/><G94/><T73/><D73/><U22/><REACH who="1" step="1"/><E135/><REACH who="1" ten="250,240,250,250" step="2"/><V28/><REACH who="2" step="1"/><F18/><AGARI ba="1,1" hai="6,8,15,18,22,25,26,27,49,55,57,93,99,100" machi="18" ten="30,11600,0" yaku="1,1,2,1,7,1,8,1,53,0" doraHai="58" doraHaiUra="117" who="1" fromWho="2" sc="250,0,240,129,250,-119,250,0" /><INIT seed="1,2,0,5,5,32" ten="250,369,131,250" oya="1" hai0="72,62,20,120,109,105,34,77,21,13,127,38,117" hai1="122,49,99,78,126,52,88,59,14,87,121,110,116" hai2="95,55,48,66,61,89,37,118,67,33,60,124,16" hai3="96,93,47,44,9,135,84,92,27,69,133,41,85"/><U22/><E116/><V25/><F37/><W98/><G69/><T51/><D117/><U53/><E126/><V101/><F118/><W1/><G27/><T129/><D38/><U64/><E110/><V80/><F124/><W91/><G9/><T132/><D34/><U90/><E64/><N who="2" m="24619" /><F33/><W18/><G18/><T24/><D105/><U43/><E43/><V26/><F80/><W130/><G130/><T30/><D129/><U58/><E99/><N who="2" m="57839" /><F101/><W65/><G65/><T42/><D120/><U86/><E78/><V63/><F16/><W46/><G1/><T82/><D109/><U36/><E36/><V0/><F0/><W54/><G54/><T28/><D127/><U40/><E40/><V71/><F71/><W15/><G15/><T3/><D132/><N who="3" m="50761" /><G41/><T115/><D115/><U83/><E14/><V50/><F50/><W23/><G23/><T6/><D30/><U4/><E22/><V102/><F102/><AGARI ba="2,0" hai="44,46,47,84,85,91,92,93,96,98,102" m="50761" machi="102" ten="30,1000,0" yaku="20,1" doraHai="32" who="3" fromWho="2" sc="250,0,369,0,131,-16,250,16" /><INIT seed="2,0,0,2,3,19" ten="250,369,115,266" oya="2" hai0="123,91,86,31,93,114,56,64,118,101,0,7,115" hai1="23,15,3,85,14,113,132,98,55,38,26,47,110" hai2="71,84,59,35,28,21,17,124,65,73,36,134,130" hai3="46,127,94,126,112,95,99,96,41,82,66,40,131"/><V77/><F36/><W69/><G131/><T119/><D123/><U33/><E113/><N who="0" m="43017" /><D31/><U68/><E3/><V88/><F130/><W122/><G122/><T11/><D101/><U5/><E68/><V20/><F71/><W48/><G112/><T92/><D64/><U30/><E132/><V43/><F43/><N who="3" m="24671" /><G82/><N who="0" m="49623" /><D56/><U44/><E110/><V12/><F134/><W105/><G105/><T111/><D111/><U8/><E98/><N who="3" m="37418" /><G66/><T29/><D29/><U27/><E38/><V109/><F109/><W25/><G69/><T49/><D49/><U53/><E85/><V2/><F2/><W42/><G25/><T22/><D22/><N who="2" m="8810" /><F35/><W120/><G120/><T78/><D78/><U9/><E33/><V117/><F73/><W133/><G133/><T6/><D6/><N who="1" m="3351" /><E27/><V10/><F117/><AGARI ba="0,0" hai="0,7,11,92,93,117,118,119" m="49623,43017" machi="117" ten="30,1000,0" yaku="12,1" doraHai="19" who="0" fromWho="2" sc="250,10,369,0,115,-10,266,0" /><INIT seed="3,0,0,5,0,65" ten="260,369,105,266" oya="3" hai0="102,107,86,69,46,37,44,87,6,106,20,42,33" hai1="26,103,36,123,79,3,35,43,132,118,12,128,25" hai2="120,81,122,84,40,133,47,68,21,99,126,17,88" hai3="24,57,8,29,66,27,22,62,112,96,55,105,121"/><W39/><G112/><T63/><D33/><U85/><E12/><V11/><F11/><W115/><G115/><T32/><D32/><U30/><E123/><V54/><F133/><W60/><G121/><T111/><D111/><U82/><E3/><V77/><F126/><W83/><G39/><T130/><D130/><U31/><E128/><V13/><F54/><W70/><G83/><T61/><D6/><U9/><E9/><V64/><F99/><W104/><G96/><T95/><D20/><U101/><E132/><V50/><F122/><W114/><G114/><T125/><D125/><U109/><E109/><V53/><F120/><W98/><G98/><T45/><D37/><U131/><E131/><V76/><F64/><W116/><G116/><T5/><D5/><U58/><E118/><V91/><F68/><W134/><G134/><T16/><D16/><U19/><E58/><V48/><REACH who="2" step="1"/><F77/><REACH who="2" ten="260,369,95,266" step="2"/><W10/><G10/><T49/><D69/><U100/><E79/><V41/><F41/><W56/><G8/><T71/><D71/><U34/><E43/><V93/><F93/><W108/><G70/><T28/><D42/><U18/><E101/><V89/><F89/><W74/><G108/><T117/><D117/><U92/><E100/><V7/><F7/><W113/><G113/><T73/><D95/><U80/><E92/><V75/><F75/><W127/><G127/><T110/><D102/><U14/><E103/><V51/><F51/><W67/><G74/><T97/><D49/><U135/><E135/><V2/><F2/><W59/><G27/><T15/><D73/><RYUUKYOKU ba="0,1" sc="260,-15,369,-15,95,15,266,15" hai2="13,17,21,40,47,48,50,53,76,81,84,88,91" hai3="22,24,29,55,56,57,59,60,62,66,67,104,105" /><INIT seed="3,1,1,0,1,106" ten="245,354,110,281" oya="3" hai0="3,64,43,58,42,102,86,99,7,115,130,97,25" hai1="117,109,90,89,14,20,133,98,131,23,46,75,4" hai2="77,92,135,40,24,13,126,72,18,83,32,9,67" hai3="8,10,94,52,38,15,48,41,19,51,45,121,70"/><W95/><G121/><T35/><D115/><U125/><E109/><V74/><F135/><W105/><G105/><T11/><D130/><U71/><E71/><V2/><F126/><W65/><G48/><T119/><D119/><U79/><E117/><V26/><F67/><W82/><G8/><T17/><D86/><U120/><E120/><V61/><F61/><W84/><G70/><T1/><D1/><U76/><E125/><V116/><F116/><W31/><G31/><T96/><D102/><U101/><E131/><V59/><F59/><W73/><G73/><T28/><D64/><U103/><E133/><V123/><F123/><W122/><G65/><T107/><D58/><U12/><E75/><V108/><F108/><W127/><G122/><T100/><D17/><U33/><E33/><V78/><F32/><W124/><G124/><T29/><D29/><U80/><E80/><V57/><F40/><W68/><G68/><T62/><D62/><U114/><E114/><V37/><F37/><W5/><G5/><T27/><D27/><U0/><E0/><V47/><F2/><W81/><G127/><T49/><D43/><U129/><E129/><V36/><F57/><W54/><G82/><T16/><D49/><U53/><E98/><N who="0" m="37993" /><D42/><U128/><E128/><V34/><F34/><W6/><G19/><T60/><D16/><U69/><E69/><V44/><F36/><W110/><G110/><T87/><D60/><U112/><E112/><V39/><F39/><W88/><G54/><T91/><D35/><U104/><E4/><V134/><F74/><W66/><G66/><RYUUKYOKU ba="1,1" sc="245,-10,354,-10,110,-10,281,30" hai3="6,10,15,38,41,45,51,52,81,84,88,94,95" /><INIT seed="3,2,1,1,4,11" ten="235,344,100,311" oya="3" hai0="21,135,20,56,74,83,1,67,43,126,36,78,18" hai1="53,114,54,130,116,34,29,12,71,9,33,19,50" hai2="77,10,51,88,13,58,37,55,91,80,14,76,119" hai3="73,60,82,49,4,17,101,27,63,69,15,52,70"/><W87/><G73/><T5/><D126/><U95/><E114/><V23/><F37/><W16/><G101/><T2/><D135/><U86/><E71/><V102/><F119/><W106/><G106/><T30/><D30/><U129/><E116/><V123/><F102/><W133/><G133/><T97/><D97/><U32/><E29/><V44/><F123/><W84/><G70/><T40/><D67/><U79/><E95/><V72/><F77/><N who="3" m="46159" /><G87/><T25/><D56/><U104/><E104/><V94/><F58/><N who="3" m="33039" /><G69/><T108/><D108/><U28/><E28/><V103/><F103/><W131/><G131/><N who="1" m="50186" /><E50/><V118/><F118/><W134/><G134/><T122/><D122/><U39/><E39/><V62/><F62/><N who="3" m="23595" /><G27/><T38/><D21/><U110/><E110/><V120/><F120/><W6/><G17/><T41/><D2/><U45/><E45/><V59/><F59/><W26/><G26/><T68/><D68/><U75/><E75/><V47/><F47/><W117/><G117/><T61/><D61/><U98/><E98/><V100/><F100/><W66/><G66/><T22/><D38/><U31/><E31/><V81/><F81/><AGARI ba="2,1" hai="9,12,19,32,33,34,53,54,79,81,86" m="50186" machi="81" ten="40,2600,0" yaku="19,1,52,1" doraHai="11" who="1" fromWho="2" sc="235,0,344,42,100,-32,311,0" owari="235,-16.5,386,48.6,68,-43.2,311,11.1" /></mjloggm>