<mjloggm ver="2.3"><GO type="225" lobby="0"/><UN n0="%E3%81%A4%E3%81%A3%E3%81%B1%E3%82%8A%E3%83%9D%E3%83%BC%E3%83%AB" n1="%E3%81%BF%E3%81%BF%E3%81%9A" n2="%E3%80%93%E3%81%97%E3%83%BC%E3%82%89%E3%80%93" n3="%E5%A4%8F%E9%88%B4%E9%88%B4%E5%A4%8F" dan="17,17,16,16" rate="2153.25,2176.48,2223.56,2136.08" sx="M,M,M,F"/><TAIKYOKU oya="0"/><INIT seed="0,0,0,1,5,56" ten="250,250,250,250" oya="0" hai0="65,39,36,11,131,119,106,30,120,44,124,70,34" hai1="109,73,103,17,90,76,117,32,127,87,29,31,22" hai2="100,115,6,16,62,28,67,86,133,20,118,80,88" hai3="105,58,51,60,104,4,74,35,0,27,40,75,129"/><T25/><D119/><U57/><E117/><V111/><F115/><W121/><G4/><T2/><D120/><U10/><E103/><V64/><F111/><W77/><G0/><T47/><D131/><U132/><E109/><V107/><F133/><W37/><G37/><T50/><D124/><U49/><E132/><V48/><F118/><W59/><G129/><T135/><D135/><U99/><E127/><V122/><F122/><W12/><G12/><T82/><D47/><U61/><E32/><V21/><F6/><W7/><G7/><N who="0" m="1527" /><D50/><U14/><E49/><V42/><F107/><W69/><G69/><T19/><D19/><U98/><E76/><V113/><F100/><W46/><G58/><T110/><D110/><U112/><E73/><V116/><F116/><W5/><G5/><T38/><D82/><N who="1" m="49527" /><E112/><V24/><F113/><W94/><G105/><T79/><D79/><U78/><E78/><V72/><F72/><W66/><G77/><T71/><D106/><U125/><E125/><V91/><F91/><W15/><G104/><T55/><D55/><N who="1" m="33983" /><E10/><V53/><F42/><W128/><G121/><T63/><D71/><U102/><E102/><V93/><F80/><W45/><G75/><T89/><D89/><U3/><E3/><V13/><F62/><W126/><G74/><T54/><D54/><U96/><AGARI ba="0,0" hai="14,17,22,29,31,96,98,99" m="33983,49527" machi="96" ten="30,2000,0" yaku="8,1,52,1" doraHai="56" who="1" fromWho="1" sc="250,-10,250,20,250,-5,250,-5" /><INIT seed="1,0,0,0,3,65" ten="240,270,245,245" oya="1" hai0="99,107,1,3,56,129,36,66,82,42,131,132,17" hai1="135,22,91,53,108,40,85,118,127,41,106,80,10" hai2="126,4,86,20,112,12,55,27,57,52,105,104,100" hai3="14,103,43,2,34,33,26,128,76,124,25,109,78"/><U35/><E118/><V29/><F126/><W5/><G109/><T31/><D132/><U77/><E35/><V13/><F112/><W59/><G103/><N who="0" m="62975" /><D31/><U120/><E120/><V125/><F125/><W50/><G2/><T113/><D113/><U116/><E106/><V114/><F114/><W44/><G124/><T69/><D17/><U97/><E127/><V72/><F72/><W74/><G128/><N who="0" m="49227" /><D56/><U92/><E116/><V60/><F55/><W133/><G133/><T83/><D83/><U134/><E135/><V93/><F13/><W96/><G33/><T24/><D24/><N who="3" m="9321" /><G74/><T101/><D82/><U58/><E134/><V95/><F95/><W79/><G96/><T49/><D49/><U111/><E22/><V88/><REACH who="2" step="1"/><F100/><REACH who="2" ten="240,270,235,245" step="2"/><W110/><G14/><T21/><D101/><U84/><E97/><V0/><F0/><W98/><G98/><T16/><D42/><U121/><E121/><V32/><F32/><W6/><G43/><T68/><D66/><U63/><E10/><AGARI ba="0,1" hai="4,10,12,20,27,29,52,57,60,86,88,93,104,105" machi="10" ten="40,8000,1" yaku="1,1,54,2,53,1" doraHai="65" doraHaiUra="87" who="2" fromWho="1" sc="240,0,270,-80,235,90,245,0" /><INIT seed="2,0,0,4,2,110" ten="240,190,325,245" oya="2" hai0="22,26,24,122,17,29,135,40,38,123,35,56,10" hai1="34,64,60,73,33,50,94,9,47,97,39,51,109" hai2="74,31,81,134,95,41,131,133,46,69,23,4,3" hai3="27,28,102,84,96,91,16,55,13,119,75,107,106"/><V78/><F69/><W12/><G75/><T42/><D135/><U58/><E109/><V14/><F131/><W90/><G119/><T15/><D56/><U100/><E73/><V37/><F95/><W98/><G55/><T128/><D128/><U45/><E39/><V59/><F59/><W89/><G84/><T86/><D86/><U76/><E76/><V72/><F72/><W112/><G112/><T127/><D127/><U52/><REACH who="1" step="1"/><E9/><REACH who="1" ten="240,180,325,245" step="2"/><N who="2" m="2207" /><F134/><W77/><G77/><T32/><D38/><U101/><E101/><V1/><F133/><W115/><G102/><T88/><D88/><U66/><E66/><V6/><F78/><W57/><G91/><T65/><D65/><U2/><E2/><V79/><F1/><W0/><G90/><T48/><D123/><U129/><E129/><V11/><F79/><W87/><G0/><T19/><D122/><U124/><E124/><V125/><F74/><W116/><G89/><T30/><REACH who="0" step="1"/><D48/><REACH who="0" ten="230,180,325,245" step="2"/><U20/><E20/><V117/><F23/><W105/><G98/><T43/><D43/><AGARI ba="0,2" hai="33,34,43,45,47,50,51,52,58,60,64,94,97,100" machi="43" ten="30,3900,0" yaku="1,1,7,1,54,1,53,0" doraHai="110" doraHaiUra="25" who="1" fromWho="0" sc="230,-39,180,59,325,0,245,0" /><INIT seed="3,0,0,5,0,99" ten="191,239,325,245" oya="3" hai0="18,81,71,0,86,17,12,24,92,123,125,40,117" hai1="94,128,58,130,78,116,34,83,41,19,104,87,102" hai2="110,85,8,56,31,4,132,120,53,76,63,129,11" hai3="95,14,42,113,21,48,124,73,88,108,90,112,115"/><W10/><G124/><T126/><D71/><U51/><E34/><V100/><F110/><W15/><G73/><T114/><D40/><U109/><E109/><V91/><F132/><W77/><G108/><T59/><D92/><U96/><E19/><V68/><F129/><N who="1" m="49769" /><E58/><V80/><F68/><W20/><G77/><T29/><D59/><U6/><E6/><V36/><F36/><W38/><G38/><T1/><D86/><U52/><E41/><V22/><F120/><W84/><G90/><T32/><D81/><U23/><E23/><V106/><F4/><W5/><G15/><T103/><D103/><U50/><E116/><V28/><F22/><W69/><REACH who="3" step="1"/><G69/><REACH who="3" ten="191,239,325,235" step="2"/><T61/><D117/><U64/><E64/><N who="2" m="39015" /><F76/><W67/><G67/><T30/><D123/><U7/><E7/><V3/><F91/><W70/><G70/><T13/><D114/><U39/><E39/><V33/><F3/><W118/><G118/><T60/><REACH who="0" step="1"/><D24/><REACH who="0" ten="181,239,325,235" step="2"/><U66/><E66/><V97/><F106/><W107/><G107/><T35/><AGARI ba="0,2" hai="0,1,12,13,17,18,29,30,32,35,60,61,125,126" machi="35" ten="25,8000,1" yaku="1,1,2,1,0,1,22,2,53,0" doraHai="99" doraHaiUra="119" who="0" fromWho="0" sc="181,100,239,-20,325,-20,235,-40" owari="281,8.1,219,-18.1,305,40.5,195,-30.5" /></mjloggm>