<mjloggm ver="2.3"><GO type="225" lobby="0"/><UN n0="%E6%B8%A9%E2%98%85%E6%83%85%E2%98%85%E6%8E%AA%E2%98%85%E7%BD%AE" n1="%E3%82%A2%E3%82%A4%E3%82%B9%E3%83%86%E3%82%A3%E3%83%BC%E3%81%82%E3%81%B9" n2="%E3%83%A9%E3%82%A4%E3%83%B3%E3%81%AE%E8%99%8E" n3="%E3%81%8B%E3%82%8F%E3%81%A1%E3%82%83%E3%82%93%35%38" dan="17,16,16,16" rate="2207.17,2069.91,2154.47,2151.78" sx="M,M,M,M"/><TAIKYOKU oya="0"/><INIT seed="0,0,0,0,1,14" ten="250,250,250,250" oya="0" hai0="113,12,106,29,23,128,108,63,1,51,130,117,61" hai1="93,109,30,9,37,132,104,48,38,67,7,11,5" hai2="68,119,84,47,102,122,83,15,26,86,39,127,21" hai3="33,101,82,99,115,103,16,73,69,91,111,125,52"/><T19/><D106/><U22/><E104/><V0/><F0/><W66/><G33/><T75/><D113/><U31/><E67/><V65/><F122/><W20/><G115/><T81/><D117/><U58/><E109/><V88/><F119/><W55/><G69/><T60/><D1/><U36/><E22/><V50/><F39/><W32/><G32/><T89/><D108/><U53/><E132/><V112/><F112/><W77/><G111/><T40/><D29/><U17/><E17/><N who="2" m="12591" /><F68/><W76/><G66/><T45/><REACH who="0" step="1"/><D89/><REACH who="0" ten="240,250,250,250" step="2"/><U59/><E31/><V118/><F88/><W62/><G125/><T54/><D54/><N who="3" m="20521" /><G73/><T80/><D80/><U133/><E30/><V34/><F83/><W35/><G35/><T131/><D131/><U49/><E133/><V3/><F34/><W2/><G2/><T134/><D134/><U95/><E53/><V105/><F3/><W74/><G74/><T85/><D85/><U70/><E36/><V135/><F84/><N who="3" m="50583" /><G62/><T6/><D6/><U13/><E70/><V72/><F127/><W44/><G44/><T100/><D100/><N who="3" m="38473" /><G99/><T120/><D120/><U18/><E38/><V4/><F72/><W42/><G42/><T114/><D114/><U10/><E37/><V94/><F118/><W41/><G41/><T56/><D56/><U110/><E110/><V129/><F129/><W123/><G123/><T90/><D90/><U64/><E59/><V57/><F57/><W121/><G121/><T71/><D71/><U8/><E58/><V92/><F135/><W116/><G116/><T124/><D124/><U87/><E7/><RYUUKYOKU ba="0,1" sc="240,15,250,-15,250,-15,250,15" hai0="12,19,23,40,45,51,60,61,63,75,81,128,130" hai3="16,20,76,77" /><INIT seed="0,1,1,2,0,22" ten="255,235,235,265" oya="0" hai0="21,27,66,93,84,82,10,108,64,3,73,23,44" hai1="113,94,68,110,58,30,97,124,0,74,55,19,111" hai2="104,65,15,80,11,29,33,131,50,76,135,13,63" hai3="32,106,34,69,130,42,61,91,38,128,87,6,114"/><T51/><D73/><U52/><E68/><V26/><F131/><N who="3" m="50219" /><G114/><T1/><D108/><N who="1" m="41515" /><E113/><V98/><F135/><W89/><G106/><T40/><D23/><U56/><E74/><V53/><F11/><W20/><G6/><T79/><D93/><U100/><E124/><V28/><F28/><W59/><G69/><T24/><D24/><U25/><E19/><V92/><F104/><W43/><G20/><T14/><D3/><U112/><E0/><V16/><F16/><W17/><G17/><N who="0" m="8407" /><D1/><U121/><E112/><V117/><F117/><W45/><G42/><T99/><D99/><U62/><E121/><V39/><F98/><W118/><G118/><T88/><D79/><U123/><E123/><V48/><F76/><W9/><G9/><T31/><AGARI ba="1,1" hai="21,27,31,40,44,51,64,66,82,84,88" m="8407" machi="31" ten="30,6000,0" yaku="8,1,52,1,54,1" doraHai="22" who="0" fromWho="0" sc="255,73,235,-21,235,-21,265,-21" /><INIT seed="0,2,0,3,3,113" ten="328,214,214,244" oya="0" hai0="13,23,41,56,28,40,52,21,65,22,5,29,104" hai1="4,54,25,18,10,108,16,97,15,101,69,98,76" hai2="14,0,111,34,1,75,2,77,131,36,93,51,86" hai3="35,67,12,88,31,115,44,24,84,89,123,94,48"/><T3/><D104/><U117/><E108/><V119/><F36/><W87/><G123/><T134/><D134/><U58/><E69/><V83/><F111/><W81/><G115/><T27/><D3/><U106/><E117/><V109/><F109/><W103/><G67/><T8/><D65/><U129/><E129/><V53/><F131/><W91/><G12/><T47/><D47/><U95/><E76/><V78/><F34/><W130/><G130/><T92/><D92/><U100/><REACH who="1" step="1"/><E25/><REACH who="1" ten="328,204,214,244" step="2"/><V57/><F77/><W107/><G107/><T126/><D126/><U63/><AGARI ba="2,1" hai="4,10,15,16,18,54,58,63,95,97,98,100,101,106" machi="63" ten="20,8000,1" yaku="1,1,2,1,0,1,7,1,54,1,53,0" doraHai="113" doraHaiUra="32" who="1" fromWho="1" sc="328,-42,204,96,214,-22,244,-22" /><INIT seed="1,0,0,1,2,110" ten="286,300,192,222" oya="1" hai0="115,50,71,77,55,106,116,17,89,84,63,76,100" hai1="16,6,107,49,9,12,0,91,82,93,101,67,124" hai2="51,86,135,128,73,30,102,23,68,69,54,32,132" hai3="62,117,112,88,21,18,103,43,39,5,22,52,1"/><U126/><E82/><V61/><F73/><W25/><G112/><T121/><D116/><U31/><E31/><V7/><F32/><W19/><G117/><T53/><D115/><U26/><E26/><N who="2" m="16735" /><F7/><W83/><G103/><T113/><D113/><U131/><E131/><V130/><F102/><W57/><G39/><T66/><D121/><U99/><E67/><N who="2" m="41071" /><F86/><N who="3" m="50271" /><G1/><T2/><D2/><U14/><E49/><V45/><F69/><W34/><G34/><T105/><D55/><U109/><E109/><V72/><F72/><W125/><G125/><T79/><D17/><U75/><E75/><V123/><F123/><W48/><G5/><T29/><D29/><U46/><E46/><V44/><F44/><N who="3" m="25631" /><G21/><T98/><D106/><U8/><REACH who="1" step="1"/><E0/><REACH who="1" ten="286,290,192,222" step="2"/><V41/><F41/><W108/><G108/><T90/><D50/><U38/><E38/><V95/><F130/><W56/><G56/><T58/><D66/><U3/><E3/><V28/><F128/><W10/><G18/><T60/><D71/><U92/><E92/><V104/><F104/><W11/><AGARI ba="0,1" hai="10,11,19,22,25,52,57,62" m="25631,50271" machi="11" ten="30,4000,0" yaku="8,1,54,2" doraHai="110" who="3" fromWho="3" sc="286,-10,290,-20,192,-10,222,50" /><INIT seed="2,0,0,0,2,82" ten="276,270,182,272" oya="2" hai0="108,53,73,11,1,93,106,16,74,115,71,67,30" hai1="37,42,101,102,114,116,103,68,133,121,4,113,99" hai2="98,57,80,72,76,117,2,6,60,107,21,69,66" hai3="26,15,125,7,62,120,127,132,55,61,131,13,48"/><V111/><F117/><W70/><G120/><T18/><D106/><U9/><E68/><V51/><F111/><W104/><G104/><T95/><D115/><U126/><E116/><V19/><F2/><W49/><G132/><T56/><D108/><U65/><E65/><V58/><F6/><W17/><G131/><T88/><D71/><U36/><E133/><V100/><REACH who="2" step="1"/><F51/><REACH who="2" ten="276,270,172,272" step="2"/><W24/><G49/><T94/><D1/><U119/><E119/><V78/><F78/><W92/><G7/><T122/><D122/><U96/><E121/><V128/><F128/><W86/><G48/><T135/><D135/><U23/><E114/><V110/><F110/><W112/><G112/><T83/><D74/><U118/><E113/><V59/><F59/><W89/><G70/><T45/><D73/><U31/><E118/><V12/><AGARI ba="0,1" hai="12,19,21,57,58,60,66,69,72,76,80,98,100,107" machi="12" ten="20,3900,0" yaku="1,1,0,1,7,1,53,0" doraHai="82" doraHaiUra="5" who="2" fromWho="2" sc="276,-13,270,-13,172,49,272,-13" /><INIT seed="2,1,0,1,4,41" ten="263,257,221,259" oya="2" hai0="46,28,132,25,42,53,11,106,20,31,49,3,22" hai1="112,12,87,95,70,5,47,91,33,80,51,69,56" hai2="114,89,109,62,37,45,97,43,21,120,64,16,82" hai3="115,108,19,15,17,10,40,7,9,101,48,65,133"/><V18/><F114/><W110/><G133/><T2/><D132/><U55/><E33/><V8/><F120/><W107/><G115/><T119/><D119/><U73/><E112/><V68/><F109/><N who="3" m="42091" /><G65/><T75/><D106/><U127/><E127/><V26/><F8/><W34/><G34/><T134/><D134/><U84/><E73/><V14/><F14/><N who="3" m="7375" /><G19/><T36/><D75/><U103/><E103/><V116/><F116/><W52/><G40/><T57/><D11/><U79/><E5/><V94/><REACH who="2" step="1"/><F82/><REACH who="2" ten="263,257,211,259" step="2"/><W23/><G10/><T71/><D71/><U78/><E12/><V32/><F32/><W124/><G15/><T111/><D111/><U96/><E69/><V129/><F129/><W104/><G7/><T59/><D59/><U76/><E70/><V86/><F86/><W4/><G4/><T44/><D57/><U63/><REACH who="1" step="1"/><E84/><REACH who="1" ten="263,247,211,259" step="2"/><V60/><F60/><W35/><G35/><T38/><D2/><U113/><E113/><V90/><F90/><W29/><G124/><T81/><D3/><U50/><E50/><V123/><F123/><W0/><G0/><T61/><D38/><U121/><E121/><V72/><F72/><W88/><G88/><T58/><D36/><U54/><AGARI ba="1,2" hai="47,51,54,55,56,63,76,78,79,80,87,91,95,96" machi="54" ten="20,8000,1" yaku="1,1,0,1,7,1,8,1,52,1,53,0" doraHai="41" doraHaiUra="98" who="1" fromWho="1" sc="263,-21,247,103,211,-41,259,-21" /><INIT seed="3,0,0,1,1,1" ten="242,350,170,238" oya="3" hai0="84,93,16,112,71,85,48,13,25,79,95,5,130" hai1="61,120,128,108,6,46,4,135,7,129,2,74,28" hai2="91,22,42,117,29,27,14,132,102,57,3,98,114" hai3="37,67,80,101,125,63,31,44,53,23,131,81,11"/><W86/><G125/><T127/><D71/><U94/><E108/><V12/><F132/><W89/><G131/><N who="1" m="50250" /><E74/><V34/><F114/><W26/><G101/><T59/><D130/><U75/><E75/><V110/><F110/><W83/><G11/><N who="0" m="4335" /><D127/><U32/><E135/><V0/><F117/><W9/><G9/><T123/><D123/><U35/><E2/><V68/><F68/><W49/><REACH who="3" step="1"/><G37/><REACH who="3" ten="242,350,170,228" step="2"/><T87/><D112/><U56/><E120/><V15/><F0/><W54/><G54/><N who="0" m="32199" /><D79/><U134/><E134/><V20/><F3/><W40/><G40/><T133/><D133/><U62/><E4/><V113/><F113/><W116/><G116/><T124/><D124/><U105/><E6/><V18/><F42/><W99/><G99/><T82/><D82/><U109/><E7/><V103/><F34/><W52/><G52/><T65/><D65/><U36/><E35/><V70/><F103/><W115/><G115/><T66/><D66/><U121/><E36/><V72/><F102/><W92/><G92/><T19/><D95/><U39/><E32/><V126/><F126/><W106/><G106/><T96/><D93/><U8/><E94/><V119/><F119/><W21/><G21/><N who="0" m="13479" /><D96/><U43/><E109/><V30/><F98/><W118/><G118/><T50/><D50/><U76/><E105/><V107/><F107/><W58/><AGARI ba="0,1" hai="23,26,31,44,49,53,58,63,67,80,81,83,86,89" machi="58" ten="20,12000,1" yaku="1,1,0,1,7,1,8,1,53,1" doraHai="1" doraHaiUra="17" who="3" fromWho="3" sc="242,-40,350,-40,170,-40,228,130" owari="202,-19.8,310,11.0,130,-37.0,358,45.8" /></mjloggm>