<mjloggm ver="2.3"><GO type="225" lobby="0"/><UN n0="%72%65%6E%6B%75%6E" n1="%E3%81%A4%E3%81%A3%E3%81%B1%E3%82%8A%E3%83%9D%E3%83%BC%E3%83%AB" n2="%E3%81%8B%E3%82%8F%E3%81%A1%E3%82%83%E3%82%93%35%38" n3="%E3%81%A1%E3%82%83%E3%81%93%E3%81%93" dan="17,17,16,16" rate="2217.06,2204.75,2164.03,2161.03" sx="M,M,M,F"/><TAIKYOKU oya="0"/><INIT seed="0,0,0,5,0,114" ten="250,250,250,250" oya="0" hai0="51,75,115,43,65,78,7,94,11,55,23,17,48" hai1="97,79,8,126,31,107,76,93,131,70,16,4,62" hai2="41,73,5,25,72,92,108,39,124,28,83,67,89" hai3="102,132,103,84,133,61,118,96,58,66,125,14,24"/><T53/><D115/><U98/><E131/><V122/><F122/><W100/><G125/><T82/><D65/><U81/><E126/><V29/><F124/><W36/><G36/><T119/><D119/><U130/><E130/><V120/><F120/><W135/><G118/><T22/><D94/><U69/><E31/><V71/><F28/><W99/><G24/><T104/><D104/><U101/><E79/><V21/><F5/><W87/><REACH who="3" step="1"/><G14/><REACH who="3" ten="250,250,250,240" step="2"/><T129/><D129/><U64/><E70/><V27/><F27/><W33/><G33/><T15/><D23/><U34/><E34/><V68/><F68/><W56/><G56/><T77/><D77/><U37/><E37/><V123/><F123/><W106/><G106/><T46/><REACH who="0" step="1"/><D48/><REACH who="0" ten="240,250,250,240" step="2"/><U35/><E76/><V80/><F21/><W20/><G20/><T13/><AGARI ba="0,2" hai="7,11,13,15,17,22,43,46,51,53,55,75,78,82" machi="13" ten="20,7800,0" yaku="1,1,2,1,0,1,7,1,53,0" doraHai="114" doraHaiUra="60" who="0" fromWho="0" sc="240,98,250,-26,250,-26,240,-26" /><INIT seed="0,1,0,3,4,78" ten="338,224,224,214" oya="0" hai0="122,90,35,36,114,18,93,107,76,33,31,12,62" hai1="81,4,86,13,87,25,2,102,135,72,73,44,71" hai2="30,123,6,101,34,97,1,43,42,79,45,134,131" hai3="37,84,58,8,116,112,15,16,9,0,109,108,115"/><T48/><D107/><U28/><E2/><V111/><F123/><W82/><G37/><T61/><D36/><U124/><E71/><V99/><F111/><N who="3" m="42571" /><G116/><T80/><D114/><U120/><E120/><V98/><F134/><W7/><G58/><T47/><D122/><U69/><E69/><V118/><F43/><W63/><G63/><T39/><D39/><U41/><E102/><V27/><F131/><W24/><G24/><T89/><D31/><U11/><E87/><V68/><F68/><W100/><G100/><T125/><D125/><U128/><E135/><V106/><F118/><W40/><G40/><T67/><D33/><U113/><E128/><V50/><F42/><W65/><G65/><T29/><D29/><U60/><E60/><N who="0" m="23145" /><D93/><U91/><E113/><V119/><F119/><W5/><G5/><T88/><D67/><U21/><REACH who="1" step="1"/><E124/><REACH who="1" ten="338,214,224,214" step="2"/><V56/><F101/><W75/><G75/><T83/><D76/><AGARI ba="1,1" hai="0,7,8,9,15,16,76,82,84,112,115" m="42571" machi="76" ten="30,3900,0" yaku="14,1,52,1,54,1" doraHai="78" who="3" fromWho="0" sc="338,-42,214,0,224,0,214,52" /><INIT seed="1,0,0,0,2,61" ten="296,214,224,266" oya="1" hai0="16,129,33,9,42,31,56,55,134,99,118,73,104" hai1="83,53,75,126,67,60,59,89,45,130,106,41,66" hai2="98,49,58,131,121,3,96,69,133,77,100,20,43" hai3="122,14,119,115,18,23,79,0,27,12,63,94,37"/><U36/><E130/><V30/><F69/><W76/><G122/><T19/><D118/><U70/><E126/><V15/><F3/><W88/><G115/><T132/><D73/><U87/><E106/><V111/><F121/><W110/><G37/><T81/><D42/><U10/><E70/><V102/><F77/><N who="3" m="29771" /><G0/><T68/><D68/><U117/><E117/><V24/><F111/><W44/><G110/><T97/><D81/><U26/><E75/><V135/><F131/><W64/><G44/><T52/><D129/><U54/><E10/><V7/><F98/><N who="0" m="37386" /><D104/><U71/><REACH who="1" step="1"/><E26/><REACH who="1" ten="296,204,224,266" step="2"/><V109/><F24/><W21/><G119/><T93/><D9/><U86/><E86/><V78/><F96/><N who="3" m="57415" /><G23/><T29/><D33/><U39/><E39/><V107/><F20/><W28/><G28/><T48/><D31/><U2/><E2/><V40/><F30/><W101/><G101/><T11/><D29/><U50/><E50/><V120/><F120/><W72/><G72/><T116/><D116/><U91/><E91/><V65/><F78/><W6/><G6/><T46/><D11/><U95/><E95/><V8/><F109/><W51/><G51/><N who="0" m="30751" /><D93/><U25/><E25/><V108/><F108/><W105/><G105/><T38/><D38/><U103/><E103/><N who="2" m="39467" /><F107/><W4/><G4/><T113/><D113/><U47/><E47/><N who="2" m="25831" /><F43/><W125/><G125/><T112/><D112/><U92/><E92/><V22/><F22/><W127/><G127/><T82/><D82/><U35/><E35/><V80/><F80/><W123/><G123/><T114/><D114/><U124/><E124/><RYUUKYOKU ba="0,1" sc="296,0,204,0,224,0,266,0" hai0="16,19,46,48,55,132,134" hai1="36,41,45,53,54,59,60,66,67,71,83,87,89" hai2="7,8,15,58,65,133,135" hai3="12,14,18,21,27,63,64" /><INIT seed="1,1,1,3,4,129" ten="296,204,224,266" oya="1" hai0="34,9,33,109,8,121,66,64,124,106,7,99,28" hai1="126,65,18,59,100,79,93,134,88,27,1,52,78" hai2="38,6,96,112,123,53,91,29,26,119,76,60,122" hai3="0,20,5,120,50,10,85,92,30,49,125,87,43"/><U44/><E1/><V69/><F119/><W57/><G120/><T46/><D121/><U55/><E126/><V42/><F6/><W116/><G125/><T61/><D124/><U35/><E100/><V113/><F76/><N who="1" m="29225" /><E35/><V37/><F96/><W22/><G116/><T11/><D109/><U135/><E44/><N who="2" m="23631" /><F91/><W117/><G117/><T70/><D66/><U75/><E75/><V98/><F98/><W36/><G43/><T13/><D34/><U127/><E127/><V3/><F3/><W102/><G36/><T108/><D46/><U81/><E81/><V133/><F38/><W23/><G30/><T90/><D108/><U31/><E31/><V89/><F89/><W21/><G102/><N who="0" m="62815" /><D90/><U95/><E95/><V83/><F83/><W62/><G92/><T45/><D45/><U131/><E131/><V48/><F26/><AGARI ba="1,1" hai="7,8,9,11,13,26,28,33,61,64,70" m="62815" machi="26" ten="30,1000,0" yaku="25,1" doraHai="129" who="0" fromWho="2" sc="296,23,204,0,224,-13,266,0" /><INIT seed="2,0,0,3,2,10" ten="319,204,211,266" oya="2" hai0="88,26,20,82,72,118,83,91,35,17,84,41,100" hai1="9,95,56,111,129,39,18,3,50,51,112,133,23" hai2="57,70,85,12,24,7,37,135,96,104,19,73,25" hai3="54,29,0,61,119,89,78,99,5,93,1,55,64"/><V59/><F73/><W124/><G124/><T58/><D118/><U114/><E39/><V6/><F70/><W32/><G119/><T8/><D100/><U62/><E111/><V33/><F37/><W130/><G130/><T47/><D35/><U123/><E129/><V67/><F104/><W80/><G29/><T42/><D58/><N who="2" m="22026" /><F33/><W94/><G32/><T126/><D126/><U81/><E133/><V131/><F131/><W121/><G121/><T40/><D8/><U92/><E123/><V66/><F96/><W103/><G5/><N who="2" m="1545" /><F85/><W74/><G1/><T45/><D72/><U87/><E3/><V16/><F19/><W13/><G0/><T106/><D106/><U107/><E107/><V14/><F14/><W134/><G13/><T110/><D110/><U22/><E114/><V98/><F98/><W21/><G134/><T68/><D68/><U71/><E71/><V2/><F2/><W36/><G36/><T108/><D108/><U109/><E109/><V86/><F86/><AGARI ba="0,0" hai="17,20,26,40,41,42,45,47,82,83,84,86,88,91" machi="86" ten="40,5200,0" yaku="9,1,8,1,54,1" doraHai="10" who="0" fromWho="2" sc="319,52,204,0,211,-52,266,0" /><INIT seed="3,0,0,3,4,36" ten="371,204,159,266" oya="3" hai0="57,128,107,108,96,44,125,20,40,24,47,51,33" hai1="90,113,105,80,30,87,129,112,111,42,61,85,68" hai2="116,91,63,59,93,79,10,15,81,70,88,53,109" hai3="12,19,86,58,98,77,11,101,104,127,32,84,119"/><W64/><G119/><T124/><D108/><U50/><E105/><V16/><F109/><W4/><G32/><T102/><D128/><U92/><E111/><V0/><F116/><W69/><G127/><N who="0" m="48715" /><D33/><U55/><E30/><V8/><F70/><W7/><G69/><T126/><D126/><U43/><E129/><V31/><F31/><W28/><G28/><N who="0" m="17415" /><D47/><U72/><E72/><V38/><F38/><W66/><G66/><T1/><D57/><U89/><E61/><V82/><F91/><W110/><G110/><T34/><D34/><U39/><E68/><V75/><F81/><W49/><G77/><T118/><D118/><U3/><E3/><AGARI ba="0,0" hai="1,3,40,44,51,96,102,107" m="17415,48715" machi="3" ten="30,2000,0" yaku="18,1,52,1" doraHai="36" who="0" fromWho="1" sc="371,20,204,-20,159,0,266,0" owari="391,49.1,184,-21.6,159,-34.1,266,6.6" /></mjloggm>