<mjloggm ver="2.3"><GO type="225" lobby="0"/><UN n0="%E3%82%A2%E3%83%9E%E3%83%9D%EF%BD%9E%EF%BD%9E%E3%83%A9" n1="%33%74%72%65%65" n2="%4C%4F%4C%49%54%41" n3="%E3%81%A4%E3%81%A3%E3%81%B1%E3%82%8A%E3%83%9D%E3%83%BC%E3%83%AB" dan="17,17,16,17" rate="2060.82,2215.48,2102.23,2110.31" sx="M,F,F,M"/><TAIKYOKU oya="0"/><INIT seed="0,0,0,3,4,116" ten="250,250,250,250" oya="0" hai0="31,100,53,95,9,40,8,80,24,94,1,103,86" hai1="51,105,55,22,132,12,115,43,21,36,16,108,44" hai2="78,96,27,93,133,75,28,41,111,52,83,32,101" hai3="15,37,39,26,131,73,64,17,125,2,20,33,110"/><T62/><D40/><U89/><E108/><V19/><F111/><W107/><G110/><T91/><D1/><U98/><E132/><V30/><F133/><W102/><G73/><T82/><D53/><U67/><E115/><V47/><F28/><W123/><G131/><T90/><D62/><U109/><E109/><V81/><F19/><W76/><G76/><T38/><D38/><U69/><E105/><V54/><REACH who="2" step="1"/><F81/><REACH who="2" ten="250,250,240,250" step="2"/><W63/><G17/><T11/><D82/><U7/><E7/><V61/><F61/><W71/><G63/><T79/><D79/><U6/><E6/><V118/><F118/><W127/><G127/><T65/><D80/><U60/><E22/><V59/><F59/><W0/><G20/><N who="0" m="15751" /><D65/><U134/><E134/><V70/><F70/><W10/><G71/><T77/><D77/><U87/><E67/><V97/><F97/><AGARI ba="0,1" hai="8,9,11,86,90,91,94,95,97,100,103" m="15751" machi="97" ten="30,1500,0" yaku="8,1" doraHai="116" who="0" fromWho="2" sc="250,25,250,0,240,-15,250,0" /><INIT seed="0,1,0,3,3,76" ten="275,250,225,250" oya="0" hai0="66,39,21,132,3,31,37,62,34,104,119,129,85" hai1="59,48,121,0,97,79,26,82,118,13,64,123,55" hai2="45,107,14,78,65,108,52,18,69,41,126,94,47" hai3="60,4,54,20,75,117,17,87,103,89,22,43,32"/><T57/><D119/><U11/><E118/><V86/><F107/><W101/><G117/><T33/><D104/><U124/><E124/><V128/><F126/><W109/><G75/><T2/><D129/><U50/><E0/><V74/><F74/><W91/><G32/><T63/><D132/><U23/><E64/><V98/><F108/><W19/><G4/><T96/><D96/><U113/><E113/><V81/><F128/><W92/><G43/><T7/><D21/><U135/><E48/><N who="2" m="28687" /><F69/><W116/><G116/><T130/><D130/><U40/><E40/><V9/><F65/><W106/><G106/><T99/><D99/><U112/><E97/><V56/><F41/><W72/><G72/><T102/><D66/><U67/><E67/><V100/><F56/><N who="3" m="34839" /><G91/><T16/><D57/><U120/><E135/><V80/><F80/><N who="3" m="49383" /><G109/><T127/><D127/><U84/><E112/><V44/><AGARI ba="1,0" hai="9,14,18,44,47,78,81,86,94,98,100" m="28687" machi="44" ten="30,4000,0" yaku="8,1,52,1,54,1" doraHai="76" who="2" fromWho="2" sc="275,-21,250,-11,225,43,250,-11" /><INIT seed="1,0,0,4,4,6" ten="254,239,268,239" oya="1" hai0="121,78,94,5,113,115,135,103,71,54,79,20,15" hai1="133,49,38,4,82,40,69,84,13,93,125,98,37" hai2="36,59,126,3,39,8,101,96,80,109,24,122,27" hai3="11,23,68,14,77,52,9,83,62,60,72,134,22"/><U46/><E133/><V1/><F122/><W129/><G134/><T112/><D135/><U57/><E125/><V44/><F126/><W67/><G129/><T89/><D103/><U55/><E69/><V63/><F109/><W81/><G81/><T26/><D71/><U30/><E30/><V88/><F39/><W19/><REACH who="3" step="1"/><G23/><REACH who="3" ten="254,239,268,229" step="2"/><T118/><D20/><U47/><E82/><V65/><F80/><W130/><G130/><T0/><D113/><U34/><E34/><V42/><F27/><W128/><G128/><T92/><D26/><U18/><E4/><V127/><F24/><W132/><G132/><T85/><D5/><U87/><E38/><V51/><F36/><W66/><G66/><T58/><D115/><U32/><E32/><V110/><F127/><W2/><G2/><T53/><D0/><U90/><E47/><V131/><F1/><W86/><G86/><T33/><D33/><U104/><E104/><V102/><F131/><W50/><G50/><T64/><D85/><U31/><E31/><V117/><F3/><W105/><G105/><T100/><D112/><U120/><REACH who="1" step="1"/><E120/><REACH who="1" ten="254,229,268,229" step="2"/><V43/><F44/><W124/><G124/><T107/><D107/><U7/><E7/><V21/><F110/><W29/><G29/><T35/><D35/><U119/><E119/><V116/><F116/><W61/><G61/><T12/><D121/><U73/><E73/><V48/><F117/><W16/><G16/><T28/><D28/><U91/><E91/><V106/><F88/><W41/><G41/><T95/><D118/><U76/><E76/><V114/><F106/><RYUUKYOKU ba="0,2" sc="254,-15,229,15,268,-15,229,15" hai1="13,18,37,40,46,49,55,57,84,87,90,93,98" hai3="9,11,14,19,22,52,60,62,67,68,72,77,83" /><INIT seed="1,1,2,5,2,21" ten="239,244,253,244" oya="1" hai0="129,9,69,110,102,85,133,18,84,75,54,118,61" hai1="94,22,59,89,108,131,120,72,24,31,130,33,76" hai2="64,19,127,90,34,113,81,103,56,111,38,20,35" hai3="106,79,83,26,28,121,128,62,27,116,55,122,82"/><U105/><E105/><V114/><F38/><W11/><G106/><T30/><D75/><U71/><E71/><V78/><F111/><W58/><G128/><N who="1" m="49194" /><E120/><V45/><F127/><W3/><G116/><T80/><D118/><U57/><E108/><V7/><F103/><W109/><G109/><T92/><D69/><U50/><E50/><V123/><F123/><W4/><G83/><T91/><D133/><U66/><E66/><V67/><F45/><W32/><REACH who="3" step="1"/><G27/><REACH who="3" ten="239,244,253,234" step="2"/><T36/><D80/><N who="1" m="45063" /><E33/><V119/><F34/><W88/><G88/><T73/><D91/><U68/><E68/><V53/><F90/><W112/><G112/><T23/><D110/><U104/><E104/><V86/><F35/><W5/><G5/><T25/><D129/><U48/><E89/><V63/><F119/><W43/><G43/><T47/><D92/><U101/><E94/><V17/><F113/><W65/><G65/><T100/><D100/><U1/><E101/><V93/><F114/><W44/><G44/><T51/><D102/><U49/><E1/><V52/><F93/><W12/><G12/><N who="0" m="7439" /><D73/><AGARI ba="1,3" hai="3,4,11,26,28,32,55,58,62,73,79,82,121,122" machi="73" ten="30,7700,0" yaku="1,1,7,1,52,1,53,1" doraHai="21" doraHaiUra="2" who="3" fromWho="0" sc="239,-80,244,0,253,0,234,110" /><INIT seed="2,0,0,3,5,98" ten="159,244,253,344" oya="2" hai0="120,66,38,22,126,101,13,78,70,36,104,53,116" hai1="130,132,84,87,33,2,100,44,90,115,109,61,50" hai2="29,39,62,40,5,1,125,96,122,79,82,118,52" hai3="45,112,30,43,85,17,34,63,14,81,88,74,69"/><V19/><F118/><W59/><G112/><T20/><D116/><U68/><E2/><V75/><F122/><W54/><G74/><T76/><D120/><U73/><E73/><V95/><F125/><W24/><G69/><T92/><D104/><U127/><E33/><V103/><F29/><W9/><G45/><T111/><D111/><U58/><E68/><V94/><F19/><W21/><REACH who="3" step="1"/><G43/><REACH who="3" ten="159,244,253,334" step="2"/><T4/><D70/><U46/><E44/><V41/><F41/><W72/><G72/><T80/><D126/><U77/><E46/><V99/><F40/><W86/><G86/><T27/><D38/><U7/><E84/><V110/><F39/><W8/><AGARI ba="0,1" hai="8,9,14,17,21,24,30,34,54,59,63,81,85,88" machi="8" ten="30,4000,0" yaku="1,1,0,1,54,1,53,0" doraHai="98" doraHaiUra="64" who="3" fromWho="3" sc="159,-10,244,-10,253,-20,334,50" /><INIT seed="3,0,0,0,3,135" ten="149,234,233,384" oya="3" hai0="105,7,110,54,92,74,73,80,91,17,52,89,134" hai1="132,90,23,117,4,38,5,41,129,11,19,113,39" hai2="53,33,31,109,88,22,78,75,107,24,6,95,10" hai3="60,29,35,121,3,69,62,118,76,106,70,102,51"/><W101/><G3/><T71/><D134/><U13/><E113/><V57/><F107/><W16/><G29/><T131/><D131/><U50/><E4/><V123/><F109/><W108/><G51/><T96/><D110/><U46/><E132/><V127/><F127/><W82/><G16/><T67/><D7/><U83/><E117/><V77/><F123/><W64/><G101/><T125/><D105/><U116/><E116/><V56/><F33/><W79/><G79/><T86/><D125/><U61/><E129/><V115/><F115/><W85/><G35/><T1/><D1/><U68/><E83/><V126/><F126/><W15/><G15/><T40/><D40/><U66/><E90/><V32/><F32/><W124/><G62/><T59/><D54/><U2/><AGARI ba="0,0" hai="2,5,11,13,19,23,38,39,41,46,50,61,66,68" machi="2" ten="20,1500,0" yaku="0,1,7,1" doraHai="135" who="1" fromWho="1" sc="149,-4,234,15,233,-4,384,-7" owari="145,-35.5,249,4.9,229,-17.1,377,47.7" /></mjloggm>