<mjloggm ver="2.3"><GO type="225" lobby="0"/><UN n0="%E6%B4%BE%E9%81%A3%E3%81%AE%E3%82%B8%E3%83%A3%E3%83%83%E3%82%AF" n1="%E7%B4%94%E6%BD%94%E3%83%94%E3%83%A9%E3%83%8B%E3%82%A2" n2="%E3%83%96%E3%83%83%E3%83%91%E3%82%AA%E3%83%96%E3%83%81%E3%82%AD%E3%83%B3" n3="%E3%81%BD%E3%81%A1%E3%81%9F%E3%81%93%E3%82%84" dan="17,17,16,16" rate="2169.75,2215.74,2229.13,2153.11" sx="M,M,M,M"/><TAIKYOKU oya="0"/><INIT seed="0,0,0,0,5,105" ten="250,250,250,250" oya="0" hai0="93,50,63,11,17,81,72,68,130,108,134,90,95" hai1="77,124,15,79,75,87,86,89,71,102,9,25,35" hai2="57,55,83,30,58,84,48,16,113,94,78,85,135" hai3="61,52,117,24,18,121,39,126,22,38,88,6,51"/><T66/><D134/><U125/><E71/><V10/><F135/><W34/><G117/><T123/><D123/><U29/><E102/><V42/><F113/><W103/><G121/><T21/><D130/><U33/><E33/><V116/><F116/><W20/><G126/><N who="1" m="48746" /><E75/><V80/><F30/><W122/><G122/><T91/><D11/><U98/><E98/><V109/><F109/><W45/><G34/><T64/><D108/><U62/><E62/><V26/><F94/><W5/><G103/><T131/><D131/><U60/><E60/><V101/><F101/><W40/><G61/><T31/><D31/><U46/><E46/><V13/><F42/><W49/><G39/><T96/><D50/><U7/><E86/><V43/><F43/><W82/><G38/><T99/><D66/><U14/><E15/><V44/><REACH who="2" step="1"/><F26/><REACH who="2" ten="250,250,240,250" step="2"/><W41/><G41/><T27/><D81/><AGARI ba="0,1" hai="7,9,14,25,29,35,77,79,81,87,89" m="48746" machi="81" ten="30,1000,0" yaku="18,1" doraHai="105" who="1" fromWho="0" sc="250,-10,250,20,240,0,250,0" /><INIT seed="1,0,0,1,3,20" ten="240,270,240,250" oya="1" hai0="88,107,125,57,113,21,105,52,25,83,46,5,73" hai1="98,84,71,0,108,12,35,115,13,134,36,77,112" hai2="109,65,56,66,129,92,64,86,114,39,59,28,62" hai3="81,1,110,51,7,19,50,58,126,106,124,48,116"/><U44/><E0/><V40/><F109/><W60/><G110/><T91/><D113/><U69/><E108/><V45/><F114/><W89/><G106/><T85/><D125/><N who="3" m="48233" /><G116/><T100/><D73/><U2/><E2/><V95/><F129/><W94/><G81/><T120/><D120/><U47/><E35/><V132/><F132/><W11/><G19/><N who="0" m="12479" /><D105/><U128/><E36/><V79/><F28/><W41/><G41/><T82/><D107/><U43/><E43/><V133/><F133/><W14/><G1/><T9/><D100/><U37/><E37/><V67/><F79/><W49/><G49/><N who="0" m="30863" /><D46/><U101/><E134/><V30/><F86/><N who="3" m="52535" /><G48/><T55/><D55/><AGARI ba="0,0" hai="7,11,14,50,51,55,58,60" m="52535,48233" machi="55" ten="30,1000,0" yaku="18,1" doraHai="20" who="3" fromWho="0" sc="240,-10,270,0,240,0,250,10" /><INIT seed="2,0,0,5,2,100" ten="230,270,240,260" oya="2" hai0="125,124,78,74,97,50,46,3,75,99,16,12,134" hai1="29,15,65,9,21,88,52,2,58,60,90,84,20" hai2="103,101,22,93,63,121,117,1,69,31,48,71,59" hai3="70,35,4,126,113,44,73,83,18,76,82,56,32"/><V54/><F117/><W94/><G70/><T39/><D3/><U112/><E2/><V72/><F121/><W104/><G104/><T51/><D39/><U49/><E112/><V87/><F72/><N who="0" m="27690" /><D78/><U27/><E21/><V77/><F1/><W43/><G4/><T66/><D66/><U118/><E118/><V28/><F71/><W127/><G113/><T42/><D50/><U119/><E119/><V24/><F69/><W19/><G83/><T55/><D42/><U5/><E84/><V7/><F7/><W8/><G56/><AGARI ba="0,0" hai="5,9,15,20,27,29,49,52,56,58,60,65,88,90" machi="56" ten="30,7700,0" yaku="7,1,8,1,54,2" doraHai="100" who="1" fromWho="3" sc="230,0,270,77,240,0,260,-77" /><INIT seed="3,0,0,3,3,19" ten="230,347,240,183" oya="3" hai0="55,14,132,97,129,40,4,109,3,84,111,71,68" hai1="124,38,5,34,58,131,50,17,27,12,61,44,47" hai2="107,108,105,127,28,106,104,70,118,95,89,1,49" hai3="29,98,102,126,65,86,76,11,63,8,54,121,23"/><W69/><G121/><T120/><D120/><U91/><E47/><V20/><F118/><W133/><G133/><T80/><D132/><U135/><E91/><V48/><N who="2" m="26624" /><DORA hai="22" /><V94/><F1/><W31/><G126/><T10/><D129/><U56/><E56/><V21/><F127/><W96/><G31/><T2/><D40/><U62/><E62/><V93/><F70/><N who="0" m="26666" /><D55/><U112/><E112/><V99/><F108/><N who="0" m="41546" /><D97/><U7/><E38/><V113/><F113/><W18/><G29/><T128/><D128/><U123/><E123/><V52/><F49/><W9/><G54/><T72/><D72/><U36/><E36/><V82/><F82/><W83/><REACH who="3" step="1"/><G102/><REACH who="3" ten="230,347,240,173" step="2"/><T33/><D33/><U60/><E124/><V39/><F28/><W26/><AGARI ba="0,1" hai="8,9,11,18,23,26,63,65,69,76,83,86,96,98" machi="26" ten="30,12000,1" yaku="1,1,2,1,0,1,52,2,53,0" doraHai="19,22" doraHaiUra="32,51" who="3" fromWho="3" sc="230,-40,347,-40,240,-40,173,130" /><INIT seed="3,1,0,5,2,84" ten="190,307,200,303" oya="3" hai0="25,120,53,12,60,56,23,4,57,40,20,30,19" hai1="41,72,119,13,96,43,113,10,73,125,70,63,100" hai2="8,115,27,50,77,117,76,106,81,22,68,114,7" hai3="1,107,9,5,54,97,48,32,45,36,52,85,111"/><W91/><G32/><T121/><D40/><U103/><E113/><V133/><F117/><W31/><G31/><T17/><D4/><U92/><E119/><V101/><F68/><W98/><G111/><T87/><D87/><U130/><E103/><V55/><F133/><W33/><G33/><T28/><D57/><U83/><E125/><V37/><F37/><W46/><G107/><T99/><D99/><U47/><E130/><V14/><F77/><W44/><G54/><T66/><D66/><U127/><E127/><V38/><F38/><W24/><G24/><T51/><D60/><U122/><E83/><V88/><F88/><W35/><G35/><T129/><REACH who="0" step="1"/><D129/><REACH who="0" ten="180,307,200,303" step="2"/><U89/><E43/><V65/><F65/><W42/><G45/><T69/><D69/><U104/><E70/><V134/><F134/><W2/><G1/><T74/><D74/><U6/><E63/><V79/><F79/><W26/><G26/><T135/><D135/><U80/><E72/><V82/><F82/><AGARI ba="1,1" hai="2,5,9,36,42,44,46,48,52,82,85,91,97,98" machi="82" ten="30,5800,0" yaku="7,1,52,1,54,1" doraHai="84" who="3" fromWho="2" sc="180,0,307,0,200,-61,303,71" owari="180,-22.0,307,10.7,139,-36.1,374,47.4" /></mjloggm>