<mjloggm ver="2.3"><GO type="225" lobby="0"/><UN n0="%E5%B6%BA%E4%B8%8A%E5%92%B2" n1="%E3%81%8B%E3%82%8F%E3%81%A1%E3%82%83%E3%82%93%35%38" n2="%E6%9C%88%E5%B3%B6%E5%9F%BA" n3="%E3%83%A9%E3%83%BC%E3%83%A1%E3%83%B3%E4%BA%94%E9%83%8E" dan="16,16,18,16" rate="2165.75,2167.12,2224.24,2148.79" sx="F,M,M,M"/><TAIKYOKU oya="0"/><INIT seed="0,0,0,3,0,50" ten="250,250,250,250" oya="0" hai0="70,28,38,55,74,127,18,11,85,79,62,134,13" hai1="122,81,42,14,36,106,26,17,65,101,90,104,107" hai2="94,43,92,16,60,45,114,57,21,48,4,89,77" hai3="69,118,112,116,31,103,30,12,91,23,56,73,109"/><T84/><D38/><U8/><E122/><V132/><F132/><W110/><G69/><T120/><D120/><U135/><E135/><V71/><F114/><W63/><G112/><T39/><D39/><U86/><E65/><V20/><F71/><W117/><G73/><T0/><D0/><U7/><E36/><V10/><F77/><W96/><G91/><T72/><D127/><U66/><E66/><V59/><F21/><W64/><G12/><T83/><D134/><U95/><E42/><V67/><F59/><W128/><G128/><T6/><D28/><U119/><E119/><V129/><F129/><W9/><G9/><T131/><D131/><U32/><E32/><V27/><REACH who="2" step="1"/><F89/><REACH who="2" ten="250,250,240,250" step="2"/><W115/><G115/><T126/><D70/><U133/><E133/><V130/><F130/><W58/><G58/><N who="0" m="35167" /><D126/><U29/><E90/><V40/><F40/><W76/><G76/><T88/><D74/><U61/><E29/><V100/><F100/><W75/><G75/><T37/><D72/><U44/><E101/><V105/><F105/><N who="3" m="63719" /><G23/><T80/><D37/><U54/><E106/><V68/><F68/><W121/><G121/><T3/><D3/><AGARI ba="0,1" hai="3,4,10,16,20,27,43,45,48,57,60,67,92,94" machi="3" ten="30,3900,0" yaku="1,1,7,1,54,1,53,0" doraHai="50" doraHaiUra="51" who="2" fromWho="0" sc="250,-39,250,0,240,49,250,0" /><INIT seed="1,0,0,2,5,56" ten="211,250,289,250" oya="1" hai0="105,8,16,10,73,53,20,60,36,12,84,11,118" hai1="108,19,2,76,97,47,74,1,40,124,58,114,88" hai2="23,15,79,93,4,26,131,69,75,71,48,66,50" hai3="34,83,90,120,63,134,35,130,27,44,41,110,55"/><U107/><E114/><V121/><F121/><W87/><G120/><T18/><D73/><U49/><E124/><V52/><F131/><W72/><G130/><T7/><D36/><U135/><E135/><V78/><F75/><W104/><G134/><T77/><D105/><U28/><E108/><V14/><F71/><W29/><G110/><T30/><D118/><U127/><E127/><V92/><F69/><W122/><G104/><T111/><D111/><U115/><E115/><V128/><F66/><W100/><G100/><T98/><D98/><U62/><E28/><N who="2" m="17503" /><F50/><W24/><G72/><T106/><D106/><U64/><E19/><V117/><F128/><W38/><G122/><T65/><D53/><U46/><E107/><V9/><F15/><W43/><G43/><T21/><D30/><U123/><E123/><V22/><F22/><W109/><G109/><T13/><D7/><U59/><E59/><N who="2" m="33159" /><F117/><W91/><G24/><T116/><D116/><U95/><REACH who="1" step="1"/><E47/><REACH who="1" ten="211,240,289,250" step="2"/><V101/><F101/><W85/><G29/><T133/><D133/><U57/><E57/><V67/><F67/><W80/><G44/><T102/><D65/><U125/><E125/><V42/><F42/><W112/><G41/><T6/><D102/><U119/><E119/><V103/><F103/><W0/><G112/><T70/><D70/><U51/><E51/><V81/><F4/><W5/><G5/><T129/><D129/><U17/><E17/><V96/><F96/><W54/><G38/><T99/><D99/><U37/><E37/><V61/><F61/><W31/><G63/><T39/><D39/><RYUUKYOKU ba="0,1" sc="211,-10,240,30,289,-10,250,-10" hai1="1,2,40,46,49,58,62,64,74,76,88,95,97" /><INIT seed="1,1,1,0,1,132" ten="201,270,279,240" oya="1" hai0="77,133,66,115,47,103,19,117,90,33,46,1,120" hai1="39,104,12,41,30,112,48,82,128,76,101,78,45" hai2="70,91,85,81,64,60,86,62,11,2,9,32,23" hai3="58,127,130,122,44,4,121,51,111,124,16,24,96"/><U28/><E112/><V55/><F32/><W61/><G111/><T69/><D115/><U119/><E119/><V57/><F2/><W93/><G130/><T94/><D117/><U49/><E128/><V109/><F109/><W123/><G4/><T97/><D1/><U43/><E39/><V36/><F36/><W17/><G51/><T89/><D33/><U83/><E104/><V108/><F108/><W38/><G44/><T0/><D0/><U72/><E101/><V25/><REACH who="2" step="1"/><F86/><REACH who="2" ten="201,270,269,240" step="2"/><W107/><G38/><T14/><D120/><U116/><E116/><V114/><F114/><W21/><G107/><T26/><D133/><U71/><E72/><V98/><F98/><W99/><G99/><T7/><D97/><U59/><E45/><V63/><F63/><W129/><G129/><T87/><D46/><U92/><E49/><V80/><F80/><W31/><G61/><T6/><D47/><U131/><E48/><V79/><F79/><W40/><G40/><T15/><D77/><U75/><E131/><V88/><F88/><N who="3" m="55335" /><G58/><T67/><D89/><U22/><E59/><V20/><F20/><W27/><G122/><T135/><D135/><U65/><E92/><V102/><F102/><W8/><G123/><T73/><D103/><U37/><E37/><V50/><F50/><W56/><G121/><T42/><D42/><N who="1" m="15883" /><E83/><V34/><F34/><N who="3" m="20839" /><G56/><T35/><D35/><U134/><E134/><V110/><F110/><W18/><G8/><N who="0" m="4383" /><D73/><U100/><E100/><V52/><F52/><W74/><G74/><T84/><D94/><U106/><E106/><V10/><F10/><RYUUKYOKU ba="1,2" sc="201,-15,270,-15,269,15,240,15" hai2="9,11,23,25,55,57,60,62,64,70,81,85,91" hai3="16,17,18,21,27,124,127" /><INIT seed="2,2,2,5,3,71" ten="186,255,284,255" oya="2" hai0="91,67,33,126,135,63,108,53,76,30,35,17,74" hai1="52,89,92,10,112,86,90,113,84,118,115,21,79" hai2="106,93,3,77,36,104,132,70,64,43,23,66,119" hai3="107,46,7,117,100,110,130,62,134,75,103,20,133"/><V101/><F119/><W34/><G117/><T28/><D108/><U123/><E118/><V49/><F93/><W69/><G34/><T96/><D135/><N who="3" m="51721" /><G110/><T48/><D126/><U85/><E123/><V61/><F23/><W11/><G130/><T111/><D111/><U125/><E125/><V41/><F77/><W39/><G75/><T88/><D74/><U129/><E129/><V5/><F101/><N who="3" m="38987" /><G107/><T25/><D76/><U87/><E79/><V44/><F132/><W31/><G31/><T38/><D38/><U82/><E21/><V50/><F5/><W128/><G128/><T121/><D121/><U56/><REACH who="1" step="1"/><E10/><REACH who="1" ten="186,245,284,255" step="2"/><V14/><F106/><W98/><G20/><N who="0" m="13455" /><D35/><U99/><E99/><V42/><F104/><W58/><G98/><T116/><D33/><U105/><E105/><V37/><F3/><W94/><G11/><T95/><D116/><U83/><E83/><V2/><F2/><W73/><G94/><T124/><D124/><U80/><E80/><V26/><F14/><W57/><G73/><T45/><D91/><U97/><E97/><V72/><F72/><W114/><G114/><T54/><D67/><U65/><E65/><V22/><F64/><N who="3" m="41111" /><G7/><T6/><D6/><U15/><E15/><V109/><F109/><W127/><G127/><T40/><D40/><AGARI ba="2,3" hai="39,40,46,57,58" m="41111,38987,51721" machi="40" ten="30,2000,0" yaku="20,1,52,1" doraHai="71" who="3" fromWho="0" sc="186,-26,245,0,284,0,255,56" /><INIT seed="3,0,0,1,0,8" ten="160,245,284,311" oya="3" hai0="34,71,112,81,106,94,119,78,4,79,101,31,36" hai1="51,57,98,29,72,24,135,99,104,45,54,69,82" hai2="105,46,59,131,3,56,80,15,43,20,5,60,90" hai3="77,16,87,40,116,65,133,39,67,76,0,41,103"/><W49/><G39/><T83/><D36/><U47/><E69/><V50/><F105/><W74/><G74/><T30/><D71/><U9/><E135/><V66/><F3/><W55/><G0/><T86/><D119/><U126/><E126/><V26/><F131/><W21/><G133/><T92/><D4/><U120/><E120/><V89/><F80/><N who="3" m="47495" /><G103/><T134/><D134/><U110/><E110/><V128/><F128/><W19/><G77/><T95/><D34/><U118/><E118/><V42/><F42/><N who="3" m="16491" /><G116/><T91/><D31/><U88/><E72/><V12/><F59/><N who="3" m="33263" /><G19/><T14/><D30/><U96/><E104/><V111/><F111/><W32/><G32/><T117/><D117/><U115/><E115/><V53/><F43/><W48/><G48/><T130/><D112/><U18/><E29/><N who="2" m="17607" /><F5/><W27/><AGARI ba="0,0" hai="16,21,27,65,67" m="33263,16491,47495" machi="27" ten="30,3000,0" yaku="8,1,54,1" doraHai="8" who="3" fromWho="3" sc="160,-10,245,-10,284,-10,311,30" owari="150,-35.0,235,-16.5,274,7.4,341,44.1" /></mjloggm>