<mjloggm ver="2.3"><GO type="225" lobby="0"/><UN n0="%E8%81%B7%E6%A5%AD%E3%80%81%E9%A2%A8%32" n1="%E3%81%90%E3%81%A1%E3%82%84%E3%81%BE" n2="%E3%83%B4%E3%83%A0%EF%BC%99%E3%81%A6" n3="%E3%81%BF%E3%81%BF%E3%81%9A" dan="16,16,16,17" rate="2149.67,2133.49,2181.09,2172.41" sx="M,M,M,M"/><TAIKYOKU oya="0"/><INIT seed="0,0,0,2,2,132" ten="250,250,250,250" oya="0" hai0="106,108,94,134,33,53,114,45,68,38,70,87,24" hai1="83,56,31,40,117,82,111,39,15,41,47,85,124" hai2="48,60,66,32,67,28,96,120,121,8,50,118,4" hai3="92,90,20,104,13,5,57,42,130,65,103,12,86"/><T125/><D114/><U27/><E117/><V95/><F118/><W3/><G3/><T99/><D134/><U135/><E135/><V6/><F66/><W30/><G42/><T49/><D108/><U98/><E111/><V69/><F121/><W123/><G123/><T126/><D106/><U88/><E124/><N who="0" m="47721" /><D38/><U131/><E131/><V73/><F73/><W17/><G130/><T76/><D76/><U89/><E40/><V23/><F32/><W105/><G103/><N who="0" m="60919" /><D87/><U129/><E129/><V14/><F120/><W2/><G2/><T52/><D53/><U25/><E85/><V116/><F116/><W9/><REACH who="3" step="1"/><G30/><AGARI ba="0,0" hai="24,30,33,45,49,52,68,70" m="60919,47721" machi="30" ten="30,12000,1" yaku="18,1,52,3,54,1" doraHai="132" who="0" fromWho="3" sc="250,120,250,0,250,0,250,-120" /><INIT seed="0,1,0,5,0,111" ten="370,250,250,130" oya="0" hai0="128,125,132,31,92,95,37,82,15,87,53,74,100" hai1="84,24,93,39,99,13,20,112,52,55,2,18,75" hai2="8,58,107,91,129,115,118,9,23,54,78,113,29" hai3="38,1,30,49,22,27,7,67,47,44,69,66,11"/><T68/><D128/><U77/><E2/><V33/><F33/><W89/><G69/><T5/><D125/><U127/><E75/><V97/><F78/><W72/><G72/><T124/><D132/><U135/><E39/><V61/><F129/><W96/><G38/><T16/><D124/><U0/><E0/><V79/><F79/><W26/><G47/><T71/><D74/><U12/><E127/><V60/><F118/><W98/><G98/><N who="0" m="59463" /><D68/><U56/><E135/><V73/><F73/><W40/><G96/><T19/><D71/><U108/><E108/><V14/><F60/><W122/><G122/><T86/><D37/><U32/><E112/><V133/><F133/><W117/><G117/><T81/><D31/><U105/><E105/><V126/><F126/><W6/><G6/><T130/><D53/><N who="1" m="20555" /><E56/><V83/><F107/><W101/><G101/><T36/><D95/><U35/><E35/><V88/><F97/><W48/><G48/><T63/><D63/><U76/><E32/><V43/><F115/><W25/><G89/><N who="0" m="51407" /><D36/><U90/><E77/><V119/><F119/><W123/><G123/><T21/><D130/><U3/><E3/><V120/><F120/><W57/><G57/><T94/><D94/><U45/><E45/><V65/><F113/><W121/><G121/><T114/><D114/><U62/><E62/><V134/><F134/><W28/><REACH who="3" step="1"/><G22/><REACH who="3" ten="370,250,250,120" step="2"/><N who="0" m="11551" /><D5/><U17/><E99/><V41/><F91/><W80/><G80/><T103/><D103/><U50/><E50/><V85/><F88/><W34/><G34/><T110/><D21/><N who="1" m="11431" /><E76/><V116/><F116/><RYUUKYOKU ba="1,1" sc="370,-15,250,15,250,-15,120,15" hai1="13,18,20,24,84,90,93" hai3="1,7,11,25,26,27,28,30,40,44,49,66,67" /><INIT seed="1,2,1,3,5,67" ten="355,265,235,135" oya="1" hai0="50,45,46,54,103,100,15,20,129,4,39,116,31" hai1="0,1,61,18,63,19,93,102,132,112,43,83,9" hai2="75,30,55,26,24,2,71,69,56,98,101,12,113" hai3="95,44,86,76,53,104,84,89,58,5,21,42,79"/><U80/><E112/><V78/><F2/><W68/><G104/><T105/><D116/><U3/><E132/><V107/><F113/><W51/><G5/><T127/><D129/><U22/><E43/><V64/><F64/><W85/><G68/><T6/><D127/><U128/><E128/><V88/><F12/><W49/><REACH who="3" step="1"/><G21/><REACH who="3" ten="355,265,235,125" step="2"/><T36/><D105/><U124/><E22/><V92/><F71/><W106/><G106/><T8/><D20/><U131/><E131/><V115/><F115/><W33/><G33/><T62/><D6/><U73/><E0/><V59/><F69/><W91/><G91/><T27/><D4/><U81/><E1/><V99/><F30/><W117/><G117/><T65/><D31/><U40/><E3/><V96/><F107/><W134/><G134/><T114/><D8/><U66/><E9/><V87/><F101/><W77/><AGARI ba="2,2" hai="42,44,49,51,53,58,76,77,79,84,85,86,89,95" machi="77" ten="30,4000,0" yaku="1,1,0,1,8,1,53,0" doraHai="67" doraHaiUra="125" who="3" fromWho="3" sc="355,-12,265,-22,235,-12,125,66" /><INIT seed="2,0,0,1,5,14" ten="343,243,223,191" oya="2" hai0="119,9,103,86,78,133,125,108,5,94,3,21,122" hai1="23,124,97,53,92,89,67,128,95,85,115,68,113" hai2="59,117,87,77,36,4,126,96,52,131,91,127,79" hai3="135,15,11,99,6,44,62,64,106,93,18,43,40"/><V39/><F117/><W35/><G135/><T20/><D122/><U56/><E128/><V75/><F4/><W63/><G35/><T61/><D133/><U100/><E124/><N who="2" m="47659" /><F96/><W70/><G106/><T71/><D125/><U134/><E134/><V74/><F131/><W2/><G63/><T45/><D108/><U16/><E67/><V69/><F69/><W123/><G123/><T47/><D103/><U58/><E68/><V104/><F104/><W57/><G70/><T28/><D61/><U107/><E107/><V13/><F13/><W17/><G2/><T73/><D71/><U25/><E58/><V22/><F22/><W30/><G30/><T51/><D21/><U1/><E1/><V55/><F77/><W46/><G46/><T110/><D47/><U101/><E101/><V33/><F33/><W109/><G109/><T120/><D78/><U54/><E54/><N who="2" m="20523" /><F59/><W72/><G72/><N who="2" m="27689" /><F79/><W0/><G0/><T12/><D3/><U50/><AGARI ba="0,0" hai="16,23,25,50,53,56,85,89,92,95,97,100,113,115" machi="50" ten="20,5200,0" yaku="0,1,7,1,52,1,54,1" doraHai="14" who="1" fromWho="1" sc="343,-13,243,52,223,-26,191,-13" /><INIT seed="3,0,0,3,3,15" ten="330,295,197,178" oya="3" hai0="76,19,2,20,101,37,60,79,75,87,56,113,38" hai1="50,74,68,40,129,99,30,4,90,35,97,29,126" hai2="127,102,86,63,14,67,10,70,39,93,121,128,132" hai3="27,73,58,16,48,122,115,104,45,118,130,12,114"/><W106/><G118/><T53/><D2/><U13/><E68/><V3/><F39/><W9/><G122/><T1/><D1/><U107/><E74/><V59/><F121/><W65/><G73/><T120/><D120/><U134/><E107/><V85/><F3/><W49/><G130/><T7/><D7/><U100/><E35/><V18/><F128/><W62/><G49/><T77/><D75/><U82/><E126/><V92/><F127/><W55/><REACH who="3" step="1"/><G27/><REACH who="3" ten="330,295,197,168" step="2"/><N who="0" m="14751" /><D38/><U52/><E50/><V6/><F132/><W111/><G111/><T25/><D37/><U64/><E134/><V78/><F78/><W47/><G47/><T54/><D25/><U116/><E129/><V131/><F131/><W43/><G43/><T133/><D133/><U71/><E40/><V22/><F70/><W57/><G57/><N who="0" m="34863" /><D113/><AGARI ba="0,1" hai="9,12,16,45,48,55,58,62,65,104,106,113,114,115" machi="113" ten="40,7700,0" yaku="1,1,52,1,54,1,53,0" doraHai="15" doraHaiUra="89" who="3" fromWho="0" sc="330,-77,295,0,197,0,168,87" /><INIT seed="3,1,0,1,1,48" ten="253,295,197,255" oya="3" hai0="18,99,105,54,33,32,69,94,21,41,4,42,24" hai1="8,80,89,100,31,0,46,53,73,114,130,37,134" hai2="56,91,77,86,65,121,122,40,23,107,35,83,70" hai3="59,22,6,112,102,96,17,61,64,13,129,124,110"/><W19/><G112/><T95/><D69/><U45/><E114/><V81/><F35/><W26/><G124/><T12/><D105/><U120/><E120/><N who="2" m="46187" /><F107/><W90/><G129/><T109/><D109/><U116/><E130/><V125/><F125/><W72/><G110/><T101/><D33/><U44/><E134/><V118/><F118/><W71/><G72/><T68/><D68/><U123/><E123/><V111/><F111/><W36/><G36/><T119/><D119/><U82/><E116/><V9/><F40/><W92/><G6/><T117/><D117/><U14/><E31/><V57/><F9/><W50/><G50/><T5/><D94/><U11/><E100/><V78/><F23/><W98/><G71/><T106/><D106/><U34/><E34/><V51/><F51/><W15/><G19/><N who="0" m="12351" /><D32/><U88/><E37/><V74/><F78/><W108/><G108/><T62/><D42/><U3/><E73/><V30/><F30/><W60/><G60/><AGARI ba="1,0" hai="56,57,60,65,70,74,77,81,83,86,91" m="46187" machi="60" ten="30,1000,0" yaku="13,1" doraHai="48" who="2" fromWho="3" sc="253,0,295,0,197,13,255,-13" /><INIT seed="4,0,0,1,0,130" ten="253,295,210,242" oya="0" hai0="86,30,17,110,9,107,135,54,104,53,62,121,66" hai1="83,117,22,92,114,23,89,11,101,126,42,34,40" hai2="87,113,85,59,50,123,27,7,124,88,38,78,5" hai3="21,128,131,109,33,111,96,16,71,94,3,112,60"/><T105/><D121/><U75/><E117/><V29/><F123/><W52/><G33/><T82/><D110/><U91/><E34/><V98/><F38/><W69/><G3/><T15/><D30/><U26/><E126/><V51/><F124/><W103/><G71/><T36/><D36/><U20/><E75/><V80/><F113/><W122/><G122/><T133/><D54/><U102/><E114/><V14/><F98/><W48/><G60/><T97/><D53/><U25/><E11/><N who="2" m="4463" /><F7/><W28/><G28/><T115/><D97/><N who="1" m="57487" /><E91/><V37/><F59/><N who="3" m="33159" /><G69/><T77/><REACH who="0" step="1"/><D115/><REACH who="0" ten="243,295,210,242" step="2"/><U46/><E42/><V35/><F37/><W81/><G112/><T2/><D2/><U55/><E55/><V32/><F32/><W95/><G111/><T47/><D47/><U13/><E46/><V31/><F35/><W0/><G109/><T56/><AGARI ba="0,1" hai="9,15,17,56,62,66,77,82,86,104,105,107,133,135" machi="56" ten="40,12000,1" yaku="1,1,0,1,52,2,53,0" doraHai="130" doraHaiUra="43" who="0" fromWho="0" sc="243,130,295,-40,210,-40,242,-40" owari="373,47.3,255,5.5,170,-33.0,202,-19.8" /></mjloggm>