<mjloggm ver="2.3"><GO type="225" lobby="0"/><UN n0="%E3%81%BF%E3%81%BF%E3%81%9A" n1="%4A%4F%4B%45%52%52%52%52" n2="%E3%81%A4%E3%81%AE%E3%81%A0%E2%98%86%E3%81%B2%E3%82%8D" n3="%E3%81%AF%E3%82%88%E3%81%8A%E3%81%98%E3%81%95%E3%82%93" dan="17,16,16,17" rate="2264.59,2174.65,2165.36,2163.97" sx="M,M,M,M"/><TAIKYOKU oya="0"/><INIT seed="0,0,0,5,4,33" ten="250,250,250,250" oya="0" hai0="92,52,115,36,67,57,9,128,47,123,38,56,121" hai1="26,107,119,60,96,125,83,73,53,120,19,90,49" hai2="110,37,58,133,54,55,17,78,97,105,27,111,85" hai3="112,50,24,14,62,1,81,117,127,118,70,13,40"/><T30/><D30/><U77/><E119/><V0/><F37/><N who="0" m="14442" /><D92/><U132/><E120/><N who="0" m="46153" /><D9/><U4/><E125/><V7/><F133/><W114/><G127/><T43/><D115/><U129/><E4/><V51/><F55/><W99/><G99/><T6/><D6/><U65/><E132/><V135/><F135/><W2/><G24/><T113/><D113/><U95/><E107/><V108/><F78/><W63/><G81/><T5/><D5/><U126/><E126/><V21/><F85/><W31/><G31/><T102/><D102/><U104/><E104/><V134/><F134/><W84/><G84/><T29/><D29/><U39/><E19/><V25/><F25/><W18/><G18/><T100/><D100/><U41/><E26/><V22/><F22/><W94/><G94/><T15/><D15/><U116/><E83/><V91/><F105/><W124/><G124/><T101/><D101/><U66/><E77/><V86/><F97/><W88/><G88/><T16/><D16/><U23/><E73/><V12/><F27/><W109/><G13/><T75/><D75/><U79/><E23/><V106/><F106/><W11/><G14/><T35/><D35/><U48/><E79/><V42/><F7/><W82/><G82/><T8/><D8/><U32/><E32/><V71/><F21/><W64/><G11/><T122/><N who="0" m="46161" /><T89/><DORA hai="69" /><D89/><U44/><E90/><V10/><F91/><W3/><G114/><T87/><D87/><U131/><E96/><V45/><F86/><W68/><G112/><T76/><D76/><U59/><E95/><RYUUKYOKU ba="0,0" sc="250,0,250,0,250,0,250,0" /><INIT seed="1,1,0,2,1,113" ten="250,250,250,250" oya="1" hai0="103,82,15,0,57,70,78,114,43,84,52,118,13" hai1="130,97,90,115,125,50,95,12,34,83,64,30,99" hai2="22,81,87,122,102,101,33,75,126,7,11,38,56" hai3="49,100,69,61,127,47,29,67,48,92,131,35,98"/><U135/><E115/><V133/><F122/><W24/><G127/><T124/><D114/><U46/><E125/><V72/><F33/><W65/><G131/><T88/><D0/><U89/><E130/><V109/><F38/><W2/><G2/><T18/><D70/><U108/><E108/><V3/><F126/><W17/><G67/><T96/><D124/><U129/><E129/><V123/><F123/><W120/><G120/><T119/><D43/><U121/><E121/><V41/><F41/><W112/><G112/><T79/><D79/><U85/><E64/><V28/><F109/><W5/><G5/><T16/><D78/><U73/><E73/><V10/><F10/><W63/><G63/><T77/><D77/><U68/><E68/><V128/><F128/><W44/><G17/><T134/><D134/><U55/><E135/><V21/><F75/><W1/><G1/><T86/><D86/><U80/><E30/><V39/><F39/><W6/><G6/><T105/><D13/><U59/><E34/><V36/><F36/><W32/><G35/><T71/><D71/><U14/><E83/><V117/><F72/><W58/><G69/><T60/><D18/><U106/><E46/><V8/><F133/><W110/><G110/><T40/><D40/><U62/><E62/><V25/><F28/><W51/><AGARI ba="1,0" hai="24,29,32,44,47,48,49,51,58,61,65,92,98,100" machi="51" ten="30,1100,0" yaku="0,1" doraHai="113" who="3" fromWho="3" sc="250,-4,250,-6,250,-4,250,14" /><INIT seed="2,0,0,0,1,15" ten="246,244,246,264" oya="2" hai0="90,28,129,131,13,133,55,52,98,65,88,47,32" hai1="20,82,105,16,123,0,115,112,19,29,83,80,119" hai2="81,67,68,4,50,76,99,57,126,79,70,77,92" hai3="34,134,84,22,97,35,74,116,37,1,58,8,113"/><V101/><F126/><W17/><G74/><T109/><D109/><U66/><E119/><V132/><F132/><W128/><G37/><T71/><D133/><U43/><E0/><V54/><F4/><W111/><G134/><T26/><D71/><U106/><E123/><V41/><F81/><W60/><G116/><T24/><D65/><U39/><E66/><V130/><F130/><N who="0" m="49674" /><D24/><U14/><E29/><V48/><REACH who="2" step="1"/><F67/><REACH who="2" ten="246,244,236,264" step="2"/><W2/><G128/><T89/><D98/><U42/><E112/><V3/><F3/><W63/><G1/><T51/><D13/><U96/><E115/><V64/><F64/><W21/><G2/><T69/><D69/><U120/><E96/><V62/><F62/><W36/><G60/><T7/><D7/><U40/><E120/><V30/><F30/><W110/><G63/><T121/><D121/><U135/><E135/><V102/><F102/><W127/><G97/><T18/><D18/><U12/><REACH who="1" step="1"/><E39/><REACH who="1" ten="246,234,236,264" step="2"/><V124/><F124/><W44/><G36/><T94/><D94/><U100/><E100/><V125/><F125/><W45/><G127/><T86/><D86/><U118/><E118/><V78/><N who="2" m="19456" /><DORA hai="31" /><V122/><F122/><W72/><G84/><T46/><D51/><U33/><E33/><V75/><F75/><W117/><G72/><T91/><N who="0" m="22528" /><DORA hai="85" /><T25/><D32/><U49/><E49/><V103/><F103/><W6/><G35/><T93/><D93/><U56/><E56/><V114/><F114/><W95/><G34/><T53/><D28/><U87/><E87/><V59/><F59/><W107/><G58/><RYUUKYOKU ba="0,2" sc="246,10,234,10,236,10,264,-30" hai0="25,26,46,47,52,53,55" hai1="12,14,16,19,20,40,42,43,80,82,83,105,106" hai2="41,48,50,54,57,68,70,92,99,101" /><INIT seed="2,1,2,5,3,112" ten="256,244,246,234" oya="2" hai0="74,26,123,31,94,63,79,104,69,78,13,39,8" hai1="109,55,47,41,110,92,49,22,131,9,40,67,23" hai2="68,2,83,16,72,135,106,86,93,75,120,0,38" hai3="24,103,27,97,87,10,80,111,32,116,82,61,126"/><V52/><F38/><W29/><G116/><T60/><D104/><U5/><E67/><V132/><F68/><W14/><G111/><N who="1" m="42506" /><E92/><V6/><F106/><W48/><G126/><T118/><D123/><U71/><E71/><V1/><F6/><W114/><G114/><T15/><D39/><U121/><E131/><V122/><F93/><W84/><G27/><T4/><D118/><U42/><E121/><V19/><F86/><W59/><G48/><T56/><D74/><U45/><E45/><V101/><F101/><W21/><G32/><T113/><D113/><U43/><N who="1" m="10240" /><DORA hai="129" /><U66/><E66/><V90/><F90/><W58/><G58/><T37/><D37/><U77/><E77/><V35/><F35/><W99/><G84/><T54/><D94/><U51/><E51/><V85/><F85/><W64/><G103/><T102/><D102/><U96/><E96/><N who="3" m="36938" /><G87/><T119/><D119/><U100/><E100/><V3/><F3/><AGARI ba="1,2" hai="3,5,9,22,23,47,49,55" m="10240,42506" machi="3" ten="40,1300,0" yaku="14,1" doraHai="112,129" who="1" fromWho="2" sc="256,0,244,36,246,-16,234,0" /><INIT seed="3,0,0,5,5,65" ten="256,280,230,234" oya="3" hai0="132,25,119,18,98,52,91,69,46,27,45,66,56" hai1="127,121,26,48,102,115,12,103,118,6,111,87,108" hai2="51,21,79,14,101,2,97,122,105,47,50,84,8" hai3="30,86,32,135,74,95,44,78,5,40,58,60,31"/><W49/><G135/><T107/><D119/><U9/><E121/><V88/><F122/><W54/><G32/><T67/><D132/><U11/><E115/><V0/><F21/><W83/><G74/><T77/><D77/><U63/><E127/><V89/><F79/><W133/><G133/><T112/><D112/><U106/><E106/><BYE who="1" /><V28/><F28/><W64/><G5/><UN n1="%4A%4F%4B%45%52%52%52%52" /><T10/><D69/><U55/><E63/><V99/><F99/><W71/><REACH who="3" step="1"/><G95/><REACH who="3" ten="256,280,230,224" step="2"/><N who="0" m="56703" /><D107/><U68/><E118/><V70/><F2/><W35/><G35/><T39/><D39/><AGARI ba="0,1" hai="30,31,39,40,44,49,54,58,60,64,71,78,83,86" machi="39" ten="30,12000,1" yaku="1,1,7,1,24,2,52,1,53,0" doraHai="65" doraHaiUra="131" who="3" fromWho="0" sc="256,-120,280,0,230,0,224,130" owari="136,-36.4,280,8.0,230,-17.0,354,45.4" /></mjloggm>