<mjloggm ver="2.3"><GO type="225" lobby="0"/><UN n0="%E3%81%BF%E3%81%BF%E3%81%9A" n1="%E3%81%8B%E3%82%8F%E3%81%A1%E3%82%83%E3%82%93%35%38" n2="%E6%97%A5%E6%9B%9C%E6%97%A5%E3%82%88%E3%82%8A%E3%81%AE%E4%BD%BF%E8%80%85" n3="%E3%83%96%E3%83%83%E3%83%91%E3%82%AA%E3%83%96%E3%83%81%E3%82%AD%E3%83%B3" dan="17,16,17,16" rate="2189.39,2166.64,2194.57,2201.18" sx="M,M,M,M"/><TAIKYOKU oya="0"/><INIT seed="0,0,0,4,1,47" ten="250,250,250,250" oya="0" hai0="9,41,22,52,49,79,60,78,103,57,63,91,20" hai1="53,85,109,12,102,96,133,107,40,4,106,33,17" hai2="92,97,74,37,24,25,75,86,54,125,131,64,18" hai3="1,10,2,98,124,72,65,115,36,42,108,122,66"/><T58/><D103/><U48/><E109/><V105/><F37/><W132/><G115/><T90/><D41/><U11/><E133/><V93/><F105/><W126/><G72/><T114/><D114/><U8/><E33/><V59/><F125/><N who="3" m="48235" /><G108/><T34/><D34/><U7/><E40/><V100/><F131/><W130/><G132/><T46/><D9/><U110/><E110/><V116/><F116/><W99/><G130/><T83/><D46/><U29/><E29/><V62/><F75/><W134/><G134/><T104/><D104/><U95/><E85/><V71/><F74/><W35/><G35/><T67/><D60/><U43/><E17/><V28/><F18/><W31/><G31/><T76/><REACH who="0" step="1"/><D83/><REACH who="0" ten="240,250,250,250" step="2"/><U112/><E43/><V50/><REACH who="2" step="1"/><F28/><REACH who="2" ten="240,250,240,250" step="2"/><W0/><G36/><T111/><D111/><U51/><E112/><V23/><F23/><AGARI ba="0,2" hai="20,22,23,49,52,57,58,63,67,76,78,79,90,91" machi="23" ten="40,12000,1" yaku="1,1,8,1,52,1,54,1,53,0" doraHai="47" doraHaiUra="15" who="0" fromWho="2" sc="240,140,250,0,240,-120,250,0" /><BYE who="1" /><INIT seed="0,1,0,3,2,134" ten="380,250,120,250" oya="0" hai0="2,73,93,39,57,95,87,13,113,123,122,21,40" hai1="102,3,54,109,48,130,53,132,17,45,30,43,94" hai2="85,52,18,63,106,120,69,127,61,68,11,107,60" hai3="42,4,82,20,37,36,112,67,56,119,111,55,27"/><T51/><D113/><U8/><E8/><V5/><F120/><W84/><G119/><UN n1="%E3%81%8B%E3%82%8F%E3%81%A1%E3%82%83%E3%82%93%35%38" /><T58/><D73/><U108/><E3/><V1/><F127/><W133/><G112/><T116/><D2/><U32/><E132/><V89/><F18/><W70/><G133/><T16/><D116/><U19/><E130/><V129/><F129/><W46/><G111/><N who="1" m="42570" /><E30/><V115/><F115/><W96/><G37/><T126/><D39/><U110/><E32/><V98/><F98/><W74/><G74/><T23/><D126/><U62/><E110/><V124/><F124/><W31/><G4/><T38/><D38/><U29/><E29/><V79/><F79/><W28/><G28/><T118/><D118/><U83/><E83/><V97/><F97/><W15/><G15/><T80/><D122/><U117/><E117/><V59/><F69/><W47/><G47/><N who="0" m="26087" /><D23/><U72/><E72/><V90/><F90/><W88/><G96/><T50/><D123/><U22/><E43/><V9/><F9/><W64/><REACH who="3" step="1"/><G70/><REACH who="3" ten="380,250,120,240" step="2"/><T34/><D34/><U71/><E71/><V24/><F68/><W104/><G104/><T26/><D13/><U10/><E45/><V103/><F24/><W14/><G14/><T41/><D41/><U35/><E35/><V49/><REACH who="2" step="1"/><F103/><REACH who="2" ten="380,250,110,240" step="2"/><W86/><G86/><T92/><D87/><U6/><E102/><V75/><F75/><W76/><G76/><T101/><D101/><U25/><E25/><V131/><F131/><W44/><G44/><T91/><D91/><U66/><E6/><V78/><F78/><W121/><G121/><T128/><D26/><RYUUKYOKU ba="1,2" sc="380,-15,250,-15,110,15,240,15" hai2="1,5,11,49,52,59,60,61,63,85,89,106,107" hai3="20,27,31,36,42,46,55,56,64,67,82,84,88" /><INIT seed="1,2,2,2,1,18" ten="365,235,125,255" oya="1" hai0="114,87,78,33,25,52,13,82,97,121,21,48,40" hai1="12,127,8,111,99,62,108,17,0,90,15,83,44" hai2="115,73,102,28,130,86,41,132,22,20,129,57,93" hai3="75,49,134,88,30,80,120,100,124,39,23,50,109"/><U47/><E0/><V45/><F73/><W9/><G120/><T42/><D114/><U107/><E127/><V51/><F115/><W53/><G39/><T11/><D33/><U66/><E83/><V31/><F132/><W117/><G124/><T35/><D35/><U29/><E29/><N who="2" m="11339" /><F57/><W79/><G134/><T116/><D97/><U71/><E90/><N who="2" m="53463" /><F102/><W72/><G109/><N who="1" m="42058" /><E15/><V103/><F103/><AGARI ba="2,2" hai="8,12,17,44,47,62,66,71,99,103,107" m="42058" machi="103" ten="30,2900,0" yaku="14,1,10,1" doraHai="18" who="1" fromWho="2" sc="365,0,235,55,125,-35,255,0" /><INIT seed="1,3,0,0,3,100" ten="365,290,90,255" oya="1" hai0="14,75,122,68,15,77,101,23,42,44,35,30,108" hai1="120,89,118,82,43,74,18,134,78,69,121,51,47" hai2="50,132,12,25,17,56,102,70,65,0,87,37,97" hai3="109,53,38,113,59,24,119,91,9,22,26,8,72"/><U85/><E118/><V131/><F37/><W4/><G113/><T129/><D68/><U40/><E134/><V63/><F0/><W114/><G114/><T29/><D35/><U10/><E69/><V84/><F132/><W60/><G119/><T66/><D66/><U19/><E43/><V21/><F131/><W94/><G109/><T7/><D108/><U71/><E71/><V98/><F98/><W11/><G38/><T104/><D129/><U45/><E45/><V135/><F135/><W117/><G72/><T16/><D122/><U27/><E18/><V123/><F123/><W90/><G117/><T96/><D77/><U107/><E107/><V99/><F99/><W3/><G26/><T31/><D75/><U88/><E89/><V95/><F70/><W106/><G106/><T115/><D115/><U111/><E111/><V126/><F126/><W105/><G105/><T5/><REACH who="0" step="1"/><D14/><REACH who="0" ten="355,290,90,255" step="2"/><U127/><E127/><V62/><F62/><W1/><G1/><T48/><AGARI ba="3,1" hai="5,7,15,16,23,29,30,31,42,44,48,96,101,104" machi="48" ten="30,8000,1" yaku="1,1,2,1,0,1,52,1,54,1,53,0" doraHai="100" doraHaiUra="128" who="0" fromWho="0" sc="355,99,290,-43,90,-23,255,-23" /><INIT seed="2,0,0,2,5,123" ten="454,247,67,232" oya="2" hai0="110,93,5,21,69,63,57,77,95,12,99,20,55" hai1="86,81,53,74,15,75,117,37,3,54,103,129,33" hai2="67,48,89,97,65,64,10,100,13,38,1,32,115" hai3="121,73,101,16,51,49,133,58,59,14,18,29,135"/><V92/><F38/><W30/><G121/><T78/><D110/><U105/><E3/><V26/><F115/><W106/><G73/><T19/><D69/><U35/><E37/><V82/><F1/><W36/><G36/><T84/><D5/><U34/><E117/><V22/><F32/><W79/><G79/><T31/><D84/><U60/><E129/><V102/><F48/><W66/><G101/><N who="0" m="60655" /><D95/><U27/><E27/><AGARI ba="0,0" hai="12,19,20,21,27,31,55,57,63,77,78" m="60655" machi="27" ten="30,1000,0" yaku="8,1" doraHai="123" who="0" fromWho="1" sc="454,10,247,-10,67,0,232,0" /><INIT seed="3,0,0,0,1,18" ten="464,237,67,232" oya="3" hai0="123,24,65,52,116,21,77,87,99,103,95,20,8" hai1="129,111,27,102,92,36,49,62,98,83,48,134,69" hai2="121,79,88,12,46,50,80,74,110,72,128,114,81" hai3="85,68,55,107,45,100,96,41,44,37,118,2,34"/><W4/><G118/><T35/><D123/><U106/><E36/><V64/><F114/><W117/><G117/><T38/><D35/><U76/><E111/><V133/><F110/><W56/><G68/><T127/><D38/><U29/><E92/><V112/><F112/><W104/><G34/><T1/><D116/><U15/><E15/><V60/><F121/><W0/><G107/><T26/><D65/><N who="1" m="41143" /><E134/><V32/><F133/><W90/><G45/><T135/><D127/><U97/><E97/><V47/><F128/><W109/><G4/><T54/><D8/><U13/><E13/><V10/><F32/><W93/><REACH who="3" step="1"/><G109/><REACH who="3" ten="464,237,67,222" step="2"/><T125/><D135/><U43/><E43/><V19/><F50/><AGARI ba="0,1" hai="0,2,37,41,44,50,55,56,85,90,93,96,100,104" machi="50" ten="30,5800,0" yaku="1,1,2,1,7,1,53,0" doraHai="18" doraHaiUra="122" who="3" fromWho="2" sc="464,0,237,0,67,-58,222,68" /><INIT seed="3,1,0,2,1,81" ten="464,237,9,290" oya="3" hai0="69,119,10,46,67,27,105,20,101,111,132,108,135" hai1="63,42,82,125,59,75,116,15,29,30,53,36,80" hai2="84,83,123,117,9,33,72,4,0,92,64,12,13" hai3="32,38,100,14,54,134,57,73,19,35,24,28,93"/><W114/><G114/><T110/><D119/><U39/><E125/><V128/><F64/><W87/><G73/><T18/><D46/><U94/><E116/><V50/><F50/><W124/><G124/><T106/><D10/><U48/><E39/><V76/><F13/><W6/><G134/><N who="0" m="51243" /><D101/><U98/><E36/><V11/><F12/><W133/><G133/><T85/><D85/><U103/><E75/><V16/><F16/><W99/><G38/><T34/><D34/><U118/><E118/><V115/><F11/><W3/><G35/><T55/><D55/><U5/><E80/><V56/><F56/><W23/><G6/><T37/><D37/><U45/><REACH who="1" step="1"/><E82/><REACH who="1" ten="464,227,9,290" step="2"/><V95/><F117/><W78/><G3/><T41/><D41/><U112/><E112/><V49/><F115/><W77/><REACH who="3" step="1"/><G87/><REACH who="3" ten="464,227,9,280" step="2"/><T2/><D2/><U74/><E74/><V130/><F0/><W97/><G97/><T86/><D86/><U7/><E7/><V66/><F4/><W21/><G21/><T129/><D110/><U70/><E70/><V61/><F84/><W68/><G68/><T121/><D108/><U60/><E60/><AGARI ba="1,2" hai="14,19,23,24,28,32,54,57,60,77,78,93,99,100" machi="60" ten="30,2900,0" yaku="1,1,7,1,53,0" doraHai="81" doraHaiUra="65" who="3" fromWho="1" sc="464,0,227,-32,9,0,280,52" /><INIT seed="3,2,0,5,3,11" ten="464,195,9,332" oya="3" hai0="87,25,44,76,22,42,67,135,104,131,109,112,37" hai1="65,121,130,85,12,92,40,1,78,124,49,101,116" hai2="31,39,26,18,28,117,80,63,61,107,120,96,50" hai3="48,66,95,45,129,99,64,111,58,127,51,23,4"/><W34/><G34/><T79/><D104/><U83/><E124/><V93/><F39/><W123/><G123/><T59/><D131/><U30/><E130/><V60/><F107/><W17/><G129/><T81/><D135/><U90/><E116/><V56/><F120/><W54/><G127/><T106/><D106/><U134/><E1/><V72/><F72/><W133/><G4/><T114/><D109/><U119/><E134/><V71/><F71/><W125/><G111/><T14/><D14/><U6/><E121/><V57/><F117/><W73/><G73/><T98/><D98/><U19/><E119/><V97/><F18/><W38/><G38/><T7/><D7/><U41/><E6/><V29/><F80/><W3/><G3/><T36/><D36/><U10/><E30/><V70/><F70/><W69/><G69/><T75/><D59/><U126/><E126/><V20/><F50/><W88/><G133/><T91/><D67/><U102/><E65/><V89/><F89/><W33/><G33/><T103/><D103/><U47/><REACH who="1" step="1"/><E40/><REACH who="1" ten="464,185,9,332" step="2"/><V74/><F74/><W68/><G125/><T113/><D75/><U46/><E46/><V2/><F2/><W105/><G68/><T100/><D100/><U43/><E43/><V128/><F128/><W55/><REACH who="3" step="1"/><G105/><REACH who="3" ten="464,185,9,322" step="2"/><T5/><D5/><U27/><E27/><AGARI ba="2,2" hai="17,23,27,45,48,51,54,55,58,64,66,88,95,99" machi="27" ten="30,12000,1" yaku="1,1,2,1,7,1,8,1,54,1,53,0" doraHai="11" doraHaiUra="118" who="3" fromWho="1" sc="464,0,185,-126,9,0,322,146" owari="464,26.4,59,-34.1,9,-49.1,468,56.8" /></mjloggm>