<mjloggm ver="2.3"><GO type="225" lobby="0"/><UN n0="%43%68%65" n1="%E3%83%A2%E3%83%B3%E3%82%AD%E3%83%BC%E3%83%88%E3%83%AA%E3%83%83%E3%82%AF" n2="%E3%83%A9%E3%82%B9%E7%8E%87%EF%BC%93%E5%89%B2" n3="%E6%98%93%E5%88%A9%E8%96%A9%E4%BC%AF" dan="16,16,16,17" rate="2159.23,2150.71,2221.28,2171.05" sx="M,M,F,F"/><TAIKYOKU oya="0"/><INIT seed="0,0,0,1,5,20" ten="250,250,250,250" oya="0" hai0="106,123,80,92,101,48,131,81,82,39,116,114,111" hai1="21,87,49,108,34,78,1,118,132,55,29,76,42" hai2="3,46,15,67,32,8,127,107,30,84,94,0,9" hai3="133,105,62,50,85,124,135,99,41,27,6,60,25"/><T130/><D39/><U12/><E1/><N who="2" m="587" /><F94/><W13/><G124/><T103/><D48/><U71/><E71/><V109/><F84/><W26/><G85/><T104/><D116/><U102/><E118/><V90/><F90/><W36/><G36/><T115/><D123/><U31/><E34/><V86/><F67/><W23/><G6/><T70/><D70/><U14/><E108/><V24/><F46/><N who="3" m="25935" /><G13/><T33/><D33/><U83/><E42/><V91/><F91/><W68/><G23/><T79/><D79/><U37/><E37/><V10/><F86/><W77/><G77/><T100/><D92/><U16/><E132/><N who="3" m="50762" /><G68/><T17/><D17/><N who="1" m="10423" /><E78/><V40/><F40/><W52/><G52/><T93/><D93/><U22/><E102/><AGARI ba="0,0" hai="25,26,27,60,62,99,102,105" m="50762,25935" machi="102" ten="30,7700,0" yaku="20,1,52,3" doraHai="20" who="3" fromWho="1" sc="250,0,250,-77,250,0,250,77" /><INIT seed="1,0,0,5,3,103" ten="250,173,250,327" oya="1" hai0="55,68,120,1,22,94,5,63,118,129,85,16,23" hai1="122,90,13,35,91,100,26,116,115,112,84,89,41" hai2="95,34,8,45,124,114,117,133,61,42,58,134,27" hai3="36,29,77,49,87,33,88,66,9,19,7,56,93"/><U60/><E122/><V107/><F95/><W132/><G36/><T54/><D118/><U101/><E116/><V81/><F81/><W72/><G132/><N who="2" m="50793" /><F8/><W48/><G19/><T11/><D120/><U18/><E41/><V38/><F27/><W6/><G72/><T76/><D129/><U64/><E84/><V102/><F34/><W110/><G110/><T75/><D75/><U20/><E112/><V0/><F0/><W82/><G7/><T106/><D106/><U30/><REACH who="1" step="1"/><E115/><REACH who="1" ten="250,163,250,327" step="2"/><V127/><F114/><W69/><G87/><T113/><D113/><U96/><E96/><N who="2" m="61895" /><F117/><W37/><G37/><T15/><D85/><U51/><E51/><V44/><F44/><W130/><G49/><T109/><D109/><U47/><E47/><V92/><F92/><W10/><G48/><T17/><D94/><U12/><E12/><V74/><F74/><W32/><G93/><T86/><D86/><U98/><E98/><V83/><F83/><W28/><G82/><T71/><D76/><U121/><E121/><V53/><AGARI ba="0,1" hai="38,42,45,53,58,61,124,127" m="61895,50793" machi="53" ten="30,2000,0" yaku="20,1,52,1" doraHai="103" who="2" fromWho="2" sc="250,-5,163,-10,250,30,327,-5" /><INIT seed="2,0,0,4,1,66" ten="245,153,280,322" oya="2" hai0="131,116,132,72,59,50,77,19,30,85,133,20,95" hai1="41,8,28,29,127,81,48,6,43,76,67,90,57" hai2="87,79,128,73,101,91,61,93,119,55,83,47,100" hai3="70,58,124,40,44,10,32,75,86,107,54,125,120"/><V56/><F119/><W35/><G75/><T49/><D116/><U7/><E127/><N who="3" m="48714" /><G107/><T74/><D131/><U115/><E115/><V108/><F128/><W111/><G111/><T98/><D30/><U110/><E110/><V60/><F108/><W42/><G70/><T12/><D85/><U99/><E6/><V130/><F130/><W105/><G105/><T114/><D114/><U78/><E78/><V15/><F47/><W5/><G86/><T38/><D38/><U88/><E90/><V65/><REACH who="2" step="1"/><F15/><REACH who="2" ten="245,153,270,322" step="2"/><N who="3" m="5583" /><G120/><T27/><D12/><N who="1" m="5151" /><E43/><N who="3" m="16426" /><G44/><T104/><D133/><U13/><E41/><V36/><F36/><W96/><G96/><T122/><D98/><U51/><E13/><V129/><F129/><W106/><G106/><T16/><D104/><U94/><E76/><V4/><F4/><W33/><G33/><T52/><D77/><U80/><E80/><V17/><F17/><W45/><G45/><T37/><D19/><U31/><E81/><V25/><F25/><W1/><G1/><T24/><D24/><U92/><E92/><V113/><F113/><W22/><G22/><T69/><D95/><U26/><E26/><V9/><F9/><W121/><G121/><T135/><D122/><U84/><E99/><V89/><F89/><W63/><AGARI ba="0,1" hai="32,35,54,58,63" m="16426,5583,48714" machi="63" ten="30,1100,0" yaku="18,1" doraHai="66" who="3" fromWho="3" sc="245,-3,153,-3,270,-5,322,21" /><INIT seed="3,0,0,0,0,90" ten="242,150,265,343" oya="3" hai0="98,103,49,126,133,132,41,121,36,87,48,61,6" hai1="55,88,51,31,21,4,29,69,96,85,130,11,10" hai2="39,35,65,3,64,72,74,95,40,62,33,9,27" hai3="119,68,76,66,0,17,16,80,129,59,5,118,53"/><W46/><G129/><T12/><D121/><U70/><E130/><V30/><F95/><W50/><G68/><T26/><D126/><U20/><E96/><V71/><F65/><W127/><G127/><T60/><D26/><U100/><E100/><V7/><F35/><W91/><G91/><T108/><D108/><U54/><E4/><V135/><F135/><N who="0" m="51786" /><D87/><U113/><E113/><V77/><F77/><W97/><G97/><T38/><D12/><U42/><E42/><V2/><F2/><W107/><G107/><N who="0" m="63991" /><D6/><U115/><E115/><V58/><F58/><W22/><G66/><T99/><D99/><U112/><E112/><V114/><F114/><W1/><G46/><AGARI ba="0,0" hai="3,7,9,27,30,33,39,40,46,62,64,71,72,74" machi="46" ten="40,5200,0" yaku="33,3" doraHai="90" who="2" fromWho="3" sc="242,0,150,0,265,52,343,-52" owari="242,-15.8,150,-35.0,317,41.7,291,9.1" /></mjloggm>