<mjloggm ver="2.3"><GO type="225" lobby="0"/><UN n0="%E3%83%B4%E3%83%A0%EF%BC%99%E3%81%A6" n1="%E7%B4%94%E6%BD%94%E3%83%94%E3%83%A9%E3%83%8B%E3%82%A2" n2="%E3%82%AF%E3%82%A3%E3%82%A6" n3="%E4%BF%BA%E3%81%A8%E5%A6%96%E5%A4%A2" dan="16,16,16,16" rate="2148.51,2142.71,2050.76,2167.41" sx="M,M,M,F"/><TAIKYOKU oya="0"/><INIT seed="0,0,0,2,3,59" ten="250,250,250,250" oya="0" hai0="122,4,39,2,55,78,97,116,20,123,47,17,102" hai1="93,129,68,88,86,115,32,80,79,12,6,83,40" hai2="85,0,81,70,106,65,104,92,75,72,120,53,107" hai3="18,21,77,44,74,119,63,109,112,7,128,99,10"/><T25/><D116/><U73/><E32/><V131/><F53/><W54/><G119/><T132/><D132/><U95/><E129/><V103/><F0/><W76/><G112/><T5/><D78/><U124/><E124/><V61/><F120/><W28/><G128/><T113/><D113/><U82/><E68/><V26/><F131/><W36/><G109/><T110/><D110/><U117/><E117/><V1/><F1/><W23/><G28/><T48/><D39/><U19/><E6/><V101/><F26/><W52/><G74/><T11/><REACH who="0" step="1"/><D4/><REACH who="0" ten="240,250,250,250" step="2"/><U14/><E115/><V94/><F72/><W38/><G77/><T118/><D118/><U9/><E73/><V71/><F75/><W3/><G76/><T108/><D108/><U126/><E79/><V89/><REACH who="2" step="1"/><F71/><REACH who="2" ten="240,250,240,250" step="2"/><W90/><G3/><T114/><D114/><U8/><E126/><V135/><F135/><W62/><G7/><T45/><D45/><U134/><E134/><V50/><F50/><W96/><G44/><T46/><D46/><U125/><E125/><V22/><F22/><W91/><REACH who="3" step="1"/><G10/><REACH who="3" ten="240,250,240,240" step="2"/><T130/><D130/><U29/><E8/><V16/><F16/><AGARI ba="0,3" hai="16,18,21,23,36,38,52,54,62,63,90,91,96,99" machi="16" ten="25,16000,3" yaku="1,1,2,1,22,2,52,2,54,2,53,0" doraHai="59" doraHaiUra="98" who="3" fromWho="2" sc="240,0,250,0,240,-160,240,190" /><INIT seed="1,0,0,0,4,43" ten="240,250,80,430" oya="1" hai0="74,76,67,60,63,46,113,124,35,28,64,119,77" hai1="11,34,4,121,75,135,90,87,91,115,2,122,105" hai2="83,53,37,111,132,133,117,33,31,97,36,92,125" hai3="9,55,109,65,26,27,18,12,42,107,88,130,73"/><U89/><E115/><V95/><F117/><W70/><G107/><T57/><D113/><U48/><E75/><V112/><F112/><W39/><G73/><T40/><D119/><U86/><E105/><V30/><F111/><W22/><G109/><T10/><D124/><U17/><E135/><N who="2" m="51787" /><F125/><W129/><G65/><T62/><D74/><U51/><E34/><V6/><F6/><W101/><G70/><T96/><D96/><U56/><E17/><V32/><F83/><W54/><G101/><T24/><D10/><U20/><E20/><V38/><F53/><W29/><G27/><T110/><D110/><U49/><REACH who="1" step="1"/><E56/><REACH who="1" ten="240,240,80,430" step="2"/><V103/><F92/><W93/><G129/><T82/><D64/><U23/><E23/><V14/><F33/><W25/><G130/><T126/><D126/><U61/><E61/><V104/><F32/><W100/><G22/><T16/><D16/><U21/><E21/><V44/><F104/><W19/><G18/><T85/><D62/><U78/><E78/><V7/><F7/><W69/><G19/><T84/><D60/><U8/><E8/><V134/><N who="2" m="51795" /><V123/><DORA hai="131" /><F123/><AGARI ba="0,1" hai="2,4,11,48,49,51,86,87,89,90,91,121,122,123" machi="123" ten="50,4800,0" yaku="1,1,53,1" doraHai="43,131" doraHaiUra="59,1" who="1" fromWho="2" sc="240,0,240,58,80,-48,430,0" /><INIT seed="1,1,0,1,2,51" ten="240,298,32,430" oya="1" hai0="56,81,73,82,33,130,3,111,16,5,12,72,98" hai1="6,61,85,102,11,88,127,69,68,7,92,75,124" hai2="113,37,20,116,135,74,125,45,46,106,26,83,59" hai3="110,24,22,32,48,96,40,44,23,65,18,121,66"/><U118/><E75/><V27/><F116/><W55/><G121/><T114/><D114/><U131/><E118/><V126/><F135/><W104/><G32/><T94/><D33/><U28/><E131/><V63/><F113/><W36/><G110/><T117/><D117/><U86/><E28/><V17/><F106/><W53/><G104/><T103/><D111/><U129/><E129/><V35/><F37/><W21/><G96/><T128/><D128/><U13/><E7/><V95/><F95/><W84/><G84/><T132/><D130/><U71/><E86/><V119/><F119/><W47/><REACH who="3" step="1"/><G53/><REACH who="3" ten="240,298,32,420" step="2"/><T10/><D132/><U120/><E120/><V134/><F134/><W4/><G4/><T34/><D34/><U52/><REACH who="1" step="1"/><E102/><REACH who="1" ten="240,288,32,420" step="2"/><V109/><F109/><W31/><G31/><T14/><D72/><U133/><E133/><V115/><F115/><W108/><G108/><T0/><D73/><U100/><E100/><V112/><F112/><W77/><G77/><T8/><D103/><U58/><AGARI ba="1,2" hai="6,11,13,52,58,61,68,69,71,85,88,92,124,127" machi="58" ten="40,12000,1" yaku="1,1,0,1,52,1,54,2,53,0" doraHai="51" doraHaiUra="41" who="1" fromWho="1" sc="240,-41,288,143,32,-41,420,-41" owari="199,-20.1,431,53.1,-9,-50.9,379,17.9" /></mjloggm>