<mjloggm ver="2.3"><GO type="225" lobby="0"/><UN n0="%E3%81%BE%E3%81%A8%E3%81%9F" n1="%E3%83%B4%E3%83%A0%EF%BC%99%E3%81%A6" n2="%E5%91%A8%E6%9D%B1" n3="%54%4F%52" dan="16,16,16,16" rate="2096.07,2142.47,2133.41,2138.62" sx="M,M,M,M"/><TAIKYOKU oya="0"/><INIT seed="0,0,0,5,1,95" ten="250,250,250,250" oya="0" hai0="131,92,68,41,19,9,94,113,28,14,69,38,35" hai1="59,96,47,17,130,3,73,77,100,7,48,42,10" hai2="54,61,11,117,106,97,74,76,64,75,133,13,30" hai3="39,115,0,89,46,52,135,72,24,65,93,5,84"/><T71/><D113/><U127/><E127/><V25/><F117/><W105/><G115/><T60/><D131/><U108/><E130/><V122/><F122/><W109/><G109/><T86/><D60/><U63/><E108/><V67/><F133/><W116/><G116/><T83/><D28/><U128/><E128/><V34/><F54/><W15/><G135/><T120/><D35/><U43/><E43/><V82/><F75/><W101/><G72/><T22/><D120/><U66/><E73/><V91/><F61/><W123/><G65/><T111/><D111/><U104/><E77/><V4/><REACH who="2" step="1"/><F91/><REACH who="2" ten="250,250,240,250" step="2"/><W107/><G52/><T2/><D41/><U18/><AGARI ba="0,1" hai="3,7,10,17,18,42,47,48,59,63,66,96,100,104" machi="18" ten="30,2000,0" yaku="0,1,52,1" doraHai="95" who="1" fromWho="1" sc="250,-10,250,30,240,-5,250,-5" /><INIT seed="1,0,0,5,0,110" ten="240,280,235,245" oya="1" hai0="73,18,12,89,113,133,4,2,69,99,62,54,77" hai1="64,66,124,60,1,96,14,34,80,135,26,94,79" hai2="22,104,101,40,5,17,3,100,82,19,42,81,30" hai3="102,59,123,31,46,114,21,85,103,10,45,58,84"/><U32/><E1/><V78/><F30/><W37/><G123/><T127/><D127/><U106/><E124/><V128/><F128/><W109/><G109/><T71/><D4/><U39/><E39/><V117/><F117/><W36/><G31/><T33/><D2/><U88/><E135/><V120/><F120/><W27/><G21/><T83/><D33/><U131/><E131/><V49/><F104/><W92/><G27/><T72/><D72/><U107/><E14/><V105/><F105/><W44/><G44/><T0/><D0/><U25/><E32/><V67/><F67/><W15/><G92/><T112/><D133/><U57/><E66/><V130/><F130/><W51/><G51/><T87/><D99/><U38/><E38/><V118/><F118/><W28/><G28/><T47/><D47/><U68/><E68/><V111/><F111/><W86/><G86/><T70/><D54/><U48/><E48/><V16/><F22/><W13/><REACH who="3" step="1"/><G10/><REACH who="3" ten="240,280,235,235" step="2"/><T29/><D29/><U23/><E34/><V115/><F49/><W125/><G125/><T132/><D132/><U52/><E26/><V55/><F82/><W8/><G8/><T122/><D122/><U61/><E25/><V20/><F20/><W76/><G76/><T91/><D73/><N who="1" m="43119" /><E23/><V9/><F81/><W35/><G35/><T126/><D126/><U121/><E121/><V98/><F78/><W74/><G74/><T50/><D50/><U11/><E11/><V93/><F9/><W65/><G65/><T129/><D129/><U6/><E6/><V24/><F5/><W95/><G95/><RYUUKYOKU ba="0,1" sc="240,-15,280,15,235,-15,235,15" hai1="52,57,60,61,64,88,94,96,106,107" hai3="13,15,36,37,45,46,58,59,84,85,102,103,114" /><INIT seed="1,1,1,2,0,63" ten="225,295,220,250" oya="1" hai0="116,76,0,38,55,57,117,70,64,126,99,40,47" hai1="49,61,123,21,90,80,66,67,72,94,127,110,109" hai2="1,71,122,12,2,65,29,35,125,58,124,86,14" hai3="34,82,4,6,13,130,98,75,3,115,74,83,96"/><U17/><E123/><V44/><F71/><W53/><G34/><T73/><D0/><N who="2" m="106" /><F86/><W7/><G3/><T28/><D28/><U106/><E106/><V24/><F44/><W88/><G115/><T105/><D76/><N who="1" m="44039" /><E49/><V36/><F36/><W112/><G112/><T26/><D26/><N who="1" m="14639" /><E61/><N who="2" m="38071" /><F122/><W41/><G41/><T107/><D73/><U128/><E128/><V121/><F121/><W87/><G130/><T120/><D120/><U134/><E134/><V114/><F114/><W48/><G13/><T56/><D107/><U119/><E119/><V15/><F35/><W93/><G82/><T52/><D105/><U8/><E8/><V102/><F102/><W100/><REACH who="3" step="1"/><G96/><REACH who="3" ten="225,295,220,240" step="2"/><T111/><D99/><N who="1" m="57815" /><E127/><N who="2" m="48715" /><F24/><W81/><G81/><T103/><D126/><U77/><E77/><V19/><F29/><W60/><G60/><T50/><D116/><U51/><E51/><V85/><F85/><W79/><G79/><T9/><D117/><U54/><E54/><V113/><F113/><W89/><G89/><T11/><D55/><U30/><E30/><V84/><F84/><W108/><G108/><AGARI ba="1,2" hai="66,67,108,109,110" m="57815,14639,44039" machi="108" ten="30,11600,0" yaku="14,1,10,1,52,2" doraHai="63" who="1" fromWho="3" sc="225,0,295,139,220,0,240,-119" /><INIT seed="1,2,0,1,4,103" ten="225,434,220,121" oya="1" hai0="38,34,44,90,30,110,113,125,58,0,68,71,96" hai1="67,72,23,53,99,85,105,57,52,111,45,21,61" hai2="86,28,81,26,93,59,75,9,37,27,88,124,6" hai3="102,25,4,41,56,135,92,100,133,10,42,55,122"/><U50/><E72/><V51/><F124/><W18/><G122/><T87/><D0/><U62/><E111/><V84/><F75/><W98/><G102/><T5/><D5/><U83/><E105/><V112/><F37/><W127/><G127/><T80/><D110/><U11/><E99/><V78/><F112/><W7/><G135/><T82/><D113/><U22/><E11/><V91/><F78/><W3/><G133/><T32/><D96/><U15/><E15/><V16/><F16/><W107/><G7/><T35/><D30/><U94/><E94/><V31/><F28/><W40/><G18/><T97/><D58/><U109/><E109/><V36/><F36/><W66/><G25/><T24/><D24/><U119/><E119/><V33/><F27/><W126/><G126/><T19/><D19/><U1/><E1/><V74/><F74/><W8/><G8/><T54/><D97/><U60/><REACH who="1" step="1"/><E67/><REACH who="1" ten="225,424,220,121" step="2"/><V47/><F9/><W130/><G130/><T108/><D125/><U43/><E43/><V70/><F6/><W49/><REACH who="3" step="1"/><G66/><REACH who="3" ten="225,424,220,111" step="2"/><T116/><D108/><U76/><AGARI ba="2,2" hai="21,22,23,45,50,52,53,57,60,61,62,76,83,85" machi="76" ten="30,11700,0" yaku="1,1,0,1,8,1,54,1,53,0" doraHai="103" doraHaiUra="123" who="1" fromWho="1" sc="225,-41,424,143,220,-41,111,-41" /><INIT seed="1,3,0,4,5,43" ten="184,567,179,70" oya="1" hai0="54,97,134,111,51,35,1,28,100,69,39,124,63" hai1="61,119,74,130,83,116,70,15,101,16,59,32,90" hai2="112,87,67,0,129,128,46,18,37,106,38,65,132" hai3="19,131,33,115,109,126,82,24,10,76,72,60,118"/><U127/><E127/><V99/><F0/><W53/><G115/><T31/><D1/><U7/><E130/><N who="2" m="50283" /><F112/><W41/><G131/><T22/><D111/><U49/><E32/><V93/><F132/><W14/><G109/><T73/><D73/><U30/><E30/><V123/><F123/><W34/><G126/><T57/><D134/><U64/><E101/><N who="2" m="62783" /><F18/><W80/><G118/><T47/><D35/><U120/><E7/><V12/><F12/><W23/><G80/><T78/><D78/><U55/><E120/><V84/><F38/><W77/><G77/><T79/><D79/><U50/><E74/><V105/><F105/><W133/><G133/><T114/><D22/><U62/><E119/><V29/><F29/><W27/><G27/><T56/><D124/><U66/><E66/><N who="2" m="25099" /><F93/><W13/><G13/><T21/><D39/><U48/><E116/><V42/><AGARI ba="3,0" hai="37,42,46,84,87" m="25099,62783,50283" machi="42" ten="30,2000,0" yaku="19,1,52,1" doraHai="43" who="2" fromWho="2" sc="184,-8,567,-13,179,29,70,-8" /><INIT seed="2,0,0,2,1,91" ten="176,554,208,62" oya="2" hai0="135,50,76,66,30,18,61,112,74,17,52,80,101" hai1="35,33,31,97,9,4,69,94,132,96,105,117,34" hai2="13,58,88,73,90,70,84,47,8,60,86,113,53" hai3="123,83,122,20,131,128,111,81,68,77,82,106,64"/><V10/><F73/><W6/><G6/><T120/><D120/><N who="3" m="46121" /><G20/><T124/><D112/><U65/><E117/><V118/><F113/><W28/><G28/><T29/><D135/><U42/><E42/><V36/><F118/><W16/><G16/><T3/><D3/><U32/><E132/><V49/><F70/><W78/><G64/><T11/><D124/><U45/><E45/><V108/><F36/><W25/><G25/><T75/><D75/><U40/><E40/><V55/><F108/><W14/><G14/><T5/><D101/><U38/><E38/><V51/><F60/><W129/><G68/><T133/><D29/><U72/><E72/><V62/><F62/><W110/><G106/><T116/><D30/><U119/><E35/><V99/><F13/><W19/><G19/><T115/><D116/><U59/><E105/><V46/><F58/><W57/><G57/><T107/><D107/><U54/><E59/><V26/><F26/><W103/><G103/><T43/><D115/><U134/><E34/><V7/><F7/><W24/><G24/><T95/><D5/><U63/><E4/><V127/><F127/><W71/><G71/><T109/><D133/><U100/><E134/><V79/><F10/><W56/><G56/><T126/><D11/><U93/><E9/><V130/><F8/><W23/><G23/><T67/><D126/><U104/><E33/><V92/><F46/><W121/><N who="3" m="46129" /><W48/><DORA hai="44" /><G48/><T85/><D50/><U1/><E69/><V41/><F49/><W21/><G21/><T114/><D18/><U89/><E63/><RYUUKYOKU ba="0,0" sc="176,-10,554,-10,208,-10,62,30" hai3="77,78,81,82,83,110,111,128,129,131" /><INIT seed="3,1,0,2,0,72" ten="166,544,198,92" oya="3" hai0="52,39,89,17,29,27,59,122,134,130,40,28,44" hai1="8,54,35,7,93,30,38,19,115,41,123,2,51" hai2="127,49,26,114,31,55,107,0,125,75,116,99,23" hai3="74,78,34,3,66,98,85,11,108,53,109,32,9"/><W111/><G74/><T81/><D122/><U56/><E123/><V62/><F0/><W104/><G66/><T61/><D134/><U91/><E115/><V119/><F75/><W57/><G104/><T100/><D100/><U14/><E38/><V16/><F114/><W15/><G98/><T20/><D130/><U102/><E102/><N who="2" m="62943" /><F62/><N who="3" m="36143" /><G3/><T10/><D10/><N who="3" m="3593" /><G15/><T126/><D126/><N who="2" m="48138" /><F31/><W106/><G106/><T87/><AGARI ba="1,0" hai="17,20,27,28,29,39,40,44,52,59,61,81,87,89" machi="87" ten="30,2000,0" yaku="0,1,54,1" doraHai="72" who="0" fromWho="0" sc="166,23,544,-6,198,-6,92,-11" owari="189,-21.1,538,63.8,192,-0.8,81,-41.9" /></mjloggm>