<mjloggm ver="2.3"><GO type="225" lobby="0"/><UN n0="%E3%81%99%E3%81%84%E3%81%BE%E3%81%9B%E3%83%BC%E3%82%93" n1="%E9%A6%AC%E5%BC%95%E7%81%AB%33" n2="%E3%83%96%E3%83%83%E3%83%91%E3%82%AA%E3%83%96%E3%83%81%E3%82%AD%E3%83%B3" n3="%E5%8D%A0%E3%81%84%E5%B8%AB%E8%A3%8F%E3%81%AA%E3%81%84%E3%81%97" dan="18,16,16,17" rate="2199.61,2051.33,2131.36,2249.89" sx="M,M,M,M"/><TAIKYOKU oya="0"/><INIT seed="0,0,0,5,0,103" ten="250,250,250,250" oya="0" hai0="79,134,57,85,18,73,135,93,128,129,62,26,75" hai1="109,1,122,111,124,95,118,7,83,25,46,30,72" hai2="23,101,110,133,77,14,125,54,115,116,10,69,107" hai3="108,40,74,66,97,87,3,120,32,6,28,123,39"/><T100/><D26/><U53/><E118/><V27/><F115/><W106/><G87/><T113/><D18/><U50/><E122/><V8/><F110/><N who="1" m="41993" /><E124/><V37/><F125/><W131/><G108/><T132/><D113/><U94/><E1/><V112/><F112/><W45/><G66/><T51/><D51/><U4/><E72/><N who="0" m="27721" /><D57/><U82/><E95/><V105/><F77/><W60/><G60/><T64/><D62/><U84/><E94/><V121/><F37/><W76/><G131/><N who="0" m="50251" /><D64/><U127/><E127/><V47/><F69/><W9/><G28/><T80/><D93/><U19/><E19/><V21/><F54/><W24/><G24/><T11/><D11/><U13/><E13/><V114/><F27/><W119/><G32/><T88/><D100/><U67/><E67/><V16/><F101/><N who="3" m="62767" /><G119/><T36/><D36/><U70/><E70/><V98/><F14/><W49/><G49/><T48/><D48/><U99/><E99/><V65/><F98/><W81/><AGARI ba="0,0" hai="3,6,9,39,40,45,74,76,81,120,123" m="62767" machi="81" ten="30,4000,0" yaku="25,1,23,1,52,1" doraHai="103" who="3" fromWho="3" sc="250,-20,250,-10,250,-10,250,40" /><INIT seed="1,0,0,3,4,119" ten="230,240,240,290" oya="1" hai0="105,76,89,35,134,102,52,20,64,6,13,2,125" hai1="83,88,94,9,46,32,56,97,132,84,82,95,70" hai2="47,135,45,18,62,110,74,5,101,48,31,123,10" hai3="116,22,54,92,24,30,53,60,49,91,128,58,42"/><U120/><E132/><V107/><F74/><W17/><G128/><T81/><D35/><U27/><E70/><V51/><F110/><W112/><G116/><T127/><D134/><U75/><E120/><V114/><F135/><W44/><G112/><T38/><D38/><U28/><E75/><V21/><F31/><W130/><G130/><T61/><D89/><U23/><E32/><V41/><F62/><W118/><G118/><T11/><D52/><U79/><E79/><V106/><F101/><W8/><G8/><T99/><D20/><U121/><E121/><V72/><F72/><W96/><REACH who="3" step="1"/><G30/><REACH who="3" ten="230,240,240,280" step="2"/><T14/><D127/><U78/><E9/><V15/><F114/><W73/><G73/><T37/><D125/><U29/><E29/><V4/><F123/><W108/><G108/><T126/><D126/><U90/><E78/><V12/><REACH who="2" step="1"/><F4/><REACH who="2" ten="230,240,230,280" step="2"/><W100/><G100/><T87/><REACH who="0" step="1"/><D37/><REACH who="0" ten="220,240,230,280" step="2"/><U65/><E28/><V80/><F80/><W122/><G122/><T57/><AGARI ba="0,3" hai="2,6,11,13,14,57,61,64,76,81,87,99,102,105" machi="57" ten="20,5200,0" yaku="1,1,2,1,0,1,7,1,53,0" doraHai="119" doraHaiUra="124" who="0" fromWho="0" sc="220,82,240,-26,230,-13,280,-13" /><INIT seed="2,0,0,3,5,51" ten="302,214,217,267" oya="2" hai0="37,64,49,107,74,52,106,47,40,96,128,115,48" hai1="111,108,4,60,110,109,38,5,59,57,39,1,42" hai2="121,89,31,81,9,15,103,7,32,72,22,29,19" hai3="0,70,113,17,86,23,118,132,76,102,67,131,80"/><V134/><F121/><W77/><G118/><T90/><D115/><U34/><N who="1" m="27648" /><DORA hai="16" /><U63/><E34/><V92/><F134/><W91/><G0/><T33/><D33/><U35/><E35/><V129/><F129/><W13/><G131/><T3/><D3/><U30/><E30/><V45/><F103/><W14/><G132/><T135/><D74/><U25/><E25/><V119/><F119/><W21/><G113/><T26/><D64/><N who="1" m="38927" /><E42/><V83/><F45/><W56/><G70/><T43/><D47/><U53/><E1/><N who="2" m="239" /><F72/><W18/><G102/><T99/><D26/><U41/><E41/><V78/><F78/><W120/><G120/><T82/><D43/><U66/><E66/><V36/><F36/><AGARI ba="0,0" hai="4,5,36,38,39,53,59,63" m="38927,27648" machi="36" ten="60,3900,0" yaku="14,1,52,1" doraHai="51,16" who="1" fromWho="2" sc="302,0,214,39,217,-39,267,0" /><INIT seed="3,0,0,4,1,82" ten="302,253,178,267" oya="3" hai0="78,6,39,63,110,124,65,126,8,36,41,17,18" hai1="83,106,81,105,96,135,107,40,12,101,125,1,20" hai2="49,86,134,90,127,128,74,133,9,76,79,33,32" hai3="77,28,56,30,14,66,35,68,112,0,48,22,119"/><W102/><G112/><T72/><D110/><U7/><E1/><V29/><F49/><W69/><G119/><T121/><D121/><U38/><E125/><N who="0" m="48233" /><D78/><U62/><E135/><V25/><F127/><W89/><G0/><N who="0" m="71" /><D72/><U51/><E38/><N who="0" m="14377" /><D41/><U113/><E113/><V104/><F128/><W100/><G77/><N who="2" m="29769" /><F74/><W93/><G35/><T11/><D11/><U19/><E7/><V129/><F129/><W123/><G123/><T91/><D91/><U37/><E37/><V116/><F116/><W46/><G68/><AGARI ba="0,0" hai="17,18,63,65,68" m="14377,71,48233" machi="68" ten="30,1000,0" yaku="18,1" doraHai="82" who="0" fromWho="3" sc="302,10,253,0,178,0,267,-10" owari="312,41.2,253,-14.7,178,-32.2,257,5.7" /></mjloggm>