<mjloggm ver="2.3"><GO type="225" lobby="0"/><UN n0="%E6%98%93%E5%88%A9%E8%96%A9%E4%BC%AF" n1="%E5%91%A8%E6%9D%B1" n2="%E5%AF%82%E5%AF%9E%E3%82%AE%E3%83%8D%E3%82%B9%E3%83%93%E3%83%BC%E3%83%AB" n3="%E7%B4%94%E6%BD%94%E3%83%94%E3%83%A9%E3%83%8B%E3%82%A2" dan="16,17,16,17" rate="2152.38,2223.23,2134.98,2212.49" sx="F,M,M,M"/><TAIKYOKU oya="0"/><INIT seed="0,0,0,0,2,82" ten="250,250,250,250" oya="0" hai0="124,31,50,26,104,42,8,19,95,135,20,94,97" hai1="76,120,10,38,16,123,40,68,73,4,33,41,45" hai2="105,118,84,6,102,54,0,100,88,5,89,96,71" hai3="121,110,49,15,60,132,34,80,39,66,83,51,92"/><T87/><D135/><U17/><E33/><V128/><F71/><W127/><G92/><T36/><D36/><U75/><E68/><V106/><F128/><W3/><G80/><T23/><D124/><U13/><E41/><V55/><F0/><W114/><G83/><T43/><D104/><U86/><E75/><V1/><F1/><W112/><G51/><T101/><D8/><U18/><E73/><V12/><F12/><W7/><G49/><T111/><D111/><U65/><E65/><V91/><F118/><W93/><G93/><T77/><D50/><U21/><E76/><V14/><F14/><W107/><G60/><T108/><D108/><U79/><E21/><V25/><F25/><W125/><G15/><N who="0" m="9343" /><D77/><U61/><E61/><V103/><F84/><W2/><G7/><N who="2" m="2569" /><F96/><W64/><G3/><T35/><D35/><U28/><E28/><V47/><F47/><W74/><G125/><T81/><D81/><U29/><E29/><V53/><AGARI ba="0,0" hai="53,54,55,88,89,91,100,102,103,105,106" m="2569" machi="53" ten="40,8000,1" yaku="29,2,28,2,54,1" doraHai="82" who="2" fromWho="2" sc="250,-40,250,-20,250,80,250,-20" /><INIT seed="1,0,0,1,4,67" ten="210,230,330,230" oya="1" hai0="66,87,1,37,49,50,111,129,85,29,56,70,103" hai1="19,76,86,9,90,43,120,130,6,110,16,12,112" hai2="31,75,23,55,74,133,57,125,84,102,96,115,135" hai3="27,88,24,13,80,53,46,68,117,97,131,65,58"/><U14/><E120/><V36/><F36/><W11/><G117/><T40/><D1/><U52/><E112/><V2/><F2/><W114/><G114/><T134/><D103/><U38/><E130/><V20/><F84/><W28/><G131/><T101/><D101/><U105/><E105/><V34/><F34/><W73/><G46/><N who="0" m="23823" /><D29/><U82/><E110/><V106/><F125/><W42/><G42/><T71/><D87/><U113/><E113/><V39/><F39/><W100/><G65/><T94/><D85/><U64/><E64/><V123/><F123/><W26/><G68/><N who="0" m="26155" /><D94/><U22/><E38/><V107/><F107/><W5/><G73/><T48/><D129/><U109/><E43/><V104/><F104/><W93/><G80/><T17/><D17/><U25/><E109/><V51/><F115/><W128/><G128/><T78/><D78/><U3/><E76/><V35/><F35/><W121/><G100/><T108/><D134/><N who="2" m="51210" /><F20/><N who="3" m="15367" /><G121/><T83/><D83/><U15/><REACH who="1" step="1"/><E52/><REACH who="1" ten="210,220,330,230" step="2"/><V122/><F122/><W98/><G98/><T47/><D47/><U124/><E124/><V72/><F72/><W7/><G7/><T33/><D33/><U61/><E61/><AGARI ba="0,1" hai="5,11,13,26,27,53,58,61,88,93,97" m="15367" machi="61" ten="30,2000,0" yaku="8,1,54,1" doraHai="67" who="3" fromWho="1" sc="210,0,220,-20,330,0,230,30" /><AGARI ba="0,0" hai="48,49,50,56,61,66,108,111" m="26155,23823" machi="61" ten="40,8000,1" yaku="34,2,52,3" doraHai="67" who="0" fromWho="1" sc="210,80,200,-80,330,0,260,0" /><INIT seed="2,0,0,1,1,47" ten="290,120,330,260" oya="2" hai0="78,73,79,57,29,49,93,55,50,80,61,84,51" hai1="11,27,134,133,119,54,114,62,15,9,19,68,135" hai2="98,77,69,110,23,64,86,16,104,33,26,24,85" hai3="14,121,126,18,87,0,129,10,38,83,13,7,40"/><V22/><F33/><W128/><G121/><T100/><D29/><U103/><E103/><V107/><F110/><W74/><G74/><T125/><D125/><U53/><E119/><V37/><F37/><W131/><G126/><T127/><D127/><U4/><E114/><V6/><F6/><W92/><G92/><T44/><D73/><U59/><E68/><V36/><F36/><W34/><G34/><T95/><D79/><U81/><E81/><V112/><F112/><W96/><G96/><N who="0" m="59407" /><D95/><U99/><E99/><V118/><F118/><W132/><G132/><T76/><D76/><U35/><E35/><V41/><F41/><AGARI ba="0,0" hai="41,44,49,50,51,55,57,61,78,80,84" m="59407" machi="41" ten="30,7700,0" yaku="8,1,52,3" doraHai="47" who="0" fromWho="2" sc="290,77,120,0,330,-77,260,0" /><INIT seed="3,0,0,4,5,115" ten="367,120,253,260" oya="3" hai0="90,27,31,46,64,69,130,50,80,129,61,97,121" hai1="127,2,6,12,101,18,36,134,120,123,4,66,59" hai2="99,85,5,116,76,56,106,8,10,91,70,15,14" hai3="105,74,111,21,11,79,94,118,102,122,26,98,40"/><W62/><G122/><T135/><D121/><U72/><E59/><V3/><F116/><W126/><G118/><T71/><D135/><U60/><E66/><V112/><F70/><W58/><G126/><T104/><D71/><U128/><E60/><V16/><F112/><W1/><G40/><T87/><D104/><U43/><E101/><V88/><F3/><W42/><G42/><T81/><D97/><U55/><E55/><V68/><F68/><W125/><G125/><T22/><D81/><U73/><E43/><V24/><F24/><W32/><G32/><T51/><D46/><U53/><E53/><V82/><F106/><W124/><G124/><T100/><D100/><U65/><E65/><V34/><F34/><W108/><G105/><T83/><D83/><U30/><E127/><V93/><REACH who="2" step="1"/><F56/><REACH who="2" ten="367,120,243,260" step="2"/><W13/><G1/><T35/><D35/><U0/><E134/><V9/><F9/><W132/><G132/><T107/><D107/><U113/><E113/><V92/><F92/><W20/><G20/><T33/><D33/><U39/><E12/><V114/><F114/><W48/><G48/><T45/><D51/><U49/><E49/><V119/><F119/><W95/><G95/><T57/><D69/><U109/><E128/><V103/><AGARI ba="0,1" hai="5,8,10,14,15,16,76,82,85,88,91,93,99,103" machi="103" ten="20,12000,2" yaku="1,1,0,1,7,1,8,1,54,2,53,0" doraHai="115" doraHaiUra="117" who="2" fromWho="2" sc="367,-30,120,-30,243,130,260,-60" owari="337,13.7,90,-41.0,373,47.3,200,-20.0" /></mjloggm>