<mjloggm ver="2.3"><GO type="225" lobby="0"/><UN n0="%E7%8D%85%E5%AD%90%E5%BA%A7%E3%81%8B%E3%81%A3%E3%81%B4%E3%83%BC" n1="%E9%A6%AC%E5%BC%95%E7%81%AB%33" n2="%E4%BF%BA%E3%81%A8%E5%A6%96%E5%A4%A2" n3="%E3%82%8C%E3%81%99%E3%81%93" dan="16,16,16,17" rate="2111.37,2116.67,2259.43,2142.99" sx="M,M,F,F"/><TAIKYOKU oya="0"/><INIT seed="0,0,0,2,3,93" ten="250,250,250,250" oya="0" hai0="66,63,105,75,58,107,126,92,124,14,99,50,0" hai1="68,31,2,15,57,65,112,16,98,94,84,45,17" hai2="35,32,102,40,69,73,3,123,113,132,121,91,109" hai3="96,83,134,38,115,6,118,37,80,81,55,77,48"/><T10/><D75/><U25/><E2/><V7/><F91/><W104/><G115/><T20/><D0/><U114/><E68/><V131/><F102/><W127/><G118/><T24/><D50/><U61/><E84/><V42/><F7/><W59/><G134/><T64/><D64/><U28/><E45/><V19/><F19/><W106/><G127/><N who="0" m="48683" /><D14/><U27/><E17/><V108/><F73/><W47/><G77/><T60/><D60/><U74/><E74/><V46/><F3/><W130/><G130/><T128/><D10/><U71/><E71/><V79/><F79/><W11/><G47/><T53/><D128/><U12/><E12/><V39/><F131/><W56/><G56/><T103/><D53/><U43/><E43/><V85/><F46/><W88/><G106/><T26/><D26/><N who="1" m="9739" /><E114/><V29/><F69/><W110/><G110/><T52/><D66/><U100/><E112/><V120/><F113/><W13/><REACH who="3" step="1"/><G104/><REACH who="3" ten="250,250,250,240" step="2"/><T101/><D101/><U18/><E18/><AGARI ba="0,1" hai="18,20,24,52,58,63,92,99,103,105,107" m="48683" machi="18" ten="30,5800,0" yaku="18,1,52,1,54,1" doraHai="93" who="0" fromWho="1" sc="250,68,250,-58,250,0,240,0" /><INIT seed="0,1,0,3,4,103" ten="318,192,250,240" oya="0" hai0="133,88,43,126,38,84,28,59,53,82,125,97,135" hai1="46,96,89,69,47,56,105,2,12,127,15,109,54" hai2="20,17,48,93,42,118,101,128,95,98,77,10,67" hai3="61,62,18,9,21,85,74,23,32,71,100,124,92"/><T87/><D28/><U0/><E69/><V75/><F128/><W19/><G74/><T44/><D87/><U117/><E117/><V35/><F118/><W120/><G32/><T90/><D90/><U49/><E109/><V73/><F35/><W8/><G124/><N who="0" m="47723" /><D97/><U58/><E127/><V26/><F67/><W121/><G71/><T37/><D37/><U106/><E96/><V132/><F132/><N who="0" m="50762" /><D59/><U102/><E102/><V110/><F75/><W55/><G100/><T104/><D53/><U6/><E89/><V70/><F70/><W86/><G55/><T50/><D38/><U39/><E39/><V3/><F77/><W66/><G92/><T63/><D63/><U11/><E54/><V52/><F73/><W14/><G66/><T64/><D64/><U115/><E49/><V34/><F93/><W33/><G33/><T111/><D111/><U81/><E11/><V24/><F110/><W36/><G36/><T40/><D40/><U78/><E6/><V79/><F42/><W1/><G8/><T91/><D91/><U57/><E57/><V16/><F34/><W4/><G9/><T107/><AGARI ba="1,0" hai="43,44,50,82,84,88,104,107" m="50762,47723" machi="107" ten="40,12000,1" yaku="18,1,20,1,52,2,54,1" doraHai="103" who="0" fromWho="0" sc="318,123,192,-41,250,-41,240,-41" /><INIT seed="0,2,0,3,5,34" ten="441,151,209,199" oya="0" hai0="121,62,131,106,90,88,132,77,78,52,6,89,21" hai1="65,128,14,81,49,123,19,45,41,92,57,86,133" hai2="38,31,60,9,43,74,40,127,58,1,72,67,26" hai3="95,37,17,29,122,120,101,12,104,35,11,53,117"/><T80/><D121/><N who="3" m="46697" /><G117/><T119/><D119/><U99/><E123/><V129/><F129/><W55/><G104/><T76/><D106/><U25/><E128/><V68/><F127/><W103/><G37/><T108/><D131/><U44/><E133/><V15/><F58/><W87/><G29/><T27/><D132/><U24/><E44/><V114/><F114/><W134/><G35/><T126/><D126/><U50/><E65/><V98/><F98/><W125/><G125/><T22/><D108/><U115/><E115/><V118/><F118/><W3/><G134/><T36/><D36/><U4/><E4/><V112/><F112/><W73/><G73/><T33/><D33/><U100/><E50/><V83/><F40/><W109/><G109/><T130/><D130/><U8/><REACH who="1" step="1"/><E57/><REACH who="1" ten="441,141,209,199" step="2"/><V10/><F67/><W46/><G46/><T135/><D6/><U116/><E116/><V85/><F38/><W63/><G63/><T71/><D135/><U5/><E5/><N who="2" m="1199" /><F60/><W13/><G3/><T70/><D80/><U107/><E107/><V69/><F69/><W39/><G39/><T61/><D71/><U18/><E18/><N who="2" m="8567" /><F68/><W28/><G17/><N who="0" m="12719" /><D70/><U32/><E32/><N who="2" m="20599" /><F43/><W97/><G53/><T56/><D62/><U30/><E30/><V42/><F42/><W7/><G28/><T94/><D94/><U113/><E113/><V47/><F47/><W2/><G55/><T59/><D59/><U91/><AGARI ba="2,1" hai="8,14,19,24,25,41,45,49,81,86,91,92,99,100" machi="91" ten="20,8000,1" yaku="1,1,0,1,7,1,8,1,53,1" doraHai="34" doraHaiUra="84" who="1" fromWho="1" sc="441,-42,141,96,209,-22,199,-22" /><INIT seed="1,0,0,2,0,124" ten="399,237,187,177" oya="1" hai0="90,28,104,73,7,84,111,25,110,107,9,126,115" hai1="120,62,79,53,85,39,24,19,108,118,121,44,103" hai2="129,26,135,119,23,57,8,47,78,14,30,2,34" hai3="1,125,40,70,101,42,134,6,82,130,61,16,67"/><U20/><E118/><V58/><F119/><W49/><G125/><T117/><D73/><U94/><E39/><V87/><F135/><W131/><G134/><T74/><D74/><U132/><E132/><V55/><F78/><W4/><G101/><T43/><D43/><N who="3" m="16425" /><G1/><N who="0" m="239" /><D117/><U10/><E10/><V41/><F87/><W45/><G82/><N who="0" m="49431" /><D126/><U112/><E112/><V83/><F83/><W66/><G66/><T13/><D13/><U3/><E3/><V50/><F2/><W48/><G16/><T56/><D56/><U32/><E32/><V68/><F68/><W95/><G95/><T89/><D89/><U133/><E103/><V0/><F0/><W46/><G6/><T12/><D12/><U31/><E19/><V51/><F58/><W93/><G93/><T114/><D104/><U75/><E94/><V37/><F34/><W96/><G96/><T35/><D107/><U77/><E75/><V102/><F102/><W18/><G18/><T99/><D99/><U113/><E85/><V54/><F37/><W71/><G71/><T22/><D35/><U36/><E36/><V128/><REACH who="2" step="1"/><F41/><REACH who="2" ten="399,237,177,177" step="2"/><N who="3" m="24623" /><G4/><AGARI ba="0,1" hai="4,8,14,23,26,30,47,50,51,54,55,57,128,129" machi="4" ten="40,5200,0" yaku="1,1,52,2,53,0" doraHai="124" doraHaiUra="100" who="2" fromWho="3" sc="399,0,237,0,177,62,177,-52" /><INIT seed="2,0,0,5,0,93" ten="399,237,239,125" oya="2" hai0="31,47,106,126,23,133,17,97,80,50,98,102,37" hai1="79,86,61,87,35,25,71,101,11,135,53,130,119" hai2="57,94,20,131,58,70,28,68,63,103,111,44,38" hai3="116,3,91,72,14,105,73,62,15,67,55,16,84"/><V69/><F131/><W114/><G116/><T99/><D37/><U10/><E119/><V52/><F111/><W92/><G3/><T90/><D133/><U117/><E117/><V32/><F32/><W43/><G114/><T83/><D126/><U6/><E130/><V89/><F103/><W48/><G43/><T107/><D31/><U29/><E135/><V30/><F20/><W88/><G105/><T22/><D102/><U46/><E79/><V115/><F115/><W100/><G100/><T51/><D90/><U49/><E101/><V12/><F12/><W18/><G91/><T0/><D0/><U112/><E10/><V109/><F109/><W59/><G14/><T21/><D17/><U13/><E112/><V27/><F27/><W81/><G81/><N who="0" m="31307" /><D47/><U121/><E121/><V110/><F110/><W113/><G113/><T9/><D9/><U118/><E118/><V127/><F127/><W96/><G84/><T39/><D39/><U66/><AGARI ba="0,0" hai="6,11,13,25,29,35,46,49,53,61,66,71,86,87" machi="66" ten="30,1100,0" yaku="0,1" doraHai="93" who="1" fromWho="1" sc="399,-3,237,11,239,-5,125,-3" /><INIT seed="3,0,0,5,4,41" ten="396,248,234,122" oya="3" hai0="117,108,18,12,23,89,94,29,47,123,62,87,52" hai1="8,10,98,110,20,79,130,2,24,25,51,69,16" hai2="83,60,133,72,26,77,63,111,54,86,7,38,53" hai3="99,76,36,11,49,45,27,21,67,121,118,39,120"/><W102/><G118/><T106/><D106/><U124/><E69/><V40/><F111/><W91/><G76/><T93/><D108/><U114/><E114/><V119/><F119/><W128/><G128/><T64/><D117/><U126/><E110/><V84/><F133/><W131/><G131/><T1/><D1/><U101/><E130/><V75/><F7/><W105/><G67/><T31/><D123/><U73/><E2/><V109/><F109/><W134/><G134/><T66/><D94/><U33/><E51/><V68/><F68/><W100/><G100/><T59/><D47/><U13/><E33/><V107/><F107/><W104/><G104/><T46/><D46/><U50/><E50/><V43/><F38/><W48/><G48/><N who="0" m="31111" /><D64/><U85/><E73/><V81/><F77/><W116/><G116/><T30/><D30/><U55/><E55/><V32/><F26/><N who="1" m="10345" /><E85/><V96/><F96/><W112/><G112/><T92/><D92/><N who="1" m="58567" /><E79/><V3/><F3/><W42/><G91/><T125/><D125/><AGARI ba="0,0" hai="8,10,13,16,20,124,125,126" m="58567,10345" machi="125" ten="30,2000,0" yaku="18,1,54,1" doraHai="41" who="1" fromWho="0" sc="396,-20,248,20,234,0,122,0" owari="376,47.6,268,6.8,234,-16.6,122,-37.8" /></mjloggm>