<mjloggm ver="2.3"><GO type="225" lobby="0"/><UN n0="%72%69%6F%75%63%68%61%6E" n1="%E3%82%BC%E3%83%AB%E3%83%80%E3%81%AE%E4%BC%9D%E8%AA%AC" n2="%E3%81%A8%E3%82%89%E3%81%84%E3%81%A1" n3="%72%65%6E%6B%75%6E" dan="16,17,16,17" rate="2147.90,2145.60,2136.70,2178.32" sx="M,M,M,M"/><TAIKYOKU oya="0"/><INIT seed="0,0,0,5,3,36" ten="250,250,250,250" oya="0" hai0="42,110,65,22,86,63,30,9,71,4,77,49,55" hai1="29,87,48,45,123,91,7,76,56,93,19,51,81" hai2="1,21,126,23,116,31,62,114,32,83,13,117,73" hai3="26,89,135,88,106,80,41,101,3,90,15,84,47"/><T34/><D110/><U37/><E123/><V130/><F114/><W113/><G3/><T66/><D34/><U33/><E7/><V54/><F1/><W6/><G113/><T27/><D66/><U70/><E70/><V103/><F103/><W59/><G135/><T97/><D97/><U115/><E115/><V28/><F130/><W125/><G125/><T14/><D42/><U50/><E33/><V39/><F39/><W57/><G26/><T64/><D64/><U10/><E29/><N who="2" m="11339" /><F13/><W131/><G131/><T20/><D20/><U109/><E56/><N who="3" m="21578" /><G101/><T95/><D77/><U121/><E37/><V111/><F32/><W98/><G106/><T8/><D8/><U85/><E109/><V119/><F111/><W105/><G105/><T68/><D68/><U128/><E121/><V67/><F54/><W124/><G98/><T60/><D65/><U122/><E122/><V40/><F40/><W52/><G41/><T0/><D71/><U46/><REACH who="1" step="1"/><E128/><REACH who="1" ten="250,240,250,250" step="2"/><V61/><F126/><W132/><G124/><T96/><D0/><U53/><E53/><V2/><F2/><W72/><G132/><T25/><D55/><U44/><E44/><V120/><F120/><W82/><G52/><T35/><D49/><U75/><E75/><V79/><F67/><W104/><G47/><T24/><D35/><U43/><E43/><V69/><F69/><W58/><G58/><T99/><D63/><AGARI ba="0,1" hai="21,23,61,62,63,73,79,83,116,117,119" m="11339" machi="63" ten="40,1300,0" yaku="12,1" doraHai="36" who="2" fromWho="0" sc="250,-13,240,0,250,23,250,0" /><INIT seed="1,0,0,1,3,22" ten="237,240,273,250" oya="1" hai0="47,12,60,106,25,115,72,97,77,111,78,112,118" hai1="46,16,33,93,29,125,59,48,27,39,36,134,68" hai2="103,64,62,44,13,122,28,121,107,34,1,31,104" hai3="96,57,94,110,109,90,82,50,83,30,120,87,128"/><U88/><E68/><N who="2" m="42007" /><F1/><W113/><G113/><T102/><D118/><U9/><E125/><V37/><F13/><W52/><G120/><T131/><D111/><N who="3" m="42505" /><G128/><T21/><D131/><U79/><E79/><V130/><F28/><W81/><G30/><T80/><D77/><AGARI ba="0,0" hai="50,52,57,77,81,82,83,87,90,94,96" m="42505" machi="77" ten="30,2000,0" yaku="14,1,54,1" doraHai="22" who="3" fromWho="0" sc="237,-20,240,0,273,0,250,20" /><INIT seed="2,0,0,0,2,46" ten="217,240,273,270" oya="2" hai0="11,91,105,102,92,107,32,132,4,115,93,62,45" hai1="66,39,113,117,130,133,47,59,122,22,98,86,127" hai2="110,100,119,123,52,112,111,35,67,106,60,2,54" hai3="33,23,114,40,73,34,38,104,125,121,12,18,85"/><V9/><F112/><W71/><G85/><T8/><D115/><U19/><E113/><V83/><F35/><W77/><G77/><T76/><D32/><U89/><E117/><V27/><F27/><W95/><G95/><T68/><D132/><U81/><E133/><V63/><F119/><W58/><G58/><T126/><D126/><U75/><E75/><V129/><F129/><W118/><G40/><T53/><D76/><U109/><E109/><N who="2" m="41483" /><F83/><W79/><G79/><T101/><D107/><U43/><E127/><V82/><F82/><W24/><G12/><T128/><D128/><U80/><E122/><V41/><F41/><W94/><G94/><T28/><D28/><U36/><E130/><V10/><F63/><W26/><G18/><T3/><D105/><U50/><E81/><V31/><F31/><W69/><G23/><T42/><D93/><U90/><E98/><N who="2" m="61719" /><F123/><W55/><G104/><T61/><D102/><U30/><E30/><V97/><F97/><W29/><G29/><T131/><D101/><U16/><E90/><V20/><F20/><W65/><G121/><T78/><D131/><U21/><E21/><V49/><F2/><W1/><G1/><T37/><D78/><U96/><E96/><V44/><F54/><W88/><G55/><T13/><D53/><U135/><E135/><V120/><F120/><W56/><G114/><T7/><REACH who="0" step="1"/><D68/><AGARI ba="0,0" hai="9,10,44,49,52,60,67,68" m="61719,41483" machi="68" ten="30,11600,0" yaku="14,1,10,1,52,1,54,1" doraHai="46" who="2" fromWho="0" sc="217,-116,240,0,273,116,270,0" /><INIT seed="2,1,0,4,4,29" ten="101,240,389,270" oya="2" hai0="68,102,38,20,37,108,135,36,9,51,90,71,125" hai1="70,1,49,81,98,127,0,107,2,131,115,58,7" hai2="91,17,10,75,78,120,126,53,43,24,112,26,79" hai3="23,21,129,111,118,72,48,66,124,35,89,114,130"/><V86/><F112/><W113/><G72/><T22/><D108/><U97/><E70/><V109/><F120/><W101/><G101/><T99/><D125/><U57/><E115/><N who="3" m="44042" /><G66/><T100/><D9/><U55/><E127/><V8/><F43/><W96/><G124/><T132/><D51/><U61/><E131/><N who="3" m="50186" /><G118/><T117/><D90/><U56/><E7/><V119/><F75/><W106/><G111/><T84/><D84/><U104/><E81/><V15/><F86/><W105/><G48/><T27/><D117/><U95/><E61/><V30/><F109/><W123/><G123/><T34/><D27/><U128/><E128/><V64/><F26/><W73/><G35/><T42/><D42/><U69/><E69/><N who="0" m="26697" /><D99/><U4/><E98/><V19/><F119/><W28/><G28/><T77/><D77/><U122/><E122/><V74/><F79/><W103/><G73/><T18/><D34/><U46/><E104/><N who="3" m="40042" /><G89/><T32/><D32/><U65/><E107/><AGARI ba="1,0" hai="21,23,96,103,107" m="40042,50186,44042" machi="107" ten="40,2600,0" yaku="11,1,19,1" doraHai="29" who="3" fromWho="1" sc="101,0,240,-29,389,0,270,29" /><INIT seed="3,0,0,2,3,112" ten="101,211,389,299" oya="3" hai0="86,104,36,45,56,55,44,35,92,116,48,105,62" hai1="53,80,128,67,21,117,26,65,24,108,4,101,2" hai2="120,96,121,8,5,100,19,61,38,15,6,51,37" hai3="29,73,33,114,13,127,1,68,98,22,18,47,66"/><W63/><G114/><T34/><D36/><N who="2" m="13930" /><F51/><W107/><G73/><T118/><D92/><U133/><E108/><V46/><F46/><W27/><G127/><T72/><D72/><U58/><E133/><V40/><F40/><W42/><G1/><T52/><D86/><U85/><E128/><V30/><F61/><W59/><G59/><T20/><D20/><U115/><E117/><V97/><F30/><W9/><G47/><T70/><D70/><U122/><E122/><N who="2" m="47211" /><F97/><W90/><G42/><T31/><D31/><U87/><E101/><V17/><F19/><W123/><G123/><T91/><D91/><U99/><E26/><V134/><F134/><W41/><G41/><T78/><D78/><U119/><E21/><V43/><F43/><W81/><G81/><T135/><D135/><U54/><E4/><V83/><F83/><W94/><REACH who="3" step="1"/><G107/><AGARI ba="0,0" hai="5,6,8,15,17,96,100,107" m="47211,13930" machi="107" ten="30,1000,0" yaku="13,1" doraHai="112" who="2" fromWho="3" sc="101,0,211,0,389,10,299,-10" owari="101,-39.9,211,-18.9,399,49.9,289,8.9" /></mjloggm>