<mjloggm ver="2.3"><GO type="225" lobby="0"/><UN n0="%E3%83%B4%E3%83%A0%EF%BC%99%E3%81%A6" n1="%E3%82%8C%E3%81%99%E3%81%93" n2="%E4%BF%BA%E3%81%A8%E5%A6%96%E5%A4%A2" n3="%33%74%72%65%65" dan="17,17,16,16" rate="2127.51,2163.46,2253.88,2104.49" sx="M,F,F,F"/><TAIKYOKU oya="0"/><INIT seed="0,0,0,3,0,76" ten="250,250,250,250" oya="0" hai0="101,25,21,109,115,98,127,77,73,34,102,111,18" hai1="27,90,128,123,59,66,82,39,133,20,132,33,36" hai2="105,81,5,62,130,1,26,53,10,70,86,84,42" hai3="100,134,11,14,78,50,135,97,32,92,71,28,38"/><T65/><D115/><U99/><E123/><V35/><F105/><W79/><G38/><T108/><D127/><U55/><E33/><V56/><F130/><W3/><G71/><T19/><D65/><U24/><E66/><V31/><F70/><W85/><G3/><T52/><D34/><U51/><E128/><V54/><F42/><W122/><G122/><T12/><D98/><U29/><E27/><V23/><F54/><W125/><G125/><T30/><D30/><U2/><E2/><V94/><F94/><W43/><G28/><T110/><D110/><U68/><E68/><V95/><F95/><W91/><G32/><T45/><D77/><U104/><E104/><V67/><F67/><W118/><G118/><T7/><D7/><U69/><E69/><V6/><F6/><N who="3" m="3447" /><G50/><N who="0" m="28751" /><D73/><U41/><E99/><V0/><F0/><W96/><G43/><T44/><D44/><U8/><E41/><V114/><F114/><W119/><G96/><T80/><D80/><U131/><E131/><V113/><F113/><W87/><G119/><T58/><D58/><U126/><E126/><V4/><F4/><W15/><G87/><T46/><D46/><U22/><E39/><V63/><F35/><W106/><G79/><T49/><D49/><U74/><E36/><V16/><F86/><W13/><G78/><T120/><D120/><U48/><E74/><V129/><F129/><W60/><G60/><T37/><D37/><U40/><E51/><N who="2" m="30783" /><F31/><W89/><G89/><T121/><D121/><U103/><E48/><V17/><F17/><W116/><G116/><T64/><D64/><RYUUKYOKU ba="0,0" sc="250,10,250,-30,250,10,250,10" hai0="12,18,19,21,25,101,102,108,109,111" hai2="1,5,10,16,23,26,62,63,81,84" hai3="13,15,85,91,92,97,100,106,134,135" /><INIT seed="0,1,0,3,5,126" ten="260,220,260,260" oya="0" hai0="114,34,75,10,31,61,56,20,127,2,117,132,122" hai1="38,4,37,3,45,8,19,14,27,96,87,41,18" hai2="23,0,78,84,35,48,22,70,57,94,79,77,95" hai3="33,39,128,30,119,82,69,66,50,124,12,68,53"/><T63/><D114/><U76/><E38/><V103/><F35/><W28/><G119/><T90/><D117/><U107/><E27/><V86/><F70/><W123/><G39/><T120/><D75/><U105/><E96/><V116/><F0/><W89/><G124/><T110/><D127/><U54/><E54/><N who="2" m="31943" /><F116/><W93/><G123/><T100/><D100/><U42/><E42/><V129/><F129/><W131/><G82/><T73/><D73/><U71/><E71/><N who="3" m="27210" /><G66/><T58/><D34/><U67/><E67/><V121/><F121/><W92/><G12/><T101/><D101/><U1/><E1/><V65/><F65/><W25/><G30/><T32/><D32/><U16/><REACH who="1" step="1"/><E3/><REACH who="1" ten="260,210,260,260" step="2"/><V91/><F84/><W49/><G53/><T51/><D2/><U111/><E111/><V113/><F113/><W6/><G25/><T134/><D110/><U98/><E98/><AGARI ba="1,1" hai="22,23,77,78,79,86,91,94,95,98,103" m="31943" machi="98" ten="30,1000,0" yaku="8,1" doraHai="126" who="2" fromWho="1" sc="260,0,210,-13,260,23,260,0" /><INIT seed="1,0,0,1,5,95" ten="260,197,283,260" oya="1" hai0="92,26,87,134,100,118,50,79,78,116,46,37,115" hai1="97,127,21,107,122,121,133,96,84,28,98,24,36" hai2="20,5,30,82,77,43,12,111,99,60,42,57,124" hai3="16,93,135,40,2,83,101,56,29,117,32,27,76"/><U126/><E107/><V130/><F111/><W54/><G135/><T80/><D115/><U62/><E133/><V103/><F130/><W110/><G110/><T61/><D134/><U131/><E131/><V72/><F124/><N who="1" m="47657" /><E36/><V102/><F102/><W67/><G2/><T45/><D78/><U89/><E62/><V85/><F72/><W38/><G117/><T59/><D37/><U23/><E23/><V0/><F0/><W81/><G67/><T108/><D108/><U7/><E7/><V15/><F15/><W48/><G76/><T55/><D26/><U47/><E47/><V90/><F77/><W18/><G38/><T51/><D45/><U14/><E14/><V8/><F30/><W91/><G101/><T105/><D105/><U70/><E70/><V128/><F20/><N who="3" m="15591" /><G40/><T35/><D50/><U123/><E123/><V132/><F128/><W13/><G32/><T9/><D35/><U113/><E113/><V73/><F73/><W129/><G129/><T94/><D116/><U33/><E33/><V104/><REACH who="2" step="1"/><F132/><REACH who="2" ten="260,197,273,260" step="2"/><W65/><G13/><T86/><D118/><U34/><E34/><V3/><F3/><W31/><G31/><T69/><D100/><U106/><E106/><V71/><F71/><W44/><G18/><T39/><D69/><U120/><E120/><V52/><AGARI ba="0,1" hai="5,8,12,42,43,52,57,60,82,85,90,99,103,104" machi="52" ten="20,8000,1" yaku="1,1,0,1,7,1,52,1,54,1,53,0" doraHai="95" doraHaiUra="88" who="2" fromWho="2" sc="260,-20,197,-40,273,90,260,-20" /><INIT seed="2,0,0,5,5,50" ten="240,157,363,240" oya="2" hai0="56,28,57,110,52,102,37,55,1,45,131,121,33" hai1="39,16,9,29,109,116,34,64,49,61,135,88,68" hai2="133,27,111,65,70,77,69,43,76,115,103,82,128" hai3="108,97,87,67,51,8,107,40,72,48,58,36,123"/><V17/><F115/><W0/><G123/><T10/><D121/><U74/><E116/><V31/><F133/><W85/><G72/><T20/><D33/><U124/><E135/><V126/><F126/><W15/><G0/><T105/><D105/><U120/><E120/><V96/><F128/><W75/><G75/><T129/><D102/><U86/><E124/><V2/><F2/><W32/><G32/><T59/><D110/><U132/><E132/><V63/><F111/><W23/><G108/><T130/><D37/><U134/><E134/><V79/><F17/><W44/><G23/><T54/><D20/><U7/><E74/><V78/><F43/><W25/><G25/><T93/><D93/><U41/><E109/><V73/><F69/><W4/><G36/><T106/><D106/><U80/><E39/><V84/><F73/><W53/><REACH who="3" step="1"/><G67/><REACH who="3" ten="240,157,363,230" step="2"/><T46/><D28/><U47/><E34/><V125/><F125/><W3/><G3/><T66/><D66/><U90/><E29/><V14/><F27/><W112/><G112/><T24/><D24/><U95/><E16/><V83/><F31/><W117/><G117/><T92/><D92/><U42/><E9/><V113/><F113/><W6/><G6/><AGARI ba="0,1" hai="1,6,10,45,46,52,54,55,56,57,59,129,130,131" machi="6" ten="50,12000,2" yaku="29,2,19,1,52,3,54,1" doraHai="50" who="0" fromWho="3" sc="240,130,157,0,363,0,230,-120" /><INIT seed="3,0,0,1,2,75" ten="370,157,363,110" oya="3" hai0="111,98,58,87,37,14,29,4,121,32,102,63,3" hai1="27,130,21,84,108,100,6,114,69,128,68,31,72" hai2="105,67,48,9,51,28,77,95,90,135,34,55,125" hai3="86,132,74,112,88,23,83,106,59,0,45,107,93"/><W80/><G0/><T16/><D121/><U41/><E72/><V22/><F105/><N who="3" m="39947" /><G45/><T46/><D3/><U53/><E114/><V50/><F34/><W17/><G59/><T18/><D111/><U56/><E108/><V81/><F67/><W54/><G54/><T124/><D87/><U19/><E41/><V10/><F135/><W61/><G61/><T120/><D120/><U134/><E100/><V44/><F125/><W89/><G23/><T129/><D124/><U11/><E19/><V127/><F127/><W78/><G17/><T94/><D32/><U66/><E134/><V113/><F113/><W123/><G132/><T2/><D29/><U40/><E40/><V38/><F38/><W12/><G12/><T36/><D2/><N who="1" m="471" /><E84/><N who="2" m="48175" /><F10/><W26/><G26/><T109/><D109/><U71/><E66/><V104/><F104/><W122/><G112/><T115/><D115/><U92/><E56/><V131/><F131/><N who="1" m="50217" /><E53/><V49/><F9/><W103/><G103/><T118/><D129/><U116/><E116/><V97/><F49/><W91/><G91/><T25/><D118/><U1/><E1/><V126/><F126/><W119/><G119/><T76/><D37/><U5/><E5/><V101/><F101/><W82/><G89/><T65/><D4/><U110/><E110/><V62/><F62/><W30/><G30/><T33/><D36/><U7/><E7/><V60/><F60/><W13/><G13/><T47/><D14/><U15/><E15/><V85/><F28/><W42/><G42/><T64/><D63/><U79/><E27/><V24/><F24/><RYUUKYOKU ba="0,0" sc="370,-10,157,-10,363,-10,110,30" hai3="74,78,80,82,83,86,88,93,122,123" /><INIT seed="3,1,0,0,3,103" ten="360,147,353,140" oya="3" hai0="97,99,74,30,128,35,63,11,122,127,51,85,79" hai1="9,29,96,119,27,8,135,81,82,58,0,57,17" hai2="10,31,124,64,67,100,7,70,73,50,54,115,49" hai3="75,52,1,12,55,76,88,129,108,26,4,47,110"/><W60/><G129/><T36/><D122/><U72/><E135/><V111/><F115/><W116/><G116/><T131/><D36/><U37/><E37/><V22/><F73/><W2/><G26/><N who="0" m="18903" /><D74/><U6/><E119/><V105/><F70/><W42/><G76/><T66/><D51/><U56/><E72/><V68/><F68/><W61/><G75/><T41/><D41/><U130/><E130/><N who="0" m="49705" /><D11/><U28/><E9/><V132/><F50/><N who="3" m="26999" /><G4/><T104/><D104/><U59/><N who="1" m="14336" /><DORA hai="95" /><U53/><E53/><N who="3" m="20554" /><G12/><T21/><D21/><U120/><E8/><V43/><F22/><W117/><G117/><T13/><D13/><U40/><E6/><V89/><F10/><W91/><G2/><T84/><D127/><U69/><E0/><V126/><F7/><W102/><G1/><T15/><D15/><U123/><E69/><V34/><F126/><W107/><G60/><T32/><D32/><U38/><E123/><V78/><F124/><W62/><G61/><T65/><D79/><U92/><E120/><V46/><F78/><W87/><G62/><T133/><D133/><U112/><E38/><V121/><F132/><W23/><G23/><T106/><D106/><U94/><E40/><V86/><F43/><W98/><G87/><N who="0" m="33355" /><D63/><U5/><E5/><V134/><F134/><W45/><G45/><T71/><D71/><U44/><E44/><V48/><F48/><W18/><G18/><T3/><D3/><U80/><E17/><V109/><F121/><W77/><G77/><T93/><D66/><N who="2" m="25130" /><F34/><W20/><G20/><T83/><D65/><U19/><E19/><RYUUKYOKU ba="1,0" sc="360,-10,147,-10,353,-10,140,30" hai3="88,91,98,102,107,108,110" /><INIT seed="3,2,0,0,3,32" ten="350,137,343,170" oya="3" hai0="103,45,29,126,116,1,63,123,26,133,15,35,66" hai1="18,113,9,80,119,98,120,114,19,56,77,82,86" hai2="31,39,62,99,54,92,85,28,108,27,46,111,65" hai3="17,48,10,97,3,7,75,11,125,42,100,93,24"/><W47/><G75/><T16/><D123/><U110/><E120/><V122/><F122/><W109/><G109/><N who="2" m="42057" /><F85/><W6/><G24/><T34/><D116/><U2/><E110/><V89/><F27/><W101/><G17/><T91/><D1/><U61/><E119/><V51/><F39/><W87/><G87/><T76/><D34/><U130/><E130/><V57/><AGARI ba="2,0" hai="28,31,46,51,54,57,62,65,89,92,99" m="42057" machi="57" ten="30,1100,0" yaku="14,1" doraHai="32" who="2" fromWho="2" sc="350,-5,137,-5,343,17,170,-7" owari="345,14.5,132,-36.8,360,46.0,163,-23.7" /></mjloggm>