<mjloggm ver="2.3"><GO type="225" lobby="0"/><UN n0="%E8%B5%A4%E3%81%84%E8%9B%99%31%31" n1="%E3%83%B4%E3%83%A0%EF%BC%99%E3%81%A6" n2="%E3%81%BE%E3%81%A8%E3%81%9F" n3="%E8%91%B1%E9%96%93%E8%91%B1%E6%8A%9C" dan="16,16,16,16" rate="2102.33,2179.59,2080.15,2086.95" sx="M,M,M,F"/><TAIKYOKU oya="0"/><INIT seed="0,0,0,4,4,126" ten="250,250,250,250" oya="0" hai0="62,70,120,121,72,103,131,49,75,10,48,52,89" hai1="76,7,50,1,29,58,28,68,96,60,129,2,42" hai2="71,37,34,81,69,98,9,46,134,21,53,26,112" hai3="27,94,109,65,20,128,79,0,111,106,31,51,115"/><T114/><D114/><U87/><E68/><V4/><F34/><W16/><G115/><T74/><D103/><U92/><E7/><V11/><F11/><W95/><G106/><T14/><D131/><U3/><E129/><V61/><F112/><W41/><G128/><T57/><D89/><U122/><E122/><V124/><F61/><W8/><G65/><T45/><D70/><U83/><E50/><V25/><F25/><W6/><G79/><T15/><D49/><U43/><E43/><V135/><F98/><W47/><REACH who="3" step="1"/><G31/><REACH who="3" ten="250,250,250,240" step="2"/><T17/><REACH who="0" step="1"/><D15/><REACH who="0" ten="240,250,250,240" step="2"/><U132/><E1/><V59/><F134/><W85/><G85/><T133/><D133/><U116/><E2/><V19/><F135/><W101/><G101/><T78/><D78/><U55/><E3/><V23/><F71/><W99/><G99/><T80/><D80/><U102/><E132/><V66/><F81/><W32/><G32/><T38/><D38/><U82/><E82/><V54/><F69/><W44/><G44/><T84/><D84/><U77/><E77/><V90/><F46/><W105/><G105/><T63/><D63/><U36/><E87/><V107/><F37/><W30/><G30/><T40/><AGARI ba="0,2" hai="10,14,17,40,45,48,52,57,62,72,74,75,120,121" machi="40" ten="30,6000,0" yaku="1,1,0,1,54,1,53,0" doraHai="126" doraHaiUra="110" who="0" fromWho="0" sc="240,80,250,-20,250,-20,240,-20" /><INIT seed="0,1,0,1,0,85" ten="320,230,230,220" oya="0" hai0="90,10,111,19,116,18,27,62,2,45,109,23,58" hai1="114,53,39,34,13,123,93,54,101,47,95,37,4" hai2="84,14,32,134,25,79,69,30,33,57,5,124,135" hai3="26,77,6,17,131,133,91,119,72,3,75,89,35"/><T40/><D116/><U59/><E34/><N who="2" m="20815" /><F57/><W78/><G119/><T36/><D90/><N who="3" m="34313" /><G75/><T106/><D106/><U88/><E123/><V98/><F98/><W118/><G72/><T21/><D2/><U94/><E114/><V24/><F84/><W126/><G118/><T130/><D10/><N who="1" m="4295" /><E37/><V73/><F79/><W105/><G105/><T92/><D92/><N who="1" m="35435" /><E39/><V97/><F97/><W87/><G126/><T96/><D96/><N who="1" m="57447" /><E47/><V31/><F73/><W120/><G120/><T121/><D121/><U81/><E81/><V83/><F83/><W129/><G133/><N who="2" m="50697" /><F69/><W49/><G49/><T104/><D104/><U110/><E110/><V55/><F33/><W102/><G87/><T113/><D113/><U76/><E76/><V44/><F32/><W1/><G102/><T128/><D111/><U42/><E42/><V99/><F99/><W51/><G78/><T66/><D109/><U122/><E122/><V125/><F124/><W11/><G77/><T50/><D36/><U48/><E54/><V64/><F55/><W41/><G35/><T9/><D40/><U16/><E16/><V63/><F125/><W29/><G29/><T60/><D19/><U82/><E82/><V70/><F31/><W108/><G108/><T52/><D18/><U100/><AGARI ba="1,0" hai="48,53,59,100,101" m="57447,35435,4295" machi="100" ten="30,4000,0" yaku="8,1,52,1,54,1" doraHai="85" who="1" fromWho="1" sc="320,-21,230,43,230,-11,220,-11" /><INIT seed="1,0,0,3,4,44" ten="299,273,219,209" oya="1" hai0="94,16,4,69,75,70,82,59,134,91,73,67,79" hai1="102,29,126,14,54,100,50,122,109,37,33,21,135" hai2="55,103,38,36,129,125,13,2,43,18,112,63,84" hai3="78,66,110,81,15,117,51,133,99,28,71,93,19"/><U114/><E114/><V10/><F125/><W39/><G39/><T108/><D108/><U52/><E122/><V32/><F129/><W113/><G113/><T88/><D4/><U53/><E37/><V64/><F32/><W116/><G110/><T27/><D134/><U56/><E109/><V115/><F38/><W72/><G133/><T127/><D75/><U42/><E135/><V60/><F55/><N who="1" m="21001" /><E33/><V77/><F60/><W86/><G28/><T76/><D76/><U87/><E126/><V6/><F103/><W8/><G72/><T132/><D132/><U96/><E96/><V26/><F26/><W47/><G66/><T35/><D35/><U17/><E29/><V95/><F43/><W49/><G71/><T97/><D127/><U92/><E42/><V31/><F36/><W41/><REACH who="3" step="1"/><G49/><REACH who="3" ten="299,273,219,199" step="2"/><T58/><D70/><U90/><AGARI ba="0,1" hai="14,17,21,50,52,56,87,90,92,100,102" m="21001" machi="90" ten="30,11700,0" yaku="25,1,8,1,52,1,54,1" doraHai="44" who="1" fromWho="1" sc="299,-39,273,127,219,-39,199,-39" /><INIT seed="1,1,0,3,1,63" ten="260,400,180,160" oya="1" hai0="56,2,88,122,4,27,44,57,34,89,83,68,17" hai1="35,65,127,99,133,121,22,43,81,38,50,7,117" hai2="30,134,9,12,73,58,118,24,125,40,112,42,15" hai3="59,128,55,11,6,124,92,130,8,96,67,78,18"/><U39/><E35/><V53/><F118/><W105/><G124/><T106/><D106/><U32/><E32/><V23/><F73/><W75/><G105/><T110/><D68/><U85/><E117/><V132/><F125/><W98/><G75/><T120/><D44/><U20/><E121/><N who="0" m="46697" /><D110/><U104/><E127/><V74/><F74/><W66/><G78/><T13/><D2/><U101/><E7/><V49/><F112/><W97/><G92/><T0/><D0/><U76/><E50/><V41/><REACH who="2" step="1"/><F9/><REACH who="2" ten="260,400,170,160" step="2"/><N who="3" m="3659" /><G6/><T126/><D4/><U29/><E133/><AGARI ba="1,1" hai="12,15,23,24,30,40,41,42,49,53,58,132,133,134" machi="133" ten="40,8000,1" yaku="1,1,20,1,53,3" doraHai="63" doraHaiUra="37" who="2" fromWho="1" sc="260,0,400,-83,170,93,160,0" /><INIT seed="2,0,0,1,3,125" ten="260,317,263,160" oya="2" hai0="72,121,3,107,127,112,114,111,48,36,41,65,86" hai1="59,70,94,50,69,16,135,14,60,31,71,83,123" hai2="91,40,45,99,96,56,126,57,73,90,103,51,105" hai3="100,53,61,89,93,109,55,67,118,133,119,44,116"/><V92/><F126/><W104/><G109/><T80/><D121/><U15/><E123/><V20/><F73/><W17/><G133/><T110/><D3/><U24/><E135/><V26/><REACH who="2" step="1"/><F90/><REACH who="2" ten="260,317,253,160" step="2"/><W120/><G120/><T52/><D72/><U39/><E69/><V130/><F130/><W32/><G118/><T49/><D127/><U18/><E70/><V21/><F21/><W38/><G119/><T102/><D114/><U113/><E71/><V108/><F108/><W128/><G116/><T46/><D112/><U29/><E113/><V22/><F22/><W1/><G128/><T68/><D111/><U37/><E37/><V63/><F63/><W42/><G89/><T62/><D110/><U95/><E39/><V6/><F6/><W79/><G38/><T9/><D36/><U43/><E60/><V82/><F82/><W25/><G61/><T122/><D122/><U85/><E83/><V4/><F4/><W10/><G79/><T54/><D49/><U129/><E129/><V77/><F77/><W64/><G32/><T134/><D134/><U2/><E50/><V7/><F7/><W98/><G1/><T84/><D80/><U34/><E2/><V23/><F23/><W11/><G11/><T19/><D9/><U30/><E34/><V117/><F117/><W101/><G10/><T124/><D124/><U132/><E132/><V115/><F115/><W58/><G101/><T13/><D102/><U76/><E76/><V47/><F47/><W27/><G100/><T12/><D62/><U131/><E131/><V106/><F106/><W75/><G104/><RYUUKYOKU ba="0,1" sc="260,-10,317,-10,253,30,160,-10" hai2="20,26,40,45,51,56,57,91,92,96,99,103,105" /><INIT seed="2,1,1,1,3,18" ten="250,307,283,150" oya="2" hai0="111,89,15,131,41,121,88,44,56,10,1,25,90" hai1="39,80,83,2,20,93,114,86,42,52,100,73,75" hai2="132,48,74,66,47,113,45,129,97,3,29,53,50" hai3="72,76,61,49,59,92,79,33,69,98,101,21,127"/><V13/><F3/><W63/><G33/><T24/><D121/><U11/><E114/><V110/><F113/><W134/><G134/><T103/><D111/><U77/><E39/><V108/><F74/><W125/><G69/><T119/><D1/><U116/><E116/><V109/><F129/><W68/><G68/><T23/><D131/><U82/><E42/><V107/><F66/><W71/><G71/><T91/><D103/><U38/><E38/><V5/><F29/><W126/><G72/><T60/><D119/><U87/><E52/><N who="2" m="29711" /><F132/><W62/><G49/><N who="0" m="26767" /><D91/><N who="1" m="51655" /><E11/><N who="2" m="4335" /><F97/><W85/><G59/><T27/><D90/><N who="1" m="51575" /><E2/><V124/><F107/><W43/><G43/><T70/><D70/><U135/><E20/><V28/><F28/><W130/><G130/><T16/><D10/><U30/><E30/><V102/><F102/><W17/><REACH who="3" step="1"/><G85/><REACH who="3" ten="250,307,283,140" step="2"/><T57/><D56/><U40/><E135/><V133/><F133/><W122/><G122/><T37/><D37/><U84/><E40/><V6/><F110/><W58/><G58/><T26/><N who="0" m="6144" /><DORA hai="65" /><T46/><D46/><U9/><E73/><V19/><F47/><W7/><G7/><T94/><D94/><U112/><E112/><V54/><F6/><W120/><G120/><T0/><D0/><U4/><E75/><V78/><F108/><W12/><AGARI ba="1,2" hai="12,17,21,61,62,63,76,79,92,98,101,125,126,127" machi="12" ten="40,8000,1" yaku="1,1,0,1,18,1,52,1,53,0" doraHai="18,65" doraHaiUra="64,123" who="3" fromWho="3" sc="250,-21,307,-21,283,-41,140,103" /><INIT seed="3,0,0,4,5,114" ten="229,286,242,243" oya="3" hai0="50,126,7,61,5,111,107,75,76,21,38,90,113" hai1="104,19,31,2,127,71,29,77,16,88,41,92,67" hai2="73,32,69,119,68,96,47,123,22,36,86,103,64" hai3="28,51,23,134,109,59,65,3,42,12,13,0,27"/><W15/><G134/><T91/><D38/><U35/><E104/><V30/><F73/><W99/><G109/><T133/><D111/><U78/><E2/><V55/><F22/><W63/><REACH who="3" step="1"/><G99/><REACH who="3" ten="229,286,242,233" step="2"/><T129/><D113/><U105/><E127/><V58/><F96/><W97/><G97/><T85/><D133/><U106/><E106/><V89/><F123/><W121/><G121/><T93/><D126/><U110/><E105/><V120/><F120/><W46/><AGARI ba="0,1" hai="0,3,12,13,15,23,27,28,42,46,51,59,63,65" machi="46" ten="30,12000,1" yaku="1,1,0,1,53,3" doraHai="114" doraHaiUra="10" who="3" fromWho="3" sc="229,-40,286,-40,242,-40,233,130" owari="189,-31.1,246,4.6,202,-19.8,363,46.3" /></mjloggm>