<mjloggm ver="2.3"><GO type="225" lobby="0"/><UN n0="%E3%80%90%E8%92%BC%E7%90%89%E3%80%91" n1="%E5%A4%8F%E9%88%B4%E9%88%B4%E5%A4%8F" n2="%E9%A6%AC%E5%BC%95%E7%81%AB%33" n3="%E7%99%BD%E5%80%89%E5%AF%9B%E4%B9%8B" dan="16,16,16,16" rate="2170.20,2130.45,2087.07,2124.22" sx="F,F,M,M"/><TAIKYOKU oya="0"/><INIT seed="0,0,0,5,5,73" ten="250,250,250,250" oya="0" hai0="17,91,104,93,125,76,23,135,33,120,74,132,13" hai1="12,127,71,83,24,1,110,78,89,70,96,4,128" hai2="64,34,94,57,10,81,86,126,130,26,18,49,119" hai3="77,41,75,36,106,88,59,50,113,38,79,121,124"/><T2/><D120/><U39/><E110/><V6/><F119/><W14/><G121/><T87/><D125/><U35/><E39/><V97/><F126/><W108/><G75/><T21/><D33/><U37/><E127/><V63/><F130/><W92/><G106/><T60/><D2/><U54/><E37/><V95/><F49/><W105/><G105/><T19/><D104/><U111/><E111/><V102/><F95/><W103/><G124/><T109/><D60/><U53/><E128/><V129/><F129/><W47/><G108/><T9/><D109/><U20/><E1/><V115/><F115/><W15/><G113/><T68/><D68/><U100/><E89/><V122/><F122/><W0/><G0/><T101/><D101/><U67/><E35/><V5/><F34/><W8/><G103/><T58/><D58/><U45/><E67/><V62/><F62/><W72/><G15/><T42/><D42/><U16/><E45/><V116/><F116/><W46/><G59/><T114/><D114/><U22/><E4/><V56/><F56/><W27/><G27/><T51/><D51/><U107/><E71/><V123/><F123/><W118/><G118/><T3/><D3/><U85/><REACH who="1" step="1"/><E70/><REACH who="1" ten="250,240,250,250" step="2"/><V43/><F64/><W133/><G38/><T112/><D112/><U55/><E55/><V90/><F5/><W66/><G66/><T117/><D117/><U11/><E11/><V52/><F6/><N who="3" m="3351" /><G36/><T61/><D9/><U65/><E65/><V84/><F10/><W69/><G47/><T131/><D131/><U82/><E82/><V98/><F81/><RYUUKYOKU ba="0,1" sc="250,-10,240,30,250,-10,250,-10" hai1="12,16,20,22,24,53,54,78,83,85,96,100,107" /><INIT seed="1,1,1,4,3,82" ten="240,270,240,240" oya="1" hai0="107,58,2,104,118,9,18,75,62,55,19,106,90" hai1="119,109,23,1,113,46,135,26,5,86,98,65,14" hai2="88,42,13,124,52,11,49,33,77,78,69,43,51" hai3="50,61,30,134,38,81,102,76,70,99,115,67,59"/><U15/><E113/><V60/><F33/><W131/><G38/><T100/><D75/><U108/><E119/><V25/><F25/><W10/><G115/><T68/><D118/><U121/><E121/><V63/><F124/><W35/><G131/><T36/><D36/><U54/><E65/><V72/><F72/><W57/><G134/><T8/><D100/><U116/><E116/><V45/><F69/><W16/><G50/><T93/><D68/><U133/><E98/><V91/><F13/><N who="1" m="4617" /><E54/><V71/><F71/><W125/><G16/><T47/><D47/><U31/><E86/><V96/><F11/><W101/><G101/><T95/><D9/><N who="1" m="2223" /><E46/><V22/><F45/><W73/><G10/><T120/><D120/><U64/><E64/><V105/><F22/><W80/><G80/><T7/><REACH who="0" step="1"/><D95/><REACH who="0" ten="230,270,240,240" step="2"/><U53/><E53/><V3/><F52/><W27/><G125/><T97/><AGARI ba="1,2" hai="2,7,8,18,19,55,58,62,90,93,97,104,106,107" machi="97" ten="30,4000,0" yaku="1,1,2,1,0,1,53,0" doraHai="82" doraHaiUra="112" who="0" fromWho="0" sc="230,63,270,-21,240,-11,240,-11" /><INIT seed="2,0,0,2,5,130" ten="293,249,229,229" oya="2" hai0="2,35,10,79,78,31,68,117,92,44,114,29,32" hai1="99,26,5,17,43,27,67,125,6,34,4,97,25" hai2="42,96,94,116,83,132,50,41,76,69,18,104,82" hai3="11,63,59,15,55,39,56,95,121,3,7,37,36"/><V134/><F116/><W13/><G121/><T122/><D68/><U123/><E123/><V86/><F69/><W28/><G28/><T30/><D114/><U49/><E125/><V80/><F104/><W19/><G19/><T101/><D122/><U33/><E67/><V57/><F18/><W14/><G95/><T129/><D129/><U131/><E131/><V65/><F83/><W53/><REACH who="3" step="1"/><G3/><REACH who="3" ten="293,249,229,219" step="2"/><T47/><D2/><U22/><E34/><V71/><F82/><W93/><G93/><T135/><D92/><U85/><E33/><V23/><F23/><W112/><G112/><T106/><D32/><U126/><E126/><V66/><F71/><W60/><AGARI ba="0,1" hai="7,11,13,14,15,36,37,39,53,55,56,59,60,63" machi="60" ten="30,4000,0" yaku="1,1,0,1,9,1,53,0" doraHai="130" doraHaiUra="119" who="3" fromWho="3" sc="293,-10,249,-10,229,-20,219,50" /><INIT seed="3,0,0,5,0,126" ten="283,239,209,269" oya="3" hai0="42,51,110,132,28,4,68,105,58,122,89,8,83" hai1="81,70,48,76,118,114,29,66,94,18,111,108,30" hai2="22,49,124,131,127,80,125,39,38,11,25,98,16" hai3="55,121,73,84,71,43,91,40,10,92,102,19,35"/><W47/><G73/><T74/><D68/><U99/><E114/><V0/><F98/><N who="3" m="59719" /><G35/><T109/><D105/><U69/><E118/><V100/><F100/><W54/><G71/><N who="1" m="27146" /><E48/><V104/><F104/><W45/><G121/><T53/><D122/><U46/><E18/><V60/><F60/><W24/><G47/><T103/><D103/><N who="1" m="60919" /><E46/><V23/><F23/><N who="3" m="13439" /><G10/><T26/><D42/><N who="3" m="15913" /><G45/><T64/><D74/><N who="1" m="43159" /><E66/><V87/><F49/><W97/><G97/><T44/><D64/><U31/><E29/><V13/><F0/><W17/><G17/><T129/><D44/><U50/><E30/><N who="2" m="17719" /><F38/><W130/><G55/><T72/><D72/><U21/><E31/><V88/><F39/><W115/><G115/><T62/><D62/><U65/><E21/><V135/><F135/><W6/><G6/><T113/><D132/><U14/><E65/><V56/><F56/><W15/><G15/><T134/><D134/><U78/><E14/><V3/><F3/><W90/><G54/><T117/><D113/><U96/><E50/><V27/><F27/><W123/><G123/><T33/><D117/><U59/><E96/><V106/><F106/><W41/><G41/><T85/><D8/><U52/><E78/><V2/><F2/><W133/><G133/><T86/><D4/><U63/><E63/><V9/><F9/><W101/><G101/><T120/><D120/><U1/><E1/><V37/><F37/><W7/><G7/><T119/><D119/><U107/><E107/><V20/><F11/><W32/><G32/><T82/><D33/><U112/><E112/><V116/><F116/><RYUUKYOKU ba="0,0" sc="283,-15,239,15,209,15,269,-15" hai1="52,59,108,111" hai2="13,16,20,80,87,88,124,125,127,131" /><INIT seed="4,1,0,1,4,82" ten="268,254,224,254" oya="0" hai0="76,17,102,44,84,27,89,94,126,55,114,124,18" hai1="101,14,110,21,2,62,134,69,75,15,52,25,51" hai2="83,120,65,32,34,72,121,19,56,122,0,85,74" hai3="71,6,11,99,133,80,41,86,68,123,129,92,48"/><T97/><D114/><U9/><E110/><V40/><F0/><W131/><G123/><T31/><D76/><U103/><E75/><V35/><F40/><W79/><G133/><T39/><D55/><U26/><E2/><V113/><F113/><W1/><G41/><N who="0" m="22591" /><D27/><U53/><E134/><V109/><F109/><W66/><G48/><T8/><D8/><U47/><E26/><V127/><F127/><N who="0" m="48682" /><D31/><U108/><E108/><V61/><REACH who="2" step="1"/><F19/><REACH who="2" ten="268,254,214,254" step="2"/><W111/><G111/><T90/><D90/><AGARI ba="1,1" hai="32,34,35,56,61,65,72,74,83,85,90,120,121,122" machi="90" ten="50,12000,2" yaku="1,1,2,1,52,1,53,3" doraHai="82" doraHaiUra="119" who="2" fromWho="0" sc="268,-123,254,0,214,133,254,0" owari="145,-35.5,254,5.4,347,44.7,254,-14.6" /></mjloggm>