<mjloggm ver="2.3"><GO type="225" lobby="0"/><UN n0="%6C%61%6D%62" n1="%E6%98%93%E5%88%A9%E8%96%A9%E4%BC%AF" n2="%E9%A6%AC%E5%BC%95%E7%81%AB%33" n3="%E5%A4%8F%E9%88%B4%E9%88%B4%E5%A4%8F" dan="16,17,16,16" rate="2183.54,2110.06,2046.75,2118.32" sx="M,F,M,F"/><TAIKYOKU oya="0"/><INIT seed="0,0,0,2,1,19" ten="250,250,250,250" oya="0" hai0="94,5,45,71,24,87,12,40,130,99,57,54,33" hai1="118,75,66,124,42,60,36,0,52,104,28,14,68" hai2="37,135,35,115,127,20,62,22,41,21,38,76,7" hai3="121,2,89,91,23,80,101,49,6,4,55,95,126"/><T109/><D71/><U64/><E0/><V31/><F115/><W90/><G126/><T27/><D130/><U92/><E104/><V30/><F127/><W114/><G114/><T105/><D105/><U34/><E75/><V79/><F7/><N who="3" m="2603" /><G2/><T65/><D65/><U97/><E118/><V108/><F108/><W32/><G32/><T100/><D33/><U8/><E124/><V11/><F11/><W43/><G43/><T93/><D109/><U123/><E123/><V110/><F110/><W111/><G111/><T29/><D12/><U50/><E36/><N who="2" m="13931" /><F35/><W74/><G74/><T1/><D5/><U132/><E42/><V70/><F41/><W88/><G121/><T16/><D29/><N who="2" m="10762" /><F70/><W125/><G101/><T112/><D1/><U81/><E81/><V117/><F62/><W18/><G125/><T77/><D112/><U83/><E83/><V72/><F72/><W10/><G10/><T53/><D40/><U131/><E131/><V63/><F63/><W58/><G91/><N who="0" m="53503" /><D77/><N who="2" m="29770" /><F135/><W61/><G61/><N who="0" m="36015" /><D16/><U9/><E132/><V103/><F103/><W102/><G102/><T46/><D46/><U47/><E14/><V119/><AGARI ba="0,0" hai="20,21,22,117,119" m="29770,10762,13931" machi="119" ten="40,8000,1" yaku="28,2,52,3" doraHai="19" who="2" fromWho="2" sc="250,-40,250,-20,250,80,250,-20" /><INIT seed="1,0,0,3,0,131" ten="210,230,330,230" oya="1" hai0="81,22,126,88,89,84,32,52,61,18,108,20,60" hai1="4,124,115,3,51,68,110,77,130,98,35,25,86" hai2="101,44,100,12,23,56,121,107,0,59,73,54,13" hai3="26,34,117,43,67,132,94,116,40,80,39,91,31"/><U74/><E115/><V99/><F121/><W6/><G132/><T27/><D108/><U21/><E35/><V123/><F123/><W53/><G67/><T2/><D126/><U5/><E74/><V17/><F0/><W127/><G127/><T10/><D32/><U133/><E68/><V37/><F73/><W7/><G80/><T87/><D2/><U28/><E130/><V55/><F101/><W71/><G53/><T11/><D20/><U48/><E110/><V50/><F37/><W120/><G71/><T66/><D52/><U38/><E38/><V102/><F102/><W93/><G93/><T104/><D104/><U24/><E24/><V103/><F103/><W114/><G114/><T96/><D96/><U9/><E5/><N who="3" m="1546" /><G39/><T109/><D109/><U30/><E30/><V14/><REACH who="2" step="1"/><F44/><REACH who="2" ten="210,230,320,230" step="2"/><W75/><G75/><T112/><D112/><U97/><E124/><V113/><F113/><W16/><G120/><T111/><D111/><U125/><E125/><V76/><F76/><W79/><G79/><T45/><D45/><U118/><E3/><V58/><F58/><W134/><G117/><T72/><D72/><U78/><E78/><V64/><F64/><W1/><G1/><T92/><D61/><AGARI ba="0,1" hai="12,13,14,17,23,50,54,55,56,59,61,99,100,107" machi="61" ten="30,3900,0" yaku="1,1,7,1,53,1" doraHai="131" doraHaiUra="57" who="2" fromWho="0" sc="210,-39,230,0,320,49,230,0" /><INIT seed="2,0,0,4,4,68" ten="171,230,369,230" oya="2" hai0="126,73,113,92,4,34,30,125,27,100,122,98,82" hai1="65,5,88,123,14,10,50,124,0,80,129,94,43" hai2="71,103,16,1,21,99,32,81,40,91,63,45,35" hai3="107,64,108,18,29,62,93,56,42,127,85,58,36"/><V26/><F1/><W70/><G107/><T74/><D113/><U37/><E129/><V118/><F118/><W95/><G108/><T84/><D122/><U78/><E124/><V90/><F71/><W52/><G29/><T134/><D4/><U114/><E114/><V121/><F63/><W39/><G127/><N who="0" m="48651" /><D27/><U48/><E65/><V53/><F53/><W133/><G133/><T89/><D30/><U69/><E14/><V117/><F117/><W28/><G28/><T44/><D44/><N who="1" m="23663" /><E69/><V111/><F111/><W109/><G109/><T24/><D24/><U17/><E17/><V75/><F121/><W15/><G58/><T86/><D34/><U31/><E31/><V3/><F3/><W47/><G85/><N who="0" m="50359" /><D134/><U51/><E51/><V8/><F8/><W72/><G36/><T9/><D9/><U101/><E101/><V2/><F2/><W77/><G77/><T12/><D12/><U7/><E7/><V22/><F22/><N who="3" m="11615" /><G72/><AGARI ba="0,0" hai="72,73,74,84,86,92,98,100" m="50359,48651" machi="72" ten="30,3900,0" yaku="18,1,34,2" doraHai="68" who="0" fromWho="3" sc="171,39,230,0,369,0,230,-39" /><INIT seed="3,0,0,1,0,88" ten="210,230,369,191" oya="3" hai0="108,75,93,119,126,65,127,29,14,76,45,58,91" hai1="102,17,33,128,50,25,83,46,118,36,69,22,134" hai2="133,132,109,74,97,31,0,38,32,24,86,56,82" hai3="98,23,54,35,103,100,55,44,39,27,80,21,51"/><W40/><G35/><T107/><D119/><U26/><E36/><V101/><F109/><W28/><G21/><T5/><D107/><U116/><E69/><V20/><F38/><W9/><G9/><T71/><D71/><U94/><E128/><V111/><F111/><W130/><G130/><T68/><D68/><U95/><E83/><V19/><F0/><W4/><G4/><T60/><D108/><U2/><E2/><V43/><F43/><W117/><G117/><N who="1" m="45162" /><E102/><V124/><F74/><W72/><G39/><T3/><D29/><N who="1" m="19631" /><E134/><V30/><F56/><W79/><REACH who="3" step="1"/><G103/><REACH who="3" ten="210,230,369,181" step="2"/><T129/><D129/><U87/><E87/><V114/><F20/><W70/><G70/><T104/><D5/><U63/><E63/><V92/><F86/><W1/><G1/><T7/><D7/><U49/><E49/><V110/><F101/><W13/><G13/><T121/><D14/><U120/><E120/><V47/><F32/><W125/><G125/><T37/><D3/><U89/><E89/><V48/><F124/><W67/><G67/><T57/><D121/><U78/><E78/><V12/><F12/><W52/><G52/><AGARI ba="0,1" hai="17,22,26,46,50,52,94,95" m="19631,45162" machi="52" ten="30,7700,0" yaku="12,1,52,2,54,1" doraHai="88" who="1" fromWho="3" sc="210,0,230,87,369,0,181,-77" owari="210,-19.0,317,11.7,369,46.9,104,-39.6" /></mjloggm>