<mjloggm ver="2.3"><GO type="225" lobby="0"/><UN n0="%E5%8D%A0%E3%81%84%E5%B8%AB%E8%A3%8F%E3%81%AA%E3%81%84%E3%81%97" n1="%E7%99%BD%E5%80%89%E5%AF%9B%E4%B9%8B" n2="%47%48%4F%53%54" n3="%E3%81%AF%E3%82%88%E3%81%8A%E3%81%98%E3%81%95%E3%82%93" dan="17,16,18,17" rate="2212.23,2161.19,2214.36,2131.75" sx="M,M,M,M"/><TAIKYOKU oya="0"/><INIT seed="0,0,0,3,2,64" ten="250,250,250,250" oya="0" hai0="34,69,3,100,48,105,74,19,29,16,76,121,112" hai1="21,94,113,63,5,50,99,116,123,33,129,52,70" hai2="67,24,80,125,41,128,7,9,65,104,30,8,81" hai3="95,132,43,118,26,44,107,111,135,45,25,115,51"/><T20/><D112/><U28/><E113/><V12/><F104/><W56/><G115/><T131/><D121/><U22/><E123/><V37/><F125/><W88/><G107/><T127/><D3/><U86/><E116/><V77/><F128/><W66/><G118/><T83/><D127/><U71/><E129/><V58/><F81/><W46/><G111/><T11/><D131/><U61/><E5/><V117/><F117/><W72/><G72/><T134/><D134/><N who="3" m="51241" /><G66/><T10/><D34/><U130/><E33/><V90/><F90/><W120/><G120/><T36/><D36/><U109/><E86/><V96/><F96/><N who="3" m="57447" /><G56/><T17/><D69/><U93/><E130/><V79/><F79/><W102/><G102/><T75/><D75/><U55/><E99/><V53/><F80/><W122/><G122/><T103/><D105/><U32/><E32/><V92/><F77/><W15/><G15/><T124/><D124/><U114/><E114/><V98/><F92/><W35/><G35/><T4/><D100/><U85/><E85/><V133/><F98/><W39/><G46/><T101/><D101/><U54/><E109/><V31/><F133/><W89/><G89/><T78/><D78/><U2/><E2/><V126/><F126/><W27/><G45/><T38/><D38/><AGARI ba="0,0" hai="25,26,27,38,39,43,44,51" m="57447,51241" machi="38" ten="30,2000,0" yaku="20,1,54,1" doraHai="64" who="3" fromWho="0" sc="250,-20,250,0,250,0,250,20" /><INIT seed="1,0,0,3,2,120" ten="230,250,250,270" oya="1" hai0="124,52,18,60,25,132,14,40,63,11,5,6,98" hai1="96,90,113,34,133,111,75,47,112,59,43,36,44" hai2="35,67,48,94,130,116,110,131,53,23,42,8,49" hai3="129,68,104,0,66,121,29,51,114,9,77,54,102"/><U107/><E34/><V58/><F116/><W50/><G121/><T91/><D132/><U7/><E75/><V20/><F35/><W15/><G114/><T128/><D128/><N who="2" m="49194" /><F110/><W123/><G123/><T69/><D124/><U16/><E7/><V57/><F42/><W115/><G115/><T73/><D73/><U2/><E2/><V78/><F78/><W62/><G0/><T93/><D40/><U70/><E70/><V45/><F58/><W125/><G125/><T56/><D69/><U135/><E59/><V105/><F105/><W127/><G127/><T64/><D64/><U88/><E107/><V80/><F80/><W41/><G77/><T89/><D63/><U13/><E111/><V26/><F94/><W71/><G71/><T37/><D37/><U82/><E47/><V95/><F95/><W65/><G66/><T39/><D39/><U46/><E46/><V97/><F97/><N who="3" m="61519" /><G41/><T76/><D76/><U83/><E96/><V85/><F85/><W30/><G129/><T126/><D126/><U19/><E112/><V31/><F8/><W100/><G100/><T117/><D117/><U24/><E113/><V84/><F84/><W21/><G21/><N who="2" m="8265" /><F67/><W1/><G1/><T79/><D79/><U17/><E83/><V27/><F31/><N who="3" m="11787" /><G54/><T119/><D119/><U81/><E82/><V72/><F72/><W38/><G38/><T101/><D25/><N who="2" m="9226" /><F45/><W86/><G86/><T122/><D122/><U4/><E81/><V106/><F106/><W109/><G109/><T22/><D22/><U28/><E135/><V108/><F108/><W134/><G134/><RYUUKYOKU ba="0,0" sc="230,10,250,-30,250,10,270,10" hai0="5,6,11,14,18,52,56,60,89,91,93,98,101" hai2="48,49,53,57" hai3="9,15,50,51,62,65,68" /><INIT seed="2,1,0,2,5,53" ten="240,220,260,280" oya="2" hai0="87,112,125,2,70,47,78,15,3,13,59,23,41" hai1="79,86,49,99,35,67,68,128,60,108,45,93,5" hai2="118,36,98,56,0,61,110,44,77,134,84,17,26" hai3="39,104,71,91,43,11,16,111,107,28,24,6,42"/><V103/><F118/><W69/><G111/><T96/><D112/><U82/><E35/><V4/><F110/><W113/><G113/><T7/><D70/><U25/><E108/><V30/><F134/><W80/><G91/><T50/><D125/><U66/><E128/><V81/><F17/><W64/><G80/><N who="0" m="47511" /><D96/><U115/><E115/><V40/><F4/><W46/><G42/><T51/><D23/><U57/><E25/><V123/><F0/><N who="3" m="455" /><G16/><T101/><D101/><N who="1" m="60655" /><E5/><V90/><F123/><W33/><G64/><T9/><D13/><U58/><E68/><AGARI ba="1,0" hai="24,28,33,39,43,46,68,69,71,104,107" m="455" machi="68" ten="30,2000,0" yaku="33,2" doraHai="53" who="3" fromWho="1" sc="240,0,220,-23,260,0,280,23" /><INIT seed="3,0,0,3,1,3" ten="240,197,260,303" oya="3" hai0="8,135,43,7,77,71,11,126,87,83,82,22,4" hai1="114,48,111,99,97,47,120,79,15,88,50,64,117" hai2="86,80,52,54,28,25,70,12,121,113,35,130,118" hai3="68,122,67,73,81,21,61,96,125,123,53,34,133"/><W131/><G34/><T104/><D104/><U14/><E114/><V27/><F113/><W59/><G125/><T17/><D71/><U46/><E120/><V60/><F118/><W63/><G131/><T6/><D126/><U101/><E117/><V72/><F72/><W58/><G133/><T108/><D108/><U89/><E111/><V37/><F37/><W69/><G21/><T57/><D135/><U106/><E79/><V32/><F12/><W85/><G73/><T66/><D43/><U94/><E64/><V45/><F45/><W19/><G19/><T24/><D82/><U109/><E109/><V124/><F130/><W0/><G0/><T127/><D127/><U16/><E89/><V95/><F95/><W39/><G39/><T75/><D75/><U30/><E30/><V115/><F115/><W103/><G69/><T116/><D116/><U38/><E38/><V105/><F105/><W23/><G23/><T76/><D76/><U62/><E62/><AGARI ba="0,0" hai="4,6,7,8,11,17,22,24,57,62,66,77,83,87" machi="62" ten="40,8000,1" yaku="8,1,52,3" doraHai="3" who="0" fromWho="1" sc="240,80,197,-80,260,0,303,0" owari="320,42.0,117,-38.3,260,-14.0,303,10.3" /></mjloggm>