<mjloggm ver="2.3"><GO type="225" lobby="0"/><UN n0="%E7%99%BD%E5%80%89%E5%AF%9B%E4%B9%8B" n1="%E3%83%A9%E3%82%B9%E7%8E%87%EF%BC%93%E5%89%B2" n2="%E9%B7%B9%E5%80%89%E6%9D%8F%E9%88%B4" n3="%E5%A4%8F%E9%88%B4%E9%88%B4%E5%A4%8F" dan="16,16,16,16" rate="2117.03,2209.45,2089.51,2121.53" sx="M,F,F,F"/><TAIKYOKU oya="0"/><INIT seed="0,0,0,5,5,98" ten="250,250,250,250" oya="0" hai0="41,113,30,79,90,36,24,86,29,32,58,22,18" hai1="103,42,118,73,127,102,48,44,112,23,80,88,62" hai2="84,16,71,116,20,26,34,55,69,74,35,68,128" hai3="8,125,65,96,53,13,82,17,38,104,54,57,12"/><T4/><D113/><U1/><E1/><V50/><F74/><W117/><G117/><T19/><D79/><U108/><E118/><V56/><F116/><W61/><G38/><T9/><D36/><U15/><E112/><V64/><F128/><W83/><G125/><T49/><D29/><U51/><E127/><V21/><F64/><W52/><REACH who="3" step="1"/><G13/><REACH who="3" ten="250,250,250,240" step="2"/><N who="0" m="5287" /><D32/><U120/><E120/><V110/><F110/><W33/><G33/><T77/><D77/><U37/><E108/><V106/><F106/><W91/><G91/><T123/><D123/><U11/><E37/><V31/><REACH who="2" step="1"/><F84/><REACH who="2" ten="250,250,240,240" step="2"/><W75/><G75/><T93/><D41/><U92/><E73/><V45/><F45/><W67/><G67/><T105/><D105/><U47/><E44/><V72/><F72/><W43/><G43/><T14/><D86/><N who="1" m="52247" /><E47/><V60/><F60/><W115/><G115/><T39/><D39/><U95/><E42/><V66/><F66/><W107/><G107/><T5/><D49/><U129/><E62/><V122/><F122/><W124/><G124/><T3/><D58/><U0/><E51/><V131/><F131/><W7/><G7/><T59/><D59/><U101/><E48/><V99/><F99/><W10/><G10/><T121/><D121/><U27/><E129/><V130/><F130/><W111/><G111/><T97/><D3/><U81/><E0/><V78/><F78/><W133/><G133/><T2/><D2/><U135/><E135/><V134/><F134/><W126/><G126/><T132/><D132/><U119/><E119/><V25/><AGARI ba="0,2" hai="16,20,21,25,26,31,34,35,50,55,56,68,69,71" machi="25" ten="40,5200,0" yaku="1,1,0,1,54,1,53,0" doraHai="98" doraHaiUra="40" who="2" fromWho="2" sc="250,-26,250,-13,240,72,240,-13" /><INIT seed="1,0,0,5,4,107" ten="224,237,312,227" oya="1" hai0="100,83,21,89,88,14,123,41,1,35,29,117,20" hai1="65,32,122,25,115,59,50,36,79,0,98,134,62" hai2="85,126,31,37,38,56,106,64,15,11,55,72,47" hai3="40,135,12,23,102,30,48,125,77,66,68,34,133"/><U101/><E115/><V95/><F106/><W6/><G34/><T13/><D1/><U63/><E122/><V52/><F31/><W94/><G77/><T22/><D123/><U124/><E0/><V45/><F72/><W42/><G125/><T24/><D117/><U132/><E36/><V46/><F126/><W129/><G129/><T17/><D100/><U104/><E124/><V7/><F38/><W93/><G6/><T16/><D41/><N who="3" m="15977" /><G102/><T131/><D131/><U99/><E99/><V78/><F37/><W53/><G66/><T118/><D118/><U70/><E50/><N who="2" m="28767" /><F64/><W67/><G67/><T3/><D3/><U111/><E111/><V28/><F28/><W90/><G90/><T120/><D120/><U44/><E44/><V97/><F85/><W113/><G68/><T112/><D112/><U69/><E79/><V130/><F78/><W74/><G74/><T18/><D83/><U4/><E4/><V71/><F71/><W82/><G82/><T108/><D108/><U58/><E69/><V75/><F75/><W10/><G23/><T49/><D49/><U5/><E5/><V91/><F130/><W109/><G30/><T39/><D39/><U119/><E119/><V26/><F26/><AGARI ba="0,0" hai="13,14,16,17,18,20,21,22,24,26,29,35,88,89" machi="26" ten="30,7700,0" yaku="7,1,9,1,54,2" doraHai="107" who="0" fromWho="2" sc="224,77,237,0,312,-77,227,0" /><INIT seed="2,0,0,1,2,5" ten="301,237,235,227" oya="2" hai0="30,64,117,87,123,38,57,80,75,2,95,31,29" hai1="50,72,49,76,86,102,59,47,17,60,34,114,27" hai2="42,63,19,82,74,121,120,22,115,7,134,11,37" hai3="66,40,91,52,69,129,12,103,131,98,25,108,70"/><V21/><F115/><W24/><G108/><T14/><D38/><U56/><E72/><V18/><F63/><W62/><G40/><T127/><D2/><U77/><E114/><V9/><F42/><W68/><G91/><T44/><D123/><N who="2" m="47178" /><F82/><W46/><G12/><T133/><D75/><U128/><E102/><V61/><F61/><W81/><G81/><T41/><D57/><U28/><E86/><V13/><F37/><W26/><G52/><T32/><D64/><U10/><E59/><V113/><F74/><W36/><G46/><T15/><D95/><U1/><E50/><V8/><F113/><W33/><G33/><T51/><D87/><U132/><E49/><V126/><F126/><W106/><REACH who="3" step="1"/><G36/><REACH who="3" ten="301,237,235,217" step="2"/><T4/><D44/><U112/><E47/><V130/><F130/><AGARI ba="0,1" hai="24,25,26,62,66,68,69,70,98,103,106,129,130,131" machi="130" ten="40,5200,0" yaku="1,1,2,1,19,1,53,0" doraHai="5" doraHaiUra="135" who="3" fromWho="2" sc="301,0,237,0,235,-52,217,62" /><INIT seed="3,0,0,5,1,57" ten="301,237,183,279" oya="3" hai0="46,54,47,24,66,87,3,6,78,18,85,76,37" hai1="45,108,83,72,134,15,62,105,114,11,96,129,130" hai2="65,58,9,88,28,82,80,98,55,91,39,123,44" hai3="119,75,30,49,26,35,103,121,51,1,2,94,112"/><W19/><G119/><T93/><D3/><U84/><E114/><V4/><F123/><W107/><G121/><T73/><D73/><U17/><E108/><V8/><F28/><W31/><G107/><T0/><D0/><U43/><E134/><V77/><F65/><W27/><G75/><T42/><D6/><U128/><E72/><V7/><F39/><W5/><G19/><T115/><D66/><U29/><E29/><V40/><F40/><W34/><G112/><T122/><D122/><U36/><E62/><N who="2" m="36191" /><F44/><W81/><G81/><N who="2" m="31337" /><F77/><W16/><G16/><T56/><D115/><U74/><E74/><V53/><F53/><W100/><G94/><T95/><D37/><U135/><E135/><V38/><F38/><W70/><G70/><T71/><D71/><U79/><E96/><V10/><F98/><W13/><G13/><T124/><D42/><U41/><E43/><V60/><F60/><W133/><G133/><T92/><D124/><U52/><E52/><V12/><F12/><W64/><G64/><T125/><D125/><U32/><E105/><V22/><F22/><W48/><G48/><N who="0" m="30791" /><D78/><U111/><E111/><V25/><F25/><W20/><G20/><N who="0" m="13335" /><D76/><U104/><E104/><V69/><F69/><W23/><G23/><T67/><D67/><U59/><E32/><V116/><F116/><W61/><G61/><T113/><D113/><U132/><E132/><V97/><F97/><W117/><G117/><T127/><D127/><U90/><E79/><V118/><F118/><W131/><G34/><T102/><D102/><U21/><E21/><V106/><F106/><RYUUKYOKU ba="0,0" sc="301,10,237,10,183,10,279,-30" hai0="46,47,85,87,92,93,95" hai1="11,15,17,36,41,45,59,83,84,90,128,129,130" hai2="4,7,8,9,10,88,91" owari="311,41.1,247,-15.3,193,-30.7,249,4.9" /></mjloggm>