<mjloggm ver="2.3"><GO type="225" lobby="0"/><UN n0="%E6%B4%BE%E9%81%A3%E3%81%AE%E3%82%B8%E3%83%A3%E3%83%83%E3%82%AF" n1="%E6%9C%88%E5%B3%B6%E5%9F%BA" n2="%6D%6F%75%77" n3="%E9%A6%AC%E5%BC%95%E7%81%AB%33" dan="17,16,16,16" rate="2195.89,2170.88,2131.75,2123.59" sx="M,M,M,M"/><TAIKYOKU oya="0"/><INIT seed="0,0,0,5,1,105" ten="250,250,250,250" oya="0" hai0="29,124,13,35,3,67,104,40,73,1,38,118,112" hai1="86,8,72,74,69,103,120,20,114,134,90,131,43" hai2="27,96,84,111,39,80,122,77,135,28,102,108,63" hai3="64,125,37,68,30,113,82,0,62,33,59,116,87"/><T98/><D13/><U7/><E120/><V17/><F39/><W52/><G113/><T6/><D112/><U41/><E114/><V129/><F122/><W49/><G116/><T66/><D118/><U78/><E69/><V48/><F17/><W95/><G125/><T51/><D51/><U50/><E103/><V58/><F48/><W119/><G119/><T21/><D21/><U36/><E36/><V70/><F70/><W22/><G0/><T93/><D93/><U127/><E127/><V132/><F58/><W99/><G33/><T5/><D124/><U121/><E121/><V10/><F63/><W126/><G126/><T115/><D115/><U45/><E43/><V31/><F10/><W23/><G30/><N who="2" m="11305" /><F27/><W60/><G60/><T110/><D110/><N who="2" m="42026" /><F129/><W92/><G92/><AGARI ba="0,0" hai="77,80,84,92,96,102,132,135" m="42026,11305" machi="92" ten="30,1000,0" yaku="14,1" doraHai="105" who="2" fromWho="3" sc="250,0,250,0,250,10,250,-10" /><INIT seed="1,0,0,1,1,2" ten="250,250,260,240" oya="1" hai0="49,8,131,133,19,130,3,43,111,61,106,64,120" hai1="132,17,134,56,79,38,33,41,124,36,47,31,88" hai2="28,48,99,85,58,42,127,39,52,73,16,51,59" hai3="82,20,119,45,102,113,129,22,53,9,13,65,86"/><U55/><E79/><V121/><F121/><W12/><G113/><T90/><D106/><U69/><E69/><V1/><F73/><W117/><G129/><T11/><D111/><U4/><E38/><V114/><F1/><W97/><G65/><T62/><D133/><N who="1" m="51307" /><E124/><V100/><F127/><W72/><G72/><T0/><D120/><U24/><E17/><V50/><F114/><W6/><G53/><T71/><D90/><U63/><E88/><V25/><F39/><W81/><G45/><T54/><D43/><U34/><E34/><V66/><F16/><N who="3" m="10247" /><G22/><T135/><D135/><U21/><E33/><V46/><F85/><W104/><G86/><T105/><D105/><U98/><E98/><V10/><F10/><W68/><G68/><T84/><D84/><U108/><E108/><V77/><F77/><W92/><G92/><T101/><D101/><U57/><E57/><V125/><F125/><W15/><G15/><T95/><D95/><U115/><E115/><V87/><F87/><W107/><G107/><T78/><D78/><U60/><E60/><N who="2" m="38167" /><F100/><W5/><G5/><AGARI ba="0,0" hai="4,5,21,24,31,36,41,47,55,56,63" m="51307" machi="5" ten="30,5800,0" yaku="20,1,52,2" doraHai="2" who="1" fromWho="3" sc="250,0,250,58,260,0,240,-58" /><INIT seed="1,1,0,0,2,134" ten="250,308,260,182" oya="1" hai0="106,47,54,125,0,87,123,38,15,84,115,55,94" hai1="18,5,95,61,25,42,98,117,72,68,128,37,122" hai2="102,34,62,49,11,116,85,78,12,36,131,76,44" hai3="59,31,96,26,75,30,6,21,132,33,39,121,52"/><U48/><E117/><V43/><F116/><W126/><G121/><T77/><D115/><U22/><E122/><V16/><F131/><W73/><G132/><T50/><D0/><U45/><E128/><V57/><F34/><W17/><G39/><T112/><D112/><U82/><E5/><V69/><F102/><W111/><G111/><T24/><D106/><U79/><E37/><V51/><F69/><W105/><G6/><T101/><D123/><U3/><E3/><V74/><F74/><W14/><G31/><T114/><D114/><U32/><E32/><V35/><F35/><W20/><G33/><T133/><D24/><U113/><E113/><V64/><REACH who="2" step="1"/><F85/><REACH who="2" ten="250,308,250,182" step="2"/><W130/><G130/><T70/><D70/><U118/><E118/><V135/><F135/><W13/><G126/><T28/><D84/><U107/><E68/><V110/><F110/><W81/><G81/><T92/><D87/><U65/><E72/><V67/><F67/><W58/><G58/><T41/><D125/><U10/><E65/><V56/><F56/><W66/><G66/><T1/><D133/><U40/><E82/><V100/><F100/><W108/><G108/><T60/><D101/><U120/><E120/><V103/><F103/><N who="3" m="62695" /><G75/><T88/><D47/><U2/><E45/><V90/><F90/><W129/><G73/><T83/><D83/><U97/><E107/><V109/><F109/><W89/><G129/><T119/><D119/><U19/><E98/><V127/><F127/><W7/><G89/><T4/><D88/><U124/><E97/><V23/><F23/><W99/><G59/><RYUUKYOKU ba="1,1" sc="250,-10,308,-10,250,30,182,-10" hai2="11,12,16,36,43,44,49,51,57,62,64,76,78" /><INIT seed="2,2,1,5,3,133" ten="240,298,280,172" oya="2" hai0="44,54,21,66,118,68,29,13,40,0,1,42,108" hai1="78,28,107,71,15,50,80,116,57,129,63,94,121" hai2="113,93,90,9,122,103,126,110,128,70,83,12,34" hai3="102,124,10,24,132,112,2,22,45,37,115,88,85"/><V26/><F113/><N who="3" m="43595" /><G132/><T91/><D108/><U135/><E107/><V97/><F122/><W4/><G102/><T19/><D68/><U55/><E116/><V8/><F70/><W56/><G56/><T98/><D66/><U114/><E114/><V84/><F128/><W76/><G76/><T20/><D118/><U64/><E135/><V62/><F110/><W105/><G105/><T74/><D74/><U127/><E129/><V27/><F34/><W92/><G45/><T69/><D69/><U3/><E3/><V125/><F8/><W82/><G37/><T46/><D0/><U123/><E28/><V95/><F95/><W7/><G7/><T109/><D1/><U101/><E101/><V61/><F62/><W38/><G38/><T131/><D131/><U60/><E94/><V59/><F27/><W49/><G49/><N who="0" m="28983" /><D109/><U75/><E15/><V104/><F26/><W17/><G92/><N who="0" m="56607" /><D44/><U111/><E111/><V117/><F104/><W33/><G33/><T35/><D35/><U67/><E63/><V18/><REACH who="2" step="1"/><F117/><REACH who="2" ten="240,298,270,172" step="2"/><W41/><G41/><T58/><D40/><U51/><E71/><V48/><F48/><W130/><G130/><T96/><D42/><U23/><E51/><V120/><F120/><N who="1" m="46153" /><E50/><V43/><F43/><W31/><G31/><T5/><D29/><U32/><E32/><V81/><F81/><W134/><G134/><T79/><D21/><U100/><E23/><V25/><F25/><W86/><G86/><T53/><D20/><U106/><E106/><V77/><F77/><W14/><G2/><T119/><D119/><U47/><E60/><RYUUKYOKU ba="2,2" sc="240,-15,298,-15,270,15,172,15" hai2="9,12,18,59,61,83,84,90,93,97,103,125,126" hai3="4,10,14,17,22,24,82,85,88,124" /><INIT seed="2,3,2,1,5,30" ten="225,283,285,187" oya="2" hai0="14,116,61,90,56,41,40,12,42,60,36,39,33" hai1="133,132,5,117,45,134,16,124,114,37,122,58,6" hai2="49,102,104,38,70,123,84,51,24,9,79,44,0" hai3="103,83,4,88,107,72,74,23,27,57,50,91,53"/><V35/><F123/><W69/><G69/><T13/><D33/><U131/><E117/><V98/><F51/><W15/><G107/><T113/><D113/><U25/><E114/><V81/><F70/><W78/><G103/><T75/><D75/><U46/><E122/><V55/><F38/><W29/><REACH who="3" step="1"/><G74/><REACH who="3" ten="225,283,285,177" step="2"/><T87/><D116/><U126/><E132/><V48/><F104/><W34/><G34/><T121/><D121/><U21/><E133/><V64/><F102/><W26/><G26/><T59/><D39/><U119/><E134/><V8/><F35/><W68/><G68/><T99/><D36/><U94/><E119/><V71/><F24/><W77/><G77/><T32/><D32/><U118/><E118/><V47/><F71/><W22/><G22/><T18/><D18/><U93/><E37/><V130/><F9/><AGARI ba="3,3" hai="4,9,15,23,27,29,50,53,57,72,78,83,88,91" machi="9" ten="40,2600,0" yaku="1,1,54,1,53,0" doraHai="30" doraHaiUra="108" who="3" fromWho="2" sc="225,0,283,0,285,-35,177,65" /><INIT seed="3,0,0,2,1,42" ten="225,283,250,242" oya="3" hai0="132,67,92,62,100,32,45,87,125,82,106,69,19" hai1="6,23,134,98,135,89,8,18,22,58,24,20,68" hai2="107,86,112,2,122,63,54,44,26,74,103,109,28" hai3="21,41,113,10,124,91,116,12,43,101,79,94,37"/><W11/><G113/><T70/><D32/><U55/><E68/><V50/><F74/><W16/><G116/><T48/><D106/><U105/><E105/><V64/><F2/><W133/><G124/><T83/><D125/><U95/><E134/><V84/><F109/><W88/><G133/><T33/><D132/><U93/><E93/><V47/><F112/><W4/><G79/><T111/><D111/><U46/><E46/><V121/><F47/><W27/><G11/><T65/><D33/><U127/><E127/><V17/><F17/><W102/><G91/><T104/><D104/><U128/><E128/><V30/><F107/><W85/><G37/><T99/><D19/><U80/><E80/><V117/><F103/><AGARI ba="0,0" hai="4,10,12,16,21,27,41,43,85,88,94,101,102,103" machi="103" ten="40,7700,0" yaku="8,1,54,2" doraHai="42" who="3" fromWho="2" sc="225,0,283,0,250,-77,242,77" owari="225,-17.5,283,8.3,173,-32.7,319,41.9" /></mjloggm>