<mjloggm ver="2.3"><GO type="225" lobby="0"/><UN n0="%E6%A1%9C%E8%8A%B1%E9%96%83%E3%80%85" n1="%E9%A6%AC%E5%BC%95%E7%81%AB%33" n2="%E3%81%AF%E3%82%88%E3%81%8A%E3%81%98%E3%81%95%E3%82%93" n3="%E5%B0%8F%E9%B3%A5%E9%81%8A%E7%B7%B4%E7%84%A1%32%31%E6%AD%B3" dan="16,16,16,16" rate="2211.11,2144.61,2200.13,2187.55" sx="M,M,M,F"/><TAIKYOKU oya="0"/><INIT seed="0,0,0,1,5,36" ten="250,250,250,250" oya="0" hai0="133,105,18,22,109,64,2,71,72,74,13,47,73" hai1="34,121,65,89,113,88,87,62,23,99,122,61,104" hai2="94,33,106,75,110,85,124,19,27,49,63,51,118" hai3="60,82,126,130,25,41,68,91,111,77,14,66,4"/><T10/><D10/><U93/><BYE who="0" /><E34/><V119/><F75/><W131/><G111/><T98/><D98/><U20/><E113/><V103/><F106/><W107/><G107/><T32/><D32/><U117/><E117/><N who="2" m="44555" /><F110/><W114/><G126/><UN n0="%E6%A1%9C%E8%8A%B1%E9%96%83%E3%80%85" /><T92/><D105/><U69/><E61/><V21/><F124/><W6/><G114/><T134/><D109/><U28/><E28/><N who="2" m="19615" /><F63/><W16/><G25/><T116/><D116/><U1/><E1/><V24/><F85/><W57/><G91/><T46/><D92/><U8/><E8/><V84/><F84/><W97/><G97/><AGARI ba="0,0" hai="19,21,24,49,51,94,97,103" m="19615,44555" machi="97" ten="30,1000,0" yaku="12,1" doraHai="36" who="2" fromWho="3" sc="250,0,250,0,250,10,250,-10" /><INIT seed="1,0,0,5,2,62" ten="250,250,260,240" oya="1" hai0="21,48,22,24,39,51,35,86,44,106,5,56,2" hai1="15,98,90,46,108,25,134,96,115,109,16,92,97" hai2="118,89,70,83,20,84,72,43,36,113,38,94,116" hai3="66,128,85,13,76,124,74,30,129,3,54,107,91"/><U55/><E115/><V77/><F113/><W93/><G3/><T68/><D68/><U102/><E134/><V125/><F125/><W87/><G30/><T34/><D106/><U131/><E131/><N who="3" m="50250" /><G107/><T111/><D39/><U0/><E0/><V32/><F32/><W40/><G40/><T64/><D111/><N who="1" m="42571" /><E25/><V19/><F70/><W112/><G112/><T10/><D86/><N who="1" m="52311" /><E46/><V99/><F72/><W8/><G124/><T37/><D22/><N who="1" m="11551" /><E55/><V6/><F38/><W7/><G54/><T120/><D37/><U27/><E27/><V75/><F36/><W110/><G110/><T49/><D44/><U127/><E127/><V33/><F43/><W41/><G41/><T12/><D2/><U65/><E65/><V28/><F33/><W100/><G66/><T4/><D4/><U133/><E133/><V103/><F6/><W101/><G7/><T132/><D132/><U135/><E135/><V95/><F28/><W58/><G13/><AGARI ba="0,0" hai="13,19,20,75,77,83,84,89,94,95,99,103,116,118" machi="13" ten="30,1000,0" yaku="7,1" doraHai="62" who="2" fromWho="3" sc="250,0,250,0,260,10,240,-10" /><INIT seed="2,0,0,4,1,73" ten="250,250,270,230" oya="2" hai0="49,55,17,83,115,8,119,97,106,53,39,46,100" hai1="126,107,63,16,132,117,47,20,37,62,92,81,38" hai2="0,93,21,80,101,11,6,5,109,128,86,19,66" hai3="125,79,104,129,50,74,123,70,10,118,88,69,89"/><V60/><F128/><W82/><G118/><T116/><D115/><U41/><E117/><N who="0" m="45129" /><D39/><U12/><E107/><V134/><F134/><W34/><G123/><T110/><D110/><U95/><E132/><V28/><F109/><W9/><G104/><T43/><D83/><U112/><E112/><V75/><F6/><W32/><G129/><T91/><D91/><U36/><E126/><V78/><F28/><W56/><G125/><T25/><D25/><U65/><E81/><V54/><F54/><W76/><G50/><T27/><D27/><U33/><E33/><V87/><F101/><W111/><G56/><T120/><D120/><U44/><E63/><V71/><REACH who="2" step="1"/><F93/><REACH who="2" ten="250,250,260,230" step="2"/><W31/><G111/><T14/><AGARI ba="0,1" hai="8,14,17,43,46,49,53,55,97,100,106" m="45129" machi="14" ten="30,1100,0" yaku="12,1" doraHai="73" who="0" fromWho="0" sc="250,21,250,-3,260,-5,230,-3" /><INIT seed="3,0,0,3,4,118" ten="271,247,255,227" oya="3" hai0="90,59,97,57,80,28,68,115,106,81,105,120,21" hai1="73,62,70,29,91,8,13,52,18,114,129,49,19" hai2="42,133,85,69,11,78,47,25,63,99,66,30,17" hai3="128,89,39,65,41,12,76,132,75,20,0,58,53"/><W79/><G0/><T50/><D68/><U101/><E114/><V14/><F133/><W94/><G132/><T44/><D115/><U96/><E73/><V87/><F99/><W22/><G128/><T51/><D97/><U55/><E129/><V67/><F67/><W100/><G100/><T108/><D90/><U86/><E29/><V116/><F78/><W6/><G65/><T95/><D95/><U77/><E77/><N who="3" m="29770" /><G41/><T131/><D131/><U15/><E62/><V26/><F26/><W92/><G75/><T46/><D21/><N who="3" m="8297" /><G89/><T113/><D113/><U48/><E70/><V102/><F116/><W54/><G39/><T103/><D108/><U23/><E49/><V130/><F102/><W34/><G34/><T119/><D103/><U110/><E48/><V40/><F130/><W60/><G54/><T7/><D28/><U24/><E24/><V93/><F93/><N who="3" m="35947" /><G12/><T61/><D119/><U45/><E45/><V33/><REACH who="2" step="1"/><F42/><REACH who="2" ten="271,247,245,227" step="2"/><W121/><G121/><T88/><D120/><U112/><E112/><V5/><F5/><AGARI ba="0,1" hai="5,6,53,58,60" m="35947,8297,29770" machi="5" ten="30,1500,0" yaku="8,1" doraHai="118" who="3" fromWho="2" sc="271,0,247,0,245,-15,227,25" /><INIT seed="3,1,0,2,3,15" ten="271,247,230,252" oya="3" hai0="66,86,61,62,130,104,131,42,125,103,43,105,134" hai1="37,29,33,45,49,127,118,25,3,38,53,50,11" hai2="5,108,88,6,87,67,46,126,71,14,40,115,123" hai3="26,24,68,101,113,12,121,94,39,47,48,19,100"/><W1/><G39/><T27/><D125/><U99/><E127/><V119/><F115/><W44/><G1/><T69/><D134/><U106/><E118/><V31/><F119/><W84/><G68/><T96/><D105/><U116/><E116/><V135/><F126/><W30/><G121/><T16/><D86/><U63/><E50/><V21/><F135/><W74/><G74/><T80/><D62/><U120/><E120/><V60/><F108/><W98/><G113/><T107/><D107/><U4/><E63/><V81/><F123/><W56/><G100/><T8/><D80/><U10/><E10/><V90/><F90/><W35/><G26/><T73/><D73/><U13/><E3/><V58/><F71/><W78/><G78/><T83/><D83/><U36/><E106/><V97/><F97/><W57/><G84/><T111/><D111/><U102/><E99/><V77/><F77/><W28/><G28/><T114/><D114/><U0/><E0/><V129/><F129/><N who="0" m="49162" /><D8/><U93/><E11/><V112/><F112/><W23/><REACH who="3" step="1"/><G44/><REACH who="3" ten="271,247,230,242" step="2"/><T2/><D2/><U20/><E38/><V89/><F89/><W91/><G91/><T79/><D79/><U51/><E37/><V7/><F31/><W9/><G9/><T109/><D109/><U133/><E36/><N who="2" m="21767" /><F5/><W75/><G75/><T55/><D27/><U54/><E133/><V18/><F6/><W110/><G110/><T95/><D69/><U59/><E4/><V17/><F7/><W52/><AGARI ba="1,1" hai="12,19,23,24,30,35,47,48,52,56,57,94,98,101" machi="52" ten="20,18000,2" yaku="1,1,0,1,7,1,52,1,54,1,53,1" doraHai="15" doraHaiUra="41" who="3" fromWho="3" sc="271,-61,247,-61,230,-61,242,193" owari="210,1.0,186,-21.4,169,-33.1,435,53.5" /></mjloggm>