<mjloggm ver="2.3"><GO type="225" lobby="0"/><UN n0="%E6%9D%B1%E9%A2%A8%E3%81%AE%E3%81%8D%E3%82%83%E3%81%B7%E3%81%95%E3%82%93" n1="%E5%B8%86%E7%AB%8B%E5%A4%8F%E8%A1%A3" n2="%72%65%6E%6B%75%6E" n3="%E3%83%96%E3%83%83%E3%83%91%E3%82%AA%E3%83%96%E3%83%81%E3%82%AD%E3%83%B3" dan="16,17,17,16" rate="2144.45,2261.76,2188.73,2118.02" sx="M,M,M,M"/><TAIKYOKU oya="0"/><INIT seed="0,0,0,1,4,89" ten="250,250,250,250" oya="0" hai0="94,34,6,27,113,13,61,78,4,31,98,2,90" hai1="88,132,123,91,122,23,87,48,127,39,9,104,92" hai2="129,47,79,121,10,97,60,69,1,109,99,72,65" hai3="75,111,110,126,37,0,42,22,58,5,24,29,77"/><T100/><D113/><U112/><E39/><V63/><F121/><W70/><G126/><T19/><D2/><U73/><E127/><V55/><F109/><N who="3" m="41483" /><G70/><T35/><D35/><U101/><E112/><V86/><F129/><W38/><G42/><T33/><D78/><U59/><E132/><V20/><F72/><W57/><G0/><T11/><D34/><U102/><E73/><V80/><F20/><W45/><G5/><T21/><D33/><U53/><E9/><V18/><F18/><W17/><G29/><T107/><REACH who="0" step="1"/><D61/><REACH who="0" ten="240,250,250,250" step="2"/><U54/><E122/><V125/><F125/><W49/><G77/><T62/><D62/><U3/><E123/><V134/><F134/><W16/><G75/><T131/><D131/><U118/><E3/><V12/><F1/><W83/><G38/><T40/><D40/><U120/><E120/><V130/><F130/><W56/><G37/><T85/><AGARI ba="0,1" hai="4,6,11,13,19,21,27,31,85,90,94,98,100,107" machi="85" ten="20,7800,0" yaku="1,1,0,1,7,1,52,1,53,0" doraHai="89" doraHaiUra="51" who="0" fromWho="0" sc="240,88,250,-26,250,-26,250,-26" /><INIT seed="0,1,0,2,2,100" ten="328,224,224,224" oya="0" hai0="82,25,1,6,32,61,91,49,22,103,83,125,65" hai1="84,133,81,51,2,110,115,24,76,131,130,26,108" hai2="5,123,12,72,31,17,56,94,48,21,7,106,8" hai3="4,107,70,129,40,80,69,111,57,89,42,37,102"/><T71/><D125/><U33/><E2/><V9/><F72/><W88/><G4/><T114/><D114/><U93/><E115/><V124/><F106/><W60/><G111/><N who="1" m="42538" /><E133/><V46/><F123/><W112/><G112/><T35/><D49/><U0/><E0/><V104/><F104/><W67/><G129/><N who="1" m="49162" /><E33/><V14/><F56/><W87/><G89/><T119/><D119/><U52/><E93/><V20/><F124/><W116/><G116/><T97/><D6/><N who="2" m="2058" /><F94/><W19/><G19/><T11/><D11/><N who="2" m="4170" /><F48/><W23/><G23/><N who="2" m="8777" /><F46/><AGARI ba="1,0" hai="24,26,46,51,52,76,81,84" m="49162,42538" machi="46" ten="30,3900,0" yaku="14,1,19,1,54,1" doraHai="100" who="1" fromWho="2" sc="328,0,224,42,224,-42,224,0" /><INIT seed="1,0,0,1,4,59" ten="328,266,182,224" oya="1" hai0="111,24,50,61,118,8,64,16,102,57,103,1,112" hai1="17,84,11,13,47,10,134,49,9,48,0,7,68" hai2="23,55,31,39,98,20,86,93,70,100,25,126,121" hai3="83,4,75,66,43,27,51,62,99,2,26,19,114"/><U117/><E134/><V109/><F109/><W67/><G114/><T124/><D112/><U69/><E117/><V46/><F126/><W65/><G2/><T88/><D124/><U35/><E35/><V132/><F132/><W45/><G4/><T28/><D118/><U38/><E11/><V123/><F70/><W53/><G75/><T131/><D131/><U12/><E0/><V41/><F55/><W63/><G83/><T52/><D111/><U105/><E105/><V60/><F60/><N who="3" m="23083" /><G43/><T110/><D110/><U58/><E38/><V115/><F115/><W125/><G125/><T104/><D104/><U77/><E58/><V120/><REACH who="2" step="1"/><F86/><REACH who="2" ten="328,266,172,224" step="2"/><W89/><G19/><T135/><D135/><U81/><REACH who="1" step="1"/><E49/><REACH who="1" ten="328,256,172,224" step="2"/><V30/><F30/><W18/><G18/><T130/><D50/><U113/><E113/><V107/><F107/><W72/><G72/><T94/><D28/><U15/><E15/><V44/><F44/><W91/><G99/><N who="0" m="57799" /><D1/><U79/><E79/><V128/><F128/><W106/><G106/><T122/><D130/><U87/><E87/><V76/><F76/><W78/><G78/><T36/><D36/><U133/><E133/><V29/><F29/><W90/><AGARI ba="0,2" hai="26,27,45,51,53,65,66,67,89,90,91" m="23083" machi="90" ten="40,8000,1" yaku="8,1,52,3" doraHai="59" who="3" fromWho="3" sc="328,-20,256,-40,172,-20,224,100" /><INIT seed="2,0,0,5,0,60" ten="308,216,152,324" oya="2" hai0="127,79,107,29,68,94,122,67,125,37,11,96,106" hai1="54,135,55,46,130,114,83,93,7,21,109,16,129" hai2="17,64,86,116,8,15,95,58,12,134,28,70,69" hai3="75,117,98,121,74,113,2,36,100,38,82,32,71"/><V1/><F134/><W0/><G117/><T47/><D79/><U35/><E35/><V131/><F116/><W10/><G121/><T62/><D29/><U31/><E114/><V91/><F131/><N who="1" m="50185" /><E135/><V133/><F133/><W103/><G113/><T6/><D122/><U81/><E109/><V111/><F111/><W34/><G82/><N who="1" m="31242" /><E31/><V65/><F1/><N who="3" m="619" /><G10/><T4/><D47/><U84/><E46/><V57/><F28/><W66/><G98/><T73/><D73/><N who="3" m="27657" /><G103/><N who="0" m="60823" /><D37/><N who="3" m="14441" /><G100/><T9/><D9/><U78/><E7/><N who="0" m="2601" /><D11/><U43/><E43/><V49/><F15/><W110/><G110/><T42/><D42/><U24/><E78/><V132/><F132/><W87/><G87/><T5/><N who="0" m="2609" /><T92/><DORA hai="77" /><D92/><U105/><E105/><V26/><F26/><W115/><G115/><T63/><D63/><AGARI ba="0,0" hai="32,34,63,66,71" m="14441,27657,619" machi="63" ten="40,8000,1" yaku="26,2,33,2,52,1" doraHai="60,77" who="3" fromWho="0" sc="308,-80,216,0,152,0,324,80" /><INIT seed="3,0,0,4,0,122" ten="228,216,152,404" oya="3" hai0="127,96,98,14,17,34,64,29,36,62,93,7,16" hai1="126,54,26,97,47,8,52,124,92,135,11,71,102" hai2="23,83,58,75,51,105,12,76,24,18,82,125,6" hai3="49,111,15,119,103,13,104,33,114,113,50,73,88"/><W85/><G119/><T84/><D36/><U56/><E71/><V65/><F125/><N who="1" m="48233" /><E135/><V101/><F105/><W45/><G33/><T99/><D127/><U9/><E47/><V108/><F108/><W42/><G73/><T133/><D133/><U28/><E56/><V100/><F6/><W27/><G27/><T81/><D7/><U31/><E31/><V130/><F130/><W74/><G74/><T128/><D128/><U38/><E38/><V0/><F0/><W69/><G69/><T118/><D118/><U57/><E57/><V21/><F75/><W10/><G50/><T59/><D29/><U134/><E134/><V109/><F109/><W2/><G15/><T117/><D34/><AGARI ba="0,0" hai="8,9,11,26,28,34,52,54,92,97,102" m="48233" machi="34" ten="30,2000,0" yaku="18,1,54,1" doraHai="122" who="1" fromWho="0" sc="228,-20,216,20,152,0,404,0" owari="208,-19.2,236,3.6,152,-34.8,404,50.4" /></mjloggm>