<mjloggm ver="2.3"><GO type="225" lobby="0"/><UN n0="%E3%81%A4%E3%81%A3%E3%81%B1%E3%82%8A%E3%83%9D%E3%83%BC%E3%83%AB" n1="%E4%BF%BA%E3%81%A8%E5%A6%96%E5%A4%A2" n2="%E3%81%8B%E3%82%8F%E3%81%A1%E3%82%83%E3%82%93%35%38" n3="%72%61%6B%33" dan="17,16,16,16" rate="2199.81,2209.21,2198.91,2142.96" sx="M,F,M,M"/><TAIKYOKU oya="0"/><INIT seed="0,0,0,5,1,29" ten="250,250,250,250" oya="0" hai0="55,103,58,16,18,28,128,44,61,83,129,81,27" hai1="20,52,113,41,87,122,38,123,79,95,15,2,100" hai2="47,57,109,112,22,131,74,130,40,53,45,56,104" hai3="102,30,62,63,7,115,1,36,71,46,59,32,107"/><T33/><D103/><U24/><E2/><V17/><F104/><W134/><G115/><T101/><D101/><U72/><E113/><V54/><F112/><W8/><G134/><T111/><D111/><U126/><E126/><V78/><F78/><W66/><G46/><T97/><D97/><U70/><E70/><V60/><F74/><W121/><G121/><T34/><D34/><U67/><E67/><V51/><F109/><W75/><G75/><T85/><D44/><U80/><E41/><V9/><F9/><W99/><G36/><T76/><REACH who="0" step="1"/><D83/><REACH who="0" ten="240,250,250,250" step="2"/><U88/><E100/><V26/><REACH who="2" step="1"/><F47/><REACH who="2" ten="240,250,240,250" step="2"/><W110/><G110/><T96/><D96/><U89/><E123/><V106/><F106/><W48/><G99/><T90/><D90/><U120/><E89/><V3/><F3/><W43/><G107/><T31/><D31/><U35/><E122/><V108/><F108/><W94/><G30/><T0/><D0/><U124/><E120/><V49/><AGARI ba="0,2" hai="17,22,26,40,45,49,51,53,54,56,57,60,130,131" machi="49" ten="30,2000,0" yaku="1,1,0,1,53,0" doraHai="29" doraHaiUra="77" who="2" fromWho="2" sc="240,-10,250,-5,240,40,250,-5" /><INIT seed="1,0,0,3,3,81" ten="230,245,280,245" oya="1" hai0="30,60,53,117,59,13,121,3,129,116,54,130,51" hai1="29,6,17,123,71,88,96,28,12,82,95,11,92" hai2="58,107,36,75,101,74,114,34,91,57,124,18,16" hai3="133,63,45,23,76,47,35,33,14,46,26,22,87"/><U21/><E123/><V104/><F34/><W102/><G133/><T84/><D3/><U15/><E71/><V126/><F101/><W5/><G102/><T20/><D30/><U8/><E82/><V119/><F36/><W110/><G110/><T98/><D98/><U113/><E113/><V132/><F91/><W62/><G33/><T66/><D13/><U94/><REACH who="1" step="1"/><E29/><REACH who="1" ten="230,235,280,245" step="2"/><V50/><F114/><W37/><G37/><T72/><D121/><U41/><E41/><V125/><F125/><W100/><G35/><T39/><D72/><U106/><E106/><V7/><F75/><W108/><G108/><T134/><D134/><U83/><E83/><V131/><F74/><W48/><G76/><T25/><D117/><U79/><E79/><V89/><F119/><W90/><G100/><T38/><D116/><U111/><E111/><V52/><F132/><W43/><G43/><T65/><D130/><U93/><E93/><V80/><F131/><W55/><G90/><T122/><D129/><U135/><E135/><V77/><F107/><W40/><G40/><T68/><D122/><U10/><E10/><V31/><F104/><W105/><G105/><T32/><D32/><U85/><E85/><V97/><F89/><W49/><G87/><T64/><D68/><U27/><AGARI ba="0,1" hai="6,8,11,12,15,17,21,27,28,88,92,94,95,96" machi="27" ten="30,11700,0" yaku="1,1,0,1,8,1,54,1,53,0" doraHai="81" doraHaiUra="109" who="1" fromWho="1" sc="230,-39,235,127,280,-39,245,-39" /><INIT seed="1,1,0,1,2,97" ten="191,362,241,206" oya="1" hai0="75,37,1,45,94,53,39,62,88,64,115,76,112" hai1="82,65,20,47,28,125,135,131,48,66,33,14,100" hai2="85,119,43,38,109,25,34,78,81,74,70,63,105" hai3="102,16,30,121,57,103,23,31,128,101,84,118,12"/><U59/><E135/><V26/><F26/><W107/><G121/><T0/><D0/><U106/><E131/><V120/><F85/><W9/><G107/><T18/><D1/><U56/><E125/><V35/><F120/><W73/><G73/><T32/><D32/><U41/><E33/><V46/><F119/><W77/><G128/><T99/><D18/><U69/><E69/><V83/><F109/><W104/><G104/><T92/><D92/><U68/><E68/><V72/><F25/><W130/><G130/><T3/><D3/><U55/><E82/><V2/><F2/><W22/><G118/><T117/><D117/><U71/><E71/><V19/><F19/><W108/><G57/><T123/><D123/><U126/><E56/><V11/><F11/><W89/><G77/><T60/><D64/><U27/><E14/><V29/><F29/><N who="3" m="10763" /><G108/><T17/><D76/><U54/><E126/><V91/><F91/><W15/><G15/><T6/><D75/><U21/><E21/><V96/><F81/><AGARI ba="1,0" hai="9,12,16,22,23,81,84,89,101,102,103" m="10763" machi="81" ten="30,8000,1" yaku="8,1,52,3,54,1" doraHai="97" who="3" fromWho="2" sc="191,0,362,0,241,-83,206,83" /><INIT seed="2,0,0,1,3,11" ten="191,362,158,289" oya="2" hai0="67,116,7,110,135,71,14,100,60,80,36,22,127" hai1="45,78,5,109,49,96,118,124,59,99,126,26,102" hai2="117,42,119,33,123,88,93,16,87,112,35,128,10" hai3="3,31,0,97,73,27,108,83,134,38,54,48,51"/><V91/><F112/><W76/><G38/><T106/><D36/><U121/><E118/><V74/><F74/><W131/><G108/><T111/><D116/><U1/><E109/><N who="0" m="41481" /><D135/><U132/><E132/><V62/><F123/><W61/><G134/><T64/><D127/><N who="1" m="48683" /><E121/><V79/><F79/><W4/><G131/><T13/><D7/><U43/><E78/><V103/><F119/><W30/><G30/><T58/><D22/><U12/><E1/><V46/><F117/><W15/><G97/><N who="0" m="61711" /><D80/><U86/><E86/><V19/><F35/><W92/><G92/><T85/><D85/><U9/><E102/><V37/><F33/><W17/><G4/><T23/><D23/><U133/><E133/><V107/><F128/><W84/><G73/><T82/><D82/><U125/><E125/><V90/><F62/><AGARI ba="0,0" hai="13,14,58,60,62,64,67,71" m="61711,41481" machi="62" ten="30,3900,0" yaku="14,1,52,2" doraHai="11" who="0" fromWho="2" sc="191,39,362,0,158,-39,289,0" /><INIT seed="3,0,0,1,0,1" ten="230,362,119,289" oya="3" hai0="17,18,126,7,49,75,30,52,133,14,91,128,9" hai1="107,34,97,81,85,108,24,88,93,10,135,117,98" hai2="109,13,70,129,114,113,55,23,76,43,102,116,92" hai3="33,61,42,125,115,22,40,54,119,25,83,6,62"/><W110/><G115/><T64/><D75/><U35/><E108/><V38/><F92/><W39/><G119/><T79/><D133/><U68/><E135/><V15/><F102/><W124/><G33/><T120/><D120/><U2/><E68/><V4/><F76/><W104/><G104/><T36/><D36/><U46/><E117/><V95/><F95/><W71/><G83/><T74/><D128/><U0/><E107/><V89/><F116/><W87/><G87/><T41/><D126/><U84/><E24/><V122/><F70/><W27/><G71/><T112/><D112/><U19/><E85/><V60/><F38/><W123/><G39/><T131/><D131/><U77/><E98/><V134/><F129/><W3/><G123/><T80/><D41/><U63/><E0/><V45/><F134/><W16/><G25/><T31/><D64/><U99/><E99/><V103/><F122/><W59/><G62/><T118/><D118/><U82/><E82/><V90/><F60/><W20/><G20/><T111/><D111/><U53/><E2/><V50/><F109/><W58/><G58/><N who="0" m="33039" /><D74/><U44/><E35/><V28/><F103/><W56/><G56/><T130/><D79/><U48/><E34/><V57/><F113/><W101/><G101/><T78/><D130/><U11/><E63/><N who="2" m="36287" /><F114/><W69/><G69/><T51/><D51/><N who="1" m="28903" /><E19/><N who="0" m="7177" /><D78/><U37/><E37/><V127/><F127/><N who="3" m="48715" /><G110/><T21/><D80/><U12/><E77/><V72/><F72/><W73/><G73/><T132/><D132/><U105/><E105/><V106/><F106/><W66/><G66/><RYUUKYOKU ba="0,0" sc="230,-10,362,-10,119,-10,289,30" hai3="3,6,16,22,27,40,42,54,59,61" /><INIT seed="3,1,0,3,4,60" ten="220,352,109,319" oya="3" hai0="112,30,128,81,47,129,83,20,3,114,117,9,12" hai1="56,36,98,77,66,122,50,84,86,72,110,29,119" hai2="105,118,22,40,132,18,76,126,82,96,8,130,33" hai3="68,75,34,31,113,91,102,104,19,101,115,73,61"/><W26/><G91/><T52/><D117/><U1/><E122/><V37/><F118/><W87/><G87/><T10/><D47/><U116/><E36/><V78/><F130/><N who="0" m="50282" /><D52/><U121/><E1/><V27/><F132/><W23/><G102/><T14/><D81/><U111/><E121/><V134/><F134/><W90/><G90/><T46/><D46/><U80/><E29/><V5/><F126/><W74/><G101/><T97/><D97/><U54/><E66/><V45/><F78/><W135/><G104/><T62/><D62/><U107/><E107/><V70/><F70/><W85/><G85/><N who="1" m="32874" /><E98/><V2/><F96/><W88/><G88/><T7/><D83/><U43/><E43/><V94/><F33/><W92/><G92/><T120/><D120/><U4/><E4/><V123/><F123/><W131/><G135/><T63/><D63/><U133/><E133/><V65/><F94/><W13/><REACH who="3" step="1"/><G131/><REACH who="3" ten="220,352,109,309" step="2"/><T69/><D114/><U67/><E119/><V49/><F105/><W25/><G25/><T48/><D112/><U41/><E116/><V108/><F108/><W93/><G93/><T124/><D124/><U44/><E111/><V109/><F109/><W127/><G127/><T51/><D3/><U95/><E110/><V15/><F49/><W59/><G59/><T71/><D51/><N who="1" m="27023" /><E95/><V38/><F38/><W53/><G53/><T106/><D48/><U28/><E77/><V79/><F65/><AGARI ba="1,1" hai="13,19,23,26,31,34,61,65,68,73,74,75,113,115" machi="65" ten="40,3900,0" yaku="1,1,52,1,53,0" doraHai="60" doraHaiUra="35" who="3" fromWho="2" sc="220,0,352,0,109,-42,309,52" owari="220,-18.0,352,15.2,67,-43.3,361,46.1" /></mjloggm>