<mjloggm ver="2.3"><GO type="225" lobby="0"/><UN n0="%E3%81%A4%E3%81%A3%E3%81%B1%E3%82%8A%E3%83%9D%E3%83%BC%E3%83%AB" n1="%E7%99%BD%E5%80%89%E5%AF%9B%E4%B9%8B" n2="%E3%82%8F%E3%81%8B%E3%81%B0%2A%E3%82%AC%E3%83%BC%E3%83%AB" n3="%E3%83%8F%E3%83%B3%E3%83%89%E3%83%A9%E3%83%BC%E3%83%BB%E3%83%AF%E3%83%B3" dan="17,16,16,17" rate="2267.94,2142.47,2176.70,2188.15" sx="M,M,M,M"/><TAIKYOKU oya="0"/><INIT seed="0,0,0,0,4,21" ten="250,250,250,250" oya="0" hai0="103,87,108,62,24,106,67,29,74,41,57,2,95" hai1="46,89,23,100,99,126,118,54,12,83,94,58,25" hai2="77,96,76,80,17,60,61,5,97,11,105,133,4" hai3="102,129,48,63,64,8,131,37,51,1,127,82,135"/><T85/><D74/><U78/><E126/><V104/><F17/><W14/><G37/><T98/><D2/><U73/><E118/><V9/><REACH who="2" step="1"/><F80/><REACH who="2" ten="250,250,240,250" step="2"/><W113/><G82/><T44/><D108/><U42/><E12/><V107/><F107/><W47/><G14/><T92/><D106/><U18/><E100/><V69/><F69/><W40/><G102/><T0/><D0/><U49/><REACH who="1" step="1"/><E58/><REACH who="1" ten="250,240,240,250" step="2"/><V130/><F130/><W7/><G131/><T55/><D92/><U122/><E122/><V53/><F53/><AGARI ba="0,2" hai="18,23,25,42,46,49,53,54,73,78,83,89,94,99" machi="53" ten="40,5200,0" yaku="1,1,52,1,53,1" doraHai="21" doraHaiUra="84" who="1" fromWho="2" sc="250,0,240,72,240,-52,250,0" /><INIT seed="1,0,0,3,2,68" ten="250,312,188,250" oya="1" hai0="13,75,133,26,57,6,64,32,59,17,5,22,48" hai1="92,19,63,8,11,89,66,117,107,104,33,47,29" hai2="101,15,103,45,118,42,100,124,88,132,52,18,131" hai3="38,61,4,86,73,35,79,71,121,134,55,108,95"/><U83/><E117/><V23/><F124/><W114/><G35/><T50/><D133/><U2/><E83/><V78/><F132/><W72/><G121/><T54/><D75/><U122/><E122/><V14/><F118/><W130/><G114/><T84/><D32/><U116/><E116/><V36/><F131/><W9/><G134/><T21/><D84/><U62/><E47/><V39/><F78/><W24/><G108/><T60/><REACH who="0" step="1"/><D48/><REACH who="0" ten="240,312,188,250" step="2"/><U110/><E33/><V56/><F36/><W111/><G38/><T70/><D70/><U65/><E110/><V41/><F41/><W99/><G71/><T115/><D115/><U37/><E37/><V125/><F125/><W94/><G73/><T44/><D44/><U135/><E135/><V27/><REACH who="2" step="1"/><F88/><REACH who="2" ten="240,312,178,250" step="2"/><W58/><G111/><T67/><D67/><U123/><E89/><V69/><F69/><W77/><G130/><T112/><D112/><U53/><E66/><V106/><F106/><W93/><G93/><T16/><AGARI ba="0,2" hai="5,6,13,16,17,21,22,26,50,54,57,59,60,64" machi="16" ten="20,8000,1" yaku="1,1,0,1,7,1,8,1,54,1,53,0" doraHai="68" doraHaiUra="119" who="0" fromWho="0" sc="240,100,312,-40,178,-20,250,-20" /><INIT seed="2,0,0,5,2,91" ten="340,272,158,230" oya="2" hai0="18,125,12,21,24,47,119,115,62,17,127,94,124" hai1="97,34,55,96,70,129,11,5,132,10,103,43,36" hai2="71,41,88,117,22,61,45,60,56,84,99,93,49" hai3="109,39,67,100,14,79,69,19,104,133,131,8,44"/><V83/><F117/><W73/><G109/><T50/><D115/><U29/><E70/><V0/><F0/><W58/><G69/><T63/><D119/><U85/><E129/><V98/><F71/><W77/><G73/><T30/><D94/><U87/><E132/><V28/><F99/><W16/><G131/><T114/><D114/><U40/><E55/><V75/><F75/><W78/><G133/><T68/><D68/><U32/><E29/><V126/><F126/><W42/><G104/><T80/><D80/><U105/><E5/><V54/><F22/><W121/><G100/><T113/><D113/><U23/><E23/><V112/><F112/><W111/><G121/><T72/><D72/><U52/><E52/><V48/><REACH who="2" step="1"/><F28/><REACH who="2" ten="340,272,148,230" step="2"/><W86/><G111/><T106/><D106/><U64/><E105/><V20/><F20/><W7/><REACH who="3" step="1"/><G86/><REACH who="3" ten="340,272,148,220" step="2"/><T74/><D74/><U102/><E87/><V90/><AGARI ba="0,2" hai="41,45,48,49,54,56,60,61,83,84,88,90,93,98" machi="90" ten="20,18000,2" yaku="1,1,0,1,7,1,8,1,52,1,54,1,53,0" doraHai="91" doraHaiUra="27" who="2" fromWho="2" sc="340,-60,272,-60,148,200,220,-60" /><INIT seed="2,1,0,0,0,124" ten="280,212,348,160" oya="2" hai0="92,76,17,56,22,51,130,13,47,35,54,30,9" hai1="82,132,84,121,115,29,11,134,95,90,26,25,103" hai2="10,40,88,127,2,109,32,80,41,8,60,36,78" hai3="120,6,49,79,73,101,133,83,18,33,43,119,53"/><V126/><F109/><W15/><G119/><T96/><D35/><U94/><E115/><V66/><F32/><W131/><G120/><T125/><D125/><N who="2" m="47626" /><F36/><W81/><G33/><T48/><D130/><U75/><E121/><V107/><F107/><W4/><G133/><N who="1" m="51306" /><E75/><N who="2" m="43103" /><F88/><W89/><G43/><N who="2" m="16457" /><F2/><W20/><G101/><T102/><D76/><U67/><E67/><V44/><F44/><W0/><G0/><T59/><REACH who="0" step="1"/><D51/><REACH who="0" ten="270,212,348,160" step="2"/><U106/><E106/><V129/><F129/><W128/><G128/><T112/><D112/><U110/><E110/><V116/><F116/><W61/><G131/><T85/><D85/><U19/><E84/><V65/><F65/><W111/><G111/><T71/><D71/><AGARI ba="1,1" hai="8,10,60,66,71" m="16457,43103,47626" machi="71" ten="30,1500,0" yaku="18,1" doraHai="124" who="2" fromWho="0" sc="270,-18,212,0,348,28,160,0" /><INIT seed="2,2,0,3,4,40" ten="252,212,376,160" oya="2" hai0="97,55,122,48,111,114,1,20,24,119,103,88,12" hai1="67,107,57,27,78,91,81,45,35,79,56,100,71" hai2="52,53,131,37,51,126,129,72,8,94,116,112,76" hai3="15,59,64,121,74,134,115,120,95,38,50,17,63"/><V132/><F112/><W77/><G38/><T135/><D1/><U28/><E91/><V0/><F116/><W6/><G134/><T110/><D122/><U104/><E45/><N who="2" m="27759" /><F37/><W42/><G115/><T43/><D12/><U39/><E39/><V16/><F132/><W90/><G6/><T66/><D66/><U23/><E23/><V102/><F126/><W124/><G124/><T13/><D13/><U21/><E21/><V3/><F53/><W14/><G14/><T86/><D43/><U11/><E11/><V85/><F72/><W101/><G101/><T65/><D65/><U93/><E93/><V92/><F16/><W127/><G127/><T118/><D114/><U32/><E32/><V84/><F76/><W22/><G77/><T30/><D135/><U54/><E79/><V18/><F18/><W9/><G74/><T80/><D55/><U5/><E54/><V106/><F106/><W29/><G22/><T62/><D48/><U99/><E107/><V73/><F73/><W98/><G50/><T49/><D49/><U58/><E5/><N who="2" m="1063" /><F3/><W133/><G133/><T113/><D113/><U31/><E31/><V117/><F117/><N who="0" m="44554" /><D62/><N who="1" m="40439" /><E58/><V47/><F47/><W69/><G29/><T44/><D44/><U105/><E104/><AGARI ba="2,0" hai="20,24,30,80,86,88,97,103,104,110,111" m="44554" machi="104" ten="30,2000,0" yaku="12,1,54,1" doraHai="40" who="0" fromWho="1" sc="252,26,212,-26,376,0,160,0" /><INIT seed="3,0,0,0,2,106" ten="278,186,376,160" oya="3" hai0="81,94,78,23,4,40,124,99,113,36,91,6,86" hai1="125,50,7,58,132,122,105,45,24,93,17,83,71" hai2="30,43,101,38,31,22,8,72,135,121,77,115,95" hai3="116,0,76,37,20,107,67,120,47,51,57,42,111"/><W89/><G116/><T3/><D124/><U134/><E71/><V61/><F115/><W90/><G120/><T103/><D113/><U41/><E105/><V75/><F77/><W66/><G107/><T118/><D118/><U32/><E122/><V25/><F31/><W35/><G35/><T28/><D3/><U34/><E125/><V79/><F79/><W2/><G111/><T12/><D36/><U59/><E7/><V119/><F119/><W63/><G67/><T33/><D40/><U127/><E127/><V62/><F8/><W87/><G76/><T126/><D33/><N who="1" m="12907" /><E83/><V130/><F135/><N who="1" m="51753" /><E93/><V74/><F130/><W117/><G117/><T98/><D126/><U27/><E17/><V88/><F101/><W68/><G20/><T55/><D55/><N who="1" m="32119" /><E59/><V5/><F5/><W16/><G16/><N who="0" m="10631" /><D28/><U100/><E100/><V53/><F53/><N who="3" m="31935" /><G90/><T60/><D60/><U112/><E112/><V73/><F73/><W133/><G133/><T46/><D46/><U49/><AGARI ba="0,0" hai="24,27,41,45,49" m="32119,51753,12907" machi="49" ten="30,1100,0" yaku="20,1" doraHai="106" who="1" fromWho="1" sc="278,-3,186,11,376,-3,160,-5" owari="275,7.5,197,-20.3,373,47.3,155,-34.5" /></mjloggm>