<mjloggm ver="2.3"><GO type="225" lobby="0"/><UN n0="%E6%97%A5%E6%9B%9C%E6%97%A5%E3%82%88%E3%82%8A%E3%81%AE%E4%BD%BF%E8%80%85" n1="%E3%81%82%E3%81%84%E3%81%82%E3%81%8A%E3%81%84" n2="%E3%81%AF%E3%82%88%E3%81%8A%E3%81%98%E3%81%95%E3%82%93" n3="%E6%9C%88%E5%A4%9C%E3%81%AB%E9%A2%A8" dan="17,18,17,16" rate="2277.39,2189.87,2228.54,2128.97" sx="M,M,M,M"/><TAIKYOKU oya="0"/><INIT seed="0,0,0,0,4,24" ten="250,250,250,250" oya="0" hai0="71,62,40,113,124,58,38,9,20,98,105,55,45" hai1="22,130,88,32,107,82,72,119,68,103,87,109,47" hai2="81,135,56,41,46,23,37,112,28,84,50,110,100" hai3="6,3,21,132,57,115,95,5,111,91,127,86,39"/><T53/><D113/><U70/><E119/><V123/><F112/><W67/><G115/><T94/><D124/><U85/><E32/><V19/><F123/><W122/><G39/><T11/><D105/><U133/><E72/><V0/><F0/><W96/><G127/><T33/><D33/><U54/><E109/><V117/><F110/><W31/><G132/><T131/><D131/><U134/><E130/><V15/><F135/><N who="1" m="51721" /><E87/><V69/><F69/><N who="1" m="26729" /><E22/><V121/><F121/><W25/><G3/><T99/><D71/><U36/><E54/><V12/><F117/><W102/><G122/><T34/><D34/><U108/><E108/><V93/><F56/><W65/><G111/><T78/><D55/><U128/><E128/><V114/><F37/><W29/><G57/><T66/><D53/><U30/><E30/><N who="3" m="11274" /><G67/><T59/><D58/><U42/><E103/><V125/><F114/><W83/><G65/><T129/><D59/><U16/><E16/><AGARI ba="0,0" hai="5,6,16,21,25,83,86,91,95,96,102" m="11274" machi="16" ten="30,8000,1" yaku="8,1,52,3,54,1" doraHai="24" who="3" fromWho="1" sc="250,0,250,-80,250,0,250,80" /><INIT seed="1,0,0,3,1,74" ten="250,170,250,330" oya="1" hai0="2,49,29,101,60,99,45,15,19,105,134,35,92" hai1="107,90,58,118,87,85,89,129,84,5,46,120,110" hai2="114,10,20,59,31,135,43,23,126,73,132,26,0" hai3="109,86,54,6,81,103,11,102,50,111,115,61,127"/><U3/><E118/><V75/><F126/><W7/><G115/><T21/><D2/><U112/><E112/><V64/><F114/><W133/><G133/><N who="2" m="51273" /><F43/><W79/><G61/><T36/><D36/><U69/><E69/><V37/><F37/><W14/><G6/><T48/><D134/><U40/><E120/><V28/><F23/><W125/><G103/><T34/><D29/><U100/><E129/><V77/><F31/><W123/><G102/><T82/><D105/><U113/><E113/><V131/><F131/><W94/><G94/><T51/><D45/><U62/><E110/><N who="3" m="41994" /><G123/><T98/><D98/><U97/><E5/><N who="2" m="1319" /><F77/><W13/><G13/><T65/><REACH who="0" step="1"/><D82/><REACH who="0" ten="240,170,250,330" step="2"/><U122/><E3/><V41/><F41/><W119/><G119/><T27/><D27/><U8/><E122/><V67/><F28/><W96/><G96/><T25/><D25/><U55/><REACH who="1" step="1"/><E8/><REACH who="1" ten="240,160,250,330" step="2"/><V18/><F20/><W91/><G11/><T24/><D24/><U4/><E4/><V22/><F26/><W16/><G7/><T68/><AGARI ba="0,2" hai="15,19,21,34,35,48,49,51,60,65,68,92,99,101" machi="68" ten="30,2000,0" yaku="1,1,0,1,53,0" doraHai="74" doraHaiUra="78" who="0" fromWho="0" sc="240,40,160,-10,250,-5,330,-5" /><INIT seed="2,0,0,1,1,72" ten="280,150,245,325" oya="2" hai0="0,111,79,17,108,132,129,44,118,127,106,125,10" hai1="40,103,87,1,86,37,3,20,19,24,126,56,59" hai2="45,96,42,124,122,25,64,89,131,29,13,38,5" hai3="119,81,94,134,34,107,113,53,11,61,67,46,69"/><V93/><F122/><W115/><G119/><T48/><D106/><U82/><E126/><N who="0" m="48137" /><D118/><U68/><E68/><V30/><F124/><W102/><G134/><T62/><D132/><U73/><E73/><V60/><F131/><W78/><G34/><T74/><D62/><U120/><E120/><V12/><F5/><W80/><G107/><T16/><D129/><U100/><E37/><V14/><REACH who="2" step="1"/><F25/><REACH who="2" ten="280,150,235,325" step="2"/><W66/><G115/><T8/><D108/><U99/><E24/><V39/><F39/><W18/><G113/><T49/><D111/><U50/><E1/><V84/><F84/><W47/><G69/><AGARI ba="0,1" hai="12,13,14,29,30,38,42,45,60,64,69,89,93,96" machi="69" ten="40,2000,0" yaku="1,1,53,0" doraHai="72" doraHaiUra="104" who="2" fromWho="3" sc="280,0,150,0,235,30,325,-20" /><INIT seed="2,1,0,3,4,35" ten="280,150,265,305" oya="2" hai0="75,31,1,102,4,127,88,73,51,111,28,10,77" hai1="22,132,68,62,49,109,93,90,60,115,99,94,23" hai2="86,7,63,53,104,87,33,129,96,39,116,65,3" hai3="118,117,2,133,44,47,130,71,89,15,76,124,123"/><V17/><F116/><W114/><G2/><T12/><D111/><U14/><E109/><V32/><F39/><W45/><G76/><T59/><D127/><U26/><E132/><V100/><F129/><W16/><G123/><T85/><D102/><U56/><E115/><V81/><F86/><W55/><G71/><T11/><D77/><U125/><E125/><V95/><F53/><W57/><G124/><T121/><D75/><U105/><E105/><V13/><F104/><W84/><G133/><T0/><D73/><U101/><E68/><V37/><F37/><W107/><G107/><T113/><D113/><U92/><E14/><V18/><F32/><W24/><G24/><T134/><D134/><U29/><E22/><V82/><F33/><W103/><G103/><T97/><D97/><U30/><E30/><V58/><F3/><W5/><G5/><T20/><D20/><U72/><E72/><V78/><F81/><W42/><G42/><T135/><D121/><U91/><E49/><V131/><F131/><W112/><G130/><T70/><D70/><U25/><E25/><V83/><F82/><N who="3" m="49303" /><G118/><T38/><D38/><U50/><E50/><V120/><F120/><W36/><G36/><T80/><D135/><U74/><E74/><V61/><F63/><N who="3" m="36287" /><G117/><T19/><D1/><U52/><REACH who="1" step="1"/><E62/><REACH who="1" ten="280,140,265,305" step="2"/><V98/><F13/><W122/><G122/><T79/><D0/><U110/><E110/><V48/><F48/><W8/><G114/><T40/><D31/><U128/><E128/><V27/><F27/><W64/><G112/><T46/><D28/><U67/><E67/><AGARI ba="1,1" hai="8,15,16,44,45,47,64,67" m="36287,49303" machi="67" ten="30,3900,0" yaku="6,1,8,1,54,1" doraHai="35" who="3" fromWho="1" sc="280,0,140,-42,265,0,305,52" /><INIT seed="3,0,0,1,5,38" ten="280,98,265,357" oya="3" hai0="37,22,0,72,2,92,130,113,24,75,28,3,84" hai1="101,30,54,40,12,132,90,67,135,46,55,51,98" hai2="102,43,66,31,17,131,68,52,114,57,124,11,13" hai3="9,108,112,61,74,88,97,36,29,5,53,32,96"/><W104/><G112/><T106/><D106/><U33/><E90/><V60/><F114/><W128/><G36/><T116/><D113/><U71/><E12/><V39/><F124/><W100/><G74/><T41/><D116/><U70/><E55/><V99/><F131/><W63/><G108/><T4/><D4/><U118/><E54/><V79/><F31/><W122/><G122/><T110/><D110/><U42/><E118/><V27/><F27/><W89/><G97/><T125/><D125/><U82/><E82/><V77/><F102/><W58/><G63/><T109/><D109/><U86/><E86/><V59/><F59/><W121/><G128/><T16/><D130/><U50/><E30/><V21/><F21/><W35/><G35/><T126/><D126/><U111/><E33/><V7/><F99/><W10/><G121/><T25/><D92/><U19/><E19/><V49/><F17/><W15/><G10/><T85/><D85/><U120/><E111/><V87/><F87/><W129/><G129/><T94/><D94/><U14/><E120/><V105/><F105/><W133/><G9/><T123/><D84/><U117/><E14/><V1/><F1/><W107/><G15/><T65/><D65/><U127/><E117/><V47/><AGARI ba="0,0" hai="7,11,13,39,43,47,49,52,57,60,66,68,77,79" machi="47" ten="30,8000,1" yaku="0,1,24,2,52,1,54,1" doraHai="38" who="2" fromWho="2" sc="280,-20,98,-20,265,80,357,-40" owari="260,-14.0,78,-42.2,345,44.5,317,11.7" /></mjloggm>