<mjloggm ver="2.3"><GO type="225" lobby="0"/><UN n0="%E9%80%86%E9%80%A3%E5%B8%AF%E3%81%AE%E9%AC%BC" n1="%E6%9C%88%E5%B3%B6%E5%9F%BA" n2="%E7%99%BD%E5%80%89%E5%AF%9B%E4%B9%8B" n3="%47%48%4F%53%54" dan="17,16,16,18" rate="2094.84,2132.40,2173.25,2201.09" sx="M,M,M,M"/><TAIKYOKU oya="0"/><INIT seed="0,0,0,3,3,69" ten="250,250,250,250" oya="0" hai0="33,98,47,82,6,118,50,56,77,36,54,28,123" hai1="38,48,42,40,91,20,66,3,87,80,7,129,121" hai2="58,53,102,114,55,116,120,83,128,46,131,132,75" hai3="81,126,95,135,79,24,34,52,39,94,96,108,43"/><T41/><D118/><U84/><E121/><V60/><F102/><W76/><G108/><T9/><D123/><U93/><E129/><N who="2" m="49739" /><F83/><W62/><G95/><T57/><D98/><U64/><E3/><V67/><F75/><W30/><G126/><T49/><D28/><U73/><E73/><V15/><F15/><W113/><G113/><T1/><D33/><U101/><E7/><V8/><F8/><W134/><G43/><T130/><D130/><U37/><E101/><V127/><F120/><W17/><G17/><T65/><D65/><U119/><E119/><V25/><F25/><W106/><G106/><T51/><REACH who="0" step="1"/><D57/><REACH who="0" ten="240,250,250,250" step="2"/><U22/><E93/><V13/><F116/><W4/><G94/><T104/><D104/><U21/><E66/><V59/><F59/><W92/><G34/><T100/><D100/><U2/><E64/><V19/><F67/><W99/><G30/><T44/><D44/><U88/><E80/><V16/><F46/><W12/><G81/><T35/><D35/><U85/><E91/><V0/><F58/><W10/><G92/><T31/><D31/><U109/><E88/><V29/><F29/><W78/><G96/><T97/><D97/><U110/><E110/><V45/><F45/><W63/><G99/><T125/><D125/><U133/><E109/><V105/><F127/><W112/><G112/><T14/><D14/><U23/><E2/><V61/><F0/><W89/><G12/><T111/><D111/><U74/><N who="1" m="5120" /><DORA hai="11" /><U117/><E117/><V68/><F13/><W71/><G71/><T72/><AGARI ba="0,1" hai="1,6,9,36,41,47,49,50,51,54,56,72,77,82" machi="72" ten="20,18000,2" yaku="1,1,0,1,7,1,25,2,52,1,53,1" doraHai="69,11" doraHaiUra="90,70" who="0" fromWho="0" sc="240,190,250,-60,250,-60,250,-60" /><INIT seed="0,1,0,5,2,20" ten="430,190,190,190" oya="0" hai0="67,68,0,94,52,87,108,66,26,6,32,55,135" hai1="93,49,73,8,36,132,103,83,29,5,10,44,120" hai2="22,24,28,11,76,116,31,96,64,7,119,37,53" hai3="75,82,117,33,129,65,23,80,4,34,21,13,2"/><T54/><D135/><U57/><E120/><V59/><F37/><W58/><G117/><N who="2" m="45129" /><F76/><W121/><G121/><T115/><D115/><U79/><E132/><V99/><F64/><W133/><G133/><T3/><D108/><U130/><E130/><V1/><F31/><W126/><G129/><T110/><D110/><U38/><E29/><V111/><F111/><W61/><G126/><T100/><D6/><U41/><E57/><V14/><F1/><W15/><G2/><T101/><D87/><U92/><E10/><V85/><F85/><W62/><G58/><T84/><D84/><U118/><E118/><V91/><F91/><W109/><G109/><T131/><D131/><U71/><E71/><V113/><F113/><W106/><G65/><T90/><D0/><U86/><E73/><V107/><F107/><W48/><G48/><AGARI ba="1,0" hai="7,11,14,22,24,28,48,53,59,96,99" m="45129" machi="48" ten="30,2000,0" yaku="12,1,52,1" doraHai="20" who="2" fromWho="3" sc="430,0,190,0,190,23,190,-23" /><INIT seed="1,0,0,5,0,10" ten="430,190,213,167" oya="1" hai0="117,55,70,85,96,107,61,105,12,35,79,16,78" hai1="129,23,6,118,83,112,24,76,33,26,48,58,15" hai2="5,91,63,135,0,66,99,21,77,50,20,120,92" hai3="39,47,98,106,56,101,7,89,124,18,42,104,108"/><U122/><E112/><V68/><F120/><W4/><G108/><T110/><D35/><U125/><E122/><V82/><F135/><W52/><G124/><T54/><D117/><U94/><E118/><V134/><F134/><W121/><G106/><T65/><D110/><U111/><E125/><V40/><F0/><W123/><G89/><T67/><D67/><U46/><E111/><V19/><F5/><W1/><G7/><T57/><D55/><U88/><E129/><V53/><F40/><W34/><G34/><T8/><D85/><N who="1" m="48359" /><E58/><V69/><F69/><W17/><G121/><T97/><D107/><U51/><E33/><V28/><F28/><W90/><G90/><T9/><D9/><N who="1" m="4535" /><E23/><V73/><REACH who="2" step="1"/><F19/><REACH who="2" ten="430,190,203,167" step="2"/><W43/><G123/><T102/><D97/><N who="1" m="57543" /><E51/><AGARI ba="0,1" hai="8,12,16,51,54,57,61,65,70,78,79,96,102,105" machi="51" ten="30,3900,0" yaku="7,1,52,1,54,1" doraHai="10" who="0" fromWho="1" sc="430,49,190,-39,203,0,167,0" /><INIT seed="2,0,0,3,3,18" ten="479,151,203,167" oya="2" hai0="107,38,72,93,77,61,30,65,85,110,9,116,84" hai1="90,22,57,111,20,47,48,44,97,101,36,76,60" hai2="70,102,83,91,132,34,99,130,125,74,51,55,126" hai3="49,129,133,54,87,89,118,39,43,6,108,94,135"/><V106/><F70/><W95/><G118/><T45/><D107/><U8/><E111/><V131/><F34/><W2/><G108/><T62/><D116/><U78/><E36/><V117/><F117/><W112/><G129/><N who="2" m="49161" /><F91/><W13/><G112/><T24/><D110/><U10/><E90/><V105/><F105/><W5/><G2/><T7/><D93/><N who="1" m="58543" /><E10/><V67/><F67/><W31/><G31/><T92/><D92/><U53/><E8/><V128/><F128/><W75/><G75/><T122/><D72/><U40/><E47/><N who="2" m="28159" /><F83/><W14/><G39/><T42/><D38/><U46/><E44/><V88/><F88/><N who="3" m="53535" /><G43/><T16/><D42/><U120/><E120/><V109/><F74/><W69/><G69/><T96/><D122/><U50/><E50/><V104/><F104/><W103/><G103/><T114/><D114/><U1/><E1/><V73/><F73/><W113/><G113/><T64/><D45/><U81/><E81/><V12/><F109/><W66/><G66/><T27/><D65/><U56/><E56/><V35/><F35/><W37/><G37/><T4/><D64/><U68/><E68/><V119/><F119/><W17/><G135/><T23/><D62/><U11/><E11/><V19/><F132/><W100/><G133/><T33/><D61/><U121/><E121/><V26/><F12/><N who="3" m="4715" /><G100/><T25/><D33/><U29/><E22/><AGARI ba="0,0" hai="19,22,26,99,102,106,125,126" m="28159,49161" machi="22" ten="30,2900,0" yaku="19,1,52,1" doraHai="18" who="2" fromWho="1" sc="479,0,151,-29,203,29,167,0" /><INIT seed="2,1,0,2,1,47" ten="479,122,232,167" oya="2" hai0="118,113,97,17,99,79,11,101,18,53,8,123,94" hai1="25,64,29,40,114,0,69,20,134,33,27,109,12" hai2="10,6,15,38,63,21,107,73,83,61,89,128,110" hai3="45,93,62,42,66,115,30,68,55,112,103,56,60"/><V51/><F38/><W34/><G34/><T16/><D113/><N who="3" m="43593" /><G30/><T88/><D123/><U5/><E114/><V108/><F107/><W85/><G103/><T22/><D118/><U52/><E40/><V133/><F133/><W59/><G93/><T72/><D22/><U132/><E69/><V91/><F128/><W130/><G85/><T126/><D126/><U92/><E64/><V81/><F21/><W84/><G84/><T49/><D79/><U121/><E121/><V31/><F31/><W39/><G130/><T1/><D72/><U111/><E92/><V28/><F28/><W24/><G24/><T98/><D1/><U35/><E52/><V37/><F73/><W23/><G23/><T41/><D41/><U129/><E129/><V14/><F10/><N who="0" m="3626" /><D101/><U82/><E82/><V77/><F77/><W90/><G90/><T13/><D13/><U135/><E12/><V65/><F6/><W78/><G78/><T71/><D71/><AGARI ba="1,0" hai="39,42,45,55,56,59,60,62,66,68,71" m="43593" machi="71" ten="30,3900,0" yaku="11,1,34,2" doraHai="47" who="3" fromWho="0" sc="479,-42,122,0,232,0,167,42" /><INIT seed="3,0,0,0,2,12" ten="437,122,232,209" oya="3" hai0="120,79,95,9,135,113,69,72,92,123,82,128,44" hai1="111,104,70,14,105,81,124,36,1,71,45,127,52" hai2="48,99,125,98,116,24,43,89,77,87,117,54,96" hai3="102,76,33,93,57,78,31,7,23,83,126,133,107"/><W30/><G107/><T0/><D69/><U6/><E1/><V29/><F125/><W88/><G133/><T53/><D135/><U61/><E111/><V91/><F43/><W32/><G126/><T15/><D128/><U13/><E81/><V39/><F39/><W73/><G102/><T17/><D113/><U68/><E36/><V64/><F64/><W20/><G7/><T112/><D112/><U114/><E71/><V59/><F77/><W40/><G40/><T5/><D123/><U62/><E114/><V25/><F25/><W47/><G57/><T35/><D35/><U90/><E6/><V42/><F42/><W115/><G47/><T119/><D119/><U22/><E45/><V65/><F65/><W121/><G115/><T16/><D120/><U85/><E85/><V37/><F37/><W130/><G130/><T27/><D27/><U67/><E67/><V97/><F97/><W108/><G121/><T46/><D17/><U74/><E22/><V19/><F87/><W41/><G41/><T132/><D132/><U56/><E56/><V134/><F134/><W118/><G118/><T109/><D109/><U28/><E28/><V94/><F29/><W10/><G20/><T63/><D63/><U55/><REACH who="1" step="1"/><E90/><REACH who="1" ten="437,112,232,209" step="2"/><N who="2" m="55383" /><F59/><W100/><G88/><T84/><D46/><U11/><E11/><V8/><F91/><W75/><G10/><T49/><D84/><U34/><E34/><V60/><F89/><W106/><G31/><T110/><D110/><U122/><E122/><V51/><F117/><W80/><G23/><AGARI ba="0,1" hai="0,5,9,15,16,23,44,49,53,72,79,82,92,95" machi="23" ten="30,3900,0" yaku="7,1,52,1,54,1" doraHai="12" who="0" fromWho="3" sc="437,49,112,0,232,0,209,-39" owari="486,58.6,112,-38.8,232,3.2,170,-23.0" /></mjloggm>