<mjloggm ver="2.3"><GO type="225" lobby="0"/><UN n0="%70%68%65%6E%6F%6D%65" n1="%E3%83%96%E3%83%83%E3%83%91%E3%82%AA%E3%83%96%E3%83%81%E3%82%AD%E3%83%B3" n2="%72%65%6E%6B%75%6E" n3="%E9%B3%B4%E8%8C%B6" dan="16,16,17,16" rate="2188.36,2115.50,2173.91,2134.15" sx="M,M,M,M"/><TAIKYOKU oya="0"/><INIT seed="0,0,0,0,4,77" ten="250,250,250,250" oya="0" hai0="70,40,17,60,122,104,57,129,55,80,4,89,125" hai1="9,113,61,78,72,7,1,53,21,41,43,49,30" hai2="22,110,2,26,121,126,47,13,119,46,48,105,135" hai3="124,59,39,3,38,67,33,96,12,115,37,99,101"/><T103/><D122/><U14/><E113/><V11/><F48/><W85/><G115/><T15/><D125/><U86/><E72/><V120/><F47/><W56/><G124/><T94/><D129/><U10/><E61/><V100/><F46/><W98/><G3/><T133/><D133/><U51/><E51/><V128/><F100/><W16/><G33/><T45/><D70/><U71/><E71/><V65/><F65/><W28/><G28/><T92/><D4/><U83/><E21/><V68/><F22/><W102/><G85/><N who="0" m="50343" /><D104/><U29/><E29/><V134/><F13/><W79/><G79/><T81/><D103/><U74/><E30/><V69/><F26/><W50/><G59/><T44/><D81/><U112/><E74/><V88/><F88/><W34/><G34/><T64/><D40/><U75/><E75/><V107/><F11/><W123/><G123/><T132/><D132/><U127/><E112/><V95/><F95/><N who="0" m="36394" /><D64/><U90/><E127/><V91/><F91/><W20/><REACH who="3" step="1"/><G67/><REACH who="3" ten="250,250,250,240" step="2"/><T52/><D55/><AGARI ba="0,1" hai="12,16,20,37,38,39,50,55,56,96,98,99,101,102" machi="55" ten="50,6400,0" yaku="1,1,2,1,54,1,53,0" doraHai="77" doraHaiUra="42" who="3" fromWho="0" sc="250,-64,250,0,250,0,240,74" /><INIT seed="1,0,0,5,3,77" ten="186,250,250,314" oya="1" hai0="5,97,12,46,29,93,74,18,17,121,1,36,129" hai1="95,7,69,28,120,115,86,31,85,112,100,111,118" hai2="91,52,42,39,102,105,126,16,80,135,54,114,44" hai3="125,48,2,131,22,98,32,82,68,6,75,9,50"/><U0/><E69/><V88/><F135/><W38/><G32/><T21/><D129/><U30/><E118/><V84/><F126/><W104/><G68/><T99/><D121/><U103/><E120/><V128/><F128/><W45/><G131/><T116/><D116/><U49/><E111/><V57/><F114/><W25/><G125/><T92/><D74/><U110/><E110/><V124/><F124/><W71/><G71/><T130/><D130/><U132/><E132/><V73/><F73/><W67/><G67/><T26/><D1/><U83/><E0/><V78/><F105/><W133/><G133/><T15/><D5/><U89/><E7/><V34/><F34/><W13/><G13/><T90/><D36/><U79/><REACH who="1" step="1"/><E49/><REACH who="1" ten="186,240,250,314" step="2"/><V43/><F102/><AGARI ba="0,1" hai="28,30,31,79,83,85,86,89,95,100,102,103,112,115" machi="102" ten="40,7700,0" yaku="1,1,2,1,52,1,53,0" doraHai="77" doraHaiUra="19" who="1" fromWho="2" sc="186,0,240,87,250,-77,314,0" /><INIT seed="1,1,0,3,5,128" ten="186,327,173,314" oya="1" hai0="96,2,30,79,54,38,59,35,95,11,125,108,107" hai1="63,92,124,111,62,71,82,109,4,21,106,65,52" hai2="14,27,16,86,40,26,3,7,120,133,55,24,67" hai3="50,74,9,34,17,105,90,31,20,48,44,29,60"/><U123/><E123/><V6/><F120/><W115/><G74/><T18/><D38/><U46/><E106/><V12/><F67/><W53/><G105/><T8/><D108/><N who="1" m="41547" /><E124/><V49/><F40/><W32/><G115/><T66/><D125/><U83/><E4/><N who="2" m="1579" /><F86/><W13/><G60/><T117/><D66/><U45/><E92/><V42/><F42/><N who="3" m="24599" /><G34/><T102/><D79/><U97/><E97/><V88/><F88/><W127/><G32/><T130/><D107/><U121/><E121/><V70/><F70/><W76/><G76/><T25/><D35/><U113/><E113/><V5/><F49/><W77/><G77/><T61/><D2/><U72/><E72/><V122/><F55/><W22/><G90/><T87/><D54/><U101/><E101/><V81/><F81/><W19/><G127/><T10/><D102/><U57/><E46/><V103/><F103/><W75/><G75/><T93/><D96/><U51/><E21/><N who="3" m="8298" /><G19/><T89/><D18/><U33/><E33/><V69/><F69/><W0/><G0/><T68/><D68/><U43/><AGARI ba="1,0" hai="43,45,51,52,57,62,63,65,71,82,83" m="41547" machi="43" ten="30,6000,0" yaku="14,1,10,1,54,1" doraHai="128" who="1" fromWho="1" sc="186,-21,327,63,173,-21,314,-21" /><INIT seed="1,2,0,0,5,45" ten="165,390,152,293" oya="1" hai0="7,32,129,91,90,30,59,79,83,16,127,131,100" hai1="107,102,41,35,123,124,60,92,70,2,13,63,114" hai2="130,49,43,24,117,42,99,115,47,76,133,11,73" hai3="88,29,68,22,113,56,38,55,103,87,125,9,98"/><U58/><E114/><V116/><F115/><W15/><G113/><T21/><D7/><U69/><E123/><V54/><F130/><N who="0" m="49674" /><D100/><U74/><E2/><V12/><F133/><W6/><G125/><T20/><D127/><U10/><E124/><V36/><F43/><W57/><G38/><T78/><D32/><U82/><E35/><V25/><F99/><W4/><G4/><T27/><D59/><U96/><E41/><V50/><F36/><W26/><G68/><T120/><D120/><U34/><E34/><V104/><F104/><W110/><G110/><T28/><D79/><U132/><E132/><V66/><F66/><W3/><G3/><T101/><D101/><U77/><E107/><V135/><F135/><W108/><G108/><T84/><D28/><U44/><E44/><V89/><F116/><W53/><G57/><T95/><D95/><U19/><REACH who="1" step="1"/><E63/><REACH who="1" ten="165,380,152,293" step="2"/><V112/><F112/><W119/><G119/><T39/><D39/><U134/><E134/><V75/><F117/><W37/><G37/><T97/><D97/><U80/><E80/><V86/><F75/><W62/><G98/><T72/><D72/><U8/><E8/><V1/><F73/><W93/><REACH who="3" step="1"/><G103/><REACH who="3" ten="165,380,152,283" step="2"/><T48/><D48/><U71/><E71/><V23/><F1/><W94/><G94/><T106/><D106/><U18/><E18/><V40/><F50/><W128/><G128/><T81/><D83/><U0/><E0/><V14/><F49/><W111/><G111/><T61/><D61/><U33/><E33/><V51/><F51/><W64/><AGARI ba="2,2" hai="6,9,15,22,26,29,53,55,56,62,64,87,88,93" machi="64" ten="20,8000,1" yaku="1,1,0,1,7,1,8,1,54,1,53,0" doraHai="45" doraHaiUra="105" who="3" fromWho="3" sc="165,-22,380,-42,152,-22,283,106" /><INIT seed="2,0,0,1,5,25" ten="143,338,130,389" oya="2" hai0="11,18,70,128,29,3,21,125,33,124,66,52,37" hai1="43,95,109,74,48,67,119,117,12,19,104,80,76" hai2="135,15,77,7,50,2,99,53,132,90,64,78,106" hai3="51,44,92,102,38,73,96,1,127,55,27,130,59"/><V62/><F2/><W108/><G73/><T114/><D114/><U123/><E104/><V69/><F7/><W116/><G1/><T6/><D37/><U65/><E109/><V8/><F106/><W110/><G116/><T129/><D52/><U131/><E131/><N who="0" m="50249" /><D66/><U40/><E123/><V16/><F90/><W68/><G130/><T39/><D70/><U31/><E119/><V22/><F99/><W49/><G68/><T17/><D39/><U113/><E113/><V28/><F28/><W103/><G38/><T111/><D111/><N who="3" m="42537" /><G127/><N who="0" m="48715" /><D33/><U47/><E117/><V122/><F22/><W98/><G27/><AGARI ba="0,0" hai="3,6,11,17,18,21,27,29" m="48715,50249" machi="27" ten="30,8000,1" yaku="19,1,18,1,34,2,52,1" doraHai="25" who="0" fromWho="3" sc="143,80,338,0,130,0,389,-80" /><INIT seed="3,0,0,3,0,35" ten="223,338,130,309" oya="3" hai0="80,12,20,59,122,37,50,10,110,88,115,42,94" hai1="105,40,128,39,65,2,13,44,3,125,47,92,38" hai2="24,82,73,81,67,87,48,46,15,114,133,25,53" hai3="100,89,102,131,93,33,34,62,61,55,76,99,19"/><W31/><G131/><T84/><D122/><U51/><E105/><V132/><F114/><W111/><G76/><T16/><D110/><U41/><E128/><V18/><F132/><W106/><G111/><T112/><D37/><U126/><E65/><V5/><F133/><W97/><G102/><T118/><D118/><U101/><E51/><V108/><F108/><W22/><G31/><T29/><D29/><U4/><E13/><V134/><F134/><W90/><G89/><T98/><D10/><U21/><E21/><V116/><F116/><W7/><G7/><T8/><D8/><U119/><E119/><V69/><F5/><W121/><G121/><T77/><D42/><U54/><E54/><V78/><F67/><W52/><G62/><T26/><D26/><U32/><E4/><V58/><F58/><W70/><G55/><N who="0" m="32247" /><D98/><N who="1" m="59591" /><E32/><V14/><F14/><W36/><G36/><T135/><D135/><U129/><E129/><V71/><F71/><W104/><G104/><T85/><AGARI ba="0,0" hai="12,16,20,77,80,84,85,88,94,112,115" m="32247" machi="85" ten="30,4000,0" yaku="25,1,54,2" doraHai="35" who="0" fromWho="0" sc="223,40,338,-10,130,-10,309,-20" owari="263,-13.7,328,42.8,120,-38.0,289,8.9" /></mjloggm>