<mjloggm ver="2.3"><GO type="225" lobby="0"/><UN n0="%E3%81%8B%E3%82%8F%E3%81%A1%E3%82%83%E3%82%93%35%38" n1="%E3%82%8F%E3%81%8B%E3%81%B0%2A%E3%82%AC%E3%83%BC%E3%83%AB" n2="%E3%81%8A%E3%81%AB%E3%82%83%E3%81%8A%E3%81%A1%E3%82%83" n3="%E3%82%BC%E3%83%AB%E3%83%80%E3%81%AE%E4%BC%9D%E8%AA%AC" dan="16,16,16,17" rate="2170.38,2066.94,2085.48,2111.76" sx="M,M,M,M"/><TAIKYOKU oya="0"/><INIT seed="0,0,0,4,1,135" ten="250,250,250,250" oya="0" hai0="119,43,18,61,24,88,75,52,103,129,131,116,17" hai1="104,115,127,29,122,99,87,101,37,65,111,46,50" hai2="64,44,100,22,93,28,79,67,112,40,3,90,105" hai3="59,49,35,130,30,53,1,117,128,12,72,26,86"/><T85/><D75/><U126/><E122/><V14/><F3/><W58/><G72/><T51/><D103/><U125/><E111/><V39/><F112/><W16/><G117/><T68/><D43/><N who="1" m="24927" /><E87/><V106/><F79/><W42/><G1/><T74/><D74/><U34/><E65/><V36/><F36/><W108/><G108/><T84/><D84/><U7/><E7/><V81/><F81/><W10/><G42/><T5/><D5/><U98/><E98/><V54/><F54/><W11/><G11/><T27/><D61/><U109/><E109/><V56/><F100/><W41/><G41/><T71/><D68/><U0/><E0/><V32/><F32/><W33/><G33/><T48/><D71/><U133/><E133/><V8/><F22/><W62/><REACH who="3" step="1"/><G86/><REACH who="3" ten="250,250,250,240" step="2"/><T2/><D2/><U25/><E37/><V102/><F40/><W110/><G110/><T31/><D119/><U20/><E115/><V83/><F39/><W91/><G91/><T120/><D116/><U55/><E55/><AGARI ba="0,1" hai="10,12,16,26,30,35,49,53,55,58,59,62,128,130" machi="55" ten="40,2600,0" yaku="1,1,54,1,53,0" doraHai="135" doraHaiUra="70" who="3" fromWho="1" sc="250,0,250,-26,250,0,240,36" /><INIT seed="1,0,0,0,0,86" ten="250,224,250,276" oya="1" hai0="14,46,45,19,30,128,98,53,57,18,10,63,133" hai1="4,65,75,76,17,81,52,112,25,1,87,40,79" hai2="44,123,85,64,84,101,130,9,90,68,88,66,82" hai3="38,113,58,94,135,36,116,21,92,48,11,131,70"/><U134/><E112/><V13/><F123/><W124/><G113/><T122/><D133/><U0/><E134/><V15/><F130/><W31/><G135/><T129/><D122/><U97/><E40/><V62/><F66/><W72/><G72/><T26/><D19/><U103/><E65/><V5/><F101/><W27/><G70/><T95/><D128/><U28/><E17/><V32/><F32/><W104/><G104/><T23/><REACH who="0" step="1"/><D129/><REACH who="0" ten="240,224,250,276" step="2"/><U47/><E4/><V39/><F44/><W59/><G131/><T60/><D60/><U110/><E47/><V107/><F107/><W50/><G116/><T51/><D51/><U114/><E114/><V111/><F111/><W20/><G31/><T106/><D106/><U126/><E110/><V108/><F108/><W127/><G27/><T99/><D99/><U16/><E97/><V89/><F39/><W69/><G69/><T12/><D12/><U83/><E28/><V24/><F24/><W35/><G35/><T115/><D115/><U49/><E0/><V121/><F121/><W55/><G11/><T42/><D42/><U117/><E1/><V54/><F54/><AGARI ba="0,1" hai="20,21,36,38,48,50,54,55,58,59,92,94,124,127" machi="54" ten="25,1600,0" yaku="22,2" doraHai="86" who="3" fromWho="2" sc="240,0,224,0,250,-16,276,26" /><INIT seed="2,0,0,2,0,8" ten="240,224,234,302" oya="2" hai0="125,124,123,107,74,5,31,3,109,41,71,122,22" hai1="94,133,27,40,33,2,36,132,51,25,59,55,97" hai2="73,95,91,38,113,24,46,126,68,58,9,112,60" hai3="119,16,75,81,64,96,118,85,28,120,6,135,4"/><V77/><F126/><N who="0" m="48746" /><D74/><U13/><E2/><V134/><F134/><N who="1" m="51817" /><E33/><V54/><F68/><W30/><G120/><T17/><D107/><U72/><E72/><V88/><F91/><W11/><G75/><T104/><D104/><U42/><E36/><V53/><F24/><N who="1" m="9289" /><E13/><V21/><F21/><W57/><G96/><T117/><D22/><U108/><E108/><V101/><F101/><AGARI ba="0,0" hai="40,42,51,55,59,94,97,101" m="9289,51817" machi="101" ten="30,1000,0" yaku="20,1" doraHai="8" who="1" fromWho="2" sc="240,0,224,10,234,-10,302,0" /><INIT seed="3,0,0,1,1,27" ten="240,234,224,302" oya="3" hai0="89,71,72,99,4,22,37,60,115,80,3,35,28" hai1="120,57,51,107,17,32,23,125,24,69,86,59,117" hai2="58,131,52,14,7,54,65,95,127,97,132,34,84" hai3="94,103,64,21,98,91,63,96,129,50,79,108,67"/><W118/><G118/><T10/><D115/><U83/><E120/><V20/><F34/><W134/><G134/><T53/><D35/><U30/><E69/><V18/><F132/><W15/><G129/><T112/><D112/><U43/><E107/><V13/><F131/><W68/><G108/><T76/><D99/><U66/><E117/><V113/><F127/><W88/><G79/><T70/><D89/><N who="1" m="51423" /><E32/><V87/><F113/><W85/><G50/><T12/><D37/><U45/><E125/><V92/><F92/><N who="3" m="58759" /><G68/><T123/><D123/><U73/><E73/><V75/><F75/><W106/><G106/><T8/><D53/><U128/><E128/><V135/><F135/><W102/><G63/><T77/><D60/><N who="1" m="38159" /><E59/><V36/><F36/><W56/><G56/><T100/><D77/><U74/><E74/><V0/><F0/><W40/><G40/><T38/><D38/><U105/><E105/><V25/><F65/><N who="3" m="25163" /><G85/><N who="2" m="32841" /><F7/><W42/><G42/><T1/><D1/><U16/><AGARI ba="0,0" hai="16,17,23,24,30,43,45,51" m="38159,51423" machi="16" ten="30,4000,0" yaku="8,1,52,1,54,1" doraHai="27" who="1" fromWho="1" sc="240,-10,234,40,224,-10,302,-20" /><INIT seed="4,0,0,1,4,94" ten="230,274,214,282" oya="0" hai0="53,20,109,60,28,66,115,104,83,81,61,63,132" hai1="118,15,4,52,43,127,17,108,120,71,92,33,129" hai2="37,31,126,32,93,14,112,125,57,101,67,121,123" hai3="130,35,86,85,50,42,56,131,24,41,5,29,8"/><T73/><D115/><U26/><E118/><V99/><F112/><W79/><G56/><T107/><D132/><U19/><E108/><V34/><F37/><W22/><G35/><T106/><D109/><U113/><E113/><V102/><F14/><W122/><G122/><N who="2" m="46601" /><F31/><W70/><G70/><T6/><D6/><U11/><E71/><V111/><F111/><W64/><G64/><T0/><D0/><U90/><E120/><V110/><F110/><W75/><G75/><T116/><D116/><U98/><E129/><N who="3" m="49162" /><G79/><T95/><D66/><U44/><E127/><N who="2" m="48651" /><F102/><W88/><G50/><T3/><D3/><U10/><E10/><V23/><F23/><W18/><G85/><T40/><D73/><U36/><REACH who="1" step="1"/><E52/><REACH who="1" ten="230,264,214,282" step="2"/><V68/><F68/><W48/><G8/><T55/><D55/><U76/><E76/><V74/><F74/><W13/><G5/><T124/><D53/><U119/><E119/><V91/><F91/><W135/><G135/><T96/><D124/><U82/><E82/><V45/><F45/><W39/><G88/><T54/><D54/><U114/><E114/><V100/><F100/><W84/><G41/><T9/><D40/><U105/><E105/><V7/><F7/><W46/><G46/><T65/><D9/><U49/><E49/><V58/><F57/><W12/><G48/><T51/><D51/><U69/><E69/><V25/><F25/><N who="3" m="14551" /><G42/><T30/><D65/><U72/><E72/><V16/><F16/><W38/><G38/><T133/><D133/><U80/><E80/><N who="0" m="30793" /><D20/><U128/><E128/><V134/><F134/><W47/><G39/><RYUUKYOKU ba="0,1" sc="230,10,264,10,214,10,282,-30" hai0="28,30,60,61,63,95,96,104,106,107" hai1="4,11,15,17,19,26,33,36,43,44,90,92,98" hai2="32,34,58,67,93,99,101" /><INIT seed="4,1,1,3,5,2" ten="240,274,224,252" oya="0" hai0="116,4,94,91,58,124,5,75,98,123,79,68,61" hai1="82,30,101,114,111,117,86,127,130,27,129,60,54" hai2="113,105,66,32,40,13,21,90,107,81,131,50,92" hai3="84,46,19,15,76,67,17,125,83,22,25,56,12"/><T35/><D123/><U41/><E117/><V7/><F32/><W106/><G125/><T85/><D116/><U88/><E111/><V48/><F131/><N who="1" m="50185" /><E127/><V62/><F113/><W51/><G106/><T89/><D35/><N who="1" m="20959" /><E41/><V121/><F121/><W31/><G12/><T18/><D68/><U59/><E101/><V63/><F81/><W87/><G87/><T73/><D73/><U115/><AGARI ba="1,1" hai="54,59,60,82,86,88,114,115" m="20959,50185" machi="115" ten="40,2700,0" yaku="19,1,54,1" doraHai="2" who="1" fromWho="1" sc="240,-14,274,40,224,-8,252,-8" owari="226,-17.4,314,41.4,216,-28.4,244,4.4" /></mjloggm>