<mjloggm ver="2.3"><GO type="225" lobby="0"/><UN n0="%41%6F%54" n1="%E9%B4%A8%4E%45%47%49" n2="%E6%81%A5%E6%99%92%E3%81%97" n3="%E6%98%BC%E4%B8%8B%E3%81%8C%E3%82%8A%E3%81%AE%E5%9B%A3%E5%9C%B0%E5%A6%BB" dan="16,16,16,16" rate="2054.19,2080.72,2158.04,2146.72" sx="M,M,M,F"/><TAIKYOKU oya="0"/><INIT seed="0,0,0,2,2,123" ten="250,250,250,250" oya="0" hai0="41,73,20,109,112,63,56,124,111,53,93,72,130" hai1="14,82,47,74,34,106,103,29,22,75,129,108,77" hai2="39,97,104,86,6,7,131,135,116,96,31,128,79" hai3="27,2,12,83,90,43,35,132,48,76,98,38,66"/><T120/><D120/><U32/><E129/><N who="2" m="49739" /><F39/><W61/><G2/><T18/><D130/><U45/><E106/><V88/><F135/><W16/><G38/><T107/><D107/><U81/><E103/><N who="2" m="62567" /><F116/><W17/><G132/><T36/><D112/><U5/><E5/><N who="2" m="1547" /><F31/><W85/><G43/><T121/><D121/><U57/><E29/><V87/><F79/><W42/><G42/><T1/><D1/><U84/><E77/><V4/><N who="2" m="1555" /><V11/><DORA hai="122" /><F11/><W126/><G48/><T127/><D93/><AGARI ba="0,0" hai="86,87,88,93,97" m="1555,62567,49739" machi="93" ten="40,2600,0" yaku="19,1,54,1" doraHai="123,122" who="2" fromWho="0" sc="250,-26,250,0,250,26,250,0" /><INIT seed="1,0,0,4,3,95" ten="224,250,276,250" oya="1" hai0="75,91,65,92,50,123,87,18,44,3,76,41,7" hai1="31,23,110,119,51,1,131,32,54,134,114,4,10" hai2="129,64,115,103,116,100,12,15,79,128,69,24,40" hai3="120,118,89,102,57,112,37,132,85,2,126,121,47"/><U71/><E114/><V58/><F116/><W77/><G112/><T26/><D123/><U94/><E71/><V60/><F115/><W20/><G2/><T107/><D107/><U48/><E119/><V59/><F79/><W124/><G118/><T38/><D65/><U93/><E134/><V90/><F40/><W28/><G77/><T88/><D50/><U8/><E131/><V135/><F135/><W106/><G57/><T9/><D91/><U5/><E32/><V14/><F24/><W53/><G132/><T68/><D68/><U105/><E105/><V96/><F90/><W74/><G74/><T13/><D26/><U16/><E31/><V109/><F109/><W97/><G20/><T127/><D127/><N who="3" m="48681" /><G28/><T86/><D86/><U111/><E23/><V39/><F39/><W6/><G6/><T56/><D56/><U125/><E125/><V133/><F133/><W34/><G34/><T52/><D52/><U72/><E54/><V108/><F108/><W73/><G73/><T49/><D49/><U61/><E72/><V80/><F59/><W78/><G78/><T81/><REACH who="0" step="1"/><D18/><REACH who="0" ten="214,250,276,250" step="2"/><U43/><E16/><V130/><F69/><W29/><G53/><T19/><D19/><U33/><E33/><V11/><F128/><W21/><G37/><T17/><D17/><U30/><E30/><V45/><F129/><W83/><G47/><T70/><D70/><U122/><E122/><V66/><F45/><W113/><G113/><T0/><AGARI ba="0,1" hai="0,3,7,9,13,38,41,44,75,76,81,87,88,92" machi="0" ten="30,7900,0" yaku="1,1,0,1,54,1,53,1" doraHai="95" doraHaiUra="82" who="0" fromWho="0" sc="214,89,250,-39,276,-20,250,-20" /><INIT seed="2,0,0,3,2,18" ten="303,211,256,230" oya="2" hai0="100,46,40,69,1,47,104,13,5,24,0,9,49" hai1="44,109,118,70,29,21,61,76,103,99,135,107,36" hai2="108,2,59,78,77,114,27,58,87,31,84,20,125" hai3="50,64,128,42,63,124,6,68,106,54,23,66,22"/><V39/><F114/><W122/><G122/><T62/><D104/><U132/><E118/><V82/><F125/><W48/><G106/><T93/><D69/><U19/><E76/><V55/><F39/><W86/><G124/><T17/><D62/><U15/><E109/><V12/><F2/><W105/><G105/><T91/><D100/><U75/><E75/><V79/><F108/><W98/><G128/><T7/><D24/><U123/><E123/><V16/><F59/><W116/><G116/><T85/><D0/><U120/><E29/><V41/><F41/><W80/><G6/><T10/><D46/><U83/><E83/><V56/><F56/><W115/><G66/><T45/><D45/><U72/><E72/><V110/><F87/><W131/><G131/><T111/><D111/><U71/><E120/><V134/><F134/><N who="1" m="51241" /><E61/><N who="2" m="36063" /><F110/><W81/><G81/><T73/><D73/><U112/><E112/><V35/><F35/><W88/><G115/><T92/><D5/><U25/><E25/><V94/><F94/><AGARI ba="0,0" hai="1,7,9,10,13,17,40,47,49,85,91,92,93,94" machi="94" ten="30,1000,0" yaku="7,1" doraHai="18" who="0" fromWho="2" sc="303,10,211,0,256,-10,230,0" /><INIT seed="3,0,0,4,2,6" ten="313,211,246,230" oya="3" hai0="91,56,81,89,0,94,20,100,37,34,49,77,71" hai1="12,21,129,109,111,57,97,114,122,29,48,19,115" hai2="45,43,121,18,36,47,54,126,118,53,79,127,70" hai3="22,88,72,124,40,78,52,108,55,86,135,59,134"/><W28/><G124/><N who="2" m="47657" /><F79/><W27/><G108/><N who="1" m="41546" /><E97/><V98/><F118/><W76/><G40/><T80/><D71/><U131/><E57/><V74/><F74/><W62/><G55/><T90/><D34/><U33/><E48/><V31/><F31/><W107/><G107/><T5/><D37/><U125/><E122/><V15/><F121/><W64/><G64/><T8/><D100/><U39/><E39/><V25/><F25/><W7/><G7/><T87/><D20/><U123/><E123/><V120/><F120/><W110/><G110/><T105/><D105/><U102/><E102/><V68/><F98/><W133/><G72/><T50/><D81/><AGARI ba="0,0" hai="22,27,28,52,59,62,76,78,81,86,88,133,134,135" machi="81" ten="40,7700,0" yaku="20,1,54,2" doraHai="6" who="3" fromWho="0" sc="313,-77,211,0,246,0,230,77" owari="236,-16.4,211,-28.9,246,4.6,307,40.7" /></mjloggm>