<mjloggm ver="2.3"><GO type="225" lobby="0"/><UN n0="%E7%B4%94%E6%BD%94%E3%83%94%E3%83%A9%E3%83%8B%E3%82%A2" n1="%77%72%77%72%77%72%77%72" n2="%6E%69%63%6F%6E%74%6F" n3="%4C%E3%82%AA%E3%83%97%E3%83%86%E3%82%A3%E3%82%B8%E3%83%B3%E3%82%AF" dan="17,16,16,16" rate="2200.92,2101.57,2100.58,2121.61" sx="M,M,M,M"/><TAIKYOKU oya="0"/><INIT seed="0,0,0,2,2,109" ten="250,250,250,250" oya="0" hai0="82,2,37,52,94,9,47,50,72,46,87,98,41" hai1="133,80,121,128,130,106,100,19,103,135,65,96,102" hai2="12,118,113,119,111,78,79,49,95,77,25,86,34" hai3="83,26,123,4,70,7,11,105,107,129,132,16,134"/><T74/><D2/><U0/><E0/><V35/><F111/><W61/><G123/><T55/><D55/><U3/><E3/><V66/><F66/><N who="3" m="41295" /><G83/><T29/><D29/><U122/><E65/><V124/><F49/><W117/><G117/><N who="2" m="44553" /><F124/><W104/><G129/><N who="1" m="49770" /><E19/><V114/><F12/><N who="3" m="7199" /><G26/><T93/><D9/><U58/><E58/><V10/><F10/><W38/><G38/><T44/><D44/><U48/><E48/><V120/><F120/><N who="1" m="46185" /><E80/><V56/><F56/><W99/><G99/><T125/><D125/><U20/><E20/><V71/><F71/><W62/><G62/><T112/><D93/><U40/><E40/><V84/><F25/><W45/><G45/><T15/><D15/><U18/><E18/><V51/><F51/><W21/><G21/><T115/><D74/><U13/><E13/><V67/><F67/><W63/><G63/><T33/><D72/><U30/><E30/><V81/><F81/><W23/><G23/><T68/><D68/><U75/><E75/><V27/><F27/><W91/><G91/><T31/><D31/><U43/><E43/><V127/><F127/><W32/><G32/><N who="2" m="12329" /><F95/><W88/><G88/><T76/><D33/><U89/><E106/><V116/><N who="2" m="44561" /><V108/><DORA hai="69" /><F108/><W42/><G42/><T5/><D5/><U54/><E54/><V59/><F59/><W60/><G60/><T57/><D57/><U110/><E110/><V17/><F17/><W28/><G28/><T53/><D53/><U39/><E39/><V85/><AGARI ba="0,0" hai="77,78,79,84,85,86,113,114" m="12329,44561" machi="85" ten="50,8000,1" yaku="28,2,12,1,52,2" doraHai="109,69" who="2" fromWho="2" sc="250,-40,250,-20,250,80,250,-20" /><INIT seed="1,0,0,5,5,125" ten="210,230,330,230" oya="1" hai0="12,59,71,82,67,128,120,62,121,95,129,11,96" hai1="14,3,23,78,49,106,30,8,53,10,105,131,48" hai2="93,4,16,7,133,1,34,66,43,77,75,13,68" hai3="64,118,135,100,99,39,91,61,47,111,22,130,57"/><U115/><E115/><V92/><F133/><W33/><G33/><T112/><D71/><U79/><E3/><V20/><F75/><W0/><G135/><T45/><D45/><U50/><E53/><V28/><F77/><W38/><G0/><T127/><D82/><U94/><E94/><V54/><F43/><W9/><G111/><T52/><D67/><U41/><E41/><V87/><F87/><W132/><G132/><T29/><D29/><U18/><E30/><V88/><F88/><W110/><G110/><T36/><D36/><U46/><E46/><V102/><F102/><W58/><G118/><T21/><D21/><U122/><E122/><N who="0" m="47209" /><D112/><U15/><E131/><V104/><F104/><W81/><G130/><T90/><D127/><U37/><E37/><V65/><F54/><W124/><G124/><T76/><D76/><U35/><E35/><V83/><F83/><W44/><G22/><T60/><D60/><U40/><E40/><V80/><F7/><AGARI ba="0,0" hai="7,11,12,52,59,62,90,95,96,128,129" m="47209" machi="7" ten="30,7700,0" yaku="13,1,52,2,54,1" doraHai="125" who="0" fromWho="2" sc="210,77,230,0,330,-77,230,0" /><INIT seed="2,0,0,1,2,135" ten="287,230,253,230" oya="2" hai0="82,60,35,105,126,86,46,3,111,9,76,72,40" hai1="17,119,48,15,16,52,74,8,114,43,67,13,71" hai2="83,62,90,47,93,53,121,132,113,112,0,131,118" hai3="49,110,125,19,70,109,1,37,39,27,54,42,5"/><V2/><F118/><W129/><G70/><T41/><D105/><U128/><E119/><V36/><F121/><W6/><G129/><T96/><D35/><U97/><E114/><V117/><F117/><W124/><G42/><T80/><D41/><U4/><E128/><V89/><F132/><W56/><G27/><T10/><D111/><N who="3" m="42505" /><G19/><T25/><D25/><U77/><E43/><V106/><F106/><W55/><G55/><T127/><D96/><U73/><E4/><N who="3" m="1642" /><G1/><T58/><D3/><U22/><E97/><V120/><F2/><W107/><G107/><T21/><D21/><U101/><E101/><V122/><F0/><W45/><G45/><T38/><D10/><U78/><E71/><V99/><F36/><AGARI ba="0,0" hai="36,37,39,49,54,56,124,125" m="1642,42505" machi="36" ten="40,5200,0" yaku="14,1,52,2" doraHai="135" who="3" fromWho="2" sc="287,0,230,0,253,-52,230,52" /><INIT seed="3,0,0,5,2,19" ten="287,230,201,282" oya="3" hai0="29,70,44,12,115,76,86,133,60,135,101,21,30" hai1="38,50,24,83,71,134,31,16,127,55,41,130,79" hai2="52,120,57,0,92,102,28,124,63,109,15,1,13" hai3="95,46,93,25,36,33,128,117,77,119,23,121,125"/><W11/><G121/><T105/><D115/><U97/><E71/><V131/><F120/><W37/><G33/><T73/><D73/><U84/><E130/><V67/><F131/><W99/><G128/><T74/><D74/><U90/><E134/><N who="0" m="51209" /><D44/><U54/><E38/><V20/><F124/><W45/><G125/><T75/><D75/><U65/><E65/><V114/><F114/><W96/><G11/><T123/><D123/><U94/><E127/><V39/><F39/><W129/><G129/><T89/><D76/><U35/><E16/><N who="2" m="10255" /><F109/><W110/><G23/><T10/><D101/><U47/><AGARI ba="0,0" hai="24,31,35,41,47,50,54,55,79,83,84,90,94,97" machi="47" ten="30,1100,0" yaku="0,1" doraHai="19" who="1" fromWho="1" sc="287,-3,230,11,201,-3,282,-5" /><INIT seed="4,0,0,0,5,98" ten="284,241,198,277" oya="0" hai0="50,107,80,34,23,25,81,62,115,122,66,70,113" hai1="88,30,73,48,75,105,125,132,33,133,100,16,99" hai2="93,29,35,96,117,1,49,71,24,69,109,11,68" hai3="127,110,72,42,27,94,82,78,15,56,19,60,43"/><T130/><D122/><U120/><E120/><V92/><F109/><W10/><G110/><T101/><D34/><U36/><E36/><V61/><F117/><W13/><G127/><T18/><D50/><U90/><E125/><V12/><F1/><W76/><G76/><T51/><D51/><U3/><E3/><V134/><F134/><N who="1" m="51817" /><E30/><V4/><F49/><W87/><G27/><T8/><D8/><U129/><E129/><V22/><F93/><W131/><G131/><T64/><D66/><U84/><E33/><V65/><REACH who="2" step="1"/><F35/><REACH who="2" ten="284,241,188,277" step="2"/><W45/><G94/><T57/><D130/><U102/><E48/><V32/><F32/><W103/><G45/><T41/><D41/><U21/><E105/><V9/><F9/><W44/><G43/><T85/><D80/><N who="1" m="49159" /><E75/><V106/><F106/><W46/><G44/><T135/><D135/><U116/><E73/><V38/><F38/><W114/><G46/><T79/><D70/><U53/><E116/><V2/><F2/><W126/><G42/><T28/><D28/><U58/><E99/><V39/><F39/><W31/><G126/><T0/><D0/><U55/><E58/><V14/><F14/><W77/><G31/><T47/><D47/><U52/><E90/><AGARI ba="0,1" hai="4,11,12,22,24,29,61,65,68,69,71,90,92,96" machi="90" ten="30,2000,0" yaku="1,1,7,1,53,0" doraHai="98" doraHaiUra="121" who="2" fromWho="1" sc="284,0,241,-20,188,30,277,0" /><INIT seed="5,0,0,4,5,1" ten="284,221,218,277" oya="1" hai0="99,13,129,115,85,45,84,3,17,108,124,111,112" hai1="70,105,94,114,15,40,113,26,81,39,62,52,63" hai2="132,64,133,20,60,18,34,97,106,16,122,42,55" hai3="107,118,59,117,76,69,89,87,33,119,38,93,90"/><U41/><E105/><V57/><F122/><W28/><G69/><T4/><D99/><U116/><E116/><V80/><F34/><W22/><G33/><T61/><D61/><U123/><E123/><V54/><F42/><N who="1" m="16489" /><E39/><V98/><F80/><W2/><G107/><T74/><D45/><U96/><E81/><V82/><F82/><W19/><G38/><T130/><D74/><U127/><E127/><V27/><F18/><W67/><G28/><T95/><D124/><U91/><E70/><V92/><F106/><W10/><G76/><T48/><D48/><U126/><E126/><V46/><F98/><W36/><G36/><T6/><D3/><U50/><E26/><V120/><F120/><W49/><G90/><N who="0" m="53703" /><D85/><U58/><E15/><V44/><F44/><W104/><G104/><T125/><D125/><U71/><E71/><V109/><F109/><W78/><G78/><T25/><D25/><U77/><E77/><V47/><F47/><W83/><G83/><T86/><D86/><U5/><E5/><N who="0" m="2153" /><D111/><U75/><E75/><V100/><REACH who="2" step="1"/><F46/><REACH who="2" ten="284,221,208,277" step="2"/><W23/><G19/><T79/><D108/><U51/><E114/><N who="0" m="43561" /><D79/><U30/><E113/><V101/><F101/><W35/><G35/><T9/><AGARI ba="0,1" hai="9,13,17,129,130" m="43561,2153,53703" machi="9" ten="30,7900,0" yaku="15,1,52,3" doraHai="1" who="0" fromWho="0" sc="284,89,221,-39,208,-20,277,-20" owari="373,47.3,182,-31.8,188,-21.2,257,5.7" /></mjloggm>