<mjloggm ver="2.3"><GO type="225" lobby="0"/><UN n0="%E6%9D%B1%E9%A2%A8%E3%81%AE%E3%81%8D%E3%82%83%E3%81%B7%E3%81%95%E3%82%93" n1="%E3%83%B4%E3%83%A0%EF%BC%99%E3%81%A6" n2="%E3%83%A9%E3%82%A4%E3%83%B3%E3%81%AE%E8%99%8E" n3="%E6%B7%91%E5%A5%B3%E3%81%AE%E5%97%9C%E3%81%BF" dan="16,16,16,16" rate="2102.02,2166.10,2134.88,2096.01" sx="M,M,M,M"/><TAIKYOKU oya="0"/><INIT seed="0,0,0,3,1,9" ten="250,250,250,250" oya="0" hai0="94,21,86,41,1,110,34,114,29,116,63,96,32" hai1="103,62,128,92,48,121,57,47,46,28,119,83,78" hai2="16,134,6,123,64,95,88,24,42,36,51,11,109" hai3="118,91,12,2,5,104,43,135,80,98,69,79,72"/><T3/><D116/><U18/><E119/><V4/><F123/><W61/><G118/><T129/><D41/><U70/><E121/><V35/><F36/><W102/><G135/><T82/><D114/><U60/><E128/><V50/><F134/><W52/><G43/><T38/><D38/><U99/><E28/><V107/><F107/><W58/><G69/><T106/><D106/><U111/><E111/><V73/><F73/><W53/><G2/><T90/><D110/><U87/><E70/><V127/><F109/><W17/><G91/><T22/><D129/><U13/><E48/><V37/><F37/><W84/><G5/><N who="2" m="2153" /><F35/><W113/><G113/><T26/><D63/><U100/><E100/><V101/><F127/><W117/><G117/><T20/><REACH who="0" step="1"/><D32/><REACH who="0" ten="240,250,250,250" step="2"/><U74/><E60/><V124/><F42/><W45/><G45/><T85/><D85/><U133/><E74/><V105/><F105/><W59/><G72/><T39/><D39/><U81/><E133/><V7/><F124/><W71/><G61/><T75/><D75/><U15/><E47/><V130/><F130/><W8/><REACH who="3" step="1"/><G71/><REACH who="3" ten="240,250,250,240" step="2"/><T49/><D49/><U122/><E46/><V68/><F68/><W132/><G132/><T125/><D125/><U33/><E62/><V89/><F51/><W93/><G93/><T23/><N who="0" m="5120" /><DORA hai="30" /><T67/><D67/><U108/><E92/><V77/><F50/><W112/><G112/><T44/><D44/><U55/><E108/><V10/><F64/><W31/><G31/><T56/><D56/><AGARI ba="0,2" hai="8,12,17,52,53,56,58,59,79,80,84,98,102,104" machi="56" ten="40,5200,0" yaku="1,1,52,1,54,1,53,0" doraHai="9,30" doraHaiUra="115,19" who="3" fromWho="0" sc="240,-52,250,0,250,0,240,72" /><INIT seed="1,0,0,5,3,85" ten="188,250,250,312" oya="1" hai0="80,45,107,81,14,7,123,128,117,23,4,21,65" hai1="58,17,22,60,31,49,121,78,74,84,68,131,66" hai2="134,98,75,114,93,116,132,19,120,25,10,106,97" hai3="16,126,130,109,94,20,9,104,127,91,73,37,38"/><U28/><E121/><V12/><F116/><W99/><G73/><T83/><D123/><U30/><E131/><V56/><F120/><W57/><G130/><T103/><D128/><U46/><E74/><V48/><F75/><W44/><G109/><T129/><D129/><U95/><E68/><V125/><F125/><N who="3" m="47627" /><G9/><T111/><D117/><U52/><E78/><V2/><F114/><W118/><G118/><T54/><D111/><U63/><E63/><V62/><F2/><W124/><G124/><T3/><D3/><U11/><E11/><V115/><F115/><W33/><G33/><T36/><D65/><U59/><E59/><V43/><F25/><N who="3" m="14471" /><G104/><T96/><D54/><U105/><E105/><V86/><F106/><W112/><G112/><T77/><D77/><U40/><E66/><N who="2" m="39239" /><F134/><W1/><G1/><T55/><D55/><U70/><E70/><V110/><F132/><W82/><G44/><T29/><D29/><U113/><E113/><V5/><F5/><W122/><G122/><T51/><D51/><U47/><E47/><N who="2" m="25727" /><F110/><W27/><G27/><T76/><D76/><U61/><E61/><V35/><F35/><W0/><G0/><T64/><D64/><U34/><E34/><V108/><F108/><W24/><G24/><T26/><D26/><N who="1" m="14671" /><E28/><V6/><F6/><N who="0" m="2090" /><D14/><U133/><E133/><V102/><F102/><N who="3" m="60791" /><G57/><T32/><D32/><U50/><E30/><V67/><F67/><W13/><G13/><T92/><D107/><U100/><E31/><V42/><F42/><W88/><G38/><T72/><D72/><U41/><E58/><V18/><F18/><RYUUKYOKU ba="0,0" sc="188,15,250,-15,250,15,312,-15" hai0="21,23,36,45,80,81,83,92,96,103" hai2="10,12,19,86,93,97,98" /><INIT seed="2,1,0,3,0,134" ten="203,235,265,297" oya="2" hai0="135,30,46,72,78,36,40,58,42,6,75,67,92" hai1="127,63,76,2,47,74,38,31,53,82,4,85,33" hai2="64,94,21,29,24,11,110,132,107,52,41,26,131" hai3="50,102,35,118,128,60,0,49,1,124,27,45,66"/><V70/><F107/><W69/><G118/><T77/><D135/><U114/><E114/><V51/><F132/><W68/><G128/><T55/><D30/><U111/><E111/><V71/><F131/><W39/><G69/><T129/><D129/><U104/><E104/><V120/><F120/><W83/><G124/><T65/><D6/><U5/><E5/><V109/><F41/><W106/><G39/><T119/><D119/><U43/><E85/><V13/><F94/><W57/><G83/><T12/><D12/><U56/><E31/><V7/><F26/><W103/><G57/><T100/><D42/><U125/><E33/><V91/><F91/><W18/><G50/><T113/><D113/><U10/><AGARI ba="1,0" hai="2,4,10,38,43,47,53,56,63,74,76,82,125,127" machi="10" ten="30,8000,1" yaku="0,1,25,2,52,2" doraHai="134" who="1" fromWho="1" sc="203,-21,235,83,265,-41,297,-21" /><INIT seed="3,0,0,1,5,51" ten="182,318,224,276" oya="3" hai0="82,122,127,6,55,32,100,68,3,14,64,8,103" hai1="43,15,10,5,134,18,45,17,12,97,23,42,52" hai2="73,133,46,44,79,35,59,118,114,9,101,29,4" hai3="11,19,84,110,50,121,94,41,0,77,93,78,109"/><W20/><G121/><T1/><D122/><U89/><E134/><V39/><F46/><N who="3" m="25935" /><G0/><T129/><D32/><U49/><E5/><V26/><F101/><W113/><G11/><T38/><D38/><U75/><E75/><V21/><F133/><W48/><G113/><T61/><D129/><U47/><E47/><V102/><F102/><W111/><G48/><T31/><D127/><U72/><E72/><V80/><F118/><W22/><G22/><T13/><D1/><U128/><E128/><V99/><F21/><W62/><G62/><T125/><D125/><U56/><E45/><V86/><F114/><W67/><G67/><T63/><D31/><U71/><E71/><V70/><F70/><W135/><G135/><T54/><D82/><U117/><E117/><V88/><F59/><W126/><G126/><T108/><D108/><U87/><E97/><V90/><F99/><W34/><G34/><T76/><D76/><N who="3" m="29289" /><G84/><T65/><D68/><U74/><E74/><V53/><F86/><W7/><G7/><T115/><D6/><U96/><E96/><V81/><F81/><AGARI ba="0,0" hai="10,12,15,17,18,23,42,43,49,52,56,81,87,89" machi="81" ten="30,7700,0" yaku="7,1,8,1,52,1,54,1" doraHai="51" who="1" fromWho="2" sc="182,0,318,77,224,-77,276,0" owari="182,-21.8,395,49.5,147,-35.3,276,7.6" /></mjloggm>