<mjloggm ver="2.3"><GO type="225" lobby="0"/><UN n0="%E6%81%A5%E6%99%92%E3%81%97" n1="%E5%A4%8F%E9%88%B4%E9%88%B4%E5%A4%8F" n2="%EF%BC%AE%EF%BC%A1%EF%BC%AF%33%33%39" n3="%E7%99%BD%E5%80%89%E5%AF%9B%E4%B9%8B" dan="16,16,16,16" rate="2052.36,2095.10,2109.03,2150.29" sx="M,M,M,M"/><TAIKYOKU oya="0"/><INIT seed="0,0,0,2,2,14" ten="250,250,250,250" oya="0" hai0="113,104,131,132,29,89,19,76,50,10,27,81,120" hai1="65,5,34,84,63,3,75,68,45,26,118,53,25" hai2="31,54,30,128,119,6,73,13,127,59,52,88,17" hai3="111,24,115,91,64,38,110,1,99,74,9,44,114"/><T46/><D113/><U41/><E75/><V20/><F73/><W94/><G74/><T21/><D120/><U106/><E106/><V28/><F128/><W57/><G24/><T130/><D104/><U103/><E118/><V49/><F119/><W48/><G38/><T93/><D132/><U32/><E103/><V16/><F127/><W47/><G1/><T0/><D81/><U133/><E133/><V71/><F71/><W101/><G9/><T124/><D76/><U62/><E5/><V60/><F88/><W33/><G33/><T23/><D124/><U36/><E3/><V51/><F6/><W72/><G72/><T43/><D10/><U56/><E25/><N who="2" m="14471" /><F54/><N who="3" m="31943" /><G64/><T122/><D122/><U134/><E134/><V37/><F37/><W12/><G12/><T4/><D4/><U109/><E109/><N who="3" m="41482" /><G91/><T98/><REACH who="0" step="1"/><D0/><REACH who="0" ten="240,250,250,250" step="2"/><U18/><REACH who="1" step="1"/><E84/><REACH who="1" ten="240,240,250,250" step="2"/><V2/><F2/><W105/><G105/><T108/><D108/><U67/><E67/><V117/><F117/><W121/><G121/><T35/><D35/><U83/><E83/><V55/><F55/><W80/><G80/><T125/><D125/><U22/><AGARI ba="0,2" hai="18,22,26,32,34,36,41,45,53,56,62,63,65,68" machi="22" ten="30,4000,0" yaku="1,1,0,1,52,1,53,0" doraHai="14" doraHaiUra="112" who="1" fromWho="1" sc="240,-20,240,60,250,-10,250,-10" /><INIT seed="1,0,0,5,2,80" ten="220,300,240,240" oya="1" hai0="43,25,96,117,23,35,51,83,93,67,20,57,102" hai1="131,135,70,76,112,75,11,31,68,88,7,134,107" hai2="109,41,46,126,74,65,29,69,91,125,47,87,105" hai3="21,98,9,56,2,94,45,127,77,66,0,4,6"/><U59/><E112/><V27/><F74/><W128/><G128/><T38/><D117/><U28/><E107/><V36/><F105/><W62/><G127/><N who="2" m="48649" /><F47/><W39/><G77/><T122/><D122/><U42/><E131/><V48/><F109/><W95/><G21/><T10/><D10/><U14/><E42/><V90/><F90/><W16/><G16/><N who="0" m="12423" /><D35/><U44/><E76/><V61/><F36/><W24/><G24/><T32/><D32/><U26/><E75/><V49/><F49/><W118/><G118/><T119/><D119/><U55/><E44/><V8/><F8/><W106/><G106/><T63/><D38/><U110/><E88/><V99/><F99/><W60/><G98/><T114/><D114/><U30/><E26/><V12/><F12/><W37/><G9/><T71/><D71/><U97/><E97/><V121/><F121/><W124/><G124/><T81/><D23/><U5/><E7/><V130/><F130/><W104/><G104/><T50/><D43/><U64/><E110/><V78/><F78/><W116/><G116/><T13/><D13/><U100/><E100/><V113/><F113/><W52/><G45/><T34/><D34/><U82/><E68/><V101/><F101/><W111/><G111/><T15/><D15/><U72/><E70/><V123/><F123/><W132/><G39/><T22/><D22/><U79/><REACH who="1" step="1"/><E64/><REACH who="1" ten="220,290,240,240" step="2"/><V115/><F115/><W53/><G66/><T18/><D18/><U133/><E133/><V120/><F120/><W103/><G132/><T1/><D1/><U17/><E17/><V84/><F27/><RYUUKYOKU ba="0,1" sc="220,15,290,15,240,-15,240,-15" hai0="50,51,57,63,67,81,83,93,96,102" hai1="5,11,14,28,30,31,55,59,72,79,82,134,135" /><INIT seed="1,1,1,3,3,126" ten="235,305,225,225" oya="1" hai0="134,4,21,2,118,90,112,51,101,117,135,56,41" hai1="31,115,79,60,50,103,72,54,15,38,78,29,10" hai2="46,111,99,65,36,108,107,93,102,7,52,20,26" hai3="64,59,66,8,119,113,124,105,76,37,75,19,12"/><U69/><E115/><V77/><F7/><W130/><G37/><T100/><D112/><U48/><E38/><V96/><F65/><W63/><G105/><T110/><D110/><N who="2" m="42026" /><F77/><N who="1" m="29193" /><E69/><V55/><F46/><W97/><G113/><T14/><D90/><U1/><E72/><V95/><F36/><W27/><G124/><T13/><D21/><U9/><E1/><V86/><F86/><W71/><G119/><T45/><D56/><N who="1" m="34839" /><E103/><N who="0" m="39497" /><D2/><U30/><E9/><V73/><F73/><W0/><G0/><T88/><D118/><U83/><E83/><V58/><F99/><W40/><G71/><T106/><D106/><U33/><E33/><V18/><F55/><W11/><G97/><T57/><D117/><U34/><E34/><V28/><F28/><N who="1" m="7169" /><U114/><DORA hai="89" /><E114/><V39/><F39/><W24/><G75/><T129/><D4/><AGARI ba="1,1" hai="4,10,15,48,50" m="7169,34839,29193" machi="4" ten="30,1500,0" yaku="8,1" doraHai="126,89" who="1" fromWho="0" sc="235,-18,305,28,225,0,225,0" /><INIT seed="1,2,0,2,2,58" ten="217,333,225,225" oya="1" hai0="6,100,3,125,117,132,108,26,84,23,124,31,35" hai1="0,21,28,128,105,43,48,72,119,27,19,131,8" hai2="30,38,13,24,77,25,121,88,80,33,103,69,109" hai3="22,126,1,82,14,86,133,17,36,62,81,96,78"/><U104/><E72/><V76/><F38/><W60/><G36/><T55/><D117/><U130/><E119/><V54/><F121/><W29/><G1/><T44/><D108/><U42/><E48/><V101/><F69/><W94/><G126/><N who="0" m="48747" /><D132/><U10/><E19/><V102/><F109/><W123/><G123/><T34/><D100/><U111/><E111/><V66/><F66/><W83/><G133/><T64/><D64/><U47/><E47/><V91/><F76/><W122/><G122/><T12/><D84/><U107/><REACH who="1" step="1"/><E0/><REACH who="1" ten="217,323,225,225" step="2"/><V112/><F112/><W53/><G29/><T110/><D110/><U9/><AGARI ba="2,1" hai="8,9,10,21,27,28,42,43,104,105,107,128,130,131" machi="9" ten="50,18000,2" yaku="1,1,2,1,0,1,29,2,19,1,53,0" doraHai="58" doraHaiUra="134" who="1" fromWho="1" sc="217,-62,323,196,225,-62,225,-62" /><INIT seed="1,3,0,2,0,111" ten="155,519,163,163" oya="1" hai0="18,66,94,91,2,74,80,88,30,41,22,1,109" hai1="89,78,20,50,123,72,10,23,110,106,29,113,7" hai2="33,43,27,121,76,68,13,127,71,69,101,36,52" hai3="99,124,28,64,61,92,54,77,112,8,118,98,96"/><U122/><E106/><V131/><F121/><N who="1" m="46089" /><E50/><V0/><F0/><W70/><G112/><T55/><D109/><U107/><E89/><V75/><F101/><W63/><G124/><T133/><D133/><U5/><E78/><V58/><F127/><W16/><G118/><T129/><D129/><U135/><E72/><V38/><F43/><W6/><G28/><T59/><D66/><U83/><E83/><V46/><F46/><W100/><G77/><T119/><D30/><U34/><E107/><V115/><F131/><W35/><G35/><T39/><D39/><U19/><E110/><V3/><F3/><W4/><G54/><T21/><D119/><U12/><E135/><V125/><F125/><W108/><G108/><T73/><D41/><U48/><E48/><V45/><F45/><W85/><G63/><T11/><D2/><U128/><E128/><V37/><F33/><W126/><G126/><T87/><D1/><U26/><E113/><V84/><F75/><W102/><G85/><N who="0" m="50215" /><D74/><U117/><E117/><V32/><F115/><W40/><G40/><T15/><D73/><U90/><E90/><V60/><F76/><W114/><G114/><T116/><D116/><U86/><E86/><V53/><F84/><W132/><G132/><T57/><D57/><U44/><E44/><V134/><F134/><W95/><G99/><T120/><D120/><U14/><E5/><V79/><F79/><W9/><G9/><AGARI ba="3,0" hai="7,9,10,12,14,19,20,23,26,29,34" m="46089" machi="9" ten="30,2900,0" yaku="34,2" doraHai="111" who="1" fromWho="3" sc="155,0,519,38,163,0,163,-38" /><INIT seed="1,4,0,5,2,6" ten="155,557,163,125" oya="1" hai0="25,68,118,61,112,128,98,72,127,65,114,4,73" hai1="75,48,106,74,79,60,82,56,70,78,38,130,110" hai2="17,47,1,119,13,34,46,30,12,14,55,84,81" hai3="86,125,16,59,91,113,44,104,94,132,21,63,37"/><U52/><E130/><V76/><F119/><W103/><G113/><T39/><D118/><U3/><E3/><V97/><F1/><W53/><G125/><T107/><D127/><U20/><E110/><V11/><F34/><W80/><G132/><T109/><D109/><U24/><E106/><V0/><F30/><W58/><G104/><T126/><D126/><U62/><E38/><V2/><F2/><W89/><G103/><N who="0" m="62967" /><D128/><U121/><E121/><V45/><F0/><W71/><G71/><T134/><D4/><U87/><E78/><V92/><REACH who="2" step="1"/><F55/><REACH who="2" ten="155,557,153,125" step="2"/><W88/><G80/><T123/><D114/><U36/><E36/><V69/><F69/><W31/><G31/><T29/><D112/><U77/><E70/><V33/><F33/><W105/><G37/><T120/><D39/><U9/><E75/><V23/><F23/><W41/><G41/><T100/><D73/><U15/><E74/><V96/><F96/><W131/><G131/><T83/><D72/><U90/><E62/><V66/><F66/><N who="3" m="39287" /><G44/><T124/><D124/><U27/><E60/><V8/><F8/><W85/><G85/><T111/><D111/><U64/><E64/><V116/><F116/><W5/><G105/><T99/><D29/><U51/><E20/><V49/><F49/><N who="3" m="31151" /><G5/><T122/><D120/><U32/><E32/><V19/><F19/><W93/><G86/><T108/><D108/><U50/><E48/><V28/><F28/><W102/><G102/><AGARI ba="4,1" hai="11,12,13,14,17,45,46,47,76,81,84,92,97,102" machi="102" ten="40,12000,2" yaku="1,1,8,1,52,1,53,3" doraHai="6" doraHaiUra="40" who="2" fromWho="3" sc="155,0,557,0,153,142,125,-132" owari="155,-24.5,557,65.7,295,9.5,-7,-50.7" /></mjloggm>