<mjloggm ver="2.3"><GO type="225" lobby="0"/><UN n0="%E3%80%90%E3%83%88%E3%83%AA%E3%83%A5%E3%83%95%E3%80%91" n1="%43%68%65" n2="%E3%80%93%E3%81%97%E3%83%BC%E3%82%89%E3%80%93" n3="%E5%B8%86%E7%AB%8B%E5%A4%8F%E8%A1%A3" dan="16,16,16,17" rate="2131.30,2122.27,2191.35,2168.78" sx="M,M,M,M"/><TAIKYOKU oya="0"/><INIT seed="0,0,0,0,3,27" ten="250,250,250,250" oya="0" hai0="0,134,111,135,99,22,16,41,105,112,66,131,43" hai1="51,30,58,91,106,110,100,82,50,56,13,7,114" hai2="132,29,37,26,20,46,79,63,88,44,33,62,81" hai3="38,18,104,10,109,92,98,95,9,97,127,12,70"/><T65/><D112/><U96/><E114/><V61/><F132/><N who="0" m="50730" /><D0/><U67/><E110/><V107/><F107/><W21/><G104/><T133/><D133/><U71/><E58/><V1/><F1/><W5/><G127/><T49/><D111/><U113/><E113/><V116/><F116/><W129/><G129/><T77/><D77/><U8/><E56/><V101/><F101/><W14/><G70/><T47/><D41/><U118/><E118/><V23/><F37/><W78/><G38/><T120/><D131/><U85/><E30/><N who="2" m="17735" /><F79/><W54/><G78/><T94/><D105/><U68/><REACH who="1" step="1"/><E68/><REACH who="1" ten="250,240,250,250" step="2"/><V19/><F33/><W4/><G109/><T11/><D120/><U25/><E25/><N who="2" m="14591" /><F29/><W86/><G54/><T76/><D43/><U31/><E31/><V87/><AGARI ba="0,1" hai="44,46,61,62,63,81,87,88" m="14591,17735" machi="87" ten="30,4000,0" yaku="8,1,52,1,54,1" doraHai="27" who="2" fromWho="2" sc="250,-20,240,-10,250,50,250,-10" /><INIT seed="1,0,0,2,3,4" ten="230,230,300,240" oya="1" hai0="133,60,69,89,43,97,65,57,3,74,72,10,116" hai1="81,73,118,62,63,36,110,111,123,121,34,105,52" hai2="27,44,91,2,29,129,47,17,112,31,104,96,8" hai3="14,122,56,19,23,70,82,125,114,50,86,64,117"/><U102/><E118/><V39/><F129/><W87/><G122/><T48/><D116/><U49/><E36/><V30/><F112/><W115/><G117/><T40/><D133/><U0/><E34/><V9/><F2/><W6/><G125/><T126/><D126/><U1/><E1/><V38/><F104/><W93/><G70/><T45/><D72/><U55/><E0/><V5/><F5/><W37/><G37/><T135/><D74/><U132/><E132/><V67/><F67/><W12/><G115/><T22/><D22/><U130/><E130/><V18/><F31/><W100/><G114/><T79/><D79/><U106/><E73/><V127/><F91/><W61/><G50/><T109/><D109/><N who="1" m="41483" /><E81/><V76/><F96/><N who="3" m="59407" /><G82/><T24/><D135/><U134/><E134/><V11/><F11/><AGARI ba="0,0" hai="6,11,12,14,19,23,56,61,64,86,87" m="59407" machi="11" ten="30,2000,0" yaku="8,1,52,1" doraHai="4" who="3" fromWho="2" sc="230,0,230,0,300,-20,240,20" /><INIT seed="2,0,0,2,4,39" ten="230,230,280,260" oya="2" hai0="18,7,6,10,111,65,19,27,41,103,70,81,121" hai1="8,63,36,86,109,110,64,32,13,108,38,60,80" hai2="3,58,31,11,30,118,54,1,28,89,53,15,82" hai3="124,126,14,37,130,33,40,104,75,2,24,120,114"/><V66/><F118/><W35/><RYUUKYOKU type="yao9" ba="0,0" sc="230,0,230,0,280,0,260,0" hai3="2,14,24,33,35,37,40,75,104,114,120,124,126,130" /><INIT seed="2,1,0,3,1,20" ten="230,230,280,260" oya="2" hai0="96,73,82,69,12,22,18,57,97,19,72,78,110" hai1="80,41,53,48,28,75,1,4,54,90,111,120,21" hai2="42,43,14,15,98,76,13,6,102,65,40,5,93" hai3="117,0,3,83,109,88,77,135,87,17,101,39,67"/><V9/><F65/><W62/><G117/><T47/><D69/><U94/><E111/><V60/><F60/><W79/><G109/><T26/><D72/><U92/><E120/><V134/><F134/><W124/><G124/><T106/><D110/><U11/><E41/><V130/><F130/><W37/><G135/><T29/><D19/><U45/><E54/><V66/><F66/><W115/><G115/><T25/><D106/><U114/><E114/><V89/><F76/><W38/><G101/><T128/><D128/><U32/><E32/><V129/><F129/><W30/><G30/><T49/><D57/><U121/><E121/><V131/><F131/><W104/><G104/><T85/><D73/><U126/><E126/><V2/><F6/><W107/><G107/><T23/><D12/><N who="2" m="4714" /><F2/><W105/><G105/><T31/><D18/><U52/><E53/><AGARI ba="1,0" hai="22,23,25,26,29,31,47,49,53,78,82,85,96,97" machi="53" ten="30,8000,1" yaku="7,1,9,1,8,1,52,2" doraHai="20" who="0" fromWho="1" sc="230,83,230,-83,280,0,260,0" /><INIT seed="3,0,0,4,2,91" ten="313,147,280,260" oya="3" hai0="16,32,101,77,34,113,132,19,92,13,127,90,23" hai1="124,62,85,98,22,27,42,59,57,31,69,74,126" hai2="0,49,51,53,46,36,99,117,87,105,111,20,25" hai3="112,9,119,80,86,116,11,102,108,70,83,93,63"/><W12/><G112/><T4/><D101/><U18/><E74/><V52/><F0/><W65/><G108/><T26/><D77/><U71/><E42/><V45/><F117/><W41/><G41/><T28/><D92/><U106/><E85/><V120/><F111/><W103/><G11/><N who="0" m="4327" /><D90/><U3/><E3/><V47/><F120/><W135/><G135/><T97/><D97/><U61/><E18/><V29/><F36/><W76/><G83/><T122/><D122/><U107/><E22/><V79/><F105/><W24/><G24/><N who="0" m="18439" /><D113/><U21/><E21/><V134/><F134/><W100/><REACH who="3" step="1"/><G93/><REACH who="3" ten="313,147,280,250" step="2"/><T110/><D132/><U14/><E27/><V95/><F79/><W84/><G84/><T2/><D110/><U1/><E1/><V123/><F123/><W78/><G78/><T73/><D73/><U56/><E14/><V64/><F87/><W82/><G82/><T6/><D127/><N who="1" m="48683" /><E98/><V55/><F64/><W67/><G67/><T15/><D2/><U48/><E31/><V131/><F131/><W38/><G38/><T30/><D6/><AGARI ba="0,1" hai="6,9,12,63,65,70,76,80,86,100,102,103,116,119" machi="6" ten="40,2000,0" yaku="1,1,53,0" doraHai="91" doraHaiUra="54" who="3" fromWho="0" sc="313,-20,147,0,280,0,250,30" /><INIT seed="3,1,0,4,0,10" ten="293,147,280,280" oya="3" hai0="24,97,15,77,72,83,86,34,87,8,111,78,79" hai1="135,120,104,60,84,43,13,95,75,23,125,68,7" hai2="47,45,63,53,122,39,28,29,38,90,62,88,11" hai3="2,98,102,41,22,101,9,70,109,67,0,93,94"/><W3/><G109/><T133/><D133/><U61/><E120/><V112/><F122/><W59/><G70/><T129/><D111/><U76/><E104/><V113/><F11/><W100/><G41/><T65/><D129/><U20/><E135/><V118/><F53/><W74/><G74/><T42/><D97/><U123/><E123/><V106/><F106/><W116/><G116/><AGARI ba="1,0" hai="28,29,38,39,45,47,62,63,88,90,112,113,116,118" machi="116" ten="25,3200,0" yaku="22,2,54,1" doraHai="10" who="2" fromWho="3" sc="293,0,147,0,280,35,280,-35" owari="293,9.3,147,-35.3,315,41.5,245,-15.5" /></mjloggm>