<mjloggm ver="2.3"><GO type="225" lobby="0"/><UN n0="%E3%81%BF%E3%81%BF%E3%81%9A" n1="%40%77%61%6B%61" n2="%70%68%65%6E%6F%6D%65" n3="%72%69%6F%75%63%68%61%6E" dan="17,16,16,16" rate="2189.03,2095.54,2181.05,2120.24" sx="M,M,M,M"/><TAIKYOKU oya="0"/><INIT seed="0,0,0,3,0,8" ten="250,250,250,250" oya="0" hai0="78,133,110,126,12,9,20,77,28,52,27,130,73" hai1="114,37,10,94,91,116,57,117,43,75,81,119,46" hai2="96,54,85,32,14,107,71,34,80,4,100,3,103" hai3="122,42,99,60,59,108,61,22,36,65,88,49,125"/><T68/><D68/><U47/><E114/><V39/><F3/><W129/><G108/><T66/><D110/><U98/><E10/><V93/><F39/><W104/><G125/><T38/><D38/><U76/><E47/><V67/><F71/><W0/><G129/><T90/><D66/><U17/><E17/><V62/><F67/><W105/><G0/><T25/><D130/><U6/><REACH who="1" step="1"/><E57/><REACH who="1" ten="250,240,250,250" step="2"/><V5/><F4/><AGARI ba="0,1" hai="4,6,37,43,46,75,76,81,91,94,98,116,117,119" machi="4" ten="40,2600,0" yaku="1,1,2,1,53,0" doraHai="8" doraHaiUra="131" who="1" fromWho="2" sc="250,0,240,36,250,-26,250,0" /><INIT seed="1,0,0,5,2,33" ten="250,276,224,250" oya="1" hai0="1,108,123,2,110,125,128,35,79,53,29,67,37" hai1="77,44,13,117,121,101,39,96,71,6,50,0,129" hai2="28,49,8,27,21,51,46,52,94,78,126,57,66" hai3="34,26,75,47,20,90,86,32,113,83,48,92,120"/><U43/><E121/><V97/><F126/><W109/><G109/><N who="0" m="42091" /><D125/><U23/><E117/><V114/><F114/><W41/><G120/><T127/><D127/><U118/><BYE who="0" /><E118/><UN n0="%E3%81%BF%E3%81%BF%E3%81%9A" /><V82/><F8/><W63/><G113/><T68/><D123/><U112/><E112/><V55/><F66/><W87/><G75/><T104/><D128/><U45/><E71/><V16/><F28/><W59/><G83/><T9/><D9/><U91/><E77/><V24/><F24/><W62/><G87/><T70/><D79/><U56/><E56/><V131/><F131/><W111/><G111/><T84/><D84/><U65/><E65/><V122/><F122/><W124/><G124/><T31/><D37/><U80/><E0/><N who="0" m="105" /><D35/><U116/><E129/><V105/><F105/><W93/><G93/><T58/><D104/><U42/><E116/><V85/><F94/><W135/><G135/><T61/><D68/><U54/><E80/><V100/><F97/><W107/><G107/><T14/><D14/><U98/><E96/><V133/><F133/><W25/><G25/><T36/><D36/><U130/><E130/><V15/><F15/><W69/><G69/><T102/><D102/><AGARI ba="0,0" hai="16,21,27,46,49,51,52,55,57,78,82,85,100,102" machi="102" ten="40,5200,0" yaku="8,1,54,2" doraHai="33" who="2" fromWho="0" sc="250,-52,276,0,224,52,250,0" /><INIT seed="2,0,0,0,3,55" ten="198,276,276,250" oya="2" hai0="80,57,108,63,129,3,19,87,70,65,83,93,95" hai1="49,38,128,102,41,0,25,127,11,103,120,76,135" hai2="62,1,21,117,68,73,131,130,13,75,67,66,124" hai3="39,115,134,18,50,26,69,44,40,59,37,100,36"/><V72/><F117/><W113/><G134/><T82/><D108/><U60/><E38/><V52/><F1/><W98/><G69/><T54/><D129/><N who="2" m="49162" /><F124/><W61/><G26/><T8/><D87/><U94/><E135/><V133/><F133/><W53/><REACH who="3" step="1"/><G18/><REACH who="3" ten="198,276,276,240" step="2"/><T43/><D43/><U96/><E25/><V106/><F68/><W99/><G99/><T31/><D31/><U32/><E41/><V118/><F118/><W121/><G121/><T22/><D3/><U125/><E96/><V46/><F106/><AGARI ba="0,1" hai="36,37,39,40,44,50,53,59,61,98,100,106,113,115" machi="106" ten="40,5200,0" yaku="1,1,52,1,53,1" doraHai="55" doraHaiUra="58" who="3" fromWho="2" sc="198,0,276,0,276,-52,240,62" /><INIT seed="3,0,0,4,2,59" ten="198,276,224,302" oya="3" hai0="40,128,34,26,18,131,22,127,134,98,94,7,85" hai1="132,46,48,81,69,43,21,38,130,124,28,90,49" hai2="36,77,24,106,55,30,31,1,16,9,70,27,119" hai3="107,75,73,62,103,79,88,96,61,126,60,105,93"/><W47/><G126/><T80/><D40/><U133/><E124/><V86/><F36/><W74/><G47/><T33/><D127/><U32/><E32/><V121/><F106/><W25/><G79/><T13/><D134/><N who="1" m="51819" /><E69/><V58/><F70/><W89/><G25/><T45/><D45/><U5/><E5/><V92/><F119/><W87/><REACH who="3" step="1"/><G88/><REACH who="3" ten="198,276,224,292" step="2"/><N who="0" m="55623" /><D7/><U99/><E90/><V65/><F24/><W114/><G114/><T6/><D6/><U57/><E46/><V112/><F27/><W52/><G52/><T82/><D26/><U111/><E43/><V67/><F77/><W0/><G0/><T78/><D80/><AGARI ba="0,1" hai="60,61,62,73,74,75,80,87,89,93,96,103,105,107" machi="80" ten="50,12000,1" yaku="1,1,52,3,53,0" doraHai="59" doraHaiUra="11" who="3" fromWho="0" sc="198,-120,276,0,224,0,292,130" owari="78,-42.2,276,7.6,224,-17.6,422,52.2" /></mjloggm>