<mjloggm ver="2.3"><GO type="225" lobby="0"/><UN n0="%72%61%6B%33" n1="%E7%99%BD%E5%80%89%E5%AF%9B%E4%B9%8B" n2="%E8%A8%88%E7%AE%97%E6%A9%9F%E8%87%AA%E7%84%B6" n3="%E3%81%AF%E3%82%88%E3%81%8A%E3%81%98%E3%81%95%E3%82%93" dan="16,16,17,17" rate="2142.07,2156.15,2176.36,2122.19" sx="M,M,M,M"/><TAIKYOKU oya="0"/><INIT seed="0,0,0,3,3,123" ten="250,250,250,250" oya="0" hai0="0,41,96,95,3,130,7,39,4,134,45,68,18" hai1="112,91,22,49,132,67,120,88,121,100,74,44,37" hai2="32,26,114,89,76,9,105,131,82,101,10,85,5" hai3="12,42,118,58,119,60,109,128,69,111,16,64,113"/><T75/><D130/><U124/><E74/><V107/><F114/><W8/><G113/><T135/><D68/><U57/><E112/><V24/><F131/><W31/><G128/><T63/><D63/><U43/><E132/><N who="0" m="50729" /><D18/><U27/><E124/><V126/><F126/><W93/><G42/><T106/><D106/><U65/><E100/><V122/><F122/><W53/><G31/><T2/><D75/><U72/><E72/><V50/><F107/><W110/><G93/><T55/><D55/><U40/><E121/><V127/><F127/><W94/><G94/><T116/><D116/><U29/><E120/><V129/><F129/><W48/><AGARI ba="0,0" hai="8,12,16,48,53,58,60,64,69,109,110,111,118,119" machi="48" ten="30,12000,2" yaku="0,1,14,1,52,3,54,1" doraHai="123" who="3" fromWho="3" sc="250,-60,250,-30,250,-30,250,120" /><INIT seed="1,0,0,5,2,72" ten="190,220,220,370" oya="1" hai0="107,66,90,114,70,34,81,24,115,32,71,112,35" hai1="80,0,55,96,109,17,86,45,135,85,84,60,4" hai2="31,130,103,76,89,5,134,100,15,23,25,94,132" hai3="65,59,126,50,8,133,3,120,99,22,16,62,9"/><U92/><E135/><N who="2" m="51755" /><F130/><W1/><G133/><T79/><D107/><U104/><E104/><V44/><F76/><W117/><G120/><T122/><D122/><U13/><E4/><V68/><F68/><W27/><G126/><T29/><D90/><N who="1" m="55319" /><E0/><V121/><F121/><W14/><G117/><T118/><D118/><U113/><E109/><V37/><F44/><W18/><G9/><T63/><REACH who="0" step="1"/><D70/><REACH who="0" ten="180,220,220,370" step="2"/><U51/><E113/><V98/><F37/><W12/><G99/><T57/><D57/><U67/><E67/><V111/><F111/><W69/><G59/><T88/><D88/><N who="1" m="51207" /><E60/><V43/><F89/><W20/><G50/><T83/><D83/><U42/><E42/><V6/><F43/><W26/><G26/><T21/><D21/><AGARI ba="0,1" hai="13,17,21,45,51,55,85,86" m="51207,55319" machi="21" ten="30,2900,0" yaku="8,1,54,1" doraHai="72" who="1" fromWho="0" sc="180,-29,220,39,220,0,370,0" /><INIT seed="1,1,0,5,1,135" ten="151,259,220,370" oya="1" hai0="40,22,54,14,45,75,10,39,62,2,116,73,78" hai1="70,53,67,32,100,52,50,130,126,49,42,20,66" hai2="117,83,29,48,132,96,90,91,61,46,115,11,76" hai3="59,114,31,123,36,101,80,119,1,110,88,12,103"/><U81/><E32/><V72/><F117/><W27/><G1/><T68/><D116/><U8/><E100/><V63/><F132/><W21/><G114/><T102/><D102/><U131/><E81/><V97/><F29/><W60/><G123/><T82/><D22/><U86/><E86/><V37/><F37/><W24/><G36/><T7/><D14/><U95/><E95/><V25/><F25/><W112/><G112/><T107/><D54/><N who="1" m="21099" /><E20/><V58/><F115/><W69/><G69/><T87/><D87/><U120/><E8/><V109/><F11/><W106/><G106/><T57/><D57/><U4/><E4/><V44/><F58/><W38/><G38/><T133/><D133/><U55/><E120/><V128/><F83/><W0/><G0/><T26/><D26/><U121/><E121/><V65/><F72/><W84/><G119/><T23/><D23/><U19/><E19/><V43/><F76/><W64/><G110/><T85/><REACH who="0" step="1"/><D107/><REACH who="0" ten="141,259,220,370" step="2"/><U124/><E70/><V13/><F13/><W17/><G27/><T94/><D94/><U9/><E9/><AGARI ba="1,1" hai="9,12,17,21,24,31,59,60,64,80,84,88,101,103" machi="9" ten="30,3900,0" yaku="7,1,8,1,54,1" doraHai="135" who="3" fromWho="1" sc="141,0,259,-42,220,0,370,52" /><INIT seed="2,0,0,3,3,34" ten="141,217,220,422" oya="2" hai0="122,39,23,0,2,45,68,20,104,97,99,111,128" hai1="65,64,72,44,88,129,47,124,75,113,93,100,82" hai2="35,102,89,33,108,78,54,81,13,53,126,42,31" hai3="43,21,95,55,28,27,96,130,74,52,6,8,56"/><V51/><F102/><W15/><G74/><T110/><D122/><U7/><E113/><V90/><F42/><W71/><G71/><T67/><D128/><U26/><E129/><V98/><F126/><W92/><G130/><T120/><D120/><U70/><E124/><V41/><F41/><W112/><G112/><T125/><D125/><U49/><E70/><V22/><F108/><N who="0" m="41514" /><D45/><N who="1" m="17483" /><E72/><V105/><F105/><W132/><G132/><T86/><D39/><U4/><E75/><V79/><F98/><N who="0" m="37386" /><D104/><U76/><E100/><V84/><F33/><W5/><G43/><T1/><D86/><N who="1" m="48455" /><E26/><N who="2" m="16855" /><F35/><W57/><G5/><N who="1" m="2122" /><E49/><V46/><F13/><W133/><G133/><T30/><D30/><U87/><AGARI ba="0,0" hai="64,65,87,88,93" m="2122,48455,17483" machi="87" ten="30,2000,0" yaku="8,1,54,1" doraHai="34" who="1" fromWho="1" sc="141,-5,217,20,220,-10,422,-5" /><INIT seed="3,0,0,2,2,67" ten="136,237,210,417" oya="3" hai0="94,128,107,11,13,134,133,24,91,1,74,50,8" hai1="77,86,103,124,92,29,130,95,112,63,60,122,83" hai2="16,108,22,118,64,46,43,81,119,9,114,0,105" hai3="31,27,17,6,100,120,58,39,78,20,53,135,71"/><W96/><G71/><T104/><D74/><U127/><E112/><V36/><F105/><W55/><G39/><T110/><D110/><U38/><E38/><V125/><F114/><W84/><G120/><T15/><D1/><U66/><E122/><V101/><F101/><W97/><G135/><T88/><D50/><U26/><E130/><V18/><F108/><W113/><G113/><T47/><D47/><U42/><E42/><V10/><F125/><N who="1" m="48201" /><E103/><V68/><F81/><N who="3" m="47159" /><G6/><T90/><D24/><U73/><E73/><V131/><F18/><W48/><G100/><T72/><D72/><U106/><E106/><N who="0" m="40489" /><D94/><N who="1" m="35883" /><E66/><V99/><F131/><W115/><G115/><T28/><D28/><U111/><E111/><V89/><F0/><W62/><G31/><T56/><D56/><AGARI ba="0,0" hai="17,20,27,48,53,55,56,58,62,96,97" m="47159" machi="56" ten="30,1500,0" yaku="8,1" doraHai="67" who="3" fromWho="0" sc="136,-15,237,0,210,0,417,15" owari="121,-37.9,237,3.7,210,-19.0,432,53.2" /></mjloggm>