<mjloggm ver="2.3"><GO type="225" lobby="0"/><UN n0="%E5%A4%8F%E9%88%B4%E9%88%B4%E5%A4%8F" n1="%E3%82%A4%E3%83%BC%E3%82%B1%E3%83%97%E3%83%A9" n2="%E9%A6%AC%E5%BC%95%E7%81%AB%33" n3="%79%75%72%69%6D%6F%67" dan="16,16,16,16" rate="2082.75,2168.61,2144.30,2194.23" sx="M,M,M,F"/><TAIKYOKU oya="0"/><INIT seed="0,0,0,1,4,4" ten="250,250,250,250" oya="0" hai0="119,76,32,74,24,61,18,48,91,6,10,86,97" hai1="7,53,70,39,95,68,78,2,80,21,113,5,121" hai2="1,59,50,104,103,114,115,77,17,38,83,14,62" hai3="13,84,110,69,130,23,19,93,46,45,105,56,34"/><T87/><D119/><U102/><E121/><V9/><F38/><W42/><G69/><T94/><D61/><U106/><E106/><V133/><F133/><W26/><G105/><T112/><D112/><U118/><E39/><V25/><F1/><W58/><G110/><T8/><D48/><U44/><E118/><V116/><F116/><W100/><G46/><T81/><D32/><U49/><E113/><V134/><F134/><W111/><G130/><T66/><D66/><U131/><E131/><V63/><F50/><W85/><G85/><T132/><D132/><U129/><E129/><V109/><F109/><W54/><G54/><T36/><D36/><U92/><E21/><V99/><F25/><W65/><G65/><T82/><D74/><U0/><E0/><V60/><REACH who="2" step="1"/><F59/><REACH who="2" ten="250,250,240,250" step="2"/><W31/><G111/><T124/><D124/><U79/><E2/><V3/><F3/><W89/><G100/><N who="0" m="60471" /><D6/><U67/><E5/><V51/><F51/><AGARI ba="0,1" hai="13,19,23,26,31,34,42,45,51,56,58,84,89,93" machi="51" ten="30,1000,0" yaku="7,1" doraHai="4" who="3" fromWho="2" sc="250,0,250,0,240,-10,250,20" /><INIT seed="1,0,0,4,0,7" ten="250,250,230,270" oya="1" hai0="121,62,90,19,30,8,45,126,93,102,10,36,52" hai1="100,1,76,51,116,21,34,49,50,74,89,92,103" hai2="133,70,16,134,40,13,56,95,39,23,130,32,38" hai3="55,64,58,107,114,71,27,120,20,0,61,57,88"/><U14/><E116/><V125/><F70/><W118/><G107/><T127/><D36/><U101/><E34/><V65/><F32/><W69/><G0/><T18/><D30/><U4/><E1/><V73/><F73/><W111/><G114/><T43/><D43/><U42/><E74/><V46/><F125/><N who="0" m="47626" /><D102/><U106/><E76/><V104/><F104/><W26/><G111/><T109/><D109/><U97/><E106/><V25/><F130/><W83/><G120/><T84/><D121/><U87/><E87/><V22/><F95/><W132/><G132/><N who="2" m="50793" /><F56/><W79/><G27/><T94/><D94/><U12/><E42/><V105/><F65/><W110/><G110/><T81/><D93/><U60/><E4/><V86/><F86/><W129/><G129/><T115/><D115/><U2/><E2/><V124/><F105/><W67/><G67/><T91/><D90/><U24/><REACH who="1" step="1"/><E60/><REACH who="1" ten="250,240,230,270" step="2"/><V112/><F124/><W28/><G118/><T5/><D5/><U35/><E35/><V72/><F72/><W117/><G117/><T96/><D96/><U108/><E108/><V47/><F112/><W37/><G79/><T33/><D33/><U59/><E59/><V11/><F47/><W48/><G37/><T66/><D66/><U6/><E6/><N who="2" m="3319" /><F38/><W31/><G71/><T15/><D62/><U63/><E63/><V41/><F40/><W82/><G69/><T77/><D77/><U54/><E54/><V53/><F53/><W131/><G131/><T113/><D113/><U123/><E123/><V99/><F99/><W135/><G135/><T122/><D122/><RYUUKYOKU ba="0,1" sc="250,-15,240,15,230,15,270,-15" hai1="12,14,21,24,49,50,51,89,92,97,100,101,103" hai2="16,22,23,25,39,41,46" /><INIT seed="1,1,1,1,3,74" ten="235,255,245,255" oya="1" hai0="30,7,41,114,62,43,23,22,57,89,71,0,81" hai1="86,76,15,53,115,67,85,131,4,107,2,99,37" hai2="77,44,101,64,12,104,80,116,78,18,70,124,56" hai3="59,11,66,9,31,47,68,96,61,93,73,42,54"/><U82/><E115/><V38/><F116/><W95/><G73/><T132/><D114/><U130/><E37/><V83/><F70/><W34/><G95/><T112/><D132/><U65/><E2/><V52/><F104/><W6/><G34/><T25/><D112/><U90/><E53/><V75/><F124/><W97/><G97/><T40/><D71/><U98/><E15/><V118/><F101/><W1/><G11/><T28/><D7/><U127/><E4/><V58/><F118/><W88/><G31/><T102/><D102/><N who="1" m="62935" /><E99/><V87/><F64/><W16/><G16/><T121/><D121/><U32/><E32/><V19/><F19/><W33/><G33/><T109/><D109/><U3/><E3/><V48/><F38/><W120/><G120/><T100/><D100/><U133/><E133/><V135/><F135/><W50/><REACH who="3" step="1"/><G68/><REACH who="3" ten="235,255,245,245" step="2"/><T49/><D0/><U69/><E69/><V29/><F29/><W27/><G27/><T103/><D28/><U79/><E127/><V63/><F63/><W45/><G45/><N who="0" m="25767" /><D103/><U39/><E86/><V8/><AGARI ba="1,2" hai="8,12,18,44,48,52,56,58,75,77,78,80,83,87" machi="8" ten="20,8000,1" yaku="0,1,7,1,52,2,54,1" doraHai="74" who="2" fromWho="2" sc="235,-21,255,-41,245,103,245,-21" /><INIT seed="2,0,0,2,4,132" ten="214,214,348,224" oya="2" hai0="1,108,67,124,107,95,62,110,66,22,10,7,100" hai1="88,78,128,74,86,30,134,70,3,115,5,85,31" hai2="51,118,103,12,65,120,17,101,39,75,57,102,21" hai3="116,33,13,105,92,56,11,50,99,113,55,131,52"/><V26/><F39/><W135/><G131/><T72/><D72/><U53/><E115/><V84/><F75/><W64/><G135/><T37/><D37/><U81/><E134/><V123/><F118/><W54/><G33/><T125/><D22/><U82/><E70/><V122/><F84/><W58/><G116/><T71/><D67/><U42/><E128/><V32/><F51/><W121/><G105/><T47/><D95/><U9/><E42/><V45/><F45/><W2/><G2/><T129/><D47/><U89/><REACH who="1" step="1"/><E53/><REACH who="1" ten="214,204,348,224" step="2"/><V60/><F122/><W0/><G121/><T48/><D129/><U96/><E96/><V111/><F111/><N who="0" m="42538" /><D48/><U27/><E27/><V43/><F43/><W112/><G113/><T69/><D69/><U83/><AGARI ba="0,1" hai="3,5,9,30,31,74,78,81,82,83,85,86,88,89" machi="83" ten="20,8000,1" yaku="1,1,0,1,7,1,9,1,54,1,53,0" doraHai="132" doraHaiUra="38" who="1" fromWho="1" sc="214,-20,204,90,348,-40,224,-20" /><INIT seed="3,0,0,3,1,64" ten="194,294,308,204" oya="3" hai0="100,120,6,42,76,67,24,36,17,99,54,34,124" hai1="82,125,14,73,5,22,37,92,91,29,48,109,94" hai2="38,131,121,105,11,132,127,30,129,114,110,63,23" hai3="79,28,3,86,85,111,35,69,40,106,84,2,9"/><W95/><G106/><N who="0" m="63775" /><D120/><U33/><E37/><V16/><F38/><W115/><G115/><T65/><D54/><U88/><E33/><V81/><F105/><W93/><G40/><T61/><D17/><N who="1" m="10551" /><E73/><V97/><F97/><W27/><G111/><T104/><D67/><U89/><E109/><V52/><F114/><W62/><G9/><T126/><D6/><U50/><E125/><N who="0" m="48233" /><D76/><U117/><E117/><V108/><F16/><W123/><G123/><T74/><D104/><U119/><E119/><V15/><F52/><W87/><G79/><T41/><D74/><U45/><E5/><V70/><F127/><W1/><N who="3" m="21504" /><DORA hai="18" /><W25/><REACH who="3" step="1"/><G25/><REACH who="3" ten="194,294,308,194" step="2"/><T49/><D36/><U68/><E82/><V51/><F81/><W130/><G130/><T112/><D112/><U96/><E91/><V47/><F131/><W102/><G102/><T133/><D133/><U32/><E89/><V53/><F129/><W13/><G13/><T59/><D49/><U43/><E50/><V80/><F51/><W103/><G103/><T134/><D134/><U122/><E122/><V8/><F121/><W39/><G39/><T10/><D10/><U66/><E48/><V135/><F135/><W7/><G7/><T90/><D90/><U0/><E43/><V44/><F132/><W107/><G107/><T20/><D34/><U113/><E32/><V60/><F110/><W26/><G26/><T83/><D83/><U55/><E113/><V78/><F80/><W116/><G116/><T21/><D24/><U4/><E4/><V75/><F108/><W72/><G72/><T31/><D31/><RYUUKYOKU ba="0,1" sc="194,15,294,-15,308,-15,194,15" hai0="20,21,41,42,59,61,65" hai3="1,2,3,27,28,35,62,69,93,95" /><INIT seed="3,1,1,5,0,30" ten="209,279,293,209" oya="3" hai0="10,51,69,63,74,0,57,92,32,29,82,100,72" hai1="90,85,15,1,12,81,43,7,121,37,125,98,93" hai2="124,89,134,130,87,126,3,9,54,135,108,28,128" hai3="21,60,114,31,77,36,53,23,120,133,101,52,62"/><W65/><G114/><T16/><D69/><U123/><E1/><V113/><F108/><W44/><G120/><T104/><D104/><U34/><E34/><V20/><F113/><W48/><G36/><T38/><D38/><U122/><E125/><N who="2" m="48235" /><F54/><W56/><G77/><T106/><D106/><U68/><E68/><V24/><F9/><W73/><G73/><T40/><D74/><U45/><REACH who="1" step="1"/><E7/><REACH who="1" ten="209,269,293,209" step="2"/><V102/><F3/><W66/><G133/><N who="2" m="50697" /><F102/><AGARI ba="1,2" hai="12,15,37,43,45,81,85,90,93,98,102,121,122,123" machi="102" ten="40,1300,0" yaku="1,1,53,0" doraHai="30" doraHaiUra="112" who="1" fromWho="2" sc="209,0,269,36,293,-16,209,0" owari="209,-19.1,305,40.5,277,7.7,209,-29.1" /></mjloggm>