<mjloggm ver="2.3"><GO type="225" lobby="0"/><UN n0="%E3%83%96%E3%83%83%E3%83%91%E3%82%AA%E3%83%96%E3%83%81%E3%82%AD%E3%83%B3" n1="%E4%B8%8B%E6%AE%B5%E3%83%81%E3%82%A7%E3%83%AA%E3%83%BC" n2="%70%6F%69%73%6F%6E%30%32" n3="%E3%81%82%E3%82%93%E3%81%AA%E3%81%A4" dan="17,16,16,17" rate="2213.42,2123.69,2075.43,2196.85" sx="M,M,M,M"/><TAIKYOKU oya="0"/><INIT seed="0,0,0,1,2,70" ten="250,250,250,250" oya="0" hai0="99,90,97,25,19,107,93,85,74,41,112,104,55" hai1="18,42,39,75,123,71,21,91,40,109,81,63,92" hai2="60,77,124,30,116,94,66,7,127,67,121,50,100" hai3="45,114,105,118,103,115,51,48,1,108,65,96,128"/><T101/><D112/><U72/><E123/><V2/><F121/><W29/><G1/><T28/><D74/><U132/><E132/><V126/><F116/><W61/><G118/><T133/><D133/><U52/><E109/><V36/><F36/><W32/><G108/><T64/><D64/><U15/><E42/><V102/><F77/><W89/><G89/><T68/><D68/><U22/><E22/><V59/><F30/><W23/><G23/><T129/><D129/><U38/><E40/><V8/><F67/><W62/><G62/><T122/><D122/><U131/><E131/><V73/><F73/><W88/><G128/><T82/><D41/><U117/><E75/><V16/><F94/><W0/><G0/><T10/><D55/><U110/><E110/><V6/><F6/><W31/><G51/><T130/><D130/><U125/><E125/><V79/><F79/><W120/><G88/><T35/><REACH who="0" step="1"/><D99/><REACH who="0" ten="240,250,250,250" step="2"/><U17/><E117/><V34/><F34/><W86/><G120/><T98/><D98/><N who="1" m="57631" /><E71/><V26/><F50/><W119/><G119/><T53/><D53/><U14/><E52/><V46/><F46/><W47/><G45/><T106/><D106/><U78/><E63/><V54/><F66/><W111/><G111/><T44/><D44/><U83/><E72/><V135/><F135/><W11/><G32/><T113/><D113/><U58/><E58/><V49/><F60/><W13/><G114/><T43/><D43/><U76/><E38/><V56/><F56/><N who="3" m="37031" /><G115/><T33/><D33/><U37/><E39/><V87/><F87/><W4/><G86/><RYUUKYOKU ba="0,1" sc="240,10,250,-30,250,10,250,10" hai0="10,19,25,28,35,82,85,90,93,97,101,104,107" hai2="2,7,8,16,26,49,54,59,100,102,124,126,127" hai3="4,11,13,29,31,47,48,96,103,105" /><INIT seed="0,1,1,0,1,88" ten="250,220,260,260" oya="0" hai0="56,53,68,120,51,19,98,40,44,95,76,17,65" hai1="0,128,42,109,80,101,50,73,12,11,15,135,62" hai2="127,115,111,7,49,100,96,59,117,13,37,43,114" hai3="85,75,28,110,26,71,87,31,3,97,20,29,22"/><T47/><D120/><U123/><E123/><V18/><F111/><W5/><G110/><T55/><D76/><U82/><E109/><V108/><F108/><W38/><G75/><T6/><D6/><U41/><E0/><V61/><F127/><W48/><G38/><T102/><D68/><U54/><E73/><V70/><F7/><W92/><G71/><T103/><D65/><U133/><E101/><V4/><F4/><W24/><G31/><T23/><D103/><U30/><E30/><V72/><F72/><W60/><G60/><T39/><REACH who="0" step="1"/><D23/><REACH who="0" ten="240,220,260,260" step="2"/><U131/><E11/><V67/><F70/><W25/><G5/><T66/><D66/><U130/><E130/><V78/><F78/><W93/><G3/><T84/><D84/><U99/><E99/><V94/><F117/><W132/><G87/><T63/><AGARI ba="1,2" hai="17,19,39,40,44,47,51,53,55,56,63,95,98,102" machi="63" ten="20,18000,2" yaku="1,1,0,1,7,1,52,1,53,2" doraHai="88" doraHaiUra="14" who="0" fromWho="0" sc="240,203,220,-61,260,-61,260,-61" /><INIT seed="0,2,0,4,0,10" ten="443,159,199,199" oya="0" hai0="95,33,26,3,20,80,109,105,71,11,115,46,131" hai1="119,87,23,48,88,6,106,53,135,38,111,47,120" hai2="134,49,16,76,7,98,32,27,4,102,110,8,100" hai3="59,37,79,1,39,104,99,83,81,121,125,54,31"/><T114/><D105/><U128/><E119/><V24/><F110/><W113/><G113/><T58/><D71/><U129/><E120/><V2/><F134/><W107/><G1/><T108/><D95/><U78/><E106/><V55/><F76/><W51/><G121/><T133/><D58/><U56/><E135/><V43/><F43/><W93/><G125/><T118/><D80/><U103/><E103/><V41/><F41/><W90/><G31/><N who="0" m="19703" /><D46/><U50/><E38/><V65/><F65/><W84/><G104/><T68/><D68/><U89/><E111/><N who="0" m="42569" /><D133/><U126/><E126/><V122/><F122/><W40/><G40/><T9/><D118/><U116/><E6/><N who="2" m="2091" /><F32/><W22/><G22/><T12/><D131/><N who="1" m="50251" /><E116/><V92/><F2/><W0/><G0/><T5/><D11/><U75/><E75/><V69/><F102/><W44/><G107/><T97/><D97/><U42/><E23/><V86/><F86/><W45/><G37/><T72/><D72/><U70/><E70/><V52/><F69/><W34/><G39/><T66/><D66/><U61/><E61/><V132/><F132/><W57/><G34/><T28/><D3/><U62/><E62/><V29/><F55/><W15/><G54/><T96/><D96/><U36/><E36/><V74/><F74/><W25/><G99/><T63/><D63/><U13/><E78/><V21/><F52/><W94/><G79/><T17/><D5/><U30/><E47/><V77/><F77/><W19/><G45/><T18/><D28/><U82/><E30/><V35/><F8/><W130/><G130/><RYUUKYOKU ba="2,0" sc="443,15,159,-15,199,15,199,-15" hai0="9,12,17,18,20,114,115" hai2="16,21,24,27,29,35,49,92,98,100" /><INIT seed="0,3,0,3,2,118" ten="458,144,214,184" oya="0" hai0="91,8,21,133,6,83,30,69,63,64,24,5,44" hai1="26,98,92,12,9,102,1,107,46,39,54,131,49" hai2="36,124,121,10,23,110,48,56,58,25,51,2,72" hai3="87,47,128,4,116,22,112,33,129,114,0,62,74"/><T135/><D44/><U61/><E131/><N who="3" m="50250" /><G74/><T120/><D120/><U57/><E1/><V20/><F121/><W3/><G62/><T29/><D29/><U79/><E79/><V127/><F110/><W90/><G33/><T28/><D28/><U134/><E134/><V99/><F72/><W125/><G116/><T35/><D21/><U60/><E26/><V85/><F36/><W113/><G4/><T53/><D53/><U93/><E39/><V100/><F85/><W101/><G101/><T77/><D91/><U80/><E80/><V59/><F10/><W78/><G78/><T13/><REACH who="0" step="1"/><D6/><REACH who="0" ten="448,144,214,184" step="2"/><U7/><REACH who="1" step="1"/><E60/><REACH who="1" ten="448,134,214,184" step="2"/><V41/><F25/><W65/><G113/><T15/><D15/><U94/><E94/><V68/><F2/><W66/><G114/><T76/><D76/><U18/><E18/><V37/><F37/><W43/><G112/><T105/><D105/><U42/><AGARI ba="3,2" hai="7,9,12,42,46,49,54,57,61,92,93,98,102,107" machi="42" ten="20,5200,0" yaku="1,1,0,1,7,1,53,1" doraHai="118" doraHaiUra="11" who="1" fromWho="1" sc="448,-29,134,81,214,-16,184,-16" /><INIT seed="1,0,0,0,2,83" ten="419,215,198,168" oya="1" hai0="50,95,110,9,85,23,108,131,127,18,96,122,98" hai1="93,22,126,107,121,77,1,31,72,90,14,62,26" hai2="101,125,35,74,51,34,76,58,123,38,104,46,28" hai3="55,112,128,94,106,75,71,54,30,25,33,49,114"/><U29/><E1/><V20/><F123/><W118/><G106/><T80/><D122/><U120/><E107/><V129/><F129/><W63/><G75/><T99/><D131/><U89/><E126/><V17/><F125/><W91/><G128/><T64/><D127/><U86/><E31/><V66/><F104/><W65/><G118/><T37/><D37/><U19/><E89/><V40/><F101/><W70/><G70/><T105/><D105/><U102/><E102/><V27/><F74/><W16/><G55/><T115/><D115/><U79/><E79/><V87/><F28/><W111/><G111/><N who="0" m="42539" /><D64/><U135/><E135/><V119/><F119/><W39/><G39/><T6/><D50/><U21/><REACH who="1" step="1"/><E62/><REACH who="1" ten="419,205,198,168" step="2"/><N who="2" m="38231" /><F35/><W73/><G73/><T109/><D109/><U8/><E8/><V7/><F34/><W130/><G130/><T61/><D61/><U124/><E124/><V53/><F38/><W57/><REACH who="3" step="1"/><G16/><REACH who="3" ten="419,205,198,158" step="2"/><T97/><D9/><U60/><E60/><V84/><F7/><W5/><G5/><T10/><D10/><U81/><AGARI ba="0,2" hai="14,19,21,22,26,29,72,77,81,86,90,93,120,121" machi="81" ten="30,6000,0" yaku="1,1,0,1,52,1,53,0" doraHai="83" doraHaiUra="4" who="1" fromWho="1" sc="419,-20,205,80,198,-20,158,-20" /><INIT seed="1,1,0,3,3,74" ten="399,285,178,138" oya="1" hai0="30,8,42,28,92,106,134,62,46,129,114,61,97" hai1="118,49,9,76,123,127,80,6,38,21,116,84,39" hai2="15,119,109,59,0,79,17,105,54,27,72,78,117" hai3="55,23,51,135,40,48,45,37,87,98,67,99,86"/><U133/><E133/><V102/><F72/><W125/><G125/><T128/><D114/><U113/><E113/><V57/><F0/><W34/><G34/><T4/><D106/><U120/><E127/><V101/><F105/><W53/><G135/><T69/><D134/><U93/><E93/><V13/><F109/><W131/><G131/><N who="0" m="50251" /><D69/><U121/><E21/><N who="2" m="13743" /><F119/><W66/><G23/><T88/><D30/><U103/><E103/><N who="2" m="39435" /><F117/><W111/><G111/><T104/><D28/><U22/><E22/><V100/><N who="2" m="39443" /><V108/><DORA hai="20" /><F59/><W52/><G37/><N who="0" m="21839" /><D104/><U68/><E68/><V112/><F112/><W124/><G124/><T110/><D110/><U91/><E91/><V107/><F107/><W24/><G24/><T16/><D16/><U63/><E63/><N who="2" m="36279" /><F108/><W73/><G48/><T29/><D29/><U5/><E116/><V90/><F90/><W71/><G71/><T75/><D75/><U58/><E118/><V82/><F82/><W36/><G36/><T85/><D97/><N who="3" m="36873" /><G73/><T65/><D65/><AGARI ba="1,0" hai="40,45,51,52,53,55,65,66,67,86,87" m="36873" machi="65" ten="30,2000,0" yaku="8,1,54,1" doraHai="74,20" who="3" fromWho="0" sc="399,-23,285,0,178,0,138,23" /><INIT seed="2,0,0,5,1,36" ten="376,285,178,161" oya="2" hai0="48,7,91,29,123,67,14,16,34,111,100,58,114" hai1="77,40,17,54,66,24,72,49,15,113,83,65,82" hai2="80,59,112,37,87,46,56,79,96,129,88,25,102" hai3="62,99,70,47,6,124,39,2,35,30,42,63,93"/><V55/><F112/><W41/><G124/><T60/><D123/><U9/><E113/><V134/><F134/><W32/><G70/><T38/><D114/><U81/><E72/><V19/><F129/><W8/><G41/><T69/><D38/><U3/><E3/><V119/><F119/><W5/><G5/><T86/><D111/><U116/><E116/><V31/><F19/><W51/><G39/><T1/><D100/><U132/><E132/><V110/><F110/><W101/><REACH who="3" step="1"/><G30/><REACH who="3" ten="376,285,178,151" step="2"/><T95/><D7/><U57/><E40/><V122/><F37/><W104/><G104/><T10/><D1/><U128/><E128/><V26/><F122/><W115/><G115/><T105/><D105/><U90/><E77/><V23/><F79/><W107/><G107/><T133/><D133/><U50/><E90/><V127/><F127/><W118/><G118/><T135/><D135/><U33/><E33/><AGARI ba="0,1" hai="2,6,8,32,33,35,42,47,51,62,63,93,99,101" machi="33" ten="40,5200,0" yaku="1,1,52,1,53,1" doraHai="36" doraHaiUra="0" who="3" fromWho="1" sc="376,0,285,-52,178,0,151,62" /><INIT seed="3,0,0,4,2,68" ten="376,233,178,213" oya="3" hai0="128,69,49,32,135,115,45,16,31,14,129,76,78" hai1="134,104,5,67,117,33,38,30,113,22,120,28,102" hai2="97,79,73,55,86,83,109,112,80,63,108,96,58" hai3="60,12,8,132,133,66,105,50,56,81,98,94,21"/><W2/><G105/><T9/><D135/><U89/><E134/><V110/><REACH who="2" step="1"/><F112/><REACH who="2" ten="376,233,168,213" step="2"/><W51/><G132/><T71/><D115/><U61/><E113/><V74/><F74/><W35/><G133/><T15/><D129/><U47/><E28/><V11/><F11/><W93/><G8/><T24/><D128/><U125/><E30/><V130/><F130/><W123/><G123/><T87/><D31/><U52/><E120/><V131/><F131/><W20/><G35/><T36/><D9/><U107/><E33/><V4/><F4/><W106/><G21/><T43/><D32/><U72/><E22/><V62/><F62/><W70/><G20/><T65/><D71/><U53/><E61/><V48/><F48/><W103/><G51/><T25/><D69/><U1/><E5/><V57/><F57/><W37/><G50/><T10/><D49/><U114/><E72/><V92/><F92/><W75/><G93/><T99/><D10/><U84/><E114/><V82/><F82/><W111/><G94/><T0/><D0/><U101/><E1/><V85/><F85/><W77/><G70/><T121/><D87/><U13/><E104/><V18/><F18/><W41/><G2/><T91/><D16/><U64/><E107/><V100/><F100/><W44/><G56/><T122/><D122/><U29/><E29/><V95/><F95/><W54/><G60/><T34/><D121/><U118/><E102/><V42/><F42/><W88/><G41/><T126/><D43/><U127/><E101/><V23/><F23/><W39/><G75/><T19/><D34/><RYUUKYOKU ba="0,1" sc="376,-10,233,-10,168,30,213,-10" hai2="55,58,63,73,79,80,83,86,96,97,108,109,110" owari="376,47.6,223,2.3,198,-30.2,203,-19.7" /></mjloggm>