<mjloggm ver="2.3"><GO type="225" lobby="0"/><UN n0="%E7%99%BD%E5%80%89%E5%AF%9B%E4%B9%8B" n1="%4C%C3%97%57%C3%97%4C" n2="%E5%91%A8%E6%9D%B1" n3="%E3%81%95%E3%82%88%E3%81%AA%E3%82%89%E3%83%9A%E3%81%BA%E3%83%9A" dan="16,17,17,16" rate="2134.23,2171.40,2132.18,2124.00" sx="M,M,M,F"/><TAIKYOKU oya="0"/><INIT seed="0,0,0,4,5,82" ten="250,250,250,250" oya="0" hai0="106,80,14,18,76,7,110,60,93,105,37,16,39" hai1="113,109,119,31,129,10,35,59,79,51,19,33,130" hai2="97,131,75,65,54,0,58,38,6,96,89,28,41" hai3="34,99,94,26,134,135,81,25,29,127,56,22,21"/><T13/><D7/><U132/><E119/><V32/><F75/><W87/><G56/><T108/><D93/><U57/><E109/><N who="0" m="42089" /><D60/><U125/><E132/><N who="3" m="50730" /><G127/><T23/><D14/><U46/><E125/><V73/><F65/><W1/><G1/><T78/><D18/><U3/><E19/><V55/><F6/><W42/><G42/><T72/><D78/><U67/><E79/><V27/><F0/><W111/><G111/><T53/><D53/><U36/><E3/><V11/><F55/><W63/><G63/><T88/><D88/><U114/><E67/><V9/><F89/><N who="3" m="51439" /><G26/><T120/><D120/><U103/><E103/><AGARI ba="0,0" hai="21,22,25,29,34,94,99,103" m="51439,50730" machi="103" ten="30,2000,0" yaku="20,1,52,1" doraHai="82" who="3" fromWho="1" sc="250,0,250,-20,250,0,250,20" /><INIT seed="1,0,0,5,2,13" ten="250,230,250,270" oya="1" hai0="97,75,34,6,77,98,51,25,30,89,82,126,35" hai1="112,88,108,70,96,43,62,59,115,83,87,47,41" hai2="18,48,42,92,99,72,28,94,109,11,128,93,10" hai3="53,80,23,84,111,52,2,8,104,15,3,12,86"/><U119/><E119/><V29/><F72/><W90/><G111/><T65/><D126/><U26/><E108/><V73/><F73/><W50/><G104/><T60/><D35/><U81/><E70/><V37/><F37/><W20/><G3/><T7/><D51/><U101/><E81/><V118/><F118/><W24/><G2/><T133/><D133/><U9/><E43/><V76/><F76/><N who="3" m="46087" /><G24/><T79/><D79/><U113/><E26/><V39/><F39/><W114/><G114/><T127/><D127/><U117/><E117/><V31/><F109/><W19/><G15/><T69/><REACH who="0" step="1"/><D89/><REACH who="0" ten="240,230,250,270" step="2"/><U14/><E115/><V54/><F128/><W45/><G53/><T32/><D32/><U74/><E113/><V56/><F42/><W71/><G71/><T36/><D36/><U49/><E112/><V132/><F132/><W123/><G123/><T55/><D55/><U110/><E110/><V129/><F129/><W58/><G58/><T85/><D85/><U61/><E59/><V78/><F78/><W16/><G19/><T107/><D107/><U67/><E74/><V122/><F122/><W17/><G17/><T40/><D40/><U130/><E130/><V38/><F38/><W120/><G120/><T46/><D46/><U5/><REACH who="1" step="1"/><E67/><REACH who="1" ten="240,220,250,270" step="2"/><V95/><REACH who="2" step="1"/><F18/><REACH who="2" ten="240,220,240,270" step="2"/><W1/><G16/><T116/><D116/><U100/><E100/><AGARI ba="0,3" hai="10,11,28,29,31,48,54,56,92,93,94,95,99,100" machi="100" ten="40,5200,0" yaku="1,1,2,1,8,1,53,0" doraHai="13" doraHaiUra="57" who="2" fromWho="1" sc="240,0,220,-52,240,82,270,0" /><INIT seed="2,0,0,5,3,21" ten="240,168,322,270" oya="2" hai0="92,130,27,17,22,79,94,64,70,51,18,20,99" hai1="90,42,48,52,112,126,132,12,93,101,45,73,57" hai2="91,84,119,105,24,15,60,65,121,1,120,32,6" hai3="122,23,135,47,55,98,116,100,63,124,115,36,109"/><V41/><F119/><W97/><G116/><T71/><D130/><U82/><E112/><V113/><F113/><W128/><G122/><T19/><D79/><U2/><E126/><V111/><F41/><W37/><G115/><T25/><D64/><U66/><E132/><V86/><F15/><W54/><G135/><T33/><D33/><U114/><E2/><V129/><F86/><W13/><G124/><T96/><D19/><U102/><E66/><V67/><F67/><W61/><G128/><T85/><D85/><U133/><E133/><V40/><F40/><W14/><G109/><T89/><D51/><U134/><E134/><V88/><F105/><W43/><G37/><T39/><D39/><U106/><E106/><V30/><F111/><W103/><G36/><T75/><D75/><U110/><E110/><V117/><F91/><AGARI ba="0,0" hai="17,18,20,22,25,27,70,71,89,91,92,94,96,99" machi="91" ten="30,12000,2" yaku="7,1,32,3,52,2" doraHai="21" who="0" fromWho="2" sc="240,120,168,0,322,-120,270,0" /><INIT seed="3,0,0,1,3,73" ten="360,168,202,270" oya="3" hai0="2,30,61,25,0,7,57,23,99,21,91,81,18" hai1="134,104,89,41,106,53,52,63,83,116,34,28,129" hai2="74,40,96,62,56,72,44,87,130,117,47,36,80" hai3="112,135,9,94,1,76,46,64,27,131,24,8,60"/><W71/><G131/><T90/><D7/><U107/><E129/><V16/><F117/><W82/><G135/><T125/><D125/><U109/><E41/><V121/><F130/><W79/><G112/><T95/><D81/><U10/><E134/><V32/><F32/><W48/><G94/><T45/><D45/><U17/><E116/><V14/><F96/><W35/><G35/><T43/><D43/><U19/><E109/><V122/><F47/><W59/><G71/><T51/><D51/><U65/><E89/><V29/><F29/><W119/><G119/><T105/><D105/><U13/><E83/><V15/><F15/><W85/><G79/><T22/><D91/><U66/><E17/><V69/><F69/><W3/><G3/><N who="0" m="1067" /><D30/><U39/><E39/><V37/><F37/><W68/><G68/><T33/><D33/><U115/><E115/><V88/><F122/><W126/><G126/><T54/><AGARI ba="0,0" hai="18,21,22,23,25,54,57,61,90,95,99" m="1067" machi="54" ten="30,1100,0" yaku="25,1" doraHai="73" who="0" fromWho="0" sc="360,11,168,-3,202,-3,270,-5" owari="371,47.1,165,-33.5,199,-20.1,265,6.5" /></mjloggm>