<mjloggm ver="2.3"><GO type="225" lobby="0"/><UN n0="%E9%B3%B3%E6%9D%B1%E3%81%AE%E3%81%86%E3%81%95%E3%81%8E%E3%81%95%E3%82%93" n1="%E9%A6%AC%E5%BC%95%E7%81%AB%33" n2="%70%68%65%6E%6F%6D%65" n3="%E3%81%95%E3%81%8D%E3%81%9F%E3%81%BE%E6%9E%97%E6%AA%8E" dan="17,16,16,16" rate="2145.37,2083.25,2141.48,2080.03" sx="M,M,M,M"/><TAIKYOKU oya="0"/><INIT seed="0,0,0,4,1,113" ten="250,250,250,250" oya="0" hai0="12,51,21,85,15,5,30,54,127,64,75,20,69" hai1="132,1,123,88,80,0,16,17,10,34,3,8,13" hai2="45,112,43,47,93,7,35,105,44,118,103,74,33" hai3="84,53,129,121,133,131,90,4,73,58,104,60,102"/><T119/><D75/><U100/><E123/><V101/><F112/><W92/><G121/><T31/><D127/><U79/><E34/><V66/><F105/><W62/><G73/><T70/><D85/><U56/><E132/><V115/><F115/><W18/><G133/><T68/><D64/><U96/><E56/><V42/><F74/><W97/><G4/><T76/><D76/><U40/><E40/><V38/><F7/><W107/><G62/><T106/><D106/><U95/><E79/><V78/><F78/><W59/><G59/><T110/><D110/><U135/><E135/><V71/><F44/><W48/><G60/><T39/><D39/><U134/><E134/><V114/><F114/><W46/><G46/><T117/><D54/><U77/><E77/><V125/><F125/><W81/><G18/><T32/><D5/><U130/><E130/><AGARI ba="0,0" hai="48,53,58,81,84,90,92,97,102,104,107,129,130,131" machi="130" ten="40,1300,0" yaku="19,1" doraHai="113" who="3" fromWho="1" sc="250,0,250,-13,250,0,250,13" /><INIT seed="1,0,0,3,4,120" ten="250,237,250,263" oya="1" hai0="67,0,65,68,109,69,75,57,39,80,86,10,132" hai1="32,48,104,3,70,127,130,54,99,94,11,26,50" hai2="34,119,51,35,18,111,89,92,83,113,37,36,73" hai3="62,6,72,33,17,81,49,121,74,60,63,116,21"/><U77/><E127/><V71/><F119/><W87/><G121/><T13/><D75/><U107/><E70/><V96/><F71/><W117/><G33/><T5/><D132/><U115/><E115/><V4/><F4/><W66/><G66/><T8/><D39/><U56/><E130/><V23/><F113/><W59/><G6/><T126/><D126/><U40/><E77/><V27/><F111/><W106/><G106/><T112/><D112/><U45/><E11/><V129/><F129/><W15/><G49/><T12/><D0/><U61/><E3/><V9/><F9/><W101/><G101/><T133/><D133/><U53/><E26/><V123/><F123/><W2/><G59/><T84/><D5/><U43/><E32/><V28/><F35/><W47/><G47/><T98/><D57/><U102/><E40/><V105/><F105/><W25/><G25/><T79/><D79/><U30/><E30/><V38/><F51/><W95/><G95/><T64/><D64/><U76/><E76/><V55/><F55/><W103/><G103/><T97/><D80/><U125/><E125/><V24/><F83/><W82/><G82/><T122/><D122/><U42/><E42/><V131/><F73/><N who="3" m="28267" /><G2/><T52/><D52/><U20/><E20/><V78/><F78/><N who="3" m="46519" /><G117/><T58/><D58/><AGARI ba="0,0" hai="43,45,48,50,53,54,56,58,61,94,99,102,104,107" machi="58" ten="30,1500,0" yaku="7,1" doraHai="120" who="1" fromWho="0" sc="250,-15,237,15,250,0,263,0" /><INIT seed="1,1,0,0,1,17" ten="235,252,250,263" oya="1" hai0="41,117,6,82,26,98,114,22,133,59,1,108,135" hai1="57,55,106,35,37,112,39,48,47,75,62,24,64" hai2="87,131,11,2,10,124,60,123,107,84,134,20,78" hai3="46,33,88,129,50,32,0,96,69,85,18,109,81"/><U8/><E112/><V72/><F123/><W116/><G69/><T44/><D114/><U92/><E106/><V100/><F72/><W52/><G0/><T79/><D117/><U23/><E75/><V71/><F124/><W61/><G109/><T115/><D115/><U83/><E35/><V97/><F131/><W73/><G73/><N who="0" m="43375" /><D59/><U5/><E83/><V90/><F134/><N who="0" m="51210" /><D98/><U51/><E51/><V86/><F78/><W29/><G129/><T27/><D108/><U19/><REACH who="1" step="1"/><E92/><REACH who="1" ten="235,242,250,263" step="2"/><V101/><F107/><W99/><G116/><T45/><D45/><U125/><E125/><V110/><F110/><W70/><G33/><T67/><D44/><U13/><AGARI ba="1,1" hai="5,8,13,19,23,24,37,39,47,48,55,57,62,64" machi="13" ten="20,12000,1" yaku="1,1,0,1,7,1,52,1,53,1" doraHai="17" doraHaiUra="54" who="1" fromWho="1" sc="235,-41,242,133,250,-41,263,-41" /><INIT seed="1,2,0,0,0,60" ten="194,375,209,222" oya="1" hai0="101,129,7,76,5,30,86,68,16,89,48,23,117" hai1="56,98,132,15,94,13,122,45,82,90,44,49,128" hai2="87,120,80,114,51,10,32,70,3,121,88,97,127" hai3="57,9,133,112,25,39,1,92,123,41,61,99,54"/><U125/><E122/><V65/><F32/><W126/><G112/><T11/><D117/><U63/><E125/><V12/><F127/><W55/><G123/><T58/><D68/><U28/><E128/><V77/><F3/><W46/><G126/><T103/><D76/><U59/><E132/><V26/><F114/><W75/><G133/><T111/><D30/><U20/><E82/><V31/><F51/><W110/><G110/><T105/><D111/><U35/><E35/><V113/><F113/><W104/><G104/><T62/><D48/><U36/><E36/><V78/><F70/><W118/><G118/><T29/><D29/><U91/><E90/><V79/><F97/><W42/><G75/><T0/><D129/><U4/><E4/><V21/><REACH who="2" step="1"/><F65/><REACH who="2" ten="194,375,199,222" step="2"/><W67/><G42/><T119/><D119/><U96/><E96/><V116/><F116/><W40/><G41/><T93/><D105/><U83/><E98/><V22/><F22/><W71/><G71/><T131/><D131/><U95/><E20/><V17/><AGARI ba="2,1" hai="10,12,17,21,26,31,77,78,79,80,87,88,120,121" machi="17" ten="30,7900,0" yaku="1,1,0,1,54,1,53,1" doraHai="60" doraHaiUra="84" who="2" fromWho="2" sc="194,-22,375,-41,199,95,222,-22" /><INIT seed="2,0,0,2,0,7" ten="172,334,294,200" oya="2" hai0="59,133,12,71,83,103,56,88,1,66,92,57,25" hai1="38,22,72,26,4,55,18,47,90,81,68,70,63" hai2="94,100,39,80,14,79,134,95,69,135,41,60,36" hai3="30,77,116,34,49,73,58,93,125,5,23,121,97"/><V35/><F35/><W27/><G116/><T3/><D133/><N who="2" m="50698" /><F41/><W105/><G121/><T21/><D103/><U11/><E63/><V132/><N who="2" m="50706" /><V13/><DORA hai="42" /><F14/><W6/><G105/><T74/><D12/><U130/><E130/><V17/><F60/><W118/><G118/><T28/><D71/><U15/><E38/><N who="2" m="14379" /><F100/><W62/><G34/><T107/><D107/><U112/><E112/><V78/><F69/><W87/><G73/><T127/><D127/><U2/><E15/><V96/><F96/><W16/><G49/><T45/><D66/><U109/><E70/><V64/><F64/><W113/><G125/><T46/><D1/><U54/><E68/><V75/><F79/><W117/><G117/><T108/><D3/><U123/><E2/><V31/><F31/><W119/><G30/><T67/><D67/><U128/><E123/><V84/><F75/><W8/><G119/><T51/><D51/><U131/><E72/><V86/><F86/><W115/><G115/><T33/><D33/><U52/><E131/><V37/><N who="2" m="14387" /><V61/><DORA hai="76" /><F61/><W40/><G40/><T19/><D28/><U50/><E128/><V129/><F129/><W101/><G113/><T106/><D74/><U9/><E50/><V111/><F111/><W53/><G8/><AGARI ba="0,0" hai="8,13,17,78,80,84,94,95" m="14387,50706" machi="8" ten="60,11600,0" yaku="20,1,52,2" doraHai="7,42,76" who="2" fromWho="3" sc="172,0,334,0,294,116,200,-116" /><INIT seed="2,1,0,2,3,100" ten="172,334,410,84" oya="2" hai0="117,57,41,98,109,85,131,66,72,21,11,34,104" hai1="45,65,42,81,122,46,10,15,22,61,0,124,40" hai2="120,103,30,26,33,71,18,114,106,35,23,132,89" hai3="130,17,123,118,14,4,79,49,38,27,50,62,1"/><V121/><F114/><W3/><G118/><T20/><D34/><U53/><E124/><V88/><F71/><W99/><G123/><T13/><D72/><U32/><E32/><V87/><F89/><W12/><G38/><T75/><D75/><U70/><E122/><V2/><F2/><W77/><G130/><T56/><D117/><U51/><E0/><V60/><F33/><W69/><G69/><T110/><D41/><U76/><E22/><N who="0" m="8809" /><D66/><U73/><REACH who="1" step="1"/><E45/><REACH who="1" ten="172,324,410,84" step="2"/><V119/><F119/><W31/><G1/><T86/><D131/><U80/><E80/><V135/><F121/><W5/><G3/><T43/><D110/><U39/><E39/><V95/><F120/><W129/><G129/><T102/><D109/><U105/><E105/><V92/><F106/><W47/><G47/><T9/><D104/><U59/><E59/><V67/><F35/><W16/><G27/><T44/><D56/><U6/><AGARI ba="1,1" hai="6,10,15,40,42,46,51,53,61,65,70,73,76,81" machi="6" ten="20,2700,0" yaku="1,1,0,1,7,1,53,0" doraHai="100" doraHaiUra="127" who="1" fromWho="1" sc="172,-8,324,40,410,-14,84,-8" /><INIT seed="3,0,0,5,1,8" ten="164,364,396,76" oya="3" hai0="4,13,44,19,116,109,108,28,60,92,104,42,3" hai1="21,40,72,115,83,102,105,134,46,91,73,33,126" hai2="6,45,97,106,123,129,11,26,39,103,100,90,57" hai3="0,30,131,74,59,31,82,54,47,119,128,36,34"/><W12/><G119/><T58/><D104/><U48/><E115/><V32/><F129/><N who="3" m="49739" /><G0/><T67/><D116/><U78/><E33/><V77/><F77/><N who="3" m="44343" /><G34/><T50/><D28/><U55/><E126/><V35/><F103/><W130/><N who="3" m="49747" /><W121/><DORA hai="18" /><G121/><T53/><D92/><U84/><E134/><V87/><F123/><W71/><G71/><N who="0" m="42471" /><D4/><U69/><E69/><V10/><F32/><W20/><G36/><N who="0" m="21575" /><D3/><U113/><E113/><V56/><F39/><W135/><G135/><T61/><D61/><U70/><E70/><V76/><F35/><W49/><G47/><T127/><D127/><U27/><E40/><V2/><F45/><W107/><G107/><T51/><D51/><U98/><REACH who="1" step="1"/><E78/><REACH who="1" ten="164,354,396,76" step="2"/><V17/><F76/><W132/><G132/><T38/><D38/><U93/><E93/><V114/><F114/><W96/><G96/><T89/><D89/><U22/><E22/><AGARI ba="0,1" hai="13,19,22,50,53,58,108,109" m="21575,42471" machi="22" ten="30,3900,0" yaku="24,1,52,2" doraHai="8,18" who="0" fromWho="1" sc="164,49,354,-39,396,0,76,0" owari="213,-18.7,315,11.5,396,49.6,76,-42.4" /></mjloggm>