<mjloggm ver="2.3"><GO type="225" lobby="0"/><UN n0="%E3%81%BF%E3%81%BF%E3%81%9A" n1="%E8%91%B1%E9%96%93%E8%91%B1%E6%8A%9C" n2="%E3%82%A2%E3%83%9E%E3%83%9D%EF%BD%9E%EF%BD%9E%E3%83%A9" n3="%33%74%72%65%65" dan="17,16,17,17" rate="2201.56,2097.98,2120.77,2165.62" sx="M,F,M,F"/><TAIKYOKU oya="0"/><INIT seed="0,0,0,4,1,61" ten="250,250,250,250" oya="0" hai0="35,33,40,103,54,106,94,11,95,128,70,37,65" hai1="85,63,73,117,67,135,5,38,10,56,90,98,93" hai2="20,45,55,21,39,16,77,91,101,64,0,69,74" hai3="28,32,79,48,30,14,58,51,81,89,131,57,17"/><T29/><D128/><U44/><E135/><V49/><F0/><W26/><G131/><T27/><D35/><U75/><E117/><V107/><F39/><W46/><G30/><T110/><D54/><U123/><E123/><V130/><F130/><W119/><G119/><T7/><D110/><U112/><E112/><V84/><F74/><W8/><G51/><T15/><D40/><U124/><E124/><V115/><F77/><W24/><G24/><T96/><D37/><U9/><E9/><V87/><F21/><W121/><G121/><T78/><D78/><U132/><E132/><V92/><F115/><W88/><G57/><T13/><D15/><U109/><E109/><V59/><F69/><W71/><G58/><T108/><D108/><U72/><E38/><V118/><F101/><W47/><G71/><T60/><AGARI ba="0,0" hai="7,11,13,27,29,33,60,65,70,94,95,96,103,106" machi="60" ten="30,11700,0" yaku="0,1,25,2,52,1" doraHai="61" who="0" fromWho="0" sc="250,117,250,-39,250,-39,250,-39" /><INIT seed="0,1,0,2,2,103" ten="367,211,211,211" oya="0" hai0="101,70,57,11,56,87,119,51,76,77,69,99,4" hai1="98,96,14,63,37,124,88,35,44,86,114,48,19" hai2="108,83,23,78,126,117,5,61,55,10,30,3,93" hai3="100,91,45,134,113,41,112,104,49,15,85,50,31"/><T2/><D119/><U20/><E114/><V27/><F108/><W59/><G134/><T53/><D56/><U71/><E124/><V34/><F126/><W47/><G31/><T13/><D2/><U123/><E123/><V128/><F128/><W65/><G15/><T84/><D87/><U89/><E35/><V72/><F117/><W16/><G16/><T116/><D116/><U67/><E37/><V54/><F93/><W60/><G100/><T106/><REACH who="0" step="1"/><D84/><REACH who="0" ten="357,211,211,211" step="2"/><U6/><E6/><V0/><F0/><W95/><REACH who="3" step="1"/><G104/><REACH who="3" ten="357,211,211,201" step="2"/><T17/><D17/><U79/><E19/><V68/><F34/><W135/><G135/><T129/><D129/><U115/><E115/><V28/><F30/><W24/><G24/><T73/><D73/><U90/><E14/><V64/><AGARI ba="1,2" hai="3,5,10,23,27,28,54,55,61,64,68,72,78,83" machi="64" ten="30,1100,0" yaku="0,1" doraHai="103" who="2" fromWho="2" sc="357,-6,211,-4,211,34,201,-4" /><INIT seed="1,0,0,4,3,62" ten="351,207,245,197" oya="1" hai0="59,108,118,64,27,78,107,36,29,123,131,76,24" hai1="42,89,130,92,119,31,10,99,69,83,122,116,2" hai2="71,68,54,77,132,44,22,8,134,101,90,13,124" hai3="33,1,57,82,61,70,52,74,72,81,5,87,126"/><U117/><E122/><V111/><F111/><W60/><G126/><T106/><D36/><U35/><E130/><V97/><F124/><W114/><G114/><T0/><D123/><U37/><E69/><V103/><F77/><W93/><G33/><T135/><D0/><U104/><E104/><V80/><F22/><W66/><G93/><T9/><D118/><U21/><E35/><V6/><F44/><W23/><G23/><T56/><D131/><U41/><E37/><V45/><F45/><W79/><REACH who="3" step="1"/><G82/><REACH who="3" ten="351,207,245,187" step="2"/><T46/><D108/><U84/><E21/><V88/><F80/><W100/><G100/><T133/><D29/><U39/><E31/><V26/><F103/><W40/><G40/><T19/><D107/><U91/><REACH who="1" step="1"/><E39/><REACH who="1" ten="351,197,245,187" step="2"/><V32/><F32/><W43/><G43/><T95/><D106/><U17/><E17/><V113/><F113/><W96/><G96/><T127/><D19/><U4/><AGARI ba="0,2" hai="2,4,10,41,42,83,84,89,91,92,99,116,117,119" machi="4" ten="40,3900,0" yaku="1,1,0,1,53,0" doraHai="62" doraHaiUra="65" who="1" fromWho="1" sc="351,-13,197,59,245,-13,187,-13" /><INIT seed="1,1,0,0,1,128" ten="338,256,232,174" oya="1" hai0="48,57,10,70,110,86,77,94,96,115,97,40,25" hai1="85,17,73,5,101,131,51,29,53,119,8,22,6" hai2="129,30,3,13,79,66,105,100,1,125,36,24,103" hai3="99,64,121,122,132,31,109,81,116,55,58,135,47"/><U43/><E119/><V108/><F129/><W93/><G31/><T7/><D115/><U41/><E73/><V72/><F108/><W54/><G116/><T84/><D70/><U124/><E124/><V52/><F125/><W75/><G109/><T127/><D127/><U34/><E131/><V89/><F66/><W83/><G64/><T20/><D110/><U133/><E101/><V69/><F36/><W76/><G81/><T46/><D57/><U42/><E133/><N who="3" m="51274" /><G47/><T18/><D77/><U107/><E107/><V102/><F69/><W23/><G23/><T117/><D97/><U91/><E34/><V130/><F105/><W80/><G80/><T4/><D117/><U106/><E106/><V35/><F79/><W12/><G12/><N who="0" m="5191" /><D7/><U113/><E113/><V0/><F13/><W37/><G37/><T123/><D123/><N who="3" m="47113" /><G58/><T68/><D68/><U98/><E29/><V33/><F33/><W49/><G49/><T44/><D46/><U126/><E126/><V90/><F130/><W71/><G71/><T92/><D92/><U26/><E51/><V63/><F72/><W67/><G67/><T134/><D134/><U120/><E120/><V14/><F14/><W95/><G95/><T32/><D32/><U59/><E59/><V39/><F39/><W114/><G114/><T62/><D62/><U56/><E56/><N who="2" m="35207" /><F0/><W74/><G74/><T21/><D20/><U50/><E22/><V28/><F28/><W87/><G75/><T118/><D118/><U15/><E15/><V61/><F61/><W16/><G16/><T60/><D60/><U27/><E17/><RYUUKYOKU ba="1,0" sc="338,10,256,-30,232,10,174,10" hai0="18,21,25,40,44,48,84,86,94,96" hai2="1,3,24,30,35,89,90,100,102,103" hai3="54,55,76,83,87,93,99" /><INIT seed="2,2,0,1,3,104" ten="348,226,242,184" oya="2" hai0="76,14,118,74,72,49,132,27,112,33,79,2,10" hai1="66,77,83,26,95,85,101,52,31,114,128,93,124" hai2="102,41,134,78,36,64,53,12,43,100,62,65,122" hai3="3,21,39,106,54,20,50,45,9,99,121,59,25"/><V56/><F122/><W110/><G121/><T32/><D112/><U69/><E114/><V98/><F134/><W107/><G110/><T94/><D2/><U129/><E124/><V113/><F113/><W60/><G39/><T6/><D132/><U47/><E69/><V7/><F78/><W63/><G63/><T71/><D71/><U84/><E66/><N who="2" m="25707" /><F36/><W82/><G99/><T35/><D118/><U73/><E101/><N who="2" m="39019" /><F98/><W4/><G82/><T5/><D27/><U34/><E85/><V90/><F90/><W24/><G25/><T75/><D5/><U126/><E126/><V19/><F7/><W88/><G88/><T115/><D115/><U29/><E29/><V37/><F37/><W127/><G127/><T119/><D119/><U44/><E44/><V48/><F62/><W133/><G133/><T16/><D94/><U42/><E42/><V15/><F15/><W1/><G1/><T86/><D86/><U125/><E125/><V18/><F18/><W0/><G0/><T103/><D103/><U13/><E13/><V38/><F38/><W116/><G116/><T40/><REACH who="0" step="1"/><D6/><REACH who="0" ten="338,226,242,184" step="2"/><U87/><E87/><V23/><AGARI ba="2,1" hai="12,19,23,41,43,48,53,56" m="39019,25707" machi="23" ten="30,1500,0" yaku="8,1" doraHai="104" who="2" fromWho="2" sc="338,-7,226,-7,242,31,184,-7" /><INIT seed="2,3,0,4,2,60" ten="331,219,273,177" oya="2" hai0="33,61,36,125,63,56,42,3,83,71,45,101,114" hai1="1,66,111,70,40,20,106,31,62,37,46,41,123" hai2="65,8,32,26,64,121,44,18,52,80,134,25,110" hai3="119,5,94,118,99,79,53,14,113,87,13,43,24"/><V10/><F121/><W81/><G113/><T27/><D3/><U135/><E1/><V72/><F134/><W102/><G14/><T69/><D101/><U77/><E123/><V131/><F131/><W124/><G124/><T116/><D83/><U126/><E111/><V51/><F110/><W50/><G24/><N who="2" m="9321" /><F72/><W108/><G108/><T117/><D114/><U132/><E106/><V29/><F29/><W58/><REACH who="3" step="1"/><G43/><REACH who="3" ten="331,219,273,167" step="2"/><T127/><D27/><U76/><E41/><V89/><F32/><W95/><G95/><T96/><D33/><U100/><E126/><V11/><F18/><W0/><G0/><T84/><D127/><U122/><E31/><V15/><F15/><W7/><G7/><T47/><D125/><U109/><E122/><V103/><F103/><W55/><G55/><T21/><D42/><U98/><E109/><V97/><F80/><W30/><G30/><T34/><D34/><U133/><E100/><V74/><F74/><W67/><G67/><T23/><D117/><U6/><E6/><V85/><F65/><W22/><G22/><T73/><D21/><U78/><E20/><V39/><F64/><W49/><G49/><T16/><D23/><U59/><REACH who="1" step="1"/><E98/><REACH who="1" ten="331,209,273,167" step="2"/><V90/><F97/><W68/><G68/><AGARI ba="3,2" hai="37,40,46,59,62,66,68,70,76,77,78,132,133,135" machi="68" ten="50,8000,1" yaku="1,1,2,1,20,1,52,1,53,0" doraHai="60" doraHaiUra="48" who="1" fromWho="3" sc="331,0,209,109,273,0,167,-89" /><INIT seed="3,0,0,5,4,5" ten="331,318,273,78" oya="3" hai0="26,105,129,94,59,70,24,67,100,122,107,44,15" hai1="3,61,69,103,131,18,87,57,34,43,84,48,66" hai2="38,8,85,39,55,13,71,46,41,52,23,47,17" hai3="108,79,102,125,19,109,7,20,128,118,106,6,98"/><W62/><G118/><T4/><D70/><U50/><E131/><V31/><F71/><W10/><G128/><T113/><D107/><U58/><E34/><V124/><F124/><W63/><G125/><T68/><D105/><U72/><E72/><V21/><F85/><W16/><G79/><T1/><D1/><U133/><E3/><V74/><F74/><W27/><G19/><T95/><D68/><U14/><E133/><V73/><F73/><W54/><G6/><T56/><D122/><U36/><E103/><V115/><F115/><W22/><G22/><T35/><D35/><U121/><E121/><V11/><F31/><W30/><G30/><T134/><D44/><N who="1" m="25631" /><E36/><V60/><F60/><W0/><G54/><T77/><D77/><U83/><E69/><V99/><F99/><W96/><G96/><N who="0" m="59415" /><D134/><U130/><E130/><V53/><F23/><W75/><G75/><T12/><D113/><U40/><E83/><V104/><F104/><W76/><G76/><T93/><D59/><U45/><E58/><V25/><F25/><N who="0" m="9834" /><D129/><U42/><E42/><AGARI ba="0,0" hai="8,11,13,17,21,38,39,41,42,46,47,52,53,55" machi="42" ten="40,8000,1" yaku="9,1,52,2,54,1" doraHai="5" who="2" fromWho="1" sc="331,0,318,-80,273,80,78,0" owari="331,13.1,238,-16.2,353,45.3,78,-42.2" /></mjloggm>