<mjloggm ver="2.3"><GO type="225" lobby="0"/><UN n0="%72%65%6E%6B%75%6E" n1="%E5%8F%AF%E5%85%90%E9%82%A3%E7%94%B1%E5%A4%9A" n2="%E3%83%B4%E3%83%A0%EF%BC%99%E3%81%A6" n3="%E3%83%96%E3%83%83%E3%83%91%E3%82%AA%E3%83%96%E3%83%81%E3%82%AD%E3%83%B3" dan="17,16,16,16" rate="2215.96,2102.00,2127.87,2172.52" sx="M,F,M,M"/><TAIKYOKU oya="0"/><INIT seed="0,0,0,4,2,120" ten="250,250,250,250" oya="0" hai0="89,66,63,36,88,103,125,28,56,123,84,98,70" hai1="44,77,16,83,17,113,5,109,124,61,134,37,110" hai2="104,53,85,94,80,21,95,65,8,78,22,29,105" hai3="20,108,91,26,51,86,40,116,97,117,81,30,11"/><T75/><D123/><U34/><E34/><V92/><F65/><W6/><G108/><N who="1" m="41578" /><E134/><V100/><F100/><W131/><G131/><T45/><D75/><N who="1" m="43455" /><E124/><V72/><F72/><W31/><G31/><T42/><D125/><U7/><E113/><V57/><F8/><W38/><G38/><T58/><D28/><U129/><E129/><V2/><F2/><W71/><G71/><T23/><D23/><U135/><E135/><V55/><F29/><W41/><G117/><T121/><D121/><U132/><E132/><V12/><F12/><N who="3" m="5239" /><G116/><T76/><D76/><U82/><E82/><V114/><F114/><W128/><G128/><T1/><D1/><U106/><E106/><V96/><F104/><W115/><G115/><T127/><D127/><U102/><E102/><V25/><F21/><W14/><G14/><T118/><D118/><U10/><E61/><V35/><F35/><W93/><G51/><T50/><D36/><U126/><E126/><V49/><F105/><W48/><G48/><T67/><D67/><U32/><E32/><V15/><F49/><W9/><G9/><T101/><D101/><AGARI ba="0,0" hai="20,26,30,40,41,81,86,91,93,97,101" m="5239" machi="101" ten="30,1000,0" yaku="8,1" doraHai="120" who="3" fromWho="0" sc="250,-10,250,0,250,0,250,10" /><INIT seed="1,0,0,3,3,1" ten="240,250,250,260" oya="1" hai0="57,18,124,58,129,52,31,93,7,98,110,107,96" hai1="27,51,84,28,97,121,5,49,15,4,35,29,2" hai2="81,113,66,132,47,13,70,77,39,38,20,53,63" hai3="44,34,22,120,119,56,79,19,89,73,59,40,87"/><U99/><E121/><V72/><F132/><W12/><G120/><T128/><D31/><N who="1" m="11851" /><E2/><V23/><F113/><W71/><G34/><T69/><D69/><U82/><E35/><V6/><F53/><W17/><G71/><T108/><D18/><U105/><E105/><V68/><F68/><W75/><G119/><T131/><D124/><U95/><E27/><V0/><F13/><W21/><G79/><T114/><D114/><U106/><E106/><V16/><F16/><W135/><G135/><T55/><D107/><U65/><E65/><V25/><F25/><W103/><G103/><T24/><D24/><U8/><E4/><V101/><F101/><W48/><G75/><T117/><D117/><U46/><E95/><V62/><F62/><W109/><G73/><T43/><D43/><N who="1" m="24799" /><E51/><V123/><F123/><W130/><G48/><N who="0" m="30855" /><D7/><U90/><AGARI ba="0,0" hai="5,8,15,82,84,90,97,99" m="24799,11851" machi="90" ten="30,3000,0" yaku="8,1,52,1" doraHai="1" who="1" fromWho="1" sc="240,-10,250,30,250,-10,260,-10" /><INIT seed="1,1,0,4,2,124" ten="230,280,240,250" oya="1" hai0="48,117,39,70,83,93,109,115,73,44,116,33,35" hai1="16,51,108,118,121,50,122,135,23,26,14,134,85" hai2="27,104,133,107,13,101,67,82,43,60,4,110,45" hai3="84,10,22,0,112,58,89,38,17,6,99,79,81"/><U29/><E85/><V80/><F110/><W69/><G112/><T64/><D93/><U75/><E75/><V77/><F133/><N who="1" m="50697" /><E51/><V86/><F101/><W131/><G69/><T8/><D48/><U11/><E50/><V76/><F27/><W92/><G131/><T128/><D115/><U91/><E91/><V53/><F53/><W41/><G58/><T9/><D109/><U98/><E98/><V102/><F102/><W7/><G7/><T31/><D64/><U132/><N who="1" m="50705" /><U42/><DORA hai="52" /><E42/><V78/><F13/><W105/><G105/><T2/><D70/><U56/><E56/><V65/><F4/><W88/><G41/><N who="0" m="22591" /><D128/><U126/><E108/><V113/><F113/><W71/><G71/><T3/><D83/><U59/><E59/><V62/><F43/><W114/><G114/><T32/><D73/><U1/><E126/><V123/><F45/><W68/><G68/><T120/><D120/><N who="1" m="46187" /><E118/><V97/><F123/><W24/><REACH who="3" step="1"/><G38/><REACH who="3" ten="230,280,240,240" step="2"/><T49/><D116/><U25/><E25/><V34/><F107/><W21/><G21/><T111/><D117/><U106/><E106/><V57/><F104/><W90/><AGARI ba="1,1" hai="0,6,10,17,22,24,79,81,84,88,89,90,92,99" machi="90" ten="20,12000,2" yaku="1,1,0,1,7,1,54,1,53,2" doraHai="124,52" doraHaiUra="12,95" who="3" fromWho="3" sc="230,-31,280,-61,240,-31,240,133" /><INIT seed="2,0,0,0,1,108" ten="199,219,209,373" oya="2" hai0="3,78,9,75,109,17,114,80,89,24,112,103,33" hai1="134,81,84,36,88,131,83,6,56,122,92,129,130" hai2="62,35,44,52,13,119,0,28,74,120,116,19,2" hai3="98,32,34,133,99,1,70,47,72,21,71,95,18"/><V90/><F120/><W107/><G1/><T87/><D109/><U77/><E36/><V14/><F74/><W79/><G133/><T121/><D121/><U110/><E122/><V57/><F90/><W51/><G107/><T135/><D135/><U58/><E110/><V50/><F0/><W40/><G99/><T93/><D103/><U69/><E134/><V117/><F2/><W54/><G72/><T102/><D102/><U16/><E69/><V38/><F38/><W30/><G79/><T76/><D76/><U12/><E6/><V20/><F28/><W91/><G30/><T49/><D33/><U128/><N who="1" m="32768" /><DORA hai="97" /><U25/><E25/><V45/><F35/><W23/><G23/><T43/><D24/><U15/><E15/><V48/><F48/><W113/><G113/><T63/><D63/><U82/><E77/><V60/><F60/><W104/><G104/><T8/><D8/><AGARI ba="0,0" hai="8,12,16,56,58,81,82,83,84,88,92" m="32768" machi="8" ten="70,8000,1" yaku="19,1,54,2" doraHai="108,97" who="1" fromWho="0" sc="199,-80,219,80,209,0,373,0" /><INIT seed="3,0,0,4,0,42" ten="119,299,209,373" oya="3" hai0="76,23,99,2,87,43,110,80,35,91,31,69,119" hai1="74,98,22,9,60,53,135,11,17,65,123,94,127" hai2="97,45,3,39,90,57,133,113,49,51,41,114,52" hai3="117,82,102,48,116,1,78,129,112,92,93,122,61"/><W121/><G1/><T34/><D69/><U73/><E123/><N who="3" m="47114" /><G48/><T26/><D2/><U106/><E135/><V67/><F3/><W40/><G40/><T30/><D119/><U105/><E127/><V70/><F133/><W64/><G61/><T25/><D110/><U21/><E53/><N who="2" m="31919" /><F90/><W115/><G64/><T32/><D99/><U132/><E132/><V68/><F97/><N who="3" m="59687" /><G93/><T14/><D91/><U118/><E118/><N who="3" m="45674" /><G129/><T130/><D130/><U13/><E105/><V7/><F7/><W10/><G10/><T79/><D79/><U103/><E106/><V120/><F120/><W100/><G100/><T111/><D111/><U58/><E73/><AGARI ba="0,0" hai="73,78,82,112,115" m="45674,59687,47114" machi="73" ten="30,2900,0" yaku="34,2" doraHai="42" who="3" fromWho="1" sc="119,0,299,-29,209,0,373,29" owari="119,-38.1,270,7.0,209,-19.1,402,50.2" /></mjloggm>