<mjloggm ver="2.3"><GO type="225" lobby="0"/><UN n0="%E7%89%B9%E6%9D%B1%E3%81%AF%E4%B8%96%E7%95%8C%E3%82%92%E6%95%91%E3%81%86" n1="%E3%82%AF%E3%82%A3%E3%82%A6" n2="%E5%8D%A0%E3%81%84%E5%B8%AB%E8%A3%8F%E3%81%AA%E3%81%84%E3%81%97" n3="%E5%A4%8F%E9%88%B4%E9%88%B4%E5%A4%8F" dan="16,16,17,16" rate="2203.72,2084.02,2238.44,2123.99" sx="M,M,M,F"/><TAIKYOKU oya="0"/><INIT seed="0,0,0,1,5,6" ten="250,250,250,250" oya="0" hai0="117,94,20,58,114,95,25,131,57,4,15,87,70" hai1="56,124,31,127,123,52,34,50,23,109,81,119,3" hai2="74,86,78,63,103,41,44,62,97,64,83,100,60" hai3="80,35,54,118,32,79,1,88,40,51,36,47,67"/><T113/><D70/><U17/><E119/><V22/><F74/><W93/><G118/><T9/><D117/><U71/><E109/><V105/><F100/><W59/><G1/><T115/><D131/><U112/><E112/><V49/><REACH who="2" step="1"/><F22/><REACH who="2" ten="250,250,240,250" step="2"/><W68/><G68/><AGARI ba="0,1" hai="41,44,49,60,62,63,64,68,78,83,86,97,103,105" machi="68" ten="30,3900,0" yaku="1,1,2,1,7,1,53,0" doraHai="6" doraHaiUra="8" who="2" fromWho="3" sc="250,0,250,0,240,49,250,-39" /><INIT seed="1,0,0,3,0,63" ten="250,250,289,211" oya="1" hai0="18,123,38,7,121,125,132,112,12,120,109,47,59" hai1="107,24,45,43,104,131,83,119,39,101,66,64,30" hai2="52,44,17,105,67,97,80,113,65,91,48,49,26" hai3="14,8,15,40,41,61,115,42,10,73,134,133,35"/><U58/><E119/><V62/><F113/><W95/><G115/><T57/><D112/><U111/><E131/><V5/><F105/><W106/><G73/><T116/><D116/><U71/><E111/><V53/><F5/><W89/><G106/><T20/><D109/><U79/><E58/><N who="2" m="35143" /><F48/><W0/><G35/><T128/><D128/><U6/><E6/><V129/><F129/><W92/><G0/><T27/><D132/><N who="3" m="50793" /><G61/><T55/><D125/><U34/><E71/><V69/><F69/><W32/><G89/><T31/><D7/><U25/><E107/><V16/><F17/><W19/><G32/><T1/><D1/><U37/><E37/><V68/><F68/><W96/><G96/><T103/><D103/><U99/><REACH who="1" step="1"/><E24/><REACH who="1" ten="250,240,289,211" step="2"/><V21/><F80/><W87/><G87/><AGARI ba="0,1" hai="25,30,34,39,43,45,64,66,79,83,87,99,101,104" machi="87" ten="30,18000,2" yaku="1,1,2,1,7,1,52,2,53,1" doraHai="63" doraHaiUra="78" who="1" fromWho="3" sc="250,0,240,190,289,0,211,-180" /><INIT seed="1,1,0,0,0,35" ten="250,430,289,31" oya="1" hai0="111,1,55,20,33,129,37,38,90,126,30,53,132" hai1="26,56,127,23,128,0,16,46,130,29,36,82,22" hai2="64,24,110,52,42,63,58,77,50,9,74,135,85" hai3="125,57,5,93,14,65,83,92,54,28,51,66,91"/><U39/><E0/><V60/><F74/><W76/><G125/><T97/><D126/><U119/><E119/><V121/><F121/><W7/><G28/><T12/><D33/><U120/><E120/><V11/><F110/><W104/><G104/><T114/><D114/><U78/><E127/><V59/><F135/><W71/><G71/><T31/><D111/><U67/><E67/><V40/><F24/><W133/><G133/><T19/><D132/><U84/><E56/><V27/><F27/><W47/><G14/><T100/><D1/><U2/><E2/><V15/><F9/><W62/><G66/><T117/><D129/><N who="1" m="49771" /><E46/><V113/><F113/><W131/><G131/><T8/><D117/><U6/><E6/><V81/><REACH who="2" step="1"/><F63/><REACH who="2" ten="250,430,279,31" step="2"/><W99/><REACH who="3" step="1"/><G93/><REACH who="3" ten="250,430,279,21" step="2"/><T41/><D30/><U48/><E26/><V75/><F75/><AGARI ba="1,2" hai="5,7,47,51,54,57,62,65,75,76,83,91,92,99" machi="75" ten="30,7700,0" yaku="1,1,2,1,7,1,53,1" doraHai="35" doraHaiUra="88" who="3" fromWho="2" sc="250,0,430,0,279,-80,21,100" /><INIT seed="2,0,0,2,3,55" ten="250,430,199,121" oya="2" hai0="50,37,59,85,4,17,124,108,117,13,71,119,19" hai1="92,135,48,112,129,103,133,116,101,35,51,87,40" hai2="24,102,60,97,16,94,67,100,93,23,79,115,121" hai3="68,104,83,29,56,69,107,14,41,91,74,75,110"/><V47/><F115/><W21/><G110/><T1/><D37/><U123/><E116/><N who="0" m="44617" /><D71/><U78/><E35/><V82/><F121/><W65/><G41/><T0/><D108/><U134/><E123/><V7/><F7/><W28/><G91/><T27/><D124/><U132/><E132/><V3/><F3/><N who="0" m="1098" /><D85/><U46/><E112/><V111/><F47/><W2/><G2/><T89/><D89/><N who="1" m="53311" /><E129/><V12/><F111/><W105/><G83/><T126/><D126/><U44/><E78/><V64/><F64/><W62/><G14/><T109/><D27/><U10/><E10/><V58/><F12/><W34/><G21/><T81/><D81/><U61/><E61/><V38/><F38/><W114/><G114/><T73/><D19/><U88/><E88/><V99/><F82/><W90/><G90/><T15/><D17/><U45/><E45/><V70/><REACH who="2" step="1"/><F79/><REACH who="2" ten="250,430,189,121" step="2"/><W113/><G113/><T86/><D15/><U5/><E5/><V25/><F25/><W22/><G34/><T6/><D4/><U131/><E131/><V36/><F36/><W125/><G125/><T118/><D6/><U120/><E120/><V49/><F49/><W130/><G130/><T52/><D118/><U42/><AGARI ba="0,1" hai="40,42,44,46,48,51,101,103,133,134,135" m="53311" machi="42" ten="30,1100,0" yaku="20,1" doraHai="55" who="1" fromWho="1" sc="250,-3,430,21,189,-5,121,-3" /><INIT seed="3,0,0,4,5,59" ten="247,451,184,118" oya="3" hai0="11,98,21,80,32,22,84,73,39,132,102,12,69" hai1="7,114,8,122,57,62,18,89,91,109,41,71,24" hai2="64,75,88,42,115,128,36,3,85,74,4,99,68" hai3="33,111,133,6,103,82,43,34,38,66,81,48,86"/><W25/><G133/><T19/><D32/><U29/><E114/><V116/><F115/><W126/><G38/><T87/><D69/><U65/><E122/><V31/><F116/><W23/><G126/><T131/><D39/><U53/><E109/><V51/><F128/><W78/><G111/><T92/><D132/><U16/><E41/><V106/><F36/><W124/><G124/><T37/><D37/><U28/><E71/><V134/><F134/><W104/><G66/><T44/><D131/><U127/><E127/><V110/><F110/><W58/><G6/><T15/><D44/><U54/><E7/><V130/><F31/><N who="1" m="11849" /><E8/><V10/><F64/><W47/><G58/><T118/><D22/><N who="1" m="13383" /><E18/><V35/><F35/><W40/><G40/><T61/><D84/><U46/><E46/><N who="2" m="26071" /><F68/><W56/><G56/><T100/><D100/><U20/><E20/><V17/><F17/><W129/><G129/><T26/><D92/><U0/><E0/><V45/><F45/><W94/><G104/><T14/><D73/><U93/><E91/><V119/><F119/><W123/><G123/><T2/><D80/><U95/><E95/><N who="2" m="54671" /><F130/><W135/><G135/><T117/><D2/><U112/><E112/><V52/><F99/><AGARI ba="0,0" hai="53,54,57,62,65,89,93,99" m="13383,11849" machi="99" ten="30,3900,0" yaku="8,1,52,1,54,1" doraHai="59" who="1" fromWho="2" sc="247,0,451,39,184,-39,118,0" owari="247,4.7,490,59.0,145,-25.5,118,-38.2" /></mjloggm>