<mjloggm ver="2.3"><GO type="225" lobby="0"/><UN n0="%E3%81%9F%E3%81%8C%E3%82%84%E3%81%99" n1="%E6%81%A5%E6%99%92%E3%81%97" n2="%E9%B7%B9%E5%80%89%E6%9D%8F%E9%88%B4" n3="%E3%81%A0%E3%81%8A" dan="17,16,16,17" rate="2150.02,2142.95,2135.06,2068.07" sx="M,M,F,M"/><TAIKYOKU oya="0"/><INIT seed="0,0,0,5,0,126" ten="250,250,250,250" oya="0" hai0="131,61,52,34,20,31,91,99,3,28,100,33,63" hai1="17,123,9,82,129,13,104,108,66,115,118,77,86" hai2="56,116,98,71,8,38,76,59,47,26,43,0,40" hai3="79,70,50,18,95,42,110,1,44,2,96,78,60"/><T10/><D91/><U92/><E118/><V112/><F112/><W11/><G110/><T62/><D20/><U51/><E115/><V49/><F116/><W48/><G48/><T73/><D73/><U21/><E108/><V12/><F71/><W53/><G18/><T93/><D10/><U84/><E123/><V67/><F0/><W45/><G2/><T32/><D3/><U97/><E104/><V29/><F76/><W25/><G25/><T127/><D127/><U111/><E111/><V83/><F83/><W27/><G27/><T74/><D74/><U85/><E66/><V107/><F107/><W121/><G121/><T114/><D114/><U41/><E129/><V94/><F67/><W55/><G70/><T88/><D131/><U124/><E124/><V35/><F43/><W22/><G42/><T23/><D23/><U128/><E21/><V133/><F133/><W37/><G22/><T103/><REACH who="0" step="1"/><D52/><REACH who="0" ten="240,250,250,250" step="2"/><U135/><E128/><V113/><F113/><W15/><G53/><T36/><D36/><U90/><E135/><V16/><REACH who="2" step="1"/><F38/><REACH who="2" ten="240,250,240,250" step="2"/><W54/><G37/><T119/><D119/><U132/><E132/><V6/><F6/><W102/><G1/><T105/><D105/><U19/><E17/><V14/><F14/><W69/><G15/><T58/><D58/><U39/><E39/><V120/><F120/><W75/><G75/><T81/><D81/><U64/><E64/><V109/><F109/><W117/><G117/><T106/><D106/><U30/><E30/><AGARI ba="0,2" hai="28,30,31,32,33,34,61,62,63,88,93,99,100,103" machi="30" ten="50,4800,0" yaku="1,1,54,1,53,0" doraHai="126" doraHaiUra="7" who="0" fromWho="1" sc="240,68,250,-48,240,0,250,0" /><INIT seed="0,1,0,2,5,15" ten="308,202,240,250" oya="0" hai0="66,109,54,14,129,73,133,77,3,53,122,96,70" hai1="22,69,56,114,67,28,0,86,50,42,127,5,104" hai2="65,85,91,100,32,84,128,43,98,13,116,111,83" hai3="36,30,16,12,11,27,34,126,63,35,88,21,82"/><T119/><D3/><U6/><E104/><V112/><F112/><W33/><G36/><T81/><D122/><U101/><E114/><V7/><F32/><W118/><G118/><T90/><D119/><U38/><E127/><V74/><F116/><W23/><G126/><T93/><D133/><U107/><E107/><V117/><F117/><W29/><G63/><T19/><D129/><U105/><E105/><V61/><F111/><W76/><G88/><T8/><REACH who="0" step="1"/><D109/><REACH who="0" ten="298,202,240,250" step="2"/><U108/><E108/><V57/><F128/><W20/><REACH who="3" step="1"/><G27/><REACH who="3" ten="298,202,240,240" step="2"/><T17/><D17/><U31/><E28/><V132/><F132/><W49/><G49/><T125/><D125/><U106/><E50/><V48/><F48/><W75/><AGARI ba="1,2" hai="11,12,16,20,21,23,29,30,33,34,35,75,76,82" machi="75" ten="40,8000,1" yaku="1,1,0,1,52,1,54,1,53,0" doraHai="15" doraHaiUra="71" who="3" fromWho="3" sc="298,-41,202,-21,240,-21,240,103" /><INIT seed="1,0,0,5,3,109" ten="257,181,219,343" oya="1" hai0="41,126,12,5,16,47,134,124,122,69,108,39,27" hai1="22,116,84,59,56,35,6,95,133,31,103,3,105" hai2="119,132,55,62,29,74,38,73,40,75,66,87,53" hai3="111,52,42,1,49,46,63,93,23,79,44,120,8"/><U89/><E116/><V51/><F119/><W125/><G120/><T101/><D69/><U50/><E35/><V98/><F132/><W86/><G111/><T115/><D108/><U118/><E118/><V58/><F29/><W99/><G125/><T78/><D134/><U80/><E133/><V83/><F98/><W14/><G1/><T60/><D60/><U48/><E105/><V57/><F38/><W61/><G23/><T17/><D122/><U123/><E123/><V21/><F40/><W85/><G79/><T81/><D101/><U76/><E103/><V97/><F97/><W15/><G15/><T13/><D27/><N who="1" m="16887" /><E6/><V18/><F66/><W110/><G110/><T2/><D115/><U117/><E3/><V128/><F128/><W121/><G121/><T24/><D24/><U71/><E71/><V106/><F106/><W33/><G33/><T37/><D37/><U112/><E117/><V104/><F104/><W113/><G113/><T30/><D30/><U32/><E32/><V94/><F94/><W88/><G63/><T127/><D2/><U135/><E112/><V26/><REACH who="2" step="1"/><F73/><REACH who="2" ten="257,181,209,343" step="2"/><W20/><G93/><T11/><D13/><U72/><E135/><V64/><F64/><W100/><G14/><T36/><D36/><U90/><E72/><AGARI ba="0,1" hai="5,11,12,16,17,39,41,47,72,78,81,124,126,127" machi="72" ten="40,2600,0" yaku="18,1,54,1" doraHai="109" who="0" fromWho="1" sc="257,36,181,-26,209,0,343,0" /><INIT seed="2,0,0,5,4,38" ten="293,155,209,343" oya="2" hai0="80,48,113,3,132,65,59,2,84,117,61,107,41" hai1="43,95,128,81,71,85,20,36,4,17,103,49,83" hai2="104,93,102,127,15,131,35,92,125,40,110,53,45" hai3="5,91,25,130,123,98,134,67,60,55,34,30,97"/><V47/><F35/><W37/><G123/><T12/><D107/><U73/><E71/><V27/><F131/><W74/><G74/><T28/><D113/><U126/><E128/><V44/><F27/><W72/><G72/><T1/><D28/><U111/><E111/><V26/><F26/><W100/><G37/><T14/><D132/><U7/><E36/><V46/><F110/><W109/><G109/><T79/><REACH who="0" step="1"/><D117/><REACH who="0" ten="283,155,209,343" step="2"/><U115/><E115/><V68/><F104/><W66/><G30/><T112/><D112/><U29/><E29/><V76/><F127/><W122/><G134/><T19/><D19/><U24/><E126/><V32/><F125/><W77/><G130/><T21/><D21/><U54/><E4/><V75/><F32/><W116/><G5/><T88/><D88/><N who="1" m="53647" /><E7/><V0/><F0/><W16/><G91/><T78/><D78/><U108/><E108/><V9/><F76/><W82/><G77/><T63/><D63/><U119/><E119/><V23/><F23/><W50/><G60/><T18/><D18/><U69/><E73/><V133/><F75/><W64/><G116/><T11/><D11/><U8/><E8/><V10/><F133/><W57/><G34/><T94/><D94/><U87/><E17/><V120/><F10/><W86/><G16/><T56/><D56/><U33/><E20/><V52/><F9/><W118/><G57/><T99/><D99/><U96/><E33/><V90/><F93/><W58/><G118/><T6/><D6/><U51/><E83/><V121/><N who="2" m="11264" /><DORA hai="70" /><V129/><F129/><W31/><G82/><RYUUKYOKU ba="0,1" sc="283,30,155,-10,209,-10,343,-10" hai0="1,2,3,12,14,41,48,59,61,65,79,80,84" /><INIT seed="3,1,1,5,0,95" ten="313,145,199,333" oya="3" hai0="110,107,97,119,125,56,132,6,122,31,68,118,8" hai1="126,77,84,32,22,100,57,87,71,39,5,80,79" hai2="121,92,113,104,24,82,86,2,14,37,115,42,83" hai3="81,131,108,41,109,18,78,117,72,130,103,123,134"/><W33/><G117/><T133/><D68/><U116/><E71/><V120/><F2/><W106/><G123/><N who="2" m="47177" /><F104/><W94/><G134/><N who="0" m="51819" /><D122/><U11/><E32/><V47/><F24/><W91/><G33/><T85/><D110/><N who="3" m="42601" /><G41/><T52/><D85/><U54/><E39/><V99/><F14/><W60/><G60/><N who="0" m="35847" /><D31/><U9/><E126/><V27/><F27/><W58/><G58/><T73/><D73/><U12/><E116/><V38/><F38/><W127/><G127/><T15/><D125/><U3/><E22/><V4/><F4/><W10/><G18/><T128/><D128/><N who="3" m="49193" /><G10/><T93/><D107/><U17/><E100/><AGARI ba="1,1" hai="6,8,15,93,97,100,118,119" m="35847,51819" machi="100" ten="30,3900,0" yaku="20,1,52,1,54,1" doraHai="95" who="0" fromWho="1" sc="313,52,145,-42,199,0,333,0" owari="365,46.5,103,-39.7,199,-20.1,333,13.3" /></mjloggm>