<mjloggm ver="2.3"><GO type="225" lobby="0"/><UN n0="%E6%98%93%E5%88%A9%E8%96%A9%E4%BC%AF" n1="%E3%82%A4%E3%83%BC%E3%82%B1%E3%83%97%E3%83%A9" n2="%E5%91%A8%E6%9D%B1" n3="%E3%83%B4%E3%83%A0%EF%BC%99%E3%81%A6" dan="17,17,17,16" rate="2140.90,2229.82,2192.07,2164.73" sx="F,M,M,M"/><TAIKYOKU oya="0"/><INIT seed="0,0,0,0,3,28" ten="250,250,250,250" oya="0" hai0="65,50,57,110,9,5,36,47,132,17,62,73,49" hai1="88,16,133,123,23,127,45,82,78,59,6,130,11" hai2="27,106,46,112,95,4,8,80,100,108,109,114,51" hai3="75,76,128,22,29,61,39,118,117,103,12,124,41"/><T13/><D73/><U96/><E123/><V129/><F106/><W70/><G103/><T53/><D132/><U83/><E133/><V84/><F129/><W21/><G76/><T35/><D36/><U58/><E130/><V134/><F134/><W116/><G29/><T3/><D110/><N who="2" m="42602" /><F27/><W101/><G101/><T77/><D77/><U37/><E127/><V15/><F95/><W55/><G75/><T104/><D104/><U125/><E125/><V122/><F100/><W26/><G124/><T131/><D131/><U87/><E45/><V63/><F63/><W31/><G128/><T69/><D35/><U34/><E34/><V14/><F14/><W97/><G12/><T135/><D135/><U19/><E37/><V72/><F72/><W48/><G97/><T44/><REACH who="0" step="1"/><D50/><REACH who="0" ten="240,250,250,250" step="2"/><U10/><E78/><N who="2" m="46103" /><F122/><W126/><G126/><T93/><D93/><U67/><E83/><V85/><F85/><W43/><G39/><T1/><D1/><U52/><E87/><V18/><F4/><W119/><G119/><T33/><D33/><U89/><E82/><V79/><F79/><W25/><G116/><T30/><D30/><U98/><E6/><V121/><F121/><W66/><G117/><T68/><D68/><U24/><E98/><V91/><F91/><W99/><G99/><T60/><D60/><U105/><E96/><V2/><F2/><W64/><G118/><T32/><D32/><U90/><E105/><V94/><F94/><W111/><G111/><T38/><D38/><U42/><E90/><V20/><F20/><AGARI ba="0,1" hai="3,5,9,13,17,20,44,47,49,53,57,62,65,69" machi="20" ten="30,11600,0" yaku="1,1,7,1,53,2" doraHai="28" doraHaiUra="40" who="0" fromWho="2" sc="240,126,250,0,250,-116,250,0" /><INIT seed="0,1,0,5,0,31" ten="366,250,134,250" oya="0" hai0="113,50,89,68,76,83,3,69,131,124,79,11,95" hai1="84,22,107,23,127,109,38,108,75,15,26,34,132" hai2="4,56,64,78,106,99,110,70,101,59,39,28,80" hai3="0,54,24,51,27,10,119,29,85,120,121,116,92"/><T126/><D113/><U93/><E75/><V102/><F102/><W77/><G0/><T44/><D131/><U62/><E107/><V16/><F110/><N who="1" m="42601" /><E38/><V19/><F39/><W123/><G10/><T40/><D3/><U103/><E132/><V6/><F70/><W48/><G24/><T43/><D11/><U86/><E127/><N who="0" m="48681" /><D43/><U60/><E34/><V45/><F45/><N who="3" m="27919" /><G51/><T130/><D130/><U112/><E112/><V58/><F28/><W91/><G77/><N who="0" m="29771" /><D83/><U17/><E103/><V81/><F64/><W128/><G128/><T97/><AGARI ba="1,0" hai="40,44,50,68,69,89,95,97" m="29771,48681" machi="97" ten="30,1500,0" yaku="18,1" doraHai="31" who="0" fromWho="0" sc="366,18,250,-6,134,-6,250,-6" /><INIT seed="0,2,0,1,4,84" ten="384,244,128,244" oya="0" hai0="12,123,90,31,32,98,118,82,103,17,129,22,72" hai1="126,124,125,87,3,27,96,44,58,39,86,1,2" hai2="28,13,54,127,94,89,16,34,18,133,92,57,74" hai3="109,100,71,112,38,8,64,106,75,135,35,107,120"/><T11/><D118/><U20/><E58/><V83/><F127/><W97/><RYUUKYOKU type="yao9" ba="2,0" sc="384,0,244,0,128,0,244,0" hai3="8,35,38,64,71,75,97,100,106,107,109,112,120,135" /><INIT seed="0,3,0,5,2,25" ten="384,244,128,244" oya="0" hai0="81,115,122,2,89,28,119,68,112,27,66,3,47" hai1="108,128,21,132,37,92,11,133,36,42,64,93,135" hai2="41,59,10,19,120,96,72,33,127,103,16,29,78" hai3="107,26,7,118,110,111,100,4,71,99,46,45,121"/><T88/><D119/><U13/><E108/><N who="3" m="41514" /><G118/><T129/><D122/><U56/><E128/><V101/><F120/><W114/><G121/><T49/><D129/><U39/><E42/><V116/><F116/><W87/><G114/><T14/><D14/><U58/><E21/><V65/><F127/><W75/><G75/><T15/><D15/><U9/><E64/><V85/><F72/><W61/><G87/><T76/><D115/><U34/><E34/><V97/><F41/><W51/><G26/><T79/><D112/><U40/><E40/><V106/><F10/><N who="1" m="3593" /><E13/><V8/><F8/><W84/><G84/><T104/><D104/><U124/><E124/><V31/><F33/><W55/><G46/><T18/><D18/><U17/><E17/><V43/><F43/><W54/><G54/><T67/><D3/><U53/><E53/><V44/><F44/><W60/><G71/><T109/><D2/><U12/><E12/><V126/><F126/><W35/><G35/><T117/><D117/><U22/><E22/><V23/><F23/><W57/><G45/><T102/><D47/><U0/><E0/><V91/><F78/><W73/><G73/><T30/><D68/><U70/><E70/><V105/><F19/><W130/><G130/><T82/><D109/><U69/><E69/><V113/><F16/><W32/><G32/><T38/><D38/><U48/><E48/><V131/><F131/><W95/><G107/><T62/><D49/><U52/><E52/><V125/><F125/><W20/><G20/><T90/><D76/><U94/><AGARI ba="3,0" hai="36,37,39,56,58,92,93,94,132,133,135" m="3593" machi="94" ten="50,8000,1" yaku="29,2,28,2,20,1" doraHai="25" who="1" fromWho="1" sc="384,-43,244,89,128,-23,244,-23" /><INIT seed="1,0,0,4,3,115" ten="341,333,105,221" oya="1" hai0="101,80,100,60,96,113,87,52,94,27,88,12,41" hai1="110,28,106,98,4,11,83,75,53,125,50,109,93" hai2="84,92,131,99,40,61,58,108,119,135,126,107,14" hai3="77,105,3,34,66,129,35,49,19,32,17,63,0"/><U16/><E106/><V38/><F108/><N who="1" m="41577" /><E28/><V67/><F131/><W33/><G129/><T62/><D113/><U128/><E128/><V85/><F135/><W44/><G105/><T127/><D127/><U29/><E29/><V82/><F126/><W117/><G77/><T95/><D41/><U133/><E133/><V76/><F107/><W72/><G72/><T48/><D27/><U45/><E125/><V7/><F38/><W89/><G89/><N who="0" m="51431" /><D12/><N who="1" m="7199" /><E4/><V31/><F31/><W134/><G134/><T64/><D64/><U6/><E6/><V104/><F104/><W97/><G0/><T73/><D73/><U55/><E83/><V114/><F114/><W18/><G3/><T13/><D13/><U8/><E8/><V23/><F7/><W121/><G35/><T91/><D91/><N who="1" m="55615" /><E75/><V132/><F132/><W21/><G34/><T123/><D123/><U102/><E102/><N who="0" m="39529" /><D95/><U57/><E57/><AGARI ba="0,0" hai="48,52,57,60,62,88,94,96" m="39529,51431" machi="57" ten="30,3900,0" yaku="8,1,54,2" doraHai="115" who="0" fromWho="1" sc="341,39,333,-39,105,0,221,0" /><INIT seed="2,0,0,3,3,123" ten="380,294,105,221" oya="2" hai0="23,50,65,43,45,39,13,81,72,75,8,119,115" hai1="111,40,22,35,78,87,82,133,59,101,105,83,28" hai2="106,70,134,36,5,104,42,47,18,128,4,30,100" hai3="20,112,93,91,62,53,25,60,96,51,118,0,120"/><V79/><F70/><W33/><G118/><T63/><D115/><U49/><E35/><V61/><F134/><W12/><G0/><T135/><D23/><U27/><E133/><V29/><F128/><W32/><G120/><T126/><D126/><U107/><E101/><V46/><F79/><W1/><G1/><T31/><D31/><U108/><E83/><V56/><F18/><W76/><G112/><T117/><D39/><U15/><E15/><V92/><F92/><W98/><G76/><T24/><D24/><U2/><E2/><V116/><F116/><N who="0" m="44618" /><D81/><U89/><E78/><V71/><F71/><W73/><G73/><T69/><D135/><U85/><E85/><V124/><F124/><W55/><G12/><T132/><D132/><U26/><E26/><V102/><F36/><W127/><G98/><T48/><D48/><U131/><E131/><V10/><F61/><W6/><G127/><T121/><D121/><U88/><E89/><V114/><F114/><W54/><G51/><T67/><D67/><U7/><E7/><AGARI ba="0,0" hai="7,8,13,43,45,50,63,65,69,72,75" m="44618" machi="7" ten="30,1000,0" yaku="12,1" doraHai="123" who="0" fromWho="1" sc="380,10,294,-10,105,0,221,0" /><INIT seed="3,0,0,0,0,57" ten="390,284,105,221" oya="3" hai0="85,41,102,128,45,21,43,33,64,86,23,97,34" hai1="44,87,24,89,14,129,61,77,109,11,73,122,105" hai2="2,124,31,93,71,88,17,37,127,67,106,50,81" hai3="19,7,32,82,103,113,20,53,49,70,117,10,56"/><W118/><G113/><T29/><D64/><U76/><E122/><V110/><F37/><W107/><G32/><T101/><D97/><U15/><E105/><V74/><F2/><W116/><G70/><T108/><D45/><U40/><E109/><V22/><F110/><W80/><G103/><T12/><D12/><U90/><E73/><V112/><F112/><W69/><G69/><T134/><D108/><U79/><E129/><V72/><F31/><W27/><REACH who="3" step="1"/><G107/><REACH who="3" ten="390,284,105,211" step="2"/><T83/><D102/><U13/><E11/><V28/><F106/><W65/><G65/><T95/><D101/><U62/><E24/><V123/><F123/><W125/><G125/><T133/><D34/><U115/><E115/><V114/><F114/><W104/><G104/><T1/><D33/><U25/><E25/><V42/><F127/><W99/><G99/><T35/><D35/><U60/><REACH who="1" step="1"/><E87/><REACH who="1" ten="390,274,105,211" step="2"/><V4/><F124/><W63/><G63/><T100/><D86/><U91/><E91/><V26/><F74/><W54/><G54/><T5/><D85/><U131/><E131/><V52/><F72/><W8/><G8/><T16/><D128/><U3/><E3/><AGARI ba="0,2" hai="3,7,10,19,20,27,49,53,56,80,82,116,117,118" machi="3" ten="40,3900,0" yaku="1,1,53,1" doraHai="57" doraHaiUra="6" who="3" fromWho="1" sc="390,0,274,-39,105,0,211,59" /><INIT seed="3,1,0,2,2,128" ten="390,235,105,270" oya="3" hai0="14,77,42,36,44,22,68,30,86,29,59,95,109" hai1="34,72,103,58,41,50,97,121,32,99,69,132,88" hai2="48,119,84,11,73,129,35,27,49,124,52,111,108" hai3="40,75,74,9,135,61,112,19,64,101,10,114,106"/><W25/><G40/><T100/><D68/><U24/><E121/><V21/><F73/><W126/><G126/><T81/><D109/><U91/><E69/><V87/><F124/><W28/><G135/><T122/><D59/><U53/><E72/><V26/><F129/><W67/><G19/><T76/><D76/><U33/><E132/><V16/><F119/><W102/><G25/><T56/><D56/><U57/><E41/><V70/><F70/><W65/><G28/><T37/><D37/><U62/><E24/><V117/><F117/><W43/><G43/><T4/><D22/><U107/><REACH who="1" step="1"/><E99/><REACH who="1" ten="390,225,105,270" step="2"/><V18/><F35/><W93/><G74/><T123/><D42/><U78/><E78/><V46/><F49/><W92/><G75/><T3/><D77/><U79/><E79/><V45/><F45/><W47/><G47/><T51/><D44/><U116/><E116/><V6/><F111/><W98/><G112/><T118/><D51/><U104/><E104/><V113/><F108/><W55/><G114/><T7/><D123/><U85/><E85/><V134/><F134/><W20/><G106/><T66/><D86/><U54/><AGARI ba="1,1" hai="32,33,34,50,53,54,57,58,62,88,91,97,103,107" machi="54" ten="40,5200,0" yaku="1,1,0,1,54,1,53,0" doraHai="128" doraHaiUra="115" who="1" fromWho="1" sc="390,-14,225,65,105,-14,270,-27" owari="376,47.6,290,9.0,91,-40.9,243,-15.7" /></mjloggm>