<mjloggm ver="2.3"><GO type="225" lobby="0"/><UN n0="%E3%83%B4%E3%83%A0%EF%BC%99%E3%81%A6" n1="%E7%89%B9%E6%9D%B1%E5%96%B0%E8%B5%A4%E9%80%9F" n2="%E5%8F%AF%E5%85%90%E9%82%A3%E7%94%B1%E5%A4%9A" n3="%E5%B6%BA%E4%B8%8A%E5%92%B2" dan="16,16,16,16" rate="2177.46,2035.57,2075.71,2091.76" sx="M,M,F,F"/><TAIKYOKU oya="0"/><INIT seed="0,0,0,3,2,45" ten="250,250,250,250" oya="0" hai0="3,70,35,27,44,109,38,61,53,62,19,83,17" hai1="14,31,37,128,113,126,134,101,50,122,75,66,58" hai2="115,56,54,36,119,63,74,28,29,33,116,103,129" hai3="6,64,89,87,121,42,52,117,88,131,23,104,79"/><T12/><D3/><U111/><E122/><V120/><F120/><W100/><G117/><N who="2" m="45129" /><F115/><W130/><G121/><T105/><D105/><U90/><E75/><V102/><F129/><N who="3" m="49163" /><G64/><T125/><D125/><U1/><E1/><V39/><F74/><W43/><G6/><T84/><D109/><U48/><E37/><N who="2" m="14411" /><F33/><W5/><G5/><T124/><D124/><U118/><E126/><V9/><F9/><W32/><G32/><T34/><D34/><U133/><E118/><V57/><F57/><W2/><G2/><T110/><D110/><U15/><E111/><V68/><F68/><W81/><G23/><N who="0" m="13807" /><D38/><U8/><E113/><V78/><F78/><W0/><G0/><T95/><D70/><U21/><E128/><V94/><F94/><W10/><G10/><N who="0" m="6551" /><D95/><U18/><E8/><V65/><F65/><W85/><G79/><N who="0" m="46207" /><D35/><U4/><E4/><V24/><F24/><W107/><G107/><T114/><D114/><U86/><E14/><V30/><AGARI ba="0,0" hai="28,29,30,54,56,63,102,103" m="14411,45129" machi="30" ten="40,1500,0" yaku="12,1" doraHai="45" who="2" fromWho="2" sc="250,-7,250,-4,250,15,250,-4" /><INIT seed="1,0,0,2,4,65" ten="243,246,265,246" oya="1" hai0="105,126,89,46,123,25,54,62,71,17,61,129,133" hai1="3,53,42,79,66,43,2,100,38,96,50,49,75" hai2="103,95,18,78,128,130,12,68,70,120,109,72,16" hai3="20,93,92,45,91,34,4,74,76,56,82,40,5"/><U114/><E114/><V28/><F120/><W44/><G34/><T47/><D105/><U10/><E66/><V112/><F28/><W26/><G56/><T132/><D123/><U15/><E50/><V64/><F112/><W84/><G92/><T21/><D126/><U97/><E97/><N who="2" m="59839" /><F64/><W31/><REACH who="3" step="1"/><G45/><REACH who="3" ten="243,246,265,236" step="2"/><T110/><D47/><U101/><E2/><V37/><F109/><W88/><G88/><T22/><D110/><U117/><E3/><V24/><F37/><AGARI ba="0,1" hai="4,5,20,26,31,37,40,44,74,76,82,84,91,93" machi="37" ten="30,3900,0" yaku="1,1,7,1,53,1" doraHai="65" doraHaiUra="39" who="3" fromWho="2" sc="243,0,246,0,265,-39,236,49" /><INIT seed="2,0,0,5,1,59" ten="243,246,226,285" oya="2" hai0="46,17,112,91,131,13,9,125,62,0,43,129,61" hai1="30,65,72,70,18,81,44,105,28,86,11,55,98" hai2="34,47,15,27,48,67,68,31,3,122,96,58,36" hai3="111,127,22,16,84,95,56,92,121,135,20,2,25"/><V133/><F122/><W97/><G121/><T49/><D112/><U53/><E72/><V114/><F114/><W106/><G2/><T45/><D125/><U38/><E70/><V50/><F3/><W51/><G111/><T26/><D0/><U7/><E65/><V37/><F133/><W63/><G135/><T104/><D104/><U103/><E18/><V64/><F68/><W41/><G127/><T1/><D91/><U83/><E83/><V33/><F33/><W115/><G115/><T39/><D26/><U74/><E53/><V113/><F113/><W69/><G69/><T118/><D118/><U4/><E4/><V76/><F76/><W107/><G84/><T42/><REACH who="0" step="1"/><D1/><REACH who="0" ten="233,246,226,285" step="2"/><U10/><E105/><V89/><F89/><N who="3" m="55439" /><G107/><T90/><D90/><U110/><E103/><V124/><F124/><W117/><G106/><T19/><D19/><U77/><E28/><V85/><F27/><W5/><G117/><T126/><D126/><U120/><E30/><V101/><F31/><W99/><G5/><T79/><D79/><U82/><E7/><V24/><F24/><W66/><G25/><T102/><D102/><U73/><E120/><V93/><F34/><W14/><G16/><T75/><D75/><U134/><E73/><V94/><F15/><W128/><G14/><T32/><D32/><U100/><E134/><V57/><F101/><N who="3" m="60671" /><G128/><AGARI ba="0,1" hai="9,13,17,39,42,43,45,46,49,61,62,128,129,131" machi="128" ten="40,8000,1" yaku="1,1,19,1,52,2,53,0" doraHai="59" doraHaiUra="119" who="0" fromWho="3" sc="233,90,246,0,226,0,285,-80" /><INIT seed="3,0,0,5,2,131" ten="323,246,226,205" oya="3" hai0="26,58,28,52,118,99,106,62,122,67,135,119,46" hai1="12,77,93,35,9,48,66,24,110,0,79,71,98" hai2="124,30,43,65,112,113,83,39,27,44,14,85,88" hai3="15,117,18,37,38,126,78,94,81,34,100,47,101"/><W31/><G117/><T134/><D122/><U32/><E0/><V25/><F124/><W17/><G126/><T129/><D129/><U55/><E110/><V53/><F65/><W29/><G34/><N who="0" m="20759" /><D46/><U10/><E10/><V97/><F25/><W33/><G33/><T36/><D36/><U13/><E13/><V20/><F53/><W116/><G116/><T22/><D22/><U111/><E71/><V7/><REACH who="2" step="1"/><F97/><REACH who="2" ten="323,246,216,205" step="2"/><W73/><G31/><T11/><D67/><U127/><E66/><V21/><F21/><W69/><G29/><T6/><D99/><U61/><E127/><V76/><F76/><W3/><G69/><T56/><D52/><U107/><E77/><V54/><F54/><W82/><G3/><T63/><D118/><U121/><E79/><V87/><F87/><W8/><G81/><T120/><D119/><U114/><E35/><V45/><F45/><W105/><G105/><T91/><D58/><U19/><E107/><V84/><F84/><W68/><G68/><T64/><D56/><U42/><E24/><V115/><F115/><W130/><G130/><T96/><D64/><U74/><E32/><V72/><F72/><W2/><G2/><T125/><D96/><U86/><E74/><V80/><F80/><W70/><G70/><T89/><D106/><U59/><E86/><V90/><F90/><W132/><G132/><T133/><D134/><U104/><E104/><V102/><F102/><N who="3" m="39531" /><G47/><T49/><D133/><U103/><E114/><V50/><F50/><W57/><G94/><T92/><D92/><U40/><E48/><V60/><F60/><RYUUKYOKU ba="0,1" sc="323,-10,246,-10,216,30,205,-10" hai2="7,14,20,27,30,39,43,44,83,85,88,112,113" owari="323,42.3,236,-16.4,246,4.6,195,-30.5" /></mjloggm>