<mjloggm ver="2.3"><GO type="225" lobby="0"/><UN n0="%E6%A1%9C%E8%8A%B1%E9%96%83%E3%80%85" n1="%33%74%72%65%65" n2="%E3%81%BF%E3%81%BF%E3%81%9A" n3="%E3%82%A4%E3%83%BC%E3%82%B1%E3%83%97%E3%83%A9" dan="16,17,17,16" rate="2102.71,2227.53,2197.84,2139.23" sx="M,F,M,M"/><TAIKYOKU oya="0"/><INIT seed="0,0,0,0,3,88" ten="250,250,250,250" oya="0" hai0="35,97,69,59,74,105,6,110,46,111,80,45,73" hai1="115,25,53,39,116,10,102,133,18,4,12,96,78" hai2="23,41,103,9,66,123,99,67,122,40,129,62,132" hai3="87,34,5,61,17,1,7,31,33,93,125,100,64"/><T68/><D35/><U84/><E116/><V79/><F79/><W82/><G125/><T24/><D24/><U130/><E133/><V55/><F132/><W135/><G135/><T119/><D119/><U75/><E130/><V26/><F129/><W58/><G1/><T112/><D112/><U121/><E115/><V20/><F9/><W109/><G109/><N who="0" m="41483" /><D6/><U43/><E121/><V63/><F55/><W14/><G31/><T101/><D59/><U98/><E75/><N who="0" m="28681" /><D80/><U37/><E4/><V54/><F54/><W120/><G120/><T104/><D105/><U108/><E25/><V32/><F32/><W0/><G0/><T72/><N who="0" m="28689" /><T44/><AGARI ba="0,0" hai="44,45,46,68,69,97,101,104" m="28689,41483" machi="44" ten="50,9600,0" yaku="4,1,14,1,10,1" doraHai="88" who="0" fromWho="0" sc="250,96,250,-32,250,-32,250,-32" /><INIT seed="0,1,0,1,4,22" ten="346,218,218,218" oya="0" hai0="112,72,59,13,127,34,116,89,62,95,36,135,74" hai1="97,38,50,6,73,69,80,132,16,55,54,125,0" hai2="86,48,100,124,102,82,9,78,103,42,15,8,122" hai3="12,113,47,31,92,30,121,91,32,2,3,4,18"/><T17/><D112/><U27/><E38/><V63/><F122/><W52/><G113/><T94/><D116/><U117/><E117/><V79/><F124/><W118/><G118/><T70/><D70/><U26/><E69/><V108/><F108/><W5/><G121/><T41/><D127/><U10/><E125/><V84/><F63/><W51/><G2/><T131/><D131/><U25/><E132/><V90/><F9/><W83/><G83/><T1/><D34/><U24/><E97/><V106/><F106/><W56/><G3/><T58/><D58/><U53/><N who="1" m="6144" /><DORA hai="93" /><U21/><E21/><V76/><F48/><W104/><G104/><T43/><D1/><U107/><E107/><V133/><F42/><W23/><G56/><T71/><D95/><U88/><E16/><N who="2" m="8295" /><F133/><W126/><G32/><T61/><D71/><U101/><E101/><N who="2" m="25859" /><V87/><AGARI ba="1,0" hai="76,78,79,82,84,86,87,90" m="25859,8295" machi="87" ten="40,5200,0" yaku="4,1,8,1,54,1" doraHai="22,93" who="2" fromWho="2" sc="346,-27,218,-14,218,55,218,-14" /><INIT seed="1,0,0,4,1,78" ten="319,204,273,204" oya="1" hai0="103,63,50,42,94,53,36,77,55,17,75,111,134" hai1="35,120,61,33,59,8,106,133,1,48,24,71,112" hai2="100,22,43,49,104,125,124,34,25,88,95,90,19" hai3="131,130,31,89,92,114,107,119,28,11,30,26,70"/><U98/><E112/><V57/><F34/><W105/><G119/><T69/><D111/><U29/><E120/><V91/><F104/><N who="3" m="40011" /><G70/><T102/><D134/><U101/><E33/><V72/><F72/><W62/><G62/><T47/><D17/><U0/><E133/><V39/><F39/><W10/><G26/><T52/><D36/><U74/><E74/><V27/><F27/><W13/><G13/><T3/><D3/><U65/><E8/><V44/><F57/><W135/><G135/><T108/><D108/><U66/><E66/><V7/><F7/><W110/><G110/><T68/><D94/><U129/><E129/><N who="3" m="49162" /><G114/><T87/><D63/><U93/><E93/><V2/><F2/><W73/><G73/><T9/><D75/><U116/><E116/><V109/><F109/><W97/><AGARI ba="0,0" hai="10,11,28,30,31,89,92,97" m="49162,40011" machi="97" ten="40,1500,0" yaku="19,1" doraHai="78" who="3" fromWho="3" sc="319,-4,204,-7,273,-4,204,15" /><INIT seed="2,0,0,5,5,120" ten="315,197,269,219" oya="2" hai0="127,59,123,128,27,55,6,91,2,64,108,36,14" hai1="18,70,107,3,114,94,96,113,95,0,81,111,104" hai2="110,84,51,132,90,38,101,52,119,32,37,75,48" hai3="88,21,102,77,116,83,26,112,17,8,34,126,7"/><V129/><F119/><W109/><G116/><T76/><D108/><U47/><E70/><V125/><F75/><W4/><G112/><T30/><D2/><U134/><E111/><V69/><F32/><W78/><G109/><T29/><D36/><U82/><E47/><V93/><F110/><W92/><G34/><T89/><D127/><U16/><REACH who="1" step="1"/><E96/><REACH who="1" ten="315,187,269,219" step="2"/><V98/><F69/><W44/><G126/><T39/><D123/><U73/><E73/><V1/><F125/><W79/><G44/><T50/><D59/><U62/><E62/><V74/><F74/><W100/><G83/><T65/><D39/><U28/><E28/><V12/><F37/><W66/><G66/><T46/><D29/><U133/><AGARI ba="0,1" hai="0,3,16,18,81,82,94,95,104,107,113,114,133,134" machi="133" ten="25,8000,1" yaku="1,1,0,1,22,2,54,1,53,0" doraHai="120" doraHaiUra="31" who="1" fromWho="1" sc="315,-20,187,90,269,-40,219,-20" /><INIT seed="3,0,0,0,2,113" ten="295,277,229,199" oya="3" hai0="98,43,93,59,26,8,87,72,22,78,105,70,12" hai1="64,95,90,41,53,130,16,31,42,55,124,92,17" hai2="94,48,52,56,123,126,120,61,117,20,76,65,107" hai3="63,27,128,6,109,114,32,69,49,50,13,23,36"/><W4/><G114/><T91/><D70/><U25/><E124/><V135/><F107/><W57/><G36/><T129/><D129/><U67/><E130/><V3/><F3/><W83/><G128/><T71/><D71/><U38/><E38/><V110/><F76/><W79/><G32/><T30/><D72/><U116/><E116/><V86/><F126/><W119/><G69/><T85/><D105/><U115/><E115/><V121/><F110/><W39/><G39/><T104/><D104/><U62/><E31/><V101/><F135/><W40/><G119/><T74/><D43/><U133/><E133/><V84/><F20/><W2/><G2/><T122/><D122/><U14/><E25/><V103/><F117/><W18/><G109/><T77/><D59/><N who="1" m="35183" /><E55/><V24/><F24/><W97/><G97/><T51/><D51/><U88/><E92/><V82/><F94/><W111/><G111/><T45/><D45/><U21/><E17/><V127/><F127/><W60/><G60/><T68/><D68/><U28/><E28/><V19/><F19/><W7/><G13/><T58/><D58/><U33/><E33/><V73/><F73/><W96/><G96/><T10/><D74/><U102/><E102/><N who="2" m="38923" /><F82/><W5/><N who="3" m="1024" /><DORA hai="80" /><W131/><G40/><N who="1" m="15466" /><E90/><V112/><F112/><W1/><G1/><T15/><D78/><U125/><E125/><V106/><F106/><W100/><G100/><T0/><D0/><U99/><AGARI ba="0,0" hai="14,16,21,64,67,88,95,99" m="15466,35183" machi="99" ten="30,4000,0" yaku="8,1,54,2" doraHai="113,80" who="1" fromWho="1" sc="295,-10,277,40,229,-10,199,-20" owari="285,8.5,317,41.7,219,-18.1,179,-32.1" /></mjloggm>