<mjloggm ver="2.3"><GO type="225" lobby="0"/><UN n0="%E3%81%8B%E3%82%8F%E3%81%A1%E3%82%83%E3%82%93%35%38" n1="%E3%83%81%E3%83%83%E3%82%BF%E3%82%BD%E3%83%BC" n2="%E3%83%81%E3%83%A7%E3%83%99%E3%83%83%E3%82%AF" n3="%E7%89%B9%E6%9D%B1%E3%81%AF%E4%B8%96%E7%95%8C%E3%82%92%E6%95%91%E3%81%86" dan="16,16,16,16" rate="2107.24,2093.39,2092.12,2165.80" sx="M,F,M,M"/><TAIKYOKU oya="0"/><INIT seed="0,0,0,2,3,9" ten="250,250,250,250" oya="0" hai0="12,0,31,100,38,88,14,39,114,20,89,8,112" hai1="51,27,45,96,33,80,119,4,18,63,35,57,53" hai2="44,16,34,129,95,6,86,24,115,98,49,3,21" hai3="91,135,118,106,25,77,48,104,84,42,103,10,94"/><T41/><D0/><U105/><E119/><V107/><F107/><W92/><G118/><T64/><D64/><U134/><E134/><V52/><F115/><W70/><G70/><T93/><D100/><U23/><E80/><V126/><F126/><W5/><G135/><T124/><D124/><U28/><E4/><V82/><F129/><W74/><G74/><T73/><D73/><U71/><E71/><V127/><F34/><W36/><G36/><T110/><D110/><U113/><E113/><V32/><F32/><W131/><G77/><T65/><D65/><U130/><E130/><V37/><F37/><W29/><G131/><T40/><D8/><U67/><E105/><V132/><F132/><W123/><G123/><T72/><D72/><U54/><E96/><V13/><F3/><W58/><G92/><T128/><D128/><U125/><E125/><V1/><F1/><W61/><G48/><T117/><D20/><U108/><E108/><V122/><F122/><W17/><G17/><T111/><D31/><U83/><E83/><V7/><F24/><W11/><G42/><T75/><D75/><U90/><E90/><N who="2" m="55671" /><F127/><W79/><G79/><AGARI ba="0,0" hai="6,7,13,16,21,44,49,52,79,82,86" m="55671" machi="79" ten="30,7700,0" yaku="8,1,52,1,54,2" doraHai="9" who="2" fromWho="3" sc="250,0,250,0,250,77,250,-77" /><INIT seed="1,0,0,2,1,124" ten="250,250,327,173" oya="1" hai0="129,21,72,4,42,103,6,64,70,100,60,96,33" hai1="119,29,67,0,95,65,88,82,113,89,108,101,77" hai2="104,133,38,19,73,53,24,58,16,20,5,135,12" hai3="17,47,18,120,51,52,111,23,11,114,131,14,69"/><U75/><E113/><V92/><F104/><W97/><G111/><T59/><D33/><U94/><E119/><V132/><F73/><W93/><G114/><T55/><D72/><U34/><E0/><V49/><F38/><W99/><G120/><T84/><D42/><U105/><E108/><V15/><F5/><W13/><G69/><T128/><D21/><U76/><E29/><V62/><F19/><W68/><G68/><T87/><D4/><U54/><E34/><V41/><F41/><W7/><G131/><N who="0" m="50251" /><D6/><U46/><E46/><N who="2" m="27831" /><F92/><W91/><REACH who="3" step="1"/><G7/><REACH who="3" ten="250,250,327,163" step="2"/><T125/><D125/><U81/><E75/><V9/><F135/><W1/><G1/><T36/><D36/><U40/><E40/><V48/><F133/><W110/><G110/><T121/><D121/><U8/><E54/><V44/><F132/><W10/><G10/><T39/><D39/><U86/><E8/><V112/><F9/><W71/><G71/><T43/><D43/><U80/><E65/><N who="2" m="39127" /><F112/><W3/><G3/><T30/><D30/><U116/><E67/><V28/><F28/><W2/><G2/><T122/><D122/><U118/><E116/><V85/><F16/><W61/><G61/><N who="0" m="36095" /><D103/><U74/><E118/><V50/><F50/><W117/><G117/><T56/><D70/><U98/><E74/><V109/><F48/><W27/><G27/><T26/><D26/><U37/><E37/><V63/><F24/><W127/><G127/><T35/><D35/><U90/><E76/><V25/><F109/><W106/><G106/><AGARI ba="0,1" hai="56,60,64,84,87,96,100,106" m="36095,50251" machi="106" ten="30,7700,0" yaku="19,1,52,3" doraHai="124" who="0" fromWho="3" sc="250,87,250,0,327,0,163,-77" /><INIT seed="2,0,0,4,2,102" ten="337,250,327,86" oya="2" hai0="112,10,45,132,134,55,0,82,25,80,56,8,36" hai1="60,30,107,125,50,48,59,7,31,68,62,119,103" hai2="128,84,97,108,2,73,33,57,61,13,29,43,19" hai3="118,58,12,98,124,79,3,129,86,123,26,70,39"/><V51/><F73/><W11/><G70/><T75/><D112/><U21/><E125/><V72/><F72/><W85/><G118/><T74/><D25/><U127/><E127/><V27/><F128/><W101/><G124/><T22/><D22/><U41/><E119/><V76/><F2/><W35/><G123/><T77/><D80/><U81/><E68/><V71/><F71/><W63/><G3/><T90/><D90/><U130/><E130/><V95/><F108/><W24/><G39/><T116/><D75/><U117/><E117/><V28/><F28/><W135/><G135/><N who="0" m="51755" /><D0/><U46/><E7/><V1/><F1/><W44/><G129/><T66/><D66/><U114/><E114/><V126/><F84/><W113/><G113/><T93/><D93/><U37/><E81/><V17/><F76/><W111/><G111/><T133/><D116/><U49/><E21/><V65/><F126/><W4/><G35/><T88/><D88/><U87/><E87/><V99/><F95/><W53/><G44/><T89/><D89/><U115/><E115/><V96/><REACH who="2" step="1"/><F13/><REACH who="2" ten="337,250,317,86" step="2"/><W122/><G79/><T5/><D133/><U42/><E31/><V110/><F110/><W120/><G120/><T40/><D5/><U131/><E30/><V38/><F38/><W47/><G122/><T16/><D16/><U15/><E131/><V9/><F9/><W64/><G85/><T14/><D14/><U69/><E15/><V100/><F100/><W105/><REACH who="3" step="1"/><G86/><REACH who="3" ten="337,250,317,76" step="2"/><T83/><D83/><U78/><E78/><V6/><F6/><W94/><G94/><T18/><D18/><RYUUKYOKU ba="0,2" sc="337,10,250,-30,317,10,76,10" hai0="8,10,36,40,45,55,56,74,77,82" hai2="17,19,27,29,33,43,51,57,61,65,96,97,99" hai3="4,11,12,24,26,47,53,58,63,64,98,101,105" /><INIT seed="2,1,2,4,0,13" ten="347,220,327,86" oya="2" hai0="16,6,52,99,49,47,68,95,105,96,125,116,81" hai1="86,50,43,27,45,36,117,26,90,63,76,93,67" hai2="107,14,132,102,78,41,80,74,110,4,58,122,21" hai3="7,15,98,39,126,2,77,106,91,44,119,73,33"/><V12/><F122/><W24/><G119/><T17/><D68/><U130/><E130/><V64/><F132/><W72/><G126/><T46/><D105/><U88/><E117/><V114/><F114/><W82/><G15/><T35/><D35/><U8/><E76/><V25/><F110/><W121/><G121/><T108/><D116/><U20/><E8/><V37/><F107/><W83/><G91/><T42/><D6/><U134/><E134/><V30/><F102/><W89/><G89/><T75/><D108/><U38/><E90/><V100/><F100/><N who="3" m="62743" /><G83/><T56/><D125/><U87/><E87/><V53/><F64/><W10/><G72/><T31/><D31/><U57/><REACH who="1" step="1"/><E26/><REACH who="1" ten="347,210,327,86" step="2"/><V109/><F109/><W104/><G24/><T69/><D75/><U18/><AGARI ba="1,3" hai="18,20,27,36,38,43,45,50,57,63,67,86,88,93" machi="18" ten="20,12000,2" yaku="1,1,2,1,0,1,7,1,52,1,54,1,53,1" doraHai="13" doraHaiUra="23" who="1" fromWho="1" sc="347,-31,210,153,327,-61,86,-31" /><INIT seed="3,0,0,5,5,103" ten="316,363,266,55" oya="3" hai0="1,108,13,45,116,29,102,49,85,110,94,111,2" hai1="8,77,73,93,52,63,128,135,36,69,132,123,91" hai2="83,24,47,55,98,57,16,96,68,33,125,74,31" hai3="134,39,131,124,113,114,12,104,11,82,44,115,17"/><W20/><G131/><T35/><D116/><U122/><E36/><V19/><F68/><W129/><G129/><T127/><D127/><U67/><E128/><V56/><F125/><W59/><G124/><T121/><D121/><U21/><E8/><V70/><F70/><W14/><G134/><N who="1" m="51242" /><E21/><V101/><F98/><W90/><G59/><T53/><D35/><U72/><E52/><V58/><F74/><N who="1" m="28777" /><E77/><V22/><F83/><W61/><G61/><T75/><D75/><U106/><E106/><V54/><F47/><W50/><G39/><T79/><D29/><U64/><E64/><V15/><REACH who="2" step="1"/><F19/><REACH who="2" ten="316,363,256,55" step="2"/><W60/><G60/><T133/><D133/><U117/><E117/><V23/><F23/><W88/><G104/><AGARI ba="0,1" hai="15,16,22,24,31,33,54,55,56,57,58,96,101,104" machi="104" ten="40,5200,0" yaku="1,1,52,1,54,1,53,0" doraHai="103" doraHaiUra="105" who="2" fromWho="3" sc="316,0,363,0,256,62,55,-52" owari="316,-8.4,363,46.3,318,11.8,3,-49.7" /></mjloggm>