<mjloggm ver="2.3"><GO type="225" lobby="0"/><UN n0="%70%68%65%6E%6F%6D%65" n1="%E3%82%8F%E3%81%8B%E3%81%B0%2A%E3%82%AC%E3%83%BC%E3%83%AB" n2="%E5%B6%BA%E4%B8%8A%E5%92%B2" n3="%E7%99%BD%E5%80%89%E5%AF%9B%E4%B9%8B" dan="16,16,16,16" rate="2145.66,2095.69,2141.55,2140.64" sx="M,M,F,M"/><TAIKYOKU oya="0"/><INIT seed="0,0,0,1,0,106" ten="250,250,250,250" oya="0" hai0="53,60,50,85,12,97,126,79,130,113,123,55,51" hai1="76,112,30,133,71,38,31,128,43,83,17,125,22" hai2="61,98,26,21,100,81,57,86,104,0,124,24,88" hai3="20,15,48,54,72,7,62,63,5,67,29,95,14"/><T90/><D113/><U69/><E128/><V117/><F0/><W122/><G122/><T105/><D123/><U59/><E112/><V46/><F124/><W28/><G72/><T96/><D126/><U103/><E103/><V37/><F117/><W91/><G15/><T11/><D130/><U8/><E8/><V121/><F121/><W3/><G3/><T107/><D79/><U33/><E43/><V78/><F37/><W89/><G89/><T77/><D77/><U18/><E38/><V75/><F46/><W56/><G63/><T10/><D60/><U19/><E33/><V111/><F111/><W129/><G129/><T131/><D131/><U120/><E120/><V2/><F2/><W66/><G66/><T4/><D85/><U23/><E59/><V49/><F49/><W135/><G135/><T119/><D119/><U9/><E9/><V115/><F21/><W84/><G29/><T35/><D35/><U34/><E34/><V92/><F115/><W132/><G132/><T1/><D90/><U13/><E133/><V44/><F44/><W41/><G41/><T47/><D107/><U40/><E40/><V27/><F27/><W82/><G82/><T127/><D105/><U116/><E116/><V16/><F16/><N who="1" m="6249" /><E23/><V73/><F75/><W134/><G134/><T80/><D127/><U52/><E125/><V70/><F70/><N who="1" m="26633" /><E52/><AGARI ba="0,0" hai="24,26,52,57,61,73,78,81,86,88,92,98,100,104" machi="52" ten="30,12000,2" yaku="7,1,24,2,52,1,54,2" doraHai="106" who="2" fromWho="1" sc="250,0,250,-120,250,120,250,0" /><INIT seed="1,0,0,2,4,53" ten="250,130,370,250" oya="1" hai0="51,83,113,49,106,75,101,7,37,24,42,3,76" hai1="93,4,36,34,134,74,109,39,61,94,91,11,65" hai2="123,30,57,90,12,69,98,60,58,86,126,117,21" hai3="133,46,88,56,5,66,25,52,112,41,47,129,67"/><U68/><E134/><V110/><F117/><W72/><G72/><T73/><D113/><U33/><E74/><V15/><F123/><W125/><G112/><T92/><D75/><U81/><E109/><V22/><F110/><W26/><G133/><T62/><D106/><U130/><E130/><V104/><F126/><W121/><G121/><T38/><D62/><U120/><E120/><V124/><F124/><W28/><G129/><T97/><D24/><N who="3" m="9321" /><G28/><T31/><D31/><U44/><E81/><N who="2" m="49487" /><F104/><W100/><G100/><T10/><REACH who="0" step="1"/><D38/><REACH who="0" ten="240,130,370,250" step="2"/><U6/><E36/><V122/><F30/><W48/><G125/><T99/><D99/><U40/><E11/><V84/><F98/><W16/><G5/><T105/><D105/><U55/><E4/><V95/><F122/><W96/><G16/><T87/><D87/><U17/><E6/><V0/><F60/><N who="3" m="35847" /><G47/><AGARI ba="0,1" hai="3,7,10,37,42,47,49,51,73,76,83,92,97,101" machi="47" ten="40,5200,0" yaku="1,1,25,2,53,0" doraHai="53" doraHaiUra="118" who="0" fromWho="3" sc="240,62,130,0,370,0,250,-52" /><INIT seed="2,0,0,4,4,110" ten="302,130,370,198" oya="2" hai0="95,58,30,5,70,103,113,135,10,57,19,53,104" hai1="25,0,124,76,99,4,85,82,78,94,21,74,38" hai2="9,13,88,49,86,32,50,11,40,7,84,56,63" hai3="72,1,8,39,65,107,92,134,71,80,64,3,73"/><V22/><F32/><W48/><G92/><T16/><D70/><U129/><E124/><V91/><F22/><W69/><G48/><N who="2" m="18537" /><F40/><W54/><G54/><T12/><D135/><U42/><E129/><V123/><F11/><W106/><G8/><T111/><D111/><U60/><E60/><V51/><N who="2" m="18545" /><V28/><DORA hai="24" /><F28/><W55/><G55/><T126/><D126/><U37/><E76/><V59/><F123/><W14/><G14/><T101/><D104/><N who="3" m="39977" /><G80/><T6/><D30/><U132/><E132/><V27/><F27/><W90/><G90/><N who="2" m="34345" /><F59/><W128/><G128/><T121/><D95/><U125/><E42/><V96/><F96/><W44/><G44/><T31/><D31/><U41/><E41/><V2/><F2/><N who="3" m="523" /><G134/><T52/><D10/><U43/><E43/><V98/><F98/><W35/><G65/><AGARI ba="0,0" hai="7,9,13,56,63,65,84,86" m="34345,18545" machi="65" ten="30,2900,0" yaku="8,1,54,1" doraHai="110,24" who="2" fromWho="3" sc="302,0,130,0,370,29,198,-29" /><INIT seed="2,1,0,1,3,85" ten="302,130,399,169" oya="2" hai0="43,70,31,25,74,64,80,57,71,27,84,46,128" hai1="53,62,67,107,87,110,108,98,92,94,42,13,14" hai2="34,119,83,16,131,86,33,56,114,17,129,115,22" hai3="93,6,18,109,36,50,63,32,20,78,121,15,118"/><V79/><F119/><W30/><G36/><T134/><D74/><U125/><E125/><V106/><F106/><W4/><G118/><T58/><D128/><N who="2" m="49226" /><F56/><W8/><G121/><T11/><D134/><U113/><E113/><N who="2" m="43019" /><F22/><W23/><G109/><N who="1" m="42090" /><E53/><V1/><F1/><W19/><G78/><T21/><D11/><U40/><E107/><V132/><F132/><W81/><G81/><T60/><D27/><U75/><E75/><V0/><F0/><W55/><G63/><T37/><REACH who="0" step="1"/><D58/><REACH who="0" ten="292,130,399,169" step="2"/><N who="1" m="37335" /><E13/><V38/><F38/><W68/><G15/><T123/><D123/><U100/><E14/><V45/><F45/><W5/><G8/><T130/><D130/><U88/><AGARI ba="1,1" hai="40,42,87,88,92,94,98,100" m="37335,42090" machi="88" ten="30,4000,0" yaku="14,1,52,1,54,1" doraHai="85" who="1" fromWho="1" sc="292,-11,130,53,399,-21,169,-11" /><INIT seed="3,0,0,1,3,113" ten="281,183,378,158" oya="3" hai0="100,121,70,56,32,35,84,96,129,82,53,44,107" hai1="97,87,46,3,68,108,28,13,102,54,135,60,105" hai2="0,88,73,104,98,2,86,21,31,1,83,6,63" hai3="76,40,47,109,19,92,119,134,85,77,41,65,8"/><W79/><G134/><T24/><D121/><U117/><E3/><V26/><F73/><W125/><G125/><T126/><D70/><U66/><E108/><V116/><F116/><W99/><G109/><T33/><D126/><U29/><E135/><V120/><F120/><W131/><G131/><T128/><D44/><U112/><E112/><V93/><F63/><W81/><G65/><T39/><D39/><U123/><E123/><V12/><F104/><W127/><G127/><T48/><REACH who="0" step="1"/><D24/><REACH who="0" ten="271,183,378,158" step="2"/><U75/><E68/><V67/><F67/><W106/><G119/><T124/><D124/><U69/><E46/><V51/><F51/><N who="3" m="27111" /><G106/><T58/><D58/><U72/><E117/><V17/><F1/><W101/><G41/><T74/><D74/><U7/><E72/><V62/><F62/><W27/><G27/><T110/><D110/><U49/><E75/><V15/><F0/><W80/><G80/><T38/><D38/><U42/><E42/><V111/><F111/><W90/><G79/><AGARI ba="0,1" hai="32,33,35,48,53,56,79,82,84,96,100,107,128,129" machi="79" ten="40,2600,0" yaku="1,1,53,1" doraHai="113" doraHaiUra="78" who="0" fromWho="3" sc="271,36,183,0,378,0,158,-26" owari="307,10.7,183,-21.7,378,47.8,132,-36.8" /></mjloggm>