<mjloggm ver="2.3"><GO type="225" lobby="0"/><UN n0="%E3%83%A4%E3%83%89%E3%83%B3%E4%B8%B8" n1="%E3%82%B2%E3%82%B9%E8%8C%82%E5%8B%9D" n2="%E6%A1%9C%E8%8A%B1%E9%96%83%E3%80%85" n3="%E3%81%95%E3%81%8D%E3%81%9F%E3%81%BE%E6%9E%97%E6%AA%8E" dan="16,16,17,16" rate="2030.57,2087.11,2206.55,2120.46" sx="M,F,M,M"/><TAIKYOKU oya="0"/><INIT seed="0,0,0,0,5,15" ten="250,250,250,250" oya="0" hai0="52,61,46,123,22,83,70,129,77,85,4,91,134" hai1="110,40,99,118,113,76,48,9,105,29,34,131,31" hai2="43,101,50,39,121,108,35,54,16,80,84,89,130" hai3="25,42,45,24,33,82,126,36,21,67,128,37,94"/><T56/><D123/><U27/><E110/><V95/><F121/><W73/><G126/><T119/><D119/><U55/><E131/><V47/><F108/><W72/><G128/><T100/><D129/><U26/><E113/><V53/><F35/><W117/><G117/><T14/><D134/><U81/><E118/><V28/><F28/><W90/><G67/><T0/><D0/><U87/><E40/><V116/><F116/><W13/><G37/><T2/><D70/><U106/><E99/><N who="2" m="59647" /><F39/><W63/><G63/><T125/><D125/><U12/><E55/><N who="2" m="21003" /><F130/><W135/><G135/><T88/><D100/><U122/><E48/><V64/><F64/><W74/><G82/><T58/><D46/><U114/><E114/><V1/><F1/><W103/><G103/><T104/><D104/><U62/><E62/><V49/><F49/><W44/><G44/><T65/><D2/><U120/><E122/><V23/><F23/><W109/><G109/><T51/><D22/><U79/><E120/><V11/><F11/><AGARI ba="0,0" hai="4,11,14,51,52,56,58,61,65,77,83,85,88,91" machi="11" ten="40,7700,0" yaku="8,1,54,2" doraHai="15" who="0" fromWho="2" sc="250,77,250,0,250,-77,250,0" /><INIT seed="0,1,0,1,0,52" ten="327,250,173,250" oya="0" hai0="49,110,123,75,84,130,96,72,59,65,62,101,53" hai1="103,50,68,47,60,69,100,131,129,67,133,87,117" hai2="55,29,63,28,40,115,31,10,76,132,112,12,107" hai3="125,92,85,124,102,11,64,51,35,58,26,14,97"/><T135/><D123/><U99/><E117/><V18/><F107/><W61/><G51/><T82/><D130/><N who="1" m="49675" /><E133/><V16/><F132/><W1/><G1/><T80/><D135/><U22/><E87/><V128/><F128/><W43/><G43/><T17/><D110/><U39/><E39/><V74/><F40/><W36/><G36/><T94/><D17/><U89/><E68/><V46/><F18/><W126/><G85/><T104/><D104/><U109/><E109/><V38/><F38/><W95/><G26/><T6/><D6/><U5/><E5/><V88/><F88/><W0/><G0/><T21/><D21/><U13/><E89/><V127/><F127/><W7/><REACH who="3" step="1"/><G35/><REACH who="3" ten="327,250,173,240" step="2"/><T108/><D108/><U121/><E121/><V23/><F46/><W34/><G34/><T116/><D116/><U42/><E99/><V45/><F45/><W57/><G57/><T86/><D86/><U79/><E79/><V41/><F41/><W134/><G134/><T19/><D84/><U25/><E13/><V20/><F76/><W48/><G48/><T2/><D2/><U54/><E42/><V113/><REACH who="2" step="1"/><F74/><REACH who="2" ten="327,250,163,240" step="2"/><W71/><G71/><N who="0" m="42423" /><D75/><U33/><E33/><V93/><F93/><AGARI ba="1,2" hai="7,11,14,58,61,64,92,93,95,97,102,124,125,126" machi="93" ten="40,5200,0" yaku="1,1,18,1,52,1,53,0" doraHai="52" doraHaiUra="37" who="3" fromWho="2" sc="327,0,250,0,163,-55,240,75" /><INIT seed="1,0,0,2,2,74" ten="327,250,108,315" oya="1" hai0="102,9,61,7,17,93,73,18,52,38,77,36,31" hai1="2,131,112,16,88,105,95,69,66,55,40,62,10" hai2="94,127,71,5,11,25,104,109,67,51,99,86,113" hai3="124,87,37,107,29,23,19,32,133,47,8,34,20"/><U45/><E131/><V21/><F109/><W44/><G107/><T50/><D31/><U75/><E112/><V54/><F113/><W106/><G106/><T48/><D73/><U84/><E105/><V70/><F104/><W26/><G37/><T65/><D38/><U4/><E75/><V58/><F127/><W0/><G124/><T24/><D36/><U79/><E55/><V27/><F86/><W80/><G133/><T3/><D77/><U101/><E101/><V120/><F120/><W121/><G121/><T92/><D50/><U63/><E63/><V13/><F67/><W56/><G56/><T35/><D35/><U60/><E62/><V119/><F119/><W22/><G34/><T41/><D41/><U91/><E16/><V43/><F43/><W53/><G53/><T129/><D129/><U89/><REACH who="1" step="1"/><E79/><REACH who="1" ten="327,240,108,315" step="2"/><V122/><F122/><W76/><REACH who="3" step="1"/><G19/><REACH who="3" ten="327,240,108,305" step="2"/><T130/><D18/><U97/><E97/><V123/><F123/><W78/><G78/><T98/><D130/><U115/><E115/><V118/><F99/><W125/><G125/><T81/><D17/><U30/><E30/><V116/><F54/><W6/><AGARI ba="0,2" hai="0,6,8,20,22,23,26,29,32,44,47,76,80,87" machi="6" ten="30,4000,0" yaku="1,1,0,1,52,1,53,0" doraHai="74" doraHaiUra="14" who="3" fromWho="3" sc="327,-10,240,-20,108,-10,305,60" /><INIT seed="2,0,0,0,2,37" ten="317,220,98,365" oya="2" hai0="61,65,41,135,25,98,116,57,72,43,52,82,42" hai1="29,111,108,97,113,7,5,76,101,93,85,49,13" hai2="44,95,86,27,30,70,45,131,79,77,32,68,22" hai3="8,129,109,125,33,51,48,103,0,66,83,73,106"/><V100/><F131/><W55/><G33/><T58/><D135/><U128/><E113/><V40/><F32/><W53/><G66/><T16/><D116/><U47/><E128/><V127/><F127/><W39/><G39/><T105/><D105/><U121/><E29/><V74/><F74/><W126/><G129/><T36/><D36/><U67/><E67/><V50/><F45/><W9/><G109/><N who="1" m="42058" /><E121/><V92/><F100/><W123/><G123/><T88/><D72/><U59/><E59/><V115/><F115/><W71/><G71/><T132/><D132/><U20/><E85/><V56/><F56/><W15/><G106/><T38/><D38/><U54/><E76/><V117/><F117/><W31/><G31/><T84/><D98/><U102/><E102/><V94/><REACH who="2" step="1"/><F86/><REACH who="2" ten="317,220,88,365" step="2"/><W122/><G126/><T89/><D58/><U17/><AGARI ba="0,1" hai="5,7,13,17,20,47,49,54,93,97,101" m="42058" machi="17" ten="30,1100,0" yaku="14,1" doraHai="37" who="1" fromWho="1" sc="317,-3,220,21,88,-5,365,-3" /><INIT seed="3,0,0,4,3,120" ten="314,241,83,362" oya="3" hai0="9,58,11,59,31,27,72,30,22,49,85,15,101" hai1="81,4,45,46,13,78,99,104,2,40,103,38,69" hai2="64,123,50,82,66,134,115,14,42,71,132,89,94" hai3="84,75,87,3,98,1,24,121,107,47,77,57,90"/><W105/><G121/><T60/><D72/><U129/><BYE who="2" /><E129/><V76/><F76/><W88/><G75/><T108/><D101/><U32/><E13/><V73/><F73/><W95/><G57/><T23/><D108/><U125/><E125/><V17/><F17/><W109/><G109/><T114/><D114/><U118/><E118/><V34/><F34/><W74/><G74/><T68/><D68/><U97/><E97/><V26/><F26/><W117/><G47/><T116/><D116/><U100/><E100/><V8/><F8/><W53/><G53/><T52/><D85/><U0/><E32/><V54/><F54/><W110/><G95/><T92/><D92/><U33/><E33/><V80/><F80/><W102/><G110/><T6/><D9/><U106/><E106/><V122/><F122/><W135/><G24/><T35/><REACH who="0" step="1"/><D31/><REACH who="0" ten="304,241,83,362" step="2"/><U7/><E69/><V43/><F43/><W93/><G102/><T133/><D133/><U113/><E113/><V16/><F16/><W111/><G93/><T126/><D126/><U83/><E78/><V48/><F48/><W127/><G135/><T70/><D70/><U65/><E103/><V51/><F51/><W41/><G127/><T130/><D130/><U131/><E131/><V19/><F19/><W63/><G111/><T39/><D39/><U86/><E38/><V124/><F124/><W56/><G87/><T28/><D28/><U29/><E86/><V62/><F62/><W119/><G84/><T112/><D112/><U61/><E99/><V44/><F44/><W25/><G98/><T36/><D36/><RYUUKYOKU ba="0,1" sc="304,30,241,-10,83,-10,362,-10" hai0="6,11,15,22,23,27,30,35,49,52,58,59,60" owari="334,13.4,231,-16.9,73,-42.7,362,46.2" /></mjloggm>