<mjloggm ver="2.3"><GO type="225" lobby="0"/><UN n0="%E4%BF%BA%E3%81%A8%E5%A6%96%E5%A4%A2" n1="%EF%BC%AE%EF%BC%A1%EF%BC%AF%33%33%39" n2="%E7%99%BD%E5%80%89%E5%AF%9B%E4%B9%8B" n3="%E3%83%96%E3%83%83%E3%83%91%E3%82%AA%E3%83%96%E3%83%81%E3%82%AD%E3%83%B3" dan="16,16,16,16" rate="2265.94,2216.36,2177.84,2167.11" sx="F,M,M,M"/><TAIKYOKU oya="0"/><INIT seed="0,0,0,0,5,92" ten="250,250,250,250" oya="0" hai0="101,72,24,130,10,3,82,56,34,111,90,52,42" hai1="43,86,20,27,78,99,79,118,115,11,73,96,135" hai2="112,61,4,95,21,38,63,16,129,71,117,114,14" hai3="67,113,59,40,119,7,74,23,47,0,37,133,97"/><T31/><D130/><U110/><E118/><V85/><F38/><W30/><G113/><T22/><D111/><U70/><E70/><V116/><F129/><W64/><G119/><N who="2" m="45641" /><F4/><W5/><G74/><T58/><D42/><U15/><E73/><V13/><F13/><W35/><G133/><T46/><D101/><U75/><E75/><V108/><F108/><W134/><G134/><T121/><D121/><U36/><E110/><V83/><F95/><W124/><G124/><T41/><D34/><U128/><E128/><V49/><F49/><W120/><G35/><T55/><D58/><U45/><E135/><V94/><F94/><W12/><G120/><T44/><D56/><U57/><E57/><V50/><F50/><N who="3" m="26983" /><G0/><T25/><D25/><U84/><E115/><N who="2" m="44075" /><F71/><W131/><G37/><T89/><D46/><U98/><E84/><V6/><F6/><W80/><G7/><T54/><D3/><U8/><E86/><V76/><AGARI ba="0,0" hai="14,16,21,61,63,76,83,85" m="44075,45641" machi="76" ten="30,2000,0" yaku="12,1,54,1" doraHai="92" who="2" fromWho="2" sc="250,-10,250,-5,250,20,250,-5" /><INIT seed="1,0,0,4,0,23" ten="240,245,270,245" oya="1" hai0="58,68,72,1,86,130,128,11,10,61,119,129,77" hai1="94,9,15,36,96,45,89,71,80,126,43,113,28" hai2="48,20,66,59,100,37,121,32,117,39,38,106,93" hai3="75,84,5,134,51,0,69,25,101,115,29,135,83"/><U42/><E113/><V118/><F32/><W12/><G115/><T26/><D119/><U8/><E71/><V53/><F106/><W30/><G69/><T46/><D72/><U99/><E126/><V54/><F100/><W63/><G63/><T81/><D68/><U109/><E43/><V6/><F93/><W98/><G75/><T27/><D46/><U78/><E96/><V122/><F6/><W133/><G0/><T103/><D103/><U16/><E28/><V21/><F21/><W62/><G62/><T92/><D92/><U34/><E34/><V13/><F13/><W131/><G131/><T55/><D1/><U31/><E31/><V114/><F20/><W18/><G51/><T76/><D77/><U50/><E109/><V40/><F114/><W110/><G5/><T90/><D76/><U60/><E60/><N who="2" m="38175" /><F40/><W102/><G110/><T17/><D10/><U95/><E95/><V132/><F132/><W108/><G108/><T44/><D44/><U79/><E36/><V85/><F85/><W56/><G102/><T73/><D73/><U41/><E41/><V52/><F48/><W67/><G101/><T88/><D90/><U2/><E2/><V7/><F7/><W70/><G134/><T107/><D107/><U87/><E9/><V57/><F57/><W4/><G56/><T111/><D111/><U116/><E116/><AGARI ba="0,0" hai="37,38,39,52,53,54,116,117,118,121,122" m="38175" machi="116" ten="40,5200,0" yaku="34,2,54,1" doraHai="23" who="2" fromWho="1" sc="240,0,245,-52,270,52,245,0" /><INIT seed="2,0,0,0,0,8" ten="240,193,322,245" oya="2" hai0="11,26,14,125,39,94,80,20,81,3,46,127,110" hai1="54,131,52,53,60,41,56,134,57,78,5,114,62" hai2="1,30,113,69,107,70,38,31,111,50,76,32,99" hai3="126,122,130,108,24,121,63,4,19,2,91,96,109"/><V35/><F50/><W12/><G2/><T86/><D3/><U34/><E34/><V71/><F113/><W29/><G63/><T97/><D110/><N who="3" m="42601" /><G96/><T75/><D75/><U105/><E105/><V64/><F111/><W98/><G98/><T92/><D46/><U72/><E114/><V128/><F76/><W15/><G91/><T17/><D39/><U13/><E41/><V49/><F49/><W103/><G103/><T112/><D112/><U90/><E134/><V135/><F135/><W36/><G36/><T77/><D80/><U61/><E131/><V7/><F38/><W37/><G37/><T117/><D117/><U66/><E72/><V18/><F64/><W68/><G68/><T25/><D25/><U74/><E74/><V104/><F1/><W21/><G126/><N who="0" m="48139" /><D97/><U23/><E78/><V119/><F99/><W67/><G67/><T42/><D42/><U16/><E5/><AGARI ba="0,0" hai="5,11,14,17,20,26,77,81,86,92,94" m="48139" machi="5" ten="30,2000,0" yaku="18,1,52,1" doraHai="8" who="0" fromWho="1" sc="240,20,193,-20,322,0,245,0" /><INIT seed="3,0,0,3,5,105" ten="260,173,322,245" oya="3" hai0="67,29,121,111,59,98,85,55,117,9,115,46,50" hai1="16,66,89,53,114,1,31,77,131,54,57,25,60" hai2="12,81,110,102,21,61,69,88,84,112,22,75,71" hai3="2,122,33,90,107,124,6,80,64,27,17,106,100"/><W94/><G122/><T49/><D117/><U24/><E114/><V74/><F112/><W86/><G124/><T95/><D121/><U91/><E1/><V72/><F110/><W70/><G2/><T34/><D115/><U135/><E135/><V103/><F12/><W36/><G6/><T68/><D68/><U116/><E116/><V20/><REACH who="2" step="1"/><F71/><REACH who="2" ten="260,173,312,245" step="2"/><W28/><G70/><T45/><D111/><U82/><E131/><V44/><F44/><W130/><G130/><T127/><D45/><U5/><E5/><V0/><F0/><W101/><G36/><T104/><D46/><U30/><E66/><AGARI ba="0,1" hai="20,21,22,61,66,69,72,74,75,81,84,88,102,103" machi="66" ten="50,8000,1" yaku="1,1,52,3,54,1,53,0" doraHai="105" doraHaiUra="109" who="2" fromWho="1" sc="260,0,173,-80,312,90,245,0" owari="260,6.0,93,-40.7,402,50.2,245,-15.5" /></mjloggm>