<mjloggm ver="2.3"><GO type="225" lobby="0"/><UN n0="%E7%9A%AE%E3%80%85" n1="%E3%81%8A%E3%81%AB%E3%82%83%E3%81%8A%E3%81%A1%E3%82%83" n2="%E3%81%95%E3%81%8D%E3%81%9F%E3%81%BE%E6%9E%97%E6%AA%8E" n3="%E3%81%94%E3%83%BC%E3%81%A9%E3%82%93" dan="16,16,16,16" rate="2178.42,2085.90,2135.64,2091.63" sx="M,M,M,M"/><TAIKYOKU oya="0"/><INIT seed="0,0,0,5,2,109" ten="250,250,250,250" oya="0" hai0="57,107,84,108,134,66,14,48,5,59,63,97,120" hai1="60,40,15,73,62,98,124,31,113,29,11,114,16" hai2="122,112,17,1,2,12,10,76,44,123,49,90,121" hai3="50,94,37,24,26,38,70,119,104,22,34,6,61"/><T41/><D120/><U36/><E73/><V92/><F76/><W89/><G104/><T79/><D108/><U42/><E124/><V83/><F112/><N who="1" m="43113" /><E98/><V130/><F130/><W32/><G119/><T27/><D134/><U100/><E100/><V51/><F51/><W53/><G6/><T82/><D107/><U35/><E35/><V128/><F128/><W103/><G103/><T23/><D97/><U127/><E127/><V25/><F25/><W19/><G61/><N who="1" m="23658" /><E36/><V71/><F71/><W46/><G70/><T39/><D39/><U30/><AGARI ba="0,0" hai="11,15,16,29,30,31,40,42" m="23658,43113" machi="30" ten="40,8000,1" yaku="11,1,52,3,54,1" doraHai="109" who="1" fromWho="1" sc="250,-40,250,80,250,-20,250,-20" /><INIT seed="1,0,0,2,5,0" ten="210,330,230,230" oya="1" hai0="89,112,44,98,61,111,76,91,65,109,107,38,51" hai1="134,36,16,103,6,117,95,32,124,1,113,53,88" hai2="83,105,52,102,73,49,94,55,133,20,115,7,106" hai3="59,39,33,8,101,3,125,92,129,118,131,119,80"/><U122/><E113/><V70/><F70/><W35/><G39/><T93/><D112/><U15/><E117/><N who="3" m="44554" /><G59/><T41/><D76/><U45/><E122/><V54/><F115/><W84/><G92/><T78/><D78/><U31/><E103/><V120/><F120/><W12/><G101/><T10/><D107/><U60/><E134/><V71/><F71/><W34/><G125/><T86/><D38/><U132/><E132/><V30/><F133/><W57/><G57/><T47/><D47/><U79/><E124/><V126/><F126/><W22/><G84/><T25/><D25/><U116/><E79/><V130/><F130/><N who="3" m="49675" /><G80/><T114/><D114/><U46/><E36/><V2/><F49/><W110/><G110/><T9/><D111/><U96/><E116/><V127/><F127/><W27/><G3/><T13/><D109/><U67/><E53/><V11/><F83/><W64/><G64/><T56/><REACH who="0" step="1"/><D13/><REACH who="0" ten="200,330,230,230" step="2"/><U24/><E1/><V37/><F37/><W5/><G33/><T82/><AGARI ba="0,1" hai="9,10,41,44,51,56,61,65,82,86,89,91,93,98" machi="82" ten="20,8000,1" yaku="1,1,2,1,0,1,7,1,8,1,53,0" doraHai="0" doraHaiUra="17" who="0" fromWho="0" sc="200,90,330,-40,230,-20,230,-20" /><INIT seed="2,0,0,0,5,76" ten="290,290,210,210" oya="2" hai0="27,9,72,105,129,109,99,25,47,67,78,91,124" hai1="115,10,24,112,19,89,80,49,61,6,71,121,58" hai2="118,127,107,102,39,52,97,68,41,32,93,57,35" hai3="125,22,14,116,54,94,44,100,20,45,104,11,75"/><V42/><F118/><W135/><G104/><T48/><D109/><U119/><E119/><V77/><F68/><W46/><G116/><T34/><D129/><U13/><E121/><V3/><F3/><W5/><G135/><T79/><D67/><U110/><E110/><V60/><F127/><W50/><G125/><T123/><D123/><U69/><E49/><V82/><F107/><W30/><G75/><T103/><D124/><U1/><E24/><V86/><REACH who="2" step="1"/><F39/><REACH who="2" ten="290,290,200,210" step="2"/><W8/><G8/><T88/><D105/><U74/><E71/><V23/><F23/><N who="3" m="8747" /><G30/><T113/><D113/><U26/><E69/><V126/><F126/><W85/><G100/><T43/><D103/><U66/><E26/><V108/><F108/><W64/><G64/><T65/><D65/><U56/><E1/><V92/><F92/><W96/><G96/><T16/><D99/><U15/><E115/><V128/><F128/><W63/><G63/><T95/><D95/><U31/><E61/><V37/><F37/><W132/><G132/><T133/><D133/><U131/><E66/><V111/><F111/><W117/><G117/><T33/><D27/><U106/><E106/><V29/><F29/><W55/><G55/><T40/><D25/><U101/><E112/><V38/><F38/><W87/><G94/><T73/><D9/><U21/><E131/><V12/><F12/><W90/><G90/><T62/><D62/><U81/><E89/><V134/><F134/><W98/><G98/><T120/><D120/><U17/><E17/><V53/><F53/><W36/><G36/><T114/><D114/><RYUUKYOKU ba="0,1" sc="290,-15,290,-15,200,15,210,15" hai2="32,35,41,42,52,57,60,77,82,86,93,97,102" hai3="5,11,14,44,45,46,50,54,85,87" /><INIT seed="2,1,1,0,3,80" ten="275,275,215,225" oya="2" hai0="30,34,81,96,20,2,84,69,118,29,13,133,68" hai1="40,28,86,131,67,101,85,59,55,19,44,98,54" hai2="104,49,111,52,37,109,3,42,48,127,23,77,66" hai3="4,79,27,22,128,94,108,119,117,50,47,100,60"/><V82/><F104/><W43/><G108/><N who="2" m="41545" /><F127/><W121/><G121/><T122/><D122/><U63/><E131/><V62/><F3/><W11/><G128/><T15/><D2/><U61/><E28/><V135/><F135/><W70/><G79/><T105/><D34/><U12/><E63/><V134/><F134/><W9/><G9/><T64/><D133/><U6/><E6/><V78/><F78/><W53/><G100/><T56/><D68/><U97/><E54/><V39/><F42/><W89/><G60/><N who="0" m="37895" /><D69/><U72/><E72/><N who="2" m="43303" /><F23/><W83/><G43/><T41/><D41/><U99/><E55/><V25/><F25/><W5/><G70/><T33/><D33/><U24/><E24/><V26/><F26/><W124/><G124/><T116/><D105/><U90/><E90/><V103/><F103/><W35/><G35/><T10/><D20/><U102/><E101/><V14/><F14/><W58/><G117/><N who="0" m="45163" /><D15/><U45/><E102/><V130/><F130/><W46/><G119/><T51/><D96/><U57/><E57/><N who="2" m="35111" /><F66/><W92/><G11/><T76/><D51/><AGARI ba="1,1" hai="37,39,48,49,51" m="35111,43303,41545" machi="51" ten="30,5800,0" yaku="14,1,10,1,54,1" doraHai="80" who="2" fromWho="0" sc="275,-61,275,0,215,71,225,0" /><INIT seed="2,2,0,4,4,13" ten="214,275,286,225" oya="2" hai0="89,19,74,63,41,120,112,111,45,100,131,15,126" hai1="53,14,26,33,76,104,44,58,114,9,7,94,103" hai2="121,34,95,80,132,107,90,17,23,25,124,56,47" hai3="62,38,105,68,110,55,92,108,109,4,133,59,119"/><V127/><F121/><W21/><G119/><T1/><D120/><U20/><E114/><V51/><F107/><W60/><G105/><T85/><D112/><U93/><E33/><V73/><F132/><W116/><G116/><T70/><D1/><U79/><E104/><V12/><F56/><W67/><G133/><T84/><D74/><U35/><E35/><V52/><F73/><W22/><G38/><T86/><D111/><U134/><E134/><V115/><F80/><W123/><G123/><T18/><D131/><U57/><E44/><V97/><REACH who="2" step="1"/><F115/><REACH who="2" ten="214,275,276,225" step="2"/><W64/><G4/><T69/><D126/><U29/><E58/><V48/><F48/><W128/><G128/><T91/><D69/><U24/><E94/><V2/><F2/><W54/><G92/><T43/><D70/><U102/><E93/><V72/><F72/><W66/><G66/><T27/><D63/><U28/><E102/><V11/><F11/><W40/><G40/><N who="0" m="15435" /><D100/><U82/><E103/><V88/><F88/><N who="0" m="33866" /><D45/><U8/><E82/><V61/><F61/><W77/><REACH who="3" step="1"/><G77/><REACH who="3" ten="214,275,276,215" step="2"/><T135/><D135/><U99/><E79/><V16/><F16/><N who="0" m="6186" /><D15/><U31/><E14/><V32/><F32/><W49/><G49/><T78/><D27/><U71/><E24/><V3/><F3/><W30/><G30/><AGARI ba="2,2" hai="12,17,23,25,30,34,47,51,52,90,95,97,124,127" machi="30" ten="40,12000,1" yaku="1,1,52,1,54,1,53,1" doraHai="13" doraHaiUra="46" who="2" fromWho="3" sc="214,0,275,0,276,146,215,-126" /><INIT seed="2,3,0,3,5,1" ten="214,275,422,89" oya="2" hai0="61,55,84,72,9,36,67,21,100,108,95,81,96" hai1="18,122,104,105,58,79,125,127,75,28,24,98,70" hai2="110,57,85,62,118,113,37,111,83,117,32,132,128" hai3="44,103,26,101,129,112,131,82,11,86,99,50,16"/><V74/><F32/><W114/><G26/><T126/><D36/><U123/><E70/><V45/><F74/><W130/><G11/><T27/><D72/><U4/><E58/><V23/><F23/><W124/><G16/><T91/><D108/><N who="2" m="41514" /><F113/><N who="3" m="43627" /><G50/><T66/><D126/><N who="1" m="48139" /><E18/><V43/><F132/><W107/><G44/><T2/><D2/><U135/><E24/><V71/><F71/><W59/><G59/><N who="0" m="35071" /><D9/><U12/><E28/><AGARI ba="3,0" hai="21,27,28,66,67,81,84,91,95,96,100" m="35071" machi="28" ten="30,1000,0" yaku="8,1" doraHai="1" who="0" fromWho="1" sc="214,19,275,-19,422,0,89,0" /><INIT seed="3,0,0,5,2,28" ten="233,256,422,89" oya="3" hai0="38,71,113,36,32,13,35,26,85,106,95,86,127" hai1="22,18,69,68,17,103,14,96,80,115,21,6,109" hai2="91,47,119,57,37,79,58,7,42,60,135,25,120" hai3="55,66,8,104,29,12,51,11,88,3,59,48,124"/><W75/><G124/><T83/><D106/><U94/><E109/><V44/><F135/><W118/><G118/><T33/><D71/><U70/><E115/><V99/><F119/><W61/><G104/><T30/><D127/><U52/><E6/><V112/><F112/><W50/><G75/><T122/><D122/><U123/><E123/><V54/><F120/><W41/><G41/><T5/><D113/><U46/><E80/><V98/><F79/><W64/><G29/><T89/><D13/><U27/><E46/><V93/><F7/><W67/><G3/><T117/><D5/><U100/><REACH who="1" step="1"/><E52/><REACH who="1" ten="233,246,422,89" step="2"/><V84/><F47/><W81/><REACH who="3" step="1"/><G12/><REACH who="3" ten="233,246,422,79" step="2"/><T131/><D117/><U126/><E126/><V128/><F42/><W108/><G108/><T43/><D43/><U62/><E62/><V73/><F60/><W49/><N who="3" m="12288" /><DORA hai="10" /><W63/><G63/><T90/><REACH who="0" step="1"/><D131/><REACH who="0" ten="223,246,422,79" step="2"/><U74/><E74/><V111/><F128/><W116/><G116/><T132/><D132/><U56/><E56/><V107/><F58/><W9/><G9/><T40/><D40/><U20/><E20/><AGARI ba="0,3" hai="20,26,30,32,33,35,36,38,83,85,86,89,90,95" machi="20" ten="40,12000,2" yaku="1,1,52,3,53,2" doraHai="28,10" doraHaiUra="24,78" who="0" fromWho="1" sc="223,150,246,-120,422,0,79,0" owari="373,17.3,126,-27.4,422,52.2,79,-42.1" /></mjloggm>