<mjloggm ver="2.3"><GO type="225" lobby="0"/><UN n0="%E5%A4%8F%E9%88%B4%E9%88%B4%E5%A4%8F" n1="%73%73%6B%5F%66%72%65%65" n2="%70%68%65%6E%6F%6D%65" n3="%E9%80%86%E9%80%A3%E5%B8%AF%E3%81%AE%E9%AC%BC" dan="16,16,16,17" rate="2073.53,2141.63,2152.62,2086.72" sx="F,M,M,M"/><TAIKYOKU oya="0"/><INIT seed="0,0,0,2,0,116" ten="250,250,250,250" oya="0" hai0="41,122,111,81,109,24,3,58,20,79,86,66,74" hai1="32,30,62,97,23,69,75,54,59,52,100,63,128" hai2="34,36,45,46,7,102,89,60,11,13,1,21,119" hai3="33,131,6,71,28,114,85,49,134,127,48,132,108"/><T14/><D3/><U53/><E128/><V16/><F119/><W115/><G71/><T35/><D35/><U57/><E75/><V107/><F36/><W130/><G6/><T133/><D133/><N who="3" m="51305" /><G108/><N who="0" m="41547" /><D41/><U103/><E69/><V9/><F34/><W113/><G85/><T12/><D74/><U37/><E37/><V51/><F89/><W125/><G28/><N who="0" m="17415" /><D122/><U61/><E32/><V10/><F46/><W91/><G91/><T83/><D83/><U90/><E90/><V88/><F60/><AGARI ba="0,0" hai="12,14,58,60,66,79,81,86" m="17415,41547" machi="60" ten="30,2900,0" yaku="14,1,10,1" doraHai="116" who="0" fromWho="2" sc="250,29,250,0,250,-29,250,0" /><INIT seed="0,1,0,0,1,30" ten="279,250,221,250" oya="0" hai0="116,55,134,88,40,67,76,14,47,1,125,127,22" hai1="11,59,126,105,26,86,13,6,84,108,93,110,73" hai2="49,91,51,56,123,85,130,72,111,131,129,62,27" hai3="112,121,100,71,16,60,98,50,23,19,124,45,34"/><T65/><D116/><U82/><E105/><V75/><F123/><W36/><G112/><T15/><D1/><U95/><E126/><N who="0" m="48137" /><D134/><U132/><E132/><V115/><F115/><W54/><G121/><T20/><D76/><U92/><E26/><V69/><F111/><N who="1" m="42537" /><E59/><V53/><F27/><W81/><G124/><T74/><D74/><N who="2" m="28202" /><F69/><W77/><G36/><T25/><D55/><U44/><E44/><V21/><F21/><N who="0" m="8298" /><D88/><N who="1" m="51223" /><E73/><V99/><F99/><W97/><G97/><T83/><D83/><AGARI ba="1,0" hai="49,51,53,56,62,83,85,91,129,130,131" m="28202" machi="83" ten="40,1300,0" yaku="19,1" doraHai="30" who="2" fromWho="0" sc="279,-16,250,0,221,16,250,0" /><INIT seed="1,0,0,3,4,95" ten="263,250,237,250" oya="1" hai0="106,35,86,108,81,58,122,27,121,87,80,26,43" hai1="1,69,128,92,72,85,127,9,68,111,114,59,42" hai2="39,79,103,3,71,6,11,55,40,45,12,24,112" hai3="54,51,0,4,56,125,134,90,53,100,29,37,60"/><U30/><E114/><V99/><F112/><W96/><G37/><T107/><D43/><U19/><E128/><V21/><F71/><W102/><G134/><T2/><D2/><U67/><E72/><V64/><F64/><W70/><G125/><T110/><D58/><U7/><E127/><V74/><F55/><W15/><G0/><T93/><D93/><U82/><E30/><V13/><F21/><W88/><G29/><T124/><D124/><U63/><E42/><V123/><F24/><W109/><G109/><T52/><D52/><U73/><E111/><V119/><F123/><W8/><G102/><T104/><REACH who="0" step="1"/><D104/><REACH who="0" ten="253,250,237,250" step="2"/><U22/><E92/><N who="2" m="58855" /><F119/><W126/><G126/><T66/><D66/><U28/><E59/><V49/><F49/><W105/><G70/><T10/><D10/><U94/><E69/><V36/><F36/><W18/><G4/><T48/><D48/><U17/><E94/><V50/><F50/><W25/><REACH who="3" step="1"/><G25/><REACH who="3" ten="253,250,237,240" step="2"/><T16/><D16/><U5/><E5/><V76/><F3/><W32/><G32/><AGARI ba="0,2" hai="26,27,32,35,80,81,86,87,106,107,108,110,121,122" machi="32" ten="25,3200,0" yaku="1,1,22,2,53,0" doraHai="95" doraHaiUra="62" who="0" fromWho="3" sc="253,52,250,0,237,0,240,-32" /><INIT seed="2,0,0,3,5,106" ten="305,250,237,208" oya="2" hai0="96,42,23,86,68,39,64,112,6,41,3,49,1" hai1="90,30,78,75,54,56,91,16,57,60,80,21,46" hai2="33,115,95,109,43,117,94,92,36,40,130,73,121" hai3="22,103,35,10,31,116,122,129,44,118,50,126,124"/><V5/><F115/><W52/><G122/><T45/><D42/><U59/><E30/><V26/><F121/><W24/><G129/><T107/><D6/><U127/><E127/><N who="3" m="48682" /><G103/><T17/><D86/><U101/><E101/><V32/><F117/><N who="3" m="45163" /><G10/><T82/><D82/><U123/><E123/><V120/><F120/><W69/><G69/><T119/><D119/><U62/><E46/><V84/><F130/><W105/><G105/><T111/><D111/><U2/><E2/><V81/><F109/><W18/><G18/><T0/><D96/><U4/><E4/><V113/><F113/><W104/><G104/><T53/><D107/><U67/><REACH who="1" step="1"/><E59/><REACH who="1" ten="305,240,237,208" step="2"/><V72/><F5/><W61/><G61/><T14/><D0/><U89/><E89/><V13/><F33/><AGARI ba="0,1" hai="22,24,31,33,35,44,50,52" m="45163,48682" machi="33" ten="30,2000,0" yaku="18,1,54,1" doraHai="106" who="3" fromWho="2" sc="305,0,240,0,237,-20,208,30" /><INIT seed="3,0,0,1,3,110" ten="305,240,217,238" oya="3" hai0="89,67,125,118,22,13,21,83,7,41,86,45,66" hai1="59,99,114,40,135,94,98,103,24,17,38,88,27" hai2="39,127,121,42,120,52,115,113,32,3,23,92,134" hai3="73,43,30,35,82,44,133,81,126,19,26,47,108"/><W20/><G133/><T62/><D118/><U56/><E114/><N who="2" m="43531" /><F32/><W111/><G126/><T64/><D62/><U0/><E135/><V80/><F134/><W101/><G101/><T36/><D125/><U130/><E0/><V68/><F127/><W46/><G43/><T100/><D100/><U90/><E130/><V97/><F3/><W50/><G50/><T25/><D25/><U10/><E40/><V71/><F80/><W131/><G131/><T77/><D89/><N who="1" m="34411" /><E38/><V14/><F52/><W70/><G70/><T106/><D106/><U5/><E5/><V79/><F79/><W85/><G73/><T31/><D31/><U8/><E99/><V37/><F14/><W104/><G104/><T16/><D7/><U69/><E69/><N who="2" m="26699" /><F23/><W84/><G82/><T95/><D95/><U116/><E116/><V74/><F74/><W2/><G2/><T128/><D128/><U28/><E17/><V48/><F48/><W9/><G9/><N who="1" m="3690" /><E28/><V34/><F34/><W49/><G49/><T96/><D96/><U132/><E132/><V87/><F87/><W29/><G85/><T63/><D22/><U91/><E91/><N who="2" m="55455" /><F42/><W129/><G129/><T51/><D36/><U4/><E4/><V102/><F102/><W109/><G35/><T53/><D41/><U112/><E112/><V55/><F55/><W61/><G61/><T1/><D1/><U117/><E117/><V105/><F105/><W76/><AGARI ba="0,0" hai="19,20,26,29,30,44,46,47,76,81,84,108,109,111" machi="76" ten="40,7800,0" yaku="0,1,14,1,10,1" doraHai="110" who="3" fromWho="3" sc="305,-26,240,-26,217,-26,238,78" owari="279,7.9,214,-18.6,191,-30.9,316,41.6" /></mjloggm>