<mjloggm ver="2.3"><GO type="225" lobby="0"/><UN n0="%E5%91%A8%E6%9D%B1" n1="%E3%82%B3%E3%83%90%E3%83%AC%E3%82%A4" n2="%E3%81%BF%E3%81%BF%E3%81%9A" n3="%E6%9C%88%E5%B3%B6%E5%9F%BA" dan="16,16,17,17" rate="2165.98,2152.02,2216.46,2232.21" sx="M,M,M,M"/><TAIKYOKU oya="0"/><INIT seed="0,0,0,5,2,76" ten="250,250,250,250" oya="0" hai0="53,135,60,59,71,131,49,10,75,127,126,124,68" hai1="85,51,120,37,40,4,3,63,13,91,30,81,103" hai2="58,106,102,22,109,42,20,74,92,107,123,54,31" hai3="118,93,111,65,66,14,15,130,72,94,121,46,23"/><T108/><D75/><U100/><E120/><V132/><F123/><W29/><G121/><T113/><D10/><N who="1" m="4295" /><E37/><V116/><F74/><W122/><G72/><T50/><D113/><U128/><E3/><V45/><F109/><W95/><G118/><T117/><D117/><U97/><E30/><V55/><F116/><W17/><G130/><T18/><D18/><U8/><E8/><V36/><F132/><W19/><G111/><T28/><D28/><U11/><E11/><V9/><F9/><N who="3" m="6351" /><G122/><T61/><D108/><U79/><E63/><N who="0" m="24137" /><D135/><U73/><E73/><V114/><F114/><W57/><G29/><T39/><D39/><U99/><E128/><V96/><F54/><W34/><G34/><T2/><D2/><U0/><E0/><V62/><REACH who="2" step="1"/><F31/><REACH who="2" ten="250,250,240,250" step="2"/><W88/><G66/><T1/><D131/><U12/><E40/><V82/><F82/><W86/><G65/><T87/><D1/><U83/><E79/><V69/><F69/><N who="0" m="26698" /><D87/><U32/><E99/><V25/><F25/><W115/><G115/><T98/><D98/><U56/><E32/><V104/><AGARI ba="0,1" hai="20,22,36,42,45,55,58,62,92,96,102,104,106,107" machi="104" ten="30,4000,0" yaku="1,1,0,1,53,1" doraHai="76" doraHaiUra="70" who="2" fromWho="2" sc="250,-20,250,-10,240,50,250,-10" /><INIT seed="1,0,0,2,1,98" ten="230,240,290,240" oya="1" hai0="47,65,113,107,79,78,15,49,73,62,100,40,5" hai1="93,82,89,21,76,104,3,28,13,37,32,2,23" hai2="10,12,84,118,126,27,29,96,103,71,1,131,24" hai3="75,20,35,18,129,53,57,64,33,42,111,86,127"/><U117/><E37/><V50/><F118/><W43/><G75/><T119/><D119/><U105/><E117/><V135/><F71/><W63/><G111/><T36/><D113/><U30/><E32/><V121/><F121/><W102/><G129/><T124/><D124/><U52/><E105/><V60/><F60/><W67/><G35/><T16/><D73/><U133/><E104/><V97/><F1/><W38/><G33/><T34/><D34/><U120/><E3/><V69/><F69/><W4/><G4/><T128/><D128/><U17/><E2/><V45/><F131/><W80/><G102/><T90/><D5/><U88/><E120/><V115/><F115/><W68/><G127/><T109/><D90/><U46/><E133/><V25/><F126/><W6/><G6/><T9/><D109/><U101/><E23/><V116/><F135/><W77/><G38/><T112/><D112/><U58/><E46/><V106/><F116/><W72/><G72/><T22/><D22/><U95/><E82/><V51/><F97/><W74/><G74/><T11/><D11/><U122/><E76/><V108/><F108/><W61/><G67/><T92/><D107/><U8/><E122/><V132/><F132/><W41/><G41/><T31/><D31/><N who="1" m="11819" /><E8/><V0/><F0/><W70/><G68/><T125/><D36/><U134/><E134/><V91/><F29/><W83/><G80/><T85/><D125/><U39/><E39/><V59/><F45/><W130/><G130/><T87/><D47/><U110/><E110/><V26/><N who="2" m="6144" /><DORA hai="14" /><V55/><F106/><RYUUKYOKU ba="0,0" sc="230,-10,240,-10,290,-10,240,30" hai3="18,20,42,43,53,57,61,63,64,70,77,83,86" /><INIT seed="2,1,0,5,2,41" ten="220,230,280,270" oya="2" hai0="93,43,130,108,66,118,52,111,83,86,6,55,135" hai1="45,133,49,42,22,3,20,15,27,131,4,21,11" hai2="38,34,87,61,37,10,84,125,101,47,102,122,104" hai3="50,128,56,99,124,24,126,105,79,65,39,85,73"/><V115/><F115/><W36/><G73/><T121/><D121/><U106/><E106/><V132/><F122/><W13/><G128/><T67/><D130/><U129/><E133/><V14/><F34/><W69/><G69/><T28/><D135/><U74/><E74/><V7/><F132/><W76/><G13/><T97/><D118/><U82/><E131/><V19/><F125/><N who="3" m="48235" /><G24/><T2/><D28/><U26/><E129/><V31/><F31/><W68/><G68/><T64/><D43/><U95/><E3/><V91/><F61/><N who="3" m="38055" /><G50/><T120/><D120/><U134/><E134/><V116/><F116/><W70/><G70/><T75/><D75/><U32/><E32/><V63/><F63/><W8/><G8/><T113/><D113/><U29/><E26/><V44/><F37/><N who="3" m="14411" /><G85/><T103/><D2/><U109/><E109/><N who="0" m="42057" /><D6/><U60/><E60/><V0/><F38/><W89/><G89/><AGARI ba="1,0" hai="52,55,64,66,67,83,86,89,93,97,103" m="42057" machi="89" ten="30,2000,0" yaku="14,1,54,1" doraHai="41" who="0" fromWho="3" sc="220,23,230,0,280,0,270,-23" /><INIT seed="3,0,0,0,1,109" ten="243,230,280,247" oya="3" hai0="82,101,61,38,117,111,124,90,51,91,128,77,53" hai1="52,39,86,7,10,130,35,63,64,14,88,78,19" hai2="27,119,26,43,112,1,113,122,60,20,54,58,36" hai3="6,2,25,116,9,12,62,34,18,87,127,48,67"/><W13/><G116/><T97/><D117/><U106/><E106/><V49/><F119/><W46/><G127/><T68/><D38/><U66/><E35/><V129/><F1/><W133/><G133/><T89/><D111/><U70/><E39/><V8/><F8/><W22/><G87/><T102/><D124/><U80/><E130/><V55/><F129/><W98/><G98/><T0/><D0/><U118/><E118/><V30/><F122/><W23/><G23/><T50/><D128/><U44/><E64/><V3/><F3/><W71/><REACH who="3" step="1"/><G34/><REACH who="3" ten="243,230,280,237" step="2"/><T16/><D97/><U72/><E72/><V33/><F20/><W59/><G59/><N who="0" m="35055" /><D68/><U31/><E78/><V121/><F121/><W123/><G123/><T126/><D126/><U107/><E107/><V134/><F134/><W17/><G17/><T81/><D16/><U95/><E31/><V132/><F132/><W110/><G110/><T79/><D79/><U29/><E29/><V24/><F33/><W15/><G15/><T11/><D77/><U65/><E7/><V92/><F30/><W103/><G103/><T105/><D102/><U100/><E100/><V96/><F96/><W115/><G115/><T94/><D11/><U47/><E44/><N who="2" m="23655" /><F112/><W120/><G120/><T99/><D105/><U75/><E75/><V45/><F113/><W84/><G84/><T57/><D101/><U4/><E4/><V41/><F92/><W42/><AGARI ba="0,1" hai="2,6,9,12,13,18,22,25,42,46,48,62,67,71" machi="42" ten="20,7800,0" yaku="1,1,0,1,7,1,53,1" doraHai="109" doraHaiUra="5" who="3" fromWho="3" sc="243,-26,230,-26,280,-26,237,88" owari="217,-18.3,204,-29.6,254,5.4,325,42.5" /></mjloggm>