<mjloggm ver="2.3"><GO type="225" lobby="0"/><UN n0="%E3%81%99%E3%81%84%E3%81%BE%E3%81%9B%E3%83%BC%E3%82%93" n1="%E3%83%B4%E3%82%A3%E3%83%AF%E3%82%B3%E3%82%B0%E3%83%8B" n2="%E9%BB%99%E8%81%B4%E3%81%AE%E3%81%99%E3%82%9D%E3%82%81" n3="%E6%B7%91%E5%A5%B3%E3%81%AE%E5%97%9C%E3%81%BF" dan="18,16,16,16" rate="2176.68,2215.65,2150.41,2110.64" sx="M,M,M,M"/><TAIKYOKU oya="0"/><INIT seed="0,0,0,0,3,121" ten="250,250,250,250" oya="0" hai0="134,57,49,118,120,109,107,40,81,10,73,104,62" hai1="5,61,46,123,8,17,64,79,95,130,93,97,3" hai2="33,128,71,28,83,105,65,4,23,92,78,9,111" hai3="99,32,86,7,119,37,36,77,39,31,19,41,132"/><T60/><D118/><U85/><E123/><V72/><F105/><W52/><G119/><T115/><D115/><U55/><E130/><V53/><F128/><W113/><G113/><T114/><D114/><U91/><E17/><V0/><F71/><W2/><G132/><T117/><D117/><U6/><E79/><V94/><F65/><W98/><G39/><T133/><D120/><U48/><E5/><V43/><F111/><W34/><G41/><T15/><D109/><U66/><REACH who="1" step="1"/><E61/><REACH who="1" ten="250,240,250,250" step="2"/><V11/><F4/><W29/><G19/><N who="0" m="8695" /><D62/><U74/><E74/><V35/><F78/><W25/><G77/><T58/><D73/><U96/><E96/><V47/><F72/><W88/><G7/><T89/><D134/><U44/><E44/><V124/><F47/><W90/><G86/><N who="0" m="50383" /><D133/><U18/><E18/><V59/><F28/><W84/><G84/><T12/><D60/><U67/><E67/><V51/><F124/><W30/><G31/><T80/><D12/><U100/><AGARI ba="0,1" hai="3,6,8,46,48,55,64,66,85,91,93,95,97,100" machi="100" ten="20,2700,0" yaku="1,1,0,1,7,1,53,0" doraHai="121" doraHaiUra="24" who="1" fromWho="1" sc="250,-13,240,37,250,-7,250,-7" /><INIT seed="1,0,0,4,0,112" ten="237,277,243,243" oya="1" hai0="94,47,31,8,58,71,53,69,50,26,117,83,16" hai1="56,24,9,99,28,79,52,17,135,86,109,77,80" hai2="87,75,48,65,92,46,11,60,55,35,78,126,64" hai3="127,20,30,12,49,104,111,25,129,18,67,130,21"/><U128/><E135/><V107/><F107/><W42/><G104/><T81/><D117/><U113/><E113/><V51/><F35/><W66/><G111/><T120/><D120/><U108/><E128/><N who="3" m="49258" /><G127/><T115/><D115/><U133/><E133/><V4/><F75/><W73/><G73/><T38/><D94/><U85/><E99/><V27/><F27/><W131/><G131/><T103/><D103/><U2/><E85/><V7/><F126/><W15/><G15/><T0/><D71/><U41/><E41/><N who="2" m="24655" /><F60/><W72/><G72/><T44/><D69/><U57/><E77/><V59/><F92/><W125/><G125/><T19/><D0/><U102/><E102/><V29/><F29/><W100/><G100/><T45/><D38/><U98/><E98/><V123/><F123/><W62/><G62/><T3/><D3/><U43/><E43/><V68/><F68/><W90/><G90/><T105/><D105/><U40/><E40/><V5/><F11/><W82/><G82/><AGARI ba="0,0" hai="4,5,7,51,55,59,64,65,78,82,87" m="24655" machi="82" ten="30,1000,0" yaku="8,1" doraHai="112" who="2" fromWho="3" sc="237,0,277,0,243,10,243,-10" /><INIT seed="2,0,0,1,0,16" ten="237,277,253,233" oya="2" hai0="51,77,11,55,58,94,135,66,19,52,110,76,46" hai1="62,75,123,107,74,113,45,37,117,89,115,90,78" hai2="10,134,87,29,34,132,64,92,1,112,129,57,59" hai3="48,31,22,2,97,40,126,13,28,35,5,104,72"/><V81/><F112/><W127/><G72/><T83/><D110/><U33/><E33/><V41/><F41/><W63/><G63/><T36/><D135/><N who="2" m="51754" /><F34/><W131/><G131/><T43/><D66/><U99/><E62/><V80/><F29/><W105/><G35/><T42/><D94/><N who="1" m="56791" /><E45/><V69/><F129/><W7/><G2/><T15/><D36/><U61/><E61/><N who="2" m="40079" /><F92/><W101/><G104/><T14/><D14/><U88/><E37/><V122/><F122/><W67/><G67/><T109/><D109/><U120/><E117/><V91/><F81/><W85/><G31/><T25/><D25/><U128/><E128/><V27/><F27/><W4/><G28/><T82/><D82/><N who="1" m="45399" /><E107/><V18/><F18/><N who="3" m="10575" /><G48/><N who="0" m="30983" /><D83/><U108/><E108/><V0/><F0/><W114/><G40/><AGARI ba="0,0" hai="11,15,19,40,42,43,46,51,55,76,77" m="30983" machi="40" ten="30,2000,0" yaku="8,1,54,1" doraHai="16" who="0" fromWho="3" sc="237,20,277,0,253,0,233,-20" /><INIT seed="3,0,0,2,0,56" ten="257,277,253,213" oya="3" hai0="12,81,48,6,111,26,84,18,36,113,95,21,49" hai1="133,46,101,127,97,124,67,31,42,32,27,63,107" hai2="57,7,2,38,88,71,53,80,5,105,119,25,109" hai3="90,117,65,43,96,85,128,114,1,9,61,121,131"/><W93/><G114/><T58/><D111/><U74/><E74/><V120/><F119/><W129/><G117/><T126/><D126/><U66/><E133/><V47/><F105/><W112/><G121/><T122/><D36/><N who="1" m="21831" /><E66/><V132/><F109/><W89/><G112/><T76/><D122/><U17/><E17/><V4/><F71/><AGARI ba="0,0" hai="27,31,32,63,67,71,97,101,107,124,127" m="21831" machi="71" ten="30,3900,0" yaku="25,1,23,1,52,1" doraHai="56" who="1" fromWho="2" sc="257,0,277,39,253,-39,213,0" owari="257,5.7,316,41.6,214,-18.6,213,-28.7" /></mjloggm>