<mjloggm ver="2.3"><GO type="225" lobby="0"/><UN n0="%E9%A2%A8%E7%B8%AB" n1="%73%69%67%65%6E%6F%72%69" n2="%E6%A1%9C%E8%8A%B1%E9%96%83%E3%80%85" n3="%E4%BF%BA%E3%81%A8%E5%A6%96%E5%A4%A2" dan="16,18,16,16" rate="2083.42,2248.44,2134.58,2143.17" sx="M,M,M,F"/><TAIKYOKU oya="0"/><INIT seed="0,0,0,1,3,79" ten="250,250,250,250" oya="0" hai0="17,115,37,40,125,86,41,2,73,71,19,35,66" hai1="89,112,43,21,18,67,82,126,97,51,4,84,104" hai2="61,91,124,44,3,31,116,10,93,69,70,96,98" hai3="100,108,77,14,121,22,39,60,38,28,8,130,0"/><T120/><D86/><U16/><E126/><V20/><F124/><W109/><G130/><T27/><D41/><U62/><E112/><V107/><F116/><W103/><G121/><T55/><D19/><U48/><E4/><V68/><F44/><W85/><G0/><T80/><D55/><U135/><E135/><V119/><F119/><W52/><G22/><T111/><D17/><U132/><E132/><V50/><F50/><N who="1" m="18985" /><E104/><V81/><F61/><W122/><G28/><N who="0" m="19871" /><D115/><U7/><E7/><V129/><F129/><W36/><G122/><T9/><D120/><U15/><E97/><V53/><F53/><W99/><G52/><T76/><D125/><U106/><E106/><V47/><F47/><W110/><G60/><N who="0" m="40391" /><D111/><U95/><E43/><V11/><F3/><W78/><G78/><T26/><D26/><N who="1" m="14631" /><E62/><V24/><F10/><W133/><G133/><T13/><D13/><U6/><E6/><V34/><F11/><W72/><G72/><T87/><D87/><U101/><E67/><V64/><F64/><W5/><REACH who="3" step="1"/><G99/><REACH who="3" ten="250,250,250,240" step="2"/><T74/><D74/><U58/><E15/><V46/><F20/><W118/><G118/><T83/><D9/><U127/><E127/><V54/><F98/><W65/><G65/><T128/><D2/><U105/><E84/><V30/><F96/><W94/><G94/><T57/><D128/><U25/><E95/><V32/><F93/><W113/><G113/><T102/><D102/><U33/><E101/><V90/><F107/><W45/><G45/><N who="0" m="23695" /><D83/><AGARI ba="0,1" hai="5,8,14,36,38,39,77,83,85,100,103,108,109,110" machi="83" ten="50,6400,0" yaku="1,1,14,1,52,1,53,0" doraHai="79" doraHaiUra="49" who="3" fromWho="0" sc="250,-64,250,0,250,0,240,74" /><INIT seed="1,0,0,2,5,107" ten="186,250,250,314" oya="1" hai0="86,15,88,79,59,54,68,56,114,95,84,98,8" hai1="17,76,69,75,47,93,44,13,61,10,16,74,30" hai2="112,35,5,125,129,48,64,124,71,28,103,51,123" hai3="7,130,53,128,39,78,20,117,96,57,92,23,24"/><U105/><E105/><V126/><F123/><W63/><G39/><T80/><D68/><U108/><E108/><V6/><F129/><N who="3" m="49771" /><G117/><T62/><D114/><U110/><E110/><V21/><F35/><W50/><G7/><N who="2" m="2569" /><F103/><N who="3" m="60807" /><G78/><T36/><D36/><U89/><E30/><V0/><F0/><W127/><G127/><T46/><D46/><U111/><E111/><V67/><F112/><W12/><G12/><T55/><D15/><U85/><E17/><V90/><F90/><W121/><G121/><T18/><D18/><U135/><E135/><V9/><F9/><W49/><G23/><T27/><D27/><U99/><E99/><V38/><F38/><W3/><G3/><T60/><D8/><U37/><E76/><V113/><F113/><W4/><G4/><T19/><D19/><AGARI ba="0,0" hai="19,20,24,49,50,53,57,63" m="60807,49771" machi="19" ten="30,1000,0" yaku="19,1" doraHai="107" who="3" fromWho="0" sc="186,-10,250,0,250,0,314,10" /><INIT seed="2,0,0,3,4,104" ten="176,250,250,324" oya="2" hai0="122,98,19,82,7,103,88,94,118,8,38,123,132" hai1="59,26,72,113,45,100,9,102,110,13,99,96,105" hai2="61,76,50,56,116,89,47,86,120,43,68,4,30" hai3="128,11,84,107,20,34,129,51,81,53,48,16,67"/><V17/><F116/><W73/><G34/><T77/><D118/><U62/><E110/><V85/><F120/><W91/><G107/><T64/><D64/><U42/><E113/><V25/><F68/><W60/><G11/><T46/><D132/><U80/><E26/><V108/><F108/><W127/><G127/><T75/><D19/><U54/><E80/><N who="2" m="47239" /><F4/><W95/><G73/><T135/><D135/><U70/><E70/><V66/><F17/><W121/><G121/><T92/><D92/><U23/><E23/><N who="2" m="15679" /><F86/><W31/><G31/><T57/><D57/><U24/><E24/><V130/><F130/><N who="3" m="50283" /><G53/><T1/><D103/><U27/><E27/><V65/><F89/><W126/><G81/><T115/><D115/><U97/><E72/><V29/><F29/><W14/><G126/><T12/><D12/><U78/><E78/><V49/><F49/><W41/><G41/><AGARI ba="0,0" hai="1,7,8,38,41,46,75,77,82,88,94,98,122,123" machi="41" ten="40,8000,1" yaku="25,2,52,1,54,1" doraHai="104" who="0" fromWho="3" sc="176,80,250,0,250,0,324,-80" /><INIT seed="3,0,0,1,3,74" ten="256,250,250,244" oya="3" hai0="127,125,115,105,65,63,109,86,7,100,58,40,55" hai1="81,94,68,129,54,3,113,2,37,57,35,112,6" hai2="9,117,132,91,108,69,89,119,61,98,101,29,31" hai3="84,21,88,11,104,16,114,128,4,25,39,133,103"/><W59/><G114/><T71/><D115/><U0/><E6/><V70/><F108/><W17/><G39/><T83/><D40/><U97/><E68/><V73/><F73/><W56/><G133/><T72/><D7/><U122/><E122/><V116/><F132/><W8/><G128/><T43/><D43/><U121/><E121/><V41/><F41/><W34/><G34/><T51/><D72/><U75/><E35/><V14/><F31/><W134/><G134/><T76/><REACH who="0" step="1"/><D109/><REACH who="0" ten="246,250,250,244" step="2"/><U111/><E111/><V77/><F117/><W87/><G4/><T92/><D92/><U24/><E37/><V27/><F119/><W135/><G135/><T30/><D30/><U80/><E75/><V48/><F29/><W107/><G107/><T38/><D38/><U19/><E113/><V10/><F116/><W32/><G32/><T60/><D60/><U15/><E112/><V26/><F61/><W66/><G17/><T50/><D50/><U33/><E33/><V23/><F48/><W106/><G106/><T96/><AGARI ba="0,1" hai="51,55,58,63,65,71,76,83,86,96,100,105,125,127" machi="96" ten="30,4000,0" yaku="1,1,0,1,52,1,53,0" doraHai="74" doraHaiUra="5" who="0" fromWho="0" sc="246,50,250,-10,250,-10,244,-20" /><INIT seed="4,0,0,2,0,80" ten="296,240,240,224" oya="0" hai0="21,127,41,24,86,85,34,103,110,89,10,54,91" hai1="12,13,26,2,52,9,64,62,133,111,116,72,100" hai2="95,23,44,35,4,129,46,82,59,79,126,8,1" hai3="50,69,75,119,65,132,81,6,39,56,134,122,76"/><T14/><D41/><U5/><E111/><V61/><F35/><W27/><G119/><T102/><D34/><U90/><E116/><V53/><F129/><W97/><G39/><T16/><D54/><U29/><E72/><V106/><F106/><W19/><G69/><T68/><D68/><U28/><E133/><N who="3" m="51306" /><G6/><N who="0" m="3415" /><D110/><U96/><E90/><N who="0" m="34313" /><D127/><U17/><E52/><V43/><F126/><W15/><G122/><T108/><D108/><U25/><E2/><V118/><F118/><W22/><G50/><T3/><D3/><U30/><E62/><V71/><F71/><W51/><G51/><T104/><D104/><U33/><E33/><V99/><F43/><W101/><G56/><T60/><D60/><U84/><E5/><V47/><F47/><W73/><G65/><T40/><D40/><U0/><E64/><V107/><F107/><N who="3" m="63919" /><G75/><T124/><D124/><U32/><E0/><V78/><F46/><W11/><G11/><T125/><D125/><U113/><E9/><V37/><F44/><W105/><G105/><T42/><D42/><U74/><E74/><V36/><F36/><W87/><G73/><T70/><D70/><U112/><E32/><V38/><F38/><W114/><G114/><T135/><D135/><U18/><E113/><V92/><F37/><W130/><G130/><T66/><D66/><U83/><E112/><V58/><F58/><W88/><G76/><N who="2" m="29225" /><F82/><W45/><G45/><T131/><D131/><U109/><E109/><V121/><F121/><W115/><G115/><T7/><D7/><U67/><E83/><V94/><F99/><W93/><G81/><RYUUKYOKU ba="0,0" sc="296,10,240,-30,240,10,224,10" hai0="16,21,24,85,86,102,103" hai2="1,4,8,23,53,59,61,92,94,95" hai3="15,19,22,27,87,88,93" owari="306,40.6,210,-29.0,250,5.0,234,-16.6" /></mjloggm>