<mjloggm ver="2.3"><GO type="225" lobby="0"/><UN n0="%E3%81%BF%E3%81%BF%E3%81%9A" n1="%72%65%6E%6B%75%6E" n2="%E3%80%93%E3%81%97%E3%83%BC%E3%82%89%E3%80%93" n3="%E6%A5%93%E4%BB%8B" dan="17,17,16,17" rate="2181.95,2216.07,2247.82,2078.29" sx="M,M,M,M"/><TAIKYOKU oya="0"/><INIT seed="0,0,0,2,1,73" ten="250,250,250,250" oya="0" hai0="105,68,117,114,70,77,53,49,54,50,83,34,104" hai1="130,63,41,66,94,99,67,11,84,45,122,42,57" hai2="40,74,115,135,44,38,64,56,62,35,6,78,8" hai3="80,24,13,17,93,12,47,123,125,87,127,90,120"/><T29/><D114/><U39/><E122/><N who="3" m="46634" /><G24/><T71/><D117/><U134/><E134/><V16/><F115/><W98/><G47/><T58/><D29/><U65/><E130/><V27/><F135/><W52/><G52/><T109/><D34/><U91/><E41/><V116/><F116/><W20/><G13/><T3/><D109/><U76/><REACH who="1" step="1"/><E11/><REACH who="1" ten="250,240,250,250" step="2"/><V25/><F35/><W61/><G61/><T7/><D3/><U43/><E43/><V97/><F97/><W121/><G121/><T31/><D7/><U69/><E69/><V1/><F16/><W95/><G98/><T15/><D31/><U131/><E131/><V96/><F96/><W46/><G127/><T124/><D124/><U9/><E9/><V82/><AGARI ba="0,1" hai="1,6,8,25,27,38,40,44,56,62,64,74,78,82" machi="82" ten="30,7900,0" yaku="0,1,25,2,52,1" doraHai="73" who="2" fromWho="2" sc="250,-39,240,-20,250,89,250,-20" /><INIT seed="1,0,0,3,0,60" ten="211,220,339,230" oya="1" hai0="91,113,63,55,71,32,98,92,45,86,79,13,5" hai1="112,62,66,34,77,35,64,25,41,88,4,74,47" hai2="58,115,16,67,1,120,133,102,10,57,31,59,117" hai3="103,73,52,118,78,85,72,108,128,30,49,9,126"/><U101/><E112/><V2/><F117/><W14/><G108/><T76/><D113/><U38/><E101/><V97/><F115/><W42/><G128/><T109/><D32/><U8/><E25/><V132/><F120/><W127/><G42/><T51/><D109/><U122/><E122/><V29/><F67/><W89/><G30/><N who="2" m="11273" /><F16/><N who="3" m="8271" /><G78/><T82/><D71/><N who="1" m="42391" /><E88/><V119/><F10/><W44/><G103/><T69/><D69/><U27/><E27/><V83/><F83/><N who="3" m="49343" /><G118/><T26/><D26/><U54/><E54/><V135/><F119/><W111/><G111/><T33/><D33/><U130/><E66/><V48/><F48/><W116/><G116/><T90/><D63/><U43/><E43/><V84/><F84/><W95/><G95/><AGARI ba="0,0" hai="1,2,57,58,59,95,97,102,132,133,135" m="11273" machi="95" ten="40,1300,0" yaku="20,1" doraHai="60" who="2" fromWho="3" sc="211,0,220,0,339,13,230,-13" /><INIT seed="2,0,0,2,5,120" ten="211,220,352,217" oya="2" hai0="109,28,39,48,63,29,87,93,117,11,132,8,69" hai1="19,49,104,16,26,86,37,99,45,21,75,130,54" hai2="113,12,51,70,91,107,84,89,105,101,1,90,18" hai3="20,88,2,121,65,110,64,135,111,80,108,92,36"/><V124/><F70/><W5/><G121/><T15/><D39/><U23/><E75/><V47/><F1/><W102/><G36/><T131/><D69/><U38/><E130/><V57/><F113/><W129/><G129/><T94/><D131/><U71/><E71/><V74/><F74/><W22/><G135/><T34/><D63/><U76/><E76/><V31/><F124/><W30/><G102/><T112/><D112/><U68/><E68/><V13/><F31/><N who="0" m="11850" /><D34/><U55/><E86/><V42/><F84/><N who="3" m="52231" /><G80/><T44/><D109/><U17/><E54/><V115/><F115/><W118/><G118/><T123/><D123/><U95/><E104/><V35/><F35/><W62/><G30/><T14/><D132/><U126/><E126/><V33/><F33/><W4/><G2/><T9/><D117/><U25/><REACH who="1" step="1"/><E19/><REACH who="1" ten="211,210,352,217" step="2"/><V77/><F18/><W24/><G65/><T41/><D87/><U58/><E58/><V43/><F57/><N who="3" m="36943" /><G22/><T114/><D114/><U59/><E59/><V40/><F107/><W106/><G106/><T125/><D125/><U83/><E83/><V73/><F105/><W61/><G61/><T50/><D94/><U103/><AGARI ba="0,1" hai="16,17,21,23,25,26,37,38,45,49,55,95,99,103" machi="103" ten="20,8000,1" yaku="1,1,0,1,7,1,9,1,54,1,53,0" doraHai="120" doraHaiUra="82" who="1" fromWho="1" sc="211,-20,210,90,352,-40,217,-20" /><INIT seed="3,0,0,5,3,87" ten="191,300,312,197" oya="3" hai0="117,64,131,132,51,123,103,86,73,112,71,70,63" hai1="75,92,13,68,21,90,78,85,56,52,5,82,97" hai2="102,62,38,129,115,24,109,28,54,93,1,49,135" hai3="116,128,91,125,80,37,36,95,124,4,31,45,14"/><W3/><G116/><T16/><D73/><U81/><E68/><V104/><F38/><W88/><G3/><T50/><D117/><U122/><E122/><V127/><F1/><W134/><G31/><T26/><D123/><U111/><E111/><V9/><F115/><W17/><G4/><T20/><D112/><U89/><E21/><V27/><F9/><W22/><G134/><T53/><D132/><U133/><E133/><V76/><F104/><W101/><G128/><T108/><D131/><U41/><E41/><V119/><F109/><W23/><G23/><T96/><D108/><U130/><E130/><V60/><F76/><W55/><G80/><T66/><D53/><U98/><E98/><N who="2" m="59727" /><F135/><W118/><G118/><T67/><D86/><U42/><E42/><V39/><F39/><N who="3" m="14923" /><G95/><T35/><D35/><U8/><E56/><N who="2" m="32847" /><F119/><W114/><G101/><T30/><D30/><U83/><E52/><V47/><F129/><W6/><G6/><T33/><D33/><U65/><REACH who="1" step="1"/><E82/><REACH who="1" ten="191,290,312,197" step="2"/><V79/><F62/><W43/><G114/><T10/><D10/><U110/><E110/><V84/><F60/><W32/><G32/><T58/><D58/><U126/><E126/><N who="3" m="48746" /><G43/><T18/><D63/><U99/><E99/><V61/><F127/><W15/><G15/><N who="0" m="9247" /><D71/><U57/><E57/><V0/><F0/><W72/><G72/><T77/><D70/><U44/><E44/><V106/><F47/><W12/><G14/><T46/><D46/><U105/><E105/><V120/><F106/><W107/><G107/><N who="0" m="63975" /><D77/><U29/><E29/><V94/><F28/><W48/><AGARI ba="0,1" hai="12,17,22,45,48,55,88,91" m="48746,14923" machi="48" ten="40,12000,1" yaku="5,1,18,1,52,2,54,1" doraHai="87" who="3" fromWho="3" sc="191,-40,290,-40,312,-40,197,130" owari="151,-34.9,250,-15.0,272,7.2,327,42.7" /></mjloggm>