<mjloggm ver="2.3"><GO type="225" lobby="0"/><UN n0="%43%68%65" n1="%E6%9C%88%E5%B3%B6%E5%9F%BA" n2="%E6%98%BC%E4%B8%8B%E3%81%8C%E3%82%8A%E3%81%AE%E5%9B%A3%E5%9C%B0%E5%A6%BB" n3="%E6%9D%B1%E9%A2%A8%E3%81%AE%E3%81%8D%E3%82%83%E3%81%B7%E3%81%95%E3%82%93" dan="16,16,16,16" rate="2198.43,2010.55,2139.38,2077.79" sx="M,M,F,M"/><TAIKYOKU oya="0"/><INIT seed="0,0,0,5,4,93" ten="250,250,250,250" oya="0" hai0="135,1,78,40,41,6,75,83,79,52,132,95,88" hai1="26,114,127,71,116,16,123,38,61,13,32,70,68" hai2="30,101,12,49,24,124,130,5,54,72,50,4,15" hai3="28,55,76,45,117,128,126,105,48,80,44,109,7"/><T66/><D79/><U104/><E116/><V103/><F72/><W94/><G105/><T21/><D66/><U29/><E123/><V53/><F130/><W18/><G117/><T120/><D120/><U33/><E127/><V11/><F124/><W63/><G28/><T69/><D69/><U115/><E38/><V86/><F86/><W65/><G109/><T81/><D81/><U131/><E131/><V10/><F30/><W91/><G7/><T20/><D1/><U108/><E108/><V122/><F122/><W23/><G44/><T58/><D6/><U22/><E104/><V2/><F24/><W47/><G47/><T125/><D125/><U98/><E98/><V133/><F133/><N who="0" m="51274" /><D41/><U60/><REACH who="1" step="1"/><E33/><REACH who="1" ten="250,240,250,250" step="2"/><V100/><F2/><W89/><G126/><T106/><D106/><U64/><E64/><V67/><F67/><W59/><G128/><T31/><D40/><U39/><E39/><V51/><AGARI ba="0,1" hai="4,5,10,11,12,15,49,50,51,53,54,100,101,103" machi="51" ten="30,4000,0" yaku="0,1,9,1,8,1" doraHai="93" who="2" fromWho="2" sc="250,-20,240,-10,250,50,250,-10" /><INIT seed="1,0,0,1,0,63" ten="230,230,300,240" oya="1" hai0="77,8,29,62,43,64,26,27,78,104,127,122,36" hai1="91,125,117,114,113,126,94,32,85,51,25,88,120" hai2="123,2,124,80,21,70,37,38,33,61,53,67,19" hai3="24,86,101,23,84,102,130,74,76,128,47,116,65"/><U58/><E117/><V30/><F123/><W93/><G47/><T42/><D122/><U92/><E120/><V60/><F2/><W50/><G50/><T115/><D115/><U12/><E12/><V133/><F124/><N who="1" m="47721" /><E32/><V87/><F133/><W39/><G39/><T52/><D127/><U56/><E25/><V44/><F33/><W34/><G34/><T79/><D104/><U46/><E113/><V83/><F30/><W103/><G116/><T45/><D8/><U89/><E114/><V28/><F28/><W15/><G15/><T105/><D105/><U41/><E91/><V68/><F53/><W13/><G13/><T16/><D29/><U107/><E107/><V11/><F11/><W121/><G121/><T1/><D1/><U57/><E56/><V72/><F21/><W5/><G5/><T54/><D43/><U110/><E110/><V96/><F19/><W9/><G9/><T17/><D27/><U22/><E22/><V109/><F109/><W14/><G14/><T100/><D100/><U59/><E59/><V35/><F35/><W97/><G23/><N who="0" m="13671" /><D17/><U90/><E90/><V40/><F40/><W7/><G24/><T112/><D112/><U69/><E69/><V98/><F70/><W10/><G10/><T6/><D6/><U48/><E48/><V75/><F68/><W82/><G7/><T0/><D0/><U106/><E106/><V4/><F4/><W18/><G18/><T66/><D62/><U111/><E111/><V73/><F61/><W119/><G119/><T49/><D36/><U99/><AGARI ba="0,0" hai="41,46,51,57,58,85,88,89,92,94,99" m="47721" machi="99" ten="30,3000,0" yaku="18,1,54,1" doraHai="63" who="1" fromWho="1" sc="230,-10,230,30,300,-10,240,-10" /><INIT seed="1,1,0,0,0,41" ten="220,260,290,230" oya="1" hai0="0,71,94,117,39,112,83,2,131,122,21,102,12" hai1="123,111,80,128,65,88,107,72,69,29,74,89,11" hai2="23,87,115,44,114,99,17,118,56,43,81,70,109" hai3="134,6,76,10,19,104,135,67,18,9,58,7,125"/><U120/><E29/><V77/><F70/><W110/><G58/><T48/><D39/><U68/><E11/><N who="3" m="4106" /><G67/><T47/><D112/><N who="2" m="43050" /><F118/><W132/><G76/><T42/><D117/><U50/><E50/><N who="2" m="26911" /><F109/><W61/><G61/><T64/><D131/><U38/><E65/><V97/><F56/><W85/><G85/><T40/><D122/><N who="1" m="46635" /><E80/><V49/><F49/><W37/><G37/><T73/><D42/><U62/><E62/><V51/><F51/><W129/><G104/><T13/><D64/><U126/><E107/><V25/><AGARI ba="1,0" hai="17,23,25,77,81,87,97,99" m="26911,43050" machi="25" ten="30,2000,0" yaku="11,1,52,1" doraHai="41" who="2" fromWho="2" sc="220,-6,260,-11,290,23,230,-6" /><INIT seed="2,0,0,2,3,104" ten="214,249,313,224" oya="2" hai0="70,97,59,116,54,78,26,133,38,96,81,105,44" hai1="74,93,12,87,4,125,76,67,28,43,29,84,77" hai2="107,117,90,14,21,36,120,52,100,110,126,132,64" hai3="60,75,0,22,72,40,51,31,89,5,49,121,118"/><V98/><F117/><W65/><G121/><T47/><D116/><U91/><E125/><V102/><F120/><W45/><G118/><T57/><D70/><U53/><E74/><V92/><F36/><W1/><G51/><T66/><D133/><U73/><E73/><V134/><F64/><W109/><G109/><T18/><D66/><U113/><E113/><V103/><F126/><W82/><G89/><T20/><D59/><U128/><E128/><V71/><F71/><W41/><G41/><T63/><D38/><U55/><E43/><V135/><F110/><W27/><G82/><T68/><D68/><U33/><E33/><V108/><F108/><W119/><G119/><T30/><D30/><N who="1" m="11883" /><E87/><V112/><F112/><W3/><REACH who="3" step="1"/><G5/><REACH who="3" ten="214,249,313,214" step="2"/><T2/><D2/><U25/><E4/><V23/><F132/><W69/><AGARI ba="0,1" hai="0,1,3,22,27,31,40,45,49,60,65,69,72,75" machi="69" ten="30,8000,1" yaku="1,1,2,1,0,1,52,2,53,0" doraHai="104" doraHaiUra="10" who="3" fromWho="3" sc="214,-20,249,-20,313,-40,214,90" /><INIT seed="3,0,0,3,1,95" ten="194,229,273,304" oya="3" hai0="122,88,127,8,67,42,44,23,113,47,43,86,37" hai1="70,96,15,10,90,65,123,87,132,104,28,94,53" hai2="41,121,78,134,46,92,76,55,27,62,3,102,117" hai3="99,114,52,82,22,118,59,60,56,130,81,100,30"/><W128/><G118/><T16/><D122/><U112/><E112/><V107/><F117/><W74/><G114/><T50/><D113/><U103/><E123/><V71/><F121/><W61/><G22/><T72/><D127/><U83/><E132/><V45/><F134/><W79/><G30/><T54/><D72/><U35/><E53/><V115/><F115/><W135/><G82/><T105/><D105/><U93/><E65/><V49/><F3/><W84/><G74/><T48/><D67/><U29/><E70/><V119/><F107/><W89/><G79/><T108/><D108/><U5/><E35/><V68/><F119/><W38/><G38/><T0/><D0/><U75/><E94/><V6/><F6/><W106/><G135/><T1/><D1/><U77/><AGARI ba="0,0" hai="5,10,15,28,29,75,77,83,87,90,93,96,103,104" machi="77" ten="30,7900,0" yaku="0,1,24,2,52,1" doraHai="95" who="1" fromWho="1" sc="194,-20,229,79,273,-20,304,-39" owari="174,-32.6,308,40.8,253,-14.7,265,6.5" /></mjloggm>