<mjloggm ver="2.3"><GO type="225" lobby="0"/><UN n0="%33%74%72%65%65" n1="%E3%82%A4%E3%83%BC%E3%82%B1%E3%83%97%E3%83%A9" n2="%E7%9A%AE%E3%80%85" n3="%E3%83%81%E3%83%83%E3%82%BF%E3%82%BD%E3%83%BC" dan="17,16,16,16" rate="2228.91,2132.66,2157.67,2149.60" sx="M,M,F,F"/><TAIKYOKU oya="0"/><INIT seed="0,0,0,2,3,4" ten="250,250,250,250" oya="0" hai0="13,55,46,104,96,128,105,97,134,94,129,42,21" hai1="29,110,119,10,70,26,9,122,14,41,85,108,81" hai2="133,40,100,32,87,84,86,2,11,82,90,19,75" hai3="117,106,3,111,93,95,73,91,22,78,79,6,18"/><T77/><D77/><U23/><E119/><V115/><F115/><W53/><G111/><N who="1" m="42538" /><E122/><V52/><F32/><W64/><G117/><T112/><D112/><U7/><E70/><V62/><F40/><W126/><G106/><N who="0" m="41067" /><D55/><U57/><E41/><V88/><F133/><W125/><G64/><T116/><D116/><U27/><E57/><N who="2" m="35111" /><F75/><W0/><G53/><T51/><D134/><U50/><E50/><V54/><F2/><W74/><G6/><T130/><D94/><U121/><E121/><V38/><F38/><W31/><G31/><T76/><D76/><N who="1" m="46247" /><E26/><V68/><F68/><W83/><G83/><T98/><D13/><U113/><E113/><V28/><F28/><W123/><G123/><T72/><D72/><U89/><E89/><N who="2" m="34411" /><F100/><W127/><G91/><T37/><D37/><U35/><E35/><V118/><F54/><W67/><G67/><T60/><D60/><U66/><E66/><V92/><F92/><N who="3" m="35403" /><G73/><T135/><D135/><U33/><E7/><V63/><F63/><W30/><G30/><T44/><D44/><U65/><E65/><V36/><F36/><W45/><G45/><T16/><D98/><U71/><E71/><V61/><F61/><W34/><G34/><T15/><AGARI ba="0,0" hai="15,16,21,42,46,51,96,97,128,129,130" m="41067" machi="15" ten="40,3900,0" yaku="19,1,54,1" doraHai="4" who="0" fromWho="0" sc="250,39,250,-13,250,-13,250,-13" /><INIT seed="0,1,0,4,3,74" ten="289,237,237,237" oya="0" hai0="122,26,59,128,73,29,50,114,23,101,51,80,44" hai1="127,35,70,106,67,65,4,20,113,32,19,39,38" hai2="78,63,104,126,31,99,75,27,12,47,82,54,24" hai3="119,56,105,17,135,40,129,71,87,45,72,13,130"/><T64/><D122/><U11/><E106/><V41/><F126/><W125/><G72/><T69/><D114/><U111/><E127/><V132/><F132/><W66/><G125/><T79/><D128/><U52/><E111/><V61/><F12/><W28/><G71/><T94/><D69/><U60/><E113/><V16/><F54/><W33/><G105/><T15/><D15/><U2/><E67/><V118/><F118/><W25/><G119/><T86/><D44/><U97/><E97/><V9/><F9/><W68/><G68/><T93/><D73/><U48/><E39/><V58/><F58/><W112/><G112/><T103/><D93/><U100/><E100/><N who="0" m="38473" /><D94/><U53/><E38/><V37/><F99/><W121/><G135/><T83/><D80/><U134/><E53/><V3/><F3/><W115/><G115/><T30/><D29/><U102/><E102/><V55/><F55/><W5/><G121/><T123/><D123/><U57/><REACH who="1" step="1"/><E134/><REACH who="1" ten="289,227,237,237" step="2"/><V110/><F110/><W117/><G117/><T34/><D64/><U107/><E107/><V8/><F104/><W133/><G133/><T131/><D131/><U89/><E89/><V120/><F120/><W95/><G129/><T77/><D77/><U6/><E6/><V81/><F78/><W49/><G130/><T21/><D79/><U62/><E62/><V84/><F63/><W0/><G5/><T46/><D50/><U92/><E92/><V88/><F61/><N who="3" m="38183" /><G95/><T91/><D46/><U109/><E109/><V14/><F31/><W36/><G36/><T96/><D96/><U108/><E108/><RYUUKYOKU ba="1,1" sc="289,10,227,10,237,10,237,-30" hai0="21,23,26,30,34,51,59,83,86,91" hai1="2,4,11,19,20,32,35,48,52,57,60,65,70" hai2="8,14,16,24,27,37,41,47,75,81,82,84,88" /><INIT seed="0,2,1,5,5,52" ten="299,237,247,207" oya="0" hai0="43,66,83,109,106,27,39,47,46,85,118,7,36" hai1="104,124,135,25,122,2,102,22,113,50,134,32,49" hai2="133,61,93,20,92,101,45,75,68,30,63,120,58" hai3="90,41,94,44,12,78,31,128,71,57,19,48,65"/><T70/><D118/><U9/><E122/><V13/><F120/><W80/><G128/><T110/><D106/><U37/><E32/><V129/><F75/><W17/><G31/><T38/><D7/><N who="1" m="1271" /><E37/><V74/><F74/><W26/><G71/><T6/><D6/><U111/><E111/><N who="0" m="42505" /><D46/><U15/><E15/><V11/><F129/><W10/><G26/><T4/><D4/><U84/><E84/><V16/><F133/><N who="1" m="50697" /><E124/><V89/><F68/><W88/><G19/><T127/><D127/><U59/><E113/><V3/><F45/><W54/><G65/><T8/><D8/><U79/><E79/><V76/><F76/><W114/><G94/><T56/><D27/><U87/><E87/><V28/><F101/><W21/><G10/><T23/><D23/><U131/><E131/><V72/><F72/><W69/><G114/><T103/><D103/><U18/><E59/><V123/><F123/><W117/><G69/><T116/><D70/><U132/><E132/><V64/><F63/><W40/><G117/><T107/><D116/><U121/><E121/><V91/><F3/><W29/><G57/><T14/><D14/><U42/><E42/><V67/><F11/><N who="3" m="6303" /><G40/><T115/><D115/><U0/><E0/><V62/><F30/><W55/><G29/><T108/><D108/><U5/><E5/><V82/><F28/><W126/><G126/><T60/><D107/><U95/><E104/><V81/><F58/><W99/><G21/><T100/><D100/><U105/><E105/><V96/><F20/><W98/><G44/><T24/><D24/><U73/><E73/><RYUUKYOKU ba="2,1" sc="299,15,237,15,247,-15,207,-15" hai0="36,38,39,43,47,56,60,66,83,85" hai1="18,22,25,49,50,95,102" /><INIT seed="0,3,1,2,1,106" ten="314,252,232,192" oya="0" hai0="35,24,119,94,104,8,10,67,4,44,85,93,33" hai1="116,34,51,134,122,74,63,83,30,55,88,102,75" hai2="77,92,48,101,121,39,80,91,22,117,129,60,98" hai3="28,14,100,41,81,73,17,72,110,95,107,79,84"/><T53/><D119/><U132/><E116/><V62/><F121/><W5/><G110/><T89/><D104/><U130/><E122/><V54/><F39/><W86/><G5/><T25/><D67/><U2/><E2/><V105/><F117/><W108/><G108/><T87/><D44/><U118/><E118/><V38/><F38/><W58/><G28/><T133/><D53/><U56/><E102/><V135/><F22/><W42/><G107/><T127/><D127/><U90/><E130/><V20/><F20/><W78/><G58/><T109/><D109/><U6/><E6/><V32/><F32/><W123/><G123/><T64/><D64/><U128/><E128/><V29/><F29/><W1/><G1/><T69/><D4/><U112/><E112/><V18/><F18/><W97/><G86/><T57/><D57/><U9/><E9/><V16/><F16/><W131/><G131/><T111/><D111/><U0/><E0/><V40/><F40/><W71/><G71/><T65/><D65/><U47/><E30/><V49/><F49/><W103/><G103/><T11/><D69/><U68/><E34/><V31/><F31/><W13/><G13/><T82/><D35/><U114/><E68/><V113/><F113/><W19/><G19/><T43/><D33/><U26/><E26/><N who="0" m="10345" /><D43/><N who="3" m="16393" /><G79/><N who="0" m="46303" /><D94/><U124/><E114/><V76/><F129/><W99/><G97/><T115/><D115/><U3/><E3/><V126/><F98/><W125/><G125/><T61/><D61/><U15/><E124/><V52/><F62/><W96/><G99/><T21/><D21/><AGARI ba="3,1" hai="14,17,21,72,73,78,81,84,95,96,100" m="16393" machi="21" ten="30,3900,0" yaku="6,1,52,2" doraHai="106" who="3" fromWho="0" sc="314,-48,252,0,232,0,192,58" /><INIT seed="1,0,0,2,5,96" ten="266,252,232,250" oya="1" hai0="20,32,11,71,92,111,100,6,27,98,90,59,112" hai1="101,118,108,79,107,109,113,48,13,21,9,110,67" hai2="57,39,88,47,10,38,102,80,134,56,58,121,34" hai3="131,14,89,76,85,123,116,97,65,24,16,2,117"/><U84/><E113/><V125/><F121/><W17/><G123/><T87/><D71/><U36/><E36/><V33/><F102/><W54/><G131/><T91/><D112/><U22/><E118/><N who="3" m="45674" /><G2/><T129/><D129/><U114/><E114/><V0/><F134/><W30/><G65/><T4/><D32/><U52/><E67/><V120/><F120/><W62/><G97/><T119/><D119/><U55/><E107/><V7/><F125/><W1/><G76/><T51/><D111/><U126/><E101/><V72/><F39/><W75/><G75/><T26/><D11/><U132/><E132/><V74/><F74/><W29/><G1/><T103/><D4/><N who="1" m="3239" /><E126/><V25/><F25/><N who="0" m="9226" /><D6/><U28/><E28/><N who="3" m="10858" /><G24/><T122/><D20/><N who="1" m="7787" /><E48/><V99/><F99/><W3/><G3/><T106/><D106/><U69/><E69/><V50/><F50/><W31/><G14/><T63/><D51/><U77/><E79/><N who="2" m="44135" /><F88/><W19/><G31/><T93/><D122/><U8/><E8/><V44/><F44/><W66/><G66/><AGARI ba="0,0" hai="59,63,66,87,90,91,92,93,98,100,103" m="9226" machi="66" ten="30,3900,0" yaku="8,1,52,2" doraHai="96" who="0" fromWho="3" sc="266,39,252,0,232,0,250,-39" /><INIT seed="2,0,0,2,0,113" ten="305,252,232,211" oya="2" hai0="18,56,8,120,37,131,4,96,25,70,1,33,71" hai1="42,117,12,0,97,65,76,28,80,43,50,5,78" hai2="15,95,48,49,3,62,133,46,110,66,32,63,127" hai3="20,128,101,108,93,75,124,11,74,24,83,130,36"/><V60/><F3/><W13/><G36/><T30/><D120/><U125/><E0/><V58/><F32/><W121/><G121/><T72/><D131/><N who="3" m="50217" /><G108/><T44/><D72/><U105/><E125/><V61/><F127/><W103/><G124/><T79/><D79/><U68/><E28/><V77/><F77/><N who="3" m="44471" /><G93/><T35/><D35/><U102/><E117/><V99/><F110/><W118/><G75/><T21/><D56/><U100/><E100/><N who="2" m="60543" /><F133/><W29/><G118/><T88/><D44/><U67/><E50/><N who="2" m="19563" /><F15/><W16/><AGARI ba="0,0" hai="11,13,16,20,24,29,101,103" m="44471,50217" machi="16" ten="30,2000,0" yaku="19,1,54,1" doraHai="113" who="3" fromWho="3" sc="305,-5,252,-5,232,-10,211,20" /><INIT seed="3,0,0,4,1,81" ten="300,247,222,231" oya="3" hai0="80,13,23,41,85,8,63,100,10,45,26,61,21" hai1="76,36,67,52,5,86,3,7,104,93,131,83,49" hai2="71,47,106,78,39,122,118,107,125,4,90,60,103" hai3="25,130,24,14,101,68,34,33,18,48,120,124,35"/><W55/><G120/><T50/><D100/><U94/><E36/><V42/><F118/><W29/><G68/><T31/><D21/><U121/><E121/><V135/><F122/><W88/><G124/><T105/><D105/><U30/><E104/><V133/><F125/><W112/><G130/><T56/><D56/><U22/><E131/><V19/><F4/><N who="1" m="1609" /><E3/><V1/><F1/><W84/><G101/><T75/><D75/><U91/><E67/><N who="2" m="41447" /><F78/><W77/><G77/><N who="0" m="46223" /><D8/><U54/><E49/><V9/><F90/><W119/><G112/><T123/><D123/><U134/><E134/><N who="2" m="51211" /><F103/><W37/><G37/><T129/><D129/><U59/><E59/><V74/><F74/><W79/><G79/><T2/><D2/><U128/><E128/><V89/><F89/><W97/><G97/><T16/><AGARI ba="0,0" hai="10,13,16,23,26,31,41,45,50,61,63" m="46223" machi="16" ten="30,4000,0" yaku="8,1,52,1,54,1" doraHai="81" who="0" fromWho="0" sc="300,40,247,-10,222,-10,231,-20" owari="340,44.0,237,3.7,212,-18.8,211,-28.9" /></mjloggm>