<mjloggm ver="2.3"><GO type="225" lobby="0"/><UN n0="%E6%A1%9C%E8%8A%B1%E9%96%83%E3%80%85" n1="%E3%83%96%E3%83%83%E3%83%91%E3%82%AA%E3%83%96%E3%83%81%E3%82%AD%E3%83%B3" n2="%4C%4F%4C%49%54%41" n3="%E7%99%BD%E5%80%89%E5%AF%9B%E4%B9%8B" dan="16,16,16,16" rate="2115.92,2123.27,2087.61,2121.87" sx="M,M,F,M"/><TAIKYOKU oya="0"/><INIT seed="0,0,0,0,3,125" ten="250,250,250,250" oya="0" hai0="25,49,6,14,132,40,71,100,108,78,110,76,126" hai1="66,7,30,96,122,80,134,67,117,44,98,56,27" hai2="3,106,13,115,88,109,2,11,43,107,19,128,34" hai3="93,62,59,120,75,114,112,102,53,111,65,58,28"/><T38/><D38/><U22/><E117/><V91/><F115/><W135/><G75/><T133/><D71/><U52/><E122/><V37/><F34/><W61/><G120/><T72/><D100/><U94/><E134/><N who="0" m="51817" /><D126/><U32/><E7/><V101/><F109/><N who="0" m="42090" /><D25/><U77/><E44/><V104/><F101/><W55/><G111/><T0/><D0/><U85/><E32/><V4/><F128/><W47/><G135/><T21/><D72/><U46/><E46/><V87/><F37/><W119/><G119/><T51/><D40/><U42/><E42/><V64/><F43/><W82/><G47/><T17/><D6/><U74/><E74/><V41/><F41/><W16/><G102/><T118/><D118/><U90/><REACH who="1" step="1"/><E98/><REACH who="1" ten="250,240,250,250" step="2"/><V45/><F4/><W23/><G112/><T99/><D99/><U116/><E116/><V1/><F45/><W84/><G114/><T10/><D10/><U24/><E24/><V83/><REACH who="2" step="1"/><F64/><REACH who="2" ten="250,240,240,250" step="2"/><W57/><G65/><T20/><D20/><U60/><AGARI ba="0,2" hai="22,27,30,52,56,60,66,67,77,80,85,90,94,96" machi="60" ten="20,12000,2" yaku="1,1,0,1,7,1,8,1,54,1,53,1" doraHai="125" doraHaiUra="89" who="1" fromWho="1" sc="250,-60,240,140,240,-30,250,-30" /><INIT seed="1,0,0,0,5,61" ten="190,380,210,220" oya="1" hai0="0,76,13,38,66,63,53,131,55,110,50,108,8" hai1="126,45,94,134,39,75,35,96,21,22,95,109,18" hai2="84,41,7,57,56,42,92,132,89,81,24,71,133" hai3="27,69,29,116,32,112,77,120,101,104,28,64,47"/><U105/><E35/><V67/><F7/><W118/><G112/><T79/><D38/><U46/><E75/><V91/><F24/><W124/><G120/><T127/><D0/><U54/><E134/><N who="2" m="51819" /><F71/><W10/><G124/><T80/><D127/><U43/><E126/><V78/><F89/><W93/><G29/><T125/><D125/><U58/><E45/><V14/><F14/><W23/><G23/><T36/><D36/><U62/><E109/><N who="0" m="42089" /><D131/><U16/><E105/><V68/><F68/><W5/><G93/><T117/><D117/><U48/><E39/><V83/><F83/><W121/><G47/><N who="0" m="27871" /><D55/><U74/><E74/><N who="2" m="43223" /><F56/><W86/><G121/><T19/><D80/><U3/><E3/><V30/><F30/><W90/><G77/><T122/><D122/><U26/><REACH who="1" step="1"/><E96/><REACH who="1" ten="190,370,210,220" step="2"/><V135/><F135/><W88/><G116/><T87/><D87/><U20/><E20/><V106/><F106/><W17/><G86/><T72/><D72/><U2/><E2/><V111/><F111/><W82/><G118/><T1/><D1/><U85/><E85/><V114/><F114/><W9/><G82/><T25/><D25/><AGARI ba="0,1" hai="16,18,21,22,25,26,43,46,48,54,58,62,94,95" machi="25" ten="30,18000,2" yaku="1,1,7,1,9,1,8,1,54,1,53,2" doraHai="61" doraHaiUra="12" who="1" fromWho="0" sc="190,-180,370,190,210,0,220,0" /><INIT seed="1,1,0,4,4,51" ten="10,560,210,220" oya="1" hai0="109,58,102,57,4,34,96,14,125,124,5,29,18" hai1="52,31,127,98,22,55,37,89,131,101,85,82,97" hai2="108,30,19,66,49,9,123,69,47,39,72,24,32" hai3="70,134,103,15,75,33,87,27,65,111,116,42,23"/><U10/><BYE who="0" /><E37/><V17/><F123/><W91/><G75/><T119/><D119/><U132/><E131/><V95/><F72/><W94/><G116/><T0/><D0/><U40/><E132/><V45/><F108/><W76/><G76/><T56/><D56/><U6/><E127/><V118/><F118/><W105/><G111/><T53/><D53/><N who="1" m="20555" /><E40/><V107/><F107/><W48/><G134/><T63/><D63/><U73/><E73/><V83/><F83/><W20/><G42/><T12/><D12/><N who="1" m="5207" /><E101/><V130/><F130/><W2/><G2/><T36/><D36/><U133/><E133/><V54/><F39/><W122/><G122/><T93/><D93/><U71/><E71/><V26/><F95/><W92/><G92/><T110/><D110/><U78/><E78/><V41/><F69/><W68/><G68/><T106/><D106/><U64/><E64/><V7/><F66/><W35/><G65/><T3/><D3/><U67/><E67/><V38/><F26/><AGARI ba="1,0" hai="22,26,31,82,85,89,97,98" m="5207,20555" machi="26" ten="30,12000,1" yaku="8,1,52,3,54,1" doraHai="51" who="1" fromWho="2" sc="10,0,560,123,210,-123,220,0" /><INIT seed="1,2,0,1,4,74" ten="10,683,87,220" oya="1" hai0="11,56,20,111,107,93,45,51,73,48,63,79,116" hai1="109,113,95,67,19,89,7,29,18,17,34,134,75" hai2="129,55,101,8,49,43,13,103,130,54,92,59,119" hai3="28,58,62,97,40,6,35,135,41,50,104,10,124"/><U9/><E113/><V117/><F43/><W115/><G115/><T1/><D1/><U5/><E75/><V125/><F125/><W94/><G104/><T127/><D127/><U23/><E134/><V81/><F81/><W82/><G124/><T68/><D68/><U77/><E34/><V39/><F39/><W108/><G135/><T14/><D14/><N who="1" m="5439" /><E109/><V52/><F54/><W53/><G108/><T12/><D12/><N who="1" m="9639" /><E5/><N who="2" m="3215" /><F55/><W106/><G106/><T66/><D66/><U21/><E67/><V70/><F70/><W2/><G82/><T46/><D46/><U84/><E77/><V105/><F105/><W120/><G120/><T33/><D33/><U0/><E0/><V131/><F92/><W102/><REACH who="3" step="1"/><G50/><REACH who="3" ten="10,683,87,210" step="2"/><T86/><D86/><U37/><E37/><V132/><F132/><W22/><G22/><T16/><D16/><U78/><E19/><V25/><F130/><W114/><G114/><T42/><D42/><U61/><E18/><V64/><F131/><W44/><G44/><T133/><D133/><U112/><E112/><V88/><F129/><W32/><G32/><T80/><D80/><U31/><E21/><V65/><F49/><W47/><G47/><T91/><D91/><U72/><E31/><V85/><F88/><W118/><G118/><T3/><D3/><U26/><E29/><V98/><F117/><W76/><G76/><T36/><D36/><U24/><E78/><V30/><F119/><W90/><G90/><T122/><D122/><U57/><E72/><V126/><F30/><W87/><G87/><T83/><D83/><U69/><E69/><RYUUKYOKU ba="2,1" sc="10,-15,683,15,87,-15,210,15" hai1="24,26,57,61,84,89,95" hai3="2,6,10,28,35,40,41,53,58,62,94,97,102" owari="-5,-50.5,708,80.8,72,-32.8,225,2.5" /></mjloggm>