<mjloggm ver="2.3"><GO type="225" lobby="0"/><UN n0="%E5%B8%86%E7%AB%8B%E5%A4%8F%E8%A1%A3" n1="%E3%83%A9%E3%82%B9%E7%8E%87%EF%BC%93%E5%89%B2" n2="%E3%81%BF%E3%81%BF%E3%81%9A" n3="%E3%83%96%E3%83%83%E3%83%91%E3%82%AA%E3%83%96%E3%83%81%E3%82%AD%E3%83%B3" dan="17,17,17,16" rate="2246.25,2194.63,2249.97,2127.27" sx="M,F,M,M"/><TAIKYOKU oya="0"/><INIT seed="0,0,0,1,3,92" ten="250,250,250,250" oya="0" hai0="60,125,34,134,94,64,81,126,55,56,118,107,124" hai1="47,61,82,41,116,8,7,85,2,84,119,63,24" hai2="130,1,89,75,5,30,46,117,43,19,91,73,22" hai3="48,100,97,121,52,128,21,49,78,25,27,20,11"/><T105/><D118/><U33/><E119/><V14/><F117/><W122/><G128/><T69/><D134/><U65/><E116/><V4/><F130/><W112/><G112/><T54/><D34/><U86/><E33/><V132/><F132/><W12/><G78/><T120/><D120/><N who="3" m="46185" /><G27/><T0/><D0/><U13/><E24/><V66/><F66/><W106/><G25/><T108/><D108/><U16/><E65/><V18/><F30/><W88/><G49/><T31/><D31/><U9/><REACH who="1" step="1"/><E82/><REACH who="1" ten="250,240,250,250" step="2"/><V95/><F75/><W38/><G38/><AGARI ba="0,1" hai="2,7,8,9,13,16,38,41,47,61,63,84,85,86" machi="38" ten="40,5200,0" yaku="1,1,2,1,54,1,53,0" doraHai="92" doraHaiUra="67" who="1" fromWho="3" sc="250,0,240,62,250,0,250,-52" /><INIT seed="1,0,0,4,1,42" ten="250,302,250,198" oya="1" hai0="71,86,22,60,17,6,27,85,26,95,65,114,73" hai1="77,28,118,107,40,39,64,59,7,132,70,83,79" hai2="84,88,29,102,10,68,43,117,62,116,13,92,54" hai3="41,89,87,108,99,100,74,5,32,63,97,61,98"/><U53/><E118/><V8/><F29/><W127/><G32/><T38/><D114/><U37/><E107/><V45/><F102/><W16/><G74/><T94/><D73/><U50/><E132/><V121/><F121/><W124/><G5/><T109/><D109/><U33/><E7/><V36/><F8/><W19/><G100/><T122/><D122/><U49/><E28/><V76/><F76/><W12/><G41/><T112/><D112/><U111/><E33/><V91/><F91/><W35/><G35/><T44/><D6/><U20/><E20/><V130/><F130/><W93/><G108/><T30/><D38/><N who="1" m="14347" /><E83/><V58/><REACH who="2" step="1"/><F68/><REACH who="2" ten="250,302,240,198" step="2"/><W69/><G69/><T3/><D3/><U21/><E79/><V90/><F90/><W129/><G129/><T4/><D4/><AGARI ba="0,1" hai="4,10,13,36,43,45,54,58,62,84,88,92,116,117" machi="4" ten="30,7700,0" yaku="1,1,7,1,52,1,54,1,53,0" doraHai="42" doraHaiUra="106" who="2" fromWho="0" sc="250,-77,302,0,240,87,198,0" /><INIT seed="2,0,0,1,2,121" ten="173,302,327,198" oya="2" hai0="50,133,24,49,8,135,102,74,122,52,17,55,45" hai1="108,68,100,131,23,35,10,128,41,46,79,12,2" hai2="111,21,110,16,109,51,78,126,43,36,80,3,48" hai3="56,71,118,84,85,90,58,116,124,89,130,95,38"/><V57/><F126/><W28/><G71/><T96/><D74/><U87/><E68/><V93/><F3/><W99/><G38/><T66/><D66/><U75/><E35/><V61/><F93/><W92/><G124/><T127/><D122/><U114/><E100/><V76/><F36/><W119/><G130/><N who="1" m="49706" /><E114/><V29/><F29/><W7/><G7/><T77/><D77/><N who="2" m="29802" /><F80/><W59/><G28/><T26/><D127/><U64/><E64/><N who="2" m="38959" /><F43/><W31/><G31/><T6/><D17/><U103/><E103/><V120/><F120/><W72/><G72/><T73/><D73/><U67/><E67/><V54/><F54/><W117/><N who="3" m="29696" /><DORA hai="63" /><W18/><REACH who="3" step="1"/><G18/><REACH who="3" ten="173,302,327,188" step="2"/><T104/><D135/><U65/><E75/><V106/><F106/><W27/><G27/><AGARI ba="0,1" hai="16,21,27,48,51,109,110,111" m="38959,29802" machi="27" ten="30,18000,2" yaku="14,1,10,1,52,4,54,1" doraHai="121,63" who="2" fromWho="3" sc="173,0,302,0,327,190,188,-180" /><INIT seed="2,1,0,2,1,14" ten="173,302,517,8" oya="2" hai0="39,37,43,117,24,34,29,41,98,97,30,76,27" hai1="3,90,77,12,23,94,22,131,103,113,110,45,40" hai2="70,2,106,65,115,59,91,58,10,6,120,66,108" hai3="21,53,17,60,80,25,95,51,5,87,36,8,123"/><V88/><F115/><W96/><G123/><T124/><D76/><U9/><E113/><V7/><F120/><W122/><G122/><T1/><D124/><U74/><E110/><V93/><F106/><W126/><G126/><T111/><D1/><U49/><E131/><V86/><F108/><W20/><G36/><T57/><D57/><U31/><E3/><V132/><F132/><W105/><G105/><T38/><D111/><U102/><E77/><V44/><F44/><W52/><G60/><T125/><D125/><U68/><E74/><V119/><F119/><W46/><G21/><N who="1" m="7690" /><E31/><V47/><F47/><W112/><G112/><T73/><D73/><U72/><E68/><V15/><F2/><W135/><G135/><T85/><D85/><N who="1" m="52559" /><E72/><V50/><F70/><W121/><G121/><T67/><D67/><N who="2" m="25610" /><F50/><W100/><G5/><AGARI ba="1,0" hai="5,9,12,40,45,49,102,103" m="52559,7690" machi="5" ten="30,1000,0" yaku="8,1" doraHai="14" who="1" fromWho="3" sc="173,0,302,13,517,0,8,-13" owari="173,-22.7,315,11.5,517,61.7,-5,-50.5" /></mjloggm>