<mjloggm ver="2.3"><GO type="225" lobby="0"/><UN n0="%E7%99%BD%E5%80%89%E5%AF%9B%E4%B9%8B" n1="%E3%81%BF%E3%81%BF%E3%81%9A" n2="%E3%82%A4%E3%83%BC%E3%82%B1%E3%83%97%E3%83%A9" n3="%E6%9C%88%E5%B3%B6%E5%9F%BA" dan="16,17,16,17" rate="2165.78,2218.42,2111.70,2180.07" sx="M,M,M,M"/><TAIKYOKU oya="0"/><INIT seed="0,0,0,2,0,8" ten="250,250,250,250" oya="0" hai0="83,103,117,51,57,34,27,90,26,22,69,50,87" hai1="4,81,112,122,68,23,97,48,89,39,120,18,74" hai2="96,110,37,109,59,119,107,10,80,114,36,35,1" hai3="24,108,30,126,25,73,64,11,128,63,131,28,9"/><T0/><D69/><U46/><E68/><V40/><F114/><W92/><G73/><T124/><D0/><U121/><E39/><V72/><F59/><N who="3" m="36991" /><G108/><N who="2" m="41577" /><F35/><N who="3" m="20871" /><G92/><T52/><D124/><U133/><E112/><V53/><F53/><W86/><G86/><T102/><D117/><U67/><E67/><V21/><F21/><N who="3" m="15663" /><G126/><T91/><D34/><U32/><E32/><V130/><F40/><W70/><G70/><T84/><D51/><U44/><E74/><V82/><F130/><AGARI ba="0,0" hai="9,11,128,130,131" m="15663,20871,36991" machi="130" ten="30,1000,0" yaku="19,1" doraHai="8" who="3" fromWho="2" sc="250,0,250,0,250,-10,250,10" /><INIT seed="1,0,0,4,4,123" ten="250,250,240,260" oya="1" hai0="0,86,116,10,48,36,44,40,93,90,24,68,4" hai1="30,72,55,120,46,80,13,26,31,74,113,11,66" hai2="107,12,42,15,33,73,82,77,69,109,25,106,1" hai3="6,20,62,23,100,41,70,75,59,103,117,9,119"/><U37/><E120/><V67/><F15/><N who="3" m="5559" /><G75/><T8/><D68/><U16/><E113/><V135/><F12/><W64/><G70/><T28/><D116/><N who="3" m="44617" /><G41/><T111/><D10/><U39/><E66/><V27/><F135/><W17/><G23/><T32/><REACH who="0" step="1"/><D36/><REACH who="0" ten="240,250,240,260" step="2"/><U131/><E37/><V92/><F69/><W53/><G64/><T65/><D65/><U2/><E39/><V128/><F67/><W29/><G29/><T78/><D78/><U87/><E30/><V133/><F77/><W96/><G96/><T79/><D79/><U94/><E31/><V118/><F118/><W85/><G85/><T49/><D49/><N who="1" m="29111" /><E72/><V97/><F73/><W121/><G121/><T60/><D60/><U127/><E74/><V88/><F97/><W115/><G115/><T54/><D54/><U56/><E87/><V18/><F133/><W129/><G129/><T76/><D76/><U102/><E131/><V132/><F132/><W104/><G104/><T57/><D57/><U124/><E56/><V83/><F106/><W81/><G62/><T19/><D19/><U50/><E16/><V21/><F107/><W14/><G59/><T84/><D84/><U47/><E11/><V105/><F105/><W22/><G53/><T114/><D114/><U112/><E112/><V5/><F128/><W134/><G134/><T130/><D130/><U99/><E99/><V3/><F18/><W125/><G17/><T95/><D95/><U52/><E94/><V71/><F92/><W108/><G81/><T122/><D122/><U110/><E80/><V126/><F71/><W58/><G58/><RYUUKYOKU ba="0,1" sc="240,30,250,-10,240,-10,260,-10" hai0="0,4,8,24,28,32,40,44,48,86,90,93,111" /><INIT seed="2,1,1,4,0,102" ten="270,240,230,250" oya="2" hai0="47,27,113,13,99,122,76,7,123,51,38,103,59" hai1="95,22,23,77,8,127,125,88,15,14,81,53,35" hai2="96,63,118,98,44,0,4,75,33,58,69,93,36" hai3="19,112,24,89,74,80,124,64,82,48,55,18,134"/><V110/><F118/><W106/><G124/><N who="1" m="47690" /><E35/><V40/><F33/><W17/><G134/><T114/><D38/><U135/><E53/><V39/><F69/><W119/><G119/><T65/><D76/><U25/><E135/><V79/><F39/><W5/><G112/><T61/><D122/><U57/><E57/><V73/><F110/><W120/><G106/><T41/><D123/><U121/><E121/><V43/><F40/><W70/><G70/><T132/><D132/><U52/><E52/><V94/><F94/><W92/><G74/><T128/><D128/><U117/><E117/><V1/><F96/><N who="3" m="57359" /><G120/><T62/><D62/><U29/><E23/><V107/><F107/><W72/><G64/><T54/><D65/><U50/><E50/><V66/><F4/><W31/><G5/><T2/><D2/><U30/><E8/><V46/><F46/><N who="3" m="28055" /><G72/><T90/><D27/><U32/><E30/><V78/><F75/><W21/><AGARI ba="1,1" hai="17,18,19,21,24,31,80,82" m="28055,57359" machi="21" ten="30,1100,0" yaku="8,1" doraHai="102" who="3" fromWho="3" sc="270,-4,240,-4,230,-6,250,24" /><INIT seed="3,0,0,0,2,33" ten="266,236,224,274" oya="3" hai0="25,101,91,39,40,35,84,125,85,89,114,3,19" hai1="105,16,22,86,5,10,21,82,53,127,77,29,120" hai2="15,110,55,90,18,0,132,130,27,67,88,94,111" hai3="108,41,28,73,131,87,23,76,106,69,134,71,4"/><W49/><G106/><T13/><D3/><U8/><E105/><V14/><F130/><W44/><G131/><T31/><D101/><U117/><E120/><V48/><F132/><W54/><G134/><T1/><D1/><U102/><E127/><V38/><F38/><W32/><G32/><T128/><D128/><U20/><E102/><V123/><F0/><W51/><G73/><T2/><D2/><U92/><E117/><V65/><F27/><N who="3" m="16511" /><G71/><T103/><D103/><U129/><E129/><V97/><F90/><W124/><G69/><T12/><D125/><U64/><E64/><V93/><F94/><W62/><G108/><N who="2" m="41513" /><F123/><W99/><G99/><T78/><D91/><U121/><E121/><V112/><F112/><W118/><G118/><T52/><D114/><U42/><E42/><V17/><F17/><W7/><G124/><T43/><D19/><U68/><E68/><V50/><F48/><N who="3" m="26639" /><G7/><T98/><D98/><U46/><E92/><V6/><F6/><W80/><G4/><T34/><D34/><U83/><E83/><V95/><F93/><W70/><G70/><T74/><D35/><U26/><E5/><V126/><F126/><W47/><G51/><T75/><D39/><U30/><E21/><N who="2" m="11479" /><F15/><W122/><G122/><T36/><D12/><N who="1" m="9223" /><E29/><V45/><AGARI ba="0,0" hai="45,50,55,65,67,88,95,97" m="11479,41513" machi="45" ten="30,2000,0" yaku="14,1,54,1" doraHai="33" who="2" fromWho="2" sc="266,-5,236,-5,224,20,274,-10" /><INIT seed="4,0,0,3,5,39" ten="261,231,244,264" oya="0" hai0="29,60,83,47,32,7,70,78,67,3,95,106,20" hai1="76,102,80,118,65,133,0,68,62,93,63,9,30" hai2="74,58,117,36,105,33,112,41,114,82,99,40,119" hai3="37,125,52,129,75,55,88,132,98,108,59,126,113"/><T35/><D95/><U104/><E118/><N who="2" m="45067" /><F33/><W10/><G108/><T18/><D106/><U23/><E133/><V28/><F28/><W11/><G75/><N who="0" m="43487" /><D18/><U103/><E104/><V73/><F58/><W64/><G129/><T131/><D20/><U110/><E110/><V72/><F82/><W92/><G113/><N who="2" m="43625" /><F36/><W100/><G37/><T44/><D44/><U17/><E62/><V2/><F2/><W107/><G132/><T56/><D56/><U128/><E128/><V109/><F109/><W34/><G34/><T89/><D29/><U53/><E53/><N who="3" m="20554" /><G59/><T86/><D131/><U84/><E30/><V61/><F61/><W81/><G81/><T135/><D135/><U69/><E68/><V24/><F24/><W14/><G14/><T96/><D35/><U49/><E93/><V123/><F123/><W79/><G92/><N who="0" m="54327" /><D32/><U25/><REACH who="1" step="1"/><E49/><REACH who="1" ten="261,221,244,264" step="2"/><V15/><F15/><W121/><G107/><T22/><D70/><U42/><E42/><V94/><F105/><W66/><G121/><T31/><D60/><U97/><E97/><V127/><F127/><W38/><G125/><T4/><D96/><U16/><E16/><V50/><F50/><W51/><G51/><T111/><D111/><U134/><E134/><V1/><F1/><W13/><G126/><T91/><D3/><U130/><E130/><V85/><F85/><W45/><G98/><T26/><D31/><U124/><E124/><V8/><F94/><W71/><G71/><T115/><D115/><U43/><E43/><N who="2" m="16459" /><F99/><W57/><G38/><T12/><D4/><AGARI ba="0,1" hai="0,4,9,17,23,25,63,65,69,76,80,84,102,103" machi="4" ten="40,1300,0" yaku="1,1,53,0" doraHai="39" doraHaiUra="54" who="1" fromWho="0" sc="261,-13,221,23,244,0,264,0" /><INIT seed="5,0,0,3,4,75" ten="248,244,244,264" oya="1" hai0="86,133,121,50,79,2,134,131,112,10,92,38,115" hai1="76,74,59,33,116,107,17,34,64,122,101,129,78" hai2="4,87,42,55,41,52,20,60,6,61,97,3,23" hai3="53,118,63,19,111,117,30,15,49,32,123,37,94"/><U48/><E116/><N who="3" m="44650" /><G111/><T27/><D38/><U103/><E122/><V16/><F3/><W80/><G37/><T127/><D121/><U120/><E120/><V44/><F87/><W105/><G105/><T95/><D127/><U58/><E74/><V104/><F104/><W57/><G123/><T73/><D131/><U11/><E129/><V109/><F109/><W65/><G80/><N who="0" m="45167" /><D50/><U18/><E107/><V25/><F44/><N who="3" m="27815" /><G94/><N who="0" m="35883" /><D27/><U96/><E96/><V91/><F91/><W85/><G85/><T26/><D26/><U99/><E99/><V21/><F97/><W62/><G62/><N who="2" m="24169" /><F21/><N who="3" m="11519" /><G30/><T106/><D106/><U68/><E48/><V45/><F23/><W1/><G1/><T124/><D124/><U24/><E24/><V13/><F45/><W71/><G32/><T82/><D10/><U56/><E11/><N who="2" m="4327" /><F6/><W14/><G14/><T108/><D2/><U12/><E12/><V113/><F113/><N who="0" m="43594" /><D108/><U54/><E33/><V0/><F0/><W126/><G126/><T39/><D39/><U40/><E34/><V130/><F130/><W89/><G89/><AGARI ba="0,0" hai="82,86,89,133,134" m="43594,35883,45167" machi="89" ten="30,7700,0" yaku="15,1,34,2,52,1" doraHai="75" who="0" fromWho="3" sc="248,77,244,0,244,0,264,-77" owari="325,42.5,244,4.4,244,-15.6,187,-31.3" /></mjloggm>