<mjloggm ver="2.3"><GO type="225" lobby="0"/><UN n0="%E4%BF%BA%E3%81%A8%E5%A6%96%E5%A4%A2" n1="%E8%81%B7%E6%A5%AD%E3%80%81%E9%A2%A8%32" n2="%E3%83%96%E3%83%83%E3%83%91%E3%82%AA%E3%83%96%E3%83%81%E3%82%AD%E3%83%B3" n3="%E9%80%86%E9%80%A3%E5%B8%AF%E3%81%AE%E9%AC%BC" dan="16,16,16,17" rate="2116.82,2171.21,2216.98,2021.15" sx="F,M,M,M"/><TAIKYOKU oya="0"/><INIT seed="0,0,0,1,0,53" ten="250,250,250,250" oya="0" hai0="96,89,116,114,90,7,85,61,27,122,76,100,134" hai1="97,82,49,63,33,18,2,78,30,88,6,83,38" hai2="47,15,73,64,126,92,51,87,118,50,124,95,52" hai3="112,109,23,75,102,9,125,3,117,81,21,67,94"/><T59/><D114/><U32/><E38/><V68/><F73/><W13/><G112/><T107/><D116/><U5/><E2/><V120/><F120/><W57/><G117/><T111/><D122/><U36/><E36/><V65/><F118/><W37/><G125/><N who="2" m="48233" /><F68/><W17/><G37/><T135/><D111/><U40/><E33/><V101/><F15/><W14/><G109/><T10/><D27/><U8/><E32/><V98/><F51/><W42/><G3/><T35/><D35/><U84/><E30/><V34/><F34/><W132/><G132/><N who="0" m="50731" /><D85/><N who="1" m="50231" /><E63/><V66/><F87/><W69/><G69/><T19/><D76/><U54/><E40/><V113/><F113/><W108/><G42/><T74/><D19/><U41/><E41/><V11/><F11/><W77/><G108/><T80/><D80/><U91/><E18/><V110/><F110/><W133/><G133/><T58/><D74/><U105/><E8/><V55/><F55/><W72/><G72/><T123/><D123/><U71/><E105/><AGARI ba="0,0" hai="47,50,52,64,65,66,92,95,98,101,105" m="48233" machi="105" ten="30,2000,0" yaku="18,1,54,1" doraHai="53" who="2" fromWho="1" sc="250,0,250,-20,250,20,250,0" /><INIT seed="1,0,0,0,2,67" ten="250,230,270,250" oya="1" hai0="1,131,43,122,65,134,49,23,5,10,68,16,123" hai1="103,14,76,36,55,79,6,61,46,133,113,15,124" hai2="42,116,110,18,126,20,71,60,121,100,12,27,130" hai3="125,86,45,8,58,19,72,81,4,89,54,109,7"/><U64/><E113/><V92/><F116/><W118/><G109/><T31/><D131/><U63/><E124/><V83/><F121/><N who="0" m="46090" /><D134/><U44/><E133/><V114/><F114/><W82/><G125/><T17/><D49/><N who="1" m="29095" /><E36/><V117/><F126/><W104/><G104/><T77/><D43/><U88/><E103/><V30/><F117/><W135/><G135/><T97/><D97/><U85/><E46/><V69/><F110/><W90/><G118/><T22/><D77/><N who="1" m="29771" /><E64/><V2/><F130/><W39/><G72/><T3/><D3/><U35/><E35/><V37/><F2/><W59/><G39/><T78/><D78/><U111/><E111/><V66/><F83/><W52/><G45/><T93/><D93/><N who="1" m="54415" /><E6/><V38/><F42/><W41/><G41/><T70/><D65/><U29/><E29/><V98/><REACH who="2" step="1"/><F69/><REACH who="2" ten="250,230,260,250" step="2"/><N who="0" m="26730" /><D31/><U105/><E105/><V50/><F50/><W101/><G82/><T87/><D87/><U75/><E75/><V91/><F91/><W32/><G90/><T132/><D132/><U107/><E107/><V24/><F24/><W21/><G89/><T73/><D73/><U84/><E84/><V40/><F40/><W80/><G86/><T48/><D48/><U129/><E129/><V33/><AGARI ba="0,1" hai="12,18,20,27,30,33,37,38,60,66,71,92,98,100" machi="33" ten="20,8000,1" yaku="1,1,0,1,7,1,52,1,53,1" doraHai="67" doraHaiUra="95" who="2" fromWho="2" sc="250,-20,230,-40,260,90,250,-20" /><INIT seed="2,0,0,4,0,3" ten="230,190,350,230" oya="2" hai0="124,38,80,31,135,0,49,82,133,41,129,76,52" hai1="109,122,55,18,32,97,39,67,119,51,105,29,48" hai2="23,24,96,81,98,132,45,79,37,60,43,87,20" hai3="17,63,114,2,40,77,26,120,58,110,72,90,57"/><V86/><F132/><N who="0" m="50762" /><D129/><U62/><E39/><V127/><F127/><W35/><G120/><T19/><D124/><U7/><E119/><V30/><F60/><W4/><G114/><T6/><D31/><U93/><E122/><V102/><F102/><W61/><G110/><T5/><D0/><U106/><E109/><V71/><F71/><W107/><G107/><T64/><D64/><U128/><E128/><V25/><REACH who="2" step="1"/><F86/><REACH who="2" ten="230,190,340,230" step="2"/><W123/><G63/><T42/><D38/><U115/><E62/><V85/><F85/><W66/><G61/><T12/><D42/><U68/><E115/><V126/><F126/><W95/><G40/><T1/><D41/><U54/><E68/><V50/><F50/><W116/><G123/><T28/><D28/><AGARI ba="0,1" hai="20,23,24,25,28,30,37,43,45,79,81,87,96,98" machi="28" ten="30,5800,0" yaku="1,1,7,1,9,1,53,0" doraHai="3" doraHaiUra="104" who="2" fromWho="0" sc="230,-58,190,0,340,68,230,0" /><INIT seed="2,1,0,3,5,124" ten="172,190,408,230" oya="2" hai0="6,42,111,117,36,129,59,22,52,60,119,82,12" hai1="126,109,25,113,134,30,108,71,15,23,94,118,44" hai2="112,105,121,26,65,95,43,132,56,32,90,115,62" hai3="73,96,133,83,48,131,107,68,31,72,125,123,77"/><V34/><F121/><W33/><G123/><T0/><D111/><N who="1" m="42571" /><E71/><V98/><F132/><W135/><G48/><T103/><D0/><U88/><E118/><N who="0" m="45065" /><D103/><U55/><E113/><V11/><F43/><W18/><G18/><N who="0" m="10567" /><D6/><U86/><E126/><V51/><F105/><W104/><G68/><T20/><D20/><U41/><E134/><N who="3" m="51210" /><G31/><T89/><D42/><U114/><E114/><V45/><F11/><W91/><G33/><T49/><D36/><N who="1" m="21543" /><E15/><V84/><F34/><W1/><G1/><T9/><D9/><U38/><E55/><V93/><F32/><W40/><G40/><T16/><D16/><U39/><AGARI ba="1,0" hai="23,25,30,38,39,86,88,94" m="21543,42571" machi="39" ten="30,2000,0" yaku="14,1,54,1" doraHai="124" who="1" fromWho="1" sc="172,-6,190,23,408,-11,230,-6" /><INIT seed="3,0,0,0,0,50" ten="166,213,397,224" oya="3" hai0="23,132,5,104,133,42,115,114,22,7,25,96,80" hai1="6,18,12,110,101,51,24,53,130,122,116,74,27" hai2="119,31,11,36,4,29,71,126,81,125,129,121,20" hai3="79,60,26,89,82,76,37,57,107,111,75,112,16"/><W30/><G112/><N who="0" m="43051" /><D42/><U63/><E74/><V105/><F119/><W69/><G107/><T1/><D80/><U41/><E116/><V54/><F36/><W33/><G37/><T73/><D73/><U3/><E122/><V39/><F39/><W58/><G79/><T67/><D67/><U120/><E120/><V78/><F121/><W117/><G117/><T32/><D104/><U48/><E3/><V56/><F129/><W97/><G111/><T124/><D96/><U47/><E110/><V15/><F71/><W49/><G49/><T103/><D103/><U93/><E6/><N who="0" m="2057" /><D1/><U135/><E130/><V8/><F8/><W44/><G44/><T113/><N who="0" m="43059" /><T84/><DORA hai="61" /><D84/><U17/><E101/><V35/><F35/><W128/><G128/><T106/><D106/><U65/><E65/><V59/><F105/><W38/><G38/><T10/><D10/><U45/><E41/><V55/><F20/><N who="0" m="7722" /><D124/><N who="2" m="47722" /><F59/><W134/><G58/><T28/><AGARI ba="0,0" hai="25,28,32,132,133" m="7722,2057,43059" machi="28" ten="50,6400,0" yaku="11,1,34,2" doraHai="50,61" who="0" fromWho="0" sc="166,64,213,-16,397,-16,224,-32" owari="230,3.0,197,-20.3,381,48.1,192,-30.8" /></mjloggm>