<mjloggm ver="2.3"><GO type="225" lobby="0"/><UN n0="%E3%82%8C%E3%81%99%E3%81%93" n1="%72%69%6F%75%63%68%61%6E" n2="%E5%8D%A0%E3%81%84%E5%B8%AB%E8%A3%8F%E3%81%AA%E3%81%84%E3%81%97" n3="%E3%83%96%E3%83%83%E3%83%91%E3%82%AA%E3%83%96%E3%83%81%E3%82%AD%E3%83%B3" dan="17,16,17,16" rate="2154.47,2116.73,2233.47,2180.37" sx="F,M,M,M"/><TAIKYOKU oya="0"/><INIT seed="0,0,0,5,0,37" ten="250,250,250,250" oya="0" hai0="44,117,73,78,118,125,31,120,18,2,107,7,47" hai1="101,122,38,40,71,56,112,128,64,33,5,14,135" hai2="42,83,41,96,91,28,20,30,68,129,105,32,59" hai3="80,72,26,100,29,103,99,123,89,114,3,12,16"/><T45/><D120/><U92/><E122/><V134/><F68/><W23/><G123/><T82/><D125/><U104/><E104/><V102/><F32/><W55/><G114/><T119/><D107/><U130/><E112/><V57/><F134/><W113/><G113/><T58/><D31/><U4/><E33/><V62/><F129/><N who="1" m="49769" /><E71/><V27/><F28/><W25/><G3/><T87/><D18/><U53/><E64/><V85/><REACH who="2" step="1"/><F57/><REACH who="2" ten="250,250,240,250" step="2"/><W95/><G26/><T21/><D58/><U13/><E135/><V61/><F61/><W17/><G29/><T8/><REACH who="0" step="1"/><D21/><REACH who="0" ten="240,250,240,250" step="2"/><U90/><E56/><V131/><F131/><W93/><G23/><T35/><D35/><U49/><E4/><V110/><F110/><W1/><G17/><T75/><AGARI ba="0,2" hai="2,7,8,44,45,47,73,75,78,82,87,117,118,119" machi="75" ten="40,3900,0" yaku="1,1,0,1,53,0" doraHai="37" doraHaiUra="60" who="0" fromWho="0" sc="240,59,250,-13,240,-13,250,-13" /><INIT seed="0,1,0,2,2,117" ten="299,237,227,237" oya="0" hai0="56,40,134,16,3,32,9,19,25,129,0,96,99" hai1="77,52,108,126,7,50,107,34,58,21,57,43,81" hai2="53,12,66,10,123,110,87,29,105,30,83,47,131" hai3="89,24,74,65,69,51,88,13,84,79,97,55,93"/><T104/><D129/><U116/><E108/><V11/><F110/><W63/><G13/><T1/><D134/><U101/><E126/><V23/><F105/><W128/><G128/><T90/><D40/><U130/><E130/><V48/><F131/><W15/><G15/><T114/><D114/><U124/><E124/><V86/><F66/><W95/><G24/><T133/><D133/><U82/><E34/><V46/><F123/><W115/><G115/><T39/><D39/><U103/><E116/><V118/><F118/><W80/><REACH who="3" step="1"/><G51/><REACH who="3" ten="299,237,227,227" step="2"/><T2/><D2/><U71/><E7/><V36/><F36/><W42/><G42/><T14/><D25/><U62/><E43/><V67/><F12/><W122/><G122/><T119/><D119/><U76/><E21/><V49/><F23/><W106/><G106/><T8/><D32/><U4/><E4/><V135/><F135/><W68/><G68/><T60/><D104/><U100/><E71/><V70/><F70/><W27/><G27/><T64/><D90/><U20/><E20/><V98/><F48/><W37/><G37/><T54/><D9/><U109/><E109/><V45/><F49/><W132/><G132/><T92/><D8/><U85/><E107/><V41/><F41/><W22/><G22/><T18/><D14/><U120/><E103/><V44/><F10/><W6/><G6/><T127/><D127/><U73/><E120/><V78/><F11/><W91/><G91/><T5/><D5/><U72/><E73/><V113/><F113/><W38/><G38/><T59/><D1/><U125/><E125/><RYUUKYOKU ba="1,1" sc="299,-15,237,15,227,-15,227,15" hai1="50,52,57,58,62,72,76,77,81,82,85,100,101" hai3="55,63,65,69,74,79,80,84,88,89,93,95,97" /><INIT seed="1,2,1,0,2,75" ten="284,252,212,242" oya="1" hai0="132,32,108,79,18,114,57,36,111,3,67,77,29" hai1="99,49,12,65,41,87,74,72,13,42,60,84,22" hai2="124,100,39,70,2,90,43,59,33,126,15,88,50" hai3="117,121,106,86,130,24,81,68,31,78,104,46,97"/><U10/><E99/><V109/><F2/><W69/><G121/><T134/><D114/><U48/><E22/><V85/><F70/><W21/><G130/><T16/><D36/><U105/><E105/><V62/><F109/><N who="0" m="42058" /><D3/><U120/><E120/><V131/><F33/><W25/><G117/><T58/><D29/><U17/><E12/><V95/><F131/><W122/><G122/><T66/><D32/><U52/><E72/><V96/><F39/><W35/><G106/><T73/><D58/><N who="1" m="37015" /><E74/><V110/><F110/><W80/><G46/><T133/><D73/><U128/><E128/><V129/><F129/><W56/><G56/><T127/><D127/><N who="2" m="48682" /><F15/><W38/><G38/><T71/><D71/><U14/><E14/><V91/><F43/><N who="1" m="16393" /><E48/><V54/><F50/><W119/><G119/><T61/><D67/><U116/><E116/><V125/><N who="2" m="48690" /><V19/><DORA hai="30" /><F19/><AGARI ba="2,1" hai="16,18,19,57,61,66,77,79,132,133,134" m="42058" machi="19" ten="40,8000,1" yaku="20,1,14,1,52,2,54,1" doraHai="75,30" who="0" fromWho="2" sc="284,96,252,0,212,-86,242,0" /><INIT seed="2,0,0,5,1,124" ten="380,252,126,242" oya="2" hai0="4,114,127,1,76,116,105,104,113,134,8,44,66" hai1="64,47,57,32,95,6,129,117,22,45,54,107,69" hai2="5,100,59,2,90,36,38,50,80,68,21,13,122" hai3="62,79,77,72,29,7,103,37,83,42,86,14,25"/><V67/><F122/><W81/><G103/><T20/><D127/><U125/><E129/><V99/><F68/><W16/><G7/><T11/><D134/><U93/><E125/><V19/><F2/><W41/><G37/><T10/><D116/><U15/><E32/><V120/><F5/><W58/><G25/><T53/><D66/><U63/><E107/><V89/><F120/><W128/><G128/><T27/><D76/><U12/><E117/><V110/><F110/><W51/><G51/><T126/><D126/><U73/><E73/><V132/><F132/><W24/><G24/><T23/><D1/><U82/><E82/><V85/><F89/><W130/><G29/><T18/><D4/><U121/><E121/><V74/><F74/><W55/><REACH who="3" step="1"/><G130/><REACH who="3" ten="380,252,126,232" step="2"/><T49/><D114/><U39/><E6/><V26/><F26/><W0/><G0/><T71/><D113/><U40/><E47/><V97/><F97/><W112/><G112/><T56/><D44/><U17/><E12/><V30/><F30/><W108/><G108/><T101/><D101/><U88/><E88/><V109/><F109/><W84/><G84/><T9/><D27/><U43/><REACH who="1" step="1"/><E40/><REACH who="1" ten="380,242,126,232" step="2"/><V78/><F90/><W60/><G60/><AGARI ba="0,2" hai="15,17,22,39,43,45,54,57,60,63,64,69,93,95" machi="60" ten="30,3900,0" yaku="1,1,2,1,7,1,53,0" doraHai="124" doraHaiUra="133" who="1" fromWho="3" sc="380,0,242,59,126,0,232,-39" /><INIT seed="3,0,0,0,2,73" ten="380,301,126,193" oya="3" hai0="33,79,37,70,104,42,114,84,125,134,64,27,120" hai1="17,39,31,50,51,40,22,71,108,35,0,119,113" hai2="59,44,19,91,26,123,52,58,117,67,98,62,124" hai3="89,63,43,85,18,106,57,78,126,87,14,28,12"/><W99/><G126/><T135/><D120/><U95/><E113/><V53/><F117/><W3/><G3/><T110/><D104/><U47/><E119/><V29/><F124/><W100/><G28/><T102/><D102/><U8/><E108/><V129/><F129/><W122/><G122/><T80/><D110/><U4/><E71/><V93/><F123/><W127/><G127/><T10/><D125/><U92/><E51/><V49/><F19/><W112/><G112/><T81/><D114/><U2/><E2/><V128/><F128/><W6/><G43/><T111/><D111/><U83/><E50/><V65/><REACH who="2" step="1"/><F59/><REACH who="2" ten="380,301,116,193" step="2"/><W61/><G57/><T101/><D70/><U41/><E41/><V46/><F46/><W38/><G18/><T76/><D42/><U69/><E69/><V94/><F94/><W103/><G106/><T23/><D135/><U131/><E131/><V25/><F25/><W60/><G6/><T48/><D27/><U13/><REACH who="1" step="1"/><E83/><REACH who="1" ten="380,291,116,193" step="2"/><V130/><F130/><W72/><G63/><T96/><D81/><U30/><E30/><V116/><F116/><W21/><G61/><T66/><D80/><U88/><E88/><V9/><F9/><W115/><G60/><T74/><D10/><U107/><E107/><V16/><F16/><W11/><G89/><T55/><D134/><U32/><E32/><AGARI ba="0,2" hai="26,29,32,44,49,52,53,58,62,65,67,91,93,98" machi="32" ten="30,3900,0" yaku="1,1,7,1,54,1,53,0" doraHai="73" doraHaiUra="75" who="2" fromWho="1" sc="380,0,291,-39,116,59,193,0" owari="380,48.0,252,5.2,175,-32.5,193,-20.7" /></mjloggm>