<mjloggm ver="2.3"><GO type="225" lobby="0"/><UN n0="%E5%91%A8%E6%9D%B1" n1="%E3%81%A4%E3%81%A3%E3%81%B1%E3%82%8A%E3%83%9D%E3%83%BC%E3%83%AB" n2="%E4%B8%89%E9%80%A3%E7%99%BA" n3="%E6%A1%9C%E8%8A%B1%E9%96%83%E3%80%85" dan="16,17,16,17" rate="2205.69,2192.43,2176.80,2211.30" sx="M,M,M,M"/><TAIKYOKU oya="0"/><INIT seed="0,0,0,4,1,44" ten="250,250,250,250" oya="0" hai0="114,38,92,53,57,84,61,97,108,86,112,46,128" hai1="27,121,25,48,101,71,110,50,104,72,94,135,68" hai2="14,56,95,59,40,134,96,32,111,126,60,103,34" hai3="13,113,91,17,0,23,77,99,5,31,106,43,51"/><T65/><D128/><U41/><E121/><V62/><F111/><W15/><G113/><T116/><D116/><U18/><E104/><V67/><F40/><W3/><G77/><T63/><D108/><U52/><E72/><V105/><F134/><W37/><G37/><T83/><D38/><U133/><E110/><V42/><F126/><W88/><G3/><T129/><D129/><U35/><E35/><V70/><F42/><W7/><G0/><T117/><D117/><U69/><E18/><V36/><F36/><W39/><G39/><T124/><D124/><U47/><E94/><V132/><F132/><N who="1" m="50761" /><E101/><V73/><F73/><W127/><G31/><T10/><D10/><U33/><E33/><V122/><F70/><W22/><G106/><T64/><D114/><U120/><E120/><V54/><F122/><W82/><G22/><T58/><D112/><U90/><E90/><V21/><F105/><W12/><G127/><T49/><D83/><U9/><E9/><V109/><F109/><W2/><G91/><AGARI ba="0,0" hai="46,49,53,57,58,61,63,64,65,84,86,91,92,97" machi="91" ten="30,11600,0" yaku="7,1,9,1,8,1,52,1" doraHai="44" who="0" fromWho="3" sc="250,116,250,0,250,0,250,-116" /><INIT seed="0,1,0,1,3,26" ten="366,250,250,134" oya="0" hai0="123,108,67,19,17,94,2,47,119,30,51,6,5" hai1="131,76,39,56,93,104,135,92,89,21,71,78,23" hai2="13,117,96,63,45,59,62,12,4,125,81,97,7" hai3="98,87,44,61,95,122,22,10,106,42,68,66,24"/><T0/><D67/><U20/><E71/><V75/><F125/><W15/><G122/><T114/><D114/><U102/><E39/><V88/><F75/><W37/><G87/><T107/><D107/><U64/><E131/><V41/><F117/><W127/><G106/><T90/><D123/><U85/><E104/><V82/><F45/><W130/><G130/><T49/><D119/><U77/><E135/><V116/><F116/><W74/><G74/><T129/><D47/><U28/><E64/><V91/><REACH who="2" step="1"/><F59/><REACH who="2" ten="366,250,240,134" step="2"/><W32/><G127/><T60/><D129/><U112/><E56/><V100/><F100/><W11/><G44/><T126/><D126/><U79/><N who="1" m="19456" /><DORA hai="73" /><U80/><E112/><V111/><F111/><W35/><G37/><T38/><D108/><U105/><REACH who="1" step="1"/><E28/><REACH who="1" ten="366,240,240,134" step="2"/><V54/><F54/><W109/><G109/><T18/><D30/><U40/><E40/><AGARI ba="1,2" hai="4,7,12,13,40,41,62,63,81,82,88,91,96,97" machi="40" ten="25,8000,1" yaku="1,1,22,2,8,1,54,1,53,0" doraHai="26,73" doraHaiUra="113,29" who="2" fromWho="1" sc="366,0,240,-83,240,103,134,0" /><INIT seed="1,0,0,5,1,39" ten="366,157,343,134" oya="1" hai0="75,115,26,64,98,70,113,105,130,15,49,99,41" hai1="42,50,52,38,9,1,117,111,89,92,59,110,108" hai2="119,90,66,129,118,17,69,5,0,13,78,21,60" hai3="14,65,95,25,18,93,62,124,120,132,81,103,77"/><U80/><E117/><V36/><F129/><W11/><G120/><T91/><D75/><U100/><E100/><V74/><F36/><W46/><G132/><T127/><D64/><U54/><E80/><V68/><F69/><W123/><G123/><T114/><D70/><U53/><E1/><V61/><F60/><W3/><G124/><T10/><D130/><U109/><E9/><V106/><F106/><W83/><G3/><T134/><D134/><U51/><E38/><V28/><F28/><W19/><G46/><T44/><D127/><U32/><E32/><V7/><F90/><W56/><G103/><T58/><D105/><U29/><E29/><V40/><F7/><W20/><REACH who="3" step="1"/><G83/><REACH who="3" ten="366,157,343,124" step="2"/><T31/><D113/><U79/><E111/><V63/><F0/><W76/><G76/><T131/><D114/><U47/><E79/><V102/><F102/><W116/><G116/><T86/><D115/><U23/><E23/><V48/><F118/><W84/><AGARI ba="0,1" hai="11,14,18,19,20,25,56,62,65,77,81,84,93,95" machi="84" ten="20,5200,0" yaku="1,1,0,1,7,1,8,1,53,0" doraHai="39" doraHaiUra="121" who="3" fromWho="3" sc="366,-13,157,-26,343,-13,124,62" /><INIT seed="2,0,0,0,1,135" ten="353,131,330,186" oya="2" hai0="2,62,3,82,107,132,108,77,74,69,80,64,122" hai1="25,134,12,57,51,59,72,92,61,117,133,97,89" hai2="60,81,100,98,9,84,66,121,7,34,116,56,120" hai3="68,131,115,65,73,58,14,55,111,4,129,118,127"/><V110/><F116/><W43/><G73/><T44/><D122/><U83/><E117/><V105/><F34/><W78/><G118/><T27/><D132/><U19/><E51/><V33/><F33/><W85/><G111/><T49/><D107/><U46/><E46/><V125/><F110/><W87/><G43/><T35/><D108/><U21/><E59/><V10/><F10/><N who="3" m="4423" /><G115/><T114/><D82/><U123/><E123/><V8/><F125/><W6/><G6/><T76/><D76/><U29/><E72/><V99/><F9/><W5/><G5/><T90/><D90/><U91/><E83/><V101/><F8/><W1/><G1/><T124/><D124/><U0/><E0/><V11/><F11/><W13/><G13/><T36/><D114/><U24/><E91/><V31/><F31/><W102/><G102/><T53/><D36/><U20/><REACH who="1" step="1"/><E12/><REACH who="1" ten="353,121,330,186" step="2"/><V45/><F7/><W106/><G127/><T93/><D2/><U88/><E88/><V86/><F45/><W109/><G109/><T128/><D3/><U104/><E104/><V119/><F119/><W96/><G78/><T94/><D77/><U75/><E75/><V130/><F81/><W39/><G39/><T79/><D80/><U40/><E40/><V22/><F121/><W63/><G58/><T16/><D79/><U17/><E17/><V18/><F120/><W113/><G113/><T67/><D74/><U112/><E112/><V23/><F18/><W30/><G106/><T38/><D16/><U95/><E95/><N who="2" m="58463" /><F130/><W70/><G131/><T48/><D128/><U37/><E37/><RYUUKYOKU ba="0,1" sc="353,-15,121,15,330,15,186,-15" hai1="19,20,21,24,25,29,57,61,89,92,97,133,134" hai2="22,23,56,60,66,84,86,99,101,105" /><INIT seed="2,1,1,0,5,40" ten="338,136,345,171" oya="2" hai0="16,128,54,108,22,75,72,37,105,118,117,58,132" hai1="100,25,39,26,134,57,48,62,0,49,23,60,104" hai2="38,19,35,126,129,110,15,51,14,4,73,89,65" hai3="17,74,109,71,114,92,2,127,77,86,1,44,27"/><V78/><F38/><W94/><G71/><T59/><D105/><U82/><E0/><V47/><F35/><W113/><G109/><T106/><D106/><U64/><E39/><V93/><F129/><W97/><G74/><T5/><D108/><U111/><E111/><V79/><F126/><W91/><G127/><T98/><D128/><U8/><E134/><V81/><F65/><W116/><G116/><N who="0" m="44651" /><D132/><U41/><E8/><V107/><F107/><W7/><G44/><T80/><D5/><U88/><E100/><V130/><F130/><W18/><G77/><T32/><D32/><U120/><E104/><V46/><F110/><W31/><G17/><T133/><D133/><U30/><E120/><V55/><F79/><W103/><G18/><T11/><D11/><U20/><E41/><V68/><F68/><W9/><REACH who="3" step="1"/><G2/><REACH who="3" ten="338,136,345,161" step="2"/><T34/><D75/><U53/><E26/><V96/><F4/><W119/><G119/><T36/><D16/><U50/><E23/><AGARI ba="1,2" hai="1,7,9,23,27,31,86,91,92,94,97,103,113,114" machi="23" ten="40,1300,0" yaku="1,1,53,0" doraHai="40" doraHaiUra="131" who="3" fromWho="1" sc="338,0,136,-16,345,0,161,36" /><INIT seed="3,0,0,2,4,110" ten="338,120,345,197" oya="3" hai0="63,11,44,52,25,89,21,0,27,55,121,68,6" hai1="8,57,75,22,81,91,88,47,69,43,26,2,85" hai2="129,49,23,80,56,37,24,126,132,119,64,7,100" hai3="131,94,62,78,83,48,40,34,1,124,41,87,101"/><W9/><G34/><T122/><D27/><U125/><E125/><V70/><F37/><W30/><G124/><T54/><D44/><U86/><E69/><V46/><F70/><W13/><G1/><T133/><D133/><U96/><E75/><V120/><F129/><W4/><G131/><T107/><D107/><U51/><E96/><V16/><F119/><W67/><G30/><T32/><D32/><U39/><E2/><V14/><F120/><W15/><G15/><T114/><D114/><U33/><E33/><V117/><F117/><W79/><G79/><T99/><D89/><U97/><E97/><V61/><F132/><W58/><G101/><T71/><D99/><U45/><E8/><N who="2" m="4383" /><F80/><W72/><G94/><T115/><D115/><U3/><E3/><V106/><F106/><W113/><G72/><T50/><D50/><U90/><E57/><V116/><F116/><W42/><G113/><T102/><D102/><U18/><REACH who="1" step="1"/><E85/><REACH who="1" ten="338,110,345,197" step="2"/><V76/><F126/><W35/><G35/><T19/><REACH who="0" step="1"/><D71/><REACH who="0" ten="328,110,345,197" step="2"/><U60/><E60/><V38/><F100/><W66/><G66/><AGARI ba="0,2" hai="0,6,11,19,21,25,52,54,55,63,66,68,121,122" machi="66" ten="40,8000,1" yaku="1,1,2,1,54,1,53,1" doraHai="110" doraHaiUra="20" who="0" fromWho="3" sc="328,100,110,0,345,0,197,-80" owari="428,52.8,110,-39.0,345,14.5,117,-28.3" /></mjloggm>