<mjloggm ver="2.3"><GO type="225" lobby="0"/><UN n0="%E7%8D%A3%E8%87%AD%E3%81%84%E8%82%89%E7%90%83" n1="%E3%83%A9%E3%82%A4%E3%83%B3%E3%81%AE%E8%99%8E" n2="%E4%BF%BA%E3%81%A8%E5%A6%96%E5%A4%A2" n3="%E7%9A%AE%E3%80%85" dan="16,16,16,16" rate="2108.08,2138.52,2145.30,2072.43" sx="M,M,F,F"/><TAIKYOKU oya="0"/><INIT seed="0,0,0,1,4,30" ten="250,250,250,250" oya="0" hai0="61,7,115,91,78,93,63,45,22,100,125,123,64" hai1="84,111,69,108,83,128,102,17,2,53,105,33,104" hai2="26,67,89,51,72,41,133,86,120,19,28,20,59" hai3="29,94,95,50,6,27,14,101,119,38,36,57,96"/><T44/><D123/><U85/><E2/><V135/><F120/><W122/><G122/><T82/><D115/><U70/><E128/><V114/><F114/><W134/><G119/><T130/><D130/><U127/><E127/><V74/><F41/><W16/><G134/><N who="2" m="51209" /><F19/><W79/><G6/><T13/><D100/><U131/><E131/><V124/><F124/><W121/><G121/><T10/><D125/><U75/><E17/><V60/><F51/><W39/><G79/><T109/><D22/><U103/><E53/><V110/><F110/><W1/><G1/><T34/><D34/><U58/><E58/><V113/><F113/><W40/><G94/><AGARI ba="0,0" hai="20,26,28,59,60,67,72,74,86,89,94" m="51209" machi="94" ten="30,1000,0" yaku="20,1" doraHai="30" who="2" fromWho="3" sc="250,0,250,0,250,10,250,-10" /><INIT seed="1,0,0,1,3,68" ten="250,250,260,240" oya="1" hai0="106,123,20,48,5,109,64,108,111,115,31,6,39" hai1="130,76,46,93,27,91,11,105,124,26,56,40,133" hai2="95,7,73,41,101,10,42,44,113,29,62,118,18" hai3="126,1,57,77,72,50,55,14,122,32,69,100,53"/><U110/><E105/><V127/><F118/><W0/><G122/><T35/><D115/><U21/><E124/><V90/><F127/><W121/><G121/><T63/><D123/><U49/><E130/><V99/><F73/><W132/><G126/><T74/><D106/><U97/><E133/><V104/><F113/><W70/><G132/><T38/><D35/><U83/><E110/><V19/><F29/><W98/><G32/><T59/><D74/><U67/><E11/><V82/><F62/><W131/><G131/><T114/><D48/><U2/><E2/><V135/><F82/><W85/><G72/><T37/><D114/><U128/><E128/><V28/><F28/><W30/><G30/><T17/><D31/><U51/><E21/><V25/><F25/><AGARI ba="0,0" hai="5,6,17,20,25,37,38,39,59,63,64,108,109,111" machi="25" ten="50,8000,1" yaku="14,1,52,3" doraHai="68" who="0" fromWho="2" sc="250,80,250,0,260,-80,240,0" /><INIT seed="2,0,0,5,5,123" ten="330,250,180,240" oya="2" hai0="5,6,78,71,69,62,3,42,73,37,51,118,107" hai1="28,93,103,80,47,38,110,75,61,36,102,39,30" hai2="92,101,86,125,124,44,113,70,40,55,46,1,7" hai3="57,104,74,131,27,31,72,67,23,119,32,53,10"/><V91/><F113/><W128/><G119/><T126/><D118/><U122/><E122/><V24/><F70/><W85/><G104/><T25/><D107/><U56/><E47/><V49/><F101/><W88/><G32/><T82/><D126/><N who="2" m="48746" /><F24/><W105/><G10/><N who="0" m="2367" /><D6/><U132/><E132/><V68/><F68/><W4/><G4/><T29/><D51/><U52/><E110/><V95/><F7/><W17/><G67/><T21/><D62/><U50/><E61/><V79/><F79/><W16/><G105/><T97/><D97/><U111/><E111/><V83/><F1/><W120/><G120/><T41/><D41/><U112/><E112/><V127/><N who="2" m="48754" /><V94/><DORA hai="121" /><F83/><N who="3" m="49215" /><G72/><T100/><D100/><U90/><E102/><V129/><F129/><N who="3" m="49739" /><G74/><T58/><D58/><U45/><E56/><V108/><F108/><W87/><G87/><T33/><D33/><U81/><E103/><V19/><F19/><W109/><G109/><T11/><D69/><U99/><REACH who="1" step="1"/><E80/><REACH who="1" ten="330,240,180,240" step="2"/><V66/><F66/><W14/><G14/><T63/><D71/><U133/><E133/><V13/><F13/><W20/><G20/><T114/><D114/><U84/><E84/><V15/><F15/><W60/><AGARI ba="0,1" hai="16,17,23,27,31,53,57,60" m="49739,49215" machi="60" ten="30,4000,0" yaku="19,1,54,2" doraHai="123,121" who="3" fromWho="3" sc="330,-10,240,-10,180,-20,240,50" /><INIT seed="3,0,0,1,5,135" ten="320,230,160,290" oya="3" hai0="19,8,49,35,33,89,58,100,75,93,32,18,55" hai1="105,62,71,42,91,76,80,83,127,46,11,39,84" hai2="53,109,108,41,17,70,126,87,85,13,2,69,68" hai3="103,24,10,26,23,96,129,6,25,94,125,116,64"/><W98/><G116/><T66/><D75/><U113/><E113/><V72/><F2/><W78/><G129/><T73/><D73/><U60/><E105/><V36/><F72/><W4/><G78/><T50/><D66/><U132/><E132/><V92/><F53/><W67/><G125/><T122/><D122/><U79/><E71/><V3/><F3/><W22/><G10/><T56/><D100/><U27/><E127/><V117/><F117/><W43/><G43/><T95/><D95/><U121/><E121/><V1/><F1/><W52/><G52/><T38/><D38/><U31/><E11/><V134/><F134/><W106/><G106/><T40/><D8/><U54/><E54/><V86/><F92/><W37/><G37/><T29/><D29/><U45/><E45/><V47/><F126/><W111/><G111/><T30/><D30/><U120/><E120/><V128/><F128/><W12/><G12/><T104/><D58/><U74/><REACH who="1" step="1"/><E76/><REACH who="1" ten="320,220,160,290" step="2"/><V90/><REACH who="2" step="1"/><F90/><REACH who="2" ten="320,220,150,290" step="2"/><W0/><G0/><T44/><D104/><U14/><E14/><V63/><F63/><W107/><G107/><T123/><D123/><U112/><E112/><V21/><AGARI ba="0,2" hai="13,17,21,36,41,47,68,69,70,85,86,87,108,109" machi="21" ten="40,2700,0" yaku="1,1,0,1,53,0" doraHai="135" doraHaiUra="115" who="2" fromWho="2" sc="320,-7,220,-7,150,47,290,-13" owari="313,41.3,213,-18.7,197,-30.3,277,7.7" /></mjloggm>