<mjloggm ver="2.3"><GO type="225" lobby="0"/><UN n0="%E3%81%82%E3%81%84%E3%81%82%E3%81%8A%E3%81%84" n1="%72%65%6E%6B%75%6E" n2="%E3%81%AF%E3%82%88%E3%81%8A%E3%81%98%E3%81%95%E3%82%93" n3="%E6%97%A5%E6%9B%9C%E6%97%A5%E3%82%88%E3%82%8A%E3%81%AE%E4%BD%BF%E8%80%85" dan="18,17,16,17" rate="2200.19,2204.94,2190.97,2199.90" sx="M,M,M,M"/><TAIKYOKU oya="0"/><INIT seed="0,0,0,0,5,1" ten="250,250,250,250" oya="0" hai0="16,29,91,12,89,28,14,44,30,23,84,35,72" hai1="121,96,79,37,134,50,87,133,46,59,85,75,18" hai2="86,21,82,113,93,31,25,10,90,47,71,3,118" hai3="41,73,62,99,125,60,24,95,128,101,9,124,130"/><T6/><D72/><U7/><E121/><V106/><F113/><W120/><G73/><T33/><D44/><U58/><E37/><V48/><F106/><W81/><G120/><T94/><REACH who="0" step="1"/><D89/><REACH who="0" ten="240,250,250,250" step="2"/><U53/><E133/><V119/><F47/><W132/><G132/><T126/><D126/><U2/><E134/><V92/><F90/><W19/><G125/><T69/><D69/><U74/><E74/><V54/><F71/><W4/><G124/><T131/><D131/><U76/><E75/><V15/><F118/><W107/><G128/><T32/><D32/><U80/><E76/><V78/><F119/><W97/><G130/><T108/><D108/><U122/><E122/><V135/><F135/><W34/><G34/><T17/><D17/><U83/><E18/><V63/><F78/><W65/><G19/><T70/><D70/><U110/><E110/><V105/><F31/><W36/><G36/><T52/><D52/><U112/><E112/><V0/><F54/><W115/><G115/><T64/><D64/><U43/><E53/><V123/><F123/><W22/><G65/><T8/><AGARI ba="0,1" hai="6,8,12,14,16,23,28,29,30,33,35,84,91,94" machi="8" ten="30,11700,0" yaku="1,1,0,1,52,1,54,1,53,0" doraHai="1" doraHaiUra="45" who="0" fromWho="0" sc="240,127,250,-39,250,-39,250,-39" /><INIT seed="0,1,0,1,4,39" ten="367,211,211,211" oya="0" hai0="53,85,103,32,81,98,66,9,133,25,130,78,34" hai1="91,24,89,108,56,116,38,83,27,3,0,52,14" hai2="41,46,124,62,21,64,54,48,76,40,4,90,65" hai3="18,113,71,59,55,30,114,43,51,126,82,128,35"/><T1/><D133/><U134/><E116/><V49/><F124/><W132/><G35/><T63/><D130/><U109/><E38/><V44/><F76/><W88/><G30/><T106/><D53/><U50/><E134/><V15/><F90/><N who="1" m="34313" /><E14/><V105/><F105/><W87/><G132/><T61/><D61/><U79/><E3/><V111/><F111/><N who="1" m="42569" /><E0/><V118/><F118/><W122/><G126/><T94/><D106/><U112/><E112/><V77/><F77/><W45/><G128/><T5/><REACH who="0" step="1"/><D25/><REACH who="0" ten="357,211,211,211" step="2"/><U96/><E96/><V102/><F62/><W8/><G122/><T129/><D129/><U57/><E56/><AGARI ba="1,1" hai="1,5,9,32,34,56,63,66,78,81,85,94,98,103" machi="56" ten="30,5800,0" yaku="1,1,7,1,53,1" doraHai="39" doraHaiUra="74" who="0" fromWho="1" sc="357,71,211,-61,211,0,211,0" /><INIT seed="0,2,0,5,0,94" ten="428,150,211,211" oya="0" hai0="41,81,119,107,105,127,80,109,110,121,73,111,104" hai1="135,77,62,50,30,132,89,35,106,53,72,11,46" hai2="99,69,59,45,14,6,113,68,37,58,2,85,5" hai3="114,0,133,18,102,124,24,38,31,91,75,117,126"/><T71/><D71/><U66/><E106/><V93/><F113/><W8/><G38/><T70/><D70/><U1/><E89/><V116/><F2/><W90/><G75/><T86/><D41/><U98/><E30/><V88/><F69/><W51/><G114/><T23/><D119/><U108/><E35/><V87/><F68/><W131/><G117/><T60/><D60/><U43/><E108/><V25/><F116/><W115/><G115/><T29/><D121/><U134/><E43/><V97/><F37/><W95/><G131/><T54/><D54/><U4/><E77/><V83/><F45/><W3/><G102/><T20/><D29/><U49/><E72/><V56/><F25/><W79/><G79/><N who="0" m="44143" /><D127/><U92/><E50/><V16/><F87/><W125/><G133/><T48/><D48/><U123/><E123/><V7/><F83/><W22/><G51/><T118/><D118/><U55/><E66/><V32/><F32/><W42/><G42/><T26/><D26/><U84/><E84/><V74/><F74/><W28/><G91/><AGARI ba="2,0" hai="20,23,81,86,91,104,105,107,109,110,111" m="44143" machi="91" ten="40,3900,0" yaku="14,1,10,1" doraHai="94" who="0" fromWho="3" sc="428,45,150,0,211,0,211,-45" /><INIT seed="0,3,0,5,0,18" ten="473,150,211,166" oya="0" hai0="74,4,98,31,1,12,61,9,42,11,134,80,133" hai1="103,93,29,45,97,101,85,21,62,115,48,105,55" hai2="43,13,109,23,71,132,14,95,20,51,128,41,5" hai3="87,6,118,34,3,92,125,44,124,46,15,26,67"/><T116/><D116/><U110/><E110/><V47/><F71/><W38/><G118/><T30/><D42/><U25/><E115/><V52/><F109/><W39/><G3/><T10/><D98/><U73/><E73/><V83/><F128/><W107/><G107/><T36/><D36/><U102/><E85/><V49/><F132/><N who="0" m="50794" /><D61/><U81/><E105/><V104/><F104/><W17/><G67/><T19/><D74/><U72/><E72/><V76/><F95/><W117/><G117/><T68/><D68/><U37/><E37/><V0/><F0/><W22/><G38/><T123/><D80/><U24/><E81/><V127/><F127/><N who="3" m="48715" /><G39/><T35/><D123/><U27/><REACH who="1" step="1"/><E62/><REACH who="1" ten="473,140,211,166" step="2"/><V100/><F83/><W63/><G63/><T112/><D112/><U40/><E40/><V2/><F43/><W60/><G60/><T130/><D130/><U99/><E99/><V8/><F41/><W78/><G78/><T96/><D96/><U70/><E70/><V94/><F76/><W69/><G69/><T114/><D114/><U16/><E16/><V120/><F120/><W119/><G119/><T88/><D31/><U32/><E32/><V64/><F94/><W54/><G92/><T121/><D121/><U86/><E86/><V77/><F77/><W28/><G87/><T91/><D30/><U90/><AGARI ba="3,1" hai="21,24,25,27,29,45,48,55,90,93,97,101,102,103" machi="90" ten="30,7900,0" yaku="1,1,0,1,8,1,52,1,53,0" doraHai="18" doraHaiUra="53" who="1" fromWho="1" sc="473,-42,140,98,211,-23,166,-23" /><INIT seed="1,0,0,2,4,114" ten="431,238,188,143" oya="1" hai0="77,25,132,33,129,69,7,85,53,4,133,30,14" hai1="75,91,97,121,130,60,68,103,65,89,3,51,127" hai2="104,18,36,96,10,101,70,43,108,113,20,111,88" hai3="73,131,6,44,81,27,98,128,29,9,39,124,102"/><U110/><E121/><V13/><F70/><W80/><G124/><T26/><D69/><U21/><E127/><V8/><F113/><W40/><G81/><N who="0" m="47279" /><D129/><U1/><E130/><V59/><F59/><W100/><G100/><T50/><D14/><U99/><E75/><V79/><F79/><W95/><G73/><T116/><D26/><U31/><E110/><N who="2" m="42027" /><F43/><W107/><G80/><T61/><D61/><U112/><E112/><V109/><N who="2" m="42035" /><V66/><DORA hai="94" /><F36/><W54/><G95/><T17/><D17/><U34/><E21/><V120/><F66/><W45/><G54/><T122/><D122/><U118/><E51/><V115/><F115/><W12/><REACH who="3" step="1"/><G45/><REACH who="3" ten="431,238,188,133" step="2"/><T41/><D53/><U46/><E46/><V22/><F120/><W87/><G87/><T92/><D92/><N who="1" m="56479" /><E89/><V37/><F88/><W11/><G11/><T58/><D133/><U135/><E135/><V71/><F8/><W90/><G90/><T42/><D132/><U83/><E83/><V5/><F10/><W49/><G49/><T106/><D50/><U82/><E82/><V28/><F37/><W47/><G47/><T62/><D106/><N who="1" m="63871" /><E118/><V84/><F84/><W24/><G24/><AGARI ba="0,1" hai="1,3,24,31,34,60,65,68" m="63871,56479" machi="24" ten="30,5800,0" yaku="25,1,52,2" doraHai="114,94" who="1" fromWho="3" sc="431,0,238,68,188,0,133,-58" /><INIT seed="1,1,0,0,1,97" ten="431,306,188,75" oya="1" hai0="53,104,101,79,94,47,23,116,134,54,70,115,32" hai1="37,62,59,84,35,133,46,78,31,123,20,124,103" hai2="130,26,40,125,88,100,18,56,87,73,90,43,2" hai3="4,51,19,71,49,5,9,29,119,0,50,39,96"/><U113/><E123/><V92/><F73/><W65/><G39/><T121/><D32/><U8/><E113/><V27/><F2/><W6/><G119/><T33/><D33/><U3/><E35/><V128/><F125/><W83/><G29/><T91/><D70/><U68/><E68/><V106/><F56/><W28/><G28/><T117/><D23/><U99/><E124/><V120/><F120/><W61/><G83/><T127/><D47/><U67/><E133/><V22/><F27/><W98/><G19/><T74/><D53/><U10/><E3/><V14/><F26/><W30/><G30/><T95/><D54/><U85/><E46/><V25/><F25/><W77/><G77/><T21/><D21/><U80/><E84/><V16/><F18/><W60/><G60/><T42/><D42/><U105/><E37/><V12/><F12/><W1/><G9/><T55/><D74/><U75/><REACH who="1" step="1"/><E75/><REACH who="1" ten="431,296,188,75" step="2"/><V129/><F90/><W109/><G0/><T102/><D91/><U135/><E135/><V69/><F69/><W36/><G1/><T34/><D134/><U13/><E13/><V131/><F131/><W41/><G36/><T15/><D15/><U48/><E48/><V7/><F7/><W72/><G72/><T118/><D115/><U108/><E108/><V45/><F45/><W126/><G126/><T110/><D127/><U66/><E66/><V11/><F22/><W114/><G114/><T107/><D117/><U82/><E82/><V132/><F132/><W38/><G109/><T122/><D116/><U89/><E89/><V93/><F93/><RYUUKYOKU ba="1,1" sc="431,-30,296,10,188,10,75,10" hai1="8,10,20,31,59,62,67,78,80,85,99,103,105" hai2="11,14,16,40,43,87,88,92,100,106,128,129,130" hai3="4,5,6,38,41,49,50,51,61,65,71,96,98" /><INIT seed="1,2,1,2,2,119" ten="401,306,198,85" oya="1" hai0="109,25,63,45,105,57,8,78,135,59,97,129,12" hai1="60,70,27,41,83,99,58,64,31,16,42,89,30" hai2="115,90,134,32,1,61,5,52,33,2,15,47,124" hai3="17,14,68,102,29,118,76,19,11,6,24,10,122"/><U13/><E70/><V34/><F124/><W95/><G68/><T98/><D109/><U82/><E82/><V84/><F134/><W132/><G132/><T112/><D112/><U44/><E27/><V87/><F115/><W7/><G76/><T54/><D135/><U21/><E42/><V0/><F87/><W123/><G118/><T117/><D117/><U111/><E111/><V36/><F36/><W101/><G95/><T48/><D129/><U100/><E89/><V43/><F43/><W126/><G126/><T49/><D105/><U35/><E35/><V93/><F15/><N who="3" m="5591" /><G102/><T38/><D38/><U56/><E56/><V77/><F77/><W108/><G101/><T28/><D78/><U39/><REACH who="1" step="1"/><E83/><REACH who="1" ten="401,296,198,85" step="2"/><V72/><F72/><W104/><G108/><T85/><D25/><U73/><E73/><V116/><F116/><W125/><G125/><T103/><D103/><U23/><E23/><V55/><F47/><W26/><G26/><T65/><D28/><U81/><E81/><V106/><F34/><N who="3" m="20775" /><G104/><AGARI ba="2,2" hai="13,16,21,30,31,39,41,44,58,60,64,99,100,104" machi="104" ten="30,11600,0" yaku="1,1,7,1,54,1,53,1" doraHai="119" doraHaiUra="37" who="1" fromWho="3" sc="401,0,296,142,198,0,85,-122" owari="401,20.1,438,53.8,198,-20.2,-37,-53.7" /></mjloggm>