<mjloggm ver="2.3"><GO type="225" lobby="0"/><UN n0="%E6%A1%9C%E8%8A%B1%E9%96%83%E3%80%85" n1="%E6%97%A5%E6%9B%9C%E6%97%A5%E3%82%88%E3%82%8A%E3%81%AE%E4%BD%BF%E8%80%85" n2="%E3%83%96%E3%83%83%E3%83%91%E3%82%AA%E3%83%96%E3%83%81%E3%82%AD%E3%83%B3" n3="%E7%B4%94%E6%BD%94%E3%83%94%E3%83%A9%E3%83%8B%E3%82%A2" dan="17,17,16,17" rate="2255.77,2233.52,2199.54,2182.36" sx="M,M,M,M"/><TAIKYOKU oya="0"/><INIT seed="0,0,0,2,3,33" ten="250,250,250,250" oya="0" hai0="74,107,73,125,135,26,79,61,68,76,23,56,21" hai1="109,42,86,115,91,10,128,1,34,20,77,69,27" hai2="64,12,9,78,126,121,37,108,53,25,45,32,38" hai3="31,13,70,8,129,81,123,4,80,116,98,44,19"/><T97/><D68/><U89/><E69/><V48/><F121/><W36/><G116/><T14/><D125/><U65/><E34/><V110/><F126/><W55/><G123/><T120/><D120/><U117/><E117/><V28/><F64/><W18/><G129/><T99/><D135/><U2/><E65/><V106/><F106/><W54/><G70/><T90/><D107/><U92/><E42/><V113/><F78/><N who="0" m="29738" /><D74/><U66/><E66/><V88/><F113/><W15/><G31/><N who="0" m="17871" /><D90/><U131/><E77/><V30/><F30/><W95/><G36/><T94/><D94/><U118/><E91/><V102/><F102/><W104/><G104/><T82/><D82/><U5/><E118/><V112/><F112/><W114/><G114/><T67/><D73/><U105/><E105/><V17/><REACH who="2" step="1"/><F88/><REACH who="2" ten="250,250,240,250" step="2"/><W130/><G130/><N who="1" m="49706" /><E115/><V46/><F46/><W62/><G44/><T93/><D93/><U124/><E124/><V57/><F57/><W16/><G80/><T49/><D49/><U59/><E59/><V63/><F63/><W72/><G62/><T132/><D132/><U96/><E86/><V22/><F22/><W7/><G81/><T58/><D56/><U41/><E89/><V51/><F51/><W103/><G72/><T127/><D127/><U24/><E92/><V83/><F83/><W84/><G84/><T122/><D122/><U101/><E20/><V71/><F71/><W29/><G29/><T39/><D39/><AGARI ba="0,1" hai="9,12,17,25,28,32,37,38,39,45,48,53,108,110" machi="39" ten="40,2600,0" yaku="1,1,53,1" doraHai="33" doraHaiUra="11" who="2" fromWho="0" sc="250,-26,250,0,240,36,250,0" /><INIT seed="1,0,0,0,5,90" ten="224,250,276,250" oya="1" hai0="10,117,135,79,114,106,104,9,18,54,38,70,127" hai1="75,39,89,108,49,95,109,77,132,36,111,33,129" hai2="98,40,76,60,26,30,96,2,61,72,45,1,71" hai3="123,67,65,52,91,94,66,64,69,84,82,24,115"/><U101/><E129/><V100/><F72/><W5/><G115/><T113/><D117/><U112/><E112/><V17/><F76/><W99/><G123/><T119/><D119/><U57/><E132/><V56/><F17/><W121/><G121/><T131/><D70/><U73/><E33/><V81/><F81/><W7/><G69/><T31/><D38/><N who="1" m="14379" /><E101/><V68/><F96/><W51/><N who="3" m="16384" /><DORA hai="103" /><W22/><G22/><T43/><D18/><U78/><E57/><V58/><F58/><N who="3" m="33055" /><G24/><T133/><D131/><U37/><N who="1" m="14387" /><U122/><DORA hai="97" /><E49/><V59/><F59/><W35/><G35/><T27/><D27/><U105/><E105/><V53/><F61/><W44/><G44/><T4/><D106/><U74/><E122/><V6/><F71/><W92/><G92/><T50/><D104/><U14/><E14/><V134/><F68/><W80/><G80/><T25/><D50/><U3/><E3/><V21/><F134/><W13/><G13/><T128/><D128/><U0/><E0/><V118/><F118/><W32/><G32/><T11/><D135/><U125/><E125/><V85/><F1/><W83/><G83/><T86/><D127/><U107/><E107/><V42/><F45/><W41/><G41/><T28/><D43/><U15/><E15/><V20/><F42/><W29/><G29/><T110/><D133/><U126/><E126/><V93/><F40/><W46/><G46/><T120/><D114/><U34/><E34/><V23/><F30/><W124/><G124/><T102/><D113/><U16/><E16/><V62/><F2/><RYUUKYOKU ba="0,0" sc="224,-15,250,15,276,-15,250,15" hai1="73,74,75,77,78,89,95,108,109,111" hai3="5,7,82,84,91,94,99" /><INIT seed="1,1,0,3,5,76" ten="209,265,261,265" oya="1" hai0="69,105,37,54,71,102,18,52,78,3,101,84,89" hai1="104,119,45,39,90,94,126,118,70,95,35,17,66" hai2="28,43,34,130,73,53,112,82,122,12,85,67,32" hai3="50,25,7,88,111,57,6,68,96,24,127,117,4"/><U115/><E104/><V31/><F122/><W15/><G68/><T100/><D105/><U19/><E35/><V60/><F73/><W29/><G111/><T1/><D37/><U22/><E115/><V62/><F43/><W74/><G74/><T36/><D36/><U38/><E70/><V64/><F112/><W107/><G127/><T79/><D101/><U33/><E33/><V8/><F130/><W113/><G113/><T132/><D84/><U21/><E66/><N who="2" m="25131" /><F34/><W51/><G117/><T26/><D89/><U11/><E11/><V86/><F32/><W80/><G107/><T121/><D18/><U99/><E126/><V106/><F86/><N who="3" m="50247" /><G96/><T10/><D10/><U42/><E39/><V87/><F85/><W20/><G25/><T58/><D26/><U97/><E19/><N who="2" m="8583" /><F106/><W83/><G83/><T77/><D77/><U59/><E119/><V131/><F131/><W72/><G72/><T13/><D13/><U91/><E118/><V61/><F53/><N who="3" m="31927" /><G15/><T2/><D2/><U128/><E128/><V108/><F108/><W16/><G29/><T125/><D125/><U65/><E17/><V0/><F0/><W23/><G20/><T123/><REACH who="0" step="1"/><D58/><REACH who="0" ten="199,265,261,265" step="2"/><U98/><E98/><V114/><F114/><W110/><G110/><T49/><D49/><AGARI ba="1,1" hai="4,6,7,16,23,24,49,51" m="31927,50247" machi="49" ten="30,7700,0" yaku="8,1,52,1,54,2" doraHai="76" who="3" fromWho="0" sc="199,-80,265,0,261,0,265,90" /><INIT seed="2,0,0,1,3,77" ten="119,265,261,355" oya="2" hai0="123,10,48,72,3,108,120,55,118,56,20,35,80" hai1="85,81,65,31,75,53,104,98,12,57,43,14,114" hai2="18,51,116,39,76,2,73,129,19,17,122,54,131" hai3="119,36,49,117,8,1,26,25,6,7,132,32,60"/><V37/><F116/><W24/><G36/><N who="2" m="13897" /><F122/><W9/><G49/><T71/><D118/><N who="3" m="45065" /><G60/><T59/><D71/><U125/><E114/><V96/><F96/><W64/><G64/><T29/><D108/><U113/><E113/><V95/><F95/><W27/><G132/><T47/><D35/><U13/><E125/><V84/><F84/><W50/><G50/><T21/><D123/><U111/><E111/><V70/><F70/><W67/><G67/><T46/><D120/><U110/><E110/><V78/><F2/><N who="3" m="87" /><G25/><T105/><D105/><U68/><E68/><V33/><F73/><W89/><G89/><T23/><D59/><U99/><E75/><V115/><F115/><W30/><AGARI ba="0,0" hai="1,7,9,24,26,27,30,32" m="87,45065" machi="30" ten="30,2000,0" yaku="34,2" doraHai="77" who="3" fromWho="3" sc="119,-5,265,-5,261,-10,355,20" /><INIT seed="3,0,0,4,4,120" ten="114,260,251,375" oya="3" hai0="113,69,89,106,64,36,93,41,121,102,46,28,54" hai1="17,52,92,99,42,86,6,78,60,83,117,11,25" hai2="13,29,61,134,0,14,73,125,40,24,5,34,119" hai3="1,77,39,91,53,114,100,15,80,51,71,103,37"/><W10/><G1/><T31/><D121/><U66/><E117/><V127/><F119/><W110/><G71/><T9/><D113/><U2/><E42/><V87/><F73/><W57/><G100/><T3/><D102/><U111/><E111/><V76/><F40/><W33/><G110/><T82/><D82/><U4/><E2/><V115/><F115/><W75/><G91/><T70/><D106/><U12/><E25/><V68/><F134/><W63/><G33/><T20/><D20/><U98/><E98/><V108/><F108/><W97/><G51/><T26/><D26/><U19/><E19/><V49/><F49/><W90/><G90/><T16/><D54/><U101/><E52/><V62/><F0/><W30/><G30/><T118/><D118/><U7/><E7/><V55/><F5/><W44/><G44/><T58/><D58/><AGARI ba="0,0" hai="4,6,11,12,17,58,60,66,78,83,86,92,99,101" machi="58" ten="30,2000,0" yaku="7,1,8,1" doraHai="120" who="1" fromWho="0" sc="114,-20,260,20,251,0,375,0" owari="94,-40.6,280,8.0,251,-14.9,375,47.5" /></mjloggm>