<mjloggm ver="2.3"><GO type="225" lobby="0"/><UN n0="%E6%80%AA%E3%81%97%E3%81%99%E3%81%8E%E3%82%8B%E3%83%81%E3%83%BC" n1="%50%65%74%65%72%50%61%6E" n2="%E3%81%BF%E3%81%BF%E3%81%9A" n3="%E3%81%95%E3%81%8D%E3%81%9F%E3%81%BE%E6%9E%97%E6%AA%8E" dan="16,17,17,16" rate="2064.65,2222.89,2220.18,2118.09" sx="M,M,M,M"/><TAIKYOKU oya="0"/><INIT seed="0,0,0,5,5,120" ten="250,250,250,250" oya="0" hai0="109,55,57,64,76,17,108,129,111,23,52,82,21" hai1="60,128,133,96,37,78,77,113,5,134,125,127,85" hai2="40,39,35,42,98,89,41,68,38,132,50,26,53" hai3="25,43,71,33,112,97,121,36,61,93,0,62,123"/><T99/><D99/><U101/><BYE who="0" /><E37/><UN n0="%E6%80%AA%E3%81%97%E3%81%99%E3%81%8E%E3%82%8B%E3%83%81%E3%83%BC" /><V81/><F68/><W9/><G112/><T31/><D129/><U92/><E5/><V12/><F132/><N who="1" m="50793" /><E60/><V104/><F12/><W11/><G36/><T29/><D64/><U72/><E113/><V45/><F81/><W100/><G43/><T44/><D44/><U51/><E51/><V124/><F124/><N who="1" m="47689" /><E72/><V34/><F34/><W65/><G62/><N who="0" m="36135" /><D55/><U58/><E58/><V105/><F38/><W19/><G19/><T79/><D23/><U84/><E128/><V114/><F39/><W27/><G27/><N who="0" m="14767" /><D76/><AGARI ba="0,0" hai="76,77,78,84,85,92,96,101" m="47689,50793" machi="76" ten="30,7700,0" yaku="20,1,18,1,34,2" doraHai="120" who="1" fromWho="0" sc="250,-77,250,77,250,0,250,0" /><INIT seed="1,0,0,1,0,93" ten="173,327,250,250" oya="1" hai0="14,85,66,99,27,33,76,102,49,98,50,115,24" hai1="20,5,77,22,113,135,60,119,69,111,114,117,12" hai2="10,104,47,41,71,120,67,70,124,36,37,91,82" hai3="11,107,125,42,128,13,72,39,92,31,45,75,7"/><U17/><E77/><V132/><F120/><W112/><G112/><N who="1" m="43114" /><E60/><V89/><F104/><W52/><G107/><T116/><D116/><N who="1" m="44619" /><E69/><V30/><F124/><W48/><G128/><T15/><D115/><U88/><E88/><V26/><F132/><W44/><G125/><T127/><D127/><U131/><E131/><V55/><F36/><W46/><G31/><T101/><D33/><U4/><E135/><V90/><F67/><W83/><G83/><T28/><D28/><U68/><E68/><V23/><F82/><W62/><G92/><T54/><D66/><U118/><E118/><V121/><F121/><W122/><G122/><T38/><D38/><U53/><E53/><V123/><F123/><W3/><G3/><T126/><D126/><U95/><E95/><V80/><F80/><W51/><REACH who="3" step="1"/><G62/><REACH who="3" ten="173,327,250,240" step="2"/><T86/><D54/><AGARI ba="0,1" hai="7,11,13,39,42,44,45,46,48,51,52,54,72,75" machi="54" ten="30,8000,1" yaku="1,1,2,1,7,1,9,1,54,1,53,0" doraHai="93" doraHaiUra="110" who="3" fromWho="0" sc="173,-80,327,0,250,0,240,90" /><INIT seed="2,0,0,3,5,100" ten="93,327,250,330" oya="2" hai0="40,89,12,16,81,68,104,67,124,135,134,90,73" hai1="5,10,127,42,91,132,102,110,98,26,101,77,107" hai2="92,48,95,70,65,33,21,13,29,17,69,96,103" hai3="66,105,133,28,23,62,79,112,15,2,50,106,94"/><V1/><F1/><W3/><G79/><N who="0" m="44271" /><D40/><U99/><E110/><V45/><F65/><W31/><G112/><T78/><D78/><U126/><E132/><N who="0" m="50729" /><D67/><U41/><E91/><N who="0" m="34825" /><D68/><U18/><E77/><V46/><F46/><W72/><G133/><T121/><D121/><U56/><E56/><V80/><F80/><W113/><G72/><T108/><D108/><U38/><E18/><V11/><F33/><W54/><G113/><T55/><D55/><U7/><E26/><V44/><F44/><W19/><G2/><T129/><D129/><U9/><E38/><V130/><F130/><W88/><G3/><T14/><D124/><U74/><E74/><V87/><F87/><N who="3" m="52511" /><G31/><T116/><D116/><U35/><E35/><V43/><F70/><N who="3" m="42327" /><G28/><T4/><D4/><U51/><E51/><V25/><REACH who="2" step="1"/><F69/><REACH who="2" ten="93,327,240,330" step="2"/><W76/><G76/><T24/><D104/><AGARI ba="0,1" hai="5,7,9,10,41,42,98,99,101,102,104,107,126,127" machi="104" ten="25,6400,0" yaku="22,2,52,2" doraHai="100" who="1" fromWho="0" sc="93,-64,327,74,240,0,330,0" /><AGARI ba="0,0" hai="11,13,17,21,25,29,43,45,48,92,95,96,103,104" machi="104" ten="30,11600,0" yaku="1,1,2,1,7,1,52,1,53,0" doraHai="100" doraHaiUra="128" who="2" fromWho="0" sc="29,-116,401,0,240,116,330,0" owari="-87,-58.7,401,50.1,356,15.6,330,-7.0" /></mjloggm>