<mjloggm ver="2.3"><GO type="225" lobby="0"/><UN n0="%E6%81%A5%E6%99%92%E3%81%97" n1="%E6%98%93%E5%88%A9%E8%96%A9%E4%BC%AF" n2="%72%69%6F%75%63%68%61%6E" n3="%E5%8F%AF%E5%85%90%E9%82%A3%E7%94%B1%E5%A4%9A" dan="16,16,16,16" rate="2205.25,2150.39,2185.65,2125.37" sx="M,F,M,F"/><TAIKYOKU oya="0"/><INIT seed="0,0,0,2,5,121" ten="250,250,250,250" oya="0" hai0="20,8,122,27,52,0,40,7,15,120,77,41,18" hai1="58,116,22,90,85,23,39,132,103,68,110,129,65" hai2="118,48,135,83,72,78,74,84,113,19,5,2,43" hai3="112,25,115,99,37,33,46,13,45,108,35,34,59"/><T36/><D77/><U51/><E116/><V73/><F135/><W66/><G25/><T93/><D36/><U79/><E39/><V54/><F113/><W9/><G99/><T76/><D76/><U80/><E132/><V67/><F118/><W133/><G133/><T38/><D38/><U62/><E103/><V53/><F67/><W95/><G95/><T87/><D120/><U4/><E4/><V100/><F100/><W11/><G108/><T69/><D122/><U6/><E129/><V61/><F61/><W10/><G13/><T106/><D69/><U42/><E110/><V26/><F19/><W109/><G109/><T75/><D75/><U91/><E6/><V98/><F98/><W107/><G107/><T86/><D106/><U3/><E3/><V17/><F17/><W127/><G127/><T94/><D0/><U1/><E1/><V31/><F43/><N who="0" m="16458" /><D52/><U70/><E70/><V82/><F83/><W96/><G37/><T64/><D64/><U123/><E123/><V29/><F48/><W130/><G130/><T32/><D32/><U50/><E68/><V44/><F44/><N who="3" m="17003" /><G96/><T117/><D117/><U119/><E119/><V126/><F126/><W89/><G89/><N who="1" m="33802" /><E42/><V28/><REACH who="2" step="1"/><F26/><REACH who="2" ten="250,250,240,250" step="2"/><W128/><G128/><T24/><D27/><U88/><E51/><V71/><F71/><W92/><G92/><AGARI ba="0,1" hai="7,8,15,18,20,24,86,87,92,93,94" m="16458" machi="92" ten="30,1500,0" yaku="8,1" doraHai="121" who="0" fromWho="3" sc="250,25,250,0,240,0,250,-15" /><INIT seed="0,1,0,1,4,51" ten="275,250,240,235" oya="0" hai0="27,8,42,116,90,121,64,71,98,115,85,3,18" hai1="106,15,47,20,0,6,91,82,74,135,80,10,125" hai2="5,50,25,105,37,101,89,127,13,36,26,120,45" hai3="23,30,22,62,31,94,81,1,66,95,131,114,78"/><T84/><D116/><U72/><E106/><V52/><F120/><W49/><G114/><T46/><D115/><U68/><E68/><V130/><F130/><W110/><G1/><T32/><D121/><U86/><E135/><V12/><F127/><W21/><G131/><T33/><D3/><U40/><E125/><V97/><F89/><W39/><G39/><T44/><D44/><U104/><E104/><V76/><F76/><W38/><G38/><T57/><D71/><U9/><E20/><V60/><F12/><W123/><G123/><T29/><D33/><U61/><E61/><V126/><F126/><W53/><G110/><T124/><D98/><U48/><REACH who="1" step="1"/><E82/><REACH who="1" ten="275,240,240,235" step="2"/><V34/><F60/><W103/><G62/><T14/><D124/><U24/><E24/><V4/><F25/><W102/><G30/><T119/><D27/><U100/><E100/><V87/><F26/><W28/><G31/><T35/><D29/><U7/><AGARI ba="1,1" hai="0,6,7,9,10,15,40,47,48,72,74,80,86,91" machi="7" ten="20,2700,0" yaku="1,1,0,1,7,1,53,0" doraHai="51" doraHaiUra="99" who="1" fromWho="1" sc="275,-14,240,40,240,-8,235,-8" /><INIT seed="1,0,0,5,2,43" ten="261,280,232,227" oya="1" hai0="3,119,29,38,88,73,82,35,95,7,22,13,77" hai1="2,97,106,76,85,65,8,102,128,90,42,80,55" hai2="121,117,30,115,26,110,25,66,120,54,87,16,27" hai3="67,70,5,62,92,34,46,18,20,129,107,64,123"/><U111/><E128/><V101/><F117/><W32/><G123/><T109/><D109/><U132/><E132/><V14/><F110/><W126/><G107/><T130/><D130/><U50/><E111/><V12/><F66/><W79/><G5/><T57/><D119/><U60/><E42/><V96/><F115/><W91/><G129/><T9/><D57/><U6/><E65/><V84/><F30/><W47/><G79/><T74/><D38/><U10/><E10/><V37/><F12/><W17/><G126/><T58/><D58/><U40/><E40/><V51/><F37/><W48/><G64/><T78/><D78/><U118/><E60/><V0/><F0/><W131/><G131/><T93/><D73/><U59/><REACH who="1" step="1"/><E118/><REACH who="1" ten="261,270,232,227" step="2"/><V11/><F121/><W89/><G62/><T113/><D9/><U4/><E4/><V124/><F120/><W122/><G67/><T69/><D7/><U114/><E114/><V105/><REACH who="2" step="1"/><F124/><REACH who="2" ten="261,270,222,227" step="2"/><W125/><G125/><T39/><D113/><U33/><E33/><V45/><AGARI ba="0,2" hai="11,14,16,25,26,27,45,51,54,84,87,96,101,105" machi="45" ten="30,12000,2" yaku="1,1,2,1,0,1,52,1,54,1,53,1" doraHai="43" doraHaiUra="99" who="2" fromWho="2" sc="261,-30,270,-60,222,140,227,-30" /><INIT seed="2,0,0,2,0,131" ten="231,210,362,197" oya="2" hai0="94,25,90,18,70,92,120,10,86,55,93,43,119" hai1="16,47,80,133,115,30,124,35,22,0,49,72,126" hai2="63,104,15,103,64,39,48,89,101,68,88,105,5" hai3="73,67,95,20,74,132,36,6,71,17,117,85,28"/><V106/><F39/><W108/><G117/><T62/><D120/><U84/><E0/><V1/><F1/><W27/><G36/><T61/><D119/><U52/><E72/><V128/><F128/><W19/><G108/><T76/><D76/><U135/><E115/><V123/><F123/><W12/><G6/><T100/><D43/><U44/><E44/><V75/><F75/><W82/><G95/><T45/><D70/><U51/><E51/><V91/><REACH who="2" step="1"/><F48/><REACH who="2" ten="231,210,352,197" step="2"/><W13/><G73/><T53/><D100/><U102/><E102/><V65/><F65/><W81/><G67/><T60/><D55/><U42/><E42/><V116/><F116/><W97/><G74/><T7/><D53/><U54/><E54/><V59/><F59/><W107/><G71/><T14/><D45/><U122/><E122/><V4/><F4/><W112/><G112/><T125/><D125/><N who="1" m="48235" /><E35/><V41/><F41/><W69/><G69/><T121/><D121/><U113/><E113/><V134/><F134/><W79/><G132/><T127/><D127/><U66/><E66/><V38/><F38/><W118/><G118/><T83/><D7/><U111/><E111/><V46/><F46/><W109/><G109/><T98/><D98/><U58/><E47/><V77/><F77/><W78/><G97/><T3/><D3/><U11/><E135/><V8/><AGARI ba="0,1" hai="5,8,15,63,64,68,88,89,91,101,103,104,105,106" machi="8" ten="40,7800,0" yaku="1,1,0,1,54,1,53,0" doraHai="131" doraHaiUra="37" who="2" fromWho="2" sc="231,-26,210,-26,352,88,197,-26" /><INIT seed="2,1,0,3,2,73" ten="205,184,440,171" oya="2" hai0="37,42,113,108,27,8,13,119,23,68,4,105,58" hai1="47,6,89,70,3,121,25,135,116,88,75,71,74" hai2="59,112,93,130,77,38,28,40,104,29,53,56,7" hai3="86,83,32,39,102,125,67,11,87,41,63,15,16"/><V17/><F112/><W107/><G32/><T109/><D113/><U92/><E116/><V1/><F104/><W78/><G125/><T44/><D119/><U36/><E135/><V134/><F134/><W10/><G107/><T103/><D68/><U122/><E25/><V117/><F117/><W101/><G10/><T100/><D58/><U46/><E6/><V52/><F130/><W12/><G12/><T110/><REACH who="0" step="1"/><D105/><REACH who="0" ten="195,184,440,171" step="2"/><U20/><E71/><V5/><F59/><W126/><G126/><T96/><D96/><U133/><E70/><V128/><F56/><W14/><G67/><T66/><D66/><U43/><E133/><V54/><F128/><W26/><G63/><T64/><D64/><U50/><E122/><V79/><F93/><W0/><G0/><T48/><D48/><U118/><E3/><V111/><F111/><W115/><G115/><T132/><D132/><U85/><E121/><V131/><F131/><W114/><G114/><T24/><D24/><U84/><E118/><V123/><F123/><W9/><G26/><T81/><D81/><U120/><E120/><V91/><F1/><W57/><G57/><T76/><D76/><U34/><E92/><V2/><F79/><N who="3" m="46463" /><G39/><T61/><D61/><U97/><E36/><V45/><F38/><W35/><G78/><T60/><D60/><U33/><E97/><V80/><F77/><W72/><G14/><T55/><D55/><U90/><E50/><V129/><F2/><W51/><G15/><T82/><D82/><U62/><E62/><V69/><F129/><W21/><G51/><T95/><D95/><RYUUKYOKU ba="1,1" sc="195,30,184,-10,440,-10,171,-10" hai0="4,8,13,23,27,37,42,44,100,103,108,109,110" /><INIT seed="3,2,1,5,1,105" ten="225,174,430,161" oya="3" hai0="112,11,46,25,135,34,32,40,3,100,28,67,51" hai1="102,60,26,98,107,99,76,114,129,4,85,119,56" hai2="88,81,87,35,23,110,29,73,118,77,124,68,44" hai3="93,94,134,19,48,6,130,74,66,42,36,62,22"/><W57/><G130/><T97/><D135/><U108/><E114/><V10/><F110/><W133/><G36/><T13/><D112/><U54/><E108/><V83/><F118/><W101/><G6/><T122/><D122/><U84/><E119/><V90/><F68/><W37/><G37/><T9/><D3/><U5/><E129/><V39/><F35/><W121/><G121/><T103/><D67/><U43/><E43/><V91/><F124/><W128/><G128/><T117/><D117/><U113/><E113/><V96/><F96/><N who="1" m="36905" /><E102/><V55/><F10/><W17/><G101/><T132/><D132/><N who="3" m="50793" /><G74/><T50/><D11/><U30/><E107/><V70/><F70/><W16/><G22/><T92/><D103/><U8/><E8/><V71/><F71/><W78/><G78/><T15/><D34/><U61/><E61/><V131/><F131/><W64/><G64/><T27/><D9/><U127/><E127/><V63/><F63/><W14/><G14/><T126/><D126/><U72/><E72/><V115/><F115/><W95/><G48/><T75/><D75/><U106/><E106/><V31/><F23/><W123/><G123/><T59/><D27/><U53/><E76/><V7/><F7/><N who="1" m="2633" /><E54/><V69/><F69/><W49/><G49/><T2/><D2/><U12/><E12/><V82/><F55/><W111/><G111/><T86/><D13/><U65/><E53/><V79/><REACH who="2" step="1"/><F82/><REACH who="2" ten="225,174,420,161" step="2"/><W38/><G42/><AGARI ba="2,2" hai="29,31,39,42,44,73,77,79,81,83,87,88,90,91" machi="42" ten="40,8000,1" yaku="1,1,2,1,52,1,54,1,53,0" doraHai="105" doraHaiUra="89" who="2" fromWho="3" sc="225,0,174,0,420,106,161,-86" owari="225,2.5,174,-22.6,526,62.6,75,-42.5" /></mjloggm>