<mjloggm ver="2.3"><GO type="225" lobby="0"/><UN n0="%E6%98%93%E5%88%A9%E8%96%A9%E4%BC%AF" n1="%E3%81%99%E3%81%84%E3%81%BE%E3%81%9B%E3%83%BC%E3%82%93" n2="%E4%BF%BA%E3%81%A8%E5%A6%96%E5%A4%A2" n3="%E3%83%A9%E3%83%BC%E3%83%A1%E3%83%B3%E4%BA%94%E9%83%8E" dan="17,18,16,16" rate="2143.45,2207.99,2213.00,2095.55" sx="F,M,F,M"/><TAIKYOKU oya="0"/><INIT seed="0,0,0,0,1,70" ten="250,250,250,250" oya="0" hai0="79,108,37,103,121,10,78,93,39,107,127,120,59" hai1="40,96,30,7,51,46,92,67,44,90,38,125,26" hai2="45,6,56,91,100,27,73,35,111,76,0,62,28" hai3="80,86,12,2,25,9,87,19,117,32,129,81,4"/><T29/><D107/><U124/><E67/><V15/><F111/><W135/><G129/><T22/><D108/><U57/><E57/><V104/><F100/><W64/><G135/><T11/><D127/><U101/><E7/><V43/><F104/><W31/><G64/><T13/><D121/><U17/><E17/><V113/><F113/><W131/><G117/><T69/><D69/><U1/><E1/><V110/><F110/><W112/><G131/><T8/><D120/><U95/><E46/><V41/><F91/><W42/><G42/><T123/><D123/><U105/><E51/><V47/><F0/><W122/><G112/><T119/><D119/><U66/><E66/><V133/><F133/><W102/><G102/><T128/><D128/><U21/><REACH who="1" step="1"/><E105/><REACH who="1" ten="250,240,250,250" step="2"/><V48/><F45/><W5/><G122/><T55/><D29/><U60/><E60/><V33/><F48/><W74/><G5/><T58/><D58/><U71/><E71/><V75/><F47/><W99/><G2/><T53/><D59/><U97/><AGARI ba="0,1" hai="21,26,30,38,40,44,90,92,95,96,97,101,124,125" machi="97" ten="30,4000,0" yaku="1,1,0,1,52,1,53,0" doraHai="70" doraHaiUra="72" who="1" fromWho="1" sc="250,-20,240,50,250,-10,250,-10" /><INIT seed="1,0,0,1,4,108" ten="230,290,240,240" oya="1" hai0="97,99,58,27,68,6,82,17,41,11,117,125,50" hai1="22,134,42,38,103,89,61,113,101,86,24,92,60" hai2="21,35,28,96,118,15,43,16,128,107,121,135,98" hai3="93,123,133,26,2,64,14,23,94,84,129,47,88"/><U70/><E134/><V131/><F118/><W127/><G123/><T78/><D68/><U3/><E3/><V112/><F121/><W75/><G2/><T85/><D125/><U51/><E113/><V116/><F116/><W81/><G133/><T66/><D117/><U18/><E38/><V10/><F135/><W65/><G127/><T111/><D111/><U29/><E70/><V126/><F126/><W63/><G129/><N who="2" m="49737" /><F43/><W76/><G14/><T39/><D39/><U53/><E42/><V115/><F35/><W55/><G94/><T83/><D83/><U32/><E103/><N who="2" m="62951" /><F98/><N who="3" m="57639" /><G75/><T132/><D132/><U30/><E101/><V104/><F104/><W79/><G79/><T13/><D66/><U48/><E48/><V12/><F28/><N who="1" m="10857" /><E32/><V73/><F73/><W91/><G76/><T87/><D87/><U46/><AGARI ba="0,0" hai="18,22,24,46,51,53,60,61,86,89,92" m="10857" machi="46" ten="30,1500,0" yaku="8,1" doraHai="108" who="1" fromWho="1" sc="230,-5,290,15,240,-5,240,-5" /><INIT seed="1,1,0,5,1,80" ten="225,305,235,235" oya="1" hai0="104,8,94,87,89,79,68,130,42,132,84,61,118" hai1="107,123,32,74,17,29,37,131,91,43,40,53,31" hai2="58,67,127,103,27,82,73,24,46,30,99,64,78" hai3="92,14,6,44,0,125,88,21,120,105,102,15,70"/><U1/><E123/><V55/><F127/><W110/><G120/><T109/><D118/><U36/><E1/><V12/><F12/><W97/><G70/><T100/><D109/><U28/><E32/><V62/><F46/><W57/><G110/><T134/><D42/><U83/><E107/><V126/><F126/><W56/><G125/><T119/><D119/><U35/><E35/><V16/><F16/><W19/><G0/><T81/><D130/><U49/><E131/><V121/><F121/><W75/><G75/><T60/><D8/><U93/><E37/><V45/><F45/><W33/><G44/><T77/><D68/><U10/><E83/><V41/><F41/><W23/><G33/><T90/><D61/><U86/><E74/><V85/><F73/><W129/><G129/><T39/><D60/><U47/><E36/><V124/><F124/><W71/><G71/><T2/><D2/><U117/><E117/><V106/><REACH who="2" step="1"/><F24/><REACH who="2" ten="225,305,225,235" step="2"/><W111/><G111/><T54/><D39/><U22/><E10/><V59/><F59/><W114/><G6/><T11/><D11/><U112/><E112/><V48/><F48/><W95/><G114/><T52/><D104/><U116/><E116/><V113/><F113/><W72/><G105/><T51/><D51/><U5/><E5/><V63/><F63/><W96/><G72/><T98/><D132/><U38/><E38/><V25/><F25/><AGARI ba="1,1" hai="17,22,25,28,29,31,40,43,47,49,53,86,91,93" machi="25" ten="40,3900,0" yaku="8,1,52,1" doraHai="80" who="1" fromWho="2" sc="225,0,305,52,225,-42,235,0" /><INIT seed="1,2,0,2,3,61" ten="225,357,183,235" oya="1" hai0="131,47,86,67,44,95,133,34,75,55,14,13,24" hai1="93,66,108,92,90,76,91,100,72,49,132,84,127" hai2="109,106,87,3,53,70,83,50,46,128,122,43,57" hai3="54,52,107,15,111,18,20,23,41,27,101,110,17"/><U117/><E117/><V5/><F122/><W81/><G41/><T51/><D75/><U26/><E132/><V32/><F32/><W130/><G130/><T38/><D133/><U59/><E127/><V96/><F128/><W135/><G135/><T125/><D125/><U9/><E100/><V62/><F109/><N who="3" m="41483" /><G81/><T123/><D123/><U112/><E112/><V64/><F3/><W28/><G28/><T31/><D131/><U88/><E72/><V21/><F5/><W97/><AGARI ba="2,0" hai="15,17,18,20,23,27,52,54,97,101,107" m="41483" machi="97" ten="30,2000,0" yaku="14,1,54,1" doraHai="61" who="3" fromWho="3" sc="225,-7,357,-12,183,-7,235,26" /><INIT seed="2,0,0,5,2,86" ten="218,345,176,261" oya="2" hai0="105,106,79,82,28,89,57,123,91,13,115,49,103" hai1="72,18,10,75,15,44,80,90,25,8,100,61,31" hai2="19,53,84,45,113,71,22,116,7,30,3,118,56" hai3="27,46,132,114,47,64,51,24,23,102,39,21,120"/><V26/><F113/><W20/><G120/><T62/><D123/><U77/><E100/><V85/><F71/><W78/><G114/><T83/><D115/><U59/><E44/><V50/><F7/><W93/><G39/><T133/><D133/><U70/><E70/><V128/><F3/><W42/><G132/><T98/><D105/><U125/><E125/><V68/><F68/><W74/><G47/><T108/><D108/><U131/><E131/><V2/><F2/><W109/><G109/><T69/><D28/><U11/><E90/><V33/><F128/><W94/><G64/><T127/><D127/><U6/><E75/><V35/><F35/><W107/><G107/><T95/><D106/><U17/><E17/><V43/><F118/><W40/><G40/><T104/><D104/><U4/><E6/><V41/><F116/><W66/><G66/><N who="0" m="39247" /><D69/><U38/><E38/><V134/><F134/><W130/><G130/><T1/><D1/><U9/><E4/><V122/><F122/><W5/><G5/><T12/><D49/><U52/><E10/><V126/><F126/><W73/><G73/><T99/><D99/><U65/><E65/><V96/><F96/><N who="3" m="59663" /><G74/><T97/><D97/><U112/><E112/><V36/><REACH who="2" step="1"/><F43/><REACH who="2" ten="218,345,166,261" step="2"/><W110/><G110/><T87/><D79/><U63/><E63/><V48/><F48/><W32/><G32/><AGARI ba="0,1" hai="8,9,11,15,18,25,31,32,52,59,61,72,77,80" machi="32" ten="30,2000,0" yaku="7,1,54,1" doraHai="86" who="1" fromWho="3" sc="218,0,345,30,166,0,261,-20" /><INIT seed="3,0,0,1,1,21" ten="218,375,166,241" oya="3" hai0="59,52,125,55,11,10,7,29,114,120,68,84,31" hai1="123,51,18,118,79,14,74,98,16,54,83,25,48" hai2="43,5,78,61,110,92,122,23,8,116,40,36,126" hai3="86,124,72,69,119,108,3,38,9,103,95,13,4"/><W106/><G119/><T30/><D68/><U45/><E123/><V65/><F116/><W33/><G69/><T77/><D120/><U47/><E118/><V56/><F122/><W133/><G38/><T53/><D125/><U107/><E25/><V117/><F117/><W0/><G72/><T121/><D121/><U17/><E98/><V128/><F126/><W112/><G112/><T57/><D114/><U44/><E107/><V27/><F110/><W104/><G33/><T2/><REACH who="0" step="1"/><D11/><REACH who="0" ten="208,375,166,241" step="2"/><U46/><REACH who="1" step="1"/><E51/><REACH who="1" ten="208,365,166,241" step="2"/><V130/><F36/><W91/><G124/><T102/><D102/><U70/><E70/><V88/><F128/><W99/><G103/><T80/><AGARI ba="0,2" hai="2,7,10,29,30,31,52,53,55,57,59,77,80,84" machi="80" ten="40,5200,0" yaku="1,1,0,1,54,1,53,0" doraHai="21" doraHaiUra="67" who="0" fromWho="0" sc="208,72,365,-13,166,-13,241,-26" owari="280,8.0,352,45.2,153,-34.7,215,-18.5" /></mjloggm>