<mjloggm ver="2.3"><GO type="225" lobby="0"/><UN n0="%E3%81%A4%E3%81%A3%E3%81%B1%E3%82%8A%E3%83%9D%E3%83%BC%E3%83%AB" n1="%E3%81%AF%E3%82%88%E3%81%8A%E3%81%98%E3%81%95%E3%82%93" n2="%E5%A4%8F%E9%88%B4%E9%88%B4%E5%A4%8F" n3="%70%68%65%6E%6F%6D%65" dan="17,17,16,16" rate="2165.32,2141.92,2125.55,2142.46" sx="M,M,F,M"/><TAIKYOKU oya="0"/><INIT seed="0,0,0,3,3,64" ten="250,250,250,250" oya="0" hai0="123,59,2,19,104,8,3,122,50,127,91,41,42" hai1="32,25,58,87,13,120,17,43,45,105,31,55,52" hai2="83,60,76,12,132,102,69,35,26,46,30,94,36" hai3="48,33,66,49,10,99,86,110,24,78,51,115,22"/><T125/><D104/><U7/><E105/><V116/><F132/><W62/><G115/><T130/><D91/><U72/><E72/><V114/><F116/><W53/><G110/><T82/><D82/><U74/><E74/><V15/><F114/><W21/><G33/><T1/><D130/><U117/><E117/><V4/><F102/><W79/><G10/><T111/><D111/><U95/><E120/><N who="0" m="46121" /><D59/><U85/><E7/><V67/><F94/><W106/><G53/><T27/><D50/><U101/><E101/><V112/><F4/><W18/><G106/><T129/><D129/><U56/><E56/><V118/><F118/><W28/><G99/><T97/><D97/><U119/><E119/><V98/><F98/><W14/><REACH who="3" step="1"/><G86/><REACH who="3" ten="250,250,250,240" step="2"/><T77/><D8/><U81/><E55/><V75/><REACH who="2" step="1"/><F112/><REACH who="2" ten="250,250,240,240" step="2"/><W100/><G100/><T71/><D127/><U126/><E126/><V61/><F61/><W68/><AGARI ba="0,2" hai="14,18,21,22,24,28,48,49,51,62,66,68,78,79" machi="68" ten="30,4000,0" yaku="1,1,0,1,52,1,53,0" doraHai="64" doraHaiUra="107" who="3" fromWho="3" sc="250,-20,250,-10,240,-10,240,60" /><INIT seed="1,0,0,4,5,57" ten="230,240,230,300" oya="1" hai0="90,95,49,76,130,7,11,105,56,31,52,72,78" hai1="16,32,37,17,131,18,70,88,132,84,110,12,64" hai2="5,1,86,8,81,106,14,127,63,66,112,97,55" hai3="40,58,26,83,39,98,123,107,134,79,96,128,28"/><U45/><E32/><V15/><F127/><W2/><G123/><T62/><D105/><U27/><E131/><V109/><F109/><W30/><G128/><T124/><D130/><U29/><E110/><V41/><F112/><W135/><G2/><T23/><D124/><U100/><E132/><N who="3" m="50730" /><G107/><T74/><D74/><U122/><E122/><V36/><F55/><W99/><G58/><T34/><D34/><U3/><E3/><V44/><F97/><W19/><G19/><T114/><D72/><U113/><E113/><V126/><F106/><W73/><G26/><N who="0" m="16863" /><D114/><U53/><E100/><V48/><F36/><W94/><G94/><T117/><D117/><U47/><E37/><V115/><F115/><W93/><G93/><T125/><D125/><U68/><E12/><V35/><F35/><W61/><G61/><T59/><D11/><U85/><E70/><V119/><F119/><W65/><G65/><N who="0" m="39111" /><D7/><U89/><E64/><V77/><REACH who="2" step="1"/><F126/><REACH who="2" ten="230,240,220,300" step="2"/><W13/><G39/><T104/><D104/><U116/><E116/><V71/><AGARI ba="0,1" hai="1,5,8,14,15,41,44,48,63,66,71,77,81,86" machi="71" ten="20,8000,1" yaku="1,1,2,1,0,1,7,1,52,1,53,0" doraHai="57" doraHaiUra="102" who="2" fromWho="2" sc="230,-20,240,-40,220,90,300,-20" /><INIT seed="2,0,0,5,0,134" ten="210,200,310,280" oya="2" hai0="120,107,35,43,26,85,15,66,114,73,100,128,6" hai1="64,11,77,109,17,19,125,68,41,80,121,34,62" hai2="83,61,48,133,86,87,42,59,39,51,22,84,24" hai3="57,74,92,110,18,89,108,27,10,79,56,38,130"/><V123/><F123/><W131/><G38/><T47/><D73/><U105/><E34/><V4/><F133/><W8/><G79/><T132/><D132/><U71/><E105/><V124/><F124/><W25/><G74/><T53/><D114/><U32/><E32/><V117/><F117/><W96/><G18/><T90/><D120/><U3/><E121/><V75/><F4/><W97/><G92/><T30/><D128/><U111/><E41/><V45/><F83/><W28/><REACH who="3" step="1"/><G89/><REACH who="3" ten="210,200,310,270" step="2"/><T122/><D122/><U127/><E17/><V112/><F75/><W55/><G55/><T49/><D53/><U36/><E36/><V54/><REACH who="2" step="1"/><F112/><REACH who="2" ten="210,200,300,270" step="2"/><W106/><G106/><T0/><D107/><U65/><E80/><V119/><F119/><W31/><AGARI ba="0,2" hai="8,10,25,27,28,31,56,57,96,97,108,110,130,131" machi="31" ten="25,6400,0" yaku="1,1,0,1,22,2,53,0" doraHai="134" doraHaiUra="40" who="3" fromWho="3" sc="210,-16,200,-16,300,-32,270,84" /><INIT seed="3,0,0,3,5,101" ten="194,184,268,354" oya="3" hai0="82,61,57,102,77,73,122,83,37,24,25,65,0" hai1="126,127,84,135,97,124,2,5,15,81,40,12,104" hai2="103,70,54,131,62,107,55,9,52,35,46,22,123" hai3="32,116,19,10,59,76,85,41,39,49,132,128,17"/><W4/><G116/><T133/><D122/><U45/><E135/><V56/><F131/><W112/><G112/><T43/><D133/><U8/><E97/><V74/><F35/><W11/><G32/><T117/><D117/><U27/><E27/><V98/><F74/><W78/><G39/><T106/><D0/><U120/><E120/><V89/><F123/><W108/><G132/><T93/><D106/><U88/><E104/><V134/><F134/><W16/><G128/><T28/><D83/><U42/><E42/><V111/><F111/><W99/><G108/><T94/><D102/><U75/><E75/><V109/><F109/><W47/><G99/><T64/><D64/><U86/><E84/><V91/><F70/><W20/><G20/><T7/><D7/><U71/><E71/><V66/><F46/><W33/><G33/><T95/><REACH who="0" step="1"/><D28/><REACH who="0" ten="184,184,268,354" step="2"/><U114/><REACH who="1" step="1"/><E114/><REACH who="1" ten="184,174,268,354" step="2"/><V121/><F121/><W18/><G4/><T92/><N who="0" m="23552" /><DORA hai="6" /><T29/><D29/><U87/><E87/><V26/><F107/><W115/><G85/><T72/><D72/><U90/><E90/><V48/><F91/><W69/><G115/><T3/><D3/><U1/><E1/><V13/><F89/><W119/><G119/><T53/><D53/><U80/><E80/><V67/><F52/><W125/><G76/><T31/><D31/><U58/><E58/><V30/><F54/><W51/><G78/><T105/><D105/><U38/><AGARI ba="0,2" hai="2,5,8,12,15,38,40,45,81,86,88,124,126,127" machi="38" ten="30,12000,2" yaku="1,1,0,1,18,1,52,1,54,1,53,1" doraHai="101,6" doraHaiUra="110,68" who="1" fromWho="1" sc="184,-30,174,140,268,-30,354,-60" owari="154,-34.6,314,41.4,238,-16.2,294,9.4" /></mjloggm>