<mjloggm ver="2.3"><GO type="225" lobby="0"/><UN n0="%E5%8D%A0%E3%81%84%E5%B8%AB%E8%A3%8F%E3%81%AA%E3%81%84%E3%81%97" n1="%E6%98%93%E5%88%A9%E8%96%A9%E4%BC%AF" n2="%E3%81%86%E3%82%8D%E3%81%9F%E3%82%93%E3%81%91%E3%81%8A%E3%82%89%E3%81%B2" n3="%6E%69%63%6F%6E%74%6F" dan="17,17,16,16" rate="2224.72,2127.45,2138.88,2138.55" sx="M,F,M,M"/><TAIKYOKU oya="0"/><INIT seed="0,0,0,4,3,114" ten="250,250,250,250" oya="0" hai0="40,36,88,51,81,21,67,47,80,84,132,96,42" hai1="93,58,72,25,135,87,30,18,106,54,8,97,107" hai2="48,4,86,104,33,127,66,118,74,13,15,35,94" hai3="100,12,99,120,68,108,90,126,89,20,29,64,14"/><T34/><D34/><U70/><E72/><V116/><F104/><W95/><G108/><T115/><D115/><U38/><E70/><V65/><F74/><W128/><G126/><T112/><D112/><U56/><E38/><V78/><F127/><W130/><G120/><T49/><D132/><U23/><E87/><V2/><F2/><W62/><G14/><N who="2" m="5129" /><F4/><W92/><G12/><T9/><D9/><U19/><E8/><V117/><F48/><W129/><REACH who="3" step="1"/><G95/><REACH who="3" ten="250,250,250,240" step="2"/><N who="0" m="56423" /><D36/><U133/><E133/><V37/><F37/><W121/><G121/><T71/><D71/><U41/><E135/><V103/><F35/><W122/><G122/><T3/><D3/><U119/><E107/><V44/><F33/><W102/><G102/><T98/><D21/><U109/><E106/><V5/><F5/><W43/><G43/><T53/><D40/><U101/><E41/><V27/><F27/><AGARI ba="0,1" hai="20,27,29,62,64,68,89,90,92,99,100,128,129,130" machi="27" ten="40,2600,0" yaku="1,1,19,1,53,0" doraHai="114" doraHaiUra="10" who="3" fromWho="2" sc="250,0,250,0,250,-26,240,36" /><INIT seed="1,0,0,5,1,112" ten="250,250,224,276" oya="1" hai0="132,107,125,59,30,20,82,38,77,105,9,100,66" hai1="127,24,88,31,104,99,65,37,113,128,69,70,35" hai2="111,7,134,29,10,19,64,123,12,4,28,67,81" hai3="56,76,102,114,93,119,16,71,85,33,49,109,8"/><U86/><E113/><V55/><F123/><W54/><G114/><T17/><D38/><U2/><E37/><V131/><F111/><W0/><G33/><T50/><D132/><U60/><E128/><V40/><F131/><W122/><G122/><T96/><D125/><U5/><E127/><V91/><F134/><W78/><G71/><T97/><D9/><U62/><E2/><V1/><F40/><W26/><G109/><T73/><D30/><N who="2" m="11882" /><F1/><W18/><G119/><T80/><D80/><U110/><E5/><N who="2" m="2123" /><F55/><W115/><G115/><T68/><D68/><U75/><E75/><V32/><F32/><W42/><G0/><T15/><D50/><U44/><E44/><V84/><AGARI ba="0,0" hai="10,12,19,64,67,81,84,91" m="2123,11882" machi="84" ten="30,1100,0" yaku="8,1" doraHai="112" who="2" fromWho="2" sc="250,-3,250,-5,224,11,276,-3" /><INIT seed="2,0,0,1,4,5" ten="247,245,235,273" oya="2" hai0="55,89,100,112,59,21,3,129,24,110,15,122,115" hai1="40,57,135,113,83,35,131,119,4,81,37,82,47" hai2="2,117,69,32,22,90,7,73,91,44,104,29,6" hai3="125,123,87,41,114,97,88,49,42,20,8,101,72"/><V31/><F104/><W38/><G123/><T63/><D122/><U0/><E113/><V130/><F73/><W105/><G125/><T102/><D3/><U74/><E119/><V16/><F69/><W39/><G114/><T77/><D110/><U28/><E131/><V25/><F117/><W109/><G109/><T128/><D77/><U93/><E135/><V116/><F116/><W79/><G20/><T71/><D71/><U18/><E74/><V132/><F132/><W33/><G33/><T95/><D115/><U76/><E76/><V133/><F133/><W30/><G30/><N who="2" m="11273" /><F2/><W127/><G8/><T108/><D108/><U118/><E118/><V107/><F107/><W106/><G127/><T78/><D78/><U94/><E18/><V66/><F32/><W121/><G106/><T45/><D45/><U9/><REACH who="1" step="1"/><E57/><REACH who="1" ten="247,235,235,273" step="2"/><V99/><F130/><W60/><G121/><T92/><D112/><U10/><E10/><V134/><F134/><W54/><G72/><T26/><D129/><U53/><E53/><V80/><F66/><W52/><G79/><T67/><D67/><U36/><E36/><V126/><F126/><W34/><G39/><T50/><D128/><U98/><E98/><V65/><F65/><W48/><G38/><T70/><D70/><U103/><E103/><V1/><F1/><W19/><G54/><N who="0" m="34295" /><D102/><U23/><E23/><V56/><F56/><W64/><G101/><T27/><D100/><U13/><E13/><V84/><F44/><W120/><G64/><T96/><D15/><U11/><E11/><V61/><F61/><W12/><G60/><RYUUKYOKU ba="0,1" sc="247,-15,235,15,235,15,273,-15" hai1="0,4,9,28,35,37,40,47,81,82,83,93,94" hai2="6,7,16,22,25,80,84,90,91,99" /><INIT seed="2,1,1,3,3,8" ten="232,250,250,258" oya="2" hai0="67,80,97,82,122,48,111,127,109,1,128,20,16" hai1="134,124,54,99,46,32,65,27,25,132,24,85,89" hai2="29,64,83,69,125,131,93,26,126,113,106,105,14" hai3="81,123,78,6,98,114,23,38,104,76,129,77,55"/><V135/><F113/><W49/><G123/><T35/><D122/><U71/><E32/><V13/><F131/><W92/><G129/><T95/><D128/><U108/><E108/><N who="0" m="41545" /><D35/><U11/><E99/><V3/><F3/><W66/><G114/><T0/><D67/><U115/><E124/><N who="2" m="47723" /><F135/><N who="1" m="51753" /><E65/><V51/><F51/><W90/><G38/><T47/><D127/><U45/><E71/><V58/><F69/><W102/><G66/><T39/><D39/><U91/><E115/><V121/><F93/><W4/><G23/><T15/><D0/><U18/><E54/><V60/><F83/><W10/><G10/><T63/><D63/><U101/><E101/><V62/><F60/><W87/><REACH who="3" step="1"/><G104/><REACH who="3" ten="232,250,250,248" step="2"/><N who="2" m="40041" /><F121/><W19/><G19/><T5/><D5/><U44/><E18/><V56/><F58/><AGARI ba="1,2" hai="4,6,49,55,58,76,77,78,81,87,90,92,98,102" machi="58" ten="40,2600,0" yaku="1,1,8,1,53,0" doraHai="8" doraHaiUra="112" who="3" fromWho="2" sc="232,0,250,0,250,-29,248,49" /><INIT seed="3,0,0,1,4,15" ten="232,250,221,297" oya="3" hai0="6,48,23,3,115,29,47,131,41,113,33,89,21" hai1="90,32,44,129,94,49,13,116,111,100,73,22,52" hai2="128,76,130,104,17,2,120,109,124,40,102,46,97" hai3="66,42,54,135,18,75,9,35,91,30,34,117,11"/><W16/><G75/><T69/><D69/><U70/><E32/><N who="3" m="12330" /><G66/><T119/><D119/><U59/><E70/><V132/><F109/><W101/><G91/><T10/><D131/><N who="2" m="50218" /><F124/><W36/><G101/><T4/><D4/><U93/><E73/><V108/><F108/><W31/><G54/><T38/><D89/><U118/><E111/><V26/><F132/><W56/><G56/><T110/><D110/><U98/><E129/><V105/><F2/><W58/><G58/><T20/><D38/><U71/><E44/><V64/><F120/><W55/><G55/><T57/><D57/><U85/><E71/><V19/><F64/><W0/><G135/><T81/><D81/><U12/><E12/><V1/><F1/><W5/><G117/><T112/><REACH who="0" step="1"/><D33/><REACH who="0" ten="222,250,221,297" step="2"/><U82/><E82/><V78/><F105/><W80/><G80/><T77/><D77/><N who="2" m="29802" /><F26/><AGARI ba="0,1" hai="3,6,10,20,21,23,26,29,41,47,48,112,113,115" machi="26" ten="40,2600,0" yaku="1,1,11,1,53,0" doraHai="15" doraHaiUra="121" who="0" fromWho="2" sc="222,36,250,0,221,-26,297,0" /><INIT seed="4,0,0,5,4,60" ten="258,250,195,297" oya="0" hai0="83,16,78,55,12,127,4,73,101,111,114,131,32" hai1="121,81,18,39,21,64,84,126,102,43,110,20,10" hai2="30,5,91,27,120,103,2,96,124,66,119,22,93" hai3="41,105,13,24,54,134,26,129,52,88,63,44,94"/><T48/><D114/><U40/><E110/><V1/><F120/><W50/><G105/><T34/><D111/><U100/><E121/><V109/><F109/><W72/><G72/><T46/><D131/><U125/><E10/><V57/><F124/><N who="1" m="47721" /><E21/><V69/><F119/><W19/><G129/><T11/><D127/><U77/><E39/><V36/><F36/><W35/><G134/><T23/><REACH who="0" step="1"/><D101/><REACH who="0" ten="248,250,195,297" step="2"/><U107/><E102/><V113/><F113/><W71/><G35/><T116/><D116/><U8/><E100/><V47/><F69/><W42/><G71/><T45/><D45/><U79/><E107/><V106/><F47/><W31/><G44/><T132/><D132/><U28/><E43/><V128/><F128/><W133/><G42/><T95/><D95/><U90/><E40/><V9/><F106/><W87/><G41/><T29/><D29/><U80/><E28/><V33/><F33/><W108/><G31/><T117/><D117/><U104/><E104/><V97/><F97/><W67/><G133/><T70/><D70/><U53/><E81/><V92/><F92/><W3/><G108/><T74/><D74/><U123/><E80/><V65/><F57/><W49/><G94/><T75/><D75/><U62/><E123/><V14/><REACH who="2" step="1"/><F103/><REACH who="2" ten="248,250,185,297" step="2"/><W130/><G130/><T76/><D76/><U135/><E79/><V82/><F82/><W89/><G89/><T51/><D51/><U58/><E77/><V7/><F7/><W99/><G88/><T68/><D68/><U85/><E58/><V98/><F98/><W122/><G99/><T86/><D86/><RYUUKYOKU ba="0,2" sc="248,15,250,-15,185,15,297,-15" hai0="4,11,12,16,23,32,34,46,48,55,73,78,83" hai2="1,2,5,9,14,22,27,30,65,66,91,93,96" /><INIT seed="4,1,2,5,4,74" ten="263,235,200,282" oya="0" hai0="119,99,6,47,79,97,76,22,102,0,15,8,53" hai1="90,31,69,98,133,115,1,38,125,49,35,4,37" hai2="88,107,62,42,68,40,118,77,109,44,64,41,73" hai3="124,113,11,86,85,3,95,126,92,17,25,75,12"/><T94/><D119/><U84/><E69/><V80/><F109/><W105/><G113/><T135/><D135/><U87/><E133/><V114/><F118/><W39/><G105/><T67/><D67/><U116/><E116/><V52/><F114/><W122/><G122/><T110/><D110/><U130/><E115/><V2/><F107/><W96/><G75/><T128/><D128/><U129/><E98/><V10/><F88/><N who="3" m="55303" /><G39/><T23/><D0/><U36/><E87/><V71/><F71/><W121/><G121/><T93/><D47/><U117/><E49/><V16/><F2/><W60/><G60/><T70/><D70/><U51/><E51/><V5/><F5/><W89/><G25/><T131/><D53/><U29/><E125/><N who="3" m="48234" /><G3/><T28/><D131/><N who="1" m="50187" /><E35/><V63/><F63/><W101/><G101/><N who="0" m="60591" /><D28/><U66/><E66/><V103/><F103/><W19/><G86/><T24/><D24/><U18/><E117/><V120/><F120/><W132/><G132/><T13/><D13/><U104/><E104/><V106/><F106/><W112/><G112/><T111/><D111/><U55/><E37/><V78/><F78/><AGARI ba="1,2" hai="6,8,15,22,23,76,78,79,94,99,102" m="60591" machi="78" ten="30,11600,0" yaku="8,1,52,3" doraHai="74" who="0" fromWho="2" sc="263,139,235,0,200,-119,282,0" owari="402,50.2,235,-16.5,81,-41.9,282,8.2" /></mjloggm>