<mjloggm ver="2.3"><GO type="225" lobby="0"/><UN n0="%E3%82%8F%E3%81%8B%E3%81%B0%2A%E3%82%AC%E3%83%BC%E3%83%AB" n1="%E3%81%AF%E3%82%88%E3%81%8A%E3%81%98%E3%81%95%E3%82%93" n2="%E9%A6%AC%E5%BC%95%E7%81%AB%33" n3="%E3%81%A1%E3%82%83%E3%81%93%E3%81%93" dan="16,17,16,16" rate="2090.42,2210.91,2086.17,2159.14" sx="M,M,M,F"/><TAIKYOKU oya="0"/><INIT seed="0,0,0,0,4,23" ten="250,250,250,250" oya="0" hai0="101,46,53,108,13,92,7,93,11,111,109,123,135" hai1="70,94,17,113,83,67,55,74,82,105,129,76,38" hai2="43,89,18,3,16,80,79,2,134,121,133,15,40" hai3="26,48,73,20,117,29,132,84,5,120,59,100,107"/><T45/><D123/><U34/><E55/><V44/><F121/><W4/><G73/><T127/><D135/><N who="2" m="51722" /><F89/><W112/><G112/><T30/><D127/><U69/><E94/><N who="0" m="36457" /><D101/><U28/><E17/><N who="2" m="6763" /><F15/><W62/><G117/><T6/><D6/><U78/><E113/><V10/><F10/><W106/><G132/><T115/><D115/><U119/><E119/><V128/><F128/><W98/><G120/><T91/><D91/><U41/><E129/><V75/><F43/><W57/><G106/><T58/><D30/><U122/><E105/><V87/><F87/><W51/><G84/><T110/><N who="0" m="27648" /><DORA hai="14" /><T88/><D88/><U12/><E122/><V86/><F75/><W64/><G51/><AGARI ba="0,0" hai="7,11,13,45,46,51,53,58" m="27648,36457" machi="51" ten="60,5800,0" yaku="14,1,10,1" doraHai="23,14" who="0" fromWho="3" sc="250,58,250,0,250,0,250,-58" /><AGARI ba="0,0" hai="2,3,40,44,51,79,80,86" m="6763,51722" machi="51" ten="30,8000,1" yaku="20,1,52,3,54,1" doraHai="23,14" who="2" fromWho="3" sc="308,0,250,0,250,80,192,-80" /><INIT seed="0,1,0,2,0,28" ten="308,250,330,112" oya="0" hai0="42,86,31,72,15,44,82,21,112,62,123,87,49" hai1="11,98,47,73,32,40,118,135,4,45,104,108,36" hai2="61,119,90,77,125,33,57,99,30,59,130,5,12" hai3="48,7,100,1,124,96,68,127,114,58,133,24,85"/><T18/><D112/><U65/><E118/><V39/><F39/><W23/><G114/><T8/><D123/><U75/><E108/><V109/><F109/><W69/><G7/><T115/><D115/><U67/><E135/><V132/><F132/><W120/><G1/><T92/><D72/><U91/><E45/><V25/><F119/><W70/><G120/><T84/><D92/><U10/><E10/><V101/><F125/><W81/><G58/><T27/><REACH who="0" step="1"/><D62/><REACH who="0" ten="298,250,330,112" step="2"/><U79/><E75/><V105/><F61/><W131/><G133/><T126/><D126/><U78/><E73/><V116/><F116/><W122/><G127/><T93/><D93/><U35/><E104/><V80/><F105/><W43/><G124/><T0/><D0/><U9/><E98/><V111/><F99/><W38/><G122/><T102/><D102/><U95/><E95/><V89/><F101/><W51/><G96/><T29/><D29/><U46/><E36/><V106/><F30/><W41/><G100/><T66/><D66/><U37/><E37/><V53/><F106/><W128/><G38/><T110/><D110/><U94/><E94/><V14/><F111/><W71/><N who="3" m="17408" /><DORA hai="55" /><W34/><G131/><T74/><D74/><U26/><E65/><V121/><F130/><W117/><G128/><T97/><D97/><U2/><E67/><V16/><F121/><W63/><G63/><T56/><D56/><U64/><E64/><V113/><F59/><W129/><G117/><T3/><D3/><U107/><E107/><V50/><F57/><W19/><G129/><T83/><AGARI ba="1,1" hai="8,15,18,21,27,31,42,44,49,82,83,84,86,87" machi="83" ten="30,12000,1" yaku="1,1,5,1,0,1,8,1,53,1" doraHai="28,55" doraHaiUra="52,13" who="0" fromWho="0" sc="298,133,250,-41,330,-41,112,-41" /><INIT seed="0,2,0,2,4,90" ten="431,209,289,71" oya="0" hai0="86,106,31,87,20,23,116,62,70,124,52,111,110" hai1="129,34,94,73,126,69,30,47,112,36,89,15,75" hai2="18,107,68,9,45,3,95,131,41,117,79,11,19" hai3="29,16,115,6,56,24,82,83,85,93,122,33,10"/><T132/><D116/><U121/><E121/><V104/><F68/><W0/><G122/><T4/><D124/><U92/><E69/><V46/><F117/><W66/><G115/><T91/><D106/><U44/><E126/><V32/><F32/><W12/><G66/><T125/><D125/><U88/><E112/><V37/><F131/><W65/><G56/><N who="0" m="35079" /><D70/><U128/><E15/><V74/><F46/><N who="1" m="17449" /><E36/><V84/><F9/><W67/><G67/><T127/><D127/><U133/><E133/><V5/><F107/><W100/><G65/><T1/><D31/><U63/><E63/><V60/><F60/><W53/><G53/><T21/><D132/><U48/><E48/><V54/><F54/><W7/><G7/><T102/><D102/><U99/><E30/><V42/><F42/><W64/><G64/><T134/><D134/><U114/><E34/><V109/><F109/><N who="0" m="41482" /><D91/><U2/><E2/><V40/><F40/><W81/><G100/><T59/><D59/><U98/><E114/><V51/><F104/><W71/><G71/><T55/><D55/><U43/><E43/><V72/><F51/><W8/><REACH who="3" step="1"/><G83/><REACH who="3" ten="431,209,289,61" step="2"/><T135/><D135/><U17/><E128/><V130/><F130/><W97/><G97/><T22/><N who="0" m="5120" /><DORA hai="14" /><T49/><D49/><U119/><E129/><V113/><F113/><W28/><G28/><T118/><D118/><U76/><E119/><V57/><F57/><W61/><G61/><T96/><D96/><U78/><E98/><V58/><F58/><W120/><G120/><T13/><D1/><U80/><E99/><V123/><F123/><RYUUKYOKU ba="2,1" sc="431,15,209,-15,289,-15,61,15" hai0="4,13,86,87" hai3="0,6,8,10,12,16,24,29,33,81,82,85,93" /><INIT seed="0,3,1,2,4,44" ten="446,194,274,76" oya="0" hai0="134,14,4,66,90,96,125,8,127,16,75,22,118" hai1="104,80,79,84,63,34,105,38,131,113,15,129,132" hai2="87,36,78,117,26,109,17,33,100,93,53,74,133" hai3="47,89,64,20,18,128,67,56,43,57,123,10,91"/><T2/><D118/><U122/><E122/><V73/><F36/><W32/><G32/><T40/><D134/><U124/><E38/><V99/><F109/><W9/><G128/><N who="1" m="49226" /><E34/><V111/><F111/><W94/><G123/><T61/><D75/><U23/><E132/><V27/><F133/><W41/><G47/><T45/><D90/><U82/><E124/><V21/><F117/><W13/><G20/><T72/><D96/><U35/><E35/><V25/><F74/><W108/><G108/><T98/><D98/><U52/><E113/><V115/><F73/><W110/><G110/><T114/><D72/><U86/><E15/><V46/><F115/><W130/><G130/><T70/><REACH who="0" step="1"/><D114/><REACH who="0" ten="436,194,274,76" step="2"/><U31/><E104/><V60/><F33/><W24/><G89/><T5/><D5/><U30/><E105/><V50/><F99/><W76/><G91/><T39/><AGARI ba="3,2" hai="2,4,8,14,16,22,39,40,45,61,66,70,125,127" machi="39" ten="30,6000,0" yaku="1,1,0,1,54,1,53,0" doraHai="44" doraHaiUra="97" who="0" fromWho="0" sc="436,89,194,-23,274,-23,76,-23" /><INIT seed="0,4,0,4,3,117" ten="525,171,251,53" oya="0" hai0="66,16,116,90,67,129,53,91,124,7,127,65,0" hai1="36,102,125,88,71,42,15,114,29,47,95,73,105" hai2="98,39,19,23,56,126,9,111,6,33,63,48,44" hai3="41,61,26,51,38,109,103,99,68,27,123,84,120"/><T135/><D116/><U106/><E71/><V34/><F39/><W11/><G109/><T130/><D7/><U14/><E73/><V134/><F111/><W72/><G51/><T20/><D0/><U4/><E125/><N who="0" m="48201" /><D53/><U25/><E114/><V52/><F134/><W46/><G72/><T31/><D31/><U49/><E36/><V62/><F126/><W85/><G11/><T115/><D115/><U17/><E4/><V70/><F98/><W92/><G26/><N who="0" m="14599" /><D135/><U13/><E102/><V133/><F70/><W74/><G74/><T2/><D2/><U28/><E17/><V3/><F133/><W100/><G100/><T83/><D83/><U78/><E78/><V94/><F94/><W122/><G27/><T24/><D24/><U108/><E108/><V113/><F113/><W55/><G55/><T104/><D104/><U37/><E37/><V22/><F22/><W57/><G57/><T131/><AGARI ba="4,0" hai="65,66,67,90,91,129,130,131" m="14599,48201" machi="131" ten="40,7800,0" yaku="19,1,18,1,54,1" doraHai="117" who="0" fromWho="0" sc="525,90,171,-30,251,-30,53,-30" /><INIT seed="0,5,0,0,0,65" ten="615,141,221,23" oya="0" hai0="85,125,106,36,109,126,20,14,10,60,84,4,25" hai1="108,105,24,27,88,12,103,78,131,45,33,80,38" hai2="123,99,1,83,52,132,129,46,75,81,18,117,6" hai3="68,97,110,28,115,101,42,111,41,69,13,63,87"/><T21/><D36/><U92/><E108/><N who="3" m="41514" /><G115/><T26/><D109/><U116/><E116/><V58/><F123/><W90/><G28/><T16/><D106/><U55/><E131/><V135/><F129/><W48/><G63/><T70/><D70/><N who="3" m="27241" /><G48/><T54/><D54/><U98/><E12/><V128/><F58/><W59/><G59/><T31/><REACH who="0" step="1"/><D60/><REACH who="0" ten="605,141,221,23" step="2"/><U72/><E55/><V77/><F52/><W8/><G41/><T112/><D112/><U107/><E107/><V89/><F128/><W53/><G53/><T56/><D56/><U82/><E38/><V102/><F46/><W29/><G42/><T64/><D64/><U96/><E45/><V73/><F117/><W104/><G29/><T76/><D76/><U40/><E40/><V120/><F77/><W32/><G32/><T74/><D74/><U127/><E33/><V71/><F75/><W122/><G122/><T61/><D61/><U62/><E62/><V5/><F71/><W50/><G50/><T0/><D0/><U118/><E118/><V57/><F1/><W119/><G119/><T130/><D130/><U114/><E114/><V30/><F73/><W43/><G43/><T34/><D34/><U94/><E78/><V23/><F30/><W67/><G67/><T91/><D91/><U51/><E88/><V124/><F89/><W66/><G66/><T3/><D3/><U47/><E51/><V49/><F49/><W15/><G8/><T37/><D37/><U100/><E47/><V35/><F57/><W17/><G17/><T19/><D19/><U133/><E72/><V113/><F120/><RYUUKYOKU ba="5,1" sc="605,15,141,-15,221,-15,23,15" hai0="4,10,14,16,20,21,25,26,31,84,85,125,126" hai3="13,15,87,90,97,101,104" /><INIT seed="0,6,1,2,3,19" ten="620,126,206,38" oya="0" hai0="130,58,56,97,118,28,69,20,7,122,112,93,0" hai1="70,68,84,111,104,26,45,14,134,119,50,71,115" hai2="36,66,38,41,17,43,100,42,37,48,79,3,120" hai3="53,91,72,64,1,52,51,124,74,61,49,35,103"/><T78/><D122/><U5/><E119/><V101/><F120/><W96/><G35/><T86/><D69/><U54/><E104/><V8/><F17/><W82/><G1/><T83/><D118/><U63/><E111/><V31/><F31/><W90/><G124/><T123/><D123/><U10/><E134/><V11/><F3/><W121/><G121/><T15/><D112/><U22/><E115/><V125/><F125/><W105/><G61/><T109/><D109/><U98/><E98/><V21/><F48/><W34/><G34/><T30/><D0/><U102/><E102/><N who="2" m="39531" /><F79/><W27/><G27/><N who="0" m="16487" /><D30/><U23/><E26/><V114/><F114/><W25/><G25/><T88/><D130/><U32/><E32/><V57/><F21/><W117/><G117/><T44/><D44/><U60/><E60/><V107/><F107/><W133/><G133/><T40/><D40/><U29/><E29/><V6/><F57/><W87/><G64/><T16/><D7/><U12/><E14/><V67/><F6/><W62/><G62/><T65/><D65/><AGARI ba="6,1" hai="8,11,36,37,38,41,42,43,65,66,67" m="39531" machi="65" ten="40,2600,0" yaku="28,2" doraHai="19" who="2" fromWho="0" sc="620,-44,126,0,206,54,38,0" /><INIT seed="1,0,0,2,2,13" ten="576,126,260,38" oya="1" hai0="84,96,108,121,7,91,73,22,23,64,87,128,31" hai1="60,71,1,62,27,100,127,66,2,45,75,86,34" hai2="107,14,15,28,77,76,29,50,16,93,131,56,24" hai3="88,48,81,98,92,69,129,114,5,126,20,78,61"/><U123/><E75/><V90/><F107/><W113/><G129/><T38/><D73/><U57/><E123/><V9/><F131/><W104/><G126/><T36/><D108/><U115/><E115/><V101/><F101/><W6/><G48/><T130/><D7/><U51/><E127/><V72/><F14/><W12/><G5/><T83/><D64/><U32/><E100/><V65/><F72/><W94/><G104/><T105/><D121/><U67/><E86/><V135/><F135/><W33/><G33/><T124/><D124/><U109/><E109/><V117/><F117/><W3/><G3/><T39/><D87/><U102/><E102/><V53/><F65/><W122/><G92/><T111/><D111/><U74/><E74/><V85/><F28/><W30/><G122/><T106/><D106/><U0/><REACH who="1" step="1"/><E27/><REACH who="1" ten="576,116,260,38" step="2"/><V37/><F37/><W35/><G114/><T119/><D119/><U10/><E10/><V133/><F133/><W8/><G113/><T110/><D110/><U44/><E44/><V17/><F17/><W125/><G125/><T26/><D105/><U46/><E46/><V21/><AGARI ba="0,1" hai="9,15,16,21,24,29,50,53,56,76,77,85,90,93" machi="21" ten="20,8000,1" yaku="0,1,7,1,8,1,52,1,54,1" doraHai="13" who="2" fromWho="2" sc="576,-20,116,-40,260,90,38,-20" /><INIT seed="2,0,0,1,0,8" ten="556,76,350,18" oya="2" hai0="93,75,61,27,33,57,13,104,76,95,86,66,4" hai1="71,48,126,70,24,73,132,37,5,63,56,81,103" hai2="115,14,101,106,84,43,85,36,67,102,55,31,2" hai3="122,72,35,25,109,11,54,12,119,80,30,69,96"/><V107/><F115/><W0/><G69/><T65/><D104/><U29/><E37/><V129/><F2/><W135/><G122/><T58/><D75/><U26/><E126/><V7/><F31/><W74/><G119/><T98/><D33/><U131/><E131/><V23/><F67/><W46/><G109/><T60/><D27/><U90/><E132/><V50/><F36/><W19/><G135/><T110/><D110/><U10/><E103/><V97/><F43/><W83/><G83/><N who="0" m="47463" /><D98/><U120/><E48/><V92/><F92/><N who="0" m="35402" /><D13/><U21/><E26/><V59/><F129/><W28/><G96/><T116/><D116/><U17/><E29/><V52/><F55/><W38/><G30/><T16/><D16/><U134/><E120/><V77/><F77/><W82/><G74/><T78/><D78/><U118/><E134/><V133/><F133/><W18/><G72/><T68/><D68/><U9/><E9/><V117/><F117/><W6/><G18/><T22/><D22/><U100/><E118/><V1/><F1/><W45/><G38/><T125/><D125/><U87/><E100/><V108/><F108/><W62/><G80/><T41/><D41/><U49/><E73/><V32/><F32/><W130/><G82/><T79/><D79/><U34/><E34/><V112/><F112/><W128/><G128/><T121/><D121/><U3/><E70/><V39/><F39/><W99/><G130/><T15/><D4/><U20/><E71/><V124/><F124/><W89/><G99/><T123/><D123/><U44/><E3/><V113/><F113/><RYUUKYOKU ba="0,0" sc="556,30,76,-10,350,-10,18,-10" hai0="15,57,58,60,61,65,66" /><INIT seed="3,1,0,4,5,106" ten="586,66,340,8" oya="3" hai0="113,20,29,50,16,103,6,51,37,48,119,87,128" hai1="0,64,28,93,40,23,76,130,125,73,62,111,100" hai2="99,15,4,95,14,59,102,18,1,13,46,72,57" hai3="122,96,43,110,19,116,21,25,24,49,71,123,10"/><W65/><G116/><T7/><D37/><U79/><E0/><V81/><F18/><W35/><G71/><T92/><D119/><U31/><E111/><V26/><F26/><W129/><G65/><T88/><D128/><U12/><E130/><V70/><F46/><W30/><G129/><T74/><D74/><U134/><E125/><V34/><F34/><W120/><G96/><N who="0" m="59783" /><D29/><N who="1" m="11339" /><E73/><V118/><F70/><W60/><G60/><T45/><D45/><U53/><E134/><V11/><REACH who="2" step="1"/><F118/><REACH who="2" ten="586,66,330,8" step="2"/><W115/><G43/><T133/><D133/><U109/><E40/><V101/><F101/><W8/><G49/><T91/><D113/><U3/><E100/><V66/><F66/><W121/><N who="3" m="30720" /><DORA hai="75" /><W55/><G115/><T52/><D52/><U127/><E53/><V41/><F41/><W90/><G55/><T98/><D98/><U63/><E64/><V77/><AGARI ba="1,1" hai="1,4,11,13,14,15,57,59,72,77,81,95,99,102" machi="77" ten="30,7900,0" yaku="1,1,0,1,52,2,53,0" doraHai="106,75" doraHaiUra="17,36" who="2" fromWho="2" sc="586,-21,66,-21,330,92,8,-40" owari="565,66.5,45,-35.5,422,22.2,-32,-53.2" /></mjloggm>