<mjloggm ver="2.3"><GO type="225" lobby="0"/><UN n0="%E3%82%AF%E3%82%A3%E3%82%A6" n1="%E3%83%96%E3%83%83%E3%83%91%E3%82%AA%E3%83%96%E3%83%81%E3%82%AD%E3%83%B3" n2="%E7%B4%94%E6%BD%94%E3%83%94%E3%83%A9%E3%83%8B%E3%82%A2" n3="%E6%B5%81%E3%82%8C%EF%BC%9F%53%4F%41" dan="16,16,16,17" rate="2098.69,2121.36,2112.27,2248.90" sx="M,M,M,M"/><TAIKYOKU oya="0"/><INIT seed="0,0,0,1,3,9" ten="250,250,250,250" oya="0" hai0="74,30,8,103,50,60,65,11,110,51,88,17,96" hai1="52,90,94,70,61,4,58,116,73,43,55,27,26" hai2="40,7,86,22,37,131,99,38,5,64,85,118,32" hai3="91,107,81,39,67,123,77,128,23,95,134,108,47"/><T13/><D74/><U59/><E116/><V135/><F32/><W121/><G107/><T120/><D120/><N who="3" m="46153" /><G108/><T122/><D122/><U104/><E73/><V93/><F64/><W119/><G119/><T72/><D72/><U102/><E70/><V76/><F22/><W45/><G128/><T113/><D113/><U84/><E43/><V19/><F19/><W75/><G39/><T57/><D110/><U114/><E114/><V71/><F40/><W124/><G124/><T101/><D30/><U28/><E4/><V97/><F93/><W105/><G105/><T56/><D8/><U20/><E104/><V62/><F71/><W21/><G67/><T16/><D17/><U2/><E2/><V53/><F53/><W41/><G134/><T133/><D133/><U18/><E102/><N who="0" m="38921" /><D56/><U10/><E10/><V68/><F68/><W87/><G41/><T109/><D109/><U1/><E1/><V63/><F135/><W48/><G48/><T115/><D115/><U78/><E78/><V98/><F118/><W34/><G34/><T66/><D66/><U83/><E94/><AGARI ba="0,0" hai="11,13,16,50,51,57,60,65,88,94,96" m="38921" machi="94" ten="30,11600,0" yaku="8,1,52,1,54,2" doraHai="9" who="0" fromWho="1" sc="250,116,250,-116,250,0,250,0" /><INIT seed="0,1,0,2,2,20" ten="366,134,250,250" oya="0" hai0="96,24,106,16,118,49,38,133,57,99,19,4,103" hai1="69,29,68,66,115,112,92,77,113,35,101,122,126" hai2="90,50,79,40,1,74,55,41,97,71,121,39,31" hai3="127,26,124,132,54,107,45,11,3,61,129,119,89"/><T134/><D38/><U88/><E122/><V65/><F1/><W75/><G119/><T114/><D114/><U30/><E126/><N who="3" m="48170" /><G75/><T23/><D118/><U63/><E77/><V17/><F31/><W10/><G10/><T0/><BYE who="3" /><D0/><U60/><E101/><UN n3="%E6%B5%81%E3%82%8C%EF%BC%9F%53%4F%41" /><V52/><F121/><W28/><G107/><T82/><D4/><U48/><E48/><V80/><F39/><W86/><G129/><T123/><D123/><U87/><REACH who="1" step="1"/><E35/><REACH who="1" ten="366,124,250,250" step="2"/><V37/><F50/><W59/><G132/><T100/><D49/><U109/><E109/><V85/><F37/><W105/><G105/><T120/><D120/><U44/><E44/><V72/><F79/><W98/><G45/><T2/><D106/><U15/><E15/><V27/><F90/><W56/><G3/><T84/><D2/><U110/><E110/><V9/><F74/><W102/><G102/><N who="0" m="38955" /><D134/><U64/><AGARI ba="1,1" hai="29,30,60,63,64,66,68,69,87,88,92,112,113,115" machi="64" ten="40,8000,1" yaku="1,1,0,1,9,1,11,1,54,1,53,0" doraHai="20" doraHaiUra="14" who="1" fromWho="1" sc="366,-41,124,93,250,-21,250,-21" /><INIT seed="1,0,0,1,3,2" ten="325,217,229,229" oya="1" hai0="111,106,128,90,126,41,129,5,86,102,42,49,78" hai1="22,94,14,98,132,27,33,34,71,48,116,7,63" hai2="19,3,109,127,18,105,17,36,75,115,130,134,32" hai3="53,20,84,96,91,61,87,62,120,47,101,9,67"/><U85/><E116/><V80/><F17/><W68/><G120/><T13/><D111/><U89/><E132/><V95/><F18/><W119/><G119/><T124/><D78/><U54/><E71/><V43/><F19/><W44/><G20/><T58/><D106/><U0/><E63/><V108/><F95/><W10/><G84/><T46/><D102/><U4/><E0/><V117/><F80/><W83/><G44/><T39/><D39/><U59/><E14/><V12/><F12/><W100/><G100/><T6/><D41/><U92/><E34/><V1/><F43/><W99/><G99/><T29/><D29/><N who="1" m="17655" /><E33/><V21/><F21/><W28/><G28/><T93/><D58/><U118/><E118/><V50/><F50/><W72/><G72/><T66/><D66/><U112/><E112/><V133/><F1/><W97/><G97/><T131/><D13/><U25/><E25/><V8/><F8/><W52/><G53/><T11/><D11/><U114/><E114/><V16/><F16/><W56/><REACH who="3" step="1"/><G47/><REACH who="3" ten="325,217,229,219" step="2"/><T60/><REACH who="0" step="1"/><D60/><REACH who="0" ten="315,217,229,219" step="2"/><U125/><E125/><AGARI ba="0,2" hai="5,6,42,46,49,86,90,93,124,125,126,128,129,131" machi="125" ten="50,12000,2" yaku="1,1,2,1,18,1,19,1,52,2,53,0" doraHai="2" doraHaiUra="15" who="0" fromWho="1" sc="315,140,217,-120,229,0,219,0" /><INIT seed="2,0,0,3,2,40" ten="455,97,229,219" oya="2" hai0="16,97,115,98,132,33,67,39,22,1,84,118,131" hai1="70,19,55,12,91,111,117,53,119,62,103,86,29" hai2="47,72,79,8,95,128,114,106,112,81,113,80,37" hai3="45,66,6,73,120,125,83,44,7,75,3,61,34"/><V87/><F106/><W93/><G120/><T116/><D33/><U68/><E111/><V51/><F128/><W121/><G121/><T13/><D1/><U94/><E29/><V36/><F8/><W99/><G34/><T108/><D108/><U89/><E103/><V134/><F95/><W32/><G32/><T9/><D131/><U30/><E30/><V60/><F60/><W74/><G83/><T133/><D115/><U77/><E77/><V5/><F5/><W17/><G17/><N who="0" m="8367" /><D39/><U124/><E124/><V4/><F4/><W105/><G105/><T102/><D84/><U69/><E91/><V27/><F27/><W126/><G6/><T76/><D76/><U59/><REACH who="1" step="1"/><E55/><REACH who="1" ten="455,87,229,219" step="2"/><V50/><F114/><W82/><G125/><T25/><D67/><U41/><E41/><V96/><F113/><W65/><G126/><T78/><D78/><U63/><E63/><V130/><F112/><W28/><G28/><T35/><D35/><U2/><E2/><V110/><F130/><W46/><G61/><T57/><D102/><U123/><E123/><V48/><F110/><W101/><G82/><T135/><D118/><U58/><E58/><V11/><F81/><W88/><G101/><T122/><D116/><U52/><E52/><V71/><F80/><W26/><G26/><T21/><D122/><U104/><E104/><V49/><F79/><W38/><G38/><T0/><D57/><U23/><AGARI ba="0,1" hai="12,19,23,53,59,62,68,69,70,86,89,94,117,119" machi="23" ten="30,2000,0" yaku="1,1,0,1,53,0" doraHai="40" doraHaiUra="127" who="1" fromWho="1" sc="455,-5,87,30,229,-10,219,-5" /><INIT seed="3,0,0,4,1,51" ten="450,117,219,214" oya="3" hai0="24,72,100,74,73,16,32,36,91,66,41,11,35" hai1="131,87,113,130,33,79,103,76,132,3,86,43,134" hai2="45,119,124,88,52,13,19,47,34,12,112,10,42" hai3="80,20,6,117,128,133,15,44,118,49,5,26,55"/><W121/><G121/><T58/><D16/><U62/><E33/><V67/><F112/><W54/><G128/><N who="1" m="49194" /><E3/><V93/><F119/><W106/><G106/><T123/><D58/><U92/><E43/><V111/><F111/><W101/><G133/><N who="1" m="51306" /><E62/><V107/><F107/><W60/><G101/><T94/><D11/><U56/><E56/><V27/><F67/><W69/><G80/><T18/><D100/><U53/><E53/><V70/><F52/><N who="3" m="29735" /><G69/><T48/><D48/><U31/><E31/><V4/><F70/><W9/><G117/><T59/><D59/><U2/><E2/><V78/><F42/><W25/><G118/><T7/><D41/><U40/><E40/><V99/><F45/><W90/><G90/><T81/><D91/><U104/><E104/><V95/><F47/><W46/><G5/><T125/><D7/><U110/><E113/><V105/><F105/><W126/><G20/><T127/><D35/><U77/><E110/><V122/><F34/><W120/><G60/><T98/><D32/><U82/><E82/><V8/><F4/><W23/><G23/><N who="0" m="13431" /><D81/><U129/><N who="1" m="49202" /><U28/><DORA hai="64" /><E28/><V61/><F61/><W75/><G46/><T17/><D66/><U39/><E39/><V14/><F8/><W30/><G30/><T83/><D83/><U57/><E57/><V89/><F10/><W115/><G115/><T63/><D63/><U65/><E65/><V96/><F19/><W71/><G9/><T85/><D17/><U50/><E50/><V135/><F135/><W68/><G6/><T0/><D0/><U97/><AGARI ba="0,0" hai="76,77,79,86,87,92,97,103" m="51306,49202" machi="97" ten="50,8000,1" yaku="5,1,19,1,20,1,34,2" doraHai="51,64" who="1" fromWho="1" sc="450,-20,117,80,219,-20,214,-40" owari="430,53.0,197,-20.3,199,-0.1,174,-32.6" /></mjloggm>