<mjloggm ver="2.3"><GO type="225" lobby="0"/><UN n0="%E8%A8%88%E7%AE%97%E6%A9%9F%E8%87%AA%E7%84%B6" n1="%6D%61%74%69%67%75%73%61" n2="%E3%82%8F%E3%81%8B%E3%81%B0%2A%E3%82%AC%E3%83%BC%E3%83%AB" n3="%E3%81%AD%E3%82%80%E3%81%84%40%E9%9B%80%E9%B3%B4%E4%BC%9A" dan="17,17,16,16" rate="2180.77,2140.60,2198.73,2196.50" sx="M,M,M,F"/><TAIKYOKU oya="0"/><INIT seed="0,0,0,5,0,40" ten="250,250,250,250" oya="0" hai0="130,36,44,101,71,31,4,107,54,125,127,106,100" hai1="97,61,59,15,35,77,26,113,126,135,108,49,22" hai2="87,21,24,43,9,53,65,1,123,83,3,14,68" hai3="128,96,118,55,111,79,23,25,37,72,70,99,63"/><T69/><D4/><U8/><E108/><V20/><F123/><W64/><G118/><T84/><D31/><U76/><E135/><V29/><F43/><W16/><G111/><T5/><D5/><U11/><E126/><N who="0" m="48137" /><D84/><U119/><E113/><V62/><F20/><W34/><G128/><T121/><D121/><U18/><E119/><V115/><F115/><W74/><G34/><T94/><D130/><U109/><E109/><V89/><REACH who="2" step="1"/><F53/><REACH who="2" ten="250,250,240,250" step="2"/><W105/><G55/><T0/><D54/><U114/><E114/><V13/><F13/><W48/><G23/><T124/><D124/><U10/><E35/><V28/><F28/><W38/><G25/><T95/><D0/><U47/><E26/><V50/><F50/><W57/><G48/><T78/><D36/><U102/><E49/><V85/><F85/><W19/><G37/><T7/><D44/><U112/><E47/><V91/><F91/><W73/><G38/><T2/><D2/><U46/><E46/><V12/><F12/><W116/><G116/><T104/><D78/><U39/><E39/><V32/><F32/><W67/><G79/><T41/><D41/><U27/><E112/><V103/><F103/><N who="0" m="39498" /><D7/><AGARI ba="0,1" hai="1,3,7,9,14,21,24,29,62,65,68,83,87,89" machi="7" ten="30,3900,0" yaku="1,1,7,1,53,1" doraHai="40" doraHaiUra="66" who="2" fromWho="0" sc="250,-39,250,0,240,49,250,0" /><INIT seed="1,0,0,0,3,23" ten="211,250,289,250" oya="1" hai0="118,80,96,90,70,125,74,75,1,13,47,104,19" hai1="22,61,69,46,29,78,54,8,84,112,49,100,79" hai2="87,123,115,30,131,113,124,57,7,24,110,15,77" hai3="92,16,106,101,71,66,28,48,128,85,34,58,62"/><U59/><E112/><N who="2" m="43083" /><F123/><W10/><G128/><T18/><D118/><U4/><E69/><V12/><F131/><W81/><G106/><T122/><D1/><U105/><E105/><V45/><F110/><W41/><G34/><T108/><D70/><U83/><E100/><V98/><F124/><W2/><G28/><T60/><D108/><U38/><E38/><V21/><F57/><W17/><G2/><T35/><D35/><U26/><E78/><V6/><F98/><N who="3" m="59591" /><G10/><T36/><D60/><U135/><E135/><V93/><F45/><N who="3" m="25647" /><G71/><T133/><D133/><U130/><E130/><V55/><F55/><W132/><G132/><T44/><D125/><U64/><E8/><V72/><F72/><W119/><G119/><T126/><D126/><U65/><REACH who="1" step="1"/><E4/><REACH who="1" ten="211,240,289,250" step="2"/><N who="2" m="1579" /><F77/><AGARI ba="0,1" hai="16,17,58,62,66,77,81,85" m="25647,59591" machi="77" ten="30,2000,0" yaku="8,1,54,1" doraHai="23" who="3" fromWho="2" sc="211,0,240,0,289,-20,250,30" /><INIT seed="2,0,0,3,0,34" ten="211,240,269,280" oya="2" hai0="57,21,128,32,0,87,5,82,76,91,133,73,127" hai1="19,41,58,109,104,45,12,84,7,81,130,15,44" hai2="78,97,101,43,135,6,116,88,108,56,48,96,123" hai3="113,60,93,75,29,13,132,17,86,55,68,103,25"/><V83/><F116/><W40/><G75/><T79/><D32/><U42/><E104/><V59/><F123/><W74/><G74/><T111/><D111/><U14/><E130/><V9/><F108/><W37/><G37/><T118/><D128/><U39/><E109/><V124/><F124/><W85/><G40/><T129/><D129/><U51/><E58/><V62/><F135/><W125/><G113/><T16/><D127/><U69/><E69/><V33/><F33/><W92/><G103/><T11/><D133/><U89/><REACH who="1" step="1"/><E7/><REACH who="1" ten="211,230,269,280" step="2"/><V24/><F59/><W114/><G68/><T22/><D118/><U36/><E36/><V72/><F56/><W3/><G125/><T67/><D73/><U122/><E122/><V2/><F62/><W52/><G60/><T54/><D67/><U126/><E126/><V50/><F50/><W98/><G132/><T26/><REACH who="0" step="1"/><D22/><AGARI ba="0,1" hai="12,14,15,19,22,39,41,42,44,45,51,81,84,89" machi="22" ten="30,2000,0" yaku="1,1,7,1,53,0" doraHai="34" doraHaiUra="4" who="1" fromWho="0" sc="211,-20,230,30,269,0,280,0" /><INIT seed="3,0,0,5,0,19" ten="191,260,269,280" oya="3" hai0="9,34,88,78,48,47,27,29,68,10,43,16,102" hai1="122,24,44,118,15,22,52,113,13,135,81,108,101" hai2="1,127,57,129,36,106,112,8,30,50,4,51,114" hai3="49,109,86,117,46,53,134,26,56,33,131,6,97"/><W0/><G117/><T37/><D68/><U18/><E122/><V95/><F106/><W66/><G0/><T92/><D102/><U87/><E113/><V23/><F36/><W94/><G6/><T103/><D103/><U120/><E108/><V55/><F127/><W89/><G131/><T67/><D67/><U5/><E135/><V40/><F129/><W124/><G134/><T74/><D37/><U58/><E120/><V17/><F30/><W71/><G124/><T69/><D69/><U121/><E118/><V35/><F35/><W91/><G71/><T32/><D32/><U130/><E130/><V20/><F20/><W61/><G109/><T54/><D43/><U7/><E44/><V45/><REACH who="2" step="1"/><F95/><REACH who="2" ten="191,260,259,280" step="2"/><W77/><G33/><T64/><D64/><U119/><E121/><V100/><F100/><N who="3" m="60471" /><G26/><AGARI ba="0,1" hai="1,4,8,17,23,26,40,45,50,51,55,57,112,114" machi="26" ten="30,3900,0" yaku="1,1,7,1,52,1,53,0" doraHai="19" doraHaiUra="82" who="2" fromWho="3" sc="191,0,260,0,259,49,280,-39" owari="191,-30.9,260,6.0,308,40.8,241,-15.9" /></mjloggm>