<mjloggm ver="2.3"><GO type="225" lobby="0"/><UN n0="%E3%81%BF%E3%81%BF%E3%81%9A" n1="%E8%91%B1%E9%96%93%E8%91%B1%E6%8A%9C" n2="%E3%81%A4%E3%81%A3%E3%81%B1%E3%82%8A%E3%83%9D%E3%83%BC%E3%83%AB" n3="%E3%82%A2%E3%83%9E%E3%83%9D%EF%BD%9E%EF%BD%9E%E3%83%A9" dan="17,16,17,17" rate="2186.89,2093.08,2165.04,2130.18" sx="M,F,M,M"/><TAIKYOKU oya="0"/><INIT seed="0,0,0,5,4,110" ten="250,250,250,250" oya="0" hai0="5,10,113,114,108,126,105,133,66,26,77,15,118" hai1="31,19,44,50,107,127,123,52,100,68,0,64,27" hai2="120,134,95,109,82,35,84,74,79,22,39,40,131" hai3="21,69,17,47,87,16,29,6,7,130,11,117,104"/><T121/><D105/><U67/><E123/><V88/><F120/><W98/><G117/><T62/><D121/><U125/><E0/><V23/><F109/><W42/><G69/><T46/><D108/><U34/><E19/><V20/><F131/><W60/><G29/><T111/><D111/><U18/><E18/><V13/><F35/><W89/><G60/><T93/><D118/><U92/><E92/><V56/><F134/><W59/><G59/><T73/><D133/><U55/><E55/><V43/><F39/><W49/><G130/><T12/><D126/><N who="1" m="48139" /><E68/><V2/><F2/><W53/><G53/><T81/><D26/><U99/><AGARI ba="0,0" hai="27,31,34,44,50,52,64,67,99,100,107" m="48139" machi="99" ten="30,2000,0" yaku="18,1,54,1" doraHai="110" who="1" fromWho="1" sc="250,-10,250,20,250,-5,250,-5" /><INIT seed="1,0,0,0,0,44" ten="240,270,245,245" oya="1" hai0="52,123,36,110,96,28,22,86,42,135,128,77,117" hai1="94,100,111,75,55,125,5,6,134,89,8,53,131" hai2="88,48,10,47,72,54,15,132,68,31,82,3,116" hai3="7,130,127,24,23,64,18,124,41,51,0,62,34"/><U45/><E75/><V63/><F116/><W84/><G130/><T106/><D117/><U113/><E113/><V74/><F132/><W91/><G34/><T114/><D114/><U95/><E125/><N who="3" m="48202" /><G7/><T33/><D128/><U120/><E120/><V118/><F3/><W50/><G41/><T56/><D33/><U78/><E134/><V59/><F118/><W39/><G39/><T32/><D32/><U109/><E131/><V103/><F68/><N who="3" m="42007" /><G0/><T85/><D135/><U93/><E100/><V70/><F31/><W60/><G60/><T105/><D42/><U102/><E102/><V81/><F70/><W19/><G19/><T73/><D36/><U133/><E133/><V115/><F103/><W11/><G11/><T38/><D38/><U17/><E78/><V98/><F115/><W1/><G1/><T12/><D77/><U65/><E65/><V76/><F76/><W99/><G99/><T46/><D96/><U71/><E89/><V4/><F74/><W49/><G84/><T92/><D85/><U13/><E71/><V26/><F72/><W2/><G2/><T122/><D73/><U79/><E79/><V80/><F26/><W108/><G108/><N who="1" m="41546" /><E45/><V101/><F101/><W16/><G91/><N who="0" m="53367" /><D110/><U83/><E83/><V107/><F107/><W67/><G67/><T40/><D106/><U69/><E69/><V27/><F98/><W126/><G126/><T29/><D105/><U20/><E5/><V104/><F104/><W25/><G25/><AGARI ba="0,0" hai="6,8,13,17,20,25,53,55,93,94,95" m="41546" machi="25" ten="30,2900,0" yaku="14,1,10,1" doraHai="44" who="1" fromWho="3" sc="240,0,270,29,245,0,245,-29" /><INIT seed="1,1,0,0,4,45" ten="240,299,245,216" oya="1" hai0="99,14,40,2,121,22,114,8,116,33,68,134,39" hai1="10,21,64,26,36,20,9,122,132,95,96,12,32" hai2="126,127,66,125,34,97,46,129,37,84,38,18,102" hai3="113,51,115,91,54,71,5,42,86,13,79,112,55"/><U75/><E122/><V133/><F34/><W104/><G104/><T73/><RYUUKYOKU type="yao9" ba="1,0" sc="240,0,299,0,245,0,216,0" hai0="2,8,14,22,33,39,40,68,73,99,114,116,121,134" /><INIT seed="1,2,0,1,5,16" ten="240,299,245,216" oya="1" hai0="8,123,75,32,58,64,77,74,49,132,120,128,50" hai1="78,26,102,125,80,59,112,90,39,101,72,126,35" hai2="118,98,110,31,56,4,23,9,70,14,67,103,42" hai3="53,30,69,37,33,106,0,113,51,34,65,25,87"/><U133/><E112/><V20/><F118/><W5/><G113/><T41/><D32/><U124/><E133/><V127/><F70/><W89/><G106/><T68/><D132/><U131/><E131/><V6/><F110/><W21/><G37/><T82/><D128/><U84/><E39/><V105/><F127/><W13/><G0/><T83/><D68/><U17/><E59/><V109/><F109/><W40/><G40/><T7/><D64/><U57/><E57/><V115/><F115/><W122/><G122/><N who="0" m="46635" /><D58/><U117/><E117/><V88/><F42/><W134/><G134/><T71/><D71/><U97/><E97/><V19/><F31/><W96/><G96/><T36/><D36/><U46/><E46/><V94/><F6/><W119/><G119/><T107/><D107/><U52/><E52/><V3/><F56/><N who="3" m="32831" /><G65/><T45/><D50/><U116/><E116/><V44/><F44/><W24/><G69/><T135/><D135/><U1/><E1/><V43/><F43/><W108/><G108/><T11/><D7/><U91/><E35/><V48/><F48/><W111/><G111/><T60/><D60/><U114/><E114/><V130/><F130/><W79/><G34/><T85/><D74/><N who="1" m="43095" /><E126/><V63/><F63/><W27/><G33/><T55/><D41/><U28/><E125/><V93/><F67/><W15/><G5/><T10/><D10/><U86/><E124/><V76/><F76/><AGARI ba="2,0" hai="8,11,45,49,55,75,76,77,82,83,85" m="46635" machi="76" ten="30,1000,0" yaku="13,1" doraHai="16" who="0" fromWho="2" sc="240,16,299,0,245,-16,216,0" /><INIT seed="2,0,0,5,0,117" ten="256,299,229,216" oya="2" hai0="120,75,46,108,73,60,76,48,51,38,13,65,23" hai1="0,33,61,102,42,96,34,131,14,107,4,114,2" hai2="113,106,18,119,54,127,118,43,98,112,74,126,55" hai3="123,129,83,93,29,52,40,19,1,87,20,15,99"/><V81/><F43/><W37/><G129/><T79/><D38/><U24/><E114/><N who="2" m="44139" /><F55/><W116/><G116/><N who="2" m="44585" /><F54/><W104/><G123/><T66/><D108/><U3/><E131/><V97/><F18/><W85/><G104/><T57/><D120/><U22/><E42/><V135/><F135/><W77/><G1/><T125/><D125/><N who="2" m="47626" /><F106/><W121/><G121/><T12/><D46/><U110/><E61/><V111/><F111/><W115/><G115/><T44/><D44/><U53/><E110/><V89/><F89/><N who="3" m="55727" /><G37/><T62/><D23/><U45/><E53/><V130/><F130/><W49/><G40/><T47/><D47/><U32/><E45/><V63/><F63/><W91/><G29/><T56/><AGARI ba="0,0" hai="12,13,48,51,56,57,60,62,65,66,73,75,76,79" machi="56" ten="25,3200,0" yaku="0,1,22,2" doraHai="117" who="0" fromWho="0" sc="256,32,299,-8,229,-16,216,-8" /><INIT seed="3,0,0,0,1,97" ten="288,291,213,208" oya="3" hai0="108,8,117,57,101,37,66,83,6,46,80,78,36" hai1="47,71,114,111,115,17,5,132,96,53,27,98,72" hai2="125,75,28,130,65,30,126,60,19,2,3,85,105" hai3="73,76,68,34,18,25,1,62,133,113,41,16,61"/><W122/><G113/><T116/><D101/><U128/><E71/><V67/><F75/><W51/><G122/><T59/><D108/><U119/><E72/><V43/><F105/><W58/><G1/><T26/><D26/><U33/><E111/><V87/><F43/><W42/><G133/><T127/><D127/><N who="2" m="48650" /><F19/><N who="3" m="7211" /><G34/><T112/><D112/><U88/><E5/><V31/><F130/><W100/><G68/><T106/><D106/><U32/><E115/><V14/><F14/><W9/><G73/><T95/><D95/><N who="1" m="56423" /><E114/><V77/><F77/><W92/><G76/><T131/><D78/><U81/><E132/><V120/><F120/><W7/><G25/><T22/><D131/><U56/><E128/><V129/><F129/><W90/><G100/><T124/><D124/><U89/><E119/><V121/><F121/><W50/><G9/><T70/><D8/><U86/><E47/><V134/><F134/><W0/><G7/><T123/><D6/><U110/><E110/><V93/><F93/><W55/><G0/><N who="2" m="41" /><F67/><W135/><G135/><T15/><D66/><U39/><E39/><V23/><F23/><W74/><G74/><T44/><D123/><U10/><E32/><V103/><F103/><W94/><G94/><T21/><D15/><N who="1" m="7415" /><E33/><V4/><F4/><W13/><G13/><T69/><AGARI ba="0,0" hai="21,22,36,37,44,46,57,59,69,70,80,83,116,117" machi="69" ten="25,3200,0" yaku="0,1,22,2" doraHai="97" who="0" fromWho="0" sc="288,32,291,-8,213,-8,208,-16" owari="320,42.0,283,8.3,205,-19.5,192,-30.8" /></mjloggm>