<mjloggm ver="2.3"><GO type="225" lobby="0"/><UN n0="%E9%80%86%E9%80%A3%E5%B8%AF%E3%81%AE%E9%AC%BC" n1="%72%61%6B%33" n2="%72%69%6F%75%63%68%61%6E" n3="%E7%B4%94%E6%BD%94%E3%83%94%E3%83%A9%E3%83%8B%E3%82%A2" dan="16,16,16,17" rate="2011.54,2100.74,2132.53,2208.42" sx="M,M,M,M"/><TAIKYOKU oya="0"/><INIT seed="0,0,0,3,3,89" ten="250,250,250,250" oya="0" hai0="71,131,80,84,29,36,15,23,120,132,47,100,22" hai1="128,108,127,67,124,130,118,72,101,37,65,111,57" hai2="63,7,44,39,102,58,40,32,75,12,116,50,76" hai3="109,49,95,126,135,121,13,17,45,66,88,38,55"/><T21/><D120/><U81/><E101/><V35/><F116/><W61/><G121/><T82/><D132/><U105/><E105/><V48/><F102/><W94/><G135/><T3/><D71/><U33/><E33/><V122/><F122/><W90/><G109/><N who="1" m="42058" /><E72/><V34/><F7/><W9/><G126/><N who="1" m="48170" /><E81/><V8/><F76/><W99/><G38/><T134/><D3/><U70/><E118/><V104/><F104/><W87/><G66/><N who="1" m="25098" /><E70/><V26/><F75/><W10/><G61/><T19/><D100/><U54/><E37/><V86/><F26/><W110/><G110/><T117/><D117/><U4/><E4/><V91/><F12/><W106/><G106/><T77/><D134/><U114/><E114/><V59/><F8/><AGARI ba="0,0" hai="8,9,10,13,17,45,49,55,87,88,90,94,95,99" machi="8" ten="30,8000,1" yaku="7,1,8,1,52,2,54,1" doraHai="89" who="3" fromWho="2" sc="250,0,250,0,250,-80,250,80" /><INIT seed="1,0,0,5,5,112" ten="250,250,170,330" oya="1" hai0="96,8,22,66,104,16,5,93,87,116,50,48,30" hai1="78,131,70,89,17,57,6,88,79,7,80,127,115" hai2="46,61,38,74,126,99,14,19,71,56,59,133,102" hai3="100,35,76,130,122,24,77,135,4,105,63,18,92"/><U15/><E70/><V49/><F126/><W106/><G122/><T51/><D116/><U31/><E115/><V0/><F133/><W10/><G135/><T32/><D104/><U125/><E31/><V12/><F0/><W60/><G130/><T29/><D32/><U120/><E57/><V40/><F74/><W107/><G92/><T54/><D66/><U67/><E67/><V43/><F71/><W103/><G18/><T118/><D118/><U33/><E33/><V94/><F12/><W36/><G36/><T1/><D87/><U132/><E132/><V123/><F123/><W11/><G24/><T68/><D68/><U98/><E120/><V113/><F113/><W86/><G86/><T42/><D42/><U101/><E131/><V85/><F85/><W27/><G27/><T109/><D109/><U2/><E2/><V58/><F40/><W97/><G35/><T90/><REACH who="0" step="1"/><D54/><REACH who="0" ten="240,250,170,330" step="2"/><U52/><E52/><N who="2" m="33927" /><F38/><W75/><G105/><T134/><D134/><U25/><E127/><V9/><AGARI ba="0,1" hai="9,14,19,43,46,49,58,59,94,99,102" m="33927" machi="9" ten="30,2000,0" yaku="8,1,54,1" doraHai="112" who="2" fromWho="2" sc="240,-5,250,-10,170,30,330,-5" /><INIT seed="2,0,0,5,3,46" ten="235,240,200,325" oya="2" hai0="23,9,98,86,64,130,107,63,0,20,7,4,83" hai1="87,75,114,104,48,74,76,49,15,2,95,89,123" hai2="8,6,100,51,110,3,36,18,80,41,60,43,97" hai3="53,5,12,120,105,37,14,11,129,56,28,30,122"/><V78/><F110/><W135/><G37/><T45/><D130/><U132/><E114/><V17/><F60/><W31/><G129/><T99/><D7/><U70/><E2/><V92/><F51/><W34/><G105/><T39/><D99/><U112/><E70/><V116/><F116/><W85/><G85/><T50/><D39/><U93/><E104/><V109/><F109/><W52/><G135/><T1/><D1/><U119/><E123/><V124/><F124/><W32/><G56/><T61/><D61/><U25/><E132/><V16/><REACH who="2" step="1"/><F36/><REACH who="2" ten="235,240,190,325" step="2"/><W26/><G122/><T77/><D107/><U10/><E119/><V81/><F81/><W27/><G120/><T19/><D98/><U24/><E48/><V125/><F125/><W88/><G53/><T73/><D73/><AGARI ba="0,1" hai="3,6,8,16,17,18,41,43,73,78,80,92,97,100" machi="73" ten="40,3900,0" yaku="1,1,54,1,53,0" doraHai="46" doraHaiUra="134" who="2" fromWho="0" sc="235,-39,240,0,190,49,325,0" /><INIT seed="2,1,0,5,5,67" ten="196,240,239,325" oya="2" hai0="113,62,117,127,20,5,114,12,105,58,33,81,104" hai1="124,57,129,2,47,28,70,130,116,46,26,91,71" hai2="89,40,42,87,27,24,92,90,31,102,38,108,29" hai3="88,30,133,1,41,48,36,110,35,25,128,75,111"/><V118/><F108/><N who="3" m="41515" /><G75/><T13/><D33/><U34/><E116/><V103/><F118/><W134/><G1/><T61/><D117/><U51/><E2/><V37/><F87/><W9/><G9/><T4/><D20/><U50/><E91/><V55/><F55/><W3/><G3/><T99/><D99/><U22/><E57/><V54/><F54/><W115/><G115/><T119/><D119/><U10/><E10/><V97/><F97/><W76/><G76/><T68/><D58/><U77/><E77/><V72/><REACH who="2" step="1"/><F92/><REACH who="2" ten="196,240,229,325" step="2"/><W49/><G134/><T85/><D85/><U80/><E80/><V74/><AGARI ba="1,1" hai="24,27,29,31,37,38,40,42,72,74,89,90,102,103" machi="74" ten="25,18000,2" yaku="1,1,2,1,0,1,22,2,53,2" doraHai="67" doraHaiUra="23" who="2" fromWho="2" sc="196,-61,240,-61,229,193,325,-61" /><INIT seed="2,2,0,1,3,42" ten="135,179,422,264" oya="2" hai0="85,84,103,116,53,75,123,23,133,44,43,69,39" hai1="98,118,117,114,128,76,115,27,49,4,13,59,127" hai2="57,60,14,11,65,3,92,130,109,33,70,124,55" hai3="7,96,0,1,17,100,134,95,50,51,54,90,89"/><V120/><F120/><W47/><G134/><T61/><D133/><U111/><E76/><V97/><F124/><W88/><G7/><T91/><D123/><U105/><E105/><V102/><F130/><W18/><REACH who="3" step="1"/><G50/><REACH who="3" ten="135,179,422,254" step="2"/><T5/><D116/><U30/><E49/><V107/><F109/><W112/><G112/><T62/><D5/><U82/><E111/><V56/><F3/><AGARI ba="2,1" hai="0,1,3,17,18,47,51,54,88,89,90,95,96,100" machi="3" ten="40,5200,0" yaku="1,1,52,1,54,1,53,0" doraHai="42" doraHaiUra="6" who="3" fromWho="2" sc="135,0,179,0,422,-58,254,68" /><INIT seed="3,0,0,5,1,113" ten="135,179,364,322" oya="3" hai0="76,57,129,29,34,18,65,121,66,31,40,20,86" hai1="103,124,8,75,89,84,10,69,2,1,123,108,39" hai2="52,134,15,85,115,23,127,110,53,106,131,27,107" hai3="71,98,78,13,11,112,7,51,64,114,77,37,24"/><W19/><G37/><T3/><D121/><U128/><E103/><V83/><F115/><W132/><G114/><T28/><D3/><U90/><E84/><V35/><F110/><W96/><G112/><T30/><D34/><U0/><E39/><V17/><F131/><W74/><G132/><T67/><D129/><U101/><E101/><V59/><F134/><W133/><G133/><T50/><N who="0" m="7168" /><DORA hai="62" /><T70/><D70/><U36/><E36/><V97/><F35/><W60/><G51/><T94/><D94/><U117/><E69/><V43/><F127/><W38/><G38/><T16/><D20/><U21/><E21/><V88/><F43/><W6/><G24/><T33/><D33/><U72/><E128/><V68/><F68/><W81/><REACH who="3" step="1"/><G77/><REACH who="3" ten="135,179,364,312" step="2"/><T63/><D50/><U99/><E124/><V22/><F27/><W102/><G102/><T49/><D49/><U41/><E108/><V9/><F97/><AGARI ba="0,1" hai="6,7,11,13,19,60,64,71,74,78,81,96,97,98" machi="97" ten="40,7700,0" yaku="1,1,52,1,53,1" doraHai="113,62" doraHaiUra="118,104" who="3" fromWho="2" sc="135,0,179,0,364,-77,312,87" owari="135,-36.5,179,-22.1,287,8.7,399,49.9" /></mjloggm>