<mjloggm ver="2.3"><GO type="225" lobby="0"/><UN n0="%E4%BF%BA%E3%81%A8%E5%A6%96%E5%A4%A2" n1="%E3%81%94%E3%81%BE%E6%B2%B9%E9%A3%B2%E3%81%BF%E5%A4%AA%E9%83%8E" n2="%E3%83%A9%E3%82%B9%E7%8E%87%EF%BC%93%E5%89%B2" n3="%E3%82%B3%E3%83%90%E3%83%AC%E3%82%A4" dan="16,16,16,16" rate="2103.64,2102.99,2196.02,2204.21" sx="F,M,F,M"/><TAIKYOKU oya="0"/><INIT seed="0,0,0,5,4,15" ten="250,250,250,250" oya="0" hai0="27,130,131,16,129,24,30,96,31,37,69,8,79" hai1="110,70,117,103,125,107,35,77,13,41,72,20,100" hai2="127,99,47,95,0,34,18,55,51,104,83,5,25" hai3="21,111,26,97,120,2,93,75,45,132,62,17,40"/><T98/><D37/><U109/><E35/><V113/><F113/><W36/><G120/><T134/><D69/><U12/><E117/><V80/><F127/><W71/><G132/><T81/><D134/><U49/><E70/><V52/><F104/><W67/><G111/><N who="1" m="42506" /><E125/><V86/><F0/><W114/><G114/><T118/><D118/><U78/><E12/><V7/><F55/><W56/><G2/><T64/><D64/><U112/><E112/><V68/><F68/><W28/><G75/><T74/><D27/><U90/><E90/><N who="2" m="55799" /><F34/><W32/><G71/><T23/><D8/><U60/><E60/><V22/><F83/><W50/><G36/><T58/><D58/><U6/><E6/><V1/><F1/><W14/><G32/><T39/><D39/><U126/><E126/><V19/><F19/><W88/><G14/><T46/><D46/><N who="1" m="25807" /><E107/><V101/><F101/><N who="1" m="38985" /><E72/><V63/><F63/><W9/><G9/><T92/><D92/><U29/><E29/><AGARI ba="0,0" hai="17,21,26,28,29,40,45,50,56,62,67,88,93,97" machi="29" ten="40,5200,0" yaku="8,1,52,1,54,1" doraHai="15" who="3" fromWho="1" sc="250,0,250,-52,250,0,250,52" /><AGARI ba="0,0" hai="16,23,24,29,30,31,74,79,81,96,98,129,130,131" machi="29" ten="40,7700,0" yaku="19,1,52,1,54,1" doraHai="15" who="0" fromWho="1" sc="250,77,198,-77,250,0,302,0" /><INIT seed="0,1,0,5,4,14" ten="327,121,250,302" oya="0" hai0="52,135,114,19,29,66,24,113,11,49,23,72,59" hai1="110,79,99,117,119,128,84,40,42,2,103,45,100" hai2="35,88,37,91,28,68,20,77,55,30,15,85,86" hai3="65,60,108,8,107,18,32,95,125,94,76,75,21"/><T36/><D72/><U1/><E110/><V118/><F37/><W57/><G32/><T43/><D135/><U131/><E99/><V25/><F68/><W33/><G33/><T69/><D11/><U87/><E45/><V129/><F129/><W56/><G107/><T89/><D89/><N who="2" m="34378" /><F35/><W115/><G108/><T71/><D29/><U111/><E111/><V22/><F118/><W126/><G115/><T48/><D48/><U44/><E44/><V90/><F77/><W133/><G8/><T62/><D71/><U4/><REACH who="1" step="1"/><E79/><REACH who="1" ten="327,111,250,302" step="2"/><V92/><F55/><W121/><G133/><T27/><D27/><U127/><E127/><V109/><F109/><W106/><G126/><T74/><D74/><U101/><E101/><V58/><F58/><W81/><G125/><T96/><D96/><U13/><E13/><V47/><F47/><AGARI ba="1,1" hai="19,23,24,36,43,47,49,52,59,62,66,69,113,114" machi="47" ten="40,12000,1" yaku="24,2,52,1,54,1" doraHai="14" who="0" fromWho="2" sc="327,133,111,0,250,-123,302,0" /><INIT seed="0,2,0,3,4,113" ten="460,111,127,302" oya="0" hai0="85,131,45,60,134,6,93,4,15,1,39,111,12" hai1="10,77,78,44,115,53,100,102,108,71,23,118,5" hai2="37,31,46,122,29,91,8,40,76,47,25,3,19" hai3="117,70,80,48,18,92,56,109,21,97,26,74,32"/><T96/><D134/><U125/><E71/><V50/><F122/><W28/><G70/><T66/><D131/><U9/><E115/><V84/><F76/><W43/><G109/><T116/><D111/><U135/><E108/><V90/><F3/><W132/><G132/><T38/><D85/><U129/><E135/><V121/><F121/><W73/><G80/><T34/><D34/><U62/><E129/><V101/><F101/><W65/><G117/><T16/><D116/><U119/><E23/><V14/><F25/><W95/><G95/><T123/><D123/><U75/><E44/><V41/><REACH who="2" step="1"/><F91/><REACH who="2" ten="460,111,117,302" step="2"/><W94/><G74/><T124/><D1/><U105/><E75/><V54/><F54/><W42/><G73/><T98/><D12/><U61/><E53/><V0/><F0/><W68/><G43/><T87/><D15/><U112/><E112/><V13/><F13/><W27/><G42/><T51/><D66/><U35/><E125/><V63/><F63/><W64/><G65/><T72/><D60/><U89/><E89/><V114/><F114/><W58/><G64/><T103/><D72/><U107/><REACH who="1" step="1"/><E5/><REACH who="1" ten="460,101,117,302" step="2"/><V52/><F52/><W130/><G130/><T17/><D4/><U110/><E110/><V99/><F99/><W82/><G97/><T120/><D6/><U49/><E49/><V11/><F11/><W79/><G48/><T83/><D96/><U22/><E22/><V59/><F59/><W24/><G58/><T2/><D124/><U133/><E133/><V36/><F36/><N who="0" m="13866" /><D120/><U88/><E88/><V104/><F104/><W7/><G7/><RYUUKYOKU ba="2,2" sc="460,-15,101,15,117,15,302,-15" hai1="9,10,35,61,62,77,78,100,102,105,107,118,119" hai2="8,14,19,29,31,37,40,41,46,47,50,84,90" /><INIT seed="1,3,2,1,0,9" ten="445,116,132,287" oya="1" hai0="24,125,25,59,37,49,44,84,110,127,91,14,107" hai1="94,122,28,1,53,98,124,40,96,99,11,58,75" hai2="90,45,129,47,23,35,100,113,95,46,61,135,13" hai3="18,55,101,57,62,21,77,114,7,38,133,88,68"/><U20/><E122/><V36/><F35/><W86/><G38/><T126/><D107/><U3/><E75/><V0/><F0/><W27/><G114/><T97/><D110/><U66/><E124/><V111/><F113/><W67/><G101/><T51/><D97/><U60/><E40/><V48/><F111/><W43/><G43/><N who="0" m="22639" /><D14/><U10/><E3/><V74/><F74/><W102/><G102/><T56/><D56/><N who="1" m="37127" /><E1/><V2/><F2/><W29/><G133/><T6/><D6/><U72/><E72/><V76/><F135/><W63/><G7/><T123/><D123/><U5/><E5/><V71/><F36/><W22/><G77/><T89/><D89/><U69/><E69/><V80/><F71/><W81/><REACH who="3" step="1"/><G18/><REACH who="3" ten="445,116,132,277" step="2"/><T8/><D125/><U117/><E117/><V41/><F100/><W65/><G65/><T30/><D126/><U132/><E132/><V108/><F108/><W33/><AGARI ba="3,3" hai="21,22,27,29,33,55,57,62,63,67,68,81,86,88" machi="33" ten="20,8000,1" yaku="1,1,0,1,7,1,54,1,53,1" doraHai="9" doraHaiUra="79" who="3" fromWho="3" sc="445,-23,116,-43,132,-23,277,119" /><INIT seed="2,0,0,5,1,60" ten="422,73,109,396" oya="2" hai0="73,36,15,68,49,71,10,126,104,123,38,87,0" hai1="54,70,61,111,24,4,86,75,81,128,80,112,16" hai2="50,107,29,122,41,106,133,89,113,124,43,121,57" hai3="40,101,30,34,125,12,103,131,8,88,62,20,65"/><V48/><F29/><W94/><G34/><T11/><D123/><U13/><E111/><V95/><F113/><W120/><G120/><T83/><D73/><U78/><E128/><V115/><F115/><W18/><G40/><T100/><D0/><U127/><E127/><V67/><F124/><W39/><G39/><T109/><D126/><U5/><E24/><V105/><F133/><W84/><G131/><T21/><D109/><U74/><E112/><V47/><F122/><W64/><G125/><T27/><D38/><U93/><E93/><V45/><F121/><W91/><G91/><T90/><D36/><U108/><E108/><V52/><F67/><N who="3" m="25675" /><G62/><T69/><D49/><U2/><E2/><V32/><F32/><W9/><G30/><T14/><D10/><AGARI ba="0,0" hai="8,9,10,12,18,20,84,88,94,101,103" m="25675" machi="10" ten="30,8000,1" yaku="8,1,52,3,54,1" doraHai="60" who="3" fromWho="0" sc="422,-80,73,0,109,0,396,80" /><INIT seed="3,0,0,1,4,18" ten="342,73,109,476" oya="3" hai0="23,28,41,30,117,80,71,36,107,5,110,47,88" hai1="11,9,59,93,127,114,26,99,90,15,16,109,87" hai2="62,94,67,44,63,104,84,135,14,43,83,55,133" hai3="25,48,54,126,35,120,57,124,32,56,97,119,40"/><W95/><G119/><T105/><D117/><U66/><E114/><V134/><F104/><W13/><G120/><T46/><D71/><U51/><E109/><V102/><F55/><W106/><G106/><T81/><D110/><U101/><E127/><N who="3" m="48682" /><G57/><T0/><D0/><U103/><E26/><V10/><F94/><W112/><G112/><T74/><D5/><U70/><E70/><V61/><F102/><W125/><G125/><T19/><D107/><U115/><E115/><V2/><F2/><W122/><G122/><T65/><D65/><U131/><E131/><V24/><F24/><W68/><G25/><T8/><D105/><U45/><E103/><V49/><F67/><W91/><G68/><T96/><D8/><U52/><E9/><V20/><F20/><W85/><G40/><T21/><D47/><U92/><E66/><V22/><F22/><N who="0" m="8202" /><D74/><U6/><E6/><N who="2" m="3415" /><F135/><W75/><G75/><T64/><D36/><U34/><E34/><V1/><F1/><W39/><G39/><T123/><D123/><U33/><E33/><V78/><AGARI ba="0,0" hai="43,44,49,61,62,63,78,83,84,133,134" m="3415" machi="78" ten="30,1100,0" yaku="25,1" doraHai="18" who="2" fromWho="2" sc="342,-3,73,-3,109,11,476,-5" owari="339,13.9,70,-43.0,120,-28.0,471,57.1" /></mjloggm>