<mjloggm ver="2.3"><GO type="225" lobby="0"/><UN n0="%E6%9C%88%E5%B3%B6%E5%9F%BA" n1="%E3%81%BE%E3%81%A8%E3%81%9F" n2="%E3%81%BF%E3%81%BF%E3%81%9A" n3="%33%74%72%65%65" dan="17,16,17,17" rate="2178.86,2076.28,2196.92,2104.48" sx="M,M,M,F"/><TAIKYOKU oya="0"/><INIT seed="0,0,0,0,2,45" ten="250,250,250,250" oya="0" hai0="128,17,40,76,4,124,46,56,10,27,96,65,107" hai1="1,49,75,88,34,48,51,101,18,38,53,112,121" hai2="95,13,73,55,15,25,72,108,93,79,98,6,117" hai3="122,41,35,114,127,68,74,7,116,63,130,97,61"/><T106/><D124/><U9/><E121/><V102/><F108/><W54/><G35/><T20/><D128/><U125/><E38/><V29/><F117/><W113/><G74/><T77/><D65/><U129/><E125/><V64/><F64/><W132/><G97/><T91/><D56/><U131/><E75/><V0/><F0/><W103/><G7/><T12/><D106/><U71/><E34/><V16/><F6/><W33/><G103/><T110/><D110/><U36/><E36/><V80/><F73/><W52/><G33/><T14/><D107/><U118/><E118/><V86/><F72/><W39/><G127/><T24/><D91/><U83/><E71/><V5/><F5/><W92/><G92/><T26/><REACH who="0" step="1"/><D96/><REACH who="0" ten="240,250,250,250" step="2"/><U94/><E112/><V42/><F98/><W31/><G130/><T99/><D99/><U120/><E120/><V123/><F123/><W60/><G122/><T87/><D87/><U109/><E109/><V3/><F86/><W126/><G126/><T78/><D78/><U37/><E129/><V134/><F79/><W8/><G116/><T23/><D23/><U67/><E131/><V82/><F102/><W70/><G114/><T104/><D104/><U22/><E67/><V119/><F119/><W44/><G113/><T81/><D81/><U19/><E101/><V57/><F80/><W21/><G21/><T2/><D2/><U85/><E22/><V47/><F82/><W115/><G115/><T11/><D11/><U62/><E83/><V100/><F100/><W135/><G8/><T89/><D89/><U43/><E88/><RYUUKYOKU ba="0,1" sc="240,30,250,-10,250,-10,250,-10" hai0="4,10,12,14,17,20,24,26,27,40,46,76,77" /><INIT seed="0,1,1,0,5,61" ten="270,240,240,240" oya="0" hai0="5,37,128,112,3,25,113,121,105,4,93,36,58" hai1="87,102,23,127,119,16,124,118,7,68,28,100,97" hai2="63,55,2,104,54,116,13,91,64,96,8,22,122" hai3="83,6,79,69,44,80,43,85,86,1,132,78,88"/><T26/><D105/><U0/><E28/><V29/><F122/><W106/><G132/><T12/><D58/><U20/><E68/><V103/><F116/><N who="1" m="44585" /><E87/><V130/><F130/><W59/><G69/><T45/><D93/><U56/><E97/><V49/><F91/><W17/><G106/><T98/><D12/><N who="1" m="9223" /><E56/><V39/><F39/><W90/><G59/><T67/><D98/><U19/><E100/><V31/><F2/><W101/><G101/><T117/><D3/><U40/><E40/><V84/><F84/><W24/><G6/><T133/><D117/><U46/><E46/><V74/><F74/><W107/><G1/><T73/><D45/><U82/><E82/><V72/><F72/><W51/><G107/><T62/><D73/><U18/><E102/><V89/><F89/><W34/><G34/><T60/><D121/><U126/><E23/><AGARI ba="1,1" hai="17,23,24,43,44,51,78,79,80,83,85,86,88,90" machi="23" ten="40,5200,0" yaku="9,1,8,1,54,1" doraHai="61" who="3" fromWho="1" sc="270,0,240,-55,240,0,240,65" /><INIT seed="1,0,0,2,4,133" ten="270,185,240,305" oya="1" hai0="30,9,63,123,108,29,15,129,21,10,80,26,56" hai1="103,23,90,84,126,70,97,37,73,60,57,88,115" hai2="65,104,64,96,61,43,125,41,36,32,124,66,107" hai3="114,49,101,71,53,52,86,119,128,20,89,40,132"/><U38/><E115/><V127/><F32/><W116/><G114/><T34/><D108/><U98/><E73/><V79/><F79/><W5/><G132/><T59/><D129/><U93/><E70/><V105/><F36/><W83/><G128/><T131/><D131/><U50/><E126/><V11/><F61/><W72/><G71/><T100/><D123/><U58/><E23/><V68/><F68/><W6/><G72/><T82/><D100/><U102/><E50/><V122/><F122/><W2/><G101/><T121/><D121/><U35/><E35/><V120/><F120/><W81/><G81/><N who="0" m="31339" /><D34/><U91/><E58/><N who="0" m="22057" /><D63/><U0/><E0/><V33/><F33/><W77/><G77/><T8/><D30/><U95/><REACH who="1" step="1"/><E84/><REACH who="1" ten="270,175,240,305" step="2"/><V45/><F45/><N who="3" m="25767" /><G20/><T25/><D25/><U78/><E78/><V14/><F96/><W1/><G1/><T134/><D134/><U112/><E112/><V92/><F92/><W18/><G2/><T117/><D117/><U39/><E39/><V110/><F110/><W31/><G119/><T76/><D76/><U87/><E87/><V3/><F3/><W130/><G116/><T111/><D111/><U67/><AGARI ba="0,1" hai="37,38,57,60,67,88,90,91,93,95,97,98,102,103" machi="67" ten="30,11700,0" yaku="1,1,0,1,9,1,54,1,53,0" doraHai="133" doraHaiUra="19" who="1" fromWho="1" sc="270,-39,175,127,240,-39,305,-39" /><INIT seed="1,1,0,0,5,131" ten="231,302,201,266" oya="1" hai0="26,34,13,44,123,33,50,97,104,70,46,42,41" hai1="109,85,129,111,35,128,75,56,67,64,12,73,38" hai2="10,62,8,130,114,96,49,86,80,90,76,113,102" hai3="68,28,103,60,125,3,117,126,89,72,79,40,98"/><U107/><E107/><N who="2" m="63943" /><F62/><W15/><G3/><T39/><D123/><U124/><E124/><N who="3" m="47722" /><G117/><T17/><D70/><U14/><E35/><V52/><F130/><N who="1" m="50281" /><E38/><V65/><F65/><N who="1" m="25161" /><E56/><V45/><F76/><W115/><G60/><T108/><D108/><N who="1" m="41547" /><E85/><V74/><F74/><AGARI ba="1,0" hai="12,14,73,74,75" m="41547,25161,50281" machi="74" ten="40,12000,1" yaku="28,2,19,1,14,1,10,1" doraHai="131" who="1" fromWho="2" sc="231,0,302,123,201,-123,266,0" /><INIT seed="1,2,0,1,3,65" ten="231,425,78,266" oya="1" hai0="127,62,67,40,66,28,8,34,56,26,15,41,98" hai1="95,85,45,84,47,3,101,78,4,33,89,119,5" hai2="2,42,76,81,49,100,123,50,122,115,69,72,87" hai3="13,48,131,35,77,126,70,114,129,102,27,116,22"/><U71/><E33/><V118/><F118/><W91/><G114/><T124/><D67/><U57/><E71/><V31/><F115/><W11/><G116/><T86/><D98/><U0/><E101/><V110/><F2/><W106/><G35/><T134/><D86/><U37/><E57/><V73/><F31/><W105/><G126/><N who="0" m="48171" /><D134/><U19/><E37/><V14/><F110/><W59/><G70/><T97/><D97/><U20/><E84/><V38/><F38/><W44/><G59/><T133/><D133/><U128/><E78/><V46/><F69/><W61/><G61/><T109/><D109/><U7/><E119/><V103/><F50/><W12/><G91/><T111/><D111/><U108/><E108/><V112/><F112/><W125/><G77/><T99/><D99/><U135/><E135/><V23/><F103/><W60/><G60/><T113/><D113/><U117/><E117/><V17/><REACH who="2" step="1"/><F100/><REACH who="2" ten="231,425,68,266" step="2"/><W1/><G102/><T63/><D63/><U54/><E0/><V53/><F53/><W6/><G1/><T130/><D130/><U43/><E3/><V90/><F90/><W121/><G48/><T30/><D28/><U18/><E128/><V36/><F36/><W120/><G131/><T52/><D66/><U51/><E54/><V39/><F39/><W93/><G129/><T68/><D68/><U107/><E51/><V9/><F9/><W64/><G11/><T88/><D88/><U24/><E89/><V96/><F96/><W132/><G64/><T21/><D34/><U16/><E43/><V104/><F104/><N who="3" m="40043" /><G125/><T80/><D62/><RYUUKYOKU ba="2,1" sc="231,-10,425,-10,68,30,266,-10" hai2="14,17,23,42,46,49,72,73,76,81,87,122,123" /><INIT seed="2,3,1,5,5,29" ten="221,415,98,256" oya="2" hai0="110,80,79,47,57,55,40,118,26,82,103,42,113" hai1="39,134,66,83,78,109,51,31,4,77,24,101,130" hai2="71,9,111,112,19,5,41,89,16,25,117,86,120" hai3="20,30,46,67,13,18,49,93,128,14,72,38,27"/><V135/><F117/><W70/><G128/><T10/><D113/><U121/><E39/><V6/><F112/><W81/><G38/><T132/><D118/><U34/><E109/><V1/><F120/><W62/><G93/><T60/><D110/><U90/><E130/><V131/><F111/><W35/><G72/><T114/><D114/><U133/><E121/><V48/><F131/><W69/><G81/><N who="0" m="31339" /><D132/><U94/><E101/><V123/><F71/><W126/><G126/><T73/><D73/><U56/><E4/><V91/><F123/><W45/><G69/><T50/><D103/><U33/><E33/><V43/><F135/><W108/><G108/><T32/><D32/><U2/><E2/><V100/><F100/><W58/><G70/><T53/><D26/><U106/><E78/><V7/><F1/><W59/><G59/><N who="0" m="34927" /><D79/><U22/><E106/><V129/><F129/><W15/><G46/><T124/><D124/><U64/><E34/><V122/><F122/><W127/><G127/><T104/><D104/><U17/><E134/><V88/><F86/><W99/><G99/><T119/><D10/><U87/><E31/><V52/><F9/><W125/><G125/><T37/><D119/><U63/><E51/><V8/><F25/><W95/><G95/><T23/><D23/><U44/><E44/><N who="2" m="27655" /><F8/><W12/><G12/><T54/><D37/><U0/><E0/><V115/><F115/><W107/><G107/><T97/><D97/><N who="1" m="57559" /><E133/><V105/><F105/><W84/><G84/><T28/><D28/><U11/><E11/><V92/><F92/><W74/><G74/><RYUUKYOKU ba="3,1" sc="221,0,415,0,98,0,256,0" hai0="40,42,47,50,54,55,57" hai1="17,22,24,56,63,64,66,77,83,87" hai2="5,6,7,16,19,41,43,88,89,91" hai3="13,14,15,18,20,27,30,35,45,49,58,62,67" /><INIT seed="2,4,1,0,1,44" ten="221,415,98,256" oya="2" hai0="60,53,69,135,78,117,129,127,106,70,9,84,88" hai1="27,80,125,83,130,5,66,68,75,103,54,131,121" hai2="30,67,20,35,132,120,1,79,22,64,40,4,13" hai3="93,55,15,100,38,85,16,17,33,61,47,37,81"/><V87/><F120/><W50/><G33/><T21/><D106/><U24/><E103/><V96/><F132/><W114/><G114/><T76/><D135/><U28/><E5/><V2/><F35/><W91/><G17/><T113/><D113/><U118/><E118/><V112/><F112/><W41/><G61/><T86/><D70/><U56/><E27/><N who="2" m="16743" /><F1/><W34/><G34/><T46/><D69/><U108/><E75/><V26/><F2/><W124/><G124/><T32/><D32/><U6/><E6/><V94/><F40/><W65/><G65/><T36/><D36/><U3/><E3/><V105/><F105/><W49/><G100/><T90/><D127/><U104/><E104/><V48/><F48/><W14/><G93/><N who="0" m="54407" /><D129/><N who="1" m="49163" /><E125/><V74/><F74/><W45/><G15/><T115/><D117/><U43/><E43/><V42/><F42/><W8/><AGARI ba="4,1" hai="8,14,16,37,38,41,45,47,49,50,55,81,85,91" machi="8" ten="20,12000,2" yaku="0,1,7,1,25,2,52,2,54,1" doraHai="44" who="3" fromWho="3" sc="221,-34,415,-34,98,-64,256,142" /><INIT seed="3,0,0,0,3,87" ten="187,381,34,398" oya="3" hai0="63,41,117,93,77,105,47,79,26,11,106,85,29" hai1="19,40,10,101,22,58,119,131,103,7,128,45,17" hai2="125,68,84,121,78,12,33,32,20,96,130,98,54" hai3="1,8,71,115,49,15,80,100,64,123,114,122,62"/><W30/><G1/><T60/><D117/><U120/><E120/><V113/><F84/><W59/><G100/><N who="1" m="38474" /><E58/><V13/><F78/><W99/><G99/><T51/><D105/><U88/><E22/><V66/><F66/><W104/><G104/><T38/><D38/><N who="1" m="21655" /><E10/><V72/><F72/><W73/><G30/><T5/><D106/><U25/><E7/><V37/><F20/><W35/><G35/><T57/><D79/><U24/><E119/><V91/><F37/><W3/><G3/><T94/><D60/><U89/><E19/><V65/><F65/><W97/><G97/><T18/><D18/><U108/><E108/><V75/><F75/><W109/><G109/><T112/><D112/><N who="3" m="43049" /><G80/><T44/><D44/><U133/><E133/><V55/><F113/><W83/><G83/><T21/><D57/><U52/><E52/><V118/><F121/><N who="3" m="46091" /><G73/><T67/><D63/><U61/><E61/><V34/><F34/><W31/><G31/><T92/><D67/><U48/><E48/><V6/><F118/><W27/><G27/><N who="1" m="10314" /><E17/><V36/><F36/><W127/><G127/><T28/><D28/><U16/><E16/><V116/><F116/><W135/><G135/><T107/><D107/><U56/><E56/><V74/><F74/><W14/><G8/><T90/><D77/><U23/><E23/><V9/><F125/><W0/><G0/><AGARI ba="0,0" hai="0,5,11,21,26,29,41,47,51,85,90,92,93,94" machi="0" ten="30,2000,0" yaku="7,1,52,1" doraHai="87" who="0" fromWho="3" sc="187,20,381,0,34,0,398,-20" owari="207,-19.3,381,48.1,34,-46.6,378,17.8" /></mjloggm>