<mjloggm ver="2.3"><GO type="225" lobby="0"/><UN n0="%E3%81%BE%E3%81%A8%E3%81%9F" n1="%E9%BB%99%E8%81%B4%E3%81%AE%E3%81%99%E3%82%9D%E3%82%81" n2="%E4%BF%BA%E3%81%A8%E5%A6%96%E5%A4%A2" n3="%E6%9D%B1%E9%A2%A8%E3%81%AE%E3%81%8D%E3%82%83%E3%81%B7%E3%81%95%E3%82%93" dan="16,16,16,16" rate="2081.76,2145.07,2226.98,2093.04" sx="M,M,F,M"/><TAIKYOKU oya="0"/><INIT seed="0,0,0,1,1,113" ten="250,250,250,250" oya="0" hai0="6,0,43,60,104,132,21,8,68,81,9,49,59" hai1="32,69,42,82,63,108,84,47,13,135,124,98,128" hai2="44,129,126,117,22,91,5,23,18,79,65,38,33" hai3="119,54,89,45,105,39,110,4,11,56,74,120,115"/><T121/><D104/><U64/><E108/><V51/><F33/><W99/><G110/><T73/><D132/><U114/><E128/><V31/><F129/><W58/><G115/><T16/><D121/><U37/><E124/><V125/><F38/><W87/><G74/><T88/><D9/><U96/><E135/><V112/><F112/><W93/><G120/><T131/><D131/><U29/><E114/><V53/><F79/><W116/><G39/><T35/><D35/><U34/><E13/><V10/><F31/><W40/><G105/><T86/><D73/><U92/><E29/><V67/><F91/><W133/><G133/><T7/><D68/><U27/><E27/><N who="2" m="14807" /><F23/><W70/><G70/><T77/><D7/><U100/><REACH who="1" step="1"/><E98/><REACH who="1" ten="250,240,250,250" step="2"/><V26/><F26/><W85/><G99/><T14/><D43/><U102/><E102/><V123/><F123/><W111/><G111/><T71/><D71/><U106/><E106/><V50/><F125/><W28/><G28/><T25/><D0/><U97/><E97/><V17/><F126/><W75/><G75/><T78/><D49/><U19/><E19/><V107/><F107/><W109/><G109/><T66/><AGARI ba="0,1" hai="6,8,14,16,21,25,59,60,66,77,78,81,86,88" machi="66" ten="20,12000,1" yaku="0,1,7,1,8,1,54,2" doraHai="113" who="0" fromWho="0" sc="250,130,240,-40,250,-40,250,-40" /><INIT seed="0,1,0,0,0,24" ten="380,200,210,210" oya="0" hai0="115,26,11,39,72,62,87,104,8,5,82,54,132" hai1="99,59,114,23,22,20,53,94,85,111,88,42,128" hai2="15,134,75,70,49,130,3,122,69,14,100,101,81" hai3="73,61,33,119,7,55,16,46,41,48,77,2,31"/><T35/><D104/><U28/><E111/><V78/><F122/><W36/><G119/><T45/><D72/><U124/><E128/><V120/><F120/><W98/><G98/><T38/><D11/><U76/><E124/><V118/><F3/><W44/><G61/><T67/><D115/><U129/><E129/><V25/><F130/><W106/><G106/><T56/><D132/><U92/><E42/><V34/><F118/><W126/><G126/><T133/><D133/><U1/><E1/><V51/><F134/><W116/><G116/><T127/><D127/><U40/><E40/><V30/><F14/><W68/><G68/><T80/><D80/><N who="1" m="47239" /><E94/><V125/><F125/><W109/><G109/><T83/><D83/><U79/><E79/><V96/><F15/><W71/><G71/><T113/><D39/><U107/><E107/><V21/><F34/><W32/><G77/><T17/><D38/><U43/><E43/><V57/><F101/><W74/><G32/><T18/><D35/><U117/><E114/><V91/><F91/><W112/><G112/><T135/><D135/><U97/><E97/><V65/><F70/><W6/><G6/><T103/><D5/><U0/><E0/><V27/><F69/><W4/><G4/><T60/><D113/><U52/><E117/><V102/><F102/><W64/><G64/><T63/><D103/><U12/><E53/><V123/><F123/><W131/><G131/><T108/><D54/><U110/><E110/><V95/><F25/><N who="3" m="18671" /><G16/><N who="0" m="6251" /><D108/><U89/><E89/><V13/><F13/><W93/><G93/><T37/><D26/><RYUUKYOKU ba="1,0" sc="380,-15,200,-15,210,15,210,15" hai2="21,27,30,49,51,57,65,75,78,81,95,96,100" hai3="2,7,36,41,44,46,48,55,73,74" /><INIT seed="1,2,0,4,0,63" ten="365,185,225,225" oya="1" hai0="127,25,96,45,99,122,12,10,23,115,19,132,37" hai1="128,75,123,66,22,67,31,38,133,104,106,57,59" hai2="81,74,117,114,119,17,30,118,69,95,47,125,26" hai3="85,4,80,33,14,21,90,3,15,76,100,11,43"/><U51/><E75/><V108/><F69/><W70/><G33/><T92/><D115/><U87/><E38/><V42/><F114/><W5/><G70/><T120/><D127/><U44/><E123/><N who="0" m="47145" /><D132/><U78/><E106/><V94/><F17/><W130/><G130/><T53/><D92/><U2/><E2/><V68/><F68/><W8/><G100/><T48/><D37/><U40/><E104/><V97/><F125/><W82/><G3/><T60/><D60/><U62/><E128/><V41/><F108/><W28/><G43/><T116/><D116/><U64/><E133/><V83/><F74/><W110/><G110/><T89/><D89/><U34/><E34/><V77/><F77/><W55/><G55/><T50/><D50/><U39/><E39/><V88/><F94/><W65/><G65/><T32/><D32/><U109/><E109/><V134/><F134/><W56/><G56/><T98/><D98/><U16/><E31/><AGARI ba="2,0" hai="10,12,19,23,25,31,45,48,53,96,99" m="47145" machi="31" ten="30,1000,0" yaku="13,1" doraHai="63" who="0" fromWho="1" sc="365,16,185,-16,225,0,225,0" /><INIT seed="2,0,0,2,2,26" ten="381,169,225,225" oya="2" hai0="13,74,47,15,14,117,46,62,125,68,71,126,121" hai1="35,27,96,25,64,80,88,103,93,8,12,112,4" hai2="72,55,51,114,1,109,113,135,32,41,65,49,85" hai3="119,40,3,82,123,115,70,95,104,59,53,120,106"/><V107/><F72/><W30/><G3/><T79/><D121/><U2/><E112/><V29/><F1/><W38/><G115/><T34/><D34/><U21/><E64/><V105/><F135/><W134/><G119/><T67/><D71/><U94/><E80/><V7/><F7/><W133/><G82/><N who="0" m="45431" /><D117/><U0/><E35/><V11/><F11/><W132/><G95/><T42/><D42/><U10/><E10/><V28/><F65/><W19/><G19/><T102/><D102/><U52/><E52/><V87/><F55/><W18/><G18/><T110/><D110/><U24/><REACH who="1" step="1"/><E21/><REACH who="1" ten="381,159,225,225" step="2"/><V75/><F32/><W63/><G123/><T91/><D67/><U86/><AGARI ba="0,1" hai="0,2,4,8,12,24,25,27,86,88,93,94,96,103" machi="86" ten="30,12000,2" yaku="1,1,2,1,0,1,54,1,53,3" doraHai="26" doraHaiUra="23" who="1" fromWho="1" sc="381,-30,159,130,225,-60,225,-30" /><INIT seed="3,0,0,5,5,35" ten="351,289,165,195" oya="3" hai0="71,64,88,42,5,135,63,0,32,100,44,99,109" hai1="46,103,3,14,121,50,129,79,22,62,126,47,8" hai2="59,104,43,48,38,122,52,58,114,133,116,10,31" hai3="134,33,9,125,21,53,77,29,26,130,102,81,115"/><W66/><G115/><T12/><D0/><U13/><E121/><V55/><F114/><W65/><G134/><T74/><D32/><U20/><E129/><V127/><F133/><W1/><G130/><T117/><D74/><U86/><E103/><V83/><F116/><W123/><G123/><T68/><D109/><U82/><E3/><V70/><F122/><W28/><G125/><T61/><D88/><U16/><E126/><V4/><F127/><W60/><G102/><T45/><D117/><U80/><E62/><V40/><F70/><W75/><G33/><T92/><D135/><U73/><E14/><N who="2" m="5447" /><F104/><W84/><G75/><T39/><D45/><U78/><REACH who="1" step="1"/><E47/><REACH who="1" ten="351,279,165,195" step="2"/><V51/><F38/><W97/><G1/><T105/><D12/><U96/><E96/><V90/><F31/><W36/><G36/><T15/><D15/><U67/><E67/><N who="3" m="25610" /><G97/><T107/><D63/><U131/><E131/><V124/><F124/><W56/><G29/><T2/><D71/><U41/><AGARI ba="0,1" hai="8,13,16,20,22,41,46,50,73,78,79,80,82,86" machi="41" ten="20,5200,0" yaku="1,1,0,1,7,1,54,1,53,0" doraHai="35" doraHaiUra="24" who="1" fromWho="1" sc="351,-13,279,62,165,-13,195,-26" owari="338,13.8,341,44.1,152,-34.8,169,-23.1" /></mjloggm>