<mjloggm ver="2.3"><GO type="225" lobby="0"/><UN n0="%E7%99%BD%E5%80%89%E5%AF%9B%E4%B9%8B" n1="%E3%82%8F%E3%81%8B%E3%81%B0%2A%E3%82%AC%E3%83%BC%E3%83%AB" n2="%E3%81%BF%E3%81%BF%E3%81%9A" n3="%53%61%63%68%69%30%34" dan="16,17,17,16" rate="2138.08,2223.57,2256.50,2078.69" sx="M,M,M,M"/><TAIKYOKU oya="0"/><INIT seed="0,0,0,2,3,72" ten="250,250,250,250" oya="0" hai0="38,127,59,134,104,5,115,60,44,116,33,50,78" hai1="48,109,47,58,133,23,39,27,63,80,99,129,64" hai2="113,105,11,7,110,65,81,131,135,108,128,42,41" hai3="1,26,49,20,77,6,74,112,123,132,98,56,16"/><T34/><D104/><U83/><E129/><N who="2" m="49739" /><F105/><W126/><G112/><T103/><D103/><U114/><E109/><N who="2" m="42091" /><F113/><W118/><G118/><T124/><D38/><U14/><E114/><V25/><F135/><W57/><G132/><T52/><D115/><U18/><E39/><V122/><F122/><W35/><G35/><T51/><D116/><U32/><E133/><V2/><F65/><W15/><G1/><T90/><D134/><U111/><E111/><V0/><F0/><W96/><G126/><N who="0" m="48171" /><D5/><U70/><E70/><V12/><F2/><W53/><G123/><T9/><D9/><U88/><E32/><N who="0" m="12393" /><D90/><U10/><E88/><V92/><F92/><W31/><G31/><T94/><D94/><U95/><E95/><V67/><F25/><W107/><G107/><T17/><D17/><U4/><REACH who="1" step="1"/><E99/><REACH who="1" ten="250,240,250,250" step="2"/><V21/><F81/><W3/><G98/><T30/><D30/><U40/><AGARI ba="0,1" hai="4,10,14,18,23,27,40,47,48,58,63,64,80,83" machi="40" ten="20,8000,1" yaku="1,1,2,1,0,1,7,1,8,1,53,0" doraHai="72" doraHaiUra="75" who="1" fromWho="1" sc="250,-40,240,90,250,-20,250,-20" /><INIT seed="1,0,0,5,1,94" ten="210,330,230,230" oya="1" hai0="123,126,134,33,120,101,13,86,29,84,63,78,51" hai1="80,131,118,104,17,110,27,115,49,18,11,91,35" hai2="103,39,81,97,108,8,19,34,107,61,57,12,135" hai3="40,133,102,113,37,38,1,129,15,74,76,87,114"/><U58/><E118/><V65/><F108/><W0/><G87/><T106/><D29/><U92/><E115/><V56/><F135/><W6/><G133/><T23/><D33/><U47/><E104/><V111/><F111/><W96/><G15/><T32/><D32/><U124/><E110/><V30/><F39/><N who="3" m="14859" /><G40/><T64/><D134/><U69/><E69/><V22/><F81/><N who="3" m="45207" /><G129/><T82/><D126/><U31/><E80/><V7/><F34/><W100/><G100/><T71/><D51/><U26/><E124/><V14/><REACH who="2" step="1"/><F30/><REACH who="2" ten="210,330,220,230" step="2"/><W2/><G6/><T50/><D123/><U70/><E35/><V98/><F98/><W59/><G59/><AGARI ba="0,1" hai="7,8,12,14,19,22,56,57,59,61,65,97,103,107" machi="59" ten="30,7700,0" yaku="1,1,7,1,52,1,53,1" doraHai="94" doraHaiUra="3" who="2" fromWho="3" sc="210,0,330,0,220,87,230,-77" /><INIT seed="2,0,0,1,4,20" ten="210,330,307,153" oya="2" hai0="13,105,117,7,35,120,51,132,53,71,74,15,119" hai1="99,111,50,86,38,68,61,14,128,103,62,87,31" hai2="66,60,18,21,41,42,84,112,48,6,104,130,23" hai3="58,125,16,92,116,81,70,107,56,54,134,129,89"/><V97/><F112/><W108/><G70/><T8/><D74/><U22/><E38/><V1/><F130/><W88/><G116/><N who="0" m="44619" /><D105/><U0/><E0/><V85/><F1/><W124/><G107/><T55/><D71/><U3/><E3/><V101/><F6/><W98/><G129/><T82/><D120/><U65/><E128/><V24/><F23/><W5/><G5/><T109/><D109/><U39/><E39/><V127/><F127/><N who="3" m="48715" /><G108/><T4/><D132/><U37/><E37/><V121/><F121/><W135/><G54/><T115/><D35/><U12/><E50/><V78/><F48/><W96/><G96/><T2/><D115/><U75/><E75/><V30/><F18/><W43/><G43/><T32/><D32/><U28/><E62/><V79/><F85/><N who="3" m="50223" /><G16/><T57/><D7/><U126/><E126/><V52/><F52/><W10/><G10/><T95/><D55/><U133/><E133/><AGARI ba="0,0" hai="56,58,89,92,98,133,134,135" m="50223,48715" machi="133" ten="30,3900,0" yaku="20,1,18,1,54,1" doraHai="20" who="3" fromWho="1" sc="210,0,330,-39,307,0,153,39" /><INIT seed="3,0,0,0,3,51" ten="210,291,307,192" oya="3" hai0="90,81,3,89,102,135,117,75,85,126,60,54,68" hai1="49,73,28,55,10,101,72,130,11,115,5,58,43" hai2="111,38,128,39,69,20,76,112,15,107,26,91,47" hai3="82,36,22,53,32,103,63,110,95,86,127,124,105"/><W59/><G32/><T31/><D3/><U120/><E115/><V2/><F2/><W87/><G105/><T44/><D117/><U94/><E120/><V56/><F112/><W116/><G116/><T0/><D0/><U27/><E130/><V65/><F107/><W41/><G110/><T134/><D126/><U92/><E43/><V122/><F122/><W71/><G71/><T66/><D102/><U131/><E131/><V50/><F76/><W84/><G82/><T4/><D4/><U70/><E70/><V25/><F128/><W64/><G64/><T40/><D75/><U23/><E11/><V97/><F69/><W67/><G67/><T106/><D106/><U37/><E37/><V99/><F38/><W129/><G129/><T30/><D89/><U17/><E28/><V123/><F39/><W77/><G22/><T80/><D80/><U83/><E101/><V78/><F78/><W18/><G18/><T24/><D54/><U133/><E133/><N who="0" m="50697" /><D24/><N who="2" m="9322" /><F91/><W79/><G77/><T88/><D90/><U100/><E83/><V98/><F111/><W125/><G79/><T45/><D40/><U119/><E119/><V104/><F104/><W57/><G57/><T29/><AGARI ba="0,0" hai="29,30,31,44,45,60,66,68,81,85,88" m="50697" machi="29" ten="30,2000,0" yaku="20,1,54,1" doraHai="51" who="0" fromWho="0" sc="210,20,291,-5,307,-5,192,-10" owari="230,-17.0,286,8.6,302,40.2,182,-31.8" /></mjloggm>