<mjloggm ver="2.3"><GO type="225" lobby="0"/><UN n0="%E3%81%AF%E3%82%88%E3%81%8A%E3%81%98%E3%81%95%E3%82%93" n1="%E6%98%93%E5%88%A9%E8%96%A9%E4%BC%AF" n2="%E7%89%B9%E6%9D%B1%E3%81%AF%E4%B8%96%E7%95%8C%E3%82%92%E6%95%91%E3%81%86" n3="%E3%81%90%E3%81%A1%E3%82%84%E3%81%BE" dan="17,17,16,16" rate="2133.34,2130.54,2223.44,2148.02" sx="M,F,M,M"/><TAIKYOKU oya="0"/><INIT seed="0,0,0,1,3,114" ten="250,250,250,250" oya="0" hai0="130,116,43,22,83,63,135,118,77,14,102,6,11" hai1="120,92,84,13,117,39,30,27,37,45,8,67,40" hai2="98,125,71,46,52,115,60,33,5,104,55,128,95" hai3="1,88,109,48,36,108,85,42,21,110,121,74,3"/><T112/><D112/><U25/><E120/><V131/><F115/><W127/><G74/><T51/><D130/><N who="2" m="49706" /><F33/><W23/><G36/><T111/><D135/><U69/><E39/><V106/><F5/><W113/><G113/><T89/><D111/><U94/><E117/><V0/><F0/><N who="3" m="75" /><G127/><T103/><D89/><U91/><E69/><V35/><F35/><W12/><G12/><T59/><D22/><U133/><E67/><N who="2" m="41447" /><F125/><W61/><G121/><T44/><D102/><U53/><E53/><N who="2" m="20555" /><F46/><N who="3" m="25687" /><G61/><T32/><D103/><AGARI ba="0,0" hai="95,98,103,104,106" m="20555,41447,49706" machi="103" ten="30,2000,0" yaku="19,1,54,1" doraHai="114" who="2" fromWho="0" sc="250,-20,250,0,250,20,250,0" /><INIT seed="1,0,0,3,1,7" ten="230,250,270,250" oya="1" hai0="62,41,126,86,116,31,91,26,61,3,69,56,111" hai1="71,94,129,46,102,78,85,5,97,6,79,124,77" hai2="30,134,128,15,21,55,108,119,83,90,99,38,93" hai3="23,17,65,22,13,110,37,68,19,53,2,59,14"/><U44/><E71/><V40/><F119/><W57/><G2/><T96/><D116/><U28/><E129/><V70/><F70/><W114/><G114/><T127/><D3/><U76/><E124/><N who="0" m="47657" /><D69/><U42/><E28/><V1/><F1/><W109/><G37/><T20/><D111/><U64/><E64/><V29/><F108/><N who="3" m="41579" /><G53/><T43/><D96/><U89/><N who="1" m="19456" /><DORA hai="35" /><U24/><E24/><V74/><F74/><W51/><G51/><T50/><D50/><U106/><REACH who="1" step="1"/><E46/><REACH who="1" ten="230,240,270,250" step="2"/><V130/><F29/><W73/><G73/><T8/><D56/><U36/><AGARI ba="0,1" hai="5,6,36,42,44,85,89,94,97,102,106" m="19456" machi="36" ten="40,12000,1" yaku="1,1,2,1,0,1,53,1" doraHai="7,35" doraHaiUra="92,133" who="1" fromWho="1" sc="230,-40,240,130,270,-40,250,-40" /><INIT seed="1,1,0,0,0,62" ten="190,370,230,210" oya="1" hai0="56,0,34,64,92,72,54,36,23,131,11,31,96" hai1="24,71,125,65,112,52,29,27,30,101,103,133,38" hai2="8,57,134,126,32,48,80,25,94,123,35,100,41" hai3="18,135,42,109,108,13,26,40,45,75,76,28,17"/><U128/><E112/><V22/><F123/><W124/><G124/><T77/><D34/><U120/><E120/><V73/><F126/><W107/><G107/><T106/><D36/><U39/><E125/><V90/><F134/><W99/><G135/><T16/><D106/><U130/><E71/><V69/><F69/><W21/><G99/><T2/><D131/><U129/><E133/><V20/><F100/><N who="1" m="38473" /><E52/><V47/><F8/><W82/><G18/><T115/><D115/><U66/><E38/><V88/><F57/><W58/><G58/><T91/><D64/><N who="1" m="24683" /><E39/><V111/><F111/><N who="3" m="42571" /><G45/><T118/><D118/><U70/><E70/><V68/><F68/><W79/><G79/><T119/><D119/><U122/><E122/><V3/><F3/><W33/><AGARI ba="1,0" hai="13,17,21,26,28,33,40,42,75,76,82" m="42571" machi="33" ten="30,1100,0" yaku="14,1" doraHai="62" who="3" fromWho="3" sc="190,-4,370,-6,230,-4,210,14" /><INIT seed="2,0,0,4,2,65" ten="186,364,226,224" oya="2" hai0="5,70,63,88,120,130,20,89,53,61,45,91,68" hai1="16,3,104,107,47,92,50,30,119,96,79,97,83" hai2="0,13,2,6,10,46,40,36,75,28,124,114,1" hai3="118,18,11,43,131,95,85,78,123,74,69,29,103"/><V19/><F114/><W67/><G118/><T90/><D120/><U56/><E3/><V87/><F124/><W37/><G123/><T106/><D130/><U94/><E30/><V38/><F38/><W116/><G116/><T98/><D5/><U55/><E119/><V32/><F75/><W58/><G74/><T102/><N who="0" m="22528" /><DORA hai="109" /><T112/><D112/><U4/><E4/><V128/><F87/><W34/><G69/><T57/><D63/><U105/><E16/><V82/><F82/><W71/><G71/><T51/><REACH who="0" step="1"/><D20/><REACH who="0" ten="176,364,226,224" step="2"/><U33/><E33/><V25/><REACH who="2" step="1"/><F128/><REACH who="2" ten="176,364,216,224" step="2"/><W66/><G131/><T26/><D26/><U72/><E83/><V101/><F101/><W117/><G103/><T127/><D127/><U17/><E79/><V9/><AGARI ba="0,2" hai="0,1,2,6,9,10,13,19,25,28,32,36,40,46" machi="9" ten="20,7800,0" yaku="1,1,0,1,7,1,53,1" doraHai="65,109" doraHaiUra="125,12" who="2" fromWho="2" sc="176,-26,364,-26,216,98,224,-26" /><INIT seed="2,1,0,4,4,35" ten="150,338,314,198" oya="2" hai0="64,56,135,91,78,74,132,125,55,58,5,31,11" hai1="66,105,48,113,21,50,24,28,49,126,104,128,23" hai2="2,81,33,106,82,100,98,68,114,36,72,51,60" hai3="25,3,87,117,43,80,111,92,103,70,12,107,79"/><V108/><F114/><W59/><G70/><T16/><D125/><U123/><E113/><V116/><F116/><W121/><G117/><T9/><D31/><U30/><E126/><V65/><F36/><W4/><G121/><T101/><D101/><U120/><E66/><V130/><F130/><W19/><G107/><N who="1" m="41034" /><E128/><V47/><F2/><W99/><G111/><T67/><D91/><U124/><E124/><V27/><F72/><W17/><G43/><T40/><D40/><U89/><E89/><V46/><F108/><W1/><G4/><T52/><D74/><U110/><E110/><V75/><F75/><W29/><G59/><T34/><D34/><U94/><E94/><V44/><REACH who="2" step="1"/><F51/><REACH who="2" ten="150,338,304,198" step="2"/><W134/><G134/><T22/><D132/><U18/><E49/><V41/><F41/><W93/><G1/><T10/><D135/><U88/><E48/><V26/><F26/><W54/><G3/><T45/><D5/><U73/><E50/><V131/><F131/><W133/><G133/><T127/><D127/><U109/><E73/><V118/><F118/><W13/><G25/><N who="0" m="14535" /><D45/><U86/><E109/><V37/><F37/><W62/><G12/><T15/><D15/><N who="1" m="9439" /><E123/><V115/><F115/><W84/><G13/><T83/><D58/><U53/><E120/><V61/><F61/><W77/><G62/><T97/><D56/><U112/><E112/><V85/><F85/><W7/><G84/><N who="0" m="48247" /><D97/><U6/><E86/><V63/><F63/><W57/><G57/><T0/><D0/><U20/><E24/><V71/><F71/><W42/><G42/><T96/><D96/><RYUUKYOKU ba="1,1" sc="150,15,338,-15,304,15,198,-15" hai0="9,10,11,52,55,64,67" hai2="27,33,44,46,47,60,65,68,81,82,98,100,106" /><INIT seed="2,2,1,3,1,26" ten="165,323,319,183" oya="2" hai0="120,109,53,87,15,39,21,85,36,95,13,17,3" hai1="81,116,31,19,12,40,67,106,59,71,126,11,115" hai2="49,133,33,72,76,134,77,68,18,105,65,101,34" hai3="16,79,104,103,73,30,38,58,66,50,117,92,90"/><V78/><F72/><W102/><G38/><T89/><D120/><U46/><E115/><V23/><F49/><W70/><G117/><T1/><D109/><U96/><E126/><V111/><F111/><W127/><G104/><T44/><D39/><U29/><E71/><V99/><F65/><W47/><G127/><T51/><D36/><U6/><E116/><V48/><F48/><W100/><G70/><T22/><D87/><U119/><E119/><V42/><F42/><W24/><G79/><T93/><D95/><U32/><E32/><V94/><F105/><W56/><G73/><T69/><D69/><U75/><E19/><AGARI ba="2,1" hai="1,3,13,15,17,19,21,22,44,51,53,85,89,93" machi="19" ten="40,1300,0" yaku="9,1" doraHai="26" who="0" fromWho="1" sc="165,29,323,-19,319,0,183,0" /><INIT seed="3,0,0,5,1,127" ten="194,304,319,183" oya="3" hai0="85,129,86,12,11,36,42,56,83,125,118,68,9" hai1="65,112,63,51,109,41,17,132,120,122,133,82,34" hai2="88,64,131,23,62,48,90,10,57,52,3,121,43" hai3="79,81,93,44,91,38,20,22,130,55,134,77,124"/><W66/><G124/><T28/><D68/><U126/><E34/><V25/><F131/><W19/><G134/><N who="1" m="51818" /><E126/><V40/><F121/><N who="1" m="46697" /><E82/><V76/><F76/><W78/><G130/><T111/><D125/><U114/><E17/><N who="2" m="12527" /><F3/><W96/><G66/><T113/><D129/><U101/><E101/><V80/><F10/><W119/><G119/><T26/><D9/><U115/><E109/><V54/><F64/><W31/><G31/><T72/><D83/><U27/><E27/><V1/><F1/><W13/><G38/><T105/><D36/><U53/><E41/><N who="2" m="15947" /><F80/><W24/><G81/><T49/><D111/><U69/><E115/><V94/><F94/><W73/><G73/><T15/><D72/><U21/><E21/><V123/><F123/><W108/><G108/><T95/><D95/><U116/><E116/><V35/><F35/><W50/><REACH who="3" step="1"/><G77/><REACH who="3" ten="194,304,319,173" step="2"/><T84/><D118/><U98/><E114/><V104/><F104/><W29/><AGARI ba="0,1" hai="13,19,20,22,24,29,44,50,55,78,79,91,93,96" machi="29" ten="20,12000,1" yaku="1,1,2,1,0,1,7,1,8,1,53,0" doraHai="127" doraHaiUra="110" who="3" fromWho="3" sc="194,-40,304,-40,319,-40,173,130" owari="154,-34.6,264,-13.6,279,7.9,303,40.3" /></mjloggm>