<mjloggm ver="2.3"><GO type="225" lobby="0"/><UN n0="%E3%82%AF%E3%82%A3%E3%82%A6" n1="%E6%98%93%E5%88%A9%E8%96%A9%E4%BC%AF" n2="%E3%81%90%E3%81%A1%E3%82%84%E3%81%BE" n3="%74%61%6B%65%2D%79%6F%75" dan="16,17,16,16" rate="2066.69,2209.70,2152.90,2120.36" sx="M,F,M,M"/><TAIKYOKU oya="0"/><INIT seed="0,0,0,1,1,85" ten="250,250,250,250" oya="0" hai0="100,128,89,70,79,67,97,13,6,135,47,24,48" hai1="30,5,22,10,27,122,78,43,14,124,133,29,7" hai2="123,37,68,83,3,12,114,18,88,20,17,130,84" hai3="58,95,121,49,32,131,76,103,75,117,92,126,105"/><T53/><D128/><U71/><E71/><V118/><F123/><W31/><G117/><T110/><D135/><U28/><E78/><V69/><F114/><W59/><G131/><T0/><D0/><U63/><E43/><V77/><F130/><W90/><G121/><T36/><D79/><U21/><E122/><V16/><F118/><W38/><G38/><T91/><D110/><U65/><E124/><V23/><F3/><W66/><G126/><T74/><D74/><U8/><E133/><V120/><F120/><W44/><G32/><T26/><D36/><U108/><E108/><V11/><F37/><W19/><G31/><N who="1" m="11850" /><E63/><V55/><F55/><W1/><G1/><T41/><D67/><U109/><E65/><V57/><F57/><W129/><G58/><T64/><D64/><U2/><E109/><V51/><F51/><W107/><G49/><N who="0" m="26863" /><D70/><U25/><E25/><N who="0" m="9833" /><D100/><U119/><E119/><V98/><F69/><W82/><G103/><T52/><D97/><U15/><E2/><V112/><F68/><W50/><G76/><T45/><D53/><U127/><E127/><V86/><F98/><W40/><G66/><T115/><D115/><U42/><E42/><V35/><F35/><AGARI ba="0,0" hai="5,7,8,10,14,15,21,22,27,30,35" m="11850" machi="35" ten="30,8000,1" yaku="35,5" doraHai="85" who="1" fromWho="2" sc="250,0,250,80,250,-80,250,0" /><INIT seed="1,0,0,2,4,38" ten="250,330,170,250" oya="1" hai0="121,127,87,6,79,69,45,73,51,62,39,120,24" hai1="2,110,105,118,29,77,53,122,82,81,48,36,103" hai2="5,68,58,95,111,64,10,54,28,74,22,132,66" hai3="89,71,35,34,72,12,9,112,60,44,15,20,131"/><U128/><E118/><V90/><F74/><W23/><G112/><T92/><D127/><U86/><E122/><V126/><F126/><W80/><G131/><T42/><D6/><U85/><E2/><V134/><F22/><W135/><G135/><N who="2" m="51753" /><F28/><W13/><G9/><T43/><D24/><U4/><E36/><V130/><F130/><W3/><G3/><T97/><D73/><U8/><E110/><V91/><F111/><W56/><G71/><T70/><D79/><U125/><E125/><V113/><F113/><W133/><G133/><T108/><D87/><U1/><E29/><V59/><F68/><W0/><G0/><T33/><D33/><U11/><E11/><V109/><F109/><W106/><G20/><T107/><D107/><U46/><E128/><V18/><F18/><W67/><G23/><T17/><D17/><U129/><E129/><V52/><F10/><W50/><G106/><T76/><D76/><U102/><REACH who="1" step="1"/><E105/><REACH who="1" ten="250,320,170,250" step="2"/><V99/><F5/><W98/><G34/><T49/><D108/><U47/><E47/><V123/><F123/><N who="0" m="47178" /><D39/><U21/><E21/><V104/><F104/><W84/><G35/><T27/><D27/><U83/><E83/><V63/><F91/><AGARI ba="0,1" hai="1,4,8,46,48,53,77,81,82,85,86,91,102,103" machi="91" ten="30,2900,0" yaku="1,1,7,1,53,0" doraHai="38" doraHaiUra="19" who="1" fromWho="2" sc="250,0,320,39,170,-29,250,0" /><INIT seed="1,1,0,0,5,64" ten="250,359,141,250" oya="1" hai0="51,66,65,18,59,48,26,6,129,105,109,53,101" hai1="62,4,103,121,102,32,29,23,72,11,14,79,123" hai2="99,92,89,46,125,106,124,3,93,2,49,128,15" hai3="88,8,74,22,31,135,28,9,116,33,13,82,107"/><U83/><E32/><V122/><F122/><W133/><G116/><T112/><D112/><U117/><E117/><V55/><F128/><W75/><G107/><T132/><D109/><U118/><E118/><V134/><F134/><N who="3" m="51211" /><G33/><T19/><D132/><U37/><E37/><V127/><F106/><W35/><G35/><T97/><D129/><U85/><E72/><N who="3" m="27690" /><G22/><T45/><D6/><U80/><E80/><V10/><REACH who="2" step="1"/><F93/><REACH who="2" ten="250,359,131,250" step="2"/><W7/><G9/><T131/><D131/><U60/><E121/><V41/><F41/><W43/><G43/><N who="0" m="24639" /><D105/><U1/><E123/><V95/><F95/><W20/><G20/><T47/><D101/><U16/><E102/><V52/><F52/><W98/><G82/><T77/><D53/><U110/><E103/><V113/><F113/><W104/><G104/><T38/><D66/><U87/><E23/><V40/><F40/><W25/><G25/><T73/><D26/><U81/><E11/><V126/><N who="2" m="31744" /><DORA hai="120" /><V12/><F12/><W78/><G13/><T57/><D65/><U70/><E14/><V96/><F96/><W108/><G98/><T130/><D97/><U17/><E83/><V0/><F0/><W21/><G8/><T56/><D130/><U94/><E81/><V69/><F69/><W119/><G21/><T68/><D68/><U84/><E70/><V86/><F86/><W44/><G119/><T114/><D114/><U71/><E94/><V58/><F58/><N who="0" m="14850" /><T27/><DORA hai="39" /><D27/><U5/><E1/><V50/><F50/><W54/><G54/><N who="0" m="30079" /><D38/><U30/><E85/><V115/><F115/><W67/><G67/><RYUUKYOKU ba="1,1" sc="250,15,359,-15,131,15,250,-15" hai0="18,19,73,77" hai2="2,3,10,15,46,49,55,89,92,99" /><INIT seed="2,2,1,0,0,10" ten="265,344,146,235" oya="2" hai0="72,61,56,23,130,1,124,38,44,19,45,55,95" hai1="106,90,135,86,93,107,80,6,85,3,40,18,91" hai2="102,113,112,13,22,39,25,127,74,100,34,134,24" hai3="32,48,133,116,126,49,99,37,97,8,73,50,132"/><V96/><F74/><W131/><G116/><T14/><D1/><U54/><E40/><V98/><F39/><W104/><G131/><T76/><D124/><U20/><E135/><N who="3" m="51786" /><G126/><T129/><D95/><U36/><E36/><V109/><F134/><W92/><G37/><T105/><D105/><U15/><E54/><V4/><F127/><W67/><G73/><T65/><D38/><U101/><E101/><V0/><F0/><W52/><G32/><T68/><D76/><U88/><E90/><V75/><F75/><W47/><G67/><T11/><D72/><U89/><E91/><V70/><F70/><W125/><G125/><T78/><D78/><U21/><E21/><V30/><F109/><W69/><G69/><T31/><D31/><U41/><E41/><V5/><F5/><W84/><G84/><T26/><D26/><U27/><E3/><V117/><F117/><W29/><G29/><T111/><D23/><U59/><E59/><V128/><F128/><N who="0" m="49258" /><D111/><U82/><E93/><V9/><F24/><W87/><G104/><T62/><AGARI ba="2,1" hai="11,14,19,44,45,55,56,61,62,65,68" m="49258" machi="62" ten="30,2000,0" yaku="19,1,52,1" doraHai="10" who="0" fromWho="0" sc="265,36,344,-7,146,-12,235,-7" /><INIT seed="3,0,0,2,4,131" ten="301,337,134,228" oya="3" hai0="114,133,41,35,60,22,18,126,0,71,103,66,64" hai1="25,19,108,37,99,132,94,12,50,24,116,51,82" hai2="7,124,48,79,10,42,75,52,125,62,53,56,26" hai3="91,23,68,3,117,15,2,31,33,55,123,106,90"/><W96/><G117/><T87/><D35/><U6/><E132/><V9/><F42/><W107/><G123/><T36/><D126/><U80/><E37/><V1/><F26/><N who="1" m="10345" /><E6/><V69/><F10/><W21/><G68/><T40/><D133/><U77/><E108/><V88/><F79/><W47/><G33/><T17/><D0/><U95/><E95/><V46/><F75/><W84/><G31/><T135/><D135/><U34/><E34/><V44/><F69/><W70/><G70/><T61/><D114/><U74/><E74/><V97/><REACH who="2" step="1"/><F46/><REACH who="2" ten="301,337,124,228" step="2"/><W59/><G47/><T89/><D36/><U43/><E77/><V65/><F65/><W78/><G78/><T86/><D71/><U134/><E43/><V13/><F13/><W4/><G15/><T120/><D41/><U45/><E45/><V109/><F109/><W28/><G3/><T16/><D40/><U81/><E12/><V27/><F27/><W58/><G2/><T83/><D64/><U122/><E134/><V129/><F129/><W115/><G115/><T105/><D66/><U20/><E20/><V101/><F101/><W92/><G21/><T67/><D67/><U85/><E19/><V54/><F54/><W112/><G55/><T102/><D22/><U128/><E128/><V39/><F39/><W113/><G23/><T5/><D103/><U38/><E38/><V30/><F30/><W100/><G28/><T76/><D5/><U14/><E14/><V63/><F63/><N who="0" m="24138" /><D120/><U11/><E122/><V111/><F111/><W93/><G112/><T121/><D121/><U127/><E11/><RYUUKYOKU ba="0,1" sc="301,-10,337,-10,124,30,228,-10" hai2="1,7,9,44,48,52,53,56,62,88,97,124,125" owari="291,9.1,337,43.7,154,-34.6,218,-18.2" /></mjloggm>