<mjloggm ver="2.3"><GO type="225" lobby="0"/><UN n0="%E7%99%BD%E5%80%89%E5%AF%9B%E4%B9%8B" n1="%E3%83%A9%E3%83%BC%E3%83%A1%E3%83%B3%E4%BA%94%E9%83%8E" n2="%E3%83%96%E3%83%83%E3%83%91%E3%82%AA%E3%83%96%E3%83%81%E3%82%AD%E3%83%B3" n3="%33%74%72%65%65" dan="16,16,16,17" rate="2122.29,2107.62,2124.12,2233.76" sx="M,M,M,F"/><TAIKYOKU oya="0"/><INIT seed="0,0,0,3,2,1" ten="250,250,250,250" oya="0" hai0="65,123,56,45,64,101,113,73,55,79,66,52,88" hai1="28,62,104,51,125,97,77,126,96,8,26,122,115" hai2="33,93,134,38,95,85,107,15,72,75,69,35,7" hai3="46,41,31,94,42,47,43,74,109,120,34,78,108"/><T81/><D113/><U111/><E122/><V25/><F38/><W40/><N who="3" m="10240" /><DORA hai="22" /><W24/><G120/><T80/><D123/><U6/><E115/><V49/><F107/><W53/><G94/><T135/><D135/><U130/><E111/><N who="3" m="42570" /><G53/><T124/><D124/><N who="1" m="47723" /><E130/><V11/><F134/><W118/><G118/><T67/><D101/><U103/><E77/><V2/><F69/><W13/><G13/><T129/><D129/><U17/><E17/><V112/><F112/><W110/><N who="3" m="42578" /><W10/><DORA hai="89" /><G10/><T39/><D39/><U3/><E104/><V37/><F37/><W91/><G91/><T16/><D45/><U63/><E103/><V54/><F15/><W58/><G58/><T90/><D16/><U106/><E106/><V0/><F54/><W132/><G132/><T27/><D27/><U19/><E19/><V32/><F25/><W30/><G30/><T71/><D71/><U82/><E28/><V127/><F127/><W84/><G74/><T70/><D70/><U68/><E68/><V133/><F75/><W87/><G78/><T121/><D121/><U20/><E8/><V100/><F72/><W59/><G59/><T9/><D9/><U105/><E105/><V86/><F11/><W99/><G47/><T119/><D119/><U23/><E3/><V14/><F2/><W50/><G46/><T18/><D18/><U5/><E5/><V61/><F7/><W117/><G117/><T76/><N who="0" m="16384" /><DORA hai="21" /><T98/><D56/><U60/><E6/><V131/><F0/><W92/><G50/><T116/><D116/><U102/><E102/><RYUUKYOKU ba="0,0" sc="250,-10,250,-10,250,-10,250,30" hai3="24,31,34,84,87,92,99" /><INIT seed="1,1,0,2,2,66" ten="240,240,240,280" oya="1" hai0="23,120,28,46,76,21,101,42,71,54,103,88,113" hai1="27,106,84,36,38,115,49,89,118,10,125,90,11" hai2="100,41,7,69,131,122,13,83,17,79,29,96,64" hai3="116,78,14,15,9,40,4,133,112,2,117,134,47"/><U8/><E115/><V24/><F122/><W70/><G78/><T44/><D71/><U62/><E118/><N who="3" m="45674" /><G70/><T121/><D76/><U61/><E106/><V48/><F131/><W135/><G112/><T98/><D113/><U86/><E125/><V75/><F7/><W130/><G130/><T73/><D54/><U68/><E49/><AGARI ba="1,0" hai="2,4,9,14,15,40,47,49,133,134,135" m="45674" machi="49" ten="40,2600,0" yaku="20,1,12,1" doraHai="66" who="3" fromWho="1" sc="240,0,240,-29,240,0,280,29" /><INIT seed="2,0,0,5,4,8" ten="240,211,240,309" oya="2" hai0="30,38,66,54,116,91,0,31,127,79,2,28,113" hai1="69,92,24,114,21,55,70,34,80,48,133,27,49" hai2="129,135,132,12,105,134,94,115,106,58,74,16,67" hai3="97,82,32,95,130,83,7,4,120,77,98,60,121"/><V52/><F115/><W118/><G60/><T17/><D38/><U46/><E133/><V36/><F129/><W47/><G47/><T64/><D113/><U76/><E114/><V61/><F74/><W112/><G112/><T33/><D33/><U86/><E92/><V71/><F94/><W41/><G95/><T131/><D131/><U68/><E34/><V57/><F36/><W20/><G32/><T19/><D91/><U124/><E124/><V15/><F71/><W53/><G130/><T110/><D54/><U104/><E104/><N who="2" m="40043" /><F16/><N who="0" m="6218" /><D79/><U72/><E21/><V125/><F125/><W108/><G20/><T23/><D23/><U40/><REACH who="1" step="1"/><E72/><REACH who="1" ten="240,201,240,309" step="2"/><V62/><AGARI ba="0,1" hai="12,15,52,57,58,61,62,67,132,134,135" m="40043" machi="62" ten="40,12000,1" yaku="20,1,52,2,54,1" doraHai="8" who="2" fromWho="2" sc="240,-40,201,-40,240,130,309,-40" /><INIT seed="2,1,0,4,5,16" ten="200,161,370,269" oya="2" hai0="123,58,63,107,112,31,24,59,73,89,78,126,62" hai1="70,10,96,72,46,35,7,83,60,120,125,135,57" hai2="21,111,115,28,2,66,30,41,8,9,13,52,113" hai3="97,50,95,54,90,32,42,130,15,33,116,0,92"/><V29/><F66/><W117/><G0/><T122/><D107/><U38/><E125/><V53/><F41/><W11/><G130/><T25/><D126/><U124/><E124/><V56/><F111/><W121/><G121/><T88/><D78/><U22/><E120/><V132/><F132/><W114/><G114/><N who="2" m="43529" /><F52/><W43/><G43/><T103/><D112/><U45/><E135/><V6/><F53/><W119/><G92/><T134/><D103/><U110/><E110/><V81/><F56/><W37/><G37/><T105/><D105/><U94/><E70/><V79/><F81/><W65/><G65/><T102/><D102/><U84/><E38/><V5/><F79/><W47/><REACH who="3" step="1"/><G42/><REACH who="3" ten="200,161,370,259" step="2"/><T71/><D134/><U36/><E36/><V55/><F55/><W91/><G91/><T108/><D108/><U3/><E94/><V118/><F118/><W86/><G86/><T17/><D123/><U64/><E72/><V14/><F2/><W1/><G1/><T67/><D122/><U19/><E96/><V75/><F75/><W101/><G101/><T127/><D73/><U85/><E85/><V80/><F80/><W23/><G23/><AGARI ba="1,1" hai="5,6,8,9,13,14,21,23,28,29,30" m="43529" machi="23" ten="30,11600,0" yaku="34,2,52,2" doraHai="16" who="2" fromWho="3" sc="200,0,161,0,370,129,259,-119" /><INIT seed="2,2,0,2,3,81" ten="200,161,499,140" oya="2" hai0="18,47,10,100,49,109,4,85,77,98,72,7,48" hai1="88,24,71,76,94,90,50,33,13,92,54,9,39" hai2="40,60,52,89,86,91,44,29,121,55,15,112,133" hai3="3,114,78,64,69,107,93,19,20,43,79,53,51"/><V67/><F112/><W22/><G107/><T96/><D72/><U97/><E71/><V59/><F121/><W57/><G3/><T42/><D109/><U95/><E39/><V118/><F118/><W108/><G108/><T23/><D49/><U127/><E127/><V70/><F133/><W36/><G114/><T45/><D45/><U110/><E110/><V2/><F2/><W84/><G36/><T17/><D17/><U103/><E76/><V105/><F105/><W63/><G43/><T75/><D75/><U131/><E131/><V58/><F29/><W38/><G38/><T28/><D28/><U80/><E24/><V30/><F30/><W16/><G20/><T14/><D100/><U129/><E33/><V27/><F27/><W106/><G106/><T21/><D21/><U115/><E115/><V119/><F70/><W12/><G19/><T66/><D66/><U130/><E130/><V41/><F119/><W65/><G64/><T26/><D4/><N who="1" m="3239" /><E129/><V104/><F104/><W117/><G117/><T128/><D128/><U116/><E116/><V135/><F135/><W125/><G125/><T8/><D10/><U37/><E37/><V124/><F124/><W99/><REACH who="3" step="1"/><G84/><REACH who="3" ten="200,161,499,130" step="2"/><T132/><D132/><U120/><E120/><V126/><F126/><W68/><G68/><T1/><D1/><U56/><E103/><AGARI ba="2,1" hai="12,16,22,51,53,57,63,65,69,78,79,93,99,103" machi="103" ten="30,3900,0" yaku="1,1,7,1,54,1,53,0" doraHai="81" doraHaiUra="122" who="3" fromWho="1" sc="200,0,161,-45,499,0,130,55" /><INIT seed="3,0,0,3,4,95" ten="200,116,499,185" oya="3" hai0="100,29,44,135,87,81,1,37,106,84,92,117,108" hai1="123,13,76,16,129,7,115,112,86,15,120,70,83" hai2="88,67,55,60,34,125,54,98,46,22,23,14,97" hai3="36,126,30,113,32,61,45,41,124,71,53,111,122"/><W5/><G122/><T72/><D1/><U73/><E70/><V43/><F34/><W26/><G113/><T21/><D29/><U62/><E129/><V9/><F125/><W77/><G111/><T6/><D21/><N who="2" m="7690" /><F43/><W134/><G134/><T110/><D6/><U12/><E7/><N who="2" m="3391" /><F88/><W74/><G5/><T17/><D37/><U114/><E123/><V64/><F55/><W105/><G105/><T104/><D106/><U99/><E120/><V63/><F60/><W0/><G0/><T33/><D33/><U2/><E2/><V79/><F79/><W47/><G47/><T49/><D44/><U93/><E73/><V10/><F10/><W52/><G52/><T50/><D104/><U91/><REACH who="1" step="1"/><E62/><REACH who="1" ten="200,106,499,185" step="2"/><V11/><F11/><AGARI ba="0,1" hai="11,12,13,15,16,76,83,86,91,93,99,112,114,115" machi="11" ten="40,8000,1" yaku="1,1,2,1,52,1,54,1,53,1" doraHai="95" doraHaiUra="90" who="1" fromWho="2" sc="200,0,106,90,499,-80,185,0" owari="200,0.0,196,-20.4,419,51.9,185,-31.5" /></mjloggm>