<mjloggm ver="2.3"><GO type="225" lobby="0"/><UN n0="%E5%B0%8F%E9%B3%A5%E9%81%8A%E7%B7%B4%E7%84%A1%32%31%E6%AD%B3" n1="%E3%81%AF%E3%82%88%E3%81%8A%E3%81%98%E3%81%95%E3%82%93" n2="%E3%81%BF%E3%81%BF%E3%81%9A" n3="%33%74%72%65%65" dan="17,16,17,17" rate="2209.10,2198.56,2184.76,2157.13" sx="F,M,M,M"/><TAIKYOKU oya="0"/><INIT seed="0,0,0,4,2,23" ten="250,250,250,250" oya="0" hai0="77,62,56,61,109,106,101,36,133,73,43,76,26" hai1="6,94,39,28,33,104,99,13,79,110,5,103,96" hai2="53,70,124,134,30,34,29,87,90,65,16,9,125" hai3="54,66,12,121,119,2,120,40,128,41,82,15,115"/><T105/><D133/><U59/><E110/><V25/><F134/><W80/><G115/><T63/><D109/><U89/><E39/><V131/><F131/><W10/><G128/><T3/><D3/><U91/><E79/><V114/><F114/><W27/><G119/><T130/><D130/><U1/><E1/><V19/><F53/><W85/><G2/><T127/><D127/><N who="2" m="48714" /><F9/><W45/><G66/><T20/><D73/><U74/><E74/><V84/><F29/><W51/><G15/><T21/><D21/><U86/><E13/><V49/><F49/><W14/><G14/><T95/><D106/><U11/><E11/><V93/><F87/><W111/><G111/><T69/><D105/><U97/><E59/><V44/><F44/><W38/><G38/><T112/><D69/><U35/><E97/><V42/><F42/><W50/><G27/><T81/><D112/><U113/><E113/><V0/><F0/><W18/><G80/><T32/><D32/><U72/><E72/><V75/><F75/><W118/><G118/><T98/><D81/><U116/><E116/><V71/><F65/><W126/><G126/><T100/><D100/><U135/><E135/><V4/><F4/><N who="1" m="1641" /><E28/><V64/><F71/><W107/><G107/><T55/><D36/><U7/><N who="1" m="1649" /><U83/><AGARI ba="0,0" hai="33,35,83,86,89,91,94,96,99,103,104" m="1649" machi="83" ten="30,1100,0" yaku="4,1" doraHai="23" who="1" fromWho="1" sc="250,-5,250,11,250,-3,250,-3" /><INIT seed="1,0,0,5,2,124" ten="245,261,247,247" oya="1" hai0="122,66,32,34,88,55,40,118,4,80,128,61,126" hai1="70,92,11,8,18,107,42,0,64,96,3,77,29" hai2="86,97,16,81,120,91,9,21,71,134,33,74,6" hai3="135,35,25,54,59,130,41,75,125,53,38,87,103"/><U112/><E112/><V123/><F33/><W114/><G75/><T43/><D118/><U132/><E107/><V95/><F71/><W104/><G54/><T37/><D126/><U115/><E115/><V1/><F134/><W23/><G35/><T20/><D4/><U94/><E132/><V127/><F74/><W111/><G125/><T13/><D55/><U12/><E29/><V63/><F63/><W67/><G67/><T108/><D108/><U106/><E42/><V102/><REACH who="2" step="1"/><F127/><REACH who="2" ten="245,261,237,247" step="2"/><W116/><G135/><T27/><D61/><U31/><E70/><V5/><F5/><W56/><G114/><T117/><D34/><U15/><E64/><V68/><F68/><W44/><G116/><T45/><D32/><U46/><E31/><V113/><F113/><W57/><G111/><T7/><D66/><U119/><E119/><V98/><F98/><W28/><G87/><T110/><D117/><U52/><E96/><V62/><F62/><W101/><G130/><T24/><D110/><U93/><E106/><V65/><F65/><W105/><G105/><T30/><D128/><U76/><E0/><V72/><F72/><W2/><G2/><T19/><D7/><N who="1" m="3103" /><E3/><V22/><F22/><W121/><G104/><T26/><D122/><U60/><E60/><V69/><F69/><W50/><REACH who="3" step="1"/><G121/><REACH who="3" ten="245,261,237,237" step="2"/><T82/><D30/><U133/><E133/><V49/><F49/><AGARI ba="0,2" hai="11,15,18,46,49,52,76,77,92,93,94" m="3103" machi="49" ten="30,2900,0" yaku="8,1,54,1" doraHai="124" who="1" fromWho="2" sc="245,0,261,49,237,-29,237,0" /><INIT seed="1,1,0,5,1,103" ten="245,310,208,237" oya="1" hai0="21,108,11,0,48,24,32,23,6,86,121,128,129" hai1="68,109,46,56,19,89,16,36,5,10,105,14,50" hai2="57,2,101,85,37,77,25,27,92,96,13,3,40" hai3="126,30,65,102,112,76,117,119,131,87,100,99,17"/><U135/><E68/><V1/><F57/><W111/><G112/><T44/><D108/><U81/><E109/><V120/><F120/><W130/><G111/><T42/><D121/><U29/><E135/><V71/><F71/><W49/><G30/><T75/><D75/><U118/><E118/><N who="3" m="45066" /><G65/><T72/><D72/><U132/><E132/><V115/><F115/><W63/><G63/><T110/><D110/><U4/><E105/><V104/><F13/><W54/><G17/><T38/><D38/><U94/><E36/><V113/><F113/><W80/><G126/><T59/><D59/><U34/><E56/><V93/><F93/><N who="3" m="58479" /><G102/><T31/><REACH who="0" step="1"/><D86/><REACH who="0" ten="235,310,208,237" step="2"/><U20/><E46/><AGARI ba="1,1" hai="46,49,54,76,80,87,130,131" m="58479,45066" machi="46" ten="30,1000,0" yaku="12,1" doraHai="103" who="3" fromWho="1" sc="235,0,310,-13,208,0,237,23" /><INIT seed="2,0,0,3,4,6" ten="235,297,208,260" oya="2" hai0="70,95,119,68,83,4,2,43,80,99,73,74,12" hai1="1,18,20,118,135,116,108,85,134,39,132,121,44" hai2="84,133,32,127,75,54,76,93,52,67,28,102,61" hai3="50,41,51,120,63,49,62,122,89,81,15,129,36"/><V79/><F75/><W110/><G110/><T111/><D111/><U66/><E108/><V65/><F127/><W23/><G129/><T123/><D123/><U25/><E121/><V91/><F133/><W24/><G122/><T10/><D119/><U17/><E1/><V35/><F35/><W38/><G120/><T30/><D30/><U104/><E104/><V97/><F28/><W42/><G36/><T130/><D130/><U45/><E66/><N who="2" m="25099" /><F32/><W128/><G128/><T72/><D43/><N who="3" m="16393" /><G15/><T22/><D80/><U96/><E39/><V34/><F34/><W64/><G38/><T55/><D83/><U112/><E112/><V7/><F7/><W57/><G63/><T109/><D55/><N who="2" m="21034" /><F61/><W16/><G50/><T53/><D53/><U21/><E96/><V27/><F27/><W101/><G101/><T78/><D109/><U124/><E85/><AGARI ba="0,0" hai="16,23,24,49,51,57,62,64,81,85,89" m="16393" machi="85" ten="30,2000,0" yaku="8,1,54,1" doraHai="6" who="3" fromWho="1" sc="235,0,297,-20,208,0,260,20" /><INIT seed="3,0,0,0,1,59" ten="235,277,208,280" oya="3" hai0="83,15,70,29,100,104,5,98,124,121,52,126,61" hai1="23,33,38,65,73,95,64,87,44,45,54,53,42" hai2="113,71,117,8,128,123,110,62,75,31,91,30,103" hai3="90,72,107,32,92,50,131,74,93,47,106,88,84"/><W79/><G32/><T89/><D121/><U108/><E73/><N who="3" m="28266" /><G50/><T122/><D122/><U66/><E33/><V51/><F113/><W16/><G16/><T57/><D70/><U85/><E108/><V39/><F110/><W60/><G47/><T112/><D29/><U116/><E116/><V4/><F117/><W43/><G60/><T37/><D37/><U18/><E95/><N who="3" m="36426" /><G43/><T94/><D83/><U36/><E85/><V21/><F39/><N who="1" m="14889" /><E87/><V34/><F123/><W24/><G24/><T96/><REACH who="0" step="1"/><D112/><REACH who="0" ten="225,277,208,280" step="2"/><U82/><E82/><V101/><F71/><W46/><G131/><T35/><D35/><U63/><E42/><V105/><F128/><W27/><G27/><T115/><D115/><U26/><E26/><V102/><F34/><W1/><G1/><T86/><D86/><U19/><E23/><V99/><F75/><W132/><G132/><T68/><D68/><U134/><E134/><V114/><F114/><W11/><G11/><AGARI ba="0,1" hai="5,11,15,52,57,61,89,94,96,98,100,104,124,126" machi="11" ten="40,5200,0" yaku="1,1,52,1,54,1,53,0" doraHai="59" doraHaiUra="77" who="0" fromWho="3" sc="225,62,277,0,208,0,280,-52" /><INIT seed="4,0,0,5,4,62" ten="287,277,208,228" oya="0" hai0="48,113,8,19,61,86,30,132,118,12,38,70,67" hai1="89,85,106,80,92,39,66,108,102,22,73,24,117" hai2="123,129,105,44,126,46,13,47,100,104,81,49,82" hai3="74,91,112,64,120,42,23,88,95,111,90,26,56"/><T10/><D118/><U2/><E117/><V109/><F109/><W128/><G111/><T27/><D38/><U83/><E108/><V98/><F123/><W114/><G120/><T15/><D132/><U97/><E39/><V53/><F126/><W32/><G32/><T36/><D36/><U75/><E2/><V31/><F129/><W59/><G128/><T40/><D113/><N who="3" m="43625" /><G74/><T135/><D135/><U41/><E41/><V78/><F105/><W101/><G42/><T121/><D86/><U50/><E50/><V103/><F100/><W68/><G101/><T43/><D48/><U124/><E124/><V16/><F31/><N who="3" m="17887" /><G95/><T72/><D72/><U133/><E133/><V11/><REACH who="2" step="1"/><F82/><REACH who="2" ten="287,277,198,228" step="2"/><W28/><G28/><T115/><D121/><U51/><E83/><V119/><F119/><W110/><G110/><T20/><D115/><U55/><E106/><V37/><F37/><W9/><G9/><T130/><D130/><U65/><E75/><AGARI ba="0,1" hai="11,13,16,44,46,47,49,53,75,78,81,98,103,104" machi="75" ten="30,3900,0" yaku="1,1,7,1,54,1,53,0" doraHai="62" doraHaiUra="33" who="2" fromWho="1" sc="287,0,277,-39,198,49,228,0" /><INIT seed="5,0,0,2,5,78" ten="287,238,247,228" oya="1" hai0="49,104,31,77,116,121,105,101,108,117,50,47,19" hai1="72,29,64,30,90,25,60,55,110,14,98,35,84" hai2="93,111,20,89,87,40,28,23,27,96,102,79,97" hai3="106,62,46,92,9,128,66,38,107,22,52,61,113"/><U131/><E72/><V129/><F111/><W130/><G9/><T11/><D108/><U91/><E110/><V32/><F129/><N who="3" m="49771" /><G113/><T81/><D31/><U118/><E118/><V56/><F40/><N who="3" m="22807" /><G22/><T99/><D105/><N who="3" m="39945" /><G66/><T124/><D121/><U4/><E131/><V16/><F32/><W17/><G17/><T3/><D124/><U57/><E30/><V80/><F56/><W15/><G15/><T1/><D49/><U24/><E24/><N who="2" m="14343" /><F97/><W83/><G92/><T127/><D127/><U126/><E126/><V114/><F114/><W123/><G123/><T68/><D68/><U5/><E64/><V65/><F65/><W73/><G52/><T8/><D8/><U54/><E54/><V51/><F51/><W103/><G103/><AGARI ba="0,0" hai="23,27,28,79,80,87,89,93,96,102,103" m="14343" machi="103" ten="30,3900,0" yaku="8,1,52,1,54,1" doraHai="78" who="2" fromWho="3" sc="287,0,238,0,247,39,228,-39" /><INIT seed="6,0,0,1,0,118" ten="287,238,286,189" oya="2" hai0="97,79,116,84,100,35,90,72,67,83,126,80,36" hai1="103,70,3,93,102,0,78,63,101,40,128,121,11" hai2="22,16,94,123,12,66,71,2,133,68,91,105,60" hai3="1,5,104,8,49,113,74,85,19,111,43,6,53"/><V125/><F123/><W61/><G111/><T119/><D36/><U21/><E128/><V24/><F2/><W134/><G74/><T14/><D35/><U117/><E117/><N who="0" m="45129" /><D67/><U4/><E78/><V73/><F73/><W37/><G134/><T135/><D14/><U120/><E40/><V107/><F133/><W46/><G113/><T77/><D135/><U82/><E82/><V23/><F125/><W130/><G130/><T42/><D42/><U15/><E93/><V65/><F65/><W44/><G104/><N who="0" m="63503" /><D90/><U64/><E21/><V58/><F71/><W9/><G19/><T54/><D54/><U31/><E31/><V56/><F107/><W7/><G9/><T110/><D110/><U87/><E87/><V33/><F105/><W88/><REACH who="3" step="1"/><G61/><REACH who="3" ten="287,238,286,179" step="2"/><T47/><D126/><U98/><E98/><V124/><F124/><W96/><G96/><T59/><D47/><U75/><E75/><V45/><F45/><W20/><G20/><T92/><D59/><U69/><E70/><V108/><F33/><W30/><G30/><T27/><D72/><U114/><E114/><V52/><F108/><W51/><G51/><T38/><D38/><U32/><E32/><V129/><F129/><W57/><G57/><T10/><D10/><U26/><E26/><V132/><F132/><W99/><G99/><T112/><D27/><U115/><E115/><V55/><F68/><W76/><G76/><T86/><D112/><U29/><E29/><N who="2" m="17559" /><F58/><W17/><G17/><T131/><D131/><U127/><E127/><V62/><F62/><W48/><G48/><T13/><D13/><RYUUKYOKU ba="0,1" sc="287,0,238,0,286,0,179,0" hai0="77,79,80,83,84,86,92" hai1="0,3,4,11,15,63,64,69,101,102,103,120,121" hai2="12,16,23,52,55,56,60,66,91,94" hai3="1,5,6,7,8,37,43,44,46,49,53,85,88" /><INIT seed="6,1,1,0,0,19" ten="287,238,286,179" oya="2" hai0="75,97,34,49,11,6,132,24,87,129,82,65,108" hai1="50,35,114,22,131,42,103,90,98,29,71,64,17" hai2="60,4,115,124,128,66,100,125,39,32,117,40,47" hai3="16,99,62,127,102,48,0,81,133,89,106,44,110"/><V91/><F117/><W134/><G110/><T9/><D75/><U20/><E114/><V77/><F115/><W72/><G0/><T79/><D108/><U78/><E131/><V93/><F128/><W101/><G127/><N who="2" m="48713" /><F32/><W41/><G101/><T51/><D129/><U2/><E2/><V94/><F77/><W43/><G43/><T7/><D65/><U120/><E120/><V25/><F25/><W80/><G62/><T54/><D132/><N who="3" m="50793" /><G72/><T73/><D73/><U13/><E90/><V92/><F4/><N who="0" m="1578" /><D34/><U5/><E5/><V23/><F23/><W58/><G58/><N who="0" m="33103" /><D24/><U33/><E78/><V67/><F100/><W113/><G113/><T109/><D109/><U15/><E64/><N who="2" m="24619" /><F60/><W14/><G89/><AGARI ba="1,1" hai="39,40,47,89,91,92,93,94" m="24619,48713" machi="89" ten="40,2000,0" yaku="18,1" doraHai="19" who="2" fromWho="3" sc="287,0,238,0,286,33,179,-23" owari="287,8.7,238,-16.2,319,41.9,156,-34.4" /></mjloggm>