<mjloggm ver="2.3"><GO type="225" lobby="0"/><UN n0="%E6%A1%9C%E8%8A%B1%E9%96%83%E3%80%85" n1="%E3%81%BF%E3%81%BF%E3%81%9A" n2="%73%73%6B%5F%66%72%65%65" n3="%E3%81%8B%E3%82%8F%E3%81%A1%E3%82%83%E3%82%93%35%38" dan="17,17,16,16" rate="2225.22,2200.25,2086.65,2150.08" sx="M,M,M,M"/><TAIKYOKU oya="0"/><INIT seed="0,0,0,5,3,59" ten="250,250,250,250" oya="0" hai0="23,63,57,18,8,61,43,37,106,97,86,85,55" hai1="62,4,44,15,75,82,84,22,102,132,7,124,64" hai2="42,40,35,123,26,101,1,104,117,38,50,71,66" hai3="135,29,68,49,80,20,103,53,122,128,12,10,48"/><T109/><D109/><U111/><E75/><V116/><F123/><W133/><G128/><T9/><D37/><U19/><E111/><V70/><F1/><W131/><G131/><T96/><D43/><U92/><E124/><V130/><F130/><W67/><G122/><T89/><D106/><U108/><E108/><V65/><F50/><W60/><G103/><T56/><D8/><U79/><E132/><N who="3" m="50762" /><G80/><N who="0" m="49319" /><D86/><U114/><E114/><V0/><F0/><W110/><G110/><T74/><D9/><U28/><E44/><V33/><F38/><W77/><G77/><T30/><D30/><U3/><E28/><V81/><F81/><W14/><G53/><N who="0" m="33935" /><D74/><U126/><E126/><V134/><F134/><W90/><G29/><T5/><D5/><U51/><E51/><V69/><F69/><W11/><G11/><T88/><D88/><U95/><E3/><V6/><F6/><N who="1" m="2089" /><E102/><V129/><F101/><W118/><G90/><T31/><D31/><U127/><E127/><V39/><F129/><W32/><G32/><T58/><D57/><AGARI ba="0,0" hai="15,19,22,57,62,64,79,82,84,92,95" m="2089" machi="57" ten="30,2000,0" yaku="8,1,52,1" doraHai="59" who="1" fromWho="0" sc="250,-20,250,20,250,0,250,0" /><INIT seed="1,0,0,1,1,36" ten="230,270,250,250" oya="1" hai0="40,103,128,88,77,125,91,65,56,107,133,30,46" hai1="28,97,50,110,33,101,79,8,73,85,98,27,114" hai2="3,106,22,70,35,83,123,67,129,24,43,61,89" hai3="132,38,113,81,16,105,0,116,54,121,127,14,31"/><U29/><E114/><V48/><F123/><W44/><G113/><T117/><D117/><U21/><E110/><V39/><F129/><W2/><G121/><T63/><D128/><U41/><E73/><V100/><F3/><W76/><G105/><T96/><D133/><U84/><E8/><V71/><F71/><W115/><G115/><T18/><D125/><U90/><E33/><V86/><F39/><W120/><G120/><T82/><D18/><U99/><E79/><V45/><F35/><W102/><G102/><T119/><D30/><U80/><E85/><V20/><REACH who="2" step="1"/><F24/><REACH who="2" ten="230,270,240,250" step="2"/><W1/><G1/><T53/><D119/><U122/><E122/><V95/><F95/><W51/><G0/><T94/><D107/><U111/><E111/><V124/><F124/><W42/><G2/><T74/><REACH who="0" step="1"/><D65/><REACH who="0" ten="220,270,240,250" step="2"/><U9/><E29/><V126/><F126/><W87/><G127/><T17/><D17/><U4/><E28/><V109/><F109/><W7/><G116/><T104/><D104/><U6/><E27/><V19/><F19/><W26/><G132/><T60/><D60/><U55/><E4/><V68/><F68/><W135/><G135/><T131/><D131/><U75/><E6/><V57/><F57/><N who="3" m="32991" /><G7/><T25/><D25/><U66/><E66/><V23/><F23/><N who="3" m="11671" /><G26/><T10/><D10/><U15/><E9/><V12/><F12/><W32/><G31/><T118/><D118/><U108/><E15/><V13/><F13/><W58/><G32/><T64/><D64/><U130/><E21/><V93/><F93/><W134/><G134/><T78/><D78/><RYUUKYOKU ba="0,2" sc="220,10,270,-30,240,10,250,10" hai0="40,46,53,56,63,74,77,82,88,91,94,96,103" hai2="20,22,43,45,48,61,67,70,83,86,89,100,106" hai3="38,42,44,58,76,81,87" /><INIT seed="2,1,2,5,5,60" ten="230,240,250,260" oya="2" hai0="114,72,91,78,61,50,25,24,97,11,65,118,7" hai1="10,119,42,93,39,87,55,64,111,133,70,47,62" hai2="5,127,116,36,104,135,34,58,81,28,56,80,9" hai3="122,129,69,53,99,26,67,12,33,35,31,105,101"/><V0/><F116/><W38/><G122/><T115/><D118/><U23/><E119/><V96/><F135/><W44/><G129/><T79/><D50/><U120/><E133/><V1/><F1/><W59/><G12/><N who="0" m="5247" /><D72/><U41/><E120/><V86/><F36/><W132/><G132/><T108/><D108/><U103/><E111/><V16/><F81/><W95/><G95/><N who="0" m="56575" /><D115/><U123/><E123/><V30/><F127/><W18/><G18/><T40/><D40/><U92/><E41/><V32/><F16/><W76/><G76/><N who="0" m="29227" /><D114/><U3/><E23/><V66/><F34/><N who="3" m="20855" /><G44/><T71/><D71/><U106/><E87/><V19/><F19/><W110/><G38/><T128/><D128/><U98/><E3/><V75/><F75/><W29/><G29/><T94/><D94/><U13/><E55/><V63/><F32/><W83/><G83/><T22/><D22/><U117/><E117/><V124/><F124/><W2/><G2/><T85/><D85/><U82/><E82/><V74/><F74/><W8/><G110/><T46/><D46/><U112/><E112/><V43/><F43/><W37/><G37/><T125/><D125/><U21/><E21/><V45/><F45/><W130/><G130/><T126/><D126/><U51/><E39/><V57/><F30/><W121/><G121/><T17/><D17/><AGARI ba="1,2" hai="10,13,17,42,47,51,62,64,70,92,93,98,103,106" machi="17" ten="30,2000,0" yaku="7,1,52,1" doraHai="60" who="1" fromWho="0" sc="230,-23,240,43,250,0,260,0" /><INIT seed="3,0,0,0,0,32" ten="207,283,250,260" oya="3" hai0="98,124,82,117,91,17,72,68,7,104,87,95,46" hai1="52,33,24,125,131,57,132,29,110,16,108,48,83" hai2="78,86,25,94,43,71,5,119,97,2,51,99,50" hai3="74,6,127,77,38,61,105,84,63,37,116,88,22"/><W85/><G116/><T31/><D117/><U54/><E131/><V101/><F119/><W80/><G127/><T26/><D124/><U128/><E125/><V113/><F113/><W112/><G112/><T135/><D135/><U70/><E128/><V134/><F71/><W65/><G105/><T13/><D68/><U133/><E70/><V122/><F134/><N who="1" m="51817" /><E16/><V107/><F122/><W1/><G74/><T123/><D123/><U92/><E92/><V66/><F25/><W47/><G22/><N who="0" m="15831" /><D104/><U56/><E83/><V0/><F107/><W129/><G129/><T41/><D72/><U42/><E42/><V19/><F19/><W93/><G47/><T106/><D106/><U40/><E40/><V115/><F43/><W4/><G4/><T100/><D7/><U11/><E11/><V73/><F5/><W23/><G23/><N who="0" m="11695" /><D41/><U36/><E36/><V64/><F73/><W69/><REACH who="3" step="1"/><G63/><AGARI ba="0,0" hai="24,29,33,48,52,54,56,57,63,108,110" m="51817" machi="63" ten="30,2000,0" yaku="20,1,54,1" doraHai="32" who="1" fromWho="3" sc="207,0,283,20,250,0,260,-20" owari="207,-29.3,303,40.3,250,5.0,240,-16.0" /></mjloggm>