<mjloggm ver="2.3"><GO type="225" lobby="0"/><UN n0="%74%75%72%74%6C%65%2E" n1="%E8%B5%A4%E3%81%84%E8%9B%99%31%31" n2="%E7%99%BD%E5%92%B2%E8%8A%B1%E3%81%A1%E3%82%83%E3%82%93" n3="%E6%B4%BE%E9%81%A3%E3%81%AE%E3%82%B8%E3%83%A3%E3%83%83%E3%82%AF" dan="16,16,16,17" rate="2075.23,2111.35,2148.20,2181.41" sx="M,M,F,M"/><TAIKYOKU oya="0"/><INIT seed="0,0,0,0,4,97" ten="250,250,250,250" oya="0" hai0="35,0,8,57,50,93,133,38,63,86,100,53,59" hai1="54,16,85,104,24,60,87,124,112,119,27,31,98" hai2="64,48,103,116,75,62,1,43,113,70,41,11,79" hai3="114,92,14,26,78,29,73,135,90,110,32,107,101"/><T68/><D38/><U20/><E119/><V46/><F113/><W102/><G114/><T65/><D133/><U108/><E112/><V13/><F116/><W25/><G107/><T40/><D35/><U84/><E108/><V69/><F1/><W30/><G110/><T17/><D40/><U42/><E42/><V19/><F43/><W12/><G135/><T125/><D125/><U132/><E132/><V83/><REACH who="2" step="1"/><F103/><REACH who="2" ten="250,250,240,250" step="2"/><N who="3" m="39435" /><G32/><T72/><D0/><U18/><E124/><V71/><AGARI ba="0,1" hai="11,13,19,41,46,48,62,64,69,70,71,75,79,83" machi="71" ten="20,5200,0" yaku="1,1,0,1,7,1,53,1" doraHai="97" doraHaiUra="36" who="2" fromWho="2" sc="250,-26,250,-13,240,62,250,-13" /><INIT seed="1,0,0,3,0,34" ten="224,237,302,237" oya="1" hai0="124,87,24,21,31,104,4,30,5,97,48,45,51" hai1="27,122,9,7,132,68,88,74,40,59,64,110,98" hai2="70,33,83,75,10,92,84,55,3,67,101,120,126" hai3="125,42,37,47,117,39,80,13,46,103,72,94,95"/><U54/><E122/><V134/><F120/><W73/><G125/><T28/><D124/><U15/><E74/><V12/><F33/><W91/><G117/><T113/><D113/><U116/><E116/><V26/><F134/><W44/><G13/><T29/><D51/><U89/><E40/><V20/><F55/><W78/><G72/><T56/><D56/><U53/><E132/><V130/><F130/><W118/><G118/><T106/><D87/><U99/><E110/><V69/><F75/><W111/><G111/><T14/><D14/><U96/><E27/><V115/><F115/><W49/><G103/><T62/><D62/><N who="1" m="37983" /><E68/><V19/><F67/><W41/><REACH who="3" step="1"/><G91/><AGARI ba="0,0" hai="7,9,15,53,54,88,89,91,96,98,99" m="37983" machi="91" ten="30,2900,0" yaku="8,1,54,1" doraHai="34" who="1" fromWho="3" sc="224,0,237,29,302,0,237,-29" /><INIT seed="1,1,0,2,4,26" ten="224,266,302,208" oya="1" hai0="116,55,24,124,125,102,115,52,44,90,121,117,101" hai1="0,81,96,69,83,41,73,109,103,135,16,53,108" hai2="30,54,71,57,70,114,123,93,87,119,33,105,31" hai3="63,29,100,25,75,34,65,13,68,107,88,74,98"/><U86/><E0/><V27/><F119/><W40/><G13/><T2/><D2/><U32/><E69/><V79/><F123/><W14/><G14/><T95/><D121/><U11/><E41/><V23/><F105/><W4/><G4/><T110/><D115/><U39/><E39/><V36/><F36/><W21/><G40/><T97/><D110/><N who="1" m="42603" /><E32/><V118/><F118/><W45/><G45/><T56/><D116/><U130/><E130/><V128/><F128/><W126/><G126/><N who="0" m="48747" /><D117/><U47/><E73/><V51/><F114/><W72/><G21/><T104/><D104/><N who="1" m="63591" /><E135/><V9/><F9/><W89/><AGARI ba="1,0" hai="25,29,34,63,65,68,72,74,75,88,89,98,100,107" machi="89" ten="40,8000,1" yaku="0,1,25,2,52,1,54,1" doraHai="26" who="3" fromWho="3" sc="224,-21,266,-41,302,-21,208,83" /><INIT seed="2,0,0,0,3,110" ten="203,225,281,291" oya="2" hai0="80,113,45,28,76,10,20,100,63,23,122,83,69" hai1="133,52,98,108,9,32,8,41,29,65,119,121,92" hai2="62,125,77,13,60,17,99,11,73,72,27,88,103" hai3="101,18,79,47,120,40,94,19,131,115,66,82,7"/><V15/><F125/><W4/><G120/><T96/><D122/><U74/><E108/><V130/><F130/><W0/><G66/><T22/><D45/><U3/><E119/><V134/><F134/><W85/><G131/><T126/><D126/><U117/><E117/><V56/><F27/><W49/><G115/><T37/><D37/><U54/><E121/><V31/><F31/><W118/><G118/><T128/><D128/><U84/><E74/><V124/><F124/><W55/><G55/><T123/><D123/><U61/><E133/><V68/><F68/><W25/><G0/><T53/><D10/><U87/><E41/><V132/><F132/><W135/><G135/><T51/><D28/><U30/><E32/><V36/><F77/><W97/><G25/><T93/><D113/><U86/><E3/><V58/><F15/><W50/><G50/><T70/><D63/><U114/><E114/><V107/><F88/><W106/><G106/><T33/><D33/><U24/><E87/><V57/><REACH who="2" step="1"/><F36/><REACH who="2" ten="203,225,271,291" step="2"/><W2/><G2/><T67/><D70/><U5/><E24/><V90/><F90/><W59/><G59/><T48/><D76/><U35/><E35/><V116/><F116/><W109/><G109/><T64/><D69/><U89/><E89/><V44/><F44/><W43/><G4/><T34/><D34/><U105/><E5/><V6/><F6/><W111/><G111/><T81/><D53/><U112/><E54/><V42/><F42/><N who="3" m="15915" /><G7/><T46/><D46/><U16/><E52/><V102/><F102/><W104/><G47/><T129/><D129/><RYUUKYOKU ba="0,1" sc="203,15,225,-15,271,15,291,-15" hai0="20,22,23,48,51,64,67,80,81,83,93,96,100" hai2="11,13,17,56,57,58,60,62,72,73,99,103,107" /><INIT seed="2,1,1,0,1,121" ten="218,210,286,276" oya="2" hai0="27,94,92,91,46,31,60,118,109,116,71,51,36" hai1="18,33,106,22,97,108,15,49,28,9,2,50,25" hai2="122,53,20,59,90,80,5,40,110,128,45,123,13" hai3="101,74,24,41,54,78,64,76,11,119,48,65,126"/><V104/><F104/><W61/><G119/><N who="0" m="45611" /><D36/><U63/><E108/><V124/><F124/><W32/><G101/><T26/><D109/><U107/><E63/><V58/><F128/><W37/><G126/><T57/><D71/><U135/><E135/><V56/><F110/><W83/><G76/><T16/><D31/><U55/><E97/><V10/><F53/><W21/><G32/><T95/><D91/><U134/><E134/><V131/><F20/><W68/><G64/><N who="0" m="38927" /><D16/><U35/><E50/><V125/><F125/><W81/><G11/><T69/><D69/><U66/><E66/><V93/><F80/><W44/><G81/><T113/><D113/><U129/><E129/><V87/><REACH who="2" step="1"/><F131/><REACH who="2" ten="218,210,276,276" step="2"/><W7/><G83/><T103/><D103/><U43/><E35/><V47/><F47/><W17/><G54/><AGARI ba="1,2" hai="26,27,46,51,54,92,94,95" m="38927,45611" machi="54" ten="30,1000,0" yaku="12,1" doraHai="121" who="0" fromWho="3" sc="218,33,210,0,276,0,276,-13" /><INIT seed="3,0,0,2,5,25" ten="251,210,276,263" oya="3" hai0="4,32,30,94,124,3,92,16,91,50,133,117,65" hai1="27,6,131,115,7,71,114,97,2,99,29,70,100" hai2="80,122,62,54,28,88,83,9,78,86,95,81,77" hai3="1,39,120,116,31,21,76,67,126,56,5,103,22"/><W105/><G116/><T134/><D117/><U73/><E131/><V42/><F122/><W90/><G39/><T40/><D65/><U106/><E73/><V37/><F9/><W96/><G76/><T125/><D40/><U36/><E36/><V45/><REACH who="2" step="1"/><F28/><REACH who="2" ten="251,210,266,263" step="2"/><W10/><G120/><T48/><D30/><U128/><E128/><V79/><F79/><W84/><G126/><T23/><D125/><U57/><E57/><AGARI ba="0,1" hai="37,42,45,54,57,62,77,78,80,81,83,86,88,95" machi="57" ten="40,5200,0" yaku="1,1,54,1,53,1" doraHai="25" doraHaiUra="43" who="2" fromWho="1" sc="251,0,210,-52,266,62,263,0" owari="251,-14.9,158,-34.2,328,42.8,263,6.3" /></mjloggm>