<mjloggm ver="2.3"><GO type="225" lobby="0"/><UN n0="%E6%A1%9C%E8%8A%B1%E9%96%83%E3%80%85" n1="%E6%98%93%E5%88%A9%E8%96%A9%E4%BC%AF" n2="%E3%82%A4%E3%83%BC%E3%82%B1%E3%83%97%E3%83%A9" n3="%E3%81%8B%E3%82%8F%E3%81%A1%E3%82%83%E3%82%93%35%38" dan="16,17,16,16" rate="2098.91,2144.17,2148.88,2131.07" sx="M,F,M,M"/><TAIKYOKU oya="0"/><INIT seed="0,0,0,1,3,57" ten="250,250,250,250" oya="0" hai0="30,20,94,48,56,5,8,82,36,3,35,86,67" hai1="85,89,54,98,45,6,62,128,39,105,25,9,21" hai2="84,107,40,71,108,70,22,23,123,32,113,117,79" hai3="2,55,52,53,59,66,77,120,58,28,34,17,51"/><T24/><D36/><U29/><E128/><V44/><F123/><W14/><G2/><T7/><D7/><U111/><E111/><V63/><F113/><W47/><G120/><T104/><D104/><U65/><E105/><V97/><F32/><W121/><G121/><T16/><D94/><U11/><E98/><V27/><F108/><W96/><G77/><T61/><D48/><U102/><E102/><V129/><F129/><W124/><G124/><T130/><D130/><U126/><E126/><V4/><F117/><W38/><G38/><T46/><D46/><U110/><E110/><V83/><F4/><W31/><G96/><T50/><D50/><U43/><E54/><N who="3" m="20490" /><G34/><T134/><D134/><U41/><E41/><V88/><F23/><N who="3" m="11703" /><G47/><T80/><REACH who="0" step="1"/><D86/><REACH who="0" ten="240,250,250,250" step="2"/><U33/><E6/><V26/><F107/><W101/><G101/><T118/><D118/><U132/><E132/><V74/><F84/><W1/><G1/><T76/><D76/><U127/><E127/><V112/><F79/><W0/><G0/><T68/><D68/><U99/><E85/><V73/><F71/><W37/><G37/><T69/><D69/><U15/><E39/><V49/><F70/><W135/><G135/><T109/><D109/><U91/><E45/><V13/><F44/><W64/><G59/><T100/><D100/><U90/><E43/><V116/><F40/><W75/><G75/><T95/><D95/><U114/><E114/><V72/><F74/><W10/><G51/><T87/><D87/><U19/><E99/><V106/><F73/><W119/><G119/><T42/><D42/><RYUUKYOKU ba="0,1" sc="240,15,250,15,250,-15,250,-15" hai0="3,5,8,16,20,24,30,35,56,61,67,80,82" hai1="9,11,15,19,21,25,29,33,62,65,89,90,91" /><INIT seed="0,1,1,5,5,37" ten="255,265,235,235" oya="0" hai0="13,47,16,78,107,119,20,55,131,18,121,30,93" hai1="42,58,96,32,11,34,57,38,92,113,102,106,104" hai2="81,120,48,63,4,7,40,112,26,65,90,86,94" hai3="126,60,129,21,43,135,89,68,10,127,5,54,71"/><T8/><D119/><U6/><E113/><V80/><F120/><W41/><G129/><T17/><D121/><U98/><E34/><V79/><F112/><W22/><G135/><T85/><D107/><U115/><E32/><V122/><F122/><W52/><G89/><N who="0" m="53423" /><D131/><U12/><E115/><V35/><F35/><W59/><G22/><T118/><D78/><U74/><E74/><V25/><F48/><W101/><G21/><T105/><D105/><U67/><E67/><V24/><F40/><N who="3" m="15435" /><G101/><T133/><D133/><U64/><E64/><V73/><REACH who="2" step="1"/><F94/><REACH who="2" ten="255,265,225,235" step="2"/><W72/><G72/><T23/><D118/><U117/><E117/><V108/><F108/><W128/><G128/><T99/><D30/><U83/><E106/><V87/><F87/><W76/><G76/><T109/><D109/><U130/><E130/><V77/><F77/><W0/><G54/><T66/><D66/><U69/><E104/><V82/><F82/><W39/><G39/><T27/><D55/><U88/><E83/><V28/><F28/><W29/><G29/><T9/><D27/><U110/><E110/><V33/><F33/><W70/><G52/><T103/><D99/><U19/><E98/><V75/><F75/><W15/><G0/><T14/><D14/><U31/><E31/><V36/><F36/><W62/><G62/><T1/><D1/><U46/><E38/><V2/><F2/><W3/><G3/><T44/><D13/><U132/><E12/><V116/><F116/><W50/><G50/><T124/><D44/><U100/><E46/><V45/><F45/><W91/><G91/><RYUUKYOKU ba="1,2" sc="255,-15,265,-15,225,15,235,15" hai2="4,7,24,25,26,63,65,73,79,80,81,86,90" hai3="5,10,15,59,60,68,70,71,126,127" /><INIT seed="1,2,2,5,5,82" ten="240,250,240,250" oya="1" hai0="100,11,33,21,113,71,107,43,37,23,95,34,22" hai1="122,99,15,111,129,118,39,30,98,64,121,127,131" hai2="5,54,83,16,116,76,29,24,61,20,81,19,67" hai3="117,85,72,7,26,74,28,62,89,102,31,96,44"/><U10/><E118/><V126/><F116/><W125/><G125/><T60/><D113/><U68/><E127/><V104/><F126/><W58/><G7/><T70/><D107/><U123/><E39/><V47/><F104/><W59/><G117/><T0/><D43/><U4/><E111/><V128/><F5/><W27/><G44/><T115/><D37/><U86/><E30/><V12/><F128/><N who="1" m="49225" /><E86/><N who="2" m="48423" /><F83/><W32/><G96/><N who="1" m="36906" /><E64/><V93/><F93/><W41/><G41/><T17/><D95/><U135/><E135/><V124/><F124/><W132/><G132/><T108/><D108/><U38/><E38/><V97/><F97/><W13/><G102/><T105/><D100/><U65/><E65/><V1/><F1/><W25/><G74/><T42/><D115/><U94/><E94/><V57/><F12/><W114/><G72/><T73/><D73/><U56/><E56/><N who="2" m="37287" /><F47/><W79/><G13/><T48/><D0/><U101/><E101/><V120/><F120/><W103/><G103/><T134/><D134/><U110/><E110/><V51/><AGARI ba="2,2" hai="16,19,20,24,29,51,54,57" m="37287,48423" machi="51" ten="30,4000,0" yaku="8,1,52,1,54,1" doraHai="82" who="2" fromWho="2" sc="240,-12,250,-22,240,66,250,-12" /><INIT seed="2,0,0,0,5,64" ten="228,228,306,238" oya="2" hai0="44,5,10,67,45,105,65,3,113,55,134,85,97" hai1="29,90,54,124,21,125,81,120,49,86,95,126,82" hai2="111,116,71,47,43,2,79,117,59,100,57,89,46" hai3="77,35,135,70,112,74,1,15,83,61,96,56,9"/><V130/><F2/><W39/><G35/><T50/><D113/><U25/><REACH who="1" step="1"/><E120/><REACH who="1" ten="228,218,306,238" step="2"/><V53/><F116/><W11/><G112/><T103/><D134/><U133/><E133/><V92/><F117/><W17/><G135/><T107/><D107/><U98/><E98/><V28/><F130/><W42/><G96/><T58/><D85/><U78/><E78/><V14/><F79/><W122/><G122/><T109/><D109/><U75/><E75/><V52/><F111/><W131/><G131/><T104/><D104/><U38/><E38/><V13/><F100/><W94/><G39/><T32/><D105/><U33/><E33/><V66/><F89/><W63/><G77/><T51/><D32/><U73/><E73/><V118/><F118/><W110/><G74/><T76/><D76/><U19/><E19/><V72/><F72/><W6/><G110/><T31/><D97/><U80/><E80/><V123/><F123/><W99/><G83/><T22/><D103/><U23/><E23/><V20/><F20/><W40/><G99/><T84/><D84/><U101/><E101/><V127/><F92/><W106/><G106/><T30/><D22/><U114/><E114/><V7/><F127/><W108/><G94/><T102/><D102/><U69/><E69/><V62/><F71/><W115/><G108/><T24/><D31/><U37/><E37/><V129/><F28/><W18/><G115/><T4/><D30/><U93/><E93/><V91/><F91/><W36/><G36/><T48/><D5/><U128/><E128/><V27/><F129/><W60/><G6/><RYUUKYOKU ba="0,1" sc="228,-10,218,30,306,-10,238,-10" hai1="21,25,29,49,54,81,82,86,90,95,124,125,126" /><INIT seed="3,1,1,0,4,92" ten="218,248,296,228" oya="3" hai0="44,69,42,49,7,25,21,38,57,50,63,65,18" hai1="52,14,71,109,88,90,1,55,23,6,110,2,80" hai2="75,34,132,89,60,112,133,64,19,17,66,37,98" hai3="124,35,53,62,46,79,40,26,114,111,10,118,47"/><W68/><G118/><T85/><D7/><U87/><E71/><V15/><F112/><W77/><G114/><T16/><D85/><N who="1" m="50215" /><E6/><V74/><F34/><W94/><G124/><T83/><D83/><N who="1" m="49535" /><E14/><V116/><F37/><W12/><G111/><N who="1" m="42506" /><E23/><V59/><F116/><W20/><G35/><T13/><D69/><U45/><E45/><V129/><F129/><W105/><G47/><T101/><D101/><U120/><E120/><V29/><F29/><W95/><G68/><T32/><D32/><U48/><E48/><V4/><F4/><W82/><G12/><T106/><D106/><U97/><E97/><V73/><F66/><W0/><G105/><T22/><AGARI ba="1,1" hai="13,16,18,21,22,25,38,42,44,49,50,57,63,65" machi="22" ten="20,2700,0" yaku="0,1,7,1,54,1" doraHai="92" who="0" fromWho="0" sc="218,40,248,-8,296,-8,228,-14" /><INIT seed="4,0,0,0,4,113" ten="258,240,288,214" oya="0" hai0="39,119,99,34,116,83,128,97,72,36,121,109,33" hai1="21,108,117,94,14,82,56,53,79,69,45,24,115" hai2="58,43,76,10,20,31,38,16,15,101,3,120,46" hai3="93,88,78,131,74,81,130,29,127,54,125,61,129"/><T80/><D128/><U32/><E108/><V112/><F120/><W65/><G29/><T40/><D40/><U2/><E69/><V134/><F112/><W22/><G54/><T126/><D126/><N who="3" m="48137" /><G22/><T110/><D72/><U103/><E2/><V84/><F134/><W55/><G55/><T51/><D51/><U27/><E117/><V42/><F42/><W68/><G93/><T17/><D17/><U49/><E115/><V71/><F71/><W73/><G88/><T52/><D52/><U5/><E32/><V123/><F123/><AGARI ba="0,0" hai="33,34,36,39,80,83,97,99,109,110,116,119,121,123" machi="123" ten="25,9600,0" yaku="22,2,52,2" doraHai="113" who="0" fromWho="2" sc="258,96,240,0,288,-96,214,0" owari="354,45.4,240,4.0,192,-30.8,214,-18.6" /></mjloggm>