<mjloggm ver="2.3"><GO type="225" lobby="0"/><UN n0="%E5%A4%8F%E9%88%B4%E9%88%B4%E5%A4%8F" n1="%43%68%65" n2="%6C%65%74%69%74%62%65" n3="%E6%98%93%E5%88%A9%E8%96%A9%E4%BC%AF" dan="16,16,16,17" rate="2157.66,2199.05,2109.60,2201.58" sx="F,M,M,F"/><TAIKYOKU oya="0"/><INIT seed="0,0,0,2,2,78" ten="250,250,250,250" oya="0" hai0="5,32,129,114,100,135,88,64,11,56,42,126,4" hai1="52,16,85,104,84,109,122,127,128,50,118,46,115" hai2="79,94,31,36,102,35,53,96,28,83,13,82,8" hai3="23,73,71,15,72,41,29,33,40,6,108,105,63"/><T91/><D114/><U38/><E118/><V111/><F36/><W49/><G108/><T25/><D129/><U86/><E122/><V93/><F111/><W2/><G105/><T3/><D126/><U39/><E109/><V123/><F123/><W110/><G110/><T44/><D100/><U131/><E127/><V24/><F79/><W92/><G92/><T10/><D135/><U12/><E104/><V68/><F68/><W77/><G63/><T70/><D56/><U74/><E74/><V67/><F67/><W21/><G21/><T60/><D25/><U107/><E107/><V121/><F121/><W18/><G49/><T48/><REACH who="0" step="1"/><D32/><REACH who="0" ten="240,250,250,250" step="2"/><U132/><E132/><V19/><F35/><W30/><G33/><T89/><D89/><U34/><E34/><V134/><F134/><W54/><G71/><T22/><D22/><N who="1" m="11527" /><E115/><V106/><F24/><W55/><G23/><T99/><D99/><U61/><E61/><V133/><F133/><W130/><G130/><AGARI ba="0,1" hai="38,39,46,50,52,84,85,86,128,130,131" m="11527" machi="130" ten="30,3900,0" yaku="19,1,54,2" doraHai="78" who="1" fromWho="3" sc="240,0,250,49,250,0,250,-39" /><INIT seed="1,0,0,5,5,102" ten="240,299,250,211" oya="1" hai0="54,63,22,94,30,44,62,100,79,87,31,122,126" hai1="70,80,133,20,89,95,48,77,4,6,5,0,120" hai2="66,8,40,61,115,78,3,2,12,64,124,67,58" hai3="38,34,46,92,93,75,108,88,121,60,55,107,127"/><U57/><E120/><V73/><F124/><W59/><G121/><T24/><D126/><U15/><E70/><V7/><F115/><W35/><G127/><T109/><D109/><U10/><E133/><V99/><F40/><W13/><G75/><T118/><D118/><U17/><E80/><V104/><F78/><W98/><G108/><T132/><D132/><U82/><E57/><V86/><F73/><W32/><G13/><T117/><D117/><U18/><E18/><V105/><F86/><W128/><G128/><T27/><D100/><U45/><E82/><V91/><F91/><W116/><G116/><T114/><D114/><U135/><E77/><V14/><F14/><W119/><G119/><T16/><D31/><U85/><REACH who="1" step="1"/><E135/><REACH who="1" ten="240,289,250,211" step="2"/><V129/><F129/><W83/><G83/><T9/><D79/><U123/><E123/><V110/><F110/><W47/><G38/><T56/><D16/><U101/><E101/><V37/><F37/><W106/><REACH who="3" step="1"/><G93/><REACH who="3" ten="240,289,250,201" step="2"/><T65/><D94/><U53/><AGARI ba="0,2" hai="0,4,5,6,10,15,17,20,45,48,53,85,89,95" machi="53" ten="20,3900,0" yaku="1,1,0,1,7,1,53,0" doraHai="102" doraHaiUra="134" who="1" fromWho="1" sc="240,-13,289,59,250,-13,201,-13" /><INIT seed="1,1,0,2,4,86" ten="227,348,237,188" oya="1" hai0="25,129,90,95,74,101,116,107,102,106,61,89,119" hai1="31,53,39,52,48,103,109,32,64,71,23,63,51" hai2="19,4,43,47,92,99,65,58,67,97,104,7,34" hai3="76,10,130,91,108,105,112,94,133,77,125,54,30"/><U42/><E32/><V41/><F34/><W27/><G112/><T2/><D2/><U20/><E103/><N who="0" m="39433" /><D61/><U135/><E31/><V113/><F104/><N who="0" m="39978" /><D25/><U117/><E117/><N who="0" m="45129" /><D129/><U16/><E23/><V50/><F113/><W98/><G105/><T13/><D13/><U40/><E39/><V83/><F19/><W72/><G130/><T5/><D5/><U33/><E33/><V134/><F4/><W82/><G133/><T70/><D70/><U78/><E135/><V28/><F7/><W26/><G125/><T3/><D3/><U118/><E118/><V56/><F28/><W36/><G108/><T22/><D22/><U114/><E109/><V131/><F134/><W75/><G36/><T110/><D110/><U49/><E114/><V0/><F0/><W38/><G38/><T45/><D45/><U127/><E127/><V46/><F50/><W84/><G10/><T128/><D128/><U37/><E37/><V122/><F131/><W126/><G126/><T73/><D95/><U81/><E42/><V80/><F92/><W96/><G54/><T69/><D69/><U44/><E40/><V18/><F18/><W111/><G111/><T11/><D11/><U93/><E93/><V29/><F29/><W87/><G30/><T123/><D123/><AGARI ba="1,0" hai="41,43,46,47,56,58,65,67,80,83,97,99,122,123" machi="123" ten="25,1600,0" yaku="22,2" doraHai="86" who="2" fromWho="0" sc="227,-19,348,0,237,19,188,0" /><INIT seed="2,0,0,1,5,133" ten="208,348,256,188" oya="2" hai0="63,50,92,54,73,72,57,87,51,17,16,105,80" hai1="103,64,94,46,48,18,116,23,113,93,130,34,81" hai2="74,66,71,11,39,53,6,52,109,40,35,135,120" hai3="26,4,108,117,0,99,37,126,68,7,98,8,122"/><V97/><F120/><W125/><G122/><T44/><D105/><U86/><E113/><V15/><F135/><W38/><G117/><T85/><D92/><U47/><E34/><V107/><F35/><W65/><G108/><T59/><D80/><U22/><E116/><V49/><F74/><W31/><G7/><T58/><D63/><U42/><E130/><V21/><F109/><W30/><G65/><T33/><D33/><U100/><E64/><V106/><F53/><W3/><G68/><T88/><D51/><N who="1" m="27095" /><E94/><V14/><F97/><N who="3" m="36875" /><G26/><T119/><D119/><U95/><E95/><V115/><F115/><W55/><G55/><T28/><D28/><N who="3" m="10793" /><G8/><T129/><D129/><U76/><E93/><V27/><F40/><W102/><G4/><T62/><D62/><U124/><E22/><V13/><F39/><N who="3" m="14859" /><G102/><T131/><D131/><U96/><E96/><V110/><F110/><W9/><G9/><T43/><D43/><U128/><E128/><V112/><F106/><W111/><G111/><T69/><D69/><U20/><E20/><V77/><F107/><W24/><G24/><T45/><D45/><U79/><E23/><V132/><F112/><W36/><N who="3" m="14867" /><W25/><DORA hai="84" /><G25/><T78/><D73/><U82/><E103/><V1/><F132/><W56/><G56/><T104/><D72/><U19/><E100/><V67/><F67/><W90/><G90/><T32/><D104/><U134/><E134/><V91/><F91/><W121/><G121/><T41/><D32/><U123/><E123/><V70/><F66/><W61/><G61/><T5/><D88/><RYUUKYOKU ba="0,0" sc="208,-10,348,-10,256,-10,188,30" hai3="0,3,125,126" /><INIT seed="3,1,0,3,5,116" ten="198,338,246,218" oya="3" hai0="91,132,79,6,81,101,82,55,16,75,77,37,85" hai1="57,62,131,58,12,90,133,31,67,28,71,70,123" hai2="14,36,42,59,107,21,69,39,34,93,99,124,83" hai3="45,41,127,13,49,44,72,52,32,9,61,117,17"/><W7/><G117/><T19/><D37/><U33/><E123/><V0/><F0/><W26/><G127/><T135/><D6/><U22/><E33/><V86/><F34/><W109/><G72/><N who="0" m="43175" /><D55/><U65/><E131/><V74/><F69/><W103/><G109/><T113/><D113/><U27/><E133/><N who="0" m="51273" /><D101/><U20/><E90/><V23/><F36/><W60/><G103/><T56/><D56/><U48/><E48/><V129/><F59/><W2/><G2/><T46/><D46/><U92/><E92/><AGARI ba="1,0" hai="16,19,75,79,82,85,91,92" m="51273,43175" machi="92" ten="30,2000,0" yaku="20,1,54,1" doraHai="116" who="0" fromWho="1" sc="198,23,338,-23,246,0,218,0" owari="221,-17.9,315,41.5,246,4.6,218,-28.2" /></mjloggm>