<mjloggm ver="2.3"><GO type="225" lobby="0"/><UN n0="%E3%83%96%E3%83%83%E3%83%91%E3%82%AA%E3%83%96%E3%83%81%E3%82%AD%E3%83%B3" n1="%E6%B4%BE%E9%81%A3%E3%81%AE%E3%82%B8%E3%83%A3%E3%83%83%E3%82%AF" n2="%E6%9C%88%E5%B3%B6%E5%9F%BA" n3="%E3%81%A8%E3%82%89%E3%81%84%E3%81%A1" dan="17,17,17,16" rate="2213.82,2192.59,2197.85,2105.87" sx="M,M,M,M"/><TAIKYOKU oya="0"/><INIT seed="0,0,0,4,5,29" ten="250,250,250,250" oya="0" hai0="87,120,39,119,91,98,134,20,80,85,44,18,133" hai1="121,58,135,93,30,131,106,73,64,109,104,113,21" hai2="60,35,96,54,19,95,105,69,94,34,0,59,75" hai3="77,112,97,114,40,37,46,84,107,129,17,47,26"/><T103/><D119/><U127/><E73/><V12/><F0/><W23/><G129/><T126/><D120/><U14/><E121/><V52/><F75/><W71/><G71/><T82/><D39/><U72/><E72/><V2/><F2/><W31/><G47/><T86/><D44/><U92/><E109/><V57/><F69/><W56/><G56/><T128/><D128/><U43/><E43/><V9/><F105/><W49/><G37/><T48/><D48/><U110/><E110/><V3/><F3/><W51/><G51/><T53/><D53/><U124/><E131/><V125/><F125/><W108/><G108/><T45/><D45/><U61/><E135/><N who="0" m="51721" /><D126/><N who="1" m="48171" /><E113/><V132/><F132/><W7/><G7/><T36/><D36/><U79/><E79/><V10/><F10/><W24/><G77/><N who="0" m="46223" /><D18/><N who="1" m="10455" /><E30/><V99/><F95/><AGARI ba="0,0" hai="58,61,64,92,93,95,104,106" m="10455,48171" machi="95" ten="30,1000,0" yaku="18,1" doraHai="29" who="1" fromWho="2" sc="250,0,250,10,250,-10,250,0" /><INIT seed="1,0,0,3,3,76" ten="250,260,240,250" oya="1" hai0="37,25,43,128,124,56,41,119,6,50,109,34,102" hai1="47,86,110,22,98,91,106,68,28,115,4,51,45" hai2="11,118,16,9,59,66,52,14,100,13,107,131,19" hai3="114,49,134,27,40,54,90,78,135,29,72,5,79"/><U7/><E115/><V117/><F131/><W65/><G114/><T32/><D119/><U63/><E110/><V44/><F66/><W15/><G40/><T113/><D113/><U122/><E122/><V0/><F44/><W80/><G65/><T1/><D37/><U42/><E63/><V116/><F0/><W60/><G60/><T62/><D109/><U89/><E68/><V2/><F2/><W21/><G79/><T57/><D128/><U46/><E46/><V95/><F107/><W70/><G70/><T35/><D124/><U101/><E47/><V111/><F111/><W74/><G90/><T133/><D133/><N who="3" m="50697" /><G15/><T30/><D102/><U53/><E89/><V73/><F73/><N who="3" m="43087" /><G5/><T83/><D50/><U23/><E42/><V69/><F69/><W108/><G108/><T24/><D62/><U75/><E75/><V121/><F121/><W10/><G10/><T18/><D6/><U20/><REACH who="1" step="1"/><E28/><REACH who="1" ten="250,250,240,250" step="2"/><V77/><F77/><W64/><G64/><T55/><D30/><U26/><E26/><V92/><F100/><W58/><AGARI ba="0,1" hai="21,27,29,49,54,58,72,74" m="43087,50697" machi="58" ten="30,2000,0" yaku="20,1,52,1" doraHai="76" who="3" fromWho="3" sc="250,-5,250,-10,240,-5,250,30" /><INIT seed="2,0,0,2,2,53" ten="245,240,235,280" oya="2" hai0="29,108,13,125,58,98,103,35,69,116,70,131,133" hai1="96,79,30,52,14,75,118,94,48,38,104,90,51" hai2="86,123,17,44,105,68,3,33,93,6,115,49,83" hai3="19,135,39,77,129,82,66,1,72,117,15,62,10"/><V59/><F115/><W99/><G117/><T76/><D108/><U130/><E118/><V107/><F68/><W132/><G39/><T54/><D116/><U42/><E130/><V84/><F123/><W40/><G40/><T61/><D131/><U74/><E38/><V47/><F33/><W65/><G129/><T87/><D125/><U95/><E104/><V100/><F105/><W46/><G46/><N who="2" m="17449" /><F107/><W32/><G32/><T8/><D133/><N who="3" m="51273" /><G99/><T80/><D29/><U81/><E42/><V97/><F3/><W50/><G50/><T27/><D27/><U5/><E30/><V91/><F6/><N who="3" m="1359" /><G62/><T45/><D35/><U112/><E48/><V55/><F86/><W64/><G64/><T28/><D28/><U121/><E121/><V92/><F17/><W18/><G18/><T22/><D45/><U119/><E119/><V57/><F83/><W109/><G109/><T41/><D41/><U12/><E12/><V120/><BYE who="1" /><F120/><W128/><G128/><T122/><D122/><U114/><E114/><V20/><F20/><AGARI ba="0,0" hai="15,19,20,65,66,72,77,82" m="1359,51273" machi="20" ten="30,1000,0" yaku="20,1" doraHai="53" who="3" fromWho="2" sc="245,0,240,0,235,-10,280,10" /><UN n1="%E6%B4%BE%E9%81%A3%E3%81%AE%E3%82%B8%E3%83%A3%E3%83%83%E3%82%AF" /><INIT seed="3,0,0,3,2,120" ten="245,240,225,290" oya="3" hai0="93,0,5,92,71,82,14,109,111,59,7,133,78" hai1="47,63,60,16,29,2,79,97,116,17,135,85,58" hai2="34,114,12,33,42,23,21,61,77,6,70,43,132" hai3="81,134,119,67,88,41,126,124,105,65,91,1,86"/><W87/><G119/><T66/><D71/><U68/><E2/><V90/><F114/><W113/><G113/><T106/><D106/><U75/><E75/><V117/><F117/><W15/><G1/><T40/><D0/><U118/><E29/><V112/><F112/><W108/><G108/><N who="0" m="41547" /><D133/><U19/><E135/><V72/><F132/><W46/><G15/><T76/><D40/><U35/><E35/><V55/><F34/><W95/><G105/><T18/><D66/><U96/><E47/><V94/><F33/><W20/><G20/><N who="2" m="7753" /><F77/><N who="0" m="29802" /><D82/><U100/><E68/><V54/><F72/><W121/><G121/><T27/><D59/><U101/><E58/><N who="2" m="35031" /><F70/><W50/><G134/><T10/><D27/><U110/><E110/><V129/><F129/><W36/><G36/><T84/><D84/><U103/><E116/><V69/><F69/><W13/><G13/><N who="0" m="5343" /><D5/><U62/><E118/><V56/><F12/><W127/><AGARI ba="0,0" hai="41,46,50,65,67,81,86,87,88,91,95,124,126,127" machi="127" ten="30,6000,0" yaku="0,1,18,1,54,1" doraHai="120" who="3" fromWho="3" sc="245,-20,240,-20,225,-20,290,60" owari="225,2.5,220,-18.0,205,-29.5,350,45.0" /></mjloggm>