<mjloggm ver="2.3"><GO type="225" lobby="0"/><UN n0="%33%74%72%65%65" n1="%E6%A1%9C%E8%8A%B1%E9%96%83%E3%80%85" n2="%E6%9C%88%E5%B3%B6%E5%9F%BA" n3="%72%61%6B%33" dan="16,17,17,16" rate="2058.34,2227.96,2187.03,2137.52" sx="F,M,M,M"/><TAIKYOKU oya="0"/><INIT seed="0,0,0,5,0,46" ten="250,250,250,250" oya="0" hai0="120,67,64,110,42,10,15,121,6,52,25,39,45" hai1="117,96,66,20,133,99,93,24,107,112,7,58,5" hai2="124,48,76,23,71,27,8,90,26,0,1,98,94" hai3="22,130,84,126,119,115,111,68,88,32,132,80,4"/><T73/><D73/><U65/><E117/><V86/><F71/><W40/><G119/><T9/><D110/><U75/><E75/><V74/><F124/><W47/><G115/><T19/><D120/><U135/><E112/><V116/><F116/><W55/><G32/><T78/><D121/><U61/><E107/><V118/><F118/><W53/><G126/><T57/><D78/><U123/><E66/><V101/><F8/><W128/><G111/><T43/><D43/><U106/><E106/><N who="2" m="63799" /><F48/><N who="3" m="26727" /><G68/><T11/><D25/><N who="2" m="9226" /><F23/><W38/><G38/><T100/><D100/><N who="1" m="60431" /><E99/><V77/><F77/><W50/><G22/><T92/><D92/><U16/><E123/><V34/><F34/><W89/><G4/><T129/><D129/><N who="3" m="49769" /><G89/><T3/><REACH who="0" step="1"/><D10/><REACH who="0" ten="240,250,250,250" step="2"/><U33/><E135/><V114/><F114/><W72/><G132/><T28/><D28/><U134/><E134/><V127/><F127/><W105/><G105/><T85/><D85/><U59/><E133/><V70/><F70/><W41/><G72/><T69/><D69/><U35/><E35/><V97/><F97/><W63/><G41/><T49/><AGARI ba="0,1" hai="3,6,9,11,15,19,39,42,45,49,52,57,64,67" machi="49" ten="20,12000,1" yaku="1,1,0,1,7,1,52,1,54,1,53,0" doraHai="46" doraHaiUra="31" who="0" fromWho="0" sc="240,130,250,-40,250,-40,250,-40" /><INIT seed="0,1,0,2,3,113" ten="370,210,210,210" oya="0" hai0="7,77,108,32,18,125,114,12,96,55,56,69,36" hai1="93,94,118,47,131,22,105,88,16,11,0,86,31" hai2="64,49,82,120,21,135,68,20,29,71,100,19,33" hai3="13,129,124,62,132,95,76,35,61,24,44,87,122"/><T3/><D114/><U78/><E105/><V43/><F120/><W25/><G124/><T115/><D115/><U112/><E112/><V128/><F33/><W130/><G122/><T117/><D125/><U90/><E131/><V67/><F128/><W101/><G132/><T39/><D69/><U91/><E118/><V84/><F100/><W52/><G13/><T109/><D117/><U34/><E34/><V1/><F1/><W107/><G107/><T17/><D32/><U51/><E31/><V121/><F121/><W123/><G123/><T5/><D96/><U106/><E106/><V46/><F71/><W58/><G44/><T8/><D77/><U85/><E11/><V73/><F73/><W27/><G35/><T119/><D119/><U23/><E0/><V133/><F68/><W60/><G130/><T111/><D17/><U4/><E4/><N who="0" m="1609" /><D3/><U48/><E78/><N who="2" m="46167" /><F135/><W81/><REACH who="3" step="1"/><G129/><REACH who="3" ten="370,210,210,200" step="2"/><T54/><D109/><U63/><E47/><V50/><F133/><W40/><G40/><T103/><D111/><U10/><E10/><V72/><F46/><W104/><G104/><T2/><D8/><U97/><E23/><V74/><F43/><W14/><G14/><T99/><D12/><N who="1" m="9479" /><E63/><V70/><F21/><W126/><G126/><T80/><D108/><U83/><AGARI ba="1,1" hai="48,51,83,85,86,88,90,91,93,94,97" m="9479" machi="83" ten="30,4000,0" yaku="8,1,54,2" doraHai="113" who="1" fromWho="1" sc="370,-21,210,53,210,-11,200,-11" /><INIT seed="1,0,0,5,3,103" ten="349,263,199,189" oya="1" hai0="4,65,19,102,54,66,78,113,20,15,22,36,95" hai1="49,10,131,23,99,40,68,53,26,3,114,94,9" hai2="17,58,117,130,21,57,13,70,80,63,0,14,43" hai3="61,18,88,109,77,34,28,97,111,85,105,120,119"/><U6/><E114/><V122/><F117/><W5/><G120/><T31/><D113/><U64/><E131/><V127/><F0/><W62/><G119/><T37/><D78/><U30/><E40/><V56/><F122/><W104/><G5/><T29/><D4/><U33/><E10/><V106/><F130/><W39/><G39/><T98/><D37/><U38/><E38/><V83/><F127/><W89/><G18/><N who="0" m="10335" /><D36/><U76/><E76/><V16/><F106/><N who="3" m="41067" /><G97/><T35/><D35/><U24/><E64/><N who="0" m="24681" /><D54/><U112/><E68/><V47/><F70/><W67/><G28/><T2/><D2/><U74/><E74/><V86/><F47/><W91/><G34/><T134/><D134/><U44/><E112/><V55/><F43/><W90/><G77/><T71/><D71/><U27/><E33/><V93/><F93/><N who="3" m="54447" /><G67/><T45/><D45/><U1/><E1/><V101/><F101/><AGARI ba="0,0" hai="3,6,9,23,24,26,27,30,44,49,53,94,99,101" machi="101" ten="30,1500,0" yaku="7,1" doraHai="103" who="1" fromWho="2" sc="349,0,263,15,199,-15,189,0" /><INIT seed="1,1,0,2,4,90" ten="349,278,184,189" oya="1" hai0="8,72,21,24,74,18,4,105,65,127,112,19,51" hai1="118,76,20,3,44,75,33,73,63,128,25,126,114" hai2="57,27,41,7,16,0,110,62,95,48,10,66,106" hai3="131,97,40,17,6,47,58,38,26,78,120,36,55"/><U14/><E114/><V79/><F106/><W132/><G120/><T86/><D112/><U109/><E118/><V70/><F110/><W23/><G131/><T91/><D127/><U32/><E3/><V1/><F1/><W53/><G132/><T111/><D111/><U123/><E123/><V129/><F129/><W81/><G36/><T108/><D108/><U88/><E109/><V31/><F79/><W46/><G6/><T43/><D65/><U94/><E128/><V28/><F41/><W77/><G47/><T45/><D18/><U121/><E121/><V98/><F48/><W30/><G78/><T35/><D35/><U101/><E101/><V96/><F96/><W5/><G5/><T83/><D105/><U12/><E63/><V69/><F28/><W15/><G58/><T115/><D115/><U50/><E126/><V39/><F39/><W130/><G97/><T89/><D89/><U107/><E107/><V42/><F42/><W64/><G64/><T71/><D71/><U34/><E76/><V56/><F56/><W116/><G116/><T13/><AGARI ba="1,0" hai="4,8,13,19,21,24,43,45,51,72,74,83,86,91" machi="13" ten="20,1500,0" yaku="0,1,7,1" doraHai="90" who="0" fromWho="0" sc="349,18,278,-8,184,-5,189,-5" /><INIT seed="2,0,0,2,0,11" ten="367,270,179,184" oya="2" hai0="119,3,41,124,26,117,112,1,61,44,2,97,35" hai1="107,121,91,126,72,54,102,4,106,14,70,98,37" hai2="76,8,6,39,131,10,79,95,18,67,55,118,12" hai3="49,63,51,24,127,94,9,30,88,5,120,87,71"/><V75/><F118/><N who="0" m="45066" /><D112/><U58/><E70/><V129/><F39/><W135/><G127/><T122/><D122/><U115/><E115/><V50/><F67/><W73/><G135/><T99/><D61/><U46/><E126/><V108/><F108/><W64/><G73/><T36/><D124/><U104/><E72/><V15/><F95/><W22/><REACH who="3" step="1"/><G120/><REACH who="3" ten="367,270,179,174" step="2"/><T114/><D114/><U48/><E121/><V66/><F75/><W111/><G111/><T134/><D134/><U34/><E106/><V45/><REACH who="2" step="1"/><F66/><REACH who="2" ten="367,270,169,174" step="2"/><W56/><G56/><T53/><D36/><U0/><E58/><V125/><F125/><W109/><G109/><T19/><D44/><U123/><E107/><V92/><F92/><W20/><G20/><T17/><D35/><U32/><E123/><V110/><F110/><W100/><G100/><T133/><D133/><U81/><E37/><V82/><F82/><W57/><G57/><T43/><D99/><U7/><E34/><V23/><F23/><W77/><G77/><AGARI ba="0,2" hai="6,8,10,12,15,18,45,50,55,76,77,79,129,131" machi="77" ten="40,7700,0" yaku="1,1,52,2,53,0" doraHai="11" doraHaiUra="85" who="2" fromWho="3" sc="367,0,270,0,169,97,174,-77" /><INIT seed="2,1,0,4,5,103" ten="367,270,266,97" oya="2" hai0="43,12,29,59,134,124,54,112,125,82,27,55,3" hai1="119,47,95,102,73,81,70,16,69,50,41,42,67" hai2="86,61,83,121,46,58,129,24,52,2,133,18,48" hai3="49,36,56,33,0,13,30,120,21,106,74,62,34"/><V85/><F121/><W17/><G120/><T5/><D134/><U104/><E119/><V88/><F133/><W4/><G36/><T38/><D112/><U23/><E104/><V79/><F2/><W7/><G74/><T91/><D3/><U127/><E127/><N who="0" m="48713" /><D43/><U72/><E42/><V8/><F129/><W71/><G71/><T130/><D38/><U116/><E116/><V35/><F35/><W75/><G75/><T131/><D82/><U84/><E72/><V89/><F85/><W20/><G49/><N who="0" m="31183" /><D91/><U19/><E73/><V117/><F117/><W11/><G56/><T45/><D12/><U118/><E70/><V111/><F111/><W122/><G62/><T135/><D5/><N who="3" m="2121" /><G106/><T53/><D135/><U6/><E69/><V40/><F24/><N who="3" m="16647" /><G122/><T9/><D9/><U123/><E6/><AGARI ba="1,0" hai="0,6,11,13,17,21,33,34" m="16647,2121" machi="6" ten="30,8000,1" yaku="35,5" doraHai="103" who="3" fromWho="1" sc="367,0,270,-83,266,0,97,83" /><INIT seed="3,0,0,0,4,104" ten="367,187,266,180" oya="3" hai0="16,126,108,5,40,41,35,27,112,30,56,51,3" hai1="49,46,95,118,124,63,99,80,48,53,132,17,64" hai2="75,12,85,20,133,67,72,107,103,2,78,25,113" hai3="65,83,81,11,116,24,7,109,52,105,33,22,73"/><W90/><G116/><T128/><D108/><U131/><E118/><V98/><F2/><W34/><G109/><T68/><D68/><U19/><E131/><V4/><F113/><W26/><G105/><T36/><D36/><U61/><E132/><V8/><F133/><W130/><G130/><T97/><D128/><U31/><E124/><V39/><F39/><W74/><G65/><T14/><D97/><U84/><E31/><V9/><F9/><W120/><G120/><T89/><D89/><N who="1" m="51335" /><E49/><V88/><F78/><W55/><G90/><T37/><D56/><N who="1" m="36967" /><E61/><V87/><F87/><W32/><G83/><T110/><D16/><U122/><E122/><V59/><F59/><W15/><G26/><T115/><D14/><U91/><AGARI ba="0,0" hai="17,19,46,48,53,91,95,99" m="36967,51335" machi="91" ten="30,1100,0" yaku="8,1" doraHai="104" who="1" fromWho="1" sc="367,-3,187,11,266,-3,180,-5" owari="364,46.4,198,-20.2,263,6.3,175,-32.5" /></mjloggm>