<mjloggm ver="2.3"><GO type="225" lobby="0"/><UN n0="%E5%B8%86%E7%AB%8B%E5%A4%8F%E8%A1%A3" n1="%E5%84%AA%40%41%42%43" n2="%E3%81%BF%E3%81%BF%E3%81%9A" n3="%E3%83%A9%E3%83%BC%E3%83%A1%E3%83%B3%E4%BA%94%E9%83%8E" dan="17,17,17,16" rate="2211.16,2149.04,2225.42,2125.72" sx="M,M,M,M"/><TAIKYOKU oya="0"/><INIT seed="0,0,0,5,2,44" ten="250,250,250,250" oya="0" hai0="64,66,106,45,65,122,99,4,72,97,37,123,33" hai1="82,91,23,112,59,7,127,130,31,107,89,104,88" hai2="20,30,73,74,109,53,42,70,105,103,52,126,81" hai3="34,25,36,60,125,38,28,62,47,13,56,32,15"/><T92/><D72/><U24/><E127/><V76/><F70/><W77/><G125/><T101/><D33/><U35/><E130/><V11/><F126/><W110/><G110/><T2/><D4/><U135/><E135/><V12/><F109/><W102/><G34/><T58/><D2/><U98/><E112/><V108/><F108/><W115/><G115/><T18/><D18/><U117/><E117/><V1/><F74/><W43/><G36/><T51/><D37/><U132/><E132/><V100/><F1/><W116/><G116/><T16/><D58/><U55/><E7/><V5/><F42/><W39/><G39/><T121/><D16/><U19/><E82/><V131/><F131/><W29/><G29/><T9/><D9/><U69/><E98/><V87/><F73/><W49/><G77/><T95/><REACH who="0" step="1"/><D99/><REACH who="0" ten="240,250,250,250" step="2"/><U119/><E119/><V57/><F57/><W17/><G38/><T94/><D94/><U8/><E8/><V22/><F105/><W71/><G56/><T21/><D21/><N who="2" m="8298" /><F30/><W120/><G17/><T83/><D83/><U40/><E69/><V80/><F81/><W3/><G71/><T113/><D113/><U54/><E107/><V90/><F76/><W118/><G118/><T114/><D114/><U26/><E104/><V111/><F111/><W61/><G3/><T67/><N who="0" m="16384" /><DORA hai="63" /><T128/><D128/><U6/><E6/><V50/><F80/><W27/><G28/><T79/><D79/><U133/><E133/><V0/><F0/><W78/><G32/><T75/><D75/><U14/><E59/><V68/><F68/><RYUUKYOKU ba="0,1" sc="240,30,250,-10,250,-10,250,-10" hai0="45,51,92,95,97,101,106,121,122,123" /><INIT seed="0,1,1,5,1,45" ten="270,240,240,240" oya="0" hai0="128,30,105,6,15,39,46,91,76,95,28,78,7" hai1="50,41,9,80,0,88,25,100,123,23,83,90,51" hai2="74,113,108,62,60,117,102,44,5,97,48,64,110" hai3="116,38,32,125,24,121,65,36,133,98,127,68,132"/><T81/><D105/><U59/><E123/><V109/><F113/><W43/><G116/><T71/><D71/><U115/><E115/><V99/><F117/><W85/><G121/><T103/><D128/><U131/><E131/><V2/><F74/><W75/><G75/><T40/><D103/><U16/><E0/><V135/><F135/><N who="3" m="51787" /><G85/><T94/><D94/><U4/><E100/><V82/><F82/><N who="1" m="31273" /><E41/><N who="2" m="24591" /><F64/><W27/><G98/><N who="2" m="37385" /><F102/><W130/><G130/><T112/><D112/><U52/><E50/><V55/><F55/><W3/><G3/><T101/><D101/><U120/><E120/><V104/><F104/><W33/><G43/><T58/><D81/><U66/><E66/><V49/><F49/><W69/><G36/><T126/><D76/><U93/><E93/><V77/><F77/><W54/><G54/><T17/><D78/><U111/><E111/><N who="2" m="28419" /><V11/><AGARI ba="1,1" hai="2,5,11,60,62" m="28419,37385,24591" machi="11" ten="50,6400,0" yaku="4,1,14,1,52,1" doraHai="45" who="2" fromWho="2" sc="270,-33,240,-17,240,77,240,-17" /><INIT seed="1,0,0,3,5,89" ten="237,223,317,223" oya="1" hai0="2,54,68,51,97,9,110,102,31,114,41,82,129" hai1="123,71,94,48,7,18,63,67,96,60,115,12,39" hai2="108,83,53,104,135,15,49,80,98,37,3,106,35" hai3="113,99,57,4,90,88,75,128,24,23,47,14,105"/><U11/><E115/><V28/><F3/><W112/><G75/><T117/><D68/><U101/><E123/><V69/><F37/><W59/><G128/><T43/><D114/><U29/><E39/><V78/><F69/><W133/><G133/><T91/><D117/><U126/><E126/><V27/><F135/><W50/><G113/><T45/><D129/><U19/><E29/><V107/><F108/><W42/><G112/><T26/><D110/><U118/><E118/><V116/><F116/><W61/><G105/><T81/><D9/><U70/><REACH who="1" step="1"/><E48/><REACH who="1" ten="237,213,317,223" step="2"/><V95/><F78/><W0/><G50/><T30/><D30/><U121/><E121/><V5/><F5/><W103/><G4/><T25/><D31/><U132/><E132/><V131/><F131/><W122/><G122/><T130/><D130/><U46/><E46/><V73/><F73/><W32/><G47/><T134/><D134/><U21/><E21/><V10/><F49/><W66/><G23/><T77/><D51/><U79/><E79/><V93/><F28/><W74/><G74/><T55/><D45/><U86/><E86/><V87/><F87/><W65/><G32/><T100/><D77/><U111/><E111/><V127/><F35/><W6/><G99/><T84/><D97/><U8/><E8/><V125/><F127/><W44/><G44/><T64/><D84/><U40/><E40/><V92/><F125/><W124/><G42/><T1/><D64/><AGARI ba="0,1" hai="7,11,12,18,19,60,63,64,67,70,71,94,96,101" machi="64" ten="40,7700,0" yaku="1,1,9,1,52,1,53,0" doraHai="89" doraHaiUra="17" who="1" fromWho="0" sc="237,-77,213,87,317,0,223,0" /><INIT seed="1,1,0,4,4,109" ten="160,300,317,223" oya="1" hai0="48,134,133,106,115,92,33,19,98,20,101,135,76" hai1="9,50,113,79,90,121,123,13,39,77,112,26,86" hai2="108,45,35,74,17,61,56,67,30,70,87,37,10" hai3="126,25,62,89,130,7,93,122,31,78,41,131,69"/><U59/><E39/><V49/><F74/><W5/><G122/><N who="1" m="46602" /><E50/><V119/><F108/><W81/><G126/><T114/><D33/><U120/><E59/><V1/><F119/><W100/><G100/><T72/><D106/><U36/><E36/><V117/><F117/><W14/><G41/><T128/><D128/><N who="3" m="49193" /><G62/><T80/><REACH who="0" step="1"/><D48/><REACH who="0" ten="150,300,317,223" step="2"/><U27/><E120/><V44/><F35/><N who="3" m="20975" /><G69/><T8/><D8/><U132/><E9/><V68/><F37/><W51/><G51/><T6/><D6/><U40/><E40/><V71/><F44/><W16/><G5/><T105/><D105/><U127/><E127/><V107/><F107/><W55/><G7/><T102/><D102/><U46/><E46/><V118/><F118/><W88/><G55/><T29/><D29/><U91/><E132/><V43/><F30/><W2/><G2/><T52/><D52/><U15/><E113/><V58/><F1/><W23/><G93/><T34/><D34/><U73/><E112/><V60/><F67/><W4/><G4/><T66/><D66/><U57/><E57/><V95/><F58/><W129/><G129/><T24/><AGARI ba="1,1" hai="19,20,24,72,76,80,92,98,101,114,115,133,134,135" machi="24" ten="30,12000,2" yaku="1,1,0,1,20,1,52,2,53,1" doraHai="109" doraHaiUra="104" who="0" fromWho="0" sc="150,133,300,-61,317,-31,223,-31" /><INIT seed="2,0,0,4,2,105" ten="283,239,286,192" oya="2" hai0="120,17,32,22,31,18,107,83,104,57,49,53,66" hai1="108,97,30,79,86,29,16,56,94,46,10,117,52" hai2="47,25,75,64,73,115,0,71,44,68,42,3,122" hai3="91,103,109,74,127,5,23,58,11,54,92,77,126"/><V132/><F115/><W39/><G39/><T8/><D120/><U98/><E117/><V118/><F122/><W40/><G40/><T51/><D32/><U43/><E108/><V82/><F82/><W21/><G109/><T35/><D35/><U60/><E79/><V84/><F84/><W59/><G103/><T34/><D34/><U6/><E86/><V24/><F42/><W128/><G128/><T12/><D31/><U70/><E70/><V90/><F90/><W123/><G123/><T130/><D130/><U121/><E121/><V19/><F19/><W36/><G36/><T13/><D66/><U99/><E94/><V114/><F64/><W124/><G21/><T67/><D67/><U134/><E134/><V50/><F50/><W28/><G23/><T41/><D83/><U4/><E4/><V62/><F62/><W37/><G37/><T85/><D85/><U9/><E6/><V88/><F88/><W61/><G28/><N who="1" m="10858" /><E16/><V112/><F132/><W125/><N who="3" m="31744" /><DORA hai="110" /><W72/><G58/><T38/><D38/><U65/><E43/><V76/><F76/><W96/><REACH who="3" step="1"/><G77/><REACH who="3" ten="283,239,286,182" step="2"/><T89/><D41/><U129/><E129/><V100/><F118/><W48/><G48/><AGARI ba="0,1" hai="9,10,46,48,52,56,60,65,97,98,99" m="10858" machi="48" ten="30,2000,0" yaku="8,1,54,1" doraHai="105,110" who="1" fromWho="3" sc="283,0,239,30,286,0,182,-20" /><INIT seed="3,0,0,2,5,126" ten="283,269,286,162" oya="3" hai0="69,28,72,38,78,82,118,94,117,81,26,47,71" hai1="67,64,63,132,62,122,83,9,135,90,73,95,114" hai2="52,43,89,124,56,44,70,85,34,88,0,98,58" hai3="50,99,65,104,40,111,42,49,21,112,18,11,3"/><W68/><G112/><T10/><D82/><U55/><E114/><V113/><F0/><W53/><G68/><N who="0" m="26187" /><D94/><U12/><E122/><V15/><F34/><W107/><G65/><N who="1" m="25162" /><E83/><N who="2" m="49215" /><F70/><W29/><G29/><T91/><D91/><U2/><E2/><V109/><F124/><W119/><G119/><T115/><D115/><U77/><E77/><V101/><F109/><W22/><G111/><T84/><D84/><N who="1" m="52679" /><E73/><V39/><F39/><W19/><G3/><T37/><D10/><U16/><E55/><V127/><F127/><W120/><G11/><T123/><D123/><U108/><E108/><V1/><F1/><W75/><G120/><T96/><D96/><U31/><E31/><V54/><F101/><W36/><G99/><T131/><D38/><U125/><E125/><V79/><F79/><W5/><G36/><T20/><D37/><U103/><E103/><V33/><F33/><W13/><G53/><N who="2" m="20585" /><F113/><W32/><G32/><T80/><D117/><U130/><E130/><V8/><F44/><W102/><G102/><T45/><D118/><U7/><E7/><N who="2" m="3487" /><F43/><W57/><G5/><T93/><D131/><U97/><E97/><V133/><F133/><AGARI ba="0,0" hai="9,12,16,62,63,132,133,135" m="52679,25162" machi="133" ten="30,2000,0" yaku="20,1,54,1" doraHai="126" who="1" fromWho="2" sc="283,0,269,20,286,-20,162,0" /><INIT seed="4,0,0,1,3,116" ten="283,289,266,162" oya="0" hai0="18,36,108,134,77,3,130,131,81,16,78,95,112" hai1="24,90,25,29,22,79,68,37,83,127,101,84,62" hai2="86,76,106,13,135,6,38,5,113,71,63,87,11" hai3="54,20,96,52,61,51,41,40,70,50,67,14,26"/><T12/><D3/><U117/><E117/><V44/><F106/><W99/><G14/><T4/><D36/><U65/><E37/><V48/><F38/><W56/><G40/><T43/><D43/><U72/><E127/><V55/><F135/><W133/><G41/><T107/><D107/><U53/><E101/><V31/><F113/><W126/><G126/><T66/><D134/><U119/><E119/><V34/><F76/><N who="0" m="29290" /><D81/><U110/><E110/><V58/><F71/><W94/><G133/><T98/><D112/><U1/><E1/><V39/><F39/><W92/><G92/><T123/><D66/><U9/><E9/><V82/><F5/><W33/><G94/><T103/><D123/><U19/><E53/><V109/><F109/><W0/><G33/><T80/><D80/><U85/><REACH who="1" step="1"/><E90/><REACH who="1" ten="283,279,266,162" step="2"/><V122/><F122/><W7/><G0/><T60/><D108/><U28/><E28/><V124/><F124/><W17/><REACH who="3" step="1"/><G7/><REACH who="3" ten="283,279,266,152" step="2"/><T10/><D130/><U125/><E125/><V97/><F97/><W45/><AGARI ba="0,2" hai="17,20,26,45,50,51,52,54,56,61,67,70,96,99" machi="45" ten="20,8000,1" yaku="1,1,2,1,0,1,7,1,54,1,53,0" doraHai="116" doraHaiUra="121" who="3" fromWho="3" sc="283,-40,279,-20,266,-20,152,100" /><INIT seed="5,0,0,0,2,118" ten="243,259,246,252" oya="1" hai0="43,110,87,135,39,76,59,66,67,82,52,61,84" hai1="134,109,103,8,79,45,68,70,124,40,123,78,117" hai2="10,49,97,20,99,64,63,12,129,1,0,6,107" hai3="41,14,127,114,83,28,62,16,73,26,100,57,128"/><U23/><E117/><V94/><F129/><W65/><G128/><T11/><D110/><U55/><E123/><V133/><F133/><W113/><G127/><T5/><D135/><U116/><E116/><V80/><F80/><W122/><G41/><T35/><D35/><U21/><E134/><V74/><F74/><W92/><G122/><T58/><D84/><U131/><E131/><V81/><F81/><W106/><G106/><T18/><D18/><U3/><E103/><V108/><F108/><W19/><G83/><T48/><D39/><U69/><E109/><V96/><F107/><W90/><G73/><T42/><D67/><U51/><E124/><V115/><F115/><N who="3" m="44043" /><G14/><AGARI ba="0,0" hai="5,11,14,42,43,48,52,58,59,61,66,76,82,87" machi="14" ten="30,3900,0" yaku="7,1,8,1,54,1" doraHai="118" who="0" fromWho="3" sc="243,39,259,0,246,0,252,-39" /><INIT seed="6,0,0,4,2,42" ten="282,259,246,213" oya="2" hai0="58,18,64,110,94,75,101,133,29,50,37,30,121" hai1="105,117,102,44,28,56,21,98,40,126,54,96,128" hai2="14,31,33,130,119,116,8,22,34,47,92,16,97" hai3="3,131,106,86,46,118,134,79,83,135,60,78,111"/><V11/><F130/><W36/><G118/><T103/><D75/><U132/><E117/><V89/><F8/><W115/><G111/><T100/><D37/><U68/><E68/><V61/><F34/><W81/><G3/><T0/><D0/><U65/><E65/><V41/><F33/><W27/><G106/><T62/><D121/><U74/><E74/><V80/><F61/><W71/><G131/><T52/><D133/><N who="3" m="50697" /><G115/><T7/><D7/><U24/><E128/><V120/><F120/><W15/><G15/><T32/><D32/><U12/><E126/><V4/><F31/><N who="0" m="11786" /><D110/><U84/><E98/><V2/><F80/><N who="3" m="47383" /><G79/><T85/><D18/><U57/><E132/><V129/><F129/><W38/><G27/><T107/><D107/><U17/><E84/><V114/><F114/><W91/><G91/><N who="0" m="53615" /><D103/><U10/><REACH who="1" step="1"/><E54/><REACH who="1" ten="282,249,246,213" step="2"/><V77/><F77/><W72/><G72/><T35/><D64/><U90/><E90/><V69/><F69/><W20/><G71/><T76/><D76/><U95/><E95/><V49/><AGARI ba="0,1" hai="2,4,11,14,16,22,41,47,49,89,92,97,116,119" machi="49" ten="20,7800,0" yaku="0,1,7,1,52,1,54,1" doraHai="42" who="2" fromWho="2" sc="282,-26,249,-26,246,88,213,-26" owari="256,5.6,223,-17.7,334,43.4,187,-31.3" /></mjloggm>