<mjloggm ver="2.3"><GO type="225" lobby="0"/><UN n0="%E6%9D%BE%E6%9C%AC%E5%81%A5%E7%94%B7" n1="%E6%A1%9C%E8%8A%B1%E9%96%83%E3%80%85" n2="%4C%4F%4C%49%54%41" n3="%E8%81%B7%E6%A5%AD%E3%80%81%E9%A2%A8%32" dan="17,16,16,16" rate="2220.11,2105.65,2086.43,2155.76" sx="M,M,F,M"/><TAIKYOKU oya="0"/><INIT seed="0,0,0,1,4,31" ten="250,250,250,250" oya="0" hai0="61,83,14,91,56,66,55,80,98,93,23,7,18" hai1="116,120,122,52,35,124,84,22,107,54,100,126,74" hai2="57,131,95,128,34,90,9,69,51,53,65,125,29" hai3="39,94,78,11,113,121,1,2,70,36,103,132,85"/><T105/><D105/><U117/><E74/><V4/><F125/><N who="1" m="48233" /><E22/><V28/><F69/><W86/><G70/><T82/><REACH who="0" step="1"/><D7/><REACH who="0" ten="240,250,250,250" step="2"/><U77/><E117/><V127/><F127/><W3/><G121/><T26/><D26/><U75/><E116/><V88/><F4/><W48/><G3/><T129/><D129/><U62/><E122/><V72/><F131/><W49/><G2/><T102/><D102/><U13/><E120/><V37/><F128/><W20/><G103/><T44/><D44/><U63/><E100/><V64/><F90/><W114/><G1/><T110/><D110/><U112/><E107/><V42/><F88/><W68/><G114/><T40/><D40/><U27/><E112/><V58/><F42/><W43/><G43/><T104/><D104/><U92/><E27/><V118/><F118/><W134/><G113/><T119/><D119/><U32/><E13/><V8/><F28/><W115/><G115/><T123/><D123/><U71/><E77/><V50/><F29/><W89/><G78/><T130/><D130/><U19/><E19/><V15/><F15/><W60/><G89/><T46/><D46/><U59/><E32/><V10/><F34/><W17/><G17/><T108/><D108/><U41/><E35/><V6/><F6/><W47/><G47/><T79/><D79/><U67/><E41/><V133/><F37/><W96/><G39/><T101/><D101/><U21/><E92/><V33/><F95/><W97/><G36/><T81/><N who="0" m="20480" /><DORA hai="87" /><T135/><D135/><U25/><E25/><V45/><F133/><W109/><G132/><RYUUKYOKU ba="0,1" sc="240,30,250,-10,250,-10,250,-10" hai0="14,18,23,55,56,61,66,91,93,98" /><INIT seed="0,1,1,0,2,10" ten="270,240,240,240" oya="0" hai0="27,33,129,40,91,55,118,128,63,93,16,87,98" hai1="117,127,95,90,52,22,28,6,26,78,100,51,112" hai2="116,38,115,37,97,114,104,88,126,12,2,69,66" hai3="130,57,24,110,39,105,43,113,99,61,119,36,89"/><T45/><D118/><U96/><E127/><V70/><F126/><W29/><G119/><T94/><D63/><U79/><E117/><V75/><F116/><W62/><G113/><T65/><D65/><U122/><E122/><V102/><F2/><W80/><G62/><T106/><D55/><U17/><E112/><V86/><F75/><W73/><G110/><T72/><D106/><U14/><E6/><V60/><F69/><W131/><G73/><T134/><D72/><U77/><E100/><V19/><F114/><W121/><G121/><T74/><D74/><U58/><REACH who="1" step="1"/><E78/><REACH who="1" ten="270,230,240,240" step="2"/><V3/><F115/><W85/><G130/><T20/><D134/><U83/><E83/><V4/><F4/><W15/><G80/><T0/><D0/><U123/><E123/><V64/><F3/><W59/><G131/><T7/><D7/><U109/><E109/><V68/><F70/><W103/><G103/><T21/><D33/><AGARI ba="1,2" hai="14,17,22,26,28,33,51,52,58,77,79,90,95,96" machi="33" ten="30,7700,0" yaku="1,1,7,1,52,1,54,1,53,0" doraHai="10" doraHaiUra="56" who="1" fromWho="0" sc="270,-80,230,100,240,0,240,0" /><INIT seed="1,0,0,2,1,87" ten="190,330,240,240" oya="1" hai0="120,127,80,30,83,129,96,9,131,123,110,19,6" hai1="39,70,40,65,95,74,44,89,84,108,118,86,37" hai2="13,49,128,109,4,116,2,91,103,51,85,55,81" hai3="25,125,102,135,5,111,12,0,36,107,56,29,104"/><U10/><E118/><V59/><F116/><W101/><G36/><T46/><D110/><U17/><E74/><V134/><F2/><W42/><G111/><T35/><D127/><U122/><E108/><V77/><F109/><W115/><G115/><T67/><D67/><U52/><E122/><V64/><F134/><W112/><G42/><T133/><D133/><U76/><E37/><V69/><F128/><N who="0" m="49226" /><D19/><U94/><E76/><V31/><F103/><W28/><G112/><T41/><D96/><U66/><E70/><V62/><F31/><W14/><G125/><T20/><D20/><U60/><E10/><V73/><F13/><W130/><G28/><T132/><D132/><U11/><E11/><V3/><F3/><W100/><G29/><T1/><D30/><U26/><E17/><V8/><F8/><W21/><G21/><T61/><D61/><U45/><E26/><V126/><F4/><W79/><G5/><T22/><D22/><U15/><E15/><V34/><F34/><W68/><G68/><T121/><D35/><U63/><E63/><V82/><F126/><W92/><G135/><T23/><D23/><U93/><E60/><AGARI ba="0,0" hai="49,51,55,59,60,62,64,69,73,77,81,82,85,91" machi="60" ten="30,2000,0" yaku="7,1,52,1" doraHai="87" who="2" fromWho="1" sc="190,0,330,-20,240,20,240,0" /><INIT seed="2,0,0,4,3,63" ten="190,310,260,240" oya="2" hai0="116,80,133,111,20,83,103,53,62,21,123,89,13" hai1="54,12,44,98,42,87,112,19,69,0,85,71,96" hai2="86,120,132,36,6,56,90,16,104,130,65,82,31" hai3="119,46,4,60,27,70,61,1,131,18,105,7,94"/><V73/><F120/><W51/><G119/><T128/><D123/><U106/><E0/><V48/><F36/><W3/><G105/><T81/><D116/><U32/><E32/><V26/><F104/><W92/><G131/><T39/><D128/><U93/><E112/><V17/><F130/><W30/><G3/><T43/><D111/><U79/><E54/><V45/><F73/><W78/><G78/><T118/><D118/><U125/><E125/><V29/><F6/><W8/><G7/><T50/><D39/><U15/><E15/><V67/><F132/><W100/><G18/><N who="2" m="7273" /><F56/><W76/><G76/><T5/><D103/><U77/><E71/><V75/><F75/><W72/><G72/><T11/><D133/><U113/><E69/><V64/><F26/><W114/><G114/><T49/><D89/><U24/><E24/><V40/><AGARI ba="0,0" hai="29,31,40,45,48,64,65,67,82,86,90" m="7273" machi="40" ten="30,12000,1" yaku="8,1,52,3,54,1" doraHai="63" who="2" fromWho="2" sc="190,-40,310,-40,260,120,240,-40" /><INIT seed="2,1,0,3,1,9" ten="150,270,380,200" oya="2" hai0="57,18,40,114,26,95,30,31,76,2,34,75,53" hai1="25,55,94,21,97,70,15,8,65,27,68,131,78" hai2="41,130,113,7,116,3,135,12,61,37,98,71,121" hai3="46,49,83,24,13,47,0,128,108,88,79,48,133"/><V59/><F113/><W72/><G0/><T39/><D114/><U62/><E131/><V38/><F116/><W77/><G128/><T110/><D110/><U32/><E32/><V93/><F121/><W80/><G108/><T60/><D2/><U81/><E55/><V103/><F135/><W96/><G133/><T91/><D76/><N who="3" m="29257" /><G24/><T10/><D75/><U11/><E11/><V58/><F3/><W90/><G72/><T109/><D109/><U5/><E21/><V6/><F71/><W36/><G36/><T23/><D10/><U29/><E29/><V14/><F38/><W127/><G13/><N who="2" m="5225" /><F37/><W17/><G17/><T28/><D39/><U107/><E107/><V118/><F118/><W52/><G127/><T129/><D129/><U102/><E70/><V124/><F124/><W122/><G122/><T105/><D105/><U87/><AGARI ba="1,0" hai="5,8,15,25,27,62,65,68,78,81,87,94,97,102" machi="87" ten="20,2700,0" yaku="0,1,7,1,52,1" doraHai="9" who="1" fromWho="1" sc="150,-8,270,30,380,-14,200,-8" /><INIT seed="3,0,0,5,5,82" ten="142,300,366,192" oya="3" hai0="64,51,54,118,107,119,20,32,106,16,22,31,0" hai1="105,127,47,115,12,109,38,60,111,130,45,78,129" hai2="131,83,71,41,74,33,96,86,56,77,116,121,39" hai3="8,65,100,18,15,7,63,4,23,2,11,97,3"/><W66/><REACH who="3" step="1"/><G63/><REACH who="3" ten="142,300,366,182" step="2"/><T98/><D0/><U75/><E60/><V43/><F121/><W52/><G52/><T67/><D32/><U103/><E130/><V55/><F131/><W28/><G28/><T69/><D31/><U17/><E129/><V128/><F55/><W117/><G117/><T61/><D67/><U5/><E111/><V57/><F128/><W87/><G87/><T90/><D119/><U113/><E109/><V42/><F86/><W27/><G27/><T95/><D118/><U9/><E113/><V48/><F116/><W36/><G36/><T81/><D81/><U50/><E38/><V29/><F39/><W124/><G124/><T122/><D122/><U89/><E127/><V53/><F53/><W85/><G85/><T37/><D37/><U19/><E115/><V6/><F83/><W35/><G35/><T84/><D84/><U112/><E112/><V125/><F29/><W134/><G134/><T102/><D90/><U135/><E89/><V120/><F33/><W1/><G1/><T133/><D133/><U13/><E135/><V10/><F125/><W14/><G14/><T68/><D68/><U59/><E13/><V101/><F120/><W91/><G91/><T26/><REACH who="0" step="1"/><D22/><REACH who="0" ten="132,300,366,182" step="2"/><U44/><E75/><V24/><F74/><W62/><G62/><T46/><AGARI ba="0,2" hai="16,20,26,46,51,54,61,64,69,95,98,102,106,107" machi="46" ten="20,8000,1" yaku="1,1,2,1,0,1,7,1,54,1,53,0" doraHai="82" doraHaiUra="80" who="0" fromWho="0" sc="132,100,300,-20,366,-20,182,-40" owari="232,-16.8,280,8.0,346,44.6,142,-35.8" /></mjloggm>