<mjloggm ver="2.3"><GO type="225" lobby="0"/><UN n0="%E3%82%A2%E3%83%9E%E3%83%9D%EF%BD%9E%EF%BD%9E%E3%83%A9" n1="%E3%83%96%E3%83%83%E3%83%91%E3%82%AA%E3%83%96%E3%83%81%E3%82%AD%E3%83%B3" n2="%E9%80%86%E9%80%A3%E5%B8%AF%E3%81%AE%E9%AC%BC" n3="%72%61%6B%33" dan="17,17,16,16" rate="2086.19,2212.10,2065.05,2147.05" sx="M,M,M,M"/><TAIKYOKU oya="0"/><INIT seed="0,0,0,2,2,108" ten="250,250,250,250" oya="0" hai0="55,78,2,48,40,114,94,24,18,119,102,105,15" hai1="11,32,92,25,66,41,16,111,75,14,54,58,43" hai2="6,46,57,86,39,79,53,47,5,38,85,13,31" hai3="84,90,61,44,64,28,134,7,17,80,124,76,87"/><T27/><D119/><U88/><E111/><V89/><F31/><W107/><G107/><T71/><D2/><U99/><E75/><V73/><F73/><W26/><G124/><T10/><D105/><U118/><E118/><V113/><F113/><W20/><G134/><T117/><D114/><U95/><E66/><V8/><F5/><W56/><G7/><T72/><D71/><U4/><E32/><V9/><F9/><W60/><G44/><T83/><D40/><U67/><E67/><V96/><F39/><W125/><G125/><T50/><D50/><U42/><E95/><V116/><F116/><W133/><G133/><T12/><D117/><U22/><REACH who="1" step="1"/><E42/><REACH who="1" ten="250,240,250,250" step="2"/><V120/><F120/><W65/><G28/><T110/><D110/><U37/><E37/><V112/><F38/><W63/><REACH who="3" step="1"/><G64/><REACH who="3" ten="250,240,250,240" step="2"/><T130/><D55/><U52/><E52/><V1/><F53/><W3/><G3/><T62/><D72/><U98/><E98/><V23/><F96/><W77/><G77/><T82/><D78/><U126/><E126/><V59/><F79/><W0/><G0/><T74/><D74/><U51/><AGARI ba="0,2" hai="4,11,14,16,22,25,41,43,51,54,58,88,92,99" machi="51" ten="20,12000,2" yaku="1,1,0,1,7,1,8,1,54,2,53,0" doraHai="108" doraHaiUra="97" who="1" fromWho="1" sc="250,-60,240,140,250,-30,240,-30" /><INIT seed="1,0,0,3,5,57" ten="190,380,220,210" oya="1" hai0="5,111,115,32,90,18,107,133,15,67,68,113,44" hai1="103,48,73,93,116,83,55,70,118,87,10,126,13" hai2="61,135,7,114,62,8,50,84,20,102,53,46,109" hai3="78,124,34,79,29,52,130,97,31,96,22,0,40"/><U128/><E128/><V27/><F109/><W24/><G0/><T85/><D111/><U120/><E120/><V66/><F135/><W60/><G130/><T43/><D107/><U91/><E126/><V17/><F114/><W99/><G124/><T127/><D133/><U12/><E70/><V121/><F121/><W95/><G40/><T54/><D54/><U106/><E106/><V47/><F102/><W72/><G72/><T41/><D32/><U35/><E35/><V39/><F84/><W119/><G119/><T132/><D43/><U56/><E13/><V80/><F80/><W65/><G95/><T2/><D132/><U88/><E103/><V37/><F47/><W104/><G104/><T1/><D5/><U110/><E110/><V25/><F25/><W117/><G117/><T74/><D74/><U19/><REACH who="1" step="1"/><E73/><REACH who="1" ten="190,370,220,210" step="2"/><V23/><F23/><W131/><G131/><T134/><D134/><U112/><E112/><V89/><F89/><W71/><G34/><T4/><D127/><U98/><AGARI ba="0,1" hai="10,12,19,48,55,56,83,87,88,91,93,98,116,118" machi="98" ten="20,12000,1" yaku="1,1,0,1,7,1,54,1,53,1" doraHai="57" doraHaiUra="81" who="1" fromWho="1" sc="190,-40,370,130,220,-40,210,-40" /><INIT seed="1,1,0,3,3,89" ten="150,500,180,170" oya="1" hai0="109,44,96,51,82,97,56,72,12,103,25,106,2" hai1="13,90,57,118,24,27,38,28,131,102,99,91,45" hai2="134,14,125,88,83,55,79,107,130,59,105,87,19" hai3="34,36,132,120,104,54,52,32,58,92,64,33,46"/><U81/><E118/><V69/><F134/><W31/><G120/><T122/><D2/><U0/><E0/><V42/><F130/><W133/><G104/><T119/><D119/><U85/><E131/><V50/><F125/><W75/><G75/><T112/><D112/><U93/><E38/><V20/><F69/><W1/><G1/><T70/><D70/><U60/><E45/><V111/><F111/><W39/><G31/><T80/><D122/><U29/><E13/><V8/><F42/><W10/><G10/><T129/><D109/><U128/><E128/><V26/><REACH who="2" step="1"/><F79/><REACH who="2" ten="150,500,170,170" step="2"/><W16/><G133/><T65/><D129/><U43/><E43/><V5/><AGARI ba="1,1" hai="5,8,14,19,20,26,50,55,59,83,87,88,105,107" machi="5" ten="20,12000,2" yaku="1,1,2,1,0,1,7,1,54,1,53,1" doraHai="89" doraHaiUra="77" who="2" fromWho="2" sc="150,-31,500,-61,170,133,170,-31" /><INIT seed="2,0,0,3,1,124" ten="119,439,303,139" oya="2" hai0="34,2,11,6,72,23,1,35,59,61,62,0,25" hai1="117,97,44,32,24,47,71,130,75,27,73,4,105" hai2="87,50,41,60,113,134,131,122,39,46,38,127,111" hai3="33,132,17,36,29,125,76,42,22,92,103,9,106"/><V18/><F127/><W126/><G106/><T56/><D72/><U116/><E71/><V100/><F122/><W85/><G132/><T74/><D74/><U98/><E4/><V20/><F134/><W65/><G65/><T69/><D69/><U114/><E32/><N who="0" m="12329" /><D56/><U99/><E99/><V16/><F113/><W68/><G68/><T48/><D48/><U119/><E119/><V93/><F111/><W63/><G63/><T102/><D102/><U84/><E130/><V51/><F131/><W55/><G103/><T58/><D58/><U66/><E84/><V14/><F60/><W19/><G55/><T135/><D59/><U26/><E26/><V67/><F67/><W95/><G42/><T31/><D61/><U120/><E66/><V91/><F100/><W64/><G64/><T54/><D54/><U104/><E114/><V12/><REACH who="2" step="1"/><F39/><REACH who="2" ten="119,439,293,139" step="2"/><W7/><G36/><T43/><D62/><U30/><E30/><V79/><F79/><W52/><G76/><T78/><D78/><U77/><E77/><V112/><F112/><W123/><G126/><T110/><D135/><U82/><E120/><V115/><F115/><W121/><G123/><T89/><D110/><U5/><E5/><V8/><AGARI ba="0,1" hai="8,12,14,16,18,20,38,41,46,50,51,87,91,93" machi="8" ten="20,7800,0" yaku="1,1,0,1,7,1,54,1,53,0" doraHai="124" doraHaiUra="109" who="2" fromWho="2" sc="119,-26,439,-26,293,88,139,-26" /><INIT seed="2,1,0,0,2,126" ten="93,413,381,113" oya="2" hai0="40,68,42,110,72,25,115,124,105,14,106,45,71" hai1="51,28,23,125,11,39,127,4,117,75,135,107,104" hai2="108,103,132,0,88,100,74,35,54,66,63,58,26" hai3="85,101,21,43,95,91,81,32,86,38,41,78,77"/><V84/><F74/><W47/><G32/><T73/><D14/><U57/><E117/><V24/><F132/><W27/><G41/><T116/><D116/><U1/><E39/><V83/><F0/><W123/><G123/><T55/><D55/><N who="1" m="31999" /><E75/><N who="0" m="28745" /><D42/><U10/><E135/><V60/><F108/><W2/><G2/><T5/><D5/><U34/><E11/><V93/><F35/><W33/><G33/><T94/><D94/><U16/><E104/><N who="0" m="40041" /><D25/><N who="1" m="18703" /><E107/><V96/><REACH who="2" step="1"/><F103/><REACH who="2" ten="93,413,371,113" step="2"/><W50/><G101/><T89/><D110/><U128/><E128/><V53/><F53/><W122/><G122/><T99/><D115/><U69/><E69/><AGARI ba="1,1" hai="24,26,54,58,60,63,66,69,83,84,88,93,96,100" machi="69" ten="30,11600,0" yaku="1,1,7,1,54,1,53,1" doraHai="126" doraHaiUra="97" who="2" fromWho="1" sc="93,0,413,-119,371,129,113,0" /><INIT seed="2,2,0,4,2,61" ten="93,294,500,113" oya="2" hai0="91,78,54,73,52,23,58,70,117,127,74,41,88" hai1="8,108,25,12,63,30,29,101,27,39,20,3,90" hai2="32,16,51,134,93,21,130,120,95,5,126,103,28" hai3="37,85,125,96,68,35,105,75,83,64,11,46,133"/><V62/><F120/><W123/><G123/><T94/><D70/><U72/><E108/><V1/><F134/><W80/><G35/><T92/><D127/><U128/><E128/><V99/><F130/><W33/><G33/><T100/><D41/><U38/><E3/><V59/><F126/><W82/><G75/><T14/><D100/><U15/><E72/><V50/><F32/><W53/><G11/><T43/><D43/><U34/><E101/><V131/><F131/><W71/><G71/><T55/><D117/><U24/><E24/><V18/><F95/><N who="0" m="36394" /><D73/><U45/><E90/><N who="0" m="34345" /><D78/><U17/><E45/><V56/><F28/><W113/><G113/><T48/><D74/><U111/><E111/><V135/><F135/><W116/><G116/><T109/><D109/><U87/><E87/><V122/><F122/><W121/><G85/><T19/><AGARI ba="2,0" hai="14,19,23,48,52,54,55,58" m="34345,36394" machi="19" ten="30,4000,0" yaku="8,1,54,2" doraHai="61" who="0" fromWho="0" sc="93,46,294,-12,500,-22,113,-12" /><INIT seed="3,0,0,3,1,112" ten="139,282,478,101" oya="3" hai0="116,100,95,81,28,134,98,86,135,87,103,4,31" hai1="2,75,73,34,104,27,107,108,67,25,6,32,10" hai2="96,114,106,24,53,117,61,20,22,56,40,44,92" hai3="47,3,120,59,69,128,9,111,123,8,19,82,37"/><W50/><G69/><T89/><D116/><U46/><E108/><V26/><F117/><W30/><G111/><T64/><D64/><U77/><E67/><V41/><F106/><W121/><G128/><T78/><D4/><U97/><E97/><V35/><F35/><W83/><G30/><T129/><D129/><U39/><E25/><V23/><F114/><W85/><G37/><T94/><D103/><U80/><E75/><V29/><F44/><W65/><G3/><T76/><D76/><U79/><E79/><V109/><F109/><W113/><G113/><T88/><D100/><U118/><E118/><V68/><F68/><W49/><G83/><T122/><D122/><U119/><E119/><V125/><F125/><W48/><G47/><T115/><D115/><U99/><E99/><V16/><F20/><W110/><G19/><T101/><D101/><AGARI ba="0,0" hai="16,22,23,24,26,29,40,41,53,56,61,92,96,101" machi="101" ten="30,3900,0" yaku="7,1,8,1,54,1" doraHai="112" who="2" fromWho="0" sc="139,-39,282,0,478,39,101,0" owari="100,-40.0,282,8.2,517,61.7,101,-29.9" /></mjloggm>