<mjloggm ver="2.3"><GO type="225" lobby="0"/><UN n0="%4C%4F%4C%49%54%41" n1="%4E%55%44%41" n2="%70%68%65%6E%6F%6D%65" n3="%E3%82%B3%E3%83%90%E3%83%AC%E3%82%A4" dan="16,17,16,16" rate="2112.68,2160.18,2191.61,2153.17" sx="F,M,M,M"/><TAIKYOKU oya="0"/><INIT seed="0,0,0,4,3,10" ten="250,250,250,250" oya="0" hai0="129,89,18,60,38,80,91,23,66,52,65,17,88" hai1="131,93,108,41,59,100,34,83,127,32,68,99,30" hai2="128,102,37,50,7,14,0,36,21,3,72,112,64" hai3="111,24,114,16,57,75,106,103,19,126,120,90,125"/><T115/><D38/><U107/><E108/><V79/><F112/><W70/><G75/><T96/><D115/><U113/><E113/><V76/><F102/><W121/><G70/><T105/><D129/><U132/><E131/><V95/><F64/><N who="0" m="24682" /><D105/><U47/><E68/><V116/><F128/><W67/><G114/><T45/><D17/><U49/><E132/><V1/><F116/><W31/><G111/><T56/><D45/><U20/><E83/><V98/><F50/><W119/><G119/><T104/><D104/><U54/><E127/><N who="3" m="48650" /><G103/><T133/><D133/><U4/><E107/><V78/><F72/><W42/><G42/><T73/><D73/><U22/><E4/><V12/><F21/><W33/><G106/><T124/><D124/><U6/><E6/><V84/><F84/><W51/><G121/><T74/><D74/><U11/><E11/><V44/><F7/><W69/><G69/><T63/><D80/><U39/><E22/><V46/><F37/><W5/><G5/><T71/><D71/><U28/><REACH who="1" step="1"/><E20/><REACH who="1" ten="250,240,250,250" step="2"/><V117/><F117/><W87/><G120/><T27/><D63/><U25/><E25/><V35/><F35/><AGARI ba="0,1" hai="28,30,32,34,35,39,41,47,49,54,59,93,99,100" machi="35" ten="40,1300,0" yaku="1,1,53,0" doraHai="10" doraHaiUra="130" who="1" fromWho="2" sc="250,0,240,23,250,-13,250,0" /><INIT seed="1,0,0,0,5,6" ten="250,263,237,250" oya="1" hai0="55,98,117,32,100,67,25,105,101,9,56,24,61" hai1="15,113,114,22,1,62,41,121,128,82,83,14,135" hai2="76,124,54,112,64,29,50,78,52,90,87,26,63" hai3="111,79,21,20,53,123,17,44,129,127,91,72,125"/><U65/><E121/><V71/><F124/><N who="3" m="47691" /><G123/><T46/><D117/><U38/><E1/><V102/><F102/><N who="0" m="39530" /><D32/><U36/><E22/><V107/><F107/><W39/><G79/><T42/><D105/><U74/><E128/><V57/><F54/><W8/><G72/><T133/><D98/><U97/><E97/><V16/><F112/><W10/><G129/><T93/><D93/><U27/><E27/><V99/><F99/><W70/><G70/><T12/><D42/><U134/><E41/><V0/><F0/><W89/><G20/><T130/><D133/><N who="1" m="50699" /><E74/><V108/><F108/><W86/><G111/><T103/><D103/><U69/><E113/><V59/><F71/><W19/><G19/><N who="0" m="8591" /><D130/><U80/><E114/><V30/><F16/><W126/><N who="3" m="47699" /><W37/><DORA hai="104" /><G91/><T81/><D81/><U58/><E69/><V28/><REACH who="2" step="1"/><F26/><REACH who="2" ten="250,263,227,250" step="2"/><N who="3" m="14639" /><G53/><T116/><D116/><U35/><E15/><V33/><F33/><W88/><G44/><T60/><D46/><U7/><E35/><V122/><F122/><W109/><G109/><T23/><D23/><U94/><E14/><V34/><F34/><W85/><G39/><T132/><D132/><U51/><E38/><V75/><F75/><W11/><G37/><T119/><D119/><U115/><E115/><V48/><F48/><W49/><G49/><T5/><D5/><U131/><E131/><V31/><N who="2" m="7168" /><DORA hai="120" /><V84/><F84/><W45/><G45/><T2/><D2/><U92/><E36/><V4/><F4/><W43/><G43/><T106/><D106/><U110/><E110/><V68/><F68/><AGARI ba="0,1" hai="24,25,55,56,60,61,67,68" m="8591,39530" machi="68" ten="30,2000,0" yaku="6,1,52,1" doraHai="6,104,120" who="0" fromWho="2" sc="250,30,263,0,227,-20,250,0" /><INIT seed="2,0,0,2,5,44" ten="280,263,207,250" oya="2" hai0="77,57,97,5,11,12,92,84,129,121,49,25,83" hai1="119,112,24,135,16,66,85,82,130,133,81,124,34" hai2="36,40,51,102,127,113,61,131,53,39,88,29,27" hai3="60,0,14,90,101,79,19,94,71,65,43,7,134"/><V8/><F113/><W107/><G134/><N who="1" m="51210" /><E112/><V117/><F117/><W111/><G79/><T10/><D129/><U38/><E119/><V75/><F131/><W13/><G111/><T76/><D121/><U125/><E130/><V59/><F127/><N who="1" m="48713" /><E38/><V33/><F75/><W126/><G126/><T26/><D77/><N who="1" m="46255" /><E66/><V20/><F102/><W42/><G0/><T17/><D57/><U35/><E82/><V132/><F132/><W56/><G71/><T93/><D49/><U18/><E16/><V80/><F8/><N who="3" m="4255" /><G101/><T78/><D78/><U110/><E110/><V68/><F33/><W1/><G107/><T114/><D114/><U72/><E72/><V69/><F68/><W4/><G4/><T89/><D93/><U120/><E120/><V3/><F3/><AGARI ba="0,0" hai="3,5,10,11,12,17,25,26,76,83,84,89,92,97" machi="3" ten="30,1000,0" yaku="7,1" doraHai="44" who="0" fromWho="2" sc="280,10,263,0,207,-10,250,0" /><INIT seed="3,0,0,1,5,99" ten="290,263,197,250" oya="3" hai0="88,92,59,119,126,53,72,117,52,87,35,62,24" hai1="2,78,74,71,79,97,9,48,57,21,23,127,39" hai2="41,55,13,70,83,85,15,20,134,56,60,22,132" hai3="118,42,46,122,65,116,103,98,68,10,76,19,131"/><W66/><G122/><T104/><D104/><U29/><E71/><V84/><F70/><W73/><G131/><T51/><D72/><U45/><E127/><V61/><F41/><W135/><G135/><N who="2" m="51753" /><F60/><W36/><G66/><T40/><D126/><U3/><E57/><V120/><F120/><W67/><G67/><T7/><D40/><N who="1" m="22687" /><E48/><V33/><F33/><W108/><G108/><T1/><D7/><N who="1" m="1271" /><E3/><V114/><F114/><W6/><G19/><T77/><D1/><U123/><E123/><V11/><F85/><W81/><G65/><T89/><D35/><U93/><E78/><N who="2" m="46199" /><F15/><W30/><G68/><T54/><D119/><U90/><E29/><V115/><F115/><W112/><G30/><T0/><D0/><U64/><E64/><V31/><F31/><W121/><G112/><T25/><D117/><U110/><E110/><V111/><F111/><W80/><G121/><T101/><D77/><U32/><E32/><V34/><F34/><W58/><G118/><T5/><D24/><U63/><E63/><V106/><F106/><N who="3" m="63863" /><G116/><T47/><D62/><U86/><E86/><V105/><F105/><W18/><G73/><T125/><D125/><U14/><E14/><V82/><F82/><AGARI ba="0,0" hai="21,23,74,79,82,90,93,97" m="1271,22687" machi="82" ten="30,1000,0" yaku="25,1" doraHai="99" who="1" fromWho="2" sc="290,0,263,10,197,-10,250,0" /><INIT seed="4,0,0,4,4,36" ten="290,273,187,250" oya="0" hai0="119,62,19,32,65,76,106,20,29,66,78,114,49" hai1="71,84,56,126,44,45,0,110,69,86,42,33,50" hai2="68,53,117,134,13,15,70,30,92,25,125,48,52" hai3="18,57,123,60,38,8,64,72,17,132,54,80,51"/><T63/><D119/><U95/><E33/><V61/><F117/><W41/><G123/><T24/><D106/><U103/><E0/><V14/><F125/><W104/><G104/><T116/><D116/><U3/><E3/><V127/><F127/><W9/><G132/><T115/><D49/><N who="1" m="26775" /><E126/><V90/><F134/><W122/><G122/><T89/><D89/><N who="1" m="53671" /><E69/><V16/><F53/><W102/><G102/><T91/><D91/><U73/><E73/><V128/><F128/><W75/><G72/><T12/><D63/><U121/><E71/><V34/><F61/><W93/><G93/><T28/><D28/><U133/><E110/><V26/><F26/><W111/><G111/><T135/><D135/><U21/><E121/><V112/><F112/><N who="0" m="43050" /><D65/><U5/><E133/><V85/><REACH who="2" step="1"/><F16/><REACH who="2" ten="290,273,177,250" step="2"/><N who="3" m="6251" /><G60/><T35/><D62/><U88/><E5/><V87/><F87/><W118/><G118/><T81/><D66/><U2/><E103/><V40/><F40/><W109/><G64/><T101/><D101/><U59/><E2/><V83/><F83/><W79/><G109/><T113/><D113/><U129/><E129/><V97/><F97/><W120/><G120/><T11/><D81/><N who="1" m="49231" /><E21/><V131/><F131/><W47/><G75/><T22/><D20/><U96/><E96/><V98/><F98/><W4/><G4/><T105/><D35/><U108/><E108/><V7/><F7/><W39/><G80/><T31/><D32/><U37/><E37/><V124/><F124/><W74/><G39/><T130/><D130/><U107/><E107/><V6/><F6/><W99/><G99/><RYUUKYOKU ba="0,1" sc="290,-30,273,10,177,10,250,10" hai1="45,50,56,59" hai2="13,14,15,25,30,34,48,52,68,70,85,90,92" hai3="8,9,38,41,47,51,54,57,74,79" /><INIT seed="5,1,1,1,5,46" ten="260,283,187,260" oya="1" hai0="99,13,51,134,96,108,0,81,92,87,112,131,123" hai1="66,21,64,29,56,90,41,28,4,40,85,31,71" hai2="60,118,38,69,126,111,12,125,94,43,47,119,116" hai3="75,44,72,22,103,27,132,121,117,35,127,83,97"/><U57/><E71/><V80/><F94/><W77/><G121/><T101/><D0/><U84/><E21/><V115/><F80/><W98/><G117/><N who="2" m="29953" /><V52/><DORA hai="63" /><F12/><W5/><G35/><T11/><D108/><U49/><E4/><V61/><F111/><W104/><G132/><T68/><D68/><U128/><E128/><V93/><F93/><W130/><G130/><T32/><D112/><U109/><E109/><V67/><F115/><W54/><G5/><T7/><D32/><U50/><E29/><V89/><F89/><AGARI ba="1,1" hai="28,31,40,41,49,50,56,57,64,66,84,85,89,90" machi="89" ten="25,18000,2" yaku="22,2,8,1,52,4" doraHai="46,63" who="1" fromWho="2" sc="260,0,283,193,187,-183,260,0" owari="260,6.0,476,57.6,4,-49.6,260,-14.0" /></mjloggm>