<mjloggm ver="2.3"><GO type="225" lobby="0"/><UN n0="%4C%4F%4C%49%54%41" n1="%E7%99%BD%E9%9B%AA%E4%B9%83%E6%84%9B" n2="%E6%98%93%E5%88%A9%E8%96%A9%E4%BC%AF" n3="%E3%83%96%E3%83%83%E3%83%91%E3%82%AA%E3%83%96%E3%83%81%E3%82%AD%E3%83%B3" dan="16,16,17,16" rate="2099.77,2064.93,2157.13,2186.17" sx="F,F,F,M"/><TAIKYOKU oya="0"/><INIT seed="0,0,0,2,0,28" ten="250,250,250,250" oya="0" hai0="38,56,21,50,37,99,108,47,127,92,121,71,65" hai1="7,66,104,81,96,88,15,58,105,41,57,103,107" hai2="30,67,45,34,19,26,73,123,85,79,128,16,68" hai3="134,11,76,8,77,130,25,122,22,89,70,17,98"/><T86/><D121/><U87/><E41/><V78/><F123/><W0/><G122/><T51/><D127/><U61/><REACH who="1" step="1"/><E58/><REACH who="1" ten="250,240,250,250" step="2"/><V62/><F128/><W64/><G130/><T93/><D56/><U97/><E97/><V119/><F119/><W3/><G98/><T63/><D99/><U44/><E44/><V111/><F111/><W48/><G70/><T125/><D108/><U115/><E115/><V43/><F73/><W14/><G134/><T101/><D47/><U106/><E106/><V18/><REACH who="2" step="1"/><F85/><REACH who="2" ten="250,240,240,250" step="2"/><W36/><G3/><T4/><D86/><U120/><E120/><V91/><F91/><W27/><G0/><T109/><D109/><U24/><E24/><V69/><F69/><W35/><G89/><T12/><D71/><U2/><E2/><V31/><F31/><W46/><G27/><T40/><D101/><U54/><E54/><V6/><F6/><W33/><G25/><T126/><D4/><U95/><E95/><V55/><F55/><W118/><G46/><T102/><D102/><U42/><E42/><V84/><F84/><W20/><G118/><T53/><D40/><U124/><E124/><V113/><F113/><W80/><G64/><T32/><D65/><U129/><E129/><V94/><F94/><W83/><G77/><T72/><D93/><U29/><E29/><V74/><F74/><W60/><G76/><T100/><D72/><U90/><E90/><V133/><F133/><W75/><G75/><T13/><D92/><U112/><E112/><V49/><AGARI ba="0,2" hai="16,18,19,26,30,34,43,45,49,62,67,68,78,79" machi="49" ten="30,7900,0" yaku="1,1,0,1,52,1,54,1,53,0" doraHai="28" doraHaiUra="52" who="2" fromWho="2" sc="250,-39,240,-20,240,99,250,-20" /><INIT seed="1,0,0,1,1,6" ten="211,220,339,230" oya="1" hai0="19,37,124,13,29,125,116,12,3,92,133,121,16" hai1="111,15,110,115,22,112,30,77,96,134,33,57,99" hai2="89,68,20,81,55,126,25,51,72,64,107,59,50" hai3="49,69,17,119,44,118,45,53,79,82,101,132,94"/><U31/><E134/><V11/><F107/><W61/><G132/><T113/><D37/><U56/><E77/><V123/><F123/><W84/><G69/><T21/><D133/><U24/><E15/><V38/><F38/><W90/><G101/><T102/><D102/><U43/><E22/><V46/><F126/><N who="0" m="48746" /><D92/><U97/><E43/><V129/><F129/><W52/><G17/><T106/><D106/><U86/><E86/><V87/><F72/><W70/><G70/><T34/><D113/><N who="1" m="43595" /><E24/><V128/><F68/><W73/><REACH who="3" step="1"/><G61/><REACH who="3" ten="211,220,339,220" step="2"/><T65/><D121/><U109/><E33/><V135/><F135/><W8/><G8/><N who="0" m="6151" /><D116/><U36/><E36/><V39/><F39/><W60/><G60/><T63/><D63/><U4/><E4/><V67/><F11/><W40/><G40/><T1/><D65/><U58/><AGARI ba="0,1" hai="30,31,56,57,58,96,97,99,109,110,111" m="43595" machi="58" ten="50,18000,2" yaku="29,2,28,2,14,1,10,1" doraHai="6" who="1" fromWho="1" sc="211,-60,220,190,339,-60,220,-60" /><INIT seed="1,1,0,4,3,58" ten="151,410,279,160" oya="1" hai0="107,110,3,12,112,62,75,118,6,119,117,13,125" hai1="43,131,26,95,90,54,42,9,88,5,10,17,76" hai2="29,105,24,28,32,132,130,134,116,77,99,98,108" hai3="61,45,109,2,128,83,102,39,91,19,64,22,51"/><U34/><E131/><V23/><F116/><W120/><G120/><T38/><D112/><U81/><E34/><V106/><F108/><W126/><G109/><T27/><D110/><U113/><E113/><V35/><F77/><W52/><G128/><T67/><D38/><U96/><E90/><V49/><F130/><W41/><G126/><T1/><D75/><U121/><E121/><V135/><F49/><W63/><G2/><T85/><D125/><U57/><E10/><V48/><F48/><W55/><G102/><T60/><D107/><N who="2" m="40970" /><F29/><W101/><G101/><T71/><D27/><U31/><E31/><V124/><F124/><W89/><G64/><T4/><D85/><N who="1" m="48295" /><E5/><V73/><F73/><W80/><G91/><T30/><D30/><U94/><E94/><V65/><F65/><W84/><G83/><T133/><D133/><U79/><E79/><V103/><F103/><W33/><G33/><AGARI ba="1,0" hai="23,24,28,32,33,35,98,99,132,134,135" m="40970" machi="33" ten="40,1300,0" yaku="20,1" doraHai="58" who="2" fromWho="3" sc="151,0,410,0,279,16,160,-16" /><INIT seed="2,0,0,3,2,122" ten="151,410,295,144" oya="2" hai0="135,46,23,41,13,29,81,134,90,20,19,110,100" hai1="97,14,88,133,53,18,121,123,62,126,31,103,50" hai2="26,39,52,65,74,57,106,83,72,22,68,17,80" hai3="98,56,125,66,36,44,89,45,7,130,4,78,11"/><V3/><F3/><W38/><G130/><T76/><D100/><U87/><E133/><N who="0" m="50697" /><D90/><U82/><E126/><V35/><F106/><W108/><G125/><T48/><D29/><U27/><E62/><V132/><F39/><W84/><G36/><T112/><D112/><U21/><E50/><V8/><F132/><W70/><G70/><T69/><D69/><U37/><E53/><V51/><F35/><W104/><G38/><T79/><D110/><U34/><REACH who="1" step="1"/><E37/><REACH who="1" ten="151,400,295,144" step="2"/><V42/><F52/><W93/><G66/><T43/><D41/><U58/><E58/><V71/><F42/><W92/><G56/><T63/><D63/><U77/><E77/><V114/><F51/><W12/><G108/><T10/><D76/><U127/><E127/><V107/><F57/><W6/><G78/><T105/><D105/><AGARI ba="0,1" hai="14,18,21,27,31,34,82,87,88,97,103,105,121,123" machi="105" ten="40,5200,0" yaku="1,1,54,1,53,1" doraHai="122" doraHaiUra="16" who="1" fromWho="0" sc="151,-52,400,62,295,0,144,0" /><INIT seed="3,0,0,4,1,9" ten="99,462,295,144" oya="3" hai0="4,89,45,124,119,90,49,109,126,26,81,21,135" hai1="128,39,113,35,15,61,24,71,38,134,48,56,77" hai2="106,107,51,104,117,12,73,37,91,86,87,44,133" hai3="130,70,112,2,105,19,120,8,100,93,97,64,36"/><W1/><G112/><T98/><D119/><U17/><E113/><V84/><F73/><W20/><G120/><T88/><D109/><U78/><E71/><V46/><F133/><W103/><G130/><T50/><D135/><U114/><E134/><V74/><F74/><W76/><G36/><T41/><D4/><U118/><E48/><V96/><F37/><W0/><G76/><T30/><D50/><U52/><E114/><V101/><F91/><W6/><G70/><T116/><D116/><U85/><E118/><V129/><F129/><W69/><G69/><T7/><D7/><U13/><E128/><V3/><F3/><W14/><REACH who="3" step="1"/><G64/><REACH who="3" ten="99,462,295,134" step="2"/><T28/><D28/><U23/><E39/><V54/><F117/><W22/><G22/><T122/><D122/><U75/><E38/><V125/><F125/><N who="0" m="48234" /><D81/><U33/><E78/><V66/><F66/><W16/><G16/><T34/><D21/><U57/><E77/><V53/><F107/><W10/><G10/><T40/><D40/><U115/><E115/><V62/><F106/><W68/><G68/><T59/><D59/><U108/><E57/><V11/><F11/><W5/><G5/><T29/><D30/><U72/><E23/><V82/><F82/><W58/><G58/><T132/><D132/><U102/><E56/><V60/><F104/><W121/><G121/><T95/><AGARI ba="0,1" hai="26,29,34,41,45,49,88,89,90,95,98" m="48234" machi="95" ten="30,2000,0" yaku="18,1,54,1" doraHai="9" who="0" fromWho="0" sc="99,30,462,-5,295,-5,134,-10" owari="129,-27.1,457,55.7,290,9.0,124,-37.6" /></mjloggm>