<mjloggm ver="2.3"><GO type="225" lobby="0"/><UN n0="%E4%B8%96%E7%95%8C%E3%81%AE%E4%BA%80%E4%BA%95" n1="%E3%82%8F%E3%81%8B%E3%81%B0%2A%E3%82%AC%E3%83%BC%E3%83%AB" n2="%E3%83%96%E3%83%83%E3%83%91%E3%82%AA%E3%83%96%E3%83%81%E3%82%AD%E3%83%B3" n3="%E7%99%BD%E5%80%89%E5%AF%9B%E4%B9%8B" dan="17,16,17,16" rate="2162.98,2084.64,2166.99,2164.22" sx="M,M,M,M"/><TAIKYOKU oya="0"/><INIT seed="0,0,0,3,0,123" ten="250,250,250,250" oya="0" hai0="35,58,20,40,85,84,73,23,127,133,121,17,18" hai1="134,77,7,118,79,116,47,16,48,75,6,44,109" hai2="95,14,39,81,41,94,119,91,113,61,22,101,38" hai3="99,96,49,93,45,108,74,87,90,83,129,67,15"/><T105/><D121/><U50/><E75/><V70/><F113/><W32/><G32/><T126/><D73/><U54/><E134/><V56/><F70/><W114/><G114/><T107/><D40/><U34/><E34/><V78/><F119/><W3/><G3/><T36/><D35/><U82/><E82/><V19/><F41/><W69/><G129/><T53/><D36/><U92/><E92/><V12/><F101/><W62/><G108/><T100/><D100/><U51/><E51/><V68/><F68/><W1/><G1/><T64/><D64/><U122/><E122/><V0/><F0/><W98/><G74/><T65/><D65/><U29/><E29/><V72/><F14/><W104/><G15/><T52/><REACH who="0" step="1"/><D58/><REACH who="0" ten="240,250,250,250" step="2"/><U57/><E57/><V63/><F56/><N who="3" m="37319" /><G104/><T117/><D117/><U21/><E116/><V112/><F39/><W43/><G69/><T37/><D37/><U8/><E118/><V124/><F38/><W128/><G128/><T4/><D4/><U59/><E59/><V31/><F72/><W76/><AGARI ba="0,1" hai="43,45,49,76,83,87,90,93,96,98,99" m="37319" machi="76" ten="30,1100,0" yaku="8,1" doraHai="123" who="3" fromWho="3" sc="240,-5,250,-3,250,-3,250,21" /><INIT seed="1,0,0,5,5,10" ten="235,247,247,271" oya="1" hai0="24,65,124,4,135,30,56,123,88,54,55,107,95" hai1="63,72,67,79,64,62,8,90,73,119,97,83,20" hai2="94,78,74,114,116,47,35,106,6,7,34,31,101" hai3="19,32,49,126,21,59,27,81,132,3,80,125,120"/><U71/><E119/><V108/><F116/><W77/><G120/><T82/><D107/><U14/><E20/><V68/><F106/><W91/><G3/><T42/><D124/><U61/><E72/><V118/><F68/><W29/><G132/><T105/><D105/><U115/><E115/><V28/><F108/><W52/><G91/><T129/><D135/><U75/><E75/><V58/><F118/><W45/><G45/><T66/><D129/><U2/><E2/><V41/><F114/><W111/><G111/><T44/><D4/><U40/><E40/><V53/><F101/><W70/><G70/><T76/><D123/><U85/><E97/><V22/><F94/><W18/><G18/><T37/><D55/><U112/><E112/><V11/><F78/><W48/><G48/><T60/><D82/><U131/><E131/><V128/><F6/><W110/><G110/><T17/><D76/><U69/><E61/><V50/><F74/><W99/><G99/><N who="0" m="57831" /><D30/><U46/><E46/><V92/><F92/><W121/><G121/><T0/><D0/><U134/><E134/><V130/><F130/><W9/><G9/><T86/><D86/><U102/><E102/><V38/><F128/><W1/><G1/><T15/><D15/><U104/><E104/><V39/><F39/><W25/><REACH who="3" step="1"/><G77/><REACH who="3" ten="235,247,247,261" step="2"/><T51/><D37/><U100/><E100/><V87/><F38/><W133/><G133/><T109/><D109/><U93/><E8/><V16/><F11/><W57/><G57/><T117/><D117/><U5/><E5/><V26/><F7/><W113/><G113/><RYUUKYOKU ba="0,1" sc="235,10,247,10,247,-30,261,10" hai0="17,24,42,44,51,54,56,60,65,66" hai1="14,62,63,64,67,69,71,73,79,83,85,90,93" hai3="19,21,25,27,29,32,49,52,59,80,81,125,126" /><INIT seed="1,1,1,1,4,40" ten="245,257,217,271" oya="1" hai0="108,51,0,96,54,52,24,92,119,57,2,22,27" hai1="67,16,124,91,135,133,47,102,41,53,127,79,129" hai2="106,32,6,14,117,88,59,113,56,35,89,125,103" hai3="43,80,94,82,28,1,9,33,78,85,11,65,42"/><U111/><E79/><V86/><F117/><W46/><G1/><T114/><D114/><U44/><E102/><V87/><F113/><W73/><G43/><T131/><D119/><U101/><E101/><V23/><F125/><N who="1" m="48201" /><E111/><V37/><F37/><W39/><G65/><T74/><D74/><U50/><E91/><V71/><F71/><W130/><G94/><T64/><D131/><U7/><E7/><V110/><F110/><W134/><G130/><T68/><D27/><U121/><E129/><V5/><F103/><W122/><G122/><T30/><D108/><U8/><E67/><V38/><F38/><W70/><G70/><T126/><D126/><U123/><E8/><V90/><F106/><W115/><G115/><T97/><D64/><U116/><E16/><N who="2" m="10647" /><F32/><W132/><G28/><T10/><D68/><U36/><E116/><V93/><F35/><W20/><G20/><T72/><D72/><U26/><E26/><V45/><F90/><N who="3" m="51495" /><G33/><T75/><D75/><U58/><E58/><N who="2" m="22059" /><F45/><W95/><G95/><AGARI ba="1,1" hai="5,6,86,87,88,89,93,95" m="22059,10647" machi="95" ten="30,3900,0" yaku="8,1,54,2" doraHai="40" who="2" fromWho="3" sc="245,0,257,0,217,52,271,-42" /><INIT seed="2,0,0,0,5,120" ten="245,257,269,229" oya="2" hai0="61,90,18,33,5,81,88,75,123,14,128,79,114" hai1="29,22,16,50,102,107,117,104,47,65,57,31,36" hai2="54,99,134,87,89,26,7,68,96,131,127,24,132" hai3="124,3,56,78,48,4,38,42,73,108,25,63,71"/><V105/><F68/><W91/><G124/><T125/><D114/><U116/><E36/><V115/><F115/><W41/><G91/><T13/><D123/><U45/><E102/><N who="2" m="62663" /><F7/><W62/><G25/><T93/><D125/><U130/><E130/><V17/><F127/><W72/><G78/><T135/><D135/><N who="2" m="51754" /><F131/><W74/><G4/><T97/><D33/><U98/><E98/><V100/><F17/><W27/><G27/><T70/><D128/><U106/><E116/><V122/><F122/><W15/><G15/><T12/><D5/><U55/><E117/><V35/><F35/><W121/><G3/><T30/><D30/><U77/><E77/><V126/><F126/><W11/><G11/><T34/><D34/><U113/><E113/><V80/><F54/><N who="3" m="31815" /><G121/><T129/><D129/><U28/><REACH who="1" step="1"/><E65/><REACH who="1" ten="245,247,269,229" step="2"/><V40/><F40/><W32/><G42/><T53/><D90/><U83/><E83/><V111/><F111/><W60/><G108/><T0/><D53/><U69/><E69/><V76/><F76/><W67/><G32/><T10/><REACH who="0" step="1"/><D0/><REACH who="0" ten="235,247,269,229" step="2"/><U43/><E43/><V52/><F52/><W103/><G103/><T66/><AGARI ba="0,2" hai="10,12,13,14,18,61,66,70,75,79,81,88,93,97" machi="66" ten="30,12000,2" yaku="1,1,2,1,0,1,54,1,53,3" doraHai="120" doraHaiUra="8" who="0" fromWho="0" sc="235,140,247,-30,269,-60,229,-30" /><INIT seed="3,0,0,0,1,54" ten="375,217,209,199" oya="3" hai0="22,115,108,90,0,103,49,26,99,36,12,75,84" hai1="88,51,111,42,25,46,135,13,64,110,114,61,52" hai2="43,63,119,55,134,50,9,24,102,39,105,20,57" hai3="81,130,6,101,76,4,17,116,78,131,89,41,72"/><W40/><G116/><T38/><D75/><U123/><E123/><V2/><F119/><W82/><G101/><T79/><D0/><U8/><E114/><V33/><F134/><W77/><G17/><T80/><D108/><N who="1" m="41515" /><E135/><V59/><F33/><W86/><G72/><T7/><D90/><U3/><E3/><V5/><F39/><W66/><G66/><T122/><D38/><U62/><E25/><V34/><F34/><W21/><G21/><T28/><D115/><U15/><E15/><V94/><F105/><W133/><G133/><T74/><D49/><N who="1" m="26839" /><E88/><V60/><F43/><N who="3" m="16459" /><G82/><T132/><D84/><U104/><E104/><V109/><F109/><W92/><G81/><T96/><D7/><AGARI ba="0,0" hai="4,6,7,76,77,78,86,89,92,130,131" m="16459" machi="7" ten="30,2900,0" yaku="26,2" doraHai="54" who="3" fromWho="0" sc="375,-29,217,0,209,0,199,29" /><INIT seed="3,1,0,1,4,35" ten="346,217,209,228" oya="3" hai0="99,94,68,0,72,3,85,121,118,66,104,83,55" hai1="105,117,111,135,13,6,32,106,93,122,28,71,30" hai2="10,59,129,101,95,18,54,44,2,8,134,48,131" hai3="127,112,119,110,91,67,115,120,82,7,14,88,47"/><W16/><G119/><T132/><D118/><U78/><E117/><V86/><F134/><W74/><G120/><T46/><D121/><U65/><E122/><V24/><F2/><W1/><G127/><T19/><D132/><U100/><E135/><V21/><F101/><W22/><G67/><T63/><D55/><U64/><E32/><V108/><F108/><W53/><G110/><T15/><D72/><U75/><E111/><V97/><F86/><N who="3" m="50263" /><G74/><T113/><D46/><U49/><E71/><V51/><F129/><W130/><G130/><T29/><D29/><N who="1" m="11371" /><E75/><V58/><F131/><W25/><G1/><T109/><D104/><U27/><E106/><V73/><F73/><W50/><G112/><T23/><D113/><U123/><E105/><V77/><F77/><W40/><G115/><T41/><D41/><U33/><E33/><V34/><F34/><W84/><G40/><T62/><D63/><U70/><E70/><V103/><F51/><W56/><G47/><T60/><D60/><U114/><E114/><V126/><F126/><W61/><G61/><T96/><D99/><N who="1" m="59503" /><E123/><V107/><F107/><W26/><G7/><T12/><D19/><U20/><E78/><V37/><F37/><W116/><G116/><T98/><D83/><AGARI ba="1,0" hai="14,16,22,25,26,50,53,56,83,84,91" m="50263" machi="83" ten="30,5800,0" yaku="8,1,54,2" doraHai="35" who="3" fromWho="0" sc="346,-61,217,0,209,0,228,61" /><INIT seed="3,2,0,4,3,7" ten="285,217,209,289" oya="3" hai0="5,43,121,22,58,2,59,41,79,104,4,92,115" hai1="126,76,120,97,130,54,66,98,71,6,107,17,55" hai2="105,23,53,61,69,119,131,67,73,112,64,96,113" hai3="36,86,99,3,16,123,9,90,129,26,95,45,124"/><W31/><G123/><T32/><D104/><U13/><E120/><V49/><F73/><W50/><G36/><T87/><D32/><U81/><E6/><V27/><F119/><W24/><G129/><T132/><D132/><U44/><E130/><V94/><F131/><W20/><G124/><T11/><D121/><U106/><E126/><V56/><F105/><W110/><G110/><T122/><D122/><U8/><E106/><V133/><F67/><W35/><G3/><T19/><D115/><U134/><E134/><V116/><F116/><W39/><G39/><T28/><D28/><U78/><E78/><V15/><F15/><N who="3" m="7279" /><G35/><T83/><D5/><U109/><E109/><V117/><F133/><W1/><G1/><T57/><REACH who="0" step="1"/><D92/><REACH who="0" ten="275,217,209,289" step="2"/><U60/><E107/><V84/><F117/><W48/><G26/><AGARI ba="2,1" hai="2,4,11,19,22,26,41,43,57,58,59,79,83,87" machi="26" ten="40,8000,1" yaku="1,1,2,1,52,1,53,1" doraHai="7" doraHaiUra="34" who="0" fromWho="3" sc="275,96,217,0,209,0,289,-86" owari="371,47.1,217,1.7,209,-19.1,203,-29.7" /></mjloggm>