<mjloggm ver="2.3"><GO type="225" lobby="0"/><UN n0="%E3%81%BF%E3%81%BF%E3%81%9A" n1="%E3%83%96%E3%83%83%E3%83%91%E3%82%AA%E3%83%96%E3%83%81%E3%82%AD%E3%83%B3" n2="%E3%83%A9%E3%82%B9%E7%8E%87%EF%BC%93%E5%89%B2" n3="%E3%83%8F%E3%83%B3%E3%83%89%E3%83%A9%E3%83%BC%E3%83%BB%E3%83%AF%E3%83%B3" dan="17,16,17,18" rate="2212.91,2195.76,2204.99,2257.23" sx="M,M,F,M"/><TAIKYOKU oya="0"/><INIT seed="0,0,0,1,5,118" ten="250,250,250,250" oya="0" hai0="127,111,60,99,55,78,135,79,62,94,110,37,12" hai1="82,59,74,17,90,29,109,1,24,23,115,13,69" hai2="64,92,61,48,50,54,122,88,43,132,11,2,30" hai3="15,46,53,39,19,89,114,22,42,105,21,41,85"/><T113/><D113/><U76/><E115/><V83/><F132/><W38/><G114/><T52/><D37/><U119/><E119/><V95/><F122/><W16/><G105/><T57/><D135/><U133/><E133/><V100/><F30/><W97/><G97/><T7/><D127/><U33/><E109/><N who="0" m="41481" /><D7/><U9/><E69/><V35/><F35/><W28/><G28/><T131/><D12/><U77/><E59/><V73/><F100/><W65/><G65/><N who="0" m="39055" /><D131/><U44/><E44/><V126/><F43/><W86/><G53/><N who="0" m="20555" /><D62/><U6/><REACH who="1" step="1"/><E74/><REACH who="1" ten="250,240,250,250" step="2"/><V70/><F73/><W124/><G46/><T128/><D128/><U134/><E134/><V106/><F70/><W103/><G124/><T5/><D5/><U93/><E93/><V10/><F95/><W27/><G39/><T87/><D87/><AGARI ba="0,1" hai="1,6,9,13,17,23,24,29,33,76,77,82,87,90" machi="87" ten="40,8000,1" yaku="1,1,24,2,53,1" doraHai="118" doraHaiUra="84" who="1" fromWho="0" sc="250,-80,240,90,250,0,250,0" /><INIT seed="1,0,0,0,1,72" ten="170,330,250,250" oya="1" hai0="42,2,47,3,58,123,88,67,116,9,83,39,69" hai1="94,100,118,109,64,6,104,45,34,113,41,31,97" hai2="50,5,57,91,4,114,99,78,16,10,110,26,134" hai3="25,27,128,55,21,132,28,103,80,75,40,46,127"/><U53/><E113/><V24/><F110/><W76/><G128/><T36/><D116/><U68/><E118/><V93/><F134/><W112/><G132/><T73/><D123/><U44/><E109/><V13/><F114/><W77/><G112/><T71/><D36/><U56/><E6/><V129/><F129/><W22/><G127/><T101/><D101/><U38/><E45/><V7/><REACH who="2" step="1"/><F78/><REACH who="2" ten="170,330,240,250" step="2"/><W48/><G77/><T82/><D73/><U1/><E1/><V86/><F86/><W81/><G103/><T35/><D2/><U0/><E0/><V133/><F133/><W108/><G108/><T84/><D35/><U115/><E115/><V61/><F61/><W59/><G76/><T37/><D83/><U11/><E34/><V33/><F33/><W15/><G75/><T62/><REACH who="0" step="1"/><D37/><REACH who="0" ten="160,330,240,250" step="2"/><U119/><E38/><V14/><F14/><W8/><G80/><T85/><D85/><U95/><E119/><V18/><F18/><W102/><G81/><T63/><D63/><U20/><E31/><V135/><F135/><W29/><G102/><T98/><D98/><U19/><E97/><V124/><F124/><W92/><G15/><T87/><D87/><U43/><E100/><V12/><F12/><W106/><G29/><T117/><D117/><U131/><E131/><V54/><AGARI ba="0,2" hai="4,5,7,10,13,16,24,26,50,54,57,91,93,99" machi="54" ten="30,7900,0" yaku="1,1,0,1,8,1,54,1,53,0" doraHai="72" doraHaiUra="65" who="2" fromWho="2" sc="160,-20,330,-39,240,99,250,-20" /><INIT seed="2,0,0,0,5,5" ten="140,291,339,230" oya="2" hai0="126,78,128,55,111,38,91,61,118,2,73,4,82" hai1="98,32,22,33,60,7,23,59,57,25,133,130,72" hai2="67,37,101,6,116,135,50,71,96,10,103,92,11" hai3="63,122,18,121,84,14,113,125,90,51,36,30,65"/><V3/><F116/><W124/><G36/><T44/><D118/><U100/><E72/><V70/><F37/><W74/><G74/><T53/><D111/><U47/><E130/><V117/><F117/><W12/><G30/><T109/><D109/><U97/><E133/><V99/><F135/><W43/><G51/><T77/><D128/><U69/><E69/><V17/><F67/><W1/><G43/><T129/><D129/><U45/><E7/><V26/><F50/><W28/><G28/><T86/><D126/><N who="3" m="48745" /><G1/><T104/><D104/><U87/><E87/><V29/><F17/><W0/><G0/><T68/><D68/><U64/><E33/><V134/><F10/><N who="3" m="6423" /><G14/><T56/><D73/><U41/><E32/><V107/><REACH who="2" step="1"/><F134/><REACH who="2" ten="140,291,329,230" step="2"/><W85/><G121/><T19/><D19/><U42/><E64/><V95/><F95/><W40/><G122/><T13/><D2/><U46/><E60/><V105/><F105/><W16/><G16/><T54/><D38/><U48/><E48/><V15/><F15/><W20/><G63/><T119/><D119/><U123/><E123/><V52/><F52/><N who="0" m="20074" /><D44/><U39/><E39/><V81/><F81/><W112/><G65/><T76/><D13/><U131/><E131/><V94/><F94/><W106/><G106/><T88/><D4/><U8/><E46/><V31/><F31/><W9/><G40/><T83/><D83/><U79/><E42/><V75/><F75/><W49/><G49/><T93/><D93/><U35/><E41/><V132/><F132/><W120/><G120/><T62/><D62/><U89/><E47/><RYUUKYOKU ba="0,1" sc="140,15,291,-15,329,15,230,-15" hai0="55,56,61,76,77,78,82,86,88,91" hai2="3,6,11,26,29,70,71,92,96,99,101,103,107" /><INIT seed="2,1,1,4,3,78" ten="155,276,344,215" oya="2" hai0="51,111,19,134,6,4,36,116,103,38,127,5,125" hai1="17,12,47,31,0,1,10,37,72,57,100,56,89" hai2="9,86,90,102,123,83,76,11,99,97,84,126,101" hai3="63,117,121,96,92,107,29,115,118,74,66,77,21"/><V120/><F11/><W28/><G121/><N who="2" m="46665" /><F9/><W55/><G115/><T44/><D103/><N who="2" m="39434" /><F126/><N who="0" m="48138" /><D19/><U49/><E31/><V105/><F105/><W80/><G107/><T25/><D25/><U114/><E37/><N who="0" m="14441" /><D111/><U94/><E56/><V16/><F16/><W3/><G3/><T64/><D64/><U42/><E57/><V69/><F69/><W59/><G66/><T122/><D122/><U79/><E17/><V22/><F22/><W133/><G29/><T70/><D70/><U48/><E10/><V14/><F14/><W35/><G21/><T26/><D26/><U24/><E12/><V18/><F18/><W91/><G28/><T67/><D67/><U109/><E24/><V65/><F65/><W46/><G35/><T52/><D134/><U15/><E15/><V88/><F76/><W93/><G77/><T20/><D20/><U54/><E79/><V129/><F129/><W61/><G133/><T8/><D8/><U108/><E0/><V2/><F2/><W87/><G118/><AGARI ba="1,1" hai="4,5,6,44,51,52,116,118" m="14441,48138" machi="118" ten="40,2600,0" yaku="18,1,54,1" doraHai="78" who="0" fromWho="3" sc="155,39,276,0,344,0,215,-29" /><INIT seed="3,0,0,4,1,120" ten="194,276,344,186" oya="3" hai0="73,31,121,10,90,101,47,48,92,52,37,72,125" hai1="114,81,122,131,89,55,102,110,39,103,34,53,98" hai2="16,4,64,18,124,58,60,76,105,8,111,36,87" hai3="44,50,75,59,66,109,129,63,106,113,30,0,85"/><W95/><G113/><T130/><D121/><U32/><E122/><V86/><F111/><W119/><G119/><T17/><D101/><U68/><E39/><V1/><F105/><W107/><G75/><T93/><D31/><U2/><E68/><V126/><F36/><W23/><G0/><T99/><D125/><N who="2" m="48234" /><F86/><W6/><G6/><T115/><D130/><U117/><E89/><V77/><F87/><W28/><G129/><T70/><D70/><U84/><E84/><V127/><F127/><W65/><G65/><T61/><D115/><U67/><E67/><V71/><F71/><W62/><G62/><T74/><D61/><U38/><E2/><V128/><F128/><W35/><G35/><T51/><D37/><U27/><E27/><V7/><F7/><W116/><G116/><T49/><D93/><U112/><E38/><V24/><F24/><W135/><G135/><T80/><D80/><U78/><E117/><V57/><F57/><W94/><G109/><T54/><D47/><U29/><E29/><N who="3" m="11370" /><G107/><T22/><D73/><U132/><E131/><V123/><F123/><W104/><G104/><T100/><D74/><U118/><E118/><V46/><F46/><W11/><G106/><T45/><D72/><U82/><E132/><V14/><F1/><W13/><G23/><T56/><D22/><U91/><E78/><AGARI ba="0,0" hai="4,8,14,16,18,58,60,64,76,77,78" m="48234" machi="78" ten="30,2000,0" yaku="18,1,54,1" doraHai="120" who="2" fromWho="1" sc="194,0,276,-20,344,20,186,0" owari="194,-20.6,256,5.6,364,46.4,186,-31.4" /></mjloggm>