<mjloggm ver="2.3"><GO type="225" lobby="0"/><UN n0="%E3%82%B3%E3%83%90%E3%83%AC%E3%82%A4" n1="%28%EF%BF%A3%E2%96%BD%EF%BF%A3%29%CE%B4%E2%8C%92%E3%83%BB" n2="%72%69%6F%75%63%68%61%6E" n3="%E6%B4%BE%E9%81%A3%E3%81%AE%E3%82%B8%E3%83%A3%E3%83%83%E3%82%AF" dan="16,17,16,17" rate="2163.04,2286.18,2134.06,2198.19" sx="M,M,M,M"/><TAIKYOKU oya="0"/><INIT seed="0,0,0,1,5,117" ten="250,250,250,250" oya="0" hai0="95,133,50,130,66,33,31,90,27,4,48,86,58" hai1="116,72,92,91,129,101,30,97,74,38,39,75,87" hai2="78,44,49,19,108,2,20,132,35,134,106,25,96" hai3="11,53,40,98,26,94,103,34,131,6,45,77,55"/><T69/><D130/><U23/><E116/><V107/><F108/><W118/><G118/><T43/><D133/><N who="2" m="51306" /><F2/><W41/><G131/><T54/><D4/><U1/><E1/><V64/><F64/><W99/><G77/><T121/><D69/><U21/><E129/><V122/><F122/><W13/><G41/><T110/><D66/><U83/><REACH who="1" step="1"/><E30/><REACH who="1" ten="250,240,250,250" step="2"/><N who="2" m="19919" /><F78/><W120/><G120/><T67/><D110/><U3/><E3/><V65/><F65/><W0/><G0/><T100/><D67/><U81/><E81/><V128/><F128/><W28/><REACH who="3" step="1"/><G99/><REACH who="3" ten="250,240,250,240" step="2"/><T22/><D121/><U126/><E126/><V119/><F96/><W62/><G62/><T127/><D127/><U57/><E57/><V61/><F61/><W18/><G18/><T7/><D7/><U42/><E42/><N who="2" m="24727" /><F119/><W36/><AGARI ba="0,2" hai="6,11,13,26,28,34,36,40,45,53,55,94,98,103" machi="36" ten="20,5200,0" yaku="1,1,0,1,7,1,53,1" doraHai="117" doraHaiUra="70" who="3" fromWho="3" sc="250,-26,240,-13,250,-13,240,72" /><INIT seed="1,0,0,4,0,0" ten="224,227,237,312" oya="1" hai0="43,65,7,74,68,90,105,76,102,44,35,133,15" hai1="16,123,103,120,134,110,78,113,52,92,88,18,75" hai2="64,121,108,3,14,129,25,9,125,97,122,17,130" hai3="57,50,94,80,85,33,135,21,87,116,67,126,66"/><U82/><E134/><V23/><F64/><W109/><G109/><T128/><D133/><U69/><E113/><V86/><F86/><W77/><G33/><T79/><D35/><U104/><E110/><V89/><F97/><W6/><G126/><T84/><D128/><N who="2" m="49258" /><F89/><N who="3" m="53567" /><G116/><T47/><D74/><U124/><E124/><V111/><F125/><W1/><G1/><T2/><D2/><U37/><E37/><V107/><F107/><W28/><G135/><T40/><D102/><U27/><E69/><V46/><F46/><W73/><G6/><T51/><D105/><U132/><E132/><V83/><F83/><W106/><G106/><T41/><D65/><U112/><E112/><V93/><F93/><W55/><G73/><T34/><D34/><U10/><E103/><V4/><F108/><W12/><G28/><T63/><D63/><U29/><E104/><V117/><F111/><W115/><G115/><T59/><D68/><U56/><E10/><N who="2" m="2335" /><F117/><W54/><G54/><N who="0" m="32223" /><D76/><U5/><E123/><V49/><F49/><W81/><G81/><N who="0" m="49423" /><D79/><U98/><E120/><V26/><F26/><W119/><G119/><T13/><D47/><U22/><E5/><AGARI ba="0,0" hai="5,9,14,17,23,25,121,122" m="2335,49258" machi="5" ten="30,8000,1" yaku="19,1,34,2,52,2" doraHai="0" who="2" fromWho="1" sc="224,0,227,-80,237,80,312,0" /><INIT seed="2,0,0,3,2,103" ten="224,147,317,312" oya="2" hai0="46,52,106,118,112,97,39,99,101,100,11,60,130" hai1="21,32,96,83,35,31,12,134,59,121,116,23,88" hai2="129,44,135,123,37,107,105,81,75,8,113,38,94" hai3="69,109,15,19,78,131,74,34,87,61,122,91,102"/><V89/><F113/><W120/><G34/><T115/><D118/><U25/><E116/><V17/><F123/><W119/><G119/><T64/><D130/><U40/><E121/><V128/><F135/><W53/><G109/><T18/><D39/><U26/><E134/><V93/><F8/><W45/><G131/><N who="2" m="50249" /><F17/><W82/><G102/><T66/><D66/><U0/><E0/><V133/><F133/><W117/><G117/><T30/><D30/><U67/><E40/><N who="2" m="22543" /><F38/><W111/><G111/><T84/><D11/><U132/><E132/><V14/><F14/><W65/><G74/><T51/><D18/><U2/><E2/><V104/><F89/><W57/><G78/><AGARI ba="0,0" hai="75,78,81,93,94,104,105,107" m="22543,50249" machi="78" ten="40,12000,1" yaku="19,1,52,3" doraHai="103" who="2" fromWho="3" sc="224,0,147,0,317,120,312,-120" /><INIT seed="2,1,0,4,2,118" ten="224,147,437,192" oya="2" hai0="23,103,88,105,31,4,65,24,11,104,2,53,113" hai1="85,101,94,108,76,87,110,19,35,56,120,36,123" hai2="3,32,38,122,79,50,74,111,109,134,57,124,132" hai3="131,97,99,20,13,67,28,63,42,0,51,95,10"/><V47/><F122/><N who="1" m="46633" /><E36/><V61/><F32/><W129/><G0/><T15/><D113/><U93/><E35/><V33/><F79/><W40/><G51/><T106/><D65/><U80/><E19/><V107/><F107/><W6/><G97/><T89/><D103/><U84/><E56/><V12/><F74/><W98/><G98/><T114/><D114/><U82/><E101/><V116/><F12/><W27/><G129/><T46/><D46/><U26/><E26/><V117/><F3/><W7/><G7/><T71/><D71/><U135/><E135/><N who="2" m="51755" /><F124/><W22/><G22/><T41/><D2/><U96/><E96/><V90/><F90/><N who="3" m="55799" /><G131/><T133/><D133/><U34/><E34/><V29/><F29/><W112/><G112/><T100/><D100/><U52/><E52/><N who="2" m="33959" /><F38/><W59/><AGARI ba="1,0" hai="6,10,13,20,27,28,40,42,59,63,67" m="55799" machi="59" ten="30,1100,0" yaku="8,1" doraHai="118" who="3" fromWho="3" sc="224,-4,147,-4,437,-6,192,14" /><INIT seed="3,0,0,3,1,55" ten="220,143,431,206" oya="3" hai0="9,21,68,90,104,42,103,85,125,66,22,41,3" hai1="75,36,17,111,100,86,107,127,123,50,24,119,31" hai2="15,76,16,35,94,14,40,126,25,88,43,18,74" hai3="28,80,49,67,59,2,62,44,116,7,57,110,109"/><W106/><G116/><T97/><D125/><U118/><E36/><V47/><F126/><W122/><G106/><T63/><D42/><U53/><E127/><V39/><F74/><W98/><G98/><T23/><D41/><N who="2" m="15946" /><F35/><W8/><G122/><T84/><D84/><U69/><E69/><V46/><F76/><W10/><G28/><T108/><D108/><N who="3" m="41577" /><G80/><T13/><D3/><U95/><E111/><V73/><F73/><W93/><G93/><T52/><D52/><U71/><E75/><V51/><F25/><W113/><G113/><T82/><D23/><U99/><E71/><V64/><F39/><W58/><G10/><T102/><D103/><U72/><E72/><V91/><F64/><W96/><G96/><T117/><D117/><U37/><E37/><V112/><F112/><W115/><G115/><T87/><D87/><U56/><E123/><V132/><F132/><W0/><G0/><T129/><D129/><U26/><E17/><AGARI ba="0,0" hai="9,13,17,21,22,63,66,68,82,85,90,97,102,104" machi="17" ten="30,1000,0" yaku="7,1" doraHai="55" who="0" fromWho="1" sc="220,10,143,-10,431,0,206,0" owari="230,3.0,133,-36.7,431,53.1,206,-19.4" /></mjloggm>