<mjloggm ver="2.3"><GO type="225" lobby="0"/><UN n0="%E3%83%96%E3%83%83%E3%83%91%E3%82%AA%E3%83%96%E3%83%81%E3%82%AD%E3%83%B3" n1="%E4%B8%89%E5%88%86%E5%B0%8F%E5%83%A7" n2="%E7%99%BD%E5%80%89%E5%AF%9B%E4%B9%8B" n3="%E7%9A%AE%E3%80%85" dan="16,16,16,16" rate="2137.52,2031.40,2119.52,2138.51" sx="M,M,M,F"/><TAIKYOKU oya="0"/><INIT seed="0,0,0,2,0,78" ten="250,250,250,250" oya="0" hai0="106,32,56,115,37,84,105,94,132,85,71,129,11" hai1="49,21,13,64,58,95,54,92,50,75,81,67,44" hai2="91,80,126,63,135,124,12,60,77,108,134,86,43" hai3="51,10,66,98,112,25,68,74,36,120,97,16,113"/><T2/><D115/><U55/><E75/><N who="2" m="43071" /><F43/><W48/><G36/><T4/><D71/><U130/><E130/><V62/><F12/><W52/><G74/><T46/><D129/><U109/><E109/><V83/><F108/><W104/><G120/><T35/><D132/><AGARI ba="0,0" hai="60,62,63,83,86,91,124,126,132,134,135" m="43071" machi="132" ten="30,3900,0" yaku="20,1,52,2" doraHai="78" who="2" fromWho="0" sc="250,-39,250,0,250,39,250,0" /><INIT seed="1,0,0,2,2,133" ten="211,250,289,250" oya="1" hai0="93,113,81,19,66,78,125,129,101,73,119,88,44" hai1="10,122,89,130,87,67,104,74,91,11,4,23,123" hai2="62,51,83,31,112,53,94,92,76,132,42,33,124" hai3="118,86,127,105,3,90,0,22,80,106,98,107,79"/><U115/><E115/><V6/><F132/><W63/><G118/><T15/><D113/><U40/><E74/><V68/><F112/><W56/><G22/><T64/><D119/><U9/><E104/><V60/><F42/><W102/><G127/><T121/><D121/><U14/><E130/><V77/><F124/><W117/><G117/><T58/><D125/><U126/><E126/><V134/><F134/><W131/><G131/><T70/><D70/><U45/><E67/><V97/><F6/><W34/><G34/><T55/><D44/><U7/><E91/><V1/><F1/><W57/><G79/><T30/><D30/><U85/><E85/><V114/><F114/><W99/><G57/><T103/><D66/><U109/><E109/><V96/><F68/><W17/><G17/><T16/><D19/><U35/><E35/><V46/><F31/><W111/><G111/><T71/><D64/><U120/><E23/><V13/><F13/><W38/><G38/><T72/><D72/><U54/><E54/><V12/><F12/><W21/><G21/><N who="0" m="11423" /><D71/><U116/><E116/><V20/><F20/><W59/><G59/><T110/><D110/><U18/><E18/><V52/><F33/><W75/><G75/><T27/><D27/><U43/><E43/><V47/><F83/><W100/><G106/><T24/><D24/><U5/><E14/><V41/><F41/><W2/><G0/><T108/><D108/><U39/><REACH who="1" step="1"/><E4/><REACH who="1" ten="211,240,289,250" step="2"/><V61/><F61/><W8/><G8/><T82/><D129/><U69/><E69/><V49/><AGARI ba="0,1" hai="46,47,49,51,52,53,60,62,76,77,92,94,96,97" machi="49" ten="25,8000,1" yaku="0,1,22,2,8,1,54,1" doraHai="133" who="2" fromWho="2" sc="211,-20,240,-40,289,90,250,-20" /><INIT seed="2,0,0,0,5,135" ten="191,200,379,230" oya="2" hai0="98,11,80,53,121,76,129,93,17,115,40,94,85" hai1="104,9,31,39,24,96,20,47,14,81,6,110,100" hai2="79,131,78,63,10,16,66,70,38,60,32,42,123" hai3="52,133,2,59,88,25,118,19,0,30,90,41,49"/><V125/><F32/><W119/><G41/><T112/><D129/><U61/><E110/><V122/><F131/><W18/><G133/><T101/><D121/><U97/><E97/><V127/><F42/><W62/><G0/><T48/><D40/><U105/><E47/><V54/><F38/><W46/><G2/><T21/><D11/><U92/><E39/><V22/><F10/><W91/><G118/><T108/><D94/><U26/><E81/><V67/><F54/><N who="3" m="34167" /><G119/><T34/><D34/><U50/><E50/><V44/><F44/><W86/><G86/><T23/><D108/><U28/><REACH who="1" step="1"/><E61/><REACH who="1" ten="191,190,379,230" step="2"/><V75/><F123/><W87/><G87/><T128/><D128/><U72/><E72/><V107/><F122/><W7/><G7/><T130/><D130/><U126/><E126/><N who="2" m="48139" /><F75/><W89/><N who="3" m="22528" /><DORA hai="120" /><W51/><G51/><T134/><D48/><U114/><E114/><V64/><F107/><W95/><G95/><T57/><D115/><U103/><E103/><V68/><F67/><W124/><G124/><T8/><D112/><U111/><E111/><V99/><F99/><W35/><G46/><T45/><D45/><U13/><E13/><AGARI ba="0,1" hai="13,16,22,60,63,64,66,68,70,78,79" m="48139" machi="13" ten="30,12000,1" yaku="18,1,52,3,54,1" doraHai="135,120" who="2" fromWho="1" sc="191,0,190,-120,379,130,230,0" /><INIT seed="2,1,0,4,1,120" ten="191,70,509,230" oya="2" hai0="133,5,82,135,25,32,131,88,89,107,110,54,66" hai1="127,115,104,129,63,102,43,46,93,126,75,57,73" hai2="97,18,50,56,7,45,71,9,2,29,23,53,122" hai3="114,58,15,31,91,27,41,123,100,49,22,121,70"/><V16/><F71/><W119/><G70/><T86/><D107/><U134/><E115/><V112/><F112/><W124/><G119/><T0/><D66/><U6/><E104/><V59/><F122/><W42/><G114/><T26/><D131/><U11/><E129/><V36/><F29/><W44/><G100/><T92/><D32/><U84/><E134/><N who="0" m="51209" /><D110/><U90/><E102/><V111/><F111/><W80/><G124/><T30/><D30/><U1/><E127/><V17/><F23/><W85/><G41/><T81/><D54/><U35/><E35/><V28/><F28/><W96/><G96/><N who="0" m="57351" /><D82/><U51/><REACH who="1" step="1"/><E126/><REACH who="1" ten="191,60,509,230" step="2"/><V108/><F108/><W61/><REACH who="3" step="1"/><G15/><REACH who="3" ten="191,60,509,220" step="2"/><T4/><D0/><U40/><E40/><V76/><F2/><W99/><G99/><T47/><D47/><U13/><E13/><N who="2" m="5311" /><F36/><W98/><G98/><T64/><D26/><U20/><E20/><V48/><F97/><W68/><G68/><T118/><D25/><U72/><E72/><V33/><F33/><W83/><G83/><T55/><D81/><U125/><E125/><V94/><F94/><W69/><G69/><T106/><D106/><U105/><E105/><V10/><F10/><W101/><G101/><T12/><D12/><U117/><E117/><V60/><F76/><W74/><G74/><T95/><D118/><U79/><E79/><V130/><F130/><W24/><G24/><T132/><D132/><U3/><E3/><V34/><F34/><W109/><G109/><T65/><D95/><U67/><AGARI ba="1,2" hai="1,6,11,43,46,51,57,63,67,73,75,84,90,93" machi="67" ten="20,2700,0" yaku="1,1,0,1,7,1,53,0" doraHai="120" doraHaiUra="116" who="1" fromWho="1" sc="191,-8,60,50,509,-14,220,-8" /><INIT seed="3,0,0,1,4,10" ten="183,110,495,212" oya="3" hai0="39,2,91,50,54,118,101,20,78,57,5,31,129" hai1="48,105,55,17,131,46,75,97,60,126,64,14,107" hai2="8,134,114,67,121,51,93,23,62,52,30,42,92" hai3="111,66,47,22,109,88,98,103,74,68,84,0,40"/><W72/><G0/><T86/><D118/><U33/><E126/><V27/><F42/><W123/><G123/><T19/><D39/><U79/><E131/><V4/><F114/><W53/><G53/><T117/><D117/><U58/><E33/><V135/><F121/><W102/><G66/><T32/><D129/><U63/><E75/><N who="3" m="28714" /><G68/><T12/><D101/><U49/><E79/><V7/><F7/><W87/><G22/><T65/><D78/><U61/><E97/><V77/><F51/><W29/><G29/><T21/><D65/><U113/><E113/><V56/><F67/><W59/><G59/><T73/><D73/><U15/><E105/><V44/><F44/><W35/><G35/><T124/><D124/><U108/><E107/><V83/><F8/><W43/><G47/><T116/><D116/><U115/><E115/><V128/><F4/><W3/><G3/><T41/><D21/><U89/><E108/><N who="3" m="41546" /><G87/><T37/><D41/><N who="3" m="15945" /><G98/><T119/><D119/><U28/><E28/><V130/><F130/><W6/><G6/><T100/><D5/><U76/><E48/><V95/><F128/><W16/><G16/><T69/><D2/><U132/><E64/><V45/><F45/><W13/><G13/><T99/><D50/><U18/><E46/><V38/><F38/><W122/><G122/><T80/><D37/><U94/><E49/><V90/><F77/><W104/><G104/><T71/><D71/><U106/><E106/><V96/><F96/><W110/><N who="3" m="41554" /><W36/><DORA hai="112" /><G36/><T34/><D99/><U9/><E76/><V81/><F30/><RYUUKYOKU ba="0,0" sc="183,-10,110,-10,495,-10,212,30" hai3="84,88,102,103" /><INIT seed="3,1,0,5,2,88" ten="173,100,485,242" oya="3" hai0="22,134,133,105,92,100,17,11,113,21,102,99,128" hai1="4,63,94,5,108,9,48,50,130,116,28,118,46" hai2="107,111,115,54,13,30,70,77,79,39,129,80,103" hai3="132,62,57,93,126,72,3,98,82,45,35,89,123"/><W52/><G123/><T47/><D128/><U43/><E130/><V67/><F39/><W110/><G35/><T18/><D113/><U85/><E108/><V23/><F111/><W75/><G3/><T114/><D114/><U14/><E28/><V41/><F41/><W74/><G110/><T84/><D47/><U34/><E34/><V112/><F77/><W51/><G132/><N who="0" m="50795" /><D11/><U60/><E118/><V40/><F40/><W95/><G126/><T15/><D84/><U125/><E116/><V97/><F54/><W12/><G12/><N who="0" m="9383" /><D102/><U71/><E125/><V20/><F129/><W83/><REACH who="3" step="1"/><G95/><AGARI ba="1,0" hai="15,18,22,92,95,99,100,105" m="9383,50795" machi="95" ten="30,3900,0" yaku="20,1,52,2" doraHai="88" who="0" fromWho="3" sc="173,42,100,0,485,0,242,-42" owari="215,1.5,100,-40.0,485,58.5,200,-20.0" /></mjloggm>