<mjloggm ver="2.3"><GO type="225" lobby="0"/><UN n0="%E3%83%A9%E3%83%BC%E3%83%A1%E3%83%B3%E4%BA%94%E9%83%8E" n1="%E6%A1%9C%E8%8A%B1%E9%96%83%E3%80%85" n2="%E3%81%BF%E3%81%BF%E3%81%9A" n3="%E3%83%8F%E3%83%B3%E3%83%89%E3%83%A9%E3%83%BC%E3%83%BB%E3%83%AF%E3%83%B3" dan="16,17,17,17" rate="2152.54,2187.52,2273.29,2178.56" sx="M,M,M,M"/><TAIKYOKU oya="0"/><INIT seed="0,0,0,4,5,14" ten="250,250,250,250" oya="0" hai0="108,25,41,120,34,92,93,20,22,23,49,114,55" hai1="80,60,129,74,76,88,21,98,117,83,69,87,32" hai2="16,91,115,28,119,0,95,13,102,101,124,36,63" hai3="110,86,130,37,9,50,82,65,6,56,18,26,48"/><T53/><D114/><U113/><E32/><V97/><F115/><W39/><G110/><T96/><D120/><U64/><E113/><V132/><F0/><W24/><G130/><T4/><D108/><U79/><E117/><V94/><F36/><W29/><G39/><T121/><D4/><U27/><E129/><V54/><F119/><W89/><G37/><T2/><D2/><U57/><E69/><V67/><F124/><W81/><G81/><T71/><D71/><U59/><E59/><N who="2" m="37375" /><F132/><W126/><G126/><T118/><D118/><U135/><E135/><V7/><F28/><W38/><G38/><T128/><D128/><U78/><REACH who="1" step="1"/><E98/><REACH who="1" ten="250,240,250,250" step="2"/><N who="2" m="57695" /><F7/><W46/><G6/><T133/><D133/><U1/><E1/><V58/><F97/><W105/><G56/><T90/><D34/><U62/><E62/><N who="2" m="36183" /><F95/><W100/><G105/><T30/><D93/><U15/><E15/><V61/><F61/><W73/><G65/><T112/><D112/><U109/><E109/><V116/><F116/><W12/><G12/><T68/><D68/><U85/><E85/><V17/><F13/><W122/><G86/><T84/><D84/><U47/><E47/><V125/><F125/><W10/><G46/><N who="0" m="25807" /><D121/><U51/><E51/><V127/><F127/><W45/><G50/><T42/><D42/><U11/><E11/><V19/><AGARI ba="0,1" hai="16,17,19,101,102" m="36183,57695,37375" machi="19" ten="30,8000,1" yaku="8,1,52,3,54,1" doraHai="14" who="2" fromWho="2" sc="250,-40,240,-20,250,90,250,-20" /><INIT seed="1,0,0,1,5,107" ten="210,220,340,230" oya="1" hai0="32,29,111,128,65,122,49,33,26,58,18,78,7" hai1="10,46,118,53,25,119,14,91,4,71,127,5,28" hai2="75,102,109,19,3,88,20,89,34,47,105,24,68" hai3="79,56,38,99,84,76,35,6,85,31,124,81,23"/><U13/><E71/><V97/><F109/><W121/><G121/><T0/><D111/><U92/><E127/><V70/><F3/><W51/><G38/><T90/><D122/><U86/><E53/><V74/><F34/><W94/><G35/><T21/><D128/><U93/><E46/><V41/><F70/><W39/><G39/><T120/><D120/><U114/><E114/><V103/><F68/><W44/><G6/><T133/><D133/><U104/><E104/><V30/><F103/><W60/><G124/><T69/><D69/><U73/><E93/><V135/><F135/><W100/><G31/><T77/><D90/><U62/><E62/><V48/><REACH who="2" step="1"/><F30/><REACH who="2" ten="210,220,330,230" step="2"/><W110/><G110/><T61/><D33/><U95/><E119/><V40/><F40/><W106/><G100/><T17/><D32/><U15/><E118/><V55/><F55/><W9/><G106/><T50/><D0/><U113/><E113/><V126/><F126/><W125/><G125/><T11/><D29/><U37/><E28/><V2/><F2/><W16/><G79/><T117/><D117/><U116/><E116/><V36/><F36/><W80/><G76/><N who="0" m="29291" /><D7/><U101/><E37/><V96/><F96/><W98/><G98/><T131/><D131/><U108/><E108/><V43/><F43/><W8/><G99/><T57/><D57/><U66/><E4/><V27/><F27/><W87/><G56/><T115/><D115/><U129/><E25/><V64/><F64/><W52/><G44/><T82/><D82/><N who="1" m="49623" /><E129/><V54/><F54/><W72/><G52/><T22/><D22/><RYUUKYOKU ba="0,1" sc="210,15,220,-15,330,15,230,-15" hai0="11,17,18,21,26,49,50,58,61,65" hai2="19,20,24,41,47,48,74,75,88,89,97,102,105" /><INIT seed="2,1,1,5,2,104" ten="225,205,345,215" oya="2" hai0="46,21,70,63,2,30,128,108,51,36,58,44,64" hai1="12,10,52,35,54,25,47,32,75,89,22,96,114" hai2="78,4,95,130,100,68,0,99,67,98,102,57,59" hai3="3,134,105,113,79,76,28,27,109,7,38,53,122"/><V26/><F130/><W43/><G122/><T90/><D2/><U37/><E114/><V93/><F78/><W11/><G105/><T83/><D128/><U97/><E75/><V48/><F26/><W81/><G109/><T116/><D108/><U66/><E66/><V107/><F107/><W34/><G134/><T87/><D116/><U42/><E35/><V15/><F0/><W123/><G123/><T131/><D131/><U19/><E32/><V33/><F33/><W72/><G79/><T14/><D36/><U74/><E74/><V61/><F48/><W50/><G113/><T1/><D1/><U111/><E111/><V127/><F127/><W24/><G24/><N who="0" m="16655" /><D70/><U65/><E65/><V121/><F121/><W62/><G62/><T39/><D39/><U40/><E40/><V6/><F15/><W119/><G119/><T86/><D14/><U115/><E115/><V49/><F68/><W18/><G18/><T69/><D69/><U23/><E23/><V8/><F8/><W124/><G124/><T85/><D44/><U77/><E77/><V71/><F71/><W129/><G129/><T29/><D29/><U55/><REACH who="1" step="1"/><E89/><REACH who="1" ten="225,195,345,215" step="2"/><V31/><F31/><AGARI ba="1,2" hai="10,12,19,22,25,31,37,42,47,52,54,55,96,97" machi="31" ten="40,5200,0" yaku="1,1,2,1,54,1,53,0" doraHai="104" doraHaiUra="133" who="1" fromWho="2" sc="225,0,195,75,345,-55,215,0" /><INIT seed="3,0,0,0,1,23" ten="225,270,290,215" oya="3" hai0="120,133,32,85,17,132,111,129,102,63,52,65,86" hai1="124,70,84,20,16,118,117,62,58,91,119,67,127" hai2="57,122,48,38,39,99,8,5,24,98,40,103,37" hai3="4,19,95,134,49,121,3,53,68,82,89,88,101"/><W33/><G121/><T92/><D120/><U22/><E70/><V83/><F122/><W106/><G68/><T21/><D32/><U135/><E135/><N who="0" m="51785" /><D111/><U6/><E6/><V71/><F71/><W112/><G112/><T13/><D129/><U1/><E1/><V77/><F24/><W109/><G134/><T50/><D63/><U36/><E36/><V81/><F103/><W15/><G106/><T108/><D65/><U35/><E35/><V115/><F115/><W107/><G107/><T130/><D108/><U59/><E59/><V90/><F90/><W125/><G125/><T47/><D130/><U46/><E46/><V110/><F110/><W34/><G109/><T55/><D55/><U97/><E97/><AGARI ba="0,0" hai="13,17,21,47,50,52,85,86,92,97,102" m="51785" machi="97" ten="30,2000,0" yaku="20,1,54,1" doraHai="23" who="0" fromWho="1" sc="225,20,270,-20,290,0,215,0" /><INIT seed="4,0,0,4,1,14" ten="245,250,290,215" oya="0" hai0="1,84,9,32,85,63,69,109,135,114,94,51,29" hai1="72,122,7,3,130,101,110,58,8,19,91,83,67" hai2="53,77,18,97,30,106,5,21,119,39,105,12,17" hai3="112,125,76,50,100,113,33,28,20,108,61,79,15"/><T120/><D120/><U46/><E122/><V6/><F39/><W56/><G108/><T75/><D75/><U22/><E110/><V55/><F30/><W89/><G100/><T45/><D109/><U90/><E101/><V11/><F77/><W98/><G33/><T71/><D114/><N who="3" m="44137" /><G50/><T86/><D135/><U99/><E130/><V82/><F82/><W42/><G42/><T40/><D63/><U134/><E134/><V95/><F119/><W96/><G125/><T26/><REACH who="0" step="1"/><D94/><REACH who="0" ten="235,250,290,215" step="2"/><U57/><E72/><V62/><F106/><W131/><G131/><T123/><D123/><U104/><E104/><V60/><F105/><W65/><G28/><T41/><D41/><U118/><E118/><V16/><F62/><W124/><G124/><T59/><D59/><U133/><E58/><V52/><F60/><W38/><G38/><T115/><D115/><U24/><E133/><V102/><REACH who="2" step="1"/><F5/><AGARI ba="0,1" hai="1,5,9,26,29,32,40,45,51,69,71,84,85,86" machi="5" ten="40,2000,0" yaku="1,1,53,0" doraHai="14" doraHaiUra="54" who="0" fromWho="2" sc="235,30,250,0,290,-20,215,0" /><INIT seed="4,1,0,0,2,32" ten="265,250,270,215" oya="0" hai0="6,31,86,111,75,115,133,129,3,39,102,65,11" hai1="23,76,93,80,117,21,122,19,37,2,38,114,98" hai2="20,113,119,79,91,99,28,118,52,74,71,4,70" hai3="82,125,13,46,78,26,107,9,123,25,100,22,104"/><T41/><D75/><U85/><E122/><V109/><F109/><W59/><G123/><T17/><D111/><U105/><E117/><V50/><F74/><W63/><G125/><T16/><D115/><U61/><E114/><V36/><F36/><W89/><G89/><T77/><D102/><U94/><E105/><V30/><F79/><W51/><G100/><T116/><D116/><N who="2" m="44586" /><F113/><W124/><G124/><T67/><D31/><N who="2" m="11818" /><F20/><W64/><G22/><T108/><D108/><U49/><E23/><V1/><F99/><W96/><G96/><T130/><D133/><U56/><E98/><V40/><F40/><W54/><G107/><T106/><D106/><U92/><E38/><V62/><F62/><W121/><G104/><T60/><D41/><U131/><E37/><V45/><F91/><W7/><REACH who="3" step="1"/><G121/><REACH who="3" ten="265,250,270,205" step="2"/><T112/><D112/><U43/><E21/><V83/><F83/><W84/><AGARI ba="1,1" hai="7,9,13,25,26,46,51,54,59,63,64,78,82,84" machi="84" ten="20,8000,1" yaku="1,1,2,1,0,1,7,1,8,1,53,0" doraHai="32" doraHaiUra="97" who="3" fromWho="3" sc="265,-41,250,-21,270,-21,205,93" /><INIT seed="5,0,0,1,0,96" ten="224,229,249,298" oya="1" hai0="132,60,85,6,133,75,34,13,26,46,108,107,19" hai1="129,127,116,92,102,47,79,32,95,61,114,73,112" hai2="55,67,86,83,41,76,1,20,97,0,14,53,105" hai3="126,4,3,31,70,29,110,78,2,66,50,93,99"/><U42/><E116/><V111/><F111/><W115/><G110/><T121/><D108/><U21/><E32/><V35/><F35/><W119/><G78/><T62/><D75/><U57/><E127/><V117/><F117/><W101/><G119/><T39/><D107/><U7/><E7/><V30/><F41/><W130/><G115/><N who="1" m="44074" /><E129/><V89/><F67/><W43/><G130/><T87/><D121/><U37/><E21/><V23/><F23/><W103/><G70/><T11/><D39/><U27/><E27/><V16/><F30/><N who="3" m="11275" /><G3/><T15/><D34/><U109/><E109/><V124/><F124/><W106/><G106/><T98/><D26/><U38/><E38/><V74/><F0/><W113/><G2/><T36/><D98/><N who="1" m="59719" /><E95/><N who="2" m="54711" /><F1/><W8/><G126/><T58/><D36/><U18/><E18/><V24/><F24/><W122/><G122/><T135/><D46/><U28/><E28/><V91/><F91/><W33/><G33/><T71/><D71/><U82/><E57/><V48/><F48/><W9/><G50/><T12/><D62/><AGARI ba="0,0" hai="37,42,47,61,62,73,79,82" m="59719,44074" machi="62" ten="30,2900,0" yaku="15,1,52,1" doraHai="96" who="1" fromWho="0" sc="224,-29,229,29,249,0,298,0" /><INIT seed="5,1,0,2,4,59" ten="195,258,249,298" oya="1" hai0="121,8,131,97,68,38,66,114,57,133,10,118,78" hai1="72,79,4,98,30,26,81,61,36,11,127,87,18" hai2="35,20,49,101,132,125,73,48,134,128,65,84,89" hai3="58,135,24,5,100,27,62,3,95,16,105,117,25"/><U112/><E112/><V94/><F35/><W64/><G105/><T45/><D118/><U42/><E127/><V21/><F125/><W22/><G3/><T102/><D114/><U82/><E18/><V96/><F73/><W109/><G109/><T77/><D131/><U53/><E98/><V52/><F65/><W85/><G5/><T83/><D68/><U92/><E92/><V28/><F128/><W122/><G122/><T71/><D71/><U19/><E19/><V39/><F39/><W69/><G135/><N who="2" m="51753" /><F48/><W74/><G74/><T106/><D133/><U31/><E26/><V12/><F12/><W120/><G120/><T80/><D121/><U23/><E23/><V44/><F28/><W91/><G117/><T99/><D99/><U0/><E53/><V130/><F130/><W37/><G37/><T76/><D38/><U115/><E115/><V110/><F110/><W43/><G43/><T33/><D33/><U50/><E50/><V113/><F113/><W116/><G116/><T15/><D45/><N who="1" m="23751" /><E61/><V9/><F9/><W124/><G124/><T46/><D46/><U34/><E34/><V126/><F126/><W40/><G40/><T63/><REACH who="0" step="1"/><D8/><REACH who="0" ten="185,258,249,298" step="2"/><U7/><E7/><AGARI ba="1,1" hai="7,10,15,57,63,66,76,77,78,80,83,97,102,106" machi="7" ten="40,5200,0" yaku="1,1,2,1,52,1,53,0" doraHai="59" doraHaiUra="67" who="0" fromWho="1" sc="185,65,258,-55,249,0,298,0" /><INIT seed="6,0,0,5,4,100" ten="250,203,249,298" oya="2" hai0="12,131,37,103,21,69,70,63,15,79,19,90,120" hai1="23,86,38,104,75,87,40,45,88,125,97,64,26" hai2="55,4,36,128,50,67,135,7,106,113,73,66,28" hai3="24,74,105,54,109,91,48,133,39,84,112,96,47"/><V81/><F36/><W72/><G109/><T46/><D120/><U22/><E75/><V25/><F106/><W132/><G39/><T82/><D131/><U6/><E125/><V80/><F128/><W41/><G41/><T126/><D126/><U124/><E124/><V99/><F99/><W71/><G71/><T10/><D103/><U78/><E64/><V94/><F94/><W119/><G119/><T92/><D37/><U111/><E111/><V76/><F113/><W117/><G117/><T62/><D46/><U77/><E6/><V123/><F123/><W89/><G24/><T2/><D2/><U32/><E32/><V0/><F135/><N who="3" m="51787" /><G112/><T5/><D70/><U20/><E26/><V16/><F16/><W118/><G118/><T1/><D69/><U51/><E38/><V98/><F98/><W8/><G8/><T3/><D3/><U65/><E65/><V121/><F80/><N who="3" m="49287" /><G91/><T116/><D1/><U107/><E87/><V85/><F73/><W59/><G47/><T102/><D116/><U27/><E27/><V129/><F129/><W9/><G9/><T53/><D90/><U101/><REACH who="1" step="1"/><E107/><REACH who="1" ten="250,193,249,298" step="2"/><V43/><F67/><W115/><G115/><T60/><D5/><N who="2" m="2122" /><F66/><W44/><G74/><T31/><D15/><U134/><E134/><V42/><F0/><W52/><G72/><T122/><D12/><U35/><E35/><N who="2" m="20879" /><F121/><W14/><G105/><T49/><D122/><U130/><E130/><V110/><F110/><W33/><G33/><T17/><D31/><U30/><E30/><V83/><F83/><AGARI ba="0,1" hai="20,22,23,40,45,51,77,78,83,86,88,97,101,104" machi="83" ten="40,5200,0" yaku="1,1,52,1,54,1,53,0" doraHai="100" doraHaiUra="11" who="1" fromWho="2" sc="250,0,193,62,249,-52,298,0" /><INIT seed="7,0,0,4,5,31" ten="250,255,197,298" oya="3" hai0="107,10,48,42,69,40,98,123,13,124,122,12,21" hai1="118,99,115,89,54,117,128,35,15,112,44,37,29" hai2="5,7,63,135,82,38,91,78,134,94,50,87,36" hai3="77,104,111,74,125,127,41,16,80,106,133,4,92"/><W19/><G133/><T129/><D69/><U2/><E2/><V51/><F63/><W119/><G119/><N who="1" m="45578" /><E128/><V70/><F70/><W110/><G4/><T65/><D129/><U0/><E0/><V102/><F38/><W126/><G41/><T52/><D65/><U11/><E89/><V108/><F36/><W56/><G56/><T67/><D67/><U20/><E99/><V55/><F108/><N who="3" m="41515" /><G92/><T79/><D122/><U28/><E54/><V90/><F90/><W8/><G8/><T57/><D123/><U73/><E11/><V43/><F102/><W14/><G14/><T83/><D124/><U46/><E15/><V66/><F66/><W75/><G75/><T85/><D107/><AGARI ba="0,0" hai="16,19,74,77,80,104,106,107,125,126,127" m="41515" machi="107" ten="40,7700,0" yaku="18,1,10,1,54,1" doraHai="31" who="3" fromWho="0" sc="250,-77,255,0,197,0,298,77" owari="173,-32.7,255,5.5,197,-20.3,375,47.5" /></mjloggm>