<mjloggm ver="2.3"><GO type="225" lobby="0"/><UN n0="%E6%81%A5%E6%99%92%E3%81%97" n1="%E6%9C%88%E5%B3%B6%E5%9F%BA" n2="%E3%83%A9%E3%82%A4%E3%83%B3%E3%81%AE%E8%99%8E" n3="%E7%9A%AE%E3%80%85" dan="17,16,16,16" rate="2196.07,2059.06,2140.36,2110.22" sx="M,M,M,M"/><TAIKYOKU oya="0"/><INIT seed="0,0,0,3,0,56" ten="250,250,250,250" oya="0" hai0="117,54,116,71,7,82,120,1,44,24,60,133,47" hai1="114,36,96,65,61,48,6,32,11,12,135,105,37" hai2="55,104,38,90,16,8,43,52,57,73,115,100,0" hai3="13,118,129,3,30,39,119,121,131,68,83,134,51"/><T22/><D120/><U33/><E135/><V41/><F115/><W63/><G134/><T66/><D133/><U127/><E114/><V77/><F100/><W108/><G3/><T74/><D1/><N who="1" m="463" /><E127/><V14/><F104/><W59/><G30/><T27/><D7/><U125/><E48/><N who="2" m="30855" /><F73/><W124/><G124/><T67/><D67/><U88/><E88/><V93/><F38/><N who="1" m="14953" /><E12/><V97/><F0/><W5/><G121/><T110/><D110/><U89/><E89/><V84/><F55/><N who="3" m="32255" /><G39/><T26/><D22/><U101/><E125/><V81/><AGARI ba="0,0" hai="8,14,16,41,43,77,81,84,90,93,97" m="30855" machi="81" ten="30,4000,0" yaku="8,1,54,2" doraHai="56" who="2" fromWho="2" sc="250,-20,250,-10,250,40,250,-10" /><INIT seed="1,0,0,0,4,71" ten="230,240,290,240" oya="1" hai0="134,99,106,127,2,76,122,29,124,67,75,69,41" hai1="43,58,46,10,19,64,62,0,132,115,105,131,82" hai2="4,28,68,116,50,21,80,94,11,38,89,26,31" hai3="52,63,88,84,61,22,20,45,59,15,86,130,49"/><U7/><E115/><V92/><F68/><W17/><G130/><T108/><D108/><U25/><E131/><V97/><F116/><W51/><G84/><T78/><D2/><U93/><E105/><V33/><F80/><N who="3" m="49223" /><G22/><T91/><D29/><U6/><E132/><V18/><F38/><W66/><G66/><T135/><D41/><AGARI ba="0,0" hai="15,17,20,41,45,49,51,52,59,61,63" m="49223" machi="41" ten="30,3900,0" yaku="8,1,54,2" doraHai="71" who="3" fromWho="0" sc="230,-39,240,0,290,0,240,39" /><INIT seed="2,0,0,2,1,40" ten="191,240,290,279" oya="2" hai0="49,132,100,8,59,54,22,80,15,131,39,130,119" hai1="78,55,6,34,45,85,101,63,41,115,74,75,29" hai2="36,76,91,108,128,70,88,1,102,103,37,77,109" hai3="120,122,62,135,129,44,4,112,107,111,67,117,11"/><V42/><F1/><W57/><G117/><T7/><D119/><U64/><E115/><V13/><F13/><W61/><G107/><T3/><D132/><U46/><E6/><V113/><F70/><W116/><G116/><T79/><D100/><N who="2" m="38442" /><F113/><W35/><G112/><T9/><D22/><U89/><E101/><V81/><F128/><W50/><G35/><T124/><D124/><U98/><E98/><V84/><F77/><W93/><G111/><N who="2" m="42569" /><F37/><W60/><G135/><T83/><D39/><U25/><E78/><V66/><F66/><W68/><G129/><T16/><REACH who="0" step="1"/><D83/><REACH who="0" ten="181,240,290,279" step="2"/><U95/><E34/><V43/><F36/><W99/><G122/><T126/><D126/><U20/><E20/><V56/><F56/><W106/><G120/><T123/><D123/><U48/><E95/><N who="2" m="54663" /><F91/><N who="3" m="55743" /><G68/><T47/><D47/><U28/><E89/><V0/><F0/><W105/><G105/><T65/><D65/><U21/><E64/><V86/><AGARI ba="0,1" hai="42,43,76,81,86" m="54663,42569,38442" machi="86" ten="30,6000,0" yaku="14,1,10,1,54,1" doraHai="40" who="2" fromWho="2" sc="181,-20,240,-20,290,70,279,-20" /><INIT seed="2,1,0,1,4,84" ten="161,220,360,259" oya="2" hai0="40,64,133,58,32,53,31,85,14,17,16,60,125" hai1="56,118,1,105,134,80,107,70,111,5,62,41,73" hai2="8,113,44,76,59,132,123,83,108,19,51,11,33" hai3="3,20,94,89,22,38,15,24,103,93,46,21,110"/><V98/><F113/><W35/><G3/><T68/><D125/><U126/><E118/><V86/><F33/><W27/><G110/><T25/><D133/><U49/><E111/><V67/><F123/><W74/><G74/><T87/><D40/><U90/><E126/><V130/><F130/><W50/><G38/><T45/><D45/><U78/><E70/><V127/><F132/><W65/><G65/><T29/><D29/><U30/><E134/><V124/><F108/><W121/><G121/><T109/><D109/><U0/><E30/><V114/><F114/><W63/><G63/><T92/><D92/><U39/><E49/><V66/><F124/><W106/><G15/><T13/><D13/><U96/><E1/><V48/><F19/><W34/><G106/><T7/><D7/><U23/><E23/><V120/><F120/><W12/><G12/><T119/><D119/><U55/><E90/><V95/><F8/><W6/><G6/><T52/><D53/><U4/><E4/><V81/><F11/><W135/><G135/><T128/><D128/><U82/><E96/><V18/><F98/><N who="3" m="59855" /><G35/><T102/><D102/><U129/><E82/><V54/><F83/><W26/><G34/><T69/><D17/><U28/><E28/><V88/><F18/><W79/><G79/><T104/><D104/><U43/><E129/><V97/><F127/><W112/><G112/><T42/><D42/><AGARI ba="1,0" hai="42,44,48,51,54,59,66,67,76,81,86,88,95,97" machi="42" ten="30,11600,0" yaku="7,1,8,1,52,1,54,1" doraHai="84" who="2" fromWho="0" sc="161,-119,220,0,360,119,259,0" /><INIT seed="2,2,0,3,1,127" ten="42,220,479,259" oya="2" hai0="86,125,23,115,89,97,44,8,10,43,47,100,21" hai1="56,0,121,95,3,78,61,46,24,16,111,30,130" hai2="85,17,55,42,22,113,65,135,94,1,6,37,71" hai3="31,92,39,69,5,28,64,91,41,32,107,126,77"/><V73/><F73/><W82/><G107/><T66/><D115/><U63/><E111/><V51/><F135/><W133/><G126/><T52/><D125/><U96/><E121/><V134/><F134/><W132/><G5/><T40/><D66/><U106/><E106/><V93/><F85/><W117/><G117/><T2/><D97/><U53/><E78/><V120/><F1/><W103/><G103/><T129/><D100/><U14/><E46/><V58/><F6/><W83/><G82/><T36/><D2/><U84/><E84/><V13/><F113/><W118/><G118/><T15/><D15/><U68/><E130/><V38/><F38/><W26/><G28/><T76/><D86/><U25/><E68/><V119/><F120/><W88/><G91/><T59/><D89/><U54/><E30/><V27/><F13/><W79/><G79/><T98/><D76/><U131/><E131/><V81/><F81/><W11/><G11/><T128/><D59/><N who="1" m="35055" /><E0/><V110/><F110/><W49/><G39/><T123/><D36/><U72/><E3/><V67/><F67/><W70/><G64/><T101/><D101/><N who="1" m="60575" /><E72/><V45/><F119/><W9/><G133/><T74/><D74/><U80/><E80/><V57/><F57/><W75/><G132/><T109/><D98/><U7/><E7/><V104/><F104/><W35/><G35/><T60/><D123/><U33/><E33/><V122/><F122/><W124/><G124/><T108/><D60/><AGARI ba="2,0" hai="17,22,27,37,42,45,51,55,58,60,65,71,93,94" machi="60" ten="40,3900,0" yaku="24,2" doraHai="127" who="2" fromWho="0" sc="42,-45,220,0,479,45,259,0" owari="-3,-50.3,220,-18.0,524,62.4,259,5.9" /></mjloggm>