<mjloggm ver="2.3"><GO type="225" lobby="0"/><UN n0="%E7%B4%94%E6%BD%94%E3%83%94%E3%83%A9%E3%83%8B%E3%82%A2" n1="%E3%81%AF%E3%82%88%E3%81%8A%E3%81%98%E3%81%95%E3%82%93" n2="%33%74%72%65%65" n3="%E3%82%8F%E3%81%8B%E3%81%B0%2A%E3%82%AC%E3%83%BC%E3%83%AB" dan="17,17,16,16" rate="2193.12,2228.04,2060.31,2075.62" sx="M,M,F,M"/><TAIKYOKU oya="0"/><INIT seed="0,0,0,4,4,32" ten="250,250,250,250" oya="0" hai0="3,9,52,81,104,117,96,34,38,61,71,40,102" hai1="50,121,97,106,49,88,16,51,111,47,65,11,64" hai2="74,19,8,89,92,110,78,79,73,39,76,12,135" hai3="115,82,123,54,10,6,118,131,25,80,48,100,70"/><T22/><D117/><U15/><E121/><V18/><F110/><W130/><G118/><T53/><D34/><U133/><E111/><V120/><F120/><W45/><G123/><T113/><D113/><U63/><E133/><V17/><F135/><W26/><G115/><T94/><D104/><U1/><E1/><V60/><F39/><W85/><G70/><T2/><D22/><U127/><E127/><V14/><F60/><W116/><G100/><T90/><D40/><U37/><E106/><V91/><F92/><W13/><G116/><T24/><D24/><U42/><REACH who="1" step="1"/><E63/><REACH who="1" ten="250,240,250,250" step="2"/><V4/><REACH who="2" step="1"/><F14/><REACH who="2" ten="250,240,240,250" step="2"/><W27/><REACH who="3" step="1"/><G80/><REACH who="3" ten="250,240,240,240" step="2"/><T112/><D81/><U107/><E107/><V72/><AGARI ba="0,3" hai="4,8,12,17,18,19,72,73,74,76,78,79,89,91" machi="72" ten="40,8000,1" yaku="1,1,2,1,0,1,29,2,53,0" doraHai="32" doraHaiUra="23" who="2" fromWho="2" sc="250,-40,240,-20,240,110,240,-20" /><INIT seed="1,0,0,3,1,3" ten="210,220,350,220" oya="1" hai0="9,23,114,51,82,13,84,83,118,135,48,62,38" hai1="8,74,121,110,132,19,133,88,56,72,32,2,54" hai2="25,112,44,35,5,127,26,58,18,95,53,102,77" hai3="41,100,113,16,69,0,49,115,6,89,33,11,57"/><U65/><E121/><V70/><F70/><W98/><G69/><T22/><D38/><U111/><E32/><V7/><F127/><W107/><G33/><T71/><D114/><U131/><E65/><V99/><F112/><W31/><G31/><T1/><D1/><U105/><E105/><V86/><F44/><W108/><G108/><N who="1" m="41514" /><E131/><V67/><F67/><W93/><G41/><T78/><D118/><U10/><E88/><V76/><F35/><W123/><G123/><T130/><D130/><U27/><E27/><N who="2" m="10251" /><F18/><W116/><G116/><T42/><D135/><N who="1" m="51787" /><E19/><V94/><F94/><W68/><G68/><T91/><D71/><U101/><E101/><V66/><F66/><W12/><G107/><T46/><D62/><U87/><E87/><V75/><F86/><W50/><G100/><T96/><D51/><U90/><E90/><V30/><F30/><W73/><G49/><T126/><D126/><U36/><E36/><V85/><F85/><W37/><G37/><T92/><D83/><U52/><E2/><V104/><F104/><W47/><G73/><N who="1" m="28266" /><E54/><V21/><F75/><W117/><G117/><T55/><D55/><U106/><E106/><V119/><F119/><W15/><G0/><T20/><D20/><U109/><N who="1" m="41522" /><U45/><DORA hai="80" /><E45/><V124/><F21/><W120/><G47/><T129/><D129/><U24/><E24/><V79/><F124/><W34/><G34/><T59/><D59/><U134/><N who="1" m="51795" /><U63/><AGARI ba="0,0" hai="8,10,52,56,63" m="28266,51795,41522" machi="63" ten="60,12000,1" yaku="4,1,14,1,10,1,20,1,54,1" doraHai="3,80" who="1" fromWho="1" sc="210,-40,220,120,350,-40,220,-40" /><INIT seed="1,1,0,1,0,99" ten="170,340,310,180" oya="1" hai0="92,94,48,129,107,82,18,2,22,75,113,81,60" hai1="51,0,133,84,67,126,13,118,15,105,3,80,119" hai2="102,49,24,109,52,111,106,4,70,73,31,135,117" hai3="115,95,25,1,20,96,77,104,124,32,91,98,11"/><U87/><E105/><V88/><F117/><W125/><G115/><T9/><D107/><U37/><E37/><V83/><F70/><W23/><G77/><T108/><D113/><U93/><E67/><V19/><F19/><W59/><G32/><T47/><D60/><U131/><E93/><V85/><F73/><W29/><G20/><T134/><D108/><N who="2" m="41546" /><F4/><W63/><G1/><T72/><D9/><U36/><E36/><V122/><F135/><W130/><G11/><T132/><D2/><U103/><E133/><N who="0" m="51305" /><D129/><U45/><E131/><V62/><F62/><W40/><G40/><N who="0" m="24679" /><D82/><U74/><E80/><V43/><F43/><W114/><G114/><T110/><D110/><U7/><E7/><V66/><F66/><W8/><G8/><T6/><D6/><U57/><E0/><V12/><F12/><W10/><G10/><T16/><D18/><U41/><E3/><V58/><F122/><W65/><REACH who="3" step="1"/><G130/><REACH who="3" ten="170,340,310,170" step="2"/><T100/><D75/><U112/><E74/><V128/><F128/><W123/><G123/><T76/><D100/><AGARI ba="1,1" hai="23,25,29,59,63,65,91,95,96,98,100,104,124,125" machi="100" ten="40,2600,0" yaku="1,1,52,1,53,0" doraHai="99" doraHaiUra="68" who="3" fromWho="0" sc="170,-29,340,0,310,0,170,39" /><INIT seed="2,0,0,1,5,80" ten="141,340,310,209" oya="2" hai0="23,22,60,0,49,55,95,48,112,98,1,41,126" hai1="124,38,3,18,52,61,81,115,101,44,128,74,17" hai2="26,21,117,132,75,97,78,94,15,71,39,37,35" hai3="67,106,16,53,12,102,14,27,93,28,99,66,96"/><V33/><F117/><W43/><G43/><T11/><D112/><U64/><E115/><V40/><F71/><W114/><G114/><T24/><D126/><U57/><E3/><V82/><F132/><W63/><G53/><T72/><D72/><U9/><E124/><V19/><F40/><W73/><G73/><T2/><D11/><U8/><E128/><V7/><F33/><W107/><G107/><T135/><D135/><U46/><E101/><V92/><F92/><W70/><G67/><T100/><D41/><U121/><E38/><V89/><F7/><W116/><G116/><T5/><D5/><U77/><E121/><V45/><F45/><W13/><G99/><T86/><D22/><U84/><E74/><V30/><AGARI ba="0,0" hai="15,19,21,26,30,35,37,39,75,78,82,89,94,97" machi="30" ten="30,1500,0" yaku="0,1" doraHai="80" who="2" fromWho="2" sc="141,-5,340,-5,310,15,209,-5" /><INIT seed="2,1,0,0,5,72" ten="136,335,325,204" oya="2" hai0="95,135,74,56,97,93,50,132,33,104,44,69,45" hai1="6,121,9,89,11,13,78,130,67,14,107,68,76" hai2="57,7,113,116,37,75,1,101,47,59,5,28,53" hai3="36,29,71,70,35,119,0,125,84,3,115,66,61"/><V127/><F113/><W122/><G119/><T134/><D69/><U99/><E130/><V120/><F116/><W41/><G122/><T8/><D33/><U88/><E121/><V60/><F120/><W102/><G115/><T43/><D56/><U34/><E34/><V19/><F127/><W100/><G125/><T39/><D74/><U65/><E68/><V58/><F28/><W123/><G123/><T23/><D8/><U131/><E131/><V106/><F75/><W10/><G84/><T96/><D23/><U4/><E99/><V87/><F106/><AGARI ba="1,0" hai="4,6,9,11,13,14,65,67,76,78,88,89,106,107" machi="106" ten="25,8000,1" yaku="22,2,52,2,54,1" doraHai="72" who="1" fromWho="2" sc="136,0,335,83,325,-83,204,0" /><INIT seed="3,0,0,3,0,107" ten="136,418,242,204" oya="3" hai0="112,56,79,94,42,40,82,68,5,70,78,27,111" hai1="129,37,122,49,90,17,76,28,93,59,2,65,62" hai2="15,72,131,106,74,87,133,71,103,52,19,127,46" hai3="128,135,43,89,63,13,4,61,92,100,108,54,104"/><W20/><G128/><T84/><D111/><U115/><E37/><V85/><F71/><W109/><G135/><T58/><D112/><U9/><E122/><V102/><F133/><W67/><G43/><T105/><D105/><U116/><E115/><V33/><F33/><W36/><G36/><T66/><D5/><U11/><E129/><V22/><F131/><W121/><G121/><T18/><D27/><U125/><E2/><V3/><F3/><W132/><G132/><T47/><D94/><U134/><E134/><V120/><F120/><W8/><G20/><T91/><D91/><U77/><E125/><V29/><F29/><W69/><G54/><T101/><D84/><U119/><E28/><V124/><F87/><W99/><REACH who="3" step="1"/><G61/><REACH who="3" ten="136,418,242,194" step="2"/><T14/><D66/><U7/><E65/><V110/><F52/><W53/><G53/><T130/><D130/><U123/><E62/><V30/><F127/><W75/><G75/><T113/><D113/><U60/><E123/><V23/><F74/><W114/><G114/><T95/><D47/><U88/><E60/><V31/><F46/><W48/><G48/><T38/><D38/><U34/><E49/><V98/><F72/><W25/><G25/><T50/><D50/><U57/><E34/><V73/><F73/><W118/><G118/><T12/><D101/><U35/><E35/><V6/><F103/><W21/><G21/><T81/><REACH who="0" step="1"/><D95/><REACH who="0" ten="126,418,242,194" step="2"/><U86/><E93/><V83/><F102/><W126/><G126/><T16/><AGARI ba="0,2" hai="12,14,16,18,40,42,56,58,68,70,78,79,81,82" machi="16" ten="25,12000,2" yaku="1,1,2,1,0,1,22,2,54,1,53,0" doraHai="107" doraHaiUra="96" who="0" fromWho="0" sc="126,140,418,-30,242,-30,194,-60" owari="266,6.6,388,48.8,212,-18.8,134,-36.6" /></mjloggm>