<mjloggm ver="2.3"><GO type="225" lobby="0"/><UN n0="%E3%83%A9%E3%83%BC%E3%83%A1%E3%83%B3%E4%BA%94%E9%83%8E" n1="%72%69%6F%75%63%68%61%6E" n2="%E6%A1%9C%E8%8A%B1%E9%96%83%E3%80%85" n3="%77%72%77%72%77%72%77%72" dan="16,16,17,16" rate="2160.03,2134.42,2207.85,2124.52" sx="M,M,M,M"/><TAIKYOKU oya="0"/><INIT seed="0,0,0,4,1,81" ten="250,250,250,250" oya="0" hai0="29,135,132,90,66,12,37,20,4,120,6,57,55" hai1="100,52,95,41,53,28,48,99,84,27,56,49,116" hai2="117,15,36,65,35,21,94,98,60,7,74,33,54" hai3="123,19,64,83,8,38,110,93,11,76,62,39,59"/><T18/><D120/><U92/><E116/><V26/><F74/><W124/><G123/><T31/><D37/><U105/><E41/><V133/><F36/><W32/><G110/><T3/><D66/><U114/><E114/><V25/><F117/><W107/><G107/><T1/><D90/><U77/><E77/><V2/><F2/><N who="0" m="522" /><D57/><U118/><E118/><V72/><F72/><W134/><G134/><N who="0" m="51243" /><D55/><U128/><E128/><V127/><F54/><W43/><G93/><T69/><D69/><U122/><E122/><V16/><F127/><W67/><G124/><T70/><D70/><U111/><E111/><V47/><F47/><W80/><G67/><T61/><D61/><U101/><E101/><V51/><F51/><W130/><G130/><T97/><D97/><U126/><E126/><V42/><F42/><W85/><G80/><T30/><AGARI ba="0,0" hai="4,6,12,18,20,29,30,31" m="51243,522" machi="30" ten="40,7800,0" yaku="20,1,34,2" doraHai="81" who="0" fromWho="0" sc="250,78,250,-26,250,-26,250,-26" /><INIT seed="0,1,0,0,0,118" ten="328,224,224,224" oya="0" hai0="25,94,2,46,122,17,127,120,108,61,19,68,114" hai1="103,90,99,30,86,131,49,81,72,40,106,62,128" hai2="116,115,4,89,28,83,43,33,58,98,82,42,1" hai3="125,9,105,129,134,107,27,100,70,95,73,97,14"/><T23/><D114/><U16/><E30/><V109/><F115/><W22/><G70/><T96/><D2/><U75/><E62/><V102/><F116/><W36/><G36/><T74/><D74/><N who="1" m="28203" /><E49/><V37/><F109/><W52/><G73/><T101/><D108/><U0/><E0/><V132/><F132/><W44/><G134/><T10/><D127/><U85/><E40/><V39/><F58/><W135/><G125/><T63/><D46/><U66/><E66/><V119/><F119/><W88/><G129/><N who="1" m="49738" /><E85/><V126/><F43/><W45/><G135/><T20/><D10/><U7/><E7/><V79/><F42/><W15/><G15/><T78/><D68/><U111/><E16/><V92/><F28/><W57/><G45/><T71/><D71/><U87/><E87/><V80/><F33/><W3/><G44/><T67/><D63/><U65/><E65/><V38/><F126/><W69/><G3/><T5/><D5/><U64/><E64/><V56/><F56/><W18/><G69/><T123/><D61/><U12/><E12/><V48/><F48/><W32/><G32/><T29/><D67/><U51/><E51/><V110/><F110/><AGARI ba="1,0" hai="81,86,90,99,103,106,110,111" m="49738,28203" machi="110" ten="40,5200,0" yaku="19,1,34,2" doraHai="118" who="1" fromWho="2" sc="328,0,224,55,224,-55,224,0" /><INIT seed="1,0,0,3,4,134" ten="328,279,169,224" oya="1" hai0="88,103,78,107,55,58,66,27,24,9,20,64,13" hai1="38,89,101,87,3,17,74,118,2,120,33,39,44" hai2="40,23,36,75,129,116,71,77,21,100,133,7,96" hai3="113,22,54,63,128,61,1,108,85,18,51,83,122"/><U92/><E118/><V123/><F116/><W106/><G113/><T91/><D78/><U16/><E120/><V8/><F123/><W98/><G122/><T46/><D46/><U72/><E33/><V4/><F133/><W15/><G1/><N who="1" m="10" /><E44/><V111/><F111/><W19/><G108/><T76/><D76/><U31/><E31/><V48/><F71/><W53/><G128/><T80/><D103/><U12/><E12/><V47/><F129/><W28/><G28/><N who="0" m="17415" /><D27/><U34/><E34/><V26/><F48/><W95/><G106/><T50/><D107/><U37/><E101/><V126/><F4/><W65/><G19/><N who="0" m="8623" /><D80/><U130/><E130/><V14/><F23/><W0/><G0/><T59/><D59/><U104/><E104/><V125/><F77/><N who="3" m="46319" /><G65/><AGARI ba="0,0" hai="50,55,58,64,65,66,88,91" m="8623,17415" machi="65" ten="30,2000,0" yaku="8,1,54,1" doraHai="134" who="0" fromWho="3" sc="328,20,279,0,169,0,224,-20" /><INIT seed="2,0,0,5,2,17" ten="348,279,169,204" oya="2" hai0="53,118,58,27,21,37,46,60,12,124,29,16,45" hai1="61,103,47,39,42,7,59,35,127,82,134,135,64" hai2="112,125,73,1,8,129,79,132,19,10,24,57,119" hai3="80,88,11,32,101,126,15,26,70,38,97,95,18"/><V117/><F112/><W34/><G126/><T113/><D124/><U40/><E35/><V41/><F125/><W3/><G38/><T23/><D113/><U44/><E127/><V86/><F73/><W104/><G70/><T84/><D37/><N who="1" m="21519" /><E82/><V131/><F41/><W87/><G3/><T68/><D118/><N who="2" m="45066" /><F57/><W62/><G62/><T96/><D68/><N who="1" m="41999" /><E7/><N who="2" m="1135" /><F86/><W98/><REACH who="3" step="1"/><G26/><REACH who="3" ten="348,279,169,194" step="2"/><T67/><D67/><U109/><E109/><V121/><F79/><AGARI ba="0,1" hai="11,15,18,32,34,79,80,87,88,95,97,98,101,104" machi="79" ten="30,7700,0" yaku="1,1,2,1,7,1,54,1,53,0" doraHai="17" doraHaiUra="49" who="3" fromWho="2" sc="348,0,279,0,169,-77,194,87" /><INIT seed="3,0,0,4,3,77" ten="348,279,92,281" oya="3" hai0="69,49,91,14,84,37,16,97,46,47,48,110,107" hai1="70,86,2,76,53,29,61,62,98,132,126,4,8" hai2="55,128,106,43,27,19,26,119,41,87,45,35,65" hai3="21,115,60,57,39,112,122,51,127,129,96,0,42"/><W113/><G0/><T13/><D69/><U93/><E126/><V71/><F119/><W111/><G122/><T12/><D37/><U114/><E114/><V92/><F106/><W63/><G127/><T89/><D110/><U108/><E108/><V18/><F128/><W109/><G129/><T104/><D104/><U59/><E132/><V33/><F71/><W72/><G72/><T17/><D107/><U30/><E76/><V38/><F65/><W7/><G7/><T82/><D91/><U99/><E86/><V40/><F38/><W85/><G96/><T103/><D103/><U94/><E93/><V124/><F124/><W88/><G21/><T50/><D97/><U25/><E99/><V6/><F6/><W11/><G11/><T90/><D90/><U105/><E105/><V133/><F92/><W54/><G39/><T31/><D31/><U10/><E10/><V44/><F87/><W64/><G42/><N who="0" m="24663" /><D50/><U66/><E25/><V130/><F130/><W101/><G101/><AGARI ba="0,0" hai="2,4,8,29,30,53,59,61,62,66,70,94,98,101" machi="101" ten="30,1000,0" yaku="7,1" doraHai="77" who="1" fromWho="3" sc="348,0,279,10,92,0,281,-10" owari="348,44.8,289,8.9,92,-40.8,271,-12.9" /></mjloggm>