<mjloggm ver="2.3"><GO type="225" lobby="0"/><UN n0="%E6%A1%9C%E8%8A%B1%E9%96%83%E3%80%85" n1="%72%65%6E%6B%75%6E" n2="%74%2E%6F%2E%6F%2E%73" n3="%E6%9D%B1%E9%A2%A8%E3%81%AE%E3%81%8D%E3%82%83%E3%81%B7%E3%81%95%E3%82%93" dan="17,17,17,16" rate="2172.62,2210.53,2117.09,2171.71" sx="M,M,M,M"/><TAIKYOKU oya="0"/><INIT seed="0,0,0,4,1,30" ten="250,250,250,250" oya="0" hai0="66,89,63,111,23,134,102,64,127,32,97,38,67" hai1="35,81,27,135,7,57,130,12,131,31,28,68,119" hai2="5,65,121,122,21,115,59,88,129,41,74,109,55" hai3="73,75,90,25,1,93,45,16,83,72,77,84,114"/><T82/><D127/><U26/><E68/><V62/><F115/><W76/><G114/><T128/><D128/><N who="1" m="49195" /><E81/><V11/><F129/><W40/><G1/><T94/><D134/><U18/><E135/><V44/><F74/><W110/><G110/><T47/><D111/><U124/><E57/><V79/><F109/><W51/><REACH who="3" step="1"/><G83/><REACH who="3" ten="250,250,250,240" step="2"/><T132/><D132/><U2/><E124/><V98/><F121/><W6/><G6/><T126/><D126/><U13/><E119/><V10/><F5/><W103/><G103/><T106/><D82/><U4/><E2/><V19/><F122/><W9/><G9/><T43/><D23/><AGARI ba="0,1" hai="16,23,25,40,45,51,72,73,75,76,77,84,90,93" machi="23" ten="40,2600,0" yaku="1,1,54,1,53,0" doraHai="30" doraHaiUra="108" who="3" fromWho="0" sc="250,-26,250,0,250,0,240,36" /><INIT seed="1,0,0,5,2,0" ten="224,250,250,276" oya="1" hai0="26,89,94,33,120,30,131,102,13,129,17,128,8" hai1="50,132,11,82,56,68,57,52,96,134,93,122,126" hai2="35,7,70,75,60,108,127,37,39,48,62,81,112" hai3="46,91,64,72,76,117,87,98,58,115,24,65,3"/><U42/><E122/><V14/><F35/><W109/><G115/><T95/><D120/><U71/><E126/><V101/><F108/><W73/><G3/><T20/><D102/><U34/><E34/><V51/><F101/><W114/><G114/><T77/><D77/><U29/><E29/><V5/><F112/><W88/><G109/><T47/><D47/><U10/><E42/><V40/><F127/><W38/><G117/><T78/><D78/><U121/><E82/><V45/><F14/><W103/><G24/><T55/><D55/><U90/><E121/><V25/><F25/><W107/><G58/><T119/><D119/><U32/><E32/><V12/><F12/><W106/><G106/><T9/><REACH who="0" step="1"/><D95/><REACH who="0" ten="214,250,250,276" step="2"/><U22/><E132/><V113/><F113/><W79/><G79/><T100/><D100/><U53/><E134/><V27/><F45/><W116/><G116/><T92/><D92/><U125/><E125/><V18/><F81/><N who="3" m="45191" /><G73/><T104/><D104/><U1/><E1/><V124/><F75/><W66/><G91/><T69/><D69/><U118/><E118/><V28/><F70/><W15/><G46/><T86/><AGARI ba="0,1" hai="8,9,13,17,20,26,30,33,86,89,94,128,129,131" machi="86" ten="30,7900,0" yaku="1,1,0,1,19,1,53,1" doraHai="0" doraHaiUra="83" who="0" fromWho="0" sc="214,89,250,-39,250,-20,276,-20" /><INIT seed="2,0,0,3,1,45" ten="303,211,230,256" oya="2" hai0="104,26,92,36,124,63,88,8,96,95,39,11,29" hai1="22,16,4,71,30,27,28,1,97,109,68,65,77" hai2="105,0,114,48,84,58,103,24,37,90,79,87,119" hai3="85,9,40,102,54,129,52,70,66,13,31,134,44"/><V42/><F114/><W19/><G134/><T130/><D104/><U61/><E109/><V51/><F119/><W133/><G129/><T113/><D113/><U67/><E77/><V38/><F0/><W106/><G133/><T112/><D112/><U111/><E111/><V43/><F105/><W99/><G31/><T23/><D130/><U73/><E73/><V121/><F103/><W78/><G66/><T5/><D124/><U120/><E120/><V128/><F121/><W12/><G70/><T108/><D108/><U62/><REACH who="1" step="1"/><E97/><REACH who="1" ten="303,201,230,256" step="2"/><V15/><F128/><W25/><G78/><T56/><D96/><U20/><E20/><V55/><F79/><W80/><G99/><T41/><D23/><U32/><E32/><V82/><F84/><W33/><G33/><T69/><D11/><AGARI ba="0,1" hai="1,4,11,16,22,27,28,30,61,62,65,67,68,71" machi="11" ten="40,5200,0" yaku="1,1,9,1,54,1,53,0" doraHai="45" doraHaiUra="83" who="1" fromWho="0" sc="303,-52,201,62,230,0,256,0" /><INIT seed="3,0,0,1,5,88" ten="251,263,230,256" oya="3" hai0="22,120,29,47,3,113,14,39,8,75,112,124,100" hai1="89,33,40,131,26,129,50,81,123,18,59,69,85" hai2="57,15,27,51,87,72,62,103,106,66,9,108,64" hai3="7,111,58,45,84,37,92,76,63,98,74,46,17"/><W24/><G74/><T49/><D120/><U80/><E123/><V0/><F72/><W41/><G111/><T101/><D39/><U135/><E69/><V19/><F108/><W109/><G109/><T128/><D75/><U11/><E135/><V105/><F0/><W126/><G7/><N who="0" m="1151" /><D128/><N who="1" m="49227" /><E11/><V71/><F103/><W82/><G126/><T55/><D124/><U70/><E70/><V34/><F87/><W86/><G86/><T102/><D29/><N who="1" m="19639" /><E18/><V97/><F97/><W2/><G2/><T43/><D22/><U122/><E122/><V125/><F125/><W52/><G45/><T30/><D14/><U23/><E23/><V133/><F133/><W1/><G1/><T67/><D30/><U68/><E68/><V31/><F66/><W13/><G24/><T83/><D67/><U42/><E81/><V54/><AGARI ba="0,0" hai="9,15,19,27,31,34,51,54,57,62,64,71,105,106" machi="54" ten="30,1100,0" yaku="0,1" doraHai="88" who="2" fromWho="2" sc="251,-3,263,-3,230,11,256,-5" /><INIT seed="4,0,0,4,0,23" ten="248,260,241,251" oya="0" hai0="86,37,97,43,22,38,107,134,99,33,24,67,56" hai1="66,96,70,72,1,79,120,115,127,14,83,44,52" hai2="81,8,31,73,132,25,110,119,11,60,68,53,15" hai3="135,108,98,50,78,69,116,133,128,46,26,118,13"/><T2/><D33/><U76/><E115/><V40/><F110/><W39/><G69/><T27/><D2/><U19/><E120/><V17/><F132/><N who="3" m="50763" /><G39/><T12/><D134/><U54/><E1/><V49/><F119/><W102/><G108/><T114/><D114/><U28/><E127/><V109/><F109/><W77/><G13/><T7/><D107/><U75/><E28/><V80/><F40/><N who="3" m="24903" /><G128/><T47/><D37/><U74/><E96/><N who="0" m="36937" /><D38/><U125/><E125/><V61/><F8/><W95/><G26/><N who="0" m="9771" /><D43/><U10/><E44/><V48/><F48/><W131/><G131/><T29/><D47/><U94/><E94/><V104/><F104/><W93/><G93/><T21/><D29/><U113/><E113/><V100/><F100/><W9/><G9/><N who="0" m="4159" /><D86/><U45/><E45/><V6/><F6/><W57/><G57/><T3/><D3/><U62/><E75/><V84/><F73/><W34/><G34/><T64/><D56/><U117/><E117/><AGARI ba="0,0" hai="77,78,95,98,102,116,117,118" m="24903,50763" machi="117" ten="30,1000,0" yaku="20,1" doraHai="23" who="3" fromWho="1" sc="248,0,260,-10,241,0,251,10" /><INIT seed="5,0,0,3,2,108" ten="248,250,241,261" oya="1" hai0="132,76,36,117,129,44,61,80,84,15,128,16,99" hai1="88,106,55,77,28,67,7,39,22,133,21,116,109" hai2="37,30,72,127,101,94,0,46,115,5,86,41,11" hai3="85,53,9,62,81,118,91,124,74,42,73,119,27"/><U71/><E106/><V6/><F127/><W65/><G124/><T33/><D117/><N who="3" m="44553" /><G42/><N who="0" m="22599" /><D33/><U63/><E116/><V134/><F134/><W60/><G27/><T123/><D99/><U48/><E133/><V97/><F115/><W96/><G9/><N who="0" m="6255" /><D61/><U8/><E39/><V26/><F5/><W93/><G53/><T18/><D18/><U56/><E77/><V35/><REACH who="2" step="1"/><F86/><REACH who="2" ten="248,250,231,261" step="2"/><W110/><G110/><T125/><D125/><U113/><E109/><V45/><F45/><W98/><G98/><T78/><D132/><U79/><E113/><V83/><F83/><W70/><G62/><T69/><D80/><U130/><E130/><V51/><F51/><W32/><G32/><T31/><D129/><U34/><E48/><V66/><F66/><W105/><G105/><T54/><D128/><U64/><E64/><V122/><F122/><W126/><G126/><T20/><D123/><U92/><E67/><V49/><F49/><W47/><G47/><T114/><D114/><U87/><E71/><V14/><F14/><W19/><G81/><T25/><D69/><U57/><E57/><V10/><F10/><W111/><G111/><T50/><D84/><U24/><REACH who="1" step="1"/><E79/><REACH who="1" ten="248,240,231,261" step="2"/><V75/><AGARI ba="0,2" hai="0,6,11,26,30,35,37,41,46,72,75,94,97,101" machi="75" ten="30,4000,0" yaku="1,1,0,1,53,1" doraHai="108" doraHaiUra="95" who="2" fromWho="2" sc="248,-10,240,-20,231,60,261,-10" /><INIT seed="6,0,0,2,0,5" ten="238,220,291,251" oya="2" hai0="78,30,3,74,16,127,37,123,42,56,17,93,73" hai1="75,101,57,9,24,54,18,29,12,69,105,113,89" hai2="13,62,98,58,111,47,71,88,104,134,44,1,108" hai3="95,107,40,15,50,126,96,132,14,135,131,97,49"/><V25/><F1/><W100/><G126/><T77/><D123/><U118/><E69/><V34/><F71/><W33/><G33/><T10/><D30/><U119/><E118/><V128/><F128/><W80/><G80/><N who="0" m="45103" /><D127/><U61/><E119/><V70/><F70/><W72/><G72/><T26/><D26/><U32/><E75/><V114/><F114/><W0/><G0/><T120/><D120/><U82/><E113/><V6/><F134/><N who="3" m="51243" /><G131/><T90/><D56/><U2/><E2/><V125/><F125/><W55/><G40/><T36/><D36/><U53/><E53/><V23/><F34/><W133/><N who="3" m="51251" /><W63/><DORA hai="86" /><G63/><T35/><D35/><U59/><E59/><V103/><F13/><N who="3" m="4619" /><G55/><T51/><D74/><U76/><E76/><V4/><F108/><W28/><G28/><T84/><D78/><U99/><REACH who="1" step="1"/><E82/><REACH who="1" ten="238,210,291,251" step="2"/><V124/><F124/><W38/><G38/><T31/><D37/><U81/><E81/><V48/><F111/><W67/><G67/><T121/><D121/><U68/><E68/><V102/><F58/><W85/><G49/><T22/><D51/><U109/><E109/><V60/><F48/><W122/><G50/><T65/><D65/><U129/><E129/><V115/><F115/><W27/><G122/><T130/><D130/><U110/><E110/><V21/><F60/><W8/><G107/><T83/><D83/><U106/><E106/><V91/><F62/><W87/><G8/><T39/><D39/><U7/><E7/><V112/><F112/><W45/><G45/><N who="2" m="17481" /><F104/><W117/><G117/><T64/><D64/><RYUUKYOKU ba="0,1" sc="238,-10,210,30,291,-10,251,-10" hai1="9,12,18,24,29,32,54,57,61,89,99,101,105" /><INIT seed="7,1,1,4,2,53" ten="228,240,281,241" oya="3" hai0="9,94,73,22,5,131,29,109,2,30,43,132,95" hai1="75,115,54,31,124,126,52,4,127,128,112,49,1" hai2="50,45,57,90,67,25,36,37,8,21,60,93,39" hai3="86,129,121,130,10,69,44,41,135,66,117,82,59"/><W125/><G117/><T89/><D109/><U134/><E75/><V91/><F8/><W110/><G121/><T114/><D131/><N who="3" m="50185" /><G110/><T14/><D132/><U97/><E128/><V72/><F72/><W78/><G135/><T35/><D73/><U107/><E134/><V6/><F6/><W28/><G125/><T123/><D123/><U20/><E4/><V81/><F81/><W96/><G10/><T122/><D122/><U62/><E62/><V3/><F3/><W100/><G28/><T119/><D119/><U92/><E107/><V7/><F7/><W120/><G69/><T80/><D114/><N who="1" m="43563" /><E1/><V24/><F93/><N who="0" m="35338" /><D43/><U84/><E84/><V19/><REACH who="2" step="1"/><F25/><REACH who="2" ten="228,240,271,241" step="2"/><W104/><G120/><T56/><D2/><U34/><E34/><V42/><AGARI ba="1,2" hai="19,21,24,36,37,39,42,45,50,57,60,67,90,91" machi="42" ten="30,7900,0" yaku="1,1,2,1,0,1,52,1,53,0" doraHai="53" doraHaiUra="98" who="2" fromWho="2" sc="228,-21,240,-21,271,102,241,-40" owari="207,-19.3,219,1.9,373,47.3,201,-29.9" /></mjloggm>