<mjloggm ver="2.3"><GO type="225" lobby="0"/><UN n0="%E3%83%96%E3%83%83%E3%83%91%E3%82%AA%E3%83%96%E3%83%81%E3%82%AD%E3%83%B3" n1="%73%69%67%65%6E%6F%72%69" n2="%E6%A1%9C%E8%8A%B1%E9%96%83%E3%80%85" n3="%E3%81%99%E3%83%BC%5F%E9%88%B4%E6%9C%A8%E6%B5%A9%E5%B9%B3" dan="16,18,16,16" rate="2130.56,2269.43,2106.01,2054.22" sx="M,M,M,M"/><TAIKYOKU oya="0"/><INIT seed="0,0,0,3,1,60" ten="250,250,250,250" oya="0" hai0="24,54,36,40,94,34,123,18,33,116,134,29,83" hai1="93,68,96,74,67,89,61,1,42,9,13,5,97" hai2="17,114,66,99,25,31,101,82,75,12,130,22,30" hai3="131,95,135,110,127,37,53,50,76,65,86,129,20"/><T21/><D116/><U43/><E74/><V100/><F114/><W70/><G37/><T52/><D123/><U90/><REACH who="1" step="1"/><E1/><REACH who="1" ten="250,240,250,250" step="2"/><V56/><F130/><W124/><G129/><T51/><D134/><U120/><E120/><V55/><F75/><W44/><G135/><T128/><D128/><U49/><E49/><V78/><F31/><W0/><G131/><T64/><D36/><U3/><E3/><V15/><F30/><W23/><G0/><T46/><D34/><U27/><E27/><V91/><F25/><W81/><G110/><T108/><D108/><U117/><E117/><V73/><F12/><W41/><G50/><T19/><D33/><U105/><E105/><V118/><F118/><W79/><G124/><T8/><D29/><U6/><E6/><V106/><F106/><W32/><G127/><T2/><D2/><U133/><E133/><V4/><F4/><W98/><G32/><T102/><D83/><U107/><E107/><V104/><F104/><W39/><G81/><T113/><D113/><U132/><E132/><V35/><F35/><W47/><G39/><T57/><D94/><AGARI ba="0,1" hai="5,9,13,42,43,61,67,68,89,90,93,94,96,97" machi="94" ten="40,5200,0" yaku="1,1,9,1,52,1,53,0" doraHai="60" doraHaiUra="26" who="1" fromWho="0" sc="250,-52,240,62,250,0,250,0" /><INIT seed="1,0,0,3,3,15" ten="198,302,250,250" oya="1" hai0="90,95,58,77,81,75,91,126,35,5,25,34,51" hai1="129,108,99,109,60,124,123,3,10,97,55,78,45" hai2="112,33,70,49,87,63,88,74,92,102,23,94,107" hai3="103,85,2,116,121,9,20,93,79,118,89,59,7"/><U4/><E123/><V6/><F33/><W56/><G121/><T29/><D126/><U27/><E124/><V128/><F128/><W69/><G69/><T57/><D35/><U53/><E129/><V28/><F74/><W131/><G131/><T100/><D5/><U110/><E78/><V48/><F112/><W68/><G68/><T32/><D32/><U67/><E27/><N who="2" m="16511" /><F107/><W132/><G132/><T17/><D100/><U26/><E26/><V11/><F70/><W76/><G103/><T37/><D37/><U13/><E3/><V71/><F71/><W73/><G20/><T66/><D91/><U101/><E45/><V120/><F63/><W134/><G134/><T62/><D57/><N who="1" m="37263" /><E99/><N who="2" m="59767" /><F120/><W38/><G38/><T104/><D104/><AGARI ba="0,0" hai="4,10,13,53,55,97,101,104,108,109,110" m="37263" machi="104" ten="30,2900,0" yaku="14,1,10,1" doraHai="15" who="1" fromWho="0" sc="198,-29,302,29,250,0,250,0" /><INIT seed="1,1,0,5,5,123" ten="169,331,250,250" oya="1" hai0="34,69,63,90,13,25,76,104,15,120,1,37,119" hai1="107,75,77,96,40,41,10,27,57,52,129,24,66" hai2="31,114,71,124,61,53,94,23,78,18,116,115,111" hai3="38,132,65,6,97,88,118,84,3,42,59,74,43"/><U12/><E129/><V81/><F116/><W7/><G74/><T22/><D119/><U109/><E75/><V91/><F31/><W126/><G118/><T29/><D120/><U49/><E77/><V122/><F122/><W60/><G132/><T117/><D37/><U20/><E109/><V11/><F11/><W105/><G126/><T125/><D117/><U68/><E68/><V87/><F124/><W93/><G3/><T62/><D125/><U58/><E107/><V33/><F33/><W35/><G35/><T95/><D1/><U8/><E96/><V9/><F9/><N who="1" m="3689" /><E12/><V112/><F111/><W121/><G121/><T89/><D104/><U110/><E110/><V128/><F128/><W131/><G131/><T5/><D76/><U19/><E27/><N who="2" m="14839" /><F71/><W103/><REACH who="3" step="1"/><G38/><REACH who="3" ten="169,331,250,240" step="2"/><T0/><D0/><U56/><E66/><V133/><F133/><W106/><G106/><T50/><D5/><AGARI ba="1,1" hai="5,6,7,42,43,59,60,65,84,88,93,97,103,105" machi="5" ten="40,8000,1" yaku="1,1,54,1,53,3" doraHai="123" doraHaiUra="2" who="3" fromWho="0" sc="169,-83,331,0,250,0,240,93" /><INIT seed="2,0,0,3,0,77" ten="86,331,250,333" oya="2" hai0="125,73,46,79,60,29,15,38,61,91,127,117,34" hai1="31,40,114,93,9,102,58,83,115,3,66,116,134" hai2="106,72,129,81,95,6,86,75,48,32,80,39,124" hai3="18,5,28,45,8,1,94,62,53,49,99,110,85"/><V111/><F39/><W76/><G110/><T122/><D122/><U113/><E116/><V82/><F32/><W119/><G119/><T23/><D117/><U131/><E40/><V126/><F111/><W59/><G28/><T89/><D34/><U41/><E41/><V13/><F106/><W101/><G18/><T33/><D33/><U104/><E104/><V55/><F129/><W118/><G118/><T121/><D121/><U4/><E31/><V25/><F25/><W12/><G1/><T54/><D29/><U44/><E44/><N who="2" m="28039" /><F13/><W26/><G26/><T16/><D38/><U56/><E131/><V69/><F69/><W57/><G62/><N who="0" m="24171" /><D54/><U109/><E109/><V74/><F95/><W17/><G5/><T20/><D46/><U135/><E58/><V97/><F97/><W14/><G14/><T123/><D23/><U47/><E47/><V90/><F6/><W43/><G43/><T120/><D120/><U87/><E56/><V0/><F0/><W2/><G2/><T22/><D22/><U71/><E71/><V133/><F133/><W7/><G7/><T19/><D19/><U27/><E27/><V24/><F24/><W108/><G108/><T52/><D123/><U96/><E96/><V42/><F42/><W37/><G37/><T100/><D52/><U84/><E134/><V92/><F72/><W70/><G70/><T64/><D64/><U67/><E135/><V30/><F30/><W103/><G103/><T128/><D100/><U78/><E102/><V35/><F35/><W107/><G107/><T10/><D128/><U51/><E51/><RYUUKYOKU ba="0,0" sc="86,-30,331,10,250,10,333,10" hai1="3,4,9,66,67,78,83,84,87,93,113,114,115" hai2="74,75,80,81,82,86,90,92,124,126" hai3="8,12,17,45,49,53,57,59,76,85,94,99,101" /><INIT seed="2,1,0,2,5,37" ten="56,341,260,343" oya="2" hai0="24,76,2,9,48,86,111,114,43,23,95,116,113" hai1="45,99,29,90,49,123,122,46,88,18,118,104,14" hai2="17,67,20,68,21,12,98,89,51,77,11,54,5" hai3="102,3,25,4,0,85,119,55,132,31,103,13,52"/><V30/><F77/><W64/><BYE who="0" /><G119/><T96/><D96/><U117/><E29/><V135/><F135/><W59/><G132/><T78/><D78/><U6/><E6/><V42/><F68/><W35/><G64/><T16/><D16/><U92/><E104/><V127/><F127/><W74/><G74/><T125/><D125/><U47/><E90/><V131/><F131/><W79/><G13/><T10/><D10/><N who="1" m="6487" /><E49/><V62/><F30/><W81/><G55/><T39/><D39/><U15/><E15/><V38/><F38/><W110/><G110/><T33/><D33/><U56/><E56/><N who="2" m="37319" /><F5/><W106/><G106/><T8/><D8/><U19/><E19/><V93/><F42/><W53/><G53/><T133/><D133/><U22/><E22/><V36/><F36/><W124/><G124/><T57/><D57/><AGARI ba="1,0" hai="11,12,17,20,21,51,54,57,89,93,98" m="37319" machi="57" ten="30,1500,0" yaku="8,1" doraHai="37" who="2" fromWho="0" sc="56,-18,341,0,260,18,343,0" /><INIT seed="2,2,0,3,0,65" ten="38,341,278,343" oya="2" hai0="78,124,3,133,51,8,129,29,97,39,4,37,100" hai1="131,80,116,67,46,110,64,95,27,50,47,86,83" hai2="25,10,24,40,123,122,17,16,14,82,127,6,19" hai3="121,70,132,87,119,20,31,72,85,1,89,109,69"/><V22/><F40/><W71/><G119/><T135/><D135/><U53/><E116/><V61/><F82/><N who="1" m="31273" /><E110/><V55/><F55/><W112/><G121/><N who="2" m="46089" /><F61/><W12/><G1/><T7/><D7/><U105/><E105/><V79/><F79/><W43/><G72/><T120/><D120/><U18/><E131/><V94/><F94/><W63/><G109/><T66/><D66/><N who="1" m="25131" /><E46/><V90/><F90/><W33/><G112/><T32/><D32/><U125/><E125/><V49/><F49/><W104/><G104/><T57/><D57/><U41/><E41/><V30/><F127/><W76/><G43/><T77/><D77/><U118/><E118/><V15/><F25/><W91/><G76/><T11/><D11/><U117/><E117/><V5/><F5/><W68/><G132/><T21/><D21/><N who="1" m="13751" /><E95/><V101/><F101/><W103/><G63/><T23/><D23/><AGARI ba="2,0" hai="6,10,14,15,16,17,19,22,23,24,30" m="46089" machi="23" ten="30,5800,0" yaku="34,2,54,1" doraHai="65" who="2" fromWho="0" sc="38,-64,341,0,278,64,343,0" owari="-26,-52.6,341,-5.9,342,14.2,343,44.3" /></mjloggm>