<mjloggm ver="2.3"><GO type="225" lobby="0"/><UN n0="%E4%BF%BA%E3%81%A8%E5%A6%96%E5%A4%A2" n1="%41%6F%54" n2="%E6%81%A5%E6%99%92%E3%81%97" n3="%E3%82%80%E3%83%BC%E3%82%93%E3%81%82%E3%81%84%E3%81%9A" dan="16,16,17,16" rate="2096.13,2097.72,2103.46,2117.31" sx="F,M,M,M"/><TAIKYOKU oya="0"/><INIT seed="0,0,0,3,5,69" ten="250,250,250,250" oya="0" hai0="73,120,26,99,90,15,134,30,97,114,23,16,92" hai1="126,65,45,109,68,36,94,100,83,13,34,80,102" hai2="8,104,82,9,12,35,11,0,56,117,61,24,43" hai3="106,84,63,123,7,113,27,79,71,101,57,108,50"/><T66/><D114/><U86/><E34/><V28/><F104/><W46/><G113/><T70/><D120/><U20/><E68/><V88/><F117/><W127/><G71/><T96/><D73/><U40/><E65/><V110/><F110/><W64/><G108/><T105/><D134/><U77/><E126/><V52/><F0/><W51/><G127/><T91/><D105/><U95/><E109/><V125/><F43/><W132/><G132/><T48/><D48/><U44/><E44/><V4/><REACH who="2" step="1"/><F125/><REACH who="2" ten="250,250,240,250" step="2"/><W39/><G123/><T85/><D70/><U19/><REACH who="1" step="1"/><E83/><REACH who="1" ten="250,240,240,250" step="2"/><V31/><F31/><W53/><G39/><T29/><D30/><U10/><E10/><V112/><F112/><W5/><G46/><T67/><REACH who="0" step="1"/><D90/><REACH who="0" ten="240,240,240,250" step="2"/><U119/><E119/><V75/><F75/><W72/><G72/><T93/><D93/><AGARI ba="0,3" hai="13,19,20,36,40,45,77,80,86,93,94,95,100,102" machi="93" ten="40,2600,0" yaku="1,1,52,1,53,0" doraHai="69" doraHaiUra="32" who="1" fromWho="0" sc="240,-26,240,56,240,0,250,0" /><INIT seed="1,0,0,5,2,3" ten="214,296,240,250" oya="1" hai0="130,9,77,51,111,38,41,28,57,95,86,84,31" hai1="97,93,11,36,107,135,79,81,25,134,109,23,39" hai2="59,119,106,50,116,124,21,34,33,63,114,94,1" hai3="74,75,115,60,121,88,58,72,6,103,37,35,12"/><U123/><E123/><V102/><F106/><W32/><G121/><T67/><D111/><U78/><E107/><V71/><F71/><W82/><G115/><T65/><D130/><U91/><E109/><V13/><F1/><W76/><G103/><T118/><D118/><U15/><E23/><V47/><F124/><W122/><G37/><T128/><D38/><U27/><E36/><V26/><F114/><W61/><G122/><T125/><D125/><U92/><E39/><V4/><F33/><W132/><G132/><N who="1" m="50730" /><E93/><V40/><F34/><W69/><G69/><T129/><D129/><U22/><E22/><V52/><F13/><W105/><G105/><T14/><D128/><U42/><E42/><V66/><F4/><W2/><G2/><T54/><D41/><U0/><E0/><V127/><F127/><W120/><G120/><T112/><D112/><U30/><E30/><N who="0" m="11305" /><D95/><U44/><E44/><V46/><F46/><W17/><G76/><N who="1" m="29226" /><E81/><V18/><REACH who="2" step="1"/><F40/><REACH who="2" ten="214,296,230,250" step="2"/><W29/><G58/><T87/><D77/><U53/><E53/><V117/><F117/><W98/><G32/><T16/><AGARI ba="0,1" hai="9,14,16,51,54,57,65,67,84,86,87" m="11305" machi="16" ten="30,2000,0" yaku="8,1,54,1" doraHai="3" who="0" fromWho="0" sc="214,30,296,-10,230,-5,250,-5" /><INIT seed="2,0,0,2,4,127" ten="244,286,225,245" oya="2" hai0="61,103,4,93,67,86,111,76,88,124,68,92,116" hai1="109,107,60,132,83,54,59,5,19,30,2,104,38" hai2="98,89,73,95,113,120,130,100,31,77,17,26,36" hai3="52,114,64,84,8,80,72,62,90,123,12,57,33"/><V65/><F36/><W3/><G123/><T87/><D124/><U135/><E38/><V35/><F120/><W10/><G33/><T11/><D111/><U56/><E109/><V125/><F125/><W85/><G114/><T112/><D112/><U39/><E39/><V6/><F113/><W29/><G72/><T0/><D116/><U45/><E45/><V99/><F6/><W44/><G29/><T28/><D28/><U81/><E30/><V115/><F115/><W70/><G3/><T1/><D1/><U46/><E46/><V106/><F17/><W129/><G129/><T21/><D21/><U41/><E41/><V69/><F130/><W118/><G118/><T82/><REACH who="0" step="1"/><D103/><REACH who="0" ten="234,286,225,245" step="2"/><U37/><E2/><V48/><F48/><N who="3" m="28679" /><G70/><T108/><D108/><U134/><E37/><V101/><F101/><W50/><G50/><T40/><D40/><U96/><E134/><V117/><F117/><W128/><G128/><T105/><D105/><U122/><E104/><V18/><F18/><N who="3" m="8455" /><G10/><T42/><D42/><U55/><E122/><V9/><F9/><W75/><G75/><T25/><D25/><U15/><E132/><V53/><F106/><W74/><G74/><T66/><D66/><U27/><E135/><V24/><F26/><W119/><G119/><T58/><D58/><U133/><E133/><V23/><F69/><W16/><G16/><T7/><D7/><U131/><E5/><V110/><F110/><W63/><G63/><T97/><D97/><U47/><E131/><V78/><F73/><W71/><G71/><T22/><D22/><U51/><E27/><RYUUKYOKU ba="0,1" sc="234,15,286,-15,225,-15,245,15" hai0="0,4,11,61,67,68,76,82,86,87,88,92,93" hai3="57,62,64,80,84,85,90" /><INIT seed="3,1,1,4,4,85" ten="249,271,210,260" oya="3" hai0="37,10,32,40,59,58,0,112,3,61,54,104,16" hai1="11,86,123,23,29,78,38,48,30,99,103,94,17" hai2="74,50,130,55,118,24,127,89,97,67,7,109,95" hai3="122,18,47,31,41,81,33,73,56,134,115,98,27"/><W49/><G134/><T82/><D104/><U96/><E38/><V9/><F118/><W60/><G115/><T26/><D112/><U15/><E123/><V105/><F109/><W117/><G117/><T101/><D101/><U113/><E113/><V51/><F127/><W70/><G122/><T66/><D40/><U92/><E48/><V72/><F130/><W25/><G70/><T77/><D37/><U79/><E86/><V12/><F67/><W107/><G107/><T19/><D32/><U63/><E63/><V14/><F24/><W132/><G98/><T57/><D26/><N who="1" m="16607" /><E30/><V13/><F105/><W128/><G132/><T129/><D129/><U71/><E71/><V42/><F42/><W46/><G128/><T28/><D28/><U20/><E20/><V108/><F51/><W52/><G47/><T124/><D124/><U91/><AGARI ba="1,1" hai="11,15,17,78,79,91,92,94,96,99,103" m="16607" machi="91" ten="30,2000,0" yaku="8,1,52,1" doraHai="85" who="1" fromWho="1" sc="249,-6,271,33,210,-6,260,-11" owari="243,-15.7,304,40.4,204,-29.6,249,4.9" /></mjloggm>