<mjloggm ver="2.3"><GO type="225" lobby="0"/><UN n0="%E5%91%A8%E6%9D%B1" n1="%E5%8F%AF%E5%85%90%E9%82%A3%E7%94%B1%E5%A4%9A" n2="%E3%80%90%E3%83%88%E3%83%AA%E3%83%A5%E3%83%95%E3%80%91" n3="%E3%82%B3%E3%83%90%E3%83%AC%E3%82%A4" dan="17,16,16,16" rate="2196.49,2118.74,2106.83,2174.42" sx="M,F,M,M"/><TAIKYOKU oya="0"/><INIT seed="0,0,0,3,1,45" ten="250,250,250,250" oya="0" hai0="59,69,100,18,118,7,23,116,46,21,123,60,77" hai1="33,19,32,49,90,111,16,4,10,76,66,96,3" hai2="57,122,80,102,93,34,55,98,22,64,130,79,41" hai3="51,29,61,0,24,50,129,8,39,114,37,91,40"/><T87/><D123/><U84/><E111/><V83/><F122/><W101/><G114/><T11/><D69/><U121/><E121/><V9/><F34/><W127/><G101/><T56/><D100/><U125/><E125/><V28/><F41/><W53/><G127/><T62/><D46/><U115/><E115/><V42/><F42/><W20/><G129/><T2/><D77/><U13/><E66/><V117/><F130/><W6/><G91/><T81/><D23/><U58/><E76/><V25/><F117/><W65/><G40/><T44/><D44/><U27/><E96/><V30/><F9/><W68/><REACH who="3" step="1"/><G53/><REACH who="3" ten="250,250,250,240" step="2"/><T120/><D120/><U71/><E71/><V109/><F109/><W128/><G128/><T14/><D118/><U31/><E33/><V108/><F108/><W74/><G74/><T133/><D116/><U52/><REACH who="1" step="1"/><E3/><REACH who="1" ten="250,240,250,240" step="2"/><V82/><F79/><W131/><G131/><T119/><D119/><U72/><E72/><V36/><F64/><W94/><G94/><AGARI ba="0,2" hai="4,10,13,16,19,27,31,32,49,52,58,84,90,94" machi="94" ten="30,8000,1" yaku="1,1,7,1,52,1,54,2,53,0" doraHai="45" doraHaiUra="126" who="1" fromWho="3" sc="250,0,240,100,250,0,240,-80" /><INIT seed="1,0,0,3,4,100" ten="250,340,250,160" oya="1" hai0="60,109,125,40,23,128,48,47,1,72,89,56,84" hai1="45,107,39,110,123,19,130,30,37,6,135,57,113" hai2="132,24,14,4,87,83,104,115,76,71,124,75,0" hai3="86,9,134,90,28,11,92,101,122,21,33,44,88"/><U85/><E113/><V42/><F115/><W81/><G33/><T77/><D1/><U65/><E123/><V16/><F71/><W5/><G122/><T34/><D34/><U10/><E30/><V99/><F132/><W111/><G134/><T93/><D128/><U32/><E32/><V108/><F108/><W46/><G111/><T35/><D35/><U129/><E135/><V8/><F124/><W79/><G101/><T25/><D109/><U98/><E110/><V91/><F42/><W80/><G28/><T50/><D125/><U73/><E73/><V114/><F114/><W66/><G66/><T103/><D103/><N who="1" m="62967" /><E19/><V58/><F58/><W54/><G21/><T38/><D77/><U106/><E45/><V20/><F99/><W41/><G11/><T52/><REACH who="0" step="1"/><D72/><REACH who="0" ten="240,340,250,160" step="2"/><U36/><E129/><V2/><REACH who="2" step="1"/><F104/><REACH who="2" ten="240,340,240,160" step="2"/><W51/><G79/><T12/><D12/><U68/><E106/><V120/><F120/><W118/><G118/><T78/><D78/><U63/><E130/><V119/><F119/><W43/><G41/><T22/><D22/><U116/><E116/><V55/><F55/><W94/><G43/><T133/><D133/><U127/><E127/><V18/><F18/><AGARI ba="0,2" hai="18,23,25,38,40,47,48,50,52,56,60,84,89,93" machi="18" ten="30,7700,0" yaku="1,1,7,1,54,1,53,1" doraHai="100" doraHaiUra="82" who="0" fromWho="2" sc="240,97,340,0,240,-77,160,0" /><INIT seed="2,0,0,4,1,133" ten="337,340,163,160" oya="2" hai0="55,6,71,56,57,2,91,111,14,116,109,24,87" hai1="126,43,27,100,132,11,99,64,67,13,1,113,46" hai2="0,90,115,52,30,41,53,121,60,94,85,108,119" hai3="21,9,19,7,65,78,103,42,69,63,15,118,35"/><V22/><F115/><W107/><G118/><T93/><D71/><U134/><E113/><V4/><F119/><W88/><G35/><T79/><D116/><U25/><E1/><V112/><F112/><W131/><G131/><T44/><D2/><U124/><E25/><V12/><F121/><W36/><G78/><T61/><D44/><U129/><E27/><N who="2" m="16759" /><F0/><W39/><G42/><T59/><D24/><U83/><E83/><V80/><F108/><N who="0" m="41546" /><D79/><U70/><E129/><V110/><F110/><W72/><G72/><T28/><D28/><U128/><E128/><V97/><F60/><W127/><G107/><T37/><D37/><N who="1" m="21871" /><E70/><V77/><F41/><W33/><G33/><T117/><D117/><U66/><E13/><V50/><F50/><W32/><G32/><T51/><D51/><U47/><E47/><V5/><F12/><W29/><G39/><T20/><D20/><U3/><E3/><V102/><F77/><W98/><G36/><T17/><D17/><U23/><E23/><V58/><F58/><W31/><G29/><T101/><D101/><U76/><E76/><V104/><F104/><W40/><G31/><T73/><D73/><U120/><E11/><AGARI ba="0,0" hai="6,11,14,55,56,57,59,61,87,91,93" m="41546" machi="11" ten="30,1000,0" yaku="14,1" doraHai="133" who="0" fromWho="1" sc="337,10,340,-10,163,0,160,0" /><INIT seed="3,0,0,0,4,82" ten="347,330,163,160" oya="3" hai0="56,40,14,106,65,13,132,79,18,21,80,52,75" hai1="29,103,74,55,110,105,32,10,45,85,95,134,98" hai2="109,22,89,129,76,107,43,0,16,25,113,37,67" hai3="116,33,20,108,39,51,58,97,15,135,7,19,114"/><W117/><G39/><T9/><D132/><U94/><E74/><V124/><F113/><W48/><G33/><T59/><D106/><U41/><E134/><V62/><F109/><W112/><G135/><T102/><D40/><U8/><E110/><V88/><F107/><W5/><G108/><T12/><D102/><U4/><E55/><V121/><F0/><W118/><G97/><T60/><D9/><U38/><E105/><V73/><F129/><W72/><G72/><T71/><D71/><U96/><E4/><V50/><F124/><W131/><G131/><T87/><D75/><U23/><E32/><V125/><F125/><W99/><G99/><T11/><D11/><U63/><E63/><AGARI ba="0,0" hai="12,13,14,18,21,52,56,59,60,63,65,79,80,87" machi="63" ten="30,7700,0" yaku="7,1,8,1,52,1,54,1" doraHai="82" who="0" fromWho="1" sc="347,77,330,-77,163,0,160,0" owari="424,52.4,253,5.3,163,-23.7,160,-34.0" /></mjloggm>