<mjloggm ver="2.3"><GO type="225" lobby="0"/><UN n0="%E7%9A%AE%E3%80%85" n1="%E7%99%BD%E5%80%89%E5%AF%9B%E4%B9%8B" n2="%33%74%72%65%65" n3="%E3%83%96%E3%83%83%E3%83%91%E3%82%AA%E3%83%96%E3%83%81%E3%82%AD%E3%83%B3" dan="16,16,17,16" rate="2116.78,2117.96,2234.61,2127.87" sx="F,M,F,M"/><TAIKYOKU oya="0"/><INIT seed="0,0,0,0,3,27" ten="250,250,250,250" oya="0" hai0="109,33,8,96,18,112,64,110,104,2,36,34,30" hai1="65,31,5,84,77,130,0,16,79,4,32,119,135" hai2="52,40,76,103,90,108,51,89,80,62,87,81,102" hai3="134,132,107,46,120,1,88,35,24,57,70,117,21"/><T94/><D36/><U59/><E119/><V124/><F108/><N who="0" m="41578" /><D104/><U78/><E135/><N who="3" m="51754" /><G117/><T54/><D112/><U73/><E130/><V22/><F124/><W47/><G70/><T92/><D64/><U85/><E73/><V42/><F22/><W12/><G120/><T19/><D54/><U125/><E125/><V105/><F105/><W39/><G107/><T106/><D106/><U99/><E99/><V14/><F14/><W121/><G39/><T13/><D2/><U55/><E65/><V113/><F113/><W38/><G38/><T118/><D118/><U7/><E0/><V122/><F122/><W123/><G1/><T45/><D45/><U23/><E31/><V69/><F42/><W11/><G47/><T66/><D66/><U86/><E32/><N who="0" m="12393" /><D30/><U44/><E44/><N who="2" m="25991" /><F69/><W91/><G46/><T93/><D19/><U75/><E75/><V25/><F52/><W61/><G35/><T17/><D17/><U56/><E55/><V71/><F71/><W129/><G123/><T133/><D133/><U131/><E131/><V83/><F62/><W67/><G129/><T68/><D68/><U3/><E3/><V26/><F26/><AGARI ba="0,0" hai="4,5,7,16,23,26,56,59,77,78,79,84,85,86" machi="26" ten="50,8000,1" yaku="29,2,8,1,54,1" doraHai="27" who="1" fromWho="2" sc="250,0,250,80,250,-80,250,0" /><INIT seed="1,0,0,4,3,89" ten="250,330,170,250" oya="1" hai0="37,71,135,14,102,64,112,94,104,28,17,128,106" hai1="63,97,103,85,74,4,121,62,23,8,53,132,49" hai2="43,27,116,5,84,79,123,45,26,47,55,32,9" hai3="33,134,29,56,35,111,119,83,48,67,131,1,20"/><U73/><E121/><V80/><F116/><W52/><G1/><T130/><D112/><U38/><E38/><V124/><F123/><W42/><G119/><T41/><D28/><U7/><E132/><V58/><F124/><W19/><G134/><T101/><D135/><U75/><E85/><V60/><F32/><W100/><G111/><T46/><D64/><U24/><E7/><V13/><REACH who="2" step="1"/><F47/><REACH who="2" ten="250,330,160,250" step="2"/><W61/><G33/><T110/><D110/><U12/><E24/><V99/><F99/><W11/><G35/><T125/><D125/><U118/><E118/><V16/><F16/><W95/><G19/><T78/><D17/><U92/><REACH who="1" step="1"/><E23/><REACH who="1" ten="250,320,160,250" step="2"/><V51/><AGARI ba="0,2" hai="5,9,13,26,27,43,45,51,55,58,60,79,80,84" machi="51" ten="20,12000,2" yaku="1,1,0,1,7,1,25,2,8,1,53,0" doraHai="89" doraHaiUra="115" who="2" fromWho="2" sc="250,-30,320,-60,160,140,250,-30" /><INIT seed="2,0,0,3,4,92" ten="220,260,300,220" oya="2" hai0="13,36,40,2,49,95,80,37,73,108,27,134,125" hai1="42,117,104,119,30,59,47,129,99,110,12,38,18" hai2="8,0,43,21,57,16,46,127,126,106,19,24,87" hai3="103,111,44,34,28,26,88,23,100,81,94,65,118"/><V86/><F106/><W113/><G118/><T31/><D2/><U83/><E110/><V11/><F57/><W123/><G123/><T109/><D134/><U48/><E129/><V64/><F64/><W76/><G111/><N who="0" m="42571" /><D125/><N who="2" m="47626" /><F19/><W114/><G65/><T93/><D13/><U85/><E30/><V101/><F101/><W33/><G44/><N who="0" m="25735" /><D80/><U128/><E128/><V115/><F115/><N who="3" m="44043" /><G103/><T135/><D73/><U32/><E117/><V55/><F55/><W45/><G100/><T52/><D135/><U71/><E119/><V39/><F11/><W58/><G58/><T3/><D3/><U15/><E59/><V112/><F112/><W50/><G81/><T41/><D52/><U96/><E83/><V90/><F90/><W20/><G76/><T53/><D53/><U9/><E104/><V10/><F10/><W56/><G56/><T69/><D69/><U132/><E71/><V22/><F8/><W14/><G88/><T72/><D72/><U130/><E9/><V89/><F0/><W60/><G94/><N who="0" m="35851" /><D41/><U4/><E42/><V91/><F91/><W105/><G105/><T74/><D74/><U66/><E132/><V63/><F89/><W25/><G60/><T107/><D107/><U82/><E130/><V1/><F63/><W67/><G67/><T131/><D131/><U6/><E66/><V29/><F1/><W35/><G14/><AGARI ba="0,0" hai="14,16,21,22,24,29,39,43,46,86,87" m="47626" machi="14" ten="30,2900,0" yaku="18,1,54,1" doraHai="92" who="2" fromWho="3" sc="220,0,260,0,300,29,220,-29" /><INIT seed="2,1,0,1,5,47" ten="220,260,329,191" oya="2" hai0="24,85,21,119,44,124,78,48,118,68,15,96,32" hai1="57,99,43,111,26,135,90,74,76,69,0,41,128" hai2="33,81,4,100,102,28,13,52,50,8,36,11,65" hai3="54,110,127,116,61,93,95,31,29,19,103,46,5"/><V92/><F36/><W66/><G116/><T67/><D124/><U114/><E69/><V106/><F106/><W80/><G110/><T121/><D121/><U37/><E0/><V64/><F33/><W108/><G108/><T51/><D32/><U72/><E128/><V122/><F122/><W25/><G127/><T71/><D96/><U126/><E135/><V70/><F70/><W87/><G5/><T129/><D129/><U77/><E114/><V73/><F28/><N who="3" m="10827" /><G103/><N who="2" m="39465" /><F73/><W105/><G105/><T60/><D68/><U83/><E37/><V62/><F81/><W91/><G66/><N who="2" m="25705" /><F92/><W14/><G25/><T55/><D15/><U22/><E74/><V131/><F131/><W132/><G132/><T6/><D6/><U53/><E111/><V133/><F133/><W63/><G95/><T82/><REACH who="0" step="1"/><D51/><REACH who="0" ten="210,260,329,191" step="2"/><N who="1" m="30911" /><E126/><V30/><F4/><W109/><G109/><T35/><D35/><U17/><E72/><V2/><F13/><W1/><G1/><T107/><D107/><U98/><E99/><V18/><F2/><W59/><G63/><T23/><D23/><U88/><E98/><V125/><F62/><W38/><G38/><T27/><D27/><U75/><E75/><V40/><F125/><W113/><G113/><T16/><AGARI ba="1,1" hai="16,21,24,44,48,55,60,67,71,78,82,85,118,119" machi="16" ten="30,8000,1" yaku="1,1,0,1,52,1,54,1,53,1" doraHai="47" doraHaiUra="20" who="0" fromWho="0" sc="210,93,260,-21,329,-41,191,-21" /><INIT seed="3,0,0,2,2,42" ten="303,239,288,170" oya="3" hai0="93,37,22,119,0,115,40,91,49,90,56,133,94" hai1="13,67,76,25,59,84,8,110,104,135,89,24,111" hai2="108,39,121,75,23,95,55,17,79,43,126,31,36" hai3="120,15,35,2,9,26,18,124,7,87,77,61,73"/><W14/><G120/><T82/><D119/><U129/><E104/><V130/><F121/><W53/><G73/><T68/><D68/><U83/><E135/><V28/><F108/><N who="1" m="41513" /><E129/><V78/><F130/><W6/><G124/><T116/><D116/><U65/><E59/><V131/><F131/><W69/><G69/><T81/><D0/><U103/><E103/><V33/><F126/><W29/><G61/><T97/><D133/><U85/><E25/><V47/><F33/><W98/><G53/><N who="0" m="31791" /><D37/><U125/><E24/><V20/><F39/><W21/><G98/><N who="0" m="57655" /><D40/><U113/><E113/><V122/><F43/><W66/><G66/><T128/><D115/><U96/><E96/><V70/><F36/><W106/><G106/><T51/><D128/><U71/><E71/><V86/><F70/><W64/><G64/><T72/><D72/><U10/><E10/><V114/><F75/><W45/><G7/><T127/><D127/><U4/><E125/><V11/><F11/><W62/><G62/><T57/><D22/><U27/><E27/><N who="2" m="14735" /><F23/><W132/><G132/><T50/><D57/><U48/><E48/><AGARI ba="0,0" hai="48,50,51,81,82,91,94,97" m="57655,31791" machi="48" ten="30,1000,0" yaku="8,1" doraHai="42" who="0" fromWho="1" sc="303,10,239,-10,288,0,170,0" owari="313,41.3,229,-17.1,288,8.8,170,-33.0" /></mjloggm>