<mjloggm ver="2.3"><GO type="225" lobby="0"/><UN n0="%E6%A1%9C%E8%8A%B1%E9%96%83%E3%80%85" n1="%E3%83%96%E3%83%83%E3%83%91%E3%82%AA%E3%83%96%E3%83%81%E3%82%AD%E3%83%B3" n2="%E5%82%8D%E8%8B%A5%E7%84%A1%E4%BA%BA%35%31" n3="%33%74%72%65%65" dan="17,16,16,16" rate="2281.04,2164.00,2181.69,2100.40" sx="M,M,M,F"/><TAIKYOKU oya="0"/><INIT seed="0,0,0,1,0,128" ten="250,250,250,250" oya="0" hai0="76,72,70,105,24,118,19,106,135,82,46,83,15" hai1="57,56,47,71,37,7,5,92,87,64,75,81,65" hai2="40,42,44,35,22,109,29,27,10,121,8,117,120" hai3="32,43,127,122,4,100,38,89,25,0,14,55,134"/><T6/><D118/><U131/><E131/><V58/><F109/><W31/><G127/><T95/><D70/><U13/><E75/><V60/><F117/><W133/><G122/><T20/><D83/><U86/><E71/><V53/><F35/><W90/><G0/><T26/><D95/><U107/><E107/><V96/><F42/><W11/><G100/><T17/><D6/><N who="1" m="2059" /><E37/><V63/><F60/><W84/><G55/><T99/><D99/><U48/><E13/><V54/><F53/><W93/><REACH who="3" step="1"/><G90/><REACH who="3" ten="250,250,250,240" step="2"/><T16/><D46/><AGARI ba="0,1" hai="4,11,14,25,31,32,38,43,46,84,89,93,133,134" machi="46" ten="40,8000,1" yaku="1,1,2,1,52,2,53,1" doraHai="128" doraHaiUra="69" who="3" fromWho="0" sc="250,-80,250,0,250,0,240,90" /><INIT seed="1,0,0,2,5,112" ten="170,250,250,330" oya="1" hai0="9,55,65,106,14,122,109,64,37,21,81,61,118" hai1="127,98,40,100,50,29,27,23,111,44,24,62,48" hai2="67,63,97,41,114,33,56,60,125,123,119,75,108" hai3="133,94,102,113,4,132,52,101,96,17,16,87,30"/><U117/><E127/><V36/><F75/><W49/><G113/><T3/><D106/><U43/><E111/><V68/><F33/><W59/><G30/><T38/><D109/><U131/><E131/><V73/><F73/><W124/><G124/><T51/><D3/><U84/><E84/><V74/><F74/><W89/><G4/><T45/><D122/><U5/><E5/><V18/><F18/><W85/><G87/><T103/><D103/><U7/><E7/><V115/><F97/><W19/><REACH who="3" step="1"/><G102/><REACH who="3" ten="170,250,250,320" step="2"/><T34/><D34/><U78/><E29/><V93/><F125/><W54/><G54/><T128/><D55/><U42/><E100/><V10/><F108/><W66/><G66/><T99/><D65/><U39/><E43/><V134/><F41/><W32/><G32/><T20/><D64/><U46/><E42/><V22/><F67/><W104/><AGARI ba="0,1" hai="16,17,19,49,52,59,85,89,94,96,101,104,132,133" machi="104" ten="30,7900,0" yaku="1,1,0,1,54,2,53,0" doraHai="112" doraHaiUra="2" who="3" fromWho="3" sc="170,-20,250,-39,250,-20,320,89" /><INIT seed="2,0,0,4,4,121" ten="150,211,230,409" oya="2" hai0="66,67,129,35,76,113,53,126,97,73,46,112,111" hai1="52,81,93,26,71,3,105,34,106,1,79,33,104" hai2="109,28,82,5,69,29,10,57,102,2,20,30,114" hai3="127,43,48,40,61,47,21,0,14,74,132,86,128"/><V123/><F123/><W124/><G74/><T72/><D35/><U116/><E116/><V133/><F69/><W17/><G132/><T125/><D97/><U19/><E93/><V39/><F39/><W134/><G134/><T4/><D4/><U92/><E92/><V89/><F133/><W98/><G128/><T11/><D11/><U45/><E71/><V90/><F114/><N who="0" m="44138" /><D76/><U100/><E100/><V96/><F57/><W59/><G0/><T27/><D27/><U87/><E34/><V18/><F82/><W58/><G98/><T122/><D122/><U117/><E117/><V37/><F37/><W23/><G43/><T75/><D53/><U110/><E110/><V6/><F109/><W32/><G32/><T55/><D111/><U95/><E95/><V22/><F6/><W63/><G86/><T16/><D16/><U41/><E52/><V135/><F135/><W13/><G13/><T15/><D15/><U62/><E19/><V70/><F70/><W36/><G23/><T84/><D84/><U64/><E26/><V7/><F7/><W80/><G80/><T131/><D55/><U88/><E33/><V9/><F9/><W24/><G24/><T85/><D85/><U77/><E1/><V120/><F120/><W38/><G59/><T42/><D129/><U78/><E3/><V51/><F51/><W108/><G108/><T101/><D131/><U56/><REACH who="1" step="1"/><E78/><REACH who="1" ten="150,201,230,409" step="2"/><V99/><F18/><W118/><G17/><T130/><D130/><U60/><E60/><V107/><F96/><W115/><G118/><T25/><D101/><U65/><E65/><RYUUKYOKU ba="0,1" sc="150,-15,201,15,230,15,409,-15" hai1="41,45,56,62,64,77,79,81,87,88,104,105,106" hai2="2,5,10,20,22,28,29,30,89,90,99,102,107" /><INIT seed="2,1,1,2,3,50" ten="135,216,245,394" oya="2" hai0="33,63,113,79,43,36,19,7,52,64,109,108,76" hai1="118,42,72,87,132,71,18,99,120,38,75,66,78" hai2="90,116,0,112,133,25,107,16,117,122,135,85,62" hai3="96,83,8,131,95,129,86,56,37,30,67,114,3"/><V24/><F107/><W60/><G37/><T5/><D113/><U102/><E118/><V53/><F112/><W58/><G30/><T121/><D33/><U28/><E28/><V54/><F0/><W123/><G123/><T1/><D121/><U89/><E120/><V127/><F122/><W73/><G73/><T70/><D19/><U93/><E132/><N who="2" m="50763" /><F127/><W51/><G114/><T14/><D14/><U128/><E128/><V26/><F62/><W48/><G8/><N who="0" m="2095" /><D7/><U111/><E111/><N who="0" m="42569" /><D43/><U126/><E126/><V10/><F117/><W69/><G60/><N who="0" m="40199" /><D36/><U13/><E18/><V134/><N who="2" m="50771" /><V106/><DORA hai="103" /><F106/><W110/><G3/><T6/><D6/><U46/><E13/><N who="2" m="7223" /><F116/><W12/><G110/><T29/><D29/><U4/><E4/><V104/><F104/><W9/><G129/><T34/><D34/><U45/><E38/><V35/><F35/><W105/><G105/><T80/><D80/><AGARI ba="1,1" hai="24,25,26,53,54,80,85,90" m="7223,50771" machi="80" ten="40,12000,1" yaku="20,1,52,2,54,1" doraHai="50,103" who="2" fromWho="0" sc="135,-123,216,0,245,133,394,0" /><INIT seed="2,2,0,4,4,106" ten="12,216,378,394" oya="2" hai0="83,124,135,118,5,49,4,31,19,129,44,59,123" hai1="62,21,58,23,98,93,43,81,120,115,122,47,108" hai2="32,30,0,24,68,77,66,61,128,9,113,85,48" hai3="103,15,60,130,104,11,6,63,45,97,10,116,25"/><V39/><F113/><W28/><G116/><T71/><D123/><N who="1" m="47147" /><E115/><V55/><F128/><W70/><G130/><T114/><D71/><U1/><E108/><V41/><F85/><W125/><G125/><T8/><D114/><U69/><E1/><V18/><F77/><W112/><G112/><T72/><D129/><U67/><E81/><V91/><F91/><W12/><G45/><T14/><D124/><U52/><E69/><V86/><F86/><W126/><G126/><T94/><D118/><U35/><E67/><V127/><F127/><W105/><G105/><T132/><D31/><U95/><E35/><V102/><F102/><W2/><G70/><T111/><D59/><U27/><E98/><V38/><F41/><W121/><G121/><T131/><D131/><U76/><E76/><V133/><F133/><W33/><REACH who="3" step="1"/><G2/><REACH who="3" ten="12,216,378,384" step="2"/><T87/><D111/><U34/><E34/><V89/><F0/><W37/><G37/><T110/><D110/><U22/><E27/><V100/><F100/><W84/><G84/><T65/><D132/><U78/><E78/><V53/><F89/><W74/><G74/><T51/><D135/><U73/><E73/><V42/><F39/><AGARI ba="2,1" hai="21,22,23,39,43,47,52,58,62,93,95" m="47147" machi="39" ten="30,2000,0" yaku="13,1,54,1" doraHai="106" who="1" fromWho="2" sc="12,0,216,36,378,-26,384,0" /><INIT seed="3,0,0,5,1,46" ten="12,252,352,384" oya="3" hai0="63,76,69,75,39,51,50,52,62,81,20,41,35" hai1="18,31,61,22,49,80,33,68,96,57,129,14,5" hai2="94,106,132,118,25,7,17,44,24,123,124,79,16" hai3="53,74,71,90,97,99,128,101,43,122,116,12,42"/><W92/><G116/><T82/><D35/><U121/><E121/><V32/><F106/><W29/><G122/><T26/><D39/><U34/><E129/><V56/><F118/><W1/><G1/><T107/><D107/><U120/><E120/><V131/><F123/><W85/><G128/><T133/><D133/><U72/><E5/><V2/><F131/><W3/><G3/><T109/><D109/><U15/><E15/><V47/><F132/><W58/><G71/><T54/><D41/><N who="3" m="15369" /><G74/><T64/><D81/><U40/><E31/><V70/><F70/><W114/><G114/><T36/><D36/><U21/><E21/><V60/><F124/><W110/><G110/><T105/><D105/><U38/><E96/><N who="3" m="36938" /><G29/><T66/><D66/><U117/><E117/><V135/><F135/><W8/><G101/><T83/><D83/><U125/><E125/><V13/><F79/><W73/><G73/><T102/><D102/><U59/><E38/><V104/><F94/><W78/><G78/><T111/><D111/><U112/><E112/><V126/><F104/><W77/><G77/><T93/><D93/><U89/><E72/><V65/><F126/><W67/><G67/><T28/><D63/><U10/><E68/><V100/><F100/><W108/><G108/><T95/><D95/><U103/><E103/><V55/><F2/><W119/><G119/><T0/><D0/><U11/><E34/><V84/><F32/><W19/><G58/><T4/><REACH who="0" step="1"/><D4/><REACH who="0" ten="2,252,352,384" step="2"/><N who="1" m="3399" /><E61/><V6/><F6/><W134/><G134/><T88/><D88/><U127/><E33/><V115/><F7/><RYUUKYOKU ba="0,1" sc="2,15,252,-15,352,-15,384,15" hai0="20,26,28,50,51,52,54,62,64,69,75,76,82" hai3="8,12,19,53,85,90,92" owari="17,-48.3,237,-16.3,337,13.7,409,50.9" /></mjloggm>