<mjloggm ver="2.3"><GO type="225" lobby="0"/><UN n0="%E4%BF%BA%E3%81%A8%E5%A6%96%E5%A4%A2" n1="%E3%81%BF%E3%81%BF%E3%81%9A" n2="%E6%B4%BE%E9%81%A3%E3%81%AE%E3%82%B8%E3%83%A3%E3%83%83%E3%82%AF" n3="%E5%B8%86%E7%AB%8B%E5%A4%8F%E8%A1%A3" dan="16,18,17,17" rate="2121.47,2236.23,2166.91,2159.71" sx="F,M,M,M"/><TAIKYOKU oya="0"/><INIT seed="0,0,0,0,0,13" ten="250,250,250,250" oya="0" hai0="1,18,62,64,4,104,115,39,9,3,19,5,10" hai1="130,79,133,2,107,25,30,94,126,103,29,129,108" hai2="109,75,90,76,45,111,88,134,87,82,89,81,123" hai3="124,21,12,16,17,38,84,44,83,132,55,120,46"/><T8/><D39/><U60/><E2/><N who="0" m="521" /><D62/><U99/><E108/><N who="2" m="41547" /><F45/><W128/><G128/><N who="1" m="49258" /><E126/><V114/><F134/><W27/><G120/><T54/><D54/><U58/><E133/><V77/><F114/><W121/><G124/><T6/><D64/><N who="1" m="38935" /><E79/><V106/><F106/><W36/><G132/><T97/><D97/><N who="1" m="61935" /><E25/><V78/><F78/><N who="3" m="46199" /><G121/><AGARI ba="0,0" hai="75,76,77,81,82,87,88,89,90,121,123" m="41547" machi="121" ten="30,7700,0" yaku="14,1,34,2,54,1" doraHai="13" who="2" fromWho="3" sc="250,0,250,0,250,77,250,-77" /><INIT seed="1,0,0,4,3,32" ten="250,250,327,173" oya="1" hai0="111,114,22,85,1,44,95,28,35,104,40,10,125" hai1="133,20,120,58,115,82,109,74,68,54,116,91,112" hai2="128,18,94,63,31,123,132,13,127,51,131,130,66" hai3="124,49,8,9,33,75,72,27,7,121,61,41,4"/><U129/><E68/><V46/><F123/><W119/><G121/><T86/><D114/><U77/><E120/><V83/><F127/><W69/><G124/><T43/><D104/><U99/><E116/><V102/><F132/><W117/><G49/><T71/><D35/><U0/><E133/><V26/><F83/><W45/><G45/><T81/><D71/><U79/><E109/><V103/><F94/><W21/><G41/><T38/><D43/><U108/><E108/><V134/><F134/><W65/><G21/><T126/><D95/><U84/><E129/><V48/><F26/><W42/><G42/><T113/><D113/><U110/><E110/><V59/><F31/><W56/><G56/><T34/><D34/><U105/><E0/><V107/><F107/><W93/><G93/><T67/><D67/><U39/><E39/><V47/><F48/><W92/><G92/><T6/><D111/><U118/><E118/><N who="3" m="45066" /><G27/><N who="0" m="16503" /><D81/><N who="1" m="45239" /><E20/><N who="2" m="11343" /><F46/><W14/><G33/><T62/><D62/><U97/><E105/><V135/><F135/><W24/><G24/><T55/><D126/><U19/><E115/><V11/><F11/><W5/><G5/><T23/><D23/><U30/><E30/><V60/><F60/><W53/><G7/><T12/><D125/><U89/><E112/><V87/><F87/><W96/><G9/><T2/><D55/><AGARI ba="0,0" hai="47,51,55,59,63,66,102,103,128,130,131" m="11343" machi="55" ten="30,1000,0" yaku="19,1" doraHai="32" who="2" fromWho="0" sc="250,-10,250,0,327,10,173,0" /><INIT seed="2,0,0,3,0,82" ten="240,250,337,173" oya="2" hai0="83,18,24,39,36,106,108,125,63,121,102,23,12" hai1="91,96,57,134,107,43,50,64,124,41,89,129,58" hai2="90,73,46,4,0,67,19,62,122,75,6,49,7" hai3="27,53,45,55,120,10,114,77,13,15,115,76,132"/><V111/><F122/><W44/><G120/><T113/><D121/><U31/><E124/><V65/><F0/><W60/><G27/><T9/><D113/><U26/><E129/><V22/><F111/><W84/><G60/><T68/><D108/><U25/><E134/><V116/><F116/><W38/><G38/><T86/><D125/><U59/><E107/><V81/><F73/><W110/><G110/><T47/><D102/><U72/><E72/><V16/><F75/><W51/><G132/><T123/><D106/><U69/><E69/><V118/><F118/><W133/><G133/><T126/><D47/><U101/><E64/><V85/><F62/><W130/><G130/><T79/><D126/><U5/><E5/><V88/><F90/><N who="1" m="34313" /><E50/><V117/><F117/><W127/><G127/><T21/><D21/><N who="1" m="15791" /><E26/><N who="2" m="14663" /><F19/><W35/><G51/><T48/><D48/><U80/><E80/><V56/><F56/><W99/><G35/><T1/><D1/><U104/><E104/><V32/><F32/><W14/><G115/><T29/><REACH who="0" step="1"/><D123/><REACH who="0" ten="230,250,337,173" step="2"/><U95/><AGARI ba="0,1" hai="41,43,57,58,59,95,96,101" m="15791,34313" machi="95" ten="30,1100,0" yaku="8,1" doraHai="82" who="1" fromWho="1" sc="230,-3,250,21,337,-5,173,-3" /><INIT seed="3,0,0,4,1,7" ten="227,271,332,170" oya="3" hai0="55,29,82,38,4,27,110,122,99,20,26,81,64" hai1="28,52,78,12,117,91,115,0,123,70,57,104,30" hai2="3,128,5,83,72,86,113,134,125,25,15,23,8" hai3="61,132,74,46,133,35,111,93,18,63,17,67,102"/><W59/><G74/><T65/><D122/><U51/><E0/><V97/><F113/><W75/><G75/><T77/><D38/><U58/><E123/><V43/><F72/><W19/><G35/><T36/><D36/><U112/><E70/><V21/><F125/><W94/><G111/><T76/><D110/><U54/><E104/><V126/><F126/><W14/><G46/><T98/><D4/><U130/><E78/><V96/><F43/><W16/><G63/><T119/><D55/><U92/><E130/><V89/><F134/><N who="3" m="51819" /><G102/><T24/><D20/><AGARI ba="0,0" hai="14,16,17,18,19,20,59,61,67,93,94" m="51819" machi="20" ten="30,2900,0" yaku="20,1,54,1" doraHai="7" who="3" fromWho="0" sc="227,-29,271,0,332,0,170,29" /><INIT seed="3,1,0,1,5,113" ten="198,271,332,199" oya="3" hai0="115,15,84,87,44,135,134,45,122,100,86,3,43" hai1="91,12,38,32,79,24,11,89,97,66,104,17,82" hai2="48,42,117,103,33,127,21,131,23,35,132,59,111" hai3="19,90,7,27,64,5,9,95,26,123,70,129,37"/><W92/><G123/><T53/><D122/><U28/><E38/><V13/><F117/><W112/><G112/><T94/><D115/><U107/><E66/><V126/><F111/><W52/><G37/><T31/><D3/><U51/><E51/><V65/><F131/><W85/><G129/><T55/><D31/><U36/><E36/><V49/><F132/><N who="0" m="50730" /><D15/><U78/><E78/><V18/><F103/><W60/><G92/><T81/><D81/><U69/><E69/><V114/><F114/><W118/><G118/><T96/><D43/><U120/><E120/><V72/><F72/><W102/><G102/><T4/><D4/><U62/><E62/><V125/><F23/><W116/><G116/><T16/><D16/><U20/><E91/><V46/><F49/><W47/><G5/><T34/><D34/><U2/><E89/><V106/><F106/><W68/><G68/><T99/><D99/><U10/><E97/><V41/><F41/><W110/><G110/><T22/><D22/><U109/><E109/><V14/><F14/><N who="3" m="7631" /><G7/><T71/><D71/><U98/><E98/><V0/><F0/><W93/><G93/><T6/><D6/><N who="1" m="1495" /><E10/><V121/><F121/><W1/><G1/><T75/><D75/><AGARI ba="1,0" hai="12,17,20,24,28,32,75,79,82,104,107" m="1495" machi="75" ten="30,1000,0" yaku="24,1" doraHai="113" who="1" fromWho="0" sc="198,-13,271,13,332,0,199,0" owari="185,-31.5,284,8.4,332,43.2,199,-20.1" /></mjloggm>