<mjloggm ver="2.3"><GO type="225" lobby="0"/><UN n0="%E5%8F%AF%E5%85%90%E9%82%A3%E7%94%B1%E5%A4%9A" n1="%41%6F%54" n2="%E3%83%94%E3%83%B3%E3%82%B5%E3%83%AD%E5%BA%97%E5%93%A1" n3="%EF%BC%AE%EF%BC%A1%EF%BC%AF%33%33%39" dan="16,16,17,16" rate="2105.76,2099.50,2194.45,2119.58" sx="F,M,M,M"/><TAIKYOKU oya="0"/><INIT seed="0,0,0,4,0,60" ten="250,250,250,250" oya="0" hai0="85,23,122,17,82,130,65,87,32,7,112,108,48" hai1="100,126,45,81,30,61,80,66,24,33,99,90,26" hai2="131,106,16,107,27,73,71,64,129,18,47,97,69" hai3="14,0,49,74,8,29,10,41,1,35,51,38,11"/><T54/><D112/><U56/><E126/><V127/><F73/><W96/><G74/><T3/><D122/><U111/><E111/><V83/><F83/><W21/><G38/><T4/><D32/><U68/><E90/><V103/><F127/><W43/><G96/><T58/><D130/><N who="2" m="49674" /><F107/><W13/><G49/><T37/><D37/><U125/><E125/><V120/><F120/><W134/><G51/><T40/><D40/><U94/><E45/><V57/><F47/><W84/><G84/><T77/><D108/><U53/><REACH who="1" step="1"/><E24/><REACH who="1" ten="250,240,250,250" step="2"/><V59/><F27/><N who="3" m="18879" /><G43/><T101/><D101/><U63/><AGARI ba="0,1" hai="26,30,33,53,56,61,63,66,68,80,81,94,99,100" machi="63" ten="20,8000,1" yaku="1,1,0,1,7,1,52,1,53,1" doraHai="60" doraHaiUra="95" who="1" fromWho="1" sc="250,-40,240,90,250,-20,250,-20" /><INIT seed="1,0,0,3,2,105" ten="210,330,230,230" oya="1" hai0="56,34,110,25,125,114,67,21,20,35,98,92,24" hai1="42,118,40,63,17,80,72,68,121,43,36,134,1" hai2="94,109,60,66,9,93,73,62,128,135,111,97,119" hai3="13,104,23,115,132,76,52,133,38,49,106,22,89"/><U12/><E118/><V44/><F119/><W77/><G115/><T65/><D114/><U50/><E121/><V41/><F128/><W29/><G38/><T103/><D110/><N who="2" m="41994" /><F135/><N who="3" m="51787" /><G89/><T79/><D125/><U90/><E1/><V7/><F73/><W95/><G95/><N who="2" m="36361" /><F66/><W55/><G13/><T83/><D34/><U18/><E36/><N who="2" m="21543" /><F97/><W122/><G122/><T27/><D35/><U47/><E134/><V39/><F39/><W53/><G49/><T112/><D112/><U78/><E90/><V70/><F70/><W37/><G37/><T30/><D56/><U6/><E63/><V120/><F120/><W127/><G127/><T71/><D71/><U54/><REACH who="1" step="1"/><E68/><REACH who="1" ten="210,320,230,230" step="2"/><V107/><F107/><W130/><G106/><T48/><D48/><U8/><AGARI ba="0,1" hai="6,8,12,17,18,40,42,43,47,50,54,72,78,80" machi="8" ten="30,11700,0" yaku="1,1,2,1,0,1,52,1,53,0" doraHai="105" doraHaiUra="87" who="1" fromWho="1" sc="210,-39,320,127,230,-39,230,-39" /><INIT seed="1,1,0,5,0,82" ten="171,447,191,191" oya="1" hai0="6,92,75,83,46,133,94,115,105,135,35,103,45" hai1="132,109,79,65,11,12,53,42,0,51,34,76,59" hai2="27,131,108,29,13,8,15,5,127,114,88,60,80" hai3="118,102,69,4,117,28,116,55,111,122,128,130,126"/><U101/><E34/><V19/><F108/><W91/><G102/><T77/><D35/><U25/><E0/><V58/><F131/><N who="3" m="50219" /><G69/><T112/><D6/><U119/><E119/><V68/><F68/><W123/><G28/><T7/><D7/><U33/><E132/><N who="0" m="50761" /><D46/><U52/><E101/><V134/><F134/><W90/><G4/><T62/><D62/><U99/><E99/><V97/><F127/><W38/><G38/><T18/><D18/><U95/><E95/><N who="0" m="36393" /><D45/><U129/><E129/><V48/><F48/><W39/><G39/><T57/><D57/><U31/><E42/><V106/><F114/><W124/><G55/><T20/><D20/><U72/><E65/><V93/><F106/><W121/><G111/><T81/><D81/><U96/><E53/><V98/><F80/><W37/><G37/><T1/><D1/><U125/><E52/><N who="2" m="33863" /><F29/><W89/><AGARI ba="1,0" hai="89,90,91,116,117,118,121,122,123,124,126" m="50219" machi="89" ten="50,16000,3" yaku="29,2,28,2,12,1,19,1,34,2" doraHai="82" who="3" fromWho="3" sc="171,-41,447,-81,191,-41,191,163" /><INIT seed="2,0,0,2,1,111" ten="130,366,150,354" oya="2" hai0="84,115,124,90,123,61,37,99,76,131,108,74,0" hai1="77,48,113,22,11,78,114,80,104,73,88,38,83" hai2="10,8,107,98,47,72,86,27,40,79,133,69,127" hai3="55,25,119,81,39,21,97,87,102,109,23,18,101"/><V59/><F69/><W53/><G39/><T67/><D0/><U51/><E38/><V54/><F72/><W6/><G119/><T93/><D37/><U130/><E104/><V121/><F121/><W46/><G109/><T2/><D2/><U1/><E130/><V60/><F133/><W89/><G6/><T135/><D108/><U20/><E88/><V24/><F127/><W100/><G46/><T120/><D131/><U95/><E95/><V96/><F107/><W58/><G58/><T82/><D135/><U16/><E1/><V129/><F129/><W92/><REACH who="3" step="1"/><G23/><REACH who="3" ten="130,366,150,344" step="2"/><T15/><D124/><U34/><E34/><V126/><F126/><W85/><G85/><T103/><D115/><U66/><E73/><V68/><F68/><W29/><G29/><T65/><D15/><U43/><E11/><N who="2" m="4139" /><F47/><W26/><G26/><N who="2" m="9769" /><F40/><W125/><G125/><T30/><D30/><U49/><E43/><V12/><F12/><W134/><G134/><T94/><REACH who="0" step="1"/><D65/><REACH who="0" ten="120,366,150,344" step="2"/><U117/><E66/><V75/><F75/><W56/><G56/><AGARI ba="0,2" hai="56,61,67,74,76,82,84,90,93,94,99,103,120,123" machi="56" ten="30,7700,0" yaku="1,1,2,1,7,1,53,1" doraHai="111" doraHaiUra="105" who="0" fromWho="3" sc="120,97,366,0,150,0,344,-77" /><INIT seed="3,0,0,2,2,35" ten="217,366,150,267" oya="3" hai0="87,20,59,104,81,15,40,79,103,54,37,25,5" hai1="7,49,135,62,123,64,118,122,133,94,117,38,116" hai2="19,34,67,56,128,92,1,121,43,106,109,9,126" hai3="119,36,32,60,77,24,115,120,113,46,129,89,73"/><W39/><G120/><N who="1" m="46122" /><E38/><V10/><F121/><W74/><G119/><T53/><D104/><U55/><E7/><V61/><F106/><W76/><G89/><T127/><D103/><U88/><E55/><V63/><F109/><W93/><G93/><T99/><D99/><N who="1" m="57799" /><E49/><V58/><F128/><W17/><G60/><T112/><D79/><U66/><E66/><V51/><F126/><W107/><G107/><T13/><D81/><U102/><E102/><V57/><F34/><W42/><G129/><T8/><D87/><U0/><E0/><V91/><F1/><W68/><G68/><AGARI ba="0,0" hai="62,64,68,116,117,118,133,135" m="57799,46122" machi="68" ten="40,2600,0" yaku="12,1,54,1" doraHai="35" who="1" fromWho="3" sc="217,0,366,26,150,0,267,-26" owari="217,-18.3,392,49.2,150,-35.0,241,4.1" /></mjloggm>