<mjloggm ver="2.3"><GO type="225" lobby="0"/><UN n0="%E3%81%95%E3%81%8D%E3%81%9F%E3%81%BE%E6%9E%97%E6%AA%8E" n1="%E5%8C%97%E6%AC%A7%E3%81%AE%E3%82%82%E3%81%93%E3%81%86" n2="%E5%91%A8%E6%9D%B1" n3="%E9%A6%AC%E5%BC%95%E7%81%AB%33" dan="16,16,16,16" rate="2154.92,2140.38,2170.65,2059.61" sx="M,M,M,M"/><TAIKYOKU oya="0"/><INIT seed="0,0,0,0,4,128" ten="250,250,250,250" oya="0" hai0="79,71,93,11,131,43,88,37,18,35,72,4,130" hai1="101,94,44,49,58,3,26,67,21,64,17,36,126" hai2="46,106,57,32,82,127,15,52,113,114,104,74,25" hai3="54,70,98,86,118,38,45,95,39,91,69,63,112"/><T92/><D71/><U60/><E126/><V42/><F127/><W50/><G112/><T13/><D35/><U83/><E3/><V116/><F116/><W61/><G118/><T87/><D37/><U2/><E2/><V75/><F113/><W8/><G70/><T132/><D43/><U124/><E36/><V68/><F114/><W90/><G63/><T125/><D125/><U10/><E124/><V109/><F68/><W103/><G91/><T1/><D93/><U129/><E129/><N who="0" m="49161" /><D72/><U121/><E121/><V40/><F109/><W123/><G123/><T134/><D79/><U48/><E83/><V81/><F15/><W100/><G100/><T9/><AGARI ba="0,0" hai="1,4,9,11,13,18,87,88,92,132,134" m="49161" machi="9" ten="30,11700,0" yaku="19,1,52,2,54,1" doraHai="128" who="0" fromWho="0" sc="250,117,250,-39,250,-39,250,-39" /><INIT seed="0,1,0,4,4,111" ten="367,211,211,211" oya="0" hai0="26,63,33,82,102,117,67,16,100,42,78,52,7" hai1="92,81,130,15,14,112,126,12,21,25,41,6,80" hai2="48,75,131,109,56,115,72,20,62,127,91,85,34" hai3="36,3,54,23,59,79,118,114,17,93,129,123,83"/><T135/><D117/><U133/><E130/><V58/><F34/><W66/><G118/><T90/><D7/><U8/><E126/><V107/><F107/><W28/><G114/><T77/><D33/><U24/><E133/><V104/><F104/><W94/><G36/><T128/><D135/><U18/><E41/><V68/><F115/><W70/><G3/><T53/><D42/><U76/><E112/><V96/><F96/><W22/><G129/><T27/><D128/><U89/><E25/><V74/><F109/><W122/><G66/><T13/><D90/><U101/><E101/><N who="0" m="39017" /><D67/><U125/><E125/><V113/><F113/><W61/><G70/><T87/><D78/><U110/><E110/><V95/><F127/><W132/><G132/><T51/><D63/><U73/><REACH who="1" step="1"/><E80/><REACH who="1" ten="367,201,211,211" step="2"/><V97/><F131/><W43/><G43/><T5/><D27/><U119/><E119/><V0/><F68/><W44/><G83/><T40/><D26/><U11/><E11/><V39/><F39/><W124/><G124/><T4/><D40/><U55/><E55/><V105/><F105/><W35/><G54/><N who="0" m="21099" /><D51/><U121/><E121/><V134/><F48/><W88/><G122/><T45/><D45/><U99/><AGARI ba="1,1" hai="6,8,12,14,15,18,21,24,73,76,81,89,92,99" machi="99" ten="20,2700,0" yaku="1,1,0,1,7,1,53,0" doraHai="111" doraHaiUra="29" who="1" fromWho="1" sc="367,-14,201,40,211,-8,211,-8" /><INIT seed="1,0,0,3,4,65" ten="353,241,203,203" oya="1" hai0="132,67,10,27,83,102,70,105,96,77,64,80,61" hai1="6,135,51,108,23,123,37,103,28,53,120,16,8" hai2="121,91,134,72,11,94,42,130,20,49,75,112,0" hai3="26,98,118,44,33,84,95,56,126,119,128,30,9"/><U99/><E37/><V111/><F121/><W3/><G126/><T14/><D132/><U43/><E135/><V78/><F134/><W122/><G122/><T12/><D67/><U25/><E43/><V74/><F111/><W106/><G128/><T41/><D41/><U76/><E76/><V100/><F130/><W22/><G106/><T54/><D54/><U97/><E108/><V81/><F112/><W48/><G84/><T71/><D71/><U124/><E124/><V35/><F35/><W15/><G56/><T125/><D125/><U114/><E114/><V60/><F100/><W2/><G33/><T21/><D10/><U1/><E99/><V69/><F20/><W24/><G24/><T73/><D83/><U131/><E28/><AGARI ba="0,0" hai="12,14,21,27,28,61,64,70,73,77,80,96,102,105" machi="28" ten="30,2000,0" yaku="7,1,52,1" doraHai="65" who="0" fromWho="1" sc="353,20,241,-20,203,0,203,0" /><INIT seed="2,0,0,5,3,109" ten="373,221,203,203" oya="2" hai0="57,74,0,45,39,104,50,110,10,126,86,72,28" hai1="71,111,17,12,98,20,38,125,127,4,35,26,92" hai2="105,76,15,47,21,58,88,79,34,103,102,87,134" hai3="67,96,59,97,100,135,80,83,44,94,107,99,9"/><V62/><F34/><W25/><G135/><T89/><D110/><U56/><E111/><V132/><F47/><W2/><G44/><T101/><D126/><N who="1" m="48139" /><E71/><V119/><F119/><W84/><G25/><T49/><D28/><N who="1" m="19863" /><E38/><V65/><F105/><W51/><G107/><T113/><D39/><U124/><E124/><V11/><F21/><W14/><G83/><T77/><D77/><N who="2" m="29770" /><F134/><W30/><G30/><T115/><D57/><U130/><E130/><V81/><F132/><W18/><G2/><T8/><D45/><U117/><E117/><V19/><AGARI ba="0,0" hai="11,15,19,58,62,65,81,87,88,102,103" m="29770" machi="19" ten="30,3000,0" yaku="8,1,54,1" doraHai="109" who="2" fromWho="2" sc="373,-10,221,-10,203,30,203,-10" /><INIT seed="2,1,0,1,0,94" ten="363,211,233,193" oya="2" hai0="10,16,64,107,55,99,51,6,3,85,123,125,26" hai1="45,118,4,75,117,63,28,98,133,71,81,72,76" hai2="92,46,66,108,7,88,54,9,120,31,5,83,101" hai3="24,129,47,60,130,12,69,126,61,80,127,42,27"/><V18/><F120/><W116/><G12/><T21/><D123/><U90/><E72/><V70/><F31/><W68/><G80/><T119/><D125/><N who="3" m="47625" /><G116/><T86/><D119/><U22/><E133/><V128/><F128/><N who="3" m="49259" /><G24/><T91/><D64/><U103/><E90/><V53/><F108/><W124/><G27/><T134/><D134/><U20/><E20/><V115/><F115/><W56/><N who="3" m="47633" /><W62/><DORA hai="39" /><G56/><T77/><D77/><U95/><E28/><V11/><F83/><W109/><G109/><T102/><D91/><U34/><E4/><V49/><F101/><W131/><N who="3" m="49267" /><W2/><DORA hai="113" /><G2/><T41/><D3/><U52/><E34/><V96/><F18/><W93/><G93/><T74/><D16/><U1/><E22/><V44/><F5/><W82/><G82/><T97/><D21/><U67/><E1/><V122/><F122/><W29/><G29/><T50/><D26/><U57/><E45/><V78/><F78/><W65/><G69/><T17/><D17/><U114/><E114/><V36/><F7/><W32/><G32/><T33/><D33/><U112/><E112/><V110/><F110/><W37/><AGARI ba="1,0" hai="37,42,47,60,61,62,65,68" m="49267,47633" machi="37" ten="60,8000,1" yaku="18,1,19,1,34,2,52,1" doraHai="94,39,113" who="3" fromWho="3" sc="363,-21,211,-21,233,-41,193,83" /><INIT seed="3,0,0,4,4,83" ten="342,190,192,276" oya="3" hai0="125,31,91,23,133,3,33,8,110,105,21,64,118" hai1="62,75,108,101,34,28,42,54,19,9,78,132,5" hai2="126,11,40,41,60,38,106,109,30,74,96,98,2" hai3="56,0,130,36,45,20,6,119,82,104,50,68,121"/><W86/><G119/><T107/><D118/><U93/><E75/><V134/><F74/><W16/><G68/><T127/><D33/><U79/><E34/><V76/><F76/><N who="1" m="29225" /><E108/><V70/><F109/><W94/><G104/><T32/><D110/><U128/><E128/><V103/><F98/><W59/><G36/><T57/><D32/><U25/><E132/><V10/><F134/><W123/><G94/><T26/><D91/><U73/><E73/><V66/><F126/><W80/><G80/><T135/><D57/><N who="1" m="35127" /><E42/><V43/><F38/><W122/><G130/><T51/><D23/><N who="1" m="15423" /><E5/><V88/><F2/><W63/><G63/><T14/><D8/><U55/><E55/><V47/><F47/><W117/><G117/><T13/><D13/><N who="1" m="7599" /><E93/><V92/><REACH who="2" step="1"/><F30/><REACH who="2" ten="342,190,182,276" step="2"/><W35/><G0/><T113/><D31/><U7/><E7/><V58/><F58/><W77/><G6/><T1/><D3/><U37/><E37/><V115/><F115/><W85/><G59/><T4/><D1/><U65/><E101/><V116/><F116/><W97/><G56/><T89/><D4/><U100/><E100/><V99/><AGARI ba="0,1" hai="10,11,40,41,43,60,66,70,88,92,96,99,103,106" machi="99" ten="30,4000,0" yaku="1,1,0,1,54,1,53,0" doraHai="83" doraHaiUra="44" who="2" fromWho="2" sc="342,-10,190,-10,182,50,276,-20" owari="332,43.2,180,-32.0,232,-16.8,256,5.6" /></mjloggm>