<mjloggm ver="2.3"><GO type="225" lobby="0"/><UN n0="%E4%BF%BA%E3%81%A8%E5%A6%96%E5%A4%A2" n1="%72%61%6B%33" n2="%E3%82%A2%E3%83%B3%E3%81%95%E3%82%93" n3="%E6%A1%9C%E8%8A%B1%E9%96%83%E3%80%85" dan="16,16,17,17" rate="2263.25,2124.68,2191.86,2293.71" sx="F,M,M,M"/><TAIKYOKU oya="0"/><INIT seed="0,0,0,5,4,107" ten="250,250,250,250" oya="0" hai0="51,111,118,106,134,86,105,3,42,56,8,135,100" hai1="90,15,65,23,0,29,73,126,103,95,127,13,21" hai2="74,87,41,1,35,109,102,5,67,50,120,39,88" hai3="93,60,36,18,129,83,53,71,61,25,7,12,17"/><T55/><D118/><U125/><E0/><V128/><F120/><W112/><G112/><T63/><D111/><U24/><E65/><V75/><F35/><W72/><G36/><T48/><D86/><U57/><E103/><V70/><F102/><W16/><G129/><T91/><D91/><U131/><E131/><V110/><F50/><W79/><G25/><T44/><D51/><U43/><E57/><V59/><F59/><W122/><G122/><T92/><D92/><U37/><E23/><V97/><F97/><W80/><G93/><T19/><D100/><U104/><E104/><V28/><F28/><W98/><G98/><T123/><D123/><U11/><E73/><N who="2" m="27659" /><F88/><W6/><G80/><T108/><D108/><N who="2" m="41578" /><F87/><W121/><G121/><T10/><D105/><U77/><E90/><V54/><F54/><W66/><G53/><T89/><D106/><U114/><E95/><V84/><F84/><W68/><G72/><T113/><D89/><U78/><E29/><V4/><F128/><W96/><G96/><T27/><D55/><U49/><E127/><V40/><F1/><W22/><G83/><T34/><D3/><U30/><E30/><V26/><F26/><W76/><G76/><T2/><D2/><U38/><E24/><V62/><F39/><W31/><G79/><T82/><D34/><U101/><E101/><V52/><F52/><W81/><G81/><T69/><D82/><U99/><E99/><V85/><F85/><W47/><G31/><T116/><D56/><U132/><E78/><V130/><F130/><W124/><G124/><T64/><D27/><RYUUKYOKU ba="0,0" sc="250,-10,250,-10,250,30,250,-10" hai2="4,5,40,41,62,67,70" /><INIT seed="1,1,0,3,3,29" ten="240,240,280,240" oya="1" hai0="114,42,100,82,56,74,103,91,48,62,134,16,6" hai1="64,49,27,30,58,4,81,107,33,13,87,128,26" hai2="69,53,110,60,41,66,98,78,88,90,80,70,123" hai3="118,63,12,73,22,18,79,20,129,67,25,109,126"/><U93/><E128/><V124/><F124/><W112/><G112/><T96/><D114/><U105/><E93/><V83/><F110/><W17/><G109/><T135/><D6/><U72/><E72/><V2/><F2/><W54/><G126/><T37/><D37/><U120/><E120/><V10/><F83/><W15/><G129/><T122/><D122/><U68/><E68/><V130/><F70/><W106/><G106/><T86/><D74/><U9/><E27/><V104/><F53/><W55/><G118/><T8/><D48/><U51/><E51/><V40/><F10/><W43/><G43/><T31/><D42/><U23/><E23/><V46/><F40/><W76/><G25/><T45/><D45/><U108/><E108/><V131/><F123/><W59/><REACH who="3" step="1"/><G73/><REACH who="3" ten="240,240,280,230" step="2"/><T21/><D134/><U32/><E107/><V125/><F125/><W71/><G71/><T117/><D135/><U24/><E105/><V101/><F131/><W85/><G85/><T52/><D117/><U132/><E132/><V61/><F130/><W75/><G75/><T92/><D96/><U11/><E26/><V116/><F116/><W84/><G84/><T7/><D86/><U38/><E24/><V94/><F104/><W34/><G34/><T19/><D31/><U121/><E30/><V57/><F69/><W102/><G102/><T0/><D103/><U95/><E121/><V77/><F41/><W113/><G113/><T3/><D100/><U133/><E133/><V47/><F101/><W36/><G36/><T115/><D115/><U99/><E33/><V50/><F98/><RYUUKYOKU ba="1,1" sc="240,-10,240,-10,280,-10,230,30" hai3="12,15,17,18,20,22,54,55,59,63,67,76,79" /><INIT seed="2,2,1,0,5,7" ten="230,230,270,260" oya="2" hai0="66,32,19,78,118,112,30,6,24,90,125,134,0" hai1="119,74,73,11,42,128,97,135,103,54,31,126,51" hai2="53,41,77,38,111,87,56,18,3,117,121,120,95" hai3="71,33,130,63,80,4,132,47,55,39,52,26,35"/><V65/><F117/><W91/><G132/><T8/><D112/><U59/><E119/><V109/><F3/><W40/><G130/><T129/><D118/><U122/><E128/><V58/><F18/><W88/><G4/><T84/><D129/><U60/><E135/><V113/><F77/><W21/><G71/><T89/><D134/><U72/><E126/><V37/><F95/><W68/><G55/><T62/><D125/><U70/><E122/><V83/><F83/><W93/><G80/><T98/><D78/><U20/><E42/><V123/><F87/><W131/><G91/><T102/><D19/><U34/><E34/><V107/><F107/><W104/><G104/><T92/><REACH who="0" step="1"/><D84/><REACH who="0" ten="220,230,270,260" step="2"/><U61/><E74/><V12/><F113/><W29/><G131/><T127/><D127/><U96/><E73/><V105/><F121/><W64/><G52/><T16/><D16/><U124/><E54/><V75/><F53/><W45/><G45/><T23/><D23/><U69/><E20/><V108/><F123/><W79/><G79/><T36/><D36/><U22/><E22/><V106/><F120/><W48/><G39/><T10/><D10/><U13/><E11/><V15/><F41/><W67/><G64/><T49/><D49/><U9/><E51/><V50/><F50/><W46/><G46/><T116/><D116/><U27/><E124/><V86/><F86/><AGARI ba="2,2" hai="21,26,29,33,35,40,47,48,63,67,68,86,88,93" machi="86" ten="30,2000,0" yaku="7,1,54,1" doraHai="7" who="3" fromWho="2" sc="220,0,230,0,270,-26,260,46" /><INIT seed="3,0,0,2,4,125" ten="220,230,244,306" oya="3" hai0="16,12,69,95,51,55,75,21,5,87,25,11,35" hai1="124,130,122,133,1,135,6,68,74,32,110,67,100" hai2="76,106,40,64,50,129,80,119,54,96,89,65,20" hai3="84,132,30,103,45,8,83,81,57,2,49,4,27"/><W101/><G57/><T115/><D75/><U73/><E100/><V26/><F119/><W53/><G132/><T46/><D69/><U63/><E6/><V102/><F89/><W44/><G44/><T10/><D115/><U56/><E56/><V9/><F9/><W98/><G84/><T116/><D116/><U91/><E91/><V60/><F40/><W104/><G103/><T82/><D95/><U43/><E43/><V37/><F37/><W66/><G66/><T127/><D127/><U86/><E86/><V33/><F33/><AGARI ba="0,0" hai="2,4,8,27,30,33,45,49,53,81,83,98,101,104" machi="33" ten="30,1500,0" yaku="7,1" doraHai="125" who="3" fromWho="2" sc="220,0,230,0,244,-15,306,15" owari="220,-28.0,230,3.0,229,-17.1,321,42.1" /></mjloggm>