<mjloggm ver="2.3"><GO type="225" lobby="0"/><UN n0="%E3%83%81%E3%83%AF%E3%83%AF%E9%9A%8A%E9%95%B7" n1="%43%68%65" n2="%E3%81%90%E3%81%A1%E3%82%84%E3%81%BE" n3="%E3%81%BF%E3%81%BF%E3%81%9A" dan="16,16,16,18" rate="2114.82,2110.07,2116.01,2228.51" sx="M,M,M,M"/><TAIKYOKU oya="0"/><INIT seed="0,0,0,2,3,121" ten="250,250,250,250" oya="0" hai0="75,31,36,93,125,108,118,115,67,95,32,20,17" hai1="74,45,82,62,23,57,87,48,13,7,63,105,126" hai2="119,90,129,132,134,9,80,124,46,91,69,81,44" hai3="16,117,49,65,97,58,41,54,39,73,11,24,28"/><T60/><D115/><U83/><E105/><V12/><F69/><W116/><G73/><T14/><D118/><U26/><E74/><V111/><F119/><W18/><G97/><T70/><D36/><U114/><E126/><V37/><F124/><W61/><G116/><T2/><D125/><U88/><E114/><V52/><F37/><W84/><G117/><T130/><D75/><U3/><E3/><V59/><F129/><W55/><G84/><T133/><D2/><U77/><E83/><N who="2" m="31819" /><F111/><W76/><G76/><T78/><D78/><U42/><E77/><V99/><F134/><W27/><G11/><T109/><D130/><U127/><E127/><V66/><F66/><W131/><G131/><T47/><D47/><N who="2" m="17962" /><F99/><W110/><G39/><T1/><D1/><U56/><E56/><V30/><F30/><W85/><G110/><N who="0" m="42603" /><D133/><U6/><E13/><V96/><F96/><W107/><G107/><T101/><D101/><U51/><E51/><N who="2" m="31135" /><F132/><W29/><G49/><T120/><D120/><U53/><REACH who="1" step="1"/><E63/><REACH who="1" ten="250,240,250,250" step="2"/><V22/><F22/><W19/><G61/><T98/><D98/><U34/><E34/><V104/><F104/><W64/><G85/><T103/><D103/><U89/><E89/><V50/><F50/><W112/><G112/><T79/><D79/><U102/><E102/><V8/><F8/><W21/><G21/><T128/><D128/><U10/><E10/><V68/><F68/><W33/><G58/><T5/><D5/><AGARI ba="0,1" hai="5,9,12,90,91" m="31135,17962,31819" machi="5" ten="30,2000,0" yaku="8,1,54,1" doraHai="121" who="2" fromWho="0" sc="250,-20,240,0,250,30,250,0" /><INIT seed="1,0,0,3,2,96" ten="230,240,280,250" oya="1" hai0="28,125,46,133,42,116,45,113,124,130,107,1,84" hai1="10,101,109,0,13,91,76,19,126,127,68,2,5" hai2="15,93,12,22,60,78,40,73,49,30,117,48,92" hai3="86,26,100,87,85,11,79,17,118,43,66,31,121"/><U67/><E76/><V80/><F117/><W38/><G121/><T108/><D116/><U122/><E122/><V64/><F12/><W3/><G118/><T114/><D1/><U131/><E131/><V132/><F132/><W44/><G66/><T23/><D133/><U115/><E115/><V94/><F40/><W50/><G79/><T88/><D130/><U69/><E109/><V7/><F30/><W36/><G100/><T110/><D107/><U6/><E91/><V34/><F34/><W63/><G63/><T74/><D74/><U16/><E67/><V37/><F37/><W18/><G3/><T98/><D98/><U71/><E101/><V72/><F72/><W82/><G82/><T51/><D46/><U90/><E90/><V54/><F54/><W128/><G128/><T41/><D41/><U20/><REACH who="1" step="1"/><E19/><REACH who="1" ten="230,230,280,250" step="2"/><V97/><F78/><W59/><G18/><T39/><D114/><U56/><E56/><V25/><F73/><W57/><G38/><T58/><D113/><U62/><E62/><V83/><F60/><W29/><G36/><T52/><D110/><U27/><E27/><V104/><F25/><W77/><G77/><T89/><D108/><U81/><E81/><V65/><F83/><W123/><G123/><T33/><D89/><U102/><E102/><V9/><F80/><W53/><G59/><T32/><D88/><U129/><E129/><V95/><F65/><W24/><G26/><N who="0" m="16479" /><D84/><U134/><E134/><V75/><F75/><W103/><G103/><T14/><D58/><U106/><E106/><V119/><F104/><W105/><G105/><RYUUKYOKU ba="0,1" sc="230,-10,230,30,280,-10,250,-10" hai1="0,2,5,6,10,13,16,20,68,69,71,126,127" /><INIT seed="1,1,1,1,5,129" ten="220,260,270,240" oya="1" hai0="61,77,131,85,42,3,74,20,110,43,119,21,98" hai1="90,34,87,81,55,117,23,2,105,49,4,124,39" hai2="101,107,27,51,53,12,91,62,18,97,71,116,125" hai3="38,133,126,73,44,25,31,92,89,103,80,24,19"/><U30/><E117/><V47/><F125/><W135/><G126/><T132/><D119/><U48/><E124/><V8/><F116/><W33/><G103/><T108/><D74/><U57/><E39/><V28/><F91/><W35/><G38/><T109/><D3/><U46/><E105/><V123/><F123/><W41/><G80/><N who="0" m="47247" /><D131/><U14/><E2/><V6/><F6/><W56/><G56/><T37/><D37/><U7/><E34/><V84/><F84/><W29/><G73/><T54/><D98/><U68/><E68/><V16/><F18/><W114/><G114/><T95/><D95/><U58/><E58/><V134/><F134/><N who="3" m="51211" /><G19/><T111/><D132/><U99/><E99/><V127/><F127/><W94/><G89/><T65/><D111/><U75/><E75/><V78/><F78/><W64/><G64/><T100/><D100/><U102/><E102/><V63/><F71/><W130/><G130/><T86/><D65/><U128/><E128/><V26/><F26/><W32/><G32/><AGARI ba="1,1" hai="8,12,16,27,28,32,47,51,53,62,63,97,101,107" machi="32" ten="30,2000,0" yaku="7,1,54,1" doraHai="129" who="2" fromWho="3" sc="220,0,260,0,270,33,240,-23" /><INIT seed="2,0,0,0,4,5" ten="220,260,303,217" oya="2" hai0="79,134,98,97,128,2,12,83,105,17,31,44,62" hai1="29,58,15,123,45,122,19,104,55,103,23,80,77" hai2="7,115,90,124,67,59,125,11,52,99,75,92,111" hai3="54,39,34,116,56,61,135,72,27,60,107,76,21"/><V73/><F115/><W24/><G116/><T87/><D2/><U13/><E45/><V10/><F67/><W106/><G39/><T71/><D128/><U22/><E103/><V32/><F32/><W100/><G135/><T121/><D121/><N who="1" m="46091" /><E104/><V68/><F68/><W88/><G34/><T82/><D134/><U63/><E29/><V74/><F111/><W64/><G27/><T26/><D105/><U93/><E93/><V110/><F110/><W129/><G100/><T14/><D44/><U46/><E46/><V108/><F108/><W38/><G38/><T114/><D114/><U66/><E55/><V94/><F94/><W36/><G36/><T28/><D28/><U127/><E127/><N who="2" m="48715" /><F7/><W81/><G88/><T84/><D62/><AGARI ba="0,0" hai="10,11,52,59,62,73,74,75,90,92,99" m="48715" machi="62" ten="40,12000,1" yaku="18,1,52,2,54,1" doraHai="5" who="2" fromWho="0" sc="220,-120,260,0,303,120,217,0" /><INIT seed="2,1,0,2,1,94" ten="100,260,423,217" oya="2" hai0="6,70,89,68,100,93,88,57,48,98,112,35,50" hai1="32,99,42,53,131,66,15,72,117,5,96,61,47" hai2="49,73,111,122,83,105,81,123,16,25,75,91,26" hai3="41,110,118,0,46,60,108,65,24,124,113,59,29"/><V56/><F105/><W10/><G118/><T7/><D112/><U97/><E117/><V80/><F91/><W21/><G124/><T125/><D35/><U64/><E32/><V126/><F126/><W58/><G113/><T39/><D39/><U115/><E72/><V13/><F111/><N who="3" m="42539" /><G10/><T78/><D125/><U17/><E5/><V23/><F56/><N who="3" m="36999" /><G0/><T54/><D78/><U82/><E82/><V128/><F26/><W67/><G67/><T103/><D93/><U37/><E131/><V36/><F49/><AGARI ba="1,0" hai="21,24,29,41,46,49,58,59" m="36999,42539" machi="49" ten="30,1000,0" yaku="14,1" doraHai="94" who="3" fromWho="2" sc="100,0,260,0,423,-13,217,13" /><INIT seed="3,0,0,1,4,89" ten="100,260,410,230" oya="3" hai0="98,68,7,65,78,130,77,99,112,61,110,14,80" hai1="69,41,46,111,12,53,57,33,52,116,20,9,107" hai2="28,90,24,21,120,16,121,115,31,1,47,70,58" hai3="43,23,92,34,132,8,2,86,10,49,119,104,128"/><W32/><G119/><T62/><D112/><U3/><E33/><V17/><F70/><W127/><G104/><T117/><D117/><U5/><E69/><V50/><F115/><W74/><G74/><T96/><D130/><U18/><E116/><V30/><F1/><W55/><G43/><T133/><D133/><U84/><E111/><V45/><F90/><W11/><G2/><T15/><D110/><U94/><E107/><V72/><F72/><W37/><G37/><T103/><D68/><U25/><E3/><V79/><F79/><W131/><G23/><T106/><D106/><U36/><E57/><V42/><F58/><W38/><G38/><T71/><D71/><U101/><E84/><V123/><F17/><W59/><G127/><T97/><N who="0" m="24576" /><DORA hai="56" /><T6/><D103/><U100/><E94/><V51/><F47/><W19/><G19/><T126/><D126/><U135/><E135/><V122/><F122/><W134/><G132/><T13/><D65/><U125/><E125/><V124/><F124/><W114/><G134/><T22/><D22/><U48/><E36/><AGARI ba="0,0" hai="16,21,24,28,30,31,36,42,45,50,51,120,121,123" machi="36" ten="50,3200,0" yaku="13,1,54,1" doraHai="89,56" who="2" fromWho="1" sc="100,0,260,-32,410,32,230,0" owari="100,-40.0,228,-17.2,442,54.2,230,3.0" /></mjloggm>