<mjloggm ver="2.3"><GO type="225" lobby="0"/><UN n0="%E3%83%96%E3%83%83%E3%83%91%E3%82%AA%E3%83%96%E3%83%81%E3%82%AD%E3%83%B3" n1="%E3%81%BE%E3%81%A8%E3%81%9F" n2="%E9%A6%AC%E5%BC%95%E7%81%AB%33" n3="%E3%82%A4%E3%83%BC%E3%82%B1%E3%83%97%E3%83%A9" dan="16,16,16,16" rate="2124.44,2106.29,2115.54,2142.82" sx="M,M,M,M"/><TAIKYOKU oya="0"/><INIT seed="0,0,0,2,0,124" ten="250,250,250,250" oya="0" hai0="121,66,90,132,97,21,78,123,110,115,96,83,6" hai1="106,71,108,113,26,7,91,119,17,104,94,57,70" hai2="77,74,116,0,37,13,103,44,67,31,134,23,88" hai3="46,133,28,64,61,29,84,48,99,118,25,126,93"/><T39/><D115/><U122/><E119/><V59/><F0/><W69/><G118/><T27/><D39/><U109/><E122/><V72/><F116/><W22/><G126/><T107/><D132/><U41/><E7/><V36/><F103/><W86/><G29/><T127/><D127/><U95/><E41/><V32/><F134/><W112/><G112/><T10/><D66/><U9/><E113/><V111/><F111/><W73/><G73/><T120/><D110/><U63/><E9/><V98/><F32/><W100/><REACH who="3" step="1"/><G133/><REACH who="3" ten="250,250,250,240" step="2"/><T82/><D121/><U55/><E108/><V129/><F31/><W56/><G56/><T101/><D123/><U125/><E125/><V30/><F30/><W60/><G60/><T1/><D120/><U52/><E109/><V15/><F59/><W102/><G102/><T68/><D68/><U8/><E70/><V53/><F74/><W5/><G5/><T79/><D101/><U135/><E63/><V18/><F72/><W62/><G62/><T34/><D6/><U33/><E57/><V128/><F18/><W11/><G11/><T105/><D10/><U20/><E71/><V45/><F23/><W54/><AGARI ba="0,1" hai="22,25,28,46,48,54,61,64,69,84,86,93,99,100" machi="54" ten="20,5200,0" yaku="1,1,0,1,7,1,53,1" doraHai="124" doraHaiUra="50" who="3" fromWho="3" sc="250,-26,250,-13,250,-13,240,62" /><INIT seed="1,0,0,4,5,16" ten="224,237,237,302" oya="1" hai0="22,89,112,4,50,53,117,19,97,85,77,109,83" hai1="101,40,39,84,29,59,26,56,47,126,129,94,73" hai2="121,30,2,52,103,49,108,132,34,15,67,51,99" hai3="100,113,32,105,75,45,18,81,128,11,93,54,110"/><U35/><E73/><V119/><F121/><W58/><G113/><T62/><D109/><U10/><E129/><V80/><F119/><W25/><G110/><T48/><D112/><U88/><E126/><V7/><F108/><W31/><G105/><T135/><D135/><U69/><E69/><V1/><F132/><W64/><G128/><T102/><D4/><U38/><E38/><V76/><F67/><W120/><G120/><T114/><D114/><U66/><E66/><V104/><F51/><W37/><G64/><T24/><D117/><U106/><REACH who="1" step="1"/><E10/><REACH who="1" ten="224,227,237,302" step="2"/><V60/><F1/><W6/><G75/><T79/><D62/><U74/><E74/><V17/><F60/><W107/><G11/><T130/><D130/><U12/><E12/><V41/><F2/><W90/><G37/><T33/><D50/><U28/><E28/><V125/><F125/><W27/><G31/><T78/><D33/><U21/><E21/><V96/><F30/><W133/><G32/><T14/><D14/><U57/><E57/><V23/><F23/><W91/><G58/><T9/><D9/><U36/><E36/><V72/><F34/><W98/><G133/><T43/><D48/><U87/><E87/><V131/><F131/><W116/><G116/><T46/><D85/><U65/><E65/><V20/><F41/><W44/><G44/><T92/><D43/><U122/><E122/><V5/><F99/><AGARI ba="0,1" hai="26,29,35,39,40,47,56,59,84,88,94,99,101,106" machi="99" ten="40,3900,0" yaku="1,1,54,1,53,0" doraHai="16" doraHaiUra="63" who="1" fromWho="2" sc="224,0,227,49,237,-39,302,0" /><INIT seed="1,1,0,0,2,44" ten="224,276,198,302" oya="1" hai0="54,71,68,38,110,17,130,34,115,129,100,92,106" hai1="109,53,15,42,45,63,11,0,40,112,95,8,69" hai2="123,79,60,72,57,10,88,62,113,127,41,33,81" hai3="59,119,55,50,93,37,116,128,7,132,94,74,23"/><U25/><E112/><V78/><F123/><W39/><G74/><T27/><D115/><U56/><E109/><V103/><F113/><W43/><G128/><N who="0" m="49259" /><D110/><U134/><E134/><V30/><F127/><W101/><G132/><T20/><D38/><N who="3" m="14345" /><G43/><T19/><D106/><U26/><E0/><V122/><F122/><W87/><G7/><T120/><D120/><U29/><E25/><V9/><F41/><W84/><G23/><N who="0" m="13807" /><D34/><U99/><E69/><V61/><F103/><W36/><N who="3" m="14353" /><W111/><DORA hai="70" /><G111/><T35/><D35/><U83/><E40/><V58/><F79/><W16/><G16/><T24/><D54/><U2/><E2/><V28/><F33/><W108/><G108/><T105/><D105/><U21/><E15/><V135/><F135/><W114/><G114/><T47/><D47/><U104/><E45/><V52/><F88/><W66/><G66/><T118/><D71/><U1/><E1/><V126/><F126/><W4/><G4/><T22/><D68/><U67/><E42/><V31/><REACH who="2" step="1"/><F58/><REACH who="2" ten="224,276,188,302" step="2"/><W80/><G101/><T32/><D32/><U98/><E56/><V82/><F82/><W97/><G80/><T91/><D100/><U49/><E83/><V89/><F89/><N who="3" m="55471" /><G94/><T124/><D124/><U3/><E99/><V90/><F90/><W64/><G87/><T51/><D91/><U73/><E98/><V13/><F13/><W96/><G84/><T46/><D92/><U117/><E95/><V76/><F76/><W6/><G96/><T18/><D118/><U75/><E117/><N who="3" m="45130" /><G59/><T65/><D65/><U5/><E67/><RYUUKYOKU ba="1,1" sc="224,-10,276,-10,188,30,302,-10" hai2="9,10,28,30,31,52,57,60,61,62,72,78,81" /><INIT seed="2,2,1,1,0,97" ten="214,266,218,292" oya="2" hai0="85,120,20,108,121,31,73,45,19,88,54,106,70" hai1="69,5,56,67,131,28,44,26,109,105,32,128,42" hai2="21,36,83,81,118,12,23,64,27,96,78,50,62" hai3="8,41,25,1,129,76,30,122,92,86,72,99,107"/><V135/><F118/><W104/><G122/><T112/><D112/><U33/><E33/><V91/><F36/><W15/><G1/><T102/><D108/><U117/><E117/><V43/><F135/><W130/><G72/><T57/><D73/><U114/><E114/><V34/><F34/><N who="3" m="20815" /><G41/><T95/><D70/><U60/><E109/><V82/><F78/><W87/><G76/><T71/><D31/><U80/><E80/><V101/><F91/><N who="3" m="55711" /><G104/><T59/><D71/><U10/><E56/><N who="2" m="36935" /><F12/><W48/><G48/><N who="0" m="30919" /><D59/><U40/><E105/><V75/><F75/><W47/><G47/><T58/><D58/><U38/><REACH who="1" step="1"/><E42/><REACH who="1" ten="214,256,218,292" step="2"/><V13/><F43/><W29/><G107/><T3/><D45/><U84/><E84/><V110/><F110/><W124/><G87/><T63/><D63/><U51/><E51/><V35/><F50/><W90/><G86/><T89/><D121/><U125/><E125/><V52/><F83/><W39/><G124/><T132/><D120/><U126/><E126/><V0/><F82/><W61/><G61/><T6/><D106/><U49/><E49/><V17/><F81/><W16/><G39/><T119/><D119/><U7/><E7/><V116/><F116/><W68/><G68/><T37/><D37/><U55/><E55/><V22/><F52/><W2/><G130/><T74/><D74/><U98/><E98/><V103/><F96/><W94/><G129/><T133/><D89/><U66/><E66/><V18/><F35/><W4/><G90/><T123/><D123/><U46/><E46/><V14/><F103/><W93/><G4/><RYUUKYOKU ba="2,2" sc="214,-10,256,30,218,-10,292,-10" hai1="5,10,26,28,32,38,40,44,60,67,69,128,131" /><INIT seed="3,3,2,4,1,71" ten="204,286,208,282" oya="3" hai0="101,87,114,27,119,16,7,64,53,29,73,49,127" hai1="77,9,21,58,84,83,11,69,50,68,105,104,96" hai2="15,131,65,42,37,25,85,62,106,67,125,1,3" hai3="134,97,90,122,35,40,63,116,76,55,95,132,108"/><W93/><G116/><T113/><D119/><U30/><E69/><N who="2" m="42167" /><F15/><W0/><G122/><T6/><D73/><U124/><E68/><V94/><F85/><N who="3" m="52431" /><G0/><N who="2" m="73" /><F94/><W23/><G35/><N who="0" m="20927" /><D127/><U75/><E124/><V24/><F24/><W70/><G40/><T60/><D101/><U18/><E30/><V100/><F67/><N who="3" m="41343" /><G76/><T36/><D36/><U103/><E105/><V92/><F92/><W39/><G39/><T26/><D87/><U121/><E121/><V43/><F43/><W28/><G55/><T48/><D64/><U79/><E79/><V115/><F25/><W4/><G4/><N who="0" m="1579" /><D60/><U102/><E102/><V126/><F115/><N who="0" m="44042" /><D53/><U20/><E75/><V128/><F125/><W112/><G112/><T111/><D111/><U107/><E107/><V110/><F126/><W82/><G82/><T10/><D10/><U98/><E9/><V59/><F59/><W44/><G44/><T88/><D88/><U57/><E11/><V66/><F66/><W80/><G80/><T13/><D13/><U129/><E58/><V34/><F110/><W12/><G108/><T81/><D81/><U54/><E98/><N who="2" m="61719" /><F34/><W109/><G109/><T74/><D74/><U5/><E57/><V47/><AGARI ba="3,2" hai="37,42,47,128,131" m="61719,73,42167" machi="47" ten="30,2000,0" yaku="23,1,52,1" doraHai="71" who="2" fromWho="2" sc="204,-8,286,-8,208,49,282,-13" /><INIT seed="4,0,0,3,1,85" ten="196,278,257,269" oya="0" hai0="87,131,16,60,102,78,88,116,75,121,95,32,125" hai1="42,107,118,25,106,65,111,132,57,48,66,114,113" hai2="7,73,101,123,20,19,98,70,94,27,15,38,41" hai3="82,6,68,34,112,12,99,97,44,109,13,61,96"/><T83/><D116/><U129/><E111/><V2/><F123/><W128/><G109/><T40/><D121/><U134/><E118/><V28/><F70/><W117/><G34/><T76/><D125/><U49/><E129/><V43/><F73/><W22/><G117/><T108/><D108/><U35/><E42/><V5/><F38/><W26/><G112/><N who="1" m="43114" /><E49/><V10/><REACH who="2" step="1"/><F5/><REACH who="2" ten="196,278,247,269" step="2"/><W11/><G68/><T63/><D131/><U58/><E106/><V81/><F81/><W133/><G128/><T50/><D32/><AGARI ba="0,1" hai="2,7,10,15,19,20,27,28,32,41,43,94,98,101" machi="32" ten="30,8000,1" yaku="1,1,7,1,24,2,53,1" doraHai="85" doraHaiUra="17" who="2" fromWho="0" sc="196,-80,278,0,247,90,269,0" owari="116,-38.4,278,7.8,337,43.7,269,-13.1" /></mjloggm>