<mjloggm ver="2.3"><GO type="225" lobby="0"/><UN n0="%E4%BF%BA%E3%81%A8%E5%A6%96%E5%A4%A2" n1="%E9%BB%99%E8%81%B4%E3%81%AE%E3%81%99%E3%82%9D%E3%82%81" n2="%72%61%67%61%2D%6D" n3="%E6%81%A5%E6%99%92%E3%81%97" dan="16,16,16,17" rate="2209.39,2143.75,2104.60,2207.03" sx="F,M,M,M"/><TAIKYOKU oya="0"/><INIT seed="0,0,0,4,0,85" ten="250,250,250,250" oya="0" hai0="76,133,6,87,127,131,18,128,13,86,125,32,16" hai1="24,130,91,2,27,20,28,92,135,97,46,119,54" hai2="79,30,22,41,72,21,12,53,84,122,52,64,23" hai3="1,11,3,115,35,58,59,43,105,57,95,17,63"/><T50/><D32/><U90/><E130/><N who="0" m="49705" /><D50/><N who="1" m="29015" /><E2/><V31/><F72/><W111/><G105/><T99/><D99/><U124/><E119/><V19/><F41/><W118/><G115/><T51/><D51/><U65/><E135/><V116/><F64/><W36/><G35/><T44/><D44/><U83/><E124/><N who="0" m="47689" /><D76/><U80/><E65/><V104/><F104/><W55/><G36/><T49/><D49/><U37/><E37/><V56/><F122/><W113/><G43/><T66/><D66/><U33/><E33/><V40/><F40/><W45/><G45/><T110/><D110/><U25/><E83/><N who="2" m="47231" /><F116/><W112/><G118/><T117/><D117/><U14/><E14/><V129/><F129/><W78/><G111/><T26/><D87/><AGARI ba="0,0" hai="20,24,25,27,28,80,87,90,91,92,97" m="29015" machi="87" ten="30,3900,0" yaku="8,1,52,2" doraHai="85" who="1" fromWho="0" sc="250,-39,250,39,250,0,250,0" /><INIT seed="1,0,0,3,4,104" ten="211,289,250,250" oya="1" hai0="83,72,52,49,56,42,115,1,73,81,46,19,10" hai1="120,99,45,91,97,43,102,134,90,66,22,100,4" hai2="27,121,59,101,103,107,62,29,13,35,122,37,124" hai3="6,95,14,20,70,5,125,48,79,89,75,77,23"/><U135/><E66/><V0/><F0/><W21/><G70/><T30/><D115/><U117/><E4/><V113/><F37/><W98/><G125/><T38/><D30/><U128/><E22/><V82/><F124/><W2/><G2/><T108/><D108/><U34/><E34/><V93/><F107/><W51/><G75/><T123/><D123/><U68/><E68/><V12/><F113/><W18/><G6/><T36/><D36/><U60/><E60/><V69/><F69/><W64/><G64/><T86/><D81/><U44/><E43/><V61/><F82/><W92/><G5/><T84/><D84/><U80/><E80/><V110/><F110/><W109/><G109/><T15/><D1/><U33/><E33/><V112/><F112/><W63/><G63/><T26/><D26/><U32/><E32/><V31/><F35/><W132/><G132/><N who="1" m="50730" /><E120/><V105/><F105/><W85/><G21/><T119/><D119/><U16/><E16/><V39/><F39/><W74/><G20/><T40/><D40/><U130/><E45/><V71/><F71/><W25/><G25/><T65/><D65/><U88/><E44/><V118/><F118/><W111/><G111/><T50/><D38/><U126/><E117/><V9/><F27/><W133/><G74/><T47/><D56/><U41/><E41/><V57/><F93/><W94/><G94/><T67/><D67/><U17/><E17/><V78/><F9/><W106/><G133/><T76/><AGARI ba="0,0" hai="10,15,19,42,46,47,49,50,52,72,73,76,83,86" machi="76" ten="20,8000,1" yaku="0,1,7,1,52,2,54,1" doraHai="104" who="0" fromWho="0" sc="211,80,289,-40,250,-20,250,-20" /><INIT seed="2,0,0,1,3,122" ten="291,249,230,230" oya="2" hai0="8,100,81,59,77,88,28,125,26,94,44,1,55" hai1="23,80,120,93,75,48,134,29,87,72,33,39,21" hai2="91,20,31,52,79,50,36,61,2,127,53,103,74" hai3="121,32,102,101,45,82,107,14,97,71,3,66,12"/><V76/><F2/><W85/><G121/><T68/><D68/><U110/><E39/><V83/><F36/><W92/><G3/><T51/><D125/><U16/><E120/><V54/><F127/><W118/><G118/><T47/><D100/><U6/><E134/><V133/><F133/><W9/><G32/><T130/><D130/><U105/><E105/><V41/><F103/><W38/><G38/><T7/><D81/><U115/><E33/><V117/><F117/><W108/><G108/><T119/><D77/><N who="2" m="29770" /><F61/><W123/><G123/><T126/><D126/><U15/><E115/><V90/><F74/><W11/><G107/><T96/><REACH who="0" step="1"/><D119/><REACH who="0" ten="281,249,230,230" step="2"/><U98/><E80/><V73/><F83/><W86/><G102/><T27/><D27/><U99/><E75/><V111/><F73/><W4/><G82/><T132/><D132/><U129/><E72/><V13/><F111/><W0/><G71/><T63/><D63/><U40/><E110/><V89/><F13/><W128/><G128/><T69/><D69/><U35/><E129/><V37/><F37/><W49/><G0/><T24/><D24/><U131/><E131/><V64/><F64/><W113/><G66/><T43/><D43/><U57/><E40/><V34/><F41/><N who="3" m="24751" /><G113/><T84/><D84/><U56/><E87/><V109/><F109/><W124/><G124/><T18/><D18/><AGARI ba="0,1" hai="4,9,11,12,14,18,85,86,92,97,101" m="24751" machi="18" ten="30,1000,0" yaku="8,1" doraHai="122" who="3" fromWho="0" sc="281,-10,249,0,230,0,230,20" /><INIT seed="3,0,0,1,3,99" ten="271,249,230,250" oya="3" hai0="46,31,30,54,85,71,126,118,34,62,135,97,87" hai1="25,130,45,65,55,100,26,80,28,74,104,40,128" hai2="93,95,124,107,12,79,96,110,68,78,37,48,32" hai3="50,129,47,69,123,94,119,86,8,121,18,91,6"/><W3/><G119/><T4/><D118/><U114/><E114/><V44/><F37/><W52/><G129/><N who="1" m="49770" /><E65/><V42/><F32/><W9/><REACH who="3" step="1"/><G69/><REACH who="3" ten="271,249,230,240" step="2"/><T21/><D71/><U134/><E134/><V98/><F68/><W33/><G33/><T133/><D34/><U117/><E117/><V63/><F124/><W35/><G35/><T83/><D126/><U29/><E29/><V59/><F110/><W27/><G27/><T22/><D31/><U19/><E28/><V24/><F24/><W77/><G77/><T10/><D30/><U106/><E26/><V111/><F111/><W76/><G76/><T127/><D127/><U7/><E25/><V116/><F116/><W2/><G2/><T81/><D135/><U72/><E19/><V122/><F122/><W82/><G82/><T1/><D133/><U103/><E7/><V132/><F132/><W20/><G20/><T102/><D22/><U112/><E112/><V13/><F79/><W36/><G36/><T109/><D109/><U88/><E80/><V89/><F78/><W67/><G67/><T120/><D21/><U58/><E74/><V60/><F107/><W16/><G16/><T73/><D73/><U39/><E72/><V14/><REACH who="2" step="1"/><F59/><REACH who="2" ten="271,249,220,240" step="2"/><W92/><G92/><T113/><D120/><U11/><E106/><V41/><F41/><W84/><G84/><T23/><D113/><U0/><E104/><V61/><F61/><W125/><G125/><T105/><D85/><U43/><E43/><V15/><N who="2" m="3072" /><DORA hai="64" /><V75/><F75/><W38/><G38/><T66/><D87/><U49/><E39/><RYUUKYOKU ba="0,2" sc="271,-15,249,-15,220,15,240,15" hai2="42,44,48,60,63,89,93,95,96,98" hai3="3,6,8,9,18,47,50,52,86,91,94,121,123" /><INIT seed="3,1,2,5,3,13" ten="256,234,235,255" oya="3" hai0="45,8,132,88,3,58,55,73,49,35,126,43,99" hai1="107,127,42,108,116,20,91,22,6,28,51,53,36" hai2="50,83,82,4,12,39,78,103,0,69,65,16,44" hai3="47,68,31,63,110,56,86,130,52,109,134,125,114"/><W120/><G114/><T60/><D73/><U38/><E107/><V121/><F121/><W124/><G120/><T77/><D35/><U18/><E6/><V34/><F34/><W94/><G130/><T70/><D77/><U14/><E42/><V2/><F39/><W62/><G134/><T100/><D132/><U40/><E40/><V76/><F103/><W129/><G129/><T74/><D74/><U71/><E71/><V57/><F69/><W131/><G131/><T48/><D126/><N who="3" m="48745" /><G31/><T117/><D117/><U118/><E108/><N who="3" m="41578" /><G47/><T87/><D70/><U112/><E112/><V79/><F4/><W19/><G19/><T21/><D45/><U25/><E127/><V122/><F122/><W32/><G32/><T64/><D43/><U80/><E80/><V15/><F83/><W93/><G86/><T84/><D87/><U81/><E81/><V67/><F82/><W46/><G46/><T37/><D84/><U17/><E17/><V102/><F44/><W61/><G68/><T104/><D37/><U113/><E113/><V72/><F72/><W106/><G106/><T7/><D104/><U111/><E111/><V26/><F79/><W30/><G30/><T29/><D29/><U66/><E118/><V10/><F78/><W41/><G41/><T133/><D133/><U85/><E116/><V90/><F76/><W98/><G98/><T123/><D123/><U75/><E75/><V96/><F96/><W1/><G1/><T97/><D3/><U54/><E38/><V59/><F0/><W5/><G5/><T128/><D128/><U9/><E36/><RYUUKYOKU ba="1,2" sc="256,-10,234,-10,235,-10,255,30" hai3="52,56,61,62,63,93,94" /><INIT seed="3,2,2,2,3,108" ten="246,224,225,285" oya="3" hai0="4,44,81,77,118,78,54,21,90,110,60,30,120" hai1="39,87,22,0,82,65,128,95,64,93,112,72,8" hai2="107,116,40,49,109,45,76,28,10,132,86,33,122" hai3="89,85,32,47,42,9,57,114,17,73,31,63,100"/><W129/><G114/><T50/><D118/><U41/><E112/><V37/><F116/><W104/><G73/><T135/><D120/><U53/><E128/><V12/><F107/><W62/><G129/><T113/><D113/><U88/><E39/><V23/><F33/><W103/><G31/><T51/><D135/><U99/><E41/><V58/><F109/><W84/><G84/><N who="0" m="50447" /><D110/><U6/><E72/><V134/><F122/><W94/><G32/><T52/><D4/><U124/><E124/><V119/><F37/><W25/><G63/><T96/><D96/><U29/><E95/><V106/><F106/><W121/><G104/><T67/><D67/><U36/><E36/><V2/><F2/><W105/><G105/><T55/><D60/><U83/><E83/><N who="2" m="47463" /><F58/><W111/><G121/><T3/><D3/><U11/><E53/><N who="0" m="20585" /><D50/><U34/><E34/><V15/><F119/><W101/><G111/><T5/><D5/><U117/><E117/><V38/><F38/><W127/><G127/><T20/><D20/><U66/><E0/><V79/><F79/><W91/><G57/><T69/><D69/><U7/><E7/><N who="2" m="3167" /><F15/><N who="3" m="7407" /><G62/><T19/><D30/><U13/><E6/><V92/><F92/><N who="3" m="54319" /><G42/><T18/><D18/><N who="1" m="10575" /><E29/><V59/><F59/><W133/><G133/><N who="2" m="51305" /><F28/><W98/><G47/><T56/><D44/><U130/><E130/><V131/><F131/><W102/><G102/><AGARI ba="2,2" hai="8,11,64,65,66,82,87,88,93,99,102" m="10575" machi="102" ten="30,2000,0" yaku="8,1,54,1" doraHai="108" who="1" fromWho="3" sc="246,0,224,46,225,0,285,-26" /><INIT seed="4,0,0,3,4,116" ten="246,270,225,259" oya="0" hai0="90,39,4,10,16,5,119,130,51,133,102,104,34" hai1="112,62,103,40,37,73,23,19,91,25,113,109,107" hai2="54,115,26,22,92,2,114,9,60,134,18,27,120" hai3="88,47,44,20,41,85,13,0,83,31,126,38,110"/><T29/><D119/><U127/><E109/><V122/><F134/><W121/><G0/><T30/><D39/><U129/><E73/><V68/><F92/><W1/><G1/><T14/><D102/><U86/><E129/><V70/><F54/><W52/><G110/><T48/><D104/><U64/><E127/><V53/><F53/><W55/><G126/><T95/><D130/><U24/><E40/><V76/><F76/><W58/><G121/><N who="2" m="46697" /><F60/><W128/><G128/><T61/><D61/><U59/><E37/><V101/><F101/><W135/><G135/><T6/><D133/><U96/><REACH who="1" step="1"/><E25/><REACH who="1" ten="246,260,225,259" step="2"/><N who="2" m="14551" /><F70/><W50/><G38/><T8/><D34/><U124/><E124/><V82/><F68/><W123/><G41/><T65/><D65/><U15/><E15/><V32/><F26/><N who="3" m="16839" /><G123/><T57/><D14/><U11/><E11/><V105/><F105/><W45/><G13/><N who="0" m="7207" /><D10/><U78/><E78/><V118/><F118/><W79/><G79/><T43/><D43/><U35/><E35/><V12/><F2/><W7/><G7/><T72/><D72/><U108/><E108/><V131/><F131/><W117/><G117/><T84/><D4/><U46/><E46/><V66/><F66/><W111/><G111/><T75/><D75/><U106/><E106/><V69/><F69/><W132/><G132/><T74/><D74/><U42/><E42/><V100/><F32/><W125/><G125/><T97/><D5/><U93/><AGARI ba="0,1" hai="19,23,24,59,62,64,86,91,93,96,103,107,112,113" machi="93" ten="30,4000,0" yaku="1,1,0,1,53,1" doraHai="116" doraHaiUra="63" who="1" fromWho="1" sc="246,-20,260,50,225,-10,259,-10" owari="226,-17.4,310,41.0,215,-28.5,249,4.9" /></mjloggm>