<mjloggm ver="2.3"><GO type="225" lobby="0"/><UN n0="%E5%91%A8%E6%9D%B1" n1="%E7%B4%94%E6%BD%94%E3%83%94%E3%83%A9%E3%83%8B%E3%82%A2" n2="%70%6F%69%73%6F%6E%30%32" n3="%E3%83%96%E3%83%83%E3%83%91%E3%82%AA%E3%83%96%E3%83%81%E3%82%AD%E3%83%B3" dan="16,16,16,16" rate="2146.29,2132.42,2110.48,2165.60" sx="M,M,M,M"/><TAIKYOKU oya="0"/><INIT seed="0,0,0,1,4,101" ten="250,250,250,250" oya="0" hai0="20,43,42,51,116,99,2,17,133,44,31,131,1" hai1="114,84,95,130,48,53,124,103,121,47,22,110,56" hai2="71,19,38,58,7,34,35,98,117,97,9,129,67" hai3="123,75,80,15,120,41,0,109,57,23,64,115,119"/><T118/><D131/><U69/><E69/><V66/><F38/><W36/><G0/><T93/><D133/><U63/><E110/><V111/><F71/><W113/><G75/><T96/><D31/><U32/><E32/><V90/><F111/><W88/><G109/><T73/><D73/><U16/><E121/><N who="3" m="46666" /><G119/><T52/><D2/><U50/><E130/><V61/><F19/><N who="3" m="10751" /><G36/><T91/><D1/><U37/><E124/><V10/><F129/><W59/><G41/><T39/><D99/><U13/><E103/><V128/><F128/><W134/><G134/><T107/><D107/><U55/><E37/><V12/><F117/><W45/><G45/><T100/><D91/><N who="1" m="53735" /><E114/><N who="3" m="43530" /><G64/><T6/><D6/><U122/><E122/><V126/><F67/><W27/><G27/><T70/><D70/><U3/><E3/><V4/><F126/><W21/><G21/><T54/><D43/><U28/><E28/><V132/><F132/><W85/><AGARI ba="0,0" hai="57,59,80,85,88" m="43530,10751,46666" machi="85" ten="40,2700,0" yaku="13,1,54,1" doraHai="101" who="3" fromWho="3" sc="250,-13,250,-7,250,-7,250,27" /><INIT seed="1,0,0,2,2,51" ten="237,243,243,277" oya="1" hai0="0,57,118,61,106,134,35,117,97,90,27,13,128" hai1="54,28,83,26,108,62,121,88,84,7,36,100,114" hai2="22,95,77,42,46,111,132,120,94,43,29,76,49" hai3="41,23,20,71,64,78,115,89,72,127,30,63,91"/><U31/><E114/><V102/><F111/><W109/><G115/><T6/><D0/><U82/><E121/><V16/><F29/><N who="1" m="11337" /><E36/><V58/><F120/><W12/><G109/><T103/><D35/><U122/><E122/><V48/><F132/><W47/><G127/><T80/><D134/><U11/><E108/><V93/><F102/><W81/><G23/><T74/><D27/><U65/><E100/><V33/><F33/><W125/><G125/><T101/><D128/><U59/><E26/><V37/><F37/><W50/><REACH who="3" step="1"/><G30/><REACH who="3" ten="237,243,243,267" step="2"/><T85/><D117/><U17/><E83/><V75/><F75/><W105/><G105/><T70/><D118/><U98/><E98/><V18/><F18/><AGARI ba="0,1" hai="12,18,20,41,47,50,63,64,71,72,78,81,89,91" machi="18" ten="40,1300,0" yaku="1,1,53,0" doraHai="51" doraHaiUra="92" who="3" fromWho="2" sc="237,0,243,0,243,-13,267,23" /><INIT seed="2,0,0,0,4,9" ten="237,243,230,290" oya="2" hai0="28,41,29,76,58,27,39,89,32,126,13,75,7" hai1="56,53,51,128,135,26,80,96,5,10,92,72,121" hai2="0,122,17,11,107,90,98,42,103,109,131,100,124" hai3="35,33,62,134,68,15,106,54,47,63,125,66,61"/><V2/><F122/><W40/><G106/><T132/><D132/><U14/><E135/><V45/><F131/><W116/><G134/><T1/><D126/><U108/><E108/><V67/><F124/><W119/><G125/><T3/><D58/><U85/><E128/><V91/><F109/><W118/><G62/><T81/><D89/><U19/><E72/><V21/><F67/><W115/><G115/><T102/><D102/><N who="1" m="60679" /><E121/><V23/><F103/><W78/><G78/><T8/><REACH who="0" step="1"/><D29/><REACH who="0" ten="227,243,230,290" step="2"/><U25/><E5/><V55/><F91/><AGARI ba="0,1" hai="10,14,19,25,26,51,53,56,80,85,91" m="60679" machi="91" ten="30,2000,0" yaku="8,1,52,1" doraHai="9" who="1" fromWho="2" sc="227,0,243,30,230,-20,290,0" /><INIT seed="3,0,0,2,0,31" ten="227,273,210,290" oya="3" hai0="29,128,132,26,103,61,75,70,14,47,91,4,1" hai1="111,28,5,120,42,81,22,76,54,16,23,105,36" hai2="78,10,130,65,83,90,108,106,15,58,116,99,126" hai3="94,85,97,117,17,109,33,7,48,121,112,35,62"/><W123/><G112/><T24/><D75/><U98/><E120/><V41/><F116/><W50/><G117/><T21/><D128/><U6/><E111/><V84/><F130/><W53/><G7/><T77/><D132/><U74/><E28/><V9/><F108/><W118/><G118/><T2/><D77/><U34/><E22/><V60/><F41/><W88/><G109/><T129/><D129/><U80/><E80/><V87/><F126/><W93/><G35/><N who="0" m="20903" /><D47/><U59/><E34/><V101/><REACH who="2" step="1"/><F15/><REACH who="2" ten="227,273,200,290" step="2"/><W18/><G121/><T0/><D14/><U19/><E42/><V89/><F89/><N who="3" m="55503" /><G123/><T79/><D91/><U73/><E36/><V37/><F37/><W55/><G33/><T68/><D2/><U135/><E135/><V107/><F107/><W25/><G25/><T114/><D26/><U72/><E105/><V125/><F125/><W44/><G62/><T3/><D61/><U13/><E13/><V96/><F96/><W110/><G110/><T119/><D119/><U46/><E98/><V115/><F115/><W82/><G82/><AGARI ba="0,1" hai="9,10,58,60,65,78,82,83,84,87,90,99,101,106" machi="82" ten="30,3900,0" yaku="1,1,7,1,53,1" doraHai="31" doraHaiUra="57" who="2" fromWho="3" sc="227,0,273,0,200,49,290,-39" /><INIT seed="4,0,0,1,0,85" ten="227,273,249,251" oya="0" hai0="66,13,90,31,63,9,130,39,62,110,36,74,26" hai1="14,68,4,0,104,125,43,71,111,22,107,121,106" hai2="3,50,109,18,82,113,17,95,93,81,64,101,27" hai3="8,6,34,133,29,61,12,48,128,32,25,103,33"/><T105/><D110/><U38/><E111/><V54/><F109/><W79/><G128/><T23/><D130/><U78/><E121/><V51/><F3/><W30/><G133/><T28/><D105/><U115/><E125/><V129/><F64/><W76/><G103/><T5/><D74/><U37/><E14/><V120/><F129/><W114/><G114/><T102/><D102/><U73/><E22/><V112/><F101/><W1/><G48/><T35/><D31/><N who="3" m="11785" /><G61/><T132/><D132/><U94/><E94/><V99/><F99/><W123/><G79/><T11/><D11/><N who="1" m="2439" /><E115/><N who="2" m="44107" /><F120/><W57/><G57/><T118/><D118/><U16/><E16/><N who="2" m="6251" /><F27/><W117/><G123/><T88/><D23/><U124/><E124/><V84/><F51/><W108/><G117/><T80/><D63/><U77/><E77/><N who="2" m="46127" /><F82/><W15/><G76/><T44/><D80/><N who="1" m="45135" /><E37/><V41/><F41/><W70/><G108/><T135/><D135/><U126/><E126/><V116/><F116/><W86/><G86/><T65/><D65/><U49/><E49/><V97/><F97/><W42/><G42/><T19/><D19/><U134/><E134/><V2/><F2/><W96/><G96/><T46/><D39/><U83/><E83/><V100/><F100/><W47/><G1/><T59/><REACH who="0" step="1"/><D36/><REACH who="0" ten="217,273,249,251" step="2"/><U60/><E60/><V20/><F20/><W92/><G8/><T127/><D127/><U87/><E38/><V45/><AGARI ba="0,1" hai="45,50,54,93,95" m="46127,6251,44107" machi="45" ten="30,2000,0" yaku="15,1,54,1" doraHai="85" who="2" fromWho="2" sc="217,-10,273,-5,249,30,251,-5" /><INIT seed="5,0,0,3,3,87" ten="207,268,279,246" oya="1" hai0="54,36,110,11,60,19,97,122,1,128,61,79,68" hai1="15,62,91,124,84,111,14,121,26,72,109,57,43" hai2="126,113,112,3,31,38,106,25,130,116,40,78,85" hai3="117,55,105,107,45,69,98,44,95,56,120,5,65"/><U127/><E72/><V2/><F116/><W32/><G120/><T27/><D110/><N who="1" m="41995" /><E43/><V73/><F106/><W63/><G32/><T114/><D122/><U46/><E46/><N who="2" m="23831" /><F130/><W71/><G117/><T99/><D128/><U135/><E26/><V82/><F85/><W119/><G119/><T70/><D36/><U51/><E51/><V92/><F92/><W59/><G5/><T29/><D79/><U64/><E135/><V66/><F66/><W104/><G69/><T81/><D70/><U30/><E30/><V101/><F101/><W123/><G123/><T48/><D68/><U103/><E103/><V90/><F90/><W34/><G34/><T23/><D1/><U24/><E24/><V33/><F126/><N who="1" m="48169" /><E121/><V131/><F131/><W133/><G133/><T28/><D28/><U86/><E86/><V12/><F12/><W9/><G71/><T67/><D29/><U132/><E132/><V6/><F6/><W39/><G39/><T18/><D27/><U49/><E49/><V74/><F74/><W125/><G125/><T118/><D118/><U0/><E0/><AGARI ba="0,0" hai="0,2,3,25,31,33,73,78,82,112,113" m="23831" machi="0" ten="30,1000,0" yaku="23,1" doraHai="87" who="2" fromWho="1" sc="207,0,268,-10,279,10,246,0" /><INIT seed="6,0,0,1,4,47" ten="207,258,289,246" oya="2" hai0="90,76,55,61,20,72,113,22,1,12,16,134,123" hai1="116,19,131,92,91,114,133,43,39,80,124,135,59" hai2="51,122,93,71,41,132,32,14,106,56,103,120,84" hai3="28,64,115,18,27,95,81,44,50,88,89,87,68"/><V111/><F71/><W0/><G0/><T125/><D113/><U30/><E114/><V21/><F32/><W109/><G115/><T73/><D125/><U77/><E124/><V74/><F74/><W54/><G109/><T34/><D134/><N who="1" m="51211" /><E116/><V24/><F106/><W101/><G68/><T121/><D34/><U82/><E30/><V107/><F107/><W127/><G127/><T37/><D1/><U102/><E102/><V100/><F111/><W79/><G18/><T69/><D37/><U99/><E39/><V65/><F122/><W104/><G64/><T86/><D76/><U45/><E131/><V98/><F14/><W112/><G104/><T17/><D123/><U96/><E96/><V117/><F117/><W11/><G11/><T9/><D121/><U75/><E80/><V110/><F110/><W49/><G112/><T33/><D33/><U62/><E19/><V128/><F128/><W15/><G15/><T5/><D17/><U118/><E118/><V40/><F103/><W94/><G50/><T108/><D108/><U52/><E43/><V119/><F119/><W42/><G42/><T130/><D130/><U3/><E3/><V26/><F120/><W58/><G44/><AGARI ba="0,0" hai="44,45,52,59,62,75,77,82,91,92,99" m="51211" machi="44" ten="30,2000,0" yaku="20,1,54,1" doraHai="47" who="1" fromWho="3" sc="207,0,258,20,289,0,246,-20" /><INIT seed="7,0,0,4,4,107" ten="207,278,289,226" oya="3" hai0="90,135,29,127,94,116,124,96,105,8,117,74,56" hai1="132,3,48,45,39,55,19,46,92,37,40,66,6" hai2="57,9,44,91,77,121,42,84,111,68,5,58,129" hai3="47,16,98,123,2,128,67,10,71,106,88,65,86"/><W41/><G123/><T80/><D29/><U20/><E132/><V22/><F111/><W114/><G128/><T64/><D8/><U100/><E66/><V28/><F68/><W1/><G114/><T18/><D18/><U33/><E33/><V72/><F72/><W82/><G106/><T26/><D26/><U23/><E23/><V73/><F73/><W75/><G98/><T93/><D135/><U53/><E100/><V50/><F77/><N who="3" m="44351" /><G2/><T113/><D105/><U78/><E78/><V125/><F125/><N who="0" m="48202" /><D113/><U0/><E92/><N who="2" m="54375" /><F129/><W134/><G16/><T104/><D104/><U76/><E76/><V63/><F121/><W52/><G134/><T110/><D110/><U38/><E53/><V112/><F63/><W97/><G10/><T17/><D17/><U83/><E83/><V27/><F112/><W108/><G108/><T131/><D131/><U101/><E101/><V51/><F51/><W70/><G1/><T59/><D94/><U126/><E126/><V102/><F102/><W49/><G97/><T25/><D25/><U89/><E89/><V4/><F4/><W115/><G115/><T24/><D24/><U15/><E0/><V81/><F81/><N who="3" m="49231" /><G71/><T109/><D109/><U133/><E133/><V14/><AGARI ba="0,0" hai="5,9,14,22,27,28,42,44,50,57,58" m="54375" machi="14" ten="30,1100,0" yaku="8,1" doraHai="107" who="2" fromWho="2" sc="207,-3,278,-3,289,11,226,-5" owari="204,-29.6,275,7.5,300,40.0,221,-17.9" /></mjloggm>