<mjloggm ver="2.3"><GO type="225" lobby="0"/><UN n0="%E4%BF%BA%E3%81%A8%E5%A6%96%E5%A4%A2" n1="%E4%B8%AD%E5%B9%B4%E3%81%AE%E5%8D%B1%E6%A9%9F" n2="%E5%A4%8F%E9%88%B4%E9%88%B4%E5%A4%8F" n3="%E3%81%AF%E3%82%88%E3%81%8A%E3%81%98%E3%81%95%E3%82%93" dan="16,16,16,17" rate="2171.46,2117.73,2159.08,2139.70" sx="F,M,F,M"/><TAIKYOKU oya="0"/><INIT seed="0,0,0,0,2,0" ten="250,250,250,250" oya="0" hai0="13,113,47,123,16,129,5,92,83,8,101,119,57" hai1="40,43,64,97,85,66,27,121,105,58,133,93,116" hai2="88,52,79,69,126,63,89,111,6,35,21,77,26" hai3="86,24,50,37,73,131,1,127,100,80,36,91,19"/><T125/><D113/><U124/><E116/><V9/><F111/><W4/><G127/><T23/><D119/><U29/><E121/><V30/><F126/><W118/><G118/><T132/><D125/><U31/><E124/><V59/><F69/><W15/><G131/><T51/><D123/><U112/><E112/><V84/><F35/><W110/><G110/><T94/><D129/><U18/><E105/><V3/><REACH who="2" step="1"/><F88/><REACH who="2" ten="250,250,240,250" step="2"/><W55/><G91/><T82/><D132/><U87/><E133/><V20/><F20/><W120/><G120/><T115/><D115/><U28/><E97/><V49/><F49/><W33/><G50/><T54/><D83/><AGARI ba="0,1" hai="3,6,9,21,26,30,52,59,63,77,79,83,84,89" machi="83" ten="30,7700,0" yaku="1,1,7,1,52,1,54,1,53,0" doraHai="0" doraHaiUra="107" who="2" fromWho="0" sc="250,-77,250,0,240,87,250,0" /><INIT seed="1,0,0,5,0,22" ten="173,250,327,250" oya="1" hai0="89,62,115,64,124,6,109,2,41,25,122,51,103" hai1="99,88,87,18,108,8,10,43,93,5,4,79,81" hai2="130,29,52,126,7,134,21,78,58,12,119,26,131" hai3="20,34,85,98,80,125,0,63,19,104,77,42,14"/><U44/><E108/><V118/><F78/><W53/><G125/><T72/><D115/><U97/><E97/><V67/><F67/><W46/><G34/><T102/><D72/><U27/><E10/><N who="2" m="4191" /><F126/><W117/><G0/><T116/><D116/><U123/><E123/><V24/><F134/><W47/><G117/><N who="2" m="44553" /><F52/><W39/><G104/><T16/><D124/><U69/><E69/><V84/><F84/><W31/><G31/><T128/><D109/><U38/><REACH who="1" step="1"/><E27/><REACH who="1" ten="173,240,327,250" step="2"/><N who="2" m="16623" /><F58/><W121/><G121/><T35/><D122/><U112/><E112/><V135/><F135/><W61/><G98/><T17/><D103/><U75/><E75/><V94/><F94/><W74/><G74/><T55/><D102/><U127/><E127/><V71/><F71/><W65/><G65/><T33/><D64/><U86/><E86/><V106/><F106/><W73/><G73/><T90/><D90/><U132/><E132/><V1/><F1/><W110/><G110/><T114/><D89/><U54/><E54/><V111/><F111/><W9/><G9/><T40/><D114/><U57/><E57/><V92/><F92/><W23/><G53/><T96/><D96/><U113/><E113/><V91/><F91/><W48/><G85/><T45/><D55/><U120/><E120/><V59/><F59/><W56/><G56/><T129/><D2/><U101/><E101/><V95/><F95/><W11/><G63/><T36/><D41/><U82/><E82/><V28/><F24/><W30/><G61/><T83/><D25/><U49/><E49/><V76/><F76/><W32/><G77/><RYUUKYOKU ba="0,1" sc="173,-15,240,15,327,15,250,-15" hai1="4,5,8,18,38,43,44,79,81,87,88,93,99" hai2="26,28,130,131" /><INIT seed="1,1,1,0,4,8" ten="158,255,342,235" oya="1" hai0="133,97,114,79,7,17,57,77,46,119,83,52,104" hai1="116,9,34,1,100,48,101,35,91,27,125,99,120" hai2="4,121,112,59,71,122,109,124,128,5,80,19,41" hai3="18,10,135,76,95,68,66,87,98,82,94,70,53"/><U110/><E116/><V39/><F109/><W31/><G135/><T55/><D114/><U92/><E120/><V28/><F71/><W113/><G113/><T86/><D133/><U36/><E36/><V103/><F103/><W49/><G31/><T129/><D119/><U130/><E110/><V6/><F112/><W88/><G66/><T78/><D129/><U131/><E125/><V45/><F124/><W96/><G10/><T84/><D7/><U75/><E75/><V105/><F105/><W58/><REACH who="3" step="1"/><G18/><REACH who="3" ten="158,255,342,225" step="2"/><T127/><D127/><U32/><E131/><V3/><F28/><W63/><G63/><T132/><D132/><U33/><E130/><V38/><F19/><W117/><G117/><T118/><D118/><U134/><E134/><V54/><F128/><W16/><G16/><T22/><D17/><U56/><E1/><V51/><F3/><W69/><G69/><T81/><D22/><U72/><E34/><V44/><F122/><W42/><G42/><T65/><D65/><U60/><E33/><V62/><F121/><W2/><G2/><T11/><D11/><U90/><E32/><V20/><F41/><W12/><G12/><T21/><D21/><U40/><E35/><V23/><F20/><W111/><G111/><T30/><D30/><U13/><E9/><V37/><F23/><W25/><G25/><T15/><D15/><U61/><E27/><V74/><F62/><W0/><G0/><T89/><D55/><U43/><E13/><V126/><F126/><W102/><AGARI ba="1,2" hai="49,53,58,68,70,76,82,87,88,94,95,96,98,102" machi="102" ten="20,12000,2" yaku="1,1,0,1,7,1,54,1,53,2" doraHai="8" doraHaiUra="64" who="3" fromWho="3" sc="158,-31,255,-61,342,-31,225,143" /><INIT seed="2,0,0,3,0,109" ten="127,194,311,368" oya="2" hai0="123,47,99,60,88,50,83,54,63,67,90,7,133" hai1="41,116,115,1,66,93,100,134,92,128,27,68,119" hai2="125,108,26,77,44,36,24,94,112,17,39,89,57" hai3="22,98,53,51,75,18,135,34,49,102,71,127,56"/><V104/><F112/><W35/><G71/><T103/><D123/><U113/><E1/><V111/><F104/><W126/><G75/><T79/><D133/><U122/><E27/><N who="2" m="10283" /><F77/><W42/><G135/><T124/><D124/><N who="3" m="47657" /><G22/><T6/><D6/><U74/><E134/><V87/><F125/><W33/><G18/><T129/><D7/><U91/><E41/><V8/><F44/><N who="3" m="25751" /><G33/><T46/><D46/><U130/><E66/><V2/><F57/><W82/><G82/><T29/><D29/><U28/><E28/><V37/><F2/><W43/><G43/><T132/><D129/><N who="1" m="49771" /><E68/><V107/><F107/><AGARI ba="0,0" hai="34,35,51,53,56,98,102,107" m="25751,47657" machi="107" ten="30,1000,0" yaku="18,1" doraHai="109" who="3" fromWho="2" sc="127,0,194,0,311,-10,368,10" /><INIT seed="3,0,0,4,3,67" ten="127,194,301,378" oya="3" hai0="122,129,127,10,92,94,32,12,18,13,119,15,57" hai1="61,27,20,1,19,113,78,108,62,120,56,123,106" hai2="132,7,124,50,125,63,70,24,115,79,17,68,8" hai3="77,104,112,42,22,14,105,99,31,51,131,109,85"/><W97/><G112/><T4/><D122/><U30/><E113/><V133/><F79/><W111/><G131/><T89/><D119/><U96/><E1/><N who="2" m="111" /><F63/><W86/><G42/><T28/><D129/><U73/><E108/><N who="3" m="41546" /><G51/><T91/><D127/><N who="2" m="48714" /><F115/><W23/><G31/><T2/><D92/><U110/><E62/><V72/><F72/><W65/><G65/><T45/><D45/><U88/><E110/><V3/><F3/><W130/><G130/><T34/><D34/><U76/><E73/><V49/><F17/><N who="3" m="10551" /><G23/><T60/><D28/><U135/><E123/><V118/><F24/><W6/><G6/><T84/><D32/><U107/><E120/><V47/><F49/><W40/><G40/><T16/><REACH who="0" step="1"/><D89/><REACH who="0" ten="117,194,301,378" step="2"/><U80/><E88/><V11/><F118/><W55/><G105/><T25/><D25/><U134/><E106/><V5/><F47/><W44/><G104/><T58/><D58/><U59/><E59/><V102/><F102/><W29/><G29/><T0/><D0/><U114/><E114/><V37/><F37/><W21/><G44/><T54/><AGARI ba="0,1" hai="2,4,10,12,13,15,16,18,54,57,60,84,91,94" machi="54" ten="30,4000,0" yaku="1,1,0,1,54,1,53,0" doraHai="67" doraHaiUra="36" who="0" fromWho="0" sc="117,50,194,-10,301,-10,378,-20" owari="167,-33.3,184,-21.6,291,9.1,358,45.8" /></mjloggm>