<mjloggm ver="2.3"><GO type="225" lobby="0"/><UN n0="%E3%82%80%E3%83%BC%E3%82%93%E3%81%82%E3%81%84%E3%81%9A" n1="%E3%83%B4%E3%83%A0%EF%BC%99%E3%81%A6" n2="%E5%B6%BA%E4%B8%8A%E5%92%B2" n3="%E3%81%BF%E3%81%BF%E3%81%9A" dan="16,16,16,18" rate="2108.02,2177.91,2097.99,2260.78" sx="M,M,F,M"/><TAIKYOKU oya="0"/><INIT seed="0,0,0,1,4,86" ten="250,250,250,250" oya="0" hai0="37,67,120,40,125,24,22,6,16,18,47,107,9" hai1="100,132,29,48,104,55,2,128,93,12,63,70,57" hai2="85,28,50,23,113,26,8,82,43,96,65,124,56" hai3="20,81,1,80,27,38,51,121,73,59,60,117,58"/><T53/><D120/><U110/><E2/><V118/><F113/><W0/><G117/><T71/><D125/><U119/><E119/><V39/><F124/><W99/><G38/><T49/><D107/><U76/><E104/><V108/><F108/><W31/><G121/><T25/><D67/><U78/><E110/><V134/><F39/><W123/><G123/><T84/><D71/><U111/><E111/><V14/><F134/><W4/><G73/><T94/><D25/><U34/><E128/><V126/><F126/><W15/><G0/><T122/><D122/><U64/><E34/><V105/><F118/><W115/><G1/><T11/><D18/><U88/><E100/><V44/><F105/><W32/><G115/><T87/><D94/><U35/><E132/><V116/><F96/><W33/><G33/><T131/><D131/><U83/><E83/><V30/><F116/><W98/><G32/><T135/><D135/><U112/><E12/><V106/><F106/><W69/><G69/><T74/><D74/><U109/><E109/><V91/><F28/><W10/><G81/><T21/><D21/><U129/><E129/><V45/><F45/><W95/><G80/><T101/><D101/><U62/><E62/><V133/><F133/><W66/><G95/><T89/><D6/><U17/><E17/><N who="2" m="8391" /><F65/><W36/><G36/><T41/><D37/><U19/><E19/><V54/><F43/><N who="0" m="16458" /><D84/><N who="1" m="52359" /><E112/><V77/><F56/><W75/><G75/><T42/><N who="0" m="16466" /><T7/><DORA hai="72" /><D7/><U103/><E103/><V3/><F3/><W102/><G102/><T68/><D68/><RYUUKYOKU ba="0,0" sc="250,0,250,0,250,0,250,0" hai0="9,11,16,22,24,47,49,53,87,89" hai1="29,35,48,55,57,63,64,70,76,78" hai2="23,26,30,44,50,54,77,82,85,91" hai3="4,10,15,20,27,31,51,58,59,60,66,98,99" /><INIT seed="0,1,0,5,2,97" ten="250,250,250,250" oya="0" hai0="66,17,79,123,120,6,96,24,109,84,128,58,10" hai1="45,92,107,133,41,134,4,8,67,88,80,98,63" hai2="72,68,33,78,48,104,55,106,34,115,15,70,0" hai3="75,2,56,20,39,83,44,99,71,110,11,111,13"/><T14/><D128/><U61/><E107/><N who="2" m="41003" /><F55/><W35/><G35/><N who="2" m="13321" /><F48/><W73/><G71/><N who="2" m="27177" /><F15/><W57/><G2/><T114/><D114/><U53/><E53/><V101/><F115/><W46/><G20/><T125/><D125/><U91/><E67/><V102/><F0/><W124/><G99/><T85/><D109/><N who="3" m="41481" /><G124/><T113/><D113/><U36/><E91/><V77/><F72/><N who="3" m="27723" /><G83/><T90/><D123/><U81/><E81/><V9/><F9/><W40/><G46/><T7/><D120/><U121/><E80/><V103/><AGARI ba="1,0" hai="77,78,101,102,103" m="27177,13321,41003" machi="103" ten="40,12000,2" yaku="28,2,26,2,52,3" doraHai="97" who="2" fromWho="2" sc="250,-61,250,-31,250,123,250,-31" /><INIT seed="1,0,0,4,0,100" ten="189,219,373,219" oya="1" hai0="109,104,41,76,72,70,98,99,39,128,69,32,22" hai1="63,103,23,94,61,42,6,35,105,0,107,10,90" hai2="97,24,55,29,121,78,60,57,89,81,77,108,91" hai3="40,59,34,19,44,14,47,50,122,18,106,58,112"/><U82/><E35/><V127/><F121/><W102/><G122/><T16/><D109/><U118/><E118/><V83/><F108/><W84/><G34/><T33/><D128/><U68/><E42/><V56/><F127/><W5/><G112/><T65/><D76/><N who="2" m="29290" /><F57/><W130/><G130/><T1/><D72/><U126/><E126/><V120/><F120/><W123/><G123/><T67/><D1/><U11/><E11/><V2/><F2/><W111/><G111/><T101/><D98/><U64/><E23/><N who="2" m="15519" /><F97/><W52/><G5/><T85/><D85/><U30/><E30/><V4/><F4/><W17/><G84/><T114/><D114/><U134/><E134/><V49/><F60/><W48/><REACH who="3" step="1"/><G14/><REACH who="3" ten="189,219,373,209" step="2"/><T45/><D33/><U26/><E0/><V66/><F66/><W75/><G75/><T73/><D32/><U131/><E64/><V129/><F129/><W20/><G20/><T53/><D73/><U110/><E6/><V12/><F12/><W36/><G36/><T62/><D53/><U93/><E110/><V113/><F113/><W38/><G38/><T27/><REACH who="0" step="1"/><D67/><REACH who="0" ten="179,219,373,209" step="2"/><U8/><E131/><V7/><F7/><W115/><G115/><T71/><AGARI ba="0,2" hai="16,22,27,39,41,45,62,65,69,70,71,99,101,104" machi="71" ten="20,12000,2" yaku="1,1,2,1,0,1,7,1,52,1,54,1,53,1" doraHai="100" doraHaiUra="92" who="0" fromWho="0" sc="179,140,219,-60,373,-30,209,-30" /><INIT seed="2,0,0,0,0,105" ten="319,159,343,179" oya="2" hai0="33,99,23,92,88,18,55,31,37,24,40,116,131" hai1="16,20,102,52,72,83,117,15,135,22,115,85,97" hai2="81,57,5,4,26,45,67,91,111,118,63,54,53" hai3="10,58,89,73,129,126,94,80,51,0,56,134,12"/><V2/><F118/><W68/><G68/><T123/><D116/><U75/><E117/><V133/><F133/><W11/><G134/><T108/><D108/><U66/><E115/><V8/><F111/><W82/><G126/><T74/><D123/><U59/><E66/><V79/><F91/><W101/><G129/><T104/><D131/><U109/><E109/><V86/><F5/><W35/><G35/><T124/><D124/><U14/><E135/><V76/><F26/><W32/><G32/><T125/><D125/><U78/><E20/><V47/><F79/><W19/><G101/><T112/><D104/><U29/><E29/><V25/><F25/><W106/><G106/><T50/><D112/><U120/><E14/><V49/><REACH who="2" step="1"/><F54/><REACH who="2" ten="319,159,333,179" step="2"/><W38/><G89/><T64/><D55/><U41/><E120/><V17/><F17/><W121/><G19/><T60/><D88/><U3/><E3/><V98/><F98/><W122/><G0/><T90/><D99/><U39/><E97/><V61/><F61/><W100/><G12/><T62/><D62/><U69/><E102/><V21/><F21/><W7/><G7/><T77/><D60/><U13/><E13/><V71/><AGARI ba="0,1" hai="2,4,8,45,47,49,53,57,63,67,71,76,81,86" machi="71" ten="20,12000,1" yaku="1,1,0,1,7,1,53,2" doraHai="105" doraHaiUra="43" who="2" fromWho="2" sc="319,-40,159,-40,333,130,179,-40" /><INIT seed="2,1,0,1,3,30" ten="279,119,463,139" oya="2" hai0="134,104,76,53,47,0,66,100,126,15,93,40,63" hai1="38,98,99,131,8,83,121,59,22,96,34,81,35" hai2="120,49,37,61,110,19,91,115,25,18,2,89,130" hai3="3,118,125,52,79,4,71,1,112,113,105,62,114"/><V69/><F115/><W14/><G118/><T5/><D0/><U17/><E8/><V108/><F37/><W31/><G125/><T129/><D104/><U75/><E38/><V57/><F120/><W36/><G36/><T133/><D129/><U20/><E131/><V27/><F2/><W43/><G43/><T107/><D107/><U48/><E121/><V88/><F130/><W39/><G39/><T58/><D66/><U119/><E119/><V65/><F49/><W11/><G105/><T26/><D76/><U87/><E75/><V29/><F69/><W101/><G101/><T73/><D73/><U55/><E81/><V9/><F27/><W94/><G94/><T85/><D26/><U70/><E70/><V95/><F95/><W68/><G68/><T109/><D109/><N who="2" m="42090" /><F9/><W16/><G71/><T74/><D126/><U72/><E72/><V128/><F128/><W106/><G106/><T103/><D93/><U33/><REACH who="1" step="1"/><E17/><REACH who="1" ten="279,109,463,139" step="2"/><V50/><F50/><W10/><G1/><T102/><D74/><U32/><N who="1" m="8192" /><DORA hai="135" /><U45/><E45/><V6/><F6/><W24/><G79/><AGARI ba="1,1" hai="20,22,48,55,59,79,83,87,96,98,99" m="8192" machi="79" ten="70,12000,2" yaku="1,1,52,4,53,1" doraHai="30,135" doraHaiUra="82,12" who="1" fromWho="3" sc="279,0,109,133,463,0,139,-123" /><INIT seed="3,0,0,0,2,59" ten="279,242,463,16" oya="3" hai0="110,76,18,102,116,60,0,39,50,119,79,49,41" hai1="27,74,95,113,63,126,43,12,5,134,3,47,64" hai2="52,15,25,91,114,81,68,36,35,37,69,22,6" hai3="32,111,10,70,61,97,9,101,44,132,19,66,38"/><W57/><G132/><T48/><D110/><U78/><E113/><V16/><F114/><W8/><G111/><T118/><D0/><U20/><E134/><V87/><F35/><W125/><G125/><T77/><D102/><U53/><E126/><V85/><F36/><W54/><G32/><T2/><D2/><U105/><E105/><V121/><F37/><W103/><G19/><T112/><D112/><U84/><E53/><V28/><F68/><W23/><G23/><T115/><D115/><U46/><E3/><V92/><F69/><W117/><G117/><T30/><D30/><U93/><E74/><V7/><F121/><W51/><REACH who="3" step="1"/><G97/><REACH who="3" ten="279,242,463,6" step="2"/><T86/><D18/><U123/><E20/><N who="2" m="15399" /><F52/><W89/><G89/><AGARI ba="0,1" hai="6,7,15,16,22,81,85,87,89,91,92" m="15399" machi="89" ten="30,2000,0" yaku="8,1,54,1" doraHai="59" who="2" fromWho="3" sc="279,0,242,0,463,30,6,-20" owari="279,7.9,242,-15.8,493,59.3,-14,-51.4" /></mjloggm>