<mjloggm ver="2.3"><GO type="225" lobby="0"/><UN n0="%E3%81%95%E3%81%8D%E3%81%9F%E3%81%BE%E6%9E%97%E6%AA%8E" n1="%E6%98%93%E5%88%A9%E8%96%A9%E4%BC%AF" n2="%E3%81%88%E3%81%8C%E3%82%8F%E3%82%8A%E3%81%8A" n3="%E9%B3%B3%E6%9D%B1%E3%81%AE%E3%81%86%E3%81%95%E3%81%8E%E3%81%95%E3%82%93" dan="16,16,16,17" rate="2108.86,2153.82,2085.59,2191.26" sx="M,F,M,M"/><TAIKYOKU oya="0"/><INIT seed="0,0,0,0,4,67" ten="250,250,250,250" oya="0" hai0="28,114,93,30,121,49,10,13,77,8,26,90,84" hai1="126,116,37,107,128,20,7,110,130,104,9,79,42" hai2="113,74,15,11,41,124,18,31,122,83,127,132,34" hai3="118,98,19,92,0,53,54,71,5,68,125,51,32"/><T88/><D114/><U97/><E116/><V64/><F41/><W33/><G118/><T135/><D121/><U48/><E37/><V1/><F64/><W101/><G125/><N who="2" m="48201" /><F74/><W62/><G19/><T91/><D135/><U12/><E110/><V56/><F56/><W82/><G82/><N who="0" m="47183" /><D26/><U105/><E79/><V43/><F83/><W21/><G21/><T60/><D60/><U111/><E111/><V22/><F43/><W72/><G72/><T89/><D49/><U44/><E126/><V63/><F63/><W95/><G95/><T81/><D81/><U133/><E133/><V29/><F132/><W23/><G23/><T50/><D50/><U65/><E20/><V70/><F70/><W46/><G54/><T76/><D76/><U27/><E27/><N who="2" m="16631" /><F122/><W6/><G62/><T134/><D134/><U55/><E65/><V129/><F113/><W80/><G80/><T86/><D10/><U45/><E45/><V59/><F59/><W115/><G115/><T73/><D73/><U58/><E58/><V24/><F1/><W66/><G0/><T87/><D87/><U2/><E2/><V96/><F96/><W85/><G85/><T36/><D36/><U16/><E42/><V52/><F52/><W38/><G38/><T109/><D109/><U78/><E97/><V25/><F25/><W14/><G66/><T39/><D39/><U119/><E78/><V94/><F94/><W102/><G92/><T131/><D131/><AGARI ba="0,0" hai="11,15,18,24,31,34,129,131" m="16631,48201" machi="131" ten="30,3900,0" yaku="18,1,34,2" doraHai="67" who="2" fromWho="0" sc="250,-39,250,0,250,39,250,0" /><INIT seed="1,0,0,4,0,117" ten="211,250,289,250" oya="1" hai0="3,130,46,63,71,61,105,134,54,94,91,77,82" hai1="57,37,124,5,76,131,128,108,49,66,0,39,125" hai2="80,35,43,132,20,74,120,97,2,13,101,106,64" hai3="111,11,16,72,56,110,22,70,88,103,18,99,21"/><U27/><E0/><V123/><F35/><W60/><G70/><T86/><D134/><U10/><E76/><V85/><F2/><W75/><G11/><T100/><D130/><N who="1" m="49707" /><E27/><V129/><F129/><W122/><G122/><T133/><D133/><U1/><E108/><N who="3" m="41514" /><G21/><T25/><D3/><U26/><E26/><V31/><F132/><W45/><G45/><T17/><D71/><U42/><E42/><V38/><F64/><N who="3" m="38919" /><G88/><T62/><D105/><U83/><E83/><V8/><F43/><W95/><G18/><T67/><D67/><U113/><E113/><V44/><F44/><W36/><G36/><N who="1" m="13898" /><E49/><V33/><F38/><W47/><G47/><T15/><D25/><AGARI ba="0,0" hai="16,22,25,72,75,95,99,103" m="38919,41514" machi="25" ten="30,2000,0" yaku="14,1,54,1" doraHai="117" who="3" fromWho="0" sc="211,-20,250,0,289,0,250,20" /><INIT seed="2,0,0,2,2,29" ten="191,250,289,270" oya="2" hai0="46,82,33,100,22,42,68,44,117,0,122,86,88" hai1="61,96,47,83,92,60,114,37,55,107,56,99,11" hai2="81,90,110,120,64,24,8,38,93,119,109,129,67" hai3="98,101,41,131,15,34,45,118,111,40,79,91,3"/><V126/><F119/><W78/><G3/><T14/><D122/><U80/><E114/><V58/><F120/><W36/><G118/><T94/><D117/><U32/><E32/><V97/><F38/><W18/><G111/><N who="2" m="42505" /><F129/><W30/><G131/><T127/><D127/><U125/><E125/><V23/><F126/><W113/><G41/><T134/><D134/><U48/><E37/><V76/><F8/><W5/><G5/><T121/><D121/><U105/><E61/><V21/><F58/><W7/><G91/><T104/><D104/><U70/><E70/><V62/><F62/><W66/><G7/><T63/><D33/><U57/><E57/><V59/><F59/><W132/><G66/><N who="2" m="25129" /><F24/><W31/><G132/><T9/><D68/><U115/><E11/><V73/><AGARI ba="0,0" hai="21,23,73,76,81,90,93,97" m="25129,42505" machi="73" ten="30,3000,0" yaku="14,1,10,1" doraHai="29" who="2" fromWho="2" sc="191,-10,250,-10,289,30,270,-10" /><INIT seed="2,1,0,2,3,9" ten="181,240,319,260" oya="2" hai0="31,13,105,88,117,129,83,84,123,25,76,14,112" hai1="19,55,56,34,4,45,17,28,67,63,68,118,82" hai2="135,127,70,89,86,125,59,72,0,100,29,108,92" hai3="53,119,110,41,111,50,109,93,90,32,33,62,22"/><V121/><F121/><W134/><G134/><T116/><D112/><U130/><E118/><N who="0" m="45673" /><D129/><U65/><E130/><V71/><F0/><W64/><G41/><T6/><D6/><U57/><E68/><V75/><F135/><W27/><G119/><T42/><D123/><U106/><E106/><V11/><F29/><N who="3" m="17655" /><G50/><T85/><D105/><U58/><E4/><V38/><F38/><W124/><G53/><T132/><D42/><U18/><E28/><V1/><F100/><W40/><G40/><T77/><D132/><U2/><E34/><V5/><F59/><N who="1" m="22601" /><E2/><V61/><F108/><W73/><G73/><N who="2" m="28233" /><F61/><W46/><G124/><AGARI ba="1,0" hai="1,5,11,70,71,86,89,92,124,125,127" m="28233" machi="124" ten="30,1500,0" yaku="18,1" doraHai="9" who="2" fromWho="3" sc="181,0,240,0,319,18,260,-18" /><INIT seed="2,2,0,1,1,91" ten="181,240,337,242" oya="2" hai0="46,105,64,78,44,42,53,80,120,90,13,129,75" hai1="15,36,56,133,109,119,102,98,25,81,67,128,130" hai2="94,74,82,84,54,134,76,132,66,16,117,23,116" hai3="65,33,124,39,96,126,24,17,93,106,107,95,118"/><V101/><F66/><W60/><G118/><T59/><D120/><U87/><E36/><V22/><F22/><N who="3" m="13391" /><G39/><T31/><D105/><N who="3" m="39945" /><G96/><T0/><D129/><U28/><E109/><V86/><F74/><W7/><G7/><T29/><D64/><U131/><E133/><N who="2" m="51307" /><F54/><W34/><G34/><T1/><D0/><U35/><E15/><N who="2" m="9631" /><F86/><W112/><G33/><T68/><D1/><U5/><E5/><V52/><F52/><W8/><G8/><T26/><D68/><U113/><E113/><V123/><F123/><W49/><G49/><T3/><D3/><U89/><E119/><V12/><F12/><W45/><G45/><T62/><D13/><U57/><E67/><V88/><F101/><W63/><G112/><T69/><D69/><U20/><E35/><V110/><F110/><W2/><G2/><T83/><D46/><U111/><E111/><V27/><F27/><W100/><G100/><T10/><D26/><U50/><E131/><V30/><F30/><W37/><G37/><T103/><D103/><U122/><E130/><V97/><AGARI ba="2,0" hai="76,82,84,88,94,97,116,117" m="9631,51307" machi="97" ten="30,11700,0" yaku="20,1,52,1,54,2" doraHai="91" who="2" fromWho="2" sc="181,-41,240,-41,337,123,242,-41" /><INIT seed="2,3,0,3,1,76" ten="140,199,460,201" oya="2" hai0="27,109,114,53,1,28,9,74,59,99,134,16,35" hai1="66,23,34,81,71,43,60,101,123,37,65,75,100" hai2="77,105,120,62,111,69,102,127,85,124,42,104,82" hai3="94,56,110,126,122,67,63,46,4,108,55,38,2"/><V10/><F120/><W89/><G122/><T103/><D109/><N who="3" m="42089" /><G126/><N who="2" m="48169" /><F111/><W15/><G2/><T21/><D114/><U107/><E23/><V98/><F42/><N who="3" m="22871" /><G4/><T87/><D134/><U5/><E66/><N who="2" m="41175" /><F10/><W92/><G15/><T116/><D74/><U14/><E101/><V52/><F52/><W3/><G3/><T121/><D121/><U90/><E100/><V7/><F7/><W49/><G89/><T86/><D116/><U125/><E90/><V95/><AGARI ba="3,0" hai="77,82,85,95,98,102,104,105" m="41175,48169" machi="95" ten="30,3000,0" yaku="18,1,52,1" doraHai="76" who="2" fromWho="2" sc="140,-13,199,-13,460,39,201,-13" /><INIT seed="2,4,0,0,0,118" ten="127,186,499,188" oya="2" hai0="121,122,84,74,79,101,108,123,29,73,107,23,41" hai1="72,47,112,39,4,40,7,30,135,20,96,99,51" hai2="117,75,86,42,37,28,89,110,61,67,68,21,18" hai3="33,9,95,10,35,65,88,31,129,54,113,69,90"/><V5/><F117/><W85/><G129/><T8/><D41/><U22/><E72/><N who="0" m="27753" /><D8/><U120/><E112/><V91/><F75/><W124/><G113/><T76/><D23/><U134/><E39/><V36/><F110/><W98/><G124/><T93/><D29/><U17/><E30/><V97/><F97/><N who="1" m="37449" /><E22/><V100/><F100/><W15/><G54/><T92/><D108/><U127/><E127/><V115/><F115/><W78/><G78/><N who="0" m="29739" /><D84/><U60/><E60/><V6/><F28/><W32/><G31/><T50/><D50/><U13/><E7/><V77/><F77/><W131/><G65/><T105/><D101/><U57/><E57/><V62/><F67/><W11/><G69/><T63/><D63/><U82/><E4/><V59/><F86/><W130/><REACH who="3" step="1"/><G15/><REACH who="3" ten="127,186,499,178" step="2"/><T126/><D126/><U1/><E13/><V81/><F68/><W64/><G64/><T27/><D27/><U3/><E3/><V26/><F26/><W55/><G55/><T71/><D71/><U83/><E1/><V114/><F114/><W132/><G132/><T16/><D16/><U70/><E135/><V133/><F18/><W87/><G87/><T111/><D111/><U66/><E134/><V44/><F133/><W25/><G25/><T2/><D2/><U128/><E66/><V48/><F42/><W104/><G104/><AGARI ba="4,1" hai="92,93,104,105,107,121,122,123" m="29739,27753" machi="104" ten="40,12000,2" yaku="28,2,34,2,52,3" doraHai="118" who="0" fromWho="3" sc="127,142,186,0,499,0,178,-132" /><INIT seed="3,0,0,1,5,114" ten="269,186,499,46" oya="3" hai0="105,3,79,84,57,90,63,70,14,23,45,24,128" hai1="4,9,59,21,108,122,46,22,6,1,64,49,113" hai2="75,55,125,101,104,117,53,118,13,36,97,50,127" hai3="123,27,94,72,19,126,32,92,130,65,76,5,66"/><W47/><G123/><T121/><D105/><U28/><E122/><V40/><F75/><W56/><G130/><T98/><D121/><U0/><E108/><V33/><F33/><W62/><G126/><N who="2" m="48137" /><F13/><W132/><G132/><T43/><D128/><U31/><E113/><V37/><F55/><W34/><G5/><N who="1" m="2154" /><E9/><V115/><F115/><W99/><G65/><T82/><D70/><U106/><E106/><V35/><F35/><W80/><G47/><T48/><D14/><U54/><E1/><V131/><F131/><W20/><REACH who="3" step="1"/><G92/><REACH who="3" ten="269,186,499,36" step="2"/><N who="0" m="56599" /><D3/><U120/><E0/><V134/><F134/><W111/><G111/><T91/><D45/><U42/><E120/><V83/><F104/><W11/><G11/><T116/><D82/><U44/><E64/><V109/><F83/><W61/><G61/><T110/><D63/><N who="1" m="36343" /><E46/><V60/><F60/><W10/><G10/><T16/><D110/><U93/><E93/><N who="2" m="58543" /><F109/><W112/><G112/><T7/><D7/><U96/><E96/><V67/><F67/><W86/><G86/><T88/><D84/><U29/><AGARI ba="0,1" hai="21,22,28,29,31,42,44,49" m="36343,2154" machi="29" ten="30,1100,0" yaku="8,1" doraHai="114" who="1" fromWho="1" sc="269,-3,186,21,499,-3,36,-5" owari="266,6.6,207,-19.3,496,59.6,31,-46.9" /></mjloggm>