<mjloggm ver="2.3"><GO type="225" lobby="0"/><UN n0="%72%69%6F%75%63%68%61%6E" n1="%E9%A6%AC%E5%BC%95%E7%81%AB%33" n2="%E3%83%96%E3%83%83%E3%83%91%E3%82%AA%E3%83%96%E3%83%81%E3%82%AD%E3%83%B3" n3="%E9%80%86%E9%80%A3%E5%B8%AF%E3%81%AE%E9%AC%BC" dan="16,16,17,16" rate="2110.12,2090.17,2207.33,2067.51" sx="M,M,M,M"/><TAIKYOKU oya="0"/><INIT seed="0,0,0,3,2,134" ten="250,250,250,250" oya="0" hai0="16,91,111,24,126,51,27,17,98,29,19,35,10" hai1="49,108,13,8,20,64,99,88,119,106,92,18,117" hai2="70,58,31,96,11,36,72,131,87,34,15,38,43" hai3="94,53,2,78,25,5,9,104,97,56,129,42,63"/><T128/><D126/><U46/><E108/><V135/><F72/><W65/><G129/><T12/><D128/><U39/><E39/><V14/><F131/><W69/><G104/><T48/><D111/><U81/><E106/><V75/><F135/><W101/><G42/><T109/><D109/><U107/><E64/><V1/><F75/><W33/><G78/><T118/><D118/><U124/><E124/><V83/><F70/><W77/><G77/><T102/><D91/><U67/><E67/><V125/><F1/><W115/><G115/><T44/><D27/><U73/><E107/><V68/><F68/><W30/><REACH who="3" step="1"/><G53/><REACH who="3" ten="250,250,250,240" step="2"/><T21/><D35/><U62/><E73/><V52/><F43/><W116/><G116/><T95/><D51/><U122/><E122/><V84/><F34/><W105/><G105/><T123/><D123/><U82/><E62/><V120/><F120/><W74/><G74/><T103/><REACH who="0" step="1"/><D102/><REACH who="0" ten="240,250,250,240" step="2"/><U113/><E119/><V132/><F36/><W3/><G3/><T0/><D0/><U80/><E117/><V7/><F38/><W130/><G130/><T59/><D59/><AGARI ba="0,2" hai="2,5,9,25,30,33,56,59,63,65,69,94,97,101" machi="59" ten="40,1300,0" yaku="1,1,53,0" doraHai="134" doraHaiUra="47" who="3" fromWho="0" sc="240,-13,250,0,250,0,240,33" /><INIT seed="1,0,0,1,0,92" ten="227,250,250,273" oya="1" hai0="84,54,56,90,30,8,99,0,25,13,103,24,124" hai1="80,65,120,4,57,129,16,35,48,73,106,42,39" hai2="131,29,55,133,46,50,12,58,89,3,110,116,104" hai3="101,19,11,107,36,44,41,98,91,18,70,112,10"/><U9/><E120/><V15/><F116/><W51/><G112/><T20/><D124/><U32/><E106/><V85/><F3/><W117/><G117/><T95/><D0/><U119/><E119/><V94/><F110/><W128/><G128/><T17/><D24/><U52/><E129/><V134/><F131/><W22/><G70/><T2/><D2/><N who="1" m="151" /><E65/><V93/><F104/><W87/><G36/><T123/><D123/><U66/><E66/><V40/><F29/><W6/><G6/><T108/><D108/><U76/><E16/><V75/><F75/><W114/><G114/><T63/><REACH who="0" step="1"/><D84/><REACH who="0" ten="217,250,250,273" step="2"/><U113/><E113/><V68/><F68/><W59/><G19/><T61/><D61/><U69/><E69/><V100/><F134/><W23/><G18/><T27/><D27/><U115/><E115/><V34/><F133/><W7/><G7/><T105/><D105/><U88/><E32/><V132/><F34/><W86/><G86/><T81/><D81/><U37/><E35/><V122/><F132/><W127/><G127/><T83/><D83/><U5/><E80/><V53/><F122/><W45/><G107/><T1/><D1/><U135/><E73/><V121/><F121/><W74/><G87/><T82/><D82/><U60/><E135/><V125/><F125/><W64/><G74/><T47/><D47/><U96/><E60/><V33/><F33/><W109/><G45/><T118/><D118/><U49/><E76/><V102/><F46/><W62/><G44/><T28/><D28/><U21/><E49/><V43/><F50/><W14/><G51/><RYUUKYOKU ba="0,1" sc="217,30,250,-10,250,-10,273,-10" hai0="8,13,17,20,25,30,54,56,63,90,95,99,103" /><INIT seed="2,1,1,3,0,84" ten="247,240,240,263" oya="2" hai0="29,44,40,23,52,94,50,98,132,71,133,38,20" hai1="48,124,4,8,19,3,64,111,123,78,2,31,102" hai2="85,14,90,1,117,21,58,45,106,110,61,25,26" hai3="9,24,55,62,41,95,18,86,16,13,93,46,0"/><V63/><F117/><W127/><G127/><T131/><D131/><U39/><E39/><V99/><F1/><W82/><G0/><T104/><D104/><U100/><E124/><V109/><F45/><W116/><G116/><T75/><D75/><U103/><E111/><N who="2" m="42507" /><F14/><W126/><G126/><T42/><D71/><U118/><E118/><V10/><F10/><W33/><G62/><N who="2" m="23561" /><F58/><W12/><G55/><T101/><D40/><U88/><E64/><V92/><F21/><W6/><G33/><T73/><D73/><U66/><E66/><V107/><F107/><W7/><G24/><T83/><D20/><U108/><E108/><V72/><F72/><W60/><G60/><T96/><D23/><U43/><E78/><V57/><F57/><W77/><G6/><T105/><D105/><U114/><E2/><V11/><F11/><W37/><G7/><T27/><D38/><U70/><E70/><V15/><F15/><W34/><G34/><N who="0" m="20799" /><D42/><U121/><E31/><V130/><F130/><W129/><G129/><T68/><D68/><U135/><E19/><V32/><F32/><W56/><G56/><T53/><D53/><U125/><E125/><V65/><F65/><W22/><AGARI ba="1,1" hai="9,12,13,16,18,22,37,41,46,77,82,86,93,95" machi="22" ten="20,2700,0" yaku="0,1,7,1,54,1" doraHai="84" who="3" fromWho="3" sc="247,-8,240,-8,240,-14,263,40" /><INIT seed="3,0,0,4,3,8" ten="239,232,226,303" oya="3" hai0="75,2,63,99,38,82,28,114,69,10,126,115,50" hai1="12,104,118,22,5,120,127,109,40,98,54,78,18" hai2="89,44,35,14,135,79,6,24,83,110,107,17,47" hai3="92,68,3,74,102,125,46,103,129,49,20,0,29"/><W84/><G74/><T101/><D126/><U95/><E120/><V33/><F107/><W62/><G125/><T32/><D38/><U112/><E112/><N who="0" m="43049" /><D50/><U64/><E104/><V134/><F110/><W97/><G129/><T76/><D28/><U16/><E40/><V87/><F6/><W116/><G103/><T59/><D32/><U130/><E130/><V91/><F24/><W100/><G100/><T128/><D128/><U58/><E118/><V105/><F105/><W96/><G96/><T42/><D42/><U113/><E98/><V21/><F35/><W124/><G116/><T93/><D69/><U94/><E109/><V41/><F33/><W34/><G34/><T61/><D59/><U72/><E58/><V88/><REACH who="2" step="1"/><F47/><REACH who="2" ten="239,232,216,303" step="2"/><W67/><G124/><T106/><D106/><U65/><E127/><V39/><AGARI ba="0,1" hai="14,17,21,39,41,44,79,83,87,88,89,91,134,135" machi="39" ten="30,12000,2" yaku="1,1,2,1,0,1,52,1,54,1,53,1" doraHai="8" doraHaiUra="11" who="2" fromWho="2" sc="239,-30,232,-30,216,130,303,-60" owari="209,-19.1,202,-29.8,346,44.6,243,4.3" /></mjloggm>