<mjloggm ver="2.3"><GO type="225" lobby="0"/><UN n0="%E4%BB%A5%E5%A5%B3%E7%A5%9E%E4%B9%8B%E5%90%8D%E8%A8%B1%E9%A1%98" n1="%E7%A5%9D%E7%A6%8F%E4%B9%8B%E9%A2%A8" n2="%E7%B4%94%E6%BD%94%E3%83%94%E3%83%A9%E3%83%8B%E3%82%A2" n3="%E3%81%99%E3%83%BC%5F%E9%88%B4%E6%9C%A8%E6%B5%A9%E5%B9%B3" dan="16,16,17,16" rate="2038.30,2129.95,2201.17,2094.69" sx="M,M,M,M"/><TAIKYOKU oya="0"/><INIT seed="0,0,0,2,3,134" ten="250,250,250,250" oya="0" hai0="3,50,118,69,94,77,18,135,74,22,102,27,60" hai1="131,63,103,95,23,55,93,47,72,90,7,20,6" hai2="45,88,120,66,125,132,54,86,82,65,89,107,112" hai3="1,49,40,110,117,113,46,127,84,0,96,11,16"/><T98/><D118/><U13/><E72/><V9/><F120/><W101/><G117/><T80/><D3/><U83/><E131/><V21/><F112/><W25/><G113/><T35/><D135/><U24/><E83/><V29/><F107/><W68/><G68/><T14/><D50/><N who="1" m="29151" /><E63/><V79/><F132/><W58/><G110/><T122/><D122/><U92/><E103/><V126/><F9/><W44/><G58/><T104/><D94/><N who="1" m="36459" /><E13/><V53/><F65/><W59/><G59/><T32/><REACH who="0" step="1"/><D14/><REACH who="0" ten="240,250,250,250" step="2"/><U15/><E15/><V116/><F116/><W37/><G0/><T71/><D71/><U38/><E38/><V91/><F45/><W39/><G1/><T5/><D5/><N who="1" m="1547" /><E24/><N who="2" m="16527" /><F66/><AGARI ba="0,1" hai="18,22,27,32,35,60,66,69,74,77,80,98,102,104" machi="66" ten="40,2000,0" yaku="1,1,53,0" doraHai="134" doraHaiUra="114" who="0" fromWho="2" sc="240,30,250,0,250,-20,250,0" /><INIT seed="0,1,0,1,4,77" ten="270,250,230,250" oya="0" hai0="34,122,14,99,3,118,119,0,39,32,11,113,72" hai1="13,134,101,25,80,81,43,100,4,96,67,76,79" hai2="133,1,30,61,16,84,82,104,50,65,120,40,97" hai3="60,111,103,64,36,86,22,8,5,109,128,125,55"/><T126/><D39/><U10/><E134/><V31/><F133/><W42/><G128/><T127/><D72/><U48/><E67/><V87/><F1/><N who="0" m="586" /><D99/><U116/><E116/><N who="0" m="44585" /><D113/><U6/><E6/><V132/><F120/><W92/><G125/><N who="0" m="47627" /><D122/><U83/><E25/><V70/><F87/><W124/><G124/><T129/><D129/><U102/><E96/><V19/><F40/><W78/><G42/><T33/><D14/><U110/><E110/><V112/><F112/><W27/><G36/><T47/><D47/><AGARI ba="1,0" hai="4,10,13,43,47,48,76,79,80,81,83,100,101,102" machi="47" ten="40,8000,1" yaku="8,1,52,3" doraHai="77" who="1" fromWho="0" sc="270,-83,250,83,230,0,250,0" /><INIT seed="1,0,0,2,4,36" ten="187,333,230,250" oya="1" hai0="5,129,11,96,65,56,103,124,115,102,81,83,84" hai1="133,126,131,29,127,34,1,134,71,119,45,123,7" hai2="59,88,66,58,23,48,44,77,80,32,35,15,79" hai3="108,8,107,9,39,67,31,110,46,25,122,16,21"/><U106/><E71/><V27/><F15/><W98/><G122/><T68/><D115/><U75/><E106/><V100/><F100/><W6/><G67/><T64/><D124/><N who="1" m="47659" /><E75/><V120/><F120/><W112/><G112/><T28/><D129/><U42/><E123/><V95/><F32/><W4/><G107/><T99/><D68/><U97/><E97/><V86/><F35/><N who="3" m="20975" /><G98/><T13/><D28/><U111/><E119/><V30/><F66/><W57/><G57/><N who="2" m="21513" /><F95/><W82/><G82/><T132/><D132/><N who="1" m="50795" /><E111/><N who="3" m="42538" /><G46/><T41/><D56/><U87/><E87/><V89/><F77/><W52/><G39/><T20/><D20/><U38/><E131/><V76/><F79/><W63/><G63/><T70/><D70/><U121/><E121/><V91/><F76/><W50/><G4/><T2/><D84/><U10/><E29/><V37/><F37/><W104/><G6/><T73/><D73/><U116/><E116/><V18/><F30/><W69/><G69/><T94/><D2/><U0/><E34/><V93/><F80/><W14/><G104/><T62/><D83/><U47/><E47/><V26/><F26/><W19/><G8/><T90/><D81/><U49/><E49/><V53/><AGARI ba="0,0" hai="18,23,27,44,48,53,86,88,89,91,93" m="21513" machi="53" ten="30,2000,0" yaku="8,1,54,1" doraHai="36" who="2" fromWho="2" sc="187,-5,333,-10,230,20,250,-5" /><INIT seed="2,0,0,4,5,31" ten="182,323,250,245" oya="2" hai0="103,121,105,99,102,122,75,81,98,67,95,119,129" hai1="124,133,16,0,42,100,51,26,104,115,10,8,63" hai2="9,134,131,21,86,72,7,25,4,96,128,15,76" hai3="40,84,79,45,123,78,36,44,24,52,112,56,23"/><V20/><F72/><W88/><G123/><T38/><D38/><U65/><E115/><V132/><F96/><W39/><G112/><T97/><D67/><U69/><E124/><V82/><F4/><W30/><G36/><T5/><D5/><U19/><E0/><V87/><F87/><W59/><G44/><T73/><D119/><U93/><E104/><V47/><F47/><W130/><G59/><T118/><D118/><U11/><E133/><N who="2" m="51307" /><F20/><W17/><G30/><AGARI ba="0,0" hai="7,9,15,21,25,30,76,82,86,128,131" m="51307" machi="30" ten="30,1500,0" yaku="20,1" doraHai="31" who="2" fromWho="3" sc="182,0,323,0,250,15,245,-15" /><INIT seed="2,1,0,0,2,22" ten="182,323,265,230" oya="2" hai0="98,103,37,12,46,5,43,97,38,75,129,90,118" hai1="113,128,52,34,70,62,54,36,48,13,63,106,96" hai2="51,73,119,32,125,31,134,87,114,45,15,135,104" hai3="18,92,56,99,132,88,53,71,0,60,77,26,68"/><V42/><F73/><W117/><G132/><N who="2" m="50729" /><F114/><W86/><G117/><T124/><D75/><U81/><E113/><V101/><F119/><W107/><G0/><T69/><D118/><U91/><E128/><V94/><F125/><W105/><G77/><T64/><D129/><U29/><E36/><V84/><F104/><N who="3" m="40011" /><G86/><N who="2" m="32809" /><F15/><W9/><G9/><T66/><D124/><U10/><E10/><V100/><F94/><W83/><G83/><T79/><D79/><U1/><E13/><V121/><F121/><W2/><G2/><T27/><D69/><U21/><E1/><V80/><F80/><W133/><G133/><T78/><D78/><U72/><E70/><V89/><F89/><W127/><G127/><T39/><D90/><U130/><E91/><V8/><F8/><W116/><G116/><T23/><D103/><U85/><E81/><V50/><F51/><W30/><G30/><T110/><D12/><U131/><E48/><V58/><F58/><W115/><G115/><T33/><D5/><U93/><E106/><V24/><AGARI ba="1,0" hai="24,31,32,42,45,50,100,101" m="32809,50729" machi="24" ten="30,3000,0" yaku="20,1,52,1" doraHai="22" who="2" fromWho="2" sc="182,-11,323,-11,265,33,230,-11" /><INIT seed="2,2,0,4,1,28" ten="171,312,298,219" oya="2" hai0="98,0,68,113,60,114,101,16,15,54,82,18,71" hai1="38,32,58,9,109,49,35,12,7,67,31,100,126" hai2="61,80,133,91,14,46,17,22,120,128,56,99,116" hai3="59,75,97,62,108,13,36,118,93,92,135,122,117"/><V29/><F116/><W48/><G122/><T76/><D0/><U39/><E109/><V51/><F120/><W30/><G36/><T77/><D54/><U83/><E126/><V57/><F128/><W89/><G75/><T42/><D42/><U125/><E125/><V20/><F133/><W26/><G135/><T121/><D121/><U112/><E112/><V115/><F115/><W79/><G79/><T47/><D47/><U72/><E100/><V1/><F1/><W8/><G48/><T73/><D77/><U110/><E110/><V130/><F130/><W84/><G108/><T41/><D41/><U132/><E132/><V131/><F61/><W85/><G93/><T6/><D6/><U10/><E83/><V52/><F131/><W55/><G118/><T5/><D5/><U95/><E72/><V11/><F99/><W107/><G107/><T45/><D45/><U65/><E95/><V66/><F66/><W102/><G102/><T106/><D18/><U119/><E7/><V104/><F104/><W27/><G117/><T19/><D19/><U70/><E119/><V50/><F51/><W4/><REACH who="3" step="1"/><G26/><REACH who="3" ten="171,312,298,209" step="2"/><T127/><D127/><U78/><E49/><V103/><F103/><W2/><G2/><T81/><D81/><U88/><E39/><V105/><F105/><W40/><G40/><T111/><D111/><U96/><E38/><V69/><F80/><W134/><G134/><T53/><D71/><U63/><E70/><V24/><F69/><W86/><G86/><T64/><D53/><N who="1" m="34255" /><E78/><V44/><F44/><W3/><G3/><T23/><AGARI ba="2,1" hai="15,16,23,60,64,68,73,76,82,98,101,106,113,114" machi="23" ten="20,5200,0" yaku="5,1,0,1,7,1,54,1" doraHai="28" who="0" fromWho="0" sc="171,68,312,-15,298,-28,209,-15" /><INIT seed="3,0,0,0,5,126" ten="239,297,270,194" oya="3" hai0="37,4,5,9,99,17,114,38,109,122,121,132,7" hai1="15,104,49,87,78,2,123,64,47,98,71,106,14" hai2="113,20,23,3,131,117,45,97,110,94,62,118,48" hai3="21,70,108,68,83,8,92,43,57,103,67,75,39"/><W85/><G75/><T53/><D109/><U96/><E123/><V26/><F110/><W91/><G108/><T63/><D114/><U25/><E2/><V79/><F3/><W74/><G21/><T120/><D132/><U112/><E112/><V77/><F23/><W24/><G24/><T80/><D80/><N who="1" m="47511" /><E71/><V19/><F113/><W69/><G8/><T84/><D84/><U10/><E106/><V127/><F127/><W34/><G34/><T59/><REACH who="0" step="1"/><D99/><REACH who="0" ten="229,297,270,194" step="2"/><U54/><E98/><V111/><F111/><W90/><G103/><T116/><D116/><U46/><E96/><V40/><F117/><W100/><G100/><T130/><D130/><U66/><E104/><V134/><F131/><W89/><G74/><T60/><D60/><U35/><E35/><V107/><F107/><W65/><G57/><T41/><D41/><U13/><E46/><V11/><F134/><W82/><G83/><T129/><D129/><U101/><E101/><N who="2" m="60599" /><F62/><W93/><G82/><T105/><D105/><U50/><E47/><V86/><F86/><W51/><G39/><T0/><D0/><U135/><E135/><V88/><F118/><W76/><G76/><N who="2" m="29257" /><F88/><N who="3" m="33899" /><G92/><T42/><D42/><U119/><E119/><V28/><F28/><W31/><G31/><T95/><D95/><U124/><E124/><V115/><F115/><W6/><G6/><T32/><D32/><U81/><E81/><V16/><F19/><W18/><G18/><T36/><D36/><U72/><E72/><V55/><F40/><W29/><G29/><T1/><D1/><U73/><E73/><V12/><F45/><AGARI ba="0,1" hai="43,45,51,65,67,68,69,70,85,91,93" m="33899" machi="45" ten="40,3900,0" yaku="6,1,54,1" doraHai="126" who="3" fromWho="2" sc="229,0,297,0,270,-39,194,49" /><INIT seed="3,1,0,3,5,12" ten="229,297,231,243" oya="3" hai0="9,46,1,125,112,64,108,68,97,101,85,25,116" hai1="49,5,6,120,132,126,19,79,54,104,58,72,30" hai2="102,114,10,76,81,21,122,14,52,121,31,8,45" hai3="91,115,75,33,113,89,62,61,47,63,135,23,56"/><W7/><G33/><T95/><D116/><U128/><E120/><N who="2" m="46187" /><F102/><W70/><G75/><T3/><D108/><U83/><E104/><V80/><F114/><W94/><G135/><T24/><D112/><U40/><E132/><V59/><F45/><W67/><G7/><T90/><D125/><U119/><E126/><V16/><F31/><W105/><G105/><T0/><D9/><N who="2" m="3690" /><F76/><W74/><G74/><T110/><D110/><U42/><E30/><V133/><F133/><W92/><G47/><T17/><D46/><U117/><E128/><V26/><F26/><W57/><G70/><T4/><D4/><N who="1" m="1643" /><E19/><V13/><F14/><W65/><G61/><AGARI ba="1,0" hai="13,16,21,52,59,61,80,81" m="3690,46187" machi="61" ten="30,7700,0" yaku="13,1,52,1,54,2" doraHai="12" who="2" fromWho="3" sc="229,0,297,0,231,80,243,-80" owari="229,-17.1,297,9.7,311,41.1,163,-33.7" /></mjloggm>