<mjloggm ver="2.3"><GO type="225" lobby="0"/><UN n0="%E5%A4%8F%E9%88%B4%E9%88%B4%E5%A4%8F" n1="%E6%81%A5%E6%99%92%E3%81%97" n2="%70%68%65%6E%6F%6D%65" n3="%66%67%67%68%68%64%66" dan="16,17,16,16" rate="2058.64,2158.22,2144.51,2087.47" sx="F,M,M,M"/><TAIKYOKU oya="0"/><INIT seed="0,0,0,0,0,26" ten="250,250,250,250" oya="0" hai0="75,3,105,63,48,114,67,70,58,120,88,15,17" hai1="125,100,10,29,132,103,106,116,86,40,59,7,128" hai2="115,20,81,110,76,92,135,93,2,51,127,80,13" hai3="18,94,34,73,87,12,1,78,79,57,130,61,107"/><T38/><D114/><U47/><E116/><V123/><F115/><W31/><G1/><T56/><D120/><U62/><E125/><V55/><F2/><W42/><G107/><T89/><D105/><U54/><E128/><V64/><F123/><W96/><G73/><T101/><D75/><U36/><E132/><V133/><F64/><W19/><G42/><T129/><D3/><U35/><E106/><V91/><F110/><W5/><G130/><T82/><D38/><U77/><E77/><V14/><F127/><W30/><G34/><T16/><D129/><U11/><E86/><N who="2" m="52343" /><F93/><W27/><G5/><T119/><D119/><U102/><REACH who="1" step="1"/><E7/><REACH who="1" ten="250,240,250,250" step="2"/><V126/><F126/><W69/><G78/><T118/><D118/><U111/><E111/><V83/><F76/><W43/><G87/><N who="0" m="50295" /><D70/><U98/><E98/><V74/><F74/><W24/><G69/><T117/><D117/><U68/><E68/><V4/><F4/><W90/><G79/><T121/><D121/><U71/><E71/><V124/><F124/><W95/><G96/><T50/><D101/><U65/><E65/><V109/><F109/><W131/><G131/><T134/><D134/><N who="2" m="51210" /><F20/><W44/><G94/><T122/><D122/><U72/><E72/><V113/><F113/><W52/><G95/><T104/><D104/><U22/><E22/><V45/><AGARI ba="0,1" hai="13,14,45,51,55,80,81,83" m="51210,52343" machi="45" ten="30,1100,0" yaku="20,1" doraHai="26" who="2" fromWho="2" sc="250,-5,240,-3,250,21,250,-3" /><INIT seed="1,0,0,0,1,70" ten="245,237,271,247" oya="1" hai0="66,126,74,9,94,102,32,98,33,90,40,83,97" hai1="8,43,34,27,128,96,82,91,52,53,41,101,129" hai2="54,57,113,123,10,89,2,76,93,14,4,103,109" hai3="134,77,35,111,99,135,104,20,81,62,21,67,119"/><U72/><E8/><V106/><F123/><W48/><G35/><T78/><D126/><U11/><E11/><V65/><F109/><W68/><G111/><T84/><D66/><U130/><E34/><V79/><F113/><W18/><G119/><T95/><D40/><N who="1" m="15435" /><E27/><V46/><F2/><W22/><G48/><T23/><D23/><U120/><E120/><V58/><F103/><W131/><G131/><N who="1" m="33538" /><U116/><DORA hai="132" /><E116/><V39/><F106/><W108/><G108/><T87/><D9/><U71/><E71/><V0/><F0/><W63/><G63/><T42/><D42/><U127/><E127/><V16/><F4/><W107/><G18/><T75/><D32/><U5/><E5/><V100/><F100/><W30/><G30/><T36/><D36/><U125/><E125/><V50/><F39/><W124/><G124/><T86/><D33/><U31/><E31/><V59/><REACH who="2" step="1"/><F65/><REACH who="2" ten="245,237,261,247" step="2"/><W29/><G107/><N who="0" m="63951" /><D74/><U117/><E117/><V44/><F44/><W19/><G29/><T85/><D75/><U12/><E72/><V51/><F51/><W73/><G19/><T38/><D38/><U64/><E64/><V25/><F25/><W60/><G67/><T80/><D95/><N who="1" m="58527" /><E12/><V69/><F69/><W118/><G68/><T13/><D13/><U28/><E28/><V7/><F7/><W122/><G118/><T88/><AGARI ba="0,1" hai="78,80,83,84,85,86,87,88,90,94,98" m="63951" machi="88" ten="30,12000,2" yaku="35,5,54,1" doraHai="70,132" who="0" fromWho="0" sc="245,130,237,-60,261,-30,247,-30" /><INIT seed="2,0,0,2,2,1" ten="375,177,231,217" oya="2" hai0="92,126,113,26,109,102,41,55,101,133,72,123,14" hai1="22,33,68,110,77,94,57,76,118,6,82,11,95" hai2="80,18,58,3,86,70,51,17,16,99,19,97,74" hai3="134,67,124,130,122,4,119,46,15,131,54,60,85"/><V104/><F74/><W81/><G119/><T28/><D123/><U40/><E33/><V128/><F70/><W107/><G107/><T8/><D113/><U45/><E118/><V5/><F128/><N who="3" m="49195" /><G122/><T61/><D109/><U84/><E68/><V73/><F73/><W52/><G124/><T66/><D133/><U121/><E110/><V2/><N who="2" m="4096" /><DORA hai="39" /><V30/><F30/><W90/><G46/><T103/><D26/><U120/><E77/><V59/><F3/><W78/><G78/><T13/><D55/><N who="3" m="21033" /><G134/><T24/><D14/><N who="1" m="5495" /><E120/><V42/><F104/><W37/><G37/><T135/><D13/><U49/><E121/><V47/><F2/><W89/><G89/><T62/><D101/><U69/><E57/><N who="2" m="21515" /><F5/><W12/><G4/><T125/><D72/><U115/><E115/><V23/><F23/><W100/><G100/><T56/><D102/><U98/><E69/><AGARI ba="0,0" hai="12,15,60,67,69,81,85,90" m="21033,49195" machi="69" ten="30,2000,0" yaku="19,1,54,1" doraHai="1,39" who="3" fromWho="1" sc="375,0,177,-20,231,0,217,20" /><INIT seed="3,0,0,5,4,40" ten="375,157,231,237" oya="3" hai0="81,44,17,78,101,34,103,26,53,124,102,54,36" hai1="63,7,84,56,115,128,28,14,24,104,105,98,4" hai2="0,80,110,51,134,52,38,64,13,82,90,119,135" hai3="5,27,47,126,9,60,92,25,37,15,39,42,61"/><W55/><G126/><T18/><D124/><U95/><E115/><V131/><F0/><W106/><G106/><T99/><D34/><U49/><E128/><V74/><F38/><W89/><G39/><T113/><D113/><U46/><E104/><V87/><F131/><W127/><G127/><T125/><D125/><U22/><E105/><V129/><F129/><W16/><G5/><T35/><D99/><U32/><E84/><V71/><F119/><W93/><G93/><T85/><D35/><U112/><E112/><V121/><F110/><W2/><G2/><T114/><D114/><U62/><E32/><V97/><F121/><W21/><G55/><N who="0" m="21003" /><D36/><U30/><E30/><V96/><F71/><W11/><G25/><T100/><D100/><U67/><E63/><V59/><F64/><W108/><G108/><T91/><D26/><U43/><REACH who="1" step="1"/><E14/><REACH who="1" ten="375,147,231,237" step="2"/><V68/><F13/><W41/><G27/><T79/><D85/><U73/><E73/><V19/><F74/><W20/><G61/><T33/><D33/><U75/><E75/><V58/><F87/><W117/><G60/><T50/><D79/><U77/><E77/><V83/><F82/><W1/><G15/><T8/><D81/><U29/><E29/><V70/><F83/><W10/><G1/><T130/><D78/><U123/><E123/><V23/><F80/><W94/><G117/><T132/><D130/><U57/><E57/><V66/><F59/><W3/><G3/><T31/><D31/><U111/><E111/><V12/><F58/><W109/><G109/><T48/><D132/><N who="2" m="50730" /><F12/><W45/><G94/><RYUUKYOKU ba="0,1" sc="375,-10,147,30,231,-10,237,-10" hai1="4,7,22,24,28,43,46,49,56,62,67,95,98" owari="375,47.5,177,-32.3,221,-17.9,227,2.7" /></mjloggm>