<mjloggm ver="2.3"><GO type="225" lobby="0"/><UN n0="%E6%98%93%E5%88%A9%E8%96%A9%E4%BC%AF" n1="%E9%B3%B3%E6%9D%B1%E3%81%AE%E3%81%BF%E3%81%91%E3%81%AB%E3%82%83%E3%82%93" n2="%E3%81%AF%E3%82%88%E3%81%8A%E3%81%98%E3%81%95%E3%82%93" n3="%E3%81%90%E3%81%A1%E3%82%84%E3%81%BE" dan="16,17,17,16" rate="2159.20,2182.96,2157.50,2132.68" sx="F,F,M,M"/><TAIKYOKU oya="0"/><INIT seed="0,0,0,5,0,7" ten="250,250,250,250" oya="0" hai0="10,80,61,82,101,9,54,52,64,30,114,120,99" hai1="20,86,26,125,73,87,69,129,90,27,50,92,42" hai2="68,121,88,93,76,14,135,94,109,18,66,31,91" hai3="49,45,71,4,33,124,104,77,74,38,127,108,5"/><T78/><D114/><U48/><E73/><V132/><F121/><W67/><G104/><T28/><D120/><U23/><E69/><V102/><F109/><W65/><G33/><T6/><D101/><U83/><E129/><V39/><F39/><W119/><G38/><T3/><D99/><U111/><E111/><V89/><F76/><W41/><G119/><T115/><D115/><U58/><E125/><N who="3" m="48202" /><G108/><T32/><D10/><U81/><E42/><V25/><F66/><N who="3" m="25099" /><G71/><T103/><D103/><U126/><E126/><V113/><F68/><W84/><G74/><T34/><D82/><AGARI ba="0,0" hai="4,5,41,45,49,77,82,84" m="25099,48202" machi="82" ten="30,1000,0" yaku="18,1" doraHai="7" who="3" fromWho="0" sc="250,-10,250,0,250,0,250,10" /><INIT seed="1,0,0,4,2,106" ten="240,250,250,260" oya="1" hai0="61,130,13,104,20,62,113,99,77,79,112,91,69" hai1="36,56,108,81,2,65,110,4,17,135,88,114,46" hai2="8,28,66,122,116,24,43,19,12,51,96,25,34" hai3="70,100,54,109,35,101,26,134,78,49,1,50,123"/><U103/><E114/><V60/><F122/><W63/><G123/><T89/><D130/><U42/><E135/><V119/><F25/><W21/><G1/><T71/><D13/><U41/><E41/><V111/><F111/><N who="1" m="42537" /><E103/><V45/><REACH who="2" step="1"/><F96/><REACH who="2" ten="240,250,240,260" step="2"/><W3/><G109/><T76/><D99/><U31/><E31/><V33/><F33/><W107/><G35/><T52/><D113/><U32/><E32/><V94/><F94/><W92/><G92/><T124/><D112/><U97/><E17/><V74/><F74/><W53/><G134/><T55/><D104/><U131/><E131/><V22/><F22/><W121/><G21/><T44/><D20/><U10/><E97/><V133/><F133/><W11/><G107/><T117/><D117/><U5/><E5/><V37/><F37/><W27/><G121/><T75/><D75/><U38/><E38/><V86/><F86/><W23/><G23/><T85/><D85/><N who="1" m="50223" /><E65/><V98/><F98/><W83/><G101/><T105/><D105/><U39/><E39/><V129/><F129/><W64/><G100/><T125/><REACH who="0" step="1"/><D79/><REACH who="0" ten="230,250,240,260" step="2"/><U95/><E95/><V127/><F127/><W72/><G78/><T90/><D90/><U87/><E87/><V73/><F73/><W40/><G72/><T16/><D16/><U18/><E18/><V6/><F6/><W84/><G84/><T0/><D0/><U67/><E67/><V93/><F93/><W68/><G64/><T48/><D48/><U82/><E82/><V126/><F126/><W128/><G83/><T9/><D9/><U57/><AGARI ba="0,2" hai="2,4,10,36,42,46,56,57" m="50223,42537" machi="57" ten="30,6000,0" yaku="14,1,10,1,54,1" doraHai="106" who="1" fromWho="1" sc="230,-20,250,80,240,-20,260,-20" /><INIT seed="1,1,0,2,5,53" ten="210,330,220,240" oya="1" hai0="43,91,106,96,104,120,88,74,41,105,15,94,57" hai1="75,61,68,27,24,124,100,4,119,16,103,42,29" hai2="72,66,38,19,11,30,130,114,71,67,58,35,97" hai3="132,13,86,45,70,32,69,112,31,128,117,0,83"/><U81/><E119/><V40/><F72/><W63/><G112/><T107/><N who="0" m="26624" /><DORA hai="46" /><T55/><D74/><U10/><E124/><V56/><F114/><W126/><G0/><T44/><D120/><U121/><E121/><V108/><F108/><W17/><G126/><T90/><D15/><U1/><E81/><V60/><F130/><W37/><G132/><T118/><D118/><U34/><E75/><V5/><F66/><W65/><G128/><T113/><D113/><U125/><E125/><V14/><F97/><W115/><G115/><T7/><D7/><U49/><E68/><V129/><F129/><W39/><G70/><T52/><D55/><U47/><REACH who="1" step="1"/><E61/><REACH who="1" ten="210,320,220,240" step="2"/><V23/><F71/><W26/><G117/><T6/><D6/><U20/><AGARI ba="1,1" hai="1,4,10,16,20,24,27,29,34,42,47,49,100,103" machi="20" ten="30,12000,1" yaku="1,1,2,1,0,1,52,1,54,1,53,0" doraHai="53,46" doraHaiUra="54,92" who="1" fromWho="1" sc="210,-41,320,133,220,-41,240,-41" /><INIT seed="1,2,0,0,2,86" ten="169,453,179,199" oya="1" hai0="103,131,114,2,83,60,78,94,75,34,56,11,55" hai1="107,71,84,89,33,58,110,4,93,122,19,5,41" hai2="82,76,57,81,49,96,92,16,37,43,66,77,134" hai3="1,40,111,132,15,123,21,109,105,127,87,68,135"/><U129/><E71/><V125/><F125/><W128/><G68/><T26/><D114/><U117/><E117/><V59/><F134/><N who="3" m="51243" /><G40/><T35/><D131/><U44/><E129/><V74/><F37/><W73/><G128/><T52/><D55/><U46/><E46/><V70/><F70/><W115/><G1/><T69/><D69/><U119/><E33/><V88/><F66/><W90/><G15/><T54/><D54/><U47/><E47/><V29/><F29/><W9/><G9/><T124/><D124/><U48/><E19/><V126/><F126/><W102/><G21/><T0/><D11/><U42/><E42/><V3/><F3/><W79/><G127/><T130/><D130/><U12/><E12/><V45/><F16/><W91/><G115/><T108/><D108/><N who="3" m="41545" /><G123/><T50/><D60/><U118/><E110/><V25/><F25/><W28/><G28/><T39/><D39/><U17/><E17/><V121/><F121/><W8/><G8/><T120/><D120/><U62/><E122/><V65/><F65/><W100/><G73/><AGARI ba="2,0" hai="43,45,49,57,59,73,74,76,77,81,82,88,92,96" machi="73" ten="30,7700,0" yaku="7,1,9,1,52,1,54,1" doraHai="86" who="2" fromWho="3" sc="169,0,453,0,179,83,199,-83" /><INIT seed="2,0,0,4,5,73" ten="169,453,262,116" oya="2" hai0="95,11,60,114,96,64,12,76,34,62,131,103,16" hai1="88,49,99,13,120,86,84,134,80,97,51,6,3" hai2="74,119,54,113,108,31,115,9,35,47,19,2,22" hai3="72,48,44,71,56,46,121,25,127,17,50,81,110"/><V102/><F74/><W33/><G121/><T63/><D114/><U10/><E134/><V130/><F102/><W30/><G71/><T69/><D34/><U77/><E3/><V15/><F119/><W105/><G105/><T65/><D131/><U42/><E120/><V27/><F130/><W118/><G118/><T20/><D76/><U125/><E125/><V101/><F101/><W83/><G110/><T66/><REACH who="0" step="1"/><D69/><REACH who="0" ten="159,453,262,116" step="2"/><U133/><E133/><V53/><F113/><W26/><G127/><T135/><D135/><U128/><E128/><V106/><F115/><W5/><G5/><T87/><D87/><U4/><E84/><V21/><F108/><W40/><G72/><T58/><D58/><U36/><E77/><V52/><F106/><W67/><G56/><T116/><D116/><U57/><E57/><V90/><F47/><W94/><G67/><T124/><D124/><U61/><E86/><V132/><F132/><W78/><G78/><T126/><D126/><U75/><E75/><V18/><F35/><W55/><REACH who="3" step="1"/><G94/><REACH who="3" ten="159,453,262,106" step="2"/><T7/><D7/><U39/><E6/><V117/><F117/><W23/><AGARI ba="0,2" hai="17,23,25,26,30,33,40,44,46,48,50,55,81,83" machi="23" ten="30,7900,0" yaku="1,1,2,1,0,1,53,1" doraHai="73" doraHaiUra="14" who="3" fromWho="3" sc="159,-20,453,-20,262,-39,106,99" /><INIT seed="3,0,0,4,2,52" ten="139,433,223,205" oya="3" hai0="13,107,61,76,25,126,72,40,127,78,85,2,28" hai1="119,42,6,58,71,59,65,26,88,102,39,38,30" hai2="16,124,120,109,134,14,77,53,46,48,56,96,9" hai3="10,90,15,7,0,1,108,87,89,23,101,70,44"/><W116/><G116/><T66/><D72/><U97/><E6/><V41/><F109/><W73/><G73/><T33/><D2/><U20/><E71/><V93/><F124/><W106/><G70/><T18/><D107/><U32/><E32/><V75/><F134/><W37/><G108/><T132/><D132/><U12/><E65/><V131/><F131/><W68/><G68/><T24/><D40/><U94/><E39/><V129/><F129/><W49/><G37/><T22/><D25/><U69/><E69/><V128/><F128/><W99/><G23/><T60/><D60/><U110/><E110/><V115/><F115/><W123/><G123/><T130/><D130/><U47/><E119/><V3/><F3/><W84/><G84/><T113/><D113/><U133/><E133/><V112/><F112/><W5/><G5/><T4/><D4/><U83/><E12/><V111/><F111/><W103/><G103/><T95/><D95/><U100/><E100/><V17/><F120/><W135/><G90/><T36/><D36/><U125/><E125/><V118/><F118/><W98/><G98/><T34/><D34/><U11/><E11/><V114/><F114/><W21/><G21/><T57/><REACH who="0" step="1"/><D78/><REACH who="0" ten="129,433,223,205" step="2"/><U105/><E83/><AGARI ba="0,1" hai="13,18,22,24,28,33,57,61,66,76,83,85,126,127" machi="83" ten="40,8000,1" yaku="1,1,2,1,52,1,53,1" doraHai="52" doraHaiUra="19" who="0" fromWho="1" sc="129,90,433,-80,223,0,205,0" owari="219,-18.1,353,45.3,223,2.3,205,-29.5" /></mjloggm>