<mjloggm ver="2.3"><GO type="225" lobby="0"/><UN n0="%E3%81%A4%E3%81%A3%E3%81%B1%E3%82%8A%E3%83%9D%E3%83%BC%E3%83%AB" n1="%E3%83%A9%E3%83%BC%E3%83%A1%E3%83%B3%E4%BA%94%E9%83%8E" n2="%79%75%72%69%6D%6F%67" n3="%77%72%77%72%77%72%77%72" dan="17,16,16,17" rate="2138.77,2118.44,2173.41,2182.47" sx="M,M,F,M"/><TAIKYOKU oya="0"/><INIT seed="0,0,0,5,2,96" ten="250,250,250,250" oya="0" hai0="48,90,76,21,88,45,129,5,78,112,51,40,104" hai1="135,81,42,73,49,65,67,17,3,103,115,87,134" hai2="91,131,29,133,47,36,60,75,84,64,15,130,19" hai3="98,107,46,89,55,74,62,61,92,30,125,97,63"/><T32/><D32/><U72/><E3/><V41/><F75/><N who="1" m="28745" /><E17/><V86/><F29/><W124/><G74/><T113/><D104/><U132/><E115/><V128/><F91/><N who="0" m="34858" /><D113/><U94/><E49/><V23/><REACH who="2" step="1"/><F133/><REACH who="2" ten="250,250,240,250" step="2"/><W1/><G30/><T108/><D112/><U12/><E134/><V25/><F25/><W9/><G89/><T105/><D129/><U109/><E135/><V80/><F80/><W22/><G124/><T66/><D108/><U2/><E109/><V70/><AGARI ba="0,1" hai="15,19,23,36,41,47,60,64,70,84,86,128,130,131" machi="70" ten="30,7900,0" yaku="1,1,0,1,19,1,53,1" doraHai="96" doraHaiUra="68" who="2" fromWho="2" sc="250,-39,250,-20,240,89,250,-20" /><INIT seed="1,0,0,0,2,90" ten="211,230,329,230" oya="1" hai0="114,5,30,18,16,99,17,45,32,13,7,31,75" hai1="9,37,93,65,95,8,87,41,81,122,59,47,68" hai2="6,38,14,70,72,100,42,25,51,117,67,131,105" hai3="35,44,52,27,111,22,26,19,94,49,107,34,40"/><U28/><E122/><V73/><F117/><W23/><G111/><T92/><D75/><U77/><E68/><V1/><F38/><W54/><G107/><T119/><D119/><U43/><E28/><N who="0" m="10793" /><D32/><U89/><E43/><V64/><F1/><W113/><G113/><T98/><D114/><U118/><E118/><V53/><F42/><W134/><G134/><T39/><D39/><U110/><E110/><V115/><F115/><W76/><G76/><T36/><D36/><U4/><E89/><V128/><F25/><W80/><G80/><T120/><D120/><U61/><REACH who="1" step="1"/><E9/><REACH who="1" ten="211,220,329,230" step="2"/><N who="2" m="4407" /><F70/><W130/><G130/><T10/><D45/><U63/><E63/><V127/><F131/><W101/><G34/><T84/><D5/><U106/><E106/><V125/><F105/><W116/><G35/><T74/><D74/><U108/><E108/><V109/><F100/><W58/><G116/><T29/><D29/><U124/><E124/><V102/><F109/><W11/><G11/><T85/><D99/><U55/><E55/><V96/><F73/><W60/><G40/><T48/><D48/><U15/><AGARI ba="0,1" hai="4,8,15,37,41,47,59,61,65,77,81,87,93,95" machi="15" ten="20,12000,1" yaku="1,1,0,1,7,1,52,2,53,0" doraHai="90" doraHaiUra="129" who="1" fromWho="1" sc="211,-40,220,130,329,-40,230,-40" /><INIT seed="1,1,0,0,1,66" ten="171,350,289,190" oya="1" hai0="87,96,68,29,73,23,63,46,33,52,106,102,76" hai1="4,108,92,67,42,25,98,103,6,126,17,100,50" hai2="115,27,57,21,45,49,107,26,121,114,62,32,47" hai3="59,54,22,36,0,123,105,28,90,53,91,116,5"/><U48/><E126/><V64/><F107/><W30/><G123/><T10/><D73/><U132/><E132/><V14/><F32/><W88/><G105/><T112/><D112/><N who="2" m="43050" /><F14/><W125/><G36/><T20/><D10/><U38/><E108/><V86/><F86/><W122/><G122/><T113/><D113/><U55/><E67/><V34/><F34/><W24/><G125/><T130/><D130/><U85/><E103/><V3/><F3/><W97/><G116/><T60/><D60/><U35/><E35/><V79/><F79/><W1/><G28/><T51/><D87/><U18/><E85/><V61/><F27/><W44/><G5/><T89/><D89/><U109/><E109/><V74/><F74/><W84/><G97/><T131/><D76/><U9/><E25/><V117/><F117/><W72/><G72/><T118/><D131/><U40/><E4/><V99/><F99/><W15/><G15/><T13/><D13/><U133/><E6/><V110/><F110/><W65/><G65/><N who="0" m="41023" /><D118/><U11/><E98/><V128/><F121/><W78/><G44/><T129/><D129/><U56/><E9/><V75/><F75/><W104/><G104/><T71/><D71/><U19/><E11/><V43/><F128/><W81/><REACH who="3" step="1"/><G53/><REACH who="3" ten="171,350,289,180" step="2"/><T93/><D93/><U39/><E92/><V111/><F111/><W83/><G83/><T41/><D41/><U135/><E42/><V124/><F124/><W94/><G94/><T80/><D80/><U16/><E40/><V95/><F95/><W127/><G127/><T8/><D8/><U37/><E55/><RYUUKYOKU ba="1,1" sc="171,15,350,-15,289,-15,180,15" hai0="20,23,29,33,46,51,52,96,102,106" hai3="0,1,22,24,30,54,59,78,81,84,88,90,91" /><INIT seed="2,2,1,2,4,2" ten="186,335,274,195" oya="2" hai0="102,57,110,34,19,14,31,90,46,33,132,36,81" hai1="62,130,56,135,68,97,27,120,51,96,48,5,10" hai2="38,69,113,22,63,42,21,15,114,72,47,83,101" hai3="123,87,59,91,89,93,127,30,109,94,7,18,49"/><V43/><F101/><W50/><G123/><T118/><D110/><U28/><E68/><V112/><F43/><W105/><G105/><T99/><D132/><U16/><E135/><V79/><F69/><W124/><G30/><T24/><D34/><U84/><E120/><V45/><F45/><W67/><G109/><T8/><D118/><U4/><E130/><V86/><F63/><N who="3" m="38399" /><G18/><T0/><D0/><U53/><E84/><V60/><F60/><W116/><G116/><T39/><D46/><N who="1" m="27799" /><E51/><V126/><F126/><N who="3" m="48171" /><G7/><N who="1" m="2634" /><E28/><V125/><F125/><W44/><G44/><T78/><D57/><U11/><E27/><V70/><F70/><W119/><G119/><T75/><REACH who="0" step="1"/><D90/><REACH who="0" ten="176,335,274,195" step="2"/><U111/><E111/><V129/><F129/><W25/><G25/><T13/><D13/><N who="1" m="7223" /><E11/><V117/><F117/><W55/><G55/><AGARI ba="2,2" hai="55,56,62,96,97" m="7223,2634,27799" machi="55" ten="30,8000,1" yaku="8,1,52,3,54,1" doraHai="2" who="1" fromWho="3" sc="176,0,335,106,274,0,195,-86" /><INIT seed="3,0,0,3,1,60" ten="176,441,274,109" oya="3" hai0="116,45,54,91,39,28,16,107,121,68,96,111,94" hai1="81,78,10,128,49,120,26,126,14,123,12,36,87" hai2="75,67,51,113,15,66,73,61,42,25,108,84,62" hai3="131,118,37,117,102,72,32,56,8,135,124,97,82"/><W20/><G32/><T21/><D121/><U23/><E36/><V89/><F108/><W35/><G35/><T1/><D1/><U122/><E126/><V130/><F130/><W52/><G124/><T85/><D68/><U86/><E128/><V57/><F113/><W34/><G131/><T29/><D111/><U71/><E71/><V11/><F25/><W119/><G34/><T101/><D116/><U114/><E114/><V79/><F79/><W125/><G125/><T76/><D76/><U109/><E109/><V63/><F63/><W46/><G135/><T58/><D45/><U18/><E49/><V17/><F51/><W7/><G20/><T30/><D39/><U132/><E132/><V41/><F75/><W31/><G31/><T133/><D133/><U27/><E87/><V0/><F0/><W19/><G19/><T6/><D6/><U5/><AGARI ba="0,0" hai="5,10,12,14,18,23,26,27,78,81,86,120,122,123" machi="5" ten="30,1100,0" yaku="0,1" doraHai="60" who="1" fromWho="1" sc="176,-3,441,11,274,-3,109,-5" owari="173,-22.7,452,55.2,271,7.1,104,-39.6" /></mjloggm>