<mjloggm ver="2.3"><GO type="225" lobby="0"/><UN n0="%6B%69%72%61%64%6F%6B%69" n1="%E3%83%96%E3%83%83%E3%83%91%E3%82%AA%E3%83%96%E3%83%81%E3%82%AD%E3%83%B3" n2="%E3%81%99%E3%81%84%E3%81%BE%E3%81%9B%E3%83%BC%E3%82%93" n3="%E4%BF%BA%E3%81%A8%E5%A6%96%E5%A4%A2" dan="16,16,18,16" rate="2158.30,2189.65,2205.31,2249.31" sx="M,M,M,F"/><TAIKYOKU oya="0"/><INIT seed="0,0,0,4,0,76" ten="250,250,250,250" oya="0" hai0="43,55,37,58,132,104,112,26,98,24,121,22,19" hai1="47,83,91,32,108,103,27,29,25,107,87,36,54" hai2="128,10,110,99,63,71,13,6,14,41,50,11,126" hai3="45,101,57,95,88,18,89,15,3,96,49,69,90"/><T66/><D112/><U7/><E108/><V65/><F110/><W114/><G114/><T127/><D121/><U74/><E7/><V23/><F126/><W38/><G69/><T79/><D127/><U80/><E27/><V51/><F128/><W30/><G3/><T109/><D109/><U106/><E103/><V34/><F34/><W68/><G68/><T130/><D130/><U118/><E118/><V67/><F67/><W59/><G30/><T102/><D132/><U93/><E54/><V116/><F116/><W73/><G73/><T81/><D66/><U52/><E74/><V16/><F41/><N who="3" m="24751" /><G38/><T35/><D43/><U40/><REACH who="1" step="1"/><E52/><REACH who="1" ten="250,240,250,250" step="2"/><V28/><F28/><W60/><G60/><T133/><D133/><U21/><E21/><AGARI ba="0,1" hai="15,18,21,57,59,88,89,90,95,96,101" m="24751" machi="21" ten="30,2000,0" yaku="8,1,54,1" doraHai="76" who="3" fromWho="1" sc="250,0,240,-20,250,0,250,30" /><INIT seed="1,0,0,0,0,114" ten="250,220,250,280" oya="1" hai0="126,94,68,6,89,134,128,75,70,61,105,104,116" hai1="9,4,13,31,26,83,108,23,87,111,98,130,122" hai2="117,38,99,7,91,17,65,16,25,102,115,22,34" hai3="58,73,30,0,63,62,37,28,106,10,71,45,51"/><U46/><E122/><V107/><F117/><W113/><G113/><T112/><D112/><U53/><E130/><V131/><F115/><W129/><G73/><T77/><D128/><U55/><E98/><V1/><F131/><W3/><G129/><T20/><D116/><U12/><E12/><V127/><F127/><W93/><G106/><T72/><D126/><U97/><E97/><V8/><F38/><W85/><G71/><T84/><D134/><U66/><E66/><V54/><F65/><W59/><G37/><T18/><D6/><U79/><REACH who="1" step="1"/><E46/><REACH who="1" ten="250,210,250,280" step="2"/><V92/><F99/><W49/><G45/><T14/><D104/><U81/><E81/><V133/><F107/><W121/><G93/><T109/><D105/><U33/><E33/><V41/><F34/><W40/><G121/><T101/><D14/><U39/><E39/><V56/><F92/><W24/><G0/><T80/><D94/><U103/><E103/><V119/><F102/><W2/><G3/><T132/><D101/><U5/><E5/><V15/><F119/><W19/><G2/><T35/><D80/><U60/><E60/><V74/><F1/><W43/><G62/><T110/><D61/><U100/><E100/><V27/><F7/><W42/><G63/><T90/><D35/><U11/><E11/><V123/><F8/><W76/><G10/><T125/><D125/><U29/><E29/><V44/><F15/><W32/><G28/><T21/><D18/><U50/><E50/><N who="3" m="18954" /><G19/><T78/><D132/><U69/><E69/><V67/><F133/><W124/><G124/><T64/><D64/><RYUUKYOKU ba="0,1" sc="250,10,210,10,250,-30,280,10" hai0="20,21,68,70,72,75,77,78,84,89,90,109,110" hai1="4,9,13,23,26,31,53,55,79,83,87,108,111" hai3="24,30,32,40,42,43,58,59,76,85" /><INIT seed="1,1,1,5,5,135" ten="260,220,220,290" oya="1" hai0="21,24,65,111,103,63,77,8,106,18,9,128,57" hai1="122,105,121,6,71,23,90,13,109,41,108,70,110" hai2="123,56,1,53,29,11,43,76,74,62,99,66,37" hai3="58,97,51,133,85,46,73,107,40,28,68,31,117"/><U101/><E41/><V33/><F123/><N who="1" m="47113" /><E90/><V36/><F99/><W14/><G68/><N who="1" m="26154" /><E6/><V19/><F43/><W132/><G73/><T95/><D106/><U4/><E4/><V88/><F66/><W27/><G85/><T16/><D103/><U3/><E3/><V81/><F88/><W115/><G115/><T86/><D95/><U119/><E119/><V44/><F44/><W55/><G14/><T2/><D2/><U84/><E84/><V93/><F93/><W50/><G117/><T32/><D86/><U25/><E13/><V26/><REACH who="2" step="1"/><F19/><REACH who="2" ten="260,220,210,290" step="2"/><W104/><G97/><T78/><D16/><N who="1" m="12519" /><E101/><V134/><F134/><N who="3" m="51819" /><G28/><T30/><D18/><U35/><E105/><V127/><F127/><W102/><G102/><T94/><D30/><U124/><E35/><AGARI ba="1,2" hai="27,31,35,40,46,50,51,55,58,104,107" m="51819" machi="35" ten="30,1000,0" yaku="20,1" doraHai="135" who="3" fromWho="1" sc="260,0,220,-13,210,0,290,33" /><INIT seed="2,0,0,5,1,5" ten="260,207,210,323" oya="2" hai0="79,22,106,130,128,2,74,102,127,124,72,55,67" hai1="61,81,48,3,62,39,118,66,89,134,113,131,45" hai2="77,33,94,114,59,43,125,80,76,104,123,70,38" hai3="101,108,0,47,30,121,135,49,53,54,91,19,71"/><V34/><F114/><W14/><G121/><T8/><D67/><U23/><E113/><V107/><F123/><W88/><G71/><T96/><D22/><U37/><E118/><V52/><F70/><W26/><G0/><T110/><D55/><U100/><E3/><V60/><F125/><N who="0" m="48202" /><D110/><U115/><E115/><V122/><F122/><W10/><G108/><T15/><D79/><U21/><E100/><V75/><F77/><W117/><G117/><T73/><D2/><U27/><E131/><N who="0" m="50217" /><D15/><U120/><E120/><V84/><F34/><W18/><G53/><T119/><D8/><U31/><E21/><V69/><F69/><W11/><G30/><T6/><D6/><U56/><E62/><V20/><F20/><W7/><G26/><T133/><D119/><U64/><E64/><V44/><REACH who="2" step="1"/><F33/><REACH who="2" ten="260,207,200,323" step="2"/><W98/><G10/><T112/><D112/><U111/><E111/><V87/><F87/><W105/><G11/><T4/><D4/><U17/><E23/><V68/><F68/><W1/><G7/><T116/><D116/><U24/><E24/><V99/><F99/><W92/><G14/><T25/><D25/><U129/><E27/><V12/><F12/><W28/><G1/><T86/><D86/><U40/><E129/><V13/><F13/><W51/><G18/><T126/><D126/><U90/><E17/><V132/><F132/><AGARI ba="0,1" hai="72,73,74,96,102,106,132,133" m="50217,48202" machi="132" ten="40,12000,2" yaku="30,2,18,1,19,1,23,1,34,2" doraHai="5" who="0" fromWho="2" sc="260,130,207,0,200,-120,323,0" /><INIT seed="3,0,0,4,1,110" ten="390,207,80,323" oya="3" hai0="49,62,59,78,116,3,128,66,80,32,64,85,92" hai1="107,134,21,18,4,102,14,72,98,87,6,111,12" hai2="24,56,112,122,20,135,108,29,55,124,44,60,1" hai3="67,69,42,30,79,38,53,43,68,96,15,95,82"/><W100/><G30/><T48/><D116/><U33/><E111/><V118/><F108/><W131/><G131/><T86/><D3/><U41/><E134/><V35/><F118/><W117/><G117/><T84/><D32/><U16/><E72/><V13/><F135/><W130/><G130/><T123/><D123/><U91/><E41/><V9/><F122/><W113/><G113/><T0/><D0/><U101/><E101/><V129/><F129/><W61/><G69/><T105/><D105/><U34/><E34/><V83/><F124/><W63/><G38/><T104/><D104/><U57/><E57/><V58/><F83/><W132/><G132/><T126/><D126/><U39/><E33/><V45/><F58/><W17/><G53/><T8/><D8/><U109/><E39/><V19/><F112/><W74/><G61/><T46/><D64/><U28/><E28/><V47/><F45/><W23/><AGARI ba="0,0" hai="15,17,23,42,43,63,67,68,74,79,82,95,96,100" machi="23" ten="20,2100,0" yaku="0,1,7,1" doraHai="110" who="3" fromWho="3" sc="390,-7,207,-7,80,-7,323,21" /><INIT seed="3,1,0,3,1,58" ten="383,200,73,344" oya="3" hai0="33,0,5,98,112,105,95,64,25,18,7,42,74" hai1="101,24,122,130,127,60,119,44,30,1,22,20,19" hai2="131,88,28,4,89,129,32,53,50,34,15,27,66" hai3="104,17,118,48,113,121,94,133,81,65,21,57,54"/><W134/><G104/><T35/><D74/><U124/><E122/><V3/><F34/><W59/><G121/><T102/><D35/><U100/><E1/><V123/><F123/><W82/><G113/><T116/><D116/><U2/><E2/><V68/><F3/><W106/><G106/><T67/><D0/><U49/><E130/><V78/><F78/><W132/><G118/><T115/><D42/><N who="1" m="24727" /><E60/><V41/><F41/><W73/><G73/><T85/><D33/><U62/><E62/><V75/><F75/><W39/><G39/><T108/><D108/><U87/><E87/><V79/><F79/><W96/><G59/><T43/><D43/><U109/><E109/><V52/><F4/><N who="0" m="1610" /><D85/><U72/><E119/><V37/><F37/><W91/><REACH who="3" step="1"/><G65/><REACH who="3" ten="383,200,73,334" step="2"/><T80/><D105/><U70/><E72/><V120/><F120/><W61/><G61/><T86/><D112/><U46/><E46/><V10/><F66/><W23/><G23/><N who="0" m="13559" /><D115/><U71/><E71/><V110/><F68/><W12/><AGARI ba="1,1" hai="12,17,21,48,54,57,81,82,91,94,96,132,133,134" machi="12" ten="30,12000,1" yaku="1,1,0,1,20,1,53,2" doraHai="58" doraHaiUra="77" who="3" fromWho="3" sc="383,-41,200,-41,73,-41,334,133" owari="342,14.2,159,-24.1,32,-46.8,467,56.7" /></mjloggm>