<mjloggm ver="2.3"><GO type="225" lobby="0"/><UN n0="%E3%83%9F%E3%82%B9%E3%82%BF%E3%83%BC%E3%83%89%E3%83%BC%E3%83%8A%E3%83%84" n1="%E6%81%A5%E6%99%92%E3%81%97" n2="%E3%81%94%E3%81%BE%E6%B2%B9%E9%A3%B2%E3%81%BF%E5%A4%AA%E9%83%8E" n3="%66%67%67%68%68%64%66" dan="16,17,16,16" rate="2092.50,2139.65,2100.40,2080.62" sx="M,M,M,M"/><TAIKYOKU oya="0"/><INIT seed="0,0,0,5,3,2" ten="250,250,250,250" oya="0" hai0="14,88,71,125,70,124,133,3,22,63,30,68,65" hai1="26,135,44,41,42,96,23,127,15,74,115,76,99" hai2="120,11,62,94,25,77,52,31,112,111,101,43,106" hai3="75,109,69,89,39,27,130,116,79,49,50,64,24"/><T78/><D133/><U12/><E135/><V108/><F120/><W91/><G116/><T47/><D3/><U45/><E127/><N who="0" m="48713" /><D78/><U7/><E115/><V80/><F106/><W36/><G64/><T126/><D47/><N who="1" m="17995" /><E15/><V103/><F43/><N who="1" m="16393" /><E76/><V114/><F94/><W100/><G79/><T73/><D73/><U28/><E74/><N who="2" m="43063" /><F11/><AGARI ba="0,0" hai="7,11,12,23,26,28,96,99" m="16393,17995" machi="11" ten="30,2000,0" yaku="8,1,52,1" doraHai="2" who="1" fromWho="2" sc="250,0,250,20,250,-20,250,0" /><INIT seed="1,0,0,0,4,34" ten="250,270,230,250" oya="1" hai0="65,102,41,11,25,126,84,71,92,93,97,53,54" hai1="26,103,48,78,10,27,51,29,68,98,113,46,90" hai2="57,111,28,55,33,69,1,16,24,8,59,134,116" hai3="72,19,31,117,45,108,119,67,56,122,87,104,12"/><U99/><E113/><V133/><F69/><W121/><G72/><T32/><D126/><U62/><E78/><V94/><F116/><N who="3" m="44619" /><G104/><N who="0" m="63567" /><D41/><U18/><E90/><V76/><F76/><W9/><G108/><T64/><D64/><U129/><E129/><V127/><F111/><W21/><G45/><T88/><D93/><U115/><E115/><V105/><F105/><W101/><G101/><T0/><D11/><U96/><E51/><V30/><F30/><W131/><G87/><T80/><D80/><U35/><E62/><V114/><F114/><W130/><G56/><T36/><D36/><U7/><E68/><V123/><F59/><W107/><G67/><T132/><D132/><N who="2" m="50794" /><F94/><W120/><G107/><T6/><D6/><U79/><E79/><V135/><F127/><W20/><G31/><N who="0" m="19567" /><D0/><U39/><E103/><V3/><F123/><W66/><G66/><T43/><D43/><U106/><E106/><V52/><F135/><W17/><G9/><T22/><D22/><U82/><E39/><V15/><F55/><W23/><G23/><T63/><AGARI ba="0,0" hai="53,54,63,65,71,84,88,92" m="19567,63567" machi="63" ten="30,2000,0" yaku="25,1,54,1" doraHai="34" who="0" fromWho="0" sc="250,20,270,-10,230,-5,250,-5" /><INIT seed="2,0,0,2,1,102" ten="270,260,225,245" oya="2" hai0="71,0,24,80,31,109,90,9,93,87,112,29,20" hai1="116,82,19,46,2,69,126,105,74,104,77,68,61" hai2="97,51,100,39,15,132,73,37,78,58,79,33,38" hai3="50,96,83,22,32,36,57,60,6,63,43,42,127"/><V95/><F132/><W133/><G32/><T48/><D112/><U131/><E116/><V81/><F33/><W117/><G117/><T53/><D71/><N who="1" m="27211" /><E61/><V59/><F79/><W17/><G36/><T107/><D107/><N who="1" m="41035" /><E19/><V11/><REACH who="2" step="1"/><F51/><REACH who="2" ten="270,260,215,245" step="2"/><W30/><G50/><T124/><D48/><U84/><E77/><V125/><F125/><W13/><G127/><T135/><D124/><U47/><E126/><V5/><AGARI ba="0,1" hai="5,11,15,37,38,39,58,59,73,78,81,95,97,100" machi="5" ten="30,3000,0" yaku="1,1,0,1,53,0" doraHai="102" doraHaiUra="113" who="2" fromWho="2" sc="270,-10,260,-10,215,40,245,-10" /><INIT seed="2,1,0,2,1,132" ten="260,250,255,235" oya="2" hai0="121,89,39,16,53,21,82,66,97,22,74,116,36" hai1="124,98,40,49,47,67,123,94,12,93,58,73,11" hai2="79,81,77,55,90,10,26,17,69,13,50,131,128" hai3="30,9,43,5,33,71,65,105,80,54,122,96,114"/><V101/><F101/><N who="3" m="62631" /><G122/><T41/><D121/><U83/><E123/><V63/><F26/><N who="3" m="18647" /><G54/><T57/><D66/><U91/><E73/><V120/><F120/><W38/><G80/><T42/><D116/><U126/><E83/><V135/><F135/><W119/><G119/><T102/><D22/><U44/><E44/><V100/><F100/><W0/><G114/><T6/><D6/><U86/><E67/><N who="2" m="41215" /><F90/><W95/><G95/><T24/><D42/><U117/><E58/><N who="2" m="33143" /><F81/><W109/><G109/><T59/><D41/><U7/><REACH who="1" step="1"/><E117/><REACH who="1" ten="260,240,255,235" step="2"/><V118/><F118/><W84/><G65/><T85/><D74/><U130/><E130/><AGARI ba="1,1" hai="10,13,17,77,79,128,130,131" m="33143,41215" machi="130" ten="30,1500,0" yaku="19,1" doraHai="132" who="2" fromWho="1" sc="260,0,240,-18,255,28,235,0" /><INIT seed="2,2,0,0,4,63" ten="260,222,283,235" oya="2" hai0="119,61,98,35,29,59,96,64,84,99,48,95,28" hai1="60,39,94,126,4,58,76,66,68,127,16,70,101" hai2="73,53,93,1,81,67,123,108,6,130,32,90,79" hai3="106,62,19,89,26,65,41,2,24,134,36,121,51"/><V74/><F123/><W12/><G121/><T25/><D119/><U83/><E39/><V9/><F130/><W38/><G2/><T45/><D29/><U114/><E114/><V128/><F128/><W3/><G3/><T21/><D35/><U118/><E4/><V50/><F32/><W8/><G106/><T7/><D84/><U14/><E118/><V69/><F108/><W112/><G134/><T18/><D7/><U42/><E42/><V91/><F74/><W103/><G103/><N who="0" m="60831" /><D18/><U110/><E110/><V22/><F22/><W86/><G38/><T129/><D129/><U49/><E49/><V5/><F5/><W20/><G36/><T132/><D132/><U78/><E94/><V105/><F105/><W46/><G112/><T107/><D107/><U13/><E101/><V34/><F34/><W0/><G0/><T124/><D124/><N who="1" m="47659" /><E13/><V31/><F31/><W92/><REACH who="3" step="1"/><G20/><REACH who="3" ten="260,222,283,225" step="2"/><T122/><D122/><U47/><E47/><V54/><F1/><W17/><G17/><T116/><D116/><U43/><E16/><V11/><F6/><W125/><G125/><T115/><D115/><U100/><E100/><V72/><F9/><W10/><G10/><T131/><D131/><U88/><E14/><V109/><F11/><W23/><G23/><T71/><D21/><U57/><E78/><V117/><F79/><W113/><G113/><T55/><D45/><U120/><E120/><V133/><F117/><W111/><G111/><T37/><D37/><U77/><E76/><V97/><F109/><W44/><G44/><T27/><D27/><U75/><E77/><RYUUKYOKU ba="2,1" sc="260,15,222,-15,283,-15,225,15" hai0="25,28,48,55,59,61,64,71,98,99" hai3="8,12,19,24,26,41,46,51,62,65,86,89,92" /><INIT seed="3,3,1,5,1,60" ten="275,207,268,240" oya="3" hai0="28,19,55,56,128,64,30,5,16,119,76,68,122" hai1="36,100,120,57,11,92,15,129,96,34,23,113,37" hai2="82,101,103,27,38,116,43,44,46,86,74,99,79" hai3="84,31,95,135,132,106,125,97,73,105,4,24,22"/><W124/><G73/><T69/><D119/><U115/><E120/><V72/><F116/><W63/><G4/><T85/><D122/><U110/><E34/><V33/><F101/><W0/><G0/><T10/><D69/><U8/><E113/><V25/><F46/><W53/><G84/><T41/><D41/><U108/><E115/><V83/><F33/><W94/><G94/><T47/><D68/><U13/><E23/><V109/><F109/><N who="1" m="42089" /><E129/><V39/><F39/><N who="1" m="14921" /><E57/><V89/><F74/><W118/><G118/><T6/><D56/><U77/><E77/><V126/><F126/><N who="3" m="48747" /><G53/><T134/><D55/><U42/><E42/><V114/><F114/><W20/><G63/><T71/><D76/><U59/><E59/><V112/><REACH who="2" step="1"/><F112/><REACH who="2" ten="275,207,258,240" step="2"/><W21/><G135/><T40/><D134/><U121/><E121/><V26/><F26/><W80/><G132/><T62/><D47/><U87/><E87/><V14/><F14/><AGARI ba="3,2" hai="8,11,13,14,15,92,96,100" m="14921,42089" machi="14" ten="30,1000,0" yaku="14,1" doraHai="60" who="1" fromWho="2" sc="275,0,207,39,258,-19,240,0" /><INIT seed="4,0,0,4,4,121" ten="275,246,239,240" oya="0" hai0="14,61,26,127,66,83,40,117,1,50,116,31,69" hai1="53,101,93,59,44,19,128,68,28,30,103,49,46" hai2="108,18,123,12,77,63,90,97,51,3,107,82,126" hai3="62,71,64,132,99,111,80,100,87,115,135,15,112"/><T113/><D113/><N who="3" m="43593" /><G15/><T94/><D1/><U109/><E68/><V8/><F126/><W22/><G22/><T9/><D127/><U91/><E128/><V124/><F124/><W129/><G129/><T73/><D94/><U29/><E109/><V20/><F123/><W98/><G111/><T5/><D73/><U32/><E32/><V95/><F107/><N who="3" m="63895" /><G99/><T0/><D83/><U27/><E19/><V125/><F125/><W104/><G104/><T133/><D133/><U57/><E27/><V114/><F114/><W81/><G81/><T2/><D14/><U55/><E101/><V110/><F51/><W79/><AGARI ba="0,0" hai="62,64,71,79,80,87,132,135" m="63895,43593" machi="79" ten="30,1100,0" yaku="15,1" doraHai="121" who="3" fromWho="3" sc="275,-5,246,-3,239,-3,240,11" /><INIT seed="5,0,0,4,0,127" ten="270,243,236,251" oya="1" hai0="67,104,52,7,57,25,89,76,32,75,45,61,54" hai1="95,105,12,131,56,110,91,38,16,6,94,36,59" hai2="78,44,9,47,85,88,113,17,24,133,123,132,97" hai3="13,31,49,66,69,27,23,106,128,111,21,15,42"/><U64/><E105/><V79/><F123/><W107/><G111/><T22/><D104/><U114/><E110/><V87/><F113/><W3/><G3/><T129/><D32/><U26/><E114/><V60/><F60/><W84/><G84/><N who="2" m="32329" /><F24/><W135/><G135/><N who="2" m="51785" /><F17/><W116/><G116/><T102/><D7/><U41/><E6/><V28/><F28/><W18/><G13/><T108/><D108/><U125/><E26/><V34/><F34/><W117/><G117/><T43/><D67/><U0/><E64/><V120/><F9/><W112/><G112/><T55/><D61/><U90/><E0/><V5/><F5/><W98/><G66/><T121/><D121/><U4/><E4/><V73/><F120/><W77/><G27/><T119/><D25/><U63/><E63/><V100/><F100/><W29/><G29/><T130/><D102/><U82/><E16/><V51/><F73/><W37/><G18/><T96/><D22/><U20/><E20/><V11/><F11/><W70/><G21/><T126/><D119/><U46/><E12/><V118/><F118/><W58/><G15/><T53/><D75/><U50/><E36/><V134/><N who="2" m="51793" /><V80/><DORA hai="65" /><F80/><W115/><G37/><T40/><D45/><N who="2" m="17482" /><F51/><W39/><G39/><T86/><D55/><U83/><E50/><V48/><F48/><W14/><G49/><T71/><D54/><U101/><E101/><V2/><F2/><W92/><G115/><T8/><D53/><U74/><E38/><V93/><AGARI ba="0,0" hai="78,79,88,93,97" m="17482,51793,32329" machi="93" ten="50,3200,0" yaku="20,1,54,1" doraHai="127,65" who="2" fromWho="2" sc="270,-8,243,-16,236,32,251,-8" /><INIT seed="6,0,0,4,1,102" ten="262,227,268,243" oya="2" hai0="20,9,27,49,67,34,6,63,88,101,69,62,90" hai1="118,38,95,32,43,127,76,28,36,105,106,113,52" hai2="83,68,35,59,3,7,89,45,18,120,94,104,79" hai3="87,134,48,91,111,92,41,55,21,29,77,8,96"/><V51/><F68/><W56/><G111/><T85/><D34/><U1/><E118/><V39/><F120/><W5/><G134/><T66/><D101/><U100/><E1/><V130/><F130/><W128/><G128/><T58/><D49/><U19/><E76/><V129/><F129/><W116/><G116/><T82/><D90/><U117/><E117/><V61/><F39/><N who="1" m="14889" /><E52/><V124/><F124/><W112/><G112/><T64/><D64/><U125/><E43/><V33/><F104/><N who="1" m="40041" /><E19/><V17/><F17/><W10/><G41/><T86/><D86/><U107/><E107/><V4/><F18/><W44/><G44/><T31/><D58/><U110/><E110/><V75/><F3/><W13/><G10/><T133/><D133/><U37/><E113/><V11/><F89/><W74/><G74/><T40/><D40/><U2/><E2/><N who="2" m="407" /><F94/><W70/><G70/><T115/><D69/><U22/><E22/><V47/><F7/><W135/><G135/><T123/><D115/><U46/><E95/><V131/><F131/><W132/><G132/><T122/><D6/><U16/><E16/><V50/><F50/><W126/><G21/><T97/><D20/><U24/><E100/><V109/><F109/><W71/><G71/><T25/><D85/><U72/><E72/><V60/><F59/><W99/><G87/><T54/><D88/><U0/><E0/><V30/><F51/><W15/><G48/><T12/><D54/><U23/><E23/><V114/><F35/><W14/><G56/><T84/><D84/><U93/><E93/><V108/><F114/><RYUUKYOKU ba="0,0" sc="262,-10,227,30,268,-10,243,-10" hai1="24,28,32,37,46,125,127" /><INIT seed="7,1,0,1,1,66" ten="252,257,258,233" oya="3" hai0="113,80,90,26,52,128,53,125,96,82,63,74,67" hai1="119,116,100,32,65,104,46,73,19,17,127,55,79" hai2="58,93,47,112,70,68,59,49,13,133,121,38,84" hai3="56,89,3,98,99,120,4,40,36,75,54,60,83"/><W22/><G120/><T0/><D0/><U118/><E127/><V134/><F13/><W122/><G122/><T5/><D125/><U132/><E132/><N who="2" m="50795" /><F112/><W41/><G22/><T39/><D39/><U129/><E129/><V2/><F2/><W11/><G41/><T15/><D128/><U64/><E32/><V126/><F126/><W43/><G40/><T16/><D74/><U28/><E28/><V101/><F38/><W24/><G24/><T87/><D113/><U30/><E30/><V86/><F86/><W61/><G61/><T135/><D135/><U35/><E35/><V29/><F29/><W109/><G109/><T124/><D96/><N who="1" m="61447" /><E79/><V62/><F62/><W14/><G14/><T71/><D124/><U107/><E107/><V123/><F123/><W72/><G72/><T130/><D130/><U37/><E73/><V78/><F78/><N who="3" m="44511" /><G89/><T12/><D26/><U110/><E110/><V20/><F20/><W103/><G103/><T23/><REACH who="0" step="1"/><D80/><REACH who="0" ten="242,257,258,233" step="2"/><U44/><E37/><V117/><F121/><W81/><G81/><T77/><D77/><U18/><E116/><V115/><F117/><W105/><G105/><T34/><D34/><U50/><E118/><V31/><F115/><W92/><G92/><T114/><D114/><U9/><E119/><V7/><F93/><W10/><G10/><AGARI ba="1,1" hai="5,10,12,15,16,23,52,53,63,67,71,82,87,90" machi="10" ten="40,8000,1" yaku="1,1,52,1,54,2,53,0" doraHai="66" doraHaiUra="108" who="0" fromWho="3" sc="242,93,257,0,258,0,233,-83" owari="335,43.5,257,-14.3,258,5.8,150,-35.0" /></mjloggm>