<mjloggm ver="2.3"><GO type="225" lobby="0"/><UN n0="%E5%B8%86%E7%AB%8B%E5%A4%8F%E8%A1%A3" n1="%E3%81%95%E3%81%8D%E3%81%9F%E3%81%BE%E6%9E%97%E6%AA%8E" n2="%E3%82%B7%E3%83%88%E3%83%AD%E3%82%A8%E3%83%B3%E3%81%AE%E5%AD%A4%E7%8B%AC" n3="%E3%82%8F%E3%81%8B%E3%81%B0%2A%E3%82%AC%E3%83%BC%E3%83%AB" dan="17,16,16,16" rate="2256.37,2138.03,2137.09,2121.64" sx="M,M,F,M"/><TAIKYOKU oya="0"/><INIT seed="0,0,0,3,5,6" ten="250,250,250,250" oya="0" hai0="88,121,49,54,15,86,52,35,57,120,66,51,25" hai1="12,97,134,127,7,119,74,102,62,17,3,9,107" hai2="117,64,108,68,20,53,96,32,92,132,65,135,46" hai3="43,101,115,47,44,13,129,0,23,77,67,71,42"/><T48/><D121/><U116/><E134/><N who="2" m="51243" /><F32/><W104/><G115/><T113/><D113/><U40/><E127/><V26/><F68/><W122/><G0/><T73/><D73/><U112/><E112/><V58/><F46/><W31/><G122/><T123/><D123/><U89/><E74/><V81/><F81/><W30/><G77/><T55/><D120/><U103/><E40/><V80/><F80/><W18/><G129/><T109/><D109/><U39/><E39/><V110/><F117/><W27/><G31/><T118/><D118/><U59/><E103/><N who="2" m="60807" /><F64/><W8/><G101/><T29/><D15/><U95/><E107/><V83/><F83/><W79/><G104/><T41/><D41/><U56/><E102/><V124/><F65/><W94/><G79/><T11/><D11/><U87/><E97/><V133/><N who="2" m="51251" /><V131/><DORA hai="5" /><F131/><W34/><G94/><T2/><D2/><U82/><E95/><V10/><F10/><W100/><G100/><T93/><REACH who="0" step="1"/><D66/><REACH who="0" ten="240,250,250,250" step="2"/><U98/><E119/><V70/><F124/><W125/><G125/><T76/><D76/><U128/><E116/><V45/><F108/><W85/><G67/><T69/><D69/><U19/><E3/><V16/><F70/><W28/><G71/><T60/><AGARI ba="0,1" hai="25,29,35,48,49,51,52,54,55,57,60,86,88,93" machi="60" ten="30,12000,1" yaku="1,1,0,1,54,2,53,1" doraHai="6,5" doraHaiUra="4,22" who="0" fromWho="0" sc="240,130,250,-40,250,-40,250,-40" /><INIT seed="0,1,0,5,5,25" ten="370,210,210,210" oya="0" hai0="104,102,0,113,3,11,68,48,99,54,20,118,78" hai1="19,128,122,70,71,84,2,59,33,9,53,46,110" hai2="85,129,44,63,60,94,81,50,37,120,72,75,14" hai3="17,55,23,115,112,36,111,83,16,34,97,100,109"/><T1/><D113/><U58/><E122/><V30/><F120/><W98/><G34/><T133/><D133/><U29/><E128/><V93/><F37/><W28/><G36/><T107/><D118/><U8/><E110/><N who="3" m="41994" /><G83/><T123/><D123/><U131/><E131/><V5/><F30/><W103/><G55/><T51/><D68/><U61/><E46/><V12/><F75/><W65/><G65/><T88/><D78/><U89/><E9/><N who="2" m="4143" /><F14/><N who="3" m="9623" /><G17/><T66/><D66/><U69/><E59/><V74/><F72/><W27/><G27/><T45/><D107/><U10/><E2/><V121/><F74/><W91/><G28/><T31/><D51/><U124/><E19/><V73/><F73/><W132/><G91/><T43/><D88/><U39/><E39/><V67/><F121/><W52/><G52/><T4/><D54/><U106/><E53/><N who="2" m="29895" /><F129/><W116/><G116/><T105/><D105/><U77/><E29/><V114/><F114/><N who="3" m="43563" /><G132/><T90/><D90/><U130/><E106/><V86/><F63/><W117/><G117/><T24/><AGARI ba="1,0" hai="0,1,3,4,11,20,24,31,43,45,48,99,102,104" machi="24" ten="30,3000,0" yaku="0,1,52,1" doraHai="25" who="0" fromWho="0" sc="370,33,210,-11,210,-11,210,-11" /><INIT seed="0,2,0,0,1,114" ten="403,199,199,199" oya="0" hai0="13,56,128,61,72,18,53,4,70,85,69,118,24" hai1="107,20,97,127,43,106,14,2,120,105,45,108,68" hai2="83,93,44,5,15,39,94,0,46,92,117,132,16" hai3="3,124,28,52,17,76,59,133,23,21,123,49,22"/><T135/><D118/><U38/><E120/><V80/><F132/><W63/><G123/><T86/><D72/><U9/><E2/><V8/><F117/><W90/><G124/><T19/><D135/><U100/><E127/><V122/><F122/><W95/><G133/><T115/><D128/><U65/><E108/><V62/><F62/><W131/><G131/><T29/><D115/><U33/><E33/><V113/><F113/><W64/><G3/><T89/><D70/><U134/><E134/><V32/><F32/><W51/><G28/><T125/><D69/><U11/><E68/><V71/><F71/><W87/><G76/><T54/><D54/><U119/><E119/><V126/><F126/><W35/><G35/><T81/><D86/><U130/><E65/><V74/><F74/><W27/><REACH who="3" step="1"/><G49/><REACH who="3" ten="403,199,199,189" step="2"/><T116/><D125/><U7/><E130/><V121/><F121/><W84/><G84/><T88/><D116/><U50/><E50/><V129/><F129/><W96/><G96/><T1/><D1/><U66/><E97/><V48/><F39/><W78/><G78/><T12/><D29/><U42/><E38/><V37/><F37/><W91/><G91/><T10/><D89/><U47/><E66/><V41/><REACH who="2" step="1"/><F44/><AGARI ba="2,1" hai="17,21,22,23,27,44,51,52,59,63,64,87,90,95" machi="44" ten="30,7700,0" yaku="1,1,7,1,8,1,54,1,53,0" doraHai="114" doraHaiUra="109" who="3" fromWho="2" sc="403,0,199,0,199,-83,189,93" /><INIT seed="1,0,0,5,4,1" ten="403,199,116,282" oya="1" hai0="32,76,49,26,62,74,22,54,27,13,83,96,47" hai1="108,34,51,126,30,119,72,111,124,15,110,105,42" hai2="86,61,11,70,132,92,80,58,107,121,98,75,82" hai3="95,28,57,78,64,120,0,118,101,104,79,60,48"/><U91/><E72/><V115/><F121/><W93/><G120/><T5/><D32/><U3/><E105/><V8/><F70/><W102/><G0/><T6/><D13/><U134/><E3/><V45/><F107/><W65/><G118/><T37/><D27/><N who="1" m="18783" /><E119/><V18/><F115/><W84/><G28/><T14/><D14/><U53/><E42/><V66/><F132/><W56/><G104/><T44/><D96/><U36/><E36/><V50/><F75/><W103/><G48/><T88/><D88/><U89/><E15/><V73/><F73/><W99/><G84/><T122/><D122/><U20/><E20/><V35/><F18/><W94/><G99/><T71/><D44/><N who="1" m="27879" /><E134/><V106/><F106/><W24/><G24/><T133/><D37/><U128/><E128/><V7/><F35/><W39/><G39/><T16/><D133/><U97/><E91/><V129/><F129/><W85/><G85/><T77/><D77/><U90/><E89/><N who="2" m="55567" /><F7/><W21/><G21/><T113/><D113/><U17/><E17/><V63/><F63/><AGARI ba="0,0" hai="56,57,60,63,64,65,78,79,93,94,95,101,102,103" machi="63" ten="40,2600,0" yaku="9,1,8,1" doraHai="1" who="3" fromWho="2" sc="403,0,199,0,116,-26,282,26" /><INIT seed="2,0,0,1,2,117" ten="403,199,90,308" oya="2" hai0="37,114,49,31,59,52,72,41,118,47,81,127,120" hai1="51,126,68,4,91,124,48,69,135,32,122,55,1" hai2="77,108,36,20,71,103,121,50,14,94,29,64,34" hai3="96,33,23,9,44,129,73,116,56,13,0,42,70"/><V28/><F121/><W92/><G116/><T123/><D114/><U45/><E32/><V125/><F36/><W113/><G113/><T63/><D118/><U6/><E135/><V109/><F125/><N who="1" m="48233" /><E91/><V30/><F77/><W8/><G70/><N who="1" m="27242" /><E1/><V12/><F34/><W79/><G33/><T39/><D127/><U5/><E51/><V115/><F115/><W78/><G73/><T54/><D31/><U110/><E110/><N who="2" m="42603" /><F50/><W60/><G0/><T62/><D81/><U86/><E86/><V100/><F20/><W97/><G23/><T104/><D104/><U95/><E95/><V134/><F134/><W24/><G92/><T85/><D85/><U133/><E133/><V128/><F128/><W38/><G129/><T16/><D72/><U67/><E67/><V107/><F107/><W90/><G90/><T58/><D39/><U53/><E122/><V82/><F82/><W99/><G8/><T57/><D37/><U98/><E98/><N who="2" m="59479" /><F103/><W22/><G9/><T18/><D58/><U87/><E87/><V27/><F27/><W61/><G13/><N who="2" m="5225" /><F71/><W3/><G3/><T88/><D88/><U40/><AGARI ba="0,0" hai="4,5,6,40,45,48,53,55" m="27242,48233" machi="40" ten="40,1500,0" yaku="18,1" doraHai="117" who="1" fromWho="1" sc="403,-4,199,15,90,-7,308,-4" /><INIT seed="3,0,0,4,5,8" ten="399,214,83,304" oya="3" hai0="62,123,85,30,21,63,115,112,106,73,65,135,37" hai1="16,86,107,72,29,45,38,83,67,130,87,10,28" hai2="126,43,120,82,59,5,127,103,75,61,31,133,23" hai3="3,35,128,54,113,51,19,64,90,94,111,110,40"/><W105/><G113/><N who="0" m="43595" /><D135/><U2/><E107/><V11/><F43/><W116/><G116/><T27/><D73/><U102/><E130/><V132/><F103/><W117/><G117/><T92/><D123/><U104/><E67/><V52/><F75/><W25/><G128/><T71/><D106/><U49/><E38/><V41/><F41/><W44/><G105/><T122/><D122/><U6/><E72/><V74/><F120/><W91/><G3/><T17/><D37/><U18/><E87/><V66/><F74/><W20/><G64/><N who="0" m="41367" /><D85/><U97/><E29/><V36/><F82/><W68/><G68/><N who="0" m="42047" /><D92/><U22/><E28/><AGARI ba="0,0" hai="17,21,27,28,30" m="42047,41367,43595" machi="28" ten="30,1000,0" yaku="11,1" doraHai="8" who="0" fromWho="1" sc="399,10,214,-10,83,0,304,0" owari="409,50.9,204,-19.6,83,-41.7,304,10.4" /></mjloggm>