<mjloggm ver="2.3"><GO type="225" lobby="0"/><UN n0="%72%65%6E%6B%75%6E" n1="%E3%81%95%E3%81%8D%E3%81%9F%E3%81%BE%E6%9E%97%E6%AA%8E" n2="%72%61%6B%33" n3="%E5%8D%A0%E3%81%84%E5%B8%AB%E8%A3%8F%E3%81%AA%E3%81%84%E3%81%97" dan="17,16,16,17" rate="2193.22,2133.81,2163.87,2256.12" sx="M,M,M,M"/><TAIKYOKU oya="0"/><INIT seed="0,0,0,4,0,47" ten="250,250,250,250" oya="0" hai0="135,123,103,85,120,54,112,58,36,18,0,77,99" hai1="124,52,43,49,38,91,40,108,89,118,62,19,30" hai2="4,82,128,33,70,13,87,71,41,116,86,56,69" hai3="79,55,94,31,107,14,53,2,8,7,106,72,21"/><T113/><D0/><U98/><E118/><V32/><F116/><W115/><G115/><T24/><D36/><U109/><E30/><V29/><F128/><W88/><G72/><T42/><D42/><N who="1" m="15915" /><E38/><V16/><F4/><W45/><G79/><T121/><D135/><U50/><E124/><V11/><F41/><W15/><G2/><T133/><D133/><U76/><E76/><V74/><F74/><W22/><G31/><T129/><D129/><U95/><E19/><V93/><F29/><W68/><G68/><T35/><D35/><U105/><E105/><V64/><F93/><W28/><G28/><T20/><D77/><U34/><E34/><V51/><F64/><W134/><G134/><T44/><D44/><U84/><E109/><V96/><F96/><W132/><G132/><T131/><D85/><U111/><E111/><V100/><F100/><W9/><G45/><T65/><D131/><U81/><E108/><V97/><F97/><W1/><G1/><T90/><D90/><U67/><E67/><V37/><F87/><N who="3" m="52511" /><G107/><T23/><D65/><U27/><E27/><V39/><F39/><W25/><G106/><T83/><D83/><U48/><E62/><V10/><F37/><W104/><G104/><T102/><D99/><U75/><E75/><V126/><F126/><W61/><G61/><N who="0" m="36055" /><D112/><U122/><E122/><V114/><F114/><W12/><G25/><N who="0" m="14487" /><D113/><U46/><AGARI ba="0,0" hai="46,48,49,50,52,81,84,89,91,95,98" m="15915" machi="46" ten="30,8000,1" yaku="8,1,52,3,54,1" doraHai="47" who="1" fromWho="1" sc="250,-40,250,80,250,-20,250,-20" /><INIT seed="1,0,0,1,5,77" ten="210,330,230,230" oya="1" hai0="70,86,117,30,73,60,83,93,102,29,106,135,115" hai1="75,9,27,21,66,5,126,84,33,88,34,23,105" hai2="129,36,65,53,61,13,82,124,55,110,20,8,51" hai3="57,130,68,54,94,37,52,120,69,78,64,63,59"/><U101/><E75/><V31/><F110/><W38/><G94/><T113/><D117/><U48/><E66/><V39/><F124/><W2/><G78/><T26/><D135/><U95/><E126/><V4/><F129/><W97/><G97/><T46/><D73/><U76/><E76/><V49/><F36/><N who="3" m="13931" /><G2/><T6/><D6/><U125/><E125/><V1/><F39/><W100/><G100/><T41/><D93/><U90/><E90/><V12/><F1/><W19/><G19/><T79/><D30/><U28/><E34/><V122/><F122/><W87/><G87/><T107/><D60/><U7/><E7/><V104/><F104/><W96/><G96/><T44/><D70/><N who="3" m="27241" /><G120/><T109/><D109/><U11/><E11/><V16/><F31/><W121/><G121/><T123/><D123/><U98/><E48/><N who="2" m="18507" /><F82/><W24/><G24/><T58/><D58/><AGARI ba="0,0" hai="4,8,12,13,16,20,53,55,58,61,65" m="18507" machi="58" ten="30,2000,0" yaku="8,1,54,1" doraHai="77" who="2" fromWho="0" sc="210,-20,330,0,230,20,230,0" /><INIT seed="2,0,0,0,3,88" ten="190,330,250,230" oya="2" hai0="62,86,89,77,47,60,118,42,76,17,82,13,65" hai1="117,80,94,68,16,43,50,130,67,107,91,92,129" hai2="83,104,27,63,93,18,127,61,134,122,96,7,128" hai3="114,29,106,64,74,123,45,54,30,37,24,72,28"/><V36/><F122/><W131/><G123/><T14/><D118/><U124/><E117/><V132/><F36/><W112/><G106/><T49/><D13/><U10/><E124/><V12/><F104/><W116/><G116/><T102/><D102/><U21/><E107/><V5/><F127/><W53/><G64/><T22/><REACH who="0" step="1"/><D62/><REACH who="0" ten="180,330,250,230" step="2"/><U9/><E130/><V125/><F128/><W111/><G131/><T35/><D35/><U71/><E129/><V113/><F61/><W56/><G24/><T133/><D133/><U15/><E15/><V33/><F63/><N who="3" m="36239" /><G111/><T31/><D31/><U99/><E9/><V4/><F125/><W120/><G120/><T58/><AGARI ba="0,1" hai="14,17,22,42,47,49,58,60,65,76,77,82,86,89" machi="58" ten="20,5200,0" yaku="1,1,0,1,7,1,8,1,53,0" doraHai="88" doraHaiUra="97" who="0" fromWho="0" sc="180,62,330,-13,250,-26,230,-13" /><INIT seed="3,0,0,1,2,98" ten="242,317,224,217" oya="3" hai0="75,135,59,53,102,70,12,41,129,45,64,23,68" hai1="114,78,20,80,15,86,31,26,2,119,10,36,30" hai2="56,121,85,112,81,27,97,50,120,14,131,128,71" hai3="124,24,19,108,87,110,111,13,7,28,8,99,116"/><W65/><G116/><T117/><D75/><U127/><E114/><V52/><F112/><W113/><G113/><T62/><D117/><U60/><E36/><V77/><F71/><W34/><G124/><T96/><D129/><N who="2" m="49738" /><F14/><N who="3" m="5407" /><G87/><T104/><D135/><U55/><E127/><V0/><F0/><W125/><G99/><T39/><D12/><U5/><E119/><V40/><F40/><W16/><G125/><T79/><D79/><U69/><E2/><V48/><F48/><W101/><G65/><T89/><D23/><U17/><E69/><V118/><F118/><W66/><G66/><T115/><D115/><U18/><E5/><V51/><F51/><W74/><G74/><T44/><D89/><U35/><E35/><V105/><F27/><N who="3" m="18719" /><G101/><AGARI ba="0,0" hai="50,52,56,77,81,85,97,101,105,120,121" m="49738" machi="101" ten="30,3900,0" yaku="19,1,52,1,54,1" doraHai="98" who="2" fromWho="3" sc="242,0,317,0,224,39,217,-39" owari="242,-15.8,317,41.7,263,6.3,178,-32.2" /></mjloggm>