<mjloggm ver="2.3"><GO type="225" lobby="0"/><UN n0="%E3%81%A4%E3%81%A3%E3%81%B1%E3%82%8A%E3%83%9D%E3%83%BC%E3%83%AB" n1="%6E%69%63%6F%6E%74%6F" n2="%E3%81%9F%E3%81%8C%E3%82%84%E3%81%99" n3="%E6%9C%88%E5%B3%B6%E5%9F%BA" dan="17,16,16,17" rate="2157.14,2102.73,2152.37,2215.19" sx="M,M,M,M"/><TAIKYOKU oya="0"/><INIT seed="0,0,0,4,2,88" ten="250,250,250,250" oya="0" hai0="85,53,106,76,104,27,119,95,73,116,67,22,122" hai1="125,29,49,97,56,25,40,55,62,103,118,8,39" hai2="48,57,96,105,7,24,50,135,12,113,58,92,74" hai3="131,36,17,19,2,124,98,120,20,9,32,121,70"/><T82/><D122/><N who="3" m="47209" /><G70/><T100/><D67/><U45/><E125/><V44/><F74/><W110/><G36/><T31/><D53/><U94/><E118/><V130/><F113/><W54/><G124/><T75/><D75/><U28/><E8/><N who="2" m="4127" /><F105/><W66/><G66/><T126/><D126/><U23/><REACH who="1" step="1"/><E29/><REACH who="1" ten="250,240,250,250" step="2"/><V128/><F135/><W51/><G110/><T34/><D119/><U47/><E47/><V61/><F130/><W11/><G11/><T107/><D116/><U13/><E13/><V4/><F128/><W123/><G9/><T0/><D0/><U108/><E108/><V71/><F4/><W42/><G2/><T81/><D22/><U72/><E72/><V15/><F15/><W16/><G20/><T101/><REACH who="0" step="1"/><D95/><REACH who="0" ten="240,240,250,250" step="2"/><U99/><E99/><V30/><F92/><W41/><G98/><T3/><D3/><U52/><E52/><V114/><F96/><W46/><G131/><T26/><D26/><U78/><E78/><AGARI ba="0,2" hai="27,31,34,73,76,78,81,82,85,100,101,104,106,107" machi="78" ten="40,2000,0" yaku="1,1,53,0" doraHai="88" doraHaiUra="63" who="0" fromWho="1" sc="240,40,240,-20,250,0,250,0" /><INIT seed="0,1,0,3,4,123" ten="280,220,250,250" oya="0" hai0="50,93,98,1,6,0,19,95,116,43,5,69,72" hai1="113,89,40,104,101,119,17,135,92,28,99,3,13" hai2="23,71,24,100,75,134,63,35,26,9,122,115,67" hai3="81,120,39,86,133,49,14,44,118,58,108,48,130"/><T22/><D116/><U105/><E119/><V51/><F75/><W90/><G118/><T80/><D69/><U74/><E3/><V16/><F122/><W111/><G120/><T107/><D107/><U45/><E135/><V126/><F115/><W87/><G133/><T110/><D1/><U124/><E124/><V38/><F38/><W112/><G112/><T11/><D6/><U25/><E113/><V34/><F134/><W78/><G130/><T125/><D125/><U83/><E74/><V8/><F126/><W54/><G14/><T66/><D66/><U109/><E109/><N who="3" m="42058" /><G39/><T15/><D110/><U76/><E76/><V68/><F68/><W79/><G86/><T128/><D128/><U47/><E83/><V52/><F100/><W65/><G65/><T131/><D15/><U46/><E40/><AGARI ba="1,0" hai="40,44,48,49,54,58,78,79,81,87,90" m="42058" machi="40" ten="30,7700,0" yaku="14,1,52,3" doraHai="123" who="3" fromWho="1" sc="280,0,220,-80,250,0,250,80" /><INIT seed="1,0,0,2,2,76" ten="280,140,250,330" oya="1" hai0="63,101,123,72,45,98,119,36,57,118,0,120,62" hai1="32,58,41,115,65,69,96,78,30,134,18,93,43" hai2="104,17,117,31,83,128,46,110,135,26,121,107,109" hai3="111,129,64,35,20,42,90,102,13,21,44,3,106"/><U5/><E115/><V11/><F46/><W89/><G35/><T22/><D0/><U16/><E134/><V127/><F117/><W92/><G3/><T94/><D72/><U10/><E69/><V2/><F121/><N who="0" m="46666" /><D22/><U28/><E78/><V33/><F135/><W54/><G111/><N who="2" m="42505" /><F127/><W88/><G129/><T73/><D73/><U50/><E32/><V55/><F55/><W133/><G106/><T108/><D108/><U131/><E131/><V113/><F128/><W99/><G64/><N who="0" m="38991" /><D63/><N who="1" m="38135" /><E5/><N who="2" m="1463" /><F113/><W122/><G122/><T80/><D80/><U91/><E43/><AGARI ba="0,0" hai="36,43,45,94,98,101,118,119" m="38991,46666" machi="43" ten="30,1000,0" yaku="13,1" doraHai="76" who="0" fromWho="1" sc="280,10,140,-10,250,0,330,0" /><INIT seed="2,0,0,2,0,58" ten="290,130,250,330" oya="2" hai0="116,89,64,97,75,101,70,132,110,15,109,18,45" hai1="54,119,128,125,41,129,96,40,99,42,9,68,26" hai2="1,38,120,123,65,82,23,94,7,114,80,91,134" hai3="76,131,51,84,27,107,102,113,126,133,60,47,20"/><V78/><F38/><W108/><G108/><N who="0" m="41579" /><D75/><U59/><E119/><V44/><F114/><W48/><G113/><T92/><D116/><U103/><E125/><V53/><F134/><W106/><G126/><T61/><D132/><U11/><E68/><V8/><F65/><W100/><G107/><T57/><D45/><U3/><E26/><V16/><F44/><W50/><G106/><T21/><D101/><N who="3" m="39017" /><G131/><T35/><D35/><U83/><E83/><V2/><F2/><W6/><G6/><T25/><D25/><U33/><E33/><V46/><F46/><W86/><G133/><T121/><D121/><U118/><E118/><V67/><F67/><W72/><G72/><T135/><D135/><U85/><E85/><N who="3" m="32874" /><G76/><T77/><D77/><U29/><E29/><V87/><F53/><W12/><G12/><T63/><D63/><U56/><E3/><V105/><F105/><W28/><G60/><T69/><AGARI ba="0,0" hai="15,18,21,57,61,64,69,70,89,92,97" m="41579" machi="69" ten="30,2000,0" yaku="14,1,52,1" doraHai="58" who="0" fromWho="0" sc="290,20,130,-5,250,-10,330,-5" /><INIT seed="3,0,0,1,1,38" ten="310,125,240,325" oya="3" hai0="32,74,109,114,54,106,25,7,52,97,113,19,20" hai1="21,45,56,43,71,47,115,89,116,31,55,110,95" hai2="68,104,99,61,121,96,46,91,86,132,42,0,8" hai3="79,39,27,26,1,81,129,108,72,37,30,14,80"/><W77/><G108/><T10/><D109/><U6/><E115/><N who="0" m="44041" /><D74/><U69/><E110/><V117/><F104/><W73/><G129/><T35/><D97/><U84/><E116/><V92/><F117/><W40/><G1/><N who="0" m="367" /><D106/><U22/><E6/><V128/><F128/><W130/><G130/><T24/><D24/><U59/><E59/><V63/><F132/><W50/><G14/><T17/><D17/><U123/><E123/><V64/><F121/><W65/><G65/><T15/><D25/><U82/><E95/><V111/><F111/><W57/><G27/><T62/><D62/><U36/><E47/><V60/><F0/><W33/><G40/><T67/><D67/><U93/><E31/><V29/><F29/><W2/><G2/><T85/><D85/><U12/><E93/><V75/><F75/><W18/><G18/><T112/><D112/><U4/><E22/><V70/><F8/><W133/><G133/><T76/><D76/><U88/><E89/><V13/><F13/><W135/><G135/><T94/><D94/><U120/><E120/><V122/><F122/><W66/><G66/><T100/><D100/><U124/><E124/><V102/><F64/><W126/><G126/><T58/><D58/><U98/><E98/><V83/><F99/><W3/><G3/><T41/><D41/><U125/><E125/><V127/><F127/><W90/><G90/><T105/><D105/><U119/><E119/><V49/><AGARI ba="0,0" hai="42,46,49,60,61,63,68,70,83,86,91,92,96,102" machi="49" ten="30,2000,0" yaku="0,1,52,1" doraHai="38" who="2" fromWho="2" sc="310,-5,125,-5,240,20,325,-10" owari="305,10.5,120,-38.0,260,-14.0,315,41.5" /></mjloggm>