<mjloggm ver="2.3"><GO type="225" lobby="0"/><UN n0="%41%6F%54" n1="%E3%81%8B%E3%82%8F%E3%81%A1%E3%82%83%E3%82%93%35%38" n2="%E3%83%96%E3%83%83%E3%83%91%E3%82%AA%E3%83%96%E3%83%81%E3%82%AD%E3%83%B3" n3="%E3%82%B3%E3%83%90%E3%83%AC%E3%82%A4" dan="16,16,16,16" rate="2090.60,2146.15,2150.30,2167.57" sx="M,M,M,M"/><TAIKYOKU oya="0"/><INIT seed="0,0,0,0,5,30" ten="250,250,250,250" oya="0" hai0="66,87,135,11,104,22,56,106,45,28,78,125,91" hai1="80,63,122,0,126,31,58,108,36,48,16,110,32" hai2="33,116,74,18,112,13,8,57,132,86,81,134,70" hai3="133,24,15,25,23,131,43,5,26,96,37,114,95"/><T69/><D69/><U50/><E122/><V9/><F112/><W34/><G114/><T130/><D130/><U17/><E36/><V61/><F116/><W7/><G131/><T55/><D125/><U103/><E0/><V75/><F70/><W109/><G133/><N who="2" m="51305" /><F9/><W84/><G109/><N who="1" m="42090" /><E103/><V59/><F33/><W42/><G34/><T115/><D115/><U120/><E120/><V1/><F1/><W65/><G65/><T53/><D78/><U117/><E117/><V47/><F47/><W105/><G105/><T20/><D106/><U38/><E38/><V14/><F14/><W46/><G84/><T67/><D104/><U82/><E126/><V49/><F49/><N who="1" m="19049" /><E31/><V93/><F93/><W64/><G64/><T101/><D28/><U54/><E32/><V94/><F94/><W41/><G46/><T72/><D45/><U113/><E113/><V88/><F59/><W10/><G37/><T51/><D135/><U3/><E3/><V123/><F123/><W111/><G111/><T77/><D56/><U12/><E17/><V100/><F100/><N who="3" m="60447" /><G7/><T62/><D101/><U29/><E29/><AGARI ba="0,0" hai="5,10,15,23,24,25,26,29,41,42,43" m="60447" machi="29" ten="30,1000,0" yaku="8,1" doraHai="30" who="3" fromWho="1" sc="250,0,250,-10,250,0,250,10" /><INIT seed="1,0,0,4,1,115" ten="250,240,250,260" oya="1" hai0="43,32,20,134,17,108,74,50,22,114,121,63,21" hai1="104,88,109,9,4,66,84,47,12,89,124,59,44" hai2="27,70,26,13,119,24,130,58,101,135,81,34,127" hai3="85,53,79,71,67,95,61,37,94,132,40,14,15"/><U5/><E104/><V125/><F70/><W98/><G132/><T7/><D114/><U82/><E124/><N who="2" m="47691" /><F101/><W118/><G118/><T45/><D32/><U126/><E126/><V31/><F135/><W76/><G79/><T54/><D134/><U23/><E109/><V93/><F93/><W64/><G67/><T52/><D108/><U0/><E0/><V11/><F58/><W117/><G117/><T111/><D111/><U72/><E72/><V120/><F81/><W51/><G95/><T116/><D116/><U18/><E89/><V16/><F119/><W39/><G39/><T112/><D112/><U102/><E102/><V87/><F87/><W123/><G85/><T3/><D74/><U83/><E83/><V60/><F60/><W57/><G76/><T92/><D121/><U73/><E73/><V110/><F110/><W29/><G29/><T69/><D92/><U49/><E4/><N who="2" m="3303" /><F120/><W99/><G99/><T75/><D75/><U68/><E68/><V28/><F130/><W36/><G36/><T90/><D90/><U19/><E5/><V86/><F86/><W2/><G2/><T65/><D7/><U96/><E96/><V25/><F31/><W105/><G105/><T62/><D3/><U8/><E66/><V41/><F41/><W1/><G1/><T77/><D77/><U133/><E133/><V106/><F106/><W55/><G123/><T97/><D97/><U128/><E128/><V80/><F80/><W35/><G40/><T46/><D43/><N who="1" m="24735" /><E47/><V42/><F42/><W129/><G129/><T100/><D46/><U30/><E82/><RYUUKYOKU ba="0,0" sc="250,-10,240,-10,250,30,260,-10" hai2="16,24,25,26,27,28,34" /><INIT seed="2,1,0,4,1,23" ten="240,230,280,250" oya="2" hai0="104,114,132,103,66,87,15,58,86,122,91,56,39" hai1="18,93,30,94,85,32,128,126,54,83,78,21,4" hai2="53,19,79,48,88,80,5,69,70,42,116,105,115" hai3="22,101,41,43,123,92,67,65,11,52,130,9,49"/><V12/><F115/><W111/><G123/><T106/><D122/><U74/><E4/><V14/><F116/><W60/><G130/><T108/><D114/><U110/><E128/><V98/><F42/><N who="3" m="15883" /><G111/><T121/><D121/><U95/><E110/><V3/><F3/><W84/><G60/><T125/><D39/><U118/><E118/><V107/><F107/><W37/><G37/><T45/><D45/><U29/><E126/><V89/><F105/><W131/><G22/><T62/><D108/><U82/><E54/><V16/><F5/><W75/><G75/><T44/><D44/><U127/><E32/><V113/><F113/><W64/><G131/><T117/><D117/><U17/><E127/><V13/><F69/><W10/><G84/><T27/><D86/><N who="1" m="48471" /><E17/><N who="2" m="6731" /><F70/><W100/><G92/><N who="1" m="23554" /><U2/><DORA hai="68" /><E2/><V40/><F98/><W63/><G63/><T76/><D62/><U7/><E7/><V47/><F40/><W36/><G36/><T97/><D97/><U124/><E124/><V6/><F6/><W109/><G109/><T31/><D125/><U90/><E74/><V57/><F47/><AGARI ba="1,0" hai="9,10,11,47,49,52,64,65,67,100,101" m="15883" machi="47" ten="30,2000,0" yaku="8,1,54,1" doraHai="23,68" who="3" fromWho="2" sc="240,0,230,0,280,-23,250,23" /><INIT seed="3,0,0,5,3,22" ten="240,230,257,273" oya="3" hai0="1,50,101,54,73,12,11,82,135,80,27,111,65" hai1="97,32,62,25,47,85,124,57,7,3,4,63,98" hai2="102,126,119,108,28,6,13,68,35,99,34,118,53" hai3="112,134,125,120,104,131,115,93,70,48,58,116,15"/><W72/><RYUUKYOKU type="yao9" ba="0,0" sc="240,0,230,0,257,0,273,0" hai3="15,48,58,70,72,93,104,112,115,116,120,125,131,134" /><INIT seed="3,1,0,1,5,118" ten="240,230,257,273" oya="3" hai0="16,36,59,95,114,64,89,126,50,98,26,124,53" hai1="94,113,92,123,38,107,42,132,134,8,60,48,17" hai2="79,9,25,128,13,66,2,97,108,30,58,6,61" hai3="19,82,111,29,81,115,55,46,51,100,103,74,21"/><W12/><G115/><T70/><D36/><U18/><E113/><V49/><F108/><W65/><G111/><T104/><D114/><U67/><E107/><V117/><F117/><W62/><G29/><T31/><D104/><U4/><E38/><V28/><F128/><W135/><G135/><N who="1" m="51754" /><E123/><V15/><F79/><W91/><G82/><T76/><D76/><U37/><E37/><V121/><F121/><W5/><G5/><T77/><D77/><U78/><E78/><V72/><F72/><W71/><G74/><T119/><D119/><U88/><E48/><V20/><F30/><W73/><G73/><T10/><D70/><N who="1" m="42343" /><E42/><V63/><F49/><W116/><G116/><T129/><D64/><U45/><E45/><V54/><REACH who="2" step="1"/><F97/><REACH who="2" ten="240,230,247,273" step="2"/><W93/><REACH who="3" step="1"/><G81/><REACH who="3" ten="240,230,247,263" step="2"/><T125/><D126/><U120/><E120/><V110/><F110/><W80/><G80/><T69/><D125/><U14/><E94/><V87/><F87/><AGARI ba="1,2" hai="12,19,21,46,51,55,62,65,71,87,91,93,100,103" machi="87" ten="30,2900,0" yaku="1,1,7,1,53,0" doraHai="118" doraHaiUra="106" who="3" fromWho="2" sc="240,0,230,0,247,-32,263,52" /><AGARI ba="1,0" hai="4,8,14,17,18,87,88,92" m="42343,51754" machi="87" ten="30,2000,0" yaku="20,1,54,1" doraHai="118" who="1" fromWho="2" sc="240,0,230,20,215,-20,315,0" owari="240,-16.0,250,5.0,195,-30.5,315,41.5" /></mjloggm>