<mjloggm ver="2.3"><GO type="225" lobby="0"/><UN n0="%E6%97%A5%E6%9B%9C%E6%97%A5%E3%82%88%E3%82%8A%E3%81%AE%E4%BD%BF%E8%80%85" n1="%E3%83%A9%E3%82%A4%E3%83%B3%E3%81%AE%E8%99%8E" n2="%E4%BF%BA%E3%81%A8%E5%A6%96%E5%A4%A2" n3="%E6%81%A5%E6%99%92%E3%81%97" dan="16,16,16,16" rate="2162.12,2135.96,2116.93,2216.84" sx="M,M,F,M"/><TAIKYOKU oya="0"/><INIT seed="0,0,0,1,2,102" ten="250,250,250,250" oya="0" hai0="66,49,109,63,82,134,130,84,83,6,80,61,74" hai1="99,77,51,129,42,125,24,89,131,38,44,2,101" hai2="68,91,3,4,15,121,128,86,23,107,108,70,72" hai3="126,48,5,65,105,100,64,85,36,31,17,12,56"/><T69/><D130/><N who="1" m="49675" /><E2/><V79/><F128/><W71/><G36/><T124/><D124/><U122/><E125/><V123/><F108/><W119/><G119/><T73/><D134/><U132/><E132/><V37/><F37/><W112/><G112/><T103/><D109/><U106/><E122/><V93/><F3/><W30/><G126/><T52/><D6/><U41/><E77/><V39/><F39/><W127/><G5/><T33/><D33/><U94/><E24/><V104/><F121/><W26/><G127/><T40/><D103/><U46/><E89/><V58/><F58/><W78/><G78/><T14/><D40/><U118/><E118/><V81/><F123/><W75/><G75/><T133/><D133/><U115/><E115/><V22/><F22/><W54/><G85/><T55/><D84/><U111/><E111/><V135/><F135/><W60/><G65/><T32/><D32/><U67/><E67/><V114/><F114/><W113/><G113/><T27/><D27/><U11/><E11/><V92/><F92/><AGARI ba="0,0" hai="38,41,42,44,46,51,92,94,99,101,106" m="49675" machi="92" ten="30,2000,0" yaku="19,1,52,1" doraHai="102" who="1" fromWho="2" sc="250,0,250,20,250,-20,250,0" /><INIT seed="1,0,0,5,0,94" ten="250,270,230,250" oya="1" hai0="84,35,65,53,128,119,90,21,45,104,48,4,1" hai1="22,113,69,108,8,63,118,72,58,34,106,92,38" hai2="39,43,96,95,78,37,81,51,88,66,41,74,125" hai3="134,27,20,42,85,116,52,7,50,97,25,68,33"/><U44/><E113/><V12/><F125/><W107/><G134/><T36/><D119/><U100/><E118/><V112/><F112/><W54/><G116/><T127/><D35/><U70/><E34/><V75/><F75/><W57/><G68/><T135/><D104/><U102/><E72/><V73/><F73/><W115/><G115/><T30/><D36/><U19/><E8/><V111/><F111/><W130/><G130/><T31/><D1/><U89/><E108/><V124/><F124/><W123/><G123/><T49/><D127/><U61/><E61/><V46/><F66/><W105/><G7/><T18/><D4/><U0/><E0/><V14/><REACH who="2" step="1"/><F51/><REACH who="2" ten="250,270,220,250" step="2"/><W16/><G50/><T99/><D65/><U133/><E38/><V93/><F93/><W80/><G107/><T56/><D135/><U15/><E133/><V109/><F109/><W121/><G105/><T120/><D120/><U122/><E122/><V3/><F3/><W2/><G2/><T6/><D128/><U32/><E106/><V47/><AGARI ba="0,1" hai="12,14,37,39,41,43,46,47,74,78,81,88,95,96" machi="47" ten="30,8000,1" yaku="1,1,0,1,9,1,52,1,54,1,53,0" doraHai="94" doraHaiUra="83" who="2" fromWho="2" sc="250,-20,270,-40,220,90,250,-20" /><INIT seed="2,0,0,3,0,103" ten="230,230,310,230" oya="2" hai0="121,125,76,0,61,23,56,69,55,108,102,100,34" hai1="15,122,24,116,96,119,45,35,60,33,77,6,16" hai2="49,113,42,20,114,38,135,65,52,85,120,66,94" hai3="71,104,50,74,99,1,7,118,130,47,12,10,17"/><V132/><F85/><W86/><G118/><T72/><D34/><U19/><E77/><V82/><F82/><W129/><G74/><T115/><D0/><U101/><E122/><V95/><F95/><W28/><G71/><T89/><D121/><U11/><E45/><N who="2" m="23767" /><F94/><W128/><G28/><T41/><D115/><N who="2" m="44042" /><F20/><N who="3" m="11303" /><G86/><T62/><D108/><U18/><E60/><V53/><F120/><W5/><G5/><T75/><D125/><U88/><E88/><V68/><F53/><N who="3" m="29919" /><G99/><T93/><D76/><U40/><E40/><V54/><F54/><W83/><G83/><T124/><D41/><U26/><E96/><V14/><F14/><W46/><G46/><T30/><D75/><U126/><E126/><V105/><F105/><AGARI ba="0,0" hai="1,7,10,104,105,128,129,130" m="29919,11303" machi="105" ten="30,3900,0" yaku="19,1,52,2" doraHai="103" who="3" fromWho="2" sc="230,0,230,0,310,-39,230,39" /><INIT seed="3,0,0,3,2,53" ten="230,230,271,269" oya="3" hai0="26,125,122,69,10,31,39,91,24,58,110,120,113" hai1="11,8,32,97,96,129,34,74,70,16,57,52,71" hai2="112,1,46,49,128,115,67,55,0,126,80,93,133" hai3="119,64,50,92,109,38,35,19,89,33,25,127,21"/><W101/><G119/><T40/><D69/><U102/><E74/><V123/><F133/><W132/><G38/><T81/><D110/><U124/><E124/><V83/><F126/><W76/><G132/><T105/><D105/><U54/><E129/><V7/><F128/><W18/><G127/><T107/><D107/><U60/><E60/><V28/><F28/><W118/><G118/><T131/><D125/><U56/><E16/><V42/><F123/><W116/><G116/><T43/><D131/><U61/><E61/><V84/><F67/><W99/><G76/><T44/><D113/><U73/><E73/><V87/><F93/><W111/><G64/><T106/><D106/><U130/><E130/><V48/><F55/><W100/><G19/><T135/><D135/><U47/><E47/><V23/><F23/><W29/><G50/><T14/><D43/><U17/><E17/><V86/><F7/><W45/><G45/><T9/><D31/><U4/><E102/><V15/><F15/><N who="3" m="9439" /><G35/><T63/><D122/><U103/><E103/><V41/><F84/><W20/><G33/><T90/><D120/><U51/><E51/><V62/><F62/><W78/><G78/><T30/><D30/><U13/><E13/><V3/><F0/><W117/><G117/><T98/><D14/><U88/><E88/><V95/><F95/><W114/><G114/><T27/><D91/><U94/><E94/><V75/><F75/><W82/><G82/><T72/><D72/><U5/><AGARI ba="0,0" hai="4,5,8,11,32,34,52,54,56,57,70,71,96,97" machi="5" ten="25,12000,2" yaku="0,1,22,2,52,2,54,1" doraHai="53" who="1" fromWho="1" sc="230,-30,230,120,271,-30,269,-60" owari="200,-30.0,350,45.0,241,4.1,209,-19.1" /></mjloggm>