<mjloggm ver="2.3"><GO type="225" lobby="0"/><UN n0="%E3%81%82%E3%81%84%E3%81%82%E3%81%8A%E3%81%84" n1="%70%6F%69%73%6F%6E%30%32" n2="%E3%81%AF%E3%82%88%E3%81%8A%E3%81%98%E3%81%95%E3%82%93" n3="%E9%A6%AC%E5%BC%95%E7%81%AB%33" dan="18,16,16,16" rate="2192.87,2115.34,2197.90,2135.72" sx="M,M,M,M"/><TAIKYOKU oya="0"/><INIT seed="0,0,0,4,3,62" ten="250,250,250,250" oya="0" hai0="14,33,24,57,99,90,4,40,29,61,20,0,39" hai1="109,55,46,103,26,102,9,123,27,130,92,134,75" hai2="83,12,98,17,38,35,73,116,106,11,74,82,129" hai3="71,51,7,89,19,63,68,23,50,114,111,58,42"/><T97/><D39/><U126/><E109/><V32/><F38/><W127/><G7/><T95/><D40/><U135/><E123/><V66/><F129/><W44/><G114/><T86/><D0/><U87/><E75/><V36/><F36/><N who="3" m="21575" /><G89/><T18/><REACH who="0" step="1"/><D4/><REACH who="0" ten="240,250,250,250" step="2"/><U47/><E135/><V125/><F116/><W13/><G111/><T54/><AGARI ba="0,1" hai="14,18,20,24,29,33,54,57,61,86,90,95,97,99" machi="54" ten="20,7800,0" yaku="1,1,2,1,0,1,7,1,53,0" doraHai="62" doraHaiUra="70" who="0" fromWho="0" sc="240,88,250,-26,250,-26,250,-26" /><INIT seed="0,1,0,1,1,62" ten="328,224,224,224" oya="0" hai0="6,76,130,75,22,46,67,91,13,122,116,133,44" hai1="66,21,48,109,118,83,38,117,103,12,42,90,106" hai2="135,14,85,97,93,73,57,23,35,71,69,45,11" hai3="89,40,3,61,51,31,127,17,108,104,37,59,111"/><T129/><D116/><U25/><E109/><N who="3" m="42058" /><G127/><T58/><D122/><U113/><E113/><V55/><F73/><W4/><G104/><T119/><D119/><U123/><E123/><V1/><F35/><W115/><G115/><T124/><D124/><U92/><E38/><V50/><F135/><W47/><G31/><T10/><D133/><U131/><E131/><V134/><F134/><W74/><G74/><T102/><D102/><U15/><E83/><V7/><F45/><W81/><G17/><T43/><D91/><U128/><E103/><V52/><F55/><N who="3" m="34047" /><G4/><T120/><D120/><U114/><E106/><V72/><F72/><W121/><G3/><T2/><D75/><U70/><E128/><V27/><F85/><N who="3" m="50351" /><G121/><T84/><D2/><U30/><E114/><V125/><F1/><W16/><G16/><T39/><D6/><U80/><E80/><V78/><F78/><W24/><G24/><T95/><D76/><U107/><E107/><V68/><F125/><W29/><G29/><T26/><D26/><U9/><E118/><V98/><REACH who="2" step="1"/><F93/><REACH who="2" ten="328,224,214,224" step="2"/><W0/><G0/><T110/><D95/><U88/><E92/><V77/><F77/><W101/><G101/><T86/><D110/><U82/><E117/><V60/><F60/><W126/><G126/><T96/><D130/><U94/><E94/><V100/><F100/><W79/><G79/><T32/><D129/><U49/><E82/><V87/><F87/><W105/><G105/><T5/><D86/><U54/><E42/><V34/><F34/><W63/><G63/><T20/><D84/><U18/><E90/><RYUUKYOKU ba="1,1" sc="328,-15,224,-15,214,15,224,15" hai2="7,11,14,23,27,50,52,57,68,69,71,97,98" hai3="37,40,47,51" /><INIT seed="1,2,1,4,1,8" ten="313,209,229,239" oya="1" hai0="124,131,27,68,132,57,91,102,84,46,69,116,98" hai1="113,106,2,47,70,81,103,115,17,117,126,72,50" hai2="135,111,83,100,43,53,82,94,39,71,40,52,31" hai3="16,60,20,104,59,56,38,85,96,34,76,62,108"/><U65/><E117/><V80/><F71/><W29/><G38/><T23/><D116/><U21/><E2/><V67/><F39/><W14/><G108/><T30/><D124/><U95/><E126/><V0/><F0/><W28/><G34/><T97/><D131/><U24/><E106/><V112/><F111/><W134/><G134/><T51/><D57/><N who="3" m="22089" /><G104/><T129/><D129/><U79/><E65/><V10/><F135/><W48/><G48/><T74/><D74/><U37/><E70/><V66/><F112/><W93/><G76/><T45/><D45/><U75/><E75/><V6/><F31/><N who="3" m="11851" /><G85/><T1/><D1/><U55/><E37/><V9/><F6/><W49/><G49/><T114/><D114/><U13/><REACH who="1" step="1"/><E24/><REACH who="1" ten="313,199,229,239" step="2"/><V105/><F105/><W121/><G121/><T11/><D27/><U12/><E12/><V88/><F67/><W78/><G78/><T107/><D69/><U26/><E26/><V89/><F66/><W77/><G77/><T101/><D68/><U125/><E125/><V86/><F100/><AGARI ba="2,2" hai="14,16,20,60,62,93,96,100" m="11851,22089" machi="100" ten="30,3900,0" yaku="8,1,52,1,54,1" doraHai="8" who="3" fromWho="2" sc="313,0,199,0,229,-45,239,65" /><INIT seed="2,0,0,4,3,52" ten="313,199,184,304" oya="2" hai0="43,5,59,116,26,123,57,30,122,2,128,69,65" hai1="8,118,56,72,130,60,1,40,32,54,20,74,31" hai2="126,19,33,76,37,14,134,66,107,53,21,24,90" hai3="18,50,62,78,27,105,121,95,124,4,7,89,9"/><V104/><F37/><W86/><G121/><T0/><D43/><U41/><E118/><V110/><F66/><W135/><G105/><T47/><D47/><U58/><E32/><V80/><F134/><W63/><G135/><T101/><D101/><U94/><E130/><V22/><F33/><W85/><G124/><T48/><D48/><N who="1" m="30791" /><E74/><V29/><F126/><W84/><G50/><T91/><D69/><U81/><E72/><V96/><F110/><W79/><G27/><T35/><D65/><N who="1" m="39063" /><E1/><V55/><F107/><W127/><G127/><T23/><D35/><U73/><E73/><V11/><F104/><W119/><G119/><T112/><D112/><U103/><E81/><V100/><F100/><W131/><G131/><T83/><D116/><U28/><E8/><V125/><F125/><W114/><G114/><T34/><D34/><U67/><E67/><V13/><F76/><N who="3" m="29227" /><G18/><T133/><D128/><U117/><E117/><V51/><F51/><W111/><G111/><T68/><D133/><U44/><E44/><V10/><F10/><W132/><G132/><T129/><D129/><U98/><E20/><V12/><F80/><W102/><G102/><T82/><D82/><U99/><E98/><V45/><F45/><W70/><G70/><T61/><D83/><U38/><E38/><V113/><F113/><W39/><G39/><T92/><D68/><U75/><E75/><V64/><F64/><W25/><G9/><T42/><D123/><U6/><E6/><N who="3" m="2090" /><G25/><N who="0" m="16703" /><D0/><U120/><E120/><V108/><F108/><W3/><G3/><T46/><D122/><U97/><E97/><AGARI ba="0,0" hai="62,63,84,85,86,89,95,97" m="2090,29227" machi="97" ten="30,2000,0" yaku="6,1,8,1" doraHai="52" who="3" fromWho="1" sc="313,0,199,-20,184,0,304,20" /><INIT seed="3,0,0,2,5,125" ten="313,179,184,324" oya="3" hai0="73,133,47,88,120,127,72,83,0,118,41,116,55" hai1="53,23,35,117,49,20,39,95,28,63,67,89,38" hai2="15,85,18,129,123,22,102,82,42,113,58,76,60" hai3="112,114,17,13,44,37,108,103,98,50,75,9,92"/><W78/><G37/><T48/><D120/><U105/><E117/><V131/><F113/><W87/><G75/><T34/><D34/><U7/><E105/><V19/><F123/><W130/><G130/><N who="2" m="49673" /><F42/><W111/><G78/><T10/><D127/><U27/><E7/><V21/><F102/><W54/><G87/><T135/><D10/><U4/><E4/><V80/><F82/><W2/><G2/><T134/><D0/><U128/><E128/><V84/><F84/><W46/><G46/><T36/><D88/><U122/><E122/><V16/><F15/><W104/><G104/><T100/><D100/><U81/><E81/><V79/><F76/><W97/><G98/><T115/><D115/><U90/><E39/><V66/><AGARI ba="0,0" hai="16,18,19,21,22,58,60,66,79,80,85" m="49673" machi="66" ten="30,8000,1" yaku="19,1,52,3,54,1" doraHai="125" who="2" fromWho="2" sc="313,-20,179,-20,184,80,324,-40" /><INIT seed="4,0,0,1,1,58" ten="293,159,264,284" oya="0" hai0="42,91,54,66,23,129,104,115,48,38,94,12,118" hai1="28,31,102,89,132,71,135,116,99,126,17,40,107" hai2="122,29,24,26,22,93,5,127,84,57,98,125,51" hai3="133,119,43,50,105,39,60,62,97,7,121,61,18"/><T81/><D118/><U47/><E116/><V131/><F122/><W25/><G119/><T96/><D104/><U59/><E71/><V101/><F131/><W6/><G39/><T85/><D129/><U75/><E75/><V112/><F112/><W41/><G121/><T64/><D38/><U103/><E126/><V44/><F5/><N who="3" m="1547" /><G105/><T8/><D23/><U74/><E74/><V52/><F84/><W34/><G34/><T120/><D42/><N who="3" m="15881" /><G133/><N who="1" m="51274" /><E17/><V117/><F117/><W55/><G97/><T79/><D115/><U113/><E59/><V109/><F109/><W33/><G33/><T63/><D63/><U69/><E69/><V111/><F111/><W108/><G108/><T72/><D72/><U128/><E113/><V13/><F13/><W56/><G18/><N who="0" m="8455" /><D120/><U10/><E10/><V20/><REACH who="2" step="1"/><F57/><AGARI ba="0,0" hai="48,54,57,64,66,79,81,85,91,94,96" m="8455" machi="57" ten="30,1500,0" yaku="8,1" doraHai="58" who="0" fromWho="2" sc="293,15,159,0,264,-15,284,0" owari="308,40.8,159,-34.1,249,-15.1,284,8.4" /></mjloggm>