<mjloggm ver="2.3"><GO type="225" lobby="0"/><UN n0="%E7%87%90%2E%2E" n1="%E6%B8%A9%E2%98%85%E6%83%85%E2%98%85%E6%8E%AA%E2%98%85%E7%BD%AE" n2="%E6%B7%91%E5%A5%B3%E3%81%AE%E5%97%9C%E3%81%BF" n3="%E3%81%82%E3%82%84%E3%81%BA%E3%81%9F" dan="16,17,16,17" rate="2138.70,2181.86,2118.95,2135.39" sx="M,M,M,M"/><TAIKYOKU oya="0"/><INIT seed="0,0,0,2,4,59" ten="250,250,250,250" oya="0" hai0="23,10,34,107,82,75,133,90,32,92,28,104,25" hai1="47,129,124,80,89,45,112,46,57,86,33,62,29" hai2="54,0,30,14,77,13,105,38,50,100,4,24,88" hai3="15,73,128,116,127,11,98,20,76,56,106,68,122"/><T125/><D125/><U85/><E124/><V117/><F38/><W97/><G116/><T12/><D133/><U110/><E110/><V44/><F117/><W40/><G68/><T42/><D42/><U131/><E112/><V55/><F77/><W16/><G127/><T26/><D82/><U49/><E86/><V91/><F0/><W17/><G122/><T61/><D75/><U70/><E70/><V119/><F119/><W115/><G115/><T7/><D61/><U114/><E114/><V72/><F72/><W118/><G118/><T9/><D9/><U41/><E29/><V35/><F55/><W18/><G128/><N who="1" m="49226" /><E33/><V134/><F134/><W43/><G76/><T2/><D34/><U1/><E1/><V111/><F111/><W67/><G73/><T101/><D101/><U113/><E113/><V39/><F39/><W36/><G36/><T63/><D63/><U87/><E85/><V99/><REACH who="2" step="1"/><F4/><REACH who="2" ten="250,250,240,250" step="2"/><W60/><G43/><T121/><D2/><U96/><E96/><V102/><F102/><W126/><G40/><T81/><D121/><U66/><AGARI ba="0,1" hai="41,45,46,47,49,57,62,66,80,87,89" m="49226" machi="66" ten="30,2000,0" yaku="19,1,52,1" doraHai="59" who="1" fromWho="1" sc="250,-10,250,30,240,-5,250,-5" /><INIT seed="1,0,0,2,4,0" ten="240,280,235,245" oya="1" hai0="32,2,37,7,64,73,133,114,98,4,34,5,49" hai1="17,40,44,69,14,112,123,53,26,85,71,55,107" hai2="36,80,60,126,15,1,84,31,109,97,135,90,42" hai3="52,78,134,100,77,8,72,131,35,10,104,92,128"/><U74/><E74/><V120/><F1/><W25/><G104/><T115/><D37/><U124/><E112/><V108/><F120/><W76/><G72/><T56/><D73/><U33/><E107/><V99/><F126/><W102/><G134/><T66/><D2/><U132/><E123/><V129/><F135/><W22/><G35/><T9/><D9/><N who="3" m="3689" /><G92/><T86/><D133/><U59/><E132/><V106/><F129/><N who="3" m="49739" /><G52/><N who="0" m="31759" /><D34/><U68/><E55/><V38/><F31/><AGARI ba="0,0" hai="22,25,31,76,77,78,100,102" m="49739,3689" machi="31" ten="30,1000,0" yaku="19,1" doraHai="0" who="3" fromWho="2" sc="240,0,280,0,235,-10,245,10" /><INIT seed="2,0,0,5,1,95" ten="240,280,225,255" oya="2" hai0="16,66,72,29,17,62,82,45,3,112,84,119,110" hai1="78,54,28,92,65,1,9,27,71,89,22,20,105" hai2="88,111,83,73,81,15,31,130,8,52,102,11,21" hai3="74,96,58,23,33,50,63,68,18,122,127,113,101"/><V26/><F130/><W67/><G122/><T123/><D123/><U85/><E105/><V37/><F37/><W32/><G74/><T131/><D112/><U108/><E108/><V91/><F111/><W5/><G113/><T120/><D110/><U14/><E1/><V69/><F69/><W34/><G127/><T75/><D120/><U86/><E65/><V39/><F39/><W2/><G2/><T129/><D3/><U87/><E71/><V106/><F11/><W133/><G5/><T124/><D124/><U132/><E132/><V61/><F106/><W25/><G133/><T60/><D29/><U30/><E78/><V36/><F36/><W118/><G118/><T99/><D119/><U126/><E54/><V42/><F102/><W97/><REACH who="3" step="1"/><G101/><REACH who="3" ten="240,280,225,245" step="2"/><T4/><D75/><U114/><E114/><V76/><F42/><W57/><G57/><T59/><D72/><U53/><E126/><V41/><F41/><W24/><G24/><T135/><D135/><U134/><E134/><V38/><F38/><W55/><AGARI ba="0,1" hai="18,23,25,32,33,34,50,55,58,63,67,68,96,97" machi="55" ten="40,8000,1" yaku="1,1,0,1,52,2,53,1" doraHai="95" doraHaiUra="44" who="3" fromWho="3" sc="240,-20,280,-20,225,-40,245,90" /><INIT seed="3,0,0,0,4,37" ten="220,260,185,335" oya="3" hai0="99,70,117,111,15,20,82,61,89,74,46,23,102" hai1="8,133,122,95,92,86,54,6,79,83,34,62,59" hai2="94,31,58,51,96,131,43,81,19,125,114,27,57" hai3="41,25,71,84,112,101,76,109,29,73,110,40,119"/><W127/><G112/><T42/><D117/><U16/><E122/><V77/><F125/><W115/><G115/><T2/><D2/><U32/><E133/><V120/><F131/><W106/><G73/><T1/><D1/><U49/><E34/><V130/><F130/><W13/><G71/><T24/><D111/><N who="3" m="42505" /><G119/><T48/><D70/><U4/><E32/><V3/><F3/><W87/><G127/><T9/><D61/><U78/><E78/><V45/><F19/><W121/><G13/><T85/><D74/><U129/><E129/><V116/><F120/><W36/><G36/><T124/><D24/><U135/><E135/><V123/><F123/><W21/><G121/><T60/><D60/><U26/><E49/><V90/><F114/><W91/><G76/><T88/><D89/><U107/><E107/><V100/><F90/><W39/><G39/><T93/><D124/><U104/><E104/><V64/><F64/><W113/><G113/><T56/><D56/><U55/><E59/><V14/><F14/><W68/><G68/><T11/><D11/><U97/><E8/><V7/><F7/><AGARI ba="0,0" hai="7,9,15,20,23,42,46,48,82,85,88,93,99,102" machi="7" ten="30,7700,0" yaku="7,1,8,1,52,1,54,1" doraHai="37" who="0" fromWho="2" sc="220,77,260,0,185,-77,335,0" owari="297,9.7,260,-14.0,108,-39.2,335,43.5" /></mjloggm>