<mjloggm ver="2.3"><GO type="225" lobby="0"/><UN n0="%E3%80%93%E3%81%97%E3%83%BC%E3%82%89%E3%80%93" n1="%E3%80%90%E3%83%88%E3%83%AA%E3%83%A5%E3%83%95%E3%80%91" n2="%E6%A1%9C%E8%8A%B1%E9%96%83%E3%80%85" n3="%E3%83%A9%E3%82%A4%E3%83%B3%E3%81%AE%E8%99%8E" dan="17,16,17,16" rate="2144.99,2095.34,2146.35,2137.16" sx="M,M,M,M"/><TAIKYOKU oya="0"/><INIT seed="0,0,0,5,5,70" ten="250,250,250,250" oya="0" hai0="63,59,110,128,135,82,130,29,43,7,134,30,68" hai1="48,39,52,76,113,120,51,37,122,58,50,81,1" hai2="4,95,87,34,25,23,119,65,53,107,6,0,96" hai3="98,75,89,2,11,86,118,5,18,97,54,124,49"/><T88/><D68/><U45/><E113/><V116/><F34/><W132/><G118/><N who="2" m="45097" /><F65/><W102/><G124/><T55/><D7/><U66/><E1/><V47/><F107/><W73/><G18/><T12/><D12/><U10/><E10/><V85/><F53/><W111/><G111/><T38/><D110/><U41/><E81/><V112/><F47/><W103/><G132/><N who="0" m="50731" /><D43/><U104/><E104/><V3/><F112/><W69/><G69/><T60/><D38/><N who="1" m="14347" /><E76/><V71/><F71/><W92/><G102/><T8/><D63/><N who="1" m="38263" /><E48/><V101/><F6/><W125/><G125/><T62/><D62/><U35/><E35/><V115/><F115/><W22/><G22/><T109/><D8/><U36/><N who="1" m="14355" /><U57/><AGARI ba="0,0" hai="41,45,50,51,52,57,120,122" m="38263,14355" machi="57" ten="40,16000,3" yaku="4,1,34,2,52,4,54,1" doraHai="70" who="1" fromWho="1" sc="250,-80,250,160,250,-40,250,-40" /><INIT seed="1,0,0,3,4,81" ten="170,410,210,210" oya="1" hai0="61,112,24,54,70,10,111,113,20,50,77,30,63" hai1="95,18,121,88,131,99,34,93,22,62,78,36,124" hai2="8,72,13,86,128,51,68,132,107,57,0,28,37" hai3="1,5,7,60,53,94,17,73,58,126,48,55,33"/><U125/><E34/><V19/><F72/><W15/><G73/><T74/><D111/><U64/><E121/><V59/><F132/><W102/><G33/><T26/><D74/><U82/><E95/><V35/><F68/><W91/><G102/><T116/><D116/><U105/><E36/><V134/><F37/><W11/><G1/><T45/><D77/><U122/><E105/><V39/><F39/><W109/><G126/><T135/><D135/><U14/><E122/><V75/><F75/><W2/><G2/><T83/><D83/><U27/><E131/><V118/><F107/><W129/><G109/><T67/><D10/><U29/><E78/><V114/><F114/><W56/><REACH who="3" step="1"/><G129/><REACH who="3" ten="170,410,210,200" step="2"/><T87/><D113/><U43/><E124/><V52/><F0/><W46/><G46/><T3/><D112/><U80/><E125/><V65/><F128/><W40/><G40/><T127/><D3/><U85/><E43/><V71/><F35/><W108/><G108/><T100/><D100/><U110/><E110/><V16/><F134/><W4/><G4/><T130/><D127/><U12/><E12/><V104/><F118/><W44/><G44/><T97/><D130/><U84/><E14/><V101/><F101/><W21/><G21/><T103/><D103/><U6/><E6/><V123/><F123/><W32/><G32/><T117/><D117/><U76/><E22/><V47/><F47/><W119/><G119/><T89/><D26/><U79/><E27/><V106/><F13/><W133/><G133/><T96/><D63/><U25/><E62/><V66/><F106/><RYUUKYOKU ba="0,1" sc="170,15,410,-15,210,-15,200,15" hai0="20,24,30,45,50,54,61,67,70,87,89,96,97" hai3="5,7,11,15,17,48,53,55,56,58,60,91,94" /><INIT seed="2,1,1,1,2,107" ten="185,395,195,215" oya="2" hai0="47,56,96,42,10,97,43,111,71,82,86,74,18" hai1="36,63,135,73,30,34,117,101,105,122,48,23,84" hai2="39,29,127,8,6,62,33,91,89,103,133,100,95" hai3="119,50,79,7,98,68,94,2,80,44,19,75,110"/><V11/><F127/><W25/><G110/><T109/><D71/><U90/><E36/><V27/><F133/><W13/><G68/><T26/><D56/><U69/><E73/><V126/><F126/><W72/><G119/><T31/><D18/><U41/><E23/><V45/><F62/><W121/><G25/><T128/><D10/><U130/><E117/><V20/><F91/><W59/><G59/><T5/><D5/><U124/><E135/><V24/><F11/><W65/><G65/><T93/><D74/><U87/><E122/><V57/><F57/><W58/><G58/><T55/><D55/><U104/><E104/><V21/><F33/><W129/><G129/><T54/><D54/><U88/><E130/><V113/><F113/><W17/><G121/><T22/><D128/><U70/><E70/><V3/><F39/><W77/><G2/><T64/><D64/><N who="1" m="41119" /><E87/><V37/><F37/><W118/><G118/><T66/><D66/><U102/><E102/><BYE who="1" /><V53/><F53/><W15/><G7/><T61/><D61/><U49/><E49/><V99/><REACH who="2" step="1"/><F45/><REACH who="2" ten="185,395,185,215" step="2"/><W14/><G44/><T4/><D47/><U1/><E1/><V0/><F0/><W67/><G50/><T134/><D134/><U76/><E76/><V92/><F92/><W108/><G67/><T106/><D106/><U40/><E40/><N who="0" m="15401" /><D93/><U28/><E28/><AGARI ba="1,2" hai="3,6,8,20,21,24,27,28,29,89,95,99,100,103" machi="28" ten="30,11600,0" yaku="1,1,7,1,9,1,53,1" doraHai="107" doraHaiUra="35" who="2" fromWho="1" sc="185,0,395,-119,185,139,215,0" /><INIT seed="2,2,0,1,4,9" ten="185,276,324,215" oya="2" hai0="6,88,53,110,82,84,23,89,30,12,131,103,22" hai1="28,17,66,45,61,121,11,62,130,135,81,113,64" hai2="50,90,86,120,132,105,68,111,93,128,54,40,106" hai3="52,97,49,78,21,51,72,73,133,79,3,59,114"/><V2/><F120/><W92/><G3/><UN n1="%E3%80%90%E3%83%88%E3%83%AA%E3%83%A5%E3%83%95%E3%80%91" /><T74/><D110/><U95/><E113/><V34/><F2/><W58/><G133/><T118/><D131/><U43/><E121/><V4/><F132/><W15/><G114/><T70/><D70/><U19/><E130/><V29/><F128/><W77/><G51/><T32/><D118/><U108/><E108/><V107/><F111/><W35/><G35/><T85/><D74/><U13/><E81/><V69/><F40/><W25/><G59/><T16/><D6/><N who="1" m="3319" /><E28/><V5/><F5/><W126/><G126/><T10/><D103/><U87/><E87/><V38/><F4/><W46/><G46/><T47/><D32/><U83/><E83/><V116/><F38/><W44/><G44/><T65/><D65/><N who="1" m="25195" /><E95/><V67/><F116/><W96/><G96/><T94/><D30/><U20/><E135/><V134/><F134/><W80/><G72/><T1/><D1/><U102/><E102/><V31/><F34/><W7/><G7/><T71/><D71/><U41/><E17/><V55/><F68/><W76/><G73/><T33/><D33/><U0/><E0/><V101/><F101/><N who="3" m="60583" /><G80/><T122/><D122/><U24/><E45/><N who="2" m="27983" /><F69/><W60/><N who="3" m="19456" /><DORA hai="36" /><W124/><G124/><T18/><D18/><U127/><E127/><V56/><F29/><N who="3" m="17583" /><G49/><AGARI ba="2,0" hai="10,12,16,22,23,47,49,53,82,84,85,88,89,94" machi="49" ten="40,12000,2" yaku="25,2,8,1,52,1,54,2" doraHai="9,36" who="0" fromWho="3" sc="185,126,276,0,324,0,215,-126" /><INIT seed="3,0,0,1,0,129" ten="311,276,324,89" oya="3" hai0="127,74,98,94,76,116,42,38,29,60,5,59,99" hai1="91,90,64,95,39,4,49,114,30,88,26,105,41" hai2="46,130,101,54,3,122,43,22,23,31,47,44,128" hai3="81,66,104,87,56,78,119,79,62,19,61,16,123"/><W65/><G119/><T72/><D116/><U0/><E105/><V40/><F3/><W117/><G117/><T75/><D127/><U33/><E114/><V106/><F122/><W35/><G104/><T27/><D5/><U57/><E39/><V108/><F108/><W52/><G123/><T2/><D2/><U80/><E80/><V51/><F101/><W50/><G35/><T135/><D135/><U69/><E69/><V110/><F106/><W97/><G97/><T103/><D98/><U89/><E0/><V36/><F110/><W84/><G79/><T118/><D118/><U100/><E4/><V133/><F133/><W115/><G115/><T102/><D102/><U120/><E120/><V18/><F31/><W93/><G62/><T82/><D42/><U77/><E77/><V25/><F23/><W92/><G65/><T48/><D48/><U85/><E100/><V8/><F8/><W125/><G125/><T112/><D38/><AGARI ba="0,0" hai="18,22,25,36,38,40,43,44,46,47,51,54,128,130" machi="38" ten="40,1300,0" yaku="9,1" doraHai="129" who="2" fromWho="0" sc="311,-13,276,0,324,13,89,0" owari="298,9.8,276,-12.4,337,43.7,89,-41.1" /></mjloggm>