<mjloggm ver="2.3"><GO type="225" lobby="0"/><UN n0="%E3%81%BF%E3%81%BF%E3%81%9A" n1="%E3%83%96%E3%83%83%E3%83%91%E3%82%AA%E3%83%96%E3%83%81%E3%82%AD%E3%83%B3" n2="%E3%81%8B%E3%82%8F%E3%81%A1%E3%82%83%E3%82%93%35%38" n3="%EF%BC%AE%EF%BC%A1%EF%BC%AF%33%33%39" dan="17,16,16,16" rate="2195.43,2209.78,2148.59,2246.58" sx="M,M,M,M"/><TAIKYOKU oya="0"/><INIT seed="0,0,0,2,5,81" ten="250,250,250,250" oya="0" hai0="86,79,107,2,134,27,88,6,14,129,105,43,130" hai1="23,82,39,74,83,28,70,89,18,16,123,97,11" hai2="7,31,102,132,87,117,54,34,96,126,46,45,61" hai3="65,26,125,119,77,122,15,90,115,13,72,121,80"/><T49/><D134/><U92/><E123/><V17/><F132/><W19/><G115/><T71/><D71/><U9/><E70/><V4/><F126/><W73/><G119/><T111/><D79/><U51/><E39/><V10/><F117/><W47/><G65/><T113/><D2/><U44/><E82/><V52/><F31/><W114/><G114/><T56/><D113/><U21/><E74/><V104/><F34/><W120/><G73/><T41/><D27/><N who="1" m="16511" /><E83/><V64/><F17/><N who="1" m="6761" /><E21/><V60/><F4/><W48/><G90/><T3/><D3/><U53/><AGARI ba="0,0" hai="9,11,44,51,53,89,92,97" m="6761,16511" machi="53" ten="30,2000,0" yaku="8,1,54,1" doraHai="81" who="1" fromWho="1" sc="250,-10,250,20,250,-5,250,-5" /><INIT seed="1,0,0,2,1,66" ten="240,270,245,245" oya="1" hai0="107,48,91,7,10,52,2,17,1,115,89,13,41" hai1="32,12,112,0,8,86,55,95,49,118,108,92,135" hai2="119,132,126,78,76,45,101,27,65,20,30,124,131" hai3="127,71,99,121,90,37,128,105,125,42,120,109,69"/><U62/><E112/><V122/><F119/><W94/><G105/><T5/><D115/><U57/><E118/><V19/><F122/><W38/><G109/><T110/><D107/><U53/><E32/><V16/><F131/><W9/><G128/><T67/><D110/><U74/><E108/><V111/><F111/><W40/><G9/><T24/><D41/><N who="3" m="15977" /><G94/><T35/><D67/><U73/><E135/><V47/><F101/><W56/><G90/><N who="0" m="34315" /><D35/><U18/><E0/><V117/><F117/><W123/><G99/><T87/><D1/><U133/><E133/><V116/><F116/><W61/><G38/><T93/><D2/><U81/><E73/><V100/><F100/><W82/><G37/><T113/><D113/><U11/><E11/><V106/><F106/><W96/><G96/><T79/><D24/><U43/><E43/><V21/><F132/><W23/><G23/><T72/><D93/><U114/><E74/><V31/><REACH who="2" step="1"/><F65/><REACH who="2" ten="240,270,235,245" step="2"/><N who="3" m="39079" /><G82/><N who="0" m="47583" /><D72/><U98/><E114/><V6/><F6/><W80/><G80/><T14/><D14/><U3/><E3/><V25/><AGARI ba="0,1" hai="16,19,20,21,25,27,30,31,45,47,76,78,124,126" machi="25" ten="25,8000,1" yaku="1,1,0,1,22,2,54,1,53,0" doraHai="66" doraHaiUra="129" who="2" fromWho="2" sc="240,-20,270,-40,235,90,245,-20" /><INIT seed="2,0,0,2,1,10" ten="220,230,325,225" oya="2" hai0="103,133,17,58,69,18,88,54,57,96,111,134,85" hai1="50,128,119,91,99,23,38,27,9,86,67,72,64" hai2="30,79,63,43,102,59,109,6,130,28,93,37,8" hai3="126,11,49,56,131,100,127,42,70,3,45,108,21"/><V26/><F130/><W65/><G100/><T75/><D69/><U83/><E72/><V32/><F109/><W94/><G94/><N who="0" m="54543" /><D75/><U115/><E38/><V89/><F79/><W116/><G116/><T12/><D111/><U129/><E115/><V84/><F30/><W13/><G108/><T97/><D18/><N who="1" m="12791" /><E119/><V74/><F74/><W114/><G3/><T71/><D71/><U15/><E99/><N who="0" m="37961" /><D103/><U36/><E36/><V82/><F102/><W52/><G131/><N who="1" m="50250" /><E50/><V4/><F93/><W117/><G117/><T60/><D60/><U29/><E29/><V122/><F37/><W101/><G101/><T7/><D7/><AGARI ba="0,0" hai="7,9,15,64,67,83,86,91" m="50250,12791" machi="7" ten="30,2000,0" yaku="19,1,52,1" doraHai="10" who="1" fromWho="0" sc="220,-20,230,20,325,0,225,0" /><INIT seed="3,0,0,1,5,100" ten="200,250,325,225" oya="3" hai0="2,19,44,80,53,104,5,54,4,0,84,132,34" hai1="74,61,62,46,14,119,113,96,64,130,89,120,112" hai2="28,111,45,87,22,69,127,30,1,125,16,66,3" hai3="49,75,73,116,131,33,10,70,76,83,67,58,56"/><W106/><G116/><T48/><D34/><U114/><E120/><V7/><F111/><W11/><G33/><T95/><D132/><U37/><E74/><V23/><F45/><W103/><G75/><T59/><D104/><U133/><E14/><V123/><F87/><W72/><G73/><T25/><D0/><U134/><E89/><V117/><F66/><W90/><G131/><T126/><D126/><U86/><E86/><V26/><F69/><W60/><G90/><T43/><D95/><U18/><E18/><V118/><F123/><W109/><G109/><T47/><D2/><N who="2" m="522" /><F7/><W81/><G81/><T99/><D99/><U124/><E96/><V98/><F98/><W115/><G115/><T91/><D25/><U129/><E119/><N who="2" m="45579" /><F28/><W108/><G108/><T52/><D19/><U78/><E78/><V105/><F105/><W13/><G103/><T36/><REACH who="0" step="1"/><D54/><REACH who="0" ten="190,250,325,225" step="2"/><U63/><E113/><V122/><F127/><W77/><G106/><T32/><D32/><U94/><E94/><V29/><F125/><W17/><G77/><T79/><D79/><U110/><E124/><V57/><F30/><W24/><G24/><T85/><D85/><U8/><E114/><V38/><F29/><W92/><G92/><T20/><D20/><U15/><E112/><V51/><F26/><W31/><G31/><T121/><D121/><U128/><E110/><V55/><F122/><W42/><G11/><T50/><AGARI ba="0,1" hai="4,5,36,43,44,47,48,50,52,53,59,80,84,91" machi="50" ten="20,5200,0" yaku="1,1,0,1,7,1,54,1,53,0" doraHai="100" doraHaiUra="21" who="0" fromWho="0" sc="190,62,250,-13,325,-13,225,-26" owari="252,5.2,237,-16.3,312,41.2,199,-30.1" /></mjloggm>