<mjloggm ver="2.3"><GO type="225" lobby="0"/><UN n0="%E3%81%BF%E3%81%BF%E3%81%9A" n1="%E7%99%BD%E5%80%89%E5%AF%9B%E4%B9%8B" n2="%E9%B3%B3%E6%9D%B1%E3%81%AE%E3%81%86%E3%81%95%E3%81%8E%E3%81%95%E3%82%93" n3="%E3%83%96%E3%83%83%E3%83%91%E3%82%AA%E3%83%96%E3%83%81%E3%82%AD%E3%83%B3" dan="18,16,17,16" rate="2250.21,2119.38,2185.82,2215.09" sx="M,M,M,M"/><TAIKYOKU oya="0"/><INIT seed="0,0,0,2,2,74" ten="250,250,250,250" oya="0" hai0="89,9,15,116,95,26,86,106,6,18,27,111,71" hai1="48,1,123,133,7,36,99,76,104,29,120,5,24" hai2="101,23,12,67,19,16,55,135,134,35,132,73,105" hai3="79,31,115,22,37,3,4,97,30,0,75,39,129"/><T103/><D116/><U40/><E133/><V41/><F35/><W128/><G115/><T44/><D111/><U118/><E118/><V77/><F41/><W14/><G97/><T96/><D71/><U126/><E126/><V78/><F73/><W80/><G14/><T87/><D44/><U131/><E131/><N who="3" m="50250" /><G22/><T102/><D102/><U38/><E48/><V21/><F67/><W47/><G47/><T20/><REACH who="0" step="1"/><D87/><REACH who="0" ten="240,250,250,250" step="2"/><U124/><E124/><V50/><F101/><W10/><G3/><AGARI ba="0,1" hai="3,6,9,15,18,20,26,27,86,89,95,96,103,106" machi="3" ten="30,5800,0" yaku="1,1,2,1,7,1,53,0" doraHai="74" doraHaiUra="58" who="0" fromWho="3" sc="240,68,250,0,250,0,250,-58" /><INIT seed="0,1,0,4,0,99" ten="308,250,250,192" oya="0" hai0="62,3,44,126,57,73,55,83,24,80,110,60,12" hai1="66,50,108,67,107,21,125,81,115,121,16,101,134" hai2="52,84,122,130,133,114,46,19,20,64,82,85,72" hai3="69,18,42,0,76,124,63,117,89,1,28,26,39"/><T88/><D3/><U43/><E121/><V6/><F114/><W123/><G117/><T25/><D126/><U23/><E125/><V131/><F122/><W71/><G124/><T75/><D110/><U106/><E108/><V102/><F6/><W8/><G123/><T14/><D44/><U96/><E115/><V17/><F64/><W33/><G18/><T78/><D60/><U40/><E134/><V74/><F133/><W27/><G27/><T29/><D25/><U113/><E113/><V53/><F46/><N who="3" m="23903" /><G89/><T90/><D90/><U128/><E128/><V4/><F4/><N who="3" m="1031" /><G63/><T37/><D37/><U129/><E81/><V61/><F82/><W31/><G31/><T35/><REACH who="0" step="1"/><D88/><REACH who="0" ten="298,250,250,192" step="2"/><U100/><E129/><V15/><F61/><W118/><G1/><T51/><D51/><U135/><E135/><V97/><F131/><W58/><G118/><T10/><D10/><U54/><E50/><V2/><F2/><W32/><G58/><T91/><D91/><U70/><E67/><V45/><F130/><W127/><G127/><T9/><D9/><U103/><E66/><V48/><F45/><W92/><G26/><T94/><D94/><U104/><E104/><V13/><F48/><W36/><G92/><T47/><D47/><U38/><E107/><V65/><F65/><W5/><G36/><T105/><D105/><U112/><E106/><V93/><F93/><W22/><G69/><T109/><D109/><U59/><E70/><V86/><F13/><W98/><G71/><T77/><AGARI ba="1,1" hai="12,14,24,29,35,55,57,62,73,75,77,78,80,83" machi="77" ten="30,6000,0" yaku="1,1,0,1,9,1,53,0" doraHai="99" doraHaiUra="119" who="0" fromWho="0" sc="298,73,250,-21,250,-21,192,-21" /><INIT seed="0,2,0,5,0,33" ten="371,229,229,171" oya="0" hai0="108,116,122,22,74,16,62,69,112,5,114,87,61" hai1="0,113,46,39,49,12,92,84,18,34,91,37,102" hai2="40,128,47,90,10,2,85,120,57,13,110,126,51" hai3="125,76,43,42,27,48,80,54,96,24,101,8,132"/><T127/><D74/><U64/><E34/><V59/><F110/><W121/><G125/><T93/><D116/><U28/><E28/><V107/><F126/><W81/><G132/><T17/><D127/><U86/><E113/><V55/><F120/><W117/><G117/><T65/><D122/><U45/><E64/><V50/><F128/><W82/><G121/><T11/><D108/><U119/><E119/><V63/><F107/><W29/><G76/><T3/><D62/><U88/><E102/><V130/><F130/><W31/><G8/><T53/><D53/><U118/><E0/><V20/><F20/><W79/><G79/><T106/><D106/><U32/><E32/><V19/><F2/><W23/><G27/><T131/><D131/><U70/><E70/><V111/><F111/><W41/><G31/><T52/><D52/><U44/><E118/><V21/><F21/><W78/><G78/><T58/><D69/><U26/><E26/><V100/><F100/><W95/><REACH who="3" step="1"/><G41/><REACH who="3" ten="371,229,229,161" step="2"/><T75/><D75/><U133/><E133/><V73/><F73/><W36/><G36/><T6/><D6/><U89/><E39/><V14/><F10/><W109/><G109/><T15/><D17/><U68/><E37/><V72/><F72/><W66/><G66/><T1/><D1/><U77/><E77/><V94/><F19/><W115/><G115/><T9/><D9/><U4/><E86/><V56/><REACH who="2" step="1"/><F63/><REACH who="2" ten="371,229,219,161" step="2"/><W83/><N who="3" m="20480" /><DORA hai="99" /><W129/><G129/><T30/><D30/><U98/><E18/><V135/><F135/><W25/><G25/><T103/><D112/><RYUUKYOKU ba="2,2" sc="371,-15,229,-15,219,15,161,15" hai2="13,14,40,47,50,51,55,56,57,59,85,90,94" hai3="23,24,29,42,43,48,54,95,96,101" /><INIT seed="1,3,2,4,0,87" ten="356,214,234,176" oya="1" hai0="97,130,85,126,96,46,34,90,117,72,43,19,80" hai1="16,108,100,0,53,41,37,35,47,78,60,44,40" hai2="13,93,68,29,112,1,20,5,76,120,94,59,32" hai3="101,86,14,15,23,24,133,58,63,36,54,118,122"/><U65/><E35/><V17/><F68/><W121/><G36/><T8/><D117/><U66/><E0/><V104/><F120/><W4/><G118/><T75/><D34/><U33/><E33/><V64/><F104/><W56/><G133/><T69/><D69/><U123/><E123/><V67/><F76/><W98/><G122/><T10/><D126/><U2/><E2/><V52/><F112/><W3/><G121/><T49/><D130/><U115/><E115/><V114/><F114/><W79/><G3/><T88/><D72/><U11/><E78/><V131/><F131/><W99/><G4/><T84/><D75/><U30/><E30/><V124/><F64/><N who="1" m="24681" /><E100/><V103/><F67/><W129/><G129/><T31/><D31/><U83/><E83/><V102/><F103/><W12/><G58/><T111/><D111/><U18/><E108/><V74/><F102/><W28/><REACH who="3" step="1"/><G101/><REACH who="3" ten="356,214,234,166" step="2"/><T134/><D134/><U109/><E109/><V9/><F124/><W128/><G128/><T81/><D19/><N who="1" m="7211" /><E11/><AGARI ba="3,3" hai="8,10,11,43,46,49,80,81,84,85,88,90,96,97" machi="11" ten="40,8000,1" yaku="9,1,8,1,52,2,54,1" doraHai="87" who="0" fromWho="1" sc="356,119,214,-89,234,0,166,0" /><INIT seed="2,0,0,1,2,89" ten="475,125,234,166" oya="2" hai0="22,9,66,3,36,111,21,106,28,112,107,86,32" hai1="35,0,77,69,2,122,102,6,81,16,7,91,63" hai2="57,94,47,26,1,45,87,49,70,52,48,96,29" hai3="109,55,88,27,92,46,127,19,42,123,43,115,128"/><V17/><F1/><W8/><G123/><T39/><D112/><U98/><E35/><V31/><F70/><W51/><G115/><T76/><D86/><U65/><E122/><V60/><F87/><W119/><G119/><T99/><D76/><U85/><E2/><V133/><F133/><W83/><G109/><T101/><D21/><U72/><E0/><V113/><F113/><W100/><G128/><T103/><D22/><U5/><E16/><V73/><F73/><W129/><G129/><T78/><D78/><U117/><E117/><V97/><F17/><W38/><G127/><T53/><D53/><U80/><REACH who="1" step="1"/><E6/><REACH who="1" ten="475,115,234,166" step="2"/><V25/><F25/><W95/><G27/><N who="0" m="18463" /><D111/><U50/><E50/><V59/><F26/><W110/><G110/><T34/><D34/><U23/><E23/><V62/><F48/><W13/><G38/><T71/><D3/><U132/><E132/><V90/><F49/><W41/><G100/><T105/><D9/><U74/><E74/><V116/><F116/><W64/><G64/><T108/><D108/><U134/><E134/><V24/><F24/><W104/><G104/><AGARI ba="0,1" hai="5,7,63,65,69,72,77,80,81,85,91,98,102,104" machi="104" ten="30,2000,0" yaku="1,1,7,1,53,0" doraHai="89" doraHaiUra="20" who="1" fromWho="3" sc="475,0,115,30,234,0,166,-20" /><INIT seed="3,0,0,5,2,8" ten="475,145,234,146" oya="3" hai0="105,134,92,84,16,53,19,128,68,66,135,110,72" hai1="62,112,123,125,18,2,40,87,88,117,61,96,67" hai2="51,85,122,50,76,1,56,20,39,60,74,106,99" hai3="90,28,65,48,131,73,124,54,4,7,41,79,26"/><W64/><G124/><T115/><D110/><U44/><E112/><V57/><F39/><W69/><G41/><T81/><D105/><U25/><E2/><V17/><F1/><W132/><G132/><N who="0" m="50731" /><D128/><U104/><E123/><V91/><F74/><W23/><G131/><T46/><D115/><U93/><E125/><V6/><F6/><N who="3" m="2091" /><G69/><T24/><D92/><N who="1" m="54303" /><E104/><V100/><F76/><W47/><G73/><T52/><D24/><U49/><E67/><N who="3" m="25674" /><G90/><N who="0" m="51471" /><D72/><U15/><E25/><V126/><F122/><W3/><G3/><T121/><D121/><U14/><E117/><V129/><F129/><W13/><G79/><T102/><D102/><N who="1" m="60687" /><E15/><AGARI ba="0,0" hai="13,15,23,26,28,47,48,54" m="25674,2091" machi="15" ten="30,5800,0" yaku="8,1,52,2" doraHai="8" who="3" fromWho="1" sc="475,0,145,-58,234,0,146,58" /><INIT seed="3,1,0,3,2,64" ten="475,87,234,204" oya="3" hai0="31,108,123,107,111,121,66,119,49,93,81,112,3" hai1="20,106,14,46,83,53,42,115,71,120,37,1,52" hai2="101,103,87,50,7,2,23,84,76,91,9,25,65" hai3="96,54,97,43,27,17,67,60,85,61,132,122,134"/><W126/><G122/><T95/><D107/><U58/><E106/><V45/><F76/><W129/><G43/><T78/><D3/><U105/><E105/><V5/><F65/><W109/><G85/><N who="2" m="32841" /><F91/><W72/><G72/><N who="0" m="43207" /><D66/><U41/><E1/><V21/><F2/><W19/><G126/><T35/><D49/><N who="1" m="28727" /><E83/><V130/><F130/><W69/><G129/><T104/><D119/><U22/><E14/><N who="2" m="5423" /><F7/><W102/><G109/><N who="0" m="42059" /><D104/><U113/><E20/><N who="2" m="7755" /><F25/><W133/><G27/><N who="0" m="18943" /><D112/><N who="1" m="43083" /><E22/><V10/><F10/><W38/><G38/><T118/><D118/><U89/><E89/><V57/><F57/><N who="3" m="34871" /><G102/><T88/><D93/><U16/><E16/><AGARI ba="1,0" hai="16,17,19,61,67,69,96,97,132,133,134" m="34871" machi="16" ten="30,5800,0" yaku="20,1,52,1,54,1" doraHai="64" who="3" fromWho="1" sc="475,0,87,-61,234,0,204,61" /><INIT seed="3,2,0,5,2,42" ten="475,26,234,265" oya="3" hai0="2,58,6,71,116,119,104,59,12,43,7,57,110" hai1="125,29,107,63,5,68,64,105,112,8,132,46,88" hai2="117,81,30,120,19,91,15,122,49,38,62,135,51" hai3="133,95,85,106,9,118,126,16,121,114,18,99,23"/><W34/><G114/><T75/><D71/><U26/><E112/><V40/><F117/><W69/><G118/><T67/><D104/><U50/><E125/><V53/><F30/><W96/><G121/><N who="2" m="46697" /><F62/><W39/><G126/><T70/><D75/><U32/><E132/><V35/><F35/><W129/><G133/><T113/><D2/><U41/><E107/><V4/><F4/><W97/><G129/><T36/><D110/><U86/><E105/><V78/><F91/><N who="3" m="53743" /><G34/><T103/><D103/><U11/><E5/><V134/><F40/><W128/><G39/><T27/><D27/><U108/><REACH who="1" step="1"/><E108/><REACH who="1" ten="475,16,234,265" step="2"/><V123/><F38/><W20/><G106/><T79/><D113/><U115/><E115/><V47/><F51/><W89/><G128/><T109/><D109/><U24/><E24/><V87/><F123/><W100/><G69/><T130/><D130/><U77/><E77/><V44/><F44/><W31/><G100/><T98/><D79/><U101/><E101/><V73/><F73/><W54/><G31/><T94/><D119/><U48/><E48/><V37/><F37/><W1/><G1/><T90/><D116/><U93/><E93/><V84/><F84/><W111/><G111/><T17/><D70/><U61/><E61/><V13/><F13/><W21/><G97/><T92/><D92/><U60/><E60/><V25/><F25/><W66/><G96/><T22/><REACH who="0" step="1"/><D67/><REACH who="0" ten="465,16,234,265" step="2"/><U3/><E3/><V55/><F55/><W124/><G66/><T82/><D82/><U0/><E0/><V80/><F80/><W33/><G124/><T131/><D131/><RYUUKYOKU ba="2,2" sc="465,10,16,10,234,10,265,-30" hai0="6,7,12,17,22,36,43,57,58,59,90,94,98" hai1="8,11,26,29,32,41,46,50,63,64,68,86,88" hai2="15,19,47,49,53,78,81,87,134,135" owari="495,59.5,26,-47.4,244,4.4,235,-16.5" /></mjloggm>