<mjloggm ver="2.3"><GO type="225" lobby="0"/><UN n0="%E3%83%9D%E3%83%B3%E3%83%9D%E3%82%B3%E5%95%86%E4%BA%8B" n1="%E3%82%A2%E3%83%9E%E3%83%9D%EF%BD%9E%EF%BD%9E%E3%83%A9" n2="%E3%83%81%E3%83%A7%E3%83%99%E3%83%83%E3%82%AF" n3="%72%61%6B%33" dan="16,17,16,16" rate="2162.08,2099.28,2103.12,2086.13" sx="M,M,M,M"/><TAIKYOKU oya="0"/><INIT seed="0,0,0,1,4,6" ten="250,250,250,250" oya="0" hai0="47,23,43,116,68,30,40,71,94,63,77,93,69" hai1="104,124,132,99,79,110,135,16,134,18,41,42,73" hai2="48,82,117,128,31,24,102,58,91,17,108,78,111" hai3="112,87,123,67,5,107,61,115,121,97,19,89,28"/><T35/><D35/><U95/><E104/><V11/><F128/><W54/><G28/><T53/><D116/><U90/><E110/><N who="2" m="42027" /><F102/><N who="3" m="62927" /><G19/><N who="1" m="7210" /><E124/><V85/><F117/><W119/><G54/><T15/><D77/><U20/><E20/><N who="2" m="15751" /><F58/><N who="3" m="37303" /><G5/><T56/><D43/><N who="1" m="16395" /><E79/><V59/><F59/><W70/><G70/><T100/><D100/><U118/><E118/><V29/><F29/><W52/><G52/><T34/><D34/><U51/><E51/><V125/><F125/><W120/><G119/><T21/><D30/><U103/><E103/><V80/><F48/><W92/><AGARI ba="0,0" hai="87,89,92,112,115,120,121,123" m="37303,62927" machi="92" ten="30,1100,0" yaku="13,1" doraHai="6" who="3" fromWho="3" sc="250,-5,250,-3,250,-3,250,11" /><INIT seed="1,0,0,0,2,4" ten="245,247,247,261" oya="1" hai0="71,6,91,77,84,89,53,49,22,96,67,73,33" hai1="8,12,23,3,20,101,0,66,18,63,74,125,39" hai2="102,25,79,134,65,13,45,113,16,105,43,51,68" hai3="64,103,21,29,106,82,60,135,56,24,75,37,121"/><U59/><E125/><V17/><F134/><W10/><G135/><T118/><D33/><U122/><E122/><V72/><F105/><W42/><G121/><T50/><D73/><U38/><E74/><V44/><F102/><W112/><G112/><T5/><D71/><U48/><E101/><V11/><F72/><W124/><G124/><T132/><D67/><U15/><E23/><N who="2" m="13551" /><F68/><W36/><G42/><T19/><D118/><U128/><E128/><V94/><F94/><W62/><G62/><T98/><D50/><U35/><E35/><V116/><F116/><W88/><G106/><T117/><D77/><U81/><E81/><V115/><F79/><W107/><G75/><T14/><D132/><U46/><E39/><V40/><F65/><W57/><G57/><T90/><D84/><U30/><E38/><V70/><F70/><W26/><G26/><T83/><D83/><U87/><E87/><V119/><F119/><W1/><G103/><T126/><D126/><U2/><E30/><V108/><F108/><W9/><G107/><T130/><D130/><U85/><E85/><V99/><F99/><N who="0" m="37930" /><D117/><U93/><E93/><V133/><F133/><W58/><G1/><T47/><AGARI ba="0,0" hai="5,6,14,19,22,47,49,53,89,90,91" m="37930" machi="47" ten="30,1100,0" yaku="8,1" doraHai="4" who="0" fromWho="0" sc="245,11,247,-5,247,-3,261,-3" /><INIT seed="2,0,0,3,1,99" ten="256,242,244,258" oya="2" hai0="75,90,10,27,42,84,118,54,128,36,18,105,68" hai1="46,38,52,72,14,124,107,62,98,13,3,110,80" hai2="22,103,20,117,24,40,48,129,106,114,25,60,91" hai3="31,58,32,21,101,115,109,0,9,92,44,8,81"/><V6/><F114/><W4/><G115/><T56/><D68/><U127/><E3/><V112/><F112/><W59/><G109/><T108/><D75/><U76/><E110/><V70/><F117/><W35/><G81/><T65/><D65/><U29/><E29/><V47/><F129/><W66/><G44/><T28/><D105/><U82/><E82/><V88/><F6/><W95/><G9/><T116/><D108/><U125/><E38/><V51/><F70/><W50/><G95/><T53/><D42/><U63/><E46/><N who="2" m="25671" /><F60/><N who="1" m="23081" /><E52/><N who="0" m="20073" /><D56/><U134/><E134/><V123/><F106/><W69/><G69/><T130/><D36/><U1/><E1/><V17/><F103/><AGARI ba="0,0" hai="13,14,72,76,80,98,103,107,124,125,127" m="23081" machi="103" ten="40,2600,0" yaku="18,1,52,1" doraHai="99" who="1" fromWho="2" sc="256,0,242,26,244,-26,258,0" /><INIT seed="3,0,0,1,5,102" ten="256,268,218,258" oya="3" hai0="5,26,58,35,69,50,2,33,59,28,10,1,105" hai1="21,93,41,3,63,132,97,72,62,11,108,68,85" hai2="90,56,112,122,116,106,109,67,131,9,17,27,113" hai3="101,54,76,128,121,117,84,49,115,98,12,110,53"/><W130/><G115/><T104/><D69/><U39/><E72/><V103/><F116/><W44/><G117/><T100/><D100/><U40/><E108/><V7/><F109/><W22/><G110/><T66/><D35/><U133/><E85/><V83/><F131/><N who="3" m="50219" /><G121/><T129/><D129/><U18/><E11/><V126/><F122/><W19/><G84/><T77/><D1/><U20/><E3/><V107/><F126/><W43/><G76/><T135/><D135/><N who="1" m="51787" /><E20/><V55/><F67/><W96/><G96/><T36/><D36/><U47/><E41/><V114/><F103/><W57/><G57/><T64/><D77/><U61/><E93/><AGARI ba="0,0" hai="12,19,22,43,44,49,53,54,93,98,101" m="50219" machi="93" ten="30,1500,0" yaku="19,1" doraHai="102" who="3" fromWho="1" sc="256,0,268,-15,218,0,258,15" /><INIT seed="3,1,0,2,3,118" ten="256,253,218,273" oya="3" hai0="29,8,45,0,98,12,84,76,130,61,42,116,119" hai1="74,20,93,31,41,70,75,7,109,33,66,23,90" hai2="77,69,30,106,104,17,63,67,112,129,2,25,46" hai3="92,85,38,113,13,107,47,57,21,135,124,91,95"/><W43/><G113/><T14/><D130/><U86/><E109/><V110/><F112/><W52/><G107/><T28/><D0/><U64/><E33/><N who="2" m="20687" /><F17/><W128/><G128/><T51/><D14/><U100/><E70/><V36/><F129/><W131/><G131/><T53/><D98/><N who="1" m="59471" /><E74/><V9/><F77/><W87/><G124/><T59/><D119/><U82/><E75/><V80/><F80/><W24/><G135/><T3/><D3/><U22/><E31/><V114/><F110/><W72/><G72/><T5/><D116/><U39/><E39/><V120/><F114/><W4/><G4/><T83/><AGARI ba="1,0" hai="5,8,12,28,29,42,45,51,53,59,61,76,83,84" machi="83" ten="30,7900,0" yaku="0,1,25,2,8,1" doraHai="118" who="0" fromWho="0" sc="256,82,253,-21,218,-21,273,-40" owari="338,43.8,232,-16.8,197,-30.3,233,3.3" /></mjloggm>