<mjloggm ver="2.3"><GO type="225" lobby="0"/><UN n0="%E6%9C%88%E5%B3%B6%E5%9F%BA" n1="%70%68%65%6E%6F%6D%65" n2="%E3%83%96%E3%83%83%E3%83%91%E3%82%AA%E3%83%96%E3%83%81%E3%82%AD%E3%83%B3" n3="%E3%81%AD%E3%82%80%E3%81%84%40%E9%9B%80%E9%B3%B4%E4%BC%9A" dan="17,16,16,16" rate="2245.37,2191.49,2135.64,2162.19" sx="M,M,M,F"/><TAIKYOKU oya="0"/><INIT seed="0,0,0,0,2,59" ten="250,250,250,250" oya="0" hai0="4,79,46,40,113,110,104,14,116,123,44,72,88" hai1="111,94,130,82,76,102,52,8,2,45,1,60,105" hai2="28,38,22,5,7,135,90,55,122,65,41,9,50" hai3="42,100,64,107,23,35,47,96,6,103,108,13,54"/><T117/><D113/><U29/><E105/><V19/><F122/><W89/><G35/><T25/><D123/><U85/><E111/><V83/><F135/><W63/><G108/><T87/><D104/><U84/><E130/><V112/><F112/><W3/><G3/><T71/><D110/><U0/><E29/><V39/><F65/><W16/><G6/><N who="2" m="2057" /><F38/><W18/><G54/><T27/><D71/><U75/><E8/><V115/><F39/><W56/><G18/><T86/><D72/><U97/><REACH who="1" step="1"/><E45/><REACH who="1" ten="250,240,250,250" step="2"/><V95/><F9/><W92/><REACH who="3" step="1"/><G107/><REACH who="3" ten="250,240,250,240" step="2"/><T74/><D116/><U106/><E106/><V69/><F115/><W125/><G125/><T73/><D117/><U48/><E48/><AGARI ba="0,2" hai="13,16,23,42,47,48,56,63,64,89,92,96,100,103" machi="48" ten="30,12000,2" yaku="1,1,7,1,8,1,52,1,54,1,53,1" doraHai="59" doraHaiUra="53" who="3" fromWho="1" sc="250,0,240,-120,250,0,240,140" /><INIT seed="1,0,0,2,4,69" ten="250,120,250,380" oya="1" hai0="18,66,8,46,71,116,94,77,33,40,128,135,79" hai1="133,74,29,95,127,107,38,129,134,63,101,37,10" hai2="52,12,67,111,97,32,78,47,22,54,49,83,45" hai3="50,96,64,28,5,31,118,53,73,25,65,124,1"/><U120/><E120/><V131/><F111/><W56/><G118/><T99/><D33/><U36/><E127/><V102/><F131/><W20/><G73/><T43/><D128/><U80/><E129/><V90/><F32/><W114/><G114/><T39/><D116/><U91/><E29/><V30/><F90/><W70/><G70/><T68/><D135/><N who="1" m="51723" /><E63/><V109/><F109/><W27/><G124/><T23/><D71/><U3/><E107/><V21/><F67/><W61/><G96/><T48/><D66/><U121/><E121/><V16/><F30/><W130/><G130/><T84/><D68/><U0/><E101/><V117/><F117/><W82/><G82/><T19/><D79/><N who="1" m="44151" /><E10/><V62/><F62/><W17/><G61/><T113/><D8/><U119/><E119/><V51/><F22/><W42/><G28/><T86/><D23/><U57/><E57/><V92/><F83/><W15/><G65/><T58/><D58/><U122/><E122/><V98/><F97/><AGARI ba="0,0" hai="0,3,36,37,38,91,95,97" m="44151,51723" machi="97" ten="40,12000,1" yaku="20,1,52,3" doraHai="69" who="1" fromWho="2" sc="250,0,120,120,250,-120,380,0" /><INIT seed="1,1,0,2,3,81" ten="250,240,130,380" oya="1" hai0="90,2,5,110,121,27,106,24,17,84,112,55,9" hai1="50,95,7,10,34,68,111,54,59,11,16,89,46" hai2="47,29,0,122,114,8,39,38,75,15,22,18,77" hai3="23,134,28,124,128,129,43,62,32,117,100,120,56"/><U45/><E68/><V74/><F122/><W123/><G32/><T91/><D112/><U65/><E34/><V104/><F104/><W115/><G115/><T70/><D106/><U105/><E105/><V108/><F114/><W44/><G100/><T79/><D70/><U69/><E111/><V82/><F108/><W21/><G124/><T25/><D110/><U83/><E83/><V131/><F131/><N who="3" m="50251" /><G134/><T60/><D121/><N who="3" m="46665" /><G28/><T49/><D60/><U132/><E132/><V96/><F96/><W135/><G117/><T61/><D61/><U125/><E125/><V127/><F127/><W42/><G42/><T1/><D1/><U76/><E76/><V93/><F93/><W37/><G135/><T20/><D79/><U64/><E69/><V102/><F102/><W85/><G85/><T130/><D90/><U31/><E31/><V36/><F75/><W41/><G41/><T118/><D118/><U101/><E101/><V52/><F29/><W67/><AGARI ba="1,0" hai="21,23,37,43,44,56,62,67" m="46665,50251" machi="67" ten="30,1100,0" yaku="19,1" doraHai="81" who="3" fromWho="3" sc="250,-4,240,-6,130,-4,380,14" /><INIT seed="2,0,0,4,1,6" ten="246,234,126,394" oya="2" hai0="133,35,70,34,110,3,71,88,13,130,106,39,53" hai1="108,8,11,112,132,55,120,15,101,75,27,2,48" hai2="52,69,16,44,67,81,100,23,121,89,135,104,79" hai3="94,57,131,59,124,63,93,117,68,83,115,111,61"/><V42/><F121/><W119/><G111/><T58/><D3/><U73/><E112/><V99/><F135/><W95/><G115/><T82/><D106/><U134/><E101/><V17/><F89/><W102/><G68/><T96/><D39/><U122/><E27/><V126/><F126/><W97/><G124/><T32/><D110/><U36/><E36/><V20/><F69/><W4/><G131/><T123/><D123/><N who="1" m="47147" /><E2/><V118/><F67/><W30/><G30/><T91/><D130/><U92/><E92/><V127/><F118/><W12/><G83/><T64/><D64/><U0/><E0/><V72/><F127/><W128/><G128/><T90/><D133/><N who="1" m="51307" /><E108/><V66/><F66/><N who="3" m="39215" /><G119/><T10/><D82/><U28/><E28/><V98/><F98/><W107/><G107/><T18/><REACH who="0" step="1"/><D96/><REACH who="0" ten="236,234,126,394" step="2"/><U56/><E11/><V60/><F42/><W105/><G105/><T26/><D26/><U129/><E129/><V14/><F60/><AGARI ba="0,1" hai="10,13,18,32,34,35,53,58,60,70,71,88,90,91" machi="60" ten="50,8000,1" yaku="1,1,52,1,54,1,53,2" doraHai="6" doraHaiUra="65" who="0" fromWho="2" sc="236,90,234,0,126,-80,394,0" /><INIT seed="3,0,0,1,5,38" ten="326,234,46,394" oya="3" hai0="37,112,33,72,113,134,24,22,117,125,0,5,80" hai1="81,82,52,107,131,135,45,106,118,100,62,13,114" hai2="109,39,102,83,2,85,50,75,42,58,12,31,87" hai3="34,84,71,25,74,73,20,26,41,115,129,133,76"/><W105/><G115/><N who="0" m="44107" /><D117/><U47/><E114/><V54/><F109/><W49/><G105/><T101/><D125/><U56/><E118/><V124/><F124/><W95/><G71/><T78/><D134/><U21/><E135/><V130/><F102/><W63/><G129/><T94/><D37/><U70/><E131/><V35/><F130/><W61/><G34/><T127/><D33/><U55/><E70/><V1/><F12/><W116/><G74/><T128/><D127/><U91/><E100/><V60/><F75/><W90/><G73/><T40/><D40/><U15/><E21/><V79/><F87/><W68/><G41/><T7/><D0/><U23/><E23/><V64/><F31/><W132/><G20/><T51/><D51/><U53/><E56/><V9/><F9/><W103/><G49/><T98/><D128/><U44/><E62/><V6/><F6/><W108/><G63/><T46/><D46/><U11/><E91/><V123/><F35/><W16/><G61/><T77/><D77/><U119/><E119/><V66/><F123/><W48/><G76/><T59/><D59/><U120/><E120/><V67/><REACH who="2" step="1"/><F60/><REACH who="2" ten="326,234,36,394" step="2"/><W122/><G122/><T92/><D101/><U28/><E28/><V111/><F111/><W89/><G108/><T8/><D7/><U18/><E15/><V10/><F10/><W110/><G103/><T104/><D5/><U69/><E13/><V93/><F93/><W17/><G110/><T27/><D92/><U29/><E29/><V57/><F57/><W3/><G133/><T43/><D94/><U96/><E11/><RYUUKYOKU ba="0,1" sc="326,-10,234,-10,36,30,394,-10" hai2="1,2,39,42,50,54,58,64,66,67,79,83,85" owari="316,11.6,224,-17.6,66,-43.4,394,49.4" /></mjloggm>