<mjloggm ver="2.3"><GO type="225" lobby="0"/><UN n0="%6B%69%72%61%64%6F%6B%69" n1="%E3%83%96%E3%83%83%E3%83%91%E3%82%AA%E3%83%96%E3%83%81%E3%82%AD%E3%83%B3" n2="%E3%81%AF%E3%82%88%E3%81%8A%E3%81%98%E3%81%95%E3%82%93" n3="%4B%2E%32%2E%4B%2E" dan="16,16,17,16" rate="2140.00,2203.58,2234.13,2177.06" sx="M,M,M,M"/><TAIKYOKU oya="0"/><INIT seed="0,0,0,4,4,9" ten="250,250,250,250" oya="0" hai0="1,92,33,93,115,97,14,102,119,62,53,23,78" hai1="110,81,7,107,100,38,104,45,43,116,17,75,35" hai2="134,131,72,30,66,41,126,57,96,22,50,128,59" hai3="117,120,91,125,113,51,73,82,34,77,88,24,132"/><T60/><D115/><U87/><E116/><V61/><F72/><W101/><G113/><T4/><D119/><U67/><E35/><V3/><F3/><W40/><G117/><T28/><D1/><U105/><E110/><V64/><F96/><W69/><G69/><T21/><D33/><U39/><E7/><V32/><F32/><W15/><G132/><T49/><D78/><U84/><E39/><V19/><F30/><W79/><G125/><T71/><D71/><U12/><E100/><V36/><F36/><W114/><G114/><T135/><D135/><U127/><E127/><V133/><F22/><N who="0" m="8202" /><D28/><U16/><E67/><V99/><F99/><W111/><G111/><T68/><D68/><U44/><E44/><N who="2" m="25871" /><F19/><W103/><G120/><T65/><D65/><U129/><E129/><N who="2" m="49739" /><F126/><W86/><G34/><T47/><D92/><U89/><E17/><V124/><F124/><W11/><G24/><T85/><D85/><U10/><REACH who="1" step="1"/><E87/><REACH who="1" ten="250,240,250,250" step="2"/><V48/><F66/><W80/><G101/><T2/><D2/><U55/><E55/><AGARI ba="0,1" hai="48,55,57,59,61,64,133,134" m="49739,25871" machi="55" ten="30,3900,0" yaku="19,1,34,2" doraHai="9" who="2" fromWho="1" sc="250,0,240,-39,250,49,250,0" /><INIT seed="1,0,0,5,1,55" ten="250,201,299,250" oya="1" hai0="48,129,7,5,72,15,54,98,135,65,3,122,118" hai1="96,73,121,38,91,40,2,35,131,101,114,125,8" hai2="22,37,97,10,130,18,68,106,89,64,105,69,58" hai3="56,71,16,120,53,27,76,46,43,41,59,100,99"/><U12/><E114/><V34/><F34/><W42/><G71/><T112/><D112/><U33/><E121/><V87/><F37/><W92/><G120/><T6/><D72/><U51/><E73/><V44/><F44/><W66/><G76/><T75/><D122/><U93/><E125/><V57/><F10/><W67/><G46/><T88/><D75/><U49/><E38/><V94/><F130/><W36/><G36/><T124/><D129/><U23/><E131/><V133/><F133/><W28/><G59/><N who="2" m="22537" /><F69/><W0/><G0/><T116/><D3/><U32/><E40/><V113/><F68/><W31/><G31/><T9/><D135/><U83/><E23/><V95/><F106/><W39/><G39/><T111/><D124/><U82/><E2/><V25/><F105/><W84/><G84/><T103/><D116/><U90/><E101/><N who="2" m="60599" /><F113/><W60/><REACH who="3" step="1"/><G16/><REACH who="3" ten="250,201,299,240" step="2"/><T132/><D132/><U117/><E117/><V123/><F123/><W29/><G29/><T26/><D118/><U47/><E47/><V11/><F11/><W74/><G74/><T20/><D9/><U4/><REACH who="1" step="1"/><E82/><REACH who="1" ten="250,191,299,240" step="2"/><V110/><F110/><W17/><G17/><T85/><D111/><U134/><E134/><V14/><F64/><W86/><G86/><AGARI ba="0,2" hai="4,8,12,32,33,35,49,51,83,86,90,91,93,96" machi="86" ten="40,2000,0" yaku="1,1,53,0" doraHai="55" doraHaiUra="19" who="1" fromWho="3" sc="250,0,191,40,299,0,240,-20" /><INIT seed="1,1,0,2,3,33" ten="250,231,299,220" oya="1" hai0="15,86,21,78,42,20,18,105,31,64,45,46,107" hai1="41,100,58,83,69,59,120,131,73,23,34,75,17" hai2="67,112,61,53,32,132,68,29,56,1,113,4,115" hai3="97,123,60,127,13,111,118,9,130,49,70,106,72"/><U128/><E120/><V95/><F132/><W76/><G123/><T52/><D64/><U36/><E69/><V25/><F95/><W71/><G111/><T126/><D126/><U99/><E34/><V122/><F122/><W98/><G127/><T96/><D96/><U92/><E41/><V12/><F12/><W28/><G130/><N who="1" m="49706" /><E36/><V65/><REACH who="2" step="1"/><F68/><REACH who="2" ten="250,231,289,220" step="2"/><W121/><G121/><T134/><D134/><U84/><E73/><V44/><F44/><W135/><G135/><T102/><D45/><U2/><E75/><V116/><F116/><W88/><G118/><T51/><D105/><U114/><E114/><V117/><F117/><W108/><G71/><T77/><D107/><U62/><E2/><V35/><F35/><W26/><G106/><T22/><D46/><U133/><E133/><V40/><F40/><W10/><G72/><T80/><D42/><U90/><E62/><V57/><F57/><W104/><G60/><T74/><D15/><AGARI ba="1,1" hai="15,17,23,58,59,83,84,90,92,99,100" m="49706" machi="15" ten="30,1500,0" yaku="19,1" doraHai="33" who="1" fromWho="0" sc="250,-18,231,28,289,0,220,0" /><INIT seed="1,2,0,4,4,107" ten="232,259,289,220" oya="1" hai0="135,45,30,124,23,32,63,34,88,101,95,108,112" hai1="5,133,102,66,78,111,110,92,86,75,79,77,44" hai2="80,70,52,36,93,128,114,57,17,74,127,126,62" hai3="47,120,123,56,116,109,100,29,87,68,61,54,6"/><U60/><E5/><V119/><F119/><W12/><G109/><N who="1" m="41482" /><E133/><V2/><F36/><W38/><G116/><T53/><D112/><U50/><E102/><V58/><F70/><W46/><G29/><T113/><D113/><U76/><E76/><N who="2" m="44055" /><F114/><W15/><G100/><T27/><D124/><N who="2" m="47658" /><F2/><W11/><G87/><T131/><D135/><U48/><E92/><V16/><F128/><W3/><G68/><T4/><D131/><U65/><E86/><V84/><F58/><W130/><G130/><T85/><D108/><U96/><E96/><V28/><F28/><W40/><REACH who="3" step="1"/><G47/><REACH who="3" ten="232,259,289,210" step="2"/><T118/><D45/><U24/><E44/><V106/><F106/><W122/><AGARI ba="2,1" hai="3,6,11,12,15,38,40,46,54,56,61,120,122,123" machi="122" ten="30,4000,0" yaku="1,1,2,1,0,1,53,0" doraHai="107" doraHaiUra="97" who="3" fromWho="3" sc="232,-12,259,-22,289,-12,210,56" /><INIT seed="2,0,0,4,1,21" ten="220,237,277,266" oya="2" hai0="113,70,20,61,0,76,115,52,124,45,26,66,6" hai1="111,106,90,116,74,54,57,100,79,85,62,60,128" hai2="121,36,58,125,22,11,87,18,41,30,103,64,15" hai3="77,13,95,120,112,80,5,88,37,48,127,39,53"/><V108/><F121/><W17/><G120/><T68/><D124/><U101/><E116/><V35/><F108/><W67/><G67/><T93/><D68/><U123/><E123/><V134/><F125/><W114/><G5/><T12/><D0/><U135/><E111/><V97/><F134/><W8/><G127/><T34/><D76/><U32/><E135/><V31/><F35/><W98/><G112/><T40/><D34/><U89/><E128/><V33/><F33/><W63/><G63/><N who="1" m="24106" /><E106/><V38/><F58/><W86/><REACH who="3" step="1"/><G114/><REACH who="3" ten="220,237,277,256" step="2"/><T29/><D113/><U99/><E32/><V91/><F64/><W75/><G75/><T94/><D115/><U49/><E74/><V42/><F38/><W118/><G118/><T46/><D6/><U130/><E130/><V27/><F36/><W9/><G9/><T44/><D40/><U23/><E23/><V55/><F42/><W107/><G107/><T73/><D73/><U132/><E132/><V14/><F41/><W83/><G83/><T110/><D110/><U122/><E122/><V129/><F129/><W105/><G105/><T82/><D82/><N who="1" m="49335" /><E79/><V43/><F43/><W3/><G3/><T133/><D133/><U10/><E10/><V28/><F11/><W7/><G7/><T59/><D66/><U117/><E117/><V96/><F22/><W92/><G92/><AGARI ba="0,1" hai="49,54,57,90,92,99,100,101" m="49335,24106" machi="92" ten="30,1000,0" yaku="8,1" doraHai="21" who="1" fromWho="3" sc="220,0,237,20,277,0,256,-10" /><INIT seed="3,0,0,4,2,92" ten="220,257,277,246" oya="3" hai0="112,53,91,17,31,63,35,96,127,51,85,119,71" hai1="61,12,13,108,23,76,128,86,89,75,114,134,54" hai2="121,55,66,111,36,104,100,52,130,83,84,9,126" hai3="48,38,26,56,42,2,69,24,64,34,29,70,93"/><W72/><G72/><T103/><D119/><U122/><E114/><V62/><F36/><W47/><G2/><T133/><D112/><U45/><E122/><V79/><F121/><W101/><G24/><N who="0" m="18919" /><D17/><U105/><E105/><V32/><F32/><W20/><G34/><T50/><D127/><U65/><E108/><V1/><F111/><W95/><G95/><N who="0" m="54767" /><D53/><U57/><E128/><V94/><F104/><W39/><G39/><T81/><D81/><N who="1" m="47399" /><E134/><V37/><F37/><W67/><G38/><T68/><D68/><U19/><E75/><V30/><F30/><W33/><G33/><T41/><D41/><U120/><E120/><V11/><F130/><W60/><G67/><N who="0" m="41471" /><D133/><U73/><E73/><V4/><F11/><W25/><G26/><T49/><D49/><N who="1" m="28975" /><E89/><V74/><F126/><W115/><G115/><T14/><D14/><AGARI ba="0,0" hai="12,13,14,19,23,57,61,65" m="28975,47399" machi="14" ten="30,1000,0" yaku="8,1" doraHai="92" who="1" fromWho="0" sc="220,-10,257,10,277,0,246,0" /><INIT seed="4,0,0,5,4,35" ten="210,267,277,246" oya="0" hai0="129,52,77,56,0,34,16,132,2,74,60,120,30" hai1="72,102,99,79,97,89,19,71,101,29,134,133,13" hai2="9,11,46,104,122,36,103,83,12,65,50,4,70" hai3="21,49,76,73,109,112,43,27,111,105,68,128,88"/><T108/><D120/><U135/><E71/><V106/><F122/><W37/><G105/><T22/><D129/><U92/><E29/><V41/><F103/><N who="1" m="39433" /><E13/><V28/><F28/><W57/><G68/><T98/><D132/><U48/><E48/><V94/><F94/><W93/><G112/><T90/><D108/><U66/><E66/><V38/><F38/><W130/><G76/><T81/><D30/><U78/><E19/><V32/><F32/><W80/><G80/><T33/><D33/><U67/><E67/><V125/><F125/><W3/><G73/><T107/><D34/><U17/><E17/><V87/><F36/><W15/><G15/><T127/><D127/><U114/><E114/><V117/><F117/><W23/><G23/><T115/><D115/><U84/><E72/><V100/><F100/><W44/><G57/><T6/><D6/><U1/><E1/><V53/><F53/><W131/><G3/><T26/><D107/><U82/><E99/><V86/><F11/><W31/><REACH who="3" step="1"/><G37/><REACH who="3" ten="210,267,277,236" step="2"/><T126/><D126/><U5/><E5/><V55/><F104/><W58/><G58/><T124/><D124/><U47/><E47/><V116/><F106/><W62/><G62/><T10/><D10/><U110/><E110/><V24/><F9/><W96/><AGARI ba="0,1" hai="21,27,31,43,44,49,88,93,96,109,111,128,130,131" machi="96" ten="30,7900,0" yaku="1,1,0,1,19,1,54,1,53,0" doraHai="35" doraHaiUra="54" who="3" fromWho="3" sc="210,-39,267,-20,277,-20,236,89" owari="171,-32.9,247,-15.3,257,5.7,325,42.5" /></mjloggm>