<mjloggm ver="2.3"><GO type="225" lobby="0"/><UN n0="%E6%A1%9C%E8%8A%B1%E9%96%83%E3%80%85" n1="%E3%81%AF%E3%82%88%E3%81%8A%E3%81%98%E3%81%95%E3%82%93" n2="%E3%82%B3%E3%83%90%E3%83%AC%E3%82%A4" n3="%E6%9C%88%E5%B3%B6%E5%9F%BA" dan="16,17,16,16" rate="2140.45,2158.23,2166.91,2088.97" sx="M,M,M,M"/><TAIKYOKU oya="0"/><INIT seed="0,0,0,1,0,1" ten="250,250,250,250" oya="0" hai0="60,45,33,54,7,43,63,52,58,96,3,130,90" hai1="133,30,6,120,131,75,111,86,38,69,117,89,103" hai2="87,84,35,83,16,76,2,70,15,99,5,108,46" hai3="121,37,109,128,51,64,36,17,100,98,92,134,125"/><T105/><D33/><U106/><RYUUKYOKU type="yao9" ba="0,0" sc="250,0,250,0,250,0,250,0" hai1="6,30,38,69,75,86,89,103,106,111,117,120,131,133" /><INIT seed="0,1,0,0,5,20" ten="250,250,250,250" oya="0" hai0="28,44,52,16,61,100,76,77,8,31,46,88,56" hai1="119,117,114,15,12,118,32,134,43,92,83,24,11" hai2="87,9,82,89,62,120,39,67,60,86,115,108,35" hai3="128,135,71,98,78,42,58,70,111,47,91,106,121"/><T74/><D100/><U25/><E43/><V54/><F39/><W38/><G111/><T4/><D74/><U17/><E83/><V84/><F108/><W124/><G78/><N who="0" m="30315" /><D4/><U97/><E32/><V130/><F120/><W22/><G128/><T2/><D2/><U5/><E134/><V21/><F130/><W93/><G124/><T127/><D127/><U3/><E114/><V69/><F35/><W103/><G135/><T101/><D101/><U75/><E75/><V122/><F122/><W85/><G121/><T133/><D133/><U40/><E40/><V0/><F115/><W53/><REACH who="3" step="1"/><G22/><REACH who="3" ten="250,250,250,240" step="2"/><T19/><D8/><U129/><E129/><V18/><F9/><W48/><AGARI ba="1,1" hai="38,42,47,48,53,58,70,71,85,91,93,98,103,106" machi="48" ten="20,8000,1" yaku="1,1,2,1,0,1,7,1,53,1" doraHai="20" doraHaiUra="102" who="3" fromWho="3" sc="250,-41,250,-21,250,-21,240,93" /><INIT seed="1,0,0,4,2,61" ten="209,229,229,333" oya="1" hai0="80,99,25,76,51,89,67,52,56,71,72,49,22" hai1="33,117,114,13,66,69,32,111,116,126,57,17,24" hai2="133,9,19,14,59,7,63,29,81,65,84,44,82" hai3="77,127,98,75,28,104,43,90,16,85,23,5,110"/><U62/><E114/><V6/><F133/><W39/><G110/><T135/><D135/><U103/><E111/><V94/><F29/><W10/><G127/><T74/><D74/><U15/><E126/><V41/><F94/><W92/><G28/><T134/><D134/><U125/><E125/><V50/><REACH who="2" step="1"/><F82/><REACH who="2" ten="209,229,219,333" step="2"/><W3/><G92/><T102/><D80/><U130/><E116/><V40/><F40/><W73/><G43/><T105/><D105/><U27/><E117/><V131/><F131/><W60/><G104/><T109/><D109/><U83/><E130/><V107/><F107/><W54/><G75/><T101/><D72/><U12/><E83/><V30/><F30/><W100/><G73/><T113/><D113/><U46/><E33/><V93/><F93/><W20/><G98/><T37/><D99/><U21/><E103/><V36/><F36/><W64/><G39/><T106/><D37/><U123/><E123/><V79/><AGARI ba="0,1" hai="6,7,9,14,19,41,44,50,59,63,65,79,81,84" machi="79" ten="20,8000,1" yaku="1,1,0,1,7,1,8,1,52,1,53,0" doraHai="61" doraHaiUra="88" who="2" fromWho="2" sc="209,-20,229,-40,219,90,333,-20" /><INIT seed="2,0,0,0,3,80" ten="189,189,309,313" oya="2" hai0="36,57,11,65,52,101,40,64,123,15,118,27,66" hai1="34,93,125,50,100,49,32,5,105,82,28,131,92" hai2="89,58,106,108,18,23,35,8,37,14,99,107,68" hai3="51,86,122,41,81,38,39,73,96,77,124,22,42"/><V117/><F68/><W20/><G122/><T29/><D123/><U69/><E69/><V31/><F37/><W91/><G124/><T72/><D72/><U84/><E125/><V110/><F117/><W19/><G96/><T25/><D118/><U114/><E114/><V9/><F35/><W3/><G3/><T17/><D101/><U90/><E131/><V7/><F31/><W70/><G70/><T1/><D1/><U30/><E105/><V76/><F9/><W116/><G22/><T127/><D127/><U83/><E5/><V16/><F18/><W48/><G39/><T33/><D27/><U24/><E34/><V95/><F76/><W78/><G78/><T2/><D2/><U13/><E13/><V0/><F58/><W4/><G4/><T120/><D120/><U103/><E30/><V115/><F115/><W74/><G74/><T132/><D132/><U104/><E104/><V98/><F99/><W26/><G116/><T47/><REACH who="0" step="1"/><D66/><REACH who="0" ten="179,189,309,313" step="2"/><U10/><E103/><V45/><F107/><W71/><G73/><T75/><D75/><U55/><E100/><V113/><F106/><W60/><G26/><T53/><D53/><U121/><E121/><V56/><F113/><W59/><G42/><T87/><D87/><N who="1" m="50551" /><E55/><V128/><F0/><W119/><G41/><T12/><D12/><U133/><E133/><V54/><F14/><W21/><G119/><T85/><D85/><U6/><E6/><V44/><F54/><W130/><G86/><T67/><D67/><U79/><E10/><V46/><F8/><W63/><G130/><T134/><D134/><RYUUKYOKU ba="0,1" sc="179,15,189,15,309,-15,313,-15" hai0="11,15,17,25,29,33,36,40,47,52,57,64,65" hai1="24,28,32,49,50,79,83,84,92,93" /><INIT seed="3,1,1,2,3,35" ten="194,204,294,298" oya="3" hai0="68,19,74,15,79,91,55,117,125,129,30,114,120" hai1="34,43,59,126,69,41,134,1,76,104,27,89,107" hai2="116,124,6,122,60,132,127,87,2,33,102,26,11" hai3="81,3,130,72,17,86,108,92,77,5,85,51,135"/><W113/><G113/><T63/><D120/><U109/><E69/><V61/><F122/><W62/><G130/><T64/><D117/><U97/><E1/><V88/><F102/><W96/><G135/><T70/><D129/><U42/><E134/><V53/><F132/><W54/><G108/><T57/><D114/><U23/><E34/><V78/><F78/><W36/><G36/><T18/><D125/><N who="2" m="48202" /><F53/><W0/><G62/><T20/><D30/><U22/><E76/><V82/><F116/><W48/><G48/><T25/><D91/><U80/><E109/><V37/><F37/><W65/><G65/><T56/><D79/><U46/><E89/><V90/><F90/><W66/><G66/><T83/><D83/><U98/><E80/><V73/><F73/><W103/><G17/><T49/><REACH who="0" step="1"/><D74/><REACH who="0" ten="184,204,294,298" step="2"/><U128/><E128/><V106/><F106/><W58/><G72/><T93/><D93/><U39/><E107/><V45/><F45/><W38/><G77/><T101/><D101/><U111/><E126/><V75/><F75/><W50/><G81/><T13/><D13/><U31/><E111/><V99/><F99/><W29/><G29/><AGARI ba="1,2" hai="2,6,11,26,29,33,60,61,82,87,88" m="48202" machi="29" ten="30,3900,0" yaku="18,1,52,1,54,1" doraHai="35" who="2" fromWho="3" sc="184,0,204,0,294,62,298,-42" owari="184,-31.6,204,-19.6,356,45.6,256,5.6" /></mjloggm>