<mjloggm ver="2.3"><GO type="225" lobby="0"/><UN n0="%E6%A1%9C%E8%8A%B1%E9%96%83%E3%80%85" n1="%E5%91%A8%E6%9D%B1" n2="%E6%9D%B1%E9%A2%A8%E3%81%AE%E3%81%8D%E3%82%83%E3%81%B7%E3%81%95%E3%82%93" n3="%E6%A0%B9%E5%85%83%E3%81%8B%E3%82%89%E5%90%B9%E3%81%A3%E9%A3%9B%E3%81%B6" dan="16,17,16,16" rate="2121.30,2192.90,2098.77,2138.89" sx="M,M,M,F"/><TAIKYOKU oya="0"/><INIT seed="0,0,0,0,5,50" ten="250,250,250,250" oya="0" hai0="90,36,52,131,1,31,97,80,21,98,30,26,33" hai1="120,93,72,12,96,61,15,101,84,51,5,55,118" hai2="34,99,14,109,65,115,43,89,130,7,77,59,64" hai3="40,106,132,74,39,9,71,70,35,135,25,76,127"/><T66/><D36/><U107/><E118/><V82/><F34/><W16/><G106/><T13/><D1/><U78/><E120/><V3/><F115/><W126/><G9/><T63/><D131/><U108/><E108/><V95/><F109/><W100/><G100/><T27/><D13/><U28/><E28/><V0/><F130/><W119/><G119/><T121/><D121/><U88/><E61/><V41/><F3/><W32/><G16/><T112/><D112/><U114/><E5/><V20/><F0/><W122/><G122/><T49/><D80/><N who="1" m="45127" /><E114/><V124/><F124/><N who="3" m="47659" /><G76/><T116/><D90/><U60/><E60/><V129/><F129/><W111/><G74/><T68/><REACH who="0" step="1"/><D116/><REACH who="0" ten="240,250,250,250" step="2"/><U38/><E38/><V123/><F89/><W117/><G117/><T37/><D37/><U87/><E87/><V94/><F14/><W104/><G39/><T128/><D128/><U22/><E22/><V8/><F20/><W29/><G32/><T57/><AGARI ba="0,1" hai="21,26,27,30,31,33,49,52,57,63,66,68,97,98" machi="57" ten="20,18000,2" yaku="1,1,0,1,7,1,52,1,54,1,53,1" doraHai="50" doraHaiUra="54" who="0" fromWho="0" sc="240,190,250,-60,250,-60,250,-60" /><INIT seed="0,1,0,2,2,62" ten="430,190,190,190" oya="0" hai0="46,16,4,13,114,92,52,111,123,122,110,31,6" hai1="94,32,47,22,81,66,77,21,80,37,126,88,28" hai2="50,43,87,99,135,96,121,70,127,134,11,85,69" hai3="54,1,104,45,53,63,89,93,0,75,131,100,119"/><T8/><D114/><U95/><E126/><V125/><F11/><W39/><G119/><T34/><D92/><U115/><E115/><V118/><F50/><W55/><G75/><T33/><D52/><U9/><E32/><N who="0" m="12393" /><D31/><U44/><E37/><V106/><F43/><W23/><G131/><T78/><D78/><U83/><E77/><V109/><F70/><W128/><G0/><T65/><D65/><U72/><E72/><V36/><F69/><W42/><G1/><T98/><D98/><U26/><E9/><V60/><F60/><W130/><G23/><N who="0" m="11663" /><D46/><U19/><E66/><V56/><F56/><W117/><G63/><T30/><D30/><U67/><E67/><V113/><F36/><W3/><G3/><N who="0" m="31" /><D6/><U12/><REACH who="1" step="1"/><E95/><REACH who="1" ten="430,180,190,190" step="2"/><V64/><F64/><W25/><G93/><T49/><D49/><U74/><E74/><V76/><F113/><W97/><G39/><T48/><D48/><U5/><E5/><V116/><F127/><W58/><G58/><T120/><AGARI ba="1,1" hai="110,111,120,122,123" m="31,11663,12393" machi="120" ten="40,7800,0" yaku="34,2,54,1" doraHai="62" who="0" fromWho="0" sc="430,91,180,-27,190,-27,190,-27" /><INIT seed="0,2,0,5,2,23" ten="521,153,163,163" oya="0" hai0="32,10,118,133,43,109,19,70,115,50,117,46,8" hai1="64,22,122,20,123,108,40,44,36,66,26,116,103" hai2="89,12,125,9,51,45,80,18,104,99,55,16,132" hai3="95,128,113,31,74,14,98,17,34,75,111,54,59"/><T65/><D115/><U37/><E116/><V94/><F132/><W90/><G113/><T88/><D133/><U60/><E108/><V110/><F110/><W41/><G128/><T0/><D109/><U92/><E22/><V120/><F120/><W49/><G111/><T52/><D32/><U47/><E66/><V121/><F121/><W5/><G5/><T131/><D131/><U83/><E83/><V71/><F71/><W69/><G69/><T82/><D43/><U106/><E106/><V101/><F125/><W81/><G41/><T25/><D70/><U134/><E134/><V35/><F35/><W2/><G2/><T129/><D65/><U15/><E15/><V105/><F18/><W11/><REACH who="3" step="1"/><G81/><REACH who="3" ten="521,153,163,153" step="2"/><T96/><D0/><U63/><E123/><V76/><REACH who="2" step="1"/><F101/><REACH who="2" ten="521,153,153,153" step="2"/><W79/><G79/><T3/><D129/><U7/><E122/><V77/><F77/><W33/><G33/><T4/><D118/><U39/><E103/><V61/><F61/><W57/><G57/><T68/><D117/><U114/><E63/><V119/><F119/><W30/><G30/><T13/><D68/><U56/><E56/><V28/><F28/><W29/><G29/><T53/><D4/><U102/><E7/><V93/><F93/><W135/><G135/><T84/><D19/><U42/><E60/><V6/><F6/><W67/><G67/><T124/><D82/><U72/><E64/><V85/><AGARI ba="2,2" hai="9,12,16,45,51,55,76,80,85,89,94,99,104,105" machi="85" ten="20,8000,1" yaku="1,1,0,1,7,1,54,1,53,1" doraHai="23" doraHaiUra="78" who="2" fromWho="2" sc="521,-42,153,-22,153,106,153,-22" /><INIT seed="1,0,0,5,2,116" ten="479,131,259,131" oya="1" hai0="5,64,115,128,55,98,48,59,30,42,40,104,80" hai1="41,74,96,88,83,56,100,93,38,37,24,34,25" hai2="68,23,72,97,119,20,105,85,28,51,16,82,87" hai3="17,2,21,133,7,22,114,6,47,101,52,39,124"/><U49/><E34/><V110/><F68/><W107/><G114/><T45/><D115/><U63/><E49/><V126/><F119/><W102/><G124/><T121/><D128/><U84/><E74/><V0/><F0/><W61/><G133/><T19/><D5/><N who="3" m="1545" /><G107/><T70/><D30/><U89/><E100/><N who="3" m="38506" /><G39/><T33/><D33/><U50/><E37/><V9/><F105/><W29/><G2/><T78/><D98/><U94/><E83/><V134/><F72/><W81/><G29/><T69/><D121/><U57/><E38/><V76/><F134/><W18/><G81/><T75/><D104/><U12/><E12/><V123/><F123/><W65/><G65/><T135/><D135/><U35/><E35/><V36/><F36/><W99/><G99/><T15/><D64/><U73/><E73/><V43/><F97/><W13/><G61/><T90/><D90/><U118/><E118/><V3/><F3/><W95/><G95/><T14/><D42/><U117/><E117/><V113/><F126/><W120/><G120/><T44/><D44/><N who="1" m="25871" /><E56/><V103/><F113/><W131/><G131/><T111/><D14/><U66/><AGARI ba="0,0" hai="24,25,57,63,66,84,88,89,93,94,96" m="25871" machi="66" ten="30,3000,0" yaku="8,1,54,1" doraHai="116" who="1" fromWho="1" sc="479,-10,131,30,259,-10,131,-10" /><INIT seed="1,1,0,0,0,53" ten="469,161,249,121" oya="1" hai0="126,121,64,8,128,116,122,49,91,112,50,113,48" hai1="117,25,30,100,51,114,106,77,65,31,94,98,14" hai2="35,123,5,40,76,22,13,80,131,86,46,107,42" hai3="68,75,67,20,74,18,130,33,29,21,71,89,39"/><U73/><E117/><V47/><F107/><W45/><G130/><T97/><D116/><U120/><E120/><N who="0" m="46185" /><D128/><U56/><E114/><V111/><F35/><W36/><G33/><T54/><D126/><U17/><E106/><V3/><F111/><W124/><G124/><T96/><D64/><U1/><E1/><V44/><F131/><W84/><G29/><T61/><D8/><U69/><E69/><V34/><F34/><W81/><G21/><T27/><D27/><U57/><E77/><V12/><F123/><W63/><G71/><T62/><D54/><N who="1" m="31839" /><E73/><V78/><F78/><W105/><G105/><T79/><D79/><U2/><E25/><V134/><F134/><W87/><G39/><T99/><D91/><U72/><E2/><V101/><F101/><W60/><G60/><AGARI ba="1,0" hai="48,49,50,60,61,62,96,97,99,112,113" m="46185" machi="60" ten="40,5200,0" yaku="28,2,13,1" doraHai="53" who="0" fromWho="3" sc="469,55,161,0,249,0,121,-55" /><INIT seed="2,0,0,3,3,66" ten="524,161,249,66" oya="2" hai0="96,37,0,117,48,60,49,75,61,56,99,15,133" hai1="111,62,2,45,6,122,34,89,101,73,79,59,18" hai2="77,119,98,109,113,123,31,82,42,135,102,81,17" hai3="88,80,38,130,22,8,1,25,115,91,51,87,71"/><V21/><F123/><W125/><G38/><T78/><D0/><U131/><E122/><V13/><F119/><W57/><G125/><T110/><D37/><U58/><E34/><V105/><F113/><W129/><G115/><T70/><D110/><U90/><E2/><V3/><F109/><W16/><G57/><T85/><D75/><U43/><E6/><V116/><F135/><W94/><G51/><T95/><D70/><U69/><E101/><V32/><F116/><W12/><G1/><T24/><D24/><U28/><E28/><V126/><F126/><W128/><G71/><T86/><D61/><U93/><E79/><V55/><F42/><W107/><G107/><T26/><D26/><U44/><E73/><V36/><F36/><W52/><G52/><T74/><D15/><U67/><E59/><V7/><F55/><W103/><G103/><T54/><D99/><U20/><E58/><V63/><F63/><W14/><REACH who="3" step="1"/><G8/><REACH who="3" ten="524,161,249,56" step="2"/><T65/><D54/><U104/><E104/><V118/><F118/><W112/><G112/><T11/><D48/><U5/><E69/><V19/><F3/><W39/><G39/><T27/><D11/><U124/><E124/><V72/><F105/><W114/><G114/><T30/><D49/><U108/><E108/><V120/><F102/><W76/><G76/><T127/><D78/><U23/><E111/><V106/><F77/><W50/><G50/><T35/><D56/><U29/><E43/><V121/><F106/><W46/><G46/><T132/><D127/><U83/><E45/><V97/><F121/><W134/><G134/><RYUUKYOKU ba="0,1" sc="524,-10,161,-10,249,-10,56,30" hai3="12,14,16,22,25,80,87,88,91,94,128,129,130" /><INIT seed="3,1,1,0,3,51" ten="514,151,239,86" oya="3" hai0="3,24,20,121,75,64,129,19,114,117,127,119,13" hai1="55,108,40,38,84,101,12,122,111,115,26,22,83" hai2="23,47,0,66,88,46,62,65,59,43,105,99,42" hai3="112,89,30,70,33,134,94,71,85,56,57,102,1"/><W73/><G112/><T93/><D75/><U36/><E115/><V95/><F0/><W78/><G1/><T25/><D114/><U44/><E122/><V79/><F105/><W60/><G134/><T109/><D121/><U7/><E101/><V52/><F79/><W49/><G102/><T31/><D64/><N who="2" m="24682" /><F23/><W100/><G100/><T4/><D109/><N who="1" m="42059" /><E55/><V92/><F92/><W123/><G123/><T34/><D24/><U107/><E107/><V98/><F98/><W103/><G103/><T68/><D20/><U110/><E110/><V10/><F10/><W61/><G49/><T81/><D19/><N who="1" m="12639" /><E12/><V130/><F130/><W35/><G30/><T131/><D81/><U16/><E7/><V82/><F82/><W5/><G5/><T45/><D45/><AGARI ba="1,1" hai="42,43,45,46,47,52,59,62,88,95,99" m="24682" machi="45" ten="30,7700,0" yaku="8,1,52,1,54,2" doraHai="51" who="2" fromWho="0" sc="514,-80,151,0,239,90,86,0" owari="434,53.4,151,-24.9,329,12.9,86,-41.4" /></mjloggm>