<mjloggm ver="2.3"><GO type="225" lobby="0"/><UN n0="%72%69%6F%75%63%68%61%6E" n1="%E5%8D%A0%E3%81%84%E5%B8%AB%E8%A3%8F%E3%81%AA%E3%81%84%E3%81%97" n2="%41%6F%54" n3="%E3%80%93%E3%81%97%E3%83%BC%E3%82%89%E3%80%93" dan="16,17,16,16" rate="2148.12,2165.92,2069.41,2219.04" sx="M,M,M,M"/><TAIKYOKU oya="0"/><INIT seed="0,0,0,2,2,48" ten="250,250,250,250" oya="0" hai0="41,66,125,86,26,101,110,7,64,47,4,69,95" hai1="112,84,63,36,16,43,75,54,76,133,129,111,97" hai2="19,51,22,87,11,124,44,109,39,21,25,135,60" hai3="114,117,24,132,107,2,12,46,59,73,18,13,49"/><T29/><D125/><U100/><E75/><V105/><F105/><W85/><G73/><T17/><D110/><U30/><E30/><V37/><F124/><W70/><G70/><T53/><D17/><U116/><E116/><V50/><F109/><W92/><G107/><T99/><D53/><U88/><E111/><V20/><F135/><W96/><G2/><T52/><D86/><U68/><E76/><V123/><F123/><W81/><G117/><T79/><D79/><U72/><E72/><V9/><F60/><W28/><G59/><T27/><D69/><U38/><E133/><V90/><F51/><W67/><G67/><T118/><D118/><U93/><E129/><V130/><F37/><W103/><G18/><T55/><D66/><U65/><E43/><V0/><F39/><W58/><G58/><T56/><D64/><U34/><E34/><V83/><F130/><W104/><G104/><T74/><D74/><U89/><E112/><V62/><F62/><W35/><G114/><T134/><D134/><U6/><E6/><N who="0" m="2089" /><D56/><U121/><E121/><V80/><F80/><W5/><G5/><T3/><D3/><U23/><E54/><N who="0" m="20521" /><D29/><U119/><E119/><V71/><F71/><W77/><G132/><T102/><D101/><U57/><E68/><V10/><F0/><W120/><G120/><T14/><D14/><N who="1" m="9623" /><E100/><V127/><F127/><W8/><G8/><T122/><D122/><U33/><E33/><V45/><F50/><AGARI ba="0,0" hai="26,27,41,47,50,95,99,102" m="20521,2089" machi="50" ten="30,12000,1" yaku="8,1,52,3,54,1" doraHai="48" who="0" fromWho="2" sc="250,120,250,0,250,-120,250,0" /><INIT seed="0,1,0,5,3,86" ten="370,250,130,250" oya="0" hai0="88,16,59,13,96,130,11,57,81,122,70,84,15" hai1="67,72,83,14,133,101,45,129,17,121,128,113,105" hai2="68,38,41,40,123,75,102,28,110,63,71,3,118" hai3="107,87,52,91,18,29,93,119,90,109,73,39,20"/><T55/><D122/><U99/><E121/><V35/><F123/><W46/><G73/><T106/><D70/><U111/><E111/><V115/><F115/><W50/><G107/><T7/><D130/><N who="1" m="50283" /><E133/><V44/><F110/><W85/><G109/><T9/><REACH who="0" step="1"/><D55/><REACH who="0" ten="360,250,130,250" step="2"/><U62/><E113/><V49/><F71/><W126/><G119/><T134/><D134/><U27/><E67/><V31/><F68/><W36/><G126/><T54/><D54/><U64/><E64/><V98/><F118/><W34/><G34/><T89/><D89/><U37/><E101/><AGARI ba="1,1" hai="7,9,11,13,15,16,57,59,81,84,88,96,101,106" machi="101" ten="40,12000,1" yaku="1,1,52,1,54,2,53,1" doraHai="86" doraHaiUra="78" who="0" fromWho="1" sc="360,133,250,-123,130,0,250,0" /><INIT seed="0,2,0,5,5,16" ten="493,127,130,250" oya="0" hai0="134,20,1,111,27,128,135,69,119,133,113,108,2" hai1="77,68,124,96,9,95,129,30,26,31,60,11,107" hai2="110,121,15,5,122,58,123,76,64,118,19,17,10" hai3="7,25,87,75,105,24,73,132,18,48,45,106,36"/><T120/><D69/><U70/><E129/><V84/><F76/><W40/><G132/><T14/><D113/><U33/><E124/><V4/><F84/><W37/><G7/><N who="2" m="2633" /><F58/><W102/><G87/><T39/><D39/><U53/><E30/><V81/><F81/><W97/><G106/><T117/><D120/><U85/><E68/><V3/><F64/><W93/><G105/><T90/><D14/><U67/><E53/><V89/><F89/><W13/><G37/><T98/><D128/><U34/><E34/><V46/><F46/><W109/><G109/><N who="0" m="42059" /><D98/><U86/><E86/><V55/><F55/><W56/><G36/><T125/><D90/><N who="1" m="53711" /><E77/><V94/><F94/><W52/><G75/><T54/><D54/><U127/><E127/><V22/><F110/><W83/><G83/><T50/><D50/><U104/><E104/><V61/><F61/><N who="3" m="35975" /><G73/><T63/><D125/><U65/><E65/><V51/><F51/><W72/><G72/><T101/><D63/><U62/><E62/><V66/><F66/><W57/><G57/><T28/><D101/><AGARI ba="2,0" hai="9,11,26,31,33,60,67,70,96,101,107" m="53711" machi="101" ten="30,1000,0" yaku="25,1" doraHai="16" who="1" fromWho="0" sc="493,-16,127,16,130,0,250,0" /><INIT seed="1,0,0,1,4,34" ten="477,143,130,250" oya="1" hai0="105,46,67,132,101,88,96,78,45,91,62,85,89" hai1="84,22,13,125,61,57,14,37,47,9,11,3,55" hai2="4,129,111,56,98,38,72,79,107,24,39,54,95" hai3="64,103,86,126,43,112,41,69,131,63,18,127,73"/><U108/><E125/><N who="3" m="47626" /><G73/><T133/><D78/><U29/><E108/><V65/><F129/><W106/><G112/><T90/><D45/><U36/><E3/><V23/><F107/><W134/><G131/><T8/><D8/><U33/><E33/><V122/><F122/><W117/><G134/><N who="0" m="51819" /><D46/><U35/><E35/><V60/><F111/><W30/><G117/><T27/><D27/><U93/><E29/><V6/><F79/><W7/><G30/><T1/><D1/><U70/><E70/><V104/><F104/><W114/><G7/><T50/><D50/><U113/><E22/><V26/><F72/><W102/><G114/><T92/><D90/><U15/><E113/><V53/><F38/><W97/><G103/><T119/><D119/><U31/><E31/><N who="2" m="17823" /><F26/><W74/><G74/><T0/><D0/><U5/><E47/><V82/><F39/><W25/><G86/><T10/><D10/><U83/><E93/><V71/><F82/><W28/><G18/><T87/><D105/><U17/><REACH who="1" step="1"/><E14/><REACH who="1" ten="477,133,130,250" step="2"/><V76/><F71/><AGARI ba="0,1" hai="62,67,71,85,87,88,89,91,92,96,101" m="51819" machi="71" ten="30,2000,0" yaku="20,1,54,1" doraHai="34" who="0" fromWho="2" sc="477,30,133,0,130,-20,250,0" /><INIT seed="2,0,0,0,5,133" ten="507,133,110,250" oya="2" hai0="78,67,82,64,15,107,90,37,75,87,10,36,4" hai1="128,118,44,61,73,21,100,13,109,91,12,134,11" hai2="14,16,1,59,50,18,116,57,113,84,54,83,88" hai3="93,108,19,27,72,98,17,34,104,92,121,102,79"/><V71/><F113/><W60/><G121/><T130/><D130/><U68/><E118/><V69/><F116/><W22/><G108/><T39/><REACH who="0" step="1"/><D107/><REACH who="0" ten="497,133,110,250" step="2"/><U31/><E128/><V52/><F1/><W129/><G129/><T124/><D124/><U81/><E109/><V126/><F126/><W94/><G34/><T53/><D53/><U9/><E134/><V62/><REACH who="2" step="1"/><F18/><REACH who="2" ten="497,133,100,250" step="2"/><W30/><G19/><T58/><D58/><U74/><E68/><V8/><AGARI ba="0,2" hai="8,14,16,50,52,54,57,59,62,69,71,83,84,88" machi="8" ten="20,18000,2" yaku="1,1,2,1,0,1,7,1,54,3,53,0" doraHai="133" doraHaiUra="23" who="2" fromWho="2" sc="497,-60,133,-60,100,200,250,-60" /><INIT seed="2,1,0,3,5,88" ten="437,73,300,190" oya="2" hai0="129,113,1,64,31,61,8,67,77,128,120,11,112" hai1="131,24,62,132,115,18,68,42,84,63,121,35,94" hai2="57,127,79,17,91,122,20,116,86,126,53,96,10" hai3="118,56,60,109,40,23,50,80,32,125,114,29,105"/><V103/><F116/><W75/><G105/><T82/><D120/><U7/><E115/><N who="0" m="44105" /><D31/><U135/><E121/><V102/><F122/><W74/><G118/><T55/><D55/><U101/><E131/><N who="0" m="50249" /><D1/><U21/><E42/><V54/><F79/><W99/><G50/><T25/><D25/><U117/><E117/><V90/><F10/><N who="0" m="3626" /><D61/><U43/><E43/><V48/><F54/><W3/><G56/><T12/><D12/><U130/><E130/><V108/><F108/><W47/><G47/><T34/><D34/><U19/><E35/><V2/><F2/><W107/><G3/><T41/><D41/><U22/><E7/><V81/><F126/><W5/><G40/><T73/><AGARI ba="1,0" hai="64,67,73,77,82" m="3626,50249,44105" machi="73" ten="40,1500,0" yaku="19,1" doraHai="88" who="0" fromWho="0" sc="437,18,73,-5,300,-8,190,-5" /><INIT seed="3,0,0,2,3,121" ten="455,68,292,185" oya="3" hai0="59,10,95,8,68,128,9,85,89,81,106,4,13" hai1="11,42,132,6,21,67,72,113,112,53,45,133,40" hai2="58,62,50,12,77,100,75,17,109,122,94,91,65" hai3="116,30,102,3,47,126,103,24,104,5,129,78,87"/><W97/><G116/><T36/><D68/><U7/><E72/><V124/><F122/><W20/><G126/><T38/><D106/><U57/><E21/><V2/><F2/><W114/><G129/><T130/><D59/><U120/><E11/><N who="0" m="4169" /><D81/><U101/><E101/><V52/><F124/><W46/><G114/><T88/><D89/><U105/><E105/><V76/><F75/><W0/><G5/><T83/><D95/><U119/><E120/><V60/><F109/><W125/><G125/><T34/><D34/><U92/><E92/><V29/><F29/><W19/><G103/><T111/><D111/><U28/><E28/><V63/><F100/><W80/><G30/><T127/><D127/><U56/><E119/><V35/><F35/><W135/><G135/><T79/><D88/><U107/><E107/><V55/><F55/><W27/><G27/><T118/><D118/><U86/><E86/><V98/><F65/><W23/><G23/><AGARI ba="0,0" hai="12,17,23,50,52,58,60,62,63,76,77,91,94,98" machi="23" ten="40,2600,0" yaku="8,1,54,1" doraHai="121" who="2" fromWho="3" sc="455,0,68,0,292,26,185,-26" owari="455,55.5,68,-43.2,318,11.8,159,-24.1" /></mjloggm>