<mjloggm ver="2.3"><GO type="225" lobby="0"/><UN n0="%40%77%61%6B%61" n1="%E5%8C%97%E6%AC%A7%E3%81%AE%E3%82%82%E3%81%93%E3%81%86" n2="%E5%A4%8F%E9%88%B4%E9%88%B4%E5%A4%8F" n3="%6B%65%6E%6E%64%69" dan="16,17,16,16" rate="2085.98,2125.48,2122.77,2165.38" sx="M,M,F,M"/><TAIKYOKU oya="0"/><INIT seed="0,0,0,3,1,108" ten="250,250,250,250" oya="0" hai0="19,43,99,105,67,117,128,82,130,131,75,121,81" hai1="59,95,83,14,129,125,6,68,29,64,7,10,24" hai2="71,16,52,8,46,36,133,109,38,135,92,127,79" hai3="110,20,5,4,107,101,21,17,86,103,23,102,49"/><T32/><D121/><U124/><E68/><V44/><F109/><W61/><G110/><T26/><D117/><U37/><E37/><V84/><F71/><W2/><G107/><T88/><D67/><U96/><E129/><V9/><F127/><N who="1" m="48713" /><E83/><N who="2" m="47231" /><F92/><W72/><G72/><T41/><D105/><U1/><E59/><V74/><F74/><W116/><G116/><T53/><D53/><U11/><E64/><V3/><F8/><W55/><G86/><N who="0" m="50255" /><D99/><U50/><E50/><N who="2" m="28743" /><F46/><N who="3" m="28087" /><G61/><T78/><D19/><U27/><E29/><AGARI ba="0,0" hai="26,29,32,41,43,75,78,82,128,130,131" m="50255" machi="29" ten="30,2900,0" yaku="19,1,54,1" doraHai="108" who="0" fromWho="1" sc="250,29,250,-29,250,0,250,0" /><INIT seed="0,1,0,0,2,99" ten="279,221,250,250" oya="0" hai0="121,11,15,70,102,95,25,90,64,35,124,112,61" hai1="31,40,110,91,131,116,123,108,62,55,83,36,48" hai2="57,65,37,32,117,60,13,84,38,85,5,45,79" hai3="107,4,94,23,71,113,42,78,63,92,68,7,100"/><T73/><D112/><U66/><E31/><V8/><F32/><W106/><G113/><T29/><D73/><U126/><E83/><V97/><F117/><W28/><G42/><T1/><D124/><U72/><E72/><V130/><F130/><W133/><G23/><T93/><D121/><U135/><E91/><V56/><F56/><W101/><G28/><T134/><D134/><U58/><E123/><V20/><F20/><W118/><G63/><T125/><D125/><U129/><E126/><V120/><F120/><W128/><G78/><T111/><D111/><N who="1" m="42539" /><E116/><V0/><F0/><W80/><G80/><T21/><D1/><U88/><E88/><V43/><F37/><W52/><G118/><T69/><D69/><N who="1" m="42199" /><E135/><V46/><F79/><W122/><G122/><T41/><D41/><U22/><E22/><V9/><F9/><W18/><G133/><T19/><D90/><U86/><E86/><V34/><F34/><W12/><G12/><T75/><D75/><U132/><E132/><V76/><F76/><W39/><G128/><T53/><D53/><U51/><E51/><V24/><F24/><W81/><G81/><T127/><D127/><U50/><E50/><V98/><F46/><AGARI ba="1,0" hai="36,40,46,48,55,58,129,131" m="42199,42539" machi="46" ten="30,7700,0" yaku="24,1,14,1,34,2" doraHai="99" who="1" fromWho="2" sc="279,0,221,80,250,-80,250,0" /><INIT seed="1,0,0,1,2,127" ten="279,301,170,250" oya="1" hai0="83,105,40,89,87,108,92,16,77,33,36,52,25" hai1="132,2,8,103,45,134,107,133,59,6,78,70,65" hai2="84,106,27,56,73,101,3,28,58,31,115,86,135" hai3="125,23,104,88,81,35,62,129,113,47,69,22,37"/><U93/><E78/><V110/><F110/><W39/><G113/><T90/><D105/><U76/><E76/><V114/><F73/><W63/><G35/><T60/><D108/><U95/><E70/><V124/><F124/><W121/><G125/><T120/><D120/><U91/><E45/><V68/><F68/><W44/><G69/><T9/><D33/><U80/><E107/><V46/><F3/><W128/><G104/><T131/><D131/><U32/><E32/><V0/><F0/><W118/><G118/><T12/><D25/><U20/><E103/><V119/><F119/><W74/><G74/><T75/><D40/><U100/><E100/><V98/><F135/><W123/><REACH who="3" step="1"/><G88/><REACH who="3" ten="279,301,170,240" step="2"/><T130/><D89/><U1/><E91/><V29/><F115/><W102/><G102/><T7/><D130/><U57/><E133/><V55/><F114/><W126/><G126/><T43/><D75/><U49/><E134/><V82/><F82/><AGARI ba="0,1" hai="22,23,37,39,44,47,62,63,81,82,121,123,128,129" machi="82" ten="25,8000,1" yaku="1,1,22,2,52,2,53,0" doraHai="127" doraHaiUra="72" who="3" fromWho="2" sc="279,0,301,0,170,-80,240,90" /><INIT seed="2,0,0,4,3,87" ten="279,301,90,330" oya="2" hai0="17,36,80,75,61,65,126,62,72,46,90,115,68" hai1="129,15,39,83,27,91,89,112,74,45,73,128,105" hai2="95,104,119,42,122,120,103,78,107,55,13,77,53" hai3="76,0,133,21,19,54,34,26,33,125,92,48,2"/><V3/><F119/><W132/><G76/><N who="2" m="29289" /><F13/><W82/><G82/><T102/><D115/><U100/><E15/><V85/><F95/><W101/><G101/><T67/><D102/><U29/><E112/><V116/><F85/><W106/><G106/><N who="2" m="40489" /><F103/><W24/><G125/><T94/><D126/><U93/><E39/><V121/><F42/><W32/><G92/><T71/><D17/><U118/><E118/><V84/><F84/><W10/><G26/><T69/><D80/><U98/><E45/><V52/><F3/><W79/><G79/><T86/><D69/><U124/><E83/><V9/><F116/><W31/><G19/><T25/><REACH who="0" step="1"/><D25/><REACH who="0" ten="269,301,90,330" step="2"/><U8/><E124/><V108/><F108/><W123/><G24/><T38/><D38/><U110/><E105/><V20/><F20/><W1/><G21/><T88/><D88/><N who="1" m="33867" /><E110/><V4/><F4/><W16/><G33/><T28/><D28/><U63/><E8/><AGARI ba="0,1" hai="8,9,52,53,55,120,121,122" m="40489,29289" machi="8" ten="40,7700,0" yaku="28,2,54,1" doraHai="87" who="2" fromWho="1" sc="269,0,301,-77,90,87,330,0" /><INIT seed="2,1,0,2,2,100" ten="269,224,177,330" oya="2" hai0="129,68,115,62,132,13,110,66,3,34,0,118,61" hai1="121,54,20,28,26,81,6,10,120,133,38,70,35" hai2="36,98,131,60,122,99,44,112,59,75,55,119,29" hai3="107,64,4,51,56,82,39,46,128,125,87,88,85"/><V90/><F122/><N who="1" m="47209" /><E70/><V111/><F119/><W123/><G123/><T24/><D13/><N who="1" m="5335" /><E38/><V127/><F112/><W45/><G107/><T30/><D115/><U2/><E81/><V47/><F127/><W105/><G105/><T12/><D12/><U96/><E96/><N who="2" m="36907" /><F75/><W15/><G128/><T79/><D118/><U5/><E54/><V72/><F72/><W92/><G125/><T53/><D129/><U48/><E48/><V117/><F36/><W84/><G39/><T95/><D79/><U89/><E89/><V94/><F117/><W74/><G74/><T103/><D95/><U31/><E133/><V86/><F131/><W25/><G85/><T23/><D23/><U101/><E101/><V80/><F111/><W114/><G114/><T16/><D132/><U33/><E28/><V69/><F69/><W77/><G51/><T58/><D103/><U50/><E50/><V9/><F29/><W52/><G52/><T57/><D68/><U97/><E97/><N who="2" m="57559" /><F9/><AGARI ba="1,0" hai="2,5,9,20,26,31,33,35" m="5335,47209" machi="9" ten="30,3900,0" yaku="13,1,34,2" doraHai="100" who="1" fromWho="2" sc="269,0,224,42,177,-42,330,0" /><INIT seed="3,0,0,2,3,67" ten="269,266,135,330" oya="3" hai0="53,117,40,78,75,85,103,43,9,0,111,6,98" hai1="105,106,92,134,96,21,71,62,36,58,118,37,68" hai2="34,44,86,1,94,47,95,124,127,12,70,89,87" hai3="72,50,93,90,107,73,18,80,45,32,23,3,66"/><W33/><G107/><T64/><D117/><U61/><E134/><V29/><F1/><W84/><G3/><T108/><D64/><U128/><E128/><V76/><F29/><W126/><G126/><N who="2" m="48169" /><F34/><W46/><G66/><T97/><D75/><U59/><E92/><N who="2" m="35371" /><F12/><W57/><G33/><T116/><D116/><U4/><E118/><V100/><F100/><W56/><G73/><T112/><D112/><U30/><E30/><V121/><F76/><W25/><G32/><T114/><D53/><U8/><E21/><V133/><F89/><N who="3" m="51335" /><G72/><T115/><D85/><N who="2" m="32266" /><F133/><W54/><G56/><T51/><D78/><U65/><E65/><V129/><F129/><W38/><G57/><T74/><D74/><U110/><E8/><V16/><F121/><W123/><G123/><T82/><D51/><U135/><E135/><V120/><F120/><W26/><G50/><T83/><D103/><U42/><E4/><V52/><F52/><W10/><G54/><T101/><D101/><U113/><E42/><V14/><F14/><W28/><G28/><T49/><D49/><U5/><E5/><V109/><F109/><W81/><G25/><T102/><D102/><U122/><E122/><V130/><F130/><W91/><G26/><T22/><D6/><U24/><E24/><V7/><F7/><W19/><G23/><T99/><D22/><U125/><E125/><V63/><F63/><W55/><G55/><T132/><D132/><U20/><E20/><V41/><F41/><N who="0" m="15946" /><D0/><U48/><E110/><N who="0" m="42025" /><D9/><U69/><E48/><V79/><F79/><W104/><G10/><T11/><D11/><RYUUKYOKU ba="0,0" sc="269,30,266,-10,135,-10,330,-10" hai0="82,83,97,98,99,114,115" owari="299,9.9,256,-14.4,125,-37.5,320,42.0" /></mjloggm>