<mjloggm ver="2.3"><GO type="225" lobby="0"/><UN n0="%E3%83%81%E3%83%83%E3%82%BF%E3%82%BD%E3%83%BC" n1="%72%69%6F%75%63%68%61%6E" n2="%E9%B7%B9%E5%80%89%E6%9D%8F%E9%88%B4" n3="%E9%B3%B3%E6%9D%B1%E3%81%AE%E3%81%86%E3%81%95%E3%81%8E%E3%81%95%E3%82%93" dan="16,16,16,17" rate="2117.36,2071.99,2126.72,2186.81" sx="F,M,F,M"/><TAIKYOKU oya="0"/><INIT seed="0,0,0,1,2,51" ten="250,250,250,250" oya="0" hai0="92,122,10,123,104,68,75,20,99,105,131,88,89" hai1="41,121,46,3,12,72,124,17,42,18,11,69,23" hai2="74,45,39,1,70,126,67,28,110,129,55,43,134" hai3="22,111,62,119,94,48,54,63,57,100,90,108,79"/><T19/><D131/><U49/><E121/><V78/><F28/><W128/><G119/><T27/><D68/><U127/><E69/><V93/><F1/><W133/><G128/><T97/><D75/><U24/><E72/><V35/><F35/><W84/><G79/><T58/><D10/><U33/><E33/><V114/><F129/><W85/><G133/><T61/><D104/><U81/><E81/><V38/><F114/><W87/><G100/><T116/><D116/><U37/><REACH who="1" step="1"/><E3/><REACH who="1" ten="250,240,250,250" step="2"/><V14/><F70/><W56/><G111/><T130/><D130/><U44/><AGARI ba="0,1" hai="11,12,17,18,23,24,37,41,42,44,46,49,124,127" machi="44" ten="30,4000,0" yaku="1,1,2,1,0,1,53,0" doraHai="51" doraHaiUra="52" who="1" fromWho="1" sc="250,-20,240,50,250,-10,250,-10" /><INIT seed="1,0,0,3,0,130" ten="230,290,240,240" oya="1" hai0="63,79,115,120,16,81,82,87,59,44,23,105,106" hai1="104,77,34,88,122,50,6,114,55,46,72,83,40" hai2="54,7,70,28,133,52,78,101,112,0,58,17,62" hai3="42,26,111,43,116,67,4,18,89,60,92,128,25"/><U85/><E114/><V95/><F112/><W129/><G111/><T57/><D115/><U131/><E122/><V2/><F28/><W31/><G4/><T68/><D120/><U1/><E131/><N who="3" m="50250" /><G18/><T100/><D68/><U98/><E34/><V135/><F78/><W3/><G3/><T99/><D44/><U9/><E104/><V38/><F38/><W48/><G116/><T33/><D33/><U41/><REACH who="1" step="1"/><E98/><REACH who="1" ten="230,280,240,240" step="2"/><V11/><F0/><W97/><G97/><T8/><D106/><U22/><E22/><V96/><F70/><W35/><G35/><T109/><D109/><U37/><E37/><V45/><REACH who="2" step="1"/><F17/><REACH who="2" ten="230,280,230,240" step="2"/><W14/><G31/><T32/><D32/><U93/><AGARI ba="0,2" hai="1,6,9,40,41,46,50,55,72,77,83,85,88,93" machi="93" ten="20,7800,0" yaku="1,1,0,1,7,1,54,1,53,0" doraHai="130" doraHaiUra="113" who="1" fromWho="1" sc="230,-26,280,98,230,-26,240,-26" /><INIT seed="1,1,0,3,2,32" ten="204,378,204,214" oya="1" hai0="43,6,96,1,88,84,77,47,4,48,92,3,101" hai1="98,25,129,41,16,76,63,9,111,126,51,89,31" hai2="132,61,44,115,17,30,128,50,23,133,94,114,72" hai3="87,79,67,135,97,15,113,71,65,81,60,33,83"/><U85/><E126/><V19/><F72/><W116/><G113/><N who="2" m="43017" /><F128/><W57/><G135/><N who="2" m="51785" /><F61/><W68/><G116/><T70/><D70/><U108/><E129/><V49/><F94/><W100/><G33/><T104/><REACH who="0" step="1"/><D77/><REACH who="0" ten="194,378,204,214" step="2"/><U82/><E76/><V0/><F0/><AGARI ba="1,1" hai="0,1,3,4,6,43,47,48,84,88,92,96,101,104" machi="0" ten="40,12000,2" yaku="1,1,2,1,52,3,54,1,53,0" doraHai="32" doraHaiUra="24" who="0" fromWho="2" sc="194,133,378,0,204,-123,214,0" /><INIT seed="2,0,0,5,0,132" ten="327,378,81,214" oya="2" hai0="116,13,110,124,20,68,118,104,109,98,18,1,102" hai1="48,58,76,82,3,94,117,87,22,54,67,84,43" hai2="7,88,122,107,38,27,64,5,32,25,90,31,135" hai3="133,57,96,11,101,127,125,44,21,103,59,50,113"/><V23/><F122/><W17/><G11/><T100/><D124/><N who="3" m="47689" /><G133/><T15/><D1/><U37/><E117/><N who="0" m="45161" /><D68/><U10/><E67/><V119/><F119/><W79/><G79/><T75/><D75/><U9/><E3/><V74/><F135/><W129/><G129/><T92/><D13/><U112/><E112/><V105/><F74/><W70/><G70/><T99/><AGARI ba="0,0" hai="15,18,20,92,98,99,100,102,104,109,110" m="45161" machi="99" ten="30,1100,0" yaku="12,1" doraHai="132" who="0" fromWho="0" sc="327,11,378,-3,81,-5,214,-3" /><INIT seed="3,0,0,0,4,39" ten="338,375,76,211" oya="3" hai0="45,12,112,58,34,36,0,43,97,8,10,126,21" hai1="60,77,73,86,117,63,95,87,37,9,41,66,15" hai2="78,30,131,49,71,89,14,52,127,68,111,123,53" hai3="109,61,20,33,1,103,98,55,65,84,99,134,62"/><W133/><G33/><T91/><D126/><U113/><E113/><V92/><F78/><W101/><G1/><T11/><D112/><U31/><E117/><V47/><F30/><W18/><G84/><T38/><D0/><U4/><E31/><V67/><F127/><W129/><G55/><T106/><D34/><U50/><E37/><V135/><F111/><W48/><G48/><T79/><D36/><U17/><E17/><V121/><F135/><N who="3" m="51723" /><G129/><T100/><D79/><U80/><E95/><V46/><F131/><W120/><G120/><T132/><D132/><U7/><E7/><V2/><F2/><W6/><G6/><T115/><D115/><U90/><E90/><V69/><F14/><N who="3" m="9303" /><G109/><T27/><D58/><U75/><E87/><V124/><F124/><W28/><G28/><T76/><D76/><U51/><E51/><V82/><F82/><W23/><G23/><T3/><D3/><U125/><E125/><V102/><F102/><N who="3" m="38923" /><G61/><N who="1" m="23626" /><E66/><V74/><F74/><W118/><G118/><T5/><REACH who="0" step="1"/><D91/><REACH who="0" ten="328,375,76,211" step="2"/><U19/><E19/><AGARI ba="0,1" hai="5,8,10,11,12,19,21,27,38,43,45,97,100,106" machi="19" ten="30,8000,1" yaku="1,1,2,1,7,1,52,1,53,1" doraHai="39" doraHaiUra="13" who="0" fromWho="1" sc="328,90,375,-80,76,0,211,0" owari="418,51.8,295,9.5,76,-42.4,211,-18.9" /></mjloggm>