<mjloggm ver="2.3"><GO type="225" lobby="0"/><UN n0="%E5%8F%AF%E5%85%90%E9%82%A3%E7%94%B1%E5%A4%9A" n1="%E3%83%96%E3%83%83%E3%83%91%E3%82%AA%E3%83%96%E3%83%81%E3%82%AD%E3%83%B3" n2="%E3%83%81%E3%83%83%E3%82%BF%E3%82%BD%E3%83%BC" n3="%E7%99%BD%E5%80%89%E5%AF%9B%E4%B9%8B" dan="16,16,16,16" rate="2093.17,2127.06,2128.85,2137.17" sx="F,M,F,M"/><TAIKYOKU oya="0"/><INIT seed="0,0,0,3,3,90" ten="250,250,250,250" oya="0" hai0="108,106,107,86,1,119,124,18,105,4,96,68,20" hai1="97,24,74,52,61,55,16,22,6,5,39,47,30" hai2="12,63,79,126,75,50,132,83,127,33,121,95,93" hai3="11,32,71,57,134,43,53,102,69,72,10,99,42"/><T91/><D119/><U135/><E74/><V34/><F132/><W2/><G72/><T123/><D123/><U112/><E135/><V59/><F121/><W85/><G32/><T94/><D68/><U125/><E125/><N who="2" m="47627" /><F50/><W21/><G134/><T23/><D124/><U49/><E112/><V17/><F33/><W92/><G71/><T70/><D70/><U65/><E39/><V115/><F34/><W45/><G69/><T131/><D131/><U64/><E30/><V3/><F3/><W56/><G56/><T14/><D108/><U29/><E29/><V40/><F40/><N who="3" m="15403" /><G45/><T13/><D1/><U81/><E81/><V82/><F82/><W8/><G2/><T73/><D73/><U58/><REACH who="1" step="1"/><E97/><REACH who="1" ten="250,240,250,250" step="2"/><V77/><F115/><W78/><G85/><T104/><D96/><U88/><E88/><V7/><F77/><W15/><G78/><T116/><D116/><U0/><E0/><V51/><F75/><W19/><G11/><T54/><N who="0" m="26624" /><DORA hai="25" /><T110/><D110/><U28/><E28/><V84/><F79/><W48/><AGARI ba="0,1" hai="8,10,15,19,21,48,53,57,92,99,102" m="15403" machi="48" ten="30,2000,0" yaku="8,1,52,1" doraHai="90,25" who="3" fromWho="3" sc="250,-10,240,-5,250,-5,250,30" /><INIT seed="1,0,0,5,2,47" ten="240,235,245,280" oya="1" hai0="90,116,121,68,54,126,96,51,53,11,16,102,80" hai1="78,117,70,9,77,107,13,100,92,63,52,65,59" hai2="75,133,89,124,64,66,45,32,1,95,0,23,60" hai3="84,123,2,50,49,111,76,87,55,99,79,20,86"/><U26/><E117/><V3/><F124/><W115/><G2/><T118/><D68/><U106/><E26/><V35/><F133/><W109/><G115/><T103/><D126/><U104/><E92/><V39/><F75/><W7/><G7/><T15/><D121/><U41/><E41/><V57/><F66/><W8/><G8/><T25/><D54/><U24/><E24/><V119/><F119/><W81/><G123/><T30/><D118/><U17/><REACH who="1" step="1"/><E100/><REACH who="1" ten="240,225,245,280" step="2"/><V58/><F32/><W34/><G34/><T36/><D116/><U91/><E91/><V112/><F35/><W88/><G111/><T4/><D36/><U10/><E10/><V83/><F112/><W130/><G109/><T74/><D103/><U108/><E108/><V12/><F95/><N who="3" m="56807" /><G20/><T5/><D102/><U128/><E128/><V135/><F23/><W29/><G130/><T71/><D90/><U38/><E38/><V48/><F39/><W28/><G81/><T37/><D37/><U114/><E114/><V18/><F83/><W14/><G79/><T40/><D40/><U129/><E129/><V44/><F89/><W110/><G76/><T82/><D82/><U134/><E134/><V67/><F135/><W42/><G110/><T120/><D80/><U27/><E27/><V127/><F127/><W73/><G73/><T113/><D74/><U93/><E93/><V72/><F72/><W97/><G42/><T6/><D113/><U125/><E125/><V85/><F85/><W19/><G87/><T69/><D120/><U105/><N who="1" m="26624" /><DORA hai="101" /><U21/><E21/><V98/><F98/><RYUUKYOKU ba="0,1" sc="240,-10,225,30,245,-10,280,-10" hai1="9,13,17,52,59,63,65,70,77,78" /><INIT seed="1,1,1,0,0,74" ten="230,255,235,270" oya="1" hai0="93,86,45,55,127,52,84,8,88,53,68,78,129" hai1="77,108,91,33,73,117,82,31,44,65,70,116,12" hai2="110,115,19,50,124,90,24,99,25,135,121,42,119" hai3="47,63,92,67,51,13,61,4,62,105,87,17,76"/><U60/><E108/><V20/><F110/><W29/><G105/><T83/><D68/><U109/><E109/><V41/><F124/><W18/><G29/><T96/><D127/><U40/><E91/><V107/><F135/><W59/><G4/><T54/><D129/><U5/><E12/><V34/><F121/><W16/><G13/><T106/><D106/><U125/><E5/><V69/><F69/><W48/><G48/><N who="0" m="28687" /><D8/><U100/><E100/><V131/><F131/><W79/><G92/><T123/><D123/><U95/><E95/><V134/><F134/><W39/><G39/><T46/><D96/><U14/><E14/><V122/><F122/><W133/><G133/><T102/><D102/><U57/><E57/><V0/><F0/><W28/><G28/><T30/><D30/><U15/><E15/><V32/><F32/><W11/><G11/><T126/><D126/><U132/><E132/><V94/><F34/><W80/><REACH who="3" step="1"/><G76/><REACH who="3" ten="230,255,235,260" step="2"/><T38/><D38/><N who="1" m="21527" /><E125/><V71/><F107/><W23/><G23/><T9/><D9/><U6/><E6/><V112/><F115/><W81/><G81/><T130/><D130/><U26/><AGARI ba="1,2" hai="26,31,33,60,65,70,73,77,82,116,117" m="21527" machi="26" ten="30,3000,0" yaku="23,1,52,1" doraHai="74" who="1" fromWho="1" sc="230,-11,255,53,235,-11,260,-11" /><INIT seed="1,2,0,0,0,25" ten="219,308,224,249" oya="1" hai0="36,93,14,119,49,133,99,85,118,56,60,18,43" hai1="129,77,76,115,130,64,53,50,102,61,107,108,41" hai2="52,17,66,123,121,12,109,7,62,29,4,33,20" hai3="122,82,100,111,81,117,9,79,3,74,91,94,54"/><U97/><E115/><V72/><F72/><W120/><G54/><T1/><D1/><U65/><E41/><V104/><F104/><W15/><G3/><T48/><D133/><U101/><E101/><V5/><F66/><W30/><G30/><T39/><D85/><U63/><E108/><V105/><F105/><W88/><G15/><T90/><D48/><U21/><E21/><V103/><F103/><W112/><G9/><T28/><D28/><U23/><E23/><V135/><F135/><W26/><G26/><T57/><D49/><U47/><E65/><V106/><F106/><W58/><G58/><T114/><D56/><U127/><E127/><V13/><F52/><W92/><G112/><T73/><D73/><U89/><E89/><N who="3" m="34378" /><G111/><T69/><D69/><U95/><E107/><V80/><F62/><W126/><G126/><T35/><D35/><U116/><E116/><V134/><F109/><W113/><G113/><T11/><D114/><U131/><REACH who="1" step="1"/><E61/><REACH who="1" ten="219,298,224,249" step="2"/><V38/><F134/><W31/><G117/><T71/><D43/><U6/><E6/><V98/><F4/><W70/><G100/><T42/><D42/><U19/><E19/><V0/><F5/><W132/><G132/><T87/><D119/><U67/><E67/><V44/><F7/><W124/><G124/><T125/><D118/><U75/><E75/><V55/><F33/><W51/><G74/><T84/><D125/><U22/><E22/><V2/><F20/><W96/><G79/><T110/><D110/><U83/><E83/><V8/><F80/><W78/><G82/><T46/><D60/><RYUUKYOKU ba="2,1" sc="219,-10,298,30,224,-10,249,-10" hai1="47,50,53,63,64,76,77,95,97,102,129,130,131" /><INIT seed="1,3,1,1,5,53" ten="209,328,214,239" oya="1" hai0="3,90,42,6,98,41,107,14,84,123,103,11,40" hai1="126,48,105,27,18,2,58,132,17,20,99,66,91" hai2="122,102,73,30,127,10,131,16,49,59,23,57,95" hai3="94,45,21,97,37,36,35,67,32,71,34,5,113"/><U76/><E2/><V74/><F122/><W81/><G113/><T51/><D123/><U120/><E120/><V106/><F106/><W26/><G5/><T63/><D63/><U15/><E132/><V83/><F127/><W52/><G81/><T88/><D90/><U68/><E126/><V65/><F131/><W60/><G45/><T104/><D104/><U101/><E76/><V1/><F30/><W43/><G43/><T80/><REACH who="0" step="1"/><D51/><REACH who="0" ten="199,328,214,239" step="2"/><U31/><E91/><V110/><F102/><W29/><REACH who="3" step="1"/><G52/><REACH who="3" ten="199,328,214,229" step="2"/><T28/><D28/><U19/><E31/><V133/><F133/><W134/><G134/><T0/><AGARI ba="3,3" hai="0,3,6,11,14,40,41,42,80,84,88,98,103,107" machi="0" ten="30,4000,0" yaku="1,1,0,1,54,1,53,0" doraHai="53" doraHaiUra="75" who="0" fromWho="0" sc="199,79,328,-23,214,-13,229,-13" /><INIT seed="2,0,0,0,5,58" ten="278,305,201,216" oya="2" hai0="114,74,89,84,80,117,106,48,19,28,44,118,47" hai1="18,105,45,122,102,50,51,14,60,63,99,93,111" hai2="35,82,25,11,9,67,46,7,0,20,121,40,62" hai3="26,27,83,72,34,56,15,95,132,101,41,96,61"/><V12/><F121/><W125/><G125/><T57/><D114/><U38/><E111/><V55/><F35/><W36/><G132/><T42/><D106/><U70/><E122/><V110/><F110/><W90/><G34/><T112/><D112/><U1/><E1/><V130/><F130/><W68/><G68/><T78/><D28/><U94/><E70/><V49/><F82/><W75/><G36/><T108/><D108/><U32/><E32/><V123/><F123/><W17/><G41/><T4/><D4/><U3/><E3/><V104/><F104/><W131/><G131/><T134/><D134/><U30/><E30/><V24/><F40/><W13/><G13/><T52/><D19/><U73/><E73/><V129/><F20/><W16/><G17/><T113/><D113/><U124/><E124/><V76/><F76/><W120/><G120/><T133/><D133/><U81/><E38/><V127/><F129/><W65/><G75/><T21/><D21/><N who="1" m="11479" /><E105/><V87/><F87/><N who="3" m="50559" /><G72/><T85/><D47/><U33/><E33/><V23/><F23/><AGARI ba="0,0" hai="15,16,23,26,27,56,61,65,95,96,101" m="50559" machi="23" ten="30,3900,0" yaku="8,1,52,1,54,1" doraHai="58" who="3" fromWho="2" sc="278,0,305,0,201,-39,216,39" /><INIT seed="3,0,0,3,4,41" ten="278,305,162,255" oya="3" hai0="118,112,67,123,96,101,73,48,113,14,28,108,106" hai1="30,17,21,6,97,74,83,3,50,20,90,127,71" hai2="81,5,23,77,53,2,85,27,89,80,75,91,58" hai3="99,87,72,114,76,39,19,25,132,15,29,61,62"/><W35/><G114/><N who="0" m="44139" /><D118/><U130/><E71/><V124/><F124/><W59/><G132/><T125/><D123/><U36/><E36/><V100/><F100/><W40/><G72/><T79/><D28/><U128/><E127/><V54/><F2/><W0/><G0/><T117/><D117/><U11/><E30/><V121/><F121/><W119/><G119/><T24/><D24/><U65/><E65/><V98/><F5/><W26/><G26/><T84/><D67/><U105/><E105/><V51/><F53/><W49/><G39/><T122/><D122/><U82/><E50/><V60/><F51/><W42/><G99/><T133/><D125/><U93/><E21/><V57/><F57/><W86/><G61/><T52/><D73/><U116/><E116/><V63/><F63/><W32/><G32/><T135/><D108/><U1/><E1/><V31/><REACH who="2" step="1"/><F98/><REACH who="2" ten="278,305,152,255" step="2"/><W45/><G42/><T46/><D133/><U120/><E120/><V4/><F4/><W131/><G131/><T33/><D135/><U34/><E130/><V134/><F134/><W16/><G76/><T55/><D55/><U38/><E128/><V64/><F64/><W129/><G129/><T47/><D52/><U10/><E38/><V56/><F56/><W104/><G104/><T110/><D48/><U66/><E66/><V126/><F126/><W102/><G102/><T37/><D37/><U13/><E97/><V7/><F7/><W69/><G59/><T95/><D106/><U111/><E3/><V103/><F103/><W94/><G62/><T18/><D101/><U78/><E6/><RYUUKYOKU ba="0,1" sc="278,-10,305,-10,152,30,255,-10" hai2="23,27,31,54,58,60,75,77,80,81,85,89,91" /><INIT seed="4,1,1,2,3,102" ten="268,295,182,245" oya="0" hai0="30,40,97,110,2,29,112,3,75,133,41,114,127" hai1="45,32,22,98,26,19,105,42,123,59,37,28,76" hai2="0,18,71,31,20,65,27,104,60,52,69,72,64" hai3="14,53,49,93,47,88,134,131,54,122,90,17,82"/><T108/><D75/><U78/><E123/><V56/><F72/><W106/><G106/><T13/><D97/><U43/><E43/><V113/><F113/><N who="0" m="43626" /><D133/><U63/><E105/><V21/><F0/><N who="0" m="42" /><D127/><U116/><E98/><V55/><F104/><W111/><G111/><N who="0" m="42539" /><D13/><U121/><E116/><V6/><F6/><W81/><G134/><T70/><D70/><U96/><E121/><V62/><REACH who="2" step="1"/><F56/><REACH who="2" ten="268,295,172,245" step="2"/><W24/><G122/><T1/><D1/><U87/><E96/><V109/><F109/><W91/><G131/><T118/><D118/><U73/><E73/><V125/><F125/><W35/><G93/><T7/><D7/><U11/><E87/><V66/><F66/><W5/><G5/><T124/><D124/><U117/><E117/><V68/><F68/><W119/><G119/><T115/><D115/><U95/><E95/><V94/><F94/><W126/><G126/><T129/><D129/><U74/><E74/><V36/><F36/><W34/><G82/><T92/><D92/><U58/><E58/><V80/><F80/><W132/><G81/><T8/><D8/><U77/><E11/><V83/><F83/><W99/><G132/><T84/><D84/><U89/><E89/><V86/><F86/><W57/><G99/><T10/><D10/><U128/><E128/><V15/><AGARI ba="1,2" hai="15,18,20,21,27,31,52,55,60,62,64,65,69,71" machi="15" ten="20,12000,2" yaku="1,1,0,1,7,1,9,1,54,1,53,1" doraHai="102" doraHaiUra="25" who="2" fromWho="2" sc="268,-61,295,-31,172,143,245,-31" owari="207,-29.3,264,6.4,315,41.5,214,-18.6" /></mjloggm>