<mjloggm ver="2.3"><GO type="225" lobby="0"/><UN n0="%E3%81%99%E3%81%84%E3%81%BE%E3%81%9B%E3%83%BC%E3%82%93" n1="%E6%98%93%E5%88%A9%E8%96%A9%E4%BC%AF" n2="%E4%BF%BA%E3%81%A8%E5%A6%96%E5%A4%A2" n3="%4C%4F%4C%49%54%41" dan="18,17,16,16" rate="2173.20,2221.12,2205.70,2183.52" sx="M,F,F,F"/><TAIKYOKU oya="0"/><INIT seed="0,0,0,5,5,104" ten="250,250,250,250" oya="0" hai0="99,101,90,21,47,58,88,103,105,15,135,133,134" hai1="50,77,68,4,95,87,123,2,129,34,83,17,75" hai2="125,79,113,28,61,35,65,80,98,112,102,100,93" hai3="43,131,111,23,5,89,130,0,86,46,106,92,97"/><T127/><D127/><U56/><E123/><V124/><F28/><W12/><G111/><T109/><D109/><U115/><E68/><V32/><F32/><W13/><G0/><T54/><D103/><N who="2" m="39466" /><F35/><W110/><G110/><T64/><D64/><U24/><E129/><N who="3" m="49162" /><G106/><T67/><D67/><U22/><E34/><V91/><F61/><W31/><G5/><T107/><D47/><U59/><E115/><N who="2" m="44107" /><F65/><W117/><G117/><T69/><D69/><U118/><E118/><V14/><F14/><W11/><G11/><T74/><D74/><AGARI ba="0,0" hai="74,79,80,91,93,98,124,125" m="44107,39466" machi="74" ten="30,3900,0" yaku="34,2,52,1" doraHai="104" who="2" fromWho="0" sc="250,-39,250,0,250,39,250,0" /><INIT seed="1,0,0,4,4,7" ten="211,250,289,250" oya="1" hai0="49,19,64,55,135,85,94,115,117,60,111,72,89" hai1="20,81,107,41,93,83,58,5,15,88,21,97,14" hai2="73,65,53,0,124,103,33,75,108,105,40,45,42" hai3="71,134,92,13,1,18,36,22,110,56,16,11,52"/><U78/><E107/><V35/><F0/><W6/><G110/><T98/><D115/><U9/><E41/><V26/><F108/><W68/><G36/><T120/><D111/><U119/><E119/><V12/><F124/><W54/><G134/><T118/><D72/><U70/><E70/><V10/><F65/><W127/><G127/><T50/><D135/><U24/><E21/><V116/><F116/><W38/><G38/><T67/><D120/><U2/><E58/><V132/><F53/><W114/><G114/><T100/><D19/><U37/><E37/><V84/><F84/><W29/><G29/><T80/><D50/><U44/><E44/><V39/><F42/><W131/><G131/><T30/><D30/><U109/><E109/><V25/><F25/><W43/><G43/><T128/><D67/><U31/><REACH who="1" step="1"/><E81/><REACH who="1" ten="211,240,289,250" step="2"/><V32/><F132/><W69/><G56/><T8/><D128/><U48/><E48/><V23/><F105/><W62/><G62/><T112/><D112/><U76/><E76/><V91/><F39/><W46/><G46/><T122/><D122/><U123/><E123/><V74/><F45/><W57/><G57/><N who="0" m="36879" /><D118/><U101/><E101/><V3/><F103/><W77/><G77/><T96/><D117/><U79/><E79/><V17/><F40/><W95/><G54/><T130/><D130/><U106/><E106/><V47/><F47/><W4/><G52/><T63/><D63/><U133/><E133/><V90/><F35/><W34/><G34/><T27/><D49/><U59/><E59/><V61/><F33/><W104/><G104/><RYUUKYOKU ba="0,1" sc="211,-10,240,30,289,-10,250,-10" hai1="2,5,9,14,15,20,24,31,78,83,88,93,97" /><INIT seed="1,1,1,4,1,104" ten="201,270,279,240" oya="1" hai0="80,116,40,34,45,110,53,94,57,135,106,132,84" hai1="44,130,47,6,122,52,78,89,60,127,91,83,134" hai2="58,23,63,22,123,111,7,101,8,100,133,5,71" hai3="92,10,27,69,50,73,66,70,85,30,118,59,97"/><U108/><E122/><V41/><F123/><W13/><G118/><T35/><D106/><U3/><E130/><V49/><F111/><W62/><G85/><T87/><D116/><U125/><E134/><N who="0" m="51241" /><D110/><U48/><E108/><V26/><F133/><W67/><G50/><N who="0" m="30903" /><D94/><U55/><E6/><V43/><F71/><W120/><G67/><T20/><D20/><N who="2" m="7722" /><F26/><W114/><G114/><T37/><D87/><U124/><E3/><V79/><F79/><AGARI ba="1,1" hai="34,35,37,40,45,79,80,84" m="30903,51241" machi="79" ten="30,1000,0" yaku="20,1" doraHai="104" who="0" fromWho="2" sc="201,23,270,0,279,-13,240,0" /><INIT seed="2,0,0,4,0,60" ten="224,270,266,240" oya="2" hai0="41,130,18,107,109,53,89,120,46,58,85,30,101" hai1="84,49,38,50,54,56,61,81,104,87,44,64,114" hai2="19,78,8,32,88,105,13,34,100,118,132,134,59" hai3="76,93,119,86,55,106,29,94,83,35,128,42,91"/><V15/><F118/><W112/><G119/><T77/><D120/><U117/><E117/><V131/><F78/><W16/><G106/><T92/><D109/><U123/><E114/><V90/><F131/><W3/><G3/><T62/><D130/><U52/><E123/><V133/><F59/><W10/><G128/><T36/><D30/><U70/><E104/><V75/><F75/><W33/><G42/><T11/><D77/><U108/><E108/><V9/><F100/><W63/><G112/><T116/><D116/><U14/><E81/><V31/><F105/><W102/><G29/><T40/><D41/><N who="1" m="22583" /><E14/><V27/><REACH who="2" step="1"/><F34/><REACH who="2" ten="224,270,256,240" step="2"/><W79/><G79/><T57/><D57/><AGARI ba="0,1" hai="49,50,52,54,56,57,61,64,70,84,87" m="22583" machi="57" ten="30,3900,0" yaku="24,1,52,1,54,1" doraHai="60" who="1" fromWho="0" sc="224,-39,270,49,256,0,240,0" /><INIT seed="3,0,0,1,3,58" ten="185,319,256,240" oya="3" hai0="34,120,67,116,103,109,70,28,65,11,15,99,7" hai1="39,78,32,26,75,24,118,20,111,66,16,38,42" hai2="3,44,23,17,128,84,22,117,87,48,13,83,8" hai3="71,59,77,97,54,56,57,74,73,40,107,50,35"/><W10/><G35/><T64/><D116/><U79/><E111/><V101/><F117/><W37/><G71/><T30/><D120/><U46/><E39/><V104/><F128/><W80/><G74/><T102/><D109/><U91/><E75/><V85/><F104/><W72/><G73/><T19/><D70/><U51/><E66/><N who="0" m="16897" /><T93/><DORA hai="43" /><D34/><U18/><E38/><V69/><F101/><N who="0" m="38410" /><D99/><U90/><E32/><V45/><F69/><W122/><G122/><T53/><D93/><U119/><E119/><V105/><F105/><W94/><G107/><T123/><D123/><U0/><E0/><V55/><F83/><W27/><G27/><T112/><D112/><U31/><E26/><V49/><F3/><W134/><G94/><T124/><D53/><AGARI ba="0,0" hai="8,13,17,22,23,44,45,48,49,53,55,84,85,87" machi="53" ten="40,8000,1" yaku="9,1,8,1,52,2" doraHai="58,43" who="2" fromWho="0" sc="185,-80,319,0,256,80,240,0" owari="105,-39.5,319,11.9,336,43.6,240,-16.0" /></mjloggm>