<mjloggm ver="2.3"><GO type="225" lobby="0"/><UN n0="%E3%81%BF%E3%81%BF%E3%81%9A" n1="%E3%81%99%E3%83%BC%5F%E9%88%B4%E6%9C%A8%E6%B5%A9%E5%B9%B3" n2="%77%72%77%72%77%72%77%72" n3="%E7%99%BD%E5%80%89%E5%AF%9B%E4%B9%8B" dan="17,16,17,16" rate="2184.26,2067.80,2180.05,2138.83" sx="M,M,M,M"/><TAIKYOKU oya="0"/><INIT seed="0,0,0,2,4,64" ten="250,250,250,250" oya="0" hai0="41,69,62,101,72,131,53,24,65,26,56,52,31" hai1="128,87,68,82,44,50,47,93,70,15,36,27,2" hai2="76,9,132,54,123,120,34,88,66,29,80,113,38" hai3="98,122,37,129,127,86,89,35,79,21,115,23,83"/><T109/><D72/><U118/><E118/><V60/><F113/><W94/><G115/><T90/><D131/><U104/><E104/><V40/><F132/><W19/><G129/><T92/><D101/><U25/><E2/><V32/><F54/><W48/><G37/><T33/><D109/><U106/><E106/><V46/><F9/><W85/><G35/><T22/><D41/><U116/><E116/><V8/><F8/><W77/><G127/><T55/><D26/><U3/><E3/><V108/><F108/><W117/><G117/><T96/><REACH who="0" step="1"/><D33/><REACH who="0" ten="240,250,250,250" step="2"/><U110/><E110/><V1/><F34/><W105/><G122/><T84/><D84/><U111/><E111/><V78/><F32/><W14/><G105/><T126/><D126/><U0/><E128/><V45/><F123/><W95/><G79/><T59/><AGARI ba="0,1" hai="22,24,31,52,53,55,56,59,62,65,69,90,92,96" machi="59" ten="30,11700,0" yaku="1,1,0,1,52,1,54,1,53,0" doraHai="64" doraHaiUra="7" who="0" fromWho="0" sc="240,127,250,-39,250,-39,250,-39" /><INIT seed="0,1,0,0,5,99" ten="367,211,211,211" oya="0" hai0="93,45,101,120,75,55,107,61,5,30,132,9,8" hai1="22,16,39,3,29,31,90,80,17,119,118,72,2" hai2="70,43,94,62,126,100,46,42,23,135,73,67,108" hai3="127,65,91,131,97,27,121,33,7,48,52,123,84"/><T105/><D120/><N who="3" m="46153" /><G131/><T49/><D75/><U78/><E39/><V66/><F108/><W34/><G127/><T128/><D30/><U0/><E17/><V114/><F114/><W57/><G7/><T19/><D128/><U104/><E104/><V40/><F126/><W111/><G111/><T64/><D132/><U54/><E54/><V110/><F110/><W1/><G1/><T53/><D53/><U50/><E50/><V115/><F115/><W38/><G38/><T112/><D112/><U10/><E10/><V103/><F135/><W106/><G27/><T15/><D93/><U89/><E29/><V6/><F73/><W12/><G12/><T82/><D82/><U4/><E4/><V32/><F32/><W20/><G20/><T124/><D124/><U37/><E31/><V81/><F6/><W83/><G65/><T87/><D87/><U44/><E118/><V58/><F23/><W26/><G26/><T36/><D36/><U102/><E119/><V56/><F81/><W129/><G129/><T25/><D101/><AGARI ba="1,0" hai="33,34,48,52,57,83,84,91,97,101,106" m="46153" machi="101" ten="30,3900,0" yaku="13,1,52,1,54,1" doraHai="99" who="3" fromWho="0" sc="367,-42,211,0,211,0,211,42" /><INIT seed="1,0,0,4,4,62" ten="325,211,211,253" oya="1" hai0="32,132,39,13,59,125,14,23,94,15,65,60,78" hai1="80,96,67,49,24,68,93,119,40,82,27,123,64" hai2="88,135,28,122,118,63,3,34,31,70,36,133,26" hai3="81,47,9,126,33,16,116,98,10,130,117,19,92"/><U95/><E123/><V121/><F118/><N who="3" m="45675" /><G33/><T22/><D32/><U2/><E2/><V21/><F36/><W8/><G126/><T100/><D125/><U101/><E119/><V110/><F3/><W44/><G130/><T83/><D39/><U102/><E68/><V25/><F110/><W35/><G35/><T124/><D132/><N who="2" m="50762" /><F88/><N who="3" m="55559" /><G81/><N who="1" m="31338" /><E102/><V75/><F75/><W114/><G114/><T5/><D5/><U29/><E95/><V120/><F63/><W54/><G54/><T77/><D124/><U30/><E24/><V85/><F85/><W18/><AGARI ba="0,0" hai="8,9,10,16,18,19,44,47" m="55559,45675" machi="18" ten="40,5200,0" yaku="12,1,54,2" doraHai="62" who="3" fromWho="3" sc="325,-13,211,-26,211,-13,253,52" /><INIT seed="2,0,0,5,1,77" ten="312,185,198,305" oya="2" hai0="24,76,23,22,85,10,90,110,47,57,106,2,96" hai1="87,135,129,81,67,70,42,78,113,48,28,32,46" hai2="63,84,25,114,29,0,116,80,3,40,128,64,49" hai3="62,72,71,132,105,93,4,69,117,36,9,99,121"/><V124/><F114/><W89/><G117/><T20/><D110/><U44/><E113/><V108/><F116/><W26/><G121/><T60/><D47/><U118/><E118/><V94/><F108/><W95/><G36/><T115/><D115/><U54/><E135/><V15/><F128/><W131/><G105/><T1/><D76/><U127/><E127/><V101/><F124/><W86/><G72/><T5/><D1/><U122/><E122/><V112/><F112/><W45/><G45/><T50/><D50/><U52/><E129/><V92/><F15/><W109/><G109/><T82/><D96/><U34/><E28/><V119/><F119/><W134/><G26/><T133/><D133/><N who="3" m="51305" /><G62/><T11/><D11/><U98/><E98/><V19/><F19/><W73/><G73/><T120/><D106/><U12/><E12/><V8/><F49/><W107/><G107/><T130/><D130/><U83/><E54/><V126/><F40/><W27/><G27/><T123/><REACH who="0" step="1"/><D24/><REACH who="0" ten="302,185,198,305" step="2"/><U39/><REACH who="1" step="1"/><E81/><REACH who="1" ten="302,175,198,305" step="2"/><V74/><F80/><N who="3" m="49351" /><G131/><T7/><D7/><U68/><E68/><N who="3" m="26186" /><G99/><T125/><D125/><U66/><E66/><AGARI ba="0,2" hai="2,5,10,20,22,23,57,60,66,82,85,90,120,123" machi="66" ten="40,2600,0" yaku="1,1,52,1,53,0" doraHai="77" doraHaiUra="37" who="0" fromWho="1" sc="302,46,175,-26,198,0,305,0" /><INIT seed="3,0,0,2,5,92" ten="348,149,198,305" oya="3" hai0="82,106,66,45,30,46,24,62,35,14,16,78,130" hai1="13,33,40,12,83,64,32,116,44,42,101,111,67" hai2="20,49,50,38,127,105,55,107,65,7,28,3,94" hai3="102,114,53,129,135,89,63,41,80,19,97,126,91"/><W61/><G114/><T98/><D130/><U56/><E116/><V119/><F38/><W115/><G115/><T34/><D34/><U90/><E101/><V110/><F119/><W100/><G129/><T18/><D98/><U17/><E111/><V112/><F112/><W25/><G135/><T76/><D106/><U103/><E56/><V93/><F110/><W109/><G126/><T72/><D78/><U75/><E103/><V5/><F65/><W79/><G41/><T70/><D16/><U26/><E26/><V59/><F127/><W37/><G37/><T71/><D70/><U60/><E60/><V133/><F133/><W29/><G19/><T86/><D72/><U22/><E75/><V77/><F77/><W23/><G102/><T128/><D128/><U21/><E83/><V2/><F20/><AGARI ba="0,0" hai="14,18,20,24,30,35,45,46,62,66,71,76,82,86" machi="20" ten="30,1000,0" yaku="7,1" doraHai="92" who="0" fromWho="2" sc="348,10,149,0,198,-10,305,0" owari="358,45.8,149,-35.1,188,-21.2,305,10.5" /></mjloggm>