<mjloggm ver="2.3"><GO type="225" lobby="0"/><UN n0="%E5%90%91%E4%BA%95%E7%A7%80%E5%BE%B3" n1="%E3%80%93%E3%81%97%E3%83%BC%E3%82%89%E3%80%93" n2="%E6%98%93%E5%88%A9%E8%96%A9%E4%BC%AF" n3="%E3%81%90%E3%81%A1%E3%82%84%E3%81%BE" dan="16,16,16,16" rate="2021.65,2126.71,2144.32,2141.25" sx="M,M,F,M"/><TAIKYOKU oya="0"/><INIT seed="0,0,0,4,1,10" ten="250,250,250,250" oya="0" hai0="39,79,99,47,23,17,51,8,75,106,81,113,70" hai1="48,4,35,54,15,59,120,45,41,96,22,105,58" hai2="83,64,115,127,43,126,36,72,94,112,78,63,68" hai3="87,56,88,131,121,134,119,124,71,76,33,38,123"/><T66/><D113/><U3/><E35/><V65/><F65/><W128/><G33/><T37/><D8/><U62/><E120/><N who="3" m="46154" /><G71/><T34/><D34/><U11/><E105/><V13/><F94/><W85/><G38/><T103/><D66/><U73/><E73/><V67/><F13/><W60/><G119/><T14/><REACH who="0" step="1"/><D70/><REACH who="0" ten="240,250,250,250" step="2"/><U129/><E129/><V21/><F67/><W82/><G134/><T107/><D107/><U19/><E96/><V0/><F21/><W104/><G104/><T2/><D2/><U95/><E95/><V69/><F0/><W93/><G124/><N who="2" m="47657" /><F69/><W116/><G116/><T9/><D9/><U7/><E7/><V32/><F32/><W53/><AGARI ba="0,1" hai="53,56,60,76,82,85,87,88,93,128,131" m="46154" machi="53" ten="30,2000,0" yaku="13,1,54,1" doraHai="10" who="3" fromWho="3" sc="240,-10,250,-5,250,-5,250,30" /><INIT seed="1,0,0,1,2,93" ten="230,245,245,280" oya="1" hai0="94,68,77,52,109,57,59,118,83,113,4,18,73" hai1="132,34,135,84,110,71,70,66,35,10,122,28,50" hai2="111,131,100,12,106,31,63,105,37,9,129,125,96" hai3="43,23,13,61,86,38,130,101,55,6,89,120,112"/><U87/><E122/><V116/><F37/><W88/><G120/><T78/><D113/><U117/><E117/><V2/><F2/><W42/><G112/><T107/><D118/><U45/><E10/><V99/><F116/><W64/><G130/><N who="2" m="49673" /><F111/><W22/><G38/><T51/><D107/><N who="2" m="40970" /><F100/><W48/><G101/><T29/><D68/><N who="1" m="26155" /><E66/><V7/><F125/><W80/><G89/><T82/><D109/><U81/><E110/><V69/><F31/><W30/><G61/><T75/><D29/><U65/><E65/><AGARI ba="0,0" hai="7,9,12,63,65,69,96,99" m="40970,49673" machi="65" ten="30,3900,0" yaku="19,1,52,2" doraHai="93" who="2" fromWho="1" sc="230,0,245,-39,245,39,280,0" /><INIT seed="2,0,0,5,3,16" ten="230,206,284,280" oya="2" hai0="12,122,132,55,50,24,113,52,5,73,118,71,1" hai1="29,11,85,38,25,70,40,134,26,93,21,9,45" hai2="88,124,75,28,27,103,68,30,105,126,56,99,110" hai3="97,83,121,89,82,129,115,116,22,127,65,96,66"/><V53/><F75/><W14/><G116/><T41/><D122/><U46/><E70/><V4/><F68/><W98/><G121/><T133/><D113/><U94/><E134/><N who="0" m="51817" /><D118/><U92/><E85/><V87/><F4/><W104/><G104/><T114/><D114/><U86/><E86/><V84/><F84/><W135/><G115/><T18/><D73/><U108/><E108/><V10/><F10/><W111/><G135/><T44/><D71/><U0/><E0/><V13/><F13/><W112/><G112/><T47/><D24/><U23/><REACH who="1" step="1"/><E46/><REACH who="1" ten="230,196,284,280" step="2"/><V8/><F110/><W61/><G111/><T63/><D44/><U117/><E117/><V57/><F87/><W69/><G69/><T3/><D3/><U91/><E91/><V100/><F88/><W31/><G89/><T125/><D125/><U107/><E107/><V120/><F105/><W34/><G127/><T17/><D1/><U95/><N who="1" m="23552" /><DORA hai="81" /><U62/><E62/><V33/><F126/><W119/><G119/><T131/><D131/><U20/><E20/><V51/><F124/><W78/><G129/><T32/><D32/><U80/><E80/><V77/><F33/><W37/><G82/><T42/><D63/><U2/><E2/><V49/><F99/><W7/><G34/><T79/><D79/><U6/><E6/><V67/><F120/><W36/><G83/><T90/><D90/><U130/><E130/><V74/><F77/><W19/><G78/><T123/><D123/><U35/><E35/><V101/><F74/><W43/><G61/><T54/><D5/><U15/><E15/><RYUUKYOKU ba="0,1" sc="230,-10,196,30,284,-10,280,-10" hai1="9,11,21,23,25,26,29,38,40,45" /><INIT seed="3,1,1,4,2,26" ten="220,226,274,270" oya="3" hai0="32,7,71,53,50,96,84,2,127,133,91,0,12" hai1="111,80,82,75,4,108,72,114,54,8,103,63,107" hai2="112,62,89,121,67,123,100,81,56,105,40,135,97" hai3="36,76,95,1,27,124,16,65,20,25,119,99,109"/><W45/><G119/><T83/><D127/><U18/><E18/><V129/><F112/><W85/><G1/><T78/><D133/><U19/><E19/><V10/><F129/><W79/><G124/><T70/><D32/><U102/><E114/><V118/><F118/><W47/><G109/><N who="1" m="42058" /><E54/><V126/><F135/><W13/><G65/><T60/><D12/><N who="1" m="5127" /><E63/><V11/><F40/><W43/><G47/><T46/><D7/><U68/><E68/><V86/><REACH who="2" step="1"/><F126/><REACH who="2" ten="220,226,264,270" step="2"/><W98/><G43/><T22/><D22/><U30/><E72/><V64/><F64/><W92/><G20/><T110/><D110/><U14/><E75/><V15/><F15/><W39/><G13/><T131/><D131/><U48/><E14/><V37/><F37/><W17/><G39/><T5/><D0/><U115/><E115/><V41/><F41/><W122/><G36/><T101/><D78/><U57/><E107/><V49/><F49/><W44/><G79/><T113/><D113/><U104/><E104/><V59/><F59/><W52/><G76/><T74/><D74/><U134/><E134/><V94/><F94/><W117/><G117/><T35/><D60/><U38/><E38/><V61/><F61/><W66/><G66/><T58/><D58/><U24/><E57/><V28/><F28/><W9/><G9/><AGARI ba="1,2" hai="9,10,11,56,62,67,81,86,89,97,100,105,121,123" machi="9" ten="40,2600,0" yaku="1,1,53,1" doraHai="26" doraHaiUra="93" who="2" fromWho="3" sc="220,0,226,0,264,49,270,-29" owari="220,-28.0,226,-17.4,313,41.3,241,4.1" /></mjloggm>