<mjloggm ver="2.3"><GO type="225" lobby="0"/><UN n0="%E7%9A%AE%E3%80%85" n1="%77%72%77%72%77%72%77%72" n2="%6B%69%72%61%64%6F%6B%69" n3="%E9%80%86%E9%80%A3%E5%B8%AF%E3%81%AE%E9%AC%BC" dan="16,16,16,16" rate="2118.57,2099.73,2132.10,2065.40" sx="F,M,M,M"/><TAIKYOKU oya="0"/><INIT seed="0,0,0,1,4,97" ten="250,250,250,250" oya="0" hai0="29,116,63,57,40,132,87,81,37,88,120,23,83" hai1="10,7,43,16,35,70,84,82,122,20,126,99,113" hai2="32,69,101,77,55,30,61,72,67,66,93,119,71" hai3="130,133,102,104,47,36,128,53,22,94,115,80,90"/><T78/><D116/><U131/><E122/><V17/><F119/><W46/><G115/><T68/><D120/><U1/><E113/><V114/><F114/><W8/><G133/><T27/><D68/><U62/><E131/><V0/><F0/><W34/><G34/><T13/><D132/><U5/><E126/><V127/><F127/><W95/><G8/><T124/><D124/><U6/><E35/><V112/><F112/><W100/><G22/><T18/><D37/><U74/><E74/><V86/><F72/><W65/><G65/><T44/><D44/><U109/><E109/><V50/><F17/><W24/><G24/><T54/><D40/><U41/><E99/><V49/><F30/><W129/><G104/><T118/><D118/><U108/><E108/><V56/><F32/><W76/><G53/><T48/><D63/><U111/><E111/><V58/><F77/><W38/><G90/><T45/><D78/><U28/><E28/><V123/><F123/><W79/><G129/><T85/><D85/><U105/><E105/><V3/><F3/><W73/><G73/><T31/><D31/><U52/><E41/><V106/><F106/><W107/><G107/><T103/><D103/><U117/><E43/><V75/><F101/><W89/><G89/><T19/><D45/><U14/><E117/><V15/><F75/><W2/><G2/><T96/><D96/><U21/><E21/><V64/><F69/><W12/><G12/><T51/><D51/><N who="2" m="19466" /><F15/><W26/><G26/><T98/><D98/><U135/><E135/><V60/><F71/><W134/><G134/><RYUUKYOKU ba="0,0" sc="250,-15,250,-15,250,15,250,15" hai2="55,56,58,60,61,64,66,67,86,93" hai3="36,38,46,47,76,79,80,94,95,100,102,128,130" /><INIT seed="1,1,0,2,1,54" ten="235,235,265,265" oya="1" hai0="75,0,65,20,92,72,63,128,78,48,26,89,87" hai1="16,37,59,49,70,50,118,47,91,103,66,2,27" hai2="31,101,44,5,132,51,100,8,123,28,57,68,79" hai3="6,77,115,85,133,42,88,94,95,81,56,58,17"/><U106/><E118/><V35/><F123/><W64/><G133/><T117/><D117/><U86/><E2/><V1/><F68/><W119/><G115/><T109/><D109/><U112/><E112/><V60/><F79/><W83/><G119/><T7/><D128/><U107/><E70/><V105/><F132/><W129/><G129/><T121/><D121/><U114/><E114/><V113/><F113/><W96/><G6/><T73/><D48/><U19/><E37/><V9/><F9/><W99/><G42/><T102/><D102/><U34/><E34/><V30/><F35/><W23/><G64/><T98/><D7/><U14/><E27/><V21/><F21/><W69/><G83/><T3/><D87/><U135/><E135/><V110/><F110/><W125/><G125/><T36/><D36/><U108/><E108/><V62/><F62/><W32/><G69/><T122/><D78/><U18/><E14/><V52/><REACH who="2" step="1"/><F105/><REACH who="2" ten="235,235,255,265" step="2"/><W76/><G32/><T97/><D122/><U61/><E103/><V55/><AGARI ba="1,1" hai="1,5,8,28,30,31,44,51,52,55,57,60,100,101" machi="55" ten="30,8000,1" yaku="1,1,2,1,0,1,52,1,54,1,53,0" doraHai="54" doraHaiUra="12" who="2" fromWho="2" sc="235,-21,235,-41,255,93,265,-21" /><INIT seed="2,0,0,1,3,133" ten="214,194,348,244" oya="2" hai0="70,129,20,53,22,79,37,10,76,94,55,99,11" hai1="28,32,78,38,114,75,93,36,86,89,40,71,111" hai2="56,119,34,27,122,65,15,84,30,128,19,43,106" hai3="51,121,44,91,110,6,18,64,9,132,45,25,81"/><V101/><F119/><W123/><G110/><T17/><D129/><U58/><E114/><V96/><F122/><W3/><G132/><T1/><D70/><U54/><E71/><V134/><F128/><W0/><G0/><T85/><D37/><U109/><E32/><V127/><F134/><W14/><G64/><T13/><D1/><U100/><E28/><V62/><F43/><W135/><G135/><T115/><D115/><U95/><E40/><V116/><F84/><W7/><G25/><T50/><D53/><U60/><E75/><V117/><F127/><W82/><G7/><T131/><D131/><U83/><E100/><V12/><F12/><W124/><G124/><T73/><D73/><U97/><REACH who="1" step="1"/><E95/><REACH who="1" ten="214,184,348,244" step="2"/><V63/><F116/><W52/><G123/><T118/><D118/><U125/><E125/><V69/><F117/><W33/><G121/><T21/><D85/><U108/><AGARI ba="0,1" hai="36,38,54,58,60,78,83,86,89,93,97,108,109,111" machi="108" ten="30,7900,0" yaku="1,1,0,1,14,1,53,1" doraHai="133" doraHaiUra="49" who="1" fromWho="1" sc="214,-20,184,89,348,-39,244,-20" /><INIT seed="3,0,0,1,3,46" ten="194,273,309,224" oya="3" hai0="73,75,62,57,72,51,40,80,102,99,81,122,22" hai1="107,69,106,96,74,110,116,98,134,6,50,17,135" hai2="16,120,33,92,12,24,129,117,9,91,42,61,93" hai3="10,43,84,48,58,41,65,53,13,35,130,111,90"/><W55/><G35/><T34/><D34/><U109/><E69/><V131/><F117/><W83/><G130/><N who="2" m="49673" /><F120/><W28/><G111/><N who="1" m="42506" /><E116/><V0/><F42/><W70/><G28/><T45/><D122/><U89/><E6/><N who="2" m="1223" /><F61/><W25/><G25/><T104/><REACH who="0" step="1"/><D22/><REACH who="0" ten="184,273,309,224" step="2"/><U133/><E133/><V132/><F132/><W29/><G29/><T5/><D5/><U1/><E135/><V2/><F33/><W47/><G70/><T39/><D39/><U100/><E134/><V66/><F24/><W121/><G121/><T95/><D95/><U20/><E20/><V44/><F92/><W101/><G101/><T60/><D60/><U112/><E100/><V67/><F93/><W15/><G65/><AGARI ba="0,1" hai="40,45,51,57,62,65,72,73,75,80,81,99,102,104" machi="65" ten="40,2600,0" yaku="1,1,52,1,53,0" doraHai="46" doraHaiUra="30" who="0" fromWho="3" sc="184,36,273,0,309,0,224,-26" owari="220,-18.0,273,7.3,309,40.9,198,-30.2" /></mjloggm>