<mjloggm ver="2.3"><GO type="225" lobby="0"/><UN n0="%E5%8D%A0%E3%81%84%E5%B8%AB%E8%A3%8F%E3%81%AA%E3%81%84%E3%81%97" n1="%E3%81%8B%E3%82%8F%E3%81%A1%E3%82%83%E3%82%93%35%38" n2="%E6%B8%A9%E2%98%85%E6%83%85%E2%98%85%E6%8E%AA%E2%98%85%E7%BD%AE" n3="%E6%B7%91%E5%A5%B3%E3%81%AE%E5%97%9C%E3%81%BF" dan="17,16,17,16" rate="2163.71,2138.63,2187.37,2107.23" sx="M,M,M,M"/><TAIKYOKU oya="0"/><INIT seed="0,0,0,3,2,28" ten="250,250,250,250" oya="0" hai0="41,113,9,82,40,37,31,79,134,8,43,44,129" hai1="53,109,14,92,76,10,11,67,52,89,20,62,125" hai2="56,54,93,3,39,64,35,103,72,101,85,118,24" hai3="95,7,51,105,100,78,107,71,133,61,6,73,42"/><T50/><D113/><U49/><E109/><V84/><F72/><W34/><G95/><T90/><D134/><U127/><E76/><V110/><F3/><W114/><G114/><T106/><D106/><U21/><E127/><V4/><F39/><W17/><G17/><T98/><D129/><U22/><E125/><V131/><F110/><W55/><G42/><T119/><D119/><U116/><E116/><V65/><F118/><W99/><G105/><T36/><D36/><U112/><E112/><V130/><F4/><W15/><G15/><T80/><D31/><U19/><E10/><N who="0" m="4201" /><D37/><U12/><E12/><V30/><F64/><W68/><G68/><T38/><D38/><U123/><E49/><V1/><F65/><N who="3" m="41391" /><G73/><T96/><D79/><U25/><E25/><V132/><F132/><W74/><G78/><T27/><D27/><U81/><E81/><N who="0" m="31337" /><D90/><U108/><E108/><V87/><F1/><W91/><G74/><T97/><AGARI ba="0,0" hai="40,41,43,44,50,96,97,98" m="31337,4201" machi="97" ten="30,1500,0" yaku="8,1" doraHai="28" who="0" fromWho="0" sc="250,15,250,-5,250,-5,250,-5" /><INIT seed="0,1,0,3,2,75" ten="265,245,245,245" oya="0" hai0="9,81,29,54,71,85,95,102,11,101,121,8,93" hai1="20,44,43,23,130,126,125,34,89,118,3,124,92" hai2="45,98,21,32,48,90,6,63,99,33,28,113,17" hai3="91,88,127,119,77,106,22,2,104,105,36,58,135"/><T38/><D121/><U53/><E118/><V25/><F113/><W12/><G119/><T31/><D38/><U64/><E130/><V111/><F111/><W67/><G2/><T62/><D71/><U96/><E3/><V123/><F123/><W59/><G36/><T49/><D62/><U115/><E115/><V60/><F6/><W52/><G127/><T26/><D95/><U1/><E1/><V117/><F117/><W47/><G135/><T122/><D122/><U56/><E64/><V27/><F33/><W14/><G47/><T46/><D93/><U78/><E34/><V35/><F35/><W83/><G67/><T51/><D51/><N who="1" m="30783" /><E78/><V109/><F109/><W103/><G103/><N who="0" m="39435" /><D26/><U79/><E79/><AGARI ba="1,0" hai="8,9,11,29,31,46,49,54,79,81,85" m="39435" machi="79" ten="30,2900,0" yaku="8,1,52,1" doraHai="75" who="0" fromWho="1" sc="265,32,245,-32,245,0,245,0" /><INIT seed="0,2,0,3,5,130" ten="297,213,245,245" oya="0" hai0="19,91,108,9,22,57,2,119,68,12,3,131,101" hai1="45,69,38,58,82,98,43,115,95,76,88,112,51" hai2="104,110,49,4,8,44,123,77,71,29,117,20,94" hai3="109,50,10,60,127,80,75,132,27,7,129,73,21"/><T26/><D119/><U85/><REACH who="1" step="1"/><E69/><REACH who="1" ten="297,203,245,245" step="2"/><V125/><F71/><W86/><G129/><T126/><D68/><U66/><E66/><V103/><F117/><W39/><G109/><T72/><D108/><U41/><E41/><V105/><F110/><W0/><G127/><T135/><D126/><U133/><E133/><V31/><F125/><W107/><G132/><T116/><D135/><U52/><AGARI ba="2,1" hai="38,43,45,51,52,58,76,82,85,88,95,98,112,115" machi="52" ten="30,8000,1" yaku="21,2,0,1,54,2,53,0" doraHai="130" doraHaiUra="24" who="1" fromWho="1" sc="297,-42,203,96,245,-22,245,-22" /><INIT seed="1,0,0,2,4,32" ten="255,299,223,223" oya="1" hai0="100,25,73,122,62,84,16,97,102,82,18,105,115" hai1="111,9,48,45,28,92,1,96,52,0,132,17,58" hai2="103,35,41,26,125,57,95,60,13,78,117,37,75" hai3="86,19,12,133,44,104,121,59,40,21,30,124,69"/><U4/><E132/><V90/><F117/><W126/><G121/><T20/><D115/><U27/><E111/><V23/><F125/><N who="3" m="48235" /><G69/><T8/><D122/><U56/><E17/><V6/><F35/><W33/><G104/><T85/><D73/><U119/><E119/><V91/><F37/><N who="3" m="21519" /><G86/><T88/><D62/><U135/><E135/><V72/><F41/><W53/><G133/><T76/><D102/><U106/><E106/><V112/><F112/><W15/><G33/><T81/><REACH who="0" step="1"/><D8/><REACH who="0" ten="245,299,223,223" step="2"/><U2/><E9/><N who="2" m="4279" /><F75/><W49/><G30/><AGARI ba="0,1" hai="16,18,20,25,30,76,81,82,84,85,88,97,100,105" machi="30" ten="30,8000,1" yaku="1,1,7,1,54,2,53,1" doraHai="32" doraHaiUra="24" who="0" fromWho="3" sc="245,90,299,0,223,0,223,-80" /><INIT seed="2,0,0,3,5,74" ten="335,299,223,143" oya="2" hai0="112,95,85,63,32,101,28,70,120,71,72,91,87" hai1="31,111,115,14,51,60,134,119,44,80,128,114,123" hai2="58,50,33,108,61,94,38,117,18,68,65,84,3" hai3="52,56,27,21,54,29,135,22,105,122,126,43,64"/><V100/><F117/><W17/><G122/><T7/><D72/><U110/><E31/><V37/><F3/><W81/><G105/><T116/><D120/><U36/><E123/><V12/><F33/><W121/><G121/><T34/><D112/><U104/><E104/><V82/><F108/><N who="1" m="41513" /><E36/><V4/><F4/><W99/><G126/><T92/><D7/><U77/><E119/><V88/><F68/><W35/><G135/><T113/><D116/><U47/><E134/><V41/><F50/><W11/><G99/><T16/><D63/><U42/><E128/><V76/><F41/><W132/><G132/><T89/><D28/><U62/><E14/><V97/><REACH who="2" step="1"/><F100/><REACH who="2" ten="335,299,213,143" step="2"/><W23/><G43/><T133/><D101/><U124/><E124/><V20/><AGARI ba="0,1" hai="12,18,20,37,38,58,61,65,76,82,84,88,94,97" machi="20" ten="20,18000,2" yaku="1,1,2,1,0,1,7,1,52,1,54,1,53,0" doraHai="74" doraHaiUra="107" who="2" fromWho="2" sc="335,-60,299,-60,213,190,143,-60" /><INIT seed="2,1,0,0,4,84" ten="275,239,403,83" oya="2" hai0="92,110,65,35,21,33,46,80,79,87,48,73,102" hai1="103,132,5,57,115,11,129,97,90,107,128,85,104" hai2="45,70,37,40,1,125,47,72,56,83,39,24,53" hai3="111,38,113,123,9,96,100,51,25,27,49,58,54"/><V69/><F1/><W109/><G123/><T10/><D110/><U71/><E71/><N who="2" m="27147" /><F83/><W3/><G38/><N who="2" m="14345" /><F24/><W67/><G113/><T20/><D65/><U131/><E115/><V88/><F88/><W2/><G67/><T120/><D120/><U63/><E132/><V32/><F32/><W7/><G3/><T0/><D33/><U122/><E122/><V106/><F106/><W19/><G51/><T99/><D35/><U4/><E104/><V91/><F91/><W18/><G25/><T36/><D36/><U13/><E4/><V6/><F6/><W78/><G78/><T112/><D112/><U14/><E14/><V31/><F31/><W29/><G109/><T16/><D0/><U26/><E26/><V76/><F72/><W81/><G111/><T22/><D10/><U94/><REACH who="1" step="1"/><E129/><REACH who="1" ten="275,229,403,83" step="2"/><V55/><F125/><W82/><G19/><T77/><D73/><U95/><E95/><V119/><F119/><W121/><G18/><T61/><D16/><U41/><E41/><V50/><F40/><W98/><G121/><T23/><D92/><U42/><E42/><V68/><F68/><W118/><G118/><T108/><D108/><U86/><E86/><V93/><F93/><N who="3" m="58383" /><G98/><T116/><D99/><U62/><E62/><N who="2" m="36111" /><F76/><W60/><G60/><T127/><D61/><U135/><E135/><V101/><F101/><W28/><G27/><T44/><D102/><U75/><E75/><V12/><F12/><W133/><G133/><T43/><D116/><U59/><E59/><AGARI ba="1,1" hai="45,47,50,55,59" m="36111,14345,27147" machi="59" ten="30,12000,1" yaku="35,5" doraHai="84" who="2" fromWho="1" sc="275,0,229,-123,403,133,83,0" /><INIT seed="2,2,0,3,5,81" ten="275,106,536,83" oya="2" hai0="64,48,67,108,69,56,105,16,26,112,10,130,126" hai1="36,31,118,128,107,94,20,37,55,12,52,73,125" hai2="29,8,78,44,82,127,109,68,119,18,95,84,102" hai3="49,65,45,132,100,13,24,90,133,123,63,57,1"/><V21/><F119/><W101/><G1/><T3/><D112/><U98/><E118/><V60/><F127/><W124/><G123/><T99/><D69/><U129/><E73/><V83/><F109/><W30/><G124/><T61/><D126/><U6/><E125/><V93/><F102/><W42/><G13/><T88/><D3/><U11/><E107/><V7/><F29/><W117/><G117/><T122/><D108/><U32/><E32/><V35/><F35/><W62/><G62/><T22/><D130/><N who="1" m="50283" /><E20/><V0/><F44/><W46/><G46/><T72/><D72/><U53/><E31/><V89/><F60/><W4/><G4/><T5/><D105/><U92/><E92/><V111/><F68/><W106/><G90/><AGARI ba="2,0" hai="6,11,12,36,37,52,53,55,90,94,98" m="50283" machi="90" ten="30,2000,0" yaku="19,1,54,1" doraHai="81" who="1" fromWho="3" sc="275,0,106,26,536,0,83,-26" /><INIT seed="3,0,0,2,1,27" ten="275,132,536,57" oya="3" hai0="3,68,52,41,130,32,63,45,123,37,81,60,16" hai1="10,61,95,38,102,7,69,126,112,29,120,21,86" hai2="108,88,128,135,92,14,84,31,133,124,43,131,117" hai3="36,72,101,5,85,76,74,77,94,106,121,127,57"/><W40/><G36/><T105/><D123/><U2/><E112/><V35/><F124/><W122/><G57/><T1/><D105/><U44/><E120/><N who="3" m="46186" /><G40/><T20/><D32/><U114/><E114/><V0/><F43/><W116/><G5/><T79/><D130/><U25/><E126/><V71/><F71/><W62/><G62/><T90/><D90/><U91/><E38/><V67/><F67/><W125/><G116/><T97/><D97/><U98/><E44/><V30/><F117/><W11/><G11/><T82/><D82/><U109/><E69/><V70/><F70/><W96/><G127/><T107/><D107/><U134/><E61/><V39/><F39/><W93/><G125/><T64/><D60/><U28/><E28/><V47/><F47/><W75/><G85/><T66/><D66/><U12/><E2/><V49/><F0/><W56/><G56/><T9/><D9/><U50/><E50/><V24/><F49/><W13/><G13/><T100/><D52/><U48/><E48/><V54/><F54/><W51/><G51/><T55/><D55/><U19/><E7/><V110/><F14/><W73/><N who="3" m="18432" /><DORA hai="119" /><W17/><G17/><T6/><D6/><U22/><E10/><V58/><F58/><W18/><G18/><T129/><D1/><U46/><E46/><V8/><F8/><W78/><AGARI ba="0,0" hai="76,77,78,93,94,96,101,106" m="18432,46186" machi="78" ten="70,12000,1" yaku="34,2,52,3" doraHai="27,119" who="3" fromWho="3" sc="275,-40,132,-40,536,-40,57,120" /><INIT seed="3,1,0,3,3,85" ten="235,92,496,177" oya="3" hai0="37,7,72,3,109,71,58,123,22,78,21,95,2" hai1="43,6,10,102,114,81,100,38,65,57,124,56,103" hai2="107,28,120,116,24,98,68,129,82,105,33,74,118" hai3="15,64,55,0,115,84,46,50,35,42,80,62,66"/><W4/><G115/><T45/><D123/><U92/><E124/><V94/><F68/><W108/><G35/><T93/><D71/><U79/><E114/><V63/><F120/><W121/><G121/><T135/><D109/><U75/><E65/><V29/><F29/><W25/><G108/><T86/><D135/><U19/><E19/><V90/><F129/><W59/><G0/><T134/><D58/><U69/><E69/><V27/><F27/><W83/><G25/><T127/><D134/><U52/><E92/><V89/><F63/><W36/><G36/><T125/><D86/><U13/><E13/><V126/><F126/><W53/><G53/><T23/><D23/><U16/><E16/><V44/><F44/><W113/><G80/><T101/><D45/><U5/><E57/><V39/><F39/><W11/><G113/><T26/><D37/><U30/><E30/><V128/><F128/><W40/><G40/><T132/><D132/><U119/><E119/><V110/><F110/><W60/><G60/><T97/><D127/><U49/><REACH who="1" step="1"/><E10/><REACH who="1" ten="235,82,496,177" step="2"/><V77/><REACH who="2" step="1"/><F90/><AGARI ba="1,1" hai="4,11,15,42,46,50,55,59,62,64,66,83,84,90" machi="90" ten="30,5800,0" yaku="7,1,8,1,52,1" doraHai="85" who="3" fromWho="2" sc="235,0,82,0,496,-61,177,71" /><INIT seed="3,2,0,4,0,101" ten="235,82,435,248" oya="3" hai0="77,65,125,70,86,49,97,131,7,23,133,10,2" hai1="73,42,51,40,120,80,57,99,28,113,45,129,67" hai2="11,34,9,103,100,58,43,123,50,33,39,63,81" hai3="102,35,25,118,135,122,31,78,54,128,18,121,82"/><W110/><G118/><T8/><D131/><U109/><E28/><V108/><F39/><W17/><G128/><T48/><D133/><U1/><E99/><V62/><F108/><W0/><G135/><T47/><D125/><U87/><E87/><V3/><F3/><W37/><G110/><T41/><D70/><U89/><E89/><V93/><F34/><W83/><G0/><T114/><D65/><U61/><E80/><V96/><F33/><W79/><G37/><T130/><D130/><U111/><E73/><V29/><F29/><W112/><G112/><T52/><D114/><U55/><E1/><V26/><F26/><W5/><G5/><T27/><D97/><U95/><E95/><V90/><F81/><W44/><G102/><T24/><D8/><N who="2" m="3146" /><F123/><W94/><G35/><T19/><D86/><U116/><E129/><V15/><F15/><W126/><G31/><T106/><D106/><U59/><E113/><V14/><F14/><W12/><G12/><N who="0" m="5215" /><D77/><U105/><E105/><V84/><F63/><W76/><G76/><T56/><D2/><U6/><E6/><V117/><F96/><W16/><G18/><T72/><D72/><U104/><E104/><V85/><F85/><W119/><G17/><T88/><D88/><U132/><E120/><V75/><F75/><W22/><G16/><T53/><D24/><U127/><E132/><V107/><F107/><W66/><G25/><T134/><D134/><U115/><E115/><V4/><F4/><W36/><G78/><T20/><D23/><U46/><E127/><V74/><F117/><W60/><G79/><RYUUKYOKU ba="2,0" sc="235,30,82,-10,435,-10,248,-10" hai0="19,20,27,41,47,48,49,52,53,56" owari="265,6.5,72,-42.8,425,52.5,238,-16.2" /></mjloggm>