<mjloggm ver="2.3"><GO type="225" lobby="0"/><UN n0="%70%6F%69%73%6F%6E%30%32" n1="%E3%81%A4%E3%81%A3%E3%81%B1%E3%82%8A%E3%83%9D%E3%83%BC%E3%83%AB" n2="%E5%B0%8F%E9%B3%A5%E9%81%8A%E7%B7%B4%E7%84%A1%32%31%E6%AD%B3" n3="%E6%81%A5%E6%99%92%E3%81%97" dan="16,17,16,16" rate="2118.54,2183.20,2207.57,2099.65" sx="M,M,F,M"/><TAIKYOKU oya="0"/><INIT seed="0,0,0,0,4,68" ten="250,250,250,250" oya="0" hai0="0,61,130,86,120,105,65,56,113,74,16,31,7" hai1="27,28,70,71,12,111,30,100,66,37,85,106,35" hai2="5,84,10,64,133,72,97,134,57,82,92,102,36" hai3="13,98,114,81,89,101,77,110,80,93,14,22,129"/><T132/><D113/><U125/><E111/><V69/><F69/><W62/><G114/><T23/><D74/><U96/><E125/><V19/><F19/><W48/><G129/><T87/><D120/><U88/><E30/><V109/><F109/><W127/><G127/><T116/><D105/><U24/><E24/><V41/><F72/><W54/><G110/><T46/><D116/><U20/><E37/><V45/><F57/><W103/><G62/><T25/><D130/><U67/><E71/><V29/><F64/><W1/><G1/><T6/><D132/><U79/><E79/><V15/><REACH who="2" step="1"/><F29/><REACH who="2" ten="250,250,240,250" step="2"/><W26/><G103/><T91/><D31/><U58/><E58/><V104/><F104/><W3/><G101/><T55/><D0/><U18/><REACH who="1" step="1"/><E70/><REACH who="1" ten="250,240,240,250" step="2"/><V39/><F39/><W21/><G3/><T11/><D56/><U42/><E42/><V49/><F49/><W131/><G48/><T53/><D61/><U83/><AGARI ba="0,2" hai="12,18,20,27,28,35,66,67,83,85,88,96,100,106" machi="83" ten="20,5200,0" yaku="1,1,0,1,7,1,54,1,53,0" doraHai="68" doraHaiUra="40" who="1" fromWho="1" sc="250,-26,240,72,240,-13,250,-13" /><INIT seed="1,0,0,0,3,27" ten="224,312,227,237" oya="1" hai0="93,135,73,94,33,71,124,88,121,29,37,101,4" hai1="75,41,34,100,125,72,48,6,42,111,54,62,55" hai2="134,79,91,32,21,13,132,107,86,38,82,61,122" hai3="128,3,92,68,115,1,97,14,127,89,10,70,0"/><U45/><E125/><V2/><F2/><W83/><G115/><T52/><D71/><U19/><E34/><V28/><F122/><W113/><G113/><T40/><D73/><U15/><E111/><V46/><F107/><W7/><G127/><T133/><D124/><U118/><E118/><V5/><F61/><W87/><REACH who="3" step="1"/><G128/><REACH who="3" ten="224,312,227,227" step="2"/><T17/><D135/><U103/><E75/><V102/><F134/><W90/><AGARI ba="0,1" hai="0,1,3,7,10,14,68,70,83,87,89,90,92,97" machi="90" ten="30,7900,0" yaku="1,1,2,1,0,1,53,1" doraHai="27" doraHaiUra="76" who="3" fromWho="3" sc="224,-20,312,-39,227,-20,227,89" /><INIT seed="2,0,0,0,5,31" ten="204,273,207,316" oya="2" hai0="64,63,121,3,41,98,47,54,126,73,14,43,1" hai1="51,0,115,48,114,67,58,21,128,113,25,110,95" hai2="92,74,13,107,27,112,119,33,39,120,18,124,70" hai3="122,125,102,7,86,78,90,50,53,46,108,55,69"/><V44/><RYUUKYOKU type="yao9" ba="0,0" sc="204,0,273,0,207,0,316,0" hai2="13,18,27,33,39,44,70,74,92,107,112,119,120,124" /><INIT seed="2,1,0,4,5,23" ten="204,273,207,316" oya="2" hai0="17,57,40,71,2,70,53,97,58,1,5,10,78" hai1="19,92,119,47,95,50,21,128,116,31,32,77,90" hai2="14,46,24,124,72,111,22,41,132,38,54,112,7" hai3="85,60,100,99,114,0,55,61,86,130,42,120,64"/><V51/><F112/><W48/><G120/><T44/><D2/><U34/><E128/><V25/><F72/><W28/><G130/><T15/><D78/><U52/><E77/><V36/><F132/><W63/><G0/><T73/><D73/><U107/><E107/><V12/><F124/><W96/><G42/><T75/><D75/><U43/><E95/><V98/><F38/><W133/><G133/><T62/><D58/><U67/><E67/><V59/><F111/><W109/><G109/><T56/><D56/><U91/><E91/><V8/><REACH who="2" step="1"/><F98/><REACH who="2" ten="204,273,197,316" step="2"/><W65/><G99/><T26/><D97/><U66/><E119/><V6/><F6/><W39/><G114/><T113/><D113/><U104/><E116/><V18/><AGARI ba="1,1" hai="7,8,12,14,18,22,24,25,36,41,46,51,54,59" machi="18" ten="30,11700,0" yaku="1,1,0,1,52,2,53,0" doraHai="23" doraHaiUra="88" who="2" fromWho="2" sc="204,-40,273,-40,197,130,316,-40" /><INIT seed="2,2,0,1,3,93" ten="164,233,327,276" oya="2" hai0="126,91,72,59,114,125,34,60,55,113,22,7,57" hai1="58,16,1,106,84,67,3,46,53,121,103,41,15" hai2="69,56,119,63,87,48,36,54,29,130,98,76,66" hai3="85,51,128,134,25,45,124,75,14,13,4,80,49"/><V104/><F119/><W135/><G75/><T108/><D72/><U39/><E121/><V109/><F130/><W79/><G128/><T10/><D34/><U97/><E67/><V86/><F109/><W100/><G124/><N who="0" m="47723" /><D108/><U20/><REACH who="1" step="1"/><E84/><REACH who="1" ten="164,223,327,276" step="2"/><V42/><F87/><W122/><G85/><T65/><D91/><U132/><E132/><V116/><F86/><W102/><G122/><T44/><D22/><U33/><E33/><V19/><F116/><W82/><G134/><T9/><D44/><U115/><E115/><N who="0" m="44041" /><D7/><U38/><E38/><V78/><F19/><W12/><G45/><T118/><D118/><U5/><E5/><V74/><F74/><W83/><G4/><T96/><D96/><U24/><E24/><V107/><F98/><W18/><G135/><T127/><D127/><U112/><E112/><V120/><F120/><W11/><G25/><T101/><D101/><U117/><E117/><V111/><F111/><W73/><G102/><T43/><D43/><U23/><E23/><V50/><F36/><W0/><G100/><T26/><D26/><U2/><E2/><V88/><F42/><W70/><G0/><T68/><D68/><U6/><E6/><V28/><F69/><W92/><G70/><T129/><D129/><U64/><E64/><V133/><F66/><W131/><G131/><T89/><D89/><U90/><E90/><V27/><F88/><W95/><G73/><T40/><D40/><U123/><E123/><V81/><F133/><W37/><G37/><T77/><D77/><U47/><E47/><V62/><F76/><W52/><G79/><RYUUKYOKU ba="2,1" sc="164,15,223,15,327,-15,276,-15" hai0="9,10,55,57,59,60,65" hai1="1,3,15,16,20,39,41,46,53,58,97,103,106" /><INIT seed="3,3,1,1,2,129" ten="179,238,312,261" oya="3" hai0="111,67,95,112,131,64,107,53,7,20,17,101,97" hai1="47,83,80,14,75,55,29,51,12,63,39,68,15" hai2="6,110,93,113,72,127,42,118,74,115,38,87,90" hai3="108,34,102,126,1,134,44,116,33,60,124,91,35"/><W122/><G116/><T125/><D111/><U99/><E75/><V135/><F110/><W48/><G122/><T27/><D131/><U4/><E39/><V123/><F118/><W24/><G108/><T21/><D125/><N who="3" m="48233" /><G1/><T128/><D128/><U8/><E29/><V92/><F6/><W104/><G91/><T37/><D37/><U71/><E71/><V117/><F127/><W77/><G77/><T3/><D112/><U23/><E99/><V52/><F117/><W96/><G60/><T73/><D73/><U69/><E69/><V40/><F72/><W98/><G98/><T26/><D53/><U100/><E100/><V89/><F74/><W61/><G61/><T9/><REACH who="0" step="1"/><D107/><REACH who="0" ten="169,238,312,261" step="2"/><U56/><E68/><V82/><F115/><W22/><G104/><T31/><AGARI ba="3,2" hai="3,7,9,17,20,21,26,27,31,64,67,95,97,101" machi="31" ten="20,5200,0" yaku="1,1,2,1,0,1,7,1,53,0" doraHai="129" doraHaiUra="78" who="0" fromWho="0" sc="169,81,238,-16,312,-16,261,-29" /><INIT seed="4,0,0,2,0,72" ten="250,222,296,232" oya="0" hai0="59,135,121,71,89,41,39,58,97,90,70,111,22" hai1="6,2,44,73,32,115,93,45,42,101,5,24,114" hai2="82,117,125,133,88,40,109,86,69,68,20,13,91" hai3="85,28,95,131,14,67,15,36,31,10,63,78,43"/><T11/><D121/><U23/><E32/><V110/><F133/><W27/><G131/><T107/><D135/><U66/><E73/><V74/><F74/><W102/><G31/><T62/><D59/><U104/><E104/><V120/><F120/><W16/><G36/><T124/><D124/><U56/><E101/><V57/><F40/><W83/><G43/><T96/><D11/><U9/><E93/><V61/><F125/><W4/><G102/><T12/><D111/><U81/><E81/><V26/><F13/><W35/><G95/><T55/><D107/><U127/><E6/><V129/><F129/><W118/><G118/><T38/><D97/><U123/><E123/><V47/><F47/><W17/><G14/><T29/><D90/><U80/><E80/><V122/><F122/><W1/><G1/><T51/><D39/><U52/><E66/><V54/><F117/><W30/><G28/><T3/><D38/><U75/><E75/><V119/><F119/><W100/><G100/><T98/><D98/><U113/><E42/><V116/><F116/><W84/><G85/><T19/><D29/><N who="1" m="17567" /><E127/><V25/><F91/><W65/><G65/><T106/><D3/><U134/><E134/><V132/><F132/><W18/><G4/><T0/><D0/><U108/><E108/><N who="2" m="41579" /><F20/><W33/><G35/><T46/><REACH who="0" step="1"/><D106/><REACH who="0" ten="240,222,296,232" step="2"/><U37/><E37/><V76/><F88/><W103/><G103/><T7/><D7/><U64/><E64/><V128/><F69/><AGARI ba="0,1" hai="10,15,16,17,18,27,30,33,63,67,69,78,83,84" machi="69" ten="30,3900,0" yaku="7,1,52,1,54,1" doraHai="72" who="3" fromWho="2" sc="240,0,222,0,296,-39,232,49" /><INIT seed="5,0,0,4,3,133" ten="240,222,257,281" oya="1" hai0="9,109,105,107,48,60,116,29,53,102,95,85,58" hai1="65,57,76,22,39,56,128,15,3,120,63,62,82" hai2="81,67,14,89,61,97,44,36,118,113,26,131,6" hai3="8,134,46,132,30,59,88,92,0,10,130,19,112"/><U96/><E120/><V2/><F2/><W69/><G69/><T101/><D109/><U17/><E128/><V4/><F118/><W77/><G130/><T78/><D116/><U55/><E3/><V50/><F36/><W43/><G112/><T104/><D29/><U93/><E39/><V64/><F131/><W5/><G30/><T12/><D60/><U24/><E15/><V52/><F113/><W91/><G77/><T103/><D78/><U127/><E127/><V23/><F14/><N who="3" m="7623" /><G92/><T54/><D54/><U94/><REACH who="1" step="1"/><E96/><REACH who="1" ten="240,212,257,281" step="2"/><V90/><F97/><W84/><G0/><T86/><REACH who="0" step="1"/><D95/><REACH who="0" ten="230,212,257,281" step="2"/><U87/><AGARI ba="0,2" hai="17,22,24,55,56,57,62,63,65,76,82,87,93,94" machi="87" ten="20,18000,2" yaku="1,1,2,1,0,1,7,1,8,1,53,1" doraHai="133" doraHaiUra="79" who="1" fromWho="1" sc="230,-60,212,200,257,-60,281,-60" owari="170,-33.0,412,51.2,197,-20.3,221,2.1" /></mjloggm>