<mjloggm ver="2.3"><GO type="225" lobby="0"/><UN n0="%EF%BC%AE%EF%BC%A1%EF%BC%AF%33%33%39" n1="%E3%83%96%E3%83%83%E3%83%91%E3%82%AA%E3%83%96%E3%83%81%E3%82%AD%E3%83%B3" n2="%E3%83%A9%E3%83%BC%E3%83%A1%E3%83%B3%E4%BA%94%E9%83%8E" n3="%77%72%77%72%77%72%77%72" dan="16,16,16,17" rate="2128.35,2157.41,2107.31,2213.98" sx="M,M,M,M"/><TAIKYOKU oya="0"/><INIT seed="0,0,0,4,0,77" ten="250,250,250,250" oya="0" hai0="1,63,2,70,82,132,105,59,21,113,64,114,133" hai1="100,7,22,129,62,85,8,19,131,39,89,32,93" hai2="27,28,75,44,81,95,120,92,25,106,45,125,50" hai3="122,123,130,48,87,47,73,68,0,69,53,118,42"/><T10/><D105/><U102/><E39/><V86/><F120/><N who="3" m="46123" /><G73/><T29/><D70/><N who="3" m="27241" /><G87/><T34/><D34/><U4/><E62/><V6/><F125/><W38/><G0/><T56/><D56/><U71/><E71/><V115/><F115/><W11/><G11/><T65/><D65/><U41/><E41/><V126/><F126/><W66/><G118/><T26/><D2/><U74/><E74/><V3/><F75/><W135/><G130/><N who="1" m="49674" /><E32/><V30/><F106/><W121/><N who="3" m="46131" /><W110/><DORA hai="99" /><G110/><T127/><D127/><U72/><E72/><V61/><F3/><W76/><G76/><T55/><D64/><U109/><E109/><V107/><F107/><W35/><G35/><T46/><D114/><U58/><E58/><V98/><F44/><N who="3" m="27783" /><G66/><T83/><D113/><U5/><E8/><V79/><F6/><N who="1" m="1537" /><U67/><DORA hai="13" /><E67/><V103/><F103/><W57/><G57/><T40/><D10/><U111/><E111/><V97/><F45/><W24/><G24/><AGARI ba="0,0" hai="19,22,24,85,89,93,100,102" m="1537,49674" machi="24" ten="40,8000,1" yaku="19,1,52,3" doraHai="77,99,13" who="1" fromWho="3" sc="250,0,250,80,250,0,250,-80" /><INIT seed="1,0,0,0,0,48" ten="250,330,250,170" oya="1" hai0="122,52,86,45,94,70,62,98,80,1,78,6,75" hai1="102,83,135,88,7,20,87,53,103,40,77,117,85" hai2="46,33,66,41,65,47,109,56,19,5,107,121,24" hai3="27,82,32,55,49,71,105,90,12,128,99,97,23"/><U111/><E117/><V101/><F121/><W67/><G128/><T132/><D122/><U60/><E135/><V42/><F109/><W89/><G71/><T108/><D108/><U91/><E111/><V11/><F107/><W18/><G67/><T14/><D1/><U129/><E129/><V15/><F101/><N who="1" m="38409" /><E40/><N who="2" m="15467" /><F33/><W113/><G113/><T130/><D130/><U76/><E7/><V17/><F66/><W79/><G105/><T69/><D75/><U119/><E119/><V26/><F5/><W125/><G125/><T134/><D14/><U110/><E20/><N who="2" m="13327" /><F26/><W38/><G38/><T37/><D6/><U126/><E126/><V3/><F3/><W118/><G118/><T29/><D37/><U34/><E34/><V92/><F92/><W116/><G116/><T74/><D74/><U31/><E31/><V30/><F30/><W10/><G32/><T100/><D29/><U39/><E39/><V63/><AGARI ba="0,0" hai="11,15,19,46,47,56,63,65" m="13327,15467" machi="63" ten="30,1100,0" yaku="8,1" doraHai="48" who="2" fromWho="2" sc="250,-3,330,-5,250,11,170,-3" /><INIT seed="2,0,0,1,0,121" ten="247,325,261,167" oya="2" hai0="81,73,22,23,24,8,93,20,91,60,14,9,112" hai1="72,107,63,86,1,117,114,57,115,111,102,75,50" hai2="106,99,88,5,59,28,58,85,122,80,18,45,54" hai3="52,32,34,49,87,46,15,26,41,39,74,29,92"/><V133/><F122/><W2/><G2/><T124/><D112/><N who="1" m="43051" /><E50/><N who="2" m="29007" /><F106/><W120/><G120/><T79/><D124/><U100/><E57/><N who="2" m="21515" /><F133/><W68/><G68/><T82/><D60/><U12/><E63/><V123/><F123/><W33/><G74/><N who="1" m="28202" /><E1/><V35/><F35/><W132/><G132/><T90/><D24/><U10/><E12/><V119/><F119/><W66/><G66/><T128/><D128/><U94/><E10/><V36/><F36/><W131/><G131/><T11/><D81/><U70/><E70/><V16/><F28/><W43/><G39/><T3/><D3/><U0/><E0/><V53/><F5/><W40/><REACH who="3" step="1"/><G15/><REACH who="3" ten="247,325,261,157" step="2"/><T109/><D14/><U27/><E117/><V64/><F64/><W104/><G104/><T61/><D73/><U76/><E107/><V84/><F53/><W21/><G21/><T125/><D22/><U103/><E103/><V134/><F134/><W17/><G17/><T97/><D23/><U67/><E102/><V42/><F42/><W62/><G62/><T129/><D61/><U127/><E100/><V19/><F19/><W116/><G116/><T98/><D20/><U7/><E67/><V126/><F18/><W65/><G65/><T105/><D129/><U78/><E7/><V101/><F16/><W118/><G118/><T37/><D105/><U71/><E71/><V31/><F31/><W4/><G4/><T25/><D37/><U56/><E27/><V30/><F30/><W108/><G108/><T83/><D109/><U110/><E110/><V6/><F6/><W95/><G95/><T89/><D25/><RYUUKYOKU ba="0,1" sc="247,-10,325,-10,261,-10,157,30" hai3="26,29,32,33,34,40,41,43,46,49,52,87,92" /><INIT seed="3,1,1,3,3,4" ten="237,315,251,187" oya="3" hai0="88,127,63,32,120,11,115,71,24,131,83,54,67" hai1="92,97,25,96,0,81,60,6,15,74,50,39,122" hai2="3,101,126,8,29,87,46,90,128,99,9,2,64" hai3="89,59,68,65,76,133,91,111,123,135,84,79,55"/><W134/><G123/><T18/><D120/><U112/><E122/><V86/><F126/><W113/><G113/><T116/><D116/><U37/><E0/><V104/><F29/><W42/><G42/><T1/><D127/><U17/><E112/><V21/><F64/><W30/><G30/><T10/><D1/><U110/><E110/><V36/><F128/><W40/><G40/><T47/><D131/><U82/><E74/><V7/><F21/><W69/><G111/><T28/><D18/><U58/><E50/><V41/><F90/><N who="3" m="34315" /><G65/><T12/><D12/><U80/><E39/><V33/><F33/><W93/><G93/><T108/><D108/><U105/><E37/><V49/><F36/><W52/><G55/><T125/><D125/><U23/><E105/><V70/><F70/><N who="3" m="27243" /><G84/><T38/><D115/><U35/><E35/><V98/><F98/><N who="1" m="37993" /><E92/><V73/><F73/><W118/><G118/><T14/><D14/><U95/><E95/><V57/><F57/><W22/><G22/><T75/><D75/><U16/><E6/><AGARI ba="1,1" hai="2,3,6,7,8,9,41,46,49,86,87,99,101,104" machi="6" ten="40,5200,0" yaku="9,1,52,2" doraHai="4" who="2" fromWho="1" sc="237,0,315,-55,251,65,187,0" owari="237,-16.3,260,6.0,316,41.6,187,-31.3" /></mjloggm>