<mjloggm ver="2.3"><GO type="225" lobby="0"/><UN n0="%E3%81%BF%E3%81%BF%E3%81%9A" n1="%E6%81%A5%E6%99%92%E3%81%97" n2="%E7%89%B9%E6%9D%B1%E5%96%B0%E8%B5%A4%E9%80%9F" n3="%E7%99%BD%E5%80%89%E5%AF%9B%E4%B9%8B" dan="17,16,16,16" rate="2140.79,2129.18,2020.48,2160.02" sx="M,M,M,M"/><TAIKYOKU oya="0"/><INIT seed="0,0,0,4,5,65" ten="250,250,250,250" oya="0" hai0="135,49,0,29,26,8,100,107,76,84,131,74,117" hai1="58,83,47,51,81,64,87,92,55,39,120,57,33" hai2="128,115,56,93,70,54,124,110,67,133,102,3,119" hai3="5,38,22,41,91,129,126,89,97,109,86,85,7"/><T134/><D117/><U30/><E120/><V105/><RYUUKYOKU type="yao9" ba="0,0" sc="250,0,250,0,250,0,250,0" hai2="3,54,56,67,70,93,102,105,110,115,119,124,128,133" /><INIT seed="0,1,0,2,4,120" ten="250,250,250,250" oya="0" hai0="57,6,94,78,50,85,118,9,58,68,88,122,44" hai1="106,61,38,90,33,5,23,92,56,28,100,7,46" hai2="65,86,119,91,74,73,70,15,52,128,129,53,107" hai3="101,124,64,123,8,113,80,10,54,34,25,115,130"/><T35/><D118/><U72/><E72/><V39/><F119/><W105/><G123/><T76/><D122/><U131/><E131/><N who="2" m="50251" /><F39/><W134/><G130/><T96/><D68/><U89/><E33/><V102/><F15/><W81/><G64/><T125/><D35/><U32/><E32/><V20/><F20/><W121/><G121/><T42/><D125/><U77/><E77/><V14/><F14/><W11/><G124/><T103/><D78/><U114/><E114/><V55/><F102/><W18/><G134/><T111/><D111/><U48/><E38/><V95/><F107/><W110/><G34/><T29/><D29/><U17/><E28/><V62/><AGARI ba="1,0" hai="52,53,55,62,65,70,73,74,86,91,95" m="50251" machi="62" ten="40,2700,0" yaku="19,1,54,1" doraHai="120" who="2" fromWho="2" sc="250,-14,250,-8,250,30,250,-8" /><INIT seed="1,0,0,2,0,88" ten="236,242,280,242" oya="1" hai0="77,52,11,107,14,129,114,26,56,60,65,96,12" hai1="23,7,94,79,22,5,20,25,48,73,71,31,75" hai2="24,27,58,13,104,90,70,119,67,18,85,49,66" hai3="133,57,135,8,35,118,17,41,115,30,91,10,82"/><U98/><E71/><V110/><F119/><W51/><G118/><T19/><D114/><U130/><E130/><V86/><F104/><W100/><G115/><T128/><D77/><U92/><E48/><V42/><F70/><W122/><G122/><T124/><D124/><U126/><E126/><V46/><F110/><W113/><G113/><T39/><D39/><U83/><E75/><V117/><F85/><N who="3" m="50615" /><G17/><T120/><D120/><U1/><E94/><N who="2" m="54615" /><F117/><W101/><G30/><T105/><D26/><N who="2" m="9770" /><F58/><W93/><G35/><T99/><D65/><U116/><E116/><V81/><F81/><W62/><G100/><T50/><D60/><U80/><E80/><V84/><F84/><W40/><G51/><T61/><D61/><U69/><E69/><V95/><F95/><W16/><G8/><AGARI ba="0,0" hai="8,13,18,42,46,49,66,67" m="9770,54615" machi="8" ten="30,2000,0" yaku="8,1,52,1" doraHai="88" who="2" fromWho="3" sc="236,0,242,0,280,20,242,-20" /><INIT seed="2,0,0,2,0,109" ten="236,242,300,222" oya="2" hai0="25,115,88,125,78,55,9,77,75,51,27,57,84" hai1="101,117,74,1,70,50,34,44,102,65,41,129,6" hai2="95,29,118,36,114,116,49,97,24,30,104,3,66" hai3="103,133,46,33,119,48,79,108,17,126,73,105,0"/><V63/><F36/><W132/><G33/><T99/><D115/><U68/><E117/><V56/><F3/><W111/><G0/><T19/><D125/><U32/><E74/><V113/><F104/><W38/><G17/><T53/><D75/><U47/><E129/><V13/><F29/><W2/><G2/><T106/><D106/><U7/><E50/><V45/><F13/><W60/><G60/><T37/><D37/><U43/><REACH who="1" step="1"/><E1/><REACH who="1" ten="236,232,300,222" step="2"/><V72/><F72/><W98/><G119/><T71/><D71/><U22/><E22/><N who="2" m="15639" /><F118/><W130/><G130/><T61/><D27/><U122/><E122/><V127/><F116/><W62/><G126/><T21/><D9/><U80/><E80/><V89/><F127/><W35/><G35/><T83/><REACH who="0" step="1"/><D99/><REACH who="0" ten="226,232,300,222" step="2"/><U10/><E10/><V87/><F113/><W134/><G38/><T5/><D5/><U81/><E81/><V18/><F114/><W42/><G108/><T120/><D120/><U23/><E23/><V11/><F97/><W54/><G111/><T58/><AGARI ba="0,2" hai="19,21,25,51,53,55,57,58,61,77,78,83,84,88" machi="58" ten="20,12000,2" yaku="1,1,0,1,7,1,8,1,54,1,53,1" doraHai="109" doraHaiUra="85" who="0" fromWho="0" sc="226,140,232,-30,300,-60,222,-30" /><INIT seed="3,0,0,2,1,71" ten="366,202,240,192" oya="3" hai0="38,87,94,4,102,91,44,73,13,34,76,0,116" hai1="18,119,7,121,61,60,83,12,33,49,114,117,88" hai2="43,103,56,127,19,15,36,9,52,53,28,78,70" hai3="107,6,106,108,29,16,54,30,133,93,51,5,122"/><W79/><G122/><T111/><D116/><N who="1" m="44619" /><E121/><V42/><F70/><W81/><G133/><T95/><D111/><U132/><E132/><V47/><F78/><W134/><G134/><T40/><D34/><U74/><E114/><V22/><F103/><W105/><G108/><T92/><D13/><U2/><E33/><V72/><F72/><W109/><G109/><T128/><D128/><U8/><E49/><V84/><F127/><W37/><G37/><T64/><D64/><U113/><E113/><V110/><F84/><N who="3" m="48191" /><G107/><T45/><D45/><U130/><E130/><V124/><F124/><W55/><G106/><T14/><D14/><U63/><E74/><V57/><F110/><W66/><G105/><T101/><D94/><U86/><E63/><V126/><F126/><W59/><G66/><T62/><D95/><U26/><E26/><N who="2" m="16471" /><F36/><W10/><G93/><T31/><D62/><U68/><E68/><V46/><F42/><W90/><G90/><T131/><D31/><N who="3" m="11785" /><G55/><T135/><D131/><U3/><E3/><V97/><F43/><W35/><G35/><T125/><D135/><U100/><E100/><V96/><F52/><W1/><G1/><T27/><D125/><U115/><E115/><V82/><F53/><W98/><G98/><N who="2" m="37993" /><F82/><W11/><G11/><AGARI ba="0,0" hai="2,7,8,11,12,18,60,61,83,86,88" m="44619" machi="11" ten="30,2000,0" yaku="12,1,54,1" doraHai="71" who="1" fromWho="3" sc="366,0,202,20,240,0,192,-20" owari="366,46.6,222,-17.8,240,4.0,172,-32.8" /></mjloggm>