<mjloggm ver="2.3"><GO type="225" lobby="0"/><UN n0="%E5%8F%AF%E5%85%90%E9%82%A3%E7%94%B1%E5%A4%9A" n1="%E3%82%A4%E3%83%BC%E3%82%B1%E3%83%97%E3%83%A9" n2="%E3%81%95%E3%82%93%E3%81%84%E3%81%A1%E3%82%8D%E3%81%8F%E3%81%94" n3="%E3%81%BE%E3%81%A8%E3%81%9F" dan="16,17,17,16" rate="2081.10,2200.45,2093.27,2074.82" sx="F,M,M,M"/><TAIKYOKU oya="0"/><INIT seed="0,0,0,4,3,71" ten="250,250,250,250" oya="0" hai0="26,57,27,53,4,1,69,117,73,28,36,95,103" hai1="45,68,14,116,79,34,52,118,106,19,130,83,129" hai2="40,80,84,86,5,96,128,111,100,18,88,115,109" hai3="127,135,67,91,32,35,87,33,25,16,63,54,9"/><T43/><D117/><U107/><E68/><V29/><F5/><W74/><G74/><T23/><D69/><U89/><E34/><V20/><F29/><W101/><G101/><T85/><D73/><U21/><E89/><V132/><F115/><W72/><G72/><T113/><D113/><U75/><E118/><V70/><F70/><W92/><G127/><T121/><D121/><U134/><E134/><V77/><F40/><W30/><G67/><T55/><D1/><U56/><E45/><V42/><F42/><W24/><G135/><T10/><D27/><U99/><E116/><V59/><F59/><W65/><G65/><T66/><D66/><U124/><E124/><V76/><F128/><N who="1" m="49257" /><E99/><V22/><F132/><W131/><G131/><T47/><D57/><U105/><E105/><V49/><F49/><AGARI ba="0,0" hai="14,19,21,49,52,56,75,79,83,106,107" m="49257" machi="49" ten="30,2000,0" yaku="19,1,54,1" doraHai="71" who="1" fromWho="2" sc="250,0,250,20,250,-20,250,0" /><INIT seed="1,0,0,2,4,119" ten="250,270,230,250" oya="1" hai0="110,6,46,74,15,90,95,127,45,115,104,73,123" hai1="69,57,75,131,120,38,94,118,53,11,1,20,81" hai2="19,51,8,48,98,43,135,44,55,32,24,39,116" hai3="126,111,121,27,2,129,60,35,114,78,102,31,30"/><U16/><E118/><V21/><F116/><W128/><G114/><T101/><D115/><U40/><E69/><V49/><F135/><W18/><G111/><T59/><D110/><U100/><E131/><N who="3" m="50250" /><G78/><T42/><D127/><U68/><E68/><V41/><F32/><N who="3" m="20575" /><G60/><T133/><D133/><U88/><E100/><V76/><F76/><W14/><G102/><T25/><D101/><U5/><E75/><V34/><F34/><W12/><G2/><T122/><D104/><U99/><E81/><V70/><F70/><W47/><G47/><N who="0" m="17931" /><D42/><U79/><E79/><V91/><F8/><N who="3" m="6407" /><G14/><T117/><D117/><U22/><E40/><N who="2" m="15435" /><F39/><W105/><G105/><T28/><D59/><U7/><E38/><V23/><F44/><W109/><G109/><T72/><D15/><N who="1" m="7295" /><E1/><V50/><F91/><W84/><G84/><T82/><D82/><U130/><E130/><V33/><F98/><W80/><G80/><T83/><D83/><U112/><E112/><V17/><F33/><W52/><G126/><T66/><D73/><U103/><E103/><V9/><F55/><W97/><G52/><T63/><D74/><U77/><E77/><V62/><N who="2" m="12288" /><DORA hai="58" /><V71/><F71/><W26/><G97/><N who="0" m="57591" /><D72/><U56/><E56/><V37/><F37/><W87/><G87/><T89/><D89/><U36/><E36/><V4/><F9/><W106/><G106/><T13/><D13/><U64/><E88/><V92/><F92/><W29/><G29/><T108/><D108/><U125/><E94/><V67/><F24/><W134/><G134/><T93/><D93/><U86/><E125/><RYUUKYOKU ba="0,0" sc="250,-10,270,-10,230,-10,250,30" hai3="26,31,35,121" /><INIT seed="2,1,0,3,4,86" ten="240,260,220,280" oya="2" hai0="70,57,114,7,50,69,48,81,124,27,131,30,24" hai1="133,95,126,101,44,68,92,1,45,49,117,26,40" hai2="19,11,66,33,17,20,0,96,37,52,121,4,63" hai3="104,116,113,105,111,9,110,98,10,80,83,118,53"/><V125/><F121/><W106/><G98/><T76/><D114/><U21/><E117/><N who="3" m="45162" /><G53/><T43/><D124/><U128/><E1/><V54/><F37/><W13/><G113/><T41/><D131/><U122/><E68/><V134/><F125/><W85/><G13/><T84/><D7/><U14/><E126/><V3/><F3/><W25/><G25/><T62/><D69/><U23/><E128/><V67/><F33/><W8/><G85/><T79/><D70/><U71/><E71/><V35/><F35/><W109/><AGARI ba="1,0" hai="8,9,10,80,83,104,105,106,109,110,111" m="45162" machi="109" ten="50,8000,1" yaku="29,2,28,2,14,1" doraHai="86" who="3" fromWho="3" sc="240,-21,260,-21,220,-41,280,83" /><INIT seed="3,0,0,4,0,16" ten="219,239,179,363" oya="3" hai0="107,17,83,90,31,54,64,7,132,45,108,131,115" hai1="100,112,128,51,126,105,82,130,67,35,87,86,21" hai2="52,38,94,12,23,14,56,93,98,81,104,46,42" hai3="91,73,120,27,47,77,118,74,57,124,3,129,65"/><W97/><G91/><T99/><D7/><U122/><E35/><V69/><F69/><W111/><G27/><T121/><D121/><U127/><E67/><V11/><F81/><W22/><G57/><T9/><D31/><U68/><E68/><V5/><F104/><W2/><G47/><T119/><D119/><U114/><E122/><V134/><F134/><W96/><G65/><T110/><D64/><U49/><E82/><V92/><F14/><W133/><G97/><T72/><D131/><U53/><E53/><V89/><REACH who="2" step="1"/><F23/><REACH who="2" ten="219,239,169,363" step="2"/><W18/><G133/><T103/><D132/><U26/><E105/><V70/><F70/><W88/><G2/><T10/><D83/><U1/><E21/><V80/><F80/><W25/><G3/><T60/><D107/><U113/><E1/><V39/><F39/><W36/><G22/><T76/><D110/><U123/><E123/><V20/><F20/><W102/><G36/><T101/><D108/><U117/><E26/><V15/><F15/><W79/><G25/><T71/><D71/><U106/><E106/><V32/><F32/><W41/><G111/><T0/><D0/><U116/><E114/><V78/><F78/><W19/><G77/><T125/><D76/><U50/><E113/><V29/><F29/><W59/><G79/><T40/><D115/><U44/><E112/><V109/><F109/><W24/><G120/><T85/><D72/><U75/><E75/><V84/><F84/><W43/><G73/><T8/><D85/><U37/><E87/><V13/><F13/><W48/><G74/><T135/><D135/><RYUUKYOKU ba="0,1" sc="219,-10,239,-10,169,30,363,-10" hai2="5,11,12,38,42,46,52,56,89,92,93,94,98" owari="209,-19.1,229,2.9,199,-30.1,363,46.3" /></mjloggm>