<mjloggm ver="2.3"><GO type="225" lobby="0"/><UN n0="%E6%9C%88%E5%B3%B6%E5%9F%BA" n1="%E3%80%93%E3%81%97%E3%83%BC%E3%82%89%E3%80%93" n2="%E6%A1%9C%E8%8A%B1%E9%96%83%E3%80%85" n3="%E3%81%AF%E3%82%88%E3%81%8A%E3%81%98%E3%81%95%E3%82%93" dan="16,16,16,17" rate="2061.91,2201.67,2106.19,2141.93" sx="M,M,M,M"/><TAIKYOKU oya="0"/><INIT seed="0,0,0,3,1,133" ten="250,250,250,250" oya="0" hai0="42,9,56,113,44,7,77,19,86,46,37,90,51" hai1="78,6,132,134,4,124,89,105,30,97,24,36,8" hai2="98,80,119,91,135,38,121,55,94,3,93,117,43" hai3="69,16,126,122,114,106,101,22,68,85,110,20,100"/><T129/><D113/><U108/><E36/><V13/><F3/><W67/><G114/><T47/><D129/><U84/><E78/><V53/><F121/><W1/><G1/><T11/><D77/><U104/><E108/><V109/><F135/><N who="1" m="51753" /><E124/><V32/><F109/><W74/><G74/><T81/><D19/><U88/><E89/><V14/><F32/><W115/><G115/><T71/><D71/><U107/><E97/><V102/><F80/><W99/><G110/><T116/><D116/><N who="2" m="44618" /><F43/><W15/><G122/><T118/><D118/><U48/><E48/><V59/><F38/><W111/><G111/><T61/><D37/><U96/><E96/><N who="2" m="57407" /><F53/><W87/><G126/><T17/><D17/><U120/><E8/><N who="0" m="3145" /><D7/><U40/><E40/><V52/><F55/><AGARI ba="0,0" hai="42,44,46,47,51,55,56,61,81,86,90" m="3145" machi="55" ten="30,1500,0" yaku="8,1" doraHai="133" who="0" fromWho="2" sc="250,15,250,0,250,-15,250,0" /><INIT seed="0,1,0,5,0,116" ten="265,250,235,250" oya="0" hai0="67,111,74,130,118,21,95,11,82,86,121,85,73" hai1="77,99,68,49,131,105,103,71,24,23,128,16,44" hai2="5,80,70,104,75,112,113,125,42,117,79,19,101" hai3="51,43,58,126,94,47,48,46,87,15,2,37,59"/><T129/><D118/><U124/><E77/><V33/><F117/><W4/><G2/><T38/><D38/><U57/><E57/><V119/><F119/><W123/><G126/><T40/><D40/><U27/><E124/><V93/><F125/><W98/><G87/><T32/><D32/><U50/><E27/><V92/><F19/><W81/><G81/><T30/><D67/><U25/><E25/><V17/><F17/><W91/><G37/><T89/><D11/><U115/><E115/><V29/><F42/><W53/><G123/><T84/><D21/><U22/><E22/><V88/><F5/><W120/><G120/><T90/><D30/><U8/><E8/><AGARI ba="1,0" hai="4,8,15,43,46,47,48,51,53,58,59,91,94,98" machi="8" ten="40,1300,0" yaku="8,1" doraHai="116" who="3" fromWho="1" sc="265,0,250,-16,235,0,250,16" /><INIT seed="1,0,0,2,0,106" ten="265,234,235,266" oya="1" hai0="78,77,119,88,34,4,72,128,116,2,60,40,125" hai1="15,105,121,86,113,99,117,68,29,45,31,69,124" hai2="6,98,64,27,84,107,75,53,89,70,1,44,36" hai3="90,65,127,35,37,110,55,5,17,33,123,51,13"/><U62/><E117/><V8/><F27/><W18/><G123/><T38/><D34/><U101/><E121/><V79/><F64/><W91/><G37/><T81/><D125/><U19/><E124/><V46/><F70/><W133/><G127/><T100/><D100/><U43/><E113/><V122/><F122/><W54/><G5/><T115/><D115/><U22/><E86/><V135/><F135/><W12/><G65/><T20/><D128/><U67/><REACH who="1" step="1"/><E69/><REACH who="1" ten="265,224,235,266" step="2"/><V118/><F84/><W111/><G133/><T10/><D116/><U0/><E0/><V92/><F1/><W93/><G111/><T21/><D119/><U28/><E28/><V23/><F118/><W96/><G110/><T73/><D2/><U49/><AGARI ba="0,1" hai="15,19,22,29,31,43,45,49,62,67,68,99,101,105" machi="49" ten="20,7800,0" yaku="1,1,0,1,7,1,53,1" doraHai="106" doraHaiUra="42" who="1" fromWho="1" sc="265,-26,224,88,235,-26,266,-26" /><INIT seed="1,1,0,1,5,14" ten="239,312,209,240" oya="1" hai0="121,108,135,76,7,20,42,105,96,119,122,15,64" hai1="57,12,51,9,61,31,112,113,75,28,11,71,4" hai2="131,58,87,132,35,92,13,60,100,86,88,26,95" hai3="70,94,10,8,22,103,83,63,47,73,52,68,16"/><U102/><E75/><V21/><F131/><W45/><G70/><T32/><D32/><U2/><E71/><V90/><F132/><W97/><G83/><T81/><D119/><U110/><E102/><V91/><F35/><W69/><G73/><T50/><D135/><U6/><E51/><V1/><F1/><W134/><G134/><T39/><D39/><U84/><E84/><V19/><F100/><W72/><G72/><T126/><D108/><U129/><E129/><V43/><F43/><W33/><G33/><T99/><D126/><U18/><E110/><V125/><F91/><W79/><G79/><T24/><D64/><U56/><E56/><V0/><F0/><W80/><G80/><T118/><D118/><U104/><E104/><V29/><F125/><W65/><G69/><T55/><D42/><U133/><E133/><V120/><F120/><N who="0" m="46186" /><D105/><U82/><E82/><V5/><F5/><W36/><G36/><T78/><D81/><U124/><E124/><V40/><F40/><W101/><G103/><T23/><D78/><U123/><E123/><V17/><F13/><N who="3" m="9487" /><G68/><T30/><D76/><U85/><E6/><V66/><AGARI ba="1,0" hai="17,19,21,26,29,58,60,66,86,87,88,90,92,95" machi="66" ten="20,12000,2" yaku="0,1,7,1,9,1,8,1,52,2,54,1" doraHai="14" who="2" fromWho="2" sc="239,-31,312,-61,209,123,240,-31" /><INIT seed="2,0,0,4,3,53" ten="208,251,332,209" oya="2" hai0="1,39,61,76,20,126,45,83,65,9,71,119,86" hai1="25,37,89,84,18,128,4,111,5,54,23,43,0" hai2="56,57,75,81,73,63,11,74,8,79,122,60,97" hai3="135,133,7,64,21,35,102,44,107,48,36,12,131"/><V117/><F117/><W99/><G35/><T118/><D126/><U17/><E111/><V100/><F122/><W116/><G116/><N who="0" m="44587" /><D20/><N who="1" m="13455" /><E37/><V2/><F2/><W62/><G36/><T120/><D120/><U13/><E0/><V66/><F8/><W91/><G131/><T6/><D45/><U125/><E43/><V95/><F11/><W40/><G91/><N who="0" m="51679" /><D39/><U115/><E115/><V68/><F68/><W42/><G42/><T123/><D123/><U24/><E128/><V80/><F80/><W31/><G7/><T112/><D76/><U55/><E125/><V34/><F34/><W50/><G48/><T72/><D72/><U26/><E5/><V82/><F82/><W19/><REACH who="3" step="1"/><G31/><REACH who="3" ten="208,251,332,199" step="2"/><T27/><D27/><N who="1" m="10283" /><E4/><V3/><F3/><W114/><G114/><AGARI ba="0,1" hai="1,6,9,61,65,71,112,114" m="51679,44587" machi="114" ten="30,1000,0" yaku="12,1" doraHai="53" who="0" fromWho="3" sc="208,20,251,0,332,0,199,-10" /><INIT seed="3,0,0,2,4,39" ten="228,251,332,189" oya="3" hai0="116,134,26,82,22,35,95,98,56,10,88,50,109" hai1="113,41,119,36,126,94,59,105,21,69,65,87,122" hai2="1,34,24,46,118,17,86,16,67,33,58,44,112" hai3="108,9,62,53,85,11,57,102,110,45,63,0,48"/><W37/><G102/><T80/><D116/><U93/><E105/><V91/><F112/><W25/><G25/><T18/><D109/><N who="3" m="42089" /><G85/><T40/><D134/><U101/><E69/><V66/><F1/><W117/><G117/><T124/><D124/><U14/><E126/><V72/><F72/><W6/><G11/><T125/><D125/><U83/><E113/><V132/><F132/><W96/><G96/><T76/><D35/><U78/><E119/><V38/><F33/><W74/><G74/><T23/><D10/><U64/><E101/><V20/><F17/><W54/><G37/><T79/><D22/><U107/><E107/><V51/><F38/><W114/><G114/><T28/><D28/><U19/><E93/><V61/><F34/><W121/><G121/><T13/><D26/><U73/><E122/><V2/><F118/><W92/><G92/><T103/><D103/><U131/><E94/><V127/><F127/><W130/><G130/><T84/><D84/><U68/><E73/><V12/><F24/><W115/><G115/><T7/><D7/><U129/><E131/><V120/><F120/><W30/><G30/><T75/><D75/><U99/><E129/><V47/><F86/><W135/><G135/><T106/><D106/><U31/><E99/><V3/><F16/><W42/><G62/><T27/><D27/><U97/><E31/><V15/><F61/><W133/><G133/><T29/><D29/><U71/><E97/><V49/><F20/><W90/><G90/><T43/><D82/><U100/><E100/><V89/><F89/><W111/><G111/><RYUUKYOKU ba="0,0" sc="228,-10,251,-10,332,-10,189,30" hai3="0,6,9,42,45,48,53,54,57,63" /><INIT seed="3,1,0,3,0,79" ten="218,241,322,219" oya="3" hai0="64,132,56,43,66,80,47,10,83,121,113,46,131" hai1="38,116,37,27,57,86,87,18,107,111,14,114,7" hai2="60,41,26,40,129,34,35,85,54,39,112,42,120" hai3="63,105,77,125,96,52,20,104,101,97,12,44,29"/><W50/><G125/><T130/><D121/><U67/><E107/><V102/><F112/><W118/><G118/><T90/><D113/><U84/><E114/><V8/><F39/><W2/><G2/><T55/><D132/><U124/><E124/><V74/><F74/><W21/><G77/><T93/><D10/><U45/><E116/><V9/><F129/><N who="0" m="49162" /><D64/><U36/><E111/><V135/><F102/><W100/><G29/><T71/><D66/><U106/><E106/><V108/><F85/><W0/><G0/><T1/><D71/><U65/><E65/><V89/><F8/><W19/><G63/><N who="0" m="36255" /><D1/><U23/><E67/><V4/><F9/><AGARI ba="1,0" hai="9,12,19,20,21,44,50,52,96,97,100,101,104,105" machi="9" ten="30,5800,0" yaku="7,1,9,1,54,1" doraHai="79" who="3" fromWho="2" sc="218,0,241,0,322,-61,219,61" /><INIT seed="3,2,0,2,1,87" ten="218,241,261,280" oya="3" hai0="45,94,81,112,78,22,3,67,15,35,133,70,116" hai1="49,110,17,135,11,16,96,118,53,12,126,6,59" hai2="129,106,88,128,7,66,100,38,52,63,122,134,115" hai3="86,20,91,68,89,19,103,14,31,61,93,56,13"/><W42/><G68/><T130/><D116/><U124/><E118/><V85/><F115/><W64/><G103/><T82/><D112/><U111/><E135/><V119/><F119/><W125/><G125/><N who="1" m="48234" /><E96/><N who="2" m="61703" /><F38/><W108/><G108/><AGARI ba="2,0" hai="6,11,12,16,17,49,53,59,108,110,111" m="48234" machi="108" ten="30,3900,0" yaku="14,1,18,1,54,1" doraHai="87" who="1" fromWho="3" sc="218,0,241,45,261,0,280,-45" /><INIT seed="4,0,0,3,3,79" ten="218,286,261,235" oya="0" hai0="75,37,99,26,94,130,103,63,78,27,35,10,31" hai1="59,100,60,68,53,2,39,90,24,21,43,124,104" hai2="32,74,0,98,131,66,129,92,6,96,97,51,48" hai3="121,62,114,19,132,105,123,116,44,89,72,18,17"/><T117/><D117/><U87/><E2/><V71/><F32/><W135/><G116/><T40/><D130/><N who="2" m="49674" /><F74/><W13/><G72/><T127/><D127/><U83/><E124/><V67/><F92/><W45/><G105/><T41/><D37/><U70/><E39/><V82/><F82/><W128/><G128/><T119/><D119/><U106/><E43/><V3/><F6/><W134/><G114/><T4/><D27/><U108/><E108/><V34/><F34/><W36/><G62/><T93/><D63/><U23/><E23/><V30/><F30/><W102/><G102/><T115/><D115/><U76/><E104/><V56/><F56/><W125/><G125/><T118/><D118/><U101/><E106/><V65/><F71/><W88/><G13/><T54/><D94/><N who="1" m="54623" /><E70/><V84/><F84/><W85/><G89/><T33/><D33/><U110/><E68/><V22/><F22/><W61/><G61/><T46/><D75/><U57/><E110/><V112/><F112/><W133/><N who="3" m="33792" /><DORA hai="86" /><W52/><G36/><T49/><REACH who="0" step="1"/><D78/><REACH who="0" ten="208,286,261,235" step="2"/><U29/><E76/><V42/><F51/><N who="3" m="28775" /><G45/><AGARI ba="0,1" hai="0,3,42,45,48,65,66,67,96,97,98" m="49674" machi="45" ten="40,1300,0" yaku="19,1" doraHai="79,86" who="2" fromWho="3" sc="208,0,286,0,261,23,235,-13" /><INIT seed="5,0,0,5,1,98" ten="208,286,284,222" oya="1" hai0="102,31,35,79,67,36,68,14,15,48,10,93,92" hai1="42,49,24,8,61,123,74,77,30,58,125,70,54" hai2="20,127,34,80,100,94,112,2,99,59,132,72,78" hai3="130,46,12,108,107,19,63,71,62,88,25,81,29"/><U57/><E123/><V126/><F34/><W22/><G108/><T75/><D36/><U52/><E125/><N who="2" m="47627" /><F132/><W95/><G107/><T105/><D15/><U23/><E70/><V122/><F112/><W82/><G130/><T37/><D37/><U91/><E74/><V133/><F133/><W21/><G46/><T9/><D9/><U113/><E113/><V40/><F2/><W33/><G33/><T28/><D48/><U134/><E77/><V6/><F6/><W131/><G131/><T109/><D109/><U1/><E134/><V135/><F122/><W3/><G3/><T16/><D105/><U55/><E1/><V129/><F129/><W110/><G110/><T121/><D121/><U39/><E39/><V106/><F40/><W56/><G71/><T120/><D120/><U86/><E8/><V27/><F59/><W87/><REACH who="3" step="1"/><G63/><REACH who="3" ten="208,286,284,212" step="2"/><T47/><D47/><N who="1" m="25847" /><E61/><V65/><F135/><W13/><G13/><T116/><D35/><U66/><E66/><AGARI ba="0,1" hai="12,19,21,22,25,29,56,62,66,81,82,87,88,95" machi="66" ten="30,8000,1" yaku="1,1,7,1,8,1,54,1,53,1" doraHai="98" doraHaiUra="84" who="3" fromWho="1" sc="208,0,286,-80,284,0,212,90" owari="208,-19.2,206,-29.4,284,8.4,302,40.2" /></mjloggm>