<mjloggm ver="2.3"><GO type="225" lobby="0"/><UN n0="%72%69%6F%75%63%68%61%6E" n1="%E3%83%B4%E3%83%A0%EF%BC%99%E3%81%A6" n2="%E3%83%A9%E3%82%B9%E7%8E%87%EF%BC%93%E5%89%B2" n3="%E6%97%A5%E6%9B%9C%E6%97%A5%E3%82%88%E3%82%8A%E3%81%AE%E4%BD%BF%E8%80%85" dan="16,17,17,17" rate="2092.01,2138.56,2214.26,2238.87" sx="M,M,F,M"/><TAIKYOKU oya="0"/><INIT seed="0,0,0,1,4,67" ten="250,250,250,250" oya="0" hai0="128,88,38,104,129,117,3,31,85,80,36,111,59" hai1="90,125,69,99,126,130,28,134,83,119,76,127,97" hai2="30,122,17,79,92,114,98,116,6,86,70,94,12" hai3="43,15,68,100,49,84,108,66,63,24,42,102,8"/><T32/><D117/><U75/><E28/><V72/><F122/><W71/><G108/><T123/><D123/><U81/><E119/><V101/><F116/><W77/><G24/><N who="0" m="18535" /><D3/><U50/><E50/><V37/><F37/><W19/><G71/><T58/><D104/><U7/><E7/><V14/><F114/><W20/><G20/><T110/><D36/><U89/><E69/><V18/><F70/><W78/><G43/><T121/><D38/><U65/><E65/><V33/><F72/><W124/><G124/><T96/><D96/><N who="1" m="36939" /><E134/><V44/><F44/><W53/><G42/><T120/><D58/><U91/><E130/><N who="0" m="50281" /><D59/><U74/><E74/><V34/><F6/><W52/><G53/><T13/><D13/><U25/><E25/><V115/><F115/><W107/><G107/><T54/><D54/><U57/><E57/><V73/><F73/><W135/><G135/><T103/><D103/><U41/><E41/><V5/><F5/><W106/><G106/><T82/><D121/><U61/><E61/><V132/><F132/><W60/><G60/><T48/><D48/><U9/><E9/><V113/><F113/><W16/><G102/><T56/><D56/><U21/><E21/><V27/><F34/><W10/><G100/><T62/><D62/><U45/><E45/><V105/><F14/><N who="3" m="7239" /><G49/><T40/><D40/><U46/><E46/><V133/><F133/><W64/><G52/><T55/><D55/><U23/><E23/><N who="2" m="11687" /><F18/><W131/><G131/><T112/><D112/><U29/><E29/><V93/><F105/><W118/><G68/><T4/><D120/><RYUUKYOKU ba="0,0" sc="250,-15,250,15,250,15,250,-15" hai1="75,76,81,83,89,90,91,125,126,127" hai2="27,30,33,79,86,92,93,94,98,101" /><INIT seed="1,1,0,4,2,91" ten="235,265,265,235" oya="1" hai0="100,17,68,108,126,80,119,23,123,28,11,31,131" hai1="19,57,102,53,75,85,97,133,67,130,64,9,1" hai2="94,93,92,18,96,71,29,38,62,113,90,84,65" hai3="16,135,21,13,73,104,127,12,87,132,22,124,10"/><U101/><E75/><V50/><F38/><W109/><G73/><T7/><D119/><U61/><E130/><V74/><F74/><W15/><G104/><T27/><D131/><U35/><E35/><V82/><F113/><W58/><G58/><T76/><D108/><U59/><E133/><N who="3" m="51274" /><G87/><T39/><D126/><N who="3" m="48169" /><G109/><T63/><D123/><U55/><E85/><V129/><F129/><W37/><G37/><T43/><D39/><U51/><E101/><V3/><F3/><W114/><G114/><T47/><D100/><U26/><E1/><V52/><F29/><N who="0" m="11338" /><D68/><U70/><E70/><V45/><REACH who="2" step="1"/><F18/><REACH who="2" ten="235,265,255,235" step="2"/><N who="3" m="10439" /><G13/><T44/><D43/><U40/><E40/><V14/><F14/><W115/><G115/><T128/><D128/><U106/><E9/><AGARI ba="1,1" hai="9,10,15,16,22" m="10439,48169,51274" machi="9" ten="30,8000,1" yaku="20,1,18,1,34,2,54,1" doraHai="91" who="3" fromWho="1" sc="235,0,265,-83,255,0,235,93" /><INIT seed="2,0,0,1,3,15" ten="235,182,255,328" oya="2" hai0="2,38,62,25,106,56,5,88,0,131,34,116,22" hai1="51,126,9,28,101,36,86,122,128,134,85,111,117" hai2="82,8,93,40,52,45,20,49,50,114,73,3,109" hai3="119,21,113,12,79,67,125,10,132,23,58,100,30"/><V135/><F114/><W64/><G100/><T78/><D131/><U11/><E36/><V47/><F135/><W95/><G79/><T7/><D38/><U31/><E117/><V13/><F109/><W94/><G119/><T19/><D116/><U37/><E37/><V42/><F3/><W44/><G44/><T60/><D106/><U96/><E128/><V129/><F129/><W27/><G125/><T14/><D78/><U1/><E126/><V66/><F73/><W35/><G35/><T26/><D62/><U76/><E111/><V103/><F82/><W61/><G132/><T97/><D34/><U107/><E134/><V71/><F20/><N who="3" m="15719" /><G67/><T72/><D72/><U4/><E122/><V54/><F66/><W130/><G113/><T80/><D0/><U69/><E69/><V133/><F71/><W18/><G130/><T29/><D2/><U84/><E76/><V99/><F133/><W74/><G74/><T120/><D120/><U63/><E63/><V127/><F127/><W81/><G81/><T121/><D121/><U41/><REACH who="1" step="1"/><E11/><REACH who="1" ten="235,172,255,328" step="2"/><V33/><REACH who="2" step="1"/><F33/><REACH who="2" ten="235,172,245,328" step="2"/><W104/><G10/><T123/><D123/><U110/><E110/><V16/><AGARI ba="0,2" hai="8,13,16,40,42,45,47,49,50,52,54,93,99,103" machi="16" ten="20,24000,3" yaku="1,1,2,1,0,1,7,1,9,1,8,1,52,1,54,2,53,0" doraHai="15" doraHaiUra="24" who="2" fromWho="2" sc="235,-80,172,-80,245,260,328,-80" /><INIT seed="2,1,0,4,0,109" ten="155,92,505,248" oya="2" hai0="75,59,128,71,3,48,77,11,113,60,12,28,13" hai1="7,52,129,82,119,67,130,14,126,118,125,116,23" hai2="117,106,108,79,51,88,84,2,26,96,43,80,74" hai3="86,16,58,133,15,99,39,127,25,83,135,5,20"/><V24/><F117/><W50/><G39/><T124/><D113/><U103/><E103/><N who="2" m="62823" /><F2/><W101/><G127/><N who="1" m="48650" /><E82/><V123/><F123/><W61/><G50/><T4/><D128/><N who="1" m="49259" /><E67/><V37/><F37/><W54/><G5/><T8/><D124/><U97/><E97/><V10/><F10/><W55/><G25/><T38/><D38/><U33/><E52/><V9/><F9/><W66/><G55/><T45/><D71/><U36/><E36/><V63/><F63/><W47/><G47/><T131/><D131/><U29/><E7/><V27/><F108/><W91/><G66/><T21/><D77/><U31/><E33/><V132/><F51/><W90/><G90/><T112/><D75/><U57/><E57/><V121/><F43/><W1/><G54/><T68/><D68/><U122/><E122/><V30/><F121/><W17/><G58/><T46/><D59/><U76/><E76/><V120/><F120/><W64/><G61/><T42/><D60/><U95/><E95/><V40/><F40/><W87/><G83/><T62/><D62/><U73/><E73/><V93/><F74/><W65/><G65/><T89/><D42/><U69/><E69/><V114/><F79/><W22/><G99/><T72/><D48/><U44/><E44/><V70/><F80/><W100/><G64/><T107/><D72/><U110/><E110/><V34/><F70/><W32/><G32/><T78/><D78/><U105/><E105/><V6/><F6/><W41/><G41/><T53/><D107/><U134/><E134/><V56/><F132/><W111/><G135/><RYUUKYOKU ba="1,0" sc="155,-10,92,30,505,-10,248,-10" hai1="14,23,29,31,116,118,119" /><INIT seed="3,2,0,5,2,13" ten="145,122,495,238" oya="3" hai0="79,37,95,60,133,122,59,106,116,86,3,10,23" hai1="24,19,118,62,6,108,36,109,75,28,64,66,54" hai2="76,94,65,12,104,56,83,114,88,22,67,27,105" hai3="8,9,119,69,32,29,87,53,127,113,85,131,135"/><W11/><G69/><T5/><D116/><U39/><E118/><V46/><F12/><W92/><G119/><T101/><D122/><U77/><E6/><V43/><F114/><W33/><G113/><T35/><D35/><N who="1" m="20871" /><E54/><V111/><F111/><N who="1" m="42569" /><E66/><V44/><F104/><W130/><G127/><T123/><D133/><U84/><E84/><N who="3" m="32330" /><G29/><T18/><D123/><U7/><E7/><V90/><F105/><W71/><G71/><T81/><D106/><U52/><E19/><V17/><F56/><W50/><G92/><T132/><D132/><U96/><E96/><V48/><F46/><W63/><G63/><T97/><D37/><U2/><E2/><V134/><F134/><W41/><G41/><T30/><D30/><U61/><E61/><V51/><F51/><W15/><G15/><T55/><D18/><U93/><E93/><V117/><F117/><W125/><G135/><T16/><D16/><U21/><E21/><V25/><F25/><W47/><G125/><T73/><D86/><U112/><E112/><V98/><F90/><W0/><G0/><T4/><D5/><U115/><E115/><V1/><F1/><W14/><G14/><T68/><D23/><U38/><E52/><V99/><F99/><W49/><G49/><T20/><D20/><U58/><E77/><V121/><F121/><W31/><G31/><T72/><D72/><AGARI ba="2,0" hai="36,38,39,58,62,64,72,75" m="42569,20871" machi="72" ten="40,1300,0" yaku="14,1" doraHai="13" who="1" fromWho="0" sc="145,-19,122,19,495,0,238,0" /><AGARI ba="2,0" hai="17,22,27,43,44,48,65,67,72,76,83,88,94,98" machi="72" ten="30,3900,0" yaku="7,1,52,1,54,1" doraHai="13" who="2" fromWho="0" sc="126,-39,141,0,495,39,238,0" owari="87,-41.3,141,-25.9,534,63.4,238,3.8" /></mjloggm>