<mjloggm ver="2.3"><GO type="225" lobby="0"/><UN n0="%E3%82%8A%E3%81%93%E3%82%8A%E3%82%93%E3%81%94" n1="%E6%81%A5%E6%99%92%E3%81%97" n2="%E6%98%93%E5%88%A9%E8%96%A9%E4%BC%AF" n3="%E3%83%81%E3%83%AF%E3%83%AF%E9%9A%8A%E9%95%B7" dan="17,16,17,16" rate="2207.95,2157.21,2184.41,2103.81" sx="M,M,F,M"/><TAIKYOKU oya="0"/><INIT seed="0,0,0,2,2,106" ten="250,250,250,250" oya="0" hai0="50,61,132,25,23,81,32,8,42,74,9,100,20" hai1="96,5,87,125,121,35,4,66,6,48,28,122,54" hai2="3,70,133,119,85,118,52,0,18,10,15,108,1" hai3="43,11,26,46,110,57,64,124,67,111,44,37,98"/><T24/><D132/><U83/><E125/><V51/><F70/><W130/><G124/><T36/><D36/><U135/><E135/><V115/><F133/><W21/><G130/><T73/><D100/><U16/><E66/><V95/><F115/><W60/><G64/><T58/><D32/><U14/><E96/><V13/><F108/><W80/><G44/><T27/><D42/><U19/><E28/><V17/><F85/><W116/><G116/><N who="2" m="44585" /><F95/><W39/><G39/><T82/><D50/><U78/><E35/><V103/><F103/><W53/><G11/><T107/><D107/><U77/><E77/><V92/><F92/><W41/><G41/><T105/><D105/><U65/><E65/><V12/><F10/><W101/><G80/><T104/><D104/><U34/><E34/><V94/><F94/><N who="3" m="58583" /><G53/><T93/><D93/><U128/><E128/><V40/><F40/><W2/><G2/><N who="2" m="513" /><V112/><DORA hai="127" /><F112/><W68/><G68/><T69/><D69/><U88/><E78/><V109/><F109/><W72/><G72/><T91/><D91/><U62/><E62/><V7/><F7/><W89/><G89/><T59/><REACH who="0" step="1"/><D25/><REACH who="0" ten="240,250,250,250" step="2"/><U49/><E121/><V97/><F97/><W71/><G71/><T33/><D33/><U90/><E122/><V55/><F51/><W38/><G38/><T63/><AGARI ba="0,1" hai="8,9,20,23,24,27,58,59,61,63,73,74,81,82" machi="63" ten="25,18000,2" yaku="1,1,0,1,22,2,52,2,53,0" doraHai="106,127" doraHaiUra="120,126" who="0" fromWho="0" sc="240,190,250,-60,250,-60,250,-60" /><INIT seed="0,1,0,3,2,135" ten="430,190,190,190" oya="0" hai0="3,29,8,33,110,30,130,0,132,89,65,92,31" hai1="55,50,88,127,48,27,2,43,87,60,41,101,22" hai2="131,77,106,38,42,32,86,74,59,98,15,51,105" hai3="84,17,85,115,122,103,63,116,99,118,73,39,10"/><T34/><D130/><U52/><E2/><V7/><F74/><W53/><G115/><T57/><D132/><U9/><E127/><V81/><F32/><W121/><G73/><T104/><D104/><U97/><E9/><V37/><F131/><W109/><G39/><T24/><D110/><U124/><E124/><V25/><F25/><W71/><G109/><T62/><D8/><U95/><E60/><V19/><F7/><W21/><G10/><T80/><D80/><U91/><E91/><V45/><F59/><N who="3" m="35311" /><G71/><T18/><D18/><N who="1" m="12759" /><E101/><V11/><F106/><N who="3" m="63871" /><G116/><T93/><D93/><U44/><E97/><V58/><REACH who="2" step="1"/><F58/><AGARI ba="1,0" hai="41,43,44,48,50,52,55,58,87,88,95" m="12759" machi="58" ten="30,3900,0" yaku="8,1,54,2" doraHai="135" who="1" fromWho="2" sc="430,0,190,42,190,-42,190,0" /><INIT seed="1,0,0,2,2,94" ten="430,232,148,190" oya="1" hai0="61,64,18,133,86,44,129,120,73,131,16,82,111" hai1="39,28,20,37,15,78,125,17,89,51,48,3,118" hai2="13,33,110,59,128,42,31,77,121,35,34,55,80" hai3="45,70,47,30,91,46,114,68,85,126,19,105,84"/><U43/><E118/><V79/><F121/><W96/><G114/><T95/><D73/><U98/><E3/><V29/><F110/><W130/><G130/><N who="0" m="49675" /><D111/><U76/><E125/><V60/><F128/><W26/><G126/><T63/><D133/><U24/><E39/><V83/><F42/><W53/><G19/><T0/><D0/><U134/><E37/><V8/><F80/><W101/><G53/><T90/><D120/><U57/><E134/><V99/><F79/><N who="1" m="30249" /><E57/><V69/><F69/><W27/><G27/><T123/><D123/><U66/><E66/><V21/><F21/><W2/><G2/><T135/><D135/><U112/><E112/><V93/><F83/><W67/><G67/><T87/><D44/><U22/><E43/><V10/><F77/><W127/><G127/><T5/><D5/><U54/><E54/><V117/><F10/><W71/><REACH who="3" step="1"/><G91/><REACH who="3" ten="430,232,148,180" step="2"/><T119/><D64/><U41/><E41/><V50/><F117/><W56/><G56/><T36/><D18/><U52/><E52/><V106/><F59/><W122/><G122/><T25/><D16/><N who="1" m="10271" /><E28/><V9/><F31/><W107/><G107/><T72/><D119/><U1/><E1/><V108/><F106/><W109/><G109/><T38/><D25/><U92/><AGARI ba="0,1" hai="17,22,24,48,51,89,92,98" m="10271,30249" machi="92" ten="30,6000,0" yaku="8,1,52,1,54,1" doraHai="94" who="1" fromWho="1" sc="430,-20,232,70,148,-20,180,-20" /><INIT seed="1,1,0,3,5,85" ten="410,302,128,160" oya="1" hai0="13,124,112,133,121,42,94,131,24,54,111,1,12" hai1="48,129,80,7,95,30,106,39,96,102,114,78,84" hai2="92,72,44,86,14,57,75,59,19,68,100,43,98" hai3="113,49,82,117,118,115,69,74,31,104,109,3,89"/><U93/><E39/><V38/><F68/><W25/><G3/><T10/><D112/><U33/><E114/><V15/><F75/><W91/><G69/><T60/><D111/><U55/><E129/><V4/><F72/><W65/><G104/><T17/><D131/><U81/><E7/><V119/><F119/><N who="3" m="45579" /><G109/><T130/><D124/><U127/><E127/><V35/><F35/><W87/><G74/><T125/><D125/><U97/><E30/><V27/><F4/><W132/><G132/><T107/><D107/><N who="1" m="63943" /><E33/><V101/><F27/><W26/><G65/><T6/><D133/><U76/><E48/><V8/><F15/><W120/><G120/><T67/><D121/><U34/><E55/><V22/><F22/><W58/><G25/><T105/><D105/><U110/><E34/><V63/><F86/><N who="3" m="50391" /><G58/><T108/><D24/><U0/><E0/><V122/><F122/><W77/><G49/><T116/><D1/><U41/><E110/><V88/><REACH who="2" step="1"/><F59/><REACH who="2" ten="410,302,118,160" step="2"/><W45/><G113/><T61/><D116/><U2/><E2/><V99/><F99/><W71/><G115/><T66/><D108/><U16/><E97/><V40/><F40/><W135/><G135/><T52/><D42/><U23/><E41/><V50/><F50/><W18/><G71/><T36/><D12/><U9/><E23/><V70/><F70/><W47/><G26/><T134/><D134/><U46/><E84/><V103/><F103/><W79/><G87/><T51/><D51/><U83/><E78/><V64/><AGARI ba="1,1" hai="8,14,19,38,43,44,57,63,64,88,92,98,100,101" machi="64" ten="20,8000,1" yaku="1,1,0,1,7,1,52,1,54,1,53,0" doraHai="85" doraHaiUra="73" who="2" fromWho="2" sc="410,-21,302,-41,118,93,160,-21" /><INIT seed="2,0,0,2,5,41" ten="389,261,211,139" oya="2" hai0="113,57,25,134,80,91,132,43,49,120,82,13,16" hai1="64,79,109,115,54,40,33,112,11,50,93,61,2" hai2="18,39,56,95,8,5,107,36,129,87,0,131,19" hai3="86,55,68,125,12,21,106,83,102,23,81,101,71"/><V78/><F107/><W121/><G121/><T17/><D120/><U51/><E33/><V15/><F56/><W105/><G125/><T6/><D113/><U84/><E109/><V9/><F19/><W90/><G55/><T24/><D6/><U38/><E51/><V110/><F110/><W119/><G86/><T10/><D91/><U126/><E126/><V100/><F100/><W108/><G108/><T133/><D57/><U34/><E34/><V118/><F118/><W104/><G104/><T116/><D116/><U60/><E11/><V88/><REACH who="2" step="1"/><F78/><REACH who="2" ten="389,261,201,139" step="2"/><W117/><G90/><T32/><D17/><U47/><E79/><V98/><F98/><W4/><G4/><T29/><D133/><U58/><E112/><V94/><F94/><W66/><G66/><T63/><D132/><U96/><E115/><V127/><F127/><W123/><G123/><T99/><D99/><U73/><E64/><V75/><F75/><W3/><REACH who="3" step="1"/><G12/><REACH who="3" ten="389,261,201,129" step="2"/><T122/><D13/><U14/><E73/><V28/><F28/><W20/><G20/><T74/><D29/><U27/><E14/><V53/><F53/><W44/><G44/><T69/><D74/><U70/><E96/><V1/><F1/><AGARI ba="0,2" hai="1,3,21,23,68,71,81,83,101,102,105,106,117,119" machi="1" ten="25,3200,0" yaku="1,1,22,2,53,0" doraHai="41" doraHaiUra="130" who="3" fromWho="2" sc="389,0,261,0,201,-32,129,52" /><INIT seed="3,0,0,4,3,60" ten="389,261,169,181" oya="3" hai0="132,82,91,6,24,51,44,52,103,133,99,13,64" hai1="87,104,48,95,25,46,42,11,41,50,58,122,70" hai2="83,54,57,120,119,71,10,3,19,28,40,112,127" hai3="94,31,27,1,102,84,21,9,97,118,63,65,61"/><W5/><G118/><T55/><D64/><U110/><E110/><V96/><F119/><W106/><G65/><T98/><D24/><U22/><E104/><V77/><F112/><W115/><G115/><T47/><D6/><U15/><E70/><V100/><F71/><W107/><G107/><T59/><D13/><U81/><E95/><N who="2" m="58399" /><F3/><W105/><G105/><T124/><D124/><U72/><E72/><V88/><F127/><W86/><REACH who="3" step="1"/><G84/><REACH who="3" ten="389,261,169,171" step="2"/><T114/><D114/><U73/><E87/><N who="2" m="50303" /><F120/><W16/><G16/><T111/><D133/><U37/><E122/><V113/><F113/><W109/><G109/><T7/><D132/><U108/><E108/><V34/><F34/><W93/><G93/><T89/><D111/><U0/><E73/><V75/><F75/><W18/><G18/><T35/><D35/><U129/><E81/><V130/><F130/><W85/><G85/><T38/><D82/><U134/><E129/><V123/><F123/><W53/><G53/><T121/><D55/><U78/><E42/><V8/><F40/><W2/><G2/><T135/><D52/><U30/><E0/><V92/><F92/><W126/><G126/><T45/><D121/><U116/><E134/><V14/><F28/><W125/><G125/><T79/><D135/><U74/><E41/><V117/><F117/><W49/><G49/><T56/><D51/><U101/><E50/><N who="2" m="30935" /><F77/><W69/><G69/><T131/><D79/><U67/><E48/><V20/><AGARI ba="0,1" hai="8,10,14,19,20" m="30935,50303,58399" machi="20" ten="30,2000,0" yaku="8,1,54,1" doraHai="60" who="2" fromWho="2" sc="389,-5,261,-5,169,30,171,-10" owari="384,48.4,256,5.6,199,-20.1,161,-33.9" /></mjloggm>