<mjloggm ver="2.3"><GO type="225" lobby="0"/><UN n0="%E7%99%BD%E9%9B%AA%E4%B9%83%E6%84%9B" n1="%E5%B8%86%E7%AB%8B%E5%A4%8F%E8%A1%A3" n2="%77%72%77%72%77%72%77%72" n3="%E7%99%BD%E5%80%89%E5%AF%9B%E4%B9%8B" dan="16,17,17,16" rate="2036.54,2192.48,2168.21,2141.85" sx="F,M,M,M"/><TAIKYOKU oya="0"/><INIT seed="0,0,0,2,2,24" ten="250,250,250,250" oya="0" hai0="37,107,62,70,28,73,16,55,44,31,27,6,78" hai1="121,36,54,81,85,131,113,80,48,94,41,19,127" hai2="47,45,32,99,74,58,118,14,56,119,25,15,110" hai3="83,132,120,13,51,38,8,65,77,61,92,72,122"/><T5/><D107/><U69/><E121/><V7/><F74/><W126/><G38/><T60/><D73/><U26/><E69/><V40/><F110/><W79/><G132/><T128/><D78/><U67/><E67/><V91/><F7/><N who="0" m="2570" /><D70/><U9/><E127/><V133/><F133/><W112/><G126/><T90/><D128/><U10/><E131/><V23/><F32/><W124/><G124/><T106/><D106/><U49/><E36/><V98/><F91/><W64/><G112/><T97/><D37/><U96/><E113/><V105/><F105/><W134/><G79/><T135/><D135/><U116/><E116/><V71/><F71/><W35/><G134/><T12/><D27/><U88/><E41/><V18/><F25/><W111/><G77/><T34/><D34/><U87/><E49/><V130/><F130/><W66/><G51/><N who="0" m="29159" /><D97/><U46/><E26/><V3/><F3/><W102/><G35/><T115/><D90/><N who="1" m="51495" /><E19/><V100/><F18/><W22/><G72/><T33/><D33/><U39/><E39/><V53/><F100/><AGARI ba="0,0" hai="9,10,46,48,54,81,87,88,94,96,100" m="51495" machi="100" ten="30,2000,0" yaku="8,1,54,1" doraHai="24" who="1" fromWho="2" sc="250,0,250,20,250,-20,250,0" /><INIT seed="1,0,0,3,4,15" ten="250,270,230,250" oya="1" hai0="94,57,59,52,25,84,93,67,24,98,75,70,46" hai1="100,79,51,86,127,29,58,34,27,11,43,130,134" hai2="99,20,122,23,81,128,66,112,109,103,63,124,111" hai3="76,107,108,44,105,118,19,2,60,88,10,53,42"/><U38/><E38/><V12/><F122/><W95/><G118/><T4/><D75/><U26/><E127/><V96/><F124/><W16/><G108/><N who="2" m="41545" /><F128/><W65/><G76/><T31/><D4/><U5/><E134/><V13/><F112/><W21/><G53/><T133/><D70/><U85/><E130/><V22/><F81/><W56/><G2/><T7/><D7/><U119/><E119/><V120/><F120/><W97/><G10/><T90/><D133/><U35/><E100/><V82/><F82/><W89/><G89/><T62/><D46/><U3/><E79/><V74/><F74/><W55/><G65/><T9/><D9/><U64/><E43/><V123/><F123/><W106/><REACH who="3" step="1"/><G21/><REACH who="3" ten="250,270,230,240" step="2"/><T135/><D135/><U6/><E64/><V115/><F115/><W30/><G30/><T54/><D31/><U28/><E6/><V17/><F12/><W14/><G14/><T101/><REACH who="0" step="1"/><D67/><REACH who="0" ten="240,270,230,240" step="2"/><U36/><E29/><V47/><F66/><W61/><G61/><AGARI ba="0,2" hai="24,25,52,54,57,59,61,62,84,90,93,94,98,101" machi="61" ten="30,12000,2" yaku="1,1,2,1,7,1,9,1,8,1,54,1,53,0" doraHai="15" doraHaiUra="121" who="0" fromWho="3" sc="240,140,270,0,230,0,240,-120" /><INIT seed="2,0,0,4,0,44" ten="380,270,230,120" oya="2" hai0="97,4,13,61,104,68,116,94,22,80,89,121,132" hai1="64,72,20,109,2,127,60,112,120,56,26,76,118" hai2="98,83,43,25,70,16,19,92,55,63,45,93,103" hai3="6,11,47,15,27,75,101,106,86,33,50,34,62"/><V31/><F83/><W108/><G75/><T24/><D121/><U133/><E2/><V95/><F70/><W21/><G108/><T74/><D132/><U135/><E112/><V124/><F124/><W52/><G106/><T130/><D130/><U71/><E118/><V84/><F84/><W32/><G101/><T39/><D39/><U9/><E109/><V66/><F66/><W17/><G86/><T7/><D116/><U37/><E37/><V42/><F103/><W88/><G88/><T81/><D104/><U41/><E41/><N who="2" m="15371" /><F98/><W111/><G111/><T90/><D13/><U59/><E120/><V128/><F128/><W23/><G62/><T53/><D68/><U35/><E35/><V51/><F63/><W54/><REACH who="3" step="1"/><G23/><AGARI ba="0,0" hai="16,19,23,25,31,45,51,55,92,93,95" m="15371" machi="23" ten="30,5800,0" yaku="8,1,52,1,54,1" doraHai="44" who="2" fromWho="3" sc="380,0,270,0,230,58,120,-58" /><INIT seed="2,1,0,0,3,77" ten="380,270,288,62" oya="2" hai0="31,84,105,91,119,0,40,39,88,80,133,82,20" hai1="4,68,114,87,90,53,58,81,43,116,28,124,75" hai2="98,15,92,35,24,89,59,127,113,64,6,99,21" hai3="29,79,12,30,76,69,109,112,1,73,54,47,125"/><V22/><F113/><W55/><G69/><T130/><D105/><U42/><E68/><V56/><F127/><W41/><G1/><T38/><D0/><U96/><E114/><V126/><F126/><W37/><G125/><T95/><D133/><U57/><E116/><V11/><F35/><W61/><G112/><T33/><D33/><U86/><E75/><V63/><F99/><W14/><G109/><T2/><D2/><U52/><E4/><V25/><F56/><N who="1" m="21609" /><E28/><V108/><F108/><W16/><G14/><T103/><D130/><U49/><E96/><V123/><F123/><W19/><G19/><T97/><D119/><U71/><E71/><V129/><F129/><W67/><G67/><T45/><D39/><U100/><E100/><V34/><F34/><W83/><G79/><T131/><D131/><U72/><E72/><V66/><F66/><W46/><G61/><T32/><D32/><U23/><E23/><AGARI ba="1,0" hai="6,11,15,21,22,23,24,25,59,63,64,89,92,98" machi="23" ten="40,2000,0" yaku="8,1" doraHai="77" who="2" fromWho="1" sc="380,0,270,-23,288,23,62,0" /><INIT seed="2,2,0,1,5,28" ten="380,247,311,62" oya="2" hai0="43,9,76,64,17,82,54,120,48,69,83,121,106" hai1="95,53,46,96,114,97,59,20,112,73,27,14,72" hai2="111,78,85,133,129,123,92,86,12,41,103,117,80" hai3="44,29,77,119,18,36,11,66,13,57,60,22,42"/><V130/><F117/><W134/><G134/><T116/><D106/><U19/><E73/><V135/><F41/><W21/><G119/><T40/><D116/><U122/><E72/><V25/><F25/><W99/><G77/><T30/><D30/><U110/><E110/><V75/><F12/><W115/><G115/><T128/><D128/><N who="2" m="49258" /><F123/><W2/><G2/><T5/><D17/><U35/><E122/><V91/><F103/><W4/><G4/><T118/><D118/><U87/><E46/><V100/><F100/><W26/><REACH who="3" step="1"/><G99/><REACH who="3" ten="380,247,311,52" step="2"/><T70/><D76/><U56/><E112/><V132/><F111/><W89/><G89/><T90/><D90/><U104/><E114/><V105/><F105/><W108/><G108/><T23/><D5/><U102/><E97/><AGARI ba="2,1" hai="75,78,80,85,86,91,92,97,132,133,135" m="49258" machi="97" ten="40,12000,1" yaku="20,1,19,1,34,2" doraHai="28" who="2" fromWho="1" sc="380,0,247,-126,311,136,52,0" /><INIT seed="2,3,0,5,4,7" ten="380,121,447,52" oya="2" hai0="18,71,16,109,120,4,65,89,73,58,119,57,94" hai1="31,64,41,75,3,25,79,5,66,113,29,1,121" hai2="60,45,98,14,115,92,35,6,51,36,82,103,86" hai3="33,107,59,81,24,40,49,133,34,110,130,106,117"/><V104/><F115/><W93/><G117/><T69/><D120/><U62/><E113/><V132/><F132/><W8/><G133/><T28/><D73/><U100/><E121/><V83/><F35/><W61/><G130/><T135/><D135/><U97/><E41/><V13/><F36/><W38/><G110/><T77/><D77/><U96/><E25/><V53/><F104/><W101/><G38/><T85/><D28/><U99/><E62/><V43/><F6/><W30/><G34/><T134/><D134/><U126/><E5/><V55/><F82/><W17/><G81/><T37/><D37/><U114/><E79/><V22/><F22/><W68/><G68/><T39/><D39/><U112/><E100/><V123/><F123/><W74/><G74/><T128/><D128/><U122/><E75/><V20/><F20/><W108/><G108/><T54/><D109/><U116/><E122/><V56/><REACH who="2" step="1"/><F43/><REACH who="2" ten="380,121,437,52" step="2"/><W21/><G107/><T95/><D4/><U72/><E114/><V125/><F125/><W42/><G106/><T50/><D119/><U102/><E126/><V124/><F124/><W88/><G33/><T80/><D80/><U131/><E112/><V129/><F129/><W91/><G42/><T118/><D118/><U84/><E116/><V32/><F32/><W12/><G40/><T27/><D95/><U11/><E131/><V23/><F23/><W90/><G49/><T44/><D50/><U52/><E1/><V2/><F2/><W63/><G59/><T15/><D57/><U87/><E3/><V47/><F47/><W10/><G10/><RYUUKYOKU ba="3,1" sc="380,-15,121,-15,437,15,52,15" hai2="13,14,45,51,53,55,56,60,83,86,92,98,103" hai3="8,12,17,21,24,30,61,63,88,90,91,93,101" /><INIT seed="2,4,1,0,5,38" ten="365,106,452,67" oya="2" hai0="69,74,47,9,127,123,5,61,33,100,79,108,45" hai1="27,99,35,63,44,109,67,17,25,46,10,64,58" hai2="118,56,111,105,94,34,60,16,117,39,86,36,2" hai3="32,92,85,78,102,18,122,84,112,22,68,110,121"/><V97/><F2/><W132/><G68/><T48/><D123/><N who="3" m="47113" /><G22/><T80/><D108/><U114/><E114/><V89/><F34/><W24/><G18/><T13/><D127/><U126/><E126/><V19/><F111/><W128/><G24/><N who="1" m="9290" /><E109/><V42/><F39/><W3/><G3/><T26/><D100/><U87/><E99/><V55/><F105/><W52/><G52/><T93/><D93/><U129/><E87/><N who="3" m="33354" /><G32/><T103/><D103/><U40/><E129/><V0/><F0/><W51/><G51/><T70/><D61/><U98/><E98/><V15/><F97/><N who="3" m="59687" /><G110/><T62/><D62/><U50/><E35/><V88/><F19/><W107/><G128/><T95/><D47/><N who="1" m="25959" /><E67/><V90/><F89/><W20/><G20/><T12/><D12/><AGARI ba="4,1" hai="10,12,17,44,46,58,63,64" m="25959,9290" machi="12" ten="30,2000,0" yaku="8,1,52,1" doraHai="38" who="1" fromWho="0" sc="365,-32,106,42,452,0,67,0" /><INIT seed="3,0,0,4,3,65" ten="333,148,452,67" oya="3" hai0="38,62,96,11,29,107,52,16,87,51,121,83,28" hai1="125,86,81,57,63,111,1,53,80,64,30,110,3" hai2="55,91,22,61,10,85,26,34,19,21,31,117,2" hai3="94,129,100,49,4,35,72,92,97,101,76,71,131"/><W37/><G37/><T114/><D121/><U124/><E30/><V126/><F117/><W95/><G35/><T90/><D38/><U119/><E119/><V0/><F126/><N who="1" m="48745" /><E53/><V36/><F36/><W54/><G4/><T108/><D108/><N who="1" m="41515" /><E81/><V122/><F122/><W12/><G12/><T6/><D114/><U99/><E99/><V41/><F41/><W5/><G5/><T134/><D134/><U45/><E45/><V44/><F34/><W115/><G115/><T78/><D6/><U82/><E80/><V42/><F42/><W13/><G13/><N who="0" m="7231" /><D62/><U105/><E105/><V17/><F31/><N who="0" m="11850" /><D107/><U116/><E116/><V40/><F40/><W66/><G76/><AGARI ba="0,0" hai="1,3,57,63,64,76,82,86" m="41515,48745" machi="76" ten="30,2000,0" yaku="18,1,14,1" doraHai="65" who="1" fromWho="3" sc="333,0,148,20,452,0,67,-20" owari="333,13.3,168,-23.2,452,55.2,47,-45.3" /></mjloggm>