<mjloggm ver="2.3"><GO type="225" lobby="0"/><UN n0="%E6%81%A5%E6%99%92%E3%81%97" n1="%E3%81%A4%E3%81%A3%E3%81%B1%E3%82%8A%E3%83%9D%E3%83%BC%E3%83%AB" n2="%E3%83%B4%E3%82%A3%E3%83%AF%E3%82%B3%E3%82%B0%E3%83%8B" n3="%E3%81%8B%E3%82%8F%E3%81%A1%E3%82%83%E3%82%93%35%38" dan="17,17,17,16" rate="2153.67,2154.87,2235.68,2185.59" sx="M,M,M,M"/><TAIKYOKU oya="0"/><INIT seed="0,0,0,2,5,107" ten="250,250,250,250" oya="0" hai0="81,120,127,79,85,50,130,14,45,31,52,103,20" hai1="97,24,66,26,53,3,129,115,108,78,9,27,72" hai2="102,48,65,69,91,109,118,2,77,105,13,47,1" hai3="46,61,34,94,12,38,57,39,70,90,33,41,11"/><T51/><D120/><U128/><E108/><V29/><F109/><W28/><G70/><T123/><D123/><U126/><E126/><V49/><F118/><W87/><G39/><T23/><D130/><N who="1" m="50283" /><E115/><V67/><F29/><W124/><G28/><T55/><D127/><U114/><E114/><V131/><F131/><W6/><REACH who="3" step="1"/><G124/><REACH who="3" ten="250,250,250,240" step="2"/><T92/><D31/><U88/><E66/><AGARI ba="0,1" hai="6,11,12,33,34,38,41,46,57,61,66,87,90,94" machi="66" ten="30,7700,0" yaku="1,1,2,1,7,1,53,1" doraHai="107" doraHaiUra="68" who="3" fromWho="1" sc="250,0,250,-77,250,0,240,87" /><INIT seed="1,0,0,1,4,11" ten="250,173,250,327" oya="1" hai0="44,0,85,48,12,64,109,90,95,9,8,128,55" hai1="45,20,16,27,39,29,124,63,33,101,24,40,19" hai2="26,59,92,132,133,80,70,130,98,21,122,74,121" hai3="15,84,93,100,31,60,54,43,49,123,32,104,41"/><U65/><E124/><V69/><F130/><W82/><G104/><T57/><D109/><U6/><E6/><V25/><F59/><W37/><G37/><T117/><D117/><U105/><E24/><V5/><F5/><W42/><G123/><N who="2" m="47113" /><F80/><W125/><G125/><T46/><D128/><U58/><REACH who="1" step="1"/><E33/><REACH who="1" ten="250,163,250,327" step="2"/><V3/><F25/><W52/><G32/><T76/><D0/><U134/><E134/><N who="2" m="51819" /><F3/><W97/><G31/><T13/><D76/><U79/><E79/><V103/><F74/><W67/><G15/><N who="0" m="5707" /><D64/><U61/><E61/><V120/><N who="2" m="47121" /><V30/><AGARI ba="0,1" hai="21,26,30,69,70,92,98,103" m="51819,47121" machi="30" ten="50,3200,0" yaku="4,1,20,1" doraHai="11" who="2" fromWho="2" sc="250,-8,163,-16,250,42,327,-8" /><INIT seed="2,0,0,2,0,7" ten="242,147,292,319" oya="2" hai0="25,39,3,46,127,115,88,126,85,112,100,30,84" hai1="42,14,129,15,91,94,90,64,105,17,96,104,83" hai2="11,1,66,0,51,95,70,9,41,134,44,57,5" hai3="55,132,50,24,92,45,122,69,29,58,86,102,98"/><V128/><F134/><W18/><G122/><T32/><D85/><U65/><E129/><V40/><F128/><W110/><G69/><T117/><D117/><U87/><E42/><V63/><F95/><W89/><G110/><T124/><D100/><U78/><E15/><V6/><F70/><W59/><G18/><T121/><D121/><U33/><E33/><V75/><F75/><W79/><G79/><T21/><D3/><U81/><E105/><V23/><F23/><W120/><G120/><T80/><REACH who="0" step="1"/><D32/><REACH who="0" ten="232,147,292,319" step="2"/><U99/><E104/><V43/><AGARI ba="0,1" hai="0,1,5,6,9,11,40,41,43,44,51,57,63,66" machi="43" ten="20,12000,1" yaku="0,1,7,1,9,1,52,2" doraHai="7" who="2" fromWho="2" sc="232,-40,147,-40,292,130,319,-40" /><INIT seed="2,1,0,5,2,10" ten="192,107,422,279" oya="2" hai0="70,130,108,128,122,75,135,64,4,0,71,78,27" hai1="112,115,121,41,120,126,124,49,113,59,91,123,31" hai2="63,127,22,44,109,77,117,58,40,9,102,42,20" hai3="35,74,6,65,133,94,87,90,73,18,48,15,3"/><V132/><F127/><N who="1" m="48681" /><E31/><V101/><F117/><W111/><G35/><T1/><D122/><N who="1" m="31235" /><U38/><DORA hai="16" /><E91/><V100/><F109/><W51/><G111/><T134/><D108/><U50/><E59/><V57/><F132/><N who="0" m="50730" /><D27/><U114/><N who="1" m="28672" /><DORA hai="55" /><U12/><E12/><V86/><F9/><W76/><G133/><T62/><D71/><U54/><E54/><V2/><F57/><W37/><G65/><T129/><D4/><U106/><E106/><V107/><F107/><W68/><G15/><T28/><D28/><U72/><E72/><V30/><F30/><W23/><G90/><T85/><D75/><U96/><E96/><V36/><F86/><W29/><G87/><T24/><D24/><U53/><E53/><V69/><F58/><W80/><G74/><T79/><D85/><U17/><E17/><V45/><F101/><W105/><G73/><T89/><D89/><U93/><E93/><V125/><F125/><W95/><G95/><T19/><D19/><U99/><E99/><V14/><F14/><W104/><G94/><T92/><D92/><U26/><E26/><V98/><F102/><W82/><G105/><T116/><D116/><U81/><E81/><V61/><F100/><W103/><G104/><T33/><D0/><U131/><E131/><V84/><F2/><W32/><G80/><T43/><D1/><U83/><E83/><V21/><F84/><W34/><G82/><T110/><D110/><U52/><E52/><V66/><F98/><W88/><G3/><T46/><D128/><U118/><E118/><V13/><F13/><W7/><G88/><RYUUKYOKU ba="1,0" sc="192,-10,107,30,422,-10,279,-10" hai1="38,41,49,50" /><INIT seed="3,2,0,3,3,99" ten="182,137,412,269" oya="3" hai0="48,75,86,26,100,126,133,128,82,113,110,116,127" hai1="106,134,36,108,117,60,67,51,62,87,59,30,11" hai2="88,42,98,53,46,89,64,90,6,107,84,34,32" hai3="5,40,83,81,24,65,131,77,31,74,23,135,79"/><W13/><G131/><T85/><D116/><U119/><E106/><V20/><F64/><W122/><G122/><T41/><D128/><U101/><E30/><V56/><F6/><W124/><G124/><N who="0" m="47659" /><D110/><U28/><E28/><V96/><F84/><W70/><G135/><T114/><D133/><U22/><E134/><V72/><F72/><W102/><G40/><T68/><D68/><U29/><E36/><V3/><F3/><W109/><G109/><T35/><D75/><U63/><E11/><V123/><F123/><W71/><G65/><T49/><D86/><U61/><E108/><V0/><F0/><W57/><G57/><T38/><D38/><U18/><E29/><V92/><F107/><W37/><G37/><T111/><D111/><U130/><E130/><V125/><F125/><W47/><G47/><N who="0" m="25711" /><D49/><U21/><E87/><V112/><F112/><W120/><G120/><T73/><D73/><U121/><E121/><V12/><F42/><W2/><G71/><T27/><D35/><U1/><E1/><V54/><F46/><W19/><G70/><T93/><D113/><U91/><E91/><V17/><F53/><W58/><G77/><T10/><D10/><U16/><E51/><V115/><F115/><W14/><G79/><T33/><D33/><U66/><E101/><V44/><F44/><W118/><G74/><T9/><D114/><U95/><E95/><V45/><F45/><W105/><G118/><N who="1" m="45066" /><E67/><V39/><F56/><W80/><G58/><T76/><D9/><U50/><E50/><V15/><F39/><W7/><G105/><T97/><AGARI ba="2,0" hai="26,27,76,82,85,93,97,100" m="25711,47659" machi="97" ten="30,4000,0" yaku="5,1,18,1,52,1" doraHai="99" who="0" fromWho="0" sc="182,46,137,-12,412,-12,269,-22" owari="228,-17.2,125,-37.5,400,50.0,247,4.7" /></mjloggm>