<mjloggm ver="2.3"><GO type="225" lobby="0"/><UN n0="%E5%B8%86%E7%AB%8B%E5%A4%8F%E8%A1%A3" n1="%E7%9A%AE%E3%80%85" n2="%E6%98%93%E5%88%A9%E8%96%A9%E4%BC%AF" n3="%E3%81%95%E3%81%8D%E3%81%9F%E3%81%BE%E6%9E%97%E6%AA%8E" dan="17,16,16,16" rate="2248.77,2183.25,2113.93,2137.35" sx="M,F,F,M"/><TAIKYOKU oya="0"/><INIT seed="0,0,0,0,2,67" ten="250,250,250,250" oya="0" hai0="48,10,114,36,100,13,31,84,107,123,49,119,15" hai1="64,66,56,39,116,26,69,99,125,65,17,103,24" hai2="62,60,63,7,5,110,30,105,58,77,132,72,29" hai3="109,74,130,104,43,51,82,115,44,46,95,85,86"/><T57/><D114/><U18/><E116/><V122/><F105/><W97/><G115/><T94/><D36/><U79/><E39/><V76/><F122/><W81/><G109/><T133/><D119/><U34/><E125/><V126/><F72/><W40/><G104/><T53/><D123/><U21/><E79/><N who="2" m="30283" /><F110/><W87/><G74/><T12/><D133/><U108/><E108/><V128/><F126/><W9/><G130/><T73/><D73/><U37/><E37/><V59/><F128/><W2/><G2/><T23/><D107/><U134/><E56/><N who="2" m="21547" /><F132/><W14/><G46/><T1/><D1/><U8/><E134/><V93/><F93/><W96/><G43/><T124/><D124/><U3/><E3/><V27/><F27/><W0/><G0/><T113/><D113/><U33/><E8/><V121/><F121/><W118/><G118/><T101/><D49/><U55/><E55/><V127/><F127/><W11/><G97/><T70/><D70/><U47/><E47/><V80/><F80/><N who="3" m="30827" /><G14/><T41/><D41/><U16/><E69/><V50/><F50/><W61/><G61/><T102/><D10/><U135/><E135/><V32/><F32/><W38/><G38/><T120/><D120/><U28/><REACH who="1" step="1"/><E33/><REACH who="1" ten="250,240,250,250" step="2"/><V131/><F131/><W106/><G106/><AGARI ba="0,1" hai="16,17,18,21,24,26,28,34,64,65,66,99,103,106" machi="106" ten="40,5200,0" yaku="1,1,2,1,54,1,53,0" doraHai="67" doraHaiUra="42" who="1" fromWho="3" sc="250,0,240,62,250,0,250,-52" /><INIT seed="1,0,0,0,5,106" ten="250,302,250,198" oya="1" hai0="25,80,90,38,120,104,19,102,85,63,73,119,54" hai1="76,16,46,108,78,70,42,48,12,122,30,133,99" hai2="79,97,15,41,110,28,23,4,75,77,91,17,121" hai3="124,100,98,14,114,112,39,7,26,27,6,115,33"/><U94/><E122/><V37/><F121/><W113/><N who="3" m="28672" /><DORA hai="59" /><W83/><G39/><T82/><D120/><U64/><E133/><V96/><F110/><W128/><G128/><T65/><D119/><U20/><E108/><V55/><F4/><N who="3" m="1579" /><G83/><T132/><D132/><U117/><E117/><V107/><F28/><N who="3" m="19607" /><G98/><T125/><D38/><U67/><E30/><V69/><F69/><W1/><G100/><T53/><D102/><N who="1" m="60791" /><E70/><V71/><F71/><W2/><G124/><T8/><D104/><U123/><E123/><V66/><F66/><AGARI ba="0,0" hai="12,16,20,42,46,48,64,66,67,76,78" m="60791" machi="66" ten="30,2900,0" yaku="8,1,54,1" doraHai="106,59" who="1" fromWho="2" sc="250,0,302,29,250,-29,198,0" /><INIT seed="1,1,0,1,4,7" ten="250,331,221,198" oya="1" hai0="59,78,55,82,75,104,133,5,73,9,63,52,56" hai1="6,8,49,94,77,132,109,123,21,65,67,18,121" hai2="100,127,96,92,22,114,113,30,131,15,84,35,0" hai3="24,20,40,16,14,87,118,47,102,50,125,117,91"/><U32/><E32/><V11/><F131/><W72/><G125/><T25/><D133/><U105/><E105/><V12/><F127/><W115/><G72/><T43/><D104/><U122/><E132/><V124/><F124/><W58/><G102/><T111/><D111/><U42/><E77/><V112/><F35/><W108/><G108/><T17/><D43/><U66/><E109/><V4/><REACH who="2" step="1"/><F84/><REACH who="2" ten="250,331,211,198" step="2"/><W71/><G115/><T110/><D110/><U106/><E122/><V79/><F79/><W69/><G58/><T31/><D75/><U27/><E121/><V120/><F120/><W34/><G71/><T107/><D73/><U39/><E123/><V93/><F93/><W51/><G69/><T116/><D78/><U88/><E106/><V81/><F81/><W13/><G34/><T57/><D82/><U99/><E39/><V97/><F97/><W23/><G117/><T10/><D116/><U80/><E80/><V29/><F29/><N who="3" m="17543" /><G118/><T83/><D83/><U33/><E33/><V86/><F86/><W90/><G87/><T45/><D107/><U70/><E70/><V53/><F53/><N who="3" m="29919" /><G91/><T74/><D74/><U119/><E119/><V134/><F134/><W64/><G90/><T61/><D57/><U98/><E98/><V19/><F19/><W126/><G126/><T62/><D31/><U37/><E37/><V68/><F68/><W48/><G64/><T41/><D62/><U95/><E95/><V36/><F36/><W1/><G16/><T2/><D41/><U85/><E42/><V54/><F54/><W28/><G40/><T89/><D61/><RYUUKYOKU ba="1,1" sc="250,-10,331,-10,211,30,198,-10" hai2="0,4,11,12,15,22,30,92,96,100,112,113,114" /><INIT seed="2,2,1,2,0,6" ten="240,321,241,188" oya="2" hai0="132,129,12,101,55,106,109,68,79,80,1,110,92" hai1="85,134,42,39,86,78,67,125,57,102,30,82,14" hai2="93,111,131,99,108,76,124,61,60,105,128,0,91" hai3="107,18,112,97,119,51,44,81,48,21,16,59,115"/><V87/><F0/><W63/><G119/><T38/><D1/><U47/><E134/><V4/><F4/><W22/><G81/><T75/><D68/><U26/><E125/><V83/><F124/><W96/><G107/><T114/><D38/><U66/><E102/><N who="2" m="62687" /><F61/><W10/><G63/><T34/><D34/><U46/><E46/><V74/><F60/><W35/><G35/><T135/><D12/><U31/><E31/><V98/><F98/><N who="3" m="37995" /><G59/><T77/><D55/><U62/><E14/><V15/><F15/><N who="3" m="7287" /><G51/><T116/><D106/><U65/><E86/><V11/><F11/><W45/><G44/><T130/><D101/><U95/><E95/><V28/><F28/><W41/><G18/><T69/><D92/><U23/><AGARI ba="2,1" hai="23,26,30,39,42,47,57,62,65,66,67,78,82,85" machi="23" ten="20,1500,0" yaku="0,1,7,1" doraHai="6" who="1" fromWho="1" sc="240,-6,321,31,241,-9,188,-6" /><INIT seed="3,0,0,2,2,118" ten="234,352,232,182" oya="3" hai0="28,125,86,0,95,27,122,4,29,57,11,108,74" hai1="49,69,34,22,46,134,36,35,30,10,51,82,5" hai2="133,48,117,67,131,107,100,105,64,33,126,99,65" hai3="110,52,8,124,13,120,127,72,73,23,54,40,14"/><W114/><G114/><T83/><D122/><U81/><E69/><V21/><F33/><W47/><G23/><T68/><D108/><U84/><E36/><V24/><F117/><W109/><G40/><T66/><D125/><N who="3" m="48201" /><G120/><T111/><D111/><N who="3" m="42505" /><G47/><T60/><D74/><N who="3" m="28777" /><G8/><T44/><D95/><U70/><E46/><V17/><F126/><W90/><G90/><T61/><D44/><U50/><E10/><V106/><F131/><W19/><G19/><T104/><D27/><U76/><E22/><V75/><F75/><W15/><AGARI ba="0,0" hai="13,14,15,52,54" m="28777,42505,48201" machi="15" ten="40,18000,2" yaku="28,2,18,1,14,1,10,1,54,1" doraHai="118" who="3" fromWho="3" sc="234,-60,352,-60,232,-60,182,180" owari="174,-22.6,292,9.2,172,-32.8,362,46.2" /></mjloggm>