<mjloggm ver="2.3"><GO type="225" lobby="0"/><UN n0="%E6%B8%A9%E2%98%85%E6%83%85%E2%98%85%E6%8E%AA%E2%98%85%E7%BD%AE" n1="%E3%81%B2%E3%81%AA%E3%81%AE%E3%82%8A%E3%81%8F" n2="%E3%83%A9%E3%82%A4%E3%83%B3%E3%81%AE%E8%99%8E" n3="%E3%83%81%E3%83%83%E3%82%BF%E3%82%BD%E3%83%BC" dan="17,16,16,16" rate="2169.96,2079.04,2136.95,2124.15" sx="M,M,M,F"/><TAIKYOKU oya="0"/><INIT seed="0,0,0,5,1,49" ten="250,250,250,250" oya="0" hai0="31,64,119,114,40,35,77,75,52,57,62,55,81" hai1="127,82,78,7,42,101,12,21,27,87,132,104,56" hai2="14,33,22,39,89,85,38,23,19,91,8,20,106" hai3="102,97,126,1,73,17,25,11,9,30,90,16,65"/><T94/><D114/><U29/><E132/><V115/><F115/><W103/><G126/><T84/><D119/><U112/><E112/><V61/><F33/><W10/><G73/><T88/><REACH who="0" step="1"/><D40/><REACH who="0" ten="240,250,250,250" step="2"/><U93/><E42/><V110/><F110/><W43/><G43/><T18/><D18/><U37/><E127/><V48/><F19/><N who="3" m="7243" /><G1/><T133/><D133/><U13/><E7/><V86/><F14/><W129/><G129/><T70/><D70/><U15/><E15/><V105/><F8/><W67/><G9/><T128/><D128/><U125/><E125/><V134/><F134/><W71/><G71/><T96/><D96/><U60/><E13/><V118/><F118/><W44/><G10/><T109/><D109/><U117/><E12/><V45/><F39/><W2/><G11/><T108/><D108/><U28/><E117/><V47/><F38/><W66/><G2/><T111/><D111/><U107/><E37/><V32/><F32/><W79/><G30/><T76/><D76/><U46/><E29/><V69/><F69/><W92/><G79/><T63/><D63/><U95/><E28/><V100/><F23/><W0/><G0/><T26/><AGARI ba="0,1" hai="26,31,35,52,55,57,62,64,75,77,81,84,88,94" machi="26" ten="30,18000,2" yaku="1,1,0,1,52,2,54,2,53,0" doraHai="49" doraHaiUra="121" who="0" fromWho="0" sc="240,190,250,-60,250,-60,250,-60" /><INIT seed="0,1,0,0,0,130" ten="430,190,190,190" oya="0" hai0="128,116,37,111,73,72,63,70,110,79,114,124,16" hai1="49,28,18,125,68,5,97,100,35,93,22,59,40" hai2="57,112,19,131,6,14,90,9,54,4,76,55,36" hai3="23,43,80,133,95,107,91,38,89,15,62,71,64"/><T84/><D114/><U99/><E68/><V33/><F131/><W94/><G107/><T24/><D128/><U83/><E125/><V77/><F36/><W122/><G122/><T88/><D37/><U44/><E5/><N who="2" m="2155" /><F33/><W7/><G80/><N who="0" m="49159" /><D79/><N who="2" m="30282" /><F112/><W52/><G43/><T66/><D116/><U56/><E83/><V42/><F42/><W117/><G38/><T10/><D124/><U51/><E51/><N who="2" m="30943" /><F90/><W31/><G117/><T75/><D75/><U20/><E35/><V104/><F104/><W102/><G102/><T29/><D29/><U113/><E113/><V108/><F108/><N who="0" m="41514" /><D24/><N who="1" m="16407" /><E99/><V69/><F69/><W12/><G7/><T101/><D101/><U47/><E47/><V65/><F55/><W30/><G71/><T115/><D115/><U26/><AGARI ba="1,0" hai="18,20,26,40,44,49,56,59,93,97,100" m="16407" machi="26" ten="30,1100,0" yaku="8,1" doraHai="130" who="1" fromWho="1" sc="430,-6,190,14,190,-4,190,-4" /><INIT seed="1,0,0,5,1,81" ten="424,204,186,186" oya="1" hai0="1,18,116,44,120,86,57,75,70,28,95,26,15" hai1="89,84,82,124,4,87,33,12,112,68,30,51,38" hai2="125,83,3,2,91,113,128,31,117,32,101,34,56" hai3="20,5,60,59,23,14,11,104,130,58,92,77,19"/><U27/><E38/><V88/><F117/><W0/><G104/><T52/><D70/><U98/><E112/><V105/><F113/><W72/><G130/><T93/><D75/><U25/><E68/><V63/><F128/><W55/><G77/><T53/><D1/><U76/><E124/><V13/><F125/><W133/><G72/><T132/><D116/><U6/><E98/><V8/><F105/><W94/><G133/><T79/><D44/><U74/><E74/><V129/><F101/><W37/><G37/><T73/><D53/><U39/><E39/><V16/><F129/><W41/><G41/><T35/><D73/><U100/><E100/><V118/><F118/><W135/><G135/><T45/><D45/><U29/><E12/><V54/><F91/><W69/><G69/><T47/><D47/><U80/><REACH who="1" step="1"/><E51/><REACH who="1" ten="424,194,186,186" step="2"/><V9/><F2/><W103/><G103/><T126/><D15/><U110/><E110/><V50/><F50/><W67/><G0/><T127/><D127/><U115/><E115/><V62/><F62/><W71/><G71/><T10/><D126/><U121/><E121/><V107/><F107/><W36/><G36/><T17/><D120/><U102/><E102/><V40/><F3/><W61/><G5/><T48/><D132/><U66/><E66/><V123/><F13/><W7/><G7/><T97/><D97/><U42/><E42/><V99/><F40/><W49/><G49/><T122/><D122/><U24/><E24/><N who="2" m="18535" /><F123/><W114/><G114/><T22/><D26/><U119/><E119/><V43/><F43/><W85/><G67/><RYUUKYOKU ba="0,1" sc="424,-10,194,30,186,-10,186,-10" hai1="4,6,25,27,29,30,33,76,80,82,84,87,89" /><INIT seed="1,1,1,3,0,105" ten="414,224,176,176" oya="1" hai0="67,74,56,108,14,77,112,11,15,128,102,53,17" hai1="82,32,19,39,43,46,41,54,63,66,85,62,96" hai2="129,48,9,35,29,134,71,119,70,107,47,113,132" hai3="68,118,109,115,49,69,78,5,106,57,131,26,16"/><U12/><E32/><V45/><F107/><W72/><G115/><T31/><D112/><U33/><E33/><V6/><F113/><W23/><G118/><T103/><D108/><U114/><E114/><V37/><F119/><W30/><G109/><T34/><D128/><U10/><E43/><N who="2" m="22767" /><F129/><W80/><G106/><T104/><D104/><U123/><E123/><V100/><F100/><W92/><G131/><T60/><D77/><U20/><E96/><V81/><F81/><W86/><G5/><T59/><D74/><U18/><E54/><N who="2" m="29983" /><F29/><W110/><G110/><T3/><D3/><U87/><E87/><V120/><F35/><W133/><G133/><N who="2" m="51305" /><F120/><W89/><REACH who="3" step="1"/><G30/><REACH who="3" ten="414,224,176,166" step="2"/><T8/><D31/><U58/><E19/><V24/><F24/><W75/><G75/><T79/><D34/><U50/><E18/><V97/><F97/><W98/><G98/><T22/><D17/><U61/><E85/><V27/><F27/><W130/><G130/><T7/><D7/><U1/><E1/><AGARI ba="1,2" hai="1,6,9,70,71" m="51305,29983,22767" machi="1" ten="30,1000,0" yaku="20,1" doraHai="105" who="2" fromWho="1" sc="414,0,224,-13,176,33,166,0" /><INIT seed="2,0,0,0,2,95" ten="414,211,209,166" oya="2" hai0="126,65,33,40,97,102,24,26,38,23,115,116,10" hai1="47,131,25,53,29,57,87,17,122,39,22,2,80" hai2="37,59,104,85,1,101,110,45,72,112,71,21,118" hai3="86,106,92,44,75,120,124,84,133,109,130,98,119"/><V62/><F72/><W55/><G119/><T66/><D115/><U105/><E2/><V99/><F112/><W31/><G120/><T132/><D116/><U91/><E122/><V34/><F118/><W74/><G31/><T46/><D132/><U27/><E131/><V52/><F34/><W83/><G55/><T50/><D126/><U89/><E105/><V18/><F1/><W96/><G44/><T68/><D68/><U123/><E123/><V51/><F85/><W5/><G5/><T78/><D78/><U19/><E39/><V111/><F71/><W56/><G56/><T108/><D108/><N who="2" m="41514" /><F37/><W42/><G42/><T100/><D100/><U103/><E103/><V81/><F81/><W6/><G6/><T30/><D10/><U4/><E4/><V129/><F129/><W43/><G43/><T121/><D38/><U36/><E36/><V48/><F45/><W79/><G109/><T16/><D121/><U32/><E47/><V13/><AGARI ba="0,0" hai="13,18,21,48,51,52,59,62,99,101,104" m="41514" machi="13" ten="30,11700,0" yaku="14,1,10,1,52,1,54,1" doraHai="95" who="2" fromWho="2" sc="414,-39,211,-39,209,117,166,-39" /><INIT seed="2,1,0,0,5,125" ten="375,172,326,127" oya="2" hai0="82,73,75,15,1,20,90,116,3,0,98,134,127" hai1="71,62,107,64,44,72,96,91,29,87,35,118,88" hai2="34,130,37,113,13,58,100,79,109,112,101,33,16" hai3="32,46,83,14,52,111,30,18,48,63,81,38,129"/><V28/><F37/><W27/><G111/><T119/><D127/><U105/><E72/><V93/><F79/><W26/><G129/><T77/><D134/><U115/><E115/><V122/><F122/><W95/><G38/><T123/><D123/><U126/><E118/><N who="0" m="45097" /><D75/><U114/><E114/><V61/><F109/><W56/><G26/><T78/><D78/><U10/><E126/><V31/><F113/><W104/><G95/><N who="0" m="56695" /><D15/><U4/><E44/><V135/><F135/><W25/><G25/><T74/><D74/><U5/><E5/><V76/><F76/><W86/><G86/><T21/><AGARI ba="1,0" hai="0,1,3,20,21,73,77,82" m="56695,45097" machi="21" ten="40,1500,0" yaku="12,1" doraHai="125" who="0" fromWho="0" sc="375,18,172,-5,326,-8,127,-5" /><INIT seed="3,0,0,5,5,28" ten="393,167,318,122" oya="3" hai0="110,65,31,48,61,97,70,115,15,25,34,51,72" hai1="7,133,73,77,55,104,105,23,66,5,13,81,128" hai2="113,123,21,19,126,106,85,134,26,54,84,32,35" hai3="1,46,11,50,30,135,78,94,38,41,118,88,67"/><W87/><G135/><T92/><D110/><U122/><E122/><V57/><F106/><W127/><G127/><T71/><D72/><U47/><E66/><V112/><F84/><W124/><G124/><T62/><D115/><N who="2" m="44106" /><F85/><W95/><G118/><T119/><D119/><U3/><E3/><V20/><F54/><W107/><G107/><T117/><D117/><U56/><E128/><V43/><F57/><W24/><G67/><T83/><D62/><U116/><E116/><V59/><F59/><W121/><G121/><T86/><D15/><U120/><E120/><V4/><F43/><W58/><G78/><T22/><D22/><U93/><E7/><V91/><F91/><W129/><G129/><T40/><D40/><U114/><E114/><V2/><F123/><W0/><G11/><T132/><D132/><U99/><E47/><V64/><F64/><W131/><G131/><T60/><D60/><U111/><E111/><V14/><F126/><W80/><G0/><T76/><D71/><U49/><E133/><V82/><F82/><W37/><G1/><T90/><AGARI ba="0,0" hai="25,31,34,48,51,61,65,70,76,83,86,90,92,97" machi="90" ten="20,2700,0" yaku="0,1,7,1,52,1" doraHai="28" who="0" fromWho="0" sc="393,27,167,-7,318,-7,122,-13" owari="420,52.0,160,-24.0,311,11.1,109,-39.1" /></mjloggm>