<mjloggm ver="2.3"><GO type="225" lobby="0"/><UN n0="%E7%89%87%E5%B9%B3%E5%89%9B" n1="%E6%81%A5%E6%99%92%E3%81%97" n2="%E3%81%90%E3%81%A1%E3%82%84%E3%81%BE" n3="%E3%82%B3%E3%83%90%E3%83%AC%E3%82%A4" dan="17,16,16,16" rate="2161.10,2139.75,2143.01,2169.48" sx="M,M,M,M"/><TAIKYOKU oya="0"/><INIT seed="0,0,0,3,2,15" ten="250,250,250,250" oya="0" hai0="52,5,20,135,48,115,80,40,92,42,28,93,124" hai1="63,2,123,72,103,82,69,89,100,45,99,113,31" hai2="77,49,127,35,106,27,37,112,132,96,34,53,71" hai3="17,10,85,11,104,56,39,95,36,51,58,97,44"/><T68/><D115/><U105/><E123/><V88/><F112/><W119/><G104/><T38/><D124/><U91/><E113/><V65/><F37/><W86/><G39/><T43/><D38/><U125/><E125/><V111/><F127/><W19/><G36/><T126/><D126/><U30/><E2/><V18/><F111/><W7/><G119/><T64/><D5/><U29/><E103/><V1/><F1/><W102/><G56/><T3/><D3/><U9/><E45/><V32/><F77/><W50/><G50/><T47/><D135/><U4/><E4/><V116/><F132/><W83/><G58/><T87/><D64/><U14/><E82/><V13/><F116/><W62/><G62/><T75/><D75/><U59/><E69/><V22/><F106/><W130/><G86/><T131/><D131/><U25/><E72/><V54/><F13/><N who="3" m="5343" /><G11/><T21/><D68/><U6/><REACH who="1" step="1"/><E25/><REACH who="1" ten="250,240,250,250" step="2"/><V67/><F71/><W128/><G130/><T26/><REACH who="0" step="1"/><D21/><REACH who="0" ten="240,240,250,250" step="2"/><U60/><E60/><V74/><F74/><W121/><G128/><T8/><D8/><U117/><E117/><V73/><F73/><W120/><G121/><T98/><D98/><U94/><E94/><N who="2" m="56391" /><F35/><W108/><G120/><T76/><AGARI ba="0,2" hai="20,26,28,40,42,43,47,48,52,76,80,87,92,93" machi="76" ten="30,12000,1" yaku="1,1,0,1,8,1,54,1,53,1" doraHai="15" doraHaiUra="46" who="0" fromWho="0" sc="240,140,240,-40,250,-40,250,-40" /><INIT seed="0,1,0,1,0,30" ten="380,200,210,210" oya="0" hai0="62,29,121,51,15,64,46,41,124,50,120,72,108" hai1="123,71,130,103,28,21,5,2,1,38,9,24,117" hai2="22,129,75,84,76,127,86,13,39,65,118,109,80" hai3="99,133,95,42,58,82,126,89,69,49,100,25,47"/><T66/><D72/><U48/><E38/><V97/><F39/><W44/><G69/><T23/><D124/><U26/><E71/><V107/><F127/><W35/><G126/><T67/><D62/><U43/><E117/><V110/><F65/><W16/><G133/><T18/><D108/><N who="2" m="41578" /><F22/><W83/><G47/><T12/><D29/><U93/><E130/><V0/><F13/><W52/><G100/><T7/><REACH who="0" step="1"/><D51/><REACH who="0" ten="370,200,210,210" step="2"/><U81/><E48/><V131/><F118/><W74/><G74/><T98/><D98/><U79/><E28/><V111/><F111/><W90/><G35/><T53/><D53/><U119/><E119/><V59/><F131/><W11/><G42/><T60/><D60/><U105/><E43/><V115/><F129/><W87/><G44/><T116/><D116/><U128/><E128/><V54/><F97/><W102/><G99/><T37/><D37/><U70/><E70/><V104/><F54/><W3/><G49/><T56/><D56/><U33/><E105/><V96/><F59/><W36/><G36/><T113/><D113/><U77/><E1/><V94/><F0/><W34/><G3/><T32/><D32/><U4/><E2/><V122/><F115/><W106/><G34/><T92/><D92/><U45/><E93/><V85/><F122/><W61/><G106/><T6/><D6/><U31/><E5/><V125/><F125/><W134/><G95/><T57/><D57/><U27/><E33/><V112/><F112/><W101/><G61/><T10/><AGARI ba="1,1" hai="7,10,12,15,18,23,41,46,50,64,66,67,120,121" machi="10" ten="30,3000,0" yaku="1,1,0,1,53,0" doraHai="30" doraHaiUra="20" who="0" fromWho="0" sc="370,43,200,-11,210,-11,210,-11" /><INIT seed="0,2,0,2,2,27" ten="413,189,199,199" oya="0" hai0="87,18,66,101,60,123,100,10,102,14,74,103,106" hai1="9,129,46,13,86,52,43,98,58,110,40,20,99" hai2="59,133,64,1,97,53,81,76,72,38,79,71,109" hai3="28,128,119,92,70,19,35,80,75,118,104,88,96"/><T116/><D74/><U94/><E110/><V47/><F1/><W130/><G70/><T90/><D123/><U117/><E129/><V134/><F109/><W15/><G35/><T29/><D116/><N who="3" m="44585" /><G15/><T122/><D122/><U45/><E117/><V24/><F79/><N who="3" m="44159" /><G19/><T16/><N who="0" m="25600" /><DORA hai="61" /><T63/><D29/><U67/><E86/><V89/><F24/><W54/><G54/><T25/><D106/><U107/><E94/><V127/><F47/><N who="1" m="17929" /><E107/><V8/><F8/><W32/><G28/><T78/><D78/><U21/><E43/><V93/><F38/><W121/><G32/><T105/><D105/><U50/><E40/><V48/><REACH who="2" step="1"/><F127/><REACH who="2" ten="413,189,189,199" step="2"/><W131/><G104/><T125/><D125/><U65/><E21/><V91/><F91/><W83/><G121/><T56/><D25/><U120/><E20/><V4/><F4/><W3/><G3/><T17/><D63/><AGARI ba="2,1" hai="48,53,59,63,64,71,72,76,81,89,93,97,133,134" machi="63" ten="40,5200,0" yaku="1,1,52,1,53,1" doraHai="27,61" doraHaiUra="49,42" who="2" fromWho="0" sc="413,-58,189,0,189,68,199,0" /><INIT seed="1,0,0,3,2,128" ten="355,189,257,199" oya="1" hai0="52,82,16,37,58,90,21,78,135,0,66,53,88" hai1="96,29,26,117,98,132,134,20,25,15,59,86,33" hai2="12,126,47,2,104,17,106,51,46,38,125,48,7" hai3="49,120,4,39,87,23,13,129,112,133,10,80,73"/><U93/><E117/><V130/><F130/><W40/><G39/><T89/><D135/><N who="1" m="51755" /><E15/><V114/><F114/><W22/><G133/><T94/><D37/><U84/><E59/><V111/><F111/><W42/><G129/><T63/><D0/><U85/><E93/><V121/><F121/><W115/><G120/><T102/><D102/><U9/><E9/><V116/><F116/><W19/><G23/><T65/><D65/><U60/><E60/><V36/><F2/><W30/><G30/><AGARI ba="0,0" hai="20,25,26,29,30,33,84,85,86,96,98" m="51755" machi="30" ten="30,11600,0" yaku="20,1,52,3" doraHai="128" who="1" fromWho="3" sc="355,0,189,116,257,0,199,-116" /><INIT seed="1,1,0,4,1,10" ten="355,305,257,83" oya="1" hai0="45,27,7,14,104,38,67,122,86,75,106,56,89" hai1="39,133,132,42,16,84,34,128,110,57,71,125,123" hai2="116,41,131,121,87,8,32,113,97,134,46,31,127" hai3="13,93,4,95,62,101,21,28,96,102,120,40,83"/><U115/><RYUUKYOKU type="yao9" ba="1,0" sc="355,0,305,0,257,0,83,0" hai1="16,34,39,42,57,71,84,110,115,123,125,128,132,133" /><INIT seed="1,2,0,0,5,28" ten="355,305,257,83" oya="1" hai0="58,33,6,92,91,35,101,42,30,34,69,98,81" hai1="95,23,22,128,118,43,113,88,50,105,79,70,55" hai2="27,80,29,127,12,57,64,135,2,83,111,75,72" hai3="45,24,38,18,51,76,116,49,63,62,93,71,84"/><U8/><E113/><V68/><F2/><W60/><G116/><T9/><D69/><U14/><E105/><V59/><F111/><W85/><G71/><T19/><D42/><U131/><E118/><V103/><F135/><W47/><G38/><T115/><D115/><U46/><E70/><V107/><F127/><W20/><G76/><T17/><D30/><U120/><E120/><V100/><F29/><W73/><G73/><T37/><D37/><U117/><E79/><V122/><F68/><W74/><G74/><T134/><D134/><U90/><E117/><V94/><F12/><W4/><G4/><T25/><D58/><U15/><E15/><V53/><F94/><W5/><G5/><T0/><REACH who="0" step="1"/><D25/><REACH who="0" ten="345,305,257,83" step="2"/><U65/><E43/><V96/><F59/><W106/><G106/><T21/><D21/><U78/><E23/><V97/><F27/><W102/><G47/><T26/><D26/><U86/><E22/><V1/><F57/><W104/><G104/><T39/><D39/><U132/><E132/><V16/><F107/><W133/><G133/><T114/><D114/><U77/><E46/><V11/><F122/><W89/><G45/><T41/><D41/><U82/><E128/><V67/><F67/><W121/><G121/><T123/><D123/><U10/><E131/><V87/><F64/><W56/><G56/><T112/><D112/><U99/><E65/><V130/><F130/><W54/><G54/><T36/><D36/><U124/><E55/><V13/><F53/><W31/><G31/><T61/><D61/><U7/><E124/><V110/><F110/><RYUUKYOKU ba="2,1" sc="345,30,305,-10,257,-10,83,-10" hai0="0,6,9,17,19,33,34,35,81,91,92,98,101" /><INIT seed="2,3,1,1,5,2" ten="375,295,247,73" oya="2" hai0="77,48,107,74,102,32,130,49,85,88,106,58,96" hai1="109,62,115,78,121,18,81,9,72,73,40,8,95" hai2="33,1,16,14,132,127,86,61,128,50,45,54,70" hai3="75,108,36,11,89,13,105,123,22,118,129,7,92"/><V82/><F33/><W120/><G118/><T56/><D32/><U131/><E115/><V101/><F1/><W68/><G105/><T97/><D130/><U122/><E109/><V17/><F128/><W51/><G129/><T34/><D34/><U38/><E131/><V119/><F119/><W44/><G36/><T126/><D126/><U37/><E73/><V93/><F127/><W0/><G75/><T66/><D97/><U43/><E95/><V124/><F124/><W69/><G68/><T90/><D90/><U28/><E28/><V134/><F93/><W5/><G69/><T10/><D10/><U4/><E62/><V30/><F30/><W47/><G47/><T104/><D106/><U76/><E18/><V64/><F101/><W65/><G65/><T103/><D102/><U80/><E72/><V42/><F42/><W21/><G108/><T114/><D66/><U87/><E87/><V23/><REACH who="2" step="1"/><F17/><REACH who="2" ten="375,295,237,73" step="2"/><W15/><G0/><T19/><D19/><U53/><E53/><V12/><F12/><N who="3" m="4683" /><G123/><T91/><D107/><U98/><E98/><V111/><F111/><W24/><G120/><T135/><D96/><U60/><E121/><V57/><F57/><W31/><G11/><T46/><D56/><U26/><E122/><V41/><F41/><N who="1" m="15945" /><E9/><V110/><F110/><W113/><G22/><T52/><D104/><U6/><E8/><V71/><F71/><W116/><G116/><T20/><D103/><U100/><E100/><V133/><F133/><W29/><G29/><T94/><D135/><U63/><E38/><V67/><F67/><W99/><G113/><RYUUKYOKU ba="3,2" sc="375,-15,295,-15,237,15,73,15" hai2="14,16,23,45,50,54,61,64,70,82,86,132,134" hai3="5,7,21,24,31,44,51,89,92,99" /><INIT seed="2,4,2,0,4,69" ten="360,280,252,88" oya="2" hai0="70,40,13,25,43,44,77,18,54,58,29,33,94" hai1="52,122,120,124,50,35,0,131,60,132,100,51,47" hai2="71,20,15,130,9,24,68,49,102,135,1,12,98" hai3="36,38,3,46,10,62,5,64,72,104,42,115,90"/><V96/><F1/><W53/><G115/><T129/><D70/><U19/><E35/><V30/><F130/><W22/><G104/><T82/><D94/><U2/><E131/><V66/><F135/><W109/><G109/><T55/><D129/><U61/><E100/><V88/><F66/><W106/><G106/><T121/><D58/><N who="1" m="33047" /><E19/><V87/><F49/><W37/><G72/><T21/><D43/><N who="1" m="25087" /><E2/><V78/><F78/><W8/><G8/><T73/><D121/><N who="1" m="46699" /><E0/><V118/><F118/><W112/><G112/><T99/><REACH who="0" step="1"/><D99/><REACH who="0" ten="350,280,252,88" step="2"/><U114/><E114/><V76/><F98/><W80/><G80/><T125/><D125/><U117/><E117/><V123/><F123/><W134/><G134/><T93/><D93/><U91/><E132/><V45/><F96/><W75/><G53/><T108/><D108/><U133/><E133/><V127/><F127/><W85/><G75/><T74/><D74/><U67/><E124/><V83/><F83/><W101/><G101/><T92/><D92/><U41/><E91/><V56/><F88/><W14/><G90/><T48/><AGARI ba="4,3" hai="13,18,21,25,29,33,40,44,48,54,55,73,77,82" machi="48" ten="20,2700,0" yaku="1,1,0,1,7,1,53,0" doraHai="69" doraHaiUra="4" who="0" fromWho="0" sc="350,69,280,-11,252,-17,88,-11" /><INIT seed="3,0,0,4,2,39" ten="419,269,235,77" oya="3" hai0="74,58,107,28,4,57,36,125,113,96,98,135,120" hai1="18,112,124,0,92,110,49,3,9,129,21,127,29" hai2="20,25,33,69,91,114,79,47,66,27,65,61,45" hai3="122,55,93,94,131,31,7,1,68,130,85,97,6"/><W70/><G31/><T90/><D58/><U117/><E112/><V99/><F114/><W83/><G1/><T126/><D57/><U50/><E110/><V56/><F79/><W22/><G55/><T37/><D4/><N who="3" m="1577" /><G97/><T44/><D37/><U51/><E129/><N who="3" m="49162" /><G22/><T30/><D96/><U108/><E108/><V105/><F33/><W111/><G111/><T76/><D98/><U67/><E9/><V46/><F105/><W32/><G32/><T42/><D30/><U8/><E8/><V77/><F77/><N who="3" m="46319" /><G122/><T106/><D28/><U87/><E29/><V72/><F72/><W84/><G84/><T78/><D74/><U24/><E67/><N who="2" m="39335" /><F20/><W133/><G133/><T121/><D135/><U53/><E53/><V40/><F40/><W82/><G82/><T60/><D42/><U23/><E21/><V132/><F132/><W80/><G80/><T26/><D113/><U100/><E87/><V52/><F52/><W63/><G63/><T10/><D60/><U134/><E134/><V73/><F73/><W54/><G54/><T75/><D75/><U19/><E0/><V104/><F104/><W101/><G101/><T88/><D106/><U116/><E3/><V89/><F66/><W48/><G48/><T17/><D107/><U128/><E128/><V15/><F99/><W71/><AGARI ba="0,0" hai="68,70,71,93,94" m="46319,49162,1577" machi="71" ten="40,2100,0" yaku="19,1" doraHai="39" who="3" fromWho="3" sc="419,-7,269,-7,235,-7,77,21" /><INIT seed="3,1,0,4,2,123" ten="412,262,228,98" oya="3" hai0="102,109,83,46,107,98,74,48,85,13,2,68,111" hai1="53,33,119,42,39,89,59,4,31,121,58,96,84" hai2="1,112,86,49,41,44,23,108,56,37,32,18,80" hai3="17,82,60,38,104,12,114,67,7,28,11,51,131"/><W47/><G104/><T45/><D2/><U95/><E121/><V15/><F112/><W25/><G114/><T106/><D68/><U133/><E133/><V8/><F32/><W35/><G38/><T30/><D74/><U78/><E119/><V52/><F108/><N who="0" m="41546" /><D30/><U61/><E42/><V117/><F117/><W76/><G131/><T19/><D48/><U69/><E4/><V132/><F132/><W127/><G127/><T91/><D106/><U92/><E39/><V64/><F64/><W63/><G67/><T75/><D75/><U40/><E31/><V87/><REACH who="2" step="1"/><F80/><REACH who="2" ten="412,262,218,98" step="2"/><W113/><G113/><T55/><D83/><N who="1" m="47223" /><E33/><V105/><F105/><W10/><G82/><T93/><D55/><N who="1" m="34015" /><E69/><V120/><F120/><W26/><G76/><T6/><D6/><AGARI ba="1,1" hai="1,6,8,15,18,23,37,41,44,49,52,56,86,87" machi="6" ten="40,8000,1" yaku="1,1,54,1,53,2" doraHai="123" doraHaiUra="81" who="2" fromWho="0" sc="412,-83,262,0,218,93,98,0" owari="329,42.9,262,-13.8,311,11.1,98,-40.2" /></mjloggm>