<mjloggm ver="2.3"><GO type="225" lobby="0"/><UN n0="%E3%81%8B%E3%82%8F%E3%81%A1%E3%82%83%E3%82%93%35%38" n1="%E3%83%96%E3%83%83%E3%83%91%E3%82%AA%E3%83%96%E3%83%81%E3%82%AD%E3%83%B3" n2="%E3%81%BF%E3%81%BF%E3%81%9A" n3="%E3%82%8C%E3%81%99%E3%81%93" dan="16,16,17,17" rate="2160.66,2191.82,2179.86,2160.06" sx="M,M,M,F"/><TAIKYOKU oya="0"/><INIT seed="0,0,0,0,3,129" ten="250,250,250,250" oya="0" hai0="88,134,135,111,34,2,119,80,133,71,53,78,8" hai1="85,84,1,101,35,38,62,17,117,13,77,79,10" hai2="67,94,104,114,47,86,97,46,3,21,24,121,108" hai3="26,40,73,14,75,59,106,87,102,90,9,91,37"/><T48/><D34/><U22/><E117/><V118/><F3/><W36/><G26/><T43/><D119/><U113/><E38/><V32/><F118/><W96/><G90/><T6/><D111/><U130/><E130/><V55/><F32/><W89/><G89/><T120/><D120/><U127/><E127/><V30/><F114/><W126/><G126/><T27/><D27/><U28/><E113/><V64/><F104/><W0/><G0/><T41/><D71/><U131/><E101/><N who="2" m="60599" /><F121/><W42/><G37/><T124/><D88/><U116/><E116/><V58/><F86/><N who="1" m="33385" /><E62/><N who="2" m="36191" /><F108/><W98/><G98/><T99/><D99/><U60/><E60/><V20/><F21/><W5/><G36/><T33/><D33/><U51/><E51/><V109/><F109/><W52/><G75/><N who="0" m="43103" /><D124/><U25/><E131/><V61/><F61/><W29/><G73/><T56/><AGARI ba="0,0" hai="2,6,8,41,43,48,53,56,133,134,135" m="43103" machi="56" ten="30,11700,0" yaku="20,1,52,3" doraHai="129" who="0" fromWho="0" sc="250,117,250,-39,250,-39,250,-39" /><INIT seed="0,1,0,0,1,81" ten="367,211,211,211" oya="0" hai0="57,103,118,73,68,47,8,44,60,69,30,65,9" hai1="67,33,59,135,46,128,1,132,52,120,74,43,2" hai2="127,13,88,130,54,117,80,113,61,98,109,84,108" hai3="20,101,26,106,104,29,124,55,11,19,53,50,107"/><T83/><D118/><U37/><E120/><V82/><F113/><W27/><G124/><T45/><D103/><U25/><E74/><V114/><F114/><W34/><G11/><T21/><D69/><U23/><E33/><V71/><F127/><W14/><G27/><T134/><D68/><U31/><E67/><V87/><F117/><W16/><G19/><T116/><D134/><N who="1" m="51243" /><E128/><V95/><F130/><W100/><REACH who="3" step="1"/><G55/><REACH who="3" ten="367,211,211,201" step="2"/><T75/><D8/><U96/><E96/><V76/><F13/><W24/><G24/><T110/><D9/><U112/><E112/><V105/><F54/><W66/><G66/><T119/><D119/><U7/><E7/><V49/><F49/><AGARI ba="1,1" hai="1,2,23,25,31,37,43,46,49,52,59" m="51243" machi="49" ten="30,2000,0" yaku="20,1,54,1" doraHai="81" who="1" fromWho="2" sc="367,0,211,33,211,-23,201,0" /><INIT seed="1,0,0,2,5,30" ten="367,244,188,201" oya="1" hai0="63,118,56,27,107,99,2,102,132,89,125,70,36" hai1="59,100,10,46,19,32,90,12,73,84,40,98,85" hai2="20,23,49,69,111,67,44,133,33,123,60,14,135" hai3="131,52,47,65,54,1,114,62,104,87,105,94,83"/><U106/><E73/><V75/><F123/><W57/><G114/><T9/><D118/><U4/><E59/><V17/><F75/><W86/><G1/><T26/><D36/><U74/><E74/><V80/><F80/><W39/><G131/><T110/><D70/><U119/><E119/><V91/><F91/><W50/><G39/><T130/><D130/><U127/><E127/><V53/><F111/><W109/><G109/><T64/><D110/><U51/><E32/><V117/><F117/><W116/><G116/><T18/><D125/><U95/><REACH who="1" step="1"/><E4/><REACH who="1" ten="367,234,188,201" step="2"/><V61/><F61/><W29/><G57/><T81/><D56/><U68/><E68/><V108/><F108/><W82/><G62/><T22/><D63/><U88/><E88/><V24/><REACH who="2" step="1"/><F33/><REACH who="2" ten="367,234,178,201" step="2"/><W103/><G103/><T15/><D89/><U92/><E92/><V77/><F77/><W48/><G94/><T124/><D102/><U37/><E37/><V3/><F3/><W112/><G83/><T55/><D81/><U25/><E25/><V126/><F126/><W76/><G82/><T43/><D124/><U115/><E115/><V41/><F41/><W113/><G76/><T121/><D43/><U0/><E0/><V120/><F120/><W13/><G113/><T134/><D121/><U122/><E122/><V97/><F97/><AGARI ba="0,2" hai="10,12,19,40,46,51,84,85,90,95,97,98,100,106" machi="97" ten="30,5800,0" yaku="1,1,7,1,53,1" doraHai="30" doraHaiUra="6" who="1" fromWho="2" sc="367,0,234,78,178,-58,201,0" /><INIT seed="1,1,0,4,4,132" ten="367,312,120,201" oya="1" hai0="109,94,124,115,104,59,71,134,81,98,85,13,49" hai1="41,88,103,127,29,107,69,112,117,21,38,55,128" hai2="26,25,111,28,121,40,116,3,19,14,44,11,24" hai3="83,8,47,135,51,17,70,89,57,123,10,78,114"/><U110/><E112/><V100/><F116/><W31/><G70/><T82/><D71/><U101/><E117/><V18/><F121/><W64/><G114/><T6/><D115/><U84/><E69/><V15/><F111/><W76/><G123/><T118/><D104/><U27/><E128/><V53/><F3/><W60/><G31/><T73/><D73/><U22/><E110/><V86/><F100/><W30/><G30/><T130/><D130/><U35/><E127/><V120/><F120/><W122/><G135/><T36/><D36/><U87/><E87/><V33/><F53/><W61/><G61/><T133/><D82/><U4/><E4/><V75/><F75/><W42/><G122/><T16/><D6/><U96/><E103/><V5/><F86/><N who="3" m="50399" /><G17/><T62/><D109/><U32/><E32/><V7/><F44/><W91/><G91/><T0/><D0/><U54/><E38/><V125/><F40/><W23/><G23/><N who="0" m="11663" /><D118/><U131/><E41/><V1/><F125/><W50/><G50/><T65/><D49/><U99/><E131/><V93/><F93/><W9/><AGARI ba="1,0" hai="8,9,10,42,47,51,57,60,64,76,78" m="50399" machi="9" ten="30,1100,0" yaku="8,1" doraHai="132" who="3" fromWho="3" sc="367,-4,312,-6,120,-4,201,14" /><INIT seed="2,0,0,2,5,91" ten="363,306,116,215" oya="2" hai0="101,113,115,71,41,35,36,10,16,23,43,58,65" hai1="46,102,127,109,44,47,116,122,18,64,69,121,118" hai2="111,67,34,1,13,25,96,114,56,2,57,26,40" hai3="27,125,103,128,32,38,132,15,105,94,117,50,120"/><V62/><F114/><W72/><RYUUKYOKU type="yao9" ba="0,0" sc="363,0,306,0,116,0,215,0" hai3="15,27,32,38,50,72,94,103,105,117,120,125,128,132" /><INIT seed="2,1,0,1,4,53" ten="363,306,116,215" oya="2" hai0="132,82,47,115,36,87,22,29,75,5,118,134,71" hai1="63,129,113,78,73,79,94,130,26,111,76,0,89" hai2="135,56,86,16,100,131,116,43,23,105,77,15,60" hai3="21,59,12,28,57,3,101,104,103,45,25,13,112"/><V39/><F116/><W107/><G3/><T81/><D115/><U124/><E0/><V117/><F117/><W93/><G112/><T126/><D118/><U1/><E1/><V55/><F131/><N who="1" m="50185" /><E113/><V69/><F135/><W27/><G45/><T122/><D122/><U128/><N who="1" m="50193" /><U74/><DORA hai="4" /><E111/><V98/><F69/><W64/><G64/><T67/><D126/><U46/><E124/><V108/><F108/><W65/><G65/><T51/><D71/><U18/><E46/><V125/><F125/><W72/><G93/><T85/><D47/><U24/><E63/><V11/><F39/><W10/><G72/><N who="1" m="27754" /><E18/><V96/><F43/><W62/><G62/><T33/><D36/><U68/><E68/><V48/><F60/><W40/><G40/><T119/><D51/><U90/><E94/><V121/><F121/><W110/><G110/><T2/><D2/><U14/><E14/><V114/><F114/><W32/><G32/><T99/><D119/><U35/><E35/><V92/><F98/><W95/><G95/><T42/><D33/><U20/><E20/><V52/><F55/><W19/><G21/><T66/><D22/><U80/><E80/><N who="2" m="47375" /><F105/><W34/><G34/><T58/><D134/><U84/><E84/><V123/><F123/><W9/><G19/><T109/><D132/><U83/><E83/><V38/><F38/><W6/><G6/><T88/><D82/><U7/><E7/><V70/><F70/><W61/><G61/><T97/><D81/><U91/><AGARI ba="1,0" hai="24,26,76,78,79,89,90,91" m="27754,50193" machi="91" ten="50,6400,0" yaku="28,2,19,1" doraHai="53,4" who="1" fromWho="1" sc="363,-17,306,67,116,-33,215,-17" /><INIT seed="3,0,0,4,2,14" ten="346,373,83,198" oya="3" hai0="3,134,52,133,27,49,44,85,67,16,46,72,92" hai1="65,63,26,47,123,114,116,41,66,38,122,117,97" hai2="79,93,106,128,120,110,119,86,121,107,91,118,90" hai3="5,80,13,33,50,129,60,105,135,39,45,21,24"/><W62/><G129/><T77/><D3/><U10/><E10/><V103/><F128/><W130/><G130/><T70/><D70/><N who="1" m="42303" /><E97/><V74/><F110/><W101/><G39/><T31/><D67/><U115/><E66/><V1/><F1/><W104/><G135/><N who="0" m="51723" /><D72/><U59/><E59/><V96/><F107/><W76/><G33/><T53/><D31/><U125/><E125/><V28/><F28/><W19/><G105/><T95/><D77/><U36/><E26/><V30/><F30/><W98/><G5/><T29/><D29/><U48/><E48/><V22/><F22/><W17/><G50/><N who="0" m="28871" /><D85/><U126/><E126/><V89/><F119/><N who="1" m="45641" /><E36/><V99/><F118/><W132/><G45/><T64/><D64/><U109/><E109/><V68/><F68/><W87/><G132/><T54/><D54/><U81/><E81/><N who="2" m="45303" /><F99/><W2/><G2/><T73/><D73/><U9/><E9/><AGARI ba="0,0" hai="9,13,17,19,21,24,60,62,76,80,87,98,101,104" machi="9" ten="30,5800,0" yaku="7,1,52,2" doraHai="14" who="3" fromWho="1" sc="346,0,373,-58,83,0,198,58" /><INIT seed="3,1,0,1,3,32" ten="346,315,83,256" oya="3" hai0="38,75,121,91,25,31,87,1,22,123,10,83,7" hai1="11,23,17,93,108,63,60,72,89,46,48,120,3" hai2="13,128,28,77,47,94,70,73,58,117,111,0,112" hai3="50,68,15,102,27,105,101,118,115,78,82,55,113"/><W104/><G68/><T109/><D38/><U29/><E120/><V71/><F58/><W131/><G15/><T84/><D75/><U74/><E108/><V40/><F13/><W14/><G14/><T57/><D109/><U26/><E72/><V100/><F94/><W130/><G27/><T133/><D133/><U98/><E74/><V19/><F19/><W24/><G24/><T119/><D119/><U5/><REACH who="1" step="1"/><E29/><REACH who="1" ten="346,305,83,256" step="2"/><V114/><F28/><W76/><G50/><T90/><D57/><U106/><E106/><N who="3" m="41066" /><G55/><AGARI ba="1,1" hai="3,5,11,17,23,26,46,48,55,60,63,89,93,98" machi="55" ten="30,7700,0" yaku="1,1,7,1,52,1,53,1" doraHai="32" doraHaiUra="49" who="1" fromWho="3" sc="346,0,305,90,83,0,256,-80" owari="346,14.6,395,49.5,83,-41.7,176,-22.4" /></mjloggm>