<mjloggm ver="2.3"><GO type="225" lobby="0"/><UN n0="%E3%83%A9%E3%82%B9%E7%8E%87%EF%BC%93%E5%89%B2" n1="%E5%B0%8F%E9%B3%A5%E9%81%8A%E7%B7%B4%E7%84%A1%32%31%E6%AD%B3" n2="%E3%83%B4%E3%83%A0%EF%BC%99%E3%81%A6" n3="%79%75%72%69%6D%6F%67" dan="17,16,16,16" rate="2208.89,2197.69,2154.42,2145.65" sx="F,F,M,F"/><TAIKYOKU oya="0"/><INIT seed="0,0,0,2,4,36" ten="250,250,250,250" oya="0" hai0="18,77,79,22,127,112,3,105,68,114,82,37,78" hai1="85,17,106,134,10,23,92,76,60,19,41,29,123" hai2="131,135,102,119,103,13,5,125,104,30,0,20,50" hai3="95,51,12,42,15,25,98,86,64,109,88,97,90"/><T87/><D127/><U24/><E123/><V69/><F69/><W122/><G109/><T46/><D68/><U54/><E106/><V1/><F125/><W49/><G64/><T52/><D105/><U56/><E134/><V81/><F135/><W94/><G122/><T99/><D3/><U40/><E10/><V61/><F61/><W71/><G71/><T45/><D99/><U58/><E58/><V129/><F81/><W111/><G111/><T11/><D11/><U32/><E76/><V39/><F39/><W133/><G133/><T113/><D37/><U73/><E73/><V70/><F70/><W100/><G25/><T27/><REACH who="0" step="1"/><D52/><REACH who="0" ten="240,250,250,250" step="2"/><U34/><E34/><V31/><F104/><W59/><G51/><T128/><D128/><U48/><E32/><V121/><F121/><W28/><G28/><T110/><D110/><U6/><E48/><V132/><F132/><W35/><G35/><T57/><D57/><U107/><E107/><V115/><F31/><W62/><G62/><T8/><D8/><U9/><E9/><V84/><F30/><W74/><G74/><T101/><D101/><U89/><REACH who="1" step="1"/><E6/><REACH who="1" ten="240,240,250,250" step="2"/><V26/><F5/><W130/><G130/><T75/><D75/><U4/><E4/><V66/><F129/><W55/><G42/><AGARI ba="0,2" hai="17,19,23,24,29,40,41,42,54,56,60,85,89,92" machi="42" ten="40,8000,1" yaku="1,1,8,1,52,3,53,0" doraHai="36" doraHaiUra="120" who="1" fromWho="3" sc="240,0,240,100,250,0,250,-80" /><INIT seed="1,0,0,4,2,6" ten="240,340,250,170" oya="1" hai0="18,117,73,80,134,64,130,31,53,34,10,79,74" hai1="17,9,40,7,132,93,116,77,5,75,28,119,114" hai2="24,52,46,22,66,70,87,133,3,104,69,42,107" hai3="59,1,112,0,13,35,8,96,33,110,38,71,97"/><U72/><E132/><V62/><F133/><W76/><G71/><T115/><D134/><U41/><E114/><V51/><F3/><W108/><G38/><T88/><D117/><U25/><E17/><V129/><F129/><W4/><G59/><T63/><D115/><U125/><E93/><V121/><F121/><W65/><G76/><T111/><D31/><U78/><E25/><V57/><F87/><W58/><G58/><T19/><D18/><U109/><E109/><N who="3" m="42090" /><G65/><T15/><D34/><N who="3" m="12809" /><G97/><T60/><D130/><U103/><E103/><V118/><F118/><W12/><G96/><T101/><D101/><U37/><E37/><N who="2" m="21839" /><F69/><W11/><G112/><T105/><D105/><U14/><E125/><V21/><F21/><W131/><G131/><T124/><D124/><U67/><E67/><V29/><AGARI ba="0,0" hai="22,24,29,51,52,57,62,66,70,104,107" m="21839" machi="29" ten="30,2000,0" yaku="24,1,54,1" doraHai="6" who="2" fromWho="2" sc="240,-5,340,-10,250,20,170,-5" /><INIT seed="2,0,0,2,1,110" ten="235,330,270,165" oya="2" hai0="103,127,45,43,83,61,39,124,100,33,23,107,65" hai1="66,8,37,20,4,3,87,31,2,42,114,72,35" hai2="117,70,44,94,63,48,40,56,59,113,57,105,86" hai3="125,24,85,118,84,9,77,18,47,11,123,17,54"/><V51/><F105/><W29/><G125/><N who="0" m="48203" /><D33/><U41/><E72/><V76/><F117/><W0/><G118/><T46/><D107/><U82/><E114/><V21/><F113/><W102/><G123/><T98/><D98/><U13/><E66/><V93/><F70/><W5/><G11/><T112/><D112/><U15/><E15/><V36/><F63/><W55/><G102/><T78/><D23/><U134/><E134/><V92/><REACH who="2" step="1"/><F21/><REACH who="2" ten="235,330,260,165" step="2"/><W97/><G97/><T104/><D104/><U68/><E20/><V53/><F53/><W28/><G55/><T73/><D46/><U116/><E68/><AGARI ba="0,1" hai="39,43,45,61,65,68,73,78,83,100,103" m="48203" machi="68" ten="30,1000,0" yaku="18,1" doraHai="110" who="0" fromWho="1" sc="235,20,330,-10,260,0,165,0" /><INIT seed="3,0,0,3,0,1" ten="255,320,260,165" oya="3" hai0="114,12,30,56,37,16,65,52,0,89,48,80,110" hai1="134,104,17,61,18,100,74,88,82,14,116,58,7" hai2="51,115,91,121,42,124,93,50,78,55,5,128,68" hai3="120,85,20,131,106,112,83,125,22,99,3,73,90"/><W34/><G120/><T107/><D0/><U47/><E134/><V25/><F115/><W132/><G112/><T86/><D114/><U130/><E130/><V127/><F68/><W117/><G132/><T108/><D107/><U19/><E116/><V101/><F128/><W23/><G117/><T109/><D37/><U9/><E47/><N who="2" m="25975" /><F121/><W59/><G34/><T35/><D65/><U118/><E118/><V46/><F78/><W29/><G131/><T70/><D70/><U96/><E74/><V119/><F119/><W84/><G73/><T111/><D111/><U67/><E82/><V31/><F101/><W72/><G3/><T49/><D30/><U97/><E88/><V123/><F5/><W126/><G72/><T102/><D102/><U79/><E96/><V105/><F105/><W36/><G36/><T4/><D35/><U87/><E87/><V6/><F6/><W10/><G10/><N who="0" m="4167" /><D49/><U64/><E79/><V21/><F123/><W69/><G69/><T13/><D13/><U60/><E17/><AGARI ba="0,0" hai="16,17,48,52,56,80,86,89,108,109,110" m="4167" machi="17" ten="30,7700,0" yaku="14,1,52,1,54,2" doraHai="1" who="0" fromWho="1" sc="255,77,320,-77,260,0,165,0" owari="332,43.2,243,-15.7,260,6.0,165,-33.5" /></mjloggm>