<mjloggm ver="2.3"><GO type="225" lobby="0"/><UN n0="%54%4F%52" n1="%E3%81%8B%E3%82%8F%E3%81%A1%E3%82%83%E3%82%93%35%38" n2="%E3%83%8F%E3%83%B3%E3%83%89%E3%83%A9%E3%83%BC%E3%83%BB%E3%83%AF%E3%83%B3" n3="%E6%98%93%E5%88%A9%E8%96%A9%E4%BC%AF" dan="16,16,18,17" rate="2130.22,2098.06,2282.99,2208.56" sx="M,M,M,F"/><TAIKYOKU oya="0"/><INIT seed="0,0,0,3,4,105" ten="250,250,250,250" oya="0" hai0="5,121,73,107,89,133,28,24,108,25,66,6,92" hai1="41,77,0,132,14,128,67,86,118,74,10,9,30" hai2="94,90,100,75,112,104,123,51,22,97,37,8,101" hai3="122,38,96,1,116,62,63,52,2,36,82,26,70"/><T103/><D121/><U29/><E118/><V27/><F37/><W11/><G116/><T131/><D131/><U33/><E33/><V106/><F123/><W85/><G122/><T65/><D133/><U40/><E74/><V39/><F39/><W50/><G96/><T114/><D114/><U64/><E0/><V81/><F112/><W45/><G26/><T126/><D126/><U15/><E132/><V17/><F51/><W59/><G70/><T34/><D73/><U87/><REACH who="1" step="1"/><E128/><REACH who="1" ten="250,240,250,250" step="2"/><V53/><F75/><W98/><G98/><T48/><D108/><U47/><E47/><V113/><F97/><W134/><G134/><T72/><D72/><U46/><E46/><V80/><F113/><W124/><G124/><T115/><D115/><U23/><E23/><V102/><F22/><W125/><G125/><T117/><D117/><U84/><E84/><V83/><F106/><W42/><G1/><T12/><D107/><U35/><E35/><V19/><F104/><W54/><G38/><T20/><D20/><U44/><E44/><V3/><F3/><W127/><G127/><T79/><D34/><U56/><E56/><V71/><F71/><W88/><REACH who="3" step="1"/><G54/><REACH who="3" ten="250,240,250,240" step="2"/><T21/><D25/><U4/><E4/><AGARI ba="0,2" hai="2,4,11,36,42,45,50,52,59,62,63,82,85,88" machi="4" ten="40,8000,1" yaku="1,1,2,1,54,2,53,1" doraHai="105" doraHaiUra="7" who="3" fromWho="1" sc="250,0,240,-80,250,0,240,100" /><INIT seed="1,0,0,1,3,93" ten="250,160,250,340" oya="1" hai0="94,31,61,32,9,101,126,33,110,107,2,41,121" hai1="21,62,37,51,48,91,83,103,67,81,60,75,64" hai2="79,127,5,29,118,131,13,46,109,3,63,70,50" hai3="134,23,111,55,115,123,133,82,97,95,106,14,28"/><U132/><E37/><V4/><F118/><W12/><G115/><T116/><D116/><U20/><E75/><V88/><F3/><W96/><G123/><T69/><D121/><U105/><E105/><V36/><F36/><W90/><G82/><T17/><D94/><U68/><E103/><V27/><F79/><W57/><G111/><T102/><D41/><U89/><REACH who="1" step="1"/><E68/><REACH who="1" ten="250,150,250,340" step="2"/><V38/><F38/><W35/><G106/><T40/><D101/><U66/><E66/><V98/><F70/><W80/><G134/><AGARI ba="0,1" hai="20,21,48,51,60,62,64,67,81,83,89,91,132,134" machi="134" ten="25,4800,0" yaku="1,1,22,2,53,0" doraHai="93" doraHaiUra="26" who="1" fromWho="3" sc="250,0,150,58,250,0,340,-48" /><INIT seed="1,1,0,5,3,130" ten="250,208,250,292" oya="1" hai0="112,69,126,8,76,35,60,58,19,107,78,62,61" hai1="82,49,74,11,91,95,134,10,23,94,3,90,113" hai2="103,29,4,15,88,9,128,7,63,17,46,64,80" hai3="50,47,109,115,98,41,38,79,18,36,108,12,5"/><U45/><E113/><V21/><F128/><W106/><G5/><T51/><D112/><U135/><E23/><V40/><F103/><N who="3" m="62839" /><G79/><N who="0" m="30251" /><D35/><U0/><E82/><V30/><F4/><W77/><G77/><T70/><D107/><U67/><E67/><V6/><F6/><W131/><G131/><T96/><D70/><U75/><E49/><N who="2" m="26823" /><F63/><N who="0" m="24138" /><D69/><U68/><E45/><V84/><F64/><W42/><G42/><T48/><D96/><U24/><REACH who="1" step="1"/><E24/><AGARI ba="1,0" hai="7,9,15,17,21,24,29,30,80,84,88" m="26823" machi="24" ten="30,2000,0" yaku="8,1,54,1" doraHai="130" who="2" fromWho="1" sc="250,0,208,-23,250,23,292,0" /><INIT seed="2,0,0,2,5,128" ten="250,185,273,292" oya="2" hai0="95,76,15,69,75,122,45,113,5,22,94,21,27" hai1="79,90,80,98,107,19,13,48,131,115,24,41,103" hai2="101,120,58,112,123,2,3,116,52,81,105,91,29" hai3="77,134,39,60,88,6,4,61,35,28,82,73,78"/><V9/><F112/><W66/><G39/><T10/><D113/><U87/><E115/><V117/><F29/><W55/><G134/><T125/><D122/><U11/><E131/><V42/><F42/><W14/><G78/><T126/><D69/><U97/><E24/><V110/><F110/><W86/><G55/><T43/><D21/><U0/><E0/><V56/><F101/><W85/><G85/><T65/><D65/><U130/><E130/><V109/><F105/><W38/><G38/><T89/><D76/><U74/><E97/><V44/><F44/><W93/><G14/><T40/><D75/><U46/><REACH who="1" step="1"/><E90/><REACH who="1" ten="250,175,273,292" step="2"/><V37/><F91/><W108/><G108/><T114/><D114/><U36/><E36/><V1/><F37/><W34/><G34/><T129/><D129/><U32/><E32/><V25/><F109/><W20/><G35/><T47/><D89/><U30/><E30/><V12/><F25/><W92/><G28/><T111/><D111/><U83/><E83/><V99/><F81/><W135/><G82/><T121/><D27/><U106/><E106/><V49/><F99/><W63/><G88/><T7/><D121/><U102/><E102/><V119/><F123/><W133/><G93/><T53/><D95/><U70/><E70/><V100/><F100/><W54/><G92/><T68/><D68/><U64/><E64/><V50/><F120/><W67/><G66/><T26/><D94/><U57/><E57/><V31/><F31/><W17/><G67/><T18/><D26/><U72/><AGARI ba="0,1" hai="11,13,19,41,46,48,72,74,79,80,87,98,103,107" machi="72" ten="30,2000,0" yaku="1,1,0,1,53,0" doraHai="128" doraHaiUra="127" who="1" fromWho="1" sc="250,-5,175,30,273,-10,292,-5" /><INIT seed="3,0,0,4,5,112" ten="245,205,263,287" oya="3" hai0="103,85,38,101,108,116,115,1,50,84,113,76,22" hai1="44,47,129,45,32,8,110,87,124,16,31,135,36" hai2="48,70,67,49,5,15,99,109,95,125,26,23,65" hai3="89,9,96,58,46,79,91,117,6,57,51,43,34"/><W64/><G117/><T118/><D38/><U78/><E110/><V86/><F86/><W13/><G34/><T133/><D1/><U17/><E129/><V82/><F82/><W20/><G79/><T104/><D108/><U19/><E135/><V126/><F109/><W80/><G64/><N who="2" m="24649" /><F70/><W25/><G80/><T127/><D133/><U90/><E124/><N who="2" m="47723" /><F15/><W88/><G96/><T105/><D127/><U134/><E134/><V73/><F5/><W39/><G39/><T66/><D66/><U24/><E78/><V74/><F74/><W21/><G21/><T29/><D22/><U107/><E107/><V120/><F73/><W92/><G92/><T122/><D76/><U61/><E61/><V68/><F120/><W40/><G40/><T2/><D2/><U102/><E102/><N who="2" m="60799" /><F68/><W123/><G123/><T132/><D132/><U98/><E98/><V28/><AGARI ba="0,0" hai="23,26,28,48,49" m="60799,47723,24649" machi="28" ten="30,1100,0" yaku="18,1" doraHai="112" who="2" fromWho="2" sc="245,-3,205,-3,263,11,287,-5" /><INIT seed="4,0,0,0,5,119" ten="242,202,274,282" oya="0" hai0="0,130,125,43,65,129,97,66,29,87,55,23,84" hai1="120,103,35,126,10,71,76,50,38,135,1,117,31" hai2="100,21,121,28,107,80,42,45,46,133,58,68,64" hai3="5,39,44,111,91,30,115,17,81,106,34,108,101"/><T105/><D0/><U19/><E38/><V89/><F68/><W27/><G5/><T3/><D3/><U61/><E117/><V22/><F133/><W13/><G115/><T88/><D43/><U82/><E50/><V118/><F118/><W53/><G101/><N who="0" m="62639" /><D84/><U102/><E102/><V49/><F107/><W12/><G106/><T104/><D55/><U56/><E103/><V4/><F100/><W95/><G13/><T109/><D104/><U77/><E71/><V9/><F28/><W47/><G47/><T90/><D90/><U54/><E126/><V73/><F46/><W79/><G53/><T112/><D112/><U98/><E98/><V127/><F127/><W93/><G93/><N who="0" m="54431" /><D125/><U52/><E135/><V123/><F89/><W116/><G116/><T63/><D63/><U75/><E1/><N who="2" m="143" /><F64/><W11/><G44/><T94/><D94/><U132/><E132/><V48/><F48/><W83/><G39/><T131/><D109/><U41/><E41/><V14/><F42/><W62/><G62/><T128/><N who="0" m="32768" /><DORA hai="25" /><T96/><D96/><U36/><E36/><V122/><F45/><W57/><G57/><T74/><D74/><U70/><E70/><V16/><F58/><W92/><G92/><T67/><D23/><U20/><E56/><V24/><F49/><W113/><G113/><T85/><D85/><U51/><E61/><V7/><F22/><W60/><G60/><T40/><D40/><U15/><E20/><V59/><F59/><W37/><G37/><T26/><D26/><U69/><E69/><V2/><F24/><W32/><G27/><RYUUKYOKU ba="0,0" sc="242,30,202,-10,274,-10,282,-10" hai0="29,65,66,67" /><INIT seed="4,1,0,3,3,83" ten="272,192,264,272" oya="0" hai0="124,28,43,108,44,49,109,35,135,47,40,131,82" hai1="133,80,14,93,53,76,111,103,50,21,92,123,110" hai2="23,11,84,120,10,55,58,17,127,9,89,42,79" hai3="20,19,56,88,31,66,4,48,52,61,104,34,25"/><T132/><D131/><U57/><E123/><V18/><F120/><W46/><G104/><T26/><D82/><U78/><E133/><N who="0" m="51273" /><D124/><U86/><E111/><N who="0" m="42569" /><D47/><U116/><E116/><V121/><F121/><W81/><G4/><T85/><D85/><U41/><E110/><V69/><F69/><W15/><G81/><T114/><D114/><U90/><E41/><AGARI ba="1,0" hai="26,28,35,40,41,43,44,49" m="42569,51273" machi="41" ten="30,2900,0" yaku="20,1,10,1" doraHai="83" who="0" fromWho="1" sc="272,32,192,-32,264,0,272,0" owari="304,40.4,160,-34.0,264,-13.6,272,7.2" /></mjloggm>