<mjloggm ver="2.3"><GO type="225" lobby="0"/><UN n0="%77%72%77%72%77%72%77%72" n1="%E3%82%86%E3%81%86%E3%82%8C%E3%81%84%E3%81%84%E3%81%8B" n2="%E5%8D%A0%E3%81%84%E5%B8%AB%E8%A3%8F%E3%81%AA%E3%81%84%E3%81%97" n3="%E5%A4%8F%E9%88%B4%E9%88%B4%E5%A4%8F" dan="16,18,17,16" rate="2178.45,2235.80,2215.11,2100.74" sx="M,M,M,F"/><TAIKYOKU oya="0"/><INIT seed="0,0,0,0,4,135" ten="250,250,250,250" oya="0" hai0="54,125,74,100,97,30,32,118,90,38,64,73,34" hai1="45,104,0,106,87,107,42,13,99,41,59,121,31" hai2="66,53,48,130,27,69,83,72,95,110,127,21,50" hai3="15,18,9,117,77,88,47,37,49,108,103,1,16"/><T40/><D118/><U132/><E0/><V17/><F110/><W22/><G117/><T80/><D64/><U134/><E121/><V126/><F130/><W85/><G108/><T19/><D54/><U8/><E31/><V113/><F113/><W39/><G103/><T36/><D19/><U44/><E59/><V57/><F48/><W61/><G77/><T122/><D122/><U79/><E79/><V98/><F72/><W114/><G61/><T84/><D125/><N who="2" m="47626" /><F83/><W109/><G1/><T101/><D101/><U14/><E87/><V5/><F5/><W116/><G116/><T55/><D55/><U56/><E56/><V11/><F11/><W86/><G86/><T78/><D73/><U20/><E99/><V29/><F66/><W60/><G60/><T65/><D65/><U67/><E67/><V111/><F111/><W35/><G35/><T62/><D62/><U68/><E8/><V131/><F131/><W115/><G109/><T120/><D32/><U112/><E112/><V23/><F69/><W76/><G115/><T119/><D119/><U63/><E68/><V4/><F4/><W2/><G114/><T51/><D120/><U33/><E63/><V70/><F70/><W25/><G2/><T75/><D51/><N who="1" m="27023" /><E33/><N who="2" m="20671" /><F17/><W123/><G123/><T12/><D74/><U82/><E82/><V128/><F128/><W10/><G9/><T92/><D40/><U52/><E42/><V6/><F6/><W96/><G96/><T89/><D75/><U94/><E134/><V105/><F105/><W26/><G10/><T3/><D80/><U7/><E132/><RYUUKYOKU ba="0,0" sc="250,-10,250,-10,250,30,250,-10" hai2="21,23,50,53,57,95,98" /><INIT seed="1,1,0,2,5,77" ten="240,240,280,240" oya="1" hai0="126,116,18,88,62,95,135,23,32,85,134,0,27" hai1="94,105,57,125,38,117,50,61,16,60,39,12,19" hai2="121,4,14,128,75,42,84,24,54,68,26,63,28" hai3="133,92,49,122,9,7,29,87,58,47,124,13,45"/><U1/><E117/><V123/><F75/><W96/><G122/><T35/><D116/><U34/><E105/><V44/><F128/><W93/><G124/><T106/><D126/><U55/><E34/><V52/><F68/><W112/><G112/><T79/><D0/><U113/><E1/><V97/><F24/><W48/><G133/><N who="0" m="50699" /><D106/><U46/><E125/><V109/><F97/><W118/><G118/><T40/><D40/><U71/><E113/><V76/><F109/><W100/><G29/><T17/><D62/><U36/><E94/><V67/><F67/><W51/><G58/><T107/><D107/><U66/><REACH who="1" step="1"/><E12/><REACH who="1" ten="240,230,280,240" step="2"/><V98/><F14/><W64/><G64/><AGARI ba="1,1" hai="16,19,36,38,39,46,50,55,57,60,61,64,66,71" machi="64" ten="40,12000,1" yaku="1,1,2,1,54,1,53,2" doraHai="77" doraHaiUra="15" who="1" fromWho="3" sc="240,0,230,133,280,0,240,-123" /><INIT seed="1,2,0,3,2,106" ten="240,363,280,117" oya="1" hai0="94,127,87,128,84,11,61,86,15,53,97,95,76" hai1="1,55,65,90,120,3,67,24,124,52,89,9,21" hai2="7,123,60,32,73,57,83,72,47,26,78,100,50" hai3="79,48,93,0,66,115,101,51,92,68,80,42,125"/><U91/><E120/><V41/><F123/><W108/><G115/><T58/><D128/><U135/><E135/><V62/><F100/><W8/><G125/><T98/><D127/><U59/><E124/><V17/><F7/><W12/><G108/><T75/><D75/><U130/><E130/><V27/><F27/><W36/><G0/><T126/><D76/><U110/><E110/><V114/><F114/><W45/><G66/><N who="1" m="25098" /><E1/><V46/><F46/><W38/><G68/><T122/><D122/><U54/><E3/><V5/><F5/><W131/><G131/><T28/><D28/><N who="1" m="17423" /><E9/><V113/><F113/><W117/><G117/><T69/><D69/><U119/><E119/><V34/><F62/><AGARI ba="2,0" hai="52,54,55,59,62,89,90,91" m="17423,25098" machi="62" ten="30,2900,0" yaku="8,1,54,1" doraHai="106" who="1" fromWho="2" sc="240,0,363,35,280,-35,117,0" /><INIT seed="1,3,0,3,2,37" ten="240,398,245,117" oya="1" hai0="23,67,11,129,0,73,88,31,128,119,34,103,60" hai1="13,2,44,66,62,16,74,21,75,91,53,82,111" hai2="32,116,71,99,120,46,69,81,68,14,6,89,57" hai3="50,117,27,109,86,3,20,118,26,33,59,101,29"/><U132/><E2/><V35/><F116/><W124/><G101/><T94/><D119/><U130/><E132/><V131/><F120/><W63/><G109/><T98/><D73/><U121/><E121/><V134/><F134/><W113/><G124/><T47/><D34/><U123/><E123/><V41/><F131/><N who="0" m="50250" /><D47/><U51/><E130/><V114/><F114/><W95/><G113/><T56/><D11/><U30/><E30/><V122/><F122/><W17/><G3/><T76/><D76/><U54/><E54/><V22/><F57/><W80/><G50/><T92/><D0/><U5/><E5/><V10/><F22/><W87/><G95/><N who="0" m="56679" /><D103/><U28/><E111/><V9/><F9/><W83/><G87/><T4/><D4/><U93/><E82/><V1/><F99/><W65/><G83/><T96/><D96/><N who="1" m="57407" /><E75/><V8/><F89/><W52/><REACH who="3" step="1"/><G65/><REACH who="3" ten="240,398,245,107" step="2"/><T127/><D127/><U100/><E74/><V19/><REACH who="2" step="1"/><F81/><REACH who="2" ten="240,398,235,107" step="2"/><W135/><G135/><T42/><D92/><U61/><E100/><V40/><F40/><W24/><G24/><N who="0" m="16799" /><D94/><U25/><E66/><V77/><F77/><AGARI ba="3,2" hai="17,20,26,27,29,33,52,59,63,77,80,86,117,118" machi="77" ten="40,2600,0" yaku="1,1,54,1,53,0" doraHai="37" doraHaiUra="36" who="3" fromWho="2" sc="240,0,398,0,235,-35,107,55" /><INIT seed="2,0,0,2,4,115" ten="240,398,200,162" oya="2" hai0="56,41,57,44,31,89,51,30,1,113,106,79,104" hai1="39,13,100,2,3,78,118,25,73,61,74,110,35" hai2="54,83,75,125,88,99,98,28,97,85,15,130,119" hai3="105,121,101,108,8,72,126,27,19,32,58,120,95"/><V69/><F69/><W65/><G105/><T92/><D113/><U87/><E118/><V11/><F119/><W71/><G72/><N who="1" m="27754" /><E87/><V0/><F0/><W16/><G71/><T129/><D129/><U24/><E78/><V93/><F130/><W46/><G108/><T52/><D1/><U53/><E53/><V77/><F125/><W45/><G126/><T90/><D79/><U112/><E13/><V29/><REACH who="2" step="1"/><F54/><REACH who="2" ten="240,398,190,162" step="2"/><W133/><G121/><T96/><D106/><U82/><E3/><V22/><F22/><N who="3" m="13767" /><G120/><T86/><D104/><U70/><E2/><V84/><F84/><W122/><G122/><T66/><D66/><U128/><E70/><V7/><AGARI ba="0,1" hai="7,11,15,28,29,75,77,83,85,88,93,97,98,99" machi="7" ten="30,6000,0" yaku="1,1,0,1,54,1,53,0" doraHai="115" doraHaiUra="20" who="2" fromWho="2" sc="240,-20,398,-20,190,70,162,-20" /><INIT seed="2,1,0,4,5,32" ten="220,378,260,142" oya="2" hai0="2,125,13,40,108,37,94,100,131,36,61,54,20" hai1="65,7,73,12,80,46,91,21,93,16,55,68,81" hai2="85,117,1,41,119,6,84,90,25,74,14,133,26" hai3="27,71,132,75,97,82,130,111,60,66,76,72,134"/><V107/><F74/><N who="3" m="43287" /><G27/><T95/><D108/><U28/><E73/><N who="3" m="28234" /><G60/><T62/><D54/><U35/><E35/><V103/><F133/><N who="3" m="51307" /><G66/><T69/><D61/><U102/><E102/><V129/><F103/><W67/><G67/><T89/><D62/><U120/><E120/><V34/><F34/><W57/><G57/><T121/><D69/><U112/><E112/><V99/><F14/><W77/><G71/><T63/><D63/><U52/><E28/><V38/><F41/><W3/><G3/><T87/><D2/><U114/><E55/><V115/><F38/><W51/><G51/><T88/><D40/><U24/><E65/><V50/><F50/><W109/><G130/><T127/><D131/><U4/><E24/><V98/><F6/><W135/><N who="3" m="51315" /><W128/><DORA hai="79" /><G128/><T86/><D37/><U101/><E4/><V110/><F1/><W118/><G118/><T15/><D36/><U8/><E52/><V31/><F31/><W44/><G44/><T105/><D20/><U48/><E21/><V56/><F56/><W19/><G19/><T39/><D39/><U17/><E17/><V123/><F129/><W45/><G45/><T33/><D33/><U59/><E59/><V126/><F25/><W64/><G64/><T113/><D13/><U29/><E12/><V58/><F26/><W116/><G116/><T11/><D15/><U22/><E7/><V9/><F58/><W0/><G0/><T96/><D11/><U10/><E10/><V83/><F119/><W43/><G77/><T49/><D49/><U122/><E68/><V124/><F117/><RYUUKYOKU ba="1,0" sc="220,0,378,0,260,0,142,0" /><INIT seed="3,2,0,3,0,12" ten="220,378,260,142" oya="3" hai0="74,30,42,32,73,105,88,16,125,104,128,21,55" hai1="22,127,43,72,129,102,52,65,33,0,6,50,29" hai2="71,109,57,49,80,67,44,4,64,91,9,19,124" hai3="98,53,135,134,48,83,8,54,126,114,61,122,5"/><W28/><G122/><T103/><D128/><U2/><E33/><V68/><F109/><W38/><G114/><T56/><D125/><U92/><E72/><V111/><F111/><W118/><G118/><T34/><D42/><U41/><E65/><V97/><F124/><W89/><G38/><T24/><D32/><U110/><E110/><V39/><F39/><W62/><G126/><T26/><D104/><U46/><E127/><V82/><F57/><W106/><G28/><T121/><D121/><U99/><E2/><V78/><F68/><W120/><G120/><T27/><D27/><N who="1" m="16631" /><E0/><V31/><F31/><W79/><G89/><T13/><D13/><U70/><E70/><V37/><F71/><W51/><G98/><T35/><D88/><U17/><E6/><V119/><F37/><W123/><G106/><T7/><D7/><U63/><E129/><V18/><F91/><W108/><G123/><T116/><D56/><N who="1" m="35207" /><E17/><V77/><F97/><W66/><G108/><T58/><D21/><U10/><E10/><V69/><F69/><W40/><G40/><AGARI ba="2,0" hai="40,41,43,46,50,92,99,102" m="35207,16631" machi="40" ten="30,2000,0" yaku="8,1,54,1" doraHai="12" who="1" fromWho="3" sc="220,0,378,26,260,0,142,-26" owari="220,-18.0,404,50.4,260,6.0,116,-38.4" /></mjloggm>