<mjloggm ver="2.3"><GO type="225" lobby="0"/><UN n0="%E3%81%8B%E3%82%8F%E3%81%A1%E3%82%83%E3%82%93%35%38" n1="%74%75%72%74%6C%65%2E" n2="%E6%81%A5%E6%99%92%E3%81%97" n3="%E9%A6%AC%E5%BC%95%E7%81%AB%33" dan="16,16,16,16" rate="2112.80,2078.23,2118.52,2118.26" sx="M,M,M,M"/><TAIKYOKU oya="0"/><INIT seed="0,0,0,2,0,14" ten="250,250,250,250" oya="0" hai0="62,26,94,21,10,2,54,61,45,121,106,130,81" hai1="119,129,50,15,49,8,108,47,87,76,79,9,53" hai2="107,63,43,110,4,74,1,96,115,89,64,11,118" hai3="46,123,103,92,17,30,12,134,66,80,40,77,70"/><T111/><D106/><U0/><E119/><V69/><F115/><W100/><G134/><T56/><D121/><U133/><E133/><V34/><F118/><W102/><G123/><T16/><D130/><U120/><E129/><V37/><F110/><W126/><G126/><T83/><D111/><U58/><E120/><V71/><F74/><W36/><G30/><T60/><D45/><U33/><E33/><V67/><F34/><W38/><G66/><T117/><D117/><U31/><E31/><V51/><F51/><W73/><G70/><T90/><D10/><U65/><E108/><V93/><F107/><W128/><G128/><T27/><D27/><U68/><E68/><V98/><F98/><W116/><G116/><T88/><D90/><U97/><E97/><V112/><F112/><W18/><G92/><T132/><D2/><U48/><E8/><V57/><REACH who="2" step="1"/><F67/><REACH who="2" ten="250,250,240,250" step="2"/><W127/><G127/><T6/><D132/><U44/><E65/><V20/><F20/><W42/><G12/><T101/><D101/><U85/><E0/><V35/><F35/><W72/><G72/><T95/><D6/><U109/><E109/><V28/><F28/><W114/><G114/><T25/><D25/><U39/><E39/><V131/><F131/><W135/><G135/><T13/><D13/><U84/><E44/><AGARI ba="0,1" hai="1,4,11,37,43,44,57,63,64,69,71,89,93,96" machi="44" ten="40,1300,0" yaku="1,1,53,0" doraHai="14" doraHaiUra="75" who="2" fromWho="1" sc="250,0,250,-13,240,23,250,0" /><AGARI ba="0,0" hai="17,18,36,38,40,42,44,46,73,77,80,100,102,103" machi="44" ten="40,5200,0" yaku="9,1,52,2" doraHai="14" who="3" fromWho="1" sc="250,0,237,-52,263,0,250,52" /><INIT seed="1,0,0,1,3,16" ten="250,185,263,302" oya="1" hai0="128,115,76,127,36,33,93,28,51,30,85,14,88" hai1="124,99,46,116,19,57,34,100,104,15,82,37,110" hai2="52,11,24,25,69,90,131,40,4,117,7,71,47" hai3="65,63,107,125,133,35,94,44,42,122,54,98,12"/><U0/><E116/><V120/><F117/><W66/><G122/><T126/><D36/><U95/><E0/><V41/><F120/><W48/><G107/><T121/><D121/><U89/><E34/><V13/><F131/><W86/><G35/><T123/><D123/><U80/><E124/><N who="0" m="47657" /><D33/><U77/><E57/><V27/><F4/><W97/><G133/><T45/><D115/><U8/><E110/><V20/><F71/><W83/><G12/><T2/><D2/><U91/><E91/><V114/><F69/><W58/><G125/><T67/><D128/><U60/><E60/><V113/><F90/><N who="3" m="55511" /><G98/><T78/><D14/><U6/><E6/><V75/><F75/><W38/><G38/><T112/><D67/><U72/><E80/><V22/><F52/><W87/><G87/><N who="0" m="52383" /><D112/><N who="2" m="43114" /><F41/><W18/><G18/><T1/><D1/><U135/><E135/><V79/><F79/><AGARI ba="0,0" hai="42,44,48,54,58,63,65,66,79,83,86" m="55511" machi="79" ten="30,1000,0" yaku="8,1" doraHai="16" who="3" fromWho="2" sc="250,0,185,0,263,-10,302,10" /><INIT seed="2,0,0,4,3,133" ten="250,185,253,312" oya="2" hai0="18,25,126,117,54,12,35,111,100,4,44,82,79" hai1="37,113,30,112,68,104,7,107,9,10,108,94,56" hai2="77,32,93,11,75,74,71,65,97,109,21,38,41" hai3="123,31,0,48,45,130,88,15,1,8,125,72,98"/><V135/><F135/><W85/><G125/><T13/><D111/><U84/><E68/><V128/><F32/><W124/><G124/><T115/><D115/><U55/><E37/><V83/><F128/><W95/><G72/><T129/><D126/><U63/><E108/><V2/><F109/><W70/><G70/><T80/><D100/><U90/><E30/><V86/><F21/><W34/><G123/><T67/><D67/><U66/><E113/><V122/><F122/><W132/><G130/><T49/><D129/><U61/><E112/><V47/><F65/><W69/><G69/><T118/><D4/><U64/><E10/><V106/><F71/><W53/><G132/><T89/><D89/><U57/><REACH who="1" step="1"/><E55/><REACH who="1" ten="250,175,253,312" step="2"/><V121/><F121/><W51/><G53/><T134/><D134/><U36/><E36/><V99/><F11/><W114/><G31/><T29/><D29/><U120/><E120/><V5/><F38/><W50/><G8/><T101/><D35/><U102/><E102/><V62/><F41/><W39/><G39/><T22/><D101/><U78/><E78/><V60/><F77/><W73/><G34/><T17/><D79/><U16/><E16/><V103/><F103/><W23/><G114/><T96/><D18/><U91/><E91/><V92/><F5/><W3/><G88/><T27/><D17/><U131/><E131/><V87/><F75/><W40/><G73/><T46/><D54/><U20/><E20/><V59/><F74/><W116/><G23/><T42/><D22/><U26/><E26/><N who="0" m="9737" /><D42/><U24/><E24/><V28/><F28/><RYUUKYOKU ba="0,1" sc="250,-10,175,30,253,-10,312,-10" hai1="7,9,56,57,61,63,64,66,84,90,94,104,107" /><INIT seed="3,1,1,3,2,25" ten="240,205,243,302" oya="3" hai0="4,113,133,17,66,34,90,77,95,12,16,62,22" hai1="33,3,74,96,92,84,53,2,87,51,14,103,112" hai2="122,70,110,63,43,35,11,8,101,20,73,26,50" hai3="58,49,115,134,15,130,85,76,81,120,65,31,100"/><W39/><G115/><T109/><D34/><U86/><E112/><V126/><F35/><W10/><G39/><T37/><D113/><U55/><E33/><V93/><F73/><W131/><G120/><T104/><D104/><U106/><E74/><V61/><F122/><W99/><G134/><T114/><D114/><U108/><E108/><V72/><F72/><W21/><G21/><T94/><D37/><U98/><E14/><V135/><F110/><W117/><G117/><T127/><D109/><U40/><E40/><V41/><F126/><W124/><G124/><T48/><D77/><U36/><E36/><V52/><F70/><W118/><G118/><T47/><D127/><U42/><E42/><V82/><F82/><W44/><G65/><T9/><D133/><U71/><E71/><V80/><F80/><W91/><G58/><N who="0" m="37207" /><D22/><U75/><E75/><V105/><F105/><W78/><G78/><T5/><D17/><U60/><E60/><N who="2" m="23115" /><F41/><W6/><G76/><T69/><D69/><U116/><E116/><V111/><F43/><W128/><G128/><T88/><D94/><U46/><REACH who="1" step="1"/><E55/><REACH who="1" ten="240,195,243,302" step="2"/><V89/><F111/><W125/><G131/><T56/><D12/><U64/><E64/><V83/><F52/><W107/><G130/><T45/><D48/><U129/><E129/><V32/><F50/><W28/><G125/><T7/><D7/><U59/><E59/><V38/><F38/><W57/><G57/><T79/><D56/><U1/><E1/><V0/><F0/><W97/><G49/><T13/><D4/><U27/><E27/><V23/><F26/><RYUUKYOKU ba="1,2" sc="240,-10,195,30,243,-10,302,-10" hai1="2,3,46,51,53,84,86,87,92,96,98,103,106" /><INIT seed="4,2,2,0,4,61" ten="230,225,233,292" oya="0" hai0="60,84,121,41,80,125,12,49,92,87,111,69,85" hai1="2,100,21,114,135,118,124,103,66,112,59,68,70" hai2="45,97,65,91,116,109,57,78,53,25,119,18,132" hai3="99,30,33,46,31,47,94,19,39,40,4,32,22"/><T5/><D121/><U42/><E118/><N who="2" m="45099" /><F109/><W35/><G4/><T106/><D106/><U129/><E2/><V113/><F113/><N who="1" m="43625" /><E135/><V89/><F132/><W3/><G3/><T8/><D111/><U81/><E129/><V38/><F78/><W128/><G47/><N who="0" m="25839" /><D125/><U96/><E124/><V63/><F97/><W37/><G37/><T56/><D92/><N who="1" m="58375" /><E103/><V104/><F104/><W62/><G128/><T44/><D44/><U107/><E107/><V134/><F134/><W16/><G46/><T43/><D69/><U20/><E42/><N who="2" m="22743" /><F53/><W79/><G40/><T51/><D51/><U9/><E81/><V122/><F122/><W86/><G39/><T88/><D43/><U27/><E9/><V101/><F101/><W17/><G94/><T95/><D95/><U127/><E127/><V76/><F76/><W54/><G79/><T105/><D105/><U14/><E14/><V123/><F123/><W0/><G0/><T75/><D75/><U115/><N who="1" m="43633" /><U34/><DORA hai="131" /><E34/><V133/><F133/><W7/><G35/><T23/><D23/><AGARI ba="2,2" hai="18,23,25,57,63,65,89,91" m="22743,45099" machi="23" ten="30,2000,0" yaku="12,1,52,1" doraHai="61,131" who="2" fromWho="0" sc="230,-26,225,0,233,46,292,0" /><INIT seed="5,0,0,5,1,40" ten="204,225,279,292" oya="1" hai0="126,76,106,7,83,129,114,65,34,109,32,69,103" hai1="10,54,84,31,124,93,81,38,68,62,15,75,53" hai2="35,73,82,28,86,115,47,6,37,0,13,11,120" hai3="45,90,41,78,77,26,64,21,23,17,57,132,70"/><U33/><E38/><V121/><F115/><W128/><G70/><T16/><D109/><U95/><E75/><V46/><F73/><W39/><G128/><T122/><D7/><U22/><E33/><V71/><F71/><W123/><G123/><T94/><D94/><U27/><E124/><V113/><F113/><W52/><G64/><T104/><D114/><U72/><E72/><V29/><F37/><W20/><G20/><T131/><D126/><U48/><E68/><V63/><F0/><W130/><G132/><T107/><D103/><U85/><E54/><V88/><F35/><N who="0" m="13354" /><D16/><U79/><E85/><N who="2" m="50231" /><F120/><W98/><G23/><T108/><D122/><U87/><E87/><V19/><F121/><W14/><G14/><T18/><D18/><N who="1" m="8567" /><E62/><V12/><F86/><W118/><G118/><T51/><D51/><U66/><E66/><V125/><F63/><N who="3" m="36263" /><G130/><N who="0" m="49675" /><D108/><U61/><E61/><V111/><F125/><W92/><AGARI ba="0,0" hai="17,21,26,39,41,45,77,78,90,92,98" m="36263" machi="92" ten="30,4000,0" yaku="25,1,52,1,54,1" doraHai="40" who="3" fromWho="3" sc="204,-10,225,-20,279,-10,292,40" owari="194,-30.6,205,-19.5,269,6.9,332,43.2" /></mjloggm>