<mjloggm ver="2.3"><GO type="225" lobby="0"/><UN n0="%E3%81%A4%E3%81%A3%E3%81%B1%E3%82%8A%E3%83%9D%E3%83%BC%E3%83%AB" n1="%E3%83%96%E3%83%83%E3%83%91%E3%82%AA%E3%83%96%E3%83%81%E3%82%AD%E3%83%B3" n2="%E4%BF%BA%E3%81%A8%E5%A6%96%E5%A4%A2" n3="%E3%83%81%E3%83%83%E3%82%BF%E3%82%BD%E3%83%BC" dan="17,16,16,16" rate="2152.43,2113.25,2096.90,2115.44" sx="M,M,F,F"/><TAIKYOKU oya="0"/><INIT seed="0,0,0,4,1,84" ten="250,250,250,250" oya="0" hai0="109,83,89,33,110,105,116,67,115,125,80,43,62" hai1="128,118,30,36,59,90,102,106,127,16,95,99,21" hai2="111,86,107,27,4,76,121,104,13,50,113,2,20" hai3="85,19,46,64,22,12,34,29,9,69,63,103,97"/><T77/><D116/><U14/><E127/><V120/><F113/><W73/><G73/><T1/><D115/><U15/><E128/><V74/><F2/><W135/><G135/><T48/><D33/><U117/><E36/><V123/><F74/><W41/><G85/><N who="0" m="50367" /><D105/><U58/><E30/><V37/><F37/><W75/><G75/><N who="0" m="43071" /><D1/><U54/><E14/><V108/><F50/><W57/><G34/><T60/><D125/><U6/><E6/><V8/><F86/><W10/><G69/><T119/><D67/><U70/><E70/><V47/><BYE who="1" /><F76/><W61/><G61/><T0/><D0/><UN n1="%E3%83%96%E3%83%83%E3%83%91%E3%82%AA%E3%83%96%E3%83%81%E3%82%AD%E3%83%B3" /><U51/><REACH who="1" step="1"/><E59/><REACH who="1" ten="250,240,250,250" step="2"/><V101/><F120/><W31/><G29/><T3/><D119/><U88/><E88/><V38/><F121/><W25/><G31/><T79/><D3/><U66/><E66/><V53/><F123/><W134/><G12/><T45/><D79/><U24/><E24/><V96/><F38/><W68/><G68/><T81/><D81/><U82/><E82/><V126/><F126/><W44/><G10/><T122/><D122/><U7/><E7/><V42/><F27/><W114/><G9/><T49/><D49/><U32/><E32/><V92/><F20/><W132/><G114/><T5/><D5/><U17/><E17/><V11/><F4/><W35/><G35/><T98/><D62/><U56/><E56/><V26/><F8/><W18/><G19/><T39/><D60/><U91/><E91/><V65/><F11/><W87/><G18/><T72/><D39/><U133/><E133/><V100/><F13/><W28/><G134/><RYUUKYOKU ba="0,1" sc="250,-10,240,30,250,-10,250,-10" hai1="15,16,21,51,54,58,90,95,99,102,106,117,118" /><INIT seed="1,1,1,0,0,73" ten="240,270,240,240" oya="1" hai0="9,21,72,60,66,75,61,16,38,37,126,56,67" hai1="31,134,44,118,110,100,79,39,40,90,23,85,50" hai2="77,117,1,84,130,107,92,28,104,133,48,128,105" hai3="26,83,125,25,64,103,2,8,111,89,33,127,109"/><U119/><E134/><V129/><F1/><W124/><G103/><T0/><D126/><U115/><E115/><V93/><F28/><W5/><G64/><T94/><D94/><U99/><E39/><V19/><F133/><W29/><G25/><T15/><D38/><U71/><E71/><V17/><F48/><W54/><G54/><T3/><D37/><U35/><E35/><V114/><F114/><W122/><G122/><T24/><D3/><U20/><E110/><N who="3" m="41994" /><G89/><T98/><D98/><U41/><E41/><V96/><F117/><W101/><G101/><T49/><D49/><U97/><E97/><V121/><F121/><W62/><G62/><T78/><D78/><U102/><E100/><N who="2" m="60423" /><F93/><W81/><AGARI ba="1,1" hai="2,5,8,26,29,33,81,83,124,125,127" m="41994" machi="81" ten="40,2700,0" yaku="18,1,14,1" doraHai="73" who="3" fromWho="3" sc="240,-8,270,-14,240,-8,240,40" /><INIT seed="2,0,0,1,5,133" ten="232,256,232,280" oya="2" hai0="66,17,95,29,105,97,48,119,79,7,27,87,107" hai1="3,4,18,89,130,8,129,96,99,77,78,116,24" hai2="0,15,40,110,60,75,104,6,68,127,125,135,86" hai3="41,26,46,39,126,122,30,63,85,92,114,69,108"/><V14/><F75/><W101/><G108/><T37/><D37/><U61/><E116/><V1/><F104/><W109/><G109/><T12/><D119/><U45/><E45/><V73/><F73/><W111/><G111/><T128/><D128/><N who="1" m="49259" /><E61/><V25/><F110/><W67/><G122/><T59/><D7/><U80/><E89/><V72/><F72/><W102/><G114/><T44/><D87/><N who="1" m="48527" /><E78/><V49/><F135/><W81/><G92/><T10/><D79/><U115/><E115/><V64/><F86/><W100/><G126/><N who="2" m="48137" /><F49/><W70/><G70/><T5/><D59/><U42/><E42/><V117/><F117/><W88/><REACH who="3" step="1"/><G102/><REACH who="3" ten="232,256,232,270" step="2"/><T9/><D95/><U74/><E74/><V131/><F131/><W21/><AGARI ba="0,1" hai="21,26,30,39,41,46,63,67,69,81,85,88,100,101" machi="21" ten="20,12000,2" yaku="1,1,2,1,0,1,7,1,54,1,53,1" doraHai="133" doraHaiUra="56" who="3" fromWho="3" sc="232,-30,256,-30,232,-60,270,130" /><INIT seed="3,0,0,1,0,58" ten="202,226,172,400" oya="3" hai0="67,31,90,66,105,100,87,44,92,85,37,4,19" hai1="15,79,2,49,114,28,80,94,39,103,32,0,110" hai2="106,35,78,84,29,21,63,26,128,96,9,86,40" hai3="116,126,97,123,5,107,117,120,65,27,17,20,25"/><W61/><G126/><T122/><D122/><U8/><E39/><V64/><F128/><W98/><G5/><T74/><D74/><U104/><E110/><V124/><F124/><W55/><G55/><T48/><D37/><U47/><E104/><V77/><F40/><W60/><G65/><N who="0" m="24587" /><D105/><U45/><E45/><V6/><F78/><W46/><G107/><T56/><D100/><U69/><E114/><V118/><F118/><W16/><G46/><T41/><D4/><U52/><E69/><V72/><F72/><W102/><G102/><T54/><D31/><U36/><E36/><V88/><F77/><W112/><G20/><T133/><D133/><U22/><E32/><V42/><F42/><W18/><G17/><T3/><D3/><U11/><E94/><V119/><F119/><W132/><G132/><T68/><D68/><U101/><E2/><V108/><F108/><W113/><AGARI ba="0,0" hai="16,18,25,27,60,61,97,98,112,113,116,117,120,123" machi="113" ten="25,18000,2" yaku="0,1,22,2,52,2,54,1" doraHai="58" who="3" fromWho="3" sc="202,-60,226,-60,172,-60,400,180" owari="142,-25.8,166,-3.4,112,-38.8,580,68.0" /></mjloggm>