<mjloggm ver="2.3"><GO type="225" lobby="0"/><UN n0="%E3%81%A0%E3%81%8A" n1="%E3%83%94%E3%83%B3%E3%82%B5%E3%83%AD%E5%BA%97%E5%93%A1" n2="%E5%8F%AF%E5%85%90%E9%82%A3%E7%94%B1%E5%A4%9A" n3="%EF%BC%AE%EF%BC%A1%EF%BC%AF%33%33%39" dan="17,17,16,16" rate="2082.56,2188.13,2103.89,2121.64" sx="M,M,F,M"/><TAIKYOKU oya="0"/><INIT seed="0,0,0,4,2,64" ten="250,250,250,250" oya="0" hai0="25,76,130,57,73,58,82,86,111,67,126,9,113" hai1="54,17,42,90,0,26,88,103,123,93,71,11,37" hai2="132,69,1,72,55,32,110,66,121,34,84,40,15" hai3="116,92,19,99,45,91,117,28,14,18,24,125,124"/><T3/><D113/><U7/><E123/><V114/><F121/><W118/><G45/><T35/><D126/><N who="3" m="48745" /><G14/><T133/><D73/><U21/><E71/><V31/><F72/><W75/><G75/><T119/><D119/><N who="3" m="30465" /><W95/><DORA hai="12" /><G95/><T127/><D127/><U41/><E54/><V109/><F55/><W112/><G112/><T46/><D46/><U97/><REACH who="1" step="1"/><E37/><REACH who="1" ten="250,240,250,250" step="2"/><V27/><F69/><W50/><G50/><T122/><D122/><U80/><E80/><V102/><F114/><W2/><G2/><T115/><D82/><U5/><E5/><V49/><F1/><W59/><G59/><T108/><D57/><U94/><E94/><V70/><F70/><W129/><G129/><T38/><D58/><U22/><E22/><AGARI ba="0,1" hai="18,19,22,24,28,91,92,99" m="30465,48745" machi="22" ten="40,5200,0" yaku="18,1,52,2" doraHai="64,12" who="3" fromWho="1" sc="250,0,240,-52,250,0,250,62" /><INIT seed="1,0,0,3,5,29" ten="250,188,250,312" oya="1" hai0="59,71,103,67,15,102,69,40,127,30,128,47,107" hai1="91,54,62,3,49,34,50,120,39,92,24,36,58" hai2="66,74,85,90,33,17,126,94,63,70,134,121,96" hai3="93,65,14,97,76,111,75,44,86,123,48,27,84"/><U20/><E120/><V77/><F121/><W110/><G123/><T106/><D127/><U133/><E3/><V53/><F126/><W43/><G65/><T129/><D59/><U89/><E133/><V113/><F134/><W5/><G27/><T35/><D103/><U115/><E115/><V119/><F119/><W88/><G75/><T100/><D100/><U72/><E72/><V21/><F113/><W64/><G64/><T18/><D102/><U23/><E34/><V82/><F53/><W46/><G46/><T61/><D71/><U11/><E11/><V108/><F108/><N who="3" m="41515" /><G76/><T45/><D45/><U10/><E10/><AGARI ba="0,0" hai="5,10,14,43,44,48,84,86,88,93,97" m="41515" machi="10" ten="30,2000,0" yaku="14,1,54,1" doraHai="29" who="3" fromWho="1" sc="250,0,188,-20,250,0,312,20" /><INIT seed="2,0,0,1,4,110" ten="250,168,250,332" oya="2" hai0="29,116,2,20,26,92,13,62,123,4,5,128,25" hai1="48,89,28,99,88,78,51,119,120,11,131,98,36" hai2="50,57,87,133,59,52,0,22,45,19,93,107,40" hai3="9,39,91,23,64,117,49,104,103,70,115,84,58"/><V94/><F107/><W109/><G39/><T102/><D123/><U60/><E119/><V97/><F0/><W10/><G70/><T63/><D128/><U124/><E36/><V1/><F1/><W75/><G75/><T100/><D2/><U34/><E131/><V74/><F74/><W127/><G117/><T112/><D112/><U47/><E120/><V17/><F133/><W27/><G103/><T125/><D125/><U14/><E124/><V134/><F134/><W30/><G104/><T37/><D37/><U41/><E78/><V130/><F130/><W85/><G85/><T61/><D25/><U43/><E60/><V79/><F40/><W135/><G135/><T106/><D106/><U42/><E34/><V129/><F129/><W80/><G109/><T31/><D31/><U111/><E28/><V65/><F65/><W96/><G96/><N who="1" m="36906" /><E111/><V38/><F38/><W81/><G81/><T67/><D92/><N who="2" m="35434" /><F97/><W101/><G101/><T90/><D67/><U53/><E51/><V132/><F132/><W7/><G127/><T24/><D102/><U72/><E72/><V44/><F59/><W105/><G105/><T46/><D100/><U35/><E35/><V108/><F108/><W69/><G69/><T18/><D116/><U77/><E77/><V122/><F122/><W32/><G32/><T121/><D121/><U95/><E95/><V15/><F19/><AGARI ba="0,0" hai="11,14,19,41,42,43,47,48,53,88,89" m="36906" machi="19" ten="30,2000,0" yaku="8,1,54,1" doraHai="110" who="1" fromWho="2" sc="250,0,168,20,250,-20,332,0" /><INIT seed="3,0,0,4,4,134" ten="250,188,230,332" oya="3" hai0="87,56,20,46,81,27,41,58,10,124,88,77,97" hai1="129,42,14,118,17,36,34,4,128,68,24,19,78" hai2="6,38,125,57,108,64,49,18,72,89,86,39,23" hai3="98,32,33,25,60,55,47,100,130,43,93,54,101"/><W85/><G130/><N who="1" m="50282" /><E68/><V105/><F72/><W52/><G100/><T0/><D124/><U48/><E48/><V40/><F105/><W90/><G60/><T103/><D77/><U119/><E42/><V104/><F104/><W109/><G25/><T53/><D53/><U116/><E36/><V79/><F79/><W126/><G126/><T65/><D65/><U135/><E78/><V3/><F125/><W59/><G59/><T113/><D10/><N who="1" m="4423" /><E135/><V95/><F40/><W62/><G62/><T123/><D0/><U26/><E26/><V35/><F64/><W5/><G47/><T96/><D27/><U92/><E92/><V67/><F67/><W50/><G50/><T75/><D75/><U44/><E44/><V74/><F74/><W28/><G43/><T106/><D46/><U9/><E9/><N who="2" m="2271" /><F39/><W73/><G73/><T66/><D106/><U110/><E110/><V69/><F108/><W107/><G109/><T127/><D127/><U7/><E7/><V30/><F38/><W91/><G5/><T15/><D41/><U37/><E37/><V8/><F8/><W84/><G55/><T133/><D66/><U94/><E94/><V71/><F49/><W114/><G52/><T112/><D133/><U99/><E99/><V120/><F57/><W1/><G98/><T76/><D96/><U132/><E132/><V63/><F71/><W16/><G54/><T131/><D97/><U12/><E12/><N who="2" m="9671" /><F69/><W11/><G107/><T13/><D56/><U83/><E83/><V2/><F95/><W80/><G11/><T29/><D58/><U45/><E45/><RYUUKYOKU ba="0,0" sc="250,-10,188,30,230,-10,332,-10" hai1="17,19,24,34,116,118,119" owari="240,4.0,218,-28.2,220,-18.0,322,42.2" /></mjloggm>