<mjloggm ver="2.3"><GO type="225" lobby="0"/><UN n0="%E3%81%90%E3%81%A1%E3%82%84%E3%81%BE" n1="%E3%80%90%E3%83%88%E3%83%AA%E3%83%A5%E3%83%95%E3%80%91" n2="%E3%81%95%E3%81%8D%E3%81%9F%E3%81%BE%E6%9E%97%E6%AA%8E" n3="%E6%81%A5%E6%99%92%E3%81%97" dan="16,16,16,16" rate="2128.62,2122.37,2109.23,2176.46" sx="M,M,M,M"/><TAIKYOKU oya="0"/><INIT seed="0,0,0,5,3,79" ten="250,250,250,250" oya="0" hai0="81,27,61,63,58,55,49,92,112,127,30,107,20" hai1="59,8,132,96,44,33,18,56,53,100,70,104,103" hai2="19,129,109,34,12,3,24,66,4,41,90,97,50" hai3="5,21,101,87,75,113,31,17,111,51,108,106,82"/><T32/><D107/><U105/><E132/><V77/><F77/><W1/><G113/><T60/><D112/><U130/><E130/><V15/><F129/><W47/><G75/><T62/><D127/><U121/><E121/><V36/><F36/><W126/><G126/><T91/><N who="0" m="15360" /><DORA hai="110" /><T134/><D134/><U86/><E70/><V115/><F66/><W133/><G133/><T131/><D131/><U80/><E33/><V26/><F115/><W119/><G119/><T125/><D125/><U2/><E103/><V0/><F109/><W38/><G38/><T69/><D69/><U95/><E44/><V11/><F50/><W71/><G31/><T73/><D73/><U128/><E128/><V48/><F48/><W65/><G5/><T120/><D120/><U68/><E68/><V67/><F67/><W43/><G1/><N who="2" m="585" /><F90/><W89/><G65/><T28/><D32/><U123/><E53/><V37/><F97/><W122/><G122/><T116/><D116/><U52/><E123/><V85/><F85/><W74/><G71/><T23/><D81/><U117/><E117/><V102/><F102/><W46/><G46/><T57/><D58/><U22/><E59/><V16/><F41/><W29/><G29/><N who="0" m="17639" /><D23/><U99/><E105/><V14/><F37/><W78/><G101/><T40/><D40/><U135/><E135/><V76/><F76/><W83/><REACH who="3" step="1"/><G106/><REACH who="3" ten="250,250,250,240" step="2"/><T114/><D114/><U45/><E100/><V35/><F35/><W7/><G7/><T39/><D39/><U98/><E104/><V72/><F72/><W6/><G6/><T118/><D118/><RYUUKYOKU ba="0,1" sc="250,15,250,-15,250,-15,240,15" hai0="28,30,49,55,57,91,92" hai3="17,21,43,47,51,74,78,82,83,87,89,108,111" /><INIT seed="0,1,1,4,2,79" ten="265,235,235,255" oya="0" hai0="22,27,58,50,8,55,75,2,131,16,77,28,82" hai1="43,73,35,53,129,110,97,120,69,24,40,105,100" hai2="4,7,46,42,20,78,1,68,127,56,123,96,76" hai3="111,9,57,21,59,6,124,62,26,117,18,34,65"/><T52/><D131/><U90/><E120/><V63/><F123/><W133/><G117/><T92/><D92/><U121/><E121/><V132/><F68/><W71/><G111/><T5/><REACH who="0" step="1"/><D55/><REACH who="0" ten="255,235,235,255" step="2"/><U47/><E129/><V70/><F132/><W95/><G95/><T99/><D99/><U39/><E53/><V29/><F96/><W135/><G133/><T45/><D45/><U41/><E47/><V36/><F127/><W49/><G124/><T37/><D37/><U109/><E39/><V30/><F46/><W44/><G135/><T103/><D103/><U72/><E90/><V114/><F36/><W93/><G93/><T106/><D106/><U60/><E109/><V85/><F114/><W17/><G44/><T119/><D119/><U66/><REACH who="1" step="1"/><E110/><REACH who="1" ten="255,225,235,255" step="2"/><V122/><F122/><W74/><G59/><T126/><D126/><U118/><E118/><V3/><F56/><W64/><G57/><T102/><D102/><U86/><E86/><V115/><F85/><W32/><G71/><T80/><D80/><U23/><E23/><V116/><F20/><W89/><G21/><T88/><D88/><U87/><E87/><V13/><F70/><W54/><G89/><T83/><D83/><U31/><AGARI ba="1,3" hai="24,31,35,40,41,43,60,66,69,72,73,97,100,105" machi="31" ten="30,7900,0" yaku="1,1,0,1,25,2,53,0" doraHai="79" doraHaiUra="48" who="1" fromWho="1" sc="255,-40,225,112,235,-21,255,-21" /><INIT seed="1,0,0,5,4,114" ten="215,337,214,234" oya="1" hai0="24,1,2,23,17,133,25,29,100,37,82,58,51" hai1="9,44,121,105,18,85,52,71,3,61,120,11,70" hai2="19,45,108,101,84,14,130,21,4,68,40,103,55" hai3="22,90,88,128,28,49,73,46,122,67,63,59,80"/><U39/><E105/><V116/><F116/><W127/><G122/><T6/><D37/><U76/><E3/><V10/><F130/><W54/><G128/><T16/><D100/><U118/><E118/><V102/><F108/><W87/><G127/><T75/><D75/><U57/><E71/><V74/><F74/><W109/><G73/><T20/><D82/><U126/><E126/><V93/><F68/><W98/><G109/><T123/><D51/><U106/><E106/><V66/><F66/><W79/><REACH who="3" step="1"/><G98/><REACH who="3" ten="215,337,214,224" step="2"/><T99/><D99/><U92/><E120/><V77/><F55/><W115/><G115/><T27/><D123/><U30/><E52/><V132/><F132/><W36/><G36/><T38/><D38/><U111/><E39/><V42/><F45/><W53/><G53/><T110/><D110/><U125/><E44/><V32/><F42/><W89/><G89/><T107/><D133/><U135/><E135/><V0/><F40/><W26/><AGARI ba="0,1" hai="22,26,28,46,49,54,59,63,67,79,80,87,88,90" machi="26" ten="30,7900,0" yaku="1,1,0,1,8,1,54,1,53,0" doraHai="114" doraHaiUra="65" who="3" fromWho="3" sc="215,-20,337,-39,214,-20,224,89" /><INIT seed="2,0,0,0,0,131" ten="195,298,194,313" oya="2" hai0="111,51,73,123,25,124,23,29,65,103,55,61,24" hai1="77,58,116,41,2,37,96,54,60,83,87,107,134" hai2="67,101,52,109,99,11,44,35,38,98,8,62,26" hai3="47,48,93,14,81,106,1,79,85,120,126,97,59"/><V100/><F109/><W36/><G120/><T27/><D123/><U46/><E116/><V92/><F38/><W15/><G1/><T118/><D73/><U128/><E128/><V75/><F75/><W89/><G126/><T130/><D130/><U119/><E2/><V69/><F35/><W115/><G36/><T68/><D124/><U78/><E119/><V64/><F26/><W56/><G106/><T17/><D118/><U127/><E127/><V39/><F67/><W94/><G94/><T22/><D111/><U53/><E134/><V34/><F34/><W66/><G115/><T28/><D103/><U43/><E43/><V133/><F133/><W4/><G66/><T82/><D82/><U6/><E6/><V91/><F91/><W7/><G7/><T112/><D112/><U49/><E96/><V71/><F71/><W113/><G113/><T135/><D135/><U12/><E12/><N who="3" m="4650" /><G4/><T0/><D0/><U18/><E18/><V105/><REACH who="2" step="1"/><F39/><REACH who="2" ten="195,298,184,313" step="2"/><W90/><G89/><T110/><D110/><U114/><E114/><V129/><F129/><W20/><G20/><T42/><D27/><U88/><REACH who="1" step="1"/><E107/><REACH who="1" ten="195,288,184,313" step="2"/><V72/><F72/><W121/><G121/><T30/><REACH who="0" step="1"/><D42/><AGARI ba="0,2" hai="42,47,48,56,59,79,81,85,90,93,97" m="4650" machi="42" ten="30,1000,0" yaku="8,1" doraHai="131" who="3" fromWho="0" sc="195,-10,288,0,184,0,313,30" /><INIT seed="3,0,0,2,2,113" ten="185,288,184,343" oya="3" hai0="18,22,133,55,115,86,56,91,130,35,42,40,82" hai1="96,84,63,108,16,12,27,14,51,70,102,20,53" hai2="106,7,127,119,112,92,10,103,9,77,6,3,64" hai3="78,104,8,89,33,68,29,21,129,74,54,98,80"/><W126/><G68/><T1/><D115/><U95/><E108/><V75/><F112/><W123/><G33/><T118/><D118/><U62/><E84/><V101/><F119/><W85/><G8/><T2/><D35/><U73/><E73/><V0/><F106/><W124/><G123/><T58/><D130/><U19/><E70/><V132/><F132/><W81/><G54/><T52/><D133/><U90/><E102/><V120/><F120/><W26/><G129/><T117/><D117/><U71/><E71/><V48/><F127/><N who="3" m="48683" /><G98/><T50/><D1/><U105/><E105/><AGARI ba="0,0" hai="21,26,29,74,78,80,81,85,89,104,105" m="48683" machi="105" ten="30,1500,0" yaku="18,1" doraHai="113" who="3" fromWho="1" sc="185,0,288,-15,184,0,343,15" owari="185,-21.5,273,7.3,184,-31.6,358,45.8" /></mjloggm>