<mjloggm ver="2.3"><GO type="225" lobby="0"/><UN n0="%73%73%6B%5F%66%72%65%65" n1="%E3%81%8B%E3%82%8F%E3%81%A1%E3%82%83%E3%82%93%35%38" n2="%41%6F%54" n3="%66%67%67%68%68%64%66" dan="16,16,16,16" rate="2123.27,2159.61,2095.49,2089.33" sx="M,M,M,M"/><TAIKYOKU oya="0"/><INIT seed="0,0,0,0,1,47" ten="250,250,250,250" oya="0" hai0="31,45,72,15,116,11,127,25,2,30,7,134,115" hai1="34,132,22,33,77,70,9,79,99,128,19,109,59" hai2="73,3,81,85,117,86,35,24,14,108,88,96,125" hai3="113,69,92,41,135,56,43,61,123,37,51,1,120"/><T95/><D115/><U82/><E70/><V98/><F3/><W131/><G1/><T62/><D116/><U60/><E109/><V53/><F73/><W122/><G92/><T78/><D127/><U126/><E126/><V107/><F125/><W4/><G4/><T124/><D124/><U32/><E132/><V6/><F108/><W40/><G113/><T74/><D134/><U29/><E128/><V114/><F114/><W75/><G75/><T106/><D106/><U42/><E42/><V66/><F107/><W58/><G135/><T91/><D31/><U26/><E99/><V57/><F66/><N who="3" m="41167" /><G37/><T18/><D62/><U111/><E111/><V104/><F104/><W76/><G76/><T63/><D63/><U133/><E133/><V67/><F67/><W12/><G12/><T16/><D78/><U71/><E71/><V64/><F64/><W46/><G131/><T10/><D18/><U54/><E79/><N who="2" m="46271" /><F24/><W130/><G130/><T101/><D101/><U80/><E80/><N who="2" m="49223" /><F35/><W49/><G46/><T65/><D45/><U21/><E9/><N who="2" m="4407" /><F117/><W39/><G39/><T0/><D0/><U118/><E118/><V97/><F97/><W87/><G87/><T103/><D65/><U27/><REACH who="1" step="1"/><E33/><REACH who="1" ten="250,240,250,250" step="2"/><V28/><F28/><W119/><G119/><T50/><D74/><AGARI ba="0,1" hai="19,21,22,26,27,29,32,34,54,59,60,74,77,82" machi="74" ten="30,8000,1" yaku="1,1,2,1,7,1,53,2" doraHai="47" doraHaiUra="20" who="1" fromWho="0" sc="250,-80,240,90,250,0,250,0" /><INIT seed="1,0,0,2,4,14" ten="170,330,250,250" oya="1" hai0="6,20,109,5,24,19,71,2,46,52,32,16,63" hai1="3,28,102,123,10,111,23,56,9,60,37,12,80" hai2="65,39,115,75,106,108,43,30,107,42,129,41,95" hai3="1,51,82,13,79,85,114,53,84,131,133,26,92"/><U98/><E123/><V105/><F39/><W89/><G114/><T17/><D71/><U66/><E37/><V121/><F121/><W48/><G1/><T18/><D109/><U59/><E111/><V94/><F108/><W88/><G133/><T127/><D127/><U73/><E73/><V130/><F75/><W21/><G131/><N who="2" m="50185" /><F30/><W101/><G101/><T0/><D32/><U81/><E3/><V55/><F65/><W45/><G13/><T4/><REACH who="0" step="1"/><D46/><REACH who="0" ten="160,330,250,250" step="2"/><U22/><E59/><AGARI ba="0,1" hai="0,2,4,5,6,16,17,18,19,20,24,52,59,63" machi="59" ten="40,16000,3" yaku="1,1,2,1,52,4,54,2,53,0" doraHai="14" doraHaiUra="90" who="0" fromWho="1" sc="160,170,330,-160,250,0,250,0" /><INIT seed="2,0,0,4,0,45" ten="330,170,250,250" oya="2" hai0="39,131,21,46,127,68,13,112,59,37,126,69,103" hai1="31,9,15,70,114,49,82,116,3,7,110,58,18" hai2="105,11,113,125,29,64,67,104,96,73,75,108,118" hai3="34,28,123,106,6,107,17,83,47,53,55,74,22"/><V24/><F113/><W19/><G123/><T50/><D103/><U66/><E114/><V111/><F118/><W134/><G134/><T36/><D21/><U12/><E116/><V122/><F122/><W97/><G6/><T91/><D91/><U132/><E132/><V38/><F38/><W71/><G71/><N who="0" m="27211" /><D13/><U65/><E110/><N who="2" m="42027" /><F11/><W117/><G55/><N who="0" m="30167" /><D131/><U93/><E70/><V10/><F10/><W41/><G53/><T1/><D1/><U120/><E120/><V27/><F125/><N who="0" m="47626" /><D59/><U124/><E124/><V84/><F84/><W35/><G74/><N who="2" m="28169" /><F96/><W92/><G97/><T80/><D80/><U30/><E82/><V56/><F56/><W51/><G83/><T86/><D86/><U99/><E3/><V129/><F129/><W23/><G117/><T14/><D14/><U42/><E15/><V5/><F5/><W33/><G107/><N who="2" m="41033" /><F24/><W77/><G106/><T119/><D119/><U98/><E7/><V95/><F95/><W0/><G92/><T72/><D72/><U89/><E99/><V63/><F27/><W52/><G0/><T25/><D25/><U61/><REACH who="1" step="1"/><E66/><REACH who="1" ten="330,160,250,250" step="2"/><V62/><F67/><W20/><G35/><T78/><D112/><U115/><E115/><V4/><F64/><W121/><G34/><T32/><D32/><U101/><E101/><V133/><F133/><W94/><G33/><T128/><D128/><U87/><E87/><V57/><F4/><W43/><G121/><T85/><D85/><U130/><E130/><V135/><F135/><W2/><G2/><T44/><D78/><U88/><E88/><V8/><F8/><RYUUKYOKU ba="0,1" sc="330,15,160,15,250,-15,250,-15" hai0="36,37,39,44" hai1="9,12,18,30,31,42,49,58,61,65,89,93,98" /><INIT seed="3,1,1,0,2,90" ten="345,175,235,235" oya="3" hai0="85,73,16,12,125,134,106,45,132,79,92,34,49" hai1="60,10,46,19,109,11,24,36,22,80,130,82,103" hai2="110,40,128,108,66,91,70,54,17,71,76,74,31" hai3="95,20,28,83,65,123,23,62,119,121,2,35,64"/><W112/><G119/><T56/><D106/><U47/><E109/><N who="2" m="42091" /><F128/><W101/><G2/><T26/><D56/><U14/><E130/><V117/><F117/><W27/><G112/><T126/><D73/><U127/><E127/><N who="0" m="48649" /><D26/><U53/><E10/><V122/><F66/><W3/><G3/><T15/><D34/><U59/><E103/><V135/><F40/><W104/><G83/><N who="0" m="47359" /><D92/><U50/><E36/><V61/><F74/><W5/><G5/><T57/><D57/><U77/><E47/><V6/><F71/><W114/><G65/><T88/><D88/><U102/><E102/><V113/><F91/><W116/><G114/><T87/><D87/><U43/><REACH who="1" step="1"/><E77/><REACH who="1" ten="345,165,235,235" step="2"/><V18/><F76/><W41/><G116/><T78/><D78/><U129/><E129/><V81/><F113/><W68/><G101/><T75/><D75/><U44/><E44/><V48/><F6/><AGARI ba="1,2" hai="6,11,14,19,22,24,43,46,50,53,59,60,80,82" machi="6" ten="30,7700,0" yaku="1,1,7,1,8,1,53,1" doraHai="90" doraHaiUra="58" who="1" fromWho="2" sc="345,0,165,100,235,-80,235,0" owari="345,44.5,265,6.5,155,-34.5,235,-16.5" /></mjloggm>