<mjloggm ver="2.3"><GO type="225" lobby="0"/><UN n0="%E9%9B%80%E6%A5%B5%E3%81%AE%E3%81%B8" n1="%E6%98%93%E5%88%A9%E8%96%A9%E4%BC%AF" n2="%43%68%65" n3="%E7%99%BD%E6%97%A5%E9%9B%AA%E8%8F%9C" dan="16,17,16,17" rate="2126.96,2186.94,2117.57,2211.14" sx="M,F,M,M"/><TAIKYOKU oya="0"/><INIT seed="0,0,0,5,0,120" ten="250,250,250,250" oya="0" hai0="110,31,126,87,116,86,80,112,33,83,26,29,104" hai1="108,65,135,66,7,27,121,127,90,1,10,128,119" hai2="40,76,94,49,24,12,89,111,102,46,21,93,41" hai3="22,130,34,113,2,106,118,109,32,23,55,45,100"/><T16/><D112/><U72/><E119/><V124/><F124/><W133/><G118/><T25/><D104/><U30/><E121/><V74/><F111/><W129/><G113/><T39/><D39/><U11/><E128/><N who="3" m="49258" /><G2/><T42/><D42/><U71/><E135/><V95/><F102/><W64/><G64/><T14/><D126/><U5/><E72/><V52/><F74/><W15/><G133/><T17/><D116/><U101/><E101/><V69/><F69/><W60/><G109/><T81/><D110/><U82/><E127/><V67/><F67/><W58/><G45/><T6/><D6/><U103/><E103/><V114/><F76/><W79/><G79/><T38/><D38/><U36/><E36/><V37/><F114/><W78/><G78/><T122/><D122/><U48/><E48/><V117/><F117/><W73/><G73/><T88/><D14/><U115/><E71/><V43/><F12/><W68/><G68/><T51/><D51/><U35/><E115/><V99/><REACH who="2" step="1"/><F37/><REACH who="2" ten="250,250,240,250" step="2"/><W59/><G15/><T63/><D63/><U96/><E108/><V131/><F131/><W54/><G100/><T84/><REACH who="0" step="1"/><D88/><REACH who="0" ten="240,250,240,250" step="2"/><U134/><E90/><V53/><F53/><W91/><G91/><T92/><D92/><U62/><E62/><V18/><AGARI ba="0,2" hai="18,21,24,40,41,43,46,49,52,89,93,94,95,99" machi="18" ten="30,8000,1" yaku="1,1,0,1,8,1,54,1,53,1" doraHai="120" doraHaiUra="44" who="2" fromWho="2" sc="240,-40,250,-20,240,100,250,-20" /><INIT seed="1,0,0,0,5,127" ten="200,230,340,230" oya="1" hai0="113,71,12,111,59,44,105,118,129,125,114,87,107" hai1="15,68,120,53,23,103,0,50,25,96,27,34,98" hai2="83,66,24,61,63,67,28,102,77,5,70,43,116" hai3="49,90,124,91,135,30,100,4,26,2,52,48,134"/><U13/><E0/><V97/><F116/><W39/><G39/><T92/><D59/><U130/><E68/><V47/><F5/><W29/><G124/><T126/><D44/><U46/><E120/><V128/><F128/><W88/><G100/><T117/><D71/><U32/><E130/><V58/><F83/><W22/><G30/><T93/><D12/><U10/><E15/><V95/><F77/><W99/><G99/><T115/><D129/><U75/><E98/><V38/><F24/><W21/><G48/><T65/><D65/><U119/><E75/><V41/><F41/><W78/><G78/><T104/><D111/><U112/><E27/><V60/><F60/><W9/><REACH who="3" step="1"/><G22/><REACH who="3" ten="200,230,340,220" step="2"/><T18/><D125/><U82/><E23/><V55/><F28/><W122/><G122/><T17/><D126/><U11/><E96/><V84/><F84/><W45/><AGARI ba="0,1" hai="2,4,9,21,26,29,45,49,52,88,90,91,134,135" machi="45" ten="30,7900,0" yaku="1,1,0,1,54,2,53,0" doraHai="127" doraHaiUra="57" who="3" fromWho="3" sc="200,-20,230,-39,340,-20,220,89" /><INIT seed="2,0,0,0,5,101" ten="180,191,320,309" oya="2" hai0="11,92,123,109,41,88,64,87,58,0,48,120,59" hai1="135,128,14,72,75,4,114,36,85,26,83,27,112" hai2="108,22,49,32,80,6,78,12,15,73,50,66,116" hai3="20,70,134,102,17,115,76,129,53,29,3,106,42"/><V55/><F116/><W60/><G3/><T104/><D104/><U45/><E128/><V46/><F32/><W54/><G129/><T99/><D109/><U71/><E71/><V74/><F108/><W47/><G29/><T82/><D0/><U93/><E135/><V126/><F126/><W107/><G76/><T44/><D11/><U33/><E93/><V67/><F73/><W117/><G117/><T7/><D7/><U30/><E27/><V37/><F37/><W118/><G118/><T63/><REACH who="0" step="1"/><D59/><REACH who="0" ten="170,191,320,309" step="2"/><U18/><E4/><V127/><F6/><W98/><G107/><T31/><D31/><U38/><E114/><V10/><F10/><W110/><G115/><T34/><D34/><U111/><E112/><V95/><F127/><W77/><G110/><T2/><D2/><U51/><E111/><V43/><F22/><W23/><G23/><T28/><D28/><U100/><E100/><AGARI ba="0,1" hai="41,44,48,58,63,64,82,87,88,92,99,100,120,123" machi="100" ten="30,3900,0" yaku="1,1,7,1,54,1,53,0" doraHai="101" doraHaiUra="133" who="0" fromWho="1" sc="170,49,191,-39,320,0,309,0" /><INIT seed="3,0,0,3,5,107" ten="219,152,320,309" oya="3" hai0="98,62,48,134,123,82,1,64,60,131,105,116,76" hai1="7,94,30,61,52,49,78,21,110,125,120,67,66" hai2="111,135,38,112,12,10,109,71,15,45,36,63,51" hai3="104,0,72,26,35,129,113,50,31,57,4,89,55"/><W106/><G113/><T37/><D37/><U99/><E120/><V34/><F34/><W18/><G129/><T101/><D1/><U117/><E110/><N who="2" m="41995" /><F112/><W86/><G72/><T23/><D131/><U128/><E125/><V118/><F135/><W70/><G70/><T132/><D123/><U24/><E128/><V115/><F115/><W32/><G32/><T6/><D6/><U13/><E117/><V54/><F118/><W27/><G4/><T44/><D23/><U88/><E78/><V79/><F79/><W97/><G0/><T42/><D116/><U122/><E122/><V17/><F15/><W130/><G97/><T80/><D80/><U114/><E114/><V85/><F85/><W46/><G130/><T87/><REACH who="0" step="1"/><D62/><REACH who="0" ten="209,152,320,309" step="2"/><U90/><E61/><V69/><F63/><W127/><G127/><T8/><D8/><U19/><E7/><V84/><F38/><W74/><G74/><T11/><D11/><N who="1" m="6591" /><E90/><V93/><F36/><W133/><G133/><T75/><D75/><U3/><E3/><V100/><F100/><W91/><G91/><AGARI ba="0,1" hai="10,12,17,45,51,54,69,71,84,91,93" m="41995" machi="91" ten="30,1000,0" yaku="14,1" doraHai="107" who="2" fromWho="3" sc="209,0,152,0,320,20,309,-10" owari="209,-19.1,152,-34.8,340,44.0,299,9.9" /></mjloggm>