<mjloggm ver="2.3"><GO type="225" lobby="0"/><UN n0="%70%68%65%6E%6F%6D%65" n1="%E3%82%BC%E3%83%AB%E3%83%80%E3%81%AE%E4%BC%9D%E8%AA%AC" n2="%E9%A6%AC%E5%BC%95%E7%81%AB%33" n3="%E6%9D%B1%E9%A2%A8%E3%81%AE%E3%81%8D%E3%82%83%E3%81%B7%E3%81%95%E3%82%93" dan="16,17,16,16" rate="2173.41,2148.28,2136.68,2188.07" sx="M,M,M,M"/><TAIKYOKU oya="0"/><INIT seed="0,0,0,3,3,129" ten="250,250,250,250" oya="0" hai0="120,27,30,126,135,7,77,19,0,5,2,65,98" hai1="12,102,110,20,60,35,76,31,101,40,66,104,48" hai2="107,103,73,9,94,111,117,133,127,93,97,112,46" hai3="109,45,85,95,36,113,22,114,79,63,28,17,100"/><T13/><D77/><U88/><E110/><V82/><F112/><W87/><G28/><T23/><D98/><U8/><E76/><V89/><F111/><W108/><G63/><T61/><D61/><U86/><E35/><V96/><F9/><W80/><G45/><T91/><D91/><U118/><E104/><V71/><F71/><W16/><G36/><T14/><D65/><U47/><E118/><V32/><F32/><W121/><G121/><T70/><D70/><U84/><E20/><V56/><F56/><W123/><G123/><T49/><D49/><U15/><E31/><V81/><F46/><W24/><G17/><N who="0" m="10671" /><D120/><U119/><E15/><V106/><F117/><W37/><G37/><T11/><D126/><U64/><E119/><V29/><F29/><W44/><G44/><T78/><D78/><U122/><E86/><V75/><F89/><W41/><G41/><T92/><D92/><N who="1" m="54279" /><E122/><V90/><F90/><W74/><G109/><T26/><D26/><U4/><E66/><V6/><F103/><W34/><G108/><T58/><D58/><AGARI ba="0,0" hai="4,8,12,40,47,48,58,60,64,101,102" m="54279" machi="58" ten="30,2000,0" yaku="8,1,54,1" doraHai="129" who="1" fromWho="0" sc="250,-20,250,20,250,0,250,0" /><INIT seed="1,0,0,3,0,16" ten="230,270,250,250" oya="1" hai0="26,89,32,97,102,132,57,135,48,51,7,70,27" hai1="10,108,12,72,111,61,119,45,77,128,66,134,106" hai2="44,31,4,55,30,13,28,8,98,76,107,93,121" hai3="60,59,99,81,42,68,114,69,115,47,92,21,53"/><U64/><E119/><V56/><F121/><W1/><G81/><T104/><D70/><U54/><E106/><V37/><F107/><W103/><G1/><T131/><D131/><U88/><E128/><V101/><F76/><W117/><G117/><T83/><D7/><U25/><E134/><N who="0" m="51241" /><D32/><U38/><E77/><V6/><F6/><W87/><G87/><N who="0" m="50431" /><D57/><U85/><E72/><V58/><F37/><W62/><G62/><T109/><D109/><N who="1" m="42059" /><E25/><AGARI ba="0,0" hai="25,26,27,48,51,97,102,104" m="50431,51241" machi="25" ten="30,1000,0" yaku="20,1" doraHai="16" who="0" fromWho="1" sc="230,10,270,-10,250,0,250,0" /><INIT seed="2,0,0,2,0,119" ten="240,260,250,250" oya="2" hai0="64,22,15,72,51,87,36,73,110,65,40,26,128" hai1="62,84,126,24,97,38,111,81,95,133,94,3,75" hai2="1,60,18,59,98,70,90,66,106,113,27,48,103" hai3="54,101,117,127,42,29,86,31,11,125,82,116,122"/><V88/><F113/><W129/><G42/><T16/><D36/><U53/><E38/><V20/><F1/><W130/><G11/><T12/><D110/><U37/><E37/><V21/><F70/><W123/><G54/><T2/><D2/><U49/><E3/><V14/><REACH who="2" step="1"/><F48/><REACH who="2" ten="240,260,240,250" step="2"/><W56/><G116/><T55/><D128/><N who="3" m="49257" /><G117/><T52/><D72/><U89/><E49/><V50/><F50/><W135/><G56/><T9/><D73/><U5/><E75/><V19/><AGARI ba="0,1" hai="14,18,19,20,21,27,59,60,66,88,90,98,103,106" machi="19" ten="20,7800,0" yaku="1,1,0,1,7,1,54,1,53,0" doraHai="119" doraHaiUra="0" who="2" fromWho="2" sc="240,-26,260,-26,240,88,250,-26" /><INIT seed="2,1,0,1,5,9" ten="214,234,328,224" oya="2" hai0="53,65,108,78,123,1,125,60,52,113,107,95,15" hai1="40,20,38,118,135,64,35,7,8,29,13,111,117" hai2="96,93,12,36,57,46,120,77,68,94,51,126,44" hai3="86,69,43,23,85,116,25,3,75,48,2,34,110"/><V81/><F120/><W16/><G75/><T90/><D123/><U71/><E71/><V131/><F68/><W47/><G69/><T54/><D1/><U128/><E64/><V99/><F126/><W37/><G116/><T133/><D113/><U26/><E40/><V79/><F131/><W87/><G110/><T112/><D112/><U55/><E38/><V88/><F57/><W11/><G34/><T109/><D107/><U82/><E111/><N who="0" m="42569" /><D125/><U4/><E55/><V5/><F36/><W91/><G37/><T98/><D133/><U127/><E82/><V129/><F129/><W130/><G130/><T63/><D78/><U84/><E84/><V61/><F61/><N who="0" m="23626" /><D65/><U134/><E128/><V119/><F119/><N who="1" m="45577" /><E127/><V39/><F39/><W22/><G22/><T30/><D30/><N who="1" m="19927" /><E7/><V10/><F51/><W17/><REACH who="3" step="1"/><G91/><REACH who="3" ten="214,234,328,214" step="2"/><T102/><D90/><U106/><E106/><V42/><F79/><W92/><G92/><T28/><D28/><U89/><E89/><V104/><F104/><W83/><G83/><T124/><D124/><U27/><AGARI ba="1,1" hai="4,8,13,20,27,29,134,135" m="19927,45577" machi="27" ten="30,4000,0" yaku="34,2,52,1" doraHai="9" who="1" fromWho="1" sc="214,-11,234,53,328,-21,214,-11" /><INIT seed="3,0,0,3,3,133" ten="203,287,307,203" oya="3" hai0="60,38,122,103,7,113,36,119,6,16,91,22,61" hai1="87,128,88,130,75,124,123,26,109,85,55,20,33" hai2="10,9,92,78,131,50,39,29,106,94,90,53,82" hai3="96,89,12,31,1,5,76,67,49,98,42,110,116"/><W97/><G1/><T71/><D119/><U115/><E124/><V126/><F126/><W70/><G116/><T99/><D122/><U37/><E123/><V107/><F39/><W100/><G110/><T95/><D113/><U104/><E115/><V56/><F131/><N who="1" m="50217" /><E109/><V121/><F121/><W86/><G31/><T14/><D38/><U117/><E117/><V58/><F29/><W77/><G67/><T46/><D36/><U111/><E111/><V132/><F132/><W34/><G70/><T127/><D127/><U72/><E37/><V45/><F107/><W27/><G27/><T21/><D46/><U80/><E33/><V59/><F106/><W73/><G100/><T102/><D22/><U8/><E104/><V105/><F105/><W44/><G34/><T23/><D23/><U112/><E112/><V48/><F48/><W19/><G5/><N who="0" m="1547" /><D71/><U125/><E125/><V28/><F28/><W2/><G2/><T135/><D135/><U65/><E8/><N who="2" m="3179" /><F78/><W4/><G4/><T64/><D64/><U62/><E85/><AGARI ba="0,0" hai="45,50,53,56,58,59,82,85,90,92,94" m="3179" machi="85" ten="30,1000,0" yaku="8,1" doraHai="133" who="2" fromWho="1" sc="203,0,287,-10,307,10,203,0" owari="203,-19.7,277,7.7,317,41.7,203,-29.7" /></mjloggm>