<mjloggm ver="2.3"><GO type="225" lobby="0"/><UN n0="%E3%83%B4%E3%83%A0%EF%BC%99%E3%81%A6" n1="%4B%2E%32%2E%4B%2E" n2="%E6%A1%9C%E8%8A%B1%E9%96%83%E3%80%85" n3="%E6%81%A5%E6%99%92%E3%81%97" dan="16,17,16,16" rate="2156.63,2183.22,2130.05,2133.32" sx="M,M,M,M"/><TAIKYOKU oya="0"/><INIT seed="0,0,0,1,1,71" ten="250,250,250,250" oya="0" hai0="89,16,63,112,72,127,19,122,4,10,31,133,84" hai1="135,60,104,27,7,120,105,48,47,118,115,77,37" hai2="62,106,46,92,98,8,61,107,5,6,113,97,121" hai3="102,82,116,111,11,69,134,83,39,73,3,96,59"/><T103/><D112/><U15/><E118/><V35/><F113/><W30/><G116/><T54/><D122/><U126/><E115/><V42/><F35/><W56/><G69/><T75/><D127/><U29/><E120/><V34/><F34/><W51/><G111/><T123/><D123/><U70/><E126/><V67/><F121/><W79/><G134/><T88/><D31/><U99/><E135/><V0/><F5/><N who="3" m="1471" /><G51/><T64/><D133/><U117/><E117/><V9/><F9/><W2/><G83/><T95/><D103/><U18/><E7/><V58/><F62/><W22/><G22/><T17/><D89/><U24/><E77/><V38/><REACH who="2" step="1"/><F98/><REACH who="2" ten="250,250,240,250" step="2"/><W44/><G2/><T81/><D81/><U108/><E60/><V50/><F50/><W80/><G96/><T57/><REACH who="0" step="1"/><D64/><REACH who="0" ten="240,250,240,250" step="2"/><U130/><E108/><V91/><AGARI ba="0,2" hai="0,6,8,38,42,46,58,61,67,91,92,97,106,107" machi="91" ten="20,12000,2" yaku="1,1,0,1,7,1,52,1,53,2" doraHai="71" doraHaiUra="101" who="2" fromWho="2" sc="240,-60,250,-30,240,140,250,-30" /><INIT seed="1,0,0,0,1,81" ten="180,220,380,220" oya="1" hai0="100,61,89,60,32,53,87,31,48,40,29,2,10" hai1="6,67,116,90,128,64,135,69,76,123,115,35,14" hai2="126,44,23,132,102,54,11,125,124,20,36,37,41" hai3="111,46,52,88,119,55,92,71,106,17,59,83,26"/><U3/><E115/><V47/><F132/><W91/><G106/><T98/><D2/><U75/><E116/><V19/><F102/><W18/><G71/><T108/><D108/><U84/><E123/><V131/><F131/><W104/><G104/><T68/><D10/><U33/><E135/><V77/><F77/><W9/><G111/><T43/><D43/><U120/><E120/><V56/><F44/><W112/><G112/><T34/><D40/><U99/><E128/><V96/><F96/><W15/><G119/><T25/><D31/><U65/><E69/><V4/><F19/><N who="3" m="8687" /><G26/><T66/><D61/><U13/><E3/><N who="2" m="415" /><F36/><W58/><G46/><T16/><D16/><N who="3" m="6249" /><G83/><T72/><D72/><U133/><E133/><V114/><F114/><W28/><G28/><T39/><D39/><U103/><E33/><V73/><F73/><W62/><G92/><T49/><D32/><U79/><E75/><V78/><F20/><W63/><AGARI ba="0,0" hai="52,55,58,59,62,63,88,91" m="6249,8687" machi="63" ten="30,7900,0" yaku="8,1,54,3" doraHai="81" who="3" fromWho="3" sc="180,-20,220,-39,380,-20,220,79" /><INIT seed="2,0,0,5,2,47" ten="160,181,360,299" oya="2" hai0="120,133,36,39,119,80,124,64,85,122,21,114,72" hai1="101,132,19,44,94,61,128,103,2,50,90,23,117" hai2="65,125,3,67,38,115,30,52,28,87,59,88,66" hai3="127,135,27,78,45,71,26,43,55,42,99,63,46"/><V49/><F115/><W7/><G127/><T108/><D114/><U18/><E117/><V100/><F125/><W57/><G71/><T106/><D124/><U95/><E2/><V102/><F38/><W118/><G118/><T98/><D119/><U24/><E128/><V89/><F3/><W11/><G135/><T51/><D72/><U25/><E132/><V54/><F54/><W15/><G99/><T113/><D133/><U29/><E61/><V48/><F48/><N who="3" m="26679" /><G78/><T58/><D113/><U5/><E5/><V77/><F77/><W130/><G130/><T107/><D108/><U126/><E126/><V76/><F76/><W81/><G81/><T33/><D33/><U6/><E6/><V8/><F8/><W129/><G129/><T79/><D106/><U17/><E24/><V91/><F87/><W22/><G22/><T69/><D69/><U86/><REACH who="1" step="1"/><E95/><REACH who="1" ten="160,171,360,299" step="2"/><V121/><F121/><W131/><G131/><T12/><D122/><U37/><E37/><V110/><F110/><W9/><G26/><T84/><D120/><U20/><E20/><V74/><F74/><W104/><G27/><T60/><D36/><U14/><E14/><V93/><F93/><W97/><G15/><T10/><D39/><U40/><AGARI ba="0,1" hai="17,18,19,23,25,29,40,44,50,86,90,94,101,103" machi="40" ten="30,12000,2" yaku="1,1,0,1,8,1,52,1,53,3" doraHai="47" doraHaiUra="13" who="1" fromWho="1" sc="160,-30,171,130,360,-60,299,-30" /><INIT seed="3,0,0,1,2,71" ten="130,301,300,269" oya="3" hai0="108,28,47,57,68,123,7,126,56,8,34,74,3" hai1="80,67,16,65,97,32,55,26,78,90,52,18,93" hai2="119,30,95,113,83,77,50,88,124,11,66,102,64" hai3="122,69,76,89,63,25,125,1,13,133,96,111,60"/><W106/><G122/><T61/><D123/><U130/><E32/><V86/><F119/><W39/><G1/><T36/><D108/><U10/><E130/><V116/><F116/><W27/><G111/><T100/><D126/><U131/><E131/><V58/><F113/><W85/><G125/><T98/><D74/><U99/><E99/><N who="2" m="59775" /><F124/><W62/><G39/><T15/><D15/><N who="1" m="7287" /><E78/><V105/><F105/><W94/><G69/><T87/><D87/><N who="1" m="50535" /><E18/><V59/><F30/><W23/><G133/><T79/><D79/><U73/><E26/><V44/><F11/><W4/><G106/><N who="0" m="63767" /><D47/><U20/><E20/><V82/><F82/><N who="3" m="47303" /><G23/><T5/><D5/><U91/><E73/><V31/><F31/><W134/><G134/><T103/><D103/><U110/><E110/><V128/><F128/><W9/><AGARI ba="0,0" hai="4,9,13,25,27,60,62,63,89,94,96" m="47303" machi="9" ten="30,1500,0" yaku="8,1" doraHai="71" who="3" fromWho="3" sc="130,-5,301,-5,300,-5,269,15" /><INIT seed="3,1,0,3,4,71" ten="125,296,295,284" oya="3" hai0="35,129,47,84,102,23,2,56,76,86,19,73,32" hai1="108,103,79,93,34,99,59,105,11,72,100,46,25" hai2="45,125,83,120,66,96,20,6,112,89,36,107,22" hai3="8,114,97,65,61,104,14,52,101,110,5,58,68"/><W51/><G110/><T40/><D2/><U117/><E108/><V16/><F112/><W4/><G114/><T48/><D129/><U74/><E117/><V81/><F125/><W60/><G60/><T91/><D102/><U118/><E118/><V31/><F120/><W50/><G50/><T21/><D21/><U10/><E105/><V94/><F107/><W15/><G5/><T49/><D73/><U26/><E103/><V126/><F126/><W135/><G135/><T30/><D30/><U12/><E10/><V69/><F6/><W62/><G61/><T131/><D131/><U124/><E124/><V78/><F31/><W7/><G7/><T29/><D29/><U75/><E79/><V92/><F69/><W9/><G9/><T28/><D28/><U87/><E87/><N who="2" m="52287" /><F66/><W98/><G98/><T111/><D111/><U127/><E127/><V33/><F33/><W63/><G63/><T41/><D76/><U44/><E34/><V70/><F70/><W77/><G77/><T80/><D84/><U43/><E75/><V57/><F57/><W18/><G18/><T42/><D56/><U109/><E109/><V134/><F134/><W3/><AGARI ba="1,0" hai="3,4,8,14,15,51,52,58,62,65,68,97,101,104" machi="3" ten="20,3900,0" yaku="0,1,7,1,54,1" doraHai="71" who="3" fromWho="3" sc="125,-14,296,-14,295,-14,284,42" owari="111,-38.9,282,8.2,281,-11.9,326,42.6" /></mjloggm>