<mjloggm ver="2.3"><GO type="225" lobby="0"/><UN n0="%70%68%65%6E%6F%6D%65" n1="%E3%83%B4%E3%83%A0%EF%BC%99%E3%81%A6" n2="%72%69%6F%75%63%68%61%6E" n3="%E3%83%8F%E3%83%B3%E3%83%89%E3%83%A9%E3%83%BC%E3%83%BB%E3%83%AF%E3%83%B3" dan="16,16,16,16" rate="2132.47,2146.57,2127.75,2153.71" sx="M,M,M,M"/><TAIKYOKU oya="0"/><INIT seed="0,0,0,2,4,18" ten="250,250,250,250" oya="0" hai0="94,114,40,84,81,95,24,130,90,128,99,13,74" hai1="71,101,58,60,32,31,34,14,8,41,77,115,112" hai2="38,93,127,103,82,96,70,80,113,102,21,1,61" hai3="47,118,66,87,0,37,79,11,89,116,73,85,68"/><T106/><D40/><U25/><E77/><V16/><F113/><N who="1" m="43593" /><E41/><V49/><F38/><W54/><G87/><T51/><D114/><U65/><E101/><V134/><F127/><W45/><G45/><T50/><D13/><U123/><E123/><V67/><F134/><W109/><G109/><T23/><D106/><U30/><E30/><V26/><F1/><W27/><G27/><T125/><D125/><U6/><E32/><V104/><REACH who="2" step="1"/><F49/><REACH who="2" ten="250,250,240,250" step="2"/><N who="3" m="28991" /><G37/><T86/><D51/><U122/><E122/><V126/><F126/><W117/><G0/><T39/><D50/><U119/><E119/><V78/><F78/><W132/><G79/><T2/><D2/><U9/><E9/><V121/><F121/><W62/><G11/><T12/><D39/><U36/><E36/><V76/><F76/><W129/><G132/><T22/><D74/><U72/><E72/><V17/><F17/><W69/><G73/><T53/><D128/><U120/><E120/><V57/><F57/><AGARI ba="0,1" hai="6,8,14,25,31,34,57,58,60,65,71" m="43593" machi="57" ten="30,1000,0" yaku="11,1" doraHai="18" who="1" fromWho="2" sc="250,0,250,20,240,-10,250,0" /><INIT seed="1,0,0,0,3,118" ten="250,270,230,250" oya="1" hai0="134,54,66,104,44,81,119,133,121,109,26,111,27" hai1="131,45,31,85,52,86,15,102,51,5,38,84,97" hai2="0,49,41,17,58,91,108,57,124,12,3,43,18" hai3="9,34,75,93,100,61,68,55,76,2,103,8,59"/><U30/><E131/><V65/><F108/><N who="0" m="41546" /><D119/><U33/><E38/><V67/><F91/><W4/><G34/><T120/><D104/><U128/><E128/><V60/><F124/><W32/><G32/><T73/><D66/><U92/><REACH who="1" step="1"/><E33/><REACH who="1" ten="250,260,230,250" step="2"/><V21/><F17/><W95/><G4/><T94/><D134/><U88/><E88/><V72/><F72/><W77/><G75/><T25/><D133/><U20/><E20/><V11/><F21/><W105/><G77/><N who="0" m="44207" /><D94/><U96/><E96/><V14/><F14/><W13/><G13/><T83/><D83/><U117/><E117/><V50/><F0/><W106/><G2/><T16/><D16/><U115/><E115/><V53/><F3/><W99/><G95/><T37/><D37/><U23/><E23/><V107/><F107/><W126/><G93/><T122/><D26/><U79/><E79/><V71/><REACH who="2" step="1"/><F65/><REACH who="2" ten="250,260,220,250" step="2"/><W82/><G105/><T116/><D116/><U6/><E6/><V56/><F56/><W22/><G59/><T29/><D29/><U35/><E35/><V98/><F98/><W10/><G99/><T132/><D132/><U87/><N who="1" m="21504" /><DORA hai="135" /><U36/><E36/><V80/><F80/><W40/><G82/><T28/><D28/><U64/><E64/><V110/><F110/><W74/><G106/><T69/><D69/><U127/><E127/><V46/><F46/><W123/><G68/><T101/><D101/><U112/><E112/><V1/><F1/><W47/><G103/><T125/><D125/><U114/><E114/><V39/><F39/><W48/><G126/><T42/><D44/><RYUUKYOKU ba="0,2" sc="250,-15,260,15,220,15,250,-15" hai1="5,15,30,31,45,51,52,92,97,102" hai2="11,12,18,41,43,49,50,53,57,58,60,67,71" /><INIT seed="1,1,2,4,0,76" ten="235,275,235,235" oya="1" hai0="42,128,100,45,36,131,19,113,13,72,51,69,5" hai1="125,34,48,130,123,120,114,61,6,71,134,50,118" hai2="117,40,56,92,73,30,23,22,116,49,129,78,20" hai3="24,54,59,66,124,9,96,84,90,28,91,53,18"/><U112/><E34/><V86/><F129/><N who="0" m="49738" /><D113/><N who="1" m="43627" /><E130/><V47/><F30/><W33/><G124/><T80/><D69/><U81/><E6/><V26/><F26/><W97/><G66/><T4/><D100/><U74/><E74/><V119/><F73/><W2/><G90/><T75/><D36/><U16/><E16/><V121/><F121/><N who="1" m="46665" /><E81/><V101/><F56/><W8/><G54/><T44/><D45/><U79/><E79/><V68/><F68/><W87/><G87/><T39/><D39/><U1/><E1/><V31/><F31/><W38/><G38/><T65/><D65/><N who="1" m="41391" /><E125/><V14/><F101/><W93/><G9/><N who="0" m="6575" /><D72/><U106/><E106/><V95/><REACH who="2" step="1"/><F14/><REACH who="2" ten="235,275,225,235" step="2"/><W62/><G2/><T70/><D70/><U58/><E118/><V122/><F122/><W82/><G24/><T133/><D133/><U127/><E127/><V111/><F111/><W55/><G28/><T99/><D99/><U7/><E134/><V43/><F43/><W77/><G96/><T63/><D63/><U126/><E126/><V12/><F12/><N who="3" m="7431" /><G33/><T103/><D103/><U37/><E58/><V21/><N who="2" m="5120" /><DORA hai="67" /><V29/><F29/><W27/><G27/><T89/><D75/><U25/><E25/><V108/><F108/><W85/><G97/><T83/><D42/><U0/><E0/><V32/><F32/><W35/><G35/><T94/><D44/><U46/><E46/><V41/><F41/><W104/><G53/><T11/><D11/><U88/><E88/><V52/><F52/><W10/><G10/><T132/><D132/><U60/><E60/><V15/><F15/><RYUUKYOKU ba="1,3" sc="235,-15,275,-15,225,15,235,15" hai2="40,47,49,78,86,92,95,116,117,119" hai3="55,59,62,77,82,84,85,91,93,104" /><INIT seed="2,2,3,3,4,40" ten="220,260,240,250" oya="2" hai0="13,108,31,42,35,43,84,129,58,94,76,75,64" hai1="107,70,117,103,104,2,124,26,57,120,133,44,55" hai2="100,18,113,51,41,125,28,114,72,20,91,99,83" hai3="85,82,73,49,119,8,9,112,37,53,32,87,34"/><V54/><F125/><W27/><G119/><T25/><D108/><U56/><E117/><V36/><F28/><W21/><G37/><T118/><D118/><U71/><E2/><V127/><F127/><W47/><G73/><T79/><D129/><U60/><E124/><V77/><F91/><W96/><G112/><T74/><D75/><U115/><E115/><V39/><F41/><N who="0" m="15370" /><D35/><U68/><E133/><V131/><F131/><W65/><G65/><T86/><D74/><U102/><E120/><V38/><F18/><N who="3" m="12727" /><G32/><T59/><D25/><U81/><E26/><V29/><F20/><W24/><G34/><T11/><D31/><U6/><E6/><V48/><F29/><W121/><G121/><T50/><D50/><U123/><E71/><V19/><F19/><W14/><G24/><T132/><D132/><U130/><E130/><V92/><REACH who="2" step="1"/><F48/><REACH who="2" ten="220,260,230,250" step="2"/><W93/><G49/><T135/><D135/><U17/><E123/><V4/><F4/><W3/><G8/><T45/><D79/><U80/><E17/><V122/><F122/><W105/><G9/><T126/><D76/><U15/><E102/><V63/><F63/><W23/><G23/><T7/><D126/><U89/><E103/><V101/><F101/><W109/><G109/><T52/><D11/><U88/><E60/><V0/><F0/><W110/><G3/><T111/><D111/><U30/><E30/><V128/><F128/><W12/><G110/><T90/><D7/><U1/><E1/><V62/><F62/><W106/><G12/><T33/><D13/><U78/><E15/><V67/><F67/><RYUUKYOKU ba="2,4" sc="220,-10,260,-10,230,30,250,-10" hai2="36,38,39,51,54,72,77,83,92,99,100,113,114" /><INIT seed="2,3,4,2,2,12" ten="210,250,260,240" oya="2" hai0="128,131,58,81,103,2,119,20,5,24,3,89,49" hai1="129,10,102,67,36,97,40,87,25,112,43,42,84" hai2="72,80,88,61,21,27,15,116,114,64,65,134,125" hai3="91,115,0,50,53,117,9,104,95,126,135,78,109"/><V1/><F114/><W63/><G117/><T41/><D119/><U127/><E112/><V76/><F116/><W77/><G115/><T8/><D103/><U30/><E36/><V60/><F1/><W113/><G104/><T123/><D123/><U93/><E127/><V121/><F121/><W82/><G113/><T133/><D3/><U83/><E129/><N who="0" m="49737" /><D133/><U73/><E67/><V33/><F125/><W99/><G126/><T29/><D58/><U79/><REACH who="1" step="1"/><E10/><REACH who="1" ten="210,240,260,240" step="2"/><V16/><F134/><W130/><G135/><T122/><D122/><U120/><E120/><V108/><F65/><W38/><G38/><T105/><D105/><U11/><E11/><V48/><F64/><W75/><G9/><T71/><D71/><U110/><E110/><V6/><F108/><W111/><G130/><T37/><D37/><U124/><E124/><V17/><F6/><W23/><G111/><T85/><D49/><U69/><E69/><V62/><F48/><W101/><G109/><T31/><D41/><U118/><E118/><V70/><F70/><W18/><G50/><T39/><D39/><U34/><AGARI ba="3,5" hai="25,30,34,40,42,43,73,79,83,84,87,93,97,102" machi="34" ten="30,2000,0" yaku="1,1,0,1,53,0" doraHai="12" doraHaiUra="57" who="1" fromWho="1" sc="210,-8,240,79,260,-13,240,-8" /><INIT seed="3,0,0,0,0,130" ten="202,319,247,232" oya="3" hai0="87,77,108,133,118,100,83,104,8,66,86,4,132" hai1="1,6,50,76,25,19,92,120,14,46,33,35,128" hai2="85,91,84,113,98,125,15,75,79,0,74,52,126" hai3="16,117,21,93,11,40,53,88,97,48,47,17,20"/><W116/><G11/><T43/><D118/><U64/><E120/><V71/><F113/><W112/><G112/><T45/><D66/><U103/><E128/><V61/><F0/><W24/><REACH who="3" step="1"/><G40/><REACH who="3" ten="202,319,247,222" step="2"/><T69/><D108/><U51/><E1/><V105/><F126/><W121/><G121/><T63/><D104/><U34/><E6/><V37/><F125/><W58/><G58/><T60/><D100/><U134/><E103/><V129/><F129/><W36/><G36/><T107/><D107/><U10/><E10/><V131/><F37/><W55/><G55/><T39/><D69/><U78/><E64/><V42/><F42/><W38/><G38/><T124/><D124/><U27/><E35/><V114/><F52/><W96/><G96/><T7/><D7/><U89/><E33/><V73/><F114/><W82/><G82/><N who="0" m="47439" /><D8/><U18/><E34/><V99/><F105/><W62/><G62/><T2/><D4/><U29/><E92/><V5/><F131/><W127/><G127/><T80/><D2/><U65/><E65/><N who="2" m="41391" /><F99/><W57/><G57/><T70/><D70/><U41/><E41/><V119/><F119/><W49/><G49/><T123/><D123/><U3/><E50/><V28/><F98/><W106/><G106/><T9/><D9/><U44/><E51/><V135/><F5/><W94/><G94/><T102/><D83/><U22/><E3/><V81/><F81/><W95/><G95/><T122/><D122/><U54/><E54/><V26/><F79/><W115/><G115/><T32/><D32/><U72/><E76/><V111/><F111/><RYUUKYOKU ba="0,1" sc="202,-10,319,-10,247,-10,222,30" hai3="16,17,20,21,24,47,48,53,88,93,97,116,117" /><INIT seed="3,1,1,5,0,112" ten="192,309,237,252" oya="3" hai0="117,38,45,133,57,116,8,61,129,12,69,68,93" hai1="92,130,17,10,15,47,86,95,52,21,108,7,46" hai2="76,62,79,126,110,13,87,135,4,70,103,19,109" hai3="102,1,56,22,94,132,97,127,85,60,119,35,122"/><W65/><G35/><T72/><D72/><U44/><E108/><N who="2" m="41579" /><F126/><W78/><G122/><T106/><D106/><U30/><E130/><V107/><F135/><W27/><G1/><T28/><D28/><U11/><E52/><V113/><F113/><W34/><G34/><T75/><D75/><U96/><E86/><V42/><F4/><W59/><G127/><T53/><D133/><U26/><REACH who="1" step="1"/><E96/><REACH who="1" ten="192,299,237,252" step="2"/><N who="2" m="61927" /><F42/><W125/><G125/><T66/><D129/><U37/><E37/><V2/><F87/><W25/><G85/><T74/><D74/><U23/><E23/><N who="2" m="11759" /><F2/><AGARI ba="1,2" hai="2,7,10,11,15,17,21,26,30,44,46,47,92,95" machi="2" ten="40,1300,0" yaku="1,1,53,0" doraHai="112" doraHaiUra="100" who="1" fromWho="2" sc="192,0,299,36,237,-16,252,0" owari="192,-30.8,335,43.5,221,-17.9,252,5.2" /></mjloggm>