<mjloggm ver="2.3"><GO type="225" lobby="0"/><UN n0="%E5%B8%86%E7%AB%8B%E5%A4%8F%E8%A1%A3" n1="%E3%81%82%E3%81%99%E3%81%AB%E3%82%83%E3%82%80" n2="%E3%80%90%E3%83%88%E3%83%AA%E3%83%A5%E3%83%95%E3%80%91" n3="%E3%82%B3%E3%83%90%E3%83%AC%E3%82%A4" dan="17,16,16,16" rate="2146.15,2215.81,2129.36,2173.06" sx="M,F,M,M"/><TAIKYOKU oya="0"/><INIT seed="0,0,0,5,4,36" ten="250,250,250,250" oya="0" hai0="14,83,68,131,11,49,95,5,103,39,124,40,92" hai1="42,16,35,34,93,118,45,30,132,80,73,96,127" hai2="21,122,55,2,81,75,99,3,0,23,101,10,46" hai3="88,19,77,18,48,27,74,71,22,15,119,60,33"/><T24/><D124/><U58/><E118/><V20/><F122/><W6/><G6/><T128/><D68/><U13/><E127/><V115/><F115/><W100/><G100/><T105/><D39/><U86/><E73/><V134/><F134/><W120/><G119/><T65/><D65/><U63/><E30/><V102/><F10/><W54/><G120/><T69/><D69/><U79/><E132/><V67/><F67/><W84/><G77/><T44/><D24/><U31/><E31/><V107/><F102/><W125/><G74/><T76/><D105/><U28/><E28/><V52/><REACH who="2" step="1"/><F46/><REACH who="2" ten="250,250,240,250" step="2"/><W8/><G125/><T56/><D56/><U112/><E112/><V70/><F70/><W53/><G33/><T87/><REACH who="0" step="1"/><D103/><REACH who="0" ten="240,250,240,250" step="2"/><U123/><E123/><V12/><F12/><W78/><G71/><T37/><D37/><U50/><E58/><V57/><F57/><W90/><G60/><T29/><D29/><U126/><E126/><V121/><F121/><W59/><G59/><T25/><D25/><U64/><E64/><V111/><F111/><W4/><G27/><T113/><D113/><U72/><E63/><V47/><F47/><W32/><G32/><T109/><D109/><U117/><E117/><V7/><F7/><W82/><G4/><T26/><D26/><U98/><E34/><V85/><F85/><W104/><G84/><T89/><D89/><N who="1" m="53431" /><E35/><V61/><F61/><W41/><G90/><T94/><AGARI ba="0,2" hai="5,11,14,40,44,49,76,83,87,92,94,95,128,131" machi="94" ten="30,12000,1" yaku="1,1,0,1,25,2,52,1,53,0" doraHai="36" doraHaiUra="130" who="0" fromWho="0" sc="240,140,250,-40,240,-40,250,-40" /><INIT seed="0,1,0,2,2,127" ten="380,210,200,210" oya="0" hai0="13,133,131,62,80,15,47,72,50,105,99,56,45" hai1="5,123,84,40,112,134,57,55,61,108,124,7,85" hai2="113,78,11,41,109,48,104,132,24,121,46,116,119" hai3="90,86,93,9,129,63,118,59,51,31,21,34,117"/><T17/><D133/><U120/><E134/><V29/><F113/><W33/><G34/><T52/><D131/><U91/><E124/><V125/><F125/><W81/><G33/><T8/><D105/><U12/><E108/><V27/><F104/><W87/><G129/><T60/><D99/><U106/><E106/><V100/><F100/><W66/><G9/><T115/><D115/><U126/><E112/><V89/><F78/><W30/><G118/><N who="2" m="45097" /><F121/><W101/><G117/><T16/><D80/><U25/><E126/><V43/><F109/><W95/><G95/><T135/><D72/><U6/><E40/><N who="2" m="15435" /><F89/><W44/><G101/><T36/><D36/><U70/><E70/><V68/><F11/><W49/><G21/><N who="0" m="11407" /><D135/><U53/><E91/><V110/><F68/><W88/><REACH who="3" step="1"/><G49/><REACH who="3" ten="380,210,200,200" step="2"/><T75/><D75/><U38/><E120/><V77/><F132/><W71/><G71/><T96/><D96/><U19/><E123/><V73/><F110/><W64/><G64/><T67/><D67/><U32/><E32/><V10/><F10/><W2/><G2/><T39/><D39/><U1/><E38/><V22/><F22/><W23/><G23/><T122/><D122/><U114/><E1/><V58/><F29/><W3/><G3/><T26/><D26/><U28/><E114/><V54/><F24/><W74/><G74/><T128/><D128/><U20/><E28/><V130/><F27/><W92/><G92/><T69/><D69/><U97/><E25/><V83/><F130/><W4/><G4/><T102/><D102/><U42/><E20/><V94/><F94/><RYUUKYOKU ba="1,1" sc="380,10,210,-30,200,10,200,10" hai0="8,15,17,45,47,50,52,56,60,62" hai2="46,48,54,58,73,77,83" hai3="30,31,44,51,59,63,66,81,86,87,88,90,93" /><INIT seed="0,2,1,3,3,13" ten="390,180,210,210" oya="0" hai0="94,20,86,28,67,27,31,95,98,72,17,41,15" hai1="3,99,5,78,91,127,65,130,105,93,116,53,2" hai2="70,79,106,89,102,73,52,123,51,82,38,104,54" hai3="119,101,37,131,19,43,71,108,110,84,0,23,120"/><T107/><D72/><U8/><E116/><V85/><F38/><W36/><G119/><T122/><D122/><U9/><E130/><V100/><F123/><W129/><G120/><T4/><D41/><U103/><E127/><V6/><F70/><W75/><G75/><T117/><D117/><U21/><E65/><V96/><F6/><W60/><G0/><T97/><D107/><U18/><E78/><V88/><F54/><W125/><G101/><N who="0" m="60599" /><D67/><U135/><E135/><V25/><F25/><W47/><G125/><T24/><D86/><U81/><E81/><V56/><F73/><W77/><G37/><T68/><D68/><U33/><E33/><V7/><F7/><W124/><G124/><T66/><D66/><U112/><E112/><V44/><F44/><W63/><G71/><T87/><D87/><U32/><E32/><V59/><F59/><W58/><G58/><T83/><D83/><U35/><E35/><V29/><F29/><N who="0" m="11338" /><D4/><U133/><E133/><V57/><F57/><W34/><G34/><T64/><D64/><U10/><E53/><V50/><F50/><W132/><G132/><T26/><D26/><U126/><E2/><V74/><F74/><W113/><G113/><T76/><D76/><U128/><E126/><V16/><F104/><W109/><G84/><T90/><AGARI ba="2,1" hai="15,17,20,24,27,90,95,98" m="11338,60599" machi="90" ten="30,3000,0" yaku="8,1,52,1" doraHai="13" who="0" fromWho="0" sc="390,46,180,-12,210,-12,210,-12" /><INIT seed="0,3,0,2,1,59" ten="436,168,198,198" oya="0" hai0="67,13,99,60,52,22,39,120,14,40,1,30,12" hai1="86,36,11,124,8,68,65,98,130,75,87,97,37" hai2="46,4,20,90,3,101,79,88,50,49,54,121,9" hai3="95,32,25,110,115,102,125,31,5,117,7,43,133"/><T129/><D120/><U116/><E75/><V6/><F121/><W35/><G117/><T74/><D74/><U21/><E116/><V2/><F101/><W113/><G43/><T34/><D1/><U77/><E65/><V93/><F79/><W109/><G102/><T104/><D129/><U56/><E56/><V134/><F134/><W64/><G95/><T28/><D104/><U19/><E77/><V71/><F71/><W53/><G64/><T81/><D34/><U38/><E68/><V128/><F128/><W126/><G53/><T72/><D99/><U91/><E130/><V47/><F20/><W62/><G62/><T94/><D94/><U69/><E69/><V26/><F26/><W73/><G73/><T24/><D30/><U135/><E135/><V29/><F29/><W127/><G133/><T119/><D119/><U0/><E124/><V96/><F90/><W78/><G78/><T82/><D72/><U100/><E0/><V61/><F3/><W105/><G105/><T18/><D28/><U118/><E118/><V122/><F122/><W70/><G70/><T89/><D67/><U48/><E48/><V123/><F123/><W41/><G41/><T17/><D17/><U92/><E98/><V111/><F111/><N who="3" m="42507" /><G35/><T131/><D131/><U106/><REACH who="1" step="1"/><E87/><REACH who="1" ten="436,158,198,198" step="2"/><V66/><F50/><W63/><G63/><T45/><D60/><U112/><E112/><AGARI ba="3,1" hai="5,7,25,31,32,112,113,115,125,126,127" m="42507" machi="112" ten="40,8000,1" yaku="18,1,14,1,34,2" doraHai="59" who="3" fromWho="1" sc="436,0,158,-89,198,0,198,99" /><INIT seed="1,0,0,4,0,7" ten="436,69,198,297" oya="1" hai0="60,47,34,41,109,48,80,52,21,64,81,92,27" hai1="98,118,106,46,20,87,91,35,49,95,78,99,12" hai2="100,77,73,69,82,19,83,104,111,114,63,0,37" hai3="38,86,129,79,105,72,61,6,26,107,9,71,127"/><U134/><E118/><V76/><F19/><W36/><G86/><T132/><D109/><U29/><E134/><V112/><F111/><W67/><G129/><T128/><D128/><U125/><E125/><V1/><F37/><N who="3" m="14443" /><G26/><T121/><D121/><U31/><E78/><V40/><F40/><W113/><G113/><N who="2" m="43625" /><F100/><W120/><G120/><T58/><D34/><U96/><E106/><V66/><F104/><W55/><G55/><T10/><D132/><U33/><E33/><V75/><AGARI ba="0,0" hai="0,1,63,66,69,73,75,76,77,82,83" m="43625" machi="75" ten="30,2000,0" yaku="11,1,23,1" doraHai="7" who="2" fromWho="2" sc="436,-5,69,-10,198,20,297,-5" /><INIT seed="2,0,0,0,3,41" ten="431,59,218,292" oya="2" hai0="9,113,105,59,106,14,123,21,99,50,45,126,55" hai1="7,0,117,1,87,12,132,108,73,30,93,42,114" hai2="51,92,54,6,63,89,46,131,52,120,23,78,77" hai3="20,43,103,18,17,29,79,125,86,56,34,27,69"/><V2/><F120/><W62/><G69/><T100/><D123/><U83/><E114/><V98/><F131/><W122/><G122/><T115/><D126/><U58/><E117/><V74/><F74/><W110/><G125/><T82/><D106/><U31/><E108/><V33/><F33/><W121/><G121/><T70/><D70/><U11/><E132/><V53/><F6/><W40/><G103/><T24/><D82/><U65/><E0/><V25/><F2/><W111/><G34/><T91/><D91/><U96/><E73/><V129/><F129/><W60/><G60/><T130/><D59/><U127/><E1/><V90/><F90/><W66/><G111/><T119/><D119/><U64/><E42/><N who="3" m="15914" /><G110/><T37/><D37/><U71/><E71/><V107/><F107/><W44/><G44/><T101/><D101/><U15/><E15/><V48/><F48/><W8/><G8/><T16/><D130/><U68/><E68/><V3/><F3/><W80/><AGARI ba="0,0" hai="17,18,20,27,29,56,62,66,79,80,86" m="15914" machi="80" ten="30,1100,0" yaku="8,1" doraHai="41" who="3" fromWho="3" sc="431,-3,59,-3,218,-5,292,11" /><INIT seed="3,0,0,4,3,82" ten="428,56,213,303" oya="3" hai0="106,45,42,125,44,22,23,67,114,21,128,17,26" hai1="118,31,71,135,91,0,76,2,70,37,124,109,123" hai2="52,53,113,105,39,83,81,104,88,38,41,99,116" hai3="100,66,95,107,14,74,110,58,60,13,15,20,80"/><W65/><G107/><T54/><D106/><U73/><RYUUKYOKU type="yao9" ba="0,0" sc="428,0,56,0,213,0,303,0" hai1="0,2,31,37,70,71,73,76,91,109,118,123,124,135" /><INIT seed="3,1,0,3,0,71" ten="428,56,213,303" oya="3" hai0="102,15,120,93,2,88,39,9,35,100,94,119,105" hai1="78,101,104,95,69,46,0,68,79,29,110,42,45" hai2="118,109,98,11,61,31,123,12,133,59,108,132,97" hai3="37,113,70,24,103,56,63,23,25,21,38,126,19"/><W36/><G113/><T7/><D39/><U129/><E110/><N who="2" m="42603" /><F31/><W41/><G126/><T130/><D105/><U47/><E129/><V111/><F111/><W53/><G70/><T54/><D35/><U10/><E104/><V73/><F73/><W60/><G103/><T135/><D119/><U74/><E69/><V99/><F118/><W86/><G86/><T28/><D120/><U127/><E68/><V16/><F123/><W76/><G76/><T77/><D77/><U90/><E127/><V5/><F5/><W3/><G3/><T40/><D40/><U4/><E101/><V125/><F125/><W116/><G116/><T92/><D135/><N who="2" m="51786" /><F99/><W34/><G34/><T124/><D130/><U32/><E79/><V8/><F11/><W58/><G41/><T48/><D2/><U1/><E1/><V27/><F27/><W82/><G82/><T75/><D28/><U96/><E29/><V55/><AGARI ba="1,0" hai="8,12,16,55,59,61,97,98" m="51786,42603" machi="55" ten="30,4000,0" yaku="14,1,20,1,54,1" doraHai="71" who="2" fromWho="2" sc="428,-11,56,-11,213,43,303,-21" owari="417,51.7,45,-45.5,256,-14.4,282,8.2" /></mjloggm>