<mjloggm ver="2.3"><GO type="225" lobby="0"/><UN n0="%E6%A5%93%E4%BB%8B" n1="%E3%83%B4%E3%83%A0%EF%BC%99%E3%81%A6" n2="%E6%B7%91%E5%A5%B3%E3%81%AE%E5%97%9C%E3%81%BF" n3="%E6%98%93%E5%88%A9%E8%96%A9%E4%BC%AF" dan="16,16,16,17" rate="2070.22,2150.38,2083.53,2191.53" sx="M,M,M,F"/><TAIKYOKU oya="0"/><INIT seed="0,0,0,0,2,99" ten="250,250,250,250" oya="0" hai0="8,126,82,38,35,26,51,44,115,24,123,129,12" hai1="84,25,22,6,86,114,120,111,95,103,79,37,42" hai2="80,0,68,67,54,33,124,57,23,85,134,69,72" hai3="127,101,40,60,110,3,4,121,58,2,34,128,70"/><T15/><D115/><U75/><E120/><V83/><F33/><W49/><G34/><T94/><D38/><U98/><E114/><V102/><F124/><W45/><G110/><T20/><D129/><U11/><E111/><V133/><F0/><W91/><G127/><T28/><D123/><U61/><E61/><V65/><F23/><W1/><G128/><T92/><D126/><U122/><E122/><V104/><F72/><W130/><G70/><T21/><D82/><U52/><E75/><V17/><F17/><W113/><G113/><T16/><D35/><U78/><E42/><V125/><F125/><W118/><G118/><T119/><D15/><N who="1" m="5623" /><E52/><V62/><F67/><W10/><G130/><T64/><D64/><U109/><E37/><V73/><F73/><W74/><G74/><T135/><D135/><N who="2" m="51722" /><F80/><W36/><G36/><T132/><D119/><U55/><E55/><V71/><F104/><W77/><G77/><N who="1" m="29194" /><E109/><V14/><F65/><W48/><G48/><T105/><D105/><U56/><E56/><V30/><F69/><W88/><G121/><T131/><D131/><U108/><E108/><V47/><F71/><W97/><G2/><T31/><D132/><U107/><E107/><V96/><F47/><W116/><G1/><T13/><D13/><U41/><E41/><AGARI ba="0,0" hai="8,12,16,20,21,24,26,28,31,41,44,51,92,94" machi="41" ten="30,11600,0" yaku="7,1,9,1,8,1,54,1" doraHai="99" who="0" fromWho="1" sc="250,116,250,-116,250,0,250,0" /><INIT seed="0,1,0,0,1,30" ten="366,134,250,250" oya="0" hai0="99,60,26,52,64,80,79,41,124,50,27,101,34" hai1="131,117,47,110,119,28,71,11,88,6,77,134,123" hai2="40,74,104,106,89,17,73,65,87,55,37,103,3" hai3="133,53,39,56,107,98,116,81,7,125,61,36,15"/><T82/><D41/><U10/><E123/><V94/><F3/><W12/><G116/><T96/><D124/><U69/><E88/><V1/><F1/><W128/><G128/><T59/><D99/><U115/><E131/><V35/><F65/><W21/><G133/><T108/><D108/><U13/><E110/><V85/><F55/><W0/><G0/><T16/><D27/><U109/><E109/><V54/><F54/><W111/><G125/><T114/><D79/><U49/><E134/><V22/><F40/><W2/><G2/><T100/><D100/><U20/><E115/><V135/><F37/><W105/><G81/><T127/><D114/><U86/><E117/><V126/><F35/><W8/><G111/><T25/><D25/><U84/><E84/><N who="2" m="52519" /><F17/><W57/><G57/><T29/><D16/><U58/><E58/><V24/><F22/><W75/><G75/><N who="2" m="28681" /><F24/><W46/><G15/><T129/><D129/><U95/><E11/><V113/><F126/><W18/><G46/><T5/><D5/><U32/><E20/><V70/><F70/><W68/><G68/><N who="0" m="41991" /><D127/><U102/><E119/><V97/><F135/><W118/><G118/><T122/><D122/><U92/><E28/><V14/><F113/><W44/><G39/><T63/><D50/><U83/><E32/><V33/><F14/><W76/><G36/><T72/><D72/><U42/><REACH who="1" step="1"/><E92/><REACH who="1" ten="366,124,250,250" step="2"/><N who="2" m="58791" /><F33/><W9/><G9/><T132/><D132/><U121/><E121/><V23/><F23/><W19/><G21/><T112/><D112/><U62/><E62/><V38/><F85/><W43/><G8/><RYUUKYOKU ba="1,1" sc="366,15,124,15,250,-15,250,-15" hai0="26,29,34,52,59,63,80,82,96,101" hai1="6,10,13,42,47,49,69,71,77,83,86,95,102" /><INIT seed="0,2,1,3,4,54" ten="381,139,235,235" oya="0" hai0="129,19,126,17,5,18,59,43,115,20,14,6,78" hai1="35,112,73,117,52,71,93,102,118,121,94,47,8" hai2="62,36,101,85,90,10,76,97,109,29,83,2,96" hai3="120,128,12,1,68,67,113,33,70,53,40,116,134"/><T25/><D129/><U48/><E121/><V42/><F109/><W32/><G1/><T122/><D122/><U0/><E73/><V50/><F29/><W75/><G120/><T7/><D43/><U105/><E112/><V41/><F36/><W57/><G75/><T13/><D78/><U98/><E35/><V16/><F62/><W81/><G113/><T63/><D126/><U114/><E71/><V4/><F76/><W107/><G107/><T45/><D45/><U65/><E65/><V92/><F50/><W119/><G40/><T30/><REACH who="0" step="1"/><D115/><REACH who="0" ten="371,139,235,235" step="2"/><U22/><E114/><V135/><F135/><W77/><G134/><T110/><D110/><U80/><E118/><V127/><F127/><W61/><G128/><T111/><D111/><U23/><E117/><V31/><F42/><W130/><G130/><T124/><D124/><U66/><E66/><AGARI ba="2,2" hai="5,6,7,13,14,17,18,19,20,25,30,59,63,66" machi="66" ten="40,7700,0" yaku="1,1,8,1,52,1,53,0" doraHai="54" doraHaiUra="131" who="0" fromWho="1" sc="371,103,139,-83,235,0,235,0" /><INIT seed="0,3,0,5,1,13" ten="474,56,235,235" oya="0" hai0="73,29,7,46,132,93,87,134,39,30,0,121,88" hai1="62,42,101,110,119,91,14,76,75,17,31,120,103" hai2="1,4,41,100,123,129,80,82,68,51,130,135,108" hai3="43,90,72,15,78,74,112,60,28,83,86,84,2"/><T33/><D121/><U98/><E120/><V125/><F123/><W65/><G2/><T49/><D73/><U11/><E119/><V127/><F68/><W35/><G43/><T114/><D114/><U21/><E110/><V16/><F108/><W9/><G112/><T47/><D0/><U96/><E42/><V95/><F4/><W63/><G28/><T69/><D69/><U66/><E76/><V57/><F1/><W81/><G35/><T107/><D107/><U24/><E75/><V102/><F135/><W38/><G63/><T59/><D7/><U133/><E133/><N who="0" m="51305" /><D39/><U23/><E23/><V116/><F116/><W56/><REACH who="3" step="1"/><G38/><REACH who="3" ten="474,56,235,225" step="2"/><T25/><D30/><U106/><E91/><V52/><F41/><W128/><G128/><N who="2" m="49257" /><F127/><W64/><G64/><T55/><AGARI ba="3,1" hai="25,29,33,46,47,49,55,59,87,88,93" m="51305" machi="55" ten="30,3000,0" yaku="20,1,54,1" doraHai="13" who="0" fromWho="0" sc="474,49,56,-13,235,-13,225,-13" /><INIT seed="0,4,0,5,2,73" ten="523,43,222,212" oya="0" hai0="3,50,26,61,29,68,79,106,64,113,40,117,58" hai1="22,17,101,31,93,129,85,18,89,56,51,96,35" hai2="127,86,47,87,6,54,115,121,27,99,128,80,46" hai3="71,92,9,42,122,41,94,123,15,13,19,91,11"/><T98/><D113/><U53/><E129/><V118/><F121/><W36/><G71/><T39/><D3/><U32/><E31/><V55/><F115/><W81/><G81/><T105/><D117/><U0/><E0/><V84/><F118/><W114/><G114/><T23/><D98/><U67/><E67/><V52/><F127/><W8/><G36/><T88/><D88/><U44/><E44/><V16/><F128/><W77/><G11/><T4/><D4/><U69/><E69/><V133/><F133/><W104/><G104/><T60/><D79/><U49/><E49/><V45/><F6/><W63/><G63/><T59/><D39/><U66/><E66/><V37/><F99/><W130/><G130/><T33/><D33/><U21/><E21/><N who="2" m="13735" /><F37/><W43/><G77/><AGARI ba="4,0" hai="45,46,47,52,54,55,77,80,84,86,87" m="13735" machi="77" ten="30,7700,0" yaku="8,1,52,1,54,2" doraHai="73" who="2" fromWho="3" sc="523,0,43,0,222,89,212,-89" /><INIT seed="1,0,0,5,5,81" ten="523,43,311,123" oya="1" hai0="13,127,9,8,22,73,111,58,2,37,6,49,82" hai1="23,69,54,95,123,97,16,114,25,108,112,43,35" hai2="31,7,124,30,130,53,68,92,10,20,121,128,132" hai3="107,45,14,117,109,129,76,36,83,106,88,60,74"/><U3/><E123/><V113/><F121/><W40/><G109/><T102/><D111/><U11/><E108/><V63/><F124/><W101/><G129/><N who="2" m="49769" /><F132/><W80/><G117/><T29/><D102/><U85/><E69/><V100/><F20/><W86/><G101/><T93/><D37/><U79/><E43/><V64/><F113/><W66/><G14/><T34/><D93/><U38/><E38/><V12/><F53/><W27/><G27/><N who="0" m="18751" /><D58/><AGARI ba="0,0" hai="36,40,45,58,60,66,74,76,80,83,86,88,106,107" machi="58" ten="30,3900,0" yaku="7,1,52,1,54,1" doraHai="81" who="3" fromWho="0" sc="523,-39,43,0,311,0,123,39" /><INIT seed="2,0,0,5,2,101" ten="484,43,311,162" oya="2" hai0="98,113,122,53,82,18,130,57,96,83,46,52,6" hai1="70,87,64,81,79,131,93,60,27,8,86,116,125" hai2="38,135,99,36,80,47,117,76,2,129,89,29,103" hai3="51,5,23,92,9,91,26,111,68,42,67,7,3"/><V50/><F117/><W31/><G111/><T94/><D113/><U11/><E116/><V88/><F2/><W32/><G7/><T115/><D130/><U108/><E131/><V19/><F129/><W75/><G75/><T123/><D115/><U62/><E108/><V84/><F135/><W37/><G37/><T132/><D6/><U49/><E125/><V14/><F29/><W126/><G126/><T21/><D132/><U16/><E60/><V34/><F34/><W66/><G32/><T12/><D123/><U112/><E112/><V55/><F38/><W107/><G107/><T0/><D0/><U13/><E27/><V71/><F71/><W65/><G51/><N who="0" m="28791" /><D98/><U73/><E49/><V63/><F63/><W61/><G42/><T114/><D122/><U43/><E43/><V106/><REACH who="2" step="1"/><F36/><REACH who="2" ten="484,43,301,162" step="2"/><W33/><G33/><T17/><D114/><U85/><REACH who="1" step="1"/><E8/><AGARI ba="0,1" hai="8,14,19,47,50,55,76,80,84,88,89,99,103,106" machi="8" ten="30,18000,2" yaku="1,1,2,1,7,1,52,1,54,1,53,1" doraHai="101" doraHaiUra="74" who="2" fromWho="1" sc="484,0,43,-180,301,190,162,0" owari="484,28.4,-137,-63.7,491,59.1,162,-23.8" /></mjloggm>