<mjloggm ver="2.3"><GO type="225" lobby="0"/><UN n0="%E3%83%94%E3%83%B3%E3%82%B5%E3%83%AD%E5%BA%97%E5%93%A1" n1="%30%2E%31%32%30" n2="%E3%81%BE%E3%81%A8%E3%81%9F" n3="%E3%83%A9%E3%82%A4%E3%83%B3%E3%81%AE%E8%99%8E" dan="16,16,16,16" rate="2167.32,2117.50,2122.73,2128.70" sx="M,M,M,M"/><TAIKYOKU oya="0"/><INIT seed="0,0,0,3,3,16" ten="250,250,250,250" oya="0" hai0="117,44,11,121,15,93,122,46,100,91,52,72,131" hai1="74,71,3,10,36,27,108,130,125,8,13,132,65" hai2="45,79,19,99,73,101,67,41,120,61,48,18,124" hai3="104,31,22,29,28,116,4,17,81,0,66,20,32"/><T82/><D117/><U112/><RYUUKYOKU type="yao9" ba="0,0" sc="250,0,250,0,250,0,250,0" hai1="3,8,10,13,27,36,65,71,74,108,112,125,130,132" /><INIT seed="0,1,0,4,1,110" ten="250,250,250,250" oya="0" hai0="115,98,53,67,128,69,63,49,59,85,4,84,15" hai1="52,112,46,109,0,104,26,61,103,92,101,100,35" hai2="107,29,133,23,71,88,40,6,134,99,113,79,2" hai3="44,106,25,55,54,70,19,60,74,42,97,5,118"/><T33/><D33/><U58/><E109/><V17/><F71/><W127/><G118/><T130/><D98/><U8/><E104/><V73/><F29/><W28/><G74/><T87/><D4/><U94/><E112/><V62/><F40/><W38/><G127/><T57/><D15/><U9/><E0/><V82/><F62/><W129/><G19/><T45/><REACH who="0" step="1"/><D115/><REACH who="0" ten="240,250,250,250" step="2"/><U11/><E35/><V12/><F113/><W86/><G5/><T117/><D117/><U41/><REACH who="1" step="1"/><E26/><REACH who="1" ten="240,240,250,250" step="2"/><V3/><F3/><W56/><G25/><T119/><D119/><U66/><E66/><V14/><F2/><W64/><G64/><T37/><D37/><AGARI ba="1,2" hai="8,9,11,37,41,46,52,58,61,92,94,100,101,103" machi="37" ten="40,2600,0" yaku="1,1,54,1,53,0" doraHai="110" doraHaiUra="123" who="1" fromWho="0" sc="240,-29,240,49,250,0,250,0" /><INIT seed="1,0,0,4,5,85" ten="211,289,250,250" oya="1" hai0="46,93,26,30,101,31,65,79,6,40,11,17,53" hai1="3,110,123,78,77,55,18,117,13,76,100,88,70" hai2="9,15,125,16,19,4,73,99,61,60,39,25,103" hai3="113,75,94,83,58,104,35,74,12,109,118,50,62"/><U90/><E117/><V130/><F130/><W10/><G104/><T105/><D105/><U81/><E3/><V107/><F125/><W66/><G113/><T116/><D116/><U112/><E112/><V98/><F39/><W37/><G37/><T44/><D65/><U124/><E124/><V23/><F73/><W63/><G35/><T54/><D79/><U132/><E123/><V59/><F98/><W64/><G109/><T38/><D17/><U51/><E70/><V5/><REACH who="2" step="1"/><F60/><REACH who="2" ten="211,289,240,250" step="2"/><W52/><G118/><T115/><D115/><U92/><E110/><V27/><F27/><W67/><G75/><T45/><D38/><U97/><E132/><V0/><F0/><W2/><G2/><T111/><D111/><U86/><E100/><V22/><F22/><W29/><G74/><T71/><D26/><U24/><E24/><V122/><F122/><W131/><G131/><T106/><D101/><U114/><E114/><V121/><F121/><W69/><G69/><T95/><D71/><U47/><E76/><V57/><F57/><W41/><G63/><T126/><D126/><U33/><E33/><V14/><F14/><W102/><G62/><T127/><D127/><U128/><E128/><V96/><F96/><W134/><G12/><N who="0" m="5239" /><D106/><U108/><E108/><V8/><F8/><AGARI ba="0,1" hai="8,13,18,47,51,55,77,78,81,86,88,90,92,97" machi="8" ten="30,18000,2" yaku="7,1,25,2,8,1,52,2,54,1" doraHai="85" who="1" fromWho="2" sc="211,0,289,190,240,-180,250,0" /><INIT seed="1,1,0,2,5,97" ten="211,479,60,250" oya="1" hai0="93,8,46,75,60,132,125,34,18,100,120,96,14" hai1="19,16,80,25,122,99,7,81,54,53,123,13,26" hai2="119,2,11,104,0,103,105,20,3,17,108,71,133" hai3="79,92,107,35,50,95,67,55,6,87,64,36,47"/><U115/><E13/><V111/><F119/><W9/><G35/><T42/><D132/><U5/><REACH who="1" step="1"/><E99/><REACH who="1" ten="211,469,60,250" step="2"/><V15/><F133/><W88/><G67/><T21/><D14/><U101/><E101/><V113/><F103/><W116/><G64/><T29/><D96/><U73/><E73/><V23/><F113/><AGARI ba="1,1" hai="5,7,16,19,25,26,53,54,80,81,113,115,122,123" machi="113" ten="25,9600,0" yaku="1,1,22,2,54,1,53,0" doraHai="97" doraHaiUra="57" who="1" fromWho="2" sc="211,0,469,109,60,-99,250,0" owari="211,-18.9,578,67.8,-39,-53.9,250,5.0" /></mjloggm>