<mjloggm ver="2.3"><GO type="225" lobby="0"/><UN n0="%E3%81%BF%E3%81%BF%E3%81%9A" n1="%74%6B%34%32" n2="%E6%98%93%E5%88%A9%E8%96%A9%E4%BC%AF" n3="%EF%BC%AE%EF%BC%A1%EF%BC%AF%33%33%39" dan="18,16,17,16" rate="2212.98,2069.56,2171.95,2116.12" sx="M,M,F,M"/><TAIKYOKU oya="0"/><INIT seed="0,0,0,3,2,18" ten="250,250,250,250" oya="0" hai0="94,80,44,29,16,17,135,72,95,59,85,87,49" hai1="12,132,38,75,73,113,118,69,129,127,24,30,110" hai2="34,82,133,32,22,90,35,47,9,4,134,71,115" hai3="45,57,13,111,104,61,108,116,53,40,43,119,103"/><T63/><D135/><N who="2" m="51722" /><F71/><W25/><G103/><T77/><D29/><U15/><E15/><N who="2" m="5543" /><F47/><W1/><G1/><T21/><D72/><U23/><E12/><V56/><F56/><W3/><G3/><T101/><D17/><U93/><E23/><V52/><F52/><N who="3" m="33959" /><G104/><T96/><D87/><U33/><E24/><V105/><F105/><W106/><G13/><N who="0" m="9359" /><D96/><U131/><E93/><V65/><F65/><W126/><G25/><T6/><D6/><U83/><E83/><V42/><F42/><N who="3" m="15915" /><G106/><T39/><D39/><U41/><E41/><V97/><F115/><W121/><G121/><T64/><D101/><U76/><E30/><V58/><F97/><W7/><G7/><T46/><D49/><U55/><E75/><V5/><F34/><W92/><G92/><AGARI ba="0,0" hai="44,46,59,63,64,77,80,85,92,94,95" m="9359" machi="92" ten="30,5800,0" yaku="8,1,52,1,54,1" doraHai="18" who="0" fromWho="3" sc="250,58,250,0,250,0,250,-58" /><INIT seed="0,1,0,3,3,117" ten="308,250,250,192" oya="0" hai0="35,43,31,86,94,81,14,0,51,79,87,113,27" hai1="52,120,115,80,40,70,111,42,128,55,16,64,44" hai2="23,8,18,62,118,77,71,37,12,67,96,20,29" hai3="30,22,97,25,69,89,10,47,82,91,66,88,105"/><T56/><D113/><U6/><E111/><V49/><F37/><W60/><G47/><T65/><D0/><U39/><E6/><V124/><F118/><W114/><G114/><T107/><D107/><U125/><E115/><V5/><F124/><W93/><G105/><T116/><D116/><U54/><E125/><V108/><F108/><W122/><G122/><T33/><D33/><U45/><E80/><V53/><F77/><W90/><REACH who="3" step="1"/><G10/><REACH who="3" ten="308,250,250,182" step="2"/><T26/><D43/><U38/><E120/><V75/><F75/><W72/><G72/><T110/><D110/><U74/><E74/><V2/><F96/><W68/><G68/><T46/><D46/><U36/><E128/><V112/><F112/><W135/><G135/><T21/><D87/><AGARI ba="1,1" hai="22,25,30,60,66,69,82,87,88,89,90,91,93,97" machi="87" ten="40,2600,0" yaku="1,1,54,1,53,0" doraHai="117" doraHaiUra="32" who="3" fromWho="0" sc="308,-29,250,0,250,0,182,39" /><INIT seed="1,0,0,3,5,101" ten="279,250,250,221" oya="1" hai0="10,131,98,115,92,15,36,130,21,109,100,97,108" hai1="64,12,86,34,1,126,22,79,53,73,65,135,26" hai2="9,84,120,45,58,5,19,43,8,68,93,56,44" hai3="48,96,80,7,62,27,6,122,113,105,125,119,4"/><U116/><E116/><V72/><F72/><W118/><G113/><T23/><D115/><U104/><E73/><V91/><F68/><W110/><G122/><T77/><D36/><U52/><E1/><V37/><F120/><W11/><G80/><T17/><D77/><U127/><E135/><V39/><F19/><W63/><G11/><T47/><D47/><U61/><E34/><V94/><F94/><W111/><G48/><T33/><D98/><U74/><E12/><V54/><F54/><N who="1" m="21097" /><E61/><N who="3" m="23050" /><G27/><T114/><D33/><U40/><E104/><V76/><F76/><W75/><G75/><T3/><D114/><U16/><E40/><V66/><F66/><W55/><G55/><T134/><D134/><U129/><E74/><V83/><F9/><W81/><G81/><T32/><D32/><U99/><E99/><V50/><F83/><W71/><G71/><T103/><D103/><U60/><E60/><V95/><F39/><W89/><G125/><N who="1" m="47626" /><E129/><N who="0" m="49161" /><D3/><U2/><E2/><V20/><F37/><W117/><G105/><T29/><D10/><U24/><E24/><AGARI ba="0,0" hai="15,17,21,23,24,29,92,97,100,108,109" m="49161" machi="24" ten="30,1000,0" yaku="19,1" doraHai="101" who="0" fromWho="1" sc="279,10,250,-10,250,0,221,0" /><INIT seed="2,0,0,2,4,78" ten="289,240,250,221" oya="2" hai0="87,51,82,83,132,90,72,96,105,130,116,73,126" hai1="124,61,19,63,101,43,104,18,117,53,107,64,70" hai2="12,24,121,6,85,28,8,57,14,9,7,106,111" hai3="71,80,50,58,62,67,29,65,66,39,1,26,5"/><V60/><F121/><W46/><G5/><T108/><D51/><U38/><E117/><V92/><F106/><W17/><G1/><T81/><D116/><U128/><E124/><V98/><F111/><W10/><G39/><T32/><D32/><U4/><E4/><V0/><F0/><W133/><G133/><T115/><D115/><U44/><E128/><V109/><F85/><W134/><G134/><T56/><D56/><U31/><E31/><V103/><F109/><W33/><G71/><T77/><D132/><U125/><E125/><V93/><F93/><W55/><G10/><T91/><D126/><U88/><E101/><V35/><F57/><W99/><G17/><T68/><D68/><U48/><E61/><AGARI ba="0,0" hai="6,7,8,9,12,14,24,28,35,60,61,92,98,103" machi="61" ten="40,2000,0" yaku="9,1" doraHai="78" who="2" fromWho="1" sc="289,0,240,-20,250,20,221,0" /><INIT seed="2,1,0,1,4,46" ten="289,220,270,221" oya="2" hai0="68,43,117,54,83,121,125,12,34,48,23,84,100" hai1="103,64,66,56,73,17,14,93,114,10,51,74,92" hai2="61,11,72,71,19,86,76,20,81,96,25,133,41" hai3="28,108,5,104,88,82,44,134,105,35,67,87,79"/><V107/><F133/><W129/><G5/><T52/><D34/><U127/><E114/><V132/><F132/><W97/><G134/><T37/><D68/><U101/><E127/><V53/><F41/><W94/><G67/><N who="1" m="25642" /><E74/><V65/><F11/><W22/><G35/><T40/><D121/><U63/><E63/><V109/><F109/><W78/><G108/><T45/><D125/><U50/><E73/><V116/><F116/><W33/><G33/><T7/><D117/><U128/><E56/><V80/><F53/><W77/><G129/><T99/><D37/><U95/><E128/><V2/><F2/><W113/><G113/><T4/><D40/><U36/><E36/><V110/><F110/><W135/><G135/><T131/><D131/><U123/><E123/><V122/><F122/><W38/><G38/><T47/><D47/><U1/><E1/><V32/><F32/><W16/><G28/><T27/><D99/><U106/><E106/><V70/><F96/><W18/><G18/><N who="0" m="12791" /><D100/><AGARI ba="1,0" hai="10,14,17,50,51,92,93,95,100,101,103" m="25642" machi="100" ten="30,3900,0" yaku="8,1,52,2" doraHai="46" who="1" fromWho="0" sc="289,-42,220,42,270,0,221,0" /><INIT seed="3,0,0,2,4,115" ten="247,262,270,221" oya="3" hai0="94,104,80,130,106,9,44,67,110,3,117,64,98" hai1="77,87,39,23,112,58,11,57,102,19,116,33,46" hai2="48,78,37,132,126,99,54,113,118,6,13,56,123" hai3="38,89,4,2,7,53,24,127,134,121,101,72,30"/><W52/><G121/><T15/><D110/><U124/><E112/><V79/><F113/><W29/><G38/><T92/><D3/><U31/><E124/><V42/><F132/><W73/><G101/><T74/><D44/><U122/><E102/><V45/><F123/><W16/><G2/><T69/><D117/><U128/><E128/><V91/><F118/><W49/><G127/><T0/><D0/><U14/><E122/><V63/><F37/><W86/><G73/><T10/><D130/><U100/><E100/><V61/><F61/><W84/><G72/><T70/><D74/><U114/><E114/><V12/><F6/><N who="3" m="2091" /><G134/><T135/><D135/><U32/><E32/><V55/><F42/><W120/><G120/><T105/><D80/><N who="1" m="47503" /><E39/><V20/><F12/><W90/><G86/><T96/><D15/><U51/><E33/><V131/><F131/><W47/><G53/><T109/><D109/><U93/><E93/><N who="2" m="56767" /><F126/><W59/><G47/><T25/><REACH who="0" step="1"/><D105/><REACH who="0" ten="237,262,270,221" step="2"/><U97/><E116/><V17/><AGARI ba="0,1" hai="13,17,20,45,48,54,55,56,63,78,79" m="56767" machi="17" ten="30,1100,0" yaku="8,1" doraHai="115" who="2" fromWho="2" sc="237,-3,262,-3,270,21,221,-5" /><INIT seed="4,0,0,4,0,61" ten="234,259,291,216" oya="0" hai0="51,54,90,100,76,113,43,71,34,0,1,117,82" hai1="97,41,93,120,23,104,21,50,126,94,35,75,55" hai2="16,67,28,10,31,53,134,106,58,30,85,25,19" hai3="102,115,129,17,4,108,56,8,7,47,118,89,125"/><T74/><D117/><U110/><E35/><V69/><F106/><W32/><G32/><T122/><D122/><U132/><E75/><V29/><F69/><W133/><G118/><T33/><D71/><U24/><E110/><V72/><F72/><W99/><G108/><T116/><D116/><U79/><E79/><V57/><F67/><W20/><G89/><T11/><D43/><U96/><E104/><V12/><F58/><W64/><G115/><T121/><D121/><U95/><E132/><V15/><F85/><W88/><G133/><T18/><D100/><U45/><E126/><V77/><F77/><W13/><G125/><T48/><D113/><U68/><E68/><V80/><F80/><W9/><G47/><T63/><D90/><U103/><E41/><V101/><F101/><W111/><G111/><T36/><D36/><U91/><E120/><V84/><F84/><W49/><G102/><T83/><D83/><U6/><E6/><N who="3" m="2090" /><G49/><N who="0" m="19019" /><D33/><U27/><E94/><V40/><F40/><W78/><G78/><T107/><D34/><U81/><E81/><V109/><F109/><W26/><G26/><AGARI ba="0,0" hai="21,23,24,26,27,45,50,55,91,93,95,96,97,103" machi="26" ten="40,1300,0" yaku="8,1" doraHai="61" who="1" fromWho="3" sc="234,0,259,13,291,0,216,-13" /><INIT seed="5,0,0,3,4,48" ten="234,272,291,203" oya="1" hai0="49,100,14,58,33,135,126,94,11,69,121,131,107" hai1="112,68,17,9,30,128,108,81,52,104,134,114,62" hai2="125,12,34,97,60,130,101,80,18,113,21,29,32" hai3="27,10,118,42,99,71,75,5,57,123,105,1,102"/><U98/><E128/><V70/><F125/><W25/><G123/><T50/><D69/><U111/><E134/><V76/><F113/><N who="1" m="43625" /><E30/><V106/><F130/><W38/><G71/><T96/><D33/><U65/><E81/><V59/><F70/><W93/><G118/><T89/><D131/><U78/><E78/><V61/><F61/><W46/><G75/><T2/><D2/><U51/><E17/><V45/><F45/><W63/><REACH who="3" step="1"/><G105/><REACH who="3" ten="234,272,291,193" step="2"/><T26/><D135/><U24/><E104/><V3/><F106/><W79/><G79/><T85/><D121/><U40/><E111/><V116/><F76/><W66/><AGARI ba="0,1" hai="1,5,10,25,27,38,42,46,57,63,66,93,99,102" machi="66" ten="20,5200,0" yaku="1,1,0,1,7,1,53,1" doraHai="48" doraHaiUra="0" who="3" fromWho="3" sc="234,-13,272,-26,291,-13,193,62" /><INIT seed="6,0,0,0,4,83" ten="221,246,278,255" oya="2" hai0="88,111,116,114,12,70,53,98,2,66,105,74,75" hai1="14,49,106,40,44,84,45,113,0,72,122,76,64" hai2="131,15,59,18,109,87,60,102,92,13,104,89,9" hai3="10,100,118,119,32,4,91,57,128,120,82,47,20"/><V27/><F131/><W78/><G32/><T25/><D111/><U63/><E113/><V58/><F109/><W61/><G120/><T90/><D2/><U77/><E0/><V127/><F127/><W94/><G100/><T62/><D114/><U43/><E72/><V31/><F15/><W130/><G20/><T134/><D134/><U123/><E106/><V95/><F104/><W29/><G29/><T112/><D112/><U52/><E14/><V56/><F102/><W30/><G30/><T35/><D116/><U126/><E126/><V96/><F96/><W21/><G21/><T5/><D53/><U65/><E63/><V34/><F92/><W132/><G47/><T103/><D5/><U133/><E133/><V110/><F110/><W1/><G132/><T36/><D36/><U86/><E52/><AGARI ba="0,0" hai="9,13,18,27,31,34,52,56,58,59,60,87,89,95" machi="52" ten="30,5800,0" yaku="7,1,52,1,54,1" doraHai="83" who="2" fromWho="1" sc="221,0,246,-58,278,58,255,0" owari="221,-17.9,188,-31.2,336,43.6,255,5.5" /></mjloggm>