<mjloggm ver="2.3"><GO type="225" lobby="0"/><UN n0="%70%68%65%6E%6F%6D%65" n1="%E3%81%BF%E3%81%BF%E3%81%9A" n2="%6C%61%6D%62" n3="%E3%81%8B%E3%82%8F%E3%81%A1%E3%82%83%E3%82%93%35%38" dan="16,17,16,16" rate="2121.64,2177.08,2216.31,2154.00" sx="M,M,M,M"/><TAIKYOKU oya="0"/><BYE who="0" /><INIT seed="0,0,0,1,2,103" ten="250,250,250,250" oya="0" hai0="135,66,78,93,52,64,22,132,96,110,44,55,41" hai1="21,81,23,128,38,62,32,12,67,20,51,19,14" hai2="60,3,58,90,36,65,10,119,48,105,99,107,9" hai3="8,28,6,42,102,34,74,86,43,33,57,56,129"/><T127/><D127/><U15/><E38/><V134/><F36/><UN n0="%70%68%65%6E%6F%6D%65" /><W25/><G74/><T37/><D78/><U75/><E32/><V84/><F134/><N who="0" m="51242" /><D22/><U68/><E128/><V18/><F119/><W39/><G129/><T35/><D35/><U117/><E117/><V121/><F121/><W112/><G112/><T27/><D27/><U77/><REACH who="1" step="1"/><E51/><REACH who="1" ten="250,240,250,250" step="2"/><V31/><F48/><W91/><G34/><T72/><D110/><U116/><E116/><V53/><F3/><W88/><G39/><T123/><D123/><U59/><E59/><V120/><F120/><W30/><G57/><T79/><D64/><U1/><E1/><V17/><F65/><W108/><G56/><T109/><D66/><U4/><E4/><V111/><F111/><W70/><G108/><T16/><D109/><U85/><E85/><V2/><F2/><W11/><G86/><T95/><D72/><U5/><E5/><V104/><F99/><W80/><G33/><T73/><D96/><U26/><AGARI ba="0,1" hai="12,14,15,19,20,21,23,26,62,67,68,75,77,81" machi="26" ten="30,2000,0" yaku="1,1,0,1,53,0" doraHai="103" doraHaiUra="69" who="1" fromWho="1" sc="250,-10,240,30,250,-5,250,-5" /><INIT seed="1,0,0,4,4,125" ten="240,270,245,245" oya="1" hai0="127,82,55,38,117,98,115,18,25,41,44,77,130" hai1="126,54,106,97,119,74,64,133,101,8,1,128,92" hai2="112,21,80,59,68,70,14,93,118,9,16,34,47" hai3="135,52,58,109,28,39,4,113,90,30,27,32,72"/><U121/><E119/><V134/><F118/><W45/><G113/><T42/><D117/><U56/><E121/><V100/><F34/><W33/><G72/><T103/><D115/><U26/><E126/><V65/><F112/><W0/><G109/><T62/><D127/><U22/><E74/><V122/><F122/><W81/><G135/><T53/><D42/><U31/><E133/><V50/><F134/><W89/><G81/><T75/><D130/><U19/><E128/><V73/><F100/><W79/><G79/><T123/><D62/><U51/><E106/><V5/><F93/><W132/><G132/><T67/><D67/><U114/><E114/><V46/><F59/><W43/><G4/><T94/><REACH who="0" step="1"/><D123/><REACH who="0" ten="230,270,245,245" step="2"/><U57/><E64/><V66/><F66/><W111/><G111/><T99/><D99/><U7/><E31/><V12/><F65/><W15/><G30/><T87/><D87/><U110/><E110/><V37/><F37/><W76/><G28/><T85/><D85/><U10/><E51/><V23/><F73/><W3/><G39/><T48/><D48/><U24/><E54/><V102/><F50/><W49/><G52/><T71/><D71/><U60/><E60/><V11/><F70/><W104/><G49/><T78/><D78/><U63/><E63/><V40/><F68/><W105/><G76/><T131/><D131/><U95/><E56/><V129/><F129/><W120/><G58/><T86/><D86/><U36/><E57/><V83/><F40/><W20/><G120/><T88/><D88/><U116/><E36/><V29/><F46/><RYUUKYOKU ba="0,1" sc="230,30,270,-10,245,-10,245,-10" hai0="18,25,38,41,44,53,55,75,77,82,94,98,103" /><INIT seed="2,1,1,0,1,1" ten="260,260,235,235" oya="2" hai0="12,63,72,42,29,112,20,14,91,36,6,77,58" hai1="108,17,85,66,54,92,7,90,128,45,39,30,109" hai2="28,4,43,48,115,122,76,65,131,3,110,98,130" hai3="41,64,96,127,34,47,49,51,111,102,2,80,126"/><V101/><F115/><W100/><G111/><N who="1" m="42570" /><E128/><N who="2" m="49195" /><F110/><W97/><G34/><T13/><D112/><U38/><E66/><V18/><F122/><W78/><G64/><T132/><D132/><U23/><E30/><V107/><F28/><W104/><G2/><T79/><D42/><U114/><E114/><V62/><F76/><N who="0" m="29258" /><D36/><U117/><E7/><V93/><F18/><W56/><G56/><T123/><D72/><U69/><E117/><V99/><F48/><W116/><G116/><T133/><D133/><U134/><E69/><N who="2" m="42167" /><F43/><W81/><G49/><T31/><D123/><U35/><E35/><V88/><F3/><W95/><REACH who="3" step="1"/><G81/><REACH who="3" ten="260,260,235,225" step="2"/><T120/><D120/><U61/><E134/><V53/><F53/><W73/><AGARI ba="1,2" hai="41,47,51,73,78,80,95,96,97,100,102,104,126,127" machi="73" ten="30,8000,1" yaku="1,1,2,1,0,1,53,2" doraHai="1" doraHaiUra="94" who="3" fromWho="3" sc="260,-21,260,-21,235,-41,225,103" /><INIT seed="3,0,0,1,2,69" ten="239,239,194,328" oya="3" hai0="54,3,78,92,22,66,60,126,102,71,37,86,103" hai1="95,63,58,39,15,17,120,5,111,77,57,10,105" hai2="34,134,127,75,133,118,113,21,93,25,94,36,80" hai3="135,123,29,91,67,124,45,35,122,51,70,44,50"/><W28/><G91/><T87/><D3/><U85/><E120/><V16/><F113/><W121/><G35/><T119/><D119/><U12/><E105/><V131/><F118/><W90/><G90/><T72/><D126/><U132/><E111/><V114/><F114/><W62/><G124/><T101/><D37/><U82/><E132/><N who="2" m="50795" /><F127/><W1/><G1/><T7/><D7/><U112/><E112/><V6/><F6/><W30/><G135/><T61/><D72/><U116/><E116/><V89/><F34/><W100/><G100/><T19/><D78/><U65/><E39/><V56/><F131/><W53/><G28/><T46/><D92/><U27/><E95/><V0/><F0/><W33/><G33/><T81/><D81/><U117/><E117/><V4/><F4/><W79/><G79/><T49/><D61/><U104/><E104/><V83/><F93/><W74/><G74/><T110/><D110/><U98/><E98/><N who="2" m="57679" /><F56/><W42/><AGARI ba="0,0" hai="29,30,42,44,45,50,51,53,62,67,70,121,122,123" machi="42" ten="30,1500,0" yaku="0,1" doraHai="69" who="3" fromWho="3" sc="239,-5,239,-5,194,-5,328,15" owari="234,3.4,234,-16.6,189,-31.1,343,44.3" /></mjloggm>