<mjloggm ver="2.3"><GO type="225" lobby="0"/><UN n0="%E7%99%BD%E5%80%89%E5%AF%9B%E4%B9%8B" n1="%E3%83%B4%E3%82%A3%E3%83%AF%E3%82%B3%E3%82%B0%E3%83%8B" n2="%E3%81%94%E3%81%BE%E6%B2%B9%E9%A3%B2%E3%81%BF%E5%A4%AA%E9%83%8E" n3="%E3%81%93%E3%81%8F%E3%82%89%E3%82%AB%E3%83%90%E8%94%B5" dan="16,17,16,17" rate="2108.75,2213.48,2092.83,2182.71" sx="M,M,M,M"/><TAIKYOKU oya="0"/><INIT seed="0,0,0,4,4,21" ten="250,250,250,250" oya="0" hai0="2,25,88,29,97,57,13,36,14,80,50,51,44" hai1="19,82,53,28,61,123,31,4,47,127,118,122,1" hai2="111,81,101,26,135,103,6,18,33,40,63,73,70" hai3="30,32,67,87,54,64,7,34,93,98,77,116,0"/><T119/><D2/><U42/><E118/><V94/><F111/><W75/><G75/><T96/><D119/><U37/><E127/><V99/><F135/><W15/><G0/><T41/><D96/><U104/><E104/><V131/><F6/><W12/><G116/><T112/><D112/><U45/><E19/><V79/><F131/><W60/><G32/><T17/><D57/><U52/><E53/><V132/><F40/><W3/><G3/><T105/><D105/><U113/><E113/><V124/><F132/><W102/><G34/><T125/><D125/><U117/><E117/><V95/><F124/><W5/><G30/><T39/><D39/><U89/><E89/><V22/><F33/><W114/><G114/><T46/><D17/><U130/><E130/><V91/><REACH who="2" step="1"/><F95/><REACH who="2" ten="250,250,240,250" step="2"/><N who="3" m="58719" /><G5/><T49/><D46/><U84/><E45/><V69/><F69/><W38/><G7/><T35/><REACH who="0" step="1"/><D97/><REACH who="0" ten="240,250,240,250" step="2"/><U62/><E1/><V90/><F90/><N who="3" m="53471" /><G38/><T43/><D43/><U121/><E4/><V108/><F108/><W129/><G129/><T9/><D9/><U107/><E107/><V11/><F11/><W74/><G77/><T78/><D78/><U100/><E42/><V133/><F133/><W76/><G76/><T83/><D83/><U20/><E82/><V115/><F115/><W8/><G8/><T85/><AGARI ba="0,2" hai="13,14,25,29,35,36,41,44,49,50,51,80,85,88" machi="85" ten="30,11700,0" yaku="1,1,0,1,52,1,54,1,53,0" doraHai="21" doraHaiUra="106" who="0" fromWho="0" sc="240,137,250,-39,240,-39,250,-39" /><INIT seed="0,1,0,1,0,39" ten="377,211,201,211" oya="0" hai0="71,118,10,66,122,126,96,108,135,14,79,100,56" hai1="99,117,107,44,22,43,8,59,124,93,110,102,114" hai2="129,86,52,7,97,11,130,48,63,123,77,33,2" hai3="121,28,91,53,109,38,4,49,125,60,84,82,73"/><T98/><D118/><U76/><E110/><V13/><F33/><W15/><G38/><T101/><D122/><U68/><E117/><V23/><F123/><W127/><G121/><T131/><D71/><U45/><E68/><V88/><F63/><W70/><G28/><T119/><D119/><U113/><E124/><N who="3" m="47690" /><G109/><T29/><D29/><U83/><E22/><V74/><F97/><W26/><G26/><T95/><D108/><U36/><E45/><N who="2" m="27663" /><F77/><W37/><G37/><T25/><D79/><U89/><E59/><V58/><F58/><W30/><G30/><T19/><D126/><U128/><E128/><N who="2" m="49259" /><F74/><W134/><G73/><T111/><D131/><U3/><E3/><V55/><F55/><W40/><G53/><T62/><D111/><U78/><E8/><V105/><F105/><W17/><G60/><T92/><D25/><U103/><E76/><V80/><F23/><W54/><G54/><T9/><D9/><U81/><E103/><V41/><F41/><W112/><G40/><T5/><D10/><U94/><E107/><V67/><F67/><W47/><G70/><T24/><D66/><U116/><E116/><V115/><F115/><N who="1" m="44041" /><E78/><V1/><AGARI ba="1,0" hai="1,2,7,11,13,80,86,88" m="49259,27663" machi="1" ten="30,4000,0" yaku="19,1,54,2" doraHai="39" who="2" fromWho="2" sc="377,-21,211,-11,201,43,211,-11" /><INIT seed="1,0,0,4,2,10" ten="356,200,244,200" oya="1" hai0="12,8,92,80,72,53,93,51,26,47,97,69,54" hai1="6,11,117,35,103,39,120,135,46,32,107,63,81" hai2="130,112,73,111,113,75,96,128,0,1,123,7,68" hai3="30,76,64,108,99,90,66,95,43,129,94,13,79"/><U67/><E117/><V59/><F68/><W100/><G108/><T20/><D69/><U70/><E120/><V133/><F123/><W87/><G129/><N who="2" m="49769" /><F111/><W114/><G114/><N who="2" m="44137" /><F133/><W91/><G43/><N who="0" m="25087" /><D80/><U36/><E135/><V16/><F7/><W78/><G30/><N who="0" m="17735" /><D72/><N who="2" m="27722" /><F59/><W115/><G115/><T49/><D49/><U45/><E45/><V104/><F16/><W18/><REACH who="3" step="1"/><G100/><AGARI ba="0,0" hai="0,1,96,100,104" m="27722,44137,49769" machi="100" ten="40,5200,0" yaku="19,1,11,1,23,1" doraHai="10" who="2" fromWho="3" sc="356,0,200,0,244,52,200,-52" /><INIT seed="2,0,0,2,4,2" ten="356,200,296,148" oya="2" hai0="40,18,134,108,48,7,135,88,43,51,56,33,112" hai1="87,73,42,130,90,117,100,84,110,133,17,75,77" hai2="94,132,91,5,19,128,37,30,119,53,103,67,64" hai3="38,49,86,96,45,115,70,71,60,32,80,69,126"/><V8/><F119/><W121/><G38/><T22/><D33/><U16/><E117/><V123/><F123/><W25/><G121/><T76/><D112/><U97/><E133/><N who="0" m="50697" /><D108/><U116/><E116/><V61/><F132/><W81/><G115/><T14/><D76/><U68/><E68/><V62/><F37/><W95/><G60/><T10/><D88/><U124/><E130/><V120/><F120/><W82/><G126/><T21/><D21/><U101/><E42/><N who="0" m="15913" /><D56/><U98/><E77/><V114/><F128/><W89/><G32/><T72/><D72/><U54/><E90/><V44/><F103/><W27/><REACH who="3" step="1"/><G86/><REACH who="3" ten="356,200,296,138" step="2"/><T50/><D50/><U127/><REACH who="1" step="1"/><E54/><AGARI ba="0,1" hai="25,27,45,49,54,69,70,71,80,81,82,89,95,96" machi="54" ten="50,6400,0" yaku="1,1,2,1,53,1" doraHai="2" doraHaiUra="93" who="3" fromWho="1" sc="356,0,200,-64,296,0,138,74" /><INIT seed="3,0,0,1,5,48" ten="356,136,296,212" oya="3" hai0="53,21,125,41,78,116,71,93,28,13,39,115,132" hai1="91,117,42,19,47,111,22,12,82,102,58,56,105" hai2="120,59,96,25,75,72,83,43,95,100,90,1,61" hai3="16,112,26,44,55,98,18,80,76,114,134,79,89"/><W81/><G134/><T101/><D71/><U128/><E111/><V74/><F1/><W73/><G26/><T92/><D78/><U68/><E68/><V107/><F43/><W77/><G73/><T24/><D101/><U130/><E117/><V23/><F120/><W118/><G118/><T35/><D41/><U2/><E2/><V0/><F0/><W60/><G112/><T67/><D67/><U64/><E105/><V46/><F46/><W5/><G5/><T33/><D39/><U62/><E102/><V38/><F38/><W29/><G29/><T94/><D125/><U129/><E56/><V108/><F108/><W127/><G114/><T70/><D70/><U109/><E109/><V87/><F23/><W84/><G127/><T9/><D116/><U66/><E82/><V124/><F25/><W34/><G34/><T54/><D115/><U6/><E6/><V63/><F63/><W36/><G36/><T86/><D86/><U4/><E4/><V14/><F14/><W50/><G81/><T135/><D35/><U3/><E3/><V131/><F131/><W65/><REACH who="3" step="1"/><G98/><REACH who="3" ten="356,136,296,202" step="2"/><T17/><D33/><U99/><E99/><V85/><F124/><W69/><AGARI ba="0,1" hai="16,18,44,50,55,60,65,69,76,77,79,80,84,89" machi="69" ten="30,12000,1" yaku="1,1,2,1,0,1,52,1,54,1,53,0" doraHai="48" doraHaiUra="126" who="3" fromWho="3" sc="356,-40,136,-40,296,-40,202,130" owari="316,11.6,96,-40.4,256,-14.4,332,43.2" /></mjloggm>