<mjloggm ver="2.3"><GO type="225" lobby="0"/><UN n0="%E6%9D%B1%E9%A2%A8%E3%81%AE%E3%81%8D%E3%82%83%E3%81%B7%E3%81%95%E3%82%93" n1="%E3%83%96%E3%83%83%E3%83%91%E3%82%AA%E3%83%96%E3%83%81%E3%82%AD%E3%83%B3" n2="%E8%81%B7%E6%A5%AD%E3%80%81%E9%A2%A8%32" n3="%E3%82%8C%E3%81%99%E3%81%93" dan="16,17,16,16" rate="2167.82,2184.88,2154.29,2196.79" sx="M,M,M,F"/><TAIKYOKU oya="0"/><INIT seed="0,0,0,3,4,30" ten="250,250,250,250" oya="0" hai0="21,108,35,33,114,128,57,40,58,15,91,12,27" hai1="104,19,119,50,106,55,59,38,24,3,10,83,126" hai2="68,29,82,110,7,34,31,22,14,37,42,101,97" hai3="89,129,86,92,56,13,102,16,73,127,51,120,53"/><T118/><D114/><U64/><E119/><V17/><F110/><W81/><G129/><T117/><D40/><U26/><E126/><V105/><F68/><W43/><G127/><T39/><D39/><U62/><E38/><V44/><F34/><N who="0" m="12810" /><D91/><U46/><E83/><V6/><REACH who="2" step="1"/><F82/><REACH who="2" ten="250,250,240,250" step="2"/><W87/><G120/><T63/><D108/><U48/><E3/><V84/><F84/><W107/><G73/><T1/><D1/><U124/><E124/><V75/><F75/><W18/><G87/><T70/><D70/><U116/><E116/><N who="0" m="44649" /><D63/><U4/><E62/><V111/><F111/><W0/><G0/><T90/><D58/><U113/><E59/><V72/><F72/><W49/><G81/><T125/><D57/><U65/><E113/><V130/><F130/><W41/><G51/><T67/><D125/><U133/><E50/><V112/><F112/><W76/><G76/><T20/><D128/><U8/><E48/><V135/><F135/><W123/><G123/><T60/><D60/><U103/><E133/><V11/><F11/><W79/><G79/><T94/><D67/><U2/><E65/><V93/><F93/><W47/><G56/><T32/><D94/><U28/><E64/><V77/><F77/><W9/><G107/><T61/><D61/><U36/><E106/><V96/><F96/><W25/><REACH who="3" step="1"/><G102/><REACH who="3" ten="250,250,240,240" step="2"/><T69/><D69/><U78/><E103/><V109/><F109/><W71/><G71/><T99/><D99/><U121/><E104/><V80/><F80/><W88/><G88/><T5/><D90/><U52/><E121/><V100/><F100/><RYUUKYOKU ba="0,2" sc="250,-15,250,-15,240,15,240,15" hai2="6,7,14,17,22,29,31,37,42,44,97,101,105" hai3="9,13,16,18,25,41,43,47,49,53,86,89,92" /><INIT seed="1,1,2,1,1,130" ten="235,235,255,255" oya="1" hai0="120,44,87,97,95,68,28,54,84,7,38,110,18" hai1="88,77,40,106,89,46,81,85,27,16,129,8,25" hai2="26,59,83,109,101,15,132,74,135,10,108,58,119" hai3="66,102,115,50,55,45,92,124,23,41,35,53,67"/><U1/><E129/><V69/><F69/><W98/><G98/><T39/><BYE who="3" /><D68/><U61/><E106/><V117/><F101/><W0/><G0/><T64/><D64/><UN n3="%E3%82%8C%E3%81%99%E3%81%93" /><U99/><E61/><V52/><F26/><N who="1" m="9737" /><E1/><V78/><F117/><W49/><G115/><T24/><D7/><U32/><E32/><V5/><F59/><W96/><G35/><T107/><D107/><U104/><E104/><V29/><F29/><W116/><G116/><T90/><D110/><N who="2" m="42602" /><F119/><W70/><G70/><T91/><D120/><U113/><E113/><V51/><AGARI ba="1,2" hai="5,10,15,51,52,58,74,78,83,132,135" m="42602" machi="51" ten="30,7900,0" yaku="14,1,52,2,54,1" doraHai="130" who="2" fromWho="2" sc="235,-21,235,-40,255,102,255,-21" /><INIT seed="2,0,0,5,5,72" ten="214,195,357,234" oya="2" hai0="54,59,71,38,132,18,131,134,126,89,135,108,13" hai1="73,118,64,27,62,55,50,57,5,28,30,115,68" hai2="4,22,69,53,24,1,2,125,23,7,39,17,56" hai3="84,75,120,61,41,0,51,29,67,80,36,114,31"/><V88/><F69/><W43/><G120/><T46/><D89/><U100/><E115/><V110/><F39/><W98/><G0/><T34/><D34/><U123/><E118/><V12/><F125/><W78/><G114/><T40/><D126/><U133/><E123/><V87/><F110/><W14/><G36/><T60/><D108/><U44/><E133/><V77/><F77/><W99/><G75/><T48/><D18/><U92/><E73/><V81/><F2/><W124/><G124/><T83/><D13/><U117/><E117/><V16/><F1/><W35/><G14/><T33/><D83/><U63/><E5/><V8/><F8/><W79/><G79/><T102/><D102/><U127/><E127/><V96/><F96/><N who="3" m="36907" /><G35/><T91/><D91/><U74/><E74/><V86/><F87/><W90/><G90/><T95/><D95/><U11/><E11/><V128/><F128/><W20/><G51/><AGARI ba="0,0" hai="4,7,12,16,17,22,23,24,51,53,56,81,86,88" machi="51" ten="30,11600,0" yaku="7,1,8,1,54,2" doraHai="72" who="2" fromWho="3" sc="214,0,195,0,357,116,234,-116" /><INIT seed="2,1,0,2,3,55" ten="214,195,473,118" oya="2" hai0="118,127,16,30,43,126,52,11,77,48,63,54,108" hai1="115,53,40,49,113,1,110,8,106,112,97,135,94" hai2="93,133,116,17,51,125,24,86,12,61,96,84,103" hai3="21,104,92,27,37,42,100,19,62,111,87,73,44"/><V82/><F116/><W56/><G73/><T38/><D38/><U15/><E110/><V131/><F125/><N who="0" m="47626" /><D118/><U83/><E135/><V3/><F133/><W65/><G111/><T69/><D108/><U85/><E106/><V57/><F3/><W41/><G104/><T128/><D128/><U68/><E68/><V81/><F131/><W121/><G121/><T33/><D77/><U34/><E34/><V74/><F51/><W32/><G32/><T45/><D30/><U25/><E25/><V71/><F71/><W18/><G42/><T80/><D80/><N who="2" m="30826" /><F24/><W67/><G67/><N who="0" m="41215" /><D33/><U134/><E134/><V22/><F74/><W2/><G2/><T90/><D90/><U59/><E1/><V36/><F36/><W9/><G9/><T23/><D11/><U114/><E40/><V98/><F96/><W119/><G119/><T76/><D76/><U35/><E35/><V0/><F0/><W4/><G4/><T29/><D29/><U7/><E114/><V20/><F22/><W130/><G130/><T122/><D122/><U66/><E115/><V60/><F60/><W109/><G109/><T46/><D46/><U13/><E13/><AGARI ba="1,0" hai="13,16,23,43,45,48,52,54" m="41215,47626" machi="13" ten="30,3900,0" yaku="18,1,54,2" doraHai="55" who="0" fromWho="1" sc="214,42,195,-42,473,0,118,0" /><INIT seed="3,0,0,1,2,124" ten="256,153,473,118" oya="3" hai0="74,59,76,71,116,57,34,89,119,4,87,68,58" hai1="56,123,52,111,82,112,35,72,46,3,1,110,48" hai2="25,93,37,42,135,102,107,20,106,104,2,90,17" hai3="18,97,9,95,127,62,66,12,84,134,47,105,67"/><W100/><G127/><T26/><D4/><U131/><E123/><V31/><F2/><W128/><G134/><T120/><D120/><U86/><E112/><V21/><F135/><W73/><G73/><T49/><D49/><U7/><E35/><V130/><F130/><W53/><G128/><T11/><D11/><U121/><E131/><V13/><F37/><W30/><G30/><T61/><D76/><U43/><E72/><V115/><F42/><W78/><G105/><T125/><D74/><U44/><E121/><V81/><F81/><N who="3" m="47159" /><G47/><N who="1" m="17962" /><E43/><V69/><F69/><W109/><G109/><N who="1" m="41482" /><E7/><V10/><F115/><W91/><G100/><T132/><D132/><U83/><E83/><V38/><F38/><W103/><G103/><T27/><D125/><U126/><E126/><V22/><F102/><W16/><G18/><T45/><D45/><U33/><E33/><V63/><F104/><W88/><G91/><AGARI ba="0,0" hai="1,3,48,52,56,82,86,91" m="41482,17962" machi="91" ten="30,2000,0" yaku="14,1,54,1" doraHai="124" who="1" fromWho="3" sc="256,0,153,20,473,0,118,-20" owari="256,5.6,173,-22.7,473,57.3,98,-40.2" /></mjloggm>