<mjloggm ver="2.3"><GO type="225" lobby="0"/><UN n0="%E6%9D%B1%E9%A2%A8%E3%81%AE%E3%81%8D%E3%82%83%E3%81%B7%E3%81%95%E3%82%93" n1="%E3%83%81%E3%83%A7%E3%83%99%E3%83%83%E3%82%AF" n2="%E9%B3%B3%E6%9D%B1%E3%81%AE%E3%81%86%E3%81%95%E3%81%8E%E3%81%95%E3%82%93" n3="%E3%83%96%E3%83%83%E3%83%91%E3%82%AA%E3%83%96%E3%83%81%E3%82%AD%E3%83%B3" dan="16,16,17,16" rate="2109.40,2115.55,2151.91,2128.27" sx="M,M,M,M"/><TAIKYOKU oya="0"/><INIT seed="0,0,0,2,4,115" ten="250,250,250,250" oya="0" hai0="50,97,85,78,21,58,110,128,72,32,6,8,34" hai1="20,39,107,68,11,90,38,93,5,74,4,116,70" hai2="105,101,133,17,9,83,126,108,117,24,119,112,1" hai3="54,43,65,57,48,33,47,28,45,63,73,86,82"/><T81/><D128/><U127/><E107/><V69/><F112/><W3/><G3/><T102/><D110/><U46/><E74/><V10/><F108/><W104/><G104/><T56/><D72/><U131/><E131/><V120/><F120/><W98/><G73/><T88/><D21/><U52/><E127/><V92/><F69/><W80/><G98/><T99/><D78/><U15/><E116/><N who="2" m="44619" /><F126/><W66/><G33/><T113/><D113/><U134/><E134/><V55/><F133/><W31/><G47/><T41/><D97/><U7/><E70/><V96/><F83/><N who="3" m="31787" /><G86/><T14/><D58/><U42/><E68/><V106/><F1/><W87/><G87/><T124/><D124/><U16/><E39/><V40/><F40/><W77/><G77/><T61/><D41/><U37/><E37/><V64/><F106/><W130/><G130/><T53/><REACH who="0" step="1"/><D61/><REACH who="0" ten="240,250,250,250" step="2"/><U30/><E30/><AGARI ba="0,1" hai="28,30,31,43,45,48,54,57,63,65,66" m="31787" machi="30" ten="30,1000,0" yaku="8,1" doraHai="115" who="3" fromWho="1" sc="240,0,250,-10,250,0,250,20" /><INIT seed="1,0,0,4,0,44" ten="240,240,250,270" oya="1" hai0="74,40,135,8,11,67,82,50,128,52,86,96,72" hai1="133,24,103,46,110,77,95,53,73,114,105,42,55" hai2="25,87,125,38,83,41,35,3,63,2,80,13,88" hai3="30,48,116,61,81,22,91,0,28,118,104,100,78"/><U123/><E114/><V15/><F125/><W4/><G91/><T12/><D135/><U23/><E105/><V37/><F63/><W58/><G0/><T113/><D113/><U85/><E73/><V124/><F124/><W119/><G4/><T109/><D109/><U54/><E123/><V9/><F80/><W49/><G100/><T90/><D128/><U134/><E110/><V101/><F101/><W76/><G104/><T5/><D67/><U70/><E70/><V51/><F13/><W107/><G107/><T43/><D74/><U10/><E10/><V79/><F79/><N who="3" m="30251" /><G81/><T102/><D11/><U108/><E108/><V34/><F2/><W6/><G6/><T132/><D132/><N who="1" m="50795" /><E77/><V121/><F3/><W57/><G57/><N who="0" m="32919" /><D72/><U32/><E32/><V112/><F34/><W75/><G75/><T99/><D99/><N who="1" m="59903" /><E85/><V122/><F35/><W120/><G120/><T131/><D131/><U45/><E42/><V84/><F84/><W39/><G39/><T130/><D130/><U98/><E98/><V68/><F38/><W27/><G30/><AGARI ba="0,0" hai="23,24,30,45,46,53,54,55" m="59903,50795" machi="30" ten="30,1500,0" yaku="20,1" doraHai="44" who="1" fromWho="3" sc="240,0,240,15,250,0,270,-15" /><INIT seed="1,1,0,1,2,84" ten="240,255,250,255" oya="1" hai0="109,73,39,62,115,108,124,94,57,131,47,15,64" hai1="113,87,2,125,13,80,35,29,110,74,43,81,18" hai2="34,3,56,104,30,102,26,123,129,127,90,61,7" hai3="100,1,16,58,20,6,24,82,44,114,38,23,48"/><U25/><E113/><V130/><F123/><W88/><G114/><T83/><D15/><U85/><E125/><V17/><F127/><W135/><G135/><T70/><D115/><U76/><E110/><N who="0" m="42601" /><D124/><U77/><E2/><V71/><F17/><W97/><G38/><T119/><D119/><U22/><E43/><V122/><F122/><W78/><G58/><T68/><D94/><U98/><E98/><N who="2" m="61527" /><F56/><W21/><G1/><T69/><D83/><U53/><E53/><V106/><F106/><W117/><G6/><T28/><D28/><U95/><REACH who="1" step="1"/><E95/><REACH who="1" ten="240,245,250,255" step="2"/><V55/><F55/><N who="3" m="30087" /><G117/><T103/><D103/><U0/><E0/><V63/><F3/><W8/><G100/><T93/><D93/><U60/><E60/><V91/><F63/><W112/><G112/><T54/><D73/><AGARI ba="1,1" hai="13,18,22,25,29,35,73,74,76,77,80,81,85,87" machi="73" ten="30,12000,1" yaku="1,1,7,1,9,1,53,2" doraHai="84" doraHaiUra="75" who="1" fromWho="0" sc="240,-123,245,133,250,0,255,0" /><INIT seed="1,2,0,3,2,69" ten="117,378,250,255" oya="1" hai0="55,6,82,41,23,67,125,102,127,97,133,129,109" hai1="60,114,38,29,4,122,106,84,111,83,112,22,16" hai2="132,62,75,54,2,108,24,49,113,26,94,72,77" hai3="8,96,53,131,87,30,107,76,7,70,11,93,33"/><U46/><E122/><V47/><F2/><W65/><G131/><T101/><D6/><U45/><E106/><V13/><F108/><W74/><G53/><T37/><D67/><U20/><E4/><V17/><F132/><W89/><G7/><T57/><D109/><U31/><E111/><V18/><F113/><W80/><G30/><T99/><D133/><U12/><E114/><V63/><F75/><W116/><G33/><T3/><D3/><U58/><E38/><V130/><F130/><W134/><G116/><T88/><D129/><U123/><E123/><V14/><F72/><W128/><G128/><T64/><D64/><U35/><E35/><V119/><F77/><W52/><G52/><T56/><D23/><U59/><E59/><V51/><F94/><W43/><G43/><T104/><D55/><N who="1" m="33887" /><E29/><V36/><F54/><W98/><G134/><T61/><D61/><U71/><E71/><V39/><F47/><W9/><REACH who="3" step="1"/><G107/><REACH who="3" ten="117,378,250,245" step="2"/><T27/><D104/><U110/><E110/><V5/><F5/><W19/><G19/><T135/><D135/><U115/><E115/><V15/><F15/><W32/><G32/><T79/><D41/><U25/><E112/><V78/><F78/><AGARI ba="2,1" hai="12,16,20,22,25,31,45,46,78,83,84" m="33887" machi="78" ten="30,2900,0" yaku="8,1,54,1" doraHai="69" who="1" fromWho="2" sc="117,0,378,45,250,-35,245,0" /><INIT seed="1,3,0,0,3,29" ten="117,423,215,245" oya="1" hai0="79,99,75,122,109,17,110,129,123,83,111,3,36" hai1="10,6,55,63,24,118,112,16,127,8,103,9,25" hai2="86,2,45,90,115,94,93,62,43,80,54,53,57" hai3="59,23,52,50,77,44,84,41,11,102,4,46,95"/><U35/><E103/><V65/><F2/><W101/><G23/><T34/><D36/><U51/><E63/><V135/><F135/><W38/><G46/><T60/><D3/><U116/><E51/><N who="2" m="27071" /><F115/><W134/><G134/><T121/><D17/><U1/><E55/><AGARI ba="3,0" hai="53,54,55,57,62,65,80,86,90,93,94" m="27071" machi="55" ten="30,1000,0" yaku="8,1" doraHai="29" who="2" fromWho="1" sc="117,0,423,-19,215,19,245,0" /><INIT seed="2,0,0,4,3,48" ten="117,404,234,245" oya="2" hai0="70,103,121,98,56,26,89,112,43,46,61,21,18" hai1="13,44,69,17,67,74,75,72,37,129,65,97,30" hai2="79,95,2,51,60,20,114,118,28,113,16,33,14" hai3="29,34,50,87,38,11,108,134,122,7,5,125,8"/><V78/><F118/><W4/><G38/><T42/><D121/><U32/><E32/><V106/><F106/><W57/><G122/><T127/><D127/><U81/><E30/><V128/><F128/><W100/><G125/><T64/><D112/><U63/><E65/><V93/><F2/><W135/><G100/><T116/><D116/><U15/><E15/><V105/><F105/><W107/><G107/><T1/><D1/><U109/><E109/><V101/><F113/><W73/><G73/><T119/><D119/><U76/><E97/><V0/><F114/><W45/><G57/><T94/><D70/><U6/><E6/><V92/><F0/><W24/><G87/><T86/><REACH who="0" step="1"/><D46/><REACH who="0" ten="107,404,234,245" step="2"/><U47/><E47/><V66/><F101/><W52/><G108/><T25/><D25/><U115/><E115/><V80/><F14/><W82/><G82/><AGARI ba="0,1" hai="18,21,26,42,43,56,61,64,82,86,89,94,98,103" machi="82" ten="30,3900,0" yaku="1,1,7,1,8,1,53,0" doraHai="48" doraHaiUra="111" who="0" fromWho="3" sc="107,49,404,0,234,0,245,-39" /><INIT seed="3,0,0,5,0,106" ten="156,404,234,206" oya="3" hai0="93,15,126,133,44,27,8,19,59,1,83,70,11" hai1="84,79,61,12,45,65,64,43,127,14,86,26,62" hai2="118,119,69,78,76,114,51,80,81,23,18,38,120" hai3="52,47,22,71,129,48,121,35,85,116,53,100,29"/><W16/><G116/><T25/><D70/><U82/><E127/><V108/><F38/><W4/><G121/><T39/><D126/><U68/><E26/><V103/><F69/><W17/><G71/><T87/><D133/><U13/><E64/><V24/><F114/><W2/><G129/><T66/><D1/><U109/><E62/><V67/><F120/><W77/><G35/><T28/><D39/><U117/><E109/><V60/><F108/><W91/><G2/><T50/><D8/><U58/><E117/><V113/><F113/><W72/><G4/><T97/><D28/><U0/><E0/><V46/><F103/><W37/><G100/><T102/><D59/><U94/><E94/><V20/><F60/><W92/><G37/><T101/><D66/><U107/><E107/><V124/><F67/><W75/><G53/><T90/><REACH who="0" step="1"/><D102/><REACH who="0" ten="146,404,234,206" step="2"/><U30/><E30/><V105/><F124/><W56/><G56/><T130/><D130/><U3/><E3/><V57/><F57/><W131/><G131/><T89/><D89/><U5/><E68/><V128/><F128/><W98/><G29/><T112/><D112/><U21/><E65/><V40/><F119/><W111/><G111/><T96/><D96/><U95/><E58/><V115/><F115/><W34/><G98/><T134/><D134/><U125/><E61/><V7/><F118/><W49/><G91/><T74/><D74/><U123/><E125/><V9/><F9/><W42/><G75/><T104/><D104/><U32/><E123/><V99/><F105/><W110/><G110/><T135/><D135/><RYUUKYOKU ba="0,1" sc="146,30,404,-10,234,-10,206,-10" hai0="11,15,19,25,27,44,50,83,87,90,93,97,101" owari="176,-32.4,404,50.4,224,2.4,196,-20.4" /></mjloggm>