<mjloggm ver="2.3"><GO type="225" lobby="0"/><UN n0="%33%74%72%65%65" n1="%E5%8D%A0%E3%81%84%E5%B8%AB%E8%A3%8F%E3%81%AA%E3%81%84%E3%81%97" n2="%E7%B4%94%E6%BD%94%E3%83%94%E3%83%A9%E3%83%8B%E3%82%A2" n3="%4B%2E%32%2E%4B%2E" dan="17,17,17,16" rate="2117.80,2266.80,2211.51,2166.40" sx="F,M,M,M"/><TAIKYOKU oya="0"/><INIT seed="0,0,0,2,2,124" ten="250,250,250,250" oya="0" hai0="118,129,108,115,10,32,1,36,57,130,96,133,37" hai1="134,58,91,31,19,86,15,113,120,110,68,121,59" hai2="76,65,56,11,75,9,83,51,38,25,67,106,0" hai3="33,122,53,21,128,112,126,135,107,109,13,39,46"/><T42/><D115/><U60/><E110/><V66/><F106/><W98/><RYUUKYOKU type="yao9" ba="0,0" sc="250,0,250,0,250,0,250,0" hai3="13,21,33,39,46,53,98,107,109,112,122,126,128,135" /><INIT seed="0,1,0,4,1,128" ten="250,250,250,250" oya="0" hai0="39,113,20,61,118,84,60,71,3,15,10,86,6" hai1="90,124,87,65,117,0,94,32,74,27,35,111,120" hai2="103,14,36,68,58,125,112,129,70,31,52,104,33" hai3="49,76,30,5,28,134,98,51,91,21,7,2,13"/><T26/><D113/><U29/><E117/><V126/><F112/><W133/><G76/><T121/><D118/><U23/><E120/><V57/><F36/><W48/><G2/><T75/><D121/><U135/><E111/><V67/><F129/><W102/><G91/><T92/><D75/><U62/><E124/><N who="2" m="47723" /><F57/><W34/><G34/><T41/><D3/><U50/><E74/><V123/><F67/><W81/><G81/><T45/><D71/><U8/><E50/><N who="2" m="30999" /><F14/><W9/><G5/><T79/><D86/><U89/><E135/><N who="3" m="51722" /><G21/><T12/><D12/><U72/><E72/><V40/><F40/><W38/><G38/><T25/><D79/><U80/><E0/><V131/><F131/><W18/><G7/><T56/><D20/><U59/><E8/><V116/><F116/><W122/><G122/><T19/><D6/><U99/><AGARI ba="1,0" hai="23,27,29,32,35,59,62,65,80,87,89,90,94,99" machi="99" ten="20,1500,0" yaku="0,1,7,1" doraHai="128" who="1" fromWho="1" sc="250,-8,250,18,250,-5,250,-5" /><INIT seed="1,0,0,2,2,61" ten="242,268,245,245" oya="1" hai0="30,42,101,71,49,75,135,125,4,8,87,20,36" hai1="0,73,22,133,120,129,9,43,52,51,97,2,103" hai2="94,74,1,89,41,3,40,23,88,121,82,122,79" hai3="72,86,63,24,126,59,19,108,37,90,25,93,28"/><U115/><E115/><V83/><F23/><W53/><G108/><T64/><D75/><U107/><E120/><V104/><F94/><W57/><G126/><T33/><D33/><U127/><E127/><V85/><F85/><W50/><G37/><T6/><D125/><U117/><E117/><V62/><F62/><W130/><G130/><T111/><D111/><U29/><E129/><V118/><F79/><W92/><G72/><T95/><D36/><U46/><E73/><V69/><F74/><W58/><G19/><T47/><D135/><U11/><E133/><V13/><F69/><W31/><G93/><T56/><D71/><U106/><E107/><V98/><F13/><W113/><G113/><T54/><D64/><U131/><E131/><V67/><F104/><W18/><G59/><T123/><D123/><U77/><E77/><V112/><F98/><W114/><G114/><T21/><D30/><U26/><REACH who="1" step="1"/><E43/><REACH who="1" ten="242,258,245,245" step="2"/><V96/><F112/><W48/><G18/><T68/><D42/><U60/><E60/><V17/><F118/><W45/><G63/><T70/><D68/><U66/><E66/><V102/><F67/><W12/><G31/><T32/><D70/><U78/><E78/><V100/><F17/><W39/><G28/><T116/><D116/><U119/><E119/><V34/><F34/><W110/><G110/><T105/><D32/><U132/><E132/><V35/><F35/><W81/><G81/><T109/><D105/><U14/><E14/><V91/><F91/><W99/><G90/><T27/><D109/><U15/><E15/><V44/><F96/><RYUUKYOKU ba="0,1" sc="242,-15,258,15,245,15,245,-15" hai1="0,2,9,11,22,26,29,46,51,52,97,103,106" hai2="1,3,40,41,44,82,83,88,89,100,102,121,122" /><INIT seed="1,1,1,2,0,84" ten="227,273,260,230" oya="1" hai0="69,110,38,124,35,128,65,80,88,0,93,116,106" hai1="64,29,1,122,51,101,109,135,103,62,90,21,60" hai2="47,54,53,8,123,91,73,67,92,45,121,26,18" hai3="7,49,130,48,75,28,104,127,86,99,44,100,16"/><U120/><E1/><V132/><F73/><W63/><G75/><T111/><RYUUKYOKU type="yao9" ba="1,1" sc="227,0,273,0,260,0,230,0" hai0="0,35,38,65,69,80,88,93,106,110,111,116,124,128" /><INIT seed="1,2,1,1,4,120" ten="227,273,260,230" oya="1" hai0="91,35,60,48,56,110,14,23,4,118,98,2,132" hai1="125,114,100,24,115,12,126,41,5,131,107,88,87" hai2="34,119,11,32,113,127,13,79,70,1,74,43,8" hai3="18,57,7,101,133,44,82,30,26,85,64,46,117"/><U61/><E131/><V128/><F70/><W39/><G39/><T109/><D118/><U104/><E41/><V89/><F119/><W103/><G117/><T96/><D132/><U62/><E24/><V90/><F43/><W112/><G112/><N who="1" m="43050" /><E12/><V94/><F113/><W73/><G73/><T68/><D35/><U135/><E5/><V55/><F79/><W9/><G18/><T122/><D122/><U53/><E53/><V130/><F74/><W63/><G133/><T92/><D96/><N who="1" m="61447" /><E107/><V84/><F55/><W75/><G75/><T81/><D2/><U22/><E22/><V0/><F13/><N who="3" m="5311" /><G46/><T15/><D68/><U54/><E54/><V72/><F72/><W111/><G44/><T42/><D48/><U116/><E116/><V106/><F106/><W20/><G20/><T108/><D42/><U36/><E36/><V19/><F19/><W33/><G26/><T58/><D23/><U65/><E65/><V29/><F29/><W121/><G30/><T50/><D50/><U77/><E77/><V99/><F0/><W93/><G33/><T51/><D51/><U80/><E135/><V6/><F8/><W105/><G105/><T49/><D49/><U71/><E71/><V37/><F37/><W67/><G121/><T40/><D40/><U27/><E27/><V25/><F32/><W69/><G69/><T10/><D15/><U123/><E123/><V45/><F25/><W31/><G67/><N who="0" m="39303" /><D58/><U97/><E97/><V17/><F34/><W95/><G64/><T52/><D52/><U21/><E21/><V47/><F17/><W66/><G66/><RYUUKYOKU ba="2,1" sc="227,15,273,15,260,-15,230,-15" hai0="4,10,14,81,91,92,98,108,109,110" hai1="61,62,80,87,88,125,126" /><INIT seed="1,3,1,0,1,102" ten="242,288,245,215" oya="1" hai0="44,98,30,18,132,135,106,124,49,105,86,107,109" hai1="127,28,48,112,123,122,31,13,71,121,41,70,125" hai2="42,54,36,129,32,126,40,47,64,94,7,6,11" hai3="20,1,92,130,51,83,69,22,118,67,43,133,75"/><U78/><E112/><V37/><F32/><W25/><G1/><T26/><D109/><U81/><E13/><V59/><F126/><N who="1" m="48137" /><E48/><V134/><F129/><W116/><G133/><N who="0" m="51275" /><D124/><U90/><E90/><V88/><F134/><W29/><G130/><T14/><D86/><N who="1" m="48439" /><E41/><V84/><F42/><W4/><G116/><T89/><D89/><U0/><E0/><V110/><F110/><W24/><G118/><T73/><D73/><U53/><E53/><V95/><F64/><W131/><G131/><T19/><D98/><U100/><E100/><V62/><F36/><W108/><G108/><T82/><D82/><U8/><E8/><V3/><F7/><W12/><G83/><AGARI ba="3,1" hai="3,6,11,37,40,47,54,59,62,83,84,88,94,95" machi="83" ten="30,2000,0" yaku="7,1,54,1" doraHai="102" who="2" fromWho="3" sc="242,0,288,0,245,39,215,-29" /><INIT seed="2,0,0,2,5,106" ten="242,288,284,186" oya="2" hai0="35,23,58,42,125,19,39,131,110,109,72,25,11" hai1="94,70,24,69,101,86,98,31,130,5,65,30,76" hai2="17,28,14,113,41,22,115,77,12,89,71,84,75" hai3="6,34,51,3,87,91,129,102,124,117,123,83,107"/><V78/><F71/><W116/><G123/><T44/><D125/><U21/><E130/><V120/><F120/><W4/><G34/><T121/><D121/><U111/><E111/><N who="0" m="42505" /><D131/><U45/><E5/><V55/><F41/><W133/><G133/><T108/><N who="0" m="42513" /><T81/><DORA hai="57" /><D35/><U126/><E126/><V119/><F119/><W53/><G124/><T43/><D43/><U96/><E30/><V135/><F28/><W97/><G129/><T20/><D58/><U59/><E96/><V122/><F122/><W33/><G33/><T8/><D23/><U74/><E86/><V16/><F135/><W82/><G82/><T67/><D67/><U60/><E45/><V37/><F37/><W52/><G53/><T95/><D95/><U49/><E49/><V93/><F55/><W100/><G100/><T127/><D127/><U7/><E7/><V88/><F93/><W40/><G40/><T64/><D64/><U134/><E134/><V54/><F54/><W68/><G68/><T92/><D92/><U114/><E114/><V36/><F84/><W27/><G27/><T79/><AGARI ba="0,0" hai="8,11,19,20,25,39,42,44,72,79,81" m="42513" machi="79" ten="40,2700,0" yaku="14,1,52,1" doraHai="106,57" who="0" fromWho="0" sc="242,27,288,-7,284,-13,186,-7" /><INIT seed="3,0,0,3,2,56" ten="269,281,271,179" oya="3" hai0="119,24,75,99,110,12,17,104,92,6,34,70,108" hai1="65,123,25,109,122,40,33,97,100,53,131,13,8" hai2="21,35,111,134,63,91,72,0,127,107,38,103,10" hai3="117,93,15,54,114,57,77,106,16,90,66,42,102"/><W22/><G114/><T69/><D119/><U84/><E109/><N who="0" m="42089" /><D104/><U95/><E131/><V46/><F35/><W62/><G117/><T37/><D37/><U128/><E128/><V11/><F72/><W1/><G1/><T135/><D135/><U30/><E40/><V81/><F0/><W60/><G77/><T71/><D75/><U98/><E84/><V39/><F21/><W86/><G42/><T43/><D43/><U130/><E130/><V7/><F7/><W9/><G9/><N who="0" m="6287" /><D6/><U76/><E76/><V29/><F134/><W96/><G66/><T116/><D116/><U27/><E27/><V73/><F73/><W5/><G5/><T64/><D64/><U118/><E118/><V67/><F67/><W4/><G4/><T58/><D58/><U50/><E98/><V132/><F107/><W129/><G129/><T89/><D69/><U115/><E115/><V19/><F38/><W120/><G120/><T14/><D14/><U2/><E2/><V78/><F39/><W80/><G106/><T49/><D49/><AGARI ba="0,0" hai="15,16,22,49,54,57,60,62,80,86,90,93,96,102" machi="49" ten="30,12000,1" yaku="7,1,8,1,52,2,54,1" doraHai="56" who="3" fromWho="0" sc="269,-120,281,0,271,0,179,120" /><INIT seed="3,1,0,5,3,20" ten="149,281,271,299" oya="3" hai0="83,127,61,41,131,59,43,32,110,40,118,71,102" hai1="7,80,75,23,38,33,9,124,72,66,73,55,122" hai2="101,21,112,6,15,1,65,116,46,42,48,125,121" hai3="95,56,135,93,90,96,97,123,86,117,63,115,37"/><W120/><G117/><T81/><D118/><U132/><E122/><V82/><F121/><W89/><G115/><T13/><D71/><U54/><E33/><V77/><F112/><W26/><G37/><T79/><D110/><U119/><E119/><V104/><F125/><W45/><G45/><T62/><D127/><U10/><E124/><V108/><F108/><W31/><G86/><T29/><D131/><U11/><E132/><V35/><F35/><W17/><G17/><T24/><D102/><U19/><E38/><V39/><F65/><W57/><G135/><T64/><D79/><U103/><E66/><V36/><F116/><W27/><G31/><T84/><D84/><U129/><E129/><V76/><F76/><W78/><G78/><T3/><D3/><U53/><E103/><V69/><F69/><W52/><G52/><T50/><D62/><AGARI ba="1,0" hai="26,27,56,57,62,63,89,90,93,95,96,97,120,123" machi="62" ten="25,9600,0" yaku="22,2,52,2" doraHai="20" who="3" fromWho="0" sc="149,-99,281,0,271,0,299,99" owari="50,-45.0,281,8.1,271,-12.9,398,49.8" /></mjloggm>