<mjloggm ver="2.3"><GO type="225" lobby="0"/><UN n0="%E3%83%A9%E3%82%A4%E3%83%B3%E3%81%AE%E8%99%8E" n1="%E6%98%93%E5%88%A9%E8%96%A9%E4%BC%AF" n2="%E6%A1%9C%E6%B2%A2%E5%A2%A8" n3="%E5%A4%8F%E9%88%B4%E9%88%B4%E5%A4%8F" dan="16,17,17,16" rate="2182.90,2153.14,2158.15,2095.31" sx="M,F,F,F"/><TAIKYOKU oya="0"/><INIT seed="0,0,0,1,3,52" ten="250,250,250,250" oya="0" hai0="86,53,3,122,34,60,72,20,28,103,101,76,110" hai1="4,97,82,68,51,18,132,61,93,129,47,123,7" hai2="2,115,105,121,108,0,111,9,31,95,64,54,128" hai3="55,10,13,38,90,15,25,120,16,12,102,114,62"/><T58/><D122/><U41/><E123/><V77/><F121/><W21/><G114/><T87/><D3/><U117/><E117/><V79/><F105/><W46/><G120/><T74/><D34/><U85/><E129/><V48/><F115/><W59/><G102/><T130/><D130/><U125/><E132/><V99/><F64/><W73/><G73/><T57/><D74/><U75/><E75/><V127/><F31/><W6/><REACH who="3" step="1"/><G90/><REACH who="3" ten="250,250,250,240" step="2"/><T113/><D72/><U1/><E125/><V98/><F127/><W109/><G109/><T43/><D113/><U27/><E1/><V22/><F128/><W66/><G66/><N who="0" m="39183" /><D110/><U29/><E68/><V65/><F65/><W78/><G78/><T63/><D43/><AGARI ba="0,1" hai="6,10,12,13,15,16,21,25,38,43,46,55,59,62" machi="43" ten="40,8000,1" yaku="1,1,52,1,54,1,53,1" doraHai="52" doraHaiUra="39" who="3" fromWho="0" sc="250,-80,250,0,250,0,240,90" /><INIT seed="1,0,0,2,0,100" ten="170,250,250,330" oya="1" hai0="88,125,112,69,66,49,56,53,48,126,32,21,7" hai1="99,81,35,38,44,33,54,107,12,87,2,62,24" hai2="86,15,22,51,8,123,41,132,96,4,61,109,93" hai3="26,67,28,6,78,23,120,135,77,116,95,131,122"/><U101/><E2/><V71/><F123/><W59/><G116/><T97/><D32/><U47/><E12/><V119/><F119/><W76/><G131/><T104/><D112/><U36/><E47/><V58/><F109/><W110/><G110/><T108/><D108/><U20/><E38/><V89/><F132/><W45/><G135/><T85/><D7/><U37/><E37/><V118/><F118/><W55/><G6/><T75/><D75/><U129/><E36/><V31/><F71/><W106/><G106/><T52/><D21/><U34/><E129/><V102/><F51/><W105/><G105/><T14/><D14/><U72/><E72/><V68/><F68/><W103/><G67/><T11/><D11/><U82/><E87/><V64/><F41/><W18/><G45/><T19/><D19/><U39/><E39/><V42/><F42/><W16/><G122/><T57/><D66/><U5/><E5/><V29/><REACH who="2" step="1"/><F22/><REACH who="2" ten="170,250,240,330" step="2"/><W27/><G120/><T94/><D69/><U90/><E20/><V91/><F91/><W40/><G40/><T74/><D74/><U63/><E90/><V115/><F115/><W70/><G70/><T46/><D46/><U114/><E114/><V10/><F10/><W127/><G23/><T17/><D17/><U0/><E44/><V92/><AGARI ba="0,1" hai="4,8,15,29,31,58,61,64,86,89,92,93,96,102" machi="92" ten="20,5200,0" yaku="1,1,0,1,7,1,8,1,53,0" doraHai="100" doraHaiUra="117" who="2" fromWho="2" sc="170,-13,250,-26,240,62,330,-13" /><INIT seed="2,0,0,5,1,116" ten="157,224,302,317" oya="2" hai0="18,78,81,44,86,15,61,120,100,52,89,92,55" hai1="60,124,14,8,98,51,50,42,35,41,94,104,66" hai2="70,22,88,16,45,38,96,63,99,125,11,5,1" hai3="28,85,114,54,77,74,110,132,84,37,76,43,65"/><V108/><F125/><W129/><G110/><T118/><D118/><U12/><E35/><V121/><F108/><W56/><G129/><T26/><D26/><U23/><E104/><V115/><F115/><W71/><G132/><T126/><D126/><U25/><E124/><V57/><F70/><W122/><G122/><T75/><D120/><U34/><E34/><V62/><F121/><W103/><G103/><T17/><D100/><U4/><E4/><BYE who="1" /><V21/><F21/><W135/><G135/><UN n1="%E6%98%93%E5%88%A9%E8%96%A9%E4%BC%AF" /><T6/><D61/><U69/><E51/><V83/><F63/><W29/><G65/><T133/><D133/><U0/><E0/><V24/><F45/><W82/><G71/><T79/><D79/><U127/><E14/><V113/><F38/><W112/><G43/><T53/><REACH who="0" step="1"/><D44/><REACH who="0" ten="147,224,302,317" step="2"/><U119/><E119/><V109/><F109/><W39/><G77/><T72/><D72/><U131/><E25/><V19/><F113/><W73/><G76/><T3/><D3/><U20/><E60/><V2/><F2/><W33/><G74/><T40/><D40/><U123/><E42/><V59/><F59/><W130/><G73/><T68/><D68/><U90/><E69/><V91/><F57/><W32/><G114/><T105/><D105/><U106/><E106/><V47/><F62/><N who="3" m="36119" /><G112/><T48/><D48/><U10/><E50/><V58/><F58/><W93/><G33/><T36/><D36/><N who="3" m="13897" /><G32/><T9/><AGARI ba="0,1" hai="6,9,15,17,18,52,53,55,75,78,81,86,89,92" machi="9" ten="30,12000,2" yaku="1,1,0,1,54,1,53,3" doraHai="116" doraHaiUra="49" who="0" fromWho="0" sc="147,130,224,-30,302,-60,317,-30" /><INIT seed="3,0,0,1,5,68" ten="277,194,242,287" oya="3" hai0="101,43,100,97,31,38,94,79,76,117,69,127,17" hai1="39,37,18,47,30,75,115,22,48,28,119,15,11" hai2="130,64,45,74,90,29,10,93,114,59,104,23,86" hai3="55,89,3,50,24,42,78,46,120,2,0,40,80"/><W126/><G120/><T56/><D117/><U6/><E115/><V107/><F114/><W33/><G126/><T123/><D69/><U5/><E75/><V102/><F74/><W122/><G122/><T77/><D123/><U9/><E119/><V67/><F130/><W84/><REACH who="3" step="1"/><G78/><REACH who="3" ten="277,194,242,277" step="2"/><T25/><D127/><U63/><E63/><V20/><F104/><W27/><G27/><T135/><D77/><U124/><E124/><V112/><F107/><W72/><G72/><T95/><D79/><U41/><E30/><AGARI ba="0,1" hai="0,2,3,24,30,33,40,42,46,50,55,80,84,89" machi="30" ten="40,2000,0" yaku="1,1,53,0" doraHai="68" doraHaiUra="52" who="3" fromWho="1" sc="277,0,194,-20,242,0,277,30" owari="277,7.7,174,-32.6,242,-15.8,307,40.7" /></mjloggm>