<mjloggm ver="2.3"><GO type="225" lobby="0"/><UN n0="%33%74%72%65%65" n1="%E3%80%90%E3%83%88%E3%83%AA%E3%83%A5%E3%83%95%E3%80%91" n2="%E6%A0%B9%E5%85%83%E3%81%8B%E3%82%89%E5%90%B9%E3%81%A3%E9%A3%9B%E3%81%B6" n3="%E6%98%93%E5%88%A9%E8%96%A9%E4%BC%AF" dan="16,16,17,17" rate="2169.97,2112.59,2106.60,2193.38" sx="F,M,F,F"/><TAIKYOKU oya="0"/><INIT seed="0,0,0,4,2,45" ten="250,250,250,250" oya="0" hai0="60,107,68,73,120,15,16,59,85,62,39,6,115" hai1="46,97,126,69,5,37,55,109,74,98,20,123,58" hai2="2,9,38,67,50,22,88,84,24,65,89,106,4" hai3="103,14,132,61,71,3,13,75,117,63,81,114,91"/><T131/><D115/><U79/><E123/><V92/><F38/><W87/><G117/><T86/><D120/><U51/><E109/><V125/><F125/><W17/><G3/><T99/><D73/><U40/><E126/><V66/><F106/><W30/><G132/><T36/><D6/><U76/><E5/><V48/><REACH who="2" step="1"/><F89/><REACH who="2" ten="250,250,240,250" step="2"/><W21/><G91/><T102/><D39/><U93/><E76/><V122/><F122/><W90/><G90/><T8/><D36/><U94/><E79/><V7/><F7/><W105/><G105/><T111/><D111/><U10/><E74/><V113/><F113/><W124/><G75/><T43/><D131/><U53/><E37/><V128/><F128/><W129/><G129/><T41/><D68/><U56/><E69/><V32/><F32/><W77/><G114/><T104/><D104/><U82/><E82/><V135/><F135/><W112/><G112/><T70/><D70/><U108/><E108/><V95/><F95/><W100/><G124/><T121/><D121/><U57/><E93/><V31/><AGARI ba="0,1" hai="2,4,9,22,24,31,48,50,65,66,67,84,88,92" machi="31" ten="30,8000,1" yaku="1,1,0,1,52,2,54,1,53,0" doraHai="45" doraHaiUra="96" who="2" fromWho="2" sc="250,-40,250,-20,240,90,250,-20" /><INIT seed="1,0,0,1,4,19" ten="210,230,330,230" oya="1" hai0="86,6,63,131,67,56,3,14,92,125,74,25,22" hai1="57,130,13,80,8,32,106,44,1,121,71,68,118" hai2="132,46,72,99,108,38,66,12,35,109,135,43,75" hai3="96,124,82,41,30,15,31,61,55,51,101,16,84"/><U113/><E113/><V34/><F66/><W133/><G124/><T117/><D125/><U4/><E118/><V5/><F99/><W104/><G133/><N who="2" m="51273" /><F5/><W77/><G61/><T93/><D117/><U114/><E114/><V49/><F12/><W29/><G41/><T70/><D14/><U76/><E121/><V94/><F94/><W91/><G77/><T88/><D93/><U24/><E106/><V65/><F65/><W116/><G116/><T112/><D112/><U42/><E130/><V10/><F10/><W53/><REACH who="3" step="1"/><G51/><REACH who="3" ten="210,230,330,220" step="2"/><T52/><D131/><U89/><E42/><V78/><F49/><W110/><G110/><N who="2" m="42601" /><F78/><W54/><G54/><T48/><D48/><U134/><E134/><V62/><F62/><W33/><G33/><AGARI ba="0,1" hai="33,34,35,38,43,46,72,75" m="42601,51273" machi="33" ten="40,5200,0" yaku="20,1,14,1,23,1" doraHai="19" who="2" fromWho="3" sc="210,0,230,0,330,62,220,-52" /><INIT seed="2,0,0,1,2,17" ten="210,230,392,168" oya="2" hai0="128,102,56,10,116,112,83,47,58,124,125,106,5" hai1="86,96,133,104,92,100,46,82,81,24,114,63,79" hai2="55,12,115,19,33,122,41,45,127,70,3,40,62" hai3="25,30,135,11,65,108,101,113,88,16,126,52,119"/><V77/><F3/><W95/><G119/><T89/><D112/><U28/><E114/><V14/><F33/><W91/><G113/><T73/><D116/><U53/><E133/><V99/><F122/><W120/><G120/><T2/><D128/><U35/><E82/><V36/><F127/><N who="0" m="48714" /><D47/><U134/><E134/><V75/><F41/><W48/><G126/><T18/><D18/><U98/><E46/><V39/><F39/><W21/><G135/><T103/><D106/><U27/><E27/><V20/><F115/><W61/><G108/><T0/><D0/><U66/><E53/><V105/><F14/><N who="3" m="7263" /><G65/><T7/><D7/><U64/><REACH who="1" step="1"/><E63/><REACH who="1" ten="210,220,392,168" step="2"/><V80/><F55/><W8/><G61/><T13/><D83/><U29/><E29/><V131/><F80/><W37/><G37/><T32/><D73/><U117/><E117/><V71/><F75/><W110/><G110/><T84/><D32/><U123/><E123/><V9/><F62/><W129/><G129/><T54/><D54/><U94/><E94/><V42/><F131/><W38/><G38/><T4/><D58/><U69/><E69/><V59/><F59/><N who="3" m="33159" /><G8/><T57/><D10/><U34/><E34/><V6/><F71/><W44/><G44/><T132/><D132/><U50/><E50/><V97/><F70/><W93/><G93/><N who="0" m="54439" /><D57/><U31/><E31/><V118/><F9/><W85/><G85/><T15/><D56/><U60/><E60/><V23/><F118/><W43/><G43/><T22/><D2/><U130/><E130/><V51/><F40/><W26/><G26/><T107/><D4/><RYUUKYOKU ba="0,1" sc="210,-15,220,15,392,-15,168,15" hai1="24,28,35,64,66,79,81,86,92,96,98,100,104" hai3="21,25,30,88,91,95,101" /><INIT seed="3,1,1,0,1,24" ten="195,235,377,183" oya="3" hai0="66,115,110,14,75,133,5,93,84,22,72,67,62" hai1="122,9,64,57,124,116,113,94,79,23,85,118,78" hai2="55,56,97,123,91,135,36,35,131,52,109,73,128" hai3="37,43,71,49,101,83,1,102,90,21,3,54,86"/><W70/><G37/><T107/><D107/><U74/><E113/><V126/><F109/><W96/><G43/><T58/><D110/><U31/><E122/><V59/><F35/><W39/><G39/><T50/><D115/><U26/><E9/><V68/><F68/><W112/><G112/><T108/><D108/><U8/><E8/><V92/><F73/><W28/><G102/><T125/><D125/><U41/><E74/><V48/><F135/><W81/><G81/><T47/><D133/><U46/><E124/><V44/><F123/><W40/><G40/><N who="0" m="24935" /><D75/><U111/><E111/><V33/><F33/><W25/><G71/><T53/><D72/><U45/><E78/><V65/><F65/><W119/><G70/><T134/><D134/><U61/><E41/><V76/><F76/><W18/><G18/><N who="0" m="10583" /><D5/><U98/><E116/><V38/><F126/><W95/><REACH who="3" step="1"/><G119/><REACH who="3" ten="195,235,377,173" step="2"/><T12/><D12/><U114/><E114/><V104/><F36/><W80/><G80/><T19/><D19/><U120/><E118/><V121/><F38/><W32/><G32/><T69/><D69/><U106/><E120/><V127/><F127/><W129/><G129/><T60/><D60/><U29/><E61/><V7/><F121/><W103/><G103/><T88/><AGARI ba="1,2" hai="53,58,62,66,67,84,88,93" m="10583,24935" machi="88" ten="30,2000,0" yaku="8,1,54,1" doraHai="24" who="0" fromWho="0" sc="195,43,235,-6,377,-6,173,-11" owari="238,3.8,229,-17.1,371,47.1,162,-33.8" /></mjloggm>