<mjloggm ver="2.3"><GO type="225" lobby="0"/><UN n0="%E7%89%B9%E6%9D%B1%E3%81%AF%E4%B8%96%E7%95%8C%E3%82%92%E6%95%91%E3%81%86" n1="%E3%83%A9%E3%82%B9%E7%8E%87%EF%BC%93%E5%89%B2" n2="%E6%98%93%E5%88%A9%E8%96%A9%E4%BC%AF" n3="%E3%80%90%E3%83%88%E3%83%AA%E3%83%A5%E3%83%95%E3%80%91" dan="16,16,17,16" rate="2172.77,2218.63,2178.73,2071.76" sx="M,F,F,M"/><TAIKYOKU oya="0"/><INIT seed="0,0,0,1,5,71" ten="250,250,250,250" oya="0" hai0="68,75,0,6,51,97,95,64,74,28,67,102,10" hai1="66,82,115,133,15,121,132,16,114,33,14,100,41" hai2="42,90,109,40,60,98,86,44,79,80,72,85,110" hai3="38,120,78,50,59,123,5,118,61,45,91,13,35"/><T126/><D126/><U89/><E33/><V18/><F98/><W99/><G118/><T22/><D68/><U111/><E121/><N who="3" m="46666" /><G78/><T30/><D75/><U26/><E111/><N who="2" m="42507" /><F60/><W83/><G50/><T46/><D74/><U55/><E66/><V58/><F58/><W27/><G13/><N who="1" m="4618" /><E100/><V4/><F4/><W70/><G5/><T122/><D122/><U21/><E55/><V39/><F18/><W96/><G70/><T23/><D22/><U65/><E65/><V94/><F85/><N who="3" m="50623" /><G27/><T24/><REACH who="0" step="1"/><D28/><REACH who="0" ten="240,250,250,250" step="2"/><U29/><E29/><V52/><F42/><AGARI ba="0,1" hai="0,6,10,23,24,30,42,46,51,64,67,95,97,102" machi="42" ten="30,11600,0" yaku="1,1,2,1,7,1,53,1" doraHai="71" doraHaiUra="88" who="0" fromWho="2" sc="240,126,250,0,250,-116,250,0" /><INIT seed="0,1,0,0,3,71" ten="366,250,134,250" oya="0" hai0="6,30,21,108,134,57,111,105,64,31,75,5,112" hai1="73,131,133,1,24,26,25,7,16,48,101,22,81" hai2="125,14,70,85,116,122,69,119,126,50,51,89,32" hai3="3,100,84,62,124,28,44,97,59,33,88,104,35"/><T135/><D75/><U52/><E131/><V61/><F32/><W23/><G3/><T9/><D57/><U121/><E121/><V11/><F85/><W13/><G44/><T102/><D64/><U118/><E118/><N who="2" m="45099" /><F89/><W19/><G28/><N who="0" m="10795" /><D105/><U39/><E39/><V34/><F34/><W66/><REACH who="3" step="1"/><G124/><REACH who="3" ten="366,250,134,240" step="2"/><N who="2" m="47721" /><F122/><W120/><G120/><T17/><D112/><U29/><E29/><V128/><F128/><W53/><G53/><T117/><D117/><U68/><E1/><V86/><F70/><W54/><G54/><T72/><D72/><U90/><E68/><V45/><F45/><W2/><G2/><N who="0" m="183" /><D6/><U63/><E7/><N who="2" m="3455" /><F86/><W92/><AGARI ba="1,1" hai="13,19,23,33,35,59,62,66,84,88,92,97,100,104" machi="92" ten="20,5200,0" yaku="1,1,0,1,7,1,54,1,53,0" doraHai="71" doraHaiUra="41" who="3" fromWho="3" sc="366,-27,250,-14,134,-14,240,65" /><INIT seed="1,0,0,4,1,39" ten="339,236,120,305" oya="1" hai0="36,97,115,11,9,87,123,6,13,48,65,83,7" hai1="71,42,17,56,112,50,108,102,19,12,114,110,74" hai2="54,86,80,98,129,93,1,49,47,128,58,14,38" hai3="43,4,34,41,72,27,79,28,70,107,111,76,122"/><U21/><E71/><V15/><F1/><W101/><G122/><T89/><D36/><U32/><E74/><V51/><F38/><W96/><G4/><T66/><D115/><N who="1" m="44075" /><E102/><V134/><F134/><W23/><G111/><N who="1" m="42538" /><E56/><V92/><F128/><W67/><G23/><T109/><D123/><U52/><E19/><V59/><F129/><W33/><G33/><T60/><D109/><U106/><E106/><V61/><F51/><W8/><G8/><T125/><D60/><U100/><E100/><V90/><F93/><W16/><G16/><T3/><D48/><U118/><E32/><V22/><F22/><W131/><G131/><T31/><D7/><U25/><E25/><V132/><F132/><W5/><G5/><T24/><D24/><U57/><E42/><N who="3" m="15882" /><G72/><T94/><D6/><U26/><E26/><V53/><REACH who="2" step="1"/><F59/><REACH who="2" ten="339,236,110,305" step="2"/><W135/><G135/><T91/><D3/><U55/><E55/><V116/><F116/><AGARI ba="0,1" hai="12,17,21,50,52,57,116,118" m="42538,44075" machi="116" ten="30,5800,0" yaku="14,1,10,1,54,1" doraHai="39" who="1" fromWho="2" sc="339,0,236,68,110,-58,305,0" /><INIT seed="1,1,0,4,2,22" ten="339,304,52,305" oya="1" hai0="12,73,57,64,61,71,108,102,92,131,55,53,120" hai1="83,47,54,4,3,27,107,93,8,10,76,42,13" hai2="132,41,7,65,105,35,80,110,52,111,34,106,66" hai3="109,21,15,33,6,90,9,5,1,14,135,36,38"/><U75/><E107/><N who="2" m="40971" /><F7/><W44/><G109/><N who="2" m="41481" /><F80/><W81/><G33/><N who="2" m="12297" /><F41/><W127/><G6/><T119/><D73/><U130/><E130/><V31/><F31/><W133/><G15/><T24/><D12/><U49/><E93/><V123/><F52/><W0/><G21/><T125/><D55/><U48/><E27/><V101/><F101/><W68/><G14/><T116/><D53/><U16/><E54/><V91/><F91/><W29/><G29/><T23/><D102/><U70/><E70/><V43/><F43/><W113/><G68/><T50/><D24/><U78/><E78/><V115/><F132/><W88/><G5/><T96/><D71/><U51/><AGARI ba="1,0" hai="3,4,8,10,13,16,42,47,48,49,51,75,76,83" machi="51" ten="20,3900,0" yaku="0,1,7,1,54,1" doraHai="22" who="1" fromWho="1" sc="339,-14,304,42,52,-14,305,-14" /><INIT seed="1,2,0,5,4,115" ten="325,346,38,291" oya="1" hai0="104,120,61,8,44,94,93,39,122,24,35,59,74" hai1="47,15,131,110,113,127,75,42,91,48,132,31,79" hai2="86,117,114,82,38,67,99,51,87,81,45,0,56" hai3="14,125,34,84,65,11,108,109,95,134,58,20,46"/><U22/><E113/><V55/><F114/><W107/><G107/><T96/><D74/><U57/><E131/><V19/><F0/><W76/><G34/><T33/><D104/><U18/><E132/><V123/><F123/><N who="0" m="47146" /><D8/><U4/><E127/><V118/><F99/><W16/><G125/><T89/><D24/><U78/><E75/><V12/><F38/><W111/><G46/><T43/><D94/><U52/><E110/><V102/><F102/><W106/><G106/><T37/><D37/><U83/><E31/><V126/><F126/><W73/><G134/><T10/><D10/><U128/><E4/><V85/><F67/><AGARI ba="2,0" hai="33,35,39,43,44,59,61,67,89,93,96" m="47146" machi="67" ten="30,1000,0" yaku="13,1" doraHai="115" who="0" fromWho="2" sc="325,16,346,0,38,-16,291,0" /><INIT seed="2,0,0,1,4,55" ten="341,346,22,291" oya="2" hai0="135,127,63,57,83,56,67,0,12,39,38,109,30" hai1="115,53,78,84,27,121,130,118,125,25,117,87,26" hai2="111,20,49,32,133,119,97,18,10,16,104,103,94" hai3="107,101,61,41,131,58,33,45,126,95,90,122,59"/><V50/><F119/><W48/><G122/><T113/><D113/><U120/><E78/><V3/><F32/><W14/><G131/><T2/><D109/><U11/><E11/><V42/><F133/><W21/><G126/><T70/><D127/><U110/><E125/><V15/><F111/><W100/><G107/><T36/><D135/><U17/><E17/><V51/><F3/><W46/><G46/><T85/><D30/><U29/><E29/><V134/><F134/><W102/><G61/><T129/><D129/><U99/><E99/><V80/><F104/><W52/><G33/><T82/><D82/><U116/><E130/><V9/><F42/><W35/><G41/><T72/><D72/><U86/><E110/><V76/><REACH who="2" step="1"/><F18/><REACH who="2" ten="341,346,12,291" step="2"/><N who="3" m="10455" /><G35/><T62/><D0/><U112/><E53/><V77/><F77/><W8/><G8/><T19/><D2/><U65/><E65/><V37/><F37/><W24/><G24/><T114/><D39/><U23/><E23/><V5/><F5/><W98/><AGARI ba="0,1" hai="45,48,52,58,59,90,95,98,100,101,102" m="10455" machi="98" ten="30,7900,0" yaku="8,1,52,2,54,1" doraHai="55" who="3" fromWho="3" sc="341,-20,346,-20,12,-39,291,89" owari="321,-7.9,326,12.6,-27,-52.7,380,48.0" /></mjloggm>