<mjloggm ver="2.3"><GO type="225" lobby="0"/><UN n0="%E3%81%8B%E3%82%8F%E3%81%A1%E3%82%83%E3%82%93%35%38" n1="%E7%99%BD%E5%80%89%E5%AF%9B%E4%B9%8B" n2="%E3%81%A0%E3%81%8A" n3="%E3%83%B4%E3%83%A0%EF%BC%99%E3%81%A6" dan="16,16,17,16" rate="2159.45,2139.78,2058.38,2168.11" sx="M,M,M,M"/><TAIKYOKU oya="0"/><INIT seed="0,0,0,2,3,59" ten="250,250,250,250" oya="0" hai0="99,119,63,50,68,87,66,127,2,133,33,45,40" hai1="125,120,44,25,118,124,108,36,132,107,93,73,16" hai2="52,5,20,78,11,32,79,98,113,17,49,95,1" hai3="41,104,112,43,61,35,94,26,57,62,85,48,84"/><T86/><D119/><U8/><E107/><V76/><F32/><W23/><G104/><T121/><D121/><U89/><E73/><V81/><F113/><W69/><G35/><T58/><D127/><N who="1" m="48715" /><E118/><V9/><F9/><W114/><G69/><T71/><D133/><U122/><E132/><V109/><F109/><W117/><G117/><T70/><D2/><U80/><E80/><V13/><F95/><W65/><G65/><T46/><D33/><U37/><E108/><V116/><F98/><W53/><G114/><T60/><D99/><N who="1" m="57775" /><E44/><V47/><REACH who="2" step="1"/><F116/><REACH who="2" ten="250,250,240,250" step="2"/><W15/><G112/><T28/><D87/><AGARI ba="0,1" hai="1,5,11,13,17,20,47,49,52,76,78,79,81,87" machi="87" ten="30,7700,0" yaku="1,1,2,1,7,1,54,1,53,0" doraHai="59" doraHaiUra="54" who="2" fromWho="0" sc="250,-77,250,0,240,87,250,0" /><INIT seed="1,0,0,0,0,101" ten="173,250,327,250" oya="1" hai0="64,81,94,57,12,32,110,98,114,96,129,24,131" hai1="88,72,66,10,68,14,71,35,16,118,111,1,132" hai2="56,105,25,126,73,18,31,40,34,52,124,21,102" hai3="108,78,4,8,36,95,42,13,29,117,0,53,9"/><U103/><E118/><V82/><F40/><W76/><G117/><T121/><D114/><U58/><E72/><V45/><F45/><W30/><G108/><T120/><D12/><U113/><E35/><V89/><F102/><W23/><G36/><T44/><D44/><U37/><E37/><V91/><F105/><W135/><G42/><T6/><D6/><U20/><E113/><V54/><F73/><W27/><G135/><T127/><D64/><U59/><E132/><V22/><F34/><W3/><G29/><T83/><D57/><U5/><E111/><V67/><F67/><W84/><G53/><N who="2" m="20585" /><F82/><N who="0" m="31242" /><D24/><U87/><E103/><V11/><F11/><W134/><G134/><T77/><D32/><U15/><E1/><V123/><F123/><N who="0" m="47178" /><D110/><U43/><E43/><V119/><F56/><W7/><G13/><T33/><D33/><U47/><E47/><V109/><F119/><W65/><G65/><T106/><D77/><U130/><E59/><V63/><F63/><W133/><G133/><T41/><D41/><U100/><E58/><V128/><F109/><W104/><G76/><T92/><D106/><U17/><E66/><V107/><F107/><W93/><G104/><T85/><D85/><U28/><E68/><V61/><F61/><W112/><G112/><T99/><D127/><N who="2" m="48682" /><F22/><W74/><G74/><T97/><N who="0" m="24576" /><DORA hai="60" /><T55/><D55/><U51/><E71/><V75/><F75/><W38/><G38/><T19/><D19/><U69/><E17/><V48/><F18/><W125/><G125/><T80/><N who="0" m="31250" /><AGARI ba="0,0" hai="0,3,4,7,8,9,23,27,30,78,80,84,93,95" machi="80" ten="40,2600,0" yaku="3,1,9,1" doraHai="101,60" who="3" fromWho="0" sc="173,-26,250,0,327,0,250,26" /><INIT seed="2,0,0,5,5,11" ten="147,250,327,276" oya="2" hai0="56,131,82,2,72,128,29,15,60,114,46,33,99" hai1="109,40,101,28,74,77,105,36,34,13,132,127,69" hai2="89,81,92,88,130,123,91,95,17,42,100,1,45" hai3="71,24,93,52,12,32,85,62,129,66,51,18,104"/><V106/><F123/><W113/><G104/><T111/><D114/><U10/><E69/><V23/><F130/><N who="0" m="49706" /><D2/><U124/><E109/><V61/><F1/><W80/><G129/><T26/><D111/><U120/><E132/><V70/><F81/><W65/><G113/><T102/><D46/><N who="1" m="23815" /><E120/><V108/><F106/><W79/><G65/><N who="0" m="39047" /><D15/><U38/><E38/><V14/><F108/><W55/><G51/><T50/><D50/><U21/><E34/><V78/><F78/><W76/><G76/><N who="0" m="44295" /><D99/><N who="1" m="61631" /><E77/><V96/><F61/><W19/><G32/><T39/><D102/><U103/><E103/><V20/><F70/><W6/><G93/><T94/><D94/><U115/><E74/><V119/><F119/><W37/><G37/><AGARI ba="0,0" hai="26,29,33,37,39" m="44295,39047,49706" machi="37" ten="30,1000,0" yaku="19,1" doraHai="11" who="0" fromWho="3" sc="147,10,250,0,327,0,276,-10" /><INIT seed="3,0,0,3,2,130" ten="157,250,327,266" oya="3" hai0="17,28,133,94,124,112,22,86,15,85,116,93,110" hai1="56,47,12,45,3,49,79,87,83,36,88,95,103" hai2="70,30,108,76,115,55,118,32,72,73,67,19,74" hai3="78,126,51,91,60,77,26,104,23,53,46,62,29"/><W37/><G104/><T38/><D38/><U96/><E3/><V111/><F115/><W71/><G126/><T134/><D116/><U122/><E122/><V99/><F118/><W24/><G37/><T50/><D124/><U41/><E56/><V6/><F6/><W121/><G121/><T42/><D112/><U44/><E36/><V8/><F55/><W105/><G105/><T20/><D110/><N who="2" m="42026" /><F99/><W65/><G91/><T131/><D131/><U68/><E68/><V5/><F19/><W75/><G75/><T54/><D42/><U123/><E123/><V39/><F39/><W102/><G102/><T89/><D93/><U63/><E63/><N who="2" m="40319" /><F30/><W107/><G107/><T113/><D86/><N who="1" m="48511" /><E12/><N who="2" m="5135" /><F32/><W4/><G4/><T25/><REACH who="0" step="1"/><D113/><REACH who="0" ten="147,250,327,266" step="2"/><U129/><E129/><V117/><F117/><W57/><REACH who="3" step="1"/><G26/><REACH who="3" ten="147,250,327,256" step="2"/><T31/><D31/><U13/><E13/><V33/><F33/><W80/><G80/><AGARI ba="0,2" hai="41,44,45,47,49,80,87,88,95,96,103" m="48511" machi="80" ten="30,2000,0" yaku="8,1,54,1" doraHai="130" who="1" fromWho="3" sc="147,0,250,40,327,0,256,-20" /><AGARI ba="0,0" hai="72,73,74,76,80" m="5135,40319,42026" machi="80" ten="30,1000,0" yaku="14,1" doraHai="130" who="2" fromWho="3" sc="147,0,290,0,327,10,236,-10" owari="147,-35.3,290,9.0,337,43.7,226,-17.4" /></mjloggm>