<mjloggm ver="2.3"><GO type="225" lobby="0"/><UN n0="%E8%BE%9B%E5%8F%A3%E3%82%AB%E3%83%AC%E3%83%BC%E3%83%A9%E3%82%A4%E3%82%B9" n1="%E3%83%9D%E3%82%B1%E3%83%83%E3%83%88" n2="%E3%81%AF%E3%82%88%E3%81%8A%E3%81%98%E3%81%95%E3%82%93" n3="%E6%98%93%E5%88%A9%E8%96%A9%E4%BC%AF" dan="17,16,17,17" rate="2167.06,2067.22,2143.75,2167.85" sx="M,M,M,F"/><TAIKYOKU oya="0"/><INIT seed="0,0,0,1,5,110" ten="250,250,250,250" oya="0" hai0="15,56,95,40,70,87,18,73,38,6,133,122,106" hai1="23,79,17,94,34,1,25,113,58,33,86,123,55" hai2="115,132,130,119,16,102,26,76,12,13,120,135,64" hai3="3,27,89,69,124,59,0,97,90,66,57,93,52"/><T20/><D106/><U81/><E123/><V77/><F120/><W47/><G124/><T112/><D122/><U61/><E1/><V24/><F64/><W42/><G59/><T32/><D73/><U68/><E68/><V114/><F102/><W108/><G108/><T14/><D70/><U91/><REACH who="1" step="1"/><E113/><REACH who="1" ten="250,240,250,250" step="2"/><V49/><F115/><W35/><G3/><T41/><D112/><U103/><E103/><V7/><F114/><W84/><G0/><T88/><D133/><U92/><E92/><V101/><F101/><W98/><G69/><T128/><D128/><U29/><E29/><V131/><F130/><W22/><G93/><T30/><D30/><U116/><E116/><V74/><F119/><W54/><G97/><AGARI ba="0,1" hai="17,23,25,33,34,55,58,61,79,81,86,91,94,97" machi="97" ten="30,8000,1" yaku="1,1,7,1,25,2,53,1" doraHai="110" doraHaiUra="51" who="1" fromWho="3" sc="250,0,240,90,250,0,250,-80" /><INIT seed="1,0,0,5,3,72" ten="250,330,250,170" oya="1" hai0="10,132,92,34,7,99,123,112,76,104,62,131,63" hai1="60,122,18,50,36,83,4,25,38,23,41,133,24" hai2="0,97,43,105,35,86,101,12,88,128,120,1,89" hai3="98,3,59,130,6,109,30,93,44,91,37,95,107"/><U96/><E122/><V81/><F120/><W52/><G109/><T70/><D123/><U57/><E133/><V106/><F35/><W135/><G135/><T100/><D132/><U33/><E4/><V17/><F128/><W64/><G130/><T125/><D131/><U85/><E96/><V94/><F43/><W73/><G64/><T16/><D112/><U11/><E11/><V31/><F31/><W87/><G73/><T119/><D119/><U51/><E38/><V116/><F116/><W61/><G30/><T9/><D34/><U118/><E118/><V28/><F28/><W32/><G32/><T111/><D111/><U19/><E36/><V117/><F117/><W129/><G129/><T49/><D70/><U55/><E41/><V47/><F47/><W21/><G107/><T69/><D69/><U48/><E33/><V74/><F74/><W103/><G21/><T110/><D110/><U102/><E102/><V42/><F42/><W108/><G108/><T134/><D104/><U65/><E19/><V124/><F124/><W20/><G20/><T45/><D125/><U14/><REACH who="1" step="1"/><E65/><REACH who="1" ten="250,320,250,170" step="2"/><V82/><F106/><W2/><G6/><T90/><D134/><U67/><E67/><V39/><F39/><W115/><G115/><T127/><D127/><U78/><AGARI ba="0,1" hai="14,18,23,24,25,48,50,51,55,57,60,78,83,85" machi="78" ten="30,11700,0" yaku="1,1,0,1,8,1,52,1,53,0" doraHai="72" doraHaiUra="40" who="1" fromWho="1" sc="250,-39,320,127,250,-39,170,-39" /><INIT seed="1,1,0,0,0,68" ten="211,447,211,131" oya="1" hai0="122,16,107,58,83,115,20,103,110,55,130,4,90" hai1="104,120,10,28,108,11,85,133,46,18,27,94,62" hai2="102,36,63,0,12,8,96,33,43,51,105,118,121" hai3="23,84,124,50,76,89,82,35,37,100,15,78,80"/><U61/><E104/><V67/><F121/><W128/><G35/><T29/><D115/><U54/><E120/><V77/><F118/><W123/><G123/><T57/><D122/><U92/><E133/><V45/><F33/><W39/><G128/><T38/><D130/><U21/><E108/><V98/><F77/><W9/><G23/><T69/><D69/><U71/><E71/><V47/><F98/><W32/><G32/><T42/><D4/><U3/><E3/><V49/><F0/><W112/><G124/><T2/><D2/><U1/><E1/><V72/><F72/><W119/><G119/><T127/><D29/><U53/><E10/><V41/><F63/><W52/><G100/><T19/><D110/><U25/><E85/><V64/><REACH who="2" step="1"/><F36/><REACH who="2" ten="211,447,201,131" step="2"/><W6/><G112/><T81/><D38/><U48/><E61/><V65/><F65/><W106/><G106/><T26/><D107/><U114/><E114/><V117/><F117/><W73/><REACH who="3" step="1"/><G78/><REACH who="3" ten="211,447,201,121" step="2"/><T93/><D127/><U99/><E99/><V79/><F79/><W66/><G66/><T135/><D103/><U17/><E62/><V56/><F56/><AGARI ba="1,2" hai="6,9,15,37,39,50,52,56,73,76,80,82,84,89" machi="56" ten="30,12000,2" yaku="1,1,7,1,52,2,54,1,53,1" doraHai="68" doraHaiUra="7" who="3" fromWho="2" sc="211,0,447,0,201,-123,121,143" /><INIT seed="2,0,0,2,5,45" ten="211,447,78,264" oya="2" hai0="61,63,98,101,86,126,47,133,110,46,39,54,91" hai1="49,89,52,80,75,112,131,15,74,106,13,26,40" hai2="109,107,60,23,115,19,43,117,111,35,62,32,29" hai3="76,79,55,36,68,105,12,99,72,1,9,64,3"/><V65/><F117/><W8/><G36/><T87/><D110/><N who="2" m="41994" /><F115/><W103/><G68/><T41/><D133/><U57/><E106/><V33/><F107/><W53/><G64/><T127/><D47/><U82/><E112/><V78/><F43/><W24/><G24/><T50/><D39/><U134/><E134/><V71/><F78/><W22/><G22/><T20/><D20/><U93/><E131/><V125/><F125/><N who="0" m="47626" /><D41/><U28/><E40/><V96/><F96/><W85/><G72/><T42/><D42/><U122/><E122/><V73/><F73/><W0/><G9/><T6/><D6/><U114/><E114/><V7/><F7/><W31/><G85/><N who="0" m="32267" /><D91/><U128/><E128/><V69/><F29/><W70/><G31/><T124/><N who="0" m="47634" /><T92/><AGARI ba="0,0" hai="46,50,54,61,63,92,98,101" m="32267,47634" machi="92" ten="40,5200,0" yaku="4,1,18,1,52,1" doraHai="45" who="0" fromWho="0" sc="211,52,447,-13,78,-26,264,-13" /><INIT seed="3,0,0,1,1,69" ten="263,434,52,251" oya="3" hai0="94,21,120,12,96,5,75,113,4,107,29,30,16" hai1="110,112,44,134,121,84,131,65,127,81,90,1,91" hai2="85,48,0,37,7,45,118,51,43,82,10,86,3" hai3="102,11,14,52,124,97,19,77,79,132,46,74,68"/><W133/><G68/><T15/><D120/><U31/><E121/><V116/><F0/><W78/><G74/><T22/><D107/><U41/><E112/><V58/><F86/><W13/><G124/><T128/><D75/><U88/><E127/><V73/><F85/><W103/><G14/><N who="0" m="5163" /><D128/><U28/><E134/><N who="3" m="51818" /><G97/><T122/><D122/><U27/><E1/><V9/><F9/><W6/><G6/><N who="0" m="2667" /><D113/><U53/><E110/><V35/><F35/><W2/><G2/><T26/><D22/><U8/><E131/><V111/><F111/><W23/><G23/><T39/><D39/><U72/><E8/><V117/><REACH who="2" step="1"/><F58/><REACH who="2" ten="263,434,42,251" step="2"/><W62/><G11/><T17/><D17/><U99/><E84/><V98/><F98/><W20/><G78/><AGARI ba="0,1" hai="3,7,10,37,43,45,48,51,73,78,82,116,117,118" machi="78" ten="40,8000,1" yaku="1,1,25,2,52,1,53,0" doraHai="69" doraHaiUra="63" who="2" fromWho="3" sc="263,0,434,0,42,90,251,-80" owari="263,6.3,434,53.4,132,-36.8,171,-22.9" /></mjloggm>