<mjloggm ver="2.3"><GO type="225" lobby="0"/><UN n0="%E3%81%AF%E3%82%88%E3%81%8A%E3%81%98%E3%81%95%E3%82%93" n1="%E3%82%8F%E3%81%8B%E3%81%B0%2A%E3%82%AC%E3%83%BC%E3%83%AB" n2="%E6%A0%B9%E5%85%83%E3%81%8B%E3%82%89%E5%90%B9%E3%81%A3%E9%A3%9B%E3%81%B6" n3="%E3%81%B2%E3%81%AA%E3%81%AE%E3%82%8A%E3%81%8F" dan="17,16,16,16" rate="2219.19,2080.15,2159.58,2111.50" sx="M,M,F,M"/><TAIKYOKU oya="0"/><INIT seed="0,0,0,1,0,135" ten="250,250,250,250" oya="0" hai0="20,12,74,30,70,44,102,107,105,25,101,50,36" hai1="22,91,124,49,80,23,59,37,90,127,51,42,65" hai2="84,120,109,0,48,134,47,97,99,95,69,14,86" hai3="46,73,122,4,39,60,64,106,7,40,54,43,55"/><T26/><D74/><U116/><E116/><V128/><F120/><W96/><G73/><T33/><D70/><U68/><E68/><V56/><F0/><W121/><G43/><T108/><D36/><U27/><E37/><V129/><F134/><W89/><G7/><T118/><D118/><U71/><E71/><V19/><F109/><W114/><G114/><T125/><D12/><U34/><E34/><V58/><F69/><N who="3" m="42119" /><G4/><T119/><D119/><U123/><E123/><N who="3" m="47114" /><G89/><N who="1" m="33802" /><E80/><V100/><F97/><W11/><G11/><T113/><D113/><U94/><E94/><V92/><F92/><W115/><G115/><T31/><D108/><U21/><E42/><N who="2" m="24695" /><F129/><W83/><G83/><T133/><D133/><U53/><E65/><V87/><F128/><W93/><G93/><T16/><D105/><U9/><E9/><AGARI ba="0,0" hai="9,14,19,56,58,84,86,87,95,99,100" m="24695" machi="9" ten="30,1000,0" yaku="8,1" doraHai="135" who="2" fromWho="1" sc="250,0,250,-10,250,10,250,0" /><INIT seed="1,0,0,3,2,96" ten="250,240,260,250" oya="1" hai0="18,86,45,123,109,44,8,14,52,57,2,112,111" hai1="62,87,121,23,94,73,16,66,122,127,97,30,61" hai2="4,116,114,5,99,0,118,11,34,88,35,36,117" hai3="110,39,50,134,70,89,132,102,59,42,101,98,53"/><U72/><E30/><V21/><F36/><W58/><G70/><T27/><D112/><U126/><E87/><V17/><F114/><W133/><G110/><N who="0" m="41995" /><D2/><U37/><E37/><V91/><F5/><W40/><G59/><T9/><D123/><U105/><E105/><V63/><F63/><N who="1" m="24073" /><E66/><V22/><F22/><W104/><G104/><T54/><D8/><U81/><E81/><V6/><F6/><W7/><G7/><T33/><D86/><U78/><E78/><V103/><F35/><W84/><G98/><T38/><D38/><U56/><E56/><V15/><REACH who="2" step="1"/><F34/><REACH who="2" ten="250,240,250,250" step="2"/><W82/><REACH who="3" step="1"/><G39/><REACH who="3" ten="250,240,250,240" step="2"/><T85/><D57/><U65/><E121/><V107/><AGARI ba="0,2" hai="0,4,11,15,17,21,88,91,99,103,107,116,117,118" machi="107" ten="30,8000,1" yaku="1,1,2,1,0,1,52,1,54,1,53,0" doraHai="96" doraHaiUra="125" who="2" fromWho="2" sc="250,-20,240,-40,250,100,240,-20" /><INIT seed="2,0,0,1,4,135" ten="230,200,350,220" oya="2" hai0="96,31,71,55,33,117,103,99,108,15,23,116,72" hai1="64,119,26,122,13,134,21,1,49,44,85,9,57" hai2="38,93,36,86,106,89,24,66,74,132,17,121,28" hai3="73,104,77,118,115,7,67,114,127,27,25,94,113"/><V59/><F121/><W5/><G118/><N who="0" m="45675" /><D108/><U131/><E119/><V45/><F106/><W3/><G104/><T58/><D71/><U11/><E134/><V69/><F74/><W88/><G67/><T0/><D0/><U62/><E122/><V12/><F69/><W82/><G127/><T129/><D72/><U84/><E131/><V53/><F45/><W126/><G126/><T16/><D129/><U78/><E1/><V91/><F91/><W95/><G95/><T42/><D42/><U111/><E111/><V92/><F92/><W48/><G48/><N who="0" m="31079" /><D103/><U120/><E120/><V60/><F66/><W20/><G3/><T105/><D105/><U123/><E123/><V112/><F112/><W29/><REACH who="3" step="1"/><G27/><AGARI ba="0,0" hai="15,16,23,27,31,33,96,99" m="31079,45675" machi="27" ten="30,2000,0" yaku="12,1,54,1" doraHai="135" who="0" fromWho="3" sc="230,20,200,0,350,0,220,-20" /><INIT seed="3,0,0,2,4,99" ten="250,200,350,200" oya="3" hai0="98,14,34,3,120,135,117,59,6,126,5,119,58" hai1="85,125,127,133,108,82,86,88,73,111,30,100,113" hai2="17,109,0,122,77,124,45,65,83,134,60,26,57" hai3="38,79,33,64,16,110,50,68,15,13,61,132,28"/><W25/><G38/><T37/><D98/><U90/><E113/><V131/><F109/><N who="1" m="42057" /><E73/><V97/><F0/><W93/><G110/><T84/><D14/><U22/><E100/><V101/><F45/><W23/><G132/><T35/><D84/><N who="1" m="50199" /><E133/><V107/><F124/><N who="1" m="47689" /><E90/><V27/><F101/><W78/><G93/><T105/><D126/><U39/><E39/><V7/><F107/><W24/><REACH who="3" step="1"/><G50/><REACH who="3" ten="250,200,350,190" step="2"/><T8/><D37/><U41/><E41/><V102/><F134/><W62/><G62/><T49/><D49/><U118/><E118/><V104/><F60/><W75/><G75/><T103/><D135/><U129/><E129/><V21/><F131/><W19/><G19/><T116/><D117/><U87/><E30/><V92/><F92/><W56/><G56/><T2/><D116/><U71/><E71/><V29/><F57/><W40/><G40/><T70/><D70/><U47/><E47/><V43/><F29/><W12/><AGARI ba="0,1" hai="12,13,15,16,23,24,25,28,33,61,64,68,78,79" machi="12" ten="30,18000,2" yaku="1,1,0,1,54,1,53,3" doraHai="99" doraHaiUra="9" who="3" fromWho="3" sc="250,-60,200,-60,350,-60,190,190" owari="190,-21.0,140,-36.0,290,9.0,380,48.0" /></mjloggm>