<mjloggm ver="2.3"><GO type="225" lobby="0"/><UN n0="%6C%61%6D%62" n1="%E7%99%BD%E5%80%89%E5%AF%9B%E4%B9%8B" n2="%E9%B7%B9%E5%80%89%E6%9D%8F%E9%88%B4" n3="%E6%A1%9C%E8%8A%B1%E9%96%83%E3%80%85" dan="16,16,16,16" rate="2195.88,2137.38,2100.81,2120.84" sx="M,M,F,M"/><TAIKYOKU oya="0"/><INIT seed="0,0,0,5,2,105" ten="250,250,250,250" oya="0" hai0="112,122,110,70,90,17,3,119,88,41,74,7,107" hai1="55,67,71,106,37,49,131,113,102,101,35,109,51" hai2="28,48,64,82,120,135,63,89,96,69,42,115,19" hai3="98,104,78,47,12,57,132,22,83,44,126,46,79"/><T31/><D112/><U124/><E35/><V68/><F115/><W59/><G132/><T128/><D119/><U99/><E113/><V62/><F120/><W129/><G129/><T92/><D122/><U130/><E37/><V100/><F135/><W30/><G126/><T53/><D107/><U103/><E124/><V66/><F28/><W133/><G133/><T13/><D70/><U72/><E109/><V21/><F42/><W16/><G30/><T58/><D110/><U93/><E67/><V85/><F48/><N who="1" m="18505" /><E55/><V2/><F2/><W18/><G79/><T118/><D31/><U117/><E71/><V95/><F21/><W8/><G98/><T10/><D118/><U26/><E26/><V125/><F125/><W39/><G104/><T116/><D41/><U76/><E106/><V52/><F52/><W6/><G18/><AGARI ba="0,0" hai="18,19,62,63,64,66,68,69,82,85,89,95,96,100" machi="18" ten="40,1300,0" yaku="9,1" doraHai="105" who="2" fromWho="3" sc="250,0,250,0,250,13,250,-13" /><INIT seed="1,0,0,5,4,66" ten="250,250,263,237" oya="1" hai0="15,103,133,75,10,27,72,19,78,123,33,131,107" hai1="104,77,48,122,1,2,102,45,109,105,38,94,67" hai2="83,30,13,59,12,5,121,47,6,42,100,26,120" hai3="46,0,106,24,55,17,98,65,40,53,110,70,39"/><U118/><E38/><V20/><F100/><W128/><G0/><T117/><D117/><U22/><E118/><V69/><F59/><W99/><G110/><T44/><D133/><U108/><E122/><V60/><F83/><W8/><G128/><T81/><D131/><U101/><E77/><V16/><F13/><W50/><G106/><N who="1" m="41066" /><E67/><V23/><F121/><W3/><G24/><T119/><D119/><U18/><E94/><V41/><F120/><W125/><G125/><T111/><D111/><N who="1" m="42571" /><E102/><V14/><F14/><N who="3" m="7367" /><G3/><T7/><D123/><U129/><E101/><V4/><F47/><W37/><G55/><T71/><D44/><U36/><E36/><V43/><REACH who="2" step="1"/><F60/><REACH who="2" ten="250,250,253,237" step="2"/><N who="3" m="40231" /><G37/><T116/><D103/><U96/><E129/><V11/><F11/><W97/><G97/><T87/><D107/><U64/><E1/><V126/><F126/><W92/><G92/><T34/><D116/><U93/><E2/><V90/><F90/><W62/><G62/><T58/><D10/><U127/><E127/><V95/><F95/><W115/><G98/><T88/><D81/><U28/><E93/><V85/><F85/><W61/><G99/><T57/><D87/><U56/><E96/><V113/><F113/><W76/><G115/><T21/><D15/><N who="1" m="9567" /><E56/><V49/><F49/><W52/><G50/><T135/><D57/><U73/><E48/><V91/><F91/><W89/><G89/><T132/><D58/><U9/><E45/><V84/><F84/><W54/><G61/><T79/><D72/><U74/><E73/><V82/><F82/><W63/><G63/><T25/><D75/><RYUUKYOKU ba="0,1" sc="250,-15,250,-15,253,15,237,15" hai2="4,5,6,12,16,20,23,26,30,41,42,43,69" hai3="39,40,46,52,53,54,76" /><INIT seed="2,1,1,3,2,96" ten="235,235,268,252" oya="2" hai0="4,8,86,16,93,30,20,52,74,0,22,14,37" hai1="123,85,115,44,17,49,67,124,51,112,87,109,24" hai2="114,133,33,27,31,82,10,118,116,3,42,110,105" hai3="53,102,2,50,111,88,134,46,108,125,75,90,36"/><V41/><F114/><W113/><G113/><T35/><D74/><U94/><E109/><N who="3" m="42058" /><G134/><T122/><D37/><U62/><E124/><V89/><F110/><W106/><G125/><T84/><D122/><U48/><E123/><V39/><F133/><W26/><G2/><T64/><D64/><U21/><E44/><N who="2" m="23615" /><F89/><N who="3" m="34411" /><G75/><T129/><D129/><U79/><E94/><V58/><F58/><W11/><G11/><T29/><D93/><U103/><E103/><V98/><F82/><W54/><G36/><T83/><D83/><U97/><E97/><V28/><F42/><N who="3" m="24919" /><G26/><N who="0" m="18871" /><D52/><N who="3" m="20073" /><G106/><T19/><D19/><U56/><REACH who="1" step="1"/><E87/><REACH who="1" ten="235,225,268,252" step="2"/><V80/><F80/><AGARI ba="1,2" hai="17,21,24,48,49,51,56,62,67,79,80,85,112,115" machi="80" ten="40,2600,0" yaku="1,1,2,1,53,0" doraHai="96" doraHaiUra="101" who="1" fromWho="2" sc="235,0,225,49,268,-29,252,0" /><INIT seed="3,0,0,4,4,29" ten="235,274,239,252" oya="3" hai0="106,61,45,83,94,54,5,119,38,127,6,27,50" hai1="129,112,131,91,0,85,74,99,88,51,11,44,120" hai2="73,135,62,37,36,24,8,34,39,95,115,132,128" hai3="114,84,87,124,10,134,55,64,102,123,33,20,31"/><W25/><G114/><T57/><D106/><U19/><E74/><V65/><F115/><W3/><G123/><T48/><D119/><U7/><E112/><V69/><F73/><W40/><G124/><T15/><D127/><U78/><E120/><V30/><F95/><W79/><G134/><N who="2" m="51241" /><F8/><W47/><G64/><T14/><D38/><N who="2" m="9730" /><V96/><DORA hai="2" /><F96/><W113/><G113/><T43/><D27/><U90/><E99/><V21/><F21/><W68/><G102/><T71/><D71/><U133/><E133/><V16/><F16/><W121/><G68/><T26/><D26/><U111/><E19/><V13/><F13/><N who="0" m="4618" /><D83/><N who="1" m="47351" /><E111/><V125/><F125/><W66/><G121/><T58/><D94/><U107/><E107/><V49/><F49/><N who="3" m="29119" /><G10/><T103/><D103/><U75/><E75/><V98/><F98/><W52/><G20/><T63/><D50/><U67/><E91/><V101/><F128/><N who="1" m="49225" /><E67/><AGARI ba="0,0" hai="5,6,43,45,48,54,57,58,61,63,67" m="4618" machi="67" ten="30,3900,0" yaku="8,1,52,2" doraHai="29,2" who="0" fromWho="1" sc="235,39,274,-39,239,0,252,0" /><INIT seed="4,0,0,2,4,92" ten="274,235,239,252" oya="0" hai0="78,61,2,98,47,105,4,74,106,69,97,89,24" hai1="0,83,40,57,76,67,109,68,13,19,93,110,46" hai2="33,9,82,72,135,128,54,104,62,102,131,21,126" hai3="14,64,124,100,1,48,115,123,90,29,60,41,87"/><T132/><D2/><U96/><E0/><V119/><F33/><W28/><G1/><T31/><D4/><U58/><E68/><V133/><F9/><W111/><G111/><T134/><D47/><U94/><E94/><V70/><F21/><W10/><G115/><T5/><D5/><U20/><E67/><N who="2" m="41335" /><F54/><W51/><G124/><T77/><D61/><U23/><E23/><V52/><F52/><W37/><G37/><T53/><D53/><U85/><E110/><V71/><F71/><W84/><G100/><T122/><D122/><U101/><REACH who="1" step="1"/><E109/><REACH who="1" ten="274,225,239,252" step="2"/><V129/><F119/><W50/><G64/><T6/><D69/><U79/><E79/><N who="2" m="44391" /><F126/><W39/><G123/><T118/><D77/><U63/><E63/><V66/><F66/><W44/><G60/><T25/><D118/><U30/><E30/><V86/><F86/><W3/><G84/><T116/><D116/><U43/><E43/><V117/><F117/><W42/><G42/><T15/><D78/><U56/><E56/><V59/><F59/><W127/><G127/><T45/><D31/><U130/><E130/><V99/><AGARI ba="0,1" hai="99,102,104,128,129,131,133,135" m="44391,41335" machi="99" ten="40,5200,0" yaku="19,1,23,1,52,1" doraHai="92" who="2" fromWho="2" sc="274,-26,225,-13,239,62,252,-13" owari="248,4.8,212,-28.8,301,40.1,239,-16.1" /></mjloggm>