<mjloggm ver="2.3"><GO type="225" lobby="0"/><UN n0="%72%69%6F%75%63%68%61%6E" n1="%E9%B4%A8%4E%45%47%49" n2="%E6%B8%A9%E2%98%85%E6%83%85%E2%98%85%E6%8E%AA%E2%98%85%E7%BD%AE" n3="%E5%AF%82%E5%AF%9E%E3%82%AE%E3%83%8D%E3%82%B9%E3%83%93%E3%83%BC%E3%83%AB" dan="16,16,17,16" rate="2200.09,2066.24,2219.27,2170.58" sx="M,M,M,M"/><TAIKYOKU oya="0"/><INIT seed="0,0,0,2,3,75" ten="250,250,250,250" oya="0" hai0="129,76,26,95,109,6,15,29,66,98,35,107,68" hai1="33,115,37,47,7,117,135,38,59,42,18,110,52" hai2="22,53,82,96,31,85,17,116,87,58,80,63,94" hai3="3,74,88,122,8,23,19,79,30,2,126,34,86"/><T100/><D129/><U49/><E33/><V43/><F116/><W112/><G112/><T106/><D109/><U90/><E115/><V28/><F43/><W121/><G126/><T61/><REACH who="0" step="1"/><D76/><REACH who="0" ten="240,250,250,250" step="2"/><U27/><E110/><V4/><F4/><W25/><G79/><T46/><D46/><U12/><E117/><V73/><F73/><W39/><G74/><T70/><D70/><U91/><E135/><V93/><F87/><W127/><G127/><T111/><D111/><U9/><E38/><V104/><F104/><W97/><G39/><T125/><D125/><U62/><E37/><V64/><F94/><W134/><G134/><T51/><D51/><U21/><AGARI ba="0,1" hai="7,9,12,18,21,27,42,47,49,52,59,62,90,91" machi="21" ten="30,4000,0" yaku="0,1,8,1,54,1" doraHai="75" who="1" fromWho="1" sc="240,-20,250,50,250,-10,250,-10" /><INIT seed="1,0,0,0,2,23" ten="220,300,240,240" oya="1" hai0="20,91,95,117,107,0,110,129,74,135,10,39,103" hai1="4,116,63,60,65,88,59,114,78,42,17,132,58" hai2="22,109,62,34,14,131,25,33,83,134,46,45,120" hai3="85,3,106,50,21,2,102,51,61,86,49,54,43"/><U47/><E114/><V12/><F120/><W35/><G35/><T6/><D117/><U119/><E78/><V87/><F109/><W104/><G43/><T56/><D110/><U13/><E4/><V73/><F73/><W1/><G21/><T113/><D113/><U112/><E112/><V121/><F121/><W97/><G61/><T41/><D74/><U100/><E100/><V80/><F131/><W101/><G54/><T30/><D129/><U31/><E31/><V9/><F134/><W69/><G69/><T127/><D135/><U108/><E88/><N who="2" m="51303" /><F34/><W111/><G111/><T93/><D127/><U89/><E89/><V44/><F33/><W76/><G76/><T28/><D107/><N who="3" m="41001" /><G97/><T24/><D103/><AGARI ba="0,0" hai="1,2,3,49,50,51,85,86,101,102,103" m="41001" machi="103" ten="40,2600,0" yaku="28,2" doraHai="23" who="3" fromWho="0" sc="220,-26,300,0,240,0,240,26" /><INIT seed="2,0,0,4,2,31" ten="194,300,240,266" oya="2" hai0="101,46,135,77,82,121,32,129,132,50,112,3,24" hai1="114,16,99,55,124,23,36,117,103,25,1,83,75" hai2="11,74,79,49,76,29,108,125,86,40,12,100,44" hai3="85,91,111,93,54,0,2,119,109,122,17,41,38"/><V65/><F125/><W60/><G119/><T80/><D121/><U67/><E124/><V105/><F74/><W20/><G122/><T7/><D112/><U120/><E117/><V126/><F126/><W14/><G41/><T97/><D129/><U95/><E1/><V110/><F65/><W6/><G38/><T123/><D123/><U66/><E120/><V59/><F29/><W61/><G0/><T104/><D24/><U78/><E114/><V96/><F59/><W106/><G106/><T57/><D32/><U39/><REACH who="1" step="1"/><E55/><REACH who="1" ten="194,290,240,266" step="2"/><V21/><F21/><W4/><G2/><T51/><D3/><U73/><E73/><V8/><F8/><W13/><G54/><T70/><D135/><U15/><E15/><V116/><F116/><W92/><G14/><T63/><D132/><U102/><E102/><V9/><F9/><W81/><G111/><N who="2" m="42537" /><F86/><W52/><G109/><T43/><D101/><U37/><AGARI ba="0,1" hai="16,23,25,36,37,39,66,67,75,78,83,95,99,103" machi="37" ten="30,4000,0" yaku="1,1,0,1,54,1,53,0" doraHai="31" doraHaiUra="64" who="1" fromWho="1" sc="194,-10,290,50,240,-20,266,-10" /><INIT seed="3,0,0,0,4,18" ten="184,340,220,256" oya="3" hai0="72,57,1,55,61,82,25,94,102,32,88,122,126" hai1="108,69,117,135,43,107,70,2,89,24,77,22,100" hai2="12,90,125,103,38,95,14,86,28,99,5,36,112" hai3="79,53,62,27,58,84,37,74,34,51,130,78,44"/><W20/><G34/><T133/><D122/><U87/><E108/><V11/><F112/><W9/><G130/><T129/><D129/><U45/><E135/><V19/><F125/><W35/><G35/><T131/><D131/><U66/><E2/><V17/><F28/><W110/><G74/><T41/><D133/><U39/><E77/><V124/><F124/><W76/><G37/><T4/><D126/><U63/><E117/><V115/><F115/><W33/><G33/><T46/><D102/><U104/><E100/><V31/><F31/><W6/><G110/><T8/><D32/><U96/><E96/><V118/><F118/><W116/><G84/><T68/><D68/><U3/><E3/><V81/><F5/><W30/><G116/><T85/><D25/><U16/><E70/><V64/><F64/><W40/><REACH who="3" step="1"/><G76/><REACH who="3" ten="184,340,220,246" step="2"/><T105/><D72/><U50/><E39/><V92/><F81/><AGARI ba="0,1" hai="16,22,24,43,45,50,63,66,69,81,87,89,104,107" machi="81" ten="30,3900,0" yaku="7,1,52,1,54,1" doraHai="18" who="1" fromWho="2" sc="184,0,340,49,220,-39,246,0" owari="184,-21.6,389,48.9,181,-31.9,246,4.6" /></mjloggm>