<mjloggm ver="2.3"><GO type="225" lobby="0"/><UN n0="%E4%B8%89%E5%88%86%E5%B0%8F%E5%83%A7" n1="%E6%9D%BE%E6%9C%AC%E5%81%A5%E7%94%B7" n2="%E5%91%A8%E6%9D%B1" n3="%65%76%69%61%6E%36%31%39" dan="16,17,17,16" rate="2058.19,2212.93,2190.11,2093.85" sx="M,M,M,M"/><TAIKYOKU oya="0"/><INIT seed="0,0,0,2,1,116" ten="250,250,250,250" oya="0" hai0="72,38,101,27,131,98,83,66,127,62,35,111,0" hai1="42,41,52,67,76,75,39,129,115,10,47,53,134" hai2="124,55,94,105,43,80,133,23,84,63,107,117,102" hai3="48,33,77,113,16,71,18,57,74,50,2,73,32"/><T125/><D38/><U58/><E129/><V49/><F117/><W109/><G109/><T17/><D0/><U103/><E134/><V92/><F133/><W8/><G57/><T60/><D131/><U99/><E115/><V19/><F124/><N who="0" m="47690" /><D111/><U121/><E42/><V46/><F102/><W114/><G77/><N who="0" m="44455" /><D66/><U30/><E121/><V13/><F107/><W87/><G87/><T88/><D88/><U130/><E30/><V7/><F105/><W118/><G118/><T5/><D5/><U126/><E126/><V90/><REACH who="2" step="1"/><F7/><REACH who="2" ten="250,250,240,250" step="2"/><W93/><G114/><T3/><D3/><U100/><E130/><V132/><F132/><W9/><G2/><T6/><D6/><U14/><E103/><V112/><F112/><W65/><G113/><T95/><D17/><U22/><E100/><V26/><F26/><W69/><G16/><T40/><D40/><U68/><E41/><V97/><F97/><W56/><G18/><T64/><D64/><U110/><E99/><V45/><F45/><W44/><G44/><T31/><AGARI ba="0,1" hai="27,31,35,60,62,95,98,101" m="44455,47690" machi="31" ten="30,1500,0" yaku="18,1" doraHai="116" who="0" fromWho="0" sc="250,25,250,-5,240,-5,250,-5" /><INIT seed="0,1,0,4,5,125" ten="275,245,235,245" oya="0" hai0="57,115,103,63,122,53,62,23,64,27,78,75,22" hai1="4,46,16,98,10,70,1,110,79,66,20,106,50" hai2="95,130,26,92,18,80,31,96,111,43,77,126,11" hai3="12,118,9,37,55,6,42,24,13,116,108,99,35"/><T117/><D115/><U94/><E110/><V15/><F126/><W32/><G55/><T90/><D117/><U40/><E106/><V89/><F111/><W36/><G99/><T100/><D122/><U21/><E79/><V81/><F43/><W59/><G59/><T33/><D33/><U39/><E70/><V132/><F132/><W60/><G60/><T85/><D78/><U74/><E74/><V3/><F3/><W119/><G42/><T101/><D75/><U25/><E21/><V128/><F95/><W97/><G97/><T82/><REACH who="0" step="1"/><D27/><REACH who="0" ten="265,245,235,245" step="2"/><U14/><E66/><V38/><F38/><W105/><G37/><T0/><D0/><U112/><E112/><V67/><F67/><W120/><G36/><T91/><D91/><U113/><E113/><V109/><F109/><W58/><G108/><T65/><D65/><U133/><E133/><V104/><F104/><W102/><G118/><T127/><D127/><U41/><E39/><V8/><F8/><W84/><G105/><T134/><D134/><U2/><REACH who="1" step="1"/><E41/><REACH who="1" ten="265,235,235,245" step="2"/><V7/><F77/><W131/><G119/><T29/><D29/><U48/><E48/><V45/><F31/><W124/><G124/><T54/><D54/><U87/><E87/><V107/><F107/><W83/><G84/><T73/><D73/><U5/><E5/><V19/><F26/><W76/><G24/><T28/><D28/><U86/><E86/><V71/><F7/><W17/><G6/><T52/><D52/><U30/><E30/><V114/><F114/><W68/><G116/><T121/><D121/><U56/><E56/><AGARI ba="1,2" hai="22,23,53,56,57,62,63,64,82,85,90,100,101,103" machi="56" ten="40,7700,0" yaku="1,1,6,1,8,1,53,0" doraHai="125" doraHaiUra="44" who="0" fromWho="1" sc="265,100,235,-80,235,0,245,0" /><INIT seed="0,2,0,4,2,129" ten="365,155,235,245" oya="0" hai0="10,123,85,64,15,42,121,23,91,93,118,57,11" hai1="32,131,69,106,19,66,22,88,89,105,51,113,109" hai2="133,39,9,2,41,114,134,61,116,126,62,49,21" hai3="73,6,84,101,37,14,70,127,48,83,53,74,90"/><T29/><D118/><U50/><E32/><V68/><F114/><W111/><G111/><T80/><D42/><U76/><E109/><V125/><F21/><W16/><G127/><N who="2" m="48649" /><F116/><W31/><G70/><T26/><D121/><U17/><E76/><V65/><F61/><W120/><G37/><T110/><D123/><U47/><E131/><V36/><F9/><W107/><G31/><T102/><D110/><U40/><E113/><V103/><F103/><W124/><G6/><T67/><D57/><U63/><E51/><V75/><F75/><W130/><G130/><T24/><D24/><U54/><E54/><V59/><F2/><W13/><G13/><T86/><D10/><U4/><E4/><V100/><F100/><W135/><G120/><T27/><D27/><U35/><E35/><V25/><F25/><W94/><G124/><T119/><D119/><U95/><E89/><V33/><F33/><W132/><G107/><T115/><D115/><U46/><E46/><N who="2" m="23847" /><F39/><W104/><G104/><T43/><D43/><U82/><E17/><V97/><F97/><N who="3" m="59575" /><G74/><T92/><D92/><U55/><E55/><AGARI ba="2,0" hai="49,55,59,62,65,68,133,134" m="23847,48649" machi="55" ten="30,12000,2" yaku="24,1,18,1,34,2,52,2" doraHai="129" who="2" fromWho="1" sc="365,0,155,-126,235,126,245,0" /><INIT seed="1,0,0,5,1,27" ten="365,29,361,245" oya="1" hai0="9,20,76,28,39,72,22,49,108,81,124,17,120" hai1="47,84,79,35,109,119,97,36,62,10,13,85,59" hai2="64,19,86,129,130,30,75,88,1,43,104,128,15" hai3="107,55,77,0,132,4,89,37,66,82,11,96,40"/><U105/><E119/><V21/><F75/><W99/><G132/><T121/><D39/><U58/><E35/><V87/><F1/><W95/><G66/><T83/><D108/><U68/><E68/><V110/><F110/><W100/><G55/><T80/><D124/><U44/><E109/><V3/><F3/><W90/><G37/><T8/><D72/><U122/><E122/><N who="0" m="47209" /><D76/><U7/><E36/><V48/><F64/><W113/><G40/><T32/><D32/><U60/><E97/><V92/><F104/><W26/><G26/><N who="0" m="16455" /><D49/><U51/><E105/><V6/><F6/><W103/><G113/><T74/><D74/><AGARI ba="0,0" hai="0,4,11,74,77,82,89,90,95,96,99,100,103,107" machi="74" ten="30,1000,0" yaku="7,1" doraHai="27" who="3" fromWho="0" sc="365,-10,29,0,361,0,245,10" /><INIT seed="2,0,0,3,2,66" ten="355,29,361,255" oya="2" hai0="19,12,64,40,80,51,63,71,68,130,61,115,67" hai1="46,131,97,49,48,101,6,0,54,98,99,135,93" hai2="14,3,90,133,109,59,83,87,45,31,79,75,129" hai3="26,81,2,27,106,36,10,128,56,30,134,52,28"/><V58/><F3/><W111/><G106/><T24/><D115/><U85/><E131/><V69/><F69/><W20/><G36/><T84/><D130/><U23/><E135/><V113/><F113/><W34/><G111/><T132/><D24/><U122/><E6/><V73/><F73/><W50/><G134/><T95/><D95/><U126/><E0/><V96/><F129/><W53/><G128/><T1/><D1/><U21/><E122/><V7/><F133/><W18/><G2/><T32/><D32/><U121/><E121/><V119/><F119/><W89/><G10/><T92/><D92/><U110/><E110/><V8/><F109/><W16/><G89/><T11/><D132/><U15/><E126/><V125/><F125/><W77/><REACH who="3" step="1"/><G53/><REACH who="3" ten="355,29,361,245" step="2"/><T29/><D29/><U78/><E101/><V60/><F31/><W4/><G4/><T72/><D72/><AGARI ba="0,1" hai="16,18,20,26,27,28,30,34,50,52,56,72,77,81" machi="72" ten="30,7700,0" yaku="1,1,7,1,54,2,53,0" doraHai="66" doraHaiUra="123" who="3" fromWho="0" sc="355,-77,29,0,361,0,245,87" /><INIT seed="3,0,0,4,5,59" ten="278,29,361,332" oya="3" hai0="93,25,61,92,26,71,32,106,110,9,104,40,1" hai1="121,73,8,75,47,65,0,24,107,115,81,116,127" hai2="97,85,134,128,108,3,84,67,44,15,57,64,101" hai3="6,117,119,72,2,68,90,19,123,49,100,13,112"/><W43/><G123/><T31/><D110/><U30/><E8/><V33/><F3/><W20/><G112/><T28/><D40/><U36/><E65/><N who="2" m="25163" /><F33/><W27/><G68/><T52/><D93/><U118/><E81/><V78/><F108/><W109/><G72/><T122/><D122/><U124/><E24/><V130/><F134/><W83/><G100/><T48/><D71/><U133/><E47/><V80/><F44/><W42/><G109/><T62/><D104/><U87/><E87/><N who="2" m="48535" /><F15/><W69/><G69/><T41/><D41/><N who="3" m="15369" /><G119/><T29/><D106/><U66/><E30/><V56/><F56/><W126/><G126/><T77/><D77/><U11/><E11/><V111/><F57/><W4/><G117/><T21/><D31/><U58/><E58/><V95/><F111/><W98/><G2/><T22/><D32/><U50/><E66/><V125/><F125/><W10/><G49/><T16/><D92/><U53/><E118/><V17/><F17/><N who="3" m="12687" /><G98/><T38/><D38/><U99/><E36/><V54/><F54/><W103/><G103/><T113/><D113/><U102/><E116/><V46/><F46/><W82/><G82/><T12/><D1/><U51/><E127/><V135/><F135/><W70/><G70/><T88/><D88/><U63/><E124/><V34/><F34/><W105/><G105/><T91/><D91/><U5/><E133/><V79/><F79/><W60/><G60/><N who="0" m="23147" /><D48/><U39/><E115/><V129/><AGARI ba="0,0" hai="84,85,95,97,101,128,129,130" m="48535,25163" machi="129" ten="40,1500,0" yaku="19,1" doraHai="59" who="2" fromWho="2" sc="278,-4,29,-4,361,15,332,-7" owari="274,-12.6,25,-47.5,376,47.6,325,12.5" /></mjloggm>