<mjloggm ver="2.3"><GO type="225" lobby="0"/><UN n0="%E5%82%8D%E8%8B%A5%E7%84%A1%E4%BA%BA%35%31" n1="%E3%81%90%E3%81%A1%E3%82%84%E3%81%BE" n2="%E3%81%8B%E3%82%8F%E3%81%A1%E3%82%83%E3%82%93%35%38" n3="%E6%A1%9C%E8%8A%B1%E9%96%83%E3%80%85" dan="16,16,16,16" rate="2174.83,2125.69,2112.05,2103.20" sx="M,M,M,M"/><TAIKYOKU oya="0"/><INIT seed="0,0,0,5,3,112" ten="250,250,250,250" oya="0" hai0="12,52,88,24,17,120,5,25,18,81,110,55,105" hai1="135,37,79,66,7,76,132,121,50,59,1,71,43" hai2="87,30,129,21,101,3,62,131,45,96,103,6,39" hai3="35,22,97,77,123,63,51,46,99,61,49,74,126"/><T113/><D113/><U67/><E1/><V29/><F3/><W34/><G126/><T56/><D105/><U118/><E7/><V104/><F6/><W38/><G38/><T28/><D120/><U53/><E121/><V107/><F87/><W8/><G123/><T90/><D110/><U83/><E118/><V106/><F62/><W111/><G8/><T68/><D68/><U94/><E94/><N who="2" m="58519" /><F21/><W75/><G22/><N who="0" m="15383" /><D55/><U31/><E31/><N who="2" m="11787" /><F45/><W85/><G46/><T40/><D40/><U102/><E102/><V122/><F39/><W125/><G85/><N who="0" m="50223" /><D90/><U70/><E43/><V36/><F36/><W72/><G125/><T54/><D54/><U26/><E37/><V127/><F122/><W82/><G111/><T32/><D32/><U119/><E71/><V47/><F47/><W33/><G82/><T109/><D25/><U65/><E26/><V91/><F91/><W41/><G41/><T89/><D89/><U64/><E70/><V95/><F127/><W69/><G69/><T4/><D109/><U14/><E67/><V20/><F20/><W84/><G84/><T44/><D44/><U100/><E100/><V124/><F124/><W93/><G75/><T9/><D5/><U16/><E119/><V86/><F103/><W27/><G27/><T134/><D134/><N who="1" m="51243" /><E83/><V117/><F117/><W128/><G33/><T23/><D23/><AGARI ba="0,0" hai="14,16,23,50,53,59,64,65,66,76,79" m="51243" machi="23" ten="30,2000,0" yaku="20,1,54,1" doraHai="112" who="1" fromWho="0" sc="250,-20,250,20,250,0,250,0" /><INIT seed="1,0,0,4,5,108" ten="230,270,250,250" oya="1" hai0="60,84,90,55,93,64,100,50,104,6,44,0,82" hai1="89,91,15,68,122,66,116,96,1,37,88,39,65" hai2="121,129,94,42,113,75,31,70,10,119,72,133,3" hai3="43,22,118,97,23,29,62,17,83,126,95,80,102"/><U52/><E116/><V51/><F119/><W20/><G126/><T48/><D0/><U53/><E1/><V14/><F70/><W56/><G118/><T34/><D6/><U132/><E122/><V49/><F3/><W59/><G43/><T30/><D104/><U73/><E73/><V5/><F121/><W105/><G105/><T135/><D135/><U76/><E68/><V40/><F31/><W7/><G7/><T69/><D50/><U2/><E2/><V54/><F51/><W57/><G29/><T13/><D13/><U32/><E32/><V92/><F75/><W33/><G33/><T111/><D111/><U103/><E76/><V27/><F72/><W106/><G106/><T47/><D47/><U115/><E115/><V134/><F27/><W123/><G123/><T24/><REACH who="0" step="1"/><D100/><REACH who="0" ten="220,270,250,250" step="2"/><U77/><E132/><N who="2" m="50795" /><F129/><W9/><G62/><T58/><D58/><U74/><E15/><AGARI ba="0,1" hai="9,15,17,20,22,23,56,57,59,80,83,95,97,102" machi="15" ten="40,1300,0" yaku="8,1" doraHai="108" who="3" fromWho="1" sc="220,0,270,-13,250,0,250,23" /><INIT seed="2,0,0,1,2,101" ten="220,257,250,273" oya="2" hai0="58,42,89,80,3,112,66,94,26,23,9,60,115" hai1="32,45,17,125,121,54,39,65,113,27,2,59,21" hai2="57,40,102,93,116,77,85,78,103,56,68,87,122" hai3="53,123,108,99,92,16,4,76,126,19,83,38,104"/><V0/><F68/><W49/><G123/><T33/><D80/><U82/><E113/><V109/><F0/><W130/><G38/><T55/><D42/><U79/><E2/><V127/><F122/><W111/><G4/><T10/><D33/><U18/><E121/><V47/><F116/><W1/><G1/><T6/><D10/><U72/><E125/><V91/><F127/><W70/><G70/><T73/><D66/><U48/><E32/><V95/><F109/><N who="3" m="42059" /><G130/><T63/><D60/><U31/><REACH who="1" step="1"/><E39/><REACH who="1" ten="220,247,250,273" step="2"/><V107/><F107/><W135/><G104/><T74/><D115/><U20/><E20/><V67/><F67/><W13/><G126/><T35/><D35/><U5/><E5/><V71/><F71/><W7/><G7/><T29/><REACH who="0" step="1"/><D112/><REACH who="0" ten="210,247,250,273" step="2"/><U131/><E131/><V88/><F40/><W128/><G128/><T105/><D105/><U134/><E134/><V81/><F81/><W14/><G135/><T69/><D69/><U51/><E51/><V118/><F118/><W44/><G83/><T30/><D30/><U43/><E43/><V75/><F75/><W22/><G19/><T106/><D106/><U129/><E129/><V132/><F132/><W133/><G133/><T97/><AGARI ba="0,2" hai="3,6,9,23,26,29,55,58,63,73,74,89,94,97" machi="97" ten="20,2700,0" yaku="1,1,0,1,7,1,53,0" doraHai="101" doraHaiUra="37" who="0" fromWho="0" sc="210,47,247,-7,250,-13,273,-7" /><INIT seed="3,0,0,3,1,29" ten="257,240,237,266" oya="3" hai0="106,70,24,50,114,79,41,109,120,64,48,104,78" hai1="63,67,20,74,22,31,101,8,5,108,71,117,21" hai2="122,9,98,47,28,131,27,95,26,25,0,6,12" hai3="81,66,89,68,107,54,14,7,15,72,62,123,86"/><W73/><G123/><T23/><D109/><U56/><E74/><V51/><F131/><W76/><G107/><T32/><D120/><U121/><E121/><V87/><F122/><W105/><G105/><T103/><D23/><U55/><E108/><V82/><F0/><W40/><G40/><T126/><D106/><U65/><E117/><V111/><F111/><W110/><G110/><T53/><D48/><U118/><E118/><V16/><F28/><W36/><G36/><T34/><D41/><U60/><E101/><V3/><F3/><W10/><G54/><T37/><D37/><U84/><E84/><V112/><F112/><W30/><G30/><T35/><D24/><U129/><E129/><V119/><F119/><W102/><G102/><T39/><D39/><U134/><E134/><V4/><F95/><W18/><G89/><T113/><D126/><U1/><REACH who="1" step="1"/><E55/><REACH who="1" ten="257,230,237,266" step="2"/><N who="2" m="30207" /><F98/><W13/><G73/><T61/><D103/><U77/><E77/><AGARI ba="0,1" hai="4,6,9,12,16,25,26,27,77,82,87" m="30207" machi="77" ten="30,2000,0" yaku="8,1,54,1" doraHai="29" who="2" fromWho="1" sc="257,0,230,-20,237,30,266,0" /><INIT seed="4,0,0,2,1,118" ten="257,210,267,266" oya="0" hai0="135,127,119,93,108,133,87,78,75,70,80,130,5" hai1="114,72,104,60,69,12,27,97,10,90,82,49,13" hai2="59,95,39,45,73,18,44,36,19,0,103,37,110" hai3="15,38,29,7,35,63,50,54,128,74,52,85,121"/><T107/><D70/><U30/><E114/><V25/><F110/><W66/><G74/><T86/><D5/><U9/><E49/><V16/><F73/><W22/><G38/><T46/><D46/><U26/><E26/><V1/><F25/><N who="3" m="16567" /><G35/><T113/><D119/><U65/><E9/><V109/><F109/><W62/><G128/><T67/><D67/><U83/><E90/><V32/><F32/><W131/><G131/><T124/><D130/><U98/><E98/><V117/><F117/><W31/><G31/><T71/><D71/><U43/><E43/><V111/><F111/><W105/><G105/><T55/><D55/><U41/><E41/><V68/><F68/><W125/><G125/><N who="0" m="48203" /><D107/><U116/><E116/><V89/><F103/><W129/><G54/><T58/><D58/><U101/><E72/><V6/><F59/><N who="3" m="33175" /><G66/><T123/><D113/><U64/><E64/><V53/><F53/><W42/><G42/><T134/><D108/><U112/><E112/><V99/><F0/><W61/><G129/><T51/><D51/><U4/><REACH who="1" step="1"/><E13/><REACH who="1" ten="257,200,267,266" step="2"/><V57/><F37/><W17/><G85/><N who="0" m="32267" /><D93/><U79/><E79/><V122/><F39/><W34/><G62/><T40/><D40/><U120/><E120/><AGARI ba="0,1" hai="75,78,80,120,123,133,134,135" m="32267,48203" machi="120" ten="40,18000,2" yaku="20,1,18,1,34,2,52,2" doraHai="118" who="0" fromWho="1" sc="257,190,200,-180,267,0,266,0" owari="447,54.7,20,-48.0,267,6.7,266,-13.4" /></mjloggm>