<mjloggm ver="2.3"><GO type="225" lobby="0"/><UN n0="%E6%98%93%E5%88%A9%E8%96%A9%E4%BC%AF" n1="%E3%81%BD%E3%81%A1%E3%81%9F%E3%81%93%E3%82%84" n2="%4C%4F%4C%49%54%41" n3="%E3%81%AF%E3%82%88%E3%81%8A%E3%81%98%E3%81%95%E3%82%93" dan="17,16,16,16" rate="2241.52,2148.78,2101.65,2180.72" sx="F,M,F,M"/><TAIKYOKU oya="0"/><INIT seed="0,0,0,1,0,60" ten="250,250,250,250" oya="0" hai0="70,84,42,99,63,133,33,67,30,130,32,44,16" hai1="121,39,55,53,103,1,5,34,9,111,15,68,24" hai2="123,112,86,11,57,31,115,116,23,96,45,104,46" hai3="61,74,120,6,105,13,26,77,66,114,47,126,12"/><T82/><D130/><U19/><E121/><V37/><F123/><W20/><G120/><T79/><D133/><U22/><E111/><V97/><F116/><W65/><G114/><T117/><D117/><U14/><E39/><V69/><F69/><W78/><G105/><T102/><D30/><N who="1" m="19783" /><E68/><V50/><F37/><W72/><G126/><T40/><D40/><U92/><E15/><N who="3" m="5706" /><G74/><T58/><D70/><U106/><E106/><V110/><F11/><W94/><G72/><T56/><D56/><U107/><E107/><V91/><F110/><W54/><G6/><T36/><REACH who="0" step="1"/><D16/><REACH who="0" ten="240,250,250,250" step="2"/><U21/><E21/><V101/><F23/><W48/><G61/><T125/><D125/><U52/><E55/><V8/><F31/><W131/><G131/><T18/><D18/><U93/><E53/><V62/><F112/><W108/><G108/><T49/><D49/><U43/><E43/><V4/><F50/><W98/><G20/><T87/><D87/><U85/><E85/><V83/><F115/><W132/><G132/><T29/><D29/><U124/><E124/><V119/><F119/><W51/><G51/><T89/><D89/><U80/><E52/><N who="2" m="34087" /><F96/><W38/><G38/><T134/><D134/><U75/><E103/><V100/><F101/><N who="3" m="60631" /><G26/><T118/><D118/><U10/><E10/><V73/><F73/><W27/><G27/><T41/><D41/><U128/><E128/><V25/><F25/><W59/><G59/><T81/><D81/><U135/><E135/><V127/><F127/><W122/><G122/><T76/><D76/><AGARI ba="0,1" hai="1,5,9,14,19,22,75,76,80,92,93" m="19783" machi="76" ten="30,1000,0" yaku="24,1" doraHai="60" who="1" fromWho="0" sc="240,-10,250,20,250,0,250,0" /><AGARI ba="0,0" hai="47,48,54,65,66,76,77,78" m="60631,5706" machi="76" ten="30,3900,0" yaku="8,1,52,2" doraHai="60" who="3" fromWho="0" sc="230,-39,270,0,250,0,250,39" /><INIT seed="1,0,0,5,2,128" ten="191,270,250,289" oya="1" hai0="31,92,103,51,127,8,22,49,28,34,27,78,46" hai1="18,63,13,0,76,77,45,131,105,79,119,98,85" hai2="41,53,32,126,96,82,4,117,80,64,58,97,133" hai3="36,101,125,88,129,109,106,81,94,90,65,19,135"/><U89/><E0/><V35/><F117/><W59/><G36/><T48/><D127/><U116/><E131/><V39/><F126/><W111/><G129/><T1/><D1/><U50/><E63/><V114/><F4/><W10/><G125/><T17/><D34/><U6/><E6/><V113/><F64/><W40/><G40/><T7/><D78/><U24/><E24/><V70/><F70/><W134/><G106/><T120/><D120/><U73/><E98/><N who="2" m="37995" /><F41/><W110/><G101/><T67/><D67/><U33/><E33/><N who="2" m="12875" /><F133/><N who="3" m="50699" /><G81/><T83/><D83/><N who="1" m="49343" /><E105/><V42/><F39/><W84/><G90/><T52/><D103/><U86/><E73/><V66/><F113/><W9/><G19/><T118/><D92/><U30/><E30/><V5/><F82/><W26/><G26/><T104/><D104/><U75/><E75/><V21/><F80/><W37/><G37/><T132/><D118/><U121/><E121/><V69/><F114/><W123/><G123/><T124/><D124/><U107/><E107/><V47/><F42/><W130/><G130/><T3/><D132/><U102/><E102/><V56/><F5/><W60/><AGARI ba="0,0" hai="9,10,59,60,65,84,88,94,109,110,111" m="50699" machi="60" ten="40,12000,2" yaku="14,1,20,1,52,3,54,1" doraHai="128" who="3" fromWho="3" sc="191,-30,270,-60,250,-30,289,120" /><INIT seed="2,0,0,5,1,82" ten="161,210,220,409" oya="2" hai0="2,120,44,132,79,117,102,130,53,86,34,51,40" hai1="124,131,118,42,70,96,103,101,17,9,27,46,4" hai2="24,83,89,94,129,84,11,81,56,133,26,65,126" hai3="45,104,62,119,32,38,122,64,21,116,48,7,115"/><V36/><F36/><W12/><G32/><T74/><D120/><U110/><E118/><V69/><F69/><W41/><G104/><T29/><D117/><U39/><E110/><V127/><F133/><W55/><G122/><T52/><D132/><U6/><E70/><V72/><F129/><W97/><G115/><T98/><D130/><U77/><E131/><V85/><F72/><W28/><G97/><T3/><D74/><U20/><E124/><N who="2" m="47659" /><F11/><W92/><G92/><T75/><D75/><U10/><E77/><N who="2" m="46127" /><F83/><W109/><G109/><T30/><D2/><U108/><E108/><V66/><F56/><N who="3" m="32871" /><G28/><T87/><D3/><U43/><E43/><V19/><F19/><N who="3" m="10471" /><G7/><T113/><D113/><U63/><E4/><V16/><F16/><W61/><G61/><T59/><D79/><U99/><E6/><V13/><F13/><W25/><G25/><AGARI ba="0,0" hai="24,25,26,65,66,85,89,94" m="46127,47659" machi="25" ten="30,5800,0" yaku="18,1,52,2" doraHai="82" who="2" fromWho="3" sc="161,0,210,0,220,58,409,-58" /><INIT seed="2,1,0,4,5,16" ten="161,210,278,351" oya="2" hai0="54,31,7,118,71,4,115,69,20,10,19,59,65" hai1="1,88,46,57,82,86,24,52,70,63,0,102,74" hai2="132,5,23,116,53,66,75,60,62,15,103,25,34" hai3="135,134,38,33,106,72,110,117,78,113,76,3,6"/><V45/><F116/><W35/><RYUUKYOKU type="yao9" ba="1,0" sc="161,0,210,0,278,0,351,0" hai3="3,6,33,35,38,72,76,78,106,110,113,117,134,135" /><INIT seed="2,2,0,1,0,124" ten="161,210,278,351" oya="2" hai0="9,43,116,103,1,135,100,3,87,90,36,55,40" hai1="96,28,65,95,18,49,8,38,59,109,79,68,12" hai2="104,101,118,14,11,29,102,41,120,6,54,132,134" hai3="52,86,7,61,45,127,13,122,92,44,111,121,20"/><V76/><F118/><W88/><G127/><T75/><D116/><U70/><E38/><V83/><F120/><W63/><G111/><T131/><D75/><U94/><E109/><V98/><F102/><W67/><G121/><T50/><D135/><U22/><E79/><V117/><F117/><W32/><G32/><T108/><D108/><U15/><E95/><V46/><F54/><W26/><G122/><T110/><D110/><U99/><E96/><V69/><F29/><W89/><G89/><T34/><D34/><U56/><E56/><V71/><F134/><W72/><G72/><T105/><D131/><U19/><E28/><V107/><F104/><W58/><G13/><T17/><D36/><U91/><REACH who="1" step="1"/><E49/><REACH who="1" ten="161,200,278,351" step="2"/><V85/><F132/><W10/><G63/><AGARI ba="2,1" hai="8,12,15,18,19,22,59,63,65,68,70,91,94,99" machi="63" ten="40,2600,0" yaku="1,1,2,1,53,0" doraHai="124" doraHaiUra="39" who="1" fromWho="3" sc="161,0,200,42,278,0,351,-32" /><INIT seed="3,0,0,1,2,42" ten="161,242,278,319" oya="3" hai0="69,70,1,56,95,126,16,102,116,78,67,60,106" hai1="97,39,107,83,26,48,74,127,44,119,110,33,35" hai2="118,51,24,34,41,104,40,61,72,123,80,68,6" hai3="76,59,17,55,133,32,75,7,131,86,3,58,5"/><W25/><G75/><T30/><D116/><U129/><E119/><V31/><F118/><W11/><G5/><T128/><D106/><U71/><E48/><V77/><F123/><W96/><G131/><T91/><D1/><U13/><E13/><V100/><F51/><W135/><G96/><T103/><D128/><U45/><E129/><V101/><F6/><W79/><G59/><T120/><D120/><U132/><E45/><V65/><F101/><W38/><G38/><T84/><D126/><U9/><E9/><V10/><F10/><W29/><G17/><T94/><D78/><N who="1" m="44503" /><E132/><N who="3" m="50762" /><G86/><T117/><D30/><U113/><E113/><V14/><F14/><W82/><G82/><T114/><D114/><U50/><E50/><AGARI ba="0,0" hai="3,7,11,25,29,32,50,55,58,76,79" m="50762" machi="50" ten="30,1500,0" yaku="20,1" doraHai="42" who="3" fromWho="1" sc="161,0,242,-15,278,0,319,15" owari="161,-33.9,227,-17.3,278,7.8,334,43.4" /></mjloggm>