<mjloggm ver="2.3"><GO type="225" lobby="0"/><UN n0="%E9%A6%AC%E5%BC%95%E7%81%AB%33" n1="%E3%82%A4%E3%83%BC%E3%82%B1%E3%83%97%E3%83%A9" n2="%E5%91%A8%E6%9D%B1" n3="%E3%82%B3%E3%83%90%E3%83%AC%E3%82%A4" dan="16,16,17,16" rate="2135.30,2155.21,2156.80,2161.71" sx="M,M,M,M"/><TAIKYOKU oya="0"/><INIT seed="0,0,0,4,2,68" ten="250,250,250,250" oya="0" hai0="88,107,131,28,91,13,25,5,37,127,46,102,106" hai1="17,51,7,56,21,66,27,1,54,39,101,123,9" hai2="57,0,117,43,36,97,79,114,15,65,85,2,89" hai3="95,78,53,19,59,29,100,99,74,111,61,52,70"/><T3/><D3/><U125/><E123/><V48/><F114/><W75/><G111/><T77/><D77/><U96/><E125/><V73/><F117/><W93/><G70/><T42/><D127/><U113/><E113/><V33/><F33/><W30/><G75/><T23/><D131/><U121/><E121/><V110/><F110/><W116/><G116/><T87/><D102/><U6/><E6/><V120/><F120/><W47/><G74/><T80/><REACH who="0" step="1"/><D91/><REACH who="0" ten="240,250,250,250" step="2"/><U112/><E112/><V14/><F79/><W41/><G78/><T82/><D82/><U67/><REACH who="1" step="1"/><E39/><REACH who="1" ten="240,240,250,250" step="2"/><V81/><F36/><W22/><G100/><T84/><D84/><U32/><E32/><V26/><F85/><W55/><G99/><T45/><D45/><U115/><E115/><V40/><F97/><W103/><G103/><T105/><D105/><AGARI ba="0,2" hai="1,7,9,17,21,27,51,54,56,66,67,96,101,105" machi="105" ten="30,3900,0" yaku="1,1,7,1,53,1" doraHai="68" doraHaiUra="50" who="1" fromWho="0" sc="240,-39,240,59,250,0,250,0" /><INIT seed="1,0,0,0,3,35" ten="201,299,250,250" oya="1" hai0="119,131,49,57,67,8,56,28,48,10,132,135,32" hai1="38,126,19,37,71,73,80,98,64,109,113,78,34" hai2="52,83,59,24,54,42,117,43,91,87,4,121,96" hai3="76,75,17,81,47,108,95,23,18,97,5,103,7"/><U79/><E113/><V122/><F117/><W125/><G125/><T93/><D119/><U102/><E126/><V29/><F4/><W111/><G47/><T74/><D74/><U94/><E34/><V40/><F96/><W86/><G18/><T16/><D32/><U107/><E79/><V46/><F46/><W92/><G75/><T12/><D28/><U27/><E109/><N who="3" m="42058" /><G92/><T88/><D131/><U25/><E25/><AGARI ba="0,0" hai="5,7,17,23,25,76,81,86,95,97,103" m="42058" machi="25" ten="30,1000,0" yaku="14,1" doraHai="35" who="3" fromWho="1" sc="201,0,299,-10,250,0,250,10" /><INIT seed="2,0,0,5,1,14" ten="201,289,250,260" oya="2" hai0="74,106,83,135,1,35,4,66,92,128,76,18,62" hai1="54,47,51,134,71,41,16,42,7,120,102,26,37" hai2="38,110,68,127,90,9,64,96,29,131,67,43,30" hai3="87,100,103,94,119,58,126,27,56,113,84,122,132"/><V36/><F131/><W72/><G122/><T21/><D128/><U13/><E71/><V5/><F127/><W50/><G126/><T129/><D129/><U89/><E120/><V34/><F110/><W101/><G72/><T55/><D135/><U70/><E70/><V40/><F68/><W52/><G132/><T99/><D35/><U80/><E134/><V60/><F60/><W97/><G119/><T46/><D106/><U61/><E61/><V2/><F96/><W32/><G113/><T107/><D107/><U53/><E102/><V88/><F34/><W10/><G32/><T17/><D21/><N who="1" m="13607" /><E37/><V115/><F115/><W8/><G27/><T95/><D95/><U118/><E53/><V19/><F19/><W133/><G133/><T69/><D1/><U124/><E118/><V49/><F49/><W112/><G112/><T45/><D4/><U93/><E80/><V111/><F111/><W114/><G103/><T24/><D24/><U86/><E124/><V108/><F108/><W23/><G101/><T105/><D105/><U121/><E121/><V78/><F2/><W12/><G114/><T11/><D11/><AGARI ba="0,0" hai="7,11,13,41,42,47,51,54,86,89,93" m="13607" machi="11" ten="30,3900,0" yaku="8,1,52,1,54,1" doraHai="14" who="1" fromWho="0" sc="201,-39,289,39,250,0,260,0" /><INIT seed="3,0,0,3,3,111" ten="162,328,250,260" oya="3" hai0="35,94,116,110,96,56,29,99,38,71,53,1,124" hai1="24,127,44,115,95,114,81,60,102,49,43,87,90" hai2="8,31,108,98,82,100,66,70,14,112,34,5,52" hai3="33,9,119,76,64,12,122,68,88,18,0,93,61"/><W54/><G119/><T20/><D116/><U133/><E127/><V91/><F108/><W104/><G33/><T65/><D110/><U78/><E102/><V4/><F112/><W80/><G104/><T30/><D124/><U74/><E133/><V75/><F66/><W57/><G0/><T10/><D38/><U101/><E101/><V7/><F70/><W28/><G28/><T36/><D36/><U11/><E24/><V46/><F31/><W63/><G122/><T130/><D130/><U16/><E60/><V117/><F34/><W97/><G80/><T21/><D35/><U48/><E49/><V77/><F91/><W121/><G121/><T26/><D65/><U84/><E74/><V72/><F75/><W2/><G2/><T6/><D71/><U13/><AGARI ba="0,0" hai="11,13,16,43,44,48,78,81,84,87,90,95,114,115" machi="13" ten="30,7900,0" yaku="0,1,52,2,54,1" doraHai="111" who="1" fromWho="1" sc="162,-20,328,79,250,-20,260,-39" owari="142,-35.8,407,50.7,230,3.0,221,-17.9" /></mjloggm>