<mjloggm ver="2.3"><GO type="225" lobby="0"/><UN n0="%E3%81%99%E3%81%84%E3%81%BE%E3%81%9B%E3%83%BC%E3%82%93" n1="%E7%9A%AE%E3%80%85" n2="%E6%98%93%E5%88%A9%E8%96%A9%E4%BC%AF" n3="%E4%BF%BA%E3%81%A8%E5%A6%96%E5%A4%A2" dan="18,16,17,16" rate="2204.32,2129.03,2164.34,2219.90" sx="M,M,F,F"/><TAIKYOKU oya="0"/><INIT seed="0,0,0,5,5,133" ten="250,250,250,250" oya="0" hai0="85,4,10,63,44,65,64,91,121,46,32,71,104" hai1="132,15,35,77,100,60,25,92,94,49,45,99,70" hai2="114,0,119,75,113,50,95,39,58,59,83,69,61" hai3="62,33,123,96,120,98,93,6,80,29,86,55,37"/><T118/><D118/><U124/><E132/><V22/><F39/><W31/><G37/><T134/><D121/><N who="3" m="46665" /><G6/><T97/><D32/><U40/><E77/><V9/><F119/><W131/><G131/><T1/><D134/><U66/><E15/><V111/><F111/><W43/><G43/><T129/><D129/><U103/><E124/><V12/><F95/><W130/><G33/><T115/><D64/><U3/><E3/><V82/><F69/><W112/><G112/><T135/><D115/><U76/><E76/><V18/><F50/><W24/><G24/><T78/><D78/><U53/><E40/><V68/><F59/><N who="3" m="35199" /><G130/><T41/><D41/><U106/><REACH who="1" step="1"/><E103/><REACH who="1" ten="250,240,250,250" step="2"/><V2/><F2/><W116/><G116/><T14/><D1/><U13/><E13/><V74/><F12/><W88/><G98/><T73/><D135/><U51/><E51/><V84/><F0/><W110/><G110/><T21/><D73/><U5/><E5/><V127/><F75/><W26/><G26/><T107/><D97/><U105/><E105/><V8/><F74/><W28/><G28/><AGARI ba="0,1" hai="25,28,35,45,49,53,60,66,70,92,94,99,100,106" machi="28" ten="40,8000,1" yaku="1,1,25,2,53,2" doraHai="133" doraHaiUra="89" who="1" fromWho="3" sc="250,0,240,90,250,0,250,-80" /><INIT seed="1,0,0,3,0,91" ten="250,330,250,170" oya="1" hai0="81,84,110,33,12,87,128,82,74,120,85,104,1" hai1="45,133,123,55,38,66,2,9,59,47,58,3,60" hai2="101,34,73,79,107,11,99,57,13,5,56,68,117" hai3="80,8,70,94,105,17,63,126,100,97,69,113,24"/><U43/><E123/><V10/><F117/><W53/><G113/><T52/><D1/><U77/><E133/><V42/><F68/><W93/><G126/><T125/><D125/><U89/><E77/><V4/><F34/><W121/><G121/><T51/><D120/><U112/><E112/><V88/><F42/><W78/><G53/><T35/><D104/><U90/><E45/><V48/><F48/><W39/><G39/><T29/><D128/><U127/><E127/><V75/><F75/><W31/><G17/><T7/><D110/><U86/><E9/><V41/><F41/><W54/><G8/><N who="0" m="4127" /><D35/><U71/><E90/><V30/><F30/><W95/><G54/><T36/><D36/><U32/><E59/><V106/><F106/><W49/><G49/><T50/><D33/><U28/><E28/><V61/><F61/><W21/><REACH who="3" step="1"/><G63/><REACH who="3" ten="250,330,250,160" step="2"/><T92/><D51/><N who="1" m="31103" /><E32/><V111/><F11/><W19/><G19/><T22/><D50/><U44/><E47/><V15/><F10/><W14/><G14/><T134/><D52/><U76/><E76/><V23/><F15/><W118/><G118/><T132/><D132/><U37/><E37/><V98/><F13/><W115/><G115/><T6/><D134/><U108/><E108/><V135/><F135/><W26/><G26/><T103/><D29/><U114/><E114/><V116/><F116/><W122/><G122/><T20/><D20/><U16/><E16/><V62/><F23/><W72/><AGARI ba="0,1" hai="21,24,31,69,70,72,78,80,93,94,95,97,100,105" machi="72" ten="30,8000,1" yaku="1,1,0,1,52,3,53,0" doraHai="91" doraHaiUra="0" who="3" fromWho="3" sc="250,-20,330,-40,250,-20,160,90" /><INIT seed="2,0,0,4,2,86" ten="230,290,230,250" oya="2" hai0="105,131,62,14,118,112,26,134,39,120,104,15,33" hai1="81,19,57,93,115,123,125,9,135,31,18,59,94" hai2="129,50,82,38,12,87,51,3,22,1,17,92,34" hai3="98,124,72,56,36,63,67,44,23,99,84,110,101"/><V119/><F119/><W102/><G72/><T54/><D120/><U45/><E115/><V6/><F38/><W103/><G110/><T16/><D112/><U79/><E135/><V47/><F129/><W122/><G122/><T60/><D39/><U75/><E125/><V7/><F34/><W5/><G124/><T76/><D134/><U24/><E123/><V0/><F92/><W35/><G35/><T74/><D131/><U90/><E45/><V21/><F21/><W106/><G5/><T89/><D118/><U88/><E9/><V126/><F126/><W70/><G23/><N who="0" m="13671" /><D105/><U25/><E31/><V69/><F69/><W52/><G98/><T43/><D76/><U77/><E81/><V41/><REACH who="2" step="1"/><F50/><REACH who="2" ten="230,290,220,250" step="2"/><N who="3" m="30743" /><G84/><T13/><D33/><U111/><E75/><V107/><F107/><W55/><G55/><T2/><D104/><U46/><E111/><V108/><F108/><W80/><G80/><T95/><D74/><U32/><E32/><V117/><F117/><W91/><G106/><T53/><D53/><U37/><E37/><V30/><F30/><W114/><G114/><T61/><D54/><U49/><E49/><V121/><F121/><W113/><G113/><T4/><D60/><U48/><E48/><V133/><F133/><W78/><G36/><T97/><D43/><U127/><E127/><V100/><F100/><W85/><G102/><T20/><D20/><U11/><E11/><V128/><F128/><W68/><G70/><T65/><D65/><U130/><E130/><V28/><F28/><W42/><G67/><T73/><D73/><U109/><E109/><RYUUKYOKU ba="0,1" sc="230,10,290,10,220,10,250,-30" hai0="2,4,13,14,15,61,62,89,95,97" hai1="18,19,24,25,46,57,59,77,79,88,90,93,94" hai2="0,1,3,6,7,12,17,22,41,47,51,82,87" /><INIT seed="2,1,1,0,1,126" ten="240,300,230,220" oya="2" hai0="106,118,21,50,95,58,133,122,34,53,76,35,5" hai1="68,99,60,20,110,135,36,31,120,23,83,13,43" hai2="97,14,75,79,29,45,59,46,131,85,18,80,96" hai3="32,134,89,44,86,72,128,90,6,88,37,111,22"/><V64/><F131/><W98/><G32/><T91/><D122/><U61/><E110/><V19/><F29/><W125/><G72/><T66/><D106/><U102/><E120/><V33/><F33/><W25/><G111/><T92/><D133/><U15/><E135/><V56/><F75/><W63/><G134/><T130/><D76/><U77/><E43/><V117/><F19/><W8/><G125/><T11/><D130/><U82/><E36/><V123/><F117/><W93/><G128/><T48/><D118/><U87/><E68/><V3/><F3/><W12/><G63/><N who="1" m="24138" /><E83/><V47/><F123/><W40/><REACH who="3" step="1"/><G98/><REACH who="3" ten="240,300,230,210" step="2"/><N who="2" m="37993" /><F64/><W108/><G108/><T94/><D66/><U38/><E99/><V2/><F2/><W9/><G9/><AGARI ba="1,2" hai="9,14,18,45,46,47,56,59,79,80,85" m="37993" machi="9" ten="30,1500,0" yaku="8,1" doraHai="126" who="2" fromWho="3" sc="240,0,300,0,230,38,210,-18" /><INIT seed="2,2,0,0,5,32" ten="240,300,268,192" oya="2" hai0="33,119,12,66,18,131,109,84,101,68,15,99,76" hai1="92,49,62,59,97,110,40,114,25,126,108,83,55" hai2="128,27,37,86,16,113,26,100,88,118,21,64,30" hai3="8,89,65,54,36,45,69,9,51,71,17,120,5"/><V44/><F113/><W58/><G120/><T104/><D131/><U133/><E114/><V129/><F118/><W35/><G35/><T56/><D119/><U7/><E133/><V2/><F100/><W123/><G123/><T103/><D33/><U46/><E25/><V81/><F2/><W116/><G116/><T111/><D68/><U6/><E83/><V93/><F64/><W73/><G73/><T23/><D103/><N who="1" m="60839" /><E126/><V107/><F107/><W57/><G17/><T24/><D76/><U125/><E125/><V13/><F81/><W134/><G9/><T122/><D84/><U11/><E11/><V75/><F75/><W52/><G134/><T28/><D122/><U96/><E96/><V79/><F79/><W14/><G65/><T80/><D80/><U63/><E63/><V74/><F74/><W43/><REACH who="3" step="1"/><G89/><REACH who="3" ten="240,300,268,182" step="2"/><T135/><D135/><U39/><E110/><N who="0" m="41993" /><D18/><U132/><E108/><V121/><F121/><W20/><G20/><T10/><D10/><U29/><E132/><V85/><F16/><W98/><G98/><T95/><D104/><U61/><E29/><V3/><F30/><W124/><G124/><T50/><D66/><U42/><E6/><V117/><F117/><W87/><G87/><T82/><D82/><U78/><E7/><V112/><F86/><W72/><G72/><T53/><AGARI ba="2,1" hai="12,15,23,24,28,50,53,56,95,99,101" m="41993" machi="53" ten="30,1100,0" yaku="14,1" doraHai="32" who="0" fromWho="0" sc="240,27,300,-5,268,-7,182,-5" /><INIT seed="3,0,0,3,2,114" ten="267,295,261,177" oya="3" hai0="35,119,100,58,117,47,29,32,97,43,55,44,1" hai1="107,84,67,37,77,111,49,98,36,130,41,133,18" hai2="12,9,45,135,48,10,17,82,76,103,16,101,95" hai3="91,118,70,96,26,80,83,115,53,81,13,5,90"/><W19/><G115/><T38/><D1/><U15/><E111/><V21/><F135/><W124/><G70/><T131/><D131/><U60/><E133/><V30/><F30/><W64/><G124/><T6/><D6/><U94/><E107/><V68/><F68/><W39/><G64/><T116/><D47/><U20/><E130/><V8/><F17/><W65/><G65/><T99/><D29/><U25/><E15/><V52/><REACH who="2" step="1"/><F95/><REACH who="2" ten="267,295,251,177" step="2"/><W92/><G39/><T89/><D99/><U87/><E37/><V106/><F106/><W33/><G118/><T75/><D75/><AGARI ba="0,1" hai="8,9,10,12,16,21,45,48,52,75,76,82,101,103" machi="75" ten="40,5200,0" yaku="1,1,54,2,53,0" doraHai="114" doraHaiUra="62" who="2" fromWho="0" sc="267,-52,295,0,251,62,177,0" owari="215,-18.5,295,9.5,313,41.3,177,-32.3" /></mjloggm>