<mjloggm ver="2.3"><GO type="225" lobby="0"/><UN n0="%E6%81%A5%E6%99%92%E3%81%97" n1="%33%74%72%65%65" n2="%E5%A4%8F%E9%88%B4%E9%88%B4%E5%A4%8F" n3="%E3%81%A4%E3%81%A3%E3%81%B1%E3%82%8A%E3%83%9D%E3%83%BC%E3%83%AB" dan="17,17,16,17" rate="2186.51,2164.66,2140.49,2145.35" sx="M,F,F,M"/><TAIKYOKU oya="0"/><INIT seed="0,0,0,4,2,99" ten="250,250,250,250" oya="0" hai0="23,92,132,104,19,55,109,124,47,89,129,93,107" hai1="20,121,114,77,82,75,2,118,119,122,105,111,97" hai2="84,102,35,86,34,116,44,87,117,28,7,70,60" hai3="101,85,29,10,80,62,45,130,63,26,123,61,72"/><T0/><D0/><U21/><E2/><V115/><F115/><W106/><G130/><T90/><D129/><U33/><E33/><V4/><F44/><W57/><G123/><N who="1" m="47114" /><E21/><V94/><F60/><W58/><G72/><T126/><D132/><U95/><E20/><V78/><F70/><W81/><G10/><T31/><D31/><U51/><E51/><V13/><F78/><W53/><G81/><T11/><D11/><U68/><E68/><V3/><F3/><W40/><G106/><N who="0" m="40491" /><D55/><U37/><E37/><V88/><F102/><W36/><G101/><T56/><D56/><U135/><E135/><V5/><F13/><W42/><G42/><T8/><D47/><U112/><E105/><V41/><F41/><W32/><REACH who="3" step="1"/><G58/><REACH who="3" ten="250,250,250,240" step="2"/><T16/><D8/><U127/><E112/><V69/><F69/><W38/><G38/><T113/><D113/><U103/><E114/><V54/><F117/><W15/><G15/><T52/><D124/><U79/><E127/><V18/><F116/><N who="1" m="44585" /><E79/><AGARI ba="0,1" hai="26,29,32,36,40,45,53,57,61,62,63,79,80,85" machi="79" ten="30,2000,0" yaku="1,1,7,1,53,0" doraHai="99" doraHaiUra="91" who="3" fromWho="1" sc="250,0,250,-20,250,0,240,30" /><INIT seed="1,0,0,3,5,38" ten="250,230,250,270" oya="1" hai0="111,48,121,23,123,76,99,92,66,115,24,72,124" hai1="27,126,100,4,95,26,125,81,98,19,112,13,83" hai2="7,36,74,109,131,8,97,54,10,12,91,96,14" hai3="94,80,25,106,16,65,52,134,37,53,58,118,43"/><U57/><E112/><V73/><F109/><W34/><G106/><T2/><D2/><U135/><E135/><V122/><F122/><W101/><G134/><T103/><D115/><U17/><E4/><V1/><F36/><W61/><G118/><T114/><D114/><U120/><E120/><N who="0" m="46153" /><D111/><U60/><E126/><V105/><F131/><W39/><G80/><N who="1" m="30794" /><E125/><V32/><F32/><W9/><G34/><T84/><D124/><U31/><E31/><V22/><F1/><W15/><G25/><N who="1" m="9226" /><E13/><V107/><F22/><W64/><G39/><T51/><D72/><U29/><E29/><V28/><F28/><W104/><G104/><T59/><D84/><U129/><E129/><V79/><F54/><AGARI ba="0,0" hai="17,19,54,57,60,95,98,100" m="9226,30794" machi="54" ten="30,1500,0" yaku="8,1" doraHai="38" who="1" fromWho="2" sc="250,0,230,15,250,-15,270,0" /><INIT seed="1,1,0,4,1,4" ten="250,245,235,270" oya="1" hai0="69,10,78,52,127,31,37,111,105,21,71,28,2" hai1="70,25,19,22,118,99,90,80,34,83,63,50,3" hai2="18,82,16,23,96,57,74,58,84,115,104,119,129" hai3="26,134,14,108,61,130,43,60,33,35,65,0,125"/><U11/><E118/><V109/><F119/><W123/><G123/><T89/><D37/><U15/><E34/><V53/><F109/><W44/><G0/><T13/><D105/><U128/><E3/><V72/><F129/><W135/><G130/><T103/><D2/><U113/><E113/><V51/><F115/><W8/><G108/><T29/><D111/><U5/><E128/><V76/><F58/><N who="3" m="37015" /><G61/><T126/><D21/><U97/><E50/><V85/><F74/><W49/><G26/><T117/><D103/><U87/><REACH who="1" step="1"/><E83/><REACH who="1" ten="250,235,235,270" step="2"/><V131/><F131/><W47/><G35/><T92/><D117/><U20/><E20/><V73/><F72/><W67/><G33/><T120/><D120/><U64/><AGARI ba="1,1" hai="5,11,15,19,22,25,63,64,70,80,87,90,97,99" machi="64" ten="30,11700,0" yaku="1,1,0,1,52,1,53,1" doraHai="4" doraHaiUra="56" who="1" fromWho="1" sc="250,-40,235,130,235,-40,270,-40" /><INIT seed="1,2,0,5,5,97" ten="210,365,195,230" oya="1" hai0="113,68,41,118,8,96,130,24,37,102,0,34,87" hai1="90,119,99,76,72,103,47,10,78,44,38,69,57" hai2="39,98,91,135,82,121,49,45,46,1,79,18,62" hai3="40,59,134,95,84,22,125,77,122,16,120,15,110"/><U28/><E69/><V80/><F121/><W21/><G110/><T29/><D118/><U5/><E119/><V17/><F135/><W101/><G134/><T50/><D113/><U66/><E90/><V25/><F1/><W71/><G71/><T100/><D37/><U35/><E28/><V108/><F108/><W114/><G114/><T64/><D130/><U3/><E35/><V104/><F39/><W123/><G125/><T55/><D41/><U133/><E133/><V94/><F104/><W54/><G40/><T52/><D96/><U106/><E38/><V127/><F127/><W132/><G132/><T7/><D87/><U31/><E31/><V20/><F79/><W43/><G43/><T92/><D92/><U124/><E124/><V112/><F112/><W73/><G73/><T27/><D27/><U51/><E72/><V117/><F117/><W13/><G77/><T32/><D32/><U75/><E51/><V23/><F62/><N who="3" m="36215" /><G123/><T129/><D129/><U11/><E78/><V42/><REACH who="2" step="1"/><F46/><REACH who="2" ten="210,365,185,230" step="2"/><W88/><G122/><T6/><D0/><U83/><E47/><V109/><F109/><W81/><G120/><T60/><D60/><N who="1" m="38159" /><E44/><V131/><F131/><W56/><G56/><T128/><D128/><U61/><E61/><V33/><F33/><W67/><G67/><T85/><D64/><U116/><E116/><V63/><F63/><W48/><G48/><T53/><D50/><U65/><E65/><V74/><F74/><W58/><G58/><T26/><D34/><U36/><E36/><V115/><F115/><W86/><G15/><AGARI ba="2,1" hai="15,17,18,20,23,25,42,45,49,80,82,91,94,98" machi="15" ten="30,8000,1" yaku="1,1,7,1,8,1,53,2" doraHai="97" doraHaiUra="14" who="2" fromWho="3" sc="210,0,365,0,185,96,230,-86" /><INIT seed="2,0,0,2,0,92" ten="210,365,281,144" oya="2" hai0="97,65,12,70,19,57,108,17,25,99,62,48,128" hai1="53,74,46,88,104,118,58,80,125,87,133,100,31" hai2="90,84,102,103,54,106,55,130,29,30,23,105,41" hai3="121,28,122,68,132,110,2,91,112,36,42,35,82"/><V95/><F130/><W123/><G91/><T4/><D128/><U78/><E118/><V75/><F75/><W89/><G89/><T11/><D108/><U64/><E133/><V67/><F67/><W1/><G82/><T111/><D111/><U81/><E125/><V107/><F41/><W120/><N who="3" m="30720" /><DORA hai="115" /><W124/><G110/><T14/><D25/><U47/><E64/><V16/><F55/><W43/><G132/><T93/><D93/><U117/><E117/><V119/><F54/><W37/><G124/><T32/><D32/><U39/><E39/><N who="3" m="14922" /><G35/><T15/><D70/><U50/><REACH who="1" step="1"/><E31/><REACH who="1" ten="210,355,281,144" step="2"/><V101/><REACH who="2" step="1"/><F119/><REACH who="2" ten="210,355,271,144" step="2"/><W134/><G28/><T86/><D65/><U33/><E33/><V18/><F18/><W49/><G134/><T98/><D19/><U0/><E0/><V71/><F71/><W22/><G68/><T6/><D17/><U109/><E109/><V52/><F52/><W129/><G129/><T8/><D4/><U94/><E94/><V69/><F69/><W44/><G2/><T60/><D6/><U7/><E7/><V5/><F5/><W20/><G1/><T21/><D62/><U73/><E73/><V77/><F77/><W113/><G113/><T76/><D60/><U61/><E61/><V56/><F56/><W9/><G112/><T114/><D114/><U38/><E38/><V34/><F34/><W27/><G49/><T79/><D48/><U13/><E13/><AGARI ba="0,2" hai="13,16,23,29,30,84,90,95,101,102,103,105,106,107" machi="13" ten="50,4800,0" yaku="1,1,54,1,53,0" doraHai="92,115" doraHaiUra="66,135" who="2" fromWho="1" sc="210,0,355,-48,271,68,144,0" /><INIT seed="2,1,0,4,4,46" ten="210,307,339,144" oya="2" hai0="92,71,128,17,124,117,83,111,91,118,8,19,129" hai1="86,60,98,36,72,7,41,2,99,106,75,18,22" hai2="31,103,112,133,80,37,70,53,40,108,96,125,120" hai3="20,119,28,52,35,58,30,101,64,82,61,131,57"/><V104/><F112/><W16/><G119/><N who="0" m="45579" /><D71/><U15/><E86/><V132/><F120/><W116/><G116/><T115/><D115/><U63/><E2/><V23/><F70/><W79/><G131/><N who="0" m="50251" /><D111/><U105/><E7/><V55/><F108/><W32/><G101/><T134/><D134/><N who="2" m="51818" /><F125/><W97/><G97/><N who="0" m="57503" /><D124/><U122/><E122/><V130/><F130/><W127/><G127/><T50/><D8/><U59/><E105/><V76/><F37/><W27/><G35/><T4/><D4/><U12/><E106/><V77/><F104/><W102/><G102/><T9/><D9/><U51/><E36/><V0/><F103/><W29/><G32/><T1/><D1/><U90/><E90/><V73/><F0/><W135/><G135/><T93/><D93/><U113/><E113/><V88/><F88/><W114/><G114/><T87/><D50/><U21/><E51/><V6/><F6/><W84/><G30/><T34/><D34/><U89/><E89/><AGARI ba="1,0" hai="17,19,83,87,89" m="57503,50251,45579" machi="89" ten="30,2000,0" yaku="12,1,19,1" doraHai="46" who="0" fromWho="1" sc="210,23,307,-23,339,0,144,0" /><INIT seed="3,0,0,3,5,24" ten="233,284,339,144" oya="3" hai0="54,47,85,10,25,48,134,129,118,40,66,33,31" hai1="0,133,67,46,65,115,4,74,77,73,72,55,34" hai2="15,28,117,60,17,103,121,44,112,123,82,96,26" hai3="88,50,12,120,135,125,114,20,1,107,99,64,49"/><W91/><G114/><T92/><D118/><U131/><E115/><V51/><F117/><W53/><G120/><N who="2" m="46153" /><F60/><W13/><G1/><T119/><D119/><U43/><E133/><V21/><F82/><W80/><G135/><T5/><D129/><U84/><E55/><N who="2" m="30183" /><F112/><W3/><G3/><T19/><D66/><U32/><E32/><V18/><F15/><N who="3" m="5707" /><G107/><AGARI ba="0,0" hai="17,18,21,26,28,96,103,107" m="30183,46153" machi="107" ten="30,2000,0" yaku="13,1,52,1" doraHai="24" who="2" fromWho="3" sc="233,0,284,0,339,20,144,-20" owari="233,-16.7,284,8.4,359,45.9,124,-37.6" /></mjloggm>