<mjloggm ver="2.3"><GO type="225" lobby="0"/><UN n0="%E3%83%A9%E3%83%BC%E3%83%A1%E3%83%B3%E4%BA%94%E9%83%8E" n1="%E3%83%B4%E3%82%A3%E3%83%AF%E3%82%B3%E3%82%B0%E3%83%8B" n2="%E3%81%AF%E3%82%88%E3%81%8A%E3%81%98%E3%81%95%E3%82%93" n3="%E3%82%8F%E3%81%8B%E3%81%B0%2A%E3%82%AC%E3%83%BC%E3%83%AB" dan="16,17,17,16" rate="2160.76,2243.30,2161.81,2208.33" sx="M,M,M,M"/><TAIKYOKU oya="0"/><INIT seed="0,0,0,1,3,75" ten="250,250,250,250" oya="0" hai0="127,20,45,103,118,46,47,57,51,77,7,65,114" hai1="61,115,4,133,131,112,135,84,39,1,108,25,29" hai2="129,82,88,120,37,35,121,2,95,93,26,31,49" hai3="104,43,60,15,8,0,22,38,58,64,106,89,19"/><T53/><D114/><N who="1" m="43563" /><E39/><V36/><F2/><W23/><G38/><T48/><D118/><U100/><E61/><V110/><F36/><W14/><G43/><T101/><D127/><U70/><E70/><V126/><F37/><W116/><G116/><T107/><D65/><U21/><E100/><V67/><F126/><W34/><G34/><T41/><D7/><U130/><E84/><V71/><F110/><W96/><G0/><T10/><D10/><N who="1" m="2319" /><E108/><V9/><F9/><W33/><G33/><T119/><D119/><U109/><E109/><V81/><F93/><W73/><G73/><T132/><D107/><U63/><E63/><V91/><F129/><AGARI ba="0,0" hai="21,25,29,129,130,131,133,135" m="2319,43563" machi="129" ten="30,7700,0" yaku="19,1,11,1,34,2" doraHai="75" who="1" fromWho="2" sc="250,0,250,77,250,-77,250,0" /><INIT seed="1,0,0,5,3,107" ten="250,327,173,250" oya="1" hai0="69,103,109,95,30,6,35,38,34,20,2,55,122" hai1="29,113,4,70,67,75,134,119,25,54,94,8,18" hai2="44,65,97,33,72,129,123,53,88,82,127,21,87" hai3="42,23,37,86,102,106,1,124,125,121,26,27,0"/><U126/><E75/><V76/><F123/><W62/><G121/><T43/><D69/><U112/><E119/><V58/><F33/><W11/><G102/><T71/><D71/><U90/><E134/><V92/><F127/><N who="3" m="48715" /><G106/><T78/><D122/><U51/><E126/><V31/><F129/><W9/><G86/><T100/><D109/><U19/><E67/><V83/><F44/><N who="3" m="23631" /><G62/><T46/><D103/><U135/><E70/><V49/><F65/><W10/><G27/><T47/><D100/><U64/><E64/><V96/><REACH who="2" step="1"/><F83/><REACH who="2" ten="250,327,163,250" step="2"/><W120/><G120/><T17/><D47/><U93/><E135/><V36/><F36/><W91/><G91/><T50/><D38/><U81/><E81/><V117/><F117/><W111/><G111/><T130/><D130/><U89/><E89/><V115/><F115/><W39/><G39/><T99/><D46/><U98/><E113/><V63/><F63/><W59/><G59/><T15/><D35/><U41/><E112/><V74/><F74/><W80/><G80/><T7/><D34/><U73/><E73/><V5/><F5/><W14/><G0/><T84/><D2/><U61/><E4/><V48/><F48/><W118/><G1/><T104/><D6/><U28/><E51/><V45/><F45/><W3/><G118/><T131/><D131/><U128/><E128/><V52/><F52/><W79/><G3/><T32/><D7/><U101/><E54/><V24/><AGARI ba="0,1" hai="21,24,31,49,53,58,72,76,82,87,88,92,96,97" machi="24" ten="30,7900,0" yaku="1,1,0,1,52,1,54,1,53,0" doraHai="107" doraHaiUra="57" who="2" fromWho="2" sc="250,-20,327,-39,163,89,250,-20" /><INIT seed="2,0,0,3,0,82" ten="230,288,252,230" oya="2" hai0="85,72,18,128,71,84,135,132,92,97,69,133,50" hai1="62,130,127,79,29,105,104,111,53,110,37,121,118" hai2="39,81,3,108,100,115,2,42,45,6,83,56,27" hai3="101,112,99,95,76,58,103,113,21,31,98,126,24"/><V57/><F115/><N who="3" m="44107" /><G126/><T36/><D36/><U32/><E118/><V8/><F2/><W38/><G38/><T119/><D119/><U106/><E127/><V68/><F68/><N who="0" m="26186" /><D128/><U25/><E130/><V7/><F7/><W22/><G58/><T17/><D72/><U109/><E121/><V70/><F70/><W90/><G76/><T80/><D50/><U125/><E125/><V48/><F108/><W116/><G116/><T120/><D120/><U28/><E79/><V1/><F1/><W89/><G21/><T14/><D80/><U73/><E73/><V59/><F39/><W47/><G47/><T43/><D43/><U117/><E117/><V75/><F75/><W67/><G67/><T11/><D18/><U33/><E37/><V64/><F64/><W94/><AGARI ba="0,0" hai="22,24,31,89,90,94,95,98,99,101,103" m="44107" machi="94" ten="30,1100,0" yaku="11,1" doraHai="82" who="3" fromWho="3" sc="230,-3,288,-3,252,-5,230,11" /><INIT seed="3,0,0,0,3,59" ten="227,285,247,241" oya="3" hai0="71,99,112,84,134,57,51,66,121,95,48,127,62" hai1="129,103,117,113,104,86,4,83,16,73,64,42,7" hai2="107,37,47,45,85,114,96,125,94,55,56,91,31" hai3="118,132,3,89,87,97,65,133,100,44,14,115,63"/><W10/><G115/><T69/><D121/><U0/><E113/><V34/><F114/><W38/><G118/><T78/><D112/><U76/><E0/><V40/><F125/><W82/><G3/><T61/><D127/><U15/><E117/><V58/><F31/><W120/><G120/><T49/><D134/><N who="3" m="51817" /><G44/><T2/><D2/><U109/><E109/><V54/><F34/><W50/><G50/><T32/><D32/><U124/><E124/><V80/><F107/><N who="3" m="63887" /><G38/><T93/><D71/><U110/><E110/><V68/><F68/><N who="3" m="42047" /><G14/><T53/><REACH who="0" step="1"/><D99/><REACH who="0" ten="217,285,247,241" step="2"/><U108/><E108/><V135/><F135/><W24/><G24/><T60/><D60/><U19/><E15/><V106/><F96/><W12/><G12/><T77/><D77/><U74/><E76/><V126/><F126/><W11/><AGARI ba="0,1" hai="10,11,82,87,89" m="42047,63887,51817" machi="11" ten="30,3000,0" yaku="20,1,52,1" doraHai="59" who="3" fromWho="3" sc="217,-10,285,-10,247,-10,241,40" /><INIT seed="3,1,0,4,1,32" ten="207,275,237,281" oya="3" hai0="48,71,126,113,75,9,49,115,54,59,118,35,111" hai1="15,102,6,128,28,67,16,84,130,42,29,24,119" hai2="63,65,50,19,82,37,107,83,131,117,33,96,101" hai3="114,124,77,31,25,7,30,62,11,88,87,90,64"/><W69/><G114/><N who="0" m="43531" /><D75/><U121/><E121/><V73/><F37/><W4/><G124/><T44/><D9/><N who="1" m="4535" /><E102/><V100/><F117/><W72/><G72/><T1/><D35/><U123/><E67/><V60/><F131/><N who="1" m="50217" /><E42/><V27/><F101/><W52/><G77/><T10/><D118/><U36/><E36/><V18/><F63/><W3/><G4/><N who="0" m="1295" /><D126/><U21/><E84/><V39/><F39/><W74/><G74/><T26/><D26/><N who="1" m="14631" /><E119/><V41/><F73/><W110/><G110/><T0/><D111/><U81/><E81/><V53/><F41/><W14/><G90/><T104/><D104/><U94/><E94/><V43/><F43/><W40/><G40/><N who="0" m="24583" /><D71/><U129/><N who="1" m="50225" /><U2/><DORA hai="47" /><E123/><V22/><F83/><W23/><G69/><T134/><D0/><U97/><E97/><V99/><F82/><N who="3" m="49271" /><G3/><T45/><D134/><U34/><E2/><V125/><F125/><W92/><G92/><T57/><AGARI ba="1,0" hai="45,49,54,57,59" m="24583,1295,43531" machi="57" ten="30,7900,0" yaku="11,1,52,3" doraHai="32,47" who="0" fromWho="0" sc="207,82,275,-21,237,-21,281,-40" /><INIT seed="4,0,0,3,1,45" ten="289,254,216,241" oya="0" hai0="82,68,81,109,10,110,131,57,114,70,134,78,21" hai1="130,49,59,17,18,51,20,28,113,62,107,84,98" hai2="47,55,43,94,127,115,119,12,79,11,93,128,25" hai3="50,37,87,105,60,135,71,126,120,31,133,76,13"/><T117/><D117/><U89/><E130/><V118/><F128/><W52/><G120/><T129/><D114/><U74/><E74/><V111/><F111/><N who="0" m="42506" /><D134/><N who="3" m="51209" /><G37/><T44/><D57/><U19/><E113/><V102/><F115/><W73/><G105/><T35/><D35/><U104/><E98/><V27/><F79/><W123/><G126/><T41/><D21/><U125/><E125/><V66/><F66/><N who="3" m="41415" /><G31/><T64/><D10/><U69/><E69/><N who="0" m="26729" /><D64/><N who="1" m="39007" /><E107/><V15/><F127/><W112/><G112/><T1/><D1/><U14/><E104/><V103/><F47/><N who="3" m="27743" /><G13/><T124/><D124/><U54/><E28/><V56/><F56/><W38/><G38/><N who="0" m="21559" /><D82/><N who="1" m="49303" /><E54/><V122/><F55/><W132/><G132/><T77/><D77/><U83/><E14/><V7/><F11/><W75/><G123/><T100/><D100/><U53/><E53/><V2/><F122/><W29/><G29/><T48/><D131/><U30/><E30/><V85/><F2/><W97/><G97/><T106/><D106/><U40/><E20/><V46/><F46/><W22/><G22/><T90/><D129/><U5/><E40/><V24/><F43/><W91/><G76/><T6/><D78/><U99/><E99/><N who="2" m="59759" /><F12/><W58/><G58/><T80/><D90/><U32/><E32/><V34/><F34/><W9/><G9/><T95/><D81/><AGARI ba="0,0" hai="73,75,81,87,91" m="27743,41415,51209" machi="81" ten="30,3900,0" yaku="20,1,52,1,54,1" doraHai="45" who="3" fromWho="0" sc="289,-39,254,0,216,0,241,39" /><INIT seed="5,0,0,1,3,103" ten="250,254,216,280" oya="1" hai0="88,61,106,12,42,9,49,50,14,79,38,72,6" hai1="77,96,74,23,118,51,99,87,122,69,105,111,39" hai2="52,90,55,67,123,31,8,126,40,114,11,13,93" hai3="53,43,56,22,15,83,89,110,113,127,24,2,132"/><U63/><E118/><V119/><F119/><W98/><G113/><T16/><D106/><U26/><E122/><V32/><F123/><W120/><G110/><T29/><D29/><U107/><E39/><V82/><F114/><W130/><G2/><T133/><D133/><U34/><E34/><V109/><F109/><W102/><G120/><T1/><D61/><U97/><E111/><V76/><F126/><W30/><G132/><T45/><D88/><U60/><E74/><V66/><F40/><W59/><G130/><T94/><D94/><U116/><E116/><V84/><F8/><W81/><G43/><T47/><D47/><U0/><E0/><V35/><F35/><W7/><G89/><T101/><D101/><U134/><E51/><V20/><F32/><W37/><G37/><T91/><D91/><U92/><E134/><V36/><F36/><W46/><G46/><T135/><D135/><U27/><E92/><V64/><F20/><W18/><G7/><T125/><D125/><U33/><E33/><V129/><F31/><W86/><G127/><T112/><D112/><U58/><E69/><V95/><F95/><N who="3" m="58719" /><G86/><T100/><D100/><U71/><E71/><V117/><F129/><W19/><G30/><T54/><D54/><N who="1" m="33879" /><E63/><V121/><F121/><W108/><G108/><T21/><D12/><U115/><E115/><V48/><F117/><W70/><G70/><T104/><D104/><N who="1" m="40011" /><E23/><V5/><REACH who="2" step="1"/><F48/><REACH who="2" ten="250,254,206,280" step="2"/><N who="3" m="30759" /><G19/><T3/><D3/><U80/><E99/><AGARI ba="0,1" hai="5,11,13,52,55,64,66,67,76,82,84,90,93,99" machi="99" ten="40,5200,0" yaku="1,1,8,1,54,1,53,0" doraHai="103" doraHaiUra="68" who="2" fromWho="1" sc="250,0,254,-52,206,62,280,0" /><INIT seed="6,0,0,1,5,103" ten="250,202,268,280" oya="2" hai0="129,109,6,43,61,98,16,5,89,122,101,113,87" hai1="37,31,135,105,30,92,25,85,90,38,36,41,74" hai2="93,133,55,127,107,11,20,132,59,128,28,108,23" hai3="27,53,40,52,19,125,121,71,33,14,17,63,8"/><V4/><F107/><W82/><G121/><T3/><D122/><U117/><E117/><V68/><F68/><W47/><G125/><T54/><D109/><U13/><E135/><N who="2" m="51787" /><F127/><W58/><G71/><T119/><D119/><U39/><N who="1" m="9216" /><DORA hai="70" /><U95/><E74/><V66/><F108/><W7/><G82/><T111/><D111/><U84/><E105/><V62/><F128/><W22/><G33/><T76/><D76/><U118/><E118/><V9/><F28/><N who="3" m="17527" /><G40/><T18/><D129/><U10/><E41/><V134/><N who="2" m="51795" /><V104/><DORA hai="2" /><F104/><W35/><G35/><T32/><D32/><U80/><E25/><V51/><F11/><W69/><G69/><T1/><D43/><U126/><E126/><V42/><F93/><W12/><G12/><T46/><D1/><U96/><E92/><V29/><F29/><W97/><G97/><T24/><D3/><U124/><E124/><V21/><F42/><W67/><G47/><T44/><D44/><U106/><E106/><V26/><F26/><W88/><G88/><T94/><D46/><U86/><REACH who="1" step="1"/><E80/><REACH who="1" ten="250,192,268,280" step="2"/><V65/><F51/><W49/><G49/><T15/><D24/><U57/><E57/><V45/><F45/><W60/><G60/><T56/><D61/><U110/><E110/><V91/><F91/><W48/><G48/><T72/><D89/><U99/><E99/><V64/><F62/><W114/><G63/><T75/><D94/><U130/><E130/><V116/><F116/><W83/><G83/><T102/><D98/><U81/><E81/><V50/><F65/><W115/><G67/><RYUUKYOKU ba="0,1" sc="250,-15,192,15,268,15,280,-15" hai1="10,13,30,31,84,85,86,90,95,96" hai2="4,9,20,21,23,50,55,59,64,66" /><INIT seed="6,1,1,4,3,101" ten="235,207,283,265" oya="2" hai0="51,99,45,73,62,30,8,98,111,13,97,110,84" hai1="1,60,113,12,90,44,95,38,17,32,50,18,54" hai2="77,116,23,128,91,36,40,7,131,20,133,33,104" hai3="75,93,94,81,114,115,118,92,105,37,72,19,28"/><V47/><F104/><W70/><G118/><T124/><D73/><U123/><E1/><V64/><F116/><W83/><G37/><T5/><D124/><U76/><E32/><V106/><F106/><W16/><G70/><T65/><D84/><U117/><E117/><V26/><F133/><W52/><G28/><T14/><D14/><U125/><E125/><V109/><F109/><W55/><G94/><T86/><D86/><U74/><E113/><V108/><F108/><W59/><G59/><T100/><D30/><U31/><E38/><V126/><F126/><W122/><G105/><T25/><D25/><U29/><E123/><AGARI ba="1,1" hai="16,19,52,55,72,75,81,83,92,93,114,115,122,123" machi="123" ten="25,6400,0" yaku="22,2,54,2" doraHai="101" who="3" fromWho="1" sc="235,0,207,-67,283,0,265,77" owari="235,-16.5,140,-36.0,283,8.3,342,44.2" /></mjloggm>