<mjloggm ver="2.3"><GO type="225" lobby="0"/><UN n0="%4E%55%44%41" n1="%70%68%65%6E%6F%6D%65" n2="%E3%82%B3%E3%83%90%E3%83%AC%E3%82%A4" n3="%4C%4F%4C%49%54%41" dan="17,16,16,16" rate="2158.19,2197.82,2155.17,2106.44" sx="M,M,M,F"/><TAIKYOKU oya="0"/><INIT seed="0,0,0,5,3,118" ten="250,250,250,250" oya="0" hai0="129,113,38,96,56,108,8,16,66,84,21,87,52" hai1="76,28,26,68,115,67,112,135,55,32,86,11,99" hai2="123,125,59,49,1,36,92,39,83,107,42,90,25" hai3="6,54,73,97,69,105,131,20,75,124,27,80,72"/><T22/><D113/><N who="1" m="43595" /><E67/><V106/><F1/><W100/><G69/><T103/><D38/><U126/><E68/><V31/><F125/><W94/><G131/><T43/><D43/><U102/><E126/><V51/><F83/><W119/><G124/><T117/><D66/><U78/><E135/><V130/><F130/><W71/><G71/><T95/><D108/><U121/><E121/><V111/><F111/><W109/><G109/><T0/><D117/><U5/><E86/><N who="0" m="32809" /><D0/><N who="1" m="423" /><E55/><V63/><F39/><W14/><G119/><T60/><D129/><U64/><E64/><V37/><F37/><W30/><G54/><T101/><D101/><U88/><E88/><V9/><F36/><W35/><G105/><AGARI ba="0,0" hai="26,28,32,76,78,99,102,105" m="423,43595" machi="105" ten="30,1000,0" yaku="11,1" doraHai="118" who="1" fromWho="3" sc="250,0,250,10,250,0,250,-10" /><INIT seed="1,0,0,2,3,107" ten="250,260,250,240" oya="1" hai0="91,12,64,6,70,52,29,108,19,129,128,93,22" hai1="30,115,101,58,43,75,88,122,32,7,80,55,85" hai2="4,51,68,132,20,1,0,121,114,83,123,119,38" hai3="14,56,98,57,35,120,5,71,61,111,90,82,117"/><U34/><E115/><V50/><F38/><W103/><G120/><T73/><D108/><U2/><E122/><V25/><F68/><W27/><G111/><T86/><D29/><U40/><E101/><V37/><F37/><W8/><G117/><T26/><D73/><U99/><E99/><V113/><F83/><W47/><G47/><T110/><D110/><U13/><E2/><V109/><F119/><W81/><G90/><T130/><D52/><U31/><E30/><V94/><F109/><W46/><G46/><T87/><D87/><U16/><E7/><V33/><F33/><W49/><G35/><T76/><BYE who="1" /><D76/><U21/><E21/><V11/><F50/><UN n1="%70%68%65%6E%6F%6D%65" /><W105/><G27/><T48/><D48/><U124/><E75/><V44/><F1/><W23/><G23/><T3/><D3/><U89/><E89/><V100/><F121/><W92/><G105/><T65/><REACH who="0" step="1"/><D70/><REACH who="0" ten="240,260,250,240" step="2"/><U118/><E118/><V54/><F123/><W112/><G71/><T133/><D133/><U97/><E31/><V79/><F132/><W127/><G112/><T10/><AGARI ba="0,1" hai="6,10,12,19,22,26,64,65,86,91,93,128,129,130" machi="10" ten="40,5200,0" yaku="1,1,0,1,19,1,53,0" doraHai="107" doraHaiUra="72" who="0" fromWho="0" sc="240,62,260,-26,250,-13,240,-13" /><INIT seed="2,0,0,3,0,118" ten="302,234,237,227" oya="2" hai0="39,34,89,21,44,65,4,61,62,78,94,88,119" hai1="104,36,91,50,27,18,26,90,77,96,121,55,84" hai2="23,60,14,82,31,13,25,79,122,20,10,58,128" hai3="133,11,108,70,68,3,134,41,24,114,59,51,8"/><V73/><F128/><W93/><G108/><T129/><D34/><U1/><E36/><V7/><F122/><W97/><G114/><T135/><D119/><U95/><E1/><V85/><F73/><W83/><G83/><T111/><D111/><U115/><E115/><V126/><F126/><W47/><G24/><T56/><D129/><U5/><E5/><V52/><F23/><W120/><G120/><T130/><D130/><U105/><E77/><V131/><REACH who="2" step="1"/><F131/><REACH who="2" ten="302,234,227,227" step="2"/><W53/><G134/><T110/><D135/><U43/><E121/><V80/><F80/><W125/><G125/><T102/><D110/><U22/><E27/><V57/><F57/><W112/><G133/><T127/><D127/><U98/><E26/><V54/><F54/><W46/><G112/><T30/><D21/><U66/><E55/><V19/><F19/><W92/><G59/><T6/><D56/><U109/><E22/><V42/><F42/><W33/><G33/><T37/><D30/><U69/><E18/><V32/><F32/><W117/><G117/><T48/><D4/><U9/><E109/><V64/><F64/><W101/><G53/><T81/><D81/><N who="1" m="49423" /><E66/><V107/><F107/><W113/><G113/><T2/><D6/><U67/><E67/><V124/><F124/><W74/><G74/><T86/><D65/><U63/><E105/><V16/><F16/><W40/><G92/><T35/><D35/><U17/><E17/><V76/><F76/><W45/><G41/><T116/><D116/><U106/><E104/><V103/><F103/><W15/><G40/><T29/><D78/><RYUUKYOKU ba="0,1" sc="302,-10,234,-10,227,30,227,-10" hai2="7,10,13,14,20,25,31,52,58,60,79,82,85" /><INIT seed="2,1,1,4,4,69" ten="292,224,257,217" oya="2" hai0="29,109,42,124,57,105,91,103,32,6,60,26,62" hai1="63,59,24,110,22,81,56,130,5,78,121,47,20" hai2="66,48,86,9,94,101,70,92,55,82,76,122,97" hai3="45,34,132,14,58,79,54,83,52,96,104,119,41"/><V21/><F122/><W17/><G119/><T64/><D109/><U15/><E110/><V72/><F70/><W131/><G34/><T3/><D124/><U16/><E121/><V38/><F66/><W73/><G131/><T135/><D135/><U12/><E130/><V112/><F112/><W118/><G118/><T90/><D42/><U46/><E15/><V77/><F38/><W125/><G125/><T28/><D28/><U43/><E5/><V80/><F21/><W71/><G71/><N who="0" m="42375" /><D6/><U116/><E116/><V134/><F9/><W98/><G132/><T74/><D74/><U53/><E59/><V100/><F55/><W33/><G33/><T117/><D3/><U115/><E115/><V4/><F48/><W23/><G104/><T36/><D36/><U128/><E128/><V106/><F4/><W1/><G1/><T133/><D133/><U114/><E114/><V88/><F134/><W51/><REACH who="3" step="1"/><G54/><REACH who="3" ten="292,224,257,207" step="2"/><N who="0" m="34103" /><D117/><U123/><E123/><V8/><F8/><W75/><G75/><T85/><D85/><N who="1" m="48311" /><E43/><V129/><F129/><W111/><G111/><T44/><D44/><U67/><E53/><V2/><F2/><W87/><G87/><T89/><D89/><U127/><E127/><V113/><F113/><W40/><G40/><T0/><D0/><U37/><E37/><AGARI ba="1,2" hai="14,17,23,37,41,45,51,52,58,73,79,83,96,98" machi="37" ten="30,8000,1" yaku="1,1,7,1,52,1,54,1,53,1" doraHai="69" doraHaiUra="10" who="3" fromWho="1" sc="292,0,224,-83,257,0,207,103" /><INIT seed="3,0,0,2,0,48" ten="292,141,257,310" oya="3" hai0="63,42,23,11,113,73,60,41,116,45,98,46,87" hai1="18,78,104,10,119,13,0,26,97,68,44,70,106" hai2="38,96,80,134,125,133,101,4,111,33,126,65,56" hai3="24,19,28,35,14,123,130,109,37,112,53,5,85"/><W69/><G112/><T16/><D73/><U118/><E78/><V108/><F33/><W64/><G123/><T81/><D116/><U22/><E0/><V61/><F4/><W75/><G75/><T66/><D11/><U40/><E118/><V15/><F15/><W110/><G130/><T54/><D54/><U93/><E119/><V72/><F38/><W79/><G37/><T131/><D98/><U83/><E68/><V59/><F80/><N who="3" m="47263" /><G5/><T21/><D131/><U121/><E70/><V30/><F72/><W90/><G53/><T12/><D23/><U3/><E3/><V31/><F30/><W1/><G90/><N who="0" m="51567" /><D113/><U105/><E83/><V120/><F31/><W71/><G64/><T88/><D88/><U76/><E76/><V102/><F120/><W100/><G100/><T62/><D66/><U94/><E121/><V9/><F102/><W99/><G99/><T49/><D49/><U36/><REACH who="1" step="1"/><E97/><REACH who="1" ten="292,131,257,310" step="2"/><V122/><F122/><W129/><G1/><T117/><D117/><U124/><E124/><V32/><F126/><W17/><G71/><T91/><D91/><U2/><E2/><V8/><F125/><W52/><G69/><T50/><D50/><U7/><AGARI ba="0,1" hai="7,10,13,18,22,26,36,40,44,93,94,104,105,106" machi="7" ten="30,2000,0" yaku="1,1,0,1,53,0" doraHai="48" doraHaiUra="27" who="1" fromWho="1" sc="292,-5,131,30,257,-5,310,-10" owari="287,8.7,161,-33.9,252,-14.8,300,40.0" /></mjloggm>