<mjloggm ver="2.3"><GO type="225" lobby="0"/><UN n0="%E3%81%A8%E3%82%89%E3%81%84%E3%81%A1" n1="%E3%82%8F%E3%81%8B%E3%81%B0%2A%E3%82%AC%E3%83%BC%E3%83%AB" n2="%E3%81%95%E3%81%8D%E3%81%9F%E3%81%BE%E6%9E%97%E6%AA%8E" n3="%E3%82%A2%E3%83%9E%E3%83%9D%EF%BD%9E%EF%BD%9E%E3%83%A9" dan="16,16,16,17" rate="2123.40,2127.86,2132.11,2070.63" sx="M,M,M,M"/><TAIKYOKU oya="0"/><INIT seed="0,0,0,2,5,35" ten="250,250,250,250" oya="0" hai0="88,68,128,20,60,111,95,41,13,126,120,25,30" hai1="43,132,106,86,4,79,67,102,50,40,15,52,70" hai2="108,97,129,11,83,109,9,53,78,3,45,115,112" hai3="64,117,10,22,134,135,36,104,87,44,27,7,131"/><T116/><D116/><U57/><E132/><N who="3" m="50730" /><G117/><T123/><D128/><U84/><E106/><V75/><F129/><W33/><G64/><T124/><D41/><U42/><E102/><V63/><F97/><W47/><G33/><T18/><D111/><N who="2" m="42570" /><F63/><W6/><G104/><T94/><D68/><U32/><E32/><V62/><F62/><W48/><G131/><T59/><D95/><U16/><E4/><N who="3" m="1578" /><G10/><N who="2" m="3593" /><F3/><W23/><G87/><N who="0" m="52511" /><D60/><N who="1" m="38287" /><E70/><V122/><F122/><W80/><G80/><T110/><D110/><U85/><E79/><V71/><F71/><W81/><G81/><T103/><D103/><U118/><E118/><V12/><F12/><W37/><G48/><AGARI ba="0,0" hai="45,48,53,75,78,83,112,115" m="3593,42570" machi="48" ten="30,1000,0" yaku="14,1" doraHai="35" who="2" fromWho="3" sc="250,0,250,0,250,10,250,-10" /><INIT seed="1,0,0,0,2,56" ten="250,250,260,240" oya="1" hai0="76,118,111,40,124,116,52,126,132,131,58,130,27" hai1="6,135,123,99,7,87,85,121,90,64,31,37,47" hai2="112,91,5,105,15,16,4,67,104,23,71,33,3" hai3="45,83,59,38,48,19,21,88,50,109,103,63,61"/><U20/><E135/><V82/><F33/><W28/><G109/><T0/><D0/><U92/><E121/><V97/><F112/><W77/><G103/><T68/><D76/><U110/><E110/><V54/><F3/><W101/><G101/><T108/><D27/><N who="1" m="16871" /><E37/><V120/><F120/><W39/><G28/><T66/><D40/><U73/><E73/><V128/><F128/><N who="0" m="49194" /><D66/><U1/><E1/><V49/><F105/><W36/><G59/><T25/><D25/><U79/><E123/><V93/><F104/><W69/><G69/><T14/><D14/><U107/><E107/><V119/><F119/><N who="0" m="45610" /><D68/><U44/><E64/><V13/><F13/><W17/><G17/><T60/><D132/><U32/><E32/><V29/><F29/><W95/><G83/><T9/><D9/><U11/><E11/><V10/><F23/><W12/><G77/><T125/><AGARI ba="0,0" hai="52,58,60,108,111,124,125,126" m="45610,49194" machi="125" ten="40,12000,2" yaku="18,1,19,1,34,2,52,1,54,1" doraHai="56" who="0" fromWho="0" sc="250,120,250,-60,260,-30,240,-30" /><INIT seed="2,0,0,1,4,75" ten="370,190,230,210" oya="2" hai0="53,13,77,31,30,64,4,3,127,65,5,52,111" hai1="126,134,109,61,49,27,79,43,14,128,82,37,114" hai2="85,86,72,67,90,9,22,132,56,71,100,47,45" hai3="130,42,101,98,70,32,84,116,93,81,68,110,83"/><V97/><F71/><W125/><G116/><T88/><D111/><U69/><E114/><V73/><F132/><W17/><G110/><T54/><D127/><U40/><E109/><V1/><F1/><W24/><G125/><T92/><D3/><U57/><E126/><V133/><F133/><W36/><G130/><T102/><D102/><U48/><E128/><V39/><F39/><W112/><G83/><T91/><D77/><U60/><E37/><V113/><F113/><W122/><G122/><T76/><D76/><U123/><E123/><V33/><F33/><W8/><G32/><T16/><D91/><U107/><E107/><V103/><F9/><W7/><G112/><T10/><D64/><U41/><E134/><V63/><F73/><W129/><G129/><T35/><D65/><U119/><E119/><V106/><F72/><W26/><G42/><T51/><D51/><U94/><E27/><V120/><F120/><W96/><G96/><N who="0" m="57351" /><D35/><U99/><E14/><V44/><F103/><W66/><G36/><T21/><D21/><U78/><E69/><V104/><F104/><W15/><G70/><T121/><D121/><U19/><E82/><V135/><F135/><W115/><G115/><T58/><D58/><U108/><E108/><V6/><F6/><AGARI ba="0,0" hai="4,5,6,10,13,16,30,31,52,53,54" m="57351" machi="6" ten="30,7700,0" yaku="8,1,54,3" doraHai="75" who="0" fromWho="2" sc="370,77,190,0,230,-77,210,0" /><INIT seed="3,0,0,3,1,103" ten="447,190,153,210" oya="3" hai0="29,119,6,5,54,95,69,111,68,94,135,133,56" hai1="62,104,88,100,82,89,90,23,61,77,3,50,126" hai2="34,63,51,57,67,64,52,71,60,108,8,112,11" hai3="41,32,45,7,31,24,81,36,21,128,117,91,37"/><W116/><G128/><T0/><D119/><U26/><E3/><V42/><F34/><W96/><G37/><T85/><D29/><N who="1" m="17631" /><E104/><V113/><F11/><W38/><G38/><T105/><D105/><U70/><E70/><N who="2" m="42247" /><F8/><W120/><G7/><T66/><D94/><U110/><E110/><V79/><F79/><W114/><G114/><N who="2" m="44137" /><F42/><W99/><G32/><T75/><D56/><U134/><E134/><V58/><F108/><W97/><G120/><T35/><D54/><U115/><E115/><V2/><F2/><W28/><G28/><T131/><D131/><U87/><E126/><V12/><F12/><W122/><G122/><T55/><D85/><U80/><E100/><V46/><AGARI ba="0,0" hai="46,51,52,57,58,63,67,71" m="44137,42247" machi="46" ten="30,4000,0" yaku="34,2,54,1" doraHai="103" who="2" fromWho="2" sc="447,-10,190,-10,153,40,210,-20" owari="437,53.7,180,-32.0,193,-0.7,190,-21.0" /></mjloggm>