<mjloggm ver="2.3"><GO type="225" lobby="0"/><UN n0="%72%65%6E%6B%75%6E" n1="%E3%83%96%E3%83%83%E3%83%91%E3%82%AA%E3%83%96%E3%83%81%E3%82%AD%E3%83%B3" n2="%E3%82%BC%E3%83%AB%E3%83%80%E3%81%AE%E4%BC%9D%E8%AA%AC" n3="%E6%9D%B1%E9%A2%A8%E3%81%AE%E3%81%8D%E3%82%83%E3%81%B7%E3%81%95%E3%82%93" dan="17,16,17,16" rate="2162.48,2176.15,2112.98,2196.53" sx="M,M,M,M"/><TAIKYOKU oya="0"/><INIT seed="0,0,0,0,4,39" ten="250,250,250,250" oya="0" hai0="123,7,44,72,31,70,8,78,55,24,120,104,19" hai1="109,41,3,135,23,93,82,56,91,88,130,42,75" hai2="69,49,37,119,34,4,48,64,97,100,29,53,25" hai3="116,11,2,103,102,1,46,84,45,43,125,122,74"/><T133/><D70/><U36/><E36/><V10/><F119/><W114/><G74/><T121/><D104/><U67/><E3/><V107/><F37/><W81/><G46/><T63/><D133/><U9/><E135/><V86/><F86/><W12/><G116/><T66/><D19/><U131/><E9/><V65/><F53/><W21/><G21/><T17/><D17/><U115/><E115/><V132/><F132/><W38/><G114/><T28/><D66/><U51/><E109/><V27/><F27/><W61/><G61/><T47/><D78/><N who="1" m="44383" /><E23/><V126/><F126/><W26/><G26/><T134/><D72/><U95/><E67/><V32/><F32/><W111/><G125/><T83/><D83/><U33/><E33/><V77/><F77/><W71/><G71/><T90/><D90/><N who="1" m="34347" /><E56/><V15/><REACH who="2" step="1"/><F64/><REACH who="2" ten="250,250,240,250" step="2"/><W105/><G111/><T89/><D134/><U113/><E113/><V85/><F85/><W98/><G122/><T40/><D24/><U99/><E51/><V79/><F79/><W5/><G102/><T50/><D89/><AGARI ba="0,1" hai="1,2,5,11,12,38,43,45,81,84,89,98,103,105" machi="89" ten="30,2000,0" yaku="7,1,52,1" doraHai="39" who="3" fromWho="0" sc="250,-20,250,0,240,0,250,30" /><INIT seed="1,0,0,1,1,23" ten="230,250,240,280" oya="1" hai0="86,5,80,68,78,77,69,130,6,132,114,12,45" hai1="104,125,35,126,123,116,90,14,113,7,43,70,103" hai2="8,119,100,105,28,109,44,21,34,54,111,76,42" hai3="91,4,72,50,88,46,121,122,93,124,24,102,106"/><U3/><E113/><V55/><F119/><W133/><G72/><T75/><D114/><U120/><E116/><V29/><F34/><W15/><G106/><T31/><D132/><U63/><E35/><V108/><F76/><W65/><G65/><T129/><D31/><N who="2" m="11850" /><F21/><W17/><G133/><T82/><D45/><U96/><E43/><V38/><F8/><N who="3" m="4487" /><G124/><N who="1" m="47722" /><E14/><V57/><F57/><W51/><G122/><N who="1" m="46634" /><E90/><N who="3" m="34346" /><G121/><T22/><D5/><U115/><E115/><V47/><F47/><W67/><G67/><T62/><D62/><U92/><E63/><V98/><AGARI ba="0,0" hai="38,42,44,54,55,98,100,105,108,109,111" m="11850" machi="98" ten="40,1500,0" yaku="14,1" doraHai="23" who="2" fromWho="2" sc="230,-4,250,-7,240,15,280,-4" /><INIT seed="2,0,0,2,2,7" ten="226,243,255,276" oya="2" hai0="3,101,109,11,45,131,10,95,124,93,78,65,81" hai1="125,111,80,97,114,121,119,88,110,117,9,6,64" hai2="83,106,38,34,23,31,36,116,24,32,75,82,5" hai3="76,103,132,104,107,41,102,57,87,123,77,89,30"/><V92/><F116/><W69/><G57/><T59/><D3/><U112/><E64/><V22/><F106/><N who="3" m="40491" /><G30/><T46/><D109/><N who="1" m="41483" /><E125/><V43/><F92/><N who="0" m="35402" /><D124/><U0/><E97/><V62/><F62/><W122/><G41/><T50/><D101/><N who="3" m="38409" /><G69/><T120/><D120/><N who="3" m="46121" /><G132/><T33/><D131/><U99/><E121/><V79/><F23/><W60/><G60/><N who="0" m="38047" /><D33/><U63/><E63/><V26/><F43/><W68/><G68/><T1/><D1/><U48/><E48/><V16/><F32/><W90/><G87/><N who="0" m="48567" /><D45/><U35/><E35/><V61/><F61/><W85/><G85/><T21/><D21/><U56/><E56/><V100/><F38/><W37/><G37/><T54/><AGARI ba="0,0" hai="10,11,46,50,54" m="48567,38047,35402" machi="54" ten="30,4000,0" yaku="8,1,52,2" doraHai="7" who="0" fromWho="0" sc="226,40,243,-10,255,-20,276,-10" /><INIT seed="3,0,0,4,1,103" ten="266,233,235,266" oya="3" hai0="57,109,29,122,91,132,115,113,117,48,27,46,121" hai1="92,69,126,26,70,11,74,89,77,124,131,102,125" hai2="79,128,35,38,76,37,85,4,16,20,41,55,40" hai3="8,50,72,110,51,64,3,21,23,17,14,60,87"/><W6/><G72/><T65/><D117/><U71/><E131/><V78/><F35/><W24/><G87/><T100/><D100/><U81/><E11/><V80/><F128/><W19/><REACH who="3" step="1"/><G110/><REACH who="3" ten="266,233,235,256" step="2"/><T84/><D109/><U130/><E130/><V134/><F134/><W101/><G101/><T97/><D132/><U119/><E119/><V93/><F85/><W105/><G105/><T34/><D84/><N who="1" m="52263" /><E102/><V66/><F78/><W53/><G53/><N who="0" m="29847" /><D91/><U61/><E26/><V83/><F55/><W52/><G52/><T104/><D104/><U10/><E10/><V86/><F79/><W15/><G15/><T44/><D97/><U45/><E45/><V9/><F76/><W39/><G39/><T22/><D44/><U114/><E114/><N who="0" m="43529" /><D34/><U135/><E135/><V5/><F38/><W118/><G118/><T111/><D111/><U54/><E54/><V116/><F37/><W98/><G98/><T33/><D33/><U47/><E47/><V120/><F116/><W68/><AGARI ba="0,1" hai="3,6,8,14,17,19,21,23,24,50,51,60,64,68" machi="68" ten="20,3900,0" yaku="1,1,0,1,7,1,53,0" doraHai="103" doraHaiUra="94" who="3" fromWho="3" sc="266,-13,233,-13,235,-13,256,49" owari="253,5.3,220,-28.0,222,-17.8,305,40.5" /></mjloggm>