<mjloggm ver="2.3"><GO type="225" lobby="0"/><UN n0="%E4%BF%BA%E3%81%A8%E5%A6%96%E5%A4%A2" n1="%E3%83%94%E3%83%B3%E3%82%B5%E3%83%AD%E5%BA%97%E5%93%A1" n2="%E3%81%AF%E3%82%88%E3%81%8A%E3%81%98%E3%81%95%E3%82%93" n3="%E3%83%A9%E3%82%A4%E3%83%B3%E3%81%AE%E8%99%8E" dan="16,17,17,16" rate="2192.84,2292.09,2145.73,2110.13" sx="F,M,M,M"/><TAIKYOKU oya="0"/><INIT seed="0,0,0,5,3,9" ten="250,250,250,250" oya="0" hai0="125,75,57,114,82,105,40,113,32,63,31,100,133" hai1="81,131,54,94,5,121,19,53,58,24,107,37,124" hai2="12,7,76,67,34,135,118,129,119,64,3,77,26" hai3="51,39,87,98,52,130,86,134,123,61,108,17,80"/><T20/><D133/><U111/><E107/><V48/><F3/><W96/><G134/><T15/><D125/><U44/><E121/><V68/><F135/><W101/><G108/><T10/><D32/><U97/><E111/><V74/><F129/><W106/><G130/><T45/><D100/><U50/><E131/><V8/><F48/><W122/><G39/><T102/><D102/><U27/><E124/><V79/><F74/><W62/><G98/><T91/><D105/><U95/><E5/><V25/><F68/><W2/><G2/><T120/><D20/><U115/><E115/><V71/><F71/><W128/><G128/><T23/><D23/><U78/><E19/><V99/><F99/><W83/><G17/><T56/><D31/><U46/><E37/><V6/><F7/><W66/><G86/><N who="0" m="50647" /><D75/><U18/><E18/><V0/><F0/><W43/><G83/><T22/><D22/><U21/><E21/><V1/><F1/><W4/><G4/><N who="0" m="3527" /><D120/><U28/><E28/><N who="2" m="19727" /><F26/><N who="1" m="9769" /><E97/><V30/><F30/><W72/><G72/><T35/><D35/><U89/><E78/><N who="2" m="19971" /><V104/><DORA hai="41" /><F104/><W49/><G122/><T126/><D126/><U60/><E46/><V127/><F127/><W13/><G123/><T90/><D56/><U11/><E11/><V36/><F36/><W59/><G59/><T47/><D47/><U84/><AGARI ba="0,0" hai="44,50,53,54,58,60,81,84,89,94,95" m="9769" machi="84" ten="30,2000,0" yaku="8,1,52,1" doraHai="9,41" who="1" fromWho="1" sc="250,-10,250,20,250,-5,250,-5" /><INIT seed="1,0,0,4,2,8" ten="240,270,245,245" oya="1" hai0="116,27,6,90,109,73,84,132,130,55,134,95,135" hai1="59,22,0,104,131,81,33,1,12,45,41,106,34" hai2="60,50,37,79,32,58,24,44,47,28,93,80,64" hai3="105,72,23,4,98,92,54,75,119,78,14,83,121"/><U57/><E81/><V100/><F37/><W91/><G121/><T16/><D116/><U25/><E131/><V94/><F100/><W66/><G119/><T112/><D112/><U71/><E71/><V88/><F44/><W133/><G133/><T67/><D73/><U82/><E82/><V128/><F128/><W7/><G75/><T63/><D130/><U126/><E126/><V31/><F31/><W3/><G3/><T52/><D6/><U115/><E115/><V87/><REACH who="2" step="1"/><F79/><REACH who="2" ten="240,270,235,245" step="2"/><W62/><G105/><T21/><REACH who="0" step="1"/><D109/><REACH who="0" ten="230,270,235,245" step="2"/><U42/><E106/><V29/><F29/><W15/><G78/><T118/><D118/><U30/><E104/><V127/><F127/><W56/><G72/><T122/><D122/><U69/><E30/><V123/><F123/><W2/><G2/><T103/><D103/><U53/><E0/><V70/><F70/><AGARI ba="0,2" hai="16,21,27,52,55,63,67,70,84,90,95,132,134,135" machi="70" ten="40,8000,1" yaku="1,1,20,1,54,2,53,0" doraHai="8" doraHaiUra="46" who="0" fromWho="2" sc="230,100,270,0,235,-80,245,0" /><INIT seed="2,0,0,0,2,104" ten="330,270,155,245" oya="2" hai0="26,86,76,44,56,94,38,25,101,77,3,78,63" hai1="114,120,119,39,88,69,32,53,54,75,135,59,130" hai2="28,84,79,91,23,65,60,92,116,133,30,124,21" hai3="6,126,106,111,47,14,46,41,110,103,61,43,31"/><V108/><F116/><W1/><G1/><T118/><D3/><U34/><RYUUKYOKU type="yao9" ba="0,0" sc="330,0,270,0,155,0,245,0" hai1="32,34,39,53,54,59,69,75,88,114,119,120,130,135" /><INIT seed="2,1,0,5,3,68" ten="330,270,155,245" oya="2" hai0="37,7,81,80,75,25,78,5,65,55,72,54,13" hai1="22,14,129,33,9,85,62,24,30,119,16,84,41" hai2="27,11,29,94,20,52,71,135,113,70,47,43,117" hai3="36,93,98,57,126,86,10,40,118,73,76,46,112"/><V18/><F113/><W8/><G118/><T12/><D65/><U107/><E119/><V19/><F117/><W134/><G112/><T28/><D25/><U0/><E129/><V69/><F135/><W123/><G123/><T53/><D28/><U125/><E125/><V88/><F11/><W49/><G126/><T132/><D132/><U31/><E107/><V48/><REACH who="2" step="1"/><F43/><REACH who="2" ten="330,270,145,245" step="2"/><W114/><G114/><T45/><D5/><N who="1" m="1191" /><E41/><V103/><F103/><W35/><G8/><T3/><D7/><U106/><E106/><V64/><F64/><W111/><G10/><T1/><D1/><U115/><E115/><V99/><AGARI ba="1,1" hai="18,19,20,27,29,47,48,52,69,70,71,88,94,99" machi="99" ten="30,11700,0" yaku="1,1,0,1,54,2,53,0" doraHai="68" doraHaiUra="105" who="2" fromWho="2" sc="330,-40,270,-40,145,130,245,-40" /><INIT seed="2,2,0,2,0,48" ten="290,230,275,205" oya="2" hai0="56,41,11,66,122,83,90,111,125,16,106,67,95" hai1="14,127,18,132,31,113,2,117,1,75,39,91,93" hai2="38,43,68,29,52,133,115,86,61,123,128,73,85" hai3="82,116,112,17,55,88,27,76,87,24,9,54,65"/><V129/><F115/><W28/><G116/><T114/><D114/><U22/><E113/><V69/><F123/><W7/><G112/><T42/><D122/><U77/><E117/><V100/><F73/><W84/><G65/><T3/><D106/><U20/><E39/><V44/><F100/><W32/><G17/><T92/><D111/><U104/><E104/><V108/><F29/><W131/><G131/><N who="2" m="50249" /><F108/><W80/><REACH who="3" step="1"/><G27/><REACH who="3" ten="290,230,275,195" step="2"/><T105/><D67/><U107/><E18/><V120/><F120/><W0/><AGARI ba="2,1" hai="0,7,9,24,28,32,54,55,76,80,82,84,87,88" machi="0" ten="20,16000,3" yaku="1,1,2,1,0,1,7,1,52,2,54,1,53,1" doraHai="48" doraHaiUra="72" who="3" fromWho="3" sc="290,-42,230,-42,275,-82,195,176" /><INIT seed="3,0,0,0,3,119" ten="248,188,193,371" oya="3" hai0="32,72,34,35,82,33,11,43,55,84,91,2,8" hai1="100,81,17,20,37,58,36,127,9,16,130,118,31" hai2="48,74,21,103,27,60,56,50,46,23,92,44,123" hai3="54,59,97,63,114,108,79,62,117,49,40,120,133"/><W29/><G120/><T30/><D43/><U5/><E118/><V68/><F74/><W3/><G3/><T131/><D131/><U73/><E130/><V115/><F68/><W67/><G79/><T129/><D129/><U1/><E100/><V51/><F115/><W98/><G133/><T109/><D109/><U38/><E127/><V110/><F123/><W61/><G29/><T78/><D2/><U99/><E99/><N who="2" m="59879" /><F110/><W25/><G25/><T69/><D69/><U66/><E31/><N who="2" m="17903" /><F23/><W53/><G40/><T112/><D30/><U104/><E104/><V88/><F88/><W70/><G97/><T41/><D41/><U135/><E135/><V39/><F39/><W57/><G98/><T12/><D12/><U125/><E125/><V126/><F126/><W42/><G108/><T71/><D71/><U4/><E4/><V106/><F106/><W47/><G114/><T102/><D102/><U111/><E111/><V15/><F15/><W26/><G26/><T96/><D35/><U22/><E73/><V86/><F86/><W0/><G0/><T85/><D85/><U6/><E6/><V80/><F80/><W77/><G77/><T113/><D96/><U28/><E81/><V95/><F95/><W94/><G94/><T83/><D112/><U107/><E107/><V76/><F76/><W13/><G13/><T52/><D113/><U89/><E89/><V18/><F18/><N who="1" m="7273" /><E28/><V7/><F7/><W19/><G19/><T105/><D105/><U45/><E45/><V24/><F24/><W132/><G132/><T14/><D14/><U10/><E10/><AGARI ba="0,0" hai="8,10,11,32,33,34,52,55,72,78,82,83,84,91" machi="10" ten="40,2600,0" yaku="6,1,54,1" doraHai="119" who="0" fromWho="1" sc="248,26,188,-26,193,0,371,0" owari="274,7.4,162,-33.8,193,-20.7,371,47.1" /></mjloggm>