<mjloggm ver="2.3"><GO type="225" lobby="0"/><UN n0="%E3%83%81%E3%83%83%E3%82%BF%E3%82%BD%E3%83%BC" n1="%4B%2E%32%2E%4B%2E" n2="%E3%81%BF%E3%81%BF%E3%81%9A" n3="%E8%BE%9B%E5%8F%A3%E3%82%AB%E3%83%AC%E3%83%BC%E3%83%A9%E3%82%A4%E3%82%B9" dan="16,16,17,16" rate="2182.82,2158.60,2204.65,2175.15" sx="F,M,M,M"/><TAIKYOKU oya="0"/><INIT seed="0,0,0,0,4,35" ten="250,250,250,250" oya="0" hai0="80,74,109,27,34,45,120,93,86,111,72,117,42" hai1="102,134,66,23,41,70,100,50,18,19,39,90,4" hai2="71,0,17,84,53,38,21,9,10,97,127,125,76" hai3="107,22,108,62,94,91,15,6,26,56,73,82,67"/><T119/><D120/><U103/><E39/><V64/><F38/><W121/><G107/><T13/><D93/><U2/><E134/><V92/><F53/><W58/><G108/><N who="0" m="41547" /><D13/><U12/><E70/><V48/><F48/><W61/><G121/><T118/><D27/><U37/><E37/><V5/><F64/><W135/><G135/><T133/><D34/><U88/><E66/><V75/><F71/><W31/><G73/><N who="0" m="28267" /><D133/><U60/><E19/><V3/><F75/><W98/><G82/><T32/><D32/><U14/><E14/><V101/><F76/><W25/><G25/><T129/><D129/><U30/><E30/><V130/><F84/><W115/><G115/><T116/><N who="0" m="29696" /><DORA hai="113" /><T44/><D42/><U57/><E41/><V95/><F130/><W68/><G15/><T105/><D105/><U51/><E103/><V85/><F95/><W128/><G128/><T20/><D20/><U29/><E102/><V123/><F123/><W110/><G110/><T79/><AGARI ba="0,0" hai="44,45,79,80,86" m="29696,28267,41547" machi="79" ten="70,18000,2" yaku="14,1,10,1,52,4" doraHai="35,113" who="0" fromWho="0" sc="250,180,250,-60,250,-60,250,-60" /><INIT seed="0,1,0,4,2,4" ten="430,190,190,190" oya="0" hai0="67,68,8,92,62,12,24,74,2,116,59,47,112" hai1="72,10,80,123,77,84,122,66,28,126,21,94,130" hai2="113,118,90,11,36,120,60,54,109,42,97,35,73" hai3="106,13,16,98,82,85,0,70,101,55,64,48,125"/><T93/><D112/><U23/><E126/><V129/><F73/><W45/><G125/><T110/><D116/><U127/><E127/><V61/><F35/><W34/><G34/><T124/><D124/><U53/><E130/><V26/><F120/><W3/><G64/><T115/><D115/><U78/><E66/><V31/><F113/><W95/><G70/><T71/><D2/><U63/><E78/><V102/><F118/><W15/><G15/><T6/><D74/><U111/><E111/><V81/><F109/><W114/><G106/><T132/><D132/><U14/><E72/><V83/><F36/><W99/><G99/><T69/><D110/><U65/><E94/><N who="2" m="58679" /><F42/><W19/><G19/><T46/><REACH who="0" step="1"/><D24/><REACH who="0" ten="420,190,190,190" step="2"/><U108/><E108/><V49/><F129/><W30/><G114/><T134/><D134/><U75/><E75/><V43/><F26/><W9/><REACH who="3" step="1"/><G30/><REACH who="3" ten="420,190,190,180" step="2"/><T20/><D20/><U57/><E23/><V50/><F31/><W119/><G119/><T86/><D86/><U121/><E21/><V104/><F104/><W91/><AGARI ba="1,2" hai="0,3,9,13,16,45,48,55,82,85,91,95,98,101" machi="91" ten="20,16000,3" yaku="1,1,0,1,7,1,25,2,52,1,54,1,53,1" doraHai="4" doraHaiUra="88" who="3" fromWho="3" sc="420,-81,190,-41,190,-41,180,183" /><INIT seed="1,0,0,0,3,52" ten="339,149,149,363" oya="1" hai0="106,109,27,59,26,91,38,88,78,10,131,66,111" hai1="9,92,70,53,93,76,19,23,55,125,82,7,77" hai2="69,47,0,79,84,39,80,126,50,16,97,134,117" hai3="58,110,1,24,17,42,86,116,68,103,40,73,36"/><U30/><E70/><V81/><F117/><W89/><G68/><T64/><D131/><U60/><E125/><V90/><F126/><W127/><G127/><T102/><D38/><U132/><E132/><V121/><F121/><W114/><G114/><T41/><D41/><U71/><E30/><V74/><F134/><W2/><G73/><T18/><D78/><N who="1" m="30315" /><E71/><V99/><F39/><W3/><G110/><N who="0" m="41995" /><D102/><U135/><E135/><V29/><F0/><W51/><G103/><T20/><D106/><U22/><E82/><V112/><F112/><W107/><G107/><T46/><D46/><U83/><E83/><V94/><F29/><W21/><G116/><T105/><D105/><U124/><E124/><V113/><F113/><W119/><G119/><T31/><D66/><U129/><E129/><V104/><F69/><W15/><G36/><T133/><D133/><U100/><E92/><V32/><F32/><W4/><G42/><T67/><D67/><U63/><E7/><V85/><F104/><W56/><G4/><T57/><D64/><U45/><E9/><V128/><F128/><W12/><G40/><T123/><D123/><U6/><E6/><V44/><F16/><W11/><G51/><T115/><D115/><U34/><E34/><V25/><F25/><W95/><REACH who="3" step="1"/><G11/><REACH who="3" ten="339,149,149,353" step="2"/><T37/><D37/><U118/><E118/><V48/><F48/><W101/><G101/><T75/><D75/><U120/><E120/><V43/><F44/><W35/><G35/><N who="0" m="20983" /><D10/><U49/><E45/><V65/><F65/><W87/><G87/><T98/><D98/><N who="2" m="37386" /><F74/><W72/><G72/><RYUUKYOKU ba="0,1" sc="339,10,149,-30,149,10,353,10" hai0="18,20,27,57,59,88,91" hai2="43,47,50,79,80,81,84,85,90,94" hai3="1,2,3,12,15,17,21,24,56,58,86,89,95" /><INIT seed="2,1,1,5,0,24" ten="349,119,159,363" oya="2" hai0="60,50,103,129,0,34,128,79,19,41,88,92,2" hai1="76,109,90,89,98,131,72,44,29,26,48,57,113" hai2="94,101,1,11,108,4,18,86,70,40,123,52,121" hai3="28,31,112,82,21,15,85,104,55,124,81,54,114"/><V74/><F74/><W117/><G117/><T135/><D135/><U59/><E113/><N who="3" m="43626" /><G104/><T122/><D122/><U93/><E109/><V75/><F75/><W68/><G68/><T77/><D103/><U9/><E131/><N who="0" m="50249" /><D34/><U35/><E89/><V64/><F40/><W10/><G124/><T132/><D132/><U3/><E76/><N who="0" m="29257" /><D60/><U97/><E97/><V22/><F108/><W95/><G95/><T71/><D71/><U126/><E72/><V111/><F111/><W80/><G85/><N who="0" m="52239" /><D19/><U100/><E100/><V120/><F70/><W61/><G21/><T73/><D73/><U42/><REACH who="1" step="1"/><E126/><REACH who="1" ten="349,109,159,363" step="2"/><V110/><F101/><W38/><G82/><T5/><D5/><AGARI ba="1,2" hai="3,5,9,26,29,35,42,44,48,57,59,90,93,98" machi="5" ten="40,5200,0" yaku="1,1,2,1,52,1,53,0" doraHai="24" doraHaiUra="8" who="1" fromWho="0" sc="349,-55,109,75,159,0,363,0" /><INIT seed="3,0,0,3,4,111" ten="294,184,159,363" oya="3" hai0="51,91,134,1,34,43,33,5,97,109,42,52,103" hai1="88,0,45,2,37,62,126,115,59,54,125,129,68" hai2="47,80,75,114,74,26,24,78,18,107,70,44,130" hai3="123,69,77,65,3,36,110,73,63,104,105,38,86"/><W25/><G123/><T135/><D109/><U106/><E115/><V122/><F107/><W41/><G86/><T49/><D91/><U22/><E106/><N who="3" m="41066" /><G41/><T87/><D87/><U20/><E129/><V133/><F70/><W127/><G110/><T89/><D89/><U58/><E68/><V53/><F122/><W96/><G96/><T79/><D5/><U116/><E116/><V60/><F133/><W17/><G17/><T64/><D64/><U92/><E2/><V121/><F121/><W23/><G23/><T9/><D9/><U39/><E0/><V55/><F18/><W30/><G3/><T118/><D1/><U120/><E120/><V108/><F108/><W27/><G27/><T35/><D79/><U8/><E8/><V85/><F85/><W72/><G127/><N who="1" m="48650" /><E37/><N who="3" m="14442" /><G77/><T15/><D15/><U48/><E39/><V31/><F130/><W117/><G117/><T101/><D35/><U21/><E62/><V11/><F11/><W81/><G81/><T93/><D118/><U13/><E13/><V124/><F124/><W4/><G4/><T7/><D7/><U61/><E61/><V84/><F114/><W113/><G113/><T112/><D97/><AGARI ba="0,0" hai="20,21,22,45,48,54,58,59,88,92,97" m="48650" machi="97" ten="30,2000,0" yaku="18,1,54,1" doraHai="111" who="1" fromWho="0" sc="294,-20,184,20,159,0,363,0" owari="274,7.4,204,-19.6,159,-34.1,363,46.3" /></mjloggm>