<mjloggm ver="2.3"><GO type="225" lobby="0"/><UN n0="%E3%82%A2%E3%83%9E%E3%83%9D%EF%BD%9E%EF%BD%9E%E3%83%A9" n1="%E3%81%BE%E3%81%A8%E3%81%9F" n2="%E5%91%A8%E6%9D%B1" n3="%70%6E%64%73%6E%67" dan="17,16,16,16" rate="2097.35,2094.26,2137.02,2105.11" sx="M,M,M,M"/><TAIKYOKU oya="0"/><INIT seed="0,0,0,1,4,132" ten="250,250,250,250" oya="0" hai0="56,54,108,55,63,104,120,105,125,17,102,16,135" hai1="99,107,118,61,12,76,101,25,2,44,93,47,70" hai2="52,30,39,38,40,32,97,4,29,10,74,0,115" hai3="15,37,60,5,77,71,85,36,28,23,64,45,11"/><T57/><D135/><U91/><E2/><V117/><F115/><W130/><G130/><T114/><D114/><U59/><E70/><V3/><F117/><W116/><G116/><T123/><D108/><U43/><E76/><V35/><F74/><W80/><REACH who="3" step="1"/><G45/><REACH who="3" ten="250,250,250,240" step="2"/><T67/><D123/><U27/><E44/><V121/><F121/><W49/><G49/><T126/><D120/><U94/><E118/><V33/><F38/><W90/><G90/><T134/><D134/><U69/><E91/><V26/><F39/><W95/><G95/><T78/><D78/><U68/><E93/><V124/><F40/><W103/><G103/><T86/><D102/><U122/><E94/><V41/><F41/><W110/><G110/><T127/><D86/><U72/><E122/><V83/><F83/><W58/><G58/><T98/><D98/><U81/><E81/><V24/><F97/><W89/><G89/><T92/><D92/><U46/><E47/><V18/><F124/><W7/><G7/><T75/><D75/><U1/><E43/><V73/><F73/><W106/><G106/><N who="0" m="41067" /><D55/><U50/><E72/><V22/><F52/><W6/><G6/><T31/><D31/><N who="2" m="11786" /><F26/><AGARI ba="0,1" hai="5,11,15,23,26,28,36,37,60,64,71,77,80,85" machi="26" ten="40,1300,0" yaku="1,1,53,0" doraHai="132" doraHaiUra="53" who="3" fromWho="2" sc="250,0,250,0,250,-13,240,23" /><INIT seed="1,0,0,3,5,17" ten="250,250,237,263" oya="1" hai0="6,15,5,77,7,84,20,53,116,39,95,121,122" hai1="75,25,1,52,67,34,90,59,23,38,124,40,76" hai2="79,112,128,107,135,87,125,126,115,11,28,13,14" hai3="106,100,42,69,83,68,117,72,50,63,4,80,110"/><U134/><E1/><V118/><F107/><W82/><G72/><T132/><D116/><U114/><E114/><N who="2" m="43563" /><F79/><W33/><G4/><T58/><D39/><U18/><E134/><V78/><F78/><W92/><G106/><T51/><D132/><U55/><E34/><V85/><F135/><W130/><G33/><T89/><REACH who="0" step="1"/><D77/><REACH who="0" ten="240,250,237,263" step="2"/><U26/><E76/><V64/><F118/><W9/><G117/><T45/><D45/><U30/><E38/><V88/><F126/><W74/><G130/><T56/><D56/><U127/><E124/><V21/><F125/><W93/><G69/><T54/><D54/><U97/><E127/><V96/><F128/><W103/><G68/><T61/><D61/><N who="1" m="38335" /><E75/><V113/><F113/><W119/><G63/><T46/><D46/><U41/><E40/><V70/><F70/><W22/><G74/><T66/><D66/><U109/><E41/><V2/><F64/><W102/><G119/><T44/><D44/><U16/><E109/><V101/><F96/><W48/><G110/><T99/><D99/><U29/><E55/><V133/><F133/><W94/><G42/><T43/><D43/><U3/><E52/><V71/><F71/><W123/><G123/><T91/><D91/><U31/><E90/><V73/><F73/><W37/><G37/><T111/><D111/><U98/><E3/><V104/><F2/><W24/><REACH who="3" step="1"/><G9/><REACH who="3" ten="240,250,237,253" step="2"/><T0/><D0/><U57/><E57/><V131/><F11/><W108/><G108/><T35/><D35/><U129/><E129/><V49/><F131/><W47/><G47/><T8/><D8/><RYUUKYOKU ba="0,2" sc="240,10,250,10,237,-30,253,10" hai0="5,6,7,15,20,51,53,58,84,89,95,121,122" hai1="16,18,23,25,26,29,30,31,97,98" hai3="22,24,48,50,80,82,83,92,93,94,100,102,103" /><INIT seed="1,1,2,1,4,50" ten="250,260,207,263" oya="1" hai0="57,104,121,66,41,26,127,88,109,43,23,95,20" hai1="6,51,76,71,84,111,102,78,90,31,68,113,70" hai2="135,75,55,39,34,118,99,128,110,73,38,48,67" hai3="129,61,40,72,19,92,115,83,80,18,122,124,28"/><U116/><E113/><V59/><F118/><W7/><G115/><T16/><D104/><U86/><E116/><V1/><F1/><W46/><G122/><T49/><D109/><U53/><E102/><V22/><F34/><W131/><G124/><T85/><D121/><U89/><E31/><V119/><F110/><W35/><G7/><T37/><D37/><U120/><E6/><V126/><F119/><W0/><G0/><T130/><D130/><N who="3" m="49673" /><G92/><T27/><D127/><U106/><E106/><V58/><F126/><W133/><G133/><T63/><D49/><U45/><E120/><V69/><F135/><W114/><G114/><T36/><D36/><U11/><E11/><V123/><F123/><W25/><G61/><T81/><D95/><U112/><E112/><V4/><F128/><W134/><G134/><T108/><D108/><U54/><E54/><V32/><F32/><W17/><G72/><T117/><D117/><U10/><E10/><V93/><F75/><W77/><G77/><T97/><D97/><U98/><E98/><V65/><F73/><W30/><G28/><AGARI ba="1,2" hai="16,20,23,26,27,28,41,43,57,63,66,81,85,88" machi="28" ten="30,7700,0" yaku="7,1,8,1,54,2" doraHai="50" who="0" fromWho="3" sc="250,100,260,0,207,0,263,-80" /><INIT seed="2,0,0,1,2,99" ten="350,260,207,183" oya="2" hai0="7,124,109,72,24,36,48,101,93,83,12,49,55" hai1="25,130,68,16,94,46,100,76,80,123,113,5,13" hai2="105,39,41,40,51,134,96,65,135,110,11,86,59" hai3="9,28,108,115,79,92,69,106,132,58,10,60,75"/><V131/><F131/><W21/><G106/><T3/><D36/><U85/><E68/><V71/><F11/><W18/><G69/><T44/><D3/><U74/><E113/><V43/><F86/><W63/><G108/><T97/><D124/><U120/><E130/><V47/><F110/><W17/><G132/><N who="2" m="50729" /><F96/><W42/><G42/><N who="2" m="16489" /><F105/><W129/><G129/><T33/><D83/><U8/><E74/><V20/><F20/><W34/><G34/><T1/><D1/><U98/><E46/><V56/><F39/><W82/><G115/><T81/><D81/><U32/><E32/><V26/><F26/><W121/><G92/><T35/><D24/><U15/><REACH who="1" step="1"/><E25/><REACH who="1" ten="350,250,207,183" step="2"/><V29/><F29/><W119/><G28/><T112/><D72/><U84/><E84/><V52/><N who="2" m="16497" /><V30/><DORA hai="95" /><F30/><W38/><G75/><T2/><D112/><U19/><E19/><V91/><F91/><W78/><G18/><T22/><D109/><U87/><E87/><V27/><F27/><W126/><G17/><N who="0" m="10535" /><D33/><U45/><E45/><V133/><N who="2" m="50737" /><V61/><AGARI ba="0,1" hai="47,51,52,56,59,61,65,71" m="16497,50737" machi="61" ten="50,12000,1" yaku="4,1,20,1,34,2,54,1" doraHai="99,95" who="2" fromWho="2" sc="350,-40,250,-40,207,130,183,-40" /><INIT seed="2,1,0,5,4,62" ten="310,210,337,143" oya="2" hai0="81,69,33,66,3,93,104,91,127,78,22,80,125" hai1="2,52,55,15,84,76,96,60,16,132,51,107,102" hai2="99,42,50,23,27,46,79,1,67,48,123,113,47" hai3="59,97,92,109,61,119,134,32,112,89,11,87,70"/><V71/><F113/><W77/><G119/><T12/><D33/><U30/><E2/><V19/><F123/><W21/><G109/><T8/><D104/><U54/><E30/><V133/><F133/><W28/><G134/><T114/><D114/><U40/><E132/><V116/><F1/><W36/><G112/><T115/><D22/><U58/><E76/><V131/><F131/><W14/><G36/><T38/><D38/><U18/><E84/><V85/><F116/><W94/><G70/><T4/><D115/><U5/><E40/><V124/><F124/><N who="0" m="47690" /><D78/><U53/><REACH who="1" step="1"/><E60/><REACH who="1" ten="310,200,337,143" step="2"/><N who="2" m="40423" /><F85/><W111/><G111/><T128/><D3/><U121/><E121/><V105/><F79/><W35/><G35/><T9/><D128/><U56/><E56/><V57/><F57/><W126/><G126/><T37/><D69/><U24/><E24/><V17/><F27/><W117/><G32/><T0/><D0/><U130/><E130/><V7/><F42/><W110/><G110/><T100/><D12/><U118/><E118/><V68/><F68/><W20/><G117/><T108/><D108/><U65/><E65/><V64/><F64/><N who="3" m="38975" /><G28/><T26/><D66/><U13/><E13/><V63/><F63/><W49/><G49/><T106/><D26/><U29/><E29/><V45/><F50/><W75/><G75/><T88/><D37/><U129/><E129/><V31/><F48/><W101/><G77/><T39/><D39/><U120/><E120/><V83/><F31/><W41/><G41/><T74/><D74/><U34/><E34/><V44/><F44/><W72/><G72/><RYUUKYOKU ba="1,1" sc="310,-15,200,15,337,-15,143,15" hai1="5,15,16,18,51,52,53,54,55,58,96,102,107" hai3="11,14,20,21,87,89,92,94,97,101" /><INIT seed="3,2,1,5,1,27" ten="295,215,322,158" oya="3" hai0="9,124,63,96,62,1,49,51,113,99,80,41,28" hai1="116,34,39,126,42,18,107,19,32,48,134,85,21" hai2="0,122,102,22,95,29,68,73,17,14,25,129,94" hai3="131,105,79,53,83,55,86,61,106,81,2,88,26"/><W76/><G131/><T127/><D113/><U110/><E107/><V36/><F68/><W64/><G2/><T11/><D80/><U35/><E39/><V60/><F36/><W120/><G120/><T91/><D28/><U98/><E98/><N who="0" m="37417" /><D91/><U130/><E130/><V89/><F73/><W87/><G88/><T43/><D1/><U31/><E110/><V40/><F0/><W56/><REACH who="3" step="1"/><G26/><REACH who="3" ten="295,215,322,148" step="2"/><T82/><D127/><U75/><E126/><V5/><F129/><W72/><G72/><T118/><D124/><U117/><E75/><V47/><F89/><W115/><G115/><T74/><D74/><U57/><E116/><V7/><F25/><W46/><G46/><T66/><D118/><U109/><E117/><V37/><F47/><W103/><G103/><T65/><D82/><U3/><E85/><V10/><F102/><W6/><G6/><T20/><D41/><U33/><E3/><V93/><F40/><W8/><G8/><T108/><D43/><U84/><E42/><V59/><F7/><W67/><G67/><T119/><D66/><U92/><E84/><V78/><F5/><W70/><G70/><T111/><D65/><U50/><E57/><V100/><F122/><W23/><G23/><T52/><D119/><U97/><E21/><V104/><F100/><W44/><G44/><T12/><D20/><U77/><E32/><V15/><F22/><W133/><G133/><T54/><D9/><U114/><E134/><V13/><F10/><W16/><G16/><N who="0" m="8223" /><D111/><U121/><E109/><V101/><F101/><W45/><G45/><N who="0" m="27695" /><D108/><U125/><E114/><RYUUKYOKU ba="2,2" sc="295,15,215,-15,322,-15,148,15" hai0="51,54,62,63" hai3="53,55,56,61,64,76,79,81,83,86,87,105,106" /><INIT seed="3,3,2,1,1,25" ten="310,200,307,163" oya="3" hai0="29,113,73,108,129,77,115,107,127,30,53,61,22" hai1="20,72,110,16,120,26,59,3,64,66,89,103,88" hai2="52,47,65,37,112,45,74,99,5,71,109,80,95" hai3="75,111,105,34,48,56,60,51,132,133,58,12,9"/><W128/><G105/><T21/><D107/><U82/><E120/><V62/><F112/><N who="0" m="43082" /><D108/><U79/><E110/><V10/><F109/><W39/><G111/><T118/><D127/><U69/><E3/><V85/><F74/><W35/><G75/><T117/><D129/><U135/><E135/><N who="3" m="51786" /><G39/><T24/><D21/><U40/><E69/><V49/><F37/><W68/><G68/><T41/><D41/><U104/><E40/><V70/><F70/><W78/><G78/><T98/><D98/><U106/><E106/><V83/><F85/><W131/><G51/><T27/><D77/><U94/><E59/><N who="3" m="22570" /><G60/><T7/><D73/><U4/><E4/><V87/><F87/><W91/><G48/><T33/><D7/><U119/><E89/><V86/><F86/><W114/><G91/><T100/><D100/><U8/><E103/><V11/><F47/><W13/><G114/><T130/><D130/><N who="3" m="49705" /><G9/><T96/><D61/><U23/><E104/><V81/><F5/><W28/><G28/><T38/><D38/><U0/><E8/><V84/><F84/><W19/><G19/><T17/><D17/><U97/><E16/><V63/><F63/><W32/><AGARI ba="3,2" hai="12,13,32,34,35" m="49705,22570,51786" machi="32" ten="40,12000,1" yaku="28,2,20,1,19,1" doraHai="25" who="3" fromWho="3" sc="310,-43,200,-43,307,-43,163,149" owari="267,6.7,157,-34.3,264,-13.6,312,41.2" /></mjloggm>