<mjloggm ver="2.3"><GO type="225" lobby="0"/><UN n0="%E3%83%A9%E3%82%B9%E7%8E%87%EF%BC%93%E5%89%B2" n1="%E3%81%BF%E3%81%BF%E3%81%9A" n2="%E3%83%A9%E3%82%A4%E3%83%B3%E3%81%AE%E8%99%8E" n3="%E6%A1%9C%E8%8A%B1%E9%96%83%E3%80%85" dan="16,18,16,16" rate="2199.60,2182.62,2139.77,2123.08" sx="F,M,M,M"/><TAIKYOKU oya="0"/><INIT seed="0,0,0,0,4,126" ten="250,250,250,250" oya="0" hai0="83,12,23,8,61,47,125,93,45,3,21,39,130" hai1="107,114,36,72,6,106,42,84,87,91,63,135,103" hai2="77,46,94,4,16,105,121,88,92,14,5,24,111" hai3="44,41,109,35,101,108,86,96,81,28,70,104,0"/><T89/><D3/><U20/><E72/><V82/><F105/><W64/><G0/><T102/><D125/><U116/><E116/><V66/><F121/><W52/><G52/><T120/><D120/><U129/><E6/><V38/><F111/><N who="3" m="42571" /><G28/><T53/><D130/><U58/><E129/><V71/><F24/><W7/><G7/><T40/><D102/><U112/><E135/><V123/><F94/><W115/><G35/><T119/><D83/><U17/><E42/><V11/><F123/><W31/><G31/><T133/><D133/><U1/><E36/><V131/><F131/><W74/><G74/><T37/><D119/><U13/><E1/><V68/><F38/><W79/><G115/><N who="1" m="44074" /><E103/><V27/><F46/><W62/><G44/><T100/><D100/><U60/><E84/><V30/><F4/><W67/><G67/><T25/><D39/><U97/><E97/><V55/><F66/><W26/><G26/><T69/><D25/><U80/><E60/><V75/><F5/><W128/><G128/><T9/><D9/><U34/><E34/><V48/><F48/><W127/><G41/><T134/><D134/><U76/><E76/><V56/><F55/><AGARI ba="0,0" hai="13,17,20,55,58,63,80,87,91,106,107" m="44074" machi="55" ten="30,1000,0" yaku="11,1" doraHai="126" who="1" fromWho="2" sc="250,0,250,10,250,-10,250,0" /><INIT seed="1,0,0,5,4,3" ten="250,260,240,250" oya="1" hai0="65,116,18,16,44,67,6,37,82,118,106,80,45" hai1="24,66,84,20,89,133,79,51,120,102,54,38,74" hai2="41,78,39,46,132,63,99,128,62,114,76,112,90" hai3="119,10,17,57,85,13,98,14,125,75,58,81,101"/><U2/><E120/><V47/><F128/><W36/><G75/><T52/><D37/><U0/><E38/><V124/><F124/><W68/><G125/><T12/><D106/><U134/><E102/><V86/><F99/><W40/><G68/><T26/><D26/><U92/><E66/><N who="0" m="25097" /><D118/><U127/><E79/><N who="2" m="30251" /><F47/><N who="0" m="17994" /><D116/><U93/><E127/><V19/><F19/><N who="0" m="7210" /><D52/><U69/><E74/><V4/><F132/><N who="1" m="50793" /><E69/><V71/><F71/><W50/><G36/><T122/><D122/><U56/><E93/><V96/><F39/><W130/><G119/><T113/><D113/><U31/><AGARI ba="0,0" hai="0,2,20,24,31,51,54,56,84,89,92" m="50793" machi="31" ten="30,1500,0" yaku="20,1" doraHai="3" who="1" fromWho="1" sc="250,-5,260,15,240,-5,250,-5" /><INIT seed="1,1,0,4,3,132" ten="245,275,235,245" oya="1" hai0="6,73,68,113,102,126,48,37,57,31,58,82,34" hai1="95,81,21,12,99,74,26,47,101,70,24,45,103" hai2="87,23,7,62,130,109,14,111,51,40,119,42,129" hai3="63,10,117,53,8,65,59,50,15,44,121,107,93"/><U94/><E70/><V69/><F87/><W79/><G107/><T128/><D68/><U131/><E131/><N who="2" m="50187" /><F7/><W60/><G121/><T2/><D37/><U77/><E12/><V29/><F29/><W54/><G117/><T127/><D113/><U0/><E0/><V91/><F91/><W13/><G79/><N who="0" m="44399" /><D102/><U41/><E26/><V98/><F98/><W114/><G114/><T43/><D31/><U115/><E115/><V55/><F23/><W118/><G118/><T97/><D34/><U125/><E125/><N who="0" m="47625" /><D97/><U33/><E33/><V30/><F14/><W123/><G123/><T92/><D92/><U90/><E95/><V5/><F30/><W86/><G15/><T104/><D104/><U100/><REACH who="1" step="1"/><E41/><REACH who="1" ten="245,265,235,245" step="2"/><V56/><F119/><W96/><G13/><T64/><D128/><U3/><E3/><V18/><F42/><W110/><G8/><N who="0" m="2135" /><D64/><U66/><E66/><V75/><F69/><W135/><G65/><T35/><D35/><U17/><AGARI ba="1,1" hai="17,21,24,45,47,74,77,81,90,94,99,100,101,103" machi="17" ten="30,3000,0" yaku="1,1,0,1,53,0" doraHai="132" doraHaiUra="124" who="1" fromWho="1" sc="245,-11,265,43,235,-11,245,-11" /><INIT seed="1,2,0,4,0,9" ten="234,308,224,234" oya="1" hai0="10,119,73,40,122,26,67,41,83,6,63,97,71" hai1="69,112,80,17,86,48,1,66,85,76,133,47,125" hai2="32,98,72,103,31,23,82,4,7,39,60,11,131" hai3="108,113,28,50,49,90,102,96,124,81,107,65,99"/><U132/><E112/><V53/><F131/><W89/><G113/><T57/><D119/><U104/><E104/><V37/><F32/><W121/><G121/><T54/><D122/><U111/><E125/><V38/><F31/><W18/><G124/><T110/><D110/><U22/><E1/><V126/><F126/><W27/><G108/><T74/><D97/><U88/><E111/><V115/><F23/><W120/><G120/><T29/><D74/><U20/><E69/><V91/><F115/><W95/><G65/><T35/><D83/><U44/><E66/><V118/><F118/><W16/><G50/><T34/><D73/><U114/><E114/><V61/><F53/><W130/><G49/><T68/><D34/><U30/><E30/><V21/><F21/><W59/><G59/><T117/><D117/><U52/><E47/><V134/><F4/><W135/><G135/><N who="1" m="51786" /><E17/><V62/><F134/><W55/><G55/><T84/><D84/><U93/><AGARI ba="2,0" hai="20,22,44,48,52,76,80,85,86,88,93" m="51786" machi="93" ten="30,6000,0" yaku="20,1,54,2" doraHai="9" who="1" fromWho="1" sc="234,-22,308,66,224,-22,234,-22" /><INIT seed="1,3,0,4,1,38" ten="212,374,202,212" oya="1" hai0="57,89,10,84,50,77,61,1,3,68,100,134,81" hai1="6,33,118,59,76,93,106,86,83,42,36,88,7" hai2="18,13,72,135,92,129,9,53,130,74,127,0,14" hai3="32,98,85,28,65,102,67,21,119,22,31,105,56"/><U19/><E118/><V29/><F0/><W122/><G122/><T27/><D134/><U51/><E33/><V115/><F135/><W132/><G132/><T26/><D100/><U96/><E36/><V99/><F29/><W87/><G32/><T125/><D125/><U133/><E133/><V23/><F53/><W109/><G109/><T103/><D103/><U111/><E111/><V90/><F127/><W5/><G5/><T117/><D68/><U126/><E126/><V112/><F72/><W78/><G119/><T49/><D3/><U66/><E106/><V75/><F75/><W41/><G78/><T107/><D107/><U91/><E19/><V101/><F74/><W44/><G21/><T25/><D77/><U20/><E20/><V8/><F101/><W34/><G22/><T70/><D70/><U15/><E91/><V62/><F62/><W54/><G67/><T47/><D50/><U64/><E59/><V97/><F23/><W45/><G65/><N who="1" m="25194" /><E15/><V110/><F110/><W37/><G31/><T40/><D117/><U69/><E69/><V124/><F124/><W17/><G17/><T48/><D1/><U120/><E120/><V60/><F60/><W16/><G16/><T71/><D71/><U79/><E76/><V4/><REACH who="2" step="1"/><F97/><REACH who="2" ten="212,374,192,212" step="2"/><W114/><G28/><T121/><D121/><U116/><E116/><V94/><F94/><W12/><G98/><T11/><D61/><U108/><E108/><V73/><F73/><W131/><G102/><T58/><D58/><U24/><E24/><V43/><F43/><N who="3" m="22639" /><G56/><T30/><D30/><U2/><E2/><RYUUKYOKU ba="3,1" sc="212,10,374,10,192,10,212,-30" hai0="10,11,25,26,27,40,47,48,49,57,81,84,89" hai1="6,7,42,51,79,83,86,88,93,96" hai2="4,8,9,13,14,18,90,92,99,112,115,129,130" /><INIT seed="1,4,1,4,3,115" ten="222,384,202,182" oya="1" hai0="107,70,11,1,6,59,18,82,39,10,114,101,128" hai1="31,79,56,113,32,129,132,84,86,98,75,73,50" hai2="38,22,130,106,87,54,117,5,122,24,88,19,95" hai3="131,80,94,62,61,121,15,57,110,36,43,112,8"/><U30/><E113/><V64/><F122/><W126/><G112/><T21/><D70/><U49/><E98/><V3/><F106/><W17/><G121/><T90/><D39/><U7/><E7/><V89/><F38/><W93/><G110/><T45/><D101/><U23/><E32/><V13/><F3/><W2/><G131/><T108/><D128/><U71/><E71/><V127/><F130/><W133/><G133/><T33/><D107/><U53/><E129/><V27/><F117/><W41/><G126/><T47/><D33/><U118/><E132/><V26/><F127/><W58/><G80/><T120/><D108/><U103/><E103/><V99/><F54/><N who="3" m="33975" /><G2/><T9/><D6/><U63/><E118/><V48/><F48/><W81/><G81/><T96/><D1/><U0/><E0/><V104/><F64/><N who="3" m="38999" /><G36/><T125/><D125/><U119/><E119/><V124/><F124/><W68/><G68/><T28/><D120/><U83/><E75/><V100/><REACH who="2" step="1"/><F89/><REACH who="2" ten="222,384,192,182" step="2"/><W69/><G69/><T37/><D37/><U67/><E49/><V78/><F78/><W34/><G34/><T134/><D114/><U135/><E135/><V65/><F65/><W16/><G17/><T66/><D134/><U46/><E31/><V72/><F72/><W35/><G35/><T116/><D28/><U14/><E30/><V40/><F40/><AGARI ba="4,2" hai="8,15,16,40,41,43,93,94" m="38999,33975" machi="40" ten="30,2000,0" yaku="8,1,54,1" doraHai="115" who="3" fromWho="2" sc="222,0,384,0,192,-32,182,52" /><INIT seed="2,0,0,4,2,15" ten="222,384,160,234" oya="2" hai0="123,114,12,4,5,26,46,24,76,88,14,110,94" hai1="106,103,122,128,11,35,65,37,13,2,57,86,52" hai2="17,29,21,18,7,55,19,9,115,68,10,38,49" hai3="102,70,105,27,31,61,63,48,42,85,95,39,71"/><V44/><F68/><W50/><G105/><T97/><D114/><U81/><E35/><V87/><F115/><W33/><G39/><T66/><D110/><U118/><E118/><V78/><F38/><W74/><G74/><T32/><D123/><U84/><E2/><V73/><F73/><W3/><G3/><T36/><D76/><U93/><E122/><V16/><F29/><W23/><G33/><T53/><D66/><U6/><E128/><V75/><F75/><W116/><G116/><T79/><D79/><U59/><E106/><V111/><F7/><N who="0" m="2634" /><D36/><U134/><E134/><V109/><F111/><W96/><G70/><T62/><D32/><U41/><E41/><V90/><F78/><W127/><G127/><T125/><D125/><U119/><E37/><V129/><F129/><W72/><G72/><T135/><D135/><U60/><E119/><V112/><F109/><W107/><G42/><T56/><D46/><U54/><E81/><N who="2" m="49519" /><F112/><W92/><G71/><T67/><D67/><U8/><E8/><V100/><F100/><W40/><G40/><T64/><D64/><U22/><E65/><V131/><F131/><W117/><G117/><T0/><D0/><U1/><E1/><V80/><F80/><W89/><G107/><T30/><D30/><U20/><E103/><V25/><AGARI ba="0,0" hai="9,10,16,17,18,19,21,25,44,49,55" m="49519" machi="25" ten="30,18000,2" yaku="8,1,52,4,54,1" doraHai="15" who="2" fromWho="2" sc="222,-60,384,-60,160,180,234,-60" /><INIT seed="2,1,0,1,5,129" ten="162,324,340,174" oya="2" hai0="5,77,33,104,76,113,120,109,22,69,124,4,107" hai1="53,102,41,117,122,15,80,101,37,39,34,40,68" hai2="46,43,21,11,119,92,134,51,71,99,82,126,28" hai3="83,114,121,105,7,60,16,20,86,48,131,96,115"/><V61/><F119/><W30/><G121/><T87/><D33/><U97/><E34/><V132/><F126/><W17/><G131/><T67/><D113/><N who="3" m="43017" /><G7/><T75/><D75/><U45/><E117/><V10/><F82/><W9/><G48/><T57/><D69/><U84/><E68/><V23/><F71/><W64/><G9/><N who="2" m="3081" /><F61/><W3/><G3/><T36/><D36/><U14/><E122/><V59/><F59/><N who="3" m="36895" /><G30/><T24/><D57/><U73/><E73/><V38/><F28/><W70/><G20/><T31/><D22/><U8/><E53/><V128/><F38/><W35/><G35/><T81/><D120/><U93/><E101/><N who="2" m="60647" /><F128/><W55/><G55/><T72/><D31/><U91/><E8/><V47/><F47/><AGARI ba="1,0" hai="14,15,37,39,40,41,45,47,80,84,91,93,97,102" machi="47" ten="40,1300,0" yaku="9,1" doraHai="129" who="1" fromWho="2" sc="162,0,324,16,340,-16,174,0" /><INIT seed="3,0,0,2,3,83" ten="162,340,324,174" oya="3" hai0="12,110,1,7,75,79,44,14,22,31,99,24,101" hai1="78,123,129,35,96,117,112,33,18,60,50,85,109" hai2="43,74,59,66,15,90,121,46,48,62,107,124,29" hai3="119,26,68,120,6,94,19,21,52,72,82,125,77"/><W113/><G113/><T39/><D110/><U55/><E123/><V3/><F3/><W115/><G115/><T16/><D75/><U51/><E112/><V57/><F74/><W106/><G120/><T88/><D79/><U81/><E109/><V36/><F107/><W114/><G114/><T5/><D1/><U100/><E129/><V135/><F121/><W104/><G119/><T20/><D14/><U95/><E117/><V86/><F29/><W89/><G68/><T45/><D88/><U2/><E2/><V116/><F116/><W40/><G40/><T64/><D64/><U102/><E35/><V92/><F124/><W130/><G130/><T49/><D39/><U10/><E33/><V111/><F135/><W84/><G125/><T9/><D9/><U17/><E102/><V91/><F111/><W131/><G131/><T47/><REACH who="0" step="1"/><D49/><REACH who="0" ten="152,340,324,174" step="2"/><N who="1" m="18443" /><E10/><V4/><F36/><W65/><G65/><T127/><D127/><U58/><AGARI ba="0,1" hai="17,18,55,58,60,78,81,85,95,96,100" m="18443" machi="58" ten="30,2000,0" yaku="8,1,52,1" doraHai="83" who="1" fromWho="1" sc="152,-5,340,30,324,-5,174,-10" owari="147,-35.3,370,47.0,319,11.9,164,-23.6" /></mjloggm>