<mjloggm ver="2.3"><GO type="225" lobby="0"/><UN n0="%E3%81%AF%E3%82%88%E3%81%8A%E3%81%98%E3%81%95%E3%82%93" n1="%E5%91%A8%E6%9D%B1" n2="%E3%83%96%E3%83%83%E3%83%91%E3%82%AA%E3%83%96%E3%83%81%E3%82%AD%E3%83%B3" n3="%E3%83%B4%E3%83%A0%EF%BC%99%E3%81%A6" dan="16,17,16,16" rate="2115.76,2202.99,2198.13,2182.80" sx="M,M,M,M"/><TAIKYOKU oya="0"/><INIT seed="0,0,0,4,4,113" ten="250,250,250,250" oya="0" hai0="3,81,31,4,6,2,125,50,13,134,1,130,70" hai1="18,117,72,77,119,61,110,53,26,27,29,64,80" hai2="105,104,133,94,65,41,79,49,87,120,35,67,54" hai3="103,95,10,39,21,135,30,98,38,102,114,24,108"/><T100/><D70/><U71/><E110/><V66/><F120/><W25/><G114/><T91/><D125/><U129/><E129/><V112/><F112/><W48/><G108/><T111/><D111/><U59/><E18/><V32/><F41/><W5/><G135/><T16/><D134/><U74/><E74/><V99/><F133/><W0/><G102/><T52/><D130/><U75/><E75/><V128/><F128/><W93/><G93/><T115/><D115/><U131/><E131/><V34/><F87/><W40/><G40/><T42/><D100/><U14/><E14/><V43/><F79/><W86/><G48/><T58/><D31/><U51/><REACH who="1" step="1"/><E27/><REACH who="1" ten="250,240,250,250" step="2"/><V62/><F43/><W55/><G25/><T37/><D42/><U126/><E126/><V22/><F104/><W12/><G12/><T92/><D37/><U121/><E121/><V97/><F105/><W63/><G38/><T45/><D81/><U96/><E96/><V85/><F99/><W73/><G73/><T124/><D124/><U122/><E122/><V69/><F85/><W88/><G39/><T15/><D15/><U19/><E19/><V36/><F97/><W33/><G86/><N who="0" m="52343" /><D45/><U20/><AGARI ba="0,1" hai="20,26,29,51,53,59,61,64,71,72,77,80,117,119" machi="20" ten="20,12000,2" yaku="1,1,0,1,7,1,52,2,53,1" doraHai="113" doraHaiUra="78" who="1" fromWho="1" sc="250,-60,240,130,250,-30,250,-30" /><INIT seed="1,0,0,5,4,86" ten="190,370,220,220" oya="1" hai0="64,71,134,67,9,29,37,77,73,107,2,93,131" hai1="117,70,7,22,80,34,105,87,42,47,120,111,48" hai2="27,52,83,125,33,54,10,65,110,35,30,90,59" hai3="101,50,20,39,38,82,106,45,79,63,43,85,44"/><U113/><E34/><V18/><F110/><W100/><G106/><T60/><D107/><U104/><E117/><V19/><F125/><W78/><G78/><T6/><D37/><U132/><E70/><V15/><F35/><W103/><G63/><T11/><D131/><U46/><E120/><V118/><F118/><W14/><G14/><T130/><D130/><U51/><E113/><V3/><F19/><W53/><G20/><T116/><D116/><U109/><E132/><V115/><F115/><W12/><G12/><T92/><D134/><U56/><E56/><V31/><F31/><W97/><REACH who="3" step="1"/><G38/><REACH who="3" ten="190,370,220,210" step="2"/><T4/><D67/><U69/><E22/><V72/><F3/><W21/><G21/><T36/><D36/><U127/><E105/><V95/><F15/><W25/><G25/><T58/><D71/><U128/><E69/><V84/><F27/><W91/><G91/><T88/><D29/><U123/><E104/><V24/><F10/><W129/><G129/><T102/><D102/><U66/><E128/><V23/><F30/><W112/><G112/><T122/><D77/><U74/><E111/><V5/><F33/><W16/><G16/><T99/><D73/><U41/><E74/><V17/><F17/><W108/><G108/><T76/><D76/><U61/><E109/><V28/><F18/><W119/><G119/><T121/><D93/><U1/><E1/><AGARI ba="0,1" hai="1,2,4,6,9,11,58,60,64,88,92,99,121,122" machi="1" ten="40,5200,0" yaku="9,1,52,1,54,1" doraHai="86" who="0" fromWho="1" sc="190,62,370,-52,220,0,210,0" /><INIT seed="2,0,0,5,4,42" ten="252,318,220,210" oya="2" hai0="16,15,92,91,56,95,80,73,12,134,26,52,111" hai1="102,29,3,100,93,122,61,5,78,35,37,30,123" hai2="24,59,82,125,66,68,121,99,127,131,113,107,36" hai3="51,45,119,109,88,48,105,130,50,10,101,124,2"/><V84/><F113/><W64/><G119/><T67/><D111/><U108/><E37/><V7/><F121/><N who="1" m="46089" /><E108/><V126/><F131/><W72/><G109/><T106/><D106/><U18/><E78/><V11/><F36/><W69/><G72/><T117/><D117/><U98/><E35/><V31/><F68/><W133/><G130/><T55/><D134/><U83/><E83/><V33/><F66/><W87/><G133/><T9/><D73/><U71/><E102/><V112/><F112/><W77/><G77/><T65/><D26/><U85/><E85/><V135/><F135/><W90/><G124/><T22/><D80/><U25/><E5/><V128/><F128/><W43/><G101/><T96/><D95/><U89/><E3/><V39/><F39/><W1/><G105/><T23/><D55/><U81/><E81/><V34/><F34/><W75/><G75/><T0/><D0/><U14/><E25/><V120/><F120/><W103/><G103/><T4/><D23/><N who="1" m="11735" /><E100/><V46/><F107/><W114/><G90/><T47/><D47/><U86/><E98/><V8/><F99/><W63/><G114/><T76/><D76/><U17/><E17/><V62/><F46/><W41/><G45/><T13/><D15/><U49/><E49/><AGARI ba="0,0" hai="4,9,12,13,16,22,49,52,56,65,67,91,92,96" machi="49" ten="30,7700,0" yaku="7,1,8,1,54,2" doraHai="42" who="0" fromWho="1" sc="252,77,318,-77,220,0,210,0" /><INIT seed="3,0,0,5,2,83" ten="329,241,220,210" oya="3" hai0="52,19,63,11,85,112,75,49,133,79,46,30,22" hai1="7,8,70,34,1,74,60,78,17,20,82,9,43" hai2="117,90,31,88,10,77,129,44,50,41,16,99,86" hai3="98,13,91,128,65,24,37,56,57,119,122,5,97"/><W3/><G119/><T72/><D133/><U38/><E34/><V94/><F117/><W25/><G122/><T95/><D112/><U18/><E9/><V59/><F129/><W127/><G3/><T32/><D32/><U2/><E2/><V116/><F116/><W101/><G37/><T106/><D106/><U66/><REACH who="1" step="1"/><E20/><REACH who="1" ten="329,231,220,210" step="2"/><V58/><F31/><W131/><G127/><T102/><D11/><U67/><E67/><V29/><F29/><W108/><G108/><T89/><D30/><U62/><E62/><V134/><F134/><W104/><G65/><T87/><D63/><U69/><E69/><V120/><F120/><W14/><G5/><T0/><D0/><U68/><E68/><V130/><F130/><N who="3" m="49707" /><G13/><T96/><D22/><U35/><E35/><V36/><F10/><W21/><G14/><T55/><D19/><U80/><E80/><N who="2" m="47375" /><F16/><N who="3" m="12327" /><G25/><T40/><D75/><U92/><E92/><AGARI ba="0,1" hai="56,57,91,92,97,98,101,104" m="12327,49707" machi="92" ten="30,2900,0" yaku="19,1,54,1" doraHai="83" who="3" fromWho="1" sc="329,0,231,-29,220,0,210,39" /><INIT seed="3,1,0,3,0,49" ten="329,202,220,249" oya="3" hai0="135,109,64,66,24,132,70,130,113,31,29,35,17" hai1="97,134,58,45,85,10,89,121,108,133,74,62,0" hai2="39,82,47,94,51,118,75,60,4,50,30,61,25" hai3="18,122,57,87,37,28,111,55,2,128,101,15,103"/><W106/><G122/><T44/><D109/><U126/><E121/><V95/><F118/><W7/><G37/><T11/><D130/><U100/><E74/><V67/><F39/><W127/><G128/><T115/><D29/><U46/><E108/><V102/><F4/><W43/><G43/><T98/><D44/><U12/><E126/><V48/><F75/><W81/><G127/><T86/><D86/><U1/><E1/><V22/><F82/><W91/><G28/><T129/><D129/><U96/><E0/><V19/><F102/><W14/><G106/><T116/><D98/><U125/><E125/><V107/><F107/><W77/><G2/><T8/><D116/><U59/><E133/><N who="0" m="51273" /><D70/><U13/><E134/><V68/><F47/><W105/><G105/><T54/><D54/><N who="1" m="34135" /><E59/><V33/><REACH who="2" step="1"/><F61/><REACH who="2" ten="329,202,210,249" step="2"/><N who="3" m="36031" /><G111/><T53/><D113/><U76/><BYE who="0" /><E76/><V80/><BYE who="1" /><F80/><W56/><G77/><T104/><D104/><U99/><E99/><V16/><F16/><UN n1="%E5%91%A8%E6%9D%B1" /><W110/><G110/><UN n0="%E3%81%AF%E3%82%88%E3%81%8A%E3%81%98%E3%81%95%E3%82%93" /><T3/><D115/><U34/><E97/><V112/><F112/><W69/><G7/><T40/><D17/><U123/><E96/><V26/><AGARI ba="1,1" hai="19,22,25,26,30,33,48,50,51,60,67,68,94,95" machi="26" ten="30,2000,0" yaku="1,1,0,1,53,0" doraHai="49" doraHaiUra="9" who="2" fromWho="2" sc="329,-6,202,-6,210,33,249,-11" owari="323,42.3,196,-30.4,243,4.3,238,-16.2" /></mjloggm>