<mjloggm ver="2.3"><GO type="225" lobby="0"/><UN n0="%2D%E8%B1%8A%E5%8F%A3%E3%82%81%E3%81%90%E3%81%BF%2D" n1="%E3%81%99%E3%81%84%E3%81%BE%E3%81%9B%E3%83%BC%E3%82%93" n2="%E3%83%96%E3%83%83%E3%83%91%E3%82%AA%E3%83%96%E3%83%81%E3%82%AD%E3%83%B3" n3="%E3%82%A2%E3%83%9E%E3%83%9D%EF%BD%9E%EF%BD%9E%E3%83%A9" dan="17,18,16,17" rate="2216.93,2229.32,2201.92,2084.80" sx="F,M,M,M"/><TAIKYOKU oya="0"/><INIT seed="0,0,0,3,1,18" ten="250,250,250,250" oya="0" hai0="10,2,38,12,112,90,135,115,72,32,64,53,124" hai1="16,11,66,97,34,123,113,0,1,133,78,86,100" hai2="122,88,106,49,63,44,14,3,67,82,84,20,58" hai3="129,132,102,70,35,26,5,89,21,42,111,134,109"/><T107/><D107/><U85/><E123/><V81/><F122/><W51/><G70/><T47/><D72/><U29/><E133/><N who="3" m="51306" /><G102/><T130/><D135/><U101/><E113/><V4/><F106/><W68/><G68/><T127/><D32/><U79/><E66/><V30/><F3/><W25/><G89/><T93/><D64/><U9/><E29/><V117/><F117/><W73/><G73/><T76/><D76/><U99/><REACH who="1" step="1"/><E34/><REACH who="1" ten="250,240,250,250" step="2"/><V103/><F30/><N who="3" m="19919" /><G129/><T48/><D130/><U56/><E56/><V96/><F58/><W131/><G131/><T118/><D118/><U62/><E62/><V114/><F63/><W60/><G60/><T87/><D115/><U120/><E120/><V6/><F67/><W19/><G5/><T126/><D112/><U33/><E33/><V125/><F114/><W77/><G77/><T61/><D61/><U65/><E65/><V41/><F125/><W98/><G111/><T110/><D110/><U95/><E95/><V52/><F4/><W27/><G109/><T17/><D2/><U23/><E23/><V40/><F82/><W37/><G21/><T69/><D69/><U108/><E108/><V13/><F6/><W39/><G19/><AGARI ba="0,1" hai="0,1,9,11,16,19,78,79,85,86,97,99,100,101" machi="19" ten="25,6400,0" yaku="1,1,22,2,54,1,53,0" doraHai="18" doraHaiUra="104" who="1" fromWho="3" sc="250,0,240,74,250,0,250,-64" /><INIT seed="1,0,0,2,4,78" ten="250,314,250,186" oya="1" hai0="13,103,42,40,8,1,3,47,93,26,52,112,74" hai1="96,23,97,51,50,113,67,101,11,48,90,43,120" hai2="22,77,129,70,44,61,127,55,92,110,28,19,66" hai3="106,0,85,18,4,82,30,76,121,111,59,109,94"/><U54/><E113/><V116/><F116/><W46/><G121/><T118/><D118/><U75/><E120/><V35/><F110/><N who="3" m="41995" /><G106/><T5/><D74/><U87/><E75/><V68/><F127/><W79/><G30/><T2/><D26/><U17/><E11/><V12/><F129/><W9/><G94/><T81/><D81/><U56/><E67/><V114/><F114/><W21/><G59/><T86/><D112/><U99/><E43/><V119/><F119/><W95/><G95/><T27/><D27/><N who="1" m="14831" /><E101/><V71/><F92/><AGARI ba="0,0" hai="48,50,51,54,56,87,90,92,96,97,99" m="14831" machi="92" ten="30,1500,0" yaku="8,1" doraHai="78" who="1" fromWho="2" sc="250,0,314,15,250,-15,186,0" /><INIT seed="1,1,0,2,3,14" ten="250,329,235,186" oya="1" hai0="37,41,115,58,43,82,134,76,92,121,132,102,122" hai1="26,55,28,38,133,68,119,123,100,13,6,67,99" hai2="15,2,87,31,93,12,47,30,130,106,125,36,117" hai3="27,126,124,104,108,113,101,33,10,45,120,66,32"/><U77/><E119/><V5/><F106/><W44/><G113/><T29/><D29/><N who="2" m="10762" /><F93/><W111/><G27/><T24/><D24/><U129/><E123/><N who="0" m="47113" /><D115/><U97/><E38/><V81/><F87/><W84/><G66/><T95/><D58/><U22/><E99/><V65/><F81/><W19/><G84/><T0/><D0/><U112/><E77/><V39/><F47/><N who="3" m="17995" /><G120/><T118/><D37/><U61/><E112/><V71/><F65/><W46/><N who="3" m="18003" /><W63/><DORA hai="88" /><G63/><T70/><D70/><U74/><E61/><V72/><F71/><W79/><G79/><T11/><D118/><U4/><E67/><V89/><F39/><W23/><G10/><T50/><D11/><U3/><E3/><V75/><F2/><W131/><G101/><T62/><D62/><U34/><E100/><V116/><F36/><W35/><G104/><T110/><D50/><U7/><E68/><V17/><F116/><W54/><G54/><T56/><D102/><U20/><E55/><V109/><F117/><W73/><G73/><N who="0" m="43279" /><D110/><N who="3" m="42025" /><G131/><T94/><D56/><U49/><E129/><V25/><F130/><W85/><G85/><T53/><D53/><U96/><E74/><V1/><F75/><W135/><G135/><AGARI ba="1,0" hai="41,43,92,94,95,132,134,135" m="43279,47113" machi="135" ten="40,8000,1" yaku="20,1,13,1,52,3" doraHai="14,88" who="0" fromWho="3" sc="250,83,329,0,235,0,186,-83" /><INIT seed="2,0,0,4,3,134" ten="333,329,235,103" oya="2" hai0="30,47,86,34,80,62,11,64,112,85,39,131,53" hai1="1,108,74,0,94,66,60,116,83,71,132,113,119" hai2="59,73,21,97,25,103,20,128,19,130,6,98,115" hai3="52,12,44,50,126,22,127,93,129,109,114,135,117"/><V9/><F115/><W106/><G135/><T76/><D112/><U78/><E132/><V28/><F73/><W16/><G114/><T14/><D131/><U3/><E113/><V31/><F59/><W75/><G117/><N who="1" m="45130" /><E94/><V40/><F40/><W107/><G129/><N who="2" m="49769" /><F21/><W91/><G75/><T70/><D30/><N who="2" m="11306" /><F103/><W102/><G109/><AGARI ba="0,0" hai="0,1,3,60,66,71,74,78,83,108,109" m="45130" machi="109" ten="40,1300,0" yaku="23,1" doraHai="134" who="1" fromWho="3" sc="333,0,329,13,235,0,103,-13" /><INIT seed="3,0,0,4,5,23" ten="333,342,235,90" oya="3" hai0="63,74,85,50,48,67,130,6,108,121,60,41,7" hai1="62,76,131,96,102,44,71,58,104,107,82,79,101" hai2="17,129,5,36,132,99,0,28,66,13,133,123,87" hai3="112,4,45,57,52,78,8,19,80,59,98,81,65"/><W43/><G112/><T73/><D121/><U117/><E131/><V93/><F36/><W2/><G65/><T64/><D85/><U100/><E71/><V127/><F66/><W70/><G70/><T86/><D86/><U106/><E117/><V10/><F129/><W27/><G98/><T91/><D91/><U1/><E1/><V24/><F87/><W84/><G81/><T120/><D41/><U12/><E44/><V46/><F46/><W26/><G19/><T126/><D130/><U3/><E3/><V118/><F127/><W109/><G109/><T14/><D14/><U116/><E116/><V22/><F118/><W114/><G114/><T95/><D95/><U37/><E37/><V42/><F42/><W11/><G11/><T61/><D61/><U51/><E51/><V34/><REACH who="2" step="1"/><F123/><REACH who="2" ten="333,342,225,90" step="2"/><W134/><G134/><T32/><D120/><U105/><E96/><V72/><F72/><W40/><G40/><T113/><D113/><U33/><E107/><V69/><F69/><W124/><G124/><T125/><D32/><U115/><E33/><V35/><F35/><W94/><G94/><T9/><D9/><U75/><E115/><V54/><F54/><W97/><G97/><T53/><D53/><U30/><E106/><V39/><F39/><N who="3" m="21759" /><G52/><T29/><D108/><U21/><E105/><V111/><F111/><W88/><G78/><T128/><D128/><U77/><E104/><V83/><F83/><W18/><G18/><T55/><D55/><N who="1" m="34143" /><E30/><AGARI ba="0,1" hai="6,7,29,30,48,50,60,63,64,67,73,74,125,126" machi="30" ten="25,1600,0" yaku="22,2" doraHai="23" who="0" fromWho="1" sc="333,26,342,-16,225,0,90,0" owari="359,45.9,326,12.6,225,-17.5,90,-41.0" /></mjloggm>