<mjloggm ver="2.3"><GO type="225" lobby="0"/><UN n0="%E3%83%A9%E3%82%B9%E7%8E%87%EF%BC%93%E5%89%B2" n1="%E4%BF%BA%E3%81%A8%E5%A6%96%E5%A4%A2" n2="%E3%83%96%E3%83%83%E3%83%91%E3%82%AA%E3%83%96%E3%83%81%E3%82%AD%E3%83%B3" n3="%E7%B4%94%E6%BD%94%E3%83%94%E3%83%A9%E3%83%8B%E3%82%A2" dan="17,16,17,16" rate="2198.21,2233.64,2174.68,2166.71" sx="F,F,M,M"/><TAIKYOKU oya="0"/><INIT seed="0,0,0,5,0,50" ten="250,250,250,250" oya="0" hai0="67,7,57,47,24,5,106,10,135,75,56,123,93" hai1="49,105,89,16,114,45,113,51,29,118,61,127,124" hai2="20,30,55,96,41,25,6,22,79,4,66,12,17" hai3="11,42,86,64,14,88,34,81,21,60,101,58,72"/><T133/><D106/><U48/><E105/><V0/><F0/><W121/><G34/><T110/><D123/><U73/><E73/><V85/><F41/><W108/><G108/><T8/><D75/><U15/><E29/><V59/><F66/><W112/><G112/><N who="1" m="43114" /><E118/><V82/><REACH who="2" step="1"/><F96/><REACH who="2" ten="250,250,240,250" step="2"/><W46/><G121/><T31/><D67/><U129/><E129/><V18/><F18/><W65/><G64/><T115/><D115/><U109/><E109/><V104/><F104/><W78/><G101/><T32/><D110/><U36/><E127/><V119/><F119/><W122/><G122/><T97/><D7/><U52/><E124/><V130/><F130/><W23/><G72/><T43/><D5/><U95/><E36/><V19/><F19/><W26/><G78/><T54/><D135/><U27/><E27/><V62/><AGARI ba="0,1" hai="4,6,12,17,20,22,25,30,55,59,62,79,82,85" machi="62" ten="20,8000,1" yaku="1,1,0,1,7,1,8,1,52,1,53,0" doraHai="50" doraHaiUra="28" who="2" fromWho="2" sc="250,-40,250,-20,240,90,250,-20" /><INIT seed="1,0,0,4,5,73" ten="210,230,330,230" oya="1" hai0="101,108,94,0,40,23,8,127,87,31,16,110,69" hai1="111,96,99,77,48,59,51,21,5,34,79,29,84" hai2="11,118,13,114,3,46,27,68,123,78,17,95,18" hai3="117,131,88,26,6,75,76,104,53,42,37,130,28"/><U14/><E111/><N who="0" m="42537" /><D69/><U109/><E109/><V62/><F118/><W119/><G104/><T66/><D66/><U49/><E34/><V44/><F123/><W65/><G65/><T100/><D40/><U113/><E113/><V9/><F114/><W121/><G53/><T91/><D127/><U107/><E107/><V33/><F68/><W126/><G6/><N who="0" m="1095" /><D31/><U102/><E5/><N who="2" m="1215" /><F62/><W83/><G126/><T35/><D35/><U2/><E2/><V85/><F18/><W90/><G42/><T55/><D55/><U36/><E36/><V134/><F134/><W45/><G45/><T50/><D50/><N who="1" m="19563" /><E84/><V10/><F46/><W41/><G41/><T122/><D122/><U133/><E133/><V52/><F44/><W116/><G37/><T92/><D92/><N who="1" m="58631" /><E99/><V70/><F70/><W89/><G121/><T57/><D57/><U74/><E74/><V106/><F106/><W1/><G1/><T30/><D30/><U60/><N who="1" m="19571" /><U97/><DORA hai="105" /><E97/><V25/><F95/><W93/><G93/><T112/><D112/><U32/><E32/><AGARI ba="0,0" hai="26,28,32,75,76,83,88,89,90,116,117,119,130,131" machi="32" ten="50,8000,1" yaku="12,1,52,2,54,1" doraHai="73,105" who="3" fromWho="1" sc="210,0,230,-80,330,0,230,80" /><INIT seed="2,0,0,1,0,34" ten="210,150,330,310" oya="2" hai0="55,74,44,22,33,81,76,108,23,56,58,1,127" hai1="117,7,98,36,129,115,119,62,123,125,121,128,2" hai2="89,38,41,39,51,100,88,120,75,83,118,96,94" hai3="26,60,109,68,67,18,61,134,113,78,16,107,106"/><V30/><F118/><N who="1" m="45065" /><E36/><V48/><F120/><N who="1" m="46153" /><E62/><V116/><F116/><W112/><G109/><T4/><D127/><U85/><E98/><V92/><F30/><W63/><G26/><T25/><D108/><U21/><E85/><V103/><F41/><W77/><G134/><T79/><D79/><N who="3" m="30217" /><G67/><T40/><D33/><U95/><E95/><V132/><F132/><W9/><G9/><T99/><D99/><U69/><E69/><V27/><F96/><W42/><G42/><T82/><D82/><U111/><E111/><V8/><F27/><W20/><G20/><T130/><D25/><U10/><E125/><V24/><F24/><W65/><G65/><T5/><D40/><U19/><E115/><N who="3" m="44106" /><G68/><T11/><D55/><U49/><E49/><V31/><F51/><W122/><G122/><T50/><D50/><U66/><E66/><V64/><F64/><W43/><G43/><T86/><D74/><U32/><E32/><V3/><F75/><W52/><G52/><T57/><D44/><U80/><E80/><V47/><F48/><W72/><G72/><T0/><D57/><U93/><E93/><V12/><F47/><W45/><G45/><T28/><D56/><U53/><E53/><V73/><F73/><W17/><AGARI ba="0,0" hai="16,17,18,60,61,63,106,107" m="44106,30217" machi="17" ten="40,8000,1" yaku="28,2,11,1,54,1" doraHai="34" who="3" fromWho="3" sc="210,-20,150,-20,330,-40,310,80" /><INIT seed="3,0,0,0,3,110" ten="190,130,290,390" oya="3" hai0="47,64,37,134,42,105,122,29,16,44,123,100,119" hai1="35,12,59,50,22,30,52,98,61,38,75,13,63" hai2="81,121,0,46,93,58,106,57,19,91,77,70,124" hai3="68,83,25,96,4,45,130,18,40,76,108,88,126"/><W125/><G108/><T85/><D119/><U32/><E75/><V53/><F70/><W118/><G68/><T74/><D74/><U62/><E38/><V104/><F0/><W128/><G4/><T86/><D134/><U54/><E35/><V31/><F31/><W107/><G118/><T95/><D29/><U41/><E32/><V133/><F133/><W92/><G107/><T33/><D33/><U24/><E41/><V89/><F124/><N who="3" m="47723" /><G18/><T51/><D64/><U135/><E135/><V9/><F121/><W2/><G25/><T1/><D1/><U87/><E98/><V114/><F106/><W17/><G17/><T120/><D105/><U97/><E97/><V26/><F93/><W60/><G60/><T28/><D28/><U11/><E87/><V43/><F104/><W66/><G66/><T71/><D71/><U109/><E109/><V84/><F84/><N who="3" m="48231" /><G2/><T55/><D100/><U131/><E131/><V21/><F19/><W79/><G79/><T90/><D86/><U117/><E117/><V115/><F26/><W67/><G67/><T111/><D111/><U34/><E34/><V102/><F77/><W127/><G127/><T129/><D129/><U10/><REACH who="1" step="1"/><E54/><REACH who="1" ten="190,120,290,390" step="2"/><V113/><F53/><W14/><G130/><T15/><D122/><U112/><E112/><V78/><F114/><W5/><G128/><T80/><D123/><U48/><E48/><V56/><F43/><W6/><G14/><AGARI ba="0,1" hai="10,11,12,13,14,22,24,30,50,52,59,61,62,63" machi="14" ten="40,8000,1" yaku="1,1,8,1,54,1,53,1" doraHai="110" doraHaiUra="27" who="1" fromWho="3" sc="190,0,120,90,290,0,390,-80" owari="190,-31.0,210,-19.0,290,9.0,310,41.0" /></mjloggm>