<mjloggm ver="2.3"><GO type="225" lobby="0"/><UN n0="%E6%A1%9C%E8%8A%B1%E9%96%83%E3%80%85" n1="%E3%81%99%E3%83%BC%5F%E9%88%B4%E6%9C%A8%E6%B5%A9%E5%B9%B3" n2="%E3%83%81%E3%83%83%E3%82%BF%E3%82%BD%E3%83%BC" n3="%63%68%78%62%64" dan="16,16,16,16" rate="2104.70,2071.66,2125.45,2113.15" sx="M,M,F,M"/><TAIKYOKU oya="0"/><INIT seed="0,0,0,4,5,67" ten="250,250,250,250" oya="0" hai0="70,122,21,98,42,114,62,76,106,89,99,29,132" hai1="61,102,85,24,94,123,71,44,5,82,35,12,66" hai2="10,57,19,92,34,133,110,84,33,27,47,7,41" hai3="77,73,63,126,68,127,116,75,53,11,50,113,14"/><T91/><D114/><U107/><E123/><V64/><F110/><W55/><G116/><T17/><D122/><U90/><E44/><V51/><F133/><W120/><G113/><T86/><D132/><U37/><E37/><V38/><F19/><W36/><G36/><T8/><D42/><U13/><E5/><V28/><F34/><W43/><G120/><T117/><D117/><U49/><E49/><V3/><F64/><W58/><G43/><T81/><D106/><U130/><E130/><V25/><F27/><W74/><G77/><T97/><D70/><U135/><E82/><V46/><F57/><W119/><G68/><T134/><D62/><U108/><E108/><V78/><F78/><W30/><G30/><T129/><D134/><U23/><E135/><V0/><F47/><W65/><G119/><T112/><D129/><U2/><E2/><V124/><F124/><N who="3" m="47659" /><G50/><T6/><D29/><N who="1" m="19879" /><E23/><V60/><F60/><W95/><G95/><T72/><D112/><U9/><E9/><V80/><F38/><W128/><G128/><T20/><D72/><N who="3" m="18433" /><W56/><DORA hai="4" /><G56/><T93/><D76/><U52/><E52/><V118/><F118/><W103/><G103/><T26/><REACH who="0" step="1"/><D21/><REACH who="0" ten="240,250,250,250" step="2"/><U105/><E107/><V45/><F41/><W79/><G79/><T87/><D87/><U39/><E39/><V83/><F84/><W40/><G40/><T88/><D88/><U131/><E131/><V121/><F121/><W15/><G15/><AGARI ba="0,1" hai="6,8,15,17,20,26,81,86,89,91,93,97,98,99" machi="15" ten="30,11600,0" yaku="1,1,7,1,8,1,52,1,53,0" doraHai="67,4" doraHaiUra="101,111" who="0" fromWho="3" sc="240,126,250,0,250,0,250,-116" /><INIT seed="0,1,0,5,0,80" ten="366,250,250,134" oya="0" hai0="31,7,115,35,89,76,22,78,28,110,11,32,106" hai1="73,3,37,69,36,113,118,23,99,94,97,2,47" hai2="86,61,55,12,129,59,57,14,124,16,0,68,123" hai3="17,132,39,65,98,75,51,121,84,42,74,40,87"/><T93/><D106/><U126/><E69/><V21/><F124/><W105/><G132/><T43/><D115/><U103/><E73/><V19/><F129/><W131/><G131/><T48/><D35/><U91/><E118/><V56/><F123/><W92/><G39/><T83/><D32/><U102/><E126/><V104/><F0/><W130/><G130/><T125/><D125/><U133/><E133/><V27/><F104/><W135/><G135/><T114/><D114/><U63/><E63/><V67/><F86/><N who="3" m="32811" /><G105/><T100/><D100/><U66/><E66/><V85/><F85/><W45/><G74/><T24/><D31/><U8/><E103/><V5/><F5/><W10/><G75/><T111/><D83/><U60/><E113/><V64/><F64/><W29/><G121/><T46/><D89/><U18/><E36/><V44/><F19/><W117/><G65/><T77/><REACH who="0" step="1"/><D93/><REACH who="0" ten="356,250,250,134" step="2"/><U107/><E94/><V134/><F134/><W30/><G117/><T120/><D120/><U90/><E107/><V72/><F72/><W49/><G42/><T82/><D82/><U41/><E41/><V53/><F68/><W79/><G79/><T34/><D34/><U33/><E33/><V26/><F67/><W96/><G51/><T20/><D20/><U70/><E37/><V9/><F61/><W38/><G38/><T13/><AGARI ba="1,1" hai="7,11,13,22,24,28,43,46,48,76,77,78,110,111" machi="13" ten="30,6000,0" yaku="1,1,0,1,53,1" doraHai="80" doraHaiUra="1" who="0" fromWho="0" sc="356,73,250,-21,250,-21,134,-21" /><INIT seed="0,2,0,3,2,62" ten="429,229,229,113" oya="0" hai0="13,56,104,135,119,106,78,97,77,109,121,31,74" hai1="15,38,90,88,67,29,45,83,107,105,23,14,6" hai2="25,91,39,124,75,47,131,89,27,21,16,19,73" hai3="53,115,102,55,99,95,69,1,57,79,113,36,86"/><T134/><D31/><U125/><E125/><V65/><F124/><W11/><G36/><T123/><D13/><U70/><E15/><V66/><F131/><W85/><G69/><T129/><D56/><U34/><E34/><V33/><F39/><W7/><G55/><T118/><D129/><U110/><E110/><V32/><F21/><W41/><G41/><T30/><D30/><U4/><E4/><V12/><F12/><W64/><G64/><T98/><D74/><U52/><E70/><V81/><F81/><W112/><REACH who="3" step="1"/><G79/><REACH who="3" ten="429,229,229,103" step="2"/><T59/><D59/><U68/><E67/><V44/><AGARI ba="2,1" hai="16,19,25,27,32,33,44,47,65,66,73,75,89,91" machi="44" ten="25,12000,2" yaku="0,1,22,2,52,2,54,1" doraHai="62" who="2" fromWho="2" sc="429,-62,229,-32,229,136,103,-32" /><INIT seed="1,0,0,5,2,19" ten="367,197,365,71" oya="1" hai0="21,84,1,88,39,91,131,128,12,3,130,20,112" hai1="42,0,41,7,116,87,121,82,32,38,44,79,61" hai2="45,16,2,93,10,100,22,70,115,11,72,98,29" hai3="60,50,4,6,57,9,8,132,134,15,64,47,31"/><U94/><E32/><V18/><F70/><W114/><G31/><T135/><D112/><U122/><E116/><V73/><F115/><W108/><G108/><T105/><D135/><U126/><E41/><V36/><F29/><W78/><G78/><T123/><D123/><U49/><E126/><V118/><F118/><W24/><G24/><T25/><D39/><U26/><E38/><V77/><F77/><W30/><G30/><N who="0" m="17703" /><D105/><U56/><E26/><V65/><F65/><W120/><G114/><T110/><D110/><U102/><E7/><V101/><F101/><W62/><G62/><T68/><D68/><U124/><E0/><N who="0" m="73" /><D84/><U129/><E124/><V40/><F18/><AGARI ba="0,0" hai="12,18,21,88,91,128,130,131" m="73,17703" machi="18" ten="40,8000,1" yaku="19,1,52,2,54,1" doraHai="19" who="0" fromWho="2" sc="367,80,197,0,365,-80,71,0" /><INIT seed="2,0,0,0,5,127" ten="447,197,285,71" oya="2" hai0="89,77,27,76,55,24,99,134,61,49,83,34,22" hai1="26,0,6,56,58,59,29,62,112,19,69,41,47" hai2="43,78,57,95,109,31,13,122,88,124,51,36,39" hai3="75,70,82,16,40,28,128,5,87,2,94,23,129"/><V73/><F122/><W4/><G70/><T44/><D134/><U126/><E112/><V64/><F124/><W38/><G94/><N who="0" m="56783" /><D34/><U101/><E19/><V1/><F1/><W63/><G28/><N who="0" m="17431" /><D27/><U98/><E126/><V120/><F120/><W103/><G103/><T117/><D117/><U21/><E69/><V52/><F31/><W3/><G63/><T97/><D97/><U60/><E6/><V118/><F118/><W115/><G115/><T107/><D107/><U113/><E0/><V81/><F109/><W123/><G123/><T45/><D83/><U135/><E135/><V106/><F106/><W46/><G4/><T48/><D61/><U25/><E25/><V92/><F64/><W114/><G114/><T121/><D121/><U35/><E35/><V17/><F95/><W65/><G65/><T79/><D79/><U130/><E113/><V71/><F43/><AGARI ba="0,0" hai="43,44,45,48,49,55,76,77" m="17431,56783" machi="43" ten="30,1000,0" yaku="8,1" doraHai="127" who="0" fromWho="2" sc="447,10,197,0,285,-10,71,0" /><INIT seed="3,0,0,5,2,28" ten="457,197,275,71" oya="3" hai0="102,2,116,87,86,89,123,57,98,112,67,20,68" hai1="75,72,59,61,38,135,13,25,58,39,8,1,96" hai2="134,95,76,127,19,30,52,93,56,29,85,24,48" hai3="69,49,78,37,79,31,54,100,27,77,4,104,47"/><W34/><G69/><T43/><D123/><U120/><E1/><V111/><F111/><W44/><G4/><T94/><D116/><U14/><E135/><V92/><F134/><W88/><G88/><T105/><D2/><U81/><E25/><V26/><F127/><W73/><G73/><T63/><D112/><U42/><E96/><V17/><F26/><W122/><G122/><T36/><D20/><U125/><E120/><V129/><F129/><W10/><G10/><T18/><D18/><N who="2" m="6666" /><F24/><W66/><G66/><T53/><D87/><U124/><E81/><AGARI ba="0,0" hai="29,30,48,52,56,76,81,85,92,93,95" m="6666" machi="81" ten="30,2000,0" yaku="8,1,54,1" doraHai="28" who="2" fromWho="1" sc="457,0,197,-20,275,20,71,0" owari="457,55.7,177,-22.3,295,9.5,71,-42.9" /></mjloggm>