<mjloggm ver="2.3"><GO type="225" lobby="0"/><UN n0="%E3%83%81%E3%83%83%E3%82%BF%E3%82%BD%E3%83%BC" n1="%E5%A7%AB%E7%95%99" n2="%E3%81%90%E3%81%A1%E3%82%84%E3%81%BE" n3="%E3%81%BE%E3%81%A8%E3%81%9F" dan="16,16,16,16" rate="2120.62,2065.03,2137.63,2129.13" sx="F,M,M,M"/><TAIKYOKU oya="0"/><INIT seed="0,0,0,0,3,63" ten="250,250,250,250" oya="0" hai0="14,55,65,29,111,23,83,28,97,59,54,53,15" hai1="39,117,80,11,46,86,0,37,96,101,61,127,75" hai2="87,26,125,135,69,109,106,76,25,60,62,126,120" hai3="24,12,5,134,72,130,100,132,1,88,45,92,34"/><T94/><D83/><U85/><E117/><V58/><F120/><W95/><G72/><T119/><D119/><U57/><E127/><N who="2" m="48651" /><F106/><W43/><G1/><T66/><D111/><U50/><E75/><V7/><F109/><W2/><G2/><T10/><D59/><U8/><E0/><V67/><F135/><W112/><G112/><T113/><D113/><U17/><E17/><V27/><F7/><W19/><G95/><T4/><D15/><U77/><E85/><V99/><F99/><W31/><G5/><T9/><D9/><U84/><E84/><V82/><F25/><W40/><G100/><N who="0" m="60471" /><D23/><U38/><E96/><V3/><F3/><W71/><G71/><T121/><D121/><U20/><E20/><V47/><F47/><W48/><G43/><T33/><D33/><U102/><E11/><V124/><N who="2" m="48659" /><V118/><DORA hai="110" /><F118/><W18/><G18/><T128/><D128/><U93/><E8/><V114/><F114/><W122/><G130/><T89/><D89/><U108/><E108/><V42/><F42/><W35/><G122/><T115/><D115/><U68/><E102/><V129/><F129/><W22/><REACH who="3" step="1"/><G35/><REACH who="3" ten="250,250,250,240" step="2"/><T103/><D103/><U90/><E101/><V105/><F105/><W123/><G123/><T79/><D79/><U98/><E77/><V73/><F73/><W36/><G36/><T51/><D51/><U6/><E39/><V30/><F30/><AGARI ba="0,1" hai="4,10,14,28,29,30,53,54,55,65,66" m="60471" machi="30" ten="30,5800,0" yaku="8,1,52,2" doraHai="63,110" who="0" fromWho="2" sc="250,68,250,0,250,-58,240,0" /><INIT seed="0,1,0,1,0,14" ten="318,250,192,240" oya="0" hai0="115,132,63,106,130,103,119,86,118,76,87,5,65" hai1="91,77,23,105,37,9,61,113,20,121,12,70,89" hai2="104,38,25,72,26,41,95,51,112,32,101,117,10" hai3="88,40,69,30,33,74,71,22,17,68,128,97,114"/><T24/><D115/><U45/><E121/><V82/><F112/><W85/><G74/><T98/><D132/><U48/><E37/><V94/><F38/><W123/><G114/><T127/><D127/><U124/><E105/><V102/><F117/><W116/><G116/><T73/><D73/><U93/><E124/><V64/><F64/><W29/><G128/><T0/><D130/><U15/><E77/><V47/><F104/><W16/><G40/><T135/><D135/><U80/><E15/><V75/><F32/><W55/><G33/><T35/><D118/><U11/><E11/><V110/><F110/><W90/><G17/><T43/><D43/><U8/><E8/><V66/><F66/><W44/><G97/><T83/><D119/><U62/><E80/><V50/><F10/><W109/><G109/><T21/><D35/><U1/><E89/><V107/><F107/><W36/><G90/><T60/><D87/><N who="1" m="52479" /><E1/><V108/><F82/><W13/><G123/><T28/><D5/><N who="1" m="3119" /><E70/><V19/><F108/><W7/><G7/><T42/><D0/><U39/><E39/><V125/><F125/><W129/><G129/><T46/><REACH who="0" step="1"/><D65/><REACH who="0" ten="308,250,192,240" step="2"/><U92/><E113/><V131/><F131/><W111/><G111/><T96/><D96/><U59/><E23/><N who="2" m="13567" /><F75/><W49/><REACH who="3" step="1"/><G36/><AGARI ba="1,1" hai="21,24,28,36,42,46,60,63,76,83,86,98,103,106" machi="36" ten="30,2900,0" yaku="1,1,7,1,53,0" doraHai="14" doraHaiUra="2" who="0" fromWho="3" sc="308,42,250,0,192,0,240,-32" /><INIT seed="0,2,0,4,0,9" ten="350,250,192,208" oya="0" hai0="123,45,67,6,98,25,119,3,124,29,7,60,47" hai1="55,108,62,132,14,68,90,22,127,86,84,36,33" hai2="26,111,1,61,54,85,94,82,76,79,130,134,5" hai3="13,97,56,106,15,21,35,44,135,70,110,109,19"/><T48/><D123/><U101/><E33/><V57/><F111/><N who="3" m="42507" /><G70/><T66/><D119/><U43/><E108/><V11/><F130/><W64/><G35/><T129/><D124/><U88/><E127/><V74/><F134/><W133/><G44/><T91/><D129/><U122/><E122/><V112/><F112/><W77/><G77/><T78/><D78/><U69/><E101/><V71/><F71/><W46/><G46/><T4/><D3/><U20/><E43/><V116/><F116/><W115/><G115/><T83/><D60/><U73/><E36/><V10/><F94/><W128/><G128/><T65/><D48/><U42/><E42/><V28/><F11/><W37/><G37/><T18/><D18/><U16/><E73/><V125/><F125/><W31/><G31/><T40/><D40/><U72/><E72/><V89/><REACH who="2" step="1"/><F74/><REACH who="2" ten="350,250,182,208" step="2"/><W81/><G133/><T113/><D113/><U63/><E132/><V93/><F93/><W30/><G135/><T58/><D83/><N who="1" m="49439" /><E69/><V59/><F59/><W27/><G81/><T105/><D58/><N who="1" m="35167" /><E68/><V41/><F41/><W0/><G56/><T50/><D105/><U32/><E32/><AGARI ba="2,1" hai="1,5,10,26,28,32,54,57,61,76,79,82,85,89" machi="32" ten="30,2000,0" yaku="1,1,7,1,53,0" doraHai="9" doraHaiUra="102" who="2" fromWho="1" sc="350,0,250,-26,182,36,208,0" /><INIT seed="1,0,0,4,1,25" ten="350,224,218,208" oya="1" hai0="56,62,67,98,126,16,128,37,34,13,49,80,33" hai1="10,26,11,65,43,127,71,134,75,27,18,36,15" hai2="73,100,63,117,44,3,57,38,104,116,4,55,109" hai3="42,32,39,23,68,28,124,50,130,105,122,84,64"/><U9/><E75/><V20/><F73/><W89/><G122/><T22/><D126/><U114/><E114/><V94/><F104/><W102/><G124/><T111/><D128/><U77/><E77/><V96/><F109/><W2/><G2/><T115/><D111/><U46/><E127/><V85/><F3/><W92/><G39/><T119/><D115/><U29/><E27/><V118/><F4/><W95/><G32/><T51/><D119/><U60/><REACH who="1" step="1"/><E134/><REACH who="1" ten="350,214,218,208" step="2"/><V125/><F125/><W24/><G130/><T72/><D72/><U81/><E81/><V135/><F135/><W17/><G105/><T103/><D80/><U19/><E19/><V131/><F131/><W129/><G129/><T35/><REACH who="0" step="1"/><D37/><REACH who="0" ten="340,214,218,208" step="2"/><U53/><E53/><V40/><F55/><W48/><G42/><T59/><D59/><U121/><E121/><V41/><F41/><W66/><G68/><T110/><D110/><U76/><E76/><V70/><F70/><W93/><G17/><T78/><D78/><U45/><E45/><V52/><F118/><W1/><G66/><T69/><D69/><U112/><E112/><V108/><F108/><W54/><G64/><T120/><D120/><U8/><E8/><V107/><F117/><W7/><G54/><T58/><D58/><U86/><E86/><V133/><F116/><W31/><G84/><T99/><D99/><U106/><E106/><AGARI ba="0,2" hai="13,16,22,33,34,35,49,51,56,62,67,98,103,106" machi="106" ten="40,5200,0" yaku="1,1,54,1,53,1" doraHai="25" doraHaiUra="97" who="0" fromWho="1" sc="340,72,214,-52,218,0,208,0" /><INIT seed="2,0,0,2,2,65" ten="412,162,218,208" oya="2" hai0="8,116,50,24,90,79,36,55,15,88,77,128,131" hai1="46,84,133,34,73,93,63,68,101,125,87,105,13" hai2="83,97,43,99,12,69,132,124,70,134,53,23,92" hai3="16,31,18,33,59,22,112,1,74,6,4,26,10"/><V76/><F124/><W29/><G74/><T67/><D36/><U61/><E73/><N who="2" m="43407" /><F43/><W120/><G120/><T14/><D116/><U72/><E72/><V44/><F23/><W109/><G109/><T86/><D24/><U19/><E34/><V66/><F12/><N who="3" m="5191" /><G59/><T102/><D102/><U98/><E125/><V37/><F37/><W122/><G112/><T81/><D67/><U60/><E133/><N who="2" m="51307" /><F66/><W45/><G45/><T130/><D79/><U5/><E5/><V2/><F2/><W32/><G122/><T57/><D15/><U71/><E46/><V121/><F121/><W52/><G52/><T135/><D135/><U119/><E119/><V35/><F35/><N who="3" m="13387" /><G31/><T3/><D3/><U42/><E42/><V49/><F99/><W95/><G95/><T123/><D123/><U94/><E93/><V21/><F21/><W38/><G38/><T64/><D64/><U114/><E114/><V127/><F127/><W9/><AGARI ba="0,0" hai="1,6,9,16,18,22,26,29" m="13387,5191" machi="9" ten="30,12000,2" yaku="35,5,54,1" doraHai="65" who="3" fromWho="3" sc="412,-30,162,-30,218,-60,208,120" /><INIT seed="3,0,0,3,5,45" ten="382,132,158,328" oya="3" hai0="77,49,7,53,82,103,17,69,91,48,123,19,9" hai1="89,38,78,112,111,64,120,127,30,85,80,58,71" hai2="57,35,131,95,34,29,79,27,102,23,118,117,25" hai3="135,100,2,62,73,92,50,75,47,26,65,39,59"/><W67/><G39/><T114/><D123/><U36/><E120/><V122/><F122/><W3/><G135/><T83/><D69/><U130/><E112/><V54/><F131/><W93/><G2/><T32/><D32/><U44/><E130/><V108/><F108/><W40/><G3/><T68/><D68/><U116/><E111/><V76/><F35/><W28/><G67/><T99/><D114/><U94/><E127/><V10/><F10/><W119/><G119/><T24/><D91/><U33/><E71/><V52/><F54/><W42/><G42/><T14/><D24/><U97/><E116/><V1/><F1/><W132/><G132/><T104/><D48/><U90/><E30/><V51/><F118/><W61/><G61/><T107/><D107/><U22/><E22/><N who="2" m="15543" /><F117/><W66/><G66/><T8/><D77/><U21/><E21/><V87/><F34/><W81/><G81/><T56/><D19/><U13/><E33/><V41/><F41/><W96/><REACH who="3" step="1"/><G92/><REACH who="3" ten="382,132,158,318" step="2"/><T18/><D18/><U37/><E64/><V43/><F43/><W0/><G0/><AGARI ba="0,1" hai="0,7,8,9,14,17,49,53,56,82,83,99,103,104" machi="0" ten="30,2000,0" yaku="7,1,52,1" doraHai="45" who="0" fromWho="3" sc="382,30,132,0,158,0,318,-20" owari="412,51.2,132,-36.8,158,-24.2,298,9.8" /></mjloggm>