<mjloggm ver="2.3"><GO type="225" lobby="0"/><UN n0="%E3%82%A2%E3%83%9E%E3%83%9D%EF%BD%9E%EF%BD%9E%E3%83%A9" n1="%E4%BF%BA%E3%81%A8%E5%A6%96%E5%A4%A2" n2="%E3%83%A9%E3%83%BC%E3%83%A1%E3%83%B3%E4%BA%94%E9%83%8E" n3="%E6%9C%88%E5%B3%B6%E5%9F%BA" dan="17,16,16,16" rate="2032.79,2126.42,2092.48,2147.36" sx="M,F,M,M"/><TAIKYOKU oya="0"/><INIT seed="0,0,0,4,0,93" ten="250,250,250,250" oya="0" hai0="33,101,79,108,107,127,29,91,118,20,110,86,12" hai1="9,16,74,128,64,120,36,14,82,52,106,13,121" hai2="2,114,61,102,32,6,4,1,3,23,87,11,77" hai3="10,126,15,129,105,130,24,78,35,133,58,100,0"/><T132/><D118/><U97/><E36/><V38/><F114/><W90/><G78/><T117/><D117/><U55/><E128/><N who="3" m="49258" /><G90/><T60/><D33/><U109/><E109/><N who="0" m="42089" /><D132/><U50/><E64/><V37/><F32/><W8/><G100/><T84/><D127/><U54/><E50/><V69/><F102/><W5/><G58/><T113/><D113/><U34/><E34/><V135/><F135/><W134/><G105/><T73/><D60/><U119/><E119/><V116/><F116/><W51/><G51/><T124/><D124/><U70/><E70/><V72/><F72/><W41/><G41/><T71/><D71/><U21/><E82/><V88/><F77/><W103/><G103/><T17/><D29/><U39/><E74/><V99/><F69/><W22/><G126/><T19/><D19/><U42/><E97/><V59/><F99/><W31/><G35/><T47/><D47/><U30/><E106/><V111/><F111/><W27/><G27/><T122/><D122/><U40/><E42/><V7/><F37/><W63/><G63/><T56/><D56/><U123/><E30/><V104/><F38/><W46/><G46/><T25/><D25/><U115/><E115/><V76/><F61/><W80/><G80/><N who="0" m="45167" /><D91/><U65/><E65/><V83/><F59/><W66/><G66/><T92/><D107/><U48/><E39/><V112/><F104/><W67/><G67/><T125/><D125/><U68/><E68/><V18/><F112/><W75/><G75/><T94/><D101/><U57/><E40/><V85/><F88/><W53/><G53/><RYUUKYOKU ba="0,0" sc="250,10,250,10,250,-30,250,10" hai0="12,17,20,84,86,92,94" hai1="9,13,14,16,21,48,52,54,55,57,120,121,123" hai3="0,5,8,10,15,22,24,31,133,134" /><INIT seed="0,1,0,3,2,110" ten="260,260,220,260" oya="0" hai0="113,13,85,124,86,132,61,4,5,11,111,63,83" hai1="102,67,92,35,10,96,48,101,69,125,118,133,70" hai2="94,37,105,55,62,31,82,99,66,131,100,73,127" hai3="74,107,59,17,53,81,25,2,47,20,65,52,16"/><T114/><D111/><U129/><E118/><V64/><F37/><W128/><G107/><T7/><D124/><U39/><E39/><V9/><F127/><W89/><G2/><T116/><D116/><U26/><E125/><V130/><F31/><N who="3" m="17831" /><G74/><T8/><D132/><U22/><E35/><V87/><F73/><W33/><G33/><T112/><D83/><U76/><E133/><V71/><F105/><W91/><G128/><T108/><D108/><U21/><E129/><N who="2" m="49163" /><F71/><W120/><G120/><T123/><D123/><U98/><E76/><N who="2" m="46535" /><F9/><N who="0" m="3658" /><D13/><U119/><E119/><V42/><F42/><W135/><G135/><T46/><D46/><U115/><E10/><V15/><F15/><W121/><G121/><T58/><D58/><AGARI ba="1,0" hai="55,58,62,64,66,94,99,100" m="46535,49163" machi="58" ten="30,1000,0" yaku="19,1" doraHai="110" who="2" fromWho="0" sc="260,-13,260,0,220,13,260,0" /><INIT seed="1,0,0,5,4,11" ten="247,260,233,260" oya="1" hai0="135,56,133,17,39,125,64,59,105,79,77,106,52" hai1="102,114,115,82,61,120,116,32,87,30,96,45,60" hai2="1,16,101,99,88,33,83,42,8,69,25,90,10" hai3="95,2,85,57,19,12,98,43,63,118,126,67,13"/><U40/><E116/><V71/><F1/><W37/><G2/><T80/><D39/><U129/><E120/><V47/><F69/><W6/><G118/><T119/><D119/><U131/><E30/><V91/><F71/><W18/><G126/><T65/><D17/><N who="3" m="6153" /><G37/><T0/><D0/><U128/><E32/><V27/><F33/><W46/><G6/><T132/><D125/><U130/><N who="1" m="32768" /><DORA hai="94" /><U122/><E122/><V21/><F27/><W44/><G85/><T113/><D113/><N who="1" m="43019" /><E45/><N who="3" m="17514" /><G43/><T75/><D79/><N who="1" m="46559" /><E40/><V62/><F83/><W14/><G14/><T86/><D75/><U123/><E123/><V24/><F24/><W107/><G107/><AGARI ba="0,0" hai="60,61,96,102,107" m="46559,43019,32768" machi="107" ten="60,5800,0" yaku="19,1,52,1" doraHai="11,94" who="1" fromWho="3" sc="247,0,260,58,233,0,260,-58" /><INIT seed="1,1,0,0,5,10" ten="247,318,233,202" oya="1" hai0="127,129,27,80,79,105,21,73,17,101,62,3,123" hai1="66,67,18,86,74,75,11,45,23,15,7,40,42" hai2="34,128,108,135,16,84,134,60,116,38,46,5,77" hai3="68,117,8,49,1,65,56,130,112,64,6,114,126"/><U31/><E31/><V95/><F116/><W2/><G117/><T87/><D123/><U55/><E75/><V29/><F5/><W22/><G126/><T36/><D127/><U96/><E74/><V51/><F38/><W120/><G120/><T28/><D129/><U48/><E96/><V99/><F128/><W92/><G130/><T121/><D3/><U53/><E86/><V78/><F108/><W12/><G68/><T19/><D36/><U52/><REACH who="1" step="1"/><E40/><REACH who="1" ten="247,308,233,202" step="2"/><V43/><F84/><W59/><G112/><T106/><D73/><U44/><E44/><V72/><F72/><W25/><G114/><T0/><D28/><U94/><E94/><V98/><F29/><W102/><G92/><T125/><D87/><U76/><E76/><V115/><F115/><W9/><G2/><AGARI ba="1,1" hai="2,7,11,15,18,23,42,45,48,52,53,55,66,67" machi="2" ten="40,7700,0" yaku="1,1,52,1,54,1,53,0" doraHai="10" doraHaiUra="132" who="1" fromWho="3" sc="247,0,308,90,233,0,202,-80" /><INIT seed="1,2,0,0,5,57" ten="247,398,233,122" oya="1" hai0="115,15,131,105,66,24,47,44,21,135,95,34,0" hai1="35,122,69,103,14,28,68,32,63,132,36,71,52" hai2="22,4,26,127,94,40,6,30,106,84,124,90,102" hai3="91,61,85,100,113,42,38,11,86,48,75,117,54"/><U93/><E122/><V59/><F40/><W18/><G113/><T8/><D105/><U73/><E36/><V74/><F74/><W101/><G75/><T17/><D115/><U23/><E73/><V50/><F106/><W64/><G117/><T112/><D112/><U107/><E132/><V88/><F102/><W109/><G109/><T89/><D131/><U16/><E107/><V116/><F116/><W96/><G42/><T46/><D135/><U5/><E5/><V25/><F25/><W10/><G38/><T79/><D79/><U27/><E35/><V37/><F37/><W134/><G134/><T125/><D125/><N who="2" m="48202" /><F90/><W41/><G41/><T19/><D0/><U83/><E83/><V67/><F50/><W128/><G128/><T3/><D3/><U104/><E93/><V129/><F129/><W81/><G100/><T49/><D34/><U31/><E31/><V12/><F12/><W77/><G101/><T133/><D66/><N who="1" m="41055" /><E52/><V2/><F2/><W121/><G121/><T80/><D80/><U56/><E56/><V13/><F13/><W119/><G119/><T82/><D82/><U43/><E43/><V123/><F123/><W55/><G55/><N who="0" m="30119" /><D133/><U1/><E1/><V111/><F111/><W7/><G54/><T99/><AGARI ba="2,0" hai="8,15,17,19,21,24,46,47,89,95,99" m="30119" machi="99" ten="30,1100,0" yaku="8,1" doraHai="57" who="0" fromWho="0" sc="247,17,398,-7,233,-5,122,-5" /><INIT seed="2,0,0,3,3,60" ten="264,391,228,117" oya="2" hai0="119,73,34,62,17,99,69,121,124,2,115,18,55" hai1="52,23,3,12,61,38,33,90,126,102,116,11,98" hai2="30,128,127,88,95,44,109,105,123,36,6,42,82" hai3="106,53,91,87,9,84,113,7,49,15,70,97,129"/><V68/><F123/><W22/><G129/><T77/><D115/><U64/><E116/><V86/><F128/><W51/><G113/><T65/><D124/><U80/><E33/><V132/><F127/><W120/><G120/><T8/><D119/><U118/><E118/><V5/><F105/><W35/><G35/><T0/><D34/><U85/><E126/><V32/><F132/><W104/><G70/><T103/><D121/><U13/><E38/><V71/><F109/><W59/><G104/><T79/><D55/><U25/><E3/><V117/><F117/><W21/><G106/><T131/><D131/><U56/><E52/><V48/><F36/><W29/><G51/><T47/><D47/><U41/><E41/><V74/><F30/><W39/><G39/><T19/><D73/><U111/><E111/><V75/><F32/><W76/><G29/><T83/><D8/><U54/><E54/><V125/><F125/><W67/><G67/><T37/><D37/><U96/><E11/><V66/><F71/><W4/><G4/><N who="2" m="1641" /><F82/><W93/><REACH who="3" step="1"/><G76/><REACH who="3" ten="264,391,228,107" step="2"/><T46/><D79/><U63/><E64/><V31/><F31/><W16/><G16/><T1/><D77/><U58/><E63/><N who="2" m="40031" /><F48/><W10/><G10/><T114/><D114/><U89/><E61/><V112/><F112/><W110/><G110/><T57/><D69/><U20/><E20/><AGARI ba="0,1" hai="7,9,15,20,21,22,49,53,59,84,87,91,93,97" machi="20" ten="40,8000,1" yaku="1,1,8,1,53,2" doraHai="60" doraHaiUra="81" who="3" fromWho="1" sc="264,0,391,-80,228,0,107,90" /><INIT seed="3,0,0,5,5,135" ten="264,311,228,197" oya="3" hai0="12,105,65,122,80,27,16,0,50,20,133,31,17" hai1="48,99,92,41,57,51,54,8,88,39,79,113,24" hai2="87,121,28,37,63,115,4,36,59,116,64,124,30" hai3="126,107,47,42,94,44,40,10,112,13,2,66,91"/><W23/><G112/><T7/><D133/><U96/><E113/><V89/><F115/><W85/><G107/><T15/><D105/><U71/><E71/><V68/><F116/><W123/><G123/><T100/><D100/><U128/><E128/><V134/><F121/><W90/><G2/><T3/><D65/><U108/><E108/><V14/><F134/><W131/><G131/><T52/><D80/><U29/><E39/><V61/><F36/><W18/><G126/><T129/><D129/><U60/><E79/><V82/><F37/><W33/><G33/><T9/><D122/><U93/><E8/><V55/><REACH who="2" step="1"/><F124/><REACH who="2" ten="264,311,218,197" step="2"/><W21/><G66/><T73/><D73/><U75/><E75/><V32/><F32/><W102/><G102/><T74/><D74/><U38/><E38/><V45/><F45/><N who="3" m="17483" /><G91/><T95/><D0/><U84/><E41/><AGARI ba="0,1" hai="10,13,18,21,23,40,41,42,85,90,94" m="17483" machi="41" ten="30,1500,0" yaku="8,1" doraHai="135" who="3" fromWho="1" sc="264,0,311,-15,218,0,197,25" /><INIT seed="3,1,0,5,4,83" ten="264,296,218,222" oya="3" hai0="43,133,91,67,69,23,130,45,81,55,46,98,54" hai1="34,108,102,38,116,92,15,36,117,57,47,115,118" hai2="42,51,64,105,126,125,52,14,106,96,11,119,28" hai3="78,132,113,120,21,66,35,121,27,20,99,95,29"/><W73/><G113/><T74/><D133/><U19/><E34/><V82/><F119/><W12/><G132/><T123/><D123/><U39/><E115/><V17/><F42/><W109/><G73/><T93/><D130/><U107/><E107/><V8/><F28/><W1/><G78/><T9/><D69/><U0/><E0/><V89/><F64/><W70/><G1/><T4/><D67/><U62/><E108/><V22/><F82/><W135/><G135/><T40/><D23/><N who="1" m="11775" /><E92/><N who="2" m="56335" /><F105/><W7/><G109/><T61/><D61/><U87/><E87/><V44/><F106/><W88/><G35/><T60/><D60/><U6/><E6/><V129/><F129/><W111/><G111/><T112/><D112/><U75/><E102/><V13/><F13/><W77/><G77/><N who="0" m="44215" /><D45/><U97/><E97/><V48/><F48/><W128/><G128/><T3/><D43/><N who="1" m="23015" /><E75/><V104/><F104/><W94/><G94/><T124/><D124/><AGARI ba="1,0" hai="8,11,14,17,22,44,51,52,124,125,126" m="56335" machi="124" ten="30,2000,0" yaku="18,1,54,1" doraHai="83" who="2" fromWho="0" sc="264,-23,296,0,218,23,222,0" /><INIT seed="4,0,0,2,4,74" ten="241,296,241,222" oya="0" hai0="134,107,59,133,83,99,86,47,5,135,0,24,54" hai1="34,79,63,58,72,19,108,101,39,122,3,11,118" hai2="84,4,128,17,42,20,125,45,81,15,102,41,61" hai3="57,1,132,94,52,40,114,87,129,56,33,32,103"/><T124/><D124/><U92/><E122/><V126/><F128/><W21/><G1/><T7/><D47/><U66/><E118/><V111/><F111/><W16/><G129/><T130/><D130/><U29/><E108/><V37/><F102/><W77/><G33/><T67/><D67/><U8/><E39/><V30/><F30/><W104/><G32/><T117/><D117/><U109/><E109/><V121/><F121/><W116/><G104/><T14/><D0/><U95/><E101/><V127/><F4/><N who="0" m="1610" /><D14/><U90/><E3/><V26/><F61/><N who="3" m="35975" /><G132/><T12/><D12/><U35/><E95/><V98/><F98/><N who="3" m="59863" /><G114/><T85/><D24/><U23/><E35/><V31/><F37/><W22/><G116/><T68/><D68/><U106/><E106/><V46/><F42/><W64/><G40/><T9/><D99/><U13/><E29/><V80/><F41/><W97/><G97/><T70/><D107/><U75/><E34/><N who="2" m="20855" /><F80/><N who="3" m="47503" /><G16/><T76/><D70/><U18/><E19/><V36/><F36/><W73/><G73/><N who="0" m="43407" /><D9/><U113/><E72/><V78/><AGARI ba="0,0" hai="15,17,20,45,46,78,81,84,125,126,127" m="20855" machi="78" ten="30,2000,0" yaku="18,1,52,1" doraHai="74" who="2" fromWho="2" sc="241,-10,296,-5,241,20,222,-5" /><INIT seed="5,0,0,1,2,91" ten="231,291,261,217" oya="1" hai0="25,85,124,49,12,87,15,24,111,1,23,43,0" hai1="32,105,3,14,98,37,132,93,106,116,103,62,109" hai2="7,18,22,107,64,78,51,77,70,65,104,110,53" hai3="86,100,30,48,113,129,17,72,118,29,126,123,67"/><U36/><E116/><V102/><F110/><W42/><G123/><T56/><D111/><U34/><E3/><V127/><F127/><W10/><G72/><T45/><D124/><U69/><E109/><V27/><F7/><W75/><G75/><T38/><D38/><U88/><E106/><V95/><F104/><W4/><G126/><T52/><D0/><U125/><E125/><V19/><F107/><W135/><G118/><T97/><D25/><U47/><E132/><V128/><F128/><W40/><G135/><T96/><D1/><U83/><E83/><V121/><F121/><W59/><G129/><T84/><D97/><U92/><E105/><V50/><F70/><W2/><G113/><T117/><D96/><U115/><E115/><V41/><F18/><W134/><G134/><T31/><REACH who="0" step="1"/><D117/><REACH who="0" ten="221,291,261,217" step="2"/><U74/><E37/><V58/><F27/><W122/><G122/><T119/><D119/><U54/><E36/><V79/><F77/><W11/><G2/><T44/><D44/><U63/><E47/><N who="2" m="25967" /><F79/><W89/><G100/><T16/><D16/><U82/><E14/><N who="2" m="9591" /><F78/><W73/><G17/><T114/><D114/><U130/><E103/><V81/><F81/><W101/><G101/><T57/><D57/><U6/><E98/><AGARI ba="0,1" hai="51,53,58,64,65,95,98,102" m="9591,25967" machi="98" ten="30,2000,0" yaku="8,1,52,1" doraHai="91" who="2" fromWho="1" sc="221,0,291,-20,261,30,217,0" /><INIT seed="6,0,0,5,3,83" ten="221,271,291,217" oya="2" hai0="41,66,105,0,86,126,52,58,76,85,127,16,27" hai1="4,107,116,61,7,43,17,37,39,131,63,97,128" hai2="132,81,35,49,47,42,5,64,113,112,71,38,111" hai3="123,29,72,68,94,22,133,45,21,15,30,55,88"/><V98/><F132/><W82/><G123/><T34/><D105/><U117/><E97/><V101/><F111/><W32/><G133/><T77/><D0/><U51/><E107/><N who="2" m="63927" /><F35/><W92/><G68/><T118/><D66/><U25/><E25/><V28/><F28/><N who="3" m="10859" /><G72/><T6/><D6/><U79/><E79/><N who="0" m="30281" /><D41/><U1/><E17/><V100/><F5/><W44/><G32/><T8/><D34/><U114/><E1/><V80/><F100/><W90/><G82/><T33/><D33/><U3/><E3/><V73/><F73/><W10/><G55/><T96/><D96/><U23/><E23/><N who="3" m="8714" /><G94/><T40/><D118/><U12/><E117/><V11/><F38/><W109/><G109/><T121/><D121/><U56/><E116/><V69/><F69/><W50/><G50/><N who="0" m="30999" /><D40/><U91/><E43/><V106/><F106/><W99/><G90/><T48/><D48/><U120/><E91/><V102/><F102/><W2/><G2/><T36/><D36/><U67/><E51/><V108/><F108/><W78/><G78/><T14/><D27/><U19/><E120/><V129/><F71/><W53/><G53/><T65/><D65/><U54/><E67/><V26/><F64/><W119/><G119/><T9/><D9/><N who="1" m="6543" /><E63/><V115/><F11/><W24/><G24/><T130/><D130/><N who="1" m="49707" /><E39/><V93/><F129/><W60/><G60/><T57/><D57/><U70/><E37/><V31/><F93/><W62/><G62/><T104/><D104/><U110/><E70/><V103/><F103/><W124/><G124/><AGARI ba="0,0" hai="8,14,16,85,86,124,126,127" m="30999,30281" machi="124" ten="30,8000,1" yaku="18,1,52,2,54,2" doraHai="83" who="0" fromWho="3" sc="221,80,271,0,291,0,217,-80" owari="301,40.1,271,-12.9,291,9.1,137,-36.3" /></mjloggm>