<mjloggm ver="2.3"><GO type="225" lobby="0"/><UN n0="%E3%81%8B%E3%82%8F%E3%81%A1%E3%82%83%E3%82%93%35%38" n1="%E3%81%BE%E3%81%A8%E3%81%9F" n2="%E3%83%96%E3%83%83%E3%83%91%E3%82%AA%E3%83%96%E3%83%81%E3%82%AD%E3%83%B3" n3="%E6%81%A5%E6%99%92%E3%81%97" dan="16,16,16,16" rate="2165.30,2130.77,2196.48,2147.45" sx="M,M,M,M"/><TAIKYOKU oya="0"/><INIT seed="0,0,0,1,0,9" ten="250,250,250,250" oya="0" hai0="120,70,52,37,41,82,35,81,48,74,22,103,79" hai1="107,46,124,3,106,14,93,2,49,13,92,134,16" hai2="18,38,84,116,75,51,127,80,36,85,117,114,115" hai3="104,58,89,1,59,126,68,57,121,132,34,105,12"/><T0/><D120/><U23/><E124/><V118/><F127/><W5/><G126/><T102/><D35/><U30/><E30/><V78/><F51/><W76/><G68/><T128/><D128/><U129/><E129/><V54/><F54/><W45/><G34/><T31/><D0/><U112/><E134/><V94/><F18/><W26/><G76/><T135/><D135/><U6/><E6/><V43/><F43/><W109/><G132/><T17/><D70/><U50/><E23/><V119/><N who="2" m="29696" /><DORA hai="87" /><V98/><F36/><W55/><G1/><T15/><D31/><U97/><E97/><V71/><F38/><W20/><G121/><T111/><D111/><U27/><E27/><V7/><F7/><W91/><G109/><T96/><D96/><U24/><E24/><V130/><F71/><W125/><G125/><T108/><D108/><U19/><REACH who="1" step="1"/><E46/><REACH who="1" ten="250,240,250,250" step="2"/><V56/><F130/><W86/><G45/><T123/><D123/><U83/><E83/><V101/><REACH who="2" step="1"/><F56/><REACH who="2" ten="250,240,240,250" step="2"/><W21/><G59/><T122/><D122/><U100/><E100/><V33/><F33/><W88/><G58/><N who="0" m="33031" /><D103/><U133/><E133/><V42/><F42/><W8/><G57/><T67/><D102/><U95/><E95/><V77/><F77/><W66/><G26/><T40/><D82/><U62/><E62/><V69/><F69/><W47/><G105/><T61/><D37/><U53/><E53/><V10/><F10/><W99/><G104/><T29/><D29/><U60/><E60/><V113/><AGARI ba="0,2" hai="75,78,80,84,85,94,98,101,113,114,115" m="29696" machi="113" ten="70,16000,3" yaku="1,1,0,1,12,1,34,3,53,3" doraHai="9,87" doraHaiUra="110,4" who="2" fromWho="2" sc="250,-80,240,-40,240,180,250,-40" /><INIT seed="1,0,0,4,2,77" ten="170,200,420,210" oya="1" hai0="34,127,3,104,101,61,38,42,27,134,69,45,111" hai1="87,125,32,59,113,44,1,108,63,2,123,52,115" hai2="17,30,107,99,132,65,78,8,19,82,33,102,98" hai3="60,20,71,43,96,22,90,120,86,121,124,23,73"/><U135/><E123/><V7/><F132/><W29/><G73/><T37/><D111/><U64/><E135/><V74/><F99/><W66/><G124/><T53/><D134/><U126/><E32/><V79/><F65/><W95/><G43/><T85/><D85/><U48/><E108/><V0/><REACH who="2" step="1"/><F79/><REACH who="2" ten="170,200,410,210" step="2"/><W97/><REACH who="3" step="1"/><G29/><REACH who="3" ten="170,200,410,200" step="2"/><T9/><D127/><N who="1" m="48651" /><E87/><V118/><F118/><W14/><G14/><T94/><D3/><AGARI ba="0,2" hai="1,2,3,44,48,52,59,63,64,113,115" m="48651" machi="3" ten="30,2900,0" yaku="18,1,54,1" doraHai="77" who="1" fromWho="0" sc="170,-29,200,49,410,0,200,0" /><INIT seed="1,1,0,4,4,133" ten="141,249,410,200" oya="1" hai0="72,53,82,40,126,14,97,104,4,107,23,131,8" hai1="6,90,13,83,19,73,42,91,93,28,59,5,0" hai2="51,62,96,2,128,12,113,43,36,115,63,69,94" hai3="67,106,78,17,10,100,122,64,27,129,39,31,92"/><U65/><E42/><V76/><F2/><W101/><G122/><T87/><D131/><U110/><E28/><V89/><F128/><W112/><G112/><N who="2" m="43081" /><F76/><W61/><G39/><T15/><D72/><U103/><E0/><V120/><F120/><W32/><G129/><T25/><D40/><U66/><E103/><V37/><F12/><W55/><G78/><T84/><D97/><U3/><E3/><V50/><F36/><W70/><G67/><T34/><D34/><U85/><E73/><V125/><F125/><W7/><G55/><T21/><D87/><U35/><E35/><V86/><F86/><W26/><G7/><N who="1" m="2570" /><E59/><V58/><F69/><W116/><G116/><T117/><D117/><U54/><E54/><N who="2" m="32095" /><F37/><W16/><G106/><T121/><D121/><U81/><E110/><V47/><AGARI ba="1,0" hai="43,47,50,62,63,89,94,96" m="32095,43081" machi="47" ten="30,1100,0" yaku="11,1" doraHai="133" who="2" fromWho="2" sc="141,-4,249,-6,410,14,200,-4" /><INIT seed="2,0,0,0,3,94" ten="137,243,424,196" oya="2" hai0="98,113,119,45,33,51,20,46,101,53,107,106,19" hai1="125,42,38,100,28,118,121,109,130,105,112,108,123" hai2="44,1,129,93,3,23,0,77,43,115,126,74,31" hai3="128,7,102,21,116,48,79,61,55,87,71,57,97"/><V22/><F115/><W59/><G128/><T135/><D135/><U124/><E28/><V95/><F129/><W9/><G116/><T5/><D119/><U29/><E29/><V70/><F70/><W89/><G71/><T37/><D113/><U40/><E118/><V83/><F126/><N who="1" m="48745" /><E130/><V127/><F127/><W85/><G79/><T32/><D5/><U114/><E100/><V65/><F65/><W16/><G9/><T13/><REACH who="0" step="1"/><D106/><REACH who="0" ten="127,243,424,196" step="2"/><U110/><E105/><V64/><F1/><W49/><G7/><T76/><D76/><U58/><E112/><V82/><F3/><W78/><G78/><T96/><D96/><U69/><E114/><V68/><F0/><W134/><G134/><T50/><D50/><U6/><E6/><V84/><F77/><W62/><G48/><T54/><D54/><U36/><E36/><V35/><F64/><W25/><G49/><T104/><D104/><U11/><E38/><V2/><F2/><W92/><G89/><T17/><D17/><U47/><E110/><V26/><F74/><W4/><G4/><T72/><D72/><U73/><E73/><V90/><F31/><W122/><G122/><T91/><D91/><U117/><E121/><V120/><F90/><W30/><G30/><T67/><D67/><AGARI ba="0,1" hai="16,21,25,55,57,59,61,62,67,85,87,92,97,102" machi="67" ten="30,7700,0" yaku="7,1,8,1,52,1,54,1" doraHai="94" who="3" fromWho="0" sc="127,-77,243,0,424,0,196,87" /><INIT seed="3,0,0,0,4,66" ten="50,243,424,283" oya="3" hai0="39,46,117,93,13,122,24,20,92,87,76,6,68" hai1="124,62,115,105,84,59,19,44,131,119,72,65,108" hai2="32,53,71,85,132,43,130,94,73,116,28,103,52" hai3="29,110,8,33,113,41,9,15,42,83,128,70,78"/><W4/><G113/><T118/><D122/><U10/><E72/><V79/><F116/><W89/><G128/><T50/><D39/><U21/><E115/><V69/><F130/><W125/><G125/><T82/><D118/><U60/><E108/><V0/><F0/><W57/><G110/><T49/><D117/><U54/><E119/><V81/><F43/><W31/><G89/><T90/><D50/><U99/><E131/><V12/><F32/><W14/><G57/><T67/><D67/><U7/><E44/><V37/><F28/><W26/><G31/><T112/><D112/><U120/><E124/><V91/><F37/><W135/><G135/><T48/><D48/><U127/><E127/><V133/><F12/><W47/><G47/><T109/><D109/><U11/><E84/><V35/><F35/><W56/><G56/><T80/><D68/><N who="2" m="26186" /><F103/><W96/><G70/><T98/><D13/><U45/><E7/><V1/><F1/><W25/><G4/><T40/><D6/><U121/><E120/><V23/><F23/><W88/><G33/><T27/><D27/><N who="1" m="14783" /><E62/><V34/><F34/><W55/><G15/><T22/><D22/><U64/><E121/><V114/><F114/><W2/><G14/><T104/><D104/><U111/><E111/><V129/><F129/><W36/><G2/><T106/><D106/><U18/><E18/><V107/><F107/><W51/><G36/><T74/><D98/><U63/><E63/><V58/><F58/><W3/><G3/><T102/><D102/><N who="1" m="62687" /><E65/><V30/><F30/><W134/><G29/><N who="0" m="17543" /><D46/><U123/><E123/><RYUUKYOKU ba="0,0" sc="50,10,243,10,424,10,283,-30" hai0="40,49,74,76,80,82,87,90,92,93" hai1="10,11,45,54,59,60,64" hai2="52,53,73,79,81,85,91,94,132,133" owari="60,-44.0,253,5.3,434,53.4,253,-14.7" /></mjloggm>