<mjloggm ver="2.3"><GO type="225" lobby="0"/><UN n0="%E3%82%A2%E3%83%9E%E3%83%9D%EF%BD%9E%EF%BD%9E%E3%83%A9" n1="%E5%91%89%E5%AF%8C%E6%98%A5" n2="%E6%97%A5%E6%9B%9C%E6%97%A5%E3%82%88%E3%82%8A%E3%81%AE%E4%BD%BF%E8%80%85" n3="%E3%81%82%E3%81%84%E3%81%82%E3%81%8A%E3%81%84" dan="17,16,17,18" rate="2110.33,2077.11,2216.72,2227.05" sx="M,M,M,M"/><TAIKYOKU oya="0"/><INIT seed="0,0,0,5,1,21" ten="250,250,250,250" oya="0" hai0="129,2,92,79,9,95,110,104,127,32,68,43,52" hai1="45,57,74,85,67,19,109,63,130,34,73,0,28" hai2="8,105,96,6,14,30,102,39,26,47,36,66,115" hai3="91,75,38,97,56,50,25,58,22,132,134,48,46"/><T7/><D127/><U69/><E0/><V24/><F115/><W5/><G75/><T106/><D129/><U88/><E109/><V133/><F133/><N who="3" m="51307" /><G38/><T112/><D112/><U72/><E130/><V76/><F76/><W35/><G35/><T90/><D79/><U10/><E45/><V114/><F114/><W20/><G5/><T12/><D43/><U18/><E10/><V17/><F66/><W13/><G13/><T111/><D68/><U108/><E108/><N who="0" m="41513" /><D32/><U4/><E4/><V54/><F6/><W121/><G20/><T122/><D122/><U86/><E86/><V62/><F30/><N who="3" m="17719" /><G50/><T98/><D2/><U125/><E125/><V3/><F3/><W113/><G121/><T77/><D77/><U123/><E123/><V64/><F39/><W60/><G60/><T124/><D124/><U31/><E69/><V135/><F135/><W81/><G113/><T59/><D95/><U78/><E78/><V84/><F36/><W93/><G81/><T16/><D7/><U83/><REACH who="1" step="1"/><E31/><REACH who="1" ten="250,240,250,250" step="2"/><V128/><F128/><W94/><G93/><T103/><D103/><U11/><E11/><V101/><F101/><W42/><AGARI ba="0,1" hai="42,46,48,56,58,91,94,97" m="17719,51307" machi="42" ten="30,2000,0" yaku="20,1,52,1" doraHai="21" who="3" fromWho="3" sc="250,-10,240,-5,250,-5,250,30" /><INIT seed="1,0,0,2,5,41" ten="240,235,245,280" oya="1" hai0="85,40,60,119,129,12,124,128,15,37,97,38,102" hai1="23,49,22,4,16,112,117,14,110,20,6,55,63" hai2="126,113,84,91,50,31,94,26,132,65,28,83,25" hai3="57,67,81,127,92,3,51,36,95,2,80,18,13"/><U42/><E112/><V90/><F113/><W76/><G36/><T45/><D119/><U35/><E117/><V24/><F126/><W122/><G127/><T69/><D85/><U27/><E35/><V103/><F132/><W109/><G109/><T131/><D38/><U10/><E110/><V89/><F65/><W56/><G122/><T46/><D124/><U106/><E106/><V8/><F8/><W43/><G67/><N who="0" m="41191" /><D45/><N who="1" m="25783" /><E27/><V21/><F50/><W87/><G81/><T72/><D72/><U104/><E104/><AGARI ba="0,0" hai="12,15,37,40,46,97,102,104,128,129,131" m="41191" machi="104" ten="30,2000,0" yaku="19,1,52,1" doraHai="41" who="0" fromWho="1" sc="240,20,235,-20,245,0,280,0" /><INIT seed="2,0,0,0,1,116" ten="260,215,245,280" oya="2" hai0="117,109,134,56,124,85,11,122,43,127,20,45,62" hai1="24,10,112,86,33,88,36,58,21,9,114,92,3" hai2="77,23,115,84,16,73,65,75,90,37,35,111,104" hai3="130,72,27,34,89,99,14,46,132,110,96,55,119"/><V78/><F35/><W105/><G72/><T12/><D117/><U81/><E36/><V22/><F115/><W94/><G119/><T19/><D109/><U118/><E118/><V128/><F37/><W91/><G110/><T39/><D134/><U30/><E3/><V113/><F104/><W7/><G132/><T38/><D38/><U53/><E33/><V67/><F113/><W76/><G76/><N who="2" m="29289" /><F75/><W121/><G130/><T18/><D85/><N who="1" m="52239" /><E114/><V129/><F73/><W40/><G55/><T48/><D39/><U61/><E112/><V93/><F23/><W51/><G105/><T103/><D103/><U68/><E68/><V74/><F74/><W125/><G125/><N who="0" m="48203" /><D122/><U57/><E58/><V59/><F59/><W8/><G121/><T60/><D56/><U131/><E131/><N who="2" m="50251" /><F111/><W50/><G34/><T17/><D20/><U6/><E6/><AGARI ba="0,0" hai="6,11,12,17,18,19,43,45,48,60,62" m="48203" machi="6" ten="30,1000,0" yaku="18,1" doraHai="116" who="0" fromWho="1" sc="260,10,215,-10,245,0,280,0" /><INIT seed="3,0,0,4,1,114" ten="270,205,245,280" oya="3" hai0="84,101,11,131,81,34,75,48,56,80,83,96,90" hai1="62,78,14,79,121,40,32,3,42,117,119,2,74" hai2="68,57,24,36,8,108,26,126,77,1,21,82,61" hai3="97,109,37,98,45,123,122,102,63,50,49,125,5"/><W103/><G37/><T65/><D34/><U124/><E121/><V115/><F36/><W130/><G5/><T19/><D131/><U28/><E124/><V51/><F68/><W27/><G130/><T133/><D133/><U23/><E32/><V129/><F1/><N who="1" m="9" /><E62/><V73/><F8/><W16/><G125/><T92/><D75/><U87/><E87/><V71/><F71/><W72/><G72/><T111/><D111/><U25/><E14/><V39/><F39/><W113/><G113/><T67/><D48/><U38/><E74/><V17/><F51/><W29/><G63/><N who="0" m="38119" /><D67/><U9/><E9/><V69/><F69/><W100/><G109/><T94/><D19/><U52/><E52/><V116/><F108/><W132/><G50/><T118/><D11/><U86/><E86/><V44/><F44/><W58/><G58/><T6/><D6/><U134/><E134/><V66/><F115/><W22/><G132/><T12/><D12/><U93/><E93/><V4/><F4/><W85/><G85/><T76/><D76/><N who="1" m="29227" /><E38/><V47/><F126/><W112/><G112/><T60/><D60/><U110/><E110/><V53/><F129/><W10/><G122/><T59/><D59/><U35/><E35/><V18/><F53/><N who="3" m="29871" /><G123/><T0/><D0/><U31/><E31/><V54/><F54/><W104/><G10/><T107/><D94/><U41/><E28/><V70/><F70/><W43/><G29/><T88/><D90/><U20/><E25/><N who="2" m="9835" /><F47/><W33/><G33/><T7/><D7/><U64/><E64/><V95/><F95/><N who="3" m="58431" /><G43/><N who="1" m="11010" /><U135/><DORA hai="106" /><E135/><RYUUKYOKU ba="0,0" sc="270,10,205,10,245,-30,280,10" hai0="80,81,83,84,88,92,96,101,107,118" hai1="20,23,117,119" hai3="16,22,27,98,102,103,104" /><INIT seed="3,1,0,4,1,130" ten="280,215,215,290" oya="3" hai0="112,65,94,105,135,57,108,31,117,45,4,88,129" hai1="80,68,96,25,58,120,86,36,54,14,5,24,26" hai2="83,133,8,109,106,75,101,87,95,59,74,97,42" hai3="100,48,71,98,10,39,99,33,103,119,22,56,62"/><W40/><G33/><T70/><D117/><U111/><E111/><V27/><F109/><W113/><G119/><T118/><D105/><U76/><E120/><V9/><F42/><W6/><G113/><T43/><D70/><U73/><E68/><V104/><F27/><W102/><G39/><T19/><D129/><U37/><E73/><V121/><F121/><W11/><G71/><T125/><D125/><U72/><E72/><V69/><F69/><W28/><G28/><T15/><D112/><U89/><E96/><N who="3" m="36906" /><G22/><T49/><D135/><U122/><E122/><V50/><F133/><W114/><G114/><T85/><D118/><U17/><E5/><V53/><F75/><W0/><G0/><T66/><D108/><U52/><E54/><V35/><F35/><W90/><G90/><T32/><D4/><U44/><E44/><V116/><F116/><W84/><G84/><T41/><D41/><U61/><REACH who="1" step="1"/><E89/><REACH who="1" ten="280,205,215,290" step="2"/><N who="2" m="53695" /><F106/><W81/><G6/><T18/><D65/><U47/><E47/><V51/><F51/><W132/><G48/><T21/><D66/><U64/><E64/><V46/><F46/><W2/><G102/><T20/><D57/><U7/><E7/><V38/><F38/><W134/><G103/><T115/><D115/><U123/><E123/><V93/><F104/><W128/><G100/><T131/><D131/><U67/><E67/><V3/><F3/><W110/><G2/><T79/><D49/><U63/><E63/><V107/><F107/><W12/><G128/><T1/><D1/><U77/><E77/><N who="2" m="44471" /><F50/><W124/><G110/><T126/><D45/><RYUUKYOKU ba="1,1" sc="280,-15,205,15,215,15,290,-15" hai1="14,17,24,25,26,36,37,52,58,61,76,80,86" hai2="8,9,53,59,93,97,101" /><INIT seed="4,2,1,3,2,34" ten="265,220,230,275" oya="0" hai0="121,82,68,1,130,64,122,76,81,104,11,61,45" hai1="115,20,47,24,135,118,124,78,72,79,84,44,25" hai2="7,9,83,102,87,17,60,32,62,120,40,66,123" hai3="133,73,23,14,77,48,5,125,27,56,42,70,92"/><T69/><D82/><U98/><E118/><V28/><F40/><W33/><G70/><N who="0" m="42255" /><D130/><U52/><E124/><V71/><F17/><W13/><G33/><T95/><D95/><U4/><E135/><V129/><F62/><W96/><G133/><T2/><D45/><U65/><E72/><V91/><F102/><W99/><G125/><T74/><D104/><U29/><E115/><V113/><F113/><W97/><G73/><T110/><D110/><U38/><E65/><V57/><F71/><N who="0" m="27210" /><D11/><U12/><E38/><V31/><F129/><W22/><G77/><T131/><D131/><U10/><E98/><V108/><F108/><W109/><G109/><T51/><D51/><N who="1" m="28775" /><E47/><V111/><F111/><W94/><G97/><T112/><D112/><U114/><E114/><V39/><F39/><W6/><G42/><T46/><D46/><U126/><E126/><V90/><F90/><W54/><G48/><T18/><D18/><N who="1" m="12311" /><E84/><V88/><F87/><W117/><G99/><T49/><D49/><U3/><E3/><AGARI ba="2,1" hai="1,2,3,74,76,81,121,122" m="27210,42255" machi="3" ten="30,11600,0" yaku="23,1,52,3" doraHai="34" who="0" fromWho="1" sc="265,132,220,-122,230,0,275,0" owari="397,49.7,98,-40.2,230,-17.0,275,7.5" /></mjloggm>