<mjloggm ver="2.3"><GO type="225" lobby="0"/><UN n0="%E3%83%A9%E3%83%BC%E3%83%A1%E3%83%B3%E4%BA%94%E9%83%8E" n1="%73%69%67%65%6E%6F%72%69" n2="%E3%81%A4%E3%81%A3%E3%81%B1%E3%82%8A%E3%83%9D%E3%83%BC%E3%83%AB" n3="%E3%82%BC%E3%83%AB%E3%83%80%E3%81%AE%E4%BC%9D%E8%AA%AC" dan="16,18,17,17" rate="2067.91,2218.05,2161.09,2145.59" sx="M,M,M,M"/><TAIKYOKU oya="0"/><INIT seed="0,0,0,1,3,8" ten="250,250,250,250" oya="0" hai0="47,26,87,101,121,85,116,28,21,66,0,75,112" hai1="74,102,43,55,83,14,58,133,96,11,46,114,100" hai2="53,32,15,56,50,129,117,127,92,65,106,94,36" hai3="70,2,27,5,12,20,125,93,31,13,135,54,76"/><T120/><D112/><U110/><E110/><V59/><F32/><W98/><G70/><T57/><D116/><U99/><E133/><V19/><F106/><W48/><G135/><T79/><D0/><U115/><E74/><V113/><F36/><W4/><G125/><T108/><D75/><U103/><E83/><V128/><F113/><N who="1" m="43017" /><E58/><V42/><F42/><W30/><G76/><T122/><D108/><U95/><E55/><V45/><F127/><W124/><G30/><T72/><D101/><U109/><E109/><V37/><F117/><W105/><G105/><T126/><D126/><U89/><E99/><V10/><F37/><W107/><G107/><T132/><D132/><U62/><E62/><N who="2" m="38111" /><F56/><N who="3" m="32839" /><G2/><T23/><D47/><U80/><E80/><V130/><AGARI ba="0,0" hai="10,15,19,45,50,53,92,94,128,129,130" m="38111" machi="130" ten="30,2000,0" yaku="19,1,52,1" doraHai="8" who="2" fromWho="2" sc="250,-10,250,-5,250,20,250,-5" /><INIT seed="1,0,0,2,3,120" ten="240,245,270,245" oya="1" hai0="103,110,100,29,117,2,0,126,62,56,79,92,97" hai1="118,33,30,19,41,121,98,87,81,75,94,128,91" hai2="77,64,70,51,6,22,20,13,59,83,88,72,101" hai3="109,90,58,71,49,95,8,73,78,105,26,25,115"/><U76/><E121/><V32/><F32/><W38/><G115/><T11/><D117/><U21/><E118/><V80/><F101/><W86/><G71/><T3/><D126/><U16/><E128/><V133/><F70/><W52/><G38/><T53/><D29/><U116/><E116/><V93/><F133/><W63/><G109/><T23/><D110/><U42/><E33/><V4/><F83/><W131/><G131/><T24/><D79/><U61/><E61/><V134/><F134/><W28/><G105/><T82/><D82/><U67/><E67/><V48/><F48/><W5/><G73/><T132/><D132/><U12/><E30/><V69/><F69/><W129/><G129/><T50/><D50/><U31/><E31/><V135/><F135/><W40/><G78/><T84/><D84/><U17/><E75/><V106/><F106/><W96/><G96/><T47/><D47/><U36/><E36/><V15/><F15/><N who="3" m="5519" /><G28/><T60/><D60/><U102/><E76/><V99/><F64/><N who="3" m="39031" /><G40/><AGARI ba="0,0" hai="12,16,17,19,21,40,41,42,81,87,91,94,98,102" machi="40" ten="40,3900,0" yaku="8,1,54,1" doraHai="120" who="1" fromWho="3" sc="240,0,245,39,270,0,245,-39" /><INIT seed="1,1,0,5,3,25" ten="240,284,270,206" oya="1" hai0="35,10,7,128,91,74,100,46,123,135,129,1,119" hai1="58,120,61,0,104,40,9,47,52,93,11,70,115" hai2="44,48,68,53,98,64,130,125,65,133,36,51,42" hai3="19,23,57,101,77,109,132,3,95,15,30,21,89"/><U50/><E115/><V55/><F98/><W63/><G109/><T110/><D119/><U2/><E120/><V106/><F106/><W126/><G126/><T39/><D74/><U73/><E104/><V59/><F125/><W71/><G132/><T76/><D110/><U127/><E127/><V131/><F133/><W96/><G3/><T56/><D76/><U67/><E73/><V79/><F79/><W75/><G71/><T20/><D35/><U24/><E93/><V32/><F32/><W92/><G75/><T81/><D135/><U90/><E90/><V86/><F86/><W37/><G37/><T69/><D69/><U108/><E108/><V29/><F29/><W54/><G77/><T34/><D34/><U14/><E24/><V97/><F97/><W26/><REACH who="3" step="1"/><G95/><REACH who="3" ten="240,284,270,196" step="2"/><T5/><D1/><U60/><REACH who="1" step="1"/><E11/><REACH who="1" ten="240,274,270,196" step="2"/><V66/><F68/><W62/><G62/><T83/><D10/><U45/><E45/><AGARI ba="1,2" hai="36,42,44,45,48,51,53,55,59,64,65,66,130,131" machi="45" ten="40,5200,0" yaku="34,3" doraHai="25" who="2" fromWho="1" sc="240,0,274,-55,270,75,196,0" /><INIT seed="2,0,0,4,5,107" ten="240,219,345,196" oya="2" hai0="96,126,56,89,53,99,48,74,113,127,95,43,130" hai1="27,81,66,125,32,0,61,93,20,87,17,122,45" hai2="13,9,2,85,8,60,112,78,119,101,129,75,86" hai3="28,58,76,110,21,70,14,5,33,117,10,90,92"/><V46/><F112/><W104/><G70/><T111/><D113/><U124/><E122/><V38/><F119/><W69/><G69/><T121/><D121/><U83/><E0/><V7/><F101/><W18/><G117/><T63/><D111/><U62/><E32/><V34/><F34/><W94/><G104/><T1/><D1/><U100/><E45/><V116/><F60/><N who="1" m="23145" /><E66/><V15/><F129/><W22/><G110/><T72/><D130/><U24/><E24/><V132/><F132/><W49/><G76/><T80/><D99/><N who="1" m="59503" /><E87/><N who="2" m="33291" /><F9/><W77/><G77/><T135/><D135/><U31/><E31/><V41/><F116/><W55/><G33/><T97/><D97/><U35/><E35/><V36/><F36/><W30/><G21/><T103/><D103/><U52/><E52/><V50/><F50/><W23/><G22/><T123/><D123/><U84/><E84/><V120/><F120/><W105/><G105/><T102/><D102/><U79/><E79/><V64/><F64/><W71/><G71/><T26/><D26/><U19/><E19/><V88/><F88/><W118/><G118/><T82/><D43/><U73/><E73/><N who="0" m="28265" /><D63/><U91/><E91/><V25/><F25/><N who="3" m="14583" /><G90/><T4/><D4/><U51/><E51/><V12/><F2/><W37/><G37/><T44/><D44/><U65/><E65/><V11/><F7/><W108/><G108/><T39/><D39/><U133/><E133/><V3/><F3/><W42/><G42/><T131/><D131/><U134/><E134/><V54/><F54/><W106/><G106/><T115/><D115/><RYUUKYOKU ba="0,0" sc="240,0,219,0,345,0,196,0" hai0="48,53,56,80,82,89,95,96,126,127" hai1="17,20,27,81,83,124,125" hai2="8,11,12,13,15,38,41,46,75,78" hai3="5,10,14,28,30,49,55,58,92,94" /><INIT seed="2,1,0,2,1,30" ten="240,219,345,196" oya="2" hai0="122,22,10,54,129,4,131,98,90,37,3,67,6" hai1="27,127,63,42,32,101,36,62,96,87,100,58,116" hai2="66,38,29,106,107,41,15,75,92,93,133,48,17" hai3="24,125,19,59,104,83,23,34,95,102,81,123,52"/><V77/><F38/><W113/><G123/><T76/><D122/><U40/><E116/><V28/><F133/><W16/><G125/><T31/><D37/><U39/><E127/><V84/><F75/><W130/><G104/><T112/><D112/><U49/><E39/><V118/><F66/><W80/><G130/><N who="0" m="49675" /><D67/><U110/><E36/><V78/><F118/><W53/><G113/><T8/><D76/><U117/><E117/><V11/><F107/><W115/><G115/><T35/><D22/><U18/><E110/><V134/><F106/><W47/><G34/><T105/><D54/><N who="3" m="21097" /><G59/><T26/><D105/><U65/><E62/><V85/><F134/><W108/><G108/><T13/><D98/><U88/><E96/><V45/><F85/><W46/><G19/><N who="0" m="8615" /><D90/><U9/><E101/><V64/><F64/><W132/><G132/><T97/><D97/><AGARI ba="1,0" hai="16,23,24,46,47,80,81,83,95,97,102" m="21097" machi="97" ten="30,3900,0" yaku="8,1,54,2" doraHai="30" who="3" fromWho="0" sc="240,-42,219,0,345,0,196,42" /><INIT seed="3,0,0,4,2,71" ten="198,219,345,238" oya="3" hai0="121,50,82,101,117,42,63,103,15,124,21,106,75" hai1="65,122,76,57,40,5,33,20,14,118,17,110,51" hai2="54,85,93,72,38,94,62,45,105,135,19,133,79" hai3="97,25,111,99,78,84,2,56,9,115,18,80,132"/><W69/><G69/><T68/><D117/><U34/><E122/><V48/><F105/><W27/><G115/><T125/><D121/><U129/><E118/><V90/><F38/><W11/><G132/><N who="2" m="50761" /><F19/><W29/><G111/><T73/><D68/><U112/><E57/><N who="2" m="35127" /><F79/><W3/><G3/><T77/><D73/><U6/><E14/><V66/><F66/><W107/><G107/><T16/><D63/><U87/><E87/><V67/><F67/><W22/><G56/><T47/><REACH who="0" step="1"/><D106/><REACH who="0" ten="188,219,345,238" step="2"/><U49/><E112/><V96/><F72/><W10/><G2/><T41/><D41/><U120/><E40/><N who="2" m="24615" /><F94/><W53/><G53/><T0/><D0/><U35/><E65/><V4/><F4/><W37/><G37/><T32/><D32/><U58/><E120/><V131/><F131/><W36/><G36/><T92/><D92/><U13/><E129/><V100/><F85/><W126/><G126/><AGARI ba="0,1" hai="15,16,21,42,47,50,75,77,82,101,103,124,125,126" machi="126" ten="40,5200,0" yaku="1,1,18,1,54,1,53,0" doraHai="71" doraHaiUra="88" who="0" fromWho="3" sc="188,62,219,0,345,0,238,-52" owari="250,5.0,219,-18.1,345,44.5,186,-31.4" /></mjloggm>