<mjloggm ver="2.3"><GO type="225" lobby="0"/><UN n0="%E3%81%90%E3%81%A1%E3%82%84%E3%81%BE" n1="%E3%81%AC%E3%81%BE%E3%81%84%E3%81%91" n2="%E6%81%A5%E6%99%92%E3%81%97" n3="%43%68%65" dan="16,16,17,16" rate="2133.93,2054.86,2206.31,2153.51" sx="M,M,M,M"/><TAIKYOKU oya="0"/><INIT seed="0,0,0,5,1,35" ten="250,250,250,250" oya="0" hai0="64,97,40,18,128,5,68,46,120,63,53,14,6" hai1="4,98,12,77,19,135,102,66,126,45,94,50,82" hai2="56,89,25,23,21,76,121,32,103,95,75,28,119" hai3="34,92,91,13,26,125,107,72,104,129,83,9,61"/><T130/><D120/><U90/><E135/><V0/><F121/><W24/><G125/><T78/><D78/><U8/><E126/><V58/><F119/><W112/><G112/><T48/><D97/><U37/><E37/><V71/><F71/><W57/><G129/><T36/><D128/><U55/><E66/><V62/><F103/><W15/><G15/><T33/><D33/><U87/><REACH who="1" step="1"/><E4/><REACH who="1" ten="250,240,250,250" step="2"/><V122/><F122/><W131/><G131/><T11/><REACH who="0" step="1"/><D130/><REACH who="0" ten="240,240,250,250" step="2"/><U44/><E44/><AGARI ba="0,2" hai="5,6,11,14,18,36,40,44,46,48,53,63,64,68" machi="44" ten="30,11600,0" yaku="1,1,2,1,7,1,53,1" doraHai="35" doraHaiUra="10" who="0" fromWho="1" sc="240,136,240,-116,250,0,250,0" /><INIT seed="0,1,0,3,3,73" ten="376,124,250,250" oya="0" hai0="10,103,36,109,52,118,104,41,18,32,9,75,8" hai1="47,15,21,128,120,58,54,90,16,25,135,56,96" hai2="116,24,129,107,80,35,1,28,57,45,108,113,84" hai3="46,5,134,125,131,81,55,39,44,50,115,70,83"/><T27/><D75/><U37/><E120/><V66/><F113/><W93/><G115/><T88/><D118/><U133/><E128/><V77/><F129/><W72/><G131/><T99/><D36/><U3/><E3/><V13/><F1/><W106/><G106/><T74/><D41/><U86/><E96/><V94/><F107/><W102/><G70/><T79/><D109/><U23/><E58/><V20/><F108/><W12/><G125/><T61/><D88/><U31/><E47/><V2/><F2/><W68/><G68/><T112/><D112/><U97/><E97/><V123/><F123/><W64/><G64/><T117/><D117/><U101/><E101/><V34/><F116/><W19/><G5/><T59/><D32/><U43/><E43/><V4/><F45/><W91/><G102/><T85/><D85/><U62/><REACH who="1" step="1"/><E37/><REACH who="1" ten="376,114,250,250" step="2"/><V119/><F119/><W6/><G46/><T127/><D103/><U114/><E114/><V38/><F38/><W121/><G44/><T49/><D99/><U53/><E53/><V132/><F57/><W63/><G55/><T67/><D67/><U7/><E7/><V89/><F66/><W22/><G6/><T78/><D52/><U48/><E48/><V92/><F4/><W17/><G50/><T111/><D49/><U122/><E122/><V14/><F84/><W60/><G39/><T0/><D59/><U30/><E30/><V33/><F28/><W124/><G121/><T82/><D0/><U51/><E51/><V69/><F69/><W126/><G126/><T26/><D127/><U100/><E100/><RYUUKYOKU ba="1,1" sc="376,-10,114,30,250,-10,250,-10" hai1="15,16,21,23,25,31,54,56,62,86,90,133,135" /><INIT seed="1,2,1,4,5,42" ten="366,144,240,240" oya="1" hai0="111,46,102,14,32,38,108,104,62,27,1,20,77" hai1="115,6,95,76,16,98,107,24,51,66,68,105,41" hai2="40,45,118,61,4,114,28,48,21,39,99,2,101" hai3="7,79,35,85,37,44,63,29,100,97,129,26,60"/><U0/><E115/><V55/><F118/><W126/><G126/><T87/><D1/><U135/><E76/><V94/><F114/><W96/><G129/><T12/><D32/><U125/><E125/><V65/><F2/><W133/><G133/><T78/><D62/><U15/><E135/><V36/><F4/><W110/><G110/><N who="0" m="42027" /><D102/><U31/><E66/><V120/><F120/><W8/><G97/><T53/><D104/><U9/><E68/><V83/><F83/><W91/><G79/><T22/><D22/><U13/><E13/><N who="0" m="5225" /><D87/><U123/><E123/><V54/><F39/><W10/><G10/><T74/><D74/><U116/><E116/><V89/><F36/><W90/><G8/><T71/><D71/><U130/><E130/><V5/><F89/><W50/><G37/><T30/><D38/><U3/><E3/><V23/><F5/><W75/><G7/><T59/><D59/><U93/><E6/><V57/><F23/><W58/><G58/><T72/><D72/><U73/><E73/><V43/><F43/><N who="3" m="24863" /><G91/><T112/><D112/><U106/><E98/><V34/><F34/><W47/><G75/><T84/><D84/><U69/><E69/><V92/><F92/><N who="3" m="54351" /><G60/><T127/><D127/><U19/><E0/><V52/><F40/><W82/><G63/><T33/><D33/><N who="1" m="20711" /><E19/><V70/><F70/><W109/><G109/><T131/><D131/><U17/><E17/><V124/><F124/><W122/><G82/><T11/><D11/><U103/><E103/><V49/><F49/><AGARI ba="2,1" hai="20,27,30,46,49,53,77,78" m="5225,42027" machi="49" ten="30,2000,0" yaku="14,1,52,1" doraHai="42" who="0" fromWho="2" sc="366,36,144,0,240,-26,240,0" /><INIT seed="2,0,0,1,2,48" ten="402,144,214,240" oya="2" hai0="84,83,95,121,35,31,127,79,86,64,97,13,101" hai1="123,132,43,52,62,33,14,5,58,96,118,18,111" hai2="10,107,71,22,54,8,26,66,94,41,87,106,99" hai3="93,133,47,4,20,67,56,124,102,72,24,37,117"/><V113/><F113/><W63/><G117/><T2/><D2/><U91/><E118/><V7/><F41/><W51/><G37/><T114/><D114/><U129/><E111/><V32/><F32/><W80/><G124/><T34/><D121/><U85/><E33/><V19/><F10/><W92/><G133/><T60/><D31/><U46/><E132/><V135/><F135/><W78/><G4/><T21/><D127/><U59/><E129/><V15/><F87/><W104/><G104/><T108/><D108/><U73/><E73/><V38/><F38/><W11/><G11/><T105/><D105/><U55/><E123/><V70/><F70/><W16/><REACH who="3" step="1"/><G102/><REACH who="3" ten="402,144,214,230" step="2"/><T81/><D101/><U76/><E5/><V17/><F7/><W25/><G25/><T103/><D13/><U130/><E130/><V42/><F106/><W112/><G112/><T88/><D21/><N who="1" m="11479" /><E76/><V27/><F107/><W45/><G45/><T126/><D126/><U98/><E46/><V69/><F27/><W29/><G29/><T74/><D74/><U39/><E39/><V30/><F30/><W12/><G12/><T3/><D3/><U109/><E109/><V90/><F26/><W23/><G23/><T110/><D110/><U125/><E125/><V1/><F22/><W6/><G6/><T116/><D116/><U82/><E43/><AGARI ba="0,1" hai="16,20,24,43,47,51,56,63,67,72,78,80,92,93" machi="43" ten="30,8000,1" yaku="1,1,7,1,54,1,53,2" doraHai="48" doraHaiUra="89" who="3" fromWho="1" sc="402,0,144,-80,214,0,230,90" /><INIT seed="3,0,0,3,3,47" ten="402,64,214,320" oya="3" hai0="42,38,85,83,112,135,100,94,14,13,82,22,36" hai1="45,9,114,54,18,113,5,108,55,50,86,129,6" hai2="49,56,76,15,11,97,58,67,35,3,23,25,80" hai3="1,96,53,29,101,48,106,52,62,31,70,46,60"/><W90/><G1/><T72/><D72/><U105/><E108/><V99/><F67/><W33/><G70/><T28/><D38/><U81/><E105/><V124/><F124/><W64/><G33/><T68/><D68/><U10/><E129/><V39/><F58/><W128/><G128/><T71/><D71/><U89/><E114/><V131/><F39/><W107/><G107/><T20/><D36/><U57/><E113/><V65/><F65/><W102/><G64/><T63/><D112/><U93/><E93/><V121/><F121/><W91/><G102/><T59/><D42/><U92/><E10/><V24/><F24/><W84/><G91/><N who="0" m="51639" /><D83/><U73/><E73/><V51/><F56/><W98/><G98/><N who="0" m="59479" /><D135/><U117/><E117/><V4/><F131/><W37/><G37/><T118/><D118/><U41/><E41/><V12/><F97/><W40/><G40/><T119/><D119/><U103/><E103/><V87/><F99/><W125/><G125/><T0/><D0/><U7/><E92/><V34/><F34/><W111/><G111/><T88/><D88/><U109/><E109/><V16/><F15/><N who="0" m="5642" /><D28/><U126/><E126/><V32/><F32/><W122/><G122/><T26/><D26/><U120/><E120/><V116/><F116/><W19/><G19/><T110/><D110/><U104/><E104/><V27/><F25/><W79/><G79/><T17/><D17/><U66/><E66/><AGARI ba="0,0" hai="20,22,59,63,66" m="5642,59479,51639" machi="66" ten="30,1000,0" yaku="8,1" doraHai="47" who="0" fromWho="1" sc="402,10,64,-10,214,0,320,0" owari="412,51.2,54,-44.6,214,-18.6,320,12.0" /></mjloggm>