<mjloggm ver="2.3"><GO type="225" lobby="0"/><UN n0="%E3%83%8F%E3%83%B3%E3%83%89%E3%83%A9%E3%83%BC%E3%83%BB%E3%83%AF%E3%83%B3" n1="%E3%83%A9%E3%83%BC%E3%83%A1%E3%83%B3%E4%BA%94%E9%83%8E" n2="%E5%B8%86%E7%AB%8B%E5%A4%8F%E8%A1%A3" n3="%E6%A1%9C%E8%8A%B1%E9%96%83%E3%80%85" dan="17,16,17,17" rate="2178.37,2152.11,2251.76,2199.53" sx="M,M,M,M"/><TAIKYOKU oya="0"/><INIT seed="0,0,0,0,4,17" ten="250,250,250,250" oya="0" hai0="51,96,19,120,104,6,66,113,1,49,126,43,105" hai1="107,22,130,53,9,25,71,73,121,32,124,12,132" hai2="42,30,38,13,16,88,50,115,46,54,61,90,57" hai3="119,28,98,92,114,11,20,91,110,85,24,41,109"/><T116/><D113/><U3/><RYUUKYOKU type="yao9" ba="0,0" sc="250,0,250,0,250,0,250,0" hai1="3,9,12,22,25,32,53,71,73,107,121,124,130,132" /><INIT seed="0,1,0,4,4,94" ten="250,250,250,250" oya="0" hai0="13,72,90,68,67,114,75,2,82,49,130,11,78" hai1="115,36,133,33,74,132,101,20,29,32,8,19,22" hai2="40,117,57,42,64,52,95,6,123,9,84,63,3" hai3="92,62,128,24,27,30,45,28,100,99,86,39,85"/><T98/><D114/><U58/><E36/><V134/><F134/><N who="1" m="51817" /><E74/><V26/><F123/><W0/><G0/><T18/><D130/><U91/><E115/><V37/><F117/><W97/><G128/><T38/><D38/><U14/><E101/><V70/><F37/><W122/><G122/><T83/><D2/><U77/><E77/><V110/><F110/><W116/><G116/><T54/><D67/><U76/><E76/><V129/><F129/><W69/><G69/><T48/><D68/><U107/><E107/><V105/><F105/><W44/><G62/><T5/><D5/><N who="1" m="3343" /><E58/><V51/><F84/><W61/><G61/><T12/><D12/><N who="1" m="9319" /><E91/><V106/><F106/><W1/><G39/><T21/><D75/><U43/><E43/><V65/><F65/><W55/><G1/><T31/><D54/><U109/><E109/><V87/><REACH who="2" step="1"/><F26/><AGARI ba="1,0" hai="22,26,29,32,33" m="9319,3343,51817" machi="26" ten="30,3900,0" yaku="20,1,34,2" doraHai="94" who="1" fromWho="2" sc="250,0,250,42,250,-42,250,0" /><INIT seed="1,0,0,5,1,58" ten="250,292,208,250" oya="1" hai0="93,5,82,81,113,109,24,41,91,31,64,89,92" hai1="7,108,107,86,38,11,84,55,68,114,35,85,121" hai2="103,126,97,83,67,100,95,124,105,50,39,0,119" hai3="57,112,131,60,77,76,70,4,133,106,10,59,66"/><U74/><E114/><V21/><F39/><W45/><G112/><T52/><D113/><U15/><E121/><V6/><F119/><W42/><G106/><T127/><D109/><U125/><E35/><V28/><F6/><W40/><G131/><T115/><D115/><U117/><E117/><V3/><F83/><W47/><G133/><T37/><D127/><N who="2" m="48682" /><F50/><W87/><G87/><T118/><D5/><U110/><E125/><V43/><F43/><W9/><G70/><T102/><D102/><U120/><E120/><V33/><F33/><W44/><G59/><T73/><D41/><N who="3" m="15977" /><G4/><T23/><D37/><U46/><E68/><V16/><F28/><W101/><G101/><T129/><D73/><U61/><E74/><V62/><F103/><W20/><G20/><T104/><D129/><U1/><E38/><V90/><F100/><W132/><G132/><T111/><D104/><U94/><E107/><V71/><F105/><W12/><G12/><AGARI ba="0,0" hai="0,3,12,16,21,62,67,71,90,95,97" m="48682" machi="12" ten="30,3900,0" yaku="18,1,52,1,54,1" doraHai="58" who="2" fromWho="3" sc="250,0,292,0,208,39,250,-39" /><INIT seed="2,0,0,5,5,134" ten="250,292,247,211" oya="2" hai0="101,23,22,105,44,80,129,98,74,49,25,92,111" hai1="0,50,132,61,133,64,135,89,33,91,10,53,116" hai2="73,54,4,51,93,66,8,113,84,110,45,79,109" hai3="97,21,42,94,75,20,130,126,119,9,117,18,122"/><V71/><F113/><W68/><G122/><T40/><D111/><N who="2" m="42506" /><F73/><W34/><G68/><T52/><D129/><U27/><E116/><V121/><F121/><W3/><G75/><T48/><D105/><U11/><E33/><V95/><F66/><W46/><G34/><T26/><D74/><U35/><E35/><V29/><F29/><W123/><G21/><N who="0" m="7691" /><D80/><U16/><E27/><V90/><F79/><W124/><G130/><T59/><AGARI ba="0,0" hai="25,26,40,44,48,49,52,59,92,98,101" m="7691" machi="59" ten="30,2000,0" yaku="8,1,54,1" doraHai="134" who="0" fromWho="0" sc="250,20,292,-5,247,-10,211,-5" /><INIT seed="3,0,0,4,5,11" ten="270,287,237,206" oya="3" hai0="2,44,16,72,77,25,55,31,94,9,100,74,17" hai1="56,57,20,65,108,84,93,43,70,40,15,101,39" hai2="116,104,117,134,58,54,91,131,59,88,13,12,133" hai3="36,51,81,122,119,103,4,47,128,109,107,34,49"/><W115/><G119/><N who="2" m="45641" /><F104/><W41/><G115/><T106/><D106/><U8/><E70/><V75/><F75/><W110/><G122/><T96/><D2/><U48/><E39/><V28/><F28/><W63/><G34/><T66/><D66/><U52/><E108/><N who="3" m="41578" /><G128/><T127/><D127/><U62/><E20/><V132/><F131/><W114/><G114/><T111/><D111/><U102/><E84/><V113/><F113/><W22/><G4/><T50/><D77/><U45/><E93/><V105/><F105/><W118/><G118/><T23/><D17/><N who="1" m="8423" /><E45/><V10/><F59/><W26/><G63/><T121/><D121/><U71/><E71/><V53/><F53/><W27/><G81/><T76/><D76/><U60/><E60/><N who="2" m="35927" /><F10/><W24/><G22/><T30/><D30/><U7/><E7/><V14/><AGARI ba="0,0" hai="12,13,14,88,91,132,133,134" m="35927,45641" machi="14" ten="40,8000,1" yaku="20,1,52,3,54,1" doraHai="11" who="2" fromWho="2" sc="270,-20,287,-20,237,80,206,-40" owari="250,-15.0,267,6.7,317,41.7,166,-33.4" /></mjloggm>