<mjloggm ver="2.3"><GO type="225" lobby="0"/><UN n0="%E3%83%81%E3%83%83%E3%82%BF%E3%82%BD%E3%83%BC" n1="%EF%BC%AE%EF%BC%A1%EF%BC%AF%33%33%39" n2="%E7%99%BD%E5%80%89%E5%AF%9B%E4%B9%8B" n3="%E3%82%A4%E3%83%BC%E3%82%B1%E3%83%97%E3%83%A9" dan="16,16,16,16" rate="2130.84,2105.05,2153.49,2128.58" sx="F,M,M,M"/><TAIKYOKU oya="0"/><INIT seed="0,0,0,4,3,64" ten="250,250,250,250" oya="0" hai0="15,71,51,81,131,130,50,35,26,33,48,102,93" hai1="83,28,27,104,114,100,21,1,84,0,4,127,36" hai2="72,62,89,108,19,43,10,52,44,117,129,128,69" hai3="38,60,132,70,123,58,95,76,77,2,116,112,113"/><T91/><D102/><U109/><E36/><V107/><F117/><W119/><G38/><T67/><D81/><U65/><E109/><V96/><F108/><W40/><G2/><T8/><D26/><U59/><E4/><V103/><F72/><W90/><G40/><T29/><D29/><U3/><E127/><V37/><F89/><W66/><G132/><T61/><D33/><U17/><E114/><V79/><F79/><W88/><G123/><T23/><D23/><U110/><E110/><V56/><F19/><W86/><G113/><T42/><D35/><U87/><E104/><V55/><F10/><W24/><G112/><T85/><REACH who="0" step="1"/><D42/><REACH who="0" ten="240,250,250,250" step="2"/><U118/><E100/><V122/><F122/><W82/><G116/><T68/><D68/><U134/><E118/><V105/><F105/><W9/><G119/><T78/><D78/><U7/><E83/><V115/><F115/><W75/><G70/><T49/><N who="0" m="12288" /><DORA hai="47" /><T74/><D74/><U22/><E22/><V92/><F107/><W34/><G34/><T25/><D25/><U135/><E28/><V121/><F121/><W12/><G24/><T98/><D98/><U31/><E31/><V57/><F69/><W20/><G20/><T32/><D32/><U125/><E21/><V53/><REACH who="2" step="1"/><F57/><REACH who="2" ten="240,250,240,250" step="2"/><W73/><G73/><T101/><D101/><U6/><E59/><V46/><F46/><W13/><G75/><T45/><D45/><U106/><E106/><V16/><F16/><AGARI ba="0,2" hai="8,15,16,61,67,71,85,91,93,130,131" m="12288" machi="16" ten="50,24000,3" yaku="1,1,52,5,54,1,53,2" doraHai="64,47" doraHaiUra="111,126" who="0" fromWho="2" sc="240,260,250,0,240,-240,250,0" /><INIT seed="0,1,0,2,1,99" ten="500,250,0,250" oya="0" hai0="116,33,38,8,104,120,82,105,93,100,98,44,30" hai1="55,77,28,83,106,1,133,85,23,54,72,9,18" hai2="115,117,48,4,7,66,71,121,103,122,22,131,11" hai3="135,132,19,90,45,24,88,129,95,37,17,47,65"/><T20/><D116/><U46/><E106/><V91/><F117/><W59/><G129/><T16/><D120/><U94/><E133/><N who="3" m="51274" /><G24/><T61/><D8/><U43/><E28/><V62/><F131/><W26/><G26/><T63/><D30/><U51/><E1/><V64/><F115/><W127/><G127/><T12/><D33/><U32/><E32/><V50/><F91/><N who="3" m="34859" /><G95/><T113/><D113/><U73/><E9/><V79/><F79/><W27/><G27/><T3/><D3/><U41/><E94/><V81/><F11/><W111/><G111/><T40/><REACH who="0" step="1"/><D82/><REACH who="0" ten="490,250,0,250" step="2"/><U107/><E83/><V86/><F81/><W14/><G17/><T119/><D119/><U34/><E18/><V57/><F22/><W75/><G19/><T67/><D67/><U70/><E23/><V56/><F71/><W36/><G65/><T49/><D49/><U123/><E51/><V58/><F58/><W5/><G59/><T31/><D31/><U112/><E34/><V74/><F62/><AGARI ba="1,1" hai="12,16,20,38,40,44,61,62,63,93,98,100,104,105" machi="62" ten="40,7700,0" yaku="1,1,52,1,54,1,53,0" doraHai="99" doraHaiUra="60" who="0" fromWho="2" sc="490,90,250,0,0,-80,250,0" owari="580,68.0,250,5.0,-80,-58.0,250,-15.0" /></mjloggm>