<mjloggm ver="2.3"><GO type="225" lobby="0"/><UN n0="%E3%82%B2%E3%82%B9%E8%8C%82%E5%8B%9D" n1="%E3%83%96%E3%83%83%E3%83%91%E3%82%AA%E3%83%96%E3%83%81%E3%82%AD%E3%83%B3" n2="%E3%81%95%E3%81%8D%E3%81%9F%E3%81%BE%E6%9E%97%E6%AA%8E" n3="%53%61%63%68%69%30%34" dan="16,16,16,16" rate="2121.83,2134.63,2115.34,2069.95" sx="F,M,M,M"/><TAIKYOKU oya="0"/><INIT seed="0,0,0,5,2,50" ten="250,250,250,250" oya="0" hai0="82,108,14,60,115,107,122,109,72,116,80,29,18" hai1="105,69,47,55,46,81,48,110,4,22,134,99,78" hai2="37,88,2,31,131,24,58,3,43,21,53,54,16" hai3="63,120,59,74,51,96,79,25,132,65,45,38,94"/><T17/><D115/><U7/><E110/><N who="0" m="42601" /><D116/><U8/><E134/><V71/><F71/><W84/><G132/><T30/><D122/><U123/><E123/><V35/><F131/><W92/><G120/><T93/><D107/><U98/><E69/><V106/><F106/><W20/><G74/><T52/><D93/><U119/><E119/><V23/><F35/><W101/><G38/><T64/><D64/><U68/><E68/><V102/><F102/><W0/><G0/><T89/><D18/><U15/><E105/><V42/><F37/><W90/><G79/><N who="0" m="44135" /><D89/><U130/><E130/><V95/><F2/><W39/><G39/><T56/><D82/><U40/><E22/><AGARI ba="0,0" hai="14,17,22,29,30,52,56,60" m="44135,42601" machi="22" ten="30,11600,0" yaku="14,1,10,1,52,1,54,1" doraHai="50" who="0" fromWho="1" sc="250,116,250,-116,250,0,250,0" /><INIT seed="0,1,0,2,2,94" ten="366,134,250,250" oya="0" hai0="39,34,81,21,118,32,66,49,57,73,68,109,37" hai1="38,60,7,56,2,135,134,92,93,59,130,5,71" hai2="110,12,64,72,102,62,16,6,117,29,69,124,80" hai3="91,131,17,82,115,30,15,1,76,42,98,99,129"/><T40/><D118/><U33/><E38/><V27/><F110/><W54/><G115/><T13/><D37/><U28/><E130/><N who="3" m="49674" /><G1/><T100/><D100/><U61/><E71/><V26/><F124/><W35/><G42/><T55/><D109/><U19/><E2/><V48/><F117/><W114/><G91/><T128/><D128/><U119/><E119/><V96/><F6/><W108/><G108/><T53/><D53/><U90/><E90/><V132/><F132/><W106/><G106/><T87/><D73/><U84/><E19/><V85/><F72/><N who="3" m="43271" /><G114/><T23/><D23/><U65/><E28/><V36/><F36/><W75/><G75/><T103/><D103/><U89/><E33/><V83/><F48/><W63/><G54/><T8/><D21/><U95/><E135/><V86/><F86/><W11/><G63/><T25/><D25/><AGARI ba="1,0" hai="11,15,17,25,30,35,98,99" m="43271,49674" machi="25" ten="30,3900,0" yaku="19,1,52,2" doraHai="94" who="3" fromWho="0" sc="366,-42,134,0,250,0,250,42" /><INIT seed="1,0,0,3,3,22" ten="324,134,250,292" oya="1" hai0="127,17,37,33,18,135,13,11,109,36,29,128,69" hai1="72,91,83,31,82,112,120,67,100,110,34,75,122" hai2="90,20,74,3,57,12,118,121,116,93,68,70,71" hai3="14,124,102,46,95,106,97,132,73,6,55,38,2"/><U78/><E112/><V107/><F121/><W54/><G14/><T77/><D69/><U49/><E100/><V39/><F39/><W99/><G124/><T0/><D0/><U129/><E129/><V9/><F107/><W86/><G86/><T114/><D114/><U134/><E134/><V19/><F74/><W61/><G73/><T105/><D105/><U7/><E7/><V47/><F47/><W94/><G132/><T45/><D127/><U92/><E67/><V24/><F3/><W85/><G85/><T21/><D128/><U89/><E49/><V123/><F57/><W44/><G106/><T25/><D135/><U56/><E56/><V59/><F59/><W52/><G38/><T62/><D62/><U50/><E50/><V130/><F130/><W5/><G61/><T126/><D126/><U101/><E31/><V40/><F40/><W28/><G28/><T79/><D36/><U133/><E34/><V108/><F108/><W43/><G43/><T30/><D109/><U48/><E48/><V131/><F131/><W26/><G26/><T88/><D37/><U63/><E63/><V8/><F8/><W53/><G53/><T35/><D45/><N who="3" m="17513" /><G2/><T64/><D64/><U1/><E1/><V96/><REACH who="2" step="1"/><F123/><REACH who="2" ten="324,134,240,292" step="2"/><N who="1" m="47145" /><E133/><V58/><F58/><W111/><G111/><T98/><D33/><U80/><E110/><V113/><F113/><W125/><G125/><T104/><D104/><U10/><E10/><V115/><F115/><W4/><G54/><T27/><D35/><U76/><E82/><V41/><F41/><W16/><G55/><T117/><BYE who="3" /><D11/><RYUUKYOKU ba="0,1" sc="324,-15,134,15,240,15,292,-15" hai1="72,75,76,78,80,83,89,91,92,101" hai2="9,12,19,20,24,68,70,71,90,93,96,116,118" /><INIT seed="1,1,1,4,4,23" ten="309,149,255,277" oya="1" hai0="33,109,130,116,25,95,76,43,53,50,6,9,56" hai1="80,46,131,98,70,17,104,31,113,8,71,22,39" hai2="40,88,44,57,122,127,77,55,35,134,115,42,51" hai3="66,94,90,87,41,121,4,54,38,29,92,28,84"/><U52/><E113/><UN n3="%53%61%63%68%69%30%34" /><V79/><BYE who="3" /><F122/><W18/><G18/><T64/><D116/><U100/><E131/><V15/><F35/><UN n3="%53%61%63%68%69%30%34" /><W20/><G38/><T69/><D130/><U45/><E31/><V61/><F115/><W48/><G121/><T111/><D43/><U112/><E112/><V14/><F127/><W74/><G74/><T129/><D129/><U75/><E8/><V132/><F42/><W89/><G41/><T85/><D64/><U59/><E39/><V63/><F63/><W83/><G66/><T60/><D69/><U34/><E34/><V73/><F73/><W93/><G4/><T103/><D50/><U30/><E30/><N who="3" m="11882" /><G20/><T105/><D105/><U12/><E75/><V2/><F2/><W126/><G126/><T72/><D72/><U78/><E80/><V125/><F125/><W47/><AGARI ba="1,1" hai="47,48,54,83,84,87,89,90,92,93,94" m="11882" machi="47" ten="30,1100,0" yaku="8,1" doraHai="23" who="3" fromWho="3" sc="309,-4,149,-6,255,-4,277,24" /><INIT seed="2,0,0,0,5,28" ten="305,143,251,301" oya="2" hai0="93,108,117,91,25,23,32,80,82,110,123,12,20" hai1="38,22,69,122,96,88,30,47,119,106,134,84,61" hai2="7,48,65,112,135,52,111,49,31,41,100,36,14" hai3="87,127,76,26,39,45,24,92,118,83,5,17,89"/><V85/><F112/><W57/><G118/><T42/><D117/><U29/><E119/><V0/><F0/><W77/><G127/><T74/><D123/><U128/><E122/><V50/><F65/><W6/><G39/><T15/><D42/><U72/><E72/><V130/><F135/><W90/><G45/><T70/><D70/><U3/><E3/><V104/><F36/><W18/><G57/><T114/><D114/><U16/><E134/><V58/><F41/><W131/><G131/><T8/><D32/><U102/><E128/><V126/><F126/><W101/><G101/><T97/><D15/><U40/><E61/><V34/><F104/><W67/><G67/><T71/><D71/><U63/><E63/><V44/><F44/><W94/><G87/><T95/><D95/><U133/><E69/><V121/><F121/><W75/><REACH who="3" step="1"/><G83/><REACH who="3" ten="305,143,251,291" step="2"/><T59/><D59/><U33/><E133/><V43/><F100/><W53/><G53/><T68/><D68/><U129/><E129/><V35/><F52/><W86/><G86/><T66/><D66/><U21/><E33/><V27/><F85/><W98/><G98/><T13/><D74/><AGARI ba="0,1" hai="5,6,17,18,24,26,74,75,76,77,89,90,92,94" machi="74" ten="25,3200,0" yaku="1,1,22,2,53,0" doraHai="28" doraHaiUra="103" who="3" fromWho="0" sc="305,-32,143,0,251,0,291,42" /><INIT seed="3,0,0,0,0,48" ten="273,143,251,333" oya="3" hai0="27,118,19,50,5,97,134,54,4,47,87,68,100" hai1="69,132,130,121,109,61,38,42,104,16,12,30,8" hai2="131,18,23,133,0,28,81,114,105,22,98,117,110" hai3="57,71,77,128,36,112,115,90,101,102,73,106,35"/><W60/><G36/><T11/><D134/><U80/><E121/><V79/><F117/><W127/><G71/><T86/><D118/><U2/><E132/><V17/><F114/><W92/><G35/><T45/><D68/><U53/><E109/><V66/><F133/><W124/><G128/><T14/><D45/><U74/><E130/><V70/><F0/><W31/><G31/><T20/><REACH who="0" step="1"/><D4/><REACH who="0" ten="263,143,251,333" step="2"/><U83/><E104/><AGARI ba="0,1" hai="5,11,14,19,20,27,47,50,54,86,87,97,100,104" machi="104" ten="30,7700,0" yaku="1,1,2,1,7,1,52,1,53,0" doraHai="48" doraHaiUra="37" who="0" fromWho="1" sc="263,87,143,-77,251,0,333,0" owari="350,45.0,66,-43.4,251,-14.9,333,13.3" /></mjloggm>