<mjloggm ver="2.3"><GO type="225" lobby="0"/><UN n0="%E6%A0%B9%E5%85%83%E3%81%8B%E3%82%89%E5%90%B9%E3%81%A3%E9%A3%9B%E3%81%B6" n1="%6C%61%6D%62" n2="%E6%98%93%E5%88%A9%E8%96%A9%E4%BC%AF" n3="%E2%98%86%E5%B0%8F%E5%AD%A6%E7%94%B7%E7%94%9F%E2%98%86" dan="16,16,17,17" rate="2094.43,2218.74,2184.26,2194.48" sx="F,M,F,M"/><TAIKYOKU oya="0"/><INIT seed="0,0,0,0,1,57" ten="250,250,250,250" oya="0" hai0="96,74,133,27,130,38,28,131,41,79,77,18,22" hai1="104,46,112,107,73,82,113,33,42,34,127,12,69" hai2="6,120,5,125,72,14,65,93,23,45,29,121,43" hai3="58,44,99,9,20,108,119,13,54,134,98,3,110"/><T1/><D133/><U15/><E69/><V91/><F72/><W106/><G119/><T11/><D96/><U102/><E73/><V80/><F125/><W37/><G134/><T50/><D50/><U97/><E82/><V60/><F80/><W17/><G37/><T101/><D101/><U64/><E64/><V88/><F121/><W94/><G44/><N who="0" m="23607" /><D74/><U89/><E89/><V35/><F35/><N who="1" m="13321" /><E104/><V48/><F120/><W25/><G3/><T32/><D18/><U4/><E4/><V116/><F116/><W71/><G106/><T19/><D22/><U30/><E30/><V85/><F91/><W49/><G71/><T8/><D8/><U124/><E12/><V53/><F43/><W128/><G128/><N who="0" m="49195" /><D19/><U63/><E15/><V90/><F90/><W132/><G132/><T26/><D26/><U129/><E129/><V117/><F117/><W87/><G87/><T135/><D135/><U59/><E42/><V123/><F123/><W55/><G55/><T67/><D67/><N who="1" m="39423" /><E46/><V7/><F29/><W83/><G83/><T126/><D126/><AGARI ba="0,0" hai="97,102,107,112,113,124,126,127" m="39423,13321" machi="126" ten="30,2000,0" yaku="18,1,52,1" doraHai="57" who="1" fromWho="0" sc="250,-20,250,20,250,0,250,0" /><INIT seed="1,0,0,3,0,94" ten="230,270,250,250" oya="1" hai0="103,75,88,34,96,47,45,63,57,73,51,18,87" hai1="126,0,58,64,60,54,127,117,108,61,124,93,66" hai2="91,12,77,125,26,2,24,35,32,40,132,78,27" hai3="95,74,110,72,8,46,113,71,128,31,123,120,10"/><U85/><E0/><V90/><F40/><W28/><G113/><T49/><D34/><N who="2" m="12842" /><F12/><W50/><G71/><T131/><D131/><U76/><E76/><N who="2" m="29291" /><F2/><W133/><G128/><T121/><D121/><U6/><E6/><V80/><F80/><W20/><G133/><T37/><D37/><U129/><E129/><V36/><F36/><W38/><G110/><T92/><D75/><U116/><E85/><V44/><F44/><N who="0" m="16970" /><D73/><U105/><E105/><V101/><F101/><W1/><G38/><T39/><D39/><U52/><E93/><V4/><F4/><W67/><G67/><N who="1" m="25642" /><E108/><V42/><F42/><W62/><G1/><T112/><D112/><U19/><E19/><V65/><F65/><W106/><G74/><T7/><D7/><U89/><E89/><N who="2" m="33803" /><F125/><W13/><G72/><T130/><D130/><U97/><E97/><V21/><F21/><W29/><G20/><T84/><D84/><U86/><E86/><V100/><F100/><W134/><G106/><T25/><D87/><U22/><E22/><V48/><F48/><W56/><G123/><T16/><D103/><U135/><E135/><AGARI ba="0,0" hai="24,26,27,132,135" m="33803,29291,12842" machi="135" ten="40,2600,0" yaku="28,2" doraHai="94" who="2" fromWho="1" sc="230,0,270,-26,250,26,250,0" /><INIT seed="2,0,0,5,0,120" ten="230,244,276,250" oya="2" hai0="6,119,15,106,86,21,69,38,77,123,10,59,82" hai1="17,43,116,100,99,61,68,111,130,53,115,90,62" hai2="42,98,74,135,39,128,89,105,26,57,2,16,29" hai3="54,101,93,20,78,56,5,118,14,110,0,64,33"/><V55/><F74/><W73/><G118/><T112/><D123/><U65/><E115/><V34/><F2/><W113/><G33/><T125/><D112/><U97/><E116/><V124/><F124/><W104/><G113/><T40/><D69/><U88/><E130/><V96/><F135/><W122/><G64/><T25/><D119/><U91/><E111/><V127/><F127/><W76/><G104/><T103/><D125/><U109/><E109/><V129/><F39/><W22/><G110/><T1/><D38/><U72/><E72/><V31/><F42/><W66/><G66/><T36/><D36/><U13/><E43/><V133/><F31/><W8/><G73/><T63/><D40/><U24/><E24/><V46/><F46/><W70/><G70/><T47/><D47/><U132/><E132/><V11/><F105/><W71/><G71/><T60/><D1/><U83/><E83/><V84/><F133/><W79/><G0/><T4/><D6/><U75/><E75/><V3/><F3/><W23/><G122/><T131/><D131/><N who="2" m="50250" /><F16/><W44/><G44/><T50/><D106/><U18/><E100/><V94/><F11/><W28/><G28/><N who="0" m="17455" /><D103/><U95/><E17/><V134/><F134/><W32/><G32/><T37/><D37/><U80/><E80/><V81/><F81/><W114/><G114/><T117/><D117/><U102/><E102/><V27/><F27/><W51/><G101/><T121/><D121/><U9/><REACH who="1" step="1"/><E95/><AGARI ba="0,0" hai="5,8,14,20,22,23,51,54,56,76,78,79,93,95" machi="95" ten="40,1300,0" yaku="8,1" doraHai="120" who="3" fromWho="1" sc="230,0,244,-13,276,0,250,13" /><INIT seed="3,0,0,0,5,0" ten="230,231,276,263" oya="3" hai0="42,58,34,39,46,94,84,74,63,128,35,11,95" hai1="108,64,45,71,1,88,33,78,59,14,52,115,116" hai2="135,134,121,25,3,48,29,27,103,60,53,4,129" hai3="104,2,79,38,127,18,114,117,130,75,69,102,113"/><W26/><RYUUKYOKU type="yao9" ba="0,0" sc="230,0,231,0,276,0,263,0" hai3="2,18,26,38,69,75,79,102,104,113,114,117,127,130" /><INIT seed="3,1,0,0,1,62" ten="230,231,276,263" oya="3" hai0="93,108,124,9,18,98,102,101,17,20,55,40,53" hai1="115,89,8,133,119,79,132,56,127,59,134,65,70" hai2="49,13,111,25,116,38,19,90,60,120,36,24,35" hai3="27,69,100,26,43,128,96,103,67,45,109,1,88"/><W6/><G128/><T84/><D108/><U37/><E115/><V46/><F116/><W48/><G109/><T52/><D124/><U51/><E37/><V47/><F111/><W112/><G112/><T74/><D74/><U34/><E34/><V33/><F90/><W3/><G69/><T118/><D118/><U63/><E119/><V68/><F120/><W54/><G67/><T75/><D75/><U87/><E79/><V122/><F122/><W22/><G27/><T64/><D40/><U72/><E72/><V28/><F47/><W41/><G6/><T16/><D9/><U44/><E8/><V105/><F105/><W121/><G3/><T125/><D125/><U78/><E78/><V80/><F80/><W15/><G1/><T76/><D102/><N who="3" m="38953" /><G15/><T23/><REACH who="0" step="1"/><D64/><REACH who="0" ten="220,231,276,263" step="2"/><U126/><E126/><V81/><F38/><W95/><G121/><T39/><D39/><U106/><E127/><V129/><F36/><W86/><G86/><T110/><D110/><U123/><E123/><V99/><F129/><W66/><G66/><T29/><D29/><AGARI ba="1,1" hai="22,26,29,41,43,45,48,54,88,95,96" m="38953" machi="29" ten="30,2900,0" yaku="8,1,54,1" doraHai="62" who="3" fromWho="0" sc="220,-32,231,0,276,0,263,42" owari="188,-31.2,231,-16.9,276,7.6,305,40.5" /></mjloggm>