<mjloggm ver="2.3"><GO type="225" lobby="0"/><UN n0="%E5%8D%A0%E3%81%84%E5%B8%AB%E8%A3%8F%E3%81%AA%E3%81%84%E3%81%97" n1="%69%4F%4B%4F%69" n2="%E6%A1%9C%E8%8A%B1%E9%96%83%E3%80%85" n3="%E4%BF%BA%E3%81%A8%E5%A6%96%E5%A4%A2" dan="17,16,16,16" rate="2181.01,2126.59,2098.93,2205.34" sx="M,M,M,F"/><TAIKYOKU oya="0"/><INIT seed="0,0,0,0,3,16" ten="250,250,250,250" oya="0" hai0="109,27,65,30,71,4,62,110,105,74,19,35,103" hai1="97,54,28,131,36,132,46,53,57,129,50,114,33" hai2="5,80,123,98,23,133,75,83,56,20,43,122,101" hai3="47,91,117,88,12,125,66,107,135,89,37,3,126"/><T130/><D130/><N who="1" m="49675" /><E33/><V34/><F34/><W13/><G117/><T94/><D94/><U84/><E28/><V113/><F113/><W82/><G3/><T134/><D134/><U8/><E132/><V2/><F133/><W25/><G107/><T59/><D59/><U72/><E72/><V79/><F83/><W119/><G119/><T26/><D4/><U44/><E8/><V85/><F85/><W81/><G66/><T120/><D120/><U67/><E84/><V78/><F78/><W29/><G135/><T11/><D74/><U9/><E9/><V77/><F77/><W48/><G37/><T128/><D128/><U32/><E97/><V64/><F122/><W118/><G118/><T90/><D90/><U108/><E32/><V92/><F123/><W6/><G82/><T24/><D11/><U0/><E0/><V63/><F5/><W111/><G6/><T10/><D10/><U95/><E95/><V104/><F2/><W93/><G93/><T51/><D51/><N who="1" m="30911" /><E114/><V76/><F76/><W61/><G81/><T60/><D60/><U31/><E31/><V55/><F104/><W70/><G61/><T87/><D87/><U124/><E108/><N who="0" m="41577" /><D19/><U69/><E124/><N who="3" m="47722" /><G111/><T86/><D86/><U41/><E67/><V58/><F64/><W7/><G7/><T102/><D102/><U42/><E69/><V21/><F101/><W38/><G70/><T127/><D127/><U40/><AGARI ba="0,0" hai="36,40,41,42,44,46,50,54" m="30911,49675" machi="40" ten="30,4000,0" yaku="19,1,34,2" doraHai="16" who="1" fromWho="1" sc="250,-20,250,40,250,-10,250,-10" /><INIT seed="1,0,0,5,3,64" ten="230,290,240,240" oya="1" hai0="80,14,36,103,62,90,47,89,127,128,59,124,11" hai1="92,7,97,1,114,73,61,8,30,122,93,50,67" hai2="53,17,74,6,102,78,29,106,134,126,118,16,48" hai3="2,94,83,99,121,104,18,123,60,25,13,69,10"/><U39/><E114/><V68/><F118/><W33/><G2/><T19/><D128/><U76/><E122/><V113/><F113/><W129/><G129/><T81/><D103/><U105/><E39/><V44/><F126/><N who="0" m="48170" /><D36/><U110/><E30/><V116/><F116/><W51/><G83/><N who="0" m="31819" /><D47/><U125/><E125/><V130/><F130/><W75/><G75/><T131/><D131/><U79/><E73/><V3/><F78/><W49/><G104/><T115/><D115/><U111/><E105/><V42/><F102/><W95/><G123/><T38/><D38/><U46/><E79/><V12/><F106/><W66/><G121/><T15/><D15/><U88/><E76/><V71/><F74/><W132/><G132/><T34/><D34/><U98/><E93/><V21/><F134/><W65/><G65/><AGARI ba="0,0" hai="11,14,19,59,62,65,89,90" m="31819,48170" machi="65" ten="30,1000,0" yaku="18,1" doraHai="64" who="0" fromWho="3" sc="230,10,290,0,240,0,240,-10" /><INIT seed="2,0,0,5,0,20" ten="240,290,240,230" oya="2" hai0="37,64,58,28,6,26,52,17,68,2,75,131,79" hai1="100,15,56,0,125,73,132,66,9,83,38,1,46" hai2="39,54,43,93,53,42,94,16,5,96,106,85,117" hai3="91,77,130,40,12,119,44,110,89,35,55,87,59"/><V21/><F117/><W4/><G119/><T62/><D37/><U134/><E100/><N who="2" m="60439" /><F106/><W51/><G110/><T47/><D131/><U74/><E125/><V99/><F5/><W63/><G35/><T135/><D135/><N who="1" m="51755" /><E66/><V116/><F85/><W97/><G97/><T111/><D111/><U13/><E56/><V101/><F39/><W29/><G29/><T70/><D6/><N who="1" m="3255" /><E15/><N who="2" m="9375" /><F116/><W84/><G84/><T34/><D2/><N who="1" m="1131" /><E83/><V45/><F45/><W50/><G50/><T86/><D75/><U8/><E8/><V31/><F31/><W104/><G104/><T10/><D86/><U82/><E82/><V95/><F95/><W57/><G130/><T118/><D118/><U48/><E38/><V72/><F72/><W112/><G112/><T24/><D79/><U109/><E109/><V67/><F67/><W103/><G103/><T92/><D92/><U36/><E36/><V115/><F115/><W69/><G69/><T11/><D70/><U3/><N who="1" m="1139" /><U25/><DORA hai="41" /><E25/><V49/><F93/><W127/><G127/><T78/><D78/><U126/><E126/><V98/><F101/><W105/><G105/><T124/><D124/><U122/><E122/><V114/><F114/><W30/><G57/><T23/><D47/><U108/><E108/><V128/><F128/><W90/><G77/><T14/><D14/><U32/><E32/><V76/><F76/><W121/><G121/><T88/><D88/><U27/><E27/><V102/><F102/><W7/><G87/><T71/><D68/><U33/><E33/><V120/><F120/><W107/><G107/><RYUUKYOKU ba="0,0" sc="240,15,290,15,240,-15,230,-15" hai0="10,11,17,23,24,26,28,34,52,58,62,64,71" hai1="46,48,73,74" /><INIT seed="3,1,0,2,0,97" ten="255,305,225,215" oya="3" hai0="125,34,72,55,78,126,1,87,127,83,96,12,101" hai1="61,113,86,121,76,110,18,41,49,2,108,37,89" hai2="107,79,59,111,69,6,11,120,52,43,10,80,47" hai3="105,38,82,21,46,35,50,122,73,84,90,135,31"/><W3/><G122/><T128/><D34/><U0/><E121/><V19/><F120/><W4/><G35/><T70/><D1/><U5/><E37/><V23/><F69/><W40/><G135/><T116/><D70/><U64/><E76/><V54/><F107/><W130/><G105/><N who="0" m="63655" /><D55/><U7/><E113/><V22/><F111/><N who="1" m="42537" /><E2/><V114/><F23/><W57/><G130/><T74/><D128/><U134/><E0/><V88/><F88/><W45/><G57/><T77/><D12/><U85/><E85/><N who="2" m="48287" /><F6/><W9/><G73/><N who="0" m="28267" /><D77/><U133/><E18/><V27/><F114/><W109/><G109/><T24/><D24/><U131/><E131/><V124/><F54/><W118/><G118/><AGARI ba="1,0" hai="78,83,87,116,118,125,126,127" m="28267,63655" machi="118" ten="40,8000,1" yaku="18,1,34,2,52,1" doraHai="97" who="0" fromWho="3" sc="255,83,305,0,225,0,215,-83" owari="338,43.8,305,10.5,225,-17.5,132,-36.8" /></mjloggm>