<mjloggm ver="2.3"><GO type="225" lobby="0"/><UN n0="%E6%81%A5%E6%99%92%E3%81%97" n1="%E6%98%93%E5%88%A9%E8%96%A9%E4%BC%AF" n2="%72%69%6F%75%63%68%61%6E" n3="%77%72%77%72%77%72%77%72" dan="16,16,16,17" rate="2226.35,2162.26,2189.39,2161.94" sx="M,F,M,M"/><TAIKYOKU oya="0"/><INIT seed="0,0,0,0,5,59" ten="250,250,250,250" oya="0" hai0="62,81,53,40,120,64,107,95,98,50,58,93,109" hai1="38,21,51,116,127,133,77,63,54,11,47,72,105" hai2="134,1,2,39,30,90,96,111,20,68,25,115,69" hai3="75,12,83,85,23,100,122,76,29,82,78,92,70"/><T132/><D120/><U19/><E116/><V49/><F111/><W104/><G70/><T123/><D123/><U32/><E32/><V26/><F134/><W112/><G122/><T9/><D132/><U65/><E105/><V45/><F115/><W0/><G0/><T94/><D109/><U4/><E127/><V6/><F39/><W135/><G135/><T55/><D107/><U91/><E38/><V61/><F68/><W7/><G112/><T101/><D81/><U121/><E121/><V126/><F126/><W5/><G104/><T33/><D33/><U56/><E91/><V13/><F25/><W114/><G114/><T87/><D9/><U67/><E77/><V103/><F90/><W17/><REACH who="3" step="1"/><G29/><REACH who="3" ten="250,250,250,240" step="2"/><T86/><D95/><U66/><E133/><V41/><F69/><W79/><G79/><T99/><D94/><U129/><E129/><V22/><F1/><W106/><G106/><T57/><D99/><AGARI ba="0,1" hai="5,7,12,17,23,75,76,78,82,83,85,92,99,100" machi="99" ten="40,1300,0" yaku="1,1,53,0" doraHai="59" doraHaiUra="48" who="3" fromWho="0" sc="250,-13,250,0,250,0,240,23" /><INIT seed="1,0,0,2,1,83" ten="237,250,250,263" oya="1" hai0="4,103,7,67,6,109,126,45,42,34,107,95,27" hai1="26,88,84,120,80,121,96,102,49,105,98,59,79" hai2="108,8,72,20,110,81,86,19,92,3,104,119,70" hai3="9,94,55,54,128,90,25,64,28,38,91,11,41"/><U44/><E59/><V23/><F119/><W112/><G112/><T71/><D109/><N who="2" m="42090" /><F104/><W131/><G64/><T69/><D126/><U123/><E26/><V12/><F70/><W125/><G125/><T35/><D107/><U0/><E0/><V47/><F3/><W135/><G135/><T115/><D115/><U76/><REACH who="1" step="1"/><E98/><REACH who="1" ten="237,240,250,263" step="2"/><V114/><F114/><W40/><G25/><T97/><D27/><U85/><E85/><V33/><F33/><W43/><G28/><T65/><D71/><U29/><E29/><V15/><F72/><W24/><G24/><T2/><D69/><U56/><E56/><V46/><F15/><W58/><G58/><T16/><D2/><U68/><E68/><V22/><F92/><W75/><G75/><T48/><D35/><U51/><E51/><V36/><F36/><W31/><G31/><T127/><D34/><U39/><E39/><V13/><F12/><W124/><G38/><T10/><D127/><U18/><E18/><V21/><N who="2" m="5120" /><DORA hai="117" /><V99/><F99/><W66/><G94/><T62/><D62/><U82/><E82/><V93/><F93/><W134/><G124/><T87/><D87/><U1/><E1/><V77/><AGARI ba="0,1" hai="8,13,19,46,47,77,81,86" m="5120,42090" machi="77" ten="50,3200,0" yaku="14,1,52,1" doraHai="83,117" who="2" fromWho="2" sc="237,-8,240,-16,250,42,263,-8" /><INIT seed="2,0,0,1,1,42" ten="229,224,292,255" oya="2" hai0="118,73,22,49,90,20,8,63,26,124,113,9,109" hai1="60,4,135,71,88,2,55,19,130,54,76,119,97" hai2="133,98,72,34,106,41,70,92,103,74,21,75,3" hai3="87,27,99,127,16,5,15,115,121,125,100,84,96"/><V59/><F70/><W24/><G121/><T7/><D113/><U48/><E119/><V134/><F34/><W51/><G5/><T111/><D118/><U31/><E31/><V126/><F3/><W89/><G115/><T112/><D112/><U56/><E76/><V37/><F126/><N who="3" m="48139" /><G51/><T68/><D124/><U107/><E107/><V33/><F33/><W102/><G99/><T43/><D73/><U39/><E39/><V82/><F59/><W86/><G89/><T120/><D120/><U123/><E123/><V104/><F21/><N who="3" m="11423" /><G102/><T28/><D90/><U65/><E4/><V32/><F32/><W108/><G108/><T85/><D7/><U77/><E77/><V61/><F61/><W122/><G122/><T62/><D63/><U66/><E2/><V18/><F18/><W45/><G45/><N who="0" m="25791" /><D62/><U80/><E71/><V29/><F29/><W46/><G46/><T78/><D68/><U6/><E6/><V44/><REACH who="2" step="1"/><F82/><REACH who="2" ten="229,224,282,255" step="2"/><W132/><G132/><AGARI ba="0,1" hai="37,41,44,72,74,75,92,98,103,104,106,132,133,134" machi="132" ten="50,12000,1" yaku="1,1,2,1,20,1,52,1,53,0" doraHai="42" doraHaiUra="17" who="2" fromWho="3" sc="229,0,224,0,282,130,255,-120" /><INIT seed="2,1,0,0,5,108" ten="229,224,412,135" oya="2" hai0="116,71,93,66,27,125,130,133,135,110,59,56,48" hai1="77,76,49,117,4,63,79,99,74,69,73,31,60" hai2="29,10,75,40,105,26,134,80,112,20,114,124,13" hai3="85,97,46,128,101,129,115,102,39,87,32,70,17"/><V89/><F105/><W84/><G32/><T68/><D93/><U53/><E117/><V123/><F123/><W109/><G70/><N who="0" m="26667" /><D27/><U25/><E4/><V106/><F106/><W67/><G67/><T132/><D110/><U52/><E99/><V43/><F124/><W122/><G109/><T104/><D104/><U30/><E53/><V88/><F134/><W45/><G122/><T65/><D125/><U28/><E25/><V100/><F100/><N who="3" m="38507" /><G17/><T44/><D130/><N who="3" m="50281" /><G39/><T41/><D116/><U9/><E9/><V15/><F15/><W55/><G97/><T23/><D23/><U54/><E54/><V107/><F107/><W16/><G16/><T57/><AGARI ba="1,0" hai="41,44,48,56,57,59,65,66,132,133,135" m="26667" machi="57" ten="40,5200,0" yaku="20,1,34,2" doraHai="108" who="0" fromWho="0" sc="229,55,224,-14,412,-27,135,-14" /><INIT seed="3,0,0,1,5,88" ten="284,210,385,121" oya="3" hai0="62,122,60,35,48,120,86,109,56,20,29,106,52" hai1="16,44,70,79,30,40,6,124,42,87,13,49,119" hai2="103,94,8,83,31,58,114,39,95,99,104,135,66" hai3="128,59,117,78,11,54,133,45,69,113,53,38,12"/><W36/><G113/><T37/><D106/><U134/><E70/><V130/><F114/><W80/><G117/><T68/><D35/><U85/><E119/><V115/><F115/><W92/><G69/><T22/><D37/><U131/><E131/><V17/><F39/><W23/><G128/><T71/><D86/><U98/><E30/><V51/><F130/><W102/><G133/><T55/><D29/><U32/><E32/><V82/><F31/><W105/><G105/><T9/><D9/><U93/><E6/><V100/><F135/><W33/><G33/><T74/><D74/><U67/><E67/><V19/><F104/><W2/><G2/><T10/><D10/><U108/><E108/><V110/><F110/><W57/><G23/><T34/><D34/><U129/><E124/><V111/><F111/><W0/><G0/><T90/><D90/><U96/><E96/><N who="2" m="59415" /><F51/><W26/><G26/><T72/><D48/><U73/><E42/><V81/><F8/><W91/><G102/><T21/><D109/><U116/><E116/><V112/><F112/><W64/><G64/><T1/><D72/><U5/><E5/><V43/><F43/><N who="3" m="22759" /><G38/><T127/><D1/><U89/><E134/><V77/><F77/><W7/><G54/><T126/><D20/><U14/><E14/><V18/><F66/><W107/><G53/><T47/><REACH who="0" step="1"/><D47/><REACH who="0" ten="274,210,385,121" step="2"/><U28/><E28/><V61/><F82/><W123/><G107/><T101/><D101/><U125/><E129/><V65/><AGARI ba="0,1" hai="17,18,19,58,61,65,81,83,95,99,103" m="59415" machi="65" ten="30,4000,0" yaku="8,1,52,2" doraHai="88" who="2" fromWho="2" sc="274,-10,210,-10,385,50,121,-20" owari="264,6.4,200,-20.0,435,53.5,101,-39.9" /></mjloggm>