<mjloggm ver="2.3"><GO type="225" lobby="0"/><UN n0="%33%74%72%65%65" n1="%E3%83%81%E3%83%83%E3%82%BF%E3%82%BD%E3%83%BC" n2="%E9%A6%AC%E5%BC%95%E7%81%AB%33" n3="%E3%81%A4%E3%81%A3%E3%81%B1%E3%82%8A%E3%83%9D%E3%83%BC%E3%83%AB" dan="17,16,16,17" rate="2225.87,2139.79,2121.58,2143.06" sx="F,F,M,M"/><TAIKYOKU oya="0"/><INIT seed="0,0,0,4,4,70" ten="250,250,250,250" oya="0" hai0="127,42,84,39,61,68,30,104,11,57,3,78,4" hai1="97,88,46,23,7,73,35,66,108,98,112,0,10" hai2="31,77,18,34,100,40,47,86,53,25,52,55,63" hai3="9,14,117,132,121,29,71,38,102,65,124,8,119"/><T51/><D127/><U50/><E108/><V19/><F100/><W76/><G76/><T129/><D129/><U60/><E112/><V5/><F5/><W120/><G124/><T90/><D104/><U113/><E113/><V12/><F63/><N who="3" m="40383" /><G102/><T58/><D78/><U128/><E128/><V87/><F77/><W15/><G29/><T48/><D30/><U103/><E35/><V81/><F81/><W41/><G132/><T62/><D68/><U96/><E73/><V107/><F107/><W67/><G67/><T80/><D57/><U85/><E23/><V106/><F106/><W26/><G26/><T93/><D61/><U37/><E37/><V135/><F18/><W92/><G92/><T6/><D6/><U27/><E27/><V123/><F135/><W16/><G41/><T59/><D80/><U79/><E79/><V130/><F130/><W114/><G38/><T28/><D28/><U82/><E60/><V22/><REACH who="2" step="1"/><F123/><REACH who="2" ten="250,250,240,250" step="2"/><N who="3" m="47179" /><G114/><T91/><D91/><U17/><E66/><V43/><F43/><W83/><G83/><T99/><D42/><U45/><E17/><AGARI ba="0,1" hai="8,9,14,15,16,17,117,119" m="47179,40383" machi="17" ten="30,2000,0" yaku="13,1,54,1" doraHai="70" who="3" fromWho="1" sc="250,0,250,-20,240,0,250,30" /><INIT seed="1,0,0,1,5,24" ten="250,230,240,280" oya="1" hai0="85,50,82,26,124,70,12,54,48,65,42,40,99" hai1="58,66,115,128,67,98,77,30,45,95,80,23,79" hai2="41,7,88,20,63,133,120,94,37,83,18,57,21" hai3="130,14,131,39,127,121,72,0,35,81,4,32,2"/><U114/><E128/><N who="3" m="49194" /><G121/><T75/><D75/><U116/><E116/><V86/><F120/><W27/><G39/><T13/><D124/><U117/><E117/><V76/><F133/><W44/><G44/><T134/><D134/><U102/><E45/><V89/><F7/><W53/><G53/><T110/><D110/><U34/><E34/><N who="3" m="12842" /><G27/><T61/><D26/><N who="1" m="16735" /><E67/><V108/><F108/><W96/><G96/><T87/><D99/><U92/><E92/><V56/><F21/><W46/><G46/><T9/><D48/><U106/><E106/><V103/><F41/><W60/><G60/><T123/><D123/><U36/><E36/><V132/><F37/><W135/><G135/><T69/><D42/><U31/><E31/><V125/><F132/><W59/><G59/><N who="2" m="22601" /><F125/><W6/><G127/><T105/><D40/><U129/><E129/><V33/><F33/><W113/><G113/><N who="1" m="43018" /><E80/><V62/><F103/><W104/><G104/><T71/><D105/><U28/><E28/><V17/><F76/><N who="3" m="44167" /><G6/><T74/><D69/><U97/><E98/><N who="2" m="57671" /><F17/><W126/><G126/><T8/><D70/><U15/><E15/><AGARI ba="0,0" hai="15,18,20,62,63,83,86,89" m="57671,22601" machi="15" ten="30,2000,0" yaku="8,1,54,1" doraHai="24" who="2" fromWho="1" sc="250,0,230,-20,240,20,280,0" /><INIT seed="2,0,0,3,2,49" ten="250,210,260,280" oya="2" hai0="94,134,56,14,42,33,66,45,48,108,89,101,13" hai1="64,77,60,31,16,103,99,38,88,78,128,131,68" hai2="92,6,34,71,59,19,85,52,12,29,81,113,32" hai3="75,58,1,65,26,54,62,18,36,63,47,129,123"/><V73/><F113/><W93/><G1/><T25/><D108/><U24/><E38/><V4/><F71/><W82/><G123/><T2/><D2/><U127/><E127/><V114/><F114/><W8/><G129/><N who="1" m="49738" /><E88/><V30/><F73/><W70/><G93/><T11/><D101/><U17/><E77/><V23/><F34/><W39/><G47/><T90/><D90/><U111/><E78/><N who="2" m="46263" /><F32/><W97/><G97/><T67/><D33/><N who="1" m="20711" /><E111/><V130/><F130/><W55/><G82/><T95/><D89/><U72/><E72/><V61/><F92/><AGARI ba="0,0" hai="16,17,60,64,68,92,99,103" m="20711,49738" machi="92" ten="30,2000,0" yaku="19,1,54,1" doraHai="49" who="1" fromWho="2" sc="250,0,210,20,260,-20,280,0" /><INIT seed="3,0,0,4,1,14" ten="250,230,240,280" oya="3" hai0="70,50,77,43,127,23,110,106,94,115,68,46,103" hai1="11,9,87,85,2,132,35,25,20,24,129,42,131" hai2="12,91,18,37,26,86,61,60,114,6,54,48,107" hai3="93,135,38,56,118,55,33,124,73,75,58,105,51"/><W52/><G105/><T121/><D121/><U101/><E132/><V29/><F114/><W32/><G118/><T108/><D127/><U21/><E42/><V15/><F37/><W3/><G3/><T41/><D115/><U99/><E2/><V122/><F107/><W22/><G38/><T102/><D106/><U123/><E35/><V17/><F6/><W8/><G8/><T69/><D41/><U13/><E99/><V0/><F0/><W19/><G135/><T34/><D34/><U65/><E65/><V90/><F122/><W125/><G93/><T59/><D77/><U88/><E123/><V7/><F7/><W130/><G130/><N who="1" m="49674" /><E101/><V111/><F111/><W57/><G33/><T126/><D126/><N who="3" m="48745" /><G32/><T4/><D110/><U30/><E13/><N who="2" m="5195" /><F26/><N who="3" m="14687" /><G55/><T79/><D108/><U72/><E72/><AGARI ba="0,0" hai="51,52,56,57,58,72,73,75" m="14687,48745" machi="72" ten="30,5800,0" yaku="18,1,52,1,54,1" doraHai="14" who="3" fromWho="1" sc="250,0,230,-58,240,0,280,58" owari="250,5.0,172,-32.8,240,-16.0,338,43.8" /></mjloggm>