<mjloggm ver="2.3"><GO type="225" lobby="0"/><UN n0="%E3%81%95%E3%81%8D%E3%81%9F%E3%81%BE%E6%9E%97%E6%AA%8E" n1="%E9%80%86%E9%80%A3%E5%B8%AF%E3%81%AE%E9%AC%BC" n2="%E5%B8%86%E7%AB%8B%E5%A4%8F%E8%A1%A3" n3="%46%65%6D%69%72%69%6E%73" dan="16,16,17,16" rate="2104.56,2069.90,2252.71,2156.08" sx="M,M,M,M"/><TAIKYOKU oya="0"/><INIT seed="0,0,0,0,5,118" ten="250,250,250,250" oya="0" hai0="51,106,131,121,27,60,68,67,41,94,129,70,84" hai1="127,95,7,53,22,135,79,15,54,91,122,10,5" hai2="2,36,24,132,100,37,128,98,44,85,93,69,126" hai3="133,96,11,99,21,28,45,48,57,109,49,87,13"/><T19/><D121/><U43/><E135/><V83/><F132/><W25/><G109/><T66/><D106/><U30/><E127/><V77/><F126/><W58/><G133/><T119/><D119/><U88/><E122/><V6/><F128/><N who="0" m="49226" /><D94/><U39/><E79/><V59/><F69/><N who="0" m="26730" /><D84/><U105/><E105/><V103/><F103/><W134/><G134/><T38/><D27/><U23/><E5/><V125/><F44/><W71/><G71/><N who="0" m="42439" /><D19/><U42/><E39/><V101/><F101/><W89/><G96/><T124/><D124/><U20/><E30/><V8/><F125/><W29/><G99/><T63/><D67/><U130/><E130/><V56/><F37/><W61/><G29/><T108/><D63/><U82/><E82/><V46/><F24/><W102/><G61/><T9/><D9/><U18/><E18/><V80/><F80/><W97/><G102/><T0/><D0/><U3/><E3/><V50/><REACH who="2" step="1"/><F36/><REACH who="2" ten="250,250,240,250" step="2"/><W92/><G25/><T78/><D38/><U32/><E32/><V65/><F65/><W81/><G81/><T116/><D116/><U17/><E17/><V4/><F4/><W1/><G92/><T107/><D107/><U112/><E95/><V104/><F104/><W76/><G28/><T31/><D31/><U26/><E26/><V62/><F62/><W34/><G34/><T55/><D78/><U115/><E115/><V33/><F33/><W120/><G76/><T64/><D64/><U111/><E112/><V90/><F90/><N who="1" m="34345" /><E111/><V117/><F117/><W72/><G89/><T47/><D108/><U75/><E75/><RYUUKYOKU ba="0,1" sc="250,10,250,10,240,10,250,-30" hai0="41,47,51,55" hai1="7,10,15,20,22,23,42,43,53,54" hai2="2,6,8,46,50,56,59,77,83,85,93,98,100" /><INIT seed="0,1,1,0,3,123" ten="260,260,250,220" oya="0" hai0="120,28,93,112,13,55,79,115,35,135,42,30,66" hai1="38,11,122,131,25,111,119,29,128,6,39,107,85" hai2="23,15,8,3,18,89,0,58,20,94,117,132,109" hai3="86,16,1,22,19,51,77,133,90,54,106,10,82"/><T46/><D120/><U76/><E122/><V72/><F132/><W121/><G106/><T84/><D35/><U45/><E107/><V24/><F72/><W71/><G71/><T83/><D135/><U67/><E119/><V81/><F109/><W61/><G121/><T126/><D126/><U87/><E111/><V96/><F117/><W99/><G133/><T104/><D104/><U59/><E67/><V65/><F81/><W7/><G61/><T103/><D115/><U47/><E59/><V64/><F23/><W21/><G21/><T68/><D68/><U110/><E110/><V17/><F3/><W127/><G127/><T98/><D112/><U60/><E60/><V108/><F0/><W116/><G116/><T80/><D66/><U97/><E97/><V5/><F108/><W27/><G99/><T113/><D113/><U130/><E39/><V12/><F58/><W43/><G43/><T91/><D55/><U52/><E38/><V105/><F105/><W73/><G73/><T95/><D13/><U88/><E76/><V69/><F69/><W40/><G40/><T9/><D9/><U33/><E87/><V78/><F78/><W14/><G77/><T50/><REACH who="0" step="1"/><D83/><REACH who="0" ten="250,260,250,220" step="2"/><N who="1" m="49215" /><E52/><V32/><F32/><W114/><G114/><T53/><D53/><U63/><E63/><V118/><F118/><W4/><REACH who="3" step="1"/><G1/><AGARI ba="1,2" hai="1,6,11,25,29,33,45,47,128,130,131" m="49215" machi="1" ten="30,2000,0" yaku="19,1,54,1" doraHai="123" who="1" fromWho="3" sc="250,0,260,43,250,0,220,-23" /><INIT seed="1,0,0,5,2,18" ten="250,303,250,197" oya="1" hai0="83,5,132,89,124,101,3,85,97,23,70,130,117" hai1="119,112,24,133,106,118,114,48,66,87,96,72,22" hai2="120,88,19,69,126,51,35,41,84,20,55,58,31" hai3="94,39,109,0,123,45,86,80,47,63,54,56,131"/><U29/><E72/><V43/><F69/><W93/><G123/><T108/><D117/><U53/><E133/><V115/><F120/><W100/><G0/><T125/><D70/><U91/><E66/><V40/><F115/><W77/><G109/><T134/><D108/><U111/><E111/><V76/><F126/><N who="0" m="48746" /><D3/><U4/><E4/><V59/><F35/><W30/><G131/><T116/><D116/><U99/><E119/><V14/><F31/><W52/><G30/><T64/><D64/><U74/><E74/><V42/><N who="2" m="10240" /><DORA hai="81" /><V7/><F7/><W36/><G100/><T71/><D71/><U46/><E118/><V95/><F76/><W110/><G110/><T79/><D5/><U1/><E1/><V92/><F92/><N who="3" m="35435" /><G36/><T78/><D23/><U37/><E37/><V82/><F95/><W113/><G113/><T15/><D15/><U105/><E105/><V68/><F68/><W104/><G104/><N who="0" m="63535" /><D130/><U10/><E10/><V8/><F8/><W65/><G39/><T9/><D9/><U13/><E106/><V44/><AGARI ba="0,0" hai="14,19,20,44,51,55,58,59,82,84,88" m="10240" machi="44" ten="40,8000,1" yaku="0,1,8,1,52,2,54,1" doraHai="18,81" who="2" fromWho="2" sc="250,-20,303,-40,250,80,197,-20" /><INIT seed="2,0,0,0,3,2" ten="230,263,330,177" oya="2" hai0="67,89,7,30,38,36,75,14,20,52,44,78,41" hai1="129,0,125,79,35,34,88,24,71,26,124,105,29" hai2="100,99,122,92,74,135,91,27,22,51,121,95,57" hai3="16,11,42,62,31,3,70,32,76,60,86,128,84"/><V43/><F135/><W58/><G128/><T4/><D38/><U25/><E105/><V33/><F33/><W111/><G111/><T87/><D67/><U55/><E71/><V108/><F74/><W119/><G119/><T106/><D106/><U46/><E79/><V66/><F108/><W49/><G70/><T12/><D75/><U39/><E129/><V132/><F132/><W9/><G32/><T127/><D78/><U85/><E0/><V82/><F82/><W114/><G31/><T126/><D30/><U80/><E55/><V109/><F109/><W54/><G114/><T133/><D52/><U98/><E98/><V104/><F104/><W17/><G76/><T81/><D133/><U131/><E131/><V116/><F116/><W53/><G3/><T103/><D103/><U8/><E8/><V28/><F43/><W102/><G102/><T59/><D59/><U97/><E97/><V5/><F5/><N who="0" m="2122" /><D20/><U72/><E72/><V83/><F51/><W117/><G117/><T65/><D65/><U63/><E35/><V56/><F56/><W23/><G23/><T45/><D45/><U77/><E77/><V107/><F107/><W10/><G42/><T130/><D130/><U6/><E34/><V93/><F122/><W61/><REACH who="3" step="1"/><G54/><REACH who="3" ten="230,263,330,167" step="2"/><T94/><D81/><U19/><E29/><N who="2" m="17655" /><F121/><W101/><G101/><T13/><D41/><U18/><E80/><V21/><F21/><W73/><G73/><T90/><D90/><U64/><E25/><V118/><F118/><W48/><G48/><T112/><D112/><U120/><E26/><V69/><F69/><RYUUKYOKU ba="0,1" sc="230,15,263,-15,330,-15,167,15" hai0="12,13,14,36,44,87,89,94,126,127" hai3="9,10,11,16,17,49,53,58,60,61,62,84,86" /><INIT seed="3,1,1,5,1,22" ten="245,248,315,182" oya="3" hai0="130,78,35,1,59,64,82,91,39,80,89,2,126" hai1="58,96,79,50,100,56,52,114,45,101,33,63,60" hai2="129,10,70,93,95,97,49,104,68,84,76,16,31" hai3="110,77,34,6,40,20,65,106,75,86,128,102,131"/><W127/><G34/><T53/><D39/><U8/><E33/><V71/><F129/><N who="3" m="49739" /><G127/><T132/><D130/><U83/><E114/><V134/><F134/><W119/><G119/><T105/><D105/><U21/><E8/><V32/><F49/><W116/><G116/><T125/><D132/><U12/><E58/><V117/><F117/><W5/><G75/><N who="0" m="43103" /><D35/><U18/><E63/><V88/><F104/><W69/><G40/><T4/><D64/><U7/><E7/><V47/><F47/><W111/><G20/><T113/><D113/><U37/><E37/><V57/><F57/><W103/><G77/><T107/><D107/><U54/><REACH who="1" step="1"/><E96/><REACH who="1" ten="245,238,315,182" step="2"/><V66/><F70/><W46/><G46/><T25/><D4/><N who="3" m="1641" /><G86/><AGARI ba="1,2" hai="12,18,21,45,50,52,54,56,60,79,83,86,100,101" machi="86" ten="30,8000,1" yaku="1,1,7,1,8,1,54,1,53,1" doraHai="22" doraHaiUra="74" who="1" fromWho="3" sc="245,0,238,103,315,0,182,-83" owari="245,-15.5,341,44.1,315,11.5,99,-40.1" /></mjloggm>