<mjloggm ver="2.3"><GO type="225" lobby="0"/><UN n0="%E3%82%B3%E3%83%90%E3%83%AC%E3%82%A4" n1="%E5%8D%A0%E3%81%84%E5%B8%AB%E8%A3%8F%E3%81%AA%E3%81%84%E3%81%97" n2="%E6%A0%B9%E5%85%83%E3%81%8B%E3%82%89%E5%90%B9%E3%81%A3%E9%A3%9B%E3%81%B6" n3="%43%68%65" dan="16,17,17,16" rate="2153.16,2181.88,2097.10,2187.00" sx="M,M,F,M"/><TAIKYOKU oya="0"/><INIT seed="0,0,0,5,2,19" ten="250,250,250,250" oya="0" hai0="18,34,66,25,4,53,110,87,42,114,124,27,59" hai1="79,81,104,2,39,23,129,118,128,41,130,108,86" hai2="32,115,113,94,102,70,7,57,11,24,20,135,36" hai3="119,89,43,67,72,95,134,91,65,38,97,6,96"/><T49/><D114/><U106/><E118/><V9/><F70/><W99/><G119/><T56/><D124/><U46/><E108/><V21/><F36/><W47/><G134/><T71/><D71/><U22/><E2/><N who="2" m="247" /><F57/><W62/><G72/><T69/><D69/><U112/><E112/><N who="2" m="43083" /><F102/><W15/><G91/><T37/><D110/><U33/><E33/><V126/><F94/><W1/><G1/><T8/><D37/><U16/><REACH who="1" step="1"/><E16/><REACH who="1" ten="250,240,250,250" step="2"/><V120/><F135/><W58/><G6/><T132/><D34/><U85/><E85/><V60/><F126/><W80/><G99/><T92/><D132/><U30/><E30/><N who="2" m="19527" /><F120/><W10/><G97/><T0/><D87/><U109/><E109/><V122/><F122/><W117/><G117/><T125/><D125/><U51/><E51/><V44/><F60/><W35/><G62/><T111/><D111/><U88/><E88/><V101/><F101/><W78/><G89/><T68/><D49/><U127/><E127/><V63/><F63/><W13/><G96/><T103/><D103/><U73/><E73/><V121/><F121/><W90/><G90/><T77/><D77/><U133/><E133/><V83/><F83/><W82/><G82/><T50/><D50/><U84/><E84/><V131/><F131/><W98/><G80/><T107/><D107/><AGARI ba="0,1" hai="22,23,39,41,46,79,81,86,104,106,107,128,129,130" machi="107" ten="50,8000,1" yaku="1,1,19,1,52,2,53,0" doraHai="19" doraHaiUra="123" who="1" fromWho="0" sc="250,-80,240,90,250,0,250,0" /><INIT seed="1,0,0,0,0,45" ten="170,330,250,250" oya="1" hai0="57,118,84,129,9,128,66,20,14,0,125,117,102" hai1="122,78,43,32,10,124,27,114,98,88,101,133,110" hai2="7,17,130,21,123,25,64,86,127,5,134,111,48" hai3="51,100,132,30,82,95,59,44,47,115,106,120,71"/><U113/><E122/><V135/><F123/><W36/><G120/><T28/><D102/><U56/><E133/><N who="2" m="50699" /><F111/><W41/><G115/><T3/><D84/><U31/><E110/><V54/><F127/><W79/><G71/><T18/><D66/><U107/><E78/><V52/><F130/><N who="0" m="50282" /><D57/><U70/><E124/><V85/><F64/><W60/><G132/><T65/><D65/><U83/><E70/><V119/><F54/><W126/><G106/><T15/><D125/><U108/><E108/><V38/><F38/><W46/><G126/><T11/><D28/><U37/><E56/><N who="2" m="32775" /><F119/><N who="0" m="45578" /><D9/><U6/><E37/><V109/><F109/><W22/><G36/><T92/><D92/><U116/><E116/><V96/><F96/><N who="3" m="59423" /><G82/><T104/><D104/><U121/><E43/><V80/><F86/><W91/><G79/><AGARI ba="0,0" hai="5,7,17,21,25,79,80,85" m="32775,50699" machi="79" ten="30,3900,0" yaku="20,1,52,1,54,1" doraHai="45" who="2" fromWho="3" sc="170,0,330,0,250,39,250,-39" /><INIT seed="2,0,0,5,3,53" ten="170,330,289,211" oya="2" hai0="7,78,81,85,36,70,100,111,98,41,17,19,74" hai1="5,6,112,130,128,21,37,97,109,123,73,68,14" hai2="4,107,23,46,80,103,87,114,13,83,116,93,2" hai3="113,90,3,47,131,69,8,16,28,31,117,122,133"/><V58/><F114/><W94/><G117/><T135/><D70/><U1/><E68/><V50/><F116/><W22/><G122/><T40/><D135/><U132/><E73/><V15/><F2/><W106/><G106/><T102/><D102/><U125/><E37/><V66/><F107/><W33/><G33/><T104/><D111/><U35/><E97/><N who="2" m="59823" /><F4/><W92/><G69/><T71/><D71/><U42/><E112/><V24/><F83/><W60/><G113/><T25/><D7/><U32/><E1/><V105/><F105/><W38/><G133/><T63/><D36/><U26/><E123/><V115/><F46/><W84/><G131/><T129/><D129/><U49/><E128/><V119/><F119/><W86/><G38/><T10/><D10/><U45/><E130/><V121/><F121/><W48/><G8/><T44/><D44/><U29/><E32/><V89/><F115/><W95/><G3/><T52/><D74/><U72/><E72/><V59/><F50/><W9/><G9/><T99/><D99/><U79/><E35/><V56/><F66/><W61/><G86/><T55/><D55/><U54/><E42/><V77/><F77/><W65/><G65/><T82/><D82/><U126/><E79/><V43/><F43/><N who="3" m="24703" /><G95/><N who="0" m="58463" /><D40/><U108/><E132/><V134/><F134/><W75/><G94/><T34/><D104/><U30/><E5/><V88/><F89/><W67/><G75/><T20/><D41/><U18/><E6/><V12/><F23/><W64/><G64/><T11/><D34/><U124/><E21/><V110/><F110/><RYUUKYOKU ba="0,0" sc="170,-10,330,-10,289,30,211,-10" hai2="12,13,15,24,56,58,59,80,87,88" /><INIT seed="2,1,0,3,1,82" ten="160,320,319,201" oya="2" hai0="57,34,116,96,17,22,19,76,65,125,39,2,103" hai1="7,32,114,3,50,16,112,101,68,84,111,11,1" hai2="133,69,49,81,115,43,8,87,128,15,93,63,66" hai3="117,30,25,123,70,53,61,80,24,94,73,113,51"/><V6/><F115/><W37/><G37/><T35/><D2/><U122/><E68/><V79/><F128/><W58/><G117/><T10/><D39/><U95/><E111/><V130/><F130/><W62/><G123/><T109/><D76/><U75/><E75/><V27/><F27/><W55/><G113/><T72/><D72/><U23/><E32/><V77/><F77/><W44/><G94/><T40/><D40/><U74/><E74/><V54/><F93/><W119/><G119/><T28/><D116/><U86/><E122/><V88/><F133/><W71/><G62/><T134/><D134/><U38/><E38/><V121/><F121/><W13/><G25/><T126/><D109/><U118/><E1/><V78/><F43/><W0/><G0/><T89/><D89/><U41/><E118/><V59/><AGARI ba="1,0" hai="6,8,15,49,54,59,63,66,69,78,79,81,87,88" machi="59" ten="20,7800,0" yaku="0,1,7,1,52,1,54,1" doraHai="82" who="2" fromWho="2" sc="160,-27,320,-27,319,81,201,-27" /><INIT seed="2,2,0,2,2,84" ten="133,293,400,174" oya="2" hai0="59,34,90,92,53,5,71,75,69,89,33,125,6" hai1="72,21,0,94,19,103,78,85,121,57,113,91,127" hai2="65,67,26,38,130,105,63,1,73,20,47,15,135" hai3="82,124,46,68,111,18,23,13,70,123,96,104,120"/><V87/><F73/><W86/><G111/><T116/><D75/><U56/><E113/><V9/><F105/><W37/><G124/><T40/><D125/><U129/><E0/><V100/><F130/><W122/><G104/><T79/><D79/><U64/><E127/><V109/><F135/><W24/><G96/><T42/><D92/><U128/><E121/><V25/><F1/><W22/><G46/><T48/><D59/><U83/><E64/><V4/><F100/><W80/><G37/><T50/><REACH who="0" step="1"/><D53/><REACH who="0" ten="123,293,400,174" step="2"/><U14/><REACH who="1" step="1"/><E103/><REACH who="1" ten="123,283,400,174" step="2"/><V61/><F65/><W41/><G122/><T99/><D99/><U60/><E60/><V110/><F63/><W62/><G62/><T106/><D106/><U2/><E2/><V43/><F61/><W12/><G123/><T51/><D51/><U98/><E98/><V88/><F67/><W58/><G120/><T36/><D36/><U49/><E49/><V93/><F110/><W35/><G70/><T39/><D39/><U114/><E114/><V8/><F109/><W133/><G68/><T11/><D11/><U102/><E102/><V118/><F9/><W112/><G133/><T31/><D31/><U52/><E52/><V66/><F66/><W81/><G112/><T74/><D74/><U76/><E76/><V27/><F118/><AGARI ba="2,2" hai="5,6,33,34,40,42,48,50,69,71,89,90,116,118" machi="118" ten="25,8000,1" yaku="1,1,22,2,52,2,53,0" doraHai="84" doraHaiUra="77" who="0" fromWho="2" sc="123,106,283,0,400,-86,174,0" /><INIT seed="3,0,0,3,5,68" ten="229,283,314,174" oya="3" hai0="90,8,7,115,24,125,87,99,42,66,85,48,9" hai1="30,20,86,4,132,74,15,59,33,81,80,62,43" hai2="6,22,11,34,52,23,130,112,106,13,60,93,64" hai3="36,105,77,97,51,3,12,1,107,41,57,133,2"/><W108/><G133/><T16/><D115/><U35/><E132/><V121/><F112/><W78/><G108/><T47/><D125/><U26/><E43/><V73/><F106/><W50/><G12/><T131/><D66/><U65/><E74/><V31/><F73/><W76/><G57/><T17/><D131/><U120/><E120/><V89/><F130/><W88/><G107/><T40/><D40/><U114/><E114/><V116/><F116/><W56/><G56/><T18/><D24/><U118/><E118/><V49/><F34/><W104/><G104/><T72/><D72/><U28/><E28/><V113/><F31/><W83/><G105/><T100/><D90/><U19/><E4/><V91/><F91/><W119/><G119/><T58/><D58/><U109/><E109/><V29/><F29/><W124/><G124/><T110/><D110/><U135/><E135/><V98/><F121/><W39/><G41/><T14/><D9/><U134/><E134/><V96/><F60/><W38/><REACH who="3" step="1"/><G83/><REACH who="3" ten="229,283,314,164" step="2"/><T5/><D7/><U63/><E63/><V61/><F61/><W44/><G44/><T32/><D32/><U94/><E33/><V46/><F113/><W123/><G123/><T53/><D42/><U79/><E81/><V10/><F13/><W111/><G111/><T126/><D126/><U129/><E129/><V101/><F6/><W71/><G71/><T127/><D127/><U103/><E35/><V92/><F64/><W67/><G67/><T37/><D37/><U45/><E45/><V75/><F46/><W82/><G82/><T95/><AGARI ba="0,1" hai="5,8,14,16,17,18,47,48,53,85,87,95,99,100" machi="95" ten="30,7900,0" yaku="5,1,0,1,8,1,54,1" doraHai="68" who="0" fromWho="0" sc="229,89,283,-20,314,-20,164,-39" owari="318,41.8,263,-13.7,294,9.4,125,-37.5" /></mjloggm>