<mjloggm ver="2.3"><GO type="225" lobby="0"/><UN n0="%E5%A4%8F%E9%88%B4%E9%88%B4%E5%A4%8F" n1="%E9%BB%99%E8%81%B4%E3%81%AE%E3%81%99%E3%82%9D%E3%82%81" n2="%E3%83%A9%E3%82%A4%E3%83%B3%E3%81%AE%E8%99%8E" n3="%E7%89%B9%E6%9D%B1%E3%81%AF%E4%B8%96%E7%95%8C%E3%82%92%E6%95%91%E3%81%86" dan="16,16,16,16" rate="2176.64,2126.93,2175.61,2227.54" sx="F,M,M,M"/><TAIKYOKU oya="0"/><INIT seed="0,0,0,4,1,67" ten="250,250,250,250" oya="0" hai0="44,32,41,62,1,108,5,50,128,20,89,7,17" hai1="21,48,54,110,36,130,35,40,31,52,60,12,94" hai2="28,72,107,46,30,81,126,112,86,42,61,49,65" hai3="74,22,109,38,114,56,90,122,134,76,13,45,51"/><T37/><D32/><U69/><E110/><V59/><F126/><W64/><G114/><T123/><D123/><U87/><E130/><V98/><F72/><W99/><G38/><T43/><D128/><U124/><E124/><V63/><F112/><W91/><G109/><T70/><D108/><U88/><E35/><V93/><F107/><W29/><G122/><T39/><D89/><U66/><E36/><V97/><F61/><W53/><G134/><T18/><D18/><U3/><E3/><V84/><F84/><W113/><G113/><T55/><D1/><U33/><E33/><V58/><F59/><W120/><G120/><T127/><D127/><U23/><E31/><V9/><F9/><W121/><G121/><T71/><D43/><U25/><E12/><V129/><F129/><W80/><G99/><T78/><D78/><U96/><E23/><V92/><F98/><W16/><REACH who="3" step="1"/><G29/><REACH who="3" ten="250,250,250,240" step="2"/><N who="2" m="11369" /><F97/><W135/><G135/><T24/><D37/><U104/><E104/><V14/><F14/><W27/><G27/><T19/><D17/><U79/><E25/><V73/><F73/><W101/><G101/><T106/><D106/><U116/><E96/><V26/><F26/><W105/><G105/><T111/><D111/><U85/><E116/><V11/><F11/><W75/><G75/><T133/><D133/><U10/><E87/><V115/><F115/><W82/><G82/><T0/><D24/><U117/><E117/><V100/><F100/><W95/><G95/><T68/><D19/><U34/><E94/><N who="2" m="36459" /><F86/><W131/><G131/><T125/><D125/><U83/><E85/><RYUUKYOKU ba="0,1" sc="250,-15,250,-15,250,15,240,15" hai2="42,46,49,58,63,65,81" hai3="13,16,22,45,51,53,56,64,74,76,80,90,91" /><INIT seed="1,1,1,4,0,37" ten="235,235,265,255" oya="1" hai0="108,90,1,116,78,119,91,43,66,15,102,115,135" hai1="18,32,106,110,16,33,93,9,60,100,121,103,128" hai2="112,12,94,6,42,24,129,59,38,107,127,4,68" hai3="69,117,51,86,111,132,84,23,39,118,34,49,80"/><U85/><E121/><V53/><F107/><W71/><G34/><T95/><D115/><U88/><E128/><V61/><F129/><W8/><G39/><T22/><D1/><U104/><E110/><V62/><F112/><W19/><G8/><T5/><D135/><U20/><E106/><V126/><F24/><W133/><G23/><T46/><D108/><U13/><E60/><V21/><F94/><W97/><G97/><T58/><D78/><U52/><E52/><V67/><F21/><W29/><G111/><T113/><D113/><U11/><E11/><V79/><F79/><W0/><G0/><T120/><D120/><U31/><E31/><V81/><F81/><W122/><G80/><T48/><D102/><U40/><E40/><V44/><REACH who="2" step="1"/><F12/><REACH who="2" ten="235,235,255,255" step="2"/><W7/><G122/><T73/><D95/><U101/><REACH who="1" step="1"/><E104/><REACH who="1" ten="235,225,255,255" step="2"/><V124/><AGARI ba="1,3" hai="4,6,38,42,44,53,59,61,62,67,68,124,126,127" machi="124" ten="30,8000,1" yaku="1,1,2,1,0,1,18,1,52,1,53,0" doraHai="37" doraHaiUra="72" who="2" fromWho="2" sc="235,-21,225,-41,255,113,255,-21" /><INIT seed="2,0,0,0,1,47" ten="214,184,368,234" oya="2" hai0="42,56,114,37,17,101,72,134,73,78,46,99,122" hai1="55,62,18,7,81,28,26,29,111,27,98,124,79" hai2="6,23,10,63,107,66,65,116,104,74,50,112,69" hai3="0,4,85,89,90,108,103,38,53,67,119,87,102"/><V96/><F112/><W80/><G38/><T100/><D122/><U14/><E111/><V106/><F116/><W121/><G121/><T22/><D114/><U33/><E124/><V77/><F65/><W13/><G0/><T60/><D134/><U95/><E7/><V132/><F132/><W49/><G108/><T21/><D78/><U126/><E126/><V44/><F23/><W54/><G67/><T84/><D84/><U19/><E62/><V92/><F77/><W9/><G119/><T48/><D37/><U61/><E61/><V135/><F74/><W41/><G41/><T34/><D22/><U58/><E58/><V93/><F96/><W1/><G1/><T117/><D101/><N who="3" m="38409" /><G49/><T97/><D99/><U110/><E55/><V36/><F36/><W30/><G30/><T129/><D34/><U32/><E14/><V15/><REACH who="2" step="1"/><F135/><REACH who="2" ten="214,184,358,234" step="2"/><W76/><G76/><T113/><D117/><U82/><E110/><V133/><F133/><W70/><G70/><T83/><D113/><U35/><E35/><V40/><AGARI ba="0,1" hai="6,10,15,40,44,50,63,66,69,92,93,104,106,107" machi="40" ten="30,6000,0" yaku="1,1,0,1,52,1,53,0" doraHai="47" doraHaiUra="118" who="2" fromWho="2" sc="214,-20,184,-20,358,70,234,-20" /><INIT seed="2,1,0,3,3,118" ten="194,164,428,214" oya="2" hai0="34,89,129,28,130,16,42,55,17,20,119,87,74" hai1="79,82,104,61,65,25,60,110,121,120,19,37,66" hai2="3,93,101,11,123,24,86,35,0,57,77,13,43" hai3="26,29,115,97,131,4,84,50,49,54,128,14,40"/><V96/><F123/><N who="1" m="47177" /><E104/><V5/><F43/><W68/><G68/><T108/><D119/><U127/><E37/><V6/><F6/><W71/><G71/><T132/><D108/><U70/><E127/><V76/><F57/><W88/><G97/><T64/><D132/><U1/><E1/><V23/><F35/><W114/><G40/><T90/><D74/><N who="1" m="43383" /><E110/><V102/><F102/><W59/><G50/><T91/><D34/><U122/><N who="1" m="47185" /><U8/><DORA hai="124" /><E8/><V78/><REACH who="2" step="1"/><F86/><REACH who="2" ten="194,164,418,214" step="2"/><W52/><G84/><T58/><D87/><U10/><E70/><V106/><F106/><W92/><G59/><T21/><D42/><U67/><E10/><V53/><F53/><W112/><G52/><T100/><D55/><U22/><AGARI ba="1,1" hai="19,22,25,60,61,65,66,67" m="43383,47185" machi="22" ten="50,8000,1" yaku="13,1,52,4" doraHai="118,124" who="1" fromWho="1" sc="194,-21,164,93,418,-41,214,-21" /><INIT seed="3,0,0,0,4,53" ten="173,257,377,193" oya="3" hai0="51,55,33,46,23,101,58,132,79,77,122,69,67" hai1="97,62,26,111,84,125,64,108,103,80,91,4,98" hai2="37,1,112,81,63,114,92,109,22,18,56,119,9" hai3="0,25,20,3,96,17,90,11,134,45,86,87,120"/><W118/><G118/><T75/><D122/><U49/><E125/><V65/><F119/><W10/><G120/><T34/><D132/><U113/><E113/><V135/><F37/><W76/><G134/><T110/><D110/><N who="1" m="42027" /><E4/><V39/><F39/><W54/><G3/><T28/><D69/><N who="1" m="42135" /><E103/><V78/><F135/><W31/><G0/><T71/><D101/><U128/><E128/><V115/><F92/><N who="3" m="56343" /><G31/><T95/><D71/><U41/><E26/><V104/><F104/><W8/><G76/><T40/><D33/><U107/><E107/><V16/><F109/><W127/><G127/><T72/><D34/><U99/><E49/><AGARI ba="0,0" hai="8,10,11,17,20,25,45,49,54,86,87" m="56343" machi="49" ten="30,1500,0" yaku="8,1" doraHai="53" who="3" fromWho="1" sc="173,0,257,-15,377,0,193,15" /><INIT seed="3,1,0,5,0,36" ten="173,242,377,208" oya="3" hai0="114,128,9,30,51,32,57,94,28,78,2,104,88" hai1="84,3,46,121,124,1,0,62,6,70,86,95,102" hai2="85,65,63,101,119,25,50,80,41,23,99,55,11" hai3="69,15,71,91,97,123,67,79,72,56,129,53,66"/><W127/><G123/><T126/><D128/><U34/><E34/><V37/><F119/><W81/><G129/><T48/><D126/><U68/><E121/><V10/><F41/><W132/><G127/><T12/><D114/><U24/><E124/><V135/><F37/><W64/><G132/><T49/><D104/><U107/><E107/><V43/><F43/><W93/><REACH who="3" step="1"/><G15/><REACH who="3" ten="173,242,377,198" step="2"/><T118/><D118/><U58/><E1/><V125/><F125/><W89/><G89/><T26/><D2/><U111/><E3/><V18/><F135/><W21/><G21/><N who="0" m="15439" /><D78/><U47/><E0/><V40/><F23/><W38/><G38/><T54/><D32/><U29/><E102/><V109/><F101/><W112/><G112/><T4/><D30/><U131/><E29/><V20/><F20/><W14/><G14/><T100/><D100/><U74/><E131/><V106/><F106/><W117/><G117/><T76/><D76/><U27/><E27/><V82/><F25/><W96/><G96/><AGARI ba="1,1" hai="4,9,12,48,49,51,54,57,88,94,96" m="15439" machi="96" ten="30,2000,0" yaku="8,1,54,1" doraHai="36" who="0" fromWho="3" sc="173,33,242,0,377,0,198,-23" owari="206,-19.4,242,4.2,377,47.7,175,-32.5" /></mjloggm>