<mjloggm ver="2.3"><GO type="225" lobby="0"/><UN n0="%E6%A1%9C%E8%8A%B1%E9%96%83%E3%80%85" n1="%E3%81%AC%E3%81%AC%E3%81%84%E3%81%AC" n2="%70%68%65%6E%6F%6D%65" n3="%77%72%77%72%77%72%77%72" dan="16,16,16,17" rate="2097.15,2041.77,2126.51,2150.03" sx="M,M,M,M"/><TAIKYOKU oya="0"/><INIT seed="0,0,0,3,4,126" ten="250,250,250,250" oya="0" hai0="94,93,50,62,122,85,2,29,83,3,99,133,23" hai1="90,80,31,54,96,14,60,112,32,47,30,70,27" hai2="115,65,19,87,16,10,1,37,43,25,69,95,67" hai3="6,88,82,73,77,45,128,53,120,76,107,21,118"/><T28/><D122/><U68/><E112/><V12/><F12/><W131/><G118/><T81/><D133/><U129/><E31/><N who="0" m="11849" /><D2/><U74/><E14/><N who="2" m="7255" /><F37/><W8/><G120/><T113/><D3/><U46/><E68/><V79/><F69/><W105/><G76/><T48/><D113/><U58/><E70/><V57/><F1/><N who="3" m="79" /><G21/><T20/><D62/><U63/><E63/><V108/><F108/><W102/><G102/><N who="0" m="60783" /><D94/><U7/><E7/><V41/><F115/><W55/><G88/><N who="0" m="51247" /><D83/><U24/><E24/><V17/><F25/><W121/><G121/><T51/><AGARI ba="0,0" hai="20,23,48,50,51" m="51247,60783,11849" machi="51" ten="30,3000,0" yaku="8,1,54,1" doraHai="126" who="0" fromWho="0" sc="250,30,250,-10,250,-10,250,-10" /><INIT seed="0,1,0,4,2,66" ten="280,240,240,240" oya="0" hai0="10,99,29,13,113,79,59,32,135,65,38,48,73" hai1="39,16,83,37,80,87,51,117,104,58,28,26,25" hai2="131,67,2,69,55,24,70,90,120,95,15,91,77" hai3="40,102,93,111,127,36,12,84,49,124,94,114,42"/><T57/><D113/><U33/><E117/><V6/><F120/><W31/><G114/><T123/><D123/><U18/><E104/><V126/><F2/><W34/><G36/><T54/><D38/><U92/><E39/><V62/><F126/><N who="3" m="48171" /><G111/><T61/><D135/><U86/><E37/><V4/><F131/><W107/><G12/><T78/><D73/><U30/><E92/><N who="3" m="35434" /><G84/><T21/><D32/><U89/><E51/><V9/><F77/><W50/><G102/><T118/><D99/><U101/><E58/><V122/><F122/><W47/><G107/><T74/><D74/><U20/><REACH who="1" step="1"/><E101/><REACH who="1" ten="280,230,240,240" step="2"/><V132/><F132/><W82/><G49/><T100/><D100/><U121/><E121/><V5/><F95/><W35/><G42/><T45/><D118/><U19/><E19/><V3/><F69/><W97/><G31/><T41/><D59/><U116/><E116/><V23/><F55/><W14/><G50/><T81/><D41/><U106/><E106/><V11/><REACH who="2" step="1"/><F5/><REACH who="2" ten="280,230,230,240" step="2"/><W96/><G40/><T0/><D54/><U56/><E56/><V7/><F7/><W1/><G47/><T52/><D45/><U8/><E8/><V115/><F115/><W109/><G82/><T125/><D81/><U60/><E60/><V112/><F112/><W17/><G109/><T134/><D125/><U110/><E110/><V105/><F105/><W76/><G76/><AGARI ba="1,2" hai="16,18,20,25,26,28,30,33,76,80,83,86,87,89" machi="76" ten="30,3900,0" yaku="1,1,7,1,54,1,53,0" doraHai="66" doraHaiUra="71" who="1" fromWho="3" sc="280,0,230,62,230,0,240,-42" /><INIT seed="1,0,0,2,4,113" ten="280,292,230,198" oya="1" hai0="30,5,121,42,29,68,37,39,69,118,38,53,52" hai1="79,86,83,9,55,127,134,82,67,1,132,122,56" hai2="103,27,16,2,21,33,3,31,107,62,15,23,109" hai3="22,101,84,50,125,60,6,120,34,126,36,26,92"/><U17/><E122/><V75/><F75/><W4/><G120/><T80/><D121/><U96/><E127/><N who="3" m="48650" /><G36/><T48/><D5/><U19/><E67/><V47/><F109/><W63/><G34/><T28/><D80/><U135/><E96/><V14/><F107/><W130/><G130/><T32/><D32/><U35/><E35/><V100/><F47/><W10/><G50/><T95/><D95/><U111/><E111/><V129/><F129/><W18/><G4/><T40/><D118/><U25/><E25/><V94/><F62/><W106/><G106/><T115/><D115/><U8/><E1/><V124/><F124/><W123/><G123/><T11/><D11/><N who="1" m="4171" /><E83/><V128/><F128/><W98/><G84/><T91/><D91/><U64/><E64/><V78/><F78/><W81/><G81/><T93/><D93/><U71/><E71/><N who="0" m="27209" /><D48/><AGARI ba="0,0" hai="17,19,48,55,56,79,82,86,132,134,135" m="4171" machi="48" ten="30,1500,0" yaku="20,1" doraHai="113" who="1" fromWho="0" sc="280,-15,292,15,230,0,198,0" /><INIT seed="1,1,0,5,0,5" ten="265,307,230,198" oya="1" hai0="96,16,123,99,26,112,73,131,28,115,79,93,21" hai1="17,109,83,114,102,1,63,0,81,9,58,64,78" hai2="95,120,66,111,92,68,8,121,133,44,30,12,10" hai3="32,128,98,52,105,20,55,127,38,42,118,84,76"/><U74/><E114/><V69/><F30/><W6/><G32/><T4/><D131/><U57/><E102/><V80/><F80/><W91/><G128/><T49/><D123/><U101/><E101/><V75/><F75/><W60/><G127/><T51/><D4/><U89/><E109/><V100/><F111/><W94/><G118/><T27/><D112/><U47/><E47/><V46/><F100/><W70/><G105/><T13/><D27/><U29/><E29/><V7/><F7/><W41/><G6/><T53/><D115/><U72/><E58/><V39/><F12/><W45/><G41/><T134/><D134/><U122/><E122/><V113/><F113/><W130/><G130/><T126/><D126/><U35/><E35/><V65/><REACH who="2" step="1"/><F39/><REACH who="2" ten="265,307,220,198" step="2"/><W50/><G38/><T90/><D73/><U15/><E74/><V124/><F124/><W104/><G104/><T135/><D135/><AGARI ba="1,1" hai="8,10,44,46,65,66,68,69,92,95,120,121,133,135" machi="135" ten="25,8000,1" yaku="1,1,22,2,52,2,53,0" doraHai="5" doraHaiUra="34" who="2" fromWho="0" sc="265,-83,307,0,220,93,198,0" /><INIT seed="2,0,0,0,5,107" ten="182,307,313,198" oya="2" hai0="72,67,38,0,60,45,12,65,2,51,97,42,52" hai1="27,40,25,80,55,78,122,36,57,68,124,79,69" hai2="31,105,34,81,37,99,128,22,4,90,3,92,54" hai3="119,85,131,87,56,26,70,130,75,6,103,24,32"/><V82/><F34/><W14/><G119/><T18/><D97/><U33/><E124/><V95/><F37/><W89/><G70/><T30/><D30/><U132/><E79/><V1/><F128/><N who="3" m="49195" /><G103/><T35/><D35/><U83/><E83/><V63/><F105/><W110/><G110/><T48/><D72/><U11/><E132/><V121/><F121/><W102/><G102/><T96/><D96/><U94/><E94/><V117/><F117/><W86/><G75/><T127/><D51/><U47/><E27/><N who="3" m="10282" /><G32/><T76/><D76/><U46/><E46/><V58/><F31/><W98/><G56/><N who="0" m="32775" /><D67/><U7/><E122/><V17/><F1/><W64/><G64/><T61/><D61/><U29/><E55/><V115/><F115/><W49/><G49/><T73/><D73/><U59/><E59/><V109/><F109/><W93/><G14/><T71/><D127/><U28/><E57/><V126/><F126/><W116/><G116/><T44/><D44/><U120/><E29/><V106/><F106/><W133/><G133/><T129/><D129/><U91/><E120/><V114/><F114/><W101/><G101/><T16/><D18/><U108/><E108/><V88/><F3/><W104/><G104/><T118/><D118/><U8/><E69/><V10/><F17/><W100/><G100/><T5/><D5/><AGARI ba="0,0" hai="5,6,85,86,87,89,93,98" m="10282,49195" machi="5" ten="40,1300,0" yaku="19,1" doraHai="107" who="3" fromWho="0" sc="182,-13,307,0,313,0,198,13" /><INIT seed="3,0,0,1,2,32" ten="169,307,313,211" oya="3" hai0="105,8,106,61,54,20,96,49,100,37,53,0,69" hai1="76,78,30,91,13,63,12,71,27,84,67,17,134" hai2="117,119,88,39,33,47,116,56,135,16,40,5,102" hai3="133,111,109,2,70,36,68,18,97,50,121,101,114"/><W7/><G114/><T58/><D37/><U103/><E103/><V34/><F102/><W127/><G36/><T23/><D106/><U107/><E107/><V38/><F5/><W89/><G121/><T87/><D87/><U57/><E71/><V85/><F39/><W64/><G89/><T130/><D130/><U14/><E134/><V55/><F135/><W43/><G133/><T115/><D115/><U25/><E17/><V46/><F46/><N who="3" m="25951" /><G64/><T93/><D105/><U92/><REACH who="1" step="1"/><E27/><REACH who="1" ten="169,297,313,211" step="2"/><V75/><F16/><W59/><G18/><T62/><D69/><U35/><AGARI ba="0,1" hai="12,13,14,25,30,35,57,63,67,76,78,84,91,92" machi="35" ten="30,8000,1" yaku="1,1,2,1,0,1,53,2" doraHai="32" doraHaiUra="73" who="1" fromWho="1" sc="169,-20,297,90,313,-20,211,-40" owari="149,-35.1,387,48.7,293,9.3,171,-22.9" /></mjloggm>