<mjloggm ver="2.3"><GO type="225" lobby="0"/><UN n0="%E3%82%A2%E3%82%B8%E3%83%BC%E3%83%B3" n1="%E6%A1%9C%E8%8A%B1%E9%96%83%E3%80%85" n2="%72%69%6F%75%63%68%61%6E" n3="%E3%81%A4%E3%81%A3%E3%81%B1%E3%82%8A%E3%83%9D%E3%83%BC%E3%83%AB" dan="16,17,16,17" rate="2127.79,2205.72,2119.68,2255.01" sx="M,M,M,M"/><TAIKYOKU oya="0"/><INIT seed="0,0,0,3,2,53" ten="250,250,250,250" oya="0" hai0="8,102,82,1,15,87,129,135,14,83,30,75,41" hai1="72,69,119,61,58,100,52,50,131,57,34,60,10" hai2="55,97,13,99,130,25,63,66,70,124,95,35,3" hai3="106,2,104,132,93,54,65,127,90,31,9,118,29"/><T111/><D135/><U116/><E72/><V43/><F3/><W51/><G118/><T123/><D123/><U12/><E34/><V7/><F124/><W21/><G132/><T49/><D102/><U24/><E131/><V110/><F110/><W71/><G127/><T47/><D129/><U40/><E100/><V19/><F130/><W38/><G38/><T108/><D30/><U94/><E94/><V112/><F112/><W121/><G121/><T6/><D87/><U33/><E69/><V78/><F43/><W101/><G101/><T23/><D83/><U5/><E40/><V113/><F113/><W134/><G134/><T56/><D56/><U67/><REACH who="1" step="1"/><E61/><REACH who="1" ten="250,240,250,250" step="2"/><V17/><F35/><W80/><G93/><T4/><D75/><U22/><E22/><V44/><F95/><W105/><G21/><T117/><D117/><U103/><E103/><V32/><F32/><W77/><G106/><T96/><D82/><U20/><E20/><V86/><F70/><W73/><G105/><T98/><D23/><U28/><AGARI ba="0,1" hai="5,10,12,24,28,33,50,52,57,58,60,67,116,119" machi="28" ten="30,8000,1" yaku="1,1,0,1,52,2,54,1,53,0" doraHai="53" doraHaiUra="89" who="1" fromWho="1" sc="250,-40,240,90,250,-20,250,-20" /><INIT seed="1,0,0,2,0,94" ten="210,330,230,230" oya="1" hai0="114,19,73,100,120,105,13,128,92,44,117,42,33" hai1="64,127,78,104,3,82,32,110,96,0,38,22,23" hai2="109,20,4,135,14,15,49,5,125,62,88,74,40" hai3="115,46,69,80,7,26,59,72,27,121,57,134,93"/><U36/><E64/><V71/><F74/><W118/><G121/><T130/><D33/><U45/><E23/><V48/><F109/><W101/><G115/><T54/><D105/><U41/><E36/><V47/><F125/><W12/><G69/><T102/><D73/><N who="1" m="43343" /><E22/><V85/><F135/><W103/><G134/><T66/><D114/><U28/><E127/><V18/><F48/><W61/><G118/><T60/><D54/><U1/><E110/><V70/><F14/><W87/><G72/><T35/><D35/><U98/><E98/><V131/><F131/><N who="0" m="50218" /><D117/><U30/><E30/><V132/><F132/><W77/><G46/><T43/><D120/><U53/><E53/><V123/><F123/><W55/><G57/><N who="0" m="37135" /><D92/><U95/><E95/><N who="2" m="54671" /><F71/><W16/><G7/><N who="2" m="2633" /><F70/><W91/><G103/><N who="0" m="39467" /><D44/><U113/><E113/><V89/><F62/><W107/><G101/><T126/><D126/><U75/><E75/><V108/><F108/><W34/><G34/><T116/><D116/><U8/><E104/><V68/><F68/><W56/><G107/><T90/><D90/><AGARI ba="0,0" hai="15,18,20,40,47,49,89,90" m="2633,54671" machi="90" ten="30,2000,0" yaku="8,1,54,1" doraHai="94" who="2" fromWho="0" sc="210,-20,330,0,230,20,230,0" /><INIT seed="2,0,0,5,2,88" ten="190,330,250,230" oya="2" hai0="92,45,117,54,24,108,86,4,116,66,18,69,19" hai1="7,72,15,83,133,97,12,59,22,131,61,3,78" hai2="21,33,105,110,74,125,127,9,20,109,96,14,135" hai3="52,47,95,23,79,118,58,16,120,91,106,80,31"/><V77/><F33/><W55/><G106/><T43/><D108/><N who="2" m="41578" /><F135/><W93/><G120/><T75/><D75/><U99/><E133/><V5/><F77/><W123/><G118/><N who="0" m="45675" /><D4/><U60/><E60/><V73/><F74/><W40/><G31/><T63/><D54/><U132/><E132/><V119/><F73/><W32/><G32/><T8/><D8/><U6/><E131/><V124/><F119/><W129/><G129/><T85/><D85/><U100/><E3/><V67/><F67/><W113/><G55/><T111/><D24/><U36/><E15/><V62/><F62/><N who="3" m="36167" /><G79/><T44/><D111/><U42/><E78/><V39/><F39/><W84/><G113/><T101/><D45/><U126/><E72/><V90/><F90/><W134/><G123/><T130/><D130/><U107/><E12/><V11/><F9/><W122/><G122/><T112/><D112/><U35/><E35/><V65/><F65/><W68/><G134/><T53/><D53/><U2/><E2/><V103/><AGARI ba="0,0" hai="5,11,14,20,21,96,103,105,124,125,127" m="41578" machi="103" ten="40,7800,0" yaku="18,1,14,1,10,1" doraHai="88" who="2" fromWho="2" sc="190,-26,330,-26,250,78,230,-26" /><INIT seed="2,1,0,2,3,61" ten="164,304,328,204" oya="2" hai0="125,31,54,117,46,116,75,83,25,28,7,15,26" hai1="121,132,118,134,48,52,65,2,18,34,24,13,101" hai2="8,36,110,77,60,35,10,40,3,120,94,59,79" hai3="27,104,100,92,68,32,90,55,6,91,84,62,66"/><V23/><F120/><W69/><G6/><T30/><D46/><U57/><E118/><N who="0" m="45673" /><D54/><U43/><E2/><V112/><F35/><W73/><G73/><T127/><D83/><U98/><E121/><V70/><F70/><N who="3" m="42327" /><G55/><T93/><D93/><U16/><E43/><V29/><F112/><W87/><G91/><T45/><D45/><U128/><E128/><V102/><F110/><W12/><G87/><T97/><D97/><U111/><E65/><N who="2" m="39071" /><F3/><W124/><G69/><T82/><D82/><U109/><E34/><V11/><F36/><W22/><G68/><T17/><D7/><U21/><E98/><N who="2" m="59735" /><F40/><W106/><G100/><T81/><D81/><U115/><E101/><V126/><F126/><N who="0" m="48138" /><D75/><U74/><E74/><V72/><F72/><W129/><G124/><T107/><D107/><U63/><E63/><V47/><F47/><W119/><G119/><T50/><D50/><U95/><E95/><V131/><F131/><W64/><G129/><T44/><D44/><U135/><E115/><V33/><F77/><W14/><G106/><T86/><D86/><U71/><E71/><V49/><F49/><W76/><G104/><T5/><D5/><U56/><E56/><V123/><F123/><W80/><G76/><T78/><D78/><U42/><E42/><V58/><F58/><W53/><G84/><T4/><D4/><U0/><E0/><V38/><F38/><W89/><G80/><T20/><AGARI ba="1,0" hai="15,17,20,25,26,28,30,31" m="48138,45673" machi="20" ten="40,8000,1" yaku="12,1,18,1,34,2" doraHai="61" who="0" fromWho="0" sc="164,83,304,-21,328,-41,204,-21" /><INIT seed="3,0,0,2,0,58" ten="247,283,287,183" oya="3" hai0="14,106,43,21,48,11,7,73,64,0,32,28,134" hai1="95,93,50,117,113,94,76,107,103,12,126,85,46" hai2="65,33,44,69,8,54,97,63,112,114,124,75,84" hai3="129,42,5,83,119,34,49,24,15,79,38,77,109"/><W87/><G119/><T31/><D106/><U41/><E113/><V105/><F75/><W100/><G38/><T37/><D37/><U74/><E117/><V59/><F124/><W70/><G70/><T13/><D64/><U1/><E1/><V135/><F135/><W82/><G129/><T39/><D39/><U78/><E74/><V16/><F33/><W72/><G109/><T96/><D73/><U99/><E126/><V80/><F44/><W25/><G100/><T56/><D96/><U53/><E85/><V3/><F3/><W68/><G68/><T89/><D89/><U86/><E86/><V45/><F45/><N who="3" m="25783" /><G34/><T51/><D43/><U19/><REACH who="1" step="1"/><E41/><REACH who="1" ten="247,273,287,183" step="2"/><V110/><F110/><W29/><G29/><T22/><D31/><U123/><E123/><V27/><F114/><W81/><G81/><T36/><D28/><U104/><E104/><V115/><F105/><W10/><AGARI ba="0,1" hai="5,10,15,24,25,72,77,79,82,83,87" m="25783" machi="10" ten="30,1500,0" yaku="25,1" doraHai="58" who="3" fromWho="3" sc="247,-5,273,-5,287,-5,183,25" /><INIT seed="3,1,0,4,2,115" ten="242,268,282,208" oya="3" hai0="59,34,66,3,107,9,78,84,33,63,121,120,8" hai1="135,119,64,126,100,32,95,130,18,37,109,133,50" hai2="76,65,56,21,36,38,40,72,68,81,41,61,62" hai3="10,134,118,54,14,51,53,22,80,106,42,1,77"/><W108/><G106/><T99/><D34/><U89/><E37/><V15/><F38/><W39/><G134/><T82/><D33/><U23/><E32/><V57/><F36/><W98/><G39/><T7/><REACH who="0" step="1"/><D9/><REACH who="0" ten="232,268,282,208" step="2"/><U117/><E133/><V124/><F124/><W17/><G108/><T111/><D111/><U46/><E135/><V97/><F97/><W122/><G122/><T128/><D128/><U102/><E109/><V11/><F21/><W91/><G118/><T123/><D123/><U96/><E130/><V2/><F2/><W58/><G1/><T132/><D132/><U105/><E126/><V49/><F49/><W129/><G129/><T55/><D55/><N who="1" m="30167" /><E64/><V29/><F11/><W103/><G10/><T101/><AGARI ba="1,1" hai="3,7,8,59,63,66,78,82,84,99,101,107,120,121" machi="101" ten="30,2000,0" yaku="1,1,0,1,53,0" doraHai="115" doraHaiUra="19" who="0" fromWho="0" sc="232,33,268,-6,282,-6,208,-11" /><INIT seed="4,0,0,2,4,68" ten="265,262,276,197" oya="0" hai0="104,134,92,77,53,135,12,103,102,18,16,51,85" hai1="17,57,67,105,118,82,28,42,98,115,60,89,65" hai2="99,109,40,22,96,90,21,5,43,3,75,61,112" hai3="49,63,2,15,10,80,66,29,122,87,84,130,47"/><T8/><D104/><U55/><E118/><V97/><F109/><W50/><G130/><T32/><D32/><U33/><E115/><V101/><F75/><W73/><G122/><T20/><D134/><U71/><E17/><V9/><F112/><W70/><G2/><T127/><D127/><U74/><E42/><V108/><F108/><W56/><G29/><T116/><D135/><U31/><E67/><V132/><F132/><W88/><G73/><T91/><D77/><U54/><E28/><V6/><F101/><W129/><G129/><T106/><D106/><U45/><E45/><V86/><F6/><W11/><G70/><T36/><D36/><U1/><E1/><V126/><F126/><W38/><G87/><T119/><D119/><U64/><E64/><V78/><F78/><W59/><G59/><N who="0" m="33215" /><D116/><U23/><E23/><V133/><F133/><W79/><G79/><T123/><D123/><U100/><E57/><V121/><F121/><W37/><G11/><T69/><D69/><U25/><E74/><V52/><F21/><W27/><G27/><AGARI ba="0,0" hai="8,12,16,18,20,27,85,91,92,102,103" m="33215" machi="27" ten="30,2900,0" yaku="8,1,54,1" doraHai="68" who="0" fromWho="3" sc="265,29,262,0,276,0,197,-29" /><INIT seed="4,1,0,2,0,123" ten="294,262,276,168" oya="0" hai0="128,84,17,133,67,78,86,46,41,70,60,10,28" hai1="72,88,8,29,113,135,125,35,32,34,62,27,103" hai2="109,127,19,69,97,115,24,87,95,40,131,14,75" hai3="111,105,33,99,36,57,119,53,51,117,66,21,121"/><T90/><D28/><U76/><E103/><V94/><F109/><W16/><G33/><T110/><D128/><U30/><E125/><V82/><F69/><W64/><G111/><T1/><D110/><U80/><E135/><V13/><F127/><W130/><G121/><T0/><D133/><U22/><E113/><V101/><F115/><W93/><G36/><T11/><D78/><U126/><E126/><V44/><F75/><W63/><G105/><T61/><D61/><U114/><E114/><V39/><F131/><W118/><G130/><T45/><D84/><U129/><E129/><V20/><REACH who="2" step="1"/><F95/><REACH who="2" ten="294,262,266,168" step="2"/><W48/><G48/><T7/><D70/><U5/><E62/><V6/><F6/><W25/><REACH who="3" step="1"/><G51/><REACH who="3" ten="294,262,266,158" step="2"/><T26/><D60/><U55/><E34/><V134/><F134/><W120/><G120/><T79/><D7/><U98/><E32/><V23/><F23/><W49/><G49/><T73/><D11/><U77/><E35/><V92/><F92/><W106/><G106/><T59/><D10/><U108/><E108/><V96/><F96/><W91/><AGARI ba="1,2" hai="16,21,25,53,57,63,64,66,91,93,99,117,118,119" machi="91" ten="30,8000,1" yaku="1,1,0,1,25,2,54,1,53,0" doraHai="123" doraHaiUra="100" who="3" fromWho="3" sc="294,-41,262,-21,266,-21,158,103" /><INIT seed="5,0,0,1,2,62" ten="253,241,245,261" oya="1" hai0="17,43,10,91,46,42,24,30,65,105,131,52,54" hai1="15,48,35,98,74,6,57,50,86,96,126,4,12" hai2="1,38,56,95,104,102,110,109,22,127,68,112,13" hai3="77,36,116,123,8,34,37,99,16,5,78,108,3"/><U51/><E74/><V101/><F68/><W97/><G108/><T20/><D105/><U28/><E126/><V79/><F1/><W88/><G34/><T93/><D65/><U128/><E128/><V135/><F38/><W59/><G123/><T11/><D131/><U25/><E86/><V7/><F127/><W87/><G116/><T31/><D10/><U60/><E12/><V29/><F104/><W69/><G69/><T45/><D45/><U90/><E15/><V0/><F135/><W32/><G32/><T113/><D113/><U122/><E122/><V81/><F112/><W111/><G111/><T44/><D44/><U9/><E90/><V124/><F124/><W73/><G59/><T64/><D64/><U129/><E129/><V114/><F114/><W94/><G73/><T66/><D66/><U83/><E83/><V82/><F0/><W117/><G117/><T121/><D121/><U106/><E106/><V107/><F107/><W92/><G16/><T19/><D19/><U118/><E118/><V49/><F110/><W39/><REACH who="3" step="1"/><G87/><REACH who="3" ten="253,241,245,251" step="2"/><T14/><D31/><U53/><REACH who="1" step="1"/><E9/><REACH who="1" ten="253,231,245,251" step="2"/><N who="2" m="4287" /><F109/><W27/><G27/><T130/><D130/><U70/><E70/><V55/><F79/><W33/><G33/><T21/><D11/><U132/><E132/><V133/><F133/><W103/><AGARI ba="0,2" hai="3,5,8,36,37,39,77,78,88,92,94,97,99,103" machi="103" ten="30,4000,0" yaku="1,1,0,1,54,1,53,0" doraHai="62" doraHaiUra="119" who="3" fromWho="3" sc="253,-10,231,-20,245,-10,251,60" owari="243,4.3,211,-28.9,235,-16.5,311,41.1" /></mjloggm>