<mjloggm ver="2.3"><GO type="225" lobby="0"/><UN n0="%E3%81%AF%E3%82%88%E3%81%8A%E3%81%98%E3%81%95%E3%82%93" n1="%E3%81%99%E3%81%84%E3%81%BE%E3%81%9B%E3%83%BC%E3%82%93" n2="%E4%B8%89%E5%88%86%E5%B0%8F%E5%83%A7" n3="%E3%83%9D%E3%83%B3%E3%83%9D%E3%82%B3%E5%95%86%E4%BA%8B" dan="17,18,16,16" rate="2138.56,2194.68,2057.35,2097.72" sx="M,M,M,M"/><TAIKYOKU oya="0"/><INIT seed="0,0,0,2,1,126" ten="250,250,250,250" oya="0" hai0="102,52,70,54,3,47,89,69,19,122,15,6,13" hai1="93,86,75,58,91,35,130,135,25,117,88,121,80" hai2="67,111,16,10,7,124,85,123,73,41,57,82,114" hai3="72,18,119,125,62,9,51,96,42,63,120,21,131"/><T17/><D122/><U97/><E117/><V127/><F123/><W78/><G120/><T2/><D89/><U128/><E121/><V103/><F73/><W53/><G119/><T20/><D102/><U90/><E135/><V77/><F114/><W115/><G115/><T44/><D20/><U27/><E75/><V108/><F41/><W132/><G42/><T61/><D61/><U84/><E58/><V87/><F103/><W29/><G29/><T5/><AGARI ba="0,0" hai="2,3,5,6,13,15,17,19,44,47,52,54,69,70" machi="5" ten="25,9600,0" yaku="0,1,22,2,54,1" doraHai="126" who="0" fromWho="0" sc="250,96,250,-32,250,-32,250,-32" /><INIT seed="0,1,0,4,4,24" ten="346,218,218,218" oya="0" hai0="67,104,44,58,83,31,41,29,45,117,132,21,11" hai1="27,91,23,60,8,116,119,88,94,111,38,82,103" hai2="72,125,53,56,14,122,43,68,12,107,127,101,0" hai3="118,10,123,106,47,16,65,36,39,70,18,93,66"/><T4/><D104/><U5/><E111/><V62/><F122/><W50/><G106/><T33/><D33/><U52/><E38/><V25/><F0/><W85/><G118/><T26/><D117/><U121/><E121/><V114/><F114/><W9/><G93/><T79/><D132/><U98/><E82/><V108/><F108/><W131/><G85/><T74/><D29/><N who="1" m="17663" /><E119/><V19/><F72/><W113/><G50/><T99/><D99/><U87/><E116/><V15/><F68/><W42/><G70/><T35/><D35/><U7/><E8/><V2/><F2/><W46/><G42/><T115/><D115/><U76/><E76/><V54/><F43/><W102/><G113/><T71/><D71/><U135/><E135/><V63/><F101/><W64/><G123/><T32/><D32/><U95/><E103/><V40/><F107/><W28/><G102/><T30/><D30/><U77/><E77/><V84/><F40/><W13/><G28/><T80/><D83/><U78/><E78/><V100/><F100/><W37/><G131/><T69/><D69/><U112/><E112/><V57/><F84/><W61/><G61/><N who="0" m="38327" /><D41/><U96/><E96/><V34/><F34/><W129/><G129/><T126/><D126/><N who="2" m="48138" /><F25/><W51/><G51/><T86/><D74/><U134/><E134/><V128/><F128/><W49/><G49/><T109/><D109/><U130/><E130/><V110/><F110/><W59/><G59/><AGARI ba="1,0" hai="5,7,52,59,60,87,88,91,94,95,98" m="17663" machi="59" ten="30,7700,0" yaku="8,1,52,1,54,2" doraHai="24" who="1" fromWho="3" sc="346,0,218,80,218,0,218,-80" /><INIT seed="1,0,0,2,2,83" ten="346,298,218,138" oya="1" hai0="124,131,30,85,2,55,28,63,64,73,41,44,32" hai1="33,79,16,97,96,67,125,11,113,4,87,92,105" hai2="74,5,100,62,0,84,102,18,80,46,35,37,81" hai3="130,21,51,132,107,133,17,59,38,34,65,6,60"/><U128/><E113/><V98/><F35/><W56/><G34/><T119/><D73/><U48/><E33/><V20/><F74/><W112/><G107/><T134/><D2/><U24/><E128/><V10/><F81/><W70/><G6/><T66/><D119/><U42/><E125/><V54/><F37/><W129/><G21/><T43/><D32/><U31/><E67/><V13/><F98/><W127/><G17/><T15/><D131/><N who="3" m="50185" /><G112/><T121/><D124/><U90/><E31/><V68/><F68/><W61/><G38/><T40/><D134/><N who="3" m="51817" /><G51/><T76/><D28/><U122/><E105/><V22/><F22/><W110/><G110/><T29/><D30/><U135/><E4/><V26/><F0/><W88/><G88/><T89/><D76/><U75/><E79/><N who="2" m="46111" /><F62/><N who="3" m="40247" /><G127/><T8/><D29/><U72/><E135/><V45/><F100/><W9/><G9/><T93/><D8/><U95/><E11/><V116/><F102/><W53/><G53/><T77/><D55/><U7/><E7/><V109/><F54/><W69/><G61/><T106/><D63/><U108/><E108/><V103/><F109/><W91/><G91/><T39/><D89/><U58/><E90/><V57/><F103/><W36/><G36/><T117/><D39/><U19/><E75/><V27/><F27/><W94/><G94/><T101/><D106/><U3/><E24/><V23/><F23/><W78/><G78/><T47/><D77/><U126/><E72/><V12/><F26/><W82/><G82/><T86/><D101/><U118/><E126/><V49/><F116/><RYUUKYOKU ba="0,0" sc="346,-15,298,-15,218,15,138,15" hai2="5,10,12,13,18,20,45,46,49,57" hai3="56,59,60,69" /><INIT seed="2,1,0,3,5,133" ten="331,283,233,153" oya="2" hai0="40,62,42,5,34,60,45,134,55,57,10,132,25" hai1="65,43,52,86,24,75,117,33,70,20,9,89,69" hai2="125,90,102,54,113,101,23,110,7,119,108,82,83" hai3="103,26,58,8,99,61,106,128,2,111,81,105,71"/><V15/><F113/><W64/><G128/><T91/><D62/><U21/><E75/><V14/><F119/><W66/><G111/><N who="2" m="42537" /><F54/><W56/><G106/><T1/><D91/><U127/><E117/><V109/><N who="2" m="42545" /><V87/><DORA hai="32" /><F83/><W28/><G81/><T76/><D76/><U78/><E52/><V11/><F125/><W88/><G66/><T114/><D114/><U30/><E65/><V49/><F49/><W135/><G135/><N who="0" m="51755" /><D45/><U50/><E127/><V104/><F104/><W59/><G88/><T85/><D85/><U107/><E107/><V130/><F130/><W13/><G13/><T118/><D118/><U53/><E78/><V94/><F94/><W96/><G96/><T84/><D84/><U116/><E116/><V6/><F6/><W16/><G16/><AGARI ba="1,0" hai="7,11,14,15,16,23,82,87,90,101,102" m="42545" machi="16" ten="40,7700,0" yaku="14,1,10,1,54,1" doraHai="133,32" who="2" fromWho="3" sc="331,0,283,0,233,80,153,-80" /><INIT seed="2,2,0,1,0,46" ten="331,283,313,73" oya="2" hai0="98,63,4,103,86,97,25,70,58,43,128,131,122" hai1="40,60,64,130,38,79,76,94,53,37,28,22,9" hai2="32,125,13,45,120,80,30,35,83,115,116,88,106" hai3="24,134,135,75,54,36,15,121,27,7,3,21,66"/><V48/><F115/><W34/><G36/><T123/><D70/><U31/><E130/><N who="0" m="49705" /><D43/><U127/><E127/><V126/><F116/><W26/><G75/><T17/><D4/><U8/><E53/><V50/><F120/><W52/><G66/><N who="0" m="39287" /><D86/><U59/><E38/><V96/><F45/><W107/><G107/><N who="0" m="63983" /><D98/><U57/><E40/><V124/><F13/><W29/><G121/><T19/><D19/><U113/><E37/><V42/><F42/><W118/><G118/><T2/><D2/><U11/><E113/><V69/><F69/><W112/><G112/><T117/><D117/><U101/><E59/><V73/><F106/><W51/><G54/><T91/><D91/><U55/><E64/><V105/><F105/><W129/><G129/><T14/><D25/><N who="1" m="16439" /><E31/><V68/><F68/><W18/><G3/><T78/><D78/><U74/><E74/><V41/><F41/><W95/><G95/><T49/><D49/><N who="2" m="19050" /><F30/><W133/><REACH who="3" step="1"/><G7/><REACH who="3" ten="331,283,313,63" step="2"/><T77/><D123/><U67/><E67/><V100/><F73/><W47/><AGARI ba="2,1" hai="15,18,21,24,26,27,29,34,47,51,52,133,134,135" machi="47" ten="30,12000,2" yaku="1,1,2,1,0,1,20,1,52,1,54,1,53,1" doraHai="46" doraHaiUra="44" who="3" fromWho="3" sc="331,-32,283,-32,313,-62,63,136" /><INIT seed="3,0,0,3,2,103" ten="299,251,251,199" oya="3" hai0="4,73,8,86,42,1,20,41,11,75,9,67,84" hai1="129,65,135,37,108,55,116,17,89,46,107,62,33" hai2="10,6,114,90,34,5,22,43,49,61,100,60,80" hai3="99,47,32,45,38,36,50,131,123,28,77,93,112"/><W12/><G112/><T26/><D73/><U101/><E108/><V64/><F34/><W27/><G123/><T24/><D75/><U134/><E33/><V51/><F114/><W76/><G131/><T97/><D1/><U21/><E129/><V96/><F22/><W63/><G63/><T109/><D109/><U94/><E116/><V106/><F61/><W115/><G115/><T44/><D67/><U95/><E37/><V83/><F6/><W14/><G38/><T56/><D56/><U85/><E46/><V0/><F43/><N who="0" m="16394" /><D44/><U82/><E55/><V72/><F83/><W79/><G36/><T53/><D53/><U19/><E107/><V127/><F127/><W126/><G126/><T39/><D39/><U74/><E74/><V54/><F54/><W29/><G29/><N who="0" m="17543" /><D4/><U25/><E65/><V35/><F35/><W30/><G30/><T124/><D124/><U122/><E122/><V48/><F90/><W117/><G117/><T15/><D15/><U16/><E89/><V98/><F98/><W23/><G32/><T91/><D26/><U88/><E25/><V113/><F113/><W78/><N who="3" m="19456" /><DORA hai="133" /><W119/><G119/><T57/><D57/><U118/><E118/><V59/><F80/><W130/><G130/><T66/><D66/><U68/><E82/><V7/><F7/><W70/><G70/><T110/><D110/><U31/><E31/><V58/><REACH who="2" step="1"/><F72/><REACH who="2" ten="299,251,241,199" step="2"/><W132/><G132/><T40/><D40/><U111/><E111/><V128/><F128/><W18/><G50/><T102/><D91/><U69/><E88/><V71/><AGARI ba="0,1" hai="0,5,10,48,49,51,58,59,60,64,71,96,100,106" machi="71" ten="30,7900,0" yaku="1,1,5,1,0,1,52,1,53,0" doraHai="103,133" doraHaiUra="120,81" who="2" fromWho="2" sc="299,-20,251,-20,241,89,199,-39" owari="279,7.9,231,-16.9,330,43.0,160,-34.0" /></mjloggm>