<mjloggm ver="2.3"><GO type="225" lobby="0"/><UN n0="%E9%B3%B4%E8%8C%B6" n1="%E5%A4%8F%E9%88%B4%E9%88%B4%E5%A4%8F" n2="%E4%B8%8B%E4%BA%95%E8%8D%89" n3="%E3%83%81%E3%83%A7%E3%83%99%E3%83%83%E3%82%AF" dan="16,16,16,16" rate="2120.50,2103.02,2141.41,2073.71" sx="M,M,M,M"/><TAIKYOKU oya="0"/><INIT seed="0,0,0,3,1,25" ten="250,250,250,250" oya="0" hai0="43,107,40,134,131,135,49,118,130,84,91,65,80" hai1="117,55,48,133,126,102,44,22,18,8,90,62,94" hai2="54,75,46,57,74,106,81,111,2,7,51,0,89" hai3="47,72,6,26,9,73,52,14,109,108,104,97,101"/><T36/><D107/><U70/><E117/><V19/><F111/><N who="3" m="42571" /><G26/><T33/><D36/><U61/><E133/><N who="0" m="50697" /><D118/><U41/><E126/><V96/><F7/><W37/><G37/><T27/><D65/><U30/><E102/><V95/><F74/><W20/><G20/><T1/><D1/><U63/><E70/><V28/><F19/><W5/><G5/><T110/><D110/><U31/><E41/><N who="0" m="15945" /><D49/><AGARI ba="0,0" hai="6,9,14,47,49,52,72,73,97,101,104" m="42571" machi="49" ten="30,2000,0" yaku="14,1,54,1" doraHai="25" who="3" fromWho="0" sc="250,-20,250,0,250,0,250,20" /><INIT seed="1,0,0,5,5,99" ten="230,250,250,270" oya="1" hai0="88,134,3,5,26,59,101,11,106,2,64,36,32" hai1="69,63,95,111,123,120,53,93,131,85,97,35,84" hai2="49,42,72,54,103,76,122,60,18,29,70,80,33" hai3="58,48,30,7,23,46,105,104,68,71,77,79,128"/><U127/><E35/><V44/><F122/><W8/><G58/><T1/><D134/><U13/><E127/><V130/><F130/><W45/><G23/><T82/><D36/><U25/><E131/><V112/><F112/><W109/><G30/><T91/><D106/><N who="3" m="41065" /><G48/><T15/><D101/><U94/><E97/><V9/><F33/><W55/><G55/><T114/><D114/><U57/><E111/><V22/><F9/><W119/><G128/><T21/><D82/><U96/><E96/><V135/><F29/><W14/><G109/><T124/><D32/><U17/><E25/><V61/><F135/><W98/><G98/><T24/><D124/><U27/><E27/><V132/><F132/><W40/><G40/><T81/><D81/><U118/><E118/><V37/><F61/><W31/><G31/><T38/><D26/><U83/><E69/><V0/><F0/><W89/><G89/><T107/><D107/><U43/><E43/><V52/><F54/><W66/><G66/><T126/><D38/><U50/><E63/><V74/><F22/><W133/><G133/><T75/><D126/><U115/><E115/><V92/><F18/><W12/><G12/><T117/><D117/><U121/><REACH who="1" step="1"/><E83/><REACH who="1" ten="230,240,250,270" step="2"/><V4/><F42/><W16/><G119/><T34/><D34/><U116/><E116/><V87/><F70/><W56/><G68/><T73/><D24/><U20/><AGARI ba="0,1" hai="13,17,20,50,53,57,84,85,93,94,95,120,121,123" machi="20" ten="40,3900,0" yaku="1,1,0,1,53,0" doraHai="99" doraHaiUra="78" who="1" fromWho="1" sc="230,-13,240,49,250,-13,270,-13" /><INIT seed="1,1,0,3,0,4" ten="217,289,237,257" oya="1" hai0="17,22,26,11,39,57,14,95,133,97,125,87,67" hai1="81,82,52,73,134,122,100,10,130,47,106,101,0" hai2="51,94,3,35,33,63,18,72,120,113,69,88,121" hai3="89,90,24,128,62,60,79,41,25,85,127,103,5"/><U2/><E122/><V77/><F113/><W49/><G103/><T7/><D125/><U76/><E134/><V119/><F119/><W9/><G127/><T104/><D133/><U80/><E130/><V30/><F3/><W91/><G128/><T13/><D39/><U36/><E0/><V1/><F1/><W54/><G41/><T42/><D42/><N who="1" m="22983" /><E52/><V86/><F18/><W71/><G79/><T123/><D123/><U34/><E34/><V118/><F118/><W96/><G96/><T66/><D104/><U6/><E100/><V99/><F35/><W56/><G85/><T28/><D87/><U93/><E93/><V37/><F37/><W83/><G83/><T61/><D67/><U23/><E23/><V131/><F131/><W126/><G71/><T8/><D95/><U19/><E19/><V75/><F51/><W108/><G108/><T115/><REACH who="0" step="1"/><D97/><AGARI ba="1,0" hai="2,6,10,73,76,80,81,82,97,101,106" m="22983" machi="97" ten="30,2900,0" yaku="25,1,52,1" doraHai="4" who="1" fromWho="0" sc="217,-32,289,32,237,0,257,0" /><INIT seed="1,2,0,4,1,129" ten="185,321,237,257" oya="1" hai0="24,44,120,56,92,81,112,85,89,0,134,48,19" hai1="45,122,105,37,50,73,132,82,58,128,5,121,53" hai2="104,101,98,15,133,93,135,29,23,74,1,124,65" hai3="61,87,36,20,64,6,10,41,17,106,119,43,79"/><U86/><E5/><V30/><F1/><W117/><G106/><T76/><D112/><U13/><E128/><V125/><F74/><W63/><G79/><T26/><D120/><U12/><E73/><V103/><F65/><W116/><G87/><T31/><D0/><U60/><E105/><V118/><F118/><W57/><G63/><T130/><D130/><U22/><E132/><N who="2" m="50763" /><F104/><W75/><G36/><T68/><D68/><U115/><E37/><V83/><F83/><W95/><G95/><T99/><D134/><U127/><E127/><N who="2" m="48715" /><F103/><W110/><G75/><T77/><D56/><U80/><E122/><V88/><F101/><W21/><G110/><T78/><D19/><AGARI ba="2,0" hai="15,19,23,29,30,88,93,98" m="48715,50763" machi="19" ten="30,12000,2" yaku="20,1,18,1,52,3,54,1" doraHai="129" who="2" fromWho="0" sc="185,-126,321,0,237,126,257,0" /><INIT seed="2,0,0,1,2,119" ten="59,321,363,257" oya="2" hai0="68,64,118,31,78,120,46,59,9,90,104,99,45" hai1="110,93,91,109,105,43,71,66,18,28,0,121,132" hai2="70,116,11,60,2,17,52,72,128,83,24,131,29" hai3="103,32,79,12,135,86,10,130,62,22,122,125,26"/><V111/><F116/><W35/><G103/><T54/><D78/><U127/><E0/><V38/><F38/><W117/><G117/><T77/><D77/><U33/><E105/><V80/><F70/><W16/><G79/><T50/><D118/><U53/><E127/><V20/><F72/><W58/><G86/><T129/><D9/><U56/><E132/><V61/><F111/><N who="1" m="42505" /><E43/><V89/><F61/><W40/><G40/><T76/><D76/><U107/><E107/><V19/><F2/><W102/><G102/><T75/><D75/><U74/><E74/><V49/><F60/><W5/><G130/><N who="2" m="49705" /><F89/><W63/><G135/><T88/><D129/><U100/><E100/><V6/><F6/><W112/><G125/><T65/><D104/><U13/><E66/><V95/><F95/><W101/><G101/><T44/><D99/><U108/><E71/><V27/><F11/><W114/><G122/><T92/><D68/><U37/><E37/><V97/><F97/><W87/><G87/><T115/><D115/><N who="3" m="44073" /><G63/><T96/><D90/><U82/><E121/><V41/><F41/><W134/><G134/><T3/><D3/><U8/><E108/><V30/><F83/><W51/><G51/><T113/><D113/><U21/><E82/><V4/><F80/><W7/><G7/><T48/><D120/><U57/><E93/><V85/><F4/><W23/><G23/><T84/><D96/><U123/><E123/><V47/><F85/><W25/><G25/><T39/><D39/><U126/><E91/><V81/><F81/><W124/><G124/><T55/><D31/><RYUUKYOKU ba="0,0" sc="59,10,321,-30,363,10,257,10" hai0="44,45,46,48,50,54,55,59,64,65,84,88,92" hai2="17,19,20,24,27,29,30,47,49,52" hai3="5,10,12,16,22,26,32,35,58,62" /><INIT seed="2,1,0,1,5,121" ten="69,291,373,267" oya="2" hai0="127,20,123,83,80,113,19,24,81,49,118,18,112" hai1="72,134,27,61,34,85,122,78,9,51,115,22,2" hai2="75,101,67,103,133,105,114,82,89,104,128,71,30" hai3="13,74,21,73,130,84,53,106,100,37,88,92,91"/><V132/><F30/><W42/><G37/><T4/><D123/><U70/><E115/><V77/><F114/><N who="0" m="44138" /><D49/><U116/><E116/><V36/><F36/><W117/><G42/><T26/><D20/><U59/><E134/><N who="2" m="51819" /><F67/><W97/><G53/><T62/><D62/><U43/><E70/><V39/><F71/><W54/><G54/><T11/><D11/><U95/><E72/><N who="3" m="27754" /><G13/><T46/><D46/><N who="1" m="26079" /><E2/><V135/><F39/><W131/><G21/><T109/><D4/><U57/><E34/><V99/><N who="2" m="51827" /><V3/><DORA hai="87" /><F3/><W17/><G17/><N who="0" m="6155" /><D118/><U35/><E35/><V107/><F128/><N who="3" m="49195" /><G117/><T15/><D15/><U0/><E0/><V96/><F107/><W25/><G25/><N who="0" m="9835" /><D127/><U44/><E27/><V12/><F12/><W120/><G120/><T69/><D69/><U126/><E44/><V125/><F125/><W45/><G45/><T41/><D41/><U76/><E126/><V90/><AGARI ba="1,0" hai="75,77,82,89,90,96,99,101,103,104,105" m="51827" machi="90" ten="40,12000,1" yaku="20,1,34,2,52,2" doraHai="121,87" who="2" fromWho="2" sc="69,-41,291,-41,373,123,267,-41" /><INIT seed="2,2,0,5,1,22" ten="28,250,496,226" oya="2" hai0="119,126,96,107,18,57,42,37,84,123,100,54,129" hai1="134,72,33,31,79,23,14,111,43,44,105,9,45" hai2="108,55,20,135,78,81,112,89,49,77,12,85,62" hai3="16,47,36,15,35,8,46,59,19,73,52,115,64"/><V125/><F112/><W48/><G115/><T92/><D123/><U34/><E111/><V21/><F135/><W1/><G35/><T94/><D126/><U88/><E105/><V61/><F125/><W116/><G116/><T101/><D129/><U3/><E134/><V30/><F108/><W68/><G73/><T28/><D119/><U83/><E3/><V102/><F102/><W41/><G1/><T114/><D114/><U86/><E23/><N who="2" m="8779" /><F12/><W87/><G46/><T98/><D28/><U90/><E90/><V11/><F11/><W110/><G87/><T131/><D37/><U124/><E124/><V10/><F10/><W25/><G110/><T40/><D131/><U95/><E31/><V26/><F30/><W13/><G25/><T53/><D107/><U104/><E104/><V76/><F26/><W4/><G15/><T17/><D84/><U51/><REACH who="1" step="1"/><E44/><AGARI ba="2,0" hai="44,49,55,61,62,76,77,78,81,85,89" m="8779" machi="44" ten="30,1500,0" yaku="8,1" doraHai="22" who="2" fromWho="1" sc="28,0,250,-21,496,21,226,0" /><INIT seed="2,3,0,0,3,104" ten="28,229,517,226" oya="2" hai0="16,21,129,19,108,89,64,67,75,46,122,26,29" hai1="58,40,51,79,44,34,135,105,63,84,62,43,87" hai2="85,77,31,35,107,27,116,52,59,37,76,65,80" hai3="130,112,33,102,73,99,36,82,22,98,131,132,119"/><V5/><F116/><W55/><G33/><T15/><D108/><U39/><E34/><V48/><F107/><W68/><G68/><T54/><D129/><N who="3" m="49161" /><G36/><T123/><D122/><U53/><E105/><V60/><F37/><W91/><G55/><T8/><D123/><U100/><E100/><V134/><F5/><W96/><G22/><T24/><D75/><U97/><E97/><V78/><REACH who="2" step="1"/><F134/><REACH who="2" ten="28,229,507,226" step="2"/><W47/><G132/><T103/><D103/><U57/><E39/><V3/><F3/><W117/><G112/><T125/><D125/><U9/><E135/><V25/><F25/><W41/><G102/><T50/><D26/><U56/><E63/><V121/><F121/><W72/><G41/><T110/><D110/><U49/><E43/><V17/><F17/><W86/><G47/><AGARI ba="3,1" hai="27,31,35,47,48,52,59,60,65,76,77,78,80,85" machi="47" ten="30,5800,0" yaku="1,1,7,1,54,1,53,0" doraHai="104" doraHaiUra="10" who="2" fromWho="3" sc="28,0,229,0,507,77,226,-67" /><INIT seed="2,4,0,2,4,23" ten="28,229,584,159" oya="2" hai0="41,81,72,118,70,19,76,38,27,80,14,133,79" hai1="2,74,64,95,5,58,103,39,22,48,116,106,77" hai2="92,131,45,84,63,15,32,134,24,110,100,46,117" hai3="85,105,114,16,47,119,102,120,18,21,89,9,123"/><V33/><F117/><W78/><G119/><T42/><D133/><U90/><E116/><V109/><F134/><W54/><G105/><T29/><D118/><U91/><E39/><V28/><F131/><W56/><G102/><T113/><D113/><U44/><E5/><V122/><F122/><W61/><G114/><T25/><D70/><U108/><E2/><V132/><F132/><W71/><G78/><T26/><D38/><U6/><E6/><V75/><F75/><W37/><G71/><T111/><D111/><N who="2" m="42506" /><F63/><W59/><G59/><T127/><D127/><U93/><E108/><V62/><F62/><W98/><G98/><T1/><D1/><U126/><E58/><V49/><F15/><W99/><G99/><T107/><D107/><U10/><E64/><V73/><F73/><W128/><G128/><T17/><D29/><U20/><E74/><V88/><F100/><W55/><G9/><T94/><D94/><U101/><E10/><V69/><F69/><W43/><G54/><T68/><D68/><U125/><E93/><V129/><F129/><W40/><G43/><N who="0" m="16395" /><D72/><U0/><E95/><V66/><F66/><W36/><G36/><T34/><D34/><N who="2" m="13418" /><F49/><W67/><G67/><T130/><D130/><U53/><E48/><V50/><F50/><W97/><G97/><T121/><D121/><U8/><E125/><V51/><F51/><W135/><G135/><T35/><D35/><AGARI ba="4,0" hai="24,28,35,45,46,84,88,92" m="13418,42506" machi="35" ten="30,11600,0" yaku="14,1,10,1,52,1,54,1" doraHai="23" who="2" fromWho="0" sc="28,-128,229,0,584,128,159,0" owari="-100,-60.0,229,2.9,712,81.2,159,-24.1" /></mjloggm>