<mjloggm ver="2.3"><GO type="225" lobby="0"/><UN n0="%E3%83%81%E3%83%83%E3%82%BF%E3%82%BD%E3%83%BC" n1="%E6%B7%91%E5%A5%B3%E3%81%AE%E5%97%9C%E3%81%BF" n2="%72%69%6F%75%63%68%61%6E" n3="%E9%B3%B3%E6%9D%B1%E3%81%AE%E3%81%BF%E3%81%91%E3%81%AB%E3%82%83%E3%82%93" dan="16,16,16,16" rate="2194.09,2095.70,2140.07,2131.12" sx="F,M,M,F"/><TAIKYOKU oya="0"/><INIT seed="0,0,0,5,0,22" ten="250,250,250,250" oya="0" hai0="102,100,99,20,49,5,42,90,116,109,68,131,85" hai1="96,59,122,46,37,112,75,14,9,123,106,8,91" hai2="127,94,6,128,31,80,61,113,92,132,87,62,29" hai3="70,35,121,103,88,79,66,81,105,77,13,101,38"/><T26/><D131/><U133/><E75/><V65/><F113/><W4/><G38/><T33/><D33/><U111/><E112/><V7/><F127/><W40/><G40/><T19/><D116/><U15/><E111/><V63/><F132/><W98/><G121/><T104/><D109/><U78/><E133/><V95/><F128/><W10/><G103/><T110/><D110/><U44/><E78/><V32/><F65/><W23/><G35/><T60/><D100/><U57/><E91/><N who="2" m="51687" /><F32/><W74/><G79/><T119/><D119/><U107/><REACH who="1" step="1"/><E37/><REACH who="1" ten="250,240,250,250" step="2"/><V11/><F11/><W117/><G117/><T52/><D90/><U16/><E16/><V55/><F55/><W114/><G114/><T18/><D5/><AGARI ba="0,1" hai="5,6,7,29,31,61,62,63,92,94,95" m="51687" machi="5" ten="30,1000,0" yaku="8,1" doraHai="22" who="2" fromWho="0" sc="250,-10,240,0,250,20,250,0" /><INIT seed="1,0,0,1,3,88" ten="240,240,270,250" oya="1" hai0="85,62,39,3,38,59,53,50,33,129,41,35,17" hai1="109,82,131,24,83,44,1,69,56,63,75,76,100" hai2="58,42,11,126,99,19,111,54,102,132,30,9,28" hai3="113,124,115,6,127,67,48,29,61,130,20,26,133"/><U86/><E1/><V68/><F68/><W10/><G48/><T65/><D129/><U43/><E131/><V31/><F111/><W105/><G105/><T128/><D128/><U18/><E109/><V37/><F126/><N who="3" m="48171" /><G130/><T80/><D3/><U66/><E100/><V119/><F132/><W87/><G87/><T23/><D38/><U15/><E24/><V107/><F119/><W40/><G40/><T104/><D104/><U93/><E93/><V13/><F9/><W92/><G92/><T110/><D110/><U118/><E118/><V64/><F64/><W89/><G89/><T70/><D85/><U121/><E121/><V34/><F34/><W0/><G133/><T116/><D80/><U57/><E82/><V103/><F103/><W51/><G51/><T55/><D55/><U95/><E75/><V101/><F101/><W14/><G61/><T2/><D2/><U125/><E95/><V94/><F107/><W36/><G67/><T135/><D135/><U120/><E120/><V91/><F102/><W90/><G90/><T73/><D73/><U77/><E77/><V49/><F37/><W45/><G45/><N who="0" m="23743" /><D116/><U5/><E125/><V112/><F42/><W74/><G36/><T122/><D122/><U98/><E98/><V97/><F112/><N who="3" m="43083" /><G74/><T21/><D21/><N who="1" m="11487" /><E5/><V4/><F4/><W123/><G123/><T134/><D134/><U7/><E7/><V32/><F32/><W117/><G117/><T114/><D114/><U52/><E43/><V47/><F99/><W84/><G84/><T27/><AGARI ba="0,0" hai="17,23,27,33,35,50,53,59,62,65,70" m="23743" machi="27" ten="30,1100,0" yaku="24,1" doraHai="88" who="0" fromWho="0" sc="240,11,240,-5,270,-3,250,-3" /><INIT seed="2,0,0,1,2,76" ten="251,235,267,247" oya="2" hai0="128,120,34,131,67,24,44,78,33,96,99,66,71" hai1="48,129,97,81,109,18,9,6,29,23,4,125,130" hai2="47,60,14,65,57,3,124,8,53,127,17,1,106" hai3="46,5,2,35,107,39,40,28,45,59,122,135,132"/><V102/><F102/><W32/><G122/><T100/><D120/><U20/><E109/><V43/><F106/><W88/><G107/><T108/><D108/><U83/><E125/><N who="2" m="48203" /><F65/><N who="0" m="24586" /><D71/><U26/><E48/><AGARI ba="0,0" hai="1,3,8,14,17,43,47,48,53,57,60" m="48203" machi="48" ten="30,1500,0" yaku="18,1" doraHai="76" who="2" fromWho="1" sc="251,0,235,-15,267,15,247,0" /><INIT seed="2,1,0,1,0,57" ten="251,220,282,247" oya="2" hai0="27,64,13,3,20,79,102,23,131,101,52,9,86" hai1="124,77,1,85,40,93,26,87,29,134,82,16,76" hai2="61,114,72,10,35,39,80,68,119,56,69,66,17" hai3="65,132,78,30,14,73,116,95,49,53,127,28,109"/><V111/><F114/><W32/><G116/><T115/><D131/><U37/><E1/><V43/><F119/><W46/><G109/><T128/><D128/><U59/><E124/><V48/><F35/><W99/><G127/><T5/><D115/><U130/><E130/><V104/><F104/><W62/><G132/><T24/><D3/><U125/><E125/><V84/><F111/><W0/><G0/><T126/><D126/><U55/><E134/><V108/><F108/><W118/><G118/><T129/><D64/><U58/><E40/><V63/><F39/><W90/><G32/><T107/><D129/><U120/><E37/><V47/><F72/><W21/><G78/><T81/><D107/><U71/><E71/><V103/><F103/><W105/><G73/><T100/><D52/><U121/><E16/><V96/><F96/><W106/><G106/><T22/><AGARI ba="1,0" hai="5,9,13,20,22,23,24,27,79,81,86,100,101,102" machi="22" ten="30,2000,0" yaku="0,1,8,1" doraHai="57" who="0" fromWho="0" sc="251,23,220,-6,282,-11,247,-6" /><INIT seed="3,0,0,5,4,72" ten="274,214,271,241" oya="3" hai0="59,106,114,89,93,26,83,16,99,31,43,120,60" hai1="86,44,110,58,85,125,84,35,73,97,54,127,57" hai2="39,101,71,102,52,87,135,66,74,37,23,91,15" hai3="118,132,75,48,100,21,14,113,80,22,63,56,27"/><W88/><G113/><T62/><D120/><U51/><E35/><V98/><F74/><W11/><G118/><T107/><D114/><U131/><E73/><V2/><F2/><W4/><G132/><T111/><D111/><U82/><E110/><V115/><F115/><W55/><G100/><T24/><D43/><U68/><E68/><V116/><F116/><W53/><G27/><T67/><D83/><U6/><E6/><V36/><F135/><W12/><G12/><T90/><D89/><U79/><E97/><V109/><F109/><W78/><REACH who="3" step="1"/><G88/><REACH who="3" ten="274,214,271,231" step="2"/><T3/><D3/><U17/><E131/><V19/><F98/><W129/><G129/><T46/><D24/><U94/><E17/><V29/><F29/><W28/><G28/><T123/><D16/><U49/><E58/><AGARI ba="0,1" hai="4,11,14,21,22,48,53,55,56,58,63,75,78,80" machi="58" ten="30,5800,0" yaku="1,1,7,1,52,1,53,0" doraHai="72" doraHaiUra="134" who="3" fromWho="1" sc="274,0,214,-58,271,0,231,68" /><INIT seed="3,1,0,4,4,83" ten="274,156,271,299" oya="3" hai0="43,39,0,87,81,12,32,21,108,30,49,73,61" hai1="47,48,46,111,5,68,62,4,29,33,132,118,3" hai2="99,131,95,13,36,60,102,65,122,8,130,69,88" hai3="114,101,38,66,44,86,54,100,14,7,126,77,15"/><W106/><G114/><T19/><D108/><U84/><E111/><V2/><F122/><W119/><G119/><T79/><D0/><U51/><E118/><V135/><F135/><W110/><G106/><T123/><D123/><U20/><E132/><V74/><F74/><W40/><G110/><T17/><D39/><U72/><E72/><V16/><F36/><W109/><G109/><T117/><D117/><U25/><E68/><V128/><F2/><W70/><G54/><T18/><D73/><U91/><E33/><V52/><F52/><W9/><G15/><T27/><REACH who="0" step="1"/><D61/><REACH who="0" ten="264,156,271,299" step="2"/><U41/><E62/><V1/><F1/><W127/><G127/><T92/><D92/><N who="1" m="54375" /><E3/><V133/><F133/><W34/><G126/><T23/><D23/><U105/><E105/><V103/><AGARI ba="1,1" hai="8,13,16,60,65,69,88,95,99,102,103,128,130,131" machi="103" ten="40,8000,1" yaku="0,1,19,1,54,2" doraHai="83" who="2" fromWho="2" sc="264,-21,156,-21,271,93,299,-41" owari="243,-15.7,135,-36.5,364,46.4,258,5.8" /></mjloggm>