<mjloggm ver="2.3"><GO type="225" lobby="0"/><UN n0="%E5%91%A8%E6%9D%B1" n1="%E7%99%BD%E5%80%89%E5%AF%9B%E4%B9%8B" n2="%E3%83%96%E3%83%83%E3%83%91%E3%82%AA%E3%83%96%E3%83%81%E3%82%AD%E3%83%B3" n3="%E7%9A%AE%E3%80%85" dan="17,16,16,16" rate="2190.15,2080.95,2200.97,2150.26" sx="M,M,M,F"/><TAIKYOKU oya="0"/><INIT seed="0,0,0,0,2,38" ten="250,250,250,250" oya="0" hai0="16,81,28,9,29,25,48,128,114,15,11,3,55" hai1="20,31,85,120,117,46,125,6,111,39,102,83,47" hai2="43,116,124,40,45,90,96,100,134,130,27,62,127" hai3="33,73,91,84,106,126,66,1,133,107,94,8,12"/><T103/><D128/><U23/><E117/><V5/><F130/><W75/><G1/><T79/><D114/><U104/><E120/><V87/><F116/><W2/><G2/><T129/><D129/><U108/><E125/><N who="2" m="48203" /><F134/><W64/><G133/><T92/><D103/><U65/><E65/><V34/><F5/><W37/><G33/><T135/><D92/><U35/><E6/><V86/><F62/><W21/><G126/><T115/><D115/><U118/><E118/><V99/><F45/><W4/><G37/><T17/><D135/><U82/><E35/><V57/><F57/><W49/><G21/><T19/><D3/><U18/><E39/><V78/><F78/><W42/><G66/><T67/><D67/><U131/><E131/><V10/><F10/><W52/><G64/><T72/><D11/><U105/><E18/><V80/><F87/><W109/><G109/><T113/><D113/><U122/><E85/><V30/><F96/><W50/><G75/><T89/><D89/><U36/><E36/><V74/><F74/><W32/><G32/><T97/><D97/><U71/><E102/><V54/><F54/><W53/><G73/><T121/><D121/><U61/><E122/><V60/><F60/><W101/><G101/><T77/><D77/><U63/><REACH who="1" step="1"/><E31/><REACH who="1" ten="250,240,250,250" step="2"/><N who="0" m="11849" /><D25/><U44/><E44/><V132/><F132/><W7/><G7/><T123/><D123/><U58/><E58/><V24/><F27/><W56/><G42/><T22/><D22/><U93/><E93/><AGARI ba="0,1" hai="24,30,34,40,43,80,86,90,93,99,100" m="48203" machi="93" ten="30,3900,0" yaku="18,1,52,2" doraHai="38" who="2" fromWho="1" sc="250,0,240,-39,250,49,250,0" /><INIT seed="1,0,0,5,3,93" ten="250,201,299,250" oya="1" hai0="67,105,32,0,124,57,89,37,134,2,131,21,78" hai1="79,41,108,59,5,128,66,39,91,112,68,53,29" hai2="87,77,44,90,7,76,109,58,101,43,35,33,135" hai3="95,99,42,75,94,107,85,71,113,119,52,16,86"/><U69/><E79/><V81/><F109/><W49/><G113/><T120/><D78/><U92/><E29/><V118/><F118/><W126/><G126/><T27/><D89/><U17/><E5/><V24/><F135/><W104/><G75/><T129/><D57/><U51/><E112/><V132/><F132/><W84/><G71/><T50/><D50/><U13/><E108/><V48/><F7/><W30/><G30/><T73/><D67/><U45/><E66/><V115/><F115/><W61/><G119/><T97/><D97/><U54/><E54/><V111/><F111/><W117/><G117/><T64/><D64/><U1/><E1/><V3/><F3/><W6/><G6/><T18/><D73/><U63/><E63/><V116/><F116/><W14/><G42/><T133/><D37/><U110/><E128/><V55/><F101/><W130/><G130/><T38/><D38/><U47/><E47/><V74/><F24/><W4/><G4/><T88/><D131/><U80/><E80/><V114/><F114/><W20/><G61/><T12/><D129/><U70/><E110/><V72/><F77/><W60/><G60/><T106/><D0/><U10/><REACH who="1" step="1"/><E69/><REACH who="1" ten="250,191,299,250" step="2"/><V36/><REACH who="2" step="1"/><F72/><REACH who="2" ten="250,191,289,250" step="2"/><W34/><G34/><T40/><D32/><U62/><E62/><V19/><F19/><W123/><G16/><T56/><D18/><U125/><E125/><V83/><AGARI ba="0,2" hai="33,35,36,43,44,48,55,58,74,76,81,83,87,90" machi="83" ten="20,2700,0" yaku="1,1,0,1,7,1,53,0" doraHai="93" doraHaiUra="15" who="2" fromWho="2" sc="250,-7,191,-13,289,47,250,-7" /><INIT seed="2,0,0,1,5,109" ten="243,178,336,243" oya="2" hai0="81,63,110,43,78,35,73,44,85,10,49,132,4" hai1="34,68,7,12,86,96,84,60,13,46,82,105,126" hai2="108,54,72,64,128,65,124,18,48,131,39,31,133" hai3="121,79,99,8,120,122,57,94,114,14,45,67,28"/><V117/><F72/><W24/><G79/><T71/><D110/><U102/><E126/><V61/><F108/><W92/><G45/><T70/><D132/><U33/><E84/><V19/><F117/><W111/><G111/><T23/><D35/><U89/><E46/><N who="2" m="27927" /><F31/><W101/><G94/><T37/><D63/><U53/><E53/><V56/><F19/><W2/><G2/><T11/><D11/><U40/><E40/><V36/><F18/><W69/><G69/><T129/><D129/><N who="2" m="49738" /><F133/><W3/><G3/><T106/><D106/><U115/><E115/><V59/><F124/><W77/><G77/><T90/><D49/><U125/><E125/><V32/><F32/><W22/><G114/><T26/><D23/><U104/><E104/><V76/><F76/><W21/><G21/><T83/><REACH who="0" step="1"/><D26/><REACH who="0" ten="233,178,336,243" step="2"/><U42/><E34/><V130/><F130/><W103/><G122/><T62/><D62/><AGARI ba="0,1" hai="36,39,56,59,61,62,64,65" m="49738,27927" machi="62" ten="30,5800,0" yaku="19,1,34,2" doraHai="109" who="2" fromWho="0" sc="233,-58,178,0,336,68,243,0" /><INIT seed="2,1,0,0,5,102" ten="175,178,404,243" oya="2" hai0="26,105,62,66,109,7,77,48,38,37,100,9,89" hai1="60,67,16,24,84,65,15,17,0,30,79,81,124" hai2="57,95,120,6,113,41,96,121,36,94,43,1,123" hai3="108,14,20,83,86,74,114,42,2,31,47,104,35"/><V27/><F113/><W44/><G2/><T101/><D109/><U116/><E0/><V127/><F127/><W28/><G74/><T133/><D133/><U97/><E124/><V85/><F36/><W13/><G108/><T72/><D100/><U55/><E116/><V129/><F129/><W56/><G35/><T50/><D89/><U92/><E55/><V63/><F85/><W125/><G125/><T10/><D26/><U87/><E87/><V80/><F80/><W73/><G73/><T8/><D7/><U131/><E131/><V70/><F70/><W68/><G68/><T117/><D117/><U98/><E67/><V91/><F95/><W107/><G114/><T22/><D22/><U54/><E54/><V25/><F6/><W115/><G115/><T11/><D38/><U33/><E15/><V99/><F99/><W76/><G56/><T106/><D37/><U128/><E128/><V82/><F82/><W110/><G110/><T51/><N who="0" m="2048" /><DORA hai="12" /><T39/><D101/><U53/><E53/><V46/><F1/><W45/><G42/><T126/><D39/><U69/><E98/><V90/><F43/><W3/><G3/><T130/><D130/><U5/><E5/><V52/><F41/><W40/><G40/><T61/><D126/><U32/><E32/><V4/><F4/><W34/><G34/><T93/><D93/><U75/><E75/><V21/><F121/><W132/><G20/><T112/><D112/><U29/><E29/><N who="3" m="11338" /><G132/><T64/><D72/><U78/><E78/><V49/><F21/><W23/><G23/><T58/><D77/><RYUUKYOKU ba="1,0" sc="175,10,178,10,404,-30,243,10" hai0="48,50,51,58,61,62,64,66,105,106" hai1="16,17,24,30,33,60,65,69,79,81,84,92,97" hai3="13,14,44,45,47,76,83,86,104,107" /><INIT seed="3,2,0,3,2,50" ten="185,188,374,253" oya="3" hai0="83,85,106,74,41,1,53,55,63,135,86,10,133" hai1="51,28,37,104,127,25,29,115,32,34,132,122,84" hai2="61,118,31,87,26,72,99,90,12,79,44,71,9" hai3="103,62,19,95,126,22,75,17,81,46,80,76,47"/><W38/><G126/><T23/><D106/><U68/><E122/><V129/><F118/><W134/><G134/><N who="0" m="51211" /><D41/><U43/><E132/><V11/><F129/><W98/><G80/><T21/><D74/><U16/><E127/><V54/><F99/><W8/><G38/><T101/><D101/><U88/><E104/><V24/><F72/><W4/><G62/><T14/><D1/><U114/><E68/><V39/><F79/><W56/><G56/><N who="0" m="35215" /><D55/><U91/><E37/><V5/><F71/><W58/><G58/><T96/><D96/><U117/><E117/><V48/><F39/><W107/><G107/><T119/><D119/><U45/><E16/><V111/><F111/><W102/><G102/><T13/><D86/><U113/><E84/><V73/><F73/><W3/><REACH who="3" step="1"/><G19/><REACH who="3" ten="185,188,374,243" step="2"/><N who="0" m="8631" /><D14/><AGARI ba="2,1" hai="3,4,8,14,17,22,46,47,75,76,81,95,98,103" machi="14" ten="30,5800,0" yaku="1,1,7,1,53,1" doraHai="50" doraHaiUra="7" who="3" fromWho="0" sc="185,-64,188,0,374,0,243,74" /><INIT seed="3,3,0,5,2,75" ten="121,188,374,317" oya="3" hai0="0,88,128,70,10,14,12,77,55,26,42,133,19" hai1="131,18,1,59,86,67,119,117,130,81,114,111,24" hai2="17,99,22,83,121,31,61,34,52,73,74,91,92" hai3="72,57,27,113,110,82,20,4,116,129,95,123,60"/><W63/><G123/><T134/><D70/><U45/><E1/><V8/><F121/><W93/><G116/><N who="1" m="44618" /><E114/><V50/><F8/><W122/><G122/><T80/><D0/><U89/><E111/><V16/><F83/><W48/><G113/><T101/><D128/><N who="1" m="49195" /><E45/><V112/><F112/><W21/><G129/><T124/><D124/><U35/><E18/><N who="2" m="7275" /><F34/><W98/><G4/><T37/><D26/><U105/><E105/><V38/><F38/><W84/><G110/><T132/><D14/><U115/><E115/><V71/><F71/><W25/><G72/><T108/><D108/><U23/><E23/><N who="3" m="8778" /><G48/><T109/><D109/><U43/><E43/><V13/><F74/><W2/><G2/><T103/><D55/><U104/><E104/><V7/><F73/><W58/><G63/><T36/><D36/><U76/><E89/><V46/><F61/><W33/><G33/><T32/><D88/><U127/><E127/><V30/><F22/><W39/><G39/><T6/><D32/><U51/><E51/><V68/><F68/><W65/><G58/><T47/><REACH who="0" step="1"/><D19/><REACH who="0" ten="111,188,374,317" step="2"/><U29/><E67/><V100/><F13/><W15/><G15/><T96/><D96/><U87/><E35/><V66/><F99/><W97/><G97/><T9/><D9/><U3/><E3/><V69/><F69/><W125/><G125/><T106/><D106/><U54/><E24/><N who="3" m="9290" /><G98/><T41/><D41/><U44/><E54/><V120/><F120/><W102/><G102/><T5/><D5/><U135/><E29/><V94/><F100/><W90/><AGARI ba="3,1" hai="57,60,65,82,84,90,93,95" m="9290,8778" machi="90" ten="30,1500,0" yaku="8,1" doraHai="75" who="3" fromWho="3" sc="111,-8,188,-8,374,-8,317,34" /><INIT seed="3,4,0,4,1,128" ten="103,180,366,351" oya="3" hai0="123,14,69,75,17,54,50,44,122,113,4,63,84" hai1="29,27,129,114,112,120,81,118,119,16,24,25,78" hai2="125,53,1,15,99,90,79,13,96,89,35,5,104" hai3="34,93,127,116,46,0,19,21,45,9,91,80,106"/><W70/><G116/><N who="1" m="44586" /><E129/><V64/><F35/><W92/><G106/><T2/><D75/><N who="1" m="43231" /><E120/><V72/><F125/><W103/><G70/><T131/><D131/><U77/><E77/><V109/><F109/><W73/><G34/><T43/><D113/><N who="1" m="43627" /><E16/><V71/><F79/><W38/><G38/><T7/><D123/><U51/><E51/><V105/><F72/><W30/><G127/><T11/><D122/><U49/><E49/><V58/><F5/><W37/><G37/><T41/><D69/><U61/><E61/><V6/><F6/><W42/><G0/><T124/><D124/><U31/><AGARI ba="4,0" hai="24,25,27,29,31" m="43627,43231,44586" machi="31" ten="40,1500,0" yaku="12,1" doraHai="128" who="1" fromWho="1" sc="103,-8,180,27,366,-8,351,-11" owari="95,-40.5,207,-19.3,358,45.8,340,14.0" /></mjloggm>