<mjloggm ver="2.3"><GO type="225" lobby="0"/><UN n0="%E7%9A%AE%E3%80%85" n1="%72%65%6E%6B%75%6E" n2="%E3%83%96%E3%83%83%E3%83%91%E3%82%AA%E3%83%96%E3%83%81%E3%82%AD%E3%83%B3" n3="%E3%81%8A%E3%81%AB%E3%82%83%E3%81%8A%E3%81%A1%E3%82%83" dan="16,17,17,16" rate="2131.74,2192.74,2214.39,2079.38" sx="F,M,M,M"/><TAIKYOKU oya="0"/><INIT seed="0,0,0,0,2,11" ten="250,250,250,250" oya="0" hai0="0,17,133,58,77,44,124,121,49,64,20,131,84" hai1="59,74,29,60,67,81,104,66,94,107,76,40,16" hai2="39,47,100,31,8,13,42,98,132,71,78,56,91" hai3="96,51,115,99,61,116,43,48,127,7,111,112,10"/><T57/><D121/><U30/><E40/><V120/><F120/><W101/><G116/><T69/><D0/><U21/><E67/><V45/><F132/><W53/><G127/><T93/><D133/><U109/><E109/><V50/><F71/><W72/><G72/><T117/><D117/><U90/><E107/><V125/><F125/><W18/><G111/><T87/><D124/><U41/><E41/><V89/><F78/><W103/><G18/><T19/><D131/><U88/><E104/><V126/><F56/><N who="0" m="21610" /><D69/><U22/><E22/><V15/><F126/><W25/><G25/><T6/><D64/><U110/><E110/><V68/><F31/><W62/><G43/><T92/><D6/><U130/><E130/><V82/><F68/><W86/><G10/><T128/><D128/><U129/><E90/><V85/><F47/><W28/><G86/><N who="0" m="32811" /><D77/><U114/><E114/><V33/><F33/><W4/><REACH who="3" step="1"/><G28/><REACH who="3" ten="250,250,250,240" step="2"/><T134/><D134/><U14/><E129/><V52/><F8/><W79/><G79/><T63/><D17/><U83/><E83/><V122/><F122/><W97/><G97/><AGARI ba="0,1" hai="14,16,21,29,30,59,60,66,74,76,81,88,94,97" machi="97" ten="30,7700,0" yaku="7,1,52,1,54,2" doraHai="11" who="1" fromWho="3" sc="250,0,250,87,250,0,240,-77" /><INIT seed="1,0,0,1,5,87" ten="250,337,250,163" oya="1" hai0="93,48,47,25,101,76,133,130,83,7,105,122,53" hai1="51,5,35,23,58,8,115,111,97,24,80,20,67" hai2="92,44,26,95,107,37,84,66,41,32,10,63,81" hai3="98,75,1,132,118,126,69,109,124,88,128,19,28"/><U55/><E115/><V38/><F107/><W77/><G69/><T15/><D130/><U117/><E117/><V121/><F121/><W56/><G1/><T50/><D133/><U135/><E135/><V116/><F116/><W82/><G132/><T31/><D122/><U72/><E111/><V29/><F38/><W36/><G36/><T12/><D105/><U120/><E120/><V74/><F10/><W64/><G128/><T46/><D7/><U3/><E67/><V52/><F74/><W2/><G118/><T21/><D101/><U96/><E35/><V100/><F100/><W13/><G2/><T104/><D104/><U119/><E119/><V78/><REACH who="2" step="1"/><F52/><REACH who="2" ten="250,337,240,163" step="2"/><W60/><G109/><T114/><D114/><U34/><E34/><V59/><AGARI ba="0,1" hai="26,29,32,37,41,44,59,63,66,78,81,84,92,95" machi="59" ten="20,8000,1" yaku="1,1,2,1,0,1,7,1,53,1" doraHai="87" doraHaiUra="30" who="2" fromWho="2" sc="250,-20,337,-40,240,90,163,-20" /><INIT seed="2,0,0,1,0,116" ten="230,297,330,143" oya="2" hai0="24,46,134,100,30,60,131,113,47,82,109,29,78" hai1="87,93,26,13,108,57,76,36,80,129,83,88,31" hai2="64,70,124,77,119,85,48,67,56,62,4,68,99" hai3="58,102,49,28,50,8,12,84,32,37,61,130,7"/><V81/><F119/><W106/><G37/><T14/><D113/><U65/><E108/><V98/><F124/><W1/><G130/><T73/><D109/><U25/><E129/><V27/><F4/><W18/><G84/><T54/><D131/><U53/><E36/><V23/><F70/><W59/><G59/><T74/><D74/><U6/><E65/><V114/><F114/><W103/><G103/><T0/><D0/><U11/><E31/><V135/><F135/><W15/><G15/><T21/><D134/><U127/><E127/><V72/><F72/><W5/><G5/><T41/><D100/><U118/><E118/><V44/><F67/><W94/><G106/><T52/><D60/><U96/><REACH who="1" step="1"/><E83/><REACH who="1" ten="230,287,330,143" step="2"/><V122/><F68/><W112/><G112/><T133/><D133/><U110/><E110/><V126/><F126/><W121/><G28/><T63/><D30/><U91/><E91/><V35/><F35/><W95/><G32/><T22/><D63/><AGARI ba="0,1" hai="6,11,13,25,26,53,57,63,76,80,87,88,93,96" machi="63" ten="30,7700,0" yaku="1,1,7,1,8,1,54,1,53,0" doraHai="116" doraHaiUra="111" who="1" fromWho="0" sc="230,-77,287,87,330,0,143,0" /><INIT seed="3,0,0,0,1,1" ten="153,374,330,143" oya="3" hai0="86,94,16,78,54,53,40,112,80,76,120,29,116" hai1="8,30,57,59,41,124,106,33,90,69,87,43,96" hai2="108,117,50,3,134,93,11,6,88,17,72,7,75" hai3="36,51,82,49,46,125,111,73,60,13,22,105,45"/><W0/><G0/><T97/><D116/><U34/><E69/><V121/><F117/><W98/><G111/><T14/><D120/><U24/><E8/><V28/><F108/><W18/><G125/><T27/><D112/><U110/><E110/><V52/><F121/><W35/><G35/><T83/><D40/><U65/><E33/><V67/><F134/><W42/><G60/><T119/><D119/><U39/><E39/><V127/><F127/><W25/><G36/><T129/><D129/><U9/><E9/><V104/><F104/><W91/><G105/><T79/><D27/><U102/><E124/><V71/><F28/><W77/><G98/><T48/><D29/><U126/><E126/><V61/><F17/><W44/><G91/><N who="0" m="55519" /><D86/><U131/><E59/><V132/><F7/><W10/><REACH who="3" step="1"/><G49/><REACH who="3" ten="153,374,330,133" step="2"/><T55/><D48/><U115/><E115/><V92/><F132/><W81/><G81/><T5/><D5/><AGARI ba="0,1" hai="5,10,13,18,22,25,42,44,45,46,51,73,77,82" machi="5" ten="30,5800,0" yaku="1,1,7,1,52,1,53,0" doraHai="1" doraHaiUra="95" who="3" fromWho="0" sc="153,-58,374,0,330,0,133,68" /><INIT seed="3,1,0,0,2,56" ten="95,374,330,201" oya="3" hai0="58,71,62,90,12,69,100,37,83,86,38,93,57" hai1="79,14,128,4,36,54,42,24,35,116,1,5,97" hai2="78,19,7,47,68,95,72,80,129,126,16,102,59" hai3="23,127,22,61,64,8,39,41,96,111,117,73,85"/><W99/><G117/><T17/><D38/><U13/><E79/><V101/><F68/><W33/><G73/><T46/><D37/><U53/><E116/><V76/><F129/><W122/><G122/><T81/><D46/><U125/><E97/><V67/><F126/><W113/><G127/><T89/><D58/><U55/><E125/><V104/><F104/><W29/><G113/><T108/><D108/><U107/><E107/><V6/><F95/><W2/><G33/><T114/><D114/><U27/><E36/><V32/><F32/><W21/><G111/><T131/><D131/><U91/><E91/><V44/><F59/><W132/><G132/><T120/><D120/><U66/><E35/><V15/><F15/><N who="1" m="5641" /><E42/><V121/><F67/><W48/><G39/><T103/><D71/><U63/><E1/><V135/><F135/><W109/><G29/><T9/><D69/><U60/><E128/><V112/><F112/><W94/><G109/><T52/><REACH who="0" step="1"/><D83/><REACH who="0" ten="85,374,330,201" step="2"/><U75/><E66/><V31/><F121/><W123/><G123/><T119/><D119/><U25/><E75/><V50/><F80/><W133/><G133/><T110/><D110/><U20/><E20/><V3/><F72/><W74/><G23/><T11/><D11/><U130/><E130/><V84/><F3/><W115/><G22/><T106/><D106/><U124/><E124/><V45/><F45/><W98/><G21/><T51/><D51/><U70/><E70/><V82/><F50/><W43/><G74/><T28/><D28/><U18/><E27/><V87/><F82/><W30/><G115/><RYUUKYOKU ba="1,1" sc="85,15,374,-15,330,15,201,-15" hai0="9,12,17,52,57,62,81,86,89,90,93,100,103" hai2="6,7,16,19,31,44,47,76,78,84,87,101,102" owari="100,-40.0,369,46.9,345,14.5,186,-21.4" /></mjloggm>