<mjloggm ver="2.3"><GO type="225" lobby="0"/><UN n0="%70%68%65%6E%6F%6D%65" n1="%E5%91%A8%E6%9D%B1" n2="%E3%81%BF%E3%81%BF%E3%81%9A" n3="%E5%B0%8F%E9%B3%A5%E9%81%8A%E7%B7%B4%E7%84%A1%32%31%E6%AD%B3" dan="16,16,17,16" rate="2176.75,2139.14,2231.17,2189.45" sx="M,M,M,F"/><TAIKYOKU oya="0"/><INIT seed="0,0,0,0,1,116" ten="250,250,250,250" oya="0" hai0="9,40,54,69,65,45,110,30,77,2,61,130,124" hai1="26,122,53,133,50,35,51,97,107,119,71,62,89" hai2="33,7,12,18,34,58,92,60,131,81,55,94,67" hai3="108,46,5,52,63,48,78,93,37,111,57,25,126"/><T82/><D124/><U59/><E119/><V14/><F131/><W29/><G126/><T112/><D112/><U106/><E133/><V68/><F81/><W73/><G5/><T1/><D130/><U24/><E122/><V96/><F7/><W127/><G93/><T42/><D30/><U98/><E71/><V66/><F94/><W114/><G114/><T113/><D113/><U117/><E35/><V132/><F132/><W13/><G13/><T47/><D54/><U102/><E117/><V41/><F41/><N who="3" m="22831" /><G78/><T4/><D110/><N who="3" m="42025" /><G73/><T83/><D2/><U105/><E89/><V99/><F12/><W44/><G25/><T23/><D23/><U39/><E39/><V19/><F19/><W84/><G84/><T129/><D129/><U87/><E87/><V31/><F31/><W80/><G80/><T101/><D101/><U22/><E26/><V118/><F99/><W109/><G29/><T10/><D10/><U49/><REACH who="1" step="1"/><E98/><REACH who="1" ten="250,240,250,250" step="2"/><V100/><F118/><W20/><G109/><T86/><D77/><U6/><E6/><V85/><F85/><W3/><G127/><T11/><D86/><U56/><E56/><V79/><F79/><W17/><G3/><T32/><D32/><N who="2" m="12394" /><F68/><W128/><G128/><T95/><D1/><U64/><E64/><V75/><F75/><W43/><G20/><T115/><D4/><U74/><E74/><V16/><F14/><W8/><G8/><T15/><D115/><U120/><E120/><V91/><F91/><W36/><G36/><N who="0" m="21639" /><D15/><U90/><E90/><V103/><F103/><W0/><G0/><T38/><D95/><RYUUKYOKU ba="0,1" sc="250,0,240,0,250,0,250,0" hai0="9,11,38,42,47,61,65,69,82,83" hai1="22,24,49,50,51,53,59,62,97,102,105,106,107" hai2="16,18,55,58,60,66,67,92,96,100" hai3="17,43,44,48,52,57,63" /><INIT seed="0,1,1,4,3,57" ten="250,240,250,250" oya="0" hai0="36,87,105,112,120,22,83,118,25,38,113,121,77" hai1="108,100,46,135,32,28,134,90,52,54,119,109,18" hai2="128,75,66,1,60,86,88,95,4,114,103,130,92" hai3="64,21,27,125,62,10,47,37,11,76,129,111,26"/><T93/><D105/><U80/><E119/><V65/><F114/><W104/><G111/><N who="1" m="42570" /><E100/><V131/><F75/><W91/><G129/><T40/><D118/><U132/><E46/><V79/><F79/><W133/><G104/><T124/><D124/><U78/><E90/><V45/><F45/><W24/><G125/><T20/><D40/><U123/><E123/><V0/><F4/><W85/><G76/><T14/><D14/><U59/><E18/><V7/><F7/><W72/><G72/><T94/><D77/><U89/><E89/><V71/><F66/><W116/><G133/><T55/><D25/><N who="1" m="18447" /><E59/><V13/><F13/><W5/><G116/><T82/><REACH who="0" step="1"/><D55/><REACH who="0" ten="240,240,250,250" step="2"/><U49/><E49/><V8/><F8/><W99/><G10/><T29/><D29/><U44/><E44/><V102/><REACH who="2" step="1"/><F95/><REACH who="2" ten="240,240,240,250" step="2"/><W31/><G47/><T17/><D17/><U117/><E117/><V42/><F42/><W70/><G11/><T84/><AGARI ba="1,3" hai="20,22,36,38,82,83,84,87,93,94,112,113,120,121" machi="84" ten="25,9600,0" yaku="1,1,0,1,22,2,53,0" doraHai="57" doraHaiUra="58" who="0" fromWho="0" sc="240,129,240,-33,240,-33,250,-33" /><INIT seed="0,2,0,3,3,92" ten="369,207,207,217" oya="0" hai0="52,19,24,91,80,67,125,36,10,101,113,117,99" hai1="88,0,31,14,87,104,9,119,65,122,21,89,38" hai2="109,29,18,124,11,132,98,50,57,62,121,76,70" hai3="15,126,63,51,78,110,84,96,6,131,118,64,55"/><T49/><D113/><U133/><E122/><V59/><F121/><W53/><G118/><T107/><D117/><U2/><E119/><V54/><F109/><W1/><G110/><T102/><D36/><U23/><E38/><V43/><F70/><W39/><G39/><T66/><D125/><U60/><E133/><V95/><F124/><W25/><G1/><T34/><D102/><U127/><E127/><V30/><F132/><W27/><G131/><T12/><D34/><U135/><E135/><V128/><F76/><W134/><G134/><T35/><D35/><U77/><E104/><V90/><F128/><W108/><G108/><T20/><D91/><U3/><E77/><V48/><F43/><W5/><G84/><T41/><D80/><U83/><E31/><V44/><F44/><W68/><G78/><T111/><D41/><U28/><E28/><N who="2" m="10859" /><F59/><W103/><G126/><T40/><D40/><U100/><E100/><V86/><F86/><W8/><G5/><T129/><D129/><U71/><REACH who="1" step="1"/><E89/><REACH who="1" ten="369,197,207,217" step="2"/><V79/><F79/><W75/><G75/><T13/><D111/><U130/><E130/><V17/><F17/><AGARI ba="2,1" hai="0,2,3,9,14,17,21,23,60,65,71,83,87,88" machi="17" ten="40,2600,0" yaku="1,1,54,1,53,0" doraHai="92" doraHaiUra="45" who="1" fromWho="2" sc="369,0,197,42,207,-32,217,0" /><INIT seed="1,0,0,0,1,48" ten="369,239,175,217" oya="1" hai0="89,132,24,104,43,134,15,69,93,54,63,42,123" hai1="120,14,40,34,36,76,72,25,119,66,103,74,6" hai2="121,3,41,129,98,78,62,64,87,30,33,107,83" hai3="39,32,115,16,128,45,111,99,88,130,2,9,44"/><U52/><E120/><V37/><F121/><W112/><G32/><T29/><D104/><U59/><E119/><V135/><F3/><W77/><G77/><T131/><D15/><U95/><E66/><V27/><F129/><N who="3" m="49771" /><G2/><T73/><D73/><U105/><E105/><V125/><F135/><N who="0" m="51754" /><D123/><U71/><E71/><V118/><F125/><W60/><G111/><T11/><D11/><U5/><E76/><V21/><F118/><W10/><G10/><T28/><D54/><U126/><E126/><V51/><F37/><W109/><G109/><T23/><D29/><U31/><E14/><V100/><F51/><W46/><G39/><T86/><D131/><U97/><E40/><V47/><F47/><W92/><G60/><T90/><D89/><U101/><E101/><V96/><F98/><W117/><G117/><T18/><D28/><U12/><E36/><V20/><REACH who="2" step="1"/><F41/><REACH who="2" ten="369,239,165,217" step="2"/><W108/><G108/><T13/><D43/><U35/><E35/><V67/><F67/><W80/><G115/><T113/><D42/><U65/><E65/><V26/><F26/><W61/><G112/><T102/><D113/><U85/><E12/><V53/><F53/><W4/><G61/><T56/><D13/><U1/><E1/><V17/><F17/><W19/><G19/><T114/><D114/><U22/><E34/><V94/><F94/><W57/><G16/><T106/><D106/><U84/><E6/><V110/><F110/><W79/><G4/><T116/><D116/><U58/><E5/><V75/><F75/><N who="1" m="28713" /><E52/><V81/><F81/><W55/><G80/><N who="0" m="49479" /><D24/><U68/><E68/><AGARI ba="0,1" hai="20,21,27,30,33,62,64,68,78,83,87,96,100,107" machi="68" ten="30,8000,1" yaku="1,1,6,1,7,1,25,2,53,0" doraHai="48" doraHaiUra="127" who="2" fromWho="1" sc="369,0,239,-80,165,90,217,0" /><INIT seed="2,0,0,5,2,72" ten="369,159,255,217" oya="2" hai0="130,63,105,115,119,81,129,5,2,45,100,92,67" hai1="43,7,17,24,62,16,85,73,48,52,110,124,128" hai2="121,1,42,106,33,78,99,47,25,114,71,40,120" hai3="80,103,8,75,102,70,91,49,96,3,28,29,12"/><V82/><F114/><W123/><G123/><T38/><D115/><U46/><E110/><V77/><F1/><W134/><G3/><T19/><D119/><U9/><E124/><V86/><F71/><W135/><G70/><N who="0" m="42367" /><D92/><U88/><E128/><N who="0" m="49257" /><D19/><U74/><E74/><V76/><F33/><W118/><G118/><T10/><D81/><U6/><E73/><V22/><F106/><W122/><G122/><T57/><D57/><N who="1" m="35111" /><E17/><V4/><F4/><W89/><G49/><T95/><D95/><N who="1" m="54671" /><E24/><V23/><F99/><W34/><G34/><T50/><D38/><U87/><E87/><V66/><F121/><W37/><G37/><T39/><D39/><U131/><E131/><V107/><F120/><W111/><G96/><T51/><D45/><U112/><E112/><V27/><F107/><W54/><G75/><T126/><D126/><U94/><E94/><V26/><F66/><W132/><G111/><T30/><D30/><N who="3" m="11881" /><G80/><T64/><D64/><U11/><E11/><V14/><F47/><W59/><G8/><T58/><D58/><U41/><E41/><N who="2" m="15979" /><F14/><AGARI ba="0,0" hai="6,7,9,14,16,43,46,48" m="54671,35111" machi="14" ten="30,7700,0" yaku="8,1,54,3" doraHai="72" who="1" fromWho="2" sc="369,0,159,77,255,-77,217,0" /><INIT seed="3,0,0,0,0,103" ten="369,236,178,217" oya="3" hai0="65,79,100,10,34,42,80,33,118,107,46,71,2" hai1="94,11,27,52,37,82,35,54,39,12,72,61,87" hai2="86,69,45,127,117,75,22,57,125,104,19,110,48" hai3="96,23,20,49,91,74,114,70,77,108,93,131,14"/><W84/><G114/><T88/><D118/><U6/><E72/><V53/><F75/><W9/><G131/><T134/><D88/><U44/><E94/><V126/><F69/><W3/><G3/><T68/><D100/><U28/><E61/><V36/><F117/><W13/><G70/><T38/><D107/><U25/><E25/><N who="2" m="14559" /><F86/><W123/><G123/><T124/><D134/><U99/><E99/><V56/><F110/><W66/><G74/><N who="0" m="43127" /><D124/><N who="2" m="31746" /><V95/><DORA hai="18" /><F95/><W67/><G108/><T106/><D106/><U4/><E4/><V78/><F78/><W59/><G77/><T120/><D120/><U7/><E7/><V43/><F56/><W83/><G67/><T109/><D109/><U32/><E87/><V89/><F89/><N who="3" m="55343" /><G66/><T85/><D85/><U64/><E64/><V105/><AGARI ba="0,0" hai="36,43,45,48,53,57,104,105" m="31746,14559" machi="105" ten="40,8000,1" yaku="18,1,52,3" doraHai="103,18" who="2" fromWho="2" sc="369,-20,236,-20,178,80,217,-40" owari="349,44.9,216,-18.4,258,5.8,177,-32.3" /></mjloggm>