<mjloggm ver="2.3"><GO type="225" lobby="0"/><UN n0="%E7%89%B9%E6%9D%B1%E5%96%B0%E8%B5%A4%E9%80%9F" n1="%E5%91%A8%E6%9D%B1" n2="%E4%BF%BA%E3%81%A8%E5%A6%96%E5%A4%A2" n3="%77%72%77%72%77%72%77%72" dan="16,17,16,17" rate="2039.66,2174.45,2115.72,2170.11" sx="M,M,F,M"/><TAIKYOKU oya="0"/><INIT seed="0,0,0,1,4,57" ten="250,250,250,250" oya="0" hai0="108,31,56,130,53,77,29,14,101,102,46,1,4" hai1="73,122,47,59,82,83,135,113,103,28,86,33,16" hai2="0,43,18,80,104,3,44,20,42,111,115,95,10" hai3="74,120,112,99,45,52,84,133,110,128,49,58,125"/><T67/><D130/><U114/><E122/><V12/><F115/><N who="1" m="44041" /><E135/><V41/><F104/><W51/><G112/><T131/><D131/><U94/><E47/><V2/><F111/><W107/><G128/><T64/><D1/><U22/><E73/><V65/><F95/><W25/><G74/><T21/><D77/><U26/><E59/><V98/><F98/><W117/><G117/><T88/><D46/><U13/><E86/><V121/><F121/><W6/><G120/><T69/><D69/><U40/><E40/><V134/><F134/><W11/><G133/><T106/><D106/><U79/><E79/><V9/><F44/><W38/><G38/><T8/><D108/><U91/><E91/><V78/><REACH who="2" step="1"/><F65/><REACH who="2" ten="250,250,240,250" step="2"/><W24/><G107/><T129/><D64/><U62/><E94/><V92/><F92/><W34/><G99/><T124/><D67/><U36/><E103/><V100/><F100/><W19/><G110/><T89/><D129/><U7/><E36/><V68/><F68/><W63/><G45/><T17/><D101/><U23/><E83/><V105/><F105/><W81/><G81/><T48/><D102/><U66/><E82/><V71/><F71/><W132/><G132/><T126/><D124/><U96/><E96/><V72/><AGARI ba="0,1" hai="0,2,3,9,10,12,18,20,41,42,43,72,78,80" machi="72" ten="40,5200,0" yaku="1,1,0,1,53,1" doraHai="57" doraHaiUra="75" who="2" fromWho="2" sc="250,-26,250,-13,240,62,250,-13" /><INIT seed="1,0,0,4,4,19" ten="224,237,302,237" oya="1" hai0="121,75,87,42,53,130,34,116,76,17,47,99,89" hai1="85,56,65,46,96,14,31,126,106,29,84,54,131" hai2="60,3,50,122,123,18,72,97,112,11,77,91,81" hai3="38,45,10,40,108,23,12,37,120,128,80,98,16"/><U61/><E126/><V62/><F112/><W68/><G68/><T109/><D116/><U101/><E131/><V93/><F50/><W117/><G120/><T124/><D34/><U127/><E127/><V63/><REACH who="2" step="1"/><F18/><REACH who="2" ten="224,237,292,237" step="2"/><W100/><G117/><T71/><D17/><U48/><E29/><V13/><F13/><W52/><G128/><T70/><D124/><U133/><E133/><V83/><F83/><W25/><G80/><T115/><D130/><U111/><E111/><V88/><F88/><W82/><G82/><T125/><D115/><U36/><E31/><V39/><F39/><W4/><G108/><T30/><D30/><U41/><REACH who="1" step="1"/><E14/><REACH who="1" ten="224,227,292,237" step="2"/><V2/><F2/><W78/><G37/><T132/><D109/><U95/><E95/><V15/><F15/><W44/><G38/><T119/><D132/><U113/><E113/><V118/><F118/><W64/><G12/><T0/><D125/><U35/><E35/><V86/><F86/><W21/><G25/><T104/><D119/><U102/><E102/><V129/><F129/><W69/><G100/><T49/><D0/><U20/><E20/><V79/><F79/><W6/><G78/><T134/><D134/><U5/><E5/><AGARI ba="0,2" hai="3,5,11,60,62,63,72,77,81,91,93,97,122,123" machi="5" ten="40,2600,0" yaku="1,1,53,1" doraHai="19" doraHaiUra="107" who="2" fromWho="1" sc="224,0,227,-26,292,46,237,0" /><INIT seed="2,0,0,1,4,84" ten="224,201,338,237" oya="2" hai0="117,13,97,102,110,20,109,59,36,125,123,10,50" hai1="113,23,5,93,94,90,31,105,73,79,78,122,9" hai2="67,2,121,135,12,43,19,92,6,70,95,111,87" hai3="0,54,72,103,58,51,101,61,39,134,118,116,112"/><V77/><F121/><W119/><G39/><T62/><D123/><U132/><E122/><V1/><F135/><W15/><G0/><T65/><D36/><U68/><E113/><V96/><F111/><N who="0" m="42506" /><D125/><U76/><E105/><V107/><F107/><W74/><G134/><T120/><D120/><U7/><E68/><V82/><F43/><W128/><G112/><T33/><D33/><U126/><E132/><V21/><F6/><W89/><G128/><T60/><D20/><U27/><E126/><V56/><F70/><W52/><G15/><T18/><D117/><U91/><E73/><V88/><REACH who="2" step="1"/><F92/><REACH who="2" ten="224,201,328,237" step="2"/><W85/><G119/><T86/><D65/><U83/><E83/><V100/><F100/><W63/><G118/><T37/><D37/><U71/><E71/><V11/><F11/><W48/><G116/><T17/><D10/><U44/><E44/><V26/><F26/><W29/><G29/><T106/><D17/><U53/><E53/><V28/><F28/><W80/><G103/><T104/><D104/><U16/><E31/><V47/><F47/><W57/><G101/><T40/><D40/><U69/><E69/><V38/><F38/><W98/><G98/><T25/><D25/><U4/><E9/><V34/><F34/><W22/><G22/><N who="0" m="11599" /><D106/><U64/><REACH who="1" step="1"/><E64/><REACH who="1" ten="224,191,328,237" step="2"/><V108/><F108/><W115/><G115/><T3/><D59/><U46/><E46/><V130/><F130/><W35/><G35/><T49/><D102/><U32/><E32/><V14/><F14/><W66/><G66/><T45/><D45/><U24/><E24/><V124/><F124/><RYUUKYOKU ba="0,2" sc="224,-30,191,10,328,10,237,10" hai1="4,5,7,16,23,27,76,78,79,90,91,93,94" hai2="1,2,12,19,21,56,67,77,82,87,88,95,96" hai3="48,51,52,54,57,58,61,63,72,74,80,85,89" /><INIT seed="2,1,2,0,5,70" ten="194,201,338,247" oya="2" hai0="64,22,28,21,3,41,107,115,116,15,93,130,49" hai1="86,76,16,31,57,47,100,96,62,42,83,82,13" hai2="91,134,72,43,99,40,69,124,106,58,4,0,114" hai3="123,17,27,65,111,30,34,48,1,5,36,63,79"/><V55/><F114/><W66/><G123/><T103/><D107/><U10/><E31/><V71/><F72/><W127/><G36/><T23/><D115/><U39/><E86/><V50/><F134/><W112/><G112/><T133/><D3/><U51/><E76/><V19/><F124/><W119/><G119/><T135/><D116/><U110/><E51/><V20/><F4/><W118/><G118/><T85/><D64/><U18/><E18/><V59/><F0/><W109/><G127/><T117/><D130/><U8/><E8/><V95/><F106/><W120/><G120/><T131/><D131/><U11/><E11/><V67/><F71/><W90/><G79/><T35/><D117/><U25/><E25/><V128/><F69/><W121/><G121/><T74/><D74/><U108/><E110/><N who="3" m="41994" /><G5/><T32/><D15/><U101/><E108/><V97/><F97/><W77/><G77/><T38/><D38/><U24/><E24/><N who="2" m="14367" /><F128/><W33/><G33/><T29/><D32/><U129/><E129/><V9/><F9/><W122/><G122/><T53/><D35/><U68/><E68/><V61/><AGARI ba="1,2" hai="40,43,50,55,58,59,61,67,91,95,99" m="14367" machi="61" ten="30,1500,0" yaku="8,1" doraHai="70" who="2" fromWho="2" sc="194,-6,201,-6,338,38,247,-6" /><INIT seed="2,2,0,0,3,63" ten="188,195,376,241" oya="2" hai0="41,89,8,101,73,16,49,1,107,2,118,122,99" hai1="74,106,125,85,7,111,70,108,22,95,42,64,120" hai2="27,88,58,35,102,96,46,79,131,129,86,66,39" hai3="92,59,80,53,30,105,82,33,9,94,130,43,78"/><V132/><F79/><W119/><G119/><T98/><D122/><U65/><E120/><V44/><F35/><W123/><G123/><T90/><D73/><U10/><E74/><V50/><F27/><W31/><G105/><T81/><D118/><U112/><E106/><V97/><F39/><W20/><G130/><N who="2" m="49673" /><F132/><W4/><G33/><T69/><D69/><U103/><E112/><V32/><F32/><W47/><G47/><N who="2" m="17961" /><F102/><W12/><G43/><T13/><D41/><U100/><E42/><V51/><F51/><W104/><G104/><T93/><REACH who="0" step="1"/><D49/><REACH who="0" ten="178,195,376,241" step="2"/><U121/><E121/><V25/><F50/><W76/><G59/><T62/><D62/><U57/><E57/><V67/><F58/><W0/><G53/><T24/><D24/><U52/><E52/><V14/><F25/><W29/><G29/><T128/><D128/><U117/><E70/><V126/><F126/><W135/><G31/><T133/><D133/><U84/><E125/><V23/><F14/><W45/><G45/><T134/><D134/><U114/><E117/><V127/><F127/><W115/><G135/><T77/><D77/><U110/><E114/><V38/><F38/><W68/><G68/><T3/><D3/><N who="1" m="383" /><E22/><V5/><F23/><W37/><G37/><T72/><D72/><U11/><E11/><V48/><F48/><W71/><G71/><T60/><D60/><U26/><E26/><V116/><F116/><W109/><G115/><T28/><D28/><U56/><E56/><V34/><F34/><W91/><G76/><T55/><D55/><U36/><E36/><V19/><F66/><RYUUKYOKU ba="2,1" sc="178,30,195,-10,376,-10,241,-10" hai0="1,2,8,13,16,81,89,90,93,98,99,101,107" /><INIT seed="3,3,1,5,5,133" ten="208,185,366,231" oya="3" hai0="91,70,10,122,46,57,75,6,113,124,66,14,41" hai1="61,96,65,11,16,51,104,50,134,108,105,12,74" hai2="19,130,115,132,31,60,97,112,68,32,131,82,53" hai3="71,7,44,83,17,0,55,127,85,118,26,20,119"/><W72/><G127/><T109/><D122/><U39/><E39/><V62/><F132/><W120/><G120/><T125/><D109/><U126/><E134/><V40/><F40/><W92/><G71/><T48/><D75/><U121/><E121/><V36/><F36/><W102/><G72/><T114/><D70/><U106/><E74/><V27/><F82/><W135/><G135/><T43/><D91/><U22/><E108/><V47/><F19/><W15/><G0/><T116/><D41/><U101/><E126/><N who="0" m="48745" /><D116/><U90/><E90/><V88/><F68/><W67/><G119/><T86/><D86/><U59/><REACH who="1" step="1"/><E11/><REACH who="1" ten="208,175,366,231" step="2"/><V37/><F37/><W79/><G118/><T49/><D49/><AGARI ba="3,2" hai="12,16,22,49,50,51,59,61,65,96,101,104,105,106" machi="49" ten="40,12000,2" yaku="1,1,2,1,54,1,53,3" doraHai="133" doraHaiUra="103" who="1" fromWho="0" sc="208,-129,175,149,366,0,231,0" owari="79,-42.1,324,12.4,366,46.6,231,-16.9" /></mjloggm>