<mjloggm ver="2.3"><GO type="225" lobby="0"/><UN n0="%72%69%6F%75%63%68%61%6E" n1="%28%EF%BF%A3%E2%96%BD%EF%BF%A3%29%CE%B4%E2%8C%92%E3%83%BB" n2="%E3%83%B4%E3%83%A0%EF%BC%99%E3%81%A6" n3="%E5%8D%A0%E3%81%84%E5%B8%AB%E8%A3%8F%E3%81%AA%E3%81%84%E3%81%97" dan="16,17,16,17" rate="2104.12,2283.08,2158.20,2190.04" sx="M,M,M,M"/><TAIKYOKU oya="0"/><INIT seed="0,0,0,0,1,130" ten="250,250,250,250" oya="0" hai0="106,98,97,72,45,117,74,104,14,3,128,29,110" hai1="86,122,54,48,129,107,33,89,62,70,13,28,21" hai2="131,124,83,65,80,93,1,82,9,114,76,91,84" hai3="132,37,105,0,90,8,17,41,60,40,22,39,75"/><T16/><D117/><U135/><E107/><V11/><F114/><W46/><G105/><T127/><D3/><U118/><E129/><V20/><F131/><W101/><G101/><T111/><D128/><U77/><E77/><V87/><F124/><W50/><G75/><N who="0" m="28715" /><D29/><U27/><E122/><V100/><F65/><W99/><G0/><T92/><D45/><U69/><E62/><V32/><F32/><W38/><G8/><N who="2" m="3145" /><F1/><W102/><G60/><T67/><D67/><U42/><E42/><V43/><F43/><W2/><G2/><T12/><D12/><U63/><E63/><V19/><F100/><W55/><G102/><N who="0" m="60711" /><D98/><U36/><E36/><V79/><F79/><W115/><G40/><T61/><D61/><U71/><E118/><V120/><F120/><W52/><G115/><T34/><D34/><U49/><E33/><V18/><F18/><W56/><G17/><T66/><D66/><U126/><E126/><V133/><F76/><W24/><G41/><T47/><D47/><U15/><E49/><V108/><F19/><N who="3" m="12383" /><G37/><T44/><D44/><U123/><E123/><V26/><F26/><W81/><G99/><T113/><D127/><U134/><E15/><V59/><F59/><W5/><G38/><T121/><D121/><U95/><REACH who="1" step="1"/><E13/><REACH who="1" ten="250,240,250,250" step="2"/><V31/><F31/><W6/><G39/><T94/><D113/><U125/><E125/><V103/><F20/><W78/><G50/><T73/><D73/><U119/><E119/><V10/><F10/><W58/><G55/><T64/><D14/><U7/><E7/><V51/><F51/><N who="3" m="28791" /><G5/><T96/><D106/><RYUUKYOKU ba="0,1" sc="250,-10,240,30,250,-10,250,-10" hai1="21,27,28,48,54,69,70,71,86,89,95,134,135" /><INIT seed="1,1,1,1,1,30" ten="240,270,240,240" oya="1" hai0="112,55,38,119,2,66,23,114,13,129,100,99,127" hai1="73,42,115,68,18,21,132,77,29,128,76,43,52" hai2="20,33,75,46,69,16,50,25,96,87,40,12,111" hai3="64,28,11,57,59,65,125,1,92,102,17,48,105"/><U134/><E68/><V108/><F75/><W95/><G105/><T58/><D119/><U35/><E115/><V53/><F69/><W135/><G135/><N who="1" m="51754" /><E128/><V7/><F96/><W107/><G107/><T51/><D2/><U45/><E29/><V24/><F7/><W101/><G125/><T14/><D38/><N who="1" m="21719" /><E43/><V8/><F40/><W84/><G28/><T70/><D127/><U117/><E117/><V78/><F33/><W27/><G1/><T122/><D122/><U47/><E35/><V63/><F63/><W93/><G84/><T110/><D129/><U39/><E73/><V19/><REACH who="2" step="1"/><F25/><REACH who="2" ten="240,270,230,240" step="2"/><W80/><G27/><T131/><D131/><U0/><E39/><V32/><F32/><W98/><G98/><T120/><D114/><U82/><E0/><V4/><F4/><W97/><G97/><T49/><D112/><U104/><E104/><V67/><F67/><W41/><G64/><T133/><D66/><U71/><E71/><V22/><F22/><W54/><G65/><T74/><D70/><U85/><E52/><V34/><F34/><W61/><G41/><T94/><D133/><U86/><E86/><V26/><F26/><W9/><G61/><T116/><D74/><U62/><E62/><V79/><F79/><W36/><G36/><T5/><D116/><U89/><E77/><V88/><F88/><W6/><G6/><T83/><D5/><U91/><E91/><V113/><F113/><W72/><G54/><T81/><D55/><U44/><E89/><V37/><F37/><W3/><G72/><T15/><D99/><U130/><E130/><RYUUKYOKU ba="1,2" sc="240,-15,270,15,230,15,240,-15" hai1="18,21,44,47,76,82,85" hai2="8,12,16,19,20,24,46,50,53,78,87,108,111" /><INIT seed="1,2,2,5,4,109" ten="225,285,245,225" oya="1" hai0="123,20,79,50,87,60,51,130,33,35,83,59,64" hai1="95,52,104,120,94,92,132,15,22,67,134,127,112" hai2="61,25,119,5,93,6,81,116,19,56,4,107,90" hai3="14,55,65,8,7,17,23,53,78,124,77,85,135"/><U40/><E104/><V121/><F107/><W97/><G135/><N who="1" m="51754" /><E120/><V131/><F121/><W45/><G124/><T73/><D123/><U31/><E127/><V114/><F131/><W1/><G65/><T102/><D130/><U88/><E67/><V75/><F75/><W118/><G118/><T44/><D102/><U27/><E40/><V43/><F43/><W108/><G108/><T125/><D125/><U36/><E36/><V72/><F72/><W28/><G97/><T11/><D73/><U46/><E112/><V126/><F81/><W101/><G101/><T57/><D20/><U34/><E15/><V16/><F126/><W70/><G70/><T41/><REACH who="0" step="1"/><D11/><REACH who="0" ten="215,285,245,225" step="2"/><U115/><E22/><N who="2" m="13511" /><F114/><W71/><G28/><T128/><D128/><U106/><E115/><V47/><F116/><W68/><G68/><T13/><D13/><U122/><E122/><V76/><F119/><W24/><G71/><T30/><D30/><U82/><E106/><V84/><F76/><W54/><G1/><T32/><D32/><U9/><E9/><V74/><F74/><W3/><G3/><T37/><D37/><U69/><E69/><V0/><F0/><W99/><G99/><T86/><D86/><N who="1" m="50263" /><E34/><V18/><F47/><W39/><G85/><T105/><D105/><U62/><E46/><V42/><F42/><W111/><G111/><T58/><D58/><N who="1" m="35143" /><E31/><V49/><F56/><W80/><G39/><T38/><D38/><U100/><E100/><V117/><F117/><W91/><G45/><T66/><D66/><U26/><AGARI ba="2,3" hai="26,27,92,94,95" m="35143,50263,51754" machi="26" ten="40,7800,0" yaku="20,1,54,2" doraHai="109" who="1" fromWho="1" sc="215,-28,285,114,245,-28,225,-28" /><INIT seed="1,3,0,2,4,135" ten="187,399,217,197" oya="1" hai0="14,114,78,20,93,73,82,2,67,35,110,115,63" hai1="7,51,108,18,13,15,74,103,113,75,11,85,43" hai2="105,54,121,39,123,5,6,131,91,129,64,28,69" hai3="8,42,86,109,97,47,16,21,70,26,133,130,41"/><U102/><E113/><V23/><F105/><W120/><G120/><T19/><D110/><U65/><E108/><V4/><F39/><W50/><G109/><T27/><D2/><U71/><E71/><V116/><F91/><W76/><G133/><T66/><D66/><U99/><E65/><V106/><F106/><W31/><G70/><T55/><D55/><U22/><E103/><V61/><F54/><N who="3" m="30047" /><G130/><N who="2" m="49673" /><F116/><W96/><G76/><T30/><REACH who="0" step="1"/><D93/><REACH who="0" ten="177,399,217,197" step="2"/><N who="1" m="58735" /><E43/><N who="3" m="16394" /><G86/><T112/><D112/><U80/><E75/><V56/><F69/><AGARI ba="3,1" hai="14,19,20,27,30,35,63,67,69,73,78,82,114,115" machi="69" ten="30,2000,0" yaku="1,1,7,1,53,0" doraHai="135" doraHaiUra="53" who="0" fromWho="2" sc="177,39,399,0,217,-29,197,0" /><INIT seed="2,0,0,4,1,79" ten="216,399,188,197" oya="2" hai0="56,125,25,24,13,109,71,86,51,124,2,97,93" hai1="133,69,77,32,42,112,64,19,73,59,54,114,40" hai2="52,4,94,41,91,23,88,8,83,110,63,135,105" hai3="0,100,98,65,123,89,130,22,85,61,81,16,96"/><V29/><F105/><W121/><G0/><T117/><D109/><U95/><E32/><V44/><F110/><W134/><G130/><T99/><D71/><U34/><E34/><V126/><F135/><W15/><G134/><T131/><D131/><U120/><E133/><V47/><F126/><N who="0" m="48746" /><D2/><U49/><E120/><V5/><F41/><W87/><G87/><T122/><D122/><U57/><E69/><V1/><F91/><W11/><G98/><T76/><D117/><U128/><E42/><V43/><F43/><W31/><G31/><T6/><D51/><U20/><E40/><V103/><F103/><W67/><G67/><T48/><D48/><U113/><E128/><V50/><F63/><W35/><G11/><N who="0" m="4343" /><D56/><U82/><E59/><N who="2" m="33175" /><F1/><W45/><G45/><N who="2" m="17481" /><F8/><W14/><G35/><T53/><D53/><U132/><E132/><V74/><F74/><W3/><G3/><T115/><D115/><U62/><E62/><V17/><F29/><W129/><G129/><T78/><D99/><U66/><E66/><V80/><F4/><W21/><G21/><T90/><D97/><U102/><E64/><V27/><F5/><W37/><G37/><T28/><D28/><U84/><E102/><V127/><F127/><W55/><G55/><T60/><D60/><U118/><E114/><V72/><F72/><W30/><G30/><T36/><D36/><U92/><E73/><V70/><F70/><N who="3" m="42287" /><G14/><T58/><D58/><U68/><E68/><V33/><F33/><W107/><G123/><T18/><D24/><N who="1" m="14367" /><E118/><V116/><F116/><W38/><G121/><T75/><D75/><RYUUKYOKU ba="0,0" sc="216,0,399,0,188,0,197,0" hai0="18,25,76,78,86,90,93" hai1="49,54,57,77,82,84,92,95,112,113" hai2="17,23,27,80,83,88,94" hai3="15,16,22,38,81,85,89,96,100,107" /><INIT seed="2,1,0,1,2,27" ten="216,399,188,197" oya="2" hai0="89,128,98,124,131,30,43,126,82,69,51,104,37" hai1="18,76,13,112,29,26,66,94,3,77,125,67,70" hai2="16,34,95,92,20,4,54,12,118,36,40,60,47" hai3="113,78,133,65,63,61,32,24,25,121,49,1,73"/><V116/><F34/><W23/><G121/><T15/><D37/><U100/><E3/><V74/><F74/><W10/><G133/><T58/><D69/><U96/><E112/><V8/><F95/><W88/><G113/><T114/><D114/><U33/><E125/><N who="0" m="48233" /><D30/><U75/><E75/><V117/><F92/><W5/><G32/><T102/><D15/><U64/><REACH who="1" step="1"/><E70/><REACH who="1" ten="216,389,188,197" step="2"/><V108/><F108/><W130/><G73/><T14/><D128/><U44/><E44/><V55/><REACH who="2" step="1"/><F60/><REACH who="2" ten="216,389,178,197" step="2"/><W22/><G63/><T45/><D131/><U127/><E127/><V119/><N who="2" m="29696" /><DORA hai="41" /><V91/><F91/><W99/><G88/><T9/><D89/><U79/><E79/><V97/><F97/><W50/><G99/><T106/><D98/><U57/><E57/><V38/><F38/><W31/><G78/><T19/><D102/><U11/><AGARI ba="1,2" hai="11,13,18,26,29,33,64,66,67,76,77,94,96,100" machi="11" ten="30,4000,0" yaku="1,1,0,1,52,1,53,0" doraHai="27,41" doraHaiUra="17,120" who="1" fromWho="1" sc="216,-11,389,63,178,-21,197,-11" /><INIT seed="3,0,0,3,0,77" ten="205,452,157,186" oya="3" hai0="89,63,118,11,120,35,55,62,60,104,10,70,88" hai1="4,134,2,0,13,52,73,78,98,102,28,72,122" hai2="21,40,15,59,69,79,39,64,84,107,22,74,29" hai3="65,90,33,16,8,109,117,108,51,14,93,68,36"/><W85/><G117/><T121/><D35/><U49/><E28/><V100/><F69/><W41/><G36/><T31/><D118/><U47/><E122/><V46/><F74/><W30/><G68/><T106/><D70/><U101/><E101/><V3/><F3/><W48/><G65/><T97/><D31/><U57/><E134/><V7/><F107/><N who="0" m="41002" /><D97/><U110/><E110/><N who="3" m="42602" /><G41/><T19/><D19/><U9/><E72/><V82/><F100/><W26/><AGARI ba="0,0" hai="8,14,16,26,30,33,48,51,85,90,93" m="42602" machi="26" ten="30,6000,0" yaku="14,1,10,1,54,1" doraHai="77" who="3" fromWho="3" sc="205,-20,452,-20,157,-20,186,60" /><INIT seed="3,1,0,2,2,15" ten="185,432,137,246" oya="3" hai0="71,86,81,102,50,1,3,132,118,75,18,2,119" hai1="87,55,116,6,127,56,85,61,90,42,98,117,67" hai2="80,9,82,84,13,0,110,93,37,4,5,28,25" hai3="30,10,38,40,99,31,123,11,131,35,68,105,14"/><W16/><G123/><T122/><D122/><U64/><E127/><V53/><F37/><W69/><G131/><T54/><D71/><U59/><E42/><V94/><F110/><W41/><G35/><T63/><D75/><U113/><E113/><V73/><F73/><W8/><G105/><T96/><D63/><N who="1" m="37991" /><E6/><V20/><F4/><W128/><G128/><T22/><D132/><U34/><E34/><V36/><F36/><W125/><G125/><T45/><D86/><U51/><E98/><V7/><F7/><W89/><G38/><T27/><REACH who="0" step="1"/><D81/><REACH who="0" ten="175,432,137,246" step="2"/><U76/><E87/><V17/><F53/><W23/><G68/><T21/><D21/><U12/><E85/><V107/><F107/><AGARI ba="1,1" hai="1,2,3,18,22,27,45,50,54,96,102,107,118,119" machi="107" ten="40,8000,1" yaku="1,1,52,1,53,3" doraHai="15" doraHaiUra="32" who="0" fromWho="2" sc="175,93,432,0,137,-83,246,0" owari="268,6.8,432,53.2,54,-44.6,246,-15.4" /></mjloggm>