<mjloggm ver="2.3"><GO type="225" lobby="0"/><UN n0="%E9%80%86%E9%80%A3%E5%B8%AF%E3%81%AE%E9%AC%BC" n1="%E3%81%AF%E3%82%88%E3%81%8A%E3%81%98%E3%81%95%E3%82%93" n2="%E3%81%BF%E3%81%BF%E3%81%9A" n3="%41%6F%54" dan="17,17,18,16" rate="2091.87,2130.04,2180.40,2073.20" sx="M,M,M,M"/><TAIKYOKU oya="0"/><INIT seed="0,0,0,2,5,122" ten="250,250,250,250" oya="0" hai0="69,0,112,62,101,30,68,27,124,110,67,22,74" hai1="87,59,2,82,45,131,78,41,57,129,128,65,121" hai2="31,80,15,105,33,95,66,19,58,94,93,46,126" hai3="29,134,98,99,132,102,96,52,85,90,44,4,51"/><T3/><D112/><U25/><E121/><V50/><F105/><W100/><G4/><T88/><D124/><U47/><E2/><V117/><F126/><W118/><G118/><T135/><D135/><N who="3" m="51753" /><G29/><T20/><D74/><U73/><E65/><V23/><F117/><W13/><G13/><T75/><D75/><U106/><E106/><V54/><F33/><W16/><G16/><T26/><D101/><U48/><E73/><V86/><F31/><W84/><G84/><T77/><D77/><U53/><REACH who="1" step="1"/><E25/><REACH who="1" ten="250,240,250,250" step="2"/><V21/><F66/><W104/><G104/><T103/><D0/><U97/><E97/><V28/><F28/><W123/><G123/><T107/><D3/><U64/><E64/><V116/><F116/><W55/><G55/><T7/><D27/><U111/><E111/><V71/><F71/><W37/><G37/><AGARI ba="0,1" hai="37,41,45,47,48,53,57,59,78,82,87,128,129,131" machi="37" ten="40,2600,0" yaku="1,1,19,1,53,0" doraHai="122" doraHaiUra="11" who="1" fromWho="3" sc="250,0,240,36,250,0,250,-26" /><INIT seed="1,0,0,2,0,21" ten="250,276,250,224" oya="1" hai0="84,133,40,95,38,51,53,55,75,100,112,106,8" hai1="110,68,6,107,105,97,101,83,1,46,61,29,79" hai2="88,111,126,130,26,131,70,77,12,90,115,67,69" hai3="0,31,54,37,102,99,119,50,3,58,63,57,62"/><U86/><E110/><V39/><F111/><W118/><G37/><T64/><D112/><U78/><E29/><V36/><F115/><W76/><G76/><T123/><D75/><U10/><E46/><V98/><F77/><W59/><G31/><T128/><D106/><U17/><E17/><V49/><F126/><W33/><G33/><T28/><D38/><N who="2" m="14378" /><F12/><W41/><G41/><T129/><D64/><U66/><E79/><V43/><F26/><W89/><G89/><N who="2" m="34409" /><F67/><W14/><G14/><T135/><D28/><U122/><E122/><V81/><F98/><W125/><G125/><T71/><D123/><U11/><E11/><V72/><F72/><W121/><G121/><T80/><D8/><U13/><E13/><V18/><F18/><W127/><G127/><T103/><D40/><U124/><E124/><V19/><F19/><W56/><G0/><T114/><D114/><U120/><E120/><V47/><F81/><W34/><G34/><T93/><D51/><U23/><E23/><V2/><F2/><W32/><G32/><T134/><D71/><U30/><E30/><V96/><F96/><W9/><G9/><T22/><D22/><U25/><E25/><V74/><F74/><W48/><G3/><T4/><D134/><U109/><E109/><V65/><F65/><W16/><G16/><T85/><D80/><U104/><AGARI ba="0,0" hai="1,6,10,61,66,68,78,83,86,97,101,104,105,107" machi="104" ten="20,2100,0" yaku="0,1,7,1" doraHai="21" who="1" fromWho="1" sc="250,-7,276,21,250,-7,224,-7" /><INIT seed="1,1,0,3,1,88" ten="243,297,243,217" oya="1" hai0="51,89,111,61,1,129,3,116,5,65,27,46,52" hai1="102,132,29,126,85,30,80,75,20,14,130,47,131" hai2="124,118,28,133,60,120,11,15,93,10,0,109,38" hai3="23,6,66,112,8,18,95,84,77,98,100,53,104"/><U71/><E71/><V99/><F38/><W34/><G34/><T7/><D116/><U72/><E102/><V96/><F118/><W39/><G112/><T117/><D111/><U21/><E126/><V70/><F120/><W76/><G39/><T82/><D129/><N who="1" m="49163" /><E132/><V26/><F133/><W43/><G43/><T83/><D117/><U94/><E47/><V113/><F109/><W2/><G66/><T63/><D27/><N who="1" m="16615" /><E94/><V44/><F124/><W74/><G74/><T127/><D127/><U4/><E4/><V73/><F73/><W79/><G53/><T32/><D32/><U86/><E86/><V92/><F44/><W41/><G41/><T9/><D7/><U121/><E121/><V115/><F0/><W12/><REACH who="3" step="1"/><G84/><REACH who="3" ten="243,297,243,207" step="2"/><T103/><D65/><U13/><E72/><V49/><F70/><W50/><G50/><T123/><D51/><U56/><E75/><V105/><F49/><W55/><G55/><T91/><D52/><U40/><E40/><V108/><F108/><W42/><G42/><T54/><D54/><U78/><E56/><V37/><F60/><W128/><G128/><T107/><D63/><U45/><E45/><V90/><F37/><W87/><G87/><T17/><D61/><U31/><E85/><V101/><F105/><AGARI ba="1,1" hai="2,6,8,12,18,23,76,77,79,95,98,100,104,105" machi="105" ten="40,5200,0" yaku="1,1,52,1,53,1" doraHai="88" doraHaiUra="16" who="3" fromWho="2" sc="243,0,297,0,243,-55,207,65" /><INIT seed="2,0,0,1,2,51" ten="243,297,188,272" oya="2" hai0="134,99,69,1,37,123,85,5,113,12,64,112,102" hai1="105,116,30,74,58,76,9,34,6,90,129,87,70" hai2="10,106,78,48,109,125,18,103,114,83,128,3,49" hai3="92,53,42,41,33,25,95,46,130,79,59,82,67"/><V108/><F114/><W32/><G130/><T52/><D123/><U45/><E70/><V131/><F103/><W39/><G41/><T65/><D37/><U8/><E105/><V54/><F106/><W94/><G67/><T117/><D1/><U110/><E116/><V89/><F89/><W14/><G14/><T38/><D38/><U118/><E118/><V2/><F125/><W101/><G101/><T44/><D117/><U126/><E74/><V100/><F100/><W24/><G32/><T111/><D111/><N who="2" m="42570" /><F48/><W27/><G33/><T0/><D113/><U29/><E90/><V104/><F104/><W132/><G132/><T97/><D134/><U43/><E76/><V50/><F49/><W122/><G122/><T107/><D102/><U63/><E126/><V31/><F31/><W22/><G82/><T16/><D112/><U77/><E29/><V28/><F28/><W73/><G73/><T17/><D85/><U19/><E30/><V68/><F68/><W47/><G79/><T7/><D99/><U80/><E19/><V121/><F18/><W86/><G94/><T20/><D17/><U13/><E34/><V84/><F121/><W127/><G127/><T75/><D69/><U56/><E110/><V57/><F2/><W135/><G135/><T81/><D0/><U4/><E129/><V61/><F61/><N who="3" m="36079" /><G95/><T15/><D107/><U93/><E93/><V88/><F78/><W66/><G92/><T60/><D16/><U133/><E133/><V11/><F3/><W96/><G39/><T119/><D119/><U36/><E63/><V21/><F21/><RYUUKYOKU ba="0,0" sc="243,-15,297,15,188,15,272,-15" hai1="4,6,8,9,13,36,43,45,56,58,77,80,87" hai2="10,11,50,54,57,83,84,88,128,131" /><INIT seed="2,1,0,0,1,39" ten="228,312,203,257" oya="2" hai0="41,28,101,126,57,94,29,120,69,117,8,31,40" hai1="84,52,34,109,79,50,74,95,111,42,20,35,92" hai2="87,85,100,119,59,67,108,60,103,98,93,131,121" hai3="56,135,1,77,68,102,32,66,107,83,53,15,89"/><V129/><F119/><W78/><G1/><T96/><D69/><U58/><E74/><V75/><F121/><W64/><G32/><T43/><D120/><U3/><E3/><V110/><F75/><W46/><G107/><T113/><D113/><U10/><E10/><V12/><F103/><W116/><G102/><T61/><D126/><U128/><E128/><N who="2" m="49227" /><F12/><W124/><G116/><T14/><D117/><U125/><E125/><V54/><F67/><W22/><G68/><T38/><D38/><U44/><E20/><V9/><F9/><W51/><G135/><T0/><D0/><U106/><E106/><V134/><F134/><W65/><G124/><T115/><D115/><U63/><E34/><V26/><F26/><W55/><G22/><T23/><D23/><U62/><E35/><V73/><F73/><W2/><G15/><T25/><D25/><U21/><E21/><V97/><F97/><W81/><G2/><T11/><D14/><U17/><E17/><V91/><F87/><N who="3" m="50415" /><G83/><AGARI ba="1,0" hai="54,59,60,83,85,91,93,98,100,108,110" m="49227" machi="83" ten="30,1500,0" yaku="19,1" doraHai="39" who="2" fromWho="3" sc="228,0,312,0,203,18,257,-18" /><INIT seed="2,2,0,4,3,37" ten="228,312,221,239" oya="2" hai0="72,79,73,32,48,52,115,87,41,71,64,24,122" hai1="67,134,108,9,47,119,114,57,92,110,118,26,29" hai2="31,3,15,55,80,86,82,6,27,42,70,11,97" hai3="127,125,117,126,93,36,130,84,77,83,50,14,35"/><V17/><F70/><W75/><G36/><T65/><D122/><U34/><E114/><V10/><F55/><W23/><G35/><T104/><D104/><U60/><E134/><V45/><F97/><W88/><G117/><T109/><D115/><U106/><E106/><V16/><F17/><W103/><G130/><T120/><D120/><U123/><E123/><V68/><F68/><W4/><G103/><T62/><D109/><N who="1" m="42091" /><E92/><V133/><F133/><W131/><G131/><T25/><D65/><U76/><E76/><V22/><REACH who="2" step="1"/><F86/><REACH who="2" ten="228,312,211,239" step="2"/><W107/><G107/><T124/><D87/><U51/><E9/><V66/><F66/><W40/><G126/><T116/><D124/><U61/><E61/><V105/><F105/><W112/><G112/><T53/><D62/><U59/><E59/><V58/><F58/><W91/><G125/><T102/><D71/><U0/><E119/><V111/><F111/><W90/><G127/><T74/><D64/><U121/><E118/><V132/><F132/><W1/><G84/><T56/><D116/><U7/><E121/><V129/><F129/><W20/><G75/><T96/><D53/><U98/><E98/><V44/><F44/><W113/><G113/><T18/><D74/><U81/><E47/><V33/><F33/><W49/><G4/><T78/><D73/><U28/><E7/><V8/><F8/><W13/><G23/><T46/><D72/><U54/><E34/><V89/><F89/><W101/><G20/><N who="0" m="13335" /><D32/><U21/><E67/><V95/><F95/><W99/><G93/><T128/><D128/><U2/><E21/><RYUUKYOKU ba="2,1" sc="228,-10,312,-10,211,30,239,-10" hai2="3,6,10,11,15,16,22,27,31,42,45,80,82" /><INIT seed="2,3,1,2,1,4" ten="218,302,241,229" oya="2" hai0="52,31,23,134,126,91,102,74,59,83,58,36,2" hai1="119,50,56,67,127,98,13,35,118,5,128,20,44" hai2="24,90,131,75,37,60,89,48,129,101,124,123,106" hai3="34,62,14,15,81,8,100,0,47,117,133,111,10"/><V11/><F123/><W1/><G117/><T46/><D2/><U109/><E35/><V43/><F37/><W64/><G34/><T73/><D134/><U110/><E127/><V120/><F75/><W61/><G133/><T63/><D126/><U82/><E128/><N who="2" m="49227" /><F124/><W17/><G111/><N who="1" m="42506" /><E98/><N who="2" m="61751" /><F120/><W125/><G125/><T9/><D102/><U18/><E5/><V12/><F24/><W69/><G100/><T39/><D59/><U28/><E82/><V70/><F48/><W94/><G94/><T72/><D46/><U7/><E7/><N who="2" m="3199" /><F43/><W51/><G62/><T25/><REACH who="0" step="1"/><D9/><REACH who="0" ten="208,302,241,229" step="2"/><U26/><E119/><V22/><F22/><W45/><G45/><T68/><D68/><U93/><E118/><V122/><F122/><W113/><G113/><T132/><D132/><U114/><E20/><V121/><F121/><W71/><G71/><T85/><AGARI ba="3,2" hai="23,25,31,36,39,52,58,63,72,73,74,83,85,91" machi="85" ten="40,8000,1" yaku="1,1,0,1,54,1,53,1" doraHai="4" doraHaiUra="53" who="0" fromWho="0" sc="208,109,302,-23,241,-43,229,-23" /><INIT seed="3,0,0,1,0,120" ten="317,279,198,206" oya="3" hai0="118,27,45,73,121,41,43,42,20,107,72,110,98" hai1="53,128,46,65,91,82,36,135,103,61,81,55,59" hai2="130,101,11,58,56,113,51,21,2,5,63,31,14" hai3="99,129,48,106,64,38,1,97,9,104,125,92,114"/><W86/><G38/><T88/><D121/><U134/><E103/><V90/><F113/><W127/><G114/><T84/><D118/><U83/><E128/><V30/><F130/><W100/><G129/><T15/><D110/><U131/><E131/><V95/><F101/><W19/><G64/><T102/><D15/><U126/><E126/><N who="3" m="48138" /><G48/><T60/><D60/><U23/><E91/><V25/><F2/><W44/><G44/><T115/><D115/><U8/><E8/><V69/><F69/><W75/><G75/><T68/><D68/><U66/><E23/><V35/><F51/><W111/><G111/><T6/><D6/><U76/><E76/><V16/><F35/><W124/><G124/><T105/><D105/><U22/><E22/><V0/><F0/><W87/><G97/><T7/><D7/><U54/><E66/><N who="2" m="39271" /><F58/><W10/><G10/><T47/><D73/><U57/><E57/><V112/><F112/><W78/><G78/><T94/><D72/><U85/><E85/><AGARI ba="0,0" hai="5,11,14,16,21,25,30,31,85,90,95" m="39271" machi="85" ten="30,2000,0" yaku="8,1,54,1" doraHai="120" who="2" fromWho="1" sc="317,0,279,-20,198,20,206,0" owari="317,41.7,259,5.9,218,-18.2,206,-29.4" /></mjloggm>