<mjloggm ver="2.3"><GO type="225" lobby="0"/><UN n0="%E7%8D%85%E5%AD%90%E5%BA%A7%E3%81%8B%E3%81%A3%E3%81%B4%E3%83%BC" n1="%E3%81%AF%E3%82%88%E3%81%8A%E3%81%98%E3%81%95%E3%82%93" n2="%E3%83%A9%E3%82%B9%E7%8E%87%EF%BC%93%E5%89%B2" n3="%E7%B4%94%E6%BD%94%E3%83%94%E3%83%A9%E3%83%8B%E3%82%A2" dan="16,17,17,16" rate="2118.23,2201.73,2219.36,2164.51" sx="M,M,F,M"/><TAIKYOKU oya="0"/><INIT seed="0,0,0,0,2,82" ten="250,250,250,250" oya="0" hai0="42,117,100,89,134,70,16,48,13,71,81,94,80" hai1="47,119,43,132,75,32,106,113,46,21,96,9,62" hai2="44,18,114,45,130,31,87,92,51,111,36,98,25" hai3="112,133,37,127,93,59,83,57,27,97,30,23,56"/><T52/><D117/><U135/><E32/><V68/><F68/><W60/><G37/><T53/><D134/><N who="1" m="51243" /><E119/><V131/><F114/><W86/><G112/><T110/><D110/><U41/><E113/><V126/><F111/><W58/><G127/><T3/><D3/><U85/><E75/><V66/><F66/><W103/><G133/><T55/><D100/><N who="1" m="62727" /><E21/><V101/><F126/><W26/><G26/><T63/><D70/><U5/><E62/><V4/><F4/><W39/><G39/><T29/><D29/><U12/><E85/><V102/><F102/><W84/><REACH who="3" step="1"/><G83/><REACH who="3" ten="250,250,250,240" step="2"/><N who="0" m="31819" /><D71/><U38/><E38/><V115/><F115/><W14/><G14/><T7/><D7/><U99/><E99/><V8/><F36/><W125/><G125/><T22/><D63/><U34/><E34/><V88/><F98/><W17/><G17/><T54/><D42/><AGARI ba="0,1" hai="5,9,12,41,42,43,46,47" m="62727,51243" machi="42" ten="30,1000,0" yaku="20,1" doraHai="82" who="1" fromWho="0" sc="250,-10,250,20,250,0,240,0" /><INIT seed="1,0,0,3,1,99" ten="240,270,250,240" oya="1" hai0="16,76,105,86,124,4,113,47,63,120,122,54,0" hai1="11,60,68,7,46,55,38,87,30,10,100,27,81" hai2="37,115,73,127,129,89,44,53,90,43,28,42,64" hai3="111,67,62,96,134,22,14,51,29,123,71,39,80"/><U78/><E68/><V94/><F73/><W20/><G39/><T110/><D113/><U25/><E38/><V35/><F115/><W126/><G111/><T77/><D105/><U2/><E11/><V82/><F129/><W79/><G123/><N who="0" m="47147" /><D110/><U135/><E135/><V50/><F127/><W132/><G126/><T107/><D107/><U12/><E2/><V108/><F108/><W6/><G51/><N who="0" m="29055" /><D124/><U114/><E114/><V112/><F112/><W15/><G96/><T106/><D106/><U101/><E27/><V131/><F28/><W45/><G45/><T23/><D86/><U74/><E74/><V31/><F31/><W133/><G6/><T116/><D116/><U5/><E5/><V72/><F72/><N who="3" m="43111" /><G22/><T40/><D40/><U95/><E95/><V8/><F42/><W24/><AGARI ba="0,0" hai="14,15,20,24,29,62,67,71,132,133,134" m="43111" machi="24" ten="40,1500,0" yaku="20,1" doraHai="99" who="3" fromWho="3" sc="240,-4,270,-7,250,-4,240,15" /><INIT seed="2,0,0,5,2,85" ten="236,263,246,255" oya="2" hai0="30,20,117,57,44,54,61,100,52,71,103,41,116" hai1="127,63,13,22,67,11,130,77,81,133,109,94,111" hai2="18,12,40,68,46,108,75,34,14,49,70,32,82" hai3="97,15,38,99,0,110,107,64,131,78,37,98,7"/><V122/><F122/><W23/><G107/><T50/><D71/><U96/><E127/><V104/><F104/><W33/><G33/><T27/><REACH who="0" step="1"/><D41/><REACH who="0" ten="226,263,246,255" step="2"/><U120/><E120/><V60/><F68/><W69/><G69/><T19/><D19/><U55/><E109/><V88/><F108/><W95/><G110/><T113/><D113/><U132/><E111/><V6/><F70/><W2/><G7/><T65/><D65/><U118/><E67/><V128/><F6/><W58/><G64/><T126/><D126/><U16/><E16/><V66/><F18/><W89/><G38/><T47/><D47/><U74/><E55/><V84/><F128/><W59/><G37/><T102/><AGARI ba="0,1" hai="20,27,30,44,50,52,54,57,61,100,102,103,116,117" machi="102" ten="30,7900,0" yaku="1,1,0,1,54,1,53,1" doraHai="85" doraHaiUra="25" who="0" fromWho="0" sc="226,89,263,-20,246,-39,255,-20" /><INIT seed="3,0,0,3,5,110" ten="315,243,207,235" oya="3" hai0="90,67,37,124,94,92,43,108,111,133,49,118,131" hai1="122,99,39,85,101,106,10,27,54,19,86,129,115" hai2="77,91,82,69,14,16,114,59,28,104,95,128,42" hai3="107,98,52,80,78,44,35,134,51,127,117,100,60"/><W40/><G117/><T23/><D118/><U72/><E115/><V103/><F69/><W87/><G35/><T88/><D67/><U13/><E122/><V76/><F128/><W25/><G127/><T64/><D64/><U61/><E72/><V83/><F114/><W15/><G134/><T116/><D116/><U121/><E39/><V4/><F28/><W18/><G25/><T1/><D1/><U45/><E121/><V9/><F104/><W47/><G60/><T130/><D37/><U6/><E129/><N who="0" m="49161" /><D23/><U120/><E120/><V74/><F103/><W123/><G123/><T36/><D36/><U22/><E45/><V112/><F112/><W63/><G63/><T56/><D124/><U30/><E30/><V2/><F59/><W73/><G44/><N who="0" m="25759" /><D56/><U38/><E38/><V53/><F53/><W71/><G71/><T8/><D8/><U68/><E54/><V24/><F42/><W55/><G73/><T26/><D26/><U75/><E75/><V109/><F109/><W33/><G33/><T126/><D126/><U41/><E41/><V34/><F34/><W11/><AGARI ba="0,0" hai="11,15,18,40,47,51,52,55,78,80,87,98,100,107" machi="11" ten="20,3900,0" yaku="0,1,7,1,54,1" doraHai="110" who="3" fromWho="3" sc="315,-13,243,-13,207,-13,235,39" /><INIT seed="3,1,0,4,0,60" ten="302,230,194,274" oya="3" hai0="79,6,9,39,12,66,45,95,27,92,34,68,30" hai1="70,8,25,110,11,102,1,10,135,105,96,75,43" hai2="93,99,130,81,125,31,83,42,85,32,7,97,112" hai3="90,131,14,51,46,116,115,61,76,88,38,77,118"/><W63/><G38/><T91/><D79/><N who="3" m="30281" /><G115/><T58/><D68/><U111/><E70/><V104/><F112/><W128/><G14/><T73/><D73/><U80/><E75/><V22/><F32/><W107/><G107/><T55/><D66/><U40/><E80/><V71/><F71/><W134/><G134/><T100/><D100/><U124/><E135/><V98/><F130/><N who="3" m="49707" /><G63/><T17/><D91/><N who="3" m="34857" /><G61/><N who="0" m="36063" /><D39/><U23/><E1/><V13/><F104/><W16/><G16/><T21/><D45/><U123/><E8/><V82/><F125/><W74/><G74/><T127/><D127/><U94/><E105/><V113/><F113/><W84/><G84/><T20/><D34/><U78/><E10/><V72/><F72/><W41/><AGARI ba="1,0" hai="41,46,51,116,118" m="34857,49707,30281" machi="41" ten="30,3000,0" yaku="19,1,54,1" doraHai="60" who="3" fromWho="3" sc="302,-11,230,-11,194,-11,274,33" owari="291,9.1,219,-18.1,183,-31.7,307,40.7" /></mjloggm>