<mjloggm ver="2.3"><GO type="225" lobby="0"/><UN n0="%E3%81%A4%E3%81%A3%E3%81%B1%E3%82%8A%E3%83%9D%E3%83%BC%E3%83%AB" n1="%E5%B0%8F%E9%B3%A5%E9%81%8A%E7%B7%B4%E7%84%A1%32%31%E6%AD%B3" n2="%E3%81%BD%E3%81%A1%E3%81%9F%E3%81%93%E3%82%84" n3="%E8%81%B7%E6%A5%AD%E3%80%81%E9%A2%A8%32" dan="17,17,17,16" rate="2255.69,2154.67,2177.96,2154.39" sx="M,F,M,M"/><TAIKYOKU oya="0"/><INIT seed="0,0,0,5,0,28" ten="250,250,250,250" oya="0" hai0="125,129,132,48,8,5,4,115,126,25,64,123,99" hai1="47,41,70,104,11,17,50,121,122,91,118,2,79" hai2="113,31,101,81,128,13,15,0,7,9,38,56,3" hai3="35,23,18,90,65,127,114,134,19,63,44,54,62"/><T72/><D72/><U83/><E118/><V119/><F113/><W97/><G114/><T88/><D115/><U84/><E70/><V36/><F119/><W10/><G134/><T61/><D123/><U12/><E104/><V43/><F128/><W32/><G127/><N who="0" m="48651" /><D129/><U66/><E66/><V39/><F43/><W85/><G10/><T78/><D78/><U59/><E59/><V49/><F101/><W120/><G97/><T106/><D132/><U30/><E2/><V131/><F131/><W103/><G103/><N who="0" m="62847" /><D48/><U76/><E122/><V77/><F0/><W117/><G117/><T75/><D75/><U1/><E1/><V46/><F31/><W22/><G120/><T20/><D8/><U82/><E121/><V60/><F49/><W58/><G44/><T34/><D88/><U55/><E82/><V98/><F98/><W26/><G90/><T51/><D51/><U68/><E68/><V37/><F46/><W57/><REACH who="3" step="1"/><G85/><REACH who="3" ten="250,250,250,240" step="2"/><T92/><D92/><U14/><E41/><V21/><N who="2" m="9216" /><DORA hai="96" /><V73/><REACH who="2" step="1"/><F21/><REACH who="2" ten="250,250,240,240" step="2"/><W27/><AGARI ba="0,2" hai="18,19,22,23,26,27,32,35,54,57,58,62,63,65" machi="27" ten="20,12000,2" yaku="1,1,0,1,7,1,9,1,52,2,53,0" doraHai="28,96" doraHaiUra="102,69" who="3" fromWho="3" sc="250,-60,250,-30,240,-30,240,140" /><INIT seed="1,0,0,5,5,50" ten="190,220,210,380" oya="1" hai0="67,113,49,38,16,66,64,31,127,47,25,6,22" hai1="114,130,99,95,1,84,61,92,74,104,56,71,116" hai2="117,118,9,58,40,23,19,85,14,102,41,0,72" hai3="5,62,60,135,10,37,119,57,13,48,115,78,29"/><U86/><E71/><V121/><F72/><W44/><G119/><T53/><D113/><U109/><E114/><V82/><F121/><W125/><G115/><T98/><D127/><U54/><E116/><V93/><F117/><W32/><G125/><T129/><D129/><U75/><E1/><V81/><F118/><W131/><G37/><T133/><D133/><U34/><E34/><V33/><F33/><W107/><G107/><T15/><D38/><U106/><E130/><V112/><F112/><W21/><G131/><T126/><D126/><U124/><E124/><V103/><F81/><W108/><G32/><T36/><D36/><U76/><E109/><V52/><F0/><W70/><G135/><T134/><D134/><U132/><E132/><V17/><F93/><W18/><G108/><T55/><D98/><U94/><E106/><V122/><F122/><W79/><G70/><T26/><D6/><U27/><E27/><N who="0" m="10249" /><D31/><U69/><E69/><V105/><F105/><W101/><G101/><N who="2" m="38409" /><F9/><W111/><G29/><T42/><AGARI ba="0,0" hai="15,16,22,42,47,49,53,55,64,66,67" m="10249" machi="42" ten="30,7900,0" yaku="8,1,52,2,54,1" doraHai="50" who="0" fromWho="0" sc="190,79,220,-39,210,-20,380,-20" /><INIT seed="2,0,0,1,4,115" ten="269,181,190,360" oya="2" hai0="21,129,14,132,97,74,79,17,1,92,57,51,13" hai1="105,118,117,71,60,40,85,3,7,130,56,120,124" hai2="110,128,114,62,91,122,135,73,15,134,65,38,96" hai3="103,9,125,54,88,107,52,5,19,100,33,20,27"/><V68/><F114/><W4/><G125/><T36/><D36/><U101/><E124/><V22/><F122/><W29/><G107/><T31/><D1/><U8/><E130/><V61/><F128/><W70/><G70/><T45/><D129/><U25/><E85/><V119/><F73/><W64/><G64/><T50/><D132/><N who="2" m="50730" /><F38/><W28/><G33/><T89/><D31/><N who="3" m="11849" /><G88/><T44/><D79/><U66/><E120/><V77/><F77/><W32/><G32/><T39/><D74/><U41/><E25/><V111/><F62/><W37/><G37/><T47/><D39/><U90/><E90/><V116/><F22/><W59/><G54/><N who="0" m="31967" /><D13/><U80/><E80/><V106/><F15/><N who="3" m="5543" /><G5/><T55/><AGARI ba="0,0" hai="14,17,21,44,45,47,50,55,89,92,97" m="31967" machi="55" ten="30,1100,0" yaku="8,1" doraHai="115" who="0" fromWho="0" sc="269,11,181,-3,190,-5,360,-3" /><INIT seed="3,0,0,5,5,128" ten="280,178,185,357" oya="3" hai0="38,17,123,18,74,51,64,132,105,39,110,118,72" hai1="93,1,40,103,131,81,119,59,15,2,77,26,66" hai2="113,120,108,28,52,116,14,130,75,0,92,67,97" hai3="22,85,12,41,60,8,134,57,56,96,82,29,90"/><W11/><G134/><T78/><D78/><U95/><E131/><V47/><F0/><W5/><G11/><T13/><D51/><U9/><E119/><V45/><F113/><W133/><G133/><T70/><D64/><U88/><E40/><V107/><F116/><W94/><G41/><T25/><D13/><U7/><E103/><V115/><F115/><W121/><G121/><T24/><D118/><U122/><E122/><V21/><F75/><W79/><G60/><T42/><D42/><U63/><E26/><AGARI ba="0,0" hai="5,8,12,22,26,29,56,57,79,82,85,90,94,96" machi="26" ten="40,2000,0" yaku="8,1" doraHai="128" who="3" fromWho="1" sc="280,0,178,-20,185,0,357,20" owari="280,8.0,158,-34.2,185,-21.5,377,47.7" /></mjloggm>