<mjloggm ver="2.3"><GO type="225" lobby="0"/><UN n0="%E5%8D%A0%E3%81%84%E5%B8%AB%E8%A3%8F%E3%81%AA%E3%81%84%E3%81%97" n1="%E3%82%8A%E3%81%93%E3%82%8A%E3%82%93%E3%81%94" n2="%E6%B8%A1%E5%A4%A9%E8%97%8D" n3="%E6%98%93%E5%88%A9%E8%96%A9%E4%BC%AF" dan="17,17,16,16" rate="2171.76,2197.89,2155.41,2133.54" sx="M,M,M,F"/><TAIKYOKU oya="0"/><INIT seed="0,0,0,5,2,118" ten="250,250,250,250" oya="0" hai0="120,60,111,8,15,58,5,75,11,72,110,85,87" hai1="53,67,9,126,12,112,44,65,81,51,63,119,98" hai2="101,132,43,104,34,62,102,99,77,89,94,0,109" hai3="18,78,66,48,69,97,131,45,55,4,135,100,74"/><T38/><D38/><U31/><E119/><V61/><F34/><W79/><G131/><T76/><D76/><U73/><E126/><V22/><F0/><W106/><G135/><T116/><D116/><U125/><E125/><V47/><F109/><N who="0" m="41482" /><D8/><U13/><E112/><V117/><F117/><W115/><G115/><T37/><D37/><U123/><E31/><V71/><F71/><W24/><G4/><T96/><D96/><U42/><E123/><V14/><F132/><W68/><G74/><N who="0" m="28203" /><D120/><U130/><E98/><V52/><F77/><W27/><G78/><T92/><D92/><U49/><E9/><V128/><F128/><W16/><G79/><T7/><D7/><U124/><E130/><V20/><F104/><W70/><REACH who="3" step="1"/><G66/><AGARI ba="0,0" hai="5,11,15,58,60,66,85,87" m="28203,41482" machi="66" ten="30,2900,0" yaku="14,1,10,1" doraHai="118" who="0" fromWho="3" sc="250,29,250,0,250,0,250,-29" /><INIT seed="0,1,0,2,4,96" ten="279,250,250,221" oya="0" hai0="19,41,119,32,58,31,57,63,12,16,126,66,106" hai1="11,123,99,75,17,135,112,2,47,133,29,1,132" hai2="128,130,81,72,92,89,134,124,104,84,7,65,56" hai3="14,8,53,24,80,74,51,43,9,111,98,54,88"/><T42/><D119/><U129/><E123/><V77/><F7/><W27/><G111/><T103/><D126/><U34/><E75/><V15/><F15/><W115/><G115/><T25/><D58/><U60/><E112/><V64/><F56/><W50/><G43/><T61/><D61/><U107/><E129/><N who="2" m="49771" /><F124/><W22/><G74/><T120/><D19/><U21/><E47/><V105/><F134/><W52/><G9/><T71/><D57/><U109/><E109/><V102/><F105/><W4/><G27/><T118/><D118/><U91/><E60/><V82/><F82/><W110/><G110/><T97/><D120/><U73/><E107/><V83/><F83/><W46/><G51/><T6/><D6/><U86/><E2/><V76/><F76/><W78/><G78/><T85/><D85/><U70/><E73/><V45/><F45/><W108/><G108/><T69/><D71/><U100/><E70/><V5/><F5/><W20/><G80/><T37/><D37/><U23/><E1/><V13/><F13/><W116/><G116/><T101/><D101/><U35/><E132/><V49/><F49/><W68/><G68/><T113/><D113/><U62/><E100/><V94/><F94/><N who="3" m="56647" /><G22/><AGARI ba="1,0" hai="12,16,22,25,31,32,41,42,63,66,69,97,103,106" machi="22" ten="30,12000,1" yaku="7,1,25,2,52,1,54,1" doraHai="96" who="0" fromWho="3" sc="279,123,250,0,250,0,221,-123" /><INIT seed="0,2,0,1,1,53" ten="402,250,250,98" oya="0" hai0="75,7,110,96,98,122,121,52,15,90,89,36,78" hai1="128,19,61,50,63,12,84,37,92,74,35,45,0" hai2="1,131,10,32,17,4,13,130,114,101,70,66,73" hai3="18,65,126,2,83,79,57,22,20,97,5,9,134"/><T31/><D36/><U38/><E74/><V76/><F70/><W41/><G134/><T100/><D31/><U30/><E0/><V24/><F66/><W125/><G41/><T115/><D115/><U43/><E128/><N who="2" m="49195" /><F101/><W16/><G97/><T77/><D7/><U47/><E35/><V109/><F76/><W56/><G22/><T118/><D15/><U95/><E30/><N who="2" m="19527" /><F73/><W26/><G18/><T93/><D75/><U129/><E38/><V71/><F71/><W48/><G48/><T21/><D121/><U60/><E84/><V132/><F114/><W117/><G117/><T91/><D118/><U68/><E68/><V69/><F69/><W87/><REACH who="3" step="1"/><G65/><REACH who="3" ten="402,250,250,88" step="2"/><T123/><D98/><U116/><E116/><V54/><F132/><W62/><G62/><T86/><D123/><U27/><E129/><V46/><F54/><W99/><G99/><T85/><D52/><U82/><E61/><V111/><F46/><W25/><G25/><T106/><D122/><U42/><E27/><V124/><F124/><AGARI ba="2,1" hai="2,5,9,16,20,26,56,57,79,83,87,124,125,126" machi="124" ten="40,8000,1" yaku="1,1,18,1,52,2,54,1,53,0" doraHai="53" doraHaiUra="102" who="3" fromWho="2" sc="402,0,250,0,250,-86,88,96" /><INIT seed="1,0,0,4,0,42" ten="402,250,164,184" oya="1" hai0="53,11,13,45,80,130,62,91,70,60,57,20,99" hai1="96,39,2,111,86,114,75,58,59,69,119,7,97" hai2="116,66,89,1,112,32,109,29,40,115,19,79,41" hai3="35,26,93,103,50,56,126,38,25,135,3,30,76"/><U43/><E114/><N who="2" m="43563" /><F116/><W122/><G122/><T65/><D130/><U63/><E119/><V73/><F1/><W6/><G38/><T132/><D132/><U28/><E75/><V129/><F129/><W4/><G135/><T18/><D99/><U128/><E128/><V68/><F109/><W106/><G106/><T67/><D91/><U95/><E28/><V78/><F89/><W105/><G105/><T31/><D80/><U124/><E69/><V90/><F90/><W121/><G121/><T113/><D113/><U100/><E59/><V10/><F29/><W118/><G126/><T110/><D110/><U8/><E124/><V44/><F32/><W37/><G37/><T36/><D36/><U15/><E111/><V48/><F40/><W101/><G3/><T52/><D45/><U77/><E97/><V104/><F104/><W102/><G76/><N who="2" m="29225" /><F73/><W27/><G30/><T117/><D117/><U74/><E74/><V16/><F10/><W134/><G35/><T61/><D60/><AGARI ba="0,0" hai="16,19,41,44,48,60,66,68" m="29225,43563" machi="60" ten="30,3900,0" yaku="11,1,52,1,54,1" doraHai="42" who="2" fromWho="0" sc="402,-39,250,0,164,39,184,0" /><INIT seed="2,0,0,0,0,74" ten="363,250,203,184" oya="2" hai0="27,99,72,33,101,107,35,100,73,121,126,46,69" hai1="105,94,53,1,86,16,92,83,82,34,135,52,98" hai2="91,112,59,131,30,123,10,39,28,2,63,77,124" hai3="119,114,14,95,108,41,93,109,70,84,31,128,18"/><V40/><F112/><W71/><G119/><T60/><D121/><U96/><E34/><V87/><F123/><W50/><G114/><T36/><D101/><U66/><E1/><V76/><F131/><W15/><G128/><T6/><D6/><U90/><E105/><V44/><F124/><W75/><G75/><N who="0" m="28747" /><D27/><U78/><E135/><V23/><F10/><W85/><G50/><T38/><D126/><U133/><E133/><V117/><F2/><W68/><G41/><N who="0" m="22823" /><D38/><U49/><E66/><AGARI ba="0,0" hai="33,35,60,66,69,99,100,107" m="22823,28747" machi="66" ten="30,2000,0" yaku="33,2" doraHai="74" who="0" fromWho="1" sc="363,20,250,-20,203,0,184,0" /><INIT seed="3,0,0,5,3,35" ten="383,230,203,184" oya="3" hai0="72,114,127,116,49,31,28,104,132,57,40,111,119" hai1="67,117,74,36,100,79,41,71,9,90,37,20,86" hai2="75,129,38,18,85,107,92,123,126,64,29,44,39" hai3="47,21,15,99,52,87,25,113,81,70,66,76,45"/><W96/><G113/><T69/><D111/><U50/><E74/><V7/><F75/><W84/><G70/><T6/><D69/><U8/><E79/><V82/><F107/><W128/><G128/><T124/><D72/><U118/><E100/><V19/><F129/><W16/><G66/><T48/><D57/><U54/><E67/><V34/><F64/><W59/><G87/><T103/><D6/><U125/><E71/><V11/><F126/><W23/><G99/><T135/><D40/><U55/><E20/><V121/><F92/><W115/><G96/><T89/><D89/><U26/><E26/><N who="2" m="18743" /><F44/><W110/><G110/><T17/><D17/><N who="2" m="6154" /><F11/><W95/><G95/><T98/><D114/><U102/><E9/><V120/><F7/><W61/><G115/><T32/><D32/><U73/><E8/><V101/><F101/><W91/><G91/><AGARI ba="0,0" hai="38,39,82,85,91,120,121,123" m="6154,18743" machi="91" ten="30,1000,0" yaku="13,1" doraHai="35" who="2" fromWho="3" sc="383,0,230,0,203,10,184,-10" owari="383,48.3,230,3.0,213,-18.7,174,-32.6" /></mjloggm>