<mjloggm ver="2.3"><GO type="225" lobby="0"/><UN n0="%E5%85%94%E6%96%AF%E5%9F%BA" n1="%E6%98%93%E5%88%A9%E8%96%A9%E4%BC%AF" n2="%E7%99%BD%E9%9B%AA%E4%B9%83%E6%84%9B" n3="%E3%81%A4%E3%81%A3%E3%81%B1%E3%82%8A%E3%83%9D%E3%83%BC%E3%83%AB" dan="17,17,16,17" rate="2093.95,2157.95,2033.58,2137.09" sx="M,F,F,M"/><TAIKYOKU oya="0"/><INIT seed="0,0,0,2,5,115" ten="250,250,250,250" oya="0" hai0="123,59,45,41,130,14,29,12,114,26,102,105,91" hai1="93,65,55,0,121,42,63,122,81,132,70,87,68" hai2="111,110,62,44,24,109,23,11,85,25,57,97,76" hai3="15,60,54,79,134,43,48,36,8,49,21,83,34"/><T133/><D114/><U112/><E112/><V82/><F11/><W19/><G134/><T32/><D123/><U20/><E0/><V58/><F44/><W129/><G129/><T127/><D133/><U106/><E106/><V107/><F23/><W16/><G34/><T38/><D130/><U124/><E132/><V6/><F6/><W4/><G36/><T53/><D127/><U116/><E124/><V40/><F40/><W95/><G95/><T5/><D5/><U13/><E68/><V100/><REACH who="2" step="1"/><F57/><REACH who="2" ten="250,250,240,250" step="2"/><N who="3" m="34871" /><G43/><T22/><D22/><U47/><E42/><V17/><F17/><N who="3" m="6731" /><G21/><T103/><D41/><U71/><E20/><V2/><F2/><W61/><G61/><T67/><D45/><U33/><E63/><V98/><F98/><W135/><G135/><T66/><D59/><U35/><E47/><V50/><F50/><W113/><G113/><T10/><D38/><U51/><E51/><V89/><F89/><W101/><G101/><T90/><D10/><U3/><E3/><V9/><F9/><W27/><G27/><T69/><D103/><U119/><E70/><V131/><F131/><W99/><G99/><N who="0" m="61663" /><D69/><U126/><E71/><V74/><F74/><W125/><G125/><T77/><D91/><U73/><E73/><V28/><F28/><W75/><G49/><T118/><D90/><U64/><E126/><V80/><F80/><W1/><G48/><T72/><D72/><U31/><E81/><V104/><F104/><W78/><G1/><T37/><D37/><U96/><E31/><V94/><F94/><W18/><G4/><T84/><D29/><RYUUKYOKU ba="0,1" sc="250,-15,250,-15,240,15,250,15" hai2="24,25,58,62,76,82,85,97,100,107,109,110,111" hai3="8,15,18,75,78,79,83" /><INIT seed="1,1,1,2,0,77" ten="235,235,255,265" oya="1" hai0="61,81,94,128,3,33,46,51,131,91,113,4,121" hai1="108,123,30,50,86,115,65,68,88,19,96,127,134" hai2="69,31,107,20,75,103,63,26,109,106,95,24,10" hai3="25,64,60,23,104,14,49,129,6,7,116,105,40"/><U47/><E115/><V56/><F109/><W35/><G35/><T2/><D113/><U119/><E119/><V76/><F69/><W9/><G116/><T41/><D121/><U98/><E123/><V135/><F135/><W130/><G7/><T15/><D33/><U122/><E122/><V118/><F118/><W102/><G49/><T53/><D15/><U22/><E30/><V28/><F10/><W93/><G40/><T27/><D27/><U110/><E134/><V74/><F74/><W1/><G1/><T32/><D32/><U58/><E68/><V54/><F75/><W99/><G129/><N who="0" m="49739" /><D4/><U87/><E87/><V8/><F8/><W36/><G36/><N who="0" m="21799" /><D61/><N who="1" m="38071" /><E127/><V52/><F76/><W42/><G42/><T133/><D133/><U125/><E125/><V120/><F120/><W132/><G132/><T17/><D17/><U57/><E57/><V89/><F103/><W82/><G130/><T92/><D2/><U72/><E72/><V21/><REACH who="2" step="1"/><F54/><REACH who="2" ten="235,235,245,265" step="2"/><W13/><G102/><T66/><D66/><U39/><E110/><V70/><F70/><W117/><G64/><T29/><D3/><U11/><E11/><V34/><F34/><W101/><G9/><T59/><D29/><U126/><E108/><V84/><AGARI ba="1,2" hai="20,21,24,26,28,31,52,56,63,84,89,95,106,107" machi="84" ten="20,8000,1" yaku="1,1,0,1,7,1,9,1,54,1,53,0" doraHai="77" doraHaiUra="78" who="2" fromWho="2" sc="235,-21,235,-41,245,103,265,-21" /><INIT seed="2,0,0,3,1,80" ten="214,194,348,244" oya="2" hai0="0,75,87,118,74,45,58,23,57,93,73,97,129" hai1="19,66,61,3,119,24,46,126,100,78,83,56,79" hai2="38,116,1,40,88,34,77,135,30,103,107,70,72" hai3="63,9,121,28,42,36,26,25,21,133,117,85,10"/><V2/><F116/><W92/><G117/><T51/><D129/><U110/><E119/><V102/><F135/><W65/><G121/><T105/><D0/><U109/><E3/><V98/><F103/><W47/><G133/><T106/><D118/><U76/><E126/><V112/><F112/><W108/><G108/><N who="1" m="41578" /><E100/><V62/><F88/><W43/><G43/><T69/><D69/><U81/><E46/><N who="2" m="23831" /><F77/><N who="1" m="19713" /><U64/><DORA hai="91" /><E64/><N who="2" m="41239" /><F72/><W50/><G36/><T59/><D23/><AGARI ba="0,0" hai="19,23,24,56,61,66,81,83" m="19713,41578" machi="23" ten="40,1300,0" yaku="14,1" doraHai="80,91" who="1" fromWho="0" sc="214,-13,194,13,348,0,244,0" /><INIT seed="3,0,0,1,0,62" ten="201,207,348,244" oya="3" hai0="133,34,119,98,87,42,105,57,83,59,123,50,19" hai1="14,128,129,22,44,85,15,31,100,10,122,108,84" hai2="61,37,106,78,6,64,111,67,117,35,107,21,55" hai3="39,132,96,134,74,135,69,68,118,25,82,45,12"/><W93/><G118/><T36/><D119/><U53/><E122/><V88/><F117/><W94/><G12/><T43/><D123/><U49/><E108/><V125/><F35/><W18/><G18/><T115/><D34/><U66/><E100/><V63/><F37/><W26/><G82/><T114/><D36/><U113/><E113/><N who="0" m="43017" /><D133/><U75/><E75/><V73/><F6/><W80/><G80/><T32/><D32/><U8/><E66/><N who="2" m="25131" /><F73/><W40/><G93/><T76/><D19/><N who="1" m="10615" /><E31/><V5/><F78/><W65/><G74/><T30/><D30/><U11/><E15/><V124/><F5/><W51/><G39/><T56/><D50/><U91/><E91/><V90/><F21/><W101/><G65/><T46/><D46/><U28/><E28/><V27/><F27/><AGARI ba="0,0" hai="25,26,27,40,45,51,68,69,94,96,101,132,134,135" machi="27" ten="40,2000,0" yaku="20,1" doraHai="62" who="3" fromWho="2" sc="201,0,207,0,348,-20,244,20" /><INIT seed="3,1,0,3,1,26" ten="201,207,328,264" oya="3" hai0="65,27,9,21,111,41,52,77,93,58,0,94,60" hai1="102,19,33,62,122,127,49,28,134,101,31,124,99" hai2="24,95,22,125,43,133,48,100,5,12,53,46,90" hai3="37,59,118,36,116,56,63,20,119,87,70,3,6"/><W112/><G6/><T15/><D0/><U29/><E122/><V38/><F133/><W97/><G3/><T79/><D41/><U23/><E33/><V123/><F125/><N who="1" m="48201" /><E134/><V34/><F34/><W68/><G20/><T109/><D65/><U130/><E130/><V25/><F100/><N who="1" m="38505" /><E99/><V88/><F123/><W44/><G87/><T114/><D114/><U1/><E1/><V8/><F22/><W50/><G97/><T126/><D126/><U40/><E62/><V89/><F95/><N who="0" m="36362" /><D111/><U80/><E80/><V108/><F108/><W83/><G83/><T69/><D109/><U2/><E2/><V75/><F75/><W129/><G112/><T128/><D128/><U82/><E82/><V71/><F71/><W73/><G129/><T106/><D69/><U103/><N who="1" m="38513" /><U61/><DORA hai="30" /><E61/><V17/><F5/><W131/><G73/><T110/><D110/><U57/><E40/><V72/><F72/><W45/><G131/><T55/><D106/><U86/><E86/><V42/><F42/><N who="3" m="22607" /><G70/><T104/><D104/><U47/><E47/><V39/><F39/><W11/><G36/><T10/><D55/><N who="1" m="31983" /><E31/><V84/><F84/><W66/><G45/><T91/><D91/><U96/><E96/><V18/><F18/><W92/><G68/><T54/><D54/><U135/><E135/><V115/><F115/><W67/><G67/><T64/><D64/><U14/><AGARI ba="1,0" hai="14,19,23,28,29" m="31983,38513,48201" machi="14" ten="40,5200,0" yaku="18,1,52,2" doraHai="26,30" who="1" fromWho="1" sc="201,-14,207,55,328,-14,264,-27" owari="187,-31.3,262,6.2,314,41.4,237,-16.3" /></mjloggm>