<mjloggm ver="2.3"><GO type="225" lobby="0"/><UN n0="%E3%82%BC%E3%83%AB%E3%83%80%E3%81%AE%E4%BC%9D%E8%AA%AC" n1="%E3%81%8B%E3%82%8F%E3%81%A1%E3%82%83%E3%82%93%35%38" n2="%E7%99%BD%E5%80%89%E5%AF%9B%E4%B9%8B" n3="%E3%82%8F%E3%81%8B%E3%81%B0%2A%E3%82%AC%E3%83%BC%E3%83%AB" dan="17,16,16,16" rate="2114.05,2163.57,2156.48,2095.51" sx="M,M,M,M"/><TAIKYOKU oya="0"/><INIT seed="0,0,0,0,2,27" ten="250,250,250,250" oya="0" hai0="72,46,109,24,67,42,135,10,70,64,47,96,114" hai1="36,50,21,5,88,77,9,11,34,91,31,58,98" hai2="82,65,92,7,101,38,8,56,78,13,35,87,4" hai3="108,51,83,105,116,63,57,15,104,14,0,106,40"/><T103/><D114/><U66/><E34/><V74/><F38/><W26/><G116/><T39/><D72/><U3/><E36/><V19/><F35/><W112/><G112/><T54/><D135/><U79/><E3/><V102/><F74/><W12/><G0/><T123/><D123/><U22/><E5/><N who="2" m="2123" /><F92/><W93/><G93/><T113/><D113/><U97/><E50/><V131/><F131/><W32/><G83/><T75/><D75/><U80/><E58/><V84/><F87/><W121/><G108/><T118/><D118/><U41/><E66/><V120/><F120/><W126/><G126/><T29/><D10/><U49/><E49/><V37/><F37/><W115/><G115/><T25/><D25/><U119/><E119/><V129/><F129/><W117/><G117/><T85/><D85/><U99/><E41/><V59/><F59/><W90/><G121/><T61/><D109/><U122/><E122/><V16/><F19/><W130/><G130/><T53/><D47/><U73/><E73/><V132/><F132/><W100/><G100/><T2/><D64/><U86/><E91/><V95/><F95/><W124/><G90/><T6/><D6/><U128/><E128/><V20/><F8/><N who="1" m="3145" /><E21/><V81/><F81/><W43/><G51/><T45/><D45/><U48/><E48/><V71/><F71/><W125/><G124/><T134/><D134/><U133/><E133/><V62/><AGARI ba="0,0" hai="13,16,20,56,62,65,78,82,84,101,102" m="2123" machi="62" ten="30,2000,0" yaku="8,1,54,1" doraHai="27" who="2" fromWho="2" sc="250,-10,250,-5,250,20,250,-5" /><INIT seed="1,0,0,4,2,14" ten="240,245,270,245" oya="1" hai0="115,92,67,29,27,118,1,121,26,62,28,134,71" hai1="4,55,128,63,88,91,53,119,19,116,114,90,25" hai2="13,74,30,58,117,48,77,106,111,57,54,10,47" hai3="17,87,44,35,97,109,9,11,68,122,21,18,38"/><U5/><E114/><V15/><F106/><W94/><G122/><T113/><D118/><U86/><E119/><V39/><F117/><W65/><G35/><T42/><D1/><U22/><E116/><V107/><F107/><W45/><G109/><T89/><D121/><U49/><E128/><V6/><F111/><W70/><G38/><T24/><D42/><U112/><E112/><V79/><F30/><W75/><G75/><T133/><D113/><U61/><E86/><V130/><F130/><W129/><G129/><T135/><REACH who="0" step="1"/><D115/><REACH who="0" ten="230,245,270,245" step="2"/><U73/><E73/><V7/><F74/><W98/><G70/><T104/><D104/><U78/><E78/><V69/><F69/><W36/><G68/><T124/><D124/><U125/><E125/><V56/><F39/><W81/><G36/><T41/><D41/><U51/><E51/><V72/><F72/><W40/><G40/><T20/><D20/><U82/><E82/><V3/><F3/><W95/><G21/><T132/><N who="0" m="33792" /><DORA hai="76" /><T43/><D43/><U102/><E49/><V100/><F79/><W34/><G34/><T23/><D23/><U37/><E37/><V120/><F77/><W32/><G32/><T93/><D93/><U85/><E22/><V66/><F120/><W16/><G95/><T50/><D50/><U8/><E25/><V0/><F0/><W33/><G33/><T46/><D46/><U126/><E126/><V59/><F48/><W105/><G105/><T31/><D31/><U110/><E110/><V101/><F47/><W127/><G127/><T131/><D131/><U64/><E63/><RYUUKYOKU ba="0,1" sc="230,30,245,-10,270,-10,245,-10" hai0="24,26,27,28,29,62,67,71,89,92" /><INIT seed="2,1,1,4,2,69" ten="260,235,260,235" oya="2" hai0="117,93,77,83,101,55,12,70,34,54,46,51,65" hai1="113,7,108,24,89,84,68,27,118,4,75,45,112" hai2="74,78,100,62,57,19,133,31,11,67,116,87,48" hai3="82,25,131,63,29,115,135,3,103,28,90,59,47"/><V96/><F133/><W58/><G135/><T94/><D34/><U10/><E118/><V122/><F116/><W109/><G3/><T120/><D120/><U124/><E75/><V86/><F122/><W0/><G0/><T73/><D117/><U22/><E68/><V56/><F31/><W98/><G109/><T91/><D101/><U110/><E45/><V14/><F74/><W126/><G126/><T60/><D12/><U99/><E99/><V8/><F78/><W95/><G131/><T64/><D64/><U53/><E53/><V39/><F39/><W41/><G115/><T21/><D21/><U33/><E124/><V17/><F48/><N who="3" m="26735" /><G25/><T61/><REACH who="0" step="1"/><D91/><REACH who="0" ten="250,235,260,235" step="2"/><U107/><E89/><V43/><F100/><W105/><G105/><T123/><D123/><U72/><E107/><V38/><F14/><W50/><G103/><T1/><D1/><U32/><E22/><V37/><F67/><N who="3" m="39415" /><G82/><T15/><D15/><U36/><E32/><V5/><F8/><W13/><G13/><T79/><D79/><U6/><E33/><V119/><F11/><W71/><G71/><T80/><D80/><U88/><E10/><V18/><F119/><W30/><G30/><T40/><D40/><U106/><E106/><V35/><F43/><W127/><G127/><T128/><D128/><U9/><E9/><V20/><F35/><W130/><G130/><T134/><D134/><U121/><E121/><V97/><F20/><W44/><G28/><T102/><D102/><U85/><E24/><V92/><F18/><W132/><G132/><T2/><D2/><U52/><E27/><RYUUKYOKU ba="1,2" sc="250,30,235,-10,260,-10,235,-10" hai0="46,51,54,55,60,61,65,70,73,77,83,93,94" /><INIT seed="3,2,2,3,3,90" ten="280,225,250,225" oya="3" hai0="54,66,121,133,75,98,26,31,129,29,89,105,55" hai1="107,112,56,116,25,36,59,134,113,15,81,7,91" hai2="39,4,23,2,79,37,10,5,12,119,38,51,40" hai3="117,27,20,24,132,94,3,115,16,127,92,11,77"/><W101/><G115/><T35/><D121/><U61/><E107/><V93/><F119/><W72/><G117/><T110/><D75/><U80/><E116/><V50/><F40/><W28/><G101/><T0/><D0/><U30/><E36/><V128/><F128/><W86/><G72/><T130/><D110/><U71/><E71/><V67/><F79/><W88/><G127/><T104/><D29/><U122/><E122/><V14/><F67/><W22/><G132/><T41/><D41/><U18/><E7/><V62/><F62/><W44/><G44/><T73/><D73/><U131/><E131/><N who="0" m="50185" /><D133/><U32/><E134/><V118/><F118/><W102/><G77/><T123/><D123/><U97/><E59/><V47/><F47/><W48/><G48/><T17/><D17/><U58/><E58/><V34/><F34/><W63/><G63/><T64/><D89/><U135/><E135/><V46/><F46/><W33/><G33/><T99/><D99/><U70/><E70/><V83/><F2/><W78/><G78/><T125/><D125/><U108/><E108/><V76/><F50/><W87/><G102/><N who="0" m="62551" /><D105/><U111/><E111/><V53/><F38/><W114/><G114/><N who="1" m="44138" /><E97/><V52/><F39/><W126/><G126/><T103/><D103/><U9/><E91/><V69/><F37/><W100/><G86/><T8/><D8/><U21/><E9/><V84/><F10/><W13/><G3/><T120/><D120/><U42/><E42/><V43/><F43/><W95/><G100/><T68/><D68/><U60/><E60/><V19/><F84/><RYUUKYOKU ba="2,2" sc="280,10,225,10,250,-30,225,10" hai0="26,31,35,54,55,64,66" hai1="15,18,21,25,30,32,56,61,80,81" hai3="11,13,16,20,22,24,27,28,87,88,92,94,95" /><INIT seed="3,3,2,4,3,37" ten="290,235,220,235" oya="3" hai0="118,79,84,51,56,42,121,114,64,28,86,135,80" hai1="115,5,120,41,39,99,3,4,131,66,38,92,34" hai2="98,2,36,60,85,94,74,24,81,35,104,72,49" hai3="101,96,100,20,127,117,126,83,15,70,1,19,113"/><W22/><G117/><T105/><D121/><U59/><E120/><V10/><F36/><W44/><G113/><T0/><D118/><U62/><E34/><V58/><F104/><W52/><G1/><T61/><D105/><U123/><E115/><V18/><F49/><N who="3" m="28711" /><G70/><T116/><D116/><U14/><E123/><V6/><F35/><W124/><G83/><N who="0" m="47231" /><D0/><U102/><E3/><V21/><F85/><W40/><G40/><T9/><D135/><U71/><E71/><V75/><F81/><W82/><G82/><T47/><D114/><U57/><E39/><V112/><F112/><W108/><G108/><T122/><D122/><U54/><E131/><V95/><REACH who="2" step="1"/><F98/><REACH who="2" ten="290,235,210,235" step="2"/><W103/><G22/><T33/><D33/><U32/><E32/><V30/><F30/><W53/><G53/><AGARI ba="3,3" hai="2,6,10,18,21,24,53,58,60,72,74,75,94,95" machi="53" ten="40,1300,0" yaku="1,1,53,0" doraHai="37" doraHaiUra="8" who="2" fromWho="3" sc="290,0,235,0,210,52,235,-22" /><INIT seed="4,0,0,3,0,124" ten="290,235,262,213" oya="0" hai0="123,93,23,81,34,82,42,70,62,73,80,125,38" hai1="58,131,47,122,3,130,8,15,22,56,117,4,97" hai2="64,20,83,19,0,17,104,86,100,77,11,35,14" hai3="91,16,109,9,78,94,128,103,13,66,24,114,44"/><T28/><D123/><U76/><E117/><V110/><F110/><W132/><G109/><T36/><D73/><U40/><E122/><V5/><F35/><W96/><G132/><T99/><D42/><U41/><E41/><V102/><F104/><W129/><G114/><T29/><D125/><U134/><E134/><V59/><F64/><W30/><G78/><T98/><D34/><U108/><E108/><V57/><F57/><W63/><G44/><T50/><D50/><U37/><E97/><V72/><F59/><N who="3" m="37247" /><G91/><T55/><D99/><U87/><E22/><AGARI ba="0,0" hai="9,13,16,22,24,30,94,96,103,128,129" m="37247" machi="22" ten="30,7700,0" yaku="25,1,52,2,54,1" doraHai="124" who="3" fromWho="1" sc="290,0,235,-77,262,0,213,77" /><INIT seed="5,0,0,5,5,126" ten="290,158,262,290" oya="1" hai0="73,121,90,61,53,8,102,15,57,18,119,17,135" hai1="40,92,71,83,98,64,78,41,11,101,4,91,122" hai2="74,23,44,22,20,94,99,46,24,80,100,32,36" hai3="58,49,109,45,130,132,72,59,120,95,7,5,28"/><U60/><E101/><V79/><REACH who="2" step="1"/><F36/><REACH who="2" ten="290,158,252,290" step="2"/><W113/><G109/><T48/><D119/><U50/><E50/><V51/><F51/><W87/><G49/><T35/><D121/><U65/><E65/><V82/><F82/><W117/><G120/><T127/><D127/><U134/><E134/><V66/><F66/><W75/><G132/><T70/><D135/><U124/><E124/><V89/><F89/><W37/><G117/><T55/><D90/><U62/><E62/><V39/><F39/><W6/><G37/><T13/><D102/><U107/><E107/><V9/><F9/><W31/><G113/><T77/><D48/><U128/><E122/><V125/><F125/><W115/><G115/><T104/><D104/><U105/><E105/><V33/><F33/><W96/><G45/><T34/><D55/><U67/><E67/><V30/><AGARI ba="0,1" hai="20,22,23,24,30,32,44,46,74,79,80,94,99,100" machi="30" ten="30,4000,0" yaku="21,2,0,1,53,0" doraHai="126" doraHaiUra="86" who="2" fromWho="2" sc="290,-10,158,-20,252,50,290,-10" owari="280,8.0,138,-36.2,302,40.2,280,-12.0" /></mjloggm>