<mjloggm ver="2.3"><GO type="225" lobby="0"/><UN n0="%E3%81%BF%E3%81%BF%E3%81%9A" n1="%E3%81%99%E3%81%84%E3%81%BE%E3%81%9B%E3%83%BC%E3%82%93" n2="%E3%82%8F%E3%81%8B%E3%81%B0%2A%E3%82%AC%E3%83%BC%E3%83%AB" n3="%E3%81%AF%E3%82%88%E3%81%8A%E3%81%98%E3%81%95%E3%82%93" dan="17,18,16,17" rate="2202.77,2190.06,2073.09,2196.02" sx="M,M,M,M"/><TAIKYOKU oya="0"/><INIT seed="0,0,0,2,1,94" ten="250,250,250,250" oya="0" hai0="73,89,115,121,66,37,135,120,18,43,55,81,82" hai1="95,102,38,5,114,7,80,111,1,98,40,67,22" hai2="28,83,103,36,75,132,71,119,44,93,125,123,122" hai3="96,99,109,15,130,72,9,62,52,6,97,24,8"/><T116/><D115/><U74/><E114/><V51/><F36/><W29/><G72/><T107/><D116/><U65/><E111/><V59/><F71/><W79/><G109/><T69/><D107/><U14/><E7/><V127/><F119/><W25/><G130/><T63/><D135/><U21/><E14/><V100/><F28/><W48/><G79/><T49/><D18/><U64/><E74/><V11/><F59/><W106/><G106/><T108/><D108/><U2/><E80/><V128/><F11/><N who="3" m="4599" /><G62/><T78/><D82/><U126/><E126/><N who="2" m="48139" /><F128/><W54/><G54/><T61/><D61/><U33/><E33/><V92/><F132/><W124/><G124/><T131/><D89/><U57/><E57/><V34/><F51/><W85/><G85/><T105/><D131/><U20/><REACH who="1" step="1"/><E5/><REACH who="1" ten="250,240,250,250" step="2"/><V112/><F34/><W53/><G53/><T30/><D55/><U101/><E101/><N who="2" m="38987" /><F112/><W41/><G41/><T32/><D43/><U60/><E60/><V46/><F44/><AGARI ba="0,1" hai="1,2,20,21,22,38,40,44,64,65,67,95,98,102" machi="44" ten="40,2600,0" yaku="1,1,52,1,53,0" doraHai="94" doraHaiUra="129" who="1" fromWho="2" sc="250,0,240,36,250,-26,250,0" /><INIT seed="1,0,0,5,2,3" ten="250,276,224,250" oya="1" hai0="115,63,133,92,73,43,117,87,125,74,49,122,101" hai1="55,131,66,36,108,59,104,71,32,90,26,11,17" hai2="119,16,67,39,5,100,51,48,112,121,102,124,134" hai3="25,0,6,13,95,44,4,1,123,65,38,106,91"/><U62/><E131/><V76/><F119/><W96/><G123/><T105/><D117/><U69/><E36/><V113/><F121/><W41/><G106/><T111/><D122/><U64/><E104/><V29/><F124/><W129/><G129/><T18/><D115/><N who="2" m="44106" /><F39/><W82/><G65/><T84/><D125/><U107/><E107/><V60/><F29/><W89/><G25/><T116/><D116/><U103/><E103/><N who="2" m="39467" /><F76/><W120/><G120/><T22/><D111/><U52/><E108/><V86/><F86/><W53/><G53/><T93/><D105/><U126/><E126/><V10/><F16/><W47/><G44/><T135/><D73/><U8/><E32/><V88/><F88/><W54/><G54/><T130/><D74/><U37/><E37/><V7/><F134/><W127/><G127/><T9/><D130/><U21/><E90/><V78/><F78/><W97/><G82/><T75/><D75/><U14/><E55/><V31/><F31/><W50/><G38/><T19/><D133/><U68/><REACH who="1" step="1"/><E11/><REACH who="1" ten="250,266,224,250" step="2"/><V24/><F10/><W56/><G91/><T85/><D135/><U128/><E128/><V58/><F24/><W40/><G96/><T77/><D101/><U34/><E34/><V35/><F35/><W45/><G89/><T20/><D77/><U94/><E94/><V132/><F132/><W99/><G95/><T15/><D9/><U80/><E80/><V42/><F42/><W83/><G83/><T98/><D98/><U30/><AGARI ba="0,1" hai="8,14,17,21,26,30,52,59,62,64,66,68,69,71" machi="30" ten="30,11700,0" yaku="1,1,0,1,54,1,53,1" doraHai="3" doraHaiUra="12" who="1" fromWho="1" sc="250,-39,266,127,224,-39,250,-39" /><INIT seed="1,1,0,3,2,51" ten="211,393,185,211" oya="1" hai0="15,87,99,1,17,23,14,36,126,62,59,69,103" hai1="70,123,113,67,55,104,72,92,71,0,12,83,81" hai2="129,95,38,8,28,56,29,101,79,48,64,98,122" hai3="108,124,20,76,77,91,6,58,27,37,21,75,60"/><U9/><E113/><V65/><F122/><W61/><G37/><T53/><D1/><U33/><E104/><V130/><F38/><W11/><G75/><T63/><D126/><U110/><E33/><V114/><F114/><W42/><G42/><T102/><D36/><U39/><E0/><V4/><F79/><W117/><G124/><T16/><D87/><U131/><E123/><V82/><F82/><W52/><G108/><T26/><D99/><U128/><E110/><V132/><F132/><W18/><G117/><T116/><D116/><U50/><E92/><V106/><F106/><W100/><G100/><T10/><D69/><U97/><E97/><V25/><F48/><W74/><G74/><T118/><D118/><U30/><E30/><V107/><F107/><W112/><G112/><T111/><D111/><U41/><E41/><V7/><F7/><W5/><G61/><T78/><D78/><N who="3" m="30313" /><G11/><N who="0" m="6239" /><D63/><N who="1" m="40319" /><E71/><V120/><F120/><W89/><G21/><T125/><D125/><U135/><E72/><V46/><F46/><W66/><G66/><T84/><D84/><U47/><E135/><V109/><F109/><W35/><G35/><T49/><D62/><U134/><E134/><V121/><F121/><W68/><G68/><T127/><D127/><U94/><E39/><V19/><F65/><W2/><G2/><T80/><D80/><U45/><E83/><V88/><F101/><W133/><G133/><T43/><D43/><N who="1" m="24895" /><E81/><V31/><F64/><W54/><G54/><T34/><D34/><U40/><E40/><V24/><F98/><W3/><G3/><T90/><D90/><AGARI ba="1,0" hai="5,6,18,20,27,52,58,60,89,90,91" m="30313" machi="90" ten="30,7700,0" yaku="6,1,8,1,52,1,54,1" doraHai="51" who="3" fromWho="0" sc="211,-80,393,0,185,0,211,80" /><INIT seed="2,0,0,4,2,93" ten="131,393,185,291" oya="2" hai0="96,63,80,46,77,14,130,50,40,57,118,41,27" hai1="79,111,11,35,38,37,119,71,112,43,103,23,13" hai2="19,92,59,47,107,108,8,31,24,120,128,123,7" hai3="101,85,55,18,28,122,74,56,88,97,81,26,42"/><V53/><F107/><W21/><G122/><T82/><D130/><U90/><E35/><V125/><F128/><W116/><G116/><T4/><D118/><U29/><E71/><V98/><F125/><W6/><G74/><T52/><D27/><U0/><E112/><V121/><F108/><W73/><G73/><T16/><D4/><U132/><E79/><V3/><F47/><W10/><G42/><T12/><D12/><U22/><E43/><V83/><F83/><W78/><G78/><T9/><D40/><U64/><E64/><V110/><F110/><W30/><G6/><T45/><D45/><U106/><E0/><V105/><F105/><W135/><G135/><T133/><D133/><U54/><E132/><V126/><F126/><W95/><REACH who="3" step="1"/><G10/><REACH who="3" ten="131,393,185,281" step="2"/><T84/><D80/><U49/><E11/><V114/><F114/><W17/><G17/><T127/><D127/><U2/><E119/><V100/><F19/><W44/><G44/><T129/><D129/><U69/><E111/><V76/><F76/><W25/><G25/><T131/><D131/><U94/><E29/><V5/><F5/><W60/><AGARI ba="0,1" hai="18,21,26,28,30,55,56,60,81,85,88,95,97,101" machi="60" ten="20,12000,2" yaku="1,1,0,1,7,1,8,1,52,1,54,1,53,0" doraHai="93" doraHaiUra="115" who="3" fromWho="3" sc="131,-30,393,-30,185,-60,281,130" /><INIT seed="3,0,0,3,4,12" ten="101,363,125,411" oya="3" hai0="20,19,130,120,119,84,82,16,27,111,45,113,61" hai1="56,94,60,3,0,11,57,31,63,53,100,49,126" hai2="117,95,86,104,30,58,35,81,71,99,134,8,118" hai3="9,17,13,125,122,114,74,109,4,2,38,123,83"/><W14/><G38/><T46/><D119/><U93/><E126/><V91/><F71/><W43/><G43/><T92/><D120/><N who="3" m="46121" /><G83/><T101/><D111/><U73/><E73/><V96/><F8/><N who="3" m="2071" /><G74/><T75/><D130/><U131/><E131/><V25/><F134/><W39/><G39/><T67/><D113/><U41/><E31/><V21/><F35/><W52/><G52/><T105/><D105/><U88/><E41/><V6/><F6/><N who="3" m="3255" /><G125/><T116/><D116/><U48/><E100/><V135/><F135/><W80/><G80/><T70/><D75/><U72/><E72/><V124/><F124/><W10/><G109/><T23/><D92/><U59/><E11/><V127/><F127/><W98/><G98/><T26/><D101/><U47/><E94/><V69/><F69/><W106/><G106/><T133/><D133/><U54/><E59/><V44/><F44/><W62/><G62/><T37/><D37/><U132/><E132/><V24/><F58/><W28/><G28/><T103/><D103/><U15/><E15/><V102/><F25/><W51/><G51/><T7/><D7/><U79/><E79/><AGARI ba="0,0" hai="21,24,30,79,81,86,91,95,96,99,102,104,117,118" machi="79" ten="30,1000,0" yaku="7,1" doraHai="12" who="2" fromWho="1" sc="101,0,363,-10,125,10,411,0" /><AGARI ba="0,0" hai="16,19,20,23,26,27,45,46,61,67,70,79,82,84" machi="79" ten="30,8000,1" yaku="7,1,9,1,52,2,54,1" doraHai="12" who="0" fromWho="1" sc="101,80,353,-80,135,0,411,0" owari="181,-21.9,273,7.3,135,-36.5,411,51.1" /></mjloggm>