<mjloggm ver="2.3"><GO type="225" lobby="0"/><UN n0="%E3%83%A9%E3%83%BC%E3%83%A1%E3%83%B3%E4%BA%94%E9%83%8E" n1="%E5%B8%86%E7%AB%8B%E5%A4%8F%E8%A1%A3" n2="%6D%61%74%69%67%75%73%61" n3="%E3%82%BC%E3%83%AB%E3%83%80%E3%81%AE%E4%BC%9D%E8%AA%AC" dan="16,17,17,17" rate="2159.10,2218.22,2146.51,2131.38" sx="M,M,M,M"/><TAIKYOKU oya="0"/><INIT seed="0,0,0,3,2,82" ten="250,250,250,250" oya="0" hai0="70,60,43,38,26,76,87,77,12,68,104,34,20" hai1="41,3,39,97,102,59,125,130,1,27,88,86,89" hai2="116,113,10,46,128,118,44,32,63,84,25,64,67" hai3="126,133,105,42,90,15,100,110,53,73,61,14,112"/><T120/><D120/><U127/><E130/><V80/><F113/><W48/><G112/><T94/><D104/><U54/><E27/><V122/><F122/><W114/><G114/><T93/><D34/><U85/><E41/><V13/><F128/><W81/><G42/><T75/><D75/><U45/><E45/><V29/><F44/><W50/><G61/><T98/><D38/><U57/><E39/><V0/><F0/><W117/><G117/><N who="2" m="45161" /><F63/><W2/><G2/><T55/><D43/><U115/><E115/><V18/><F46/><W107/><G90/><AGARI ba="0,0" hai="10,13,18,25,29,32,64,67,80,84,90" m="45161" machi="90" ten="30,2000,0" yaku="12,1,52,1" doraHai="82" who="2" fromWho="3" sc="250,0,250,0,250,20,250,-20" /><INIT seed="1,0,0,5,0,83" ten="250,250,270,230" oya="1" hai0="109,53,44,123,119,103,33,107,87,99,32,59,89" hai1="56,9,97,26,127,134,10,38,131,68,84,29,49" hai2="125,114,28,132,36,86,75,72,120,135,7,24,27" hai3="61,128,79,122,37,65,62,5,4,66,130,81,88"/><U22/><E127/><V21/><F36/><W16/><G37/><T82/><D109/><U76/><E134/><N who="2" m="51243" /><F120/><W43/><G43/><T17/><D119/><U35/><E131/><N who="3" m="50218" /><G122/><T42/><D123/><U117/><E68/><V70/><F70/><N who="3" m="42287" /><G79/><T25/><D25/><U47/><E117/><V101/><F7/><W54/><G54/><T30/><D30/><U100/><E56/><V129/><F114/><W96/><G16/><T116/><D17/><U2/><E35/><V46/><F129/><W115/><G115/><T63/><REACH who="0" step="1"/><D116/><REACH who="0" ten="240,250,270,230" step="2"/><U1/><E29/><V106/><F28/><W85/><G96/><T39/><AGARI ba="0,1" hai="32,33,39,42,44,53,59,63,82,87,89,99,103,107" machi="39" ten="20,12000,2" yaku="1,1,2,1,0,1,7,1,52,1,53,1" doraHai="83" doraHaiUra="102" who="0" fromWho="0" sc="240,130,250,-60,270,-30,230,-30" /><INIT seed="2,0,0,4,5,68" ten="370,190,240,200" oya="2" hai0="56,120,60,55,30,104,128,114,113,24,63,29,17" hai1="33,25,107,66,26,78,27,6,32,135,18,13,9" hai2="89,4,57,54,46,127,8,92,112,34,22,69,23" hai3="95,100,82,67,15,59,20,31,2,1,0,62,106"/><V11/><F34/><N who="1" m="13417" /><E78/><V103/><F69/><W91/><G82/><T94/><D120/><U115/><E66/><V130/><F130/><W111/><G111/><T121/><D121/><U96/><E96/><V126/><F112/><W44/><G106/><T36/><D104/><U39/><E39/><V19/><F46/><W65/><G44/><T99/><D36/><U84/><E84/><V61/><F22/><W45/><G45/><T71/><D128/><U97/><E97/><V51/><F103/><W16/><G31/><N who="0" m="11787" /><D63/><U77/><E77/><V105/><F4/><W86/><REACH who="3" step="1"/><G100/><REACH who="3" ten="370,190,240,190" step="2"/><T21/><D114/><U58/><E107/><V87/><F105/><W28/><G28/><T72/><D113/><U35/><E115/><V38/><F126/><W7/><G7/><T5/><D5/><U50/><E35/><V116/><F127/><W123/><G123/><T109/><D109/><U102/><E102/><V53/><F116/><W10/><G10/><T93/><D94/><U81/><E81/><V49/><F8/><W125/><G125/><T40/><D93/><U41/><E6/><V98/><F92/><W76/><G76/><T37/><D72/><U79/><E79/><V101/><F101/><W85/><G85/><T42/><D99/><U110/><E110/><V119/><F98/><W131/><G131/><T90/><D90/><U80/><E80/><V117/><F89/><W124/><G124/><T134/><D17/><U83/><E83/><V129/><F19/><W64/><AGARI ba="0,1" hai="0,1,2,15,16,20,59,62,64,65,67,86,91,95" machi="64" ten="40,5200,0" yaku="1,1,0,1,54,1,53,0" doraHai="68" doraHaiUra="3" who="3" fromWho="3" sc="370,-13,190,-13,240,-26,190,62" /><INIT seed="3,0,0,5,1,31" ten="357,177,214,252" oya="3" hai0="14,63,73,70,75,37,54,129,134,133,117,12,82" hai1="85,94,98,103,33,88,5,123,84,106,7,108,23" hai2="113,74,135,55,50,62,115,76,19,110,39,68,87" hai3="105,8,43,95,20,36,125,112,46,97,131,49,89"/><W78/><G112/><T86/><D129/><U15/><E123/><V0/><F74/><N who="0" m="28170" /><D37/><U10/><E108/><V24/><F135/><N who="0" m="51722" /><D117/><U40/><E33/><V61/><F39/><W130/><G125/><T35/><D35/><U80/><E40/><V128/><F0/><W34/><G34/><T99/><D99/><U2/><E23/><V48/><F48/><W83/><G105/><T32/><D32/><U21/><E21/><V114/><F68/><W91/><G8/><T118/><D118/><U41/><E41/><V66/><F66/><W102/><G49/><T124/><D124/><U17/><REACH who="1" step="1"/><E2/><REACH who="1" ten="357,167,214,252" step="2"/><V65/><F110/><W101/><G20/><T9/><D9/><U77/><AGARI ba="0,1" hai="5,7,10,15,17,77,80,84,85,88,94,98,103,106" machi="77" ten="20,8000,1" yaku="1,1,2,1,0,1,7,1,54,1,53,0" doraHai="31" doraHaiUra="121" who="1" fromWho="1" sc="357,-20,167,90,214,-20,252,-40" owari="337,43.7,257,5.7,194,-30.6,212,-18.8" /></mjloggm>