<mjloggm ver="2.3"><GO type="225" lobby="0"/><UN n0="%E3%81%BF%E3%81%BF%E3%81%9A" n1="%E6%B4%BE%E9%81%A3%E3%81%AE%E3%82%B8%E3%83%A3%E3%83%83%E3%82%AF" n2="%E6%B7%91%E5%A5%B3%E3%81%AE%E5%97%9C%E3%81%BF" n3="%E6%A3%AE%E5%B1%B1%E7%94%B0%E7%9B%B4%E5%A4%AA%E6%9C%97%E4%B9%8B%E4%BB%8B" dan="18,17,16,16" rate="2256.23,2203.76,2094.66,2155.59" sx="M,M,M,M"/><TAIKYOKU oya="0"/><INIT seed="0,0,0,3,1,31" ten="250,250,250,250" oya="0" hai0="73,125,41,67,124,89,28,94,130,45,8,87,135" hai1="6,58,10,23,17,106,59,70,93,7,113,83,132" hai2="126,37,43,107,26,16,123,39,56,69,108,121,20" hai3="75,13,112,95,133,60,49,50,80,99,74,9,85"/><T86/><D73/><U14/><E106/><V18/><F69/><W78/><G112/><T117/><D117/><U32/><E70/><V110/><F107/><W104/><G133/><T66/><D135/><U46/><E132/><V96/><F126/><N who="0" m="48746" /><D130/><U33/><E46/><N who="2" m="23919" /><F96/><W29/><G29/><T115/><D115/><U88/><E83/><V120/><F56/><W128/><G128/><T3/><D86/><U40/><E40/><V5/><F5/><W61/><G104/><T134/><D134/><U53/><E58/><V52/><F52/><W42/><G74/><T12/><D3/><U36/><E36/><V92/><F92/><W122/><G75/><T11/><D28/><U4/><E10/><N who="0" m="3625" /><D12/><U19/><E19/><N who="2" m="12575" /><F39/><AGARI ba="0,0" hai="39,41,45,66,67,87,89,94" m="3625,48746" machi="39" ten="30,1500,0" yaku="18,1" doraHai="31" who="0" fromWho="2" sc="250,15,250,0,250,-15,250,0" /><INIT seed="0,1,0,4,2,37" ten="265,250,235,250" oya="0" hai0="107,66,2,130,18,106,114,59,125,44,94,22,6" hai1="48,118,115,12,86,93,19,10,85,98,134,0,124" hai2="28,30,92,133,131,60,61,16,68,120,77,3,135" hai3="123,7,67,76,75,126,87,105,99,11,5,17,43"/><T121/><D114/><U54/><E118/><V65/><F120/><W104/><G123/><T108/><D121/><U13/><E0/><V15/><F3/><W31/><G75/><T95/><D2/><U132/><E124/><V110/><F110/><W64/><G126/><T90/><D125/><U36/><E36/><V9/><F131/><W89/><G31/><T32/><D32/><U128/><E128/><V27/><F77/><W88/><G76/><T103/><D6/><N who="3" m="2057" /><G105/><T100/><D130/><U24/><E24/><V41/><F41/><W122/><G104/><T56/><D108/><U84/><E13/><V38/><F38/><W111/><G122/><T113/><D113/><U20/><E10/><V8/><F8/><W112/><G112/><T46/><D22/><U40/><E115/><V57/><F92/><N who="3" m="56711" /><G43/><T25/><D90/><U55/><E40/><V79/><F79/><W42/><G42/><T73/><D73/><U69/><E69/><V51/><F30/><W83/><G111/><T4/><D4/><U116/><E116/><V96/><F96/><W74/><G74/><T39/><D39/><U117/><E117/><V102/><F28/><W23/><G11/><T33/><D33/><U52/><REACH who="1" step="1"/><E48/><REACH who="1" ten="265,240,235,250" step="2"/><V29/><F51/><W71/><G71/><T1/><D1/><U109/><E109/><V14/><F14/><AGARI ba="1,1" hai="14,17,23,64,67,83,87,89" m="56711,2057" machi="14" ten="30,2000,0" yaku="8,1,54,1" doraHai="37" who="3" fromWho="2" sc="265,0,240,0,235,-23,250,33" /><INIT seed="1,0,0,1,3,3" ten="265,240,212,283" oya="1" hai0="116,25,118,11,18,91,100,49,42,75,126,123,73" hai1="130,51,40,60,1,104,37,134,97,67,12,48,70" hai2="20,113,122,23,99,63,82,33,16,56,28,88,43" hai3="125,54,127,52,71,6,87,19,98,66,135,117,77"/><U85/><E1/><V132/><F122/><W84/><G98/><T81/><D100/><U0/><E0/><V102/><F132/><W112/><G19/><T27/><D123/><U90/><E134/><V103/><F113/><W110/><G135/><T131/><D131/><U10/><E130/><V109/><F109/><W76/><G110/><T45/><D126/><N who="3" m="48137" /><G6/><T24/><D91/><U111/><E111/><V79/><F43/><W119/><G112/><T4/><D18/><U96/><E37/><V86/><F33/><W115/><G115/><T32/><D32/><U44/><E48/><V58/><F28/><W9/><G9/><T78/><REACH who="0" step="1"/><D73/><REACH who="0" ten="255,240,212,283" step="2"/><U124/><E124/><V31/><F31/><W53/><G76/><T92/><D92/><U5/><E104/><V46/><F102/><W57/><G77/><T22/><D22/><U14/><REACH who="1" step="1"/><E12/><AGARI ba="0,1" hai="4,11,12,24,25,27,42,45,49,75,78,81,116,118" machi="12" ten="40,2600,0" yaku="1,1,52,1,53,0" doraHai="3" doraHaiUra="69" who="0" fromWho="1" sc="255,36,240,-26,212,0,283,0" /><INIT seed="2,0,0,4,3,10" ten="291,214,212,283" oya="2" hai0="97,125,21,95,54,24,104,87,72,59,131,83,90" hai1="134,127,73,70,101,107,19,63,6,108,67,98,122" hai2="77,85,5,92,116,16,103,46,71,135,88,69,11" hai3="79,41,118,99,126,80,42,120,60,132,53,61,47"/><V56/><F116/><W112/><G118/><T64/><D125/><U38/><E38/><V43/><F135/><W81/><G120/><T45/><D131/><U9/><E108/><V124/><F124/><W28/><G126/><T3/><D3/><U22/><E127/><V23/><F56/><W128/><G128/><T31/><D72/><U62/><E73/><V65/><F103/><W113/><G28/><T52/><D104/><U50/><E63/><N who="3" m="24138" /><G99/><T7/><D7/><U129/><E129/><V36/><F77/><W8/><G8/><T49/><D64/><U100/><E100/><V44/><F44/><W121/><G121/><T37/><D37/><U12/><E122/><V2/><REACH who="2" step="1"/><F65/><REACH who="2" ten="291,214,202,283" step="2"/><W26/><G132/><T13/><D59/><U20/><E134/><V102/><F102/><W48/><G26/><AGARI ba="0,1" hai="2,5,11,16,23,26,36,43,46,69,71,85,88,92" machi="26" ten="30,11600,0" yaku="1,1,7,1,54,2,53,0" doraHai="10" doraHaiUra="130" who="2" fromWho="3" sc="291,0,214,0,202,126,283,-116" /><INIT seed="2,1,0,2,4,92" ten="291,214,328,167" oya="2" hai0="72,16,103,98,76,37,34,29,14,66,56,60,118" hai1="49,74,46,107,44,27,81,132,120,22,47,128,101" hai2="24,51,127,124,21,38,59,99,32,131,115,52,55" hai3="65,62,15,64,45,39,68,106,105,10,90,117,112"/><V57/><F115/><W67/><G117/><T95/><D37/><U110/><E110/><V100/><F38/><W111/><G112/><T28/><D118/><U79/><E132/><V42/><F42/><W25/><G111/><T121/><D34/><U134/><E134/><V113/><F32/><W11/><G25/><T80/><REACH who="0" step="1"/><D121/><REACH who="0" ten="281,214,328,167" step="2"/><U18/><E120/><V97/><F113/><W73/><G39/><T86/><D86/><U123/><E123/><V122/><F122/><W40/><G73/><T71/><D71/><U84/><E74/><V48/><F131/><W89/><G68/><T3/><D3/><U26/><E128/><V61/><F48/><W12/><G62/><T78/><D78/><U30/><E49/><V50/><F51/><W6/><G45/><T31/><D31/><U125/><E125/><N who="2" m="48203" /><F100/><W69/><G69/><T93/><D93/><U23/><E107/><V135/><F135/><W119/><G119/><T35/><D35/><U75/><E75/><V114/><F114/><W70/><G70/><T1/><D1/><U19/><E101/><V4/><F4/><N who="3" m="3143" /><G40/><T108/><D108/><U104/><E104/><V96/><F96/><W58/><G58/><T116/><D116/><U13/><E30/><AGARI ba="1,1" hai="21,24,30,50,52,55,57,59,61,97,99" m="48203" machi="30" ten="30,11600,0" yaku="18,1,52,2,54,1" doraHai="92" who="2" fromWho="1" sc="281,0,214,-119,328,129,167,0" /><INIT seed="2,2,0,3,4,85" ten="281,95,457,167" oya="2" hai0="18,127,42,111,102,53,70,40,8,110,99,120,75" hai1="43,64,79,57,36,50,89,25,103,65,45,51,69" hai2="60,11,68,27,100,59,129,48,72,116,113,74,88" hai3="101,71,61,92,55,78,109,77,34,30,80,26,3"/><V107/><F113/><W114/><G114/><T87/><D120/><U28/><E103/><V94/><F116/><W66/><G109/><N who="0" m="41483" /><D75/><U20/><E79/><V47/><F68/><W130/><G130/><T119/><D119/><U39/><E39/><V106/><F11/><W1/><G55/><T124/><D70/><U16/><E69/><V135/><F135/><W97/><G77/><T21/><D8/><U123/><E123/><V24/><F74/><AGARI ba="2,0" hai="1,3,26,30,34,61,66,71,74,78,80,92,97,101" machi="74" ten="30,1000,0" yaku="7,1" doraHai="85" who="3" fromWho="2" sc="281,0,95,0,457,-16,167,16" /><INIT seed="3,0,0,4,0,117" ten="281,95,441,183" oya="3" hai0="23,125,35,112,72,29,40,74,121,90,59,81,64" hai1="24,45,87,54,5,52,124,4,53,0,84,56,46" hai2="9,67,118,129,108,89,36,60,116,50,20,123,76" hai3="48,75,68,109,97,110,11,127,16,82,115,135,66"/><W39/><G39/><T77/><D121/><U34/><E124/><V91/><F36/><W30/><G30/><T43/><D35/><U1/><E34/><V61/><F123/><W51/><G97/><T27/><D125/><U13/><E13/><V58/><F76/><N who="3" m="44319" /><G127/><T79/><D112/><U120/><E120/><V25/><F116/><W126/><G126/><T63/><D90/><U26/><REACH who="1" step="1"/><E53/><REACH who="1" ten="281,85,441,183" step="2"/><V107/><F118/><W132/><G115/><T98/><D43/><U2/><E2/><V130/><F130/><W131/><G131/><T57/><D40/><U86/><E86/><V94/><F129/><W122/><G122/><T32/><D32/><U33/><E33/><V114/><F114/><W41/><G41/><T85/><D98/><U12/><E12/><V83/><F107/><W104/><G104/><T70/><D85/><U14/><E14/><V18/><F94/><W17/><G66/><T119/><D119/><U88/><E88/><V96/><F89/><W38/><G68/><T6/><D6/><U28/><E28/><V113/><F67/><W22/><G38/><T80/><AGARI ba="0,1" hai="23,27,29,57,59,63,64,70,72,74,77,79,80,81" machi="80" ten="30,2000,0" yaku="0,1,9,1" doraHai="117" who="0" fromWho="0" sc="281,30,85,-5,441,-5,183,-10" owari="311,11.1,80,-42.0,436,53.6,173,-22.7" /></mjloggm>