<mjloggm ver="2.3"><GO type="225" lobby="0"/><UN n0="%E3%81%99%E3%81%84%E3%81%BE%E3%81%9B%E3%83%BC%E3%82%93" n1="%E4%BF%BA%E3%81%A8%E5%A6%96%E5%A4%A2" n2="%E6%81%A5%E6%99%92%E3%81%97" n3="%E5%91%A8%E6%9D%B1" dan="18,16,16,16" rate="2262.44,2103.47,2082.73,2154.80" sx="M,F,M,M"/><TAIKYOKU oya="0"/><INIT seed="0,0,0,3,1,92" ten="250,250,250,250" oya="0" hai0="119,56,19,52,126,49,69,108,23,4,80,53,101" hai1="105,86,50,67,102,84,28,12,46,131,112,99,77" hai2="115,132,65,78,39,73,31,43,48,82,27,59,63" hai3="40,83,90,26,109,95,116,117,118,123,58,87,61"/><T47/><D119/><U79/><E131/><V5/><F132/><W129/><G129/><T60/><D126/><U64/><E112/><V133/><F133/><W10/><G109/><T114/><D114/><U25/><E12/><V96/><F115/><W36/><G123/><T127/><D127/><U98/><E84/><V81/><F81/><W30/><G10/><T89/><D69/><U21/><E99/><V16/><F5/><W134/><G134/><T33/><D33/><U122/><E122/><V74/><F39/><W62/><G40/><T41/><D108/><U0/><E0/><V51/><F74/><W13/><G13/><T55/><D101/><U104/><E104/><V7/><F7/><W100/><G36/><T113/><D4/><U18/><E28/><V120/><F120/><W37/><G37/><T97/><D113/><U107/><E107/><V135/><F43/><W93/><G100/><T38/><D38/><U111/><E111/><V42/><F42/><W106/><G106/><T14/><D80/><U121/><E121/><V91/><F16/><W11/><G11/><T3/><D3/><U94/><E105/><V130/><F130/><W20/><REACH who="3" step="1"/><G62/><REACH who="3" ten="250,250,250,240" step="2"/><T57/><D60/><U71/><E102/><V15/><F135/><W17/><G17/><T1/><D1/><U34/><E18/><V125/><F15/><W24/><G24/><T88/><D89/><U75/><E25/><V66/><F125/><W32/><G32/><T76/><D76/><U70/><E34/><V103/><F103/><W128/><G128/><T8/><D8/><U29/><E77/><RYUUKYOKU ba="0,1" sc="250,15,250,-15,250,-15,240,15" hai0="14,19,23,41,47,49,52,53,55,56,57,88,97" hai3="20,26,30,58,61,83,87,90,93,95,116,117,118" /><INIT seed="0,1,1,1,1,2" ten="265,235,235,255" oya="0" hai0="114,93,41,126,127,68,52,58,45,71,134,110,40" hai1="38,25,48,13,32,30,102,86,24,49,33,87,39" hai2="31,99,92,124,94,111,105,69,106,23,60,132,3" hai3="123,36,63,12,61,55,98,57,26,109,97,21,95"/><T43/><D114/><U107/><E13/><V27/><F111/><W117/><G109/><T80/><D80/><U113/><E102/><V62/><F124/><N who="0" m="47658" /><D93/><U29/><REACH who="1" step="1"/><E107/><REACH who="1" ten="265,225,235,255" step="2"/><V53/><F106/><W54/><G12/><T84/><D110/><U65/><E65/><V8/><F105/><W66/><G123/><T64/><D64/><U101/><E101/><V135/><F3/><W5/><G117/><T83/><D134/><U112/><AGARI ba="1,2" hai="24,25,29,30,32,33,38,39,48,49,86,87,112,113" machi="112" ten="25,6400,0" yaku="1,1,0,1,22,2,53,0" doraHai="2" doraHaiUra="115" who="1" fromWho="1" sc="265,-33,225,87,235,-17,255,-17" /><INIT seed="1,0,0,3,2,116" ten="232,312,218,238" oya="1" hai0="100,45,14,5,127,24,59,61,113,4,35,65,3" hai1="29,47,13,19,2,92,94,67,82,42,131,76,0" hai2="85,49,128,41,53,31,21,114,62,74,120,79,9" hai3="83,117,38,55,8,108,28,72,23,106,88,86,44"/><U93/><E131/><V46/><F128/><W104/><G117/><T75/><D113/><U63/><E29/><V54/><F114/><W118/><G118/><T97/><D127/><U10/><E67/><V64/><F74/><W125/><G125/><T6/><D75/><U115/><E115/><V66/><F120/><W7/><G108/><T1/><D14/><U39/><REACH who="1" step="1"/><E63/><REACH who="1" ten="232,302,218,238" step="2"/><V71/><F66/><W84/><G28/><T43/><D35/><U33/><E33/><V96/><F31/><W52/><G106/><T26/><D1/><U12/><E12/><V90/><F62/><W124/><G104/><T89/><D3/><U122/><E122/><V98/><F64/><W60/><G124/><T105/><REACH who="0" step="1"/><D89/><REACH who="0" ten="222,302,218,238" step="2"/><U48/><E48/><AGARI ba="0,2" hai="4,5,6,24,26,43,45,48,59,61,65,97,100,105" machi="48" ten="40,5200,0" yaku="1,1,2,1,53,1" doraHai="116" doraHaiUra="102" who="0" fromWho="1" sc="222,72,302,-52,218,0,238,0" /><INIT seed="2,0,0,4,1,53" ten="294,250,218,238" oya="2" hai0="69,79,57,106,91,132,95,31,84,127,56,135,39" hai1="4,103,47,112,27,100,13,6,72,0,1,130,124" hai2="116,94,131,129,16,82,70,40,63,25,113,34,44" hai3="83,50,107,71,24,61,46,2,105,99,86,76,123"/><V26/><F113/><W59/><G123/><T23/><D127/><U128/><E72/><V8/><F116/><W122/><G122/><T125/><D125/><U10/><E124/><V74/><F94/><W37/><G2/><T126/><D69/><U35/><E47/><V75/><F34/><W48/><G99/><T51/><D39/><U41/><E41/><V52/><F26/><W49/><G71/><T102/><D126/><U45/><E45/><V33/><F70/><W65/><REACH who="3" step="1"/><G24/><REACH who="3" ten="294,250,218,228" step="2"/><T97/><D97/><U115/><E27/><V118/><F25/><W55/><G55/><T36/><D31/><U21/><E0/><V98/><F98/><W19/><G19/><T62/><D135/><U120/><E1/><V15/><F33/><W20/><G20/><T85/><D23/><U17/><E21/><V28/><F28/><W32/><G32/><T58/><D132/><U92/><E35/><V68/><F68/><W29/><G29/><T78/><D106/><U18/><E120/><V90/><F118/><W133/><G133/><T101/><D101/><U96/><E103/><V81/><F40/><AGARI ba="0,1" hai="37,40,46,48,49,50,59,61,65,76,83,86,105,107" machi="40" ten="40,2600,0" yaku="1,1,52,1,53,0" doraHai="53" doraHaiUra="119" who="3" fromWho="2" sc="294,0,250,0,218,-26,228,36" /><INIT seed="3,0,0,0,0,31" ten="294,250,192,264" oya="3" hai0="111,19,3,114,79,68,74,63,92,58,125,33,123" hai1="56,26,36,97,48,22,45,1,98,71,110,133,32" hai2="127,0,49,85,17,122,50,118,115,93,54,80,20" hai3="108,134,73,104,43,103,100,91,34,44,89,2,83"/><W95/><G2/><T59/><D92/><U124/><E71/><V16/><F115/><W5/><G5/><T64/><D19/><N who="2" m="7242" /><F0/><W66/><G66/><T90/><D123/><U113/><E113/><V10/><F118/><W4/><G4/><T94/><D33/><U15/><E1/><V67/><F122/><W75/><G34/><T24/><D24/><U41/><E15/><V18/><F127/><W40/><G134/><T119/><D119/><U99/><E133/><V84/><F67/><W105/><G44/><T87/><D125/><U77/><E32/><V25/><F10/><W39/><G39/><T76/><D114/><U23/><E124/><V30/><N who="2" m="7250" /><V27/><DORA hai="69" /><F27/><W14/><G14/><T37/><D37/><U28/><E110/><V8/><F8/><W121/><G121/><T72/><D111/><U109/><E109/><V61/><F93/><W12/><G12/><T38/><D38/><U55/><E77/><N who="0" m="29769" /><D3/><U101/><REACH who="1" step="1"/><E22/><REACH who="1" ten="294,240,192,264" step="2"/><V47/><F80/><W62/><G108/><T128/><D68/><U53/><E53/><N who="2" m="29887" /><F61/><W135/><G135/><T29/><D63/><U13/><E13/><V42/><F42/><W107/><G62/><T102/><D64/><U131/><E131/><V126/><F126/><W112/><G112/><T88/><D128/><U106/><AGARI ba="0,1" hai="23,26,28,36,41,45,48,55,56,97,98,99,101,106" machi="106" ten="20,5200,0" yaku="1,1,0,1,7,1,52,1,53,0" doraHai="31,69" doraHaiUra="11,60" who="1" fromWho="1" sc="294,-13,240,62,192,-13,264,-26" owari="281,8.1,302,40.2,179,-32.1,238,-16.2" /></mjloggm>