<mjloggm ver="2.3"><GO type="225" lobby="0"/><UN n0="%E3%81%B2%E3%81%AA%E3%81%AE%E3%82%8A%E3%81%8F" n1="%E6%98%93%E5%88%A9%E8%96%A9%E4%BC%AF" n2="%E6%B8%A9%E2%98%85%E6%83%85%E2%98%85%E6%8E%AA%E2%98%85%E7%BD%AE" n3="%E3%81%BF%E3%81%BF%E3%81%9A" dan="16,17,17,18" rate="2080.05,2161.02,2202.99,2228.53" sx="M,F,M,M"/><TAIKYOKU oya="0"/><INIT seed="0,0,0,4,4,53" ten="250,250,250,250" oya="0" hai0="131,13,67,86,119,105,46,70,103,9,126,101,18" hai1="75,133,14,28,94,109,64,111,130,26,7,41,24" hai2="36,1,114,33,106,88,5,63,35,72,120,77,127" hai3="17,76,108,51,90,52,104,25,78,112,59,73,12"/><T125/><D119/><U92/><E75/><V69/><RYUUKYOKU type="yao9" ba="0,0" sc="250,0,250,0,250,0,250,0" hai2="1,5,33,35,36,63,69,72,77,88,106,114,120,127" /><INIT seed="0,1,0,2,0,17" ten="250,250,250,250" oya="0" hai0="37,11,36,63,25,86,97,48,20,10,66,24,107" hai1="28,121,12,119,22,106,79,2,117,130,55,101,5" hai2="29,34,90,16,110,27,4,50,131,8,72,15,54" hai3="125,100,42,62,112,108,39,111,57,49,85,83,23"/><T94/><D107/><U126/><E79/><V46/><F110/><N who="3" m="42027" /><G112/><T60/><D48/><U56/><E121/><V14/><F131/><W81/><G125/><T26/><D86/><U91/><E126/><V18/><F72/><W96/><G39/><T1/><D20/><U71/><E71/><V0/><F15/><W77/><G23/><T73/><D73/><U78/><E78/><V135/><F135/><W84/><G49/><T103/><D63/><U40/><E40/><V53/><F90/><W99/><G42/><T89/><D103/><U113/><E91/><V31/><F31/><W59/><G62/><T3/><D3/><U87/><E101/><V65/><F65/><W116/><G116/><T32/><D32/><U133/><E119/><V43/><REACH who="2" step="1"/><F18/><REACH who="2" ten="250,250,240,250" step="2"/><W67/><G67/><T21/><D1/><U82/><E2/><V38/><F38/><W44/><G99/><T123/><D123/><U7/><E28/><V61/><F61/><W52/><G84/><T33/><D37/><U70/><E87/><V114/><F114/><W132/><G132/><T80/><D36/><U92/><E113/><V134/><F134/><W9/><G81/><T93/><D80/><U122/><E82/><V128/><F128/><W74/><G74/><T19/><D60/><U115/><E130/><V45/><F45/><W6/><G44/><T118/><D118/><U58/><E133/><V95/><F95/><N who="0" m="36362" /><D66/><U76/><E115/><V105/><F105/><N who="3" m="63623" /><G59/><T124/><D124/><U75/><E58/><V102/><F102/><W64/><G64/><T127/><D127/><U129/><E129/><RYUUKYOKU ba="1,1" sc="250,-10,250,-10,240,30,250,-10" hai2="0,4,8,14,16,27,29,34,43,46,50,53,54" /><INIT seed="1,2,1,4,3,23" ten="240,240,270,240" oya="1" hai0="24,90,39,43,86,64,25,29,22,66,74,87,125" hai1="99,135,0,71,100,111,45,120,31,76,115,30,52" hai2="105,118,77,65,11,112,84,50,89,85,134,35,67" hai3="57,114,54,103,69,117,42,34,13,83,63,108,106"/><U91/><E115/><V81/><F118/><W116/><G114/><T122/><D74/><U44/><E120/><V47/><F105/><W96/><G108/><T16/><D122/><U60/><E0/><V15/><F35/><W41/><G34/><T92/><D125/><U130/><E130/><V37/><F37/><W123/><G123/><T59/><D59/><U127/><E135/><V124/><F124/><W129/><G129/><T70/><D70/><U107/><E76/><V61/><F61/><W97/><G83/><T56/><D56/><U131/><E131/><V2/><F2/><W110/><G110/><T53/><D53/><U8/><E111/><V72/><F72/><W79/><G79/><T3/><D3/><U102/><E102/><V113/><F134/><W18/><G97/><T133/><D133/><U10/><E91/><V98/><F98/><W82/><G82/><T12/><D86/><U33/><E31/><V49/><F49/><W17/><G17/><T19/><D19/><U93/><E93/><N who="2" m="54439" /><F113/><W5/><G5/><T40/><D12/><U58/><E71/><V38/><F38/><W78/><G78/><T28/><D28/><U62/><E62/><V6/><F112/><W4/><G4/><T94/><D94/><U95/><E107/><V51/><F51/><W88/><G88/><T32/><REACH who="0" step="1"/><D39/><REACH who="0" ten="230,240,270,240" step="2"/><U104/><E104/><V7/><F7/><W20/><G69/><T21/><D21/><U1/><E127/><V121/><F121/><W109/><G109/><T9/><D9/><N who="1" m="3691" /><E1/><V46/><F50/><W128/><G128/><T75/><D75/><RYUUKYOKU ba="2,2" sc="230,0,240,0,270,0,240,0" hai0="16,22,24,25,29,32,40,43,64,66,87,90,92" hai1="30,33,44,45,52,58,60,95,99,100" hai2="6,11,15,46,47,65,67,77,81,85" hai3="13,18,20,41,42,54,57,63,96,103,106,116,117" /><INIT seed="1,3,2,5,3,42" ten="230,240,270,240" oya="1" hai0="34,4,57,114,51,112,43,46,14,35,132,39,47" hai1="109,56,13,63,33,62,48,67,11,68,16,97,120" hai2="85,96,99,127,9,117,92,130,129,116,74,20,28" hai3="64,8,32,23,133,38,126,21,98,37,108,119,123"/><U17/><E120/><V83/><F9/><W2/><G64/><T6/><D132/><U89/><E33/><V111/><F111/><W115/><G98/><N who="2" m="37417" /><F28/><W100/><G100/><T0/><D0/><U29/><E109/><V61/><F20/><W25/><G37/><T10/><D57/><U41/><E29/><V124/><F61/><W93/><G93/><T78/><D78/><U60/><E17/><V24/><F92/><W72/><G8/><T58/><D58/><U103/><E89/><N who="2" m="51391" /><F74/><W125/><G23/><T106/><D106/><U26/><E26/><V110/><F24/><W77/><G21/><T104/><D104/><U107/><REACH who="1" step="1"/><E68/><REACH who="1" ten="230,230,270,240" step="2"/><V134/><F110/><W12/><G25/><T80/><D4/><U27/><E27/><V55/><F134/><W66/><G133/><T36/><D35/><U50/><E50/><V69/><F69/><W65/><G32/><T95/><D34/><U82/><E82/><V70/><F70/><W71/><G108/><T22/><D80/><U1/><E1/><V118/><F118/><W102/><G71/><T44/><D39/><U7/><E7/><V81/><F81/><W113/><G2/><T131/><D36/><U90/><E90/><V88/><F88/><W30/><G38/><T19/><D51/><U3/><E3/><V128/><F117/><W122/><G119/><T5/><D5/><U73/><E73/><V79/><F116/><W53/><G123/><T18/><D6/><U76/><E76/><V135/><F135/><W52/><G122/><T54/><D18/><U105/><E105/><V87/><F79/><RYUUKYOKU ba="3,3" sc="230,-10,230,30,270,-10,240,-10" hai1="11,13,16,41,48,56,60,62,63,67,97,103,107" /><INIT seed="1,4,3,4,5,20" ten="220,260,260,230" oya="1" hai0="7,43,41,100,118,8,35,110,60,22,33,53,51" hai1="64,93,12,4,108,98,133,75,97,65,123,31,54" hai2="125,114,1,69,87,128,23,63,72,115,84,30,74" hai3="17,80,73,66,68,25,91,58,82,19,81,131,121"/><U106/><E123/><V134/><F1/><W105/><G121/><T76/><D118/><U40/><E75/><N who="2" m="28715" /><F134/><W2/><G105/><T132/><D132/><U109/><E40/><V13/><F128/><W47/><G2/><T26/><D76/><U9/><E133/><V24/><F13/><W34/><G131/><T62/><D100/><U61/><E106/><V16/><F30/><W101/><G68/><T112/><D112/><N who="2" m="43050" /><F125/><W127/><G101/><T11/><D110/><N who="1" m="42603" /><E31/><V70/><F70/><W90/><G127/><T122/><D122/><U124/><E124/><V27/><F27/><W99/><G73/><T94/><D43/><U5/><E5/><V57/><F69/><W119/><G119/><T85/><D41/><U59/><E98/><V92/><F92/><N who="3" m="56727" /><G34/><T45/><D35/><U78/><E78/><V107/><F107/><W38/><G38/><T113/><D33/><U135/><E135/><V37/><F37/><W89/><G25/><T55/><D113/><U0/><E0/><V49/><F49/><W29/><G29/><N who="0" m="17623" /><D7/><U56/><E59/><V79/><F79/><W67/><G47/><T126/><D126/><U42/><E42/><V102/><F102/><AGARI ba="4,3" hai="4,9,12,54,56,61,64,65,93,97,102" m="42603" machi="102" ten="30,2900,0" yaku="14,1,10,1" doraHai="20" who="1" fromWho="2" sc="220,0,260,71,260,-41,230,0" /><INIT seed="1,5,0,2,3,44" ten="220,331,219,230" oya="1" hai0="65,125,53,132,40,19,116,70,15,64,126,7,22" hai1="89,56,73,68,96,119,103,50,77,92,108,109,82" hai2="87,48,130,97,25,16,106,6,100,52,58,3,128" hai3="104,35,122,115,39,84,121,9,67,95,28,10,134"/><U37/><E37/><V14/><F25/><W113/><G104/><T83/><D116/><U60/><E68/><V75/><F75/><W71/><G39/><T17/><D132/><U61/><E119/><V62/><F87/><W57/><G95/><T21/><D7/><U63/><REACH who="1" step="1"/><E103/><REACH who="1" ten="220,321,219,230" step="2"/><V76/><F76/><W79/><G71/><T47/><D70/><U85/><E85/><V135/><F135/><W30/><G84/><T98/><D126/><U36/><E36/><V102/><F102/><W110/><G79/><T11/><D125/><U31/><E31/><V59/><F3/><W34/><G134/><T49/><D98/><U66/><E66/><V12/><F6/><W13/><G67/><T1/><D1/><U78/><E78/><V123/><F123/><W94/><G30/><T20/><D65/><U90/><E90/><V0/><F0/><W23/><G28/><T24/><D64/><U93/><E93/><V33/><F33/><W54/><G94/><T117/><D117/><U8/><E8/><N who="3" m="3178" /><G122/><T45/><REACH who="0" step="1"/><D83/><REACH who="0" ten="210,321,219,230" step="2"/><U129/><E129/><V5/><F5/><W51/><G121/><T2/><D2/><U124/><E124/><V27/><F130/><W74/><G115/><T127/><D127/><U4/><E4/><V80/><F80/><W46/><G113/><T41/><D41/><U107/><E107/><V29/><F128/><W38/><G35/><T88/><D88/><U32/><E32/><N who="2" m="20543" /><F16/><N who="3" m="10639" /><G34/><T69/><D69/><U72/><E72/><V120/><F120/><W99/><G74/><T111/><D111/><U43/><E43/><V105/><F105/><RYUUKYOKU ba="5,2" sc="210,10,321,10,219,10,230,-30" hai0="11,15,17,19,20,21,22,24,40,45,47,49,53" hai1="50,56,60,61,63,73,77,82,89,92,96,108,109" hai2="12,14,48,52,58,59,62,97,100,106" /><INIT seed="1,6,2,1,3,28" ten="220,331,229,200" oya="1" hai0="129,1,20,30,23,18,14,102,26,55,106,92,78" hai1="19,100,90,53,3,22,21,71,68,33,97,121,112" hai2="35,39,94,122,123,56,109,44,57,79,40,111,120" hai3="101,17,119,114,126,91,47,59,66,60,49,75,118"/><U95/><E112/><V45/><F35/><W12/><G75/><T125/><D106/><U84/><E3/><V67/><F79/><W51/><G114/><T88/><D1/><U74/><E33/><V70/><F94/><W72/><G72/><T29/><D125/><U116/><E116/><N who="3" m="44586" /><G126/><T5/><D5/><U48/><E74/><V65/><F70/><W13/><G101/><T133/><D133/><U86/><E86/><V4/><F4/><W43/><G91/><T25/><D102/><U31/><E31/><V52/><F56/><W2/><G2/><T64/><D78/><U135/><E22/><V76/><F44/><N who="3" m="25759" /><G17/><T115/><D115/><U80/><E121/><V104/><F104/><W83/><G83/><T124/><D124/><U93/><E80/><V6/><F6/><W54/><AGARI ba="6,2" hai="12,13,47,51,54,59,60,66" m="25759,44586" machi="54" ten="30,1100,0" yaku="12,1" doraHai="28" who="3" fromWho="3" sc="220,-9,331,-11,229,-9,200,49" /><INIT seed="2,0,0,4,4,109" ten="211,320,220,249" oya="2" hai0="86,28,50,39,15,12,104,74,21,80,8,71,9" hai1="91,125,27,24,31,36,99,77,96,33,23,127,47" hai2="41,52,108,35,45,95,118,70,5,54,26,73,116" hai3="25,75,13,94,37,0,123,62,129,67,128,98,14"/><V105/><F105/><W32/><G123/><T130/><D39/><U19/><E77/><V30/><F73/><W59/><G0/><T114/><D74/><U49/><E36/><V92/><F70/><W4/><G75/><T11/><D104/><U134/><E134/><V34/><F108/><W103/><G37/><T17/><D130/><N who="3" m="50281" /><G4/><T20/><D71/><U3/><E3/><V44/><F5/><W6/><G6/><T111/><D111/><U133/><E133/><V78/><F78/><W122/><G122/><T81/><D114/><U100/><E91/><V89/><F89/><W69/><G59/><T135/><D135/><U85/><E85/><V64/><F26/><W97/><G98/><T106/><D106/><U48/><E48/><V10/><F64/><W117/><G117/><T82/><D50/><U40/><E100/><V84/><F84/><W18/><G18/><T83/><D28/><AGARI ba="0,0" hai="13,14,25,28,32,62,67,69,94,97,103" m="50281" machi="28" ten="30,1000,0" yaku="19,1" doraHai="109" who="3" fromWho="0" sc="211,-10,320,0,220,0,249,10" /><INIT seed="3,0,0,4,1,76" ten="201,320,220,259" oya="3" hai0="60,95,85,17,39,107,135,53,120,78,96,132,10" hai1="13,28,11,103,84,12,7,63,80,23,115,82,101" hai2="93,90,70,77,114,33,134,108,133,54,79,46,83" hai3="113,128,24,21,36,64,67,15,18,106,97,37,68"/><W73/><G113/><T40/><D120/><U1/><E115/><V121/><F114/><W87/><G73/><T16/><D107/><U123/><E123/><V26/><F70/><W4/><G128/><T130/><D130/><U122/><E122/><V91/><F121/><W92/><G106/><T105/><D105/><U99/><E99/><N who="2" m="57783" /><F108/><W118/><G118/><T100/><D39/><U125/><E125/><V112/><F112/><W43/><G68/><T81/><D40/><U127/><E1/><V48/><F91/><W102/><G37/><T50/><D60/><U35/><E35/><V8/><F8/><W42/><G36/><T19/><REACH who="0" step="1"/><D10/><REACH who="0" ten="191,320,220,259" step="2"/><N who="1" m="4191" /><E63/><V56/><F83/><W117/><G117/><T9/><D9/><U32/><E82/><V98/><F98/><W14/><G42/><T58/><AGARI ba="0,1" hai="16,17,19,50,53,58,78,81,85,95,96,100,132,135" machi="58" ten="30,8000,1" yaku="1,1,0,1,52,1,54,1,53,1" doraHai="76" doraHaiUra="52" who="0" fromWho="0" sc="191,90,320,-20,220,-20,259,-40" owari="281,8.1,300,40.0,200,-30.0,219,-18.1" /></mjloggm>