<mjloggm ver="2.3"><GO type="225" lobby="0"/><UN n0="%E2%98%86%E5%B0%8F%E5%AD%A6%E7%94%B7%E7%94%9F%E2%98%86" n1="%E6%9C%88%E5%B3%B6%E5%9F%BA" n2="%E7%9A%AE%E3%80%85" n3="%41%6F%54" dan="17,16,16,16" rate="2145.24,2062.73,2128.75,2074.24" sx="M,M,F,M"/><TAIKYOKU oya="0"/><INIT seed="0,0,0,2,3,68" ten="250,250,250,250" oya="0" hai0="73,8,56,122,31,47,83,26,125,124,25,94,43" hai1="37,44,114,98,104,126,36,101,113,91,11,84,29" hai2="54,6,72,34,109,70,39,15,9,30,75,67,64" hai3="81,10,120,128,77,65,35,108,24,27,5,4,38"/><T117/><D117/><U130/><E130/><V115/><F115/><N who="1" m="44041" /><E126/><N who="0" m="48745" /><D122/><U133/><E133/><V14/><F109/><W0/><G108/><T51/><D94/><N who="1" m="54631" /><E29/><V2/><F2/><W57/><G128/><T32/><D8/><U20/><E20/><V28/><F9/><W82/><G4/><T41/><D26/><U33/><E33/><V48/><F48/><W112/><G112/><T76/><D56/><U53/><E11/><V61/><F70/><W78/><G35/><T129/><D129/><U97/><E97/><V93/><F34/><W89/><G57/><T99/><D99/><U55/><E44/><V69/><F69/><W111/><G111/><T135/><D135/><U105/><E104/><V16/><F6/><W66/><G5/><T71/><D71/><U49/><E49/><V110/><F110/><W119/><G10/><T12/><D12/><U95/><E105/><V23/><F14/><W19/><G0/><T22/><D32/><U63/><E63/><V42/><F61/><W102/><G24/><T80/><D80/><U96/><E96/><V59/><F15/><W86/><G81/><T50/><D51/><U13/><E13/><V87/><F30/><W131/><G131/><T17/><D31/><U100/><E100/><V40/><F28/><W121/><G102/><T134/><D134/><U52/><AGARI ba="0,0" hai="36,37,52,53,55,95,98,101" m="54631,44041" machi="52" ten="30,7900,0" yaku="11,1,52,2,54,1" doraHai="68" who="1" fromWho="1" sc="250,-39,250,79,250,-20,250,-20" /><INIT seed="1,0,0,0,4,84" ten="211,329,230,230" oya="1" hai0="82,56,43,94,48,52,91,19,118,102,68,108,26" hai1="22,9,127,13,25,39,125,106,44,73,72,86,134" hai2="95,124,14,2,34,104,60,29,30,23,10,70,89" hai3="76,71,113,103,38,92,66,4,64,3,69,122,119"/><U105/><E134/><V45/><F104/><N who="1" m="40041" /><E44/><V12/><F2/><W41/><G41/><T80/><D118/><U88/><E39/><V0/><F0/><W49/><G76/><T123/><D123/><U51/><E51/><V114/><F34/><W42/><G49/><T111/><D68/><U59/><E59/><V112/><F124/><N who="1" m="47689" /><E22/><V18/><F45/><W36/><G36/><T21/><D43/><U37/><E25/><V50/><F50/><W98/><G38/><T121/><D102/><U87/><E87/><N who="2" m="52671" /><F60/><W109/><G69/><T7/><D7/><N who="1" m="3263" /><E37/><V32/><F32/><W58/><G71/><T90/><D121/><U131/><E131/><V31/><F70/><W77/><G122/><T132/><D132/><U33/><E33/><V53/><F53/><W6/><G42/><T126/><D126/><U55/><E55/><V133/><F133/><W110/><G66/><T81/><REACH who="0" step="1"/><D94/><AGARI ba="0,0" hai="72,73,86,88,94" m="3263,47689,40041" machi="94" ten="30,5800,0" yaku="18,1,52,1,54,1" doraHai="84" who="1" fromWho="0" sc="211,-58,329,58,230,0,230,0" /><INIT seed="1,1,0,2,2,93" ten="153,387,230,230" oya="1" hai0="61,119,52,70,11,135,94,68,118,45,14,100,123" hai1="80,84,4,59,130,51,115,82,27,85,67,131,44" hai2="98,129,41,73,50,133,60,37,76,87,10,24,62" hai3="30,121,1,36,65,110,128,25,111,126,91,8,97"/><U47/><E115/><V77/><F73/><W103/><G121/><T83/><D123/><U81/><E4/><V105/><F37/><W7/><G128/><N who="1" m="49194" /><E27/><V88/><F105/><W2/><G126/><T64/><D70/><U74/><E74/><V53/><F129/><W9/><G91/><T46/><D135/><U117/><E117/><V96/><F41/><W89/><G89/><T26/><D83/><U102/><E102/><V40/><F40/><W57/><G36/><T49/><D45/><N who="1" m="17483" /><E51/><V17/><F133/><W0/><G57/><T31/><D94/><U58/><E67/><V6/><F6/><W35/><G65/><T18/><REACH who="0" step="1"/><D100/><REACH who="0" ten="143,387,230,230" step="2"/><U101/><E101/><V113/><F113/><W19/><G110/><T134/><D134/><U72/><E72/><V109/><F109/><W71/><G111/><T63/><D63/><U124/><E124/><V39/><F62/><W75/><G75/><T95/><D95/><U99/><E99/><N who="2" m="37931" /><F60/><W112/><G71/><T48/><D48/><U107/><E107/><V23/><F39/><W3/><G112/><T92/><D92/><U33/><E33/><AGARI ba="1,1" hai="11,14,18,26,31,33,46,49,52,61,64,68,118,119" machi="33" ten="30,7700,0" yaku="1,1,7,1,54,1,53,1" doraHai="93" doraHaiUra="43" who="0" fromWho="1" sc="143,90,387,-80,230,0,230,0" /><INIT seed="2,0,0,5,0,28" ten="233,307,230,230" oya="2" hai0="48,125,79,120,105,43,10,83,57,73,16,129,56" hai1="109,121,45,84,82,54,19,93,110,40,61,31,3" hai2="130,112,76,71,114,47,4,59,111,41,26,44,72" hai3="1,89,132,104,0,97,78,30,7,127,27,98,49"/><V81/><F71/><W100/><G127/><T101/><D120/><U63/><E121/><V70/><F70/><W25/><G132/><T6/><D125/><U12/><E3/><V75/><F75/><W55/><G78/><T68/><D68/><U134/><E134/><V50/><F4/><W91/><G25/><T67/><D129/><U87/><E31/><V116/><F116/><W51/><G51/><T133/><D133/><U135/><E93/><V77/><F77/><W60/><G60/><N who="1" m="23114" /><E54/><V18/><F130/><W85/><G97/><T21/><D67/><U52/><E52/><V17/><F59/><W9/><G85/><T99/><D43/><U14/><E19/><V35/><F47/><W95/><G104/><T106/><D106/><U38/><E84/><V34/><F111/><N who="1" m="42505" /><E135/><V96/><F96/><W20/><REACH who="3" step="1"/><G0/><REACH who="3" ten="233,307,230,220" step="2"/><T58/><D48/><U88/><AGARI ba="0,1" hai="12,14,38,40,45,82,87,88" m="42505,23114" machi="88" ten="30,2000,0" yaku="14,1,54,1" doraHai="28" who="1" fromWho="1" sc="233,-5,307,30,230,-10,220,-5" /><INIT seed="3,0,0,1,4,43" ten="228,337,220,215" oya="3" hai0="97,99,90,46,105,60,120,48,62,135,84,79,86" hai1="115,7,49,24,33,23,13,56,130,19,1,98,93" hai2="100,10,27,76,42,127,39,26,101,55,66,25,119" hai3="103,102,21,32,108,8,114,18,104,61,109,41,53"/><W111/><G32/><T34/><D34/><U59/><E115/><V44/><F119/><W73/><G114/><T113/><D120/><U17/><E130/><V68/><F76/><W4/><G73/><T74/><D74/><U134/><E134/><V88/><F127/><W30/><G30/><T40/><D135/><U96/><E1/><V110/><F110/><W132/><G132/><T35/><D35/><U5/><E33/><V45/><F10/><W16/><G41/><T37/><D37/><U133/><E96/><V129/><F129/><W91/><G91/><T81/><D105/><U125/><E125/><V14/><F14/><N who="3" m="9367" /><G18/><T71/><D71/><U52/><E59/><V126/><F126/><W122/><G104/><T38/><D38/><U28/><E28/><V63/><REACH who="2" step="1"/><F88/><REACH who="2" ten="228,337,210,215" step="2"/><W50/><G122/><T0/><D0/><U9/><E133/><V123/><F123/><W57/><G61/><N who="0" m="23659" /><D113/><U85/><E85/><V131/><F131/><W77/><G77/><T2/><D2/><AGARI ba="0,1" hai="2,4,8,50,53,57,102,103,108,109,111" m="9367" machi="2" ten="30,5800,0" yaku="14,1,10,1,54,1" doraHai="43" who="3" fromWho="0" sc="228,-58,337,0,210,0,215,68" /><INIT seed="3,1,0,1,3,50" ten="170,337,210,283" oya="3" hai0="116,119,32,72,124,134,135,108,115,80,2,36,110" hai1="100,132,27,91,54,87,52,131,120,35,122,70,133" hai2="20,99,86,9,112,55,60,61,48,37,126,85,63" hai3="17,118,77,96,26,82,69,13,65,81,64,111,98"/><W79/><G118/><N who="0" m="45099" /><D36/><U125/><E70/><V5/><F37/><W12/><G69/><T94/><D32/><U44/><E100/><V30/><F126/><W93/><G26/><T97/><D2/><U40/><E125/><V46/><F112/><W58/><G111/><N who="0" m="42539" /><D124/><U31/><E131/><V45/><F99/><N who="3" m="37931" /><G93/><T14/><D14/><N who="3" m="5737" /><G17/><T47/><D47/><U1/><E1/><V15/><F46/><W73/><G58/><T51/><D51/><N who="1" m="27015" /><E120/><V62/><N who="2" m="15360" /><DORA hai="29" /><V16/><REACH who="2" step="1"/><F30/><REACH who="2" ten="170,337,200,283" step="2"/><W109/><G109/><T41/><D115/><U34/><E122/><V95/><F95/><W28/><G28/><T106/><D106/><U117/><E117/><V103/><F103/><W24/><G24/><AGARI ba="1,1" hai="5,9,15,16,20,24,45,48,55,85,86" m="15360" machi="24" ten="50,8000,1" yaku="1,1,8,1,52,1,54,1,53,0" doraHai="50,29" doraHaiUra="78,104" who="2" fromWho="3" sc="170,0,337,0,200,93,283,-83" owari="170,-33.0,337,43.7,293,9.3,200,-20.0" /></mjloggm>