<mjloggm ver="2.3"><GO type="225" lobby="0"/><UN n0="%E6%9D%B1%E9%A2%A8%E3%81%AE%E3%81%8D%E3%82%83%E3%81%B7%E3%81%95%E3%82%93" n1="%70%68%65%6E%6F%6D%65" n2="%E3%82%A4%E3%83%BC%E3%82%B1%E3%83%97%E3%83%A9" n3="%E4%BF%BA%E3%81%A8%E5%A6%96%E5%A4%A2" dan="16,16,16,16" rate="2193.23,2171.36,2104.27,2219.19" sx="M,M,M,F"/><TAIKYOKU oya="0"/><INIT seed="0,0,0,1,2,121" ten="250,250,250,250" oya="0" hai0="90,62,5,29,39,94,125,71,79,85,20,41,26" hai1="105,84,110,36,111,19,100,132,43,12,119,66,104" hai2="48,98,33,49,51,127,37,34,88,60,7,97,75" hai3="89,129,93,54,70,96,45,32,107,87,120,135,24"/><T15/><D125/><U59/><E119/><V1/><F37/><W30/><G120/><T116/><D116/><U57/><E132/><V58/><F75/><W92/><G135/><T2/><D2/><U42/><E84/><V80/><F127/><W124/><G124/><T133/><D133/><U9/><E59/><V6/><F33/><W106/><G70/><T117/><D117/><U101/><E101/><V74/><F34/><W22/><G129/><T4/><D79/><U28/><E28/><V123/><F123/><W16/><G45/><T21/><D41/><N who="1" m="15371" /><E100/><V108/><F108/><N who="1" m="41513" /><E36/><V76/><F88/><W23/><G54/><T25/><D39/><U78/><E78/><V0/><F98/><W102/><REACH who="3" step="1"/><G32/><REACH who="3" ten="250,250,250,240" step="2"/><T115/><D115/><U134/><E134/><V95/><F74/><W31/><G31/><T103/><D103/><U91/><E91/><V86/><F58/><W3/><G3/><T109/><D109/><U11/><E9/><V55/><F55/><W82/><G82/><T130/><D130/><U118/><E118/><V46/><F80/><W72/><G72/><T65/><REACH who="0" step="1"/><D15/><AGARI ba="0,1" hai="15,16,22,23,24,30,87,89,92,93,96,102,106,107" machi="15" ten="30,3900,0" yaku="1,1,7,1,54,1,53,0" doraHai="121" doraHaiUra="114" who="3" fromWho="0" sc="250,-39,250,0,250,0,240,49" /><INIT seed="1,0,0,2,3,57" ten="211,250,250,289" oya="1" hai0="113,103,119,62,100,68,110,12,39,0,77,42,126" hai1="10,129,30,132,92,79,111,40,73,108,15,102,124" hai2="64,4,107,131,65,98,61,59,133,71,58,123,74" hai3="67,48,112,17,105,18,81,99,69,43,37,128,87"/><U51/><E124/><V94/><F74/><W50/><G112/><T49/><D0/><U33/><E30/><V115/><F123/><W38/><G128/><T41/><D39/><U32/><E129/><V11/><F131/><W91/><G105/><T47/><D113/><U70/><E70/><V3/><F115/><W78/><G99/><T89/><D119/><U114/><E114/><V90/><F133/><W27/><G78/><T34/><D34/><U127/><E127/><V13/><F107/><W95/><G81/><T55/><D126/><U26/><E26/><V45/><F3/><W96/><G96/><T22/><D77/><U135/><E102/><N who="0" m="38953" /><D110/><N who="1" m="42027" /><E92/><V86/><F65/><W104/><G104/><T52/><D68/><U63/><E63/><V75/><F75/><W23/><G67/><T54/><D89/><U106/><E106/><V97/><F97/><W46/><G69/><T25/><D12/><U116/><E116/><V20/><F98/><W31/><G37/><T118/><D41/><U19/><E79/><V120/><F71/><W16/><AGARI ba="0,0" hai="16,17,18,23,27,31,38,43,46,48,50,87,91,95" machi="16" ten="30,2000,0" yaku="0,1,54,1" doraHai="57" who="3" fromWho="3" sc="211,-5,250,-10,250,-5,289,20" /><INIT seed="2,0,0,3,4,40" ten="206,240,245,309" oya="2" hai0="96,37,72,56,111,129,76,106,66,115,28,59,18" hai1="125,103,12,82,109,74,108,102,27,122,70,51,9" hai2="34,118,11,32,4,123,17,15,68,119,130,29,31" hai3="53,127,39,33,91,90,63,92,7,98,10,77,133"/><V79/><F68/><W110/><G33/><N who="2" m="12905" /><F79/><W97/><G39/><T22/><D115/><U24/><E125/><V86/><F86/><W0/><G127/><T55/><D28/><N who="2" m="10826" /><F123/><W78/><G133/><T42/><D129/><U49/><E70/><V69/><F69/><W81/><G81/><T83/><D111/><N who="1" m="42571" /><E122/><V124/><F124/><W94/><G110/><T100/><D66/><U35/><E35/><V99/><F99/><W13/><G0/><T85/><D72/><U93/><E74/><V105/><F105/><W1/><G1/><T128/><D128/><U45/><E51/><V64/><F64/><W114/><G114/><T48/><D56/><AGARI ba="0,0" hai="7,10,13,53,56,63,77,78,90,91,92,94,97,98" machi="56" ten="40,2600,0" yaku="9,1,8,1" doraHai="40" who="3" fromWho="0" sc="206,-26,240,0,245,0,309,26" /><INIT seed="3,0,0,4,2,126" ten="180,240,245,335" oya="3" hai0="55,96,114,112,125,89,95,14,74,108,128,119,92" hai1="41,102,35,65,43,0,17,56,4,50,60,2,52" hai2="38,13,88,127,42,15,103,39,75,68,54,115,123" hai3="27,11,7,101,62,34,40,99,82,110,9,45,66"/><W61/><G110/><T134/><D14/><U97/><E35/><V44/><F115/><N who="0" m="44074" /><D55/><U98/><E98/><V104/><F39/><W31/><G82/><T49/><D49/><U71/><E17/><V67/><F75/><W111/><G111/><T117/><D108/><U79/><E79/><V124/><F123/><W121/><G121/><T120/><D120/><U135/><E135/><V32/><F32/><W58/><G62/><T90/><D74/><U118/><E118/><N who="0" m="45065" /><D125/><U30/><E30/><V70/><F54/><W59/><G59/><T106/><D134/><U116/><E116/><V21/><F13/><W69/><G7/><T23/><D23/><U78/><E4/><V80/><F21/><W130/><G58/><T91/><D128/><U29/><E29/><V84/><F15/><W133/><G130/><T53/><D53/><U107/><E2/><V36/><F36/><W22/><G133/><T10/><D10/><U113/><E0/><V132/><F132/><W76/><G22/><T93/><D106/><U5/><E113/><V46/><F46/><W86/><G45/><T3/><D3/><U122/><E122/><V20/><F20/><W1/><G40/><N who="1" m="15434" /><E5/><V72/><F72/><W109/><G1/><T8/><D8/><U48/><E48/><V47/><F47/><W77/><G109/><T100/><AGARI ba="0,0" hai="89,90,91,92,93,95,96,100" m="45065,44074" machi="100" ten="40,5200,0" yaku="11,1,34,2" doraHai="126" who="0" fromWho="0" sc="180,52,240,-13,245,-13,335,-26" owari="232,3.2,227,-27.3,232,-16.8,309,40.9" /></mjloggm>