<mjloggm ver="2.3"><GO type="225" lobby="0"/><UN n0="%E8%B5%A4%E3%81%84%E8%9B%99%31%31" n1="%E3%83%96%E3%83%83%E3%83%91%E3%82%AA%E3%83%96%E3%83%81%E3%82%AD%E3%83%B3" n2="%E3%81%BE%E3%81%A8%E3%81%9F" n3="%E4%BC%8A%E9%81%94%E6%9C%B1%E9%87%8C%E7%B4%97" dan="16,16,16,16" rate="2113.90,2204.77,2144.81,2104.27" sx="M,M,M,M"/><TAIKYOKU oya="0"/><INIT seed="0,0,0,2,2,92" ten="250,250,250,250" oya="0" hai0="27,20,114,49,32,128,13,122,105,118,26,75,71" hai1="50,4,18,22,17,88,47,104,134,38,31,72,63" hai2="100,34,36,74,93,1,76,91,35,119,96,62,79" hai3="83,106,120,60,56,109,15,40,80,127,90,101,123"/><T53/><D114/><U126/><E38/><V73/><F36/><W78/><G109/><T113/><D113/><U89/><E72/><N who="2" m="27755" /><F1/><W16/><G127/><T111/><D75/><U30/><E126/><V52/><F52/><N who="3" m="33799" /><G40/><T21/><D71/><U33/><E134/><V133/><F62/><W7/><G7/><T112/><D112/><U44/><E104/><N who="2" m="63495" /><F34/><W12/><G90/><N who="1" m="34922" /><E33/><V0/><F0/><W5/><G78/><N who="2" m="29737" /><F35/><W86/><G86/><T70/><D32/><U68/><E68/><V125/><F125/><W23/><G12/><T39/><D70/><U45/><E4/><V43/><F43/><W121/><G5/><T54/><D39/><U2/><E2/><V115/><F119/><W10/><G10/><T57/><D118/><U102/><E63/><V95/><F115/><W42/><G42/><T135/><D49/><U129/><E129/><V98/><F95/><W24/><G15/><T87/><D13/><N who="1" m="9519" /><E50/><V77/><F77/><W14/><G14/><T84/><D26/><U55/><E55/><V25/><F25/><W3/><G3/><T51/><D27/><U103/><E18/><V81/><F133/><W124/><G124/><T46/><D135/><U132/><E132/><V11/><F11/><W37/><G37/><T58/><D51/><U99/><E103/><V94/><F94/><W110/><G101/><T64/><D53/><U67/><E67/><V41/><F41/><W82/><G106/><T29/><D105/><N who="1" m="63711" /><E31/><V108/><F81/><W130/><G130/><T117/><D128/><U59/><E30/><V19/><F19/><W85/><G85/><RYUUKYOKU ba="0,0" sc="250,-30,250,10,250,10,250,10" hai1="44,45,47,59" hai2="91,93,98,108" hai3="16,23,24,80,82,83,110,120,121,123" /><INIT seed="1,1,0,0,1,63" ten="220,260,260,260" oya="1" hai0="14,12,34,95,134,99,21,133,123,39,47,65,78" hai1="102,62,73,46,111,79,20,48,130,98,53,45,43" hai2="75,28,100,105,1,18,85,24,38,67,33,115,104" hai3="112,52,89,3,88,114,116,10,70,128,7,135,49"/><U71/><E130/><V90/><F75/><W64/><G128/><T83/><D34/><U25/><E111/><V9/><F38/><W30/><G135/><N who="0" m="51723" /><D123/><U11/><E11/><V60/><F100/><W113/><G116/><T32/><D32/><U126/><E126/><V117/><F115/><W72/><G72/><T51/><D39/><U118/><E118/><V122/><F122/><W107/><G30/><T106/><D106/><U29/><E73/><V120/><F120/><W77/><G77/><T44/><D21/><U66/><E79/><V61/><F61/><W76/><G76/><T109/><D109/><U131/><E131/><V97/><F97/><W40/><G40/><N who="0" m="24967" /><D47/><U103/><REACH who="1" step="1"/><E98/><REACH who="1" ten="220,250,260,260" step="2"/><V129/><F129/><W57/><G113/><T94/><D99/><U23/><E23/><V68/><F117/><W27/><G114/><T42/><D78/><U82/><E82/><V119/><F119/><W6/><G112/><T13/><D83/><U96/><E96/><V101/><F33/><W69/><G107/><T58/><D42/><U41/><E41/><V22/><F22/><W127/><G127/><T54/><D54/><U92/><E92/><V5/><F104/><W0/><G52/><T124/><D124/><U110/><E110/><V132/><F105/><W26/><G10/><T121/><D121/><U8/><E8/><V125/><F125/><W35/><G35/><T56/><D65/><U93/><E93/><AGARI ba="1,1" hai="12,13,14,56,58,93,94,95" m="24967,51723" machi="93" ten="30,1000,0" yaku="20,1" doraHai="63" who="0" fromWho="1" sc="220,23,250,-13,260,0,260,0" /><INIT seed="2,0,0,4,2,89" ten="243,237,260,260" oya="2" hai0="5,129,77,82,50,123,54,48,74,42,104,87,126" hai1="19,25,52,114,131,127,58,109,18,51,9,37,81" hai2="41,72,120,113,90,28,101,15,83,78,66,121,65" hai3="119,39,117,20,134,86,61,103,98,105,45,93,124"/><V112/><F28/><W95/><G134/><T73/><D123/><N who="2" m="47178" /><F15/><W7/><G124/><T55/><D126/><U44/><E127/><V128/><F41/><W94/><G7/><T106/><D42/><U53/><E114/><N who="2" m="44139" /><F65/><W102/><G61/><T33/><D33/><U67/><E109/><V132/><F66/><W56/><G56/><T70/><D70/><U80/><E131/><V135/><F128/><W88/><G20/><T64/><D64/><U4/><E67/><V97/><F90/><N who="3" m="53463" /><G45/><T84/><D129/><U46/><E37/><V1/><F1/><W92/><G39/><T13/><D13/><N who="1" m="5287" /><E46/><V16/><F16/><N who="1" m="6185" /><E25/><V75/><F72/><W125/><G125/><T130/><D130/><U62/><AGARI ba="0,0" hai="44,51,52,53,58,62,80,81" m="6185,5287" machi="62" ten="30,4000,0" yaku="8,1,54,2" doraHai="89" who="1" fromWho="1" sc="243,-10,237,40,260,-20,260,-10" /><INIT seed="3,0,0,2,4,45" ten="233,277,240,250" oya="3" hai0="32,44,55,107,18,100,21,71,56,31,49,3,62" hai1="50,115,57,5,70,23,10,93,47,53,79,11,114" hai2="61,91,35,122,63,133,101,52,83,96,60,118,66" hai3="73,51,13,16,109,15,87,88,80,130,72,90,37"/><W1/><G130/><T8/><D71/><U119/><E70/><V7/><F35/><W14/><G37/><T106/><D100/><U126/><E126/><V69/><F118/><W36/><G36/><T39/><D39/><U22/><E119/><V120/><F7/><W78/><G1/><T27/><D8/><U64/><E79/><V58/><F133/><W113/><G113/><T94/><D3/><U103/><E115/><V24/><F24/><W84/><G109/><T48/><D94/><U77/><E77/><V127/><F127/><W128/><G128/><T108/><D108/><U59/><E11/><V81/><F61/><W97/><G51/><T95/><D95/><U86/><E114/><V38/><F38/><W12/><G97/><T17/><D17/><U30/><E64/><V0/><F0/><W74/><REACH who="3" step="1"/><G84/><REACH who="3" ten="233,277,240,240" step="2"/><T89/><D89/><U110/><E86/><V98/><F91/><W68/><G68/><T25/><REACH who="0" step="1"/><D49/><REACH who="0" ten="223,277,240,240" step="2"/><U41/><E50/><V135/><F98/><W20/><AGARI ba="0,2" hai="12,13,14,15,16,20,72,73,74,78,80,87,88,90" machi="20" ten="40,12000,1" yaku="1,1,0,1,54,2,53,0" doraHai="45" doraHaiUra="67" who="3" fromWho="3" sc="223,-40,277,-40,240,-40,240,140" owari="183,-31.7,237,3.7,200,-20.0,380,48.0" /></mjloggm>