<mjloggm ver="2.3"><GO type="225" lobby="0"/><UN n0="%E5%B8%86%E7%AB%8B%E5%A4%8F%E8%A1%A3" n1="%E3%83%A9%E3%82%B9%E7%8E%87%EF%BC%93%E5%89%B2" n2="%E3%81%AF%E3%82%88%E3%81%8A%E3%81%98%E3%81%95%E3%82%93" n3="%E7%99%BD%E9%9B%AA%E4%B9%83%E6%84%9B" dan="17,17,16,16" rate="2189.43,2200.82,2121.35,2032.87" sx="M,F,M,F"/><TAIKYOKU oya="0"/><INIT seed="0,0,0,4,2,48" ten="250,250,250,250" oya="0" hai0="56,10,84,55,80,60,132,89,107,92,134,24,54" hai1="46,106,0,73,87,38,29,19,39,113,109,114,90" hai2="127,47,26,37,61,64,118,3,1,83,93,131,57" hai3="76,108,67,34,4,103,104,31,58,66,9,100,119"/><T126/><D107/><U94/><E0/><V36/><F127/><W23/><G119/><T43/><D126/><U124/><E124/><V120/><F120/><W78/><G34/><T79/><D43/><U70/><E70/><V112/><F112/><N who="1" m="43113" /><E73/><V77/><F118/><W20/><G108/><T74/><D10/><U96/><E29/><V5/><F131/><W130/><G130/><T12/><D12/><U32/><E32/><V133/><F133/><N who="0" m="51306" /><D24/><U125/><E19/><V50/><F26/><W53/><G104/><T18/><D18/><U13/><E13/><V15/><F93/><W97/><G9/><T129/><D129/><U98/><E109/><V40/><F15/><W59/><G4/><T95/><D92/><U28/><E28/><V41/><F41/><W44/><G31/><T8/><D8/><U105/><E39/><V68/><F5/><W25/><G25/><T30/><D30/><U123/><E123/><V71/><F37/><W35/><G35/><T72/><D72/><U128/><E128/><V6/><F6/><W75/><G75/><T42/><D42/><N who="1" m="22871" /><E125/><V69/><F36/><W27/><G27/><T11/><D11/><U88/><E98/><V122/><F122/><W91/><G97/><T7/><D7/><U21/><E21/><V121/><F121/><W81/><G20/><T135/><N who="0" m="51314" /><T86/><DORA hai="16" /><D74/><U117/><E117/><V102/><F102/><W14/><G23/><T63/><D63/><U2/><E2/><V45/><F1/><W111/><G14/><T82/><D95/><AGARI ba="0,0" hai="87,88,90,94,95,96,105,106" m="22871,43113" machi="95" ten="30,2000,0" yaku="11,1,54,1" doraHai="48,16" who="1" fromWho="0" sc="250,-20,250,20,250,0,250,0" /><INIT seed="1,0,0,0,3,74" ten="230,270,250,250" oya="1" hai0="98,14,26,67,83,100,84,89,30,76,75,32,131" hai1="68,6,133,91,13,63,90,122,81,107,34,65,58" hai2="45,5,73,96,24,59,126,129,82,113,0,51,1" hai3="18,4,15,47,57,49,28,135,92,80,106,85,95"/><U39/><E122/><V134/><F126/><W62/><G106/><T118/><D131/><U3/><E3/><V50/><F129/><W11/><G28/><T66/><D118/><U104/><E34/><V19/><F134/><W112/><G135/><T7/><D7/><U120/><E39/><V78/><F113/><W93/><G112/><T44/><D14/><U60/><E104/><V114/><F114/><W29/><G29/><T72/><D44/><U17/><E6/><V77/><F77/><W121/><G121/><T115/><D115/><U119/><E107/><V127/><F127/><W23/><G57/><T108/><D108/><U40/><E40/><V27/><F96/><W111/><G62/><T125/><D125/><U116/><E120/><V10/><F1/><W99/><G99/><T64/><REACH who="0" step="1"/><D89/><REACH who="0" ten="220,270,250,250" step="2"/><U36/><E133/><V35/><F45/><W8/><G111/><T56/><D56/><U2/><E2/><V130/><F59/><W70/><G70/><T43/><D43/><U132/><E132/><V128/><F128/><W9/><G4/><T22/><D22/><U33/><E33/><V103/><F130/><W79/><REACH who="3" step="1"/><G23/><REACH who="3" ten="220,270,250,240" step="2"/><T38/><D38/><U42/><E119/><V53/><F5/><W87/><G87/><T105/><AGARI ba="0,2" hai="26,30,32,64,66,67,72,75,76,83,84,98,100,105" machi="105" ten="30,4000,0" yaku="1,1,0,1,52,1,53,0" doraHai="74" doraHaiUra="16" who="0" fromWho="0" sc="220,60,270,-20,250,-10,240,-10" /><INIT seed="2,0,0,1,1,38" ten="280,250,240,230" oya="2" hai0="36,97,98,57,75,88,87,112,130,111,78,124,117" hai1="32,131,81,56,40,62,60,132,59,116,43,106,15" hai2="115,110,73,108,64,96,69,133,27,95,92,63,1" hai3="39,37,48,70,44,24,122,83,84,128,91,41,105"/><V94/><F115/><W34/><G122/><T66/><D112/><U18/><E32/><V121/><F121/><W109/><G109/><N who="2" m="42089" /><F73/><W80/><G128/><T58/><D130/><U22/><E131/><V134/><F1/><W102/><G70/><T52/><D36/><U126/><E116/><V68/><F68/><W16/><G83/><T101/><D124/><U61/><E106/><V30/><F96/><N who="0" m="36970" /><D75/><U100/><E100/><V42/><F42/><N who="1" m="15913" /><E132/><N who="2" m="50795" /><F95/><W46/><G102/><T71/><D101/><U25/><E126/><V0/><F0/><W10/><G105/><T103/><D103/><U55/><E81/><V50/><F50/><W123/><G123/><T12/><D71/><U20/><E55/><V89/><F89/><W9/><G39/><T17/><D117/><U6/><E6/><V77/><F77/><W72/><G72/><T19/><D78/><U127/><E127/><V11/><F11/><W47/><G37/><T14/><D111/><U93/><E93/><V21/><AGARI ba="0,0" hai="21,27,30,63,64,69,92,94" m="50795,42089" machi="21" ten="30,6000,0" yaku="14,1,10,1,20,1" doraHai="38" who="2" fromWho="2" sc="280,-20,250,-20,240,60,230,-20" /><INIT seed="2,1,0,0,5,128" ten="260,230,300,210" oya="2" hai0="113,35,67,39,78,80,71,123,8,115,55,110,48" hai1="135,17,120,50,22,44,70,28,62,58,29,130,41" hai2="5,63,101,59,88,23,82,12,68,15,112,42,6" hai3="11,103,95,105,52,126,134,99,127,122,64,37,34"/><V10/><F112/><W118/><G118/><T114/><D123/><U49/><E130/><V27/><F68/><W111/><G122/><T33/><D39/><U36/><E120/><V85/><F101/><W86/><G111/><T97/><D110/><U25/><E135/><V7/><F42/><W116/><G116/><T54/><D97/><U18/><E70/><V90/><F90/><W9/><G37/><T92/><D92/><U2/><E2/><V129/><F15/><W81/><G64/><T45/><D8/><U93/><E36/><V66/><F129/><W89/><G34/><T69/><D69/><U1/><E1/><V65/><F66/><W107/><G134/><T108/><D108/><U87/><E49/><V47/><F47/><W109/><G109/><T72/><D55/><U125/><E125/><N who="3" m="47626" /><G52/><T16/><D67/><N who="1" m="39383" /><E29/><AGARI ba="1,0" hai="5,6,7,10,12,23,27,29,59,63,65,82,85,88" machi="29" ten="30,5800,0" yaku="7,1,8,1,54,1" doraHai="128" who="2" fromWho="1" sc="260,0,230,-61,300,61,210,0" /><INIT seed="2,2,0,5,3,60" ten="260,169,361,210" oya="2" hai0="14,70,42,23,94,127,8,77,57,36,66,52,124" hai1="50,21,105,33,106,1,126,132,99,104,0,72,109" hai2="37,81,45,75,22,56,40,88,108,15,62,34,98" hai3="117,16,111,114,120,68,103,63,92,76,64,6,2"/><V116/><F34/><W135/><G117/><T13/><D77/><U95/><E33/><V79/><F116/><W53/><G120/><T123/><D123/><U30/><E72/><V78/><F79/><W133/><G111/><T41/><D94/><U65/><E109/><V67/><F108/><W7/><G114/><T86/><D86/><U48/><E132/><N who="3" m="50762" /><G76/><T71/><D23/><U110/><E110/><V121/><F121/><W12/><G2/><T25/><D25/><U113/><E113/><V28/><F15/><W96/><G53/><T91/><D91/><U112/><E112/><V93/><F22/><AGARI ba="2,0" hai="6,7,12,16,22,63,64,68,92,96,103" m="50762" machi="22" ten="30,3900,0" yaku="20,1,52,1,54,1" doraHai="60" who="3" fromWho="2" sc="260,0,169,0,361,-45,210,45" /><INIT seed="3,0,0,2,3,60" ten="260,169,316,255" oya="3" hai0="105,125,118,24,109,30,28,2,92,88,135,4,131" hai1="107,34,99,57,11,117,68,62,58,19,14,75,90" hai2="115,110,52,17,91,86,67,129,33,1,134,32,100" hai3="26,73,22,38,76,122,56,97,69,59,119,42,85"/><W46/><G119/><T53/><D105/><U108/><E117/><V44/><F115/><W36/><G122/><T5/><D118/><U116/><E116/><V6/><F100/><W54/><G73/><T93/><D109/><U18/><E108/><V66/><F110/><W112/><G112/><T70/><D70/><U94/><E34/><V31/><F6/><W64/><G38/><T16/><D125/><U79/><E107/><V27/><F32/><W72/><G72/><T3/><D135/><U7/><E68/><V20/><F1/><W120/><G120/><T9/><D131/><U113/><E58/><V103/><F103/><W49/><G97/><T127/><D53/><U13/><E113/><V74/><F74/><W15/><G15/><T39/><D39/><U29/><E29/><V40/><F52/><W78/><G85/><T71/><D71/><U25/><E25/><V114/><F134/><W89/><G89/><T8/><D127/><U10/><E75/><V0/><F0/><W128/><G128/><T101/><D101/><U83/><E83/><N who="2" m="49631" /><F129/><W80/><G80/><T133/><D133/><U106/><E106/><V37/><F114/><W65/><G59/><T130/><D130/><U45/><E45/><V98/><F98/><W77/><G69/><T123/><D123/><U35/><E35/><V21/><F33/><W48/><G36/><T61/><D88/><U111/><E111/><V55/><F55/><W95/><G95/><N who="0" m="36427" /><D61/><U87/><E7/><V47/><F44/><W51/><G46/><T121/><D121/><U124/><E124/><V132/><F132/><RYUUKYOKU ba="0,0" sc="260,15,169,-15,316,15,255,-15" hai0="2,3,4,5,8,9,16,24,28,30" hai2="17,20,21,27,31,37,40,47,66,67" owari="275,7.5,154,-34.6,331,43.1,240,-16.0" /></mjloggm>