<mjloggm ver="2.3"><GO type="225" lobby="0"/><UN n0="%E3%81%BD%E3%81%A1%E3%81%9F%E3%81%93%E3%82%84" n1="%E3%83%81%E3%83%83%E3%82%BF%E3%82%BD%E3%83%BC" n2="%E6%81%A5%E6%99%92%E3%81%97" n3="%E6%98%93%E5%88%A9%E8%96%A9%E4%BC%AF" dan="17,16,16,16" rate="2204.91,2086.12,2199.13,2162.98" sx="M,F,M,F"/><TAIKYOKU oya="0"/><INIT seed="0,0,0,3,2,85" ten="250,250,250,250" oya="0" hai0="60,20,3,78,122,32,108,30,43,7,84,11,127" hai1="97,16,82,121,26,135,53,116,52,109,87,57,125" hai2="129,15,10,120,132,74,75,71,61,103,13,114,100" hai3="54,35,45,104,40,81,128,93,9,77,8,58,90"/><T33/><D122/><U50/><E109/><V65/><F114/><W19/><G35/><T105/><D105/><U4/><E121/><V99/><F120/><W115/><G104/><T12/><D108/><U107/><E116/><V69/><F129/><W94/><G115/><T46/><D127/><U49/><E125/><V27/><F132/><W86/><G94/><T41/><D60/><U22/><E135/><V92/><F27/><W21/><G45/><T70/><D70/><U117/><E117/><V28/><F28/><W80/><G40/><T14/><D43/><U134/><E134/><V119/><F119/><W126/><G128/><T36/><D14/><U112/><E112/><V96/><F71/><W25/><G126/><T18/><D30/><U113/><E113/><V55/><F55/><W42/><G42/><T17/><D17/><U79/><E4/><V39/><F39/><W56/><G56/><T123/><D123/><U95/><E107/><V72/><REACH who="2" step="1"/><F10/><REACH who="2" ten="250,250,240,250" step="2"/><N who="3" m="4203" /><G77/><T5/><D5/><U24/><E26/><V63/><F63/><AGARI ba="0,1" hai="19,21,25,54,58,63,80,81,86,90,93" m="4203" machi="63" ten="30,2000,0" yaku="8,1,52,1" doraHai="85" who="3" fromWho="2" sc="250,0,250,0,240,-20,250,30" /><INIT seed="1,0,0,4,3,43" ten="250,250,220,280" oya="1" hai0="48,118,104,17,31,93,126,74,66,53,114,113,24" hai1="91,1,4,133,90,33,84,28,34,41,56,83,78" hai2="117,115,35,18,30,37,2,46,40,63,102,128,98" hai3="6,135,47,25,101,21,11,94,13,129,127,76,77"/><U106/><E133/><V36/><F2/><W49/><G129/><T122/><D104/><U75/><E106/><V9/><F117/><W32/><G32/><T108/><D118/><U125/><E125/><V26/><F128/><W61/><G135/><T64/><D74/><U0/><E91/><V10/><F115/><W112/><G112/><T100/><D126/><U14/><E56/><V116/><F116/><W109/><G109/><T50/><D108/><U62/><E62/><V68/><F37/><W72/><G61/><T89/><D100/><U73/><E75/><V88/><F18/><W57/><G57/><T105/><D105/><U95/><E34/><V103/><F103/><W107/><G72/><T44/><D17/><U131/><E131/><V59/><F68/><W67/><G67/><T79/><D79/><U119/><E119/><V19/><F19/><N who="3" m="12479" /><G107/><T99/><D122/><U52/><E28/><V27/><F27/><W23/><G23/><N who="0" m="15775" /><D114/><U69/><E33/><V54/><REACH who="2" step="1"/><F102/><REACH who="2" ten="250,250,210,280" step="2"/><W60/><G127/><T120/><D113/><U3/><E69/><V132/><F132/><W92/><G101/><T121/><D121/><U124/><E124/><V51/><F51/><W29/><G29/><T134/><D120/><U42/><E0/><V110/><F110/><W22/><G60/><T65/><D134/><U15/><E1/><V20/><F20/><W111/><G22/><T55/><D50/><U123/><E123/><V5/><F5/><W7/><G7/><T39/><D39/><U71/><E3/><V82/><F82/><W38/><G38/><T85/><D48/><RYUUKYOKU ba="0,1" sc="250,-10,250,-10,210,30,280,-10" hai2="9,10,26,30,35,36,40,46,54,59,63,88,98" /><INIT seed="2,1,1,0,4,91" ten="240,240,240,270" oya="2" hai0="115,54,10,113,4,59,130,57,101,78,45,19,80" hai1="106,125,27,28,117,81,92,86,129,121,55,99,15" hai2="105,135,85,62,133,93,26,134,128,64,118,65,89" hai3="49,82,77,100,44,126,95,41,38,75,74,25,8"/><V51/><F118/><W37/><G75/><T43/><D130/><U112/><E125/><V102/><F128/><W111/><G111/><T61/><D19/><U66/><E129/><V47/><F26/><W83/><G126/><T127/><D59/><U30/><E117/><V22/><F22/><W7/><G82/><T13/><D101/><N who="1" m="60647" /><E106/><V29/><F29/><W53/><G25/><T24/><D24/><U60/><E112/><V6/><F6/><W119/><G119/><T12/><D12/><U120/><E55/><V68/><F65/><W73/><G73/><T14/><D14/><U84/><E15/><V20/><F20/><W2/><G53/><T114/><D127/><U122/><E81/><V87/><F87/><N who="1" m="33321" /><E27/><V79/><F79/><W108/><G108/><T96/><D96/><U110/><E110/><V104/><F102/><W35/><G35/><T0/><D0/><U103/><E103/><V70/><F70/><AGARI ba="1,1" hai="28,30,60,66,70,120,121,122" m="33321,60647" machi="70" ten="30,2000,0" yaku="13,1,52,1" doraHai="91" who="1" fromWho="2" sc="240,0,240,33,240,-23,270,0" /><INIT seed="3,0,0,5,5,82" ten="240,273,217,270" oya="3" hai0="96,63,54,39,6,91,64,31,2,132,21,77,56" hai1="49,17,80,53,22,116,68,28,65,119,18,66,121" hai2="60,112,109,131,67,23,108,76,61,51,25,134,57" hai3="115,110,15,90,129,70,19,16,79,30,85,48,88"/><W42/><G115/><T83/><D132/><U135/><E135/><V78/><F134/><W124/><G70/><T9/><D39/><U58/><E121/><V36/><F36/><W106/><G106/><T73/><D31/><U104/><E104/><V107/><F112/><W20/><G129/><T14/><D96/><U130/><E130/><V95/><F107/><W32/><G32/><T10/><D91/><N who="3" m="34857" /><G124/><T13/><D21/><U27/><E80/><V101/><F131/><W7/><G7/><T87/><D73/><U98/><E98/><N who="2" m="59615" /><F51/><W34/><G34/><T3/><REACH who="0" step="1"/><D64/><REACH who="0" ten="230,273,217,270" step="2"/><U11/><E65/><V45/><F108/><W33/><G30/><T0/><D0/><U12/><E28/><V97/><F97/><W128/><G20/><T89/><D89/><U40/><E66/><V72/><F109/><W41/><G110/><T111/><D111/><U43/><REACH who="1" step="1"/><E68/><REACH who="1" ten="230,263,217,270" step="2"/><V74/><F67/><W117/><G128/><T50/><D50/><U1/><E1/><V105/><F105/><W26/><G48/><T122/><D122/><U35/><E35/><V81/><F61/><W114/><G33/><T133/><D133/><U100/><E100/><V8/><F60/><W24/><G114/><T37/><D37/><U75/><E75/><V55/><F74/><W120/><G120/><T113/><D113/><U38/><E38/><V127/><F72/><W99/><G99/><T4/><AGARI ba="0,2" hai="2,3,4,6,9,10,13,14,54,56,63,77,83,87" machi="4" ten="20,8000,1" yaku="1,1,0,1,7,1,9,1,52,1,53,0" doraHai="82" doraHaiUra="94" who="0" fromWho="0" sc="230,100,263,-20,217,-20,270,-40" owari="330,43.0,243,4.3,197,-30.3,230,-17.0" /></mjloggm>