<mjloggm ver="2.3"><GO type="225" lobby="0"/><UN n0="%E5%91%A8%E6%9D%B1" n1="%79%75%72%69%6D%6F%67" n2="%E4%BF%BA%E3%81%A8%E5%A6%96%E5%A4%A2" n3="%E3%83%96%E3%83%83%E3%83%91%E3%82%AA%E3%83%96%E3%83%81%E3%82%AD%E3%83%B3" dan="16,16,16,16" rate="2164.13,2141.40,2102.59,2190.07" sx="M,F,F,M"/><TAIKYOKU oya="0"/><INIT seed="0,0,0,2,0,108" ten="250,250,250,250" oya="0" hai0="36,113,6,132,72,52,133,116,105,109,20,104,60" hai1="111,29,69,84,45,34,68,35,15,62,22,43,78" hai2="53,70,79,18,2,61,44,50,12,8,100,74,96" hai3="131,0,67,88,125,134,47,99,33,4,121,37,106"/><T54/><D116/><U90/><E69/><V13/><F2/><W63/><G33/><T110/><D72/><U86/><E68/><V101/><F74/><W27/><G131/><T85/><D36/><U117/><E117/><V91/><F79/><W55/><G125/><T71/><D6/><U76/><E111/><N who="0" m="42505" /><D113/><U128/><E128/><V40/><F13/><W30/><G134/><N who="0" m="51819" /><D85/><U19/><E29/><V119/><F119/><W48/><G121/><T7/><D7/><U49/><E35/><V94/><F70/><W127/><G127/><T87/><D87/><U25/><E34/><V24/><F24/><W126/><G37/><T75/><D75/><U118/><E25/><V9/><F9/><W114/><G126/><T130/><D130/><U41/><E118/><V120/><F120/><W46/><G114/><T98/><D20/><U32/><E32/><V59/><AGARI ba="0,0" hai="8,12,18,40,44,50,53,59,61,91,94,96,100,101" machi="59" ten="30,2000,0" yaku="0,1,8,1" doraHai="108" who="2" fromWho="2" sc="250,-10,250,-5,250,20,250,-5" /><INIT seed="1,0,0,3,2,87" ten="240,245,270,245" oya="1" hai0="102,42,31,78,38,92,2,16,83,131,97,5,81" hai1="58,85,10,105,80,133,25,117,67,13,90,128,116" hai2="45,91,20,37,40,8,28,50,32,46,15,98,120" hai3="68,108,33,129,9,121,109,35,61,73,130,4,52"/><U122/><E122/><V77/><F120/><W53/><G73/><T110/><D110/><N who="3" m="42601" /><G121/><T127/><D127/><U113/><E113/><V76/><F32/><N who="3" m="12363" /><G68/><T75/><D131/><N who="3" m="50185" /><G61/><T39/><D31/><U26/><E105/><V27/><F45/><W47/><G47/><T60/><D60/><U63/><E133/><V134/><F134/><W43/><G43/><T34/><D34/><U22/><E128/><V11/><F37/><W94/><G94/><T95/><D42/><U124/><E124/><V30/><F30/><W96/><G96/><T104/><D83/><U14/><E117/><V115/><F115/><W79/><G79/><T125/><D125/><U72/><E116/><V51/><F50/><W1/><AGARI ba="0,0" hai="1,4,9,52,53" m="50185,12363,42601" machi="1" ten="40,5200,0" yaku="14,1,19,1,54,1" doraHai="87" who="3" fromWho="3" sc="240,-13,245,-26,270,-13,245,52" /><INIT seed="2,0,0,1,2,8" ten="227,219,257,297" oya="2" hai0="31,76,64,121,114,77,26,21,74,106,39,17,1" hai1="68,6,88,70,116,79,133,104,73,30,44,22,63" hai2="41,103,34,108,27,36,93,118,47,33,35,90,28" hai3="51,85,37,71,15,57,16,82,127,109,99,126,65"/><V10/><F118/><W53/><G37/><T91/><D114/><U95/><E104/><V135/><F135/><W3/><G3/><T134/><D121/><U11/><E133/><V84/><F108/><W46/><G109/><T87/><D134/><U54/><E79/><V52/><F103/><W2/><G2/><T42/><D106/><U55/><E73/><V78/><F78/><W102/><G71/><T112/><D112/><U119/><E119/><V100/><F100/><W50/><G65/><T60/><D1/><U49/><E55/><V20/><F10/><W5/><G5/><T131/><D131/><U72/><E72/><V66/><F66/><W80/><G99/><T62/><D62/><U86/><E63/><V107/><F107/><W56/><G102/><T4/><D4/><U96/><E116/><V132/><F132/><W124/><G51/><T67/><D67/><U81/><E22/><V92/><REACH who="2" step="1"/><F52/><REACH who="2" ten="227,219,247,297" step="2"/><W43/><G53/><T25/><D74/><U115/><E115/><V7/><F7/><W12/><G126/><T122/><D76/><U101/><REACH who="1" step="1"/><E30/><REACH who="1" ten="227,209,247,297" step="2"/><V125/><F125/><W120/><G127/><T117/><D77/><U75/><E75/><V38/><F38/><W14/><G124/><T59/><D117/><U24/><E24/><V48/><F48/><W105/><G50/><T45/><D122/><U98/><E98/><V58/><F58/><W123/><G57/><T40/><D39/><U69/><E69/><V129/><F129/><W97/><G56/><T113/><D113/><U32/><E32/><V9/><F9/><N who="3" m="6159" /><G123/><T13/><D26/><RYUUKYOKU ba="0,2" sc="227,-15,209,15,247,15,297,-15" hai1="6,11,44,49,54,68,70,81,86,88,95,96,101" hai2="20,27,28,33,34,35,36,41,47,84,90,92,93" /><INIT seed="2,1,2,4,3,64" ten="212,224,262,282" oya="2" hai0="30,77,119,76,107,56,29,15,105,2,70,62,74" hai1="21,40,97,67,44,110,9,69,98,75,80,83,57" hai2="68,13,12,78,31,36,81,32,46,115,109,63,124" hai3="20,60,131,135,26,54,118,126,14,39,127,113,3"/><V25/><F115/><W103/><G118/><T123/><D2/><U43/><E110/><V108/><F124/><N who="3" m="47659" /><G131/><T22/><D123/><U33/><E69/><V58/><F46/><W79/><G135/><T130/><D130/><U82/><E33/><V88/><F36/><W38/><G3/><T84/><D70/><U10/><E21/><V86/><F78/><W71/><G103/><T129/><D129/><U128/><E75/><V72/><F72/><W53/><G14/><T125/><D125/><U6/><E128/><V24/><F24/><W122/><G122/><T112/><D112/><U102/><E6/><V65/><F58/><N who="3" m="34895" /><G71/><T28/><D74/><U96/><E102/><V92/><F81/><W59/><G79/><T133/><D133/><U8/><E44/><V94/><F94/><W27/><G27/><T104/><D119/><U132/><E132/><V99/><F99/><W120/><G120/><T87/><D77/><U55/><E67/><V111/><AGARI ba="1,2" hai="12,13,25,31,32,63,65,68,86,88,92,108,109,111" machi="111" ten="30,12000,1" yaku="0,1,14,1,10,1,52,1,54,1" doraHai="64" who="2" fromWho="2" sc="212,-41,224,-41,262,143,282,-41" /><INIT seed="2,2,0,5,1,2" ten="171,183,405,241" oya="2" hai0="43,128,26,7,123,78,48,39,112,52,61,100,33" hai1="80,131,16,19,127,40,62,85,25,24,133,104,20" hai2="111,58,41,69,28,67,32,77,63,29,34,82,38" hai3="31,30,101,54,35,10,124,53,6,23,110,45,109"/><V107/><F107/><W122/><G122/><T36/><D123/><U18/><E104/><V75/><F58/><W129/><G35/><T116/><D112/><U121/><E121/><V106/><F106/><W98/><G124/><T74/><D128/><U37/><E127/><V60/><F60/><W88/><G129/><T11/><D116/><U76/><E131/><V115/><F115/><W96/><G101/><T90/><D100/><U68/><E133/><V46/><F29/><N who="3" m="10763" /><G23/><T3/><D26/><U47/><REACH who="1" step="1"/><E20/><REACH who="1" ten="171,173,405,241" step="2"/><V81/><F34/><W105/><G105/><T72/><D33/><U102/><E102/><V92/><F32/><W134/><G134/><T103/><D103/><U113/><E113/><V135/><F135/><W70/><G110/><T1/><D39/><U93/><E93/><V73/><F111/><W118/><G109/><T66/><D36/><U119/><E119/><V56/><F92/><W83/><G118/><T130/><D130/><U120/><E120/><V99/><F81/><W125/><G83/><T57/><D78/><U44/><E44/><V42/><F82/><W12/><G45/><T14/><D90/><U71/><E71/><V84/><F77/><W13/><G70/><T50/><D74/><U49/><E49/><V64/><F75/><W9/><G125/><T97/><D72/><U108/><E108/><V8/><F73/><W22/><G22/><T5/><D50/><U17/><N who="1" m="4096" /><DORA hai="95" /><U126/><E126/><V21/><F21/><W114/><G114/><T65/><D48/><U55/><E55/><N who="3" m="21002" /><G88/><T91/><D91/><U132/><E132/><RYUUKYOKU ba="2,1" sc="171,-15,173,15,405,-15,241,15" hai1="24,25,37,40,47,62,68,76,80,85" hai3="6,9,10,12,13,96,98" /><INIT seed="3,3,1,5,2,32" ten="156,188,390,256" oya="3" hai0="18,105,40,51,74,39,88,55,59,26,85,129,113" hai1="65,69,86,4,123,124,99,80,58,34,14,60,62" hai2="61,78,22,68,45,46,49,38,41,96,15,112,29" hai3="31,103,36,76,16,108,98,111,53,0,128,35,30"/><W2/><G36/><T70/><D74/><U6/><E124/><V106/><F112/><W75/><G128/><T117/><D117/><U84/><E34/><V87/><F68/><W77/><G53/><T118/><D118/><U110/><E110/><N who="3" m="42026" /><G16/><T10/><D105/><U63/><E123/><V9/><F61/><W132/><G132/><T107/><D107/><U116/><E116/><V17/><F106/><N who="3" m="63863" /><G35/><T44/><D129/><U93/><E86/><V109/><F109/><W5/><G5/><T133/><D133/><U94/><E94/><V33/><F33/><W104/><G104/><T91/><D113/><U47/><E47/><N who="2" m="25839" /><F38/><W42/><G42/><T97/><D70/><U11/><E6/><N who="2" m="3511" /><F29/><N who="3" m="10763" /><G75/><T1/><D26/><U73/><E73/><V54/><F54/><W125/><G125/><T100/><D85/><U92/><E69/><V67/><F67/><W48/><G48/><T115/><D115/><U134/><E134/><V89/><F96/><W95/><G95/><T8/><D97/><U119/><E93/><N who="2" m="54463" /><F78/><AGARI ba="3,1" hai="0,2,76,77,78" m="10763,63863,42026" machi="78" ten="30,11600,0" yaku="14,1,10,1,52,2" doraHai="32" who="3" fromWho="2" sc="156,0,188,0,390,-125,256,135" owari="156,-34.4,188,-21.2,265,6.5,391,49.1" /></mjloggm>