<mjloggm ver="2.3"><GO type="225" lobby="0"/><UN n0="%E6%9C%88%E5%A4%9C%E3%81%AB%E9%A2%A8" n1="%E3%83%96%E3%83%83%E3%83%91%E3%82%AA%E3%83%96%E3%83%81%E3%82%AD%E3%83%B3" n2="%E6%9D%B1%E9%A2%A8%E3%81%AE%E3%81%8D%E3%82%83%E3%81%B7%E3%81%95%E3%82%93" n3="%E3%82%8F%E3%81%8B%E3%81%B0%2A%E3%82%AC%E3%83%BC%E3%83%AB" dan="16,16,16,16" rate="2106.47,2166.05,2173.01,2098.01" sx="M,M,M,M"/><TAIKYOKU oya="0"/><INIT seed="0,0,0,1,1,32" ten="250,250,250,250" oya="0" hai0="65,118,31,11,122,115,29,12,126,93,28,42,113" hai1="117,103,58,116,47,17,77,43,54,71,73,79,45" hai2="30,109,27,36,120,127,21,108,18,129,128,75,37" hai3="20,39,56,114,8,95,106,62,5,49,104,74,99"/><T13/><D118/><U15/><E71/><V22/><F75/><W3/><G39/><N who="2" m="14921" /><F120/><W119/><G119/><T23/><D122/><U78/><E73/><V90/><F90/><W6/><G114/><T35/><D35/><U52/><E43/><V48/><F48/><W55/><G74/><T64/><D126/><U85/><E103/><V26/><F127/><W131/><G131/><AGARI ba="0,0" hai="18,21,22,26,27,30,108,109,128,129,131" m="14921" machi="131" ten="30,1000,0" yaku="19,1" doraHai="32" who="2" fromWho="3" sc="250,0,250,0,250,10,250,-10" /><INIT seed="1,0,0,3,0,111" ten="250,250,260,240" oya="1" hai0="36,125,23,127,40,63,100,32,98,39,30,29,90" hai1="72,28,95,62,85,119,49,115,3,130,21,87,65" hai2="10,91,74,13,20,77,58,105,117,78,61,14,59" hai3="43,126,133,83,104,1,18,45,86,44,129,120,114"/><U112/><E119/><V31/><F117/><W35/><G120/><T17/><D90/><U26/><E72/><V57/><F105/><W108/><G108/><T37/><D40/><U16/><E130/><V53/><F74/><W46/><G104/><T60/><D32/><U106/><E106/><V84/><F77/><W89/><G129/><T11/><D11/><U54/><E3/><V33/><F78/><W15/><G35/><T64/><D98/><U47/><E28/><N who="0" m="10857" /><D100/><U22/><E22/><V42/><F42/><W34/><G34/><T52/><D64/><U66/><E66/><V2/><F2/><W110/><G1/><T94/><D94/><U7/><E7/><N who="2" m="3295" /><F33/><W118/><G110/><T70/><D70/><U27/><E27/><N who="2" m="16871" /><F14/><W121/><G118/><T55/><D17/><U132/><E132/><V48/><F61/><N who="0" m="23626" /><D23/><U25/><E25/><V113/><F113/><W76/><G114/><T38/><N who="0" m="9216" /><DORA hai="56" /><T4/><D4/><U9/><E9/><V92/><AGARI ba="0,0" hai="48,53,57,58,59,84,91,92" m="16871,3295" machi="92" ten="30,1100,0" yaku="8,1" doraHai="111,56" who="2" fromWho="2" sc="250,-3,250,-5,260,11,240,-3" /><INIT seed="2,0,0,0,3,100" ten="247,245,271,237" oya="2" hai0="36,131,120,43,122,31,88,13,3,25,45,8,81" hai1="112,48,2,97,26,116,64,17,6,107,103,119,89" hai2="40,35,113,82,91,21,114,51,4,126,115,79,18" hai3="0,34,50,58,74,102,27,117,125,85,98,95,76"/><V86/><F35/><W75/><G117/><T37/><D37/><U29/><E112/><V44/><F126/><W110/><G0/><T49/><D3/><U12/><E89/><V121/><F121/><W92/><G125/><T104/><D104/><U132/><E132/><V23/><F91/><W111/><G34/><T32/><D131/><U124/><E124/><V123/><F123/><W101/><G27/><T61/><D61/><U90/><E64/><V52/><F4/><W22/><G22/><T65/><D65/><U39/><E39/><V57/><REACH who="2" step="1"/><F18/><REACH who="2" ten="247,245,261,237" step="2"/><W7/><G7/><T77/><D88/><U71/><E90/><V28/><F28/><W78/><G110/><T134/><D134/><U128/><E6/><V118/><F118/><W105/><G111/><T87/><REACH who="0" step="1"/><D36/><AGARI ba="0,1" hai="21,23,36,40,44,51,52,57,79,82,86,113,114,115" machi="36" ten="40,3900,0" yaku="1,1,54,1,53,0" doraHai="100" doraHaiUra="135" who="2" fromWho="0" sc="247,-39,245,0,261,49,237,0" /><INIT seed="2,1,0,3,2,105" ten="208,245,310,237" oya="2" hai0="49,115,67,102,40,5,43,95,108,119,37,124,0" hai1="97,52,59,19,127,51,96,89,132,73,104,82,88" hai2="8,64,38,53,121,86,22,78,122,2,120,33,80" hai3="92,103,58,116,30,24,17,14,75,109,99,26,71"/><V93/><F33/><W76/><G116/><T128/><D115/><U54/><E132/><V15/><F38/><W16/><G71/><T34/><D119/><U35/><E127/><V4/><F64/><W60/><G109/><T23/><D34/><U81/><E35/><V63/><F93/><W45/><G45/><T10/><D108/><U12/><E104/><V135/><F135/><W47/><G47/><T91/><D124/><U27/><E27/><V77/><F22/><W32/><G24/><T90/><D128/><U94/><E73/><V83/><F63/><W74/><G76/><T56/><D37/><U66/><E66/><V113/><F53/><W65/><G17/><T55/><D23/><AGARI ba="1,0" hai="14,16,23,26,30,32,58,60,65,74,75,92,99,103" machi="23" ten="30,7700,0" yaku="7,1,52,2,54,1" doraHai="105" who="3" fromWho="0" sc="208,-80,245,0,310,0,237,80" /><INIT seed="3,0,0,1,1,118" ten="128,245,310,317" oya="3" hai0="23,56,25,30,6,9,29,132,41,34,133,40,43" hai1="24,89,5,115,12,109,42,65,58,85,116,123,38" hai2="61,50,7,91,108,71,11,67,99,13,135,102,59" hai3="32,68,27,70,134,49,1,77,107,94,98,80,39"/><W87/><G1/><T52/><D30/><U97/><E115/><V19/><F108/><W128/><G39/><T121/><D121/><U74/><E74/><V117/><F117/><W4/><G4/><T100/><D100/><U26/><E116/><V44/><F135/><W15/><G15/><T8/><D34/><U0/><E0/><V95/><F71/><W75/><G134/><T82/><D82/><N who="1" m="49335" /><E38/><V120/><F120/><W18/><G49/><T127/><D127/><U53/><E42/><N who="2" m="24855" /><F7/><W36/><G36/><T57/><D57/><U126/><E109/><V119/><F119/><W16/><G128/><T63/><REACH who="0" step="1"/><D6/><REACH who="0" ten="118,245,310,317" step="2"/><U83/><E58/><V92/><F92/><W35/><G35/><T28/><D28/><U37/><E5/><V125/><F125/><W62/><G68/><T84/><D84/><U76/><E126/><V21/><F102/><N who="3" m="62935" /><G70/><T54/><D54/><U10/><E53/><V103/><F103/><W3/><G3/><T131/><D131/><U124/><E124/><V114/><F114/><W105/><G105/><T48/><D48/><U129/><E37/><V130/><F130/><W60/><G60/><T17/><D17/><N who="1" m="8343" /><E123/><V113/><F113/><W96/><G62/><T81/><D81/><U88/><E129/><V20/><AGARI ba="0,1" hai="11,13,19,20,21,59,61,67,91,95,99" m="24855" machi="20" ten="30,1100,0" yaku="8,1" doraHai="118" who="2" fromWho="2" sc="118,-3,245,-3,310,21,317,-5" owari="115,-38.5,242,-15.8,331,43.1,312,11.2" /></mjloggm>