<mjloggm ver="2.3"><GO type="225" lobby="0"/><UN n0="%E3%81%8B%E3%82%8F%E3%81%A1%E3%82%83%E3%82%93%35%38" n1="%72%69%6F%75%63%68%61%6E" n2="%E5%8D%A0%E3%81%84%E5%B8%AB%E8%A3%8F%E3%81%AA%E3%81%84%E3%81%97" n3="%E3%82%8A%E3%81%93%E3%82%8A%E3%82%93%E3%81%94" dan="16,16,17,17" rate="2150.22,2108.62,2178.98,2214.01" sx="M,M,M,M"/><TAIKYOKU oya="0"/><INIT seed="0,0,0,4,5,89" ten="250,250,250,250" oya="0" hai0="19,94,115,109,38,95,76,120,71,7,23,45,36" hai1="9,3,77,16,134,127,47,135,62,25,131,64,79" hai2="114,70,119,74,13,50,11,44,128,55,102,10,92" hai3="83,30,60,67,106,82,20,53,132,69,99,73,15"/><T130/><D115/><U85/><E127/><V46/><F114/><W93/><G106/><T58/><D71/><U88/><E131/><V0/><F128/><W35/><G35/><T118/><D118/><U22/><E47/><V51/><F70/><W100/><G132/><N who="1" m="50730" /><E9/><V14/><F74/><W59/><G73/><T29/><D120/><U8/><E8/><N who="2" m="3115" /><F119/><W124/><G124/><T103/><D130/><U40/><E40/><N who="2" m="24839" /><F0/><W96/><G96/><AGARI ba="0,0" hai="13,14,46,51,55,92,96,102" m="24839,3115" machi="96" ten="30,2000,0" yaku="8,1,52,1" doraHai="89" who="2" fromWho="3" sc="250,0,250,0,250,20,250,-20" /><INIT seed="1,0,0,4,2,71" ten="250,250,270,230" oya="1" hai0="65,59,80,77,89,91,57,15,54,129,34,30,131" hai1="25,100,96,116,58,60,123,130,11,82,19,92,85" hai2="24,122,55,50,79,74,5,23,53,69,93,66,63" hai3="38,42,13,29,107,32,3,87,99,8,16,125,119"/><U117/><E130/><N who="0" m="49673" /><D34/><U14/><E123/><V4/><F122/><W26/><G125/><T43/><D30/><U75/><E75/><V64/><F64/><W101/><G119/><T132/><D132/><U2/><E2/><V86/><F74/><W47/><G3/><T121/><D121/><U6/><E25/><V36/><F53/><W67/><G67/><T110/><D110/><U95/><E95/><V118/><F118/><W112/><REACH who="3" step="1"/><G87/><REACH who="3" ten="250,250,270,220" step="2"/><N who="0" m="48527" /><D43/><U83/><E6/><V102/><F4/><W45/><G45/><T106/><D106/><U78/><REACH who="1" step="1"/><E82/><REACH who="1" ten="250,240,270,220" step="2"/><V44/><F5/><W37/><G37/><T68/><D68/><U73/><E73/><V126/><F36/><W56/><G56/><T22/><D59/><U135/><E135/><V103/><F69/><W52/><G52/><AGARI ba="0,2" hai="11,14,19,52,58,60,78,83,85,92,96,100,116,117" machi="52" ten="30,11600,0" yaku="1,1,7,1,54,1,53,1" doraHai="71" doraHaiUra="76" who="1" fromWho="3" sc="250,0,240,136,270,0,220,-116" /><INIT seed="1,1,0,2,2,28" ten="250,376,270,104" oya="1" hai0="104,93,2,23,57,24,78,82,52,70,122,22,31" hai1="45,80,59,97,133,117,68,106,103,12,55,81,51" hai2="26,8,102,54,91,43,66,71,35,38,14,61,124" hai3="87,33,123,32,19,48,110,131,62,36,34,63,21"/><U101/><E133/><V40/><F124/><W99/><G123/><T4/><D122/><U50/><E68/><V13/><F102/><W126/><G36/><T46/><D70/><U83/><E103/><V132/><F132/><W128/><G126/><T37/><D104/><U0/><E0/><V65/><F65/><W84/><G110/><T116/><D116/><U129/><E129/><N who="3" m="49738" /><G48/><T112/><D112/><U119/><REACH who="1" step="1"/><E12/><REACH who="1" ten="250,366,270,104" step="2"/><V58/><F13/><N who="3" m="9455" /><G99/><T92/><D2/><U115/><E115/><V105/><F14/><W125/><G125/><T69/><D69/><U135/><E135/><V64/><F71/><W109/><G109/><T56/><D56/><U44/><E44/><V1/><F58/><W111/><G111/><T95/><D46/><U86/><E86/><AGARI ba="1,1" hai="32,33,34,62,63,84,86,87" m="9455,49738" machi="86" ten="40,8000,1" yaku="19,1,52,3" doraHai="28" who="3" fromWho="1" sc="250,0,366,-83,270,0,104,93" /><INIT seed="2,0,0,0,2,95" ten="250,283,270,197" oya="2" hai0="61,74,46,20,125,97,15,41,55,130,100,91,33" hai1="96,47,129,3,75,42,43,123,106,28,7,45,108" hai2="22,40,1,4,78,27,25,69,133,110,36,23,116" hai3="11,24,8,120,66,102,105,88,0,132,9,5,48"/><V16/><F116/><W121/><G132/><T117/><D33/><U37/><E108/><V111/><F69/><W50/><G66/><T104/><D74/><U29/><E129/><V34/><F133/><W51/><G24/><T49/><D130/><U94/><E123/><V73/><F34/><W39/><G39/><T54/><D125/><U81/><E106/><V67/><F67/><W87/><G121/><T127/><D127/><U93/><E93/><V30/><F4/><W64/><G64/><T99/><D117/><U2/><E2/><V84/><F1/><W44/><G44/><T92/><REACH who="0" step="1"/><D61/><REACH who="0" ten="240,283,270,197" step="2"/><U35/><E35/><V65/><F73/><W13/><G120/><T58/><D58/><U86/><E75/><V113/><F113/><W26/><G0/><T12/><D12/><U126/><E3/><V53/><F110/><W90/><G26/><T10/><D10/><U18/><E126/><V62/><F111/><W68/><G68/><T128/><D128/><U83/><E45/><V135/><F135/><W124/><G124/><T122/><D122/><U109/><E47/><V118/><F25/><W14/><G14/><T31/><D31/><U71/><E28/><V77/><F27/><W112/><G112/><T6/><D6/><U32/><E7/><V72/><F72/><W101/><G13/><T38/><D38/><U115/><E37/><V19/><F36/><W107/><G5/><T131/><D131/><U60/><E109/><V21/><F30/><W103/><REACH who="3" step="1"/><G87/><REACH who="3" ten="240,283,270,187" step="2"/><T63/><D63/><U76/><E60/><V56/><F62/><W57/><G57/><RYUUKYOKU ba="0,2" sc="240,15,283,-15,270,-15,187,15" hai0="15,20,41,46,49,54,55,91,92,97,99,100,104" hai3="8,9,11,48,50,51,88,90,101,102,103,105,107" /><INIT seed="3,1,2,3,0,91" ten="255,268,255,202" oya="3" hai0="53,43,41,50,34,96,63,8,22,52,119,3,124" hai1="5,11,97,47,129,23,48,77,126,99,1,89,78" hai2="125,28,65,59,92,87,121,17,2,32,57,62,12" hai3="111,110,116,104,67,72,75,86,135,79,117,40,101"/><W85/><G67/><T127/><D34/><U31/><E126/><N who="0" m="48169" /><D119/><N who="3" m="45641" /><G40/><T36/><D36/><U103/><E129/><V132/><F125/><W56/><G56/><N who="0" m="35207" /><D22/><U133/><E133/><V61/><F132/><W107/><G135/><T37/><D37/><U106/><E31/><V122/><F2/><W42/><G42/><T130/><D130/><U93/><E23/><V20/><F28/><W39/><G39/><T0/><D96/><U118/><E118/><V4/><F4/><W82/><G75/><T69/><D69/><U26/><E26/><V33/><F33/><W51/><G51/><T74/><D74/><U25/><E25/><V45/><F45/><W24/><G24/><T10/><D0/><U46/><E46/><V30/><F30/><W16/><G16/><T54/><D54/><AGARI ba="1,2" hai="1,5,11,47,48,54,77,78,89,93,97,99,103,106" machi="54" ten="30,2000,0" yaku="7,1,52,1" doraHai="91" who="1" fromWho="0" sc="255,-23,268,43,255,0,202,0" owari="232,-16.8,311,41.1,255,5.5,202,-29.8" /></mjloggm>