<mjloggm ver="2.3"><GO type="225" lobby="0"/><UN n0="%33%74%72%65%65" n1="%6C%61%6D%62" n2="%E6%B8%A9%E2%98%85%E6%83%85%E2%98%85%E6%8E%AA%E2%98%85%E7%BD%AE" n3="%E7%89%B9%E6%9D%B1%E3%81%AF%E4%B8%96%E7%95%8C%E3%82%92%E6%95%91%E3%81%86" dan="16,16,17,16" rate="2166.08,2247.45,2175.04,2188.62" sx="F,M,M,M"/><TAIKYOKU oya="0"/><INIT seed="0,0,0,4,2,38" ten="250,250,250,250" oya="0" hai0="45,31,98,52,74,126,73,93,61,116,19,79,49" hai1="76,90,54,92,9,41,99,109,130,23,91,71,132" hai2="37,8,97,57,103,21,2,26,111,135,82,16,34" hai3="42,112,29,108,64,117,68,43,75,104,27,81,78"/><T1/><D116/><U5/><E71/><V84/><F111/><W60/><G117/><T87/><D126/><U66/><E109/><V94/><F135/><W33/><G108/><T32/><D1/><U131/><E66/><V3/><F37/><W120/><G112/><T59/><D19/><U95/><E76/><V6/><F34/><W72/><G120/><T69/><D69/><U24/><E54/><V122/><F122/><W39/><G39/><T28/><D87/><U86/><E41/><V18/><F57/><W128/><G128/><T115/><D115/><U14/><REACH who="1" step="1"/><E132/><REACH who="1" ten="250,240,250,250" step="2"/><V22/><F3/><W17/><G72/><T85/><D74/><U105/><E105/><V119/><F119/><W107/><G104/><T89/><D73/><U100/><E100/><V88/><REACH who="2" step="1"/><F22/><REACH who="2" ten="250,240,240,250" step="2"/><W121/><G121/><T80/><REACH who="0" step="1"/><D32/><REACH who="0" ten="240,240,240,250" step="2"/><U114/><E114/><V133/><F133/><W96/><REACH who="3" step="1"/><G17/><AGARI ba="0,3" hai="5,9,14,17,23,24,86,90,91,92,95,99,130,131" machi="17" ten="40,1300,0" yaku="1,1,53,0" doraHai="38" doraHaiUra="58" who="1" fromWho="3" sc="240,0,240,43,240,0,250,-13" /><AGARI ba="0,0" hai="2,6,8,16,17,18,21,26,82,84,88,94,97,103" machi="17" ten="30,7700,0" yaku="1,1,7,1,54,2,53,0" doraHai="38" doraHaiUra="58" who="2" fromWho="3" sc="240,0,283,0,240,77,237,-77" /><INIT seed="1,0,0,4,5,58" ten="240,283,317,160" oya="1" hai0="75,29,106,19,135,8,112,115,2,79,121,85,126" hai1="71,119,90,66,43,99,82,91,4,100,62,70,83" hai2="32,15,16,40,38,114,22,6,36,87,116,25,120" hai3="42,61,86,23,107,47,113,27,37,117,56,109,124"/><U108/><E119/><V46/><F120/><W63/><G113/><T57/><D121/><U14/><E108/><V76/><F114/><W60/><G109/><T5/><D135/><U93/><E70/><V130/><F116/><W84/><G117/><T21/><D126/><U65/><E65/><V123/><F123/><W103/><G124/><T0/><D0/><U50/><E43/><V73/><F73/><W20/><G56/><T132/><D132/><U122/><E50/><N who="2" m="26951" /><F32/><W51/><G37/><T74/><D106/><U13/><E122/><V1/><F1/><W59/><G59/><T125/><D29/><U111/><E111/><V34/><F34/><W17/><REACH who="3" step="1"/><G23/><REACH who="3" ten="240,283,317,150" step="2"/><T102/><D125/><U127/><E127/><V78/><F38/><W41/><G41/><T95/><D57/><U18/><E71/><V89/><F36/><W128/><G128/><T98/><D115/><U26/><E82/><N who="2" m="49399" /><F130/><W48/><G48/><T52/><D112/><U9/><E83/><V10/><AGARI ba="0,1" hai="6,10,15,16,22,25,76,78" m="49399,26951" machi="10" ten="30,2000,0" yaku="8,1,54,1" doraHai="58" who="2" fromWho="2" sc="240,-5,283,-10,317,30,150,-5" /><INIT seed="2,0,0,1,1,9" ten="235,273,347,145" oya="2" hai0="54,89,5,32,18,40,121,126,47,122,87,92,98" hai1="107,22,110,132,71,99,135,106,103,10,133,114,62" hai2="96,59,28,42,69,38,4,11,119,25,100,23,35" hai3="112,85,67,70,76,93,6,53,108,102,56,123,94"/><V44/><F119/><W66/><G123/><T115/><D115/><U37/><E114/><V52/><F69/><W58/><G112/><T127/><D32/><U77/><E37/><V72/><F72/><W116/><G116/><T8/><D54/><U97/><E110/><V36/><F35/><W12/><G70/><T129/><D18/><U118/><E118/><V105/><F44/><W27/><G108/><T41/><D98/><U130/><E130/><V128/><F42/><W95/><G102/><T43/><D47/><U117/><E117/><V26/><F26/><W88/><G76/><T64/><D64/><N who="1" m="41367" /><E77/><V3/><REACH who="2" step="1"/><F128/><REACH who="2" ten="235,273,337,145" step="2"/><W109/><G109/><T34/><D34/><U45/><E45/><V125/><F125/><N who="0" m="47626" /><D129/><U50/><E133/><V14/><F14/><AGARI ba="0,1" hai="5,8,14,40,41,43,87,89,92,121,122" m="47626" machi="14" ten="30,2000,0" yaku="18,1,52,1" doraHai="9" who="0" fromWho="2" sc="235,30,273,0,337,-20,145,0" /><INIT seed="3,0,0,4,4,112" ten="265,273,317,145" oya="3" hai0="116,24,100,101,69,106,15,64,133,1,11,25,96" hai1="117,128,10,62,35,59,53,0,2,61,49,90,78" hai2="121,27,36,41,108,9,4,92,83,107,31,126,71" hai3="43,111,65,37,34,98,46,74,113,122,32,51,39"/><W19/><G122/><T42/><D133/><U55/><E35/><V85/><F107/><W95/><G113/><T97/><D116/><U118/><E78/><V58/><F71/><W82/><G65/><T102/><D1/><U30/><E30/><V44/><F121/><W21/><G111/><T7/><D42/><U79/><E79/><V73/><F126/><W91/><G74/><T56/><D69/><U76/><E76/><N who="2" m="44431" /><F58/><W123/><G123/><T81/><D81/><U17/><E128/><V105/><F105/><W40/><G82/><T109/><D109/><U47/><E62/><V132/><F108/><W23/><G23/><T131/><D131/><U84/><E17/><V72/><F72/><W127/><G127/><T103/><D103/><U129/><E129/><V89/><F27/><N who="0" m="10314" /><D106/><U86/><E86/><V135/><F31/><W3/><G3/><AGARI ba="0,0" hai="3,4,9,36,41,44,85,89,92,132,135" m="44431" machi="3" ten="30,1000,0" yaku="25,1" doraHai="112" who="2" fromWho="3" sc="265,0,273,0,317,10,145,-10" owari="265,-13.5,273,7.3,327,42.7,135,-36.5" /></mjloggm>