<mjloggm ver="2.3"><GO type="225" lobby="0"/><UN n0="%55%E3%81%A3%E3%81%A1" n1="%E6%80%AA%E3%81%97%E3%81%99%E3%81%8E%E3%82%8B%E3%83%81%E3%83%BC" n2="%50%65%74%65%72%50%61%6E" n3="%E3%83%81%E3%83%83%E3%82%BF%E3%82%BD%E3%83%BC" dan="16,16,17,16" rate="2141.86,2055.55,2218.45,2211.45" sx="M,M,M,F"/><TAIKYOKU oya="0"/><INIT seed="0,0,0,4,3,45" ten="250,250,250,250" oya="0" hai0="59,30,106,60,93,88,62,39,134,61,132,72,51" hai1="83,95,91,130,8,108,1,19,63,34,90,26,70" hai2="98,100,66,23,131,114,3,129,38,82,74,116,115" hai3="84,35,96,122,53,97,104,58,81,7,71,135,13"/><T112/><D106/><U48/><E108/><V133/><F38/><W68/><G135/><N who="0" m="51755" /><D72/><U33/><E130/><N who="2" m="49675" /><F133/><W52/><G122/><T125/><D30/><U2/><E83/><V49/><F66/><W78/><G35/><T111/><D39/><U9/><E90/><V79/><F3/><N who="1" m="1033" /><E48/><V118/><F23/><W40/><G40/><T124/><D112/><N who="2" m="43050" /><F49/><W127/><G127/><N who="0" m="48715" /><D111/><U29/><E95/><AGARI ba="0,0" hai="74,79,82,95,98,100,116,118" m="43050,49675" machi="95" ten="30,3900,0" yaku="19,1,34,2" doraHai="45" who="2" fromWho="1" sc="250,0,250,-39,250,39,250,0" /><INIT seed="1,0,0,2,2,42" ten="250,211,289,250" oya="1" hai0="125,5,123,16,23,0,134,19,61,117,22,87,103" hai1="105,40,9,84,92,73,21,57,79,97,1,98,96" hai2="135,67,56,74,59,120,132,75,28,91,36,54,81" hai3="100,2,104,68,3,116,102,14,46,126,32,108,119"/><U124/><E124/><V62/><F120/><W37/><G14/><N who="0" m="9591" /><D103/><U93/><E105/><V127/><F28/><W69/><G108/><T12/><D61/><U35/><E35/><V109/><F109/><W94/><G94/><T82/><D82/><U26/><E73/><V89/><F36/><W65/><G126/><T112/><D87/><U55/><E9/><V76/><F75/><W70/><G65/><T99/><D99/><U6/><E6/><V130/><F130/><W129/><G129/><T49/><D49/><N who="1" m="30959" /><E1/><V52/><F127/><W25/><G3/><T8/><D125/><U131/><E131/><V58/><F58/><W66/><G66/><T47/><D47/><U83/><E40/><V43/><F43/><N who="3" m="22895" /><G2/><N who="0" m="55" /><D112/><U85/><E85/><V27/><F27/><W77/><G77/><T11/><D117/><N who="3" m="45129" /><G104/><T88/><D88/><N who="2" m="33866" /><F59/><W122/><G122/><T118/><D118/><U31/><AGARI ba="0,0" hai="21,26,31,79,83,84,92,93,96,97,98" m="30959" machi="31" ten="30,1500,0" yaku="8,1" doraHai="42" who="1" fromWho="1" sc="250,-5,211,15,289,-5,250,-5" /><INIT seed="1,1,0,3,2,64" ten="245,226,284,245" oya="1" hai0="13,54,3,23,76,57,77,71,29,46,123,111,68" hai1="16,117,59,12,79,42,120,118,131,119,56,43,0" hai2="84,1,109,21,49,128,87,114,4,52,34,93,14" hai3="27,17,73,69,5,121,103,32,101,11,20,31,10"/><U130/><E120/><V75/><F34/><W89/><G121/><T30/><D3/><U67/><E79/><V47/><F75/><W105/><G73/><T24/><D123/><U8/><E0/><V96/><F109/><W115/><G115/><T65/><D111/><U7/><E7/><V99/><F128/><N who="1" m="49193" /><E67/><V132/><F132/><W102/><G105/><T91/><D30/><U70/><E70/><V113/><F1/><W33/><G69/><T81/><D91/><U51/><E51/><V97/><F93/><W18/><G89/><T124/><D124/><U112/><E112/><N who="2" m="43115" /><F21/><W122/><G122/><T41/><D65/><U116/><N who="1" m="29696" /><DORA hai="40" /><U106/><E106/><V37/><F37/><W85/><G85/><T107/><D107/><U94/><E94/><V98/><F98/><W9/><REACH who="3" step="1"/><G5/><REACH who="3" ten="245,226,284,235" step="2"/><T39/><D76/><U66/><E66/><V50/><F87/><W48/><G48/><T80/><D77/><U88/><E88/><V72/><F84/><W55/><G55/><T25/><D71/><U63/><E63/><V104/><F72/><W61/><G61/><T86/><D68/><U15/><E15/><V133/><F50/><W2/><G2/><T134/><D13/><U53/><E53/><V45/><F104/><W129/><G129/><T78/><D54/><U83/><E83/><V135/><F14/><W60/><G60/><T35/><D81/><U82/><E82/><V36/><F4/><W44/><G44/><T38/><D38/><U100/><E100/><V110/><F110/><W58/><G58/><AGARI ba="1,1" hai="8,12,16,42,43,56,58,59" m="29696,49193" machi="58" ten="60,5800,0" yaku="19,1,54,1" doraHai="64,40" who="1" fromWho="3" sc="245,0,226,71,284,0,235,-61" /><INIT seed="1,2,0,2,3,114" ten="245,297,284,174" oya="1" hai0="13,115,81,119,108,5,71,50,66,107,27,130,58" hai1="86,51,39,36,95,12,31,87,128,63,64,54,90" hai2="102,78,111,3,69,59,110,68,48,116,65,83,23" hai3="24,112,21,105,135,134,34,49,8,56,70,2,125"/><U14/><E128/><V96/><F3/><W121/><G121/><T79/><D115/><U118/><E118/><V76/><F23/><W120/><G120/><T43/><D107/><U17/><E31/><V62/><F116/><W131/><G112/><T19/><D108/><N who="2" m="41514" /><F48/><W1/><G70/><N who="2" m="27241" /><F83/><W60/><G105/><AGARI ba="2,0" hai="59,62,65,76,78,96,102,105" m="27241,41514" machi="105" ten="30,1000,0" yaku="14,1" doraHai="114" who="2" fromWho="3" sc="245,0,297,0,284,16,174,-16" /><INIT seed="2,0,0,2,2,82" ten="245,297,300,158" oya="2" hai0="88,43,128,97,90,114,67,66,46,28,58,40,18" hai1="122,32,116,23,101,120,70,21,87,133,51,36,39" hai2="12,29,113,55,7,109,20,42,96,69,41,1,71" hai3="22,52,5,47,132,11,130,45,31,44,125,102,134"/><V10/><F113/><W91/><G125/><T76/><D128/><U89/><E32/><V53/><F109/><W60/><G130/><T85/><D28/><U86/><E70/><V16/><F96/><W64/><G102/><T115/><D18/><U59/><E116/><V25/><F53/><W121/><G121/><N who="1" m="46698" /><E101/><V81/><F81/><W19/><G31/><T14/><D14/><U72/><E72/><V24/><F24/><W100/><G100/><T117/><D117/><U57/><E133/><V126/><F126/><W78/><G78/><T68/><D58/><N who="1" m="22027" /><E51/><V79/><F79/><W135/><G64/><T107/><D76/><U131/><E131/><V108/><F55/><W74/><G74/><T30/><D68/><N who="2" m="26186" /><F108/><W37/><G60/><T3/><D30/><U124/><E86/><V50/><F50/><W54/><G37/><N who="1" m="14410" /><E124/><V73/><F73/><W17/><G91/><T34/><D34/><AGARI ba="0,0" hai="1,7,10,12,16,20,25,29,34,41,42" m="26186" machi="34" ten="30,2900,0" yaku="24,1,54,1" doraHai="82" who="2" fromWho="0" sc="245,-29,297,0,300,29,158,0" /><INIT seed="2,1,0,5,1,97" ten="216,297,329,158" oya="2" hai0="102,49,42,88,96,125,99,12,109,92,33,4,78" hai1="65,106,58,131,44,127,50,87,1,91,103,114,32" hai2="104,54,66,39,70,8,21,6,3,30,95,115,108" hai3="110,18,23,126,117,93,122,35,64,113,59,94,76"/><V77/><F104/><W9/><G35/><T135/><D33/><U84/><E114/><V130/><F115/><W69/><G117/><T85/><D109/><U22/><E32/><V55/><F39/><W119/><G119/><T112/><D125/><U28/><E1/><V63/><F130/><W81/><G69/><T86/><D135/><U56/><E127/><V129/><F129/><W29/><G126/><T34/><D34/><U98/><E131/><V27/><F108/><W80/><G110/><T47/><D112/><U43/><E65/><V17/><F77/><W15/><G113/><T107/><REACH who="0" step="1"/><D78/><REACH who="0" ten="206,297,329,158" step="2"/><U61/><E61/><V10/><F63/><N who="3" m="38015" /><G122/><T37/><D37/><U72/><E72/><V79/><F79/><W19/><G76/><T132/><D132/><U7/><E7/><V0/><F6/><W116/><G116/><T105/><D105/><U133/><E133/><V41/><F70/><W51/><G51/><T20/><D20/><U124/><E124/><V26/><F21/><W5/><G5/><T121/><D121/><U24/><REACH who="1" step="1"/><E87/><REACH who="1" ten="206,287,329,158" step="2"/><V38/><F3/><W57/><G29/><T2/><D2/><U13/><E13/><V40/><F0/><W82/><G57/><T100/><D100/><U60/><E60/><V101/><F101/><W118/><G118/><T134/><D134/><U48/><E48/><V90/><F30/><W111/><G111/><T83/><D83/><AGARI ba="1,2" hai="22,24,28,43,44,50,56,58,83,84,91,98,103,106" machi="83" ten="30,7700,0" yaku="1,1,7,1,52,1,53,1" doraHai="97" doraHaiUra="16" who="1" fromWho="0" sc="206,-80,287,100,329,0,158,0" /><INIT seed="3,0,0,2,2,79" ten="126,387,329,158" oya="3" hai0="49,27,95,31,42,58,105,24,89,48,73,93,54" hai1="33,108,68,13,51,18,25,104,118,117,106,103,69" hai2="32,111,120,99,81,12,30,10,100,71,119,44,97" hai3="45,61,60,56,29,35,20,16,9,86,114,62,26"/><W5/><G114/><T3/><D105/><N who="1" m="40555" /><E103/><V88/><F119/><N who="1" m="45577" /><E108/><V40/><F71/><W15/><G45/><T28/><D3/><U87/><E87/><N who="2" m="50287" /><F32/><W43/><G43/><T1/><D1/><U50/><E25/><V78/><F111/><W85/><REACH who="3" step="1"/><G56/><REACH who="3" ten="126,387,329,148" step="2"/><T84/><D73/><U67/><E68/><V4/><F44/><W65/><G65/><T57/><D42/><U34/><E67/><V76/><F40/><W0/><AGARI ba="0,1" hai="0,5,9,15,16,20,26,29,35,60,61,62,85,86" machi="0" ten="30,12000,1" yaku="1,1,0,1,24,2,54,1,53,0" doraHai="79" doraHaiUra="122" who="3" fromWho="3" sc="126,-40,387,-40,329,-40,148,130" /><INIT seed="3,1,0,5,5,14" ten="86,347,289,278" oya="3" hai0="5,56,25,77,134,83,135,58,78,65,41,38,20" hai1="109,89,67,33,108,125,50,100,82,119,122,57,47" hai2="31,40,81,22,28,104,59,21,45,86,121,49,26" hai3="4,90,9,92,118,37,8,60,131,63,124,87,51"/><W102/><G118/><T36/><D5/><U35/><E122/><V103/><F121/><W96/><G124/><T94/><D94/><U93/><E125/><V54/><F104/><W126/><G126/><T79/><D83/><U120/><E120/><V55/><F103/><W69/><G131/><T44/><D20/><U97/><E119/><V107/><F107/><W72/><G37/><T16/><D25/><U18/><E18/><V15/><F59/><W48/><G72/><T23/><D23/><U19/><E19/><N who="2" m="10495" /><F31/><W13/><G8/><T62/><D16/><U27/><E27/><V132/><F132/><W128/><G128/><T11/><D11/><U17/><E17/><V39/><F39/><W68/><G69/><T43/><D77/><AGARI ba="1,0" hai="22,26,28,40,45,49,54,55,77,81,86" m="10495" machi="77" ten="30,2000,0" yaku="8,1,52,1" doraHai="14" who="2" fromWho="0" sc="86,-23,347,0,289,23,278,0" owari="63,-43.7,347,44.7,312,11.2,278,-12.2" /></mjloggm>