<mjloggm ver="2.3"><GO type="225" lobby="0"/><UN n0="%E3%81%99%E3%83%BC%5F%E9%88%B4%E6%9C%A8%E6%B5%A9%E5%B9%B3" n1="%E3%81%8B%E3%82%8F%E3%81%A1%E3%82%83%E3%82%93%35%38" n2="%E7%89%B9%E6%9D%B1%E3%81%AF%E4%B8%96%E7%95%8C%E3%82%92%E6%95%91%E3%81%86" n3="%E3%81%BF%E3%81%BF%E3%81%9A" dan="16,16,16,17" rate="2073.22,2155.23,2221.77,2187.58" sx="M,M,M,M"/><TAIKYOKU oya="0"/><INIT seed="0,0,0,1,5,6" ten="250,250,250,250" oya="0" hai0="127,53,119,23,2,125,105,18,44,74,61,120,50" hai1="21,36,39,46,110,62,109,9,91,42,67,134,76" hai2="90,56,73,124,94,28,17,101,86,30,102,0,75" hai3="70,79,20,31,15,55,71,122,38,132,126,80,96"/><T133/><D120/><U57/><E76/><V114/><F114/><W32/><G122/><T84/><D74/><U130/><E130/><V66/><F0/><W54/><G38/><T77/><D105/><U107/><E107/><V10/><F124/><N who="0" m="47690" /><D133/><U58/><E134/><V14/><F75/><W118/><G132/><T129/><D2/><U83/><E21/><V117/><F73/><W87/><G32/><T26/><D129/><U82/><E9/><V98/><F117/><W11/><G118/><T3/><D3/><U68/><E83/><V131/><F131/><W111/><G111/><N who="1" m="42506" /><E36/><V115/><F115/><W16/><G126/><T104/><D104/><U4/><E4/><V106/><REACH who="2" step="1"/><F102/><REACH who="2" ten="250,250,240,250" step="2"/><W88/><G71/><T25/><D119/><U45/><E45/><V5/><F5/><W93/><G70/><T128/><D128/><U52/><E52/><N who="3" m="20010" /><G31/><T48/><D53/><U29/><E29/><V27/><F27/><W12/><G12/><T51/><D44/><U8/><E8/><AGARI ba="0,1" hai="8,11,15,16,20,79,80,87,88,93,96" m="20010" machi="8" ten="30,12000,2" yaku="8,1,52,2,54,3" doraHai="6" who="3" fromWho="1" sc="250,0,250,-120,240,0,250,130" /><BYE who="3" /><INIT seed="1,0,0,3,3,100" ten="250,130,240,380" oya="1" hai0="27,4,102,122,132,87,89,107,3,35,128,24,49" hai1="19,58,53,95,84,121,6,68,101,21,14,93,76" hai2="71,80,47,105,25,62,20,11,46,51,22,99,81" hai3="129,59,97,13,116,8,113,57,108,29,50,42,70"/><U33/><E33/><UN n3="%E3%81%BF%E3%81%BF%E3%81%9A" /><V90/><F11/><W37/><G113/><T109/><D132/><U86/><E68/><V120/><F120/><W69/><G29/><T36/><D36/><U77/><E121/><V40/><F22/><W123/><G123/><T82/><D128/><U114/><E114/><V127/><F127/><W103/><G129/><T79/><D109/><U124/><E124/><V65/><F47/><W73/><G73/><T45/><D35/><U26/><E86/><V39/><F39/><W111/><G37/><T98/><D122/><U5/><E5/><V54/><F40/><W106/><G116/><T78/><D4/><U43/><E43/><V12/><F12/><W110/><G42/><T83/><D3/><U126/><E126/><V38/><F38/><W9/><G9/><T7/><D7/><U56/><E56/><N who="3" m="21578" /><G50/><T18/><D18/><AGARI ba="0,0" hai="8,13,18,69,70,97,103,106,108,110,111" m="21578" machi="18" ten="30,2000,0" yaku="14,1,52,1" doraHai="100" who="3" fromWho="0" sc="250,-20,130,0,240,0,380,20" /><INIT seed="2,0,0,0,5,38" ten="230,130,240,400" oya="2" hai0="34,101,85,2,131,45,64,111,3,121,68,109,124" hai1="69,47,72,113,125,122,0,28,105,100,96,42,62" hai2="87,37,14,67,52,88,98,36,120,16,35,21,9" hai3="95,63,103,20,73,29,53,44,119,30,86,1,39"/><V127/><F120/><W54/><G73/><T51/><D121/><U83/><E113/><V4/><F127/><W132/><G1/><T129/><D34/><U61/><E122/><V65/><F35/><W93/><G119/><T117/><D117/><U80/><E125/><V99/><F36/><W48/><G132/><T92/><D124/><U102/><E0/><N who="0" m="41" /><D64/><N who="2" m="24650" /><F37/><W57/><G39/><T32/><D32/><U133/><E133/><V76/><F76/><W59/><G20/><T17/><D17/><U23/><E69/><V55/><F98/><N who="3" m="59855" /><G59/><T31/><D31/><U43/><E47/><V40/><F99/><W58/><G58/><T77/><D101/><N who="1" m="39019" /><E96/><V46/><F40/><N who="1" m="15401" /><E72/><V78/><F46/><W107/><G107/><T110/><D68/><U130/><E130/><N who="0" m="49673" /><D92/><U33/><E33/><V18/><F78/><W115/><G115/><T82/><D109/><U75/><E75/><V26/><F18/><W19/><G19/><T91/><D77/><U71/><E71/><V112/><F112/><W66/><G66/><T6/><D6/><U104/><E104/><V15/><F15/><W11/><G29/><T10/><D111/><U49/><E105/><V74/><F74/><W106/><G106/><T24/><D110/><U7/><E7/><V108/><F108/><W128/><G128/><T89/><D45/><U70/><E70/><V12/><F12/><W27/><G30/><T123/><D123/><U118/><E118/><V135/><F135/><W13/><G13/><T81/><D85/><U5/><E5/><V126/><F126/><W25/><G11/><T94/><D10/><RYUUKYOKU ba="0,0" sc="230,-15,130,-15,240,15,400,15" hai2="4,9,14,16,21,26,52,55,87,88" hai3="25,27,44,48,53,54,57,63,86,95" /><INIT seed="2,1,0,4,0,47" ten="215,115,255,415" oya="2" hai0="84,90,12,103,33,35,108,57,10,44,82,21,50" hai1="131,43,66,61,80,120,27,114,1,72,39,17,0" hai2="135,55,9,104,119,62,96,49,54,45,92,87,77" hai3="69,122,3,20,32,24,76,65,30,60,46,22,102"/><V41/><F119/><W95/><G122/><T59/><D108/><U64/><E114/><V52/><F135/><W129/><G3/><T2/><D2/><U16/><E131/><V100/><F9/><W125/><G129/><T106/><D106/><U109/><E109/><V83/><REACH who="2" step="1"/><F104/><REACH who="2" ten="215,115,245,415" step="2"/><W58/><G125/><T78/><D10/><U128/><E128/><V121/><F121/><W19/><G32/><T117/><D117/><U73/><E120/><V105/><F105/><W94/><G22/><T88/><D33/><U134/><E134/><V71/><F71/><W23/><G69/><T132/><D35/><U79/><E0/><V25/><F25/><W8/><G8/><T133/><D132/><U126/><E1/><V127/><F127/><W42/><G102/><T123/><D133/><U113/><E27/><V28/><F28/><W124/><G124/><T26/><D123/><U75/><E126/><V81/><F81/><W107/><G107/><T63/><D12/><U56/><E113/><V93/><F93/><W18/><G30/><T14/><D14/><U97/><E17/><V116/><F116/><W68/><G68/><T15/><D15/><U70/><E16/><V118/><F118/><W13/><G76/><T91/><D78/><U38/><E79/><V101/><F101/><W99/><G99/><T48/><D103/><U86/><E97/><V115/><F115/><W112/><G112/><T31/><D82/><U5/><E80/><V29/><F29/><W34/><G34/><T53/><D31/><U37/><E70/><V85/><F85/><W11/><G11/><RYUUKYOKU ba="1,1" sc="215,-15,115,-15,245,15,415,15" hai2="41,45,49,52,54,55,62,77,83,87,92,96,100" hai3="13,18,19,20,23,24,42,46,58,60,65,94,95" /><INIT seed="2,2,1,0,5,99" ten="200,100,260,430" oya="2" hai0="98,90,134,80,92,75,22,36,102,111,41,11,21" hai1="135,113,123,45,23,81,47,60,12,56,85,25,78" hai2="50,48,88,76,19,62,68,79,86,8,121,74,105" hai3="6,120,114,59,82,44,26,77,132,55,53,34,96"/><V66/><F121/><W61/><G120/><T32/><D32/><U16/><E135/><V13/><F105/><W71/><G132/><T35/><D35/><U24/><E113/><V94/><REACH who="2" step="1"/><F74/><REACH who="2" ten="200,100,250,430" step="2"/><W58/><G114/><T97/><D75/><U18/><E123/><V0/><F0/><W93/><G71/><T14/><D134/><U91/><E78/><AGARI ba="2,2" hai="8,13,19,48,50,62,66,68,76,78,79,86,88,94" machi="78" ten="40,3900,0" yaku="1,1,54,1,53,0" doraHai="99" doraHaiUra="54" who="2" fromWho="1" sc="200,0,100,-45,250,65,430,0" /><INIT seed="2,3,0,1,2,78" ten="200,55,315,430" oya="2" hai0="47,45,42,126,41,108,4,32,95,15,31,10,54" hai1="65,129,103,113,39,24,100,38,111,70,19,51,34" hai2="107,2,131,91,50,16,120,93,117,21,30,106,59" hai3="5,112,82,8,119,127,94,87,73,81,29,116,133"/><V102/><F117/><W124/><G29/><T46/><D126/><N who="3" m="48169" /><G133/><T64/><D108/><U23/><E113/><V40/><F120/><W115/><G94/><T79/><D79/><U25/><E111/><V52/><F131/><W109/><G109/><T36/><D64/><U97/><E129/><V75/><F75/><W53/><G53/><T101/><D32/><U98/><E51/><V1/><F30/><W44/><G44/><T20/><D36/><U130/><E130/><V85/><F40/><N who="0" m="15466" /><D54/><U135/><E135/><V122/><F122/><W27/><G27/><N who="0" m="16871" /><D95/><U26/><E26/><V63/><F63/><W104/><G104/><N who="2" m="39977" /><F102/><AGARI ba="3,0" hai="4,10,15,45,46,47,101,102" m="16871,15466" machi="102" ten="30,1000,0" yaku="8,1" doraHai="78" who="0" fromWho="2" sc="200,19,55,0,315,-19,430,0" /><INIT seed="3,0,0,5,1,17" ten="219,55,296,430" oya="3" hai0="9,87,96,35,29,103,132,31,126,11,16,98,41" hai1="14,94,51,13,47,43,82,78,80,1,127,99,66" hai2="84,72,64,81,121,61,4,109,15,113,25,107,56" hai3="83,39,52,129,49,91,104,27,88,131,105,90,111"/><W45/><G111/><T122/><D122/><U24/><E127/><V46/><F113/><W34/><G83/><T77/><D132/><U26/><E1/><V120/><F107/><W33/><G39/><T123/><D123/><N who="2" m="47178" /><F72/><W23/><G105/><T21/><D126/><U65/><E94/><V37/><F109/><W124/><G104/><T8/><D35/><U79/><E51/><V73/><F73/><W2/><G2/><T76/><D41/><U60/><E47/><V117/><F117/><W55/><G55/><T18/><D87/><U128/><E128/><N who="3" m="49226" /><G124/><T115/><D115/><U100/><E60/><V38/><F25/><W6/><G6/><T40/><D40/><U67/><E99/><N who="0" m="37929" /><D103/><U118/><E118/><V59/><F37/><W116/><G116/><T54/><D54/><U20/><E43/><V19/><F4/><W5/><G5/><T134/><D134/><U10/><E66/><V32/><F32/><W125/><G125/><T12/><D18/><AGARI ba="0,0" hai="18,23,27,33,34,45,49,52,88,90,91" m="49226" machi="18" ten="30,11600,0" yaku="19,1,52,1,54,2" doraHai="17" who="3" fromWho="0" sc="219,-116,55,0,296,0,430,116" owari="103,-29.7,55,-44.5,296,9.6,546,64.6" /></mjloggm>