<mjloggm ver="2.3"><GO type="225" lobby="0"/><UN n0="%E3%81%BF%E3%81%BF%E3%81%9A" n1="%E9%B3%B4%E8%8C%B6" n2="%E3%82%8F%E3%81%8B%E3%81%B0%2A%E3%82%AC%E3%83%BC%E3%83%AB" n3="%E6%9C%88%E5%B3%B6%E5%9F%BA" dan="17,16,16,18" rate="2278.43,2176.30,2187.41,2217.03" sx="M,M,M,M"/><TAIKYOKU oya="0"/><INIT seed="0,0,0,2,1,59" ten="250,250,250,250" oya="0" hai0="90,87,75,121,70,112,15,78,62,126,48,120,26" hai1="40,46,129,50,111,11,30,53,5,8,6,37,115" hai2="100,16,91,73,94,105,68,43,23,67,116,131,54" hai3="35,39,101,64,99,65,119,34,86,83,118,103,69"/><T4/><D112/><U110/><E115/><V97/><F131/><W10/><G39/><T47/><D126/><U98/><E129/><V36/><F116/><W20/><G10/><T38/><D38/><U95/><E30/><V3/><F3/><W92/><G20/><T132/><D75/><U122/><E11/><V32/><F73/><W17/><G17/><T28/><D78/><U85/><E85/><V109/><F109/><W63/><G65/><T88/><D132/><U106/><E106/><V58/><F32/><W82/><G103/><T45/><D45/><U125/><E122/><V76/><F76/><W77/><REACH who="3" step="1"/><G83/><REACH who="3" ten="250,250,250,240" step="2"/><T18/><D4/><U123/><E123/><V89/><F67/><W31/><G31/><T71/><D120/><U21/><E21/><V107/><F68/><W49/><G49/><T127/><D121/><U61/><E8/><V134/><F134/><W33/><AGARI ba="0,1" hai="33,34,35,63,64,69,77,82,86,92,99,101,118,119" machi="33" ten="30,7900,0" yaku="1,1,0,1,52,1,53,1" doraHai="59" doraHaiUra="56" who="3" fromWho="3" sc="250,-39,250,-20,250,-20,240,89" /><INIT seed="1,0,0,1,1,7" ten="211,230,230,329" oya="1" hai0="69,0,125,49,36,41,68,111,130,119,55,79,25" hai1="127,97,91,42,100,17,26,50,21,27,73,72,120" hai2="9,35,18,106,112,118,132,81,13,24,75,76,53" hai3="31,117,14,99,98,48,38,1,52,96,102,23,34"/><U110/><E120/><V131/><F118/><W47/><G1/><T129/><D0/><U54/><E127/><V101/><F131/><N who="0" m="50186" /><D79/><U45/><E91/><V66/><F132/><W10/><G34/><T78/><D78/><U46/><E110/><V62/><F112/><W15/><G38/><T6/><D6/><U51/><REACH who="1" step="1"/><E27/><REACH who="1" ten="211,220,230,329" step="2"/><V64/><F24/><N who="3" m="16799" /><G117/><T133/><D25/><U29/><E29/><V124/><F124/><W114/><G114/><T105/><D125/><U83/><E83/><V44/><F35/><W87/><G102/><T8/><D111/><U135/><E135/><V4/><F101/><W19/><G15/><T104/><D133/><U77/><E77/><V32/><F32/><W59/><G87/><T30/><D119/><U103/><E103/><V121/><F121/><W11/><G98/><T67/><D30/><U20/><E20/><V39/><F76/><W85/><G85/><T16/><D105/><AGARI ba="0,1" hai="17,21,26,42,45,46,50,51,54,72,73,97,100,105" machi="105" ten="30,2900,0" yaku="1,1,7,1,53,0" doraHai="7" doraHaiUra="134" who="1" fromWho="0" sc="211,-29,220,39,230,0,329,0" /><INIT seed="1,1,0,1,3,11" ten="182,259,230,329" oya="1" hai0="120,76,52,77,51,135,84,112,6,0,46,106,36" hai1="114,10,40,109,87,21,90,61,53,38,18,133,22" hai2="108,105,107,117,20,102,55,17,78,74,73,45,85" hai3="54,103,122,104,30,37,49,134,131,70,115,7,13"/><U3/><E114/><V75/><F117/><W68/><G37/><T44/><D112/><U48/><E133/><V88/><F108/><W41/><G41/><T79/><D106/><U23/><E109/><V69/><F69/><W126/><G122/><T15/><D135/><U116/><E116/><V26/><F78/><W93/><G104/><T82/><D0/><U42/><E38/><V94/><REACH who="2" step="1"/><F102/><REACH who="2" ten="182,259,220,329" step="2"/><W128/><G70/><T24/><D120/><U95/><E61/><V110/><F110/><W130/><G68/><T9/><REACH who="0" step="1"/><D24/><REACH who="0" ten="172,259,220,329" step="2"/><U25/><E3/><V35/><F35/><W125/><G115/><T66/><D66/><U132/><E132/><V127/><F127/><W56/><G134/><T83/><D83/><U101/><E25/><V91/><F91/><W129/><G129/><T4/><D4/><U81/><E101/><V1/><F1/><W14/><G7/><T86/><D86/><U31/><E81/><V97/><F97/><N who="3" m="59823" /><G126/><T98/><D98/><U92/><E95/><V19/><F19/><W34/><G125/><T16/><D16/><U121/><E121/><V72/><N who="2" m="18432" /><DORA hai="12" /><V96/><F96/><W60/><G128/><T47/><D47/><N who="1" m="27807" /><E31/><V124/><F124/><W67/><G130/><T65/><D65/><U63/><E63/><V71/><F71/><W64/><G131/><T8/><D8/><U123/><E123/><V32/><F32/><W29/><G64/><T100/><D100/><U33/><E33/><V59/><F59/><N who="3" m="33231" /><G34/><T27/><D27/><N who="1" m="14775" /><E10/><V113/><F113/><W43/><G30/><T62/><D62/><U2/><E2/><RYUUKYOKU ba="1,2" sc="172,10,259,10,220,10,329,-30" hai0="6,9,15,36,44,46,51,52,76,77,79,82,84" hai1="22,23,40,42,87,90,92" hai2="17,20,26,45,55,85,88,94,105,107" /><INIT seed="1,2,2,5,5,42" ten="182,269,230,299" oya="1" hai0="29,69,84,97,100,94,114,44,8,62,20,80,56" hai1="89,55,127,43,90,73,108,27,59,116,34,134,113" hai2="17,76,35,60,13,4,125,102,92,75,31,1,26" hai3="15,68,126,46,16,2,9,10,133,6,86,22,87"/><U111/><E113/><V109/><F109/><N who="1" m="42057" /><E116/><V67/><F125/><W74/><G74/><T118/><D114/><U119/><E119/><V112/><F112/><W115/><G115/><T25/><D118/><U18/><E127/><V7/><F1/><W101/><G68/><T14/><D69/><U21/><E134/><V11/><F75/><W40/><G126/><T61/><D56/><U128/><E128/><V135/><F135/><W0/><G101/><T106/><D106/><U37/><E73/><V41/><F76/><W79/><G79/><T132/><D132/><U19/><E34/><V33/><F33/><W5/><G133/><T121/><D121/><U50/><E19/><V24/><F24/><W63/><G63/><T123/><D123/><U51/><E37/><AGARI ba="2,2" hai="0,2,5,6,9,10,15,16,22,37,40,46,86,87" machi="37" ten="30,7700,0" yaku="7,1,9,1,52,1,54,1" doraHai="42" who="3" fromWho="1" sc="182,0,269,-83,230,0,299,103" /><INIT seed="2,0,0,1,4,47" ten="182,186,230,402" oya="2" hai0="30,20,119,77,68,118,93,134,81,65,130,121,14" hai1="29,83,79,117,21,33,116,36,94,37,97,59,38" hai2="67,80,133,120,58,73,102,76,98,23,35,103,42" hai3="15,106,10,48,53,87,131,90,92,125,26,123,34"/><V0/><F120/><W132/><G123/><T69/><D121/><U135/><E33/><V57/><F35/><W12/><G106/><T61/><D130/><U46/><E135/><V62/><F133/><W128/><G132/><T6/><D134/><U27/><E59/><V100/><F0/><W86/><G125/><T110/><D110/><U49/><E117/><N who="0" m="44553" /><D93/><U114/><E116/><V124/><F124/><W52/><G53/><T66/><D30/><U16/><E114/><V56/><F42/><W18/><G87/><N who="0" m="48559" /><D20/><U2/><E29/><V109/><F109/><W75/><G75/><T126/><D126/><U55/><E2/><V78/><F78/><W4/><G26/><T11/><D65/><U111/><E111/><V127/><F127/><W113/><G113/><T41/><D41/><U54/><E55/><V85/><F73/><W19/><G34/><T45/><D45/><U105/><E105/><V1/><F1/><W72/><G72/><T7/><D6/><U91/><REACH who="1" step="1"/><E36/><REACH who="1" ten="182,176,230,402" step="2"/><V108/><F108/><W82/><G128/><T5/><D7/><U8/><E8/><V28/><F56/><AGARI ba="0,1" hai="5,11,14,56,61,66,68,69" m="48559,44553" machi="56" ten="30,1000,0" yaku="12,1" doraHai="47" who="0" fromWho="2" sc="182,20,176,0,230,-10,402,0" /><INIT seed="3,0,0,2,2,86" ten="202,176,220,402" oya="3" hai0="81,58,87,65,89,8,73,52,68,95,59,104,130" hai1="17,16,9,42,67,30,62,111,75,134,51,5,37" hai2="127,124,93,56,24,36,119,131,103,107,69,122,48" hai3="98,33,57,20,129,34,110,109,114,35,97,84,46"/><W64/><G114/><T66/><D104/><U115/><E115/><V125/><F119/><W32/><G129/><T22/><D68/><U102/><E111/><N who="3" m="42506" /><G35/><T49/><D130/><U44/><E134/><V1/><F131/><W101/><G46/><T4/><D22/><U80/><E102/><V54/><F1/><W74/><G74/><T29/><D29/><U31/><E51/><V106/><F36/><W108/><G108/><T77/><D59/><U78/><E30/><V135/><F69/><W50/><G84/><T96/><D73/><U55/><E55/><V47/><F122/><W10/><G20/><T90/><D77/><U40/><E31/><V12/><F135/><W61/><G101/><T76/><D76/><U133/><E42/><V41/><F24/><W28/><G28/><T60/><D49/><U3/><E133/><V92/><F103/><W113/><G113/><T13/><AGARI ba="0,0" hai="4,8,13,52,58,60,65,66,81,87,89,90,95,96" machi="13" ten="20,12000,2" yaku="0,1,7,1,8,1,52,2,54,1" doraHai="86" who="0" fromWho="0" sc="202,120,176,-30,220,-30,402,-60" owari="322,12.2,146,-35.4,190,-21.0,342,44.2" /></mjloggm>