<mjloggm ver="2.3"><GO type="225" lobby="0"/><UN n0="%72%65%6E%6B%75%6E" n1="%E3%80%90%E3%83%88%E3%83%AA%E3%83%A5%E3%83%95%E3%80%91" n2="%6C%61%6D%62" n3="%E3%83%81%E3%83%83%E3%82%BF%E3%82%BD%E3%83%BC" dan="17,16,16,16" rate="2245.20,2123.06,2238.78,2087.81" sx="M,M,M,F"/><TAIKYOKU oya="0"/><INIT seed="0,0,0,1,0,67" ten="250,250,250,250" oya="0" hai0="88,62,111,61,104,98,65,86,133,101,29,99,121" hai1="64,20,66,18,48,76,50,123,3,117,85,115,69" hai2="74,9,24,91,43,51,26,134,96,30,22,122,77" hai3="53,100,103,108,32,132,38,84,110,114,27,19,118"/><T17/><D121/><U124/><E123/><V2/><F122/><W120/><G120/><RYUUKYOKU type="kaze4" ba="0,0" sc="250,0,250,0,250,0,250,0" /><INIT seed="0,1,0,4,4,35" ten="250,250,250,250" oya="0" hai0="100,76,64,32,127,117,105,60,3,107,66,40,11" hai1="8,49,126,53,61,18,45,19,110,44,57,97,116" hai2="124,134,71,62,55,28,15,6,72,34,96,94,58" hai3="111,106,12,67,95,87,104,133,25,22,98,70,135"/><T91/><D117/><U69/><E110/><V118/><F118/><W20/><G111/><T85/><D32/><U86/><E97/><V93/><F72/><W43/><G87/><T103/><D40/><U84/><E126/><V92/><F124/><W54/><G43/><T38/><D38/><U82/><E116/><V46/><F134/><N who="3" m="51211" /><G54/><T41/><D41/><N who="1" m="24719" /><E69/><V56/><F71/><W51/><G51/><T99/><D76/><N who="1" m="46151" /><E8/><N who="2" m="4503" /><F34/><W68/><G12/><T125/><D11/><U77/><E45/><V115/><F28/><N who="3" m="17447" /><G22/><T119/><D99/><U50/><E50/><V122/><F46/><W131/><G131/><T16/><D119/><U27/><E27/><V114/><F114/><W17/><G17/><N who="1" m="6154" /><E86/><V128/><F115/><W123/><G123/><T30/><D16/><U109/><E109/><V29/><F128/><W47/><G47/><T10/><D30/><U102/><E77/><V132/><F122/><W13/><G13/><T1/><D10/><U48/><E48/><N who="2" m="30823" /><F29/><W81/><G70/><T90/><D85/><U108/><E108/><V14/><F14/><W101/><G81/><T74/><REACH who="0" step="1"/><D60/><AGARI ba="1,0" hai="60,67,68,95,98,101,104,106" m="17447,51211" machi="60" ten="30,1000,0" yaku="20,1" doraHai="35" who="3" fromWho="0" sc="250,-13,250,0,250,0,250,13" /><INIT seed="1,0,0,1,2,24" ten="237,250,250,263" oya="1" hai0="4,106,25,40,23,123,49,80,121,6,58,12,133" hai1="66,13,19,60,126,67,73,75,86,85,30,91,105" hai2="20,84,107,57,48,79,14,114,5,31,27,78,7" hai3="115,35,112,45,120,65,127,118,0,22,102,38,8"/><U94/><E105/><V56/><F107/><W97/><G35/><T135/><D106/><U64/><E126/><V61/><F114/><W83/><G22/><T55/><D40/><U89/><E60/><V130/><F130/><W37/><G127/><T110/><D110/><U129/><E129/><V134/><F134/><N who="0" m="51210" /><D80/><U44/><E44/><V69/><F69/><W68/><G83/><T15/><D12/><U46/><E46/><V82/><F78/><W93/><G120/><N who="0" m="46155" /><D15/><U77/><E77/><V98/><F98/><W99/><G97/><T36/><D36/><U76/><E76/><V113/><F113/><W29/><G37/><T104/><D104/><U72/><E30/><AGARI ba="0,0" hai="4,6,23,25,30,49,55,58" m="46155,51210" machi="30" ten="30,3900,0" yaku="20,1,13,1,52,1" doraHai="24" who="0" fromWho="1" sc="237,39,250,-39,250,0,263,0" /><INIT seed="2,0,0,1,4,50" ten="276,211,250,263" oya="2" hai0="66,116,122,60,37,113,103,102,20,108,97,17,72" hai1="95,77,107,71,91,27,26,62,88,101,127,44,56" hai2="28,135,90,8,7,94,82,80,47,10,46,38,128" hai3="33,6,119,110,133,84,120,65,14,96,55,69,117"/><V86/><F135/><W18/><G33/><T34/><D37/><U131/><E71/><V64/><F128/><W45/><G6/><T73/><D34/><U115/><E115/><V132/><F132/><W70/><G133/><T74/><D113/><U43/><E131/><V29/><F64/><W76/><G110/><T54/><D108/><U99/><E77/><V112/><F112/><W130/><G130/><T92/><D116/><U12/><E12/><N who="2" m="5151" /><F10/><W83/><G96/><T25/><D122/><U0/><E0/><V32/><F32/><W53/><G45/><N who="2" m="16905" /><F38/><W100/><G120/><T98/><D66/><U118/><E118/><V23/><F23/><W63/><G70/><T114/><D114/><U93/><E127/><V106/><F106/><W78/><G117/><T9/><D9/><U22/><E107/><V58/><F58/><N who="3" m="37111" /><G119/><T15/><D15/><U57/><E57/><V24/><F24/><W125/><G69/><T124/><D124/><U16/><E27/><V79/><F82/><N who="3" m="47175" /><G125/><T35/><D35/><U129/><E129/><V81/><F81/><W134/><G134/><T30/><D30/><U52/><E95/><V48/><F48/><AGARI ba="0,0" hai="16,22,26,43,44,48,52,56,62,88,91,93,99,101" machi="48" ten="30,12000,2" yaku="7,1,8,1,52,1,54,3" doraHai="50" who="1" fromWho="2" sc="276,0,211,120,250,-120,263,0" /><INIT seed="3,0,0,5,1,50" ten="276,331,130,263" oya="3" hai0="2,37,110,132,121,48,77,100,18,51,54,88,29" hai1="40,44,130,52,56,60,127,72,55,22,34,62,31" hai2="93,112,75,68,86,113,8,42,20,85,32,133,105" hai3="49,104,13,53,109,61,80,123,58,45,124,21,6"/><W128/><G123/><T117/><D37/><U107/><E72/><V87/><F32/><W5/><G128/><T23/><D2/><U65/><E34/><V1/><F68/><W70/><G70/><T92/><D117/><U47/><E107/><V15/><F1/><W114/><G114/><T116/><D121/><U96/><E127/><V10/><F42/><W27/><G124/><T73/><D116/><U134/><E134/><V102/><F133/><W99/><G13/><T4/><D132/><U131/><E96/><V9/><F105/><W84/><G109/><T125/><D100/><U38/><E47/><V71/><F71/><W89/><G99/><T67/><D4/><U33/><E33/><V122/><F122/><W16/><G104/><T11/><D67/><AGARI ba="0,0" hai="5,6,16,21,27,45,49,53,58,61,67,80,84,89" machi="67" ten="30,11600,0" yaku="7,1,8,1,52,1,54,1" doraHai="50" who="3" fromWho="0" sc="276,-116,331,0,130,0,263,116" owari="160,-24.0,331,13.1,130,-37.0,379,47.9" /></mjloggm>