<mjloggm ver="2.3"><GO type="225" lobby="0"/><UN n0="%E7%89%B9%E6%9D%B1%E3%81%AF%E4%B8%96%E7%95%8C%E3%82%92%E6%95%91%E3%81%86" n1="%43%68%65" n2="%E3%83%B4%E3%83%A0%EF%BC%99%E3%81%A6" n3="%E3%81%90%E3%81%A1%E3%82%84%E3%81%BE" dan="16,16,16,16" rate="2188.77,2153.52,2158.30,2122.40" sx="M,M,M,M"/><TAIKYOKU oya="0"/><INIT seed="0,0,0,3,0,106" ten="250,250,250,250" oya="0" hai0="40,123,63,72,83,60,116,34,53,89,58,31,90" hai1="51,132,39,80,71,110,54,12,19,99,76,70,102" hai2="66,119,92,68,11,44,62,79,134,112,108,3,111" hai3="2,126,117,128,0,57,45,67,23,131,13,43,75"/><T87/><D116/><U37/><E110/><N who="2" m="42027" /><F112/><W100/><G117/><T28/><D123/><U105/><E132/><V25/><F119/><W101/><G126/><T7/><D7/><U73/><E71/><V55/><F134/><W36/><G67/><T125/><D125/><U14/><E70/><V20/><F79/><W78/><G57/><T104/><D104/><U10/><REACH who="1" step="1"/><E14/><REACH who="1" ten="250,240,250,250" step="2"/><V24/><F3/><W121/><G0/><T94/><D34/><U95/><E95/><V109/><F109/><W120/><G2/><T29/><D40/><U65/><E65/><V9/><F92/><W74/><G121/><T17/><D17/><U85/><E85/><V86/><F86/><W77/><G120/><T52/><D72/><U93/><E93/><V46/><F66/><W49/><G75/><T130/><D130/><U96/><E96/><V103/><F68/><W61/><G74/><T82/><D90/><U15/><E15/><V35/><F103/><W16/><G100/><T114/><D114/><U33/><E33/><V5/><F35/><W41/><G101/><T84/><D84/><U64/><E64/><V38/><F55/><W1/><G1/><T27/><D27/><U122/><E122/><V48/><F24/><W50/><G131/><T22/><D22/><U124/><E124/><V115/><F20/><W127/><G127/><T97/><D97/><U133/><E133/><V18/><F25/><W30/><G128/><T91/><D91/><U69/><E69/><V56/><F115/><W88/><G23/><T107/><D107/><U113/><E113/><V8/><F18/><RYUUKYOKU ba="0,1" sc="250,15,240,15,250,-15,250,-15" hai0="28,29,31,52,53,58,60,63,82,83,87,89,94" hai1="10,12,19,37,39,51,54,73,76,80,99,102,105" /><INIT seed="0,1,1,0,5,129" ten="265,255,235,235" oya="0" hai0="69,13,43,10,96,92,12,67,40,131,78,62,106" hai1="54,95,32,80,25,0,85,29,51,126,48,33,60" hai2="35,83,63,113,93,42,109,58,77,21,120,100,6" hai3="30,1,86,91,128,94,57,115,53,8,81,61,59"/><T49/><D131/><U133/><E0/><V28/><F113/><W89/><G128/><T47/><D106/><U79/><E126/><V3/><F120/><W130/><G130/><T14/><D78/><U24/><E95/><V102/><F35/><W105/><G115/><T75/><D75/><U123/><E123/><V98/><F109/><W104/><G30/><T121/><D121/><U117/><E117/><V88/><F42/><W36/><G36/><T34/><D34/><U31/><E133/><V9/><F21/><W37/><G37/><T65/><D65/><U70/><E70/><V119/><F28/><W116/><G116/><T15/><D43/><U135/><E135/><V76/><F119/><W107/><G57/><AGARI ba="1,1" hai="24,25,29,31,32,33,48,51,54,57,60,79,80,85" machi="57" ten="40,1300,0" yaku="9,1" doraHai="129" who="1" fromWho="3" sc="265,0,255,26,235,0,235,-16" /><INIT seed="1,0,0,0,4,54" ten="265,281,235,219" oya="1" hai0="65,52,130,86,12,74,69,129,44,38,6,28,43" hai1="61,31,5,13,93,7,36,73,115,45,53,109,3" hai2="4,96,34,131,30,20,46,58,104,64,122,120,56" hai3="77,81,14,91,59,39,100,116,127,132,49,82,124"/><U66/><E115/><V48/><F34/><W112/><G112/><T134/><D74/><U16/><E3/><V85/><F4/><W50/><G39/><T95/><D28/><U10/><E73/><V107/><F85/><W98/><G132/><T87/><D134/><U29/><E109/><V23/><F131/><N who="0" m="50186" /><D95/><U67/><E93/><V40/><F96/><W51/><G14/><T117/><D117/><U101/><E101/><V18/><F30/><N who="1" m="11273" /><E36/><V108/><F108/><W106/><G116/><T27/><D27/><U47/><E53/><V42/><F64/><N who="1" m="24617" /><E61/><V102/><F102/><W8/><G8/><N who="0" m="4119" /><D52/><U126/><E126/><N who="3" m="48170" /><G91/><T62/><AGARI ba="0,0" hai="38,43,44,62,65,69,86,87" m="4119,50186" machi="62" ten="30,1100,0" yaku="19,1" doraHai="54" who="0" fromWho="0" sc="265,11,281,-5,235,-3,219,-3" /><INIT seed="2,0,0,3,1,104" ten="276,276,232,216" oya="2" hai0="5,9,117,48,134,39,96,87,108,121,27,119,112" hai1="32,131,24,31,122,16,88,118,35,69,65,113,37" hai2="71,45,127,101,42,18,3,40,23,41,4,15,44" hai3="115,94,91,90,8,133,46,34,78,77,132,63,55"/><V70/><F127/><W67/><G34/><T130/><D39/><U124/><E113/><V0/><F101/><W80/><G8/><T81/><D112/><U114/><E114/><V128/><F128/><W100/><G115/><T62/><D121/><U52/><E118/><V29/><F29/><W135/><G100/><T13/><D130/><U83/><E131/><V75/><F75/><N who="3" m="43071" /><G94/><T123/><D96/><U36/><E35/><V72/><F72/><W68/><G78/><T98/><D98/><U109/><E124/><V99/><F99/><W61/><G46/><T30/><D123/><U20/><E122/><V51/><F40/><W7/><G7/><T103/><D103/><U107/><E107/><V21/><F21/><W26/><G26/><T53/><D27/><U49/><E109/><V59/><F59/><AGARI ba="0,0" hai="55,59,61,63,67,68,90,91,132,133,135" m="43071" machi="59" ten="30,2000,0" yaku="20,1,52,1" doraHai="104" who="3" fromWho="2" sc="276,0,276,0,232,-20,216,20" /><INIT seed="3,0,0,3,3,0" ten="276,276,212,236" oya="3" hai0="40,70,130,58,12,66,94,113,1,51,37,11,27" hai1="2,16,31,129,48,63,109,39,75,107,60,132,47" hai2="38,108,10,7,114,13,86,67,120,55,98,53,102" hai3="73,24,32,5,117,135,82,68,62,50,54,61,131"/><W28/><G117/><T36/><D1/><U17/><E107/><V64/><F114/><W126/><G126/><T128/><D113/><U93/><E39/><V83/><F38/><W115/><G115/><T99/><D70/><U118/><E75/><V101/><F108/><W42/><G131/><N who="0" m="50219" /><D27/><U25/><E129/><V77/><F120/><W21/><G135/><T15/><D15/><U52/><E2/><V84/><F84/><W78/><G68/><T100/><D66/><N who="2" m="25130" /><F98/><W92/><G42/><T122/><D122/><U74/><E74/><V81/><F81/><W20/><G92/><T104/><D104/><U65/><E109/><V19/><F19/><N who="1" m="7241" /><E132/><V134/><F134/><W43/><G43/><T59/><D59/><N who="1" m="37023" /><E118/><V87/><F87/><W22/><REACH who="3" step="1"/><G5/><REACH who="3" ten="276,276,212,226" step="2"/><N who="0" m="3183" /><D40/><U110/><E110/><V14/><F14/><W79/><G79/><T41/><D41/><U8/><E93/><V91/><F77/><W96/><G96/><T45/><D36/><U46/><E25/><V29/><F29/><W6/><G6/><T80/><D37/><U103/><E103/><AGARI ba="0,1" hai="7,10,13,53,55,83,86,91,101,102,103" m="25130" machi="103" ten="30,2000,0" yaku="8,1,52,1" doraHai="0" who="2" fromWho="1" sc="276,0,276,-20,212,30,226,0" /><INIT seed="4,0,0,3,3,45" ten="276,256,242,226" oya="0" hai0="13,44,53,87,40,128,28,123,57,88,68,39,110" hai1="112,107,37,75,31,79,117,125,19,105,80,100,18" hai2="67,1,90,101,3,27,76,93,122,10,58,11,8" hai3="30,24,29,114,130,5,81,124,32,74,46,14,69"/><T15/><D123/><U134/><E117/><V66/><F122/><W108/><G108/><T109/><D68/><U12/><E37/><V95/><F76/><W61/><G114/><T59/><D28/><U104/><E112/><V103/><F27/><W42/><G130/><T135/><D128/><U106/><E125/><V113/><F113/><W84/><G124/><T85/><D85/><U36/><E36/><V131/><F131/><W98/><G74/><T41/><D41/><U9/><E134/><V77/><F77/><W35/><G98/><T82/><D135/><U97/><REACH who="1" step="1"/><E31/><REACH who="1" ten="276,246,242,226" step="2"/><V34/><F1/><W111/><G111/><N who="0" m="42507" /><D59/><U52/><E52/><V64/><F58/><W25/><G69/><T43/><D43/><U70/><E70/><V4/><F64/><W120/><G120/><T132/><D132/><U73/><E73/><V89/><F66/><W99/><G61/><AGARI ba="0,1" hai="13,15,39,40,44,53,57,61,82,87,88" m="42507" machi="61" ten="30,2900,0" yaku="10,1,54,1" doraHai="45" who="0" fromWho="3" sc="276,39,246,0,242,0,226,-29" owari="315,41.5,246,4.6,242,-15.8,197,-30.3" /></mjloggm>