<mjloggm ver="2.3"><GO type="225" lobby="0"/><UN n0="%E7%89%B9%E6%9D%B1%E3%81%AF%E4%B8%96%E7%95%8C%E3%82%92%E6%95%91%E3%81%86" n1="%E3%82%A4%E3%83%BC%E3%82%B1%E3%83%97%E3%83%A9" n2="%E4%BF%BA%E3%81%A8%E5%A6%96%E5%A4%A2" n3="%E5%8C%97%E6%AC%A7%E3%81%AE%E3%82%82%E3%81%93%E3%81%86" dan="16,17,16,16" rate="2161.77,2224.75,2131.90,2098.83" sx="M,M,F,M"/><TAIKYOKU oya="0"/><INIT seed="0,0,0,5,2,109" ten="250,250,250,250" oya="0" hai0="92,85,70,103,80,99,19,117,90,106,24,125,69" hai1="30,126,107,93,14,53,60,86,1,54,51,35,43" hai2="65,22,96,58,104,68,56,6,36,75,18,78,74" hai3="81,15,128,16,50,40,3,32,0,5,132,115,76"/><T62/><D117/><U94/><E1/><V66/><F36/><W28/><G40/><T133/><D133/><U8/><E107/><V11/><F104/><W105/><G105/><T59/><D125/><U121/><E121/><V91/><F96/><W47/><G132/><T123/><D123/><U82/><E126/><V37/><F37/><W111/><G111/><T38/><D38/><U55/><E35/><V110/><F91/><W95/><G95/><T67/><D19/><U42/><E30/><V119/><F78/><W20/><G128/><T21/><REACH who="0" step="1"/><D106/><REACH who="0" ten="240,250,250,250" step="2"/><U45/><E43/><V34/><F18/><W64/><G16/><T52/><D52/><U9/><E60/><V114/><F119/><W12/><G5/><T57/><D57/><U113/><E55/><V108/><F58/><W7/><G7/><T122/><D122/><U31/><E54/><V84/><F56/><W130/><G130/><T33/><D33/><U72/><E53/><V127/><F34/><W100/><G32/><T98/><D98/><U26/><E42/><V49/><F127/><W129/><G129/><T87/><D87/><U39/><E86/><V17/><F84/><W135/><G135/><T27/><D27/><U23/><E39/><V101/><F6/><W77/><G50/><T131/><D131/><U44/><E51/><V124/><F49/><W10/><G47/><T134/><D134/><U88/><E45/><V46/><F124/><W4/><G4/><T13/><D13/><U73/><E44/><V118/><F108/><W29/><G12/><T89/><D89/><U2/><E88/><RYUUKYOKU ba="0,1" sc="240,30,250,-10,250,-10,250,-10" hai0="21,24,59,62,67,69,70,80,85,90,92,99,103" /><INIT seed="0,1,1,3,5,1" ten="270,240,240,240" oya="0" hai0="71,53,0,38,5,119,94,77,20,96,73,105,48" hai1="39,97,133,32,19,124,99,61,13,129,81,127,2" hai2="52,29,75,64,112,85,4,95,101,36,82,21,46" hai3="10,18,117,132,92,45,11,40,62,16,24,28,115"/><T33/><D119/><U30/><E39/><V50/><F112/><W102/><G115/><T3/><D33/><U57/><E129/><V122/><F122/><W98/><G132/><T84/><D38/><U103/><E133/><V17/><F75/><W120/><G117/><T88/><D71/><U86/><E2/><V131/><F131/><W44/><G120/><T26/><D73/><U54/><E30/><V66/><F36/><W65/><G44/><T43/><D43/><U58/><E32/><V89/><F29/><W47/><G47/><T104/><D77/><U37/><E58/><V67/><F4/><W121/><G121/><T55/><D55/><U22/><E37/><V83/><REACH who="2" step="1"/><F101/><REACH who="2" ten="270,240,230,240" step="2"/><W12/><G28/><T93/><D5/><U74/><E74/><V79/><F79/><W27/><G40/><T63/><D0/><U106/><REACH who="1" step="1"/><E99/><REACH who="1" ten="270,230,230,240" step="2"/><V128/><F128/><W25/><G98/><T35/><D3/><U125/><E125/><V130/><F130/><W134/><G134/><T42/><D96/><U109/><E109/><V7/><F7/><W59/><G18/><T78/><D84/><U123/><E123/><V76/><F76/><AGARI ba="1,3" hai="13,19,22,54,57,61,76,81,86,97,103,106,124,127" machi="76" ten="40,1300,0" yaku="1,1,53,0" doraHai="1" doraHaiUra="41" who="1" fromWho="2" sc="270,0,230,46,230,-16,240,0" /><INIT seed="1,0,0,3,1,10" ten="270,276,214,240" oya="1" hai0="110,92,122,67,28,8,106,38,5,1,39,135,96" hai1="121,52,104,75,123,11,77,120,94,83,19,33,90" hai2="2,9,36,23,14,70,16,124,118,59,134,102,12" hai3="117,13,49,99,6,50,98,68,103,37,69,35,43"/><U113/><E113/><V131/><F70/><W129/><G35/><T81/><D106/><U63/><E104/><V15/><F36/><W97/><G37/><T126/><D110/><U116/><E116/><V26/><F118/><W42/><G117/><T93/><D135/><U125/><E33/><V71/><F71/><W29/><G29/><T89/><D126/><U115/><E115/><V76/><F134/><W47/><G103/><T4/><D4/><U72/><E125/><V133/><F133/><W58/><G129/><T109/><D109/><U57/><E75/><V87/><F2/><W41/><G58/><T114/><D114/><U34/><E34/><V107/><F131/><W48/><REACH who="3" step="1"/><G47/><REACH who="3" ten="270,276,214,230" step="2"/><T20/><D38/><U91/><REACH who="1" step="1"/><E94/><REACH who="1" ten="270,266,214,230" step="2"/><V112/><F124/><W56/><G56/><T25/><D92/><U27/><E27/><V119/><F119/><W44/><G44/><T0/><D25/><U74/><E74/><V111/><F112/><W17/><G17/><T62/><D93/><U101/><E101/><V40/><F111/><W88/><G88/><T85/><D89/><U84/><E84/><V46/><F59/><W61/><G61/><T18/><D85/><U22/><E22/><V54/><F102/><W132/><G132/><T130/><D20/><U79/><E79/><V95/><F107/><W108/><G108/><T7/><D62/><U105/><E105/><V32/><F32/><W78/><G78/><T21/><D21/><U55/><E55/><V65/><F54/><W53/><G53/><T51/><D130/><U64/><E64/><V24/><F65/><RYUUKYOKU ba="0,2" sc="270,-15,266,15,214,-15,230,15" hai1="11,19,52,57,63,72,77,83,90,91,120,121,123" hai3="6,13,41,42,43,48,49,50,68,69,97,98,99" /><INIT seed="1,1,2,5,5,100" ten="255,281,199,245" oya="1" hai0="32,123,29,73,4,2,13,74,132,46,62,86,16" hai1="15,53,87,85,122,78,110,80,117,54,14,108,95" hai2="1,67,34,97,35,112,10,91,44,41,130,121,24" hai3="116,81,106,94,126,64,26,18,77,60,115,39,127"/><U31/><E117/><V68/><F121/><W9/><G115/><T7/><D123/><U114/><E122/><V19/><F112/><W61/><G39/><T17/><D132/><U119/><E119/><V49/><F130/><W82/><G116/><T6/><D2/><U56/><E114/><V90/><F68/><W38/><G38/><T84/><D46/><U28/><E95/><V96/><F67/><W131/><G131/><T98/><D62/><U93/><E93/><V45/><F1/><W52/><G106/><T89/><D98/><U27/><E87/><V36/><F35/><W21/><G9/><T22/><D86/><U11/><E31/><V20/><F34/><W102/><G60/><T118/><D118/><U65/><E65/><V59/><F59/><N who="3" m="35047" /><G77/><T83/><REACH who="0" step="1"/><D16/><REACH who="0" ten="245,281,199,245" step="2"/><N who="1" m="8287" /><E15/><V51/><F96/><N who="3" m="59671" /><G64/><T101/><D101/><U42/><E42/><N who="2" m="24727" /><F97/><W50/><G126/><T40/><D40/><U25/><E56/><V33/><F19/><W37/><G127/><T71/><D71/><U30/><E30/><V109/><F41/><W113/><G113/><T3/><D3/><U5/><E5/><V69/><F69/><W8/><G18/><T135/><D135/><U43/><E43/><V72/><F36/><W99/><G37/><T55/><D55/><N who="1" m="21003" /><E28/><V88/><F45/><W134/><G134/><T92/><D92/><U104/><E104/><V70/><F70/><W66/><G99/><T12/><D12/><U57/><E57/><V0/><F0/><W23/><G66/><T105/><D105/><U63/><E63/><V128/><F128/><W75/><G50/><RYUUKYOKU ba="1,3" sc="245,15,281,15,199,-15,245,-15" hai0="4,6,7,13,17,22,29,32,73,74,83,84,89" hai1="25,27,78,80,85,108,110" /><INIT seed="1,2,3,0,4,108" ten="260,296,184,230" oya="1" hai0="111,4,110,40,96,3,48,109,39,74,75,132,24" hai1="113,83,88,36,115,19,61,129,2,30,46,97,77" hai2="112,114,67,34,29,59,10,37,126,17,25,35,131" hai3="102,94,121,28,117,116,54,86,130,123,70,1,56"/><U91/><E2/><V9/><F37/><W64/><G1/><T82/><D132/><U21/><E30/><V71/><F71/><W90/><G130/><T92/><D39/><U53/><E129/><V101/><F131/><W32/><G102/><N who="0" m="60679" /><D24/><U47/><E91/><V69/><F69/><W104/><G104/><T0/><D82/><U93/><E47/><V84/><F101/><W85/><G64/><T62/><D62/><U16/><E19/><V106/><F106/><W7/><G70/><T76/><D76/><U135/><E135/><V18/><F84/><W119/><G7/><T14/><D14/><U107/><E107/><V72/><F72/><N who="0" m="27690" /><D4/><U100/><E100/><V33/><F59/><W43/><G43/><T105/><D105/><U11/><E11/><N who="2" m="4107" /><F67/><W50/><G28/><T20/><D20/><U42/><E83/><V78/><F78/><W44/><G32/><N who="2" m="12393" /><F126/><W55/><REACH who="3" step="1"/><G85/><REACH who="3" ten="260,296,184,220" step="2"/><T81/><D40/><U63/><E77/><V8/><F17/><W125/><G125/><T66/><D66/><U5/><E5/><V58/><F58/><W26/><G26/><T57/><D111/><U6/><E6/><V128/><F128/><W49/><AGARI ba="2,4" hai="44,49,50,54,55,56,86,90,94,116,117,119,121,123" machi="49" ten="40,5200,0" yaku="1,1,0,1,12,1,53,0" doraHai="108" doraHaiUra="13" who="3" fromWho="3" sc="260,-15,296,-28,184,-15,220,98" /><INIT seed="2,0,0,0,2,90" ten="245,268,169,318" oya="2" hai0="60,121,54,133,98,42,65,16,17,128,9,49,20" hai1="13,51,132,6,134,4,27,80,115,130,28,117,39" hai2="0,15,112,124,63,103,116,135,47,30,94,101,35" hai3="106,10,91,11,8,95,55,86,97,66,33,56,125"/><V21/><F112/><W7/><G125/><T45/><D128/><U72/><E39/><V61/><F116/><W26/><G66/><T5/><D133/><N who="1" m="51307" /><E117/><V18/><F135/><W44/><G44/><T87/><D121/><U34/><E115/><V69/><F124/><W3/><G33/><T31/><D87/><U122/><E130/><V77/><F0/><W114/><G114/><T81/><D81/><U109/><E109/><V123/><F123/><W96/><G26/><T64/><D98/><U82/><E122/><V25/><F77/><W1/><G1/><T83/><D83/><N who="1" m="31787" /><E72/><V24/><F47/><W52/><G55/><T74/><D74/><U126/><E126/><V102/><F69/><W53/><G53/><T36/><D31/><U131/><E131/><V105/><F105/><W78/><G78/><T88/><D88/><U113/><E113/><V111/><F111/><W79/><G79/><T67/><D20/><U19/><E51/><V57/><F57/><W100/><G97/><T43/><D60/><AGARI ba="0,0" hai="3,7,8,10,11,52,56,60,86,91,95,96,100,106" machi="60" ten="30,3900,0" yaku="7,1,52,1,54,1" doraHai="90" who="3" fromWho="0" sc="245,-39,268,0,169,0,318,39" /><INIT seed="3,0,0,1,3,97" ten="206,268,169,357" oya="3" hai0="66,32,62,104,5,106,111,57,29,9,100,120,123" hai1="1,36,11,119,2,44,20,94,16,46,35,28,124" hai2="8,129,87,108,95,74,27,81,132,77,69,38,53" hai3="7,96,23,89,75,4,39,117,67,122,6,37,134"/><W112/><G75/><T125/><D111/><U76/><E124/><V83/><F108/><W64/><G6/><T68/><D125/><U13/><E119/><V55/><F132/><W84/><G64/><T109/><D109/><U71/><E71/><V98/><F129/><W21/><G23/><T105/><D57/><U79/><E94/><V114/><F114/><W128/><G4/><T19/><D19/><U49/><E36/><V12/><F69/><W61/><G96/><N who="0" m="61447" /><D123/><U51/><E35/><V24/><F38/><W92/><G37/><T15/><D15/><N who="1" m="9247" /><E28/><V78/><F27/><W41/><G92/><T31/><D31/><U107/><E107/><V72/><F24/><W88/><G39/><T116/><D116/><U115/><E115/><V45/><F87/><W59/><G122/><T30/><D30/><U118/><E1/><V135/><F135/><W47/><G134/><T3/><D120/><U14/><E13/><V26/><F26/><AGARI ba="0,0" hai="3,5,9,26,29,32,62,66,68,105,106" m="61447" machi="26" ten="30,7700,0" yaku="25,1,33,2,52,1" doraHai="97" who="0" fromWho="2" sc="206,77,268,0,169,-77,357,0" owari="283,8.3,268,-13.2,92,-40.8,357,45.7" /></mjloggm>