<mjloggm ver="2.3"><GO type="225" lobby="0"/><UN n0="%E3%82%B3%E3%83%90%E3%83%AC%E3%82%A4" n1="%E3%81%8B%E3%82%8F%E3%81%A1%E3%82%83%E3%82%93%35%38" n2="%E5%91%A8%E6%9D%B1" n3="%72%65%6E%6B%75%6E" dan="16,16,16,17" rate="2159.70,2163.46,2174.61,2204.87" sx="M,M,M,M"/><TAIKYOKU oya="0"/><INIT seed="0,0,0,5,0,58" ten="250,250,250,250" oya="0" hai0="57,118,125,131,39,91,92,43,122,113,22,27,16" hai1="33,8,133,5,38,115,60,32,78,97,134,94,62" hai2="132,42,28,72,23,53,112,93,83,109,87,106,19" hai3="73,40,80,67,116,130,86,104,6,61,119,75,1"/><T41/><D122/><U14/><E38/><V121/><F121/><W68/><G104/><T85/><D118/><U36/><E36/><V48/><F112/><W9/><G130/><T21/><D113/><U81/><E115/><V65/><F109/><W108/><G108/><T46/><D131/><U55/><E55/><V13/><F132/><N who="1" m="50793" /><E32/><V4/><F106/><W114/><G114/><T7/><D125/><U82/><E33/><V107/><F107/><W63/><G40/><T77/><D41/><U79/><E81/><V124/><F124/><W12/><G1/><T52/><D7/><U88/><E78/><V26/><F4/><W45/><G45/><T11/><D77/><U111/><E111/><V127/><F72/><AGARI ba="0,0" hai="5,8,14,60,62,72,79,82,88,94,97" m="50793" machi="72" ten="30,7700,0" yaku="20,1,52,2,54,1" doraHai="58" who="1" fromWho="2" sc="250,0,250,77,250,-77,250,0" /><INIT seed="1,0,0,4,4,129" ten="250,327,173,250" oya="1" hai0="66,10,80,35,37,114,62,7,109,25,91,112,63" hai1="98,75,116,73,44,88,106,14,83,2,39,1,20" hai2="103,126,131,27,132,17,4,70,53,13,43,64,6" hai3="16,67,72,86,24,117,77,99,29,81,89,107,115"/><U19/><E116/><V130/><F103/><W28/><G117/><T128/><D37/><U120/><E120/><V31/><F43/><W59/><G115/><T36/><D36/><U45/><E75/><V50/><F64/><W108/><G108/><T113/><D128/><N who="2" m="49194" /><F70/><W90/><G67/><T100/><D100/><U122/><E122/><V58/><F126/><W42/><G59/><T9/><D109/><U32/><E32/><N who="2" m="20607" /><F132/><W135/><G42/><T96/><D66/><U124/><E44/><V93/><F93/><N who="3" m="54455" /><G90/><T52/><D96/><U46/><E124/><V102/><F102/><N who="3" m="62943" /><G135/><T33/><D91/><U79/><E45/><V118/><F118/><W101/><G101/><T48/><D80/><U22/><E106/><V8/><AGARI ba="0,0" hai="4,6,8,13,17,50,53,58" m="20607,49194" machi="8" ten="30,1100,0" yaku="19,1" doraHai="129" who="2" fromWho="2" sc="250,-3,327,-5,173,11,250,-3" /><INIT seed="2,0,0,1,3,104" ten="247,322,184,247" oya="2" hai0="20,32,35,9,120,37,65,42,71,81,92,10,74" hai1="17,131,55,73,24,75,29,76,77,86,72,23,78" hai2="121,112,108,69,13,54,50,100,85,98,33,59,68" hai3="129,30,111,116,62,12,83,48,135,127,8,105,64"/><V27/><F121/><W95/><G105/><T93/><D120/><U40/><E131/><V0/><F0/><W97/><G116/><T14/><D71/><U19/><E40/><V114/><F108/><W26/><G129/><T118/><D65/><U66/><E66/><V46/><F13/><W57/><G111/><T70/><D70/><U47/><REACH who="1" step="1"/><E86/><REACH who="1" ten="247,312,184,247" step="2"/><V101/><F112/><W5/><G127/><T2/><D118/><U7/><E7/><V45/><F114/><W49/><G135/><T22/><D42/><U126/><E126/><V53/><F85/><W3/><G3/><T6/><D37/><U123/><E123/><V15/><F69/><W115/><G115/><T102/><D6/><U25/><E25/><V124/><F68/><W51/><G83/><T88/><D2/><U90/><E90/><V11/><F124/><W36/><G36/><T94/><D88/><U113/><E113/><V1/><F1/><W125/><G125/><T60/><D81/><U44/><E44/><V99/><F27/><W89/><REACH who="3" step="1"/><G49/><AGARI ba="0,1" hai="17,19,23,24,29,47,49,55,72,73,75,76,77,78" machi="49" ten="50,8000,1" yaku="1,1,52,3,53,0" doraHai="104" doraHaiUra="87" who="1" fromWho="3" sc="247,0,312,90,184,0,247,-80" /><INIT seed="3,0,0,4,3,71" ten="247,402,184,167" oya="3" hai0="43,66,124,135,15,41,37,39,65,29,52,19,84" hai1="113,126,53,110,20,0,132,127,18,32,44,60,78" hai2="31,118,16,75,102,45,92,59,55,9,90,133,6" hai3="120,24,11,79,128,82,70,42,47,91,17,69,61"/><W63/><G120/><T34/><D124/><N who="1" m="47659" /><E110/><V105/><F75/><W108/><G108/><T64/><D135/><U22/><E32/><V10/><F133/><W27/><G128/><T131/><D131/><U87/><E132/><V115/><F31/><W93/><G70/><T46/><D34/><U106/><E113/><V30/><F30/><W73/><G69/><T51/><D29/><U89/><E106/><V62/><F118/><W86/><G27/><T5/><D5/><U58/><E0/><V13/><F115/><W36/><REACH who="3" step="1"/><G11/><REACH who="3" ten="247,402,184,157" step="2"/><T119/><D119/><U77/><E20/><AGARI ba="0,1" hai="17,20,24,36,42,47,61,63,73,79,82,86,91,93" machi="20" ten="40,7700,0" yaku="1,1,2,1,52,1,53,0" doraHai="71" doraHaiUra="28" who="3" fromWho="1" sc="247,0,402,-77,184,0,157,87" /><INIT seed="3,1,0,2,4,89" ten="247,325,184,244" oya="3" hai0="70,62,82,110,65,22,12,115,36,108,19,117,118" hai1="60,121,18,134,54,120,57,95,125,88,11,47,33" hai2="135,97,131,16,5,30,122,73,49,15,91,25,23" hai3="21,71,127,130,86,100,102,8,126,101,93,20,13"/><W66/><G130/><T68/><D36/><U64/><E33/><V58/><F131/><W98/><G86/><T104/><D104/><U24/><E134/><V55/><F135/><W44/><G44/><T40/><D40/><U107/><E107/><V78/><F122/><W43/><G43/><T52/><D70/><U132/><E132/><V92/><F73/><W9/><G66/><T83/><D115/><U31/><E31/><V10/><REACH who="2" step="1"/><F78/><REACH who="2" ten="247,325,174,244" step="2"/><W27/><G71/><T114/><D114/><U69/><E121/><V51/><F51/><W128/><G128/><T37/><D37/><U90/><E120/><V87/><F87/><W81/><G81/><T34/><D83/><U39/><E69/><V14/><F14/><W103/><G13/><T74/><D74/><U129/><E39/><V63/><F63/><W2/><G2/><T38/><D38/><U119/><E60/><V28/><AGARI ba="1,1" hai="5,10,15,16,23,25,28,30,49,55,58,91,92,97" machi="28" ten="30,8000,1" yaku="1,1,0,1,8,1,52,1,54,1,53,0" doraHai="89" doraHaiUra="133" who="2" fromWho="2" sc="247,-21,325,-21,174,93,244,-41" owari="226,-17.4,304,40.4,267,6.7,203,-29.7" /></mjloggm>