<mjloggm ver="2.3"><GO type="225" lobby="0"/><UN n0="%E6%A1%9C%E8%8A%B1%E9%96%83%E3%80%85" n1="%E8%81%B7%E6%A5%AD%E3%80%81%E9%A2%A8%32" n2="%E3%83%B4%E3%83%A0%EF%BC%99%E3%81%A6" n3="%E3%81%A4%E3%81%A3%E3%81%B1%E3%82%8A%E3%83%9D%E3%83%BC%E3%83%AB" dan="16,16,17,17" rate="2232.43,2183.51,2124.68,2153.13" sx="M,M,M,M"/><TAIKYOKU oya="0"/><INIT seed="0,0,0,1,1,132" ten="250,250,250,250" oya="0" hai0="4,121,85,89,67,107,0,58,92,125,131,64,130" hai1="84,62,53,93,25,60,1,2,70,42,77,69,29" hai2="22,127,126,128,117,40,103,97,78,6,35,20,118" hai3="61,111,16,72,32,76,39,120,49,94,123,5,102"/><T88/><D121/><N who="3" m="46665" /><G39/><T95/><D107/><U115/><E115/><V87/><F35/><W122/><N who="3" m="46673" /><W47/><DORA hai="79" /><G32/><T105/><D105/><U133/><E133/><V104/><F128/><N who="0" m="49194" /><D58/><U46/><E2/><V134/><F134/><W90/><G5/><T10/><D125/><N who="2" m="47626" /><F40/><N who="3" m="24807" /><G102/><T81/><D95/><U73/><E1/><V15/><F6/><W17/><G61/><T116/><D116/><N who="2" m="44650" /><F15/><W113/><G111/><T24/><D24/><U98/><E42/><V108/><F108/><W80/><G113/><T27/><D27/><U75/><E60/><V82/><AGARI ba="0,0" hai="20,22,78,82,87,97,103,104" m="44650,47626" machi="82" ten="40,12000,2" yaku="18,1,12,1,52,4" doraHai="132,79" who="2" fromWho="2" sc="250,-60,250,-30,250,120,250,-30" /><INIT seed="1,0,0,3,1,2" ten="190,220,370,220" oya="1" hai0="111,101,47,120,127,73,88,27,75,49,51,69,103" hai1="21,24,15,123,89,95,1,110,61,134,128,92,13" hai2="102,91,82,60,119,41,98,96,109,42,36,66,55" hai3="90,79,46,72,18,65,129,22,108,3,125,97,100"/><U17/><E123/><V77/><F119/><W0/><G108/><T84/><D111/><U23/><E1/><V54/><F109/><W63/><G129/><T113/><D113/><U25/><E128/><V133/><F91/><W48/><G125/><T20/><D69/><U114/><E114/><V107/><F96/><W124/><G124/><T30/><D127/><U85/><E134/><V130/><F130/><W58/><G90/><T122/><D75/><U83/><E110/><V70/><F133/><W57/><G57/><T12/><D73/><U106/><E106/><V116/><F116/><W52/><G79/><T135/><D135/><U34/><E34/><V4/><F4/><W56/><G56/><T126/><D126/><U59/><E92/><V35/><F35/><W8/><G8/><T11/><D120/><U38/><E38/><V6/><F6/><W31/><G31/><T14/><D14/><U78/><E23/><V81/><F81/><W32/><G72/><T33/><D33/><U112/><E15/><V93/><F107/><W105/><REACH who="3" step="1"/><G32/><REACH who="3" ten="190,220,370,210" step="2"/><T74/><D74/><U64/><REACH who="1" step="1"/><E112/><REACH who="1" ten="190,210,370,210" step="2"/><V67/><F70/><W115/><G115/><T9/><D122/><U68/><E68/><V117/><F117/><W29/><G29/><T104/><D30/><U16/><E16/><V131/><F131/><W19/><G19/><T53/><D20/><U43/><E43/><V121/><F42/><W50/><G50/><T7/><D49/><U44/><E44/><V26/><F41/><W94/><G94/><N who="0" m="54535" /><D51/><U5/><E5/><V37/><F93/><W71/><G71/><RYUUKYOKU ba="0,2" sc="190,-15,210,15,370,-15,210,15" hai1="13,17,21,24,25,59,61,64,78,83,85,89,95" hai3="0,3,18,22,46,48,52,58,63,65,97,100,105" /><INIT seed="1,1,2,1,3,10" ten="175,225,355,225" oya="1" hai0="41,71,75,43,82,120,112,3,110,31,26,36,63" hai1="127,39,45,11,114,86,77,13,76,72,47,104,116" hai2="129,54,24,115,134,34,66,122,119,109,9,128,101" hai3="20,78,53,133,69,65,12,23,14,95,25,57,108"/><U60/><E114/><V6/><F119/><W61/><G108/><T0/><D112/><U106/><E116/><V74/><F115/><W88/><G133/><T123/><D110/><U40/><E127/><V87/><F109/><W1/><G1/><N who="0" m="587" /><D63/><U67/><E72/><V92/><F122/><N who="0" m="46634" /><D71/><U50/><E104/><V44/><F74/><W8/><G78/><N who="0" m="44383" /><D36/><U90/><E106/><V21/><F66/><W5/><G69/><T29/><D29/><U42/><E67/><V52/><F134/><W58/><G65/><T80/><D80/><U93/><REACH who="1" step="1"/><E60/><REACH who="1" ten="175,215,355,225" step="2"/><V131/><F128/><W22/><G61/><T51/><D51/><U132/><E132/><V99/><F131/><W103/><G95/><T107/><D107/><U113/><E113/><V55/><F92/><W73/><G73/><T27/><D27/><U48/><E48/><V64/><F24/><W124/><G25/><T96/><D96/><U118/><E118/><V117/><F64/><W35/><G124/><T4/><D4/><AGARI ba="1,3" hai="4,11,13,39,40,42,45,47,50,76,77,86,90,93" machi="4" ten="30,5800,0" yaku="1,1,7,1,52,1,53,0" doraHai="10" doraHaiUra="32" who="1" fromWho="0" sc="175,-61,215,91,355,0,225,0" /><INIT seed="1,2,0,5,3,67" ten="114,306,355,225" oya="1" hai0="128,46,70,37,69,18,77,56,127,7,85,52,79" hai1="124,15,107,97,96,49,40,51,118,16,62,115,65" hai2="92,58,112,135,31,34,88,10,129,44,90,32,123" hai3="95,24,13,4,82,54,93,121,80,72,66,108,22"/><U134/><E115/><V113/><F123/><W55/><G72/><T3/><D127/><U12/><E118/><V119/><F119/><W38/><G38/><T117/><D117/><U133/><E124/><V30/><F129/><W125/><G66/><T75/><D85/><U20/><E15/><V86/><F135/><N who="1" m="51721" /><E40/><V64/><F44/><W84/><G82/><N who="0" m="45375" /><D18/><U53/><E107/><V122/><F122/><W42/><G121/><T8/><D79/><U132/><N who="1" m="51729" /><U39/><DORA hai="71" /><E39/><V2/><F10/><W99/><G13/><T28/><D28/><N who="2" m="10794" /><F2/><W35/><G42/><N who="0" m="22863" /><D128/><U120/><E120/><V25/><F25/><W0/><G24/><T131/><D131/><U106/><E106/><V126/><F126/><W48/><G125/><T45/><D45/><N who="1" m="27823" /><E51/><AGARI ba="2,0" hai="3,7,8,51,52,56,69,70" m="22863,45375" machi="51" ten="30,8000,1" yaku="25,1,52,3,54,1" doraHai="67,71" who="0" fromWho="1" sc="114,86,306,-86,355,0,225,0" /><INIT seed="2,0,0,5,0,72" ten="200,220,355,225" oya="2" hai0="57,10,79,77,11,101,69,60,28,132,70,110,99" hai1="128,129,81,26,9,127,34,21,48,40,86,98,87" hai2="75,111,126,116,92,73,100,38,1,122,97,13,91" hai3="106,62,115,104,47,63,66,103,25,124,56,33,36"/><V65/><F1/><W94/><G124/><T37/><D37/><U135/><E127/><V35/><F35/><W130/><G130/><N who="1" m="50282" /><E34/><V59/><F126/><W131/><G131/><T67/><D110/><U16/><E135/><V43/><F116/><W27/><G115/><T90/><D132/><U23/><E98/><V22/><F122/><W121/><G121/><T105/><D28/><N who="1" m="17487" /><E81/><V80/><F111/><W46/><G33/><T93/><D10/><U88/><E9/><V82/><F82/><W6/><G104/><T52/><D11/><U76/><E76/><V12/><F100/><W29/><G106/><T32/><D32/><U118/><E88/><V30/><F73/><W84/><G103/><T2/><D2/><U134/><E118/><V8/><F8/><W41/><G94/><T17/><D17/><U64/><E64/><V61/><F30/><W58/><G84/><T71/><REACH who="0" step="1"/><D67/><REACH who="0" ten="190,220,355,225" step="2"/><U0/><E0/><V51/><F38/><N who="3" m="21815" /><G29/><T31/><D31/><U119/><E119/><V113/><F22/><W14/><G6/><T83/><D83/><U44/><E134/><V50/><F113/><W68/><G36/><T15/><D15/><AGARI ba="0,1" hai="15,16,23,40,44,48,86,87" m="17487,50282" machi="15" ten="30,2000,0" yaku="19,1,54,1" doraHai="72" who="1" fromWho="0" sc="190,-20,220,30,355,0,225,0" /><INIT seed="3,0,0,2,4,1" ten="170,250,355,225" oya="3" hai0="47,70,48,59,68,42,132,84,72,107,127,8,131" hai1="29,118,44,67,111,99,104,40,114,129,121,80,63" hai2="98,25,56,64,123,33,13,12,37,43,78,22,4" hai3="45,10,50,23,81,52,103,6,95,62,49,5,83"/><W76/><G62/><T87/><D72/><U75/><E114/><V106/><F33/><W14/><G23/><T3/><D107/><U36/><E29/><V38/><F38/><W58/><G76/><T69/><D131/><U135/><E111/><V34/><F34/><W74/><G74/><T2/><D127/><U73/><E135/><V122/><F78/><W88/><G6/><T112/><D132/><U65/><E65/><V35/><F35/><W92/><G103/><T41/><D112/><U32/><E32/><V90/><F4/><W82/><G88/><T71/><N who="0" m="17408" /><DORA hai="96" /><T24/><D42/><AGARI ba="0,0" hai="5,10,14,42,45,49,50,52,58,81,82,83,92,95" machi="42" ten="40,7700,0" yaku="8,1,52,1,54,1" doraHai="1,96" who="3" fromWho="0" sc="170,-77,250,0,355,0,225,77" /><INIT seed="3,1,0,2,1,92" ten="93,250,355,302" oya="3" hai0="49,130,77,93,25,69,53,40,122,114,2,83,8" hai1="12,96,31,6,117,102,127,107,106,81,118,43,32" hai2="125,101,58,42,126,21,80,128,18,50,129,76,54" hai3="29,109,79,86,55,85,119,59,1,56,98,99,47"/><W27/><G1/><T52/><D52/><U104/><E43/><V133/><F101/><W124/><G119/><N who="1" m="45578" /><E12/><N who="2" m="9415" /><F42/><W30/><G124/><N who="2" m="47721" /><F133/><W116/><G116/><T120/><D120/><U22/><E22/><V134/><F134/><W64/><G109/><T20/><D20/><U10/><E81/><V66/><F66/><W57/><G64/><T78/><D78/><U82/><E82/><V84/><AGARI ba="1,0" hai="50,54,58,76,80,84,128,129" m="47721,9415" machi="84" ten="30,1100,0" yaku="18,1" doraHai="92" who="2" fromWho="2" sc="93,-4,250,-4,355,14,302,-6" owari="89,-41.1,246,-15.4,369,46.9,296,9.6" /></mjloggm>