<mjloggm ver="2.3"><GO type="225" lobby="0"/><UN n0="%E5%87%BA%E6%B0%B4" n1="%E7%99%BD%E5%80%89%E5%AF%9B%E4%B9%8B" n2="%33%74%72%65%65" n3="%E3%83%A9%E3%82%B9%E7%8E%87%EF%BC%93%E5%89%B2" dan="16,16,17,17" rate="2098.46,2127.12,2213.35,2193.57" sx="F,M,F,F"/><TAIKYOKU oya="0"/><INIT seed="0,0,0,4,1,109" ten="250,250,250,250" oya="0" hai0="127,50,39,29,40,67,91,93,95,110,86,32,134" hai1="7,20,6,48,15,90,82,106,24,111,22,76,71" hai2="27,83,125,13,79,51,53,130,88,56,34,8,41" hai3="119,52,114,63,87,85,129,70,30,126,54,44,128"/><T37/><D134/><U23/><E71/><V59/><F130/><N who="3" m="50283" /><G119/><T100/><D67/><U131/><E106/><V80/><F125/><W3/><G3/><T84/><D127/><U118/><E131/><V73/><F41/><W18/><G126/><T72/><D72/><U101/><E118/><V4/><F34/><W65/><G30/><T31/><D50/><U77/><E101/><V10/><F27/><W115/><G18/><T102/><D40/><U60/><E60/><V117/><F117/><W64/><G64/><T46/><D46/><U122/><E111/><V103/><F103/><W5/><G5/><N who="1" m="1546" /><E122/><V61/><F8/><W74/><G74/><T104/><D91/><U45/><E15/><V62/><REACH who="2" step="1"/><F59/><REACH who="2" ten="250,250,240,250" step="2"/><W98/><G44/><T92/><D32/><U120/><E24/><V116/><F116/><W108/><G108/><T12/><D110/><U35/><E35/><V99/><F99/><W113/><G98/><T112/><D104/><U26/><E26/><V123/><F123/><W9/><G9/><T0/><D102/><U36/><E120/><V21/><F21/><W135/><G135/><T89/><D100/><U97/><E36/><V11/><F11/><W69/><G69/><T121/><D39/><U14/><E97/><V57/><F57/><W42/><G42/><T1/><D37/><U28/><E28/><V43/><F43/><W78/><G78/><T25/><D121/><U132/><E132/><V33/><F33/><W58/><G58/><T81/><D31/><U96/><E96/><V133/><F133/><W107/><G107/><T75/><D29/><RYUUKYOKU ba="0,1" sc="250,-15,250,-15,240,15,250,15" hai2="4,10,13,51,53,56,61,62,73,79,80,83,88" hai3="52,54,63,65,70,85,87,113,114,115" /><INIT seed="1,1,1,0,0,44" ten="235,235,255,265" oya="1" hai0="27,49,46,104,61,126,109,66,123,50,41,45,101" hai1="81,56,17,89,15,30,69,40,33,87,65,68,105" hai2="37,10,8,42,121,47,115,11,95,92,55,2,98" hai3="119,25,0,124,88,84,14,100,116,85,135,74,114"/><U120/><E105/><V19/><F121/><W51/><G0/><T108/><D123/><U129/><E120/><V20/><F115/><W39/><G39/><T48/><D126/><U13/><E129/><V102/><F55/><W107/><G74/><T90/><D90/><U4/><E4/><V26/><REACH who="2" step="1"/><F2/><REACH who="2" ten="235,235,245,265" step="2"/><W112/><G114/><T125/><D125/><U64/><E64/><V110/><F110/><N who="0" m="42602" /><D27/><U63/><E15/><V31/><F31/><W38/><G14/><T32/><D32/><U118/><E33/><V54/><F54/><W117/><G25/><T6/><D6/><U128/><E30/><V60/><F60/><W133/><G112/><T36/><D104/><AGARI ba="1,2" hai="8,10,11,19,20,26,37,42,47,92,95,98,102,104" machi="104" ten="40,1300,0" yaku="1,1,53,0" doraHai="44" doraHaiUra="3" who="2" fromWho="0" sc="235,-16,235,0,245,36,265,0" /><INIT seed="2,0,0,5,4,119" ten="219,235,281,265" oya="2" hai0="30,128,34,122,117,27,95,115,32,5,50,19,72" hai1="126,132,40,20,1,14,130,16,62,64,43,113,118" hai2="15,6,31,77,89,18,83,80,70,33,135,120,134" hai3="107,10,81,26,13,69,125,44,8,48,9,51,105"/><V99/><F70/><W38/><G69/><T52/><D115/><U3/><E113/><V61/><F61/><W127/><G13/><T7/><D117/><U54/><E118/><V35/><F6/><W12/><G12/><T82/><D128/><U58/><E130/><V23/><F120/><W49/><G26/><T74/><D34/><U67/><E132/><N who="2" m="50731" /><F31/><W53/><G81/><N who="2" m="31305" /><F77/><W112/><G112/><T129/><D129/><U100/><E126/><N who="3" m="48138" /><G53/><T121/><D95/><AGARI ba="0,0" hai="15,18,23,33,35,89,95,99" m="31305,50731" machi="95" ten="30,1500,0" yaku="20,1" doraHai="119" who="2" fromWho="0" sc="219,-15,235,0,281,15,265,0" /><INIT seed="2,1,0,0,5,13" ten="204,235,296,265" oya="2" hai0="92,81,69,19,29,5,61,110,95,30,120,85,51" hai1="53,130,129,41,57,123,18,33,12,111,7,37,79" hai2="75,106,60,93,115,15,3,2,25,76,64,21,108" hai3="101,58,91,4,104,125,84,121,35,114,94,105,34"/><V59/><F106/><W116/><G121/><T128/><D120/><U31/><E123/><V72/><F115/><W17/><G114/><T97/><D128/><U113/><E113/><V83/><F75/><W65/><G4/><T8/><D110/><U14/><E111/><V88/><F15/><W80/><G125/><T124/><D124/><U11/><E79/><V77/><F77/><W122/><G116/><T48/><D69/><U107/><E107/><V99/><REACH who="2" step="1"/><F108/><REACH who="2" ten="204,235,286,265" step="2"/><W102/><G104/><T119/><D119/><U74/><E74/><V78/><F78/><W66/><G105/><T22/><D61/><U20/><E130/><V67/><F67/><W42/><G65/><T70/><D70/><U0/><E129/><V112/><F112/><W82/><G66/><T28/><D51/><U16/><E37/><V71/><F71/><W56/><G122/><T38/><D38/><U50/><E41/><V36/><F36/><W62/><G42/><T43/><D48/><U40/><E40/><V117/><F117/><W46/><G62/><T39/><D39/><U131/><E131/><V135/><F135/><W49/><G49/><T87/><D43/><U23/><E33/><V68/><F68/><W24/><G34/><T63/><D63/><U127/><E127/><V10/><F10/><W1/><G35/><T27/><D8/><U89/><E31/><AGARI ba="1,1" hai="2,3,21,25,31,59,60,64,72,76,83,88,93,99" machi="31" ten="30,11600,0" yaku="1,1,7,1,54,1,53,1" doraHai="13" doraHaiUra="86" who="2" fromWho="1" sc="204,0,235,-119,286,129,265,0" /><INIT seed="2,2,0,4,1,14" ten="204,116,415,265" oya="2" hai0="133,102,53,106,72,129,135,56,39,62,13,94,99" hai1="52,88,97,37,131,80,71,23,105,77,4,61,134" hai2="57,117,107,18,112,83,130,70,65,82,29,89,50" hai3="84,100,15,93,19,113,95,44,118,0,22,127,110"/><V24/><F117/><W41/><G118/><T47/><D129/><U16/><E131/><V49/><F112/><W20/><G0/><T85/><D72/><U59/><E37/><V98/><F70/><W48/><G113/><T116/><D116/><U90/><E134/><N who="0" m="51209" /><D13/><U60/><E4/><V17/><F130/><W104/><G110/><T33/><D33/><U114/><E114/><V119/><F119/><W108/><G108/><T32/><D32/><U92/><E105/><V124/><F124/><W120/><G120/><T7/><D7/><U45/><E45/><V31/><F107/><W103/><G127/><T25/><D25/><U54/><E71/><V78/><F24/><W10/><G104/><T101/><D85/><N who="1" m="50215" /><E77/><V81/><F78/><W75/><G75/><T66/><D106/><U11/><E11/><V43/><F43/><W51/><G51/><N who="0" m="28927" /><D39/><U87/><E87/><V27/><F49/><W79/><G79/><T96/><D96/><U36/><E36/><V69/><F50/><W55/><G41/><T35/><D35/><U109/><E109/><V115/><F98/><N who="3" m="59471" /><G84/><T2/><D2/><U42/><E42/><V76/><F76/><W21/><G10/><T46/><D46/><U34/><E34/><V5/><F115/><W91/><G44/><T86/><D86/><U132/><E132/><V126/><F126/><W121/><G121/><T67/><D102/><U6/><E6/><V128/><F128/><W1/><G103/><T3/><D3/><U74/><E74/><V26/><F81/><W12/><G1/><T64/><AGARI ba="2,0" hai="56,62,64,66,67,94,99,101" m="28927,51209" machi="64" ten="30,1100,0" yaku="20,1" doraHai="14" who="0" fromWho="0" sc="204,17,116,-5,415,-7,265,-5" /><INIT seed="3,0,0,1,4,110" ten="221,111,408,260" oya="3" hai0="17,90,99,43,96,32,108,77,49,37,72,128,89" hai1="97,52,100,57,91,71,115,106,27,113,83,35,59" hai2="116,122,60,134,41,84,75,111,51,7,33,10,4" hai3="70,102,124,21,73,130,107,119,45,1,55,123,11"/><W15/><G119/><T50/><D108/><U26/><E71/><V40/><F75/><W67/><G123/><T14/><D32/><U23/><E59/><V24/><F116/><W20/><G1/><T68/><D68/><U98/><E35/><V66/><F111/><W9/><G73/><T61/><D128/><U117/><E117/><V34/><F7/><W3/><G3/><T31/><D31/><U56/><E56/><V53/><F134/><W92/><G107/><T135/><D135/><U38/><E38/><V85/><F33/><W39/><G39/><T5/><D61/><U95/><E83/><V87/><F24/><W16/><G67/><T47/><D5/><U126/><E126/><V81/><F81/><W88/><G102/><T76/><D72/><U42/><E42/><V105/><F34/><W86/><G130/><T8/><D50/><U109/><E109/><V64/><F64/><W29/><G124/><T132/><D132/><U118/><E118/><V93/><F105/><W127/><G70/><T13/><D13/><U18/><REACH who="1" step="1"/><E27/><REACH who="1" ten="221,101,408,260" step="2"/><V63/><F41/><W28/><G127/><T12/><D37/><U22/><E22/><V121/><F40/><W46/><G20/><T36/><D43/><U129/><E129/><V101/><F122/><W82/><G82/><T80/><D80/><U69/><E69/><V131/><F131/><W125/><G125/><T25/><D36/><U48/><AGARI ba="0,1" hai="18,23,26,48,52,57,91,95,97,98,100,106,113,115" machi="48" ten="20,12000,2" yaku="1,1,0,1,7,1,52,2,54,1,53,0" doraHai="110" doraHaiUra="79" who="1" fromWho="1" sc="221,-30,101,130,408,-30,260,-60" owari="191,-30.9,231,3.1,378,47.8,200,-20.0" /></mjloggm>