<mjloggm ver="2.3"><GO type="225" lobby="0"/><UN n0="%E5%B8%86%E7%AB%8B%E5%A4%8F%E8%A1%A3" n1="%E3%81%95%E3%81%8D%E3%81%9F%E3%81%BE%E6%9E%97%E6%AA%8E" n2="%E3%82%8F%E3%81%8B%E3%81%B0%2A%E3%82%AC%E3%83%BC%E3%83%AB" n3="%E3%83%A9%E3%83%BC%E3%83%A1%E3%83%B3%E4%BA%94%E9%83%8E" dan="17,16,16,16" rate="2246.39,2143.52,2110.70,2145.19" sx="M,M,M,M"/><TAIKYOKU oya="0"/><INIT seed="0,0,0,5,3,37" ten="250,250,250,250" oya="0" hai0="89,123,97,115,47,130,45,26,69,101,17,80,117" hai1="68,79,19,14,76,116,33,28,31,122,111,59,108" hai2="77,109,132,131,85,11,66,23,96,49,100,67,52" hai3="8,60,75,4,7,15,30,53,10,42,9,20,95"/><T112/><D117/><U87/><E68/><V105/><F131/><W58/><G75/><T135/><D123/><U119/><E122/><V82/><F109/><N who="1" m="42057" /><E59/><V78/><F132/><W61/><G95/><T106/><D135/><U120/><E120/><V35/><F35/><W92/><G92/><T43/><D130/><U121/><E121/><V107/><F107/><W51/><G9/><T48/><D69/><U6/><E6/><V102/><F102/><W118/><G118/><N who="1" m="45098" /><E87/><V63/><F11/><W65/><G65/><T39/><D80/><U99/><E99/><V13/><F63/><W40/><G61/><T71/><D71/><U91/><E91/><V81/><F23/><W32/><G32/><T74/><D89/><U90/><E90/><V134/><F13/><N who="3" m="5255" /><G60/><T16/><D74/><U103/><E103/><V83/><F134/><W56/><G56/><T84/><D84/><U113/><E113/><V21/><F21/><W55/><G55/><T12/><D26/><AGARI ba="0,0" hai="7,10,15,20,26,30,40,42,51,53,58" m="5255" machi="26" ten="30,3900,0" yaku="8,1,52,2" doraHai="37" who="3" fromWho="0" sc="250,-39,250,0,250,0,250,39" /><INIT seed="1,0,0,5,5,30" ten="211,250,250,289" oya="1" hai0="124,123,130,131,0,57,92,67,38,15,121,55,112" hai1="11,19,81,135,39,5,115,47,70,106,21,84,74" hai2="87,72,88,45,22,125,89,103,8,42,66,29,53" hai3="20,41,134,2,105,56,116,114,32,31,24,75,64"/><U80/><E115/><V77/><F125/><W18/><G114/><T1/><D112/><U82/><E106/><V3/><F66/><W110/><G75/><T27/><D38/><U48/><E39/><V33/><F103/><W14/><G105/><T73/><D73/><U58/><E70/><V71/><F71/><W126/><G126/><T37/><D37/><U107/><E107/><V97/><F53/><W65/><G110/><T129/><D124/><U16/><E74/><V85/><F22/><W13/><G134/><T61/><D15/><N who="1" m="5615" /><E135/><V102/><F72/><W4/><G116/><T54/><D92/><U127/><E58/><V76/><F8/><N who="3" m="2071" /><G13/><T35/><D1/><U104/><E104/><V133/><F3/><W9/><G9/><T94/><D94/><U128/><E128/><V62/><F133/><W43/><G56/><T44/><D0/><U132/><E132/><V117/><F117/><W40/><AGARI ba="0,0" hai="14,18,20,24,31,32,40,41,43,64,65" m="2071" machi="40" ten="30,2000,0" yaku="24,1,52,1" doraHai="30" who="3" fromWho="3" sc="211,-5,250,-10,250,-5,289,20" /><INIT seed="2,0,0,5,4,12" ten="206,240,245,309" oya="2" hai0="109,94,104,29,91,106,34,39,53,58,27,50,21" hai1="60,42,102,108,132,133,14,82,130,110,2,40,5" hai2="51,28,30,31,26,54,96,77,85,79,114,125,13" hai3="36,89,78,121,107,57,43,118,41,71,9,63,135"/><V126/><F114/><W69/><G118/><T87/><D109/><N who="1" m="42091" /><E2/><V11/><F96/><W98/><G121/><T95/><D39/><U70/><E130/><V23/><F125/><W100/><G135/><N who="1" m="51786" /><E102/><V122/><F122/><W62/><G78/><N who="2" m="29705" /><F85/><W59/><G36/><T103/><D103/><U56/><E70/><V117/><F117/><W25/><G71/><T83/><REACH who="0" step="1"/><D34/><REACH who="0" ten="196,240,245,309" step="2"/><U116/><E116/><V134/><F134/><W20/><G100/><T52/><D52/><N who="1" m="33799" /><E82/><V81/><F81/><W68/><G41/><T75/><D75/><U33/><E33/><V1/><F126/><W115/><G43/><T124/><D124/><U55/><E55/><V8/><F54/><W131/><G131/><T16/><D16/><U7/><E7/><V10/><F1/><W37/><G37/><T129/><D129/><U18/><E5/><N who="2" m="3215" /><F51/><W86/><G115/><T120/><D120/><U65/><E65/><V123/><F123/><W47/><G62/><T46/><D46/><U113/><E113/><V128/><F128/><W45/><G63/><T127/><D127/><U80/><E80/><V90/><F90/><W38/><G89/><T67/><D67/><U111/><N who="1" m="42099" /><U92/><DORA hai="3" /><E92/><AGARI ba="0,1" hai="21,27,29,50,53,58,83,87,91,92,94,95,104,106" machi="92" ten="40,1300,0" yaku="1,1,53,0" doraHai="12,3" doraHaiUra="105,32" who="0" fromWho="1" sc="196,23,240,-13,245,0,309,0" /><INIT seed="3,0,0,3,5,94" ten="219,227,245,309" oya="3" hai0="65,63,54,60,117,90,62,110,49,89,77,56,134" hai1="14,50,83,128,135,106,102,103,70,125,29,61,27" hai2="76,111,120,78,31,115,53,121,69,52,43,0,100" hai3="22,38,41,93,2,17,15,81,68,37,47,24,119"/><W71/><G119/><T127/><D110/><U109/><E109/><V8/><F115/><W4/><G38/><T32/><D32/><N who="1" m="20543" /><E128/><V79/><F111/><W25/><G93/><T84/><D127/><U118/><E125/><V74/><F74/><W30/><G81/><N who="0" m="47151" /><D134/><U73/><E135/><V45/><F69/><W85/><G85/><T87/><D117/><U26/><E26/><V39/><F31/><W1/><G24/><T34/><D34/><U64/><E118/><V88/><F100/><W59/><G59/><N who="0" m="33231" /><D90/><U23/><E50/><V99/><F8/><N who="3" m="2063" /><G2/><T12/><D12/><U42/><E42/><V58/><F0/><W19/><G19/><T75/><D75/><U5/><E5/><V28/><F28/><W48/><G37/><T7/><D7/><U86/><E73/><V105/><F58/><W130/><G130/><T72/><D72/><U44/><E44/><V104/><F104/><W57/><G57/><T10/><D10/><U131/><E131/><V116/><F116/><W112/><G112/><T80/><AGARI ba="0,0" hai="56,60,62,63,65,80,87,89" m="33231,47151" machi="80" ten="30,1100,0" yaku="8,1" doraHai="94" who="0" fromWho="0" sc="219,11,227,-3,245,-3,309,-5" owari="230,-17.0,224,-27.6,242,4.2,304,40.4" /></mjloggm>