<mjloggm ver="2.3"><GO type="225" lobby="0"/><UN n0="%E6%98%93%E5%88%A9%E8%96%A9%E4%BC%AF" n1="%E5%A4%8F%E9%88%B4%E9%88%B4%E5%A4%8F" n2="%E5%91%89%E5%AF%8C%E6%98%A5" n3="%E7%89%B9%E6%9D%B1%E3%81%AF%E4%B8%96%E7%95%8C%E3%82%92%E6%95%91%E3%81%86" dan="17,16,16,16" rate="2117.71,2124.21,2111.99,2196.39" sx="F,F,M,M"/><TAIKYOKU oya="0"/><INIT seed="0,0,0,4,3,51" ten="250,250,250,250" oya="0" hai0="62,105,73,86,35,40,88,50,128,112,36,61,3" hai1="48,13,10,76,67,53,104,15,38,64,114,90,106" hai2="57,126,26,17,92,42,97,47,19,21,110,30,111" hai3="82,28,100,80,56,107,87,23,134,4,66,135,108"/><T113/><D73/><U22/><E38/><V14/><F126/><W130/><G108/><N who="2" m="41513" /><F57/><W91/><G130/><T89/><D3/><U129/><E129/><V8/><F47/><W24/><G4/><T34/><D105/><U77/><E106/><V122/><F42/><W116/><G116/><T109/><D36/><U69/><E104/><V131/><F131/><W20/><G82/><T11/><D128/><U25/><E90/><N who="2" m="55447" /><F122/><W43/><G43/><T18/><D109/><U125/><E67/><V84/><F84/><W93/><G23/><T5/><D18/><AGARI ba="0,0" hai="8,14,17,18,19,21,26,30" m="55447,41513" machi="18" ten="30,1000,0" yaku="14,1" doraHai="51" who="2" fromWho="0" sc="250,-10,250,0,250,10,250,0" /><INIT seed="1,0,0,3,1,124" ten="240,250,260,250" oya="1" hai0="107,70,0,92,77,118,119,132,91,55,15,23,113" hai1="109,47,22,34,97,35,7,81,65,67,4,27,10" hai2="75,8,94,79,38,95,11,85,105,17,123,98,20" hai3="48,28,29,89,122,104,41,93,114,86,131,58,51"/><U83/><E109/><V30/><F123/><W108/><G122/><T100/><D113/><U63/><E67/><V14/><F38/><W129/><G114/><T121/><D0/><U73/><E97/><V120/><F120/><W56/><G104/><T71/><D121/><U62/><E63/><V101/><F30/><N who="3" m="11883" /><G108/><T111/><D132/><U110/><E110/><V57/><F57/><N who="3" m="22123" /><G41/><T125/><D125/><U130/><E62/><V1/><F1/><W42/><G42/><T54/><D77/><U134/><E65/><V50/><F50/><W44/><G44/><T3/><D3/><U72/><E47/><V115/><F94/><W26/><G26/><T16/><D100/><U96/><E27/><V2/><F2/><W45/><G45/><T13/><D107/><U59/><E59/><V82/><REACH who="2" step="1"/><F115/><REACH who="2" ten="240,250,250,250" step="2"/><W117/><G117/><T60/><D111/><U64/><E64/><V127/><F127/><W33/><G33/><T76/><D119/><U18/><E34/><V24/><F24/><W133/><G133/><T66/><D118/><U12/><E35/><V25/><F25/><W31/><G31/><T32/><D32/><U53/><E134/><V21/><F21/><W112/><G112/><T84/><D15/><U88/><E22/><V61/><F61/><W5/><G51/><T135/><D135/><U69/><E12/><V74/><F74/><W43/><G43/><T126/><D126/><U37/><E73/><V36/><F36/><W80/><G48/><T99/><REACH who="0" step="1"/><D70/><REACH who="0" ten="230,250,250,250" step="2"/><U46/><E69/><V40/><F40/><W68/><G68/><T87/><D87/><RYUUKYOKU ba="0,2" sc="230,15,250,-15,250,15,250,-15" hai0="13,16,23,54,55,60,66,71,76,84,91,92,99" hai2="8,11,14,17,20,75,79,82,85,95,98,101,105" /><INIT seed="2,1,2,1,2,59" ten="245,235,265,235" oya="2" hai0="47,121,135,91,132,106,87,52,10,0,68,92,111" hai1="103,54,17,134,66,67,14,101,40,114,63,72,1" hai2="15,97,12,90,44,129,120,24,55,107,96,35,116" hai3="98,122,49,82,41,50,80,84,18,57,88,100,131"/><V115/><F116/><W73/><G122/><T37/><D121/><U81/><E114/><V126/><F120/><W109/><G109/><T31/><D106/><U28/><E1/><V105/><F115/><W20/><G131/><T38/><D68/><U2/><E2/><V69/><F69/><W71/><G71/><T99/><D31/><U48/><E134/><N who="0" m="51241" /><D111/><U113/><E28/><V127/><F129/><W9/><G9/><T45/><D99/><N who="2" m="37962" /><F90/><W85/><G73/><T110/><D110/><U124/><E40/><V70/><F70/><W125/><G125/><N who="2" m="47625" /><F24/><W29/><G41/><T64/><D64/><U58/><E67/><V33/><F55/><W34/><G29/><T112/><D112/><U6/><E113/><V32/><F44/><N who="0" m="16970" /><D52/><U11/><E124/><V43/><F43/><W60/><G34/><T36/><D36/><U61/><E66/><V94/><F94/><N who="3" m="58455" /><G57/><T74/><D38/><U26/><E81/><V75/><F75/><W42/><G42/><T119/><D74/><U8/><E72/><V3/><F3/><W22/><G60/><N who="1" m="23114" /><E11/><V77/><F77/><N who="3" m="46095" /><G22/><AGARI ba="1,2" hai="6,8,14,17,22,26,48,54,58,101,103" m="23114" machi="22" ten="30,7700,0" yaku="8,1,52,3" doraHai="59" who="1" fromWho="3" sc="245,0,235,100,265,0,235,-80" /><INIT seed="3,0,0,3,5,129" ten="245,335,265,155" oya="3" hai0="57,23,104,66,38,77,6,11,35,74,30,107,105" hai1="32,25,69,56,91,96,89,28,52,73,115,75,84" hai2="85,59,79,90,2,20,37,132,70,33,41,53,55" hai3="65,40,19,92,71,46,34,15,100,120,21,111,9"/><W5/><G120/><T128/><D38/><U1/><E1/><V108/><F33/><W101/><G34/><T116/><D116/><U97/><E69/><V51/><F2/><W122/><G122/><T94/><D35/><U93/><E115/><V64/><F108/><W130/><G130/><T17/><D30/><U87/><E87/><V45/><F79/><W16/><G111/><T67/><D128/><U42/><E42/><V36/><F55/><W39/><G92/><T12/><D94/><U83/><E97/><V44/><F20/><W47/><G47/><T4/><D4/><U48/><AGARI ba="0,0" hai="25,28,32,48,52,56,73,75,83,84,89,91,93,96" machi="48" ten="20,2700,0" yaku="0,1,7,1,54,1" doraHai="129" who="1" fromWho="1" sc="245,-7,335,27,265,-7,155,-13" owari="238,-16.2,362,46.2,258,5.8,142,-35.8" /></mjloggm>