<mjloggm ver="2.3"><GO type="225" lobby="0"/><UN n0="%E6%A1%9C%E8%8A%B1%E9%96%83%E3%80%85" n1="%72%61%6B%33" n2="%E3%81%BF%E3%81%BF%E3%81%9A" n3="%E3%81%8A%E3%81%AB%E3%82%83%E3%81%8A%E3%81%A1%E3%82%83" dan="17,16,17,16" rate="2179.88,2144.96,2201.27,2091.39" sx="M,M,M,M"/><TAIKYOKU oya="0"/><INIT seed="0,0,0,2,2,118" ten="250,250,250,250" oya="0" hai0="135,33,14,63,39,8,62,53,24,61,99,13,130" hai1="74,3,48,1,81,36,115,30,69,37,29,0,132" hai2="43,23,41,86,114,7,133,100,128,89,105,107,97" hai3="88,6,98,18,112,32,116,106,70,45,28,47,92"/><T76/><D130/><U119/><E119/><V54/><F114/><W19/><G116/><T10/><D39/><U85/><E69/><V103/><F128/><W78/><G70/><T52/><D135/><U49/><E74/><V35/><F133/><W102/><G112/><T120/><D120/><U121/><E132/><V59/><F35/><W80/><G6/><T124/><D124/><U67/><E67/><V73/><F73/><W111/><G111/><T91/><D76/><U84/><E81/><V17/><F7/><W11/><G28/><N who="1" m="10858" /><E121/><V113/><F113/><W93/><G32/><T26/><D33/><U58/><E58/><V34/><F34/><W56/><G106/><T96/><D63/><U25/><E25/><V90/><F103/><W131/><G131/><T104/><D104/><U95/><E95/><V68/><F68/><W42/><G42/><T60/><D60/><U126/><E126/><V110/><F107/><W79/><G56/><T31/><D31/><U123/><E123/><V129/><F110/><W16/><G11/><T2/><REACH who="0" step="1"/><D91/><REACH who="0" ten="240,250,250,250" step="2"/><U51/><E115/><V27/><F129/><W4/><G78/><T66/><D66/><U82/><E82/><V122/><F122/><W9/><G79/><T71/><D71/><U125/><E125/><V55/><F90/><W50/><G80/><T5/><D5/><U15/><E36/><V12/><F89/><W77/><G77/><T75/><D75/><U21/><E37/><V117/><F117/><W94/><G88/><T72/><D72/><U20/><E85/><V134/><F86/><W87/><G87/><RYUUKYOKU ba="0,1" sc="240,30,250,-10,250,-10,250,-10" hai0="2,8,10,13,14,24,26,52,53,61,62,96,99" /><INIT seed="0,1,1,1,1,94" ten="270,240,240,240" oya="0" hai0="98,23,36,84,86,105,51,131,14,92,71,67,119" hai1="69,134,13,61,77,18,41,81,100,4,24,2,129" hai2="93,59,120,44,49,34,75,85,3,72,15,132,114" hai3="42,57,124,56,7,117,22,65,8,106,17,135,9"/><T37/><D119/><U107/><E41/><V62/><F3/><W38/><G106/><T28/><D105/><U83/><E24/><V79/><F34/><W109/><G117/><T115/><D115/><U88/><E129/><V125/><F120/><W110/><G135/><T19/><D131/><U1/><E4/><V54/><F114/><W60/><G124/><T128/><D128/><U130/><E134/><V74/><F132/><W12/><G8/><T73/><D73/><U45/><E45/><V0/><F0/><W33/><G33/><T112/><D51/><U82/><E77/><V48/><F48/><W113/><BYE who="2" /><G113/><T31/><D86/><U89/><E1/><V6/><F6/><W27/><G42/><UN n2="%E3%81%BF%E3%81%BF%E3%81%9A" /><T20/><D84/><U87/><E2/><V16/><F125/><W5/><G5/><T116/><D116/><U47/><E47/><V43/><F93/><W21/><G21/><T58/><D71/><U90/><E130/><V46/><F44/><W133/><G38/><T121/><D121/><U127/><E127/><V99/><F99/><W95/><G133/><T126/><D126/><U53/><E100/><V11/><REACH who="2" step="1"/><F85/><REACH who="2" ten="270,240,230,240" step="2"/><W101/><G110/><T103/><D112/><U104/><E87/><V26/><F26/><W97/><REACH who="3" step="1"/><G109/><REACH who="3" ten="270,240,230,230" step="2"/><T118/><D118/><U76/><E107/><V111/><F111/><W108/><G108/><T35/><D35/><U10/><E104/><V50/><F50/><W30/><G30/><T70/><D31/><U66/><E83/><AGARI ba="1,3" hai="11,15,16,43,46,49,54,59,62,72,74,75,79,83" machi="83" ten="40,2600,0" yaku="1,1,54,1,53,0" doraHai="94" doraHaiUra="25" who="2" fromWho="1" sc="270,0,240,-29,230,59,230,0" /><INIT seed="1,0,0,5,1,54" ten="270,211,289,230" oya="1" hai0="133,113,49,26,77,115,43,55,102,91,16,53,126" hai1="70,101,64,103,90,21,134,105,80,116,25,82,37" hai2="10,35,38,41,85,1,125,18,121,47,108,56,88" hai3="72,128,118,97,111,32,96,22,71,69,99,14,4"/><U7/><E37/><V132/><F121/><W45/><G118/><T61/><D126/><U89/><E116/><V73/><F73/><W51/><G111/><T110/><D110/><U87/><E134/><V130/><F35/><W78/><G32/><T12/><D133/><U104/><E7/><V50/><F108/><W29/><G128/><T36/><D36/><U9/><E9/><V84/><F132/><W62/><G72/><T39/><D39/><U127/><E127/><V74/><F125/><W65/><G78/><T63/><D102/><N who="1" m="38923" /><E64/><V57/><F74/><W8/><G29/><T6/><D26/><U17/><E70/><V93/><F130/><W92/><G22/><T107/><D91/><N who="1" m="34827" /><E17/><V20/><F38/><W24/><G24/><T67/><D6/><U44/><E44/><V75/><F75/><W123/><G123/><T11/><D107/><N who="1" m="41035" /><E21/><V3/><F85/><W19/><G4/><T117/><D67/><U40/><E40/><V76/><F76/><W94/><REACH who="3" step="1"/><G71/><REACH who="3" ten="270,211,289,220" step="2"/><T114/><D77/><N who="1" m="46479" /><E25/><V109/><F109/><W27/><G27/><T83/><D117/><U13/><E13/><N who="2" m="9295" /><F1/><W5/><G5/><T30/><D30/><U58/><E58/><N who="2" m="22635" /><F3/><W79/><G79/><T15/><D15/><U31/><E31/><V98/><F84/><W68/><G68/><T23/><D23/><U106/><E106/><V0/><F0/><W124/><G124/><T135/><D135/><U48/><E82/><V2/><F2/><W120/><G120/><T112/><N who="0" m="28672" /><DORA hai="122" /><T28/><D83/><U129/><E129/><V86/><F86/><W52/><AGARI ba="0,1" hai="8,14,19,45,51,52,62,65,69,92,94,96,97,99" machi="52" ten="30,12000,2" yaku="1,1,5,1,0,1,54,1,53,3" doraHai="54,122" doraHaiUra="95,119" who="3" fromWho="3" sc="270,-30,211,-60,289,-30,220,130" /><INIT seed="2,0,0,5,5,113" ten="240,151,259,350" oya="2" hai0="127,27,102,107,19,61,34,13,132,51,7,57,74" hai1="25,55,123,63,99,52,42,122,117,9,11,115,100" hai2="35,121,73,14,92,20,3,6,59,126,119,78,29" hai3="120,93,87,91,95,62,103,114,84,67,76,124,118"/><V0/><F73/><W8/><G114/><T135/><D74/><U110/><E115/><V54/><F78/><W12/><G120/><N who="1" m="46122" /><E110/><V16/><F119/><W112/><G112/><T5/><D51/><U66/><E42/><V28/><F121/><W41/><G124/><T22/><D102/><U65/><E25/><V60/><F126/><W23/><G118/><T111/><D107/><U68/><E65/><V130/><F130/><W80/><G41/><T131/><D127/><U1/><E117/><V86/><F35/><W24/><G103/><T45/><D45/><U64/><E64/><V21/><F0/><W58/><G95/><T79/><D79/><U106/><E11/><V72/><F72/><W129/><G129/><T36/><D36/><U98/><E99/><V40/><F40/><W94/><G94/><T75/><D131/><U2/><E2/><V4/><F3/><W77/><G77/><T31/><D111/><U90/><E90/><N who="2" m="53335" /><F20/><W125/><G125/><T71/><D71/><U47/><E47/><V70/><F70/><W15/><G8/><T46/><D46/><U48/><E48/><V97/><F97/><W105/><G105/><T82/><D61/><U128/><E128/><V33/><F33/><W85/><G85/><T37/><D37/><U18/><E1/><V134/><F134/><N who="0" m="51242" /><D57/><U133/><E133/><V81/><F81/><W101/><REACH who="3" step="1"/><G101/><REACH who="3" ten="240,151,259,340" step="2"/><T49/><D82/><U10/><E10/><N who="2" m="4423" /><F6/><N who="0" m="2058" /><D75/><U39/><E39/><V43/><F43/><W83/><G83/><T116/><D116/><U30/><E106/><V56/><F56/><W53/><G53/><RYUUKYOKU ba="0,1" sc="240,10,151,-30,259,10,340,10" hai0="13,19,22,27,31,34,49" hai2="16,21,28,29,54,59,60" hai3="12,15,23,24,58,62,67,76,80,84,87,91,93" /><INIT seed="2,1,1,3,4,74" ten="250,121,269,350" oya="2" hai0="23,40,73,7,55,118,127,93,6,126,41,71,77" hai1="129,103,17,35,85,48,123,30,99,0,67,114,81" hai2="43,34,98,8,38,90,19,116,122,29,45,134,94" hai3="69,59,22,12,39,42,26,56,115,10,76,80,89"/><V14/><F116/><W3/><G3/><T128/><D118/><U65/><E114/><V84/><F122/><W46/><G115/><T110/><D110/><U96/><E123/><V47/><F134/><W18/><G69/><T5/><D128/><U68/><E129/><V13/><F47/><W132/><G89/><T31/><D71/><U9/><E99/><V113/><F113/><W60/><G132/><T92/><D55/><U66/><E68/><V20/><F34/><W104/><G104/><T21/><D31/><U25/><E48/><V112/><F112/><W58/><G60/><T131/><D131/><U51/><E51/><V1/><F1/><W70/><G70/><T117/><D117/><U44/><E44/><V72/><F72/><W2/><G2/><T33/><D33/><U36/><E36/><V57/><F57/><W135/><G135/><T49/><D49/><U28/><E28/><V4/><F29/><W133/><G133/><T108/><D108/><U16/><E9/><V125/><F125/><W24/><REACH who="3" step="1"/><G10/><REACH who="3" ten="250,121,269,340" step="2"/><T102/><D126/><U82/><E0/><V54/><F98/><W97/><G97/><T61/><D61/><U91/><REACH who="1" step="1"/><E82/><REACH who="1" ten="250,111,269,340" step="2"/><V53/><AGARI ba="1,3" hai="4,8,13,14,19,20,38,43,45,53,54,84,90,94" machi="53" ten="30,1500,0" yaku="0,1" doraHai="74" who="2" fromWho="2" sc="250,-6,111,-6,269,48,340,-6" /><INIT seed="2,2,0,0,1,108" ten="244,105,317,334" oya="2" hai0="12,98,45,32,28,67,88,94,29,97,132,20,19" hai1="52,93,57,114,76,68,1,122,80,33,120,24,82" hai2="15,61,118,79,2,14,134,66,0,55,8,16,22" hai3="135,77,42,89,27,48,31,119,11,121,116,127,18"/><V36/><F118/><W123/><G77/><T126/><D126/><U105/><E105/><V37/><F134/><W47/><G135/><T90/><D132/><U17/><E68/><V53/><F79/><W100/><G127/><T21/><D32/><U115/><E1/><V102/><F102/><W124/><G124/><T99/><D67/><U84/><E93/><V72/><F72/><W7/><G100/><T81/><D45/><U64/><E64/><V38/><F55/><W25/><G119/><T62/><D62/><U101/><E101/><V83/><F53/><W129/><G116/><T23/><D81/><U73/><E17/><V3/><F83/><W44/><G129/><T50/><D50/><U56/><E56/><V71/><REACH who="2" step="1"/><F14/><REACH who="2" ten="244,105,307,334" step="2"/><W74/><G74/><T49/><D90/><U130/><E130/><V40/><F40/><W4/><G89/><T54/><D88/><U111/><E111/><V86/><F86/><W96/><G42/><T63/><D94/><U30/><E82/><V70/><F70/><W9/><G96/><T113/><D98/><U26/><E73/><V95/><F95/><W103/><G103/><T87/><D87/><U65/><E65/><V35/><F35/><W85/><G85/><T43/><D99/><U117/><E117/><V133/><F133/><W5/><G123/><N who="1" m="47146" /><E24/><V110/><F110/><W91/><G121/><T58/><D97/><U46/><E46/><N who="3" m="17450" /><G27/><T78/><D78/><U106/><E106/><V69/><F69/><W109/><G25/><T59/><D43/><U10/><E76/><V131/><F131/><W6/><G109/><RYUUKYOKU ba="2,1" sc="244,-10,105,-10,307,30,334,-10" hai2="0,2,3,8,15,16,22,36,37,38,61,66,71" /><INIT seed="2,3,1,5,1,125" ten="234,95,337,324" oya="2" hai0="83,15,29,8,95,13,17,100,61,118,123,11,81" hai1="26,47,76,101,60,41,96,107,117,105,51,119,35" hai2="5,54,56,4,104,94,88,33,79,39,77,44,2" hai3="69,50,102,1,65,98,34,91,73,115,16,25,114"/><V46/><F94/><W14/><G1/><T59/><D123/><U30/><E105/><V18/><F104/><W24/><G73/><T74/><D118/><U112/><E112/><N who="3" m="43050" /><G91/><T92/><D29/><U40/><E40/><V80/><F33/><W128/><G34/><T0/><D0/><U93/><E93/><V20/><F2/><W43/><G128/><T72/><D72/><U12/><E76/><N who="2" m="29259" /><F39/><W108/><G108/><T78/><D83/><U62/><E62/><N who="2" m="36119" /><F88/><W131/><G131/><T129/><D129/><U103/><E103/><V120/><F80/><W48/><G65/><T66/><REACH who="0" step="1"/><D100/><REACH who="0" ten="224,95,337,324" step="2"/><U89/><E89/><V27/><F120/><W86/><G69/><T52/><D52/><U70/><REACH who="1" step="1"/><E12/><REACH who="1" ten="224,85,337,324" step="2"/><V58/><F58/><W19/><G14/><T130/><D130/><U38/><E38/><V42/><F42/><W6/><G43/><T64/><D64/><AGARI ba="3,3" hai="26,30,35,41,47,51,60,64,70,96,101,107,117,119" machi="64" ten="40,5200,0" yaku="1,1,25,2,53,0" doraHai="125" doraHaiUra="82" who="1" fromWho="0" sc="224,-61,85,91,337,0,324,0" /><INIT seed="3,0,0,3,4,5" ten="163,176,337,324" oya="3" hai0="121,60,31,106,27,123,73,9,112,94,90,76,97" hai1="130,74,51,62,4,38,21,135,65,128,33,124,105" hai2="57,96,113,77,52,82,127,80,75,20,41,13,117" hai3="6,24,64,87,28,129,104,100,16,89,108,119,63"/><W14/><G119/><T92/><D112/><U132/><E33/><V58/><F117/><W110/><G129/><N who="1" m="49770" /><E74/><V116/><F116/><W88/><G6/><T49/><D106/><U99/><E38/><V115/><F58/><W120/><G120/><T25/><D60/><U126/><E21/><V118/><F118/><W47/><G47/><T78/><D121/><U44/><E4/><V71/><F71/><N who="3" m="42399" /><G100/><N who="0" m="60455" /><D73/><U59/><E99/><V26/><F127/><N who="1" m="48681" /><E105/><V23/><F82/><W40/><G40/><AGARI ba="0,0" hai="40,44,51,59,62,65,132,135" m="48681,49770" machi="40" ten="30,12000,2" yaku="30,2,19,1,18,1,34,2" doraHai="5" who="1" fromWho="3" sc="163,0,176,120,337,0,324,-120" owari="163,-33.7,296,9.6,337,43.7,204,-19.6" /></mjloggm>