<mjloggm ver="2.3"><GO type="225" lobby="0"/><UN n0="%E9%B4%A8%4E%45%47%49" n1="%E6%A0%B9%E5%85%83%E3%81%8B%E3%82%89%E5%90%B9%E3%81%A3%E9%A3%9B%E3%81%B6" n2="%E3%81%AF%E3%82%88%E3%81%8A%E3%81%98%E3%81%95%E3%82%93" n3="%E6%98%A5%E3%81%AE%E3%81%8B%E3%81%91%E3%82%89" dan="16,16,17,16" rate="2084.64,2096.42,2142.13,2063.54" sx="M,F,M,F"/><TAIKYOKU oya="0"/><INIT seed="0,0,0,1,0,33" ten="250,250,250,250" oya="0" hai0="39,48,10,134,114,76,82,41,43,38,27,60,20" hai1="118,110,119,68,84,17,11,92,64,105,8,72,108" hai2="47,73,71,81,7,129,35,44,74,88,91,95,99" hai3="6,55,90,4,67,109,5,24,31,96,133,102,115"/><T25/><D134/><U51/><E105/><V22/><F35/><W87/><G115/><T9/><D114/><U107/><E107/><V15/><F71/><W123/><G133/><T77/><D60/><N who="1" m="39943" /><E72/><V116/><F129/><W45/><G109/><N who="1" m="42090" /><E17/><V19/><F116/><W57/><G123/><T56/><D56/><U86/><E86/><N who="2" m="50255" /><F74/><W103/><G45/><N who="2" m="17481" /><F73/><W53/><G67/><T93/><D93/><U28/><E28/><V98/><F7/><W13/><G96/><AGARI ba="0,0" hai="15,19,22,91,95,96,98,99" m="17481,50255" machi="96" ten="30,2000,0" yaku="8,1,54,1" doraHai="33" who="2" fromWho="3" sc="250,0,250,0,250,20,250,-20" /><INIT seed="1,0,0,5,3,127" ten="250,250,270,230" oya="1" hai0="6,4,56,98,77,89,121,90,92,15,60,27,42" hai1="133,65,25,50,57,33,62,123,45,126,32,134,48" hai2="43,66,13,49,93,24,59,131,5,124,97,55,23" hai3="82,41,73,86,61,20,39,67,119,69,17,117,103"/><U71/><E123/><V52/><F124/><W101/><G73/><T19/><D121/><U63/><E126/><V128/><F43/><W114/><G114/><T112/><D112/><U54/><E25/><V31/><F66/><W18/><G41/><T37/><D77/><U28/><E28/><V26/><F55/><W11/><G39/><T104/><D104/><U106/><E106/><V95/><F26/><W116/><G11/><T94/><D27/><U9/><E9/><N who="2" m="4271" /><F97/><W16/><REACH who="3" step="1"/><G20/><REACH who="3" ten="250,250,270,220" step="2"/><N who="0" m="11391" /><D42/><N who="1" m="24631" /><E32/><V7/><F7/><W64/><G64/><N who="0" m="38919" /><D37/><U68/><E33/><V3/><F3/><W58/><G58/><T120/><D120/><U87/><E65/><V118/><F118/><W129/><G129/><AGARI ba="0,1" hai="23,24,31,49,52,59,93,95,128,129,131" m="4271" machi="129" ten="30,8000,1" yaku="19,1,52,3,54,1" doraHai="127" who="2" fromWho="3" sc="250,0,250,0,270,90,220,-80" /><INIT seed="2,0,0,4,5,68" ten="250,250,360,140" oya="2" hai0="100,18,29,121,55,106,50,59,66,28,108,23,101" hai1="45,42,34,21,102,67,116,2,48,61,4,11,73" hai2="33,10,5,93,86,40,70,111,118,30,131,17,134" hai3="19,7,94,107,133,126,71,39,20,26,15,43,98"/><V81/><F118/><W9/><G133/><T53/><D108/><U8/><E116/><V110/><F70/><W13/><G126/><T16/><D121/><U130/><E34/><V77/><F134/><W24/><G107/><T49/><D66/><U135/><E135/><V37/><F131/><W14/><G71/><T113/><D113/><U27/><E73/><V74/><F17/><N who="0" m="6762" /><D106/><U90/><E102/><N who="0" m="39529" /><D23/><U119/><E119/><V91/><F30/><N who="0" m="11882" /><D59/><U46/><E130/><V57/><F57/><W36/><G26/><T63/><D63/><U125/><E125/><V32/><F32/><W95/><G43/><T6/><D6/><U56/><E11/><V103/><F103/><W79/><G79/><T128/><D128/><U58/><E46/><N who="2" m="23823" /><F33/><W83/><G83/><T31/><N who="0" m="11890" /><T38/><DORA hai="65" /><D38/><U44/><E45/><V104/><F104/><W3/><REACH who="3" step="1"/><G95/><REACH who="3" ten="250,250,360,130" step="2"/><T123/><D123/><U72/><E42/><V132/><F132/><W54/><G54/><AGARI ba="0,1" hai="49,50,53,54,55" m="11890,39529,6762" machi="54" ten="40,8000,1" yaku="28,2,8,1,54,1" doraHai="68,65" who="0" fromWho="3" sc="250,90,250,0,360,0,130,-80" /><INIT seed="3,0,0,1,1,80" ten="340,250,360,50" oya="3" hai0="91,53,73,35,44,129,122,79,23,61,123,66,40" hai1="51,49,117,100,134,131,21,96,6,38,86,124,41" hai2="88,113,17,50,114,62,36,78,95,22,89,92,84" hai3="106,121,112,68,39,31,69,45,28,105,70,63,93"/><W33/><G112/><T0/><D35/><U9/><E38/><V54/><F36/><W56/><G121/><T1/><D129/><U52/><E131/><V24/><F78/><W11/><G93/><T76/><D53/><U26/><E134/><V58/><F50/><W64/><G11/><T133/><D133/><U55/><E124/><V48/><F48/><W47/><G47/><T5/><D123/><U59/><E117/><V30/><F30/><W34/><G31/><T4/><D122/><U13/><E41/><V135/><F135/><W108/><G108/><T132/><D132/><U107/><E107/><V118/><F118/><W99/><G56/><T126/><D126/><U29/><E96/><AGARI ba="0,0" hai="17,22,24,54,58,62,84,88,89,92,95,96,113,114" machi="96" ten="30,8000,1" yaku="7,1,25,2,52,1,54,1" doraHai="80" who="2" fromWho="1" sc="340,0,250,-80,360,80,50,0" owari="340,14.0,170,-23.0,440,54.0,50,-45.0" /></mjloggm>