<mjloggm ver="2.3"><GO type="225" lobby="0"/><UN n0="%E5%A4%A7%E5%A4%A7%E5%B2%A1%E5%B1%B1%EF%BC%A0%E6%A8%AA%E6%B5%9C" n1="%E3%82%A4%E3%83%BC%E3%82%B1%E3%83%97%E3%83%A9" n2="%E3%83%96%E3%83%83%E3%83%91%E3%82%AA%E3%83%96%E3%83%81%E3%82%AD%E3%83%B3" n3="%E3%83%B4%E3%83%A0%EF%BC%99%E3%81%A6" dan="16,17,16,16" rate="2166.53,2222.03,2214.05,2175.50" sx="M,M,M,M"/><TAIKYOKU oya="0"/><INIT seed="0,0,0,5,1,135" ten="250,250,250,250" oya="0" hai0="5,77,3,7,74,98,125,14,129,116,121,49,61" hai1="100,34,30,75,46,106,63,42,89,28,86,0,83" hai2="109,99,22,66,53,54,93,124,57,117,9,18,29" hai3="76,84,56,96,118,114,127,128,43,107,15,134,50"/><T36/><D36/><U130/><E130/><V101/><F109/><W21/><G114/><T11/><D116/><U120/><E120/><V1/><F117/><W79/><G118/><T72/><D121/><U48/><E0/><V2/><F124/><W23/><G134/><T31/><D31/><U110/><E110/><V90/><F2/><W60/><G128/><T123/><D123/><U71/><E75/><V105/><F29/><W122/><G122/><T24/><D24/><U65/><REACH who="1" step="1"/><E34/><REACH who="1" ten="250,240,250,250" step="2"/><V44/><F1/><W115/><G115/><T13/><D3/><U20/><E20/><V12/><F22/><W78/><G21/><T27/><D74/><U131/><E131/><V17/><F9/><W41/><G23/><T45/><D72/><U40/><E40/><V16/><F12/><W67/><G41/><T108/><D108/><U6/><E6/><V52/><F44/><W92/><G15/><T126/><D129/><U62/><E62/><V47/><F47/><W112/><G112/><T85/><D61/><U104/><E104/><V19/><N who="2" m="4096" /><DORA hai="113" /><V97/><REACH who="2" step="1"/><F66/><REACH who="2" ten="250,240,240,250" step="2"/><W70/><G67/><T91/><D14/><U39/><E39/><V87/><F87/><W33/><G84/><T64/><D13/><U69/><E69/><V95/><F95/><W51/><G70/><T68/><D11/><U80/><E80/><V38/><F38/><W58/><G92/><N who="0" m="56607" /><D64/><U10/><E10/><V4/><F4/><W55/><G33/><T102/><D68/><U94/><E94/><V81/><F81/><W59/><G107/><T35/><D35/><U111/><E111/><RYUUKYOKU ba="0,2" sc="250,-15,240,15,240,15,250,-15" hai1="28,30,42,46,48,63,65,71,83,86,89,100,106" hai2="52,53,54,57,90,93,97,99,101,105" /><INIT seed="1,1,2,1,2,105" ten="235,255,255,235" oya="1" hai0="9,62,57,113,96,34,60,21,22,42,132,71,29" hai1="0,114,53,41,88,77,75,110,130,79,64,107,72" hai2="51,19,23,76,27,8,47,32,44,14,118,134,52" hai3="54,43,94,50,116,10,68,81,119,25,49,26,4"/><U63/><E114/><V36/><F134/><W78/><G68/><T123/><D113/><U129/><E0/><V58/><F118/><N who="3" m="45099" /><G94/><T92/><D42/><U66/><E107/><V126/><F126/><W111/><G43/><T125/><D34/><U16/><E41/><V33/><F36/><W95/><G95/><T91/><D125/><U117/><E117/><V80/><F33/><W24/><G111/><T106/><D106/><U13/><E110/><V98/><F98/><W133/><G133/><T46/><D132/><U101/><E101/><V40/><F32/><W89/><G89/><T74/><D46/><U128/><E88/><V39/><F39/><W35/><G54/><T102/><D91/><U65/><E53/><V99/><F99/><W83/><G35/><T121/><D29/><U122/><E63/><V100/><F100/><W82/><G78/><N who="1" m="29706" /><E122/><N who="0" m="46601" /><D9/><AGARI ba="1,2" hai="9,13,16,64,65,66,72,75,128,129,130" m="29706" machi="9" ten="40,12000,1" yaku="19,1,52,2,54,1" doraHai="105" who="1" fromWho="0" sc="235,-123,255,143,255,0,235,0" /><INIT seed="1,2,0,3,2,56" ten="112,398,255,235" oya="1" hai0="100,7,81,113,19,62,26,60,94,88,89,69,63" hai1="57,27,99,74,4,48,115,47,91,59,103,85,65" hai2="32,78,123,16,42,130,34,31,86,80,52,117,35" hai3="128,53,5,30,93,54,39,20,44,68,21,6,92"/><U108/><E74/><V127/><F117/><W61/><G128/><T75/><D113/><U28/><E108/><V9/><F123/><W104/><G104/><T36/><D36/><U79/><E79/><V134/><F130/><W125/><G39/><T114/><D114/><U50/><E4/><V18/><F134/><W119/><G119/><T107/><D7/><U118/><E118/><V37/><F127/><W120/><G44/><T23/><D69/><U98/><E115/><V96/><F31/><W112/><G112/><T58/><D107/><U0/><E0/><V25/><F25/><W40/><G40/><T106/><D106/><U10/><E10/><V71/><F71/><W76/><G68/><T102/><D75/><U24/><E50/><V122/><F122/><W70/><G70/><T46/><D46/><U41/><E24/><V1/><F42/><W64/><G76/><T129/><D58/><U3/><E3/><V67/><F67/><W73/><G73/><T132/><D132/><U84/><E103/><V14/><F37/><W135/><G135/><T110/><D110/><U95/><E99/><V66/><F1/><W15/><G30/><T87/><D129/><U22/><E59/><V82/><F78/><W43/><G43/><T111/><D111/><U55/><REACH who="1" step="1"/><E65/><REACH who="1" ten="112,388,255,235" step="2"/><V38/><F66/><W97/><G64/><T33/><D33/><U126/><E126/><V77/><F35/><W116/><G125/><T109/><D109/><U13/><E13/><V133/><F14/><W72/><G116/><T29/><D29/><U105/><E105/><V101/><F133/><RYUUKYOKU ba="2,1" sc="112,15,388,15,255,-15,235,-15" hai0="19,23,26,60,62,63,81,87,88,89,94,100,102" hai1="22,27,28,41,47,48,55,57,84,85,91,95,98" /><INIT seed="1,3,1,2,1,26" ten="127,403,240,220" oya="1" hai0="11,72,57,76,27,121,4,88,49,95,103,44,66" hai1="23,106,114,42,55,93,110,2,20,59,29,67,52" hai2="127,70,16,92,101,123,96,54,89,51,71,128,94" hai3="119,41,30,21,124,83,9,48,60,65,35,47,113"/><U126/><E114/><V79/><F123/><W80/><G113/><T81/><D121/><U56/><E106/><V107/><F128/><W91/><G35/><T28/><D103/><U33/><E33/><V10/><F79/><W38/><G124/><T12/><D57/><U34/><E34/><V45/><F127/><W115/><G115/><T122/><D66/><U18/><E2/><V112/><F112/><W1/><G119/><T77/><D122/><U25/><E110/><V22/><F10/><W7/><G38/><T109/><D109/><U98/><E42/><V24/><REACH who="2" step="1"/><F107/><REACH who="2" ten="127,403,230,220" step="2"/><W134/><G134/><T120/><D120/><U69/><E126/><V116/><F116/><W90/><G90/><T46/><D76/><U31/><E69/><V53/><F53/><N who="1" m="20553" /><E67/><V63/><F63/><W99/><G60/><T84/><REACH who="0" step="1"/><D49/><REACH who="0" ten="117,403,230,220" step="2"/><U40/><E59/><V117/><F117/><W104/><G65/><T37/><D37/><U118/><E56/><V50/><F50/><W13/><G48/><T43/><D43/><U5/><E40/><V8/><F8/><W0/><G41/><T58/><D58/><U86/><E118/><V75/><F75/><W6/><G9/><T14/><D14/><N who="1" m="9303" /><E5/><V19/><F19/><W61/><G6/><T130/><D130/><U129/><E129/><V125/><F125/><W74/><G7/><T100/><D100/><N who="1" m="60495" /><E86/><AGARI ba="3,3" hai="16,22,24,45,51,54,70,71,86,89,92,94,96,101" machi="86" ten="30,3900,0" yaku="1,1,7,1,54,1,53,0" doraHai="26" doraHaiUra="32" who="2" fromWho="1" sc="117,0,403,-48,230,78,220,0" /><INIT seed="2,0,0,5,3,77" ten="117,355,308,220" oya="2" hai0="61,54,0,9,127,103,132,108,27,29,35,62,57" hai1="49,91,23,112,44,86,20,115,88,72,58,33,32" hai2="28,133,126,51,74,129,10,106,25,66,110,7,21" hai3="105,81,65,82,76,22,119,79,60,99,100,45,4"/><V41/><F106/><W125/><G119/><T48/><D108/><U83/><E72/><V39/><F110/><W73/><G125/><T90/><D127/><U70/><E70/><V92/><F126/><W40/><G4/><T19/><D132/><U31/><E58/><V47/><F133/><W78/><G22/><T56/><D103/><U113/><E91/><V128/><F74/><W130/><G130/><T114/><D114/><U67/><E67/><V14/><F66/><W36/><REACH who="3" step="1"/><G73/><REACH who="3" ten="117,355,308,210" step="2"/><T5/><D90/><U15/><E20/><V96/><REACH who="2" step="1"/><F39/><REACH who="2" ten="117,355,298,210" step="2"/><W93/><G93/><T55/><REACH who="0" step="1"/><D19/><REACH who="0" ten="107,355,298,210" step="2"/><U3/><E113/><V95/><F95/><W26/><G26/><T69/><D69/><AGARI ba="0,3" hai="36,40,45,60,65,69,76,78,79,81,82,99,100,105" machi="69" ten="40,5200,0" yaku="1,1,52,2,53,0" doraHai="77" doraHaiUra="111" who="3" fromWho="0" sc="107,-52,355,0,298,0,210,82" /><INIT seed="3,0,0,4,0,28" ten="55,355,298,292" oya="3" hai0="26,122,32,123,85,35,18,12,104,39,108,135,54" hai1="62,49,115,99,20,124,105,44,109,66,118,70,6" hai2="92,21,126,78,38,81,41,60,64,31,131,72,2" hai3="63,7,52,27,100,88,93,67,3,55,127,75,23"/><W37/><G75/><T59/><D85/><U13/><E115/><V128/><F2/><W68/><G37/><T79/><D79/><U91/><E109/><V90/><F126/><W1/><G127/><T102/><D59/><U17/><E124/><V42/><F21/><W47/><G100/><T15/><D54/><U29/><E118/><V50/><F38/><W87/><G47/><T98/><D39/><U130/><E130/><N who="2" m="49707" /><F50/><W4/><G3/><T133/><D98/><U69/><E69/><N who="2" m="42119" /><F31/><W10/><REACH who="3" step="1"/><G4/><REACH who="3" ten="55,355,298,282" step="2"/><T95/><D102/><U34/><E6/><V119/><F119/><W43/><G43/><T83/><D104/><U45/><E105/><V51/><F51/><W103/><G103/><T71/><D71/><U84/><E49/><V30/><F30/><AGARI ba="0,1" hai="1,7,10,23,27,30,52,55,63,67,68,87,88,93" machi="30" ten="30,11600,0" yaku="1,1,7,1,54,2,53,0" doraHai="28" doraHaiUra="97" who="3" fromWho="2" sc="55,0,355,0,298,-116,282,126" owari="55,-44.5,355,15.5,182,-21.8,408,50.8" /></mjloggm>