<mjloggm ver="2.3"><GO type="225" lobby="0"/><UN n0="%E6%B7%91%E5%A5%B3%E3%81%AE%E5%97%9C%E3%81%BF" n1="%E6%A1%9C%E8%8A%B1%E9%96%83%E3%80%85" n2="%73%61%6B%6F%EF%BC%A0%E6%9C%80" n3="%E7%87%90%2E%2E" dan="16,16,17,16" rate="2100.43,2111.59,2179.43,2138.58" sx="M,M,M,M"/><TAIKYOKU oya="0"/><INIT seed="0,0,0,5,0,89" ten="250,250,250,250" oya="0" hai0="33,46,50,88,76,97,58,12,81,63,122,87,59" hai1="19,2,106,115,75,22,68,127,53,80,128,34,73" hai2="133,26,51,61,124,90,56,39,117,43,123,66,17" hai3="77,98,0,132,78,35,38,118,125,36,83,13,18"/><T45/><D122/><U105/><E34/><V15/><F123/><W102/><G118/><T5/><D33/><U60/><E127/><V113/><F113/><W67/><G0/><T84/><D97/><U27/><E115/><V16/><F16/><W94/><G125/><T82/><D63/><U134/><E134/><V21/><F124/><W121/><G121/><T30/><D30/><U85/><E128/><V126/><F126/><W9/><G132/><T107/><D107/><U57/><E2/><V74/><F74/><W3/><G35/><T41/><REACH who="0" step="1"/><D46/><REACH who="0" ten="240,250,250,250" step="2"/><U14/><E106/><V6/><F133/><W96/><G98/><T129/><D129/><U65/><E105/><V111/><F111/><W93/><G96/><T130/><D130/><U31/><E31/><V110/><F110/><W37/><G102/><T23/><D23/><U44/><E44/><V47/><F117/><W11/><G9/><AGARI ba="0,1" hai="5,9,12,41,45,50,58,59,76,81,82,84,87,88" machi="9" ten="40,12000,1" yaku="1,1,25,2,8,1,54,1,53,0" doraHai="89" doraHaiUra="49" who="0" fromWho="3" sc="240,130,250,0,250,0,250,-120" /><INIT seed="0,1,0,1,0,17" ten="370,250,250,130" oya="0" hai0="87,41,126,2,42,112,99,122,117,76,69,47,95" hai1="39,90,83,89,78,15,94,67,86,60,77,62,130" hai2="8,105,93,16,72,11,22,1,49,80,43,5,52" hai3="21,56,81,64,23,121,59,103,20,44,7,19,132"/><T28/><D112/><U98/><E130/><V30/><F105/><W66/><G132/><T119/><D122/><U55/><E39/><V71/><F71/><W3/><G121/><T91/><D69/><U116/><E116/><V124/><F124/><W33/><G33/><T31/><D2/><U110/><E110/><V12/><F43/><W74/><G103/><T29/><D126/><U35/><E35/><V82/><F72/><W109/><G109/><T26/><D26/><U46/><E15/><V120/><F120/><W79/><G19/><T135/><D135/><U53/><E53/><V106/><F106/><W50/><G7/><T10/><D10/><U113/><E113/><V102/><F30/><W65/><REACH who="3" step="1"/><G3/><REACH who="3" ten="370,250,250,120" step="2"/><T100/><D100/><U108/><E108/><V118/><F118/><W114/><G114/><T27/><D119/><U57/><E46/><N who="2" m="27703" /><F1/><W61/><G61/><T129/><D117/><U13/><E62/><V54/><F5/><W115/><G115/><T134/><D134/><U85/><E60/><V34/><F34/><W38/><G38/><T125/><D125/><U104/><E104/><V6/><F6/><W101/><G101/><T96/><D47/><U40/><E57/><V111/><F111/><W25/><G25/><T68/><D27/><U32/><E32/><V9/><F54/><AGARI ba="1,1" hai="20,21,23,44,50,54,56,59,64,65,66,74,79,81" machi="54" ten="40,8000,1" yaku="1,1,52,3,53,0" doraHai="17" doraHaiUra="92" who="3" fromWho="2" sc="370,0,250,0,250,-83,120,93" /><INIT seed="1,0,0,1,4,75" ten="370,250,167,213" oya="1" hai0="82,115,98,21,47,0,59,78,8,103,35,53,97" hai1="99,108,9,71,12,81,65,24,14,46,125,42,38" hai2="64,112,36,80,67,88,34,66,100,40,10,18,74" hai3="54,7,76,3,127,79,26,48,32,5,131,109,83"/><U57/><E125/><V43/><F112/><W93/><G127/><T41/><D35/><U107/><E108/><V28/><F100/><W110/><G131/><T56/><D115/><U50/><E24/><V90/><F28/><W58/><G93/><T31/><D21/><U51/><E71/><V62/><F34/><W60/><G32/><T1/><D31/><U73/><E107/><V106/><F106/><W11/><G26/><T30/><D30/><U117/><E117/><V6/><F18/><W63/><G7/><T111/><D8/><U102/><E99/><V94/><F62/><W105/><G105/><T120/><D120/><U113/><E102/><V27/><F27/><W33/><G33/><T20/><D20/><U55/><E65/><V61/><F61/><N who="3" m="23627" /><G83/><T29/><D29/><U126/><E126/><V123/><F123/><W68/><G68/><T85/><D1/><U128/><E128/><V124/><F124/><W119/><G119/><T70/><D0/><U121/><E121/><V22/><F22/><W49/><G49/><N who="0" m="26863" /><D111/><AGARI ba="0,0" hai="3,5,11,48,54,58,76,79,109,110,111" m="23627" machi="111" ten="30,3900,0" yaku="14,1,52,2" doraHai="75" who="3" fromWho="0" sc="370,-39,250,0,167,0,213,39" /><INIT seed="2,0,0,3,2,54" ten="331,250,167,252" oya="2" hai0="19,37,121,29,8,113,31,21,6,14,124,117,88" hai1="101,81,135,98,91,134,15,51,60,93,35,1,42" hai2="44,32,125,126,41,122,18,67,127,133,118,66,70" hai3="49,92,85,82,12,39,109,3,74,26,128,46,130"/><V97/><F32/><W61/><G3/><T112/><D37/><U4/><E1/><V108/><F122/><W119/><G119/><T103/><D103/><U83/><E35/><V76/><F118/><W38/><G109/><T107/><D107/><U13/><E60/><N who="2" m="40263" /><F76/><W7/><G26/><N who="0" m="14655" /><D88/><U120/><E120/><V80/><F80/><N who="1" m="30793" /><E4/><V9/><F97/><W50/><G92/><T105/><D105/><U55/><E42/><V111/><F133/><N who="1" m="50697" /><E91/><V79/><F79/><W40/><G74/><T58/><D117/><U65/><E65/><V89/><F89/><W90/><G61/><T56/><D121/><U96/><E96/><V99/><F99/><W87/><G87/><T59/><D113/><U28/><E28/><N who="0" m="10825" /><D112/><U34/><E34/><V16/><F9/><N who="3" m="4159" /><G39/><T22/><D124/><N who="2" m="31746" /><V11/><DORA hai="123" /><F67/><W20/><G90/><T94/><D22/><U63/><E63/><V77/><F77/><N who="3" m="46287" /><G20/><T62/><D94/><U64/><E64/><AGARI ba="0,0" hai="6,8,14,56,58,59,62,64" m="10825,14655" machi="64" ten="30,7700,0" yaku="8,1,52,3" doraHai="54,123" who="0" fromWho="1" sc="331,77,250,-77,167,0,252,0" /><INIT seed="3,0,0,2,2,65" ten="408,173,167,252" oya="3" hai0="55,80,8,35,20,32,7,66,133,108,94,88,98" hai1="54,43,97,14,79,61,106,117,122,50,40,10,109" hai2="105,0,114,51,115,2,73,68,129,101,59,34,45" hai3="113,78,128,62,90,100,5,46,63,30,19,9,102"/><W60/><G113/><T48/><D108/><U22/><E122/><V87/><F34/><W127/><G128/><T71/><D133/><U120/><E120/><V11/><F73/><W33/><G127/><T134/><D134/><U83/><E109/><V70/><F59/><W44/><G78/><T12/><D20/><U25/><E117/><V110/><F87/><W93/><G19/><T26/><D26/><U82/><E61/><V121/><F110/><W15/><G30/><T4/><D4/><N who="1" m="3399" /><E97/><N who="2" m="61615" /><F121/><W1/><G1/><N who="2" m="617" /><F51/><W31/><G31/><T107/><D107/><U29/><E106/><V130/><F45/><N who="3" m="17515" /><G33/><T135/><D135/><U3/><E3/><V28/><F11/><W56/><G56/><T92/><D80/><N who="1" m="30763" /><E79/><V85/><F85/><AGARI ba="0,0" hai="5,9,15,60,62,63,85,90,93,100,102" m="17515" machi="85" ten="30,1500,0" yaku="8,1" doraHai="65" who="3" fromWho="2" sc="408,0,173,0,167,-15,252,15" /><INIT seed="3,1,0,0,3,84" ten="408,173,152,267" oya="3" hai0="5,81,17,34,46,18,58,66,40,36,7,106,85" hai1="67,133,1,63,41,49,22,69,51,27,108,52,110" hai2="96,130,6,105,102,79,94,101,42,23,117,107,32" hai3="56,116,55,98,121,126,48,71,132,54,82,26,87"/><W86/><G121/><T75/><D106/><U125/><E125/><V83/><F32/><W4/><G116/><T91/><D34/><U80/><E133/><V95/><F6/><W30/><G71/><T104/><D104/><N who="2" m="40010" /><F42/><W135/><G126/><T13/><D75/><U76/><E1/><V90/><F23/><W123/><G123/><T65/><D18/><N who="1" m="12759" /><E52/><V100/><F117/><W8/><G98/><T35/><D35/><U74/><E41/><V25/><F25/><W128/><G128/><T0/><D0/><U72/><E72/><N who="2" m="43495" /><F130/><W70/><G70/><T39/><D39/><U73/><E73/><V61/><F61/><W77/><G55/><T2/><D2/><U15/><E15/><V124/><F124/><W99/><G135/><T64/><REACH who="0" step="1"/><D58/><REACH who="0" ten="398,173,152,267" step="2"/><U59/><E59/><V113/><F113/><W37/><G37/><T119/><D119/><U134/><E134/><V10/><F10/><AGARI ba="1,1" hai="5,7,10,13,17,36,40,46,64,65,66,81,85,91" machi="10" ten="40,2600,0" yaku="1,1,52,1,53,0" doraHai="84" doraHaiUra="53" who="0" fromWho="2" sc="398,39,173,0,152,-29,267,0" owari="437,53.7,173,-22.7,123,-37.7,267,6.7" /></mjloggm>