<mjloggm ver="2.3"><GO type="225" lobby="0"/><UN n0="%E5%B8%86%E7%AB%8B%E5%A4%8F%E8%A1%A3" n1="%E6%98%93%E5%88%A9%E8%96%A9%E4%BC%AF" n2="%E5%B6%BA%E4%B8%8A%E5%92%B2" n3="%E3%83%96%E3%83%83%E3%83%91%E3%82%AA%E3%83%96%E3%83%81%E3%82%AD%E3%83%B3" dan="17,17,16,16" rate="2178.06,2141.56,2119.32,2183.92" sx="M,F,F,M"/><TAIKYOKU oya="0"/><INIT seed="0,0,0,3,0,39" ten="250,250,250,250" oya="0" hai0="21,108,16,86,96,131,113,129,50,76,105,125,106" hai1="28,110,81,14,40,102,15,78,75,17,107,68,31" hai2="92,114,64,42,37,43,97,122,65,103,70,0,89" hai3="56,10,66,132,5,58,87,49,59,24,12,52,55"/><T128/><D113/><U20/><E110/><V57/><F70/><W62/><G132/><T63/><D125/><U11/><E68/><V112/><F37/><W93/><G24/><T77/><D108/><U121/><E121/><V123/><F0/><W124/><G124/><T80/><D76/><U34/><E34/><V23/><F122/><W32/><G32/><T71/><D96/><U25/><E15/><V104/><F123/><W61/><REACH who="3" step="1"/><G87/><REACH who="3" ten="250,250,250,240" step="2"/><T99/><D99/><U60/><E31/><V7/><F114/><W90/><G90/><T48/><D105/><U8/><E28/><V134/><F112/><W18/><G18/><T4/><D106/><U94/><E25/><V127/><F127/><W35/><G35/><T45/><D4/><U44/><E107/><V82/><F134/><W130/><G130/><T1/><D1/><U53/><E102/><V36/><F7/><W26/><G26/><N who="0" m="14631" /><D45/><U116/><E116/><V85/><F104/><W83/><G83/><T101/><D101/><U95/><E94/><AGARI ba="0,1" hai="5,10,12,49,52,55,56,58,59,61,62,66,93,94" machi="94" ten="40,5200,0" yaku="1,1,8,1,54,1,53,0" doraHai="39" doraHaiUra="29" who="3" fromWho="1" sc="250,0,250,-52,250,0,240,62" /><INIT seed="1,0,0,1,0,31" ten="250,198,250,302" oya="1" hai0="106,79,73,7,34,87,23,1,47,35,78,42,115" hai1="131,16,8,127,125,109,59,135,74,89,105,52,81" hai2="103,65,61,24,93,41,83,75,63,99,112,108,29" hai3="121,40,51,84,20,129,60,53,28,27,13,57,124"/><U44/><E105/><V70/><F108/><W43/><G121/><T126/><D106/><U10/><E131/><V3/><F112/><W86/><G129/><T15/><D115/><U97/><E135/><V94/><F3/><W76/><G124/><N who="1" m="47690" /><E44/><V82/><F41/><W107/><G107/><T133/><D133/><U12/><E109/><V21/><F75/><W48/><G13/><T18/><D87/><N who="3" m="33321" /><G76/><T100/><D100/><U116/><E116/><V132/><F93/><W92/><G92/><T67/><D67/><U56/><E56/><V119/><F119/><W101/><G101/><T11/><D126/><U114/><E114/><V50/><F132/><W130/><G130/><T36/><D79/><N who="1" m="44279" /><E97/><V55/><F63/><W5/><G5/><T46/><REACH who="0" step="1"/><D47/><AGARI ba="0,0" hai="21,24,29,47,50,55,61,65,70,82,83,94,99,103" machi="47" ten="30,1000,0" yaku="7,1" doraHai="31" who="2" fromWho="0" sc="250,-10,198,0,250,10,302,0" /><INIT seed="2,0,0,4,0,16" ten="240,198,260,302" oya="2" hai0="129,43,97,114,108,46,81,111,69,36,109,58,68" hai1="88,9,82,44,60,63,31,59,42,7,86,57,2" hai2="3,6,105,87,112,104,48,123,71,90,12,106,107" hai3="27,93,99,134,8,128,76,78,34,39,70,61,117"/><V52/><F112/><W135/><G117/><T40/><D114/><U25/><E63/><V23/><F123/><W92/><G39/><T77/><D129/><U116/><E116/><V120/><F120/><W47/><G128/><T53/><D97/><U85/><E86/><V28/><F71/><N who="0" m="27210" /><D81/><U115/><E60/><V1/><N who="2" m="26624" /><DORA hai="41" /><V122/><F122/><W130/><G130/><T125/><D77/><N who="3" m="29801" /><G8/><T103/><D103/><U96/><E96/><V80/><F6/><W132/><G47/><N who="0" m="23943" /><D125/><U126/><E126/><V84/><F84/><W118/><G118/><T0/><D0/><U75/><E75/><V119/><F119/><W17/><G99/><T89/><D89/><U74/><E74/><V5/><F5/><W127/><G127/><T19/><D19/><U100/><E100/><V24/><REACH who="2" step="1"/><F12/><REACH who="2" ten="240,198,250,302" step="2"/><W35/><G135/><T29/><D111/><U20/><E115/><V55/><F55/><W94/><G134/><T65/><D109/><U49/><AGARI ba="0,1" hai="2,7,9,20,25,31,42,44,49,57,59,82,85,88" machi="49" ten="20,8000,1" yaku="0,1,7,1,52,2,54,1" doraHai="16,41" who="1" fromWho="1" sc="240,-20,198,90,250,-40,302,-20" /><INIT seed="3,0,0,4,3,46" ten="220,288,210,282" oya="3" hai0="114,75,76,120,91,32,74,31,45,48,72,13,67" hai1="62,115,64,77,1,35,61,50,29,111,66,125,108" hai2="127,10,58,20,38,123,12,118,37,117,109,70,7" hai3="121,83,53,90,15,65,110,26,103,9,95,54,57"/><W73/><G121/><T96/><D120/><U80/><E115/><V105/><F123/><W16/><G110/><N who="1" m="42026" /><E1/><V82/><F70/><W131/><G131/><T128/><D91/><U101/><E101/><V130/><F130/><W14/><G26/><T100/><D67/><N who="1" m="25643" /><E29/><V68/><F68/><W134/><G134/><T133/><D13/><U47/><E35/><V55/><F105/><W104/><G104/><T113/><D133/><U25/><E25/><V28/><F109/><W106/><G106/><T86/><D128/><U63/><E125/><V36/><F127/><W79/><G103/><T19/><D31/><U129/><E129/><V0/><F82/><W116/><G116/><T21/><D32/><U11/><E11/><V17/><REACH who="2" step="1"/><F28/><REACH who="2" ten="220,288,200,282" step="2"/><W92/><G83/><N who="0" m="47463" /><D114/><U84/><E63/><AGARI ba="0,1" hai="0,7,10,12,17,20,36,37,38,55,58,63,117,118" machi="63" ten="40,1300,0" yaku="1,1,53,0" doraHai="46" doraHaiUra="39" who="2" fromWho="1" sc="220,0,288,-13,200,23,282,0" /><INIT seed="4,0,0,4,4,36" ten="220,275,223,282" oya="0" hai0="85,3,105,21,119,26,77,70,79,134,66,60,39" hai1="95,88,124,6,19,106,25,101,82,104,110,46,80" hai2="16,50,67,103,8,23,127,86,27,91,121,55,61" hai3="59,98,112,122,108,5,133,135,18,30,29,54,120"/><T90/><D119/><U9/><E110/><V87/><F121/><N who="3" m="46699" /><G112/><T111/><D111/><U81/><E101/><V129/><F129/><W28/><G108/><T123/><D123/><U116/><E116/><V102/><F127/><W40/><G98/><T73/><D105/><U13/><E124/><V2/><F2/><W72/><G72/><T131/><D131/><U128/><E128/><V76/><F8/><W62/><G5/><T15/><D3/><U94/><E94/><V14/><F27/><W65/><G40/><T92/><D134/><N who="3" m="51209" /><G18/><T100/><D73/><U57/><E106/><V126/><F126/><W41/><G41/><T109/><D109/><U1/><E1/><V56/><F76/><W93/><G93/><T45/><D100/><U37/><E57/><N who="2" m="37295" /><F86/><W12/><G12/><T96/><D15/><U58/><E58/><V11/><F11/><W7/><G7/><T84/><D79/><U44/><E37/><V115/><F115/><W117/><G117/><T74/><D77/><U10/><E104/><V68/><F68/><W48/><G29/><T24/><D74/><U125/><E125/><V51/><F51/><W43/><G43/><N who="0" m="22783" /><D26/><U132/><E132/><V118/><F118/><W64/><G64/><T107/><D107/><U0/><REACH who="1" step="1"/><E25/><REACH who="1" ten="220,265,223,282" step="2"/><V47/><F56/><AGARI ba="0,1" hai="28,30,48,54,56,59,62,65" m="51209,46699" machi="56" ten="30,2000,0" yaku="13,1,20,1" doraHai="36" who="3" fromWho="2" sc="220,0,265,0,223,-20,282,30" owari="220,-18.0,265,6.5,203,-29.7,312,41.2" /></mjloggm>