<mjloggm ver="2.3"><GO type="225" lobby="0"/><UN n0="%E6%A1%9C%E6%B2%A2%E5%A2%A8" n1="%E9%A6%AC%E5%BC%95%E7%81%AB%33" n2="%E6%98%BC%E4%B8%8B%E3%81%8C%E3%82%8A%E3%81%AE%E5%9B%A3%E5%9C%B0%E5%A6%BB" n3="%E6%98%93%E5%88%A9%E8%96%A9%E4%BC%AF" dan="17,16,16,17" rate="2124.13,2127.64,2144.67,2162.93" sx="F,M,F,F"/><TAIKYOKU oya="0"/><INIT seed="0,0,0,2,3,68" ten="250,250,250,250" oya="0" hai0="55,50,133,69,1,125,33,123,109,117,16,47,26" hai1="7,119,25,131,116,28,19,130,14,13,114,112,39" hai2="126,60,58,81,0,78,94,38,36,70,110,20,48" hai3="59,18,15,89,30,63,71,73,31,80,95,65,86"/><T6/><D117/><N who="1" m="45131" /><E39/><V49/><F0/><W108/><G108/><T64/><D123/><U4/><E19/><V92/><F110/><W10/><G71/><T62/><D109/><U34/><E13/><V8/><F126/><W3/><G3/><T135/><D125/><U85/><E85/><V79/><F70/><W122/><G122/><T41/><D33/><U99/><E99/><V27/><F8/><W129/><REACH who="3" step="1"/><G129/><REACH who="3" ten="250,250,250,240" step="2"/><N who="1" m="49162" /><E14/><V100/><F100/><W35/><G35/><T83/><D1/><U124/><E124/><V11/><F11/><W91/><G91/><T52/><D6/><AGARI ba="0,1" hai="4,6,7,25,28,34,112,114" m="49162,45131" machi="6" ten="40,5200,0" yaku="19,1,34,2" doraHai="68" who="1" fromWho="0" sc="250,-52,250,62,250,0,240,0" /><INIT seed="1,0,0,3,2,133" ten="198,312,250,240" oya="1" hai0="121,88,0,30,67,126,3,81,4,123,18,65,110" hai1="91,53,43,69,32,132,63,12,119,134,70,116,48" hai2="73,35,103,108,58,84,71,23,90,86,57,60,99" hai3="33,8,95,5,97,10,94,46,129,17,114,42,130"/><U38/><E32/><V117/><F117/><N who="1" m="45129" /><E12/><V87/><F35/><W59/><G114/><T74/><D110/><U31/><E31/><V128/><F73/><W55/><G33/><T21/><D30/><U104/><E104/><V102/><F108/><W26/><G95/><T1/><D4/><U39/><E91/><V106/><F102/><W105/><G105/><T9/><D9/><U124/><E124/><V115/><F115/><W37/><G26/><T75/><D126/><U47/><E39/><V118/><F90/><W29/><G29/><T49/><D49/><U82/><E82/><V120/><F23/><W113/><G113/><T122/><D75/><U20/><E20/><V27/><F27/><W101/><G17/><T111/><D111/><U92/><E92/><V112/><F118/><W78/><G78/><T68/><D68/><N who="1" m="26219" /><E63/><V36/><F36/><W85/><G85/><N who="0" m="50223" /><D74/><U24/><E24/><AGARI ba="0,0" hai="0,1,3,18,21,24,65,67,121,122,123" m="50223" machi="24" ten="40,2600,0" yaku="13,1,54,1" doraHai="133" who="0" fromWho="1" sc="198,26,312,-26,250,0,240,0" /><INIT seed="2,0,0,4,5,67" ten="224,286,250,240" oya="2" hai0="13,130,70,99,120,73,30,86,112,53,125,100,118" hai1="104,58,89,68,122,47,31,35,21,124,132,20,72" hai2="0,34,110,87,5,36,29,131,3,57,79,18,75" hai3="63,54,85,7,41,90,49,59,113,84,129,127,9"/><V11/><F131/><W82/><G129/><T115/><D130/><U117/><E68/><V74/><F0/><W114/><G127/><T4/><D73/><U62/><E104/><V64/><F110/><W134/><G134/><T109/><D120/><U77/><E117/><V97/><F36/><W123/><G123/><T1/><D1/><U98/><E122/><V69/><F18/><W106/><G106/><T76/><D125/><U133/><E124/><V10/><F10/><W26/><G26/><T32/><D109/><U19/><E47/><V116/><F116/><W33/><G33/><T95/><D118/><U91/><E35/><V71/><F97/><W14/><G41/><T15/><D70/><U42/><E42/><V128/><F128/><W48/><REACH who="3" step="1"/><G84/><REACH who="3" ten="224,286,250,230" step="2"/><T25/><D86/><U27/><E133/><V107/><F107/><W17/><G17/><T44/><D25/><U105/><E132/><V52/><F87/><W80/><G80/><T39/><D32/><U38/><E27/><V102/><F75/><W23/><G23/><T66/><D112/><AGARI ba="0,1" hai="7,9,14,48,49,54,59,63,82,85,90,112,113,114" machi="112" ten="40,2600,0" yaku="1,1,11,1,53,0" doraHai="67" doraHaiUra="22" who="3" fromWho="0" sc="224,-26,286,0,250,0,230,36" /><INIT seed="3,0,0,0,5,47" ten="198,286,250,266" oya="3" hai0="39,27,31,42,13,120,45,117,86,2,8,49,41" hai1="77,104,48,87,107,20,9,36,88,54,18,115,121" hai2="123,76,74,113,85,15,58,43,98,122,56,51,124" hai3="126,50,14,72,55,97,64,3,21,93,127,25,23"/><W112/><G72/><T62/><D117/><U108/><E121/><N who="2" m="46091" /><F113/><W90/><G3/><T133/><D120/><U111/><E115/><V125/><F74/><W69/><G112/><T26/><D133/><U7/><E36/><V66/><F98/><W35/><G14/><T44/><D2/><N who="1" m="247" /><E77/><V81/><F15/><W84/><G35/><T94/><D62/><U103/><E103/><V30/><F30/><W95/><G64/><T102/><D31/><U0/><E0/><V46/><F66/><W118/><G69/><T114/><D114/><U70/><E18/><V34/><F34/><W109/><G109/><N who="1" m="42058" /><E20/><V59/><AGARI ba="0,0" hai="43,46,51,56,58,59,76,81,85,124,125" m="46091" machi="59" ten="40,2700,0" yaku="13,1,52,1" doraHai="47" who="2" fromWho="2" sc="198,-7,286,-7,250,27,266,-13" /><INIT seed="4,0,0,0,2,127" ten="191,279,277,253" oya="0" hai0="0,129,32,29,35,23,44,79,101,80,67,88,70" hai1="53,131,133,95,6,26,61,14,86,92,58,89,117" hai2="2,111,41,84,128,11,7,115,27,20,60,18,90" hai3="98,93,36,63,103,54,1,52,49,116,48,73,3"/><T75/><D0/><U76/><E131/><V40/><F111/><W37/><G73/><T120/><D120/><U22/><E133/><V113/><F60/><W65/><G116/><T109/><D101/><U112/><E117/><V13/><F128/><W16/><G1/><T15/><D129/><U107/><E107/><V51/><F2/><W122/><G3/><T72/><D72/><U4/><E112/><N who="2" m="43083" /><F51/><W87/><G87/><T47/><D109/><U114/><E114/><V30/><F30/><W134/><G134/><T94/><D67/><U69/><E69/><V17/><F17/><W126/><G126/><T42/><D70/><U104/><E104/><V135/><F135/><W77/><G77/><T55/><D55/><U96/><E14/><V81/><AGARI ba="0,0" hai="7,11,13,18,20,27,40,41,81,84,90" m="43083" machi="81" ten="30,1100,0" yaku="15,1" doraHai="127" who="2" fromWho="2" sc="191,-5,279,-3,277,11,253,-3" /><INIT seed="5,0,0,5,4,50" ten="186,276,288,250" oya="1" hai0="8,103,100,104,67,40,41,23,68,52,27,125,120" hai1="62,119,10,121,29,82,42,6,48,98,20,38,11" hai2="112,92,13,66,123,93,3,115,118,130,30,63,60" hai3="31,76,78,132,94,35,44,116,102,28,33,113,79"/><U83/><E121/><V131/><F123/><W37/><G113/><N who="2" m="43593" /><F3/><W133/><G116/><T24/><D120/><U19/><E38/><V5/><F118/><W89/><G102/><N who="0" m="38955" /><D68/><U43/><E29/><N who="3" m="11338" /><G44/><T53/><D104/><U7/><E62/><N who="2" m="23595" /><F66/><W77/><N who="3" m="19456" /><DORA hai="18" /><W126/><G37/><T47/><D125/><U86/><E98/><V84/><F30/><W75/><G75/><T128/><D128/><N who="2" m="49194" /><F84/><N who="3" m="52519" /><G126/><T108/><D108/><U36/><E119/><V59/><F59/><W61/><G61/><T96/><D67/><U45/><E86/><V4/><F4/><N who="1" m="1577" /><E36/><V58/><F58/><W80/><G80/><N who="1" m="30762" /><E42/><V110/><F110/><W124/><G124/><T34/><D41/><U99/><E99/><V106/><F106/><W56/><G56/><T107/><D96/><U127/><E127/><V111/><F111/><W101/><G101/><T55/><D107/><U90/><E90/><V1/><F1/><W14/><G33/><T81/><D34/><U16/><E19/><V114/><F114/><W51/><G51/><N who="0" m="27111" /><D81/><U91/><E91/><V105/><F105/><W87/><G35/><T22/><D8/><AGARI ba="0,0" hai="5,8,13,92,93" m="49194,23595,43593" machi="8" ten="40,5200,0" yaku="15,1,11,1,19,1" doraHai="50,18" who="2" fromWho="0" sc="186,-52,276,0,288,52,250,0" owari="134,-36.6,276,7.6,340,44.0,250,-15.0" /></mjloggm>