<mjloggm ver="2.3"><GO type="225" lobby="0"/><UN n0="%E3%83%B4%E3%83%A0%EF%BC%99%E3%81%A6" n1="%E3%81%A4%E3%81%A3%E3%81%B1%E3%82%8A%E3%83%9D%E3%83%BC%E3%83%AB" n2="%72%65%6E%6B%75%6E" n3="%E3%81%82%E3%81%84%E3%81%82%E3%81%8A%E3%81%84" dan="17,17,17,18" rate="2187.31,2178.64,2200.07,2229.56" sx="M,M,M,M"/><TAIKYOKU oya="0"/><INIT seed="0,0,0,2,0,119" ten="250,250,250,250" oya="0" hai0="81,91,7,1,64,101,71,89,82,85,110,0,42" hai1="6,129,25,30,76,46,108,27,41,18,66,29,55" hai2="109,23,93,49,100,104,65,61,97,68,8,60,111" hai3="95,4,35,118,37,134,9,117,36,34,99,44,54"/><T38/><D101/><U116/><E116/><V14/><F23/><W73/><G73/><T80/><D110/><N who="2" m="41994" /><F49/><W83/><G37/><T106/><D106/><U50/><E108/><V77/><F77/><W3/><G134/><T17/><D17/><U69/><E129/><V20/><F20/><W62/><G83/><T45/><D7/><U131/><E6/><N who="2" m="3351" /><F61/><W10/><G10/><T5/><D5/><U124/><E131/><V43/><F43/><W19/><G62/><T130/><D130/><U107/><E76/><V114/><F114/><W32/><G19/><T115/><D115/><U33/><E18/><V125/><F125/><W51/><REACH who="3" step="1"/><G36/><REACH who="3" ten="250,250,250,240" step="2"/><T16/><D16/><U63/><E124/><V47/><F47/><W96/><G96/><T128/><D128/><U127/><E127/><V22/><F22/><W135/><G135/><T74/><D74/><U28/><E46/><V12/><F12/><W59/><G59/><T113/><D113/><U21/><E63/><V84/><F84/><W70/><G70/><T67/><D71/><U87/><E21/><V86/><F86/><W78/><G78/><T92/><D85/><U103/><E87/><V79/><F79/><W75/><G75/><T133/><D133/><U88/><E69/><V52/><F52/><W126/><G126/><T48/><D38/><U2/><E55/><V26/><F26/><W40/><G40/><T13/><D13/><U120/><E27/><V98/><F98/><W57/><G57/><T121/><D42/><U15/><E41/><V122/><F93/><W72/><G72/><T94/><D92/><RYUUKYOKU ba="0,1" sc="250,-15,250,-15,250,15,240,15" hai2="60,65,68,97,100,104,122" hai3="3,4,9,32,34,35,44,51,54,95,99,117,118" /><INIT seed="1,1,1,1,4,19" ten="235,235,265,255" oya="1" hai0="25,115,56,0,58,60,99,10,29,131,64,124,55" hai1="101,59,91,122,30,134,7,48,33,18,47,20,84" hai2="31,120,80,107,75,23,135,28,61,69,104,26,100" hai3="94,92,132,44,90,127,87,130,3,54,78,112,82"/><U27/><E122/><V102/><F120/><W42/><G112/><T45/><D115/><U93/><E134/><V111/><F135/><W63/><G3/><T9/><D124/><U46/><E7/><V98/><F111/><W12/><G132/><T15/><D0/><U89/><E101/><V1/><F1/><W97/><G127/><T66/><D131/><U53/><REACH who="1" step="1"/><E91/><REACH who="1" ten="235,225,265,255" step="2"/><V16/><F102/><W50/><G130/><T41/><D9/><U6/><E6/><V8/><F8/><W110/><G110/><T83/><D10/><U11/><E11/><V57/><F107/><W96/><G90/><T88/><D88/><U76/><E76/><V71/><F71/><W119/><G78/><T51/><D99/><U106/><E106/><V4/><F69/><W40/><G96/><T85/><D85/><U126/><E126/><V128/><F4/><W67/><G87/><T35/><D83/><U95/><E95/><V70/><F70/><W123/><G92/><T38/><D15/><AGARI ba="1,2" hai="15,18,20,27,30,33,46,47,48,53,59,84,89,93" machi="15" ten="30,18000,2" yaku="1,1,7,1,25,2,52,1,53,1" doraHai="19" doraHaiUra="22" who="1" fromWho="0" sc="235,-183,225,203,265,0,255,0" /><INIT seed="1,2,0,3,4,17" ten="52,428,265,255" oya="1" hai0="30,125,55,13,115,44,31,6,36,103,110,123,39" hai1="51,52,64,73,134,5,3,67,25,121,91,86,34" hai2="9,124,43,118,66,130,80,82,68,128,85,135,116" hai3="61,84,19,7,75,102,41,117,88,23,15,131,93"/><U26/><E121/><V126/><F43/><W1/><G131/><N who="2" m="50217" /><F66/><W79/><G117/><N who="2" m="45161" /><F68/><W50/><G102/><T94/><D115/><U35/><E73/><V114/><F9/><W37/><G37/><T53/><D123/><U72/><E72/><V70/><F70/><W58/><G1/><T97/><D110/><U16/><E67/><V74/><F114/><W18/><G75/><T27/><D125/><N who="2" m="48234" /><F74/><W47/><G19/><T105/><D31/><U0/><E64/><V92/><F92/><W45/><G45/><T21/><D94/><U113/><E113/><V69/><F69/><W28/><G28/><T65/><D65/><U11/><E11/><V81/><F135/><W119/><G119/><T120/><D120/><U20/><E134/><V4/><F4/><W109/><G7/><T122/><D122/><U106/><E5/><V132/><F132/><W46/><G47/><T107/><D107/><U29/><E106/><V42/><F42/><W49/><G46/><T2/><D2/><U133/><E133/><V56/><F56/><W8/><G58/><T89/><D44/><N who="1" m="27751" /><E3/><V112/><F112/><W22/><G41/><T12/><D12/><U38/><E0/><V33/><F33/><W98/><G8/><N who="0" m="4247" /><D39/><U32/><E32/><V111/><F111/><W101/><G109/><T95/><D36/><U83/><E35/><V96/><F96/><W99/><G98/><N who="0" m="57711" /><D105/><U108/><E108/><V48/><F48/><W127/><G127/><T100/><D97/><U54/><E38/><V76/><AGARI ba="2,0" hai="76,80,81,82,85" m="48234,45161,50217" machi="76" ten="40,8000,1" yaku="19,1,18,1,34,2" doraHai="17" who="2" fromWho="2" sc="52,-22,428,-42,265,86,255,-22" /><INIT seed="2,0,0,4,2,8" ten="30,386,351,233" oya="2" hai0="55,72,69,34,70,99,135,105,121,50,59,104,40" hai1="60,31,133,53,79,89,112,56,80,5,45,126,102" hai2="18,67,87,64,51,46,17,54,94,73,66,131,32" hai3="101,7,22,61,78,14,114,4,19,24,42,71,129"/><V20/><F32/><W81/><G129/><T39/><D72/><U83/><E112/><V23/><F73/><W11/><G114/><T106/><D121/><U117/><E117/><V10/><F131/><W30/><G42/><T130/><D99/><U62/><E126/><V2/><F2/><W48/><G101/><T128/><D135/><U119/><E119/><V15/><F94/><W58/><G48/><T110/><D110/><U127/><E127/><V27/><F87/><N who="3" m="48567" /><G71/><T35/><D59/><U44/><E5/><V29/><REACH who="2" step="1"/><F66/><AGARI ba="0,0" hai="4,7,11,14,19,22,24,30,58,61,66" m="48567" machi="66" ten="30,2000,0" yaku="8,1,52,1" doraHai="8" who="3" fromWho="2" sc="30,0,386,0,351,-20,233,20" /><INIT seed="3,0,0,0,4,98" ten="30,386,331,253" oya="3" hai0="106,66,58,14,83,77,120,3,121,48,41,131,13" hai1="92,50,25,51,95,4,44,128,93,34,113,104,123" hai2="102,87,37,38,135,5,112,117,40,8,108,32,60" hai3="47,10,16,94,82,39,116,71,55,27,20,36,133"/><W42/><G116/><T129/><D106/><U24/><E123/><V72/><F32/><W69/><G39/><T114/><D83/><U109/><E113/><V118/><F72/><W7/><G133/><T75/><D75/><U57/><E104/><V96/><F112/><W49/><G82/><T46/><D77/><U70/><E70/><V64/><F87/><W89/><G36/><T99/><D3/><U97/><E34/><V19/><F19/><W101/><G42/><T45/><D13/><U126/><E109/><V124/><F108/><W30/><G30/><T33/><D99/><U74/><E74/><V91/><F91/><W1/><REACH who="3" step="1"/><G101/><REACH who="3" ten="30,386,331,243" step="2"/><T79/><D14/><U81/><E81/><V130/><F135/><W125/><G125/><T78/><D33/><U31/><E126/><V53/><F124/><W15/><G15/><T56/><D78/><U18/><E31/><V22/><F40/><W23/><G23/><T90/><D79/><U26/><E26/><V111/><F22/><W76/><G76/><T29/><D90/><U2/><E25/><V103/><F111/><W115/><G115/><T122/><D29/><U12/><E24/><V110/><F110/><W86/><AGARI ba="0,1" hai="1,7,10,16,20,27,47,49,55,69,71,86,89,94" machi="86" ten="20,12000,1" yaku="1,1,0,1,7,1,54,1,53,1" doraHai="98" doraHaiUra="0" who="3" fromWho="3" sc="30,-40,386,-40,331,-40,243,130" owari="-10,-51.0,346,14.6,291,-10.9,373,47.3" /></mjloggm>