<mjloggm ver="2.3"><GO type="225" lobby="0"/><UN n0="%E6%81%A5%E6%99%92%E3%81%97" n1="%72%61%6B%33" n2="%E6%A1%9C%E8%8A%B1%E9%96%83%E3%80%85" n3="%E3%83%81%E3%83%A7%E3%83%99%E3%83%83%E3%82%AF" dan="16,16,16,16" rate="2076.60,2092.98,2158.69,2100.11" sx="M,M,M,M"/><TAIKYOKU oya="0"/><INIT seed="0,0,0,1,3,121" ten="250,250,250,250" oya="0" hai0="39,11,25,58,51,7,43,74,123,2,133,67,86" hai1="59,135,88,107,37,57,80,126,53,27,69,115,64" hai2="13,50,89,132,62,104,106,18,45,130,99,46,83" hai3="124,4,30,44,70,111,14,34,82,56,73,9,61"/><T26/><D123/><U119/><E119/><V81/><F130/><W42/><G124/><T71/><D133/><U17/><E135/><V3/><F132/><W103/><G103/><T19/><D74/><U35/><E126/><V1/><F62/><W127/><G70/><T100/><D100/><U36/><E107/><V125/><F125/><W52/><G127/><T76/><D19/><U12/><E69/><V6/><F6/><W90/><G111/><T112/><D112/><U54/><E64/><V48/><F13/><W68/><G68/><T98/><D98/><U28/><E115/><V29/><F99/><W8/><G8/><T105/><D105/><U117/><E117/><V32/><F18/><W49/><G34/><T63/><D86/><U41/><E41/><V84/><F32/><W55/><G30/><T114/><D76/><U108/><E108/><V22/><F29/><W94/><G82/><T60/><D114/><U91/><E59/><V101/><F22/><W102/><G102/><T129/><D129/><U95/><E80/><V120/><F101/><W20/><G20/><T131/><D131/><U0/><E0/><N who="2" m="75" /><F81/><W122/><G73/><T134/><D134/><U23/><E91/><V96/><F96/><N who="3" m="57431" /><G122/><T116/><D116/><U75/><E75/><V65/><F65/><AGARI ba="0,0" hai="4,9,14,42,44,49,52,55,56,61,65" m="57431" machi="65" ten="30,2000,0" yaku="8,1,54,1" doraHai="121" who="3" fromWho="2" sc="250,0,250,0,250,-20,250,20" /><INIT seed="1,0,0,3,4,110" ten="250,250,230,270" oya="1" hai0="94,77,51,96,112,12,131,92,61,126,2,129,57" hai1="114,64,63,14,89,19,83,52,124,104,23,59,76" hai2="71,107,22,15,53,47,13,29,111,18,10,123,134" hai3="32,28,31,119,133,7,9,25,109,130,106,41,128"/><U1/><E124/><V125/><F123/><W100/><G106/><T98/><D2/><U46/><E114/><V40/><F111/><W103/><G109/><T68/><D68/><U4/><E104/><V84/><F125/><W72/><G72/><T27/><D126/><U74/><E89/><V30/><F134/><W3/><G133/><T80/><D51/><U21/><E21/><V69/><F107/><W42/><G31/><T117/><D12/><U108/><E108/><V33/><F53/><W135/><G119/><T34/><D117/><U43/><E64/><V24/><F84/><W90/><G90/><T26/><D34/><U85/><E74/><V39/><REACH who="2" step="1"/><F30/><REACH who="2" ten="250,250,220,270" step="2"/><W44/><G135/><T122/><D122/><U67/><E67/><V45/><F45/><W116/><G116/><T65/><D129/><N who="3" m="49769" /><G41/><T54/><D131/><U81/><E81/><V78/><F78/><W101/><G101/><T0/><D77/><U113/><E43/><V6/><AGARI ba="0,1" hai="6,10,13,15,18,22,24,29,33,39,40,47,69,71" machi="6" ten="20,5200,0" yaku="1,1,0,1,7,1,53,1" doraHai="110" doraHaiUra="36" who="2" fromWho="2" sc="250,-13,250,-26,220,62,270,-13" /><INIT seed="2,0,0,1,4,111" ten="237,224,282,257" oya="2" hai0="109,85,101,99,45,96,80,118,11,103,113,61,46" hai1="47,104,21,64,70,95,59,65,6,132,83,130,34" hai2="112,50,49,24,135,58,56,129,60,92,93,73,52" hai3="31,35,86,133,84,87,1,12,78,5,127,72,4"/><V3/><F3/><W82/><G1/><T89/><D109/><U125/><E104/><V41/><F73/><W55/><G133/><T134/><D134/><U27/><E34/><V100/><F135/><W36/><G127/><T39/><D39/><U33/><E33/><V97/><F112/><W23/><G36/><T106/><D118/><U76/><E70/><V38/><F129/><W2/><G2/><T15/><D61/><U91/><E130/><V7/><F7/><W119/><G119/><T10/><D10/><U121/><E6/><V75/><F75/><W88/><G35/><T9/><D9/><U128/><E128/><V20/><F93/><W37/><G37/><T81/><D81/><U108/><E121/><V131/><F131/><W68/><G68/><T116/><D116/><U28/><E108/><V114/><F114/><W25/><G55/><T115/><D46/><U17/><E125/><V0/><F0/><W30/><G30/><T105/><D45/><U74/><E132/><V54/><F38/><W66/><G66/><T110/><D110/><U90/><E90/><V13/><F13/><W53/><G53/><T57/><D57/><U18/><E47/><V123/><F123/><W120/><G120/><T62/><D62/><N who="1" m="37983" /><E65/><V44/><REACH who="2" step="1"/><F20/><REACH who="2" ten="237,224,272,257" step="2"/><W16/><G4/><AGARI ba="0,1" hai="4,11,15,80,85,89,96,99,101,103,105,106,113,115" machi="4" ten="30,7700,0" yaku="7,1,9,1,52,2" doraHai="111" who="0" fromWho="3" sc="237,87,224,0,272,0,257,-77" /><INIT seed="3,0,0,2,0,130" ten="324,224,272,180" oya="3" hai0="9,125,76,106,30,38,92,107,133,64,95,81,14" hai1="51,109,60,93,2,134,103,13,135,87,123,56,26" hai2="43,110,97,114,62,31,104,65,83,88,99,50,41" hai3="79,7,89,52,121,55,8,36,33,20,66,117,22"/><W77/><G33/><T67/><D38/><U63/><E123/><V15/><F114/><W59/><G36/><T44/><D30/><U94/><E2/><V115/><F115/><W40/><G117/><T84/><D133/><N who="1" m="50699" /><E109/><V101/><F31/><W17/><G40/><T96/><D95/><N who="1" m="36363" /><E103/><V28/><F110/><W116/><G89/><N who="0" m="55311" /><D125/><U102/><E102/><V32/><F15/><N who="3" m="5535" /><G121/><T0/><D0/><U4/><E87/><N who="2" m="50303" /><F50/><W72/><G72/><T118/><D118/><U61/><E26/><N who="2" m="18455" /><F97/><W37/><G37/><T128/><D128/><U111/><E111/><V21/><F21/><N who="3" m="8299" /><G17/><N who="0" m="8399" /><D106/><U75/><E75/><V122/><F122/><W74/><G74/><T29/><D29/><U82/><E82/><V112/><F112/><W53/><G116/><T124/><D107/><U69/><E69/><AGARI ba="0,0" hai="41,43,62,65,69,99,101,104" m="18455,50303" machi="69" ten="30,2000,0" yaku="25,1,54,1" doraHai="130" who="2" fromWho="1" sc="324,0,224,-20,272,20,180,0" owari="324,42.4,204,-19.6,292,9.2,180,-32.0" /></mjloggm>