<mjloggm ver="2.3"><GO type="225" lobby="0"/><UN n0="%E3%81%BF%E3%81%BF%E3%81%9A" n1="%E5%91%A8%E6%9D%B1" n2="%E5%B0%8F%E9%B3%A5%E9%81%8A%E7%B7%B4%E7%84%A1%32%31%E6%AD%B3" n3="%E6%98%93%E5%88%A9%E8%96%A9%E4%BC%AF" dan="17,17,16,17" rate="2176.24,2185.13,2173.48,2141.84" sx="M,M,F,F"/><TAIKYOKU oya="0"/><INIT seed="0,0,0,0,5,101" ten="250,250,250,250" oya="0" hai0="111,103,32,119,110,49,57,20,26,126,131,27,13" hai1="50,43,65,130,84,116,67,112,94,127,120,134,40" hai2="11,1,23,95,90,30,69,4,102,98,37,21,9" hai3="73,64,129,88,33,46,123,34,28,89,2,42,12"/><T41/><D119/><U3/><E3/><V128/><F128/><W117/><G2/><T108/><D131/><U78/><E130/><V62/><F37/><W72/><G117/><T15/><D126/><U122/><E116/><V29/><F9/><W71/><G123/><T19/><D103/><U86/><E127/><V39/><F39/><W45/><G64/><T118/><D118/><U104/><E50/><V36/><F36/><W80/><G71/><T58/><D41/><U10/><E10/><V70/><F90/><W16/><G46/><T106/><D106/><U74/><E94/><V100/><F100/><W113/><G113/><T53/><D58/><U96/><E96/><V97/><F97/><W52/><G42/><T115/><D115/><U66/><E74/><V38/><F38/><W83/><G28/><AGARI ba="0,0" hai="13,15,19,20,26,27,28,32,49,53,57,108,110,111" machi="28" ten="40,3900,0" yaku="14,1,10,1" doraHai="101" who="0" fromWho="3" sc="250,39,250,0,250,0,250,-39" /><INIT seed="0,1,0,0,5,41" ten="289,250,250,211" oya="0" hai0="65,7,112,95,29,134,127,130,126,102,23,79,116" hai1="98,57,105,64,0,123,52,48,16,71,99,108,115" hai2="88,1,78,9,26,70,51,24,13,73,124,35,104" hai3="129,118,76,59,133,106,63,121,89,12,107,103,2"/><T53/><D112/><U110/><E123/><V27/><F35/><W8/><G118/><T117/><D65/><U77/><E0/><V109/><F1/><W86/><G129/><T47/><D7/><U28/><E115/><V15/><F124/><N who="0" m="47658" /><D79/><U92/><E28/><V21/><F70/><W45/><G2/><T100/><D130/><U58/><E77/><V131/><F104/><W60/><G133/><T132/><D29/><U81/><E81/><V42/><F131/><W25/><G76/><T113/><D23/><U82/><E82/><V74/><F78/><W6/><G103/><N who="0" m="39467" /><D95/><U90/><E105/><V97/><F21/><W122/><G107/><T114/><D113/><U62/><E99/><V14/><F9/><W32/><G25/><T83/><D83/><U111/><REACH who="1" step="1"/><E16/><REACH who="1" ten="289,240,250,211" step="2"/><V22/><F97/><W55/><G106/><T87/><D114/><U4/><E4/><V84/><F22/><W54/><G122/><T101/><D101/><U135/><E135/><N who="0" m="51753" /><D87/><U68/><AGARI ba="1,1" hai="48,52,57,58,62,64,68,71,90,92,98,108,110,111" machi="68" ten="40,8000,1" yaku="1,1,0,1,14,1,54,1,53,0" doraHai="41" doraHaiUra="17" who="1" fromWho="1" sc="289,-41,240,93,250,-21,211,-21" /><INIT seed="1,0,0,3,5,124" ten="248,333,229,190" oya="1" hai0="97,0,106,8,130,69,3,132,6,85,63,119,49" hai1="20,19,122,30,62,133,95,84,111,34,32,42,134" hai2="27,51,50,46,1,102,61,17,56,73,36,93,71" hai3="80,110,66,105,41,45,11,12,60,13,81,123,64"/><U21/><E42/><V53/><F73/><W14/><G123/><T98/><D119/><U82/><E95/><V59/><F1/><W40/><G105/><T103/><D132/><N who="1" m="50795" /><E62/><V99/><F71/><W127/><G110/><T2/><D130/><U57/><E57/><V77/><F36/><W112/><G112/><T92/><D85/><U4/><E84/><V104/><F77/><W88/><G127/><T29/><D29/><U18/><E82/><V39/><F39/><W89/><G11/><T113/><D113/><U128/><E122/><V33/><F104/><W7/><G60/><T10/><D49/><U68/><E68/><V125/><F125/><W86/><G7/><T87/><D87/><U54/><E54/><V101/><F33/><N who="1" m="12905" /><E30/><V115/><F115/><W67/><G86/><T126/><D126/><U78/><E78/><V94/><F50/><W25/><G25/><T76/><D76/><U24/><E4/><V38/><F38/><W65/><N who="3" m="16384" /><DORA hai="22" /><W109/><G45/><T47/><D47/><U35/><N who="1" m="12913" /><U72/><DORA hai="31" /><E72/><V121/><F121/><W9/><G41/><T16/><D69/><U52/><E52/><V91/><F94/><W74/><G40/><T96/><D63/><U48/><E48/><V116/><F61/><W90/><G74/><T117/><D106/><U120/><E120/><V107/><F51/><W114/><G114/><T44/><D44/><U75/><E75/><V129/><F46/><W135/><G135/><T118/><D6/><U79/><E79/><V131/><F107/><W15/><G109/><T70/><D70/><RYUUKYOKU ba="0,0" sc="248,-10,333,-10,229,-10,190,30" hai3="9,12,13,14,15,80,81,88,89,90" /><INIT seed="2,1,0,2,5,5" ten="238,323,219,220" oya="2" hai0="41,135,54,32,48,118,128,51,46,22,24,80,100" hai1="21,126,40,50,75,58,17,98,79,88,93,53,127" hai2="12,69,37,47,74,134,84,62,110,76,66,111,26" hai3="56,8,108,55,1,106,112,36,2,0,83,28,89"/><V70/><F74/><W52/><G36/><T96/><D128/><U107/><E107/><V95/><F26/><W92/><G106/><T133/><D32/><U35/><E35/><V7/><F134/><N who="0" m="51210" /><D118/><U103/><E103/><V130/><F130/><W31/><G108/><N who="2" m="41513" /><F95/><W11/><G83/><T34/><D34/><U121/><E121/><V87/><F70/><W29/><G112/><T109/><D109/><U65/><E65/><V10/><F76/><W18/><G18/><N who="0" m="12375" /><D80/><U44/><E79/><V99/><F99/><W85/><REACH who="3" step="1"/><G55/><REACH who="3" ten="238,323,219,210" step="2"/><T39/><D54/><U27/><REACH who="1" step="1"/><E75/><REACH who="1" ten="238,313,219,210" step="2"/><V129/><F129/><W15/><G15/><T25/><D25/><U81/><E81/><V78/><F78/><W72/><G72/><T67/><D67/><U120/><E120/><V19/><F19/><W86/><G86/><T45/><D96/><U68/><E68/><V122/><F122/><W132/><G132/><T59/><D100/><U9/><E9/><V63/><F87/><W77/><G77/><T131/><D131/><U57/><E57/><V60/><F84/><W105/><G105/><T104/><D59/><U4/><E4/><V49/><F37/><AGARI ba="1,2" hai="17,21,27,37,40,44,50,53,58,88,93,98,126,127" machi="37" ten="40,5200,0" yaku="1,1,54,1,53,1" doraHai="5" doraHaiUra="16" who="1" fromWho="2" sc="238,0,313,75,219,-55,210,0" /><INIT seed="3,0,0,3,2,96" ten="238,388,164,210" oya="3" hai0="124,120,102,133,121,78,4,64,117,80,27,93,50" hai1="9,59,22,55,122,119,30,70,61,66,33,47,54" hai2="20,134,84,95,56,49,82,24,110,112,79,116,19" hai3="32,100,58,132,36,97,60,85,68,115,128,86,21"/><W40/><G115/><T34/><D117/><U67/><E122/><V71/><F112/><W135/><G32/><T99/><D4/><U74/><E74/><V81/><F116/><W98/><G68/><T65/><D124/><U83/><E33/><V73/><F71/><W43/><G128/><T41/><D133/><N who="3" m="51273" /><G21/><T89/><D34/><U31/><E119/><V16/><F110/><W109/><G109/><T3/><D3/><U62/><E83/><V107/><F107/><N who="3" m="63887" /><G98/><T37/><D37/><U51/><E9/><V103/><F134/><W8/><G8/><T90/><D121/><U48/><E22/><V72/><F19/><W114/><G114/><T11/><D120/><U44/><AGARI ba="0,0" hai="30,31,44,47,48,51,54,55,59,61,62,66,67,70" machi="44" ten="20,2700,0" yaku="0,1,7,1,9,1" doraHai="96" who="1" fromWho="1" sc="238,-7,388,27,164,-7,210,-13" owari="231,3.1,415,51.5,157,-34.3,197,-20.3" /></mjloggm>