<mjloggm ver="2.3"><GO type="225" lobby="0"/><UN n0="%72%61%6B%33" n1="%E5%B8%86%E7%AB%8B%E5%A4%8F%E8%A1%A3" n2="%E6%9C%88%E5%B3%B6%E5%9F%BA" n3="%E3%81%A4%E3%81%A3%E3%81%B1%E3%82%8A%E3%83%9D%E3%83%BC%E3%83%AB" dan="16,17,16,17" rate="2079.15,2165.64,2097.81,2100.27" sx="M,M,M,M"/><TAIKYOKU oya="0"/><INIT seed="0,0,0,2,0,121" ten="250,250,250,250" oya="0" hai0="25,124,75,85,71,53,117,102,51,131,97,66,95" hai1="134,65,27,21,57,2,15,54,103,70,16,36,118" hai2="20,67,113,50,39,49,10,100,109,8,42,61,123" hai3="33,74,106,31,119,11,101,110,111,76,55,90,79"/><T22/><D117/><U56/><E2/><V82/><F123/><W35/><G119/><T32/><D124/><U104/><E118/><V6/><F113/><W19/><G74/><T64/><D75/><U112/><E112/><V120/><F120/><W108/><G90/><T129/><D32/><N who="3" m="12361" /><G31/><T126/><D126/><U29/><E36/><V68/><F100/><W96/><G55/><T7/><D7/><U37/><E37/><V17/><F39/><W91/><G91/><T127/><D127/><U38/><E38/><V40/><F82/><W45/><G45/><T78/><D71/><U18/><E134/><V132/><F132/><W88/><G88/><T47/><D131/><U28/><E70/><V26/><F49/><W48/><G48/><T60/><D60/><N who="1" m="38023" /><E104/><V24/><F50/><W81/><G81/><N who="0" m="47287" /><D129/><U80/><E80/><V0/><F42/><W13/><AGARI ba="0,0" hai="11,13,19,76,79,96,101,106,108,110,111" m="12361" machi="13" ten="40,8000,1" yaku="14,1,52,3" doraHai="121" who="3" fromWho="3" sc="250,-40,250,-20,250,-20,250,80" /><INIT seed="1,0,0,2,2,44" ten="210,230,230,330" oya="1" hai0="62,19,81,55,115,107,6,11,64,89,99,39,57" hai1="70,21,116,65,103,122,13,74,3,125,110,111,85" hai2="28,87,69,12,15,96,72,100,29,117,32,79,54" hai3="50,5,1,128,83,47,9,77,76,42,123,120,121"/><U38/><E74/><V24/><F117/><W84/><REACH who="3" step="1"/><G128/><REACH who="3" ten="210,230,230,320" step="2"/><T25/><D115/><U56/><E116/><V86/><F32/><W46/><G46/><T127/><D127/><U63/><E125/><V124/><F124/><W90/><AGARI ba="0,1" hai="1,5,9,42,47,50,76,77,83,84,90,120,121,123" machi="90" ten="30,7900,0" yaku="21,2,0,1,52,1,53,0" doraHai="44" doraHaiUra="71" who="3" fromWho="3" sc="210,-20,230,-39,230,-20,320,89" /><INIT seed="2,0,0,0,1,98" ten="190,191,210,409" oya="2" hai0="20,131,90,87,13,36,96,101,123,4,135,19,61" hai1="103,117,83,37,45,34,68,76,51,111,93,67,5" hai2="7,112,97,77,8,10,3,48,62,125,91,14,26" hai3="119,41,129,69,21,38,12,122,40,23,78,57,22"/><V17/><F112/><W30/><G69/><T115/><D115/><U99/><E34/><V128/><F128/><W130/><G119/><T107/><D131/><N who="3" m="50185" /><G122/><T116/><D123/><U24/><E111/><V71/><F125/><W106/><G106/><T104/><D135/><U110/><E110/><V92/><F77/><W50/><G78/><T0/><D116/><U32/><E117/><V102/><F48/><W59/><G38/><T31/><D107/><U94/><E37/><V89/><REACH who="2" step="1"/><F26/><REACH who="2" ten="190,191,200,409" step="2"/><N who="3" m="16735" /><G50/><T66/><D36/><U63/><E24/><V72/><F72/><W43/><G12/><T86/><D13/><U39/><E39/><V127/><F127/><W64/><G43/><T74/><D74/><U114/><E114/><V105/><F105/><W42/><G42/><T124/><D104/><U85/><E51/><V75/><F75/><W25/><G25/><T15/><D15/><U33/><E45/><V79/><F79/><W49/><G41/><T28/><D124/><U73/><REACH who="1" step="1"/><E5/><REACH who="1" ten="190,181,200,409" step="2"/><V70/><F70/><W1/><G49/><T84/><D4/><U120/><E120/><V6/><F6/><W100/><G40/><T35/><D35/><U55/><E55/><V47/><F47/><W27/><G27/><T52/><D52/><U118/><E118/><V81/><F81/><W133/><G133/><T108/><D28/><U16/><E16/><V113/><F113/><W134/><G134/><T46/><D31/><U132/><E132/><V9/><F9/><W126/><G126/><T109/><D109/><U80/><E80/><V29/><F29/><W2/><G2/><RYUUKYOKU ba="0,2" sc="190,-15,181,15,200,15,409,-15" hai1="32,33,63,67,68,73,76,83,85,93,94,99,103" hai2="3,7,8,10,14,17,62,71,89,91,92,97,102" /><INIT seed="2,1,2,4,0,118" ten="175,196,215,394" oya="2" hai0="101,19,60,126,78,24,72,106,127,1,36,74,91" hai1="47,119,96,130,25,34,51,22,18,114,81,27,4" hai2="70,113,77,28,93,33,38,20,108,7,12,57,44" hai3="102,124,61,42,131,46,49,37,16,94,9,73,80"/><V45/><F113/><W115/><G115/><T98/><D1/><U64/><E114/><V66/><F70/><W89/><G131/><T43/><D60/><U54/><E119/><V8/><F33/><W79/><G124/><N who="0" m="47659" /><D91/><U21/><E130/><V97/><F38/><W116/><G116/><T100/><D100/><U92/><E34/><V99/><F77/><W26/><G102/><T67/><D67/><U30/><E64/><V6/><F6/><W2/><G61/><T84/><D19/><U11/><E81/><V120/><F108/><W10/><G49/><T123/><D24/><U41/><E54/><V129/><F97/><W134/><G134/><T103/><D103/><U69/><E69/><V76/><F76/><W31/><G16/><T128/><D128/><U85/><E96/><V13/><F99/><W110/><G110/><T87/><D123/><U109/><E109/><V55/><F120/><W75/><G75/><N who="0" m="28715" /><D78/><U71/><E71/><V40/><F66/><W82/><G82/><T62/><D62/><U15/><E92/><V5/><F93/><W68/><G2/><T17/><D17/><U88/><E88/><V95/><F95/><W52/><G68/><T58/><D58/><U111/><E111/><V135/><F57/><W132/><G132/><T29/><D29/><U104/><E104/><V112/><F28/><W56/><G89/><T39/><D39/><U121/><E121/><V117/><F135/><W65/><G94/><T32/><D32/><U3/><E3/><V35/><F129/><W53/><G65/><T0/><D0/><U59/><E59/><RYUUKYOKU ba="1,2" sc="175,15,196,15,215,-15,394,-15" hai0="36,43,84,87,98,101,106" hai1="4,11,15,18,21,22,25,27,30,41,47,51,85" /><INIT seed="3,2,2,0,0,63" ten="190,211,200,379" oya="3" hai0="64,40,46,52,122,59,126,10,80,77,15,44,114" hai1="23,57,0,127,132,11,93,82,84,106,83,98,26" hai2="37,68,96,21,22,24,99,60,90,16,12,69,94" hai3="104,129,29,30,28,51,103,3,54,50,62,102,53"/><W6/><G129/><T117/><D117/><U67/><E106/><V18/><F37/><W36/><G36/><T35/><D122/><U105/><E105/><V118/><F118/><W134/><G134/><T27/><D126/><U71/><E71/><V72/><F72/><W1/><G62/><T109/><D109/><U55/><E67/><V74/><F74/><W34/><G104/><T112/><D64/><U38/><E38/><V61/><F69/><W47/><G6/><T123/><D123/><U32/><E32/><V66/><F61/><W113/><G34/><T4/><D27/><U45/><E45/><V9/><F9/><W135/><G135/><T58/><D35/><U81/><E127/><V14/><F24/><W79/><G79/><T39/><D46/><U97/><E11/><V120/><F120/><W73/><G73/><N who="0" m="43055" /><D52/><N who="3" m="20073" /><G47/><T76/><D76/><N who="1" m="46119" /><E0/><N who="3" m="74" /><G113/><AGARI ba="2,2" hai="4,10,15,39,40,44,58,59,112,113,114" m="43055" machi="113" ten="30,1000,0" yaku="11,1" doraHai="63" who="0" fromWho="3" sc="190,36,211,0,200,0,379,-16" owari="226,2.6,211,-18.9,200,-30.0,363,46.3" /></mjloggm>