<mjloggm ver="2.3"><GO type="225" lobby="0"/><UN n0="%E7%AB%8B%E7%9B%B4%E5%A5%BD%E6%A3%92%40%E5%BF%98" n1="%E3%82%AF%E3%82%A3%E3%82%A6" n2="%77%72%77%72%77%72%77%72" n3="%E5%A4%8F%E9%88%B4%E9%88%B4%E5%A4%8F" dan="17,16,16,16" rate="2158.45,2087.58,2176.48,2095.15" sx="M,M,M,F"/><TAIKYOKU oya="0"/><INIT seed="0,0,0,1,2,52" ten="250,250,250,250" oya="0" hai0="6,24,80,9,135,64,120,81,16,107,60,126,115" hai1="95,132,117,98,76,41,130,116,104,111,48,13,29" hai2="20,44,17,134,46,66,77,85,131,133,94,47,93" hai3="103,96,114,39,61,91,45,109,88,21,87,26,5"/><T3/><D115/><U83/><E111/><V22/><F131/><W42/><G114/><T89/><D120/><U129/><E29/><V10/><F66/><W50/><G109/><T65/><D107/><U100/><E13/><N who="2" m="7351" /><F134/><W63/><G5/><T14/><D126/><U79/><E48/><V74/><F74/><W70/><G39/><T32/><D135/><U8/><E8/><V12/><F133/><W33/><G33/><T113/><D113/><U59/><E59/><V62/><F62/><W90/><G87/><T78/><D89/><U69/><E41/><V92/><F12/><W43/><G43/><T123/><D123/><U18/><E18/><V125/><F125/><W19/><REACH who="3" step="1"/><G70/><REACH who="3" ten="250,250,250,240" step="2"/><T121/><D121/><U99/><E69/><V119/><F119/><N who="1" m="45641" /><E132/><V25/><F25/><W106/><AGARI ba="0,1" hai="19,21,26,42,45,50,61,63,88,90,91,96,103,106" machi="106" ten="30,4000,0" yaku="1,1,0,1,54,1,53,0" doraHai="52" doraHaiUra="54" who="3" fromWho="3" sc="250,-20,250,-10,250,-10,240,50" /><INIT seed="1,0,0,5,1,11" ten="230,240,240,290" oya="1" hai0="56,45,85,48,76,25,54,67,27,72,105,114,115" hai1="39,78,127,7,124,79,55,47,131,111,32,100,49" hai2="83,37,116,103,43,20,129,68,60,42,70,64,87" hai3="52,44,107,5,18,21,0,109,112,132,10,66,22"/><U41/><E32/><V95/><F116/><W102/><G112/><T98/><D72/><U108/><E100/><V135/><F129/><W73/><G73/><T94/><D105/><U119/><E7/><V23/><F135/><W126/><G109/><N who="1" m="42058" /><E119/><V88/><F68/><W75/><G75/><T62/><D114/><U121/><E121/><V120/><F120/><W8/><G132/><T17/><D115/><U53/><E131/><V61/><F61/><W46/><G66/><T2/><D2/><U65/><E79/><V113/><F113/><W63/><G102/><T128/><D128/><U74/><E78/><V77/><F103/><W28/><G126/><N who="1" m="48170" /><E74/><V92/><F92/><W58/><G107/><T130/><D130/><U59/><E39/><V14/><F37/><W12/><REACH who="3" step="1"/><G22/><REACH who="3" ten="230,240,240,280" step="2"/><T110/><D110/><U1/><E1/><V123/><F23/><W122/><G122/><T19/><D67/><U30/><E30/><V97/><REACH who="2" step="1"/><F123/><REACH who="2" ten="230,240,230,280" step="2"/><W31/><G31/><T91/><D27/><AGARI ba="0,2" hai="0,5,8,10,12,18,21,27,28,44,46,52,58,63" machi="27" ten="40,5200,0" yaku="1,1,52,1,54,1,53,0" doraHai="11" doraHaiUra="104" who="3" fromWho="0" sc="230,-52,240,0,230,0,280,72" /><INIT seed="2,0,0,5,0,131" ten="178,240,230,352" oya="2" hai0="7,57,49,116,124,60,32,37,90,81,44,58,66" hai1="47,100,17,15,56,108,68,126,63,52,26,125,40" hai2="24,112,3,33,78,133,13,59,54,130,14,123,99" hai3="92,12,18,28,27,122,61,4,1,42,62,73,83"/><V65/><F112/><W75/><G122/><T132/><D32/><U29/><E108/><V89/><F123/><W50/><G92/><T86/><D124/><N who="1" m="47723" /><E100/><V55/><F130/><W53/><G42/><T107/><D107/><U69/><E17/><V115/><F3/><W10/><G83/><T91/><D116/><U101/><E15/><V48/><F115/><W82/><G82/><T84/><D7/><U113/><E101/><V41/><F78/><W77/><G77/><T5/><D5/><U46/><E113/><V16/><F65/><W76/><G76/><T105/><D105/><U88/><E88/><V104/><F41/><W119/><G75/><T97/><D97/><U103/><E103/><V117/><F117/><W2/><G73/><T39/><D57/><U127/><N who="1" m="47731" /><U111/><DORA hai="93" /><E111/><V19/><F104/><W34/><G1/><T6/><D6/><U67/><E67/><V22/><F99/><W114/><G119/><T128/><D128/><U9/><E9/><V11/><F89/><W129/><G129/><T20/><D20/><N who="1" m="15559" /><E46/><N who="2" m="27927" /><F33/><W118/><G118/><T110/><D110/><U43/><E43/><V72/><F72/><W109/><G114/><T95/><D44/><U87/><E87/><V94/><F94/><W8/><G109/><T79/><D79/><U25/><E25/><V23/><F24/><W96/><G96/><T121/><D121/><U0/><E0/><V102/><F102/><W45/><AGARI ba="0,0" hai="2,4,8,10,12,18,27,28,34,45,50,53,61,62" machi="45" ten="20,1500,0" yaku="0,1,7,1" doraHai="131,93" who="3" fromWho="3" sc="178,-4,240,-4,230,-7,352,15" /><INIT seed="3,0,0,2,3,84" ten="174,236,223,367" oya="3" hai0="69,30,25,14,110,9,54,42,109,40,18,15,56" hai1="31,48,102,17,34,122,28,120,50,115,49,20,124" hai2="93,36,43,92,130,85,0,105,76,94,100,58,83" hai3="71,41,19,98,125,11,118,81,113,27,8,116,45"/><W22/><G113/><T4/><D69/><U95/><E115/><V75/><F0/><W62/><G125/><T1/><D1/><U129/><E124/><V88/><F58/><W47/><G81/><T7/><D110/><U128/><E102/><V66/><F66/><W77/><G77/><T21/><D109/><U132/><E95/><V91/><F130/><N who="1" m="50281" /><E132/><V123/><F123/><N who="1" m="47145" /><E34/><V60/><F60/><W57/><G98/><T97/><D97/><U29/><E17/><V12/><F12/><W55/><G19/><T68/><D68/><U65/><E65/><V67/><F67/><W117/><G71/><T2/><D2/><U108/><E108/><V16/><F16/><W10/><G41/><T61/><REACH who="0" step="1"/><D4/><REACH who="0" ten="164,236,223,367" step="2"/><U6/><E6/><V38/><F105/><W35/><G118/><T96/><D96/><U33/><E33/><AGARI ba="0,1" hai="7,9,14,15,18,21,25,30,33,40,42,54,56,61" machi="33" ten="30,2000,0" yaku="1,1,7,1,53,0" doraHai="84" doraHaiUra="89" who="0" fromWho="1" sc="164,30,236,-20,223,0,367,0" owari="194,-30.6,216,-18.4,223,2.3,367,46.7" /></mjloggm>