<mjloggm ver="2.3"><GO type="225" lobby="0"/><UN n0="%33%74%72%65%65" n1="%E7%9A%AE%E3%80%85" n2="%E5%91%A8%E6%9D%B1" n3="%E7%87%90%2E%2E" dan="16,16,17,16" rate="2157.35,2081.76,2260.42,2136.31" sx="F,F,M,M"/><TAIKYOKU oya="0"/><INIT seed="0,0,0,0,0,35" ten="250,250,250,250" oya="0" hai0="17,92,46,99,26,116,114,73,10,11,27,91,81" hai1="131,55,30,134,40,112,3,110,51,79,108,43,7" hai2="75,59,16,135,47,85,66,48,52,25,41,13,111" hai3="86,103,118,93,80,76,87,101,60,63,72,4,50"/><T54/><D114/><U70/><E70/><V31/><F75/><W69/><G118/><T127/><D116/><U0/><E112/><V49/><F111/><N who="1" m="42537" /><E134/><V19/><F135/><W104/><G4/><T130/><D130/><U42/><E131/><V53/><F66/><W94/><G50/><N who="0" m="29015" /><D73/><U124/><E124/><V61/><F85/><N who="3" m="32267" /><G69/><T57/><D127/><U6/><E79/><V115/><F115/><W39/><G63/><T84/><D57/><N who="1" m="33023" /><E30/><V44/><REACH who="2" step="1"/><F13/><REACH who="2" ten="250,250,240,250" step="2"/><W125/><G125/><T132/><D132/><U109/><E109/><V126/><F126/><W58/><G72/><T21/><D26/><U1/><AGARI ba="0,1" hai="0,1,3,6,7,40,42,43" m="33023,42537" machi="1" ten="40,8000,1" yaku="14,1,52,3" doraHai="35" who="1" fromWho="1" sc="250,-40,250,90,240,-20,250,-20" /><INIT seed="1,0,0,3,0,79" ten="210,340,220,230" oya="1" hai0="30,39,83,97,41,105,62,112,8,50,68,127,80" hai1="126,95,98,13,15,25,102,47,54,73,106,113,19" hai2="20,42,60,26,9,119,84,135,91,94,43,14,109" hai3="110,64,16,103,53,129,104,115,27,23,132,12,118"/><U7/><E113/><V93/><F109/><W76/><G115/><T121/><D112/><U69/><E69/><V46/><F135/><W34/><G110/><T11/><D39/><U49/><E126/><V116/><F60/><W70/><G132/><T56/><D127/><U107/><E73/><V10/><F10/><N who="0" m="3626" /><D105/><U123/><E123/><V86/><F43/><W65/><G129/><T90/><D30/><U122/><E122/><V72/><F72/><W131/><G131/><T133/><D68/><U99/><E7/><V57/><F57/><W44/><G76/><T3/><D3/><U78/><E78/><V36/><F86/><W2/><G2/><T81/><D133/><U6/><E6/><V96/><F20/><W114/><G114/><T37/><D37/><U117/><E117/><V1/><F26/><W134/><G134/><T35/><D35/><U17/><E25/><V51/><F36/><W18/><G118/><T108/><D108/><U63/><E63/><V100/><REACH who="2" step="1"/><F1/><REACH who="2" ten="210,340,210,230" step="2"/><W88/><G23/><T32/><D32/><U89/><E13/><V31/><F31/><W40/><G12/><T52/><D121/><U59/><E15/><V22/><F22/><W48/><G34/><T29/><D29/><U0/><E0/><V101/><F101/><W74/><G27/><T66/><D41/><U24/><E24/><V71/><F71/><W75/><G70/><T120/><D120/><U92/><E59/><V5/><AGARI ba="0,1" hai="5,9,14,42,46,51,84,91,93,94,96,100,116,119" machi="5" ten="20,2700,0" yaku="1,1,0,1,7,1,53,0" doraHai="79" doraHaiUra="21" who="2" fromWho="2" sc="210,-7,340,-13,210,37,230,-7" /><INIT seed="2,0,0,2,5,18" ten="203,327,247,223" oya="2" hai0="84,70,28,119,131,83,65,2,50,6,54,48,57" hai1="13,96,132,103,9,0,135,15,24,121,89,46,128" hai2="111,56,64,95,25,124,51,115,26,110,108,133,102" hai3="109,129,39,90,23,52,61,75,105,117,114,20,100"/><V74/><F115/><W68/><G117/><T99/><D131/><U37/><E128/><V130/><F130/><W92/><G129/><T8/><D119/><U40/><E121/><V122/><F122/><W87/><G109/><T58/><D70/><U88/><E0/><V45/><F74/><W27/><G39/><T21/><D99/><U97/><E24/><V123/><F123/><W55/><G114/><T4/><D4/><U47/><E47/><V53/><F133/><N who="1" m="51273" /><E15/><V79/><F79/><W5/><G5/><T31/><D21/><U125/><E125/><V30/><F124/><W73/><G23/><T94/><D94/><N who="1" m="58807" /><E96/><N who="2" m="59679" /><F30/><W81/><G68/><T120/><D120/><U11/><E11/><V118/><F118/><W43/><G43/><T67/><D31/><U78/><E78/><V76/><F76/><W10/><G10/><T134/><D28/><U112/><E112/><V38/><F38/><W44/><G44/><T104/><D134/><U34/><E34/><V41/><F41/><W36/><G36/><T17/><D2/><U85/><E85/><V35/><F35/><W62/><G73/><T113/><D113/><U82/><E82/><V33/><F33/><W14/><G14/><N who="0" m="7367" /><D84/><U116/><E116/><V93/><F93/><W91/><G75/><T16/><D83/><U63/><E63/><AGARI ba="0,0" hai="25,26,45,51,53,56,63,64,108,110,111" m="59679" machi="63" ten="30,2900,0" yaku="14,1,10,1" doraHai="18" who="2" fromWho="1" sc="203,0,327,-29,247,29,223,0" /><INIT seed="2,1,0,5,1,37" ten="203,298,276,223" oya="2" hai0="121,125,60,48,109,79,127,132,20,108,1,134,107" hai1="123,85,3,2,38,16,71,97,21,22,103,40,44" hai2="65,94,91,115,124,64,43,73,129,120,54,46,11" hai3="111,92,100,113,5,133,84,8,34,56,18,57,86"/><V102/><F120/><W67/><G111/><N who="0" m="42571" /><D121/><U80/><E71/><V7/><F115/><W69/><G34/><T114/><D114/><U58/><E58/><V122/><F122/><W23/><G113/><T104/><D1/><U77/><E22/><V81/><F54/><W118/><G118/><T105/><D79/><U27/><REACH who="1" step="1"/><E123/><REACH who="1" ten="203,288,276,223" step="2"/><V75/><F129/><W17/><G69/><T0/><D20/><U98/><E98/><V119/><F119/><W101/><G23/><T82/><D132/><U31/><E31/><V28/><F28/><W61/><G133/><T131/><D134/><U9/><E9/><V39/><F124/><W135/><G135/><T88/><D127/><U33/><E33/><V126/><F126/><W15/><G56/><T19/><D125/><U6/><E6/><V59/><F59/><W62/><G5/><T63/><D131/><U72/><E72/><V24/><F75/><W32/><G32/><T13/><D0/><U55/><E55/><V41/><F73/><W130/><G130/><T52/><D19/><U30/><E30/><V70/><F70/><W112/><G112/><T14/><D63/><U95/><AGARI ba="1,1" hai="2,3,16,21,27,38,40,44,77,80,85,95,97,103" machi="95" ten="20,12000,2" yaku="1,1,0,1,7,1,52,1,54,1,53,1" doraHai="37" doraHaiUra="90" who="1" fromWho="1" sc="203,-31,288,133,276,-61,223,-31" /><INIT seed="3,0,0,3,0,23" ten="172,421,215,192" oya="3" hai0="13,35,33,60,99,49,107,87,41,47,90,37,133" hai1="1,63,67,130,44,126,25,93,62,11,106,8,53" hai2="85,103,0,38,20,16,40,135,75,72,132,22,73" hai3="55,68,118,79,9,116,48,112,58,74,6,86,71"/><W100/><G112/><T19/><D133/><N who="2" m="51274" /><F0/><W110/><G74/><T77/><D37/><U122/><E122/><V7/><F7/><W26/><G68/><T109/><D109/><U42/><E106/><V83/><F103/><W94/><G71/><T108/><D108/><U78/><E78/><N who="2" m="46327" /><F16/><W54/><G110/><T2/><D2/><U64/><E64/><V65/><F65/><W52/><G116/><T88/><D77/><U84/><E44/><AGARI ba="0,0" hai="20,22,38,40,44,72,73,75" m="46327,51274" machi="44" ten="40,1300,0" yaku="20,1" doraHai="23" who="2" fromWho="1" sc="172,0,421,-13,215,13,192,0" owari="172,-32.8,408,50.8,228,2.8,192,-20.8" /></mjloggm>