<mjloggm ver="2.3"><GO type="225" lobby="0"/><UN n0="%E3%81%B2%E3%81%AA%E3%81%AE%E3%82%8A%E3%81%8F" n1="%E6%A3%AE%E5%B1%B1%E7%94%B0%E7%9B%B4%E5%A4%AA%E6%9C%97%E4%B9%8B%E4%BB%8B" n2="%E6%98%93%E5%88%A9%E8%96%A9%E4%BC%AF" n3="%E4%BF%BA%E3%81%A8%E5%A6%96%E5%A4%A2" dan="16,16,17,16" rate="2092.46,2147.58,2183.40,2140.35" sx="M,M,F,F"/><TAIKYOKU oya="0"/><INIT seed="0,0,0,4,3,15" ten="250,250,250,250" oya="0" hai0="42,103,124,121,66,104,61,60,20,6,38,58,131" hai1="54,14,45,39,2,51,90,9,108,40,135,134,107" hai2="32,49,36,10,122,75,95,23,64,80,21,35,1" hai3="16,65,52,106,62,111,127,67,55,56,128,37,83"/><T4/><D121/><U68/><E2/><V74/><F36/><W120/><G106/><T28/><D124/><U96/><E68/><V89/><F64/><W116/><G116/><T11/><D131/><U93/><E108/><V17/><F122/><W82/><G120/><T98/><D38/><U5/><REACH who="1" step="1"/><E107/><REACH who="1" ten="250,240,250,250" step="2"/><V100/><F1/><W7/><G111/><T115/><D115/><U126/><E126/><V33/><F33/><W26/><G127/><T92/><D104/><U101/><E101/><V81/><F100/><W78/><G128/><T132/><D132/><U53/><E53/><V79/><F35/><W8/><G55/><T44/><D42/><U18/><E18/><V43/><F32/><W57/><G67/><T118/><D118/><U50/><E50/><V41/><F49/><N who="3" m="30735" /><G37/><T48/><D61/><U27/><E27/><V123/><F123/><W114/><G114/><T130/><D130/><U73/><E73/><V59/><F43/><W109/><G109/><T29/><D29/><U88/><E88/><V87/><F41/><W24/><G7/><T99/><D6/><U85/><E85/><V71/><F71/><W31/><G78/><T91/><D48/><U97/><E97/><V102/><F102/><W12/><G26/><N who="0" m="16455" /><D99/><U125/><E125/><V3/><F3/><W13/><G13/><N who="0" m="5351" /><D103/><U77/><E77/><V113/><F113/><W46/><G24/><T133/><D133/><U69/><E69/><V70/><F70/><W110/><G110/><T105/><D105/><U86/><E86/><V30/><F75/><W72/><G72/><T47/><AGARI ba="0,1" hai="44,47,58,60,66,91,92,98" m="5351,16455" machi="47" ten="30,3000,0" yaku="5,1,8,1" doraHai="15" who="0" fromWho="0" sc="250,40,240,-10,250,-10,250,-10" /><INIT seed="0,1,0,3,3,44" ten="290,230,240,240" oya="0" hai0="8,41,7,83,135,119,2,98,48,66,64,67,87" hai1="132,12,75,113,62,77,115,51,134,10,33,21,76" hai2="39,16,69,117,84,38,124,104,127,9,74,126,61" hai3="81,92,95,31,121,72,65,22,122,5,19,13,53"/><T32/><D119/><U112/><E33/><V68/><F74/><W4/><G65/><T57/><D32/><U88/><E21/><V35/><F117/><W107/><G107/><T55/><D135/><N who="1" m="51755" /><E62/><V108/><F108/><W96/><G31/><T70/><D98/><U102/><E102/><V97/><F35/><W91/><G92/><T60/><REACH who="0" step="1"/><D41/><REACH who="0" ten="280,230,240,240" step="2"/><U85/><E75/><V106/><F97/><W43/><G43/><T1/><D1/><U6/><E51/><V123/><F127/><W118/><G118/><T99/><D99/><U24/><E24/><V128/><F126/><W37/><G37/><T58/><D58/><U29/><E29/><V18/><F124/><W110/><G110/><T116/><D116/><U42/><E42/><V109/><F109/><W101/><G101/><T100/><D100/><U89/><E89/><AGARI ba="1,1" hai="2,7,8,48,55,57,60,64,66,67,70,83,87,89" machi="89" ten="30,11600,0" yaku="1,1,7,1,52,1,53,1" doraHai="44" doraHaiUra="80" who="0" fromWho="1" sc="280,129,230,-119,240,0,240,0" /><INIT seed="0,2,0,2,2,40" ten="409,111,240,240" oya="0" hai0="107,41,97,46,65,9,93,83,132,77,68,100,104" hai1="105,81,79,76,124,80,62,74,102,109,26,49,119" hai2="126,20,114,103,43,54,90,86,111,15,122,59,16" hai3="127,121,115,135,60,34,94,21,69,87,71,101,47"/><T8/><D132/><U11/><E119/><V27/><F111/><W125/><G34/><T33/><D33/><U13/><E124/><N who="3" m="47690" /><G115/><T6/><D65/><U7/><E109/><V29/><F122/><W67/><G135/><T117/><D68/><U23/><E105/><V108/><F108/><W3/><G3/><T91/><D91/><U1/><E102/><V118/><F118/><W131/><G121/><T36/><D117/><U48/><E62/><V96/><F114/><W133/><G133/><T30/><D30/><U89/><E89/><V18/><F43/><W72/><G72/><T61/><D61/><U31/><REACH who="1" step="1"/><E1/><REACH who="1" ten="409,101,240,240" step="2"/><V53/><F126/><W130/><G101/><T42/><D107/><U51/><E51/><V37/><F37/><W58/><G130/><T106/><D104/><U116/><E116/><V78/><F103/><W112/><G131/><T28/><D100/><U70/><E70/><V52/><F78/><W25/><G112/><T39/><D77/><U120/><E120/><V95/><F96/><W50/><G71/><T4/><D97/><U10/><E10/><V75/><F75/><AGARI ba="2,1" hai="7,11,13,23,26,31,48,49,74,75,76,79,80,81" machi="75" ten="30,3900,0" yaku="1,1,7,1,9,1,53,0" doraHai="40" doraHaiUra="64" who="1" fromWho="2" sc="409,0,101,55,240,-45,240,0" /><INIT seed="1,0,0,5,4,79" ten="409,156,195,240" oya="1" hai0="13,29,45,119,4,121,113,1,85,26,127,102,21" hai1="73,83,99,89,37,12,41,101,88,8,17,124,18" hai2="0,93,107,125,58,44,87,110,75,52,9,54,100" hai3="24,131,7,56,126,98,108,65,15,67,38,43,115"/><U35/><E35/><V76/><F110/><W86/><G115/><T61/><D113/><U30/><E30/><V109/><F109/><W80/><G108/><T105/><D1/><U51/><E37/><V92/><F75/><W66/><G131/><T16/><D4/><U114/><E114/><V90/><F76/><W22/><G126/><T34/><D119/><U50/><E124/><V84/><F107/><W59/><G43/><T42/><D61/><U33/><E33/><V129/><F129/><W3/><G38/><T123/><D127/><U11/><E41/><V91/><F100/><W78/><G98/><T36/><D102/><U135/><E135/><V94/><F125/><W103/><G103/><T117/><D117/><U104/><E73/><V111/><F111/><W95/><G95/><T130/><D130/><U60/><E60/><V64/><F9/><N who="3" m="4543" /><G3/><T134/><D134/><U74/><E74/><V57/><F0/><W6/><G6/><T47/><D47/><U82/><E101/><V77/><F77/><W122/><G122/><N who="0" m="46603" /><D85/><N who="1" m="50231" /><E104/><AGARI ba="0,0" hai="13,16,21,26,29,34,36,42,45,104,105" m="46603" machi="104" ten="30,2000,0" yaku="13,1,54,1" doraHai="79" who="0" fromWho="1" sc="409,20,156,-20,195,0,240,0" /><INIT seed="2,0,0,1,3,44" ten="429,136,195,240" oya="2" hai0="123,36,63,26,58,3,17,19,79,129,78,101,46" hai1="22,30,85,134,130,64,96,93,133,14,43,70,132" hai2="65,6,61,28,72,100,84,25,5,24,119,102,60" hai3="108,87,62,124,80,95,1,127,121,81,32,42,69"/><V86/><F72/><W128/><G32/><T40/><D3/><U52/><E130/><V73/><F73/><W50/><G1/><T56/><D123/><U47/><E70/><V103/><F119/><W88/><G121/><T10/><D10/><U13/><E64/><V18/><F18/><W23/><G128/><T54/><D101/><U82/><E43/><V94/><F94/><W39/><G39/><T114/><D114/><U120/><E120/><V9/><F9/><W12/><G108/><T20/><D129/><U111/><E111/><V90/><F90/><W126/><G62/><N who="2" m="24169" /><F65/><W107/><G69/><T11/><D58/><U135/><N who="1" m="33792" /><DORA hai="45" /><U116/><E116/><V8/><F8/><W35/><G35/><T83/><D83/><U92/><E30/><V21/><F25/><W4/><G107/><T66/><D66/><U109/><E109/><V15/><F15/><N who="1" m="5641" /><E22/><V38/><F38/><W77/><G4/><AGARI ba="0,0" hai="4,5,6,21,24,28,84,86,100,102,103" m="24169" machi="4" ten="30,1500,0" yaku="8,1" doraHai="44,45" who="2" fromWho="3" sc="429,0,136,0,195,15,240,-15" /><INIT seed="2,1,0,1,0,38" ten="429,136,210,225" oya="2" hai0="52,64,121,133,31,10,107,54,68,112,114,127,66" hai1="59,4,49,63,57,104,61,56,118,94,78,95,122" hai2="74,67,18,30,29,33,110,27,77,132,84,83,35" hai3="32,126,50,88,96,73,99,80,36,46,106,123,130"/><V119/><F119/><W124/><G36/><T92/><D107/><U23/><E104/><V41/><F132/><W47/><G32/><T24/><D121/><U20/><E118/><V79/><F110/><W82/><G123/><T97/><D133/><U70/><E122/><V116/><F67/><W135/><G135/><T28/><D127/><N who="3" m="48681" /><G106/><T103/><D10/><U81/><E4/><V40/><F116/><W2/><G2/><T13/><D13/><U6/><E6/><V100/><F100/><W14/><G130/><T125/><D125/><U21/><E49/><V89/><F18/><W37/><G37/><T86/><D86/><U45/><E45/><V15/><F15/><W34/><G34/><T43/><D66/><U72/><REACH who="1" step="1"/><E70/><REACH who="1" ten="429,126,210,225" step="2"/><V71/><F71/><W0/><G46/><T22/><D68/><U39/><E39/><V11/><F11/><W42/><G0/><T3/><D3/><U69/><E69/><V16/><F74/><W101/><G73/><T60/><D112/><U7/><E7/><V58/><F58/><W25/><G50/><T1/><D1/><U129/><E129/><V91/><F35/><W53/><G47/><T85/><D114/><U115/><E115/><V17/><F33/><W134/><G134/><T48/><D48/><U44/><E44/><V55/><F41/><W65/><G42/><T105/><D43/><U76/><E76/><V102/><F40/><W26/><G82/><T9/><D105/><U98/><E98/><V108/><F83/><W128/><G80/><T8/><D97/><U120/><E120/><V12/><F79/><RYUUKYOKU ba="1,1" sc="429,-10,126,30,210,-10,225,-10" hai1="20,21,23,56,57,59,61,63,72,78,81,94,95" /><INIT seed="3,2,1,3,1,63" ten="419,156,200,215" oya="3" hai0="104,120,119,123,111,126,99,135,54,1,23,18,121" hai1="33,65,127,46,87,74,83,76,57,75,66,69,71" hai2="114,81,25,53,85,4,132,12,90,78,125,3,117" hai3="102,67,43,91,118,59,115,22,93,122,77,0,37"/><W92/><G115/><T36/><D1/><U7/><E33/><V64/><F117/><W42/><G118/><T61/><D119/><U35/><E35/><V79/><F3/><W6/><G122/><T11/><D36/><U44/><E7/><V13/><F114/><W28/><G77/><T100/><D111/><U129/><E57/><V88/><F132/><W8/><G37/><T124/><D11/><U130/><E127/><N who="0" m="48681" /><D135/><U38/><E71/><V60/><F53/><W51/><G92/><T116/><D116/><U105/><E105/><V101/><F101/><W39/><G51/><T94/><D54/><U113/><E113/><V14/><F4/><W82/><G82/><T106/><D61/><U107/><E107/><V98/><F25/><AGARI ba="2,1" hai="18,23,25,94,99,100,104,106,120,121,123" m="48681" machi="25" ten="40,1300,0" yaku="18,1" doraHai="63" who="0" fromWho="2" sc="419,29,156,0,200,-19,215,0" owari="448,54.8,156,-34.4,181,-21.9,215,1.5" /></mjloggm>