<mjloggm ver="2.3"><GO type="225" lobby="0"/><UN n0="%E3%83%96%E3%83%83%E3%83%91%E3%82%AA%E3%83%96%E3%83%81%E3%82%AD%E3%83%B3" n1="%E3%83%B4%E3%83%A0%EF%BC%99%E3%81%A6" n2="%E6%A0%B9%E5%85%83%E3%81%8B%E3%82%89%E5%90%B9%E3%81%A3%E9%A3%9B%E3%81%B6" n3="%72%65%6E%6B%75%6E" dan="17,17,16,17" rate="2194.82,2157.01,2169.86,2200.41" sx="M,M,F,M"/><TAIKYOKU oya="0"/><INIT seed="0,0,0,0,2,59" ten="250,250,250,250" oya="0" hai0="36,33,7,53,94,8,29,13,20,5,39,61,26" hai1="101,31,80,14,98,60,125,65,49,51,17,47,84" hai2="19,45,18,135,68,70,106,2,97,131,12,100,9" hai3="83,32,78,126,91,87,79,15,55,113,129,117,21"/><T75/><D75/><U133/><E133/><V35/><F35/><W46/><G117/><T69/><D7/><U62/><E125/><V30/><F30/><W128/><G32/><T81/><D94/><U54/><E31/><V10/><F131/><N who="3" m="50251" /><G113/><T93/><D93/><U42/><E65/><V1/><F135/><W116/><G116/><T37/><D81/><U109/><E109/><V57/><F45/><W76/><G126/><T118/><D118/><U24/><E24/><V103/><F57/><W3/><G3/><T63/><D69/><U88/><E49/><V99/><F12/><W107/><G107/><AGARI ba="0,0" hai="1,2,9,10,18,19,68,70,97,99,100,103,106,107" machi="107" ten="25,1600,0" yaku="22,2" doraHai="59" who="2" fromWho="3" sc="250,0,250,0,250,16,250,-16" /><INIT seed="1,0,0,3,5,129" ten="250,250,266,234" oya="1" hai0="11,64,71,116,17,28,26,65,68,10,30,61,35" hai1="60,33,130,8,117,23,77,108,34,4,109,36,69" hai2="40,132,111,24,124,59,50,89,125,105,22,134,66" hai3="38,84,25,45,107,74,98,62,3,6,42,43,15"/><U67/><E117/><V7/><F105/><W19/><G74/><T106/><D116/><U114/><E114/><V20/><F7/><W88/><G42/><T73/><D73/><U131/><E23/><V58/><F111/><N who="1" m="42569" /><E77/><V99/><F22/><W1/><G25/><T97/><D17/><U92/><E92/><N who="2" m="56719" /><F40/><W118/><G6/><T86/><D30/><U29/><E36/><V120/><F120/><W16/><G62/><N who="0" m="39959" /><D86/><U95/><E95/><V46/><F66/><W90/><G118/><T0/><D0/><N who="1" m="7" /><E29/><N who="2" m="17543" /><F46/><W82/><G19/><T55/><D28/><U121/><E121/><V94/><F94/><W126/><G126/><N who="2" m="48745" /><F58/><W21/><REACH who="3" step="1"/><G90/><REACH who="3" ten="250,250,266,224" step="2"/><T14/><D26/><U87/><E87/><V56/><F56/><W133/><G133/><T103/><D35/><AGARI ba="0,1" hai="33,34,35,60,67,69,130,131" m="7,42569" machi="35" ten="30,5800,0" yaku="14,1,10,1,23,1" doraHai="129" who="1" fromWho="0" sc="250,-58,250,68,266,0,224,0" /><INIT seed="1,1,0,1,2,122" ten="192,318,266,224" oya="1" hai0="120,33,130,30,67,126,96,129,0,39,29,135,13" hai1="27,107,69,25,102,100,46,24,111,84,77,56,125" hai2="26,50,83,10,94,54,97,66,37,88,17,63,23" hai3="133,70,86,106,32,40,21,2,1,44,105,48,80"/><U14/><E69/><V18/><F37/><W118/><G32/><T104/><D0/><U43/><E125/><V16/><F83/><W35/><G35/><T59/><D39/><U65/><E107/><V41/><F41/><W34/><G34/><T31/><D126/><U52/><E65/><V123/><F123/><W113/><G70/><T60/><D120/><U90/><E77/><V61/><F10/><W73/><G73/><T8/><D135/><U116/><E116/><V9/><F9/><W127/><G113/><T85/><D33/><U64/><E64/><V108/><F108/><W68/><G68/><T134/><D134/><U109/><E14/><V89/><F89/><W11/><G1/><T124/><D124/><U131/><E131/><N who="0" m="50185" /><D85/><U4/><E4/><V55/><F55/><W99/><G2/><T3/><D3/><U92/><E46/><V98/><F98/><W87/><G106/><T114/><D114/><U38/><E43/><V72/><F72/><W22/><G105/><T119/><D119/><U62/><REACH who="1" step="1"/><E38/><REACH who="1" ten="192,308,266,224" step="2"/><V93/><F66/><W5/><G118/><T42/><D42/><U78/><E78/><V28/><F93/><W128/><G128/><T47/><D47/><AGARI ba="1,1" hai="16,17,18,23,26,28,47,50,54,61,63,88,94,97" machi="47" ten="40,5200,0" yaku="8,1,54,2" doraHai="122" who="2" fromWho="0" sc="192,-55,308,0,266,65,224,0" /><INIT seed="2,0,0,0,1,16" ten="137,308,331,224" oya="2" hai0="19,12,9,114,15,53,80,59,10,44,29,13,23" hai1="99,69,43,67,37,68,122,103,72,112,96,131,73" hai2="101,104,107,62,45,38,128,3,97,41,54,123,58" hai3="118,108,8,117,126,83,100,95,51,56,76,109,134"/><V32/><F123/><W90/><G51/><T116/><D114/><U42/><E112/><V40/><F32/><W65/><G65/><T135/><D135/><U14/><E131/><V0/><F128/><W66/><G66/><T71/><D71/><U88/><E67/><V130/><F130/><W21/><G56/><T26/><D116/><N who="3" m="44649" /><G21/><T2/><D2/><U24/><E14/><V84/><F107/><W82/><G8/><T92/><D10/><U74/><E122/><V120/><F120/><W46/><G46/><T33/><D33/><U115/><E115/><V63/><F63/><W98/><G134/><T121/><D121/><U77/><E77/><V52/><F41/><W87/><G126/><T106/><D106/><U124/><E72/><AGARI ba="0,0" hai="72,76,82,83,87,90,95,98,100,108,109" m="44649" machi="72" ten="30,2000,0" yaku="34,2" doraHai="16" who="3" fromWho="1" sc="137,0,308,-20,331,0,224,20" /><INIT seed="3,0,0,3,4,36" ten="137,288,331,244" oya="3" hai0="115,103,84,20,121,27,68,56,90,94,47,107,114" hai1="75,63,44,134,108,51,33,29,71,81,87,55,43" hai2="127,111,7,53,95,117,25,9,46,119,101,120,112" hai3="70,49,38,15,123,73,8,24,67,28,110,82,113"/><W130/><G38/><T102/><D68/><U10/><E108/><V106/><F112/><N who="0" m="43050" /><D107/><U37/><E134/><V77/><F77/><W116/><G113/><T122/><D56/><U13/><E75/><V69/><F95/><W92/><G116/><T129/><D47/><U66/><E29/><V135/><F25/><W21/><G123/><N who="0" m="47115" /><D20/><U96/><E96/><V30/><F106/><W58/><G110/><T109/><D27/><U128/><E33/><V88/><F46/><W11/><G70/><T118/><D129/><U124/><E128/><V1/><F111/><W48/><G130/><T16/><D109/><U91/><E124/><V60/><F127/><W76/><G8/><T98/><D16/><U3/><E3/><V14/><F1/><W18/><G67/><T42/><D118/><U132/><E132/><V85/><F135/><W93/><G49/><T131/><D131/><U52/><E51/><V17/><F69/><W79/><G58/><T64/><D64/><U22/><E22/><V57/><F57/><W50/><G50/><T104/><D42/><U125/><E125/><V74/><F119/><W34/><G48/><T4/><D4/><AGARI ba="0,0" hai="4,10,13,37,43,44,52,55,63,66,71,81,87,91" machi="4" ten="30,3900,0" yaku="7,1,52,1,54,1" doraHai="36" who="1" fromWho="0" sc="137,-39,288,39,331,0,244,0" owari="98,-40.2,327,12.7,331,43.1,244,-15.6" /></mjloggm>