<mjloggm ver="2.3"><GO type="225" lobby="0"/><UN n0="%33%74%72%65%65" n1="%E6%9C%88%E5%B3%B6%E5%9F%BA" n2="%72%69%6F%75%63%68%61%6E" n3="%E3%81%BF%E3%81%BF%E3%81%9A" dan="16,17,16,17" rate="2097.29,2184.70,2082.80,2191.78" sx="F,M,M,M"/><TAIKYOKU oya="0"/><INIT seed="0,0,0,4,2,75" ten="250,250,250,250" oya="0" hai0="117,41,110,127,11,63,35,125,46,57,96,48,42" hai1="119,34,66,104,31,73,108,102,79,14,61,5,6" hai2="13,89,25,23,80,84,59,111,72,133,103,88,86" hai3="115,74,87,54,20,113,92,78,15,0,49,106,47"/><T16/><D117/><U52/><E119/><V10/><F111/><W44/><G0/><T77/><D35/><U124/><E108/><V99/><F133/><W121/><G121/><T122/><D122/><U58/><E124/><N who="0" m="47689" /><D110/><U114/><E114/><V39/><F72/><W36/><G106/><T118/><D118/><U101/><E34/><V76/><F39/><W94/><G74/><T50/><D96/><U98/><E31/><V67/><F86/><W37/><G113/><T81/><D63/><U12/><E101/><V109/><F109/><W70/><G70/><T9/><D57/><U129/><E129/><V28/><F67/><W100/><G115/><T55/><D50/><U135/><E135/><V26/><F26/><W1/><G1/><T105/><D105/><U32/><E32/><V123/><F59/><W95/><G36/><T40/><D16/><U38/><E38/><V112/><F123/><W116/><G116/><T7/><D7/><U33/><E33/><V107/><REACH who="2" step="1"/><F112/><REACH who="2" ten="250,250,240,250" step="2"/><W134/><G134/><T18/><D18/><AGARI ba="0,1" hai="10,13,18,23,25,28,76,80,84,88,89,99,103,107" machi="18" ten="30,8000,1" yaku="1,1,2,1,7,1,52,1,54,1,53,0" doraHai="75" doraHaiUra="69" who="2" fromWho="0" sc="250,-80,250,0,240,90,250,0" /><INIT seed="1,0,0,5,4,10" ten="170,250,330,250" oya="1" hai0="41,13,20,109,19,1,111,70,2,54,88,127,56" hai1="95,134,68,38,15,77,96,71,86,26,83,125,101" hai2="110,6,55,116,14,42,78,106,34,31,115,128,126" hai3="108,29,4,3,107,45,51,11,22,64,60,12,104"/><U40/><E125/><V118/><F106/><W17/><G108/><N who="0" m="41547" /><D70/><U25/><E134/><V117/><F110/><W9/><G29/><T39/><D127/><U103/><E71/><V28/><F42/><W23/><G104/><T89/><D41/><U124/><E68/><V81/><F126/><W98/><G107/><T52/><D39/><U8/><E124/><V99/><F99/><W91/><G98/><T66/><D66/><U44/><REACH who="1" step="1"/><E101/><REACH who="1" ten="170,240,330,250" step="2"/><V47/><F118/><W112/><G112/><T59/><D59/><U0/><E0/><N who="0" m="105" /><D54/><U133/><E133/><V43/><F55/><W131/><G131/><T50/><AGARI ba="0,1" hai="13,19,20,50,52,56,88,89" m="105,41547" machi="50" ten="30,7900,0" yaku="14,1,52,1,54,2" doraHai="10" who="0" fromWho="0" sc="170,89,240,-39,330,-20,250,-20" /><INIT seed="2,0,0,0,4,24" ten="259,201,310,230" oya="2" hai0="66,8,73,90,122,21,99,53,46,56,95,4,83" hai1="19,80,84,72,118,50,134,112,79,71,6,88,60" hai2="22,42,92,29,65,9,10,106,111,119,55,48,135" hai3="68,3,104,25,31,114,35,100,101,126,5,69,81"/><V59/><F119/><W13/><G126/><T41/><D122/><U133/><E118/><V67/><F106/><W37/><G37/><T85/><D73/><U130/><E112/><V115/><F115/><W78/><G114/><T34/><D34/><U17/><E130/><V16/><F135/><N who="1" m="51721" /><E6/><V96/><F111/><W89/><G89/><T113/><D113/><U28/><E50/><V49/><F29/><W30/><G13/><T82/><D66/><N who="2" m="25098" /><F42/><W61/><G30/><T74/><D74/><U57/><E71/><V87/><F87/><W94/><G94/><T129/><D129/><U40/><E40/><V7/><F48/><W117/><G61/><T63/><D85/><U64/><E28/><V12/><F7/><W86/><G117/><T124/><D124/><U97/><E97/><V45/><F45/><W131/><G131/><T33/><D46/><U76/><E76/><V36/><F36/><W102/><REACH who="3" step="1"/><G104/><REACH who="3" ten="259,201,310,220" step="2"/><T11/><D95/><AGARI ba="0,1" hai="17,19,57,60,64,72,79,80,84,88,95" m="51721" machi="95" ten="30,2000,0" yaku="20,1,54,1" doraHai="24" who="1" fromWho="0" sc="259,-20,201,30,310,0,220,0" /><INIT seed="3,0,0,1,5,123" ten="239,231,310,220" oya="3" hai0="112,83,15,21,55,17,13,89,90,86,101,121,119" hai1="132,4,61,54,120,129,33,72,99,88,25,80,57" hai2="39,81,127,51,68,18,70,133,5,24,19,22,110" hai3="45,14,53,92,69,103,60,59,117,10,105,124,94"/><W29/><G117/><T73/><D119/><U48/><E120/><V76/><F110/><W44/><G124/><T130/><D121/><U36/><E36/><V85/><F39/><W135/><G135/><T46/><D130/><U104/><E132/><V41/><F133/><W40/><G69/><T3/><D3/><U115/><E115/><V7/><F127/><W122/><G122/><T32/><D32/><U128/><E4/><V64/><F64/><W1/><G1/><T74/><D112/><U34/><E72/><V87/><F85/><W11/><G29/><T111/><D111/><U114/><E114/><V118/><F118/><W37/><G44/><T71/><D71/><U79/><E25/><V49/><F70/><W98/><REACH who="3" step="1"/><G10/><REACH who="3" ten="239,231,310,210" step="2"/><T116/><D116/><U27/><E128/><V109/><F68/><W95/><G95/><T108/><D46/><U50/><E129/><V107/><F109/><W84/><G84/><T26/><D86/><U43/><E104/><V9/><F107/><W12/><G12/><T16/><D13/><U6/><E27/><V100/><F9/><W113/><G113/><T62/><D108/><U20/><E20/><V82/><F22/><W56/><G56/><N who="0" m="35103" /><D74/><U52/><E34/><V28/><F28/><W42/><G42/><T58/><D58/><N who="1" m="33031" /><E33/><V77/><F41/><W8/><G8/><N who="0" m="6247" /><D73/><U126/><E126/><V47/><F47/><W23/><G23/><T131/><D131/><U125/><E125/><V30/><F87/><W97/><G97/><T31/><D31/><U91/><E99/><V63/><F30/><W78/><G78/><RYUUKYOKU ba="0,1" sc="239,-10,231,-10,310,-10,210,30" hai3="11,14,37,40,45,53,59,60,92,94,98,103,105" /><INIT seed="3,1,1,2,0,103" ten="229,221,300,240" oya="3" hai0="71,42,36,80,1,102,27,89,114,0,9,130,38" hai1="49,73,5,22,23,125,60,50,37,58,3,18,85" hai2="77,69,123,86,26,47,91,24,124,65,101,128,20" hai3="70,118,62,76,13,63,68,35,55,109,105,81,83"/><W8/><G118/><T10/><D71/><U84/><E73/><V122/><F124/><W82/><G35/><T135/><D102/><U99/><E37/><V46/><F128/><W79/><G105/><T29/><D130/><U116/><E116/><V61/><F101/><W21/><G109/><T112/><D135/><U11/><E125/><V41/><F77/><N who="3" m="29771" /><G70/><T72/><D72/><U113/><E113/><N who="0" m="43625" /><D80/><U57/><E99/><V94/><F47/><W44/><G21/><N who="0" m="15599" /><D89/><U92/><E92/><V75/><F75/><W134/><G68/><T96/><D96/><U107/><E107/><V40/><F40/><W34/><G34/><T110/><D110/><U2/><E23/><V111/><F111/><W14/><G134/><T31/><D31/><U117/><E22/><V4/><F4/><N who="3" m="3207" /><G14/><T131/><D131/><U43/><E117/><V121/><F20/><W32/><G32/><T30/><D30/><U127/><E127/><V54/><F54/><W129/><G129/><T48/><D38/><AGARI ba="1,1" hai="24,26,38,41,46,61,65,69,86,91,94,121,122,123" machi="38" ten="40,1300,0" yaku="13,1" doraHai="103" who="2" fromWho="0" sc="229,-16,221,0,300,26,240,0" owari="213,-28.7,221,-17.9,326,42.6,240,4.0" /></mjloggm>