<mjloggm ver="2.3"><GO type="225" lobby="0"/><UN n0="%E4%BF%BA%E3%81%A8%E5%A6%96%E5%A4%A2" n1="%E3%83%96%E3%83%83%E3%83%91%E3%82%AA%E3%83%96%E3%83%81%E3%82%AD%E3%83%B3" n2="%65%78%69%73%74%2D%79" n3="%E8%81%B7%E6%A5%AD%E3%80%81%E9%A2%A8%32" dan="16,16,16,16" rate="2099.71,2221.01,2046.65,2149.41" sx="F,M,M,M"/><TAIKYOKU oya="0"/><INIT seed="0,0,0,1,3,67" ten="250,250,250,250" oya="0" hai0="36,91,27,10,81,85,135,52,29,11,47,106,3" hai1="63,6,50,109,0,102,78,120,43,65,119,98,18" hai2="19,35,56,28,75,22,31,44,112,118,93,70,38" hai3="20,17,87,68,2,131,115,55,79,128,49,46,77"/><T24/><D106/><U107/><E119/><V88/><F75/><W21/><G2/><T84/><D135/><U53/><E120/><V122/><F112/><W76/><G115/><T8/><D36/><U104/><E109/><V13/><F122/><W110/><G110/><T45/><D45/><U48/><E78/><V130/><F130/><N who="3" m="49707" /><G68/><T103/><D103/><U105/><E43/><V113/><F113/><W108/><G108/><T57/><D47/><U66/><E66/><V39/><F118/><W5/><G5/><T54/><D3/><U96/><E96/><V89/><F70/><W34/><G21/><T95/><D29/><U23/><E6/><V94/><F56/><W72/><G34/><T25/><REACH who="0" step="1"/><D57/><REACH who="0" ten="240,250,250,250" step="2"/><U73/><E0/><V58/><F58/><N who="3" m="33135" /><G72/><T64/><D64/><U99/><E73/><V117/><F117/><W124/><G46/><T101/><D101/><U134/><E102/><V12/><F44/><W127/><G87/><T126/><D126/><U133/><E133/><V1/><F1/><W132/><G132/><T15/><D15/><AGARI ba="0,1" hai="15,17,20,76,77,79,124,127" m="33135,49707" machi="15" ten="30,1000,0" yaku="19,1" doraHai="67" who="3" fromWho="0" sc="240,-10,250,0,250,0,250,20" /><INIT seed="1,0,0,5,0,45" ten="230,250,250,270" oya="1" hai0="39,57,72,19,20,99,23,121,130,132,95,85,127" hai1="118,7,111,105,58,32,102,5,18,17,98,101,10" hai2="3,49,117,84,16,77,38,70,90,43,100,67,50" hai3="25,36,131,4,44,124,120,123,21,14,71,8,68"/><U40/><E118/><V60/><F3/><W104/><G104/><T2/><D72/><U93/><E32/><V13/><F117/><W125/><G131/><T0/><D39/><U115/><E115/><V22/><F100/><W27/><G36/><T69/><D69/><N who="3" m="26697" /><G44/><T86/><D130/><U11/><E40/><V87/><F38/><W30/><G27/><T29/><D29/><U34/><E34/><V112/><F43/><W92/><G92/><T76/><D132/><U61/><E111/><V1/><F1/><W80/><G80/><T65/><D127/><AGARI ba="0,0" hai="4,8,14,21,25,30,120,123,124,125,127" m="26697" machi="127" ten="30,1000,0" yaku="18,1" doraHai="45" who="3" fromWho="0" sc="230,-10,250,0,250,0,270,10" /><INIT seed="2,0,0,2,1,115" ten="220,250,250,280" oya="2" hai0="31,55,102,52,81,90,11,43,82,121,116,114,57" hai1="122,99,83,91,9,76,92,78,85,123,12,107,38" hai2="97,75,46,2,39,67,1,112,125,29,126,22,0" hai3="103,89,130,3,74,93,7,73,62,17,20,19,94"/><V117/><F75/><W5/><G130/><T53/><D114/><U15/><E38/><V4/><F112/><W34/><G34/><T45/><D121/><N who="1" m="46091" /><E107/><V86/><F67/><W105/><G105/><T69/><D69/><U134/><E134/><V135/><F97/><W124/><G124/><N who="2" m="47721" /><F86/><W113/><G113/><T16/><D102/><N who="1" m="60775" /><E15/><V101/><F101/><W40/><G103/><T133/><D133/><U59/><E59/><V24/><F46/><W128/><G128/><T61/><D31/><U60/><E60/><V50/><F50/><W41/><G62/><T8/><D90/><U98/><E98/><V28/><F39/><W13/><G89/><T64/><D82/><U131/><E131/><V79/><F79/><W118/><G13/><T65/><D81/><U104/><E104/><V47/><F47/><W84/><G3/><N who="2" m="1097" /><F135/><W56/><G84/><T95/><D65/><U51/><E51/><V120/><F120/><W44/><G44/><T96/><D96/><U68/><E68/><V72/><F72/><W77/><G77/><T80/><D45/><U48/><E48/><V25/><F4/><AGARI ba="0,0" hai="4,9,12,76,78,83,85,91" m="60775,46091" machi="4" ten="30,1000,0" yaku="13,1" doraHai="115" who="1" fromWho="2" sc="220,0,250,10,250,-10,280,0" /><INIT seed="3,0,0,1,2,93" ten="220,260,240,280" oya="3" hai0="6,47,53,26,96,68,97,129,28,99,124,71,86" hai1="120,117,34,73,80,4,25,54,62,79,22,98,126" hai2="132,55,60,116,135,128,50,46,10,125,38,45,15" hai3="31,131,74,127,83,9,110,52,8,114,82,11,27"/><W0/><G114/><T39/><D129/><U2/><E120/><V88/><F116/><W130/><G127/><T51/><D124/><U134/><E126/><V41/><F125/><W103/><G110/><T61/><D39/><U112/><E112/><V42/><F88/><W89/><G0/><T109/><D109/><U75/><E117/><V92/><F92/><W66/><G74/><T91/><D6/><U33/><E134/><N who="2" m="51243" /><F15/><W48/><G103/><T32/><REACH who="0" step="1"/><D61/><REACH who="0" ten="210,260,240,280" step="2"/><U59/><E4/><V81/><F128/><N who="3" m="49195" /><G89/><T17/><D17/><U12/><E2/><V49/><F60/><W3/><G3/><T115/><D115/><U113/><E62/><V90/><F90/><W85/><G66/><T78/><D78/><U111/><E79/><V95/><F38/><W7/><G7/><T43/><D43/><U16/><E113/><V122/><F41/><W72/><G72/><T104/><D104/><U102/><E75/><V5/><F122/><W119/><G119/><T67/><D67/><U14/><E111/><V106/><F106/><W94/><G48/><T40/><D40/><U57/><E73/><V58/><F42/><W87/><G52/><T56/><D56/><U1/><E57/><V23/><F58/><W29/><G82/><AGARI ba="0,1" hai="26,28,32,47,51,53,68,71,82,86,91,96,97,99" machi="82" ten="40,8000,1" yaku="1,1,52,3,53,0" doraHai="93" doraHaiUra="37" who="0" fromWho="3" sc="210,90,260,0,240,0,280,-80" owari="300,40.0,260,6.0,240,-16.0,200,-30.0" /></mjloggm>