<mjloggm ver="2.3"><GO type="225" lobby="0"/><UN n0="%E3%81%AF%E3%82%88%E3%81%8A%E3%81%98%E3%81%95%E3%82%93" n1="%E5%91%A8%E6%9D%B1" n2="%E3%82%8F%E3%81%8B%E3%81%B0%2A%E3%82%AC%E3%83%BC%E3%83%AB" n3="%E3%81%A4%E3%81%A3%E3%81%B1%E3%82%8A%E3%83%9D%E3%83%BC%E3%83%AB" dan="17,16,16,17" rate="2234.74,2210.96,2061.84,2194.33" sx="M,M,M,M"/><TAIKYOKU oya="0"/><INIT seed="0,0,0,4,5,46" ten="250,250,250,250" oya="0" hai0="25,17,125,121,67,13,9,58,94,38,40,44,51" hai1="31,118,72,116,83,120,30,79,108,68,6,48,55" hai2="110,4,77,14,66,42,88,126,98,89,19,64,104" hai3="74,114,91,93,23,69,135,45,20,75,27,117,7"/><T47/><D125/><U109/><E68/><V54/><F110/><N who="1" m="42601" /><E6/><V87/><F126/><W5/><G117/><N who="1" m="45162" /><E120/><V33/><F33/><W119/><G114/><T112/><D112/><U26/><E26/><V84/><F42/><W57/><G69/><T76/><D121/><U97/><E97/><V134/><F4/><W129/><G119/><T124/><D124/><U90/><E90/><V39/><F39/><W80/><G7/><T115/><D115/><U100/><E100/><V3/><F3/><W111/><G5/><T96/><D76/><U71/><E71/><V62/><F77/><W61/><G91/><T52/><D25/><U22/><E22/><V8/><F104/><W73/><G23/><T11/><D11/><U82/><E82/><N who="2" m="49175" /><F98/><W70/><G80/><T99/><REACH who="0" step="1"/><D94/><REACH who="0" ten="240,250,250,250" step="2"/><U35/><E35/><V127/><F127/><W86/><G93/><T122/><D122/><U36/><E36/><V133/><F134/><W59/><G135/><T28/><D28/><U63/><E63/><AGARI ba="0,1" hai="9,13,17,38,40,44,47,51,52,58,63,67,96,99" machi="63" ten="40,7700,0" yaku="1,1,52,1,54,1,53,0" doraHai="46" doraHaiUra="105" who="0" fromWho="1" sc="240,87,250,-77,250,0,250,0" /><INIT seed="0,1,0,5,4,2" ten="327,173,250,250" oya="0" hai0="94,131,15,116,13,68,75,45,126,22,41,98,106" hai1="85,32,118,67,77,26,102,123,7,9,31,99,120" hai2="112,16,19,69,110,3,66,113,1,11,100,128,70" hai3="115,60,49,96,132,59,130,44,81,50,40,30,37"/><T127/><D116/><U73/><E73/><V76/><F100/><W87/><G115/><T92/><D75/><U39/><E118/><V17/><F76/><W125/><G130/><T89/><D106/><U8/><E39/><V107/><F107/><W109/><G109/><T63/><D131/><U24/><E24/><V119/><F128/><W78/><G132/><T134/><D134/><U46/><E46/><V18/><F119/><W74/><G125/><N who="0" m="47627" /><D22/><U93/><E9/><V4/><F110/><W62/><G30/><T90/><D63/><U79/><E67/><V72/><F72/><W28/><G28/><T23/><D68/><U122/><REACH who="1" step="1"/><E85/><REACH who="1" ten="327,163,250,250" step="2"/><V0/><F66/><W88/><G37/><N who="0" m="21679" /><D23/><U6/><E6/><V65/><F65/><W84/><G74/><T124/><D124/><U58/><E58/><V14/><F14/><AGARI ba="1,1" hai="7,8,14,26,31,32,77,79,93,99,102,120,122,123" machi="14" ten="40,5200,0" yaku="1,1,52,1,53,1" doraHai="2" doraHaiUra="97" who="1" fromWho="2" sc="327,0,163,65,250,-55,250,0" /><INIT seed="1,0,0,5,2,27" ten="327,228,195,250" oya="1" hai0="81,127,22,28,119,30,71,4,78,5,106,131,23" hai1="107,104,123,99,41,111,115,63,132,88,118,94,101" hai2="103,61,122,59,55,58,56,112,14,50,105,77,35" hai3="75,13,25,95,126,54,39,44,100,0,52,87,46"/><U12/><E123/><V38/><F112/><W66/><G0/><T67/><D119/><U70/><E115/><V97/><F122/><W18/><G75/><T92/><D106/><U34/><E118/><V98/><F38/><W3/><G3/><T15/><D71/><U80/><E132/><V16/><F35/><W129/><G129/><T6/><D131/><U79/><E34/><V49/><F77/><W116/><G116/><T1/><D1/><U93/><E41/><V110/><F110/><W68/><G68/><T37/><D37/><U20/><E111/><V135/><F135/><W32/><G66/><T17/><D67/><U120/><E120/><V42/><F97/><N who="3" m="59455" /><G32/><T76/><D127/><U62/><E70/><V72/><F72/><W10/><G39/><T121/><D121/><U102/><E102/><V9/><REACH who="2" step="1"/><F50/><REACH who="2" ten="327,228,185,250" step="2"/><W65/><G126/><T108/><D78/><U11/><E79/><V84/><F84/><W109/><G87/><N who="0" m="48551" /><D108/><U7/><E99/><V24/><F24/><W82/><G25/><T134/><D134/><U114/><E114/><V91/><F91/><W125/><G125/><T8/><D92/><U73/><E94/><V85/><F85/><W60/><G109/><T2/><D2/><U57/><E73/><V43/><F43/><W130/><G130/><T29/><AGARI ba="0,1" hai="4,5,6,8,15,17,22,23,28,29,30" m="48551" machi="29" ten="30,7900,0" yaku="8,1,52,3" doraHai="27" who="0" fromWho="0" sc="327,89,228,-39,185,-20,250,-20" /><BYE who="1" /><INIT seed="2,0,0,4,0,54" ten="416,189,165,230" oya="2" hai0="33,118,125,133,101,114,41,131,107,97,44,77,72" hai1="49,89,67,98,51,57,124,3,115,63,71,30,11" hai2="132,9,10,79,46,111,48,47,34,29,20,61,65" hai3="17,84,62,6,35,42,38,87,43,59,100,105,45"/><V8/><F132/><W12/><G35/><UN n1="%E5%91%A8%E6%9D%B1" /><T106/><D114/><U110/><E115/><V120/><F120/><W70/><G70/><T113/><D113/><U68/><E110/><V26/><F111/><W103/><G6/><T134/><D33/><U81/><E124/><V116/><F116/><W60/><G60/><T104/><D125/><U27/><E71/><V130/><F130/><W37/><G37/><N who="0" m="21551" /><D131/><U112/><E112/><V31/><F79/><W7/><G7/><T126/><D126/><U95/><E68/><V2/><F2/><W55/><G43/><T39/><D39/><U19/><E81/><V4/><F4/><W85/><REACH who="3" step="1"/><G105/><REACH who="3" ten="416,189,165,220" step="2"/><N who="0" m="63663" /><D118/><U127/><E127/><V86/><F34/><W13/><G13/><T40/><D107/><U129/><E129/><V88/><F48/><W75/><G75/><T117/><D40/><U102/><E3/><V1/><F1/><W78/><G78/><T66/><D117/><U56/><E51/><V99/><F46/><W58/><G58/><T76/><D76/><U73/><E73/><V16/><F47/><W108/><G108/><T135/><D77/><U93/><E49/><V0/><F0/><W18/><G18/><T5/><D72/><U82/><E19/><V91/><F61/><W28/><G28/><T64/><D5/><U24/><E30/><V22/><F65/><N who="0" m="25194" /><D104/><U83/><E57/><V94/><REACH who="2" step="1"/><F22/><AGARI ba="0,1" hai="12,17,22,38,42,45,55,59,62,84,85,87,100,103" machi="22" ten="40,2600,0" yaku="1,1,52,1,53,0" doraHai="54" doraHaiUra="119" who="3" fromWho="2" sc="416,0,189,0,165,-26,220,36" /><INIT seed="3,0,0,3,3,21" ten="416,189,139,256" oya="3" hai0="58,86,16,113,27,100,48,30,61,8,0,78,121" hai1="87,88,15,9,18,75,90,11,40,17,26,119,72" hai2="128,12,51,37,43,62,74,39,111,65,56,79,95" hai3="85,67,106,114,44,117,92,54,101,83,99,129,25"/><W120/><G120/><T35/><D121/><U7/><E119/><V23/><F111/><W125/><G117/><T28/><D28/><U69/><E69/><V49/><F128/><W112/><G129/><T50/><D100/><U33/><E40/><V108/><F108/><W55/><G125/><T123/><D123/><U97/><E97/><V116/><F116/><W133/><G133/><T93/><D113/><U38/><E38/><V71/><F79/><W118/><G118/><T115/><D115/><U132/><E132/><V104/><F104/><W2/><G67/><T31/><D31/><U110/><E110/><V77/><F77/><W34/><G2/><T52/><D0/><U41/><E41/><V4/><F74/><W32/><G92/><T130/><D130/><U131/><E131/><V42/><F95/><W70/><G70/><T134/><D134/><U98/><E98/><V135/><F135/><W14/><G99/><T46/><D46/><U6/><E33/><V89/><F89/><W126/><G34/><T91/><D78/><U20/><E90/><V94/><F94/><W68/><G32/><T24/><D24/><U22/><E75/><V10/><F23/><W82/><G106/><T57/><D58/><U105/><E72/><V107/><F107/><W19/><G68/><T80/><D93/><U59/><E105/><V3/><F3/><W64/><G114/><T36/><D36/><U122/><E122/><V1/><F1/><W127/><G112/><T76/><D91/><U96/><E96/><V124/><F124/><W109/><G127/><T47/><D47/><RYUUKYOKU ba="0,0" sc="416,30,189,-10,139,-10,256,-10" hai0="8,16,27,30,35,48,50,52,57,61,76,80,86" owari="446,54.6,179,-22.1,129,-37.1,246,4.6" /></mjloggm>