<mjloggm ver="2.3"><GO type="225" lobby="0"/><UN n0="%E6%9D%B1%E9%A2%A8%E3%81%AE%E3%81%8D%E3%82%83%E3%81%B7%E3%81%95%E3%82%93" n1="%E7%B4%94%E6%BD%94%E3%83%94%E3%83%A9%E3%83%8B%E3%82%A2" n2="%33%74%72%65%65" n3="%E3%83%96%E3%83%83%E3%83%91%E3%82%AA%E3%83%96%E3%83%81%E3%82%AD%E3%83%B3" dan="16,17,17,16" rate="2165.90,2229.10,2129.81,2223.79" sx="M,M,M,M"/><TAIKYOKU oya="0"/><INIT seed="0,0,0,3,4,65" ten="250,250,250,250" oya="0" hai0="64,119,42,117,135,79,133,127,120,81,4,105,74" hai1="128,92,43,77,57,53,7,44,123,69,131,114,33" hai2="99,5,12,88,29,52,50,56,23,100,115,60,76" hai3="89,101,96,111,110,118,45,95,20,9,116,22,67"/><T34/><D34/><U39/><E33/><V18/><F115/><W62/><G45/><T54/><D42/><U102/><E77/><V112/><F112/><W48/><G48/><T71/><D54/><U1/><E123/><V30/><F76/><W106/><G116/><N who="0" m="44619" /><D4/><U85/><E102/><V38/><F38/><W90/><G118/><T37/><D37/><U24/><E24/><V97/><F5/><W19/><G9/><T121/><D105/><U49/><E92/><N who="2" m="58407" /><F50/><W35/><G22/><T68/><D127/><U73/><E73/><V104/><F104/><W83/><G35/><T84/><D84/><U21/><E85/><V61/><F61/><W25/><G106/><T70/><D64/><U87/><E87/><V10/><F10/><W78/><G111/><T11/><D11/><N who="1" m="2543" /><E21/><V32/><F32/><W124/><G110/><T125/><D125/><U93/><E93/><AGARI ba="0,0" hai="12,18,23,29,30,52,56,60,88,93,99" m="58407" machi="93" ten="30,3900,0" yaku="8,1,54,2" doraHai="65" who="2" fromWho="1" sc="250,0,250,-39,250,39,250,0" /><INIT seed="1,0,0,3,4,103" ten="250,211,289,250" oya="1" hai0="130,125,129,106,120,12,49,112,22,43,15,33,85" hai1="7,38,74,68,60,37,118,93,91,76,24,81,64" hai2="20,56,98,18,29,86,44,71,90,57,6,40,1" hai3="110,88,131,5,31,121,84,63,97,14,13,75,100"/><U41/><E118/><V50/><F71/><W73/><G121/><T80/><D33/><U83/><E7/><V35/><F35/><W108/><G31/><T95/><D95/><U16/><E81/><V132/><F132/><W119/><G119/><T105/><D112/><U48/><E41/><V32/><F32/><W70/><G131/><N who="0" m="50187" /><D120/><U72/><E48/><V59/><F29/><W54/><G73/><T28/><D125/><U126/><E72/><V4/><F98/><W46/><G75/><T124/><D124/><U52/><E126/><V10/><F10/><W26/><G26/><N who="0" m="16471" /><D49/><U87/><REACH who="1" step="1"/><E52/><REACH who="1" ten="250,201,289,250" step="2"/><V77/><F1/><W111/><G54/><T17/><D43/><U39/><E39/><V19/><F4/><W114/><G5/><T0/><D0/><U65/><E65/><V92/><F6/><W101/><G114/><T115/><D115/><U36/><E36/><V94/><F50/><W53/><G53/><T62/><D62/><U21/><AGARI ba="0,1" hai="16,21,24,37,38,60,64,68,74,76,83,87,91,93" machi="21" ten="30,6000,0" yaku="1,1,0,1,54,1,53,0" doraHai="103" doraHaiUra="3" who="1" fromWho="1" sc="250,-20,201,70,289,-20,250,-20" /><INIT seed="1,1,0,1,0,100" ten="230,271,269,230" oya="1" hai0="87,66,13,11,119,95,27,38,134,24,130,21,82" hai1="15,37,86,135,29,48,80,72,5,67,43,121,102" hai2="0,58,51,26,46,41,59,79,109,75,108,83,32" hai3="60,49,8,101,39,40,56,91,33,22,71,2,16"/><U62/><E121/><V106/><F0/><W94/><G33/><T35/><D38/><U105/><E135/><V61/><F106/><W3/><G101/><T93/><D119/><U96/><E72/><V104/><F104/><W20/><G39/><T123/><D66/><U77/><E29/><N who="2" m="19511" /><F61/><W28/><G71/><T65/><D65/><U54/><E37/><V84/><F75/><W120/><G120/><T92/><D123/><U9/><E43/><V47/><F47/><N who="3" m="25831" /><G2/><T36/><D36/><U17/><E48/><V127/><F127/><W57/><G3/><T52/><D134/><U133/><E133/><V45/><F45/><W76/><G76/><T113/><D35/><U23/><E54/><V115/><F115/><W129/><G129/><T18/><D130/><U63/><REACH who="1" step="1"/><E67/><REACH who="1" ten="230,261,269,230" step="2"/><V81/><F51/><W69/><G28/><T107/><D113/><U19/><E19/><V74/><F41/><W103/><G69/><T114/><D114/><U131/><E131/><V126/><F126/><W132/><G132/><T128/><D128/><U116/><E116/><V34/><F46/><W89/><G57/><T99/><D18/><U1/><AGARI ba="1,1" hai="1,5,9,15,17,23,62,63,77,80,86,96,102,105" machi="1" ten="20,7800,0" yaku="1,1,0,1,7,1,52,1,53,0" doraHai="100" doraHaiUra="88" who="1" fromWho="1" sc="230,-27,261,91,269,-27,230,-27" /><INIT seed="1,2,0,4,4,131" ten="203,352,242,203" oya="1" hai0="16,27,66,88,107,91,0,62,119,2,26,106,30" hai1="5,89,129,11,32,109,29,6,28,19,65,33,118" hai2="15,17,12,104,103,72,31,82,90,85,130,81,69" hai3="42,14,67,13,51,127,100,121,43,99,40,56,92"/><U8/><E65/><V35/><F130/><W54/><G121/><T52/><D119/><U94/><E94/><V126/><F126/><W18/><G127/><T133/><D133/><U111/><E89/><N who="0" m="34377" /><D107/><U78/><E78/><V73/><F69/><W39/><G39/><T132/><D132/><U124/><E19/><V9/><F81/><W114/><G114/><T134/><D134/><U125/><E129/><V123/><F123/><W44/><REACH who="3" step="1"/><G18/><REACH who="3" ten="203,352,242,193" step="2"/><T20/><D106/><U79/><E79/><V36/><F36/><W115/><G115/><T110/><D110/><U22/><E118/><V135/><F135/><W61/><AGARI ba="2,1" hai="13,14,40,42,43,44,51,54,56,61,67,92,99,100" machi="61" ten="30,4000,0" yaku="1,1,0,1,8,1,53,0" doraHai="131" doraHaiUra="21" who="3" fromWho="3" sc="203,-12,352,-22,242,-12,193,56" /><INIT seed="2,0,0,4,4,62" ten="191,330,230,249" oya="2" hai0="56,33,5,48,118,115,34,135,102,109,85,16,25" hai1="77,99,129,19,52,73,35,133,103,15,21,104,127" hai2="10,39,6,26,117,97,58,11,28,53,66,40,88" hai3="83,20,119,44,70,91,107,90,89,121,96,124,95"/><V45/><F117/><W78/><G121/><T0/><D115/><U113/><E113/><V110/><F110/><W108/><G119/><T112/><D118/><U37/><E37/><V13/><F11/><W72/><G108/><T43/><D112/><U50/><E35/><V76/><F76/><W71/><G124/><T65/><D109/><U128/><E127/><V9/><F9/><W12/><G71/><T4/><D135/><U120/><E133/><V69/><F69/><W8/><G70/><T7/><D0/><U80/><REACH who="1" step="1"/><E120/><REACH who="1" ten="191,320,230,249" step="2"/><V94/><F28/><W18/><G107/><T86/><D34/><U49/><E49/><V41/><F39/><W46/><REACH who="3" step="1"/><G20/><REACH who="3" ten="191,320,230,239" step="2"/><N who="0" m="13447" /><D33/><U131/><E131/><V114/><F114/><W55/><G55/><N who="0" m="31847" /><D43/><U24/><E24/><V84/><F26/><W105/><G105/><T47/><D102/><AGARI ba="0,2" hai="8,12,18,44,46,72,78,83,89,90,91,95,96,102" machi="102" ten="40,1300,0" yaku="1,1,53,0" doraHai="62" doraHaiUra="111" who="3" fromWho="0" sc="191,-13,320,0,230,0,239,33" /><INIT seed="3,0,0,4,0,133" ten="178,320,230,272" oya="3" hai0="8,106,45,87,74,3,46,20,79,17,38,39,10" hai1="118,109,69,121,95,32,108,1,71,94,129,107,57" hai2="85,134,66,23,82,114,6,132,2,60,97,86,67" hai3="100,61,88,25,36,101,31,125,62,115,102,110,13"/><W127/><G115/><T52/><D74/><U78/><E32/><V50/><F114/><W135/><G36/><T98/><D106/><U119/><E107/><V30/><F97/><W43/><G43/><T40/><D98/><U49/><E1/><V124/><F124/><N who="3" m="47691" /><G135/><T21/><D3/><U16/><E16/><V81/><F2/><W73/><G110/><N who="1" m="42602" /><E78/><V63/><F132/><W59/><G73/><T28/><D28/><U34/><E34/><V99/><F30/><W128/><G128/><T19/><D79/><U56/><E56/><V83/><F134/><W80/><G13/><T47/><D87/><U27/><E27/><V9/><F86/><N who="3" m="50247" /><G59/><T103/><D46/><U92/><E129/><V44/><F44/><W126/><N who="3" m="47699" /><W37/><DORA hai="58" /><G37/><T35/><D40/><U7/><E121/><V112/><F112/><W89/><G89/><T26/><D26/><U113/><E113/><V72/><F72/><W111/><G111/><T41/><D41/><U104/><E57/><V18/><F85/><W55/><G55/><T48/><D52/><U116/><E116/><V12/><F12/><W51/><G51/><T70/><D48/><U122/><E49/><V91/><F50/><W22/><AGARI ba="0,0" hai="22,25,31,61,62,100,101,102" m="50247,47699" machi="22" ten="50,24000,3" yaku="18,1,52,6,54,1" doraHai="133,58" who="3" fromWho="3" sc="178,-80,320,-80,230,-80,272,240" owari="98,-40.2,240,4.0,150,-25.0,512,61.2" /></mjloggm>