<mjloggm ver="2.3"><GO type="225" lobby="0"/><UN n0="%E6%98%93%E5%88%A9%E8%96%A9%E4%BC%AF" n1="%E6%97%A5%E6%9B%9C%E6%97%A5%E3%82%88%E3%82%8A%E3%81%AE%E4%BD%BF%E8%80%85" n2="%E6%A1%9C%E8%8A%B1%E9%96%83%E3%80%85" n3="%E3%83%B4%E3%83%A0%EF%BC%99%E3%81%A6" dan="17,16,16,16" rate="2193.01,2150.70,2090.75,2174.64" sx="F,M,M,M"/><TAIKYOKU oya="0"/><INIT seed="0,0,0,1,1,115" ten="250,250,250,250" oya="0" hai0="71,0,25,72,44,23,67,66,83,20,127,3,81" hai1="132,27,60,103,130,107,54,79,59,74,16,35,118" hai2="61,38,7,109,77,97,47,1,133,34,119,93,106" hai3="17,53,135,42,52,14,113,68,129,39,41,124,5"/><T12/><D127/><U26/><E130/><V37/><F109/><W108/><G113/><T91/><D44/><U57/><E132/><V69/><F93/><W120/><G108/><T117/><D12/><U51/><E118/><V49/><F49/><W82/><G135/><T70/><D25/><U114/><E114/><V76/><F76/><W4/><G129/><T128/><D128/><U87/><E74/><V31/><F77/><W11/><G68/><T92/><D92/><U10/><E35/><V100/><F47/><W19/><G120/><T15/><D15/><N who="1" m="7287" /><E103/><V89/><F89/><W123/><G123/><T122/><D122/><U90/><E79/><V24/><F119/><W30/><G30/><T85/><D85/><U94/><E107/><V9/><F133/><W29/><G29/><T64/><D64/><AGARI ba="0,0" hai="26,27,51,54,57,59,60,64,87,90,94" m="7287" machi="64" ten="30,2000,0" yaku="8,1,54,1" doraHai="115" who="1" fromWho="0" sc="250,-20,250,20,250,0,250,0" /><AGARI ba="0,0" hai="1,7,9,24,31,34,37,38,61,64,69,97,100,106" machi="64" ten="40,8000,1" yaku="25,2,33,3" doraHai="115" who="2" fromWho="0" sc="230,-80,270,0,250,80,250,0" /><INIT seed="1,0,0,3,0,40" ten="150,270,330,250" oya="1" hai0="72,39,61,36,87,121,95,20,101,81,97,129,113" hai1="19,107,75,119,70,102,63,28,96,9,128,98,35" hai2="52,124,45,31,135,131,60,69,82,91,73,17,104" hai3="57,5,117,80,65,1,7,105,83,79,59,115,76"/><U78/><E119/><V90/><F124/><W114/><G117/><T38/><D113/><U67/><E128/><V43/><F131/><W77/><G65/><T37/><D129/><U41/><E98/><V48/><F135/><W120/><G77/><T22/><N who="0" m="9216" /><DORA hai="71" /><T50/><D121/><U110/><E41/><V85/><F73/><W10/><G10/><T54/><D61/><U64/><E64/><V6/><F104/><W26/><G26/><T27/><D72/><U53/><E53/><V84/><F6/><W92/><G92/><T16/><D22/><U108/><E19/><V106/><F106/><W29/><G105/><T99/><D99/><U46/><E46/><V30/><F17/><W13/><G13/><T4/><D4/><U100/><E100/><V34/><F34/><W103/><G103/><T89/><D54/><U8/><E78/><V66/><F43/><W32/><G32/><T134/><REACH who="0" step="1"/><D50/><REACH who="0" ten="140,270,330,250" step="2"/><U14/><E75/><V56/><F69/><W47/><G115/><T118/><D118/><U42/><E35/><V109/><F52/><W126/><G114/><T68/><D68/><U58/><E70/><V21/><F21/><W49/><G49/><T0/><D0/><U11/><E63/><V125/><F48/><W130/><G1/><T2/><D2/><U12/><E96/><V127/><F60/><W122/><G122/><T116/><D116/><U112/><E112/><V123/><F123/><W25/><G120/><T88/><D88/><U86/><E67/><V44/><F66/><W51/><G130/><T111/><D111/><U23/><E110/><RYUUKYOKU ba="0,1" sc="140,30,270,-10,330,-10,250,-10" hai0="16,20,27,81,87,89,95,97,101,134" /><INIT seed="2,1,1,0,1,97" ten="170,260,320,240" oya="2" hai0="44,69,115,45,90,131,52,62,24,56,98,83,68" hai1="57,126,22,31,6,135,111,16,4,55,63,34,128" hai2="99,39,80,96,29,5,17,64,32,12,103,117,1" hai3="72,77,35,37,81,104,91,50,13,112,23,49,120"/><V40/><F117/><W127/><G120/><T30/><D115/><U46/><E111/><V60/><F1/><W92/><G37/><T53/><D131/><U82/><E128/><V75/><F5/><W7/><G35/><T105/><D83/><U61/><E126/><V101/><F32/><W94/><G104/><T67/><D53/><U130/><E130/><V20/><F29/><W129/><G129/><T124/><D124/><U19/><E135/><V71/><F99/><W3/><G127/><T59/><D59/><U0/><E0/><V70/><F70/><W118/><G118/><T87/><D69/><U84/><E34/><V88/><F75/><W100/><G3/><T133/><D133/><U48/><E31/><V86/><REACH who="2" step="1"/><F96/><REACH who="2" ten="170,260,310,240" step="2"/><W102/><G7/><T14/><D98/><U18/><E4/><V27/><F27/><W123/><G123/><T15/><D15/><U89/><E6/><V106/><F106/><W65/><G13/><T10/><D105/><U51/><E22/><V9/><F9/><W74/><G23/><T78/><D24/><U43/><AGARI ba="1,2" hai="16,18,19,43,46,48,51,55,57,61,63,82,84,89" machi="43" ten="30,4000,0" yaku="0,1,8,1,54,1" doraHai="97" who="1" fromWho="1" sc="170,-11,260,63,310,-21,240,-11" /><INIT seed="3,0,0,4,2,108" ten="159,323,289,229" oya="3" hai0="80,5,0,3,93,132,129,97,7,101,62,2,46" hai1="29,10,14,56,61,55,110,47,51,92,32,74,58" hai2="59,48,134,70,26,126,38,71,52,123,54,94,53" hai3="12,72,69,81,89,22,124,17,106,34,65,133,50"/><W19/><G34/><T120/><D120/><U83/><E110/><V35/><F123/><W66/><G106/><T33/><D33/><U44/><E32/><V68/><F126/><W39/><G39/><T13/><D132/><U24/><E92/><V104/><F104/><W95/><G124/><T75/><D129/><U15/><E74/><V31/><F134/><W78/><G69/><T8/><D62/><U115/><E115/><V117/><F117/><W135/><G135/><T67/><D67/><N who="1" m="39335" /><E83/><V76/><F38/><W84/><G133/><T118/><D118/><U6/><E15/><V82/><REACH who="2" step="1"/><F94/><REACH who="2" ten="159,323,279,229" step="2"/><W40/><G95/><T23/><D46/><U87/><E87/><AGARI ba="0,1" hai="26,31,35,48,52,53,54,59,68,70,71,76,82,87" machi="87" ten="40,5200,0" yaku="1,1,2,1,54,1,53,0" doraHai="108" doraHaiUra="122" who="2" fromWho="1" sc="159,0,323,-52,279,62,229,0" owari="159,-34.1,271,7.1,341,44.1,229,-17.1" /></mjloggm>