<mjloggm ver="2.3"><GO type="225" lobby="0"/><UN n0="%E3%83%8F%E3%83%B3%E3%83%89%E3%83%A9%E3%83%BC%E3%83%BB%E3%83%AF%E3%83%B3" n1="%E3%81%90%E3%81%A1%E3%82%84%E3%81%BE" n2="%E6%B8%A1%E5%A4%A9%E8%97%8D" n3="%43%68%65" dan="17,16,16,16" rate="2145.97,2121.27,2076.54,2157.84" sx="M,M,M,M"/><TAIKYOKU oya="0"/><INIT seed="0,0,0,1,3,64" ten="250,250,250,250" oya="0" hai0="22,44,105,83,36,37,132,33,95,50,101,40,113" hai1="110,14,29,69,55,117,61,5,89,98,65,12,48" hai2="4,49,82,90,8,19,114,104,43,66,100,74,73" hai3="70,85,68,2,77,31,112,109,58,79,27,7,125"/><T134/><D33/><U88/><E117/><V91/><F114/><W56/><G112/><T86/><D105/><U96/><E110/><V122/><F122/><W93/><G109/><T28/><D113/><U45/><E29/><V26/><F66/><W106/><G106/><T103/><D28/><U72/><E72/><V131/><F131/><W32/><G125/><T38/><D22/><U119/><E119/><V99/><F19/><W35/><G35/><T116/><D116/><U46/><E46/><V67/><F67/><W11/><G79/><T21/><D21/><U108/><E108/><V63/><F63/><W80/><REACH who="3" step="1"/><G93/><REACH who="3" ten="250,250,250,240" step="2"/><T124/><D124/><U23/><E5/><V30/><F104/><W57/><AGARI ba="0,1" hai="2,7,11,27,31,32,56,57,58,68,70,77,80,85" machi="57" ten="30,8000,1" yaku="1,1,2,1,0,1,52,2,53,0" doraHai="64" doraHaiUra="111" who="3" fromWho="3" sc="250,-40,250,-20,250,-20,240,90" /><INIT seed="1,0,0,0,2,82" ten="210,230,230,330" oya="1" hai0="121,90,125,3,54,78,65,129,13,103,71,25,134" hai1="34,89,128,12,6,119,127,7,111,14,77,69,50" hai2="87,0,108,85,62,113,79,10,56,83,120,132,81" hai3="46,110,30,131,123,88,4,28,52,59,11,1,47"/><U100/><E119/><V2/><F120/><W48/><G123/><T37/><D3/><U27/><E69/><V92/><F108/><W126/><G110/><T5/><D121/><U20/><E111/><V75/><F132/><W16/><G126/><T70/><D37/><U106/><E34/><V105/><F105/><W19/><G131/><T57/><D129/><U104/><E128/><V135/><F135/><W17/><G47/><T18/><D134/><U98/><E127/><V109/><F109/><W124/><G124/><T55/><D5/><U24/><E77/><V49/><F113/><W23/><G23/><T95/><D103/><U32/><E32/><V68/><F68/><W74/><G74/><T63/><D25/><U117/><E117/><V8/><F49/><W39/><REACH who="3" step="1"/><G88/><REACH who="3" ten="210,230,230,320" step="2"/><T36/><D125/><U38/><E89/><V73/><F73/><W112/><G112/><T35/><D35/><U133/><E20/><V31/><F75/><W84/><G84/><T130/><D130/><U93/><E133/><V44/><F85/><W97/><G97/><T45/><D78/><U41/><E38/><V101/><F87/><W94/><G94/><T15/><D36/><U64/><E106/><V99/><F92/><W22/><G22/><T21/><D45/><N who="1" m="25903" /><E104/><V72/><F99/><W96/><G96/><T122/><D122/><U116/><E116/><V9/><F72/><W29/><G29/><T58/><D90/><U43/><E43/><AGARI ba="0,1" hai="1,4,11,16,17,19,28,30,39,43,46,48,52,59" machi="43" ten="40,5200,0" yaku="1,1,54,2,53,0" doraHai="82" doraHaiUra="102" who="3" fromWho="1" sc="210,0,230,-52,230,0,320,62" /><INIT seed="2,0,0,4,0,105" ten="210,178,230,382" oya="2" hai0="58,2,44,82,23,127,118,102,21,92,108,110,34" hai1="107,54,53,97,0,6,119,49,17,31,125,11,14" hai2="85,132,40,56,100,113,29,28,65,80,76,26,13" hai3="47,15,91,63,84,73,111,101,24,66,57,7,30"/><V112/><F132/><W93/><G111/><N who="0" m="42539" /><D34/><U120/><E119/><V134/><F134/><W32/><G73/><T51/><D2/><U1/><E125/><V106/><F40/><W18/><G101/><T121/><D121/><U70/><E120/><V41/><F41/><W126/><G126/><T35/><D35/><U12/><E70/><V123/><F123/><W4/><G47/><T50/><D127/><U88/><E31/><V3/><F3/><W60/><G60/><T16/><D118/><U103/><E53/><V133/><F133/><W87/><G87/><T115/><D115/><U104/><E104/><V55/><F65/><W45/><G45/><T39/><D82/><U78/><E78/><V59/><F28/><W20/><AGARI ba="0,0" hai="4,7,15,18,20,24,30,32,57,63,66,84,91,93" machi="20" ten="20,1500,0" yaku="0,1,7,1" doraHai="105" who="3" fromWho="3" sc="210,-4,178,-4,230,-7,382,15" /><INIT seed="3,0,0,2,5,2" ten="206,174,223,397" oya="3" hai0="90,11,33,79,112,134,91,116,100,81,28,89,135" hai1="52,9,77,63,83,70,24,17,126,31,61,66,118" hai2="75,40,1,98,80,110,93,10,41,131,0,29,48" hai3="119,124,71,3,46,26,97,59,45,127,49,15,99"/><W84/><G3/><T115/><D33/><U44/><E126/><V123/><F29/><W34/><G71/><T78/><D28/><U101/><E118/><V47/><F110/><W8/><G119/><T25/><D25/><U60/><E101/><V117/><F117/><W86/><G59/><T56/><D116/><U85/><E17/><V22/><F131/><W67/><G49/><T68/><D68/><U105/><E105/><V87/><F75/><W37/><G15/><T57/><D100/><U120/><E120/><V64/><F64/><W104/><G8/><T72/><D11/><U132/><E132/><N who="0" m="50729" /><D79/><U62/><E9/><V82/><F82/><W21/><G21/><T94/><D94/><U53/><REACH who="1" step="1"/><E44/><REACH who="1" ten="206,164,223,397" step="2"/><N who="2" m="25607" /><F10/><W133/><G45/><T113/><AGARI ba="0,1" hai="56,57,72,78,81,89,90,91,112,113,115" m="50729" machi="113" ten="40,2700,0" yaku="11,1,20,1" doraHai="2" who="0" fromWho="0" sc="206,37,164,-7,223,-7,397,-13" owari="243,4.3,157,-34.3,216,-18.4,384,48.4" /></mjloggm>