<mjloggm ver="2.3"><GO type="225" lobby="0"/><UN n0="%E3%83%A9%E3%83%BC%E3%83%A1%E3%83%B3%E4%BA%94%E9%83%8E" n1="%72%65%6E%6B%75%6E" n2="%E9%BB%99%E8%81%B4%E3%81%AE%E3%81%99%E3%82%9D%E3%82%81" n3="%E4%BF%BA%E3%81%A8%E5%A6%96%E5%A4%A2" dan="16,17,16,16" rate="2116.59,2216.06,2154.77,2204.59" sx="M,M,M,F"/><TAIKYOKU oya="0"/><INIT seed="0,0,0,2,2,36" ten="250,250,250,250" oya="0" hai0="123,121,41,88,61,39,28,67,7,74,60,117,93" hai1="102,19,129,80,66,125,5,2,43,91,130,23,50" hai2="38,114,89,10,133,44,105,118,103,132,33,54,3" hai3="52,45,17,107,69,124,85,29,59,95,94,8,64"/><T20/><D117/><U15/><E125/><V72/><F114/><W26/><G107/><T116/><D116/><U99/><E66/><V77/><F89/><W37/><G124/><T35/><D74/><U110/><E110/><V18/><F54/><W47/><G17/><T83/><D83/><U115/><E115/><V111/><F18/><W82/><G8/><T108/><D35/><U68/><E68/><V92/><F92/><W32/><G64/><T100/><D100/><U79/><E2/><V127/><F33/><W87/><G69/><T84/><D108/><U120/><E5/><N who="2" m="1343" /><F127/><W128/><G85/><T1/><D7/><U25/><E91/><V90/><F90/><W48/><G45/><T58/><D1/><U46/><E120/><V6/><F6/><W73/><G73/><T53/><D20/><U119/><E119/><V65/><F65/><W34/><G34/><T0/><D28/><U134/><E25/><V13/><F13/><W75/><G75/><T135/><D0/><U78/><E80/><N who="2" m="45095" /><F111/><W14/><G14/><T76/><D76/><U9/><E23/><V86/><F86/><W104/><G104/><T97/><D84/><U4/><E4/><V98/><F118/><W49/><G82/><T42/><D67/><U11/><E11/><V101/><F101/><W109/><G87/><T27/><D121/><U55/><E79/><V70/><F70/><W12/><G109/><T40/><D123/><U131/><E78/><V96/><F96/><W122/><G122/><T51/><D27/><U22/><E9/><V113/><F113/><W126/><G126/><RYUUKYOKU ba="0,0" sc="250,-10,250,-10,250,30,250,-10" hai2="38,44,98,103,105,132,133" /><INIT seed="1,1,0,1,4,98" ten="240,240,280,240" oya="1" hai0="29,64,66,28,128,134,52,27,117,132,0,127,45" hai1="9,93,105,120,42,69,23,109,103,107,89,62,125" hai2="130,47,129,43,17,119,86,76,35,106,49,121,16" hai3="3,114,97,38,113,61,32,123,10,5,91,131,135"/><U122/><E42/><V110/><F119/><W58/><G123/><T48/><D117/><U75/><E23/><V116/><F116/><W85/><G38/><T1/><D127/><U111/><E9/><V54/><F110/><N who="1" m="41993" /><E125/><V39/><F35/><W40/><G40/><T46/><D128/><N who="2" m="49258" /><F106/><N who="1" m="40457" /><E75/><V70/><F70/><W80/><G131/><T50/><D27/><U56/><E69/><V25/><F25/><W21/><G32/><T7/><D7/><U20/><E20/><V102/><F121/><W115/><G135/><T6/><D6/><U59/><E59/><N who="2" m="33231" /><F102/><W15/><G21/><T13/><D13/><U4/><E4/><V77/><F86/><W90/><G3/><T96/><D96/><N who="1" m="59791" /><E89/><V36/><F36/><W83/><G91/><T30/><D30/><U2/><E2/><V8/><F17/><W18/><G97/><T88/><D88/><U124/><E124/><V118/><F118/><W65/><G18/><T63/><D0/><U79/><E79/><V51/><F39/><W73/><G73/><T44/><D1/><U82/><E82/><V101/><F101/><W71/><G71/><T94/><D134/><U55/><AGARI ba="1,0" hai="55,56,62,120,122" m="59791,40457,41993" machi="55" ten="30,6000,0" yaku="14,1,10,1,52,1" doraHai="98" who="1" fromWho="1" sc="240,-21,240,63,280,-21,240,-21" /><INIT seed="1,2,0,1,3,20" ten="219,303,259,219" oya="1" hai0="10,25,8,88,107,34,51,41,53,27,70,108,99" hai1="96,80,114,55,125,39,19,4,133,101,61,106,66" hai2="28,18,47,44,98,86,45,38,131,76,81,92,57" hai3="59,126,110,35,30,100,118,116,50,17,119,3,14"/><U65/><E114/><V21/><F131/><W84/><G3/><T6/><D70/><U2/><E39/><V87/><F28/><W23/><G110/><T82/><D41/><U91/><E125/><V117/><F117/><W9/><G126/><T12/><D108/><U75/><E133/><V32/><F32/><W69/><G69/><T49/><D34/><U48/><E19/><V42/><F57/><W33/><G100/><T73/><D107/><U115/><E115/><V31/><F86/><W13/><G84/><N who="0" m="50199" /><D73/><U89/><E4/><V7/><F31/><W56/><G50/><N who="0" m="18955" /><D10/><U5/><E5/><V83/><F83/><W122/><G122/><T120/><D120/><U0/><E0/><V64/><F64/><W127/><G127/><T58/><D99/><U134/><E134/><V26/><REACH who="2" step="1"/><F7/><REACH who="2" ten="219,303,249,219" step="2"/><N who="3" m="3263" /><G35/><T130/><D130/><U74/><E74/><V43/><F43/><W37/><G59/><T78/><D78/><U15/><E75/><V90/><AGARI ba="2,1" hai="18,21,26,38,42,44,45,47,76,81,87,90,92,98" machi="90" ten="20,5200,0" yaku="1,1,0,1,7,1,52,1,53,0" doraHai="20" doraHaiUra="67" who="2" fromWho="2" sc="219,-15,303,-28,249,68,219,-15" /><INIT seed="2,0,0,4,1,72" ten="204,275,317,204" oya="2" hai0="64,38,120,2,66,106,17,89,15,61,40,11,98" hai1="101,103,118,126,12,28,81,102,86,95,129,134,117" hai2="94,74,14,79,62,99,36,135,77,35,109,18,29" hai3="32,71,19,10,133,37,82,49,34,52,22,25,0"/><V41/><F135/><W59/><G133/><T67/><D120/><U50/><E28/><V16/><F74/><W80/><G37/><T7/><D38/><U116/><E134/><V42/><F109/><W90/><G71/><T111/><D40/><N who="2" m="15466" /><F35/><W128/><G128/><T48/><D111/><U70/><E70/><V75/><F75/><W65/><G65/><T69/><D48/><U114/><E129/><V54/><F29/><W45/><G45/><T26/><D26/><U113/><E50/><V23/><F36/><W8/><G90/><T119/><D119/><U39/><E39/><V47/><F18/><W91/><G91/><T5/><D5/><U21/><E126/><V88/><F62/><W97/><G97/><T104/><D104/><U127/><E127/><V121/><F121/><W6/><REACH who="3" step="1"/><G10/><REACH who="3" ten="204,275,317,194" step="2"/><T24/><D89/><N who="1" m="51407" /><E116/><V78/><F47/><W57/><G57/><T27/><D69/><U105/><E117/><V31/><F31/><W73/><G73/><T122/><D122/><U44/><E118/><V3/><F3/><W46/><G46/><T43/><D98/><N who="1" m="59615" /><E44/><V130/><F130/><W107/><G107/><T55/><D43/><U63/><E105/><V76/><N who="2" m="19456" /><DORA hai="100" /><V20/><F54/><W58/><G58/><N who="0" m="35039" /><D106/><U33/><E114/><V87/><F99/><W84/><G84/><T4/><D66/><U60/><E113/><V30/><F30/><W110/><G110/><T83/><D67/><U13/><E33/><AGARI ba="0,1" hai="0,6,8,19,22,25,32,33,34,49,52,59,80,82" machi="33" ten="40,2600,0" yaku="1,1,54,1,53,0" doraHai="72,100" doraHaiUra="56,132" who="3" fromWho="1" sc="204,0,275,-26,317,0,194,36" /><INIT seed="3,0,0,0,1,76" ten="204,249,317,230" oya="3" hai0="33,13,120,131,97,109,129,63,91,56,57,99,130" hai1="36,12,60,90,75,26,117,39,71,87,18,111,27" hai2="43,84,62,22,48,110,51,34,55,125,128,29,123" hai3="8,66,15,118,64,135,45,21,69,127,77,126,35"/><W37/><G118/><T121/><D33/><U100/><E75/><V10/><F34/><W116/><G116/><T85/><D13/><U132/><E117/><V28/><F110/><W17/><G35/><T104/><D109/><U134/><E111/><V19/><F128/><N who="0" m="32770" /><T54/><DORA hai="133" /><D56/><U89/><E100/><V11/><F125/><N who="3" m="47627" /><G135/><N who="1" m="51754" /><E60/><V2/><F123/><N who="0" m="47178" /><D104/><U7/><E7/><V6/><F10/><W83/><G69/><T46/><D46/><U42/><E89/><V59/><F84/><N who="3" m="48239" /><G8/><T32/><D32/><U102/><E71/><V5/><F11/><W105/><G105/><T108/><D108/><U114/><E114/><V93/><F2/><W101/><G101/><T65/><D65/><U94/><E102/><V58/><F5/><W49/><G37/><N who="1" m="14410" /><E42/><AGARI ba="0,0" hai="15,17,21,42,45,49,64,66" m="48239,47627" machi="42" ten="30,12000,1" yaku="18,1,52,4" doraHai="76,133" who="3" fromWho="1" sc="204,0,249,-120,317,0,230,120" owari="204,-19.6,129,-37.1,317,11.7,350,45.0" /></mjloggm>