<mjloggm ver="2.3"><GO type="225" lobby="0"/><UN n0="%E3%81%AF%E3%82%88%E3%81%8A%E3%81%98%E3%81%95%E3%82%93" n1="%70%6F%69%73%6F%6E%30%32" n2="%2D%E8%B1%8A%E5%8F%A3%E3%82%81%E3%81%90%E3%81%BF%2D" n3="%E3%82%8F%E3%81%8B%E3%81%B0%2A%E3%82%AC%E3%83%BC%E3%83%AB" dan="17,16,17,16" rate="2225.67,2074.70,2208.84,2067.07" sx="M,M,F,M"/><TAIKYOKU oya="0"/><INIT seed="0,0,0,2,0,42" ten="250,250,250,250" oya="0" hai0="76,45,0,113,100,131,123,16,32,106,110,121,98" hai1="109,83,35,23,124,134,1,114,47,61,79,119,2" hai2="39,128,108,36,22,8,30,129,126,18,20,105,9" hai3="118,57,33,117,77,34,53,73,74,92,88,95,112"/><T65/><D113/><U59/><E35/><V13/><F105/><W103/><G112/><T29/><D0/><U93/><E109/><V31/><F108/><W60/><G103/><T89/><D110/><U56/><E119/><V91/><F91/><W97/><G95/><T55/><D131/><N who="2" m="50250" /><F39/><W37/><G37/><T75/><D89/><U69/><E134/><V5/><F36/><W11/><G11/><T107/><D106/><U19/><E124/><V17/><F126/><W68/><G68/><T6/><D6/><U43/><E93/><V99/><F99/><W12/><G12/><T81/><D65/><U40/><E69/><V49/><F49/><W14/><G14/><T66/><D66/><U25/><E43/><V26/><F9/><W111/><G111/><T72/><D75/><U54/><E59/><V48/><F48/><W132/><G132/><T70/><D70/><U78/><E78/><V3/><AGARI ba="0,0" hai="3,5,8,13,17,18,20,22,26,30,31" m="50250" machi="3" ten="30,4000,0" yaku="19,1,34,2" doraHai="42" who="2" fromWho="2" sc="250,-20,250,-10,250,40,250,-10" /><INIT seed="1,0,0,4,0,41" ten="230,240,290,240" oya="1" hai0="20,38,5,33,52,4,70,108,71,35,135,81,128" hai1="129,60,24,65,43,6,80,74,7,67,1,82,9" hai2="93,34,22,8,102,99,0,53,105,107,122,124,88" hai3="100,106,119,123,25,132,55,49,46,12,19,44,126"/><U62/><E129/><V118/><F34/><W68/><G123/><T78/><D38/><U45/><E74/><V36/><F36/><W96/><G126/><T111/><D128/><U101/><E101/><V84/><F122/><W127/><G127/><T17/><D81/><U59/><E24/><V40/><F40/><W64/><G132/><T48/><D78/><U130/><E130/><V61/><F118/><W21/><G119/><T121/><D135/><U27/><E27/><V15/><F0/><W125/><G125/><T30/><D121/><U98/><E98/><V18/><F124/><W58/><REACH who="3" step="1"/><G25/><REACH who="3" ten="230,240,290,230" step="2"/><N who="0" m="14479" /><D33/><U114/><E114/><V133/><F133/><W32/><G32/><T134/><D35/><U66/><E7/><N who="0" m="2633" /><D30/><U115/><E115/><V83/><F22/><W104/><G104/><T29/><D29/><U95/><E95/><V120/><F120/><W72/><G72/><T13/><D134/><U117/><E117/><V10/><F10/><W50/><G50/><T42/><D13/><U11/><E11/><V16/><F18/><W116/><G116/><T89/><D48/><N who="1" m="26687" /><E62/><AGARI ba="0,1" hai="12,19,21,44,46,49,55,58,62,64,68,96,100,106" machi="62" ten="40,5200,0" yaku="1,1,52,2,53,0" doraHai="41" doraHaiUra="39" who="3" fromWho="1" sc="230,0,240,-52,290,0,230,62" /><INIT seed="2,0,0,2,5,119" ten="230,188,290,292" oya="2" hai0="30,18,88,106,83,23,86,65,125,12,81,118,111" hai1="22,107,7,50,58,54,39,42,92,85,78,59,35" hai2="41,57,60,64,11,0,32,46,117,74,36,98,20" hai3="72,61,13,87,16,82,104,100,73,69,96,45,110"/><V93/><F32/><W27/><G110/><T31/><D106/><U43/><E107/><V75/><F117/><W37/><G27/><T24/><D118/><U77/><E35/><V53/><F0/><W76/><G37/><T115/><D115/><U67/><E7/><V5/><F11/><W48/><G61/><T90/><D111/><U14/><E39/><V95/><F5/><W33/><G69/><T108/><D108/><U99/><E43/><V128/><F128/><W102/><G102/><T122/><D122/><U91/><E42/><V94/><F98/><W131/><G33/><T120/><D120/><U68/><E68/><V116/><F116/><W127/><G127/><T21/><D125/><U6/><E99/><V134/><F134/><W25/><G25/><T62/><D31/><U29/><E29/><V124/><F124/><W109/><G131/><T47/><D47/><U105/><E105/><V79/><F79/><W44/><G44/><T38/><D38/><U19/><E6/><V51/><REACH who="2" step="1"/><F20/><REACH who="2" ten="230,188,280,292" step="2"/><W56/><G109/><T121/><D121/><U126/><E126/><V71/><AGARI ba="0,1" hai="36,41,46,51,53,57,60,64,71,74,75,93,94,95" machi="71" ten="30,12000,1" yaku="1,1,2,1,0,1,24,2,53,0" doraHai="119" doraHaiUra="133" who="2" fromWho="2" sc="230,-40,188,-40,280,130,292,-40" /><INIT seed="2,1,0,5,0,129" ten="190,148,410,252" oya="2" hai0="22,114,96,125,8,14,38,19,71,23,124,40,127" hai1="37,56,81,89,100,58,99,112,88,72,30,26,128" hai2="80,18,76,35,82,75,10,105,27,34,91,32,102" hai3="13,42,87,117,108,64,57,134,119,107,68,86,132"/><V115/><F115/><W113/><G113/><T47/><D71/><U20/><E112/><V98/><F10/><W28/><G107/><T0/><D114/><U92/><E37/><V59/><F59/><W7/><G108/><T109/><D109/><U25/><E128/><V120/><F120/><W116/><G68/><T90/><D0/><U41/><E41/><V45/><F45/><W53/><G28/><T118/><D118/><U17/><E72/><V33/><F18/><W61/><G42/><T67/><D67/><U122/><E122/><V74/><F91/><W55/><G13/><T11/><D22/><U95/><E81/><V133/><F133/><N who="3" m="51307" /><G7/><T77/><D77/><U93/><E93/><AGARI ba="1,0" hai="8,11,14,19,23,38,40,47,90,93,96,124,125,127" machi="93" ten="40,1300,0" yaku="18,1" doraHai="129" who="0" fromWho="1" sc="190,16,148,-16,410,0,252,0" /><INIT seed="3,0,0,5,4,113" ten="206,132,410,252" oya="3" hai0="91,51,59,132,4,131,57,99,33,93,39,54,111" hai1="126,66,72,85,32,28,36,81,25,64,43,133,1" hai2="12,45,130,108,23,0,120,50,29,105,86,2,21" hai3="18,112,38,121,106,19,9,94,125,124,31,69,109"/><W76/><G112/><T55/><D39/><U135/><E72/><V134/><F105/><W17/><G121/><T49/><D33/><U52/><E126/><N who="3" m="48746" /><G106/><T84/><D111/><U42/><E1/><V89/><F2/><W123/><G69/><T110/><D110/><U122/><E122/><V10/><F0/><W80/><G38/><T5/><D131/><U68/><E68/><V26/><F130/><W16/><G109/><T7/><D132/><U88/><E66/><V102/><F134/><W40/><G40/><T6/><D6/><U37/><E64/><V20/><F120/><W63/><G31/><T67/><D67/><U118/><E118/><V48/><F102/><W34/><G34/><T101/><D4/><U30/><E30/><V13/><F13/><N who="3" m="7215" /><G123/><T92/><AGARI ba="0,0" hai="5,7,49,51,54,55,57,59,84,91,92,93,99,101" machi="92" ten="20,5200,0" yaku="0,1,7,1,9,1,8,1" doraHai="113" who="0" fromWho="0" sc="206,52,132,-13,410,-13,252,-26" owari="258,5.8,119,-38.1,397,49.7,226,-17.4" /></mjloggm>