<mjloggm ver="2.3"><GO type="225" lobby="0"/><UN n0="%E6%80%AA%E3%81%97%E3%81%99%E3%81%8E%E3%82%8B%E3%83%81%E3%83%BC" n1="%E3%83%B4%E3%83%A0%EF%BC%99%E3%81%A6" n2="%E3%81%82%E3%82%93%E3%81%AA%E3%81%A4" n3="%E3%81%8A%E3%81%AB%E3%82%83%E3%81%8A%E3%81%A1%E3%82%83" dan="16,17,17,16" rate="2061.35,2157.34,2186.63,2090.56" sx="M,M,M,M"/><TAIKYOKU oya="0"/><INIT seed="0,0,0,3,4,11" ten="250,250,250,250" oya="0" hai0="97,71,113,27,31,109,22,99,54,114,102,34,12" hai1="1,53,32,111,128,4,94,30,66,28,120,108,78" hai2="82,35,92,105,75,44,21,130,17,124,90,127,121" hai3="93,52,10,79,129,18,0,51,74,43,112,70,2"/><T119/><D119/><U58/><E120/><V57/><F121/><W37/><G112/><T40/><D71/><U89/><E128/><V123/><F123/><W126/><G129/><T117/><D117/><U116/><E116/><V69/><F69/><W45/><G126/><N who="2" m="48169" /><F35/><W125/><G125/><T25/><D109/><N who="1" m="42059" /><E66/><V110/><F105/><W96/><G70/><T100/><D40/><U15/><E1/><V59/><F44/><W49/><G79/><T118/><D118/><U9/><E78/><N who="2" m="44383" /><F130/><W3/><G74/><T26/><D54/><U98/><E32/><V131/><F131/><W88/><REACH who="3" step="1"/><G52/><REACH who="3" ten="250,250,250,240" step="2"/><T77/><D113/><U67/><E67/><V76/><F76/><W13/><AGARI ba="0,1" hai="0,2,3,10,13,18,37,43,45,49,51,88,93,96" machi="13" ten="40,12000,2" yaku="1,1,2,1,0,1,52,1,54,1,53,1" doraHai="11" doraHaiUra="91" who="3" fromWho="3" sc="250,-60,250,-30,250,-30,240,130" /><INIT seed="1,0,0,5,5,36" ten="190,220,220,370" oya="1" hai0="90,4,26,125,98,35,67,73,107,8,57,49,104" hai1="120,33,72,66,3,75,83,64,47,71,128,20,95" hai2="108,11,39,86,14,54,21,105,127,93,76,117,24" hai3="41,78,85,80,18,56,113,1,79,16,13,51,12"/><U119/><E119/><V92/><F117/><W109/><G1/><T88/><D125/><U89/><E120/><V30/><F105/><W131/><G109/><T124/><D124/><U94/><E33/><V84/><F39/><W53/><G131/><T6/><D73/><U34/><E34/><V82/><F127/><W43/><G113/><T97/><D35/><U110/><E3/><V44/><F108/><W126/><G78/><T37/><D37/><U46/><E110/><V25/><F25/><W121/><G126/><T2/><D26/><U52/><E71/><V106/><F106/><W7/><G7/><T63/><D6/><U23/><E83/><V58/><F44/><W100/><G100/><T40/><D98/><U62/><E62/><V74/><F86/><W122/><G121/><T114/><D114/><U132/><E132/><V103/><F103/><W101/><G101/><T38/><D38/><U27/><E27/><V19/><REACH who="2" step="1"/><F74/><REACH who="2" ten="190,220,210,370" step="2"/><W55/><G85/><T61/><D104/><U10/><E75/><V111/><F111/><W70/><G122/><T42/><D107/><U0/><E47/><V48/><AGARI ba="0,1" hai="11,14,19,21,24,30,48,54,58,76,82,84,92,93" machi="48" ten="20,5200,0" yaku="1,1,0,1,7,1,8,1,53,0" doraHai="36" doraHaiUra="29" who="2" fromWho="2" sc="190,-13,220,-26,210,62,370,-13" /><INIT seed="2,0,0,4,1,7" ten="177,194,272,357" oya="2" hai0="95,13,111,127,73,112,61,123,6,131,60,14,129" hai1="54,53,17,68,63,15,34,57,56,27,66,35,48" hai2="99,96,71,94,23,52,116,117,86,75,43,128,31" hai3="118,91,93,9,85,124,121,92,90,80,109,65,42"/><V30/><F71/><W88/><G121/><T36/><D123/><U83/><E27/><V29/><F75/><W110/><G118/><T126/><D112/><U62/><REACH who="1" step="1"/><E83/><REACH who="1" ten="177,184,272,357" step="2"/><V72/><F117/><W19/><G110/><T115/><D115/><U119/><E119/><V74/><F116/><W12/><G109/><T11/><D111/><U97/><E97/><V22/><F96/><W59/><G124/><N who="0" m="47659" /><D73/><U21/><AGARI ba="0,1" hai="15,17,21,34,35,48,53,54,56,57,62,63,66,68" machi="21" ten="20,2700,0" yaku="1,1,0,1,7,1,53,0" doraHai="7" doraHaiUra="133" who="1" fromWho="1" sc="177,-7,184,37,272,-13,357,-7" /><INIT seed="3,0,0,5,0,91" ten="170,221,259,350" oya="3" hai0="24,13,44,48,55,9,87,39,131,75,2,77,47" hai1="57,63,3,95,118,86,33,115,53,58,130,106,4" hai2="84,27,85,97,36,98,34,28,59,104,129,35,62" hai3="14,0,133,132,8,38,96,108,5,66,45,6,31"/><W124/><G66/><T1/><D131/><U29/><E106/><V101/><F36/><W103/><G124/><T69/><D69/><U11/><E115/><V110/><F110/><W30/><G108/><T89/><D77/><U119/><E130/><V40/><F40/><N who="3" m="22679" /><G14/><T7/><D75/><U18/><E18/><V26/><F129/><W43/><G43/><T19/><D44/><U112/><E112/><V83/><F98/><W102/><G102/><T72/><D72/><U41/><E41/><V70/><F83/><W122/><G6/><T113/><D39/><U12/><E12/><V128/><F128/><W88/><G88/><T15/><D24/><U99/><E86/><V109/><F109/><W73/><G73/><T114/><D113/><U82/><E82/><V94/><F70/><W71/><G71/><T67/><D67/><U76/><E76/><V120/><F104/><N who="3" m="63591" /><G122/><T121/><D121/><U20/><E57/><V127/><F127/><W100/><G100/><T90/><D114/><U61/><E33/><V126/><F126/><W105/><G105/><T78/><D78/><U79/><E79/><V134/><F120/><W92/><G30/><T21/><REACH who="0" step="1"/><D89/><REACH who="0" ten="160,221,259,350" step="2"/><N who="1" m="55791" /><E119/><V56/><F26/><W107/><G133/><T25/><D25/><U60/><E118/><V46/><F27/><W42/><G132/><T52/><D52/><U117/><E117/><V10/><F134/><W74/><G42/><T68/><D68/><U16/><E29/><V23/><F28/><W111/><G31/><T65/><D65/><U80/><E53/><V81/><F35/><W22/><G111/><RYUUKYOKU ba="0,1" sc="160,30,221,-10,259,-10,350,-10" hai0="1,2,7,9,13,15,19,21,47,48,55,87,90" owari="190,-31.0,211,-18.9,249,4.9,350,45.0" /></mjloggm>