<mjloggm ver="2.3"><GO type="225" lobby="0"/><UN n0="%E3%82%B2%E3%82%B9%E8%8C%82%E5%8B%9D" n1="%E3%81%99%E3%81%84%E3%81%BE%E3%81%9B%E3%83%BC%E3%82%93" n2="%E3%81%95%E3%81%8D%E3%81%9F%E3%81%BE%E6%9E%97%E6%AA%8E" n3="%E3%81%BF%E3%81%BF%E3%81%9A" dan="16,18,16,17" rate="2109.94,2232.03,2115.37,2255.02" sx="F,M,M,M"/><TAIKYOKU oya="0"/><INIT seed="0,0,0,0,4,67" ten="250,250,250,250" oya="0" hai0="123,32,90,129,134,42,108,19,17,110,125,29,6" hai1="0,31,81,68,14,103,12,107,58,83,116,113,101" hai2="45,37,40,104,87,85,55,114,66,96,13,122,98" hai3="43,59,16,88,91,86,70,109,121,8,131,115,100"/><T130/><D42/><U95/><E0/><V73/><F114/><W128/><G115/><T25/><D90/><U9/><E113/><V93/><F122/><W65/><G100/><T57/><D57/><U28/><E58/><V36/><F73/><W21/><G121/><T2/><D123/><U94/><E9/><V80/><F104/><W69/><G8/><N who="0" m="2135" /><D125/><U102/><E102/><V44/><F66/><W54/><G109/><N who="0" m="42091" /><D134/><U48/><E48/><V124/><F124/><W71/><G65/><T5/><D5/><U60/><E60/><V92/><F55/><W4/><G4/><T97/><D97/><U120/><E120/><V61/><F61/><W63/><G43/><T50/><D50/><U53/><E53/><V47/><F47/><W72/><G72/><T26/><D26/><U23/><E103/><V20/><F40/><W77/><G77/><T49/><D49/><U111/><E101/><V38/><F38/><W118/><G118/><T112/><D112/><U84/><E116/><V106/><F45/><W119/><G119/><T133/><D133/><U135/><E135/><V34/><F44/><W41/><G41/><T46/><D46/><U79/><E111/><V10/><F37/><W11/><G11/><T127/><D127/><U39/><E39/><V15/><F10/><W78/><G78/><T1/><D1/><U64/><E79/><V76/><F76/><W52/><G54/><T33/><D32/><U82/><E107/><V24/><F106/><W89/><G86/><T30/><D30/><U132/><E132/><V75/><F36/><W18/><G18/><AGARI ba="0,0" hai="17,18,19,25,29,33,129,130" m="42091,2135" machi="18" ten="30,12000,1" yaku="6,1,14,1,10,1,34,2" doraHai="67" who="0" fromWho="3" sc="250,120,250,0,250,0,250,-120" /><INIT seed="0,1,0,3,0,27" ten="370,250,250,130" oya="0" hai0="101,118,44,109,38,22,100,63,34,54,11,104,43" hai1="90,123,36,83,99,33,91,115,18,131,89,30,58" hai2="10,72,81,92,73,51,14,41,25,78,40,49,7" hai3="84,105,111,76,35,17,128,97,110,67,114,45,122"/><T132/><D118/><U80/><E123/><V24/><F73/><W94/><G114/><T129/><D132/><U26/><E115/><V56/><F92/><W112/><G112/><T39/><D129/><U108/><E108/><N who="3" m="41514" /><G128/><T130/><D130/><U85/><E131/><V61/><F41/><W79/><G122/><T6/><D38/><U77/><E36/><V106/><F106/><W127/><G67/><T87/><D34/><U8/><E58/><V5/><F5/><W59/><G59/><T1/><D109/><U126/><E126/><V88/><F49/><W66/><G66/><T46/><D104/><U133/><E133/><V64/><F40/><W42/><G127/><T31/><D87/><U55/><E55/><V37/><F37/><N who="3" m="21711" /><G35/><T52/><D54/><U50/><E50/><V20/><F51/><W32/><G32/><T2/><D2/><U119/><E119/><V93/><REACH who="2" step="1"/><F20/><REACH who="2" ten="370,250,240,130" step="2"/><W121/><G121/><T13/><D46/><U75/><E33/><V28/><F28/><W107/><G17/><T116/><D116/><U53/><E30/><V86/><AGARI ba="1,1" hai="7,10,14,24,25,56,61,64,72,78,81,86,88,93" machi="86" ten="20,8000,1" yaku="1,1,0,1,7,1,54,1,53,1" doraHai="27" doraHaiUra="3" who="2" fromWho="2" sc="370,-41,250,-21,240,93,130,-21" /><INIT seed="1,0,0,1,2,83" ten="329,229,333,109" oya="1" hai0="32,11,51,36,7,106,72,79,130,97,113,108,101" hai1="119,89,53,61,10,129,20,71,102,78,122,94,50" hai2="48,123,90,74,26,112,68,125,84,64,39,3,96" hai3="115,38,93,109,95,85,25,34,118,41,46,70,56"/><U92/><E119/><V60/><F123/><W4/><G115/><T86/><D113/><U127/><E122/><V76/><F39/><W128/><G70/><T54/><D108/><U18/><E129/><V52/><F3/><W67/><G109/><T12/><D130/><U104/><E127/><V15/><F125/><W103/><G128/><T24/><D36/><U134/><E134/><V2/><F2/><W111/><G111/><T75/><D24/><U42/><E78/><V0/><F0/><W98/><G118/><T58/><D32/><U33/><E33/><V45/><F74/><W87/><G4/><T17/><D7/><U69/><E10/><V1/><F1/><W80/><G80/><T27/><D27/><U133/><E133/><V30/><F15/><W117/><G117/><T37/><D37/><U35/><E35/><V107/><F76/><W65/><G95/><T44/><D44/><N who="1" m="25879" /><E104/><V66/><F66/><W14/><G14/><T29/><D29/><U132/><E132/><V110/><F110/><W99/><G99/><T88/><D79/><U100/><E71/><V121/><F121/><W120/><G120/><T81/><AGARI ba="0,0" hai="11,12,17,51,54,58,72,75,81,86,88,97,101,106" machi="81" ten="20,5200,0" yaku="0,1,7,1,52,1,54,1" doraHai="83" who="0" fromWho="0" sc="329,52,229,-26,333,-13,109,-13" /><INIT seed="2,0,0,2,4,43" ten="381,203,320,96" oya="2" hai0="103,118,33,111,65,109,5,84,88,73,11,128,66" hai1="71,36,98,69,3,21,19,94,134,16,45,44,117" hai2="67,6,58,74,22,130,129,81,41,28,52,62,132" hai3="50,99,97,91,23,9,40,133,75,59,30,106,54"/><V124/><F124/><W107/><G75/><T79/><D128/><N who="2" m="49258" /><F132/><W72/><G72/><T89/><D33/><U48/><E117/><V115/><F115/><W131/><G133/><T0/><D103/><U80/><E134/><V13/><F41/><W120/><G120/><T113/><D113/><U49/><E36/><V55/><F28/><W126/><G131/><T83/><D118/><U32/><E32/><V68/><F68/><W93/><G126/><T34/><D34/><U77/><E3/><V25/><F13/><W2/><G2/><T15/><D0/><U76/><E80/><V64/><F64/><W105/><G9/><T82/><REACH who="0" step="1"/><D89/><REACH who="0" ten="371,203,320,96" step="2"/><N who="1" m="55631" /><E71/><V116/><F116/><W56/><G40/><T101/><D101/><U104/><E69/><V14/><F14/><W100/><G106/><T123/><D123/><U95/><E104/><V110/><F110/><AGARI ba="0,1" hai="5,11,15,65,66,73,79,82,83,84,88,109,110,111" machi="110" ten="40,5200,0" yaku="1,1,14,1,54,1,53,0" doraHai="43" doraHaiUra="37" who="0" fromWho="2" sc="371,62,203,0,320,-52,96,0" /><INIT seed="3,0,0,2,3,36" ten="433,203,268,96" oya="3" hai0="12,83,135,72,28,50,102,75,113,49,5,123,51" hai1="57,94,1,125,54,128,106,53,77,89,131,55,22" hai2="25,43,16,73,2,52,134,84,56,74,18,40,45" hai3="10,15,79,38,66,105,62,21,121,107,117,93,114"/><W67/><G114/><T76/><D135/><U60/><E106/><V116/><F2/><W14/><G117/><T33/><D113/><U41/><E1/><V46/><F116/><W97/><G121/><T110/><D123/><U61/><E125/><V42/><F134/><W130/><G130/><N who="1" m="49706" /><E77/><V63/><F74/><W108/><G108/><T30/><D110/><U32/><E32/><V96/><F73/><W44/><G79/><T78/><D33/><U59/><E41/><V99/><F84/><W69/><G67/><T39/><D39/><U127/><E22/><N who="2" m="13511" /><F18/><W100/><G21/><T85/><D102/><U71/><E71/><V68/><F68/><W92/><G107/><T23/><D23/><U112/><E127/><V118/><F118/><W104/><G105/><T86/><D72/><U26/><E26/><V109/><F109/><W80/><G80/><N who="0" m="47239" /><D75/><U65/><E112/><V4/><F4/><W3/><G3/><T47/><D47/><AGARI ba="0,0" hai="40,42,43,45,46,47,52,56,63,96,99" m="13511" machi="47" ten="30,12000,2" yaku="8,1,52,3,54,2" doraHai="36" who="2" fromWho="0" sc="433,-120,203,0,268,120,96,0" owari="313,11.3,203,-19.7,388,48.8,96,-40.4" /></mjloggm>