<mjloggm ver="2.3"><GO type="225" lobby="0"/><UN n0="%E5%A4%8F%E9%88%B4%E9%88%B4%E5%A4%8F" n1="%E6%A1%9C%E8%8A%B1%E9%96%83%E3%80%85" n2="%E5%91%A8%E6%9D%B1" n3="%E6%B8%A9%E2%98%85%E6%83%85%E2%98%85%E6%8E%AA%E2%98%85%E7%BD%AE" dan="16,16,17,17" rate="2131.02,2099.51,2219.08,2235.55" sx="F,M,M,M"/><TAIKYOKU oya="0"/><INIT seed="0,0,0,4,3,128" ten="250,250,250,250" oya="0" hai0="78,122,76,4,47,45,108,130,95,120,109,5,99" hai1="89,42,92,17,55,54,64,79,32,97,100,41,103" hai2="31,36,83,68,27,96,129,62,2,110,38,37,121" hai3="20,81,1,91,40,28,101,123,132,66,115,90,111"/><T86/><D130/><U117/><E117/><V39/><F129/><W34/><G34/><T116/><D116/><U134/><E32/><V21/><F121/><N who="0" m="46698" /><D47/><U9/><E64/><V23/><F2/><W14/><G123/><T15/><D45/><U75/><E75/><V118/><F118/><W60/><G40/><T88/><D15/><N who="1" m="7407" /><E79/><N who="0" m="30249" /><D4/><U18/><E18/><V126/><F39/><W94/><G14/><T112/><D5/><U127/><E55/><V102/><F83/><W124/><G66/><T10/><D10/><U74/><E54/><V29/><F68/><W58/><G58/><T73/><D73/><U125/><E74/><V12/><F62/><W98/><G60/><T131/><D131/><U114/><E41/><V22/><F12/><W59/><G59/><T93/><D112/><U26/><E26/><V106/><F126/><W113/><G124/><T107/><D107/><U105/><E105/><V0/><F0/><W16/><G1/><T87/><D95/><U24/><E24/><V61/><F61/><W53/><G94/><T82/><D82/><U25/><E25/><N who="2" m="16559" /><F23/><W77/><G20/><T43/><D43/><U11/><E42/><V19/><F19/><W104/><G16/><T50/><D50/><U8/><E114/><V119/><F119/><W52/><G113/><T6/><D6/><U80/><E80/><V48/><F48/><W84/><G115/><T135/><D135/><U44/><E134/><V51/><F51/><W56/><G132/><T3/><D3/><U63/><E63/><V65/><F65/><W33/><G81/><T57/><D57/><RYUUKYOKU ba="0,0" sc="250,15,250,-15,250,15,250,-15" hai0="86,87,88,93,99,108,109" hai2="22,27,31,36,37,38,96,102,106,110" /><INIT seed="0,1,0,3,1,54" ten="265,235,265,235" oya="0" hai0="135,81,1,47,36,100,26,41,18,125,85,87,10" hai1="117,55,69,9,7,112,111,8,46,6,103,53,73" hai2="24,96,104,62,42,133,40,71,25,90,39,91,4" hai3="48,22,109,92,5,115,89,52,51,21,20,116,15"/><T98/><D125/><U3/><E117/><V2/><F133/><W30/><G116/><T49/><D135/><U60/><E111/><V19/><F2/><W126/><G115/><T77/><D26/><U33/><E33/><V86/><F4/><W65/><G109/><T61/><D61/><U56/><E112/><V130/><F130/><W17/><G126/><T11/><D18/><U64/><E73/><V50/><F39/><W44/><G65/><T127/><D127/><U128/><E128/><V28/><F19/><W75/><G75/><T119/><D119/><U32/><E32/><V14/><F14/><W106/><G106/><T94/><D1/><U78/><E78/><V70/><F50/><W67/><G67/><T63/><D63/><U16/><E103/><V37/><F37/><W88/><G5/><T107/><REACH who="0" step="1"/><D36/><REACH who="0" ten="255,235,265,235" step="2"/><U76/><E16/><V84/><F62/><W57/><G30/><T38/><D38/><U97/><E60/><V134/><F28/><W121/><G17/><T45/><D45/><U58/><E46/><V93/><F134/><W74/><G15/><T83/><D83/><U129/><E129/><V12/><F12/><W66/><G44/><T108/><D108/><U34/><E3/><V120/><F25/><W131/><G131/><T110/><D110/><U29/><E29/><V79/><F24/><W80/><G80/><T132/><D132/><U118/><E118/><V82/><F82/><W105/><G51/><T95/><D95/><U35/><E64/><V27/><F27/><W101/><G66/><T102/><D102/><U113/><E113/><RYUUKYOKU ba="1,1" sc="255,30,235,-10,265,-10,235,-10" hai0="10,11,41,47,49,77,81,85,87,94,98,100,107" /><INIT seed="0,2,1,2,2,16" ten="285,225,255,225" oya="0" hai0="42,37,20,110,124,88,118,17,43,69,116,26,94" hai1="121,133,55,48,73,80,33,51,75,35,7,134,66" hai2="9,100,72,52,77,24,62,79,113,61,5,70,31" hai3="125,10,99,130,128,129,60,76,34,3,63,27,78"/><T123/><D123/><U108/><E121/><V103/><F113/><W101/><G125/><T49/><D124/><U135/><E108/><V54/><F70/><W90/><G90/><T41/><D69/><U14/><E66/><V30/><F72/><N who="1" m="27721" /><E80/><V96/><F9/><W112/><G112/><T18/><D37/><U68/><E68/><V82/><F82/><W83/><G10/><T44/><D110/><U98/><E98/><V126/><F126/><W106/><G3/><T4/><D17/><U104/><E104/><V74/><F74/><N who="3" m="43415" /><G78/><T1/><D4/><U46/><E7/><V58/><F5/><W50/><G50/><T39/><D39/><U57/><E14/><V127/><F127/><W67/><G67/><T15/><D15/><U65/><E65/><V12/><F12/><W40/><G40/><AGARI ba="2,1" hai="33,35,40,46,48,51,55,57,133,134,135" m="27721" machi="40" ten="40,1300,0" yaku="20,1" doraHai="16" who="1" fromWho="3" sc="285,0,225,29,255,0,225,-19" /><INIT seed="1,0,0,0,0,64" ten="285,254,255,206" oya="1" hai0="121,116,118,28,46,133,110,95,58,21,68,41,7" hai1="4,33,17,51,75,60,77,49,31,25,117,109,55" hai2="87,10,15,70,83,78,86,30,61,29,96,111,36" hai3="105,38,81,19,122,65,32,18,5,3,114,131,1"/><U35/><E117/><V57/><F111/><W108/><G105/><T88/><D110/><U106/><E109/><V94/><F70/><W73/><G108/><T53/><D68/><U119/><E119/><V20/><F87/><W101/><G38/><T52/><D7/><U74/><E106/><V125/><F20/><W92/><G65/><T24/><D133/><U12/><E35/><V34/><F36/><W104/><G92/><T98/><D121/><U22/><E77/><V99/><F125/><W69/><G69/><T126/><D126/><U128/><E128/><V8/><F8/><N who="3" m="2095" /><G81/><T43/><D53/><U59/><REACH who="1" step="1"/><E4/><REACH who="1" ten="285,244,255,206" step="2"/><V107/><F107/><W91/><G32/><T63/><REACH who="0" step="1"/><D41/><REACH who="0" ten="275,244,255,206" step="2"/><U102/><E102/><V97/><F34/><W89/><G101/><T42/><D42/><U82/><E82/><V130/><F130/><W100/><G100/><T124/><D124/><U135/><E135/><V71/><F94/><W16/><G131/><T134/><D134/><U123/><E123/><V14/><F83/><W44/><G122/><T120/><D120/><U93/><E93/><V6/><F6/><W85/><G104/><T103/><D103/><U80/><E80/><V76/><F76/><W2/><G91/><T54/><D54/><U48/><AGARI ba="0,2" hai="12,17,22,25,31,33,48,49,51,55,59,60,74,75" machi="48" ten="30,3000,0" yaku="1,1,0,1,53,0" doraHai="64" doraHaiUra="0" who="1" fromWho="1" sc="275,-10,244,50,255,-10,206,-10" /><INIT seed="1,1,0,4,4,0" ten="265,294,245,196" oya="1" hai0="6,126,133,21,97,84,42,41,124,39,79,108,60" hai1="65,9,47,17,102,35,75,110,78,49,57,52,8" hai2="76,135,36,98,134,11,62,10,95,61,19,114,3" hai3="128,119,56,31,4,93,127,87,92,132,101,100,30"/><U86/><E75/><V12/><F36/><W109/><G109/><T113/><D108/><U38/><E110/><V18/><F76/><W7/><G132/><N who="2" m="50729" /><F114/><W82/><G128/><T69/><D133/><U122/><E122/><V104/><F104/><W121/><G121/><T58/><D113/><U74/><E74/><V26/><F26/><W24/><G127/><T2/><D69/><U91/><E35/><V90/><F19/><W77/><G119/><T111/><D21/><U80/><E102/><N who="3" m="39530" /><G56/><T44/><D111/><U15/><E78/><V48/><F48/><W25/><G25/><T51/><D39/><U99/><E99/><V117/><F117/><W115/><G115/><T23/><D126/><U85/><E85/><V81/><F81/><W129/><G129/><T59/><D84/><U120/><E120/><V68/><F68/><W16/><G16/><T123/><D124/><U28/><E28/><N who="3" m="10794" /><G24/><T54/><D123/><U43/><REACH who="1" step="1"/><E65/><REACH who="1" ten="265,284,245,196" step="2"/><V89/><F89/><W53/><G53/><T1/><D54/><U103/><E103/><V5/><AGARI ba="1,1" hai="3,5,10,11,12,18,61,62,90,95,98" m="50729" machi="5" ten="30,2000,0" yaku="20,1,52,1" doraHai="0" who="2" fromWho="2" sc="265,-6,284,-11,245,33,196,-6" /><INIT seed="2,0,0,0,2,5" ten="259,273,278,190" oya="2" hai0="89,101,121,47,113,58,13,14,16,94,43,118,45" hai1="109,25,127,77,91,84,32,123,132,57,8,62,40" hai2="78,92,54,100,63,9,83,112,125,67,122,26,28" hai3="33,2,85,30,128,35,22,124,21,133,75,65,72"/><V39/><F39/><W116/><G116/><T20/><D113/><U66/><E109/><V34/><F112/><W7/><G65/><T115/><D121/><U74/><E123/><V17/><F122/><W15/><G85/><T52/><D115/><U114/><E114/><V102/><F125/><W49/><G49/><N who="0" m="30991" /><D101/><U41/><E127/><V82/><F54/><W48/><G124/><T61/><D43/><U103/><E132/><V88/><F17/><N who="3" m="10431" /><G72/><T98/><D118/><U97/><E77/><V11/><F100/><W50/><G75/><T12/><D61/><U131/><E131/><V105/><F102/><W81/><G50/><T90/><D90/><U107/><E74/><V93/><F93/><W56/><G48/><T53/><D53/><U23/><E32/><N who="3" m="12362" /><G56/><T19/><D12/><U117/><E117/><V3/><F3/><W87/><G133/><T59/><D59/><U55/><E55/><V120/><F105/><W69/><G69/><T76/><D76/><U119/><E119/><V10/><F78/><W129/><G81/><T18/><D18/><N who="1" m="12535" /><E41/><V73/><F73/><W130/><G87/><T80/><D80/><N who="1" m="49543" /><E40/><V38/><F38/><W99/><G99/><T36/><D36/><U44/><E44/><V70/><REACH who="2" step="1"/><F120/><REACH who="2" ten="259,273,268,190" step="2"/><W126/><G126/><T86/><D98/><AGARI ba="0,1" hai="9,10,11,26,28,34,63,67,70,82,83,88,92,98" machi="98" ten="40,18000,2" yaku="1,1,2,1,52,3,54,1,53,0" doraHai="5" doraHaiUra="104" who="2" fromWho="0" sc="259,-180,273,0,268,190,190,0" /><INIT seed="2,1,0,2,0,6" ten="79,273,458,190" oya="2" hai0="15,80,81,95,82,104,116,7,133,102,76,125,46" hai1="88,96,4,79,57,48,107,39,124,24,60,94,37" hai2="73,19,36,122,105,45,14,62,10,67,119,29,113" hai3="3,77,65,106,52,128,49,40,20,1,87,110,121"/><V16/><F119/><W93/><G121/><T72/><D116/><U26/><E124/><V120/><F113/><W99/><G106/><T32/><D125/><U114/><E114/><V30/><F73/><W59/><G110/><T84/><D133/><U51/><E107/><V54/><F105/><W28/><G128/><T68/><D68/><U61/><E39/><V135/><F135/><W69/><G40/><T112/><D32/><U42/><E37/><V100/><F100/><W75/><G75/><N who="0" m="43039" /><D46/><N who="1" m="25687" /><E79/><V35/><F19/><W71/><G71/><T123/><D15/><U109/><E4/><V97/><F97/><W58/><G69/><T50/><D50/><U126/><E109/><V53/><F36/><W13/><G3/><T115/><D7/><U83/><E83/><N who="0" m="31753" /><D123/><U56/><E51/><V101/><F35/><W132/><G1/><T92/><D72/><U22/><E126/><V63/><F45/><W91/><G132/><T5/><D5/><U21/><E21/><V34/><F34/><W78/><G13/><T70/><D70/><U98/><E57/><V127/><F127/><W130/><G59/><T86/><D104/><U134/><E134/><V33/><F33/><W0/><G0/><T17/><D17/><U85/><E60/><V2/><F63/><N who="3" m="38135" /><G20/><T111/><D111/><U41/><E41/><V90/><F2/><W129/><G129/><T9/><D9/><U89/><E22/><V25/><F122/><W31/><G130/><T103/><D115/><U23/><E23/><V108/><F120/><W18/><G78/><T55/><D112/><U44/><E44/><RYUUKYOKU ba="1,0" sc="79,0,273,0,458,0,190,0" /><INIT seed="3,2,0,3,3,60" ten="79,273,458,190" oya="3" hai0="66,62,45,39,131,123,57,107,110,92,30,98,2" hai1="34,130,115,67,114,124,56,72,79,15,127,121,84" hai2="61,6,88,80,18,63,102,59,96,78,29,58,112" hai3="51,10,22,93,97,55,54,118,7,47,116,64,38"/><W68/><G22/><T52/><D110/><U25/><E84/><V74/><F112/><W20/><G38/><T26/><D131/><U77/><E121/><V40/><F40/><W42/><G20/><T99/><D123/><U94/><E94/><V103/><F29/><W95/><G95/><T120/><D120/><U31/><E130/><V85/><F6/><W125/><G125/><N who="1" m="48202" /><E15/><V46/><F46/><W27/><G27/><T87/><D2/><U21/><E34/><V106/><F18/><W134/><G134/><T23/><D107/><U33/><E33/><V5/><F5/><W71/><G71/><T35/><D35/><U83/><E79/><V32/><F103/><W76/><G76/><T108/><D108/><U53/><E67/><V135/><F135/><W90/><G64/><T0/><D0/><U44/><E44/><V128/><F32/><W105/><G68/><T48/><REACH who="0" step="1"/><D39/><REACH who="0" ten="69,273,458,190" step="2"/><U1/><E1/><V65/><F128/><W37/><G105/><T117/><D117/><U91/><E91/><V82/><F106/><W13/><G37/><T16/><D16/><U41/><E41/><V75/><F75/><W24/><G118/><T86/><D86/><U101/><E101/><V19/><F19/><W109/><G116/><T3/><D3/><U89/><E89/><V8/><F102/><W119/><G119/><T100/><D100/><U113/><E113/><V129/><F129/><W49/><G109/><T12/><D12/><U69/><E115/><V104/><F104/><W17/><G13/><T14/><D14/><U9/><E114/><V43/><F74/><RYUUKYOKU ba="2,1" sc="69,30,273,-10,458,-10,190,-10" hai0="23,26,30,45,48,52,57,62,66,87,92,98,99" owari="99,-40.1,263,6.3,458,55.8,180,-22.0" /></mjloggm>