<mjloggm ver="2.3"><GO type="225" lobby="0"/><UN n0="%E4%BF%BA%E3%81%A8%E5%A6%96%E5%A4%A2" n1="%E5%A4%8F%E9%88%B4%E9%88%B4%E5%A4%8F" n2="%43%68%65" n3="%E6%98%93%E5%88%A9%E8%96%A9%E4%BC%AF" dan="16,16,16,17" rate="2202.86,2140.08,2199.86,2194.78" sx="F,F,M,F"/><TAIKYOKU oya="0"/><INIT seed="0,0,0,0,5,107" ten="250,250,250,250" oya="0" hai0="18,30,10,27,5,100,8,15,113,126,44,2,9" hai1="122,84,79,38,125,65,62,128,81,89,123,118,69" hai2="115,4,39,83,22,109,31,70,24,94,104,53,52" hai3="1,21,116,43,58,91,42,36,129,74,117,67,17"/><T105/><D113/><U50/><E118/><V13/><F115/><W82/><G1/><T102/><D126/><U16/><E125/><V98/><F109/><W135/><G129/><T40/><D105/><U130/><E38/><V20/><F104/><W72/><G135/><T68/><D68/><U99/><E50/><V55/><F39/><W93/><G67/><T54/><D54/><U110/><E110/><V37/><F37/><W41/><G36/><T101/><D44/><U78/><E16/><N who="2" m="10255" /><F70/><W48/><G82/><T97/><D40/><U132/><E132/><V127/><F127/><W45/><G117/><T29/><D29/><U51/><E51/><V112/><F112/><W35/><G35/><T95/><REACH who="0" step="1"/><D9/><REACH who="0" ten="240,250,250,250" step="2"/><U25/><E123/><V71/><F71/><W119/><G119/><T85/><D85/><U120/><E122/><V46/><F46/><W124/><G116/><T76/><D76/><U88/><E120/><V47/><F47/><W103/><G124/><T86/><D86/><U12/><E79/><V73/><F55/><W90/><G58/><T33/><AGARI ba="0,1" hai="2,5,8,10,15,18,27,30,33,95,97,100,101,102" machi="33" ten="20,7800,0" yaku="1,1,0,1,7,1,53,1" doraHai="107" doraHaiUra="32" who="0" fromWho="0" sc="240,88,250,-26,250,-26,250,-26" /><INIT seed="0,1,0,2,5,11" ten="328,224,224,224" oya="0" hai0="88,101,127,96,135,116,26,82,43,8,81,104,128" hai1="54,89,72,113,36,115,22,33,103,23,97,86,132" hai2="83,75,55,44,58,133,114,4,13,61,100,122,77" hai3="1,2,78,106,105,120,9,123,38,63,64,102,49"/><T56/><D116/><U94/><E33/><V34/><F114/><N who="1" m="43529" /><E36/><V47/><F122/><N who="3" m="46635" /><G38/><T7/><D127/><U14/><E72/><V60/><F133/><W98/><G78/><T15/><D135/><U107/><E132/><V19/><F34/><W25/><G106/><T24/><D128/><U52/><E23/><V108/><F108/><W53/><G9/><T39/><D81/><U65/><E65/><V6/><F100/><W27/><G25/><T10/><D56/><U87/><E87/><V66/><F44/><N who="3" m="27815" /><G27/><T18/><D43/><U110/><E110/><V134/><F134/><W46/><G46/><T119/><D119/><U29/><E29/><V62/><F47/><W68/><AGARI ba="1,0" hai="1,2,63,64,68,98,102,105" m="27815,46635" machi="68" ten="30,1100,0" yaku="13,1" doraHai="11" who="3" fromWho="3" sc="328,-6,224,-4,224,-4,224,14" /><INIT seed="1,0,0,0,0,82" ten="322,220,220,238" oya="1" hai0="0,55,50,16,49,36,110,76,135,34,99,126,51" hai1="27,30,125,26,13,47,7,114,19,21,78,127,33" hai2="9,64,105,100,89,23,10,123,83,53,80,132,97" hai3="106,129,95,108,61,112,77,44,115,134,29,85,38"/><U131/><E78/><V46/><F123/><W94/><G106/><T67/><D36/><U20/><E47/><V56/><F132/><W1/><G1/><T62/><D0/><U68/><E68/><V118/><F118/><W69/><G108/><T63/><D34/><U88/><E88/><V90/><F64/><W25/><G129/><T4/><D4/><U73/><E73/><V93/><F46/><W119/><G119/><T2/><D2/><U24/><E114/><V18/><F90/><W79/><G134/><T12/><D76/><U45/><E45/><V104/><F104/><W130/><G130/><T133/><D110/><U54/><E54/><V22/><F22/><W59/><G69/><T65/><D126/><N who="1" m="48139" /><E131/><V57/><F57/><W98/><G79/><T8/><D99/><U113/><E113/><V124/><F124/><W41/><G77/><T117/><D117/><U92/><E92/><V121/><F121/><W42/><G42/><T109/><D109/><U14/><E21/><V39/><F39/><W120/><G95/><T17/><D135/><U81/><E81/><N who="2" m="31307" /><F100/><W128/><G120/><T37/><D37/><U52/><E52/><V58/><F58/><W48/><G128/><T102/><D102/><U122/><E122/><V111/><F105/><W35/><G38/><T66/><D133/><U74/><E74/><V103/><F103/><W101/><G85/><T87/><D87/><U71/><E71/><V3/><F111/><W72/><G72/><T5/><D55/><AGARI ba="0,0" hai="25,29,35,41,44,48,55,59,61,94,98,101,112,115" machi="55" ten="30,1000,0" yaku="7,1" doraHai="82" who="3" fromWho="0" sc="322,-10,220,0,220,0,238,10" /><INIT seed="2,0,0,0,5,63" ten="312,220,220,248" oya="2" hai0="12,126,102,38,31,19,113,88,79,73,23,86,58" hai1="70,112,103,11,62,91,95,8,106,131,1,53,89" hai2="114,127,7,115,0,44,33,122,78,49,61,21,41" hai3="77,64,15,101,132,10,2,4,111,32,57,56,35"/><V30/><F122/><W118/><G118/><T117/><D113/><U76/><E112/><V43/><F33/><W50/><G111/><T133/><D38/><U29/><E131/><V135/><F127/><W71/><G132/><T34/><D133/><U108/><E108/><V51/><F135/><W85/><G101/><T121/><D121/><U130/><E76/><V18/><F30/><W37/><G37/><T24/><D126/><U47/><E29/><V22/><F78/><W39/><G2/><T119/><D102/><U52/><E1/><V68/><F22/><W124/><G71/><T80/><REACH who="0" step="1"/><D58/><REACH who="0" ten="302,220,220,248" step="2"/><N who="1" m="35143" /><E130/><V120/><F120/><W45/><G39/><T20/><D20/><U100/><E70/><V81/><F115/><W54/><G57/><T123/><D123/><U110/><E106/><V72/><F114/><W105/><G105/><T25/><D25/><U17/><E103/><V92/><F68/><W59/><G59/><T109/><D109/><U90/><E110/><V65/><F21/><W60/><G124/><T40/><D40/><U46/><E100/><V66/><F43/><W87/><G35/><T48/><D48/><N who="1" m="28823" /><E47/><V98/><F51/><W107/><G107/><T128/><D128/><U6/><E6/><V134/><F134/><W5/><G5/><T67/><D67/><U74/><E74/><V27/><F72/><W75/><G32/><T16/><D16/><U14/><E8/><N who="2" m="2151" /><F66/><W3/><G75/><T104/><D104/><U55/><E55/><V83/><F18/><W69/><G3/><T94/><AGARI ba="0,1" hai="12,19,23,24,31,34,73,79,80,86,88,94,117,119" machi="94" ten="30,7900,0" yaku="1,1,0,1,54,1,53,1" doraHai="63" doraHaiUra="13" who="0" fromWho="0" sc="302,89,220,-20,220,-39,248,-20" /><INIT seed="3,0,0,0,2,26" ten="391,200,181,228" oya="3" hai0="116,41,39,27,82,110,65,20,56,28,58,8,84" hai1="102,127,99,88,87,134,55,122,105,59,109,64,118" hai2="16,66,128,93,73,54,51,2,17,24,30,115,3" hai3="21,63,86,49,135,62,104,71,101,131,53,5,90"/><W121/><G121/><T67/><D116/><U25/><E122/><V83/><F115/><W52/><G71/><T46/><D110/><U40/><E109/><V125/><F66/><W34/><G34/><T19/><D65/><U57/><E118/><V9/><F125/><W61/><G5/><T37/><D37/><U97/><E134/><V11/><F128/><W96/><G135/><T14/><D67/><U130/><E130/><V10/><F93/><W92/><G131/><T80/><D80/><U74/><E74/><V132/><F132/><W69/><G69/><T123/><D123/><U32/><E40/><V76/><F3/><W31/><G49/><T60/><D60/><N who="1" m="37903" /><E32/><V119/><F2/><W15/><G15/><T98/><D98/><U50/><E102/><V120/><F119/><W6/><G6/><T100/><D100/><U29/><E105/><V113/><F113/><W95/><G104/><T129/><D129/><U48/><E127/><V124/><F124/><W94/><G95/><T44/><D44/><U107/><E107/><V111/><F111/><W114/><G114/><T133/><D133/><U4/><E4/><V108/><F120/><W75/><G75/><T68/><D68/><U13/><E13/><V0/><F0/><W117/><G117/><T23/><D8/><U12/><E12/><V42/><F42/><W1/><G1/><T7/><D7/><U18/><E50/><V22/><REACH who="2" step="1"/><F108/><REACH who="2" ten="391,200,171,228" step="2"/><W35/><G94/><T112/><D112/><U45/><E45/><AGARI ba="0,1" hai="9,10,11,16,17,22,24,30,45,51,54,73,76,83" machi="45" ten="40,8000,1" yaku="1,1,2,1,52,1,54,1,53,1" doraHai="26" doraHaiUra="43" who="2" fromWho="1" sc="391,0,200,-80,171,90,228,0" owari="391,49.1,120,-38.0,261,6.1,228,-17.2" /></mjloggm>