<mjloggm ver="2.3"><GO type="225" lobby="0"/><UN n0="%E3%81%AF%E3%82%88%E3%81%8A%E3%81%98%E3%81%95%E3%82%93" n1="%E5%91%A8%E6%9D%B1" n2="%E3%82%8F%E3%81%8B%E3%81%B0%2A%E3%82%AC%E3%83%BC%E3%83%AB" n3="%E6%97%A5%E6%9B%9C%E6%97%A5%E3%82%88%E3%82%8A%E3%81%AE%E4%BD%BF%E8%80%85" dan="17,16,16,17" rate="2191.37,2212.67,2098.19,2236.60" sx="M,M,M,M"/><TAIKYOKU oya="0"/><BYE who="0" /><INIT seed="0,0,0,4,1,89" ten="250,250,250,250" oya="0" hai0="34,97,118,67,106,69,59,129,3,62,75,124,19" hai1="46,44,68,86,82,51,16,61,131,50,36,100,107" hai2="40,60,79,98,125,27,56,54,17,103,95,43,18" hai3="37,78,92,15,49,102,41,94,112,52,117,135,21"/><T70/><D70/><U64/><E131/><UN n0="%E3%81%AF%E3%82%88%E3%81%8A%E3%81%98%E3%81%95%E3%82%93" /><V1/><F125/><W73/><G112/><T20/><D118/><U110/><E110/><V85/><F1/><W130/><G117/><T2/><D34/><U32/><E32/><V111/><F111/><W93/><G130/><T108/><D75/><U123/><E123/><V84/><F79/><W47/><G135/><T5/><D108/><U42/><E46/><V127/><F127/><W55/><G102/><T28/><D124/><U72/><E72/><V74/><F74/><W57/><G55/><T116/><D116/><U11/><E100/><V10/><F10/><W12/><REACH who="3" step="1"/><G21/><REACH who="3" ten="250,250,250,240" step="2"/><T6/><D129/><U119/><E119/><V4/><F40/><W9/><G9/><T113/><D113/><U38/><E107/><V109/><F43/><W133/><G133/><T8/><D106/><U101/><E101/><V128/><F128/><W87/><G87/><T121/><D121/><U22/><E11/><V65/><F109/><W91/><G91/><T23/><D97/><U126/><E126/><V83/><F85/><W81/><AGARI ba="0,1" hai="12,15,37,41,47,49,52,57,73,78,81,92,93,94" machi="81" ten="30,12000,2" yaku="1,1,0,1,52,3,54,1,53,0" doraHai="89" doraHaiUra="115" who="3" fromWho="3" sc="250,-60,250,-30,250,-30,240,130" /><INIT seed="1,0,0,2,1,54" ten="190,220,220,370" oya="1" hai0="8,55,96,135,21,31,97,76,90,105,91,51,113" hai1="131,23,104,52,49,12,109,39,3,57,133,101,87" hai2="89,63,94,118,28,44,1,83,11,78,74,25,16" hai3="17,69,134,47,88,46,27,19,116,9,80,129,18"/><U64/><E3/><V26/><F118/><W73/><G69/><T84/><D113/><U41/><E131/><V38/><F63/><W124/><G129/><T125/><D125/><U107/><E133/><V75/><F75/><W13/><G124/><T72/><D135/><U123/><E123/><V58/><F58/><W81/><G134/><T32/><D32/><U10/><E109/><V95/><F95/><W61/><G116/><T7/><D72/><U102/><E64/><V119/><F119/><W0/><G0/><T93/><D76/><U14/><E107/><V120/><F120/><W98/><G61/><T114/><D114/><U2/><E2/><V43/><F28/><W106/><G106/><T122/><D122/><U56/><E104/><V5/><REACH who="2" step="1"/><F16/><REACH who="2" ten="190,220,210,370" step="2"/><N who="3" m="8239" /><G27/><T79/><D105/><U48/><E57/><V128/><F128/><W36/><G73/><T121/><D121/><U82/><E102/><V42/><F42/><W45/><G36/><T50/><D50/><N who="1" m="30743" /><E101/><V33/><F33/><W100/><G100/><T99/><D51/><U67/><E41/><V85/><AGARI ba="0,1" hai="1,5,11,25,26,38,43,44,74,78,83,85,89,94" machi="85" ten="20,8000,1" yaku="1,1,0,1,7,1,25,2,53,0" doraHai="54" doraHaiUra="60" who="2" fromWho="2" sc="190,-20,220,-40,210,90,370,-20" /><INIT seed="2,0,0,5,4,76" ten="170,180,300,350" oya="2" hai0="125,64,103,77,100,115,102,91,23,61,95,127,47" hai1="82,18,63,19,40,51,34,13,81,62,118,26,78" hai2="123,122,2,73,83,38,131,70,97,116,1,111,3" hai3="86,66,119,93,9,53,129,35,71,60,56,36,16"/><V25/><F116/><W43/><G119/><T79/><D115/><U54/><E118/><V74/><F70/><W8/><G35/><T128/><D47/><U105/><E105/><V109/><F131/><W94/><G129/><T75/><D128/><U41/><E34/><V5/><F38/><W20/><G43/><N who="1" m="16458" /><E78/><N who="2" m="44495" /><F25/><W49/><G36/><T14/><D14/><U132/><E132/><V44/><F44/><W69/><G69/><T67/><D23/><N who="1" m="13687" /><E63/><V55/><F55/><W92/><REACH who="3" step="1"/><G86/><REACH who="3" ten="170,180,300,340" step="2"/><T42/><D75/><U99/><E99/><V134/><F97/><W30/><G30/><T98/><D98/><U24/><E24/><AGARI ba="0,1" hai="8,9,16,20,24,49,53,56,60,66,71,92,93,94" machi="24" ten="40,8000,1" yaku="1,1,54,1,53,3" doraHai="76" doraHaiUra="90" who="3" fromWho="1" sc="170,0,180,-80,300,0,340,90" /><INIT seed="3,0,0,4,3,85" ten="170,100,300,430" oya="3" hai0="110,98,16,122,75,71,1,4,40,124,15,95,112" hai1="34,9,12,84,37,103,78,99,24,128,81,11,51" hai2="102,83,66,39,76,63,134,45,86,108,59,47,117" hai3="121,114,82,49,0,125,25,61,19,105,72,92,57"/><W113/><G105/><T62/><D122/><U50/><E128/><V132/><F117/><W7/><G7/><T6/><D75/><U129/><E37/><V14/><F108/><W48/><G0/><T111/><D40/><U41/><E129/><V70/><F102/><W23/><G72/><T60/><D124/><U8/><E34/><V131/><F131/><W116/><G82/><T88/><D112/><U107/><E24/><V73/><F73/><W90/><G121/><T118/><D118/><U68/><E51/><V119/><F119/><W3/><G3/><T67/><D62/><U43/><E41/><V100/><F100/><W18/><G18/><T20/><D1/><U94/><E68/><V17/><F70/><W33/><G33/><T10/><D20/><U31/><E31/><V29/><F29/><W79/><G79/><T77/><D77/><U93/><E93/><V96/><F96/><W28/><G28/><T123/><D123/><U38/><E38/><V44/><F39/><W54/><G125/><T130/><D130/><U69/><E69/><V133/><F44/><W80/><G116/><T97/><D98/><U13/><REACH who="1" step="1"/><E107/><REACH who="1" ten="170,90,300,430" step="2"/><V22/><AGARI ba="0,1" hai="14,17,22,45,47,59,63,66,76,83,86,132,133,134" machi="22" ten="30,2000,0" yaku="0,1,20,1" doraHai="85" who="2" fromWho="2" sc="170,-5,90,-5,300,30,430,-10" owari="165,-23.5,85,-41.5,330,13.0,420,52.0" /></mjloggm>