<mjloggm ver="2.3"><GO type="225" lobby="0"/><UN n0="%E3%81%B2%E3%81%AA%E3%81%AE%E3%82%8A%E3%81%8F" n1="%E3%81%BF%E3%81%BF%E3%81%9A" n2="%E3%81%99%E3%81%84%E3%81%BE%E3%81%9B%E3%83%BC%E3%82%93" n3="%E3%81%AF%E3%82%88%E3%81%8A%E3%81%98%E3%81%95%E3%82%93" dan="16,18,18,17" rate="2091.47,2250.71,2199.35,2144.04" sx="M,M,M,M"/><TAIKYOKU oya="0"/><INIT seed="0,0,0,4,2,74" ten="250,250,250,250" oya="0" hai0="16,46,42,38,8,121,104,77,85,0,119,20,66" hai1="22,76,3,19,26,102,111,120,15,126,68,12,2" hai2="18,50,87,7,29,44,96,28,93,27,114,115,98" hai3="35,58,41,25,100,108,13,14,57,80,99,122,103"/><T130/><D119/><U128/><E102/><V61/><F7/><W52/><G108/><T4/><D121/><U116/><E68/><V70/><F70/><W45/><G122/><T48/><D130/><U63/><E120/><V107/><F61/><W118/><G118/><T109/><D109/><U24/><E63/><V92/><F107/><W69/><G69/><T84/><D104/><U62/><E62/><V132/><F132/><W55/><G80/><T9/><D66/><U39/><E39/><V133/><F133/><W53/><G35/><T124/><D124/><U81/><E126/><V67/><F67/><W113/><G113/><T36/><D9/><U40/><E40/><V60/><F60/><W59/><G25/><T10/><D10/><U129/><E116/><V30/><F87/><W17/><G99/><N who="2" m="37929" /><F115/><W11/><REACH who="3" step="1"/><G13/><REACH who="3" ten="250,250,250,240" step="2"/><N who="1" m="5194" /><E111/><V47/><F114/><W71/><G71/><T88/><D84/><N who="1" m="48167" /><E24/><V95/><F50/><AGARI ba="0,1" hai="11,14,17,41,45,50,52,53,55,57,58,59,100,103" machi="50" ten="40,5200,0" yaku="1,1,8,1,54,1,53,0" doraHai="74" doraHaiUra="21" who="3" fromWho="2" sc="250,0,250,0,250,-52,240,62" /><INIT seed="1,0,0,2,2,80" ten="250,250,198,302" oya="1" hai0="37,42,22,110,75,99,130,64,129,30,49,95,63" hai1="15,39,13,53,111,59,60,33,112,107,50,25,44" hai2="40,91,23,65,122,133,86,124,54,85,74,62,43" hai3="125,73,101,28,55,104,29,123,69,21,79,4,120"/><U108/><E112/><V51/><F122/><W11/><G69/><T77/><D37/><U81/><E107/><V128/><F74/><W119/><G125/><T18/><D75/><U2/><E2/><V57/><F124/><W34/><G34/><T16/><D77/><U118/><E39/><V117/><F117/><W70/><G70/><T3/><D3/><U9/><E118/><V127/><F127/><W36/><G36/><T109/><D30/><N who="1" m="19663" /><E9/><V87/><F133/><W88/><G119/><T106/><D106/><U90/><E81/><V96/><F128/><N who="0" m="49258" /><D49/><U114/><E90/><V97/><F23/><W32/><G32/><T132/><D132/><U10/><E10/><V12/><F12/><W8/><G104/><T7/><D7/><U103/><E103/><V89/><F91/><W135/><G73/><T5/><D42/><N who="2" m="15914" /><F89/><W76/><G135/><T98/><D5/><U27/><E27/><V61/><F61/><W38/><G38/><T121/><D121/><U67/><E114/><V24/><F24/><W47/><G123/><T78/><D78/><U113/><E113/><V41/><N who="2" m="15922" /><V14/><DORA hai="1" /><F14/><W115/><G115/><T31/><D31/><U56/><E13/><V105/><F105/><W126/><G126/><T100/><D99/><U45/><E15/><V58/><AGARI ba="0,0" hai="51,54,57,58,62,65,85,86,87,96,97" m="15922" machi="58" ten="40,8000,1" yaku="8,1,52,3" doraHai="80,1" who="2" fromWho="2" sc="250,-20,250,-40,198,80,302,-20" /><INIT seed="2,0,0,4,1,87" ten="230,210,278,282" oya="2" hai0="89,10,51,22,121,67,124,128,91,1,100,92,90" hai1="132,96,42,98,40,112,81,127,114,80,131,65,11" hai2="50,117,99,13,120,70,59,118,85,15,123,3,38" hai3="33,54,113,122,60,66,62,30,29,68,109,12,94"/><V78/><F3/><W83/><G122/><T119/><D121/><U71/><E65/><V32/><F70/><W31/><G33/><T4/><D124/><U55/><E127/><V111/><F38/><W102/><G109/><T19/><D128/><U88/><E131/><V47/><F32/><W9/><G113/><T133/><D133/><U116/><E116/><V130/><F59/><W43/><G43/><T115/><D115/><U125/><E125/><V48/><F47/><W8/><G83/><T58/><D119/><U63/><E132/><V84/><F99/><W41/><G41/><T135/><D100/><U0/><E0/><V37/><F37/><W20/><G20/><T44/><D58/><U110/><E110/><V34/><F34/><W46/><G62/><T97/><D67/><U79/><E63/><V72/><F111/><W73/><G73/><T27/><D135/><U23/><E23/><V25/><F72/><W93/><G102/><T57/><D57/><U45/><E71/><V64/><F130/><W75/><G8/><T26/><D26/><U126/><E126/><V105/><F25/><W39/><G75/><T14/><D1/><U49/><E11/><V108/><F108/><W86/><G86/><T52/><AGARI ba="0,0" hai="4,10,14,19,22,27,44,51,52,89,90,91,92,97" machi="52" ten="20,12000,2" yaku="0,1,7,1,8,1,52,3,54,1" doraHai="87" who="0" fromWho="0" sc="230,120,210,-30,278,-60,282,-30" /><INIT seed="3,0,0,5,5,7" ten="350,180,218,252" oya="3" hai0="122,126,88,93,52,110,134,28,106,24,127,63,97" hai1="15,13,133,103,40,56,135,6,68,31,113,123,25" hai2="104,55,9,108,102,34,5,82,85,21,61,100,64" hai3="35,58,37,119,51,81,42,107,80,95,111,99,117"/><W11/><G107/><T92/><D110/><U19/><E68/><V86/><F34/><W83/><G35/><T129/><D122/><U38/><E103/><V46/><F108/><W109/><G37/><T33/><D134/><N who="1" m="51211" /><E40/><V118/><F118/><W50/><G119/><T121/><D121/><U105/><E38/><V41/><F104/><W77/><G117/><T14/><D106/><U131/><E105/><V47/><F21/><W76/><G111/><T98/><D14/><U94/><E123/><V112/><F112/><W57/><G109/><T130/><D52/><U48/><E48/><V32/><F32/><W115/><G115/><T116/><D63/><U132/><N who="1" m="51219" /><U3/><DORA hai="66" /><E56/><V69/><F55/><W74/><G58/><T49/><D49/><U20/><E113/><V124/><F47/><W0/><G57/><T17/><D17/><U62/><E62/><V60/><F61/><W67/><G50/><T8/><D116/><U45/><E45/><V44/><F44/><W2/><G51/><T1/><D93/><U72/><E72/><V79/><F124/><N who="0" m="47658" /><D98/><U18/><E131/><V101/><F86/><W16/><G95/><T26/><D26/><U120/><E120/><V29/><F101/><W90/><G99/><T128/><D128/><U23/><E94/><V12/><F29/><W59/><G74/><T4/><AGARI ba="0,0" hai="1,4,8,24,28,33,88,92,97,129,130" m="47658" machi="4" ten="30,4000,0" yaku="18,1,52,1,54,1" doraHai="7,66" who="0" fromWho="0" sc="350,40,180,-10,218,-10,252,-20" owari="390,49.0,170,-33.0,208,-19.2,232,3.2" /></mjloggm>