<mjloggm ver="2.3"><GO type="225" lobby="0"/><UN n0="%70%68%65%6E%6F%6D%65" n1="%E5%91%A8%E6%9D%B1" n2="%E3%82%A2%E3%82%A4%E3%82%B9%E3%83%86%E3%82%A3%E3%83%BC%E3%81%82%E3%81%B9" n3="%E6%98%93%E5%88%A9%E8%96%A9%E4%BC%AF" dan="16,16,16,17" rate="2179.10,2158.86,2064.27,2239.91" sx="M,M,M,F"/><TAIKYOKU oya="0"/><INIT seed="0,0,0,2,0,85" ten="250,250,250,250" oya="0" hai0="53,123,66,44,39,130,106,98,15,71,63,62,97" hai1="131,65,135,29,55,3,108,4,92,58,99,103,36" hai2="110,80,78,48,52,24,96,32,12,2,11,7,33" hai3="81,16,60,50,49,117,38,20,0,82,9,1,21"/><T74/><D74/><U35/><E108/><V114/><F110/><W22/><G38/><T41/><D123/><U31/><E36/><V129/><F129/><W19/><G117/><T23/><D130/><U51/><E131/><V6/><F114/><W79/><G60/><T73/><D73/><U113/><E113/><V59/><F96/><W134/><G79/><T128/><D128/><U101/><E135/><V10/><REACH who="2" step="1"/><F24/><REACH who="2" ten="250,250,240,250" step="2"/><W56/><G134/><T43/><D106/><U102/><E35/><V46/><F46/><W133/><G133/><T121/><D121/><U17/><E3/><V91/><F91/><W14/><G1/><T127/><D127/><U40/><E101/><V104/><F104/><W112/><G0/><T70/><D98/><U90/><E103/><V84/><AGARI ba="0,1" hai="2,6,7,10,11,12,32,33,48,52,59,78,80,84" machi="84" ten="20,5200,0" yaku="1,1,0,1,7,1,54,1,53,0" doraHai="85" doraHaiUra="93" who="2" fromWho="2" sc="250,-26,250,-13,240,62,250,-13" /><INIT seed="1,0,0,4,3,35" ten="224,237,302,237" oya="1" hai0="12,40,116,37,11,30,39,44,114,64,130,134,107" hai1="117,53,119,29,74,68,9,27,1,19,61,125,72" hai2="127,17,118,129,110,15,48,65,113,28,73,92,86" hai3="3,103,41,31,126,106,89,85,135,122,111,20,38"/><U23/><E125/><V94/><F110/><W4/><G122/><T102/><D114/><U25/><E72/><V124/><F73/><W51/><G126/><N who="2" m="48169" /><F118/><W95/><G111/><T10/><D116/><U63/><E74/><V91/><F113/><W8/><G135/><T128/><D134/><U26/><E68/><V58/><F28/><W49/><G106/><T96/><D64/><U67/><E53/><N who="2" m="32039" /><F65/><W76/><G103/><T66/><D39/><U16/><E63/><V93/><F129/><N who="0" m="49770" /><D30/><U18/><E61/><V43/><F43/><W115/><G76/><T133/><D133/><U90/><E90/><V104/><F104/><W14/><G115/><T57/><D12/><U88/><E88/><V101/><F101/><W97/><G85/><T82/><D82/><U77/><E67/><V33/><F33/><W42/><G42/><T100/><D100/><U46/><E77/><V99/><F99/><W81/><G81/><T70/><D70/><U22/><E46/><V78/><F78/><W7/><G31/><T79/><D79/><U24/><E23/><AGARI ba="0,0" hai="15,17,23,86,91,92,93,94" m="32039,48169" machi="23" ten="30,2000,0" yaku="25,1,18,1" doraHai="35" who="2" fromWho="1" sc="224,0,237,-20,302,20,237,0" /><INIT seed="2,0,0,4,1,41" ten="224,217,322,237" oya="2" hai0="18,35,0,4,104,127,105,26,133,126,46,80,13" hai1="16,129,5,93,99,47,75,116,9,62,37,20,135" hai2="15,7,39,97,64,51,121,86,111,22,32,53,34" hai3="29,59,48,124,55,25,19,50,91,2,43,83,27"/><V115/><F121/><W131/><G2/><T134/><D80/><U72/><E116/><V54/><F115/><W103/><G131/><T114/><D104/><U44/><E129/><V98/><F39/><W119/><G119/><T78/><D78/><U123/><E135/><N who="0" m="51721" /><D105/><U10/><E123/><V31/><F64/><W132/><G132/><T6/><D114/><U45/><E37/><V67/><F67/><W65/><G103/><T57/><D57/><U56/><E75/><V17/><F7/><N who="0" m="2602" /><D0/><U28/><E28/><V107/><F111/><W38/><G65/><T101/><D101/><N who="1" m="60655" /><E72/><V112/><F107/><W120/><G120/><T49/><D26/><N who="1" m="14599" /><E5/><V66/><F66/><AGARI ba="0,0" hai="9,10,44,45,47,56,62,66" m="14599,60655" machi="66" ten="30,8000,1" yaku="8,1,52,3,54,1" doraHai="41" who="1" fromWho="2" sc="224,0,217,80,322,-80,237,0" /><INIT seed="3,0,0,3,2,91" ten="224,297,242,237" oya="3" hai0="128,73,119,58,107,135,122,105,33,69,86,109,40" hai1="41,70,8,120,9,37,48,110,61,80,17,57,29" hai2="43,79,4,68,51,83,54,5,97,19,2,87,82" hai3="106,123,95,22,28,125,117,53,92,30,21,96,14"/><W75/><G117/><T113/><RYUUKYOKU type="yao9" ba="0,0" sc="224,0,297,0,242,0,237,0" hai0="33,40,58,69,73,86,105,107,109,113,119,122,128,135" /><INIT seed="3,1,0,0,4,68" ten="224,297,242,237" oya="3" hai0="72,73,92,47,32,121,104,45,102,28,17,70,111" hai1="119,11,42,78,109,127,30,37,64,69,124,46,25" hai2="7,116,97,40,65,103,36,31,134,8,38,83,23" hai3="79,13,50,61,100,115,76,60,3,105,93,27,108"/><W129/><G115/><T87/><D121/><U29/><E119/><V22/><F116/><W63/><G3/><T96/><D70/><U81/><E109/><V16/><F134/><W114/><G105/><T123/><D123/><U43/><E43/><V49/><F65/><W6/><G114/><T106/><D111/><U120/><E120/><V12/><F83/><W10/><G129/><T4/><D4/><U131/><E131/><V9/><F49/><W84/><G108/><T55/><D32/><U133/><E133/><V101/><F101/><W125/><G125/><N who="1" m="48202" /><E11/><V95/><F40/><W130/><G130/><T48/><D28/><U88/><E88/><V118/><F118/><W19/><G50/><T0/><D0/><U110/><E110/><V33/><F23/><N who="3" m="13823" /><G100/><T126/><D126/><U98/><E98/><V117/><F117/><W91/><AGARI ba="1,0" hai="6,10,13,60,61,63,76,79,84,91,93" m="13823" machi="91" ten="30,1500,0" yaku="8,1" doraHai="68" who="3" fromWho="3" sc="224,-6,297,-6,242,-6,237,18" /><INIT seed="3,2,0,3,3,11" ten="218,291,236,255" oya="3" hai0="5,98,36,10,84,133,81,55,127,128,123,52,34" hai1="33,49,103,1,27,54,77,40,102,38,106,93,23" hai2="110,13,90,14,75,132,29,107,47,26,74,71,92" hai3="48,62,117,112,9,89,114,73,21,113,45,6,86"/><W135/><G73/><T72/><D123/><U18/><E1/><V60/><F107/><W43/><G135/><T99/><D72/><U57/><E106/><V126/><F132/><W56/><G117/><T104/><D133/><U0/><E0/><V3/><F3/><W122/><G122/><T37/><D34/><U88/><E77/><V28/><F75/><W46/><G46/><T59/><D127/><U69/><E69/><V8/><F74/><W67/><G21/><T31/><D31/><U76/><E76/><V80/><F80/><W44/><G44/><T95/><D104/><U17/><E38/><V41/><F126/><W39/><G39/><T42/><D128/><U30/><E40/><V129/><F8/><W78/><G78/><T100/><D98/><U116/><E116/><V131/><F110/><W109/><G109/><T50/><D55/><U68/><E68/><V79/><F79/><W87/><REACH who="3" step="1"/><G89/><REACH who="3" ten="218,291,236,245" step="2"/><T58/><D42/><U24/><E17/><V35/><F47/><W91/><G91/><T4/><D58/><U64/><E64/><N who="2" m="41351" /><F41/><W120/><G120/><T97/><D97/><AGARI ba="2,1" hai="18,23,24,27,30,33,49,54,57,88,93,97,102,103" machi="97" ten="30,2000,0" yaku="7,1,54,1" doraHai="11" who="1" fromWho="0" sc="218,-26,291,36,236,0,245,0" owari="192,-30.8,327,42.7,236,-16.4,245,4.5" /></mjloggm>