<mjloggm ver="2.3"><GO type="225" lobby="0"/><UN n0="%E5%B0%8F%E9%B3%A5%E9%81%8A%E7%B7%B4%E7%84%A1%32%31%E6%AD%B3" n1="%E9%97%98%E5%B0%86%E3%81%A0%E3%82%93%E3%81%A7%E3%81%83" n2="%E9%A6%AC%E5%BC%95%E7%81%AB%33" n3="%E5%82%8D%E8%8B%A5%E7%84%A1%E4%BA%BA%35%31" dan="16,16,16,16" rate="2172.50,2085.34,2142.18,2182.23" sx="F,M,M,M"/><TAIKYOKU oya="0"/><INIT seed="0,0,0,2,0,124" ten="250,250,250,250" oya="0" hai0="57,4,45,14,99,102,93,100,80,78,22,70,113" hai1="97,115,134,48,41,132,17,110,76,59,42,86,94" hai2="31,92,9,37,81,19,91,34,117,50,95,35,82" hai3="7,63,61,98,46,123,96,32,129,39,69,74,67"/><T128/><D113/><U105/><E110/><V62/><F37/><W44/><G74/><T133/><D70/><U87/><E115/><V27/><F117/><W52/><G32/><T116/><D116/><U23/><E105/><V120/><F120/><W38/><G7/><T6/><D133/><N who="1" m="51307" /><E59/><V16/><F34/><W101/><G101/><T36/><D102/><N who="1" m="60727" /><E76/><V40/><F62/><W106/><G106/><T71/><D71/><U64/><E64/><V122/><F122/><W54/><G98/><T58/><D57/><U11/><E11/><V90/><F95/><W55/><G96/><T10/><D58/><U89/><E48/><V49/><F91/><W28/><G28/><T131/><D4/><U53/><E53/><V13/><F19/><W24/><G24/><T121/><D121/><U2/><E2/><V18/><F18/><W125/><G123/><T3/><D3/><U107/><E107/><V84/><REACH who="2" step="1"/><F40/><REACH who="2" ten="250,250,240,250" step="2"/><N who="1" m="15465" /><E89/><V72/><F72/><W73/><G73/><T79/><D36/><U108/><E108/><V25/><F25/><AGARI ba="0,1" hai="17,23,25,86,87" m="15465,60727,51307" machi="25" ten="30,1000,0" yaku="20,1" doraHai="124" who="1" fromWho="2" sc="250,0,250,20,240,-10,250,0" /><INIT seed="1,0,0,4,1,94" ten="250,270,230,250" oya="1" hai0="47,109,93,32,113,48,18,124,123,55,133,13,128" hai1="66,80,81,121,19,117,26,29,130,39,106,95,118" hai2="105,71,59,77,14,90,36,52,1,27,30,57,86" hai3="44,54,40,31,122,108,110,10,7,15,33,131,24"/><U45/><E106/><V49/><F1/><W61/><G131/><T73/><D32/><U53/><E121/><V104/><F71/><W132/><G122/><T68/><D113/><U97/><E130/><V82/><F36/><W89/><G132/><T46/><D128/><U91/><E66/><V38/><F38/><W78/><G89/><T83/><D133/><U16/><E117/><V23/><F14/><W101/><G101/><T20/><D68/><U92/><E118/><V51/><REACH who="2" step="1"/><F77/><REACH who="2" ten="250,270,220,250" step="2"/><W62/><G78/><T0/><D0/><U50/><E39/><V41/><F41/><W129/><G129/><T72/><D123/><U103/><E80/><V79/><F79/><W111/><G40/><T37/><D37/><U125/><E81/><V2/><F2/><W98/><G98/><T88/><D83/><U9/><E125/><V96/><F96/><W114/><G114/><T120/><D124/><U100/><E9/><V102/><F102/><W112/><G112/><T25/><D120/><U17/><REACH who="1" step="1"/><E95/><REACH who="1" ten="250,260,220,250" step="2"/><V12/><F12/><W87/><G15/><T99/><D13/><U11/><E11/><V119/><F119/><W42/><G10/><T76/><D76/><U21/><AGARI ba="0,2" hai="16,17,19,21,26,29,45,50,53,91,92,97,100,103" machi="21" ten="30,12000,1" yaku="1,1,0,1,8,1,52,1,54,1,53,0" doraHai="94" doraHaiUra="56" who="1" fromWho="1" sc="250,-40,260,140,220,-40,250,-40" /><INIT seed="1,1,0,0,5,115" ten="210,400,180,210" oya="1" hai0="130,39,6,84,75,95,49,91,56,129,48,90,61" hai1="131,85,68,120,102,125,69,22,67,51,47,123,80" hai2="87,58,10,43,1,122,106,2,63,55,124,72,99" hai3="13,53,81,113,25,36,86,126,135,5,37,133,73"/><U9/><E131/><N who="0" m="50185" /><D39/><U77/><E125/><V0/><F122/><W97/><G126/><T78/><D6/><U107/><E69/><V70/><F124/><W110/><G73/><T76/><D91/><U28/><E107/><V93/><F72/><W132/><G110/><T88/><D90/><U32/><E32/><V109/><F109/><W94/><G25/><T98/><D75/><U96/><E28/><V21/><F43/><W31/><G31/><T27/><D27/><U12/><E22/><V16/><F87/><W52/><G37/><T23/><D23/><U118/><E67/><V24/><F106/><W14/><G36/><T66/><D84/><U19/><E68/><V101/><REACH who="2" step="1"/><F70/><REACH who="2" ten="210,400,170,210" step="2"/><W60/><G113/><T29/><D29/><U26/><E85/><V83/><F83/><W108/><G81/><T104/><D104/><U116/><E80/><V114/><F114/><W35/><G108/><T112/><D112/><U3/><E120/><V7/><AGARI ba="1,1" hai="0,1,2,7,10,16,21,24,55,58,63,93,99,101" machi="7" ten="30,7900,0" yaku="1,1,0,1,54,1,53,1" doraHai="115" doraHaiUra="92" who="2" fromWho="2" sc="210,-21,400,-40,170,92,210,-21" /><INIT seed="2,0,0,1,4,60" ten="189,360,262,189" oya="2" hai0="107,132,8,89,112,33,19,125,76,64,38,46,58" hai1="111,117,103,99,0,28,62,94,101,78,2,12,79" hai2="36,126,44,17,43,47,52,31,134,93,105,55,127" hai3="90,11,14,82,20,91,68,5,16,15,128,120,100"/><V37/><F105/><W24/><G128/><T18/><D112/><U130/><E117/><V113/><F31/><W88/><G120/><T118/><D107/><U27/><E111/><V119/><F119/><W22/><G68/><T21/><D33/><U3/><E130/><V108/><F113/><W49/><G100/><T57/><D118/><U32/><E103/><V124/><F134/><W133/><G133/><T121/><D121/><U45/><E12/><V72/><F72/><W6/><G49/><T59/><D76/><U98/><E98/><V66/><F17/><N who="3" m="12303" /><G5/><T73/><D73/><U61/><E45/><V115/><F115/><W56/><G56/><T41/><D132/><U135/><E135/><V77/><F77/><W116/><G116/><T69/><D125/><U83/><REACH who="1" step="1"/><E79/><REACH who="1" ten="189,350,262,189" step="2"/><V131/><F131/><W67/><G67/><T13/><D89/><U109/><E109/><V50/><F108/><W48/><G48/><T30/><D69/><U75/><AGARI ba="0,1" hai="0,2,3,27,28,32,61,62,75,78,83,94,99,101" machi="75" ten="30,2000,0" yaku="1,1,0,1,53,0" doraHai="60" doraHaiUra="65" who="1" fromWho="1" sc="189,-5,350,30,262,-10,189,-5" /><INIT seed="3,0,0,4,4,108" ten="184,380,252,184" oya="3" hai0="22,32,111,117,7,101,120,62,28,13,64,63,2" hai1="1,131,125,113,45,52,88,118,75,106,112,66,5" hai2="69,129,90,99,29,67,86,46,43,60,85,3,38" hai3="30,44,49,110,116,104,94,98,72,16,56,68,47"/><W26/><G116/><T74/><D111/><U58/><E106/><V127/><F3/><W19/><G68/><T82/><D120/><U93/><E75/><V123/><F123/><W107/><G72/><T33/><D117/><U4/><E118/><V11/><F11/><W109/><G107/><T51/><D101/><U54/><E131/><V73/><F73/><W15/><G104/><T21/><D51/><N who="1" m="28783" /><E112/><V95/><F129/><W57/><G47/><T121/><D121/><U119/><E113/><V59/><F127/><W17/><G15/><T20/><D63/><U84/><E1/><V31/><F86/><W9/><G9/><N who="0" m="2295" /><D33/><U41/><E125/><V89/><F69/><W34/><G110/><T122/><D122/><U135/><E135/><V61/><F61/><W91/><REACH who="3" step="1"/><G109/><REACH who="3" ten="184,380,252,174" step="2"/><T133/><D133/><U105/><E105/><V87/><F46/><W100/><G100/><T114/><D114/><U53/><E119/><V130/><F130/><W36/><G36/><T79/><D13/><U80/><E41/><AGARI ba="0,1" hai="16,17,19,26,30,34,41,44,49,56,57,91,94,98" machi="41" ten="40,3900,0" yaku="1,1,54,1,53,0" doraHai="108" doraHaiUra="8" who="3" fromWho="1" sc="184,0,380,-39,252,0,174,49" /><INIT seed="3,1,0,3,4,51" ten="184,341,252,223" oya="3" hai0="105,103,10,31,55,6,22,116,125,35,38,36,114" hai1="75,121,34,53,86,19,62,79,18,133,89,111,99" hai2="132,84,44,94,8,56,108,14,74,27,131,4,64" hai3="1,122,57,98,73,54,129,3,33,117,119,101,48"/><W134/><G122/><T12/><D116/><U47/><E34/><V123/><F108/><W72/><G33/><T29/><D125/><U130/><E121/><V106/><F106/><W49/><G129/><T81/><D35/><U7/><E75/><V37/><F74/><W11/><G134/><T115/><D81/><U40/><E7/><V2/><F27/><W61/><G73/><T76/><D76/><U15/><E79/><V87/><F44/><W70/><G72/><T20/><D103/><U69/><E19/><V23/><F56/><W46/><G70/><T21/><D105/><U50/><E111/><V112/><F64/><W25/><G25/><T65/><D65/><U96/><E133/><V126/><F23/><W78/><G78/><T93/><D93/><N who="1" m="54455" /><E69/><V120/><F37/><W66/><G11/><T102/><D102/><U88/><E88/><V91/><F8/><W90/><G90/><T63/><D38/><U59/><E130/><V43/><F91/><W127/><G127/><T13/><D36/><U113/><E113/><N who="0" m="43017" /><D63/><U82/><E82/><V104/><F131/><W9/><G49/><T80/><D80/><U128/><E128/><V110/><F132/><W118/><REACH who="3" step="1"/><G9/><AGARI ba="1,0" hai="9,15,18,40,47,50,53,59,62,96,99" m="54455" machi="9" ten="30,2000,0" yaku="8,1,52,1" doraHai="51" who="1" fromWho="3" sc="184,0,341,23,252,0,223,-23" owari="184,-31.6,364,46.4,252,5.2,200,-20.0" /></mjloggm>