<mjloggm ver="2.3"><GO type="225" lobby="0"/><UN n0="%E3%83%96%E3%83%83%E3%83%91%E3%82%AA%E3%83%96%E3%83%81%E3%82%AD%E3%83%B3" n1="%E6%98%93%E5%88%A9%E8%96%A9%E4%BC%AF" n2="%E3%83%B4%E3%82%A3%E3%83%AF%E3%82%B3%E3%82%B0%E3%83%8B" n3="%E3%81%A8%E3%82%89%E3%81%84%E3%81%A1" dan="16,17,17,16" rate="2146.44,2125.34,2206.79,2126.45" sx="M,F,M,M"/><TAIKYOKU oya="0"/><INIT seed="0,0,0,4,2,24" ten="250,250,250,250" oya="0" hai0="96,92,108,114,131,75,30,46,56,82,0,23,127" hai1="10,22,15,109,101,32,121,99,83,54,6,104,90" hai2="52,33,62,128,81,71,73,59,21,27,31,107,135" hai3="117,74,35,20,9,44,89,68,118,76,77,111,125"/><T47/><D114/><U5/><E121/><V66/><F135/><W40/><G35/><T115/><D115/><U67/><E32/><V63/><F128/><W51/><G68/><T78/><D0/><U65/><E109/><V103/><F21/><W26/><G111/><T123/><D123/><U53/><E6/><V12/><F12/><W130/><G130/><T34/><D108/><U97/><E22/><V93/><F93/><W122/><G122/><T11/><D11/><U112/><E112/><V129/><F129/><W18/><G125/><T72/><D34/><U116/><E116/><V64/><F64/><W50/><G50/><T43/><D127/><U120/><E120/><V124/><F124/><W113/><G113/><T55/><D75/><U126/><E126/><V110/><F110/><W106/><G106/><T119/><D119/><U86/><E97/><N who="2" m="61935" /><F81/><W105/><G105/><T28/><D23/><U132/><E132/><V3/><F73/><W134/><G134/><T39/><D47/><U4/><E4/><V85/><F85/><W25/><G25/><T16/><D16/><U84/><E84/><V1/><AGARI ba="0,0" hai="1,3,27,31,33,52,59,62,63,66,71" m="61935" machi="1" ten="30,4000,0" yaku="25,1,52,1,54,1" doraHai="24" who="2" fromWho="2" sc="250,-20,250,-10,250,40,250,-10" /><INIT seed="1,0,0,2,4,106" ten="230,240,290,240" oya="1" hai0="10,21,61,117,56,27,13,35,124,110,130,20,71" hai1="65,131,62,32,23,87,58,112,91,12,16,108,127" hai2="63,66,64,98,0,123,99,83,118,95,30,114,82" hai3="134,120,48,78,94,33,47,129,53,119,60,92,105"/><U67/><E112/><V77/><F123/><W79/><G105/><T109/><D71/><U49/><E131/><V104/><F118/><W102/><G33/><T107/><D107/><U84/><E127/><V7/><F114/><W34/><G34/><T28/><D117/><U4/><E32/><V52/><F104/><W116/><G120/><T86/><D86/><U9/><E108/><N who="0" m="41577" /><D130/><U24/><E49/><V42/><F0/><W29/><G129/><T38/><D38/><U125/><E125/><V18/><F7/><W97/><G134/><T80/><D80/><U50/><E50/><V37/><F30/><W15/><G29/><T111/><N who="0" m="41585" /><T113/><DORA hai="40" /><D113/><U36/><E36/><V43/><F18/><W90/><G15/><T46/><D46/><U69/><REACH who="1" step="1"/><E91/><REACH who="1" ten="230,230,290,240" step="2"/><V2/><F37/><W17/><G116/><T73/><D124/><U1/><E1/><V72/><F2/><W70/><G119/><T132/><D132/><U122/><E122/><V8/><F42/><W68/><G60/><AGARI ba="0,1" hai="4,9,12,16,23,24,58,60,62,65,67,69,84,87" machi="60" ten="40,3900,0" yaku="1,1,54,1,53,0" doraHai="106,40" doraHaiUra="74,100" who="1" fromWho="3" sc="230,0,230,49,290,0,240,-39" /><INIT seed="1,1,0,4,1,4" ten="230,279,290,201" oya="1" hai0="8,23,52,74,17,126,40,43,117,96,5,6,59" hai1="80,103,63,121,57,99,61,46,82,26,92,107,98" hai2="18,115,113,3,123,71,135,112,93,67,116,44,55" hai3="28,27,94,109,134,130,88,85,25,91,2,14,30"/><U83/><E121/><V48/><F116/><W32/><G2/><T133/><D74/><U53/><E46/><V68/><F3/><W37/><G109/><T72/><D72/><U21/><E63/><V95/><F123/><W50/><G37/><T124/><D117/><U102/><REACH who="1" step="1"/><E82/><REACH who="1" ten="230,269,290,201" step="2"/><V78/><F113/><W19/><G134/><T22/><D124/><U20/><E20/><V84/><F135/><W10/><G130/><T35/><D126/><U131/><E131/><V49/><F115/><W15/><G32/><T110/><D35/><U90/><E90/><V45/><F112/><W132/><G132/><T97/><D133/><U125/><E125/><V38/><F45/><W7/><G91/><T87/><D23/><U75/><E75/><V128/><F44/><W105/><G50/><T1/><D22/><U66/><E66/><V51/><F67/><W60/><G60/><T64/><D64/><U73/><E73/><V29/><F128/><W12/><G28/><AGARI ba="1,1" hai="21,26,28,53,57,61,80,83,92,98,99,102,103,107" machi="28" ten="30,5800,0" yaku="1,1,7,1,53,1" doraHai="4" doraHaiUra="89" who="1" fromWho="3" sc="230,0,269,71,290,0,201,-61" /><INIT seed="1,2,0,3,1,118" ten="230,340,290,140" oya="1" hai0="24,132,33,91,83,66,110,105,64,50,69,108,14" hai1="124,59,11,31,17,77,25,36,90,133,20,42,134" hai2="16,68,117,109,88,125,47,8,67,71,56,74,94" hai3="62,100,28,65,122,30,92,29,18,19,98,126,121"/><U45/><E124/><V82/><F117/><W54/><G126/><T104/><D14/><U103/><E103/><V78/><F109/><N who="0" m="42090" /><D132/><N who="1" m="50795" /><E77/><V34/><F34/><W129/><G54/><T112/><D112/><U48/><E90/><V57/><F125/><W115/><G115/><T15/><D15/><N who="1" m="7423" /><E59/><V101/><F101/><W130/><G18/><T95/><D83/><U85/><E85/><V79/><F79/><W135/><G19/><T9/><D104/><U26/><E26/><V13/><F47/><W58/><REACH who="3" step="1"/><G135/><REACH who="3" ten="230,340,290,130" step="2"/><T80/><D66/><U1/><E1/><V119/><F119/><W72/><G72/><T113/><D64/><U97/><E97/><V12/><F67/><W127/><G127/><T61/><D113/><U87/><E87/><V81/><F74/><W23/><G23/><T60/><D33/><U114/><E114/><V120/><F16/><W76/><G76/><T128/><D128/><AGARI ba="2,1" hai="28,29,30,58,62,65,92,98,100,121,122,128,129,130" machi="128" ten="40,8000,1" yaku="1,1,19,1,52,2,53,1" doraHai="118" doraHaiUra="99" who="3" fromWho="0" sc="230,-86,340,0,290,0,130,96" /><INIT seed="2,0,0,0,3,81" ten="144,340,290,226" oya="2" hai0="116,105,42,117,48,51,63,76,30,32,108,15,115" hai1="66,46,45,94,113,110,77,97,19,130,98,60,71" hai2="16,78,20,61,69,58,10,80,64,114,119,86,11" hai3="120,3,88,132,43,65,100,8,26,109,70,14,52"/><V83/><F119/><N who="0" m="45642" /><D115/><U74/><E113/><V31/><F114/><W125/><G120/><T49/><D105/><U28/><E110/><V75/><F31/><W12/><G43/><T62/><D15/><U7/><E7/><V0/><F0/><W104/><G70/><T68/><D76/><U4/><E4/><V17/><F69/><W127/><G65/><N who="0" m="41015" /><D30/><U133/><E97/><V21/><F80/><W131/><G109/><T92/><D92/><U1/><E28/><V34/><F75/><W84/><G3/><T102/><D102/><U22/><E1/><V67/><F67/><W85/><G26/><T54/><D32/><U124/><E77/><V118/><F34/><W73/><G73/><T122/><D108/><U53/><E74/><V55/><F64/><W2/><G2/><T24/><D24/><U96/><E66/><V87/><F87/><W128/><G14/><T99/><D99/><U44/><E96/><V47/><F47/><W36/><G104/><T25/><D122/><U111/><E98/><V50/><F61/><W135/><G100/><T29/><D63/><U89/><E60/><V39/><F39/><W103/><G103/><T37/><D29/><U126/><E111/><V33/><F33/><W79/><G12/><T134/><D25/><U23/><E71/><V41/><F118/><W107/><G107/><T95/><D37/><U56/><E46/><V91/><F78/><W18/><G79/><T101/><D101/><U27/><E45/><V90/><F83/><W57/><G36/><T123/><D123/><U6/><E44/><V112/><F112/><RYUUKYOKU ba="0,0" sc="144,0,340,0,290,0,226,0" /><INIT seed="3,1,0,5,0,69" ten="144,340,290,226" oya="3" hai0="1,50,62,133,122,48,72,105,132,120,102,74,27" hai1="84,88,46,41,51,15,14,130,83,11,100,127,54" hai2="126,115,118,128,131,30,76,108,42,124,96,111,81" hai3="57,109,36,79,68,49,82,75,101,77,65,66,64"/><W63/><G109/><N who="2" m="42057" /><F30/><W35/><G35/><T116/><D27/><U89/><E130/><N who="2" m="49707" /><F42/><W59/><G101/><T5/><D62/><U78/><E127/><N who="2" m="48683" /><F115/><W119/><G119/><T87/><D5/><N who="1" m="3439" /><E100/><V24/><F24/><W56/><G79/><T85/><D1/><U86/><E41/><V55/><F118/><W91/><G91/><T117/><REACH who="0" step="1"/><D102/><REACH who="0" ten="134,340,290,226" step="2"/><U45/><E15/><V23/><F96/><W33/><G63/><T135/><D135/><U129/><E129/><V90/><F90/><W112/><G112/><T97/><D97/><U37/><E88/><V28/><F28/><W121/><G64/><T73/><D73/><U4/><E89/><V10/><F55/><W93/><G65/><T7/><D7/><U12/><E54/><V94/><F94/><W17/><G75/><T9/><D9/><U47/><E12/><V103/><F103/><W38/><G93/><T60/><D60/><U31/><E31/><V98/><F98/><W134/><G66/><T16/><D16/><U104/><E4/><V8/><F23/><W2/><G2/><T70/><D70/><U107/><E84/><AGARI ba="1,1" hai="8,10,76,81,84" m="48683,49707,42057" machi="84" ten="40,5200,0" yaku="14,1,19,1,18,1" doraHai="69" who="2" fromWho="1" sc="134,0,340,-55,290,65,226,0" owari="134,-36.6,285,8.5,355,45.5,226,-17.4" /></mjloggm>