<mjloggm ver="2.3"><GO type="225" lobby="0"/><UN n0="%E6%98%93%E5%88%A9%E8%96%A9%E4%BC%AF" n1="%E7%B4%94%E6%BD%94%E3%83%94%E3%83%A9%E3%83%8B%E3%82%A2" n2="%E3%83%96%E3%83%83%E3%83%91%E3%82%AA%E3%83%96%E3%83%81%E3%82%AD%E3%83%B3" n3="%E9%A6%AC%E5%BC%95%E7%81%AB%33" dan="17,17,16,16" rate="2229.70,2199.84,2192.84,2138.58" sx="F,M,M,M"/><TAIKYOKU oya="0"/><INIT seed="0,0,0,0,1,19" ten="250,250,250,250" oya="0" hai0="48,11,39,121,75,69,133,56,17,113,27,34,81" hai1="41,14,123,65,96,86,6,8,120,21,119,51,85" hai2="124,5,80,105,33,54,131,32,26,57,46,76,45" hai3="73,98,72,93,127,55,106,59,15,42,111,30,130"/><T70/><D113/><U104/><E119/><V118/><F105/><W112/><G112/><T89/><D39/><U53/><E41/><V103/><F103/><W24/><G111/><T23/><D133/><U79/><E65/><V95/><F95/><W68/><G68/><T63/><D34/><U101/><E79/><V10/><F118/><W114/><G114/><T50/><D121/><U115/><E115/><V18/><F124/><W87/><G127/><T49/><D11/><U3/><E120/><V92/><F92/><W74/><G130/><T97/><D97/><U91/><E91/><V78/><F131/><W13/><G42/><T0/><D0/><U64/><E64/><V84/><F76/><W37/><G87/><T66/><REACH who="0" step="1"/><D75/><REACH who="0" ten="240,250,250,250" step="2"/><U67/><E123/><V94/><F33/><W117/><G37/><T82/><D82/><U2/><E3/><V107/><F32/><W62/><G117/><T38/><D38/><U40/><E2/><V29/><F10/><W4/><G106/><T52/><D52/><U125/><E125/><V9/><F54/><W20/><REACH who="3" step="1"/><G4/><REACH who="3" ten="240,250,250,240" step="2"/><T135/><D135/><U122/><E122/><V108/><F5/><W132/><G132/><T22/><D22/><U100/><E21/><V58/><F107/><W16/><G16/><T77/><D77/><U36/><E36/><V31/><F18/><W35/><G35/><T116/><D116/><U90/><E104/><V102/><F78/><W12/><G12/><T110/><D110/><U71/><E14/><V28/><F108/><W61/><G61/><T88/><D88/><AGARI ba="0,2" hai="13,15,20,24,30,55,59,62,72,73,74,88,93,98" machi="88" ten="40,5200,0" yaku="1,1,52,1,54,1,53,0" doraHai="19" doraHaiUra="129" who="3" fromWho="0" sc="240,-52,250,0,250,0,240,72" /><INIT seed="1,0,0,1,5,17" ten="188,250,250,312" oya="1" hai0="79,97,10,92,74,99,94,67,106,132,104,26,93" hai1="66,50,11,127,133,12,98,83,33,111,82,2,61" hai2="91,58,125,30,123,122,1,101,71,65,6,135,3" hai3="60,113,24,114,96,87,32,78,28,54,29,70,41"/><U39/><E2/><V120/><F125/><W59/><G41/><T37/><D37/><U75/><E127/><V118/><F118/><W81/><G70/><T45/><D67/><U109/><E39/><V57/><F135/><W18/><G29/><T7/><D132/><U15/><E133/><V64/><F101/><W100/><G18/><T21/><D45/><U49/><E33/><V89/><F71/><W108/><G108/><N who="1" m="41546" /><E98/><V86/><F30/><W115/><G115/><T73/><D104/><AGARI ba="0,0" hai="24,28,32,54,59,60,78,81,87,96,100,104,113,114" machi="104" ten="30,1000,0" yaku="7,1" doraHai="17" who="3" fromWho="0" sc="188,-10,250,0,250,0,312,10" /><INIT seed="2,0,0,4,5,29" ten="178,250,250,322" oya="2" hai0="58,110,100,127,97,77,22,91,42,48,115,135,45" hai1="114,132,25,4,90,35,53,17,130,70,63,39,107" hai2="72,32,84,5,21,47,40,54,41,76,65,31,128" hai3="0,8,99,44,23,9,93,59,71,87,131,116,133"/><V64/><F72/><W18/><G71/><T27/><D110/><U96/><E114/><V102/><F128/><W67/><G116/><T79/><D115/><U86/><E130/><V56/><F102/><W105/><G105/><T57/><D135/><U121/><E132/><V118/><F118/><W62/><G131/><T15/><D15/><U73/><E73/><V51/><F32/><W30/><G30/><T68/><D68/><U106/><E39/><V75/><F5/><W78/><G0/><T109/><D127/><U126/><E4/><V108/><F75/><W98/><G44/><T123/><D123/><U69/><E121/><V101/><F101/><W16/><G18/><T20/><D20/><U52/><E17/><V38/><F108/><W92/><G78/><T33/><D33/><U119/><E107/><V43/><F38/><W46/><G46/><T60/><D109/><U1/><E69/><V94/><F47/><W12/><G87/><T34/><D34/><U2/><E2/><V14/><F76/><W129/><G129/><T83/><D91/><U95/><E1/><V3/><F3/><W117/><G117/><T104/><D83/><U134/><E126/><V36/><F36/><W10/><G133/><T7/><D7/><U82/><E106/><V80/><F80/><W26/><G12/><T13/><D13/><U11/><E119/><V89/><REACH who="2" step="1"/><F31/><REACH who="2" ten="178,250,240,322" step="2"/><W55/><G67/><T74/><D74/><U24/><E134/><V85/><F85/><W50/><G50/><T6/><D79/><U37/><E37/><V103/><F103/><W49/><G49/><RYUUKYOKU ba="0,1" sc="178,-15,250,-15,240,15,322,15" hai2="14,21,40,41,43,51,54,56,64,65,84,89,94" hai3="8,9,10,16,23,26,55,59,62,92,93,98,99" /><INIT seed="2,1,1,4,0,133" ten="163,235,255,337" oya="2" hai0="51,73,94,90,39,56,91,61,85,67,33,135,125" hai1="104,27,92,14,4,1,110,11,130,48,83,44,13" hai2="72,68,38,69,37,116,103,45,57,34,82,84,114" hai3="36,86,74,129,107,66,29,21,112,118,18,10,24"/><V52/><F34/><W77/><G118/><T78/><D39/><N who="2" m="14858" /><F84/><W106/><G36/><T16/><D33/><U26/><E104/><V132/><F82/><W31/><G74/><T17/><D135/><U117/><E117/><V42/><F103/><W49/><G66/><T41/><D73/><U79/><E92/><V89/><F89/><W126/><G49/><T65/><D78/><U35/><E130/><V71/><F72/><W76/><G129/><T63/><D125/><U101/><E101/><V134/><F116/><W100/><G126/><T6/><D6/><U113/><E113/><V97/><F97/><W128/><G128/><T64/><D91/><U62/><E83/><V81/><F81/><W111/><G112/><T55/><REACH who="0" step="1"/><D41/><REACH who="0" ten="153,235,255,337" step="2"/><U124/><E124/><V46/><F114/><W32/><G32/><T2/><D2/><U60/><E1/><V98/><F42/><W43/><G43/><T75/><D75/><U121/><E4/><V127/><F127/><W12/><G77/><T58/><D58/><U93/><E35/><V99/><F132/><W22/><G76/><T3/><D3/><U5/><E5/><V95/><F134/><W40/><G40/><T9/><D9/><U25/><E11/><V105/><F69/><W123/><G10/><T87/><D87/><U119/><E79/><V122/><F71/><W120/><G86/><T15/><D15/><U88/><E13/><V53/><F68/><W102/><G12/><T115/><D115/><U28/><E14/><V30/><F57/><W23/><G120/><T8/><D8/><U19/><E119/><RYUUKYOKU ba="1,2" sc="153,30,235,-10,255,-10,337,-10" hai0="16,17,51,55,56,61,63,64,65,67,85,90,94" /><INIT seed="3,2,2,0,2,73" ten="183,225,245,327" oya="3" hai0="129,44,69,33,130,25,89,4,104,7,108,94,134" hai1="115,66,128,57,126,67,120,60,88,112,135,21,51" hai2="59,123,109,132,111,61,46,72,43,92,76,13,1" hai3="28,133,101,96,79,74,86,85,20,62,42,35,17"/><W97/><G133/><T10/><D69/><U70/><E120/><V117/><F117/><W2/><G2/><T100/><D104/><U90/><E135/><V116/><F116/><W39/><G74/><T15/><D134/><U23/><E126/><V32/><F132/><W122/><G35/><T114/><D100/><U56/><E128/><V121/><F1/><W80/><G28/><T31/><D44/><U3/><E3/><V63/><F32/><W55/><G86/><T107/><D107/><U81/><E81/><N who="2" m="45191" /><F92/><W47/><G122/><N who="2" m="46601" /><F13/><W8/><G8/><T9/><D108/><N who="2" m="41546" /><F59/><W40/><G101/><T24/><D114/><U48/><E70/><V0/><F0/><W68/><G68/><T41/><D25/><U77/><E77/><V78/><F78/><W16/><G79/><T103/><D103/><U50/><E50/><V5/><F5/><W37/><G80/><T22/><D33/><U58/><E57/><V102/><F102/><W36/><G36/><AGARI ba="2,2" hai="36,43,46,61,63" m="41546,46601,45191" machi="36" ten="30,3900,0" yaku="13,1,14,1,52,1" doraHai="73" who="2" fromWho="3" sc="183,0,225,0,245,65,327,-45" owari="183,-31.7,225,-17.5,310,41.0,282,8.2" /></mjloggm>