<mjloggm ver="2.3"><GO type="225" lobby="0"/><UN n0="%77%72%77%72%77%72%77%72" n1="%E3%82%BC%E3%83%AB%E3%83%80%E3%81%AE%E4%BC%9D%E8%AA%AC" n2="%E6%9D%B1%E9%A2%A8%E3%81%AE%E3%81%8D%E3%82%83%E3%81%B7%E3%81%95%E3%82%93" n3="%E9%A6%AC%E5%BC%95%E7%81%AB%33" dan="16,17,16,16" rate="2105.04,2150.35,2181.94,2142.81" sx="M,M,M,M"/><TAIKYOKU oya="0"/><INIT seed="0,0,0,1,1,23" ten="250,250,250,250" oya="0" hai0="82,122,14,19,10,49,48,53,96,84,109,92,17" hai1="0,93,37,66,107,129,21,78,86,31,47,18,70" hai2="111,81,20,126,91,35,127,105,12,60,7,101,62" hai3="76,3,46,115,29,90,38,74,5,102,97,11,75"/><T130/><D130/><U61/><E107/><V36/><F36/><W103/><G115/><T15/><D122/><U27/><E129/><V22/><F35/><W4/><G4/><T33/><D33/><U121/><E121/><V51/><F111/><W80/><G29/><T98/><D109/><U54/><E0/><V30/><F51/><W104/><G90/><T125/><D125/><N who="2" m="47626" /><F7/><W43/><G103/><T110/><D110/><U118/><E118/><V6/><F6/><W71/><G75/><T57/><D49/><U45/><E37/><V50/><F50/><W56/><G56/><T1/><D1/><U79/><E54/><V28/><F12/><W116/><G71/><T59/><D59/><U41/><E31/><N who="2" m="11819" /><F91/><W73/><G73/><T99/><D17/><U26/><E41/><V44/><F81/><W9/><G11/><T2/><D15/><U135/><E135/><V131/><F44/><W114/><G114/><T25/><D2/><U55/><E47/><V94/><F105/><W133/><G133/><T83/><REACH who="0" step="1"/><D25/><REACH who="0" ten="240,250,250,250" step="2"/><U69/><E27/><V13/><F131/><W108/><G108/><T72/><D72/><U113/><E113/><V8/><F13/><W52/><G116/><T67/><D67/><U42/><E70/><V106/><F8/><W16/><G16/><T40/><D40/><U63/><E69/><V100/><F20/><W32/><G32/><T119/><D119/><U128/><E128/><V134/><F22/><W89/><G52/><T85/><D85/><U95/><E42/><V124/><N who="2" m="47634" /><V65/><DORA hai="87" /><F134/><W112/><G112/><RYUUKYOKU ba="0,1" sc="240,15,250,-15,250,-15,250,15" hai0="10,14,19,48,53,57,82,83,84,92,96,98,99" hai3="3,5,9,38,43,46,74,76,80,89,97,102,104" /><INIT seed="0,1,1,2,3,110" ten="255,235,235,265" oya="0" hai0="74,114,12,123,61,75,119,22,69,52,63,127,112" hai1="83,0,120,121,9,113,11,62,8,59,122,20,27" hai2="98,29,97,34,10,38,80,2,104,72,26,57,93" hai3="134,109,132,58,118,68,106,47,55,81,88,126,1"/><T32/><D119/><U94/><E94/><V19/><F38/><W131/><G118/><T73/><D123/><U24/><E83/><V108/><F108/><W67/><G109/><T3/><D32/><U92/><E92/><V33/><F33/><W44/><G126/><T5/><D127/><U100/><E100/><V90/><F57/><W79/><G131/><T43/><D43/><U111/><E111/><V6/><F19/><W42/><G1/><T35/><D35/><U46/><E46/><V15/><F2/><W99/><G67/><T28/><D3/><U95/><E95/><V18/><F6/><W85/><G68/><T53/><D28/><U64/><E0/><V37/><F37/><W13/><G13/><T50/><D53/><U84/><E84/><V125/><F125/><W7/><G7/><T129/><D129/><U70/><E113/><V87/><REACH who="2" step="1"/><F104/><REACH who="2" ten="255,235,225,265" step="2"/><W77/><G106/><T115/><D69/><U82/><E70/><V41/><F41/><W39/><G58/><T14/><D5/><U25/><REACH who="1" step="1"/><E82/><REACH who="1" ten="255,225,225,265" step="2"/><V65/><F65/><W133/><G81/><T31/><D115/><U86/><E86/><V60/><F60/><W102/><G85/><T105/><D105/><U36/><E36/><V16/><F16/><AGARI ba="1,3" hai="8,9,11,16,20,24,25,27,59,62,64,120,121,122" machi="16" ten="50,3200,0" yaku="1,1,54,1,53,0" doraHai="110" doraHaiUra="91" who="1" fromWho="2" sc="255,0,225,65,225,-35,265,0" /><INIT seed="1,0,0,5,4,63" ten="255,290,190,265" oya="1" hai0="59,35,110,90,78,124,89,107,43,70,11,6,100" hai1="75,108,64,112,117,83,106,60,21,46,34,9,128" hai2="74,102,130,80,93,76,10,17,55,120,16,85,82" hai3="133,50,61,135,101,127,109,47,31,129,14,67,123"/><U33/><E112/><V7/><F120/><W113/><G113/><T99/><D70/><U15/><E117/><V98/><F130/><W44/><G123/><T23/><D35/><U114/><E114/><V95/><F55/><W4/><G129/><T19/><D110/><U71/><E128/><V86/><F93/><W115/><G115/><T92/><D124/><U3/><E108/><V40/><F40/><W12/><G109/><T52/><D78/><N who="1" m="44511" /><E21/><V42/><F42/><W22/><G101/><T45/><D107/><U13/><E13/><V103/><F103/><W96/><G96/><T66/><D66/><U20/><E20/><V27/><F27/><W72/><G72/><T0/><D45/><U25/><E15/><V119/><F119/><W94/><G94/><T57/><D57/><U8/><E8/><V54/><F54/><W97/><G97/><T131/><D43/><U65/><E46/><V121/><F121/><W37/><G37/><T134/><D134/><N who="3" m="51209" /><G127/><T39/><D39/><U2/><E106/><V116/><F116/><W62/><G62/><T87/><D87/><U104/><E104/><V56/><F56/><N who="3" m="37287" /><G4/><T126/><D126/><U1/><E65/><V69/><F69/><W81/><G81/><T36/><D36/><U122/><E122/><V53/><F53/><N who="3" m="29895" /><G47/><T88/><D131/><U32/><E25/><AGARI ba="0,0" hai="12,14,22,25,31" m="29895,37287,51209" machi="25" ten="30,2000,0" yaku="20,1,52,1" doraHai="63" who="3" fromWho="1" sc="255,0,290,-20,190,0,265,20" /><INIT seed="2,0,0,0,3,6" ten="255,270,190,285" oya="2" hai0="30,72,19,42,5,67,134,71,38,57,4,40,97" hai1="79,26,2,94,112,121,117,46,129,37,34,95,124" hai2="133,111,8,118,27,63,83,49,59,36,93,78,61" hai3="33,110,65,135,130,125,85,23,101,80,29,35,114"/><V120/><F36/><W9/><G110/><T24/><D71/><U77/><E117/><V106/><F106/><W10/><G101/><T18/><D72/><U52/><E112/><V20/><F118/><W126/><G114/><T105/><D134/><U45/><E2/><V7/><F120/><W75/><G75/><T14/><D105/><U74/><E74/><V127/><F133/><W70/><G135/><T13/><D97/><U119/><E119/><V96/><F127/><N who="3" m="48651" /><G130/><T22/><D38/><U113/><E37/><V82/><F111/><W109/><G23/><N who="0" m="15647" /><D57/><U87/><E113/><V66/><F49/><W64/><G109/><T68/><D67/><N who="3" m="25673" /><G70/><T41/><D68/><U122/><E124/><V11/><F63/><W47/><G47/><T69/><D69/><U107/><E107/><V60/><F60/><W56/><G56/><T25/><D25/><U98/><E26/><V76/><F7/><W53/><G53/><T62/><D62/><U12/><E52/><N who="2" m="34023" /><F83/><W81/><G81/><T100/><D100/><U123/><E34/><N who="3" m="12810" /><G29/><T84/><D4/><U89/><E129/><V28/><F66/><W31/><G31/><T90/><D5/><U102/><E12/><V54/><F54/><W132/><G132/><T73/><D73/><U108/><E108/><V51/><F51/><W88/><AGARI ba="0,0" hai="9,10,80,85,88" m="12810,25673,48651" machi="88" ten="40,8000,1" yaku="18,1,52,2,54,1" doraHai="6" who="3" fromWho="3" sc="255,-20,270,-20,190,-40,285,80" /><INIT seed="3,0,0,2,5,5" ten="235,250,150,365" oya="3" hai0="42,112,25,56,76,69,32,20,87,11,102,62,65" hai1="55,28,78,80,133,126,130,106,38,10,119,122,34" hai2="49,85,27,37,6,114,52,40,92,39,68,16,43" hai3="29,96,12,127,23,45,116,66,129,110,75,50,107"/><W100/><G116/><T77/><D112/><U103/><E55/><V14/><F114/><W31/><G75/><T89/><D32/><U113/><E10/><N who="2" m="4439" /><F68/><W91/><G91/><T135/><D135/><U30/><E30/><V19/><F37/><W70/><G96/><T115/><D115/><U73/><E28/><V21/><F19/><W47/><G100/><T53/><D102/><U15/><E15/><V51/><F51/><W41/><G66/><T79/><D42/><U17/><E17/><V118/><F39/><W60/><G60/><T26/><D69/><U117/><E103/><V128/><F128/><W18/><G18/><BYE who="3" /><N who="0" m="12439" /><D26/><UN n3="%E9%A6%AC%E5%BC%95%E7%81%AB%33" /><U63/><E63/><V64/><F64/><W74/><G31/><T35/><D35/><U24/><E113/><V109/><F109/><W48/><G48/><T99/><D65/><U98/><E130/><V93/><F118/><N who="1" m="45065" /><E38/><V123/><F123/><W101/><G47/><T4/><D99/><U105/><E98/><V90/><F93/><W108/><G50/><T2/><D2/><U61/><E122/><V59/><AGARI ba="0,0" hai="16,21,27,40,43,49,52,59,85,90,92" m="4439" machi="59" ten="30,7900,0" yaku="8,1,52,1,54,2" doraHai="5" who="2" fromWho="2" sc="235,-20,250,-20,150,79,365,-39" owari="215,-28.5,230,3.0,229,-17.1,326,42.6" /></mjloggm>