<mjloggm ver="2.3"><GO type="225" lobby="0"/><UN n0="%E4%B8%8B%E6%AE%B5%E3%83%81%E3%82%A7%E3%83%AA%E3%83%BC" n1="%E3%82%A4%E3%82%AD%E3%83%AA" n2="%E6%80%AA%E3%81%97%E3%81%99%E3%81%8E%E3%82%8B%E3%83%81%E3%83%BC" n3="%E7%9A%AE%E3%80%85" dan="16,16,16,16" rate="2137.44,2060.69,2066.74,2154.74" sx="M,M,M,M"/><TAIKYOKU oya="0"/><INIT seed="0,0,0,1,3,94" ten="250,250,250,250" oya="0" hai0="128,61,68,98,72,1,26,120,34,19,42,99,54" hai1="5,84,113,135,20,121,123,13,23,93,39,49,129" hai2="65,106,10,2,22,82,29,63,46,71,25,47,118" hai3="7,89,114,110,100,107,131,112,115,15,64,133,81"/><T40/><D120/><U91/><E39/><V37/><F118/><W43/><G43/><N who="0" m="16427" /><D72/><U41/><E129/><V70/><F70/><W56/><G131/><T32/><D32/><U119/><E119/><V53/><F37/><W57/><G110/><T8/><D68/><U111/><E111/><V24/><F106/><W109/><G109/><T124/><D34/><U74/><E74/><V96/><F82/><W18/><G7/><T33/><D33/><U27/><E135/><V78/><F25/><W9/><G64/><T73/><D73/><U108/><E113/><V66/><F78/><W80/><G133/><T130/><D130/><U55/><E41/><V101/><F66/><W6/><G6/><T134/><D134/><U28/><E108/><V67/><F67/><W83/><REACH who="3" step="1"/><G89/><REACH who="3" ten="250,250,250,240" step="2"/><T95/><D128/><U60/><E5/><V88/><F65/><W12/><G12/><N who="0" m="7559" /><D1/><U51/><E121/><V79/><F88/><W58/><G58/><N who="0" m="35031" /><D124/><U38/><E123/><V105/><F2/><W87/><G87/><T14/><D14/><U97/><E84/><V104/><F71/><W45/><G45/><T50/><D26/><N who="1" m="16455" /><E13/><V116/><F24/><W90/><G90/><N who="0" m="55671" /><D50/><U126/><E126/><V86/><F47/><W69/><G69/><T4/><D4/><U77/><E38/><V17/><F46/><W127/><G127/><T30/><D30/><N who="1" m="17791" /><E77/><V21/><F79/><W44/><G44/><T31/><D31/><U52/><E55/><V102/><F53/><W122/><G122/><T103/><D103/><U75/><E75/><V132/><F101/><W11/><G11/><RYUUKYOKU ba="0,1" sc="250,10,250,10,250,-30,240,10" hai0="99" hai1="49,51,52,60,91,93,97" hai3="9,15,18,56,57,80,81,83,100,107,112,114,115" /><INIT seed="0,1,1,0,5,124" ten="260,260,220,250" oya="0" hai0="119,78,109,36,22,107,81,89,133,30,43,5,116" hai1="130,99,100,14,32,112,13,86,110,11,37,90,34" hai2="129,6,117,28,40,8,91,19,2,63,127,73,128" hai3="105,84,68,120,62,64,16,82,135,96,113,45,104"/><T24/><D107/><U31/><E37/><V50/><F127/><W26/><G113/><T60/><D133/><U58/><E112/><V41/><F117/><W10/><G135/><T80/><D109/><U87/><E110/><V122/><F122/><W0/><G120/><T101/><D101/><U27/><E130/><N who="2" m="50283" /><F73/><W1/><G45/><T56/><D5/><U67/><E34/><V118/><F118/><W20/><G96/><T54/><D81/><U29/><E29/><V74/><F74/><W61/><G61/><T39/><D39/><U23/><E32/><V65/><F28/><W33/><G33/><T49/><D36/><U85/><E90/><V106/><F106/><W70/><G70/><T48/><D89/><U9/><E9/><V79/><F79/><W125/><G125/><T114/><D114/><U95/><E11/><V134/><F134/><W108/><G108/><T123/><D123/><U92/><E92/><V126/><F126/><W98/><G10/><T121/><D121/><U44/><E44/><V57/><F19/><W97/><G105/><T88/><D88/><U93/><E93/><V75/><F75/><W71/><G104/><T25/><D119/><U38/><E38/><V132/><F132/><W66/><G98/><T69/><D116/><U53/><E67/><V18/><F18/><W131/><G97/><T35/><D69/><U83/><REACH who="1" step="1"/><E83/><REACH who="1" ten="260,250,220,250" step="2"/><V3/><F3/><N who="3" m="1099" /><G131/><T76/><D80/><U47/><E47/><N who="2" m="25959" /><F91/><N who="3" m="51607" /><G68/><T51/><D43/><AGARI ba="1,2" hai="2,6,8,41,43,57,63,65" m="25959,50283" machi="43" ten="30,7700,0" yaku="19,1,52,3" doraHai="124" who="2" fromWho="0" sc="260,-80,250,0,220,100,250,0" /><INIT seed="1,0,0,5,0,6" ten="180,250,320,250" oya="1" hai0="40,83,113,62,55,13,8,117,114,107,22,28,102" hai1="130,5,50,101,17,43,108,112,44,105,3,54,38" hai2="59,111,11,69,135,23,84,106,64,103,132,104,109" hai3="85,72,21,41,56,92,110,14,4,78,52,97,100"/><U34/><E112/><V127/><F69/><W93/><G110/><N who="2" m="41993" /><F127/><W12/><G72/><T67/><D117/><U86/><E34/><V37/><F37/><W25/><G41/><T124/><D124/><U82/><E108/><V118/><F118/><W48/><G4/><T76/><D40/><U87/><E130/><V71/><F71/><W128/><G128/><T26/><D55/><U19/><E101/><V29/><F11/><W46/><G46/><T73/><D102/><U91/><E105/><N who="2" m="40555" /><F84/><W120/><G120/><T39/><D107/><U18/><E86/><V129/><F103/><W95/><G78/><T2/><D2/><U16/><N who="1" m="4096" /><DORA hai="47" /><U89/><E5/><V131/><F129/><W61/><G61/><T123/><D39/><U33/><E33/><V20/><F131/><W63/><G63/><T45/><D45/><U122/><E3/><V94/><F94/><N who="3" m="58423" /><G85/><T49/><D123/><U24/><E122/><V27/><F23/><W10/><G10/><T30/><D30/><AGARI ba="0,0" hai="12,14,21,25,30,48,52,56,92,93,95" m="58423" machi="30" ten="30,3900,0" yaku="8,1,52,1,54,1" doraHai="6,47" who="3" fromWho="0" sc="180,-39,250,0,320,0,250,39" /><INIT seed="2,0,0,2,1,28" ten="141,250,320,289" oya="2" hai0="36,15,81,124,4,7,67,115,2,48,70,93,14" hai1="131,86,8,26,127,13,65,24,31,78,55,74,98" hai2="92,34,10,46,23,17,58,107,77,128,134,111,59" hai3="96,52,30,29,133,41,44,42,83,68,0,76,135"/><V32/><F107/><W130/><G68/><T60/><D36/><U66/><E131/><V129/><F134/><N who="3" m="51211" /><G0/><T99/><D115/><U35/><E127/><V20/><F111/><W103/><G130/><N who="2" m="50281" /><F77/><W109/><G109/><T38/><D38/><U75/><E26/><V110/><F46/><W95/><G52/><T47/><D124/><U49/><E98/><V125/><F125/><W63/><G63/><T43/><D81/><U123/><E123/><V45/><F45/><W39/><G41/><T71/><D71/><U22/><E22/><N who="2" m="8235" /><F92/><W64/><G64/><T80/><D80/><U112/><E112/><V108/><F110/><W12/><G12/><T85/><D85/><AGARI ba="0,0" hai="29,30,39,42,44,76,83,85,95,96,103" m="51211" machi="85" ten="30,1000,0" yaku="20,1" doraHai="28" who="3" fromWho="0" sc="141,-10,250,0,320,0,289,10" /><INIT seed="3,0,0,5,1,32" ten="131,250,320,299" oya="3" hai0="84,60,70,39,132,128,86,10,123,127,1,94,13" hai1="58,59,133,80,110,112,30,6,92,18,38,98,45" hai2="9,118,79,54,0,106,101,5,55,61,125,72,67" hai3="76,36,124,87,56,35,49,91,108,99,102,93,68"/><W122/><G68/><T65/><D123/><U75/><E112/><V69/><F118/><W22/><G122/><T28/><D39/><U78/><E110/><V111/><F111/><W46/><G35/><T113/><D113/><U104/><E104/><V63/><F125/><W77/><G108/><T81/><D127/><U3/><E133/><V74/><F63/><W2/><G124/><T88/><D132/><U134/><E18/><V27/><F79/><W66/><G36/><T11/><D128/><U12/><E12/><V21/><F74/><W43/><G2/><T117/><D117/><U37/><E30/><V107/><F72/><W50/><G22/><T34/><D34/><U23/><E23/><V57/><F101/><W31/><G31/><T89/><D28/><U42/><E37/><V51/><F54/><N who="3" m="31823" /><G66/><T26/><D26/><U41/><E41/><V29/><AGARI ba="0,0" hai="0,5,9,21,27,29,51,55,57,61,67,69,106,107" machi="29" ten="20,2700,0" yaku="0,1,7,1,52,1" doraHai="32" who="2" fromWho="2" sc="131,-7,250,-7,320,27,299,-13" owari="124,-37.6,243,-15.7,347,44.7,286,8.6" /></mjloggm>