<mjloggm ver="2.3"><GO type="225" lobby="0"/><UN n0="%E3%83%81%E3%83%83%E3%82%BF%E3%82%BD%E3%83%BC" n1="%E3%83%96%E3%83%83%E3%83%91%E3%82%AA%E3%83%96%E3%83%81%E3%82%AD%E3%83%B3" n2="%55%E3%81%A3%E3%81%A1" n3="%E3%81%95%E3%81%8D%E3%81%9F%E3%81%BE%E6%9E%97%E6%AA%8E" dan="17,16,16,16" rate="2200.24,2137.12,2122.77,2134.86" sx="F,M,M,M"/><TAIKYOKU oya="0"/><INIT seed="0,0,0,3,1,60" ten="250,250,250,250" oya="0" hai0="63,23,110,49,94,46,67,82,44,50,36,25,115" hai1="89,27,26,102,2,111,4,65,121,6,24,47,31" hai2="61,105,30,90,95,68,117,98,72,64,41,53,11" hai3="74,57,58,112,88,7,78,114,125,134,127,28,73"/><T101/><D115/><N who="3" m="44073" /><G28/><T92/><D110/><U43/><E121/><V75/><F117/><W99/><G7/><T124/><D124/><N who="3" m="47689" /><G78/><T108/><D108/><U120/><E111/><V106/><F30/><W21/><G21/><T8/><D36/><U91/><E120/><V113/><F113/><W96/><G134/><T12/><D82/><U123/><E123/><V85/><F11/><W69/><G69/><T129/><D129/><U84/><E31/><V133/><F133/><W3/><G3/><T34/><D34/><U45/><E2/><V42/><F72/><N who="3" m="27755" /><G88/><T37/><D23/><U52/><E102/><V32/><F75/><W56/><AGARI ba="0,0" hai="56,57,58,96,99" m="27755,47689,44073" machi="56" ten="40,5200,0" yaku="28,2,18,1" doraHai="60" who="3" fromWho="3" sc="250,-26,250,-13,250,-13,250,52" /><INIT seed="1,0,0,3,1,21" ten="224,237,237,302" oya="1" hai0="69,99,53,87,46,17,59,62,0,55,44,80,128" hai1="22,135,131,122,133,41,106,112,100,3,92,85,26" hai2="68,123,121,40,98,115,117,34,58,75,74,48,91" hai3="103,97,90,70,95,114,93,51,18,52,125,38,11"/><U60/><E112/><V12/><F34/><W16/><G38/><T76/><D128/><U29/><E122/><V129/><F68/><W73/><G73/><T124/><D124/><U33/><E131/><V126/><F129/><W96/><G125/><T104/><D69/><U110/><E3/><V54/><F126/><W20/><G114/><T107/><D0/><U57/><E41/><V30/><F117/><W83/><G70/><T14/><D99/><U7/><E7/><V111/><F111/><W37/><G37/><T101/><D101/><U105/><E33/><V94/><F115/><W79/><G79/><T127/><D127/><U43/><E43/><V47/><F30/><W9/><G83/><T15/><D15/><U86/><E110/><V119/><F119/><W81/><G81/><T6/><D6/><U132/><E86/><V27/><F121/><W134/><G18/><T13/><D13/><U84/><E85/><V108/><F108/><W120/><G120/><T42/><D53/><U1/><E1/><V49/><F123/><W39/><G39/><T67/><D55/><N who="1" m="33855" /><E100/><V35/><F12/><N who="3" m="9223" /><G134/><N who="1" m="34306" /><U36/><DORA hai="65" /><E36/><V113/><REACH who="2" step="1"/><F113/><REACH who="2" ten="224,237,227,302" step="2"/><W118/><G118/><T8/><REACH who="0" step="1"/><D42/><REACH who="0" ten="214,237,227,302" step="2"/><U77/><E77/><V89/><F89/><AGARI ba="0,2" hai="22,26,29,84,89,92,105,106" m="34306,33855" machi="89" ten="40,3900,0" yaku="20,1,52,1" doraHai="21,65" who="1" fromWho="2" sc="214,0,237,59,227,-39,302,0" /><INIT seed="1,1,0,5,2,112" ten="214,296,188,302" oya="1" hai0="1,110,102,13,77,103,71,30,104,95,86,35,56" hai1="89,118,99,14,116,18,42,2,73,47,33,55,19" hai2="24,20,87,60,31,91,29,62,11,68,119,43,26" hai3="107,38,23,94,78,41,6,130,90,57,37,34,25"/><U125/><E2/><V69/><F43/><W67/><G107/><T70/><D1/><U97/><E73/><V0/><F0/><W88/><G34/><T17/><D104/><U65/><E33/><V93/><F11/><W79/><G6/><T123/><D123/><U40/><E65/><V8/><F8/><W124/><G124/><T83/><D110/><U96/><E125/><V82/><F68/><W98/><G130/><T75/><D30/><U58/><E89/><V4/><F4/><W80/><G41/><T27/><D27/><U85/><E85/><V66/><F62/><N who="3" m="38351" /><G38/><T121/><D35/><U48/><E42/><V63/><F60/><W49/><G49/><T74/><D56/><U72/><E72/><V21/><REACH who="2" step="1"/><F119/><REACH who="2" ten="214,296,178,302" step="2"/><W128/><G128/><T127/><D127/><U100/><E100/><V131/><F131/><W36/><G36/><T105/><D103/><U54/><E40/><V81/><AGARI ba="1,1" hai="20,21,24,26,29,31,63,66,69,81,82,87,91,93" machi="81" ten="30,4000,0" yaku="1,1,0,1,9,1,53,0" doraHai="112" doraHaiUra="52" who="2" fromWho="2" sc="214,-11,296,-21,178,53,302,-11" /><INIT seed="2,0,0,3,1,5" ten="203,275,231,291" oya="2" hai0="18,55,27,23,81,12,61,118,83,89,43,119,135" hai1="64,75,132,123,11,99,70,111,42,34,90,63,98" hai2="74,73,67,125,103,60,77,10,51,96,47,88,129" hai3="131,44,72,24,0,6,120,29,100,52,28,116,4"/><V16/><F129/><W106/><G72/><T25/><D135/><U71/><E75/><V21/><F125/><W82/><G120/><T40/><D61/><U104/><E132/><V97/><F77/><W76/><G116/><N who="0" m="44587" /><D55/><U9/><E123/><V46/><F103/><W41/><G131/><T79/><D89/><U121/><E121/><V101/><F101/><W13/><G0/><T32/><D83/><U59/><E111/><V133/><F133/><W93/><G106/><T62/><D62/><U66/><E34/><V115/><F115/><W3/><G3/><T26/><D32/><U130/><E130/><V19/><F73/><AGARI ba="0,0" hai="12,18,23,25,26,27,40,43,73,79,81" m="44587" machi="73" ten="30,1000,0" yaku="12,1" doraHai="5" who="0" fromWho="2" sc="203,10,275,0,231,-10,291,0" /><INIT seed="3,0,0,1,0,98" ten="213,275,221,291" oya="3" hai0="86,38,15,67,68,102,110,94,135,9,49,109,79" hai1="121,44,126,16,53,114,115,113,111,18,66,3,112" hai2="92,11,122,51,0,74,28,22,24,2,54,29,90" hai3="95,48,129,33,55,65,10,91,83,130,50,62,82"/><W26/><G10/><T132/><D38/><U101/><E121/><V118/><F118/><W70/><G26/><T19/><D49/><U123/><E123/><V75/><F122/><W127/><G33/><T89/><D79/><U47/><E3/><V99/><F28/><W107/><G107/><T45/><D45/><U85/><E115/><V116/><F116/><W77/><G127/><T59/><D68/><U73/><E73/><V34/><F34/><W41/><G41/><T93/><D59/><U117/><E117/><V131/><F131/><N who="3" m="50187" /><G77/><T88/><D67/><U1/><E1/><V7/><REACH who="2" step="1"/><F2/><REACH who="2" ten="213,275,211,291" step="2"/><W106/><G106/><T60/><D132/><U39/><E114/><V72/><F72/><W64/><G64/><T124/><D135/><U57/><E113/><V97/><F97/><N who="3" m="57599" /><G50/><T61/><D124/><U128/><E112/><V23/><F23/><W133/><G133/><T58/><D61/><U63/><E126/><V21/><F21/><W80/><G48/><T30/><D30/><U35/><E128/><V40/><F40/><W100/><G55/><T108/><D60/><U134/><E35/><V43/><F43/><W5/><G5/><T25/><D25/><U87/><E134/><V42/><F42/><W103/><AGARI ba="0,1" hai="62,65,70,80,82,83,100,103" m="57599,50187" machi="103" ten="40,7800,0" yaku="19,1,52,2" doraHai="98" who="3" fromWho="3" sc="213,-26,275,-26,211,-26,291,88" owari="187,-21.3,249,4.9,185,-31.5,379,47.9" /></mjloggm>