<mjloggm ver="2.3"><GO type="225" lobby="0"/><UN n0="%E7%99%BD%E5%80%89%E5%AF%9B%E4%B9%8B" n1="%E3%83%A9%E3%82%B9%E7%8E%87%EF%BC%93%E5%89%B2" n2="%E9%B7%B9%E5%80%89%E6%9D%8F%E9%88%B4" n3="%E5%A4%8F%E9%88%B4%E9%88%B4%E5%A4%8F" dan="16,16,16,16" rate="2118.95,2203.79,2095.31,2119.45" sx="M,F,F,F"/><TAIKYOKU oya="0"/><INIT seed="0,0,0,2,5,51" ten="250,250,250,250" oya="0" hai0="95,125,78,105,89,8,68,110,134,112,86,57,120" hai1="17,73,44,39,99,59,88,124,126,52,114,82,119" hai2="121,135,93,98,130,0,83,131,75,65,22,123,118" hai3="11,56,42,63,77,4,26,38,43,107,67,70,76"/><T79/><D68/><U18/><E119/><V91/><F0/><W34/><G107/><T36/><D36/><U133/><E133/><V60/><F22/><W61/><G26/><T122/><D8/><U28/><E28/><V90/><F60/><W48/><G34/><T32/><D32/><U5/><E5/><V129/><F65/><W24/><G24/><T19/><D19/><U1/><E1/><V108/><F108/><W87/><G48/><T100/><D57/><U14/><E114/><V47/><F47/><W29/><G29/><T50/><D50/><N who="1" m="31127" /><E73/><V31/><F31/><W20/><G20/><T111/><D112/><U58/><E58/><V53/><F53/><W37/><G37/><T6/><D6/><U7/><E7/><V25/><F25/><W109/><G109/><N who="0" m="41483" /><D134/><U115/><E115/><V94/><F135/><W15/><G38/><T104/><D125/><N who="1" m="48235" /><E14/><V106/><F106/><N who="0" m="41066" /><D100/><U54/><E39/><V80/><F118/><W102/><G102/><T81/><D78/><U21/><E21/><V128/><F128/><W92/><G77/><T10/><D10/><U96/><E44/><V117/><F117/><W27/><G76/><T49/><D49/><U85/><E54/><V97/><F131/><W16/><G4/><T35/><D35/><U12/><E12/><V30/><F30/><W64/><REACH who="3" step="1"/><G27/><REACH who="3" ten="250,250,250,240" step="2"/><T46/><D46/><U40/><E40/><V116/><F116/><W9/><G9/><T41/><D41/><U72/><E18/><V103/><F103/><W13/><G13/><T84/><AGARI ba="0,1" hai="79,81,84,86,89,95,120,122" m="41066,41483" machi="84" ten="30,11700,0" yaku="14,1,10,1,34,2" doraHai="51" who="0" fromWho="0" sc="250,127,250,-39,250,-39,240,-39" /><INIT seed="0,1,0,5,5,91" ten="377,211,211,201" oya="0" hai0="97,68,7,124,81,79,20,96,50,18,34,83,31" hai1="105,72,126,9,42,53,67,41,37,88,93,107,55" hai2="77,125,111,52,85,1,12,28,112,35,3,121,44" hai3="45,100,103,92,59,114,0,133,25,58,127,135,104"/><T54/><D68/><U66/><E72/><V19/><F112/><W75/><G75/><T6/><D34/><U95/><E37/><V86/><F121/><W43/><G114/><T74/><D31/><U94/><E88/><V128/><F111/><W13/><G0/><T48/><D48/><U102/><E102/><V106/><F106/><N who="1" m="40457" /><E9/><V90/><F125/><W24/><G13/><N who="0" m="9295" /><D74/><U89/><E89/><V2/><F128/><W73/><G73/><T131/><D131/><U65/><E126/><V39/><F39/><W16/><G104/><T82/><D79/><U27/><E27/><V122/><F122/><W108/><G25/><T33/><D33/><U110/><E110/><V10/><F28/><W8/><G103/><T14/><D124/><U5/><E5/><N who="0" m="1545" /><D14/><U130/><E130/><V47/><F35/><W80/><G127/><T134/><D134/><N who="3" m="51209" /><G108/><T51/><D51/><U38/><E38/><V120/><F120/><W119/><G119/><T69/><D69/><U26/><E26/><V63/><F44/><AGARI ba="1,0" hai="44,50,54,81,82,83,96,97" m="1545,9295" machi="44" ten="30,1500,0" yaku="8,1" doraHai="91" who="0" fromWho="2" sc="377,18,211,0,211,-18,201,0" /><INIT seed="0,2,0,4,5,39" ten="395,211,193,201" oya="0" hai0="101,93,54,133,19,103,28,119,94,90,134,105,36" hai1="59,118,126,74,78,24,9,87,17,1,120,63,40" hai2="57,113,86,131,96,91,73,76,69,124,4,26,68" hai3="95,62,56,75,109,106,81,125,12,129,2,14,65"/><T5/><D36/><U128/><E118/><V132/><F113/><W7/><G109/><T104/><D28/><U21/><E120/><V58/><F4/><W41/><G106/><N who="0" m="41067" /><D5/><U102/><E74/><V53/><F96/><W6/><G125/><T3/><D54/><U72/><E72/><V23/><F131/><W52/><G129/><T67/><D19/><U46/><E128/><V31/><F132/><N who="0" m="50794" /><D67/><U100/><E126/><V29/><F124/><W110/><G110/><T85/><D3/><U99/><E99/><V83/><F31/><W111/><G111/><T25/><D25/><U97/><E97/><V38/><F38/><W127/><G127/><T47/><D47/><U30/><E1/><V16/><F29/><W18/><G41/><T130/><D130/><U0/><E0/><V45/><F45/><W27/><G27/><T60/><D60/><U80/><E9/><V44/><F44/><W15/><G18/><T48/><D48/><N who="1" m="26695" /><E17/><V71/><REACH who="2" step="1"/><F53/><AGARI ba="2,0" hai="21,24,30,53,59,63,78,80,87,100,102" m="26695" machi="53" ten="30,2000,0" yaku="8,1,52,1" doraHai="39" who="1" fromWho="2" sc="395,0,211,26,193,-26,201,0" /><INIT seed="1,0,0,3,0,85" ten="395,237,167,201" oya="1" hai0="33,53,16,80,82,77,97,13,79,126,46,9,114" hai1="19,100,6,49,123,89,132,2,94,78,128,69,117" hai2="7,24,120,55,83,23,31,66,68,93,51,108,32" hai3="90,92,63,21,57,110,84,91,54,118,40,22,131"/><U115/><E69/><V35/><F120/><W101/><G110/><T74/><D33/><U111/><E115/><V116/><F108/><W105/><G118/><T1/><D114/><U81/><E128/><V121/><F116/><W134/><G131/><T29/><D29/><U71/><E132/><V38/><F121/><W45/><G134/><T62/><D126/><U11/><E71/><V72/><F38/><W103/><G91/><T27/><D27/><U41/><E19/><V87/><F7/><W44/><G105/><T36/><D1/><U50/><E41/><V10/><F10/><W47/><REACH who="3" step="1"/><G40/><REACH who="3" ten="395,237,167,191" step="2"/><N who="0" m="22791" /><D77/><U70/><E111/><V109/><F109/><W48/><G48/><T43/><D79/><U86/><E117/><V112/><F112/><W127/><G127/><T26/><D43/><U129/><E123/><V20/><F51/><W95/><G95/><T28/><D80/><U73/><E129/><V5/><F83/><W124/><G124/><T0/><D82/><U99/><REACH who="1" step="1"/><E70/><REACH who="1" ten="395,227,167,191" step="2"/><V96/><F68/><W37/><G37/><T56/><D16/><U76/><E76/><V17/><F17/><W113/><G113/><T88/><D28/><U52/><E52/><V34/><F55/><W3/><G3/><T107/><D53/><U25/><E25/><V135/><F135/><W122/><G122/><T102/><D26/><U59/><E59/><V15/><F24/><W42/><G42/><T67/><D0/><U98/><E98/><V64/><F96/><W119/><G119/><T106/><D97/><U104/><AGARI ba="0,2" hai="2,6,11,49,50,73,78,81,86,89,94,99,100,104" machi="104" ten="20,18000,2" yaku="1,1,0,1,7,1,24,2,52,1,53,1" doraHai="85" doraHaiUra="4" who="1" fromWho="1" sc="395,-60,227,200,167,-60,191,-60" /><INIT seed="1,1,0,2,5,106" ten="335,427,107,131" oya="1" hai0="82,114,65,18,69,104,91,94,97,130,25,98,129" hai1="83,75,108,99,95,33,85,73,64,93,34,79,60" hai2="3,15,55,49,133,6,68,132,122,86,14,45,131" hai3="58,2,12,71,125,20,59,27,105,100,17,115,21"/><U88/><E108/><V5/><F122/><W42/><G115/><T116/><D65/><U46/><E46/><V87/><F68/><W117/><G71/><T101/><D69/><U16/><E16/><V127/><F127/><W44/><G117/><T56/><D56/><U24/><E24/><V40/><F131/><N who="0" m="50186" /><D18/><U53/><E53/><V41/><F49/><W51/><G2/><T135/><D25/><U89/><REACH who="1" step="1"/><E75/><REACH who="1" ten="335,417,107,131" step="2"/><V43/><F45/><W123/><G125/><T26/><D26/><U11/><E11/><V29/><F55/><W30/><G123/><T35/><D35/><U23/><E23/><V109/><F109/><W8/><G21/><T32/><D32/><U36/><E36/><V19/><F19/><W126/><G126/><T72/><D114/><U74/><E74/><V102/><F40/><W38/><G38/><T39/><D39/><U76/><E76/><V84/><F43/><W124/><G124/><T113/><D113/><U67/><E67/><V110/><F41/><W77/><G77/><N who="0" m="44327" /><D116/><U128/><E128/><V81/><F110/><W13/><G8/><T70/><D70/><AGARI ba="1,1" hai="33,34,60,64,70,73,79,83,85,88,89,93,95,99" machi="70" ten="30,11600,0" yaku="1,1,7,1,52,1,54,1,53,0" doraHai="106" doraHaiUra="50" who="1" fromWho="0" sc="335,-119,417,129,107,0,131,0" /><INIT seed="1,2,0,2,5,62" ten="216,546,107,131" oya="1" hai0="108,22,18,116,89,84,10,11,128,104,45,31,120" hai1="60,117,83,134,93,53,23,8,133,135,16,21,50" hai2="56,69,37,95,58,54,40,88,105,76,4,44,29" hai3="2,85,30,5,72,66,15,49,81,97,57,67,73"/><U24/><E117/><V78/><F105/><W123/><G2/><T119/><D104/><U92/><E8/><V90/><F4/><W39/><G123/><T131/><D120/><U103/><E103/><V122/><F122/><W26/><G39/><T19/><D45/><U98/><E98/><V7/><F7/><W118/><G118/><N who="0" m="45099" /><D84/><U64/><E23/><V115/><F115/><W55/><G97/><T1/><D89/><U48/><E83/><V79/><F29/><W3/><G3/><T126/><D126/><U132/><E132/><V109/><F109/><W17/><G5/><N who="0" m="1327" /><D108/><U113/><E113/><V63/><F69/><W38/><G38/><T43/><D43/><U86/><E86/><V12/><F12/><W100/><G100/><T36/><D36/><U102/><E102/><V107/><F107/><W47/><G47/><T27/><D11/><U20/><E20/><V114/><F114/><W125/><G73/><T65/><D65/><N who="3" m="24585" /><G72/><T87/><D87/><U25/><E134/><V127/><F127/><W34/><G125/><T110/><D110/><U96/><E135/><V77/><N who="2" m="19456" /><DORA hai="14" /><V121/><F121/><W68/><G68/><T32/><D19/><U71/><E16/><V99/><REACH who="2" step="1"/><F58/><REACH who="2" ten="216,546,97,131" step="2"/><W42/><G30/><T111/><D111/><U35/><E133/><V0/><F0/><W94/><G34/><T33/><D32/><U82/><E35/><V112/><F112/><W28/><G28/><T70/><D70/><U13/><E71/><V41/><F41/><W101/><G42/><T59/><D59/><U6/><E6/><V75/><F75/><RYUUKYOKU ba="2,1" sc="216,15,546,-15,97,15,131,-15" hai0="18,22,27,31,33,128,131" hai2="37,40,44,54,56,63,88,90,95,99" /><INIT seed="2,3,1,3,5,126" ten="231,531,112,116" oya="2" hai0="96,104,6,123,30,33,134,87,98,54,34,57,127" hai1="67,81,89,20,0,63,85,44,110,26,40,4,70" hai2="125,79,74,101,109,71,14,8,45,117,12,92,51" hai3="16,21,75,56,119,27,29,19,37,41,107,48,88"/><V69/><F117/><W135/><G119/><T99/><D127/><U5/><E110/><V84/><F125/><W18/><G107/><T114/><D104/><U118/><E0/><V36/><F36/><W24/><G135/><T64/><D64/><U47/><E47/><V15/><F109/><W102/><G75/><T39/><D39/><U82/><E82/><V76/><F74/><W124/><G124/><T58/><D30/><U106/><E106/><V103/><F69/><W52/><G102/><T55/><D6/><U13/><E13/><N who="2" m="5227" /><F71/><W38/><G41/><T1/><D1/><U78/><E78/><N who="2" m="29739" /><F84/><W86/><REACH who="3" step="1"/><G27/><REACH who="3" ten="231,531,112,106" step="2"/><T49/><D134/><U122/><E118/><V46/><F92/><AGARI ba="3,2" hai="16,18,19,21,24,29,37,38,48,52,56,86,88,92" machi="92" ten="40,12000,2" yaku="1,1,2,1,54,3,53,1" doraHai="126" doraHaiUra="83" who="3" fromWho="2" sc="231,0,531,0,112,-129,106,149" owari="231,-16.9,531,63.1,-17,-51.7,255,5.5" /></mjloggm>