<mjloggm ver="2.3"><GO type="225" lobby="0"/><UN n0="%77%72%77%72%77%72%77%72" n1="%E3%81%BF%E3%81%BF%E3%81%9A" n2="%72%69%6F%75%63%68%61%6E" n3="%E3%80%90%E3%83%88%E3%83%AA%E3%83%A5%E3%83%95%E3%80%91" dan="17,18,16,16" rate="2162.45,2226.23,2193.08,2102.23" sx="M,M,M,M"/><TAIKYOKU oya="0"/><INIT seed="0,0,0,1,4,10" ten="250,250,250,250" oya="0" hai0="56,2,104,123,75,39,46,14,127,0,118,65,83" hai1="106,73,90,3,97,5,72,29,77,68,105,63,17" hai2="11,122,67,20,98,81,13,92,62,82,44,23,40" hai3="52,36,26,79,125,76,28,130,86,64,94,126,24"/><T74/><D118/><U32/><E17/><V34/><F34/><W35/><G36/><T41/><D123/><U61/><E90/><V134/><F134/><W117/><G117/><T89/><D127/><N who="3" m="48649" /><G64/><T33/><D104/><U80/><E61/><V38/><F122/><W95/><G24/><T71/><D33/><U27/><E73/><V57/><F20/><W78/><G130/><T25/><D25/><U4/><E3/><V111/><F23/><W19/><G19/><T58/><D0/><U103/><REACH who="1" step="1"/><E106/><REACH who="1" ten="250,240,250,250" step="2"/><V110/><F111/><W54/><G95/><T47/><D2/><U114/><E114/><V48/><F110/><W120/><G120/><T116/><D75/><U22/><E22/><V115/><F115/><W121/><G121/><T129/><D74/><U31/><E31/><V133/><F133/><W84/><G84/><T37/><D116/><U96/><E96/><V6/><REACH who="2" step="1"/><F38/><REACH who="2" ten="250,240,240,250" step="2"/><W49/><G49/><T91/><D37/><U107/><E107/><V87/><F87/><W109/><G109/><T112/><D39/><U66/><AGARI ba="0,2" hai="4,5,27,29,32,63,66,68,72,77,80,97,103,105" machi="66" ten="30,8000,1" yaku="1,1,0,1,25,2,53,1" doraHai="10" doraHaiUra="21" who="1" fromWho="1" sc="250,-40,240,100,240,-20,250,-20" /><INIT seed="1,0,0,3,4,71" ten="210,340,220,230" oya="1" hai0="44,79,105,103,121,67,66,15,108,62,12,18,102" hai1="22,117,86,85,119,43,38,87,42,111,96,33,47" hai2="61,90,74,10,7,130,49,98,45,135,48,26,122" hai3="109,60,16,81,34,32,100,28,30,55,94,126,31"/><U19/><E33/><V97/><F122/><W107/><G109/><T39/><D108/><U69/><E111/><V14/><F130/><W40/><G107/><T59/><D121/><U76/><E69/><V75/><F135/><W72/><G32/><T131/><D131/><U82/><E96/><V132/><F132/><W120/><G40/><T113/><D113/><U9/><E9/><V24/><F49/><W4/><G4/><T110/><D110/><U5/><E5/><V104/><F61/><W123/><G34/><T78/><D67/><U93/><E43/><V99/><F104/><W83/><G126/><T116/><D116/><U128/><E128/><V35/><F90/><W1/><G1/><T0/><D0/><U27/><REACH who="1" step="1"/><E93/><REACH who="1" ten="210,330,220,230" step="2"/><V129/><F129/><W50/><G120/><T17/><D105/><U23/><E23/><V37/><F35/><W77/><G123/><T6/><D6/><U52/><E52/><V21/><F21/><W115/><G115/><T112/><D112/><U46/><E46/><V127/><F127/><W133/><G133/><T125/><D125/><U56/><E56/><V64/><F64/><W73/><G94/><T29/><D44/><U58/><E58/><V57/><F57/><W25/><G60/><T92/><D62/><U118/><AGARI ba="0,1" hai="19,22,27,38,42,47,76,82,85,86,87,117,118,119" machi="118" ten="30,6000,0" yaku="1,1,0,1,52,1,53,0" doraHai="71" doraHaiUra="95" who="1" fromWho="1" sc="210,-20,330,70,220,-20,230,-20" /><INIT seed="1,1,0,2,5,10" ten="190,400,200,210" oya="1" hai0="5,18,3,17,13,93,90,84,95,81,39,20,114" hai1="36,44,28,30,132,98,6,100,129,38,133,85,110" hai2="60,124,79,73,72,33,66,107,83,112,127,69,99" hai3="119,125,134,56,32,101,14,61,57,45,47,41,105"/><U29/><E129/><V86/><F112/><W88/><G32/><T77/><D114/><U113/><E113/><V80/><F33/><W87/><G134/><T97/><D39/><U116/><E116/><V49/><F49/><N who="3" m="26799" /><G105/><T12/><D5/><U21/><E6/><V19/><F19/><W58/><G125/><N who="2" m="48201" /><F80/><N who="3" m="49255" /><G101/><AGARI ba="1,0" hai="60,66,69,72,73,79,83,86,99,101,107" m="48201" machi="101" ten="30,1000,0" yaku="18,1" doraHai="10" who="2" fromWho="3" sc="190,0,400,0,200,13,210,-13" /><INIT seed="2,0,0,3,5,125" ten="190,400,213,197" oya="2" hai0="18,97,105,71,112,134,117,76,33,28,82,99,93" hai1="52,90,54,27,50,48,47,122,123,111,44,8,92" hai2="51,46,73,85,107,135,60,3,21,101,29,10,37" hai3="42,77,110,102,104,133,63,39,40,80,87,127,23"/><V115/><F115/><W0/><G127/><T118/><D112/><U53/><E111/><V16/><F73/><W108/><G0/><T69/><D134/><U26/><E8/><V96/><F135/><W61/><G133/><T74/><D18/><U68/><E68/><V109/><F109/><N who="3" m="42091" /><G23/><T45/><D45/><U94/><E54/><V131/><F131/><W64/><G39/><T59/><D59/><U62/><E62/><N who="3" m="23562" /><G64/><T25/><D99/><AGARI ba="0,0" hai="40,42,77,80,87,99,102,104" m="23562,42091" machi="99" ten="30,1000,0" yaku="14,1" doraHai="125" who="3" fromWho="0" sc="190,-10,400,0,213,0,197,10" /><INIT seed="3,0,0,2,5,87" ten="180,400,213,207" oya="3" hai0="23,120,89,130,44,121,81,47,58,80,7,108,53" hai1="102,24,109,41,57,114,3,39,1,66,38,72,34" hai2="68,32,13,65,113,64,54,97,77,21,129,55,28" hai3="86,20,98,56,61,103,79,88,128,36,112,30,46"/><W95/><G112/><T63/><D108/><U27/><E114/><V131/><F113/><W74/><G128/><N who="2" m="49225" /><F77/><W2/><G2/><T85/><D130/><U5/><E27/><N who="2" m="18463" /><F97/><W51/><G36/><T135/><D135/><U119/><E57/><V100/><F100/><W67/><G74/><T43/><D7/><U96/><E41/><V18/><F68/><W73/><G73/><T31/><D80/><U127/><E66/><AGARI ba="0,0" hai="13,18,21,54,55,64,65,66" m="18463,49225" machi="66" ten="30,1000,0" yaku="19,1" doraHai="87" who="2" fromWho="1" sc="180,0,400,-10,213,10,207,0" owari="180,-32.0,390,49.0,223,2.3,207,-19.3" /></mjloggm>