<mjloggm ver="2.3"><GO type="225" lobby="0"/><UN n0="%63%68%78%62%64" n1="%E5%91%A8%E6%9D%B1" n2="%E6%A1%9C%E8%8A%B1%E9%96%83%E3%80%85" n3="%33%74%72%65%65" dan="16,17,16,17" rate="2090.37,2171.47,2173.89,2229.62" sx="M,M,M,F"/><TAIKYOKU oya="0"/><INIT seed="0,0,0,1,1,62" ten="250,250,250,250" oya="0" hai0="31,14,135,23,89,111,81,11,124,84,85,76,41" hai1="91,106,96,68,3,48,29,79,77,101,67,53,64" hai2="5,58,99,57,36,128,108,24,15,18,130,27,21" hai3="134,6,4,60,2,126,115,42,17,28,35,49,46"/><T90/><D135/><U114/><E3/><V112/><F36/><W59/><G115/><T54/><D124/><U56/><E114/><V97/><F112/><W16/><G134/><T107/><D111/><U13/><E91/><V70/><F70/><W61/><G126/><T19/><D107/><U7/><E29/><V133/><F133/><W116/><G116/><T103/><D103/><U121/><E121/><V25/><F5/><N who="3" m="2155" /><G35/><T38/><D54/><U110/><E110/><V9/><F9/><W87/><G2/><T127/><D127/><U0/><E0/><V95/><F108/><W74/><G74/><T37/><D41/><U125/><E125/><V65/><F99/><W109/><G109/><T123/><D123/><U105/><E105/><V122/><F122/><W93/><G28/><T71/><D71/><U52/><E53/><V34/><F34/><W63/><G59/><T104/><D104/><U1/><E1/><V32/><F32/><W73/><G73/><T118/><D118/><U47/><E68/><V80/><F80/><W8/><G8/><T72/><D72/><U86/><E56/><V131/><REACH who="2" step="1"/><F65/><REACH who="2" ten="250,250,240,250" step="2"/><W69/><G69/><T55/><D55/><U82/><REACH who="1" step="1"/><E79/><REACH who="1" ten="250,240,240,250" step="2"/><V43/><F43/><W100/><G100/><AGARI ba="0,2" hai="15,18,21,24,25,27,57,58,95,97,100,128,130,131" machi="100" ten="50,3200,0" yaku="1,1,19,1,53,0" doraHai="62" doraHaiUra="120" who="2" fromWho="3" sc="250,0,240,0,240,52,250,-32" /><INIT seed="1,0,0,5,1,43" ten="250,240,292,218" oya="1" hai0="52,63,84,66,126,49,113,130,93,120,38,119,73" hai1="59,11,92,74,53,1,107,48,17,21,135,86,98" hai2="47,5,100,65,15,117,89,50,82,79,41,44,104" hai3="57,91,85,129,69,76,39,51,131,67,115,90,16"/><U106/><E74/><V71/><F117/><W33/><G115/><T27/><D120/><U40/><E135/><V54/><F104/><W55/><G33/><T13/><D130/><N who="3" m="49673" /><G76/><T108/><D108/><U2/><E86/><N who="2" m="48479" /><F100/><W35/><G35/><T127/><D73/><U14/><E40/><V78/><F71/><W19/><G39/><T23/><D119/><U42/><E42/><V56/><F78/><W95/><G90/><N who="0" m="53447" /><D38/><U58/><E58/><N who="2" m="33111" /><F41/><W60/><AGARI ba="0,0" hai="16,19,51,55,57,60,67,69,85,91,95" m="49673" machi="60" ten="30,2000,0" yaku="19,1,54,1" doraHai="43" who="3" fromWho="3" sc="250,-5,240,-10,292,-5,218,20" /><INIT seed="2,0,0,0,5,127" ten="245,230,287,238" oya="2" hai0="4,38,24,19,69,67,124,118,22,51,55,23,3" hai1="41,13,37,2,34,16,45,63,93,75,128,102,15" hai2="66,130,106,1,25,21,100,70,56,39,65,31,50" hai3="28,108,88,68,98,121,0,112,77,120,58,20,111"/><V40/><F1/><W6/><G68/><T91/><D38/><U8/><E75/><V115/><F115/><W33/><G77/><T72/><D72/><U87/><E34/><V10/><F70/><W90/><G112/><T96/><D124/><U48/><E2/><V52/><F130/><W134/><G33/><T57/><D118/><U64/><E128/><V92/><F106/><W113/><G113/><T61/><D23/><U44/><E15/><V83/><F10/><N who="3" m="2375" /><G58/><T26/><D26/><U104/><E104/><V7/><F7/><W43/><G43/><T71/><D4/><U59/><E102/><V27/><F83/><W60/><G60/><T32/><D3/><U110/><E110/><N who="3" m="42026" /><G134/><T86/><D32/><U42/><E93/><V74/><F74/><W94/><G90/><T89/><D96/><U97/><REACH who="1" step="1"/><E87/><REACH who="1" ten="245,220,287,238" step="2"/><V119/><F92/><W11/><G11/><T99/><D86/><U103/><E103/><V29/><F100/><W54/><G121/><T78/><D78/><U53/><E53/><V126/><F126/><W109/><G109/><T47/><REACH who="0" step="1"/><D99/><AGARI ba="0,1" hai="8,13,16,37,41,42,44,45,48,59,63,64,97,99" machi="99" ten="40,5200,0" yaku="1,1,54,1,53,1" doraHai="127" doraHaiUra="46" who="1" fromWho="0" sc="245,-52,220,62,287,0,238,0" /><INIT seed="3,0,0,2,3,28" ten="193,282,287,238" oya="3" hai0="14,126,84,111,20,77,134,6,107,81,90,19,39" hai1="75,4,38,58,3,122,128,71,103,105,33,91,25" hai2="88,16,109,76,24,59,86,48,113,85,98,80,51" hai3="41,133,83,53,26,74,87,1,21,64,118,13,36"/><W7/><G118/><T108/><D39/><U89/><E122/><V57/><F109/><N who="0" m="42058" /><D107/><U63/><E75/><V132/><F132/><W10/><G133/><T43/><D134/><U67/><E38/><V55/><F113/><W104/><G104/><T60/><D126/><U97/><E128/><V45/><F98/><W8/><G64/><T119/><D119/><U34/><E58/><N who="2" m="33127" /><F16/><W120/><G120/><T11/><D43/><U79/><E79/><V37/><F24/><W100/><G41/><T101/><D60/><U115/><E115/><V82/><F37/><W50/><G36/><T61/><D61/><U117/><E117/><V17/><F17/><W15/><G50/><T72/><D101/><U5/><E34/><V65/><F65/><W94/><G100/><T35/><D35/><U31/><E3/><V129/><F129/><W29/><G53/><AGARI ba="0,0" hai="45,51,53,57,59,76,80,82,85,86,88" m="33127" machi="53" ten="30,2000,0" yaku="8,1,54,1" doraHai="28" who="2" fromWho="3" sc="193,0,282,0,287,20,238,-20" owari="193,-30.7,282,8.2,307,40.7,218,-18.2" /></mjloggm>