<mjloggm ver="2.3"><GO type="225" lobby="0"/><UN n0="%E3%83%96%E3%83%83%E3%83%91%E3%82%AA%E3%83%96%E3%83%81%E3%82%AD%E3%83%B3" n1="%E3%81%95%E3%81%8D%E3%81%9F%E3%81%BE%E6%9E%97%E6%AA%8E" n2="%6B%69%72%61%64%6F%6B%69" n3="%E3%81%AF%E3%82%88%E3%81%8A%E3%81%98%E3%81%95%E3%82%93" dan="16,16,16,17" rate="2197.72,2094.62,2145.88,2236.46" sx="M,M,M,M"/><TAIKYOKU oya="0"/><INIT seed="0,0,0,4,4,29" ten="250,250,250,250" oya="0" hai0="135,119,60,93,36,125,37,82,106,98,81,91,67" hai1="40,16,66,58,78,110,79,114,10,6,97,59,133" hai2="63,121,56,54,39,100,77,130,131,109,95,117,64" hai3="7,12,24,123,128,42,107,43,92,111,65,44,61"/><T84/><D119/><U0/><E110/><V94/><F121/><W20/><G107/><T23/><D135/><U116/><E116/><V31/><F117/><W14/><G111/><T74/><D125/><U72/><E133/><V118/><F109/><W132/><G132/><T11/><D23/><U50/><E114/><V19/><F118/><W88/><G128/><N who="2" m="49193" /><F39/><W87/><G123/><T99/><D11/><U126/><E126/><V26/><F77/><W75/><G75/><T1/><D1/><U15/><E72/><V48/><F19/><W90/><G90/><T38/><D106/><U73/><E73/><V103/><F103/><W89/><G89/><T69/><REACH who="0" step="1"/><D82/><REACH who="0" ten="240,250,250,250" step="2"/><U4/><E0/><V57/><F100/><W18/><G7/><T76/><AGARI ba="0,1" hai="36,37,38,60,67,69,74,76,81,84,91,93,98,99" machi="76" ten="40,7800,0" yaku="1,1,2,1,0,1,53,0" doraHai="29" doraHaiUra="41" who="0" fromWho="0" sc="240,88,250,-26,250,-26,250,-26" /><INIT seed="0,1,0,2,5,69" ten="328,224,224,224" oya="0" hai0="88,74,93,76,7,4,82,18,73,45,57,77,116" hai1="117,40,55,5,61,28,84,48,128,134,94,44,105" hai2="114,75,34,24,8,96,132,120,60,26,83,17,13" hai3="2,127,123,20,36,67,33,119,53,121,97,99,72"/><T23/><D116/><U131/><E117/><V91/><F120/><N who="3" m="46155" /><G119/><T9/><D57/><U62/><E105/><V54/><F114/><W101/><G33/><T108/><D108/><U110/><E110/><V10/><F132/><W66/><G72/><T42/><D9/><U51/><E5/><V130/><F130/><N who="1" m="49705" /><E134/><V0/><F34/><W118/><G118/><T103/><D103/><U52/><E28/><V126/><F126/><W43/><G2/><T124/><D124/><U125/><E125/><V14/><F0/><W129/><G127/><T87/><D76/><U85/><E94/><N who="2" m="56415" /><F75/><W6/><G6/><T122/><D74/><U80/><E85/><V65/><F65/><W12/><G99/><T79/><D79/><N who="1" m="46111" /><E55/><V1/><F1/><W68/><G53/><T21/><D21/><U46/><AGARI ba="1,0" hai="40,44,46,48,51,52,61,62" m="46111,49705" machi="46" ten="30,2000,0" yaku="19,1,54,1" doraHai="69" who="1" fromWho="1" sc="328,-11,224,23,224,-6,224,-6" /><INIT seed="1,0,0,2,4,35" ten="317,247,218,218" oya="1" hai0="47,90,94,25,34,6,5,63,109,22,84,7,111" hai1="62,113,127,96,53,8,70,85,132,11,18,19,1" hai2="86,45,50,104,74,16,131,38,46,103,12,88,78" hai3="30,76,120,13,44,80,67,9,110,101,71,27,68"/><U54/><E113/><V75/><F131/><W114/><G114/><T100/><D34/><U98/><E70/><V32/><F32/><W17/><G120/><T130/><D130/><U26/><E85/><V116/><F116/><W79/><G110/><T107/><D47/><U77/><E77/><V4/><F4/><W91/><G101/><T112/><D112/><U61/><E26/><V48/><F38/><W124/><G124/><T66/><D107/><U51/><E51/><V56/><F103/><W129/><G129/><T39/><D100/><U14/><E132/><V83/><F104/><W31/><G44/><N who="2" m="17001" /><F75/><W72/><G79/><T82/><D82/><U59/><E127/><V15/><F74/><W123/><G123/><T49/><D49/><N who="2" m="19050" /><F56/><W92/><G67/><T41/><D41/><U2/><E14/><V42/><F42/><W95/><G95/><T118/><D118/><U133/><E133/><V102/><F102/><W73/><G72/><T20/><D39/><U21/><E21/><N who="2" m="11399" /><F15/><W0/><G0/><T64/><D22/><U24/><E24/><V29/><F78/><W40/><G40/><T10/><D10/><U105/><E105/><V108/><F108/><N who="0" m="41546" /><D63/><U37/><E37/><V33/><F33/><W97/><REACH who="3" step="1"/><G27/><REACH who="3" ten="317,247,218,208" step="2"/><T125/><D125/><U69/><E69/><AGARI ba="0,1" hai="9,13,17,30,31,68,69,71,73,76,80,91,92,97" machi="69" ten="40,2600,0" yaku="1,1,2,1,53,0" doraHai="35" doraHaiUra="122" who="3" fromWho="1" sc="317,0,247,-26,218,0,208,36" /><INIT seed="2,0,0,4,3,89" ten="317,221,218,244" oya="2" hai0="122,79,19,104,121,17,98,58,106,83,29,12,75" hai1="33,1,133,13,101,78,24,113,134,87,88,125,54" hai2="132,110,42,119,41,11,36,51,50,130,95,27,131" hai3="115,69,0,102,15,39,55,6,84,14,9,117,28"/><V107/><F107/><W5/><G117/><T59/><D29/><U68/><E68/><V120/><F119/><W18/><G69/><T127/><D127/><U116/><E116/><V126/><F120/><W70/><G70/><T71/><D71/><U53/><E1/><V82/><F126/><W73/><G73/><T47/><D106/><U109/><E125/><V76/><F132/><N who="1" m="50793" /><E113/><V43/><F36/><W61/><G39/><T103/><D47/><U7/><E101/><V22/><F11/><W77/><G115/><T129/><D129/><N who="2" m="49162" /><F110/><W32/><G0/><T100/><D100/><U114/><E78/><V66/><F66/><W44/><G102/><T38/><D38/><U31/><E109/><V2/><F2/><W97/><G77/><T46/><D19/><U20/><E114/><V40/><N who="2" m="10240" /><DORA hai="62" /><V37/><F37/><W45/><G18/><T91/><D46/><U16/><E7/><V64/><F64/><W86/><G45/><T81/><D122/><U60/><E60/><V65/><F65/><W56/><G44/><T10/><D121/><U67/><E67/><V26/><F95/><AGARI ba="0,0" hai="13,16,20,24,31,33,53,54,87,88,95" m="50793" machi="95" ten="30,7700,0" yaku="20,1,52,1,54,2" doraHai="89,62" who="1" fromWho="2" sc="317,0,221,77,218,-77,244,0" /><INIT seed="3,0,0,0,5,63" ten="317,298,141,244" oya="3" hai0="75,15,23,19,78,24,82,84,110,89,21,42,70" hai1="92,125,108,61,81,43,74,132,104,35,44,100,6" hai2="11,52,95,45,120,135,0,22,37,77,49,97,65" hai3="7,71,8,51,128,13,9,123,131,16,116,25,29"/><W14/><G71/><T73/><D110/><U133/><E104/><V30/><F120/><W34/><G51/><T31/><D70/><U85/><E35/><V114/><F114/><W83/><G83/><T122/><D122/><U119/><E74/><V20/><F135/><N who="1" m="51785" /><E6/><V112/><F112/><W107/><G107/><T3/><D3/><U2/><E2/><V40/><F77/><W126/><G123/><T10/><D42/><U54/><E108/><V69/><F30/><W5/><G116/><T57/><D57/><N who="1" m="34999" /><E125/><V46/><F11/><N who="3" m="6207" /><G126/><T58/><D58/><U18/><E18/><V36/><F0/><AGARI ba="0,0" hai="0,5,7,8,9,14,25,29,34,128,131" m="6207" machi="0" ten="30,5800,0" yaku="34,2,54,1" doraHai="63" who="3" fromWho="2" sc="317,0,298,0,141,-58,244,58" /><INIT seed="3,1,0,1,3,88" ten="317,298,83,302" oya="3" hai0="78,30,25,14,4,5,41,116,107,95,123,51,92" hai1="0,42,115,93,8,2,102,35,82,16,85,56,18" hai2="62,104,117,27,58,65,124,7,37,40,75,118,71" hai3="46,79,119,81,106,80,9,121,24,98,59,133,110"/><W100/><G119/><T72/><D123/><U127/><E115/><V3/><F104/><W32/><G121/><T39/><D116/><U83/><E35/><V20/><F75/><W13/><G133/><T108/><D107/><U61/><E42/><V36/><F7/><N who="0" m="2634" /><D39/><U34/><E34/><V134/><F3/><W76/><G110/><T77/><D72/><U70/><E70/><V99/><F134/><W21/><G32/><T55/><D108/><U17/><E0/><V38/><F124/><W68/><G68/><T22/><D41/><U109/><E109/><V49/><F99/><W64/><G46/><N who="0" m="28151" /><D14/><N who="1" m="7367" /><E127/><V31/><F31/><W103/><G106/><T48/><D48/><U6/><E6/><V54/><F20/><W84/><G13/><T91/><D95/><U86/><E2/><V28/><F28/><W67/><G9/><T113/><D113/><U47/><E47/><N who="2" m="25831" /><F27/><W74/><G59/><T87/><AGARI ba="1,0" hai="22,25,30,77,78,87,91,92" m="28151,2634" machi="87" ten="30,2000,0" yaku="8,1,52,1" doraHai="88" who="0" fromWho="0" sc="317,23,298,-6,83,-6,302,-11" owari="340,44.0,292,9.2,77,-42.3,291,-10.9" /></mjloggm>