<mjloggm ver="2.3"><GO type="225" lobby="0"/><UN n0="%E7%99%BD%E5%80%89%E5%AF%9B%E4%B9%8B" n1="%E3%83%B4%E3%83%A0%EF%BC%99%E3%81%A6" n2="%4C%4F%4C%49%54%41" n3="%E9%A6%AC%E5%BC%95%E7%81%AB%33" dan="16,16,16,16" rate="2072.61,2181.33,2125.59,2177.07" sx="M,M,F,M"/><TAIKYOKU oya="0"/><INIT seed="0,0,0,3,0,99" ten="250,250,250,250" oya="0" hai0="50,114,72,43,2,36,130,58,66,75,111,62,112" hai1="34,92,20,16,12,60,133,91,116,13,9,51,44" hai2="87,120,40,42,117,6,134,129,108,18,73,52,122" hai3="28,89,49,53,109,15,38,132,23,17,63,55,47"/><T78/><D130/><U74/><E133/><V39/><F73/><W64/><G132/><T41/><D111/><U128/><E128/><V46/><F134/><W118/><G109/><T76/><D2/><U125/><E125/><V86/><F108/><W81/><G118/><T3/><D3/><U121/><E74/><V127/><F6/><W100/><G38/><T59/><D36/><U19/><E116/><V56/><F117/><W93/><G28/><T123/><D50/><U57/><E34/><V79/><F129/><W115/><G115/><T83/><D123/><U11/><E121/><V24/><F127/><W4/><G4/><T30/><D30/><U7/><E44/><V65/><F65/><W90/><G81/><T69/><D69/><U27/><E51/><V124/><F124/><W135/><G55/><T103/><D83/><U84/><E57/><V32/><F42/><W61/><G135/><T105/><D66/><U107/><E107/><V96/><F96/><N who="3" m="59407" /><G64/><T37/><D37/><U0/><REACH who="1" step="1"/><E60/><AGARI ba="0,0" hai="15,17,23,47,49,53,60,61,63,89,90" m="59407" machi="60" ten="30,2000,0" yaku="8,1,52,1" doraHai="99" who="3" fromWho="1" sc="250,0,250,-20,250,0,250,20" /><INIT seed="1,0,0,3,2,10" ten="250,230,250,270" oya="1" hai0="58,8,115,68,59,45,38,114,69,2,129,119,16" hai1="23,22,91,131,103,76,96,73,36,3,33,113,27" hai2="52,12,100,35,15,44,13,53,39,106,88,48,37" hai3="57,89,9,108,11,99,120,127,71,83,49,47,14"/><U34/><E113/><V94/><F35/><W118/><G120/><T80/><D119/><U130/><E3/><V77/><F77/><W78/><G71/><T25/><D129/><N who="1" m="49163" /><E36/><V30/><F30/><W105/><G118/><T109/><D109/><U104/><E91/><V66/><F66/><W102/><G108/><T95/><D2/><U98/><E98/><V21/><F21/><N who="1" m="7689" /><E27/><V81/><F106/><W56/><G9/><T32/><D25/><U18/><E18/><V60/><F37/><W4/><G127/><T110/><D110/><U133/><E133/><V65/><F39/><W82/><G89/><T64/><D38/><U72/><E76/><V63/><F53/><W112/><G112/><T107/><D32/><AGARI ba="0,0" hai="32,33,34,72,73,96,103,104" m="7689,49163" machi="32" ten="30,1500,0" yaku="19,1" doraHai="10" who="1" fromWho="0" sc="250,-15,230,15,250,0,270,0" /><INIT seed="1,1,0,5,0,79" ten="235,245,250,270" oya="1" hai0="127,20,22,70,9,109,86,44,108,58,115,131,107" hai1="133,113,128,62,6,19,60,120,104,47,56,99,3" hai2="118,41,130,134,89,49,32,116,93,101,95,126,135" hai3="12,64,73,100,31,11,80,110,123,55,117,61,81"/><U33/><E113/><V103/><F32/><W59/><G123/><T121/><D70/><U90/><E120/><V102/><F41/><W88/><G110/><N who="0" m="42603" /><D107/><U38/><E33/><V5/><F5/><W39/><G39/><T96/><D96/><U16/><E133/><N who="2" m="50699" /><F49/><W36/><G36/><T105/><D105/><U21/><E128/><V2/><F2/><W63/><G117/><N who="2" m="45161" /><F126/><W8/><G100/><T23/><D121/><U15/><E19/><V43/><F43/><W51/><G31/><T114/><D127/><U112/><E112/><N who="0" m="43049" /><D44/><U14/><E3/><V129/><F95/><W98/><G73/><T106/><D106/><U30/><E104/><V82/><F82/><N who="3" m="31851" /><G64/><T57/><D131/><U67/><E67/><V45/><F45/><W34/><G34/><T52/><D9/><N who="3" m="3657" /><G12/><T1/><D1/><U76/><E15/><V122/><F122/><W92/><AGARI ba="1,0" hai="51,55,59,61,63,88,92,98" m="3657,31851" machi="92" ten="30,8000,1" yaku="8,1,52,3,54,1" doraHai="79" who="3" fromWho="3" sc="235,-21,245,-41,250,-21,270,83" /><INIT seed="2,0,0,2,3,27" ten="214,204,229,353" oya="2" hai0="10,22,80,71,110,59,47,91,127,96,51,99,109" hai1="119,78,82,41,37,6,55,134,2,61,68,97,57" hai2="100,124,69,20,76,11,48,79,116,32,46,1,81" hai3="31,36,24,132,12,111,84,93,85,54,64,65,120"/><V130/><F32/><W102/><G36/><T34/><D34/><U74/><E119/><V43/><F69/><W115/><G120/><T29/><D71/><U7/><E134/><V53/><F116/><W92/><G111/><N who="0" m="42507" /><D127/><U40/><E2/><V113/><F113/><W45/><G93/><T25/><D59/><U117/><E117/><V105/><F20/><W66/><G54/><N who="0" m="30079" /><D10/><U129/><E129/><V4/><F130/><W106/><G24/><T44/><D44/><U28/><E28/><V42/><F124/><W125/><G102/><T35/><D35/><U123/><E123/><V16/><F100/><W87/><G87/><AGARI ba="0,0" hai="22,25,29,80,87,91,96,99" m="30079,42507" machi="87" ten="30,2000,0" yaku="14,1,52,1" doraHai="27" who="0" fromWho="3" sc="214,20,204,0,229,0,353,-20" /><INIT seed="3,0,0,1,2,101" ten="234,204,229,333" oya="3" hai0="96,130,40,92,19,57,98,48,91,81,30,112,33" hai1="56,46,26,61,74,44,66,4,103,52,79,116,42" hai2="21,34,129,25,32,58,3,60,128,95,84,63,18" hai3="50,109,118,119,0,37,123,77,55,41,64,73,127"/><W59/><G123/><T54/><D130/><N who="2" m="50282" /><F3/><W39/><G0/><T49/><D112/><U80/><E116/><V20/><F63/><W6/><G6/><T106/><D33/><U7/><E103/><V89/><F20/><W76/><G76/><T107/><D30/><U90/><E90/><V38/><F38/><W16/><G16/><T82/><D19/><U23/><E66/><AGARI ba="0,0" hai="18,21,25,32,34,58,60,66,84,89,95" m="50282" machi="66" ten="30,1000,0" yaku="19,1" doraHai="101" who="2" fromWho="1" sc="234,0,204,-10,229,10,333,0" owari="234,-16.6,194,-30.6,239,3.9,333,43.3" /></mjloggm>