<mjloggm ver="2.3"><GO type="225" lobby="0"/><UN n0="%E9%A6%AC%E5%BC%95%E7%81%AB%33" n1="%E3%83%B4%E3%83%A0%EF%BC%99%E3%81%A6" n2="%E3%83%96%E3%83%83%E3%83%91%E3%82%AA%E3%83%96%E3%83%81%E3%82%AD%E3%83%B3" n3="%E3%81%8B%E3%82%8F%E3%81%A1%E3%82%83%E3%82%93%35%38" dan="16,17,16,16" rate="2139.65,2138.70,2207.01,2154.19" sx="M,M,M,M"/><TAIKYOKU oya="0"/><INIT seed="0,0,0,4,0,70" ten="250,250,250,250" oya="0" hai0="10,82,32,51,96,116,22,98,91,69,83,122,49" hai1="67,28,134,36,104,23,103,127,54,80,120,123,94" hai2="108,71,85,60,111,68,132,17,4,47,18,7,106" hai3="0,33,102,14,62,61,48,109,129,121,113,75,95"/><T118/><D69/><N who="2" m="26698" /><F106/><W58/><G0/><T37/><D32/><U105/><E67/><V11/><F60/><W9/><G109/><N who="2" m="42057" /><F132/><W115/><G62/><T52/><D22/><U90/><E134/><V19/><F11/><W8/><G8/><T53/><D10/><U97/><E54/><V25/><F25/><W12/><G12/><T15/><D91/><U57/><E23/><V88/><F47/><W72/><G33/><T46/><D46/><U44/><E104/><V27/><F27/><W117/><G61/><T35/><D35/><U39/><E57/><V84/><F84/><W24/><G58/><T59/><D59/><U100/><E44/><V89/><F85/><W31/><G24/><T3/><D3/><U114/><E105/><V73/><F73/><W55/><G9/><T21/><D21/><U119/><E120/><V78/><F78/><W42/><G121/><T26/><D26/><U93/><E123/><V86/><F86/><W130/><G14/><T112/><D122/><U107/><E107/><V135/><F135/><W76/><G76/><T16/><D15/><U50/><E28/><V6/><AGARI ba="0,0" hai="4,6,7,17,18,19,88,89" m="42057,26698" machi="6" ten="40,8000,1" yaku="28,2,14,1,54,1" doraHai="70" who="2" fromWho="2" sc="250,-40,250,-20,250,80,250,-20" /><INIT seed="1,0,0,3,3,77" ten="210,230,330,230" oya="1" hai0="31,96,33,56,94,113,83,115,76,111,6,5,54" hai1="100,12,30,53,84,29,10,2,87,130,36,18,128" hai2="123,74,93,110,118,91,43,1,92,135,41,37,14" hai3="65,117,109,69,120,81,89,85,15,3,122,0,49"/><U9/><E36/><V95/><F118/><W124/><G117/><T103/><D111/><U86/><E100/><V67/><F123/><W20/><G109/><T26/><D115/><U7/><REACH who="1" step="1"/><E53/><REACH who="1" ten="210,220,330,230" step="2"/><V108/><F37/><W23/><G122/><T119/><D119/><U70/><E70/><V126/><F110/><W16/><G120/><T71/><D71/><U121/><E121/><V134/><F108/><W13/><G69/><T58/><D113/><U105/><E105/><V125/><F43/><W131/><G65/><T90/><D103/><U97/><E97/><V27/><F41/><W52/><G131/><AGARI ba="0,1" hai="2,7,9,10,12,18,29,30,84,86,87,128,130,131" machi="131" ten="40,3900,0" yaku="1,1,19,1,53,0" doraHai="77" doraHaiUra="38" who="1" fromWho="3" sc="210,0,220,49,330,0,230,-39" /><INIT seed="1,1,0,2,3,74" ten="210,269,330,191" oya="1" hai0="39,132,35,119,56,115,53,52,122,95,86,41,59" hai1="6,131,62,38,134,77,98,88,24,71,104,108,33" hai2="66,2,127,65,20,114,102,57,36,80,69,48,79" hai3="113,111,18,68,21,43,11,101,99,42,27,82,12"/><U100/><E38/><V84/><F36/><W67/><G113/><T72/><D119/><U31/><E131/><V26/><F114/><W83/><G111/><T1/><D72/><U25/><E108/><V128/><F128/><W51/><G67/><N who="2" m="25609" /><F2/><W81/><G68/><T64/><D35/><U123/><E123/><V118/><F69/><W45/><G43/><T47/><D1/><U40/><E40/><V87/><F118/><W110/><G110/><T14/><D115/><U117/><E117/><V129/><F129/><W91/><G91/><T34/><D34/><U97/><E134/><V9/><F127/><W133/><G133/><T125/><D132/><U103/><E6/><V46/><F102/><W96/><REACH who="3" step="1"/><G101/><REACH who="3" ten="210,269,330,181" step="2"/><T19/><D125/><U120/><E100/><V124/><F124/><W112/><G112/><T16/><D122/><U7/><E71/><V4/><F4/><AGARI ba="1,1" hai="4,11,12,18,21,27,42,45,51,81,82,83,96,99" machi="4" ten="40,2600,0" yaku="1,1,8,1,53,0" doraHai="74" doraHaiUra="50" who="3" fromWho="2" sc="210,0,269,0,330,-29,181,39" /><INIT seed="2,0,0,1,5,135" ten="210,269,301,220" oya="2" hai0="82,34,11,67,78,92,101,69,25,87,37,79,115" hai1="99,104,65,123,93,24,1,100,88,71,75,55,105" hai2="89,51,120,44,122,0,43,5,109,107,90,8,134" hai3="131,119,66,121,83,49,117,20,64,111,13,56,77"/><V74/><F134/><W124/><G121/><T32/><D115/><U81/><E123/><V61/><F107/><W42/><G111/><T23/><D37/><U129/><E1/><V116/><F116/><W10/><G131/><T128/><D128/><U94/><E129/><V96/><F109/><W84/><G119/><T29/><D79/><N who="1" m="44287" /><E55/><V102/><F74/><W22/><G117/><T40/><D40/><U73/><E24/><V26/><F90/><W41/><G41/><T27/><D67/><U38/><E65/><V68/><F89/><W114/><G114/><T30/><D69/><U113/><E38/><N who="2" m="21623" /><F26/><W130/><G130/><T108/><D108/><U57/><E57/><V127/><F51/><W35/><G35/><T14/><D92/><N who="1" m="58471" /><E71/><V47/><F47/><N who="3" m="25847" /><G64/><T58/><D58/><U85/><E113/><V33/><F68/><W45/><G45/><T97/><D23/><U21/><E21/><V126/><F33/><W76/><G76/><T46/><D46/><U110/><E110/><V3/><F3/><W72/><G72/><T6/><D97/><N who="1" m="57511" /><E73/><V125/><F61/><N who="3" m="38183" /><G124/><T59/><D59/><U19/><E19/><AGARI ba="0,0" hai="10,13,19,20,22,77,83,84" m="38183,25847" machi="19" ten="30,1000,0" yaku="8,1" doraHai="135" who="3" fromWho="1" sc="210,0,269,-10,301,0,220,10" /><INIT seed="3,0,0,1,1,26" ten="210,259,301,230" oya="3" hai0="90,72,11,73,82,110,29,62,27,0,106,123,113" hai1="111,89,102,41,119,54,88,2,19,91,46,133,118" hai2="68,3,125,124,79,69,134,53,116,121,5,33,81" hai3="18,127,87,120,21,44,75,17,115,122,99,100,48"/><W108/><G115/><T14/><D123/><U50/><E2/><V16/><F116/><N who="1" m="44585" /><E111/><V7/><F121/><W92/><G75/><T43/><D110/><U42/><E133/><V95/><F134/><W13/><G108/><T98/><D0/><U23/><E102/><V34/><F95/><W114/><G114/><T117/><D117/><U20/><E20/><V63/><F53/><W8/><G87/><T61/><D113/><U132/><E132/><V94/><F16/><W49/><G49/><T59/><D43/><U52/><E42/><V35/><F94/><W107/><G107/><T56/><D106/><U84/><E84/><N who="2" m="48191" /><F63/><W57/><G57/><T86/><D98/><U80/><E80/><V131/><F131/><W135/><G127/><N who="2" m="48713" /><F3/><W96/><G96/><T130/><D130/><U66/><E66/><V112/><F112/><W83/><G83/><T24/><D82/><U38/><E38/><V12/><F12/><AGARI ba="0,0" hai="12,19,23,41,46,50,52,54,88,89,91" m="44585" machi="12" ten="30,3900,0" yaku="12,1,54,2" doraHai="26" who="1" fromWho="2" sc="210,0,259,39,301,-39,230,0" /><INIT seed="4,0,0,4,5,40" ten="210,298,262,230" oya="0" hai0="117,123,93,61,30,52,2,125,113,58,119,109,1" hai1="28,132,124,35,50,63,90,116,101,75,39,97,76" hai2="105,128,51,44,106,27,49,48,108,36,111,89,37" hai3="62,13,85,77,8,71,21,80,67,17,110,23,32"/><T5/><D123/><U91/><E116/><V18/><F89/><W45/><G32/><T102/><D113/><U84/><E39/><N who="2" m="14923" /><F27/><W96/><G110/><N who="2" m="42025" /><F18/><W133/><G133/><T20/><D125/><U86/><E50/><N who="2" m="12803" /><V127/><DORA hai="95" /><F127/><W9/><G45/><T100/><D109/><U126/><E63/><V65/><F65/><W134/><G134/><T16/><D30/><U64/><E64/><V38/><N who="2" m="14931" /><V15/><DORA hai="57" /><F15/><W72/><G72/><T112/><D112/><U26/><E132/><V33/><F33/><W56/><G71/><T78/><D78/><U43/><E90/><V81/><F81/><W88/><G21/><T73/><D73/><U74/><E74/><V24/><F24/><W31/><G31/><T12/><D102/><U94/><E86/><V129/><F44/><W83/><G83/><T34/><D34/><U135/><E135/><V98/><F98/><W19/><G19/><T131/><D5/><U120/><E126/><V29/><F29/><W47/><G47/><T54/><D1/><U66/><E124/><V104/><AGARI ba="0,0" hai="104,105,106,128,129" m="12803,42025,14931" machi="104" ten="60,4000,0" yaku="28,2" doraHai="40,95,57" who="2" fromWho="2" sc="210,-20,298,-10,262,40,230,-10" owari="190,-31.0,288,8.8,302,40.2,220,-18.0" /></mjloggm>