<mjloggm ver="2.3"><GO type="225" lobby="0"/><UN n0="%E3%82%BC%E3%83%AB%E3%83%80%E3%81%AE%E4%BC%9D%E8%AA%AC" n1="%E3%81%BE%E3%81%A8%E3%81%9F" n2="%E5%8D%A0%E3%81%84%E5%B8%AB%E8%A3%8F%E3%81%AA%E3%81%84%E3%81%97" n3="%74%2E%6F%2E%6F%2E%73" dan="17,16,17,17" rate="2152.53,2095.20,2268.42,2125.50" sx="M,M,M,M"/><TAIKYOKU oya="0"/><INIT seed="0,0,0,5,5,6" ten="250,250,250,250" oya="0" hai0="30,52,15,47,17,130,2,127,69,107,111,79,4" hai1="44,133,75,50,102,24,87,21,46,134,109,3,126" hai2="45,80,28,112,49,68,135,71,73,129,108,97,78" hai3="85,122,82,110,29,64,42,48,63,10,31,1,76"/><T94/><D107/><U19/><E3/><V32/><F112/><W61/><G110/><T117/><D117/><U54/><E75/><V123/><F123/><W105/><G105/><T59/><D69/><U40/><E109/><V22/><F108/><W14/><G1/><T103/><D111/><U51/><E126/><V60/><F129/><W91/><G122/><T62/><D130/><U34/><E102/><V8/><F135/><W115/><G115/><T74/><D127/><U77/><E34/><V39/><F39/><W70/><G91/><T92/><D103/><U7/><E7/><V101/><F60/><W106/><G106/><T116/><D116/><U37/><E37/><V57/><F57/><W23/><G63/><T25/><D4/><U41/><E54/><V84/><F73/><W18/><REACH who="3" step="1"/><G23/><REACH who="3" ten="250,250,250,240" step="2"/><T100/><D2/><U95/><E77/><V96/><F22/><W43/><G43/><T90/><D90/><AGARI ba="0,1" hai="19,21,24,40,41,44,46,50,51,87,90,95,133,134" machi="90" ten="40,1300,0" yaku="9,1" doraHai="6" who="1" fromWho="0" sc="250,-13,250,23,250,0,240,0" /><INIT seed="1,0,0,1,2,84" ten="237,273,250,240" oya="1" hai0="64,65,43,119,123,99,53,133,59,78,71,6,36" hai1="126,116,124,17,100,120,50,37,115,9,75,66,57" hai2="38,80,14,76,63,93,28,42,111,52,25,21,54" hai3="117,135,8,131,91,13,29,114,39,73,15,79,48"/><U108/><E37/><V18/><F111/><W68/><G39/><T41/><D78/><U132/><E115/><V82/><F82/><W61/><G114/><T121/><D6/><U106/><E75/><V127/><F127/><W16/><G131/><T122/><D99/><U51/><E116/><V44/><F63/><W34/><G135/><T130/><D133/><U134/><E120/><V55/><F93/><W0/><G0/><T103/><D103/><U10/><E17/><V2/><F2/><W26/><G117/><T1/><D1/><U40/><E57/><V62/><F62/><W72/><G48/><N who="0" m="31143" /><D119/><U5/><E5/><V12/><REACH who="2" step="1"/><F18/><REACH who="2" ten="237,273,240,240" step="2"/><W70/><G61/><N who="0" m="40335" /><D130/><U96/><E132/><V89/><F89/><W83/><G72/><AGARI ba="0,1" hai="12,14,21,25,28,38,42,44,52,54,55,72,76,80" machi="72" ten="40,2600,0" yaku="1,1,54,1,53,0" doraHai="84" doraHaiUra="95" who="2" fromWho="3" sc="237,0,273,0,240,36,240,-26" /><INIT seed="2,0,0,0,3,87" ten="237,273,276,214" oya="2" hai0="13,116,40,42,75,106,66,74,15,37,133,98,53" hai1="70,112,67,90,61,44,109,115,69,8,102,107,91" hai2="77,59,38,20,71,118,4,93,12,126,57,127,58" hai3="124,30,83,22,125,85,50,73,121,128,114,72,5"/><V103/><F118/><W7/><G121/><T92/><D106/><U2/><E109/><V95/><F71/><W36/><G36/><T32/><D32/><U97/><E70/><V111/><F38/><W46/><G128/><T104/><D104/><U131/><E131/><V18/><F111/><W132/><G132/><T55/><D37/><U49/><E2/><V105/><F77/><W1/><G114/><T123/><D66/><U113/><REACH who="1" step="1"/><E8/><REACH who="1" ten="237,263,276,214" step="2"/><V110/><F110/><W135/><G1/><T9/><D9/><U31/><E31/><V52/><F127/><W29/><G124/><T86/><D133/><U14/><E14/><V54/><F126/><W43/><G125/><T48/><D13/><U64/><E64/><V99/><F4/><W23/><G135/><T45/><D15/><U21/><E21/><V0/><F0/><W82/><G5/><T129/><D129/><U56/><E56/><V60/><REACH who="2" step="1"/><F58/><REACH who="2" ten="237,263,266,214" step="2"/><W94/><G7/><T51/><D116/><U16/><E16/><V34/><F34/><W41/><G30/><T25/><D123/><U62/><E62/><AGARI ba="0,2" hai="12,18,20,52,54,57,59,60,62,93,95,99,103,105" machi="62" ten="30,18000,2" yaku="1,1,7,1,9,1,54,1,53,2" doraHai="87" doraHaiUra="89" who="2" fromWho="1" sc="237,0,263,-180,266,200,214,0" /><INIT seed="2,1,0,1,0,73" ten="237,83,466,214" oya="2" hai0="107,42,3,14,121,80,124,21,55,119,105,20,45" hai1="40,27,10,38,6,48,75,87,108,101,93,78,64" hai2="77,50,90,13,26,56,111,5,122,118,88,129,120" hai3="12,81,114,4,104,63,22,58,1,125,74,106,82"/><V126/><F118/><W66/><G125/><T61/><D3/><U16/><E108/><V67/><F111/><W47/><G114/><T102/><D121/><U76/><E75/><V41/><F126/><W62/><G1/><T103/><D124/><U127/><E38/><V91/><F129/><W33/><G33/><T95/><D119/><U60/><E127/><V116/><F116/><W0/><G0/><T19/><D107/><U89/><E101/><V134/><F134/><W54/><G104/><T57/><D105/><U72/><E72/><V28/><F77/><W30/><G106/><T46/><D80/><U131/><E131/><V100/><F100/><N who="0" m="38442" /><D95/><U43/><E6/><V117/><F117/><W79/><G82/><T49/><D46/><N who="1" m="25671" /><E43/><V68/><F68/><W132/><G132/><T92/><D92/><U35/><E35/><V84/><F41/><W2/><G2/><T17/><D17/><U7/><E7/><V123/><F5/><W96/><G4/><T11/><AGARI ba="1,0" hai="11,14,19,20,21,42,45,49,55,57,61" m="38442" machi="11" ten="30,1100,0" yaku="8,1" doraHai="73" who="0" fromWho="0" sc="237,14,83,-4,466,-6,214,-4" /><INIT seed="3,0,0,3,3,123" ten="251,79,460,210" oya="3" hai0="131,64,91,54,104,129,117,51,66,100,29,101,27" hai1="50,36,33,18,126,21,39,24,12,99,60,116,97" hai2="57,98,16,112,107,28,25,26,8,71,34,70,59" hai3="58,61,32,85,132,94,79,1,128,95,31,44,125"/><W75/><G1/><T55/><D117/><U13/><E116/><V122/><F112/><W49/><G75/><T5/><D5/><U15/><E126/><V69/><F122/><W86/><G32/><T121/><D91/><U127/><E127/><V78/><F78/><W133/><G31/><T7/><D7/><U102/><E33/><V56/><F26/><W109/><G125/><T83/><D83/><U53/><E60/><V68/><F68/><W6/><G6/><T67/><D121/><U45/><E39/><V2/><F2/><W111/><G128/><N who="0" m="49227" /><D104/><U42/><E36/><V115/><F115/><W43/><G94/><T120/><D120/><U74/><E74/><V46/><F46/><W81/><G95/><T105/><D105/><U41/><E102/><N who="0" m="39529" /><D51/><U37/><E37/><V11/><F16/><W52/><G86/><T113/><D113/><U20/><E18/><V63/><F70/><W3/><G3/><T14/><D14/><U22/><REACH who="1" step="1"/><E24/><REACH who="1" ten="251,69,460,210" step="2"/><V40/><F40/><W93/><G93/><T23/><AGARI ba="0,1" hai="23,27,29,54,55,64,66,67" m="39529,49227" machi="23" ten="40,1500,0" yaku="19,1" doraHai="123" who="0" fromWho="0" sc="251,25,69,-4,460,-4,210,-7" owari="276,7.6,65,-43.5,456,55.6,203,-19.7" /></mjloggm>