<mjloggm ver="2.3"><GO type="225" lobby="0"/><UN n0="%E3%81%8B%E3%82%8F%E3%81%A1%E3%82%83%E3%82%93%35%38" n1="%43%68%65" n2="%E6%A5%93%E4%BB%8B" n3="%72%69%6F%75%63%68%61%6E" dan="16,16,16,16" rate="2137.70,2141.74,2070.66,2151.90" sx="M,M,M,M"/><TAIKYOKU oya="0"/><INIT seed="0,0,0,3,2,19" ten="250,250,250,250" oya="0" hai0="35,42,33,57,99,127,52,75,101,67,1,72,105" hai1="29,83,104,12,20,134,6,84,56,131,129,114,24" hai2="28,5,14,77,36,82,43,68,74,66,109,130,106" hai3="73,89,97,124,30,60,76,90,113,34,120,3,26"/><T62/><D1/><U22/><E104/><V48/><F109/><W44/><G124/><T86/><D127/><U59/><E134/><V58/><F106/><W94/><G113/><T93/><D42/><U135/><E135/><V46/><F130/><N who="1" m="49673" /><E114/><V108/><F108/><W25/><G120/><T38/><D38/><U87/><E87/><V32/><F14/><W122/><G122/><T50/><D105/><U4/><E4/><V116/><F5/><W10/><G44/><T132/><D132/><U31/><E6/><V126/><F126/><W111/><G111/><T11/><D11/><U47/><E47/><V13/><F13/><W95/><G10/><T71/><REACH who="0" step="1"/><D86/><REACH who="0" ten="240,250,250,250" step="2"/><U2/><E2/><V16/><F36/><W98/><G3/><T9/><D9/><U70/><E70/><V45/><F43/><W0/><G0/><T100/><D100/><U23/><E12/><V125/><F125/><W61/><G25/><T40/><D40/><U110/><E110/><V80/><F68/><W112/><G112/><T54/><D54/><U102/><E102/><V15/><F15/><W51/><G26/><T88/><D88/><N who="1" m="51231" /><E31/><V107/><F107/><W96/><G30/><T8/><D8/><U128/><N who="1" m="49681" /><U117/><DORA hai="91" /><E117/><V78/><F116/><W21/><G90/><T85/><D85/><U115/><E115/><V119/><F119/><W69/><G89/><T103/><D103/><U79/><E79/><V17/><F28/><W7/><G76/><T37/><D37/><U49/><E59/><V39/><F58/><W53/><G69/><T133/><D133/><RYUUKYOKU ba="0,1" sc="240,15,250,15,250,-15,250,-15" hai0="33,35,50,52,57,62,67,71,72,75,93,99,101" hai1="20,22,23,24,29,49,56" /><INIT seed="0,1,1,4,0,124" ten="255,265,235,235" oya="0" hai0="67,62,14,92,131,115,45,128,87,52,126,78,57" hai1="100,48,120,4,84,68,88,12,71,15,74,112,69" hai2="29,111,66,105,40,10,38,22,75,130,6,28,125" hai3="96,44,46,129,114,35,5,13,31,16,18,47,106"/><T108/><D115/><U113/><E120/><V61/><F105/><W23/><G129/><N who="0" m="49739" /><D126/><U51/><E74/><V116/><F75/><W39/><G114/><N who="1" m="44138" /><E100/><V49/><F130/><W59/><G39/><T58/><D108/><U70/><N who="1" m="17408" /><DORA hai="37" /><U81/><E12/><V54/><F111/><W103/><G5/><T133/><D133/><U94/><E94/><V79/><F6/><W36/><G36/><T121/><D121/><U98/><E98/><V42/><F38/><W19/><REACH who="3" step="1"/><G59/><REACH who="3" ten="255,265,235,225" step="2"/><N who="0" m="37343" /><D14/><U43/><E43/><V109/><F42/><W95/><G95/><T20/><D20/><U24/><E24/><AGARI ba="1,2" hai="13,16,18,19,23,24,31,35,44,46,47,96,103,106" machi="24" ten="40,2600,0" yaku="1,1,54,1,53,0" doraHai="124,37" doraHaiUra="2,77" who="3" fromWho="1" sc="255,0,265,-29,235,0,225,49" /><INIT seed="1,0,0,0,1,34" ten="255,236,235,274" oya="1" hai0="110,127,27,98,4,41,95,118,76,87,116,51,73" hai1="107,3,10,39,12,123,133,13,82,46,18,66,81" hai2="9,78,59,25,50,38,11,83,97,93,6,37,120" hai3="40,119,91,112,128,114,61,64,22,100,74,1,70"/><U7/><E123/><V20/><F120/><W32/><G32/><T89/><D27/><U71/><E107/><V101/><F11/><W52/><G128/><T35/><D35/><U129/><E129/><V111/><F111/><W62/><G119/><T72/><D51/><U17/><E133/><V103/><F103/><W29/><G74/><N who="0" m="28779" /><D41/><U53/><E3/><V113/><F113/><W2/><G40/><T55/><D55/><U132/><E132/><V42/><F83/><W54/><G114/><T106/><D4/><U90/><E90/><V47/><F78/><W117/><G112/><T24/><D24/><U68/><E7/><V94/><F94/><W0/><G117/><T67/><D67/><U49/><E39/><V79/><F59/><W77/><G77/><T5/><D5/><U63/><REACH who="1" step="1"/><E71/><REACH who="1" ten="255,226,235,274" step="2"/><V48/><F79/><W92/><G100/><N who="0" m="62743" /><D110/><U108/><E108/><V125/><F38/><W28/><G1/><T134/><D134/><U23/><AGARI ba="0,1" hai="10,12,13,17,18,23,46,49,53,63,66,68,81,82" machi="23" ten="20,3900,0" yaku="1,1,0,1,7,1,53,0" doraHai="34" doraHaiUra="36" who="1" fromWho="1" sc="255,-13,226,49,235,-13,274,-13" /><INIT seed="1,1,0,3,0,85" ten="242,275,222,261" oya="1" hai0="19,117,14,26,6,41,106,5,94,68,80,100,25" hai1="71,69,12,122,29,130,61,92,103,51,127,121,46" hai2="63,56,55,62,116,22,131,23,31,15,76,9,111" hai3="67,79,132,118,108,112,74,2,32,11,126,90,39"/><U84/><E127/><V54/><F116/><W114/><RYUUKYOKU type="yao9" ba="1,0" sc="242,0,275,0,222,0,261,0" hai3="2,11,32,39,67,74,79,90,108,112,114,118,126,132" /><INIT seed="1,2,0,1,3,55" ten="242,275,222,261" oya="1" hai0="76,79,25,110,97,98,113,131,11,95,2,9,129" hai1="104,100,93,59,127,81,20,29,26,8,102,112,69" hai2="45,86,57,70,73,67,3,13,84,18,117,17,52" hai3="120,22,77,10,101,38,83,36,39,135,90,75,68"/><U124/><E112/><V32/><F117/><W78/><G120/><T82/><D113/><U58/><E69/><V96/><F73/><W63/><G135/><T7/><D110/><U87/><E104/><V114/><F114/><W115/><G115/><T44/><D25/><U43/><E43/><V56/><F32/><W27/><G101/><N who="1" m="39018" /><E93/><V88/><F3/><W51/><G10/><T133/><D133/><U16/><E127/><V0/><F0/><W130/><G130/><N who="0" m="49675" /><D95/><U66/><E66/><V4/><F70/><W123/><G123/><T109/><D109/><U122/><E122/><V72/><F72/><W14/><G14/><N who="0" m="5439" /><D44/><U24/><E124/><V80/><F96/><N who="0" m="36970" /><D82/><U118/><E118/><V119/><F86/><W107/><G75/><T54/><D54/><U53/><E53/><V31/><F31/><W121/><G121/><T116/><D116/><U47/><E47/><V105/><F105/><W30/><G107/><T126/><D126/><U46/><E46/><V111/><F111/><W132/><G132/><T49/><D49/><U134/><E134/><V37/><F119/><W91/><G51/><T15/><D2/><U5/><E5/><AGARI ba="2,0" hai="5,11,15,76,79" m="36970,5439,49675" machi="5" ten="30,1000,0" yaku="19,1" doraHai="55" who="0" fromWho="1" sc="242,16,275,-16,222,0,261,0" /><INIT seed="2,0,0,4,3,111" ten="258,259,222,261" oya="2" hai0="80,16,133,109,116,126,123,55,7,76,99,26,134" hai1="30,74,49,41,129,21,71,8,13,50,1,5,33" hai2="113,88,89,85,98,83,135,37,45,130,10,77,115" hai3="32,57,105,119,79,72,69,15,6,12,104,40,64"/><V112/><F10/><W44/><G119/><T48/><D123/><U14/><E71/><V131/><F135/><N who="0" m="51722" /><D109/><U114/><E74/><V93/><F37/><W19/><G69/><T117/><D126/><U56/><E129/><N who="2" m="49163" /><F45/><W29/><G6/><T78/><D7/><U25/><E41/><V127/><F127/><W118/><G118/><N who="0" m="45675" /><D99/><U27/><E56/><V101/><AGARI ba="0,0" hai="77,83,85,88,89,93,98,101,112,113,115" m="49163" machi="101" ten="40,18000,2" yaku="19,1,34,2,52,3,54,1" doraHai="111" who="2" fromWho="2" sc="258,-60,259,-60,222,180,261,-60" /><INIT seed="2,1,0,2,3,132" ten="198,199,402,201" oya="2" hai0="120,107,40,53,67,11,47,0,128,25,78,72,23" hai1="123,34,104,109,10,129,17,4,38,131,127,130,82" hai2="99,44,3,2,76,122,114,39,134,69,9,103,97" hai3="58,35,119,45,75,1,22,92,121,32,70,63,81"/><V36/><F122/><W52/><G119/><T73/><D120/><U88/><E123/><V18/><F114/><W124/><G124/><T87/><D107/><U133/><E133/><V94/><F69/><W59/><G121/><T126/><D67/><U14/><E104/><V37/><F134/><W28/><G1/><T33/><D33/><U66/><E127/><V43/><F76/><W86/><G70/><T83/><D126/><U102/><E109/><V85/><F85/><W41/><G75/><T125/><D53/><U68/><E38/><V16/><F99/><W135/><G135/><T27/><D27/><U64/><E102/><V8/><F8/><W113/><G113/><T50/><D128/><U54/><E34/><V13/><REACH who="2" step="1"/><F18/><REACH who="2" ten="198,199,392,201" step="2"/><W115/><G115/><T90/><D125/><U91/><E68/><V89/><F89/><N who="1" m="34377" /><E82/><V57/><F57/><W116/><G58/><T108/><D90/><U5/><E17/><V80/><F80/><W112/><G81/><T55/><D108/><U74/><E74/><V105/><F105/><W6/><G112/><T110/><D110/><U65/><E5/><V42/><F42/><W62/><G6/><N who="0" m="1479" /><D40/><U79/><E79/><V100/><F100/><W49/><G41/><T51/><D73/><U21/><E131/><V31/><F31/><W111/><G28/><N who="0" m="17471" /><D72/><U26/><E130/><V60/><F60/><N who="3" m="35943" /><G111/><T7/><D7/><U106/><E106/><V24/><F24/><W30/><G62/><T56/><D56/><U71/><E129/><V101/><F101/><W96/><G63/><T48/><D78/><U98/><E71/><RYUUKYOKU ba="1,1" sc="198,15,199,-15,392,15,201,-15" hai0="47,48,50,51,55,83,87" hai2="2,3,9,13,16,36,37,39,43,44,94,97,103" /><INIT seed="2,2,1,4,3,73" ten="213,184,407,186" oya="2" hai0="107,57,62,48,89,76,24,83,0,116,9,102,112" hai1="70,91,16,7,93,4,58,77,54,15,109,125,128" hai2="92,33,50,124,26,13,44,114,47,135,105,132,134" hai3="110,101,82,31,29,11,17,49,56,28,74,71,78"/><V72/><F114/><W129/><G110/><T59/><D112/><U53/><E109/><V103/><F124/><W1/><G71/><T122/><D122/><U10/><E125/><V8/><F105/><W106/><G129/><T117/><D89/><U52/><E128/><V100/><F72/><W23/><G1/><T94/><D107/><U121/><E70/><V130/><F130/><W6/><G106/><T25/><D48/><U96/><E121/><V63/><F63/><W51/><G101/><T55/><D59/><U66/><E77/><V113/><F113/><W32/><G32/><T3/><D94/><U21/><E66/><V87/><F50/><W84/><G74/><N who="0" m="43415" /><D102/><N who="2" m="38954" /><F92/><W43/><G43/><T120/><D120/><U98/><E98/><V123/><F87/><W69/><G69/><T34/><D34/><U97/><E97/><V19/><F123/><W85/><G85/><T104/><D104/><U95/><E95/><V131/><F131/><W90/><G90/><T37/><D37/><U115/><E115/><V80/><F80/><W35/><G35/><T99/><D99/><U36/><E36/><V75/><F75/><W88/><G88/><T81/><D81/><U14/><E7/><V119/><F119/><N who="0" m="45642" /><D0/><U118/><E118/><V5/><F33/><W68/><G68/><T41/><D41/><U108/><E108/><V20/><AGARI ba="2,1" hai="5,8,13,19,20,26,44,47,132,134,135" m="38954" machi="20" ten="40,2100,0" yaku="20,1" doraHai="73" who="2" fromWho="2" sc="213,-9,184,-9,407,37,186,-9" /><INIT seed="2,3,0,4,1,86" ten="204,175,444,177" oya="2" hai0="3,32,110,17,102,7,65,68,23,24,116,54,91" hai1="20,106,16,74,111,92,33,83,85,87,107,19,104" hai2="81,133,21,101,4,42,105,82,120,129,98,9,28" hai3="72,130,99,127,63,132,38,88,125,95,118,58,113"/><V49/><F120/><W128/><G118/><T75/><D75/><U135/><E33/><V48/><F129/><N who="3" m="49771" /><G72/><T43/><D43/><U134/><E74/><V52/><F133/><N who="1" m="50697" /><E111/><V55/><F42/><W31/><G132/><T1/><D110/><U47/><E47/><V53/><F28/><W122/><G122/><T12/><D32/><U114/><E114/><V30/><F30/><W70/><G113/><T78/><D116/><U0/><E0/><V131/><F21/><W80/><G38/><T34/><D1/><U71/><E71/><V109/><F109/><W77/><G31/><T97/><D68/><U39/><E39/><V25/><F25/><W93/><G70/><T35/><D35/><U126/><E126/><N who="3" m="48138" /><G93/><T15/><D34/><U84/><E92/><V18/><F131/><W90/><G77/><T10/><D78/><N who="1" m="46199" /><E19/><V2/><F18/><W40/><G40/><T45/><D17/><U14/><AGARI ba="3,0" hai="14,16,20,85,87,104,106,107" m="46199,50697" machi="14" ten="40,2700,0" yaku="20,1,54,1" doraHai="86" who="1" fromWho="1" sc="204,-10,175,36,444,-16,177,-10" /><INIT seed="3,0,0,0,3,69" ten="194,211,428,167" oya="3" hai0="54,12,5,2,40,67,44,112,80,37,61,81,22" hai1="63,73,34,105,53,89,102,120,29,33,60,20,49" hai2="19,116,133,24,28,0,125,84,23,115,39,101,99" hai3="118,43,65,59,71,70,76,4,35,55,45,107,1"/><W18/><G118/><T7/><D112/><U93/><E120/><V97/><F39/><N who="3" m="21759" /><G35/><T106/><D106/><U114/><E73/><V46/><F115/><W57/><G107/><T85/><D54/><U36/><E36/><V87/><F0/><W117/><G18/><T88/><D2/><U13/><E114/><V64/><F116/><W42/><G76/><T56/><D12/><U41/><E41/><V66/><F19/><W96/><G96/><T111/><D111/><U30/><E102/><V127/><F101/><W110/><G117/><T25/><D81/><U8/><E34/><V62/><F23/><W31/><G110/><T17/><AGARI ba="0,0" hai="5,7,17,22,25,37,40,44,56,61,67,80,85,88" machi="17" ten="20,5200,0" yaku="0,1,7,1,52,1,54,1" doraHai="69" who="0" fromWho="0" sc="194,52,211,-13,428,-13,167,-26" owari="246,4.6,198,-20.2,415,51.5,141,-35.9" /></mjloggm>