<mjloggm ver="2.3"><GO type="225" lobby="0"/><UN n0="%72%69%6F%75%63%68%61%6E" n1="%33%74%72%65%65" n2="%E6%9C%88%E5%B3%B6%E5%9F%BA" n3="%E3%81%99%E3%81%84%E3%81%BE%E3%81%9B%E3%83%BC%E3%82%93" dan="16,17,17,18" rate="2096.00,2123.68,2167.32,2205.01" sx="M,F,M,M"/><TAIKYOKU oya="0"/><INIT seed="0,0,0,0,3,85" ten="250,250,250,250" oya="0" hai0="80,88,104,106,51,60,7,82,59,113,37,67,87" hai1="91,78,56,95,107,96,86,30,46,14,50,29,117" hai2="25,69,36,21,45,8,100,111,11,115,18,43,35" hai3="28,92,101,132,19,62,23,12,22,94,49,124,89"/><T53/><D113/><U52/><E117/><V73/><F115/><W120/><G132/><T90/><D37/><U9/><E107/><V127/><F69/><W99/><G124/><T39/><D39/><U4/><E56/><V77/><F127/><W10/><G120/><T1/><D1/><U15/><E14/><V134/><F134/><W5/><G62/><T58/><D7/><U109/><E109/><V112/><F112/><W129/><G129/><T0/><D0/><U63/><E63/><V121/><F121/><W122/><G122/><T32/><D32/><U130/><E130/><V119/><F111/><W65/><G65/><T6/><D6/><U135/><E135/><V81/><F119/><W114/><G114/><T41/><D41/><U71/><E71/><V44/><F35/><W47/><G28/><T116/><D116/><U66/><E66/><V128/><F128/><W20/><G94/><T42/><D42/><U17/><E4/><V72/><F45/><W108/><G108/><T3/><D3/><U93/><E78/><V110/><F110/><W27/><REACH who="3" step="1"/><G101/><AGARI ba="0,0" hai="9,15,17,29,30,46,50,52,86,91,93,95,96,101" machi="101" ten="30,7700,0" yaku="7,1,8,1,52,1,54,1" doraHai="85" who="1" fromWho="3" sc="250,0,250,77,250,0,250,-77" /><INIT seed="1,0,0,0,4,61" ten="250,327,250,173" oya="1" hai0="22,14,126,104,32,120,81,42,114,69,47,116,37" hai1="91,45,71,51,4,97,76,31,25,53,55,109,48" hai2="24,52,65,56,73,111,79,130,36,117,58,107,88" hai3="128,93,123,9,90,112,94,11,127,98,10,34,101"/><U70/><E109/><V133/><F36/><W2/><G123/><T85/><D126/><U110/><E110/><V124/><F117/><W29/><G112/><T64/><D114/><U49/><E76/><V105/><F111/><W33/><G127/><T103/><D116/><U100/><E91/><V122/><F122/><W28/><G2/><T96/><D120/><U80/><E80/><V72/><F124/><W113/><G113/><T3/><D32/><U35/><E4/><V99/><F79/><W5/><G5/><T6/><D3/><U23/><E35/><V41/><F41/><W102/><G128/><T134/><D134/><U8/><E8/><V89/><F130/><W30/><REACH who="3" step="1"/><G101/><REACH who="3" ten="250,327,250,163" step="2"/><T78/><D6/><U63/><E100/><V135/><F135/><W20/><G20/><T119/><D119/><U115/><E23/><V67/><F133/><W77/><G77/><T92/><D22/><U12/><E115/><V60/><F89/><W121/><G121/><T57/><D14/><U26/><E12/><V83/><F88/><W75/><G75/><T27/><D27/><U39/><E25/><V43/><F73/><W86/><AGARI ba="0,1" hai="9,10,11,28,29,30,33,34,86,90,93,94,98,102" machi="86" ten="30,8000,1" yaku="1,1,0,1,53,3" doraHai="61" doraHaiUra="7" who="3" fromWho="3" sc="250,-20,327,-40,250,-20,163,90" /><INIT seed="2,0,0,3,2,62" ten="230,287,230,253" oya="2" hai0="46,13,116,75,84,134,27,47,18,4,58,48,19" hai1="95,52,135,93,65,80,128,118,49,126,83,30,96" hai2="112,59,55,32,60,66,25,88,43,115,108,36,42" hai3="35,85,56,71,29,68,97,133,98,101,90,7,91"/><V10/><F108/><W11/><G133/><T107/><D134/><U39/><E135/><V132/><F132/><W40/><G40/><T70/><D116/><U104/><E39/><V103/><F103/><W53/><G97/><T67/><D75/><U76/><E118/><V78/><F78/><W51/><G29/><T94/><D107/><U20/><E104/><V54/><F10/><W57/><G35/><T0/><D70/><U23/><E126/><V41/><F36/><W113/><G57/><T17/><D0/><U61/><E128/><V9/><F9/><W122/><G122/><T131/><D131/><U121/><E121/><V12/><F12/><W31/><G31/><T99/><D84/><U105/><E105/><V117/><F117/><W44/><G44/><T109/><D109/><U69/><E30/><V45/><F32/><W24/><G24/><T111/><D111/><U87/><E80/><V82/><F25/><W114/><G114/><N who="2" m="43561" /><F88/><N who="3" m="33835" /><G85/><T5/><D27/><U38/><E38/><N who="2" m="21687" /><F82/><W2/><G113/><T81/><D81/><U3/><E3/><V77/><F77/><W102/><G98/><T74/><D74/><U119/><E119/><V106/><F106/><W33/><G33/><T14/><D14/><U6/><E96/><V120/><F120/><W64/><G102/><N who="0" m="60791" /><D13/><U22/><REACH who="1" step="1"/><E6/><REACH who="1" ten="230,277,230,253" step="2"/><N who="0" m="2665" /><D48/><U34/><E34/><V124/><F124/><W129/><G129/><T89/><D89/><U63/><E63/><AGARI ba="0,1" hai="17,18,19,46,47,58,63,67" m="2665,60791" machi="63" ten="30,2000,0" yaku="8,1,52,1" doraHai="62" who="0" fromWho="1" sc="230,30,277,-20,230,0,253,0" /><INIT seed="3,0,0,5,1,91" ten="260,257,230,253" oya="3" hai0="56,63,96,76,106,126,18,123,73,17,82,65,35" hai1="112,33,95,19,131,62,20,3,100,114,125,88,94" hai2="39,30,79,102,2,80,6,26,23,116,111,48,66" hai3="90,50,10,15,37,104,46,85,44,70,25,108,127"/><W58/><G70/><T57/><D126/><U130/><E125/><V55/><F116/><W122/><G122/><T22/><D123/><U107/><E33/><V54/><F39/><W103/><G127/><T87/><D35/><U77/><E3/><V119/><F119/><W71/><G71/><T101/><D56/><U28/><E28/><V135/><F111/><W92/><G108/><T60/><D60/><U110/><E110/><V72/><F135/><W21/><G37/><T129/><D129/><N who="1" m="49163" /><E77/><V12/><F2/><W120/><G120/><T64/><D64/><U14/><E62/><V117/><F117/><W43/><G104/><T34/><D34/><U5/><E5/><V49/><F66/><W32/><G103/><T105/><D105/><U47/><E47/><V121/><F102/><W45/><G58/><T78/><REACH who="0" step="1"/><D22/><REACH who="0" ten="250,257,230,253" step="2"/><U115/><E107/><V61/><F61/><W83/><G32/><T68/><D68/><U8/><E20/><V24/><F121/><W41/><G41/><T97/><D97/><N who="1" m="59447" /><E115/><V36/><F23/><W109/><G109/><T84/><D84/><AGARI ba="0,1" hai="8,14,19,84,88,95,112,114" m="59447,49163" machi="84" ten="30,7700,0" yaku="19,1,52,2,54,1" doraHai="91" who="1" fromWho="0" sc="250,-77,257,87,230,0,253,0" owari="173,-32.7,344,44.4,230,-17.0,253,5.3" /></mjloggm>