<mjloggm ver="2.3"><GO type="225" lobby="0"/><UN n0="%E3%81%AF%E3%82%88%E3%81%8A%E3%81%98%E3%81%95%E3%82%93" n1="%E3%82%8F%E3%81%8B%E3%81%B0%2A%E3%82%AC%E3%83%BC%E3%83%AB" n2="%72%69%6F%75%63%68%61%6E" n3="%E7%B4%94%E6%BD%94%E3%83%94%E3%83%A9%E3%83%8B%E3%82%A2" dan="17,16,16,16" rate="2191.92,2091.11,2130.68,2159.21" sx="M,M,M,M"/><TAIKYOKU oya="0"/><INIT seed="0,0,0,2,4,16" ten="250,250,250,250" oya="0" hai0="59,25,27,89,122,120,19,108,101,127,12,65,71" hai1="92,135,1,91,126,40,11,58,54,13,48,77,17" hai2="33,87,96,74,55,9,37,102,112,119,34,50,70" hai3="23,105,114,109,134,60,56,24,66,107,88,72,2"/><T30/><D71/><U53/><E126/><V3/><F112/><W4/><G114/><T0/><D101/><U80/><E135/><V95/><F119/><W46/><G72/><T63/><D0/><U79/><E1/><V7/><F37/><W28/><G134/><T5/><D127/><U83/><E40/><V98/><F74/><W31/><G109/><T121/><D108/><U113/><E113/><V32/><F70/><W75/><G75/><T110/><D110/><U47/><E83/><V42/><F42/><W84/><G46/><T123/><N who="0" m="30720" /><DORA hai="35" /><T36/><D36/><U62/><REACH who="1" step="1"/><E80/><REACH who="1" ten="250,240,250,250" step="2"/><V133/><F133/><W94/><REACH who="3" step="1"/><G31/><REACH who="3" ten="250,240,250,240" step="2"/><T8/><D30/><U100/><E100/><V10/><F102/><W43/><G43/><T111/><D111/><U115/><E115/><V73/><F73/><W116/><G116/><T132/><D132/><U124/><E124/><V118/><F118/><W21/><G21/><T6/><D89/><U52/><E52/><V61/><F33/><W97/><G97/><AGARI ba="0,2" hai="11,13,17,47,48,53,54,58,62,77,79,91,92,97" machi="97" ten="30,3900,0" yaku="1,1,7,1,8,1,53,0" doraHai="16,35" doraHaiUra="67,129" who="1" fromWho="3" sc="250,0,240,59,250,0,240,-39" /><INIT seed="1,0,0,5,3,108" ten="250,299,250,201" oya="1" hai0="104,122,43,8,40,42,11,3,19,128,32,130,73" hai1="98,62,12,6,88,74,129,94,72,93,109,55,71" hai2="116,120,66,117,67,76,56,127,119,131,102,50,82" hai3="35,23,22,81,28,64,1,100,5,39,30,106,14"/><U79/><E109/><V0/><F120/><W9/><G64/><T17/><D73/><U99/><E129/><N who="0" m="49769" /><D104/><U86/><E79/><V25/><F131/><W110/><G81/><T48/><D32/><U47/><E86/><V4/><F127/><W41/><G41/><T36/><D36/><U31/><E31/><N who="3" m="11818" /><G100/><T105/><D105/><U118/><E118/><V133/><F133/><W75/><G75/><T53/><D122/><U13/><E71/><V112/><F102/><W7/><G39/><T18/><D3/><U87/><E87/><V26/><F66/><W114/><G106/><T96/><D96/><U15/><E6/><N who="3" m="2058" /><G110/><T107/><D107/><U111/><E111/><V78/><F67/><W69/><G69/><T16/><N who="0" m="4096" /><DORA hai="29" /><T68/><D68/><U101/><REACH who="1" step="1"/><E47/><AGARI ba="0,0" hai="8,11,40,42,43,47,48,53" m="4096,49769" machi="47" ten="50,3200,0" yaku="19,1,54,1" doraHai="108,29" who="0" fromWho="1" sc="250,32,299,-32,250,0,201,0" /><INIT seed="2,0,0,4,5,55" ten="282,267,250,201" oya="2" hai0="42,87,90,21,93,47,53,119,18,120,130,17,121" hai1="12,86,67,32,65,64,126,54,14,43,4,101,128" hai2="61,50,15,71,85,73,26,118,40,116,100,104,44" hai3="92,16,8,45,0,83,11,66,69,102,133,77,124"/><V76/><F73/><W27/><G124/><T36/><D130/><U103/><E126/><V134/><F134/><W113/><G133/><T105/><D105/><U98/><E128/><V96/><F26/><W41/><G113/><T48/><D119/><U9/><E32/><V60/><F15/><W99/><G0/><T127/><D127/><U29/><E43/><V33/><F33/><W56/><G69/><T117/><D117/><U112/><E112/><V2/><F2/><W108/><G108/><T88/><D90/><U84/><E29/><V31/><F31/><W13/><G27/><T74/><D74/><U114/><E114/><V28/><F28/><W97/><G97/><T1/><D1/><U63/><E14/><V38/><F50/><W131/><G131/><T95/><D95/><N who="1" m="58591" /><E103/><V111/><F111/><W91/><G102/><T35/><D35/><U5/><E5/><V81/><REACH who="2" step="1"/><F60/><REACH who="2" ten="282,267,240,201" step="2"/><W129/><G129/><T122/><REACH who="0" step="1"/><D21/><REACH who="0" ten="272,267,240,201" step="2"/><U123/><E123/><V115/><F115/><W132/><G132/><T78/><D78/><U39/><E39/><V37/><F37/><W10/><G77/><T19/><D19/><U46/><E46/><AGARI ba="0,2" hai="17,18,36,42,46,47,48,53,87,88,93,120,121,122" machi="46" ten="40,2600,0" yaku="1,1,54,1,53,0" doraHai="55" doraHaiUra="79" who="0" fromWho="1" sc="272,46,267,-26,240,0,201,0" /><INIT seed="3,0,0,4,5,105" ten="318,241,240,201" oya="3" hai0="28,22,129,37,51,12,120,73,0,133,15,78,18" hai1="36,87,58,101,86,124,21,24,112,90,118,102,67" hai2="9,44,60,93,130,2,81,62,76,132,3,103,82" hai3="38,94,1,115,7,41,108,32,74,11,5,70,45"/><W135/><G115/><T109/><D37/><U64/><E112/><V79/><F44/><W14/><G135/><T113/><D0/><N who="2" m="42" /><F9/><W63/><G5/><T77/><D120/><U48/><E36/><V111/><F93/><W119/><G119/><T106/><D106/><U98/><E124/><V16/><F103/><N who="1" m="39433" /><E118/><V33/><F33/><W107/><G14/><T92/><D12/><U125/><E125/><V29/><F29/><W57/><G107/><T72/><D28/><N who="1" m="17423" /><E98/><V49/><F49/><W121/><G121/><T83/><D51/><U127/><E127/><V4/><F132/><W95/><G32/><T123/><D123/><U68/><E68/><V54/><F4/><W66/><G108/><T35/><D35/><U19/><E19/><V97/><F97/><W53/><REACH who="3" step="1"/><G74/><REACH who="3" ten="318,241,240,191" step="2"/><N who="0" m="43447" /><D109/><U34/><E34/><V89/><F111/><W91/><G91/><T52/><D133/><U88/><E90/><V47/><F89/><W61/><AGARI ba="0,1" hai="1,7,11,38,41,45,53,57,61,63,66,70,94,95" machi="61" ten="20,3900,0" yaku="1,1,0,1,7,1,53,0" doraHai="105" doraHaiUra="26" who="3" fromWho="3" sc="318,-13,241,-13,240,-13,191,49" /><INIT seed="3,1,0,3,5,114" ten="305,228,227,240" oya="3" hai0="3,129,89,92,118,103,0,76,127,119,13,77,36" hai1="69,113,93,95,26,116,83,70,7,18,122,21,54" hai2="59,60,6,47,43,14,38,68,133,124,11,99,63" hai3="41,19,15,12,61,39,9,49,2,46,115,74,10"/><W32/><G32/><T131/><D36/><U128/><E122/><V117/><F124/><W88/><G115/><T101/><D13/><U96/><E113/><V29/><F133/><W1/><G74/><T23/><D23/><U37/><E37/><V110/><F110/><W67/><G39/><T134/><D127/><U25/><E128/><N who="0" m="49225" /><D134/><U27/><E116/><N who="0" m="44585" /><D89/><U65/><E7/><V56/><F117/><W91/><G2/><N who="0" m="555" /><D92/><U50/><E93/><V71/><F29/><W94/><G1/><T132/><D132/><U28/><E28/><V109/><F109/><W123/><G123/><T87/><D87/><U78/><E95/><V33/><F33/><W62/><G91/><T130/><D130/><U98/><E27/><V73/><F73/><W40/><G40/><T106/><D106/><U66/><E26/><V126/><F126/><W35/><G35/><T30/><D30/><U112/><E112/><V79/><F79/><AGARI ba="1,0" hai="76,77,79,101,103" m="555,44585,49225" machi="79" ten="40,12000,2" yaku="28,2,19,1,52,3" doraHai="114" who="0" fromWho="2" sc="305,123,228,0,227,-123,240,0" owari="428,52.8,228,-17.2,104,-39.6,240,4.0" /></mjloggm>