<mjloggm ver="2.3"><GO type="225" lobby="0"/><UN n0="%E3%81%AF%E3%82%88%E3%81%8A%E3%81%98%E3%81%95%E3%82%93" n1="%E6%81%A5%E6%99%92%E3%81%97" n2="%E4%B8%89%E5%88%86%E5%B0%8F%E5%83%A7" n3="%E5%A4%8F%E9%88%B4%E9%88%B4%E5%A4%8F" dan="17,17,16,16" rate="2139.58,2188.78,2079.84,2146.79" sx="M,M,M,F"/><TAIKYOKU oya="0"/><INIT seed="0,0,0,0,3,97" ten="250,250,250,250" oya="0" hai0="129,105,32,115,122,28,135,61,33,113,42,4,15" hai1="86,11,35,30,132,7,75,14,103,46,3,108,70" hai2="24,5,80,131,77,120,83,52,124,96,41,101,104" hai3="10,60,79,51,49,21,128,8,59,110,34,81,114"/><T25/><D61/><U87/><E75/><V65/><F120/><W76/><G114/><N who="0" m="43531" /><D42/><U56/><E70/><V27/><F124/><W117/><G117/><T31/><D105/><U109/><E132/><V48/><F131/><W119/><G119/><T62/><D62/><U94/><E56/><V53/><F5/><W106/><G106/><T26/><D122/><U69/><E3/><V84/><F65/><W98/><G128/><T89/><D89/><U85/><E69/><V38/><F38/><W130/><G51/><T9/><D129/><U125/><E125/><V91/><F41/><W0/><G49/><T107/><D107/><U134/><E134/><AGARI ba="0,0" hai="4,9,15,25,26,28,31,32,33,134,135" m="43531" machi="134" ten="30,2900,0" yaku="34,2" doraHai="97" who="0" fromWho="1" sc="250,29,250,-29,250,0,250,0" /><INIT seed="0,1,0,5,0,99" ten="279,221,250,250" oya="0" hai0="76,34,104,78,85,61,73,32,109,45,122,132,128" hai1="121,24,43,8,51,92,48,89,71,15,86,112,115" hai2="80,113,20,125,31,38,93,91,105,54,35,72,67" hai3="64,42,23,130,68,12,126,77,95,3,4,117,44"/><T134/><D73/><U107/><E121/><V111/><F113/><N who="1" m="43593" /><E71/><V6/><F35/><N who="0" m="13354" /><D122/><U123/><E123/><V82/><F38/><W36/><G3/><T79/><D104/><U97/><E24/><N who="2" m="16775" /><F105/><W22/><G95/><T11/><D128/><U13/><E43/><V110/><F72/><W106/><G77/><T119/><D119/><U29/><E29/><V19/><F125/><W59/><G59/><T118/><D118/><U88/><E15/><V49/><F67/><W30/><G44/><T116/><D116/><U63/><E63/><V9/><F19/><W60/><G42/><T70/><D45/><U103/><E89/><V94/><F82/><W10/><G60/><T18/><D61/><U124/><E124/><V46/><F80/><W62/><G62/><T37/><D37/><U66/><E66/><V57/><F46/><W135/><G64/><T26/><D70/><U55/><E55/><V133/><F91/><W131/><G68/><T83/><D78/><U98/><E97/><V27/><F27/><W58/><G126/><T33/><D79/><U50/><E50/><V16/><F6/><AGARI ba="1,0" hai="6,8,13,48,51,86,88,92,98,103,107" m="43593" machi="6" ten="30,3900,0" yaku="11,1,52,1,54,1" doraHai="99" who="1" fromWho="2" sc="279,0,221,42,250,-42,250,0" /><INIT seed="1,0,0,3,3,96" ten="279,263,208,250" oya="1" hai0="9,55,16,58,10,4,75,57,130,110,47,31,67" hai1="71,127,84,19,56,122,15,5,114,8,14,87,123" hai2="30,120,24,50,70,113,6,3,64,11,79,133,111" hai3="44,91,68,105,102,18,121,83,85,97,73,61,126"/><U82/><E114/><V118/><F118/><W134/><G121/><T48/><D75/><U46/><E71/><V93/><F120/><W54/><G134/><T74/><D74/><U132/><E132/><V0/><F133/><W99/><G126/><T131/><D110/><U40/><E127/><V25/><F111/><W51/><G73/><T81/><D31/><U72/><E56/><V109/><F109/><W106/><G18/><T124/><D124/><U89/><E87/><V112/><F79/><W62/><G68/><T116/><D116/><U39/><REACH who="1" step="1"/><E72/><REACH who="1" ten="279,253,208,250" step="2"/><V38/><F70/><W90/><G90/><T98/><D58/><U42/><E42/><V78/><F113/><W32/><G32/><T53/><D57/><U37/><E37/><V41/><F41/><W104/><REACH who="3" step="1"/><G99/><REACH who="3" ten="279,253,208,240" step="2"/><T77/><D98/><U1/><E1/><V65/><F0/><W94/><AGARI ba="0,2" hai="44,51,54,61,62,83,85,91,94,97,102,104,105,106" machi="94" ten="30,8000,1" yaku="1,1,2,1,0,1,52,1,53,1" doraHai="96" doraHaiUra="76" who="3" fromWho="3" sc="279,-20,253,-40,208,-20,240,100" /><INIT seed="2,0,0,5,2,83" ten="259,213,188,340" oya="2" hai0="118,68,78,99,62,56,102,53,127,70,7,71,66" hai1="86,33,95,105,135,89,45,49,32,106,98,93,75" hai2="13,60,121,28,12,24,81,39,116,29,52,65,54" hai3="34,112,69,25,109,38,134,2,40,74,90,64,46"/><V67/><F116/><W30/><G109/><T88/><D118/><U119/><E119/><V108/><F39/><W4/><G134/><T124/><D78/><U10/><E135/><V120/><F108/><W130/><G90/><T110/><D7/><U126/><E126/><N who="0" m="48169" /><D110/><U79/><E10/><V17/><F24/><W63/><G130/><T9/><D9/><U42/><E105/><V114/><F114/><W59/><G59/><T22/><D22/><U51/><E51/><V73/><F73/><W92/><G92/><N who="0" m="56711" /><D102/><N who="1" m="62807" /><E95/><V35/><F81/><AGARI ba="0,0" hai="32,33,42,45,49,75,79,81,86,89,93" m="62807" machi="81" ten="30,2000,0" yaku="24,1,52,1" doraHai="83" who="1" fromWho="2" sc="259,0,213,20,188,-20,340,0" /><INIT seed="3,0,0,3,1,124" ten="259,233,168,340" oya="3" hai0="16,35,102,119,86,31,113,0,115,2,69,37,25" hai1="92,15,7,63,125,50,108,111,36,94,29,8,109" hai2="78,9,130,85,49,129,32,33,26,74,64,27,106" hai3="117,47,30,46,12,93,21,56,76,52,123,58,101"/><W96/><G117/><T10/><D119/><U88/><E36/><V84/><F106/><W103/><G123/><T23/><D37/><U62/><E125/><V80/><F64/><W71/><G71/><T104/><D69/><U44/><E29/><V24/><F49/><N who="3" m="30735" /><G76/><T3/><D86/><N who="2" m="33386" /><F9/><W28/><G103/><T20/><D102/><U100/><E100/><V82/><F82/><W75/><G75/><T14/><D104/><U34/><E34/><V90/><F90/><W127/><G127/><T22/><AGARI ba="0,0" hai="0,2,3,10,14,16,20,22,23,25,31,35,113,115" machi="22" ten="40,8000,1" yaku="0,1,34,3,54,1" doraHai="124" who="0" fromWho="0" sc="259,80,233,-20,168,-20,340,-40" owari="339,43.9,213,-18.7,148,-35.2,300,10.0" /></mjloggm>