<mjloggm ver="2.3"><GO type="225" lobby="0"/><UN n0="%E5%82%8D%E8%8B%A5%E7%84%A1%E4%BA%BA%35%31" n1="%EF%BC%AE%EF%BC%A1%EF%BC%AF%33%33%39" n2="%E3%81%8B%E3%82%8F%E3%81%A1%E3%82%83%E3%82%93%35%38" n3="%E3%81%BF%E3%81%BF%E3%81%9A" dan="16,16,16,17" rate="2176.16,2105.94,2141.03,2172.89" sx="M,M,M,M"/><TAIKYOKU oya="0"/><INIT seed="0,0,0,5,3,122" ten="250,250,250,250" oya="0" hai0="115,52,58,12,100,48,71,104,82,95,29,43,102" hai1="121,86,27,5,103,76,85,131,127,51,113,117,75" hai2="24,57,47,36,54,63,26,61,46,41,114,99,32" hai3="126,35,60,118,80,21,14,119,90,110,84,133,1"/><T59/><D115/><U11/><E121/><V96/><F114/><W3/><G35/><T116/><D116/><U130/><E113/><V108/><F108/><W72/><G126/><T87/><D71/><U15/><E117/><V39/><F32/><W94/><G133/><T88/><D104/><U69/><E69/><V93/><F63/><W49/><G110/><T83/><D29/><U107/><E27/><V135/><F135/><W13/><G119/><T19/><D43/><U25/><E25/><V74/><F74/><W10/><G60/><T125/><D125/><U34/><E34/><V38/><F96/><W129/><G129/><N who="1" m="49162" /><E127/><V68/><F68/><W66/><G66/><T70/><D70/><U111/><E111/><V109/><F109/><W77/><G118/><T44/><D83/><N who="1" m="45471" /><E51/><V89/><REACH who="2" step="1"/><F46/><REACH who="2" ten="250,250,240,250" step="2"/><W134/><G134/><T2/><D2/><U92/><E107/><V23/><F23/><W7/><G1/><T22/><D102/><U67/><E67/><V50/><AGARI ba="0,1" hai="24,26,36,38,39,41,47,50,54,57,61,89,93,99" machi="50" ten="30,2000,0" yaku="1,1,0,1,53,0" doraHai="122" doraHaiUra="16" who="2" fromWho="2" sc="250,-10,250,-5,240,30,250,-5" /><INIT seed="1,0,0,2,4,11" ten="240,245,270,245" oya="1" hai0="110,22,120,100,35,14,124,131,116,24,36,9,17" hai1="135,114,26,58,13,28,66,117,74,63,83,73,34" hai2="82,126,80,72,57,33,108,12,61,102,94,53,71" hai3="6,81,87,98,92,99,123,70,32,44,16,122,0"/><U111/><E114/><V125/><F33/><W46/><G70/><T79/><D36/><U65/><E117/><V109/><F71/><W76/><G32/><T67/><D116/><U86/><E135/><V23/><F102/><W77/><G0/><T118/><D118/><U101/><E101/><V51/><F94/><W133/><G6/><T30/><D110/><N who="2" m="42602" /><F61/><W25/><G133/><T96/><D120/><U90/><E111/><V85/><F72/><W56/><G123/><T107/><D79/><U42/><E42/><V39/><F39/><W50/><G76/><T62/><D131/><U132/><E132/><V37/><F37/><W54/><G122/><T8/><REACH who="0" step="1"/><D124/><REACH who="0" ten="230,245,270,245" step="2"/><N who="2" m="47722" /><F85/><W29/><G99/><T121/><D121/><U19/><REACH who="1" step="1"/><E65/><REACH who="1" ten="230,235,270,245" step="2"/><V68/><F68/><AGARI ba="0,2" hai="8,9,14,17,22,24,30,35,62,67,68,96,100,107" machi="68" ten="30,8000,1" yaku="1,1,7,1,25,2,52,1,53,0" doraHai="11" doraHaiUra="69" who="0" fromWho="2" sc="230,100,235,0,270,-80,245,0" /><INIT seed="2,0,0,5,2,44" ten="330,235,190,245" oya="2" hai0="39,19,69,90,111,125,120,104,15,33,118,126,41" hai1="6,107,40,53,18,14,47,110,57,89,45,10,64" hai2="63,27,102,105,76,131,4,101,61,71,85,108,109" hai3="91,43,115,28,113,22,11,35,16,123,98,97,127"/><V34/><F4/><W92/><G123/><T99/><D111/><N who="2" m="42570" /><F131/><W106/><G127/><T87/><D69/><U58/><E107/><V26/><F105/><W13/><G43/><T42/><D33/><U95/><E110/><V56/><F71/><W73/><G73/><T65/><D65/><U82/><E82/><N who="2" m="47303" /><F61/><W135/><G135/><T133/><D133/><U94/><E6/><V2/><F2/><W12/><G35/><T3/><D120/><U86/><E95/><V128/><F128/><W67/><G67/><T59/><D118/><U77/><E77/><V78/><F78/><W116/><G116/><T9/><D3/><U23/><E10/><V46/><F46/><W55/><G55/><T51/><D39/><U21/><E21/><V84/><F84/><W119/><G119/><T5/><D5/><U8/><E8/><V121/><F121/><W122/><G122/><T81/><D104/><U30/><E30/><N who="2" m="19799" /><F27/><W1/><G1/><T17/><D99/><U112/><E112/><N who="3" m="43082" /><G106/><T100/><D126/><U124/><E124/><V36/><F36/><W37/><G37/><T20/><D125/><U60/><REACH who="1" step="1"/><E40/><REACH who="1" ten="330,225,190,245" step="2"/><V132/><F132/><W38/><G98/><T50/><D42/><U0/><E0/><V88/><F88/><W62/><G28/><T52/><D100/><U134/><E134/><V24/><F24/><W129/><G129/><T117/><D117/><U32/><E32/><V79/><F79/><W70/><G12/><N who="0" m="9255" /><D41/><U114/><E114/><V66/><AGARI ba="0,1" hai="56,63,66,101,102" m="19799,47303,42570" machi="66" ten="30,3000,0" yaku="14,1,10,1" doraHai="44" who="2" fromWho="2" sc="330,-10,225,-10,190,40,245,-10" /><INIT seed="2,1,0,0,4,119" ten="320,215,230,235" oya="2" hai0="97,64,79,54,61,74,62,94,26,56,53,20,90" hai1="78,38,86,116,121,115,107,129,133,9,33,120,5" hai2="108,6,106,12,110,8,131,87,3,25,104,65,68" hai3="126,117,89,42,63,98,71,92,57,130,30,123,88"/><V93/><F131/><W77/><G117/><T35/><D35/><U48/><E116/><V96/><F87/><W39/><G123/><N who="1" m="47178" /><E38/><V29/><F12/><W69/><G130/><T59/><D74/><U128/><E33/><N who="2" m="20655" /><F93/><W83/><G126/><T124/><D79/><U114/><E107/><N who="2" m="41003" /><F96/><W85/><G30/><N who="0" m="17735" /><D124/><U91/><E78/><V134/><F134/><W118/><G118/><T52/><AGARI ba="1,0" hai="52,53,54,56,59,61,62,64,90,94,97" m="17735" machi="52" ten="30,2000,0" yaku="8,1,54,1" doraHai="119" who="0" fromWho="0" sc="320,23,215,-6,230,-11,235,-6" /><INIT seed="3,0,0,1,5,47" ten="343,209,219,229" oya="3" hai0="7,100,90,32,35,114,5,24,3,68,123,67,2" hai1="94,40,85,15,113,50,71,44,29,121,11,129,69" hai2="127,12,14,1,4,28,36,79,18,103,109,106,21" hai3="46,70,89,104,22,56,60,105,43,37,72,62,52"/><W17/><G72/><T41/><D90/><U54/><E113/><V78/><F36/><W75/><G75/><T97/><D41/><U102/><E121/><V6/><F1/><W111/><G111/><T122/><D114/><U95/><E29/><V59/><F28/><W66/><REACH who="3" step="1"/><G89/><REACH who="3" ten="343,209,219,219" step="2"/><T96/><D122/><U55/><E129/><V39/><F109/><W73/><G73/><T33/><D123/><U26/><E26/><AGARI ba="0,1" hai="17,22,26,37,43,46,52,56,60,62,66,70,104,105" machi="26" ten="30,5800,0" yaku="1,1,7,1,54,1,53,0" doraHai="47" doraHaiUra="82" who="3" fromWho="1" sc="343,0,209,-58,219,0,219,68" /><INIT seed="3,1,0,1,0,11" ten="343,151,219,287" oya="3" hai0="106,28,126,87,78,7,13,114,31,38,12,22,92" hai1="39,17,91,4,33,84,72,27,20,83,102,46,57" hai2="127,41,75,53,125,98,99,79,120,123,14,69,0" hai3="128,115,32,118,58,80,36,48,43,113,104,74,49"/><W121/><G118/><T108/><D108/><U34/><E72/><V16/><F0/><W109/><G121/><N who="2" m="46665" /><F69/><W129/><G104/><T85/><D38/><U1/><E1/><V97/><F41/><W95/><G32/><T47/><D114/><N who="3" m="43529" /><G95/><T107/><D47/><U51/><E4/><V40/><F40/><W3/><G3/><T66/><D66/><U132/><E132/><V15/><F53/><N who="3" m="32039" /><G80/><T63/><D63/><U26/><E39/><V116/><F116/><W21/><G21/><T96/><D22/><U25/><E57/><V110/><F110/><W42/><G74/><T5/><D92/><U68/><E68/><V88/><F88/><W90/><G90/><T52/><D78/><U37/><E37/><V61/><F61/><W35/><G35/><T124/><D96/><U9/><E102/><V71/><F71/><W122/><G122/><T119/><D119/><U55/><E34/><V64/><F64/><W117/><G117/><T81/><D81/><U112/><E33/><V133/><F133/><W130/><G36/><T135/><D135/><U131/><E112/><V56/><F56/><W89/><G109/><T23/><D23/><U105/><E105/><V2/><F2/><W6/><G89/><T103/><D103/><U19/><E131/><V94/><F94/><W24/><G49/><T86/><D86/><U70/><E70/><V29/><F75/><W62/><G62/><T111/><D111/><U65/><E65/><V44/><F79/><W73/><G73/><T10/><D10/><U134/><E134/><V54/><F98/><W18/><G6/><RYUUKYOKU ba="1,0" sc="343,10,151,10,219,-30,287,10" hai0="5,7,12,13,28,31,52,85,87,106,107,124,126" hai1="9,17,19,20,25,26,27,46,51,55,83,84,91" hai3="18,24,42,43,128,129,130" /><INIT seed="3,2,0,2,0,14" ten="353,161,189,297" oya="3" hai0="85,90,80,125,66,114,34,121,15,33,28,100,122" hai1="124,36,42,117,44,25,127,88,52,0,24,76,118" hai2="26,6,84,29,113,74,126,96,53,109,27,115,59" hai3="13,62,112,65,105,78,93,60,83,111,68,61,64"/><W58/><G105/><T87/><D125/><N who="1" m="48203" /><E0/><V5/><F74/><W20/><G112/><T32/><D114/><U30/><E76/><V19/><F115/><W45/><G111/><T47/><D66/><U81/><E30/><V94/><F113/><W21/><G61/><T98/><D28/><U51/><E81/><V120/><F126/><W77/><G93/><T43/><D15/><U129/><E88/><N who="2" m="55367" /><F109/><W131/><G131/><T134/><D134/><U104/><E104/><V39/><F39/><W106/><G106/><T22/><D22/><U12/><E129/><V3/><F3/><W2/><G2/><T99/><D87/><U10/><E36/><V38/><F38/><W46/><G21/><T49/><D99/><U70/><E70/><V92/><F29/><W103/><G103/><T75/><D75/><U63/><E63/><N who="2" m="36335" /><F26/><N who="1" m="10345" /><E42/><V102/><F102/><W128/><G128/><T56/><D98/><U79/><E79/><V130/><F130/><W72/><REACH who="3" step="1"/><G78/><REACH who="3" ten="353,161,189,287" step="2"/><T67/><D100/><U35/><E35/><V11/><F92/><W116/><G116/><T18/><D33/><U1/><E1/><V82/><F82/><W41/><G41/><T7/><D34/><U101/><E101/><V16/><F27/><W71/><G71/><T57/><D32/><U91/><E91/><V135/><F135/><W133/><G133/><T108/><D108/><U23/><E23/><V86/><F120/><W95/><G95/><T119/><D121/><U54/><E54/><V107/><F107/><W132/><G132/><T50/><D119/><U17/><AGARI ba="2,1" hai="10,12,17,44,51,52,117,118" m="10345,48203" machi="17" ten="30,4000,0" yaku="18,1,52,1,54,1" doraHai="14" who="1" fromWho="1" sc="353,-12,161,56,189,-12,287,-22" owari="341,44.1,217,-18.3,177,-32.3,265,6.5" /></mjloggm>