<mjloggm ver="2.3"><GO type="225" lobby="0"/><UN n0="%E5%A4%8F%E9%88%B4%E9%88%B4%E5%A4%8F" n1="%E3%81%8B%E3%82%8F%E3%81%A1%E3%82%83%E3%82%93%35%38" n2="%E7%99%BD%E5%80%89%E5%AF%9B%E4%B9%8B" n3="%70%68%65%6E%6F%6D%65" dan="16,16,16,16" rate="2109.65,2175.74,2131.60,2139.69" sx="F,M,M,M"/><TAIKYOKU oya="0"/><INIT seed="0,0,0,5,4,78" ten="250,250,250,250" oya="0" hai0="6,112,83,54,73,89,30,61,28,74,62,16,75" hai1="5,38,59,95,96,114,68,81,80,65,55,56,47" hai2="134,52,35,111,34,99,70,86,128,72,126,69,64" hai3="123,88,60,79,93,132,130,67,50,41,77,57,45"/><T12/><D112/><U116/><E116/><V48/><F72/><W108/><G108/><T131/><D6/><U46/><E68/><V100/><F111/><W21/><G130/><T3/><D3/><U82/><E114/><V20/><F128/><W103/><G132/><T43/><D43/><U0/><E0/><V113/><F126/><W7/><G123/><T110/><D110/><U92/><E5/><V127/><F127/><W102/><G7/><T29/><D131/><U18/><E38/><V49/><F49/><W40/><G40/><T15/><D15/><U121/><E121/><V42/><F42/><W94/><G21/><T33/><D54/><U115/><E115/><V1/><F1/><W27/><G27/><T122/><D33/><U135/><E135/><V14/><F134/><W85/><REACH who="3" step="1"/><G102/><REACH who="3" ten="250,250,250,240" step="2"/><T9/><REACH who="0" step="1"/><D122/><REACH who="0" ten="240,250,250,240" step="2"/><U8/><E8/><V32/><F113/><W84/><G84/><AGARI ba="0,2" hai="9,12,16,28,29,30,61,62,73,74,75,83,84,89" machi="84" ten="50,12000,1" yaku="1,1,2,1,52,1,54,1,53,0" doraHai="78" doraHaiUra="71" who="0" fromWho="3" sc="240,140,250,0,250,0,240,-120" /><INIT seed="0,1,0,3,5,72" ten="380,250,250,120" oya="0" hai0="52,123,114,63,68,125,79,87,81,69,31,129,58" hai1="97,107,9,3,26,131,50,111,2,89,128,96,102" hai2="104,16,12,93,13,66,108,84,71,57,60,55,27" hai3="134,95,105,117,67,116,103,99,22,124,90,40,110"/><T34/><D123/><U21/><E111/><V47/><F104/><W126/><G67/><T0/><D114/><U25/><E50/><N who="2" m="29151" /><F71/><W113/><G40/><T10/><D129/><N who="1" m="49739" /><E9/><V122/><F122/><W45/><G45/><T65/><D125/><N who="3" m="48233" /><G22/><T19/><D31/><N who="1" m="17839" /><E26/><V11/><F108/><W5/><G5/><T76/><D34/><U132/><E132/><V77/><F13/><W112/><G110/><T85/><D19/><U24/><E24/><V32/><F27/><W39/><G39/><T101/><D101/><N who="1" m="62887" /><E89/><N who="2" m="53415" /><F32/><W44/><G44/><T48/><D69/><U20/><E20/><V70/><F70/><W100/><G134/><T56/><D68/><U74/><E74/><V33/><F33/><W53/><G103/><T14/><D14/><U35/><E35/><V88/><F66/><W127/><N who="3" m="48241" /><W120/><DORA hai="135" /><G53/><T4/><REACH who="0" step="1"/><D87/><REACH who="0" ten="370,250,250,120" step="2"/><U106/><AGARI ba="1,1" hai="2,3,97,102,106" m="62887,17839,49739" machi="106" ten="30,1100,0" yaku="19,1" doraHai="72,135" who="1" fromWho="1" sc="370,-6,250,24,250,-4,120,-4" /><INIT seed="1,0,0,3,3,14" ten="364,274,246,116" oya="1" hai0="37,81,23,134,22,133,94,59,108,24,124,67,41" hai1="93,8,132,105,130,97,63,72,56,55,96,61,43" hai2="25,13,83,111,122,79,91,120,26,99,35,104,40" hai3="6,20,15,76,77,68,10,38,73,85,110,29,135"/><U89/><E130/><V53/><F111/><W5/><G110/><T103/><D108/><U50/><E132/><N who="0" m="50793" /><D124/><U17/><E72/><V46/><F53/><W4/><G135/><T58/><D81/><U11/><E105/><V30/><F26/><W9/><G68/><T64/><D41/><U33/><E33/><V69/><F69/><W34/><G38/><T71/><D22/><U118/><E118/><V98/><F13/><W75/><G34/><T31/><D37/><U107/><E107/><V113/><F113/><W12/><G5/><T52/><D59/><U128/><E128/><V90/><F98/><W32/><G32/><T54/><D54/><U87/><E97/><V42/><F42/><W78/><REACH who="3" step="1"/><G85/><REACH who="3" ten="364,274,246,106" step="2"/><T21/><D71/><U16/><E87/><N who="2" m="48639" /><F35/><W44/><G44/><T106/><D21/><U92/><E8/><V57/><F46/><W125/><G125/><T0/><D0/><U47/><E11/><V101/><F120/><W86/><G86/><T115/><D23/><U1/><E1/><V127/><F122/><W109/><G109/><T39/><D39/><U66/><E93/><V28/><F127/><W131/><G131/><T51/><D94/><U48/><E63/><V62/><F62/><W126/><G126/><T45/><D115/><U19/><E50/><V36/><F36/><W74/><G74/><T121/><D121/><U18/><N who="1" m="4096" /><DORA hai="49" /><U114/><E114/><V129/><F129/><W70/><G70/><T3/><D3/><U112/><E112/><V88/><F104/><W82/><G82/><T116/><D106/><U27/><E27/><AGARI ba="0,1" hai="4,6,9,10,12,15,20,27,29,73,75,76,77,78" machi="27" ten="40,5200,0" yaku="1,1,6,1,9,1,53,0" doraHai="14,49" doraHaiUra="84,117" who="3" fromWho="1" sc="364,0,274,-52,246,0,106,62" /><INIT seed="2,0,0,0,0,54" ten="364,222,246,168" oya="2" hai0="104,26,81,3,74,90,80,126,33,45,116,93,63" hai1="119,53,61,50,38,10,110,21,109,32,113,22,130" hai2="52,34,58,14,42,25,117,105,5,111,123,127,36" hai3="51,72,88,41,108,106,83,37,103,102,16,84,76"/><V73/><F73/><W87/><G108/><N who="1" m="41578" /><E113/><V9/><F105/><W12/><G37/><T65/><D104/><U132/><E38/><V20/><F111/><W47/><G106/><T128/><D128/><U43/><E32/><V46/><F127/><W49/><G49/><T48/><D3/><U39/><E119/><V77/><F77/><W91/><G72/><T0/><D0/><U131/><E10/><V17/><F117/><W30/><G30/><T57/><D126/><U85/><E85/><V19/><F34/><W29/><G29/><T23/><D33/><U68/><E21/><V120/><REACH who="2" step="1"/><F5/><REACH who="2" ten="364,222,236,168" step="2"/><W82/><REACH who="3" step="1"/><G76/><REACH who="3" ten="364,222,236,158" step="2"/><T79/><D79/><U35/><E131/><V118/><F118/><W31/><G31/><T1/><D116/><U99/><E130/><V18/><F18/><W89/><G89/><T94/><D90/><U56/><E35/><V8/><F8/><AGARI ba="0,2" hai="8,12,16,41,47,51,82,83,84,87,88,91,102,103" machi="8" ten="30,12000,2" yaku="1,1,7,1,9,1,8,1,54,2,53,0" doraHai="54" doraHaiUra="115" who="3" fromWho="2" sc="364,0,222,0,236,-120,158,140" /><INIT seed="3,0,0,1,1,100" ten="364,222,116,298" oya="3" hai0="78,7,45,107,74,39,131,37,48,27,15,69,88" hai1="113,130,42,75,128,65,86,67,11,102,60,120,50" hai2="124,30,57,0,103,79,98,87,122,127,36,105,134" hai3="56,84,72,4,44,109,41,118,117,43,116,129,6"/><W24/><G72/><T106/><D69/><U125/><E75/><V132/><F36/><N who="0" m="13898" /><D27/><U21/><E11/><V133/><F0/><W83/><G129/><T31/><D31/><U77/><E21/><V66/><F30/><W64/><G109/><T76/><D88/><U17/><E17/><V126/><F66/><W99/><G24/><T81/><D78/><U58/><E86/><V38/><F57/><W71/><G71/><T97/><D97/><U93/><E93/><V10/><F10/><W110/><G110/><T68/><D15/><U22/><E77/><V35/><F38/><W9/><G99/><T20/><D20/><U28/><E102/><V104/><F35/><W70/><G70/><T73/><D7/><U53/><E22/><V33/><F33/><W12/><G6/><T55/><D68/><U135/><E28/><V94/><F122/><W115/><G44/><T51/><D51/><U95/><E120/><V13/><F13/><W2/><G12/><T121/><D121/><U63/><E113/><V34/><F34/><W16/><G16/><T47/><D45/><U96/><E42/><V108/><F108/><W123/><G115/><T59/><D47/><U111/><E111/><V1/><F1/><W32/><G32/><T119/><D73/><U85/><E58/><V40/><F40/><W101/><G101/><T25/><D119/><U3/><E3/><V14/><F14/><W80/><G123/><T89/><D25/><U49/><E130/><V46/><F46/><W90/><G83/><AGARI ba="0,0" hai="79,83,87,94,98,103,104,105,124,126,127,132,133,134" machi="83" ten="50,12000,2" yaku="18,1,20,1,34,3,52,2" doraHai="100" who="2" fromWho="3" sc="364,0,222,0,116,120,298,-120" owari="364,46.4,222,-17.8,236,3.6,178,-32.2" /></mjloggm>