<mjloggm ver="2.3"><GO type="225" lobby="0"/><UN n0="%E3%82%A4%E3%83%BC%E3%82%B1%E3%83%97%E3%83%A9" n1="%E6%A1%9C%E8%8A%B1%E9%96%83%E3%80%85" n2="%E6%B4%BE%E9%81%A3%E3%81%AE%E3%82%B8%E3%83%A3%E3%83%83%E3%82%AF" n3="%E5%A4%8F%E9%88%B4%E9%88%B4%E5%A4%8F" dan="17,16,17,16" rate="2224.52,2174.93,2192.59,2104.31" sx="M,M,M,M"/><TAIKYOKU oya="0"/><INIT seed="0,0,0,3,3,64" ten="250,250,250,250" oya="0" hai0="37,80,134,82,28,116,84,56,109,34,54,117,126" hai1="114,55,31,24,86,68,18,92,52,133,39,79,70" hai2="78,127,105,108,61,30,2,62,128,130,104,73,113" hai3="11,22,77,131,88,7,3,15,107,100,102,91,1"/><T25/><D134/><U51/><E39/><V14/><F2/><W132/><G131/><N who="2" m="50217" /><F113/><W36/><G132/><T75/><D37/><U57/><E133/><V45/><F108/><W96/><G36/><T85/><D126/><U74/><E114/><V48/><F127/><W76/><G102/><T112/><D112/><U32/><E74/><V106/><F30/><W97/><G1/><T59/><D75/><U20/><E55/><N who="2" m="30095" /><F14/><W121/><G121/><T50/><D109/><U42/><E42/><V120/><F120/><W21/><G97/><T123/><D123/><U0/><E0/><V9/><F9/><W5/><G5/><T16/><D59/><U93/><E93/><V115/><F115/><W95/><G107/><N who="2" m="27393" /><V13/><DORA hai="122" /><F13/><W94/><G94/><T6/><D6/><U125/><E125/><V90/><F90/><N who="3" m="34347" /><G3/><T89/><REACH who="0" step="1"/><D16/><REACH who="0" ten="240,250,250,250" step="2"/><U43/><E18/><V60/><F73/><W67/><G67/><T110/><D110/><U71/><E71/><V118/><F118/><W26/><G22/><T87/><D87/><U119/><E20/><V23/><F23/><W81/><G81/><T4/><D4/><U8/><E119/><V65/><F78/><AGARI ba="0,1" hai="25,28,34,50,54,56,78,80,82,84,85,89,116,117" machi="78" ten="30,2900,0" yaku="1,1,7,1,53,0" doraHai="64,122" doraHaiUra="135,41" who="0" fromWho="2" sc="240,39,250,0,250,-29,250,0" /><INIT seed="0,1,0,0,3,113" ten="279,250,221,250" oya="0" hai0="76,108,112,132,16,127,56,12,15,72,135,47,114" hai1="124,43,63,117,123,126,14,17,82,11,41,35,115" hai2="23,48,50,32,0,128,4,28,53,107,27,119,52" hai3="98,96,130,79,60,44,102,6,92,45,104,74,13"/><T25/><D72/><U68/><E123/><V103/><F128/><W99/><G130/><T26/><D76/><U21/><E115/><N who="0" m="44073" /><D56/><U106/><E106/><V69/><F69/><W125/><G125/><N who="1" m="48234" /><E35/><V110/><F110/><W118/><G118/><T81/><D81/><U101/><E101/><V30/><F107/><W51/><G45/><T100/><D47/><U134/><E134/><N who="0" m="51241" /><D100/><U78/><E117/><V8/><F103/><W95/><G79/><T54/><D54/><U131/><E131/><V65/><F119/><W3/><G74/><T122/><D127/><U91/><E91/><V97/><F65/><W83/><G3/><T90/><D90/><U121/><E121/><V19/><F97/><W34/><G83/><T116/><D122/><U2/><E63/><V10/><F10/><N who="3" m="4311" /><G34/><T88/><D88/><U57/><E57/><V85/><F85/><W33/><G33/><T61/><D61/><U133/><E68/><V87/><F87/><W39/><G39/><T67/><D67/><U73/><E133/><V5/><F5/><AGARI ba="1,0" hai="2,5,11,14,17,21,41,43,73,78,82" m="48234" machi="5" ten="30,1000,0" yaku="18,1" doraHai="113" who="1" fromWho="2" sc="279,0,250,13,221,-13,250,0" /><INIT seed="1,0,0,0,2,99" ten="279,263,208,250" oya="1" hai0="110,126,135,80,19,45,118,12,100,16,59,75,91" hai1="105,23,115,74,32,63,5,18,22,61,7,119,112" hai2="133,25,3,49,58,82,132,0,103,37,129,79,68" hai3="30,52,134,13,31,107,131,113,89,108,76,55,117"/><U47/><E74/><V72/><F68/><W51/><G113/><N who="1" m="43594" /><E47/><V123/><F123/><W69/><G69/><T40/><D118/><U106/><E18/><V62/><F37/><W85/><G117/><T1/><D1/><U84/><E84/><V128/><F25/><W50/><G108/><T38/><D110/><U96/><E96/><V10/><F49/><W90/><G131/><N who="2" m="50249" /><F103/><W35/><G134/><N who="2" m="51817" /><F10/><W9/><G107/><N who="1" m="40970" /><E32/><V104/><F104/><W65/><G51/><T97/><D97/><U70/><E70/><V17/><F17/><W93/><G50/><T48/><D16/><U67/><E119/><V109/><F109/><W101/><G35/><T102/><D19/><U64/><E22/><V111/><F111/><W125/><G30/><T92/><D135/><U34/><E23/><V94/><F94/><W78/><G31/><T116/><D92/><U27/><E27/><V2/><F2/><W114/><G114/><T54/><D116/><U88/><E34/><V60/><F60/><W42/><G9/><T53/><D38/><U14/><E63/><V130/><N who="2" m="50257" /><V83/><DORA hai="120" /><F83/><W21/><G93/><T56/><D80/><U121/><E61/><V15/><F15/><W95/><G13/><T6/><D12/><U41/><E121/><V122/><F122/><W29/><G21/><T81/><D81/><U57/><E14/><V11/><F11/><W8/><G8/><T87/><D48/><U20/><E20/><V4/><F4/><W71/><G29/><T28/><D6/><U39/><E5/><V66/><AGARI ba="0,0" hai="0,3,58,62,66,72,79,82" m="51817,50257" machi="66" ten="50,3200,0" yaku="19,1,20,1" doraHai="99,120" who="2" fromWho="2" sc="279,-8,263,-16,208,32,250,-8" /><INIT seed="2,0,0,4,5,97" ten="271,247,240,242" oya="2" hai0="109,44,67,31,0,117,27,9,130,13,72,61,88" hai1="84,10,42,19,126,62,112,36,57,12,135,124,77" hai2="43,60,134,70,47,87,105,64,41,133,110,96,81" hai3="11,94,37,122,39,82,14,83,119,25,79,99,52"/><V34/><F34/><W104/><G122/><T35/><D109/><U76/><E112/><V4/><F4/><W51/><G119/><T38/><D72/><U116/><E116/><V55/><F55/><W115/><G104/><T24/><D117/><U71/><E71/><V128/><F128/><W111/><G111/><T102/><D130/><U33/><E33/><V46/><F110/><W75/><G25/><T121/><D121/><U108/><E108/><V16/><F16/><W22/><G83/><T66/><D0/><U92/><E135/><N who="2" m="51723" /><F47/><W45/><G22/><T74/><D74/><U20/><E20/><V17/><F17/><W114/><G115/><T21/><D102/><U7/><E19/><V58/><F46/><W63/><G63/><T30/><D88/><N who="1" m="53255" /><E12/><V56/><F56/><W127/><G127/><N who="1" m="48682" /><E10/><V3/><F3/><W120/><G114/><T50/><D61/><U73/><E7/><V8/><F8/><W91/><G120/><T86/><D9/><U2/><E2/><V113/><F70/><W101/><G91/><T59/><D13/><U53/><E73/><V125/><F113/><W68/><G68/><T6/><D6/><AGARI ba="0,0" hai="6,11,14,37,39,45,51,52,75,79,82,94,99,101" machi="6" ten="30,3900,0" yaku="7,1,52,1,54,1" doraHai="97" who="3" fromWho="0" sc="271,-39,247,0,240,0,242,39" /><INIT seed="3,0,0,0,0,131" ten="232,247,240,281" oya="3" hai0="129,24,82,41,46,58,117,63,96,42,43,32,21" hai1="75,14,77,128,133,49,81,99,16,132,70,1,80" hai2="27,116,84,93,113,86,90,125,8,31,40,100,10" hai3="121,69,97,37,103,118,114,34,57,0,71,61,108"/><W26/><G118/><T35/><D117/><U28/><E1/><V11/><F113/><W45/><G121/><T107/><D129/><U33/><E128/><V110/><F116/><W134/><G0/><T101/><D82/><U124/><E70/><V98/><F110/><W87/><G114/><T83/><D83/><U59/><E124/><V88/><F125/><W122/><G122/><T39/><D35/><U123/><E123/><V112/><F112/><W3/><G3/><T95/><D32/><U127/><E99/><V79/><F40/><W51/><G37/><T47/><D107/><U72/><E28/><V15/><F15/><W115/><G115/><T119/><D39/><U44/><E59/><V12/><F12/><W126/><G126/><T20/><D119/><U9/><E33/><V130/><F130/><W56/><G26/><T111/><D111/><U64/><E64/><V18/><F31/><W2/><G34/><T89/><D101/><U22/><E22/><N who="0" m="8809" /><D24/><U30/><E30/><V23/><F79/><W6/><G69/><T48/><D47/><U62/><E127/><V105/><REACH who="2" step="1"/><F11/><REACH who="2" ten="232,247,230,281" step="2"/><W17/><G2/><T5/><D5/><U7/><E7/><V76/><F76/><W25/><G6/><T135/><D135/><N who="1" m="51787" /><E77/><V106/><F106/><N who="3" m="63855" /><G134/><T74/><D74/><N who="1" m="28203" /><E62/><V109/><F109/><W91/><G108/><T55/><AGARI ba="0,1" hai="41,42,43,46,48,55,58,63,89,95,96" m="8809" machi="55" ten="30,1100,0" yaku="8,1" doraHai="131" who="0" fromWho="0" sc="232,21,247,-3,230,-3,281,-5" /><INIT seed="4,0,0,5,0,44" ten="253,244,227,276" oya="0" hai0="20,119,4,135,76,121,91,77,39,134,94,131,85" hai1="118,29,45,71,55,86,93,59,63,115,130,31,100" hai2="111,43,19,72,122,70,88,56,25,32,87,79,38" hai3="3,132,78,110,27,50,8,18,2,102,57,24,83"/><T37/><D119/><U17/><E118/><V92/><F111/><W109/><G102/><T22/><D4/><U114/><E71/><V116/><F116/><W74/><G132/><N who="0" m="50731" /><D121/><U42/><E130/><V23/><F70/><W96/><G96/><T105/><D105/><U84/><E17/><V126/><F122/><W48/><G57/><T60/><D131/><U127/><E127/><V49/><F32/><W1/><G8/><T66/><D20/><U10/><E10/><V112/><F112/><N who="1" m="43049" /><E100/><V82/><F126/><W58/><G58/><N who="0" m="37143" /><D22/><U104/><E104/><V67/><F38/><AGARI ba="0,0" hai="37,38,39,76,77,85,91,94" m="37143,50731" machi="38" ten="30,1500,0" yaku="20,1" doraHai="44" who="0" fromWho="2" sc="253,15,244,0,227,-15,276,0" /><INIT seed="4,1,0,5,1,2" ten="268,244,212,276" oya="0" hai0="21,97,43,78,57,120,113,89,99,79,23,62,42" hai1="82,66,15,92,90,41,130,100,33,65,1,88,56" hai2="73,16,32,40,29,105,71,87,74,102,46,125,132" hai3="107,35,45,47,84,53,28,103,6,20,98,4,36"/><T108/><D120/><U129/><E1/><V70/><F125/><W96/><G35/><T93/><D113/><U44/><E33/><V123/><F123/><W27/><G84/><T75/><D108/><U133/><E133/><V117/><F132/><W128/><G128/><N who="1" m="49258" /><E15/><V112/><F87/><W49/><REACH who="3" step="1"/><G96/><REACH who="3" ten="268,244,212,266" step="2"/><T85/><D75/><N who="2" m="28682" /><F112/><W94/><G94/><T8/><D97/><U61/><E82/><V63/><F117/><W114/><G114/><T12/><D99/><N who="1" m="59495" /><E66/><V104/><F102/><W3/><G3/><T106/><D106/><U34/><E34/><V64/><F71/><W122/><G122/><T109/><D109/><U115/><E115/><V50/><F105/><W111/><G111/><T60/><D79/><U72/><E72/><V131/><F104/><W67/><G67/><N who="0" m="39311" /><D78/><U26/><E90/><V95/><F95/><W54/><G54/><T110/><D110/><U59/><E88/><V31/><F131/><W77/><G77/><T17/><D89/><U25/><E59/><V9/><F32/><W0/><G0/><T135/><D135/><U14/><E56/><V86/><F86/><W11/><G11/><T19/><D93/><U68/><E68/><V39/><F39/><W7/><G7/><N who="0" m="3103" /><D85/><U10/><E65/><V81/><F81/><W119/><G119/><T24/><D62/><U116/><E116/><V18/><F9/><W121/><G121/><T30/><D23/><U58/><E61/><V76/><F76/><W37/><G37/><T80/><D80/><U51/><E58/><V38/><F38/><W52/><G52/><T124/><D124/><RYUUKYOKU ba="1,1" sc="268,0,244,0,212,0,266,0" hai0="17,19,21,24,30,42,43" hai1="10,14,25,26,41,44,51" hai2="16,18,29,31,40,46,50,63,64,70" hai3="4,6,20,27,28,36,45,47,49,53,98,103,107" /><INIT seed="4,2,1,1,3,111" ten="268,244,212,266" oya="0" hai0="25,52,9,37,57,49,28,122,54,119,11,40,6" hai1="16,128,22,61,106,17,30,59,41,103,80,83,10" hai2="13,69,71,101,97,1,18,35,64,66,105,70,135" hai3="84,12,19,98,90,104,63,107,100,127,56,33,126"/><T0/><D119/><U94/><E128/><V31/><F1/><W112/><G33/><T79/><D122/><U44/><E106/><V132/><F31/><W4/><G107/><T14/><D79/><U109/><E109/><V77/><F77/><W58/><G4/><T68/><D68/><U5/><E30/><V74/><F74/><W86/><G112/><T91/><D91/><U130/><E130/><V67/><REACH who="2" step="1"/><F35/><REACH who="2" ten="268,244,202,266" step="2"/><W118/><G127/><T78/><D78/><U24/><E17/><V65/><N who="2" m="16384" /><DORA hai="125" /><V85/><F85/><W95/><G84/><T39/><D28/><U7/><E7/><V42/><F42/><W55/><G126/><T47/><D40/><U108/><E108/><V23/><AGARI ba="2,2" hai="13,18,23,69,70,71,97,101,105,132,135" m="16384" machi="23" ten="50,8000,1" yaku="1,1,0,1,53,3" doraHai="111,125" doraHaiUra="129,99" who="2" fromWho="2" sc="268,-42,244,-22,202,106,266,-22" owari="226,-17.4,222,-27.8,308,40.8,244,4.4" /></mjloggm>