<mjloggm ver="2.3"><GO type="225" lobby="0"/><UN n0="%E8%90%BD%E6%97%A5" n1="%E5%A4%8F%E9%88%B4%E9%88%B4%E5%A4%8F" n2="%E4%B8%89%E5%88%86%E5%B0%8F%E5%83%A7" n3="%6C%65%74%69%74%62%65" dan="16,16,16,16" rate="2160.01,2162.98,2068.53,2118.99" sx="F,F,M,M"/><TAIKYOKU oya="0"/><INIT seed="0,0,0,5,2,36" ten="250,250,250,250" oya="0" hai0="121,42,12,124,22,51,18,99,87,10,23,98,64" hai1="129,127,90,82,24,39,122,37,72,79,101,28,108" hai2="94,91,117,49,13,70,30,107,115,114,38,55,73" hai3="26,77,109,103,85,105,2,45,132,133,58,68,56"/><T76/><D121/><U44/><E122/><V106/><F38/><W63/><G2/><T65/><D124/><U48/><E108/><V14/><F70/><W29/><G109/><T113/><D113/><U46/><E127/><V96/><F73/><W57/><G77/><T83/><D65/><U104/><E129/><V92/><F117/><W119/><G85/><T53/><D64/><U40/><E90/><V15/><F30/><W123/><G119/><T88/><D76/><U67/><E67/><V27/><F27/><W97/><G123/><T31/><D42/><U128/><E128/><V69/><F69/><W116/><G45/><N who="0" m="27887" /><D31/><U41/><E48/><V80/><F80/><W89/><G89/><T86/><D86/><U135/><E135/><V131/><F131/><W126/><G126/><T93/><D93/><U35/><E101/><V6/><F6/><W110/><G110/><T50/><D50/><U78/><E78/><V71/><F71/><W54/><G116/><T100/><D100/><U20/><REACH who="1" step="1"/><E104/><REACH who="1" ten="250,240,250,250" step="2"/><V84/><F107/><W7/><G132/><T43/><D43/><U59/><E59/><V61/><F106/><W118/><G133/><T52/><D52/><U25/><E25/><V120/><F120/><W0/><G118/><T111/><D111/><U75/><E75/><V4/><F49/><W1/><G54/><T112/><D112/><U66/><E66/><V21/><F115/><W11/><G68/><T34/><D34/><AGARI ba="0,1" hai="20,24,28,34,35,37,39,40,41,44,46,72,79,82" machi="34" ten="40,8000,1" yaku="1,1,9,1,52,2,53,0" doraHai="36" doraHaiUra="3" who="1" fromWho="0" sc="250,-80,240,90,250,0,250,0" /><INIT seed="1,0,0,5,4,70" ten="170,330,250,250" oya="1" hai0="28,30,26,36,124,13,91,71,86,62,129,10,15" hai1="43,5,38,60,45,135,37,118,108,76,82,132,114" hai2="90,61,64,9,54,14,12,99,133,89,111,46,18" hai3="32,63,51,4,50,113,117,55,121,72,3,122,85"/><U67/><E118/><V40/><F111/><W130/><G32/><T101/><D124/><U34/><E114/><V115/><F133/><N who="1" m="51273" /><E34/><V47/><F115/><W96/><G72/><T73/><D73/><N who="1" m="43279" /><E5/><V125/><F125/><W116/><G113/><T107/><D129/><U74/><E74/><V1/><F1/><W104/><G85/><T95/><D15/><U110/><E37/><V83/><F14/><W16/><G4/><T41/><D26/><U97/><E97/><V100/><F54/><W35/><G35/><T84/><D84/><U59/><AGARI ba="0,0" hai="38,43,45,59,60,67,108,110" m="43279,51273" machi="59" ten="30,3000,0" yaku="20,1,52,1" doraHai="70" who="1" fromWho="1" sc="170,-10,330,30,250,-10,250,-10" /><INIT seed="1,1,0,0,2,15" ten="160,360,240,240" oya="1" hai0="56,54,104,117,71,77,122,75,32,27,103,7,11" hai1="130,123,33,37,98,101,97,50,5,133,112,21,106" hai2="110,126,64,78,72,107,28,45,20,91,108,17,109" hai3="87,40,99,18,73,92,35,113,86,13,39,47,10"/><U100/><E123/><V24/><F126/><W61/><G113/><T8/><D71/><U19/><E112/><V36/><F107/><W30/><G73/><T67/><D117/><U58/><E33/><V94/><F64/><W68/><G30/><T128/><D67/><U43/><E37/><V48/><F36/><W62/><G35/><T49/><D128/><U83/><E5/><V69/><F69/><W74/><G74/><T121/><D103/><U29/><E29/><V23/><F72/><W25/><G25/><T52/><D104/><U9/><E9/><V42/><F78/><W60/><REACH who="3" step="1"/><G68/><REACH who="3" ten="160,360,240,230" step="2"/><T22/><D32/><U38/><E130/><V6/><F6/><W84/><G84/><T51/><D121/><U134/><E98/><N who="2" m="57695" /><F23/><W14/><G14/><T53/><D122/><U85/><E97/><V79/><F79/><W80/><G80/><T105/><D105/><U34/><E85/><V41/><F28/><W2/><G2/><T93/><D93/><U76/><E83/><V82/><F82/><W55/><G55/><AGARI ba="1,1" hai="17,20,24,41,42,45,48,55,108,109,110" m="57695" machi="55" ten="30,2000,0" yaku="14,1,52,1" doraHai="15" who="2" fromWho="3" sc="160,0,360,0,240,33,230,-23" /><INIT seed="2,0,0,2,0,11" ten="160,360,273,207" oya="2" hai0="51,111,1,96,43,102,94,7,49,25,118,30,98" hai1="52,91,135,110,72,66,75,40,131,92,109,95,73" hai2="59,24,125,104,112,4,68,0,42,86,97,36,130" hai3="22,103,78,29,32,33,60,77,61,123,81,8,10"/><V63/><F112/><W9/><G123/><T120/><D120/><U122/><E122/><V93/><F68/><W128/><G128/><T54/><D111/><N who="1" m="42507" /><E135/><V44/><F125/><W105/><G22/><T39/><D118/><U115/><E115/><V108/><F130/><W84/><G77/><T101/><D39/><U35/><E35/><V64/><F104/><W46/><G46/><T79/><D79/><U26/><E131/><V48/><F86/><W17/><G32/><T19/><D43/><U20/><E40/><V132/><F132/><W47/><G47/><T6/><D19/><U116/><E66/><V113/><F113/><W119/><G29/><T27/><D1/><U88/><E52/><V34/><F4/><W117/><G33/><T121/><D121/><U126/><E126/><V129/><F0/><W65/><G17/><T134/><D134/><U45/><E45/><V82/><F108/><W28/><G28/><T71/><D71/><U2/><E2/><V16/><F129/><W76/><G65/><T107/><D51/><U12/><E12/><V56/><F82/><N who="3" m="47175" /><G119/><T133/><D133/><U90/><E116/><V106/><F106/><W37/><G37/><T83/><D83/><U67/><E67/><V5/><F36/><W99/><G117/><T85/><D85/><U124/><E124/><V18/><F59/><W70/><G70/><T50/><D50/><U14/><E26/><N who="0" m="9737" /><D30/><U58/><E58/><V3/><F34/><W89/><G89/><T41/><D41/><U21/><E21/><V62/><F64/><W100/><G100/><T87/><D87/><AGARI ba="0,0" hai="8,9,10,60,61,78,81,87,99,103,105" m="47175" machi="87" ten="30,1000,0" yaku="6,1" doraHai="11" who="3" fromWho="0" sc="160,-10,360,0,273,0,207,10" /><INIT seed="3,0,0,3,1,122" ten="150,360,273,217" oya="3" hai0="126,55,97,87,0,59,38,36,64,47,28,128,79" hai1="62,18,49,129,82,6,51,19,113,40,106,48,132" hai2="68,94,90,108,85,61,57,43,119,25,17,135,53" hai3="105,114,81,58,84,130,80,110,78,111,109,4,73"/><W100/><G114/><T102/><D126/><U8/><E113/><V124/><F108/><W1/><G58/><T60/><D128/><U14/><E106/><V29/><F135/><W54/><G54/><T50/><D0/><U92/><E129/><V26/><F124/><W91/><G130/><T65/><D79/><U10/><E82/><V45/><F68/><W12/><G1/><T13/><D87/><U30/><E30/><V31/><F119/><W86/><G4/><T112/><D112/><U67/><E10/><V21/><REACH who="2" step="1"/><F26/><REACH who="2" ten="150,360,263,217" step="2"/><W66/><G73/><T5/><D64/><U89/><E132/><V83/><F83/><W15/><G66/><T116/><D116/><U74/><E74/><V20/><F20/><W127/><G127/><T37/><D28/><U88/><E40/><V24/><F24/><W75/><G75/><T118/><D118/><U34/><E34/><V125/><F125/><W134/><G134/><T11/><REACH who="0" step="1"/><D37/><AGARI ba="0,1" hai="17,21,25,29,31,37,43,45,53,57,61,85,90,94" machi="37" ten="30,2000,0" yaku="1,1,7,1,53,0" doraHai="122" doraHaiUra="63" who="2" fromWho="0" sc="150,-20,360,0,263,30,217,0" owari="130,-37.0,360,46.0,293,9.3,217,-18.3" /></mjloggm>