<mjloggm ver="2.3"><GO type="225" lobby="0"/><UN n0="%E3%81%A4%E3%81%A3%E3%81%B1%E3%82%8A%E3%83%9D%E3%83%BC%E3%83%AB" n1="%E6%B4%BE%E9%81%A3%E3%81%AE%E3%82%B8%E3%83%A3%E3%83%83%E3%82%AF" n2="%E8%81%B7%E6%A5%AD%E3%80%81%E9%A2%A8%32" n3="%E3%81%8B%E3%82%8F%E3%81%A1%E3%82%83%E3%82%93%35%38" dan="17,17,16,16" rate="2109.08,2183.75,2155.72,2154.49" sx="M,M,M,M"/><TAIKYOKU oya="0"/><INIT seed="0,0,0,5,0,130" ten="250,250,250,250" oya="0" hai0="32,29,112,68,84,57,78,66,71,47,124,0,131" hai1="93,119,63,132,60,8,69,89,44,4,38,20,19" hai2="61,31,95,3,103,82,23,134,25,118,10,26,114" hai3="125,133,45,5,21,75,14,91,13,87,36,128,12"/><T109/><D112/><U9/><E119/><V86/><F114/><W55/><G75/><T120/><D120/><U70/><E132/><V6/><F118/><W22/><G128/><T48/><D131/><U90/><E38/><V77/><F134/><W2/><G133/><T121/><D0/><U53/><E44/><V106/><F106/><W39/><G39/><T113/><D121/><U56/><E63/><V105/><F105/><W83/><G125/><T17/><D113/><U15/><E89/><V85/><F61/><W43/><REACH who="3" step="1"/><G55/><REACH who="3" ten="250,250,250,240" step="2"/><T51/><D124/><U100/><E100/><V58/><F58/><W64/><G64/><T102/><D66/><U80/><E80/><V59/><F59/><W42/><G42/><T97/><D57/><U111/><E111/><V67/><F67/><W7/><G7/><T35/><D109/><U76/><E76/><V96/><REACH who="2" step="1"/><F26/><REACH who="2" ten="250,250,240,240" step="2"/><W122/><G122/><T46/><D71/><U73/><E69/><V33/><F33/><W18/><G18/><T1/><D17/><U50/><E70/><V65/><F65/><W40/><G40/><T41/><D35/><U27/><E27/><V74/><AGARI ba="0,2" hai="3,6,10,23,25,31,74,77,82,85,86,95,96,103" machi="74" ten="20,2700,0" yaku="1,1,0,1,7,1,53,0" doraHai="130" doraHaiUra="62" who="2" fromWho="2" sc="250,-13,250,-7,240,47,240,-7" /><INIT seed="1,0,0,1,3,32" ten="237,243,287,233" oya="1" hai0="26,65,27,108,55,101,89,42,130,128,7,115,95" hai1="126,109,11,37,46,28,131,14,134,4,31,49,77" hai2="73,114,129,105,116,74,40,54,62,85,56,79,51" hai3="20,38,15,19,98,107,5,119,24,96,118,84,71"/><U133/><E126/><V63/><F116/><N who="3" m="44587" /><G38/><T88/><D115/><U78/><E37/><V53/><F105/><W66/><G107/><T123/><D108/><U69/><E69/><V9/><F114/><W0/><G84/><T81/><D123/><U16/><E131/><N who="0" m="50217" /><D42/><U6/><E109/><V104/><F104/><W3/><G66/><T100/><D7/><N who="1" m="2603" /><E134/><V120/><F129/><W23/><G71/><T87/><D65/><U110/><E133/><V22/><F120/><W91/><G5/><T43/><D43/><N who="1" m="24799" /><E110/><V33/><F33/><W2/><G91/><T117/><D55/><U93/><E93/><V121/><F74/><W72/><G72/><T70/><D70/><U127/><E127/><V59/><F73/><W112/><G112/><T103/><D117/><U8/><E8/><V41/><F9/><W13/><G13/><T106/><D106/><U75/><E75/><V125/><F125/><W17/><AGARI ba="0,0" hai="0,2,3,15,17,19,20,23,24,96,98" m="44587" machi="17" ten="40,8000,1" yaku="12,1,52,3" doraHai="32" who="3" fromWho="3" sc="237,-20,243,-40,287,-20,233,80" /><INIT seed="2,0,0,3,5,46" ten="217,203,267,313" oya="2" hai0="135,104,49,56,22,5,97,120,48,85,36,71,19" hai1="128,45,109,76,129,59,40,25,30,42,91,50,95" hai2="126,34,11,123,83,15,101,35,127,106,107,84,33" hai3="131,1,14,17,62,88,124,111,89,55,94,37,8"/><V113/><F113/><W110/><G37/><T119/><D120/><U75/><E109/><N who="3" m="41482" /><G131/><N who="1" m="50250" /><E59/><V70/><F70/><W121/><G121/><T118/><D71/><U108/><E108/><V31/><F31/><W63/><G124/><N who="2" m="47657" /><F101/><W99/><G1/><T18/><D135/><U105/><E105/><V21/><F21/><W134/><G134/><T67/><D56/><U0/><E0/><V2/><F2/><W43/><G43/><T133/><D67/><U73/><E76/><N who="2" m="46183" /><F123/><W130/><G130/><T112/><D133/><U57/><E57/><V117/><F117/><W64/><G64/><T28/><D112/><U4/><E42/><V72/><F72/><W68/><G68/><T96/><D118/><U82/><E82/><V12/><F12/><W3/><G3/><T47/><D119/><U90/><E73/><V26/><F26/><W23/><G55/><T39/><D104/><U24/><E75/><V114/><F114/><W27/><G89/><N who="1" m="33802" /><E25/><V125/><N who="2" m="47665" /><V65/><DORA hai="41" /><F65/><W52/><G52/><T81/><D81/><U16/><E95/><V13/><F13/><W87/><G87/><T44/><D85/><U20/><E30/><AGARI ba="0,0" hai="8,14,17,23,27,30,62,63,88,94,99" m="41482" machi="30" ten="30,2000,0" yaku="14,1,54,1" doraHai="46,41" who="3" fromWho="1" sc="217,0,203,-20,267,0,313,20" /><INIT seed="3,0,0,0,1,57" ten="217,183,267,333" oya="3" hai0="31,42,90,130,6,25,20,81,72,0,48,83,7" hai1="133,24,112,78,89,123,101,119,79,49,14,87,29" hai2="75,116,106,103,73,1,47,108,8,18,27,110,40" hai3="28,93,88,51,56,128,120,53,59,95,76,37,26"/><W10/><G37/><T111/><D111/><N who="2" m="42538" /><F116/><W64/><G76/><T23/><D130/><U134/><E112/><V44/><F103/><W97/><G120/><T9/><D72/><N who="2" m="27722" /><F106/><W127/><G127/><T61/><D7/><U122/><E101/><V105/><F105/><W2/><G2/><T21/><D90/><U104/><E104/><V17/><F27/><W15/><G128/><T131/><D131/><U11/><E49/><N who="2" m="26759" /><F47/><N who="3" m="27903" /><G64/><T33/><D61/><U121/><E119/><V70/><F70/><W22/><G95/><T38/><D38/><U68/><E68/><V41/><F41/><W65/><G65/><T126/><D126/><U12/><E24/><V55/><F55/><W118/><G118/><T129/><D129/><U82/><E29/><V46/><F46/><W124/><G124/><T99/><D99/><U62/><E62/><V60/><F60/><W5/><AGARI ba="0,0" hai="5,10,15,22,26,28,56,59,88,93,97" m="27903" machi="5" ten="30,3000,0" yaku="8,1,54,1" doraHai="57" who="3" fromWho="3" sc="217,-10,183,-10,267,-10,333,30" owari="207,-19.3,173,-32.7,257,5.7,363,46.3" /></mjloggm>