<mjloggm ver="2.3"><GO type="225" lobby="0"/><UN n0="%E3%83%81%E3%83%AF%E3%83%AF%E9%9A%8A%E9%95%B7" n1="%E7%89%B9%E6%9D%B1%E3%81%AF%E4%B8%96%E7%95%8C%E3%82%92%E6%95%91%E3%81%86" n2="%E6%B4%BE%E9%81%A3%E3%81%AE%E3%82%B8%E3%83%A3%E3%83%83%E3%82%AF" n3="%E3%83%A2%E3%83%B3%E3%82%AD%E3%83%BC%E3%83%88%E3%83%AA%E3%83%83%E3%82%AF" dan="16,16,17,16" rate="2111.14,2164.23,2194.49,2146.40" sx="M,M,M,M"/><TAIKYOKU oya="0"/><INIT seed="0,0,0,0,1,35" ten="250,250,250,250" oya="0" hai0="41,44,82,125,56,5,110,32,121,49,128,78,106" hai1="60,118,3,23,67,84,89,28,75,19,109,131,104" hai2="102,43,135,29,85,112,7,1,40,27,48,95,71" hai3="72,16,61,37,88,25,66,38,12,62,86,92,58"/><T100/><D121/><U114/><E118/><V34/><F71/><W57/><G25/><T80/><D32/><U47/><E75/><V126/><F112/><W46/><G46/><T54/><D128/><U87/><E104/><V74/><F74/><W36/><G72/><T31/><D125/><U90/><E109/><V119/><F126/><W134/><G134/><T20/><D110/><U52/><E28/><V120/><F120/><W103/><G103/><T68/><D68/><U91/><E3/><V14/><F135/><W81/><G81/><T79/><D5/><U83/><E131/><V96/><F119/><W21/><REACH who="3" step="1"/><G37/><REACH who="3" ten="250,250,250,240" step="2"/><T116/><D100/><U107/><E83/><V50/><F27/><W59/><G59/><T2/><D80/><U77/><E47/><V24/><F24/><W124/><G124/><T98/><D82/><U123/><E123/><V76/><F76/><W45/><G45/><T113/><D78/><U18/><E77/><V97/><F102/><W105/><G105/><T132/><D79/><U42/><E107/><V115/><F115/><W73/><G73/><T111/><D113/><U93/><E114/><V101/><F101/><W30/><G30/><T130/><D116/><U0/><E91/><V33/><F29/><W22/><G22/><T129/><D20/><U63/><E23/><V64/><F34/><W53/><AGARI ba="0,1" hai="12,16,21,36,38,53,57,58,61,62,66,86,88,92" machi="53" ten="20,12000,2" yaku="1,1,0,1,7,1,54,2,53,1" doraHai="35" doraHaiUra="17" who="3" fromWho="3" sc="250,-60,250,-30,250,-30,240,130" /><INIT seed="1,0,0,0,2,11" ten="190,220,220,370" oya="1" hai0="126,97,48,95,46,76,29,69,114,47,94,27,129" hai1="41,125,119,62,100,35,79,70,39,24,21,103,56" hai2="36,84,6,90,32,85,109,9,107,25,3,1,51" hai3="75,22,15,111,116,65,0,88,80,31,63,115,8"/><U43/><E119/><V52/><F36/><W45/><G116/><T121/><D114/><U104/><E35/><V93/><F107/><W19/><G115/><T5/><D69/><U122/><E122/><V44/><F109/><W2/><G111/><T118/><D118/><U10/><E70/><V81/><F32/><W123/><G123/><T54/><D121/><U30/><E125/><V55/><F25/><W131/><G131/><T50/><D126/><U26/><E79/><V124/><F124/><W17/><G31/><T105/><D129/><U86/><E24/><V68/><F68/><W34/><G34/><T130/><D130/><U74/><E74/><V40/><REACH who="2" step="1"/><F3/><REACH who="2" ten="190,220,210,370" step="2"/><W135/><G2/><T96/><D105/><U128/><E128/><V18/><F18/><W38/><G0/><T92/><D92/><U99/><E39/><V53/><F53/><W133/><G38/><T134/><D29/><U66/><E41/><V113/><F113/><W61/><G19/><T49/><D27/><U20/><E43/><V132/><F132/><W112/><G133/><T4/><D134/><U83/><E26/><V82/><F82/><W127/><G80/><T117/><D117/><U64/><E30/><V98/><F98/><W71/><G112/><T67/><D97/><U12/><E64/><V28/><F28/><W91/><G71/><T59/><D67/><U101/><E99/><V16/><F16/><W60/><G65/><T57/><D96/><U14/><E104/><V110/><F110/><W89/><G127/><T87/><D54/><N who="1" m="34071" /><E83/><V106/><F106/><W108/><G135/><RYUUKYOKU ba="0,1" sc="190,-10,220,-10,210,30,370,-10" hai2="1,6,9,40,44,51,52,55,81,84,85,90,93" /><INIT seed="2,1,1,5,3,90" ten="180,210,240,360" oya="2" hai0="93,87,23,112,30,64,95,36,25,6,50,114,32" hai1="118,19,115,125,117,11,2,81,72,53,69,123,43" hai2="22,109,116,59,107,9,44,133,21,83,52,13,61" hai3="3,38,77,80,41,131,100,75,15,17,58,18,85"/><V12/><F116/><W73/><G3/><T51/><D36/><U89/><E115/><V0/><F107/><W82/><G131/><T8/><D64/><U129/><E69/><V10/><F0/><W105/><G38/><T5/><D32/><U49/><E43/><V4/><F133/><W29/><G41/><T78/><D114/><U48/><E48/><N who="0" m="18473" /><D112/><U74/><E129/><V103/><F103/><W94/><G29/><T37/><D37/><U1/><E89/><V14/><F109/><W66/><G105/><T42/><D42/><U63/><E63/><V108/><F108/><W111/><G111/><T104/><D104/><U62/><E62/><V35/><F35/><W56/><G66/><T67/><D67/><U96/><E96/><V71/><F71/><W122/><G122/><T70/><D70/><U46/><E1/><V24/><F44/><W135/><G135/><T28/><D28/><U68/><E68/><V20/><F83/><W101/><G73/><N who="1" m="28266" /><E81/><V45/><F45/><W16/><G82/><N who="0" m="47575" /><D8/><N who="2" m="3178" /><F4/><AGARI ba="1,1" hai="4,5,6,23,25,30,93,95" m="47575,18473" machi="4" ten="30,3900,0" yaku="8,1,52,2" doraHai="90" who="0" fromWho="2" sc="180,52,210,0,240,-42,360,0" /><INIT seed="3,0,0,1,0,22" ten="232,210,198,360" oya="3" hai0="66,128,53,107,11,124,18,118,125,43,46,17,103" hai1="70,38,110,106,60,94,54,74,113,7,10,35,41" hai2="97,63,20,135,123,102,130,78,34,49,47,99,111" hai3="65,88,44,52,37,32,90,13,55,76,25,84,98"/><W15/><G65/><T133/><D118/><U51/><E113/><V96/><F34/><W0/><G0/><T87/><D128/><U39/><E106/><V82/><F111/><W73/><G73/><T27/><D133/><U29/><E74/><V3/><F135/><W120/><G120/><T89/><D66/><U116/><E110/><V50/><F3/><W19/><G32/><T2/><D53/><N who="3" m="20553" /><G37/><T109/><D109/><U75/><E75/><V121/><F130/><W59/><G44/><T126/><D107/><U5/><E116/><V83/><F63/><W64/><G98/><T81/><D2/><U68/><E41/><V122/><F102/><W48/><G76/><T4/><D103/><U127/><E60/><V6/><F6/><W8/><G48/><N who="2" m="18537" /><F78/><W30/><G84/><T79/><D79/><U80/><E5/><V14/><F47/><W105/><G105/><T86/><D46/><N who="1" m="28023" /><E39/><V40/><F40/><W21/><G13/><N who="0" m="5351" /><D43/><U33/><E38/><V56/><F56/><W115/><G115/><T12/><D125/><U45/><E127/><V77/><F77/><W91/><G59/><T72/><D124/><U28/><E45/><V132/><F132/><W114/><G114/><T129/><D126/><U69/><E33/><V100/><F100/><W57/><G57/><T104/><D104/><U108/><E108/><V62/><F62/><W9/><G64/><T24/><D72/><U26/><E28/><V134/><F134/><W58/><G58/><T67/><D67/><U42/><E42/><V131/><F131/><W31/><G30/><T117/><D117/><RYUUKYOKU ba="0,0" sc="232,-15,210,-15,198,15,360,15" hai2="14,20,82,83,96,97,99,121,122,123" hai3="8,9,15,19,21,25,31,88,90,91" owari="217,1.7,195,-30.5,213,-18.7,375,47.5" /></mjloggm>