<mjloggm ver="2.3"><GO type="225" lobby="0"/><UN n0="%43%68%65" n1="%E3%80%90%E3%83%88%E3%83%AA%E3%83%A5%E3%83%95%E3%80%91" n2="%E6%9C%88%E5%B3%B6%E5%9F%BA" n3="%E7%B4%94%E6%BD%94%E3%83%94%E3%83%A9%E3%83%8B%E3%82%A2" dan="16,16,16,17" rate="2093.98,2120.29,2043.41,2235.69" sx="M,M,M,M"/><TAIKYOKU oya="0"/><INIT seed="0,0,0,1,5,80" ten="250,250,250,250" oya="0" hai0="3,92,58,51,53,126,75,32,26,74,100,76,62" hai1="19,78,96,2,39,11,94,13,59,10,81,57,79" hai2="107,63,18,82,22,64,55,71,35,12,27,123,93" hai3="66,31,135,33,105,54,111,121,118,110,23,50,47"/><T128/><D3/><U87/><E39/><V69/><F123/><W120/><G105/><T109/><D126/><U101/><REACH who="1" step="1"/><E79/><REACH who="1" ten="250,240,250,250" step="2"/><V45/><F71/><W65/><G120/><T108/><D76/><U127/><E127/><V85/><F107/><W36/><G121/><T133/><D133/><U88/><E88/><V83/><F69/><W60/><G36/><T34/><D128/><U70/><E70/><V42/><F35/><W97/><G33/><T29/><D34/><U90/><E90/><V98/><F82/><W17/><G135/><T1/><D1/><U95/><E95/><V5/><F93/><W124/><G124/><T52/><D92/><U131/><E131/><V91/><F91/><W9/><G111/><N who="0" m="42571" /><D100/><U67/><E67/><V134/><F64/><W130/><G66/><T106/><D106/><U113/><E113/><V122/><F83/><W119/><G65/><T115/><D115/><U132/><E132/><V44/><F134/><W116/><G110/><T89/><D89/><U25/><E25/><V40/><F27/><W48/><G130/><T84/><D84/><U112/><E112/><V104/><F85/><W86/><G86/><T68/><D68/><U117/><E117/><V72/><F104/><W16/><G119/><T56/><AGARI ba="0,1" hai="26,29,32,51,52,53,56,58,62,74,75" m="42571" machi="56" ten="30,6000,0" yaku="14,1,10,1,54,1" doraHai="80" who="0" fromWho="0" sc="250,70,240,-20,250,-20,250,-20" /><INIT seed="0,1,0,5,0,111" ten="320,220,230,230" oya="0" hai0="48,80,133,18,104,79,94,92,67,128,98,28,53" hai1="65,68,35,114,82,119,129,11,42,112,113,54,58" hai2="83,103,40,51,125,117,26,105,10,72,66,131,120" hai3="16,30,132,77,31,59,19,25,39,90,27,126,95"/><T78/><D128/><U14/><E119/><V124/><F120/><W36/><G77/><T115/><D115/><U22/><E35/><V13/><F117/><W121/><G59/><T55/><D133/><U85/><E42/><V8/><F131/><W2/><G95/><T23/><D104/><U21/><E129/><V87/><F72/><W130/><G130/><T116/><D116/><U38/><E38/><V4/><F66/><W89/><G2/><T45/><D67/><U56/><E68/><V17/><F103/><W12/><G12/><T43/><D28/><U44/><E44/><N who="2" m="25991" /><F105/><W62/><G126/><N who="2" m="48745" /><F26/><W76/><G121/><T96/><D94/><U97/><E97/><N who="0" m="37481" /><D92/><U57/><E65/><V9/><F4/><W0/><G0/><T108/><D108/><U60/><E60/><V100/><F100/><W106/><G62/><T127/><D127/><U74/><E74/><V81/><F81/><W134/><G106/><T102/><D102/><U7/><E54/><N who="0" m="20489" /><D80/><U109/><E109/><V61/><F61/><W107/><G107/><T73/><D73/><U93/><E93/><V70/><F70/><W34/><G76/><AGARI ba="1,0" hai="7,11,14,21,22,56,57,58,76,82,85,112,113,114" machi="76" ten="50,8000,1" yaku="11,1,52,3" doraHai="111" who="1" fromWho="3" sc="320,0,220,83,230,0,230,-83" /><AGARI ba="1,0" hai="8,9,10,13,17,76,83,87" m="48745,25991" machi="76" ten="30,1000,0" yaku="18,1" doraHai="111" who="2" fromWho="3" sc="320,0,303,0,230,10,147,-10" /><INIT seed="1,0,0,5,3,89" ten="320,303,240,137" oya="1" hai0="132,87,12,70,56,2,116,29,135,91,75,44,41" hai1="115,84,123,121,58,73,90,79,100,4,76,60,124" hai2="98,32,129,50,118,26,5,63,1,133,9,19,67" hai3="125,65,0,103,16,14,6,83,28,52,43,96,101"/><U68/><E68/><V128/><F118/><W134/><G125/><T88/><D70/><U30/><E124/><V8/><F133/><N who="0" m="51274" /><D2/><U82/><E115/><V23/><F50/><W119/><G134/><T71/><D71/><U78/><E30/><N who="2" m="19543" /><F98/><W85/><G65/><T34/><D75/><U109/><E4/><N who="2" m="1039" /><F63/><W62/><G0/><T36/><D116/><U94/><E109/><V86/><F86/><W112/><G112/><T21/><D34/><U95/><E60/><V102/><F102/><W64/><G28/><T61/><D91/><U69/><E58/><V13/><F67/><W22/><G6/><T104/><D104/><U127/><E69/><V51/><F51/><W18/><G18/><N who="0" m="10439" /><D29/><U107/><E127/><V77/><F77/><N who="1" m="29801" /><E107/><V117/><F117/><W11/><G119/><T17/><D17/><U59/><E59/><V99/><F99/><AGARI ba="0,0" hai="73,79,82,84,90,94,95,99,100,121,123" m="29801" machi="99" ten="30,11600,0" yaku="34,2,52,2" doraHai="89" who="1" fromWho="2" sc="320,0,303,116,240,-116,137,0" /><INIT seed="1,1,0,3,5,33" ten="320,419,124,137" oya="1" hai0="122,77,1,93,35,96,69,81,59,50,32,7,84" hai1="19,86,56,135,126,133,85,37,29,121,23,114,127" hai2="94,115,49,106,61,31,107,134,45,73,120,97,42" hai3="36,9,100,72,12,40,60,104,132,11,131,6,95"/><U79/><E37/><V78/><F120/><W117/><G72/><T41/><D69/><U92/><E121/><V46/><F134/><N who="1" m="51209" /><E29/><V30/><F115/><W80/><G80/><T98/><D122/><U83/><E56/><V27/><F73/><W91/><G104/><T109/><D109/><U113/><E19/><V82/><F61/><W74/><G74/><T44/><D98/><U26/><E23/><V58/><F58/><W88/><G131/><T129/><D129/><U28/><E26/><V103/><F46/><W68/><G117/><T43/><D43/><U39/><E39/><V8/><F31/><W63/><G40/><T116/><D116/><U124/><E28/><V53/><F42/><W101/><G36/><T71/><D71/><U10/><E10/><V18/><F18/><W123/><G123/><T89/><REACH who="0" step="1"/><D59/><REACH who="0" ten="310,419,124,137" step="2"/><U52/><E52/><V118/><F118/><W57/><G57/><T51/><D51/><U21/><E21/><V105/><F53/><W125/><G68/><T15/><D15/><U119/><E119/><V20/><F49/><W14/><G132/><T24/><D24/><U54/><E54/><V108/><F20/><W87/><G60/><T66/><D66/><U47/><E47/><V111/><F45/><W2/><G63/><T128/><D128/><U48/><E48/><V76/><F27/><W64/><G64/><T65/><D65/><U16/><E113/><V70/><F70/><W17/><G14/><T102/><D102/><U3/><E114/><V75/><F108/><W25/><G25/><T13/><D13/><U4/><E127/><RYUUKYOKU ba="1,1" sc="310,30,419,-10,124,-10,137,-10" hai0="1,7,32,35,41,44,50,77,81,84,89,93,96" /><INIT seed="2,2,1,0,0,121" ten="340,409,114,127" oya="2" hai0="44,104,54,52,2,75,74,98,118,91,49,133,0" hai1="69,86,128,9,30,129,76,125,12,115,32,114,17" hai2="53,59,78,23,46,88,16,100,126,5,122,130,73" hai3="26,48,56,119,25,61,106,89,68,83,28,117,93"/><V63/><F122/><W81/><G106/><T103/><D133/><U134/><E69/><V3/><F126/><W94/><G68/><T116/><D91/><U131/><E134/><V109/><F130/><W87/><G48/><T50/><D75/><U19/><E76/><V24/><F100/><W127/><G127/><T40/><D74/><U67/><E67/><V51/><F109/><W120/><G120/><T18/><D18/><N who="1" m="8463" /><E86/><V36/><F36/><W110/><G110/><T92/><D104/><U1/><E1/><V99/><F3/><W6/><G6/><T132/><D132/><U29/><E125/><V35/><F35/><W107/><G107/><T10/><D40/><U70/><E70/><V57/><F5/><W11/><G11/><T7/><REACH who="0" step="1"/><D2/><REACH who="0" ten="330,409,114,127" step="2"/><U90/><E90/><V123/><F123/><W105/><G89/><T65/><D65/><U34/><E17/><V38/><F38/><W108/><G105/><T95/><D95/><U97/><E19/><V55/><F73/><W33/><G94/><T64/><D64/><U31/><E97/><V135/><F135/><W111/><G93/><T66/><D66/><U71/><E71/><V42/><F78/><W77/><G77/><T43/><D43/><U124/><E124/><V84/><F99/><W96/><G96/><T41/><D41/><U102/><E102/><V14/><F14/><W21/><G108/><T58/><AGARI ba="2,2" hai="0,7,10,44,49,50,52,54,58,92,98,103,116,118" machi="58" ten="30,4000,0" yaku="1,1,0,1,54,1,53,0" doraHai="121" doraHaiUra="72" who="0" fromWho="0" sc="330,66,409,-12,114,-22,127,-12" /><INIT seed="3,0,0,2,3,98" ten="396,397,92,115" oya="3" hai0="72,132,6,65,108,43,64,67,70,55,133,9,4" hai1="53,124,28,51,78,122,40,81,97,71,59,126,134" hai2="42,127,104,5,114,112,92,89,106,10,79,41,113" hai3="21,91,58,121,49,84,27,24,117,7,63,2,56"/><W129/><G117/><T3/><D108/><U128/><E122/><V45/><F127/><N who="1" m="48681" /><E128/><V31/><F31/><W23/><G121/><T66/><D72/><N who="1" m="43207" /><E134/><N who="0" m="51817" /><D43/><U34/><E71/><V116/><F79/><W109/><G7/><N who="0" m="1279" /><D55/><U11/><E40/><V62/><F62/><AGARI ba="0,0" hai="4,6,62,64,65,66,67,70" m="1279,51817" machi="62" ten="30,1000,0" yaku="20,1" doraHai="98" who="0" fromWho="2" sc="396,10,397,0,92,-10,115,0" owari="406,50.6,397,19.7,82,-41.8,115,-28.5" /></mjloggm>