<mjloggm ver="2.3"><GO type="225" lobby="0"/><UN n0="%72%69%6F%75%63%68%61%6E" n1="%E3%83%96%E3%83%83%E3%83%91%E3%82%AA%E3%83%96%E3%83%81%E3%82%AD%E3%83%B3" n2="%E3%82%BC%E3%83%AB%E3%83%80%E3%81%AE%E4%BC%9D%E8%AA%AC" n3="%E3%83%B4%E3%83%A0%EF%BC%99%E3%81%A6" dan="16,16,17,17" rate="2136.02,2182.49,2147.40,2120.65" sx="M,M,M,M"/><TAIKYOKU oya="0"/><INIT seed="0,0,0,5,0,68" ten="250,250,250,250" oya="0" hai0="13,99,103,95,74,119,76,97,124,128,73,118,70" hai1="22,19,43,71,20,34,115,56,45,75,123,12,47" hai2="113,10,93,8,36,109,85,5,72,127,57,121,135" hai3="78,105,84,89,100,33,25,60,4,23,67,49,26"/><T116/><D70/><U106/><E123/><V117/><F57/><W54/><G78/><T69/><D69/><U77/><E71/><V17/><F72/><N who="0" m="27754" /><D13/><U51/><E115/><V80/><F93/><W59/><G4/><T15/><D15/><U37/><E34/><V96/><F96/><W3/><G3/><T9/><D9/><U125/><E125/><V129/><F127/><W90/><G105/><N who="0" m="63727" /><D124/><U102/><E56/><V40/><F17/><W7/><G7/><T41/><D41/><U86/><E22/><V38/><F40/><W120/><G120/><T101/><D76/><U58/><E58/><V65/><F121/><W31/><G60/><T132/><D132/><U112/><E12/><V131/><F65/><W114/><G67/><T44/><D44/><U126/><E47/><V24/><F135/><W88/><G114/><T83/><D83/><U134/><E45/><V107/><F24/><W50/><G50/><T110/><D110/><U62/><E51/><V30/><F109/><W130/><G59/><T104/><D128/><U16/><E134/><V91/><F113/><W18/><G130/><T94/><AGARI ba="0,0" hai="94,95,99,101,104,116,118,119" m="63727,27754" machi="94" ten="40,3900,0" yaku="34,2" doraHai="68" who="0" fromWho="0" sc="250,39,250,-13,250,-13,250,-13" /><INIT seed="0,1,0,3,1,66" ten="289,237,237,237" oya="0" hai0="63,126,48,69,36,70,54,116,120,125,27,78,65" hai1="74,14,24,13,41,109,124,50,9,90,83,57,135" hai2="89,75,94,79,64,62,111,1,105,52,104,25,127" hai3="35,32,118,5,60,18,106,134,133,31,19,3,92"/><T84/><D116/><U117/><E117/><V76/><F1/><W121/><G118/><T10/><D120/><U8/><E109/><V73/><F111/><W122/><G106/><T67/><D36/><U21/><E135/><N who="3" m="51722" /><G92/><T87/><D10/><N who="1" m="4203" /><E124/><N who="0" m="47721" /><D78/><U45/><E74/><V4/><F4/><W99/><G99/><T51/><D27/><U72/><E57/><V11/><F11/><N who="3" m="2495" /><G60/><N who="0" m="40103" /><D48/><U123/><E72/><V85/><F127/><W112/><G112/><T97/><D97/><U128/><E123/><N who="3" m="47114" /><G31/><T47/><AGARI ba="1,0" hai="47,51,54,63,67,70,84,87" m="40103,47721" machi="47" ten="30,6000,0" yaku="18,1,52,2" doraHai="66" who="0" fromWho="0" sc="289,63,237,-21,237,-21,237,-21" /><INIT seed="0,2,0,5,5,13" ten="352,216,216,216" oya="0" hai0="33,106,16,96,69,101,75,0,102,109,20,36,24" hai1="90,93,40,129,76,45,78,135,34,64,65,100,2" hai2="35,37,86,31,84,82,83,11,39,73,44,23,110" hai3="103,99,104,3,126,74,47,21,105,17,57,91,134"/><T48/><D36/><U115/><E2/><V52/><F35/><W124/><G3/><T15/><D75/><U27/><E129/><V25/><F110/><W121/><G121/><T38/><D38/><U117/><E117/><V26/><F73/><W122/><G122/><T97/><D109/><U4/><E4/><V8/><F23/><W51/><G74/><T1/><D69/><U123/><E123/><V5/><F5/><W98/><G57/><T55/><D33/><U9/><E9/><V119/><F44/><W46/><G134/><T29/><D29/><U128/><E100/><V113/><F31/><W114/><G114/><T62/><D62/><U130/><E135/><V118/><REACH who="2" step="1"/><F52/><REACH who="2" ten="352,216,206,216" step="2"/><W108/><G108/><T116/><D116/><U133/><E34/><V32/><F32/><W92/><G47/><T132/><D132/><U111/><E133/><V54/><F54/><W89/><G46/><T59/><D24/><U131/><E111/><V87/><F87/><W127/><G51/><T30/><D30/><U22/><E115/><AGARI ba="2,1" hai="8,11,25,26,37,39,82,83,84,86,113,115,118,119" machi="115" ten="25,8000,1" yaku="1,1,22,2,53,2" doraHai="13" doraHaiUra="6" who="2" fromWho="1" sc="352,0,216,-86,206,96,216,0" /><INIT seed="1,0,0,5,5,87" ten="352,130,302,216" oya="1" hai0="26,42,28,65,83,41,22,50,2,130,69,30,126" hai1="29,59,1,90,124,97,40,134,86,63,11,58,39" hai2="116,20,70,112,113,105,96,8,48,117,100,55,57" hai3="10,131,75,111,31,19,12,46,104,9,66,5,44"/><U76/><E134/><V89/><F70/><W16/><G75/><T115/><D115/><N who="2" m="44106" /><F20/><W35/><G104/><T85/><D126/><U51/><E124/><V3/><F89/><W74/><G74/><T103/><D130/><U4/><E39/><V73/><F73/><W94/><G131/><T54/><D2/><U34/><E34/><V133/><F133/><W118/><G118/><T13/><D103/><U114/><E114/><V92/><F105/><W88/><G111/><T91/><D28/><U68/><E29/><V109/><F109/><W78/><G78/><T129/><D129/><U38/><E38/><V32/><F32/><W14/><G66/><T72/><D72/><U123/><E123/><V33/><F33/><W120/><G120/><T52/><D54/><U101/><E76/><V53/><F53/><W67/><G67/><T81/><D81/><U37/><E37/><V23/><F23/><N who="3" m="11751" /><G31/><T110/><D110/><U107/><E68/><V18/><F18/><W125/><G35/><T47/><REACH who="0" step="1"/><D13/><REACH who="0" ten="342,130,302,216" step="2"/><U84/><E1/><V99/><F116/><W6/><G125/><T82/><D82/><U79/><E101/><V15/><F3/><W132/><G132/><T21/><D21/><U119/><E119/><V27/><F117/><W0/><G0/><T25/><D25/><U56/><E107/><V24/><F27/><W122/><G122/><T127/><D127/><U43/><E43/><V62/><F24/><W95/><G95/><T93/><D93/><U80/><E40/><V7/><F92/><W77/><G94/><T121/><D121/><U36/><E80/><RYUUKYOKU ba="0,1" sc="342,30,130,-10,302,-10,216,-10" hai0="22,26,30,41,42,47,50,52,65,69,83,85,91" /><INIT seed="2,1,1,5,0,126" ten="372,120,292,206" oya="2" hai0="43,55,72,16,121,112,61,10,101,119,26,23,69" hai1="82,54,108,73,87,59,81,22,13,130,47,102,51" hai2="46,133,97,91,15,53,7,114,96,83,77,75,17" hai3="33,115,110,89,24,31,0,42,56,5,6,95,123"/><V65/><F133/><W105/><G105/><T74/><D121/><U132/><E108/><V30/><F114/><W57/><G123/><T35/><D112/><U76/><E132/><V9/><F30/><W34/><G115/><T135/><D135/><U19/><E102/><V41/><F65/><W20/><G42/><T111/><D35/><U78/><REACH who="1" step="1"/><E47/><REACH who="1" ten="372,110,292,206" step="2"/><V120/><F120/><W21/><G110/><T98/><D101/><U118/><E118/><V1/><F91/><W127/><G89/><T103/><D119/><U122/><E122/><V88/><F88/><W99/><G127/><T11/><D111/><U50/><E50/><V84/><F75/><W100/><G100/><T109/><D109/><U68/><E68/><V3/><F3/><W66/><G0/><T37/><D69/><U71/><E71/><V14/><F1/><W38/><G56/><N who="0" m="34975" /><D72/><U44/><E44/><V25/><F46/><W70/><G57/><T67/><D74/><U90/><E90/><V92/><F97/><W134/><G99/><T39/><D98/><U2/><E2/><V80/><F96/><W128/><G70/><T8/><D103/><U4/><E4/><V52/><F7/><W116/><G5/><T49/><D49/><U60/><E60/><V85/><F85/><W86/><G6/><T125/><D125/><U117/><E117/><V63/><F63/><W62/><G116/><T64/><D37/><U129/><AGARI ba="1,2" hai="13,19,22,51,54,59,73,76,78,81,82,87,129,130" machi="129" ten="30,8000,1" yaku="1,1,0,1,52,2,53,1" doraHai="126" doraHaiUra="12" who="1" fromWho="1" sc="372,-21,110,103,292,-41,206,-21" /><INIT seed="3,0,0,0,5,23" ten="351,213,251,185" oya="3" hai0="66,88,64,15,5,122,77,13,112,83,116,93,97" hai1="113,78,59,35,17,107,45,82,36,92,53,10,96" hai2="37,26,22,69,52,30,33,86,75,115,87,14,128" hai3="46,125,108,41,54,31,68,51,58,84,80,111,71"/><W73/><G73/><T117/><D122/><U102/><E113/><V7/><F115/><W40/><G31/><T4/><D112/><U29/><E107/><V105/><F75/><W126/><G84/><N who="0" m="48239" /><D117/><U98/><E98/><V11/><F105/><W110/><G80/><T60/><D116/><U85/><E29/><V19/><F128/><W32/><G32/><T123/><D123/><U56/><E35/><V2/><F69/><N who="3" m="26699" /><G40/><T90/><D90/><U0/><E0/><V118/><F118/><W62/><AGARI ba="0,0" hai="41,46,51,54,58,62,108,110,111,125,126" m="26699" machi="62" ten="40,12000,1" yaku="14,1,10,1,34,2" doraHai="23" who="3" fromWho="3" sc="351,-40,213,-40,251,-40,185,120" /><INIT seed="3,1,0,3,4,84" ten="311,173,211,305" oya="3" hai0="56,133,118,98,40,83,91,1,11,58,39,61,37" hai1="119,103,46,53,3,132,104,38,110,59,13,63,114" hai2="86,75,64,123,73,108,85,50,34,15,12,33,82" hai3="129,21,128,78,71,102,44,134,28,106,65,107,45"/><W30/><G134/><T52/><D118/><U72/><E114/><V130/><F64/><W17/><G78/><T51/><D133/><U87/><E3/><V31/><F50/><W124/><G124/><T27/><D40/><U69/><E132/><V18/><F18/><W26/><G65/><T57/><D27/><U117/><E72/><V74/><F31/><N who="3" m="11819" /><G71/><T20/><D20/><U4/><E104/><N who="3" m="39978" /><G102/><T10/><D1/><U88/><E103/><V96/><F73/><W36/><G36/><T67/><D57/><U90/><E69/><V14/><F74/><W77/><G77/><T135/><D135/><U19/><E4/><V93/><F75/><W99/><G99/><T49/><D51/><U79/><E110/><V9/><F108/><W54/><G54/><T115/><D115/><U5/><E5/><V29/><F96/><W2/><G2/><T121/><D121/><U89/><E38/><V25/><F123/><W81/><G81/><T100/><D37/><U60/><E46/><V122/><F122/><W97/><G97/><T105/><REACH who="0" step="1"/><D39/><REACH who="0" ten="301,173,211,305" step="2"/><U22/><REACH who="1" step="1"/><E63/><REACH who="1" ten="301,163,211,305" step="2"/><V113/><F113/><W112/><G112/><T55/><D55/><U6/><E6/><V0/><F0/><W7/><G7/><T47/><D47/><U70/><E70/><V101/><F34/><W80/><G45/><T127/><D127/><U23/><E23/><V42/><F33/><W48/><G44/><T111/><D111/><U43/><E43/><V16/><F42/><W95/><G48/><T92/><D92/><U120/><E120/><V109/><F93/><W125/><G95/><RYUUKYOKU ba="1,2" sc="301,15,163,15,211,-15,305,-15" hai0="10,11,49,52,56,58,61,67,83,91,98,100,105" hai1="13,19,22,53,59,60,79,87,88,89,90,117,119" owari="336,43.6,178,-32.2,196,-20.4,290,9.0" /></mjloggm>