<mjloggm ver="2.3"><GO type="225" lobby="0"/><UN n0="%E3%83%A9%E3%82%B9%E7%8E%87%EF%BC%93%E5%89%B2" n1="%33%74%72%65%65" n2="%E3%81%90%E3%81%A1%E3%82%84%E3%81%BE" n3="%E6%B7%91%E5%A5%B3%E3%81%AE%E5%97%9C%E3%81%BF" dan="16,16,16,16" rate="2213.02,2169.95,2150.50,2128.48" sx="F,F,M,M"/><TAIKYOKU oya="0"/><INIT seed="0,0,0,0,1,90" ten="250,250,250,250" oya="0" hai0="84,88,91,89,131,118,58,28,53,11,116,110,123" hai1="75,129,106,102,15,0,133,31,38,135,29,25,59" hai2="55,107,78,14,87,48,83,86,69,13,18,43,112" hai3="21,95,128,120,27,80,12,114,130,72,57,24,73"/><T82/><D123/><U77/><E0/><V122/><F112/><W47/><G114/><T62/><D131/><N who="3" m="50217" /><G120/><T23/><D110/><U108/><E108/><V17/><F122/><W42/><G57/><T124/><D124/><U127/><E129/><V71/><F107/><W111/><G111/><T79/><REACH who="0" step="1"/><D11/><REACH who="0" ten="240,250,250,250" step="2"/><U32/><E127/><V2/><F2/><W39/><G73/><T85/><D85/><U68/><E75/><V104/><F87/><W101/><G72/><T46/><D46/><U113/><E113/><V132/><F86/><W54/><G47/><T1/><D1/><U26/><E135/><V74/><F132/><W8/><G8/><T10/><D10/><U37/><E133/><V63/><F74/><W16/><G80/><T67/><D67/><U45/><E45/><V76/><F83/><W81/><G81/><T33/><D33/><U22/><E32/><V105/><F78/><W126/><G126/><T7/><D7/><U60/><E77/><V70/><F76/><W92/><G21/><T109/><D109/><U4/><E22/><V64/><F64/><W3/><G3/><T61/><D61/><U93/><E60/><V6/><F63/><W121/><G121/><T35/><D35/><U103/><E4/><V34/><F6/><W52/><G12/><N who="2" m="4713" /><F34/><W125/><G125/><T100/><D100/><U36/><E103/><V5/><F5/><W94/><G101/><T9/><D9/><U56/><E102/><V41/><F105/><W119/><G119/><T19/><D19/><N who="2" m="7178" /><F104/><W30/><G16/><T99/><D99/><U65/><E106/><RYUUKYOKU ba="0,1" sc="240,15,250,-15,250,15,250,-15" hai0="23,28,53,58,62,79,82,84,88,89,91,116,118" hai2="41,43,48,55,69,70,71" /><INIT seed="0,1,1,4,2,133" ten="255,235,265,235" oya="0" hai0="4,56,57,6,126,129,123,60,82,34,28,120,132" hai1="20,15,51,128,23,114,42,70,121,104,69,118,109" hai2="39,107,9,29,2,26,77,74,134,75,80,78,124" hai3="10,116,12,18,48,83,49,91,52,127,13,44,90"/><T53/><D132/><U31/><E104/><V135/><F107/><W106/><G116/><T93/><D129/><U85/><E118/><V89/><F89/><W46/><G127/><T33/><D28/><U119/><E119/><V3/><F39/><W84/><G106/><T0/><D93/><U58/><E70/><V95/><F95/><W108/><G108/><T41/><D82/><U86/><E69/><V113/><F113/><W55/><G13/><T22/><D22/><U101/><E101/><V16/><F16/><W66/><G66/><T11/><D41/><U32/><E121/><V131/><F131/><W97/><G97/><T92/><D92/><U63/><E128/><V67/><F67/><W54/><REACH who="3" step="1"/><G90/><REACH who="3" ten="255,235,265,225" step="2"/><T76/><D126/><U59/><E15/><V112/><F124/><W71/><G71/><T1/><D123/><U17/><E109/><V96/><F96/><W50/><AGARI ba="1,2" hai="10,12,18,44,46,48,49,50,52,54,55,83,84,91" machi="50" ten="30,7900,0" yaku="1,1,0,1,8,1,54,1,53,0" doraHai="133" doraHaiUra="110" who="3" fromWho="3" sc="255,-40,235,-21,265,-21,225,102" /><INIT seed="1,0,0,2,2,77" ten="215,214,244,327" oya="1" hai0="25,128,104,88,16,42,53,6,101,15,59,135,117" hai1="57,102,33,114,9,119,73,82,111,96,63,48,124" hai2="127,92,12,27,98,83,72,126,13,123,0,3,19" hai3="55,30,52,97,24,40,133,131,109,50,1,39,71"/><U11/><E114/><V78/><F123/><W36/><G1/><T113/><D113/><U20/><E119/><V79/><F27/><W85/><G109/><T130/><D117/><U26/><E33/><V121/><F121/><W65/><G131/><N who="0" m="50219" /><D135/><U28/><E48/><V54/><F54/><N who="3" m="20523" /><G85/><T112/><D42/><U118/><E118/><V51/><F51/><W5/><G97/><N who="0" m="61487" /><D25/><U70/><E111/><V23/><F13/><W116/><G5/><T67/><D67/><N who="1" m="39407" /><E70/><V8/><F79/><W44/><G24/><T34/><D6/><U62/><E62/><V107/><F107/><W94/><G30/><T74/><D74/><U108/><E108/><V69/><F69/><W38/><G94/><T95/><D34/><U22/><E22/><V14/><F14/><W122/><G116/><T115/><D59/><U37/><E37/><V93/><F93/><W35/><G35/><T47/><D47/><U134/><E134/><V86/><F72/><W89/><G122/><T61/><D61/><U2/><E2/><V99/><F23/><W7/><G71/><T66/><D66/><U49/><E49/><V46/><F0/><W120/><G65/><T100/><D100/><U103/><E103/><N who="2" m="60871" /><F3/><W87/><G133/><T84/><D53/><U68/><E68/><V125/><F126/><W90/><G120/><T41/><D41/><U31/><E124/><N who="2" m="47691" /><F46/><N who="3" m="25927" /><G39/><T91/><D91/><U43/><E43/><V32/><F32/><W76/><G90/><T18/><D18/><U129/><E129/><V21/><F21/><AGARI ba="0,0" hai="15,16,21,84,88,95,112,115" m="61487,50219" machi="21" ten="30,3900,0" yaku="19,1,54,2" doraHai="77" who="0" fromWho="2" sc="215,39,214,0,244,-39,327,0" /><INIT seed="2,0,0,0,3,80" ten="254,214,205,327" oya="2" hai0="77,87,84,134,131,13,113,50,44,112,82,29,94" hai1="19,27,36,26,11,10,17,122,72,102,68,31,60" hai2="110,54,42,32,86,99,128,33,91,70,56,90,97" hai3="100,15,46,9,4,40,123,74,48,64,120,119,55"/><V111/><F70/><W101/><G119/><T66/><D131/><U20/><E72/><V114/><F42/><W93/><G74/><T34/><D134/><U12/><E36/><V133/><F133/><W126/><G126/><T30/><D66/><U95/><E122/><V96/><F114/><W7/><G64/><T125/><D125/><U1/><E68/><V75/><F75/><W121/><G7/><T132/><D34/><N who="1" m="20855" /><E60/><V58/><F128/><W28/><G28/><T107/><D107/><U105/><E95/><N who="2" m="54743" /><F91/><W118/><G118/><T5/><D132/><U0/><E102/><V52/><F58/><W62/><G93/><T23/><D113/><U51/><E105/><V2/><F2/><N who="1" m="1129" /><E51/><N who="2" m="30751" /><F54/><W25/><G40/><T61/><D112/><U115/><E115/><V71/><F71/><W49/><G62/><T16/><D61/><U3/><N who="1" m="1137" /><U24/><DORA hai="37" /><E24/><V73/><F73/><W53/><G25/><T98/><D50/><U89/><E89/><V124/><F124/><W127/><REACH who="3" step="1"/><G127/><REACH who="3" ten="254,214,205,317" step="2"/><T18/><D82/><U76/><E76/><V109/><AGARI ba="0,1" hai="32,33,96,97,99,109,110,111" m="30751,54743" machi="109" ten="40,12000,1" yaku="14,1,10,1,52,1,54,1" doraHai="80,37" who="2" fromWho="2" sc="254,-40,214,-40,205,130,317,-40" /><INIT seed="2,1,0,2,0,94" ten="214,174,335,277" oya="2" hai0="10,48,61,106,34,129,20,78,59,70,115,23,35" hai1="73,32,126,65,97,117,38,125,107,113,37,0,98" hai2="133,75,17,22,124,40,104,116,101,19,28,81,67" hai3="54,127,132,76,86,87,119,27,100,109,24,57,83"/><V122/><F116/><W18/><G119/><T77/><D106/><U118/><E113/><V69/><F122/><W45/><G109/><T47/><D70/><U31/><E117/><V90/><F40/><W6/><G127/><N who="1" m="48650" /><E118/><V53/><F133/><W128/><G128/><T49/><D10/><U93/><E0/><V71/><F28/><W39/><G132/><T114/><D59/><U26/><E73/><V74/><F53/><W29/><G6/><T105/><D105/><U130/><E130/><V72/><F17/><W62/><G100/><T5/><D47/><U3/><E3/><V123/><F67/><W85/><G18/><T88/><D61/><U4/><E4/><V8/><F8/><W110/><G110/><T33/><D5/><U16/><E65/><V21/><F19/><W79/><G79/><T68/><D68/><U2/><E2/><V50/><F71/><W25/><G39/><N who="1" m="14858" /><E107/><V55/><F69/><W60/><G29/><T96/><D129/><U111/><E111/><V1/><F1/><W52/><G62/><T42/><D34/><U46/><E46/><V82/><F104/><W30/><G30/><T112/><D112/><U131/><E131/><V56/><F75/><W99/><REACH who="3" step="1"/><G99/><REACH who="3" ten="214,174,335,267" step="2"/><N who="1" m="37898" /><E16/><V84/><F124/><W13/><G13/><T92/><D96/><U12/><E12/><V58/><F74/><W63/><G63/><T108/><D108/><U43/><E93/><V9/><F72/><W89/><G89/><T120/><D92/><U121/><E121/><V14/><F90/><W91/><G91/><T7/><D88/><U80/><E80/><RYUUKYOKU ba="1,1" sc="214,-15,174,15,335,-15,267,15" hai1="26,31,32,43" hai3="24,25,27,45,52,54,57,60,76,83,85,86,87" /><INIT seed="3,2,1,2,1,4" ten="199,189,320,282" oya="3" hai0="125,128,97,2,58,80,14,26,27,133,104,0,130" hai1="12,62,64,92,109,94,127,44,83,99,35,76,23" hai2="115,17,59,123,15,7,43,38,95,53,52,69,102" hai3="90,54,13,113,77,71,18,111,86,132,20,134,25"/><W29/><G113/><T110/><D110/><U66/><E35/><V81/><F115/><W74/><G71/><T24/><D80/><U117/><E109/><V32/><F69/><W3/><G111/><T89/><D133/><N who="3" m="51305" /><G3/><T55/><D125/><U85/><E127/><V72/><F123/><W46/><G74/><T42/><D42/><U119/><E44/><V116/><F116/><N who="1" m="44617" /><E99/><V30/><F72/><W31/><G77/><T96/><D104/><U129/><E129/><N who="0" m="49769" /><D14/><U98/><E98/><N who="0" m="37993" /><D89/><U78/><E78/><V33/><F102/><W68/><G68/><T135/><D135/><U36/><E36/><V8/><F33/><W73/><G73/><T91/><D91/><U63/><E12/><V1/><F1/><W108/><G108/><T41/><D41/><U22/><E92/><V122/><F122/><W61/><G25/><N who="0" m="6403" /><T39/><DORA hai="84" /><D39/><U87/><E94/><V131/><F131/><W47/><G31/><T88/><D88/><U6/><E85/><V114/><F30/><W21/><G29/><T49/><AGARI ba="2,1" hai="0,2,49,55,58" m="6403,37993,49769" machi="49" ten="40,1500,0" yaku="19,1" doraHai="4,84" who="0" fromWho="0" sc="199,31,189,-6,320,-6,282,-9" owari="230,-17.0,183,-31.7,314,41.4,273,7.3" /></mjloggm>