<mjloggm ver="2.3"><GO type="225" lobby="0"/><UN n0="%E5%8D%A0%E3%81%84%E5%B8%AB%E8%A3%8F%E3%81%AA%E3%81%84%E3%81%97" n1="%E5%A4%8F%E9%88%B4%E9%88%B4%E5%A4%8F" n2="%43%68%65" n3="%E5%91%A8%E6%9D%B1" dan="17,16,16,17" rate="2221.62,2167.23,2205.78,2212.28" sx="M,F,M,M"/><TAIKYOKU oya="0"/><INIT seed="0,0,0,1,3,73" ten="250,250,250,250" oya="0" hai0="36,38,49,126,67,30,119,15,16,52,34,100,93" hai1="84,72,29,46,76,128,87,96,108,31,50,61,44" hai2="132,88,5,33,1,109,134,135,114,101,116,133,122" hai3="24,28,77,62,123,111,94,85,59,81,121,98,54"/><T27/><D119/><U89/><E108/><V75/><F114/><W4/><G111/><T102/><D126/><U19/><E128/><V97/><F109/><W47/><G4/><T12/><D67/><U14/><E72/><V69/><F122/><W78/><G47/><T105/><D105/><U90/><E61/><V2/><F116/><W63/><G63/><T20/><D12/><U124/><E96/><V37/><F69/><W53/><G53/><T21/><D34/><U74/><E74/><V117/><F117/><W43/><G43/><T115/><D115/><U56/><E56/><V127/><F127/><W91/><REACH who="3" step="1"/><G78/><REACH who="3" ten="250,250,250,240" step="2"/><T58/><REACH who="0" step="1"/><D93/><REACH who="0" ten="240,250,250,240" step="2"/><N who="1" m="54439" /><E124/><V7/><F135/><W103/><G103/><AGARI ba="0,2" hai="15,16,20,21,27,30,36,38,49,52,58,100,102,103" machi="103" ten="40,7700,0" yaku="1,1,54,2,53,0" doraHai="73" doraHaiUra="79" who="0" fromWho="3" sc="240,97,250,0,250,0,240,-77" /><INIT seed="0,1,0,0,4,41" ten="337,250,250,163" oya="0" hai0="123,113,128,127,82,14,36,65,4,59,70,83,106" hai1="13,54,40,73,88,26,97,101,49,104,84,38,53" hai2="100,30,103,79,11,76,135,25,122,68,12,111,121" hai3="31,35,9,20,32,134,125,131,28,24,58,64,7"/><T114/><D123/><U60/><E73/><V95/><F68/><W17/><G64/><T46/><D70/><U33/><E13/><V67/><F67/><W102/><G58/><T43/><D106/><U110/><E60/><V96/><F111/><W62/><G102/><T118/><D118/><U77/><E77/><V126/><F126/><W66/><G62/><T75/><D127/><U115/><E110/><V63/><F135/><W116/><G66/><T74/><D128/><U86/><E86/><V2/><F2/><N who="3" m="247" /><G125/><T98/><D98/><U107/><E107/><V87/><F103/><W109/><G131/><T10/><D75/><U61/><E61/><V6/><F63/><W57/><G57/><T120/><D120/><U19/><E115/><V34/><F79/><W56/><G56/><T16/><D65/><U50/><E38/><V99/><F99/><W94/><G94/><T55/><D82/><U52/><E40/><V105/><F76/><W119/><G109/><T42/><D42/><U71/><E71/><V117/><F117/><N who="3" m="45131" /><G134/><T129/><D129/><U44/><E50/><V80/><F105/><W0/><G0/><N who="0" m="263" /><D59/><U124/><E124/><V108/><F108/><W39/><G39/><T133/><D55/><U81/><REACH who="1" step="1"/><E33/><AGARI ba="1,0" hai="17,20,24,28,31,32,33,35" m="45131,247" machi="33" ten="30,2000,0" yaku="34,2" doraHai="41" who="3" fromWho="1" sc="337,0,250,-23,250,0,163,23" /><INIT seed="1,0,0,4,4,91" ten="337,227,250,186" oya="1" hai0="14,63,104,105,113,93,75,35,7,79,65,108,5" hai1="124,111,36,122,128,86,129,56,8,44,130,97,45" hai2="41,82,28,106,42,31,23,92,102,70,40,11,57" hai3="89,133,127,13,99,119,90,1,80,62,21,48,6"/><U132/><E122/><V4/><F70/><W125/><G1/><T66/><D113/><U17/><E124/><N who="3" m="47690" /><G119/><T32/><D79/><U43/><E132/><V38/><F106/><W27/><G133/><T39/><D39/><U107/><E111/><V19/><F38/><W115/><G115/><T33/><D75/><U68/><E68/><V37/><F37/><W83/><G62/><T117/><D117/><U53/><E45/><V47/><F82/><N who="3" m="31275" /><G48/><T52/><D108/><U84/><E17/><V3/><F57/><W94/><G90/><T9/><D5/><U22/><E22/><V73/><F47/><W2/><G2/><T18/><D7/><U61/><REACH who="1" step="1"/><E8/><REACH who="1" ten="337,217,250,186" step="2"/><V58/><F58/><W101/><G6/><T25/><D9/><U54/><E54/><V110/><F110/><W135/><G135/><T12/><D52/><U10/><E10/><V0/><F0/><W112/><G112/><T120/><D120/><U126/><E126/><V72/><F3/><W118/><G118/><T64/><D33/><U76/><E76/><V100/><F4/><W51/><G21/><N who="0" m="13495" /><D32/><U74/><E74/><V123/><F123/><W98/><G13/><T55/><D35/><U116/><E116/><V49/><F73/><W114/><G114/><T131/><D12/><U81/><E81/><V16/><F72/><W78/><G78/><T15/><D14/><U34/><E34/><V95/><F11/><W30/><G30/><T24/><D15/><U29/><E29/><N who="2" m="11339" /><F23/><W60/><G27/><T50/><D24/><U121/><E121/><V88/><F19/><W103/><G60/><RYUUKYOKU ba="0,1" sc="337,-10,217,30,250,-10,186,-10" hai1="36,43,44,53,56,61,84,86,97,107,128,129,130" /><INIT seed="1,1,1,0,5,49" ten="327,247,240,176" oya="1" hai0="74,121,63,30,104,13,132,135,90,40,47,61,35" hai1="58,92,55,106,102,41,45,120,21,0,1,71,20" hai2="68,70,60,98,105,10,24,4,38,11,77,2,94" hai3="22,33,73,32,64,119,89,124,9,110,57,76,115"/><U23/><E71/><V131/><F131/><W17/><G115/><T18/><D74/><U16/><E120/><V123/><F123/><W118/><G9/><T29/><D104/><U113/><E106/><V116/><F116/><N who="3" m="44587" /><G110/><T97/><D121/><U127/><E127/><V75/><F60/><N who="0" m="23114" /><D35/><U109/><E113/><V117/><F117/><W82/><G124/><T80/><D80/><U100/><E16/><V87/><F24/><N who="3" m="14415" /><G64/><T95/><D13/><U130/><E130/><V46/><F11/><W103/><G103/><T129/><D18/><U99/><E102/><N who="2" m="62679" /><F94/><W48/><G89/><T111/><D111/><U52/><E109/><V3/><F87/><W83/><G83/><T39/><D129/><U15/><E15/><V25/><F25/><W114/><G114/><T101/><D101/><U8/><E58/><V125/><F3/><W122/><G122/><T51/><D39/><U12/><E12/><V34/><F34/><W65/><G65/><T53/><D40/><U36/><REACH who="1" step="1"/><E8/><REACH who="1" ten="327,237,240,176" step="2"/><V31/><F125/><W69/><G69/><T84/><D29/><U133/><E133/><N who="0" m="51273" /><D30/><U91/><E91/><V5/><F31/><W28/><G28/><T85/><AGARI ba="1,2" hai="47,51,53,84,85,90,95,97" m="51273,23114" machi="85" ten="30,2000,0" yaku="20,1,52,1" doraHai="49" who="0" fromWho="0" sc="327,43,237,-11,240,-6,176,-6" /><INIT seed="2,0,0,0,0,92" ten="370,226,234,170" oya="2" hai0="119,62,89,45,8,74,75,29,128,80,108,33,43" hai1="34,106,58,111,73,107,123,96,135,86,16,35,66" hai2="42,102,38,6,110,124,90,56,31,126,105,104,93" hai3="114,72,115,61,99,117,132,112,134,83,67,59,97"/><V19/><F31/><W32/><G32/><T23/><D108/><U79/><E73/><V69/><F69/><W18/><G117/><T116/><D128/><U71/><E71/><V84/><F110/><W47/><G47/><T101/><D101/><U103/><E111/><V78/><F6/><W50/><G50/><T121/><D33/><U46/><E135/><N who="3" m="51754" /><G18/><T44/><D62/><U133/><E107/><V82/><F38/><W22/><G22/><T63/><D63/><U12/><E123/><V122/><F42/><W20/><G20/><T49/><D8/><U21/><E46/><V54/><F122/><W1/><G1/><T113/><D121/><U100/><E100/><V41/><F41/><W7/><G7/><T52/><D23/><U98/><E98/><N who="3" m="37386" /><G83/><T129/><D80/><U26/><E26/><V65/><F19/><W70/><G72/><T14/><D75/><U11/><E21/><V5/><F5/><W76/><G76/><T81/><D74/><U127/><E133/><V68/><F105/><W118/><G118/><T37/><D81/><U87/><E79/><V48/><F104/><W27/><G27/><T40/><D116/><U131/><E106/><V55/><F78/><W28/><G28/><T130/><D29/><U17/><E17/><V60/><F82/><W94/><G94/><T3/><D119/><U91/><E16/><V95/><F95/><W13/><G13/><T125/><D14/><U77/><E12/><V85/><F93/><W53/><G70/><T25/><D40/><U24/><E77/><V10/><F68/><W30/><G30/><RYUUKYOKU ba="0,0" sc="370,-10,226,-10,234,-10,170,30" hai3="53,59,61,67,112,114,115" /><INIT seed="3,1,0,3,2,26" ten="360,216,224,200" oya="3" hai0="56,74,127,97,104,131,85,61,2,111,40,84,62" hai1="70,134,8,43,68,80,65,107,129,19,89,75,18" hai2="36,120,112,32,121,14,72,60,124,103,7,3,21" hai3="64,122,135,88,63,123,98,66,83,50,9,93,0"/><W54/><G135/><T31/><D111/><U117/><E107/><V6/><F112/><W27/><G83/><T67/><D74/><U23/><E134/><V52/><F32/><W45/><G66/><T118/><D2/><U55/><E43/><V113/><F113/><W47/><G47/><T102/><D118/><U29/><E55/><V96/><F72/><W58/><REACH who="3" step="1"/><G27/><REACH who="3" ten="360,216,224,190" step="2"/><T71/><D67/><U5/><E65/><V92/><F121/><W130/><G130/><T44/><D131/><U15/><E129/><V116/><F120/><W108/><G108/><T13/><D44/><U99/><E117/><V39/><F116/><W81/><G81/><T1/><D71/><U114/><E114/><V119/><F119/><W132/><G132/><T86/><D127/><U38/><E70/><V4/><F124/><W57/><G57/><T35/><D56/><U48/><E68/><V59/><REACH who="2" step="1"/><F3/><REACH who="2" ten="360,216,214,190" step="2"/><W133/><G133/><T82/><D1/><U95/><E75/><V46/><F46/><W94/><G94/><T101/><D82/><U51/><E80/><V28/><F28/><W24/><G24/><T125/><D125/><U37/><E29/><V87/><F87/><W42/><G42/><T91/><D40/><U17/><REACH who="1" step="1"/><E23/><REACH who="1" ten="360,206,214,190" step="2"/><V33/><F33/><W110/><G110/><T77/><D31/><U22/><E22/><V30/><F30/><W20/><G20/><T76/><D35/><U69/><E69/><V12/><F12/><W73/><G73/><T49/><D13/><U10/><E10/><V128/><F128/><W25/><G25/><T115/><D115/><RYUUKYOKU ba="1,3" sc="360,-30,206,10,214,10,190,10" hai1="5,8,15,17,18,19,37,38,48,51,89,95,99" hai2="4,6,7,14,21,36,39,52,59,60,92,96,103" hai3="0,9,45,50,54,58,63,64,88,93,98,122,123" /><INIT seed="3,2,3,5,4,81" ten="330,216,224,200" oya="3" hai0="69,94,25,97,30,9,71,89,50,34,119,57,65" hai1="33,107,56,64,39,114,61,38,123,85,131,87,127" hai2="6,54,84,12,28,100,10,120,63,75,104,102,73" hai3="88,106,109,14,2,82,108,53,26,48,74,101,129"/><W3/><G129/><T122/><D119/><U126/><E123/><V49/><F120/><W93/><G26/><T124/><D122/><U43/><E114/><V99/><F102/><W80/><G14/><T41/><D124/><N who="1" m="47659" /><E131/><V46/><F28/><W92/><G106/><T66/><D69/><N who="1" m="42127" /><E107/><V72/><F63/><W134/><G134/><T4/><D71/><U45/><E33/><V0/><REACH who="2" step="1"/><F84/><REACH who="2" ten="330,216,214,200" step="2"/><N who="1" m="32329" /><E56/><V58/><F58/><N who="3" m="33063" /><G74/><T90/><D57/><U15/><E15/><AGARI ba="2,4" hai="0,6,10,12,15,46,49,54,72,73,75,99,100,104" machi="15" ten="40,1300,0" yaku="1,1,53,0" doraHai="81" doraHaiUra="59" who="2" fromWho="1" sc="330,0,216,-19,214,59,200,0" owari="330,43.0,197,-30.3,273,7.3,200,-20.0" /></mjloggm>