<mjloggm ver="2.3"><GO type="225" lobby="0"/><UN n0="%E4%BF%BA%E3%81%A8%E5%A6%96%E5%A4%A2" n1="%E3%82%BC%E3%83%AB%E3%83%80%E3%81%AE%E4%BC%9D%E8%AA%AC" n2="%EF%BC%AE%EF%BC%A1%EF%BC%AF%33%33%39" n3="%E3%83%A9%E3%82%B9%E7%8E%87%EF%BC%93%E5%89%B2" dan="16,17,16,17" rate="2204.60,2139.27,2164.78,2203.83" sx="F,M,M,F"/><TAIKYOKU oya="0"/><INIT seed="0,0,0,3,4,82" ten="250,250,250,250" oya="0" hai0="53,88,100,57,60,11,112,64,18,65,75,117,123" hai1="110,51,44,48,67,105,76,107,95,68,21,39,55" hai2="99,25,24,40,69,102,12,7,74,80,15,23,120" hai3="62,131,121,71,31,14,130,45,10,46,111,114,77"/><T59/><D112/><U122/><E122/><V129/><F120/><W115/><G121/><T26/><D123/><U13/><E110/><V124/><F69/><W47/><G31/><T70/><D117/><U19/><E39/><V106/><F40/><W6/><G77/><T2/><D75/><U86/><E51/><V42/><F42/><W0/><G111/><T49/><D100/><U83/><REACH who="1" step="1"/><E95/><REACH who="1" ten="250,240,250,250" step="2"/><V66/><F106/><W9/><G115/><T50/><D50/><U89/><E89/><V135/><F102/><W3/><G114/><T116/><D116/><U16/><E16/><V87/><F7/><W94/><G94/><T103/><D103/><U92/><E92/><V54/><F135/><W73/><G6/><T128/><D128/><U20/><E20/><V56/><F23/><W90/><G90/><T104/><D104/><U98/><E98/><V79/><F99/><W93/><G93/><T22/><D88/><U134/><E134/><V113/><F129/><W41/><G131/><T109/><D109/><U5/><E5/><V97/><F97/><W35/><G130/><T108/><D108/><U85/><E85/><V78/><F87/><W58/><G73/><T118/><D118/><U72/><E72/><V127/><F74/><W81/><G9/><T1/><D11/><U119/><E119/><V84/><F113/><W34/><G10/><T32/><D32/><U30/><E30/><V33/><F33/><W126/><G34/><T101/><D101/><U91/><E91/><V52/><F84/><W17/><G35/><T8/><D8/><U27/><E27/><RYUUKYOKU ba="0,1" sc="250,15,240,15,250,-15,250,-15" hai0="1,2,18,22,26,49,53,57,59,60,64,65,70" hai1="13,19,21,44,48,55,67,68,76,83,86,105,107" /><INIT seed="0,1,1,2,4,119" ten="265,255,235,235" oya="0" hai0="111,121,64,14,37,59,24,102,12,125,116,118,47" hai1="61,83,96,93,1,80,36,88,69,32,11,76,105" hai2="126,113,114,19,60,16,35,26,100,17,50,129,94" hai3="132,97,21,73,39,117,46,44,90,95,0,82,27"/><T89/><D102/><U81/><E32/><V92/><F129/><W52/><G117/><T13/><D125/><U45/><E105/><V99/><F126/><W48/><G132/><T43/><D111/><U33/><E33/><V104/><F50/><W128/><G0/><T31/><D89/><U130/><E130/><V108/><F108/><W91/><G128/><T55/><D64/><U79/><E61/><V62/><F62/><W53/><G39/><T28/><D121/><U75/><E79/><V41/><F41/><W74/><G53/><T87/><D87/><U107/><E107/><V51/><F51/><W123/><G46/><T20/><REACH who="0" step="1"/><D31/><REACH who="0" ten="255,255,235,235" step="2"/><U57/><E69/><V135/><F135/><W115/><G123/><T38/><D38/><U109/><E109/><V2/><F100/><W42/><G91/><T8/><D8/><U103/><E103/><V110/><F110/><W23/><G90/><T54/><D54/><U106/><E106/><V67/><F104/><W124/><G52/><T15/><N who="0" m="3072" /><DORA hai="86" /><T68/><D68/><U85/><E85/><V131/><F131/><W18/><G124/><T71/><D71/><U9/><E9/><V66/><F66/><W34/><G74/><T40/><D40/><U63/><E11/><V25/><F67/><W5/><G73/><T127/><D127/><U3/><E3/><V77/><F2/><W133/><G42/><T4/><D4/><U120/><E1/><V72/><F72/><W22/><G5/><T49/><AGARI ba="1,2" hai="20,24,28,37,43,47,49,55,59,116,118" m="3072" machi="49" ten="40,3900,0" yaku="1,1,0,1,53,0" doraHai="119,86" doraHaiUra="101,65" who="0" fromWho="0" sc="255,62,255,-14,235,-14,235,-14" /><INIT seed="0,2,0,0,5,74" ten="317,241,221,221" oya="0" hai0="92,46,125,42,35,91,17,9,29,21,87,70,47" hai1="103,102,33,94,38,106,128,119,88,113,59,112,28" hai2="31,49,2,63,55,23,12,95,45,65,5,57,19" hai3="100,121,82,84,16,58,6,54,60,20,78,123,132"/><T30/><D70/><U73/><E119/><V10/><F95/><W76/><G100/><T71/><D71/><U40/><E128/><V90/><F90/><N who="3" m="51479" /><G6/><T85/><D125/><U13/><E73/><V120/><F120/><N who="3" m="46155" /><G132/><T77/><D9/><U117/><E117/><V133/><F133/><W99/><G99/><T69/><D69/><U62/><E106/><V129/><F129/><W104/><G104/><T27/><D35/><U107/><E107/><V1/><REACH who="2" step="1"/><F31/><REACH who="2" ten="317,241,211,221" step="2"/><W124/><G124/><T109/><D109/><U24/><E94/><V72/><F72/><W44/><G44/><T86/><D46/><U22/><E102/><V36/><F36/><W135/><G135/><T32/><D30/><U118/><E103/><V93/><F93/><W110/><G110/><T37/><REACH who="0" step="1"/><D77/><REACH who="0" ten="307,241,211,221" step="2"/><U61/><E28/><V89/><F89/><W3/><G3/><AGARI ba="2,2" hai="1,2,3,5,10,12,19,23,45,49,55,57,63,65" machi="3" ten="30,2000,0" yaku="1,1,7,1,53,0" doraHai="74" doraHaiUra="108" who="2" fromWho="3" sc="307,0,241,0,211,46,221,-26" /><INIT seed="1,0,0,5,0,75" ten="307,241,257,195" oya="1" hai0="111,101,115,89,104,38,135,65,10,79,66,35,87" hai1="68,17,31,128,61,83,81,2,117,30,121,88,105" hai2="55,3,27,132,134,33,124,106,76,77,53,63,43" hai3="56,29,22,122,14,21,127,59,36,85,34,57,133"/><U108/><E117/><V119/><F106/><W91/><G122/><T60/><D115/><U47/><E121/><V84/><F3/><W112/><G112/><T12/><D38/><U13/><E2/><V54/><F119/><W49/><G36/><T103/><D35/><U0/><E0/><V93/><F43/><W95/><G133/><N who="2" m="51305" /><F63/><W73/><G73/><T58/><D135/><U102/><E128/><V120/><F120/><W126/><G49/><T46/><D111/><U18/><E108/><V48/><F48/><W52/><G52/><N who="0" m="33863" /><D104/><U16/><E13/><V4/><F4/><W32/><G14/><T6/><D46/><U64/><E47/><V28/><F124/><N who="3" m="47659" /><G29/><T41/><D79/><N who="2" m="30282" /><F55/><W5/><G5/><T114/><D41/><U97/><REACH who="1" step="1"/><E81/><REACH who="1" ten="307,231,257,195" step="2"/><V123/><F123/><W78/><G78/><T131/><D114/><U80/><E80/><V116/><F116/><W19/><G19/><T74/><D131/><U37/><E37/><V100/><F100/><N who="0" m="38474" /><D74/><U1/><E1/><V110/><F110/><W107/><G107/><T71/><D71/><U24/><E24/><V82/><F82/><AGARI ba="0,1" hai="6,10,12,65,66,82,87,89" m="38474,33863" machi="82" ten="30,2000,0" yaku="8,1,54,1" doraHai="75" who="0" fromWho="2" sc="307,30,231,0,257,-20,195,0" /><INIT seed="2,0,0,1,3,12" ten="337,231,237,195" oya="2" hai0="7,45,112,19,60,36,21,115,32,96,134,124,25" hai1="93,0,82,88,122,102,29,109,65,86,78,34,131" hai2="43,98,84,52,14,101,127,114,31,99,71,85,38" hai3="118,5,72,1,135,49,105,126,54,74,77,47,39"/><V28/><F114/><W66/><G118/><T23/><D96/><U59/><E0/><V100/><F71/><W24/><G135/><T11/><D60/><U89/><E109/><V94/><F127/><W37/><G126/><T75/><D124/><U117/><E117/><V68/><F68/><W46/><G105/><T76/><D134/><U26/><E131/><V128/><F128/><W73/><G66/><T81/><D32/><U4/><E4/><V41/><F38/><W83/><G24/><T22/><D112/><U132/><E132/><V110/><F14/><W129/><G129/><T55/><D115/><U51/><E122/><V44/><F110/><W27/><G27/><T2/><D55/><U48/><E102/><V133/><F133/><W111/><G111/><T62/><D62/><U9/><E9/><V69/><F69/><W35/><G35/><T95/><D95/><U50/><E93/><V16/><F94/><W125/><G125/><T103/><D103/><U53/><REACH who="1" step="1"/><E65/><REACH who="1" ten="337,221,237,195" step="2"/><V79/><F100/><W130/><G130/><T106/><D106/><U58/><E58/><V91/><F101/><W56/><G5/><T107/><D107/><U92/><E92/><V3/><F3/><W119/><G1/><T61/><D2/><U20/><E20/><V15/><F98/><W18/><G119/><T120/><D120/><U70/><E70/><V64/><F99/><W121/><G121/><T42/><D7/><U113/><E113/><V33/><F64/><W104/><G104/><T13/><D25/><U8/><E8/><V10/><F33/><W116/><G116/><RYUUKYOKU ba="0,1" sc="337,15,221,15,237,-15,195,-15" hai0="11,13,19,21,22,23,36,42,45,61,75,76,81" hai1="26,29,34,48,50,51,53,59,78,82,86,88,89" /><INIT seed="3,1,1,4,3,106" ten="352,236,222,180" oya="3" hai0="41,72,101,64,20,102,43,13,28,113,1,91,66" hai1="93,108,46,21,4,23,95,89,76,65,78,48,132" hai2="38,18,19,69,57,54,2,94,33,45,97,90,39" hai3="116,109,84,35,122,11,55,9,62,73,29,103,36"/><W0/><G116/><T105/><D1/><U120/><E120/><V74/><F2/><W60/><G122/><T10/><D113/><U128/><E108/><V7/><F7/><W27/><G109/><T126/><D126/><U88/><E4/><V99/><F33/><W12/><G0/><T80/><D105/><U52/><E65/><N who="0" m="25193" /><D72/><U118/><E132/><V130/><F74/><W124/><G124/><T115/><D115/><U25/><E128/><V37/><F69/><W100/><G73/><T92/><D80/><U135/><E135/><V47/><F99/><W75/><G75/><T68/><D20/><N who="1" m="7755" /><E25/><V87/><F130/><W129/><G129/><T71/><D28/><U77/><E118/><V16/><REACH who="2" step="1"/><F97/><REACH who="2" ten="352,236,212,180" step="2"/><W63/><G84/><N who="0" m="52327" /><D68/><U40/><E40/><N who="0" m="15433" /><D71/><U53/><E53/><V70/><F70/><W82/><G55/><T50/><D50/><AGARI ba="1,2" hai="16,18,19,37,38,39,45,47,50,54,57,87,90,94" machi="50" ten="50,3200,0" yaku="1,1,54,1,53,0" doraHai="106" doraHaiUra="32" who="2" fromWho="0" sc="352,-35,236,0,212,55,180,0" owari="317,41.7,236,-16.4,267,6.7,180,-32.0" /></mjloggm>