<mjloggm ver="2.3"><GO type="225" lobby="0"/><UN n0="%E3%80%90%E3%83%88%E3%83%AA%E3%83%A5%E3%83%95%E3%80%91" n1="%E3%83%94%E3%83%B3%E3%82%B5%E3%83%AD%E5%BA%97%E5%93%A1" n2="%E3%81%BF%E3%81%BF%E3%81%9A" n3="%E3%83%A9%E3%82%A4%E3%83%B3%E3%81%AE%E8%99%8E" dan="16,16,18,16" rate="2059.35,2191.39,2209.90,2120.41" sx="M,M,M,M"/><TAIKYOKU oya="0"/><INIT seed="0,0,0,0,3,11" ten="250,250,250,250" oya="0" hai0="76,48,4,119,75,58,85,26,39,46,62,3,90" hai1="66,57,53,49,44,98,8,86,30,37,114,82,104" hai2="19,34,121,80,109,12,29,71,63,7,18,130,17" hai3="128,134,38,47,50,54,36,24,123,87,78,105,111"/><T110/><D119/><U2/><E114/><V129/><F80/><W124/><G105/><T21/><D110/><U67/><E30/><V6/><F71/><W126/><G111/><T31/><D39/><U15/><E2/><V27/><F63/><W35/><G128/><N who="2" m="49257" /><F109/><W94/><G134/><T14/><D3/><U102/><E37/><V9/><F121/><W125/><G123/><T41/><D75/><U40/><E57/><V116/><F6/><W64/><G64/><T16/><D4/><U91/><REACH who="1" step="1"/><E40/><REACH who="1" ten="250,240,250,250" step="2"/><V84/><F84/><W89/><G78/><T68/><D76/><U112/><E112/><V108/><F108/><W43/><G43/><T10/><D68/><U59/><E59/><V73/><F73/><W72/><G72/><T55/><D85/><U132/><E132/><V20/><F116/><W101/><G101/><T97/><D97/><U95/><E95/><V93/><F93/><W135/><G135/><T107/><D107/><U13/><E13/><AGARI ba="0,1" hai="7,9,12,13,17,18,19,20,27,29,34" m="49257" machi="13" ten="30,8000,1" yaku="19,1,34,2,52,2" doraHai="11" who="2" fromWho="1" sc="250,0,240,-80,250,90,250,0" /><INIT seed="1,0,0,3,3,39" ten="250,160,340,250" oya="1" hai0="118,55,96,78,98,15,106,46,114,26,128,69,80" hai1="11,85,103,63,122,86,30,17,61,50,100,65,13" hai2="38,49,76,84,52,40,72,75,111,79,54,120,116" hai3="101,19,99,135,58,32,132,28,37,57,67,124,14"/><U10/><E122/><V125/><F120/><W81/><G37/><T88/><D114/><U110/><E110/><V60/><F116/><W130/><G124/><T9/><D118/><U104/><E30/><V94/><F111/><W3/><G3/><T102/><D69/><U42/><E10/><V107/><F107/><W92/><G130/><T31/><D128/><U133/><E133/><N who="3" m="51274" /><G67/><T93/><D55/><U91/><E86/><V62/><F38/><W18/><G81/><T41/><D80/><U21/><E11/><V129/><F129/><W6/><G6/><T22/><D78/><N who="2" m="29738" /><F125/><W34/><G19/><T87/><D9/><U7/><E7/><V8/><F8/><N who="3" m="6471" /><G28/><T24/><D15/><U44/><E104/><V51/><F72/><W119/><G119/><T117/><D117/><U16/><E17/><V126/><F75/><W29/><G29/><T45/><D26/><U1/><E1/><V47/><F54/><W0/><G0/><T64/><D64/><U108/><E108/><V134/><F126/><W12/><G12/><T97/><REACH who="0" step="1"/><D46/><REACH who="0" ten="240,160,340,250" step="2"/><U20/><E20/><V56/><F134/><W113/><G113/><T5/><D5/><U43/><E43/><V27/><F27/><W4/><G4/><T109/><D109/><U53/><E53/><V105/><F62/><N who="1" m="23561" /><E65/><V112/><F112/><W23/><G23/><T82/><D82/><AGARI ba="0,1" hai="13,16,21,42,44,50,82,85,91,100,103" m="23561" machi="82" ten="30,5800,0" yaku="8,1,52,1,54,1" doraHai="39" who="1" fromWho="0" sc="240,-58,160,68,340,0,250,0" /><INIT seed="1,1,0,3,3,33" ten="182,228,340,250" oya="1" hai0="20,61,44,34,97,124,121,67,129,130,120,15,56" hai1="0,134,83,118,70,9,113,107,95,22,125,87,47" hai2="77,32,106,13,69,43,91,14,73,54,76,23,126" hai3="48,79,30,1,111,17,38,103,16,80,131,52,21"/><U119/><E113/><V84/><F32/><W36/><G103/><T42/><D34/><U41/><E107/><V8/><F69/><W99/><G99/><T75/><D75/><U10/><E70/><V18/><F106/><W28/><G1/><T58/><D15/><U57/><E134/><V11/><F126/><W40/><G111/><T19/><D97/><U82/><E125/><V123/><F43/><W35/><G17/><T78/><D78/><U135/><E135/><V114/><F73/><W62/><G62/><N who="0" m="38343" /><D20/><U55/><E95/><V109/><F123/><N who="0" m="47178" /><D19/><U51/><E22/><V68/><F68/><W46/><G35/><T96/><D96/><U98/><E98/><V132/><F109/><W63/><G30/><T105/><D105/><U116/><E0/><V7/><F114/><W49/><G28/><T3/><D3/><U92/><E92/><N who="2" m="54375" /><F132/><W72/><G63/><T85/><D85/><U4/><E4/><V2/><F2/><W102/><G102/><T81/><D81/><U12/><E12/><N who="2" m="5151" /><F54/><W74/><G74/><T94/><D94/><U27/><E27/><V65/><F65/><W90/><G90/><T53/><D124/><U45/><E83/><V37/><F37/><AGARI ba="1,0" hai="37,42,44,53,58,61,129,130" m="47178,38343" machi="37" ten="30,3900,0" yaku="13,1,34,2" doraHai="33" who="0" fromWho="2" sc="182,42,228,0,340,-42,250,0" /><INIT seed="2,0,0,0,0,127" ten="224,228,298,250" oya="2" hai0="92,115,19,2,107,50,28,18,34,1,38,32,20" hai1="122,5,132,81,101,73,3,79,49,72,9,10,39" hai2="80,119,27,42,114,77,61,125,86,76,15,69,53" hai3="57,121,63,94,55,51,7,23,56,45,30,41,113"/><V4/><F114/><W116/><G116/><T68/><D38/><U133/><E122/><V135/><F119/><W87/><G121/><T37/><D37/><U117/><E117/><V62/><F125/><W103/><G113/><T40/><D68/><U26/><E101/><V99/><F42/><W108/><G108/><T124/><D107/><U104/><E104/><V91/><F135/><N who="1" m="51785" /><E39/><V111/><F111/><W44/><G7/><T67/><D67/><U6/><E26/><V29/><F69/><W17/><G30/><T75/><D75/><N who="1" m="43263" /><E49/><V82/><F53/><N who="3" m="34223" /><G41/><T33/><D50/><U78/><E78/><V95/><F15/><AGARI ba="0,0" hai="3,5,6,9,10,15,72,73" m="43263,51785" machi="15" ten="30,1000,0" yaku="20,1" doraHai="127" who="1" fromWho="2" sc="224,0,228,10,298,-10,250,0" /><INIT seed="3,0,0,1,3,44" ten="224,238,288,250" oya="3" hai0="77,14,122,83,79,22,47,134,76,120,34,95,5" hai1="63,85,33,10,38,6,94,68,24,78,60,97,37" hai2="87,123,121,40,39,92,51,114,131,32,128,4,117" hai3="88,53,35,115,67,46,52,118,84,29,70,23,43"/><W41/><G115/><T66/><D34/><U26/><E38/><V75/><F114/><W135/><G35/><T113/><D113/><U109/><E37/><V71/><F75/><W89/><G118/><T93/><D134/><U129/><E109/><V69/><F39/><W54/><G135/><T65/><D83/><N who="1" m="47351" /><E68/><N who="2" m="26187" /><F117/><W58/><G70/><T30/><D5/><U62/><E129/><N who="2" m="49739" /><F4/><W124/><G124/><T45/><D30/><U28/><E33/><V19/><F32/><W21/><G89/><T99/><D22/><N who="3" m="8201" /><G29/><T64/><D14/><N who="1" m="5463" /><E28/><V59/><F19/><W119/><G119/><T96/><D47/><U16/><E16/><V102/><F40/><N who="3" m="15435" /><G46/><T20/><D45/><U13/><E13/><V11/><F11/><W7/><G7/><T74/><D74/><U98/><E98/><N who="0" m="37417" /><D20/><U18/><E18/><V107/><F107/><W15/><G15/><T103/><D103/><AGARI ba="0,0" hai="24,26,60,62,63,94,97,103" m="5463,47351" machi="103" ten="30,1000,0" yaku="8,1" doraHai="44" who="1" fromWho="0" sc="224,-10,238,10,288,0,250,0" /><INIT seed="4,0,0,1,5,119" ten="214,248,288,250" oya="0" hai0="122,132,101,83,26,87,62,19,100,51,57,128,120" hai1="22,33,134,107,55,90,7,104,82,17,49,39,4" hai2="9,103,112,3,131,50,69,54,74,34,15,52,24" hai3="125,32,8,20,127,72,123,58,68,6,97,80,11"/><T121/><D51/><U66/><E33/><V67/><F74/><W30/><G68/><T129/><D132/><U65/><E39/><V1/><F54/><W78/><G32/><T108/><D26/><U118/><E107/><V135/><F103/><N who="0" m="39498" /><D19/><U2/><E104/><V14/><F14/><W47/><G20/><T42/><D42/><U117/><E134/><V25/><F135/><W95/><G30/><T46/><D46/><U77/><E90/><V130/><F112/><W93/><G58/><T79/><D57/><N who="1" m="33007" /><E2/><N who="2" m="523" /><F34/><W114/><G114/><T21/><D21/><U18/><E118/><V109/><F67/><N who="1" m="25609" /><E117/><V48/><F69/><W94/><G47/><T59/><D59/><U35/><E35/><V5/><F48/><W0/><G11/><T40/><D40/><U41/><E41/><V38/><F38/><W73/><G73/><T60/><D108/><U10/><E10/><V75/><F109/><W126/><G97/><T85/><D85/><N who="1" m="48335" /><E18/><V64/><F64/><W133/><G133/><T89/><D89/><U29/><E29/><V37/><F37/><W105/><G105/><T13/><D13/><AGARI ba="0,0" hai="4,7,13,17,22" m="48335,25609,33007" machi="13" ten="30,1000,0" yaku="8,1" doraHai="119" who="1" fromWho="0" sc="214,-10,248,10,288,0,250,0" /><INIT seed="5,0,0,2,3,4" ten="204,258,288,250" oya="1" hai0="9,12,1,2,23,86,120,101,123,73,38,107,45" hai1="88,80,130,47,92,20,61,65,53,21,14,121,118" hai2="59,48,22,134,84,7,108,49,66,52,102,126,103" hai3="56,54,63,18,69,95,30,89,93,75,82,124,74"/><U13/><E118/><V31/><F108/><W58/><G69/><T77/><D23/><N who="1" m="8779" /><E121/><N who="0" m="46665" /><D101/><N who="2" m="38410" /><F134/><W99/><G124/><T116/><D107/><U128/><E80/><V32/><F126/><W34/><G82/><N who="0" m="45359" /><D116/><U71/><E53/><N who="2" m="32167" /><F32/><W51/><G18/><N who="0" m="8463" /><D86/><N who="1" m="52247" /><E47/><N who="2" m="27711" /><F7/><W26/><G95/><T94/><D94/><U6/><E6/><V97/><F84/><W33/><G33/><T115/><D115/><U41/><E41/><AGARI ba="0,0" hai="1,2,38,41,45" m="8463,45359,46665" machi="41" ten="30,2000,0" yaku="13,1,52,1" doraHai="4" who="0" fromWho="1" sc="204,20,258,-20,288,0,250,0" /><INIT seed="6,0,0,3,1,64" ten="224,238,288,250" oya="2" hai0="19,46,135,109,79,65,10,100,94,130,14,105,24" hai1="17,34,30,11,49,60,58,29,39,80,106,75,110" hai2="2,93,53,52,103,41,32,131,7,18,44,90,13" hai3="134,25,122,126,132,20,31,42,87,133,82,121,88"/><V91/><F32/><W83/><G126/><T4/><D109/><U112/><E39/><V96/><F131/><W119/><G119/><T95/><D130/><U128/><E128/><V62/><F2/><W120/><REACH who="3" step="1"/><G42/><REACH who="3" ten="224,238,288,240" step="2"/><T28/><D135/><U67/><E110/><V40/><F40/><W50/><G50/><T101/><D105/><U37/><E106/><V115/><F115/><W70/><G70/><T1/><D46/><U3/><E49/><N who="2" m="28711" /><F41/><W118/><G118/><T6/><D1/><U26/><E112/><V89/><F7/><W66/><G66/><T57/><D4/><U23/><E3/><V111/><F111/><W129/><G129/><T69/><D69/><U108/><E108/><V9/><F53/><W61/><G61/><AGARI ba="0,1" hai="9,13,18,61,62,89,90,91,93,96,103" m="28711" machi="61" ten="30,2900,0" yaku="8,1,54,1" doraHai="64" who="2" fromWho="3" sc="224,0,238,0,288,39,240,-29" owari="224,-17.6,238,3.8,327,42.7,211,-28.9" /></mjloggm>