<mjloggm ver="2.3"><GO type="225" lobby="0"/><UN n0="%E5%A4%8F%E9%88%B4%E9%88%B4%E5%A4%8F" n1="%E6%9C%88%E5%B3%B6%E5%9F%BA" n2="%E9%A6%AC%E5%BC%95%E7%81%AB%33" n3="%70%68%65%6E%6F%6D%65" dan="16,16,16,16" rate="2112.09,2133.38,2080.93,2139.79" sx="F,M,M,M"/><TAIKYOKU oya="0"/><INIT seed="0,0,0,4,0,23" ten="250,250,250,250" oya="0" hai0="33,71,104,0,115,123,109,39,101,55,60,98,32" hai1="117,16,25,128,7,37,134,90,80,69,108,129,6" hai2="1,2,88,9,75,87,17,51,121,124,120,78,34" hai3="13,42,91,50,62,4,65,63,30,122,95,35,61"/><T82/><D123/><U48/><E37/><V92/><F34/><W64/><G122/><T132/><D115/><U29/><E117/><V97/><F75/><W67/><G35/><N who="0" m="13387" /><D55/><U70/><E108/><V96/><F1/><W81/><G30/><T44/><D132/><U79/><E29/><V52/><F124/><W85/><G95/><T100/><D100/><U113/><E90/><V27/><F2/><W3/><G3/><T11/><D82/><U131/><E48/><V56/><F9/><N who="3" m="4263" /><G50/><T127/><D127/><U93/><E93/><V83/><REACH who="2" step="1"/><F96/><REACH who="2" ten="250,250,240,250" step="2"/><W105/><G105/><N who="0" m="63671" /><D11/><U41/><E129/><V126/><F126/><W73/><G73/><T130/><D104/><U99/><E131/><V103/><F103/><W12/><G12/><T47/><D0/><U125/><E128/><V68/><F68/><W46/><G42/><T89/><D71/><U114/><E41/><V26/><F26/><W57/><G46/><T102/><D47/><U66/><E70/><V135/><F135/><W133/><G133/><T110/><D44/><U40/><E40/><V31/><F31/><W15/><G15/><T20/><D130/><U106/><E125/><V43/><F43/><W8/><G8/><T24/><D39/><U5/><E134/><V86/><F86/><W22/><G22/><AGARI ba="0,1" hai="17,22,27,51,52,56,78,83,87,88,92,97,120,121" machi="22" ten="40,8000,1" yaku="1,1,52,1,54,2,53,1" doraHai="23" doraHaiUra="74" who="2" fromWho="3" sc="250,0,250,0,240,90,250,-80" /><INIT seed="1,0,0,0,1,64" ten="250,250,330,170" oya="1" hai0="2,53,89,26,1,29,120,31,105,88,80,69,77" hai1="90,97,66,18,47,99,93,101,60,133,119,79,52" hai2="20,78,41,95,109,61,65,131,42,6,121,0,84" hai3="15,74,19,128,103,76,38,27,111,135,81,106,118"/><U14/><E119/><V98/><F121/><W7/><G118/><T102/><D120/><U127/><E127/><V110/><F131/><W49/><G128/><T35/><D31/><U25/><E133/><V86/><F20/><W114/><G114/><T16/><D69/><U124/><E124/><V33/><F33/><W72/><G135/><T22/><D53/><U39/><E79/><V82/><F86/><W57/><G38/><T45/><D45/><U43/><E25/><V100/><F6/><W75/><G111/><N who="2" m="42505" /><F0/><W3/><G27/><T48/><D48/><U13/><E18/><V55/><F55/><W23/><G3/><T115/><D115/><U37/><E52/><V5/><F5/><W9/><G57/><AGARI ba="0,0" hai="41,42,57,61,65,78,82,84,95,98,100" m="42505" machi="57" ten="30,1000,0" yaku="14,1" doraHai="64" who="2" fromWho="3" sc="250,0,250,0,330,10,170,-10" /><INIT seed="2,0,0,1,4,59" ten="250,250,340,160" oya="2" hai0="102,98,82,125,63,100,132,42,110,47,1,134,18" hai1="39,2,9,27,67,116,87,20,68,19,22,126,44" hai2="108,30,33,25,38,99,118,74,80,101,130,127,26" hai3="4,23,11,66,84,107,119,133,71,40,105,106,14"/><V10/><F118/><W77/><G119/><T37/><D110/><U117/><E126/><V32/><F127/><W124/><G133/><N who="0" m="51307" /><D125/><U115/><E115/><V69/><F130/><W12/><G124/><T131/><D1/><U95/><E2/><V48/><F48/><W120/><G120/><T93/><D131/><U46/><E9/><V73/><F10/><W41/><G77/><T54/><D82/><U88/><E46/><V129/><F129/><W43/><G84/><T90/><D18/><U70/><E70/><V36/><F69/><W111/><G111/><T29/><D29/><U123/><E123/><V52/><F52/><W8/><G23/><T79/><D79/><U135/><E135/><V60/><F108/><W96/><G96/><T56/><AGARI ba="0,0" hai="37,42,47,54,56,63,90,93,98,100,102" m="51307" machi="56" ten="30,2000,0" yaku="20,1,52,1" doraHai="59" who="0" fromWho="0" sc="250,20,250,-5,340,-10,160,-5" /><INIT seed="3,0,0,1,2,39" ten="270,245,330,155" oya="3" hai0="59,61,101,113,91,133,11,38,119,84,67,30,92" hai1="50,80,79,63,122,32,96,37,88,10,123,87,51" hai2="16,105,114,42,73,3,132,18,62,76,70,7,130" hai3="110,111,31,112,126,0,99,5,25,115,1,131,95"/><W74/><G74/><T45/><D119/><U19/><E37/><V135/><F114/><N who="3" m="43563" /><G95/><T83/><D133/><U129/><E32/><V72/><F105/><W54/><G99/><T28/><D113/><U13/><E129/><V23/><F130/><W104/><G104/><T106/><D106/><U65/><E122/><V98/><F98/><W85/><G85/><N who="0" m="52335" /><D38/><U60/><E123/><V75/><F76/><W46/><G131/><T134/><D45/><U89/><E89/><V128/><F75/><W71/><G71/><T47/><D47/><U44/><E51/><V117/><F73/><W102/><G102/><T15/><D134/><U52/><E65/><V90/><F90/><W64/><G64/><T4/><D101/><U35/><E35/><V109/><F72/><W40/><G54/><T53/><D53/><U94/><AGARI ba="0,0" hai="10,13,19,44,50,52,60,63,79,80,87,88,94,96" machi="94" ten="30,7900,0" yaku="0,1,8,1,54,2" doraHai="39" who="1" fromWho="1" sc="270,-20,245,79,330,-20,155,-39" owari="250,-15.0,324,42.4,310,11.0,116,-38.4" /></mjloggm>