<mjloggm ver="2.3"><GO type="225" lobby="0"/><UN n0="%4B%2E%32%2E%4B%2E" n1="%E7%99%BD%E5%80%89%E5%AF%9B%E4%B9%8B" n2="%E3%81%8B%E3%82%8F%E3%81%A1%E3%82%83%E3%82%93%35%38" n3="%E7%AB%8B%E8%8A%B1%E9%9F%BF" dan="16,16,16,17" rate="2164.75,2159.21,2171.15,2199.80" sx="M,M,M,F"/><TAIKYOKU oya="0"/><INIT seed="0,0,0,2,1,79" ten="250,250,250,250" oya="0" hai0="66,106,86,32,47,44,34,21,61,96,16,115,5" hai1="15,102,98,17,60,63,124,117,81,40,57,64,10" hai2="33,111,131,85,12,55,87,31,91,37,69,48,100" hai3="19,54,11,72,27,94,75,42,119,110,108,62,18"/><T3/><D115/><U49/><E124/><V112/><F37/><W50/><G119/><T2/><D34/><U114/><E117/><V8/><F112/><W107/><G107/><T13/><D32/><U126/><E114/><V76/><F69/><W36/><G62/><T6/><D6/><U30/><E126/><V71/><F71/><W120/><G42/><T56/><D86/><U22/><E63/><V97/><F111/><N who="3" m="42539" /><G36/><T133/><D133/><U4/><E30/><V14/><F131/><W83/><G94/><T88/><D106/><U132/><E132/><V39/><F39/><W116/><G116/><T105/><D105/><U67/><E67/><V7/><F33/><W29/><G120/><T43/><D43/><U53/><E40/><V65/><F65/><W45/><G11/><T122/><D122/><U104/><E81/><N who="2" m="47271" /><F31/><W74/><G83/><T113/><D113/><U89/><E89/><V70/><F70/><W35/><AGARI ba="0,0" hai="18,19,27,29,35,45,50,54,72,74,75" m="42539" machi="35" ten="40,1500,0" yaku="14,1" doraHai="79" who="3" fromWho="3" sc="250,-7,250,-4,250,-4,250,15" /><INIT seed="1,0,0,1,4,24" ten="243,246,246,265" oya="1" hai0="47,17,107,74,40,89,77,12,100,36,41,2,26" hai1="79,75,103,14,45,81,111,18,20,99,48,63,131" hai2="0,128,10,28,62,92,6,60,21,5,53,72,51" hai3="7,98,76,78,96,114,27,59,22,67,70,13,124"/><U9/><E131/><V61/><F72/><W93/><G70/><T119/><D119/><U135/><E135/><V123/><F123/><W130/><G114/><T113/><D113/><U57/><E111/><V129/><F6/><W97/><G130/><N who="2" m="50281" /><F92/><W118/><G118/><T44/><D2/><U55/><E9/><V126/><F126/><W29/><G124/><T11/><D89/><U104/><REACH who="1" step="1"/><E45/><REACH who="1" ten="243,236,246,265" step="2"/><N who="2" m="27887" /><F21/><W109/><G109/><T80/><D47/><U90/><E90/><V85/><F85/><W87/><G87/><T134/><D44/><U66/><E66/><V127/><F127/><W52/><G67/><T15/><D74/><U105/><E105/><V58/><F28/><W132/><G132/><T83/><D134/><U32/><E32/><V86/><F86/><W121/><G121/><T19/><D107/><U122/><E122/><V43/><F43/><W3/><G3/><T108/><D108/><U25/><E25/><V133/><F133/><W102/><G78/><T95/><D77/><U46/><E46/><V73/><F73/><W112/><G76/><T39/><D26/><U82/><E82/><V49/><F49/><AGARI ba="0,1" hai="14,18,20,48,49,55,57,63,75,79,81,99,103,104" machi="49" ten="40,3900,0" yaku="1,1,53,1" doraHai="24" doraHaiUra="101" who="1" fromWho="2" sc="243,0,236,49,246,-39,265,0" /><INIT seed="1,1,0,0,0,118" ten="243,285,207,265" oya="1" hai0="66,127,62,40,75,96,9,71,103,122,4,112,76" hai1="10,2,92,3,6,73,85,128,101,97,30,18,120" hai2="78,11,119,121,129,52,90,89,36,125,88,12,77" hai3="94,31,1,27,74,105,58,59,28,49,132,79,93"/><U70/><E73/><V32/><F119/><W65/><G105/><T13/><D112/><U21/><E70/><V56/><F121/><W57/><G1/><T34/><D127/><U37/><E37/><V43/><F32/><W19/><G132/><T46/><D34/><U113/><E113/><V48/><F129/><W133/><G133/><T68/><D68/><U60/><E128/><V69/><F69/><W111/><G111/><T16/><D4/><U61/><E2/><V98/><F125/><W33/><G31/><T26/><D26/><U55/><E30/><V82/><F98/><W104/><G104/><T126/><D126/><U131/><E120/><V107/><F107/><W54/><G65/><T134/><D134/><U45/><E131/><V95/><F95/><W117/><G117/><T15/><D15/><U81/><E55/><V84/><F78/><W0/><G0/><T41/><D46/><U80/><E45/><N who="2" m="25663" /><F36/><W53/><G19/><T72/><D122/><U35/><E35/><V116/><F116/><W102/><G102/><T86/><D75/><U115/><E115/><V63/><F90/><W130/><G130/><T106/><REACH who="0" step="1"/><D72/><REACH who="0" ten="233,285,207,265" step="2"/><U8/><E3/><V22/><F22/><W29/><G74/><T7/><D7/><AGARI ba="1,1" hai="7,11,12,52,56,63,77,82,84,88,89" m="25663" machi="7" ten="30,7700,0" yaku="25,1,8,1,54,2" doraHai="118" who="2" fromWho="0" sc="233,-80,285,0,207,90,265,0" /><INIT seed="2,0,0,1,1,87" ten="153,285,297,265" oya="2" hai0="42,91,20,111,72,112,26,47,108,121,24,98,29" hai1="66,34,86,31,88,116,128,90,2,120,44,33,99" hai2="126,60,122,110,125,0,55,95,69,21,102,51,56" hai3="97,75,38,37,16,12,113,127,30,14,85,103,36"/><V82/><F0/><W46/><G75/><T43/><D112/><U89/><E2/><V58/><F122/><W130/><G30/><T6/><D121/><U118/><E120/><V119/><F119/><W129/><G113/><T92/><D72/><U68/><E128/><N who="3" m="49258" /><G127/><N who="2" m="48649" /><F110/><N who="0" m="42026" /><D6/><U114/><E114/><V27/><F82/><W28/><G28/><N who="0" m="17415" /><D47/><U94/><E44/><V134/><F134/><W54/><G12/><T100/><D100/><U93/><E89/><V8/><F8/><N who="3" m="6215" /><G85/><T135/><D135/><U32/><REACH who="1" step="1"/><E31/><REACH who="1" ten="153,275,297,265" step="2"/><V50/><F102/><W132/><G132/><T74/><D74/><U106/><E106/><V76/><F76/><W10/><G46/><T40/><D43/><U52/><E52/><V9/><F55/><W25/><G54/><T17/><D17/><U83/><E83/><V5/><F5/><W70/><G103/><T11/><D11/><U49/><E49/><V23/><F9/><W22/><G10/><T62/><D62/><AGARI ba="0,1" hai="32,33,34,62,66,68,86,88,90,93,94,99,116,118" machi="62" ten="40,8000,1" yaku="1,1,52,2,54,1,53,0" doraHai="87" doraHaiUra="104" who="1" fromWho="0" sc="153,-80,275,90,297,0,265,0" /><INIT seed="3,0,0,5,5,87" ten="73,365,297,265" oya="3" hai0="35,90,73,20,24,51,4,119,40,70,84,89,25" hai1="110,85,38,11,30,97,129,27,42,131,60,68,104" hai2="113,18,26,107,61,88,128,23,122,31,115,123,66" hai3="6,111,15,109,100,132,45,16,54,98,67,112,32"/><W116/><G112/><T22/><D119/><U0/><E110/><N who="3" m="41994" /><G116/><T135/><D135/><U44/><E85/><V125/><F107/><W101/><G32/><T130/><D130/><U86/><E86/><V106/><F106/><W83/><G132/><T46/><D73/><U39/><E39/><V77/><F77/><W56/><G6/><T74/><D74/><U75/><E75/><V8/><F128/><W96/><G83/><T94/><D70/><U93/><E11/><V14/><F125/><W103/><G67/><T12/><D35/><N who="1" m="20959" /><E93/><V21/><F61/><N who="3" m="35991" /><G45/><T7/><D22/><AGARI ba="0,0" hai="15,16,22,96,98,100,101,103" m="35991,41994" machi="22" ten="30,5800,0" yaku="14,1,10,1,54,1" doraHai="87" who="3" fromWho="0" sc="73,-58,365,0,297,0,265,58" /><INIT seed="3,1,0,1,1,10" ten="15,365,297,323" oya="3" hai0="12,102,114,115,70,100,9,52,22,111,4,105,77" hai1="29,36,103,121,68,42,107,7,31,109,76,96,117" hai2="53,26,131,74,49,130,35,23,37,81,18,44,125" hai3="95,45,1,65,60,101,5,135,99,129,91,48,71"/><W46/><G129/><T51/><D70/><U64/><E109/><V43/><F125/><W56/><G135/><T123/><D111/><U41/><E121/><V94/><F35/><W118/><G118/><T8/><D123/><U87/><E117/><V127/><F127/><W113/><G113/><T85/><D22/><U58/><E7/><V14/><F74/><W33/><G33/><T88/><D77/><U69/><E69/><V63/><F81/><W13/><G1/><T67/><D67/><U61/><E36/><V124/><F124/><W119/><G119/><T90/><D105/><U126/><E126/><V128/><F94/><W38/><G38/><T39/><D39/><U28/><E76/><V20/><F63/><W16/><G5/><T62/><D62/><U11/><E11/><V108/><F108/><W47/><G71/><T106/><D106/><U82/><E68/><V24/><REACH who="2" step="1"/><F23/><REACH who="2" ten="15,365,287,323" step="2"/><N who="3" m="11663" /><G101/><T75/><D75/><U132/><E132/><V21/><F21/><W133/><G133/><T78/><D78/><U72/><E72/><V110/><F110/><W27/><G27/><T55/><D9/><U116/><E116/><V97/><F97/><W40/><AGARI ba="1,1" hai="40,45,46,47,48,56,60,65,91,95,99" m="11663" machi="40" ten="30,6000,0" yaku="8,1,52,1,54,1" doraHai="10" who="3" fromWho="3" sc="15,-21,365,-21,287,-21,323,73" owari="-6,-50.6,344,14.4,266,-13.4,396,49.6" /></mjloggm>