<mjloggm ver="2.3"><GO type="225" lobby="0"/><UN n0="%E9%B3%B4%E8%8C%B6" n1="%E5%B8%86%E7%AB%8B%E5%A4%8F%E8%A1%A3" n2="%E3%81%AD%E3%82%80%E3%81%84%40%E9%9B%80%E9%B3%B4%E4%BC%9A" n3="%E6%9D%B1%E9%A2%A8%E3%81%AE%E3%81%8D%E3%82%83%E3%81%B7%E3%81%95%E3%82%93" dan="16,17,16,16" rate="2164.58,2255.16,2213.80,2159.91" sx="M,M,F,M"/><TAIKYOKU oya="0"/><INIT seed="0,0,0,4,5,71" ten="250,250,250,250" oya="0" hai0="57,58,103,95,16,114,88,10,39,3,93,11,108" hai1="80,17,74,125,91,49,9,40,51,102,14,85,118" hai2="96,99,46,132,129,124,2,76,72,67,126,13,31" hai3="119,100,79,29,55,133,117,86,0,63,4,19,60"/><T131/><D114/><U70/><E125/><N who="2" m="48235" /><F2/><W44/><G100/><T109/><D131/><U30/><E118/><V52/><F67/><W90/><G79/><T5/><D39/><U64/><E74/><V37/><F31/><W7/><G29/><T36/><D36/><U92/><E40/><N who="2" m="22799" /><F132/><W50/><G133/><T111/><D103/><U6/><E30/><V66/><F66/><W123/><G123/><T15/><D95/><U87/><E70/><V134/><F134/><W47/><G47/><T116/><REACH who="0" step="1"/><D116/><REACH who="0" ten="240,250,250,250" step="2"/><U128/><E128/><V43/><F129/><W121/><G119/><T115/><D115/><U62/><E102/><V53/><F99/><AGARI ba="0,1" hai="3,5,10,11,15,16,57,58,88,93,99,108,109,111" machi="99" ten="40,12000,1" yaku="1,1,14,1,10,1,54,2,53,0" doraHai="71" doraHaiUra="41" who="0" fromWho="2" sc="240,130,250,0,250,-120,250,0" /><INIT seed="0,1,0,1,0,112" ten="370,250,130,250" oya="0" hai0="66,22,116,0,28,104,68,3,80,126,110,107,117" hai1="82,9,21,33,51,37,7,59,16,17,20,57,83" hai2="115,77,125,86,71,6,14,25,98,74,48,76,12" hai3="109,44,124,52,128,60,30,127,19,73,105,54,88"/><T72/><D126/><N who="3" m="48169" /><G105/><N who="0" m="40523" /><D22/><N who="1" m="8811" /><E33/><V111/><F125/><W46/><G73/><T23/><D23/><U103/><E103/><V87/><F115/><W5/><G5/><T13/><D13/><N who="1" m="5311" /><E37/><V11/><F71/><W34/><G128/><T55/><D55/><N who="3" m="21033" /><G109/><T61/><D28/><U67/><E51/><V99/><F111/><W134/><G134/><T32/><D32/><U64/><E59/><V45/><F74/><W26/><G19/><N who="1" m="7242" /><E57/><V42/><F25/><W114/><G60/><T118/><D110/><U8/><E8/><V91/><F14/><W120/><G120/><T69/><D69/><U129/><E129/><V135/><F135/><W121/><G121/><T123/><D123/><U41/><E41/><V70/><F70/><W79/><G114/><T36/><D36/><U1/><E1/><V100/><F100/><W96/><G79/><AGARI ba="1,0" hai="0,3,61,66,68,72,79,80,116,117,118" m="40523" machi="79" ten="40,12000,1" yaku="23,1,52,3" doraHai="112" who="0" fromWho="3" sc="370,123,250,0,130,0,250,-123" /><INIT seed="0,2,0,4,0,57" ten="493,250,130,127" oya="0" hai0="127,79,32,43,71,78,44,82,8,125,109,80,61" hai1="59,117,110,58,126,16,0,116,2,124,121,30,77" hai2="37,87,94,50,62,26,54,51,63,101,107,42,128" hai3="108,19,93,46,129,12,13,23,131,95,130,18,20"/><T3/><D32/><U53/><E77/><V133/><F107/><W33/><G33/><T70/><D109/><U45/><E30/><V4/><F37/><W6/><G108/><T92/><D92/><U7/><E110/><V1/><F1/><W52/><REACH who="3" step="1"/><G6/><REACH who="3" ten="493,250,130,117" step="2"/><T105/><D127/><U91/><E7/><V111/><F4/><W89/><G89/><T56/><D125/><U112/><E91/><V103/><F111/><W118/><G118/><T67/><D78/><U115/><E124/><V47/><F128/><W25/><G25/><T38/><D79/><U66/><E126/><V99/><F133/><W85/><G85/><T113/><D113/><U49/><E117/><V60/><F87/><W106/><G106/><T88/><D88/><U9/><E116/><V120/><F120/><W90/><G90/><T75/><D105/><U35/><E121/><V48/><F103/><W65/><G65/><T81/><D75/><U96/><E35/><V72/><F72/><W123/><G123/><T68/><D3/><U24/><E0/><V104/><F104/><W34/><G34/><T17/><D17/><U86/><E86/><V39/><REACH who="2" step="1"/><F26/><REACH who="2" ten="493,250,120,117" step="2"/><W22/><G22/><T114/><D114/><U64/><E115/><V102/><F102/><W122/><G122/><T41/><D8/><U14/><E112/><V55/><AGARI ba="2,2" hai="39,42,47,48,50,51,54,55,60,62,63,94,99,101" machi="55" ten="40,12000,2" yaku="1,1,0,1,52,3,53,1" doraHai="57" doraHaiUra="69" who="2" fromWho="2" sc="493,-62,250,-32,120,146,117,-32" /><INIT seed="1,0,0,3,3,107" ten="431,218,266,85" oya="1" hai0="117,49,80,37,23,19,120,97,12,104,103,47,105" hai1="113,135,115,68,6,88,0,43,118,124,1,127,91" hai2="7,67,34,86,78,126,36,44,58,56,41,84,132" hai3="112,77,66,48,4,82,87,123,83,131,100,71,2"/><U13/><E68/><V116/><F116/><W5/><G123/><T20/><D117/><U92/><E118/><V40/><F34/><W64/><G112/><N who="1" m="43082" /><E43/><V102/><F102/><W51/><G131/><T27/><D120/><U38/><E38/><V85/><F132/><W54/><G100/><T122/><D122/><U9/><E135/><V21/><F126/><N who="1" m="48169" /><E92/><V98/><F41/><W90/><G51/><T93/><D37/><U63/><E63/><V89/><F67/><W96/><G96/><T94/><D93/><U108/><E108/><V130/><F130/><W45/><G71/><T11/><D80/><U42/><E42/><V30/><F78/><W101/><G101/><T125/><D125/><U46/><E46/><V76/><F76/><W99/><G99/><T24/><D105/><U74/><E74/><V79/><F79/><W61/><G2/><AGARI ba="0,0" hai="0,1,2,6,9,13,88,91" m="48169,43082" machi="2" ten="40,3900,0" yaku="18,1,54,1" doraHai="107" who="1" fromWho="3" sc="431,0,218,39,266,0,85,-39" /><INIT seed="1,1,0,4,5,15" ten="431,257,266,46" oya="1" hai0="16,117,25,110,100,53,120,116,95,44,0,56,20" hai1="113,19,111,32,129,122,131,78,65,17,37,9,13" hai2="80,10,105,30,79,85,135,76,21,41,24,39,130" hai3="2,51,55,108,125,133,109,50,29,35,61,128,68"/><U60/><E37/><V31/><F105/><W93/><G93/><T46/><D110/><N who="3" m="42601" /><G2/><T75/><D75/><U34/><E111/><V7/><F135/><W121/><G29/><T27/><D0/><U83/><E113/><V58/><F130/><N who="1" m="49673" /><E122/><V5/><F31/><W26/><G128/><T101/><D120/><U69/><E83/><V33/><F33/><N who="1" m="12905" /><E78/><V134/><F134/><W96/><G121/><T89/><D117/><U67/><E65/><V52/><F76/><W8/><G133/><T36/><D116/><U73/><E73/><V54/><F7/><AGARI ba="1,0" hai="7,9,13,17,19,60,67,69" m="12905,49673" machi="7" ten="30,5800,0" yaku="19,1,52,2" doraHai="15" who="1" fromWho="2" sc="431,0,257,61,266,-61,46,0" /><INIT seed="1,2,0,5,2,46" ten="431,318,205,46" oya="1" hai0="55,42,121,39,37,91,7,2,10,59,99,27,79" hai1="113,12,84,15,68,51,32,29,126,111,73,92,41" hai2="53,100,34,78,93,45,24,18,69,49,96,63,50" hai3="26,35,86,109,106,98,115,118,87,23,120,58,4"/><U80/><E113/><V5/><F5/><W105/><G115/><T107/><D79/><U101/><E68/><V13/><F78/><W104/><G35/><T88/><D121/><U43/><E73/><V102/><F102/><W125/><G120/><T6/><D6/><U131/><E131/><V71/><F63/><W61/><G118/><T97/><D27/><U60/><E60/><V20/><F34/><W114/><G114/><T82/><D42/><U75/><E75/><V33/><F33/><W30/><G109/><T135/><D135/><U3/><E3/><V81/><F81/><W129/><G129/><T65/><D65/><U62/><E126/><V112/><F112/><W22/><G125/><T44/><D44/><N who="1" m="25999" /><E43/><V133/><F133/><W123/><G123/><T119/><D119/><U52/><E32/><V14/><F71/><W103/><G4/><T94/><D107/><U48/><E62/><V40/><F69/><W25/><G104/><T124/><D124/><U11/><E29/><V90/><F100/><W76/><G106/><T57/><D82/><U0/><E0/><V9/><F9/><W95/><G105/><T110/><D110/><U70/><E70/><V128/><F128/><W132/><G76/><T36/><D55/><U47/><E111/><V1/><F1/><W16/><REACH who="3" step="1"/><G132/><REACH who="3" ten="431,318,205,36" step="2"/><T19/><D19/><N who="1" m="8607" /><E15/><V17/><REACH who="2" step="1"/><F18/><REACH who="2" ten="431,318,195,36" step="2"/><W56/><G56/><AGARI ba="2,2" hai="13,14,17,20,24,40,45,49,50,53,56,90,93,96" machi="56" ten="30,12000,2" yaku="1,1,2,1,7,1,8,1,52,2,53,0" doraHai="46" doraHaiUra="64" who="2" fromWho="3" sc="431,0,318,0,195,146,36,-126" owari="431,53.1,318,-8.2,341,14.1,-90,-59.0" /></mjloggm>