<mjloggm ver="2.3"><GO type="225" lobby="0"/><UN n0="%E6%A1%9C%E8%8A%B1%E9%96%83%E3%80%85" n1="%E3%81%8B%E3%82%8F%E3%81%A1%E3%82%83%E3%82%93%35%38" n2="%E4%B8%89%E5%88%86%E5%B0%8F%E5%83%A7" n3="%E7%99%BD%E5%80%89%E5%AF%9B%E4%B9%8B" dan="16,16,16,16" rate="2126.32,2168.31,2076.25,2117.56" sx="M,M,M,M"/><TAIKYOKU oya="0"/><INIT seed="0,0,0,5,0,62" ten="250,250,250,250" oya="0" hai0="119,90,125,3,88,110,116,113,93,108,9,132,20" hai1="21,11,112,57,34,45,41,64,30,81,59,75,69" hai2="43,131,56,98,16,40,2,78,1,47,127,120,29" hai3="105,58,68,124,117,5,91,46,129,100,76,83,22"/><T50/><D50/><U63/><E112/><V133/><F120/><W19/><G68/><T4/><D113/><U101/><E21/><V99/><F127/><W130/><G124/><T123/><D125/><U38/><E101/><V121/><F121/><W14/><G117/><T54/><D123/><U86/><E75/><V28/><F131/><W79/><G5/><T13/><D54/><U12/><E30/><V115/><F115/><W118/><G118/><T85/><D132/><U74/><E74/><V15/><F78/><W111/><G111/><N who="0" m="42539" /><D90/><U70/><E34/><V23/><F56/><W82/><G46/><T48/><D48/><U61/><E12/><V53/><F53/><W126/><G126/><T134/><D134/><U80/><E11/><V25/><F29/><W17/><G58/><T10/><D20/><U39/><E81/><V18/><F133/><W102/><G22/><T66/><D66/><N who="1" m="39215" /><E86/><V89/><F18/><AGARI ba="0,0" hai="3,4,9,10,13,18,85,88,93,116,119" m="42539" machi="18" ten="30,5800,0" yaku="14,1,10,1,54,1" doraHai="62" who="0" fromWho="2" sc="250,58,250,0,250,-58,250,0" /><INIT seed="0,1,0,3,1,132" ten="308,250,192,250" oya="0" hai0="106,91,99,58,7,3,51,73,37,103,31,92,123" hai1="48,60,15,5,121,4,53,8,18,1,130,24,68" hai2="64,107,134,20,59,47,100,104,35,9,67,11,38" hai3="65,21,10,78,28,101,88,14,120,85,43,133,63"/><T66/><D123/><U17/><E130/><V56/><F35/><W61/><G133/><T74/><D37/><U115/><E121/><V119/><F134/><W70/><G120/><T76/><D31/><U82/><E115/><V44/><F20/><W45/><G101/><T95/><D66/><U114/><E114/><V80/><F80/><W98/><G98/><N who="0" m="57631" /><D58/><U84/><E1/><V72/><F100/><W25/><G78/><T46/><D51/><U124/><E60/><V113/><F113/><W26/><G26/><T2/><D46/><N who="1" m="27799" /><E68/><V117/><REACH who="2" step="1"/><F72/><REACH who="2" ten="308,250,182,250" step="2"/><W29/><G29/><T36/><D74/><U32/><E32/><V116/><F116/><W87/><G28/><T131/><D73/><U109/><E82/><V69/><F69/><W122/><G21/><T128/><D128/><U54/><E24/><V49/><F49/><W34/><G25/><T96/><D131/><U75/><E75/><V13/><F13/><W30/><G34/><T16/><D2/><U62/><E15/><V77/><F77/><W0/><G30/><T90/><D76/><U55/><E62/><V127/><F127/><W41/><G0/><T50/><D50/><U40/><E124/><V79/><F79/><W89/><G122/><T33/><D33/><U27/><E27/><V52/><F52/><W57/><G70/><T135/><D135/><U86/><E55/><V112/><F112/><W108/><G63/><T105/><D3/><U42/><E54/><V22/><F22/><W83/><G61/><T111/><D103/><U93/><E42/><N who="3" m="15882" /><G14/><T129/><D129/><U118/><E40/><RYUUKYOKU ba="1,1" sc="308,-10,250,-10,182,30,250,-10" hai2="9,11,38,44,47,56,59,64,67,104,107,117,119" /><INIT seed="1,2,1,2,1,105" ten="298,240,212,240" oya="1" hai0="32,17,63,122,83,66,104,49,48,33,85,106,92" hai1="64,84,119,36,14,90,37,129,132,69,38,65,25" hai2="74,22,124,71,94,50,135,30,31,80,0,78,59" hai3="123,15,23,110,6,29,93,100,126,112,9,20,43"/><U116/><E14/><V61/><F0/><W19/><G112/><T131/><D106/><U101/><E101/><V47/><F71/><W128/><G123/><T13/><D104/><U51/><E25/><V109/><F109/><W56/><G110/><T115/><D115/><U108/><E108/><V26/><F124/><W120/><G120/><T44/><D131/><U87/><E51/><V102/><F135/><W79/><G128/><T54/><D92/><U86/><E129/><V58/><F31/><W130/><G130/><T45/><D122/><U133/><E90/><V28/><F28/><W12/><G126/><T68/><D85/><U55/><E55/><V18/><F18/><W113/><G113/><T72/><D72/><U99/><E99/><V98/><REACH who="2" step="1"/><F61/><REACH who="2" ten="298,240,202,240" step="2"/><W35/><G29/><T40/><D17/><U82/><E69/><V81/><F81/><W11/><G19/><T75/><D83/><U73/><E82/><V2/><F2/><W4/><G4/><T57/><D68/><U60/><E60/><V76/><F76/><W3/><G79/><T127/><D127/><U118/><E73/><V10/><F10/><W67/><G3/><T21/><D75/><U42/><E42/><AGARI ba="2,2" hai="22,26,30,42,47,50,58,59,74,78,80,94,98,102" machi="42" ten="30,3900,0" yaku="1,1,7,1,52,1,53,0" doraHai="105" doraHaiUra="114" who="2" fromWho="1" sc="298,0,240,-45,202,65,240,0" /><INIT seed="2,0,0,4,2,0" ten="298,195,267,240" oya="2" hai0="62,132,74,89,20,67,129,11,100,99,72,84,28" hai1="21,71,26,102,4,10,12,83,105,116,123,69,55" hai2="25,2,64,76,60,22,24,31,43,51,85,128,117" hai3="18,87,50,47,54,88,95,56,41,44,57,90,101"/><V23/><F2/><W59/><G18/><T1/><D129/><U124/><E116/><V70/><F117/><W112/><G112/><T5/><D132/><U29/><E124/><V35/><F128/><W34/><G34/><T75/><D28/><U52/><E123/><V13/><F13/><W46/><G101/><T63/><D20/><U61/><E83/><V93/><F25/><W119/><G119/><T108/><D108/><U42/><E42/><V16/><F35/><W131/><G131/><T104/><REACH who="0" step="1"/><D67/><REACH who="0" ten="288,195,267,240" step="2"/><U96/><REACH who="1" step="1"/><E61/><REACH who="1" ten="288,185,267,240" step="2"/><V19/><F60/><W36/><G41/><T40/><D40/><U111/><E111/><V91/><F43/><W78/><G36/><T97/><D97/><U134/><E134/><V80/><F64/><W37/><G37/><T53/><D53/><AGARI ba="0,2" hai="4,10,12,21,26,29,52,53,55,69,71,96,102,105" machi="53" ten="40,5200,0" yaku="1,1,52,1,54,1,53,0" doraHai="0" doraHaiUra="109" who="1" fromWho="0" sc="288,-52,185,72,267,0,240,0" /><INIT seed="3,0,0,5,1,66" ten="236,257,267,240" oya="3" hai0="102,128,14,77,104,61,70,96,36,22,121,97,15" hai1="58,80,11,3,43,27,123,52,31,120,91,8,30" hai2="130,60,129,37,110,68,33,103,34,2,47,13,55" hai3="88,98,19,111,86,79,0,1,125,126,90,40,127"/><W64/><G111/><T35/><D121/><U53/><E43/><V87/><F2/><W117/><G117/><T25/><D36/><U48/><E120/><V20/><F110/><W134/><G134/><T101/><D128/><N who="2" m="49258" /><F103/><W69/><G40/><T122/><D77/><U12/><E123/><V17/><F87/><W84/><G19/><T45/><D45/><U133/><E133/><V73/><F73/><W106/><G79/><T99/><D122/><U75/><E3/><N who="3" m="1098" /><G106/><N who="0" m="63783" /><D22/><U59/><E75/><V76/><F76/><W119/><G119/><T107/><D99/><U51/><E27/><V23/><F23/><W50/><G50/><T56/><D56/><U116/><E116/><V124/><F124/><N who="3" m="31747" /><W93/><DORA hai="62" /><G90/><T38/><D38/><U49/><E49/><N who="2" m="29119" /><F37/><W113/><G113/><T85/><D107/><U26/><E26/><V112/><F112/><W39/><G39/><T114/><D114/><U4/><E8/><V67/><AGARI ba="0,0" hai="13,17,20,33,34,60,67,68" m="29119,49258" machi="67" ten="30,4000,0" yaku="19,1,52,2" doraHai="66,62" who="2" fromWho="2" sc="236,-10,257,-10,267,40,240,-20" owari="226,-17.4,247,4.7,307,40.7,220,-28.0" /></mjloggm>