<mjloggm ver="2.3"><GO type="225" lobby="0"/><UN n0="%77%72%77%72%77%72%77%72" n1="%4B%2E%32%2E%4B%2E" n2="%E3%83%96%E3%83%83%E3%83%91%E3%82%AA%E3%83%96%E3%83%81%E3%82%AD%E3%83%B3" n3="%E5%91%A8%E6%9D%B1" dan="16,16,16,16" rate="2134.08,2196.63,2218.32,2187.74" sx="M,M,M,M"/><TAIKYOKU oya="0"/><INIT seed="0,0,0,0,2,116" ten="250,250,250,250" oya="0" hai0="96,23,8,6,42,28,71,85,100,70,11,20,76" hai1="51,111,125,50,55,36,62,131,86,77,18,135,33" hai2="101,106,10,81,39,12,129,84,57,67,79,114,132" hai3="80,115,58,26,69,87,105,112,78,13,37,16,134"/><T99/><D42/><U119/><E33/><V88/><F114/><W117/><G69/><T32/><D32/><U93/><E119/><V22/><F129/><W5/><G117/><T124/><D124/><U109/><E36/><V95/><F132/><W7/><G37/><T56/><D56/><N who="1" m="35103" /><E135/><V98/><F39/><W21/><G134/><T122/><D122/><U30/><E30/><V90/><F22/><W63/><G105/><T128/><D128/><U126/><E131/><V44/><F44/><W113/><REACH who="3" step="1"/><G26/><REACH who="3" ten="250,250,250,240" step="2"/><T40/><D70/><U19/><E126/><V60/><REACH who="2" step="1"/><F106/><REACH who="2" ten="250,250,240,240" step="2"/><W102/><G102/><T97/><D100/><U127/><E127/><V94/><F94/><W29/><G29/><T83/><D28/><U65/><E125/><V121/><F121/><W27/><G27/><T54/><D71/><U38/><E38/><V89/><F89/><W118/><G118/><T120/><D76/><U108/><E77/><V43/><F43/><W52/><AGARI ba="0,2" hai="5,7,13,16,21,52,58,63,78,80,87,112,113,115" machi="52" ten="30,7900,0" yaku="1,1,0,1,54,2,53,0" doraHai="116" doraHaiUra="25" who="3" fromWho="3" sc="250,-39,250,-20,240,-20,240,99" /><INIT seed="1,0,0,4,3,16" ten="211,230,220,339" oya="1" hai0="80,61,60,38,121,83,48,59,88,118,10,101,126" hai1="112,106,67,122,55,111,15,104,77,9,133,108,70" hai2="125,41,40,27,63,8,56,119,36,5,39,52,68" hai3="35,109,32,127,18,25,69,75,3,64,21,76,94"/><U71/><E112/><V17/><F119/><W31/><G69/><N who="1" m="26122" /><E67/><V98/><F125/><W87/><G64/><T117/><D38/><U81/><E122/><V130/><F68/><W11/><G75/><T28/><D126/><U113/><E55/><V13/><F130/><W103/><G127/><T44/><D121/><U72/><E113/><V115/><F115/><W4/><G76/><T14/><D118/><U19/><E133/><V78/><F78/><W12/><G87/><T34/><D117/><U2/><E19/><V53/><F36/><W84/><G84/><T97/><D34/><U51/><E51/><V37/><F37/><W29/><G94/><N who="0" m="56519" /><D28/><U91/><E15/><V73/><F73/><W7/><G103/><T62/><D101/><U135/><E91/><V54/><F39/><W92/><G92/><T128/><D59/><U57/><E57/><N who="2" m="35239" /><F98/><W30/><G109/><N who="1" m="42058" /><E135/><V26/><F54/><W24/><G7/><AGARI ba="0,0" hai="2,7,9,72,77,81,104,106" m="42058,26122" machi="7" ten="30,5800,0" yaku="14,1,10,1,23,1" doraHai="16" who="1" fromWho="3" sc="211,0,230,58,220,0,339,-58" /><INIT seed="1,1,0,4,1,30" ten="211,288,220,281" oya="1" hai0="34,77,118,24,42,102,44,87,107,112,101,110,92" hai1="72,29,69,60,111,103,4,50,76,129,106,23,79" hai2="17,46,53,91,31,116,82,95,37,16,6,88,41" hai3="99,93,65,83,55,117,63,66,0,80,5,78,71"/><U25/><E129/><V81/><F116/><W73/><G117/><T113/><D118/><U105/><E111/><V67/><F6/><W36/><G36/><T32/><D107/><U64/><E72/><V75/><F67/><W84/><G5/><T94/><D24/><U127/><E127/><V7/><F7/><W115/><G0/><T11/><D11/><U124/><E124/><V28/><F75/><W122/><G122/><T20/><D20/><U128/><E128/><V123/><F123/><W2/><G2/><T57/><D57/><U52/><E4/><V109/><F109/><W22/><G115/><N who="0" m="44107" /><D110/><U8/><E8/><V39/><F53/><W100/><G22/><T18/><D18/><U15/><E15/><V59/><F59/><W89/><G66/><T51/><D87/><U70/><E70/><V26/><F46/><W135/><G55/><T85/><D85/><U48/><E48/><V14/><F14/><W130/><G130/><T45/><D77/><U114/><E114/><V61/><F61/><W62/><G63/><T56/><D56/><U47/><REACH who="1" step="1"/><E106/><REACH who="1" ten="211,278,220,281" step="2"/><V86/><F39/><W40/><G71/><T13/><D13/><U134/><E134/><V43/><F37/><W33/><G135/><T108/><D108/><U10/><E10/><V98/><F26/><W19/><G73/><T27/><D27/><U58/><E58/><V38/><F38/><W133/><G133/><T68/><D68/><U104/><E104/><V120/><F120/><W54/><G62/><T132/><D132/><U119/><E119/><V49/><F49/><W90/><G65/><RYUUKYOKU ba="1,1" sc="211,-10,278,30,220,-10,281,-10" hai1="23,25,29,47,50,52,60,64,69,76,79,103,105" /><INIT seed="1,2,1,0,2,0" ten="201,308,210,271" oya="1" hai0="48,87,82,104,43,89,37,94,98,84,29,108,121" hai1="21,132,47,7,49,79,60,19,91,24,75,114,129" hai2="93,33,73,55,50,78,34,102,1,122,81,62,53" hai3="67,8,35,92,31,23,74,72,90,109,96,17,56"/><U63/><E114/><V103/><F122/><W26/><G109/><T38/><D108/><U2/><E129/><V45/><F1/><W27/><G67/><T28/><D121/><U42/><E132/><V61/><F61/><W25/><G56/><T134/><D134/><U40/><E40/><V119/><F119/><W133/><G133/><T106/><D106/><U69/><E69/><V124/><F124/><W126/><G126/><T100/><D48/><U12/><E2/><V118/><F118/><W39/><G39/><T128/><D128/><U116/><E91/><V76/><F76/><W85/><G26/><T127/><D127/><U36/><E36/><V3/><F3/><W130/><G130/><T101/><D101/><U15/><E15/><V32/><REACH who="2" step="1"/><F93/><REACH who="2" ten="201,308,200,271" step="2"/><W117/><G117/><T135/><D135/><U14/><E116/><V113/><F113/><W58/><G92/><T110/><D110/><U18/><E79/><V99/><F99/><W125/><G96/><T4/><D104/><U123/><E123/><V95/><F95/><W5/><G125/><T59/><D84/><U112/><E112/><V83/><F83/><W10/><G85/><T30/><D82/><U16/><E75/><V71/><F71/><W77/><G74/><T111/><D111/><U44/><E60/><V86/><F86/><W68/><G68/><T88/><D87/><U64/><E63/><V51/><F51/><W65/><G72/><T22/><D38/><U97/><E97/><V131/><F131/><W20/><G77/><T41/><D37/><N who="1" m="21583" /><E64/><V105/><F105/><W115/><G115/><RYUUKYOKU ba="2,2" sc="201,-10,308,-10,200,30,271,-10" hai2="32,33,34,45,50,53,55,62,73,78,81,102,103" /><INIT seed="2,3,2,5,1,131" ten="191,298,230,261" oya="2" hai0="96,21,78,0,53,65,135,42,85,5,34,77,118" hai1="11,123,88,9,117,87,84,59,36,106,68,46,86" hai2="109,79,62,125,122,95,33,48,99,58,38,14,126" hai3="13,19,22,83,47,98,75,69,37,129,107,116,74"/><V63/><F122/><W76/><G129/><T81/><D34/><U20/><E117/><V30/><F38/><W8/><G116/><T35/><D35/><U72/><E68/><V73/><F73/><W134/><G69/><T32/><D32/><U49/><E72/><V130/><F130/><W31/><G75/><T52/><D118/><U1/><E106/><V23/><F79/><W25/><G107/><T17/><D65/><U121/><E36/><V60/><F33/><W28/><G98/><T113/><D113/><U92/><E59/><V94/><F109/><W110/><G110/><T44/><D77/><U104/><E104/><V114/><F114/><W120/><G120/><N who="1" m="46154" /><E20/><V108/><F108/><W82/><G82/><T105/><D135/><U80/><E1/><V124/><F48/><W55/><G134/><T67/><D67/><U97/><E80/><V12/><F58/><W51/><REACH who="3" step="1"/><G37/><REACH who="3" ten="191,298,230,251" step="2"/><T7/><D105/><U39/><E39/><V102/><REACH who="2" step="1"/><F95/><REACH who="2" ten="191,298,220,251" step="2"/><W115/><G115/><T61/><D81/><U111/><E111/><V132/><F132/><W15/><G15/><T70/><D78/><U127/><E127/><V90/><F90/><W103/><G103/><T66/><D0/><U93/><E92/><V6/><F6/><AGARI ba="3,4" hai="6,8,13,19,22,25,28,31,47,51,55,74,76,83" machi="6" ten="30,2000,0" yaku="1,1,7,1,53,0" doraHai="131" doraHaiUra="71" who="3" fromWho="2" sc="191,0,298,0,220,-29,251,69" /><INIT seed="3,0,0,2,4,119" ten="191,298,191,320" oya="3" hai0="96,35,9,124,10,67,108,44,103,7,112,73,21" hai1="85,69,133,106,51,53,27,131,89,104,41,8,90" hai2="28,74,132,47,127,77,75,37,114,16,79,62,113" hai3="0,12,83,105,118,72,64,95,125,55,40,18,122"/><W98/><G0/><T60/><D35/><U4/><E69/><V29/><F37/><W45/><G118/><T13/><D73/><N who="2" m="27658" /><F47/><W117/><G125/><T97/><D124/><U110/><E110/><V22/><F127/><W123/><G117/><T120/><D120/><U111/><E111/><V26/><F62/><W15/><G105/><T49/><D108/><U101/><E131/><V3/><F3/><W30/><G64/><T2/><D112/><N who="2" m="43114" /><F132/><W71/><G30/><N who="2" m="11881" /><F26/><W128/><G72/><T116/><D21/><U20/><E133/><V126/><F126/><W63/><G63/><T19/><D116/><U121/><E121/><V56/><F56/><W93/><G123/><T134/><D134/><U46/><E101/><V6/><F6/><W38/><G38/><T57/><D103/><U109/><E109/><V33/><F33/><W68/><G68/><T11/><D11/><U32/><E32/><V76/><F22/><W81/><G71/><T43/><AGARI ba="0,0" hai="2,7,9,10,13,19,43,44,49,57,60,67,96,97" machi="43" ten="20,1500,0" yaku="0,1,7,1" doraHai="119" who="0" fromWho="0" sc="191,15,298,-4,191,-4,320,-7" owari="206,-19.4,294,9.4,187,-31.3,313,41.3" /></mjloggm>