<mjloggm ver="2.3"><GO type="225" lobby="0"/><UN n0="%E3%81%99%E3%81%84%E3%81%BE%E3%81%9B%E3%83%BC%E3%82%93" n1="%E5%8D%A0%E3%81%84%E5%B8%AB%E8%A3%8F%E3%81%AA%E3%81%84%E3%81%97" n2="%E6%A1%9C%E8%8A%B1%E9%96%83%E3%80%85" n3="%E6%B8%A9%E2%98%85%E6%83%85%E2%98%85%E6%8E%AA%E2%98%85%E7%BD%AE" dan="18,17,16,17" rate="2167.94,2164.93,2110.27,2184.70" sx="M,M,M,M"/><TAIKYOKU oya="0"/><INIT seed="0,0,0,1,2,116" ten="250,250,250,250" oya="0" hai0="56,111,27,2,80,114,25,55,77,36,95,18,60" hai1="24,33,132,108,127,28,98,49,30,5,62,16,13" hai2="65,89,81,105,4,26,97,74,43,19,100,32,53" hai3="129,41,88,34,12,71,109,17,9,125,51,107,102"/><T40/><D114/><U11/><E108/><V61/><F43/><W8/><G109/><T22/><D111/><U96/><E127/><V82/><F4/><W46/><G125/><T103/><D2/><U112/><E112/><V42/><F42/><W52/><G129/><T37/><D40/><U23/><E132/><V67/><F19/><W85/><G34/><T83/><D27/><U73/><E73/><V78/><F53/><W121/><G121/><T75/><REACH who="0" step="1"/><D80/><REACH who="0" ten="240,250,250,250" step="2"/><U31/><E33/><V72/><F26/><W90/><G41/><T87/><D87/><U63/><E49/><V119/><F32/><W39/><G39/><T115/><D115/><U128/><E128/><V124/><F124/><W0/><G85/><T7/><D7/><U58/><REACH who="1" step="1"/><E63/><REACH who="1" ten="240,240,250,250" step="2"/><V38/><F61/><W93/><G51/><T92/><D92/><U68/><E68/><V86/><F74/><W84/><G93/><T15/><D15/><U44/><E44/><V106/><F72/><W10/><G12/><T117/><D117/><U110/><E110/><V20/><F119/><W123/><G46/><T76/><D76/><U131/><E131/><V66/><F78/><W54/><G71/><T69/><D69/><U70/><E70/><V135/><F38/><W101/><G0/><T118/><D118/><U79/><E79/><V133/><F133/><W64/><G88/><T57/><D57/><U14/><E14/><V50/><F135/><W122/><G90/><T6/><D6/><U29/><N who="1" m="7168" /><DORA hai="45" /><U104/><E104/><N who="2" m="63503" /><F50/><W120/><G107/><T94/><D94/><U1/><E1/><RYUUKYOKU ba="0,2" sc="240,15,240,15,250,-15,250,-15" hai0="18,22,25,36,37,55,56,60,75,77,83,95,103" hai1="5,11,13,16,23,24,58,62,96,98" /><INIT seed="0,1,2,5,4,10" ten="255,255,235,235" oya="0" hai0="17,82,26,75,56,67,64,57,63,8,80,129,77" hai1="71,43,98,89,30,16,14,91,52,46,38,74,50" hai2="32,31,112,90,58,81,95,121,3,134,93,2,126" hai3="51,13,96,7,42,109,0,125,131,113,61,130,105"/><T12/><D129/><N who="3" m="49161" /><G113/><T34/><D82/><U28/><E74/><V44/><F121/><W15/><G109/><T123/><D123/><U114/><E114/><V118/><F112/><W115/><G115/><T49/><D49/><N who="1" m="26847" /><E71/><V9/><F126/><W53/><G125/><T35/><REACH who="0" step="1"/><D26/><REACH who="0" ten="245,255,235,235" step="2"/><U70/><E38/><V41/><F81/><W65/><G42/><T48/><D48/><U69/><E69/><V59/><F41/><W106/><G51/><T45/><D45/><N who="1" m="27727" /><E70/><V103/><F44/><W117/><G117/><T110/><D110/><U40/><E40/><V33/><F118/><W102/><G61/><AGARI ba="1,3" hai="8,12,17,34,35,56,57,61,63,64,67,75,77,80" machi="61" ten="40,7700,0" yaku="1,1,9,1,52,1,53,0" doraHai="10" doraHaiUra="87" who="0" fromWho="3" sc="245,110,255,0,235,0,235,-80" /><INIT seed="0,2,0,1,3,104" ten="355,255,235,155" oya="0" hai0="20,107,51,81,87,23,76,56,85,123,42,59,112" hai1="55,3,82,86,117,34,95,129,125,79,102,100,14" hai2="46,33,39,66,13,30,89,74,101,48,71,90,118" hai3="10,4,0,8,61,29,77,35,70,37,109,127,134"/><T96/><D112/><U128/><E3/><V92/><F39/><W113/><G113/><T49/><D123/><U133/><E34/><V21/><F33/><W50/><G37/><T1/><D1/><U110/><E117/><V44/><F118/><W91/><G109/><T80/><D107/><U54/><E110/><V57/><F71/><W83/><G134/><T53/><D96/><U25/><E133/><V131/><F131/><N who="1" m="50249" /><E25/><N who="2" m="16687" /><F74/><W32/><G127/><T126/><D126/><U31/><E31/><V47/><F13/><W130/><G130/><T69/><D69/><U78/><E125/><V84/><F90/><W114/><G114/><T45/><REACH who="0" step="1"/><D59/><REACH who="0" ten="345,255,235,155" step="2"/><U43/><E102/><V103/><F103/><W120/><G70/><T27/><D27/><U9/><E100/><V122/><F101/><W17/><G0/><T124/><D124/><U72/><E14/><V15/><F15/><W75/><G120/><T67/><D67/><U135/><E135/><V105/><F105/><W115/><G115/><T52/><D52/><U7/><E54/><N who="2" m="29983" /><F122/><W26/><G26/><T11/><D11/><U63/><E9/><V65/><F65/><W97/><G10/><T38/><D38/><U36/><E55/><V5/><F5/><W132/><G8/><T60/><D60/><AGARI ba="2,1" hai="44,46,57,60,66,84,89,92" m="29983,16687" machi="60" ten="30,1000,0" yaku="8,1" doraHai="104" who="2" fromWho="0" sc="345,-16,255,0,235,26,155,0" /><INIT seed="1,0,0,3,2,80" ten="329,255,261,155" oya="1" hai0="69,32,127,120,57,42,6,134,111,49,79,103,126" hai1="113,65,121,63,35,101,4,29,130,59,1,55,15" hai2="110,43,122,34,129,8,90,52,81,77,31,106,70" hai3="135,85,89,131,18,123,28,51,3,82,30,36,95"/><U54/><E113/><V124/><F122/><W26/><G36/><T72/><D120/><U117/><E121/><V44/><F110/><W25/><G123/><T97/><D111/><U88/><E117/><V71/><F124/><W67/><G135/><T45/><D69/><U23/><E130/><V14/><F106/><W68/><G131/><T46/><D32/><U37/><E37/><V108/><F108/><W33/><G3/><T112/><D112/><U12/><E101/><V119/><F90/><W105/><G105/><T92/><D134/><U2/><E2/><V5/><F119/><W75/><G51/><T41/><D57/><U40/><E40/><V13/><F13/><N who="1" m="5193" /><E35/><V125/><F125/><N who="0" m="47626" /><D6/><U21/><E4/><V99/><F129/><W39/><G39/><N who="0" m="21695" /><D79/><U50/><E1/><V76/><F76/><W128/><G128/><T53/><D72/><U118/><E118/><V96/><F43/><AGARI ba="0,0" hai="42,43,46,49,53,92,97,103" m="21695,47626" machi="43" ten="30,1000,0" yaku="18,1" doraHai="80" who="0" fromWho="2" sc="329,10,255,0,261,-10,155,0" /><INIT seed="2,0,0,3,4,100" ten="339,255,251,155" oya="2" hai0="135,120,18,5,133,105,92,127,48,14,64,4,63" hai1="131,0,28,70,32,134,2,84,58,123,26,61,129" hai2="85,78,37,77,42,44,31,66,74,108,118,76,104" hai3="107,119,43,113,6,81,23,110,71,15,62,20,86"/><V111/><F118/><W67/><G119/><T8/><D105/><U49/><E134/><N who="0" m="51209" /><D120/><U114/><E114/><V97/><F74/><W1/><G113/><T34/><D34/><U109/><E109/><N who="2" m="42059" /><F31/><W115/><G115/><T57/><D127/><U12/><E123/><V35/><F35/><W9/><G110/><T68/><D92/><U56/><E70/><V96/><F66/><W65/><G65/><T29/><D29/><U73/><E73/><V17/><F104/><W126/><G126/><T45/><D68/><U51/><E12/><V128/><F128/><N who="1" m="49225" /><E84/><V52/><F17/><W79/><G1/><N who="1" m="618" /><E58/><V94/><F52/><AGARI ba="0,0" hai="4,5,8,14,18,45,48,52,57,63,64" m="51209" machi="52" ten="30,2000,0" yaku="20,1,54,1" doraHai="100" who="0" fromWho="2" sc="339,20,255,0,251,-20,155,0" /><AGARI ba="0,0" hai="26,28,32,49,51,52,56,61" m="618,49225" machi="52" ten="30,2000,0" yaku="19,1,54,1" doraHai="100" who="1" fromWho="2" sc="359,0,255,20,231,-20,155,0" /><INIT seed="3,0,0,4,5,81" ten="359,275,211,155" oya="3" hai0="16,74,22,116,35,13,61,104,123,23,78,126,19" hai1="98,100,114,96,131,93,111,46,37,2,107,28,40" hai2="51,106,90,41,86,12,128,84,45,72,119,4,8" hai3="130,9,15,135,29,53,87,17,109,115,39,14,69"/><W52/><G115/><T33/><D116/><U0/><E114/><V25/><F119/><W63/><G39/><T127/><D104/><U5/><E111/><V43/><F128/><W112/><G112/><T21/><D123/><U59/><E131/><V120/><F120/><W36/><G36/><T48/><D48/><U113/><E113/><V132/><F132/><W58/><G130/><T24/><D61/><U117/><E117/><V50/><F72/><W31/><G69/><T44/><D44/><U134/><E134/><V88/><F106/><W125/><G135/><T101/><D101/><U30/><E0/><V122/><F122/><W62/><G109/><T26/><D78/><U34/><E34/><N who="0" m="12809" /><D74/><U47/><E47/><N who="2" m="25967" /><F25/><W79/><G125/><T6/><D6/><U55/><E5/><V54/><F43/><W75/><G75/><T95/><D95/><U124/><E124/><V76/><F76/><W82/><G15/><T65/><D65/><U99/><E2/><V94/><F90/><W70/><G70/><T11/><D11/><U80/><E98/><AGARI ba="0,0" hai="4,8,12,45,51,54,84,86,88,94,98" m="25967" machi="98" ten="30,7700,0" yaku="8,1,52,2,54,1" doraHai="81" who="2" fromWho="1" sc="359,0,275,-77,211,77,155,0" owari="359,45.9,198,-20.2,288,8.8,155,-34.5" /></mjloggm>