<mjloggm ver="2.3"><GO type="225" lobby="0"/><UN n0="%E6%A5%93%E4%BB%8B" n1="%E6%97%A5%E6%9B%9C%E6%97%A5%E3%82%88%E3%82%8A%E3%81%AE%E4%BD%BF%E8%80%85" n2="%E4%BF%BA%E3%81%A8%E5%A6%96%E5%A4%A2" n3="%E3%80%90%E8%92%BC%E7%90%89%E3%80%91" dan="16,16,16,16" rate="2076.03,2147.30,2109.06,2167.73" sx="M,M,F,F"/><TAIKYOKU oya="0"/><INIT seed="0,0,0,0,4,23" ten="250,250,250,250" oya="0" hai0="78,62,37,122,56,130,53,85,86,103,22,39,92" hai1="32,50,115,69,126,128,127,101,81,8,60,108,21" hai2="73,36,88,91,38,3,2,51,26,52,20,19,70" hai3="89,63,13,109,129,125,96,104,35,74,135,95,61"/><T112/><D112/><U118/><E32/><V133/><F73/><W15/><G109/><T68/><D122/><U82/><E118/><V119/><F70/><W55/><G74/><T11/><D130/><U102/><E108/><V0/><F119/><W105/><G129/><T46/><D68/><U72/><E128/><V99/><F133/><W12/><G135/><T42/><D39/><U57/><E115/><V5/><F5/><W24/><G125/><N who="1" m="47626" /><E8/><V79/><F79/><W33/><G33/><T84/><D11/><U121/><E121/><V44/><REACH who="2" step="1"/><F99/><REACH who="2" ten="250,250,240,250" step="2"/><W132/><G132/><T48/><D78/><U30/><E72/><V43/><F43/><W25/><G35/><T75/><D75/><U116/><E116/><V117/><F117/><W93/><G105/><T97/><D37/><AGARI ba="0,1" hai="0,2,3,19,20,26,36,37,38,44,51,52,88,91" machi="37" ten="50,8000,1" yaku="1,1,52,1,54,2,53,0" doraHai="23" doraHaiUra="83" who="2" fromWho="0" sc="250,-80,250,0,240,90,250,0" /><INIT seed="1,0,0,2,2,99" ten="170,250,330,250" oya="1" hai0="7,103,16,42,9,11,92,24,18,79,14,6,31" hai1="13,96,26,52,133,116,71,3,45,65,19,74,72" hai2="124,129,80,27,30,51,84,93,64,102,111,127,85" hai3="4,17,15,112,36,23,95,104,40,118,28,47,83"/><U88/><E3/><V55/><F111/><W59/><G104/><T132/><D132/><U130/><E116/><V41/><F41/><W53/><G112/><T2/><D79/><U35/><E133/><V109/><F109/><W106/><G106/><T32/><D42/><U33/><E130/><V120/><F120/><W67/><G118/><T49/><D49/><U89/><E65/><V34/><F64/><W78/><G67/><T69/><D69/><U56/><E71/><V12/><F12/><W90/><G28/><T38/><D38/><U37/><E37/><V86/><F129/><W101/><G4/><T100/><D92/><N who="1" m="56327" /><E45/><V54/><F80/><W48/><G101/><T50/><D50/><U77/><E89/><V8/><F51/><W108/><G108/><T61/><REACH who="0" step="1"/><D61/><REACH who="0" ten="160,250,330,250" step="2"/><N who="1" m="35975" /><E77/><V135/><F135/><W131/><G131/><T107/><D107/><U66/><E74/><V91/><F93/><W119/><G119/><T87/><D87/><U126/><E72/><V10/><F84/><N who="3" m="52679" /><G78/><T76/><D76/><U20/><E126/><V25/><F124/><W1/><G83/><T73/><D73/><U5/><E66/><V97/><F127/><W43/><G43/><T57/><D57/><U121/><E121/><V0/><F86/><W60/><G60/><T123/><D123/><U114/><E114/><V63/><F85/><W115/><G115/><T21/><D21/><U113/><E113/><V81/><F63/><W62/><G62/><T117/><D117/><U98/><E98/><V122/><F122/><W128/><G128/><T29/><D29/><U22/><E22/><RYUUKYOKU ba="0,1" sc="160,10,250,10,330,-30,250,10" hai0="2,6,7,9,11,14,16,18,24,31,32,100,103" hai1="5,13,19,20,26,33,35" hai3="1,15,17,23,36,40,47,48,53,59" /><INIT seed="1,1,1,3,2,60" ten="170,260,300,260" oya="1" hai0="113,115,63,121,118,133,52,122,34,6,90,129,31" hai1="96,42,125,117,0,107,70,33,87,46,38,116,84" hai2="3,49,62,114,66,1,23,57,44,21,105,14,106" hai3="99,19,78,82,111,81,76,29,54,132,36,39,69"/><U22/><E33/><V41/><F114/><W73/><G111/><T12/><D90/><U112/><E0/><V127/><F127/><W101/><G132/><T13/><D133/><U28/><E112/><N who="0" m="43081" /><D52/><U8/><E70/><V131/><F131/><W89/><G89/><T32/><D63/><U7/><E125/><V110/><F110/><W61/><G29/><T2/><D118/><U128/><E128/><V24/><F14/><N who="0" m="5738" /><D129/><U35/><E117/><V43/><F23/><W100/><G19/><T53/><D53/><U119/><E22/><V72/><F72/><W59/><G69/><T126/><D126/><U37/><E87/><V20/><F20/><W17/><G17/><T91/><D91/><U68/><E84/><V123/><F106/><W93/><REACH who="3" step="1"/><G101/><REACH who="3" ten="170,260,300,250" step="2"/><T67/><D31/><U58/><E68/><V47/><F123/><N who="0" m="47114" /><D67/><U50/><E116/><V64/><F66/><W4/><G4/><T74/><D74/><AGARI ba="1,2" hai="36,39,54,59,61,73,74,76,78,81,82,93,99,100" machi="74" ten="30,3900,0" yaku="1,1,7,1,9,1,53,0" doraHai="60" doraHaiUra="45" who="3" fromWho="0" sc="170,-42,260,0,300,0,250,62" /><INIT seed="2,0,0,1,0,45" ten="128,260,300,312" oya="2" hai0="15,92,117,74,80,51,90,30,62,109,105,50,119" hai1="133,12,73,83,127,24,67,106,103,39,41,57,129" hai2="132,118,44,71,120,95,17,37,48,31,18,10,23" hai3="98,46,126,84,82,36,61,121,76,64,13,108,135"/><V40/><F118/><N who="0" m="45066" /><D105/><U70/><E70/><V88/><F120/><W55/><G121/><T28/><D62/><U113/><E113/><V20/><F132/><W99/><G108/><T0/><D0/><U14/><E133/><V2/><F71/><W75/><G135/><T79/><D109/><U122/><E39/><V68/><F68/><W49/><G126/><T21/><D30/><U16/><E127/><V3/><F31/><W19/><G75/><T42/><D42/><U33/><E41/><V34/><F34/><W8/><G36/><T5/><D5/><U89/><E106/><V116/><F116/><W35/><G35/><T96/><D28/><U27/><E73/><V87/><F10/><W134/><G134/><T65/><D65/><U52/><E67/><V125/><F125/><W111/><REACH who="3" step="1"/><G111/><REACH who="3" ten="128,260,300,302" step="2"/><T93/><D93/><U11/><E122/><V9/><F37/><W6/><G6/><T114/><D114/><U59/><E33/><V110/><F110/><W77/><G77/><T128/><D128/><U123/><E129/><V53/><F40/><W107/><G107/><T63/><D63/><U101/><E123/><V43/><F43/><W54/><G54/><T69/><D69/><AGARI ba="0,1" hai="8,13,19,46,49,55,61,64,69,76,82,84,98,99" machi="69" ten="30,3900,0" yaku="1,1,7,1,52,1,53,0" doraHai="45" doraHaiUra="112" who="3" fromWho="0" sc="128,-39,260,0,300,0,302,49" /><INIT seed="3,0,0,2,5,72" ten="89,260,300,351" oya="3" hai0="39,29,88,127,60,33,135,43,90,40,24,48,128" hai1="50,92,59,119,38,30,32,79,17,9,57,11,121" hai2="14,105,85,98,27,10,52,81,71,56,76,35,3" hai3="91,51,134,70,110,87,126,123,115,1,22,62,97"/><W31/><G1/><T94/><D128/><U111/><E38/><V23/><F71/><W28/><G123/><T26/><D135/><U13/><E121/><V132/><F132/><W83/><G115/><T101/><D127/><U55/><E111/><V102/><F3/><W68/><G134/><T78/><D39/><U2/><E119/><V82/><F35/><W36/><G36/><T67/><D26/><U80/><E32/><V129/><F129/><W112/><G112/><T37/><D37/><U41/><E41/><V106/><F82/><W19/><G126/><T49/><D101/><U104/><E104/><V44/><F44/><W113/><G113/><T4/><D4/><U122/><E30/><V117/><F117/><W34/><G34/><T120/><D120/><U84/><E122/><V96/><F96/><W61/><G51/><T133/><D133/><U6/><REACH who="1" step="1"/><E92/><REACH who="1" ten="89,250,300,351" step="2"/><V95/><F106/><W99/><G28/><T69/><D43/><U0/><E0/><V45/><F105/><W77/><G31/><T93/><D40/><U114/><E114/><V20/><F27/><W47/><G110/><T12/><D12/><U66/><E66/><V130/><F130/><W124/><G124/><T118/><D118/><U8/><E8/><V18/><F45/><AGARI ba="0,1" hai="2,6,9,11,13,17,45,50,55,57,59,79,80,84" machi="45" ten="30,3900,0" yaku="1,1,7,1,52,1,53,0" doraHai="72" doraHaiUra="109" who="1" fromWho="2" sc="89,0,250,49,300,-39,351,0" owari="89,-41.1,299,9.9,261,-13.9,351,45.1" /></mjloggm>