<mjloggm ver="2.3"><GO type="225" lobby="0"/><UN n0="%E7%99%BD%E5%80%89%E5%AF%9B%E4%B9%8B" n1="%E6%9D%B1%E9%A2%A8%E3%81%AE%E3%81%8D%E3%82%83%E3%81%B7%E3%81%95%E3%82%93" n2="%E3%83%A9%E3%83%BC%E3%83%A1%E3%83%B3%E4%BA%94%E9%83%8E" n3="%E6%80%AA%E3%81%97%E3%81%99%E3%81%8E%E3%82%8B%E3%83%81%E3%83%BC" dan="16,16,16,16" rate="2116.50,2171.54,2145.36,2096.31" sx="M,M,M,M"/><TAIKYOKU oya="0"/><INIT seed="0,0,0,0,4,70" ten="250,250,250,250" oya="0" hai0="95,38,77,126,131,60,84,28,0,90,53,112,102" hai1="123,24,99,36,67,46,134,97,133,49,93,16,74" hai2="106,92,98,25,61,85,59,129,111,117,89,125,15" hai3="110,39,69,11,20,96,63,124,108,30,62,12,5"/><T86/><D0/><U66/><E74/><V105/><F111/><N who="3" m="42539" /><G124/><T87/><D126/><U55/><E123/><V7/><F125/><W14/><G39/><T4/><D4/><U43/><E99/><V71/><F71/><W91/><G69/><T17/><D38/><U76/><E76/><V13/><F129/><W18/><G30/><T42/><D42/><U9/><E55/><V45/><F117/><W81/><G96/><T107/><D131/><U29/><E49/><V33/><F45/><W114/><G114/><T132/><D132/><N who="1" m="50795" /><E29/><V48/><F48/><W47/><G47/><T88/><D112/><U8/><E8/><V10/><F98/><W34/><G34/><T104/><D102/><N who="1" m="60719" /><E9/><V103/><F103/><W127/><G127/><T122/><D28/><U120/><E120/><V44/><F33/><W58/><G58/><N who="0" m="34895" /><D122/><U65/><E65/><V19/><F44/><W41/><G41/><T118/><D118/><U109/><E109/><V73/><F73/><W54/><G54/><T116/><D116/><U57/><E57/><V21/><REACH who="2" step="1"/><F25/><REACH who="2" ten="250,250,240,250" step="2"/><W31/><G62/><T115/><D115/><U37/><E37/><V64/><AGARI ba="0,1" hai="7,10,13,15,19,21,59,61,64,85,89,92,105,106" machi="64" ten="20,8000,1" yaku="1,1,2,1,0,1,7,1,53,1" doraHai="70" doraHaiUra="6" who="2" fromWho="2" sc="250,-40,250,-20,240,90,250,-20" /><INIT seed="1,0,0,4,1,88" ten="210,230,330,230" oya="1" hai0="82,74,112,15,97,0,80,121,49,7,106,45,10" hai1="47,25,113,107,57,73,59,17,120,85,8,46,30" hai2="48,123,76,36,41,125,129,77,6,16,111,81,37" hai3="101,28,67,83,24,23,100,20,19,91,60,84,90"/><U38/><E73/><V99/><F123/><W70/><REACH who="3" step="1"/><G91/><REACH who="3" ten="210,230,330,220" step="2"/><T3/><D121/><U110/><E120/><V27/><F77/><W66/><G66/><T63/><D112/><U122/><E113/><V118/><F76/><W94/><G94/><T1/><D74/><U68/><E122/><V114/><F114/><W109/><G109/><T44/><D106/><U71/><E110/><V103/><F111/><W32/><G32/><T96/><D82/><U87/><E107/><V52/><F81/><W33/><G33/><T39/><D80/><U26/><E38/><V130/><F36/><W5/><G5/><T126/><D39/><U29/><REACH who="1" step="1"/><E8/><REACH who="1" ten="210,220,330,220" step="2"/><V135/><F37/><W128/><G128/><T9/><D9/><U127/><E127/><V4/><F125/><W117/><G117/><T55/><D126/><U131/><E131/><V86/><F118/><W53/><G53/><T65/><REACH who="0" step="1"/><D45/><REACH who="0" ten="200,220,330,220" step="2"/><U43/><E43/><V108/><F41/><W11/><G11/><T13/><D13/><AGARI ba="0,3" hai="13,19,20,23,24,28,60,67,70,83,84,90,100,101" machi="13" ten="30,3900,0" yaku="21,2,7,1,53,0" doraHai="88" doraHaiUra="92" who="3" fromWho="0" sc="200,-39,220,0,330,0,220,69" /><INIT seed="2,0,0,4,2,0" ten="161,220,330,289" oya="2" hai0="82,11,76,107,9,112,13,72,32,44,23,119,62" hai1="129,58,69,98,33,53,46,105,30,74,101,132,68" hai2="83,130,40,42,89,43,75,47,56,38,102,85,45" hai3="39,103,14,88,12,16,92,135,10,60,134,17,81"/><V87/><F130/><W110/><G110/><T50/><D32/><U22/><E74/><V65/><F75/><W84/><G39/><T59/><D107/><U123/><E129/><V131/><F131/><W99/><REACH who="3" step="1"/><G60/><REACH who="3" ten="161,220,330,279" step="2"/><T78/><D119/><U100/><E123/><V94/><F38/><W61/><G61/><T25/><D112/><U73/><E132/><V86/><F40/><W28/><G28/><T120/><D120/><U116/><E116/><V8/><F42/><W49/><G49/><T21/><D50/><U79/><E33/><V96/><F43/><W113/><G113/><T20/><D44/><U1/><E46/><V111/><F111/><W70/><G70/><T36/><D36/><U57/><E68/><V117/><F47/><W18/><G18/><T29/><D78/><U71/><E69/><V5/><F45/><W63/><G63/><T41/><D41/><U108/><E71/><V55/><F117/><W54/><G54/><T66/><REACH who="0" step="1"/><D11/><AGARI ba="0,1" hai="10,11,12,14,16,17,81,84,88,92,99,103,134,135" machi="11" ten="40,8000,1" yaku="1,1,9,1,54,2,53,1" doraHai="0" doraHaiUra="93" who="3" fromWho="0" sc="161,-80,220,0,330,0,279,90" /><INIT seed="3,0,0,4,1,77" ten="81,220,330,369" oya="3" hai0="22,125,1,107,24,70,122,110,29,20,120,108,129" hai1="44,81,23,21,4,94,47,116,46,13,90,66,34" hai2="30,101,42,100,87,37,73,69,117,123,12,6,36" hai3="112,124,71,127,57,16,14,52,32,115,121,113,27"/><W67/><G121/><T104/><D70/><U103/><E34/><V33/><F69/><W59/><G71/><T133/><D107/><U98/><E116/><V132/><F117/><W82/><G82/><T95/><D95/><U134/><E134/><V0/><F132/><W118/><G118/><T105/><D105/><U97/><E66/><V50/><F123/><W128/><G128/><T126/><D104/><U99/><E81/><V7/><F73/><W75/><G75/><T5/><D133/><U31/><E31/><V72/><F72/><W60/><G27/><T26/><D29/><U53/><E53/><V35/><F0/><W130/><G130/><T85/><D85/><N who="1" m="52559" /><E103/><V78/><F36/><W74/><G32/><T91/><D91/><U102/><E102/><V28/><F37/><W3/><G3/><T80/><D1/><U119/><E119/><V49/><F87/><W38/><G38/><T19/><D80/><U135/><E135/><V17/><F17/><W15/><G74/><T10/><D19/><U106/><E106/><V83/><F12/><W8/><REACH who="3" step="1"/><G15/><REACH who="3" ten="81,220,330,359" step="2"/><T54/><D54/><U61/><E13/><V48/><F83/><W64/><G64/><T55/><D55/><U18/><E4/><V68/><F68/><W62/><AGARI ba="0,1" hai="8,14,16,52,57,59,60,62,67,112,113,115,124,127" machi="62" ten="40,12000,1" yaku="1,1,0,1,54,2,53,0" doraHai="77" doraHaiUra="76" who="3" fromWho="3" sc="81,-40,220,-40,330,-40,359,130" owari="41,-45.9,180,-22.0,290,9.0,489,58.9" /></mjloggm>