<mjloggm ver="2.3"><GO type="225" lobby="0"/><UN n0="%72%65%6E%6B%75%6E" n1="%E3%83%81%E3%83%83%E3%82%BF%E3%82%BD%E3%83%BC" n2="%E6%A1%9C%E8%8A%B1%E9%96%83%E3%80%85" n3="%E3%83%A9%E3%82%B9%E7%8E%87%EF%BC%93%E5%89%B2" dan="17,17,17,17" rate="2181.51,2231.32,2180.01,2193.62" sx="M,F,M,F"/><TAIKYOKU oya="0"/><INIT seed="0,0,0,5,4,51" ten="250,250,250,250" oya="0" hai0="89,61,114,13,25,81,83,95,0,2,91,40,47" hai1="79,99,3,97,90,50,87,105,59,71,66,124,43" hai2="58,34,92,19,127,6,53,84,52,36,111,86,133" hai3="131,68,80,18,106,22,107,88,30,122,24,46,44"/><T39/><D114/><U17/><E124/><V8/><F127/><W121/><G68/><T10/><D25/><U42/><E3/><V38/><F34/><W103/><G131/><T57/><D2/><U33/><E33/><V96/><F111/><W74/><G103/><T31/><D31/><U72/><E79/><V5/><F133/><W115/><G115/><T98/><D0/><U29/><E72/><V28/><F28/><W67/><G67/><T110/><D89/><U135/><E135/><V11/><F19/><W101/><G101/><T60/><D110/><U117/><E117/><V94/><F58/><W64/><G64/><T102/><D102/><U70/><E70/><V16/><F16/><W116/><G116/><T123/><D123/><N who="3" m="47113" /><G18/><T128/><D128/><U93/><E29/><V23/><REACH who="2" step="1"/><F96/><REACH who="2" ten="250,250,240,250" step="2"/><W55/><G46/><T100/><D10/><U78/><E17/><V27/><F27/><W119/><G119/><T118/><D118/><U134/><E134/><V104/><F104/><W26/><G24/><T1/><D57/><U7/><E7/><V15/><F15/><W63/><G44/><T85/><D13/><U9/><E97/><V54/><F54/><W112/><G112/><T75/><REACH who="0" step="1"/><D1/><REACH who="0" ten="240,250,240,250" step="2"/><U21/><E59/><V14/><F14/><W129/><G129/><T45/><D45/><U4/><E9/><V113/><F113/><W76/><G107/><T48/><D48/><U73/><E99/><V125/><F125/><W37/><G106/><T49/><D49/><U32/><E32/><V41/><F41/><W132/><G132/><T20/><D20/><AGARI ba="0,2" hai="5,6,8,11,20,23,36,38,52,53,84,86,92,94" machi="20" ten="25,12000,2" yaku="1,1,6,1,22,2,52,2,54,1,53,0" doraHai="51" doraHaiUra="130" who="2" fromWho="0" sc="240,-120,250,0,240,140,250,0" /><INIT seed="1,0,0,2,1,93" ten="120,250,380,250" oya="1" hai0="89,134,32,41,20,96,25,56,82,18,8,57,91" hai1="11,36,90,126,121,130,65,83,131,68,45,31,132" hai2="73,86,102,116,35,123,103,26,67,110,60,50,46" hai3="70,61,48,74,113,108,44,64,22,120,76,94,127"/><U95/><E121/><V112/><F73/><W1/><G120/><T55/><D134/><U17/><E126/><V40/><F123/><W21/><G113/><T9/><D32/><U71/><E132/><V33/><F116/><W37/><G1/><T101/><D41/><U5/><E17/><V47/><F112/><W27/><G127/><T38/><D38/><U12/><E31/><V4/><F110/><W129/><G129/><N who="1" m="49162" /><E65/><V24/><F4/><W16/><G108/><T79/><D57/><U59/><E59/><N who="2" m="37279" /><F35/><W114/><G37/><T106/><D8/><U42/><E83/><V49/><F33/><W87/><G114/><T107/><D9/><U92/><E92/><V66/><F66/><W128/><G128/><T84/><REACH who="0" step="1"/><D106/><REACH who="0" ten="110,250,380,250" step="2"/><U58/><E58/><V119/><F47/><W111/><G111/><T34/><D34/><U52/><E52/><V77/><F46/><W13/><G44/><T85/><D85/><AGARI ba="0,1" hai="5,11,12,36,42,45,68,71,85,90,95" m="49162" machi="85" ten="30,1500,0" yaku="19,1" doraHai="93" who="1" fromWho="0" sc="110,-15,250,25,380,0,250,0" /><INIT seed="1,1,0,3,3,103" ten="95,275,380,250" oya="1" hai0="54,124,73,91,48,0,37,99,59,89,2,70,88" hai1="106,121,87,49,83,32,98,116,110,4,15,65,6" hai2="57,78,122,36,3,14,41,72,44,22,13,52,62" hai3="113,90,23,47,92,46,12,1,134,16,76,132,11"/><U101/><E116/><V74/><F122/><W64/><G113/><T118/><D118/><U56/><E121/><V125/><F125/><W71/><G76/><T43/><D124/><U20/><E110/><V24/><F3/><W67/><G1/><T77/><D70/><U34/><E4/><V93/><F93/><W111/><G111/><T38/><D99/><U126/><E126/><V109/><F109/><W82/><G82/><T80/><REACH who="0" step="1"/><D38/><REACH who="0" ten="85,275,380,250" step="2"/><U69/><E69/><V51/><F36/><W31/><G71/><T17/><D17/><U105/><E6/><V112/><F112/><W25/><G134/><T128/><D128/><U26/><E98/><V123/><F123/><W131/><G132/><T66/><D66/><N who="3" m="25129" /><G131/><T7/><D7/><U107/><E32/><V115/><F115/><W45/><G45/><AGARI ba="1,1" hai="0,2,37,43,45,48,54,59,73,77,80,88,89,91" machi="45" ten="40,5200,0" yaku="1,1,54,1,53,1" doraHai="103" doraHaiUra="53" who="0" fromWho="3" sc="85,65,275,0,380,0,250,-55" /><INIT seed="2,0,0,5,3,65" ten="150,275,380,195" oya="2" hai0="39,104,118,67,40,117,14,126,10,84,97,55,1" hai1="72,59,85,106,30,123,124,102,76,69,127,68,93" hai2="114,129,33,51,62,31,66,60,35,32,22,95,61" hai3="34,23,128,113,96,5,6,7,75,79,17,135,89"/><V58/><F114/><W91/><G113/><T77/><D1/><U49/><E30/><V24/><F129/><W46/><G128/><T88/><D126/><N who="1" m="48171" /><E123/><V41/><F41/><W120/><G120/><T26/><D77/><U115/><E115/><V103/><REACH who="2" step="1"/><F51/><REACH who="2" ten="150,275,370,195" step="2"/><W105/><G135/><T52/><D40/><U119/><E119/><N who="0" m="45577" /><D39/><U20/><E72/><V45/><F45/><W111/><G46/><T38/><D38/><U56/><E49/><V94/><F94/><W57/><G75/><T92/><D26/><U64/><E106/><V19/><F19/><W15/><G105/><T36/><D36/><U134/><E134/><V21/><F21/><W43/><G23/><T108/><D108/><U125/><E125/><V107/><F107/><W87/><G111/><T121/><D121/><U130/><E130/><V4/><F4/><W29/><G7/><N who="0" m="3423" /><D67/><U50/><E64/><V27/><F27/><W99/><G6/><T112/><D112/><U25/><E50/><V73/><F73/><W9/><G5/><T28/><D28/><U132/><E132/><V82/><F82/><W44/><G29/><T54/><D104/><U90/><E25/><V74/><F74/><W81/><G43/><T70/><D70/><N who="1" m="27243" /><E20/><V83/><F83/><W131/><G81/><N who="0" m="49167" /><D55/><U16/><E76/><V8/><F8/><W122/><G9/><T13/><D13/><U101/><E16/><V48/><F48/><W42/><G17/><T12/><D12/><U80/><E80/><V63/><F63/><W18/><G122/><T86/><D86/><U47/><E47/><V78/><F78/><RYUUKYOKU ba="0,1" sc="150,10,275,10,370,10,195,-30" hai0="52,54,92,97" hai1="56,59,85,90,93,101,102" hai2="22,24,31,32,33,35,58,60,61,62,66,95,103" /><INIT seed="2,1,1,3,4,50" ten="160,285,380,165" oya="2" hai0="106,61,46,119,28,117,21,131,55,11,1,24,70" hai1="35,4,58,43,67,127,95,59,66,121,36,72,102" hai2="99,6,120,126,96,114,51,122,78,49,18,32,37" hai3="8,13,113,125,45,33,94,42,47,135,54,87,118"/><V31/><F114/><W130/><G33/><T25/><D106/><U44/><E72/><V23/><F37/><W116/><G113/><T93/><D131/><U68/><E35/><V29/><F32/><W19/><G130/><T26/><D70/><U128/><E4/><V22/><F6/><W16/><G135/><T64/><D1/><U2/><E2/><V17/><REACH who="2" step="1"/><F78/><REACH who="2" ten="160,285,370,165" step="2"/><W14/><G125/><AGARI ba="1,2" hai="17,18,22,23,29,31,49,51,96,99,120,122,125,126" machi="125" ten="25,9600,0" yaku="1,1,2,1,22,2,53,0" doraHai="50" doraHaiUra="91" who="2" fromWho="3" sc="160,0,285,0,370,119,165,-99" /><INIT seed="2,2,0,1,0,135" ten="160,285,489,66" oya="2" hai0="80,1,24,123,110,61,71,12,7,82,78,57,55" hai1="112,69,64,19,32,84,41,104,97,10,81,101,120" hai2="8,40,94,43,25,0,18,99,47,27,128,86,49" hai3="106,53,36,56,87,63,98,35,59,50,133,67,73"/><V132/><F132/><W51/><G133/><T6/><D123/><U92/><E120/><V14/><F128/><W74/><G36/><T30/><D110/><U68/><E112/><V122/><F122/><W115/><G115/><T4/><D1/><U117/><E117/><V118/><F118/><W111/><G111/><T88/><D71/><U46/><E32/><V75/><F75/><W60/><G35/><T107/><D107/><U20/><E10/><V54/><F0/><W108/><G108/><T52/><D55/><U33/><E33/><V121/><F86/><W95/><G106/><T70/><D70/><U90/><E64/><V16/><F121/><W134/><G134/><T130/><D130/><U66/><E66/><V76/><F76/><W23/><G87/><N who="0" m="50295" /><D12/><U28/><E28/><V127/><F25/><W83/><G83/><T39/><D39/><U15/><REACH who="1" step="1"/><E104/><REACH who="1" ten="160,275,489,66" step="2"/><V96/><F8/><W116/><G116/><T125/><D30/><U17/><E17/><V48/><F16/><W89/><REACH who="3" step="1"/><G23/><REACH who="3" ten="160,275,489,56" step="2"/><T13/><D6/><U2/><E2/><V129/><F129/><W77/><G77/><T114/><D4/><U58/><E58/><V119/><F119/><W100/><G100/><T22/><D7/><U93/><E93/><V34/><F94/><W91/><G91/><T131/><D131/><U26/><E26/><V42/><F27/><W113/><G113/><T126/><D114/><U103/><E103/><V37/><F34/><W109/><G109/><T29/><D13/><U9/><E9/><V38/><F14/><W62/><G62/><T31/><D31/><RYUUKYOKU ba="2,2" sc="160,10,275,10,489,-30,56,10" hai0="22,24,29,52,57,61,78,80,125,126" hai1="15,19,20,41,46,68,69,81,84,90,92,97,101" hai3="50,51,53,56,59,60,63,67,73,74,89,95,98" /><INIT seed="3,3,2,4,5,114" ten="170,285,459,66" oya="3" hai0="41,2,66,21,130,122,124,25,133,85,80,95,119" hai1="57,107,42,10,131,11,75,44,129,49,45,112,39" hai2="109,46,128,8,76,127,4,27,0,117,121,113,88" hai3="16,40,56,22,102,47,53,79,60,106,101,23,71"/><W20/><G106/><T17/><D122/><U37/><E112/><V31/><F113/><W9/><G71/><T36/><D2/><U111/><E111/><V15/><F117/><W98/><G79/><T19/><D130/><N who="1" m="49675" /><E75/><V100/><F128/><W99/><G99/><T7/><D7/><U58/><E107/><V115/><F115/><W26/><G98/><T29/><D133/><U110/><E110/><V96/><F109/><W105/><G105/><T87/><D119/><U59/><E37/><V1/><F127/><W90/><G90/><N who="0" m="53727" /><D36/><U82/><E82/><V6/><F121/><W86/><G86/><T52/><D66/><U118/><E118/><V3/><F46/><W74/><G74/><T24/><D41/><AGARI ba="3,2" hai="10,11,39,41,42,44,45,49,57,58,59" m="49675" machi="41" ten="30,1000,0" yaku="19,1" doraHai="114" who="1" fromWho="0" sc="170,-19,285,39,459,0,66,0" owari="151,-24.9,324,12.4,459,55.9,66,-43.4" /></mjloggm>