<mjloggm ver="2.3"><GO type="225" lobby="0"/><UN n0="%E6%B7%91%E5%A5%B3%E3%81%AE%E5%97%9C%E3%81%BF" n1="%E6%9D%B1%E9%A2%A8%E3%81%AE%E3%81%8D%E3%82%83%E3%81%B7%E3%81%95%E3%82%93" n2="%E3%83%81%E3%83%83%E3%82%BF%E3%82%BD%E3%83%BC" n3="%E6%B8%A9%E2%98%85%E6%83%85%E2%98%85%E6%8E%AA%E2%98%85%E7%BD%AE" dan="16,16,16,17" rate="2096.34,2133.35,2130.60,2184.70" sx="M,M,F,M"/><TAIKYOKU oya="0"/><INIT seed="0,0,0,1,2,121" ten="250,250,250,250" oya="0" hai0="76,74,11,100,29,133,40,89,101,16,4,38,114" hai1="92,59,14,80,36,33,9,30,34,19,98,15,46" hai2="95,47,91,107,66,1,67,56,116,68,135,35,71" hai3="108,64,124,0,6,42,58,99,111,2,45,25,57"/><T106/><D114/><U55/><E30/><V73/><F107/><W105/><G124/><T24/><D133/><U120/><E120/><V20/><F73/><W103/><G25/><T113/><D113/><U90/><E80/><V72/><F35/><W97/><G97/><T22/><D89/><U93/><E93/><V7/><F72/><W41/><G41/><T18/><D74/><U65/><E65/><V60/><F116/><W119/><G119/><T54/><D76/><U126/><E126/><V43/><F135/><W44/><G44/><T122/><D122/><U70/><E70/><V62/><F20/><W125/><G125/><T102/><D106/><U3/><E3/><V115/><F56/><N who="3" m="21611" /><G6/><T28/><D54/><U88/><E90/><V81/><F115/><W10/><G10/><T112/><D29/><U37/><E15/><V48/><F81/><W21/><G21/><T53/><D53/><U87/><E98/><V5/><REACH who="2" step="1"/><F1/><REACH who="2" ten="250,250,240,250" step="2"/><W50/><G64/><T83/><D83/><U82/><E82/><V85/><AGARI ba="0,1" hai="5,7,43,47,48,60,62,66,67,68,71,85,91,95" machi="85" ten="20,8000,1" yaku="1,1,2,1,0,1,7,1,9,1,53,0" doraHai="121" doraHaiUra="77" who="2" fromWho="2" sc="250,-40,250,-20,240,90,250,-20" /><INIT seed="1,0,0,5,0,36" ten="210,230,330,230" oya="1" hai0="47,108,57,26,73,92,84,91,27,5,69,105,88" hai1="39,99,109,8,19,100,87,106,97,7,40,53,4" hai2="67,129,52,118,128,2,31,123,112,18,37,103,23" hai3="41,78,113,127,74,48,83,63,14,89,54,94,35"/><U22/><E109/><V135/><F118/><W64/><G113/><T119/><D119/><U55/><E87/><V24/><F123/><W59/><G127/><T60/><D105/><U101/><E39/><V43/><F112/><W65/><G35/><T6/><D73/><U71/><E71/><V12/><F135/><W130/><G130/><N who="2" m="50281" /><F2/><W122/><G122/><T30/><D69/><U86/><E86/><V102/><F67/><W49/><G14/><T13/><D108/><U25/><E40/><V114/><F114/><W126/><G126/><T50/><D91/><U17/><E17/><V72/><F72/><W9/><G9/><N who="0" m="4271" /><D30/><U80/><E80/><V95/><F95/><W45/><REACH who="3" step="1"/><G63/><REACH who="3" ten="210,230,330,220" step="2"/><T116/><D116/><U82/><E82/><V70/><F12/><W77/><G77/><T134/><D134/><U104/><REACH who="1" step="1"/><E4/><REACH who="1" ten="210,220,330,220" step="2"/><V75/><F18/><W125/><G125/><T98/><D6/><U38/><E38/><V131/><F131/><W117/><G117/><T15/><D84/><AGARI ba="0,2" hai="41,45,48,49,54,59,64,65,74,78,83,84,89,94" machi="84" ten="30,8000,1" yaku="1,1,7,1,52,1,53,2" doraHai="36" doraHaiUra="62" who="3" fromWho="0" sc="210,-80,220,0,330,0,220,100" /><INIT seed="2,0,0,1,1,72" ten="130,220,330,320" oya="2" hai0="105,20,87,24,120,42,53,7,133,104,22,47,48" hai1="9,18,59,25,106,40,31,93,129,15,96,23,116" hai2="132,85,65,45,1,71,90,81,102,78,111,77,84" hai3="49,95,43,6,92,113,2,35,108,52,29,27,99"/><V130/><F1/><W124/><G108/><T37/><D120/><U98/><E129/><V33/><F33/><W13/><G124/><T3/><D133/><U21/><E116/><V122/><F122/><W26/><G113/><T38/><D38/><U82/><E106/><V41/><F130/><W32/><G43/><T34/><D34/><U123/><E123/><V76/><F132/><W39/><G2/><T8/><D22/><U56/><E40/><V57/><F71/><W54/><G39/><T73/><D87/><U58/><E82/><N who="2" m="49431" /><F102/><W60/><G60/><T128/><D128/><U44/><E44/><V117/><F117/><W69/><G69/><T131/><D131/><U30/><E93/><V0/><F0/><W112/><G112/><T79/><D48/><U135/><E135/><V114/><F114/><W97/><G13/><T19/><REACH who="0" step="1"/><D53/><REACH who="0" ten="120,220,330,320" step="2"/><U14/><REACH who="1" step="1"/><E31/><REACH who="1" ten="120,210,330,320" step="2"/><V118/><F118/><W67/><G29/><T91/><D91/><U50/><E50/><N who="2" m="26927" /><F111/><W36/><G36/><T125/><D125/><U110/><E110/><V12/><F12/><W94/><G49/><T61/><D61/><AGARI ba="0,2" hai="57,61,65,76,77,78,81,85" m="26927,49431" machi="61" ten="30,11600,0" yaku="8,1,52,3" doraHai="72" who="2" fromWho="0" sc="120,-116,210,0,330,136,320,0" /><INIT seed="2,1,0,3,5,5" ten="4,210,466,320" oya="2" hai0="58,114,16,46,27,49,34,7,10,75,135,80,4" hai1="95,92,60,103,96,11,73,74,62,116,70,35,88" hai2="131,36,23,77,31,108,39,53,13,93,107,25,51" hai3="72,109,15,67,48,41,133,123,17,82,40,125,24"/><V19/><F107/><W89/><G123/><T29/><D114/><U87/><E35/><V68/><F131/><W105/><G105/><T104/><D104/><U0/><E116/><V99/><F108/><W8/><G109/><T26/><D135/><U94/><E94/><V61/><F77/><W120/><G120/><T83/><D75/><U66/><E62/><V110/><F110/><W37/><G37/><T1/><D58/><U50/><E50/><V28/><F61/><W127/><G133/><T122/><D122/><U76/><E76/><V128/><F68/><W124/><G67/><T86/><D1/><U113/><REACH who="1" step="1"/><E113/><REACH who="1" ten="4,200,466,320" step="2"/><V54/><F51/><W14/><G48/><T106/><D106/><U71/><E71/><V132/><F93/><W64/><G127/><T38/><D38/><U115/><E115/><V90/><F39/><W9/><G125/><T56/><D56/><U121/><E121/><V45/><F36/><W129/><G124/><T79/><D83/><U91/><E91/><V42/><F90/><W84/><G89/><T118/><D118/><U57/><E57/><V63/><F63/><W97/><G82/><T98/><D98/><U59/><E59/><V52/><F99/><W18/><G97/><T32/><D32/><U119/><E119/><V100/><F100/><W12/><G72/><T65/><D65/><U33/><E33/><V134/><F132/><W112/><G64/><T20/><D10/><U44/><E44/><V43/><F45/><W21/><G112/><T3/><D3/><U81/><E81/><V101/><F134/><W111/><G9/><RYUUKYOKU ba="1,1" sc="4,15,200,15,466,-15,320,-15" hai0="4,7,16,20,26,27,29,34,46,49,79,80,86" hai1="0,11,60,66,70,73,74,87,88,92,95,96,103" /><INIT seed="3,2,1,2,2,25" ten="19,215,451,305" oya="3" hai0="111,88,72,54,92,95,105,102,101,31,134,26,7" hai1="45,90,87,41,9,113,108,121,52,126,115,43,22" hai2="81,14,124,8,103,107,78,130,49,53,118,24,66" hai3="98,93,123,122,74,120,80,135,18,114,47,96,0"/><W89/><G0/><T39/><D7/><U12/><E121/><V42/><F118/><W17/><G114/><T119/><D54/><U2/><E108/><V28/><F124/><W5/><G5/><T86/><D39/><U79/><E126/><V62/><F130/><W56/><G135/><T68/><D68/><U55/><E79/><V100/><F107/><W128/><G128/><T131/><D26/><U11/><E2/><V110/><F110/><W85/><G74/><T84/><D131/><U21/><E12/><V132/><F132/><W83/><G56/><T61/><D61/><U1/><E1/><V63/><F42/><W30/><G47/><T40/><D40/><U65/><E45/><V76/><F100/><W19/><REACH who="3" step="1"/><G30/><REACH who="3" ten="19,215,451,295" step="2"/><T33/><D111/><U20/><E65/><V73/><F66/><W91/><G91/><T70/><D31/><U29/><E29/><V112/><F112/><W71/><G71/><T129/><D70/><U6/><E6/><V32/><F28/><W27/><G27/><T23/><D134/><U117/><E115/><V44/><F24/><W34/><G34/><T51/><D33/><U133/><E113/><V104/><F32/><W46/><G46/><T109/><D129/><U15/><E133/><V97/><F76/><W50/><G50/><T35/><D51/><U67/><E67/><V16/><AGARI ba="2,2" hai="8,14,16,44,49,53,62,63,73,78,81,97,103,104" machi="16" ten="20,2700,0" yaku="0,1,7,1,54,1" doraHai="25" who="2" fromWho="2" sc="19,-9,215,-9,451,53,295,-15" owari="10,-49.0,206,-19.4,504,60.4,280,8.0" /></mjloggm>