<mjloggm ver="2.3"><GO type="225" lobby="0"/><UN n0="%72%61%6B%33" n1="%E3%81%A4%E3%81%A3%E3%81%B1%E3%82%8A%E3%83%9D%E3%83%BC%E3%83%AB" n2="%E3%81%BF%E3%81%BF%E3%81%9A" n3="%5C%28%E2%89%A7%E2%96%BD%E2%89%A6%29%2F" dan="16,17,18,16" rate="2073.83,2102.13,2263.68,2078.22" sx="M,M,M,M"/><TAIKYOKU oya="0"/><INIT seed="0,0,0,1,0,32" ten="250,250,250,250" oya="0" hai0="83,52,128,65,99,35,62,41,64,110,127,114,48" hai1="123,23,40,63,3,107,113,47,22,24,105,70,11" hai2="44,95,102,71,84,118,81,85,61,27,37,101,89" hai3="33,90,98,68,73,50,97,66,104,126,116,39,92"/><T106/><D114/><U5/><E123/><V55/><F118/><W0/><G39/><T56/><D35/><U109/><E113/><V77/><F37/><W131/><G116/><T76/><D127/><U111/><E63/><V80/><F71/><W72/><G50/><T53/><D128/><U75/><E75/><V45/><F27/><W6/><G33/><T130/><D130/><U59/><E59/><N who="2" m="35071" /><F102/><W2/><G126/><T30/><D30/><U120/><E70/><V133/><F133/><W17/><G131/><T124/><D124/><U4/><E120/><V132/><F132/><W94/><G104/><T14/><D41/><U8/><E24/><V103/><F103/><W121/><G121/><T20/><D110/><N who="1" m="41995" /><E107/><V43/><F43/><W60/><G17/><T91/><D106/><U119/><E105/><V78/><F101/><W12/><G73/><T79/><D65/><U58/><E58/><V129/><F129/><W7/><G72/><T29/><D53/><U108/><N who="1" m="42003" /><U125/><DORA hai="93" /><E119/><V51/><F51/><W28/><G28/><T31/><D31/><U34/><E34/><V135/><F135/><W87/><G87/><AGARI ba="0,0" hai="44,45,77,78,80,81,84,85,87,89,95" m="35071" machi="87" ten="30,1000,0" yaku="8,1" doraHai="32,93" who="2" fromWho="3" sc="250,0,250,0,250,10,250,-10" /><INIT seed="1,0,0,4,1,63" ten="250,250,260,240" oya="1" hai0="78,7,98,13,20,95,25,11,77,15,93,19,76" hai1="9,0,75,16,66,28,64,90,35,61,56,84,133" hai2="97,107,79,55,82,48,83,85,125,49,69,59,105" hai3="2,50,126,1,130,123,30,45,65,110,6,86,42"/><U26/><E133/><V39/><F39/><W74/><G123/><T10/><REACH who="0" step="1"/><D98/><REACH who="0" ten="240,250,260,240" step="2"/><U70/><E75/><V36/><F97/><W132/><G132/><T104/><D104/><U57/><E66/><V128/><F105/><W5/><G74/><T88/><D88/><U113/><E113/><V81/><F107/><W12/><G65/><T62/><D62/><U43/><E43/><V37/><F128/><W87/><G130/><T129/><D129/><U115/><E115/><V112/><F112/><W106/><G106/><T120/><D120/><U32/><E32/><V47/><F125/><W111/><G126/><T4/><AGARI ba="0,1" hai="4,7,10,11,13,15,19,20,25,76,77,78,93,95" machi="4" ten="30,8000,1" yaku="21,2,0,1,9,1,8,1,53,0" doraHai="63" doraHaiUra="52" who="0" fromWho="0" sc="240,90,250,-40,260,-20,240,-20" /><INIT seed="2,0,0,3,4,32" ten="330,210,240,220" oya="2" hai0="21,26,99,76,20,28,57,60,118,86,22,17,117" hai1="12,122,78,33,48,68,67,123,120,65,24,88,14" hai2="37,38,46,41,29,82,114,83,134,97,89,135,47" hai3="53,10,50,74,95,90,77,125,132,34,133,43,126"/><V61/><F114/><W19/><G43/><T87/><D99/><U96/><E78/><V130/><F29/><W104/><G104/><T16/><D76/><U4/><E68/><V110/><F130/><W55/><G34/><T115/><D115/><U25/><E48/><V80/><F110/><W42/><G42/><T62/><D28/><N who="1" m="19591" /><E25/><V30/><F30/><W81/><G19/><N who="0" m="7243" /><D26/><U106/><E106/><V92/><F61/><N who="0" m="23658" /><D57/><U18/><E4/><V15/><F15/><N who="1" m="5673" /><E18/><V107/><F107/><W3/><G53/><T63/><D63/><U103/><E103/><V66/><F66/><W40/><G40/><AGARI ba="0,0" hai="37,38,40,41,46,47,80,82,83,89,92,97,134,135" machi="40" ten="40,2000,0" yaku="9,1" doraHai="32" who="2" fromWho="3" sc="330,0,210,0,240,20,220,-20" /><INIT seed="2,1,0,4,3,37" ten="330,210,260,200" oya="2" hai0="18,6,31,59,61,93,96,53,41,29,71,25,128" hai1="58,50,79,47,40,55,10,35,114,85,131,109,101" hai2="124,69,2,38,33,34,36,99,72,78,105,103,129" hai3="66,92,106,1,84,54,49,75,94,62,102,8,122"/><V4/><F124/><W9/><G75/><T76/><D128/><U113/><E109/><V81/><F129/><W118/><G118/><T112/><D112/><U134/><E131/><V70/><F38/><W97/><G122/><T115/><D115/><U17/><E35/><N who="2" m="13323" /><F36/><W133/><G133/><T57/><D71/><U26/><E134/><V123/><F123/><W64/><G1/><T7/><D76/><U28/><E101/><V88/><F88/><N who="3" m="53255" /><G106/><T56/><D56/><U65/><E65/><N who="3" m="25194" /><G62/><T90/><D59/><AGARI ba="1,0" hai="8,9,49,54,59,94,97,102" m="25194,53255" machi="59" ten="30,2000,0" yaku="8,1,54,1" doraHai="37" who="3" fromWho="0" sc="330,-23,210,0,260,0,200,23" /><INIT seed="3,0,0,4,0,51" ten="307,210,260,223" oya="3" hai0="62,23,86,17,3,120,16,45,121,96,48,20,133" hai1="32,9,36,112,94,21,13,106,76,47,42,115,43" hai2="78,4,123,22,103,107,80,7,26,119,55,18,129" hai3="74,27,44,105,33,41,31,83,11,77,35,58,68"/><W65/><G58/><T49/><D3/><U5/><E106/><V114/><F114/><W61/><G11/><T50/><D133/><U82/><E32/><V131/><F119/><W46/><G35/><T72/><D72/><U40/><E94/><V118/><F118/><W124/><G124/><T38/><D86/><U93/><E93/><V79/><F123/><W111/><G111/><T53/><D96/><U66/><E66/><V0/><F0/><W98/><G41/><T8/><D8/><U130/><E130/><N who="2" m="49675" /><F55/><W28/><REACH who="3" step="1"/><G28/><REACH who="3" ten="307,210,260,213" step="2"/><T100/><D121/><U73/><E43/><V91/><F4/><W135/><G135/><T34/><D34/><U70/><E70/><V15/><F7/><W110/><G110/><T128/><D120/><U102/><E42/><V109/><F109/><W64/><G64/><T132/><D132/><U63/><E63/><V24/><F24/><W104/><G104/><T92/><D62/><U101/><REACH who="1" step="1"/><E21/><REACH who="1" ten="307,200,260,213" step="2"/><V99/><F26/><W57/><G57/><T37/><D20/><U97/><E97/><V134/><F134/><W29/><G29/><T108/><D128/><U25/><E25/><V90/><F107/><W14/><G14/><T59/><D23/><U85/><E85/><N who="2" m="50471" /><F103/><AGARI ba="0,2" hai="27,31,33,44,46,61,65,68,74,77,83,98,103,105" machi="103" ten="40,7700,0" yaku="1,1,25,2,53,0" doraHai="51" doraHaiUra="126" who="3" fromWho="2" sc="307,0,200,0,260,-77,213,97" /><AGARI ba="0,0" hai="5,9,13,36,40,47,73,76,82,101,102,103,112,115" machi="103" ten="40,1300,0" yaku="1,1,53,0" doraHai="51" doraHaiUra="126" who="1" fromWho="2" sc="307,0,200,13,183,-13,310,0" owari="307,10.7,213,-18.7,170,-33.0,310,41.0" /></mjloggm>