<mjloggm ver="2.3"><GO type="225" lobby="0"/><UN n0="%E6%A1%9C%E8%8A%B1%E9%96%83%E3%80%85" n1="%E3%81%99%E3%81%84%E3%81%BE%E3%81%9B%E3%83%BC%E3%82%93" n2="%E3%83%A9%E3%82%B9%E7%8E%87%EF%BC%93%E5%89%B2" n3="%E3%83%96%E3%83%83%E3%83%91%E3%82%AA%E3%83%96%E3%83%81%E3%82%AD%E3%83%B3" dan="17,18,17,17" rate="2256.09,2193.64,2228.11,2234.11" sx="M,M,F,M"/><TAIKYOKU oya="0"/><INIT seed="0,0,0,2,2,89" ten="250,250,250,250" oya="0" hai0="130,87,113,93,102,26,105,119,128,66,8,17,7" hai1="60,1,35,114,71,98,107,49,80,67,5,72,101" hai2="117,111,82,115,73,15,51,121,34,44,11,24,16" hai3="75,104,12,84,50,76,112,88,36,14,132,95,110"/><T56/><D113/><U19/><E114/><V90/><F115/><W91/><G36/><T120/><D119/><U63/><E49/><V47/><F117/><W58/><G112/><T33/><D120/><U0/><E19/><V78/><F121/><W85/><G110/><T122/><D122/><U133/><E133/><V129/><F111/><W57/><G132/><T37/><D37/><U6/><E6/><V46/><F129/><N who="0" m="49770" /><D105/><U55/><E5/><V94/><F24/><W86/><G104/><T92/><D87/><N who="3" m="33353" /><G75/><T20/><D102/><U124/><E124/><V21/><F34/><W109/><G109/><T77/><D33/><U100/><E100/><V131/><F131/><W69/><G69/><T4/><D77/><U27/><E55/><V74/><F74/><W25/><G25/><T83/><D83/><U68/><E80/><V43/><REACH who="2" step="1"/><F11/><REACH who="2" ten="250,250,240,250" step="2"/><W70/><G76/><T118/><D118/><U9/><E9/><V62/><F62/><W99/><G70/><T135/><D135/><U65/><E72/><V13/><F13/><N who="3" m="5227" /><G50/><T2/><D4/><U38/><E38/><V39/><F39/><W23/><G23/><T45/><D45/><U48/><E48/><V103/><F103/><W81/><AGARI ba="0,1" hai="57,58,81,86,88,91,95,99" m="5227,33353" machi="81" ten="30,4000,0" yaku="8,1,52,1,54,1" doraHai="89" who="3" fromWho="3" sc="250,-20,250,-10,240,-10,250,50" /><INIT seed="1,0,0,5,0,110" ten="230,240,230,300" oya="1" hai0="46,61,123,35,32,8,81,116,114,53,98,100,19" hai1="84,118,29,125,119,27,7,96,58,5,33,50,103" hai2="91,42,15,73,133,88,79,0,72,85,87,51,78" hai3="38,64,113,9,105,44,131,74,126,21,14,66,111"/><U115/><E115/><V65/><F0/><W2/><G74/><N who="2" m="28777" /><F51/><W135/><G105/><T86/><D116/><U36/><E36/><V59/><F59/><W124/><G111/><T56/><D123/><U107/><E125/><N who="3" m="48234" /><G135/><T22/><D8/><U37/><E37/><V55/><F55/><W60/><G131/><T128/><D114/><U93/><E119/><V109/><F15/><W11/><G113/><T63/><D46/><U67/><E118/><V23/><F23/><W25/><G2/><T75/><D75/><U101/><E101/><V26/><F26/><W48/><G38/><T49/><D128/><U77/><E107/><V132/><F65/><N who="3" m="25195" /><G14/><N who="0" m="9591" /><D32/><U76/><E76/><N who="2" m="29227" /><F42/><N who="3" m="24599" /><G60/><T83/><D35/><U112/><E112/><V54/><F54/><W18/><AGARI ba="0,0" hai="9,11,18,21,25" m="24599,25195,48234" machi="18" ten="30,1100,0" yaku="18,1" doraHai="110" who="3" fromWho="3" sc="230,-3,240,-5,230,-3,300,11" /><INIT seed="2,0,0,4,4,121" ten="227,235,227,311" oya="2" hai0="135,87,104,130,66,59,128,28,22,35,93,21,72" hai1="3,23,7,102,88,120,119,14,80,52,127,48,85" hai2="67,92,47,63,110,117,41,50,100,89,70,69,51" hai3="34,56,123,126,133,97,61,5,54,33,124,2,45"/><V113/><F113/><W91/><G123/><T12/><D72/><U122/><E119/><V0/><F0/><W53/><G133/><T107/><D135/><U118/><E118/><V105/><F117/><W10/><G91/><N who="0" m="53503" /><D35/><U73/><E127/><N who="3" m="48682" /><G97/><T78/><D78/><U94/><E3/><V131/><F131/><N who="0" m="50218" /><D12/><U30/><E73/><V96/><F110/><W62/><G62/><N who="0" m="38239" /><D28/><U82/><E122/><V24/><F24/><W103/><G103/><T8/><D8/><N who="1" m="4383" /><E120/><V77/><F77/><W116/><G116/><T76/><D76/><U112/><E102/><V32/><F32/><W26/><G26/><T11/><D11/><U31/><E112/><V84/><REACH who="2" step="1"/><F70/><REACH who="2" ten="227,235,217,311" step="2"/><W79/><G79/><T16/><D16/><U15/><E15/><V99/><F99/><W95/><G33/><T17/><D17/><U125/><E125/><V115/><F115/><W129/><G34/><T98/><D98/><U68/><E68/><V114/><F114/><W40/><G129/><T46/><D46/><N who="1" m="27671" /><E31/><V49/><AGARI ba="0,1" hai="41,47,49,50,51,63,67,69,84,89,92,96,100,105" machi="49" ten="20,3900,0" yaku="1,1,0,1,7,1,53,0" doraHai="121" doraHaiUra="4" who="2" fromWho="2" sc="227,-13,235,-13,217,49,311,-13" /><INIT seed="2,1,0,2,1,17" ten="214,222,266,298" oya="2" hai0="10,133,0,18,93,134,97,32,86,120,80,33,35" hai1="3,24,124,26,116,94,38,78,37,101,58,96,85" hai2="20,129,55,21,36,67,131,130,13,127,123,6,42" hai3="56,64,39,100,99,113,87,103,57,122,68,69,132"/><V105/><F123/><W108/><G122/><T73/><D73/><U7/><E116/><V14/><F127/><W114/><G39/><T16/><D120/><U44/><E124/><V53/><F105/><W112/><G108/><T47/><D47/><U110/><E110/><V77/><F77/><W125/><G125/><T48/><D48/><U4/><E3/><V51/><F67/><W9/><G132/><N who="0" m="50795" /><D0/><U117/><E117/><V66/><F66/><W2/><G87/><T83/><D10/><U30/><E58/><N who="3" m="22634" /><G64/><T79/><D80/><U74/><E74/><V92/><F92/><N who="3" m="58471" /><G103/><AGARI ba="1,0" hai="16,18,32,33,35,79,83,86,93,97,103" m="50795" machi="103" ten="40,2600,0" yaku="20,1,54,1" doraHai="17" who="0" fromWho="3" sc="214,29,222,0,266,0,298,-29" /><INIT seed="3,0,0,0,2,36" ten="243,222,266,269" oya="3" hai0="93,50,118,76,42,55,107,8,14,53,120,97,87" hai1="78,94,32,65,89,37,68,110,112,22,18,111,74" hai2="129,0,73,21,41,103,121,27,79,128,127,69,57" hai3="23,131,45,133,106,91,105,119,117,9,12,19,82"/><W81/><G131/><N who="2" m="50249" /><F69/><W24/><G133/><T116/><D120/><U71/><E112/><V2/><F103/><W86/><G82/><N who="0" m="47559" /><D107/><U83/><E32/><V122/><F79/><W90/><G90/><N who="0" m="55479" /><D118/><U15/><E37/><V48/><F73/><W3/><G3/><N who="2" m="1065" /><F127/><W67/><G67/><T7/><D116/><U17/><E17/><N who="2" m="12719" /><F57/><W39/><G117/><T25/><D25/><U4/><E4/><V51/><F41/><W124/><G124/><T72/><D72/><U26/><E26/><V10/><F10/><W98/><G98/><T49/><D49/><AGARI ba="0,0" hai="48,49,51,121,122" m="12719,1065,50249" machi="49" ten="40,1300,0" yaku="19,1" doraHai="36" who="2" fromWho="0" sc="243,-13,222,0,266,13,269,0" /><INIT seed="4,0,0,3,1,36" ten="230,222,279,269" oya="0" hai0="119,71,4,22,124,133,94,0,20,31,91,78,128" hai1="13,41,2,112,93,65,47,32,68,81,19,42,108" hai2="130,109,48,23,85,61,53,107,72,28,30,7,122" hai3="111,63,101,26,40,104,39,126,89,121,123,45,24"/><T56/><D119/><U90/><E108/><V102/><F72/><W11/><G111/><T131/><D71/><U82/><E2/><V25/><F122/><N who="3" m="46603" /><G126/><T64/><D124/><U74/><E32/><V114/><F114/><W59/><G89/><T52/><D64/><U69/><E112/><V120/><F130/><N who="0" m="49706" /><D78/><U21/><E74/><V17/><F7/><W3/><G101/><T67/><D67/><U87/><E69/><V110/><F109/><W35/><G104/><T5/><D133/><U80/><REACH who="1" step="1"/><E47/><REACH who="1" ten="230,212,279,269" step="2"/><V60/><F110/><W57/><G35/><T95/><D0/><U86/><E86/><V83/><F120/><W50/><G59/><T43/><D43/><U8/><E8/><V135/><F135/><W106/><G3/><T12/><D22/><U6/><E6/><N who="0" m="2665" /><D91/><U9/><E9/><V29/><F23/><W100/><G11/><T18/><D31/><U27/><E27/><V103/><F25/><W37/><G24/><T14/><D12/><U129/><E129/><V96/><F29/><W51/><G26/><T15/><D15/><U116/><E116/><V34/><F30/><W58/><G40/><T125/><D125/><U132/><E132/><V46/><F28/><W38/><G100/><T16/><D18/><U84/><E84/><V10/><F34/><W92/><G58/><T66/><D66/><U115/><E115/><V55/><F103/><W88/><G57/><T98/><D98/><U79/><E79/><N who="2" m="46335" /><F17/><W54/><G88/><T118/><D118/><U75/><E75/><V70/><F70/><W113/><G113/><T127/><D127/><RYUUKYOKU ba="0,1" sc="230,15,212,15,279,-15,269,-15" hai0="14,16,20,52,56,94,95" hai1="13,19,21,41,42,65,68,80,81,82,87,90,93" /><INIT seed="4,1,1,2,1,89" ten="245,227,264,254" oya="0" hai0="94,84,128,51,54,72,71,38,59,24,28,10,74" hai1="80,92,36,2,21,98,95,131,37,53,41,17,58" hai2="49,61,93,133,40,114,106,47,85,20,19,50,76" hai3="14,3,9,97,88,15,44,45,124,110,4,108,86"/><T81/><D71/><U32/><E2/><V111/><F106/><W27/><G124/><T0/><D38/><U107/><E32/><V22/><F111/><W18/><G110/><T78/><D128/><U100/><E131/><V104/><F104/><W126/><G108/><T90/><D10/><U99/><E80/><V5/><F133/><W35/><G126/><T69/><D69/><U23/><E23/><V115/><F5/><W26/><G97/><T122/><D122/><U16/><E17/><V8/><F8/><N who="3" m="4359" /><G35/><T56/><D0/><U87/><E87/><V96/><F61/><W34/><G34/><T42/><D42/><U52/><E41/><V83/><F49/><W60/><G60/><T129/><D129/><U91/><E107/><V13/><REACH who="2" step="1"/><F22/><REACH who="2" ten="245,227,254,254" step="2"/><W105/><G105/><T116/><D116/><U135/><E135/><V70/><F70/><W7/><G3/><T67/><D67/><U123/><E123/><V33/><F33/><W57/><G7/><T46/><D74/><U102/><E100/><AGARI ba="1,2" hai="13,19,20,40,47,50,76,83,85,93,96,100,114,115" machi="100" ten="40,2600,0" yaku="1,1,52,1,53,0" doraHai="89" doraHaiUra="6" who="2" fromWho="1" sc="245,0,227,-29,254,49,254,0" owari="245,-15.5,198,-30.2,303,40.3,254,5.4" /></mjloggm>