<mjloggm ver="2.3"><GO type="225" lobby="0"/><UN n0="%E6%B8%A9%E2%98%85%E6%83%85%E2%98%85%E6%8E%AA%E2%98%85%E7%BD%AE" n1="%E3%83%B4%E3%83%A0%EF%BC%99%E3%81%A6" n2="%E6%A1%9C%E8%8A%B1%E9%96%83%E3%80%85" n3="%E6%98%93%E5%88%A9%E8%96%A9%E4%BC%AF" dan="17,16,16,17" rate="2195.34,2177.31,2094.89,2174.74" sx="M,M,M,F"/><TAIKYOKU oya="0"/><INIT seed="0,0,0,0,4,15" ten="250,250,250,250" oya="0" hai0="79,65,54,9,122,63,37,106,29,105,107,55,51" hai1="59,84,12,73,50,58,113,28,83,125,36,48,126" hai2="5,25,67,31,76,94,26,85,6,99,103,89,135" hai3="127,23,4,132,128,8,40,44,34,91,121,11,117"/><T109/><D122/><U21/><E36/><V1/><F135/><W97/><G117/><T16/><D37/><U53/><E73/><V17/><F67/><W14/><G34/><T46/><D109/><U22/><E113/><V124/><F124/><W116/><G121/><T19/><D29/><U119/><E119/><V32/><F76/><W62/><G116/><T33/><D33/><U56/><E28/><V74/><F74/><W131/><G132/><T41/><D79/><U66/><E66/><V2/><F5/><W3/><G23/><T93/><D93/><U78/><E48/><V88/><F6/><W61/><G97/><T42/><D9/><U69/><E69/><V96/><F89/><W60/><G91/><T10/><D10/><U115/><E115/><V77/><F77/><W45/><G127/><N who="1" m="48650" /><E12/><V39/><F39/><W18/><REACH who="3" step="1"/><G40/><REACH who="3" ten="250,250,250,240" step="2"/><T7/><D42/><U72/><E21/><V43/><F43/><W87/><G87/><T123/><D123/><U111/><E111/><V70/><F99/><W49/><G49/><T24/><D41/><U118/><E118/><V120/><F120/><W114/><G114/><T133/><D133/><U57/><E22/><N who="2" m="13519" /><F85/><W82/><G82/><T75/><D75/><U0/><E72/><V64/><F88/><W112/><G112/><T104/><D51/><U20/><E20/><V110/><F110/><W81/><G81/><T52/><D24/><U27/><E27/><V92/><F92/><W134/><G134/><T129/><D105/><U130/><E130/><AGARI ba="0,1" hai="3,4,8,11,14,18,44,45,60,61,62,128,130,131" machi="130" ten="40,5200,0" yaku="1,1,19,1,52,1,53,0" doraHai="15" doraHaiUra="90" who="3" fromWho="1" sc="250,0,250,-52,250,0,240,62" /><INIT seed="1,0,0,0,0,100" ten="250,198,250,302" oya="1" hai0="50,55,22,15,111,88,101,11,122,107,70,65,45" hai1="94,99,66,110,119,98,78,83,12,90,9,102,133" hai2="123,134,74,131,69,4,3,120,106,76,21,85,68" hai3="108,97,87,67,72,103,121,60,79,93,82,8,35"/><U118/><E66/><V61/><F85/><W73/><G35/><T29/><D111/><U92/><E110/><V71/><F21/><W53/><G108/><T25/><D122/><N who="2" m="46634" /><F134/><W56/><G121/><T31/><D31/><U86/><REACH who="1" step="1"/><E133/><REACH who="1" ten="250,188,250,302" step="2"/><V84/><F71/><W37/><G67/><T20/><D65/><U42/><E42/><V24/><F69/><W128/><G128/><T62/><D70/><U49/><E49/><V30/><F131/><W54/><G37/><T117/><D62/><U34/><E34/><V17/><F61/><W127/><G54/><T18/><D117/><U59/><E59/><V63/><F63/><W114/><G53/><T58/><D58/><U38/><E38/><V41/><F41/><W113/><G56/><T129/><D129/><U5/><AGARI ba="0,1" hai="5,9,12,78,83,86,90,92,94,98,99,102,118,119" machi="5" ten="20,3900,0" yaku="1,1,0,1,7,1,53,0" doraHai="100" doraHaiUra="104" who="1" fromWho="1" sc="250,-13,188,49,250,-13,302,-13" /><INIT seed="1,1,0,1,5,41" ten="237,237,237,289" oya="1" hai0="97,69,10,113,2,84,123,127,114,106,38,109,102" hai1="54,133,80,121,52,130,31,58,75,35,112,94,78" hai2="118,132,92,100,46,67,24,15,22,85,55,101,89" hai3="1,36,21,8,83,14,26,11,27,110,39,45,120"/><U30/><E112/><V0/><F118/><W48/><G110/><T53/><D69/><U49/><E121/><V25/><F132/><W68/><G68/><T61/><D38/><U42/><E133/><V50/><F0/><W70/><G70/><T103/><D103/><U90/><E130/><V74/><F74/><W104/><G104/><T18/><D109/><U96/><E35/><V108/><F108/><W32/><G32/><T66/><D123/><U44/><REACH who="1" step="1"/><E54/><REACH who="1" ten="237,227,237,289" step="2"/><V57/><F67/><W86/><G120/><T122/><D53/><U131/><E131/><V23/><F57/><W12/><G39/><AGARI ba="1,1" hai="30,31,39,42,44,49,52,58,75,78,80,90,94,96" machi="39" ten="30,11600,0" yaku="1,1,7,1,52,1,54,1,53,0" doraHai="41" doraHaiUra="119" who="1" fromWho="3" sc="237,0,227,129,237,0,289,-119" /><INIT seed="1,2,0,0,2,12" ten="237,356,237,170" oya="1" hai0="129,72,80,67,51,126,16,22,49,90,112,37,15" hai1="116,27,108,106,40,120,20,39,8,118,59,95,130" hai2="17,103,89,104,81,75,35,36,73,70,69,24,30" hai3="46,3,33,48,87,6,66,54,61,34,113,121,76"/><U60/><E120/><V44/><F89/><W125/><G121/><T50/><D112/><U78/><E106/><V132/><F132/><W97/><G113/><T19/><D37/><U94/><E130/><V41/><F17/><W131/><G131/><T91/><D129/><U101/><E78/><N who="2" m="44239" /><F75/><W52/><G125/><T93/><D126/><U0/><E108/><V71/><F71/><W28/><G54/><T21/><D67/><U122/><E122/><V100/><F100/><W38/><G97/><AGARI ba="2,0" hai="24,30,35,36,41,44,69,70,97,103,104" m="44239" machi="97" ten="30,2000,0" yaku="33,2" doraHai="12" who="2" fromWho="3" sc="237,0,356,0,237,26,170,-26" /><INIT seed="2,0,0,4,4,63" ten="237,356,263,144" oya="2" hai0="58,123,99,17,41,111,52,68,90,20,117,127,56" hai1="12,47,85,114,95,131,79,64,57,107,30,35,101" hai2="82,33,103,72,6,15,21,134,102,42,98,135,46" hai3="104,128,94,89,40,106,112,55,32,43,122,0,26"/><V80/><F33/><W2/><G122/><T19/><D123/><U69/><E114/><V22/><F102/><W11/><G128/><T14/><D68/><U59/><E131/><V36/><F6/><W118/><G118/><T126/><D111/><U120/><E47/><V13/><F13/><W18/><G112/><T76/><D76/><U28/><E28/><V115/><F115/><W8/><G55/><T74/><D74/><U132/><E12/><V125/><F125/><N who="0" m="47626" /><D41/><U7/><E7/><V92/><F72/><W50/><G32/><T96/><D117/><U130/><E120/><V44/><F44/><W61/><G61/><N who="0" m="35975" /><D90/><U3/><E79/><V73/><F73/><W84/><G26/><N who="0" m="14607" /><D58/><U110/><E57/><V31/><F31/><W75/><G75/><T78/><D78/><U86/><E69/><V113/><F113/><W67/><G67/><T65/><D65/><U25/><E30/><V121/><F121/><W1/><G18/><T29/><D29/><U34/><E34/><V10/><F134/><W88/><G89/><T100/><D100/><U48/><E35/><V38/><F135/><W87/><G87/><T16/><D19/><U129/><E132/><V9/><F38/><W124/><G124/><T51/><D51/><U53/><E129/><V119/><F119/><W71/><G71/><T105/><D105/><U27/><E107/><V23/><F80/><W70/><G70/><T77/><D77/><U116/><E130/><V37/><F82/><W4/><G50/><T91/><D91/><U45/><E116/><V97/><F103/><W93/><G106/><RYUUKYOKU ba="0,0" sc="237,30,356,-10,263,-10,144,-10" hai0="14,16,96,99" /><INIT seed="3,1,0,2,2,5" ten="267,346,253,134" oya="3" hai0="33,10,18,105,34,113,8,97,38,59,82,134,0" hai1="15,58,12,65,99,37,120,78,130,121,85,77,87" hai2="52,133,22,126,67,47,109,79,50,44,102,108,75" hai3="48,63,23,117,91,115,4,30,131,84,24,31,61"/><W88/><G115/><T9/><D38/><U11/><E37/><V123/><F126/><W116/><G131/><T54/><D0/><U21/><E130/><V132/><F102/><W128/><G128/><T36/><D36/><U42/><E42/><V35/><F35/><W119/><G31/><T73/><D18/><N who="1" m="10439" /><E120/><V103/><F103/><W55/><G4/><T49/><D134/><N who="2" m="51818" /><F123/><W56/><REACH who="3" step="1"/><G91/><REACH who="3" ten="267,346,253,124" step="2"/><T129/><D129/><U90/><E121/><V125/><F125/><W127/><G127/><T122/><D122/><U93/><E77/><V124/><F124/><W69/><G69/><T41/><D113/><U17/><E78/><V7/><F7/><W27/><G27/><T14/><D14/><U111/><E111/><V25/><F108/><W95/><AGARI ba="1,1" hai="23,24,30,48,55,56,61,63,84,88,95,116,117,119" machi="95" ten="30,6000,0" yaku="1,1,0,1,54,1,53,0" doraHai="5" doraHaiUra="2" who="3" fromWho="3" sc="267,-21,346,-21,253,-21,124,73" /><INIT seed="3,2,0,5,1,85" ten="246,325,232,197" oya="3" hai0="90,134,49,41,103,7,50,135,104,61,45,101,32" hai1="78,23,74,38,130,66,14,109,16,64,81,56,36" hai2="88,48,59,33,6,39,24,128,69,4,58,51,17" hai3="100,34,30,37,12,15,40,29,35,27,83,26,92"/><W121/><G121/><T73/><D32/><U114/><E114/><V42/><F69/><W13/><G83/><T71/><D73/><U99/><E109/><V22/><F39/><W18/><G37/><T133/><D104/><U80/><E130/><V129/><F33/><N who="3" m="12299" /><G92/><T9/><D90/><U77/><E99/><V44/><F128/><W55/><G55/><T11/><D50/><U79/><E79/><V1/><F129/><W63/><G63/><T97/><D97/><U116/><E116/><V28/><F1/><W19/><G40/><T118/><D118/><U68/><E68/><V127/><F88/><W2/><G100/><N who="0" m="38475" /><D7/><N who="2" m="2602" /><F51/><W132/><G2/><T67/><AGARI ba="2,0" hai="9,11,41,45,49,61,67,71,133,134,135" m="38475" machi="67" ten="40,1500,0" yaku="20,1" doraHai="85" who="0" fromWho="0" sc="246,21,325,-6,232,-6,197,-9" owari="267,6.7,319,41.9,226,-17.4,188,-31.2" /></mjloggm>