<mjloggm ver="2.3"><GO type="225" lobby="0"/><UN n0="%73%69%67%65%6E%6F%72%69" n1="%E6%98%93%E5%88%A9%E8%96%A9%E4%BC%AF" n2="%E5%A4%8F%E9%88%B4%E9%88%B4%E5%A4%8F" n3="%E6%A1%9C%E8%8A%B1%E9%96%83%E3%80%85" dan="18,17,16,16" rate="2261.29,2145.67,2137.13,2129.28" sx="M,F,F,M"/><TAIKYOKU oya="0"/><INIT seed="0,0,0,4,3,87" ten="250,250,250,250" oya="0" hai0="54,49,103,58,20,73,117,122,128,10,17,69,2" hai1="97,37,135,35,94,112,132,92,77,21,84,118,4" hai2="75,12,110,19,48,8,53,29,124,98,18,123,16" hai3="114,55,74,30,64,62,0,76,22,107,68,39,52"/><T47/><D117/><U89/><E35/><V102/><F110/><W11/><G114/><T116/><D116/><U106/><E37/><V7/><F124/><W14/><G107/><T33/><D122/><U70/><E70/><V105/><F29/><W51/><G39/><T66/><D73/><U63/><E118/><V24/><F75/><W44/><G0/><T99/><D33/><U72/><E4/><V129/><F129/><W27/><G76/><T113/><D128/><U133/><E63/><V42/><F42/><W61/><G74/><T88/><D69/><U134/><N who="1" m="33792" /><DORA hai="5" /><U26/><E112/><V34/><F34/><W109/><G109/><T1/><D113/><U43/><E43/><V111/><F111/><W119/><G119/><T57/><D66/><U96/><E106/><V100/><F100/><W28/><G28/><T67/><D67/><U104/><E104/><V91/><F91/><W38/><G38/><T125/><D125/><U80/><REACH who="1" step="1"/><E94/><REACH who="1" ten="250,240,250,250" step="2"/><V79/><F123/><W101/><G61/><T82/><D49/><U9/><E9/><V130/><F130/><W23/><G23/><T81/><D10/><U131/><E131/><V126/><F126/><W15/><G11/><T93/><D20/><U83/><E83/><V41/><F41/><W60/><G60/><T31/><D81/><U56/><E56/><V85/><F105/><W36/><G36/><T95/><D82/><U127/><E127/><V40/><F40/><W50/><G68/><T59/><D57/><U32/><E32/><V65/><F8/><W120/><G120/><T3/><D3/><RYUUKYOKU ba="0,1" sc="250,-10,240,30,250,-10,250,-10" hai1="21,26,72,77,80,84,89,92,96,97" /><INIT seed="1,1,1,3,0,128" ten="240,270,240,240" oya="1" hai0="7,38,104,53,0,30,100,124,123,5,68,26,111" hai1="11,130,75,32,23,39,8,57,61,37,49,126,34" hai2="89,105,28,9,74,116,73,129,79,40,51,12,69" hai3="103,42,72,135,119,81,115,106,87,44,127,84,52"/><U4/><E75/><V24/><F116/><W15/><G115/><T85/><D38/><U88/><E130/><V83/><F105/><W76/><G119/><T121/><D111/><U97/><E49/><V25/><F69/><W78/><G127/><T118/><D118/><U102/><E23/><V18/><F129/><W13/><G106/><T33/><D124/><U14/><E11/><V133/><F133/><W125/><G103/><T22/><D68/><U98/><E98/><V86/><F24/><W107/><G107/><T65/><D65/><U66/><E102/><V113/><F113/><W31/><G31/><T108/><D108/><U70/><E70/><V71/><F71/><W19/><G135/><T101/><D0/><U63/><E63/><V91/><F91/><W2/><G2/><T55/><D85/><U41/><E126/><V46/><REACH who="2" step="1"/><F79/><REACH who="2" ten="240,270,230,240" step="2"/><W27/><G78/><T60/><D104/><U45/><REACH who="1" step="1"/><E39/><REACH who="1" ten="240,260,230,240" step="2"/><V67/><F67/><W77/><G125/><T80/><D101/><U112/><E112/><V56/><F56/><W36/><G36/><T93/><D100/><U122/><E122/><V29/><F29/><W59/><G59/><T92/><D123/><U50/><E50/><V132/><F132/><W10/><G72/><T54/><D121/><U6/><E6/><V110/><F110/><W21/><G44/><T47/><D47/><U90/><E90/><V3/><F3/><W131/><G131/><T16/><D30/><U43/><E43/><V120/><F120/><W99/><G42/><T134/><D134/><U35/><E35/><AGARI ba="1,3" hai="9,12,18,25,28,35,40,46,51,73,74,83,86,89" machi="35" ten="30,2000,0" yaku="1,1,7,1,53,0" doraHai="128" doraHaiUra="117" who="2" fromWho="1" sc="240,0,260,-23,230,53,240,0" /><INIT seed="2,0,0,2,2,72" ten="240,237,283,240" oya="2" hai0="8,0,13,114,78,100,120,59,12,33,66,124,20" hai1="2,111,90,95,135,127,96,80,55,1,106,94,109" hai2="82,87,16,113,131,79,77,110,130,26,132,134,83" hai3="11,29,34,81,74,44,43,89,58,104,39,69,51"/><V76/><F113/><W35/><G104/><T117/><D120/><U92/><E135/><N who="2" m="51755" /><F110/><N who="1" m="41993" /><E127/><V57/><F57/><W24/><G69/><T45/><D33/><U119/><E119/><V22/><F83/><W133/><G133/><T53/><D114/><U75/><E55/><V42/><F42/><W19/><G35/><T65/><D0/><N who="1" m="107" /><E106/><V93/><F93/><W4/><G4/><T67/><D117/><U30/><E30/><V9/><F9/><W47/><G11/><T60/><D124/><U36/><E36/><V48/><F48/><W38/><G51/><T63/><D100/><U71/><E71/><V105/><F105/><W61/><G29/><T73/><D45/><U101/><E101/><V41/><F41/><W68/><G68/><T108/><D108/><U98/><E96/><V102/><F102/><W5/><G39/><T116/><D116/><U54/><E54/><V32/><F32/><W103/><G103/><T14/><D8/><U121/><E121/><V86/><F86/><W99/><G34/><T97/><D97/><U23/><E23/><V107/><F107/><W112/><G99/><T129/><D20/><U28/><E28/><V27/><F27/><W40/><G24/><T31/><D31/><U18/><E18/><V7/><F7/><W85/><G19/><T84/><D53/><U25/><E25/><V91/><AGARI ba="0,0" hai="16,22,26,76,77,79,82,87,91,130,131" m="51755" machi="91" ten="40,12000,1" yaku="20,1,52,3,54,1" doraHai="72" who="2" fromWho="2" sc="240,-40,237,-40,283,120,240,-40" /><INIT seed="2,1,0,0,4,42" ten="200,197,403,200" oya="2" hai0="81,96,21,129,101,67,79,78,53,122,130,106,9" hai1="16,17,20,48,124,23,77,29,2,52,87,113,134" hai2="116,15,73,47,76,39,45,91,117,50,132,93,22" hai3="75,5,109,121,66,60,68,64,133,57,61,35,63"/><V24/><F39/><W82/><G35/><T40/><D122/><U41/><E113/><V4/><F76/><W105/><G105/><T99/><D67/><U108/><E2/><V13/><F73/><W131/><G121/><T86/><D40/><U118/><E118/><V32/><F32/><W28/><G28/><T36/><D36/><U55/><E108/><V90/><F132/><W65/><G5/><T31/><D99/><U43/><E124/><V30/><F117/><W84/><G109/><T3/><D53/><N who="1" m="20555" /><E29/><V94/><F50/><W100/><G131/><N who="0" m="50187" /><D79/><U72/><E72/><V6/><F116/><W8/><G133/><T14/><D3/><U54/><E134/><V126/><F126/><W10/><G75/><T44/><D44/><N who="2" m="16970" /><F4/><W88/><REACH who="3" step="1"/><G100/><REACH who="3" ten="200,197,403,190" step="2"/><T70/><D31/><U33/><E33/><V102/><F102/><W12/><G12/><T49/><D14/><U71/><E43/><V69/><F6/><W95/><G95/><T46/><D101/><U26/><E41/><V104/><F104/><W119/><G119/><T80/><D106/><U92/><E92/><V128/><F128/><W0/><G0/><T38/><D38/><U19/><E26/><V123/><F123/><W74/><G74/><T83/><D83/><N who="1" m="47599" /><E71/><AGARI ba="1,1" hai="8,10,57,60,61,63,64,65,66,68,71,82,84,88" machi="71" ten="30,7700,0" yaku="1,1,7,1,9,1,54,1,53,0" doraHai="42" doraHaiUra="51" who="3" fromWho="1" sc="200,0,197,-80,403,0,190,90" /><INIT seed="3,0,0,0,5,128" ten="200,117,403,280" oya="3" hai0="91,49,134,109,92,41,121,46,36,114,26,77,23" hai1="64,32,133,19,45,129,43,87,61,39,5,8,17" hai2="131,44,22,108,122,68,67,115,33,11,70,118,25" hai3="104,52,116,127,85,90,30,1,37,51,125,21,119"/><W74/><G74/><T73/><D121/><U135/><E129/><V107/><F118/><W24/><G1/><T58/><D109/><U130/><E32/><V27/><F108/><W78/><G37/><T103/><D103/><U31/><E130/><V57/><F107/><W98/><G78/><T12/><D114/><U88/><E31/><V84/><F115/><W113/><G113/><T3/><D3/><U93/><E19/><V50/><F70/><W0/><G0/><T2/><D2/><U40/><E40/><V71/><F68/><W126/><G98/><T112/><D12/><U38/><E5/><V10/><F71/><W34/><G104/><T13/><D13/><U105/><E105/><V47/><F33/><W56/><REACH who="3" step="1"/><G34/><REACH who="3" ten="200,117,403,270" step="2"/><T20/><D77/><U63/><E39/><V99/><F131/><W9/><G9/><T81/><D73/><U100/><E100/><V102/><F10/><W101/><G101/><T111/><D36/><U117/><E117/><V120/><F11/><W60/><G60/><T7/><D112/><U106/><E106/><V75/><F75/><W96/><G96/><T14/><D111/><U28/><E63/><N who="2" m="38383" /><F122/><W86/><G86/><T55/><D91/><U110/><E110/><V54/><F120/><W83/><AGARI ba="0,1" hai="21,24,30,51,52,56,83,85,90,116,119,125,126,127" machi="83" ten="30,11700,0" yaku="1,1,0,1,18,1,54,1,53,0" doraHai="128" doraHaiUra="69" who="3" fromWho="3" sc="200,-39,117,-39,403,-39,270,127" owari="161,-23.9,78,-42.2,364,16.4,397,49.7" /></mjloggm>