<mjloggm ver="2.3"><GO type="225" lobby="0"/><UN n0="%E6%A1%9C%E8%8A%B1%E9%96%83%E3%80%85" n1="%E4%BF%BA%E3%81%A8%E5%A6%96%E5%A4%A2" n2="%33%74%72%65%65" n3="%E3%82%8C%E3%81%99%E3%81%93" dan="17,16,16,17" rate="2275.19,2244.79,2109.21,2183.18" sx="M,F,F,F"/><TAIKYOKU oya="0"/><INIT seed="0,0,0,5,1,121" ten="250,250,250,250" oya="0" hai0="131,35,54,105,67,130,92,46,25,81,40,20,111" hai1="69,68,73,95,100,1,133,96,15,11,117,112,4" hai2="91,124,42,86,48,116,36,45,76,101,87,127,114" hai3="115,18,74,41,22,30,60,97,129,84,0,14,31"/><T77/><D105/><U9/><E117/><V39/><F114/><W44/><G115/><T59/><D35/><U38/><E112/><V88/><F116/><W32/><G74/><T55/><D92/><U72/><E38/><V3/><F3/><W52/><G32/><T106/><D106/><U6/><REACH who="1" step="1"/><E133/><REACH who="1" ten="250,240,250,250" step="2"/><V7/><F39/><W70/><G129/><T34/><D131/><U13/><E13/><V83/><F36/><W64/><G0/><T102/><D130/><U110/><E110/><V85/><F101/><W82/><G97/><T80/><D111/><U132/><E132/><V79/><F7/><W33/><G33/><T78/><D102/><U37/><E37/><V113/><F113/><W109/><G109/><T50/><D34/><U62/><E62/><V24/><F24/><W8/><G60/><N who="0" m="38303" /><D77/><U2/><E2/><V104/><F79/><W53/><G14/><T123/><D123/><U128/><E128/><V94/><REACH who="2" step="1"/><F104/><REACH who="2" ten="250,240,240,250" step="2"/><W98/><G98/><T57/><D78/><U27/><E27/><V89/><F89/><W21/><G31/><N who="0" m="17831" /><D40/><U65/><E65/><V10/><F10/><W119/><G8/><T63/><AGARI ba="0,2" hai="46,50,54,55,57,63,80,81" m="17831,38303" machi="63" ten="30,1500,0" yaku="8,1" doraHai="121" who="0" fromWho="0" sc="250,35,240,-5,240,-5,250,-5" /><INIT seed="0,1,0,2,2,12" ten="285,235,235,245" oya="0" hai0="53,37,68,82,81,86,109,16,15,132,44,101,73" hai1="51,100,38,77,0,99,27,1,133,95,67,19,119" hai2="2,3,122,21,116,105,69,65,98,47,113,129,128" hai3="8,89,124,41,10,66,54,26,40,134,97,35,46"/><T79/><D132/><U130/><E119/><V111/><F122/><W56/><G134/><T112/><D112/><U33/><E38/><V108/><F113/><W83/><G66/><T58/><D68/><U24/><E133/><V22/><F116/><W30/><G124/><T52/><D109/><N who="2" m="42058" /><F47/><W118/><G118/><T61/><D101/><U7/><E130/><N who="2" m="50283" /><F22/><W114/><G114/><T50/><D37/><U80/><E67/><V117/><F117/><W32/><G32/><T43/><D82/><U42/><E33/><V71/><F21/><W45/><G45/><T60/><D73/><U96/><E42/><V104/><F98/><W34/><G34/><T91/><D79/><U107/><E96/><V49/><F49/><W23/><G35/><T64/><D61/><U76/><E107/><N who="2" m="41035" /><F65/><W17/><G97/><T75/><D75/><U126/><E51/><V36/><F36/><W110/><G110/><T29/><D29/><U48/><E48/><V85/><F85/><N who="3" m="50367" /><G46/><T59/><D59/><U84/><E99/><V57/><F57/><W14/><G10/><AGARI ba="1,0" hai="10,15,16,43,44,50,52,53,58,60,64,81,86,91" machi="10" ten="30,12000,1" yaku="7,1,8,1,52,1,54,2" doraHai="12" who="0" fromWho="3" sc="285,123,235,0,235,0,245,-123" /><INIT seed="0,2,0,2,1,125" ten="408,235,235,122" oya="0" hai0="101,116,62,5,111,79,32,100,11,33,27,104,86" hai1="113,95,0,119,16,22,63,15,96,8,80,74,18" hai2="94,43,67,105,120,1,36,26,89,134,99,128,91" hai3="118,97,3,17,117,126,64,83,93,106,19,7,70"/><T131/><D116/><U12/><E119/><V109/><F120/><W59/><G106/><T60/><D86/><U103/><E113/><V10/><F109/><W78/><G70/><T41/><D79/><U98/><E0/><V29/><F134/><W85/><G126/><T73/><D73/><U75/><E80/><V124/><F124/><W127/><G127/><T30/><D111/><U42/><E42/><V135/><F135/><W58/><G118/><T133/><D133/><U2/><E2/><V110/><F105/><W28/><G117/><T81/><D81/><U65/><REACH who="1" step="1"/><E96/><REACH who="1" ten="408,225,235,122" step="2"/><V123/><F99/><W108/><G108/><T46/><D41/><U34/><E34/><V50/><F1/><W90/><G3/><T20/><D33/><U44/><E44/><V88/><F43/><W53/><G7/><T71/><D46/><U130/><E130/><V37/><F128/><W76/><G76/><T23/><D32/><U13/><E13/><V121/><F110/><W102/><G78/><T31/><D5/><U55/><E55/><V4/><F4/><W112/><G112/><T52/><D52/><U49/><E49/><V48/><F50/><N who="3" m="31031" /><G28/><T82/><D31/><U72/><E72/><V68/><F29/><W35/><G35/><T77/><D30/><U69/><AGARI ba="2,1" hai="8,12,15,16,18,22,63,65,69,74,75,95,98,103" machi="69" ten="20,5200,0" yaku="1,1,0,1,7,1,54,1,53,0" doraHai="125" doraHaiUra="54" who="1" fromWho="1" sc="408,-28,225,68,235,-15,122,-15" /><INIT seed="1,0,0,3,0,35" ten="380,293,220,107" oya="1" hai0="92,45,103,69,71,16,32,59,62,107,114,67,105" hai1="120,98,37,30,68,43,128,93,83,90,49,130,46" hai2="22,81,78,6,56,132,113,129,50,52,125,111,102" hai3="110,3,122,24,54,135,134,28,12,94,53,13,86"/><U95/><E120/><V38/><F111/><W63/><G122/><T19/><D32/><U121/><E121/><V36/><F132/><N who="3" m="50731" /><G110/><T55/><D114/><U42/><E68/><V74/><F113/><W87/><G63/><T27/><D92/><U29/><E83/><V123/><F123/><W51/><G94/><T10/><D27/><U118/><E118/><V73/><F73/><W72/><G72/><T4/><D45/><U79/><E79/><V96/><F74/><W14/><G51/><T77/><D77/><U11/><E11/><V15/><F50/><W97/><G97/><T106/><D103/><U116/><E116/><V57/><F96/><W17/><G17/><T119/><D119/><U40/><E93/><V25/><F102/><W80/><G80/><T108/><D108/><U61/><E61/><V21/><F81/><W109/><G109/><T101/><D101/><U31/><REACH who="1" step="1"/><E37/><REACH who="1" ten="380,283,220,107" step="2"/><V26/><F38/><W100/><G100/><T85/><D71/><U126/><E126/><V44/><F125/><W75/><G75/><T104/><D104/><U131/><AGARI ba="0,1" hai="29,30,31,40,42,43,46,49,90,95,98,128,130,131" machi="131" ten="40,18000,2" yaku="1,1,0,1,19,1,53,3" doraHai="35" doraHaiUra="39" who="1" fromWho="1" sc="380,-60,283,190,220,-60,107,-60" /><INIT seed="1,1,0,3,4,97" ten="320,473,160,47" oya="1" hai0="0,124,81,46,131,54,10,55,75,12,120,4,17" hai1="94,83,80,99,82,105,19,134,16,45,84,22,92" hai2="58,60,8,24,62,56,130,49,127,37,33,117,100" hai3="28,9,11,5,125,26,114,93,50,27,29,77,66"/><U86/><E134/><V102/><F117/><W43/><G114/><T59/><D124/><U25/><E105/><V21/><F37/><W23/><G125/><T35/><D131/><U90/><E45/><V76/><F33/><W40/><G66/><T106/><D106/><U103/><REACH who="1" step="1"/><E19/><REACH who="1" ten="320,463,160,47" step="2"/><V72/><F127/><W69/><G29/><T36/><D17/><U67/><E67/><V129/><F129/><W71/><G28/><T61/><D46/><U122/><E122/><V3/><F130/><W41/><G43/><T20/><D120/><U39/><E39/><V47/><F47/><W52/><G41/><T89/><D36/><U126/><E126/><V91/><F58/><W107/><G40/><T42/><D59/><U119/><E119/><V116/><F56/><W123/><G107/><T79/><D42/><U118/><E118/><V7/><F116/><W73/><G123/><T101/><D55/><U132/><E132/><V133/><F133/><W70/><G70/><T31/><D54/><U2/><E2/><V65/><F3/><W14/><G69/><T110/><D0/><U128/><E128/><V88/><F65/><W48/><G71/><T18/><D18/><U38/><E38/><V63/><F7/><W34/><G52/><T96/><D4/><U51/><E51/><V113/><F49/><W6/><G50/><T115/><D31/><U53/><E53/><V74/><F62/><W15/><G48/><T135/><D135/><U32/><E32/><V104/><F63/><W44/><G34/><T1/><D35/><U57/><E57/><V109/><F104/><RYUUKYOKU ba="1,1" sc="320,-10,463,30,160,-10,47,-10" hai1="16,22,25,80,82,83,84,86,90,92,94,99,103" /><INIT seed="1,2,1,0,5,88" ten="310,493,150,37" oya="1" hai0="129,133,27,11,26,127,49,15,114,109,48,95,87" hai1="72,44,132,14,115,103,56,108,33,134,29,130,122" hai2="16,0,61,93,111,58,101,57,75,63,64,21,37" hai3="131,104,116,94,110,24,25,91,70,43,23,18,55"/><U78/><E115/><V47/><F75/><W6/><G110/><T59/><D114/><U68/><E122/><V46/><F0/><W107/><G131/><T125/><D109/><U22/><E68/><V79/><F79/><W74/><G116/><T30/><D129/><U17/><E130/><V2/><F2/><W73/><G70/><T119/><D119/><U106/><E108/><V3/><F3/><W52/><G6/><N who="0" m="3575" /><D133/><N who="1" m="51307" /><E44/><V84/><F37/><W35/><G43/><T124/><D59/><U65/><E78/><V99/><F84/><W89/><G35/><N who="0" m="20951" /><D27/><N who="1" m="18623" /><E72/><V123/><F123/><W102/><G102/><T113/><D113/><U12/><E12/><N who="2" m="9351" /><F111/><W40/><G40/><T96/><D87/><U121/><E121/><V4/><F4/><W80/><G80/><T51/><D48/><U112/><E112/><V31/><F31/><W66/><G66/><AGARI ba="2,1" hai="46,47,57,58,61,63,64,66,93,99,101" m="9351" machi="66" ten="30,3900,0" yaku="8,1,52,1,54,1" doraHai="88" who="2" fromWho="3" sc="310,0,493,0,150,55,37,-45" owari="310,11.0,493,59.3,205,-19.5,-8,-50.8" /></mjloggm>