<mjloggm ver="2.3"><GO type="225" lobby="0"/><UN n0="%E7%99%BD%E5%80%89%E5%AF%9B%E4%B9%8B" n1="%E3%83%96%E3%83%83%E3%83%91%E3%82%AA%E3%83%96%E3%83%81%E3%82%AD%E3%83%B3" n2="%E3%81%BE%E3%81%8B%E3%81%B7%E3%82%93" n3="%E3%81%AF%E3%82%88%E3%81%8A%E3%81%98%E3%81%95%E3%82%93" dan="16,16,16,17" rate="2113.12,2121.42,2084.94,2151.69" sx="M,M,M,M"/><TAIKYOKU oya="0"/><BYE who="3" /><INIT seed="0,0,0,1,5,21" ten="250,250,250,250" oya="0" hai0="82,131,107,2,37,79,19,36,27,11,91,105,53" hai1="134,112,61,129,130,55,13,83,7,108,26,113,117" hai2="78,122,96,74,89,5,119,52,8,59,70,60,66" hai3="9,14,16,63,127,43,76,118,24,86,100,15,110"/><T20/><D131/><N who="1" m="50187" /><E117/><V114/><F122/><W102/><G102/><T49/><D91/><U116/><E116/><UN n3="%E3%81%AF%E3%82%88%E3%81%8A%E3%81%98%E3%81%95%E3%82%93" /><V29/><F119/><W18/><G118/><T123/><D123/><U71/><E108/><V10/><F114/><N who="1" m="44137" /><E134/><V23/><F74/><W80/><G110/><T115/><D115/><U68/><E83/><V124/><F78/><W103/><G127/><T72/><D2/><U64/><E55/><V46/><F124/><W54/><G43/><T85/><D72/><U98/><E98/><V106/><F106/><W126/><G126/><T32/><D32/><U120/><E120/><V125/><F125/><W90/><G76/><T56/><REACH who="0" step="1"/><D11/><REACH who="0" ten="240,250,250,250" step="2"/><N who="1" m="4351" /><E71/><V132/><F70/><W88/><G90/><T50/><D50/><U4/><E4/><V31/><F5/><W17/><G100/><T128/><D128/><U84/><E84/><V101/><F89/><W95/><G103/><T57/><D57/><U22/><E22/><V25/><F132/><W1/><G1/><T48/><D48/><U97/><E97/><V133/><F133/><W47/><G88/><T94/><D94/><U33/><E33/><V45/><F96/><W39/><G95/><T93/><D93/><U111/><E111/><V99/><F99/><W34/><G86/><T109/><D109/><U73/><E73/><V30/><F101/><W87/><G87/><T12/><D12/><U3/><E3/><V77/><F77/><W104/><G14/><T40/><D40/><U0/><E0/><V6/><F23/><W38/><G34/><T41/><D41/><U28/><E68/><V42/><F42/><RYUUKYOKU ba="0,1" sc="240,30,250,-10,250,-10,250,-10" hai0="19,20,27,36,37,49,53,56,79,82,85,105,107" /><INIT seed="0,1,1,5,3,17" ten="270,240,240,240" oya="0" hai0="101,35,108,48,97,75,105,13,1,16,15,89,109" hai1="49,57,117,36,78,115,72,76,122,4,5,77,28" hai2="114,86,128,93,81,135,120,95,14,3,113,27,32" hai3="39,9,61,90,84,50,6,69,87,74,112,12,119"/><T103/><D1/><U129/><E117/><V127/><F3/><W83/><G39/><T33/><D75/><U60/><E122/><V38/><F38/><W100/><G74/><T104/><D89/><U66/><E36/><V31/><F120/><W110/><G119/><T65/><D65/><U46/><E72/><V62/><F135/><W53/><G112/><T22/><D48/><U71/><E129/><V20/><F128/><W51/><G110/><N who="0" m="42603" /><D13/><U25/><E71/><V40/><F127/><W8/><G100/><N who="0" m="38475" /><D97/><U107/><E107/><AGARI ba="1,1" hai="15,16,22,33,35,104,105,107" m="38475,42603" machi="107" ten="30,11600,0" yaku="14,1,10,1,52,1,54,1" doraHai="17" who="0" fromWho="1" sc="270,129,240,-119,240,0,240,0" /><INIT seed="0,2,0,2,2,28" ten="399,121,240,240" oya="0" hai0="68,31,40,71,16,116,108,61,77,96,33,37,50" hai1="26,122,65,88,21,63,56,81,64,80,120,90,17" hai2="131,60,76,58,103,2,10,19,101,34,39,99,106" hai3="15,85,70,30,3,73,114,5,91,0,134,87,84"/><T89/><D116/><U110/><E110/><V127/><F131/><W13/><G114/><T29/><D77/><U72/><E65/><V124/><F39/><W97/><G73/><T53/><D37/><U35/><E35/><V113/><F113/><W4/><G70/><T100/><D40/><U1/><E1/><V104/><F76/><W117/><G117/><T82/><D61/><U86/><REACH who="1" step="1"/><E72/><REACH who="1" ten="399,111,240,240" step="2"/><V102/><F34/><W46/><G0/><T66/><D33/><U45/><E45/><V78/><F2/><W128/><G46/><T118/><D66/><U125/><E125/><V32/><F32/><W14/><G3/><T130/><D118/><U115/><E115/><V79/><F127/><W75/><G75/><T51/><D108/><U92/><E92/><V22/><F124/><W109/><G109/><T74/><D74/><U93/><E93/><V107/><F107/><W112/><G112/><T27/><D130/><U69/><E69/><V55/><F106/><W42/><G128/><T98/><D71/><U123/><E123/><V48/><F104/><W9/><G4/><T133/><D68/><U44/><E44/><V38/><F38/><W18/><G5/><T7/><D7/><U95/><E95/><V135/><F58/><W20/><G87/><AGARI ba="2,1" hai="17,21,26,56,63,64,80,81,86,87,88,90,120,122" machi="87" ten="40,8000,1" yaku="1,1,9,1,54,1,53,1" doraHai="28" doraHaiUra="54" who="1" fromWho="3" sc="399,0,111,96,240,0,240,-86" /><INIT seed="1,0,0,3,4,37" ten="399,207,240,154" oya="1" hai0="82,41,64,110,6,77,122,11,134,99,29,71,28" hai1="60,48,2,108,65,45,83,109,81,121,88,18,67" hai2="44,50,58,117,49,46,13,97,114,53,4,5,35" hai3="107,87,74,26,62,52,85,127,131,56,126,30,32"/><U8/><E121/><V132/><F117/><W95/><G74/><T54/><D110/><N who="1" m="42603" /><E67/><V120/><F120/><W101/><G131/><T94/><D64/><U115/><E115/><V22/><F35/><W103/><G107/><T69/><D134/><U61/><E61/><V125/><F132/><W19/><G19/><T106/><D106/><U111/><N who="1" m="42611" /><U130/><DORA hai="116" /><E130/><V135/><F135/><W47/><G47/><T76/><D122/><U15/><E2/><V112/><F125/><N who="3" m="47627" /><G95/><T86/><D71/><N who="1" m="42407" /><E88/><V128/><F128/><W105/><G105/><T75/><D69/><U78/><E78/><V84/><F114/><W10/><G10/><T51/><D77/><U12/><E15/><V39/><F112/><W24/><G26/><T123/><D123/><U100/><E100/><AGARI ba="0,0" hai="24,30,32,52,56,62,85,87,100,101,103" m="47627" machi="100" ten="30,2000,0" yaku="18,1,54,1" doraHai="37,116" who="3" fromWho="1" sc="399,0,207,-20,240,0,154,20" /><INIT seed="2,0,0,5,3,60" ten="399,187,240,174" oya="2" hai0="46,61,43,66,112,58,78,115,13,74,92,62,76" hai1="127,134,28,133,36,122,65,64,100,69,110,132,117" hai2="102,126,96,24,39,15,97,119,22,45,67,29,123" hai3="93,130,105,85,106,30,27,44,19,121,7,1,2"/><V72/><F119/><W33/><G121/><T95/><D74/><U50/><E117/><V21/><F123/><W108/><G108/><T8/><D112/><U38/><E122/><V111/><F72/><W23/><G130/><T17/><D115/><U53/><E69/><V71/><F126/><W18/><G18/><T124/><D62/><U81/><E100/><V51/><F111/><W80/><G93/><N who="0" m="35915" /><D124/><U73/><E28/><V116/><F39/><N who="1" m="14889" /><E110/><V91/><F116/><W109/><G44/><T40/><D46/><N who="1" m="27863" /><E127/><V83/><F71/><W6/><G109/><T32/><D32/><U63/><E63/><V25/><F102/><W87/><G87/><T55/><D55/><U37/><N who="1" m="14897" /><U99/><DORA hai="104" /><E99/><V26/><F97/><W129/><G129/><T79/><AGARI ba="0,0" hai="8,13,17,40,43,58,61,66,76,78,79" m="35915" machi="79" ten="30,2000,0" yaku="8,1,52,1" doraHai="60,104" who="0" fromWho="0" sc="399,20,187,-5,240,-10,174,-5" /><INIT seed="3,0,0,2,1,93" ten="419,182,230,169" oya="3" hai0="49,29,27,127,83,85,108,59,89,56,3,25,129" hai1="4,94,100,52,5,130,134,6,132,31,1,78,19" hai2="45,7,84,82,117,79,8,133,2,55,109,103,48" hai3="101,37,53,87,97,21,111,77,26,68,119,92,42"/><W75/><G119/><T88/><D3/><U43/><E130/><V15/><F109/><W54/><G68/><T18/><D108/><U36/><E31/><V112/><F133/><N who="1" m="51305" /><E78/><V44/><F117/><W102/><G111/><T105/><D105/><U11/><E52/><N who="3" m="20074" /><G37/><T58/><D49/><U81/><E81/><V123/><F123/><W71/><G71/><T47/><D47/><N who="1" m="24039" /><E19/><V60/><F112/><W22/><G75/><T125/><D27/><U96/><AGARI ba="0,0" hai="1,4,5,6,11,94,96,100" m="24039,51305" machi="96" ten="30,2000,0" yaku="20,1,52,1" doraHai="93" who="1" fromWho="1" sc="419,-5,182,20,230,-5,169,-10" owari="414,51.4,202,-19.8,225,2.5,159,-34.1" /></mjloggm>