<mjloggm ver="2.3"><GO type="225" lobby="0"/><UN n0="%E5%B8%86%E7%AB%8B%E5%A4%8F%E8%A1%A3" n1="%E5%AF%82%E5%AF%9E%E3%82%AE%E3%83%8D%E3%82%B9%E3%83%93%E3%83%BC%E3%83%AB" n2="%E3%81%90%E3%81%A1%E3%82%84%E3%81%BE" n3="%E3%83%81%E3%83%AF%E3%83%AF%E9%9A%8A%E9%95%B7" dan="17,16,16,16" rate="2164.25,2171.02,2140.61,2107.80" sx="M,M,M,M"/><TAIKYOKU oya="0"/><INIT seed="0,0,0,0,5,18" ten="250,250,250,250" oya="0" hai0="50,5,72,124,87,28,42,125,133,43,17,116,45" hai1="21,135,120,131,85,41,13,67,80,129,79,104,19" hai2="27,74,98,3,11,132,115,88,14,1,121,58,66" hai3="40,24,15,2,8,54,39,89,36,103,69,63,94"/><T51/><D72/><U92/><E104/><V113/><F121/><W10/><G103/><T128/><D5/><U84/><E120/><V55/><F74/><W82/><G2/><T77/><D28/><U81/><E135/><V20/><F66/><W52/><G24/><T49/><D133/><U110/><E110/><V29/><F132/><W96/><G82/><N who="0" m="47567" /><D116/><U83/><E41/><V93/><F115/><W106/><G106/><T109/><D109/><U47/><E47/><V60/><REACH who="2" step="1"/><F113/><REACH who="2" ten="250,250,240,250" step="2"/><W31/><G36/><T108/><D108/><U127/><E67/><V86/><F86/><W114/><G39/><T91/><D125/><U7/><E127/><V37/><F37/><W73/><G114/><T102/><D124/><U23/><E85/><V123/><F123/><W0/><G73/><T107/><D128/><U134/><E134/><V90/><F90/><W117/><G89/><T34/><D91/><N who="1" m="53351" /><E131/><V100/><F100/><W130/><G130/><T126/><D102/><U12/><E129/><V97/><F97/><W75/><G96/><T4/><D126/><U95/><E79/><V59/><F59/><W112/><G75/><T6/><D45/><U76/><E76/><V119/><F119/><W48/><G117/><T33/><D43/><U32/><E80/><V68/><F68/><W105/><G40/><T65/><D42/><U56/><E83/><V64/><F64/><W101/><G112/><T25/><D65/><U26/><E81/><V38/><F38/><W30/><G69/><T22/><D107/><U44/><E56/><V99/><F99/><W53/><G105/><RYUUKYOKU ba="0,1" sc="250,15,250,-15,240,15,250,-15" hai0="4,6,17,22,25,33,34,49,50,51" hai2="1,3,11,14,20,27,29,55,58,60,88,93,98" /><INIT seed="0,1,1,4,0,63" ten="265,235,255,235" oya="0" hai0="82,51,69,75,131,89,96,4,95,130,22,65,23" hai1="121,134,109,61,108,56,127,18,117,40,44,64,45" hai2="123,42,32,79,84,47,100,16,94,129,78,135,132" hai3="115,122,87,8,104,111,76,125,124,128,1,58,34"/><T88/><D4/><U62/><E117/><V57/><F32/><W10/><G115/><T9/><D9/><U49/><E121/><V102/><F129/><N who="0" m="49162" /><D51/><N who="1" m="27015" /><E18/><V72/><F72/><W39/><G128/><T99/><D99/><U36/><E134/><N who="2" m="51243" /><F123/><W97/><G39/><T30/><D30/><U80/><E80/><N who="2" m="47127" /><F57/><W53/><G34/><T103/><D103/><U5/><E5/><V14/><F94/><W107/><G122/><T35/><D35/><U71/><E36/><N who="2" m="21959" /><F79/><W126/><G76/><N who="0" m="44319" /><D89/><U85/><E85/><V2/><F2/><W120/><G1/><T91/><D91/><U83/><E83/><V74/><F74/><W86/><G120/><T52/><D52/><N who="1" m="29743" /><E127/><V101/><F101/><W12/><G124/><T59/><D59/><U19/><E19/><V6/><F6/><W26/><G125/><T113/><D113/><U24/><E56/><V31/><F31/><W114/><G126/><T54/><D54/><U110/><E108/><V27/><F27/><W77/><G111/><T119/><D119/><U11/><E109/><V81/><F81/><W17/><G114/><T70/><D70/><U0/><E24/><V29/><F29/><W20/><G26/><T60/><AGARI ba="1,1" hai="22,23,60,65,69,88,95,96" m="44319,49162" machi="60" ten="30,6000,0" yaku="19,1,52,1,54,1" doraHai="63" who="0" fromWho="0" sc="265,73,235,-21,255,-21,235,-21" /><INIT seed="0,2,0,2,0,9" ten="338,214,234,214" oya="0" hai0="115,134,94,96,36,116,75,133,89,119,123,122,126" hai1="83,87,64,56,103,24,101,97,32,91,124,28,72" hai2="55,27,95,0,21,15,38,17,7,10,25,23,135" hai3="11,6,29,108,26,39,54,35,105,18,31,46,19"/><T66/><D36/><U114/><E124/><V90/><F38/><W100/><G108/><T68/><D68/><U106/><E114/><V76/><F135/><N who="0" m="51722" /><D115/><U63/><E103/><V48/><F76/><W20/><G105/><T16/><D126/><U57/><REACH who="1" step="1"/><E72/><REACH who="1" ten="338,204,234,214" step="2"/><V14/><F0/><W125/><G100/><T79/><D122/><U40/><E40/><V107/><F107/><W88/><G125/><T42/><D123/><U102/><E102/><V73/><F73/><W117/><G117/><T59/><D42/><U111/><E111/><V41/><F41/><W71/><G39/><T47/><D116/><U34/><E34/><V2/><F2/><W84/><G35/><T43/><D119/><U129/><E129/><V77/><F77/><W50/><G71/><AGARI ba="2,1" hai="24,28,32,56,57,63,64,71,83,87,91,97,101,106" machi="71" ten="30,8000,1" yaku="1,1,7,1,25,2,53,1" doraHai="9" doraHaiUra="86" who="1" fromWho="3" sc="338,0,204,96,234,0,214,-86" /><INIT seed="1,0,0,2,0,40" ten="338,300,234,128" oya="1" hai0="124,135,117,99,130,86,97,77,11,24,100,54,78" hai1="38,111,26,81,87,34,15,132,89,39,41,32,4" hai2="101,131,3,119,66,5,0,105,90,80,118,83,23" hai3="43,122,53,25,35,27,102,20,18,103,2,48,116"/><U121/><E121/><V59/><F131/><W1/><G122/><T42/><D117/><U19/><E132/><V129/><F129/><W12/><G43/><T7/><D130/><U76/><E111/><V114/><F114/><W16/><G116/><T79/><D124/><U120/><E120/><V51/><F105/><W14/><G1/><T113/><D113/><U96/><E4/><V29/><F101/><W17/><G2/><T109/><D42/><U64/><E64/><V125/><F125/><W8/><G18/><T46/><D135/><U104/><E26/><N who="3" m="9738" /><G35/><T127/><D109/><U36/><E41/><V56/><F0/><W33/><G33/><T67/><D67/><U57/><E57/><AGARI ba="0,0" hai="8,12,14,16,17,20,48,53,57,102,103" m="9738" machi="57" ten="30,2000,0" yaku="8,1,54,1" doraHai="40" who="3" fromWho="1" sc="338,0,300,-20,234,0,128,20" /><INIT seed="2,0,0,3,3,89" ten="338,280,234,148" oya="2" hai0="130,41,114,72,105,64,63,26,48,100,37,127,76" hai1="4,92,45,67,56,10,112,44,125,0,69,49,128" hai2="121,133,5,21,85,81,3,32,84,116,117,46,18" hai3="22,96,101,77,111,38,20,13,12,103,9,98,79"/><V119/><F121/><W57/><G38/><T74/><D114/><U7/><E112/><V87/><F32/><W28/><G111/><T132/><D48/><U55/><E128/><V60/><F133/><W107/><G57/><T62/><D62/><U43/><E125/><V68/><F46/><W23/><G28/><T106/><D127/><U24/><E7/><V91/><F5/><W129/><G129/><T39/><D132/><U135/><E135/><V126/><F3/><W80/><G9/><T61/><D130/><U40/><E24/><V33/><F33/><W90/><G90/><T93/><D26/><U82/><E82/><V95/><F126/><W73/><REACH who="3" step="1"/><G77/><REACH who="3" ten="338,280,234,138" step="2"/><T94/><D76/><U97/><E69/><V118/><N who="2" m="29696" /><DORA hai="58" /><V108/><F108/><W25/><G25/><T120/><D120/><U54/><E67/><V16/><F68/><W65/><G65/><T110/><D64/><U2/><E56/><V36/><F36/><W66/><G66/><T78/><D78/><U70/><E70/><V27/><F60/><W15/><G15/><T124/><D110/><U99/><E0/><V35/><F35/><W59/><G59/><T31/><D124/><U122/><E122/><V8/><REACH who="2" step="1"/><F81/><REACH who="2" ten="338,280,224,138" step="2"/><W52/><G52/><T6/><D39/><U19/><E55/><V11/><F11/><W50/><G50/><T14/><D37/><U17/><E54/><V86/><F86/><W109/><G109/><T83/><D83/><U30/><E10/><V88/><F88/><W51/><G51/><T113/><D63/><U53/><E49/><V134/><F134/><RYUUKYOKU ba="0,2" sc="338,-15,280,-15,224,15,138,15" hai2="8,16,18,21,27,84,85,87,91,95" hai3="12,13,20,22,23,73,79,80,96,98,101,103,107" /><INIT seed="2,1,2,2,5,39" ten="323,265,239,153" oya="2" hai0="16,126,128,116,83,68,67,114,121,6,120,134,130" hai1="111,79,105,46,99,52,44,45,54,88,118,8,49" hai2="41,96,58,93,66,122,132,59,30,87,1,43,86" hai3="9,28,84,23,47,82,63,112,61,5,62,101,115"/><V7/><F122/><W102/><G47/><T56/><D114/><N who="3" m="43561" /><G23/><T27/><D116/><U60/><E118/><V74/><F74/><W12/><G28/><T55/><D126/><U25/><E111/><V127/><F127/><W95/><G95/><T65/><D134/><U20/><E79/><AGARI ba="1,2" hai="5,9,12,61,62,63,79,82,84,101,102" m="43561" machi="79" ten="30,1000,0" yaku="11,1" doraHai="39" who="3" fromWho="1" sc="323,0,265,-13,239,0,153,33" /><INIT seed="3,0,0,5,1,37" ten="323,252,239,186" oya="3" hai0="123,21,58,18,50,131,35,79,33,8,46,29,100" hai1="43,2,49,87,41,101,129,113,34,9,27,103,124" hai2="16,104,125,74,51,57,118,108,14,53,91,112,69" hai3="90,6,42,68,56,71,85,84,19,31,12,114,3"/><W116/><G114/><T128/><D58/><U32/><E113/><V121/><F112/><W23/><G116/><T97/><D79/><U70/><E70/><V75/><F118/><W88/><G31/><T4/><D29/><U83/><E129/><N who="0" m="49737" /><D123/><U62/><E62/><V119/><F119/><W15/><G3/><N who="0" m="31" /><D46/><U10/><E2/><V98/><F121/><W52/><G42/><T115/><D50/><U107/><E49/><V76/><F108/><W45/><G45/><T82/><D82/><U25/><E83/><V44/><F69/><W7/><G68/><T77/><D77/><U94/><E107/><V47/><F14/><W13/><G71/><T17/><D115/><U105/><E105/><V5/><F98/><W28/><G28/><T39/><D39/><U133/><E87/><N who="3" m="33354" /><G6/><T80/><D80/><U67/><E94/><V86/><F104/><W66/><G66/><T92/><D18/><U63/><E67/><V36/><F5/><W61/><G7/><T55/><D55/><U102/><E34/><V117/><F117/><W126/><G126/><T1/><D1/><U106/><E124/><V22/><F125/><W127/><G127/><T109/><D109/><U73/><E32/><V96/><F36/><W122/><G122/><T24/><AGARI ba="0,0" hai="17,21,24,33,35,92,97,100" m="31,49737" machi="24" ten="30,1100,0" yaku="19,1" doraHai="37" who="0" fromWho="0" sc="323,11,252,-3,239,-3,186,-5" owari="334,43.4,249,4.9,236,-16.4,181,-31.9" /></mjloggm>