<mjloggm ver="2.3"><GO type="225" lobby="0"/><UN n0="%E6%81%A5%E6%99%92%E3%81%97" n1="%E3%81%8B%E3%82%8F%E3%81%A1%E3%82%83%E3%82%93%35%38" n2="%E3%83%96%E3%83%83%E3%83%91%E3%82%AA%E3%83%96%E3%83%81%E3%82%AD%E3%83%B3" n3="%E3%82%B3%E3%83%90%E3%83%AC%E3%82%A4" dan="16,16,16,16" rate="2117.10,2128.00,2134.51,2175.89" sx="M,M,M,M"/><TAIKYOKU oya="0"/><INIT seed="0,0,0,2,2,91" ten="250,250,250,250" oya="0" hai0="64,36,28,3,8,9,5,123,78,1,45,121,63" hai1="50,122,30,92,88,89,27,94,67,80,135,77,32" hai2="24,20,49,69,40,22,14,93,129,111,115,7,74" hai3="31,71,107,76,6,97,108,53,103,55,120,133,134"/><T70/><D28/><U81/><E122/><V106/><F115/><W68/><G6/><T58/><D78/><U4/><E135/><N who="3" m="51722" /><G120/><T18/><D58/><U102/><E102/><V12/><F106/><W87/><G31/><T19/><D19/><U35/><E4/><V57/><F69/><N who="3" m="26699" /><G108/><T37/><D1/><U15/><E67/><V29/><F74/><W86/><G76/><T109/><D109/><U118/><E118/><V54/><F129/><W44/><G44/><T85/><D85/><AGARI ba="0,0" hai="53,55,85,86,87,97,103,107" m="26699,51722" machi="85" ten="30,1000,0" yaku="20,1" doraHai="91" who="3" fromWho="0" sc="250,-10,250,0,250,0,250,10" /><INIT seed="1,0,0,2,2,131" ten="240,250,250,260" oya="1" hai0="84,122,5,86,62,83,2,98,78,12,20,97,123" hai1="111,35,32,124,15,113,94,50,114,129,85,46,91" hai2="109,121,10,13,44,58,132,49,28,61,68,110,79" hai3="100,41,76,103,39,90,99,95,96,125,74,81,45"/><U134/><E129/><V77/><F68/><W14/><G125/><T33/><D33/><U18/><E124/><V108/><F28/><W47/><G47/><T119/><D119/><U36/><E36/><V53/><F121/><N who="0" m="46090" /><D2/><U117/><E117/><V128/><F132/><W66/><G66/><T87/><D62/><U29/><E111/><V127/><F128/><W6/><G99/><N who="0" m="37899" /><D20/><U17/><E17/><V135/><F135/><W51/><G39/><T3/><D3/><U73/><E73/><V118/><F118/><W106/><G106/><T19/><D19/><U0/><E0/><V40/><REACH who="2" step="1"/><F127/><REACH who="2" ten="240,250,240,260" step="2"/><W34/><G34/><T133/><D133/><U80/><E134/><V102/><F102/><W26/><G103/><T56/><D56/><U7/><E32/><V21/><F21/><W82/><G100/><T37/><D37/><U70/><E70/><V11/><F11/><AGARI ba="0,1" hai="5,11,12,78,83,84,86,87" m="37899,46090" machi="11" ten="30,1000,0" yaku="13,1" doraHai="131" who="0" fromWho="2" sc="240,20,250,0,240,-10,260,0" /><INIT seed="2,0,0,0,4,52" ten="260,250,230,260" oya="2" hai0="89,112,117,15,48,101,71,126,113,78,135,123,107" hai1="110,87,83,60,102,20,99,115,3,2,81,47,25" hai2="36,55,132,34,58,40,42,30,128,76,92,18,50" hai3="121,24,105,134,104,82,56,59,35,95,19,116,77"/><V75/><F128/><W9/><G116/><T133/><D71/><U70/><E115/><N who="0" m="44105" /><D15/><U33/><E110/><V88/><F132/><N who="0" m="50762" /><D117/><U14/><E14/><V85/><F36/><W45/><G134/><T26/><D26/><U122/><E47/><V63/><F34/><W93/><G121/><T96/><D123/><U46/><E46/><V98/><F30/><W62/><G45/><T68/><D68/><U7/><E83/><N who="2" m="47335" /><F75/><W100/><G9/><T90/><D126/><U43/><E43/><N who="2" m="16427" /><F18/><W97/><G19/><T32/><D32/><U17/><E7/><V91/><F91/><N who="0" m="34826" /><D48/><AGARI ba="0,0" hai="48,50,55,58,63,88,92,98" m="16427,47335" machi="48" ten="30,5800,0" yaku="8,1,52,1,54,1" doraHai="52" who="2" fromWho="0" sc="260,-58,250,0,230,58,260,0" /><INIT seed="2,1,0,4,1,105" ten="202,250,288,260" oya="2" hai0="11,80,101,64,34,78,77,124,107,128,84,98,52" hai1="38,24,23,6,89,41,35,17,102,0,75,3,1" hai2="69,115,135,28,88,7,5,9,15,68,120,72,81" hai3="87,86,106,10,32,61,113,49,51,47,91,95,48"/><V39/><F115/><W14/><G32/><T99/><D34/><U134/><E75/><V92/><F120/><W53/><G106/><T37/><D37/><U131/><E102/><V29/><F39/><W19/><G113/><T74/><D64/><U33/><E89/><V133/><F5/><W31/><G31/><T50/><D124/><U117/><E41/><V97/><F29/><W93/><G61/><T60/><D128/><U22/><E38/><V122/><F28/><W12/><G12/><T94/><D60/><U25/><E117/><V76/><REACH who="2" step="1"/><F122/><REACH who="2" ten="202,250,278,260" step="2"/><W100/><G100/><T20/><D11/><N who="1" m="2503" /><E131/><V109/><F109/><W45/><G47/><T21/><D21/><U13/><E134/><AGARI ba="1,1" hai="7,9,15,68,69,72,76,81,88,92,97,133,134,135" machi="134" ten="40,12000,1" yaku="1,1,20,1,52,1,54,1,53,1" doraHai="105" doraHaiUra="73" who="2" fromWho="1" sc="202,0,250,-123,278,133,260,0" /><INIT seed="2,2,0,1,4,3" ten="202,127,411,260" oya="2" hai0="58,44,16,74,95,98,117,0,56,72,124,96,8" hai1="109,7,121,17,1,88,29,13,78,38,12,82,22" hai2="32,14,27,87,48,26,101,39,46,83,126,66,9" hai3="77,24,65,81,60,54,31,92,90,85,94,41,61"/><V47/><F126/><W127/><G127/><T130/><D124/><U4/><E1/><V68/><F32/><W80/><G41/><T30/><D30/><U11/><E38/><V33/><F33/><W6/><G54/><T86/><D130/><U135/><E135/><V129/><F101/><W106/><G106/><T49/><D117/><U111/><E121/><V105/><F105/><W132/><G132/><T84/><D0/><U108/><E29/><V133/><F129/><W76/><G61/><T93/><D44/><U19/><REACH who="1" step="1"/><E88/><REACH who="1" ten="202,117,411,260" step="2"/><V15/><F39/><W110/><G90/><T50/><D8/><U120/><E120/><V128/><F9/><W55/><G80/><T53/><D53/><U62/><E62/><V99/><F83/><W35/><G55/><T23/><D23/><U40/><E40/><V79/><F128/><W102/><G77/><T113/><D113/><U43/><E43/><V34/><F79/><W36/><G36/><T103/><D103/><U28/><E28/><V18/><F34/><W37/><G37/><T125/><D125/><U59/><E59/><V112/><F112/><W20/><G35/><T100/><D100/><U64/><E64/><V21/><F66/><W52/><G52/><T71/><D71/><U2/><E2/><V51/><F68/><W89/><G102/><T104/><D104/><U97/><E97/><V116/><F99/><W10/><G76/><T91/><D91/><U69/><E69/><V75/><F133/><W114/><G114/><T63/><D63/><U107/><E107/><V73/><F21/><W25/><G20/><RYUUKYOKU ba="2,1" sc="202,15,117,15,411,-15,260,-15" hai0="16,49,50,56,58,72,74,84,86,93,95,96,98" hai1="4,7,11,12,13,17,19,22,78,82,108,109,111" /><INIT seed="3,3,1,4,1,19" ten="217,132,396,245" oya="3" hai0="40,94,82,93,101,99,125,42,116,31,133,103,11" hai1="48,100,92,124,39,43,38,98,46,81,22,63,115" hai2="64,69,109,118,65,20,36,87,54,30,76,132,15" hai3="27,77,104,126,23,50,135,5,56,33,44,16,9"/><W2/><G104/><T119/><D31/><U95/><E124/><V47/><F118/><W130/><G126/><T28/><D125/><U84/><E115/><V78/><F69/><W24/><G135/><T108/><D133/><U75/><E75/><V55/><F36/><W60/><G77/><N who="2" m="29801" /><F109/><W106/><G106/><T73/><D11/><U18/><E95/><V12/><F87/><W117/><G117/><T88/><D108/><U25/><REACH who="1" step="1"/><E63/><REACH who="1" ten="217,122,396,245" step="2"/><V8/><F132/><W90/><G130/><T13/><D116/><U68/><E68/><V51/><F55/><W53/><G33/><T66/><D119/><U112/><E112/><V122/><F122/><W1/><G1/><T91/><D73/><U29/><E29/><V45/><F45/><W3/><G3/><T111/><D111/><U86/><E86/><V72/><F72/><W14/><REACH who="3" step="1"/><G90/><AGARI ba="3,2" hai="18,22,25,38,39,43,46,48,81,84,90,92,98,100" machi="90" ten="30,3900,0" yaku="1,1,7,1,52,1,53,0" doraHai="19" doraHaiUra="129" who="1" fromWho="3" sc="217,0,122,68,396,0,245,-48" owari="217,1.7,190,-31.0,396,49.6,197,-20.3" /></mjloggm>