<mjloggm ver="2.3"><GO type="225" lobby="0"/><UN n0="%E6%81%A5%E6%99%92%E3%81%97" n1="%E7%89%B9%E6%9D%B1%E5%96%B0%E8%B5%A4%E9%80%9F" n2="%E5%B8%86%E7%AB%8B%E5%A4%8F%E8%A1%A3" n3="%E3%81%BF%E3%81%BF%E3%81%9A" dan="16,16,17,18" rate="2145.08,2029.73,2187.83,2241.21" sx="M,M,M,M"/><TAIKYOKU oya="0"/><INIT seed="0,0,0,5,4,74" ten="250,250,250,250" oya="0" hai0="109,100,68,98,24,101,102,38,55,6,26,106,57" hai1="99,39,67,25,113,47,30,9,111,36,103,43,37" hai2="134,3,107,118,85,119,114,89,16,0,75,18,46" hai3="88,53,121,132,97,45,60,92,66,28,10,22,20"/><T59/><D38/><U32/><E111/><V19/><F114/><W94/><G132/><T5/><D109/><U42/><E113/><V76/><F107/><W61/><G121/><T87/><D68/><U135/><E135/><V105/><F134/><W71/><G28/><T82/><D106/><U15/><E42/><V117/><F105/><W112/><G112/><T122/><D122/><U123/><E67/><V86/><F46/><W125/><G125/><T78/><D98/><U96/><E123/><V127/><F127/><W129/><G129/><T83/><D83/><U50/><REACH who="1" step="1"/><E103/><REACH who="1" ten="250,240,250,250" step="2"/><V77/><F75/><W27/><G66/><T90/><D90/><U13/><E13/><V1/><REACH who="2" step="1"/><F89/><REACH who="2" ten="250,240,240,250" step="2"/><W115/><G88/><T31/><D100/><U7/><AGARI ba="0,2" hai="7,9,15,25,30,32,36,37,39,43,47,50,96,99" machi="7" ten="30,2000,0" yaku="1,1,0,1,53,0" doraHai="74" doraHaiUra="126" who="1" fromWho="1" sc="250,-10,240,40,240,-5,250,-5" /><INIT seed="1,0,0,0,3,91" ten="240,280,235,245" oya="1" hai0="133,101,53,0,115,35,59,96,134,72,51,82,11" hai1="70,21,14,26,132,15,9,46,85,24,13,44,41" hai2="20,64,121,54,49,100,2,38,50,114,68,62,71" hai3="99,6,130,112,65,31,106,3,1,40,39,27,33"/><U129/><E70/><N who="2" m="42263" /><F20/><W122/><G112/><T105/><D115/><U126/><E129/><V88/><F88/><W117/><G130/><T81/><D35/><U74/><E74/><V57/><F100/><W93/><G122/><T116/><D116/><U109/><E132/><N who="0" m="50793" /><D72/><U4/><E126/><V78/><F78/><W79/><G117/><T19/><D19/><U102/><E109/><V61/><F2/><W25/><G106/><T58/><D59/><U127/><E127/><V119/><F119/><W18/><G65/><T94/><D105/><U76/><E102/><V87/><F87/><W28/><G18/><T47/><D47/><U131/><E131/><V36/><F121/><W16/><G79/><T55/><D53/><U29/><E24/><V43/><F114/><W80/><G80/><T123/><D123/><U8/><E8/><V42/><F71/><W111/><G111/><T135/><N who="0" m="50801" /><T66/><DORA hai="32" /><D66/><U56/><E4/><AGARI ba="0,0" hai="0,4,11,51,55,58,81,82,94,96,101" m="50801" machi="4" ten="40,5200,0" yaku="20,1,52,2" doraHai="91,32" who="0" fromWho="1" sc="240,52,280,-52,235,0,245,0" /><INIT seed="2,0,0,4,5,10" ten="292,228,235,245" oya="2" hai0="113,97,85,128,81,20,37,17,69,104,111,114,33" hai1="32,132,127,63,80,43,26,109,38,66,6,87,89" hai2="52,16,65,58,0,15,54,48,84,124,18,19,7" hai3="135,11,42,25,134,78,34,115,77,75,117,103,96"/><V101/><F124/><W49/><G117/><T50/><D37/><U71/><E109/><V55/><F0/><W133/><G115/><T35/><D111/><U62/><E127/><V70/><F101/><W13/><G75/><T99/><D69/><U24/><E132/><V21/><F70/><W107/><G42/><T8/><D8/><U72/><E6/><V23/><F7/><N who="3" m="3327" /><G49/><T116/><D116/><U112/><E112/><V119/><F119/><W47/><G47/><T76/><D128/><U90/><E72/><V88/><F65/><W46/><G46/><T130/><D130/><U53/><E32/><V68/><F68/><W64/><G64/><T2/><D2/><U4/><E4/><V125/><F125/><W79/><G25/><T91/><D50/><U94/><E43/><V102/><F102/><W120/><G34/><T41/><D41/><U61/><E38/><V121/><F121/><AGARI ba="0,0" hai="77,78,79,96,103,107,120,121,133,134,135" m="3327" machi="121" ten="40,2600,0" yaku="20,1,52,1" doraHai="10" who="3" fromWho="2" sc="292,0,228,0,235,-26,245,26" /><INIT seed="3,0,0,2,2,65" ten="292,228,209,271" oya="3" hai0="79,133,123,128,43,41,54,1,77,37,127,39,113" hai1="109,88,17,21,12,115,7,124,15,98,50,23,100" hai2="76,75,93,122,80,47,129,36,44,6,104,125,106" hai3="107,114,81,130,89,30,94,68,14,38,105,20,16"/><W18/><G114/><T99/><D123/><U121/><E115/><V66/><F122/><W4/><G38/><T63/><D113/><U101/><E121/><V22/><F125/><W35/><G68/><T84/><D1/><U78/><E109/><V13/><F129/><W119/><G119/><T55/><D99/><U5/><E78/><V51/><F66/><W110/><G81/><T96/><D96/><U120/><E50/><V57/><F57/><W91/><G91/><T49/><D49/><U86/><E124/><V42/><F93/><W9/><G18/><T19/><D19/><N who="1" m="10471" /><E120/><V126/><F126/><W3/><G110/><T25/><D127/><U131/><E131/><V97/><F97/><N who="3" m="57551" /><G130/><T134/><D128/><U46/><E46/><V58/><F58/><W56/><G56/><T73/><D84/><U28/><E28/><V90/><F90/><W82/><G82/><T72/><D63/><U0/><E0/><V26/><F6/><N who="1" m="2057" /><E98/><V103/><F103/><W95/><G95/><AGARI ba="0,0" hai="15,17,23,86,88,95,100,101" m="2057,10471" machi="95" ten="30,2000,0" yaku="8,1,54,1" doraHai="65" who="1" fromWho="3" sc="292,0,228,20,209,0,271,-20" /><INIT seed="4,0,0,5,2,42" ten="292,248,209,251" oya="0" hai0="34,133,97,75,4,67,59,79,70,130,68,20,58" hai1="125,84,36,49,92,96,85,135,11,39,6,104,131" hai2="33,106,21,57,56,121,15,112,32,76,62,66,115" hai3="105,124,109,45,86,60,14,132,69,126,38,122,23"/><T93/><D34/><U44/><E131/><V74/><F106/><W29/><G105/><T117/><D117/><U53/><E135/><V119/><F121/><W17/><G109/><T40/><D130/><U46/><E125/><N who="3" m="48234" /><G132/><T73/><D70/><U26/><E26/><V27/><F119/><W1/><G1/><T13/><D68/><U94/><E104/><V82/><F57/><W80/><G29/><T78/><D75/><U107/><E36/><V25/><F15/><W134/><G134/><T5/><D73/><U18/><E18/><V99/><F99/><W2/><G2/><T113/><D40/><U123/><E123/><V102/><F102/><W22/><G22/><T116/><D113/><N who="2" m="43594" /><F27/><W64/><G38/><T37/><D37/><U65/><E39/><V83/><F82/><W48/><G122/><T120/><D116/><U81/><E107/><V100/><F100/><W35/><G35/><T88/><D120/><U54/><E65/><V19/><AGARI ba="0,0" hai="19,21,25,32,33,56,62,66,74,76,83" m="43594" machi="19" ten="30,1100,0" yaku="15,1" doraHai="42" who="2" fromWho="2" sc="292,-5,248,-3,209,11,251,-3" /><INIT seed="5,0,0,0,0,113" ten="287,245,220,248" oya="1" hai0="46,3,28,14,7,127,117,114,131,107,119,19,66" hai1="32,73,25,61,94,79,20,38,39,77,33,59,58" hai2="55,16,104,43,80,63,24,62,47,57,130,98,135" hai3="96,103,132,118,5,64,70,8,15,75,106,11,17"/><U35/><E94/><V72/><F135/><W93/><G75/><T0/><D107/><U54/><E58/><V90/><F130/><W134/><G64/><T42/><D114/><U126/><E126/><V60/><F72/><W129/><G70/><T112/><D112/><U92/><E92/><N who="2" m="56599" /><F104/><W31/><G31/><T123/><D66/><U45/><E73/><V27/><F80/><W10/><G129/><T89/><D131/><U100/><E100/><V87/><F87/><W111/><G111/><T41/><D127/><U91/><E91/><V125/><F125/><W52/><G106/><T37/><D123/><U2/><E2/><V4/><F4/><W122/><G122/><T26/><D42/><U67/><E38/><V110/><F110/><W83/><G83/><T105/><D89/><U12/><E12/><V108/><F108/><W115/><G115/><T74/><D105/><U53/><E39/><V29/><F29/><W133/><G118/><N who="0" m="45067" /><D74/><U101/><E101/><V65/><F65/><W71/><G71/><T21/><D7/><U124/><E124/><V128/><F128/><W121/><G121/><T109/><D109/><U69/><E69/><V13/><F27/><W44/><G5/><T18/><D18/><N who="1" m="12439" /><E67/><V9/><F24/><W99/><G99/><T1/><D1/><U97/><E97/><V36/><F36/><W50/><AGARI ba="0,0" hai="8,10,11,15,17,44,50,52,93,96,103,132,133,134" machi="50" ten="40,5200,0" yaku="0,1,20,1,54,1" doraHai="113" who="3" fromWho="3" sc="287,-13,245,-26,220,-13,248,52" owari="274,7.4,219,-18.1,207,-29.3,300,40.0" /></mjloggm>