<mjloggm ver="2.3"><GO type="225" lobby="0"/><UN n0="%E6%B8%A9%E2%98%85%E6%83%85%E2%98%85%E6%8E%AA%E2%98%85%E7%BD%AE" n1="%E3%83%81%E3%83%AF%E3%83%AF%E9%9A%8A%E9%95%B7" n2="%43%68%65" n3="%E6%97%A5%E6%9B%9C%E6%97%A5%E3%82%88%E3%82%8A%E3%81%AE%E4%BD%BF%E8%80%85" dan="17,16,16,16" rate="2193.24,2110.16,2124.80,2140.32" sx="M,M,M,M"/><TAIKYOKU oya="0"/><INIT seed="0,0,0,2,0,51" ten="250,250,250,250" oya="0" hai0="54,22,42,107,56,43,105,111,21,20,45,48,31" hai1="83,95,104,8,9,61,10,24,15,80,93,133,89" hai2="98,7,119,120,94,118,132,25,29,79,32,64,109" hai3="82,34,99,134,74,121,55,12,0,3,88,114,122"/><T5/><D111/><U115/><E104/><V14/><F120/><N who="3" m="46187" /><G114/><T18/><D31/><U46/><E115/><V106/><F106/><W2/><G134/><T57/><D107/><U70/><E133/><V124/><F132/><W100/><G34/><T17/><D5/><U125/><E125/><V86/><F124/><W49/><G12/><T78/><D105/><U41/><E15/><V108/><F64/><W30/><G30/><T92/><D78/><U23/><E61/><V129/><F129/><W50/><G50/><T47/><D92/><U117/><E70/><V6/><F86/><N who="3" m="50263" /><G74/><T11/><D11/><U35/><E35/><V36/><F79/><W123/><N who="3" m="46195" /><W97/><DORA hai="13" /><G100/><T66/><D66/><U77/><E8/><N who="2" m="4375" /><F7/><W40/><G40/><N who="0" m="15403" /><D47/><AGARI ba="0,0" hai="0,2,3,47,49,55,97,99" m="50263,46195" machi="47" ten="50,6400,0" yaku="13,1,52,1,54,1" doraHai="51,13" who="3" fromWho="0" sc="250,-64,250,0,250,0,250,64" /><INIT seed="1,0,0,4,4,87" ten="186,250,250,314" oya="1" hai0="45,58,84,69,126,5,133,119,35,135,11,103,127" hai1="91,97,43,29,53,55,56,15,80,77,131,90,116" hai2="111,54,78,118,8,46,9,73,92,86,110,83,123" hai3="41,30,17,96,115,22,64,95,107,24,52,49,38"/><U6/><E116/><V21/><F123/><W113/><G107/><T117/><D103/><U132/><E132/><N who="0" m="50761" /><D69/><U82/><E131/><V4/><F118/><N who="0" m="45066" /><D45/><U68/><E68/><V65/><F65/><W42/><G64/><T10/><D58/><U112/><E112/><V106/><F106/><W61/><G61/><T101/><D101/><U70/><E70/><V81/><F92/><W134/><G134/><T89/><D35/><U7/><E43/><V102/><F102/><W60/><G60/><T16/><D5/><U85/><E29/><V71/><F71/><W66/><G66/><T51/><D51/><U57/><E97/><V76/><F4/><W67/><G67/><T94/><D16/><U34/><E34/><V40/><F54/><W28/><G115/><T1/><D1/><U27/><E6/><V128/><F46/><N who="3" m="27703" /><G38/><T37/><D37/><U79/><E56/><V26/><F40/><N who="3" m="15467" /><G113/><T63/><D63/><U48/><E57/><V33/><F33/><W88/><AGARI ba="0,0" hai="17,22,24,28,30,88,95,96" m="15467,27703" machi="88" ten="30,7900,0" yaku="8,1,52,1,54,2" doraHai="87" who="3" fromWho="3" sc="186,-20,250,-39,250,-20,314,79" /><INIT seed="2,0,0,2,1,106" ten="166,211,230,393" oya="2" hai0="112,69,50,44,73,85,126,28,10,105,40,95,53" hai1="20,80,119,46,37,111,51,81,101,24,91,49,54" hai2="43,124,97,58,3,35,76,134,98,127,18,87,32" hai3="96,115,38,66,125,88,8,4,129,82,23,83,135"/><V0/><F134/><W31/><G38/><T75/><D105/><U132/><E119/><V29/><F43/><W21/><G66/><T121/><D112/><U34/><E34/><V42/><F42/><W59/><G135/><T86/><D121/><U130/><E132/><V116/><F18/><W92/><G125/><N who="2" m="48201" /><F58/><W2/><G129/><T63/><D126/><U128/><E37/><V99/><F116/><W7/><G115/><T100/><D28/><U113/><E113/><V104/><F104/><W47/><G7/><T61/><D10/><U12/><E111/><V17/><F17/><W102/><G47/><T16/><D100/><U110/><E110/><V19/><F19/><W131/><G131/><T90/><D86/><U89/><E101/><V64/><F64/><W78/><G31/><T67/><REACH who="0" step="1"/><D16/><REACH who="0" ten="156,211,230,393" step="2"/><U52/><E130/><V70/><F29/><W120/><G120/><T108/><D108/><U68/><E128/><V6/><F6/><W11/><G4/><T72/><D72/><U36/><E20/><V74/><F87/><N who="3" m="48599" /><G21/><T114/><D114/><U22/><E22/><V5/><F5/><W26/><G8/><T60/><D60/><U71/><E24/><V117/><F74/><W79/><G11/><T45/><D45/><U107/><E107/><V13/><F117/><W84/><G23/><T93/><D93/><U123/><E123/><V15/><F35/><W55/><G26/><T14/><D14/><N who="2" m="5130" /><F32/><W41/><G2/><T33/><D33/><U25/><E12/><V27/><F27/><W122/><G122/><T48/><D48/><U62/><E25/><RYUUKYOKU ba="0,1" sc="156,30,211,-10,230,-10,393,-10" hai0="40,44,50,53,61,63,67,69,73,75,85,90,95" /><INIT seed="3,1,1,1,1,94" ten="186,201,220,383" oya="3" hai0="60,88,117,5,42,56,93,84,15,80,101,112,89" hai1="39,99,120,47,125,65,110,51,40,105,35,31,132" hai2="79,72,87,53,86,25,133,24,2,4,43,119,3" hai3="49,6,90,32,116,55,45,10,26,34,18,9,58"/><W91/><G116/><T46/><D117/><U14/><E120/><V108/><F119/><W75/><G75/><T52/><D112/><U54/><E65/><V7/><F72/><W76/><G76/><T63/><D101/><U98/><E105/><V129/><F43/><W111/><G32/><T103/><D103/><U50/><E110/><V107/><F107/><W92/><G34/><T106/><D106/><U29/><E125/><V36/><F36/><W16/><G26/><T118/><D118/><U19/><E132/><V109/><F53/><W113/><G10/><N who="0" m="4559" /><D63/><U66/><E66/><V30/><F79/><W64/><G91/><N who="0" m="53479" /><D80/><U17/><E39/><V83/><F133/><W59/><G59/><T124/><D124/><U57/><E19/><V82/><F30/><N who="1" m="11273" /><E35/><V69/><F129/><W1/><G18/><T62/><D60/><U21/><AGARI ba="1,1" hai="14,17,21,40,47,50,51,54,57,98,99" m="11273" machi="21" ten="30,4000,0" yaku="8,1,52,2" doraHai="94" who="1" fromWho="1" sc="186,-11,201,53,220,-11,383,-21" owari="175,-32.5,254,5.4,209,-19.1,362,46.2" /></mjloggm>