<mjloggm ver="2.3"><GO type="225" lobby="0"/><UN n0="%70%68%65%6E%6F%6D%65" n1="%E3%81%BF%E3%81%BF%E3%81%9A" n2="%E5%85%83%E3%82%AB%E3%83%8E%E7%B3%BB%E3%83%92%E3%83%AD%E3%82%A4%E3%83%B3" n3="%E6%A1%9C%E8%8A%B1%E9%96%83%E3%80%85" dan="16,18,16,16" rate="2172.21,2253.39,2156.59,2155.11" sx="M,M,M,M"/><TAIKYOKU oya="0"/><INIT seed="0,0,0,3,1,19" ten="250,250,250,250" oya="0" hai0="49,34,51,32,35,97,89,79,11,17,42,53,39" hai1="68,122,111,27,44,58,92,66,22,117,37,63,105" hai2="36,99,75,71,72,91,115,109,114,123,133,112,46" hai3="47,40,61,94,67,31,116,77,103,124,7,102,26"/><T130/><D130/><U21/><E105/><V4/><F71/><W106/><G116/><T55/><D79/><U18/><E117/><V132/><F123/><W41/><G106/><T2/><D39/><U14/><E122/><V119/><F119/><W65/><G124/><T23/><D42/><U60/><E111/><V121/><F121/><W33/><G7/><T87/><D97/><U134/><E134/><N who="2" m="51819" /><F109/><W43/><G77/><T24/><D11/><U64/><E44/><V15/><F4/><W125/><G125/><T108/><D2/><U45/><E45/><V131/><F15/><W54/><G94/><T76/><D76/><U135/><E135/><V48/><F36/><W100/><G47/><T129/><D129/><U113/><E113/><V9/><F9/><W126/><G126/><T95/><REACH who="0" step="1"/><D108/><REACH who="0" ten="240,250,250,250" step="2"/><U0/><E37/><V62/><F131/><W28/><G43/><T110/><D110/><U1/><REACH who="1" step="1"/><E92/><REACH who="1" ten="240,240,250,250" step="2"/><V80/><F114/><W83/><G41/><T50/><AGARI ba="0,2" hai="17,23,24,32,34,35,49,50,51,53,55,87,89,95" machi="50" ten="40,7800,0" yaku="1,1,0,1,52,1,53,0" doraHai="19" doraHaiUra="3" who="0" fromWho="0" sc="240,98,240,-26,250,-26,250,-26" /><INIT seed="0,1,0,4,2,109" ten="338,214,224,224" oya="0" hai0="114,100,65,42,81,46,2,68,98,77,36,97,82" hai1="86,84,39,62,72,44,30,35,24,113,38,40,111" hai2="116,123,135,112,14,61,32,41,119,31,133,20,51" hai3="27,33,55,22,25,0,102,103,93,5,130,54,80"/><T9/><D82/><U134/><E72/><V115/><F123/><W125/><G125/><T78/><D78/><U106/><E106/><V132/><F32/><W7/><G130/><T95/><D65/><U71/><E111/><V6/><F61/><W19/><G80/><T66/><D66/><U37/><E134/><V75/><F75/><W10/><G7/><T50/><D68/><U59/><E71/><V110/><F110/><W17/><G33/><T8/><D114/><N who="2" m="43562" /><F31/><W47/><G47/><T89/><D36/><U91/><E113/><V124/><F124/><W63/><G93/><T4/><D9/><U16/><E16/><N who="2" m="10263" /><F6/><W104/><G63/><T118/><D77/><U26/><E26/><V21/><F21/><W74/><G74/><T69/><D69/><U127/><E127/><V122/><F122/><W90/><G19/><T3/><D3/><U67/><REACH who="1" step="1"/><E84/><REACH who="1" ten="338,204,224,224" step="2"/><V49/><F41/><W117/><G27/><T70/><D70/><U94/><AGARI ba="1,1" hai="24,30,35,37,38,39,40,44,59,62,67,86,91,94" machi="94" ten="20,8000,1" yaku="1,1,2,1,0,1,7,1,53,1" doraHai="109" doraHaiUra="88" who="1" fromWho="1" sc="338,-41,204,93,224,-21,224,-21" /><INIT seed="1,0,0,1,2,41" ten="297,297,203,203" oya="1" hai0="15,134,84,44,99,113,133,88,78,55,92,90,17" hai1="120,28,23,48,51,25,115,110,86,98,131,100,8" hai2="26,73,49,123,135,71,74,1,20,77,18,21,59" hai3="11,89,124,118,64,7,19,103,125,5,43,102,2"/><U95/><E115/><V32/><F71/><W132/><G132/><N who="0" m="50795" /><D113/><U46/><E120/><V29/><F135/><W24/><G118/><T39/><D78/><U129/><E110/><V67/><F123/><W56/><G43/><N who="0" m="22655" /><D55/><U101/><E51/><V107/><F107/><W80/><G7/><T66/><D66/><U106/><E8/><V68/><F1/><W76/><G89/><N who="0" m="53287" /><D99/><U58/><E58/><V10/><F68/><W63/><G124/><T3/><D3/><U13/><E13/><V70/><F70/><W91/><G125/><T6/><D6/><U130/><E86/><V54/><F67/><W62/><G62/><T47/><D47/><U108/><E108/><V34/><F10/><AGARI ba="0,0" hai="10,15,17,88,90" m="53287,22655,50795" machi="10" ten="30,3900,0" yaku="20,1,52,1,54,1" doraHai="41" who="0" fromWho="2" sc="297,39,297,0,203,-39,203,0" /><INIT seed="2,0,0,3,3,18" ten="336,297,164,203" oya="2" hai0="37,64,122,33,43,126,133,20,128,73,105,15,107" hai1="85,132,13,115,32,10,93,55,103,65,118,101,119" hai2="86,125,48,92,28,26,116,47,96,16,12,53,112" hai3="91,23,130,49,76,131,58,52,94,75,61,121,57"/><V27/><F112/><W38/><G121/><T70/><RYUUKYOKU type="yao9" ba="0,0" sc="336,0,297,0,164,0,203,0" hai0="15,20,33,37,43,64,70,73,105,107,122,126,128,133" /><INIT seed="2,1,0,5,3,87" ten="336,297,164,203" oya="2" hai0="6,47,100,121,84,120,31,112,78,88,126,77,0" hai1="15,56,133,109,127,16,115,134,11,104,122,101,45" hai2="135,4,38,18,114,13,110,14,58,25,34,71,70" hai3="55,61,116,53,69,37,111,64,60,91,118,35,48"/><V107/><F114/><W75/><G75/><T113/><D31/><U41/><E115/><N who="0" m="44105" /><D6/><U57/><E109/><V90/><F110/><W79/><G111/><T65/><D47/><U5/><E127/><V52/><F135/><N who="1" m="51721" /><E122/><N who="0" m="47209" /><D65/><U27/><E101/><V103/><F38/><W73/><G91/><T85/><D0/><U50/><E104/><V49/><F103/><W42/><G73/><T66/><D66/><U80/><E80/><V3/><F107/><W117/><G79/><N who="0" m="30219" /><D100/><U24/><E5/><V108/><F108/><W67/><G35/><T83/><D85/><U54/><E57/><V95/><F3/><W92/><G37/><AGARI ba="1,0" hai="11,15,16,24,27,37,41,45,50,54,56" m="51721" machi="37" ten="30,2000,0" yaku="20,1,54,1" doraHai="87" who="1" fromWho="3" sc="336,0,297,23,164,0,203,-23" /><INIT seed="3,0,0,5,4,54" ten="336,320,164,180" oya="3" hai0="13,132,88,8,98,59,43,74,87,39,11,1,16" hai1="127,134,76,112,100,94,63,116,48,83,123,77,30" hai2="101,34,60,3,131,12,67,78,38,133,99,124,73" hai3="86,95,72,49,23,79,37,84,19,21,56,7,32"/><W40/><G32/><T33/><D74/><U96/><E123/><V65/><F3/><W126/><G126/><T17/><D33/><U69/><E112/><V129/><F124/><W91/><G37/><T108/><D108/><U109/><E127/><V27/><F38/><W75/><G7/><T5/><D132/><U125/><E125/><V71/><F133/><W64/><G75/><T2/><D98/><U57/><E134/><V81/><F65/><W53/><G72/><T89/><D2/><U46/><E109/><V6/><F12/><W122/><G122/><T20/><D59/><U104/><E116/><V44/><F44/><N who="3" m="25735" /><G64/><T114/><D114/><U52/><E30/><N who="2" m="19807" /><F6/><W111/><G111/><T55/><D55/><N who="1" m="34239" /><E104/><V22/><F22/><W18/><G79/><N who="1" m="30282" /><E69/><V82/><F82/><AGARI ba="0,0" hai="46,48,52,82,83,94,96,100" m="30282,34239" machi="82" ten="30,3900,0" yaku="8,1,52,1,54,1" doraHai="54" who="1" fromWho="2" sc="336,0,320,39,164,-39,180,0" owari="336,13.6,359,45.9,125,-37.5,180,-22.0" /></mjloggm>