<mjloggm ver="2.3"><GO type="225" lobby="0"/><UN n0="%E3%82%8F%E3%81%8B%E3%81%B0%2A%E3%82%AC%E3%83%BC%E3%83%AB" n1="%E3%83%A9%E3%83%BC%E3%83%A1%E3%83%B3%E4%BA%94%E9%83%8E" n2="%E3%81%BF%E3%81%BF%E3%81%9A" n3="%E5%B8%86%E7%AB%8B%E5%A4%8F%E8%A1%A3" dan="16,16,17,17" rate="2112.96,2151.28,2241.38,2243.97" sx="M,M,M,M"/><TAIKYOKU oya="0"/><INIT seed="0,0,0,3,4,112" ten="250,250,250,250" oya="0" hai0="135,46,110,45,86,118,28,51,32,132,53,62,15" hai1="74,94,37,20,100,66,40,35,129,70,75,13,114" hai2="36,116,10,89,3,33,96,73,126,58,17,115,83" hai3="27,63,93,105,12,119,130,34,29,117,31,109,123"/><T69/><D32/><U44/><E35/><V30/><F115/><W99/><G31/><T82/><D28/><U18/><E114/><V4/><F58/><W84/><G84/><T98/><D110/><U88/><E129/><V21/><F96/><W101/><G93/><T103/><D45/><U71/><E100/><V95/><F95/><W7/><G109/><T56/><D69/><U26/><E71/><V38/><F89/><W24/><G24/><T108/><D108/><U122/><E122/><V49/><F49/><W2/><G130/><T60/><D15/><U57/><E70/><V79/><F126/><W102/><G102/><T43/><D62/><U48/><E26/><N who="2" m="18647" /><F116/><N who="3" m="44619" /><G63/><T5/><D5/><U14/><E14/><AGARI ba="0,0" hai="3,4,10,14,17,21,36,38,73,79,83" m="18647" machi="14" ten="30,1000,0" yaku="24,1" doraHai="112" who="2" fromWho="1" sc="250,0,250,-10,250,10,250,0" /><INIT seed="1,0,0,1,0,56" ten="250,240,260,250" oya="1" hai0="69,121,83,60,14,48,61,52,4,49,79,62,91" hai1="93,94,27,38,20,96,87,39,40,19,44,132,6" hai2="36,73,32,128,7,76,50,22,129,3,117,12,37" hai3="80,127,10,42,33,114,16,89,109,26,102,41,67"/><U18/><E132/><V0/><F117/><W106/><G114/><T55/><D69/><U105/><E105/><V75/><F32/><W86/><G109/><T131/><D131/><N who="2" m="50250" /><F50/><N who="0" m="19562" /><D79/><U124/><E124/><V24/><F12/><W70/><G127/><T53/><D121/><U119/><E119/><V25/><F76/><W30/><G10/><N who="0" m="4423" /><D91/><U110/><E110/><V112/><F112/><W46/><G46/><T28/><D83/><U107/><E107/><V104/><F104/><W126/><G126/><T81/><D81/><U64/><E38/><N who="2" m="14955" /><F7/><W118/><G16/><T133/><D133/><U21/><E6/><V99/><F99/><W115/><G115/><T47/><D47/><U54/><E87/><V95/><F95/><W135/><G135/><T11/><D11/><U113/><E113/><V34/><F34/><W100/><G100/><T125/><D125/><U108/><E108/><V88/><F88/><W101/><G101/><T15/><D15/><U65/><E94/><V103/><F103/><W68/><G118/><T59/><D28/><U130/><E130/><V90/><F90/><W111/><G111/><T74/><D74/><N who="2" m="28170" /><F22/><W92/><G92/><T123/><D123/><U8/><E21/><V57/><F57/><AGARI ba="0,0" hai="52,53,55,57,59,60,61,62" m="4423,19562" machi="57" ten="40,8000,1" yaku="8,1,52,3,54,1" doraHai="56" who="0" fromWho="2" sc="250,80,240,0,260,-80,250,0" /><INIT seed="2,0,0,2,0,113" ten="330,240,180,250" oya="2" hai0="107,25,8,85,63,130,92,64,26,111,127,0,112" hai1="103,49,121,86,20,21,133,11,84,9,39,6,128" hai2="37,22,97,44,35,15,114,66,105,58,102,135,33" hai3="83,36,101,3,30,19,51,28,2,43,100,76,16"/><V61/><F114/><W73/><G36/><T12/><D112/><U109/><E39/><V56/><F135/><W132/><G132/><T119/><D107/><U62/><E133/><V125/><F125/><W69/><G69/><T55/><D127/><U67/><E109/><V122/><F122/><W60/><G60/><T108/><D0/><U54/><E121/><V14/><F56/><W95/><G95/><T90/><D130/><U5/><E128/><V27/><F35/><W98/><G51/><T87/><D87/><N who="1" m="33323" /><E103/><V57/><F57/><W104/><G43/><T120/><D120/><U10/><E62/><V129/><F33/><W106/><G3/><T48/><D119/><U47/><E67/><V74/><F74/><W81/><G2/><T117/><D117/><U53/><E53/><V42/><REACH who="2" step="1"/><F129/><REACH who="2" ten="330,240,170,250" step="2"/><W116/><G73/><T34/><D34/><U7/><AGARI ba="0,1" hai="5,6,7,9,10,11,20,21,47,49,54" m="33323" machi="7" ten="40,1500,0" yaku="8,1" doraHai="113" who="1" fromWho="1" sc="330,-4,240,25,170,-7,250,-4" /><INIT seed="3,0,0,5,5,53" ten="326,265,163,246" oya="3" hai0="87,1,40,119,33,49,73,109,59,130,3,86,61" hai1="72,108,27,78,48,74,124,43,113,122,30,52,20" hai2="76,80,63,18,118,131,25,66,36,132,115,95,38" hai3="62,123,55,32,92,67,23,112,93,82,107,44,98"/><W15/><G112/><T111/><D119/><U71/><E122/><V102/><F115/><W7/><G123/><T46/><D130/><U69/><E113/><V58/><F118/><W129/><G129/><T110/><D33/><U0/><E0/><N who="0" m="73" /><D73/><U89/><E108/><V103/><F131/><W135/><G135/><T24/><D24/><U41/><E124/><V81/><F132/><W29/><G82/><T94/><D94/><U21/><E78/><V6/><F6/><W101/><G55/><AGARI ba="0,0" hai="40,46,49,55,59,61,86,87,109,110,111" m="73" machi="55" ten="40,2600,0" yaku="14,1,52,1" doraHai="53" who="0" fromWho="3" sc="326,26,265,0,163,0,246,-26" owari="352,45.2,265,6.5,163,-33.7,220,-18.0" /></mjloggm>