<mjloggm ver="2.3"><GO type="225" lobby="0"/><UN n0="%77%72%77%72%77%72%77%72" n1="%E6%9C%88%E5%B3%B6%E5%9F%BA" n2="%E6%98%93%E5%88%A9%E8%96%A9%E4%BC%AF" n3="%E4%BF%BA%E3%81%A8%E5%A6%96%E5%A4%A2" dan="17,16,17,16" rate="2158.84,2151.09,2159.84,2111.03" sx="M,M,F,F"/><TAIKYOKU oya="0"/><INIT seed="0,0,0,4,5,77" ten="250,250,250,250" oya="0" hai0="78,79,120,118,8,36,98,22,19,90,23,58,84" hai1="50,43,5,87,16,75,88,89,82,117,124,38,26" hai2="51,99,33,126,45,18,125,17,130,113,59,96,105" hai3="85,80,68,44,119,42,72,3,27,66,29,54,73"/><T2/><D118/><U86/><E117/><V56/><F33/><W35/><G119/><T34/><D120/><U122/><E122/><V31/><F31/><W103/><G3/><T12/><D36/><U127/><E38/><V55/><F113/><W115/><G115/><T6/><D98/><U91/><E5/><V21/><F130/><W49/><G103/><T116/><D116/><U123/><E123/><V28/><F28/><W102/><G102/><T46/><D34/><U65/><E65/><V111/><F111/><W100/><G100/><T9/><D58/><U76/><E50/><V53/><F45/><W106/><G106/><T129/><D129/><U62/><E62/><V134/><F21/><W10/><G10/><T131/><D131/><U7/><E7/><V133/><REACH who="2" step="1"/><F51/><REACH who="2" ten="250,250,240,250" step="2"/><W32/><G35/><T61/><D46/><U24/><E43/><V0/><F0/><W97/><G42/><T74/><D22/><N who="1" m="13383" /><E26/><V92/><F92/><W14/><G27/><T83/><D23/><U109/><E109/><V112/><F112/><W70/><G32/><T41/><D61/><U39/><E39/><V121/><F121/><W15/><G49/><T132/><D41/><U95/><E95/><V47/><F47/><W101/><G44/><T135/><D135/><U107/><E107/><AGARI ba="0,1" hai="17,18,53,55,56,59,96,99,105,107,125,126,133,134" machi="107" ten="25,3200,0" yaku="1,1,22,2,53,0" doraHai="77" doraHaiUra="4" who="2" fromWho="1" sc="250,0,250,-32,240,42,250,0" /><INIT seed="1,0,0,2,5,54" ten="250,218,282,250" oya="1" hai0="18,0,105,109,108,78,3,99,45,27,15,90,82" hai1="126,6,16,115,120,10,59,114,69,74,42,65,88" hai2="97,66,19,95,83,61,92,125,26,104,124,33,17" hai3="101,11,40,71,67,7,28,112,76,24,21,131,34"/><U102/><E120/><V63/><F104/><W47/><G112/><T2/><D27/><U130/><E69/><V50/><F83/><W118/><G131/><T117/><D117/><U94/><E74/><V116/><F116/><W107/><G118/><T37/><D90/><U122/><E122/><V77/><F77/><W20/><G76/><T31/><D31/><U75/><E75/><V119/><F119/><W30/><G30/><T5/><D5/><U55/><E130/><V58/><F33/><W46/><G46/><T103/><D45/><U84/><E126/><N who="2" m="48747" /><F50/><W22/><G101/><T8/><REACH who="0" step="1"/><D37/><REACH who="0" ten="240,218,282,250" step="2"/><U51/><E102/><V52/><F26/><W89/><G89/><T4/><D4/><U106/><E6/><V14/><F19/><W49/><G24/><T73/><AGARI ba="0,1" hai="0,2,3,8,15,18,73,78,82,99,103,105,108,109" machi="73" ten="40,2700,0" yaku="1,1,0,1,53,0" doraHai="54" doraHaiUra="134" who="0" fromWho="0" sc="240,37,218,-13,282,-7,250,-7" /><INIT seed="2,0,0,4,3,41" ten="277,205,275,243" oya="2" hai0="96,5,21,97,39,91,73,43,128,51,54,6,80" hai1="22,48,125,84,75,119,7,122,49,44,50,92,90" hai2="104,130,124,37,19,10,66,113,99,105,67,120,55" hai3="106,131,9,132,112,102,4,0,26,2,56,108,70"/><V36/><F113/><W8/><G70/><T123/><D123/><U62/><E119/><V126/><F120/><W129/><G112/><T32/><D32/><U3/><E122/><V93/><F10/><W63/><G108/><T72/><D128/><N who="3" m="49225" /><G132/><T101/><D39/><U33/><E33/><V79/><F79/><W83/><G83/><T57/><D43/><U60/><E75/><V45/><F19/><W69/><G69/><T127/><D127/><N who="2" m="48682" /><F130/><W85/><G85/><N who="0" m="50599" /><D72/><U76/><E125/><V107/><F55/><N who="3" m="34207" /><G26/><T29/><D73/><U16/><E76/><V64/><F45/><W14/><G9/><T61/><D61/><N who="1" m="23659" /><E7/><N who="0" m="2569" /><D101/><AGARI ba="0,0" hai="36,37,64,66,67,93,99,101,104,105,107" m="48682" machi="101" ten="40,2000,0" yaku="18,1" doraHai="41" who="2" fromWho="0" sc="277,-20,205,0,275,20,243,0" /><INIT seed="2,1,0,5,3,23" ten="257,205,295,243" oya="2" hai0="125,66,127,133,115,46,12,104,40,24,42,32,57" hai1="118,54,89,60,47,132,33,117,106,55,43,94,80" hai2="114,44,71,0,10,21,30,90,22,26,14,18,9" hai3="70,50,109,131,19,85,121,135,25,116,61,11,102"/><V35/><F71/><W124/><G116/><T73/><D104/><U37/><E106/><V76/><F76/><W7/><G121/><T83/><D115/><U29/><E132/><V67/><F67/><W84/><G135/><T28/><D133/><U63/><E80/><V130/><F114/><W64/><G109/><T39/><D12/><U68/><E117/><V81/><F130/><W107/><G131/><T2/><D2/><U108/><E118/><V129/><F129/><W86/><G124/><N who="0" m="47691" /><D40/><U16/><E108/><V69/><F69/><W51/><G102/><T52/><D66/><U99/><E68/><V49/><F9/><W105/><G105/><T36/><D83/><U101/><E101/><V79/><F0/><W96/><G96/><T93/><D93/><U15/><E55/><N who="2" m="30119" /><F79/><W53/><G107/><T92/><D92/><U45/><E54/><V75/><F75/><W78/><G78/><T120/><D73/><U72/><E72/><V110/><F110/><W128/><G128/><T122/><D39/><U56/><E56/><V27/><F26/><W123/><G123/><T77/><D77/><U97/><E47/><V113/><F113/><W95/><G53/><T13/><D13/><U58/><E58/><V3/><F3/><W82/><G51/><AGARI ba="1,0" hai="24,28,32,36,42,46,51,52,57,120,122" m="47691" machi="51" ten="30,3900,0" yaku="18,1,52,1,54,1" doraHai="23" who="0" fromWho="3" sc="257,42,205,0,295,0,243,-42" /><INIT seed="3,0,0,3,5,121" ten="299,205,295,201" oya="3" hai0="24,66,72,11,20,40,124,113,73,17,32,3,28" hai1="45,62,94,64,69,99,36,43,42,132,90,47,25" hai2="34,127,118,67,117,26,0,131,96,74,78,70,14" hai3="114,19,100,49,128,104,119,95,29,56,18,54,16"/><W51/><G114/><T55/><D113/><U134/><REACH who="1" step="1"/><E25/><REACH who="1" ten="299,195,295,201" step="2"/><V133/><F26/><W116/><G104/><T4/><D24/><U85/><E85/><V107/><F118/><W58/><G29/><T21/><D28/><U84/><E84/><V88/><F117/><W65/><G128/><T89/><D73/><U35/><E35/><V60/><F34/><W23/><G119/><T86/><D72/><U13/><E13/><V7/><F14/><N who="3" m="9623" /><G116/><T31/><D86/><U101/><E101/><V52/><F74/><W8/><G8/><T38/><D11/><U15/><E15/><V82/><F131/><W10/><G10/><T123/><D31/><U125/><E125/><V46/><F127/><W63/><G51/><AGARI ba="0,1" hai="36,42,43,45,47,51,62,64,69,90,94,99,132,134" machi="51" ten="40,2600,0" yaku="21,2,53,0" doraHai="121" doraHaiUra="77" who="1" fromWho="3" sc="299,0,195,36,295,0,201,-26" /><INIT seed="4,0,0,5,2,14" ten="299,231,295,175" oya="0" hai0="8,10,103,13,53,26,92,78,5,49,46,106,113" hai1="108,96,64,7,36,70,43,100,18,132,31,39,126" hai2="73,90,6,33,80,86,50,125,65,35,117,45,81" hai3="3,115,51,4,66,102,118,79,122,114,107,20,37"/><T123/><D123/><U57/><E108/><V62/><F125/><W121/><G37/><T93/><D113/><N who="3" m="43017" /><G66/><T22/><D78/><U68/><E7/><V94/><F6/><W19/><G79/><T67/><D67/><U27/><E132/><V105/><F105/><W28/><G102/><T135/><D135/><U11/><E39/><V99/><F73/><W16/><G107/><T55/><D55/><U76/><E76/><V71/><F81/><W61/><G61/><T128/><D128/><U131/><E43/><V38/><F38/><W25/><G51/><T84/><D84/><U98/><E36/><V54/><F117/><W88/><G88/><AGARI ba="0,0" hai="33,35,45,50,54,62,65,71,80,86,88,90,94,99" machi="88" ten="30,2000,0" yaku="7,1,54,1" doraHai="14" who="2" fromWho="3" sc="299,0,231,0,295,20,175,-20" owari="299,9.9,231,-16.9,315,41.5,155,-34.5" /></mjloggm>