<mjloggm ver="2.3"><GO type="225" lobby="0"/><UN n0="%E3%81%BF%E3%81%BF%E3%81%9A" n1="%E4%BF%BA%E3%81%A8%E5%A6%96%E5%A4%A2" n2="%E5%91%A8%E6%9D%B1" n3="%77%72%77%72%77%72%77%72" dan="18,16,17,17" rate="2246.06,2110.74,2170.09,2163.89" sx="M,F,M,M"/><TAIKYOKU oya="0"/><INIT seed="0,0,0,5,5,110" ten="250,250,250,250" oya="0" hai0="48,97,113,47,10,123,126,74,125,27,37,133,106" hai1="55,29,31,66,54,127,134,44,22,63,15,72,116" hai2="62,73,25,114,85,40,112,45,65,32,53,26,124" hai3="11,98,122,71,5,80,61,99,17,4,100,68,39"/><T52/><D123/><U88/><E116/><V51/><F73/><W12/><G122/><T119/><D119/><U58/><E72/><V108/><F108/><W42/><G98/><T84/><D74/><U23/><E134/><V87/><F124/><N who="0" m="47722" /><D133/><U101/><E127/><V111/><F111/><W130/><G130/><T103/><D27/><U90/><E101/><V105/><F105/><W35/><G35/><T38/><D113/><U96/><E44/><V75/><F75/><W20/><G4/><T14/><D84/><U28/><E15/><V93/><F26/><W24/><G80/><T33/><D33/><U76/><E76/><V49/><F32/><W109/><G109/><T69/><D69/><U46/><E46/><V120/><F25/><W50/><G39/><T102/><D102/><U79/><E79/><V36/><F36/><W82/><G82/><T70/><D70/><U3/><E3/><V104/><F104/><W89/><G89/><N who="1" m="34410" /><E96/><V95/><F120/><W77/><G77/><T41/><D41/><U131/><E131/><V60/><F40/><W16/><G5/><AGARI ba="0,0" hai="5,10,14,37,38,47,48,52,97,103,106" m="47722" machi="5" ten="30,2900,0" yaku="18,1,54,1" doraHai="110" who="0" fromWho="3" sc="250,29,250,0,250,0,250,-29" /><INIT seed="0,1,0,1,1,105" ten="279,250,250,221" oya="0" hai0="121,43,109,113,55,3,114,10,31,70,83,42,75" hai1="12,58,111,4,99,56,8,107,39,97,64,72,134" hai2="13,102,82,14,106,62,104,112,131,84,133,51,30" hai3="63,132,35,67,124,45,119,120,108,90,15,92,68"/><T128/><D121/><U88/><E39/><V76/><F112/><W5/><G119/><T122/><D122/><U126/><E111/><V85/><F133/><W69/><G120/><T87/><D70/><U98/><E134/><V110/><F110/><W103/><G132/><T16/><D109/><U50/><E126/><V125/><F125/><W100/><G108/><T7/><D31/><U123/><E123/><V93/><F131/><W19/><G124/><T81/><D128/><U54/><E107/><V129/><F129/><W79/><G35/><T38/><D55/><U53/><E72/><V65/><F51/><W28/><G28/><T71/><D71/><U118/><E64/><V47/><F47/><W26/><G68/><T6/><D6/><U29/><E29/><V60/><F30/><W57/><G79/><N who="0" m="44287" /><D42/><U86/><E118/><V41/><F41/><W37/><G69/><T40/><D43/><U24/><E24/><V96/><F106/><W34/><G45/><N who="0" m="23703" /><D16/><U66/><E66/><V127/><F127/><W23/><G37/><T25/><D25/><U116/><E116/><V59/><F62/><W48/><G48/><T117/><D117/><U49/><E99/><V0/><F85/><N who="3" m="52303" /><G34/><T1/><D1/><U11/><E11/><AGARI ba="1,0" hai="5,11,15,19,23,26,57,63,67,100,103" m="52303" machi="11" ten="30,1000,0" yaku="8,1" doraHai="105" who="3" fromWho="1" sc="279,0,250,-13,250,0,221,13" /><INIT seed="1,0,0,3,2,106" ten="279,237,250,234" oya="1" hai0="70,4,102,79,74,120,38,17,88,93,9,30,37" hai1="41,14,26,82,68,90,65,50,43,85,35,47,77" hai2="117,104,39,127,24,131,98,87,48,12,86,18,96" hai3="103,72,63,23,91,0,44,13,51,118,46,130,116"/><U135/><E135/><V22/><F39/><W52/><G0/><T73/><D70/><U1/><E1/><V15/><F117/><N who="3" m="45163" /><G130/><T107/><D30/><U53/><E35/><V20/><F131/><W58/><G103/><T33/><D33/><U109/><E109/><V95/><F127/><W121/><G121/><T21/><D120/><U42/><E26/><V125/><F125/><W28/><G91/><T110/><D110/><U56/><E68/><V123/><F123/><W32/><G32/><T2/><D107/><U80/><E14/><V100/><F48/><W114/><G114/><T105/><D102/><U16/><E16/><V108/><F108/><W69/><G72/><T66/><D66/><U34/><E34/><V55/><F55/><N who="3" m="34271" /><G69/><T64/><D64/><U119/><E119/><V92/><F104/><W115/><G115/><T97/><D105/><U75/><REACH who="1" step="1"/><E65/><REACH who="1" ten="279,227,250,234" step="2"/><V112/><F112/><W54/><G13/><N who="2" m="5193" /><F22/><W29/><G23/><T81/><D74/><U122/><E122/><V124/><F124/><W8/><G8/><T128/><D128/><U61/><AGARI ba="0,1" hai="41,42,43,47,50,53,56,61,75,77,80,82,85,90" machi="61" ten="20,7800,0" yaku="1,1,0,1,7,1,52,1,53,0" doraHai="106" doraHaiUra="89" who="1" fromWho="1" sc="279,-26,227,88,250,-26,234,-26" /><INIT seed="1,1,0,0,1,24" ten="253,315,224,208" oya="1" hai0="114,119,11,75,25,88,12,108,112,69,2,134,30" hai1="45,52,35,55,50,72,101,32,39,10,53,99,41" hai2="0,59,22,91,104,76,70,29,86,40,79,132,26" hai3="19,51,33,129,62,1,16,47,68,56,4,14,127"/><U109/><E72/><V23/><F70/><W100/><G68/><T95/><D119/><U60/><E109/><V90/><F0/><W61/><G129/><T71/><D108/><U46/><E60/><V49/><F104/><W94/><G127/><T27/><D75/><U64/><E64/><V81/><F132/><W7/><G33/><T36/><D36/><U54/><REACH who="1" step="1"/><E10/><REACH who="1" ten="253,305,224,208" step="2"/><V130/><F130/><W116/><G62/><T103/><D11/><U106/><AGARI ba="1,1" hai="32,35,39,41,45,46,50,52,53,54,55,99,101,106" machi="106" ten="30,11700,0" yaku="1,1,2,1,0,1,54,1,53,0" doraHai="24" doraHaiUra="58" who="1" fromWho="1" sc="253,-40,305,130,224,-40,208,-40" /><INIT seed="1,2,0,0,4,59" ten="213,435,184,168" oya="1" hai0="8,119,35,71,14,94,87,47,16,130,53,5,44" hai1="118,68,91,83,120,122,34,125,33,126,75,93,97" hai2="42,57,95,85,0,132,88,77,76,56,19,108,101" hai3="38,73,106,9,21,89,64,121,129,107,105,3,23"/><U111/><E68/><V134/><F0/><W74/><G121/><N who="1" m="46698" /><E33/><V90/><F108/><W2/><G38/><T1/><D119/><U40/><E34/><V110/><F110/><W49/><G129/><T55/><D130/><U60/><E40/><V70/><F70/><W11/><G49/><T28/><D71/><U96/><E111/><V100/><F42/><W104/><N who="3" m="26624" /><DORA hai="50" /><W32/><G89/><N who="0" m="53567" /><D47/><U20/><E20/><N who="3" m="7754" /><G64/><T30/><D44/><U18/><E18/><V54/><F19/><W79/><G79/><N who="2" m="30281" /><F56/><W31/><G31/><N who="0" m="11819" /><D1/><N who="3" m="9" /><G32/><T81/><D35/><U113/><E118/><V109/><F90/><W51/><G51/><T123/><D123/><U25/><E91/><V22/><F22/><W116/><G116/><T39/><D39/><U117/><E117/><V29/><F29/><W127/><G127/><T65/><D65/><U37/><E125/><V45/><F45/><W131/><G131/><T128/><D128/><U62/><E126/><V13/><F109/><W103/><G103/><T69/><D69/><U27/><E37/><V36/><F36/><W48/><G48/><T102/><D102/><N who="2" m="39530" /><F13/><W112/><G112/><T24/><D16/><U41/><E113/><V4/><F4/><W7/><G7/><T15/><D14/><U61/><E41/><V99/><F85/><W26/><G26/><T92/><D24/><U86/><E25/><V72/><F72/><AGARI ba="2,0" hai="9,11,72,73,74" m="9,7754,26624" machi="72" ten="70,4500,0" yaku="28,2" doraHai="59,50" who="3" fromWho="2" sc="213,0,435,0,184,-51,168,51" /><INIT seed="2,0,0,1,4,59" ten="213,435,133,219" oya="2" hai0="86,42,67,58,114,22,128,101,110,124,75,95,13" hai1="97,64,112,76,63,96,54,18,89,20,79,111,135" hai2="120,94,81,92,49,90,10,87,78,103,65,25,17" hai3="50,134,117,100,14,68,60,38,30,40,2,34,107"/><V43/><F120/><W83/><G117/><T29/><D75/><U125/><E112/><V126/><F126/><W133/><G2/><T74/><D74/><U88/><E125/><V36/><F36/><W93/><G38/><T24/><D124/><U39/><E39/><V71/><F103/><W118/><G118/><T23/><D114/><U0/><E0/><V37/><F37/><W130/><G130/><T7/><D110/><U15/><E111/><V69/><F94/><W84/><G107/><T127/><D127/><U26/><E135/><N who="3" m="51722" /><G14/><T33/><D128/><U121/><E121/><V102/><F102/><W73/><G73/><T132/><D132/><U108/><E54/><V52/><F43/><W1/><G1/><T129/><D129/><U82/><E15/><V106/><F106/><W28/><G34/><T21/><D42/><U27/><E27/><V122/><F122/><W16/><G16/><T11/><D33/><U35/><E35/><V77/><F77/><N who="1" m="29769" /><E108/><V119/><F119/><W115/><G115/><T48/><D86/><N who="1" m="50263" /><E89/><V105/><F105/><W57/><G68/><T91/><D91/><U113/><E113/><V4/><F4/><W19/><G84/><T12/><D12/><U99/><E99/><N who="2" m="57751" /><F65/><N who="3" m="39055" /><G83/><T32/><D32/><U3/><E3/><V55/><F55/><W45/><G100/><T72/><D72/><U8/><E8/><V6/><F6/><W62/><G93/><T51/><D101/><U46/><E97/><V70/><F10/><W9/><G9/><N who="0" m="4287" /><D95/><U56/><E96/><V98/><F98/><W47/><G40/><T53/><D11/><RYUUKYOKU ba="0,0" sc="213,-10,435,30,133,-10,219,-10" hai1="18,20,26,46,56,63,64" /><INIT seed="3,1,0,5,0,67" ten="203,465,123,209" oya="3" hai0="66,134,6,77,129,124,70,63,15,115,135,99,8" hai1="12,43,13,61,21,32,79,127,114,33,133,55,1" hai2="23,105,75,131,57,86,28,40,106,85,123,45,42" hai3="19,72,0,38,96,132,78,50,83,93,60,125,97"/><W76/><G38/><T98/><D124/><U81/><E114/><V34/><F75/><W130/><G125/><T7/><D115/><U89/><E1/><V101/><F123/><W117/><G117/><T88/><D129/><U121/><E121/><V47/><F131/><W37/><G37/><T27/><D77/><U35/><E127/><V109/><F57/><W36/><G36/><T26/><D6/><U44/><E89/><V87/><F23/><W108/><G0/><T100/><D88/><U9/><E21/><V112/><F101/><W29/><G29/><T82/><D82/><U128/><E133/><N who="0" m="50697" /><D98/><U53/><E61/><V94/><F112/><W102/><G60/><T52/><D52/><U103/><E103/><V46/><F94/><AGARI ba="1,0" hai="7,8,15,26,27,63,66,70,94,99,100" m="50697" machi="94" ten="30,2000,0" yaku="20,1,52,1" doraHai="67" who="0" fromWho="2" sc="203,23,465,0,123,-23,209,0" owari="226,2.6,465,56.5,100,-40.0,209,-19.1" /></mjloggm>