<mjloggm ver="2.3"><GO type="225" lobby="0"/><UN n0="%E3%81%95%E3%81%8D%E3%81%9F%E3%81%BE%E6%9E%97%E6%AA%8E" n1="%6E%69%63%6F%6E%74%6F" n2="%E9%B3%B4%E8%8C%B6" n3="%72%69%6F%75%63%68%61%6E" dan="16,16,16,16" rate="2089.92,2118.17,2137.99,2130.10" sx="M,M,M,M"/><TAIKYOKU oya="0"/><INIT seed="0,0,0,1,1,52" ten="250,250,250,250" oya="0" hai0="41,114,79,31,18,47,127,72,120,133,128,43,94" hai1="24,118,85,61,53,34,26,8,7,84,102,100,28" hai2="39,134,5,45,27,81,20,48,69,125,108,98,0" hai3="12,23,80,64,49,129,109,17,88,9,36,99,50"/><T15/><D114/><U104/><E118/><V22/><F69/><W106/><G109/><T62/><D120/><U60/><E60/><V42/><F108/><W51/><G129/><T6/><D6/><U78/><E104/><V75/><F125/><W37/><G64/><T119/><D119/><U74/><E74/><V112/><F112/><W131/><G131/><T86/><D72/><U95/><E26/><V92/><F134/><W107/><G9/><T135/><D31/><U55/><E55/><V70/><F70/><W73/><G107/><T10/><D128/><U101/><E95/><V77/><F48/><W130/><G130/><T67/><D127/><U46/><E78/><V30/><F20/><W3/><G3/><T117/><D117/><U111/><E111/><V13/><F13/><W89/><G89/><N who="0" m="53559" /><D79/><U122/><E122/><V11/><F92/><W65/><G65/><T113/><D113/><U54/><E54/><V110/><F110/><W63/><G73/><T33/><D33/><U56/><REACH who="1" step="1"/><E46/><REACH who="1" ten="250,240,250,250" step="2"/><V29/><REACH who="2" step="1"/><F98/><REACH who="2" ten="250,240,240,250" step="2"/><W40/><G99/><T14/><D135/><U32/><E32/><V66/><F66/><W44/><G106/><T91/><D133/><U76/><E76/><V123/><F123/><W115/><G115/><T83/><D67/><U103/><N who="1" m="25600" /><DORA hai="82" /><U68/><E68/><V116/><F116/><W124/><G124/><T57/><D83/><U126/><E126/><V21/><F21/><W96/><G23/><T121/><D121/><U35/><E35/><V132/><F132/><W105/><G105/><T71/><D71/><U16/><E16/><AGARI ba="0,2" hai="0,5,11,16,22,27,29,30,39,42,45,75,77,81" machi="16" ten="30,12000,2" yaku="1,1,6,1,7,1,25,2,54,1,53,1" doraHai="52,82" doraHaiUra="90,1" who="2" fromWho="1" sc="250,0,240,-120,240,140,250,0" /><INIT seed="1,0,0,2,4,11" ten="250,120,380,250" oya="1" hai0="45,90,89,127,102,118,55,88,9,37,110,13,134" hai1="113,117,100,27,34,28,52,68,43,120,72,58,38" hai2="101,46,42,135,83,80,76,20,114,77,95,18,99" hai3="16,5,12,26,74,65,115,31,67,105,78,124,87"/><U75/><E113/><V25/><F135/><W82/><G115/><T70/><D70/><U103/><E117/><V123/><F114/><W98/><G124/><T49/><D134/><U57/><E120/><V106/><F123/><W112/><G112/><T54/><D127/><U4/><E68/><V33/><F33/><W129/><G129/><T93/><D118/><U85/><E75/><V10/><F10/><W59/><G5/><N who="0" m="3247" /><D37/><U36/><E72/><V0/><F0/><W8/><G74/><T94/><D110/><U111/><E111/><V47/><F106/><W56/><G105/><T71/><D71/><U61/><E38/><V91/><F91/><N who="0" m="34890" /><D102/><U73/><E73/><V21/><F42/><W40/><G40/><N who="0" m="24743" /><D94/><U108/><E108/><V107/><F95/><W66/><REACH who="3" step="1"/><G98/><AGARI ba="0,0" hai="54,55,90,93,98" m="24743,34890,3247" machi="98" ten="30,3900,0" yaku="8,1,52,1,54,1" doraHai="11" who="0" fromWho="3" sc="250,39,120,0,380,0,250,-39" /><INIT seed="2,0,0,1,5,62" ten="289,120,380,211" oya="2" hai0="27,24,82,50,84,114,40,20,117,104,126,60,41" hai1="85,31,58,125,19,110,92,10,103,65,69,130,34" hai2="71,49,129,111,30,97,18,135,68,76,7,66,11" hai3="64,52,0,9,91,44,74,118,88,80,112,120,26"/><V96/><F76/><W51/><G118/><T43/><D114/><U39/><E110/><V16/><F30/><W14/><G120/><T90/><D126/><U132/><E125/><V78/><F78/><W102/><G112/><T28/><D117/><U13/><E130/><V8/><F129/><W134/><G0/><T42/><D104/><U133/><E39/><V22/><F49/><W12/><G134/><T33/><D33/><U5/><E69/><V54/><F54/><W67/><G102/><T106/><D106/><U94/><E5/><V81/><F81/><W2/><G2/><T121/><D121/><U48/><E48/><V131/><F131/><W72/><G26/><N who="0" m="16455" /><D60/><U59/><E59/><V63/><F71/><W25/><G25/><T123/><D123/><U107/><E107/><V29/><F135/><N who="1" m="51785" /><E85/><V35/><F111/><W57/><G57/><T95/><D95/><N who="1" m="36395" /><E103/><V105/><F105/><W61/><G61/><T37/><D37/><U17/><E17/><V93/><F18/><N who="3" m="8463" /><G91/><T98/><D98/><U89/><E89/><V99/><F93/><W115/><G115/><T101/><D101/><U36/><E36/><V75/><F96/><W46/><G46/><AGARI ba="0,0" hai="24,27,40,41,42,43,46,50,82,84,90" m="16455" machi="46" ten="30,1000,0" yaku="8,1" doraHai="62" who="0" fromWho="3" sc="289,10,120,0,380,0,211,-10" /><INIT seed="3,0,0,3,4,105" ten="299,120,380,201" oya="3" hai0="43,1,103,78,122,106,84,13,71,20,95,118,90" hai1="68,83,129,26,33,5,87,7,96,54,61,92,51" hai2="98,21,17,115,100,49,0,89,9,101,73,130,47" hai3="52,82,30,94,112,22,125,116,74,93,4,16,39"/><W38/><G112/><T117/><D122/><U80/><E129/><V119/><F73/><W8/><G116/><T32/><D32/><U124/><E124/><V41/><F115/><W29/><G125/><T44/><D71/><U123/><E123/><V111/><F119/><W3/><G30/><T77/><D1/><U81/><E68/><V120/><F130/><W28/><G29/><T107/><D107/><U114/><E114/><V53/><F120/><W40/><G28/><T67/><D67/><U85/><E33/><V11/><F111/><W79/><G52/><T19/><D118/><U109/><E109/><V12/><F53/><W50/><G50/><T37/><D117/><U15/><E26/><V35/><F35/><W99/><G40/><T62/><D62/><U91/><E61/><V58/><F58/><W57/><G57/><T121/><D121/><U60/><E60/><V69/><F69/><W128/><G128/><T108/><D108/><U24/><E24/><V45/><F47/><W135/><G135/><T34/><D34/><U36/><E36/><V46/><F45/><W6/><G6/><T75/><D75/><U133/><E133/><V2/><F0/><W132/><G94/><T18/><D18/><U66/><E66/><V102/><F2/><W48/><G48/><T76/><D106/><U88/><E87/><V55/><F41/><W31/><G31/><T70/><D70/><U25/><E25/><V110/><F110/><W23/><G132/><T104/><D104/><U64/><E64/><V65/><F65/><W86/><G38/><T27/><D27/><RYUUKYOKU ba="0,0" sc="299,15,120,-15,380,15,201,-15" hai0="13,19,20,37,43,44,76,77,78,84,90,95,103" hai2="9,11,12,17,21,46,49,55,89,98,100,101,102" owari="314,11.4,105,-39.5,395,49.5,186,-21.4" /></mjloggm>