<mjloggm ver="2.3"><GO type="225" lobby="0"/><UN n0="%E6%A0%B9%E5%85%83%E3%81%8B%E3%82%89%E5%90%B9%E3%81%A3%E9%A3%9B%E3%81%B6" n1="%E5%91%A8%E6%9D%B1" n2="%E3%81%AF%E3%82%88%E3%81%8A%E3%81%98%E3%81%95%E3%82%93" n3="%E6%A1%9C%E8%8A%B1%E9%96%83%E3%80%85" dan="16,17,17,16" rate="2130.81,2202.32,2141.51,2145.43" sx="F,M,M,M"/><TAIKYOKU oya="0"/><INIT seed="0,0,0,2,5,99" ten="250,250,250,250" oya="0" hai0="1,65,96,29,34,42,26,32,4,88,6,18,93" hai1="110,67,2,51,122,21,104,82,85,74,62,59,76" hai2="106,47,132,48,39,50,13,8,97,98,130,14,44" hai3="58,115,25,113,121,61,11,90,46,10,87,12,135"/><T9/><D42/><U64/><E122/><V55/><F130/><W126/><G121/><T116/><D65/><U80/><E110/><V105/><F132/><W36/><G135/><T28/><D116/><U52/><E2/><V35/><F35/><W75/><G75/><T15/><REACH who="0" step="1"/><D1/><REACH who="0" ten="240,250,250,250" step="2"/><U24/><E104/><V129/><F39/><W33/><G36/><T78/><D78/><U131/><E131/><V134/><F129/><W101/><G115/><T63/><D63/><U117/><E117/><V40/><F134/><W7/><G61/><T109/><D109/><U133/><E133/><V81/><F105/><W125/><G113/><T69/><D69/><U68/><E68/><V3/><F106/><W102/><G126/><T38/><D38/><U119/><E119/><V56/><F3/><W43/><G125/><T60/><D60/><U107/><E107/><V17/><F40/><W70/><G70/><T27/><AGARI ba="0,1" hai="4,6,9,15,18,26,27,28,29,32,34,88,93,96" machi="27" ten="30,11700,0" yaku="1,1,0,1,9,1,54,1,53,0" doraHai="99" doraHaiUra="71" who="0" fromWho="0" sc="240,127,250,-39,250,-39,250,-39" /><INIT seed="0,1,0,1,5,33" ten="367,211,211,211" oya="0" hai0="74,4,7,99,64,39,107,24,56,129,87,108,132" hai1="18,34,77,119,80,16,38,19,134,117,114,76,58" hai2="106,126,131,121,47,43,59,84,2,116,3,133,128" hai3="68,54,44,32,93,70,75,55,57,115,48,86,20"/><T5/><D74/><U1/><E38/><V21/><F121/><W118/><G32/><T96/><D129/><N who="2" m="49738" /><F106/><W30/><G75/><T36/><D132/><U0/><E34/><V35/><F35/><W72/><G72/><T69/><D108/><U112/><E134/><V101/><F133/><W60/><G115/><N who="1" m="44074" /><E58/><V8/><F101/><W10/><G118/><N who="1" m="45066" /><E76/><V28/><F116/><W22/><G10/><T109/><D87/><AGARI ba="1,0" hai="0,1,16,18,19,77,80,87" m="45066,44074" machi="87" ten="40,8000,1" yaku="11,1,52,2,54,1" doraHai="33" who="1" fromWho="0" sc="367,-83,211,83,211,0,211,0" /><INIT seed="1,0,0,5,3,124" ten="284,294,211,211" oya="1" hai0="13,58,80,127,47,117,12,94,105,77,67,32,96" hai1="26,64,134,100,46,10,81,62,44,56,53,5,35" hai2="102,126,39,69,54,99,8,103,129,45,115,43,122" hai3="119,4,121,49,118,59,110,74,19,75,108,86,116"/><U18/><E134/><V78/><F122/><W132/><G121/><T9/><D117/><N who="3" m="29953" /><W51/><DORA hai="31" /><G132/><T84/><D127/><U57/><E100/><V98/><F126/><W106/><G106/><T42/><D32/><U109/><E109/><N who="3" m="42090" /><G4/><T83/><D83/><U133/><E81/><V33/><F69/><W38/><G38/><T71/><D71/><U37/><E133/><V48/><F115/><W135/><G135/><T89/><D105/><U24/><E37/><V6/><F78/><W30/><G86/><T34/><D34/><U28/><E18/><V112/><F112/><W40/><G30/><T60/><REACH who="0" step="1"/><D9/><REACH who="0" ten="274,294,211,211" step="2"/><U95/><E95/><V20/><F8/><W61/><G40/><T70/><D70/><U68/><E68/><V123/><F43/><W7/><G7/><T85/><D85/><U22/><E10/><V113/><F6/><W27/><G75/><T17/><D17/><U88/><E5/><V114/><F123/><W15/><G74/><T104/><D104/><U90/><E35/><V14/><F33/><W1/><G1/><T2/><D2/><U91/><REACH who="1" step="1"/><E26/><REACH who="1" ten="274,284,211,211" step="2"/><V63/><F113/><W25/><G27/><T93/><D93/><U66/><E66/><V107/><F114/><W92/><G25/><T76/><D76/><U29/><E29/><V36/><F107/><W128/><G92/><T120/><D120/><U16/><E16/><V52/><F20/><W79/><G19/><T131/><D131/><U65/><E65/><V87/><F129/><W11/><G128/><T0/><D0/><U55/><E55/><V101/><F52/><RYUUKYOKU ba="0,2" sc="274,15,284,15,211,-15,211,-15" hai0="12,13,42,47,58,60,67,77,80,84,89,94,96" hai1="22,24,28,44,46,53,56,57,62,64,88,90,91" /><INIT seed="1,1,2,5,3,73" ten="289,299,196,196" oya="1" hai0="72,87,29,101,103,43,32,105,57,47,102,20,135" hai1="113,96,95,58,36,55,93,83,70,40,127,62,2" hai2="116,8,109,100,85,46,10,35,115,24,117,86,3" hai3="37,63,74,111,54,98,128,53,88,75,16,78,59"/><U18/><E113/><V9/><F3/><W90/><G111/><T64/><D72/><U110/><E110/><V69/><F109/><W48/><G37/><T108/><D32/><U1/><E127/><V118/><F69/><W61/><G128/><T27/><D135/><U23/><E70/><V39/><F115/><W126/><G126/><T133/><D133/><U112/><E112/><V82/><F100/><W52/><G75/><T79/><D105/><U120/><E120/><V28/><REACH who="2" step="1"/><F82/><REACH who="2" ten="289,299,186,196" step="2"/><W71/><G71/><T77/><D108/><U97/><E83/><V42/><AGARI ba="1,3" hai="8,9,10,24,28,35,39,42,46,85,86,116,117,118" machi="42" ten="40,8000,1" yaku="1,1,2,1,0,1,53,1" doraHai="73" doraHaiUra="25" who="2" fromWho="2" sc="289,-21,299,-41,186,113,196,-21" /><INIT seed="2,0,0,5,4,34" ten="268,258,299,175" oya="2" hai0="115,128,105,72,87,131,119,55,29,68,39,36,48" hai1="121,13,0,31,90,69,35,80,47,44,110,65,125" hai2="132,93,96,27,66,16,70,89,59,51,3,81,67" hai3="10,9,99,56,30,58,104,1,123,43,60,88,71"/><V106/><F132/><W134/><G123/><T111/><D72/><U14/><E121/><V85/><F106/><W12/><G134/><T28/><D111/><U37/><E110/><V2/><F70/><W49/><G30/><N who="0" m="11883" /><D105/><U133/><E37/><V74/><F74/><W7/><G104/><T109/><D68/><U78/><E90/><V26/><F26/><W17/><G43/><T64/><D64/><U57/><E69/><V4/><F4/><W98/><G49/><T24/><D115/><U107/><E0/><V100/><F66/><W120/><G120/><T46/><D24/><U124/><E107/><V18/><F51/><W15/><G15/><N who="1" m="5642" /><E31/><V101/><F100/><W97/><G71/><T22/><D22/><U40/><E40/><V114/><F114/><W135/><G135/><T95/><D119/><U41/><E41/><V92/><F93/><W53/><REACH who="3" step="1"/><G56/><REACH who="3" ten="268,258,299,165" step="2"/><T82/><D109/><U130/><E133/><V11/><F27/><W21/><G21/><T103/><D36/><U108/><E108/><V76/><F11/><W8/><G8/><T116/><D39/><U86/><E57/><V118/><F118/><W112/><G112/><T113/><D116/><U38/><E38/><V84/><F2/><W75/><G75/><T50/><D50/><U126/><E35/><V52/><F3/><W122/><G122/><T5/><D113/><U94/><E125/><V117/><F117/><W63/><G63/><T62/><D62/><U79/><E126/><V19/><F59/><W127/><G127/><T23/><D48/><U45/><E124/><V42/><F42/><RYUUKYOKU ba="0,1" sc="268,-10,258,-10,299,-10,165,30" hai3="1,7,9,10,12,17,53,58,60,88,97,98,99" /><INIT seed="3,1,1,1,0,29" ten="258,248,289,195" oya="3" hai0="71,22,8,117,51,40,114,16,25,46,86,113,64" hai1="131,89,3,119,121,124,132,54,48,103,112,135,50" hai2="127,6,55,60,109,130,4,133,41,13,36,24,96" hai3="123,99,93,94,74,44,5,17,56,12,39,98,80"/><W68/><G123/><T62/><D117/><U95/><E121/><V32/><F109/><W45/><G68/><T85/><REACH who="0" step="1"/><D8/><REACH who="0" ten="248,248,289,195" step="2"/><U21/><E119/><V87/><F127/><W0/><G0/><T97/><D97/><N who="3" m="36873" /><G39/><T14/><D14/><U7/><E3/><V81/><F96/><W115/><G115/><AGARI ba="1,2" hai="16,22,25,40,46,51,62,64,71,85,86,113,114,115" machi="115" ten="40,5200,0" yaku="1,1,11,1,54,1,53,0" doraHai="29" doraHaiUra="31" who="0" fromWho="3" sc="248,75,248,0,289,0,195,-55" owari="323,42.3,248,-15.2,289,8.9,140,-36.0" /></mjloggm>