<mjloggm ver="2.3"><GO type="225" lobby="0"/><UN n0="%E9%A6%AC%E5%BC%95%E7%81%AB%33" n1="%68%75%69%68%75%69" n2="%45%6C%79%73%69%75%6D" n3="%E5%8B%98%E5%BC%81%E3%81%97%E3%81%A6%E3%82%88" dan="16,16,16,17" rate="2169.83,2114.04,2084.63,2192.36" sx="M,M,M,M"/><TAIKYOKU oya="0"/><INIT seed="0,0,0,4,5,38" ten="250,250,250,250" oya="0" hai0="99,61,83,81,120,78,2,110,134,26,56,57,132" hai1="60,108,72,4,66,19,67,33,128,58,95,126,116" hai2="124,125,39,34,11,6,30,48,50,114,112,23,0" hai3="55,69,121,47,79,24,105,8,13,9,104,20,12"/><T64/><D120/><U27/><E116/><V111/><F34/><W82/><G69/><T29/><D2/><U42/><E72/><V54/><F39/><W109/><G121/><T85/><D110/><U7/><E108/><V51/><F111/><W135/><G109/><T63/><D99/><U10/><E126/><N who="2" m="48747" /><F54/><W92/><G135/><N who="0" m="51755" /><D83/><U88/><E66/><V18/><F30/><W113/><G113/><T46/><D46/><U131/><E42/><V17/><F17/><W45/><G92/><T31/><D26/><AGARI ba="0,0" hai="0,6,11,18,23,26,48,50,51,112,114" m="48747" machi="26" ten="30,1000,0" yaku="18,1" doraHai="38" who="2" fromWho="0" sc="250,-10,250,0,250,10,250,0" /><INIT seed="1,0,0,3,0,27" ten="240,250,260,250" oya="1" hai0="127,33,43,40,21,42,134,22,95,54,117,120,67" hai1="115,76,97,114,45,86,126,66,122,50,31,18,108" hai2="51,105,12,124,15,46,84,90,65,112,55,98,34" hai3="56,113,89,8,19,57,48,128,96,91,121,2,78"/><U85/><E122/><V110/><F124/><W41/><G121/><T16/><D117/><U36/><E36/><V11/><F110/><W100/><G113/><T64/><D33/><U0/><E0/><V87/><F112/><W61/><G78/><T58/><D127/><U38/><E38/><V4/><F34/><W79/><G79/><T80/><D120/><U131/><E126/><V53/><F65/><W32/><G32/><T17/><D134/><U116/><E116/><V26/><F26/><W37/><G37/><T49/><D80/><U74/><E66/><N who="0" m="25129" /><D95/><U20/><E108/><V73/><F73/><W63/><G128/><T118/><D118/><U94/><E74/><V9/><F55/><W6/><G19/><AGARI ba="0,0" hai="16,17,19,21,22,40,42,43,49,54,58" m="25129" machi="19" ten="30,2000,0" yaku="8,1,54,1" doraHai="27" who="0" fromWho="3" sc="240,20,250,0,260,0,250,-20" /><INIT seed="2,0,0,4,4,3" ten="260,250,260,230" oya="2" hai0="89,19,10,22,62,93,28,2,102,110,105,26,56" hai1="119,97,92,115,78,38,8,4,68,12,60,49,98" hai2="39,40,71,104,100,5,127,99,53,107,81,70,33" hai3="76,20,35,83,129,43,96,61,65,128,16,42,79"/><V58/><F127/><W86/><G35/><T126/><D126/><U123/><E38/><V30/><F104/><W63/><G76/><T91/><D110/><U36/><E36/><V80/><F33/><W29/><G29/><T7/><D105/><U44/><E115/><V72/><F30/><W88/><G63/><T69/><D69/><U133/><E119/><V0/><F40/><W25/><G96/><N who="0" m="59663" /><D19/><U32/><E32/><V13/><F39/><W122/><G79/><T54/><D54/><U34/><E34/><V103/><F103/><W57/><REACH who="3" step="1"/><G122/><REACH who="3" ten="260,250,260,220" step="2"/><T90/><D62/><U87/><E60/><V85/><F99/><W121/><G121/><T1/><D28/><U24/><E123/><V114/><F114/><W82/><G82/><T59/><D91/><U101/><E78/><V18/><F80/><W106/><G106/><T131/><D90/><U48/><E97/><V45/><F107/><W124/><G124/><T14/><D89/><U66/><E98/><V116/><F100/><W132/><G132/><T75/><D75/><U41/><E133/><V17/><F72/><W73/><G73/><T125/><D125/><U109/><E101/><V112/><F112/><W111/><G111/><T67/><D67/><U108/><E108/><V77/><F77/><W37/><G37/><T118/><D118/><U135/><E109/><V113/><F116/><W120/><G120/><T6/><D131/><AGARI ba="0,1" hai="16,20,25,42,43,57,61,65,83,86,88,128,129,131" machi="131" ten="40,8000,1" yaku="1,1,19,1,54,2,53,0" doraHai="3" doraHaiUra="51" who="3" fromWho="0" sc="260,-80,250,0,260,0,220,90" /><INIT seed="3,0,0,4,3,6" ten="180,250,260,310" oya="3" hai0="108,61,71,59,104,38,31,39,73,51,55,97,32" hai1="9,118,95,45,119,15,62,25,102,133,129,23,26" hai2="87,43,47,131,78,60,94,99,85,125,112,30,120" hai3="93,74,11,103,20,36,113,0,72,8,67,123,83"/><W19/><G0/><T63/><D108/><U111/><E111/><V82/><F112/><W91/><G36/><T135/><D135/><U109/><E109/><V37/><F131/><W132/><G123/><T54/><D73/><U52/><E129/><V68/><F120/><W100/><G113/><T58/><D31/><U12/><E133/><V77/><F125/><W70/><G74/><T81/><D81/><U130/><E130/><V90/><F30/><W7/><G7/><T117/><D32/><U64/><E15/><V28/><F28/><W42/><G42/><T33/><D33/><U80/><E80/><V84/><F77/><W4/><G4/><T86/><D86/><U57/><E23/><V121/><F121/><W92/><G83/><T50/><D97/><N who="1" m="59711" /><E118/><V46/><F46/><W14/><G72/><T88/><D88/><U124/><E124/><V22/><F22/><W2/><G2/><T75/><D104/><U16/><E119/><V114/><F114/><W126/><G126/><T115/><D75/><U105/><E105/><V101/><F101/><W53/><G132/><T13/><D13/><U122/><E122/><V48/><F37/><N who="0" m="13834" /><D115/><U56/><E45/><V127/><F127/><W17/><G103/><T128/><D117/><U79/><E79/><V116/><F116/><W44/><G100/><T35/><D35/><U29/><E29/><V1/><F1/><W89/><G91/><T66/><D128/><U106/><E106/><V40/><F40/><W65/><G89/><T69/><D69/><U98/><E98/><V21/><F21/><W27/><G20/><RYUUKYOKU ba="0,0" sc="180,10,250,10,260,10,310,-30" hai0="50,51,54,55,58,59,61,63,66,71" hai1="9,12,16,25,26,52,56,57,62,64" hai2="43,47,48,60,68,78,82,84,85,87,90,94,99" /><INIT seed="4,1,0,0,3,129" ten="190,260,270,280" oya="0" hai0="53,14,56,20,33,50,58,3,133,41,16,125,79" hai1="84,59,54,124,95,134,48,52,114,126,82,11,83" hai2="118,60,22,80,110,108,51,76,89,10,104,37,111" hai3="115,98,63,106,105,70,32,4,47,122,1,42,18"/><T107/><D107/><U43/><E134/><V49/><F37/><W17/><G115/><T101/><D3/><U99/><E114/><V102/><F118/><W103/><G106/><T96/><D33/><U94/><E43/><V36/><F36/><N who="3" m="21959" /><G18/><T97/><D125/><N who="1" m="48235" /><E54/><V61/><F89/><W23/><G17/><T87/><D133/><U67/><E67/><V27/><F10/><N who="3" m="2319" /><G23/><T31/><D41/><U74/><E11/><V112/><F112/><W69/><G122/><T13/><D31/><U113/><E113/><V100/><F104/><W38/><G38/><T25/><D58/><U77/><E99/><N who="0" m="37961" /><D101/><U45/><E59/><V46/><F102/><W57/><G57/><T24/><D13/><U116/><E116/><V81/><F100/><W29/><G63/><T62/><D62/><U8/><E8/><V85/><F61/><W0/><G0/><T39/><D39/><U5/><E5/><V117/><F60/><W120/><G120/><T15/><D15/><U7/><E7/><V21/><F117/><W44/><G44/><T119/><D119/><U73/><E73/><N who="2" m="43023" /><F46/><W19/><G19/><T65/><D65/><U135/><E135/><V127/><F127/><W72/><G72/><T34/><D34/><U128/><E128/><V131/><F131/><W91/><G91/><AGARI ba="1,0" hai="45,48,52,74,77,82,83,84,91,94,95" m="48235" machi="91" ten="30,2000,0" yaku="18,1,54,1" doraHai="129" who="1" fromWho="3" sc="190,0,260,23,270,0,280,-23" /><INIT seed="5,0,0,3,2,129" ten="190,283,270,257" oya="1" hai0="117,78,90,53,11,77,62,113,108,105,59,45,27" hai1="96,98,135,91,21,32,8,68,119,52,72,2,41" hai2="95,76,34,109,22,16,112,13,82,97,81,66,26" hai3="40,85,128,84,10,57,122,49,93,30,125,35,86"/><U80/><E32/><V7/><F109/><W61/><G122/><T107/><D108/><U58/><E68/><V9/><F112/><W134/><G128/><T120/><D117/><U87/><E72/><V88/><F66/><W89/><G125/><T19/><D120/><U103/><E41/><V83/><F34/><W106/><G106/><T51/><D113/><U63/><E119/><V127/><F127/><W99/><G134/><T132/><D132/><U110/><E135/><V54/><F54/><W75/><G75/><AGARI ba="0,0" hai="7,9,13,16,22,26,75,76,81,82,83,88,95,97" machi="75" ten="30,3900,0" yaku="7,1,54,2" doraHai="129" who="2" fromWho="3" sc="190,0,283,0,270,39,257,-39" owari="190,-31.0,283,8.3,309,40.9,218,-18.2" /></mjloggm>