<mjloggm ver="2.3"><GO type="225" lobby="0"/><UN n0="%E6%97%A5%E6%9B%9C%E6%97%A5%E3%82%88%E3%82%8A%E3%81%AE%E4%BD%BF%E8%80%85" n1="%E3%81%8B%E3%82%8F%E3%81%A1%E3%82%83%E3%82%93%35%38" n2="%E3%81%BD%E3%81%A1%E3%81%9F%E3%81%93%E3%82%84" n3="%65%76%69%61%6E%36%31%39" dan="16,16,17,16" rate="2139.44,2145.54,2157.52,2020.62" sx="M,M,M,M"/><TAIKYOKU oya="0"/><INIT seed="0,0,0,5,0,17" ten="250,250,250,250" oya="0" hai0="44,41,112,39,50,8,2,102,99,7,5,82,4" hai1="32,3,90,6,92,38,26,43,46,60,51,132,28" hai2="29,124,21,76,55,65,0,100,9,20,85,120,59" hai3="134,89,93,52,27,107,97,129,108,58,80,1,105"/><T113/><D82/><U103/><E132/><V115/><F120/><W114/><G108/><T57/><D57/><U110/><E110/><V10/><F115/><W23/><G129/><T81/><D50/><U36/><E103/><V106/><F124/><W122/><G134/><T74/><D5/><U109/><E109/><V47/><F0/><W126/><G126/><T96/><D7/><U68/><E6/><V61/><F100/><W13/><G1/><T104/><REACH who="0" step="1"/><D99/><REACH who="0" ten="240,250,250,250" step="2"/><U91/><E3/><V16/><F59/><W34/><G114/><T130/><D130/><U135/><E135/><V11/><F61/><W19/><G122/><T79/><AGARI ba="0,1" hai="2,4,8,39,41,44,74,79,81,96,102,104,112,113" machi="79" ten="30,18000,2" yaku="1,1,0,1,25,2,23,2,53,1" doraHai="17" doraHaiUra="101" who="0" fromWho="0" sc="240,190,250,-60,250,-60,250,-60" /><INIT seed="0,1,0,5,4,2" ten="430,190,190,190" oya="0" hai0="8,39,43,66,99,121,114,128,127,29,104,81,40" hai1="44,17,84,95,7,116,60,79,64,91,119,101,61" hai2="113,23,134,28,46,5,109,102,1,38,20,3,88" hai3="62,131,59,32,126,94,15,80,83,130,73,120,53"/><T45/><D114/><U49/><E119/><V133/><F113/><W77/><G32/><T11/><D121/><U82/><E116/><V22/><F102/><W71/><G126/><T56/><D127/><U105/><E17/><V69/><F69/><W96/><G120/><T76/><D29/><U87/><E64/><V68/><F68/><W97/><G71/><T90/><D43/><U74/><E87/><V27/><F38/><W92/><G83/><T34/><D34/><U122/><E7/><V52/><F109/><W132/><G132/><N who="2" m="50793" /><F88/><W115/><G115/><T70/><D70/><U35/><E35/><N who="2" m="20895" /><F5/><W123/><G123/><T18/><D90/><U55/><REACH who="1" step="1"/><E122/><REACH who="1" ten="430,180,190,190" step="2"/><V103/><F23/><W16/><G131/><T30/><D128/><U58/><E58/><V129/><F22/><W37/><G130/><T85/><D56/><U135/><E135/><V67/><F20/><W10/><REACH who="3" step="1"/><G37/><REACH who="3" ten="430,180,190,180" step="2"/><T47/><D39/><U112/><E112/><V57/><F129/><W51/><G51/><T78/><D81/><U86/><E86/><V36/><F36/><W110/><G110/><T107/><D85/><U100/><E100/><V98/><F103/><W25/><G25/><T24/><D24/><U31/><E31/><V12/><F98/><AGARI ba="1,2" hai="10,15,16,53,59,62,73,77,80,92,94,96,97,98" machi="98" ten="40,5200,0" yaku="1,1,54,1,53,1" doraHai="2" doraHaiUra="48" who="3" fromWho="2" sc="430,0,180,0,190,-55,180,75" /><AGARI ba="1,0" hai="44,49,55,60,61,74,79,82,84,91,95,98,101,105" machi="98" ten="40,8000,1" yaku="1,1,24,2,53,1" doraHai="2" doraHaiUra="48" who="1" fromWho="2" sc="430,0,180,80,135,-80,255,0" /><INIT seed="1,0,0,5,1,102" ten="430,260,55,255" oya="1" hai0="123,116,37,105,81,49,34,124,63,31,132,82,120" hai1="11,95,73,85,74,58,51,130,83,23,16,5,13" hai2="111,84,68,64,109,46,45,44,118,14,55,119,88" hai3="32,42,131,1,26,125,62,134,67,135,80,7,106"/><U35/><E130/><V100/><F100/><W4/><G42/><T72/><D37/><U86/><E35/><V69/><F14/><W19/><G125/><T6/><D116/><N who="2" m="44586" /><F88/><W98/><G80/><T22/><D34/><U60/><E51/><V128/><F84/><W40/><G40/><T54/><D132/><U78/><E95/><V99/><F99/><W126/><G131/><T65/><D6/><U97/><E97/><V27/><F27/><W113/><G126/><T52/><D105/><U28/><E28/><V127/><F128/><W53/><G19/><T94/><D94/><U12/><REACH who="1" step="1"/><E73/><REACH who="1" ten="430,250,55,255" step="2"/><V92/><F92/><W91/><G98/><T48/><D49/><U93/><E93/><V87/><F127/><W30/><G32/><T121/><D124/><U133/><E133/><V61/><F87/><W75/><G30/><T57/><D72/><U39/><E39/><V10/><F10/><W76/><G75/><T104/><D104/><U50/><E50/><N who="2" m="29127" /><F69/><W59/><G135/><T25/><D48/><U101/><E101/><V107/><F107/><W18/><G106/><T41/><D41/><U38/><E38/><V117/><N who="2" m="44594" /><V8/><DORA hai="115" /><F8/><W33/><G134/><T112/><D112/><U56/><E56/><V20/><F20/><W2/><G113/><T96/><D96/><U110/><E110/><AGARI ba="0,1" hai="45,46,61,64,68,109,110,111" m="29127,44594" machi="110" ten="40,12000,2" yaku="14,1,34,2,52,4" doraHai="102,115" who="2" fromWho="1" sc="430,0,250,-120,55,130,255,0" /><INIT seed="2,0,0,1,3,80" ten="430,130,185,255" oya="2" hai0="76,64,62,53,104,102,87,129,74,40,132,14,47" hai1="38,120,19,5,93,100,33,45,41,11,22,7,91" hai2="122,112,36,39,88,69,12,13,42,63,71,37,56" hai3="28,110,99,59,117,32,124,82,89,17,115,125,1"/><V8/><F112/><W3/><G110/><T105/><D74/><U23/><E120/><V98/><F122/><W30/><G117/><T6/><D53/><U34/><E100/><V95/><F42/><W18/><G59/><T116/><D102/><U123/><E123/><V29/><F29/><N who="3" m="11371" /><G99/><T50/><D116/><U61/><E61/><V108/><F108/><W2/><G115/><T77/><D129/><U48/><E38/><V0/><F0/><W94/><G82/><N who="0" m="47559" /><D77/><U81/><E81/><V55/><REACH who="2" step="1"/><F13/><REACH who="2" ten="430,130,175,255" step="2"/><W78/><G1/><T127/><D127/><U134/><E33/><V60/><F60/><W103/><G2/><T119/><D119/><U113/><E34/><V92/><F92/><W27/><G3/><T9/><D132/><U72/><E134/><V109/><F109/><W97/><G125/><T67/><D67/><U114/><E114/><V85/><F85/><W83/><G124/><T70/><AGARI ba="0,1" hai="6,9,14,40,47,50,62,64,70,104,105" m="47559" machi="70" ten="30,2000,0" yaku="25,1,52,1" doraHai="80" who="0" fromWho="0" sc="430,30,130,-5,175,-10,255,-5" /><INIT seed="3,0,0,5,4,92" ten="460,125,165,250" oya="3" hai0="122,17,32,0,108,118,120,77,100,36,9,31,39" hai1="107,75,61,7,14,54,110,135,62,81,25,102,98" hai2="117,83,64,47,96,70,132,90,27,20,56,29,86" hai3="67,28,71,124,106,22,2,114,8,127,46,116,55"/><W87/><G114/><T126/><D118/><U30/><E110/><V119/><F132/><W91/><G116/><T13/><D108/><U84/><E135/><V38/><F70/><W95/><G106/><T69/><D69/><U10/><E75/><V35/><F35/><W80/><G2/><T78/><D100/><U65/><E54/><V82/><F82/><W79/><G8/><T43/><D126/><U73/><E73/><V16/><F29/><W94/><G94/><T115/><D115/><U93/><E107/><V88/><F90/><W23/><G55/><T4/><D77/><U60/><E65/><V89/><F89/><W1/><G46/><N who="0" m="23911" /><D78/><U15/><E15/><V111/><F96/><W66/><G1/><T45/><D45/><U109/><E109/><V133/><F133/><W104/><G104/><T51/><D51/><U128/><E128/><V53/><F111/><W12/><G71/><T112/><D39/><U85/><REACH who="1" step="1"/><E81/><REACH who="1" ten="460,115,165,250" step="2"/><V59/><F64/><W134/><G134/><T11/><D112/><U40/><E40/><V37/><F117/><W44/><G127/><T99/><D99/><U41/><E41/><V19/><F119/><W5/><G124/><T125/><D125/><U76/><E76/><V18/><F53/><W50/><G80/><T113/><D113/><U34/><AGARI ba="0,1" hai="7,10,14,25,30,34,60,61,62,84,85,93,98,102" machi="34" ten="30,7900,0" yaku="1,1,0,1,52,1,53,1" doraHai="92" doraHaiUra="97" who="1" fromWho="1" sc="460,-20,115,89,165,-20,250,-39" owari="440,54.0,204,-19.6,145,-35.5,211,1.1" /></mjloggm>