<mjloggm ver="2.3"><GO type="225" lobby="0"/><UN n0="%E6%98%93%E5%88%A9%E8%96%A9%E4%BC%AF" n1="%E9%A6%AC%E5%BC%95%E7%81%AB%33" n2="%EF%BC%AE%EF%BC%A1%EF%BC%AF%33%33%39" n3="%E3%83%B4%E3%83%A0%EF%BC%99%E3%81%A6" dan="17,16,16,17" rate="2137.41,2098.66,2194.72,2146.62" sx="F,M,M,M"/><TAIKYOKU oya="0"/><INIT seed="0,0,0,5,3,120" ten="250,250,250,250" oya="0" hai0="46,51,112,121,111,41,12,76,86,89,122,37,19" hai1="48,114,82,81,20,115,85,42,79,63,74,50,7" hai2="22,102,9,132,100,29,119,21,124,3,26,129,84" hai3="33,24,65,135,39,32,17,75,105,1,62,4,18"/><T131/><D112/><N who="1" m="43051" /><E7/><V128/><F84/><W127/><G39/><T88/><D131/><N who="2" m="50250" /><F102/><W94/><G94/><T73/><D111/><U57/><E20/><N who="2" m="15559" /><F100/><W6/><G75/><T14/><D14/><U68/><E42/><V34/><F34/><W53/><G24/><T27/><D27/><U36/><E36/><V83/><F83/><W11/><G62/><T25/><D25/><U72/><E68/><V117/><F132/><W2/><G135/><T123/><D73/><N who="1" m="28267" /><E81/><V38/><F38/><W40/><G40/><T109/><D109/><U8/><E8/><V66/><F66/><AGARI ba="0,0" hai="48,50,57,63,66,79,82,85" m="28267,43051" machi="66" ten="30,1000,0" yaku="11,1" doraHai="120" who="1" fromWho="2" sc="250,0,250,10,250,-10,250,0" /><INIT seed="1,0,0,2,2,85" ten="250,260,240,250" oya="1" hai0="70,102,90,64,55,13,104,52,82,101,125,103,69" hai1="54,131,116,129,6,37,32,108,62,0,8,122,66" hai2="18,63,115,74,65,34,51,9,94,91,3,76,84" hai3="72,118,128,87,15,68,57,10,89,96,98,33,56"/><U81/><E116/><V124/><F34/><W25/><G68/><T73/><D104/><U27/><E122/><V50/><F124/><W107/><G72/><T4/><D125/><U23/><E32/><V36/><F36/><W127/><G127/><T12/><D73/><U126/><E126/><V109/><F109/><W42/><G42/><T21/><D69/><U113/><E113/><V43/><F43/><W46/><G46/><T99/><D64/><U75/><E54/><N who="0" m="20521" /><D70/><N who="1" m="42327" /><E108/><V78/><F115/><W95/><G118/><T60/><D60/><U130/><E37/><V71/><F74/><W112/><G112/><T38/><D38/><U30/><E75/><V1/><F1/><W47/><G47/><T117/><D117/><U79/><E81/><V106/><F106/><W7/><G107/><T61/><D61/><U114/><E114/><V123/><F123/><W92/><G87/><N who="0" m="50551" /><D99/><U17/><E30/><V5/><F51/><W31/><REACH who="3" step="1"/><G128/><REACH who="3" ten="250,260,240,240" step="2"/><T45/><D45/><U48/><E79/><V134/><F76/><W28/><G28/><T105/><D105/><U16/><E131/><V49/><F78/><W88/><AGARI ba="0,1" hai="7,10,15,25,31,33,56,57,88,89,92,95,96,98" machi="88" ten="20,12000,2" yaku="1,1,0,1,7,1,9,1,52,2,54,1,53,0" doraHai="85" doraHaiUra="77" who="3" fromWho="3" sc="250,-30,260,-60,240,-30,240,130" /><INIT seed="2,0,0,5,3,8" ten="220,200,210,370" oya="2" hai0="77,36,106,23,54,45,118,99,92,78,63,58,105" hai1="75,12,129,51,55,94,115,98,3,95,29,42,62" hai2="40,103,60,104,89,107,31,126,22,50,2,37,130" hai3="59,5,96,48,86,102,26,70,24,6,10,113,25"/><V16/><F2/><W38/><G70/><T35/><D35/><U116/><E115/><V134/><F37/><W135/><G38/><T49/><D36/><U82/><E116/><V91/><F31/><W119/><G119/><T32/><D32/><U18/><E3/><V117/><F117/><W120/><G120/><T109/><D109/><U39/><E129/><V66/><F130/><W124/><G113/><T81/><D23/><U34/><E62/><V71/><F134/><W33/><G135/><T133/><D133/><U13/><E39/><V17/><F17/><W14/><G124/><T128/><D78/><U0/><E0/><V47/><F126/><W67/><G86/><T83/><D83/><U88/><E75/><V111/><F111/><W19/><G33/><T9/><D9/><U80/><E34/><V85/><F103/><W57/><G57/><T74/><D128/><U7/><E29/><V30/><F30/><W52/><REACH who="3" step="1"/><G67/><REACH who="3" ten="220,200,210,360" step="2"/><T4/><D118/><U101/><E42/><V93/><REACH who="2" step="1"/><F89/><REACH who="2" ten="220,200,200,360" step="2"/><W125/><G125/><T64/><D4/><U72/><E88/><AGARI ba="0,2" hai="45,49,54,58,63,64,74,77,81,88,92,99,105,106" machi="88" ten="30,2000,0" yaku="7,1,54,1" doraHai="8" who="0" fromWho="1" sc="220,40,200,-20,200,0,360,0" /><INIT seed="3,0,0,0,3,13" ten="260,180,200,360" oya="3" hai0="100,60,129,66,109,8,49,2,59,124,19,87,26" hai1="47,125,75,102,97,38,16,130,12,4,112,15,63" hai2="120,89,78,105,98,127,118,85,21,115,76,14,68" hai3="7,73,31,114,81,5,29,121,55,44,53,65,70"/><W50/><G114/><T126/><D109/><U51/><E112/><V17/><F115/><W128/><G121/><T74/><D74/><U57/><E75/><V135/><F68/><W1/><G1/><T42/><D100/><U64/><E38/><V106/><F118/><W54/><G128/><T18/><D129/><U32/><E32/><V104/><F98/><W24/><G70/><T80/><D42/><U111/><E130/><V110/><F110/><W36/><G36/><T83/><D49/><U131/><E131/><V39/><F39/><W23/><G65/><T46/><D46/><U84/><E111/><V6/><F120/><W101/><G101/><T123/><D83/><U69/><E84/><V52/><F6/><N who="3" m="2059" /><G73/><T58/><D58/><U88/><E69/><V27/><F135/><W22/><G81/><T0/><D26/><AGARI ba="0,0" hai="22,23,24,26,29,31,44,50,53,54,55" m="2059" machi="26" ten="30,1500,0" yaku="8,1" doraHai="13" who="3" fromWho="0" sc="260,-15,180,0,200,0,360,15" owari="245,4.5,180,-32.0,200,-20.0,375,47.5" /></mjloggm>