<mjloggm ver="2.3"><GO type="225" lobby="0"/><UN n0="%E3%81%A4%E3%81%A3%E3%81%B1%E3%82%8A%E3%83%9D%E3%83%BC%E3%83%AB" n1="%E5%82%8D%E8%8B%A5%E7%84%A1%E4%BA%BA%35%31" n2="%72%61%6B%33" n3="%E3%81%8A%E3%81%AB%E3%82%83%E3%81%8A%E3%81%A1%E3%82%83" dan="17,16,16,16" rate="2192.00,2156.79,2155.11,2105.60" sx="M,M,M,M"/><TAIKYOKU oya="0"/><INIT seed="0,0,0,1,3,127" ten="250,250,250,250" oya="0" hai0="107,51,93,43,12,8,37,55,41,10,99,79,30" hai1="89,14,9,31,67,73,95,110,92,21,84,131,119" hai2="18,126,54,77,97,87,90,57,78,60,96,122,3" hai3="34,11,45,39,104,124,16,109,71,111,25,49,1"/><T26/><D107/><U105/><E110/><N who="3" m="41994" /><G124/><T7/><D37/><U102/><E119/><V83/><F126/><W6/><G104/><T74/><D10/><U116/><E116/><V48/><F122/><W132/><G39/><T47/><D79/><U76/><E67/><V0/><F0/><W98/><G98/><T103/><REACH who="0" step="1"/><D74/><REACH who="0" ten="240,250,250,250" step="2"/><U22/><E105/><V121/><F78/><W117/><G117/><T68/><D68/><U38/><E38/><V33/><F77/><W135/><G71/><T4/><D4/><U62/><E73/><V64/><F121/><W28/><G16/><T113/><D113/><U81/><E76/><V58/><F3/><W125/><G125/><T130/><D130/><U15/><E131/><V35/><F18/><W2/><G2/><T61/><D61/><U20/><E62/><V101/><F97/><W42/><AGARI ba="0,1" hai="1,6,11,25,28,34,42,45,49,132,135" m="41994" machi="42" ten="30,1100,0" yaku="14,1" doraHai="127" who="3" fromWho="3" sc="240,-5,250,-3,250,-3,250,21" /><INIT seed="1,0,0,2,2,89" ten="235,247,247,271" oya="1" hai0="85,126,31,30,120,44,72,128,5,75,17,46,26" hai1="11,92,114,54,41,40,71,84,95,121,38,51,103" hai2="62,60,130,97,66,57,15,29,108,22,82,50,116" hai3="14,117,135,68,74,10,28,122,131,35,96,129,6"/><U55/><E121/><V111/><F116/><W87/><G122/><T1/><D120/><U33/><E114/><V63/><F130/><W94/><G117/><T112/><D112/><U69/><E33/><V132/><F132/><W113/><G113/><T18/><D128/><N who="3" m="49225" /><G68/><T56/><D56/><U99/><E38/><V101/><F82/><W48/><G74/><T13/><D85/><U109/><E109/><V39/><F39/><W3/><G87/><T73/><D126/><U104/><E55/><V9/><F50/><W59/><G135/><T23/><D18/><U127/><E127/><V78/><F78/><W105/><G105/><T79/><D79/><U76/><E71/><V134/><F134/><W34/><G28/><T125/><D31/><U2/><E69/><V70/><F70/><W64/><G3/><T25/><D25/><U7/><E104/><V53/><F66/><W19/><G6/><T83/><D83/><U43/><E76/><V21/><F111/><W67/><G67/><T98/><D98/><U61/><E61/><V88/><F108/><W8/><G8/><N who="0" m="2095" /><D125/><U47/><REACH who="1" step="1"/><E41/><REACH who="1" ten="235,237,247,271" step="2"/><V110/><F110/><W106/><G106/><T107/><D107/><U100/><E100/><V65/><F101/><N who="3" m="60567" /><G48/><T102/><D102/><U77/><E77/><V37/><F37/><W90/><G90/><AGARI ba="0,1" hai="2,7,11,40,43,47,51,54,84,90,92,95,99,103" machi="90" ten="40,7700,0" yaku="1,1,52,2,53,0" doraHai="89" doraHaiUra="20" who="1" fromWho="3" sc="235,0,237,87,247,0,271,-77" /><INIT seed="1,1,0,5,0,111" ten="235,324,247,194" oya="1" hai0="43,53,9,51,7,22,134,17,5,67,60,95,126" hai1="45,8,96,106,30,55,26,92,44,99,32,4,38" hai2="72,124,25,13,98,58,100,48,74,125,77,103,113" hai3="78,29,94,20,116,121,86,6,12,15,31,90,16"/><U129/><E129/><V109/><F109/><W123/><G116/><T0/><D134/><U70/><E70/><V102/><F13/><W69/><G69/><T46/><D126/><N who="2" m="48746" /><F25/><W64/><G64/><T130/><D130/><U1/><E38/><V80/><F58/><W10/><REACH who="3" step="1"/><G78/><REACH who="3" ten="235,324,247,184" step="2"/><T132/><D132/><U128/><E128/><V97/><F48/><W81/><G81/><T18/><D67/><U23/><E106/><V108/><F108/><W50/><G50/><T131/><D51/><U66/><E66/><V33/><F33/><W112/><G112/><T75/><D131/><U114/><E114/><V37/><F113/><W59/><G59/><T61/><D61/><U14/><E45/><V36/><F37/><W79/><G79/><T110/><D60/><U68/><E68/><V87/><F36/><W47/><G47/><T120/><D46/><U57/><E44/><V117/><F117/><W127/><G127/><T2/><D110/><U88/><E57/><V118/><F118/><W91/><G91/><T28/><D43/><U119/><E119/><V19/><F19/><W52/><G52/><T54/><D54/><U83/><E83/><V40/><F40/><W73/><G73/><AGARI ba="1,1" hai="72,73,74,77,80,87,97,98,100,102,103" m="48746" machi="73" ten="40,5200,0" yaku="18,1,34,2" doraHai="111" who="2" fromWho="3" sc="235,0,324,0,247,65,184,-55" /><INIT seed="2,0,0,4,0,102" ten="235,324,312,129" oya="2" hai0="104,33,108,69,115,21,11,36,16,121,5,1,9" hai1="15,17,91,129,93,86,78,80,101,37,19,23,28" hai2="61,30,106,111,63,92,12,119,52,94,32,99,125" hai3="26,25,34,2,128,118,31,43,100,122,53,51,135"/><V39/><F119/><W72/><G118/><T105/><D115/><U103/><E37/><V44/><F125/><W68/><G122/><T57/><D121/><U45/><E129/><V131/><F131/><W124/><G128/><T110/><D69/><U132/><E132/><V56/><F63/><W62/><G135/><T75/><D33/><U41/><E28/><V4/><F111/><N who="0" m="42538" /><D75/><U77/><E77/><V42/><F4/><W114/><G124/><T13/><D36/><U55/><E41/><V73/><F12/><W134/><G114/><T79/><D79/><U66/><E66/><V10/><F10/><W84/><G72/><T3/><D57/><U97/><E19/><V96/><F73/><W8/><G2/><N who="0" m="523" /><D11/><U126/><E126/><V65/><F65/><W22/><G8/><T120/><D120/><U7/><E7/><V58/><F58/><W82/><G68/><T70/><D70/><U71/><E71/><V35/><F35/><W38/><G34/><T117/><D117/><U27/><E15/><AGARI ba="0,0" hai="5,9,13,15,16,21,104,105" m="523,42538" machi="15" ten="30,7700,0" yaku="14,1,52,2,54,1" doraHai="102" who="0" fromWho="1" sc="235,77,324,-77,312,0,129,0" /><INIT seed="3,0,0,4,2,47" ten="312,247,312,129" oya="3" hai0="75,56,50,93,68,78,85,30,14,28,134,51,62" hai1="131,103,15,26,124,8,123,12,18,3,118,5,73" hai2="41,127,17,80,89,67,25,81,128,126,95,90,54" hai3="130,92,59,111,125,63,70,13,61,44,115,0,29"/><W2/><G115/><T83/><D68/><U66/><E73/><V132/><F128/><W109/><G130/><T38/><D38/><U34/><E103/><V107/><F107/><W77/><G125/><N who="2" m="47625" /><F132/><W36/><G77/><T112/><D134/><U20/><E66/><V104/><F104/><W31/><G70/><T7/><D75/><U21/><E124/><V69/><F41/><N who="3" m="22567" /><G13/><T33/><D33/><U120/><E118/><V76/><F54/><N who="3" m="34039" /><G63/><T99/><D112/><U110/><E110/><N who="3" m="41994" /><G92/><T100/><D14/><U96/><E96/><V58/><F69/><W52/><G52/><N who="0" m="34055" /><D7/><U10/><E131/><V57/><F81/><W114/><G114/><T53/><D51/><U108/><E108/><V19/><F67/><W94/><G94/><T87/><D87/><U46/><E46/><AGARI ba="0,0" hai="28,30,46,50,53,78,83,85,93,99,100" m="34055" machi="46" ten="30,3900,0" yaku="8,1,52,1,54,1" doraHai="47" who="0" fromWho="1" sc="312,39,247,-39,312,0,129,0" owari="351,45.1,208,-19.2,312,11.2,129,-37.1" /></mjloggm>