<mjloggm ver="2.3"><GO type="225" lobby="0"/><UN n0="%E3%83%96%E3%83%83%E3%83%91%E3%82%AA%E3%83%96%E3%83%81%E3%82%AD%E3%83%B3" n1="%E4%BF%BA%E3%81%A8%E5%A6%96%E5%A4%A2" n2="%E6%80%AA%E3%81%97%E3%81%99%E3%81%8E%E3%82%8B%E3%83%81%E3%83%BC" n3="%E7%99%BD%E5%80%89%E5%AF%9B%E4%B9%8B" dan="17,16,16,16" rate="2192.12,2231.44,2063.89,2166.98" sx="M,F,M,M"/><TAIKYOKU oya="0"/><INIT seed="0,0,0,2,4,32" ten="250,250,250,250" oya="0" hai0="11,128,104,26,9,55,86,100,109,78,88,102,0" hai1="33,60,30,20,18,36,49,108,13,87,41,35,82" hai2="105,94,119,130,19,48,16,47,4,40,131,59,114" hai3="65,52,117,121,97,103,66,85,57,91,90,37,12"/><T23/><D128/><N who="2" m="49194" /><F105/><W2/><G37/><T92/><D104/><U51/><E108/><V14/><F114/><W61/><G2/><T93/><D109/><U45/><E60/><V127/><F127/><W101/><G117/><T107/><D107/><U72/><E72/><V84/><F119/><W71/><G121/><T120/><D120/><U69/><E69/><V98/><F84/><W75/><G75/><T123/><D123/><U110/><E110/><V74/><F74/><W24/><G97/><T132/><D132/><U64/><E64/><N who="3" m="24682" /><G71/><T56/><D78/><U62/><E62/><V7/><F59/><W43/><G43/><T42/><D42/><U126/><E126/><V80/><F80/><N who="3" m="49447" /><G91/><T113/><D113/><U133/><E133/><V125/><F125/><W111/><G111/><T38/><D38/><U31/><E35/><V6/><F14/><W73/><G73/><T115/><D115/><U5/><E33/><V95/><F95/><W106/><G106/><T28/><D0/><U63/><E63/><V124/><F124/><W17/><G24/><T15/><D93/><U79/><E5/><V58/><F58/><W116/><G116/><T34/><D34/><U10/><E36/><V68/><F68/><W25/><G25/><T89/><D89/><AGARI ba="0,0" hai="4,6,7,16,19,40,47,48,89,94,98" m="49194" machi="89" ten="30,2000,0" yaku="19,1,54,1" doraHai="32" who="2" fromWho="0" sc="250,-20,250,0,250,20,250,0" /><INIT seed="1,0,0,1,1,69" ten="230,250,270,250" oya="1" hai0="114,46,102,37,20,119,120,54,42,133,124,63,31" hai1="81,100,48,18,36,132,59,70,45,75,116,60,89" hai2="65,44,135,14,109,52,126,121,34,41,22,11,50" hai3="84,10,16,112,38,62,113,15,134,64,67,130,108"/><U17/><E116/><V25/><F34/><W56/><G108/><T118/><D114/><U5/><E70/><V94/><F121/><W68/><G130/><T101/><D120/><U19/><E132/><V125/><F135/><W83/><G134/><T115/><D115/><U0/><E100/><V6/><F109/><W122/><G122/><T78/><D133/><U104/><E104/><V117/><F65/><W131/><G131/><T1/><D1/><U32/><E32/><V128/><F117/><W29/><G29/><T92/><D124/><N who="2" m="47722" /><F128/><W129/><G129/><T30/><D78/><U86/><E75/><V49/><F94/><W55/><G38/><T9/><D9/><U73/><E73/><V105/><F105/><W21/><G10/><T96/><D101/><U58/><E36/><N who="2" m="21543" /><F52/><W99/><G99/><T66/><D54/><U2/><E5/><V98/><F98/><W103/><G67/><T3/><D3/><U35/><E35/><V74/><F74/><W23/><G23/><T71/><REACH who="0" step="1"/><D30/><AGARI ba="0,0" hai="6,11,14,22,25,30,49,50" m="21543,47722" machi="30" ten="30,2000,0" yaku="18,1,52,1" doraHai="69" who="2" fromWho="0" sc="230,-20,250,0,270,20,250,0" /><INIT seed="2,0,0,1,1,17" ten="210,250,290,250" oya="2" hai0="100,6,103,56,7,73,75,20,97,119,130,22,62" hai1="50,86,89,39,106,15,45,65,21,92,113,31,47" hai2="93,102,28,109,82,5,58,70,27,48,87,40,124" hai3="25,107,59,3,120,79,71,14,114,69,111,57,43"/><V41/><F70/><W32/><G79/><T95/><D130/><U23/><E113/><V37/><F37/><W128/><G43/><T90/><D119/><U104/><E39/><V49/><F124/><W131/><G3/><T129/><D129/><N who="3" m="49737" /><G107/><T38/><D38/><U29/><E106/><V77/><F5/><N who="0" m="1546" /><D75/><U94/><E104/><V64/><F109/><W84/><G84/><T112/><D73/><U33/><E33/><V122/><F122/><W121/><G114/><T55/><D112/><U9/><E65/><V110/><F41/><W96/><G96/><T72/><D72/><U66/><E66/><V12/><F12/><W76/><G14/><T68/><D68/><N who="3" m="26185" /><G76/><T11/><D11/><U81/><E9/><V26/><F40/><W116/><G116/><T36/><D36/><U61/><E15/><V115/><F110/><W34/><G111/><T98/><D98/><U105/><E105/><V2/><F2/><W63/><G25/><T99/><D97/><U117/><E117/><V19/><F26/><W60/><G32/><T30/><D30/><N who="1" m="11275" /><E61/><N who="3" m="23626" /><G34/><T91/><D103/><U35/><E35/><V85/><F102/><W132/><G132/><T8/><D8/><U133/><E133/><V67/><F28/><W44/><G44/><N who="1" m="16970" /><E94/><V53/><F93/><W42/><G42/><T4/><N who="0" m="1554" /><T10/><DORA hai="126" /><D10/><U1/><E1/><V118/><F118/><W0/><G0/><T52/><D55/><U134/><E134/><V80/><F115/><W18/><G18/><T135/><D135/><U83/><E92/><V123/><F53/><W51/><G51/><RYUUKYOKU ba="0,0" sc="210,15,250,-15,290,-15,250,15" hai0="20,22,52,56,62,90,91,95,99,100" hai3="57,59,120,121" /><INIT seed="3,1,0,0,2,4" ten="225,235,275,265" oya="3" hai0="112,120,87,39,20,104,82,15,37,18,93,56,48" hai1="89,84,30,128,122,14,25,16,28,58,27,24,12" hai2="68,106,52,73,46,40,70,97,60,110,98,72,90" hai3="79,126,63,71,96,102,131,7,80,8,34,118,54"/><W19/><G118/><T114/><D104/><U125/><E122/><V127/><F110/><W10/><G126/><T0/><D0/><U121/><E121/><V6/><F6/><W81/><G131/><T67/><D120/><U44/><E125/><V91/><F40/><W100/><G34/><T41/><D93/><U17/><E128/><V135/><F46/><W123/><G123/><T83/><D83/><N who="3" m="31817" /><G71/><T64/><D64/><U31/><E58/><V119/><F119/><W76/><G19/><N who="1" m="7242" /><E44/><V59/><F106/><W57/><G7/><T92/><D92/><AGARI ba="1,0" hai="12,14,24,25,27,28,30,31,84,89,92" m="7242" machi="92" ten="30,2000,0" yaku="8,1,54,1" doraHai="4" who="1" fromWho="0" sc="225,-23,235,23,275,0,265,0" /><INIT seed="4,0,0,3,4,54" ten="202,258,275,265" oya="0" hai0="19,104,16,92,122,22,134,67,20,47,5,99,90" hai1="130,66,125,129,107,108,40,50,61,119,58,14,123" hai2="131,38,79,62,35,57,15,133,83,91,102,69,114" hai3="59,121,24,52,75,55,39,27,21,73,126,6,32"/><T33/><D134/><U93/><E107/><V37/><F69/><W100/><G39/><T116/><D116/><U68/><E119/><V23/><F35/><W4/><G126/><T28/><D122/><U18/><E123/><V34/><F34/><W85/><G121/><T101/><D5/><N who="3" m="2153" /><G32/><T103/><D33/><U106/><E106/><V11/><F114/><W127/><G127/><T26/><D104/><U3/><E3/><V74/><F102/><W132/><G132/><T49/><D67/><U31/><E31/><V86/><F23/><W124/><G124/><T98/><D98/><U97/><E125/><V135/><F131/><N who="1" m="50185" /><E40/><V111/><F111/><W8/><G8/><T0/><D0/><U113/><E108/><V105/><F105/><W44/><G100/><T64/><D64/><U36/><E36/><V46/><F46/><W51/><G75/><T42/><REACH who="0" step="1"/><D28/><REACH who="0" ten="192,258,275,265" step="2"/><U77/><E113/><V72/><F133/><W45/><G73/><T65/><D65/><U94/><E68/><V84/><F72/><W82/><G55/><T117/><D117/><U25/><E97/><V110/><F74/><W112/><G112/><T115/><D115/><U80/><E66/><N who="2" m="39247" /><F135/><W63/><G51/><T43/><D43/><U120/><E50/><V9/><F110/><W29/><G27/><AGARI ba="0,1" hai="16,19,20,22,26,27,42,47,49,90,92,99,101,103" machi="27" ten="30,12000,1" yaku="1,1,7,1,9,1,8,1,54,1,53,0" doraHai="54" doraHaiUra="60" who="0" fromWho="3" sc="192,130,258,0,275,0,265,-120" owari="322,42.2,258,-14.2,275,7.5,145,-35.5" /></mjloggm>