<mjloggm ver="2.3"><GO type="225" lobby="0"/><UN n0="%43%68%65" n1="%E3%83%A2%E3%83%B3%E3%82%AD%E3%83%BC%E3%83%88%E3%83%AA%E3%83%83%E3%82%AF" n2="%E5%B8%86%E7%AB%8B%E5%A4%8F%E8%A1%A3" n3="%E6%A1%9C%E8%8A%B1%E9%96%83%E3%80%85" dan="16,16,17,16" rate="2124.15,2146.69,2157.34,2126.24" sx="M,M,M,M"/><TAIKYOKU oya="0"/><INIT seed="0,0,0,1,0,28" ten="250,250,250,250" oya="0" hai0="2,33,99,120,108,124,69,36,43,127,16,131,46" hai1="133,26,29,94,63,60,34,73,119,47,27,64,123" hai2="98,70,117,44,38,79,35,111,118,12,1,67,42" hai3="22,51,39,20,56,4,90,125,68,55,116,9,37"/><T0/><D120/><U115/><E119/><N who="2" m="45579" /><F1/><W13/><G116/><T130/><D69/><U82/><E123/><V103/><F79/><W106/><G125/><N who="0" m="48203" /><D108/><U105/><E105/><N who="2" m="63735" /><F111/><W48/><G106/><T6/><D99/><U53/><E115/><V86/><F86/><W19/><G68/><T24/><D6/><U97/><E133/><V132/><F132/><W91/><G20/><N who="0" m="13319" /><D33/><U59/><E26/><V78/><F78/><W93/><G51/><T102/><D102/><U129/><E129/><AGARI ba="0,0" hai="0,2,36,43,46,129,130,131" m="13319,48203" machi="129" ten="30,5800,0" yaku="19,1,18,1,54,1" doraHai="28" who="0" fromWho="1" sc="250,58,250,-58,250,0,250,0" /><INIT seed="0,1,0,0,5,57" ten="308,192,250,250" oya="0" hai0="73,55,102,10,66,82,14,130,95,114,113,47,108" hai1="87,42,1,99,67,32,64,69,124,44,68,34,2" hai2="75,20,106,135,41,26,17,96,0,104,118,52,39" hai3="109,11,116,129,18,93,77,45,101,21,29,28,86"/><T5/><D130/><U38/><E87/><V94/><F75/><W112/><G112/><T59/><D108/><U117/><E117/><V122/><F122/><W19/><G116/><T65/><D47/><U46/><E124/><V24/><F0/><W8/><G129/><T54/><D54/><U53/><E53/><V62/><F135/><W81/><G109/><T49/><D73/><U83/><E83/><V100/><F118/><W119/><G119/><T63/><D82/><U85/><E85/><V123/><F123/><W78/><G78/><T115/><REACH who="0" step="1"/><D49/><REACH who="0" ten="298,192,250,250" step="2"/><U107/><E46/><V50/><F50/><W70/><G45/><T76/><D76/><U127/><E127/><V74/><F74/><W36/><G77/><T48/><D48/><U128/><E128/><V88/><F39/><W72/><G36/><T61/><D61/><U15/><E67/><V16/><F41/><W25/><G72/><T40/><D40/><U105/><E64/><V91/><F106/><W51/><G51/><T132/><D132/><U22/><E107/><V71/><F104/><W90/><G81/><T110/><D110/><U13/><E105/><V92/><F92/><W103/><G93/><T4/><D4/><U98/><E44/><V12/><F52/><W79/><G79/><T125/><D125/><U133/><E42/><V58/><F62/><W56/><G101/><T33/><D33/><U84/><E133/><V30/><F100/><W31/><G103/><T3/><D3/><U23/><E38/><V37/><F94/><W43/><G43/><T80/><D80/><U121/><E121/><RYUUKYOKU ba="1,1" sc="298,15,192,15,250,-15,250,-15" hai0="5,10,14,55,59,63,65,66,95,102,113,114,115" hai1="1,2,13,15,22,23,32,34,68,69,84,98,99" /><INIT seed="0,2,1,5,0,81" ten="313,207,235,235" oya="0" hai0="74,129,24,120,60,54,31,22,15,0,16,39,2" hai1="33,78,96,19,108,92,82,70,85,77,113,1,126" hai2="69,67,62,13,118,88,128,119,66,68,44,76,27" hai3="104,56,20,115,107,71,124,98,110,135,42,3,32"/><T132/><D120/><U8/><E70/><N who="2" m="42327" /><F76/><W5/><G20/><T75/><D39/><U4/><E113/><V91/><F128/><W53/><G42/><T10/><D129/><U130/><E33/><V86/><F13/><W46/><G46/><T34/><D132/><U23/><E130/><V59/><F27/><W58/><G53/><T112/><D112/><U80/><E108/><V109/><F109/><W89/><G89/><T37/><D37/><U64/><E64/><V30/><F30/><W57/><G98/><T97/><D97/><U72/><E126/><V103/><F91/><W45/><G71/><T127/><D127/><U93/><E93/><N who="2" m="54423" /><F103/><W125/><G110/><T79/><D79/><U106/><E106/><V122/><F122/><W36/><G107/><T63/><D0/><U40/><E40/><V90/><F90/><W17/><G104/><T101/><D101/><U21/><REACH who="1" step="1"/><E19/><REACH who="1" ten="313,197,235,235" step="2"/><V73/><F69/><W84/><G17/><T25/><D54/><U41/><E41/><V43/><F68/><W52/><G52/><T61/><REACH who="0" step="1"/><D2/><REACH who="0" ten="303,197,235,235" step="2"/><U131/><E131/><V105/><F105/><W7/><G3/><T87/><D87/><U123/><E123/><V102/><F102/><AGARI ba="2,3" hai="1,4,8,21,23,72,77,78,80,82,85,92,96,102" machi="102" ten="30,3900,0" yaku="1,1,7,1,52,1,53,0" doraHai="81" doraHaiUra="47" who="1" fromWho="2" sc="303,0,197,75,235,-45,235,0" /><INIT seed="1,0,0,4,5,0" ten="303,272,190,235" oya="1" hai0="129,116,79,65,59,130,52,17,111,35,82,92,38" hai1="121,37,8,62,70,81,126,27,95,9,24,83,32" hai2="5,106,76,115,119,39,100,43,88,49,2,54,10" hai3="25,120,44,77,1,48,60,46,123,74,117,7,112"/><U16/><E121/><V90/><F119/><W71/><G112/><T57/><D116/><U31/><E37/><V94/><F115/><W66/><G117/><T118/><D118/><U97/><E126/><V26/><F76/><W133/><G133/><T50/><D38/><U69/><E8/><V19/><F106/><W89/><G89/><T42/><D42/><U55/><E70/><V105/><F105/><W63/><G25/><T29/><D111/><U14/><E27/><V73/><F73/><W78/><G74/><T109/><D109/><U108/><E108/><V64/><F64/><W84/><G84/><T91/><D17/><U134/><E134/><V122/><F122/><W107/><G107/><T68/><D68/><U23/><E32/><V6/><F6/><W36/><G36/><T56/><D29/><U41/><E41/><V96/><F43/><W125/><G125/><T51/><D35/><U22/><E9/><V28/><F19/><W47/><G48/><N who="0" m="18475" /><D65/><U21/><E21/><V18/><F18/><W98/><G60/><N who="0" m="35847" /><D82/><U34/><E34/><V127/><F39/><W103/><G120/><T75/><D75/><U3/><E3/><V53/><F53/><W113/><G123/><T12/><D12/><U80/><E69/><V61/><F61/><W93/><G113/><T132/><D79/><U67/><E67/><V85/><F127/><W124/><G124/><T30/><D30/><U13/><E13/><V4/><F4/><W128/><G128/><N who="0" m="49259" /><D132/><U131/><E131/><V101/><F49/><W33/><G33/><T86/><AGARI ba="0,0" hai="57,59,86,91,92" m="49259,35847,18475" machi="86" ten="30,2000,0" yaku="19,1,54,1" doraHai="0" who="0" fromWho="0" sc="303,20,272,-10,190,-5,235,-5" /><INIT seed="2,0,0,4,1,98" ten="323,262,185,230" oya="2" hai0="107,52,40,91,54,57,80,27,95,31,111,16,2" hai1="21,5,51,48,113,87,110,30,79,102,36,23,93" hai2="99,86,20,122,85,19,88,132,68,59,26,24,78" hai3="7,15,103,100,104,50,126,17,8,69,29,49,89"/><V92/><F68/><W97/><G126/><T37/><D107/><U62/><E36/><V106/><F132/><W96/><G69/><T3/><D111/><U39/><E39/><V34/><F122/><W120/><G120/><T82/><D3/><U114/><E110/><V45/><F106/><W84/><G29/><T117/><D2/><U0/><E0/><V105/><F105/><W44/><G7/><T55/><D117/><U76/><E5/><V119/><F119/><W53/><G104/><T101/><D40/><U38/><E38/><V90/><F45/><N who="3" m="27823" /><G96/><N who="0" m="59551" /><D31/><U112/><E62/><V46/><F46/><W65/><G97/><T133/><D37/><U77/><E30/><V134/><F134/><W72/><G65/><T74/><D74/><U63/><E63/><V33/><F26/><W41/><G72/><T70/><D70/><U47/><E47/><V13/><F24/><W6/><G6/><T22/><D133/><U61/><E61/><V12/><F12/><W73/><G73/><T108/><D108/><U118/><E118/><V115/><F59/><W32/><G32/><T4/><D4/><U25/><E25/><V127/><F127/><W109/><G109/><T56/><D82/><AGARI ba="0,0" hai="8,15,17,41,44,50,82,84,89,100,103" m="27823" machi="82" ten="30,7700,0" yaku="25,1,8,1,52,2" doraHai="98" who="3" fromWho="0" sc="323,-77,262,0,185,0,230,77" /><INIT seed="3,0,0,4,4,104" ten="246,262,185,307" oya="3" hai0="128,13,18,48,7,11,37,112,20,119,45,76,38" hai1="117,77,80,29,59,127,122,83,54,27,121,34,107" hai2="81,71,84,116,64,55,43,61,115,126,96,99,85" hai3="21,8,133,56,42,65,58,82,53,14,93,78,75"/><W108/><G133/><T87/><D119/><U66/><E107/><V22/><F116/><W109/><G42/><N who="0" m="24631" /><D128/><U124/><E117/><V89/><F126/><W15/><G93/><T72/><D72/><U31/><E66/><V41/><F115/><W110/><G65/><T98/><D98/><U51/><E31/><V134/><F134/><W52/><G21/><T79/><D79/><U17/><E17/><V16/><F99/><W70/><G70/><T25/><D112/><U95/><E95/><V30/><F30/><W131/><G131/><T97/><D97/><U5/><E5/><V101/><F55/><N who="3" m="21067" /><G14/><T67/><D67/><U103/><E83/><AGARI ba="0,0" hai="7,11,13,18,20,25,37,38,76,83,87" m="24631" machi="83" ten="30,1000,0" yaku="25,1" doraHai="104" who="0" fromWho="1" sc="246,10,262,-10,185,0,307,0" owari="256,5.6,252,-14.8,185,-31.5,307,40.7" /></mjloggm>