<mjloggm ver="2.3"><GO type="225" lobby="0"/><UN n0="%E9%A6%AC%E5%BC%95%E7%81%AB%33" n1="%E3%81%A1%E3%82%83%E3%81%93%E3%81%93" n2="%E7%99%BD%E5%80%89%E5%AF%9B%E4%B9%8B" n3="%E5%B0%8F%E9%B3%A5%E9%81%8A%E7%B7%B4%E7%84%A1%32%31%E6%AD%B3" dan="17,16,16,16" rate="2195.31,2116.13,2137.06,2190.11" sx="M,F,M,F"/><TAIKYOKU oya="0"/><INIT seed="0,0,0,1,5,103" ten="250,250,250,250" oya="0" hai0="34,86,57,0,9,61,114,14,91,63,112,5,67" hai1="20,115,50,98,104,111,68,53,15,7,21,47,82" hai2="16,76,69,128,89,45,72,108,25,4,92,35,83" hai3="125,93,106,117,31,101,133,1,10,27,64,122,124"/><T52/><D34/><U126/><E68/><V65/><F108/><W116/><G133/><T135/><D135/><U56/><E111/><V55/><F128/><W18/><G93/><T30/><D30/><U22/><E126/><N who="3" m="48746" /><G64/><T44/><D0/><U127/><E127/><V40/><F4/><N who="3" m="1295" /><G18/><T19/><D5/><U119/><E119/><V120/><F120/><W95/><G95/><T11/><D11/><U43/><E115/><V102/><F102/><W97/><G122/><T60/><D44/><U75/><E7/><V46/><F55/><W70/><G70/><T24/><D24/><U41/><E15/><V94/><F35/><AGARI ba="0,0" hai="27,31,35,97,101,106,116,117" m="1295,48746" machi="35" ten="30,3900,0" yaku="18,1,23,1,52,1" doraHai="103" who="3" fromWho="2" sc="250,0,250,0,250,-39,250,39" /><INIT seed="1,0,0,2,4,80" ten="250,250,211,289" oya="1" hai0="126,94,103,133,41,99,107,18,112,67,111,118,73" hai1="62,124,100,79,134,117,49,95,10,34,29,9,128" hai2="17,108,12,0,61,91,66,74,88,119,15,84,121" hai3="96,97,71,33,44,23,87,106,68,5,131,56,63"/><U64/><E117/><V48/><F74/><W37/><G131/><T83/><D112/><U105/><E128/><V65/><F0/><W89/><G5/><T3/><D118/><U13/><E134/><V120/><F119/><W123/><G33/><T57/><D111/><U116/><E116/><V75/><F108/><W31/><G106/><T55/><D126/><U115/><E115/><V27/><F75/><W26/><G123/><T60/><D3/><U40/><E124/><V93/><F66/><W46/><G46/><T1/><D1/><U102/><E79/><V14/><F48/><W114/><G114/><T2/><D2/><U70/><E95/><V53/><F53/><W16/><G31/><T20/><D41/><U82/><E82/><V36/><F36/><W122/><G122/><T135/><D107/><U39/><E39/><V19/><F19/><W109/><G109/><T72/><D67/><U132/><E132/><N who="0" m="50761" /><D83/><U78/><E78/><V52/><F91/><W42/><G71/><T101/><D101/><U25/><E102/><V92/><F92/><W7/><G7/><T32/><D32/><U4/><E10/><V50/><F27/><AGARI ba="0,0" hai="18,20,27,55,57,60,72,73,94,99,103" m="50761" machi="27" ten="30,1000,0" yaku="20,1" doraHai="80" who="0" fromWho="2" sc="250,10,250,0,211,-10,289,0" /><INIT seed="2,0,0,0,1,75" ten="260,250,201,289" oya="2" hai0="56,64,30,20,89,126,99,27,119,22,73,85,51" hai1="118,86,47,77,127,1,122,114,121,76,78,6,34" hai2="105,106,11,98,128,65,62,4,0,48,133,32,83" hai3="59,96,91,40,80,53,26,112,94,130,46,110,97"/><V7/><F133/><W29/><G110/><T108/><D108/><U38/><E118/><V15/><F128/><W17/><G17/><T5/><D73/><U107/><E114/><V69/><F32/><W37/><G130/><T124/><D119/><U116/><E116/><V74/><F98/><W55/><G97/><T100/><D5/><U3/><E34/><V87/><F74/><W132/><G132/><T125/><D20/><U41/><E107/><V113/><F113/><W129/><G129/><T109/><D109/><U42/><E127/><V123/><F123/><N who="1" m="47113" /><E41/><V82/><F82/><W120/><G120/><T50/><D56/><U52/><E6/><V134/><F134/><W88/><G59/><T19/><D30/><U117/><E117/><V72/><F72/><W70/><G70/><T44/><D44/><U111/><E111/><V66/><F66/><W14/><G14/><T81/><REACH who="0" step="1"/><D64/><REACH who="0" ten="250,250,201,289" step="2"/><U28/><E28/><V31/><F31/><W43/><G29/><T103/><D103/><U60/><E86/><V8/><REACH who="2" step="1"/><F48/><REACH who="2" ten="250,250,191,289" step="2"/><W102/><G112/><T67/><D67/><U135/><E135/><V12/><F12/><W79/><G46/><T24/><D24/><U2/><E1/><V33/><F33/><W36/><G36/><T10/><D10/><U9/><E9/><V92/><F92/><AGARI ba="0,2" hai="19,22,27,50,51,81,85,89,92,99,100,124,125,126" machi="92" ten="40,2600,0" yaku="1,1,18,1,53,0" doraHai="75" doraHaiUra="131" who="0" fromWho="2" sc="250,46,250,0,191,-26,289,0" /><INIT seed="3,0,0,4,2,55" ten="296,250,165,289" oya="3" hai0="1,89,129,97,30,28,59,13,42,95,115,57,65" hai1="11,102,54,99,35,87,81,29,132,103,61,4,49" hai2="19,58,20,123,64,23,46,21,45,104,70,43,90" hai3="134,60,110,6,101,133,98,121,38,69,14,127,26"/><W112/><G121/><T130/><D1/><U78/><E132/><N who="3" m="50794" /><G112/><T44/><D115/><U73/><E61/><V56/><F104/><W85/><G38/><T77/><D77/><U31/><E35/><V113/><F113/><W48/><G48/><T100/><D100/><U16/><E73/><V94/><F123/><W131/><G131/><N who="0" m="50187" /><D13/><N who="1" m="7231" /><E4/><V75/><F75/><W105/><G110/><T91/><D91/><U25/><E25/><V47/><F70/><W118/><G118/><T17/><D17/><U53/><E53/><V114/><F64/><N who="3" m="41095" /><G26/><T0/><D0/><U18/><E18/><V92/><F114/><W51/><G51/><N who="0" m="27031" /><D65/><U39/><E39/><V86/><F43/><W117/><G117/><T27/><D28/><N who="1" m="10827" /><E99/><V106/><F106/><W15/><G6/><T83/><D83/><U111/><E111/><V76/><F76/><W74/><G74/><T72/><D72/><U122/><E122/><V128/><F128/><W126/><G85/><T120/><D120/><U33/><E33/><AGARI ba="0,0" hai="27,30,33,57,59,89,95,97" m="27031,50187" machi="33" ten="30,3900,0" yaku="19,1,52,2" doraHai="55" who="0" fromWho="1" sc="296,39,250,-39,165,0,289,0" owari="335,43.5,211,-18.9,165,-33.5,289,8.9" /></mjloggm>