<mjloggm ver="2.3"><GO type="225" lobby="0"/><UN n0="%72%65%6E%6B%75%6E" n1="%E3%81%A8%E3%82%89%E3%81%84%E3%81%A1" n2="%77%72%77%72%77%72%77%72" n3="%E3%81%93%E3%81%9F%E3%82%8D%E3%81%86%E3%81%8F%E3%82%93" dan="17,16,16,16" rate="2180.59,2146.94,2107.85,2071.44" sx="M,M,M,M"/><TAIKYOKU oya="0"/><INIT seed="0,0,0,3,3,103" ten="250,250,250,250" oya="0" hai0="24,81,88,26,40,132,65,21,43,27,94,63,1" hai1="76,36,61,32,109,77,72,129,12,102,130,113,93" hai2="8,37,105,89,110,28,15,82,39,46,92,52,119" hai3="9,106,133,135,117,104,69,34,95,114,4,67,100"/><T118/><D1/><U48/><E36/><V84/><F110/><W58/><G58/><N who="0" m="37111" /><D118/><U90/><E32/><V54/><F105/><W107/><G117/><T56/><D132/><N who="3" m="50761" /><G34/><T116/><D116/><U33/><E33/><V101/><F119/><W3/><G95/><T122/><D122/><U120/><E120/><V96/><F28/><W75/><G75/><T13/><D81/><U2/><E2/><V98/><F98/><N who="3" m="61463" /><G114/><T60/><D13/><U55/><E72/><V44/><F44/><W16/><G16/><N who="0" m="12327" /><D40/><U66/><E113/><V91/><F101/><W25/><G25/><T124/><D43/><U38/><E102/><V131/><F131/><W59/><G69/><T23/><D23/><U11/><E129/><V17/><REACH who="2" step="1"/><F54/><REACH who="2" ten="250,250,240,250" step="2"/><W83/><G83/><T74/><D124/><U30/><E55/><V18/><F18/><W71/><G71/><T85/><D74/><U10/><E30/><V115/><F115/><W51/><G67/><AGARI ba="0,1" hai="26,27,56,60,67,85,88,94" m="12327,37111" machi="67" ten="30,5800,0" yaku="8,1,54,2" doraHai="103" who="0" fromWho="3" sc="250,68,250,0,240,0,250,-58" /><INIT seed="0,1,0,5,4,107" ten="318,250,240,192" oya="0" hai0="97,69,132,76,45,38,11,118,56,13,66,1,130" hai1="42,6,128,112,70,60,4,72,91,114,8,22,37" hai2="18,125,26,17,89,40,78,50,135,10,28,105,95" hai3="77,32,85,35,61,46,67,124,41,2,64,93,3"/><T101/><D118/><U96/><E128/><V117/><F105/><W108/><G124/><T29/><D1/><U116/><E116/><V43/><F117/><W103/><G108/><T90/><D76/><U52/><E22/><V131/><F131/><W98/><G64/><T92/><D130/><U88/><E70/><V104/><F104/><W27/><G77/><T79/><D79/><U86/><E96/><V122/><F122/><W63/><G85/><T58/><D29/><U16/><E72/><V51/><F125/><W99/><G99/><T62/><D132/><U129/><E42/><N who="2" m="15915" /><F78/><W59/><G63/><T54/><D38/><U39/><E129/><V0/><F0/><W109/><G109/><T19/><D45/><U15/><E91/><V23/><F135/><W34/><REACH who="3" step="1"/><G27/><REACH who="3" ten="318,250,240,182" step="2"/><T71/><REACH who="0" step="1"/><D101/><REACH who="0" ten="308,250,240,182" step="2"/><U5/><E112/><V120/><F120/><W119/><G119/><T87/><D87/><U24/><E114/><V81/><F89/><W47/><G47/><T55/><D55/><U133/><E133/><V57/><F28/><W44/><G44/><T33/><D33/><U21/><E86/><V126/><F126/><W65/><G65/><T31/><D31/><U106/><E88/><V121/><F121/><W73/><G73/><T100/><D100/><U36/><E52/><V83/><F26/><W49/><AGARI ba="1,2" hai="2,3,32,34,35,41,46,49,59,61,67,93,98,103" machi="49" ten="30,2000,0" yaku="1,1,0,1,53,0" doraHai="107" doraHaiUra="48" who="3" fromWho="3" sc="308,-11,250,-6,240,-6,182,43" /><INIT seed="1,0,0,1,5,75" ten="297,244,234,225" oya="1" hai0="95,135,94,62,99,118,12,121,81,27,132,104,26" hai1="30,69,20,80,110,122,111,116,88,113,8,108,112" hai2="33,63,72,109,37,119,10,107,85,1,102,134,4" hai3="2,93,24,100,77,57,40,18,79,83,124,16,120"/><U70/><E116/><V65/><F119/><W66/><G120/><T98/><D118/><U64/><E122/><V7/><F72/><W59/><G2/><T48/><D121/><U36/><E36/><V127/><F7/><W13/><G40/><T19/><D48/><U54/><E8/><V84/><F37/><W130/><G130/><T106/><D62/><U25/><E54/><V125/><F33/><W61/><G59/><T52/><D81/><U35/><E35/><V39/><F39/><W67/><G67/><T6/><D6/><U14/><E14/><V123/><F123/><W15/><G24/><T128/><D12/><N who="3" m="4681" /><G83/><T71/><D19/><N who="3" m="7209" /><G124/><N who="2" m="47689" /><F109/><W92/><G100/><T43/><D43/><U129/><E129/><V133/><F102/><W0/><G0/><T11/><D11/><U58/><E58/><N who="2" m="37111" /><F107/><W68/><G68/><N who="1" m="26218" /><E64/><V41/><F41/><W82/><G82/><T76/><D71/><U117/><E117/><V28/><F28/><W31/><G31/><T32/><D32/><U74/><E74/><V9/><F9/><W96/><G96/><T45/><D128/><U114/><E114/><V131/><F131/><W51/><G51/><T60/><D60/><U55/><E55/><V46/><F46/><W105/><G105/><T90/><D45/><U56/><E56/><V3/><F3/><W89/><G93/><T86/><D52/><U42/><E42/><V115/><F115/><W97/><AGARI ba="0,0" hai="57,61,66,77,79,89,92,97" m="7209,4681" machi="97" ten="30,7900,0" yaku="8,1,52,2,54,1" doraHai="75" who="3" fromWho="3" sc="297,-20,244,-39,234,-20,225,79" /><INIT seed="2,0,0,5,2,18" ten="277,205,214,304" oya="2" hai0="90,50,28,29,97,108,100,122,91,46,32,34,53" hai1="23,127,99,134,62,74,80,61,118,47,107,88,13" hai2="67,116,68,104,71,52,96,37,123,38,120,36,76" hai3="8,65,78,131,70,110,93,26,129,126,81,43,87"/><V115/><F76/><W119/><G119/><T30/><D122/><N who="2" m="46634" /><F96/><W3/><G126/><T83/><D108/><U102/><E118/><V59/><F104/><W98/><G43/><T105/><REACH who="0" step="1"/><D83/><REACH who="0" ten="267,205,214,304" step="2"/><U22/><E127/><V5/><F116/><W125/><G125/><T0/><D0/><U72/><E134/><V45/><F5/><W10/><G3/><T77/><D77/><U121/><E121/><V6/><F6/><W84/><G78/><T21/><D21/><U1/><E1/><V48/><F115/><W69/><G81/><T132/><D132/><U112/><E112/><V82/><F82/><W57/><G110/><T16/><D16/><U73/><E23/><V128/><F128/><W51/><G129/><T11/><D11/><U25/><E80/><V55/><F67/><W130/><G65/><T66/><D66/><U85/><E22/><V40/><F55/><W135/><G135/><T95/><D95/><U19/><E19/><V75/><F75/><W58/><G93/><T117/><D117/><U27/><E73/><V64/><F64/><W2/><G2/><T124/><D124/><U24/><E74/><V15/><F15/><W9/><G9/><T103/><D103/><U4/><E72/><V54/><F54/><W63/><G130/><T114/><D114/><U33/><E13/><V44/><F40/><W7/><G8/><T60/><D60/><N who="1" m="23147" /><E4/><V133/><F133/><W41/><G7/><T31/><N who="0" m="7168" /><DORA hai="94" /><T89/><AGARI ba="0,1" hai="32,34,46,50,53,89,90,91,97,100,105" m="7168" machi="89" ten="50,8000,1" yaku="1,1,4,1,0,1,52,1,53,1" doraHai="18,94" doraHaiUra="49,20" who="0" fromWho="0" sc="267,90,205,-20,214,-40,304,-20" /><INIT seed="3,0,0,4,3,41" ten="357,185,174,284" oya="3" hai0="38,90,32,42,125,10,99,92,115,93,86,54,135" hai1="105,26,29,25,31,81,119,14,127,11,85,65,123" hai2="16,40,36,121,128,82,68,72,45,12,87,101,51" hai3="74,80,79,116,62,50,22,103,49,89,27,3,106"/><W112/><G3/><T108/><D32/><U131/><E123/><V35/><F121/><W96/><G112/><T15/><D115/><U91/><E131/><V6/><F128/><W67/><G89/><T120/><D120/><U102/><E127/><V48/><F72/><W46/><G116/><T69/><D69/><U0/><E0/><V20/><F68/><W132/><G132/><T30/><D30/><N who="1" m="11275" /><E105/><V94/><F35/><W70/><REACH who="3" step="1"/><G46/><REACH who="3" ten="357,185,174,274" step="2"/><T5/><D125/><U129/><E119/><V118/><F118/><W8/><G8/><T7/><D135/><U44/><E129/><V83/><F6/><W61/><G61/><T18/><D108/><U73/><E44/><N who="2" m="25607" /><F36/><W84/><G84/><T53/><D38/><U47/><E73/><V34/><F34/><W107/><G107/><T52/><D42/><U133/><E133/><V76/><F76/><W63/><G63/><T19/><D5/><N who="1" m="3439" /><E47/><V21/><F21/><W109/><G109/><T110/><D110/><U66/><E102/><AGARI ba="0,1" hai="7,10,15,18,19,52,53,54,86,90,92,93,99,102" machi="102" ten="40,2600,0" yaku="8,1,54,1" doraHai="41" who="0" fromWho="1" sc="357,36,185,-26,174,0,274,0" owari="393,49.3,159,-34.1,174,-22.6,274,7.4" /></mjloggm>