<mjloggm ver="2.3"><GO type="225" lobby="0"/><UN n0="%E5%B6%BA%E4%B8%8A%E5%92%B2" n1="%E9%A6%AC%E5%BC%95%E7%81%AB%33" n2="%E5%91%A8%E6%9D%B1" n3="%E3%82%8F%E3%81%8B%E3%81%B0%2A%E3%82%AC%E3%83%BC%E3%83%AB" dan="16,16,16,16" rate="2143.92,2079.67,2225.34,2096.80" sx="F,M,M,M"/><TAIKYOKU oya="0"/><INIT seed="0,0,0,3,4,3" ten="250,250,250,250" oya="0" hai0="78,82,34,30,125,74,133,93,76,52,8,23,32" hai1="116,64,96,87,62,17,70,6,51,110,0,15,5" hai2="97,109,89,94,63,1,22,58,21,121,100,103,33" hai3="59,130,16,127,14,41,38,84,106,86,40,128,132"/><T79/><D133/><U112/><E116/><V46/><F121/><W48/><G132/><T131/><D131/><N who="3" m="50217" /><G106/><T91/><D125/><U124/><E124/><V11/><F109/><W129/><G127/><T50/><D8/><U113/><E110/><V9/><F33/><W98/><G38/><T83/><D23/><N who="2" m="8714" /><F1/><W42/><G98/><T72/><D30/><U28/><E28/><V54/><F46/><W67/><N who="3" m="50225" /><W68/><DORA hai="27" /><G68/><T92/><D78/><U105/><E0/><V57/><F58/><W36/><G36/><T81/><D81/><U101/><E51/><V118/><F118/><W115/><G115/><N who="1" m="44106" /><E87/><V55/><F55/><N who="3" m="32231" /><G67/><T10/><D10/><RYUUKYOKU type="ron3" ba="0,0" sc="250,0,250,0,250,0,250,0" hai1="5,6,15,17,62,64,70,96,101,105" hai2="9,11,54,57,63,89,94,97,100,103" hai3="14,16,40,41,42,84,86" /><INIT seed="0,1,0,1,1,67" ten="250,250,250,250" oya="0" hai0="40,66,20,74,44,65,127,113,54,50,52,73,90" hai1="105,12,130,82,84,57,0,58,91,18,114,86,88" hai2="85,97,109,16,92,5,77,101,106,111,131,23,121" hai3="76,119,2,135,72,129,64,69,94,104,120,118,117"/><T125/><D113/><U34/><E0/><V1/><F121/><W14/><G2/><T29/><D90/><U36/><E36/><V53/><F131/><W56/><G104/><T15/><D29/><U68/><E130/><V7/><F53/><N who="0" m="20586" /><D20/><U60/><E34/><V17/><F17/><W21/><G129/><T98/><D15/><U134/><E134/><V46/><F46/><W63/><G135/><T28/><D28/><U93/><E114/><V100/><F100/><W6/><G120/><T78/><D98/><U102/><E68/><V59/><F59/><W75/><G94/><T49/><D78/><U133/><E60/><V33/><F33/><W123/><G123/><T43/><D74/><U128/><E133/><V95/><F77/><W31/><G31/><T30/><D30/><U112/><E112/><V37/><F37/><W39/><G39/><T107/><D107/><U126/><E126/><N who="0" m="48137" /><D73/><U108/><E108/><N who="2" m="41547" /><F85/><W89/><G89/><T47/><AGARI ba="1,0" hai="40,43,44,47,49,50,65,66" m="48137,20586" machi="47" ten="30,11700,0" yaku="18,1,34,2,54,1" doraHai="67" who="0" fromWho="0" sc="250,120,250,-40,250,-40,250,-40" /><INIT seed="0,2,0,2,3,21" ten="370,210,210,210" oya="0" hai0="0,117,121,120,135,62,78,27,126,96,5,73,103" hai1="82,104,63,74,81,79,95,58,60,17,109,4,130" hai2="67,33,75,26,49,6,50,19,1,112,116,113,77" hai3="46,36,90,70,13,88,2,56,28,128,18,108,38"/><T94/><D117/><U57/><E104/><V86/><F75/><W111/><G70/><T129/><D27/><U85/><E109/><N who="3" m="42058" /><G2/><T118/><D62/><U91/><E130/><V89/><F116/><W15/><G128/><T48/><D118/><U11/><E17/><V64/><F77/><W32/><G56/><T12/><D129/><U9/><E4/><V106/><F106/><W110/><G13/><T133/><D0/><U22/><E22/><N who="2" m="13663" /><F33/><W122/><G122/><T31/><D31/><U71/><E82/><V125/><F113/><W25/><N who="3" m="42066" /><W39/><DORA hai="80" /><G46/><T3/><D3/><U84/><E74/><V131/><F112/><W53/><G53/><T87/><D73/><U20/><E20/><AGARI ba="2,0" hai="15,18,20,25,28,32,36,38,39,88,90" m="42066" machi="20" ten="50,6400,0" yaku="14,1,52,1,54,1" doraHai="21,80" who="3" fromWho="1" sc="370,0,210,-70,210,0,210,70" /><INIT seed="1,0,0,2,1,98" ten="370,140,210,280" oya="1" hai0="129,80,61,125,18,57,90,28,8,116,119,50,49" hai1="70,81,37,36,15,127,71,110,115,100,108,13,78" hai2="124,12,72,134,38,16,54,105,120,53,133,63,123" hai3="10,4,83,126,52,111,43,9,2,76,23,114,95"/><U103/><E115/><V109/><F72/><W55/><G114/><T47/><D28/><U56/><E56/><V97/><F38/><W85/><G111/><N who="1" m="42538" /><E127/><V82/><F82/><W7/><G126/><T3/><D125/><U132/><E132/><N who="2" m="50795" /><F124/><W6/><G43/><T122/><D122/><N who="2" m="46634" /><F109/><W19/><G95/><T30/><D119/><U29/><E29/><V118/><F118/><W32/><G32/><T113/><D30/><U51/><E51/><V86/><F86/><W33/><G33/><T96/><D50/><U21/><E36/><V5/><F5/><W77/><G77/><T20/><D49/><U67/><E37/><V84/><F84/><W91/><G76/><T94/><D113/><U17/><E15/><V88/><F63/><W45/><G45/><T34/><D47/><U60/><E70/><V69/><F69/><W48/><G48/><T112/><D112/><U101/><E101/><N who="2" m="62639" /><F88/><W102/><G102/><T59/><D116/><U117/><E117/><V62/><F62/><W104/><G104/><T25/><D61/><U46/><E46/><V14/><F14/><N who="3" m="9719" /><G2/><T68/><D3/><U92/><E92/><V24/><F24/><W39/><G39/><T87/><D25/><U128/><E128/><V41/><F41/><W44/><G44/><T93/><D68/><U130/><E130/><V27/><F27/><W99/><G99/><T40/><D129/><U131/><E131/><V64/><F64/><W1/><G1/><T35/><D96/><U65/><E67/><V11/><AGARI ba="0,0" hai="11,12,16,53,54" m="62639,46634,50795" machi="11" ten="30,4000,0" yaku="20,1,52,1,54,1" doraHai="98" who="2" fromWho="2" sc="370,-10,140,-20,210,40,280,-10" /><INIT seed="2,0,0,1,2,14" ten="360,120,250,270" oya="2" hai0="117,88,33,86,42,56,25,99,125,18,122,76,22" hai1="72,130,59,37,8,62,34,103,105,13,15,49,21" hai2="27,70,104,75,10,30,43,91,134,127,109,11,50" hai3="82,1,61,114,110,135,48,7,28,80,47,20,77"/><V52/><F70/><W94/><G110/><T54/><D122/><U17/><E130/><V51/><F109/><W113/><G135/><T124/><D33/><U112/><E112/><N who="3" m="43114" /><G94/><T45/><D117/><U3/><E34/><V100/><F134/><W129/><G129/><T66/><D99/><U101/><E37/><V12/><F127/><N who="0" m="48714" /><D76/><U5/><E72/><V67/><F67/><W90/><G90/><T55/><D66/><U115/><E115/><V79/><F91/><W6/><G61/><T116/><D56/><U131/><E131/><V132/><F132/><W89/><G89/><T102/><D102/><U35/><E35/><V2/><F100/><W64/><G64/><T119/><D119/><U63/><E3/><V26/><F104/><W123/><G123/><T74/><D74/><U85/><E85/><V23/><F79/><W16/><G28/><T92/><D116/><U93/><E105/><V44/><F75/><N who="3" m="43071" /><G82/><T128/><D128/><U69/><E69/><V71/><F71/><W40/><G1/><T36/><AGARI ba="0,0" hai="18,22,25,36,42,45,54,55,86,88,92" m="48714" machi="36" ten="30,4000,0" yaku="18,1,52,1,54,1" doraHai="14" who="0" fromWho="0" sc="360,40,120,-10,250,-20,270,-10" /><INIT seed="3,0,0,2,2,89" ten="400,110,230,260" oya="3" hai0="25,53,133,5,114,88,99,14,17,122,63,42,28" hai1="97,35,105,54,6,110,67,86,111,101,23,57,59" hai2="51,27,120,43,127,94,61,7,18,129,31,81,80" hai3="77,36,13,37,3,79,47,102,4,92,32,74,100"/><W90/><G32/><T82/><D122/><U134/><E35/><V34/><F120/><W124/><G124/><T68/><D68/><U15/><E134/><V55/><F127/><W38/><G3/><T87/><D114/><U113/><E113/><V96/><F129/><W49/><G74/><T44/><D133/><U135/><E135/><V70/><F7/><W16/><G4/><T125/><D125/><U24/><E86/><V50/><F18/><W40/><G102/><T10/><D99/><U45/><E45/><V119/><F119/><W108/><G100/><T0/><D0/><U131/><E131/><V75/><F43/><W2/><G2/><T73/><D73/><U76/><E76/><V71/><F61/><W56/><G56/><T48/><D5/><U98/><E98/><V11/><F75/><W123/><G108/><T46/><D63/><U66/><E66/><V21/><F71/><W69/><G69/><T19/><D19/><U29/><E57/><V9/><F70/><W84/><REACH who="3" step="1"/><G123/><REACH who="3" ten="400,110,230,250" step="2"/><T93/><D44/><U112/><E112/><V126/><F126/><W118/><G118/><T107/><D107/><U130/><E130/><V39/><F34/><W121/><G121/><T106/><D106/><U12/><E105/><V83/><F39/><W85/><G85/><T72/><D72/><U22/><E111/><V8/><F55/><W109/><G109/><T26/><D53/><U128/><E110/><V58/><F58/><W115/><G115/><T33/><D87/><U117/><E128/><V41/><F41/><W95/><G95/><T20/><D33/><RYUUKYOKU ba="0,1" sc="400,-15,110,-15,230,15,250,15" hai2="8,9,11,21,27,31,50,51,80,81,83,94,96" hai3="13,16,36,37,38,40,47,49,77,79,84,90,92" /><INIT seed="3,1,1,4,3,19" ten="385,95,245,265" oya="3" hai0="91,11,88,95,68,107,111,34,20,103,77,76,106" hai1="67,8,5,30,118,36,72,2,130,131,87,58,69" hai2="129,101,48,33,79,27,115,12,51,84,17,108,41" hai3="3,53,55,28,113,62,119,125,57,6,75,31,105"/><W85/><G113/><T86/><D34/><U18/><E87/><V132/><F115/><W0/><G75/><T4/><D68/><U97/><E58/><V29/><F108/><W80/><G105/><T83/><D111/><U14/><E97/><V133/><F129/><W104/><G104/><N who="0" m="39979" /><D20/><U74/><E36/><V22/><F101/><W61/><G119/><T122/><D11/><U40/><E40/><V37/><F37/><W110/><G110/><T114/><D4/><U39/><E39/><V38/><F38/><W96/><G96/><N who="0" m="59807" /><D122/><U44/><E44/><V13/><F13/><W50/><G125/><T73/><D114/><U24/><E67/><V124/><F124/><W47/><G6/><T64/><D64/><U23/><E69/><V112/><F112/><W126/><G126/><T99/><D99/><U25/><E74/><V78/><F41/><W15/><G15/><T94/><D94/><U127/><E72/><V59/><F59/><N who="3" m="35055" /><G0/><T116/><D116/><U63/><E63/><V92/><F51/><W89/><G3/><T120/><D120/><U56/><E56/><V43/><F48/><W134/><G28/><T32/><D32/><U42/><E42/><V60/><F60/><W71/><G31/><T49/><D49/><U45/><E45/><V121/><F43/><W9/><G9/><T46/><D46/><U90/><E127/><V81/><F121/><W102/><G71/><T135/><D135/><N who="2" m="51786" /><F92/><W128/><G134/><T66/><D66/><U117/><E117/><V70/><F70/><W7/><G7/><T100/><D100/><U1/><E118/><RYUUKYOKU ba="1,1" sc="385,15,95,-15,245,15,265,-15" hai0="73,76,77,83,86,88,91" hai2="12,17,22,27,29,33,78,79,81,84" owari="410,51.0,80,-42.0,260,6.0,250,-15.0" /></mjloggm>