<mjloggm ver="2.3"><GO type="225" lobby="0"/><UN n0="%E3%83%A9%E3%83%BC%E3%83%A1%E3%83%B3%E4%BA%94%E9%83%8E" n1="%E3%81%95%E3%81%8D%E3%81%9F%E3%81%BE%E6%9E%97%E6%AA%8E" n2="%E3%83%94%E3%83%B3%E3%82%B5%E3%83%AD%E5%BA%97%E5%93%A1" n3="%E3%81%AF%E3%82%88%E3%81%8A%E3%81%98%E3%81%95%E3%82%93" dan="16,16,16,17" rate="2148.54,2116.49,2105.24,2138.57" sx="M,M,M,M"/><TAIKYOKU oya="0"/><INIT seed="0,0,0,0,4,99" ten="250,250,250,250" oya="0" hai0="20,39,119,41,109,1,74,83,115,98,80,104,45" hai1="12,92,37,50,108,118,64,100,131,106,24,123,86" hai2="61,63,133,2,48,33,128,49,16,56,107,34,58" hai3="110,30,29,26,35,112,85,10,7,57,122,121,111"/><T91/><D115/><U78/><E118/><V113/><F113/><W132/><G112/><T15/><D119/><U66/><E123/><N who="3" m="47114" /><G85/><T40/><D1/><U55/><E37/><V102/><F2/><N who="3" m="375" /><G57/><T3/><D3/><U95/><E106/><V51/><F128/><W25/><G132/><T79/><D109/><U17/><E131/><V75/><F75/><W36/><G36/><T53/><D41/><U67/><E24/><V44/><F44/><W130/><G130/><T88/><D53/><U117/><E117/><V114/><F114/><W27/><G27/><T54/><D54/><U23/><E108/><V5/><F5/><W65/><G65/><T73/><D83/><N who="1" m="47479" /><E100/><V68/><F68/><W87/><G87/><T69/><D69/><U28/><E28/><V135/><F56/><AGARI ba="0,0" hai="12,17,23,50,55,56,64,66,67,92,95" m="47479" machi="56" ten="30,1000,0" yaku="8,1" doraHai="99" who="1" fromWho="2" sc="250,0,250,10,250,-10,250,0" /><INIT seed="1,0,0,0,0,111" ten="250,260,240,250" oya="1" hai0="33,115,133,64,47,135,126,97,129,16,41,40,11" hai1="72,44,9,37,77,88,103,89,106,45,61,63,17" hai2="107,95,48,4,132,127,30,57,104,22,121,25,86" hai3="5,114,19,7,56,27,75,65,23,73,134,2,112"/><U110/><E106/><V66/><F121/><W123/><G65/><T131/><D33/><U58/><E103/><V113/><F132/><N who="0" m="50762" /><D115/><N who="3" m="44073" /><G56/><T108/><D108/><U87/><E110/><V32/><F113/><W29/><G73/><T0/><D97/><U43/><E72/><V6/><F127/><W96/><G96/><T69/><D126/><U34/><E34/><V79/><F32/><N who="3" m="20543" /><G75/><T102/><D102/><U124/><E124/><V85/><F107/><W31/><G134/><T46/><D64/><U101/><E101/><V18/><F104/><W38/><G38/><N who="0" m="21783" /><D69/><U83/><E45/><V122/><F122/><W14/><G123/><T15/><D0/><U53/><E63/><N who="2" m="38255" /><F48/><AGARI ba="0,0" hai="11,15,16,41,47,48,129,131" m="21783,50762" machi="48" ten="30,2000,0" yaku="20,1,54,1" doraHai="111" who="0" fromWho="2" sc="250,20,260,0,240,-20,250,0" /><INIT seed="2,0,0,5,4,15" ten="270,260,220,250" oya="2" hai0="46,89,130,123,86,128,40,118,70,133,106,61,9" hai1="134,78,96,51,98,108,121,135,105,23,2,127,13" hai2="12,83,4,31,119,54,65,71,131,35,73,6,84" hai3="5,64,30,59,43,29,57,104,66,53,67,116,124"/><V44/><F119/><W77/><G116/><T120/><D106/><U19/><E108/><V32/><F73/><W72/><G104/><T79/><D79/><U62/><E2/><V49/><F131/><N who="0" m="50218" /><D118/><U26/><E127/><V113/><F113/><W38/><G124/><T114/><D114/><U34/><E121/><V110/><F110/><W36/><G5/><T48/><D133/><N who="1" m="50699" /><E78/><V60/><F31/><W33/><G77/><T90/><D9/><N who="1" m="6575" /><E34/><V100/><F100/><W25/><G72/><T99/><D99/><U129/><E129/><V16/><F35/><W117/><G117/><T63/><D90/><U28/><E105/><V50/><F50/><W18/><G33/><T80/><D70/><U27/><E27/><V94/><F94/><W58/><G38/><T92/><D92/><U37/><E37/><V91/><F32/><W17/><G36/><T126/><D126/><U20/><E20/><AGARI ba="0,0" hai="4,6,12,16,20,44,49,54,60,65,71,83,84,91" machi="20" ten="30,5800,0" yaku="7,1,52,1,54,1" doraHai="15" who="2" fromWho="1" sc="270,0,260,-58,220,58,250,0" /><INIT seed="2,1,0,2,1,102" ten="270,202,278,250" oya="2" hai0="86,17,72,3,91,108,4,32,63,0,127,73,47" hai1="55,56,12,8,50,131,61,133,31,11,75,100,126" hai2="14,71,33,84,132,45,115,114,62,74,117,53,10" hai3="60,88,21,81,105,24,7,26,97,89,135,125,106"/><V40/><F74/><W85/><G125/><T23/><D32/><U46/><E126/><V69/><F33/><W52/><G135/><T29/><D127/><U28/><E75/><V76/><F76/><W16/><G7/><T15/><D108/><U130/><E133/><V18/><F117/><W58/><G26/><T39/><D29/><U103/><E131/><V116/><F116/><W42/><G42/><T9/><D0/><U30/><E130/><V78/><F132/><W104/><REACH who="3" step="1"/><G89/><REACH who="3" ten="270,202,278,240" step="2"/><T113/><D91/><U110/><E110/><V49/><F40/><W121/><G121/><T20/><D4/><N who="1" m="3079" /><E11/><V54/><F115/><W68/><G68/><T124/><D113/><U41/><AGARI ba="1,1" hai="28,30,31,41,46,50,55,56,61,100,103" m="3079" machi="41" ten="30,1100,0" yaku="8,1" doraHai="102" who="1" fromWho="1" sc="270,-4,202,24,278,-6,240,-4" /><INIT seed="3,0,0,3,3,43" ten="266,226,272,236" oya="3" hai0="0,21,128,108,30,25,89,74,46,118,11,31,34" hai1="131,83,85,103,72,14,126,53,70,90,96,125,135" hai2="3,81,86,110,35,112,63,50,106,64,61,49,129" hai3="107,23,20,42,71,58,121,65,79,100,16,119,59"/><W114/><G119/><T69/><D118/><U19/><E70/><V41/><F112/><W120/><G114/><T52/><D69/><U55/><E72/><V7/><F35/><W32/><G32/><T13/><D74/><U93/><E131/><V92/><F106/><W54/><G42/><T24/><D128/><U18/><E135/><V132/><F129/><W122/><G79/><T109/><D0/><U10/><REACH who="1" step="1"/><E19/><REACH who="1" ten="266,216,272,236" step="2"/><V133/><F133/><W116/><G116/><T124/><D109/><U17/><E17/><V28/><F132/><W51/><G71/><T56/><D108/><U15/><E15/><V82/><F110/><W40/><G16/><T84/><D13/><U73/><E73/><V113/><F113/><W60/><REACH who="3" step="1"/><G40/><REACH who="3" ten="266,216,272,226" step="2"/><T37/><D30/><U48/><E48/><V102/><F49/><W8/><G8/><T91/><D11/><U36/><E36/><V117/><F28/><W77/><G77/><T57/><D37/><U67/><E67/><V6/><BYE who="1" /><F64/><W80/><G80/><T2/><D31/><U78/><E78/><UN n1="%E3%81%95%E3%81%8D%E3%81%9F%E3%81%BE%E6%9E%97%E6%AA%8E" /><V99/><F81/><W62/><G62/><T94/><D34/><U38/><E38/><V5/><F63/><W76/><G76/><T115/><D115/><U87/><E87/><V12/><F61/><W68/><G68/><T47/><D84/><U111/><E111/><V123/><F117/><W27/><G27/><T1/><D25/><U97/><E97/><AGARI ba="0,2" hai="20,23,51,54,58,59,60,65,97,100,107,120,121,122" machi="97" ten="40,2000,0" yaku="1,1,53,0" doraHai="43" doraHaiUra="75" who="3" fromWho="1" sc="266,0,216,-20,272,0,226,40" /><INIT seed="3,1,0,4,3,17" ten="266,196,272,266" oya="3" hai0="124,133,31,43,19,9,0,62,110,109,15,37,36" hai1="7,111,41,125,32,115,116,126,106,21,71,76,135" hai2="68,3,120,123,38,35,117,94,64,55,13,121,84" hai3="53,96,42,61,86,4,58,69,72,90,56,18,81"/><W2/><G69/><T28/><D124/><N who="1" m="47723" /><E115/><V118/><F3/><W122/><G122/><T87/><D133/><U103/><E71/><V129/><F35/><W1/><G72/><T95/><D0/><U112/><E112/><V34/><F34/><W24/><G42/><T75/><D75/><U132/><E32/><V88/><F129/><W27/><G4/><T100/><D62/><U47/><E7/><V48/><F38/><N who="0" m="14954" /><D43/><U44/><E116/><V83/><F13/><W127/><G127/><T107/><D107/><U114/><E114/><V49/><F49/><W102/><G27/><T97/><D87/><U108/><E76/><N who="2" m="46183" /><F64/><W134/><G134/><N who="1" m="51242" /><E103/><V8/><F68/><W12/><G24/><T5/><D5/><U98/><E98/><N who="2" m="57671" /><F8/><W119/><G119/><T82/><D82/><U93/><E106/><V65/><F65/><W6/><G6/><T70/><D70/><U46/><E41/><V54/><F54/><W29/><G1/><T73/><D73/><U74/><E74/><V101/><F101/><W51/><G2/><T89/><D100/><U92/><E92/><V66/><BYE who="1" /><F66/><N who="3" m="39207" /><G102/><UN n1="%E3%81%95%E3%81%8D%E3%81%9F%E3%81%BE%E6%9E%97%E6%AA%8E" /><T63/><D63/><U22/><E93/><V128/><F128/><W52/><G53/><T20/><D9/><U11/><E11/><V85/><F85/><W77/><G96/><T105/><D105/><U33/><E33/><V67/><F67/><W79/><G29/><T50/><D50/><U99/><E99/><V104/><F104/><W39/><G39/><T25/><D31/><U45/><N who="1" m="11264" /><DORA hai="59" /><U10/><E10/><AGARI ba="1,0" hai="10,12,18,51,52,58,77,79,81,86,90" m="39207" machi="10" ten="30,5800,0" yaku="8,1,52,1,54,1" doraHai="17,59" who="3" fromWho="1" sc="266,0,196,-61,272,0,266,61" owari="266,-13.4,135,-36.5,272,7.2,327,42.7" /></mjloggm>