<mjloggm ver="2.3"><GO type="225" lobby="0"/><UN n0="%E6%A0%B9%E5%85%83%E3%81%8B%E3%82%89%E5%90%B9%E3%81%A3%E9%A3%9B%E3%81%B6" n1="%E3%81%94%E3%81%BE%E6%B2%B9%E9%A3%B2%E3%81%BF%E5%A4%AA%E9%83%8E" n2="%E6%A1%9C%E8%8A%B1%E9%96%83%E3%80%85" n3="%E3%81%A4%E3%81%A3%E3%81%B1%E3%82%8A%E3%83%9D%E3%83%BC%E3%83%AB" dan="16,16,16,17" rate="2147.23,2096.58,2123.72,2122.63" sx="F,M,M,M"/><TAIKYOKU oya="0"/><INIT seed="0,0,0,0,3,94" ten="250,250,250,250" oya="0" hai0="4,99,89,31,70,9,14,61,69,23,25,19,30" hai1="12,36,59,33,45,55,3,116,101,77,118,17,65" hai2="78,114,84,83,67,135,109,103,123,133,124,119,48" hai3="113,57,24,92,6,29,60,79,68,122,95,35,126"/><T62/><D70/><U20/><E3/><V110/><F67/><W21/><G113/><T73/><D73/><U13/><E33/><V117/><F48/><W127/><G122/><T8/><D69/><U15/><E65/><V34/><F34/><W50/><G79/><T107/><D31/><U28/><E28/><V93/><F114/><W46/><G6/><T128/><D128/><U26/><E77/><V131/><F123/><W108/><G108/><N who="2" m="41577" /><F124/><N who="3" m="47659" /><G68/><T38/><D38/><U72/><E72/><V47/><F47/><W81/><G81/><T63/><D89/><U88/><E101/><V129/><F129/><W44/><G44/><T53/><D53/><U112/><E112/><V7/><F7/><W32/><G32/><T85/><D85/><U37/><E45/><V87/><F131/><W11/><G11/><T74/><D74/><U71/><E71/><V115/><F115/><W111/><G35/><T90/><D9/><U130/><E130/><V102/><F102/><W64/><G111/><T56/><D56/><U98/><E37/><V10/><F10/><W1/><G1/><T43/><D4/><U132/><E132/><N who="2" m="50763" /><F87/><W120/><G120/><T121/><D121/><U58/><E36/><V41/><F41/><AGARI ba="0,0" hai="21,24,29,41,46,50,57,60,64,92,95" m="47659" machi="41" ten="30,1000,0" yaku="18,1" doraHai="94" who="3" fromWho="2" sc="250,0,250,0,250,-10,250,10" /><INIT seed="1,0,0,3,0,118" ten="250,250,240,260" oya="1" hai0="26,57,92,129,28,63,82,31,4,76,10,85,46" hai1="43,47,94,6,97,107,78,79,16,69,8,108,54" hai2="91,61,32,87,122,35,41,62,55,98,131,0,20" hai3="110,2,132,80,96,83,45,127,88,89,13,124,70"/><U74/><E107/><V90/><F0/><W64/><G2/><T65/><D129/><U12/><E108/><V99/><F131/><W21/><G110/><T60/><D46/><U128/><E128/><V11/><F41/><W19/><G132/><T66/><D26/><U130/><E130/><V40/><F40/><W9/><G45/><T37/><D37/><U102/><E69/><V103/><F11/><W24/><G64/><T38/><D38/><U44/><E54/><V52/><F20/><W27/><G27/><T30/><D92/><U5/><E74/><V115/><F87/><W56/><G56/><N who="0" m="36999" /><D10/><U111/><E111/><V100/><F115/><W116/><G70/><T71/><D71/><U3/><E6/><AGARI ba="0,0" hai="4,6,28,30,31,57,63,66,76,82,85" m="36999" machi="6" ten="30,1000,0" yaku="8,1" doraHai="118" who="0" fromWho="1" sc="250,10,250,-10,240,0,260,0" /><INIT seed="2,0,0,5,2,121" ten="260,240,240,260" oya="2" hai0="105,39,0,8,118,88,91,41,51,99,95,86,78" hai1="128,108,77,72,37,19,114,12,107,126,50,87,45" hai2="64,85,43,75,6,22,40,76,58,52,56,4,38" hai3="110,122,103,2,29,1,80,11,47,125,97,120,83"/><V5/><F75/><W7/><G2/><T117/><D39/><U123/><E114/><V130/><F130/><W9/><G29/><T101/><D0/><U106/><E37/><V132/><F132/><W112/><G112/><T28/><D28/><U69/><E69/><V14/><F38/><W57/><G11/><T111/><D8/><U84/><E128/><V74/><F74/><W68/><G68/><T71/><D71/><U90/><E126/><V42/><F64/><W36/><G57/><T129/><D129/><U81/><E72/><V133/><F133/><W116/><G116/><N who="0" m="44651" /><D78/><U13/><E108/><V34/><F34/><W25/><G25/><T33/><D33/><U89/><E77/><V92/><F76/><W32/><G32/><T82/><D51/><U10/><E13/><V102/><F58/><W115/><G125/><T16/><D41/><U31/><E31/><V18/><F102/><W134/><G134/><T53/><D53/><N who="1" m="29903" /><E123/><V124/><F124/><W119/><G119/><T70/><D70/><U54/><E54/><V23/><F23/><W98/><G115/><T113/><D113/><U127/><E127/><V66/><F66/><W67/><G67/><T94/><D16/><U35/><E35/><V21/><F21/><W62/><G122/><T79/><D111/><U46/><E46/><V96/><F85/><W20/><G110/><T60/><D60/><U73/><E73/><V109/><F109/><W100/><G120/><T24/><D91/><U93/><AGARI ba="0,0" hai="10,12,19,81,84,87,89,90,93,106,107" m="29903" machi="93" ten="30,1100,0" yaku="25,1" doraHai="121" who="1" fromWho="1" sc="260,-3,240,11,240,-5,260,-3" /><INIT seed="3,0,0,5,5,59" ten="257,251,235,257" oya="3" hai0="24,17,5,84,126,108,1,44,26,6,119,95,107" hai1="104,42,83,135,21,110,98,65,36,4,120,22,87" hai2="132,57,20,96,61,66,109,134,121,40,60,0,114" hai3="3,102,55,8,33,12,128,88,58,23,117,94,80"/><W112/><G112/><T54/><D107/><U113/><E120/><V7/><F114/><W130/><G117/><T73/><D108/><U89/><E113/><V56/><F109/><W43/><G33/><T81/><D73/><U29/><E135/><N who="2" m="51755" /><F121/><W85/><G43/><T25/><D1/><U115/><E115/><V27/><F40/><W9/><G3/><T78/><D126/><U18/><E4/><V100/><F7/><W15/><G23/><T68/><D68/><U30/><E36/><V79/><F79/><W19/><G102/><T124/><D17/><U97/><E22/><V53/><F0/><W31/><G31/><T35/><D35/><U118/><E118/><V47/><F47/><W111/><G111/><T49/><D124/><U103/><E98/><V116/><F116/><W69/><G69/><T50/><D119/><U75/><E42/><V32/><F32/><W92/><G130/><T48/><D5/><U64/><E75/><V91/><F91/><W129/><G129/><T38/><D6/><U51/><E110/><V76/><F76/><W123/><G123/><T82/><D38/><U122/><E122/><V11/><F11/><N who="3" m="4171" /><G128/><T39/><D39/><U14/><REACH who="1" step="1"/><E51/><REACH who="1" ten="257,241,235,257" step="2"/><V28/><F100/><W67/><G15/><T99/><D49/><U41/><E41/><V90/><F90/><W74/><G74/><T77/><D50/><U106/><E106/><V2/><F96/><W13/><G13/><T70/><D78/><U101/><E101/><V16/><F2/><W125/><G125/><T133/><D133/><U34/><E34/><V10/><F10/><RYUUKYOKU ba="0,1" sc="257,-15,241,15,235,15,257,-15" hai1="14,18,21,29,30,64,65,83,87,89,97,103,104" hai2="16,20,27,28,53,56,57,60,61,66" /><INIT seed="4,1,1,5,5,86" ten="242,256,250,242" oya="0" hai0="50,99,21,88,8,63,135,25,109,16,120,82,64" hai1="118,101,45,0,51,11,104,130,1,5,17,124,34" hai2="123,29,7,35,3,115,42,72,78,74,31,26,19" hai3="133,119,107,71,54,76,14,73,69,129,41,127,117"/><T131/><D120/><U12/><E118/><V100/><F123/><W81/><G129/><T85/><D131/><U48/><E34/><V20/><F115/><W28/><G133/><T10/><D135/><U24/><E24/><V4/><F100/><W65/><G127/><T23/><D109/><U13/><E51/><V132/><F132/><W75/><G107/><T125/><D125/><U70/><E70/><V38/><F7/><W44/><G28/><N who="0" m="17455" /><D50/><U84/><E101/><V15/><F78/><W114/><G75/><T22/><D22/><U80/><E104/><V126/><F31/><W79/><G114/><T47/><D47/><U67/><E67/><V61/><F61/><W113/><G113/><T108/><D108/><U49/><E49/><V92/><F92/><W18/><G71/><T2/><D2/><U91/><E130/><V94/><F94/><W83/><G69/><T105/><D105/><U46/><E46/><N who="2" m="23895" /><F126/><W96/><G119/><T53/><D53/><U32/><E32/><V93/><F93/><W43/><G54/><T52/><D64/><U68/><E68/><V90/><F90/><W103/><G65/><T39/><D39/><U60/><E60/><V62/><F62/><W121/><G117/><T30/><D99/><U59/><E124/><V66/><F66/><W134/><G121/><T55/><D30/><U27/><E27/><V89/><F89/><W111/><G134/><T36/><D36/><U106/><E106/><V102/><F102/><W95/><G111/><T116/><D116/><U6/><E1/><V77/><F77/><W112/><G79/><RYUUKYOKU ba="1,1" sc="242,-10,256,-10,250,30,242,-10" hai2="3,4,15,19,20,26,29,35,72,74" /><INIT seed="5,2,1,0,5,110" ten="232,246,280,232" oya="1" hai0="114,15,54,132,116,79,17,66,59,25,61,3,48" hai1="38,112,85,55,58,45,117,42,77,107,93,97,65" hai2="52,113,76,104,92,28,20,22,121,19,60,9,36" hai3="83,124,108,91,82,98,96,125,75,95,127,72,18"/><U73/><E117/><V128/><F104/><W89/><G18/><T39/><D132/><U6/><E112/><V105/><F113/><W37/><G37/><T118/><D3/><U13/><E65/><V57/><F105/><W49/><G49/><T21/><D114/><U12/><E73/><N who="3" m="28234" /><G108/><T26/><D79/><U101/><E6/><V123/><F128/><W7/><G7/><T90/><D39/><U81/><REACH who="1" step="1"/><E107/><REACH who="1" ten="232,236,280,232" step="2"/><V106/><F106/><W5/><G5/><T70/><D118/><U27/><E27/><V109/><F109/><W84/><G83/><T129/><D116/><U24/><E24/><V32/><F123/><W103/><G98/><T62/><D25/><U40/><E40/><V56/><F121/><W69/><G69/><T71/><D26/><U16/><E16/><V30/><F19/><W78/><AGARI ba="2,2" hai="78,82,84,89,91,95,96,103,124,125,127" m="28234" machi="78" ten="40,5200,0" yaku="18,1,34,2" doraHai="110" who="3" fromWho="3" sc="232,-15,236,-28,280,-15,232,78" owari="217,-18.3,208,-29.2,265,6.5,310,41.0" /></mjloggm>