<mjloggm ver="2.3"><GO type="225" lobby="0"/><UN n0="%E5%91%A8%E6%9D%B1" n1="%E6%98%93%E5%88%A9%E8%96%A9%E4%BC%AF" n2="%E6%A1%9C%E8%8A%B1%E9%96%83%E3%80%85" n3="%E3%81%AF%E3%82%88%E3%81%8A%E3%81%98%E3%81%95%E3%82%93" dan="17,17,16,17" rate="2227.71,2209.81,2087.77,2143.93" sx="M,F,M,M"/><TAIKYOKU oya="0"/><INIT seed="0,0,0,1,0,51" ten="250,250,250,250" oya="0" hai0="122,18,96,59,46,37,129,68,128,110,58,33,78" hai1="30,73,67,8,130,1,84,2,40,23,56,20,69" hai2="21,87,13,41,6,101,11,79,105,61,57,15,113" hai3="35,134,65,47,116,36,117,125,98,85,60,28,131"/><T118/><D33/><U81/><E69/><V88/><F113/><W4/><G125/><T55/><D118/><U86/><E73/><V133/><F133/><W22/><G134/><T94/><D122/><U92/><E130/><N who="0" m="50281" /><D68/><U39/><E39/><V16/><F41/><N who="3" m="22951" /><G35/><T112/><D112/><U52/><E40/><V106/><F79/><W74/><G74/><T5/><D5/><U90/><E67/><V99/><F105/><W100/><G4/><T17/><D78/><U109/><E109/><V104/><F104/><W102/><G131/><T32/><D32/><U54/><E54/><V114/><F114/><W9/><G65/><T29/><D29/><U103/><E8/><V27/><F15/><W64/><G9/><T120/><D120/><U82/><E103/><V77/><F77/><W50/><G100/><N who="0" m="60439" /><D110/><U3/><E30/><V95/><F57/><N who="0" m="21514" /><D37/><U71/><E71/><V89/><REACH who="2" step="1"/><F89/><REACH who="2" ten="250,250,240,250" step="2"/><W53/><G116/><T0/><D0/><U115/><E115/><V24/><F24/><W7/><G117/><T93/><D93/><U126/><E126/><V43/><F43/><W48/><G102/><T62/><D62/><AGARI ba="0,1" hai="6,11,13,16,21,27,61,62,87,88,95,99,101,106" machi="62" ten="40,5200,0" yaku="1,1,54,2,53,0" doraHai="51" doraHaiUra="25" who="2" fromWho="0" sc="250,-52,250,0,240,62,250,0" /><INIT seed="1,0,0,3,3,111" ten="198,250,302,250" oya="1" hai0="78,43,84,13,12,83,135,79,68,36,114,90,74" hai1="72,123,20,33,100,35,71,21,27,113,108,102,61" hai2="3,112,59,76,60,105,119,124,117,64,5,92,93" hai3="26,45,109,7,134,63,42,132,118,99,86,18,53"/><U69/><E123/><V40/><F105/><W19/><G109/><T32/><D32/><U24/><E108/><V25/><F124/><W106/><G118/><T126/><D68/><U30/><E72/><V73/><F40/><W9/><G86/><T47/><D135/><N who="3" m="51753" /><G26/><T52/><D126/><U127/><E127/><V131/><F131/><W10/><G53/><T121/><D121/><U85/><E85/><V81/><F25/><W65/><G99/><T98/><D98/><U66/><E71/><V44/><F44/><W16/><G7/><T80/><D114/><U0/><E0/><V2/><F2/><W4/><G4/><T1/><D79/><U22/><REACH who="1" step="1"/><E113/><REACH who="1" ten="198,240,302,250" step="2"/><V110/><F112/><W38/><G106/><T96/><D1/><U129/><E129/><V49/><F110/><W34/><G34/><T29/><D96/><U37/><E37/><V128/><F128/><W15/><G9/><T82/><D82/><U57/><E57/><AGARI ba="0,1" hai="10,15,16,18,19,38,42,45,57,63,65" m="51753" machi="57" ten="30,2000,0" yaku="20,1,54,1" doraHai="111" who="3" fromWho="1" sc="198,0,240,-20,302,0,250,30" /><INIT seed="2,0,0,1,0,61" ten="198,220,302,280" oya="2" hai0="123,86,40,95,60,92,54,56,119,46,128,133,115" hai1="129,59,84,31,88,51,71,42,99,34,44,102,111" hai2="47,53,107,109,82,78,52,69,2,43,81,63,12" hai3="18,58,105,57,55,67,22,125,91,85,96,104,103"/><V79/><F2/><W29/><G125/><T68/><D123/><U121/><E71/><V124/><F107/><W106/><G22/><T49/><D115/><U135/><E111/><V108/><F124/><W87/><G29/><T38/><D133/><U21/><E121/><V15/><F69/><W89/><G18/><T98/><D128/><U93/><E135/><V23/><F23/><W80/><G67/><T75/><D75/><U73/><E73/><V20/><F20/><W36/><G36/><T64/><D119/><U122/><E34/><V48/><F63/><W8/><G8/><T131/><D131/><U19/><E122/><V30/><F30/><W127/><G127/><T4/><D4/><U90/><E129/><V32/><F32/><W28/><G28/><T37/><D37/><U45/><E31/><V113/><F113/><W7/><G7/><T16/><D86/><U3/><E3/><V77/><F12/><W120/><G120/><T72/><D72/><U5/><E5/><V10/><F108/><W33/><G33/><T117/><D117/><U70/><E70/><V14/><F14/><W26/><G26/><T100/><D16/><U39/><E59/><N who="3" m="22538" /><G55/><N who="2" m="21065" /><F109/><W83/><G104/><AGARI ba="0,0" hai="38,40,46,49,54,56,60,64,68,92,95,98,100,104" machi="104" ten="30,7700,0" yaku="7,1,24,2,52,1" doraHai="61" who="0" fromWho="3" sc="198,77,220,0,302,0,280,-77" /><INIT seed="3,0,0,1,0,35" ten="275,220,302,203" oya="3" hai0="120,80,10,37,42,105,113,76,134,60,131,125,133" hai1="110,109,31,83,48,47,29,69,27,50,67,103,45" hai2="13,58,130,104,127,63,79,70,128,106,16,132,61" hai3="94,124,84,68,112,98,72,117,15,46,129,39,78"/><W77/><G117/><T91/><D120/><U59/><E69/><V52/><F79/><N who="3" m="30219" /><G112/><T26/><D113/><U108/><E83/><V3/><F3/><W28/><G68/><T6/><D105/><U114/><E114/><V82/><F82/><W93/><G72/><T88/><D26/><U118/><E118/><V21/><F127/><W1/><G1/><N who="0" m="335" /><D60/><N who="1" m="38303" /><E103/><V65/><REACH who="2" step="1"/><F132/><REACH who="2" ten="275,220,292,203" step="2"/><W54/><G124/><T34/><D125/><U92/><E110/><V111/><F111/><W116/><G116/><T66/><D133/><U41/><E109/><V20/><F20/><W14/><G129/><AGARI ba="0,1" hai="13,16,21,52,58,61,63,65,70,104,106,128,129,130" machi="129" ten="40,8000,1" yaku="1,1,19,1,54,2,53,0" doraHai="35" doraHaiUra="123" who="2" fromWho="3" sc="275,0,220,0,292,90,203,-80" owari="275,7.5,220,-18.0,382,48.2,123,-37.7" /></mjloggm>