<mjloggm ver="2.3"><GO type="225" lobby="0"/><UN n0="%E7%99%BD%E5%80%89%E5%AF%9B%E4%B9%8B" n1="%E6%A1%9C%E8%8A%B1%E9%96%83%E3%80%85" n2="%E3%81%A4%E3%81%A3%E3%81%B1%E3%82%8A%E3%83%9D%E3%83%BC%E3%83%AB" n3="%E3%82%A2%E3%82%A4%E3%82%B9%E3%83%86%E3%82%A3%E3%83%BC%E3%81%82%E3%81%B9" dan="16,16,17,16" rate="2142.52,2078.09,2130.88,2071.24" sx="M,M,M,M"/><TAIKYOKU oya="0"/><INIT seed="0,0,0,1,4,108" ten="250,250,250,250" oya="0" hai0="98,67,79,131,115,34,78,95,66,83,7,105,56" hai1="85,36,42,61,84,57,23,55,111,45,65,125,29" hai2="130,129,76,71,16,92,4,77,134,44,17,68,96" hai3="8,2,62,94,121,51,46,120,31,128,26,104,73"/><T9/><D34/><U27/><E111/><V103/><F4/><N who="3" m="1047" /><G104/><T123/><D123/><N who="3" m="47177" /><G73/><T126/><D131/><N who="2" m="50186" /><F134/><W70/><G128/><T91/><D126/><U117/><E117/><V21/><F44/><W63/><G94/><T60/><D105/><U127/><E127/><V10/><F10/><W28/><G70/><N who="2" m="26665" /><F17/><W82/><G82/><T30/><D30/><N who="3" m="11305" /><G26/><AGARI ba="0,0" hai="16,21,26,76,77,92,96,103" m="26665,50186" machi="26" ten="30,2000,0" yaku="19,1,54,1" doraHai="108" who="2" fromWho="3" sc="250,0,250,0,250,20,250,-20" /><INIT seed="1,0,0,5,5,7" ten="250,250,270,230" oya="1" hai0="124,72,69,26,10,120,126,75,131,87,22,13,15" hai1="52,53,44,92,46,135,118,20,119,102,133,3,93" hai2="90,50,115,110,12,70,48,83,80,6,30,18,47" hai3="62,19,66,88,64,41,77,35,84,79,8,55,54"/><U33/><E20/><V97/><F70/><W36/><G35/><T96/><D69/><U108/><E3/><V40/><F110/><W16/><G41/><T51/><D131/><U68/><E68/><V113/><F30/><W38/><G36/><T63/><D63/><U5/><E5/><V71/><F6/><W125/><G38/><T37/><D37/><U107/><E102/><V129/><F71/><W123/><G125/><N who="0" m="48235" /><D120/><U49/><E107/><V101/><F129/><W106/><G106/><T109/><D109/><U78/><E108/><V130/><F50/><W94/><G123/><T98/><D87/><U134/><E78/><N who="3" m="29706" /><G19/><N who="0" m="8631" /><D15/><U43/><E33/><V127/><F130/><W57/><G66/><T28/><D51/><N who="1" m="28791" /><E53/><V105/><F127/><W23/><G8/><T114/><D114/><U99/><E99/><AGARI ba="0,0" hai="22,26,28,72,75,96,98,99" m="8631,48235" machi="99" ten="30,2000,0" yaku="18,1,52,1" doraHai="7" who="0" fromWho="1" sc="250,20,250,-20,270,0,230,0" /><INIT seed="2,0,0,3,1,23" ten="270,230,270,230" oya="2" hai0="11,105,102,65,26,100,55,119,135,103,36,49,54" hai1="126,88,113,123,28,33,68,44,19,112,66,108,98" hai2="110,51,83,39,75,127,9,71,62,94,3,114,67" hai3="85,74,60,95,101,117,73,52,69,90,24,53,104"/><V76/><F114/><W115/><G115/><T91/><D36/><U77/><E77/><V78/><F127/><W106/><G117/><T2/><D119/><U132/><E126/><V45/><F78/><W50/><G24/><T134/><D105/><U41/><E19/><V118/><F118/><W38/><G38/><T30/><D65/><U80/><E108/><V58/><F110/><W93/><G106/><T35/><D91/><U27/><E132/><N who="0" m="50729" /><D49/><U5/><E5/><AGARI ba="0,0" hai="2,5,11,26,30,35,54,55,100,102,103" m="50729" machi="5" ten="30,2000,0" yaku="20,1,52,1" doraHai="23" who="0" fromWho="1" sc="270,20,230,-20,270,0,230,0" /><INIT seed="3,0,0,3,5,19" ten="290,210,270,230" oya="3" hai0="57,13,65,123,12,133,86,46,4,101,64,9,72" hai1="79,105,40,89,41,37,28,81,117,131,43,31,121" hai2="91,42,47,21,93,84,59,7,58,45,62,69,16" hai3="10,49,88,1,35,122,36,94,97,50,48,96,115"/><W30/><G122/><T126/><D72/><U78/><E121/><V76/><F7/><W85/><G115/><T54/><D123/><U14/><E37/><V113/><F113/><W98/><G36/><T70/><D70/><U18/><E105/><V130/><F130/><W17/><G35/><T99/><D133/><U8/><E131/><V27/><F76/><N who="1" m="29225" /><E117/><V80/><F80/><W102/><G30/><T106/><D126/><U39/><E39/><V114/><F114/><W135/><G135/><T134/><D134/><U11/><E11/><V66/><F47/><W26/><G1/><T128/><D128/><U33/><E33/><V109/><F109/><W107/><REACH who="3" step="1"/><G10/><REACH who="3" ten="290,210,270,220" step="2"/><T63/><D9/><U90/><E81/><V82/><F82/><W29/><G29/><AGARI ba="0,1" hai="8,14,18,28,29,31,40,41,43,89,90" m="29225" machi="29" ten="30,1000,0" yaku="8,1" doraHai="19" who="1" fromWho="3" sc="290,0,210,20,270,0,220,-10" /><INIT seed="4,0,0,3,4,17" ten="290,230,270,210" oya="0" hai0="15,117,26,44,60,5,92,116,71,4,107,75,115" hai1="23,112,113,46,114,32,89,50,74,66,27,85,122" hai2="0,41,97,29,86,119,100,108,63,28,130,38,127" hai3="11,126,6,52,58,101,54,13,124,59,56,42,110"/><T96/><D107/><U21/><E74/><V73/><F73/><W20/><G110/><T132/><D75/><U12/><E122/><V62/><F108/><W37/><G101/><T19/><D26/><U131/><E131/><V7/><F130/><W106/><G106/><T87/><D87/><U98/><E66/><V39/><F7/><W105/><G105/><T120/><D120/><U129/><E98/><V34/><F0/><W70/><G70/><T55/><D115/><U103/><E103/><V95/><F119/><W65/><G65/><T102/><D132/><U40/><E12/><V91/><F127/><N who="3" m="48683" /><G20/><N who="0" m="11391" /><D71/><U8/><E8/><V81/><F34/><W76/><G76/><T10/><D117/><U1/><E1/><V109/><F109/><W123/><G123/><T99/><D116/><U18/><E129/><V77/><F77/><W33/><G33/><T49/><D10/><U84/><E32/><V67/><F67/><W104/><G104/><T135/><D135/><U93/><E23/><V80/><F28/><W48/><G37/><T61/><D99/><U57/><E85/><V24/><F38/><W47/><AGARI ba="0,0" hai="6,11,13,42,47,48,52,54,56,58,59" m="48683" machi="47" ten="40,2700,0" yaku="18,1,54,1" doraHai="17" who="3" fromWho="3" sc="290,-13,230,-7,270,-7,210,27" /><INIT seed="5,0,0,5,5,13" ten="277,223,263,237" oya="1" hai0="49,38,130,46,127,12,81,79,112,69,19,80,73" hai1="21,114,3,16,128,57,89,11,47,48,8,62,77" hai2="35,74,92,65,85,91,26,93,90,54,41,113,131" hai3="1,7,106,126,43,32,50,101,94,102,72,76,52"/><U4/><E114/><V107/><F107/><W68/><G32/><T117/><D69/><U121/><E121/><V111/><F111/><W119/><G68/><T56/><D117/><U122/><E122/><V17/><F74/><W45/><G106/><T134/><D112/><U63/><E128/><V28/><F131/><W87/><G119/><T120/><D130/><U64/><E77/><V123/><F123/><W83/><G126/><T84/><D38/><U39/><E39/><V103/><F103/><W125/><G125/><T66/><D127/><U30/><E30/><V70/><F41/><W124/><G124/><T51/><D134/><U23/><E63/><V98/><F54/><W86/><G7/><T24/><D24/><U5/><E89/><V0/><F0/><W22/><G1/><T58/><D66/><U18/><E5/><V59/><F70/><W118/><G118/><T75/><D51/><U10/><E3/><V55/><F65/><W27/><G43/><T25/><D25/><N who="1" m="14503" /><E4/><V44/><F113/><W15/><G15/><T60/><D60/><U14/><E8/><V96/><F28/><N who="3" m="17527" /><G72/><T42/><D120/><U29/><E29/><V129/><F35/><W61/><G61/><T99/><D75/><U9/><E9/><V132/><F129/><W135/><G135/><T105/><D105/><U53/><AGARI ba="0,0" hai="10,11,14,18,23,47,48,53,57,62,64" m="14503" machi="53" ten="30,11700,0" yaku="8,1,52,2,54,1" doraHai="13" who="1" fromWho="1" sc="277,-39,223,117,263,-39,237,-39" owari="238,3.8,340,44.0,224,-17.6,198,-30.2" /></mjloggm>