<mjloggm ver="2.3"><GO type="225" lobby="0"/><UN n0="%E5%B0%8F%E9%B3%A5%E9%81%8A%E7%B7%B4%E7%84%A1%32%31%E6%AD%B3" n1="%4E%6F%2E%30%30%30%31" n2="%E5%84%AA%40%41%42%43" n3="%E6%A1%9C%E8%8A%B1%E9%96%83%E3%80%85" dan="17,18,16,16" rate="2199.59,2235.97,2123.60,2212.66" sx="F,M,M,M"/><TAIKYOKU oya="0"/><INIT seed="0,0,0,1,5,48" ten="250,250,250,250" oya="0" hai0="61,120,0,69,131,82,27,68,108,132,54,119,47" hai1="130,126,1,7,42,15,45,97,100,46,52,86,104" hai2="129,2,17,24,65,105,128,22,80,50,94,39,103" hai3="122,56,101,63,18,81,76,93,114,118,133,89,87"/><T135/><D0/><U115/><E130/><N who="2" m="50283" /><F39/><W29/><G114/><T96/><D120/><U3/><E115/><V19/><F2/><W112/><G112/><T12/><D131/><U43/><E126/><V4/><F4/><W55/><G118/><T23/><D119/><U32/><E32/><V71/><F105/><W49/><G122/><T13/><D96/><U10/><E86/><V98/><F80/><W37/><G37/><T110/><D82/><U91/><E91/><V84/><F84/><W59/><G133/><N who="0" m="51275" /><D12/><U53/><E3/><V73/><F73/><W123/><G123/><T99/><D13/><U113/><E1/><V34/><F34/><W11/><G29/><N who="0" m="17663" /><D99/><U121/><E113/><V57/><F71/><W109/><G76/><T125/><D125/><U6/><E6/><V44/><F17/><W85/><G18/><T124/><D124/><U5/><E5/><V95/><F98/><W106/><G106/><T38/><D38/><U40/><REACH who="1" step="1"/><E121/><REACH who="1" ten="250,240,250,250" step="2"/><V90/><F90/><W21/><G89/><T102/><D102/><U25/><E25/><V134/><F103/><W111/><G101/><T78/><D78/><U26/><E26/><V20/><F134/><W83/><G87/><T127/><D127/><U31/><E31/><V28/><F28/><W75/><G85/><T58/><D47/><AGARI ba="0,1" hai="7,10,15,40,42,43,45,46,47,52,53,97,100,104" machi="47" ten="40,8000,1" yaku="1,1,52,2,54,1,53,0" doraHai="48" doraHaiUra="30" who="1" fromWho="0" sc="250,-80,240,90,250,0,250,0" /><INIT seed="1,0,0,5,5,62" ten="170,330,250,250" oya="1" hai0="3,96,47,123,13,124,31,88,6,95,81,28,125" hai1="129,10,50,20,69,40,85,71,27,51,106,121,57" hai2="41,37,24,84,87,112,36,135,79,80,12,66,78" hai3="127,63,114,64,105,21,48,116,4,56,120,83,38"/><U101/><E121/><V15/><F135/><W26/><G120/><T122/><D47/><U68/><E129/><V132/><F132/><W35/><G114/><T130/><D3/><U93/><E106/><V128/><F128/><W86/><G38/><T90/><D130/><U92/><E10/><V11/><F24/><W44/><G127/><N who="0" m="48715" /><D13/><U29/><E40/><V65/><F112/><W45/><G35/><T22/><D6/><U126/><E126/><V9/><F80/><W39/><G105/><T5/><D5/><U2/><E2/><V0/><F0/><W25/><G4/><T110/><D22/><U60/><E93/><V102/><F102/><W42/><G116/><T67/><D110/><U89/><REACH who="1" step="1"/><E101/><REACH who="1" ten="170,320,250,250" step="2"/><V131/><F131/><W99/><G42/><AGARI ba="0,1" hai="9,11,12,15,36,37,41,42,65,66,78,79,84,87" machi="42" ten="25,6400,0" yaku="22,2,52,2" doraHai="62" who="2" fromWho="3" sc="170,0,320,0,250,74,250,-64" /><INIT seed="2,0,0,2,2,135" ten="170,320,324,186" oya="2" hai0="78,57,104,16,4,42,123,3,76,127,118,71,26" hai1="7,33,53,115,37,50,92,61,56,108,86,11,113" hai2="41,126,97,124,110,96,24,90,43,100,81,101,125" hai3="12,63,106,114,119,36,129,67,20,109,45,44,38"/><V122/><F122/><W112/><G106/><T46/><D123/><U82/><E37/><N who="3" m="14442" /><G119/><T1/><D104/><U94/><E33/><V59/><F110/><W98/><G98/><N who="2" m="37993" /><F59/><N who="3" m="37375" /><G109/><T58/><D71/><U116/><E116/><V93/><F81/><W47/><G12/><T133/><D118/><U91/><E108/><V15/><F15/><W120/><G20/><N who="0" m="13575" /><D1/><U83/><E83/><V77/><F77/><N who="0" m="29802" /><D3/><U60/><E113/><N who="3" m="43626" /><G120/><T8/><D133/><U107/><E107/><V128/><F128/><AGARI ba="0,0" hai="44,45,47,128,129" m="43626,37375,14442" machi="128" ten="40,5200,0" yaku="11,1,34,2" doraHai="135" who="3" fromWho="2" sc="170,0,320,0,324,-52,186,52" /><INIT seed="3,0,0,3,0,3" ten="170,320,272,238" oya="3" hai0="123,19,109,18,6,65,116,120,76,132,111,129,40" hai1="0,61,79,101,43,125,8,114,87,66,54,117,84" hai2="23,83,71,96,37,108,134,21,24,5,97,77,13" hai3="91,64,30,105,98,35,82,115,80,95,135,33,56"/><W75/><G115/><T32/><D65/><U122/><E114/><V39/><F71/><W74/><G135/><T62/><D62/><U44/><E122/><N who="0" m="46633" /><D40/><U15/><E0/><V70/><F70/><W72/><G64/><T50/><D50/><U100/><E125/><V113/><F108/><N who="0" m="41546" /><D76/><U121/><E79/><V81/><F113/><W2/><G56/><T124/><D116/><U78/><E78/><V36/><F134/><W38/><G38/><T47/><D47/><U86/><E54/><V85/><F81/><W126/><G105/><T41/><D41/><U51/><E117/><V28/><F23/><W119/><G119/><T68/><D68/><U89/><E121/><V69/><F69/><W20/><G75/><T42/><D42/><U130/><E61/><V4/><REACH who="2" step="1"/><F13/><REACH who="2" ten="170,320,262,238" step="2"/><W57/><G80/><T131/><D132/><U9/><E15/><V110/><F110/><W93/><G82/><T1/><D124/><U45/><E130/><N who="0" m="49673" /><D32/><U58/><E43/><V118/><F118/><W107/><G126/><T31/><D31/><U16/><E44/><V29/><F29/><W103/><G33/><T52/><D52/><U11/><E45/><V22/><F22/><W92/><G35/><T128/><N who="0" m="49681" /><T25/><DORA hai="17" /><D25/><U7/><E66/><V60/><F60/><W55/><G55/><T90/><D90/><U73/><E89/><V26/><F26/><N who="3" m="16711" /><G91/><T133/><D133/><U94/><E94/><V112/><F112/><W106/><G95/><T59/><D59/><U46/><E58/><V104/><F104/><W48/><G106/><T34/><D34/><RYUUKYOKU ba="0,1" sc="170,15,320,-15,262,15,238,-15" hai0="1,6,18,19" hai2="4,5,21,24,28,36,37,39,77,83,85,96,97" owari="185,-31.5,315,41.5,277,7.7,223,-17.7" /></mjloggm>