<mjloggm ver="2.3"><GO type="225" lobby="0"/><UN n0="%E3%81%BF%E3%81%BF%E3%81%9A" n1="%E6%80%AA%E3%81%97%E3%81%99%E3%81%8E%E3%82%8B%E3%83%81%E3%83%BC" n2="%E3%83%96%E3%83%83%E3%83%91%E3%82%AA%E3%83%96%E3%83%81%E3%82%AD%E3%83%B3" n3="%E3%81%8B%E3%82%8F%E3%81%A1%E3%82%83%E3%82%93%35%38" dan="17,16,16,16" rate="2269.39,2104.35,2154.15,2148.21" sx="M,M,M,M"/><TAIKYOKU oya="0"/><INIT seed="0,0,0,3,3,113" ten="250,250,250,250" oya="0" hai0="6,18,64,44,129,5,21,27,117,15,130,125,2" hai1="98,67,50,17,97,29,60,42,32,11,39,76,85" hai2="103,30,51,49,1,79,94,89,23,99,16,112,54" hai3="100,104,20,69,80,3,72,4,41,127,66,82,135"/><T93/><D64/><U24/><E39/><V31/><F112/><W74/><G20/><T118/><D93/><U38/><E38/><V47/><F1/><W132/><G41/><T61/><D61/><U101/><E17/><V56/><F79/><W65/><G4/><N who="0" m="1643" /><D44/><U70/><E11/><V48/><F103/><W78/><G3/><T68/><D68/><U106/><E97/><V122/><F122/><W114/><G114/><T0/><D125/><U115/><E115/><V116/><F116/><N who="0" m="44650" /><D0/><U46/><E85/><V26/><F47/><W81/><G127/><T43/><D43/><U37/><E37/><V131/><F131/><N who="0" m="50186" /><D2/><U34/><E76/><V58/><F58/><W95/><G95/><T53/><D53/><U62/><E62/><AGARI ba="0,0" hai="16,23,26,30,31,48,49,51,54,56,62,89,94,99" machi="62" ten="40,8000,1" yaku="25,2,8,1,54,1" doraHai="113" who="2" fromWho="1" sc="250,0,250,-80,250,80,250,0" /><INIT seed="1,0,0,1,5,44" ten="250,170,330,250" oya="1" hai0="85,131,93,79,98,58,37,8,64,102,89,50,7" hai1="47,73,53,81,54,40,42,109,10,41,96,108,72" hai2="129,67,99,14,69,112,130,92,91,113,116,117,80" hai3="16,133,11,77,28,23,134,128,48,126,68,61,22"/><U115/><E115/><N who="2" m="44107" /><F69/><W1/><G126/><T57/><D37/><U51/><E10/><V78/><F67/><W106/><G106/><T6/><D131/><N who="2" m="50186" /><F14/><W65/><G128/><T46/><D79/><N who="1" m="44263" /><E73/><AGARI ba="0,0" hai="73,78,80,91,92,99,116,117" m="50186,44107" machi="73" ten="30,7700,0" yaku="11,1,19,1,34,2" doraHai="44" who="2" fromWho="1" sc="250,0,170,-77,330,77,250,0" /><INIT seed="2,0,0,2,1,14" ten="250,93,407,250" oya="2" hai0="85,61,100,122,59,66,77,78,29,110,95,3,90" hai1="22,24,18,40,119,73,74,6,23,124,52,132,129" hai2="38,133,101,60,41,126,120,98,53,99,36,65,113" hai3="67,108,45,97,54,128,92,80,91,44,79,39,105"/><V135/><F113/><W121/><G121/><T134/><D122/><U17/><E119/><V43/><F120/><W25/><G108/><T33/><D110/><U21/><E129/><V81/><F81/><W42/><G128/><T27/><D134/><N who="2" m="51210" /><F101/><W56/><G67/><T117/><D3/><U72/><E132/><V76/><F76/><W70/><G70/><T68/><D117/><U75/><N who="1" m="18432" /><DORA hai="34" /><U0/><E124/><V64/><F99/><W83/><G79/><T94/><D59/><U125/><E125/><V9/><F9/><W35/><G45/><T111/><D111/><U118/><E118/><V93/><F93/><W16/><G105/><T103/><D103/><U87/><E40/><N who="2" m="15435" /><F98/><W89/><G89/><T31/><D100/><U58/><E87/><V4/><F4/><W96/><G96/><T2/><D95/><U49/><REACH who="1" step="1"/><E24/><REACH who="1" ten="250,83,407,250" step="2"/><V19/><F126/><W37/><G37/><T57/><D27/><U32/><E32/><V86/><F86/><W123/><G35/><T48/><D33/><U116/><E116/><V8/><F36/><W88/><G123/><T130/><D85/><U46/><E46/><V112/><F38/><W11/><G91/><T12/><D90/><U63/><E63/><V50/><F60/><N who="3" m="35863" /><G11/><AGARI ba="0,1" hai="0,6,11,17,18,21,22,23,49,52,58" m="18432" machi="11" ten="70,8000,1" yaku="1,1,52,3,54,1,53,0" doraHai="14,34" doraHaiUra="131,10" who="1" fromWho="3" sc="250,0,83,90,407,0,250,-80" /><INIT seed="3,0,0,0,3,101" ten="250,173,407,170" oya="3" hai0="124,28,79,88,13,48,12,71,97,66,51,121,40" hai1="9,104,85,122,16,100,15,0,37,99,102,103,59" hai2="22,8,106,81,21,68,132,58,65,127,1,107,31" hai3="131,17,67,7,25,70,44,32,39,42,110,114,19"/><W129/><G114/><T4/><D71/><U130/><E122/><V18/><F68/><W112/><G112/><T47/><D66/><U26/><E130/><N who="3" m="49674" /><G110/><T61/><D61/><U111/><E111/><V128/><F132/><W43/><G7/><T55/><D79/><U73/><E73/><V113/><F127/><W60/><G43/><T90/><D121/><U135/><E135/><V86/><F113/><W74/><G74/><T20/><D124/><U80/><E37/><V84/><F128/><W69/><G69/><T11/><D97/><U105/><E0/><V10/><F1/><W76/><G76/><T50/><D50/><U98/><E103/><V41/><F41/><W109/><G109/><T91/><D12/><U57/><E26/><V78/><F78/><AGARI ba="0,0" hai="9,15,16,57,59,78,80,85,98,99,100,102,104,105" machi="78" ten="30,8000,1" yaku="7,1,9,1,52,2,54,1" doraHai="101" who="1" fromWho="2" sc="250,0,173,80,407,-80,170,0" owari="250,-15.0,253,5.3,327,42.7,170,-33.0" /></mjloggm>