<mjloggm ver="2.3"><GO type="225" lobby="0"/><UN n0="%E6%98%93%E5%88%A9%E8%96%A9%E4%BC%AF" n1="%72%69%6F%75%63%68%61%6E" n2="%E3%82%86%E3%81%86%E3%82%8C%E3%81%84%E3%81%84%E3%81%8B" n3="%E4%BF%BA%E3%81%A8%E5%A6%96%E5%A4%A2" dan="17,16,18,16" rate="2204.39,2133.62,2237.09,2236.97" sx="F,M,M,F"/><TAIKYOKU oya="0"/><INIT seed="0,0,0,5,3,49" ten="250,250,250,250" oya="0" hai0="36,83,67,22,9,100,128,76,64,5,45,111,123" hai1="102,4,1,127,52,69,81,133,79,18,54,86,2" hai2="75,80,118,126,110,71,19,124,105,74,78,132,91" hai3="93,26,37,70,115,122,134,29,73,47,27,109,88"/><T130/><D123/><U99/><E69/><V31/><F71/><W77/><G115/><T15/><D100/><U85/><E127/><N who="2" m="48683" /><F31/><W68/><G122/><T46/><D22/><U12/><E133/><V104/><F19/><W113/><G113/><T30/><D30/><U32/><E32/><V60/><F60/><W20/><G134/><T61/><D67/><U84/><E4/><V50/><F50/><W66/><G109/><T7/><D7/><U14/><E1/><V0/><F0/><W41/><G66/><T17/><D17/><U48/><E2/><V103/><F132/><W3/><G3/><T119/><D119/><U11/><E12/><V121/><F121/><W43/><G43/><T87/><D111/><U97/><E97/><N who="2" m="61551" /><F110/><W135/><G135/><T72/><D72/><N who="2" m="27690" /><F105/><W59/><G26/><T38/><D36/><U131/><E131/><N who="0" m="50217" /><D38/><U116/><E116/><V21/><F21/><W90/><G29/><T40/><D40/><U34/><E34/><V82/><F118/><W42/><G20/><T94/><D94/><N who="1" m="58743" /><E54/><V23/><F23/><W8/><G27/><T65/><D65/><U6/><E18/><V57/><F78/><W101/><G42/><T89/><D76/><U13/><E14/><V56/><F91/><N who="3" m="34859" /><G8/><T129/><D129/><U62/><E62/><V112/><F112/><W98/><G59/><RYUUKYOKU type="ron3" ba="0,0" sc="250,0,250,0,250,0,250,0" hai0="5,9,15,45,46,61,64,83,87,89" hai1="6,11,13,48,52,79,81,84,85,86" hai2="56,57,80,82" /><INIT seed="0,1,0,3,2,51" ten="250,250,250,250" oya="0" hai0="94,63,119,131,100,62,11,109,93,80,121,77,1" hai1="128,25,30,3,37,23,124,82,91,70,26,32,66" hai2="123,8,67,53,78,15,28,111,46,117,126,59,135" hai3="75,13,103,122,61,9,118,83,50,81,92,55,113"/><T57/><D119/><U60/><E3/><V73/><F123/><W2/><G113/><T43/><D121/><U72/><E124/><V6/><F126/><W48/><G122/><T98/><D131/><U102/><E128/><V125/><F125/><W107/><G107/><T0/><D109/><U20/><E37/><V76/><F111/><W35/><G118/><T64/><D43/><U44/><E102/><V99/><F135/><W85/><G2/><T29/><D29/><U16/><E44/><V58/><F46/><W7/><G35/><T134/><D134/><U49/><E49/><N who="2" m="31023" /><F73/><W45/><G75/><T116/><D116/><U10/><E91/><V41/><F41/><W120/><G120/><T17/><D94/><U112/><E112/><V40/><F40/><W33/><G33/><T129/><D129/><U52/><E52/><V4/><F4/><W65/><G48/><T36/><D36/><U86/><E72/><V133/><F133/><W19/><G7/><T5/><D63/><U114/><E114/><V24/><F99/><N who="3" m="59879" /><G85/><T22/><D11/><U79/><REACH who="1" step="1"/><E10/><REACH who="1" ten="250,240,250,250" step="2"/><V21/><F117/><W95/><G45/><T27/><REACH who="0" step="1"/><D5/><REACH who="0" ten="240,240,250,250" step="2"/><U42/><E42/><V84/><F6/><W69/><G9/><T39/><D39/><U74/><E74/><AGARI ba="1,2" hai="0,1,17,22,27,57,62,64,74,77,80,93,98,100" machi="74" ten="30,2900,0" yaku="1,1,7,1,53,0" doraHai="51" doraHaiUra="87" who="0" fromWho="1" sc="240,52,240,-32,250,0,250,0" /><INIT seed="0,2,0,0,4,39" ten="292,208,250,250" oya="0" hai0="112,111,130,105,63,102,28,46,48,29,57,93,81" hai1="55,65,117,14,75,67,132,8,43,87,79,9,76" hai2="1,60,38,129,120,90,19,122,30,124,104,32,47" hai3="59,71,53,25,135,131,86,82,12,50,21,0,27"/><T45/><D112/><U95/><E117/><V106/><F19/><W109/><G109/><T64/><D105/><N who="2" m="40554" /><F90/><W17/><G131/><T4/><D130/><U36/><E132/><V74/><F129/><W3/><G71/><T62/><D111/><U73/><E55/><V108/><F108/><W80/><G135/><T26/><D4/><U118/><E118/><V7/><F60/><W58/><G80/><T113/><D113/><U2/><E2/><V23/><F23/><W77/><G0/><T125/><D125/><U69/><E69/><V10/><F124/><W31/><G3/><T99/><D81/><U37/><E95/><V16/><F16/><W20/><REACH who="3" step="1"/><G25/><REACH who="3" ten="292,208,250,240" step="2"/><T52/><D26/><U54/><E75/><V119/><F74/><W5/><G5/><T128/><D128/><U61/><E73/><V127/><F119/><W96/><G96/><T51/><D63/><U15/><E87/><V123/><F127/><W42/><G42/><AGARI ba="2,1" hai="28,29,42,45,46,48,51,52,57,62,64,93,99,102" machi="42" ten="30,11600,0" yaku="7,1,8,1,52,1,54,1" doraHai="39" who="0" fromWho="3" sc="292,132,208,0,250,0,240,-122" /><INIT seed="0,3,0,5,0,82" ten="424,208,250,118" oya="0" hai0="29,13,42,32,53,124,19,96,114,85,62,75,108" hai1="74,38,105,88,107,79,1,81,67,73,5,126,31" hai2="45,87,18,71,111,17,4,98,11,25,129,70,94" hai3="20,133,6,121,51,37,118,27,64,132,34,50,44"/><T63/><D75/><U128/><E126/><V115/><F115/><W127/><G37/><T3/><D114/><U39/><E128/><V58/><F111/><W120/><G34/><T77/><D3/><U56/><E73/><V122/><F122/><N who="3" m="47211" /><G6/><T43/><D124/><U104/><E31/><V80/><F129/><W119/><G127/><T86/><D108/><U22/><E22/><V35/><F58/><W90/><G90/><T59/><D32/><U69/><E56/><V15/><F45/><W66/><G20/><T7/><D7/><U36/><E88/><V28/><F70/><W30/><G27/><T112/><D29/><U134/><E134/><N who="3" m="51818" /><G30/><T14/><D14/><U123/><E123/><V72/><F71/><W61/><G61/><T93/><D112/><U95/><E95/><V21/><F72/><W89/><G89/><N who="0" m="55343" /><D63/><N who="1" m="40191" /><E5/><V57/><F35/><W8/><G8/><N who="0" m="6567" /><D77/><U76/><E79/><N who="2" m="46495" /><F4/><W131/><G131/><T0/><D0/><AGARI ba="3,0" hai="0,1,36,38,39,74,76,81,104,105,107" m="40191" machi="0" ten="40,2600,0" yaku="33,2" doraHai="82" who="1" fromWho="0" sc="424,-35,208,35,250,0,118,0" /><INIT seed="1,0,0,3,5,131" ten="389,243,250,118" oya="1" hai0="3,74,94,99,67,33,38,48,114,60,110,39,17" hai1="93,78,1,132,35,18,126,13,75,45,118,115,117" hai2="40,77,98,27,121,26,29,51,6,36,90,37,95" hai3="87,64,16,119,62,83,124,22,123,101,133,47,56"/><U46/><E132/><V113/><F121/><W44/><G123/><T76/><D114/><U107/><E115/><V100/><F113/><W15/><G119/><T128/><D3/><U32/><E107/><V103/><F77/><W50/><G124/><T89/><D33/><U58/><E1/><V104/><F6/><W80/><G133/><T122/><D122/><U31/><E126/><V69/><F27/><W68/><G101/><T34/><D34/><U73/><E58/><V85/><F103/><W106/><G106/><T42/><D110/><U72/><E78/><V8/><F8/><W71/><G44/><T65/><D65/><U2/><E2/><V4/><F4/><W14/><G14/><T49/><D17/><U21/><E32/><V28/><F28/><W112/><G112/><T57/><D42/><U63/><E63/><V23/><REACH who="2" step="1"/><F69/><REACH who="2" ten="389,243,240,118" step="2"/><W11/><G11/><T5/><D5/><U134/><E134/><V135/><F135/><W12/><G12/><T96/><D76/><U116/><REACH who="1" step="1"/><E93/><REACH who="1" ten="389,233,240,118" step="2"/><V120/><F120/><W70/><G70/><T97/><D94/><U53/><E53/><V84/><F84/><W59/><G68/><T41/><D41/><U109/><E109/><V19/><F19/><W81/><REACH who="3" step="1"/><G87/><REACH who="3" ten="389,233,240,108" step="2"/><T86/><D86/><U10/><E10/><V55/><F55/><AGARI ba="0,3" hai="15,16,22,47,50,55,56,59,62,64,71,80,81,83" machi="55" ten="40,5200,0" yaku="1,1,2,1,54,1,53,0" doraHai="131" doraHaiUra="88" who="3" fromWho="2" sc="389,0,233,0,240,-52,108,82" /><INIT seed="2,0,0,4,1,23" ten="389,233,188,190" oya="2" hai0="11,82,56,95,22,110,83,79,18,8,21,4,126" hai1="26,73,38,123,54,100,67,53,125,42,31,129,27" hai2="86,90,76,77,80,84,16,32,17,50,117,124,105" hai3="96,111,134,63,48,64,106,135,10,60,92,108,55"/><V41/><F117/><W12/><G106/><T107/><D107/><U72/><E125/><V118/><F105/><W99/><G12/><T101/><D110/><N who="3" m="42025" /><G10/><T34/><D34/><U44/><E129/><V57/><F118/><W15/><G15/><T28/><D83/><U5/><E123/><V36/><F124/><W109/><N who="3" m="42033" /><W75/><DORA hai="131" /><G75/><T112/><D112/><U127/><E67/><V113/><F113/><W114/><G114/><T87/><D56/><U52/><E127/><V69/><F69/><N who="3" m="42119" /><G63/><T74/><D74/><U58/><E100/><V1/><F1/><W128/><G128/><T40/><D4/><U30/><E5/><V122/><F122/><W66/><G66/><T61/><D61/><U91/><E91/><V78/><F32/><W0/><G0/><T68/><D11/><U133/><E73/><V51/><F86/><W115/><G115/><T62/><D8/><U7/><E72/><V13/><F13/><W65/><G65/><T25/><D87/><U97/><E7/><V49/><REACH who="2" step="1"/><F57/><REACH who="2" ten="389,233,178,190" step="2"/><N who="3" m="32999" /><G96/><T104/><D68/><U2/><E97/><V94/><F94/><W19/><G19/><T45/><D95/><U102/><E2/><V24/><F24/><W14/><G14/><T132/><D18/><U81/><E26/><V59/><F59/><W47/><G47/><AGARI ba="0,1" hai="16,17,36,41,47,49,50,51,76,77,78,80,84,90" machi="47" ten="40,12000,1" yaku="1,1,54,1,53,2" doraHai="23,131" doraHaiUra="37,70" who="2" fromWho="3" sc="389,0,233,0,178,130,190,-120" /><INIT seed="2,1,0,4,5,7" ten="389,233,308,70" oya="2" hai0="54,116,70,1,51,84,60,64,30,114,79,6,37" hai1="45,104,94,91,99,22,5,56,62,16,102,122,17" hai2="87,75,132,73,120,129,115,55,15,21,26,111,123" hai3="92,117,3,20,41,28,69,86,12,131,61,93,42"/><V106/><F106/><W66/><G117/><T13/><D114/><U40/><E122/><V77/><F115/><W67/><G3/><T135/><D1/><U49/><E5/><V100/><F100/><W29/><G131/><T46/><D135/><U96/><REACH who="1" step="1"/><E22/><REACH who="1" ten="389,223,308,70" step="2"/><V128/><F123/><W107/><G20/><T11/><D116/><U58/><E58/><V2/><F120/><W125/><G69/><T98/><D6/><U103/><E103/><V130/><F130/><W74/><G125/><T43/><D70/><U133/><E133/><V0/><F132/><W50/><G107/><T76/><D11/><U101/><E101/><V88/><F128/><W48/><G74/><T36/><D36/><U25/><E25/><V112/><F26/><W23/><G23/><T47/><D37/><U19/><E19/><V71/><F21/><W53/><G12/><T109/><D13/><U59/><E59/><V80/><F15/><W33/><G33/><T118/><D118/><U39/><E39/><V9/><F129/><W95/><G28/><T124/><D30/><U127/><E127/><V113/><F113/><W52/><G29/><T83/><D124/><U90/><E90/><V18/><F88/><W78/><G78/><T134/><D79/><U10/><E10/><V63/><F77/><W105/><G105/><T65/><D76/><U89/><E89/><V35/><F71/><W108/><G93/><T24/><D24/><U85/><E85/><V38/><F35/><W121/><G121/><T8/><D134/><U68/><E68/><V32/><F112/><W57/><G86/><RYUUKYOKU ba="1,1" sc="389,-10,223,30,308,-10,70,-10" hai1="16,17,40,45,49,56,62,91,94,96,99,102,104" /><INIT seed="3,2,1,1,3,127" ten="379,253,298,60" oya="3" hai0="92,111,7,63,32,112,41,83,4,75,85,129,71" hai1="86,67,97,135,78,114,81,28,46,116,23,62,105" hai2="9,33,117,25,72,110,31,2,77,55,73,16,51" hai3="14,53,133,102,24,27,96,12,99,84,108,5,74"/><W126/><G126/><T40/><D32/><U93/><E114/><V106/><F117/><W125/><G125/><T128/><D111/><U76/><E135/><V104/><F110/><W6/><G108/><T119/><D119/><U38/><E116/><V60/><F60/><W11/><G74/><T35/><D35/><U95/><E105/><V131/><F131/><N who="0" m="50250" /><D112/><U47/><E76/><V42/><F42/><N who="0" m="16490" /><D92/><U49/><E38/><V123/><F123/><W109/><G109/><T91/><D75/><U100/><E93/><V64/><F106/><W3/><G133/><T50/><D50/><U58/><REACH who="1" step="1"/><E49/><REACH who="1" ten="379,243,298,60" step="2"/><V59/><F104/><W79/><G53/><T10/><D10/><U80/><E80/><V26/><F51/><W34/><G34/><T36/><D36/><U130/><E130/><V0/><F55/><W121/><G121/><T120/><D120/><U8/><E8/><V98/><F9/><N who="3" m="4143" /><G3/><T13/><D13/><U15/><E15/><V82/><F0/><W19/><G6/><T57/><D71/><U52/><E52/><AGARI ba="2,2" hai="4,7,52,57,63,83,85,91" m="16490,50250" machi="52" ten="30,8000,1" yaku="19,1,52,3,54,1" doraHai="127" who="0" fromWho="1" sc="379,106,243,-86,298,0,60,0" owari="485,58.5,157,-24.3,298,9.8,60,-44.0" /></mjloggm>