<mjloggm ver="2.3"><GO type="225" lobby="0"/><UN n0="%E9%A6%AC%E5%BC%95%E7%81%AB%33" n1="%E3%82%A4%E3%83%BC%E3%82%B1%E3%83%97%E3%83%A9" n2="%E4%BF%BA%E3%81%A8%E5%A6%96%E5%A4%A2" n3="%E7%99%BD%E5%80%89%E5%AF%9B%E4%B9%8B" dan="16,16,16,16" rate="2143.06,2158.10,2141.22,2145.76" sx="M,M,F,M"/><TAIKYOKU oya="0"/><INIT seed="0,0,0,3,0,107" ten="250,250,250,250" oya="0" hai0="99,87,46,18,53,129,85,16,105,8,122,21,61" hai1="74,44,79,25,48,93,10,47,68,52,49,92,113" hai2="78,12,90,86,50,101,81,109,88,131,20,14,54" hai3="76,70,91,40,23,59,66,111,125,60,36,108,121"/><T119/><D122/><U9/><E68/><V64/><F109/><N who="3" m="42059" /><G91/><T133/><D119/><U55/><E113/><V110/><F110/><W106/><G106/><T112/><D112/><U128/><E128/><V32/><F131/><W82/><G23/><T83/><D129/><U69/><E69/><V34/><F64/><W26/><G26/><T126/><D126/><U77/><REACH who="1" step="1"/><E25/><REACH who="1" ten="250,240,250,250" step="2"/><V3/><F3/><W4/><G70/><T117/><D117/><U75/><AGARI ba="0,1" hai="9,10,44,47,48,49,52,55,74,75,77,79,92,93" machi="75" ten="25,16000,3" yaku="1,1,2,1,0,1,22,2,52,2,54,1,53,0" doraHai="107" doraHaiUra="134" who="1" fromWho="1" sc="250,-80,240,170,250,-40,250,-40" /><INIT seed="1,0,0,1,0,51" ten="170,410,210,210" oya="1" hai0="102,132,70,71,83,90,96,80,57,113,37,63,28" hai1="75,43,135,45,16,123,21,29,12,118,0,14,3" hai2="121,44,120,133,50,19,15,13,32,117,92,53,18" hai3="47,82,129,115,125,128,7,41,61,26,38,77,36"/><U72/><E118/><V95/><F32/><W68/><G115/><T114/><D132/><U62/><E123/><V126/><F133/><W107/><G107/><T94/><D37/><U27/><E135/><V24/><F117/><W124/><G7/><T35/><D114/><U9/><E62/><V42/><F126/><N who="3" m="48747" /><G26/><T97/><D113/><U99/><E99/><V6/><F6/><W30/><G30/><T89/><D70/><U49/><REACH who="1" step="1"/><E14/><REACH who="1" ten="170,400,210,210" step="2"/><V110/><F121/><W76/><G61/><T130/><D71/><U46/><E46/><V85/><F120/><W1/><G68/><T60/><D60/><U59/><E59/><V131/><F15/><W66/><G47/><T81/><D130/><U111/><E111/><V112/><F131/><W104/><G129/><T8/><D97/><U25/><E25/><V98/><F110/><W134/><G128/><T116/><D116/><U93/><E93/><V31/><F13/><W101/><G134/><T11/><D102/><U39/><E39/><V58/><F112/><W22/><G101/><T34/><D96/><U33/><E33/><N who="2" m="20711" /><F95/><W4/><G38/><T127/><D94/><U91/><E91/><N who="0" m="34825" /><D127/><U106/><E106/><V86/><F98/><W20/><G104/><T87/><D34/><U64/><E64/><V17/><F92/><W105/><G105/><T73/><D35/><U109/><E109/><V48/><F58/><W54/><G66/><T52/><D57/><U108/><E108/><V69/><F69/><W79/><G36/><T65/><D65/><U88/><E88/><V103/><F103/><W78/><G1/><AGARI ba="0,1" hai="0,1,3,9,12,16,21,27,29,43,45,49,72,75" machi="1" ten="40,12000,1" yaku="1,1,6,1,54,1,53,1" doraHai="51" doraHaiUra="5" who="1" fromWho="3" sc="170,0,400,130,210,0,210,-120" /><INIT seed="1,1,0,0,5,120" ten="170,530,210,90" oya="1" hai0="5,17,47,109,117,44,91,104,19,13,16,131,60" hai1="84,54,76,132,59,108,129,118,119,65,128,35,23" hai2="0,49,66,38,12,30,94,85,89,15,86,93,55" hai3="95,83,92,39,115,9,102,110,10,69,36,96,53"/><U58/><E35/><V64/><F0/><W90/><G69/><T130/><D117/><U68/><E68/><V103/><F38/><W40/><G115/><T106/><D109/><U114/><E114/><V81/><F30/><W75/><G110/><T28/><D28/><U72/><E72/><V98/><F66/><W25/><G25/><T127/><D127/><U112/><E84/><V87/><F64/><W79/><G53/><T14/><D91/><U27/><E76/><V57/><REACH who="2" step="1"/><F86/><REACH who="2" ten="170,530,200,90" step="2"/><W67/><G67/><T29/><D29/><U99/><E65/><V82/><F82/><W56/><G39/><T51/><D131/><U48/><E112/><V116/><F116/><W6/><G36/><T113/><D130/><U134/><E119/><V88/><AGARI ba="1,1" hai="12,15,49,55,57,81,85,87,88,89,93,94,98,103" machi="88" ten="20,8000,1" yaku="1,1,0,1,7,1,8,1,54,1,53,0" doraHai="120" doraHaiUra="105" who="2" fromWho="2" sc="170,-21,530,-41,200,93,90,-21" /><INIT seed="2,0,0,0,3,123" ten="149,489,293,69" oya="2" hai0="67,109,63,120,36,14,73,61,118,130,126,83,27" hai1="19,102,66,49,30,29,101,22,46,4,95,103,71" hai2="17,79,72,104,54,90,11,107,5,88,68,38,115" hai3="26,121,2,15,52,58,3,33,89,111,23,128,70"/><V134/><F115/><W43/><G70/><T45/><D120/><U129/><E129/><V97/><F68/><W87/><G121/><T35/><D130/><U7/><E66/><V113/><F113/><W117/><G128/><T48/><D36/><U59/><E59/><V125/><F17/><W18/><G117/><T62/><D126/><U106/><E106/><V44/><F125/><W42/><G111/><T85/><D73/><U13/><E95/><V51/><F38/><W99/><G3/><T133/><D109/><U94/><E94/><V0/><F134/><W127/><G2/><T53/><D133/><U80/><E80/><V12/><F0/><W116/><G127/><T31/><D14/><U64/><E64/><V25/><F25/><W39/><G116/><T124/><D124/><U28/><E71/><V16/><F5/><W119/><G119/><T57/><D118/><U84/><E84/><V41/><F41/><AGARI ba="0,0" hai="4,7,13,19,22,28,29,30,41,46,49,101,102,103" machi="41" ten="40,1300,0" yaku="8,1" doraHai="123" who="1" fromWho="2" sc="149,0,489,13,293,-13,69,0" /><INIT seed="3,0,0,1,2,9" ten="149,502,280,69" oya="3" hai0="105,0,43,100,119,13,131,70,92,129,66,103,56" hai1="6,35,37,85,57,108,124,31,20,48,62,49,96" hai2="67,50,134,4,40,36,120,93,42,112,82,86,54" hai3="135,34,18,10,109,38,63,11,89,12,19,53,97"/><W128/><G38/><T118/><D0/><U84/><E35/><V44/><F112/><W61/><G34/><T87/><D70/><U68/><E37/><V45/><F134/><W91/><G135/><T26/><D43/><U80/><E68/><V59/><F120/><W90/><G128/><N who="0" m="49227" /><D105/><U94/><E85/><V52/><F67/><W75/><G75/><T127/><D127/><U46/><E6/><V121/><F121/><W69/><G109/><T123/><D123/><U101/><E124/><V113/><F113/><W23/><G69/><T47/><D47/><U77/><E46/><V107/><F107/><W130/><G130/><T29/><D13/><U74/><E74/><V106/><F106/><W126/><G126/><T95/><D95/><U104/><E104/><V32/><F32/><W71/><G71/><T27/><D87/><U60/><E60/><N who="3" m="23114" /><G53/><T122/><D122/><U83/><E83/><V99/><F4/><W39/><G39/><T64/><D56/><U8/><E8/><N who="3" m="3114" /><G19/><T2/><D2/><U132/><E132/><V15/><F36/><W79/><G79/><T125/><D125/><U114/><E114/><V17/><F54/><W117/><G117/><T110/><D110/><U14/><E108/><V76/><F42/><W28/><G28/><T3/><D3/><U1/><E1/><V41/><F41/><W24/><G97/><N who="0" m="59431" /><D29/><U25/><E49/><V16/><F40/><W78/><G78/><T102/><D64/><N who="1" m="38991" /><E48/><V33/><F33/><W115/><G115/><T58/><D58/><U88/><E77/><V21/><F17/><W133/><G133/><RYUUKYOKU ba="0,0" sc="149,-30,502,10,280,10,69,10" hai1="14,20,25,31,80,84,88,94,96,101" hai2="15,16,21,44,45,50,52,59,76,82,86,93,99" hai3="12,18,23,24,89,90,91" /><INIT seed="3,1,0,3,3,39" ten="119,512,290,79" oya="3" hai0="5,74,105,38,90,87,89,63,18,115,83,82,131" hai1="109,129,116,65,79,110,46,8,124,36,71,107,100" hai2="99,15,9,98,33,61,121,34,13,11,48,49,111" hai3="120,72,52,30,86,77,42,54,29,35,56,24,127"/><W85/><G120/><T94/><D38/><U68/><E124/><V134/><F121/><W31/><G127/><T125/><D125/><U103/><E129/><V1/><F1/><W21/><G72/><T7/><D105/><U22/><E79/><V6/><F111/><W55/><G35/><T108/><D108/><U0/><E0/><V47/><F61/><W59/><G42/><T118/><D118/><U4/><E22/><V75/><F75/><W123/><G123/><T53/><D131/><U114/><E114/><V26/><F134/><W27/><G77/><T97/><D115/><U45/><E116/><V78/><F78/><W84/><G21/><T41/><D41/><U20/><E20/><V62/><F62/><W16/><G16/><T80/><D18/><U17/><E17/><V2/><F2/><W70/><G70/><T122/><D122/><U81/><E81/><N who="0" m="31337" /><D74/><U106/><E36/><V3/><F3/><W66/><G66/><T25/><D25/><AGARI ba="1,0" hai="24,25,27,29,30,31,52,54,55,56,59,84,85,86" machi="25" ten="50,18000,2" yaku="29,2,28,2,8,1,54,1" doraHai="39" who="3" fromWho="0" sc="119,-183,512,0,290,0,79,183" owari="-64,-56.4,512,61.2,290,9.0,262,-13.8" /></mjloggm>