<mjloggm ver="2.3"><GO type="225" lobby="0"/><UN n0="%E9%A6%AC%E5%BC%95%E7%81%AB%33" n1="%47%48%4F%53%54" n2="%E3%83%96%E3%83%83%E3%83%91%E3%82%AA%E3%83%96%E3%83%81%E3%82%AD%E3%83%B3" n3="%2D%E8%B1%8A%E5%8F%A3%E3%82%81%E3%81%90%E3%81%BF%2D" dan="16,18,16,17" rate="2137.03,2209.74,2163.83,2183.72" sx="M,M,M,F"/><TAIKYOKU oya="0"/><INIT seed="0,0,0,2,5,19" ten="250,250,250,250" oya="0" hai0="13,65,128,10,89,67,11,88,78,18,110,92,132" hai1="39,55,42,0,70,62,95,22,16,120,68,91,119" hai2="21,102,129,23,122,32,87,77,111,44,131,116,94" hai3="15,8,60,113,98,96,130,49,118,43,135,71,107"/><T63/><D132/><U100/><E119/><V79/><F122/><W40/><G113/><T7/><D128/><N who="2" m="49226" /><F32/><W4/><G118/><T48/><D78/><N who="2" m="29706" /><F116/><W59/><G135/><T133/><D133/><U69/><E0/><V12/><F111/><W50/><G71/><T53/><D110/><U14/><E120/><V30/><F30/><W28/><G28/><T97/><D89/><U86/><E100/><V127/><F127/><W108/><G108/><T84/><D63/><U34/><E34/><V31/><F31/><W51/><G130/><T1/><REACH who="0" step="1"/><D97/><REACH who="0" ten="240,250,250,250" step="2"/><N who="3" m="37481" /><G107/><T64/><D64/><AGARI ba="0,1" hai="4,8,15,40,43,49,50,51,59,60,64" m="37481" machi="64" ten="30,1000,0" yaku="8,1" doraHai="19" who="3" fromWho="0" sc="240,-10,250,0,250,0,250,20" /><INIT seed="1,0,0,4,0,20" ten="230,250,250,270" oya="1" hai0="14,72,10,129,102,43,2,79,126,134,125,116,68" hai1="78,105,21,59,101,51,82,44,42,57,71,61,86" hai2="55,133,119,35,17,33,108,83,50,13,19,90,1" hai3="26,56,98,70,36,114,112,131,88,73,118,94,135"/><U25/><E105/><V32/><F119/><W103/><G70/><T123/><D116/><U30/><REACH who="1" step="1"/><E101/><REACH who="1" ten="230,240,250,270" step="2"/><V109/><F133/><W97/><G135/><T22/><D134/><U96/><E96/><V40/><F109/><W3/><G118/><T111/><D111/><U104/><E104/><V80/><F108/><W11/><G98/><T29/><D102/><U34/><E34/><V74/><F33/><W127/><G103/><T76/><D126/><U5/><E5/><V117/><F35/><W89/><G127/><T124/><D124/><U37/><E37/><V77/><F32/><W6/><G36/><T69/><D125/><U49/><E49/><V38/><F38/><W27/><G114/><T48/><D48/><U15/><E15/><V23/><F117/><W130/><G112/><T115/><D14/><U92/><E92/><V66/><F50/><W84/><G131/><T110/><D129/><U85/><E85/><V24/><F13/><W8/><G130/><T120/><D110/><U122/><E122/><V0/><F0/><W4/><G73/><T45/><D2/><U7/><E7/><V121/><F1/><W132/><G132/><T47/><D72/><U28/><E28/><V12/><F74/><W100/><G100/><T95/><D29/><U9/><E9/><V64/><F12/><W128/><G128/><T58/><D115/><U107/><E107/><V31/><F31/><W46/><G8/><T52/><D10/><U18/><E18/><V53/><F19/><W54/><G6/><T16/><D120/><U41/><E41/><V75/><F40/><RYUUKYOKU ba="0,1" sc="230,-10,240,30,250,-10,270,-10" hai1="21,25,30,42,44,51,57,59,61,71,78,82,86" /><INIT seed="1,1,1,1,2,63" ten="220,270,240,260" oya="1" hai0="19,29,22,16,54,12,38,43,119,135,79,57,126" hai1="95,2,74,121,114,47,122,3,110,80,15,71,18" hai2="123,128,24,94,36,66,27,125,118,112,77,14,101" hai3="70,109,35,39,20,132,120,131,25,58,107,86,89"/><U133/><E114/><V73/><F118/><W17/><G70/><T78/><D119/><U46/><E71/><V42/><F123/><W56/><G120/><T32/><D126/><U72/><E133/><V116/><F116/><W41/><G107/><T48/><D135/><U59/><E110/><V98/><F125/><W68/><G68/><T93/><D19/><U65/><E95/><V88/><F112/><W103/><G132/><T130/><D130/><U67/><E59/><V75/><F128/><W34/><G103/><T99/><D38/><U49/><E18/><V23/><F14/><W64/><G131/><T13/><D13/><U82/><E15/><V104/><F23/><W105/><G105/><T127/><D43/><U60/><E60/><V111/><F111/><W37/><G109/><T33/><D127/><U53/><E53/><V62/><F42/><W26/><G41/><T52/><D54/><U84/><E84/><N who="2" m="52487" /><F36/><W0/><G0/><T4/><D4/><U7/><E49/><V117/><F75/><W96/><G17/><T113/><D113/><U21/><E21/><V91/><F91/><W44/><G89/><T108/><D108/><U40/><E40/><V28/><F28/><W1/><G20/><T50/><D50/><U134/><E134/><V115/><F115/><W102/><G1/><T90/><REACH who="0" step="1"/><D29/><REACH who="0" ten="210,270,240,260" step="2"/><U87/><E7/><V10/><F117/><W61/><G39/><T85/><D85/><U31/><E87/><V76/><F10/><W124/><G124/><T55/><D55/><U81/><E81/><N who="2" m="45199" /><F77/><AGARI ba="1,2" hai="12,16,22,32,33,48,52,57,77,78,79,90,93,99" machi="77" ten="40,8000,1" yaku="1,1,54,2,53,1" doraHai="63" doraHaiUra="9" who="0" fromWho="2" sc="210,103,270,0,240,-83,260,0" /><INIT seed="2,0,0,5,4,39" ten="313,270,157,260" oya="2" hai0="118,6,57,49,117,32,29,111,70,113,112,56,103" hai1="20,79,94,83,78,99,37,0,105,4,8,135,63" hai2="38,80,13,52,95,51,133,71,97,33,106,36,104" hai3="34,92,44,107,15,91,101,86,43,69,116,87,19"/><V127/><F71/><W35/><G69/><T132/><D111/><U108/><E108/><V93/><F33/><W82/><G107/><T120/><D132/><U129/><E129/><V31/><F31/><W98/><G87/><T47/><D120/><U62/><E135/><V67/><F67/><W28/><G28/><T130/><D130/><U30/><E105/><V2/><F2/><W66/><G66/><T119/><D70/><U88/><E37/><V23/><F133/><W64/><G64/><T114/><D103/><U134/><E134/><V109/><F109/><W60/><G60/><T27/><D6/><U76/><REACH who="1" step="1"/><E83/><REACH who="1" ten="313,260,157,260" step="2"/><V96/><F127/><W41/><G116/><T53/><AGARI ba="0,1" hai="27,29,32,47,49,53,56,57,112,113,114,117,118,119" machi="53" ten="40,2700,0" yaku="0,1,12,1" doraHai="39" who="0" fromWho="0" sc="313,37,260,-7,157,-13,260,-7" /><INIT seed="3,0,0,0,0,121" ten="350,253,144,253" oya="3" hai0="29,113,122,23,18,100,27,34,92,68,28,76,78" hai1="70,5,109,110,85,41,57,93,32,95,90,55,104" hai2="37,112,26,116,30,42,98,56,50,91,31,81,135" hai3="72,127,73,80,74,2,87,43,124,129,40,63,126"/><W111/><G2/><T77/><D122/><U117/><E117/><V69/><F112/><W4/><G4/><T52/><D68/><U123/><E123/><V3/><F116/><W61/><G129/><T25/><D113/><U103/><E70/><V49/><F3/><W94/><G94/><T115/><D115/><U14/><E32/><V89/><F69/><W105/><G105/><T21/><D52/><U88/><E41/><N who="3" m="15946" /><G111/><N who="1" m="42506" /><E103/><V71/><F71/><W6/><G6/><T118/><D118/><U24/><E24/><V11/><F26/><W0/><G0/><T132/><D132/><U15/><E5/><V96/><F11/><W114/><G114/><T46/><D29/><U7/><E104/><V17/><F42/><W19/><G19/><T1/><D34/><U86/><E7/><V134/><F17/><W35/><G35/><T75/><D1/><U12/><E14/><V82/><REACH who="2" step="1"/><F56/><REACH who="2" ten="350,253,134,253" step="2"/><W10/><G10/><T99/><D18/><U22/><E22/><V13/><F13/><W20/><G20/><T44/><D21/><U119/><E119/><V65/><F65/><W101/><G101/><T53/><D23/><U133/><E133/><V9/><F9/><W108/><G108/><T58/><D100/><U130/><E130/><V102/><F102/><W79/><AGARI ba="0,1" hai="61,63,72,73,74,79,80,87,124,126,127" m="15946" machi="79" ten="40,2100,0" yaku="18,1" doraHai="121" who="3" fromWho="3" sc="350,-7,253,-7,134,-7,253,31" /><INIT seed="3,1,0,1,0,79" ten="343,246,127,284" oya="3" hai0="104,110,97,91,0,43,60,134,130,26,94,6,80" hai1="30,51,66,86,78,15,8,48,42,84,56,116,112" hai2="58,98,83,115,12,127,81,7,27,133,33,99,118" hai3="89,70,62,2,67,39,65,64,18,108,23,4,16"/><W128/><G39/><T1/><D110/><U69/><E112/><V5/><F115/><W50/><G128/><T119/><D119/><U96/><E116/><V123/><F118/><W92/><G108/><T29/><D104/><U109/><E69/><V37/><F37/><W63/><G2/><T3/><D130/><U75/><E30/><V135/><F33/><W35/><G4/><N who="2" m="1609" /><F27/><W40/><G35/><T13/><D134/><N who="2" m="51210" /><F12/><W24/><G18/><T55/><D43/><U103/><E42/><V100/><F58/><W19/><G19/><T71/><D80/><N who="2" m="30794" /><F100/><W95/><G70/><T105/><D71/><U124/><E103/><V87/><F87/><W106/><G24/><T17/><D13/><U85/><E86/><V31/><F31/><W22/><G22/><T21/><D26/><U129/><E85/><V77/><F77/><W72/><G23/><T73/><D21/><U117/><E84/><V9/><F127/><W120/><G16/><T11/><D29/><U131/><E78/><V82/><N who="2" m="30802" /><V90/><DORA hai="41" /><F90/><W74/><G89/><T107/><D91/><U59/><E124/><V121/><F9/><W34/><G34/><T10/><D10/><U57/><E15/><V46/><F46/><W54/><G67/><T113/><D11/><U44/><E66/><V101/><F101/><W114/><G65/><T132/><D132/><U20/><E44/><V14/><F14/><W25/><G64/><T68/><D1/><U122/><E8/><V36/><F36/><W52/><G114/><T47/><D113/><U53/><E117/><V126/><F126/><RYUUKYOKU ba="1,0" sc="343,-10,246,-10,127,30,284,-10" hai2="98,99,121,123" owari="333,43.3,236,-16.4,157,-34.3,274,7.4" /></mjloggm>