<mjloggm ver="2.3"><GO type="225" lobby="0"/><UN n0="%E5%8D%A0%E3%81%84%E5%B8%AB%E8%A3%8F%E3%81%AA%E3%81%84%E3%81%97" n1="%E3%83%A9%E3%82%B9%E7%8E%87%EF%BC%93%E5%89%B2" n2="%E6%98%93%E5%88%A9%E8%96%A9%E4%BC%AF" n3="%43%68%65" dan="17,16,17,16" rate="2161.34,2226.15,2166.69,2171.00" sx="M,F,F,M"/><TAIKYOKU oya="0"/><INIT seed="0,0,0,3,3,70" ten="250,250,250,250" oya="0" hai0="73,119,117,26,40,54,92,75,33,99,30,61,83" hai1="97,25,22,16,31,14,116,21,113,55,129,125,84" hai2="32,62,56,90,96,81,126,37,95,28,82,5,42" hai3="132,100,133,41,104,57,69,112,48,77,23,115,134"/><T34/><D34/><U109/><E109/><V65/><F126/><W114/><G77/><T2/><D2/><U39/><E129/><V4/><F32/><W52/><G104/><T0/><D0/><U64/><E116/><V45/><REACH who="2" step="1"/><F28/><REACH who="2" ten="250,250,240,250" step="2"/><W46/><G100/><T53/><D119/><U27/><E125/><V91/><F91/><W68/><REACH who="3" step="1"/><G23/><REACH who="3" ten="250,250,240,240" step="2"/><T66/><D117/><U111/><E22/><V89/><F89/><W50/><AGARI ba="0,2" hai="41,46,48,50,52,57,68,69,112,114,115,132,133,134" machi="50" ten="40,16000,3" yaku="1,1,2,1,0,1,20,1,34,3,54,1,53,0" doraHai="70" doraHaiUra="102" who="3" fromWho="3" sc="250,-80,250,-40,240,-40,240,180" /><INIT seed="1,0,0,1,4,86" ten="170,210,200,420" oya="1" hai0="44,131,99,51,89,18,60,32,7,38,74,88,123" hai1="101,9,68,8,48,56,14,49,41,132,130,121,2" hai2="69,105,46,107,30,23,83,128,4,87,92,112,6" hai3="47,129,76,114,42,50,65,36,28,10,77,71,12"/><U25/><E68/><V133/><F69/><W26/><G114/><T24/><D74/><U119/><E119/><V64/><F64/><W135/><G129/><T94/><D38/><U31/><E121/><V66/><F66/><W29/><G135/><T40/><D131/><U124/><E124/><V117/><F117/><W52/><G29/><T62/><D123/><U58/><E2/><V120/><F120/><W109/><G109/><T80/><D7/><U134/><E101/><V53/><F133/><W106/><G106/><T118/><D118/><U27/><E14/><V0/><F92/><W97/><G97/><T108/><D108/><U43/><REACH who="1" step="1"/><E31/><REACH who="1" ten="170,200,200,420" step="2"/><V20/><F0/><W37/><G71/><T116/><D116/><U13/><E13/><V115/><F128/><AGARI ba="0,1" hai="8,9,25,27,41,43,48,49,56,58,128,130,132,134" machi="128" ten="25,4800,0" yaku="1,1,22,2,53,0" doraHai="86" doraHaiUra="82" who="1" fromWho="2" sc="170,0,200,58,200,-48,420,0" /><INIT seed="1,1,0,2,5,8" ten="170,258,152,420" oya="1" hai0="14,87,21,114,10,55,45,11,28,101,113,30,19" hai1="102,112,117,9,75,59,41,127,20,7,79,106,97" hai2="67,118,129,68,78,27,18,46,131,104,71,43,121" hai3="44,70,2,111,90,128,115,61,63,56,124,73,51"/><U48/><E112/><N who="0" m="43113" /><D87/><U49/><E127/><V1/><F118/><W81/><G115/><T91/><D91/><U17/><E117/><V33/><F1/><W12/><G2/><T69/><D55/><U130/><E130/><V125/><F104/><W89/><G124/><T65/><D45/><U123/><E123/><V66/><F78/><W53/><G111/><T135/><D65/><N who="2" m="24586" /><F125/><W54/><G128/><N who="2" m="49225" /><F121/><W4/><G70/><N who="2" m="26665" /><F18/><W83/><G63/><T107/><D69/><U110/><E17/><V38/><F27/><W29/><G29/><N who="0" m="11371" /><D101/><U120/><E102/><V22/><F22/><W25/><G25/><N who="0" m="14527" /><D107/><U23/><E106/><V103/><F103/><W88/><G73/><T0/><D0/><U50/><E75/><V24/><F24/><W58/><G44/><T84/><D84/><U132/><E79/><V26/><F26/><W76/><G76/><T40/><D135/><U134/><E132/><V95/><F95/><W3/><G3/><T57/><D57/><U92/><E134/><V77/><F77/><W116/><G116/><T62/><D62/><U122/><E92/><V60/><F60/><W31/><G31/><T85/><D85/><U13/><E122/><V74/><F74/><W82/><G82/><T99/><D99/><U6/><E97/><V109/><F33/><W72/><G72/><T32/><D32/><U34/><E34/><V5/><F109/><W100/><G100/><T15/><D40/><U98/><E110/><V96/><F96/><W105/><G105/><T16/><D16/><U52/><E120/><V93/><F93/><W35/><G35/><RYUUKYOKU ba="1,0" sc="170,10,258,-30,152,10,420,10" hai0="10,11,14,15" hai2="5,38,43,46" hai3="4,12,51,53,54,56,58,61,81,83,88,89,90" /><INIT seed="2,2,0,2,0,82" ten="180,228,162,430" oya="2" hai0="23,70,71,111,4,16,67,97,92,56,121,99,135" hai1="18,66,19,69,32,8,46,108,116,7,35,80,93" hai2="0,12,34,105,55,78,104,134,36,117,65,59,133" hai3="76,42,113,44,74,58,87,83,39,77,64,109,31"/><V89/><F0/><W72/><G109/><T94/><D121/><U98/><E69/><V47/><F34/><W30/><G113/><T119/><D111/><U101/><E35/><V88/><F78/><W9/><G9/><T81/><D135/><N who="2" m="51722" /><F117/><W43/><G43/><T85/><D119/><U11/><E32/><V26/><F26/><W48/><G77/><N who="0" m="46255" /><D70/><U6/><E6/><V60/><F12/><W84/><G72/><T20/><D71/><U52/><E7/><V128/><F128/><W14/><G14/><N who="0" m="9239" /><D4/><U132/><E116/><V49/><F36/><W21/><G31/><T86/><D23/><U1/><E1/><V13/><F13/><W45/><G30/><T40/><D40/><U41/><E11/><V127/><F127/><W118/><G21/><T53/><D67/><U90/><E8/><V73/><F73/><W115/><G118/><T131/><D131/><U130/><E130/><V125/><F125/><W28/><G28/><T106/><D106/><AGARI ba="2,0" hai="47,49,55,59,60,65,88,89,104,105,106" m="51722" machi="106" ten="30,2900,0" yaku="20,1,54,1" doraHai="82" who="2" fromWho="0" sc="180,-35,228,0,162,35,430,0" /><INIT seed="2,3,0,4,0,71" ten="145,228,197,430" oya="2" hai0="23,45,94,31,3,26,110,75,54,52,32,6,55" hai1="80,24,95,73,36,104,69,14,125,12,89,100,50" hai2="47,90,81,13,38,37,57,99,133,123,112,27,64" hai3="33,102,61,129,74,19,87,35,39,49,120,17,84"/><V25/><F112/><W124/><G74/><T63/><D110/><U106/><E69/><V79/><F123/><W53/><G120/><T11/><D75/><U22/><E125/><V16/><F133/><W51/><G39/><T5/><D5/><U62/><E36/><V103/><F90/><W59/><G102/><T66/><D94/><U113/><E62/><V76/><F27/><W135/><G124/><T126/><D126/><U1/><E1/><V101/><F25/><W108/><G108/><T21/><REACH who="0" step="1"/><D45/><REACH who="0" ten="135,228,197,430" step="2"/><U119/><E95/><V10/><F47/><W96/><G135/><T118/><D118/><U70/><E73/><V48/><F103/><W4/><G4/><T65/><D65/><U130/><E100/><V58/><F64/><W116/><G116/><T122/><D122/><U56/><E119/><V43/><F101/><W2/><G2/><T86/><D86/><U46/><E46/><V83/><F99/><W29/><G96/><T68/><AGARI ba="3,1" hai="3,6,11,21,23,26,31,32,52,54,55,63,66,68" machi="68" ten="30,4000,0" yaku="1,1,0,1,54,1,53,0" doraHai="71" doraHaiUra="131" who="0" fromWho="0" sc="135,59,228,-13,197,-23,430,-13" /><INIT seed="3,0,0,5,2,26" ten="194,215,174,417" oya="3" hai0="130,2,49,25,101,86,63,96,31,6,124,125,81" hai1="4,22,48,71,94,46,8,34,41,35,107,39,75" hai2="76,33,15,65,45,69,42,73,38,90,121,30,126" hai3="123,62,88,118,29,51,109,57,21,23,117,122,44"/><W20/><G29/><T91/><D130/><U40/><E40/><V7/><F90/><W127/><G127/><N who="0" m="48715" /><D49/><U54/><E107/><V128/><F126/><W53/><G109/><T135/><D135/><U16/><E71/><V116/><F15/><W27/><G27/><T14/><D63/><U89/><E75/><V93/><F93/><W70/><G70/><T78/><D2/><U72/><E72/><V18/><F18/><W55/><REACH who="3" step="1"/><G88/><REACH who="3" ten="194,215,174,407" step="2"/><T98/><D91/><U5/><E89/><V19/><F19/><W77/><G77/><T67/><D25/><U36/><E16/><V10/><F116/><AGARI ba="0,1" hai="20,21,23,44,51,53,55,57,62,116,117,118,122,123" machi="116" ten="40,2000,0" yaku="1,1,53,0" doraHai="26" doraHaiUra="134" who="3" fromWho="2" sc="194,0,215,0,174,-20,407,30" owari="194,-20.6,215,1.5,154,-34.6,437,53.7" /></mjloggm>