<mjloggm ver="2.3"><GO type="225" lobby="0"/><UN n0="%E5%8D%A0%E3%81%84%E5%B8%AB%E8%A3%8F%E3%81%AA%E3%81%84%E3%81%97" n1="%E3%83%81%E3%83%83%E3%82%BF%E3%82%BD%E3%83%BC" n2="%E4%BF%BA%E3%81%A8%E5%A6%96%E5%A4%A2" n3="%E3%81%BF%E3%81%BF%E3%81%9A" dan="17,16,16,17" rate="2218.07,2151.63,2128.32,2162.58" sx="M,F,F,M"/><TAIKYOKU oya="0"/><INIT seed="0,0,0,4,2,74" ten="250,250,250,250" oya="0" hai0="134,52,78,126,107,99,132,46,71,110,23,34,62" hai1="0,81,68,127,8,58,113,28,75,35,90,57,103" hai2="73,89,92,119,6,44,100,32,125,9,10,121,111" hai3="120,25,104,77,105,17,124,36,93,67,29,49,98"/><T39/><D34/><U15/><E127/><V11/><F121/><W87/><G36/><T129/><D126/><U40/><E0/><V50/><F125/><W5/><G124/><T72/><D129/><U79/><E68/><V133/><F32/><W7/><G120/><T97/><D71/><U2/><E113/><V43/><F111/><W86/><G17/><T84/><D72/><U96/><E2/><V82/><F133/><N who="0" m="51306" /><D107/><U114/><E114/><V37/><F119/><W20/><G67/><T48/><D39/><U12/><E90/><V42/><F100/><W56/><G105/><T14/><D110/><U31/><E40/><V69/><F69/><W59/><G104/><T102/><D102/><U47/><E47/><V135/><F135/><W53/><G59/><N who="0" m="35175" /><D23/><U131/><E131/><V80/><F73/><W4/><REACH who="3" step="1"/><G77/><REACH who="3" ten="250,250,250,240" step="2"/><T109/><D109/><U30/><E57/><V83/><F37/><W66/><G66/><T118/><D118/><U123/><E58/><V70/><F70/><W51/><G51/><T116/><D116/><U3/><E123/><V101/><F6/><W60/><G60/><T95/><D78/><U41/><E79/><V88/><REACH who="2" step="1"/><F43/><REACH who="2" ten="250,250,240,240" step="2"/><W106/><G106/><T108/><D108/><U27/><E41/><V61/><F61/><W76/><G76/><T130/><D130/><U45/><E75/><V91/><F91/><AGARI ba="0,2" hai="4,5,7,20,25,29,49,53,56,86,87,91,93,98" machi="91" ten="40,5200,0" yaku="1,1,8,1,53,1" doraHai="74" doraHaiUra="54" who="3" fromWho="2" sc="250,0,250,0,240,-52,240,72" /><INIT seed="1,0,0,3,2,38" ten="250,250,188,312" oya="1" hai0="22,52,36,13,78,27,130,92,2,115,100,85,70" hai1="20,69,116,50,18,93,120,31,32,108,117,5,0" hai2="1,28,63,87,15,16,6,106,129,67,79,33,133" hai3="90,98,114,24,7,51,59,76,12,80,60,10,123"/><U134/><E120/><V29/><F106/><W49/><G123/><T125/><D115/><U103/><E69/><V101/><F129/><W72/><G114/><T53/><D2/><U3/><E134/><V112/><F112/><W104/><G24/><T19/><D70/><U127/><E127/><V9/><F133/><W55/><REACH who="3" step="1"/><G90/><REACH who="3" ten="250,250,188,302" step="2"/><T43/><D27/><U56/><E116/><V47/><F33/><W57/><G57/><T37/><D125/><U75/><E117/><V30/><F47/><W132/><G132/><T135/><D135/><U109/><E56/><V74/><F101/><AGARI ba="0,1" hai="7,10,12,49,51,55,59,60,72,76,80,98,101,104" machi="101" ten="40,2600,0" yaku="1,1,53,1" doraHai="38" doraHaiUra="11" who="3" fromWho="2" sc="250,0,250,0,188,-26,302,36" /><INIT seed="2,0,0,0,5,71" ten="250,250,162,338" oya="2" hai0="1,111,17,109,49,75,66,134,105,102,0,7,97" hai1="54,58,26,65,94,31,59,130,40,34,25,128,27" hai2="21,107,90,11,91,121,129,124,24,8,42,23,103" hai3="74,45,76,81,70,113,114,83,98,108,20,78,16"/><V100/><F121/><W57/><G108/><N who="0" m="41547" /><D134/><U89/><E40/><V60/><F129/><N who="1" m="49769" /><E65/><V85/><F124/><W117/><G117/><T32/><D75/><U115/><E115/><N who="3" m="44042" /><G70/><T10/><D32/><U39/><E39/><V18/><F42/><W62/><G98/><T122/><D122/><U48/><E59/><V35/><F35/><W86/><G45/><T33/><D33/><U82/><E82/><V5/><F107/><W104/><G104/><T51/><D66/><U19/><E19/><N who="2" m="12351" /><F60/><W53/><G74/><T95/><D0/><U14/><E14/><N who="2" m="5391" /><F11/><W125/><G125/><T36/><D36/><U64/><E64/><V55/><F55/><W119/><G119/><T118/><D118/><U63/><E63/><V38/><F38/><W73/><G73/><T44/><D17/><U101/><E101/><N who="2" m="38987" /><F85/><AGARI ba="0,0" hai="25,26,27,31,34,48,54,58,85,89,94" m="49769" machi="85" ten="30,1000,0" yaku="19,1" doraHai="71" who="1" fromWho="2" sc="250,0,250,10,162,-10,338,0" /><INIT seed="3,0,0,4,1,12" ten="250,260,152,338" oya="3" hai0="73,3,11,80,33,85,58,86,84,125,7,52,96" hai1="67,2,42,99,10,79,15,115,37,30,23,54,24" hai2="26,53,39,129,14,81,29,40,126,4,116,63,25" hai3="59,70,114,66,100,18,102,107,98,87,62,48,128"/><W112/><G128/><T1/><D33/><U122/><E115/><V64/><F116/><W111/><G111/><T68/><D68/><U106/><E122/><V16/><F129/><W38/><G102/><T110/><D110/><U21/><E2/><V8/><F126/><W71/><G71/><T45/><D125/><U43/><E67/><V90/><F53/><W74/><G74/><T55/><D1/><U132/><E132/><V124/><F124/><W22/><G38/><T94/><D45/><U121/><E121/><V89/><F26/><W19/><G19/><T35/><D35/><U104/><E79/><V123/><F123/><W61/><G48/><T135/><D135/><U5/><E21/><V36/><F4/><W78/><G87/><T27/><D27/><U57/><E37/><V75/><F75/><W65/><G78/><T133/><D133/><U44/><E44/><V93/><F39/><W69/><G59/><T34/><D34/><U103/><E106/><V76/><F40/><W50/><G50/><AGARI ba="0,0" hai="5,10,15,23,24,30,42,43,50,54,57,99,103,104" machi="50" ten="30,1000,0" yaku="7,1" doraHai="12" who="1" fromWho="3" sc="250,0,260,10,152,0,338,-10" owari="250,-15.0,270,7.0,152,-34.8,328,42.8" /></mjloggm>