<mjloggm ver="2.3"><GO type="225" lobby="0"/><UN n0="%E5%8D%A0%E3%81%84%E5%B8%AB%E8%A3%8F%E3%81%AA%E3%81%84%E3%81%97" n1="%E3%81%AF%E3%82%88%E3%81%8A%E3%81%98%E3%81%95%E3%82%93" n2="%E5%A4%8F%E9%88%B4%E9%88%B4%E5%A4%8F" n3="%E9%80%86%E9%80%A3%E5%B8%AF%E3%81%AE%E9%AC%BC" dan="17,17,16,17" rate="2243.95,2145.58,2149.10,2120.19" sx="M,M,F,M"/><TAIKYOKU oya="0"/><INIT seed="0,0,0,0,1,130" ten="250,250,250,250" oya="0" hai0="62,131,82,47,126,100,102,14,68,132,125,89,38" hai1="56,76,97,115,34,104,7,67,59,31,39,51,74" hai2="77,117,65,36,18,111,134,60,16,40,1,61,53" hai3="87,22,2,118,110,122,46,84,129,26,43,57,90"/><T63/><D131/><U8/><E39/><V30/><F111/><W64/><G129/><T19/><D38/><U69/><E115/><V101/><F1/><W121/><G2/><T92/><D47/><U75/><E69/><V112/><F112/><W12/><G110/><T124/><D82/><U128/><E128/><V105/><F77/><W106/><G106/><T114/><D114/><U133/><E133/><V95/><F105/><W5/><G118/><T28/><D28/><U24/><E67/><V103/><F30/><W80/><G87/><T58/><D68/><U3/><E76/><V52/><F134/><W66/><G12/><T21/><D62/><U85/><E85/><V13/><F117/><W109/><G5/><T29/><D29/><U15/><E3/><V71/><F61/><W78/><G78/><T25/><D14/><U55/><REACH who="1" step="1"/><E56/><REACH who="1" ten="250,240,250,250" step="2"/><V123/><F123/><N who="3" m="47115" /><G57/><T73/><D132/><U94/><E94/><V33/><F95/><W107/><G107/><T41/><D73/><U11/><E11/><V119/><F119/><W70/><G70/><T44/><D44/><U81/><E81/><V45/><F71/><W4/><G109/><T93/><D93/><U37/><E37/><V108/><F65/><W17/><G66/><N who="0" m="39287" /><D41/><U20/><E20/><V50/><F33/><W113/><G64/><T49/><D49/><U9/><E9/><V83/><F83/><W79/><G113/><T91/><D91/><U96/><E96/><AGARI ba="0,1" hai="19,21,25,89,92,96,100,102,124,125,126" m="39287" machi="96" ten="30,1500,0" yaku="18,1" doraHai="130" who="0" fromWho="1" sc="250,25,240,-15,250,0,250,0" /><INIT seed="0,1,0,5,2,118" ten="275,225,250,250" oya="0" hai0="132,89,24,117,73,98,104,39,124,75,88,125,78" hai1="128,90,29,1,114,8,74,40,27,108,23,67,133" hai2="82,41,0,36,77,52,121,49,92,65,87,116,113" hai3="85,99,101,46,22,11,91,31,107,126,86,95,100"/><T134/><D24/><U7/><E74/><N who="0" m="28169" /><D78/><U44/><E108/><V127/><F113/><W28/><G126/><N who="0" m="48747" /><D117/><U60/><E128/><V62/><F116/><W18/><G101/><N who="0" m="62519" /><D39/><U130/><E133/><AGARI ba="1,0" hai="88,89,132,133,134" m="62519,48747,28169" machi="133" ten="40,12000,1" yaku="20,1,18,1,34,2,54,1" doraHai="118" who="0" fromWho="1" sc="275,123,225,-123,250,0,250,0" /><INIT seed="0,2,0,3,5,67" ten="398,102,250,250" oya="0" hai0="52,119,1,10,7,96,90,42,133,103,45,89,8" hai1="109,47,135,98,18,33,88,72,41,117,94,14,123" hai2="61,130,74,13,83,25,57,37,99,32,54,15,30" hai3="48,80,21,105,120,110,38,23,73,126,22,29,28"/><T128/><D119/><U19/><E117/><V17/><F130/><W121/><G38/><T3/><D128/><U122/><E109/><V79/><F37/><W78/><G105/><T49/><D133/><U93/><E135/><V53/><F17/><W125/><G110/><T76/><D76/><U9/><E72/><V40/><F40/><W5/><G5/><T2/><D42/><U27/><E93/><V75/><F75/><W63/><G63/><T114/><D114/><U26/><E26/><V51/><REACH who="2" step="1"/><F99/><REACH who="2" ten="398,102,240,250" step="2"/><W12/><G73/><T87/><D7/><U82/><E82/><V43/><F43/><W68/><G80/><T20/><D96/><U4/><E19/><V62/><F62/><W16/><G16/><T106/><D49/><U6/><E4/><V131/><F131/><W85/><G48/><T60/><D60/><U86/><E98/><V36/><F36/><W84/><G121/><T97/><D97/><U11/><E41/><V50/><F50/><W66/><G120/><T111/><D111/><U70/><E47/><AGARI ba="2,1" hai="13,15,25,30,32,47,51,53,54,57,61,74,79,83" machi="47" ten="30,2000,0" yaku="1,1,7,1,53,0" doraHai="67" doraHaiUra="69" who="2" fromWho="1" sc="398,0,102,-26,240,36,250,0" /><INIT seed="1,0,0,2,0,45" ten="398,76,276,250" oya="1" hai0="57,47,95,81,103,1,56,66,109,121,32,7,33" hai1="102,12,91,38,6,74,73,126,55,62,79,114,110" hai2="99,93,129,36,72,16,82,117,115,54,34,135,120" hai3="19,52,59,92,3,49,90,9,15,119,84,5,111"/><U35/><E114/><V118/><F120/><W113/><G111/><T63/><D109/><U65/><E110/><V68/><F115/><W69/><G113/><T4/><D121/><U87/><E35/><V85/><F129/><W96/><G69/><T60/><D81/><U134/><E38/><V89/><F135/><W108/><G108/><T25/><D47/><U70/><E134/><V29/><F36/><W41/><G119/><T130/><D130/><U128/><E128/><V78/><F68/><W17/><G41/><T106/><D106/><U24/><E126/><V76/><F76/><W40/><G40/><T86/><D1/><U75/><E102/><V20/><F54/><W50/><G50/><T37/><D37/><U105/><E105/><V53/><F53/><W51/><G51/><T14/><D25/><U122/><E122/><V123/><F123/><W0/><G0/><T48/><D48/><U42/><E42/><V101/><F29/><W39/><G39/><T100/><D86/><U11/><E24/><V80/><REACH who="2" step="1"/><F34/><REACH who="2" ten="398,76,266,250" step="2"/><W112/><G112/><T13/><D66/><U31/><E31/><V88/><F88/><N who="3" m="55303" /><G3/><T30/><D30/><U43/><E43/><V71/><F71/><W133/><G133/><T22/><D32/><U46/><E46/><V44/><F44/><W21/><G21/><T104/><D22/><U27/><E55/><V18/><F18/><W28/><G28/><T107/><D33/><U125/><E125/><V67/><F67/><W127/><G127/><T98/><D4/><U61/><E6/><V77/><F77/><W94/><AGARI ba="0,1" hai="5,9,15,17,19,49,52,59,84,90,94" m="55303" machi="94" ten="30,8000,1" yaku="5,1,8,1,52,1,54,2" doraHai="45" who="3" fromWho="3" sc="398,-20,76,-40,266,-20,250,90" /><INIT seed="2,0,0,2,2,85" ten="378,36,246,340" oya="2" hai0="42,43,50,98,118,117,3,131,73,102,120,91,115" hai1="9,51,130,95,93,116,66,110,31,128,46,30,122" hai2="69,108,121,64,86,89,26,24,114,92,52,25,17" hai3="21,39,81,15,62,6,94,11,63,14,12,124,113"/><V57/><F114/><W5/><G39/><T119/><D120/><U132/><E116/><V35/><F121/><W18/><G113/><T99/><D115/><U32/><E122/><V45/><F108/><W23/><G124/><T129/><D73/><U75/><E75/><V7/><F7/><W106/><G106/><T1/><D91/><U97/><E110/><V135/><F135/><W44/><G81/><T76/><D76/><U103/><E132/><V109/><F109/><W33/><G33/><T65/><D65/><U127/><E127/><V68/><F35/><W47/><G94/><T55/><D98/><U72/><E72/><V123/><F123/><W71/><G71/><T126/><D126/><U13/><E66/><V61/><REACH who="2" step="1"/><F17/><REACH who="2" ten="378,36,236,340" step="2"/><N who="3" m="10407" /><G5/><T8/><D118/><U96/><E32/><V112/><F112/><W54/><G6/><T107/><D119/><U111/><E111/><V105/><F105/><W27/><G18/><T125/><D117/><U38/><E38/><V20/><F20/><W70/><G23/><T10/><D125/><U133/><E133/><V84/><F84/><W16/><G16/><T49/><D107/><U2/><E2/><V19/><F19/><W40/><G11/><T134/><D134/><U58/><E9/><V88/><F88/><W59/><G14/><T29/><D8/><U100/><E13/><V37/><F37/><W28/><G15/><T36/><D10/><U67/><E130/><V101/><F101/><W48/><G27/><T87/><D131/><U53/><E128/><V74/><F74/><W34/><G34/><T56/><D129/><RYUUKYOKU ba="0,1" sc="378,-15,36,15,236,15,340,-15" hai1="30,31,46,51,53,58,67,93,95,96,97,100,103" hai2="24,25,26,45,52,57,61,64,68,69,86,89,92" /><INIT seed="2,1,1,2,1,12" ten="363,51,251,325" oya="2" hai0="71,64,36,108,28,14,20,76,38,72,132,54,135" hai1="29,32,126,99,57,73,40,24,58,49,70,41,4" hai2="88,127,111,102,116,121,53,7,119,27,82,6,16" hai3="113,125,112,33,110,106,31,30,22,117,61,95,130"/><V133/><F121/><W51/><G106/><T81/><D108/><U46/><E126/><V94/><F127/><W128/><G33/><T19/><D28/><U39/><E73/><V35/><F133/><N who="0" m="51274" /><D54/><U37/><E70/><V93/><F111/><W98/><G125/><T23/><D23/><U90/><E4/><N who="2" m="1579" /><F35/><W129/><G117/><T21/><D20/><U78/><E78/><V10/><F119/><W84/><G110/><T107/><D107/><U65/><E41/><V75/><F75/><W89/><G61/><AGARI ba="1,1" hai="14,19,21,36,38,61,64,71,72,76,81" m="51274" machi="61" ten="30,2000,0" yaku="20,1,52,1" doraHai="12" who="0" fromWho="3" sc="363,33,51,0,251,0,325,-23" /><INIT seed="3,0,0,3,4,33" ten="396,51,251,302" oya="3" hai0="121,34,60,100,16,75,39,20,5,83,11,73,28" hai1="24,71,43,127,133,9,53,130,86,108,59,56,87" hai2="124,63,111,128,114,57,18,97,74,112,17,104,51" hai3="109,47,2,50,101,119,54,115,118,76,55,12,116"/><W92/><G115/><T134/><D121/><U91/><E71/><V52/><F111/><W1/><G109/><T85/><D39/><U26/><E108/><V4/><F124/><W69/><G69/><T131/><D131/><U98/><E130/><V46/><F128/><W45/><G76/><T67/><D100/><U25/><E127/><V72/><F4/><W88/><G101/><T77/><D28/><U23/><E133/><V15/><F17/><W35/><G35/><T21/><D21/><U122/><E122/><V40/><F97/><W106/><G106/><T135/><D34/><U129/><E129/><V90/><F104/><W96/><G12/><T110/><D110/><U102/><E43/><V95/><F95/><W82/><G82/><T79/><D79/><U80/><E87/><V31/><F31/><W120/><G120/><T65/><D65/><U32/><E9/><V99/><F90/><W6/><G6/><T66/><D66/><U42/><E42/><V132/><F99/><W64/><G64/><T58/><D16/><U93/><E32/><V41/><F41/><W0/><REACH who="3" step="1"/><G55/><REACH who="3" ten="396,51,251,292" step="2"/><T38/><D135/><U117/><E117/><V113/><REACH who="2" step="1"/><F132/><REACH who="2" ten="396,51,241,292" step="2"/><W37/><G37/><T19/><D38/><U8/><E102/><V68/><F68/><W36/><G36/><T7/><D134/><U103/><E103/><V125/><F125/><W89/><G89/><T49/><D5/><U10/><E91/><V13/><F13/><W27/><G27/><N who="0" m="14751" /><D7/><U30/><E26/><V48/><F48/><W123/><G123/><T44/><D11/><AGARI ba="0,2" hai="11,15,18,40,46,51,52,57,63,72,74,112,113,114" machi="11" ten="40,2600,0" yaku="1,1,54,1,53,0" doraHai="33" doraHaiUra="84" who="2" fromWho="0" sc="396,-26,51,0,241,46,292,0" owari="370,47.0,51,-44.9,287,-11.3,292,9.2" /></mjloggm>