<mjloggm ver="2.3"><GO type="225" lobby="0"/><UN n0="%E3%80%93%E3%81%97%E3%83%BC%E3%82%89%E3%80%93" n1="%72%65%6E%6B%75%6E" n2="%E6%81%A5%E6%99%92%E3%81%97" n3="%E3%83%81%E3%83%83%E3%82%BF%E3%82%BD%E3%83%BC" dan="16,17,16,16" rate="2158.74,2254.33,2200.51,2083.26" sx="M,M,M,F"/><TAIKYOKU oya="0"/><INIT seed="0,0,0,0,0,117" ten="250,250,250,250" oya="0" hai0="76,106,83,16,97,64,72,45,66,123,103,104,49" hai1="8,89,37,30,19,108,48,132,115,57,120,36,86" hai2="43,105,122,42,2,65,67,5,55,13,23,15,54" hai3="93,22,21,14,95,59,34,116,46,4,91,56,35"/><T74/><D123/><U47/><E30/><V92/><F105/><W135/><G116/><T71/><D106/><U11/><E120/><V32/><F32/><W62/><G135/><T118/><D118/><U24/><E132/><V52/><F2/><W79/><G79/><T33/><D33/><U133/><E133/><V94/><F23/><W78/><G78/><T84/><D71/><U110/><E57/><V114/><F122/><W119/><G119/><T39/><D39/><U81/><E24/><V121/><F121/><W87/><G46/><T50/><D50/><U129/><E129/><V40/><F114/><W88/><G14/><N who="2" m="5129" /><F5/><W73/><G62/><T77/><D16/><U111/><E115/><V0/><F0/><W80/><G80/><T63/><D63/><U53/><REACH who="1" step="1"/><E19/><REACH who="1" ten="250,240,250,250" step="2"/><V31/><F31/><W1/><G4/><T61/><D74/><U90/><E90/><V102/><F102/><W10/><G10/><AGARI ba="0,1" hai="8,10,11,36,37,47,48,53,81,86,89,108,110,111" machi="10" ten="40,2600,0" yaku="1,1,14,1,53,0" doraHai="117" doraHaiUra="126" who="1" fromWho="3" sc="250,0,240,36,250,0,250,-26" /><INIT seed="1,0,0,2,0,11" ten="250,276,250,224" oya="1" hai0="51,26,89,64,129,100,68,53,126,124,121,74,83" hai1="20,22,105,75,82,81,88,84,49,23,117,58,111" hai2="25,10,110,14,67,54,7,61,63,65,120,96,95" hai3="92,86,107,128,106,62,77,66,103,35,36,17,109"/><U47/><E117/><V112/><F110/><W91/><G109/><T34/><D121/><U76/><E105/><V45/><F120/><W46/><G128/><T73/><D129/><U50/><E111/><V12/><F25/><W104/><G35/><T8/><D100/><U94/><E47/><V131/><F131/><W18/><G77/><T33/><D64/><U55/><REACH who="1" step="1"/><E82/><REACH who="1" ten="250,266,250,224" step="2"/><V78/><F45/><W130/><G130/><T21/><D83/><U90/><E90/><V93/><F112/><W5/><G103/><T37/><D89/><U13/><E13/><V19/><F95/><W118/><G118/><T135/><D124/><U132/><E132/><V123/><F123/><W4/><G46/><T127/><D126/><U56/><E56/><V15/><F78/><W38/><G36/><T114/><D37/><U133/><E133/><V43/><F14/><W29/><G38/><T115/><D127/><U99/><E99/><V39/><F93/><W2/><G2/><T31/><D135/><U108/><E108/><V122/><F96/><W3/><G3/><T1/><D1/><U87/><E87/><V116/><F116/><W102/><G102/><T125/><D125/><U32/><E32/><V44/><F122/><W9/><G104/><T30/><D34/><U60/><AGARI ba="0,1" hai="20,22,23,49,50,55,58,60,75,76,81,84,88,94" machi="60" ten="30,6000,0" yaku="1,1,0,1,54,1,53,0" doraHai="11" doraHaiUra="98" who="1" fromWho="1" sc="250,-20,266,70,250,-20,224,-20" /><INIT seed="1,1,0,3,2,12" ten="230,336,230,204" oya="1" hai0="64,81,50,0,15,29,120,91,134,98,115,71,32" hai1="110,122,33,129,34,18,125,49,123,59,53,112,40" hai2="6,106,82,109,26,105,69,31,30,9,47,61,74" hai3="55,62,8,85,133,27,57,19,131,83,87,7,42"/><U124/><E112/><V84/><F109/><W21/><G133/><T24/><D0/><U48/><E110/><V65/><F31/><W67/><G131/><T94/><D115/><U96/><E96/><V60/><F60/><W11/><G42/><T68/><D134/><U88/><E129/><V107/><F47/><W38/><G38/><T116/><D116/><U41/><E59/><V111/><F111/><W95/><G67/><T99/><D120/><U22/><E53/><V73/><F82/><W76/><G7/><T103/><D64/><U46/><E88/><AGARI ba="1,0" hai="8,11,19,21,27,55,57,62,76,83,85,87,88,95" machi="88" ten="40,5200,0" yaku="8,1,52,1,54,1" doraHai="12" who="3" fromWho="1" sc="230,0,336,-55,230,0,204,55" /><INIT seed="2,0,0,0,4,35" ten="230,281,230,259" oya="2" hai0="83,14,124,100,54,106,85,94,9,27,91,77,118" hai1="52,130,119,59,82,126,31,38,131,105,37,127,81" hai2="87,121,24,67,40,46,75,57,62,102,28,89,95" hai3="10,98,135,70,61,12,104,66,73,25,5,7,34"/><V74/><F121/><W60/><G135/><T3/><D124/><N who="1" m="47659" /><E31/><V90/><F102/><N who="3" m="62551" /><G73/><T134/><D134/><U64/><E64/><V23/><REACH who="2" step="1"/><F90/><REACH who="2" ten="230,281,220,259" step="2"/><W33/><G33/><T30/><D100/><U116/><E116/><V19/><F19/><N who="3" m="8599" /><G60/><T51/><D118/><U99/><E119/><V21/><F21/><W93/><G93/><T1/><D106/><U92/><E105/><V65/><F65/><W49/><G49/><AGARI ba="0,1" hai="23,24,28,40,46,49,57,62,67,74,75,87,89,95" machi="49" ten="30,2900,0" yaku="1,1,7,1,53,0" doraHai="35" doraHaiUra="103" who="2" fromWho="3" sc="230,0,281,0,220,39,259,-29" /><INIT seed="2,1,0,0,5,125" ten="230,281,259,230" oya="2" hai0="126,83,91,71,124,13,51,46,55,63,85,58,6" hai1="36,69,41,48,56,50,54,117,111,11,43,25,116" hai2="133,42,24,35,23,3,66,84,103,33,17,68,130" hai3="88,129,95,52,80,40,32,57,61,75,26,108,64"/><V105/><F133/><W14/><G108/><T87/><D71/><U115/><E11/><V12/><F3/><W79/><G129/><T77/><D6/><U96/><E25/><V65/><F42/><N who="1" m="15881" /><E96/><V27/><F130/><W114/><G114/><T8/><D8/><U38/><E115/><V45/><F84/><W19/><G40/><T135/><D13/><U93/><E93/><V109/><F45/><W98/><G26/><T59/><D135/><U10/><E10/><V7/><F109/><W30/><G30/><T53/><REACH who="0" step="1"/><D46/><REACH who="0" ten="220,281,259,230" step="2"/><U34/><E69/><V128/><F7/><W67/><G32/><T101/><D101/><U22/><E34/><V120/><F33/><W106/><G106/><T78/><D78/><U9/><E9/><AGARI ba="1,1" hai="9,14,19,52,57,61,64,67,75,79,80,88,95,98" machi="9" ten="30,3900,0" yaku="7,1,54,2" doraHai="125" who="3" fromWho="1" sc="220,0,281,-42,259,0,230,52" /><INIT seed="3,0,0,1,3,32" ten="220,239,259,282" oya="3" hai0="56,112,28,121,41,65,49,76,106,135,10,85,27" hai1="8,69,128,16,78,129,114,131,98,132,31,47,74" hai2="81,11,35,15,94,96,119,57,110,122,75,87,19" hai3="17,12,52,61,18,20,6,124,126,5,95,55,13"/><W2/><G95/><T45/><D106/><U46/><E114/><V100/><F110/><W104/><G104/><T58/><D112/><U29/><E69/><V109/><F109/><W50/><G61/><T71/><D121/><U39/><E132/><V108/><F119/><W90/><G90/><T23/><D135/><U123/><E123/><V133/><F133/><W38/><G38/><T40/><D71/><U60/><E60/><V102/><F75/><W77/><G77/><T63/><D58/><U103/><E78/><N who="2" m="46519" /><F35/><W3/><G20/><T21/><D10/><U22/><E8/><V80/><F80/><W67/><G50/><T54/><D76/><U91/><E91/><N who="2" m="55391" /><F108/><W117/><G117/><T97/><D85/><U34/><E74/><V84/><F122/><W111/><G111/><T64/><D64/><AGARI ba="0,0" hai="2,3,5,6,12,13,17,18,52,55,64,67,124,126" machi="64" ten="25,12000,1" yaku="22,2,52,2,54,1" doraHai="32" who="3" fromWho="0" sc="220,-120,239,0,259,0,282,120" owari="100,-40.0,239,-16.1,259,5.9,402,50.2" /></mjloggm>