<mjloggm ver="2.3"><GO type="225" lobby="0"/><UN n0="%74%61%6B%65%2D%79%6F%75" n1="%50%69%73%38" n2="%E6%98%93%E5%88%A9%E8%96%A9%E4%BC%AF" n3="%E6%9C%88%E5%B3%B6%E5%9F%BA" dan="16,16,17,16" rate="2101.00,2156.58,2197.84,2026.99" sx="M,M,F,M"/><TAIKYOKU oya="0"/><INIT seed="0,0,0,2,4,6" ten="250,250,250,250" oya="0" hai0="67,132,107,3,103,58,125,81,10,4,1,133,51" hai1="25,124,120,38,39,0,33,5,97,128,11,45,20" hai2="88,123,37,135,36,34,75,71,84,85,78,8,50" hai3="110,24,21,7,2,77,119,76,92,79,47,72,16"/><T70/><D125/><U90/><E124/><V129/><F123/><W14/><G119/><T13/><D70/><U30/><E120/><V122/><F122/><W116/><G116/><T117/><D117/><U115/><E115/><V100/><F34/><W40/><G110/><T53/><D67/><U35/><E128/><V19/><F71/><W126/><G126/><T46/><D81/><U44/><E33/><V69/><F69/><W27/><G72/><T29/><D29/><U113/><E113/><V52/><F100/><W68/><G68/><T63/><D107/><U99/><E45/><N who="2" m="27727" /><F85/><W80/><G80/><T95/><D103/><U60/><E60/><V118/><F78/><W131/><G131/><T94/><D1/><U65/><E65/><V105/><F105/><W102/><G102/><T109/><D3/><U17/><E44/><V49/><F75/><W31/><G92/><T127/><D109/><U87/><E97/><V121/><F121/><W98/><G98/><T74/><D74/><U89/><E99/><V111/><F111/><W23/><G2/><T73/><D73/><U61/><E61/><V86/><F86/><W28/><G47/><T56/><D127/><U18/><E89/><V15/><F118/><W22/><G40/><N who="0" m="25031" /><D58/><U26/><REACH who="1" step="1"/><E18/><REACH who="1" ten="250,240,250,250" step="2"/><V101/><F129/><W64/><G64/><T104/><D104/><U32/><E32/><V41/><F101/><W57/><G57/><T114/><D114/><U55/><E55/><V62/><F41/><W112/><G112/><T106/><D106/><U12/><E12/><V82/><F15/><W108/><G108/><RYUUKYOKU ba="0,1" sc="250,10,240,10,250,-30,250,10" hai0="4,10,13,53,56,63,94,95,132,133" hai1="0,5,11,17,20,25,26,30,35,38,39,87,90" hai3="7,14,16,21,22,23,24,27,28,31,76,77,79" /><INIT seed="0,1,1,4,1,73" ten="260,250,220,260" oya="0" hai0="118,109,26,97,95,88,5,135,81,54,127,89,24" hai1="35,76,67,110,27,17,41,58,69,40,119,43,0" hai2="55,49,6,52,2,14,114,28,19,94,1,112,3" hai3="86,99,10,116,48,131,50,96,34,72,105,71,75"/><T125/><D118/><U62/><E119/><V111/><F6/><W25/><G116/><T63/><D135/><U70/><E0/><V100/><F111/><W45/><G71/><T38/><D38/><U106/><E110/><V130/><F130/><W61/><G131/><T39/><D39/><U113/><E106/><V11/><F28/><W37/><G61/><T120/><D109/><U133/><E133/><V83/><F55/><W65/><G65/><T78/><D120/><U74/><E113/><V44/><REACH who="2" step="1"/><F83/><REACH who="2" ten="260,250,210,260" step="2"/><W123/><G123/><T4/><D4/><U15/><E35/><V47/><F47/><W134/><G45/><T93/><D5/><U107/><E107/><V22/><F22/><W46/><G46/><T121/><D54/><U79/><E74/><V33/><F33/><W18/><G34/><T59/><D81/><U128/><E128/><V32/><F32/><W66/><G75/><T132/><D132/><U108/><E108/><V68/><F68/><W8/><G72/><T115/><D121/><U77/><REACH who="1" step="1"/><E27/><REACH who="1" ten="260,240,210,260" step="2"/><V103/><F103/><W21/><G25/><T29/><D24/><U12/><E12/><V90/><F90/><W82/><G105/><T30/><D26/><U57/><E57/><V92/><F92/><W60/><G134/><T42/><D59/><U126/><E126/><V98/><AGARI ba="1,3" hai="1,2,3,11,14,19,44,49,52,94,98,100,112,114" machi="98" ten="40,5200,0" yaku="1,1,0,1,54,1,53,0" doraHai="73" doraHaiUra="101" who="2" fromWho="2" sc="260,-27,240,-14,210,85,260,-14" /><INIT seed="1,0,0,1,3,4" ten="233,226,295,246" oya="1" hai0="64,52,3,93,72,48,92,69,51,100,101,108,67" hai1="113,36,19,133,17,57,23,63,83,12,86,106,61" hai2="104,2,91,96,33,42,109,0,107,50,115,13,28" hai3="78,5,47,122,31,126,120,37,44,114,87,89,8"/><U41/><E113/><V125/><F115/><W49/><G114/><T103/><D108/><U60/><E106/><V79/><F125/><W90/><G126/><T18/><D72/><U70/><E133/><V10/><F79/><W131/><G131/><T65/><D69/><U99/><E70/><V26/><F107/><W123/><G31/><T81/><D3/><U6/><E6/><V46/><F109/><W9/><G5/><T124/><D124/><U97/><E57/><V32/><F32/><W82/><G37/><T39/><D39/><U127/><E127/><V117/><F117/><W59/><G59/><T20/><D81/><U74/><E74/><V85/><F96/><W77/><G47/><T55/><D51/><U34/><E34/><V94/><REACH who="2" step="1"/><F104/><REACH who="2" ten="233,226,285,246" step="2"/><W14/><G78/><T129/><D129/><U132/><E132/><V22/><F22/><W7/><REACH who="3" step="1"/><G9/><REACH who="3" ten="233,226,285,236" step="2"/><T111/><D111/><U102/><E36/><V16/><AGARI ba="0,2" hai="0,2,10,13,16,26,28,33,42,46,50,85,91,94" machi="16" ten="20,8000,1" yaku="1,1,0,1,7,1,52,1,54,1,53,0" doraHai="4" doraHaiUra="119" who="2" fromWho="2" sc="233,-20,226,-40,285,100,236,-20" /><INIT seed="2,0,0,4,1,81" ten="213,186,385,216" oya="2" hai0="36,23,66,124,92,89,30,63,101,37,107,75,0" hai1="130,132,72,61,108,106,27,135,3,83,6,113,96" hai2="14,17,46,16,26,110,56,119,100,1,34,28,99" hai3="77,9,57,97,20,33,98,40,11,115,53,7,41"/><V121/><F119/><W18/><G33/><T126/><D0/><U105/><E113/><V67/><F1/><W111/><G77/><T70/><D75/><U24/><E6/><V60/><F121/><W88/><G111/><T91/><D107/><N who="1" m="40971" /><E3/><V38/><F110/><W55/><G115/><T109/><D109/><U2/><E2/><V112/><F112/><W82/><G7/><T122/><D122/><U79/><E108/><V12/><F12/><N who="3" m="9287" /><G55/><T85/><D101/><U125/><E130/><V117/><F14/><W69/><G69/><T133/><D133/><N who="1" m="51275" /><E125/><N who="0" m="48233" /><D91/><U47/><E61/><V62/><F62/><N who="3" m="36143" /><G82/><T118/><D118/><U80/><E96/><N who="3" m="36970" /><G88/><T71/><D71/><U29/><E29/><V51/><F117/><W5/><G5/><T59/><D70/><U50/><E80/><V4/><F4/><W103/><G103/><T129/><D129/><U76/><E79/><V120/><F120/><W131/><G131/><T13/><D30/><U78/><E76/><V49/><F28/><W90/><G90/><T95/><D95/><U64/><E64/><V86/><F67/><W45/><G45/><T68/><D68/><U19/><E19/><AGARI ba="0,0" hai="13,19,23,36,37,59,63,66,85,89,92" m="48233" machi="19" ten="30,2000,0" yaku="18,1,52,1" doraHai="81" who="0" fromWho="1" sc="213,20,186,-20,385,0,216,0" /><INIT seed="3,0,0,3,1,128" ten="233,166,385,216" oya="3" hai0="49,124,34,43,68,103,59,29,56,70,72,120,54" hai1="117,98,133,50,111,108,110,26,27,122,30,28,119" hai2="104,80,12,65,42,48,20,85,25,129,7,8,10" hai3="46,32,97,35,90,77,9,125,107,40,113,93,19"/><W66/><G113/><T71/><D120/><U96/><E50/><V0/><F104/><W100/><G125/><T74/><D124/><U105/><E105/><V14/><F65/><W23/><G77/><T82/><D43/><U52/><E52/><V87/><F0/><W86/><G9/><T92/><D59/><U6/><E6/><N who="2" m="3095" /><F80/><W3/><G3/><T126/><D82/><U135/><E110/><V24/><F24/><W88/><G90/><T79/><D79/><U5/><E5/><V115/><F129/><W83/><G66/><T132/><D126/><U76/><E76/><V81/><F81/><W21/><G107/><T114/><D68/><U53/><E53/><V91/><F91/><W37/><REACH who="3" step="1"/><G23/><REACH who="3" ten="233,166,385,206" step="2"/><T1/><D1/><U101/><E101/><V89/><F89/><W64/><G64/><T67/><D67/><U4/><E4/><V60/><F115/><W109/><G109/><T51/><D103/><U112/><E112/><V16/><F60/><W134/><G134/><T102/><D132/><U131/><E131/><V41/><F41/><W73/><G73/><T38/><D74/><U22/><E22/><V57/><F57/><W61/><G61/><T13/><D56/><U58/><E58/><V2/><F2/><W33/><G33/><T18/><D34/><U45/><E45/><AGARI ba="0,1" hai="7,10,14,16,20,25,42,45,48,85,87" m="3095" machi="45" ten="30,2000,0" yaku="8,1,54,1" doraHai="128" who="2" fromWho="1" sc="233,0,166,-20,385,30,206,0" owari="233,3.3,146,-35.4,415,51.5,206,-19.4" /></mjloggm>