<mjloggm ver="2.3"><GO type="225" lobby="0"/><UN n0="%E6%98%93%E5%88%A9%E8%96%A9%E4%BC%AF" n1="%E3%81%BF%E3%81%BF%E3%81%9A" n2="%E2%98%86%E5%B0%8F%E5%AD%A6%E7%94%B7%E7%94%9F%E2%98%86" n3="%E3%83%A9%E3%82%A4%E3%83%B3%E3%81%AE%E8%99%8E" dan="16,18,17,16" rate="2164.88,2228.67,2191.19,2133.31" sx="F,M,M,M"/><TAIKYOKU oya="0"/><INIT seed="0,0,0,0,5,68" ten="250,250,250,250" oya="0" hai0="50,111,71,46,70,75,53,118,14,87,101,108,22" hai1="76,125,107,41,61,102,49,56,39,33,29,93,104" hai2="69,90,16,96,60,122,62,86,109,38,134,79,64" hai3="47,4,51,54,58,66,98,74,135,73,3,52,99"/><T127/><D75/><U28/><E76/><V126/><F122/><W130/><G130/><T133/><D118/><U121/><E121/><V91/><F109/><N who="0" m="42058" /><D101/><U42/><E49/><V35/><F35/><W10/><G135/><T30/><D133/><U80/><E80/><V21/><F134/><W1/><G1/><T40/><D127/><U95/><E125/><V11/><F126/><W77/><G66/><T116/><D116/><U72/><E56/><V15/><F38/><W45/><G45/><N who="0" m="27855" /><D87/><U23/><E102/><V129/><F129/><W123/><G123/><T0/><D0/><U7/><E72/><V78/><F62/><W26/><G74/><T43/><D43/><U67/><E61/><V84/><F96/><W82/><REACH who="3" step="1"/><G26/><REACH who="3" ten="250,250,250,240" step="2"/><N who="0" m="16727" /><D14/><U44/><E67/><V9/><F9/><W17/><G17/><T34/><D34/><U83/><E33/><V92/><REACH who="2" step="1"/><F11/><REACH who="2" ten="250,250,240,240" step="2"/><W27/><G27/><T100/><D100/><U114/><E114/><V12/><F12/><W120/><G120/><T19/><D19/><U88/><E7/><V13/><F13/><W81/><G81/><AGARI ba="0,2" hai="15,16,21,60,64,69,78,79,81,84,86,90,91,92" machi="81" ten="30,8000,1" yaku="1,1,7,1,54,1,53,2" doraHai="68" doraHaiUra="85" who="2" fromWho="3" sc="250,0,250,0,240,100,240,-80" /><INIT seed="1,0,0,4,4,67" ten="250,250,340,160" oya="1" hai0="60,112,28,66,18,9,33,21,92,6,45,65,32" hai1="26,127,52,109,68,87,118,85,39,125,41,1,37" hai2="132,86,3,20,78,129,119,113,46,38,25,56,19" hai3="100,47,114,5,72,121,135,50,4,10,55,75,128"/><U90/><E118/><V35/><F119/><W8/><G121/><T62/><D112/><U130/><E1/><V15/><F129/><W0/><G135/><T131/><D131/><U43/><E130/><V89/><F132/><W76/><G114/><T59/><D45/><U40/><E109/><V96/><F113/><W22/><G128/><T88/><D28/><U54/><E26/><V110/><F3/><W97/><G22/><T53/><D9/><U36/><E68/><V51/><F110/><W49/><G76/><T69/><D6/><U124/><REACH who="1" step="1"/><E85/><REACH who="1" ten="250,240,340,160" step="2"/><V11/><F86/><W116/><G116/><T84/><REACH who="0" step="1"/><D65/><REACH who="0" ten="240,240,340,160" step="2"/><U111/><E111/><V83/><F35/><W63/><G0/><T16/><D16/><U42/><N who="1" m="10240" /><DORA hai="30" /><U34/><E34/><V12/><F19/><W102/><G4/><T134/><D134/><U123/><E123/><V57/><F15/><AGARI ba="0,2" hai="15,18,21,32,33,53,59,60,62,66,69,84,88,92" machi="15" ten="30,12000,2" yaku="1,1,7,1,52,3,54,1,53,1" doraHai="67,30" doraHaiUra="23,48" who="0" fromWho="2" sc="240,140,240,0,340,-120,160,0" /><INIT seed="2,0,0,5,5,55" ten="380,240,220,160" oya="2" hai0="102,22,74,81,52,24,33,2,91,96,125,18,116" hai1="65,47,75,104,43,98,54,117,51,109,124,87,39" hai2="27,60,70,86,97,26,38,1,79,112,77,41,115" hai3="114,11,69,13,64,134,108,57,61,31,40,94,83"/><V67/><F1/><W129/><G108/><T45/><D2/><U19/><E75/><V14/><F97/><W105/><G105/><T34/><D125/><U103/><E124/><V71/><F71/><W21/><G129/><T3/><D3/><U15/><E109/><V23/><F14/><W7/><G134/><T0/><D0/><U63/><E117/><V48/><F38/><W135/><G135/><T76/><D91/><U5/><E5/><V50/><F41/><W101/><G114/><T107/><D116/><U100/><E87/><V53/><F48/><W58/><G40/><T121/><D121/><U80/><E80/><V73/><F73/><W29/><G83/><T46/><D46/><U20/><E100/><V36/><F36/><W72/><G72/><T85/><D74/><U4/><E4/><V99/><F99/><W6/><G6/><T126/><D126/><U42/><REACH who="1" step="1"/><E39/><REACH who="1" ten="380,230,220,160" step="2"/><V37/><F37/><W106/><G106/><T30/><D85/><U92/><E92/><V44/><F86/><W110/><G110/><T131/><D81/><U12/><E12/><V78/><REACH who="2" step="1"/><F27/><REACH who="2" ten="380,230,210,160" step="2"/><W56/><REACH who="3" step="1"/><G21/><REACH who="3" ten="380,230,210,150" step="2"/><T32/><D22/><U89/><E89/><V95/><F95/><W123/><G123/><T111/><D111/><U127/><E127/><V118/><F118/><W49/><G49/><T66/><D107/><U82/><E82/><V119/><F119/><W84/><G84/><T122/><D122/><U130/><E130/><V16/><AGARI ba="0,3" hai="16,23,26,44,50,53,60,67,70,77,78,79,112,115" machi="16" ten="30,6000,0" yaku="1,1,0,1,54,1,53,0" doraHai="55" doraHaiUra="35" who="2" fromWho="2" sc="380,-20,230,-20,210,90,150,-20" /><INIT seed="2,1,0,0,3,85" ten="360,210,300,130" oya="2" hai0="108,43,28,24,102,19,34,69,4,58,3,87,14" hai1="113,12,9,106,128,96,18,93,6,1,123,125,44" hai2="110,88,48,8,23,121,65,127,29,92,97,52,55" hai3="129,51,124,80,57,81,45,42,63,73,64,111,109"/><V50/><F121/><W91/><G73/><T47/><D69/><U31/><E113/><V75/><F75/><W17/><G124/><T68/><D68/><U36/><E125/><V40/><F127/><W10/><G129/><T134/><D102/><U133/><E128/><V25/><F110/><W16/><G10/><N who="0" m="2335" /><D58/><U132/><E106/><V67/><F8/><W78/><G78/><T46/><D134/><N who="1" m="51819" /><E31/><V72/><F72/><W82/><REACH who="3" step="1"/><G91/><REACH who="3" ten="360,210,300,120" step="2"/><T95/><D108/><AGARI ba="1,1" hai="16,17,42,45,51,57,63,64,80,81,82,108,109,111" machi="108" ten="40,8000,1" yaku="1,1,2,1,14,1,54,1,53,0" doraHai="85" doraHaiUra="33" who="3" fromWho="0" sc="360,-83,210,0,300,0,120,93" /><INIT seed="3,0,0,2,1,124" ten="277,210,300,213" oya="3" hai0="82,100,126,67,8,17,20,38,109,90,40,11,95" hai1="88,33,28,19,50,96,120,83,44,52,129,62,92" hai2="0,29,132,117,53,106,35,6,103,105,23,134,47" hai3="72,58,51,78,87,116,30,84,118,16,75,48,121"/><W43/><G30/><T42/><D109/><U61/><E120/><V57/><F117/><W32/><G32/><T66/><D100/><U4/><E129/><V64/><F35/><W25/><G121/><T114/><D82/><U41/><E4/><V10/><F64/><N who="0" m="24618" /><D38/><U49/><E33/><V13/><F47/><N who="3" m="25727" /><G75/><T127/><D114/><U59/><E28/><V45/><F45/><W81/><G72/><T79/><D79/><U15/><REACH who="1" step="1"/><E83/><REACH who="1" ten="277,200,300,213" step="2"/><V34/><F34/><W93/><G116/><T119/><D119/><U7/><E7/><V107/><F6/><W76/><G118/><T98/><D127/><U69/><E69/><V21/><F29/><W102/><G81/><T85/><D126/><U56/><E56/><V54/><F57/><W111/><G111/><T27/><D85/><U108/><E108/><V135/><F135/><W91/><G87/><T26/><D26/><U3/><E3/><V89/><F0/><W5/><G5/><T65/><D65/><U97/><E97/><V39/><F134/><W125/><G125/><T115/><D115/><U80/><E80/><V18/><F132/><W113/><G113/><T77/><D77/><U60/><E60/><V101/><F18/><W2/><G2/><T104/><D98/><U86/><E86/><V36/><F13/><W14/><G25/><T37/><D27/><U55/><E55/><V71/><F54/><N who="3" m="32095" /><G102/><T130/><D17/><U73/><E73/><V110/><F101/><W31/><G31/><T94/><D94/><U22/><AGARI ba="0,1" hai="15,19,22,41,44,49,50,52,59,61,62,88,92,96" machi="22" ten="20,12000,2" yaku="1,1,0,1,7,1,8,1,54,2,53,0" doraHai="124" doraHaiUra="74" who="1" fromWho="1" sc="277,-30,200,130,300,-30,213,-60" owari="247,-15.3,330,43.0,270,7.0,153,-34.7" /></mjloggm>