<mjloggm ver="2.3"><GO type="225" lobby="0"/><UN n0="%E7%89%B9%E6%9D%B1%E3%81%AF%E4%B8%96%E7%95%8C%E3%82%92%E6%95%91%E3%81%86" n1="%E5%A4%8F%E9%88%B4%E9%88%B4%E5%A4%8F" n2="%79%75%72%69%6D%6F%67" n3="%E3%83%96%E3%83%83%E3%83%91%E3%82%AA%E3%83%96%E3%83%81%E3%82%AD%E3%83%B3" dan="16,16,16,16" rate="2169.81,2101.14,2185.24,2192.43" sx="M,M,F,M"/><TAIKYOKU oya="0"/><INIT seed="0,0,0,3,0,104" ten="250,250,250,250" oya="0" hai0="55,132,125,41,6,114,58,7,117,83,59,119,89" hai1="47,27,111,8,36,99,30,33,85,115,135,96,18" hai2="51,50,22,44,97,37,75,130,82,45,92,25,128" hai3="129,57,86,67,91,109,87,100,88,81,10,101,3"/><T133/><D114/><U63/><E111/><V113/><F113/><W76/><G109/><T15/><D41/><U116/><E116/><V4/><F4/><W14/><G129/><N who="2" m="49769" /><F82/><W28/><G3/><T48/><D125/><U108/><E108/><V11/><F11/><W84/><G28/><T80/><D15/><U12/><E115/><V65/><F65/><W46/><G46/><N who="2" m="18025" /><F75/><W126/><G126/><T49/><REACH who="0" step="1"/><D55/><REACH who="0" ten="240,250,250,250" step="2"/><U64/><E135/><V53/><F53/><W124/><G124/><T66/><D66/><U40/><REACH who="1" step="1"/><E85/><REACH who="1" ten="240,240,250,250" step="2"/><V23/><F37/><W70/><G86/><T103/><D103/><U21/><E21/><V74/><F23/><W105/><G84/><T120/><D120/><U102/><E102/><N who="2" m="60711" /><F74/><W2/><G101/><T79/><D79/><U13/><E13/><V78/><F78/><W93/><G100/><T31/><D31/><AGARI ba="0,2" hai="22,25,31,50,51" m="60711,18025,49769" machi="31" ten="30,1000,0" yaku="19,1" doraHai="104" who="2" fromWho="0" sc="240,-10,240,0,250,30,250,0" /><INIT seed="1,0,0,4,4,128" ten="230,240,280,250" oya="1" hai0="125,31,6,17,53,67,81,110,27,86,126,87,120" hai1="90,12,134,51,52,11,121,77,79,97,58,38,104" hai2="60,1,44,18,92,71,111,112,118,43,20,26,74" hai3="63,131,59,113,84,64,25,62,69,96,9,88,116"/><U135/><E121/><V122/><F118/><W5/><G131/><T24/><D120/><U76/><E38/><V99/><F74/><W68/><G116/><T16/><D110/><U39/><E39/><V33/><F1/><W13/><G113/><T55/><D67/><U119/><E119/><V78/><F111/><W102/><G25/><T47/><D6/><U127/><E127/><N who="0" m="48649" /><D47/><U105/><E90/><V42/><F78/><W45/><G45/><T4/><D4/><U57/><E58/><V10/><F33/><W61/><G69/><T130/><D130/><U21/><E21/><V49/><F122/><W109/><G109/><T50/><D27/><U28/><E28/><V70/><F10/><W82/><REACH who="3" step="1"/><G68/><REACH who="3" ten="230,240,280,240" step="2"/><T94/><D24/><U124/><E124/><V123/><F26/><W15/><G15/><T3/><D3/><U75/><E75/><V41/><F112/><W54/><G54/><T103/><D55/><U95/><E105/><AGARI ba="0,1" hai="5,9,13,59,61,62,63,64,82,84,88,96,102,105" machi="105" ten="30,12000,2" yaku="1,1,7,1,54,1,53,3" doraHai="128" doraHaiUra="56" who="3" fromWho="1" sc="230,0,240,-120,280,0,240,130" /><INIT seed="2,0,0,3,5,62" ten="230,120,280,370" oya="2" hai0="101,110,106,44,127,61,60,90,59,126,70,55,2" hai1="100,89,79,49,97,108,29,33,23,32,86,19,80" hai2="43,10,85,98,0,24,39,4,104,78,122,40,46" hai3="83,66,13,53,56,107,17,114,113,20,72,31,105"/><V9/><F122/><W109/><G109/><T45/><D2/><U22/><E108/><V16/><F43/><W65/><G31/><T74/><D74/><U84/><E32/><V103/><F85/><W123/><G123/><T58/><D110/><U11/><E33/><V82/><F82/><W3/><G3/><T81/><D70/><U12/><E29/><V119/><F78/><N who="3" m="44487" /><G105/><T54/><D101/><U115/><E115/><N who="3" m="44042" /><G107/><T7/><D106/><U51/><E100/><V15/><REACH who="2" step="1"/><F24/><REACH who="2" ten="230,120,270,370" step="2"/><W38/><G38/><T48/><D81/><U71/><E97/><V94/><F94/><W131/><G131/><T63/><D127/><U28/><E28/><V76/><F76/><W35/><G35/><T135/><D126/><U99/><E99/><V132/><F132/><W112/><G112/><T47/><D135/><U68/><E86/><V133/><F133/><W1/><G1/><T95/><D7/><U91/><E79/><V102/><F102/><W96/><G96/><AGARI ba="0,1" hai="44,45,47,48,54,55,58,59,60,61,63,90,95,96" machi="96" ten="40,1300,0" yaku="8,1" doraHai="62" who="0" fromWho="3" sc="230,23,120,0,270,0,370,-13" /><INIT seed="3,0,0,3,5,35" ten="253,120,270,357" oya="3" hai0="103,27,124,28,81,119,123,34,29,62,78,19,43" hai1="100,7,46,89,92,83,54,26,53,70,109,132,116" hai2="51,38,12,131,80,30,82,128,120,93,60,31,102" hai3="41,129,105,112,90,25,11,66,42,2,135,115,104"/><W77/><G77/><T125/><D123/><U69/><E109/><V59/><F38/><W122/><G122/><T133/><D119/><U87/><E132/><V68/><F68/><W47/><G66/><T88/><D133/><U126/><E116/><V52/><F12/><W48/><G135/><T118/><D118/><U86/><E126/><N who="0" m="48745" /><D103/><U79/><E7/><V4/><F4/><W3/><G129/><N who="2" m="49737" /><F51/><W14/><G25/><T37/><D29/><N who="2" m="10762" /><F120/><W32/><G32/><T108/><D108/><U75/><E26/><V101/><F93/><W72/><G14/><T134/><D134/><U67/><E100/><AGARI ba="0,0" hai="52,59,60,80,82,100,101,102" m="10762,49737" machi="100" ten="30,2000,0" yaku="19,1,54,1" doraHai="35" who="2" fromWho="1" sc="253,0,120,-20,270,20,357,0" owari="253,-14.7,100,-40.0,290,9.0,357,45.7" /></mjloggm>