<mjloggm ver="2.3"><GO type="225" lobby="0"/><UN n0="%4C%4F%4C%49%54%41" n1="%E3%80%93%E3%81%97%E3%83%BC%E3%82%89%E3%80%93" n2="%E6%B4%BE%E9%81%A3%E3%81%AE%E3%82%B8%E3%83%A3%E3%83%83%E3%82%AF" n3="%E6%A1%9C%E8%8A%B1%E9%96%83%E3%80%85" dan="16,16,17,16" rate="2135.61,2206.36,2191.56,2110.70" sx="F,M,M,M"/><TAIKYOKU oya="0"/><INIT seed="0,0,0,0,1,132" ten="250,250,250,250" oya="0" hai0="46,74,122,51,6,4,25,95,54,22,38,126,15" hai1="17,104,10,128,134,27,79,97,93,14,135,118,110" hai2="1,21,125,115,69,64,86,106,113,3,49,12,82" hai3="61,87,44,77,62,26,83,70,20,65,19,50,8"/><T30/><D122/><U129/><E104/><V11/><F106/><W53/><G70/><T71/><D74/><U39/><E39/><V103/><F103/><W16/><REACH who="3" step="1"/><G65/><REACH who="3" ten="250,250,250,240" step="2"/><T45/><D71/><U109/><E118/><V96/><F64/><W37/><G37/><T57/><D38/><U120/><E120/><V23/><F69/><W99/><G99/><T67/><D67/><U114/><E114/><V94/><F113/><W0/><G0/><T131/><D131/><U55/><E134/><V68/><F68/><W98/><G98/><T28/><D57/><U48/><E135/><V18/><F115/><W78/><G78/><T52/><D46/><N who="1" m="28055" /><E79/><V80/><F1/><W41/><G41/><T2/><D45/><U60/><E128/><V85/><F3/><W29/><G29/><T90/><D28/><U63/><E129/><V24/><F96/><W127/><G127/><T133/><D126/><U32/><E110/><V35/><F125/><W73/><G73/><T89/><D2/><U9/><E109/><V102/><F85/><W91/><G91/><T124/><D124/><U58/><E58/><V76/><F76/><W100/><G100/><T111/><D111/><U42/><E42/><V13/><F102/><W116/><G116/><T40/><D133/><U36/><E36/><V47/><F47/><W33/><G33/><T81/><D40/><U130/><E130/><V72/><F35/><W31/><G31/><T88/><D30/><N who="1" m="19551" /><E9/><V108/><F108/><W107/><G107/><T75/><D75/><U112/><E112/><V123/><F72/><W117/><G117/><RYUUKYOKU ba="0,1" sc="250,-15,250,15,250,-15,240,15" hai1="10,14,17,60,63,93,97" hai3="8,16,19,20,26,44,50,53,61,62,77,83,87" /><INIT seed="1,1,1,1,5,66" ten="235,265,235,255" oya="1" hai0="50,129,117,103,54,130,135,10,18,40,11,46,110" hai1="104,1,24,115,99,89,27,123,95,48,112,96,68" hai2="116,42,59,134,28,107,3,34,81,25,121,132,2" hai3="4,5,92,22,128,72,87,100,29,85,91,64,53"/><U56/><E1/><V98/><F116/><W30/><G72/><T60/><D117/><U93/><E104/><V39/><F121/><W31/><G128/><N who="0" m="49259" /><D110/><U20/><E123/><V65/><F81/><W114/><G114/><T71/><D135/><N who="2" m="51754" /><F59/><W16/><G64/><N who="0" m="41351" /><D103/><U113/><E68/><V62/><F98/><N who="3" m="59463" /><G53/><T17/><D54/><U44/><E56/><N who="2" m="37063" /><F107/><W97/><G97/><T23/><D17/><U119/><E119/><V105/><F105/><W94/><G87/><T14/><AGARI ba="1,1" hai="10,11,14,18,23,40,46,50" m="41351,49259" machi="14" ten="30,2000,0" yaku="19,1,52,1" doraHai="66" who="0" fromWho="0" sc="235,33,265,-11,235,-6,255,-6" /><INIT seed="2,0,0,1,1,46" ten="268,254,229,249" oya="2" hai0="94,48,87,19,96,50,79,39,42,64,41,99,60" hai1="129,8,55,118,32,115,130,68,73,112,74,121,25" hai2="62,61,54,6,78,28,123,128,63,127,88,116,1" hai3="13,17,29,90,105,67,12,103,113,34,26,44,84"/><V98/><F123/><W82/><G113/><N who="1" m="43594" /><E68/><V66/><F116/><W131/><G131/><N who="1" m="50186" /><E118/><V114/><F114/><W27/><G67/><T107/><D39/><U33/><E121/><V70/><F128/><W95/><G105/><T77/><D107/><U18/><E55/><V43/><F43/><W10/><G44/><T135/><D135/><U89/><E89/><V23/><F78/><W65/><G65/><T75/><D75/><N who="1" m="28683" /><E25/><V91/><F91/><W24/><G103/><T86/><D64/><U37/><E37/><V120/><F120/><W53/><G53/><T106/><D106/><U92/><E92/><V69/><F69/><W21/><REACH who="3" step="1"/><G95/><REACH who="3" ten="268,254,229,239" step="2"/><T14/><D94/><U58/><E58/><V93/><F66/><W22/><G22/><T35/><D41/><U80/><E33/><V72/><F70/><W101/><G101/><T124/><D42/><U56/><E32/><V59/><F127/><W15/><G15/><T9/><D35/><U122/><E56/><V2/><F2/><W49/><G49/><T47/><D124/><U125/><E125/><V16/><F1/><W71/><G71/><T126/><D126/><U102/><E102/><V4/><F54/><W117/><G117/><T97/><D60/><U3/><E122/><V132/><F59/><W40/><G40/><N who="0" m="24679" /><D50/><U76/><E3/><V108/><F63/><W38/><G38/><T5/><D14/><U85/><E8/><V111/><F62/><W36/><G36/><T83/><D9/><U0/><E0/><V51/><F61/><W11/><G11/><T57/><D57/><U81/><E81/><RYUUKYOKU ba="0,1" sc="268,-15,254,15,229,-15,239,15" hai1="18,76,80,85" hai3="10,12,13,17,21,24,26,27,29,34,82,84,90" /><INIT seed="3,1,1,4,2,23" ten="253,269,214,254" oya="3" hai0="105,47,110,108,77,33,78,76,49,130,72,24,9" hai1="60,58,31,61,34,100,41,119,86,53,109,45,13" hai2="90,69,50,26,44,125,87,133,15,8,63,12,74" hai3="127,18,56,126,30,83,28,97,107,132,112,37,114"/><W17/><G37/><T48/><D105/><U0/><E0/><V35/><F74/><W3/><G3/><T106/><D106/><U82/><E109/><N who="0" m="42089" /><D130/><U116/><E100/><V20/><F35/><W27/><G83/><N who="0" m="45447" /><D9/><U14/><E60/><V92/><F125/><N who="3" m="47627" /><G56/><T59/><D59/><U71/><E71/><V84/><F133/><W89/><G30/><N who="0" m="19655" /><D49/><N who="1" m="26799" /><E31/><N who="2" m="17863" /><F69/><W43/><G132/><T7/><D7/><U64/><E34/><V81/><F63/><W55/><G107/><T96/><D96/><U85/><E64/><V124/><F124/><W117/><G97/><T111/><N who="0" m="42097" /><T103/><DORA hai="21" /><D103/><U2/><E2/><V73/><F73/><W51/><G51/><T123/><D123/><U65/><E65/><V131/><F131/><W32/><G32/><T39/><D39/><U1/><E1/><V94/><F8/><W98/><G98/><T5/><D5/><U4/><E4/><V57/><F57/><W80/><G28/><T102/><D102/><U134/><E134/><V99/><F99/><W93/><G17/><T36/><D36/><U52/><E58/><V19/><F19/><W25/><G18/><T101/><D101/><U128/><E128/><V79/><F92/><W46/><G93/><T91/><D91/><U88/><E88/><N who="2" m="53535" /><F79/><W67/><G67/><T120/><D120/><U113/><E119/><V95/><F95/><W129/><G117/><T135/><D135/><U29/><E116/><V54/><AGARI ba="1,1" hai="12,15,44,50,54,81,84,90" m="53535,17863" machi="54" ten="30,7900,0" yaku="8,1,52,2,54,1" doraHai="23,21" who="2" fromWho="2" sc="253,-21,269,-21,214,92,254,-40" owari="232,-16.8,248,4.8,306,40.6,214,-28.6" /></mjloggm>