<mjloggm ver="2.3"><GO type="225" lobby="0"/><UN n0="%E6%9C%88%E5%A4%9C%E3%81%AB%E9%A2%A8" n1="%70%68%65%6E%6F%6D%65" n2="%E9%A6%AC%E5%BC%95%E7%81%AB%33" n3="%E3%83%A9%E3%83%BC%E3%83%A1%E3%83%B3%E4%BA%94%E9%83%8E" dan="16,16,16,16" rate="2077.70,2182.73,2146.68,2099.74" sx="M,M,M,M"/><TAIKYOKU oya="0"/><INIT seed="0,0,0,5,4,42" ten="250,250,250,250" oya="0" hai0="100,133,41,32,21,70,110,6,95,46,101,49,82" hai1="27,29,43,22,90,125,9,48,2,68,130,122,119" hai2="75,99,135,55,114,4,96,108,103,17,54,15,79" hai3="23,30,127,33,20,65,63,72,112,81,16,40,14"/><T67/><D32/><U131/><E119/><V26/><F114/><W28/><G112/><T89/><D133/><U44/><E122/><V19/><F135/><W8/><G127/><T3/><D82/><U73/><E125/><V10/><F108/><W115/><G115/><T117/><D117/><U34/><E68/><V80/><F99/><W76/><G40/><T11/><D110/><U104/><E104/><V0/><F26/><W25/><REACH who="3" step="1"/><G30/><REACH who="3" ten="250,250,250,240" step="2"/><T126/><D126/><U38/><E38/><V51/><F55/><W107/><G107/><T85/><REACH who="0" step="1"/><D21/><REACH who="0" ten="240,250,250,240" step="2"/><U47/><E22/><V71/><F80/><W36/><G36/><T116/><D116/><U37/><E130/><V50/><F75/><W83/><G83/><T91/><D91/><U62/><E90/><V39/><F39/><W109/><G109/><T1/><D1/><U18/><E131/><V102/><F0/><W56/><AGARI ba="0,2" hai="8,14,16,20,23,25,28,33,56,63,65,72,76,81" machi="56" ten="20,5200,0" yaku="1,1,0,1,7,1,54,1,53,0" doraHai="42" doraHaiUra="128" who="3" fromWho="3" sc="240,-26,250,-13,250,-13,240,72" /><INIT seed="1,0,0,1,2,101" ten="214,237,237,312" oya="1" hai0="69,71,0,67,65,131,49,39,3,61,8,52,91" hai1="115,40,86,94,56,15,130,79,17,75,11,51,31" hai2="1,98,62,77,54,124,132,47,107,110,48,6,19" hai3="55,66,14,5,27,45,105,118,4,22,111,135,34"/><U29/><E115/><V121/><F121/><W63/><G34/><T7/><D131/><U50/><E130/><V57/><F110/><W106/><G111/><T127/><D127/><U44/><E75/><V114/><F124/><W42/><G55/><T10/><D39/><U2/><E2/><V60/><F114/><W46/><G46/><T109/><D109/><U20/><E20/><V96/><F132/><W13/><G135/><T126/><D126/><U83/><REACH who="1" step="1"/><E94/><REACH who="1" ten="214,227,237,312" step="2"/><V88/><F1/><W89/><G22/><T92/><D8/><U122/><E122/><V74/><F74/><W125/><G125/><T25/><D0/><U76/><E76/><V128/><F77/><W117/><G117/><T72/><D72/><U32/><E32/><V12/><F128/><W81/><G118/><T23/><D92/><U24/><E24/><V70/><F12/><W99/><G27/><T41/><D23/><U90/><E90/><V28/><F88/><W119/><G89/><T129/><D25/><U33/><E33/><V123/><F123/><W80/><G119/><T59/><D129/><U82/><E82/><V58/><F107/><W68/><G81/><T64/><REACH who="0" step="1"/><D91/><REACH who="0" ten="204,227,237,312" step="2"/><U30/><E30/><V133/><F28/><W36/><G80/><T93/><D93/><U73/><E73/><V21/><F21/><W113/><G113/><T104/><D104/><U108/><E108/><V43/><F133/><W134/><G134/><T84/><D84/><U16/><E16/><V37/><F19/><W38/><G106/><T26/><D26/><U18/><E18/><V87/><F87/><RYUUKYOKU ba="0,2" sc="204,15,227,15,237,-15,312,-15" hai0="3,7,10,41,49,52,59,61,64,65,67,69,71" hai1="11,15,17,29,31,40,44,50,51,56,79,83,86" /><INIT seed="1,1,2,3,5,48" ten="219,242,222,297" oya="1" hai0="112,124,60,1,29,30,46,33,36,43,35,20,59" hai1="0,93,57,103,50,96,19,120,85,37,58,109,11" hai2="17,42,133,129,104,71,135,88,61,75,97,25,126" hai3="77,114,6,95,113,117,55,22,16,94,83,73,107"/><U108/><E120/><V130/><F75/><W111/><G107/><T26/><D112/><U69/><E37/><V31/><F42/><W76/><G76/><T5/><D124/><U72/><E72/><V24/><F126/><W27/><G111/><N who="1" m="42570" /><E69/><V110/><F110/><W128/><G128/><N who="2" m="49257" /><F17/><W86/><G117/><T74/><D74/><U70/><E70/><V106/><F106/><W8/><G55/><T28/><D5/><N who="1" m="1447" /><E19/><V40/><F40/><W116/><G116/><T87/><D1/><U14/><E14/><V134/><F31/><W56/><G73/><T105/><D105/><N who="1" m="63719" /><E50/><V7/><F7/><W68/><G68/><T34/><REACH who="0" step="1"/><D87/><REACH who="0" ten="209,242,222,297" step="2"/><U90/><AGARI ba="1,3" hai="57,58,85,90,93" m="63719,1447,42570" machi="90" ten="30,3000,0" yaku="14,1,10,1" doraHai="48" who="1" fromWho="1" sc="209,-11,242,63,222,-11,297,-11" /><INIT seed="1,2,0,2,1,81" ten="198,305,211,286" oya="1" hai0="88,62,59,104,15,83,126,79,85,123,61,1,94" hai1="78,23,107,71,103,108,73,120,16,19,91,116,105" hai2="125,3,56,18,20,98,111,52,75,97,124,43,6" hai3="8,119,57,14,76,82,31,63,93,54,40,26,102"/><U115/><E115/><V17/><F111/><W64/><G119/><T36/><D1/><U25/><E116/><V72/><F43/><W27/><G40/><T74/><D36/><U127/><E120/><V109/><F109/><W112/><G112/><T55/><D123/><U11/><E108/><V99/><F6/><W68/><G93/><T38/><D38/><U60/><E127/><N who="2" m="48715" /><F3/><W0/><G102/><T134/><D126/><U24/><E73/><N who="2" m="28235" /><F20/><W53/><G0/><T21/><D134/><U86/><E78/><V58/><F52/><W70/><G70/><T101/><D21/><U9/><E11/><V113/><F113/><W44/><G44/><T29/><D29/><U50/><E50/><V39/><F39/><W10/><G68/><T45/><D45/><U130/><E25/><N who="3" m="9226" /><G31/><T84/><D15/><U33/><E33/><V92/><F92/><W80/><G8/><T2/><D2/><U42/><E42/><V49/><F49/><W135/><G135/><T117/><D117/><U5/><E5/><V35/><F35/><W128/><G82/><T37/><D37/><U132/><E9/><V69/><F69/><W77/><G80/><T48/><REACH who="0" step="1"/><D74/><REACH who="0" ten="188,305,211,286" step="2"/><U121/><E132/><V22/><F22/><W106/><G14/><T28/><D28/><U133/><E133/><V122/><F122/><W30/><G30/><T114/><D114/><U46/><E121/><V65/><F65/><W7/><G64/><T13/><D13/><U67/><E23/><V96/><N who="2" m="24576" /><DORA hai="118" /><V95/><F95/><W34/><G34/><T32/><D32/><U131/><E67/><RYUUKYOKU ba="2,1" sc="188,15,305,-15,211,15,286,-15" hai0="48,55,59,61,62,79,83,84,85,88,94,101,104" hai2="17,18,56,58" /><INIT seed="2,3,1,0,2,34" ten="203,290,226,271" oya="2" hai0="36,133,18,13,25,97,128,86,122,129,110,42,131" hai1="29,2,74,123,3,23,102,114,73,45,37,126,9" hai2="109,46,101,35,6,69,117,71,105,115,66,63,67" hai3="121,103,113,98,30,104,83,33,15,78,50,75,118"/><V135/><F117/><W120/><G118/><T61/><D122/><U88/><E123/><V77/><F115/><W0/><G113/><T92/><D110/><U44/><E114/><V82/><F135/><W4/><G15/><T54/><D133/><U8/><E102/><V38/><F6/><W64/><G50/><T112/><D112/><U14/><E126/><V19/><F19/><W90/><G64/><T125/><D125/><U41/><E45/><V76/><F35/><W100/><G100/><N who="0" m="60455" /><D86/><U70/><E70/><V87/><F77/><W48/><G48/><T24/><D54/><U127/><E127/><V28/><F28/><W10/><G90/><T1/><D61/><U51/><E37/><V5/><F5/><W132/><G132/><T116/><D1/><U22/><E9/><V130/><F109/><W27/><AGARI ba="3,1" hai="0,4,10,27,30,33,75,78,83,98,103,104,120,121" machi="27" ten="30,7900,0" yaku="0,1,23,2,52,1" doraHai="34" who="3" fromWho="3" sc="203,-23,290,-23,226,-42,271,98" /><INIT seed="3,0,0,0,2,50" ten="180,267,184,369" oya="3" hai0="49,101,27,96,108,37,129,46,26,42,79,40,63" hai1="113,127,51,10,58,15,111,30,61,0,126,72,41" hai2="48,78,131,8,84,103,52,124,24,33,97,92,3" hai3="9,60,7,68,14,118,70,76,1,128,65,117,66"/><W11/><G128/><T105/><D129/><U110/><E0/><V2/><F131/><W18/><G76/><T34/><D108/><N who="1" m="41515" /><E72/><V4/><F124/><W74/><G74/><T112/><D112/><U54/><E30/><V104/><F2/><W130/><G130/><T125/><D125/><N who="1" m="47627" /><E113/><V88/><F78/><W98/><G98/><T75/><D34/><U13/><E10/><V20/><F33/><W85/><G85/><T62/><D40/><U135/><E135/><V86/><F86/><W6/><G6/><T82/><REACH who="0" step="1"/><D37/><REACH who="0" ten="170,267,184,369" step="2"/><U134/><E134/><V77/><F77/><W16/><G118/><T31/><D31/><U87/><E87/><V132/><F132/><W89/><G117/><T80/><D80/><U28/><E28/><V100/><F84/><W71/><G71/><T109/><D109/><U106/><E106/><V107/><F107/><W43/><G43/><T36/><D36/><U47/><AGARI ba="0,1" hai="13,15,41,47,51,54,58,61" m="47627,41515" machi="47" ten="40,5200,0" yaku="14,1,18,1,52,1" doraHai="50" who="1" fromWho="1" sc="170,-13,267,62,184,-13,369,-26" owari="157,-34.3,329,12.9,171,-22.9,343,44.3" /></mjloggm>