<mjloggm ver="2.3"><GO type="225" lobby="0"/><UN n0="%E3%83%96%E3%83%83%E3%83%91%E3%82%AA%E3%83%96%E3%83%81%E3%82%AD%E3%83%B3" n1="%E6%A1%9C%E8%8A%B1%E9%96%83%E3%80%85" n2="%E5%91%A8%E6%9D%B1" n3="%E3%83%B4%E3%83%A0%EF%BC%99%E3%81%A6" dan="16,16,16,16" rate="2208.78,2158.78,2164.27,2173.96" sx="M,M,M,M"/><TAIKYOKU oya="0"/><INIT seed="0,0,0,2,0,114" ten="250,250,250,250" oya="0" hai0="5,64,82,30,15,75,89,88,90,63,29,54,32" hai1="4,42,12,112,66,105,84,92,119,56,53,91,125" hai2="11,37,61,38,122,69,25,58,117,104,3,13,71" hai3="41,51,35,34,127,128,132,59,107,26,124,94,116"/><T2/><D2/><U81/><E112/><V22/><F104/><W7/><G107/><T10/><D32/><U67/><E105/><V20/><F122/><W55/><G132/><T8/><D54/><U101/><E125/><N who="3" m="48202" /><G128/><T40/><D40/><U78/><E119/><V47/><F3/><W21/><G7/><T103/><D103/><U57/><E101/><V45/><F117/><W31/><G116/><T97/><D97/><N who="1" m="57503" /><E42/><V79/><F79/><W50/><G94/><T60/><D10/><N who="1" m="4167" /><E56/><V62/><F58/><W14/><G14/><T68/><REACH who="0" step="1"/><D63/><AGARI ba="0,0" hai="53,57,63,66,67,78,81,84" m="4167,57503" machi="63" ten="30,1000,0" yaku="8,1" doraHai="114" who="1" fromWho="0" sc="250,-10,250,10,250,0,250,0" /><INIT seed="1,0,0,2,0,22" ten="240,260,250,250" oya="1" hai0="90,63,42,27,68,88,65,59,60,92,2,31,94" hai1="98,4,5,135,25,120,97,89,69,100,110,114,82" hai2="45,30,23,15,51,122,34,123,127,50,36,133,118" hai3="103,74,106,62,39,19,128,134,86,78,91,43,0"/><U125/><E114/><V40/><F118/><W1/><G134/><T105/><D105/><U116/><E116/><V85/><F133/><W131/><G62/><T57/><D2/><U41/><E135/><V87/><F127/><W75/><G43/><T58/><D42/><U53/><E120/><V72/><F72/><W76/><G39/><T54/><D92/><N who="1" m="58439" /><E69/><V26/><F122/><W126/><G19/><T9/><D9/><U7/><E41/><V81/><F123/><W17/><G17/><T20/><REACH who="0" step="1"/><D90/><REACH who="0" ten="230,260,250,250" step="2"/><U121/><E121/><V71/><F40/><W48/><G91/><T113/><D113/><U14/><E125/><V11/><F36/><W16/><G126/><T3/><D3/><U8/><E82/><V77/><F11/><W35/><G106/><T6/><D6/><U44/><E4/><V24/><F81/><W55/><G0/><T93/><D93/><N who="1" m="56495" /><E5/><V49/><F77/><W32/><G1/><T13/><D13/><U64/><E14/><V12/><F12/><W70/><G76/><T95/><D95/><U132/><E8/><V80/><F15/><W83/><G78/><T73/><D73/><U111/><E7/><V129/><F80/><W52/><G75/><T104/><D104/><U84/><E132/><V115/><F115/><W124/><G74/><T10/><D10/><U33/><E110/><V99/><F129/><W29/><G83/><T109/><D109/><U117/><E111/><V102/><F102/><W119/><G124/><T96/><AGARI ba="0,1" hai="20,27,31,54,57,58,59,60,63,65,68,88,94,96" machi="96" ten="20,8000,1" yaku="1,1,0,1,7,1,52,1,54,1,53,0" doraHai="22" doraHaiUra="108" who="0" fromWho="0" sc="230,90,260,-40,250,-20,250,-20" /><INIT seed="2,0,0,2,3,6" ten="320,220,230,230" oya="2" hai0="126,50,84,29,21,127,37,13,106,113,83,122,82" hai1="27,40,76,117,78,5,45,19,88,99,12,116,71" hai2="66,91,87,115,7,125,119,56,128,10,30,72,51" hai3="49,131,114,53,44,55,18,110,107,133,38,28,8"/><V31/><F115/><W81/><G107/><T105/><D122/><U103/><E71/><V93/><F119/><W35/><G114/><T75/><D37/><U48/><E116/><V121/><F121/><W47/><G110/><T69/><D113/><U25/><E5/><V3/><F72/><W33/><G133/><T85/><D69/><U89/><E117/><V9/><F128/><W80/><G131/><T59/><D75/><U43/><E43/><V64/><F125/><N who="0" m="47626" /><D50/><U68/><E68/><V61/><F66/><W130/><G130/><T95/><D59/><U16/><E19/><V1/><F51/><W120/><G120/><T86/><D95/><N who="1" m="58879" /><E27/><V2/><REACH who="2" step="1"/><F7/><REACH who="2" ten="320,220,220,230" step="2"/><W39/><G49/><T60/><D60/><U118/><E118/><V42/><F42/><W79/><G38/><T22/><D85/><U77/><E25/><V96/><F96/><W132/><G39/><T11/><D86/><U34/><E34/><V57/><F57/><W73/><G35/><T26/><D84/><U109/><E109/><V90/><F90/><W0/><G33/><T46/><D26/><U32/><E32/><V111/><F111/><W135/><G73/><T14/><D46/><U41/><E41/><V74/><F74/><W54/><G47/><T20/><D29/><AGARI ba="0,1" hai="1,2,3,9,10,29,30,31,56,61,64,87,91,93" machi="29" ten="40,7700,0" yaku="1,1,52,2,53,0" doraHai="6" doraHaiUra="92" who="2" fromWho="0" sc="320,-77,220,0,220,87,230,0" /><INIT seed="2,1,0,3,4,133" ten="243,220,307,230" oya="2" hai0="126,116,77,62,37,65,96,131,71,81,106,84,39" hai1="18,3,86,107,2,134,112,130,29,42,69,83,125" hai2="34,61,27,56,87,8,40,68,16,20,102,117,53" hai3="7,80,28,55,128,95,48,1,113,13,115,132,93"/><V46/><F117/><W17/><G28/><T41/><D131/><U104/><E112/><N who="3" m="43082" /><G128/><T57/><D116/><U75/><E130/><V11/><F102/><W54/><G132/><T100/><D41/><U45/><E134/><V25/><F68/><W88/><G7/><T72/><D57/><U73/><E18/><V114/><F114/><W52/><G1/><N who="1" m="10" /><E86/><V122/><F122/><W108/><G108/><T33/><D126/><U47/><E125/><V14/><F87/><N who="3" m="50279" /><G48/><T4/><D4/><U51/><E51/><N who="2" m="27079" /><F34/><W22/><AGARI ba="1,0" hai="13,17,22,52,54,55,93,95" m="50279,43082" machi="22" ten="30,4000,0" yaku="11,1,54,2" doraHai="133" who="3" fromWho="3" sc="243,-11,220,-11,307,-21,230,43" /><INIT seed="3,0,0,2,0,22" ten="232,209,286,273" oya="3" hai0="34,116,51,135,26,121,67,90,5,78,118,77,94" hai1="53,39,79,48,27,131,23,80,115,84,105,93,19" hai2="46,108,113,29,104,120,30,122,59,82,134,65,125" hai3="0,70,42,124,132,20,100,4,99,66,69,11,15"/><W24/><G124/><T8/><D121/><N who="2" m="46698" /><F104/><W56/><G42/><T110/><D110/><U75/><E115/><V74/><F113/><W45/><G45/><T40/><D135/><U71/><E39/><V86/><F74/><W32/><G132/><T9/><D67/><U101/><E131/><V92/><F134/><W102/><G102/><T31/><D9/><U97/><E71/><V36/><F92/><N who="3" m="58471" /><G32/><T61/><D61/><U76/><E76/><N who="2" m="46407" /><F108/><W117/><G0/><T21/><D34/><U13/><E13/><V91/><F91/><W57/><G57/><T96/><D118/><U41/><E41/><N who="2" m="22823" /><F125/><W119/><G69/><T35/><D35/><U89/><E53/><V6/><F6/><W127/><G70/><T37/><D37/><U81/><REACH who="1" step="1"/><E48/><REACH who="1" ten="232,199,286,273" step="2"/><V18/><F65/><W55/><G55/><T64/><D116/><U3/><E3/><V14/><F59/><W28/><G127/><T112/><D64/><U68/><E68/><V73/><F73/><W85/><G117/><T2/><REACH who="0" step="1"/><D112/><REACH who="0" ten="222,199,286,273" step="2"/><U88/><E88/><V25/><F25/><W54/><G119/><T38/><D38/><U129/><E129/><V107/><F107/><AGARI ba="0,2" hai="19,23,27,75,79,80,81,84,89,93,97,101,105,107" machi="107" ten="40,5200,0" yaku="1,1,52,1,53,1" doraHai="22" doraHaiUra="72" who="1" fromWho="2" sc="222,0,199,72,286,-52,273,0" /><INIT seed="4,0,0,2,3,1" ten="222,271,234,273" oya="0" hai0="122,27,47,31,131,126,85,44,130,100,75,88,133" hai1="125,22,34,39,18,36,3,111,0,9,112,97,43" hai2="115,124,24,92,84,81,129,120,61,102,10,108,52" hai3="4,46,96,98,107,17,6,123,60,48,32,86,74"/><T99/><D122/><U7/><E111/><V23/><F108/><W50/><G74/><T13/><D75/><U8/><E34/><V65/><F120/><W29/><G32/><T57/><D126/><U68/><E125/><V134/><F124/><W89/><G29/><T83/><D133/><U87/><E68/><V105/><F134/><W19/><G60/><T56/><D13/><U79/><E97/><N who="3" m="37482" /><G107/><T73/><D73/><U113/><E87/><V25/><F105/><W54/><G123/><T16/><D57/><U128/><E79/><N who="2" m="46143" /><F129/><N who="0" m="49162" /><D56/><U37/><E128/><V42/><F115/><N who="1" m="44105" /><E43/><V70/><F42/><W77/><G77/><T117/><D117/><U30/><E30/><V11/><F70/><W12/><G48/><T78/><D78/><U33/><E33/><V14/><F102/><W58/><G58/><T67/><D67/><U101/><E101/><V38/><F65/><W64/><G64/><T5/><D5/><N who="3" m="2153" /><G12/><T109/><D109/><U103/><E103/><V21/><F14/><W49/><G49/><T76/><D76/><U72/><E72/><V40/><F10/><N who="1" m="4201" /><E7/><V55/><F11/><W69/><G69/><T45/><D31/><U114/><N who="1" m="44113" /><U127/><DORA hai="110" /><E127/><V135/><F135/><W106/><G106/><N who="0" m="63775" /><D16/><U93/><E18/><V116/><F116/><W28/><G28/><T95/><D27/><U80/><E0/><V119/><F119/><W62/><G62/><T118/><D118/><U53/><E3/><V2/><F2/><W63/><G63/><T51/><D51/><U104/><E104/><V91/><F61/><W82/><AGARI ba="0,0" hai="17,19,46,50,54,82,86,89" m="2153,37482" machi="82" ten="30,8000,1" yaku="5,1,8,1,52,3" doraHai="1,110" who="3" fromWho="3" sc="222,-40,271,-20,234,-20,273,80" owari="182,-31.8,251,5.1,214,-18.6,353,45.3" /></mjloggm>