<mjloggm ver="2.3"><GO type="225" lobby="0"/><UN n0="%E7%99%BD%E5%80%89%E5%AF%9B%E4%B9%8B" n1="%E3%83%96%E3%83%83%E3%83%91%E3%82%AA%E3%83%96%E3%83%81%E3%82%AD%E3%83%B3" n2="%E3%81%8B%E3%82%8F%E3%81%A1%E3%82%83%E3%82%93%35%38" n3="%6C%65%74%69%74%62%65" dan="16,16,16,16" rate="2129.08,2035.18,2187.58,2120.23" sx="M,M,M,M"/><TAIKYOKU oya="0"/><INIT seed="0,0,0,3,1,79" ten="250,250,250,250" oya="0" hai0="23,5,11,19,7,25,58,99,15,125,4,107,44" hai1="117,65,51,20,108,63,55,22,18,74,35,115,76" hai2="104,91,109,52,56,128,53,75,131,123,9,133,94" hai3="42,98,127,61,62,30,134,73,38,103,48,93,59"/><T21/><D125/><U112/><E117/><V132/><F104/><W17/><G134/><N who="2" m="51817" /><F123/><W60/><G73/><T82/><D107/><U69/><E35/><V86/><F109/><W129/><G127/><T6/><D99/><U49/><E108/><V87/><F75/><W33/><G129/><N who="2" m="49737" /><F9/><W54/><G17/><T26/><D58/><U39/><E39/><V96/><F53/><W92/><G38/><T36/><D36/><U32/><E32/><V83/><F83/><W50/><G50/><AGARI ba="0,0" hai="50,52,56,86,87,91,94,96" m="49737,51817" machi="50" ten="30,3900,0" yaku="20,1,19,1,54,1" doraHai="79" who="2" fromWho="3" sc="250,0,250,0,250,39,250,-39" /><INIT seed="1,0,0,3,2,62" ten="250,250,289,211" oya="1" hai0="50,43,7,17,38,57,20,132,106,2,13,46,118" hai1="129,33,35,84,117,100,126,122,6,61,97,67,19" hai2="45,99,31,30,123,12,60,9,87,29,124,102,23" hai3="112,71,4,36,88,72,42,131,32,93,91,103,15"/><U86/><E122/><V111/><F111/><W105/><G112/><T120/><D106/><U47/><E117/><V134/><F123/><W70/><G72/><T8/><D120/><U18/><E6/><V10/><F134/><W59/><G32/><T90/><D132/><U44/><E129/><V58/><F124/><W78/><G78/><T94/><D118/><U133/><E133/><V34/><F34/><W128/><G105/><T48/><REACH who="0" step="1"/><D57/><REACH who="0" ten="240,250,289,211" step="2"/><U109/><E126/><V82/><F45/><N who="3" m="23751" /><G59/><T28/><D28/><U113/><E47/><V21/><F30/><W41/><G70/><T92/><D92/><U53/><E44/><V39/><F31/><W127/><G71/><T76/><D76/><U89/><E113/><V3/><F29/><W24/><G127/><T69/><D69/><U26/><E35/><V95/><F58/><W83/><G93/><T22/><D22/><U75/><E33/><V14/><F21/><W5/><G128/><T81/><D81/><U73/><E109/><V116/><F23/><W130/><G83/><T74/><D74/><U49/><E75/><V65/><F116/><W52/><G130/><T25/><D25/><U66/><E73/><V63/><F82/><W101/><G24/><T125/><D125/><U108/><E26/><V119/><F95/><W0/><G131/><T135/><D135/><U85/><E108/><V37/><F119/><W96/><G101/><T104/><D104/><U16/><E100/><V27/><F102/><W77/><G77/><T51/><D51/><U110/><E110/><V40/><F27/><W79/><G103/><RYUUKYOKU ba="0,1" sc="240,30,250,-10,289,-10,211,-10" hai0="2,7,8,13,17,20,38,43,46,48,50,90,94" /><INIT seed="2,1,1,1,0,43" ten="270,240,279,201" oya="2" hai0="84,55,72,42,83,77,101,65,3,88,67,81,53" hai1="87,64,92,58,98,60,9,47,109,116,133,128,26" hai2="63,1,119,89,51,78,48,46,91,86,115,4,8" hai3="75,19,20,25,126,97,66,69,99,34,129,73,23"/><V32/><F115/><W10/><G34/><T79/><D3/><U90/><E109/><V17/><F119/><W50/><G129/><T120/><D120/><U44/><E128/><V27/><F78/><N who="0" m="29706" /><D72/><U124/><E133/><V12/><F63/><W135/><G135/><T107/><D107/><U121/><E124/><V96/><F96/><W41/><G10/><T70/><D70/><U93/><E116/><V15/><F1/><W31/><G73/><T127/><D101/><U130/><E130/><V131/><F131/><W108/><G75/><T18/><D127/><U38/><E121/><V22/><F32/><W105/><G108/><T95/><D42/><U85/><E38/><V118/><F118/><W112/><G105/><T14/><D65/><U45/><E9/><N who="2" m="4135" /><F86/><W134/><G112/><T30/><D30/><U56/><E93/><V68/><F51/><W21/><G134/><T39/><D67/><N who="1" m="39303" /><E26/><V0/><F68/><W6/><G126/><T102/><D39/><U111/><E111/><V123/><F0/><W33/><G69/><T11/><D102/><U49/><E64/><V36/><F36/><W54/><G66/><T16/><D18/><U122/><E122/><V2/><F2/><W71/><G71/><T37/><D37/><U57/><E49/><V35/><F35/><W29/><G29/><T40/><D40/><U132/><E132/><V52/><F123/><W114/><G114/><T125/><D125/><U82/><E87/><V100/><F100/><AGARI ba="1,1" hai="44,45,47,57,58,82,85,90,92,98,100" m="39303" machi="100" ten="30,7700,0" yaku="8,1,52,3" doraHai="43" who="1" fromWho="2" sc="270,0,240,90,279,-80,201,0" /><INIT seed="3,0,0,2,3,119" ten="270,330,199,201" oya="3" hai0="42,132,122,127,86,28,12,115,87,43,53,105,22" hai1="110,33,15,11,104,109,97,99,35,100,16,91,71" hai2="125,120,114,112,83,65,59,80,6,106,72,78,94" hai3="8,5,89,27,46,92,61,31,118,117,51,108,135"/><W19/><G135/><T14/><D105/><U38/><E38/><V96/><F6/><W95/><G108/><N who="1" m="41578" /><E71/><V128/><F65/><W85/><G61/><T4/><D86/><U30/><E30/><V113/><F59/><W52/><G19/><T26/><D53/><U90/><E99/><V45/><F45/><W58/><G92/><T40/><D14/><U3/><E3/><V64/><F64/><W101/><G101/><T63/><D22/><U62/><E62/><V44/><F44/><W68/><G46/><T69/><D4/><U67/><E67/><V7/><F7/><W17/><G68/><T98/><D26/><U50/><E50/><V66/><F66/><W111/><G17/><T24/><D87/><U79/><E79/><N who="2" m="44135" /><F128/><W82/><G111/><T107/><D43/><U29/><E29/><V134/><F134/><W126/><G95/><T55/><D12/><U47/><E47/><V76/><F125/><W133/><G126/><T121/><D127/><U56/><E56/><V75/><F120/><W60/><G60/><T123/><D122/><U57/><E57/><V88/><F78/><W36/><G36/><T18/><D123/><U81/><E81/><V9/><F106/><W25/><G133/><T23/><D132/><U2/><E2/><V70/><F70/><W41/><G41/><T103/><D18/><U102/><E35/><V129/><F129/><W39/><G39/><T49/><D121/><U10/><E33/><V48/><F48/><W13/><G25/><T84/><D24/><U0/><E16/><V21/><F21/><AGARI ba="0,0" hai="5,8,13,21,27,31,51,52,58,82,85,89,117,118" machi="21" ten="30,2900,0" yaku="7,1,54,1" doraHai="119" who="3" fromWho="2" sc="270,0,330,0,199,-29,201,29" /><INIT seed="3,1,0,0,0,69" ten="270,330,170,230" oya="3" hai0="39,98,33,5,43,125,1,81,94,45,87,123,90" hai1="88,116,25,118,4,91,58,128,13,23,50,133,30" hai2="3,64,77,93,134,115,107,127,36,0,86,15,78" hai3="56,41,102,29,73,97,9,40,110,22,131,79,6"/><W119/><G119/><N who="1" m="45610" /><E133/><V53/><F115/><W121/><G121/><T76/><D33/><U37/><E37/><V8/><F107/><W54/><G131/><T31/><D31/><U83/><E128/><V10/><F134/><W85/><G73/><N who="0" m="43151" /><D125/><U59/><E83/><V68/><F127/><W74/><G74/><T21/><D21/><U11/><E50/><V35/><F35/><W108/><G85/><T57/><D57/><AGARI ba="1,0" hai="4,11,13,23,25,30,57,58,59,88,91" m="45610" machi="57" ten="30,2000,0" yaku="12,1,54,1" doraHai="69" who="1" fromWho="0" sc="270,-23,330,23,170,0,230,0" owari="247,4.7,353,45.3,170,-33.0,230,-17.0" /></mjloggm>