<mjloggm ver="2.3"><GO type="225" lobby="0"/><UN n0="%E3%83%96%E3%83%83%E3%83%91%E3%82%AA%E3%83%96%E3%83%81%E3%82%AD%E3%83%B3" n1="%E3%83%81%E3%83%83%E3%82%BF%E3%82%BD%E3%83%BC" n2="%E6%98%93%E5%88%A9%E8%96%A9%E4%BC%AF" n3="%E3%81%95%E3%81%8D%E3%81%9F%E3%81%BE%E6%9E%97%E6%AA%8E" dan="17,16,17,16" rate="2215.74,2193.15,2116.34,2064.07" sx="M,F,F,M"/><TAIKYOKU oya="0"/><INIT seed="0,0,0,2,1,8" ten="250,250,250,250" oya="0" hai0="118,61,79,28,123,127,49,120,10,26,54,31,95" hai1="108,43,132,63,50,27,131,7,44,107,97,3,74" hai2="33,21,73,36,100,104,114,110,37,23,41,40,14" hai3="113,2,81,83,65,70,76,102,99,67,68,130,47"/><T119/><D127/><U16/><E108/><V92/><F33/><W52/><G113/><T58/><D79/><U60/><E131/><V115/><F104/><W32/><G32/><T22/><D31/><U117/><E132/><V128/><F73/><W109/><G2/><T59/><D95/><U45/><E74/><V19/><F110/><W80/><G109/><T133/><D133/><U57/><E117/><V98/><F128/><W64/><G76/><T135/><D135/><U85/><E85/><V20/><F37/><W116/><G116/><T89/><D89/><U56/><E7/><V0/><F0/><W125/><G125/><T103/><D103/><U35/><E3/><V25/><F23/><W91/><G91/><T34/><D34/><U9/><E35/><V12/><F36/><W112/><G112/><T105/><D105/><U15/><E27/><N who="2" m="14751" /><F115/><W46/><G130/><T126/><D126/><U111/><E111/><V48/><F114/><W82/><N who="3" m="20480" /><DORA hai="42" /><W5/><G5/><T77/><D77/><U53/><E107/><V69/><F69/><W121/><G121/><T101/><D101/><U129/><E129/><V94/><F94/><N who="3" m="58743" /><G52/><N who="0" m="32015" /><D10/><U87/><E97/><V13/><F48/><W38/><G38/><T106/><D106/><U96/><E96/><V71/><F71/><W55/><G55/><T90/><D90/><U4/><E87/><V93/><F93/><W62/><G70/><T75/><D75/><U51/><E4/><V6/><F6/><W124/><G124/><T134/><D134/><U84/><E84/><V11/><F11/><W78/><G78/><RYUUKYOKU ba="0,0" sc="250,0,250,0,250,0,250,0" hai0="22,26,28,54,59,61,118,119,120,123" hai1="9,15,16,43,44,45,50,51,53,56,57,60,63" hai2="12,13,14,21,25,40,41,92,98,100" hai3="46,47,62,64,65,67,68" /><INIT seed="0,1,0,3,5,103" ten="250,250,250,250" oya="0" hai0="19,128,56,49,70,86,78,45,101,14,34,108,82" hai1="102,93,112,42,124,44,117,35,115,30,5,39,17" hai2="59,40,98,6,55,119,95,125,50,132,24,62,33" hai3="37,113,89,79,80,91,110,11,25,81,32,53,69"/><T100/><D70/><U90/><E117/><V67/><F119/><W72/><G113/><N who="1" m="43594" /><E124/><V26/><F125/><W109/><G69/><T68/><D68/><U8/><E17/><V60/><F132/><W38/><G53/><T73/><D34/><U122/><E102/><V99/><F6/><W61/><G61/><T51/><D128/><U10/><E122/><V84/><F40/><W43/><G11/><T16/><D108/><N who="3" m="41577" /><G43/><N who="0" m="24767" /><D73/><U63/><E63/><V21/><F33/><W75/><G32/><T129/><D129/><U130/><E130/><V20/><F84/><W2/><G2/><T105/><D105/><U9/><E30/><N who="2" m="17671" /><F95/><W0/><G0/><T121/><D121/><U23/><E35/><V46/><F62/><W107/><G107/><T29/><D29/><AGARI ba="1,0" hai="21,26,29,46,50,55,59,60,67,98,99" m="17671" machi="29" ten="30,1000,0" yaku="8,1" doraHai="103" who="2" fromWho="0" sc="250,-13,250,0,250,13,250,0" /><INIT seed="1,0,0,5,5,56" ten="237,250,263,250" oya="1" hai0="54,124,3,99,18,58,98,52,109,128,53,111,69" hai1="51,43,10,122,135,28,121,110,95,65,38,23,21" hai2="118,72,97,130,41,6,26,83,30,47,46,96,104" hai3="25,49,61,40,1,116,107,108,32,78,74,31,129"/><U8/><E38/><V112/><F130/><W115/><G115/><T94/><D69/><U101/><E135/><V50/><F118/><W59/><G116/><T68/><D68/><U16/><E110/><N who="0" m="41993" /><D128/><U20/><E28/><V92/><F112/><W33/><G108/><T102/><D124/><U34/><E34/><V71/><F71/><W63/><G129/><T11/><D99/><N who="1" m="59647" /><E121/><V22/><F6/><W93/><G107/><T117/><D117/><U57/><E122/><V73/><F83/><W132/><G132/><T123/><D123/><U81/><E81/><V70/><F70/><W90/><G1/><T66/><D3/><U114/><E114/><V39/><F97/><W77/><G33/><T35/><D35/><U79/><E79/><N who="3" m="30218" /><G74/><T13/><D66/><U48/><E43/><V87/><F87/><N who="3" m="52447" /><G40/><T62/><AGARI ba="0,0" hai="11,13,18,52,53,54,58,62,94,98,102" m="41993" machi="62" ten="30,4000,0" yaku="14,1,52,1,54,1" doraHai="56" who="0" fromWho="0" sc="237,40,250,-20,263,-10,250,-10" /><INIT seed="2,0,0,2,3,128" ten="277,230,253,240" oya="2" hai0="119,96,9,91,17,101,124,24,68,129,85,112,2" hai1="83,132,127,90,87,117,121,105,118,109,14,0,131" hai2="102,65,64,86,116,48,75,70,43,20,71,5,99" hai3="12,23,103,25,13,10,45,76,54,18,100,95,89"/><V41/><F75/><W4/><G76/><T107/><D112/><U61/><E0/><V59/><F5/><W111/><G111/><T49/><D129/><U27/><E27/><V66/><F86/><W62/><G13/><T44/><D124/><U126/><E14/><V104/><F20/><W114/><G114/><T67/><D119/><N who="1" m="45579" /><E61/><V50/><F116/><W39/><G39/><T81/><D2/><U46/><E46/><V69/><REACH who="2" step="1"/><F59/><REACH who="2" ten="277,230,243,240" step="2"/><N who="3" m="35191" /><G45/><T122/><D85/><AGARI ba="0,1" hai="4,10,12,18,23,25,85,89,95,100,103" m="35191" machi="85" ten="30,1000,0" yaku="8,1" doraHai="128" who="3" fromWho="0" sc="277,-10,230,0,243,0,240,20" /><INIT seed="3,0,0,2,4,72" ten="267,230,243,260" oya="3" hai0="95,69,105,31,10,42,112,106,26,131,104,129,59" hai1="64,107,19,114,89,32,28,35,22,113,44,33,120" hai2="52,46,90,16,119,8,115,15,4,117,23,126,65" hai3="99,111,123,67,11,78,124,73,88,1,57,83,49"/><W110/><G123/><T77/><D69/><U135/><E107/><V76/><F115/><N who="1" m="44041" /><E89/><V63/><F126/><W133/><G133/><T68/><D68/><U6/><E64/><V86/><F76/><W20/><G124/><T102/><D112/><U109/><E44/><V92/><F46/><W2/><G20/><T54/><D42/><U85/><E85/><V128/><F128/><N who="0" m="49226" /><D95/><U0/><E120/><V96/><F86/><W24/><G24/><T12/><D102/><U37/><E37/><V66/><F119/><W71/><G71/><T62/><D77/><U7/><E135/><V103/><F103/><W14/><G67/><T39/><D39/><U36/><E36/><V82/><F82/><W27/><G27/><T38/><D38/><U17/><E109/><N who="3" m="41482" /><G49/><T21/><D105/><U116/><E116/><V81/><F81/><W132/><G132/><T84/><D84/><U40/><E40/><V94/><F94/><N who="3" m="56775" /><G57/><T50/><D50/><U79/><E79/><V108/><F117/><W13/><G13/><T80/><D80/><U127/><E127/><V121/><F108/><W100/><G100/><T34/><D21/><U75/><E0/><V9/><F121/><W98/><G98/><T93/><D93/><U91/><E91/><V51/><F51/><W134/><G134/><T45/><D45/><U74/><E28/><V58/><F23/><W53/><G53/><T5/><AGARI ba="0,0" hai="5,10,12,26,31,34,54,59,62,104,106" m="49226" machi="5" ten="30,1100,0" yaku="19,1" doraHai="72" who="0" fromWho="0" sc="267,11,230,-3,243,-3,260,-5" /><INIT seed="4,0,0,2,4,40" ten="278,227,240,255" oya="0" hai0="110,10,5,20,100,127,122,31,53,42,47,120,63" hai1="15,105,59,61,18,52,66,106,131,60,111,67,33" hai2="56,41,112,83,123,55,43,48,49,44,87,119,22" hai3="45,28,69,54,81,97,34,77,80,25,117,24,125"/><T133/><D133/><U46/><E111/><V91/><F123/><W29/><G117/><T50/><D127/><U134/><E131/><V135/><F135/><W101/><G69/><T96/><D110/><U118/><E33/><V32/><F32/><W104/><G125/><T26/><D63/><U126/><E134/><V0/><F119/><W71/><G71/><T84/><D84/><U27/><E126/><V2/><F112/><W108/><G108/><T88/><D88/><U8/><E27/><V102/><F102/><W9/><G9/><T23/><D42/><U95/><E118/><V14/><F43/><W90/><G90/><T70/><D23/><U93/><E105/><V85/><F85/><W36/><G77/><T114/><D70/><U38/><E106/><V65/><F65/><W109/><G109/><T7/><D7/><U19/><E18/><V113/><F113/><W92/><G104/><T39/><D39/><U129/><E129/><V98/><F98/><W75/><G75/><T6/><D6/><U103/><E103/><V58/><F58/><W86/><G86/><T73/><D73/><U12/><E15/><V74/><F74/><W68/><G68/><T21/><D114/><U124/><E124/><V121/><F121/><W16/><G16/><T116/><D116/><U1/><E1/><V128/><F128/><W17/><G17/><T89/><D100/><U94/><E61/><V76/><F76/><W37/><G37/><T64/><D122/><U107/><E107/><V11/><F11/><W130/><G130/><T79/><D120/><U30/><E30/><RYUUKYOKU ba="0,0" sc="278,-15,227,15,240,15,255,-15" hai1="8,12,19,38,46,52,59,60,66,67,93,94,95" hai2="0,2,14,22,41,44,48,49,55,56,83,87,91" /><INIT seed="5,1,0,4,2,117" ten="263,242,255,240" oya="1" hai0="59,39,22,103,74,110,124,80,42,83,37,35,112" hai1="62,8,33,17,105,111,27,132,99,52,88,34,57" hai2="81,113,134,53,29,68,131,7,0,20,64,100,108" hai3="9,82,32,23,90,48,51,120,5,86,71,77,21"/><U125/><E132/><V130/><F108/><W2/><G71/><T55/><D35/><U87/><E125/><V45/><F100/><W121/><G32/><T61/><D110/><U98/><E111/><V60/><F113/><W58/><G77/><T72/><D103/><U91/><E33/><V79/><F7/><W66/><G51/><T114/><D124/><U93/><E105/><V95/><F0/><W19/><G23/><T126/><D126/><U16/><E99/><V118/><F95/><W119/><G119/><T85/><D80/><U89/><E8/><V44/><F118/><W15/><REACH who="3" step="1"/><G48/><REACH who="3" ten="263,242,255,230" step="2"/><T70/><D22/><N who="1" m="13767" /><E34/><V67/><F68/><W63/><AGARI ba="1,1" hai="2,5,9,15,19,21,58,63,66,82,86,90,120,121" machi="63" ten="30,7900,0" yaku="1,1,0,1,52,2,53,0" doraHai="117" doraHaiUra="65" who="3" fromWho="3" sc="263,-21,242,-40,255,-21,230,92" owari="242,4.2,202,-29.8,234,-16.6,322,42.2" /></mjloggm>