<mjloggm ver="2.3"><GO type="225" lobby="0"/><UN n0="%E5%A4%8F%E9%88%B4%E9%88%B4%E5%A4%8F" n1="%E5%91%A8%E6%9D%B1" n2="%E3%80%90%E8%92%BC%E7%90%89%E3%80%91" n3="%E3%82%AF%E3%82%A3%E3%82%A6" dan="16,17,16,16" rate="2124.68,2196.55,2154.33,2087.98" sx="F,M,F,M"/><TAIKYOKU oya="0"/><INIT seed="0,0,0,4,3,126" ten="250,250,250,250" oya="0" hai0="98,31,45,91,107,39,4,20,84,113,11,61,76" hai1="129,52,111,87,131,13,109,64,124,33,49,17,55" hai2="116,53,71,62,79,44,73,7,128,99,56,27,117" hai3="10,36,19,119,133,5,18,26,135,0,1,29,25"/><T54/><D113/><U58/><E33/><V130/><F71/><W125/><G36/><T114/><D76/><U9/><E124/><V74/><F7/><W69/><G69/><T12/><D114/><U100/><E100/><V43/><F99/><W24/><G119/><N who="2" m="45641" /><F27/><W38/><G38/><T78/><D78/><U104/><E104/><V82/><F73/><W16/><G125/><T80/><D39/><AGARI ba="0,0" hai="39,43,44,53,56,62,74,79,82,128,130" m="45641" machi="39" ten="30,3900,0" yaku="12,1,52,2" doraHai="126" who="2" fromWho="0" sc="250,-39,250,0,250,39,250,0" /><INIT seed="1,0,0,5,1,131" ten="211,250,289,250" oya="1" hai0="122,99,20,65,111,125,62,118,126,38,36,25,105" hai1="13,6,1,119,110,54,17,58,71,49,42,92,101" hai2="14,68,16,50,104,97,73,127,102,60,130,55,74" hai3="93,59,83,29,3,113,67,61,45,9,28,79,21"/><U123/><E71/><V26/><F130/><W109/><G113/><T129/><D118/><U124/><E119/><V128/><F127/><W75/><G109/><T30/><D129/><U121/><E124/><V2/><F2/><W90/><G45/><T94/><D122/><U24/><E110/><V5/><F128/><W77/><G77/><T10/><D111/><U57/><E42/><V107/><F107/><W22/><G22/><T8/><D105/><U133/><E1/><V19/><F60/><W115/><G115/><T51/><D126/><U91/><E101/><V52/><F68/><W96/><G3/><T35/><D125/><U44/><E24/><V81/><F81/><W56/><G9/><T53/><D35/><U64/><E6/><V85/><F85/><W72/><G72/><T88/><D38/><U98/><E44/><V103/><F102/><W41/><G41/><T69/><REACH who="0" step="1"/><D36/><REACH who="0" ten="201,250,289,250" step="2"/><U84/><E123/><V47/><F55/><W27/><REACH who="3" step="1"/><G29/><REACH who="3" ten="201,250,289,240" step="2"/><T106/><D106/><U80/><E121/><V39/><F39/><W11/><G11/><T31/><D31/><U100/><E64/><V86/><F104/><W87/><G87/><T135/><D135/><U32/><E133/><V108/><F86/><W18/><G18/><T95/><D95/><U132/><E132/><V4/><F19/><W34/><G34/><T112/><D112/><U33/><E33/><V43/><F108/><W0/><G0/><T66/><D66/><U117/><E32/><V116/><F16/><W76/><G76/><T46/><AGARI ba="0,2" hai="8,10,20,25,30,46,51,53,62,65,69,88,94,99" machi="46" ten="20,8000,1" yaku="1,1,0,1,7,1,54,1,53,1" doraHai="131" doraHaiUra="23" who="0" fromWho="0" sc="201,100,250,-40,289,-20,240,-20" /><INIT seed="2,0,0,1,2,132" ten="301,210,269,220" oya="2" hai0="68,52,82,17,65,21,5,103,31,71,134,88,95" hai1="2,116,16,96,91,62,133,125,106,38,29,32,15" hai2="0,117,94,25,26,51,74,30,102,69,79,47,86" hai3="18,92,97,110,131,50,111,13,58,60,70,108,34"/><V8/><F117/><W104/><G131/><T1/><D31/><U76/><E116/><V84/><F69/><W37/><G37/><T3/><D82/><U46/><E133/><V4/><F74/><W124/><G124/><T122/><D122/><U113/><E2/><V114/><F114/><W98/><G34/><T101/><D134/><U73/><E113/><V19/><F19/><W45/><G104/><T67/><D52/><U14/><E62/><V54/><F79/><W128/><G128/><T77/><D77/><U93/><E106/><V135/><F25/><W7/><G7/><T61/><D67/><U42/><E125/><V6/><F6/><W83/><G83/><T99/><D71/><U126/><E126/><V118/><F118/><W90/><G70/><T85/><D5/><U123/><E123/><V78/><F78/><W75/><G75/><T20/><D20/><U89/><E89/><V56/><F56/><W12/><G98/><T127/><D103/><U27/><E76/><V129/><F129/><W49/><G45/><T41/><D41/><U36/><E73/><V112/><F112/><W33/><G33/><T10/><D10/><U80/><E80/><V72/><F72/><W115/><G115/><T105/><REACH who="0" step="1"/><D127/><REACH who="0" ten="291,210,269,220" step="2"/><U53/><E53/><V87/><F135/><W44/><G18/><T40/><D40/><N who="1" m="22791" /><E16/><V121/><F121/><W39/><G39/><T119/><D119/><U130/><E130/><V28/><F102/><W107/><G107/><T11/><D11/><U55/><E55/><V81/><F28/><W22/><G22/><T120/><D120/><RYUUKYOKU ba="0,1" sc="291,15,210,15,269,-15,220,-15" hai0="1,3,17,21,61,65,68,85,88,95,99,101,105" hai1="14,15,27,29,32,38,42,91,93,96" /><INIT seed="3,1,1,2,3,53" ten="306,225,254,205" oya="3" hai0="34,99,87,77,28,64,105,46,73,3,93,54,2" hai1="131,106,62,116,75,61,23,8,128,35,133,45,121" hai2="37,126,0,71,82,4,41,120,29,119,47,112,33" hai3="100,125,38,102,83,27,42,59,20,9,6,113,24"/><W7/><G113/><T67/><D28/><U127/><E35/><V91/><F112/><W52/><G125/><T63/><D34/><U12/><E127/><V124/><F71/><W78/><G38/><T66/><D73/><U74/><E106/><V130/><F119/><W118/><G118/><T88/><D105/><U65/><E116/><V56/><F130/><N who="1" m="49705" /><E121/><V50/><F120/><W49/><G42/><T26/><D26/><N who="3" m="9769" /><G20/><T109/><D54/><U25/><E45/><V85/><F29/><W57/><G9/><T14/><D87/><U132/><E75/><V36/><F33/><W43/><G43/><T48/><D14/><U68/><E61/><V60/><F124/><W17/><G17/><T76/><D63/><U10/><E74/><V114/><F114/><W97/><G97/><T72/><D72/><U123/><E123/><V44/><F126/><W89/><G78/><T117/><D77/><U5/><E8/><V96/><F96/><W69/><G69/><T110/><D76/><U92/><E92/><V22/><F22/><W115/><G115/><T32/><D117/><U19/><AGARI ba="1,1" hai="5,10,12,19,23,25,62,65,68,132,133" m="49705" machi="19" ten="30,1100,0" yaku="19,1" doraHai="53" who="1" fromWho="1" sc="306,-4,225,24,254,-4,205,-6" owari="302,40.2,249,-15.1,250,5.0,199,-30.1" /></mjloggm>