<mjloggm ver="2.3"><GO type="225" lobby="0"/><UN n0="%50%65%74%65%72%50%61%6E" n1="%E6%81%A5%E6%99%92%E3%81%97" n2="%E5%8C%97%E6%AC%A7%E3%81%AE%E3%82%82%E3%81%93%E3%81%86" n3="%E3%80%90%E8%92%BC%E7%90%89%E3%80%91" dan="17,17,17,16" rate="2177.79,2145.61,2148.77,2140.53" sx="M,M,M,F"/><TAIKYOKU oya="0"/><INIT seed="0,0,0,1,1,46" ten="250,250,250,250" oya="0" hai0="81,121,10,119,91,132,4,94,86,61,29,13,84" hai1="116,7,20,22,44,31,65,64,68,74,72,73,110" hai2="75,69,117,5,21,24,27,0,98,67,124,33,37" hai3="26,6,54,51,135,97,59,52,87,96,34,92,127"/><T49/><D132/><U99/><E116/><V57/><F69/><W100/><G135/><T40/><D119/><U130/><E110/><V2/><F75/><W56/><G127/><T14/><D121/><U48/><E130/><V128/><F37/><W58/><G6/><T125/><D125/><U9/><E99/><V30/><F128/><W45/><G87/><T53/><D29/><U77/><E77/><V23/><F124/><W107/><G34/><T106/><D106/><U63/><E65/><V62/><F117/><W79/><G79/><T82/><D40/><U17/><E31/><V38/><F38/><W111/><G26/><T66/><D14/><U70/><E70/><V11/><F0/><W80/><G80/><T112/><D112/><U122/><E122/><V1/><F2/><W93/><G111/><T47/><REACH who="0" step="1"/><D86/><REACH who="0" ten="240,250,250,250" step="2"/><U131/><E131/><V39/><F24/><W19/><G107/><T115/><D115/><U8/><E72/><V90/><F39/><W101/><G19/><T120/><D120/><U134/><E134/><V35/><F35/><W36/><G36/><T50/><D50/><AGARI ba="0,1" hai="45,50,51,52,54,56,58,59,92,93,96,97,100,101" machi="50" ten="30,12000,2" yaku="7,1,9,1,8,1,52,2,54,1" doraHai="46" who="3" fromWho="0" sc="240,-120,250,0,250,0,250,130" /><INIT seed="1,0,0,0,3,3" ten="120,250,250,380" oya="1" hai0="61,115,114,4,91,11,119,37,36,5,70,45,79" hai1="81,40,64,124,131,20,8,47,50,56,1,2,49" hai2="29,21,106,52,31,51,15,94,102,28,10,105,117" hai3="14,71,59,25,18,130,22,38,48,127,104,128,96"/><U98/><E124/><V16/><F117/><W101/><G38/><T63/><D119/><U85/><E131/><N who="3" m="50218" /><G71/><T125/><D125/><U112/><E112/><V90/><F102/><W62/><G48/><T6/><D79/><U109/><E109/><V39/><F39/><W133/><G133/><T82/><D11/><U100/><E20/><V17/><F105/><W7/><G127/><T65/><D36/><U116/><E116/><V76/><F76/><W33/><G33/><T87/><REACH who="0" step="1"/><D63/><REACH who="0" ten="110,250,250,380" step="2"/><U35/><E8/><V9/><F9/><N who="3" m="4415" /><G62/><T75/><D75/><U60/><E35/><V66/><F106/><W58/><AGARI ba="0,1" hai="18,22,25,58,59,96,101,104" m="4415,50218" machi="58" ten="30,2000,0" yaku="19,1,52,1" doraHai="3" who="3" fromWho="3" sc="110,-5,250,-10,250,-5,380,30" /><INIT seed="2,0,0,3,4,26" ten="105,240,245,410" oya="2" hai0="85,104,99,12,5,11,43,73,7,59,76,122,21" hai1="115,70,56,4,38,133,89,117,28,105,34,127,72" hai2="30,103,36,9,42,40,27,78,37,60,65,118,108" hai3="49,75,35,129,90,131,94,3,51,46,132,8,120"/><V50/><F118/><W19/><G120/><T84/><D122/><U16/><RYUUKYOKU type="yao9" ba="0,0" sc="105,0,240,0,245,0,410,0" hai1="4,16,28,34,38,56,70,72,89,105,115,117,127,133" /><INIT seed="2,1,0,4,0,86" ten="105,240,245,410" oya="2" hai0="7,73,66,24,127,68,46,40,12,37,31,19,129" hai1="54,33,74,134,17,71,1,70,125,43,76,89,119" hai2="28,108,22,3,82,27,85,87,92,65,30,75,102" hai3="48,32,77,4,84,133,122,34,35,16,59,100,93"/><V10/><F75/><W126/><G122/><T95/><D127/><U47/><E119/><V99/><F108/><W50/><G126/><T21/><D129/><U9/><E125/><V64/><F28/><W91/><G133/><T62/><D73/><U51/><E134/><V69/><F69/><W121/><G121/><T8/><REACH who="0" step="1"/><D95/><REACH who="0" ten="95,240,245,410" step="2"/><U25/><E70/><V104/><F104/><W94/><G94/><T55/><D55/><U123/><E71/><V98/><F98/><W72/><G100/><T49/><D49/><U113/><E51/><V116/><F116/><W109/><G48/><T23/><D23/><U5/><E54/><V11/><F87/><W29/><G50/><T88/><D88/><U105/><E105/><V63/><F3/><W90/><G90/><T79/><D79/><U38/><E123/><V2/><F2/><W0/><G77/><T107/><D107/><U80/><E89/><N who="2" m="51383" /><F63/><W14/><G72/><T36/><D36/><U6/><E74/><V39/><F39/><W110/><G110/><T120/><D120/><U58/><E38/><V56/><F92/><W118/><G109/><T13/><D13/><U18/><E1/><V26/><F99/><W101/><G101/><T52/><D52/><U97/><E97/><V135/><F102/><W103/><G103/><T124/><D124/><U83/><E76/><V132/><F132/><W111/><G111/><T78/><D78/><U117/><E117/><V42/><F135/><W57/><G118/><T15/><D15/><U60/><E83/><V130/><F22/><W128/><G93/><T81/><D81/><RYUUKYOKU ba="1,1" sc="95,30,240,-10,245,-10,410,-10" hai0="7,8,12,19,21,24,31,37,40,46,62,66,68" /><INIT seed="3,2,1,0,2,113" ten="125,230,235,400" oya="3" hai0="8,121,94,120,16,4,81,46,58,115,21,77,107" hai1="131,108,63,67,2,3,95,96,61,87,15,31,64" hai2="74,49,132,13,66,47,98,128,27,117,70,5,112" hai3="116,9,78,123,25,109,101,104,111,40,92,48,12"/><W124/><G123/><T17/><D107/><U103/><E108/><V76/><F117/><W135/><G104/><T19/><D115/><U55/><E131/><V56/><F70/><W10/><G116/><T20/><D120/><U37/><E37/><V114/><F74/><W39/><G39/><T53/><D121/><U80/><E31/><V110/><F110/><N who="3" m="41995" /><G135/><T89/><D46/><U102/><E102/><V99/><F76/><W73/><G124/><T125/><D125/><U41/><E41/><V0/><F27/><W68/><G68/><T86/><D8/><U100/><E103/><V43/><F47/><N who="3" m="25703" /><G25/><T54/><D4/><U133/><E133/><V23/><F5/><W130/><G130/><T52/><REACH who="0" step="1"/><D58/><REACH who="0" ten="115,230,235,400" step="2"/><N who="1" m="35039" /><E2/><V59/><F0/><W32/><G9/><T34/><D34/><U119/><E3/><V24/><F56/><W50/><G32/><T72/><AGARI ba="2,2" hai="16,17,19,20,21,52,53,54,72,77,81,86,89,94" machi="72" ten="30,7900,0" yaku="1,1,0,1,54,2,53,0" doraHai="113" doraHaiUra="134" who="0" fromWho="0" sc="115,105,230,-22,235,-22,400,-41" owari="220,2.0,208,-29.2,213,-18.7,359,45.9" /></mjloggm>