<mjloggm ver="2.3"><GO type="225" lobby="0"/><UN n0="%E3%81%BF%E3%81%BF%E3%81%9A" n1="%E5%8D%A0%E3%81%84%E5%B8%AB%E8%A3%8F%E3%81%AA%E3%81%84%E3%81%97" n2="%E3%83%B4%E3%82%A3%E3%83%AF%E3%82%B3%E3%82%B0%E3%83%8B" n3="%E7%89%B9%E6%9D%B1%E3%81%AF%E4%B8%96%E7%95%8C%E3%82%92%E6%95%91%E3%81%86" dan="18,17,16,16" rate="2241.21,2208.00,2218.15,2151.50" sx="M,M,M,M"/><TAIKYOKU oya="0"/><INIT seed="0,0,0,5,2,61" ten="250,250,250,250" oya="0" hai0="57,43,71,118,76,103,128,110,46,79,45,123,9" hai1="24,19,63,35,88,7,120,135,69,41,107,32,119" hai2="28,6,94,112,98,60,89,17,121,75,38,93,62" hai3="16,82,48,30,95,96,23,99,2,67,87,70,72"/><T84/><D118/><U113/><E119/><V53/><F121/><W91/><G2/><T111/><D71/><U50/><E120/><V102/><F75/><W21/><G72/><T29/><D123/><U122/><E107/><V73/><F73/><W37/><G37/><T124/><D124/><U66/><E135/><V114/><F38/><W27/><G48/><T127/><D127/><U47/><E122/><V74/><F74/><W125/><G125/><T104/><D128/><U105/><E105/><V39/><F39/><W64/><G70/><T0/><D29/><U117/><E117/><V86/><F28/><W65/><G95/><T36/><D46/><U55/><E7/><V115/><F6/><W90/><G90/><T4/><D84/><U97/><E113/><V26/><F53/><W13/><AGARI ba="0,0" hai="13,16,21,23,27,30,64,65,67,82,87,91,96,99" machi="13" ten="30,12000,2" yaku="0,1,8,1,52,3,54,1" doraHai="61" who="3" fromWho="3" sc="250,-60,250,-30,250,-30,250,120" /><INIT seed="1,0,0,2,4,18" ten="190,220,220,370" oya="1" hai0="86,81,13,52,67,0,38,2,24,112,61,53,19" hai1="41,60,30,46,85,129,5,11,98,87,79,21,28" hai2="117,83,97,10,82,62,6,66,34,39,74,135,43" hai3="102,12,16,37,63,22,64,95,106,76,9,71,32"/><U70/><E129/><V90/><F117/><W45/><G32/><T50/><D112/><U31/><E98/><V96/><F34/><W78/><G106/><T77/><D38/><U131/><E131/><V101/><F135/><W133/><G133/><T72/><D24/><U47/><E70/><V89/><F43/><W69/><G69/><T33/><D33/><U54/><E85/><V109/><F39/><W14/><G102/><T36/><D36/><U91/><E79/><V99/><F109/><W119/><G95/><T113/><D113/><U127/><E127/><V17/><F17/><W107/><G107/><T108/><D72/><U48/><E60/><V132/><F132/><W57/><G71/><T84/><D84/><U130/><E130/><V105/><F105/><W4/><REACH who="3" step="1"/><G119/><REACH who="3" ten="190,220,220,360" step="2"/><T68/><D108/><U26/><E41/><AGARI ba="0,1" hai="4,9,12,14,16,22,37,41,45,57,63,64,76,78" machi="41" ten="40,8000,1" yaku="1,1,2,1,52,1,54,1,53,0" doraHai="18" doraHaiUra="110" who="3" fromWho="1" sc="190,0,220,-80,220,0,360,90" /><INIT seed="2,0,0,1,3,121" ten="190,140,220,450" oya="2" hai0="106,103,14,62,119,95,7,63,77,81,124,56,107" hai1="55,123,1,88,50,114,118,126,90,128,131,13,94" hai2="82,16,87,44,11,42,3,127,105,66,120,39,74" hai3="98,27,115,132,72,71,36,17,83,53,91,45,134"/><V97/><F120/><W21/><G71/><T86/><D124/><U48/><E123/><V125/><F66/><W34/><G115/><T19/><D119/><U32/><E1/><V129/><F129/><N who="1" m="49737" /><E114/><V78/><F87/><W89/><G34/><T65/><D7/><U12/><E118/><V85/><F85/><W69/><G69/><T113/><D113/><U57/><E126/><V2/><F16/><W5/><G5/><T6/><D6/><U31/><E48/><V23/><F23/><W75/><G98/><T92/><D63/><U67/><E67/><V61/><F61/><W28/><G28/><T133/><D133/><N who="3" m="51305" /><G53/><T47/><D47/><U122/><E122/><V9/><F9/><W117/><G117/><T99/><REACH who="0" step="1"/><D107/><REACH who="0" ten="180,140,220,450" step="2"/><U24/><E90/><V108/><F125/><W40/><G89/><T52/><D52/><U102/><E102/><V112/><F44/><W20/><G91/><T18/><D18/><U109/><E109/><V116/><F108/><W22/><G17/><T26/><D26/><U0/><E0/><V37/><F2/><W33/><G27/><T10/><AGARI ba="0,1" hai="10,14,19,56,62,65,77,81,86,92,95,99,103,106" machi="10" ten="20,5200,0" yaku="1,1,0,1,7,1,53,1" doraHai="121" doraHaiUra="93" who="0" fromWho="0" sc="180,62,140,-13,220,-26,450,-13" /><INIT seed="3,0,0,5,3,123" ten="242,127,194,437" oya="3" hai0="93,77,19,45,107,39,85,36,7,0,118,15,5" hai1="80,46,121,32,108,133,110,16,28,104,27,31,58" hai2="112,64,69,96,38,59,50,2,86,97,134,60,79" hai3="132,24,10,124,83,98,73,43,63,68,53,127,12"/><W88/><G43/><T122/><D107/><U116/><E121/><V75/><F75/><W42/><G42/><T94/><D122/><U89/><E104/><V105/><F2/><W49/><G24/><T57/><D0/><U18/><E133/><V61/><F112/><W65/><G132/><T117/><D45/><U76/><E116/><V54/><F134/><W125/><G98/><T114/><D57/><U90/><E46/><V82/><F105/><W72/><G88/><N who="1" m="33898" /><E58/><V100/><F38/><W26/><G26/><T35/><D85/><N who="1" m="48263" /><E28/><V87/><F100/><W109/><G109/><AGARI ba="0,0" hai="16,18,27,31,32,108,109,110" m="48263,33898" machi="109" ten="30,12000,2" yaku="14,1,52,3,54,2" doraHai="123" who="1" fromWho="3" sc="242,0,127,120,194,0,437,-120" owari="242,-15.8,247,4.7,194,-30.6,317,41.7" /></mjloggm>