<mjloggm ver="2.3"><GO type="225" lobby="0"/><UN n0="%E3%81%BF%E3%81%BF%E3%81%9A" n1="%E7%99%BD%E5%80%89%E5%AF%9B%E4%B9%8B" n2="%E9%A6%AC%E5%BC%95%E7%81%AB%33" n3="%E7%9A%AE%E3%80%85" dan="17,16,16,16" rate="2173.09,2188.73,2104.06,2165.84" sx="M,M,M,M"/><TAIKYOKU oya="0"/><INIT seed="0,0,0,5,0,126" ten="250,250,250,250" oya="0" hai0="133,39,62,124,93,27,68,7,102,90,114,98,111" hai1="17,121,95,64,109,81,106,36,129,40,59,70,1" hai2="53,32,96,16,13,117,127,20,71,100,47,56,29" hai3="48,15,108,131,9,74,31,112,72,103,35,43,4"/><T49/><D114/><U19/><E106/><V26/><F127/><W44/><G112/><T55/><D39/><U54/><E1/><V52/><F71/><W12/><G108/><T21/><D124/><U41/><E109/><V60/><F117/><W3/><G103/><T115/><D111/><U73/><E121/><V85/><F85/><W87/><G87/><T110/><D115/><U83/><E95/><V22/><F47/><W79/><G72/><T107/><D110/><U33/><E33/><V57/><F32/><W14/><G31/><T2/><D133/><U128/><E64/><V76/><F76/><W130/><REACH who="3" step="1"/><G35/><REACH who="3" ten="250,250,250,240" step="2"/><T10/><D102/><U18/><E73/><V123/><F123/><W113/><G113/><T82/><D107/><U89/><E89/><V67/><REACH who="2" step="1"/><F56/><REACH who="2" ten="250,250,240,240" step="2"/><W125/><G125/><T119/><D68/><U46/><E70/><V116/><F116/><W69/><G69/><T61/><D119/><U122/><E122/><V92/><AGARI ba="0,2" hai="13,16,20,22,26,29,52,53,57,60,67,92,96,100" machi="92" ten="20,16000,3" yaku="1,1,0,1,7,1,25,2,8,1,54,2,53,1" doraHai="126" doraHaiUra="8" who="2" fromWho="2" sc="250,-80,250,-40,240,180,240,-40" /><INIT seed="1,0,0,2,0,84" ten="170,210,420,200" oya="1" hai0="69,85,46,14,29,11,135,108,47,25,22,130,113" hai1="87,24,126,114,99,128,117,72,75,102,16,64,17" hai2="43,82,0,129,7,133,35,73,39,115,74,3,93" hai3="45,70,76,62,12,122,28,37,81,38,65,10,55"/><U54/><E114/><V60/><F93/><W94/><G122/><T98/><D113/><U6/><E117/><V101/><F101/><W13/><G28/><T2/><D69/><U23/><E128/><V61/><F115/><W120/><G120/><T66/><D130/><U127/><E6/><V63/><F129/><W26/><G26/><T58/><D2/><U80/><E64/><V79/><F133/><W105/><G105/><T31/><D135/><U121/><E54/><V104/><F104/><W42/><G94/><T27/><D108/><U19/><E121/><V134/><F35/><W5/><G13/><T109/><D109/><U123/><E123/><V96/><F96/><W8/><G55/><T40/><D98/><U49/><E49/><V18/><F18/><N who="1" m="7273" /><E99/><V125/><F74/><W131/><G131/><T52/><D66/><U4/><E4/><V50/><F50/><W51/><REACH who="3" step="1"/><G10/><REACH who="3" ten="170,210,420,190" step="2"/><T106/><D106/><U124/><E102/><V57/><F0/><W20/><G20/><N who="0" m="15527" /><D40/><U68/><E68/><V83/><F43/><W53/><G53/><T36/><D11/><U116/><E116/><V1/><F1/><W110/><G110/><T92/><D14/><U107/><E107/><V119/><F3/><W77/><G77/><AGARI ba="0,1" hai="19,23,24,72,75,77,80,87,124,126,127" m="7273" machi="77" ten="30,2900,0" yaku="18,1,54,1" doraHai="84" who="1" fromWho="3" sc="170,0,210,39,420,0,190,-29" /><INIT seed="1,1,0,1,1,118" ten="170,249,420,161" oya="1" hai0="57,62,111,29,97,2,83,104,77,43,73,100,124" hai1="132,87,81,8,96,88,80,14,79,55,63,44,123" hai2="50,11,69,59,10,15,107,86,16,23,9,30,92" hai3="13,115,18,122,35,89,105,103,7,5,64,53,51"/><U45/><E132/><V42/><F107/><W21/><G35/><T65/><D111/><U134/><E134/><V40/><F69/><W85/><G115/><T109/><D109/><U46/><E123/><V114/><F30/><W39/><G39/><T125/><D2/><U74/><E96/><V131/><F131/><W19/><G64/><T130/><D130/><U47/><E47/><V128/><F128/><W71/><G71/><T1/><D1/><U6/><REACH who="1" step="1"/><E63/><REACH who="1" ten="170,239,420,161" step="2"/><V135/><F135/><W98/><G122/><T127/><D43/><N who="2" m="16426" /><F114/><W106/><G106/><T56/><REACH who="0" step="1"/><D29/><REACH who="0" ten="160,239,420,161" step="2"/><U54/><AGARI ba="1,2" hai="6,8,14,44,45,46,54,55,74,79,80,81,87,88" machi="54" ten="30,6000,0" yaku="1,1,0,1,54,1,53,0" doraHai="118" doraHaiUra="110" who="1" fromWho="1" sc="160,-21,239,83,420,-21,161,-21" /><INIT seed="1,2,0,4,0,40" ten="139,322,399,140" oya="1" hai0="25,60,36,49,101,21,117,103,53,85,27,95,125" hai1="122,32,34,106,86,78,99,54,130,75,18,55,48" hai2="107,57,71,31,70,56,47,26,124,112,8,127,135" hai3="88,120,123,19,128,61,4,126,58,5,76,133,17"/><U14/><E75/><V108/><F108/><W131/><G76/><T83/><D36/><U110/><E122/><V73/><F107/><W9/><G133/><T119/><D125/><N who="2" m="48202" /><F135/><W90/><G126/><T105/><D105/><U11/><E110/><V93/><F112/><W100/><G100/><T44/><D117/><U12/><E130/><N who="3" m="49706" /><G120/><T132/><D119/><U80/><E55/><V96/><F73/><W65/><G123/><T97/><D132/><U114/><E114/><V1/><F47/><W0/><G5/><T68/><D103/><U109/><E109/><V41/><F41/><W67/><G67/><T13/><D60/><U20/><E99/><V118/><F8/><W66/><G66/><T69/><D13/><U2/><E2/><V37/><F37/><W28/><G28/><T74/><D74/><U51/><E51/><V52/><F56/><W82/><G82/><T50/><D50/><U6/><REACH who="1" step="1"/><E106/><REACH who="1" ten="139,312,399,140" step="2"/><V81/><F1/><W113/><G113/><T79/><REACH who="0" step="1"/><D27/><REACH who="0" ten="129,312,399,140" step="2"/><U45/><AGARI ba="2,2" hai="6,11,12,14,18,20,32,34,45,48,54,78,80,86" machi="45" ten="20,12000,1" yaku="1,1,2,1,0,1,7,1,52,1,53,0" doraHai="40" doraHaiUra="134" who="1" fromWho="1" sc="129,-42,312,146,399,-42,140,-42" /><INIT seed="1,3,0,0,0,85" ten="87,458,357,98" oya="1" hai0="15,4,72,41,76,63,58,117,7,61,39,67,21" hai1="119,84,103,100,129,33,44,116,102,97,77,23,11" hai2="52,64,82,16,123,70,89,132,12,45,10,126,56" hai3="104,118,79,78,106,87,27,13,110,120,51,18,125"/><U91/><E33/><V127/><F123/><W111/><G120/><T22/><D117/><U122/><E122/><V36/><F132/><W2/><G2/><T5/><D39/><U26/><E129/><V94/><F82/><W8/><G125/><N who="2" m="47625" /><F70/><W134/><G134/><T60/><D41/><U135/><E135/><V66/><F45/><W80/><G118/><T48/><D72/><U73/><E44/><V96/><F36/><W37/><G37/><T65/><D76/><U74/><E74/><V115/><F115/><W131/><G131/><T88/><D48/><U101/><E73/><V112/><F112/><W99/><G79/><T1/><D1/><U59/><E77/><V6/><F6/><W98/><G51/><AGARI ba="3,0" hai="10,12,16,51,52,56,64,66,89,94,96" m="47625" machi="51" ten="30,7700,0" yaku="18,1,52,1,54,2" doraHai="85" who="2" fromWho="3" sc="87,0,458,0,357,86,98,-86" /><INIT seed="2,0,0,4,0,22" ten="87,458,443,12" oya="2" hai0="13,93,59,31,46,108,63,110,14,115,116,20,2" hai1="81,94,16,64,67,114,35,38,88,32,49,60,5" hai2="71,121,47,66,103,106,68,33,61,90,76,89,70" hai3="51,58,43,7,26,28,129,91,57,99,30,34,10"/><V24/><F121/><W87/><G129/><T6/><D115/><U97/><E38/><V29/><F76/><W8/><G99/><T1/><D46/><U23/><E114/><V77/><F77/><W52/><G43/><T112/><D112/><U15/><E5/><V107/><F107/><W44/><G30/><T101/><D116/><U4/><E4/><V122/><F122/><W104/><G104/><T83/><D83/><U79/><E49/><V111/><F111/><N who="0" m="42538" /><D31/><U96/><E96/><N who="2" m="61799" /><F47/><W17/><G10/><N who="0" m="4311" /><D93/><U125/><E125/><V109/><F109/><W41/><G41/><T132/><D132/><U40/><E40/><V75/><F75/><W128/><G128/><T12/><D101/><U27/><E15/><N who="0" m="5673" /><D20/><U54/><E54/><AGARI ba="0,0" hai="1,2,54,59,63" m="5673,4311,42538" machi="54" ten="30,1000,0" yaku="14,1" doraHai="22" who="0" fromWho="1" sc="87,10,458,-10,443,0,12,0" /><INIT seed="3,0,0,3,0,123" ten="97,448,443,12" oya="3" hai0="13,54,12,15,105,101,107,121,24,122,86,129,23" hai1="40,135,75,83,22,38,11,5,89,28,51,78,4" hai2="21,84,113,70,116,77,7,49,41,47,26,99,69" hai3="92,32,68,90,79,6,125,58,59,104,114,0,20"/><W74/><G114/><T76/><D54/><U132/><E51/><V119/><F113/><W46/><G32/><T66/><D66/><U17/><E28/><V126/><F126/><W33/><G33/><T118/><D118/><U71/><E71/><V19/><F7/><W35/><G35/><T103/><D86/><U108/><E108/><V52/><F99/><W61/><G104/><T115/><D76/><U120/><E120/><V109/><F109/><W88/><G125/><T124/><D115/><U81/><E89/><V63/><F70/><W31/><G68/><T55/><D55/><U10/><E83/><V29/><F29/><W112/><G112/><T3/><D3/><N who="1" m="287" /><E22/><V95/><F69/><W134/><G134/><T14/><D129/><U91/><E17/><V30/><F30/><W133/><G133/><T60/><D13/><N who="1" m="5359" /><E91/><V100/><F100/><W44/><G0/><T16/><D60/><U110/><E110/><V85/><F85/><W131/><G131/><T36/><D36/><U64/><E64/><V9/><F9/><W50/><G74/><T117/><D117/><U87/><E87/><V67/><F67/><W72/><G72/><T93/><D93/><U62/><E62/><V73/><F73/><W8/><G79/><T94/><D94/><U53/><E53/><V2/><F2/><N who="3" m="87" /><G90/><T57/><D57/><N who="3" m="21513" /><G61/><T43/><D43/><U130/><E130/><V96/><F77/><W102/><G102/><N who="0" m="38923" /><D124/><U37/><E37/><V34/><F84/><N who="3" m="52231" /><G50/><T106/><D122/><U128/><E128/><V1/><F116/><W98/><G98/><T56/><D121/><RYUUKYOKU ba="0,0" sc="97,10,448,10,443,-30,12,10" hai0="12,14,15,16,23,24,56,105,106,107" hai1="38,40,75,78,81,132,135" hai3="20,31,44,46" /><INIT seed="3,1,0,5,4,45" ten="107,458,413,22" oya="3" hai0="135,49,130,82,93,57,112,117,9,46,114,128,126" hai1="104,44,79,50,102,30,108,25,107,58,89,74,55" hai2="59,62,31,123,69,99,8,6,97,13,91,52,129" hai3="67,81,43,100,101,32,36,47,125,94,96,118,131"/><W87/><G118/><T90/><D117/><U77/><E108/><V76/><F129/><N who="0" m="49770" /><D126/><U0/><E0/><V122/><F69/><W11/><G131/><T14/><D57/><U110/><E110/><V60/><F76/><W106/><G125/><T10/><D82/><U103/><E107/><V16/><F31/><W40/><G32/><T61/><D61/><U33/><E74/><V119/><F119/><W63/><G43/><N who="0" m="24799" /><D135/><U124/><E124/><V48/><F62/><W98/><G11/><N who="0" m="4107" /><D14/><U28/><E28/><V72/><F72/><W116/><G116/><T22/><D22/><N who="1" m="15671" /><E104/><V42/><F6/><W105/><G94/><T92/><D92/><U21/><E21/><V115/><F115/><W73/><G73/><T88/><D88/><U39/><E39/><V17/><F17/><W41/><G41/><T12/><D12/><U109/><E109/><V68/><F91/><W38/><G38/><T113/><D114/><U3/><E3/><V80/><F80/><W132/><G132/><T56/><D56/><U5/><E5/><V51/><F42/><W120/><G120/><N who="2" m="46121" /><F68/><W70/><REACH who="3" step="1"/><G81/><REACH who="3" ten="107,458,413,12" step="2"/><T95/><D95/><U1/><E33/><V2/><F2/><W84/><AGARI ba="1,1" hai="36,40,47,63,67,70,84,87,96,98,100,101,105,106" machi="84" ten="30,11700,0" yaku="1,1,2,1,0,1,9,1,53,0" doraHai="45" doraHaiUra="4" who="3" fromWho="3" sc="107,-40,458,-40,413,-40,12,130" /><INIT seed="3,2,0,5,2,105" ten="67,418,373,142" oya="3" hai0="55,36,51,129,72,54,0,96,38,95,34,17,88" hai1="41,134,123,107,89,57,3,59,65,106,128,91,26" hai2="66,109,42,67,118,20,122,48,124,116,130,115,101" hai3="46,132,8,1,100,35,30,108,103,50,33,93,11"/><W63/><G132/><T9/><D129/><U92/><E3/><V117/><F101/><W84/><G63/><T70/><D70/><U77/><E123/><V120/><F20/><W13/><G1/><T64/><D34/><U98/><E128/><V102/><F102/><W90/><G35/><T97/><D64/><N who="2" m="24618" /><F130/><W6/><G108/><T121/><D121/><N who="2" m="46698" /><F109/><W12/><G33/><T82/><D96/><U28/><E134/><V23/><F23/><W79/><G79/><T56/><D55/><U31/><E77/><V113/><F124/><W47/><G30/><T133/><D133/><U60/><E31/><V131/><F131/><W39/><G39/><T2/><D2/><U127/><E127/><V7/><F7/><N who="3" m="3103" /><G46/><AGARI ba="2,0" hai="42,46,48,113,115,116,117,118" m="46698,24618" machi="46" ten="40,5200,0" yaku="13,1,34,2" doraHai="105" who="2" fromWho="3" sc="67,0,418,0,373,58,142,-58" owari="67,-43.3,418,21.8,431,53.1,84,-31.6" /></mjloggm>