<mjloggm ver="2.3"><GO type="225" lobby="0"/><UN n0="%E3%82%8A%E3%81%93%E3%82%8A%E3%82%93%E3%81%94" n1="%E3%83%81%E3%83%83%E3%82%BF%E3%82%BD%E3%83%BC" n2="%E7%8D%85%E5%AD%90%E5%BA%A7%E3%81%8B%E3%81%A3%E3%81%B4%E3%83%BC" n3="%E3%81%95%E3%81%8D%E3%81%9F%E3%81%BE%E6%9E%97%E6%AA%8E" dan="17,16,16,16" rate="2121.32,2184.33,2111.08,2109.97" sx="M,F,M,M"/><TAIKYOKU oya="0"/><INIT seed="0,0,0,4,2,46" ten="250,250,250,250" oya="0" hai0="12,21,97,111,2,122,98,3,14,27,96,103,17" hai1="6,77,4,117,60,39,19,79,92,135,1,88,110" hai2="11,85,82,134,130,131,124,8,5,105,114,43,20" hai3="41,84,24,80,70,48,65,99,86,66,57,34,68"/><T50/><D122/><U35/><E110/><V108/><F105/><W13/><G99/><T36/><D36/><U55/><E135/><V104/><F104/><W45/><G70/><T78/><D78/><N who="1" m="29707" /><E35/><V113/><F43/><W95/><G68/><T56/><D111/><U72/><E39/><V73/><F108/><W25/><G34/><T100/><D3/><U29/><E72/><V94/><F73/><W74/><G74/><T30/><D2/><U109/><E109/><V52/><F94/><W15/><G95/><T71/><D71/><U90/><E29/><V132/><F20/><W22/><G25/><T69/><D69/><U32/><E32/><V64/><F64/><N who="3" m="24683" /><G57/><T63/><D50/><U28/><E28/><V89/><F52/><N who="3" m="29711" /><G86/><T119/><D119/><U33/><E117/><V83/><F5/><N who="1" m="2153" /><E33/><V75/><F75/><W128/><G128/><N who="2" m="49193" /><F82/><W112/><G112/><N who="2" m="43113" /><F124/><W133/><G133/><AGARI ba="0,0" hai="8,11,83,85,89,132,133,134" m="43113,49193" machi="133" ten="40,2600,0" yaku="20,1,19,1" doraHai="46" who="2" fromWho="3" sc="250,0,250,0,250,26,250,-26" /><INIT seed="1,0,0,1,1,30" ten="250,250,276,224" oya="1" hai0="85,99,126,106,8,17,19,59,22,42,54,13,91" hai1="40,60,72,7,83,79,76,89,108,21,25,134,70" hai2="27,118,53,57,124,11,107,0,3,86,68,93,116" hai3="77,132,66,26,55,56,131,28,33,23,35,127,130"/><U48/><E134/><V125/><F107/><W122/><G127/><N who="2" m="48713" /><F68/><W4/><G132/><T98/><D126/><U39/><E39/><V9/><F86/><W58/><G122/><T29/><D42/><U84/><E108/><V129/><F93/><W64/><G4/><T88/><D29/><U52/><E7/><V10/><F129/><N who="3" m="49163" /><G77/><T62/><D106/><U5/><E5/><V96/><F96/><W113/><G113/><T37/><D37/><U92/><E40/><V6/><F6/><W50/><G58/><T111/><D91/><U80/><E60/><V123/><F123/><W133/><G133/><T32/><D32/><AGARI ba="0,0" hai="23,26,28,32,33,35,50,55,56,64,66" m="49163" machi="32" ten="30,7700,0" yaku="19,1,52,3" doraHai="30" who="3" fromWho="0" sc="250,-77,250,0,276,0,224,77" /><INIT seed="2,0,0,4,1,116" ten="173,250,276,301" oya="2" hai0="98,81,109,84,56,36,62,132,105,95,92,112,85" hai1="125,37,21,134,38,133,59,114,115,6,45,1,19" hai2="46,80,90,129,26,83,49,69,75,41,52,126,120" hai3="32,117,87,60,5,67,24,127,14,93,12,58,65"/><V61/><F126/><W108/><G127/><T102/><D36/><U128/><E125/><V119/><F119/><W111/><G117/><T113/><D56/><U70/><E70/><V79/><F129/><W110/><G67/><T103/><D62/><U40/><E37/><V78/><F90/><N who="3" m="53471" /><G5/><T104/><D109/><U35/><E35/><V28/><F120/><W33/><G33/><T20/><D20/><U74/><E74/><V72/><F69/><W121/><G121/><T42/><D42/><U68/><E68/><V123/><F123/><W107/><G107/><T31/><D31/><AGARI ba="0,0" hai="12,14,24,31,32,58,60,65,108,110,111" m="53471" machi="31" ten="30,1000,0" yaku="14,1" doraHai="116" who="3" fromWho="0" sc="173,-10,250,0,276,0,301,10" /><INIT seed="3,0,0,2,0,114" ten="163,250,276,311" oya="3" hai0="66,76,92,105,4,20,107,22,97,83,31,120,39" hai1="26,27,78,52,65,81,121,7,29,30,47,119,124" hai2="40,44,125,10,129,132,106,93,36,72,58,111,2" hai3="91,53,6,71,62,128,94,130,117,118,9,61,100"/><W50/><G100/><T38/><D120/><U8/><E121/><V11/><F106/><W135/><G135/><T17/><D4/><U42/><E124/><V127/><F132/><W67/><G62/><T75/><D66/><U82/><E65/><V23/><F111/><W37/><G37/><T80/><D31/><U89/><E89/><V51/><F129/><N who="3" m="49771" /><G94/><T73/><D92/><U123/><E123/><V63/><F72/><W3/><G91/><T113/><D17/><U110/><E110/><V102/><F36/><W88/><G88/><T56/><D56/><AGARI ba="0,0" hai="3,6,9,50,53,56,61,67,71,117,118" m="49771" machi="56" ten="30,5800,0" yaku="19,1,52,2" doraHai="114" who="3" fromWho="0" sc="163,-58,250,0,276,0,311,58" owari="105,-39.5,250,-15.0,276,7.6,369,46.9" /></mjloggm>