<mjloggm ver="2.3"><GO type="225" lobby="0"/><UN n0="%E3%81%99%E3%81%84%E3%81%BE%E3%81%9B%E3%83%BC%E3%82%93" n1="%73%73%6B%5F%66%72%65%65" n2="%E3%83%96%E3%83%83%E3%83%91%E3%82%AA%E3%83%96%E3%83%81%E3%82%AD%E3%83%B3" n3="%E7%89%B9%E6%9D%B1%E3%81%AF%E4%B8%96%E7%95%8C%E3%82%92%E6%95%91%E3%81%86" dan="18,16,16,16" rate="2197.52,2116.31,2088.96,2194.46" sx="M,M,M,M"/><TAIKYOKU oya="0"/><INIT seed="0,0,0,3,3,61" ten="250,250,250,250" oya="0" hai0="102,66,75,109,7,121,92,2,19,134,80,53,111" hai1="44,100,64,132,56,71,10,6,42,133,27,79,32" hai2="14,29,108,72,83,128,106,15,68,54,46,3,125" hai3="117,127,16,135,124,4,49,120,37,5,94,26,88"/><T85/><D121/><U70/><E79/><V98/><F3/><W67/><G37/><T99/><D134/><N who="1" m="51819" /><E100/><V11/><F68/><W113/><G135/><T60/><D75/><U51/><E56/><V86/><F108/><N who="0" m="41546" /><D53/><U30/><E64/><V62/><F125/><N who="3" m="48203" /><G113/><T103/><D19/><U114/><E114/><V123/><F128/><W97/><G117/><T23/><D23/><U48/><E48/><V126/><F54/><W1/><G1/><AGARI ba="0,0" hai="1,6,10,27,30,32,42,44,51,70,71" m="51819" machi="1" ten="30,1000,0" yaku="20,1" doraHai="61" who="1" fromWho="3" sc="250,0,250,10,250,0,250,-10" /><INIT seed="1,0,0,1,5,84" ten="250,260,250,240" oya="1" hai0="64,59,13,77,38,36,22,28,110,99,17,86,102" hai1="30,4,1,133,0,20,123,60,54,122,73,130,91" hai2="103,88,108,48,129,44,27,115,90,126,47,81,107" hai3="71,7,18,98,92,39,76,55,116,63,66,12,46"/><U101/><E130/><V10/><F108/><W112/><G112/><T111/><D28/><U61/><E133/><V105/><F129/><W70/><G116/><T75/><D75/><U58/><E73/><V2/><F115/><W62/><G7/><T125/><D125/><U68/><E101/><V53/><F126/><W96/><G76/><T57/><D77/><U109/><E109/><N who="0" m="41481" /><D86/><U34/><E34/><V16/><F81/><W93/><G39/><N who="0" m="14891" /><D64/><U32/><E32/><V97/><F107/><AGARI ba="0,0" hai="13,17,22,57,59,99,102,107" m="14891,41481" machi="107" ten="30,1000,0" yaku="14,1" doraHai="84" who="0" fromWho="2" sc="250,10,260,0,250,-10,240,0" /><INIT seed="2,0,0,5,1,23" ten="260,260,240,240" oya="2" hai0="94,125,108,47,42,3,34,18,28,5,133,102,50" hai1="123,106,97,117,32,120,46,119,55,54,37,39,10" hai2="60,22,80,24,1,95,57,121,111,44,75,90,62" hai3="58,91,56,70,114,104,27,122,67,98,26,76,13"/><V86/><F121/><N who="1" m="46665" /><E32/><V109/><F1/><W65/><G122/><T11/><D133/><U130/><E10/><V9/><F9/><W33/><G114/><T61/><D108/><N who="2" m="41546" /><F44/><W6/><G76/><T83/><D125/><U35/><E35/><V92/><F75/><W93/><G104/><T131/><D131/><U59/><E130/><V17/><F62/><N who="3" m="38359" /><G70/><T115/><D115/><U0/><E0/><V118/><F118/><N who="1" m="45065" /><E97/><V126/><F126/><W16/><G6/><T64/><D11/><U8/><E8/><V96/><F96/><W99/><G99/><T20/><D5/><U45/><E106/><V74/><F74/><W85/><G98/><T53/><D3/><U63/><E54/><AGARI ba="0,0" hai="17,22,24,54,57,60,80,86,90,92,95" m="41546" machi="54" ten="30,5800,0" yaku="14,1,10,1,52,1" doraHai="23" who="2" fromWho="1" sc="260,0,260,-58,240,58,240,0" /><INIT seed="2,1,0,4,4,93" ten="260,202,298,240" oya="2" hai0="118,42,92,46,64,116,113,63,78,48,8,15,58" hai1="128,23,22,124,7,44,60,126,40,79,90,38,99" hai2="86,57,72,53,70,129,35,119,88,96,47,0,12" hai3="21,11,107,110,49,28,29,45,54,62,71,115,10"/><V43/><F119/><W36/><G107/><T130/><D113/><U135/><E135/><V33/><F0/><W16/><G115/><T114/><D114/><U61/><E79/><V83/><F129/><W34/><G36/><T89/><D130/><U84/><E128/><V91/><F70/><W132/><G132/><T74/><D78/><U59/><E7/><V18/><F72/><W133/><G133/><T20/><D20/><N who="1" m="7723" /><E99/><V112/><F112/><W106/><G106/><T125/><D74/><U68/><E59/><V25/><F25/><W75/><G75/><T24/><D24/><U51/><E51/><V82/><F96/><W4/><G34/><T39/><D39/><U87/><E68/><V101/><F101/><W108/><G71/><T41/><D125/><N who="1" m="48235" /><E87/><V134/><F134/><W65/><G62/><T37/><D37/><U102/><E102/><V109/><F86/><W66/><G4/><T27/><D27/><U121/><E121/><V31/><F35/><W97/><G97/><N who="0" m="57487" /><D118/><U17/><E17/><V105/><F18/><W100/><G100/><T127/><D116/><U55/><E55/><V81/><F53/><W3/><G3/><T95/><D127/><U5/><E5/><V98/><F33/><W56/><G56/><T120/><D120/><U67/><E67/><V50/><F57/><W117/><G117/><T104/><D104/><U32/><E32/><V77/><F105/><W85/><G85/><T103/><D103/><U30/><E30/><N who="3" m="11882" /><G66/><T80/><D64/><U52/><E52/><N who="2" m="29791" /><F31/><W26/><G65/><T9/><D58/><U131/><E131/><RYUUKYOKU ba="1,0" sc="260,-15,202,15,298,-15,240,15" hai1="38,40,44,60,61,84,90" hai3="10,11,16,21,26,45,49,54,108,110" /><INIT seed="3,2,0,0,5,121" ten="245,217,283,255" oya="3" hai0="69,61,108,18,71,51,88,128,125,105,110,97,82" hai1="99,7,106,60,98,92,107,29,93,10,86,135,9" hai2="84,103,58,133,116,56,132,115,120,27,68,41,79" hai3="64,67,62,129,59,50,111,20,11,127,13,37,42"/><W118/><G118/><T25/><D125/><U15/><E135/><N who="2" m="51787" /><F116/><W130/><G127/><T83/><D128/><N who="3" m="49257" /><G37/><T57/><D51/><U5/><E29/><V89/><F115/><W104/><G104/><T114/><D114/><U122/><E122/><V100/><F120/><W95/><G20/><N who="0" m="13463" /><D105/><U44/><E44/><V34/><F68/><W33/><G33/><T119/><D119/><U40/><E40/><V102/><F79/><W4/><G95/><N who="0" m="56551" /><D71/><U63/><REACH who="1" step="1"/><E86/><REACH who="1" ten="245,207,283,255" step="2"/><V3/><F41/><W78/><G78/><T2/><D2/><U28/><E28/><N who="2" m="19743" /><F3/><W47/><G111/><N who="0" m="42539" /><D69/><U124/><E124/><V36/><F36/><W66/><AGARI ba="2,1" hai="4,11,13,42,47,50,59,62,64,66,67" m="49257" machi="66" ten="30,1500,0" yaku="19,1" doraHai="121" who="3" fromWho="3" sc="245,-7,207,-7,283,-7,255,31" /><INIT seed="3,3,0,5,3,128" ten="238,200,276,286" oya="3" hai0="43,25,39,55,37,106,52,72,86,6,135,50,11" hai1="123,2,101,22,32,119,38,17,124,51,78,56,68" hai2="66,15,129,85,33,99,34,121,28,10,42,9,14" hai3="111,118,30,96,19,93,23,41,65,20,62,125,84"/><W4/><G118/><T45/><D72/><U71/><E123/><V120/><F129/><W94/><G125/><T5/><D106/><U113/><E113/><V98/><F66/><W89/><G111/><T91/><D135/><U81/><E38/><V131/><F131/><W110/><G110/><T61/><D25/><U40/><E124/><V127/><F127/><W31/><G4/><T97/><D97/><U109/><E109/><V116/><F42/><W114/><G41/><T7/><D11/><U108/><E108/><V133/><F85/><W102/><G114/><T13/><D13/><U76/><E2/><V59/><F59/><N who="3" m="37087" /><G20/><T69/><D55/><U90/><E32/><V29/><F116/><W26/><AGARI ba="3,0" hai="19,23,26,30,31,84,89,93,94,96,102" m="37087" machi="26" ten="30,1500,0" yaku="8,1" doraHai="128" who="3" fromWho="3" sc="238,-8,200,-8,276,-8,286,24" owari="230,-17.0,192,-30.8,268,6.8,310,41.0" /></mjloggm>