<mjloggm ver="2.3"><GO type="225" lobby="0"/><UN n0="%E3%82%8F%E3%81%8B%E3%81%B0%2A%E3%82%AC%E3%83%BC%E3%83%AB" n1="%E9%B3%B4%E8%8C%B6" n2="%E5%B8%86%E7%AB%8B%E5%A4%8F%E8%A1%A3" n3="%E6%9D%B1%E9%A2%A8%E3%81%AE%E3%81%8D%E3%82%83%E3%81%B7%E3%81%95%E3%82%93" dan="16,16,17,16" rate="2177.60,2176.46,2248.42,2151.15" sx="M,M,M,M"/><TAIKYOKU oya="0"/><INIT seed="0,0,0,4,5,54" ten="250,250,250,250" oya="0" hai0="16,84,23,38,82,118,45,12,89,98,55,64,66" hai1="63,134,44,73,92,57,29,116,22,133,85,13,124" hai2="105,100,83,128,3,26,86,0,1,6,123,119,78" hai3="120,87,68,93,53,60,130,14,25,96,97,4,39"/><T94/><D118/><U52/><E73/><V35/><F123/><W76/><G39/><T2/><D2/><U102/><E116/><V81/><F119/><W71/><G120/><T49/><REACH who="0" step="1"/><D38/><REACH who="0" ten="240,250,250,250" step="2"/><U88/><E124/><V61/><F0/><W91/><G130/><T126/><D126/><U108/><E108/><V37/><F1/><W79/><G71/><T9/><D9/><U24/><E102/><AGARI ba="0,1" hai="12,16,23,45,49,55,64,66,82,84,89,94,98,102" machi="102" ten="30,11600,0" yaku="1,1,7,1,8,1,54,1,53,0" doraHai="54" doraHaiUra="113" who="0" fromWho="1" sc="240,126,250,-116,250,0,250,0" /><INIT seed="0,1,0,4,2,124" ten="366,134,250,250" oya="0" hai0="101,60,131,40,41,90,46,103,69,134,25,16,10" hai1="57,112,110,128,8,115,123,2,73,105,83,92,82" hai2="97,34,72,108,55,130,107,96,114,24,20,98,22" hai3="11,95,125,17,27,58,12,111,116,56,84,53,30"/><T33/><D131/><U93/><E105/><V26/><F130/><W104/><G104/><T65/><D134/><U78/><E123/><V3/><F108/><W86/><G111/><T45/><D90/><U106/><E106/><V122/><F107/><W61/><G116/><T49/><D33/><U47/><E110/><V91/><F3/><W68/><G68/><T29/><D29/><U64/><E47/><V94/><F72/><W1/><G1/><T52/><D40/><U75/><E57/><V71/><F71/><W5/><G125/><T63/><D63/><U39/><E8/><V50/><F114/><W37/><G37/><T102/><D10/><U14/><E2/><V119/><F119/><W74/><G74/><T19/><REACH who="0" step="1"/><D25/><REACH who="0" ten="356,134,250,250" step="2"/><U59/><E64/><V35/><F35/><W6/><G30/><T126/><D126/><U21/><E21/><V89/><F34/><W88/><G27/><T120/><D120/><U127/><E127/><V109/><F122/><W133/><G133/><T81/><D81/><U67/><E39/><AGARI ba="1,1" hai="16,19,39,41,45,46,49,52,60,65,69,101,102,103" machi="39" ten="40,12000,1" yaku="1,1,54,2,53,1" doraHai="124" doraHaiUra="51" who="0" fromWho="1" sc="356,133,134,-123,250,0,250,0" /><INIT seed="0,2,0,5,2,44" ten="489,11,250,250" oya="0" hai0="1,124,115,0,80,108,109,129,18,131,59,90,6" hai1="5,93,35,123,58,103,101,77,52,95,125,72,17" hai2="47,96,62,3,65,127,82,74,16,10,43,122,84" hai3="2,11,107,33,105,99,53,83,42,121,40,67,117"/><T134/><D115/><U71/><E123/><V69/><F122/><W104/><G33/><T61/><D134/><U56/><E71/><V54/><F127/><W51/><G67/><T116/><D116/><U81/><E125/><V76/><F96/><W118/><G121/><T102/><D102/><U50/><E35/><V126/><F54/><W13/><G2/><N who="0" m="1131" /><D6/><U66/><E5/><N who="2" m="1343" /><F84/><W78/><G99/><T30/><D30/><U70/><E70/><V132/><F16/><W45/><G40/><T48/><D18/><U73/><E17/><V114/><F126/><W130/><G53/><N who="0" m="32167" /><D61/><N who="1" m="38183" /><E73/><V57/><F57/><W55/><G55/><T26/><D26/><U32/><E72/><V23/><F23/><W97/><G97/><T22/><D22/><U128/><E32/><V91/><F91/><W46/><G46/><T106/><D106/><U8/><E8/><V7/><F7/><W19/><G118/><T87/><D124/><U135/><E135/><V94/><F94/><N who="1" m="35849" /><E128/><AGARI ba="2,0" hai="80,87,90,108,109,128,129,131" m="32167,1131" machi="128" ten="40,3900,0" yaku="19,1,52,1" doraHai="44" who="0" fromWho="1" sc="489,45,11,-45,250,0,250,0" owari="534,63.4,-34,-53.4,250,5.0,250,-15.0" /></mjloggm>