<mjloggm ver="2.3"><GO type="225" lobby="0"/><UN n0="%E3%81%BF%E3%81%BF%E3%81%9A" n1="%72%69%6F%75%63%68%61%6E" n2="%E8%A8%88%E7%AE%97%E6%A9%9F%E8%87%AA%E7%84%B6" n3="%E5%8D%A0%E3%81%84%E5%B8%AB%E8%A3%8F%E3%81%AA%E3%81%84%E3%81%97" dan="18,16,17,17" rate="2208.22,2143.54,2159.28,2162.41" sx="M,M,M,M"/><TAIKYOKU oya="0"/><INIT seed="0,0,0,3,1,64" ten="250,250,250,250" oya="0" hai0="6,67,81,8,18,93,2,94,127,21,92,104,91" hai1="19,86,14,128,116,134,110,56,133,5,41,68,25" hai2="117,48,66,131,114,84,45,31,87,98,17,88,129" hai3="97,113,1,37,61,135,108,76,26,72,90,22,74"/><T40/><D127/><U36/><E116/><V15/><F114/><W96/><G113/><T83/><D104/><U118/><E118/><V35/><F117/><W24/><G37/><T0/><D40/><U75/><E75/><V95/><F66/><W100/><G1/><T63/><D0/><U7/><E110/><V69/><F69/><W59/><G135/><N who="1" m="51722" /><E128/><N who="2" m="49227" /><F31/><W57/><G22/><T28/><D28/><U65/><E56/><V47/><F35/><W10/><G90/><T4/><D4/><U125/><E125/><V3/><F3/><W109/><G10/><T50/><D50/><U27/><E86/><N who="2" m="32811" /><F48/><W12/><G12/><T115/><D115/><U29/><E25/><V33/><F33/><W103/><REACH who="3" step="1"/><G61/><REACH who="3" ten="250,250,250,240" step="2"/><T38/><D38/><U130/><E130/><V23/><AGARI ba="0,1" hai="15,17,23,45,47,88,95,98" m="32811,49227" machi="23" ten="30,2000,0" yaku="19,1,54,1" doraHai="64" who="2" fromWho="2" sc="250,-10,250,-5,250,30,240,-5" /><INIT seed="1,0,0,4,1,29" ten="240,245,280,235" oya="1" hai0="1,127,81,63,86,45,69,47,30,92,96,102,48" hai1="34,31,10,20,70,85,19,72,105,98,8,55,75" hai2="50,49,61,93,40,88,36,106,77,71,126,113,125" hai3="3,76,39,78,73,74,134,11,25,99,64,57,28"/><U62/><E85/><N who="2" m="52367" /><F106/><W67/><G39/><T80/><D127/><N who="2" m="48650" /><F113/><W41/><G134/><T5/><D1/><U12/><E75/><V0/><F0/><W60/><G41/><T130/><D5/><U27/><E72/><V107/><F107/><W82/><G99/><T84/><D130/><U119/><E119/><V79/><F36/><W114/><G114/><T4/><D4/><U90/><E55/><V2/><F2/><W116/><G116/><T9/><D9/><U68/><E68/><V108/><F108/><W32/><G67/><T133/><D133/><U101/><REACH who="1" step="1"/><E90/><REACH who="1" ten="240,235,280,235" step="2"/><V33/><F71/><W117/><G117/><T26/><D86/><U111/><E111/><V35/><F61/><W83/><G3/><T123/><D123/><U128/><E128/><V65/><F65/><AGARI ba="0,1" hai="8,10,12,19,20,27,31,34,62,65,70,98,101,105" machi="65" ten="40,12000,1" yaku="1,1,25,2,52,1,53,0" doraHai="29" doraHaiUra="89" who="1" fromWho="2" sc="240,0,235,130,280,-120,235,0" /><INIT seed="1,1,0,2,0,17" ten="240,365,160,235" oya="1" hai0="69,133,95,94,99,15,6,88,85,44,80,98,83" hai1="2,30,78,84,25,96,67,59,86,32,75,135,102" hai2="72,89,7,121,107,129,18,92,131,27,116,0,65" hai3="130,19,101,115,35,114,90,123,10,46,9,117,68"/><U47/><E135/><V91/><F107/><W56/><G123/><T87/><D69/><U38/><E2/><V93/><F121/><W109/><G68/><T28/><D133/><U125/><E125/><V64/><F72/><W53/><G109/><T60/><D28/><U1/><E1/><V45/><F0/><W126/><G35/><T40/><D60/><U105/><E38/><V134/><F134/><W3/><G126/><T132/><D132/><U124/><E124/><V43/><F7/><W81/><G130/><T24/><D24/><U104/><E104/><V39/><F116/><W120/><G101/><T26/><D26/><U13/><E47/><V4/><F4/><N who="3" m="1183" /><G46/><T52/><D40/><U41/><E41/><V110/><F110/><W16/><G19/><T63/><D15/><U5/><E75/><V48/><F39/><W61/><G117/><T37/><D6/><U8/><REACH who="1" step="1"/><E78/><REACH who="1" ten="240,355,160,235" step="2"/><V57/><F131/><W49/><G120/><T73/><D37/><U127/><E127/><V42/><F129/><W34/><G115/><T106/><D73/><U23/><E23/><N who="2" m="13815" /><F42/><W111/><G114/><T118/><D106/><U14/><E14/><V97/><F57/><W76/><G111/><T51/><D118/><U22/><E22/><V108/><F108/><W31/><G34/><T100/><D63/><AGARI ba="1,1" hai="5,8,13,25,30,32,59,63,67,84,86,96,102,105" machi="63" ten="40,3900,0" yaku="1,1,53,1" doraHai="17" doraHaiUra="29" who="1" fromWho="0" sc="240,-42,355,52,160,0,235,0" /><INIT seed="1,2,0,5,1,68" ten="198,407,160,235" oya="1" hai0="81,21,46,86,130,76,29,67,69,2,91,132,115" hai1="6,35,54,65,77,97,116,60,64,10,1,79,42" hai2="133,4,58,110,111,37,109,121,34,0,120,47,95" hai3="14,61,8,31,43,82,7,28,72,45,52,18,44"/><U57/><E116/><V131/><F95/><W107/><G107/><T70/><D115/><U38/><E35/><V40/><F34/><W122/><G122/><N who="2" m="47209" /><F4/><W20/><G72/><T27/><D2/><U118/><E118/><V41/><F0/><W104/><G104/><T105/><D105/><U53/><E97/><V92/><F92/><W129/><G129/><T117/><D117/><U134/><E134/><V85/><F85/><W48/><G82/><T126/><D132/><U13/><E1/><V74/><F74/><W26/><REACH who="3" step="1"/><G61/><REACH who="3" ten="198,407,160,225" step="2"/><T51/><D130/><U135/><E135/><V119/><F133/><W124/><G124/><T9/><D126/><U103/><E103/><V89/><F119/><W94/><G94/><T22/><D76/><U112/><E112/><V99/><F131/><W75/><G75/><T39/><D81/><U33/><E60/><V59/><F89/><W127/><G127/><T3/><D91/><U50/><E79/><V100/><F100/><W49/><AGARI ba="2,1" hai="7,8,14,18,20,26,28,31,43,44,45,48,49,52" machi="49" ten="20,12000,2" yaku="1,1,0,1,7,1,8,1,54,1,53,2" doraHai="68" doraHaiUra="25" who="3" fromWho="3" sc="198,-32,407,-62,160,-32,225,136" /><INIT seed="2,0,0,5,2,50" ten="166,345,128,361" oya="2" hai0="126,89,105,2,114,45,28,9,35,83,117,101,16" hai1="85,121,92,22,127,27,80,91,21,118,24,42,135" hai2="60,31,67,34,5,19,51,14,133,124,98,122,112" hai3="48,29,123,1,53,132,87,59,115,79,106,55,65"/><V17/><F112/><W99/><G123/><T73/><D114/><U47/><E118/><V78/><F122/><W125/><G115/><T43/><D117/><U76/><E127/><V39/><F39/><W11/><G125/><T102/><D126/><U107/><E135/><V70/><F124/><W74/><G74/><T113/><D113/><U77/><E107/><V33/><F133/><W71/><G29/><T23/><D105/><U4/><E121/><V81/><F98/><W63/><G132/><T116/><D116/><U38/><E4/><V7/><F51/><W20/><G20/><T100/><D89/><U93/><E93/><V32/><F31/><W119/><G119/><T128/><D128/><U97/><E77/><V57/><F70/><W103/><G1/><T54/><D54/><U75/><E75/><V104/><F104/><W90/><G11/><T37/><D28/><U82/><E82/><V94/><F94/><W3/><G3/><T130/><D35/><U66/><E66/><V95/><F95/><N who="3" m="54751" /><G79/><N who="0" m="44527" /><D130/><U108/><E108/><V44/><F44/><W49/><G49/><T61/><D61/><U86/><E97/><V30/><F30/><W69/><G48/><T41/><D43/><U10/><E10/><V64/><F64/><W129/><G129/><T36/><D37/><U68/><E68/><V40/><F40/><W15/><G69/><T18/><D23/><U0/><E0/><V25/><F25/><N who="1" m="9801" /><E21/><N who="2" m="11447" /><F19/><N who="0" m="7210" /><D102/><U52/><E22/><V111/><F111/><W6/><G71/><T26/><D26/><U88/><E76/><V131/><F131/><W13/><G6/><AGARI ba="0,0" hai="2,6,9,36,41,45,100,101" m="7210,44527" machi="6" ten="30,3900,0" yaku="6,1,25,1,54,1" doraHai="50" who="0" fromWho="3" sc="166,39,345,0,128,0,361,-39" /><INIT seed="3,0,0,5,3,126" ten="205,345,128,322" oya="3" hai0="104,8,92,107,95,135,39,121,51,16,54,9,10" hai1="120,19,2,17,31,125,116,70,67,106,84,103,53" hai2="63,122,42,79,65,132,114,108,29,117,78,38,128" hai3="127,101,26,119,102,72,15,7,52,25,87,94,11"/><W99/><G119/><T46/><D121/><U112/><E120/><V69/><F122/><W59/><G72/><T90/><D39/><U100/><E112/><V49/><F114/><W32/><G127/><T45/><D135/><U82/><E125/><V66/><F117/><W33/><G101/><N who="1" m="38986" /><E70/><V56/><F29/><W57/><G87/><T21/><D95/><U14/><E2/><V44/><F132/><W86/><G86/><T58/><D107/><U80/><E106/><V40/><F108/><W41/><G41/><T55/><D104/><U77/><E116/><V3/><F3/><W5/><G5/><T97/><REACH who="0" step="1"/><D54/><REACH who="0" ten="195,345,128,322" step="2"/><U47/><E53/><N who="2" m="31791" /><F78/><W93/><G93/><T22/><D22/><U12/><E77/><V133/><F79/><W96/><G96/><T18/><D18/><U23/><E19/><V89/><F89/><W115/><G115/><T34/><D34/><U123/><E17/><V134/><F40/><W131/><G32/><T35/><D35/><U71/><E23/><V64/><F134/><W74/><G33/><T28/><D28/><U109/><E31/><V62/><F133/><W110/><G110/><T36/><D36/><U118/><E109/><V0/><F0/><W85/><G52/><T76/><D76/><U81/><E123/><V48/><F38/><W43/><G74/><T113/><D113/><U129/><E118/><V13/><F13/><AGARI ba="0,1" hai="8,9,10,13,16,21,45,46,51,55,58,90,92,97" machi="13" ten="40,5200,0" yaku="1,1,8,1,54,1,53,0" doraHai="126" doraHaiUra="75" who="0" fromWho="2" sc="195,62,345,0,128,-52,322,0" owari="257,-14.3,345,44.5,76,-42.4,322,12.2" /></mjloggm>