<mjloggm ver="2.3"><GO type="225" lobby="0"/><UN n0="%E6%80%AA%E3%81%97%E3%81%99%E3%81%8E%E3%82%8B%E3%83%81%E3%83%BC" n1="%E3%81%99%E3%81%84%E3%81%BE%E3%81%9B%E3%83%BC%E3%82%93" n2="%E3%81%95%E3%81%8D%E3%81%9F%E3%81%BE%E6%9E%97%E6%AA%8E" n3="%E7%B4%94%E6%BD%94%E3%83%94%E3%83%A9%E3%83%8B%E3%82%A2" dan="16,18,16,17" rate="2057.54,2187.82,2096.79,2199.12" sx="M,M,M,M"/><TAIKYOKU oya="0"/><INIT seed="0,0,0,0,2,34" ten="250,250,250,250" oya="0" hai0="12,46,131,2,115,38,129,25,27,54,4,73,10" hai1="88,40,67,61,5,107,128,96,98,74,87,85,118" hai2="133,108,41,84,48,59,47,37,66,79,106,111,124" hai3="3,9,26,32,63,97,1,134,13,56,81,91,125"/><T44/><D115/><U7/><E118/><V130/><F106/><W18/><G125/><T120/><D120/><U123/><E74/><V36/><F79/><W114/><G114/><T49/><D73/><U99/><E123/><V45/><F84/><W122/><G122/><T21/><D12/><U103/><E128/><N who="0" m="49225" /><D21/><U94/><E40/><AGARI ba="0,0" hai="2,4,10,25,27,38,40,44,46,49,54" m="49225" machi="40" ten="30,2900,0" yaku="19,1,52,1" doraHai="34" who="0" fromWho="1" sc="250,29,250,-29,250,0,250,0" /><INIT seed="0,1,0,4,3,48" ten="279,221,250,250" oya="0" hai0="95,61,86,70,67,19,37,6,55,100,128,49,12" hai1="135,28,33,15,129,113,133,11,130,120,108,8,101" hai2="93,4,21,36,72,83,46,24,30,126,131,63,32" hai3="85,22,124,117,110,43,39,34,127,78,89,122,38"/><T54/><D128/><N who="1" m="49259" /><E101/><V81/><F131/><W26/><G117/><T42/><D6/><U77/><E77/><V7/><F126/><N who="3" m="48171" /><G110/><T58/><D100/><U65/><E65/><V60/><F32/><W111/><G111/><T62/><D86/><U76/><E76/><V121/><F121/><W109/><G109/><T114/><D95/><U106/><E106/><V118/><F118/><W52/><G43/><T35/><D35/><U102/><E102/><V69/><F72/><W41/><G41/><T18/><D114/><U96/><E96/><V90/><F36/><N who="3" m="13867" /><G78/><T59/><REACH who="0" step="1"/><D12/><REACH who="0" ten="269,221,250,250" step="2"/><U50/><E108/><V119/><F93/><N who="3" m="54447" /><G34/><T57/><D57/><U134/><E113/><V13/><F69/><W94/><G94/><T87/><D87/><U25/><E120/><V92/><F92/><W73/><G122/><T10/><D10/><N who="1" m="3627" /><E50/><V51/><F51/><W82/><G73/><T27/><D27/><N who="1" m="18591" /><E15/><V105/><F13/><W40/><G82/><T47/><AGARI ba="1,1" hai="18,19,37,42,47,49,54,55,58,59,61,62,67,70" machi="47" ten="30,18000,2" yaku="1,1,0,1,24,2,52,2,53,0" doraHai="48" doraHaiUra="115" who="0" fromWho="0" sc="269,193,221,-61,250,-61,250,-61" /><INIT seed="0,2,0,1,4,98" ten="462,160,189,189" oya="0" hai0="43,107,87,131,80,33,19,66,48,27,7,72,88" hai1="58,119,22,28,70,69,133,29,40,115,38,4,68" hai2="89,10,109,122,26,42,108,59,74,86,103,123,84" hai3="31,73,49,21,9,50,78,83,55,91,129,101,77"/><T132/><D131/><U85/><E119/><V44/><F74/><W34/><G34/><T79/><D132/><U15/><E133/><V51/><F59/><W113/><G113/><T121/><D121/><U24/><E115/><V54/><F84/><W104/><G91/><T99/><D7/><U111/><E111/><N who="2" m="42571" /><F42/><W6/><G77/><T75/><D66/><U65/><E58/><V41/><F41/><W56/><G129/><T2/><D2/><U3/><E3/><V23/><F10/><W95/><G104/><T112/><D112/><U94/><E65/><V102/><F123/><W128/><G128/><T46/><D19/><U117/><E117/><V53/><F53/><W57/><G31/><T36/><D36/><U90/><E29/><N who="2" m="17631" /><F122/><W47/><G21/><T62/><D62/><U135/><E135/><V30/><F30/><W71/><G71/><T82/><D72/><U106/><E70/><V18/><F18/><W63/><G57/><T37/><D37/><U60/><E60/><V12/><F12/><W125/><G47/><T32/><REACH who="0" step="1"/><D27/><REACH who="0" ten="452,160,189,189" step="2"/><U45/><E4/><V20/><F20/><W1/><G63/><T5/><D5/><U35/><E69/><V25/><F25/><W16/><G16/><T76/><D76/><U11/><E68/><V0/><F0/><W67/><G67/><T81/><D81/><AGARI ba="2,1" hai="44,51,54,81,86,89,102,103" m="17631,42571" machi="81" ten="30,3900,0" yaku="14,1,52,2" doraHai="98" who="2" fromWho="0" sc="452,-45,160,0,189,55,189,0" /><INIT seed="1,0,0,0,0,59" ten="407,160,244,189" oya="1" hai0="97,47,27,28,105,90,102,94,67,75,53,42,73" hai1="65,106,37,33,88,118,124,69,112,1,22,123,25" hai2="120,17,43,82,21,8,87,30,26,41,62,117,19" hai3="113,61,135,71,85,83,6,24,32,99,108,49,130"/><U50/><RYUUKYOKU type="yao9" ba="0,0" sc="407,0,160,0,244,0,189,0" hai1="1,22,25,33,37,50,65,69,88,106,112,118,123,124" /><INIT seed="1,1,0,4,0,84" ten="407,160,244,189" oya="1" hai0="56,36,106,115,72,125,85,119,112,47,94,64,15" hai1="25,98,20,123,9,59,60,128,65,105,19,35,111" hai2="37,69,0,38,2,109,63,17,42,28,16,97,49" hai3="113,104,82,133,30,81,118,95,71,88,67,11,29"/><U54/><E123/><V7/><F109/><W103/><G113/><T21/><D72/><U43/><E128/><V68/><F28/><W96/><G118/><T34/><D106/><U24/><E111/><V18/><F49/><W131/><G131/><T13/><D34/><U48/><E43/><V76/><F76/><W126/><G126/><T86/><D125/><U62/><E9/><V90/><F7/><W116/><G116/><T52/><D85/><U51/><E35/><V10/><F10/><W12/><G133/><T91/><D64/><U89/><E25/><V55/><F55/><W74/><G67/><T80/><D80/><U107/><E107/><V26/><F26/><W114/><G71/><T40/><D15/><U8/><E8/><V3/><F42/><W99/><G114/><T5/><D119/><U124/><E124/><V70/><F63/><W27/><G74/><T44/><D44/><U129/><E129/><V39/><F97/><W127/><G127/><T73/><D73/><U61/><E62/><V83/><F83/><W93/><G104/><T32/><D32/><U130/><E130/><V46/><F46/><W41/><G41/><T102/><D102/><U75/><E75/><V108/><F108/><W33/><REACH who="3" step="1"/><G29/><REACH who="3" ten="407,160,244,179" step="2"/><T101/><D115/><U66/><E65/><V117/><F117/><W79/><G79/><T110/><D112/><U135/><E135/><V120/><F120/><W53/><G53/><T50/><D110/><U132/><E132/><V1/><N who="2" m="0" /><DORA hai="58" /><V122/><F122/><W45/><G45/><T22/><D40/><U100/><E89/><AGARI ba="1,1" hai="16,17,18,37,38,39,68,69,70,89,90" m="0" machi="89" ten="90,32000,5" yakuman="41" doraHai="84,58" who="2" fromWho="1" sc="407,0,160,-323,244,333,179,0" owari="407,20.7,-163,-66.3,577,67.7,179,-22.1" /></mjloggm>