<mjloggm ver="2.3"><GO type="225" lobby="0"/><UN n0="%E5%B6%BA%E4%B8%8A%E5%92%B2" n1="%72%61%6B%33" n2="%E3%83%96%E3%83%83%E3%83%91%E3%82%AA%E3%83%96%E3%83%81%E3%82%AD%E3%83%B3" n3="%E3%83%81%E3%83%83%E3%82%BF%E3%82%BD%E3%83%BC" dan="16,16,16,16" rate="2110.00,2076.26,2189.13,2110.90" sx="F,M,M,F"/><TAIKYOKU oya="0"/><INIT seed="0,0,0,5,4,58" ten="250,250,250,250" oya="0" hai0="55,132,71,9,11,90,128,134,38,74,94,131,8" hai1="47,122,85,84,97,46,0,35,83,87,39,40,44" hai2="25,56,17,107,57,4,15,22,30,61,117,114,66" hai3="102,26,111,23,93,48,59,133,106,80,75,20,130"/><T7/><D74/><U37/><E122/><V2/><F117/><W115/><G111/><T109/><D109/><U116/><E116/><V14/><F114/><W88/><G133/><N who="0" m="51307" /><D71/><U52/><E35/><V82/><F107/><W101/><G130/><N who="0" m="49707" /><D38/><U126/><E126/><V29/><F82/><W79/><G115/><T100/><D100/><U110/><E110/><V73/><F73/><W104/><G20/><T72/><D72/><U33/><E33/><V10/><REACH who="2" step="1"/><F56/><REACH who="2" ten="250,250,240,250" step="2"/><W43/><G104/><T34/><D34/><U54/><E83/><V95/><F95/><W105/><G106/><T64/><D64/><U120/><E120/><V121/><F121/><W99/><G105/><T108/><D108/><U124/><E124/><V41/><F41/><W127/><G127/><T91/><D94/><U76/><E40/><V3/><F3/><W36/><G36/><T125/><D125/><U51/><E0/><V81/><F81/><W5/><G43/><T63/><D7/><U1/><E1/><V123/><F123/><W89/><G75/><T129/><N who="0" m="49715" /><T69/><DORA hai="62" /><D69/><U113/><E113/><V27/><F27/><W32/><G5/><T49/><D63/><U92/><E37/><V24/><F24/><W21/><G26/><T103/><D103/><U50/><E39/><V53/><F53/><W86/><G101/><T31/><D31/><AGARI ba="0,1" hai="2,4,10,14,15,17,22,25,29,30,31,57,61,66" machi="31" ten="40,5200,0" yaku="1,1,52,2,53,0" doraHai="58,62" doraHaiUra="77,65" who="2" fromWho="0" sc="250,-52,250,0,240,62,250,0" /><INIT seed="1,0,0,0,2,93" ten="198,250,302,250" oya="1" hai0="11,123,105,80,88,96,129,132,48,55,118,100,52" hai1="134,68,71,30,63,81,51,29,60,84,31,6,8" hai2="43,73,4,14,64,53,1,72,33,116,87,92,54" hai3="41,122,114,46,89,15,7,62,18,61,101,90,25"/><U76/><E134/><V82/><F116/><W13/><G114/><T79/><D118/><U112/><E112/><V85/><F33/><W19/><G122/><T75/><D132/><U130/><E130/><V40/><F1/><W131/><G131/><T78/><D129/><U50/><E71/><V22/><F64/><W27/><G101/><T107/><D123/><U98/><E68/><V108/><F108/><W38/><G7/><T83/><D11/><U115/><E115/><V106/><F106/><W35/><G35/><T66/><D66/><U102/><E60/><V58/><F73/><W133/><G133/><T9/><D9/><U5/><E63/><N who="2" m="36303" /><F72/><W44/><REACH who="3" step="1"/><G41/><REACH who="3" ten="198,250,302,240" step="2"/><T28/><D107/><U36/><E5/><V94/><F43/><W39/><AGARI ba="0,1" hai="13,15,18,19,25,27,38,39,44,46,61,62,89,90" machi="39" ten="25,12000,2" yaku="1,1,2,1,0,1,22,2,53,2" doraHai="93" doraHaiUra="69" who="3" fromWho="3" sc="198,-30,250,-60,302,-30,240,130" /><INIT seed="2,0,0,5,1,88" ten="168,190,272,370" oya="2" hai0="91,51,97,24,127,129,34,43,111,89,38,11,13" hai1="125,27,1,123,104,42,52,67,112,105,25,35,45" hai2="55,115,62,132,4,122,7,108,126,73,95,74,30" hai3="75,119,26,134,46,22,17,86,61,100,81,20,85"/><V40/><F115/><W56/><G134/><T116/><D111/><U82/><E112/><V9/><F122/><W113/><G113/><T57/><D38/><U72/><E1/><V98/><F132/><W107/><G119/><T121/><D121/><U71/><E123/><V5/><F108/><W101/><G46/><T54/><D43/><U63/><E125/><V103/><F126/><W15/><G75/><T21/><D127/><U79/><E52/><V64/><F40/><W130/><G130/><T135/><D135/><U49/><REACH who="1" step="1"/><E35/><REACH who="1" ten="168,180,272,370" step="2"/><V90/><F55/><N who="3" m="33951" /><G107/><AGARI ba="0,1" hai="25,27,42,45,49,63,67,71,72,79,82,104,105,107" machi="107" ten="40,1300,0" yaku="1,1,53,0" doraHai="88" doraHaiUra="2" who="1" fromWho="3" sc="168,0,180,23,272,0,370,-13" /><INIT seed="3,0,0,1,2,59" ten="168,203,272,357" oya="3" hai0="0,14,1,13,50,105,71,25,110,128,34,135,35" hai1="103,73,75,45,52,42,129,89,84,27,119,121,70" hai2="58,77,91,123,74,114,46,131,65,132,39,67,12" hai3="43,112,6,87,56,23,31,24,122,38,48,109,99"/><W44/><G112/><T127/><D25/><U90/><E121/><V125/><F114/><W101/><G122/><T9/><D50/><U79/><E70/><V104/><F123/><W76/><G109/><T55/><D55/><U47/><E103/><V115/><F104/><W33/><G6/><T95/><D95/><U62/><E79/><V3/><F91/><W32/><G87/><T8/><D71/><U4/><E4/><V28/><F58/><W86/><G86/><T107/><D128/><U11/><E11/><V20/><F20/><W72/><G76/><T18/><D135/><U22/><E119/><V80/><F28/><W97/><G72/><T16/><REACH who="0" step="1"/><D127/><REACH who="0" ten="158,203,272,357" step="2"/><U61/><E129/><V93/><F93/><W54/><G97/><T30/><D30/><U134/><E134/><V92/><F92/><AGARI ba="0,1" hai="23,24,31,32,33,38,43,44,48,54,56,92,99,101" machi="92" ten="30,1500,0" yaku="7,1" doraHai="59" who="3" fromWho="2" sc="158,0,203,0,272,-15,357,25" owari="158,-34.2,203,-19.7,257,5.7,382,48.2" /></mjloggm>