<mjloggm ver="2.3"><GO type="225" lobby="0"/><UN n0="%E3%83%A9%E3%82%B9%E7%8E%87%EF%BC%93%E5%89%B2" n1="%E4%BF%BA%E3%81%A8%E5%A6%96%E5%A4%A2" n2="%E3%83%96%E3%83%83%E3%83%91%E3%82%AA%E3%83%96%E3%83%81%E3%82%AD%E3%83%B3" n3="%E6%80%AA%E3%81%97%E3%81%99%E3%81%8E%E3%82%8B%E3%83%81%E3%83%BC" dan="17,16,17,16" rate="2210.44,2230.10,2168.68,2058.96" sx="F,F,M,M"/><TAIKYOKU oya="0"/><INIT seed="0,0,0,2,4,38" ten="250,250,250,250" oya="0" hai0="112,35,92,16,18,75,45,17,9,15,83,93,36" hai1="123,8,128,46,114,79,28,48,58,65,84,72,40" hai2="50,30,134,33,88,60,102,7,70,42,115,56,64" hai3="99,98,52,131,97,80,29,86,104,14,81,87,49"/><T106/><D106/><U127/><E123/><V2/><F115/><W125/><G104/><T66/><D35/><U61/><E114/><V124/><F134/><W111/><G111/><T126/><D112/><U74/><E128/><V116/><F124/><W57/><G125/><T5/><D126/><U105/><E127/><V1/><F102/><W119/><G119/><T109/><D109/><U82/><E105/><V85/><F116/><W39/><G39/><T108/><D108/><U120/><E120/><V133/><F133/><W94/><G131/><T13/><D66/><U27/><REACH who="1" step="1"/><E8/><REACH who="1" ten="250,240,250,250" step="2"/><V113/><F113/><W129/><G129/><T31/><D13/><U23/><AGARI ba="0,1" hai="23,27,28,40,46,48,58,61,65,72,74,79,82,84" machi="23" ten="20,8000,1" yaku="1,1,2,1,0,1,7,1,52,1,53,0" doraHai="38" doraHaiUra="71" who="1" fromWho="1" sc="250,-40,240,90,250,-20,250,-20" /><INIT seed="1,0,0,4,2,53" ten="210,330,230,230" oya="1" hai0="91,19,112,100,43,21,16,117,50,26,24,28,65" hai1="22,45,104,70,108,125,93,62,124,58,13,67,121" hai2="3,79,83,48,56,98,109,18,111,115,114,33,102" hai3="11,36,110,103,135,73,51,38,2,68,80,133,40"/><U82/><E121/><V84/><F3/><W1/><G68/><T42/><D112/><N who="2" m="43050" /><F33/><W131/><G110/><N who="2" m="41993" /><F18/><W97/><G131/><T113/><D113/><U120/><E104/><N who="2" m="63575" /><F48/><W134/><G51/><T39/><D39/><N who="3" m="14889" /><G40/><T10/><D117/><U119/><E119/><V37/><F37/><W31/><G11/><T49/><D49/><U96/><E120/><V60/><F60/><W7/><G7/><T116/><D116/><U81/><E108/><V34/><F34/><W63/><G63/><T59/><D10/><U129/><E45/><V132/><F56/><W4/><G31/><T8/><D43/><U71/><E13/><V14/><F14/><W94/><G4/><T88/><D8/><U57/><E22/><V47/><F47/><W130/><G130/><T12/><D12/><U44/><E44/><V27/><F27/><W86/><G73/><T46/><D26/><U99/><E129/><V90/><F132/><W106/><G106/><T76/><D28/><U75/><E75/><V5/><F5/><W123/><G123/><T105/><D19/><U72/><E72/><V55/><F55/><W122/><G122/><T85/><D105/><U29/><E29/><V92/><F92/><W17/><G17/><T25/><D24/><U30/><E30/><V118/><F118/><W74/><G74/><T0/><D0/><U61/><E93/><V15/><F15/><W41/><G41/><T126/><D25/><U101/><E101/><V78/><AGARI ba="0,0" hai="78,79,83,84,90" m="63575,41993,43050" machi="78" ten="40,8000,1" yaku="11,1,14,1,34,2" doraHai="53" who="2" fromWho="2" sc="210,-20,330,-40,230,80,230,-20" /><INIT seed="2,0,0,1,2,32" ten="190,290,310,210" oya="2" hai0="77,1,40,119,66,111,36,99,122,27,52,92,102" hai1="13,131,71,63,81,48,115,67,25,116,30,21,57" hai2="16,62,6,3,89,86,76,65,55,134,38,56,50" hai3="54,88,135,70,73,121,79,2,37,24,14,120,12"/><V22/><F134/><W4/><G135/><T90/><D122/><U61/><E115/><V59/><F38/><W85/><G37/><T43/><D111/><U28/><E116/><V35/><F35/><W129/><G70/><T113/><D113/><U133/><E133/><V34/><F34/><W0/><G129/><T58/><D119/><U75/><E131/><V39/><F39/><W106/><G106/><T124/><D124/><U26/><E48/><V10/><F76/><W68/><G68/><T105/><D36/><U94/><E13/><V5/><F5/><W78/><G4/><T51/><D66/><U20/><E94/><V42/><F42/><W72/><G85/><T8/><D27/><U97/><E97/><V29/><F29/><W128/><G128/><T130/><D77/><N who="3" m="29193" /><G88/><T104/><D130/><U117/><E81/><V19/><REACH who="2" step="1"/><F22/><REACH who="2" ten="190,290,300,210" step="2"/><W17/><G120/><T41/><REACH who="0" step="1"/><D90/><REACH who="0" ten="180,290,300,210" step="2"/><U107/><E117/><V64/><F64/><W80/><G121/><T82/><D82/><AGARI ba="0,2" hai="3,6,10,16,19,50,55,56,59,62,65,82,86,89" machi="82" ten="30,11600,0" yaku="1,1,7,1,52,1,54,1,53,0" doraHai="32" doraHaiUra="18" who="2" fromWho="0" sc="180,-116,290,0,300,136,210,0" /><INIT seed="2,1,0,0,2,20" ten="64,290,436,210" oya="2" hai0="74,105,125,96,13,107,49,40,104,79,108,114,116" hai1="121,134,12,93,39,102,86,38,124,11,33,3,106" hai2="133,53,97,16,85,69,131,82,9,68,70,26,35" hai3="83,42,0,15,128,100,46,50,21,75,67,7,52"/><V34/><F133/><W1/><G128/><T31/><D114/><U118/><E86/><V65/><F131/><W45/><G100/><T59/><D108/><U111/><E93/><V58/><F65/><W89/><G67/><T110/><D110/><U117/><E102/><V88/><F97/><W18/><G7/><T119/><D125/><U23/><E23/><V112/><F112/><W77/><REACH who="3" step="1"/><G89/><REACH who="3" ten="64,290,436,200" step="2"/><T48/><D96/><U44/><E111/><V14/><REACH who="2" step="1"/><F26/><REACH who="2" ten="64,290,426,200" step="2"/><W25/><G25/><T55/><D119/><U66/><E118/><V47/><F47/><W73/><G73/><T127/><D116/><U64/><E44/><V61/><AGARI ba="1,2" hai="9,14,16,34,35,53,58,61,68,69,70,82,85,88" machi="61" ten="30,11700,0" yaku="1,1,0,1,54,2,53,0" doraHai="20" doraHaiUra="17" who="2" fromWho="2" sc="64,-40,290,-40,426,140,200,-40" /><INIT seed="2,2,0,1,5,36" ten="24,250,566,160" oya="2" hai0="0,68,49,82,112,101,41,59,85,86,23,53,94" hai1="3,90,1,96,19,121,18,99,92,131,129,15,67" hai2="12,74,114,46,109,88,27,69,75,128,100,16,103" hai3="39,134,130,122,124,116,34,113,78,73,108,72,42"/><V83/><F114/><W57/><RYUUKYOKU type="yao9" ba="2,0" sc="24,0,250,0,566,0,160,0" hai3="34,39,42,57,72,73,78,108,113,116,122,124,130,134" /><INIT seed="2,3,0,5,3,95" ten="24,250,566,160" oya="2" hai0="24,69,48,109,20,106,120,135,104,101,108,18,15" hai1="130,58,133,115,16,78,125,126,54,49,41,124,5" hai2="13,33,75,112,88,44,10,35,116,81,87,77,119" hai3="70,39,107,4,71,110,28,67,12,29,30,40,50"/><V66/><F112/><W114/><G107/><T102/><D120/><U98/><E115/><V129/><F66/><W63/><G114/><T31/><D69/><U94/><E133/><V52/><F129/><W68/><G110/><T57/><D135/><U8/><E130/><V105/><F105/><W34/><G34/><N who="2" m="12809" /><F77/><W21/><G39/><T3/><D106/><U53/><E78/><V65/><F65/><W17/><G4/><T60/><D3/><U61/><E41/><V79/><F79/><W11/><G11/><T64/><D104/><U93/><E93/><V1/><F75/><W47/><AGARI ba="3,0" hai="12,17,21,28,29,30,40,47,50,63,67,68,70,71" machi="47" ten="30,1100,0" yaku="0,1" doraHai="95" who="3" fromWho="3" sc="24,-6,250,-6,566,-8,160,20" /><INIT seed="3,0,0,4,4,96" ten="18,244,558,180" oya="3" hai0="33,2,18,117,123,88,75,126,25,114,21,87,51" hai1="32,42,111,68,83,78,76,53,27,52,35,135,91" hai2="129,60,58,94,107,134,85,3,127,40,23,89,29" hai3="34,45,56,102,93,79,61,65,106,11,7,43,74"/><W108/><G34/><T121/><D75/><U1/><E68/><V57/><F127/><W124/><G93/><T62/><D117/><U9/><E42/><V8/><F129/><W28/><G28/><T30/><D126/><U122/><E122/><V0/><F134/><W82/><G108/><T37/><D37/><U92/><E135/><V10/><F107/><W90/><G90/><T67/><D114/><U109/><E9/><N who="2" m="3691" /><F0/><W116/><G116/><T64/><D2/><U5/><E5/><V105/><F3/><N who="3" m="511" /><G106/><T110/><D110/><N who="1" m="41995" /><E1/><V17/><F105/><W70/><G56/><T4/><D4/><U98/><E76/><V132/><F132/><W118/><G118/><T49/><D123/><U133/><E133/><V54/><F29/><W24/><G24/><T13/><D121/><U16/><E16/><V36/><F58/><W12/><G12/><T103/><D103/><U66/><E66/><V72/><F89/><W46/><G46/><T128/><D128/><U120/><E120/><V19/><F94/><W15/><G15/><T38/><D38/><U125/><E125/><V115/><F57/><W6/><G6/><T48/><D62/><U95/><E95/><V41/><F19/><W101/><G124/><T80/><D33/><N who="1" m="12875" /><E27/><V104/><F104/><W99/><G99/><T47/><D47/><U14/><E14/><V31/><F23/><W100/><G100/><T86/><D86/><AGARI ba="0,0" hai="52,53,78,83,86,91,92,98" m="12875,41995" machi="86" ten="30,2000,0" yaku="14,1,54,1" doraHai="96" who="1" fromWho="0" sc="18,-20,244,20,558,0,180,0" owari="-2,-50.2,264,6.4,558,65.8,180,-22.0" /></mjloggm>