<mjloggm ver="2.3"><GO type="225" lobby="0"/><UN n0="%E6%81%AC%E6%B7%A1%E5%AF%82%E5%AF%9E" n1="%6B%69%72%61%64%6F%6B%69" n2="%E3%81%8A%E3%81%AB%E3%82%83%E3%81%8A%E3%81%A1%E3%82%83" n3="%6B%75%72%69%73%75" dan="16,16,16,16" rate="2125.16,2139.02,2091.98,2160.23" sx="F,M,M,M"/><TAIKYOKU oya="0"/><INIT seed="0,0,0,1,4,29" ten="250,250,250,250" oya="0" hai0="27,112,120,16,81,75,93,10,52,57,134,5,59" hai1="30,20,8,48,55,35,133,107,67,92,46,39,36" hai2="4,124,34,86,13,104,95,24,58,6,43,26,15" hai3="129,118,45,37,28,31,106,41,126,122,100,54,94"/><T17/><BYE who="3" /><D112/><U125/><E107/><V97/><F104/><UN n3="%6B%75%72%69%73%75" /><W49/><G122/><T98/><D120/><U117/><E117/><V110/><F110/><W80/><G118/><T12/><D134/><U56/><E133/><V40/><F124/><W128/><G126/><T90/><D59/><U85/><E125/><V131/><F131/><N who="3" m="50251" /><G106/><T77/><REACH who="0" step="1"/><D27/><REACH who="0" ten="240,250,250,250" step="2"/><U121/><E121/><V82/><F58/><N who="3" m="33103" /><G80/><T76/><D76/><U84/><E56/><V116/><F116/><W22/><G22/><T78/><D78/><U62/><E20/><V2/><F82/><W89/><G100/><T9/><D9/><U96/><E8/><V111/><F24/><W88/><G89/><T51/><AGARI ba="0,1" hai="5,10,12,16,17,51,52,57,75,77,81,90,93,98" machi="51" ten="20,12000,1" yaku="1,1,0,1,7,1,54,2,53,0" doraHai="29" doraHaiUra="115" who="0" fromWho="0" sc="240,130,250,-40,250,-40,250,-40" /><INIT seed="0,1,0,4,5,47" ten="370,210,210,210" oya="0" hai0="104,72,10,44,86,1,14,45,91,20,126,73,32" hai1="97,96,31,63,123,16,77,132,110,74,100,46,23" hai2="34,57,84,107,48,21,51,124,116,13,28,134,39" hai3="79,89,43,68,115,133,125,26,64,127,61,6,93"/><T55/><D32/><U58/><E123/><V42/><F34/><W33/><G115/><T29/><D104/><U85/><E74/><V54/><F116/><W71/><G133/><T65/><D1/><U5/><E132/><V82/><F134/><W78/><G6/><T56/><D65/><U0/><E110/><V30/><F107/><W102/><G102/><T76/><D76/><U109/><E109/><V19/><F39/><W59/><G43/><T81/><D73/><U40/><E31/><V95/><F124/><N who="3" m="47691" /><G33/><T15/><D72/><U118/><E118/><V103/><F103/><W83/><G26/><N who="0" m="16583" /><D15/><U111/><E111/><V119/><F119/><W8/><G8/><T24/><D24/><U112/><E112/><V131/><F131/><W130/><G130/><T36/><D36/><U87/><E77/><N who="3" m="29194" /><G83/><T75/><D75/><U92/><E0/><V4/><F4/><W49/><G49/><N who="0" m="30831" /><D126/><U88/><E5/><AGARI ba="1,0" hai="5,10,14,44,45,81,86,91" m="30831,16583" machi="5" ten="30,2900,0" yaku="8,1,52,1" doraHai="47" who="0" fromWho="1" sc="370,32,210,-32,210,0,210,0" /><INIT seed="0,2,0,0,4,37" ten="402,178,210,210" oya="0" hai0="73,1,110,34,59,7,8,124,126,32,20,107,79" hai1="49,13,38,77,12,42,135,96,5,67,4,44,86" hai2="19,66,109,133,47,115,16,90,80,63,114,99,2" hai3="36,14,78,82,3,103,46,88,120,122,92,6,60"/><T23/><D107/><U134/><E67/><V22/><F2/><W17/><G103/><T97/><D73/><U106/><E38/><V53/><F109/><W123/><G60/><T85/><D79/><U128/><E128/><V102/><F133/><N who="1" m="50697" /><E106/><V9/><F9/><N who="3" m="2271" /><G14/><N who="1" m="5738" /><E96/><V24/><F19/><W11/><G11/><T131/><D97/><U33/><E33/><N who="0" m="12905" /><D85/><U98/><E98/><V75/><F53/><W18/><G82/><AGARI ba="2,0" hai="4,5,42,44,49,77,82,86" m="5738,50697" machi="82" ten="30,2000,0" yaku="20,1,52,1" doraHai="37" who="1" fromWho="3" sc="402,0,178,26,210,0,210,-26" /><INIT seed="1,0,0,5,0,51" ten="402,204,210,184" oya="1" hai0="83,23,103,82,53,47,108,125,100,129,40,81,48" hai1="34,86,78,101,24,118,55,69,85,0,20,68,79" hai2="95,29,64,74,19,11,13,113,72,127,110,75,94" hai3="111,25,36,116,15,58,27,128,106,88,30,87,37"/><U115/><E115/><V126/><F113/><W133/><G106/><T45/><D108/><U21/><E118/><V114/><F114/><W66/><G111/><T43/><D129/><U70/><E0/><V91/><F110/><W33/><G128/><T131/><D131/><U52/><E101/><N who="0" m="38985" /><D125/><N who="2" m="47626" /><F64/><W22/><G116/><T135/><D135/><U98/><E98/><V76/><F29/><W26/><G133/><T119/><D119/><U46/><E46/><N who="0" m="17417" /><D23/><N who="1" m="8779" /><E24/><V65/><F65/><W121/><G121/><T7/><D7/><U10/><E10/><V99/><F95/><W14/><G37/><T61/><D61/><U1/><E34/><V124/><N who="2" m="47634" /><V62/><DORA hai="96" /><F62/><N who="3" m="38231" /><G36/><T57/><AGARI ba="0,0" hai="40,43,48,53,57,81,82,83" m="17417,38985" machi="57" ten="30,8000,1" yaku="8,1,52,4" doraHai="51,96" who="0" fromWho="0" sc="402,80,204,-40,210,-20,184,-20" /><INIT seed="2,0,0,5,2,119" ten="482,164,190,164" oya="2" hai0="93,95,94,20,33,28,109,105,66,113,27,100,99" hai1="107,3,104,49,51,83,134,85,88,72,31,103,26" hai2="84,62,32,11,6,92,39,58,115,55,37,25,18" hai3="112,40,42,13,78,5,1,17,135,30,41,64,69"/><V120/><F115/><W96/><G112/><T89/><D109/><U48/><E134/><V0/><F120/><W108/><G135/><T123/><D123/><U23/><E3/><V128/><F128/><W97/><G108/><T9/><D113/><U35/><E72/><V53/><F53/><W110/><G110/><T2/><D20/><U54/><E103/><V111/><F111/><W50/><G30/><T57/><D57/><U38/><E38/><V121/><F121/><W56/><G78/><T101/><D101/><U117/><E117/><V74/><F74/><W7/><G1/><T61/><D9/><U122/><E122/><V60/><F60/><N who="3" m="37895" /><G69/><N who="0" m="42191" /><D2/><U67/><E67/><V43/><F43/><N who="3" m="11011" /><W124/><DORA hai="76" /><G50/><T82/><D82/><U90/><E54/><V44/><F44/><W79/><G79/><T75/><D75/><U21/><REACH who="1" step="1"/><E90/><AGARI ba="0,0" hai="27,28,33,89,90,93,94,95,99,100,105" m="42191" machi="90" ten="30,1000,0" yaku="25,1" doraHai="119,76" who="0" fromWho="1" sc="482,10,164,-10,190,0,164,0" /><INIT seed="3,0,0,3,0,33" ten="492,154,190,164" oya="3" hai0="37,125,100,25,115,26,130,71,80,83,110,36,88" hai1="4,48,97,103,107,90,34,20,111,41,38,105,9" hai2="11,29,68,118,0,106,108,123,121,61,59,56,94" hai3="134,109,35,43,84,133,64,23,32,70,1,66,98"/><W81/><G109/><T93/><D71/><U7/><E111/><V53/><F108/><W79/><G43/><T44/><D110/><U10/><E34/><V132/><F106/><W86/><G23/><T42/><D36/><U117/><E117/><V78/><F118/><W129/><G129/><T77/><D130/><U113/><E113/><V60/><F68/><W63/><G64/><T69/><D69/><U67/><E67/><V45/><F45/><W40/><G40/><T16/><D125/><U87/><E48/><V85/><F29/><W112/><G112/><T91/><D83/><U30/><E105/><V75/><F75/><W6/><G98/><T72/><D115/><U99/><E97/><V18/><F18/><W102/><G102/><T122/><D122/><N who="2" m="46602" /><F132/><N who="3" m="50795" /><G84/><T52/><D100/><U21/><E41/><V131/><F131/><W116/><G116/><T17/><D52/><U19/><E38/><V24/><F24/><W50/><G50/><T65/><D65/><U119/><E119/><V82/><F94/><W51/><G51/><T31/><D93/><N who="1" m="58863" /><E30/><V3/><F11/><AGARI ba="0,0" hai="1,6,11,32,35,63,66,70,79,81,86" m="50795" machi="11" ten="30,2900,0" yaku="20,1,52,1" doraHai="33" who="3" fromWho="2" sc="492,0,154,0,190,-29,164,29" /><INIT seed="3,1,0,5,1,96" ten="492,154,161,193" oya="3" hai0="94,17,75,11,20,37,83,81,2,51,50,1,63" hai1="82,9,13,54,72,127,98,26,99,128,101,89,108" hai2="22,4,56,31,59,112,92,107,95,52,64,27,132" hai3="123,91,116,53,66,8,85,0,70,38,24,57,126"/><W34/><G123/><T109/><D109/><U68/><E108/><V134/><F107/><W97/><G116/><T102/><D37/><U93/><E68/><V45/><F112/><W104/><G38/><T40/><D75/><U111/><E111/><V33/><F4/><W15/><G126/><T62/><D2/><U106/><E127/><V21/><F45/><W121/><G0/><T25/><D1/><U67/><E67/><V73/><F73/><W113/><G121/><T6/><D11/><U5/><E128/><V65/><F33/><W18/><G113/><T78/><D78/><U103/><E54/><V58/><F52/><W35/><G24/><T129/><D6/><U120/><E26/><V88/><F22/><W41/><G41/><T117/><D129/><U7/><E7/><V71/><F95/><W133/><G133/><N who="2" m="51305" /><F71/><W74/><G74/><T55/><D63/><U46/><E46/><V49/><F49/><N who="0" m="18442" /><D117/><U105/><E120/><V30/><F30/><W43/><G43/><T16/><D17/><U110/><E110/><V10/><F10/><W119/><G119/><T118/><D40/><U39/><E39/><V69/><F69/><W100/><G66/><T131/><D131/><U114/><E114/><V48/><F48/><W135/><G70/><T84/><D84/><AGARI ba="1,0" hai="21,27,31,56,58,59,64,65,84,88,92" m="51305" machi="84" ten="30,2000,0" yaku="20,1,54,1" doraHai="96" who="2" fromWho="0" sc="492,-23,154,0,161,23,193,0" owari="469,56.9,154,-34.6,184,-21.6,193,-0.7" /></mjloggm>