<mjloggm ver="2.3"><GO type="225" lobby="0"/><UN n0="%E6%A1%9C%E8%8A%B1%E9%96%83%E3%80%85" n1="%E3%81%93%E3%81%8F%E3%82%89%E3%82%AB%E3%83%90%E8%94%B5" n2="%E7%99%BD%E5%80%89%E5%AF%9B%E4%B9%8B" n3="%69%4F%4B%4F%69" dan="16,16,16,16" rate="2142.96,2164.93,2118.38,2136.48" sx="M,M,M,M"/><TAIKYOKU oya="0"/><INIT seed="0,0,0,3,1,131" ten="250,250,250,250" oya="0" hai0="0,103,20,82,68,69,62,75,73,108,60,134,94" hai1="96,23,10,32,11,2,50,100,120,111,125,95,78" hai2="33,9,3,83,85,42,63,112,57,115,104,86,5" hai3="41,24,52,13,113,8,97,130,47,12,121,135,126"/><T1/><D20/><U89/><E32/><V109/><F33/><W114/><G130/><T91/><D103/><U67/><E120/><V14/><F104/><W51/><G121/><T17/><D17/><U92/><E111/><V66/><F109/><W70/><G70/><T106/><D108/><U65/><E125/><V101/><F101/><W71/><G71/><T4/><D94/><U48/><E78/><V29/><F29/><W30/><G126/><T102/><D102/><U19/><E2/><V22/><F86/><W43/><G97/><T34/><D34/><U72/><E72/><V40/><F22/><W59/><G135/><T45/><D45/><U122/><E122/><V80/><F80/><W49/><G43/><T110/><D110/><U107/><E107/><V124/><F124/><W56/><G13/><T55/><D106/><U128/><E128/><V123/><F123/><W21/><REACH who="3" step="1"/><G59/><REACH who="3" ten="250,250,250,240" step="2"/><T64/><D69/><U99/><E10/><V36/><F14/><W18/><AGARI ba="0,1" hai="8,12,18,21,24,30,41,47,49,51,52,56,113,114" machi="18" ten="20,12000,2" yaku="1,1,2,1,0,1,7,1,54,1,53,1" doraHai="131" doraHaiUra="39" who="3" fromWho="3" sc="250,-60,250,-30,250,-30,240,130" /><BYE who="3" /><UN n3="%69%4F%4B%4F%69" /><INIT seed="1,0,0,3,1,74" ten="190,220,220,370" oya="1" hai0="33,115,102,9,134,91,8,73,107,50,126,53,58" hai1="110,69,112,59,35,39,47,31,96,60,18,28,41" hai2="131,40,11,62,68,83,81,88,86,52,106,61,92" hai3="66,135,4,21,114,48,122,125,94,30,17,108,78"/><U98/><E112/><V43/><F106/><W132/><G122/><T75/><D115/><U63/><E110/><V42/><F131/><W54/><G114/><T104/><D33/><U121/><E121/><V97/><F68/><W70/><G108/><T10/><D126/><U117/><E117/><V29/><F29/><W84/><G125/><T111/><D111/><U95/><E96/><V89/><F11/><W101/><G4/><T26/><D134/><N who="3" m="51241" /><G30/><T44/><D26/><U2/><E2/><V25/><F25/><W76/><G66/><T72/><D102/><U119/><E119/><V20/><F20/><W65/><G65/><T6/><D6/><U45/><E69/><V105/><F105/><W120/><G70/><T80/><D91/><U36/><E18/><V123/><F123/><W3/><G3/><T5/><D80/><U16/><E16/><V93/><F62/><W71/><G71/><T27/><D27/><U46/><E60/><V82/><F82/><W57/><G120/><T34/><D34/><U90/><E35/><V113/><F113/><W14/><G84/><T15/><D9/><U55/><E36/><V67/><F67/><W24/><G24/><T7/><REACH who="0" step="1"/><D58/><AGARI ba="0,0" hai="40,42,43,52,58,61,81,83,86,88,89,92,93,97" machi="58" ten="40,5200,0" yaku="8,1,54,2" doraHai="74" who="2" fromWho="0" sc="190,-52,220,0,220,52,370,0" /><INIT seed="2,0,0,1,3,82" ten="138,220,272,370" oya="2" hai0="95,46,132,86,96,41,1,133,124,135,89,7,120" hai1="87,97,25,28,117,24,127,58,122,56,32,126,90" hai2="9,78,134,35,84,4,130,76,109,74,101,115,85" hai3="2,71,79,53,19,103,45,83,23,39,64,3,98"/><V65/><F35/><W12/><G71/><T123/><D124/><N who="1" m="47659" /><E117/><V15/><F115/><W125/><G64/><T62/><D62/><U66/><E66/><V91/><F74/><W47/><G125/><T27/><D27/><N who="1" m="18463" /><E97/><V116/><F116/><W40/><G53/><T5/><D96/><U80/><E122/><V68/><F134/><W129/><G47/><T11/><REACH who="0" step="1"/><D5/><REACH who="0" ten="128,220,272,370" step="2"/><U13/><E24/><V31/><F4/><W94/><G129/><T38/><AGARI ba="0,1" hai="1,7,11,38,41,46,86,89,95,120,123,132,133,135" machi="38" ten="30,8000,1" yaku="1,1,2,1,0,1,20,1,52,1,53,0" doraHai="82" doraHaiUra="51" who="0" fromWho="0" sc="128,90,220,-20,272,-40,370,-20" /><INIT seed="3,0,0,0,0,107" ten="218,200,232,350" oya="3" hai0="24,17,127,52,116,76,75,14,89,29,97,69,109" hai1="22,87,82,108,131,118,106,50,26,18,25,80,13" hai2="90,120,57,95,61,35,42,129,0,103,88,62,98" hai3="63,5,2,113,38,33,28,81,55,20,134,70,119"/><W3/><G113/><T100/><D116/><U64/><E106/><V91/><F0/><W11/><G119/><T37/><D37/><U32/><E118/><V15/><F35/><W30/><G38/><T44/><D69/><U125/><E108/><V12/><F120/><W45/><G2/><T122/><D122/><U84/><E131/><V86/><F129/><W124/><G33/><T7/><D109/><U111/><E111/><V41/><F86/><W53/><G124/><T60/><D89/><N who="1" m="51335" /><E32/><V74/><F74/><W67/><G134/><T123/><D123/><U59/><E125/><V51/><F62/><W46/><G81/><T56/><D127/><U73/><E73/><V79/><F79/><W121/><G121/><T65/><D76/><N who="1" m="46535" /><E64/><N who="2" m="38959" /><F51/><W83/><G83/><T105/><D75/><U43/><E59/><V94/><F94/><W49/><G20/><N who="0" m="15495" /><D44/><AGARI ba="0,0" hai="13,18,22,25,26,43,44,50" m="46535,51335" machi="44" ten="30,1000,0" yaku="8,1" doraHai="107" who="1" fromWho="0" sc="218,-10,200,10,232,0,350,0" owari="208,-29.2,210,-19.0,232,3.2,350,45.0" /></mjloggm>