<mjloggm ver="2.3"><GO type="225" lobby="0"/><UN n0="%E6%9D%B1%E9%A2%A8%E3%81%AE%E3%81%8D%E3%82%83%E3%81%B7%E3%81%95%E3%82%93" n1="%E3%81%BF%E3%81%BF%E3%81%9A" n2="%E3%81%AF%E3%82%88%E3%81%8A%E3%81%98%E3%81%95%E3%82%93" n3="%70%68%65%6E%6F%6D%65" dan="16,17,17,16" rate="2163.43,2267.70,2153.54,2151.84" sx="M,M,M,M"/><TAIKYOKU oya="0"/><INIT seed="0,0,0,2,1,43" ten="250,250,250,250" oya="0" hai0="47,79,122,120,46,42,73,76,60,70,81,45,132" hai1="96,49,20,99,54,72,113,37,116,50,59,88,78" hai2="64,30,6,125,40,38,86,69,7,44,114,22,82" hai3="123,27,124,91,129,21,115,17,84,131,53,104,94"/><T34/><D34/><U107/><E116/><V109/><F114/><W121/><G115/><T87/><D132/><U135/><E113/><V119/><F119/><W55/><G104/><T23/><D42/><U57/><E37/><V74/><F74/><W85/><G124/><T83/><REACH who="0" step="1"/><D23/><REACH who="0" ten="240,250,250,250" step="2"/><U65/><E135/><V111/><F125/><W102/><G123/><T77/><D77/><U66/><E20/><V11/><F22/><W19/><G121/><T2/><D2/><U130/><E78/><V105/><F40/><W75/><G131/><T67/><AGARI ba="0,1" hai="45,46,47,60,67,70,73,76,79,81,83,87,120,122" machi="67" ten="30,12000,1" yaku="1,1,0,1,52,3,53,0" doraHai="43" doraHaiUra="90" who="0" fromWho="0" sc="240,130,250,-40,250,-40,250,-40" /><INIT seed="0,1,0,3,5,75" ten="370,210,210,210" oya="0" hai0="55,61,101,53,71,51,131,25,107,19,112,87,12" hai1="125,57,110,11,42,115,2,86,116,74,43,81,105" hai2="1,17,132,89,28,16,22,90,39,122,60,8,84" hai3="70,114,109,14,129,77,68,7,41,31,83,18,66"/><T103/><D112/><U49/><E116/><V108/><F122/><W73/><G114/><T76/><D131/><U128/><E115/><V52/><F39/><W30/><G129/><T134/><D134/><U65/><E128/><V3/><F132/><W78/><G109/><T23/><D107/><U38/><E105/><V15/><F108/><W72/><G7/><T130/><D130/><U13/><E110/><V98/><F28/><W94/><G41/><T37/><D37/><U0/><E74/><V59/><F98/><W133/><G133/><T32/><D32/><U79/><E125/><V93/><REACH who="2" step="1"/><F90/><REACH who="2" ten="370,210,200,210" step="2"/><W47/><G31/><N who="0" m="17855" /><D71/><U10/><E38/><V124/><F124/><W121/><G30/><T92/><D61/><N who="1" m="38063" /><E0/><V48/><F48/><W126/><G121/><T117/><D117/><U127/><E127/><V35/><F35/><W9/><G126/><T113/><D113/><U119/><E119/><V6/><F6/><W67/><G68/><T111/><D111/><U95/><E2/><V58/><F58/><W5/><G70/><T104/><D51/><U34/><E34/><V45/><F45/><W91/><G47/><T24/><D103/><U97/><E49/><V20/><F20/><W120/><G5/><T64/><D101/><N who="1" m="60607" /><E10/><V63/><F63/><W21/><G9/><N who="0" m="6543" /><D104/><U88/><E88/><V99/><F99/><N who="3" m="57823" /><G120/><T82/><D92/><U36/><E36/><V54/><F54/><N who="0" m="20490" /><D64/><U118/><E118/><V26/><AGARI ba="1,1" hai="1,3,8,15,16,17,22,26,52,59,60,84,89,93" machi="26" ten="20,12000,2" yaku="1,1,0,1,7,1,54,2,53,1" doraHai="75" doraHaiUra="4" who="2" fromWho="2" sc="370,-61,210,-31,200,133,210,-31" /><INIT seed="1,0,0,0,1,36" ten="309,179,333,179" oya="1" hai0="134,124,70,102,20,40,94,42,53,91,76,62,18" hai1="37,108,98,126,88,2,27,13,16,39,51,120,95" hai2="66,48,64,105,121,128,86,68,133,100,125,22,71" hai3="112,67,115,130,87,43,6,15,28,61,7,55,0"/><U26/><E120/><V69/><F121/><W77/><G0/><T33/><D33/><U25/><E2/><V114/><F105/><W82/><G130/><T14/><D102/><U58/><E126/><V35/><F35/><W127/><G127/><T96/><D124/><U83/><E108/><V117/><F125/><W8/><G28/><T103/><D134/><U23/><REACH who="1" step="1"/><E83/><REACH who="1" ten="309,169,333,179" step="2"/><V17/><F133/><W116/><G116/><T45/><D76/><U34/><E34/><V90/><F117/><W52/><G7/><T4/><D4/><U31/><E31/><V50/><F128/><W113/><REACH who="3" step="1"/><G43/><REACH who="3" ten="309,169,333,169" step="2"/><T9/><D42/><U29/><E29/><V59/><F114/><W49/><G49/><T63/><D40/><U109/><E109/><V81/><F50/><W57/><AGARI ba="0,2" hai="6,8,15,52,55,57,61,67,77,82,87,112,113,115" machi="57" ten="30,7900,0" yaku="1,1,0,1,54,1,53,1" doraHai="36" doraHaiUra="80" who="3" fromWho="3" sc="309,-20,169,-39,333,-20,169,99" /><INIT seed="2,0,0,1,4,116" ten="289,130,313,268" oya="2" hai0="102,79,23,47,2,122,107,17,103,61,100,10,40" hai1="134,39,56,120,88,119,91,5,99,32,36,29,11" hai2="89,111,60,34,44,80,71,16,1,90,53,12,135" hai3="58,14,104,20,112,24,67,21,133,131,105,76,127"/><V41/><F1/><W128/><G127/><T49/><D122/><U129/><E119/><V15/><F34/><W95/><G76/><T66/><D79/><U114/><E114/><V59/><F135/><W124/><G124/><T25/><D10/><U117/><E117/><V125/><F125/><W64/><G112/><T101/><D2/><U96/><E134/><V126/><F126/><W130/><G133/><T6/><D6/><U121/><E56/><V26/><F71/><W109/><G109/><T48/><N who="0" m="25600" /><DORA hai="8" /><T113/><D107/><N who="3" m="41033" /><G95/><T87/><D87/><U93/><E129/><V63/><F60/><N who="3" m="37911" /><G67/><T62/><D113/><U86/><E29/><V78/><F111/><W72/><G72/><T132/><D132/><U30/><E30/><V70/><F70/><W75/><G75/><T115/><D115/><U9/><E93/><V74/><F26/><W37/><G37/><T123/><D123/><U35/><REACH who="1" step="1"/><E86/><REACH who="1" ten="289,120,313,268" step="2"/><V54/><F74/><W94/><G94/><T51/><REACH who="0" step="1"/><D66/><REACH who="0" ten="279,120,313,268" step="2"/><U3/><E3/><V19/><F80/><W22/><G128/><T77/><D77/><U0/><E0/><V98/><F78/><W69/><G130/><T118/><D118/><U18/><E18/><V45/><F16/><W84/><G131/><T43/><D43/><U42/><E42/><V85/><F19/><W92/><G84/><T106/><D106/><U73/><E73/><V38/><F85/><W7/><G92/><T52/><D52/><U33/><E33/><V81/><F54/><W4/><G4/><AGARI ba="0,2" hai="4,5,9,11,32,35,36,39,88,91,96,99,120,121" machi="4" ten="25,16000,3" yaku="1,1,22,2,52,2,54,1,53,2" doraHai="116,8" doraHaiUra="110,68" who="1" fromWho="3" sc="279,0,120,180,313,0,268,-160" /><INIT seed="3,0,0,3,3,83" ten="279,300,313,108" oya="3" hai0="111,14,86,92,98,62,120,22,4,65,17,128,1" hai1="41,91,124,89,48,130,57,39,9,51,11,127,56" hai2="80,101,71,44,69,18,129,23,104,15,54,125,122" hai3="58,26,68,97,93,72,30,64,75,115,40,103,29"/><W2/><G115/><T47/><D120/><U24/><E24/><V12/><F122/><W94/><G68/><T3/><D128/><U31/><E31/><V10/><F129/><W43/><G2/><T87/><D111/><U99/><E130/><V107/><F125/><N who="1" m="48201" /><E39/><V81/><F71/><W32/><G30/><T113/><D47/><N who="1" m="25711" /><E56/><V33/><F33/><W123/><G123/><T20/><D20/><U50/><E57/><V34/><F34/><W67/><G93/><T90/><D113/><U36/><E36/><V100/><F69/><W117/><G117/><T66/><D1/><U119/><E119/><V78/><F81/><W110/><G110/><T135/><D135/><U134/><E134/><V42/><F54/><W45/><G43/><T95/><D95/><N who="1" m="56815" /><E91/><V0/><F104/><W38/><REACH who="3" step="1"/><G67/><REACH who="3" ten="279,300,313,98" step="2"/><T132/><D132/><U79/><E79/><V76/><F107/><W25/><G25/><T102/><D65/><U112/><E112/><V46/><F78/><W19/><G19/><T60/><D66/><U131/><E131/><V96/><F42/><W49/><G49/><AGARI ba="0,1" hai="9,11,49,50,51" m="56815,25711,48201" machi="49" ten="30,1000,0" yaku="18,1" doraHai="83" who="1" fromWho="3" sc="279,0,300,20,313,0,98,-10" owari="279,-12.1,320,42.0,313,11.3,88,-41.2" /></mjloggm>