<mjloggm ver="2.3"><GO type="225" lobby="0"/><UN n0="%E5%8D%A0%E3%81%84%E5%B8%AB%E8%A3%8F%E3%81%AA%E3%81%84%E3%81%97" n1="%E6%A1%9C%E8%8A%B1%E9%96%83%E3%80%85" n2="%E3%81%B2%E3%81%AA%E3%81%AE%E3%82%8A%E3%81%8F" n3="%E3%83%B4%E3%83%A0%EF%BC%99%E3%81%A6" dan="17,16,16,17" rate="2238.27,2240.65,2112.05,2127.85" sx="M,M,M,M"/><TAIKYOKU oya="0"/><INIT seed="0,0,0,4,0,56" ten="250,250,250,250" oya="0" hai0="8,21,116,17,61,55,90,50,80,108,132,79,44" hai1="99,114,92,35,43,18,133,103,60,7,120,30,74" hai2="4,127,14,3,98,72,94,66,37,13,53,41,57" hai3="62,5,10,118,93,125,71,23,45,122,32,88,46"/><T110/><D116/><U129/><E120/><V91/><F72/><W9/><G118/><T126/><D126/><U64/><E129/><V22/><F66/><W25/><G32/><T131/><D131/><U36/><E133/><V105/><F105/><W63/><G125/><T12/><D132/><U58/><E114/><V20/><F3/><W15/><G9/><T130/><D90/><U101/><E74/><V86/><F127/><W115/><G115/><T27/><D130/><U24/><E7/><V87/><F37/><W112/><G122/><T52/><D55/><U84/><E84/><N who="2" m="32299" /><F41/><W51/><G71/><T42/><D42/><U39/><E43/><V102/><F102/><W104/><G104/><T28/><REACH who="0" step="1"/><D61/><REACH who="0" ten="240,250,250,250" step="2"/><N who="3" m="23049" /><G112/><T117/><D117/><U123/><E123/><V77/><F77/><W47/><G51/><T54/><D54/><U1/><E101/><V40/><F40/><W59/><G59/><T95/><D95/><U97/><E39/><V111/><F57/><W96/><G46/><T113/><D113/><U107/><E36/><V65/><F53/><W89/><G89/><T119/><D119/><U26/><E107/><V6/><F91/><W11/><G11/><T73/><AGARI ba="0,1" hai="8,12,17,21,27,28,44,50,52,73,79,80,108,110" machi="73" ten="30,6000,0" yaku="1,1,0,1,54,1,53,0" doraHai="56" doraHaiUra="83" who="0" fromWho="0" sc="240,70,250,-20,250,-20,250,-20" /><INIT seed="0,1,0,3,1,115" ten="310,230,230,230" oya="0" hai0="111,37,7,127,121,44,69,43,35,11,84,60,93" hai1="100,39,94,135,34,48,106,123,96,46,88,89,128" hai2="92,109,62,49,6,53,91,79,5,64,32,21,13" hai3="47,114,31,29,25,87,42,41,63,61,131,119,9"/><T124/><D121/><U117/><E123/><V126/><F32/><W74/><G74/><T78/><D35/><U45/><E128/><V16/><F109/><W68/><G114/><T36/><D111/><U4/><E135/><V54/><F126/><N who="0" m="48170" /><D93/><U95/><E34/><V0/><F79/><W129/><G68/><T112/><D112/><U118/><E4/><V14/><F0/><W103/><G103/><T67/><D84/><U3/><E3/><V77/><F77/><W66/><G87/><T134/><D78/><U85/><E39/><V50/><F14/><W82/><G82/><T130/><D130/><U116/><REACH who="1" step="1"/><E48/><REACH who="1" ten="310,220,230,230" step="2"/><V110/><F110/><W125/><G125/><T1/><D134/><U40/><E40/><V38/><F38/><AGARI ba="1,1" hai="1,7,11,36,37,38,43,44,60,67,69" m="48170" machi="38" ten="30,2900,0" yaku="18,1,23,1" doraHai="115" who="0" fromWho="2" sc="310,42,220,0,230,-32,230,0" /><INIT seed="0,2,0,0,4,6" ten="352,220,198,230" oya="0" hai0="29,57,103,79,54,90,134,0,11,16,86,24,128" hai1="23,46,32,53,38,33,67,74,98,1,66,35,72" hai2="123,3,68,76,14,20,84,124,15,8,106,37,69" hai3="17,105,58,34,130,73,132,119,62,25,133,112,71"/><T45/><D128/><U97/><E1/><V117/><F123/><W94/><G112/><T49/><D134/><N who="3" m="51817" /><G130/><T129/><D129/><U96/><E23/><V116/><F3/><W22/><G105/><T122/><D122/><U51/><REACH who="1" step="1"/><E38/><REACH who="1" ten="352,210,198,230" step="2"/><V78/><F37/><W44/><G119/><T13/><D0/><U7/><E7/><V77/><F117/><W127/><G127/><T9/><D103/><U93/><E93/><V21/><F124/><W52/><G34/><T61/><D79/><U40/><E40/><V115/><F116/><W82/><G94/><N who="0" m="54615" /><D24/><U63/><E63/><V28/><F106/><W60/><G60/><T55/><D29/><U102/><E102/><V121/><F28/><W50/><G71/><T114/><D114/><U27/><E27/><V75/><F121/><W81/><G73/><AGARI ba="2,1" hai="32,33,35,46,51,53,66,67,72,73,74,96,97,98" machi="73" ten="50,1600,0" yaku="1,1,53,0" doraHai="6" doraHaiUra="108" who="1" fromWho="3" sc="352,0,210,32,198,0,230,-22" /><INIT seed="1,0,0,2,4,129" ten="352,242,198,208" oya="1" hai0="14,4,107,7,104,133,21,50,9,41,99,55,27" hai1="105,48,36,43,10,58,115,118,57,0,132,25,123" hai2="23,68,114,77,94,49,126,20,8,124,39,70,47" hai3="80,135,98,71,78,5,37,46,18,52,31,108,15"/><U88/><E115/><V67/><F39/><W26/><G71/><T110/><D110/><U121/><E105/><V120/><F120/><W73/><G108/><T89/><D133/><U29/><E118/><V40/><F114/><W2/><G98/><T74/><D74/><U24/><E36/><V32/><F32/><W134/><G5/><T116/><D116/><U11/><E43/><V60/><F70/><W3/><G3/><T122/><D4/><U90/><E48/><V130/><F130/><W75/><G75/><T76/><D76/><U30/><E0/><V113/><F113/><W59/><G2/><T112/><D122/><U34/><E34/><V128/><F128/><W45/><G18/><T127/><D127/><N who="2" m="48682" /><F8/><W54/><G15/><T61/><D61/><U56/><E56/><V103/><F77/><W100/><G100/><T64/><D64/><U131/><E131/><V101/><F94/><W38/><G38/><T6/><D41/><U22/><E22/><AGARI ba="0,0" hai="20,22,23,40,47,49,60,67,68,101,103" m="48682" machi="22" ten="30,1000,0" yaku="18,1" doraHai="129" who="2" fromWho="1" sc="352,0,242,-10,198,10,208,0" /><INIT seed="2,0,0,5,3,117" ten="352,232,208,208" oya="2" hai0="131,22,108,116,40,31,69,89,54,98,56,49,45" hai1="128,81,71,102,85,65,104,110,36,122,32,106,39" hai2="123,0,34,55,94,2,68,42,83,99,7,134,27" hai3="96,130,52,80,93,120,132,3,14,6,30,53,112"/><V88/><F68/><W87/><G130/><T103/><D108/><U118/><E118/><V46/><F134/><W26/><G132/><T100/><D69/><U5/><E110/><V70/><F70/><W10/><G3/><T84/><D131/><U67/><E128/><V48/><F123/><W8/><G8/><T61/><D116/><U97/><E106/><V38/><F7/><W12/><G12/><T77/><D77/><U121/><E32/><V35/><F83/><W13/><G13/><T20/><D31/><U24/><E24/><V63/><F63/><W135/><G112/><T90/><D90/><N who="1" m="51503" /><E5/><V25/><F25/><W43/><G43/><T91/><D89/><U82/><E82/><V126/><F126/><W17/><G6/><T114/><D114/><U115/><E115/><V18/><F18/><W66/><G66/><N who="1" m="25098" /><E71/><V64/><F64/><W78/><G135/><T62/><D62/><U74/><E74/><V127/><F127/><W113/><G113/><T29/><D29/><U44/><E44/><V125/><F125/><W47/><G47/><T33/><D33/><U4/><E4/><V41/><F41/><W107/><G107/><T92/><D100/><U15/><E15/><V129/><F129/><W124/><G124/><T37/><D37/><U101/><E101/><V111/><F111/><W59/><G59/><T11/><D11/><U72/><E72/><V19/><F35/><W58/><G58/><T60/><D61/><U57/><E57/><N who="2" m="32999" /><F34/><W86/><G80/><AGARI ba="0,0" hai="20,22,40,45,49,54,56,60,80,84,91,92,98,103" machi="80" ten="30,2000,0" yaku="7,1,8,1" doraHai="117" who="0" fromWho="3" sc="352,20,232,0,208,0,208,-20" /><INIT seed="3,0,0,3,4,13" ten="372,232,208,188" oya="3" hai0="117,57,61,80,49,58,0,43,114,95,131,14,84" hai1="40,34,55,56,115,134,66,87,83,135,130,100,86" hai2="64,36,97,133,113,91,4,65,96,20,46,101,71" hai3="107,6,124,27,60,18,102,41,9,106,21,16,28"/><W39/><G124/><T109/><D0/><U47/><E115/><V53/><F4/><W92/><G60/><T48/><D109/><U98/><E34/><V110/><F110/><W35/><G92/><T42/><D131/><U2/><E2/><V50/><F36/><W38/><G41/><T5/><D117/><U51/><E66/><V73/><F73/><W3/><G18/><T22/><D95/><N who="1" m="58463" /><E83/><V123/><F123/><W77/><G77/><T78/><D61/><N who="1" m="35999" /><E130/><V30/><F71/><W81/><G81/><T8/><D42/><U104/><E104/><N who="3" m="39978" /><G102/><T62/><D62/><U74/><E74/><V15/><F101/><W99/><G99/><T25/><D43/><U79/><E79/><V45/><F97/><W132/><G132/><AGARI ba="0,0" hai="40,47,51,86,87,132,134,135" m="35999,58463" machi="132" ten="30,1000,0" yaku="20,1" doraHai="13" who="1" fromWho="3" sc="372,0,232,10,208,0,188,-10" owari="372,47.2,242,4.2,208,-19.2,178,-32.2" /></mjloggm>