<mjloggm ver="2.3"><GO type="225" lobby="0"/><UN n0="%6C%61%6D%62" n1="%E5%A4%8F%E3%81%AA%E3%81%AE%E3%81%AB" n2="%E9%B3%B3%E6%9D%B1%E3%81%AE%E3%81%86%E3%81%95%E3%81%8E%E3%81%95%E3%82%93" n3="%E5%91%A8%E6%9D%B1" dan="16,16,17,17" rate="2237.47,2128.51,2190.63,2160.83" sx="M,M,M,M"/><TAIKYOKU oya="0"/><INIT seed="0,0,0,3,2,99" ten="250,250,250,250" oya="0" hai0="73,56,129,22,92,13,34,84,94,71,65,79,45" hai1="52,50,77,124,120,62,70,16,98,31,19,100,82" hai2="135,69,109,122,11,131,126,67,95,8,41,40,132" hai3="5,32,3,114,78,44,118,2,53,115,48,24,96"/><T121/><D34/><U75/><E120/><V68/><F122/><W101/><G118/><T20/><D121/><U46/><E124/><V97/><F126/><W14/><G78/><T1/><D1/><U47/><E31/><V108/><F97/><W116/><G116/><T133/><D71/><N who="2" m="27210" /><F95/><W74/><G74/><T93/><D73/><U6/><E6/><V111/><F131/><W35/><G14/><T107/><D133/><N who="2" m="51274" /><F67/><W81/><G81/><N who="0" m="47167" /><D107/><U64/><E47/><V29/><F29/><W113/><G24/><T57/><D129/><U60/><E62/><V128/><F128/><W127/><G127/><T23/><D65/><U15/><E15/><V7/><F7/><W10/><REACH who="3" step="1"/><G3/><REACH who="3" ten="250,250,250,240" step="2"/><T58/><D45/><U88/><REACH who="1" step="1"/><E88/><REACH who="1" ten="250,240,250,240" step="2"/><V130/><F130/><W51/><G51/><T25/><D13/><U37/><E37/><V85/><F85/><W72/><G72/><T89/><D25/><U117/><E117/><V17/><F17/><W4/><G4/><T87/><AGARI ba="0,2" hai="20,22,23,56,57,58,87,89,92,93,94" m="47167" machi="87" ten="30,1500,0" yaku="8,1" doraHai="99" who="0" fromWho="0" sc="250,35,240,-5,250,-5,240,-5" /><INIT seed="0,1,0,3,2,45" ten="285,235,245,235" oya="0" hai0="39,6,56,83,124,122,107,34,36,5,3,14,130" hai1="85,65,113,121,86,29,71,99,70,42,58,125,96" hai2="33,43,87,24,72,49,102,1,64,13,18,101,61" hai3="63,73,108,9,116,23,88,126,123,69,84,129,117"/><T28/><D122/><U82/><E121/><V57/><F72/><W19/><G123/><T51/><D107/><U31/><E42/><V97/><F1/><W44/><G73/><T127/><D3/><U120/><E120/><V54/><F43/><W47/><G108/><T94/><D83/><U16/><E125/><N who="0" m="48201" /><D130/><U8/><E113/><V30/><F87/><W74/><G74/><T4/><D94/><U26/><E86/><V103/><F97/><N who="1" m="37449" /><E70/><V131/><F131/><W40/><G129/><T59/><D14/><N who="1" m="7239" /><E71/><V89/><F89/><W128/><G126/><T50/><D28/><N who="1" m="10827" /><E26/><V53/><REACH who="2" step="1"/><F49/><REACH who="2" ten="285,235,235,235" step="2"/><N who="0" m="18442" /><D34/><U91/><E65/><V67/><F67/><W115/><G128/><T77/><D77/><U80/><E82/><V55/><F55/><W20/><G115/><T62/><D62/><U90/><E90/><V7/><F7/><W37/><G88/><T111/><D111/><U135/><E135/><V15/><F15/><W134/><G63/><T104/><D104/><U0/><E0/><V68/><F68/><W32/><G69/><T109/><D109/><U10/><E91/><V22/><AGARI ba="1,1" hai="13,18,22,24,30,33,53,54,57,61,64,101,102,103" machi="22" ten="30,4000,0" yaku="1,1,0,1,53,1" doraHai="45" doraHaiUra="21" who="2" fromWho="2" sc="285,-21,235,-11,235,53,235,-11" /><INIT seed="1,0,0,3,2,120" ten="264,224,288,224" oya="1" hai0="86,28,60,103,29,0,135,88,7,19,44,12,18" hai1="105,56,48,16,122,57,92,47,80,74,30,90,91" hai2="117,95,42,131,82,26,4,9,133,64,68,129,35" hai3="89,130,41,121,124,132,97,106,3,83,71,33,36"/><U79/><E122/><V20/><F117/><W125/><RYUUKYOKU type="yao9" ba="0,0" sc="264,0,224,0,288,0,224,0" hai3="3,33,36,41,71,83,89,97,106,121,124,125,130,132" /><INIT seed="1,1,0,4,0,24" ten="264,224,288,224" oya="1" hai0="111,129,43,77,95,98,37,114,1,28,88,89,29" hai1="40,56,86,27,108,46,34,130,135,69,105,112,42" hai2="5,83,67,76,11,3,131,41,54,20,90,119,113" hai3="126,94,25,100,13,101,80,85,19,81,66,115,63"/><U53/><E112/><V104/><F119/><W78/><G126/><T6/><D114/><U23/><E34/><V45/><F113/><W30/><G81/><T93/><D111/><U60/><E105/><V127/><F127/><W31/><G115/><T16/><D129/><U9/><E135/><V36/><F131/><W125/><G125/><T116/><D77/><U133/><E133/><V32/><F32/><W87/><G87/><N who="0" m="52383" /><D1/><U64/><E130/><V4/><F104/><W71/><G94/><T51/><D37/><U57/><E108/><V17/><F5/><W75/><G75/><T0/><D0/><U10/><E86/><V49/><F67/><W74/><G74/><T106/><D106/><U18/><E69/><V82/><F90/><W35/><REACH who="3" step="1"/><G31/><REACH who="3" ten="264,224,288,214" step="2"/><T102/><D116/><U65/><E65/><V121/><F76/><W44/><G44/><N who="0" m="26015" /><D6/><U14/><E46/><V8/><F4/><W48/><G48/><T26/><D102/><U120/><E120/><V62/><F121/><W15/><G15/><T33/><D33/><U58/><E14/><N who="2" m="9271" /><F3/><W47/><G47/><T2/><D2/><U55/><E58/><N who="2" m="35159" /><F36/><W39/><G39/><T52/><D28/><U96/><E96/><V97/><F97/><W132/><G132/><T122/><D122/><U7/><E64/><V99/><F99/><W84/><G84/><T38/><D38/><U79/><E7/><V117/><F117/><W68/><G68/><T128/><D128/><U134/><E134/><V50/><F50/><W59/><G59/><T103/><D103/><U72/><E72/><V109/><F109/><RYUUKYOKU ba="1,1" sc="264,-15,224,-15,288,15,214,15" hai2="8,11,41,45,49,82,83" hai3="13,19,25,30,35,63,66,71,78,80,85,100,101" /><INIT seed="2,2,1,4,3,37" ten="249,209,303,229" oya="2" hai0="6,72,62,17,112,61,114,54,101,106,5,10,115" hai1="24,80,104,103,38,46,111,113,88,1,0,25,135" hai2="44,82,48,105,132,116,117,2,133,95,71,30,39" hai3="121,47,52,87,77,55,36,43,118,45,90,97,109"/><V41/><F105/><W131/><G118/><N who="2" m="45673" /><F95/><W20/><G121/><T23/><D72/><U21/><E113/><V96/><F96/><W40/><G131/><T86/><D86/><U4/><E25/><V58/><F82/><W12/><G109/><T19/><D54/><U7/><E111/><V11/><F11/><W94/><G77/><T75/><D75/><U85/><E135/><N who="2" m="51787" /><F2/><W57/><G57/><T18/><D23/><U50/><E38/><V32/><F30/><W22/><G97/><N who="0" m="61743" /><D10/><U15/><E104/><V91/><F91/><W123/><G123/><T16/><D18/><U89/><E103/><V108/><F32/><W107/><G107/><T3/><D3/><U26/><E1/><V99/><F99/><W42/><G22/><T59/><D59/><U33/><E89/><V102/><F102/><W130/><G130/><T63/><AGARI ba="2,1" hai="5,6,16,17,19,61,62,63,112,114,115" m="61743" machi="63" ten="40,5200,0" yaku="29,2,54,1" doraHai="37" who="0" fromWho="0" sc="249,68,209,-15,303,-28,229,-15" /><INIT seed="3,0,0,2,5,21" ten="317,194,275,214" oya="3" hai0="30,14,23,1,120,105,35,12,135,125,36,94,106" hai1="46,38,26,16,13,131,68,76,39,102,47,104,20" hai2="34,129,40,113,86,9,109,117,89,8,7,81,52" hai3="126,107,99,111,28,18,93,82,58,27,11,75,87"/><W98/><G126/><T22/><D36/><U91/><E68/><V74/><F113/><W53/><G111/><T95/><D120/><U85/><E76/><V124/><F117/><W83/><G75/><T79/><D1/><U123/><E123/><V88/><F74/><W134/><G134/><T118/><D79/><U54/><E131/><V33/><F129/><W64/><G64/><T42/><D42/><U49/><E47/><V112/><F112/><W43/><G43/><T122/><D35/><U32/><E102/><V92/><F124/><W110/><G110/><T10/><D10/><U72/><E104/><V73/><F109/><W115/><G115/><T97/><D30/><U57/><E72/><V44/><F52/><W121/><G121/><T41/><D41/><U114/><E114/><V101/><F101/><W4/><G18/><T55/><D55/><U80/><E57/><V0/><F8/><W96/><G107/><T100/><D106/><U6/><E6/><V48/><REACH who="2" step="1"/><F73/><REACH who="2" ten="317,194,265,214" step="2"/><W69/><G11/><T3/><D100/><U119/><REACH who="1" step="1"/><E119/><REACH who="1" ten="317,184,265,214" step="2"/><V45/><F45/><W65/><G4/><T67/><D118/><U132/><E132/><V108/><F108/><W71/><G71/><T17/><D135/><U25/><E25/><V37/><F37/><W103/><G103/><T50/><D122/><U130/><E130/><V61/><F61/><W2/><G69/><T56/><D105/><U116/><E116/><V66/><F66/><W77/><G65/><T90/><D67/><U78/><E78/><V24/><F24/><W63/><G27/><T5/><D5/><RYUUKYOKU ba="0,2" sc="317,-15,184,15,265,15,214,-15" hai1="13,16,20,26,32,38,39,46,49,54,80,85,91" hai2="0,7,9,33,34,40,44,48,81,86,88,89,92" owari="322,42.2,199,-20.1,280,8.0,199,-30.1" /></mjloggm>