<mjloggm ver="2.3"><GO type="225" lobby="0"/><UN n0="%E3%81%BF%E3%81%BF%E3%81%9A" n1="%E5%A4%8F%E9%88%B4%E9%88%B4%E5%A4%8F" n2="%E3%80%93%E3%81%97%E3%83%BC%E3%82%89%E3%80%93" n3="%70%68%65%6E%6F%6D%65" dan="17,16,16,16" rate="2199.43,2154.44,2196.85,2137.75" sx="M,F,M,M"/><TAIKYOKU oya="0"/><INIT seed="0,0,0,4,4,48" ten="250,250,250,250" oya="0" hai0="4,107,73,54,95,26,20,22,28,77,108,75,130" hai1="64,68,17,92,78,113,70,51,8,85,90,41,2" hai2="15,91,65,57,135,60,106,101,13,63,82,133,43" hai3="87,66,37,56,129,96,114,38,116,94,36,21,131"/><T105/><D130/><U98/><BYE who="3" /><E113/><UN n3="%70%68%65%6E%6F%6D%65" /><V61/><F43/><W93/><G114/><T24/><D4/><U16/><E64/><V14/><F101/><W67/><G116/><T81/><D108/><U134/><E134/><N who="2" m="51211" /><F106/><W53/><G21/><T44/><D95/><U80/><E2/><V12/><N who="2" m="3072" /><DORA hai="132" /><V49/><F49/><W7/><G7/><T122/><D122/><U3/><E3/><V109/><F109/><W52/><G87/><AGARI ba="0,0" hai="57,60,61,63,65,82,87,91" m="3072,51211" machi="87" ten="50,1600,0" yaku="20,1" doraHai="48,132" who="2" fromWho="3" sc="250,0,250,0,250,16,250,-16" /><INIT seed="1,0,0,5,4,127" ten="250,250,266,234" oya="1" hai0="129,135,134,68,70,13,122,126,67,107,79,0,113" hai1="115,55,38,110,118,84,56,94,104,123,4,19,78" hai2="59,93,106,76,85,11,116,108,49,120,18,101,46" hai3="82,121,83,99,12,109,103,50,6,24,96,112,3"/><U131/><E118/><V45/><F120/><W31/><G121/><T57/><D79/><U105/><E115/><V26/><F116/><W54/><G3/><T117/><D13/><U86/><E123/><V114/><F108/><W9/><G112/><T53/><D67/><U124/><E124/><V62/><F106/><W71/><G71/><T80/><D80/><U7/><E38/><V61/><F114/><W14/><G14/><T88/><D88/><U36/><E36/><V28/><F18/><W39/><G39/><T29/><D29/><U5/><E110/><V128/><F11/><W119/><G109/><T97/><D0/><U27/><E131/><V52/><F128/><W60/><G60/><N who="2" m="23145" /><F76/><W23/><G119/><T98/><D129/><U41/><E41/><V20/><F85/><W10/><G10/><T63/><D117/><U89/><E84/><V51/><F49/><W40/><G40/><T16/><D122/><U77/><E105/><V73/><F73/><W1/><G1/><T92/><D126/><U132/><E104/><V91/><F91/><W87/><G103/><N who="0" m="62959" /><D113/><U47/><E132/><N who="0" m="50729" /><D16/><U21/><REACH who="1" step="1"/><E47/><REACH who="1" ten="250,240,266,234" step="2"/><V34/><F46/><N who="3" m="27991" /><G82/><T43/><D43/><U69/><E69/><V30/><F45/><W35/><G35/><T58/><D58/><U17/><E17/><N who="2" m="12559" /><F34/><W72/><G72/><T22/><D22/><U44/><E44/><V8/><F8/><W74/><G74/><T75/><D75/><U42/><E42/><V2/><F2/><W95/><G95/><T100/><AGARI ba="0,1" hai="53,57,63,68,70,92,98,100" m="50729,62959" machi="100" ten="30,1100,0" yaku="20,1" doraHai="127" who="0" fromWho="0" sc="250,21,240,-5,266,-3,234,-3" /><INIT seed="2,0,0,3,2,20" ten="271,235,263,231" oya="2" hai0="45,107,67,104,131,135,106,72,64,80,83,2,28" hai1="4,26,7,42,50,47,1,17,46,88,98,38,66" hai2="110,99,76,35,21,29,49,84,74,31,55,8,13" hai3="103,91,75,6,3,19,32,39,122,132,53,16,112"/><V63/><F74/><W25/><G122/><T77/><D2/><U52/><E1/><V126/><F35/><W43/><G132/><T119/><D135/><U95/><REACH who="1" step="1"/><E66/><REACH who="1" ten="271,225,263,231" step="2"/><V71/><F126/><W36/><G112/><T24/><D64/><U58/><E58/><V89/><F71/><W129/><G129/><T128/><D67/><U130/><E130/><V101/><F110/><W62/><G3/><T116/><D128/><U54/><E54/><V93/><F63/><W33/><G53/><T5/><D131/><U18/><E18/><V102/><F31/><W115/><G62/><T123/><D123/><U11/><E11/><V41/><F55/><W12/><G115/><T86/><D5/><U44/><E44/><N who="2" m="25743" /><F8/><W34/><G6/><T27/><D45/><U30/><E30/><V0/><F0/><W125/><G125/><T69/><D69/><U37/><E37/><V61/><F61/><W134/><G134/><T82/><D28/><U96/><E96/><V108/><F108/><W56/><G39/><T133/><D133/><U117/><E117/><N who="0" m="45129" /><D72/><U121/><E121/><V111/><F111/><W14/><G75/><T40/><D40/><U92/><E92/><V9/><F9/><W51/><G36/><T85/><D82/><U90/><E90/><AGARI ba="0,1" hai="24,27,77,80,83,85,86,90,104,106,107" m="45129" machi="90" ten="40,5200,0" yaku="12,1,52,2" doraHai="20" who="0" fromWho="1" sc="271,62,225,-52,263,0,231,0" /><INIT seed="3,0,0,3,4,66" ten="333,173,263,231" oya="3" hai0="125,102,35,74,71,19,43,121,40,87,100,24,36" hai1="68,92,26,12,95,21,131,29,94,61,28,90,62" hai2="10,83,81,9,128,105,11,49,117,133,134,39,48" hai3="91,25,99,114,6,13,85,2,111,45,33,17,46"/><W38/><G114/><T113/><D74/><U64/><E131/><V119/><F105/><W53/><G111/><T127/><D71/><U120/><E120/><V88/><F39/><W30/><G99/><T124/><D121/><U20/><E62/><V129/><F10/><N who="3" m="2391" /><G38/><T22/><D113/><U69/><E69/><V130/><F130/><W106/><G53/><T80/><D35/><U8/><E20/><V18/><F18/><W16/><G17/><T41/><D36/><U116/><E29/><V108/><REACH who="2" step="1"/><F88/><AGARI ba="0,0" hai="19,22,24,40,41,43,80,87,88,100,102,124,125,127" machi="88" ten="50,3200,0" yaku="18,1,54,1" doraHai="66" who="0" fromWho="2" sc="333,32,173,0,263,-32,231,0" owari="365,46.5,173,-32.7,231,3.1,231,-16.9" /></mjloggm>