<mjloggm ver="2.3"><GO type="225" lobby="0"/><UN n0="%E5%8F%AF%E5%85%90%E9%82%A3%E7%94%B1%E5%A4%9A" n1="%E6%81%A5%E6%99%92%E3%81%97" n2="%E5%8D%A0%E3%81%84%E5%B8%AB%E8%A3%8F%E3%81%AA%E3%81%84%E3%81%97" n3="%E3%81%90%E3%81%A1%E3%82%84%E3%81%BE" dan="16,16,17,16" rate="2118.29,2177.03,2172.11,2142.60" sx="F,M,M,M"/><TAIKYOKU oya="0"/><INIT seed="0,0,0,5,5,124" ten="250,250,250,250" oya="0" hai0="0,50,5,73,90,129,99,77,52,62,70,35,55" hai1="127,19,112,126,56,27,48,53,36,84,128,66,123" hai2="46,3,54,96,122,83,44,118,87,104,64,22,21" hai3="106,81,116,39,69,43,134,75,57,101,17,28,8"/><T93/><D35/><U61/><E84/><V72/><F122/><W47/><G116/><T10/><D129/><U37/><E27/><V14/><F3/><W120/><G69/><T89/><D73/><U88/><E19/><V31/><F118/><W41/><G134/><T49/><D77/><U20/><E20/><V59/><F72/><W125/><G125/><N who="1" m="47626" /><E88/><N who="2" m="51327" /><F104/><W40/><G120/><T13/><D0/><U2/><E2/><V15/><F64/><W32/><G57/><N who="0" m="35111" /><D70/><N who="1" m="42319" /><E123/><V105/><F105/><W42/><G32/><T121/><D121/><U68/><E112/><V71/><F71/><W58/><G28/><T60/><D89/><U1/><E1/><V51/><F96/><W30/><G30/><T115/><D115/><U12/><E12/><N who="2" m="4651" /><F21/><W110/><G75/><T6/><D6/><U18/><E18/><V92/><F92/><W23/><G23/><T29/><D29/><U11/><E11/><V133/><F133/><W7/><G106/><T26/><D26/><AGARI ba="0,0" hai="22,26,31,44,46,51,54,59" m="4651,51327" machi="26" ten="30,2000,0" yaku="8,1,54,1" doraHai="124" who="2" fromWho="0" sc="250,-20,250,0,250,20,250,0" /><INIT seed="1,0,0,1,4,10" ten="230,250,270,250" oya="1" hai0="51,60,102,130,45,114,92,30,101,56,109,133,120" hai1="58,26,23,28,103,67,34,32,4,6,98,75,24" hai2="35,129,0,19,124,112,33,90,55,72,18,96,39" hai3="127,104,78,88,11,117,91,107,41,110,17,105,113"/><U1/><E75/><V81/><F124/><W52/><G113/><T128/><D114/><U119/><E119/><V122/><F112/><W21/><G127/><T118/><D118/><U54/><E1/><V84/><F0/><W57/><G117/><T14/><D109/><U74/><E74/><V46/><F122/><W42/><G78/><T68/><D68/><U31/><E67/><V134/><F134/><W9/><G110/><T3/><D3/><U63/><REACH who="1" step="1"/><E23/><REACH who="1" ten="230,240,270,250" step="2"/><V29/><F72/><W116/><G116/><T38/><D120/><U59/><E59/><V47/><F33/><W89/><G9/><T16/><D133/><U87/><E87/><V22/><F35/><W77/><G11/><T62/><D56/><U61/><E61/><V111/><F84/><W93/><G93/><AGARI ba="0,1" hai="4,6,24,26,28,31,32,34,54,58,63,93,98,103" machi="93" ten="30,12000,1" yaku="1,1,7,1,9,1,53,2" doraHai="10" doraHaiUra="20" who="1" fromWho="3" sc="230,0,240,130,270,0,250,-120" /><INIT seed="1,1,0,1,2,86" ten="230,370,270,130" oya="1" hai0="124,21,0,111,19,118,73,81,39,38,72,52,130" hai1="66,94,101,100,83,61,15,74,91,4,48,33,80" hai2="62,116,78,49,133,88,16,129,40,70,69,87,58" hai3="31,105,84,122,97,18,115,5,71,55,36,123,53"/><U1/><E1/><V29/><F116/><W120/><G115/><T45/><D118/><U28/><E33/><V41/><F29/><W135/><G36/><T44/><D0/><U42/><E28/><V108/><F108/><W110/><G110/><T121/><D111/><U3/><E3/><V89/><F133/><W46/><G71/><T60/><D130/><U131/><E131/><V113/><F129/><W2/><G135/><T64/><D124/><U13/><E48/><V68/><F113/><W79/><G18/><T92/><D121/><U47/><E100/><V77/><F49/><W23/><G97/><T109/><D109/><U26/><E26/><V65/><F89/><W14/><G105/><T22/><D92/><U8/><E101/><V114/><F114/><W95/><G2/><T128/><D128/><U112/><E15/><V119/><F119/><W96/><G31/><T99/><D99/><U50/><E74/><V104/><F104/><W25/><G46/><T9/><D44/><U51/><E51/><V125/><F125/><W43/><G43/><T12/><D72/><U134/><E134/><V54/><F54/><W126/><G126/><T7/><D39/><U6/><E6/><V27/><F40/><W20/><G123/><T82/><D73/><U106/><E112/><V57/><F58/><W24/><G122/><T98/><D7/><U93/><E93/><N who="2" m="54431" /><F41/><W75/><G75/><T90/><D38/><U67/><E106/><V10/><F27/><W63/><G25/><T35/><D35/><U56/><E67/><V107/><F107/><W17/><G120/><RYUUKYOKU ba="1,0" sc="230,-15,370,15,270,15,130,-15" hai1="4,8,13,42,47,50,56,61,66,80,83,91,94" hai2="10,16,57,62,65,68,69,70,77,78" /><INIT seed="1,2,0,2,2,31" ten="215,385,285,115" oya="1" hai0="36,39,43,102,101,127,47,14,115,45,74,70,12" hai1="116,48,88,41,117,120,73,28,21,113,91,96,24" hai2="23,135,63,92,109,25,64,59,13,15,94,118,106" hai3="29,68,129,57,62,131,83,79,52,121,84,89,49"/><U4/><E113/><V105/><F118/><W132/><G121/><T85/><D115/><U90/><E120/><V71/><F109/><W5/><G132/><T3/><D74/><U65/><E73/><V44/><F135/><W93/><G5/><T133/><D3/><U95/><E65/><V27/><F71/><W100/><G100/><T6/><D133/><U82/><E82/><V11/><F106/><W50/><G68/><T77/><D70/><U51/><E4/><V112/><F105/><W97/><REACH who="3" step="1"/><G29/><REACH who="3" ten="215,385,285,105" step="2"/><T16/><D6/><U34/><E116/><V107/><F112/><W42/><G42/><T108/><D43/><U122/><E41/><V111/><F107/><W78/><G78/><T19/><D77/><U56/><E122/><V86/><F111/><W61/><G61/><T66/><D108/><U76/><E76/><V22/><F63/><W87/><G87/><T60/><D60/><U58/><E117/><V53/><F86/><W81/><G81/><T114/><D114/><U69/><E69/><V124/><F94/><W54/><G54/><T99/><D85/><U35/><E51/><AGARI ba="2,1" hai="49,50,51,52,57,62,79,83,84,89,93,97,129,131" machi="51" ten="40,2600,0" yaku="1,1,54,1,53,0" doraHai="31" doraHaiUra="18" who="3" fromWho="1" sc="215,0,385,-32,285,0,105,42" /><INIT seed="2,0,0,2,2,9" ten="215,353,285,147" oya="2" hai0="68,122,125,107,25,119,37,79,110,53,19,43,29" hai1="51,55,116,49,47,115,95,85,39,63,62,103,26" hai2="128,75,4,73,133,59,127,106,11,113,41,112,32" hai3="111,92,3,30,121,21,16,109,72,78,31,61,36"/><V23/><F32/><W130/><G121/><T98/><D53/><U104/><E115/><V70/><F70/><W96/><G3/><T67/><D19/><U64/><E116/><V126/><F106/><W56/><G36/><T50/><D50/><U74/><E74/><N who="2" m="28171" /><F23/><W131/><G78/><T114/><D79/><U84/><E39/><V80/><F80/><W91/><G72/><T38/><D107/><U77/><E104/><V90/><F41/><W54/><G31/><T2/><D29/><U65/><E26/><V76/><F76/><W82/><G30/><T48/><D25/><U66/><E51/><V108/><F133/><W1/><G1/><T87/><D48/><U33/><E33/><V120/><F120/><W6/><G82/><T117/><D43/><U17/><E17/><V99/><F128/><N who="3" m="49195" /><G6/><T13/><D2/><U93/><E77/><V42/><F42/><W20/><G20/><T22/><D22/><U89/><E103/><V81/><F108/><W0/><G0/><T45/><D110/><U58/><E63/><V34/><F34/><W60/><G60/><T134/><D122/><U12/><E12/><AGARI ba="0,0" hai="12,16,21,54,56,61,91,92,96,109,111" m="49195" machi="12" ten="30,3900,0" yaku="19,1,52,1,54,1" doraHai="9" who="3" fromWho="1" sc="215,0,353,-39,285,0,147,39" /><INIT seed="3,0,0,3,0,9" ten="215,314,285,186" oya="3" hai0="60,72,81,130,119,90,107,33,5,8,79,55,25" hai1="113,128,134,78,73,120,24,21,51,99,58,122,20" hai2="108,132,87,64,49,93,38,127,7,18,131,135,80" hai3="109,88,43,126,105,39,70,47,6,65,106,42,61"/><W48/><G126/><T52/><D119/><U46/><E113/><V103/><F38/><W29/><G109/><T116/><D116/><U111/><E111/><V74/><F108/><W92/><G29/><T68/><D130/><U17/><E128/><V31/><F131/><W110/><G110/><T121/><D121/><U96/><E134/><V83/><F74/><W75/><G75/><T101/><D90/><U2/><E2/><V54/><F64/><W45/><REACH who="3" step="1"/><G6/><REACH who="3" ten="215,314,285,176" step="2"/><T118/><D118/><U15/><E73/><V102/><F7/><W100/><G100/><T44/><D101/><U129/><E129/><V123/><F31/><W95/><G95/><T82/><D107/><U84/><E120/><V124/><F93/><W12/><G12/><T0/><D82/><N who="1" m="47191" /><E122/><V32/><F123/><W37/><G37/><T62/><D25/><U71/><E24/><V66/><F83/><W98/><AGARI ba="0,1" hai="39,42,43,45,47,48,61,65,70,88,92,98,105,106" machi="98" ten="20,18000,2" yaku="1,1,0,1,7,1,54,1,53,2" doraHai="9" doraHaiUra="36" who="3" fromWho="3" sc="215,-60,314,-60,285,-60,176,190" owari="155,-34.5,254,5.4,225,-17.5,366,46.6" /></mjloggm>