<mjloggm ver="2.3"><GO type="225" lobby="0"/><UN n0="%E3%81%BF%E3%81%BF%E3%81%9A" n1="%E3%81%AF%E3%82%88%E3%81%8A%E3%81%98%E3%81%95%E3%82%93" n2="%E3%81%99%E3%81%84%E3%81%BE%E3%81%9B%E3%83%BC%E3%82%93" n3="%E3%81%95%E3%81%8D%E3%81%9F%E3%81%BE%E6%9E%97%E6%AA%8E" dan="17,17,18,16" rate="2238.48,2126.03,2228.84,2162.74" sx="M,M,M,M"/><TAIKYOKU oya="0"/><INIT seed="0,0,0,4,1,67" ten="250,250,250,250" oya="0" hai0="61,15,81,98,96,52,62,108,58,21,4,18,9" hai1="130,45,54,92,11,65,131,119,16,72,64,1,49" hai2="36,95,26,5,47,6,7,135,71,24,126,69,66" hai3="97,57,83,116,22,50,133,41,82,44,34,93,127"/><T122/><D122/><U33/><E119/><V105/><F105/><W89/><G116/><T125/><D125/><U8/><E33/><V48/><F36/><W99/><G133/><T51/><D108/><U110/><E72/><V118/><F135/><W27/><G34/><T111/><D111/><U30/><E110/><V103/><F118/><W28/><G127/><T106/><D81/><U94/><E30/><V42/><F126/><W80/><REACH who="3" step="1"/><G57/><REACH who="3" ten="250,250,250,240" step="2"/><T17/><D106/><U134/><E134/><V100/><F71/><W113/><G113/><T53/><D17/><U60/><E16/><V74/><F69/><W75/><G75/><T123/><D123/><U59/><E59/><V91/><F74/><W78/><G78/><T25/><D62/><U31/><E60/><V70/><F70/><W112/><G112/><T40/><D40/><U10/><E11/><V107/><F107/><W19/><G19/><T20/><REACH who="0" step="1"/><D21/><REACH who="0" ten="240,250,250,240" step="2"/><U87/><E31/><V63/><F63/><W46/><G46/><AGARI ba="0,2" hai="4,9,15,18,20,25,46,51,52,53,58,61,96,98" machi="46" ten="30,18000,2" yaku="1,1,2,1,7,1,8,1,54,1,53,1" doraHai="67" doraHaiUra="14" who="0" fromWho="3" sc="240,200,250,0,250,0,240,-180" /><INIT seed="0,1,0,1,3,131" ten="440,250,250,60" oya="0" hai0="127,118,74,114,81,76,66,130,53,82,95,0,78" hai1="61,9,41,65,15,112,69,5,84,122,62,96,133" hai2="119,50,87,123,1,11,48,16,70,26,106,36,31" hai3="101,19,52,88,67,51,28,47,17,10,80,134,56"/><T79/><D0/><U109/><E122/><V71/><F123/><W63/><G101/><T43/><D66/><U99/><E109/><V49/><F106/><W7/><G28/><T86/><D43/><U33/><E33/><V18/><F36/><W125/><G125/><T27/><D27/><U24/><E112/><V55/><F55/><W83/><G83/><T21/><D21/><U4/><E41/><V60/><F119/><W105/><G105/><T23/><D23/><U72/><E72/><V37/><F37/><W90/><G134/><T103/><D53/><U29/><E4/><V45/><F45/><W8/><G8/><T110/><D114/><U58/><E84/><V73/><F73/><W44/><G44/><T97/><D118/><U22/><E133/><V12/><F87/><W116/><G116/><T46/><D46/><U54/><AGARI ba="1,0" hai="5,9,15,22,24,29,54,58,61,62,65,69,96,99" machi="54" ten="20,1500,0" yaku="0,1,7,1" doraHai="131" who="1" fromWho="1" sc="440,-8,250,18,250,-5,60,-5" /><INIT seed="1,0,0,5,1,54" ten="432,268,245,55" oya="1" hai0="44,86,5,19,57,107,11,73,21,16,108,115,30" hai1="13,131,20,61,84,70,111,126,106,41,38,75,99" hai2="25,12,34,120,18,39,116,55,32,82,90,93,91" hai3="88,56,104,50,31,92,94,58,36,23,62,2,77"/><U130/><E75/><V72/><F116/><W4/><G104/><T105/><D73/><U43/><E126/><V9/><F120/><W15/><G36/><T71/><D71/><U95/><E106/><V64/><F39/><W69/><G69/><T112/><D44/><U67/><E84/><V48/><F64/><W113/><G113/><T133/><D30/><U3/><E3/><V83/><F91/><W85/><G2/><T132/><D86/><U28/><E111/><V129/><F129/><N who="1" m="49161" /><E38/><V78/><F25/><N who="3" m="16831" /><G77/><T40/><D108/><U42/><E13/><V118/><F83/><N who="3" m="49215" /><G50/><T96/><D107/><U101/><E20/><V59/><F118/><W7/><G62/><T60/><D105/><U127/><E127/><V10/><F10/><N who="3" m="4551" /><G7/><T47/><D5/><U74/><E74/><V6/><F6/><W110/><G110/><T17/><D11/><U68/><E28/><V51/><F51/><W0/><G0/><T46/><D21/><U134/><E70/><V87/><AGARI ba="0,0" hai="9,12,18,32,34,48,55,59,72,78,82,87,90,93" machi="87" ten="20,2700,0" yaku="0,1,7,1,52,1" doraHai="54" who="2" fromWho="2" sc="432,-7,268,-13,245,27,55,-7" /><INIT seed="2,0,0,3,2,52" ten="425,255,272,48" oya="2" hai0="35,134,123,125,61,25,15,16,80,103,36,86,32" hai1="41,62,73,105,55,33,110,27,115,60,129,5,120" hai2="51,14,46,58,102,116,106,99,133,111,113,20,29" hai3="97,8,18,66,42,91,11,78,132,23,28,1,98"/><V53/><F113/><W56/><G132/><T131/><D123/><U89/><E115/><V43/><F116/><W44/><G1/><T17/><D36/><U49/><E73/><V68/><F68/><W79/><G28/><T117/><D103/><U38/><E105/><V128/><F133/><W93/><G97/><T72/><D72/><U90/><E5/><V95/><F128/><W121/><G121/><T96/><D96/><U24/><E120/><V101/><F111/><W65/><G65/><T69/><D134/><U77/><E77/><V84/><F84/><W34/><G34/><T70/><D131/><U12/><E129/><V107/><F102/><W4/><G79/><T50/><D50/><U0/><E0/><V122/><F122/><W64/><G78/><T124/><D117/><U104/><E104/><V13/><F13/><W10/><G4/><T21/><D32/><U119/><E119/><V87/><F87/><W126/><G126/><N who="0" m="48747" /><D61/><U83/><E38/><V22/><F107/><W100/><G100/><T57/><D57/><U37/><E37/><V6/><F106/><W130/><G56/><T59/><D59/><N who="1" m="33263" /><E33/><V82/><F82/><W112/><G112/><T31/><D17/><U9/><E83/><V114/><F114/><W2/><G2/><T108/><D108/><U30/><E110/><V118/><F118/><W81/><G81/><T127/><N who="0" m="48755" /><T109/><DORA hai="47" /><D109/><U39/><E39/><N who="2" m="21887" /><F29/><W45/><G130/><T63/><D63/><N who="1" m="24107" /><E30/><V48/><F51/><N who="3" m="27031" /><G45/><T85/><D80/><U54/><E41/><V135/><F135/><W71/><G71/><AGARI ba="0,0" hai="15,16,21,25,31,35,69,70,71,85,86" m="48755" machi="71" ten="40,5200,0" yaku="6,1,18,1,54,1" doraHai="52,47" who="0" fromWho="3" sc="425,52,255,0,272,0,48,-52" owari="477,57.7,255,-14.5,272,7.2,-4,-50.4" /></mjloggm>