<mjloggm ver="2.3"><GO type="225" lobby="0"/><UN n0="%E3%81%82%E3%82%93%E3%81%AA%E3%81%A4" n1="%E9%A6%AC%E5%BC%95%E7%81%AB%33" n2="%72%65%6E%6B%75%6E" n3="%E3%83%96%E3%83%83%E3%83%91%E3%82%AA%E3%83%96%E3%83%81%E3%82%AD%E3%83%B3" dan="17,16,17,17" rate="2188.32,2106.07,2168.87,2184.33" sx="M,M,M,M"/><TAIKYOKU oya="0"/><INIT seed="0,0,0,3,2,110" ten="250,250,250,250" oya="0" hai0="17,96,36,18,0,32,52,94,2,41,60,50,97" hai1="99,12,37,20,33,61,29,107,24,15,135,63,82" hai2="130,64,44,65,25,121,113,77,76,98,86,89,79" hai3="68,53,83,111,126,70,112,72,90,106,1,56,87"/><T42/><D32/><U47/><E135/><V48/><F121/><W84/><G111/><T46/><D60/><U133/><E133/><V74/><F130/><W124/><G72/><T43/><D36/><U49/><E37/><V69/><F74/><W35/><G35/><T67/><D67/><U34/><E34/><V123/><F123/><W26/><G1/><T10/><D97/><U58/><E63/><V108/><F108/><W125/><G106/><T80/><D80/><U5/><E5/><V54/><F113/><W88/><G26/><T85/><D85/><U51/><E82/><V8/><F69/><W75/><G75/><T39/><D39/><U71/><E51/><V91/><F25/><W9/><G9/><T101/><REACH who="0" step="1"/><D0/><REACH who="0" ten="240,250,250,250" step="2"/><U95/><E33/><V4/><F98/><W81/><REACH who="3" step="1"/><G112/><REACH who="3" ten="240,250,250,240" step="2"/><T7/><AGARI ba="0,2" hai="2,7,10,17,18,41,42,43,46,50,52,94,96,101" machi="7" ten="30,11700,0" yaku="1,1,2,1,0,1,54,1,53,0" doraHai="110" doraHaiUra="27" who="0" fromWho="0" sc="240,137,250,-39,250,-39,240,-39" /><INIT seed="0,1,0,0,1,100" ten="377,211,211,201" oya="0" hai0="92,41,1,17,27,10,122,19,45,86,63,79,51" hai1="78,117,111,0,105,31,118,110,38,64,70,54,90" hai2="66,69,132,11,23,85,56,106,22,44,83,124,95" hai3="80,102,131,15,47,93,68,24,2,82,59,113,67"/><T127/><D122/><U61/><E0/><V107/><F69/><W50/><G113/><T133/><D127/><U33/><E38/><V76/><F124/><W119/><G2/><T112/><D112/><U43/><E43/><V74/><F132/><W60/><G119/><T129/><D133/><U62/><E78/><V14/><F44/><W72/><G131/><T32/><D129/><U126/><E126/><V25/><F66/><W84/><G72/><T135/><D135/><U16/><E105/><V20/><F56/><W89/><G68/><T65/><D32/><U13/><E90/><V88/><REACH who="2" step="1"/><F25/><REACH who="2" ten="377,211,201,201" step="2"/><W108/><G108/><T58/><D27/><U18/><E70/><V125/><F125/><W115/><G115/><T6/><D65/><U42/><E64/><V114/><F114/><W99/><G24/><T28/><D58/><U35/><E111/><V36/><F36/><W103/><G15/><T87/><D45/><U91/><E110/><V34/><F34/><W75/><G75/><T53/><D1/><U46/><E13/><V4/><AGARI ba="1,1" hai="4,11,14,20,22,23,74,76,83,85,88,95,106,107" machi="4" ten="30,8000,1" yaku="1,1,0,1,52,2,54,1,53,0" doraHai="100" doraHaiUra="134" who="2" fromWho="2" sc="377,-41,211,-21,201,93,201,-21" /><INIT seed="1,0,0,5,5,102" ten="336,190,294,180" oya="1" hai0="70,76,39,106,54,14,4,125,38,3,126,20,27" hai1="133,65,2,104,114,53,132,34,55,101,66,88,69" hai2="108,112,89,58,68,49,33,52,100,92,67,116,97" hai3="124,31,12,96,59,129,93,74,25,127,122,22,21"/><U42/><E114/><V5/><F116/><W36/><G122/><T45/><D3/><U75/><E34/><V103/><F112/><W130/><G36/><T121/><D70/><U86/><E75/><V135/><F33/><N who="3" m="20719" /><G74/><T47/><D121/><U73/><E73/><V32/><F32/><W16/><G59/><T1/><D1/><U109/><E2/><V43/><F108/><W48/><G48/><N who="0" m="28943" /><D47/><U9/><E9/><V78/><F78/><W85/><G85/><T57/><D57/><U29/><E29/><V17/><F5/><W91/><G22/><T51/><D51/><U71/><E42/><V62/><F135/><N who="1" m="51785" /><E109/><V90/><F43/><W99/><G99/><T50/><D50/><U41/><E41/><V117/><F117/><W44/><G44/><T0/><D0/><U37/><E37/><V110/><F110/><W7/><G7/><T72/><D4/><U15/><E15/><V56/><F68/><N who="1" m="26185" /><E65/><V87/><REACH who="2" step="1"/><F17/><REACH who="2" ten="336,190,284,180" step="2"/><W13/><G13/><T79/><D14/><U134/><E134/><V64/><F64/><W84/><G96/><T8/><D38/><U18/><E18/><V30/><F30/><W6/><G6/><T61/><D39/><U23/><E66/><V119/><F119/><W28/><G28/><T46/><D72/><U113/><E113/><V82/><AGARI ba="0,1" hai="49,52,56,58,62,67,82,87,89,90,92,97,100,103" machi="82" ten="20,8000,1" yaku="1,1,0,1,7,1,8,1,54,1,53,0" doraHai="102" doraHaiUra="26" who="2" fromWho="2" sc="336,-20,190,-40,284,90,180,-20" /><INIT seed="2,0,0,3,2,99" ten="316,150,374,160" oya="2" hai0="115,32,110,93,122,47,49,18,27,67,120,52,53" hai1="15,133,79,69,57,58,17,28,35,131,8,21,119" hai2="56,3,24,130,84,12,73,61,90,125,101,60,78" hai3="1,80,98,22,95,29,65,106,94,23,81,0,102"/><V70/><F3/><W76/><G65/><T38/><D115/><U107/><E119/><V4/><F101/><W44/><G44/><T96/><D110/><U82/><E69/><V41/><F41/><W71/><G71/><T123/><D67/><U63/><E107/><V26/><F70/><W113/><G113/><T109/><D109/><U92/><E131/><V7/><F130/><W118/><G118/><T51/><D38/><U88/><E133/><V112/><F112/><W116/><G116/><T126/><D126/><U19/><E35/><V37/><F37/><W135/><G135/><T42/><D49/><U129/><E28/><V14/><F73/><W31/><G106/><T77/><D77/><U128/><E128/><V64/><F78/><W86/><G76/><T30/><REACH who="0" step="1"/><D18/><REACH who="0" ten="306,150,374,160" step="2"/><U108/><E108/><V13/><F125/><W72/><G72/><T66/><D66/><N who="1" m="39279" /><E129/><V6/><REACH who="2" step="1"/><F60/><REACH who="2" ten="306,150,364,160" step="2"/><W124/><G124/><T54/><D54/><U97/><E58/><V91/><F91/><AGARI ba="0,2" hai="27,30,32,42,47,51,52,53,91,93,96,120,122,123" machi="91" ten="40,2600,0" yaku="1,1,54,1,53,0" doraHai="99" doraHaiUra="127" who="0" fromWho="2" sc="306,46,150,0,364,-26,160,0" /><INIT seed="3,0,0,1,0,32" ten="352,150,338,160" oya="3" hai0="10,1,4,36,33,46,124,53,108,122,133,104,51" hai1="113,118,123,81,43,70,93,101,103,44,29,42,94" hai2="60,30,84,28,85,102,5,109,120,3,58,48,14" hai3="86,50,115,2,99,91,80,52,15,126,134,90,66"/><W47/><G115/><T56/><D122/><U72/><E123/><V112/><F120/><W13/><G126/><T82/><D104/><U38/><E113/><V25/><F112/><W106/><G134/><T34/><D124/><U97/><E70/><V31/><F109/><W41/><G66/><T49/><D108/><U57/><E118/><V69/><F69/><W128/><G128/><T63/><D133/><U121/><E121/><V132/><F132/><W6/><G106/><T9/><D9/><U73/><E29/><N who="2" m="7427" /><V107/><DORA hai="45" /><F107/><W37/><G2/><T77/><D51/><U74/><E42/><V89/><F3/><W20/><G6/><T71/><D71/><U26/><E26/><V127/><F25/><W55/><G37/><T54/><D36/><U39/><E57/><V0/><F0/><W87/><G99/><T16/><D16/><U67/><E67/><N who="2" m="39319" /><F102/><W92/><G20/><T21/><D21/><U131/><E131/><V130/><F130/><W61/><G61/><T17/><D17/><U114/><E114/><V119/><F119/><W117/><G117/><T23/><D23/><U62/><E62/><V96/><F127/><W19/><G19/><T105/><D105/><U78/><E38/><V64/><F64/><W68/><G68/><T24/><D24/><U35/><E35/><V18/><F5/><W12/><AGARI ba="0,0" hai="12,13,15,41,47,50,52,55,80,86,87,90,91,92" machi="12" ten="30,11700,0" yaku="0,1,8,1,52,1,54,1" doraHai="32,45" who="3" fromWho="3" sc="352,-39,150,-39,338,-39,160,117" /><INIT seed="3,1,0,1,0,2" ten="313,111,299,277" oya="3" hai0="127,72,9,131,77,18,53,105,52,75,71,41,42" hai1="90,93,80,35,104,30,50,97,73,17,125,58,135" hai2="124,14,5,91,89,106,112,128,40,16,121,27,56" hai3="13,21,78,133,29,64,43,95,62,108,98,39,4"/><W114/><G114/><T3/><D105/><U103/><E125/><V49/><F106/><W110/><G133/><T94/><D71/><U88/><E135/><V118/><F112/><W23/><G78/><T111/><D94/><U1/><E1/><V70/><F70/><W82/><G82/><T100/><D100/><U85/><E17/><V79/><F118/><W119/><G119/><T26/><D3/><U10/><E10/><N who="2" m="4431" /><F79/><W81/><G81/><T36/><D36/><U130/><E130/><V68/><F68/><W129/><G129/><T0/><D0/><U54/><E73/><V34/><F34/><W116/><G116/><T8/><D77/><U117/><E117/><V113/><F113/><W123/><G123/><T66/><D131/><U63/><E35/><V61/><F128/><W109/><G43/><T102/><D102/><U15/><E15/><V99/><F99/><W92/><G39/><T69/><D69/><U60/><REACH who="1" step="1"/><E30/><REACH who="1" ten="313,101,299,277" step="2"/><V115/><F115/><W120/><G29/><T37/><D18/><U6/><E6/><V48/><F124/><W44/><G4/><T47/><D127/><U33/><E33/><V86/><F121/><W126/><G120/><T65/><D9/><U22/><E22/><N who="2" m="13767" /><F40/><W83/><G126/><T38/><D8/><U45/><E45/><V25/><F25/><W12/><G44/><T11/><D11/><U59/><E59/><V76/><F76/><W107/><G12/><T46/><D26/><U134/><E134/><V96/><F96/><W24/><G13/><T31/><D31/><U19/><E19/><V74/><F74/><RYUUKYOKU ba="1,1" sc="313,15,101,15,299,-15,277,-15" hai0="37,38,41,42,46,47,52,53,65,66,72,75,111" hai1="50,54,58,60,63,80,85,88,90,93,97,103,104" owari="338,43.8,116,-38.4,284,8.4,262,-13.8" /></mjloggm>