<mjloggm ver="2.3"><GO type="225" lobby="0"/><UN n0="%33%74%72%65%65" n1="%E3%83%96%E3%83%83%E3%83%91%E3%82%AA%E3%83%96%E3%83%81%E3%82%AD%E3%83%B3" n2="%E6%9D%B1%E9%A2%A8%E3%81%AE%E3%81%8D%E3%82%83%E3%81%B7%E3%81%95%E3%82%93" n3="%E7%B4%94%E6%BD%94%E3%83%94%E3%83%A9%E3%83%8B%E3%82%A2" dan="17,16,16,17" rate="2128.10,2229.61,2160.01,2230.90" sx="M,M,M,M"/><TAIKYOKU oya="0"/><INIT seed="0,0,0,3,3,119" ten="250,250,250,250" oya="0" hai0="31,24,75,135,107,133,103,70,44,111,104,42,36" hai1="23,129,134,132,72,25,22,52,117,43,97,74,109" hai2="66,90,38,1,34,13,112,131,120,115,11,127,80" hai3="5,9,15,0,49,121,58,39,85,19,3,87,92"/><T20/><D111/><U8/><E117/><V12/><F38/><W100/><G39/><T123/><D75/><U35/><E109/><V67/><F80/><W95/><G121/><T105/><D70/><U46/><E129/><V88/><F34/><W18/><G100/><T84/><D123/><U6/><E35/><V82/><F82/><W101/><G101/><T50/><D103/><U27/><E97/><V10/><F1/><W61/><G49/><T37/><REACH who="0" step="1"/><D84/><REACH who="0" ten="240,250,250,250" step="2"/><U91/><E72/><V89/><F120/><W14/><G85/><T28/><D28/><U76/><E74/><V69/><F69/><W128/><G87/><T68/><D68/><U71/><E71/><V33/><F131/><W116/><G128/><T21/><D21/><U47/><E23/><V53/><F33/><W77/><G116/><T4/><D4/><U96/><E22/><V2/><F127/><W55/><G5/><T108/><D108/><U114/><E6/><V7/><F7/><W93/><REACH who="3" step="1"/><G77/><REACH who="3" ten="240,250,250,240" step="2"/><T65/><D65/><U64/><E76/><V118/><F66/><W81/><G81/><T60/><D60/><U63/><E64/><V56/><F67/><W17/><G17/><T59/><D59/><U98/><E63/><V32/><F56/><W30/><G30/><T73/><D73/><U125/><E125/><V29/><F118/><W48/><G48/><T99/><D99/><U83/><E98/><V130/><F29/><W51/><G51/><T86/><D86/><U94/><E96/><V26/><F130/><W124/><G124/><T102/><D102/><U79/><E83/><RYUUKYOKU ba="0,2" sc="240,15,250,-15,250,-15,240,15" hai0="20,24,31,36,37,42,44,50,104,105,107,133,135" hai3="0,3,9,14,15,18,19,55,58,61,92,93,95" /><INIT seed="0,1,2,0,3,106" ten="255,235,235,255" oya="0" hai0="116,39,51,37,101,23,20,10,129,97,70,14,21" hai1="55,108,95,80,84,30,103,75,126,78,132,19,64" hai2="109,74,2,99,90,65,107,45,131,123,46,58,122" hai3="117,85,41,88,9,44,34,83,110,13,133,40,130"/><T69/><D116/><U128/><E108/><V57/><F2/><W8/><G110/><T93/><D129/><U92/><E128/><V61/><F109/><W5/><G34/><T73/><D73/><U26/><E132/><V76/><F131/><W29/><G133/><T0/><D0/><U54/><E126/><V28/><F28/><W104/><G104/><T50/><D51/><U115/><E115/><V24/><F24/><W56/><G29/><T63/><D50/><U105/><E64/><V111/><F111/><W18/><G117/><T11/><D11/><U91/><E19/><V127/><F127/><W36/><G40/><T7/><REACH who="0" step="1"/><D63/><REACH who="0" ten="245,235,235,255" step="2"/><U1/><E1/><V22/><F61/><W27/><G130/><T17/><D17/><U35/><REACH who="1" step="1"/><E95/><REACH who="1" ten="245,225,235,255" step="2"/><V100/><F107/><W6/><G18/><T102/><D102/><U31/><E31/><V38/><F100/><W82/><G6/><T135/><D135/><U49/><E49/><V48/><F48/><W52/><G5/><T89/><D89/><U25/><E25/><V33/><F90/><W86/><G27/><T114/><D114/><U71/><E71/><AGARI ba="1,4" hai="7,10,14,20,21,23,37,39,69,70,71,93,97,101" machi="71" ten="40,2000,0" yaku="1,1,53,0" doraHai="106" doraHaiUra="124" who="0" fromWho="1" sc="245,63,225,-23,235,0,255,0" /><INIT seed="0,2,0,5,2,70" ten="308,202,235,255" oya="0" hai0="100,3,78,49,20,83,79,76,54,19,98,39,93" hai1="75,134,118,64,73,47,90,24,130,114,81,77,102" hai2="82,65,55,116,17,105,62,124,74,109,60,89,37" hai3="88,96,127,35,33,27,15,0,8,7,23,52,112"/><T25/><D3/><U26/><E118/><V45/><F105/><W86/><G112/><T84/><REACH who="0" step="1"/><D39/><REACH who="0" ten="298,202,235,255" step="2"/><U125/><E114/><V68/><F37/><W42/><G0/><T122/><D122/><U51/><E125/><V61/><F124/><W12/><G127/><T41/><D41/><U66/><E130/><V4/><F116/><W115/><G42/><T69/><D69/><U58/><E134/><V10/><F68/><W36/><G36/><T28/><D28/><U101/><E75/><V87/><F74/><W128/><G115/><T91/><D91/><U40/><E90/><V32/><F89/><W103/><G128/><T72/><D72/><U133/><E133/><V117/><F117/><W44/><G88/><T63/><D63/><U6/><E73/><V108/><F60/><W119/><G119/><T21/><D21/><U34/><E40/><V106/><F61/><W56/><G86/><T16/><D16/><U50/><E50/><N who="2" m="29135" /><F17/><W132/><G132/><T111/><D111/><U38/><E51/><V99/><F109/><W31/><G35/><T43/><D43/><U1/><E34/><V18/><F108/><W67/><G33/><T57/><AGARI ba="2,1" hai="19,20,25,49,54,57,76,78,79,83,84,93,98,100" machi="57" ten="20,7800,0" yaku="1,1,0,1,7,1,8,1,53,0" doraHai="70" doraHaiUra="85" who="0" fromWho="0" sc="298,94,202,-28,235,-28,255,-28" /><INIT seed="0,3,0,3,5,63" ten="392,174,207,227" oya="0" hai0="92,62,124,34,60,134,112,51,83,26,2,127,84" hai1="43,18,99,31,37,15,9,70,114,58,48,42,103" hai2="79,35,100,49,113,120,118,82,64,36,6,8,39" hai3="108,104,21,89,102,109,53,65,11,1,61,119,97"/><T93/><D112/><U5/><E70/><V19/><F113/><W126/><G119/><T77/><D2/><U28/><E114/><V122/><F35/><W105/><G126/><N who="0" m="48171" /><D134/><U44/><E42/><V4/><F100/><W90/><G104/><T14/><D14/><U85/><E85/><V10/><F49/><W80/><G53/><T12/><D12/><U41/><E41/><V72/><F19/><W7/><G21/><T57/><D51/><U86/><E86/><V20/><F20/><W13/><G1/><T47/><D47/><U132/><E132/><V125/><F125/><W87/><REACH who="3" step="1"/><G89/><REACH who="3" ten="392,174,207,217" step="2"/><T50/><D34/><U3/><E43/><V107/><F118/><W59/><AGARI ba="3,1" hai="7,11,13,59,61,65,80,87,90,97,102,105,108,109" machi="59" ten="30,7900,0" yaku="1,1,2,1,0,1,52,1,53,0" doraHai="63" doraHaiUra="17" who="3" fromWho="3" sc="392,-42,174,-23,207,-23,217,98" /><INIT seed="1,0,0,2,5,57" ten="350,151,184,315" oya="1" hai0="6,54,118,50,120,115,56,72,108,82,122,61,97" hai1="123,69,39,103,75,109,34,55,127,49,112,126,32" hai2="73,11,124,3,13,106,92,31,135,48,25,44,113" hai3="26,100,14,90,40,93,68,9,51,29,8,23,36"/><U46/><E75/><V45/><F106/><W134/><G68/><T10/><D115/><U94/><E112/><V17/><F73/><W104/><G134/><T4/><D118/><U65/><E123/><N who="0" m="47145" /><D108/><U28/><E39/><V114/><F135/><W74/><G74/><T117/><D117/><U121/><E121/><V99/><F124/><N who="1" m="47657" /><E28/><V95/><F3/><W53/><G104/><T18/><D97/><N who="1" m="59831" /><E109/><V64/><F64/><W2/><G36/><T58/><D72/><U81/><E81/><V79/><F79/><W66/><G66/><N who="0" m="39207" /><D82/><U98/><E98/><V130/><F114/><W76/><G100/><T101/><D101/><U110/><E110/><V83/><F113/><W33/><G76/><T37/><D37/><U125/><N who="1" m="47665" /><U27/><DORA hai="80" /><E27/><V24/><F83/><W129/><G29/><T116/><D116/><U77/><E77/><V12/><F31/><W78/><G26/><T85/><D85/><U43/><E43/><V111/><F111/><W119/><G40/><T42/><D42/><U107/><E107/><V15/><F24/><W41/><G41/><T0/><D0/><U1/><E1/><V35/><F25/><W128/><G2/><T22/><D10/><U19/><E19/><V59/><F17/><W21/><G9/><T96/><D96/><U20/><E20/><V86/><F11/><W88/><G23/><T30/><D30/><U84/><E84/><V71/><F86/><W52/><G21/><T102/><D102/><U131/><E131/><V63/><F130/><W133/><G128/><T132/><D132/><U47/><E47/><RYUUKYOKU ba="0,0" sc="350,15,151,15,184,-15,315,-15" hai0="4,6,18,22,50,54,58" hai1="32,34,46,49,55,65,69" /><INIT seed="1,1,0,1,2,10" ten="365,166,169,300" oya="1" hai0="45,120,102,123,32,70,115,6,11,77,27,89,41" hai1="5,54,61,29,127,132,53,81,78,7,20,91,112" hai2="18,94,3,80,111,121,56,12,133,113,128,34,67" hai3="40,1,36,71,9,25,51,28,15,19,68,98,130"/><U100/><E112/><V99/><F3/><W135/><G36/><T55/><D115/><U97/><E127/><V103/><F34/><W74/><G74/><T72/><D70/><U63/><E132/><V30/><F128/><W96/><G130/><T2/><D102/><U14/><E91/><V84/><F111/><W52/><G40/><T114/><D55/><N who="1" m="21003" /><E78/><V69/><F69/><W44/><G135/><T110/><D110/><U116/><E116/><V108/><F121/><W60/><G1/><T26/><D89/><U75/><E75/><V105/><F133/><W21/><REACH who="3" step="1"/><G68/><REACH who="3" ten="365,166,169,290" step="2"/><T17/><D72/><U118/><E118/><V93/><F108/><W86/><G86/><T24/><D120/><U33/><E33/><V49/><F113/><W83/><G83/><T101/><D32/><U64/><E81/><V31/><F80/><W38/><G38/><T16/><D114/><U134/><E134/><V92/><F84/><W59/><G59/><T13/><D123/><U117/><E117/><V107/><F56/><W65/><AGARI ba="1,1" hai="9,15,19,21,25,28,44,51,52,60,65,71,96,98" machi="65" ten="30,8000,1" yaku="1,1,0,1,52,1,54,1,53,1" doraHai="10" doraHaiUra="4" who="3" fromWho="3" sc="365,-21,166,-41,169,-21,290,93" /><INIT seed="2,0,0,0,2,61" ten="344,125,148,383" oya="2" hai0="98,30,94,5,83,84,37,72,24,93,77,12,95" hai1="13,8,79,115,69,102,20,75,125,103,122,41,96" hai2="114,51,119,92,128,97,106,48,44,11,6,100,101" hai3="87,107,23,67,82,16,56,28,112,81,57,65,121"/><V32/><F32/><W45/><G107/><T104/><D37/><U108/><E115/><V85/><F114/><W80/><G121/><T14/><D5/><U1/><E108/><V127/><F119/><W4/><G4/><T62/><D72/><U35/><E122/><V43/><F128/><W105/><G105/><T134/><D134/><U118/><E35/><V76/><F127/><W0/><G0/><T63/><D104/><U99/><E118/><V52/><F101/><W15/><G112/><T18/><D98/><U88/><E69/><V60/><F60/><W54/><G87/><T70/><D70/><U113/><E113/><V49/><F106/><W130/><G130/><T9/><REACH who="0" step="1"/><D14/><REACH who="0" ten="334,125,148,383" step="2"/><U66/><E13/><N who="2" m="5367" /><F43/><W91/><G91/><T59/><D59/><N who="3" m="22601" /><G28/><T42/><D42/><U110/><E41/><V36/><F36/><W71/><G71/><T132/><D132/><U46/><E75/><V38/><F38/><W135/><G135/><T19/><D19/><U129/><E129/><V29/><F29/><W58/><G45/><T74/><D74/><U117/><E46/><V33/><F33/><AGARI ba="0,1" hai="9,12,18,24,30,33,62,63,77,83,84,93,94,95" machi="33" ten="40,1300,0" yaku="1,1,53,0" doraHai="61" doraHaiUra="34" who="0" fromWho="2" sc="334,23,125,0,148,-13,383,0" /><INIT seed="3,0,0,5,4,8" ten="357,125,135,383" oya="3" hai0="20,79,132,127,70,88,45,85,130,24,61,87,93" hai1="63,52,125,14,108,1,60,121,90,51,122,18,40" hai2="92,109,7,57,32,9,23,129,126,120,5,62,4" hai3="64,102,66,128,31,58,97,42,33,69,95,74,21"/><W55/><G33/><T16/><D132/><U15/><E1/><V82/><F32/><W30/><G74/><T19/><D127/><U104/><E104/><V76/><F126/><W72/><G72/><T86/><D130/><U68/><E125/><V35/><F35/><W59/><G69/><T26/><D79/><U34/><E34/><V10/><F129/><W65/><G128/><T49/><D61/><N who="1" m="23627" /><E68/><V135/><F135/><W3/><G3/><T25/><D70/><U53/><E122/><V107/><F107/><W124/><G124/><T111/><D111/><U110/><E121/><V0/><F109/><N who="1" m="42089" /><E90/><V119/><F120/><W96/><G42/><N who="0" m="24759" /><D19/><U73/><E73/><V100/><F119/><W114/><G114/><T101/><D101/><U77/><E77/><V105/><F105/><W67/><G67/><T48/><D48/><U116/><E116/><V115/><F115/><W118/><G118/><T113/><D113/><U44/><E15/><AGARI ba="0,0" hai="15,16,20,24,25,26,85,86,87,88,93" m="24759" machi="15" ten="30,7700,0" yaku="8,1,52,1,54,2" doraHai="8" who="0" fromWho="1" sc="357,77,125,-77,135,0,383,0" owari="434,53.4,48,-45.2,135,-26.5,383,18.3" /></mjloggm>