<mjloggm ver="2.3"><GO type="225" lobby="0"/><UN n0="%77%72%77%72%77%72%77%72" n1="%E5%91%A8%E6%9D%B1" n2="%E5%8D%A0%E3%81%84%E5%B8%AB%E8%A3%8F%E3%81%AA%E3%81%84%E3%81%97" n3="%72%69%6F%75%63%68%61%6E" dan="17,17,17,16" rate="2145.54,2222.17,2243.28,2104.89" sx="M,M,M,M"/><TAIKYOKU oya="0"/><INIT seed="0,0,0,4,0,55" ten="250,250,250,250" oya="0" hai0="56,104,61,29,123,67,62,0,131,25,108,42,7" hai1="117,124,122,48,9,118,79,92,33,73,5,115,66" hai2="47,88,31,68,13,77,74,121,22,1,132,102,17" hai3="41,120,75,6,34,10,8,11,59,2,106,45,16"/><T90/><D123/><U82/><E33/><V38/><F121/><W26/><G106/><T18/><D104/><U39/><E122/><V12/><F1/><W64/><G120/><T21/><D131/><U81/><E39/><V51/><F68/><W27/><G75/><T37/><D108/><U126/><E115/><V89/><F132/><W3/><G34/><T105/><D105/><U19/><E19/><V53/><F38/><W100/><G100/><T78/><D78/><U83/><E66/><V94/><F31/><W46/><G46/><T134/><D134/><U54/><E92/><V4/><F77/><W71/><G71/><T65/><D90/><U70/><E70/><V32/><F32/><W50/><G8/><T86/><D86/><U52/><E54/><V15/><F74/><W58/><G64/><T128/><D128/><U111/><E111/><V103/><F89/><W87/><G87/><T43/><D37/><U113/><E113/><V96/><REACH who="2" step="1"/><F4/><REACH who="2" ten="250,250,240,250" step="2"/><W84/><G84/><T76/><D76/><U69/><E69/><V109/><F109/><W35/><G35/><T97/><D7/><U95/><E79/><V91/><F91/><W28/><G28/><T80/><D0/><U60/><E73/><V36/><F36/><W40/><G2/><T129/><D129/><U98/><E5/><V101/><AGARI ba="0,1" hai="12,13,15,17,22,47,51,53,88,94,96,101,102,103" machi="101" ten="30,8000,1" yaku="1,1,0,1,8,1,54,1,53,1" doraHai="55" doraHaiUra="85" who="2" fromWho="2" sc="250,-40,250,-20,240,90,250,-20" /><INIT seed="1,0,0,0,4,62" ten="210,230,330,230" oya="1" hai0="125,100,120,18,69,70,2,107,74,121,47,44,98" hai1="113,21,115,130,108,63,86,55,112,0,119,4,84" hai2="50,104,89,26,6,10,68,77,8,25,33,16,129" hai3="35,23,29,34,38,71,128,85,53,117,90,109,123"/><U134/><E119/><V79/><F104/><W17/><G123/><N who="0" m="47179" /><D125/><U106/><E106/><V39/><F39/><W127/><G127/><T88/><D74/><U126/><E126/><V65/><F129/><W105/><G128/><T11/><D88/><U9/><E130/><V111/><F111/><W75/><G109/><T64/><D18/><U57/><E108/><V72/><F33/><W13/><G117/><T91/><D91/><U97/><E134/><V101/><F101/><W58/><G75/><T95/><D95/><U40/><E40/><V87/><F8/><W80/><G105/><T42/><D64/><U46/><E46/><N who="0" m="17449" /><D42/><U96/><REACH who="1" step="1"/><E21/><REACH who="1" ten="210,220,330,230" step="2"/><V5/><F10/><W37/><G35/><T131/><D131/><U49/><E49/><V28/><F50/><W15/><G37/><T83/><D83/><U20/><E20/><V135/><F72/><W1/><G38/><T76/><D76/><U93/><E93/><V54/><F79/><W45/><G34/><T48/><D48/><U66/><E66/><V19/><F65/><W81/><G80/><T31/><D107/><U24/><E24/><V60/><F25/><W22/><G23/><T114/><D11/><U73/><E73/><V32/><F26/><W102/><G22/><T67/><D67/><U56/><E56/><V12/><F32/><W43/><G81/><T82/><D82/><U78/><E78/><V92/><F77/><W94/><G94/><T30/><D69/><U99/><AGARI ba="0,1" hai="0,4,9,55,57,63,84,86,96,97,99,112,113,115" machi="99" ten="40,7800,0" yaku="1,1,0,1,53,1" doraHai="62" doraHaiUra="3" who="1" fromWho="1" sc="210,-26,220,88,330,-26,230,-26" /><INIT seed="1,1,0,4,2,119" ten="184,308,304,204" oya="1" hai0="104,81,71,68,125,28,45,57,1,29,112,15,56" hai1="61,3,38,103,107,24,27,102,20,37,26,131,64" hai2="98,51,88,114,8,19,76,63,65,13,105,47,66" hai3="16,17,93,82,40,50,2,95,86,58,44,41,135"/><U94/><E3/><V75/><F114/><W39/><G135/><T96/><D112/><U79/><E131/><V121/><F75/><W106/><G106/><T124/><D1/><U70/><E107/><V53/><F76/><W22/><G2/><T129/><D129/><U12/><E79/><V109/><F109/><W127/><G127/><N who="0" m="48715" /><D45/><U67/><E67/><V92/><F105/><W36/><G17/><T0/><D0/><U54/><E54/><V6/><F121/><W25/><G40/><T80/><D15/><U100/><REACH who="1" step="1"/><E94/><REACH who="1" ten="184,298,304,204" step="2"/><V10/><F65/><W115/><G115/><T30/><D104/><U117/><E117/><V73/><F73/><W11/><G95/><T59/><D96/><U48/><E48/><V99/><F98/><W128/><G128/><T49/><D49/><U34/><E34/><V133/><F133/><W42/><G93/><T62/><D62/><U72/><E72/><V60/><F66/><W111/><G111/><T4/><D4/><U74/><E74/><V116/><F116/><W110/><G110/><T33/><D33/><U55/><E55/><V52/><F53/><W97/><G41/><T85/><D85/><U43/><E43/><V91/><F91/><N who="3" m="51671" /><G97/><T123/><D123/><U120/><E120/><V31/><F63/><W101/><G101/><T113/><D113/><U32/><E32/><V108/><F60/><W78/><G78/><T7/><D7/><U126/><E126/><V23/><F108/><W21/><G36/><T132/><D132/><U46/><E46/><V84/><F99/><W87/><G39/><T90/><D90/><RYUUKYOKU ba="1,1" sc="184,15,298,15,304,-15,204,-15" hai0="28,29,30,56,57,59,68,71,80,81" hai1="12,20,24,26,27,37,38,61,64,70,100,102,103" /><INIT seed="1,2,1,2,5,118" ten="199,313,289,189" oya="1" hai0="89,12,84,114,127,22,135,15,106,10,120,51,8" hai1="41,45,124,64,7,131,4,91,104,126,90,2,52" hai2="94,68,42,61,70,130,27,55,11,134,72,107,119" hai3="34,71,26,129,112,20,54,121,88,32,57,36,93"/><U6/><E2/><V76/><F119/><W133/><G121/><T1/><D114/><U75/><E104/><V63/><F107/><W95/><G112/><T123/><D106/><U5/><E75/><V49/><F76/><W50/><G129/><T102/><D102/><U17/><E131/><V83/><F130/><W86/><G133/><T59/><D135/><U113/><E113/><V38/><F134/><W23/><G71/><T30/><D1/><U85/><E64/><V62/><F83/><W39/><G20/><T31/><D127/><N who="1" m="48683" /><E7/><V66/><F72/><W67/><G67/><T103/><D103/><U9/><E85/><V65/><F94/><W28/><REACH who="3" step="1"/><G93/><REACH who="3" ten="199,313,289,179" step="2"/><T13/><D22/><U24/><E9/><N who="0" m="3689" /><D123/><U43/><E24/><V81/><F27/><W18/><G18/><T47/><D120/><U25/><E17/><V87/><F11/><W14/><G14/><T60/><D30/><U46/><E25/><V117/><F117/><W110/><G110/><T37/><D31/><U109/><E109/><V132/><F132/><W16/><G16/><T35/><D15/><U19/><E19/><V29/><F29/><W48/><G48/><T115/><D115/><U44/><E52/><V74/><F55/><W105/><G105/><T69/><D12/><U97/><E6/><V108/><F108/><W58/><G58/><T56/><D13/><U33/><E5/><V100/><F65/><W128/><G128/><T80/><D51/><U79/><E4/><V111/><F66/><W92/><G92/><T96/><D69/><U125/><E125/><V40/><F68/><RYUUKYOKU ba="2,2" sc="199,-10,313,-10,289,-10,179,30" hai3="23,26,28,32,34,36,39,50,54,57,86,88,95" /><INIT seed="2,3,2,4,0,75" ten="189,303,279,209" oya="2" hai0="127,115,55,69,113,135,61,59,91,45,28,101,22" hai1="50,94,123,128,40,21,17,124,116,107,15,100,132" hai2="9,106,82,103,66,60,43,130,0,49,37,131,133" hai3="120,76,7,57,36,13,18,31,125,99,51,20,118"/><V90/><F133/><W24/><G125/><T16/><D127/><U102/><E124/><V5/><F90/><W47/><G118/><T81/><D135/><U121/><E116/><V74/><F49/><W108/><G108/><T54/><D69/><U122/><E132/><V58/><F103/><W1/><G120/><T80/><D101/><U110/><E110/><V52/><F106/><W84/><G36/><T86/><D28/><U64/><E128/><N who="2" m="49195" /><F43/><W30/><G57/><T85/><D54/><U23/><E107/><V62/><F37/><W53/><G1/><T79/><REACH who="0" step="1"/><D45/><REACH who="0" ten="179,303,279,209" step="2"/><N who="1" m="25895" /><E102/><V65/><F60/><W12/><G99/><T114/><D114/><U46/><E46/><V78/><AGARI ba="3,3" hai="0,5,9,52,58,62,65,66,74,78,82" m="49195" machi="78" ten="30,6000,0" yaku="19,1,52,1,54,1" doraHai="75" who="2" fromWho="2" sc="179,-23,303,-23,279,99,209,-23" /><INIT seed="2,4,0,3,3,13" ten="156,280,378,186" oya="2" hai0="132,4,66,49,123,119,18,103,11,75,8,58,82" hai1="48,104,84,10,133,125,41,95,99,111,54,101,26" hai2="67,52,21,116,35,57,79,126,3,96,40,22,55" hai3="60,28,19,46,94,20,98,34,113,81,43,15,68"/><V63/><F116/><W9/><G113/><T93/><D123/><U127/><E111/><V70/><F35/><W131/><G131/><T78/><D119/><U83/><E133/><V31/><F3/><W92/><G34/><T89/><D132/><U37/><E26/><V51/><F126/><N who="1" m="48137" /><E10/><V45/><F79/><W112/><G112/><T16/><D103/><U73/><E73/><V114/><F114/><W117/><G117/><T27/><D27/><U17/><E41/><V108/><F108/><W42/><G81/><T74/><D74/><U100/><E37/><V76/><F76/><W85/><G85/><T121/><D121/><U80/><E17/><V120/><F120/><W86/><G86/><T64/><D11/><U69/><E69/><V128/><F128/><W77/><G77/><T91/><D91/><N who="1" m="53735" /><E101/><V110/><F110/><W12/><G28/><T29/><D29/><U61/><E61/><V130/><F130/><W124/><G124/><T7/><D7/><U25/><E25/><V97/><F31/><W87/><G87/><T47/><D4/><U24/><E24/><V72/><F72/><W14/><G98/><N who="2" m="37993" /><F70/><W39/><G42/><N who="0" m="24823" /><D8/><U129/><E129/><V44/><F40/><W1/><G1/><T107/><D107/><U102/><E102/><V71/><F71/><W88/><G88/><T23/><D89/><U122/><E122/><V109/><F109/><W53/><G68/><T134/><D134/><U0/><E0/><V5/><F5/><N who="3" m="3119" /><G14/><N who="0" m="9623" /><D93/><U38/><E38/><V33/><F33/><W106/><G106/><T30/><D30/><U62/><E104/><RYUUKYOKU ba="4,0" sc="156,-15,280,-15,378,15,186,15" hai2="21,22,44,45,51,52,55,57,63,67" hai3="15,19,20,39,43,46,53,60,92,94" /><INIT seed="2,5,0,5,5,90" ten="141,265,393,201" oya="2" hai0="43,61,33,50,79,89,91,47,35,116,86,120,97" hai1="0,95,23,2,22,81,12,93,38,27,121,46,133" hai2="131,64,60,41,84,111,63,126,26,78,76,99,132" hai3="18,55,7,69,83,130,117,58,107,123,16,17,59"/><V73/><F73/><W25/><G117/><T28/><D120/><U125/><E121/><V37/><F131/><W34/><G123/><T6/><D116/><U1/><E125/><V105/><F126/><W68/><G107/><T20/><D6/><U56/><E133/><V72/><F72/><W135/><G130/><T74/><D74/><U24/><E12/><V112/><F112/><W5/><G135/><T100/><D61/><U110/><E110/><V102/><F132/><W44/><G44/><T104/><D79/><U118/><E118/><V53/><F41/><W77/><G34/><T21/><D89/><U45/><E81/><V57/><F37/><W9/><G25/><N who="1" m="9802" /><E56/><V106/><F105/><W19/><N who="3" m="4096" /><DORA hai="75" /><W39/><G39/><T62/><D62/><U119/><E38/><V92/><F111/><W32/><G32/><T29/><D33/><U49/><E49/><V36/><F36/><W109/><G109/><T134/><D134/><U87/><E87/><V127/><F127/><W103/><G103/><T129/><D129/><U67/><E67/><V8/><F8/><W14/><G5/><T122/><D122/><U114/><E114/><V11/><F11/><W101/><G101/><T48/><D48/><U71/><E71/><N who="2" m="42375" /><F26/><W40/><G40/><T98/><D98/><U10/><E10/><V13/><F13/><W88/><G88/><T66/><D66/><U42/><E119/><V4/><F4/><W54/><G59/><T115/><D115/><U94/><E42/><V31/><F57/><W85/><G58/><T51/><D35/><U70/><E70/><AGARI ba="5,0" hai="7,9,14,54,55,68,69,70,77,83,85" m="4096" machi="70" ten="50,6400,0" yaku="6,1,52,1,54,1" doraHai="90,75" who="3" fromWho="1" sc="141,0,265,-79,393,0,201,79" /><INIT seed="3,0,0,3,3,0" ten="141,186,393,280" oya="3" hai0="71,34,134,36,116,123,90,75,82,91,98,88,78" hai1="43,109,23,1,30,84,104,61,54,79,50,101,129" hai2="57,72,119,39,53,26,83,2,45,74,12,107,56" hai3="6,11,22,32,100,40,29,117,81,5,31,60,127"/><W28/><G117/><T38/><D116/><U77/><E1/><V113/><F2/><W47/><G127/><T80/><D71/><U20/><E109/><V102/><F113/><W51/><G32/><T13/><D34/><U48/><E104/><V69/><F69/><W58/><G100/><T70/><D70/><U118/><E101/><V112/><F112/><W106/><G106/><T27/><D27/><U120/><E129/><V130/><F119/><W108/><G108/><T42/><D123/><U64/><E30/><N who="3" m="11882" /><G11/><T24/><D24/><U66/><E43/><V92/><F102/><W52/><G81/><T46/><D134/><U68/><E68/><V122/><F83/><W96/><G96/><T33/><D33/><U21/><E120/><V25/><F107/><W62/><G60/><T15/><D38/><U125/><E61/><V17/><F39/><W37/><G37/><T128/><D128/><U95/><E125/><V110/><F110/><W7/><N who="3" m="11890" /><W4/><N who="3" m="1024" /><DORA hai="105" /><DORA hai="131" /><W55/><G22/><T87/><REACH who="0" step="1"/><D98/><REACH who="0" ten="131,186,393,280" step="2"/><U76/><E118/><V133/><F130/><W65/><AGARI ba="0,1" hai="40,47,51,52,55,58,62,65" m="1024,11890" machi="65" ten="50,18000,2" yaku="8,1,52,4,54,1" doraHai="0,105,131" who="3" fromWho="3" sc="131,-60,186,-60,393,-60,280,190" owari="71,-42.9,126,-27.4,333,13.3,470,57.0" /></mjloggm>