<mjloggm ver="2.3"><GO type="225" lobby="0"/><UN n0="%E3%81%8B%E3%82%8F%E3%81%A1%E3%82%83%E3%82%93%35%38" n1="%72%61%6B%33" n2="%E3%82%8F%E3%81%8B%E3%81%B0%2A%E3%82%AC%E3%83%BC%E3%83%AB" n3="%E3%81%A9%E3%82%93%E3%82%88%E3%81%8F%4D%6B%2E%32" dan="16,16,17,16" rate="2165.15,2148.15,2224.04,2141.08" sx="M,M,M,M"/><TAIKYOKU oya="0"/><INIT seed="0,0,0,2,5,92" ten="250,250,250,250" oya="0" hai0="40,15,89,77,10,86,108,118,12,134,63,131,61" hai1="5,112,78,26,111,31,91,56,81,71,3,34,94" hai2="128,24,66,13,21,132,100,58,38,70,22,16,59" hai3="122,80,4,127,36,60,99,101,82,49,114,67,74"/><T30/><D118/><U124/><E71/><V115/><F115/><W18/><G36/><T32/><D134/><U53/><E112/><V8/><F132/><W41/><G114/><T17/><D131/><U25/><E111/><V33/><F128/><W110/><G110/><T11/><D108/><U116/><E26/><V85/><F38/><W96/><G127/><T37/><D77/><U45/><E124/><V84/><F33/><W39/><G39/><T48/><D37/><U97/><E45/><V46/><F46/><W44/><G4/><T54/><D30/><U125/><E125/><V79/><F22/><W64/><G74/><T119/><D32/><U55/><E116/><V1/><F1/><W50/><G122/><T43/><D119/><U113/><E113/><V28/><F100/><W135/><G50/><T62/><D89/><U133/><E133/><V95/><F95/><W75/><G75/><T69/><D86/><U29/><E29/><V123/><F123/><W88/><G101/><T76/><D76/><U83/><E83/><N who="3" m="31786" /><G135/><T9/><D69/><U93/><E93/><V129/><F129/><W106/><G88/><T104/><D104/><U117/><E117/><V51/><F79/><W72/><G72/><T103/><D103/><U14/><E3/><V98/><F70/><N who="3" m="42247" /><G106/><T68/><D68/><U20/><E56/><V23/><F98/><N who="3" m="37419" /><G67/><T57/><D11/><N who="1" m="4463" /><E34/><V0/><F0/><W52/><G41/><T47/><D43/><U87/><AGARI ba="0,0" hai="20,25,31,53,55,78,81,87,91,94,97" m="4463" machi="87" ten="30,2000,0" yaku="8,1,52,1" doraHai="92" who="1" fromWho="1" sc="250,-10,250,20,250,-5,250,-5" /><INIT seed="1,0,0,1,0,83" ten="240,270,245,245" oya="1" hai0="97,116,59,126,57,55,11,70,26,18,22,127,41" hai1="35,84,107,92,124,21,10,94,74,131,73,128,81" hai2="60,32,54,40,82,100,122,28,50,95,63,66,71" hai3="9,8,17,42,79,69,7,120,93,44,20,5,39"/><U49/><E35/><V78/><F122/><W25/><G69/><T72/><D70/><U15/><E21/><V112/><F112/><W52/><G120/><T75/><D116/><U87/><E49/><V85/><F40/><W14/><G79/><T48/><D41/><U103/><E15/><V109/><F109/><W51/><G93/><N who="1" m="35946" /><E10/><V4/><F4/><W114/><G114/><T6/><D97/><N who="1" m="61935" /><E124/><N who="0" m="47657" /><D57/><U62/><E87/><V111/><F111/><W91/><G39/><T130/><D130/><N who="1" m="49707" /><E62/><V58/><F60/><W129/><G129/><T0/><AGARI ba="0,0" hai="0,6,11,18,22,26,48,55,59,72,75" m="47657" machi="0" ten="30,1100,0" yaku="18,1" doraHai="83" who="0" fromWho="0" sc="240,11,270,-5,245,-3,245,-3" /><INIT seed="2,0,0,1,4,61" ten="251,265,242,242" oya="2" hai0="32,69,123,20,21,132,102,84,107,48,59,92,50" hai1="47,39,118,24,11,5,14,133,95,36,22,109,38" hai2="94,86,72,0,58,67,93,18,60,128,53,105,81" hai3="124,110,74,46,129,64,97,8,125,31,70,77,30"/><V83/><F128/><W96/><G129/><T98/><D69/><U57/><E118/><V115/><F115/><W126/><G110/><T122/><D32/><U114/><E114/><V91/><F0/><W134/><G134/><T119/><D132/><U127/><E133/><V65/><F105/><W79/><G8/><T49/><D119/><U80/><E109/><V75/><F75/><W56/><G70/><T1/><D1/><U68/><E68/><V12/><F72/><W41/><G56/><T19/><D20/><U112/><E112/><V73/><F73/><W34/><G34/><T26/><D59/><U103/><E80/><N who="2" m="30795" /><F94/><W37/><G74/><T28/><D28/><N who="3" m="10793" /><G64/><T17/><D17/><U9/><E36/><V130/><F130/><W3/><G3/><T55/><D55/><U35/><E38/><V131/><F131/><W71/><G71/><T16/><D19/><U117/><E39/><V25/><F25/><W104/><G104/><T66/><D66/><U82/><E24/><V15/><F15/><W7/><G7/><T33/><D33/><U120/><E14/><V42/><F42/><W63/><G63/><T54/><D54/><U111/><E5/><V10/><AGARI ba="0,0" hai="10,12,18,53,58,60,65,67,86,91,93" m="30795" machi="10" ten="30,6000,0" yaku="8,1,52,2" doraHai="61" who="2" fromWho="2" sc="251,-20,265,-20,242,60,242,-20" /><INIT seed="2,1,0,0,1,71" ten="231,245,302,222" oya="2" hai0="78,96,47,50,44,107,40,26,90,101,37,123,85" hai1="121,19,53,68,41,98,88,23,9,111,65,74,119" hai2="29,18,105,54,3,62,5,22,94,34,122,30,116" hai3="24,32,91,66,13,128,14,124,1,31,127,42,80"/><V87/><F116/><W12/><G66/><T102/><D123/><U115/><E119/><V133/><F105/><W43/><G42/><T125/><D125/><N who="3" m="48201" /><G91/><T63/><D102/><U104/><E115/><V129/><F34/><W64/><G43/><T38/><D78/><U2/><E74/><V97/><F87/><W51/><G51/><T92/><D47/><U117/><E53/><V33/><F33/><W21/><G64/><T112/><D112/><U76/><E76/><V67/><F54/><W95/><G95/><T27/><REACH who="0" step="1"/><D63/><REACH who="0" ten="221,245,302,222" step="2"/><U72/><E121/><V16/><F122/><W35/><G80/><T134/><D134/><U82/><E82/><V0/><F133/><W84/><G84/><T57/><D57/><U56/><E56/><V114/><F114/><W83/><G83/><T28/><D28/><U52/><E117/><V79/><F79/><W36/><G36/><AGARI ba="1,1" hai="26,27,36,37,38,40,44,50,85,90,92,96,101,107" machi="36" ten="40,8000,1" yaku="1,1,52,3,53,0" doraHai="71" doraHaiUra="7" who="0" fromWho="3" sc="221,93,245,0,302,0,222,-83" /><INIT seed="3,0,0,5,3,101" ten="314,245,302,139" oya="3" hai0="111,109,38,121,105,71,112,84,39,92,83,59,85" hai1="67,124,36,14,2,57,48,94,98,50,56,123,29" hai2="86,21,116,132,15,69,62,34,26,19,23,70,6" hai3="31,68,127,80,120,55,16,5,28,17,102,1,32"/><W11/><G120/><T27/><D105/><U106/><E2/><V53/><F116/><W30/><G68/><T43/><D71/><U77/><E36/><V108/><F108/><N who="0" m="41546" /><D121/><U52/><E124/><V117/><F117/><W99/><G127/><T47/><D112/><U13/><E106/><V129/><F129/><W107/><G32/><T125/><D125/><U46/><E77/><V22/><F132/><W42/><G42/><T8/><D39/><U119/><E29/><V87/><F6/><W114/><G114/><T12/><D27/><U79/><E79/><V72/><F72/><W58/><REACH who="3" step="1"/><G80/><REACH who="3" ten="314,245,302,129" step="2"/><T24/><D83/><U3/><E123/><V61/><F34/><W10/><G10/><T18/><D43/><U33/><E33/><V100/><F70/><W54/><G54/><T49/><D8/><U93/><E52/><V0/><F69/><W113/><G113/><T118/><D118/><U73/><E119/><V97/><F53/><W130/><G130/><T89/><D38/><U82/><E82/><V25/><F23/><W134/><G134/><T133/><D133/><U4/><E67/><V103/><F22/><W122/><G122/><T66/><D66/><U60/><E48/><AGARI ba="0,1" hai="1,5,11,16,17,28,30,31,48,55,58,99,102,107" machi="48" ten="40,7700,0" yaku="1,1,52,1,54,1,53,0" doraHai="101" doraHaiUra="20" who="3" fromWho="1" sc="314,0,245,-77,302,0,129,87" /><INIT seed="3,1,0,3,2,110" ten="314,168,302,216" oya="3" hai0="41,97,88,71,112,113,4,132,57,107,46,64,101" hai1="127,70,121,28,58,95,15,108,99,74,51,82,123" hai2="85,43,111,14,116,56,24,73,40,6,83,93,21" hai3="54,76,77,131,78,65,126,1,42,96,29,62,90"/><W118/><G118/><T33/><D132/><U32/><E70/><V114/><F114/><N who="0" m="44138" /><D33/><U27/><E108/><V9/><F116/><W98/><G1/><T106/><D71/><U3/><E3/><V91/><F111/><W92/><G42/><N who="2" m="15913" /><F73/><W13/><G126/><T53/><D4/><U115/><E127/><V45/><F56/><N who="3" m="37063" /><G131/><T5/><D5/><U48/><E115/><V47/><F83/><W69/><G69/><T80/><D88/><U79/><E15/><V37/><F37/><W23/><G54/><T35/><D35/><U130/><E130/><V129/><F129/><W31/><G98/><T17/><D17/><AGARI ba="1,0" hai="6,9,14,17,21,24,45,47,85,91,93" m="15913" machi="17" ten="30,1000,0" yaku="8,1" doraHai="110" who="2" fromWho="0" sc="314,-13,168,0,302,13,216,0" /><AGARI ba="1,0" hai="13,17,23,29,31,76,77,78,90,92,96" m="37063" machi="17" ten="30,1500,0" yaku="8,1" doraHai="110" who="3" fromWho="0" sc="301,-15,168,0,315,0,216,15" /><INIT seed="3,2,0,3,3,119" ten="286,168,315,231" oya="3" hai0="36,26,111,65,64,88,123,128,43,104,132,46,89" hai1="105,5,101,59,31,73,110,70,56,93,37,30,49" hai2="97,32,3,21,10,106,90,84,23,19,16,127,17" hai3="7,13,68,38,57,14,22,18,87,34,78,134,96"/><W27/><G68/><T25/><D123/><U121/><E121/><V98/><F127/><W42/><G134/><T53/><D104/><U9/><E37/><V0/><F32/><W4/><G34/><T63/><D132/><U85/><E110/><V58/><F106/><W135/><G135/><T113/><D111/><U129/><E129/><V86/><F10/><W33/><G33/><T55/><D128/><U75/><E70/><V126/><F126/><W77/><G38/><T102/><D102/><U40/><E105/><V71/><F71/><W100/><G42/><T81/><D113/><U109/><E109/><V115/><F115/><W11/><G57/><T15/><D15/><U124/><E124/><V54/><F84/><W92/><G87/><T8/><D8/><AGARI ba="2,0" hai="4,7,8,11,13,14,18,22,27,77,78,92,96,100" machi="8" ten="40,3900,0" yaku="9,1,8,1" doraHai="119" who="3" fromWho="0" sc="286,-45,168,0,315,0,231,45" /><INIT seed="3,3,0,2,1,120" ten="241,168,315,276" oya="3" hai0="111,31,43,27,62,18,5,13,17,57,41,45,95" hai1="61,22,74,76,90,112,128,96,20,82,92,94,104" hai2="131,44,33,89,72,54,10,85,91,126,4,46,25" hai3="117,70,12,6,2,80,64,37,110,124,38,122,39"/><W106/><G122/><T77/><D111/><U32/><E112/><V101/><F72/><W23/><G117/><T67/><D77/><U29/><E128/><V47/><F131/><W1/><G124/><T65/><D65/><U113/><E113/><V50/><F126/><W118/><G118/><T115/><D115/><U103/><E94/><V52/><F101/><W75/><G106/><T48/><D43/><U59/><E32/><V129/><F129/><W87/><G23/><N who="0" m="15871" /><D95/><U11/><E11/><AGARI ba="3,0" hai="5,11,13,17,18,41,45,48,57,62,67" m="15871" machi="11" ten="30,1000,0" yaku="8,1" doraHai="120" who="0" fromWho="1" sc="241,19,168,-19,315,0,276,0" owari="260,-14.0,149,-35.1,315,41.5,276,7.6" /></mjloggm>