<mjloggm ver="2.3"><GO type="225" lobby="0"/><UN n0="%E3%81%99%E3%81%84%E3%81%BE%E3%81%9B%E3%83%BC%E3%82%93" n1="%E3%83%81%E3%83%83%E3%82%BF%E3%82%BD%E3%83%BC" n2="%E6%9C%88%E5%B3%B6%E5%9F%BA" n3="%E7%99%BD%E5%80%89%E5%AF%9B%E4%B9%8B" dan="18,17,18,16" rate="2237.36,2210.56,2224.82,2144.00" sx="M,F,M,M"/><TAIKYOKU oya="0"/><INIT seed="0,0,0,1,5,85" ten="250,250,250,250" oya="0" hai0="104,29,30,61,41,68,76,118,1,42,34,120,109" hai1="44,2,65,87,56,112,110,107,28,66,116,133,95" hai2="130,70,50,134,127,78,91,62,21,67,14,59,108" hai3="16,80,71,63,82,11,52,39,132,9,19,88,48"/><T17/><D118/><U77/><E116/><V58/><F108/><W119/><G39/><T24/><D120/><U98/><E107/><V92/><F130/><W38/><G38/><T93/><D104/><U64/><E2/><V53/><F127/><W83/><G119/><T25/><D1/><U81/><E110/><V103/><F134/><W121/><G132/><T84/><D17/><N who="3" m="6729" /><G71/><T105/><D105/><U26/><E133/><V129/><F129/><W113/><G113/><T4/><D4/><U89/><E112/><V111/><F111/><W43/><G121/><T57/><D68/><U125/><E125/><V74/><F21/><W6/><G43/><T49/><D49/><U47/><REACH who="1" step="1"/><E56/><REACH who="1" ten="250,240,250,250" step="2"/><V100/><F70/><W94/><G63/><T99/><D109/><U124/><E124/><V102/><F14/><W31/><G31/><T73/><D30/><U15/><E15/><V55/><F67/><W13/><G13/><T115/><D115/><U45/><E45/><V131/><F131/><W51/><G6/><T135/><D135/><U23/><AGARI ba="0,1" hai="23,26,28,44,47,64,65,66,77,81,87,89,95,98" machi="23" ten="30,7900,0" yaku="1,1,0,1,8,1,52,1,53,0" doraHai="85" doraHaiUra="46" who="1" fromWho="1" sc="250,-39,240,89,250,-20,250,-20" /><INIT seed="1,0,0,0,0,75" ten="211,329,230,230" oya="1" hai0="125,26,70,135,122,69,35,98,77,130,51,81,24" hai1="90,25,41,32,64,5,7,55,132,56,2,111,74" hai2="109,6,83,108,87,9,123,40,10,113,21,68,126" hai3="119,103,116,66,15,33,23,22,61,52,58,127,48"/><U57/><E132/><V53/><F123/><W106/><G33/><T94/><D135/><U134/><E134/><V1/><F68/><W97/><G127/><T76/><D125/><U82/><E111/><N who="2" m="42571" /><F126/><W18/><REACH who="3" step="1"/><G23/><REACH who="3" ten="211,329,230,220" step="2"/><T84/><D35/><U37/><E32/><V19/><F21/><W36/><G36/><T102/><D122/><U112/><E112/><V47/><F113/><W78/><G78/><T62/><D130/><U3/><E2/><V20/><F1/><W11/><G11/><T99/><D77/><U73/><E3/><V105/><F10/><W89/><G89/><T29/><D29/><U120/><E90/><V92/><F9/><W34/><G34/><T93/><D51/><U8/><E120/><V46/><F20/><W124/><G124/><T50/><D50/><U45/><E8/><V49/><F49/><W71/><AGARI ba="0,1" hai="15,18,22,48,52,58,61,66,71,97,103,106,116,119" machi="71" ten="30,7900,0" yaku="1,1,0,1,54,1,53,1" doraHai="75" doraHaiUra="59" who="3" fromWho="3" sc="211,-20,329,-39,230,-20,220,89" /><INIT seed="2,0,0,4,5,4" ten="191,290,210,309" oya="2" hai0="103,90,15,100,16,54,127,85,96,82,58,27,101" hai1="22,72,53,88,24,110,9,2,124,41,12,122,25" hai2="116,66,59,75,13,40,46,108,52,18,79,55,81" hai3="133,19,95,134,57,42,45,10,99,49,0,115,80"/><V74/><F116/><W67/><G115/><T37/><D37/><U91/><E110/><V132/><F75/><W21/><G80/><T83/><D127/><U111/><E111/><V78/><F108/><W104/><G104/><T33/><D82/><U106/><E106/><V48/><F132/><W113/><G113/><T5/><D5/><U51/><E2/><V105/><F105/><W11/><G0/><T70/><D70/><U94/><E124/><V65/><F79/><W60/><G133/><T98/><D27/><U125/><E125/><V29/><F29/><W107/><G107/><T128/><D33/><U123/><E72/><V87/><F74/><W7/><G7/><T121/><D128/><U36/><E36/><V117/><F117/><W97/><G134/><T68/><D68/><U109/><E109/><V76/><F76/><W119/><G119/><T31/><D31/><U89/><E41/><V114/><F114/><W8/><G95/><T44/><D44/><N who="1" m="27879" /><E122/><V26/><F26/><AGARI ba="0,0" hai="8,10,11,19,21,26,42,45,49,57,60,67,97,99" machi="26" ten="40,8000,1" yaku="8,1,52,3" doraHai="4" who="3" fromWho="2" sc="191,0,290,0,210,-80,309,80" /><INIT seed="3,0,0,5,5,81" ten="191,290,130,389" oya="3" hai0="50,1,106,12,56,52,15,34,126,10,36,62,22" hai1="48,14,97,108,104,66,93,86,13,131,80,11,30" hai2="65,59,84,61,90,74,27,47,120,44,102,92,5" hai3="118,91,35,19,37,6,129,99,78,60,134,88,125"/><W89/><G37/><T32/><D106/><U83/><E108/><V23/><F74/><W64/><G35/><T46/><D126/><U116/><E131/><V55/><F120/><W57/><G118/><T8/><D36/><U17/><E116/><V24/><F5/><W20/><G129/><T100/><D1/><U41/><E104/><V29/><F102/><W111/><G125/><T69/><D69/><U21/><E66/><V73/><F73/><W121/><G121/><T75/><D75/><U67/><E67/><V135/><F135/><W31/><G78/><T72/><D72/><U110/><E110/><V0/><F0/><W76/><G76/><T96/><D34/><U16/><E30/><V9/><F9/><W3/><G31/><T28/><D32/><U49/><E41/><V85/><F27/><W58/><G134/><T25/><D10/><U18/><E18/><V54/><REACH who="2" step="1"/><F85/><REACH who="2" ten="191,290,120,389" step="2"/><W2/><G6/><T33/><D8/><U95/><E97/><V38/><F38/><W127/><G99/><T79/><D96/><U130/><E130/><V63/><F63/><W43/><G60/><T26/><D100/><U117/><E117/><V105/><F105/><W132/><G2/><T45/><D62/><U77/><REACH who="1" step="1"/><E80/><REACH who="1" ten="191,280,120,389" step="2"/><V119/><F119/><W71/><G111/><T42/><D28/><U53/><E53/><AGARI ba="0,2" hai="23,24,29,44,47,53,54,55,59,61,65,84,90,92" machi="53" ten="40,5200,0" yaku="1,1,8,1,52,1,53,0" doraHai="81" doraHaiUra="133" who="2" fromWho="1" sc="191,0,280,-52,120,72,389,0" owari="191,-30.9,228,2.8,192,-20.8,389,48.9" /></mjloggm>