<mjloggm ver="2.3"><GO type="225" lobby="0"/><UN n0="%E4%B8%89%E5%88%86%E5%B0%8F%E5%83%A7" n1="%E3%81%BD%E3%81%A1%E3%81%9F%E3%81%93%E3%82%84" n2="%E3%81%AF%E3%82%88%E3%81%8A%E3%81%98%E3%81%95%E3%82%93" n3="%E6%98%93%E5%88%A9%E8%96%A9%E4%BC%AF" dan="16,17,17,17" rate="2075.95,2241.70,2141.02,2137.85" sx="M,M,M,F"/><TAIKYOKU oya="0"/><INIT seed="0,0,0,1,4,63" ten="250,250,250,250" oya="0" hai0="115,85,95,37,126,40,11,22,116,10,45,60,39" hai1="21,5,15,29,43,66,132,97,6,30,112,35,108" hai2="98,70,84,20,53,120,59,72,87,83,2,80,118" hai3="7,128,110,121,8,78,23,123,122,27,79,58,31"/><T46/><D115/><U62/><E112/><V130/><F120/><W19/><G110/><T28/><D116/><U4/><E108/><V103/><F70/><W102/><G102/><T93/><D126/><U86/><E132/><V101/><F2/><W17/><G58/><T94/><D85/><U13/><E43/><V42/><F118/><W88/><G128/><T55/><D60/><U81/><E97/><V109/><F109/><W16/><REACH who="3" step="1"/><G88/><REACH who="3" ten="250,250,250,240" step="2"/><T38/><D46/><U9/><E35/><V67/><F59/><W1/><AGARI ba="0,1" hai="1,7,8,16,17,19,23,27,31,78,79,121,122,123" machi="1" ten="40,8000,1" yaku="1,1,2,1,0,1,13,1,54,1,53,0" doraHai="63" doraHaiUra="133" who="3" fromWho="3" sc="250,-40,250,-20,250,-20,240,90" /><INIT seed="1,0,0,4,0,105" ten="210,230,230,330" oya="1" hai0="120,127,114,117,20,65,11,26,35,129,40,7,6" hai1="112,9,98,93,4,43,109,67,24,70,82,124,66" hai2="62,61,29,90,39,73,59,134,16,37,21,133,58" hai3="125,12,77,76,36,106,87,111,126,85,33,103,79"/><U83/><E112/><V56/><F29/><W48/><G36/><T27/><D114/><U80/><E124/><N who="3" m="47722" /><G33/><T92/><D127/><U5/><E43/><V1/><F1/><W0/><G0/><T72/><D117/><U25/><E109/><V49/><F49/><W52/><G12/><T131/><D65/><N who="1" m="24587" /><E70/><V81/><F90/><W31/><G31/><N who="0" m="19959" /><D92/><U128/><E128/><N who="0" m="49225" /><D40/><U95/><E93/><V47/><F62/><W116/><G116/><T30/><D72/><U104/><E104/><V97/><F97/><N who="3" m="61807" /><G111/><T123/><D6/><N who="1" m="2667" /><E9/><V14/><F61/><W132/><G132/><N who="2" m="50793" /><F47/><AGARI ba="0,0" hai="47,48,52,76,77,79,85,87" m="61807,47722" machi="47" ten="30,2000,0" yaku="18,1,54,1" doraHai="105" who="3" fromWho="2" sc="210,0,230,0,230,-20,330,20" /><INIT seed="2,0,0,1,3,37" ten="210,230,210,350" oya="2" hai0="119,104,25,36,95,24,40,28,72,108,111,54,12" hai1="70,43,92,32,20,107,42,59,48,79,115,80,29" hai2="84,62,7,22,109,51,77,129,67,10,81,64,112" hai3="41,21,122,114,66,4,82,26,118,11,103,58,74"/><V0/><F112/><W9/><G118/><T89/><D104/><U94/><E107/><V76/><F129/><W88/><G103/><T134/><D72/><U90/><E70/><V113/><F113/><W44/><G122/><T27/><D134/><U124/><E32/><V61/><F109/><N who="0" m="42058" /><D12/><U102/><E102/><V93/><F77/><W133/><G133/><T78/><D54/><N who="1" m="32199" /><E124/><V3/><F3/><W47/><G47/><N who="0" m="23943" /><D78/><U53/><E79/><V96/><F51/><N who="3" m="27023" /><G74/><T45/><D45/><U135/><E115/><V15/><F0/><W63/><G4/><T120/><D120/><U86/><E53/><V6/><F6/><W1/><G1/><T130/><D130/><U55/><E55/><V50/><F50/><W13/><G13/><T123/><D119/><U60/><E60/><N who="2" m="23147" /><F22/><W97/><G114/><T125/><D125/><U91/><E135/><V131/><F131/><W83/><G11/><T101/><D101/><AGARI ba="0,0" hai="7,10,15,64,67,76,81,84,93,96,101" m="23147" machi="101" ten="30,1500,0" yaku="8,1" doraHai="37" who="2" fromWho="0" sc="210,-15,230,0,210,15,350,0" /><INIT seed="2,1,0,2,3,116" ten="195,230,225,350" oya="2" hai0="134,117,32,91,133,73,110,102,26,42,71,129,119" hai1="92,84,14,64,87,10,97,19,25,100,8,101,4" hai2="104,126,36,72,59,52,15,107,85,90,122,47,46" hai3="112,16,81,88,41,35,50,68,45,27,74,37,76"/><V20/><F122/><W79/><G68/><T21/><D32/><U28/><E100/><V114/><F72/><W67/><G112/><T78/><D71/><U17/><E64/><V5/><F114/><W123/><G123/><T109/><D42/><U106/><E106/><V66/><F126/><W30/><G67/><T33/><D33/><U131/><E131/><V39/><F66/><W1/><G1/><T55/><D102/><U70/><E70/><V61/><F107/><W111/><G79/><T18/><D55/><U2/><REACH who="1" step="1"/><E17/><REACH who="1" ten="195,220,225,350" step="2"/><N who="2" m="10303" /><F104/><W69/><G69/><T31/><D129/><U40/><E40/><V120/><F120/><W99/><G16/><T86/><D18/><U135/><E135/><N who="0" m="51721" /><D119/><U0/><E0/><V49/><F5/><W56/><G41/><T96/><D117/><U132/><E132/><V121/><F121/><W54/><G111/><T127/><D127/><U83/><E83/><N who="2" m="49471" /><F36/><W89/><G37/><T53/><D110/><U95/><E95/><V93/><F39/><W105/><G105/><T22/><D109/><U51/><E51/><V9/><F93/><W24/><G50/><T75/><D53/><U113/><E113/><V60/><F9/><W13/><G81/><N who="0" m="47415" /><D21/><AGARI ba="1,1" hai="2,4,8,10,14,19,21,25,28,84,87,92,97,101" machi="21" ten="30,2000,0" yaku="1,1,7,1,53,0" doraHai="116" doraHaiUra="48" who="1" fromWho="0" sc="195,-23,220,33,225,0,350,0" /><INIT seed="3,0,0,4,5,52" ten="172,253,225,350" oya="3" hai0="69,104,53,109,94,130,33,91,22,64,116,28,132" hai1="24,74,20,128,83,65,134,43,87,41,84,21,16" hai2="12,67,60,49,36,117,8,59,9,10,75,121,15" hai3="50,72,61,14,80,71,82,0,3,40,99,56,106"/><W42/><G71/><T96/><D116/><U18/><E128/><V110/><F117/><W26/><G26/><T126/><D130/><U46/><E134/><V19/><F36/><W77/><G82/><T119/><D119/><U51/><E65/><V44/><F75/><W30/><G30/><T85/><D132/><U97/><E43/><V17/><F110/><W118/><G14/><N who="2" m="5161" /><F121/><W92/><G106/><T129/><D129/><U107/><E74/><V123/><F123/><W114/><G114/><T6/><D109/><U131/><E131/><V103/><F103/><W86/><G72/><T76/><D33/><U93/><E107/><V45/><F45/><W54/><G118/><T81/><D104/><U38/><E38/><V90/><F90/><W1/><G50/><T127/><D6/><U39/><E39/><V4/><F4/><W27/><G27/><T62/><D28/><N who="1" m="17415" /><E21/><V124/><F124/><W125/><G125/><T115/><D115/><U78/><E84/><V113/><F113/><W25/><G25/><T7/><D7/><U108/><E108/><V55/><AGARI ba="0,0" hai="8,9,10,17,19,44,49,55,59,60,67" m="5161" machi="55" ten="30,2000,0" yaku="8,1,52,1" doraHai="52" who="2" fromWho="2" sc="172,-5,253,-5,225,20,350,-10" owari="167,-33.3,248,4.8,245,-15.5,340,44.0" /></mjloggm>