<mjloggm ver="2.3"><GO type="225" lobby="0"/><UN n0="%E3%81%99%E3%81%84%E3%81%BE%E3%81%9B%E3%83%BC%E3%82%93" n1="%E4%BF%BA%E3%81%A8%E5%A6%96%E5%A4%A2" n2="%E5%91%A8%E6%9D%B1" n3="%72%65%6E%6B%75%6E" dan="18,16,17,17" rate="2284.70,2122.31,2188.60,2215.35" sx="M,F,M,M"/><TAIKYOKU oya="0"/><INIT seed="0,0,0,5,1,56" ten="250,250,250,250" oya="0" hai0="26,102,71,124,63,100,59,108,66,114,29,106,37" hai1="115,121,120,54,73,9,33,61,51,85,104,18,45" hai2="43,12,11,53,41,90,135,0,125,70,30,19,87" hai3="88,133,48,119,83,109,99,93,86,68,128,64,21"/><T84/><D114/><U74/><E33/><V57/><F70/><W113/><G119/><T76/><D124/><U14/><E115/><V91/><F125/><W105/><G113/><T131/><D37/><U7/><E104/><V3/><F135/><W17/><G133/><T96/><D131/><U130/><E130/><V23/><F3/><W28/><G128/><T65/><D102/><U95/><E74/><V47/><F0/><W69/><G105/><T97/><D97/><U89/><E73/><V52/><F90/><W8/><G28/><T42/><D42/><U50/><E50/><N who="2" m="30871" /><F11/><W44/><G64/><T2/><D2/><U36/><E36/><V134/><F30/><W94/><G94/><T112/><D112/><U111/><E111/><V117/><F117/><W4/><G4/><T92/><D108/><U67/><REACH who="1" step="1"/><E7/><REACH who="1" ten="250,240,250,250" step="2"/><V16/><F134/><W20/><G109/><T122/><D106/><U62/><E62/><V116/><F116/><W132/><G132/><T31/><D63/><U55/><E55/><V103/><F53/><N who="3" m="29831" /><G69/><AGARI ba="0,1" hai="9,14,18,45,51,54,61,67,69,85,89,95,120,121" machi="69" ten="30,3900,0" yaku="1,1,7,1,52,1,53,0" doraHai="56" doraHaiUra="129" who="1" fromWho="3" sc="250,0,240,49,250,0,250,-39" /><INIT seed="1,0,0,5,2,134" ten="250,289,250,211" oya="1" hai0="133,65,87,17,21,4,30,14,113,98,46,12,76" hai1="53,16,22,37,97,20,70,126,3,8,125,108,63" hai2="23,128,25,2,90,44,57,13,78,95,94,89,131" hai3="18,41,123,6,52,122,127,83,103,102,130,124,39"/><U11/><E37/><V66/><F2/><W121/><G6/><T10/><D113/><U50/><E108/><V64/><F78/><W104/><G104/><T109/><D109/><U36/><E36/><V58/><F13/><W79/><G18/><T51/><D133/><U100/><E3/><V9/><F9/><W7/><G7/><T99/><D65/><U24/><E22/><V45/><REACH who="2" step="1"/><F23/><REACH who="2" ten="250,289,240,211" step="2"/><W93/><G130/><T15/><D15/><U74/><E8/><V47/><F47/><N who="3" m="23999" /><G93/><T84/><D30/><U77/><E11/><V72/><F72/><N who="3" m="43495" /><G52/><N who="0" m="29815" /><D76/><U33/><E77/><V55/><F55/><W67/><G67/><T61/><D14/><U49/><E74/><V1/><F1/><W59/><G59/><T73/><D10/><U116/><E33/><V105/><F105/><W106/><G106/><T31/><D73/><U85/><E53/><V86/><F86/><W62/><G62/><T112/><D61/><U28/><E85/><V38/><F38/><W118/><G118/><T19/><D87/><U92/><E116/><V40/><F40/><W119/><G119/><T68/><D84/><U27/><E27/><AGARI ba="0,1" hai="25,27,44,45,57,58,64,66,89,90,94,95,128,131" machi="27" ten="25,3200,0" yaku="1,1,22,2,53,0" doraHai="134" doraHaiUra="5" who="2" fromWho="1" sc="250,0,289,-32,240,42,211,0" /><INIT seed="2,0,0,0,5,11" ten="250,257,282,211" oya="2" hai0="88,49,117,110,30,67,135,119,73,132,118,103,63" hai1="9,15,32,77,14,3,111,0,8,64,13,94,121" hai2="99,93,44,16,20,80,82,86,46,36,122,78,114" hai3="106,21,56,51,52,124,116,123,41,39,133,33,1"/><V62/><F114/><W70/><RYUUKYOKU type="yao9" ba="0,0" sc="250,0,257,0,282,0,211,0" hai3="1,21,33,39,41,51,52,56,70,106,116,123,124,133" /><INIT seed="2,1,0,2,2,131" ten="250,257,282,211" oya="2" hai0="92,52,122,115,49,71,102,45,8,29,34,21,19" hai1="77,78,41,53,43,58,35,26,96,60,66,32,68" hai2="76,5,117,93,50,130,59,112,23,97,46,127,125" hai3="33,9,128,106,15,129,120,48,0,103,72,64,13"/><V36/><F117/><W134/><G72/><T14/><D122/><U25/><E96/><V75/><F36/><W65/><G120/><T113/><D71/><U132/><E132/><V104/><F104/><W20/><G33/><T100/><D34/><U81/><E35/><V91/><F112/><W87/><G103/><T40/><D115/><U86/><E77/><V133/><F130/><W28/><G106/><T27/><D113/><U82/><E82/><N who="2" m="45343" /><F5/><W18/><G0/><T119/><D119/><U62/><REACH who="1" step="1"/><E25/><REACH who="1" ten="250,247,282,211" step="2"/><V124/><F133/><W110/><G134/><T31/><D92/><U79/><E79/><V22/><F59/><W7/><G129/><T111/><D102/><U47/><E47/><V70/><F70/><W83/><G128/><T95/><D95/><U118/><E118/><V116/><F116/><W57/><G110/><T63/><D100/><U2/><E2/><V90/><F90/><W94/><G94/><T17/><D111/><U24/><E24/><V12/><F12/><W6/><G87/><T123/><D123/><U61/><E61/><V30/><F30/><AGARI ba="1,1" hai="26,30,32,41,43,53,58,60,62,66,68,78,81,86" machi="30" ten="40,1300,0" yaku="1,1,53,0" doraHai="131" doraHaiUra="69" who="1" fromWho="2" sc="250,0,247,26,282,-16,211,0" /><INIT seed="3,0,0,5,2,134" ten="250,273,266,211" oya="3" hai0="97,105,103,110,4,69,44,76,109,100,17,98,47" hai1="72,34,91,51,58,94,121,49,115,129,36,83,26" hai2="62,50,81,7,80,131,120,52,88,82,89,53,70" hai3="23,37,106,126,73,117,66,133,90,3,102,20,2"/><W60/><G73/><T104/><D69/><U112/><E121/><V57/><F131/><W71/><G117/><T84/><D4/><U29/><E36/><V124/><F120/><W16/><G37/><T99/><D17/><U86/><E129/><V54/><F70/><W75/><G75/><T25/><D25/><U125/><E125/><V61/><F124/><W78/><G133/><T96/><D44/><U11/><E11/><V30/><F30/><W130/><G126/><T119/><D47/><U48/><E72/><V1/><F1/><W101/><G78/><T28/><D28/><U22/><E34/><V85/><F7/><W0/><G130/><T59/><D59/><U13/><E13/><V6/><F6/><W10/><G90/><N who="2" m="34921" /><F85/><W64/><G64/><T92/><D119/><U24/><E24/><V79/><F79/><W123/><G123/><T14/><D14/><U27/><E27/><V128/><F128/><W108/><G108/><N who="0" m="41579" /><D103/><U31/><E31/><V5/><F5/><W33/><G33/><T8/><D8/><U127/><E127/><V43/><F43/><W41/><G41/><T9/><D9/><U132/><E132/><V116/><F116/><W55/><G55/><AGARI ba="0,0" hai="50,52,53,54,55,57,61,62,80,81,82" m="34921" machi="55" ten="40,5200,0" yaku="8,1,54,2" doraHai="134" who="2" fromWho="3" sc="250,0,273,0,266,52,211,-52" owari="250,-15.0,273,7.3,318,41.8,159,-34.1" /></mjloggm>