<mjloggm ver="2.3"><GO type="225" lobby="0"/><UN n0="%77%72%77%72%77%72%77%72" n1="%E3%81%A1%E3%82%83%E3%81%93%E3%81%93" n2="%E5%A4%8F%E9%88%B4%E9%88%B4%E5%A4%8F" n3="%E6%A1%9C%E8%8A%B1%E9%96%83%E3%80%85" dan="17,16,16,16" rate="2187.65,2099.79,2110.68,2139.69" sx="M,F,F,M"/><TAIKYOKU oya="0"/><INIT seed="0,0,0,4,4,101" ten="250,250,250,250" oya="0" hai0="33,56,10,96,32,72,75,86,104,26,58,37,57" hai1="13,135,6,54,97,0,120,130,45,77,124,11,52" hai2="18,126,74,38,87,117,55,4,60,94,91,41,107" hai3="78,108,99,64,46,19,7,112,61,70,8,51,114"/><T118/><D118/><U92/><E120/><V25/><F117/><W48/><G108/><T68/><D37/><U35/><E35/><V23/><F126/><W34/><G34/><T24/><D68/><U31/><E31/><V12/><F74/><W133/><G133/><T63/><D32/><U102/><E130/><V3/><F3/><W47/><G78/><T69/><D10/><U66/><E135/><V21/><F4/><W17/><G99/><T49/><D49/><U125/><E66/><V85/><F38/><W71/><G7/><T73/><D86/><U88/><E77/><V80/><F41/><W40/><G8/><T5/><D5/><U129/><E129/><V98/><F107/><W95/><G95/><T109/><D109/><U122/><E122/><V83/><F80/><W53/><G17/><T43/><D43/><U36/><E0/><V67/><F83/><W76/><G19/><T89/><D33/><U106/><E36/><V62/><F55/><W93/><G93/><T15/><D15/><U115/><E115/><N who="3" m="44074" /><G76/><T127/><D127/><N who="1" m="48715" /><E45/><V81/><F67/><W1/><G1/><T84/><D84/><AGARI ba="0,0" hai="6,11,13,52,54,84,88,92,97,102,106" m="48715" machi="84" ten="30,7700,0" yaku="18,1,52,1,54,2" doraHai="101" who="1" fromWho="0" sc="250,-77,250,77,250,0,250,0" /><INIT seed="1,0,0,1,4,34" ten="173,327,250,250" oya="1" hai0="89,7,135,52,79,32,126,78,58,4,54,46,122" hai1="28,97,40,68,133,11,23,60,130,132,91,107,96" hai2="77,94,41,98,24,17,93,3,19,43,129,65,124" hai3="102,39,2,128,108,33,111,82,74,44,127,121,5"/><U63/><E130/><V88/><F129/><W50/><G128/><T115/><D115/><U90/><E40/><V72/><F124/><W12/><G121/><T45/><D126/><U10/><E23/><V29/><F3/><W21/><G127/><T61/><D32/><U87/><E87/><V36/><F65/><W69/><G102/><T55/><D135/><U9/><E28/><V119/><F119/><W0/><G69/><T106/><D106/><U99/><E107/><V14/><F36/><W73/><G33/><T84/><D122/><U109/><E109/><N who="3" m="42058" /><G39/><T110/><D110/><U131/><E131/><V27/><F72/><N who="3" m="27755" /><G82/><T25/><D25/><U92/><E68/><V83/><F83/><W51/><G51/><T48/><D45/><U42/><E42/><V117/><F77/><N who="0" m="29194" /><D54/><U112/><E112/><V20/><F117/><W113/><G113/><T53/><D55/><U15/><E15/><V37/><F37/><W38/><G38/><T116/><D116/><U75/><E75/><V13/><F29/><W101/><G101/><T62/><D61/><N who="1" m="23627" /><E92/><AGARI ba="0,0" hai="4,7,46,48,52,53,58,62,84,89,92" m="29194" machi="92" ten="30,2000,0" yaku="8,1,54,1" doraHai="34" who="0" fromWho="1" sc="173,20,327,-20,250,0,250,0" /><INIT seed="2,0,0,2,1,54" ten="193,307,250,250" oya="2" hai0="38,60,7,105,100,128,94,16,102,3,122,1,116" hai1="58,62,21,22,68,82,49,25,80,30,99,113,125" hai2="104,24,110,34,101,106,120,133,127,112,88,41,134" hai3="43,4,45,31,64,2,81,135,15,28,39,17,74"/><V67/><F120/><W109/><G109/><T37/><D122/><U57/><E113/><V121/><F112/><W20/><G135/><N who="2" m="51721" /><F121/><W50/><G64/><T84/><D105/><N who="2" m="40554" /><F110/><W23/><G23/><T118/><D60/><U10/><E125/><V123/><F123/><W132/><G50/><T52/><D128/><U53/><E68/><V6/><F101/><N who="0" m="39018" /><D7/><U117/><E117/><N who="0" m="45161" /><D94/><U63/><E99/><V92/><F127/><W96/><G96/><T12/><D84/><U126/><E126/><V69/><F41/><W36/><G36/><N who="0" m="13931" /><D52/><N who="1" m="34119" /><E63/><N who="2" m="40191" /><F6/><W115/><G115/><T13/><D16/><N who="1" m="12455" /><E10/><V32/><F24/><AGARI ba="0,0" hai="22,24,30,49,53,57,80,82" m="12455,34119" machi="24" ten="30,8000,1" yaku="8,1,52,2,54,2" doraHai="54" who="1" fromWho="2" sc="193,0,307,80,250,-80,250,0" /><INIT seed="3,0,0,2,0,34" ten="193,387,170,250" oya="3" hai0="124,12,15,81,22,82,78,61,11,20,5,88,58" hai1="85,29,16,7,66,30,40,41,60,121,10,126,28" hai2="50,87,35,25,96,122,67,95,131,47,127,44,64" hai3="54,102,76,62,32,125,48,99,51,129,9,117,69"/><W115/><G115/><T37/><D37/><U80/><E16/><V79/><F122/><W74/><G117/><T89/><D124/><U17/><E17/><V72/><F72/><W33/><G51/><T106/><D106/><U39/><E39/><V4/><F127/><W6/><G129/><T70/><D70/><U132/><E132/><V2/><F131/><W114/><G114/><T110/><D110/><U52/><E52/><N who="2" m="29767" /><F2/><W65/><G76/><T68/><D68/><U93/><E93/><V134/><F35/><W55/><G55/><T101/><D101/><U120/><E120/><V116/><F134/><W31/><G31/><T14/><D14/><N who="1" m="5471" /><E126/><V112/><F116/><W111/><G74/><T75/><D15/><U56/><E121/><V84/><F112/><W71/><G111/><T118/><D118/><U98/><E98/><V77/><F4/><W18/><G18/><T53/><D82/><U107/><E107/><V38/><F47/><W42/><G42/><T108/><D108/><U97/><E97/><V113/><F25/><W105/><G71/><T123/><D123/><U8/><E8/><V83/><F38/><W104/><G104/><T46/><D46/><U36/><E36/><V49/><F49/><W19/><G102/><T128/><D128/><U135/><E135/><V63/><F63/><W27/><G62/><T133/><D133/><U57/><E57/><V24/><F24/><W90/><G27/><T103/><D103/><U21/><E21/><N who="0" m="8297" /><D75/><U130/><E130/><V73/><F113/><W94/><G125/><T23/><D23/><U43/><E43/><RYUUKYOKU ba="0,0" sc="193,15,387,15,170,-15,250,-15" hai0="5,11,12,53,58,61,78,81,88,89" hai1="28,29,30,40,41,56,60,66,80,85" owari="208,-19.2,402,50.2,155,-34.5,235,3.5" /></mjloggm>