<mjloggm ver="2.3"><GO type="225" lobby="0"/><UN n0="%E9%BB%99%E8%81%B4%E3%81%AE%E3%81%99%E3%82%9D%E3%82%81" n1="%E6%B4%BE%E9%81%A3%E3%81%AE%E3%82%B8%E3%83%A3%E3%83%83%E3%82%AF" n2="%E3%81%B2%E3%81%AA%E3%81%AE%E3%82%8A%E3%81%8F" n3="%6C%65%74%69%74%62%65" dan="16,17,16,16" rate="2150.40,2200.13,2095.56,2082.81" sx="M,M,M,M"/><TAIKYOKU oya="0"/><INIT seed="0,0,0,3,1,111" ten="250,250,250,250" oya="0" hai0="65,46,50,26,128,110,98,117,89,101,90,79,82" hai1="114,28,66,24,62,31,2,18,4,63,126,96,135" hai2="86,14,39,58,67,107,17,0,19,13,115,35,85" hai3="15,91,23,92,44,52,69,95,48,97,61,72,40"/><T32/><D117/><U34/><E126/><V108/><F0/><W68/><G72/><T54/><D128/><U27/><E135/><V122/><F108/><W83/><G83/><T119/><D119/><U1/><E18/><V56/><F39/><W124/><G124/><T116/><D116/><U59/><E4/><V6/><F6/><W41/><G40/><T21/><D65/><U103/><E63/><V80/><F35/><W53/><G92/><T30/><D32/><U70/><E114/><V127/><F127/><W7/><G23/><T60/><D60/><U57/><E57/><V10/><F107/><W105/><G105/><T102/><D110/><U16/><E16/><V77/><F122/><W33/><G33/><T29/><D29/><U75/><E75/><V121/><F121/><W36/><G61/><T51/><D51/><U38/><E38/><V125/><F125/><W49/><G36/><T93/><REACH who="0" step="1"/><D102/><REACH who="0" ten="240,250,250,250" step="2"/><U8/><E34/><V74/><F67/><W134/><G134/><T123/><D123/><U88/><E31/><V12/><F115/><W113/><G113/><T94/><D94/><N who="1" m="56391" /><E103/><V11/><REACH who="2" step="1"/><F14/><REACH who="2" ten="240,250,240,250" step="2"/><W106/><G15/><T71/><D71/><U100/><E70/><V73/><F73/><AGARI ba="0,2" hai="21,26,30,46,50,54,73,79,82,89,90,93,98,101" machi="73" ten="30,2900,0" yaku="1,1,7,1,53,0" doraHai="111" doraHaiUra="109" who="0" fromWho="2" sc="240,49,250,0,240,-29,250,0" /><INIT seed="0,1,0,1,2,54" ten="289,250,211,250" oya="0" hai0="123,106,33,44,55,8,89,58,21,3,38,104,87" hai1="2,105,4,50,43,74,51,120,77,114,57,59,49" hai2="109,7,39,113,115,84,66,28,125,134,116,0,27" hai3="96,86,92,111,127,63,118,34,37,1,35,133,82"/><T129/><D33/><U56/><E105/><V20/><F39/><W122/><G118/><T6/><D123/><U73/><E120/><V102/><F102/><W117/><G117/><T128/><D21/><U69/><E69/><V24/><F116/><W112/><G112/><T126/><D126/><U70/><E70/><V53/><F125/><W80/><G1/><T79/><D79/><U100/><E100/><V93/><F66/><W41/><G122/><T108/><D108/><U94/><E94/><V26/><F109/><W107/><G127/><T85/><D85/><U36/><E114/><V72/><F72/><W119/><G119/><T71/><D71/><U23/><E23/><V42/><F42/><W81/><G111/><T68/><D68/><U5/><E2/><V46/><F134/><W97/><G63/><T32/><D32/><U135/><E135/><V47/><F115/><W95/><G107/><T60/><D38/><U99/><E99/><V75/><F75/><W132/><G86/><T121/><D44/><U124/><E124/><V90/><F47/><W88/><G132/><T31/><D31/><U15/><E15/><V76/><F76/><W30/><G133/><T12/><D3/><U9/><E77/><V62/><F113/><W83/><G30/><T25/><D25/><U78/><E78/><V14/><F0/><W29/><N who="3" m="20480" /><DORA hai="17" /><W16/><G29/><T22/><D121/><U130/><E36/><V48/><REACH who="2" step="1"/><F62/><REACH who="2" ten="289,250,201,250" step="2"/><W101/><G37/><T131/><D60/><U11/><E73/><V10/><AGARI ba="1,1" hai="7,10,14,20,24,26,27,28,46,48,53,84,90,93" machi="10" ten="30,12000,2" yaku="1,1,2,1,0,1,8,1,52,1,53,1" doraHai="54,17" doraHaiUra="61,18" who="2" fromWho="2" sc="289,-61,250,-31,201,133,250,-31" /><INIT seed="1,0,0,4,2,47" ten="228,219,334,219" oya="1" hai0="70,89,74,6,121,21,14,1,106,57,53,96,107" hai1="125,23,118,111,63,20,24,126,116,43,78,104,9" hai2="29,85,50,82,98,103,4,105,86,102,67,33,91" hai3="69,44,80,48,46,26,49,128,95,37,109,40,62"/><U34/><E104/><V61/><F4/><W15/><G109/><T32/><D70/><U11/><E78/><V71/><F103/><W129/><G80/><T73/><D32/><U30/><E63/><V99/><F99/><W123/><G123/><T45/><D121/><U36/><E43/><V79/><F50/><N who="3" m="26887" /><G26/><T58/><D1/><U68/><E36/><V87/><F91/><W55/><G15/><T117/><D117/><N who="1" m="45163" /><E68/><V12/><F12/><W101/><G95/><T75/><D45/><U54/><E54/><V115/><F115/><W35/><G101/><T51/><D58/><U76/><E76/><V124/><F124/><N who="1" m="47721" /><E111/><V5/><F5/><W56/><G35/><T93/><REACH who="0" step="1"/><D21/><AGARI ba="0,0" hai="9,11,20,21,23,24,30,34" m="47721,45163" machi="21" ten="30,5800,0" yaku="18,1,34,2" doraHai="47" who="1" fromWho="0" sc="228,-58,219,58,334,0,219,0" /><INIT seed="1,1,0,1,1,127" ten="170,277,334,219" oya="1" hai0="51,132,46,107,74,130,65,68,10,57,113,9,66" hai1="104,94,28,79,24,101,118,122,87,1,40,64,134" hai2="54,21,31,105,123,36,135,70,20,33,131,13,125" hai3="44,59,37,22,2,42,15,114,111,73,53,3,133"/><U7/><E122/><V81/><F105/><W88/><G114/><T14/><D113/><U26/><E118/><V12/><F36/><W103/><G111/><T96/><D74/><U19/><E134/><V72/><F70/><W120/><G120/><T98/><D132/><U90/><E40/><V34/><F72/><W85/><G73/><T18/><D68/><U95/><E79/><V121/><F81/><W80/><G103/><T99/><D107/><U63/><E19/><V45/><F45/><W106/><G106/><T92/><D130/><U93/><E104/><V78/><F54/><W30/><G133/><T38/><D38/><U25/><E28/><V27/><F135/><W49/><REACH who="3" step="1"/><G15/><REACH who="3" ten="170,277,334,209" step="2"/><N who="0" m="7535" /><D57/><U29/><E101/><V61/><F13/><W16/><G16/><N who="0" m="8279" /><D92/><U97/><E94/><V47/><F12/><W67/><G67/><T5/><D5/><U116/><E7/><V56/><F121/><W52/><G52/><AGARI ba="1,1" hai="46,51,52,65,66,96,98,99" m="8279,7535" machi="52" ten="30,3900,0" yaku="8,1,54,2" doraHai="127" who="0" fromWho="3" sc="170,52,277,0,334,0,209,-42" /><INIT seed="2,0,0,3,1,47" ten="222,277,334,167" oya="2" hai0="43,111,74,101,10,81,51,135,73,119,68,21,35" hai1="118,116,106,110,6,14,98,12,121,100,55,122,0" hai2="26,130,87,19,80,129,132,89,2,31,34,66,92" hai3="84,44,24,104,60,30,95,1,22,75,71,120,90"/><V127/><F2/><W59/><G120/><N who="1" m="46186" /><E110/><V39/><F39/><W131/><G75/><T102/><D35/><U49/><E0/><V48/><F66/><W57/><G104/><T54/><D68/><U20/><E6/><V23/><F127/><W108/><G1/><T85/><D111/><U78/><E78/><V112/><F112/><W45/><G108/><T67/><D67/><U114/><E114/><V115/><F115/><W7/><G7/><T65/><D65/><U38/><E38/><V4/><F4/><W76/><G76/><T50/><D135/><U123/><N who="1" m="46194" /><U9/><DORA hai="25" /><E20/><V5/><F5/><W3/><G3/><T46/><D10/><U124/><E124/><V105/><F105/><W113/><G71/><T72/><D21/><U13/><E9/><V103/><F132/><W117/><G117/><T93/><D93/><U107/><E106/><V58/><F92/><W11/><G11/><T91/><REACH who="0" step="1"/><D119/><REACH who="0" ten="212,277,334,167" step="2"/><U63/><E116/><V17/><F23/><W128/><G113/><T42/><D42/><U53/><E118/><V82/><F34/><W18/><G128/><T8/><D8/><U109/><E109/><V40/><F40/><W64/><G131/><T133/><D133/><U126/><E126/><V16/><F130/><W61/><G18/><T36/><D36/><U88/><E107/><V32/><F19/><W97/><G97/><T62/><D62/><U15/><E63/><V37/><F37/><W79/><G79/><T70/><D70/><U56/><E98/><V28/><F129/><W86/><G86/><T27/><D27/><RYUUKYOKU ba="0,1" sc="212,15,277,-15,334,-15,167,15" hai0="43,46,50,51,54,72,73,74,81,85,91,101,102" hai3="22,24,30,44,45,57,59,60,61,64,84,90,95" /><INIT seed="3,1,1,3,4,70" ten="227,262,319,182" oya="3" hai0="109,83,125,51,105,82,76,133,12,119,61,87,62" hai1="60,123,73,102,104,32,3,13,122,111,78,27,55" hai2="7,135,54,35,68,124,112,48,72,15,99,14,42" hai3="6,97,33,56,103,67,2,57,18,115,23,16,36"/><W21/><G115/><T117/><D105/><U92/><E3/><V5/><F68/><W130/><G33/><T29/><D109/><U101/><E111/><V94/><F72/><W20/><G130/><T10/><D133/><U66/><E104/><V26/><F112/><W40/><G2/><T38/><D38/><U39/><E39/><V49/><F135/><W84/><G6/><T121/><D121/><U63/><E13/><N who="2" m="4619" /><F26/><W80/><G40/><T19/><D125/><U34/><E60/><V79/><F79/><N who="3" m="46111" /><G36/><T65/><D29/><U24/><E55/><V53/><F35/><W50/><G67/><T46/><D83/><U28/><E78/><V120/><F42/><W90/><G103/><T98/><D98/><U132/><E73/><V58/><F124/><W43/><G43/><T129/><D129/><U128/><E128/><V110/><F120/><W9/><G9/><T81/><D81/><U52/><E132/><V77/><F77/><W126/><G126/><T0/><D0/><U100/><E66/><V113/><F113/><W74/><G74/><T96/><D96/><N who="1" m="59399" /><E123/><V134/><F134/><W8/><G8/><T4/><D4/><U93/><E122/><V89/><F110/><W37/><G37/><T44/><D44/><AGARI ba="1,1" hai="5,7,44,48,49,53,54,58,89,94,99" m="4619" machi="44" ten="30,1000,0" yaku="8,1" doraHai="70" who="2" fromWho="0" sc="227,-13,262,0,319,23,182,0" owari="214,-18.6,262,6.2,342,44.2,182,-31.8" /></mjloggm>