<mjloggm ver="2.3"><GO type="225" lobby="0"/><UN n0="%E9%BB%99%E8%81%B4%E3%81%AE%E3%81%99%E3%82%9D%E3%82%81" n1="%E4%BC%8A%E9%81%94%E6%9C%B1%E9%87%8C%E7%B4%97" n2="%E3%83%A9%E3%82%A4%E3%83%B3%E3%81%AE%E8%99%8E" n3="%E3%81%BF%E3%81%BF%E3%81%9A" dan="16,16,16,18" rate="2156.07,2139.85,2133.66,2188.79" sx="M,F,M,M"/><TAIKYOKU oya="0"/><INIT seed="0,0,0,2,2,108" ten="250,250,250,250" oya="0" hai0="43,22,46,13,16,28,30,0,116,79,52,35,20" hai1="72,99,17,97,129,7,47,76,29,131,113,24,26" hai2="49,33,109,55,53,57,44,132,2,51,117,59,19" hai3="50,94,106,10,48,80,64,56,75,61,54,1,14"/><T126/><D116/><U123/><E123/><V21/><F109/><W88/><G106/><T41/><D0/><U121/><E121/><V11/><F132/><W105/><G105/><T6/><D126/><U5/><E47/><V3/><F33/><W92/><G1/><T119/><D119/><U60/><E60/><V89/><F117/><W27/><G27/><N who="0" m="16503" /><D35/><U84/><E84/><V40/><F89/><W12/><G48/><N who="0" m="28695" /><D79/><U71/><E76/><V31/><F31/><W98/><G75/><T58/><D30/><U38/><E38/><V62/><REACH who="2" step="1"/><F11/><REACH who="2" ten="250,250,240,250" step="2"/><W96/><G10/><N who="0" m="4311" /><D58/><U82/><E29/><V18/><F18/><W9/><G9/><T127/><D127/><U111/><E17/><V25/><AGARI ba="0,1" hai="2,3,19,21,25,40,44,49,51,53,55,57,59,62" machi="25" ten="20,2700,0" yaku="1,1,0,1,7,1,53,0" doraHai="108" doraHaiUra="73" who="2" fromWho="2" sc="250,-13,250,-7,240,37,250,-7" /><INIT seed="1,0,0,5,1,35" ten="237,243,277,243" oya="1" hai0="27,119,121,130,90,47,54,104,8,53,93,98,22" hai1="1,83,39,94,59,111,67,13,100,15,133,44,125" hai2="33,88,3,82,38,46,86,63,107,62,9,92,95" hai3="134,61,127,73,66,5,87,17,108,75,20,110,122"/><U102/><E133/><V91/><F33/><W43/><G122/><T85/><D119/><U31/><E125/><V25/><F107/><W57/><G127/><T76/><D130/><U19/><E31/><V55/><F25/><W117/><G134/><T50/><D121/><U114/><E59/><V40/><F55/><W116/><G43/><N who="0" m="24959" /><D104/><U118/><E67/><V4/><REACH who="2" step="1"/><F82/><REACH who="2" ten="237,243,267,243" step="2"/><W65/><G117/><T124/><D124/><U26/><E83/><V109/><F109/><N who="3" m="42091" /><G116/><T81/><D8/><U14/><E118/><V101/><F101/><W77/><G65/><T135/><D135/><U105/><E102/><V34/><F34/><W131/><G131/><T0/><D0/><U12/><E105/><V79/><F79/><W51/><G77/><T78/><D76/><U99/><E26/><V45/><F45/><W56/><G87/><AGARI ba="0,1" hai="3,4,9,38,40,46,62,63,86,87,88,91,92,95" machi="87" ten="30,8000,1" yaku="1,1,7,1,9,1,52,1,54,1,53,0" doraHai="35" doraHaiUra="128" who="2" fromWho="3" sc="237,0,243,0,267,90,243,-80" /><INIT seed="2,0,0,5,0,94" ten="237,243,357,163" oya="2" hai0="135,101,105,88,63,18,74,9,112,15,31,79,104" hai1="85,33,111,121,52,107,116,61,64,117,110,1,60" hai2="43,67,120,16,14,115,118,82,100,134,78,12,11" hai3="45,25,27,55,92,69,96,35,70,113,59,91,128"/><V68/><F115/><W106/><G128/><T22/><D112/><U0/><E33/><V125/><F118/><N who="1" m="45673" /><E107/><V90/><F120/><W2/><G113/><T72/><D135/><U29/><E29/><V32/><F32/><W124/><G124/><T3/><D105/><U93/><E121/><V126/><F43/><W51/><G2/><N who="1" m="1130" /><E64/><V8/><F134/><W108/><G108/><N who="1" m="41514" /><E52/><V53/><F53/><W87/><G35/><T19/><D31/><U7/><E7/><V73/><F90/><AGARI ba="0,0" hai="60,61,85,90,93" m="41514,1130,45673" machi="90" ten="40,1300,0" yaku="14,1" doraHai="94" who="1" fromWho="2" sc="237,0,243,13,357,-13,163,0" /><INIT seed="3,0,0,1,5,68" ten="237,256,344,163" oya="3" hai0="16,121,5,18,127,75,44,61,30,11,107,2,43" hai1="51,66,94,58,125,80,87,91,89,123,67,47,22" hai2="27,65,90,49,54,120,21,24,32,86,77,93,84" hai3="116,55,40,113,132,105,23,71,69,117,72,28,57"/><W82/><G105/><T133/><D121/><U119/><E125/><V126/><F126/><W42/><G113/><T74/><D127/><U106/><E123/><V64/><F32/><W128/><G72/><T29/><D107/><U70/><E106/><V10/><F10/><W26/><G82/><T88/><D133/><U46/><E119/><V92/><F120/><W31/><G132/><T38/><D75/><U112/><E112/><V102/><F27/><W131/><G57/><T8/><D74/><U53/><E22/><V56/><F77/><W83/><G83/><T37/><D37/><U12/><E12/><V114/><F114/><W95/><G95/><T59/><D88/><U15/><E15/><V19/><F86/><W99/><G55/><T78/><D78/><U34/><E34/><V98/><AGARI ba="0,0" hai="19,21,24,49,54,56,64,65,84,90,92,93,98,102" machi="98" ten="30,2000,0" yaku="0,1,8,1" doraHai="68" who="2" fromWho="2" sc="237,-5,256,-5,344,20,163,-10" owari="232,-16.8,251,5.1,364,46.4,153,-34.7" /></mjloggm>