<mjloggm ver="2.3"><GO type="225" lobby="0"/><UN n0="%72%69%6F%75%63%68%61%6E" n1="%E6%A1%9C%E8%8A%B1%E9%96%83%E3%80%85" n2="%E8%91%B1%E9%96%93%E8%91%B1%E6%8A%9C" n3="%E3%81%A8%E3%82%89%E3%81%84%E3%81%A1" dan="16,17,16,16" rate="2151.62,2153.94,2080.18,2136.59" sx="M,M,F,M"/><TAIKYOKU oya="0"/><INIT seed="0,0,0,4,1,14" ten="250,250,250,250" oya="0" hai0="50,23,33,100,71,124,87,118,112,95,9,86,116" hai1="94,81,119,106,64,63,0,133,89,102,80,8,51" hai2="76,30,18,6,92,97,2,21,7,60,79,44,1" hai3="56,93,61,84,57,59,40,36,101,125,96,49,107"/><T43/><D112/><U55/><E119/><V127/><F127/><W126/><G36/><T115/><D115/><U10/><E133/><V78/><F30/><W53/><G40/><T113/><D113/><U42/><E42/><V66/><F44/><W73/><G73/><T22/><D33/><U108/><E108/><V48/><F48/><W34/><G34/><T68/><D124/><N who="3" m="47721" /><G61/><T16/><D9/><U85/><E106/><V11/><F6/><W109/><G109/><T128/><D23/><U90/><E102/><V29/><F29/><W32/><G32/><T110/><D110/><U52/><E81/><V134/><F1/><W69/><G69/><T20/><D20/><U82/><E80/><V91/><F134/><W72/><G72/><T129/><D118/><U41/><E41/><V70/><REACH who="2" step="1"/><F78/><REACH who="2" ten="250,250,240,250" step="2"/><W5/><G5/><T83/><D116/><U31/><E51/><V58/><F58/><W35/><G35/><T54/><D43/><U103/><E31/><V47/><F47/><W15/><G57/><N who="0" m="32983" /><D68/><U62/><E0/><V46/><F46/><W12/><G59/><T111/><D71/><U25/><E63/><V114/><F114/><W39/><G39/><T130/><D111/><U117/><E117/><V19/><F19/><W122/><G122/><T105/><D130/><U17/><E62/><V123/><F123/><W75/><G56/><T120/><D120/><U37/><E37/><V104/><F104/><W135/><G135/><T99/><D105/><U38/><E38/><V98/><F98/><W3/><G107/><T121/><D121/><U45/><E45/><RYUUKYOKU ba="0,1" sc="250,-10,250,-10,240,30,250,-10" hai2="2,7,11,18,21,60,66,70,76,79,91,92,97" /><INIT seed="1,1,1,5,3,85" ten="240,240,270,240" oya="1" hai0="67,108,129,9,119,95,130,59,68,73,133,76,40" hai1="51,65,88,102,22,91,92,37,55,87,93,0,6" hai2="36,64,89,128,8,81,34,110,11,62,126,107,41" hai3="78,26,100,47,57,82,42,33,127,2,131,98,31"/><U32/><E32/><V103/><F34/><W60/><G131/><T14/><D119/><U43/><E65/><V52/><F36/><W118/><G127/><T53/><D108/><U112/><E112/><V86/><F41/><W79/><G2/><T21/><D133/><U48/><E102/><V96/><F110/><W12/><G12/><T105/><D105/><U46/><E22/><V15/><F128/><N who="0" m="49258" /><D40/><U49/><E6/><V24/><F126/><W134/><G134/><T1/><D1/><U84/><E0/><V71/><F24/><W50/><G82/><N who="0" m="45327" /><D21/><U104/><E104/><V35/><F35/><W72/><G72/><T38/><D38/><U29/><E29/><V113/><F113/><W125/><G118/><T54/><D68/><U99/><E99/><V123/><F123/><W3/><G3/><T114/><D114/><U25/><E25/><V121/><F121/><W10/><G10/><T66/><D95/><U28/><E28/><V18/><REACH who="2" step="1"/><F52/><AGARI ba="1,1" hai="37,43,46,48,49,51,52,55,84,87,88,91,92,93" machi="52" ten="40,12000,1" yaku="9,1,52,2,54,2" doraHai="85" who="1" fromWho="2" sc="240,0,240,133,270,-123,240,0" /><INIT seed="1,2,0,0,0,3" ten="240,373,147,240" oya="1" hai0="66,33,76,17,23,98,56,58,84,85,70,129,134" hai1="91,31,78,52,35,68,53,72,101,130,45,89,87" hai2="117,67,21,38,108,49,107,104,16,39,128,92,65" hai3="131,18,61,82,122,69,79,40,10,42,113,95,110"/><U57/><E68/><V62/><F117/><W127/><G122/><T2/><D33/><U77/><E72/><V106/><F108/><W8/><G113/><T50/><D129/><U47/><E130/><V103/><F128/><W5/><G131/><T6/><D134/><U120/><E120/><V90/><F103/><W34/><G34/><T73/><D70/><U74/><E74/><V30/><F30/><W121/><G121/><T86/><D98/><U37/><E101/><V88/><F49/><W4/><G110/><T20/><D50/><U43/><E47/><V55/><F55/><W96/><G69/><T12/><D23/><U132/><E91/><V102/><F102/><N who="3" m="60703" /><G61/><T9/><REACH who="0" step="1"/><D66/><REACH who="0" ten="230,373,147,240" step="2"/><U26/><E132/><V41/><F65/><W105/><G127/><T80/><AGARI ba="2,1" hai="2,6,9,12,17,20,56,58,73,76,80,84,85,86" machi="80" ten="30,7900,0" yaku="1,1,2,1,0,1,52,1,53,0" doraHai="3" doraHaiUra="46" who="0" fromWho="0" sc="230,95,373,-41,147,-22,240,-22" /><INIT seed="2,0,0,0,0,16" ten="325,332,125,218" oya="2" hai0="48,105,93,17,99,83,20,109,41,57,92,2,36" hai1="32,84,21,132,22,91,63,1,37,97,70,65,45" hai2="86,7,56,55,38,103,15,33,85,94,117,127,76" hai3="30,62,95,126,4,3,23,135,71,46,26,131,66"/><V88/><F117/><W51/><G126/><T24/><D109/><U77/><E32/><V60/><F33/><W116/><G116/><T123/><D123/><U73/><E1/><V54/><F127/><W72/><G72/><T74/><D2/><U13/><E132/><V100/><F38/><W43/><G135/><T101/><D36/><U75/><E97/><V96/><F54/><W80/><G131/><T90/><D57/><U115/><E77/><V111/><F111/><W11/><G80/><T29/><D29/><U102/><E102/><N who="2" m="38955" /><F76/><W27/><G27/><T9/><D9/><AGARI ba="0,0" hai="7,9,15,55,56,60,85,86,88,94,96" m="38955" machi="9" ten="30,2900,0" yaku="8,1,54,1" doraHai="16" who="2" fromWho="0" sc="325,-29,332,0,125,29,218,0" /><INIT seed="2,1,0,5,4,119" ten="296,332,154,218" oya="2" hai0="28,78,34,27,73,85,105,29,6,88,8,4,100" hai1="13,74,49,106,89,61,108,96,135,9,67,54,44" hai2="58,3,79,25,80,26,53,133,131,31,0,46,87" hai3="72,59,52,126,38,93,43,134,24,17,21,47,76"/><V60/><F133/><W40/><G134/><T64/><D29/><U115/><E135/><V77/><F131/><W69/><G69/><T122/><D64/><U19/><E115/><V128/><F128/><W14/><G126/><T2/><D4/><U118/><E118/><V97/><F79/><W130/><G130/><T65/><D122/><U127/><E127/><V12/><F12/><W11/><G43/><T18/><D65/><U84/><E108/><V42/><F97/><W50/><G93/><T15/><D73/><U101/><E74/><V117/><F117/><W86/><G72/><T45/><D45/><U37/><E37/><V132/><F132/><W90/><G76/><T39/><D78/><U120/><E120/><V22/><REACH who="2" step="1"/><F26/><REACH who="2" ten="296,332,144,218" step="2"/><W66/><G24/><T121/><D15/><U30/><E13/><V92/><F92/><W35/><G11/><T129/><D129/><U104/><E9/><V124/><F124/><W81/><REACH who="3" step="1"/><G66/><REACH who="3" ten="296,332,144,208" step="2"/><T33/><D8/><U10/><E10/><V113/><F113/><W62/><G62/><T70/><D121/><U36/><E61/><V109/><F109/><W20/><G20/><T112/><D112/><U5/><E67/><V83/><F83/><W110/><G110/><T98/><D33/><AGARI ba="1,2" hai="14,17,21,33,35,38,40,47,50,52,59,81,86,90" machi="33" ten="40,2600,0" yaku="1,1,54,1,53,0" doraHai="119" doraHaiUra="57" who="3" fromWho="0" sc="296,-29,332,0,144,0,208,49" /><INIT seed="3,0,0,3,2,122" ten="267,332,144,257" oya="3" hai0="60,20,104,71,17,3,8,117,27,109,103,31,40" hai1="4,33,101,106,85,120,38,88,23,118,18,86,66" hai2="32,22,37,49,105,64,83,7,99,24,130,62,65" hai3="125,50,75,89,82,129,10,90,98,47,19,35,94"/><W97/><G129/><T26/><D109/><U67/><E120/><V132/><F37/><W77/><G35/><T9/><D117/><U13/><E38/><V44/><F32/><W107/><G125/><T134/><D134/><U119/><E33/><V87/><F130/><W12/><G107/><T121/><D121/><U70/><E4/><V69/><F132/><W110/><G110/><T57/><D3/><U76/><E76/><V53/><F7/><W91/><REACH who="3" step="1"/><G97/><REACH who="3" ten="267,332,144,247" step="2"/><T115/><D104/><U133/><E133/><V36/><F36/><W34/><G34/><T51/><D115/><U135/><E135/><V30/><F65/><W128/><G128/><T28/><D71/><U59/><E70/><V54/><F105/><W95/><G95/><T56/><D103/><U2/><E101/><V116/><F99/><W39/><G39/><T15/><D8/><U73/><E106/><V124/><F124/><W127/><G127/><T25/><D28/><U80/><E67/><V58/><F116/><W5/><G5/><T123/><D123/><U48/><E66/><V29/><F29/><W81/><G81/><T113/><D113/><U68/><E68/><V43/><REACH who="2" step="1"/><F69/><REACH who="2" ten="267,332,134,247" step="2"/><W126/><G126/><T102/><D31/><U79/><E119/><V46/><F46/><W21/><G21/><T16/><D20/><U131/><E118/><V93/><F93/><W14/><G14/><T61/><D15/><N who="1" m="9695" /><E131/><V114/><F114/><W0/><G0/><T42/><D9/><U96/><E2/><V78/><AGARI ba="0,2" hai="22,24,30,43,44,49,53,54,58,62,64,78,83,87" machi="78" ten="20,5200,0" yaku="1,1,0,1,7,1,8,1,53,0" doraHai="122" doraHaiUra="108" who="2" fromWho="2" sc="267,-13,332,-13,134,72,247,-26" owari="254,5.4,319,41.9,206,-29.4,221,-17.9" /></mjloggm>