<mjloggm ver="2.3"><GO type="225" lobby="0"/><UN n0="%73%75%7A%75%6D%65%33" n1="%E3%81%AF%E3%82%88%E3%81%8A%E3%81%98%E3%81%95%E3%82%93" n2="%E5%91%A8%E6%9D%B1" n3="%E6%98%93%E5%88%A9%E8%96%A9%E4%BC%AF" dan="17,17,17,17" rate="2213.87,2133.07,2243.25,2162.36" sx="M,M,M,F"/><TAIKYOKU oya="0"/><INIT seed="0,0,0,3,5,105" ten="250,250,250,250" oya="0" hai0="66,91,81,97,26,59,74,45,70,5,67,93,20" hai1="78,131,42,37,75,104,44,129,95,51,3,50,16" hai2="6,126,61,86,120,12,107,36,33,0,21,128,100" hai3="38,30,79,117,18,15,99,62,64,101,55,121,46"/><T10/><D70/><U94/><E104/><V58/><F120/><W119/><G121/><T92/><D59/><U24/><E3/><V2/><F33/><W63/><G30/><T89/><D45/><U32/><E32/><V7/><F36/><W118/><G79/><T109/><D109/><U19/><E94/><V114/><F100/><W135/><G135/><T68/><D68/><U49/><E95/><V22/><F107/><W115/><G115/><T54/><D54/><U125/><E125/><V102/><F102/><W116/><G116/><T122/><D122/><U77/><E77/><V96/><F96/><W39/><G99/><T82/><D10/><U132/><E132/><V110/><F126/><W85/><G85/><N who="0" m="52335" /><D5/><U83/><REACH who="1" step="1"/><E24/><REACH who="1" ten="250,240,250,250" step="2"/><V90/><F0/><W73/><G118/><T13/><D13/><U27/><E27/><V76/><F2/><W43/><G15/><T72/><D72/><U53/><E53/><V108/><F76/><W14/><G73/><T52/><D52/><U29/><E29/><V134/><F134/><W48/><G117/><T84/><D74/><U106/><E106/><V98/><F110/><W1/><G119/><T28/><D82/><U123/><E123/><V127/><F108/><W40/><G1/><T9/><D9/><U8/><E8/><V112/><F12/><W88/><G14/><T17/><D28/><U11/><E11/><V31/><F31/><W69/><G55/><T35/><D35/><U124/><E124/><V23/><F127/><W4/><G4/><T60/><D60/><U80/><E80/><V133/><F6/><RYUUKYOKU ba="0,1" sc="250,15,240,15,250,-15,250,-15" hai0="17,20,26,66,67,81,84,89,93,97" hai1="16,19,37,42,44,49,50,51,75,78,83,129,131" /><INIT seed="0,1,1,3,0,113" ten="265,255,235,235" oya="0" hai0="18,39,129,92,15,135,81,128,104,23,71,91,79" hai1="30,7,8,86,89,124,72,10,82,13,78,41,12" hai2="24,122,31,80,11,69,58,32,68,37,5,127,117" hai3="94,73,25,6,130,4,115,50,110,75,66,121,64"/><T111/><D71/><U109/><E109/><V62/><F122/><W1/><G115/><T99/><D39/><U83/><E124/><V101/><F127/><W95/><G110/><T33/><D111/><U119/><E30/><V44/><F101/><W3/><G50/><T123/><D123/><U45/><E119/><V61/><F61/><W53/><G121/><T48/><D33/><U35/><E35/><V47/><F47/><W52/><REACH who="3" step="1"/><G25/><REACH who="3" ten="265,255,235,225" step="2"/><T63/><D48/><U27/><E27/><V96/><F24/><W20/><G20/><T132/><D63/><U36/><REACH who="1" step="1"/><E10/><REACH who="1" ten="265,245,235,225" step="2"/><V97/><F11/><W16/><G16/><T106/><D129/><AGARI ba="1,3" hai="1,3,4,6,52,53,64,66,73,75,94,95,129,130" machi="129" ten="25,12000,2" yaku="1,1,22,2,54,1,53,2" doraHai="113" doraHaiUra="34" who="3" fromWho="0" sc="265,-123,245,0,235,0,225,153" /><INIT seed="1,0,0,2,4,129" ten="142,245,235,378" oya="1" hai0="0,131,2,103,69,109,54,52,3,100,84,106,44" hai1="40,91,24,72,33,82,80,95,128,121,38,118,12" hai2="87,76,50,5,39,63,77,75,101,56,59,61,89" hai3="62,78,94,36,114,46,32,15,86,132,41,133,92"/><U10/><E121/><V81/><F39/><W122/><G32/><T119/><D119/><U57/><E118/><V42/><F101/><W49/><G114/><T130/><D69/><U112/><E112/><V70/><F70/><W125/><G122/><T85/><D44/><U51/><E128/><N who="0" m="49193" /><D106/><U83/><E72/><V64/><F5/><W20/><G125/><T43/><D43/><U66/><E38/><V68/><F68/><W110/><G110/><T65/><D65/><U17/><E33/><V60/><F75/><W1/><G1/><N who="0" m="259" /><T96/><DORA hai="27" /><D96/><U71/><E71/><V21/><F63/><W37/><G62/><T99/><D99/><U123/><E123/><V11/><F11/><W22/><G22/><T135/><D109/><U35/><E35/><V29/><F50/><W31/><G92/><T30/><D30/><U102/><E102/><N who="0" m="38953" /><D135/><N who="3" m="51785" /><G31/><T18/><D18/><U105/><E105/><V19/><F42/><W9/><G94/><T4/><D4/><U58/><E66/><V48/><F48/><W73/><G86/><AGARI ba="0,0" hai="52,54,84,85,86" m="38953,259,49193" machi="86" ten="50,8000,1" yaku="28,2,19,1,54,1" doraHai="129,27" who="0" fromWho="3" sc="142,80,245,0,235,0,378,-80" /><INIT seed="2,0,0,0,1,120" ten="222,245,235,298" oya="2" hai0="99,124,107,37,60,20,0,91,28,80,87,101,11" hai1="65,128,8,4,123,115,96,56,133,88,43,116,2" hai2="42,51,23,85,86,48,36,58,46,5,34,45,129" hai3="19,67,53,64,15,54,17,57,49,16,12,83,105"/><V55/><F34/><W14/><G105/><T77/><D124/><U50/><E116/><V125/><F125/><W31/><G31/><T104/><D37/><U74/><E115/><V59/><F129/><W94/><G83/><T66/><D0/><U108/><E74/><V114/><F114/><W29/><G29/><T122/><D11/><U121/><E128/><V113/><F113/><W27/><G27/><T25/><D122/><N who="1" m="46603" /><E133/><V71/><F71/><W62/><REACH who="3" step="1"/><G94/><REACH who="3" ten="222,245,235,288" step="2"/><T132/><D132/><U84/><E108/><V38/><F5/><W68/><G68/><T90/><D104/><U98/><E4/><V134/><F134/><W3/><G3/><T109/><D109/><U26/><E26/><V82/><F23/><W75/><G75/><T30/><D28/><U81/><E2/><V21/><F21/><W24/><G24/><T135/><D135/><U39/><E81/><V1/><F1/><W44/><AGARI ba="0,1" hai="12,14,15,16,17,19,44,49,53,54,57,62,64,67" machi="44" ten="30,7900,0" yaku="1,1,0,1,8,1,54,1,53,0" doraHai="120" doraHaiUra="131" who="3" fromWho="3" sc="222,-20,245,-20,235,-39,288,89" /><INIT seed="3,0,0,1,4,10" ten="202,225,196,377" oya="3" hai0="113,68,54,128,24,133,28,66,90,81,99,26,5" hai1="82,31,84,120,100,27,122,132,75,130,79,104,14" hai2="86,112,92,49,56,12,65,16,41,134,22,15,87" hai3="80,85,67,59,0,23,11,51,55,97,43,6,48"/><W115/><G67/><T33/><D128/><U105/><E130/><V64/><F112/><W126/><G126/><T73/><D113/><U36/><E36/><V131/><F131/><W7/><G7/><T63/><D133/><U116/><E116/><V78/><F134/><W1/><G23/><T57/><D5/><U117/><E117/><V35/><F35/><W96/><G1/><T83/><D73/><U46/><E132/><V34/><F34/><W32/><G32/><T20/><D90/><U30/><E46/><N who="2" m="25807" /><F12/><W40/><G40/><T77/><D99/><U25/><E75/><V17/><F17/><W101/><G101/><T123/><D77/><U111/><E14/><V45/><F45/><W58/><G43/><T18/><D123/><U39/><E111/><V106/><F106/><W102/><G102/><T119/><D119/><U38/><E25/><V2/><F2/><W135/><G115/><T94/><D94/><U13/><E13/><V72/><F72/><W50/><G59/><T42/><D42/><U9/><E31/><V121/><F121/><N who="1" m="46697" /><E9/><V129/><F129/><W118/><G118/><T60/><AGARI ba="0,0" hai="18,20,24,26,28,33,54,57,60,63,66,68,81,83" machi="60" ten="20,1500,0" yaku="0,1,7,1" doraHai="10" who="0" fromWho="0" sc="202,15,225,-4,196,-4,377,-7" owari="217,-18.3,221,2.1,192,-30.8,370,47.0" /></mjloggm>