<mjloggm ver="2.3"><GO type="225" lobby="0"/><UN n0="%E6%B8%A1%E5%A4%A9%E8%97%8D" n1="%E6%81%A5%E6%99%92%E3%81%97" n2="%E5%B8%86%E7%AB%8B%E5%A4%8F%E8%A1%A3" n3="%E5%8D%A0%E3%81%84%E5%B8%AB%E8%A3%8F%E3%81%AA%E3%81%84%E3%81%97" dan="16,16,17,17" rate="2133.80,2147.34,2169.28,2164.34" sx="M,M,M,M"/><TAIKYOKU oya="0"/><INIT seed="0,0,0,4,1,12" ten="250,250,250,250" oya="0" hai0="34,132,6,91,86,60,92,5,40,39,99,55,122" hai1="106,47,62,56,24,128,77,63,25,23,36,88,105" hai2="49,61,72,116,28,74,32,73,20,135,21,126,52" hai3="31,68,16,19,95,100,30,98,101,1,120,3,80"/><T14/><D122/><U114/><E128/><V123/><F123/><W107/><G120/><T130/><D34/><U133/><E133/><V97/><F135/><W115/><G68/><T82/><D132/><U42/><E114/><V9/><F126/><W113/><G95/><T65/><D130/><U2/><E2/><V131/><F131/><W35/><G80/><T44/><D55/><U53/><E77/><V108/><F108/><W37/><G37/><T93/><D93/><U79/><E79/><V59/><F116/><W78/><G78/><T110/><D14/><U13/><E63/><V7/><F97/><W119/><G98/><T27/><D27/><U76/><E76/><V48/><F32/><W11/><G11/><T46/><D46/><U94/><E13/><V17/><F28/><W117/><G35/><T127/><D127/><U102/><E102/><V71/><F71/><W81/><G81/><T118/><D118/><U18/><E25/><V45/><F49/><W83/><G83/><T121/><D121/><U22/><E22/><V51/><F48/><W38/><G38/><T15/><D15/><U0/><E0/><V111/><F111/><W109/><G109/><T54/><D54/><U134/><E134/><V66/><F7/><W87/><G87/><AGARI ba="0,0" hai="18,23,24,36,42,47,53,56,62,87,88,94,105,106" machi="87" ten="30,3900,0" yaku="7,1,52,1,54,1" doraHai="12" who="1" fromWho="3" sc="250,0,250,39,250,0,250,-39" /><INIT seed="1,0,0,3,5,70" ten="250,289,250,211" oya="1" hai0="89,81,65,9,26,96,125,34,45,79,25,91,50" hai1="35,124,66,127,38,130,114,20,108,64,18,104,122" hai2="22,113,5,94,134,41,90,120,83,84,73,19,95" hai3="97,43,71,123,46,135,60,0,77,54,78,49,105"/><U36/><E114/><V17/><F120/><W57/><G123/><T76/><D125/><N who="1" m="48203" /><E122/><V24/><F134/><W107/><G135/><T30/><D65/><N who="1" m="25195" /><E130/><V59/><F5/><W4/><G71/><T118/><D118/><U42/><E35/><V87/><F113/><W86/><G0/><T51/><D9/><U8/><E108/><V28/><F41/><W67/><G4/><T131/><D131/><U98/><E42/><V68/><F68/><W121/><G121/><T128/><D128/><U82/><E8/><V101/><F59/><W129/><G129/><T117/><D117/><U61/><E61/><V12/><F73/><W85/><G97/><T10/><D10/><U92/><E82/><V32/><F101/><W110/><G110/><T119/><D119/><U62/><E62/><V33/><F33/><W99/><G99/><T72/><D76/><U39/><E104/><V6/><F6/><W75/><G75/><T56/><D96/><U14/><E39/><V80/><REACH who="2" step="1"/><F19/><REACH who="2" ten="250,289,240,211" step="2"/><W74/><G74/><T47/><D72/><U2/><E2/><V115/><F115/><W40/><G107/><T44/><D34/><U27/><E14/><V37/><F37/><W106/><G106/><T102/><D102/><AGARI ba="0,1" hai="18,20,27,36,38,92,98,102" m="25195,48203" machi="102" ten="30,5800,0" yaku="18,1,52,2" doraHai="70" who="1" fromWho="0" sc="250,-58,289,68,240,0,211,0" /><INIT seed="1,1,0,0,1,65" ten="192,357,240,211" oya="1" hai0="73,57,28,61,85,15,95,6,39,135,132,112,13" hai1="18,79,104,125,23,77,40,52,106,118,111,30,133" hai2="10,24,84,5,0,88,107,122,1,63,76,56,51" hai3="101,86,4,38,12,53,129,83,124,93,91,25,98"/><U131/><E118/><V50/><F122/><W14/><G38/><T11/><D73/><U72/><E40/><V45/><F107/><W134/><G129/><T69/><D39/><U130/><E30/><V59/><F76/><N who="1" m="29257" /><E72/><V115/><F115/><W32/><G134/><N who="0" m="51243" /><D112/><U127/><E133/><V66/><F1/><W44/><G124/><N who="1" m="47690" /><E18/><V16/><F56/><W100/><G100/><T22/><D28/><U99/><E23/><V8/><F45/><W36/><G4/><T7/><D22/><U47/><E99/><V71/><F59/><W34/><G34/><T54/><D69/><U75/><E75/><V126/><F126/><W102/><G32/><T97/><D85/><U27/><E27/><V92/><REACH who="2" step="1"/><F24/><REACH who="2" ten="192,357,230,211" step="2"/><W67/><G25/><T82/><D13/><AGARI ba="1,1" hai="0,5,8,10,13,16,50,51,63,66,71,84,88,92" machi="13" ten="40,8000,1" yaku="1,1,2,1,52,1,54,2,53,0" doraHai="65" doraHaiUra="17" who="2" fromWho="0" sc="192,-83,357,0,230,93,211,0" /><INIT seed="2,0,0,4,4,122" ten="109,357,323,211" oya="2" hai0="65,83,133,24,123,26,9,35,97,27,103,13,85" hai1="78,14,47,89,132,111,127,66,12,130,32,52,20" hai2="117,11,101,109,98,126,128,16,107,15,120,99,18" hai3="4,0,46,68,112,125,8,33,40,69,60,7,100"/><V5/><F117/><W41/><G125/><T22/><D123/><U81/><E32/><V135/><F120/><W48/><G33/><T70/><D133/><U129/><E127/><V75/><F126/><W124/><G124/><T104/><D22/><U80/><E132/><V36/><F135/><W1/><G112/><T39/><D39/><U77/><E66/><V21/><F128/><W37/><G100/><T102/><D102/><U43/><E89/><V58/><F75/><W34/><G60/><T25/><D25/><U63/><E43/><V45/><F98/><W59/><G59/><T55/><D55/><U134/><E20/><V87/><F36/><N who="3" m="21767" /><G34/><T82/><D85/><U38/><E134/><V131/><F45/><N who="3" m="23727" /><G48/><T110/><D110/><U119/><E119/><V94/><F109/><W19/><G19/><T2/><D2/><U71/><E111/><V53/><F131/><N who="1" m="50185" /><E71/><V79/><F21/><W72/><G72/><T95/><D95/><U113/><E113/><V30/><F30/><W23/><G23/><T74/><D74/><N who="1" m="43063" /><E38/><V10/><F10/><AGARI ba="0,0" hai="0,1,4,7,8,10,68,69" m="23727,21767" machi="10" ten="30,2000,0" yaku="33,2" doraHai="122" who="3" fromWho="2" sc="109,0,357,0,323,-20,211,20" /><INIT seed="3,0,0,4,4,121" ten="109,357,303,231" oya="3" hai0="24,11,34,29,118,32,48,21,129,37,81,8,107" hai1="53,7,25,45,82,89,66,128,131,96,87,127,76" hai2="55,68,109,47,102,135,62,16,42,125,33,132,52" hai3="1,124,95,106,13,75,61,97,4,86,99,112,92"/><W115/><G1/><T74/><D37/><U67/><E127/><V133/><F33/><W80/><G61/><T2/><D107/><U65/><E7/><V122/><F102/><W0/><G13/><T60/><D129/><N who="1" m="49739" /><E25/><V123/><F109/><W57/><G57/><T54/><D118/><U83/><E96/><V119/><F16/><W84/><G4/><T5/><D60/><U71/><E53/><N who="2" m="20555" /><F125/><W56/><G56/><T51/><D51/><U41/><E71/><V30/><F30/><W39/><G0/><T101/><D101/><U72/><E67/><N who="2" m="41079" /><F119/><W12/><G12/><T18/><D8/><U49/><AGARI ba="0,0" hai="41,45,49,65,66,72,76,82,83,87,89" m="49739" machi="49" ten="30,1100,0" yaku="19,1" doraHai="121" who="1" fromWho="1" sc="109,-3,357,11,303,-3,231,-5" owari="106,-39.4,368,46.8,300,10.0,226,-17.4" /></mjloggm>