<mjloggm ver="2.3"><GO type="225" lobby="0"/><UN n0="%E7%99%BD%E5%80%89%E5%AF%9B%E4%B9%8B" n1="%EF%BC%AE%EF%BC%A1%EF%BC%AF%33%33%39" n2="%E3%82%BC%E3%83%AB%E3%83%80%E3%81%AE%E4%BC%9D%E8%AA%AC" n3="%E3%83%A9%E3%83%BC%E3%83%A1%E3%83%B3%E4%BA%94%E9%83%8E" dan="16,16,17,16" rate="2123.31,2175.29,2150.23,2153.81" sx="M,M,M,M"/><TAIKYOKU oya="0"/><INIT seed="0,0,0,0,2,99" ten="250,250,250,250" oya="0" hai0="102,20,94,121,60,77,46,2,11,100,10,5,88" hai1="86,15,114,44,97,57,42,65,36,80,83,18,0" hai2="70,107,101,127,117,12,58,106,73,59,25,130,82" hai3="26,66,48,17,93,45,1,134,78,76,64,95,131"/><T30/><D121/><U24/><E0/><V19/><F70/><W38/><G1/><T79/><D46/><U23/><E114/><V112/><F112/><W75/><G38/><T90/><D60/><U27/><E83/><V37/><F37/><W81/><G131/><T120/><D120/><U89/><E65/><V74/><F25/><W9/><G134/><T108/><D108/><U92/><REACH who="1" step="1"/><E57/><REACH who="1" ten="250,240,250,250" step="2"/><V124/><F58/><W103/><G66/><T109/><D109/><U54/><E54/><V133/><F59/><W91/><G64/><T68/><D68/><U62/><E62/><V34/><F82/><W132/><G81/><T7/><D2/><U41/><E41/><V22/><F133/><W4/><G132/><T122/><D122/><U14/><E14/><V135/><F135/><W51/><G78/><AGARI ba="0,1" hai="15,18,23,24,27,36,42,44,78,80,86,89,92,97" machi="78" ten="30,2000,0" yaku="1,1,7,1,53,0" doraHai="99" doraHaiUra="35" who="1" fromWho="3" sc="250,0,240,30,250,0,250,-20" /><INIT seed="1,0,0,3,4,37" ten="250,270,250,230" oya="1" hai0="31,110,18,105,38,74,73,68,17,11,43,47,101" hai1="133,10,54,40,8,131,44,64,34,99,15,117,130" hai2="71,45,16,21,7,84,126,97,123,120,1,48,41" hai3="135,107,59,12,52,65,85,88,103,128,25,19,83"/><U111/><E34/><V50/><F71/><W26/><G128/><N who="1" m="49194" /><E117/><V125/><F84/><W118/><G118/><T60/><D110/><U77/><E64/><V32/><F32/><W70/><G135/><T46/><D31/><U86/><E54/><V20/><F20/><W116/><G116/><T92/><D105/><U91/><E77/><V122/><F97/><W36/><G36/><T4/><D47/><U35/><E35/><V113/><F113/><W62/><G107/><T2/><D73/><U108/><E99/><V30/><F30/><W39/><G39/><T24/><D24/><U55/><E55/><V53/><F7/><W109/><G109/><N who="1" m="42058" /><E15/><V29/><F1/><W51/><REACH who="3" step="1"/><G103/><REACH who="3" ten="250,270,250,220" step="2"/><T42/><D101/><U3/><E133/><V69/><F122/><W23/><AGARI ba="0,1" hai="12,19,23,25,26,51,52,59,62,65,70,83,85,88" machi="23" ten="20,12000,2" yaku="1,1,2,1,0,1,7,1,54,2,53,0" doraHai="37" doraHaiUra="102" who="3" fromWho="3" sc="250,-30,270,-60,250,-30,220,130" /><INIT seed="2,0,0,2,5,47" ten="220,210,220,350" oya="2" hai0="66,13,86,67,110,105,46,51,62,135,89,35,115" hai1="83,29,99,128,90,59,125,34,92,31,3,95,117" hai2="37,24,18,2,79,61,70,49,106,1,87,56,116" hai3="63,88,122,120,91,10,65,113,94,100,109,20,4"/><V33/><F116/><W80/><G109/><T75/><D75/><U53/><E3/><V72/><F72/><W54/><G113/><T127/><D35/><U40/><E117/><V36/><F106/><W121/><G54/><T52/><D105/><U50/><E34/><V21/><F33/><W25/><G100/><T112/><D110/><U30/><E128/><V134/><F134/><W82/><G91/><T77/><D77/><U85/><E125/><V41/><F79/><W19/><G10/><T15/><D135/><U7/><E7/><V27/><F87/><W102/><G4/><T132/><D132/><U103/><REACH who="1" step="1"/><E40/><REACH who="1" ten="220,200,220,350" step="2"/><V81/><F2/><W69/><G121/><T5/><D127/><U84/><E84/><V68/><F1/><W23/><G122/><T111/><D111/><U96/><E96/><V78/><F41/><W32/><G120/><T108/><D108/><U73/><E73/><V114/><F114/><W6/><G32/><T8/><D115/><U74/><E74/><V12/><F37/><W104/><G6/><T119/><D112/><U133/><E133/><V57/><F36/><W44/><G82/><AGARI ba="0,1" hai="29,30,31,50,53,59,82,83,85,90,92,95,99,103" machi="82" ten="40,5200,0" yaku="1,1,8,1,52,1,53,0" doraHai="47" doraHaiUra="58" who="1" fromWho="3" sc="220,0,200,62,220,0,350,-52" /><INIT seed="3,0,0,4,3,106" ten="220,262,220,298" oya="3" hai0="111,3,70,125,69,82,1,18,113,96,17,115,95" hai1="50,54,46,30,56,67,120,12,4,121,124,36,23" hai2="9,21,85,132,38,87,100,72,112,25,84,7,53" hai3="62,0,44,103,64,51,15,10,77,33,5,11,71"/><W104/><G33/><T98/><D95/><U76/><E76/><V48/><F112/><N who="0" m="43082" /><D82/><U68/><E4/><V116/><F116/><W91/><G77/><T6/><D6/><U66/><E12/><V43/><F132/><W117/><G117/><T122/><D122/><U19/><E30/><V63/><F100/><W99/><G91/><T16/><D111/><U130/><E23/><V57/><F38/><W79/><G79/><T105/><D105/><U101/><E19/><V22/><F72/><W90/><G90/><T97/><D125/><U42/><E101/><V89/><F89/><W94/><G104/><T32/><D32/><U114/><E114/><V127/><F127/><W34/><G34/><T129/><D129/><U2/><E2/><AGARI ba="0,0" hai="1,2,3,16,17,18,69,70,96,97,98" m="43082" machi="2" ten="40,8000,1" yaku="28,2,11,1,54,1" doraHai="106" who="0" fromWho="1" sc="220,80,262,-80,220,0,298,0" owari="300,40.0,182,-31.8,220,-18.0,298,9.8" /></mjloggm>