<mjloggm ver="2.3"><GO type="225" lobby="0"/><UN n0="%E3%80%90%E3%83%88%E3%83%AA%E3%83%A5%E3%83%95%E3%80%91" n1="%4C%4F%4C%49%54%41" n2="%E3%81%90%E3%81%A1%E3%82%84%E3%81%BE" n3="%E5%8F%AF%E5%85%90%E9%82%A3%E7%94%B1%E5%A4%9A" dan="16,16,16,16" rate="2113.74,2218.40,2120.21,2135.88" sx="M,F,M,F"/><TAIKYOKU oya="0"/><INIT seed="0,0,0,5,0,1" ten="250,250,250,250" oya="0" hai0="80,65,73,27,118,75,96,128,109,26,43,124,99" hai1="52,49,37,117,33,77,0,86,74,16,94,51,22" hai2="21,100,103,114,78,134,4,84,15,35,95,11,104" hai3="59,90,92,68,85,45,30,76,2,81,62,91,57"/><T42/><D118/><U17/><E37/><V40/><F35/><W19/><G2/><T14/><D128/><U29/><E117/><V123/><F123/><W97/><G30/><T56/><D80/><N who="1" m="47375" /><E0/><V120/><F114/><W66/><G19/><T122/><D14/><U83/><E74/><V50/><F104/><W5/><G5/><T108/><D124/><U98/><E83/><N who="2" m="47223" /><F134/><W119/><G119/><T47/><D65/><U69/><E69/><V116/><F120/><W9/><G9/><T23/><D122/><U64/><E49/><V8/><F116/><W135/><G135/><T130/><D130/><U13/><E64/><V87/><F21/><W125/><G125/><T55/><D23/><U89/><E33/><V41/><F11/><W36/><G76/><T63/><D47/><N who="1" m="27775" /><E13/><V61/><F61/><W24/><G24/><AGARI ba="0,0" hai="16,17,22,24,29,89,94,98" m="27775,47375" machi="24" ten="30,3900,0" yaku="8,1,54,2" doraHai="1" who="1" fromWho="3" sc="250,0,250,39,250,0,250,-39" /><INIT seed="1,0,0,4,2,135" ten="250,289,250,211" oya="1" hai0="48,121,59,61,127,124,39,96,87,79,12,98,65" hai1="97,56,28,92,13,63,102,130,67,132,125,6,101" hai2="18,118,22,24,21,34,51,54,133,64,14,73,89" hai3="27,40,91,68,86,62,41,76,90,25,36,94,129"/><U110/><E132/><V71/><F133/><W77/><G129/><T85/><D39/><U69/><E130/><V128/><F118/><W16/><G68/><T2/><D2/><U116/><E116/><V4/><F128/><W15/><G62/><T7/><D48/><U126/><E110/><V115/><F34/><W26/><G90/><T37/><D37/><U72/><E72/><V58/><F73/><W29/><G29/><T120/><D12/><U10/><E28/><V81/><F115/><W123/><G123/><N who="0" m="47179" /><D7/><U75/><E75/><V3/><F3/><W49/><G36/><T46/><D46/><U45/><E101/><V42/><F42/><N who="3" m="16491" /><G49/><T122/><N who="0" m="47187" /><T131/><DORA hai="83" /><D131/><U107/><E45/><V43/><F43/><W52/><G52/><T47/><D47/><U99/><E69/><V109/><F109/><W38/><G38/><T100/><D79/><U111/><E111/><V53/><F71/><W93/><G93/><N who="0" m="58383" /><D98/><U44/><E44/><V5/><F64/><W117/><G117/><T9/><D9/><AGARI ba="0,0" hai="9,15,16,25,26,27,76,77,86,91,94" m="16491" machi="9" ten="30,3900,0" yaku="8,1,52,1,54,1" doraHai="135,83" who="3" fromWho="0" sc="250,-39,289,0,250,0,211,39" /><INIT seed="2,0,0,1,0,115" ten="211,289,250,250" oya="2" hai0="134,106,83,7,94,105,2,95,38,80,110,133,66" hai1="114,118,39,49,55,65,56,89,104,35,43,120,21" hai2="107,91,68,93,85,32,135,11,46,92,116,50,86" hai3="78,47,70,54,1,20,82,30,128,58,130,96,61"/><V97/><F32/><W126/><G1/><T6/><D38/><U63/><E35/><V16/><F68/><W9/><G126/><T29/><D2/><U60/><E104/><V4/><F135/><N who="0" m="51722" /><D66/><N who="1" m="39175" /><E21/><V113/><F113/><W123/><G123/><T52/><D29/><U101/><E89/><V71/><F71/><W18/><G70/><T41/><D41/><U59/><E101/><V13/><F116/><W40/><G9/><T131/><D52/><U99/><E99/><V36/><F36/><W27/><G96/><T22/><D22/><U125/><E114/><V74/><F74/><W127/><G127/><T53/><D53/><U25/><E25/><V129/><F129/><W112/><G112/><T15/><D15/><U23/><E23/><V108/><F108/><W14/><G14/><T98/><D110/><U121/><E118/><V79/><F107/><N who="0" m="40970" /><D131/><U102/><E125/><V57/><F57/><W0/><G0/><T67/><D67/><U34/><E34/><V8/><F8/><W19/><G128/><T5/><D98/><U31/><E31/><V124/><F124/><W69/><G69/><T10/><D10/><U75/><E39/><V42/><F4/><N who="0" m="1026" /><T24/><DORA hai="77" /><D24/><U64/><E43/><V26/><F26/><W12/><G130/><T28/><D28/><U33/><E33/><V3/><F3/><W76/><G12/><T117/><D117/><U119/><E119/><V84/><REACH who="2" step="1"/><F79/><REACH who="2" ten="211,289,240,250" step="2"/><W90/><G76/><T44/><D44/><U17/><E59/><V73/><F73/><W111/><G111/><T48/><D48/><U45/><E49/><RYUUKYOKU ba="0,1" sc="211,15,289,-15,240,15,250,-15" hai0="80,83,94,95" hai2="11,13,16,42,46,50,84,85,86,91,92,93,97" /><INIT seed="2,1,1,4,4,19" ten="226,274,255,235" oya="2" hai0="3,18,42,119,47,84,64,112,16,122,121,50,2" hai1="135,131,1,104,69,120,21,26,70,102,48,89,15" hai2="127,98,28,76,4,35,68,128,73,67,0,53,108" hai3="75,14,23,134,29,71,130,36,124,123,56,37,79"/><V22/><F35/><W116/><G116/><T66/><D112/><U51/><E1/><V91/><F68/><W33/><G123/><T41/><D119/><U44/><E120/><V52/><F0/><W109/><G71/><T87/><D50/><U59/><E131/><V100/><F73/><W92/><G134/><T74/><D47/><U133/><E15/><V125/><F128/><W81/><G130/><T5/><D74/><U99/><E89/><V45/><F76/><W80/><G109/><T117/><D117/><U78/><E78/><V7/><F67/><W31/><G33/><T107/><D107/><U49/><E59/><V62/><F91/><W38/><G81/><T77/><D77/><U93/><E44/><V32/><F32/><W111/><G111/><T39/><REACH who="0" step="1"/><D5/><REACH who="0" ten="216,274,255,235" step="2"/><U61/><E104/><V106/><F108/><W113/><G113/><T129/><D129/><U118/><E118/><V101/><F45/><W12/><G75/><T58/><D58/><U54/><E70/><V27/><F101/><W105/><G105/><T43/><D43/><U110/><E110/><V85/><F4/><W17/><G56/><T30/><D30/><N who="1" m="17743" /><E69/><V88/><F7/><W115/><G115/><T126/><D126/><N who="2" m="48138" /><F62/><W46/><G124/><T34/><D34/><U82/><E61/><V6/><F6/><W11/><G46/><T103/><D103/><U60/><E60/><V25/><F25/><W132/><G79/><T63/><D63/><U13/><E102/><V95/><AGARI ba="1,2" hai="22,27,28,52,53,85,88,95,98,100,106" m="48138" machi="95" ten="30,11700,0" yaku="18,1,52,1,54,2" doraHai="19" who="2" fromWho="2" sc="216,-40,274,-40,255,140,235,-40" /><INIT seed="2,2,0,2,1,91" ten="176,234,395,195" oya="2" hai0="16,46,110,65,45,20,94,85,108,75,6,15,52" hai1="58,93,38,76,69,63,118,84,56,111,48,42,99" hai2="40,122,133,115,120,34,105,17,95,18,57,12,114" hai3="72,33,21,7,81,11,87,77,70,43,60,119,68"/><V117/><F105/><W128/><G119/><T31/><D75/><U124/><E118/><V106/><F106/><W127/><G33/><T13/><D65/><U132/><E111/><N who="0" m="42537" /><D31/><U55/><E132/><V89/><F40/><W73/><G127/><T54/><D6/><U96/><E124/><V135/><F12/><W78/><G128/><T10/><D10/><U134/><E134/><V28/><F57/><W9/><G43/><T0/><D13/><U62/><E38/><V130/><F89/><W67/><G70/><T83/><D0/><U50/><E69/><V64/><F17/><W61/><G61/><T98/><D85/><U27/><E27/><V71/><F18/><W126/><G126/><T47/><D83/><N who="1" m="47207" /><E99/><V44/><F28/><W8/><G21/><T125/><D125/><U41/><E42/><V5/><F5/><W101/><G7/><T36/><D36/><U129/><E129/><V22/><F22/><W1/><G1/><T29/><D29/><U82/><E82/><V102/><F71/><W88/><G73/><T79/><D79/><N who="3" m="30217" /><G72/><T59/><D59/><U100/><E41/><V2/><F2/><W14/><G14/><T109/><N who="0" m="42545" /><T53/><DORA hai="4" /><D45/><U25/><E25/><V107/><F44/><W19/><G19/><T51/><D46/><U103/><E58/><V66/><F117/><W35/><G35/><T26/><D26/><U32/><E32/><V123/><F135/><W86/><G86/><T3/><D3/><U49/><E62/><V90/><F133/><W23/><G23/><T104/><D104/><N who="1" m="63495" /><E63/><V113/><F34/><RYUUKYOKU ba="2,0" sc="176,10,234,10,395,-30,195,10" hai0="15,16,20,47,51,52,53,54,94,98" hai1="48,49,50,55,56,93,103" hai3="8,9,11,60,67,68,81,87,88,101" /><INIT seed="3,3,0,0,1,61" ten="186,244,365,205" oya="3" hai0="12,73,135,8,75,96,104,57,120,34,88,41,3" hai1="9,19,48,134,50,39,67,105,133,80,13,30,43" hai2="22,49,97,6,90,72,68,1,64,40,95,114,54" hai3="109,110,60,23,74,24,42,4,89,128,70,77,106"/><W113/><G113/><T101/><D120/><U76/><E105/><V5/><F72/><W79/><G106/><T10/><D34/><U111/><E111/><N who="3" m="42506" /><G128/><T44/><D135/><N who="1" m="51723" /><E67/><V31/><F6/><W115/><G115/><T130/><D130/><U102/><E102/><V55/><F5/><W56/><G70/><T32/><D32/><U71/><E71/><V66/><F68/><W112/><G112/><T81/><D57/><U107/><E107/><V127/><F1/><W45/><G89/><T122/><D122/><U51/><E30/><V86/><F114/><W87/><G87/><T103/><D103/><U35/><E39/><V132/><F132/><W98/><G98/><T69/><D69/><U18/><E35/><V129/><F86/><W118/><G4/><T28/><D3/><U53/><E43/><V33/><F97/><W58/><G118/><T91/><D73/><N who="1" m="43023" /><E19/><V62/><F90/><W117/><G117/><T47/><D28/><U100/><E100/><V119/><F129/><W38/><G74/><T124/><D41/><U17/><E17/><V26/><F31/><N who="3" m="17823" /><G56/><AGARI ba="3,0" hai="9,13,18,48,50,51,53,56" m="43023,51723" machi="56" ten="30,1000,0" yaku="20,1" doraHai="61" who="1" fromWho="3" sc="186,0,244,19,365,0,205,-19" owari="186,-21.4,263,6.3,365,46.5,186,-31.4" /></mjloggm>