<mjloggm ver="2.3"><GO type="225" lobby="0"/><UN n0="%E3%83%96%E3%83%83%E3%83%91%E3%82%AA%E3%83%96%E3%83%81%E3%82%AD%E3%83%B3" n1="%E3%81%A4%E3%81%A3%E3%81%B1%E3%82%8A%E3%83%9D%E3%83%BC%E3%83%AB" n2="%E5%91%A8%E6%9D%B1" n3="%E3%81%99%E3%81%84%E3%81%BE%E3%81%9B%E3%83%BC%E3%82%93" dan="16,17,17,18" rate="2206.60,2094.02,2191.49,2273.68" sx="M,M,M,M"/><TAIKYOKU oya="0"/><INIT seed="0,0,0,3,2,96" ten="250,250,250,250" oya="0" hai0="81,46,129,118,80,3,10,27,73,109,16,56,135" hai1="123,38,0,104,117,124,133,18,100,41,126,67,128" hai2="86,91,116,12,79,64,88,1,84,121,125,37,8" hai3="113,130,61,132,19,82,47,115,55,48,99,119,21"/><T59/><D118/><U98/><E117/><V114/><F121/><W74/><G119/><T107/><D107/><U49/><E123/><V92/><F116/><W105/><G130/><T35/><D129/><U44/><E128/><V106/><F114/><W97/><G132/><T28/><D135/><U65/><E133/><V72/><F125/><N who="1" m="48233" /><E0/><V90/><F37/><W51/><G51/><T85/><D109/><U6/><E6/><V14/><F106/><W57/><G99/><T95/><D46/><N who="1" m="23863" /><E18/><V102/><F64/><W122/><G122/><T17/><D73/><U58/><E58/><V94/><F91/><W24/><G74/><T32/><D32/><U62/><E62/><V111/><F111/><W89/><G82/><T77/><D81/><U20/><E20/><V33/><F33/><W25/><G25/><T54/><D95/><U70/><E70/><V71/><F71/><W50/><G50/><T9/><D59/><U101/><E100/><V11/><F102/><W134/><G134/><T13/><D3/><U15/><E15/><N who="2" m="5675" /><F1/><W30/><G19/><T68/><D68/><U26/><E26/><V108/><F108/><W5/><G5/><T127/><D127/><U83/><E83/><N who="2" m="47231" /><F72/><W103/><REACH who="3" step="1"/><G89/><REACH who="3" ten="250,250,250,240" step="2"/><T53/><D9/><U43/><AGARI ba="0,1" hai="43,44,49,65,67,98,101,104" m="23863,48233" machi="43" ten="30,2000,0" yaku="18,1,52,1" doraHai="96" who="1" fromWho="1" sc="250,-10,250,30,250,-5,240,-5" /><INIT seed="1,0,0,5,0,18" ten="240,280,245,235" oya="1" hai0="110,1,82,65,5,2,90,89,131,50,58,74,39" hai1="3,41,118,4,113,23,31,22,54,81,96,76,87" hai2="55,105,128,66,61,70,10,43,126,52,63,25,123" hai3="78,125,47,124,119,91,27,53,79,0,132,51,127"/><U73/><E113/><V129/><F105/><W120/><G120/><T13/><D39/><U84/><E118/><V20/><F123/><W134/><G0/><T26/><D110/><U34/><E34/><V17/><F126/><W130/><G119/><T46/><D131/><N who="2" m="50250" /><F43/><W67/><G130/><T116/><D116/><U112/><E112/><V21/><F10/><W103/><G103/><T75/><D26/><U97/><E31/><N who="2" m="17831" /><F63/><W30/><G67/><T49/><D5/><U8/><E54/><V40/><F40/><W32/><REACH who="3" step="1"/><G91/><REACH who="3" ten="240,280,245,225" step="2"/><T44/><D89/><U94/><E3/><V85/><F85/><W80/><G80/><T6/><D90/><U37/><E84/><V92/><F92/><W15/><G15/><AGARI ba="0,1" hai="15,17,21,52,55,61,66,70" m="17831,50250" machi="15" ten="30,7700,0" yaku="19,1,52,2,54,1" doraHai="18" who="2" fromWho="3" sc="240,0,280,0,245,87,225,-77" /><INIT seed="2,0,0,4,0,88" ten="240,280,332,148" oya="2" hai0="1,47,128,76,69,34,111,14,22,46,32,53,75" hai1="129,105,18,11,40,44,28,67,113,10,83,100,54" hai2="110,81,87,131,124,89,78,120,103,95,91,25,132" hai3="3,134,38,68,70,66,39,0,31,62,77,9,30"/><V104/><F120/><W98/><G134/><T125/><D1/><U37/><E113/><V106/><F132/><W60/><G9/><T126/><D69/><U133/><E133/><V16/><F124/><N who="0" m="47722" /><D111/><U13/><E129/><V85/><F131/><W118/><G77/><T52/><D128/><U74/><E67/><V86/><F110/><W8/><G8/><T71/><D71/><U35/><E11/><V97/><F25/><W2/><G98/><T121/><D121/><U17/><E54/><N who="0" m="21097" /><D76/><U12/><E12/><V19/><F19/><W64/><REACH who="3" step="1"/><G0/><REACH who="3" ten="240,280,332,138" step="2"/><T79/><D79/><U49/><E10/><V7/><F7/><W33/><G33/><N who="0" m="12907" /><D75/><U23/><E74/><V43/><F78/><W42/><G42/><T101/><D101/><U59/><E40/><V114/><F43/><W92/><G92/><T82/><D82/><U24/><E83/><V27/><F81/><W109/><G109/><T112/><D112/><U94/><E94/><V45/><F114/><W20/><G20/><T99/><D99/><U63/><E23/><N who="2" m="13799" /><F106/><W117/><AGARI ba="0,1" hai="2,3,30,31,38,39,60,62,64,66,68,70,117,118" machi="117" ten="25,12000,2" yaku="1,1,0,1,22,2,53,2" doraHai="88" doraHaiUra="57" who="3" fromWho="3" sc="240,-30,280,-30,332,-60,138,130" /><INIT seed="3,0,0,4,3,66" ten="210,250,272,268" oya="3" hai0="59,37,83,19,9,108,117,121,104,78,88,129,57" hai1="22,89,13,42,15,44,47,75,84,58,105,74,46" hai2="100,101,73,53,128,134,1,76,72,120,71,102,131" hai3="97,8,113,33,39,24,0,4,48,65,133,85,115"/><W70/><G39/><T68/><D117/><U2/><E105/><V32/><F1/><W25/><G133/><T86/><D121/><U61/><E2/><V35/><F134/><W10/><G85/><T94/><D108/><U16/><E15/><V98/><F120/><W80/><G80/><T52/><D129/><N who="2" m="49738" /><F98/><W124/><G124/><T28/><D104/><U12/><E12/><V109/><F109/><W99/><G48/><T7/><D37/><U14/><E14/><V132/><F132/><W5/><G33/><N who="2" m="12873" /><F76/><W91/><G0/><T110/><D110/><U56/><E56/><V106/><F106/><W64/><G91/><T51/><D28/><U135/><E135/><V54/><F71/><AGARI ba="0,0" hai="4,5,8,10,24,25,64,65,70,71,97,99,113,115" machi="71" ten="25,9600,0" yaku="22,2,52,2" doraHai="66" who="3" fromWho="2" sc="210,0,250,0,272,-96,268,96" owari="210,-19.0,250,5.0,176,-32.4,364,46.4" /></mjloggm>