<mjloggm ver="2.3"><GO type="225" lobby="0"/><UN n0="%E3%83%96%E3%83%83%E3%83%91%E3%82%AA%E3%83%96%E3%83%81%E3%82%AD%E3%83%B3" n1="%E3%81%A4%E3%81%A3%E3%81%B1%E3%82%8A%E3%83%9D%E3%83%BC%E3%83%AB" n2="%E5%8C%97%E6%AC%A7%E3%81%AE%E3%82%82%E3%81%93%E3%81%86" n3="%E3%83%94%E3%82%B3%E3%83%9E%E3%82%B9%E3%83%86%E3%82%A3%E3%83%95" dan="16,17,16,17" rate="2146.92,2127.14,2095.98,2201.76" sx="M,M,M,M"/><TAIKYOKU oya="0"/><INIT seed="0,0,0,3,1,32" ten="250,250,250,250" oya="0" hai0="103,21,100,112,134,14,65,43,74,107,11,13,69" hai1="50,118,115,62,30,26,28,127,121,52,113,10,0" hai2="44,66,57,55,71,81,90,108,16,77,124,64,35" hai3="72,79,89,83,68,1,3,42,93,73,135,19,67"/><T45/><BYE who="1" /><D112/><U4/><E4/><V126/><F108/><W129/><G129/><T61/><D74/><U59/><E59/><V31/><F90/><W85/><G135/><UN n1="%E3%81%A4%E3%81%A3%E3%81%B1%E3%82%8A%E3%83%9D%E3%83%BC%E3%83%AB" /><T25/><D134/><U88/><E121/><V120/><F120/><W75/><G42/><T116/><D116/><U12/><E118/><V47/><F71/><W15/><G67/><N who="2" m="25641" /><F31/><W84/><REACH who="3" step="1"/><G68/><REACH who="3" ten="250,250,250,240" step="2"/><T133/><D133/><U94/><E115/><V97/><F126/><W86/><G86/><T58/><D69/><U23/><E127/><V105/><F124/><W24/><G24/><T111/><D111/><U56/><E113/><V128/><F128/><W49/><G49/><T87/><D87/><N who="1" m="52511" /><E50/><V63/><F97/><W46/><G46/><T37/><D107/><U39/><E39/><V123/><F105/><W101/><G101/><T20/><D25/><U5/><E0/><V104/><F104/><W98/><G98/><T122/><D122/><U114/><E114/><V92/><F123/><W96/><G96/><T130/><D130/><U36/><E36/><V22/><F44/><W40/><G40/><T76/><D103/><U53/><E53/><V102/><F47/><W91/><G91/><T27/><D100/><U80/><E30/><V82/><F102/><W125/><G125/><T33/><D76/><U38/><E38/><V51/><F77/><W110/><G110/><T117/><D117/><U95/><E28/><V54/><F54/><W106/><G106/><T78/><D78/><U131/><E52/><V132/><F55/><W60/><G60/><T7/><D14/><U119/><E12/><RYUUKYOKU ba="0,1" sc="250,15,250,-15,250,-15,240,15" hai0="7,11,13,20,21,27,33,37,43,45,58,61,65" hai3="1,3,15,19,72,73,75,79,83,84,85,89,93" /><INIT seed="0,1,1,1,0,38" ten="265,235,235,255" oya="0" hai0="33,65,54,134,135,57,97,56,89,27,23,87,81" hai1="93,123,74,85,103,104,16,19,48,105,58,111,28" hai2="1,75,118,11,127,6,50,10,42,60,52,15,44" hai3="0,106,7,22,37,113,3,86,30,35,24,119,101"/><T18/><D33/><U25/><E74/><V98/><F127/><W13/><G37/><T2/><D2/><N who="3" m="553" /><G86/><T39/><D39/><U80/><E123/><V47/><F118/><W126/><G101/><T115/><D115/><U40/><E111/><V114/><F114/><W34/><G106/><T5/><D5/><U117/><E117/><V78/><F98/><W73/><G73/><T67/><D97/><N who="1" m="59823" /><E104/><V21/><F21/><N who="3" m="15631" /><G113/><T131/><D131/><U122/><E105/><V109/><F109/><W128/><G119/><T79/><D79/><N who="1" m="46239" /><E122/><V96/><F96/><W12/><G128/><T83/><D83/><U92/><E92/><V112/><F112/><W63/><G63/><T124/><D124/><U41/><E58/><V68/><F68/><W110/><G110/><T61/><REACH who="0" step="1"/><D57/><REACH who="0" ten="255,235,235,255" step="2"/><U90/><E90/><V31/><F6/><W121/><G126/><T108/><D108/><U49/><E49/><V100/><F1/><W51/><G51/><T62/><D62/><U55/><E48/><V130/><F60/><W70/><G121/><T66/><AGARI ba="1,2" hai="18,23,27,54,56,61,65,66,67,81,87,89,134,135" machi="66" ten="30,3000,0" yaku="1,1,0,1,53,0" doraHai="38" doraHaiUra="132" who="0" fromWho="0" sc="255,53,235,-11,235,-11,255,-11" /><INIT seed="0,2,0,0,2,59" ten="308,224,224,244" oya="0" hai0="93,44,80,26,124,45,128,121,101,97,68,75,2" hai1="53,129,116,14,96,63,39,7,40,76,111,77,126" hai2="86,27,18,11,24,66,22,78,13,54,47,74,52" hai3="90,21,73,46,51,30,4,65,112,119,94,55,133"/><T84/><D121/><U71/><E116/><V135/><F135/><W85/><G112/><T105/><D2/><U103/><E111/><V95/><F74/><W118/><G73/><T102/><D68/><U35/><E35/><V117/><F117/><W28/><G133/><T1/><D1/><U113/><E113/><V9/><F66/><W25/><G4/><T70/><D70/><U60/><E71/><V49/><F54/><W120/><G120/><T36/><D36/><U67/><E67/><V134/><F134/><W115/><G115/><T20/><D128/><U58/><E129/><V34/><F34/><W69/><REACH who="3" step="1"/><G28/><REACH who="3" ten="308,224,224,234" step="2"/><N who="0" m="17479" /><D75/><U33/><E7/><V41/><F41/><W5/><G5/><T50/><D124/><U123/><E40/><V61/><F24/><W89/><G89/><N who="0" m="55471" /><D105/><U37/><E126/><V82/><F27/><W100/><G100/><N who="0" m="38507" /><D50/><U23/><E123/><V108/><F49/><W132/><G132/><T15/><D15/><U131/><E14/><V48/><F48/><W29/><G29/><T98/><D98/><U122/><E96/><V99/><F99/><W83/><G83/><T127/><D127/><U114/><E131/><V81/><F81/><W19/><G19/><T125/><D125/><U62/><E122/><V56/><F82/><W130/><G130/><T8/><D8/><U32/><E114/><V79/><F9/><W64/><G64/><T91/><AGARI ba="2,1" hai="44,45,80,84,91" m="38507,55471,17479" machi="91" ten="30,1500,0" yaku="8,1" doraHai="59" who="0" fromWho="0" sc="308,31,224,-7,224,-7,234,-7" /><INIT seed="0,3,0,4,5,65" ten="339,217,217,227" oya="0" hai0="67,32,20,131,110,101,6,108,57,76,125,130,133" hai1="86,14,89,63,50,80,121,8,95,37,21,53,44" hai2="107,119,7,34,87,45,46,40,117,19,51,26,31" hai3="30,73,135,56,84,70,112,134,91,29,78,16,15"/><T99/><D32/><U111/><E121/><V47/><F107/><W55/><G112/><T5/><D76/><U127/><E111/><N who="0" m="42537" /><D20/><U104/><E127/><V0/><F0/><W109/><G109/><T79/><D79/><U2/><E104/><V49/><F7/><N who="0" m="2570" /><D125/><U3/><E37/><V103/><F103/><W114/><G114/><T62/><D133/><N who="3" m="50697" /><G78/><T48/><D48/><U122/><E122/><V100/><F100/><W98/><G73/><T39/><D39/><U116/><E116/><V115/><F115/><W72/><G72/><T93/><AGARI ba="3,0" hai="57,62,67,93,99,101,130,131" m="2570,42537" machi="93" ten="30,3000,0" yaku="14,1,10,1" doraHai="65" who="0" fromWho="0" sc="339,39,217,-13,217,-13,227,-13" /><INIT seed="0,4,0,3,4,71" ten="378,204,204,214" oya="0" hai0="35,79,135,93,105,30,73,11,48,80,66,2,128" hai1="68,25,33,4,107,23,103,117,26,88,53,14,85" hai2="57,72,58,65,61,106,6,70,121,59,113,124,16" hai3="96,111,45,13,89,129,22,19,55,99,49,12,63"/><T123/><D123/><U118/><E68/><V92/><F106/><W77/><G111/><T126/><D105/><U56/><E33/><V132/><F113/><W86/><G129/><T1/><D128/><U90/><E107/><V60/><F121/><W21/><G77/><T41/><D135/><U78/><E103/><V108/><F108/><W5/><G63/><T18/><D66/><U104/><E104/><V81/><F132/><W38/><G38/><T130/><D130/><U76/><E90/><V98/><F124/><W43/><G43/><T20/><D11/><N who="1" m="4455" /><E118/><V29/><F6/><W10/><REACH who="3" step="1"/><G22/><REACH who="3" ten="378,204,204,204" step="2"/><T134/><D20/><U36/><E36/><V44/><F60/><W127/><G127/><T52/><D41/><U64/><E117/><V46/><F61/><W75/><G75/><T7/><D79/><N who="1" m="30251" /><E23/><V125/><F72/><W94/><AGARI ba="4,1" hai="5,10,12,13,19,21,45,49,55,86,89,94,96,99" machi="94" ten="20,12000,2" yaku="1,1,0,1,7,1,8,1,53,2" doraHai="71" doraHaiUra="8" who="3" fromWho="3" sc="378,-64,204,-34,204,-34,204,142" /><INIT seed="1,0,0,0,5,56" ten="314,170,170,346" oya="1" hai0="36,128,6,84,73,32,9,18,19,111,58,106,132" hai1="44,122,127,37,120,66,23,12,45,81,102,54,26" hai2="62,14,53,52,123,1,39,91,118,31,124,112,116" hai3="99,109,105,29,63,76,5,135,95,61,133,89,40"/><U3/><E3/><V16/><F1/><W68/><G109/><T65/><D73/><U82/><E66/><V41/><F123/><W70/><G5/><T64/><D36/><U38/><E102/><V60/><F39/><N who="1" m="14857" /><E12/><V17/><F41/><W80/><G40/><T87/><D106/><U92/><E92/><V96/><F31/><W48/><G48/><T98/><D32/><U24/><E23/><V110/><F110/><W7/><G7/><T13/><D111/><U20/><E20/><N who="2" m="11287" /><F112/><W59/><G29/><T25/><D65/><U74/><E74/><V22/><F116/><W126/><G105/><T50/><D64/><U43/><E43/><V108/><F118/><W107/><G107/><T100/><D13/><U10/><E10/><V86/><F96/><W115/><G115/><T78/><D98/><U90/><E122/><V55/><F108/><W125/><G68/><T0/><D9/><U75/><E75/><V35/><F35/><W119/><G70/><T46/><D0/><U21/><E120/><V27/><F124/><N who="3" m="47723" /><G119/><T67/><D6/><U15/><E127/><V93/><AGARI ba="0,0" hai="17,22,27,52,53,55,60,62,86,91,93" m="11287" machi="93" ten="30,8000,1" yaku="8,1,52,2,54,2" doraHai="56" who="2" fromWho="2" sc="314,-20,170,-40,170,80,346,-20" /><INIT seed="2,0,0,2,1,79" ten="294,130,250,326" oya="2" hai0="1,100,112,114,59,38,132,62,54,20,52,110,104" hai1="23,14,63,64,47,6,76,90,66,86,29,85,53" hai2="117,107,15,82,26,25,135,118,51,40,7,28,18" hai3="39,96,3,106,128,44,130,46,129,68,48,74,35"/><V113/><F113/><N who="0" m="43626" /><D20/><U84/><E76/><V70/><F107/><W16/><G74/><T45/><D1/><U61/><E6/><V69/><F135/><W71/><G3/><T19/><D19/><U99/><E99/><V57/><F7/><W75/><G75/><T109/><D132/><U78/><E78/><V5/><F5/><W50/><G35/><T11/><D11/><U95/><E47/><N who="3" m="17962" /><G39/><T122/><D100/><U65/><E53/><N who="0" m="20585" /><D104/><U121/><E121/><V101/><F101/><N who="3" m="62759" /><G16/><T83/><D83/><U32/><E32/><V77/><F40/><W93/><G93/><T67/><D122/><U73/><E73/><V24/><F51/><AGARI ba="0,0" hai="48,50,51,68,71,128,129,130" m="62759,17962" machi="51" ten="40,1300,0" yaku="19,1" doraHai="79" who="3" fromWho="2" sc="294,0,130,0,250,-13,326,13" /><INIT seed="3,0,0,1,0,56" ten="294,130,237,339" oya="3" hai0="128,86,127,87,78,39,134,57,131,44,93,99,47" hai1="29,73,135,54,9,0,114,107,8,95,38,91,83" hai2="106,12,104,69,14,21,124,5,92,1,20,30,118" hai3="37,63,117,84,123,97,15,61,48,46,129,50,65"/><W53/><G117/><T79/><D127/><U116/><E114/><V23/><F69/><W22/><G37/><T32/><D32/><U108/><E107/><V7/><F118/><W4/><G123/><T109/><D109/><U74/><E38/><V45/><F124/><W105/><G65/><T43/><D134/><U100/><E116/><V10/><F45/><N who="3" m="27791" /><G105/><T34/><D34/><U89/><E0/><V62/><F106/><W66/><G66/><T119/><D119/><U111/><E29/><V35/><F104/><W121/><G97/><T17/><D17/><U18/><E95/><V101/><F101/><W55/><G129/><N who="0" m="49739" /><D57/><U6/><E18/><N who="2" m="10311" /><F62/><W28/><G121/><T36/><D78/><U13/><E100/><V31/><F92/><W125/><G125/><T90/><D79/><U113/><E83/><V85/><F85/><W11/><G84/><T112/><D112/><U26/><E113/><V40/><F40/><AGARI ba="0,0" hai="36,39,40,43,44,47,86,87,90,93,99" m="49739" machi="40" ten="30,1000,0" yaku="19,1" doraHai="56" who="0" fromWho="2" sc="294,10,130,0,237,-10,339,0" owari="304,10.4,130,-37.0,227,-17.3,339,43.9" /></mjloggm>