<mjloggm ver="2.3"><GO type="225" lobby="0"/><UN n0="%43%68%65" n1="%E6%81%A5%E6%99%92%E3%81%97" n2="%47%65%6E" n3="%E3%83%A9%E3%82%A4%E3%83%B3%E3%81%AE%E8%99%8E" dan="16,17,16,16" rate="2201.37,2192.81,2119.91,2152.39" sx="M,M,M,M"/><TAIKYOKU oya="0"/><INIT seed="0,0,0,0,2,105" ten="250,250,250,250" oya="0" hai0="101,48,27,75,126,23,113,108,81,68,35,87,13" hai1="94,97,54,61,67,122,123,36,133,79,40,44,103" hai2="69,3,6,130,50,12,56,86,29,76,73,110,111" hai3="8,42,96,14,106,59,117,115,104,58,4,109,89"/><T84/><D113/><U91/><E133/><V83/><F69/><W70/><G70/><T19/><D68/><U66/><E66/><V32/><F130/><W135/><G117/><T78/><D126/><U128/><E128/><V16/><F29/><W77/><G115/><T15/><D108/><N who="2" m="41514" /><F3/><W51/><G109/><T21/><D101/><U80/><E54/><N who="2" m="31831" /><F6/><W37/><G135/><T30/><D48/><U72/><REACH who="1" step="1"/><E103/><REACH who="1" ten="250,240,250,250" step="2"/><V131/><F131/><W92/><G42/><T65/><D65/><U88/><E88/><V7/><F7/><W9/><G89/><T132/><D132/><U119/><E119/><V43/><F43/><W74/><G4/><T57/><D57/><AGARI ba="0,1" hai="36,40,44,57,61,67,72,79,80,91,94,97,122,123" machi="57" ten="30,3900,0" yaku="1,1,7,1,52,1,53,0" doraHai="105" doraHaiUra="114" who="1" fromWho="0" sc="250,-39,240,49,250,0,250,0" /><INIT seed="1,0,0,1,3,86" ten="211,289,250,250" oya="1" hai0="37,134,44,6,133,85,106,105,32,28,55,127,64" hai1="101,3,39,99,94,27,40,66,0,65,93,103,1" hai2="82,67,124,57,112,31,9,47,125,89,122,95,60" hai3="4,58,104,36,83,69,118,71,49,38,73,34,53"/><U102/><E39/><V74/><F122/><W108/><G104/><T107/><D127/><N who="2" m="48714" /><F112/><W97/><G34/><T59/><D6/><U7/><E40/><V131/><F31/><W42/><G4/><T19/><D64/><U54/><E7/><V41/><F9/><W13/><G13/><T84/><D19/><U45/><E27/><V111/><F131/><W92/><G108/><T35/><D44/><U22/><E22/><V128/><F128/><W48/><G118/><T79/><D37/><U14/><E14/><V76/><F111/><W62/><G38/><T23/><D23/><U51/><REACH who="1" step="1"/><E94/><REACH who="1" ten="211,279,250,250" step="2"/><V30/><F41/><W120/><G36/><T10/><D10/><U87/><E87/><N who="2" m="52671" /><F30/><W52/><G42/><T8/><D8/><U63/><E63/><V70/><F47/><W80/><G62/><T5/><D5/><U113/><E113/><V26/><F26/><W24/><G24/><T135/><D28/><U126/><E126/><V20/><F20/><W90/><G120/><T78/><D35/><U119/><E119/><V46/><F46/><W132/><G92/><T123/><D32/><U17/><E17/><V130/><F130/><W109/><G109/><T96/><D123/><U100/><AGARI ba="0,1" hai="0,1,3,45,51,54,65,66,93,99,100,101,102,103" machi="100" ten="40,12000,1" yaku="1,1,0,1,53,2" doraHai="86" doraHaiUra="61" who="1" fromWho="1" sc="211,-40,279,130,250,-40,250,-40" /><INIT seed="1,1,0,3,3,14" ten="171,409,210,210" oya="1" hai0="130,110,83,26,39,79,85,71,98,74,68,15,50" hai1="41,76,114,21,51,107,123,34,49,112,100,43,69" hai2="32,105,55,133,38,58,57,128,61,125,121,116,19" hai3="13,53,127,4,113,84,63,96,9,12,119,27,31"/><U72/><E123/><V66/><F105/><W92/><G127/><T5/><D39/><U122/><E34/><V0/><F32/><W126/><G126/><T103/><D110/><U45/><E122/><V7/><F125/><W1/><G113/><T118/><D118/><U54/><E76/><V52/><F38/><W93/><G119/><T81/><D130/><U47/><E72/><V115/><F115/><W97/><G84/><T99/><D26/><U129/><E129/><V30/><F116/><W77/><G77/><T131/><D131/><U8/><E54/><V102/><F102/><W25/><G53/><T60/><D50/><U78/><E69/><V106/><F106/><W117/><G63/><T36/><D36/><U16/><E8/><V135/><F121/><W28/><G117/><T104/><D99/><U6/><E6/><V87/><F55/><W11/><G1/><T35/><D60/><U75/><E100/><V80/><F128/><W91/><G91/><T94/><D35/><U89/><E89/><N who="2" m="51431" /><F7/><AGARI ba="1,0" hai="4,7,9,11,12,13,25,27,28,31,92,93,96,97" machi="7" ten="25,3200,0" yaku="22,2,8,1" doraHai="14" who="3" fromWho="2" sc="171,0,409,0,210,-35,210,35" /><INIT seed="2,0,0,4,2,62" ten="171,409,175,245" oya="2" hai0="96,109,121,73,38,54,97,76,110,68,57,111,40" hai1="51,124,42,35,48,69,21,86,127,112,99,17,44" hai2="67,3,118,61,26,52,32,23,1,80,77,116,83" hai3="34,0,2,39,131,89,55,8,102,92,98,75,50"/><V72/><F32/><W22/><G34/><T13/><D121/><U101/><E35/><V79/><F116/><W18/><G39/><T123/><D123/><U15/><E69/><V88/><F118/><W103/><G75/><T25/><D68/><U4/><E4/><V53/><F1/><W7/><G0/><T84/><D73/><U64/><E86/><V115/><F3/><W65/><G131/><T78/><D25/><U28/><E28/><V119/><F119/><W46/><REACH who="3" step="1"/><G65/><REACH who="3" ten="171,409,175,235" step="2"/><T71/><D38/><U93/><E64/><V24/><F115/><W14/><AGARI ba="0,1" hai="2,7,8,14,18,22,46,50,55,89,92,98,102,103" machi="14" ten="20,5200,0" yaku="1,1,2,1,0,1,7,1,53,0" doraHai="62" doraHaiUra="125" who="3" fromWho="3" sc="171,-13,409,-13,175,-26,235,62" /><INIT seed="3,0,0,5,3,26" ten="158,396,149,297" oya="3" hai0="54,78,77,100,116,73,81,129,53,9,71,126,69" hai1="120,118,98,49,76,79,87,89,80,40,15,94,7" hai2="8,44,67,37,107,14,10,93,29,109,66,104,130" hai3="75,101,20,4,18,59,16,52,31,64,111,74,19"/><W21/><G101/><T133/><D116/><U48/><E118/><V83/><F29/><W123/><G123/><T105/><D78/><N who="1" m="29739" /><E40/><V28/><F28/><W91/><G75/><T58/><D126/><U119/><E120/><V23/><F83/><W90/><G74/><T68/><D129/><U110/><E110/><V108/><F130/><W112/><G112/><T62/><D133/><U38/><E38/><V42/><F23/><N who="3" m="8779" /><G111/><N who="2" m="42569" /><F93/><W47/><G4/><T124/><D124/><U134/><E49/><V57/><F57/><W99/><G31/><T51/><D9/><N who="2" m="3690" /><F14/><W3/><G3/><T82/><D82/><U22/><E87/><V102/><F102/><W41/><G99/><T36/><D36/><U131/><E48/><V13/><F13/><W50/><G64/><AGARI ba="0,0" hai="37,42,44,64,66,67,104,107" m="3690,42569" machi="64" ten="30,1000,0" yaku="14,1" doraHai="26" who="2" fromWho="3" sc="158,0,396,0,149,10,297,-10" owari="158,-34.2,396,49.6,159,-24.1,287,8.7" /></mjloggm>