<mjloggm ver="2.3"><GO type="225" lobby="0"/><UN n0="%E6%81%A5%E6%99%92%E3%81%97" n1="%6C%61%6D%62" n2="%72%61%6B%33" n3="%E7%99%BD%E5%80%89%E5%AF%9B%E4%B9%8B" dan="16,16,16,16" rate="2055.38,2252.22,2076.77,2136.12" sx="M,M,M,M"/><TAIKYOKU oya="0"/><INIT seed="0,0,0,3,4,100" ten="250,250,250,250" oya="0" hai0="103,19,8,85,9,20,7,63,13,124,78,90,69" hai1="12,128,82,22,28,111,2,71,113,120,32,45,104" hai2="132,55,84,24,5,135,131,134,122,98,129,44,91" hai3="125,40,25,6,77,112,4,93,16,64,29,53,39"/><T89/><D124/><U108/><E45/><V52/><F122/><W96/><G125/><T38/><D38/><U51/><E51/><V1/><F24/><W95/><G112/><T33/><D33/><U76/><E120/><V117/><F117/><W58/><G64/><T107/><D9/><U18/><E71/><V115/><F115/><W57/><G57/><T65/><D78/><U34/><E113/><V60/><F98/><W56/><G56/><T94/><D89/><U48/><E48/><V26/><F26/><W99/><G77/><T66/><D65/><U54/><E54/><V36/><F5/><W41/><G39/><T126/><D126/><U127/><E127/><V17/><F17/><W87/><G87/><T88/><D90/><U73/><E104/><V110/><F1/><W61/><G4/><T30/><D30/><U23/><E2/><V75/><F75/><W105/><G6/><T49/><D49/><U74/><E74/><V67/><F110/><N who="1" m="42025" /><E128/><N who="2" m="49227" /><F84/><W116/><G116/><T83/><D107/><U106/><E106/><V97/><F97/><W59/><G59/><T123/><D123/><U86/><E73/><V79/><F91/><N who="3" m="55359" /><G29/><T14/><REACH who="0" step="1"/><D103/><REACH who="0" ten="240,250,250,250" step="2"/><U31/><E31/><V130/><F79/><W11/><G105/><T80/><AGARI ba="0,1" hai="7,8,13,14,19,20,63,66,69,80,83,85,88,94" machi="80" ten="30,18000,2" yaku="1,1,2,1,0,1,54,1,53,2" doraHai="100" doraHaiUra="10" who="0" fromWho="0" sc="240,190,250,-60,250,-60,250,-60" /><INIT seed="0,1,0,3,0,31" ten="430,190,190,190" oya="0" hai0="73,39,129,99,50,37,42,87,81,113,64,61,70" hai1="120,84,5,133,69,126,43,66,16,36,62,53,79" hai2="82,17,52,27,24,3,7,116,130,54,47,90,23" hai3="57,128,26,86,77,33,58,21,89,93,34,121,15"/><T106/><D113/><U38/><E120/><V109/><F109/><W35/><G121/><T118/><D73/><U65/><E5/><V22/><F130/><W132/><G128/><T78/><D118/><U13/><E133/><V102/><F116/><W6/><G132/><T72/><D129/><U92/><E126/><V32/><F32/><W94/><G77/><T107/><D50/><U111/><E111/><V100/><F7/><W131/><G131/><T83/><D42/><U124/><E124/><V96/><F3/><W9/><REACH who="3" step="1"/><G93/><REACH who="3" ten="430,190,190,180" step="2"/><T76/><D107/><U10/><E79/><V112/><F112/><W44/><G44/><T71/><D106/><U12/><E92/><V122/><F122/><W56/><G56/><T105/><D71/><U2/><E69/><V80/><F47/><W18/><AGARI ba="1,1" hai="6,9,15,18,21,26,33,34,35,57,58,86,89,94" machi="18" ten="30,8000,1" yaku="1,1,0,1,52,3,53,0" doraHai="31" doraHaiUra="63" who="3" fromWho="3" sc="430,-41,190,-21,190,-21,180,93" /><INIT seed="1,0,0,0,4,135" ten="389,169,169,273" oya="1" hai0="123,118,125,68,126,115,133,129,67,43,45,91,120" hai1="20,70,52,30,31,46,57,32,71,121,102,28,11" hai2="65,48,103,130,16,75,19,9,39,80,113,110,12" hai3="124,106,24,114,55,15,76,6,117,97,104,3,94"/><U100/><E121/><N who="0" m="46665" /><D133/><U85/><E32/><V79/><F39/><W83/><G3/><T77/><D129/><U88/><E46/><V60/><F130/><W128/><G114/><T74/><D115/><U105/><E105/><V66/><F113/><W51/><G117/><T54/><D118/><U96/><E70/><V37/><F37/><W36/><G36/><N who="0" m="21735" /><D54/><U98/><E71/><V33/><F110/><W18/><G6/><T34/><D34/><U47/><E47/><V132/><F33/><W26/><G51/><T134/><D134/><U73/><E11/><V4/><F132/><W7/><G94/><T64/><D91/><U81/><E73/><V93/><F48/><W90/><G97/><N who="1" m="37482" /><E20/><V13/><F93/><W56/><G83/><N who="0" m="45495" /><D68/><U78/><E78/><V49/><F49/><AGARI ba="0,0" hai="28,30,31,49,52,57,81,85,88,100,102" m="37482" machi="49" ten="30,5800,0" yaku="8,1,54,2" doraHai="135" who="1" fromWho="2" sc="389,0,169,58,169,-58,273,0" /><INIT seed="1,1,0,1,3,70" ten="389,227,111,273" oya="1" hai0="88,106,109,57,120,2,6,74,1,78,53,52,42" hai1="12,83,46,89,51,22,34,47,116,56,44,135,101" hai2="29,80,131,18,40,37,115,61,41,108,66,69,92" hai3="113,75,13,103,36,84,121,32,15,117,77,125,38"/><U71/><E71/><V9/><F108/><W112/><G84/><T128/><D106/><U130/><E34/><V49/><F131/><W28/><G13/><T17/><D17/><N who="1" m="10535" /><E116/><V8/><F115/><N who="3" m="44107" /><G15/><T79/><D109/><U76/><E135/><V133/><F133/><W10/><G10/><T31/><D31/><U99/><E130/><V73/><F29/><W87/><G87/><T48/><D79/><U98/><E76/><V104/><F104/><W127/><G103/><T3/><D128/><U16/><E101/><V19/><F92/><W93/><G93/><T86/><D42/><U110/><E16/><V67/><F73/><W72/><G121/><T33/><D33/><U0/><E0/><V95/><F95/><W85/><G85/><T24/><D24/><U65/><E83/><V68/><F80/><N who="3" m="45095" /><G75/><T124/><D74/><U7/><E7/><V132/><F132/><W100/><G100/><T102/><D78/><U43/><E89/><V63/><REACH who="2" step="1"/><F49/><REACH who="2" ten="389,227,101,273" step="2"/><W122/><G122/><T82/><D120/><U27/><E110/><V26/><F26/><N who="3" m="18455" /><G117/><T21/><D102/><U30/><E27/><V25/><F25/><W50/><G50/><T111/><D48/><U20/><E51/><V45/><F45/><W58/><G58/><T114/><D111/><U5/><E56/><V107/><F107/><W39/><AGARI ba="1,1" hai="36,38,39,125,127" m="18455,45095,44107" machi="39" ten="40,8000,1" yaku="23,1,52,3" doraHai="70" who="3" fromWho="3" sc="389,-21,227,-41,101,-21,273,93" /><INIT seed="2,0,0,5,4,50" ten="368,186,80,366" oya="2" hai0="73,86,78,96,102,132,41,42,64,101,55,31,38" hai1="26,84,123,77,107,22,71,76,68,129,36,128,69" hai2="45,106,47,58,108,13,7,25,17,97,67,133,63" hai3="11,119,51,18,131,37,93,134,124,94,61,16,27"/><V43/><F133/><W127/><G37/><T99/><D132/><U74/><E74/><V89/><F108/><W135/><G119/><T82/><D64/><U100/><E36/><V90/><F7/><W75/><G75/><T114/><D31/><U121/><E100/><N who="0" m="38505" /><D38/><U30/><E107/><V70/><F106/><W65/><G131/><N who="1" m="50250" /><E84/><V59/><F25/><W28/><G51/><T24/><D114/><U80/><E80/><V111/><F111/><W118/><G118/><T104/><D104/><U126/><E126/><N who="3" m="48170" /><G135/><T85/><D73/><U110/><E110/><V44/><F43/><N who="0" m="16394" /><D24/><U105/><E105/><V19/><F19/><N who="3" m="7211" /><G11/><T120/><D120/><AGARI ba="0,0" hai="22,26,30,68,69,71,76,77,120,121,123" m="50250" machi="120" ten="40,2600,0" yaku="13,1,19,1" doraHai="50" who="1" fromWho="0" sc="368,-26,186,26,80,0,366,0" /><INIT seed="3,0,0,1,5,117" ten="342,212,80,366" oya="3" hai0="83,64,106,122,92,46,43,127,134,24,69,110,58" hai1="53,130,27,52,54,88,111,125,103,99,73,3,87" hai2="102,121,55,115,101,105,114,0,33,44,120,70,38" hai3="59,20,132,123,19,108,71,29,62,21,67,68,135"/><W4/><G123/><N who="2" m="47177" /><F0/><W30/><G4/><T94/><D122/><U133/><E73/><V74/><F74/><W96/><G108/><T76/><D106/><U45/><E111/><V104/><F33/><W37/><G37/><T23/><D69/><N who="3" m="26697" /><G96/><T107/><D107/><N who="2" m="41034" /><F70/><W32/><G32/><T61/><D127/><U113/><E130/><V119/><F119/><W36/><G36/><T80/><D134/><N who="3" m="51241" /><G20/><T40/><D110/><U35/><E113/><N who="2" m="43019" /><F55/><W78/><G78/><T75/><D83/><U12/><E133/><V13/><F13/><AGARI ba="0,0" hai="13,19,21,29,30,59,62,67" m="51241,26697" machi="13" ten="30,1500,0" yaku="20,1" doraHai="117" who="3" fromWho="2" sc="342,0,212,0,80,-15,366,15" owari="342,14.2,212,-18.8,65,-43.5,381,48.1" /></mjloggm>