<mjloggm ver="2.3"><GO type="225" lobby="0"/><UN n0="%E3%82%A2%E3%83%B3%E3%83%93%E3%83%90%E3%83%AC%E3%83%B3%E3%83%88" n1="%E7%99%BD%E5%92%B2%E8%8A%B1%E3%81%A1%E3%82%83%E3%82%93" n2="%E3%81%8B%E3%82%8F%E3%81%A1%E3%82%83%E3%82%93%35%38" n3="%E7%99%BD%E5%80%89%E5%AF%9B%E4%B9%8B" dan="16,16,16,16" rate="2081.36,2144.20,2161.30,2134.58" sx="F,F,M,M"/><TAIKYOKU oya="0"/><INIT seed="0,0,0,0,1,87" ten="250,250,250,250" oya="0" hai0="103,127,27,121,45,26,73,79,82,21,39,17,19" hai1="40,88,33,110,37,95,133,129,32,18,59,1,86" hai2="71,80,53,112,134,111,54,48,20,16,125,49,9" hai3="5,132,4,31,109,135,107,47,124,41,44,13,116"/><T76/><D127/><U77/><E110/><V60/><F112/><W50/><G107/><T24/><D121/><U113/><E113/><V29/><F125/><W119/><G124/><T75/><D103/><U100/><E129/><V131/><F131/><W85/><G109/><T97/><D97/><U93/><E1/><V56/><F111/><W30/><G85/><T25/><D39/><U84/><E133/><N who="3" m="51274" /><G13/><T89/><D45/><N who="3" m="17481" /><G50/><T36/><D36/><U94/><E37/><V106/><F106/><W99/><G99/><T114/><D114/><U126/><E84/><V52/><F134/><W2/><G41/><T68/><D68/><U35/><E40/><V105/><F71/><W38/><G2/><T65/><D65/><U42/><E42/><V7/><F80/><W72/><G72/><T46/><D46/><U61/><E126/><V70/><F70/><W102/><G102/><T67/><D67/><U83/><E100/><V128/><F105/><W58/><G58/><T14/><D75/><U78/><REACH who="1" step="1"/><E18/><REACH who="1" ten="250,240,250,250" step="2"/><V69/><F128/><W96/><G38/><T23/><REACH who="0" step="1"/><D79/><REACH who="0" ten="240,240,250,250" step="2"/><U117/><E117/><N who="3" m="45130" /><G96/><T12/><D12/><U108/><E108/><V0/><F0/><W130/><G130/><T81/><D81/><U104/><E104/><V64/><F69/><W57/><G57/><T63/><D63/><U43/><E43/><V28/><F56/><W122/><G122/><T3/><D3/><U115/><E115/><V118/><F118/><W8/><G4/><T120/><D120/><U123/><E123/><V6/><F6/><W11/><G5/><T74/><D74/><RYUUKYOKU ba="0,2" sc="240,10,240,10,250,-30,250,10" hai0="14,17,19,21,23,24,25,26,27,73,76,82,89" hai1="32,33,35,59,61,77,78,83,86,88,93,94,95" hai3="8,11,30,31" /><INIT seed="0,1,2,2,0,15" ten="250,250,220,260" oya="0" hai0="85,100,9,51,120,7,33,61,103,86,53,77,123" hai1="78,91,16,73,80,97,87,29,113,23,90,119,111" hai2="46,68,0,32,84,55,35,34,118,117,81,12,17" hai3="134,131,48,121,1,60,10,82,5,126,127,26,49"/><T94/><D33/><U132/><E119/><N who="2" m="45579" /><F68/><W122/><G131/><T76/><D61/><U36/><E36/><V92/><F0/><W72/><G134/><T98/><D123/><N who="3" m="47113" /><G60/><T19/><D120/><U40/><E132/><V11/><F92/><W129/><G129/><T25/><D103/><U22/><E111/><V75/><F75/><W43/><G26/><T79/><D7/><U108/><E108/><V88/><F46/><N who="3" m="25695" /><G49/><T14/><REACH who="0" step="1"/><D25/><REACH who="0" ten="240,250,220,260" step="2"/><U105/><E113/><V31/><F55/><W109/><G109/><T41/><D41/><U47/><E40/><V44/><F44/><AGARI ba="1,3" hai="9,14,19,44,51,53,76,77,79,85,86,94,98,100" machi="44" ten="40,7700,0" yaku="1,1,8,1,52,1,53,0" doraHai="15" doraHaiUra="63" who="0" fromWho="2" sc="240,110,250,0,220,-80,260,0" /><INIT seed="0,2,0,5,0,8" ten="350,250,140,260" oya="0" hai0="101,99,49,71,107,100,132,106,0,135,117,63,68" hai1="35,131,47,15,40,73,52,22,51,48,41,114,29" hai2="98,92,18,81,24,7,33,17,77,11,70,111,94" hai3="43,3,130,25,44,54,39,58,27,125,126,84,20"/><T121/><D117/><U79/><E131/><V127/><F111/><W115/><G3/><T60/><D121/><U36/><E114/><V30/><F127/><N who="3" m="48651" /><G115/><T53/><D0/><U78/><E41/><V9/><F70/><W69/><G69/><T124/><D124/><U90/><E90/><V19/><F98/><W26/><G84/><T13/><D101/><U2/><E2/><V38/><F38/><W86/><G86/><T64/><D107/><U34/><E36/><V5/><F81/><W93/><G93/><T119/><D63/><U59/><E73/><V32/><F77/><W75/><G75/><T88/><D88/><U65/><E65/><V6/><F94/><W105/><G105/><T4/><D71/><U74/><E74/><V104/><F92/><W14/><G130/><T56/><D119/><U12/><E22/><N who="2" m="15639" /><F104/><W108/><G108/><T87/><D87/><U16/><E16/><N who="2" m="4099" /><V72/><DORA hai="31" /><F72/><W133/><G27/><T80/><REACH who="0" step="1"/><D80/><REACH who="0" ten="340,250,140,260" step="2"/><U123/><E123/><V91/><F91/><W67/><G26/><T122/><D122/><U102/><E102/><V82/><F82/><W37/><G25/><T62/><D62/><U85/><E85/><V61/><F61/><W116/><G116/><T45/><D45/><U66/><E47/><V134/><F134/><W50/><G133/><T57/><D57/><U10/><E59/><V96/><F96/><W118/><G118/><T83/><D83/><U89/><E89/><V128/><F128/><W23/><G58/><T95/><D95/><U103/><E103/><V97/><F97/><W55/><G44/><RYUUKYOKU ba="2,1" sc="340,15,250,-15,140,15,260,-15" hai0="4,13,49,53,56,60,64,68,99,100,106,132,135" hai2="5,6,7,9,11,32,33" /><INIT seed="0,3,1,5,1,0" ten="355,235,155,245" oya="0" hai0="33,13,2,112,18,73,128,27,133,98,23,69,19" hai1="75,106,55,52,130,120,80,111,92,25,107,123,135" hai2="63,113,16,114,79,65,67,60,32,126,134,6,8" hai3="54,38,83,71,10,132,1,41,42,85,53,100,81"/><T20/><D69/><U89/><E111/><V50/><F32/><W124/><G71/><T22/><D73/><U119/><E119/><V48/><F79/><W43/><G38/><T57/><D57/><U88/><E25/><V15/><F126/><W7/><G124/><T118/><D98/><U95/><E75/><V21/><F134/><W31/><G132/><T131/><D133/><U109/><E135/><V47/><F63/><W108/><G108/><T5/><D118/><U66/><E109/><V46/><F46/><W12/><G100/><T40/><D40/><U84/><E66/><V36/><F36/><W115/><G115/><T93/><D93/><U116/><E116/><V17/><F17/><W68/><G68/><T11/><D112/><U101/><E130/><N who="0" m="49705" /><D19/><U24/><E24/><V30/><F30/><AGARI ba="3,1" hai="2,5,11,13,18,20,22,23,27,30,33" m="49705" machi="30" ten="30,12000,1" yaku="24,1,19,1,34,2,52,1" doraHai="0" who="0" fromWho="2" sc="355,139,235,0,155,-129,245,0" /><INIT seed="0,4,0,0,4,60" ten="494,235,26,245" oya="0" hai0="65,89,104,111,16,130,1,95,86,26,110,97,134" hai1="132,32,108,62,42,87,124,35,48,102,14,29,40" hai2="70,15,103,21,76,75,107,123,128,113,135,52,53" hai3="61,71,39,23,67,122,94,101,51,34,99,81,118"/><T114/><D1/><U83/><E108/><N who="0" m="41513" /><D130/><U46/><E124/><V120/><F113/><W88/><G39/><T129/><D129/><U25/><E132/><V106/><F128/><W24/><G118/><T5/><D5/><U49/><E102/><V82/><F135/><W77/><G122/><T93/><D134/><U45/><E14/><V119/><F119/><W92/><G34/><T44/><D114/><U63/><E35/><V127/><F70/><W121/><G121/><T91/><D44/><U20/><REACH who="1" step="1"/><E32/><REACH who="1" ten="494,225,26,245" step="2"/><V68/><F68/><W12/><G12/><T6/><D104/><U131/><E131/><V69/><F69/><W115/><G115/><T17/><D26/><U54/><E54/><V33/><F33/><W4/><G4/><T8/><D65/><U56/><E56/><V59/><F107/><W37/><G37/><T98/><D6/><U0/><E0/><V22/><F127/><W90/><G51/><T3/><D3/><U73/><E73/><V55/><F120/><W43/><G43/><T10/><D10/><U9/><E9/><V126/><F126/><W18/><G94/><N who="0" m="54583" /><D8/><U27/><E27/><V13/><F123/><W116/><G116/><T64/><D64/><U74/><E74/><AGARI ba="4,1" hai="18,23,24,61,67,71,74,77,81,88,90,92,99,101" machi="74" ten="30,3900,0" yaku="7,1,52,1,54,1" doraHai="60" who="3" fromWho="1" sc="494,0,225,-51,26,0,245,61" /><INIT seed="1,0,0,3,0,74" ten="494,174,26,306" oya="1" hai0="114,8,70,69,33,92,95,121,90,79,96,0,115" hai1="110,76,94,103,72,116,87,102,54,13,36,62,46" hai2="11,14,97,53,99,26,129,68,34,88,86,42,128" hai3="55,126,19,7,17,125,37,89,24,16,48,4,44"/><U106/><E116/><V82/><F68/><W108/><G108/><T10/><D121/><U58/><E110/><V111/><F111/><W130/><G130/><T71/><D33/><U25/><E106/><V113/><F113/><W109/><G109/><T91/><D79/><U64/><E25/><V80/><F42/><W1/><G37/><T51/><D51/><U9/><E72/><V131/><F53/><W12/><G1/><T2/><D71/><U135/><E135/><V122/><F122/><W3/><G3/><T123/><D123/><U124/><E124/><N who="3" m="47722" /><G12/><T84/><D84/><U61/><E36/><V22/><F80/><W20/><G89/><T32/><D32/><U35/><E35/><V29/><REACH who="2" step="1"/><F34/><REACH who="2" ten="494,174,16,306" step="2"/><W31/><AGARI ba="0,1" hai="4,7,16,17,19,20,24,31,44,48,55" m="47722" machi="31" ten="30,2000,0" yaku="18,1,54,1" doraHai="74" who="3" fromWho="3" sc="494,-5,174,-10,16,-5,306,30" /><INIT seed="2,0,0,4,4,71" ten="489,164,11,336" oya="2" hai0="101,133,70,52,34,92,13,128,64,63,54,123,22" hai1="65,30,103,39,49,98,15,76,106,21,104,17,25" hai2="69,35,16,89,43,116,57,135,82,105,48,7,36" hai3="20,77,28,5,126,58,73,24,26,1,60,121,79"/><V78/><F116/><W131/><G121/><T18/><D128/><U3/><E3/><V9/><F69/><W88/><G131/><T31/><D123/><U85/><E39/><V91/><F35/><W99/><G126/><T74/><D74/><U55/><E65/><V4/><F105/><W87/><G73/><T56/><D133/><U108/><E108/><V8/><F135/><W11/><G26/><N who="0" m="16855" /><D70/><U124/><E124/><V110/><F110/><W90/><G99/><N who="0" m="59623" /><D34/><U132/><E132/><V129/><F129/><W32/><G32/><T81/><D81/><U41/><E41/><V45/><F57/><W40/><G40/><T37/><D37/><U61/><E61/><V127/><F48/><W96/><G96/><T112/><D112/><U27/><E106/><V122/><F122/><W33/><G33/><T114/><D114/><U97/><E97/><V117/><F117/><W0/><G90/><T66/><D66/><U62/><E62/><V125/><F125/><W86/><G86/><T107/><D107/><U102/><E102/><V6/><F127/><W46/><G0/><T47/><D47/><U44/><E30/><V83/><F83/><W42/><G58/><T53/><D53/><U14/><E27/><V115/><F115/><W10/><G60/><T59/><D59/><U118/><E118/><V111/><F111/><W84/><G84/><T51/><D51/><U29/><E29/><V109/><F109/><W19/><G87/><T120/><D120/><U12/><E25/><V50/><F36/><N who="3" m="21831" /><G88/><N who="2" m="33865" /><F16/><W67/><G67/><T72/><D72/><U93/><E104/><RYUUKYOKU ba="0,0" sc="489,0,164,0,11,0,336,0" hai0="13,18,52,54,56,63,64" hai1="12,14,15,17,21,44,49,55,76,85,93,98,103" hai2="4,6,7,8,9,43,45,50,78,82" hai3="1,5,10,11,19,20,24,28,77,79" /><INIT seed="2,1,0,5,4,86" ten="489,164,11,336" oya="2" hai0="121,42,26,27,111,6,90,40,12,32,56,135,28" hai1="85,133,95,48,41,68,77,72,81,127,70,84,65" hai2="58,67,116,45,83,96,122,125,129,104,88,0,112" hai3="99,109,30,10,130,124,98,47,134,1,107,82,57"/><V50/><F112/><W18/><G47/><T103/><D121/><U63/><E127/><V11/><F122/><W97/><G124/><T101/><D27/><U33/><E33/><V106/><F125/><W53/><G30/><T8/><D111/><U60/><E133/><V120/><F120/><W20/><G109/><T89/><D56/><U102/><E41/><V54/><F116/><W38/><G38/><T66/><D66/><U35/><E35/><V46/><F129/><W3/><G134/><T23/><D32/><U132/><E48/><V117/><F117/><W24/><G107/><T9/><D9/><U21/><E21/><V14/><F0/><W25/><G25/><T114/><D114/><U69/><E132/><V115/><F115/><W131/><G82/><T7/><D7/><U100/><E63/><N who="2" m="38391" /><F46/><W51/><REACH who="3" step="1"/><G10/><REACH who="3" ten="489,164,11,326" step="2"/><N who="0" m="4183" /><D135/><U39/><E39/><V79/><F79/><W16/><G16/><T74/><D8/><U36/><E36/><V44/><F44/><W15/><G15/><T52/><D26/><U76/><E81/><V62/><F62/><W78/><G78/><T61/><D28/><U59/><E76/><V34/><F34/><W119/><G119/><T17/><D17/><U92/><E77/><V113/><F113/><W31/><G31/><T108/><D108/><U55/><E60/><V64/><F64/><W29/><G29/><T5/><D61/><U91/><E65/><V13/><F83/><W75/><G75/><T37/><D5/><U87/><E72/><V118/><F118/><W19/><G19/><T80/><D74/><U94/><E91/><RYUUKYOKU ba="1,1" sc="489,-15,164,15,11,-15,326,15" hai1="55,59,68,69,70,84,85,87,92,94,95,100,102" hai3="1,3,18,20,24,51,53,57,97,98,99,130,131" owari="484,58.4,179,-22.1,-4,-50.4,341,14.1" /></mjloggm>