<mjloggm ver="2.3"><GO type="225" lobby="0"/><UN n0="%E3%81%AF%E3%82%88%E3%81%8A%E3%81%98%E3%81%95%E3%82%93" n1="%E9%80%86%E9%80%A3%E5%B8%AF%E3%81%AE%E9%AC%BC" n2="%E6%A1%9C%E8%8A%B1%E9%96%83%E3%80%85" n3="%E3%83%96%E3%83%83%E3%83%91%E3%82%AA%E3%83%96%E3%83%81%E3%82%AD%E3%83%B3" dan="17,17,16,16" rate="2154.54,2093.04,2121.91,2121.26" sx="M,M,M,M"/><TAIKYOKU oya="0"/><INIT seed="0,0,0,3,2,95" ten="250,250,250,250" oya="0" hai0="62,75,28,50,97,119,100,7,98,17,126,5,87" hai1="90,83,18,109,102,69,76,115,133,43,54,26,125" hai2="92,49,0,51,81,96,41,130,27,89,25,60,79" hai3="23,72,73,13,46,16,86,31,123,88,99,61,1"/><T129/><D75/><U15/><E115/><V34/><F130/><W3/><G123/><T103/><D119/><U29/><E133/><V24/><F0/><W135/><G135/><T107/><D129/><U128/><E109/><V47/><F60/><W113/><G113/><T14/><D126/><U53/><E69/><V22/><F34/><W9/><G72/><T124/><D124/><U114/><E114/><V42/><F51/><W112/><G73/><T122/><D122/><U134/><E134/><V93/><F93/><W111/><G111/><T63/><D28/><U38/><E128/><V33/><F33/><W8/><G112/><T121/><D121/><U56/><E102/><N who="0" m="38953" /><D107/><U20/><E125/><V127/><F127/><W120/><G120/><T105/><D87/><U6/><E6/><N who="0" m="2057" /><D50/><U85/><E76/><V37/><F37/><W78/><G3/><T2/><D2/><U110/><E110/><V57/><F57/><W39/><G78/><T74/><D74/><U131/><E131/><V91/><F79/><W10/><G1/><T32/><D32/><U77/><E77/><V19/><REACH who="2" step="1"/><F42/><REACH who="2" ten="250,250,240,250" step="2"/><W52/><G39/><T70/><D105/><U45/><REACH who="1" step="1"/><E56/><REACH who="1" ten="250,240,240,250" step="2"/><V11/><F11/><AGARI ba="0,2" hai="11,15,18,20,26,29,38,43,45,53,54,83,85,90" machi="11" ten="30,3900,0" yaku="1,1,2,1,7,1,53,0" doraHai="95" doraHaiUra="67" who="1" fromWho="2" sc="250,0,240,59,240,-39,250,0" /><INIT seed="1,0,0,5,3,108" ten="250,299,201,250" oya="1" hai0="106,47,107,57,113,85,2,14,125,77,101,16,126" hai1="1,128,49,63,103,131,59,78,34,117,21,52,95" hai2="105,30,70,118,20,35,132,62,99,130,11,96,129" hai3="41,102,82,72,58,124,22,92,94,54,83,68,133"/><U135/><E34/><V56/><F118/><W23/><G68/><T121/><D2/><U26/><E117/><V74/><F74/><W61/><G133/><T122/><D47/><U4/><E135/><V32/><F132/><W45/><G124/><N who="0" m="47723" /><D57/><U115/><E78/><V5/><F20/><N who="3" m="7723" /><G72/><T8/><D113/><U38/><E38/><V36/><F36/><W84/><G102/><T33/><D33/><N who="2" m="12874" /><F30/><W6/><G6/><T42/><D42/><U55/><E115/><V37/><F37/><W89/><G82/><N who="0" m="47311" /><D101/><U116/><E116/><V10/><F70/><W44/><G44/><T111/><D111/><U134/><E134/><V88/><F56/><W7/><G7/><T17/><D17/><U66/><E4/><V48/><F5/><W46/><G45/><T109/><D109/><U64/><E1/><V93/><F48/><AGARI ba="0,0" hai="41,46,48,54,58,61,83,84,89,92,94" m="7723" machi="48" ten="30,1000,0" yaku="8,1" doraHai="108" who="3" fromWho="2" sc="250,0,299,0,201,-10,250,10" /><INIT seed="2,0,0,1,5,52" ten="250,299,191,260" oya="2" hai0="41,117,75,135,106,81,84,45,1,51,14,44,62" hai1="54,87,8,23,97,64,111,110,56,18,104,67,105" hai2="2,7,46,121,86,88,115,58,33,114,69,22,57" hai3="95,70,27,66,59,55,113,24,133,80,17,42,71"/><V43/><F121/><W112/><G133/><T32/><D1/><U63/><E8/><N who="2" m="2167" /><F33/><W9/><G42/><T60/><D106/><U98/><E105/><V6/><F6/><W79/><G95/><T35/><D75/><U94/><E104/><V48/><F22/><N who="3" m="13391" /><G9/><T90/><D135/><U93/><E87/><V3/><F3/><W5/><G27/><T13/><D117/><U109/><E94/><V11/><F11/><W30/><G66/><T92/><D32/><U10/><E10/><V125/><F69/><W38/><G30/><T77/><D35/><U73/><E73/><V53/><F43/><W103/><G103/><T100/><D45/><U74/><E74/><V37/><F37/><W20/><G20/><T122/><D122/><U130/><E130/><V82/><F115/><N who="3" m="44107" /><G38/><T89/><D100/><U119/><E119/><V31/><F114/><W16/><G16/><T78/><D13/><N who="1" m="9679" /><E98/><V4/><F4/><W36/><G36/><T15/><D14/><U85/><E85/><V72/><F31/><W21/><G21/><T40/><D15/><U132/><E132/><V123/><F123/><W65/><G5/><T118/><D40/><U120/><E120/><V101/><F101/><AGARI ba="0,0" hai="54,56,63,64,67,93,97,101,109,110,111" m="9679" machi="101" ten="30,2000,0" yaku="14,1,52,1" doraHai="52" who="1" fromWho="2" sc="250,0,299,20,191,-20,260,0" /><INIT seed="3,0,0,4,3,92" ten="250,319,171,260" oya="3" hai0="10,49,112,79,31,7,78,117,111,64,5,85,94" hai1="132,106,67,39,104,119,52,60,62,66,27,41,80" hai2="30,130,11,16,13,0,114,88,28,54,89,70,75" hai3="14,45,6,99,74,32,93,126,102,69,12,46,120"/><W33/><G120/><T115/><D117/><U105/><E119/><V3/><F114/><N who="0" m="43562" /><D111/><U91/><E132/><V123/><F123/><W8/><G74/><T72/><D72/><U58/><E27/><V84/><F75/><W57/><G69/><T103/><D64/><U90/><E80/><V61/><F130/><W134/><G134/><T116/><D116/><U122/><E122/><V128/><F128/><W42/><G126/><T113/><D113/><U55/><E55/><V135/><F135/><W48/><G57/><T107/><D31/><U96/><E67/><V50/><F30/><W21/><REACH who="3" step="1"/><G46/><REACH who="3" ten="250,319,171,250" step="2"/><T38/><D38/><U63/><E39/><V97/><F28/><W110/><G110/><T124/><D124/><U59/><E59/><V127/><F127/><W43/><G43/><T2/><D49/><U18/><E41/><V133/><F133/><W65/><G65/><T95/><D5/><U22/><E66/><V19/><F70/><W108/><G108/><T36/><D36/><U51/><E58/><V100/><F61/><W53/><G53/><T29/><D7/><U77/><E51/><V56/><F19/><AGARI ba="0,1" hai="6,8,12,14,19,21,32,33,42,45,48,93,99,102" machi="19" ten="40,3900,0" yaku="1,1,52,1,53,0" doraHai="92" doraHaiUra="81" who="3" fromWho="2" sc="250,0,319,0,171,-39,250,49" /><INIT seed="3,1,0,1,4,133" ten="250,319,132,299" oya="3" hai0="32,108,125,75,57,63,45,90,124,30,118,10,70" hai1="52,80,101,114,40,84,43,71,64,79,115,17,112" hai2="121,56,103,20,9,127,13,19,25,47,44,91,113" hai3="111,51,73,93,21,66,38,34,61,5,23,16,89"/><W6/><G38/><T48/><D118/><U50/><E101/><V82/><F113/><W35/><G73/><T72/><D70/><U126/><E126/><N who="0" m="48745" /><D108/><U58/><E71/><V1/><F121/><W106/><G106/><T33/><D10/><U76/><E76/><V7/><F127/><W3/><G111/><T28/><D90/><U116/><E116/><V18/><F103/><W98/><G23/><T2/><D2/><U94/><E64/><V14/><F1/><W42/><G35/><N who="0" m="13387" /><D28/><U110/><E110/><V27/><F56/><N who="3" m="37159" /><G34/><T92/><D92/><U67/><E94/><V62/><F62/><W109/><G3/><T95/><D95/><U123/><E123/><V26/><REACH who="2" step="1"/><F7/><REACH who="2" ten="250,319,122,299" step="2"/><W88/><G109/><T74/><D57/><U129/><E114/><V49/><F49/><W65/><G89/><T117/><D63/><U102/><E115/><V132/><F132/><W0/><G0/><T96/><D117/><U24/><E102/><V54/><F54/><W130/><G130/><T100/><D100/><U46/><E129/><V53/><F53/><W69/><G69/><T60/><D60/><N who="1" m="38295" /><E112/><V128/><F128/><W36/><G36/><T87/><D48/><U31/><E52/><V107/><F107/><W15/><G65/><T131/><D131/><U99/><E50/><V83/><F83/><W77/><G77/><T4/><D4/><U104/><E104/><V85/><AGARI ba="1,1" hai="9,13,14,18,19,20,25,26,27,44,47,82,85,91" machi="85" ten="30,4000,0" yaku="1,1,0,1,8,1,53,0" doraHai="133" doraHaiUra="119" who="2" fromWho="2" sc="250,-11,319,-11,122,53,299,-21" owari="239,-16.1,308,40.8,175,-32.5,278,7.8" /></mjloggm>