<mjloggm ver="2.3"><GO type="225" lobby="0"/><UN n0="%E7%99%BD%E5%80%89%E5%AF%9B%E4%B9%8B" n1="%E3%82%AF%E3%82%A3%E3%82%A6" n2="%72%65%6E%6B%75%6E" n3="%E4%B8%89%E5%88%86%E5%B0%8F%E5%83%A7" dan="16,16,17,16" rate="2122.81,2071.45,2216.27,2077.38" sx="M,M,M,M"/><TAIKYOKU oya="0"/><INIT seed="0,0,0,4,3,48" ten="250,250,250,250" oya="0" hai0="22,123,13,126,39,49,91,129,56,4,107,43,125" hai1="118,112,9,90,61,50,116,29,5,44,52,11,127" hai2="87,18,19,102,124,92,99,135,85,33,63,105,109" hai3="31,76,36,35,103,12,133,97,101,60,132,70,95"/><T77/><D107/><U41/><E112/><V89/><F33/><W30/><G36/><T6/><D123/><U131/><E29/><N who="3" m="10762" /><G35/><T94/><D77/><U78/><E127/><N who="0" m="48649" /><D129/><U100/><E131/><V3/><F3/><W23/><G76/><T24/><D39/><U64/><E78/><V55/><F124/><W128/><G128/><T82/><D82/><U0/><E11/><V117/><F117/><W53/><G12/><T15/><D24/><U1/><E1/><V34/><F34/><W54/><G23/><T16/><D15/><U21/><E21/><V88/><F109/><W26/><G26/><T65/><D43/><U79/><E79/><V62/><F135/><N who="3" m="51787" /><G103/><T73/><D73/><U130/><E130/><V57/><REACH who="2" step="1"/><F63/><REACH who="2" ten="250,250,240,250" step="2"/><W68/><G60/><N who="0" m="38023" /><D49/><U58/><E118/><V8/><F8/><W25/><G25/><T10/><D10/><U71/><E116/><V108/><F108/><W119/><G119/><T66/><D66/><U121/><E121/><V27/><F27/><W110/><G110/><T28/><D28/><U42/><E100/><V47/><F47/><W81/><G101/><T67/><D67/><U104/><E44/><V40/><F40/><W46/><G46/><T2/><D2/><U80/><E42/><V7/><F7/><W96/><G70/><T84/><AGARI ba="0,1" hai="4,6,13,16,22,84,91,94" m="38023,48649" machi="84" ten="30,3000,0" yaku="18,1,54,1" doraHai="48" who="0" fromWho="0" sc="250,40,250,-10,240,-10,250,-10" /><INIT seed="0,1,0,5,3,135" ten="290,240,230,240" oya="0" hai0="60,117,27,80,23,54,36,131,28,122,116,67,75" hai1="121,18,132,40,120,13,55,49,134,19,63,98,24" hai2="68,119,128,72,64,25,118,46,123,33,66,53,74" hai3="15,83,76,41,91,59,105,43,48,8,29,17,73"/><T0/><D0/><U99/><E40/><V30/><F123/><N who="1" m="47177" /><E24/><V96/><F128/><W108/><G108/><T3/><D3/><U81/><E63/><N who="2" m="39967" /><F66/><W129/><G129/><T7/><D7/><U125/><E81/><V35/><F35/><W82/><G105/><T114/><D36/><U9/><E19/><V113/><F113/><W22/><G29/><T107/><D131/><U103/><E125/><V47/><F96/><W42/><G59/><T112/><D122/><U90/><E90/><V5/><F5/><W16/><G48/><T85/><D75/><N who="2" m="28714" /><F53/><W31/><G31/><T39/><D39/><U95/><E99/><V111/><F111/><W115/><G115/><T11/><D114/><U109/><E109/><V38/><F38/><W4/><REACH who="3" step="1"/><G22/><REACH who="3" ten="290,240,230,230" step="2"/><N who="0" m="15479" /><D112/><U77/><E134/><V6/><F6/><W104/><G104/><T102/><D107/><U89/><E132/><V94/><F94/><W26/><G26/><T87/><D23/><U37/><E37/><V57/><F57/><W70/><G70/><T58/><D58/><U62/><E49/><V69/><F69/><W2/><G2/><T130/><D130/><U21/><E21/><V10/><F10/><W126/><G126/><T78/><D11/><U44/><E9/><V32/><F32/><W97/><G97/><T106/><D106/><U101/><E13/><V93/><F93/><W92/><G92/><T124/><D124/><U52/><E18/><V51/><F51/><W14/><G14/><T1/><D1/><U65/><E98/><V88/><F33/><W110/><G110/><T61/><D102/><RYUUKYOKU ba="1,1" sc="290,-10,240,-10,230,-10,230,30" hai3="4,8,15,16,17,41,42,43,73,76,82,83,91" /><INIT seed="1,2,1,3,3,116" ten="280,230,220,260" oya="1" hai0="78,96,38,72,80,54,93,27,77,135,4,66,21" hai1="104,53,10,7,65,97,124,111,130,57,127,132,18" hai2="67,55,1,28,87,22,92,109,126,79,56,98,88" hai3="0,32,85,69,35,16,46,36,123,102,86,60,95"/><U24/><E111/><V122/><F122/><W23/><G123/><T34/><D38/><U99/><E130/><V15/><F1/><W121/><G0/><T11/><D135/><U33/><E132/><V103/><F109/><W63/><G121/><T6/><D34/><U90/><E65/><V91/><F126/><N who="1" m="48169" /><E104/><V20/><F67/><W129/><G129/><T41/><D41/><U125/><N who="1" m="48177" /><U108/><DORA hai="71" /><E108/><V133/><F133/><W25/><G69/><T82/><D66/><U37/><E90/><N who="2" m="34347" /><F15/><W107/><G107/><T43/><D43/><U89/><E89/><V47/><F47/><W12/><G36/><T81/><D72/><U110/><E110/><V134/><F28/><W13/><G46/><T83/><D80/><U2/><E37/><V14/><F14/><N who="3" m="5739" /><G35/><T119/><D81/><U84/><E84/><N who="3" m="32362" /><G32/><T115/><D82/><U58/><E58/><V62/><F134/><W49/><G102/><T30/><D83/><AGARI ba="2,1" hai="20,22,55,56,62,79,83,87,92,98,103" m="34347" machi="83" ten="30,2000,0" yaku="8,1,54,1" doraHai="116,71" who="2" fromWho="0" sc="280,-26,230,0,220,36,260,0" /><INIT seed="2,0,0,5,4,53" ten="254,230,256,260" oya="2" hai0="64,81,127,14,43,4,58,117,103,92,8,56,118" hai1="55,128,111,35,63,109,75,15,66,110,65,107,20" hai2="97,41,36,33,74,19,87,80,48,9,94,52,112" hai3="121,135,130,50,57,120,31,100,38,32,67,54,115"/><V133/><F112/><W131/><G38/><T125/><D64/><U2/><E35/><V22/><F33/><W79/><G79/><T42/><D81/><U17/><E2/><V26/><F133/><W45/><G100/><T77/><D77/><U11/><E75/><V27/><F74/><W69/><G31/><T98/><D43/><U86/><E107/><V85/><F9/><W105/><G32/><T99/><D42/><U84/><E128/><N who="3" m="49194" /><G105/><T12/><D99/><U1/><E55/><V126/><F126/><N who="0" m="48138" /><D12/><N who="1" m="9255" /><E1/><V101/><F80/><W134/><G115/><T108/><D108/><U104/><E104/><V18/><F41/><N who="3" m="24879" /><G67/><N who="1" m="25610" /><E63/><V102/><F36/><W82/><G82/><T46/><D46/><U0/><E0/><V124/><F124/><W23/><G23/><T40/><D40/><U34/><E34/><V83/><F83/><W51/><G69/><T78/><D78/><U7/><AGARI ba="0,0" hai="7,11,15,84,86,109,110,111" m="25610,9255" machi="7" ten="40,1500,0" yaku="14,1" doraHai="53" who="1" fromWho="1" sc="254,-4,230,15,256,-7,260,-4" /><INIT seed="3,0,0,1,0,120" ten="250,245,249,256" oya="3" hai0="100,21,86,19,83,82,60,65,98,67,25,36,18" hai1="27,87,128,26,11,43,37,113,114,106,7,30,47" hai2="35,48,111,13,78,118,39,63,94,33,92,75,42" hai3="4,31,51,77,103,116,110,24,99,10,134,56,23"/><W34/><G116/><T50/><D36/><U115/><E106/><V79/><F118/><W97/><G134/><T72/><D72/><U108/><E128/><V76/><F75/><W126/><G126/><T49/><D18/><U88/><E108/><V133/><F39/><W73/><G110/><T61/><D61/><U9/><E7/><V59/><F133/><W119/><G119/><T53/><D82/><U105/><E105/><V17/><F111/><W0/><G77/><T109/><D109/><U16/><E30/><V124/><F124/><W81/><G81/><T45/><D60/><U69/><E69/><V89/><F35/><W71/><G71/><T121/><D121/><U84/><E84/><V130/><F33/><W20/><G73/><T28/><D28/><U131/><E131/><V117/><F117/><W132/><G132/><T74/><D74/><U122/><E122/><V55/><F130/><W101/><G99/><T129/><D50/><U125/><E125/><V135/><F135/><W57/><G103/><T85/><D129/><U62/><E62/><V14/><F89/><W102/><G102/><T58/><D45/><U90/><E90/><V44/><REACH who="2" step="1"/><F13/><REACH who="2" ten="250,245,239,256" step="2"/><W91/><G91/><T70/><D100/><U2/><E2/><V46/><F46/><W64/><G34/><T52/><D70/><U93/><E27/><V104/><F104/><W123/><G123/><T80/><D25/><U5/><E5/><V6/><F6/><W112/><G24/><T96/><D58/><U95/><E95/><V12/><F12/><W54/><G101/><T3/><D3/><RYUUKYOKU ba="0,1" sc="250,-15,245,15,239,15,256,-15" hai1="9,11,16,26,37,43,47,87,88,93,113,114,115" hai2="14,17,42,44,48,55,59,63,76,78,79,92,94" /><INIT seed="4,1,1,0,5,38" ten="235,260,254,241" oya="0" hai0="35,51,131,86,81,12,8,6,15,1,95,93,74" hai1="107,113,24,19,78,104,105,103,125,89,91,132,116" hai2="34,134,7,50,0,99,72,30,135,14,22,71,61" hai3="122,76,26,9,25,40,2,118,126,48,55,33,82"/><T111/><D35/><U66/><E116/><V45/><F72/><W32/><G118/><T47/><D111/><U121/><E121/><V63/><F34/><W60/><G33/><T20/><D74/><U112/><E125/><V79/><F79/><W29/><G126/><T69/><D69/><U13/><E132/><N who="2" m="50731" /><F0/><W49/><G122/><T58/><D58/><U44/><E103/><V85/><F71/><W100/><G100/><T106/><D106/><U18/><E78/><V31/><F85/><W41/><G26/><T84/><D131/><U87/><E66/><V54/><F99/><W102/><G102/><T21/><D1/><U94/><E24/><N who="2" m="16663" /><F31/><W127/><G127/><T23/><D15/><U27/><E27/><V98/><F98/><W96/><G96/><T101/><D101/><U119/><E13/><V73/><F73/><W133/><G133/><T114/><D114/><N who="1" m="44139" /><E119/><V53/><F53/><W36/><G2/><T129/><D129/><U52/><E91/><V70/><F70/><W77/><G77/><N who="0" m="46127" /><D86/><U130/><E130/><V115/><F115/><W97/><G32/><T39/><D39/><U3/><E3/><V124/><F124/><W123/><G36/><T128/><D128/><U56/><E44/><V43/><F54/><AGARI ba="1,1" hai="6,8,12,20,21,23,47,51,54,93,95" m="46127" machi="54" ten="30,1500,0" yaku="8,1" doraHai="38" who="0" fromWho="2" sc="235,28,260,0,254,-18,241,0" /><INIT seed="4,2,0,1,0,52" ten="263,260,236,241" oya="0" hai0="3,28,16,49,70,103,38,25,40,122,93,134,102" hai1="69,91,74,75,106,83,120,124,33,107,13,98,85" hai2="108,73,14,34,130,133,61,84,65,71,43,41,12" hai3="68,46,116,15,77,90,60,95,72,113,97,22,11"/><T31/><D70/><U7/><E13/><N who="2" m="5227" /><F73/><W59/><G116/><T118/><D3/><U111/><E33/><V9/><F34/><W117/><G117/><T8/><D38/><U1/><E69/><V110/><F84/><W18/><G68/><T57/><D134/><U80/><E7/><V115/><F9/><W125/><G113/><T87/><D122/><U42/><E42/><N who="2" m="15883" /><F71/><W112/><G125/><T66/><D118/><U36/><E36/><V101/><F101/><N who="0" m="38410" /><D40/><U92/><E1/><V5/><F61/><W109/><G112/><T62/><D49/><U123/><E111/><N who="2" m="42539" /><F115/><W4/><G109/><T128/><D8/><U23/><E23/><V129/><F133/><W17/><G46/><T29/><D128/><N who="2" m="49258" /><F5/><W44/><G44/><T32/><D32/><U99/><E120/><V39/><F39/><W100/><G100/><T47/><D47/><U121/><E123/><V45/><F45/><W79/><G72/><T54/><D54/><U56/><E121/><V19/><F19/><N who="3" m="7179" /><G22/><N who="0" m="13511" /><D31/><U20/><E74/><V64/><AGARI ba="2,0" hai="64,65" m="49258,42539,15883,5227" machi="64" ten="40,5200,0" yaku="28,2,19,1" doraHai="52" who="2" fromWho="2" sc="263,-28,260,-15,236,58,241,-15" /><INIT seed="5,0,0,1,5,108" ten="235,245,294,226" oya="1" hai0="107,12,37,24,102,63,127,8,47,13,36,32,103" hai1="133,78,25,6,93,94,82,31,2,19,113,114,71" hai2="46,75,20,56,97,59,45,70,74,65,134,132,27" hai3="35,5,105,100,14,44,116,28,64,111,135,0,89"/><U88/><E133/><N who="2" m="51307" /><F70/><W130/><G111/><T125/><D63/><U119/><E119/><V124/><F124/><N who="0" m="47690" /><D107/><U22/><E71/><V83/><F97/><W110/><G110/><T126/><N who="0" m="47698" /><T17/><DORA hai="54" /><D13/><U123/><E123/><V131/><F131/><W85/><G130/><T69/><D69/><U41/><E41/><V26/><F26/><W90/><G0/><T33/><D47/><N who="2" m="17930" /><F65/><W49/><G116/><T66/><D66/><U50/><E94/><V73/><F83/><W9/><G64/><T98/><D98/><U23/><E2/><V11/><F11/><W57/><G135/><T115/><D115/><N who="1" m="44043" /><E6/><V18/><AGARI ba="0,0" hai="18,20,27,56,59,73,74,75" m="17930,51307" machi="18" ten="40,5200,0" yaku="20,1,52,2" doraHai="108,54" who="2" fromWho="2" sc="235,-13,245,-26,294,52,226,-13" owari="222,2.2,219,-18.1,346,44.6,213,-28.7" /></mjloggm>