<mjloggm ver="2.3"><GO type="225" lobby="0"/><UN n0="%E3%83%96%E3%83%83%E3%83%91%E3%82%AA%E3%83%96%E3%83%81%E3%82%AD%E3%83%B3" n1="%E4%B8%8B%E6%AE%B5%E3%83%81%E3%82%A7%E3%83%AA%E3%83%BC" n2="%E3%82%BC%E3%83%AB%E3%83%80%E3%81%AE%E4%BC%9D%E8%AA%AC" n3="%E7%8D%85%E5%AD%90%E5%BA%A7%E3%81%8B%E3%81%A3%E3%81%B4%E3%83%BC" dan="17,16,17,16" rate="2219.58,2128.39,2089.80,2160.23" sx="M,M,M,M"/><TAIKYOKU oya="0"/><INIT seed="0,0,0,3,4,86" ten="250,250,250,250" oya="0" hai0="71,63,108,10,18,61,16,73,110,106,124,117,97" hai1="14,38,6,75,131,74,70,134,11,19,125,98,114" hai2="58,67,49,51,132,78,41,23,122,15,4,20,83" hai3="88,36,111,76,43,94,26,128,69,99,82,96,79"/><T37/><D117/><U120/><E120/><V57/><F132/><W0/><G69/><T115/><D115/><U87/><E70/><V133/><F133/><W92/><G0/><T118/><D118/><U9/><E134/><V55/><F122/><W81/><G36/><T112/><D112/><U85/><E38/><V8/><F67/><W30/><G43/><T109/><D124/><U90/><E114/><V104/><F104/><W59/><G59/><T64/><D37/><U53/><E125/><V102/><F102/><W24/><G30/><T54/><D73/><U52/><E131/><V27/><F27/><W62/><G62/><T123/><D123/><U33/><E33/><V32/><F32/><W45/><G45/><T130/><D130/><U65/><E65/><V2/><F2/><W113/><G128/><T95/><D106/><U12/><E98/><V56/><F41/><W68/><G68/><T80/><D80/><N who="3" m="30825" /><G111/><T44/><D10/><U50/><E50/><N who="2" m="18955" /><F55/><W119/><G119/><T31/><D31/><U5/><E19/><V116/><F116/><W48/><G48/><N who="0" m="28935" /><D61/><U84/><E84/><AGARI ba="0,0" hai="4,8,15,20,23,56,57,58,78,83,84" m="18955" machi="84" ten="30,1000,0" yaku="8,1" doraHai="86" who="2" fromWho="1" sc="250,0,250,-10,250,10,250,0" /><INIT seed="1,0,0,1,5,50" ten="250,240,260,250" oya="1" hai0="79,100,66,135,3,96,92,99,65,12,121,134,52" hai1="111,102,76,89,122,88,44,14,21,55,61,31,41" hai2="35,47,77,0,62,86,104,11,1,59,18,83,78" hai3="112,107,29,46,117,129,67,42,125,94,120,81,25"/><U49/><E122/><V114/><F104/><W123/><G107/><T87/><D3/><U118/><E118/><V110/><F35/><W53/><G112/><T48/><D121/><U74/><E111/><V22/><F110/><W126/><G117/><T9/><D96/><U119/><E119/><V15/><F114/><W43/><G67/><T54/><D87/><U103/><E76/><V30/><F47/><W13/><G13/><T90/><D79/><U98/><E74/><V72/><F72/><W8/><G8/><T63/><D100/><N who="1" m="38443" /><E98/><V4/><F30/><W56/><G94/><T68/><D66/><U57/><E14/><V17/><F77/><W26/><G81/><T73/><D73/><U106/><E106/><V58/><F58/><W84/><G84/><T20/><D20/><U127/><E127/><V82/><BYE who="3" /><F82/><W95/><G95/><T105/><D105/><U91/><E21/><V36/><F36/><W71/><G71/><T85/><D99/><U51/><E31/><V39/><F39/><W2/><G2/><T64/><D64/><U131/><E131/><V40/><F40/><W38/><G38/><T101/><D101/><U10/><E10/><V28/><F0/><UN n3="%E7%8D%85%E5%AD%90%E5%BA%A7%E3%81%8B%E3%81%A3%E3%81%B4%E3%83%BC" /><W45/><G129/><T23/><D23/><U37/><E37/><V133/><F133/><N who="0" m="50698" /><D48/><U70/><E70/><V93/><F93/><W128/><G128/><T32/><D32/><U80/><E51/><V75/><F75/><W5/><G123/><T19/><AGARI ba="0,0" hai="9,12,19,52,54,63,65,68,85,90,92" m="50698" machi="19" ten="30,7900,0" yaku="20,1,52,2,54,1" doraHai="50" who="0" fromWho="0" sc="250,79,240,-39,260,-20,250,-20" /><INIT seed="2,0,0,0,0,134" ten="329,201,240,230" oya="2" hai0="33,26,124,128,85,106,87,54,30,50,20,7,2" hai1="93,19,36,88,115,135,69,132,18,65,111,32,15" hai2="114,121,46,24,112,59,27,105,12,78,84,1,47" hai3="129,77,99,103,94,8,71,95,72,5,74,104,125"/><V25/><F1/><W90/><G71/><T118/><D106/><U10/><E115/><V6/><F105/><W17/><G17/><T107/><D107/><U35/><E36/><V22/><F121/><W28/><G28/><T86/><D128/><U64/><E111/><V119/><F119/><W70/><G70/><T76/><D118/><U131/><E131/><V62/><F114/><W133/><G133/><N who="1" m="51274" /><E19/><N who="2" m="10599" /><F6/><W41/><G41/><T49/><D49/><U81/><E81/><N who="2" m="47159" /><F112/><W97/><G129/><T126/><D33/><N who="1" m="12875" /><E69/><V120/><F120/><W83/><G8/><T60/><D60/><U55/><E55/><AGARI ba="0,0" hai="24,25,27,46,47,55,59,62" m="47159,10599" machi="55" ten="30,1500,0" yaku="8,1" doraHai="134" who="2" fromWho="1" sc="329,0,201,-15,240,15,230,0" /><INIT seed="2,1,0,2,2,101" ten="329,186,255,230" oya="2" hai0="116,56,100,129,107,52,118,120,44,29,40,8,3" hai1="93,113,46,7,130,11,6,13,91,1,97,72,49" hai2="54,51,39,90,99,17,25,47,109,88,117,38,33" hai3="22,115,112,20,41,53,128,12,98,62,105,124,131"/><V71/><F117/><N who="0" m="45162" /><D120/><U76/><E130/><N who="3" m="49706" /><G41/><T126/><D129/><U48/><E113/><N who="3" m="43594" /><G124/><T64/><D126/><U37/><E7/><V92/><F71/><W106/><G98/><N who="0" m="61847" /><D29/><U78/><E78/><V31/><F109/><W110/><G110/><T34/><D34/><U21/><E21/><N who="3" m="8298" /><G12/><T122/><D122/><U87/><E13/><V15/><REACH who="2" step="1"/><F90/><REACH who="2" ten="329,186,245,230" step="2"/><W103/><G103/><T43/><D3/><U59/><E1/><V32/><F32/><W135/><G135/><T36/><D36/><U55/><E37/><V95/><F95/><W79/><G79/><T9/><D43/><U133/><E133/><V57/><F57/><AGARI ba="1,1" hai="53,57,62,105,106" m="8298,43594,49706" machi="57" ten="40,8000,1" yaku="19,1,11,1,52,2" doraHai="101" who="3" fromWho="2" sc="329,0,186,0,245,-83,230,93" /><INIT seed="3,0,0,1,3,128" ten="329,186,162,323" oya="3" hai0="64,61,90,89,133,57,122,60,104,87,48,105,75" hai1="62,114,85,67,106,50,41,33,38,19,119,80,30" hai2="123,83,24,53,102,58,93,72,68,65,4,73,54" hai3="15,115,124,1,107,56,32,31,69,23,121,101,52"/><W77/><G69/><T71/><D122/><U9/><E106/><V37/><F123/><W91/><G121/><T34/><D75/><U131/><E114/><V81/><F37/><W7/><G115/><T134/><D34/><U84/><E131/><V82/><F4/><W129/><G77/><T35/><D35/><U112/><E112/><V11/><F11/><N who="3" m="2543" /><G91/><T6/><D48/><U20/><E38/><V109/><F109/><W94/><G107/><T8/><D104/><U5/><E119/><V132/><F68/><W66/><G66/><T70/><D105/><U40/><E30/><V17/><F65/><W76/><G76/><T59/><D6/><U18/><E33/><V55/><F132/><N who="0" m="50794" /><D8/><U79/><E85/><V127/><F127/><W0/><G124/><T39/><D39/><U2/><E50/><V126/><F126/><W25/><G0/><T21/><D21/><U12/><E19/><V10/><F72/><W27/><G129/><T135/><N who="0" m="50802" /><T43/><DORA hai="117" /><D43/><U78/><E78/><V47/><F73/><W97/><G27/><T99/><D99/><U92/><E2/><V13/><F24/><W14/><G32/><T116/><D90/><U29/><E29/><V63/><REACH who="2" step="1"/><F47/><REACH who="2" ten="329,186,152,323" step="2"/><W88/><G101/><T95/><D116/><U28/><E28/><V22/><F22/><W103/><G103/><T45/><D45/><U49/><E92/><V110/><F110/><W74/><G74/><T36/><D36/><U111/><E111/><V130/><F130/><W44/><G44/><T120/><D120/><U86/><E20/><V118/><F118/><RYUUKYOKU ba="0,1" sc="329,10,186,-30,152,10,323,10" hai0="57,59,60,61,64,70,71,87,89,95" hai2="10,13,17,53,54,55,58,63,81,82,83,93,102" hai3="14,15,23,25,31,52,56,88,94,97" /><INIT seed="3,1,1,1,5,106" ten="339,156,162,333" oya="3" hai0="84,73,97,16,134,91,15,22,135,63,90,89,120" hai1="121,25,13,51,4,55,31,83,24,125,99,38,107" hai2="64,71,26,9,43,126,85,113,66,78,88,41,53" hai3="42,27,49,56,119,17,58,30,20,98,19,32,7"/><W47/><G119/><T34/><D120/><U18/><E38/><V68/><F113/><W2/><G17/><T12/><D34/><U52/><E121/><V60/><F78/><W82/><G98/><T37/><D37/><U94/><E125/><V133/><F126/><W39/><G49/><T101/><D73/><U23/><E107/><V44/><F133/><N who="0" m="50698" /><D63/><U21/><E83/><V123/><F123/><W10/><G82/><N who="0" m="49303" /><D12/><AGARI ba="1,1" hai="2,7,10,12,19,20,27,30,32,39,42,47,56,58" machi="12" ten="30,5800,0" yaku="7,1,24,2" doraHai="106" who="3" fromWho="0" sc="339,-61,156,0,162,0,333,71" owari="278,7.8,156,-34.4,162,-23.8,404,50.4" /></mjloggm>