<mjloggm ver="2.3"><GO type="225" lobby="0"/><UN n0="%E3%83%B4%E3%83%A0%EF%BC%99%E3%81%A6" n1="%E8%A8%88%E7%AE%97%E6%A9%9F%E8%87%AA%E7%84%B6" n2="%E5%91%A8%E6%9D%B1" n3="%E3%82%BC%E3%83%AB%E3%83%80%E3%81%AE%E4%BC%9D%E8%AA%AC" dan="17,17,16,17" rate="2154.30,2147.46,2205.16,2127.61" sx="M,M,M,M"/><TAIKYOKU oya="0"/><INIT seed="0,0,0,1,1,135" ten="250,250,250,250" oya="0" hai0="57,93,69,4,8,83,127,78,132,34,71,80,18" hai1="133,28,21,60,107,19,10,122,70,6,119,52,91" hai2="100,43,36,48,55,59,89,11,46,3,134,14,13" hai3="88,74,118,35,1,128,45,105,123,53,16,9,12"/><T112/><D112/><U90/><E119/><V40/><F134/><W121/><G118/><T116/><D116/><U82/><E122/><N who="3" m="46602" /><G74/><T81/><D132/><U17/><E107/><V26/><F100/><W0/><G105/><T126/><D78/><U99/><E70/><V92/><F43/><W68/><G68/><T117/><D117/><U125/><E28/><V39/><F26/><W15/><G53/><T77/><D77/><U98/><E17/><V62/><F3/><N who="3" m="1099" /><G45/><T73/><D73/><U31/><E52/><V95/><F14/><N who="3" m="7247" /><G128/><T102/><D57/><U86/><E60/><V103/><F103/><W47/><G47/><T97/><D34/><U32/><E32/><V115/><F115/><W37/><G37/><T2/><D18/><U101/><E19/><V111/><F39/><W30/><G88/><T131/><D131/><U44/><E90/><V87/><F36/><W24/><AGARI ba="0,0" hai="12,15,24,30,35" m="7247,1099,46602" machi="24" ten="40,8000,1" yaku="13,1,34,2,54,1" doraHai="135" who="3" fromWho="3" sc="250,-40,250,-20,250,-20,250,80" /><INIT seed="1,0,0,1,0,29" ten="210,230,230,330" oya="1" hai0="129,44,101,15,70,103,22,24,40,134,79,115,10" hai1="114,47,35,18,63,80,99,62,123,130,131,107,65" hai2="27,73,133,89,57,88,46,118,38,51,30,1,109" hai3="100,50,126,84,32,37,6,28,53,58,41,16,0"/><U20/><E123/><V59/><F118/><W112/><G112/><T110/><D115/><U92/><E107/><V85/><F73/><W49/><G126/><T93/><D70/><U21/><E114/><V81/><F1/><W33/><G28/><T45/><D110/><U122/><E122/><V2/><F2/><W120/><G120/><T117/><D117/><U90/><E35/><V26/><F109/><W95/><G37/><T56/><D134/><U4/><E4/><V132/><F38/><W19/><G0/><T87/><D129/><N who="1" m="49163" /><E47/><V96/><F26/><W55/><G41/><T54/><D45/><U125/><E125/><V116/><F116/><W102/><G6/><T111/><D111/><U14/><E80/><V113/><F113/><W3/><G3/><T127/><D44/><U104/><E104/><V43/><F133/><W69/><G69/><T67/><D40/><U71/><E62/><V106/><F132/><W83/><G33/><T76/><D127/><U66/><E66/><V17/><F17/><N who="3" m="6731" /><G32/><T68/><D68/><U39/><E39/><V52/><F43/><W75/><G75/><T121/><D121/><U7/><E7/><V91/><F106/><W77/><G95/><T31/><D93/><U135/><E135/><V61/><F61/><W5/><G5/><T23/><D24/><U78/><E20/><N who="2" m="15719" /><F96/><W105/><G105/><T12/><D23/><U64/><E64/><V98/><F98/><W119/><G119/><T74/><D22/><U8/><E21/><V11/><F11/><W82/><G82/><N who="0" m="47559" /><D67/><U48/><E48/><V124/><F124/><RYUUKYOKU ba="0,0" sc="210,-30,230,10,230,10,330,10" hai1="8,14,18,63,65,71,78,90,92,99" hai2="46,51,52,57,59,81,85,88,89,91" hai3="49,50,53,55,58,77,83,84,100,102" /><INIT seed="1,1,0,4,2,29" ten="180,240,240,340" oya="1" hai0="128,108,110,62,30,94,41,16,25,56,37,3,83" hai1="33,123,92,10,90,87,66,100,34,91,134,101,79" hai2="102,53,5,58,8,19,52,114,15,35,44,50,103" hai3="22,18,120,118,115,69,113,64,117,1,131,107,14"/><U89/><E123/><V133/><F133/><W20/><G107/><T129/><D3/><U85/><E134/><V71/><F71/><W96/><G96/><T11/><D83/><U40/><E66/><V119/><F119/><N who="3" m="45579" /><G120/><T46/><D94/><U130/><E40/><V135/><F135/><W24/><G1/><T59/><D59/><U32/><E130/><N who="0" m="50281" /><D11/><U95/><E79/><V126/><F126/><W99/><G99/><T0/><D0/><U47/><E47/><V65/><F114/><W84/><G84/><N who="1" m="32330" /><E10/><V23/><F65/><W51/><G51/><T77/><D77/><U127/><E127/><V121/><F35/><W27/><G131/><T72/><D72/><U111/><E111/><N who="0" m="42537" /><D30/><U57/><E57/><V109/><F121/><W76/><G76/><T26/><D56/><U75/><E75/><V13/><REACH who="2" step="1"/><F109/><REACH who="2" ten="180,240,230,340" step="2"/><W122/><G122/><T80/><D80/><U73/><E73/><V12/><F12/><W9/><G69/><T63/><D26/><N who="3" m="9769" /><G64/><T88/><D25/><U61/><E61/><AGARI ba="1,1" hai="5,8,13,15,19,23,44,50,52,53,58,61,102,103" machi="61" ten="30,7700,0" yaku="1,1,7,1,8,1,54,1,53,0" doraHai="29" doraHaiUra="28" who="2" fromWho="1" sc="180,0,240,-80,230,90,340,0" /><INIT seed="2,0,0,0,5,71" ten="180,160,320,340" oya="2" hai0="36,115,13,5,4,117,51,70,59,35,109,33,24" hai1="19,81,116,25,10,96,122,86,85,104,12,50,21" hai2="34,14,29,20,61,45,27,118,98,37,125,22,26" hai3="17,79,112,103,58,123,9,64,55,49,15,40,132"/><V72/><F118/><W23/><G123/><T124/><D115/><U3/><E116/><V16/><F125/><W47/><G112/><T76/><D117/><U134/><E134/><V131/><F131/><W42/><G132/><T74/><D70/><U30/><E122/><V126/><F126/><W88/><G103/><T95/><D124/><U94/><E104/><V63/><F72/><W57/><G79/><T68/><D68/><U121/><E121/><V60/><F98/><W83/><G23/><T38/><D95/><U66/><E3/><V56/><F45/><W99/><G99/><T39/><D109/><U6/><E66/><V102/><F37/><W120/><G120/><T75/><D75/><U127/><E127/><V92/><F92/><W8/><G8/><T43/><D24/><U67/><E67/><V93/><F93/><W11/><G11/><T110/><D110/><U18/><E50/><V89/><F89/><W105/><G105/><T129/><D129/><U119/><E119/><V135/><F102/><W7/><G7/><N who="0" m="2635" /><D13/><U78/><REACH who="1" step="1"/><E86/><REACH who="1" ten="180,150,320,340" step="2"/><V54/><REACH who="2" step="1"/><F135/><REACH who="2" ten="180,150,310,340" step="2"/><W65/><G47/><T52/><D43/><U130/><E130/><V2/><F2/><W100/><G42/><T84/><D74/><U101/><AGARI ba="0,2" hai="6,10,12,18,19,21,25,30,78,81,85,94,96,101" machi="101" ten="20,8000,1" yaku="1,1,0,1,7,1,8,1,53,1" doraHai="71" doraHaiUra="80" who="1" fromWho="1" sc="180,-20,150,100,310,-40,340,-20" /><INIT seed="3,0,0,0,1,2" ten="160,250,270,320" oya="3" hai0="119,92,130,21,75,59,43,65,11,117,120,97,27" hai1="125,70,100,69,74,57,77,28,88,23,36,95,79" hai2="114,87,7,25,67,53,18,81,104,61,44,4,31" hai3="102,90,121,101,133,134,56,99,128,106,118,48,58"/><W35/><G121/><T107/><D107/><U42/><E100/><V109/><F104/><W84/><G118/><T1/><D130/><U55/><E125/><V6/><F114/><W22/><G35/><T0/><D120/><U127/><E127/><V113/><F113/><W24/><G101/><T80/><D43/><U34/><E34/><V13/><F109/><W45/><G128/><T37/><D37/><U33/><E33/><V10/><F44/><W17/><G133/><T89/><D0/><U94/><E94/><V30/><F53/><W108/><G108/><T131/><D131/><U66/><E28/><V32/><F31/><W49/><G49/><T135/><D135/><U54/><E23/><V129/><F129/><W96/><G134/><T46/><D46/><U124/><E54/><V29/><F29/><W115/><G115/><T83/><D75/><U12/><E12/><V78/><F18/><W85/><G85/><T116/><D21/><U91/><E74/><V110/><F110/><W38/><G38/><T26/><D26/><U50/><E91/><V3/><F3/><W60/><G60/><T47/><D47/><N who="1" m="24007" /><E124/><V9/><F9/><W40/><G96/><T64/><D27/><U16/><E69/><AGARI ba="0,0" hai="4,6,7,10,13,25,30,32,61,67,69,78,81,87" machi="69" ten="30,7700,0" yaku="7,1,52,3" doraHai="2" who="2" fromWho="1" sc="160,0,250,-77,270,77,320,0" owari="160,-34.0,173,-22.7,347,44.7,320,12.0" /></mjloggm>