<mjloggm ver="2.3"><GO type="225" lobby="0"/><UN n0="%E8%81%B7%E6%A5%AD%E3%80%81%E9%A2%A8%32" n1="%E3%83%96%E3%83%83%E3%83%91%E3%82%AA%E3%83%96%E3%83%81%E3%82%AD%E3%83%B3" n2="%E6%B4%BE%E9%81%A3%E3%81%AE%E3%82%B8%E3%83%A3%E3%83%83%E3%82%AF" n3="%4B%2E%32%2E%4B%2E" dan="16,16,17,16" rate="2153.99,2188.99,2189.63,2181.12" sx="M,M,M,M"/><TAIKYOKU oya="0"/><INIT seed="0,0,0,2,5,63" ten="250,250,250,250" oya="0" hai0="85,115,52,106,29,12,40,56,11,118,66,41,130" hai1="47,2,32,134,76,58,124,46,1,79,65,88,93" hai2="95,20,78,31,81,113,22,126,91,62,25,103,132" hai3="109,77,4,18,51,33,48,86,128,97,59,104,16"/><T94/><D118/><U39/><E32/><V125/><F113/><W122/><G33/><T96/><D115/><U26/><E134/><V112/><F112/><W57/><G109/><T13/><D106/><U101/><E124/><N who="2" m="47723" /><F132/><W100/><G128/><T0/><D130/><U75/><E75/><N who="2" m="43231" /><F103/><W54/><G122/><T7/><D29/><U61/><E39/><V27/><F62/><W34/><G34/><T105/><D105/><U110/><E110/><V116/><F116/><W117/><G117/><T5/><D85/><N who="1" m="52367" /><E1/><V135/><F135/><W73/><G73/><T72/><D72/><U17/><E2/><V64/><F91/><W121/><G4/><N who="0" m="1611" /><D0/><U50/><E101/><V84/><F84/><W123/><G123/><T43/><D66/><U108/><E108/><V23/><F95/><W28/><G28/><T10/><D94/><U120/><E120/><V102/><F102/><W15/><G121/><T53/><D96/><U14/><E26/><N who="2" m="9739" /><F31/><W70/><G70/><T45/><D12/><U9/><E47/><V82/><F82/><W6/><G86/><T42/><D13/><U44/><E46/><V55/><F55/><AGARI ba="0,0" hai="9,14,17,44,50,55,58,61,65,76,79" m="52367" machi="55" ten="30,3900,0" yaku="8,1,52,1,54,1" doraHai="63" who="1" fromWho="2" sc="250,0,250,39,250,-39,250,0" /><INIT seed="1,0,0,0,2,78" ten="250,289,211,250" oya="1" hai0="47,135,30,62,72,40,129,39,131,57,107,96,116" hai1="50,106,112,92,119,43,20,2,98,32,108,84,127" hai2="70,104,54,102,64,105,58,100,67,75,37,25,126" hai3="44,113,79,19,87,115,41,77,8,66,95,114,111"/><U26/><E112/><V31/><F37/><W10/><G111/><T124/><D116/><U33/><E119/><V18/><F75/><W110/><G110/><T55/><D72/><U69/><E108/><V118/><F118/><W24/><G66/><T94/><D107/><U49/><E69/><V89/><F126/><W86/><G24/><T97/><D124/><U12/><E2/><V22/><F104/><W13/><G8/><T120/><D135/><U36/><E127/><V60/><F105/><W123/><G123/><T117/><D117/><U128/><E12/><V35/><F89/><W6/><G19/><T4/><D120/><U3/><E3/><V0/><F0/><W23/><G23/><T130/><D4/><U14/><E128/><V34/><F67/><W71/><G71/><T68/><D30/><U93/><E14/><V38/><F38/><W99/><G79/><T59/><D68/><U16/><E36/><V101/><REACH who="2" step="1"/><F31/><REACH who="2" ten="250,289,201,250" step="2"/><W46/><G77/><T1/><D1/><U74/><E74/><V21/><F21/><W121/><G121/><T81/><D129/><U63/><E106/><V103/><N who="2" m="25600" /><DORA hai="90" /><V45/><F45/><W61/><G46/><T56/><D130/><U133/><E20/><V5/><F5/><W73/><G73/><T122/><D47/><U9/><E33/><V53/><F53/><W109/><G109/><T52/><D55/><U48/><E32/><V65/><F65/><W134/><G44/><T125/><D125/><U7/><E7/><V91/><F91/><W80/><G6/><T76/><D131/><U27/><E43/><RYUUKYOKU ba="0,1" sc="250,-10,289,-10,201,30,250,-10" hai2="18,22,25,34,35,54,58,60,64,70" /><INIT seed="2,1,1,5,5,91" ten="240,279,231,240" oya="2" hai0="92,0,20,108,50,105,77,4,12,63,72,87,11" hai1="133,48,7,81,116,65,44,35,38,80,132,94,32" hai2="127,17,119,62,95,88,78,68,126,128,61,114,122" hai3="3,120,115,106,43,66,89,58,31,123,129,102,135"/><V64/><F122/><W67/><G3/><T9/><D108/><U52/><E116/><V110/><F119/><W33/><G129/><T45/><D105/><U28/><E65/><V36/><F114/><W54/><G115/><T86/><D20/><U98/><E38/><V8/><F36/><W118/><G118/><T40/><D63/><U30/><E7/><V56/><F128/><W69/><G135/><N who="1" m="51786" /><E30/><V71/><F78/><W131/><G131/><T101/><D72/><U90/><E28/><V76/><F76/><W113/><G113/><T42/><D42/><U22/><E22/><V10/><F110/><W85/><G43/><T2/><D77/><U55/><E55/><N who="2" m="33951" /><F17/><W112/><G112/><T53/><D40/><U47/><E47/><V49/><F49/><W25/><G67/><T124/><D124/><N who="2" m="47658" /><F71/><W34/><G69/><T16/><REACH who="0" step="1"/><D2/><REACH who="0" ten="230,279,231,240" step="2"/><U14/><E14/><V93/><F93/><W103/><G120/><T15/><D15/><U19/><E19/><V74/><F74/><W75/><G75/><T109/><D109/><U70/><E70/><V99/><AGARI ba="1,2" hai="8,10,62,64,68,88,95,99" m="47658,33951" machi="99" ten="30,6000,0" yaku="18,1,52,1,54,1" doraHai="91" who="2" fromWho="2" sc="230,-21,279,-21,231,83,240,-21" /><INIT seed="2,2,0,1,1,90" ten="209,258,314,219" oya="2" hai0="87,91,7,71,109,110,41,111,105,51,53,97,95" hai1="42,22,49,126,30,72,40,82,24,84,94,33,103" hai2="96,69,74,80,23,61,106,15,35,36,8,89,20" hai3="0,18,86,117,27,44,39,83,122,119,43,108,116"/><V77/><F35/><W128/><G122/><T16/><D71/><U37/><E126/><V112/><F112/><W66/><G0/><T123/><D123/><U76/><E37/><V47/><F106/><W2/><G2/><T127/><D127/><U3/><E3/><V135/><F135/><W118/><G108/><T102/><D7/><U10/><E10/><V92/><F69/><W99/><G128/><T88/><D41/><U65/><E65/><V129/><F129/><W59/><G119/><T113/><D113/><U6/><E6/><V132/><F132/><W100/><G18/><T17/><D91/><U114/><E114/><V32/><F32/><W55/><G27/><T56/><AGARI ba="2,0" hai="16,17,51,53,56,87,88,95,97,102,105,109,110,111" machi="56" ten="30,8000,1" yaku="0,1,14,1,52,1,54,2" doraHai="90" who="0" fromWho="0" sc="209,86,258,-22,314,-42,219,-22" /><INIT seed="3,0,0,0,4,116" ten="295,236,272,197" oya="3" hai0="4,124,56,123,98,27,37,26,30,125,69,48,10" hai1="39,15,60,128,113,107,19,68,47,85,80,108,86" hai2="9,23,50,77,75,42,64,21,32,71,7,82,52" hai3="54,133,91,46,121,101,114,134,135,90,11,111,88"/><W109/><G114/><T55/><D123/><U41/><E113/><V36/><F32/><W126/><G126/><N who="0" m="48747" /><D69/><U74/><E108/><N who="3" m="41546" /><G121/><T78/><D37/><U1/><E107/><V72/><F72/><W62/><G101/><T76/><D98/><U40/><E128/><V18/><F18/><W29/><G29/><T130/><D130/><U118/><E118/><V59/><F71/><W96/><G11/><T95/><D95/><U115/><E115/><V106/><F106/><W0/><G0/><N who="0" m="263" /><D26/><U45/><E1/><N who="2" m="239" /><F64/><W119/><G119/><T65/><D65/><U28/><E28/><V57/><F57/><N who="3" m="35127" /><G46/><AGARI ba="0,0" hai="21,23,36,42,46,50,52,59,75,77,82" m="239" machi="46" ten="30,2000,0" yaku="25,1,54,1" doraHai="116" who="2" fromWho="3" sc="295,0,236,0,272,20,197,-20" /><INIT seed="4,0,0,5,5,83" ten="295,236,292,177" oya="0" hai0="130,57,17,29,19,122,75,14,58,46,106,67,94" hai1="82,114,2,16,72,86,97,105,121,10,11,9,118" hai2="115,49,120,96,100,93,6,64,65,4,116,108,7" hai3="110,124,81,76,24,66,87,104,33,56,40,117,129"/><T21/><D106/><U102/><E118/><V77/><F108/><W119/><G110/><T133/><D122/><U26/><E121/><V91/><F120/><W25/><G104/><T126/><D126/><U13/><E114/><V27/><F115/><W48/><G124/><T51/><D130/><U37/><E37/><V99/><F116/><W62/><G129/><T112/><D112/><U55/><E72/><V134/><F134/><W123/><G123/><T42/><D75/><U15/><E2/><V43/><F77/><W113/><G113/><T53/><D133/><U71/><E71/><V0/><F0/><W111/><G24/><N who="0" m="16527" /><D94/><N who="1" m="58679" /><E55/><V22/><F43/><W78/><G111/><T59/><D67/><N who="2" m="25674" /><F49/><W38/><G38/><T131/><D131/><U89/><E105/><V8/><F8/><N who="1" m="2049" /><U103/><DORA hai="80" /><E103/><V44/><F44/><W18/><G76/><T35/><D35/><U23/><AGARI ba="0,0" hai="13,15,16,23,26,82,86,89" m="2049,58679" machi="23" ten="40,8000,1" yaku="8,1,52,2,54,1" doraHai="83,80" who="1" fromWho="1" sc="295,-40,236,80,292,-20,177,-20" owari="255,-14.5,316,41.6,272,7.2,157,-34.3" /></mjloggm>