<mjloggm ver="2.3"><GO type="225" lobby="0"/><UN n0="%E4%BF%BA%E3%81%A8%E5%A6%96%E5%A4%A2" n1="%72%69%6F%75%63%68%61%6E" n2="%E3%83%B4%E3%83%A0%EF%BC%99%E3%81%A6" n3="%E6%98%93%E5%88%A9%E8%96%A9%E4%BC%AF" dan="16,16,16,17" rate="2138.17,2181.98,2183.23,2185.46" sx="F,M,M,F"/><TAIKYOKU oya="0"/><INIT seed="0,0,0,4,1,101" ten="250,250,250,250" oya="0" hai0="60,135,122,23,3,120,83,7,98,85,13,89,34" hai1="74,38,117,127,8,18,115,132,19,66,71,53,99" hai2="39,16,33,91,130,32,30,97,109,5,121,81,104" hai3="35,63,9,82,124,65,93,84,79,46,27,31,87"/><T0/><D135/><U108/><E117/><V12/><F121/><W6/><G124/><T114/><D114/><U42/><E74/><V15/><F39/><W57/><G46/><T61/><D34/><U45/><E132/><V129/><F109/><W51/><G51/><T116/><D116/><U95/><E108/><V123/><F123/><W88/><G9/><T58/><D60/><U86/><E127/><V50/><F5/><W119/><REACH who="3" step="1"/><G6/><REACH who="3" ten="250,250,250,240" step="2"/><T2/><D7/><U37/><E38/><V78/><F50/><W131/><G131/><T20/><D120/><U25/><E8/><V49/><F49/><W92/><G92/><T48/><D122/><U24/><E115/><V67/><F130/><W126/><G126/><T107/><D48/><U1/><E45/><V100/><F129/><W22/><G22/><T118/><D118/><AGARI ba="0,1" hai="27,31,35,57,63,65,79,82,84,87,88,93,118,119" machi="118" ten="40,2600,0" yaku="1,1,54,1,53,0" doraHai="101" doraHaiUra="111" who="3" fromWho="0" sc="250,-26,250,0,250,0,240,36" /><INIT seed="1,0,0,2,3,40" ten="224,250,250,276" oya="1" hai0="128,55,20,35,47,0,115,9,87,39,106,132,101" hai1="84,80,79,109,96,23,49,103,66,124,22,119,74" hai2="91,100,69,83,133,95,117,89,25,131,12,68,76" hai3="94,81,90,123,135,7,134,5,125,54,116,11,36"/><U129/><E119/><V19/><F117/><W46/><G123/><T28/><D115/><U32/><E124/><V65/><F131/><W99/><G116/><T24/><D128/><U13/><E129/><V17/><F133/><N who="3" m="50699" /><G125/><T33/><D132/><U111/><E32/><V67/><F100/><W41/><G11/><T63/><D101/><U73/><E66/><V27/><F83/><W71/><G71/><T45/><D106/><U4/><E49/><V18/><F12/><W118/><G118/><T62/><D87/><U78/><E4/><V75/><F76/><N who="1" m="29225" /><E13/><V121/><F17/><W38/><G38/><T72/><D72/><N who="1" m="27755" /><E22/><V16/><F18/><W70/><G70/><T86/><D39/><U112/><E23/><V120/><F75/><W108/><G108/><N who="1" m="41546" /><E112/><V52/><F95/><W58/><G81/><T114/><D114/><U6/><E6/><V30/><F30/><W31/><G31/><T122/><D0/><U104/><E80/><V126/><F126/><W130/><G130/><T51/><D9/><U1/><E1/><V43/><F43/><W37/><G37/><T127/><D127/><U53/><E53/><AGARI ba="0,0" hai="16,19,25,27,52,53,65,67,68,69,89,91,120,121" machi="53" ten="25,6400,0" yaku="22,2,54,2" doraHai="40" who="2" fromWho="1" sc="224,0,250,-64,250,64,276,0" /><INIT seed="2,0,0,0,2,122" ten="224,186,314,276" oya="2" hai0="66,30,53,14,23,82,2,125,118,3,42,120,34" hai1="41,39,51,18,113,134,88,117,25,57,5,20,6" hai2="79,36,86,69,33,128,19,27,21,107,11,44,102" hai3="15,0,92,129,49,123,12,106,96,116,10,26,77"/><V72/><F128/><W37/><G123/><T47/><D120/><U24/><E113/><V55/><F69/><W56/><G37/><T59/><D125/><U76/><E117/><V71/><F71/><W121/><G121/><T85/><D118/><U17/><E134/><V67/><F67/><W101/><G129/><T61/><D34/><U48/><E76/><V127/><F127/><W9/><G77/><T32/><D32/><U64/><E39/><V38/><F72/><W60/><G49/><T40/><D66/><U52/><E64/><V108/><F33/><W81/><G81/><T132/><D132/><U54/><E41/><V131/><F131/><W100/><G26/><T45/><D40/><U91/><E20/><V58/><F44/><W93/><G0/><T94/><D94/><U4/><E4/><V115/><F115/><W119/><G106/><T22/><D22/><U63/><E57/><V103/><F11/><W80/><G80/><T105/><D105/><U1/><E1/><V70/><F70/><W35/><G35/><T104/><D104/><U99/><E99/><V84/><F107/><W110/><G56/><T46/><D42/><U83/><E83/><V126/><F126/><W130/><G130/><T16/><REACH who="0" step="1"/><D30/><REACH who="0" ten="214,186,314,276" step="2"/><U135/><E135/><V50/><F21/><W98/><G119/><T90/><AGARI ba="0,1" hai="2,3,14,16,23,45,46,47,53,59,61,82,85,90" machi="90" ten="30,7900,0" yaku="1,1,2,1,0,1,54,1,53,0" doraHai="122" doraHaiUra="95" who="0" fromWho="0" sc="214,89,186,-20,314,-39,276,-20" /><INIT seed="3,0,0,4,1,90" ten="303,166,275,256" oya="3" hai0="23,9,6,76,54,5,55,32,122,118,35,36,127" hai1="28,60,84,26,99,115,103,45,46,73,125,27,65" hai2="86,20,12,0,106,42,120,44,64,133,116,71,3" hai3="97,72,126,75,18,135,88,132,134,68,66,29,39"/><W108/><G39/><T112/><D118/><U104/><E115/><V87/><F116/><W1/><G1/><T96/><D122/><U31/><E73/><N who="3" m="28234" /><G29/><T69/><D112/><U53/><E125/><V56/><F71/><W21/><G126/><T25/><D69/><U79/><E79/><V93/><F106/><W95/><G108/><T110/><D36/><U51/><E84/><V62/><F120/><W123/><G123/><T119/><D76/><U114/><E114/><V11/><F20/><W91/><G68/><T2/><D6/><U57/><REACH who="1" step="1"/><E45/><REACH who="1" ten="303,156,275,256" step="2"/><V113/><F86/><W94/><G66/><T67/><D67/><U37/><E37/><V98/><F87/><N who="3" m="52511" /><G21/><T10/><D127/><U130/><E130/><V16/><F113/><W47/><G47/><T74/><D23/><U111/><E111/><V102/><F44/><W49/><G49/><T41/><D110/><U24/><AGARI ba="0,1" hai="24,26,27,28,31,46,51,53,57,60,65,99,103,104" machi="24" ten="30,4000,0" yaku="1,1,0,1,53,1" doraHai="90" doraHaiUra="50" who="1" fromWho="1" sc="303,-10,156,50,275,-10,256,-20" /><INIT seed="4,0,0,5,2,1" ten="293,206,265,236" oya="0" hai0="85,55,118,112,84,125,61,19,77,47,37,58,56" hai1="50,60,36,135,93,107,3,14,30,63,87,109,33" hai2="13,27,40,105,6,128,32,29,82,18,132,57,54" hai3="95,101,25,75,49,88,90,100,113,119,72,86,2"/><T110/><D118/><U130/><E109/><V102/><F128/><W97/><G2/><T64/><D110/><U15/><E3/><V10/><F132/><W45/><G25/><T124/><D112/><U80/><E107/><V81/><F40/><W114/><G119/><T99/><D99/><U28/><E36/><V116/><F116/><W104/><G49/><N who="0" m="30831" /><D77/><U12/><E130/><V8/><F102/><W11/><G11/><T59/><D59/><U74/><E135/><V89/><F105/><W51/><G51/><T48/><D37/><U106/><E106/><V41/><F41/><W22/><G45/><T108/><D108/><U53/><E93/><V46/><F46/><W42/><G42/><N who="0" m="24695" /><D19/><U76/><E74/><V117/><F89/><W44/><G44/><T83/><D83/><U91/><E76/><V111/><F111/><W43/><G43/><T133/><D133/><U7/><E7/><V0/><REACH who="2" step="1"/><F117/><REACH who="2" ten="293,206,255,236" step="2"/><W17/><G101/><T5/><D125/><U67/><E33/><V131/><F131/><W96/><G90/><T126/><D126/><U66/><E66/><V73/><F73/><W52/><G75/><T134/><D124/><U35/><E35/><V16/><F16/><W121/><G72/><T127/><D127/><U68/><E50/><AGARI ba="0,1" hai="0,6,8,10,13,18,27,29,32,50,54,57,81,82" machi="50" ten="30,7700,0" yaku="1,1,7,1,52,1,53,1" doraHai="1" doraHaiUra="23" who="2" fromWho="1" sc="293,0,206,-77,255,87,236,0" owari="293,9.3,129,-37.1,342,44.2,236,-16.4" /></mjloggm>