<mjloggm ver="2.3"><GO type="225" lobby="0"/><UN n0="%73%69%67%65%6E%6F%72%69" n1="%E5%A4%8F%E9%88%B4%E9%88%B4%E5%A4%8F" n2="%E6%9C%88%E5%B3%B6%E5%9F%BA" n3="%70%68%65%6E%6F%6D%65" dan="18,16,16,16" rate="2265.88,2115.83,2131.22,2135.79" sx="M,F,M,M"/><TAIKYOKU oya="0"/><INIT seed="0,0,0,5,1,122" ten="250,250,250,250" oya="0" hai0="52,74,5,62,6,123,77,83,95,32,25,131,37" hai1="12,73,59,61,63,105,30,115,120,72,7,93,86" hai2="50,84,132,135,103,49,98,88,85,17,127,11,64" hai3="121,0,114,60,92,75,109,134,43,24,104,110,31"/><T20/><D123/><U133/><E120/><V56/><F127/><W39/><G121/><T54/><D131/><U15/><E105/><V22/><F11/><W119/><G114/><T23/><D32/><U117/><E115/><V124/><F124/><W100/><G119/><T36/><D23/><U116/><E133/><N who="2" m="51275" /><F64/><W26/><G134/><T3/><D95/><U65/><E30/><V106/><F56/><W118/><G118/><T18/><D54/><U76/><E117/><V70/><F70/><W46/><G75/><T1/><D6/><U45/><E45/><V10/><F10/><W28/><G104/><T14/><D14/><U55/><E116/><V78/><F78/><W111/><G0/><T69/><D3/><U48/><E63/><V67/><F67/><W9/><G9/><T126/><D126/><U34/><E34/><V38/><F38/><W33/><G60/><T4/><D4/><U128/><E128/><V16/><F85/><W47/><G47/><T51/><D5/><U102/><E7/><V107/><F107/><W40/><G40/><T113/><D113/><U112/><E112/><V29/><F29/><N who="3" m="11339" /><G33/><T90/><D1/><U2/><E2/><V80/><F17/><W96/><AGARI ba="0,0" hai="24,26,39,43,46,92,96,100,109,110,111" m="11339" machi="96" ten="40,8000,1" yaku="14,1,52,3" doraHai="122" who="3" fromWho="3" sc="250,-40,250,-20,250,-20,250,80" /><INIT seed="1,0,0,0,5,101" ten="210,230,230,330" oya="1" hai0="86,67,93,76,35,47,90,32,56,105,79,133,23" hai1="122,96,53,12,120,82,116,14,51,37,98,66,132" hai2="6,36,45,72,130,83,20,118,103,3,61,112,21" hai3="104,75,135,42,0,13,55,92,129,1,71,80,26"/><U113/><E116/><V59/><F118/><W126/><G71/><T49/><D133/><U46/><E113/><V106/><F112/><W127/><G135/><T29/><D35/><U16/><E132/><V114/><F114/><W60/><G104/><T27/><D32/><U7/><E66/><V25/><F130/><W18/><G42/><T34/><D34/><U74/><E7/><V77/><F103/><W124/><G26/><T91/><D105/><U119/><E119/><V4/><F106/><W17/><G92/><T58/><D91/><U85/><E74/><V2/><F6/><W15/><G129/><T107/><D107/><U123/><E12/><V38/><F21/><N who="3" m="11439" /><G55/><N who="0" m="31855" /><D47/><U68/><E68/><V81/><F45/><W97/><G60/><AGARI ba="0,0" hai="23,27,29,58,60,67,76,79,86,90,93" m="31855" machi="60" ten="30,1000,0" yaku="8,1" doraHai="101" who="0" fromWho="3" sc="210,10,230,0,230,0,330,-10" /><INIT seed="2,0,0,5,3,1" ten="220,230,230,320" oya="2" hai0="21,131,72,55,10,23,50,110,40,129,33,39,83" hai1="53,116,74,14,85,115,56,109,107,25,133,57,89" hai2="58,5,66,43,15,82,75,22,91,31,24,92,119" hai3="78,37,48,19,94,113,120,128,67,102,124,3,95"/><V45/><F119/><W130/><G37/><T49/><D33/><U42/><E115/><V63/><F75/><W41/><G120/><T26/><D110/><U35/><E116/><V87/><F82/><W11/><G124/><T4/><D39/><U112/><E112/><V0/><F0/><W17/><G78/><N who="0" m="44487" /><D40/><U59/><E74/><V8/><F45/><N who="3" m="25647" /><G67/><T64/><D64/><U20/><E107/><V13/><F13/><W27/><G102/><T65/><D65/><U96/><E35/><V81/><F81/><W30/><G17/><N who="0" m="12591" /><D23/><U60/><E42/><AGARI ba="0,0" hai="5,8,15,22,24,31,42,43,58,63,66,87,91,92" machi="42" ten="40,3900,0" yaku="8,1,52,1" doraHai="1" who="2" fromWho="1" sc="220,0,230,-39,230,39,320,0" /><INIT seed="2,1,0,5,5,68" ten="220,191,269,320" oya="2" hai0="59,123,86,23,58,132,135,115,29,31,119,102,52" hai1="66,33,112,47,88,129,24,127,78,2,50,121,8" hai2="53,100,72,125,42,118,16,117,17,44,61,46,1" hai3="37,48,70,94,64,75,39,85,108,20,38,55,126"/><V15/><F1/><W104/><G75/><T82/><D115/><U90/><E112/><V84/><F72/><W107/><G108/><T103/><D123/><U105/><E129/><V74/><F74/><W56/><G126/><T133/><D119/><U92/><E121/><V14/><F125/><W87/><G20/><T79/><D59/><U111/><E127/><V97/><F84/><W120/><G120/><T57/><D58/><U54/><E105/><V109/><F109/><W128/><G128/><T10/><D10/><U40/><E111/><V131/><F131/><W21/><G21/><T113/><D113/><U4/><E78/><V25/><F25/><W89/><REACH who="3" step="1"/><G87/><REACH who="3" ten="220,191,269,310" step="2"/><T12/><D31/><U77/><E66/><V27/><F117/><W81/><G81/><T124/><D124/><U0/><E33/><V67/><F67/><W93/><G93/><T13/><D29/><U34/><E34/><V110/><F118/><W51/><G51/><N who="0" m="30879" /><D23/><U19/><E24/><V22/><F27/><W5/><G5/><T73/><D73/><U99/><E19/><V11/><F110/><W71/><G71/><T98/><D98/><U49/><E77/><V95/><F17/><W80/><G80/><T69/><D69/><U45/><REACH who="1" step="1"/><E0/><REACH who="1" ten="220,181,269,310" step="2"/><V9/><F16/><W134/><G134/><T76/><D76/><U65/><E65/><V7/><F15/><AGARI ba="1,2" hai="12,13,15,79,82,86,102,103,132,133,135" m="30879" machi="15" ten="30,2000,0" yaku="20,1,54,1" doraHai="68" who="0" fromWho="2" sc="220,43,181,0,269,-23,310,0" /><INIT seed="3,0,0,2,4,118" ten="263,181,246,310" oya="3" hai0="13,86,22,117,99,46,39,66,98,1,103,97,107" hai1="12,129,54,126,101,28,85,115,70,100,14,65,104" hai2="19,93,18,7,24,10,55,131,17,50,96,79,123" hai3="94,106,52,68,8,49,134,45,76,31,72,122,2"/><W48/><G122/><T64/><D117/><U62/><E115/><V44/><F123/><W75/><G106/><T30/><D1/><U34/><E129/><V59/><F131/><W102/><G68/><T38/><D107/><U20/><E126/><V90/><F79/><W67/><G67/><T125/><D125/><U56/><E20/><V88/><F44/><W23/><G134/><T120/><D120/><U37/><E37/><V95/><F24/><W111/><G76/><T51/><D103/><U109/><E85/><N who="2" m="52431" /><F7/><W113/><G113/><T71/><D71/><U110/><E101/><V130/><F130/><W78/><G111/><T36/><D86/><U32/><E32/><V128/><F128/><W133/><G78/><T3/><D3/><U5/><E5/><V92/><F92/><W87/><G72/><T81/><D81/><U105/><E105/><V74/><F74/><W80/><G75/><T47/><D47/><U9/><E9/><AGARI ba="0,0" hai="9,10,17,18,19,50,55,59,88,95,96" m="52431" machi="9" ten="30,2000,0" yaku="8,1,54,1" doraHai="118" who="2" fromWho="1" sc="263,0,181,-20,246,20,310,0" owari="263,-13.7,161,-33.9,266,6.6,310,41.0" /></mjloggm>