<mjloggm ver="2.3"><GO type="225" lobby="0"/><UN n0="%72%69%6F%75%63%68%61%6E" n1="%6E%69%63%6F%6E%74%6F" n2="%E7%99%BD%E5%80%89%E5%AF%9B%E4%B9%8B" n3="%E3%81%AF%E3%82%88%E3%81%8A%E3%81%98%E3%81%95%E3%82%93" dan="16,16,16,17" rate="2139.83,2107.47,2171.80,2231.19" sx="M,M,M,M"/><TAIKYOKU oya="0"/><INIT seed="0,0,0,5,3,79" ten="250,250,250,250" oya="0" hai0="44,94,61,3,91,69,80,1,77,34,66,121,62" hai1="2,96,43,114,8,57,48,76,30,58,78,39,120" hai2="18,83,12,88,116,86,29,10,23,52,64,54,135" hai3="59,82,125,68,19,67,72,14,111,33,113,37,127"/><T118/><D118/><U71/><E120/><V106/><F116/><W40/><G113/><T117/><D117/><U122/><E122/><V45/><F106/><W60/><G111/><T93/><D121/><U133/><E71/><V53/><F135/><W81/><G33/><T107/><D107/><U90/><E133/><V128/><F128/><W100/><G100/><T98/><D34/><U84/><E39/><V101/><F101/><W85/><G68/><T92/><D61/><U129/><E2/><V42/><F64/><W70/><G70/><T103/><D44/><N who="1" m="25631" /><E129/><V32/><F32/><W87/><G72/><T46/><D46/><U13/><E30/><V73/><F73/><W20/><G40/><T5/><D5/><N who="1" m="3215" /><E114/><V97/><F97/><W132/><G37/><T74/><REACH who="0" step="1"/><D94/><REACH who="0" ten="240,250,250,250" step="2"/><N who="1" m="56407" /><E78/><V51/><F29/><W119/><G119/><T27/><D27/><U26/><E26/><V104/><F104/><W105/><G105/><T21/><D21/><AGARI ba="0,1" hai="10,12,18,21,23,42,45,51,52,53,54,83,86,88" machi="21" ten="40,8000,1" yaku="8,1,52,1,54,2" doraHai="79" who="2" fromWho="0" sc="240,-80,250,0,250,90,250,0" /><INIT seed="1,0,0,4,0,49" ten="160,250,340,250" oya="1" hai0="118,103,16,18,135,110,45,129,111,88,0,102,70" hai1="62,130,128,92,85,37,116,7,67,134,42,87,76" hai2="12,94,75,5,64,34,106,54,82,9,44,105,91" hai3="99,11,4,124,121,72,65,55,107,35,133,2,41"/><U61/><E116/><V80/><F34/><W13/><G121/><T68/><D118/><U84/><E7/><V96/><F64/><W113/><G113/><T90/><D0/><U112/><E112/><V117/><F117/><W104/><G35/><T52/><D129/><N who="1" m="49771" /><E37/><V3/><F3/><W95/><G72/><T74/><D74/><U78/><E42/><V119/><F119/><W33/><G33/><T123/><D135/><U57/><E134/><V15/><F15/><W77/><G77/><N who="1" m="29802" /><E62/><V109/><F75/><W29/><G41/><T1/><D1/><U6/><E6/><V131/><F131/><W47/><G133/><T53/><D45/><U26/><E26/><V81/><F109/><W46/><G47/><T101/><D103/><U115/><E115/><V60/><REACH who="2" step="1"/><F44/><REACH who="2" ten="160,250,330,250" step="2"/><W39/><G46/><T108/><D110/><U19/><E19/><V24/><F24/><W25/><G25/><T10/><D10/><U48/><E48/><V100/><F100/><W40/><G11/><T63/><D63/><U125/><E125/><V21/><F21/><W126/><G126/><T59/><D59/><AGARI ba="0,1" hai="5,9,12,54,59,60,80,81,82,91,94,96,105,106" machi="59" ten="40,2600,0" yaku="1,1,52,1,53,0" doraHai="49" doraHaiUra="20" who="2" fromWho="0" sc="160,-26,250,0,330,36,250,0" /><INIT seed="2,0,0,1,1,108" ten="134,250,366,250" oya="2" hai0="41,78,47,113,58,30,4,54,77,73,125,135,84" hai1="69,39,76,111,110,60,115,21,132,14,133,103,34" hai2="36,89,32,59,43,129,94,5,134,64,62,114,131" hai3="106,92,124,85,126,44,38,15,128,48,33,31,51"/><V83/><F32/><W40/><G106/><T87/><D73/><U90/><E39/><V9/><F134/><N who="1" m="51817" /><E34/><V42/><F83/><W71/><G71/><T2/><D135/><U80/><E103/><V6/><F114/><W96/><G85/><T121/><D121/><U1/><E1/><V79/><F79/><W65/><G65/><T52/><D125/><N who="3" m="48233" /><G128/><N who="2" m="49225" /><F36/><W109/><G109/><N who="1" m="41482" /><E60/><V53/><F64/><W101/><G15/><T28/><D4/><N who="2" m="1642" /><F9/><W23/><G33/><T107/><D2/><U3/><E69/><V122/><F122/><W127/><G127/><T46/><D107/><U120/><E3/><V25/><F25/><AGARI ba="0,0" hai="23,25,31,38,40,44,48,51,92,96,101" m="48233" machi="25" ten="30,1000,0" yaku="18,1" doraHai="108" who="3" fromWho="2" sc="134,0,250,0,366,-10,250,10" /><INIT seed="3,0,0,1,4,134" ten="134,250,356,260" oya="3" hai0="98,62,23,39,33,56,77,29,76,68,128,85,65" hai1="32,10,67,30,95,82,105,51,17,14,2,104,55" hai2="72,31,8,71,92,100,121,49,88,57,126,69,15" hai3="127,106,42,21,101,74,9,97,4,3,52,130,114"/><W99/><G114/><T83/><D128/><U66/><E104/><V47/><F72/><W25/><G74/><T20/><D39/><U5/><E105/><V61/><F100/><W103/><G42/><T34/><D77/><U122/><E122/><V58/><F31/><W86/><G130/><T19/><D20/><N who="1" m="11319" /><E95/><V18/><F121/><W87/><G52/><T54/><D29/><U43/><E82/><V36/><F36/><W1/><G3/><T59/><D68/><U0/><E0/><V53/><F58/><W109/><G109/><T46/><D46/><N who="1" m="28151" /><E43/><V38/><F38/><W70/><G70/><T73/><D73/><U112/><E112/><V93/><F93/><W50/><G50/><T108/><D108/><U64/><E64/><V12/><F12/><W63/><G63/><T118/><D118/><U28/><E28/><V90/><F90/><W94/><G127/><T124/><D98/><U79/><E79/><V120/><F126/><W75/><G75/><T89/><D76/><U123/><E123/><V7/><F7/><W24/><G24/><AGARI ba="0,0" hai="2,5,10,24,30,32,66,67" m="28151,11319" machi="24" ten="30,1000,0" yaku="24,1" doraHai="134" who="1" fromWho="3" sc="134,0,250,10,356,0,260,-10" owari="134,-36.6,260,6.0,356,45.6,250,-15.0" /></mjloggm>