<mjloggm ver="2.3"><GO type="225" lobby="0"/><UN n0="%E8%91%B1%E9%96%93%E8%91%B1%E6%8A%9C" n1="%E3%82%A2%E3%83%9E%E3%83%9D%EF%BD%9E%EF%BD%9E%E3%83%A9" n2="%33%74%72%65%65" n3="%E3%81%BF%E3%81%BF%E3%81%9A" dan="16,17,17,17" rate="2095.72,2126.67,2167.72,2195.80" sx="F,M,F,M"/><TAIKYOKU oya="0"/><INIT seed="0,0,0,4,2,103" ten="250,250,250,250" oya="0" hai0="32,74,4,113,45,12,59,66,135,98,18,38,49" hai1="110,64,13,125,96,132,120,15,85,70,112,22,11" hai2="7,21,33,34,95,10,8,67,35,94,134,92,31" hai3="127,60,2,42,123,68,124,102,128,48,1,3,101"/><T37/><D113/><U133/><E120/><V118/><F134/><N who="1" m="51817" /><E110/><V111/><F111/><W46/><G123/><T99/><D135/><U106/><E125/><N who="3" m="48202" /><G128/><T9/><D32/><U20/><E85/><V115/><F115/><W79/><G79/><T53/><D74/><U69/><E13/><V76/><F118/><W108/><G108/><T121/><D121/><U75/><E75/><V58/><F76/><W51/><G51/><T126/><D126/><U0/><E0/><N who="3" m="2" /><W16/><DORA hai="19" /><G16/><T72/><D72/><U30/><E30/><V100/><F100/><N who="3" m="38507" /><G60/><N who="0" m="38175" /><D37/><U116/><E116/><V93/><N who="2" m="23552" /><DORA hai="56" /><V83/><F7/><W73/><G73/><T5/><D38/><U80/><E112/><V26/><REACH who="2" step="1"/><F83/><REACH who="2" ten="250,250,240,250" step="2"/><W25/><G68/><T54/><D54/><U78/><E70/><V27/><F27/><AGARI ba="0,1" hai="25,27,42,46,48" m="38507,2,48202" machi="27" ten="50,1600,0" yaku="18,1" doraHai="103,19,56" who="3" fromWho="2" sc="250,0,250,0,240,-16,250,26" /><INIT seed="1,0,0,2,0,116" ten="250,250,224,276" oya="1" hai0="65,123,17,7,102,101,130,11,110,25,71,80,84" hai1="81,129,18,40,119,33,64,91,63,122,48,57,34" hai2="53,2,114,88,19,120,55,54,23,94,82,128,46" hai3="95,37,118,132,96,38,45,121,13,100,85,105,67"/><U0/><E119/><V4/><F120/><W12/><G118/><T77/><D110/><U111/><E129/><V21/><F128/><W59/><G121/><T27/><D130/><U70/><E111/><V50/><F114/><W26/><G132/><T8/><D123/><U43/><E0/><V1/><F82/><W78/><G26/><T124/><D124/><U126/><E126/><V16/><F4/><W10/><G13/><N who="0" m="5279" /><D71/><U112/><E112/><V103/><F103/><N who="0" m="39434" /><D65/><U72/><E122/><V62/><F2/><W42/><G67/><T30/><D30/><U9/><E70/><V22/><F1/><W107/><G59/><T20/><D11/><U51/><E72/><V135/><F135/><W24/><G24/><AGARI ba="0,0" hai="17,20,24,25,27,77,80,84" m="39434,5279" machi="24" ten="30,1000,0" yaku="8,1" doraHai="116" who="0" fromWho="3" sc="250,10,250,0,224,0,276,-10" /><INIT seed="2,0,0,1,2,73" ten="260,250,224,266" oya="2" hai0="66,103,90,114,50,42,19,54,83,28,31,81,5" hai1="37,27,88,29,75,41,51,91,130,80,87,12,74" hai2="20,21,119,107,111,22,57,44,79,120,68,7,101" hai3="25,59,6,116,16,118,122,4,53,121,64,84,40"/><V117/><F120/><N who="3" m="46187" /><G64/><T108/><D114/><U24/><E37/><V2/><F68/><W96/><G40/><T109/><D5/><N who="3" m="2153" /><G96/><T8/><D103/><U45/><E12/><V115/><F115/><W132/><G84/><N who="0" m="50447" /><D66/><U123/><E130/><V124/><F57/><W60/><G53/><T17/><D42/><U3/><E3/><V100/><F44/><W43/><G60/><T61/><D61/><U11/><E11/><N who="2" m="2551" /><F101/><W39/><G43/><T9/><D83/><U1/><E1/><V86/><F100/><W126/><G59/><N who="0" m="33239" /><D108/><U62/><E62/><V0/><F107/><W34/><G39/><T63/><D109/><U49/><E123/><V46/><F111/><W113/><G113/><T106/><D63/><U52/><E91/><V26/><F46/><W23/><G132/><T135/><D106/><U14/><E14/><V110/><F110/><W77/><G77/><T133/><D133/><U112/><E112/><V58/><F58/><W15/><G126/><T48/><D135/><U10/><E75/><V129/><F124/><W72/><G72/><T65/><D65/><U125/><E74/><V47/><F47/><W30/><AGARI ba="0,0" hai="15,16,23,25,30,34,116,118" m="2153,46187" machi="30" ten="30,4000,0" yaku="34,2,54,1" doraHai="73" who="3" fromWho="3" sc="260,-10,250,-10,224,-20,266,40" /><INIT seed="3,0,0,4,2,45" ten="250,240,204,306" oya="3" hai0="26,113,12,50,86,19,46,25,101,134,36,77,10" hai1="110,61,16,103,76,105,99,131,89,123,121,128,22" hai2="78,83,44,41,9,20,85,0,8,35,94,107,122" hai3="29,62,75,84,106,60,95,56,33,127,15,49,5"/><W28/><G75/><T102/><D134/><U74/><E61/><N who="3" m="23658" /><G106/><T38/><D113/><U37/><E37/><V1/><F107/><W91/><G33/><T92/><D38/><U120/><E110/><V117/><F35/><W47/><G56/><T135/><D36/><U66/><E66/><V112/><F117/><W51/><G127/><T39/><D39/><U79/><E89/><V64/><F112/><W88/><G91/><N who="0" m="53367" /><D77/><N who="1" m="29771" /><E16/><V52/><F122/><W71/><G71/><T27/><D135/><U100/><E22/><V132/><F132/><W18/><G5/><T98/><D98/><N who="1" m="61591" /><E74/><V13/><F1/><W2/><G2/><T82/><D82/><U87/><E87/><N who="2" m="48631" /><F0/><W97/><G97/><T69/><D69/><U114/><E114/><V21/><F64/><W129/><G129/><T119/><D119/><U118/><E118/><V80/><F80/><W57/><G57/><T48/><D46/><U14/><E131/><V34/><F34/><W24/><G47/><T115/><D115/><U72/><E72/><V126/><F126/><W55/><G55/><T17/><D17/><U125/><E125/><V31/><F41/><W109/><G109/><T53/><D53/><U96/><E128/><V70/><F70/><W43/><G43/><T3/><D3/><U67/><E67/><V11/><F31/><N who="3" m="11851" /><G24/><T73/><D73/><U58/><E58/><V54/><F54/><W133/><G133/><T65/><D65/><U4/><E103/><AGARI ba="0,0" hai="10,12,19,25,26,27,48,50,101,102,103" m="53367" machi="103" ten="30,3900,0" yaku="8,1,52,2" doraHai="45" who="0" fromWho="1" sc="250,39,240,-39,204,0,306,0" owari="289,8.9,201,-29.9,204,-19.6,306,40.6" /></mjloggm>