<mjloggm ver="2.3"><GO type="225" lobby="0"/><UN n0="%E3%81%A4%E3%81%A3%E3%81%B1%E3%82%8A%E3%83%9D%E3%83%BC%E3%83%AB" n1="%E3%83%B4%E3%83%A0%EF%BC%99%E3%81%A6" n2="%E6%98%93%E5%88%A9%E8%96%A9%E4%BC%AF" n3="%E7%99%BD%E9%9B%AA%E4%B9%83%E6%84%9B" dan="17,16,17,16" rate="2094.85,2176.71,2136.10,2005.40" sx="M,M,F,F"/><TAIKYOKU oya="0"/><INIT seed="0,0,0,5,4,45" ten="250,250,250,250" oya="0" hai0="4,107,11,125,62,77,43,35,9,29,48,54,86" hai1="134,68,126,115,120,132,104,34,36,117,94,41,1" hai2="44,33,76,78,28,133,47,67,50,100,51,128,105" hai3="3,79,31,21,16,71,116,119,18,85,114,81,130"/><T123/><D123/><U127/><RYUUKYOKU type="yao9" ba="0,0" sc="250,0,250,0,250,0,250,0" hai1="1,34,36,41,68,94,104,115,117,120,126,127,132,134" /><INIT seed="0,1,0,1,1,120" ten="250,250,250,250" oya="0" hai0="18,67,23,27,77,135,25,31,84,109,107,130,7" hai1="63,36,34,104,117,131,33,103,71,6,17,61,0" hai2="2,132,3,79,41,70,65,37,35,128,133,57,29" hai3="80,85,24,39,43,26,66,94,56,123,114,112,46"/><T45/><D135/><N who="2" m="51786" /><F79/><W19/><G123/><T50/><D130/><U89/><E117/><V81/><F81/><W4/><G4/><T48/><D107/><U40/><E89/><V129/><F57/><W90/><G90/><T73/><D73/><U15/><E61/><N who="2" m="40239" /><F29/><W101/><G94/><T32/><D7/><U54/><E54/><V52/><F35/><W42/><G101/><T106/><D106/><U99/><E17/><V21/><F21/><W76/><G43/><T113/><D113/><U22/><E22/><V110/><F110/><W88/><G76/><T5/><D5/><U127/><E131/><N who="2" m="50251" /><F52/><W122/><G122/><T118/><D118/><U87/><E33/><V115/><F115/><W69/><G56/><T119/><D119/><U82/><E34/><V30/><F30/><W62/><G26/><T98/><D109/><U1/><E82/><V8/><F8/><W14/><G24/><T44/><D67/><U58/><E58/><V10/><F10/><AGARI ba="1,0" hai="10,14,19,39,42,46,62,66,69,80,85,88,112,114" machi="10" ten="30,2000,0" yaku="7,1,54,1" doraHai="120" who="3" fromWho="2" sc="250,0,250,0,250,-23,250,23" /><INIT seed="1,0,0,5,3,77" ten="250,250,227,273" oya="1" hai0="34,71,124,102,84,67,65,3,86,55,23,103,58" hai1="0,114,134,96,126,127,8,82,25,40,24,72,21" hai2="92,125,111,66,22,39,48,20,81,17,70,59,64" hai3="107,132,85,75,79,35,90,119,87,95,50,73,30"/><U41/><E114/><V5/><F39/><W61/><G107/><T54/><D34/><U133/><E96/><V106/><F106/><W4/><G132/><N who="1" m="50794" /><E8/><V33/><F33/><W104/><G104/><T76/><D3/><U99/><E99/><V68/><F111/><W80/><G4/><T121/><D71/><U60/><E60/><V69/><F125/><N who="1" m="47625" /><E0/><V26/><F5/><W12/><G119/><T88/><D124/><U16/><E25/><V46/><F22/><W37/><G61/><T51/><D121/><U117/><E117/><V10/><F10/><W32/><G12/><T42/><D23/><U11/><E11/><V94/><F66/><W101/><G101/><T57/><D65/><U113/><E113/><V9/><F9/><W128/><G35/><T63/><D67/><U56/><E56/><V7/><F59/><W36/><G32/><T112/><D112/><U13/><E13/><V43/><F64/><W49/><G30/><T120/><D120/><U62/><E62/><V131/><F7/><W52/><G73/><T91/><D63/><U19/><E19/><V6/><F6/><W28/><G75/><T27/><D27/><U129/><E129/><V98/><F131/><W97/><G128/><T2/><D2/><U78/><AGARI ba="0,0" hai="16,21,24,40,41,72,78,82" m="47625,50794" machi="78" ten="40,12000,1" yaku="20,1,18,1,52,1,54,1" doraHai="77" who="1" fromWho="1" sc="250,-40,250,120,227,-40,273,-40" /><INIT seed="1,1,0,0,0,102" ten="210,370,187,233" oya="1" hai0="10,23,125,75,16,37,68,120,111,123,91,60,118" hai1="14,55,104,7,93,41,6,5,29,105,135,46,81" hai2="35,133,64,101,42,40,56,15,76,36,86,27,107" hai3="110,134,116,44,84,47,94,4,99,117,9,22,20"/><U38/><E135/><V127/><F133/><W49/><G134/><T28/><D118/><N who="3" m="45673" /><G84/><T121/><D37/><U95/><E29/><V52/><F64/><W82/><G82/><T106/><D106/><U69/><E69/><V74/><F74/><W100/><G110/><T122/><D111/><U17/><E55/><V53/><F127/><W78/><G78/><T24/><D125/><U71/><E71/><V34/><F15/><N who="3" m="5543" /><G47/><T126/><D75/><U19/><E19/><V50/><F53/><AGARI ba="1,0" hai="20,22,44,49,53,94,99,100" m="5543,45673" machi="53" ten="30,1000,0" yaku="12,1" doraHai="102" who="3" fromWho="2" sc="210,0,370,0,187,-13,233,13" /><INIT seed="2,0,0,0,4,101" ten="210,370,174,246" oya="2" hai0="122,28,61,27,82,39,3,89,4,60,1,36,130" hai1="94,8,51,66,118,15,48,35,24,42,119,0,58" hai2="55,127,106,115,102,49,100,95,22,86,99,64,16" hai3="108,17,116,132,62,133,9,57,92,59,12,38,104"/><V44/><F115/><W78/><G116/><T2/><D122/><U6/><E0/><V105/><F127/><W125/><G38/><T126/><D126/><U113/><E113/><V79/><F64/><W34/><G125/><T88/><D4/><U65/><E119/><V134/><F134/><N who="3" m="51819" /><G34/><T30/><D82/><U87/><E118/><V83/><REACH who="2" step="1"/><F100/><REACH who="2" ten="210,370,164,246" step="2"/><W117/><G117/><T114/><D114/><U85/><E65/><V56/><F56/><W41/><G59/><T75/><D2/><U91/><E66/><V20/><F20/><W7/><G57/><T43/><D130/><U25/><E58/><V13/><AGARI ba="0,1" hai="13,16,22,44,49,55,79,83,86,95,99,102,105,106" machi="13" ten="20,18000,2" yaku="1,1,0,1,7,1,52,2,54,1,53,0" doraHai="101" doraHaiUra="131" who="2" fromWho="2" sc="210,-60,370,-60,164,190,246,-60" /><INIT seed="2,1,0,4,3,73" ten="150,310,354,186" oya="2" hai0="47,36,22,96,66,67,38,85,30,25,128,35,16" hai1="58,88,31,115,123,70,63,24,14,83,97,121,125" hai2="34,4,87,41,119,8,52,84,54,98,131,15,93" hai3="10,12,7,82,0,65,77,110,39,99,2,28,23"/><V64/><F119/><W26/><G110/><T3/><D128/><U42/><E115/><V32/><F131/><W117/><G117/><T104/><D3/><U81/><E70/><V126/><F126/><W122/><G122/><N who="1" m="46602" /><E42/><V102/><F64/><W9/><G39/><T134/><D134/><U75/><E14/><V124/><F124/><W107/><G65/><T61/><D67/><N who="1" m="39415" /><E75/><V109/><F41/><W69/><G69/><N who="0" m="42191" /><D85/><U120/><E125/><V135/><F135/><W45/><G45/><T118/><D47/><U40/><E40/><V5/><F5/><W105/><G99/><T89/><D89/><U74/><E74/><V62/><F109/><W19/><REACH who="3" step="1"/><G0/><REACH who="3" ten="150,310,354,176" step="2"/><T48/><D118/><U90/><E120/><V46/><F98/><W106/><G106/><T101/><D48/><U55/><E55/><V33/><F46/><W130/><G130/><T29/><D29/><U100/><E100/><V112/><F102/><W86/><AGARI ba="1,1" hai="2,7,9,10,12,19,23,26,28,77,82,86,105,107" machi="86" ten="20,8000,1" yaku="1,1,0,1,7,1,52,1,53,1" doraHai="73" doraHaiUra="1" who="3" fromWho="3" sc="150,-21,310,-21,354,-41,176,93" /><INIT seed="3,0,0,2,4,54" ten="129,289,313,269" oya="3" hai0="34,51,58,46,44,94,62,91,134,19,93,78,126" hai1="40,100,98,130,75,14,103,30,67,101,38,132,92" hai2="60,17,56,113,33,41,90,5,118,37,80,9,53" hai3="127,7,65,123,2,81,73,86,72,110,79,47,23"/><W129/><G123/><T48/><D134/><U102/><E75/><V39/><F113/><W64/><G127/><T133/><D133/><U55/><E132/><V3/><F33/><W119/><G119/><T88/><D34/><U22/><E130/><V115/><F115/><W74/><G129/><T52/><D126/><U27/><E67/><V89/><F118/><W57/><G47/><N who="0" m="17963" /><D78/><U6/><E38/><V26/><F41/><W69/><G69/><T36/><D36/><U99/><E40/><V25/><F25/><W70/><G70/><T18/><D93/><U77/><E77/><V45/><F45/><W114/><G114/><T107/><D107/><U61/><E6/><V13/><F26/><W120/><G120/><T116/><D116/><U135/><E135/><V111/><F111/><W96/><G110/><T131/><D131/><U84/><E84/><V109/><F109/><W83/><G96/><N who="0" m="57415" /><D91/><U20/><E98/><V124/><F124/><W0/><G0/><T4/><D4/><U128/><E128/><V66/><F90/><W42/><G2/><T43/><D43/><U68/><E68/><V117/><F117/><W71/><G7/><T32/><D32/><U49/><E101/><V87/><F3/><W85/><G42/><T24/><D18/><N who="1" m="10327" /><E103/><V16/><F39/><W10/><G71/><T29/><D29/><U104/><E100/><V35/><F35/><W28/><G28/><T21/><AGARI ba="0,0" hai="19,21,24,48,51,52,58,62" m="57415,17963" machi="21" ten="30,8000,1" yaku="25,1,8,1,52,1,54,2" doraHai="54" who="0" fromWho="0" sc="129,80,289,-20,313,-20,269,-40" /><INIT seed="4,0,0,2,3,64" ten="209,269,293,229" oya="0" hai0="129,103,122,72,120,16,59,110,83,68,133,75,27" hai1="49,46,4,106,22,12,34,108,19,90,47,42,123" hai2="118,114,18,98,38,79,92,128,60,65,91,32,119" hai3="66,116,35,50,77,71,43,5,96,84,117,85,56"/><T69/><D103/><U45/><E108/><V113/><F32/><W9/><G35/><T121/><D110/><U33/><E123/><V8/><F38/><W57/><G96/><T14/><D133/><U23/><E106/><V1/><F79/><W130/><G130/><T20/><D129/><U70/><E70/><N who="2" m="42279" /><F128/><W124/><G124/><T88/><D59/><U107/><E107/><V37/><F37/><W11/><G66/><T24/><D75/><U48/><E4/><N who="2" m="1039" /><F18/><W63/><G63/><T127/><D127/><U17/><E90/><V51/><F51/><W31/><G5/><T15/><D15/><U81/><E81/><V101/><F91/><W76/><G50/><T86/><REACH who="0" step="1"/><D72/><REACH who="0" ten="199,269,293,229" step="2"/><U131/><E131/><V134/><F134/><W26/><G71/><AGARI ba="0,1" hai="14,16,20,24,27,68,69,71,83,86,88,120,121,122" machi="71" ten="50,24000,3" yaku="1,1,2,1,52,3,54,2,53,1" doraHai="64" doraHaiUra="78" who="0" fromWho="3" sc="199,250,269,0,293,0,229,-240" owari="449,54.9,269,-13.1,293,9.3,-11,-51.1" /></mjloggm>