<mjloggm ver="2.3"><GO type="225" lobby="0"/><UN n0="%E5%91%A8%E6%9D%B1" n1="%6C%65%74%69%74%62%65" n2="%E3%81%A6%E3%82%93%E3%81%8F%E3%81%86" n3="%70%68%65%6E%6F%6D%65" dan="17,16,16,16" rate="2199.33,2119.68,2133.31,2146.52" sx="M,M,M,M"/><TAIKYOKU oya="0"/><INIT seed="0,0,0,2,1,134" ten="250,250,250,250" oya="0" hai0="79,49,135,1,23,115,24,105,11,28,68,5,52" hai1="39,124,32,102,3,20,100,50,12,126,73,87,89" hai2="57,43,119,121,6,83,85,61,101,71,74,47,107" hai3="77,44,106,110,14,93,60,131,4,90,10,97,46"/><T38/><D135/><U82/><E39/><V125/><F119/><W7/><G110/><T48/><D115/><U56/><E32/><V130/><F121/><W81/><G131/><T41/><D105/><U108/><E3/><V118/><F118/><W95/><G106/><T53/><D68/><U127/><E73/><V66/><F74/><W117/><G117/><T18/><D79/><U104/><E104/><V27/><F6/><W13/><G60/><T84/><D38/><U15/><E108/><V19/><F130/><W64/><G64/><T63/><D63/><U37/><E37/><V9/><F101/><N who="1" m="39017" /><E20/><V133/><F107/><W123/><G93/><T96/><D96/><U103/><E103/><V67/><F67/><W72/><REACH who="3" step="1"/><G123/><REACH who="3" ten="250,250,250,240" step="2"/><T30/><D41/><U36/><E36/><V88/><F133/><W78/><G78/><T92/><D92/><U51/><E51/><V40/><F40/><W62/><G62/><T76/><D76/><U129/><E129/><V8/><F71/><W69/><G69/><T65/><D65/><U45/><E56/><V59/><F59/><W132/><G132/><T17/><D49/><U128/><E128/><V122/><F122/><W0/><G0/><T54/><D48/><U86/><E86/><V42/><F42/><AGARI ba="0,1" hai="12,15,42,45,50,82,87,89,124,126,127" m="39017" machi="42" ten="30,7700,0" yaku="18,1,52,3" doraHai="134" who="1" fromWho="2" sc="250,0,250,87,250,-77,240,0" /><INIT seed="1,0,0,5,0,83" ten="250,337,173,240" oya="1" hai0="127,10,125,94,38,128,107,17,124,52,81,89,30" hai1="105,24,47,69,101,114,33,122,132,118,51,90,121" hai2="40,82,60,111,36,58,96,0,123,43,109,7,25" hai3="8,97,1,98,66,75,67,135,77,120,34,54,113"/><U55/><E118/><V91/><F123/><W44/><G120/><T53/><D107/><U12/><E114/><V72/><F25/><W103/><G34/><T15/><D38/><U28/><E132/><V6/><F36/><W18/><G113/><T71/><D71/><U99/><E12/><V106/><F0/><W21/><G135/><T87/><D128/><U86/><REACH who="1" step="1"/><E69/><REACH who="1" ten="250,327,173,240" step="2"/><V4/><F111/><W126/><G1/><T85/><REACH who="0" step="1"/><D30/><REACH who="0" ten="240,327,173,240" step="2"/><U79/><E79/><AGARI ba="0,2" hai="10,15,17,52,53,79,81,85,87,89,94,124,125,127" machi="79" ten="40,12000,2" yaku="1,1,2,1,18,1,52,2,54,1,53,0" doraHai="83" doraHaiUra="22" who="0" fromWho="1" sc="240,140,327,-120,173,0,240,0" /><INIT seed="2,0,0,3,0,127" ten="380,207,173,240" oya="2" hai0="51,115,70,13,77,27,108,92,97,4,131,133,84" hai1="32,82,19,89,20,58,112,25,61,81,37,48,56" hai2="107,15,22,30,35,91,39,94,101,135,49,12,23" hai3="124,98,50,122,34,80,87,117,10,123,29,57,114"/><V62/><F39/><W16/><G117/><T68/><D115/><U60/><E37/><V24/><F135/><W33/><G124/><T53/><D108/><U36/><E36/><V132/><F132/><W45/><G114/><T130/><D133/><U28/><E112/><V42/><F107/><W103/><G57/><T5/><D27/><U125/><E125/><V66/><F35/><W93/><G29/><T69/><D84/><U86/><E48/><V99/><F91/><N who="3" m="51687" /><G34/><T9/><D5/><U43/><E43/><V126/><F22/><W134/><G33/><T96/><D77/><U90/><E56/><N who="2" m="37191" /><F126/><W104/><G104/><T6/><D6/><U3/><E3/><V40/><F40/><W38/><G38/><T102/><REACH who="0" step="1"/><D97/><REACH who="0" ten="370,207,173,240" step="2"/><U83/><E86/><V54/><F42/><W71/><G134/><T65/><D65/><U18/><E25/><V119/><F119/><W21/><G123/><T64/><D64/><U95/><E32/><V105/><F105/><W72/><G122/><T106/><D106/><U7/><E7/><V1/><F1/><W118/><G118/><T79/><D79/><U129/><E28/><V76/><F76/><W78/><G78/><T44/><AGARI ba="0,1" hai="4,9,13,44,51,53,68,69,70,92,96,102,130,131" machi="44" ten="40,8000,1" yaku="1,1,0,1,52,2,53,0" doraHai="127" doraHaiUra="109" who="0" fromWho="0" sc="370,90,207,-20,173,-40,240,-20" /><INIT seed="3,0,0,3,3,83" ten="460,187,133,220" oya="3" hai0="9,2,17,70,92,34,37,51,107,121,6,116,43" hai1="18,78,128,61,59,89,5,71,90,135,76,84,58" hai2="93,39,74,77,8,111,127,22,112,79,100,16,87" hai3="130,122,27,54,124,33,63,40,20,44,102,117,91"/><W133/><G117/><T104/><D70/><U88/><E71/><V13/><F112/><W97/><G122/><T29/><D37/><U72/><E72/><V4/><F39/><W21/><G124/><T10/><D121/><U115/><E115/><V41/><F74/><W45/><G130/><T123/><D51/><U62/><E135/><V38/><F127/><W95/><G133/><T109/><D43/><U11/><E18/><V73/><F111/><W15/><G33/><T55/><D92/><U105/><E105/><V53/><F73/><W49/><G15/><T35/><D55/><U99/><E99/><V32/><F32/><W120/><G120/><T113/><D107/><U30/><E30/><V60/><F38/><W24/><G63/><T131/><D104/><U48/><E76/><V106/><F41/><W129/><G129/><T57/><D131/><U103/><E103/><V108/><F108/><W98/><G45/><T1/><D113/><U96/><E96/><V25/><F106/><W52/><G97/><T26/><D35/><U85/><E48/><V19/><F100/><W80/><G102/><T46/><D46/><U126/><E78/><V114/><F114/><W28/><G80/><T119/><D109/><U101/><E101/><V69/><F4/><W82/><G82/><T36/><D34/><U110/><E110/><V68/><F68/><W50/><G49/><T42/><D123/><U65/><E128/><V64/><REACH who="2" step="1"/><F53/><REACH who="2" ten="460,187,123,220" step="2"/><W14/><G54/><T86/><D119/><U132/><E126/><V118/><F118/><W67/><G52/><T66/><D116/><RYUUKYOKU ba="0,1" sc="460,-10,187,-10,123,30,220,-10" hai2="8,13,16,19,22,25,60,64,69,77,79,87,93" owari="460,56.0,177,-22.3,153,-34.7,210,1.0" /></mjloggm>