<mjloggm ver="2.3"><GO type="225" lobby="0"/><UN n0="%E3%83%A9%E3%82%B9%E7%8E%87%EF%BC%93%E5%89%B2" n1="%E6%80%AA%E3%81%97%E3%81%99%E3%81%8E%E3%82%8B%E3%83%81%E3%83%BC" n2="%E3%83%96%E3%83%83%E3%83%91%E3%82%AA%E3%83%96%E3%83%81%E3%82%AD%E3%83%B3" n3="%E9%A6%AC%E5%BC%95%E7%81%AB%33" dan="17,16,17,16" rate="2184.00,2057.51,2188.81,2101.62" sx="F,M,M,M"/><TAIKYOKU oya="0"/><INIT seed="0,0,0,1,0,90" ten="250,250,250,250" oya="0" hai0="44,108,129,54,85,9,22,131,27,110,95,82,37" hai1="62,124,80,120,65,55,35,126,88,8,68,67,19" hai2="59,69,93,41,14,17,117,107,92,56,43,109,40" hai3="3,87,122,24,7,60,49,47,73,31,45,74,28"/><T53/><D9/><U127/><E120/><V64/><F107/><W63/><G122/><T12/><D12/><N who="1" m="7559" /><E35/><V100/><F109/><N who="0" m="42090" /><D37/><U16/><E16/><V128/><F128/><N who="0" m="49226" /><D44/><U118/><E118/><V91/><F117/><W94/><G47/><T46/><D46/><U113/><E113/><V133/><F133/><W72/><G45/><T86/><D95/><U111/><E111/><V29/><F29/><W58/><G94/><T115/><D115/><U36/><E36/><V23/><F69/><W13/><G28/><N who="0" m="17527" /><D86/><N who="1" m="50247" /><E65/><V123/><F123/><W33/><G73/><T105/><D105/><U71/><E55/><V50/><F64/><W119/><G74/><T103/><D103/><U97/><E97/><N who="2" m="59439" /><F50/><W106/><G49/><T1/><D1/><U0/><E0/><V4/><F4/><W15/><G7/><T39/><D39/><U101/><E101/><V99/><AGARI ba="0,0" hai="14,17,23,40,41,43,56,59,91,92,99" m="59439" machi="99" ten="30,4000,0" yaku="8,1,52,2" doraHai="90" who="2" fromWho="2" sc="250,-20,250,-10,250,40,250,-10" /><INIT seed="1,0,0,5,1,5" ten="230,240,290,240" oya="1" hai0="34,99,74,120,131,1,21,51,38,102,41,57,47" hai1="20,71,114,2,39,48,22,54,86,77,85,16,110" hai2="106,8,103,81,135,10,126,95,27,88,60,35,6" hai3="53,24,9,69,15,73,93,43,117,76,70,23,113"/><U56/><E114/><V26/><F135/><W44/><G113/><T129/><D34/><U62/><E110/><V107/><F126/><W52/><G117/><T67/><D1/><U11/><E39/><V134/><F134/><W112/><G112/><T108/><D74/><U72/><E72/><V90/><F35/><W78/><G93/><T121/><D21/><U36/><E36/><V100/><F6/><N who="3" m="3511" /><G70/><T49/><D108/><U80/><E85/><V127/><F127/><W25/><G69/><T124/><D124/><U37/><E37/><V42/><F42/><W32/><G32/><T84/><D84/><U130/><E130/><N who="0" m="49673" /><D99/><U101/><E101/><V128/><F128/><W96/><G96/><T18/><D18/><U132/><E132/><V45/><F95/><W12/><G12/><T116/><D102/><U91/><E77/><N who="3" m="29802" /><G73/><T4/><D4/><U13/><REACH who="1" step="1"/><E2/><REACH who="1" ten="230,230,290,240" step="2"/><V3/><F3/><W109/><G109/><T46/><D116/><U58/><E58/><V118/><F118/><W64/><G64/><AGARI ba="0,1" hai="11,13,16,20,22,48,54,56,62,64,71,80,86,91" machi="64" ten="40,12000,1" yaku="1,1,52,1,54,1,53,1" doraHai="5" doraHaiUra="50" who="1" fromWho="3" sc="230,0,230,130,290,0,240,-120" /><INIT seed="1,1,0,1,4,110" ten="230,360,290,120" oya="1" hai0="15,54,122,6,58,37,133,29,72,70,96,78,25" hai1="134,45,31,14,16,127,84,93,77,120,107,10,115" hai2="89,88,119,129,128,80,30,27,105,19,92,65,38" hai3="73,106,8,67,36,9,17,28,126,69,47,95,11"/><U121/><E115/><V57/><F119/><W24/><G126/><T66/><D37/><U56/><E107/><V62/><F105/><W2/><G73/><T117/><D117/><U125/><E134/><V112/><F38/><W43/><G106/><T42/><D42/><U118/><E118/><V97/><F19/><W102/><G17/><T61/><D133/><U40/><E31/><V5/><F5/><W55/><G55/><T104/><D122/><U23/><E56/><V48/><F48/><W32/><G67/><T39/><D39/><N who="1" m="21663" /><E10/><V46/><F46/><W81/><G81/><T41/><D41/><U76/><E93/><V44/><F44/><W132/><G69/><T52/><D78/><N who="1" m="30315" /><E84/><V98/><F112/><W86/><G132/><T123/><D72/><U74/><E74/><V0/><F0/><W50/><G36/><T33/><D123/><U26/><E26/><V13/><F13/><W135/><G135/><T59/><D59/><U103/><E103/><V90/><F90/><W91/><REACH who="3" step="1"/><G102/><REACH who="3" ten="230,360,290,110" step="2"/><N who="0" m="62535" /><D58/><U12/><E120/><V7/><F7/><AGARI ba="1,1" hai="2,7,8,9,11,24,28,32,43,47,50,86,91,95" machi="7" ten="40,1300,0" yaku="1,1,53,0" doraHai="110" doraHaiUra="49" who="3" fromWho="2" sc="230,0,360,0,290,-16,110,26" /><INIT seed="2,0,0,1,5,35" ten="230,360,274,136" oya="2" hai0="114,94,58,25,45,49,36,83,124,118,34,11,106" hai1="98,134,113,75,14,67,23,89,102,55,15,80,24" hai2="69,10,32,77,122,76,31,37,16,78,93,63,7" hai3="5,91,60,109,121,64,73,105,61,86,12,84,17"/><V110/><F122/><W115/><G121/><T68/><D106/><U47/><E113/><V129/><F37/><W29/><G115/><T41/><D114/><U70/><E134/><V9/><F129/><W108/><G73/><T30/><D118/><U57/><E47/><V126/><F126/><W127/><G127/><T74/><D124/><U97/><E67/><V26/><F110/><W13/><G105/><T51/><D68/><U119/><E70/><V135/><F135/><W3/><G29/><T54/><D94/><U82/><E75/><V59/><F69/><W40/><G40/><T42/><D42/><U0/><E0/><V81/><F93/><W27/><G27/><T131/><D131/><U85/><E82/><V107/><F107/><W95/><G86/><T52/><D11/><U18/><E119/><V92/><F92/><W90/><G90/><T66/><D66/><U4/><E102/><V8/><F16/><W111/><G64/><T72/><REACH who="0" step="1"/><D83/><REACH who="0" ten="220,360,274,136" step="2"/><U117/><E117/><V21/><F32/><W132/><G132/><T130/><D130/><U88/><E80/><V48/><F81/><W6/><G3/><T2/><D2/><U39/><E98/><V100/><F100/><W116/><G116/><T71/><D71/><U19/><E97/><V65/><F7/><W125/><G125/><T33/><D33/><U79/><E4/><V22/><F22/><N who="3" m="11559" /><G5/><T120/><D120/><U50/><E23/><V43/><F9/><W28/><G111/><T53/><D53/><U104/><E55/><V123/><F123/><W46/><G109/><T87/><D87/><RYUUKYOKU ba="0,1" sc="220,15,360,-15,274,15,136,-15" hai0="25,30,34,36,41,45,49,51,52,54,58,72,74" hai2="8,10,21,26,31,43,48,59,63,65,76,77,78" /><INIT seed="2,1,1,1,1,104" ten="235,345,289,121" oya="2" hai0="76,68,78,88,134,116,109,60,128,17,106,45,9" hai1="87,73,113,59,83,39,72,95,18,123,34,31,10" hai2="23,13,97,127,86,55,41,64,117,1,25,121,70" hai3="129,105,82,133,135,11,67,126,122,85,16,46,47"/><V0/><F117/><W6/><G122/><T124/><D106/><U111/><E113/><V36/><F121/><W2/><G105/><T79/><D116/><U90/><E39/><V56/><F127/><W20/><G126/><T44/><D124/><U51/><E111/><V8/><F97/><W107/><G107/><T92/><D109/><U32/><E31/><V48/><F86/><W93/><G67/><T118/><D128/><U58/><E58/><V81/><F81/><W14/><G93/><T52/><D134/><U19/><E95/><V125/><F125/><W66/><G66/><T3/><D118/><U40/><E19/><V15/><F23/><W103/><G103/><T71/><D71/><U65/><E40/><V30/><F25/><W12/><G2/><N who="2" m="1129" /><F8/><W84/><G84/><N who="0" m="52231" /><D3/><U120/><E123/><V94/><F30/><W110/><G129/><T5/><D5/><U33/><E120/><V63/><F94/><W22/><G110/><T7/><D7/><U102/><E102/><V130/><F130/><W119/><G119/><T42/><D68/><U108/><E108/><V27/><F27/><W131/><G131/><T35/><D35/><U101/><E101/><V26/><F26/><W4/><G4/><T57/><D42/><U91/><E33/><V61/><F61/><W43/><G43/><T53/><D53/><N who="1" m="32191" /><E32/><V115/><F115/><W62/><G135/><T75/><D75/><N who="1" m="28747" /><E34/><V77/><F77/><N who="0" m="19714" /><T37/><DORA hai="114" /><D37/><U49/><E90/><V21/><F21/><W38/><G38/><T24/><D24/><U132/><E132/><V98/><F98/><RYUUKYOKU ba="1,1" sc="235,15,345,-15,289,15,121,-15" hai0="9,17,44,45,52,57,60" hai2="13,15,36,41,48,55,56,63,64,70" /><INIT seed="2,2,1,1,4,91" ten="250,330,304,106" oya="2" hai0="105,21,120,15,37,124,93,111,56,39,87,55,128" hai1="127,5,82,85,66,103,123,117,47,129,78,126,17" hai2="11,90,52,108,43,7,131,107,23,27,113,130,72" hai3="40,28,2,115,101,88,73,6,67,26,112,13,83"/><V36/><F113/><W132/><G132/><T49/><D105/><U133/><E117/><V19/><F72/><W62/><G2/><T89/><D120/><U64/><E133/><V59/><F107/><W58/><G40/><T134/><D134/><U4/><E129/><N who="2" m="49163" /><F108/><W75/><G101/><T20/><D128/><U41/><E123/><V76/><F76/><W96/><G13/><T71/><D71/><U1/><E103/><V12/><F36/><W119/><G6/><N who="1" m="2666" /><E17/><V110/><F43/><W30/><G119/><T31/><D124/><N who="1" m="47659" /><E1/><V116/><F116/><W46/><G46/><T86/><D111/><U35/><E35/><V104/><F104/><W68/><G68/><T34/><D34/><U18/><E18/><V77/><F77/><W98/><G28/><T48/><D87/><U14/><E14/><V118/><F118/><W109/><G109/><T42/><D31/><U74/><E74/><V95/><F110/><W24/><G24/><T100/><D100/><U102/><E102/><V70/><F70/><W50/><G73/><T94/><D37/><AGARI ba="2,1" hai="37,41,47,64,66,78,82,85" m="47659,2666" machi="37" ten="30,1000,0" yaku="18,1" doraHai="91" who="1" fromWho="0" sc="250,-16,330,26,304,0,106,0" /><INIT seed="3,0,0,4,5,78" ten="234,356,304,106" oya="3" hai0="52,59,124,31,111,55,71,28,49,23,48,27,97" hai1="106,129,35,116,76,46,32,65,108,61,44,109,92" hai2="60,20,33,43,75,25,88,19,54,24,100,18,79" hai3="103,134,6,135,126,94,9,5,4,16,39,51,0"/><W93/><G39/><T45/><D111/><N who="1" m="42571" /><E106/><V87/><F100/><W1/><G126/><T3/><D124/><U99/><E129/><V50/><F75/><W82/><G51/><T123/><D123/><U64/><E76/><V113/><F113/><W11/><G5/><T105/><D71/><N who="1" m="42383" /><E65/><V73/><F73/><W98/><G82/><T110/><D3/><U38/><E116/><V96/><F33/><N who="1" m="12873" /><E38/><V34/><F34/><W56/><G56/><T130/><D130/><U69/><E69/><V26/><F19/><W22/><REACH who="3" step="1"/><G94/><REACH who="3" ten="234,356,304,96" step="2"/><T67/><D110/><U101/><AGARI ba="0,1" hai="44,46,92,99,101" m="12873,42383,42571" machi="101" ten="30,1100,0" yaku="14,1" doraHai="78" who="1" fromWho="1" sc="234,-3,356,21,304,-3,96,-5" owari="231,-16.9,377,47.7,301,10.1,91,-40.9" /></mjloggm>