<mjloggm ver="2.3"><GO type="225" lobby="0"/><UN n0="%E7%9A%AE%E3%80%85" n1="%E5%AF%82%E5%AF%9E%E3%82%AE%E3%83%8D%E3%82%B9%E3%83%93%E3%83%BC%E3%83%AB" n2="%E5%8F%AF%E5%85%90%E9%82%A3%E7%94%B1%E5%A4%9A" n3="%E3%81%BD%E3%81%A1%E3%81%9F%E3%81%93%E3%82%84" dan="16,16,16,17" rate="2072.48,2157.23,2127.76,2220.24" sx="F,M,F,M"/><TAIKYOKU oya="0"/><INIT seed="0,0,0,3,1,35" ten="250,250,250,250" oya="0" hai0="108,57,95,15,69,92,123,13,97,112,38,18,10" hai1="20,22,127,135,90,109,115,66,68,85,44,63,40" hai2="79,93,58,19,86,9,77,75,1,74,126,47,105" hai3="113,101,48,87,59,36,8,131,88,60,52,130,124"/><T78/><D112/><U111/><E115/><V43/><F105/><W94/><G36/><T5/><D123/><U61/><E135/><V110/><F110/><N who="1" m="41993" /><E63/><V53/><F126/><W102/><G113/><T21/><D69/><U2/><E2/><V129/><F129/><N who="3" m="49163" /><G124/><T71/><D71/><U67/><E67/><V56/><F19/><W125/><G125/><T31/><D38/><N who="1" m="21527" /><E127/><V46/><F43/><W41/><G8/><T81/><D108/><U42/><E42/><V50/><F9/><W24/><G24/><N who="0" m="16783" /><D97/><U37/><E37/><V100/><F1/><W64/><G41/><T107/><D107/><U121/><E121/><V106/><F106/><W119/><G119/><T12/><D57/><AGARI ba="0,0" hai="48,52,57,59,60,64,87,88,94,101,102" m="49163" machi="57" ten="30,3900,0" yaku="19,1,54,2" doraHai="35" who="3" fromWho="0" sc="250,-39,250,0,250,0,250,39" /><INIT seed="1,0,0,4,0,119" ten="211,250,250,289" oya="1" hai0="123,26,91,89,82,7,58,97,86,100,57,8,27" hai1="29,110,28,135,75,133,121,4,84,124,114,107,92" hai2="42,81,70,12,103,102,41,19,117,48,3,118,17" hai3="30,93,63,67,101,95,46,71,1,39,37,129,125"/><U13/><E107/><V51/><F12/><W61/><G1/><T64/><D91/><U55/><E75/><V62/><F62/><W32/><G129/><T69/><D69/><U34/><E114/><V94/><F94/><W116/><G116/><T65/><D123/><U40/><E40/><V20/><F20/><W33/><G125/><T54/><D58/><U18/><E4/><V80/><REACH who="2" step="1"/><F70/><REACH who="2" ten="211,250,240,289" step="2"/><W68/><G67/><N who="0" m="25675" /><D8/><U77/><E13/><V115/><F115/><W24/><G63/><N who="0" m="36279" /><D7/><U56/><E92/><AGARI ba="0,1" hai="26,27,82,86,89,92,97,100" m="36279,25675" machi="92" ten="30,1000,0" yaku="8,1" doraHai="119" who="0" fromWho="1" sc="211,20,250,-10,240,0,289,0" /><INIT seed="2,0,0,3,5,35" ten="231,240,240,289" oya="2" hai0="45,134,75,126,61,17,114,20,18,112,29,129,113" hai1="127,43,40,87,9,3,48,115,88,14,26,21,19" hai2="51,81,27,63,25,10,90,68,42,16,125,106,116" hai3="52,123,98,23,34,95,5,24,44,36,39,66,0"/><V78/><F116/><W89/><G123/><T79/><D61/><U99/><E115/><V73/><F106/><W30/><G66/><T33/><D45/><U77/><E127/><V37/><F125/><W86/><G34/><T55/><D55/><U41/><E3/><V8/><F37/><W121/><G121/><T118/><D126/><U135/><E135/><V49/><F90/><W102/><G5/><T128/><D75/><U92/><E77/><V101/><F101/><W46/><G0/><T32/><D79/><U119/><E119/><V107/><F107/><W50/><REACH who="3" step="1"/><G46/><REACH who="3" ten="231,240,240,279" step="2"/><T80/><D118/><U60/><E60/><V4/><F63/><W132/><G132/><T6/><D134/><U54/><E99/><V109/><F4/><W91/><G91/><T74/><D6/><U76/><E76/><V131/><F78/><W57/><G57/><T69/><D33/><U133/><E133/><V65/><F65/><W96/><G96/><T111/><D32/><U11/><REACH who="1" step="1"/><E26/><REACH who="1" ten="231,230,240,279" step="2"/><V71/><F27/><W117/><G117/><T93/><D113/><U56/><AGARI ba="0,2" hai="9,11,14,19,21,40,41,43,48,54,56,87,88,92" machi="56" ten="30,12000,2" yaku="1,1,2,1,0,1,25,2,8,1,54,1,53,0" doraHai="35" doraHaiUra="59" who="1" fromWho="1" sc="231,-30,230,140,240,-60,279,-30" /><INIT seed="3,0,0,1,3,78" ten="201,370,180,249" oya="3" hai0="91,125,80,124,24,128,53,99,38,122,106,84,76" hai1="2,4,16,73,104,90,8,102,54,47,89,130,58" hai2="135,88,101,132,43,72,105,95,92,5,116,87,10" hai3="81,30,7,69,42,117,74,20,107,121,9,41,79"/><W61/><G117/><T71/><D122/><U82/><E130/><V34/><F34/><W109/><G107/><T66/><D38/><U33/><E33/><V60/><F116/><W37/><G121/><T26/><D128/><U127/><E47/><V108/><F108/><W119/><G119/><T110/><D110/><U68/><E68/><V118/><F118/><W62/><G109/><T15/><D15/><U70/><E70/><V39/><F72/><W36/><G41/><T115/><D115/><U55/><E55/><V59/><F105/><W133/><G133/><N who="2" m="51273" /><F43/><W40/><G40/><T65/><D53/><U52/><E82/><N who="2" m="49271" /><F101/><W51/><G37/><T63/><D66/><U35/><E73/><V83/><F83/><W0/><G69/><T1/><D1/><U114/><E35/><V11/><F39/><W93/><G93/><N who="2" m="35913" /><F5/><W120/><G120/><T44/><D44/><U31/><E4/><V14/><F14/><W28/><G36/><T126/><D76/><U46/><E2/><V17/><F17/><W97/><G42/><T13/><D13/><U22/><E16/><V21/><F21/><W49/><G20/><T98/><D106/><U25/><E22/><V12/><F12/><W75/><G81/><T103/><D103/><U129/><E102/><V94/><N who="2" m="35921" /><V64/><AGARI ba="0,0" hai="10,11,59,60,64" m="35921,49271,51273" machi="64" ten="40,8000,1" yaku="4,1,20,1,52,1,54,1" doraHai="78" who="2" fromWho="2" sc="201,-20,370,-20,180,80,249,-40" owari="181,-31.9,350,45.0,260,6.0,209,-19.1" /></mjloggm>