<mjloggm ver="2.3"><GO type="225" lobby="0"/><UN n0="%E5%A4%8F%E9%88%B4%E9%88%B4%E5%A4%8F" n1="%E6%A0%B9%E5%85%83%E3%81%8B%E3%82%89%E5%90%B9%E3%81%A3%E9%A3%9B%E3%81%B6" n2="%33%74%72%65%65" n3="%E5%91%A8%E6%9D%B1" dan="16,16,17,17" rate="2148.78,2116.81,2150.45,2196.53" sx="F,F,F,M"/><TAIKYOKU oya="0"/><INIT seed="0,0,0,1,3,94" ten="250,250,250,250" oya="0" hai0="17,122,125,89,60,21,44,27,47,54,67,103,19" hai1="2,74,42,13,95,79,128,7,49,113,121,10,6" hai2="37,90,112,29,101,30,45,53,120,4,16,64,62" hai3="88,12,57,115,117,100,87,32,66,15,33,11,28"/><T3/><D3/><U36/><E121/><V69/><F120/><W133/><G117/><T48/><D122/><U8/><E128/><V96/><F112/><W22/><G115/><T93/><D125/><U26/><E113/><V40/><F4/><W123/><G123/><T31/><D103/><U1/><E49/><V106/><F90/><W78/><G133/><T84/><REACH who="0" step="1"/><D47/><REACH who="0" ten="240,250,250,250" step="2"/><U43/><E1/><V20/><REACH who="2" step="1"/><F53/><REACH who="2" ten="240,250,240,250" step="2"/><W51/><G100/><T104/><D104/><U82/><E2/><V97/><F97/><W92/><G66/><T52/><D52/><U108/><E6/><V126/><F126/><W99/><G99/><T127/><D127/><U83/><E7/><V34/><F34/><W86/><G32/><T71/><AGARI ba="0,2" hai="17,19,21,27,31,44,48,54,60,67,71,84,89,93" machi="71" ten="20,7800,0" yaku="1,1,0,1,7,1,53,1" doraHai="94" doraHaiUra="18" who="0" fromWho="0" sc="240,98,250,-26,240,-26,250,-26" /><INIT seed="0,1,0,1,0,74" ten="338,224,214,224" oya="0" hai0="25,124,71,54,87,94,92,16,36,70,93,39,130" hai1="132,110,135,6,17,52,116,88,67,123,108,60,15" hai2="18,89,61,68,13,79,77,38,11,8,69,31,121" hai3="50,85,101,62,72,106,107,102,24,33,53,122,12"/><T83/><D124/><U128/><E116/><V35/><F121/><W104/><G72/><T59/><D130/><U125/><E123/><V65/><F38/><W100/><G122/><T37/><D25/><U75/><E75/><V42/><F42/><W129/><G129/><T95/><N who="0" m="23552" /><DORA hai="105" /><T118/><D118/><U32/><E32/><V22/><F89/><W81/><G62/><T112/><D16/><U20/><E128/><V27/><REACH who="2" step="1"/><F69/><REACH who="2" ten="338,224,204,224" step="2"/><W2/><G102/><T9/><D112/><U76/><E88/><V96/><F96/><W19/><G101/><T133/><D133/><U23/><E135/><V26/><F26/><W82/><G100/><T120/><D120/><U51/><E132/><V14/><F14/><W97/><G97/><T40/><D40/><U10/><E125/><V84/><F84/><W56/><G85/><T21/><D71/><U43/><E43/><V119/><F119/><W86/><G86/><T1/><D70/><U44/><E15/><V98/><F98/><W7/><G2/><T117/><D39/><U111/><E111/><V5/><F5/><W64/><G7/><N who="0" m="1263" /><D37/><U49/><E110/><V57/><F57/><W0/><G0/><T103/><D36/><U109/><E109/><V126/><F126/><W45/><G24/><T131/><D117/><U134/><E108/><V47/><F47/><W34/><G45/><T58/><D131/><U99/><E23/><V73/><F73/><W80/><REACH who="3" step="1"/><G64/><REACH who="3" ten="338,224,204,214" step="2"/><T48/><D103/><U91/><E44/><V113/><F113/><W90/><G90/><N who="0" m="51583" /><D59/><U3/><E76/><AGARI ba="1,2" hai="8,11,13,18,22,27,31,35,61,65,68,76,77,79" machi="76" ten="40,8000,1" yaku="1,1,52,3,53,1" doraHai="74,105" doraHaiUra="28,41" who="2" fromWho="1" sc="338,0,224,-83,204,103,214,0" /><INIT seed="1,0,0,1,1,57" ten="338,141,307,214" oya="1" hai0="113,44,32,12,39,31,58,78,132,112,26,107,101" hai1="110,90,94,119,99,53,8,52,28,122,121,34,80" hai2="86,74,133,116,33,135,134,77,108,51,17,109,92" hai3="40,125,4,126,89,36,131,43,98,61,10,104,68"/><U96/><E119/><V22/><F33/><W120/><G120/><T103/><D78/><U91/><E110/><N who="2" m="42603" /><F116/><W48/><G36/><T69/><D69/><U117/><E117/><V87/><F51/><W50/><G131/><T83/><D132/><U129/><E129/><V81/><F92/><W30/><G30/><T72/><D83/><U37/><E37/><V3/><F3/><W35/><G35/><T29/><D72/><U124/><E124/><V75/><F75/><W49/><G89/><T106/><D31/><U59/><E8/><V1/><F1/><W114/><G98/><T23/><D58/><U7/><E7/><V45/><F45/><W79/><G79/><T55/><D107/><U56/><E34/><V62/><F62/><W84/><G84/><T6/><D106/><U46/><E46/><V76/><F76/><W130/><G104/><T54/><D44/><U66/><E94/><V60/><F60/><W73/><G73/><T115/><D39/><U25/><E80/><V42/><F42/><N who="3" m="15915" /><G10/><N who="0" m="4183" /><D103/><U19/><E28/><V9/><F9/><W93/><G4/><T105/><D101/><U16/><REACH who="1" step="1"/><E66/><REACH who="1" ten="338,131,307,214" step="2"/><V63/><F134/><W24/><G93/><T82/><D82/><U97/><E97/><V2/><F135/><W21/><G130/><T64/><D105/><U85/><E85/><V27/><F133/><W128/><G128/><T118/><D118/><U15/><E15/><V67/><F2/><W18/><G114/><T70/><D32/><U95/><E95/><V11/><F11/><W20/><G20/><T127/><D127/><U5/><E5/><RYUUKYOKU ba="0,1" sc="338,0,131,0,307,0,214,0" hai0="23,26,29,54,55,64,70,112,113,115" hai1="16,19,25,52,53,56,59,90,91,96,99,121,122" hai2="17,22,27,63,67,74,77,81,86,87" hai3="18,21,24,48,49,50,61,68,125,126" /><INIT seed="1,1,1,3,3,65" ten="338,131,307,214" oya="1" hai0="113,13,58,31,134,22,38,24,66,115,23,35,5" hai1="105,126,70,104,12,14,118,43,60,124,64,81,84" hai2="91,4,89,19,131,7,32,37,101,27,16,34,117" hai3="63,74,108,122,127,36,10,9,54,106,75,71,40"/><U6/><E118/><V25/><F117/><W128/><G122/><T62/><D38/><U50/><E43/><V87/><F37/><W18/><G106/><T49/><D134/><U51/><E51/><V3/><F87/><W68/><G54/><T111/><D111/><U119/><E50/><V0/><REACH who="2" step="1"/><F101/><REACH who="2" ten="338,131,297,214" step="2"/><W132/><G36/><T129/><D129/><AGARI ba="1,2" hai="0,3,4,7,16,19,25,27,32,34,89,91,129,131" machi="129" ten="25,12000,2" yaku="1,1,2,1,22,2,54,1,53,2" doraHai="65" doraHaiUra="29" who="2" fromWho="0" sc="338,-123,131,0,297,143,214,0" /><INIT seed="2,0,0,0,0,42" ten="215,131,440,214" oya="2" hai0="38,56,93,80,57,17,87,40,72,104,100,102,131" hai1="79,47,18,89,84,83,37,6,121,75,92,9,82" hai2="74,48,78,116,94,26,51,15,133,81,99,103,54" hai3="1,95,46,63,34,129,132,128,8,58,120,35,112"/><V49/><F116/><W109/><G120/><T68/><D72/><U4/><E121/><V126/><F126/><W77/><G77/><T108/><D68/><U110/><E110/><V111/><F111/><W125/><G109/><T23/><D108/><U27/><E83/><V67/><F133/><W71/><G71/><T135/><D135/><U16/><E6/><V41/><F67/><W114/><G95/><T25/><D104/><U107/><E27/><V39/><F26/><W10/><G132/><T5/><D5/><U45/><E107/><V64/><F64/><W14/><G125/><T96/><D102/><U123/><E123/><V13/><F39/><W36/><G1/><T118/><D131/><N who="3" m="50249" /><G10/><T127/><D118/><U7/><E7/><V61/><F41/><N who="3" m="22823" /><G14/><T65/><D127/><U85/><E75/><V122/><F122/><W60/><G8/><T105/><D65/><U21/><E37/><V134/><F134/><W76/><G76/><T69/><D69/><U66/><E66/><V52/><REACH who="2" step="1"/><F54/><REACH who="2" ten="215,131,430,214" step="2"/><W124/><G124/><T119/><D119/><U91/><E79/><V30/><F30/><W33/><G114/><T98/><D40/><U113/><E113/><V130/><F130/><W62/><G112/><T44/><D38/><U88/><E4/><V106/><F106/><W12/><G12/><T117/><D117/><U24/><E91/><V11/><F11/><W101/><G101/><N who="0" m="60559" /><D25/><U70/><E70/><V73/><F73/><W20/><G20/><T19/><D23/><U90/><E90/><V28/><F28/><W22/><G22/><T29/><D29/><RYUUKYOKU ba="0,1" sc="215,-30,131,10,430,10,214,10" hai1="9,16,18,21,24,45,47,82,84,85,88,89,92" hai2="13,15,48,49,51,52,61,74,78,81,94,99,103" hai3="33,34,35,58,60,62,63" /><INIT seed="2,1,1,2,2,108" ten="185,141,440,224" oya="2" hai0="84,95,34,126,78,11,50,80,20,44,1,131,88" hai1="14,29,51,55,39,128,48,17,22,77,83,93,62" hai2="91,18,43,59,37,99,87,118,46,41,57,69,98" hai3="49,19,64,61,81,10,70,68,23,86,102,135,114"/><V94/><F118/><W97/><G135/><T42/><D34/><U115/><E128/><V120/><F120/><W109/><G109/><T2/><D131/><U96/><E39/><V16/><F69/><W113/><G10/><T111/><D111/><U58/><E29/><V79/><F43/><W45/><G70/><T24/><D11/><U47/><E115/><N who="3" m="44042" /><G86/><T7/><D7/><U25/><E14/><V117/><F117/><W75/><G81/><T27/><D126/><U53/><E51/><V36/><F87/><W33/><G33/><T74/><REACH who="0" step="1"/><D27/><REACH who="0" ten="175,141,440,224" step="2"/><U15/><E25/><V100/><F36/><W130/><G130/><T31/><AGARI ba="1,2" hai="1,2,20,24,31,42,44,50,74,78,80,84,88,95" machi="31" ten="20,8000,1" yaku="1,1,2,1,0,1,7,1,54,1,53,0" doraHai="108" doraHaiUra="8" who="0" fromWho="0" sc="175,103,141,-21,440,-41,224,-21" /><INIT seed="3,0,0,2,0,110" ten="278,120,399,203" oya="3" hai0="12,95,19,47,76,102,59,100,116,70,99,58,82" hai1="17,29,25,125,128,48,28,131,42,106,46,33,53" hai2="73,104,15,34,14,77,60,129,6,117,108,135,81" hai3="39,41,112,84,68,83,74,121,91,92,132,85,114"/><W8/><G68/><T24/><D70/><U30/><E106/><V10/><F117/><W2/><G121/><T21/><D102/><U65/><E65/><V31/><F108/><W9/><G74/><T90/><D100/><U115/><E125/><V26/><F129/><W3/><G132/><T113/><D113/><U55/><E17/><V67/><F135/><W49/><G39/><T18/><D47/><U1/><E1/><V57/><F104/><W96/><G41/><T71/><D71/><U45/><E42/><V35/><F35/><W11/><G49/><T79/><D79/><U7/><E7/><V89/><F89/><W13/><G13/><AGARI ba="0,0" hai="6,10,13,14,15,26,31,34,57,60,67,73,77,81" machi="13" ten="30,1000,0" yaku="7,1" doraHai="110" who="2" fromWho="3" sc="278,0,120,0,399,10,203,-10" owari="278,7.8,120,-38.0,409,50.9,193,-20.7" /></mjloggm>