<mjloggm ver="2.3"><GO type="225" lobby="0"/><UN n0="%E6%A1%9C%E8%8A%B1%E9%96%83%E3%80%85" n1="%E3%83%B4%E3%83%A0%EF%BC%99%E3%81%A6" n2="%E3%81%8B%E3%82%8F%E3%81%A1%E3%82%83%E3%82%93%35%38" n3="%E8%BE%9B%E5%8F%A3%E3%82%AB%E3%83%AC%E3%83%BC%E3%83%A9%E3%82%A4%E3%82%B9" dan="17,17,16,16" rate="2256.57,2130.97,2156.32,2148.68" sx="M,M,M,M"/><TAIKYOKU oya="0"/><INIT seed="0,0,0,5,5,69" ten="250,250,250,250" oya="0" hai0="47,110,22,38,101,87,122,21,65,19,5,73,118" hai1="74,133,97,32,45,104,127,28,77,64,16,78,76" hai2="67,130,105,17,18,96,128,0,11,117,26,106,4" hai3="48,60,90,29,51,59,57,92,62,134,72,68,46"/><T61/><D118/><U81/><E127/><V129/><F117/><W115/><G115/><T42/><D122/><U25/><E133/><V135/><F135/><W124/><G134/><T44/><D110/><U103/><E45/><V84/><F67/><W40/><G72/><T100/><D73/><U108/><E108/><V10/><F96/><W85/><G124/><T70/><D5/><U54/><E54/><V1/><F84/><W43/><G29/><T123/><D123/><U94/><E94/><V2/><F26/><W3/><G3/><T20/><D19/><N who="2" m="7178" /><F4/><W119/><G119/><T89/><REACH who="0" step="1"/><D44/><REACH who="0" ten="240,250,250,250" step="2"/><U121/><E121/><V41/><F41/><W132/><G132/><T14/><D14/><U109/><E109/><V27/><F27/><W24/><G24/><T7/><D7/><U102/><E16/><V58/><F58/><W12/><G12/><T23/><N who="0" m="5120" /><DORA hai="112" /><T98/><D98/><U83/><E97/><V93/><F93/><AGARI ba="0,1" hai="38,42,47,61,65,70,87,89,93,100,101" m="5120" machi="93" ten="50,4800,0" yaku="1,1,52,1,53,0" doraHai="69,112" doraHaiUra="131,116" who="0" fromWho="2" sc="240,58,250,0,250,-48,250,0" /><INIT seed="0,1,0,5,4,111" ten="298,250,202,250" oya="0" hai0="118,94,4,30,93,104,52,32,82,55,22,74,81" hai1="130,124,65,6,67,9,61,117,110,90,71,126,8" hai2="49,113,21,88,58,105,50,37,3,107,135,33,133" hai3="0,15,59,42,64,128,48,120,24,43,115,75,63"/><T11/><D118/><U85/><E117/><V54/><F37/><W69/><G0/><T86/><D104/><N who="2" m="40010" /><F33/><W17/><G75/><T129/><D129/><U100/><E110/><V13/><F3/><W134/><G128/><T97/><D74/><U89/><E130/><V125/><F125/><N who="1" m="48233" /><E100/><V39/><F39/><W76/><G76/><N who="0" m="46375" /><D82/><N who="1" m="49335" /><E6/><V103/><F103/><W47/><G134/><N who="2" m="51209" /><F50/><W36/><G120/><T132/><D32/><U29/><E29/><V102/><F102/><W20/><G115/><T72/><D72/><U79/><E79/><V51/><F51/><W45/><REACH who="3" step="1"/><G24/><REACH who="3" ten="298,250,202,240" step="2"/><N who="0" m="16663" /><D132/><U114/><E114/><V73/><F73/><W41/><G41/><T18/><D4/><U122/><E122/><V108/><F108/><W12/><G12/><N who="0" m="7455" /><D97/><U92/><E65/><V46/><F113/><W95/><G95/><AGARI ba="1,1" hai="52,55,93,94,95" m="7455,16663,46375" machi="95" ten="30,2900,0" yaku="8,1,54,1" doraHai="111" who="0" fromWho="3" sc="298,42,250,0,202,0,240,-32" /><INIT seed="0,2,0,0,3,68" ten="340,250,202,208" oya="0" hai0="40,108,109,48,110,83,120,130,28,100,16,69,114" hai1="95,127,39,21,65,93,30,125,45,8,54,11,3" hai2="67,62,115,128,98,99,31,13,70,91,55,124,131" hai3="63,79,37,32,23,36,14,122,20,126,72,25,42"/><T75/><D114/><U103/><E65/><V43/><F115/><W12/><G32/><T46/><D120/><U61/><E61/><V132/><F132/><W53/><G42/><T57/><D69/><U123/><E123/><V87/><F124/><N who="1" m="47689" /><E54/><V101/><F43/><W59/><G122/><T74/><D130/><N who="2" m="49706" /><F31/><W71/><G126/><T92/><D28/><U19/><E30/><V89/><F99/><W119/><G119/><T82/><D57/><U80/><E80/><N who="0" m="30761" /><D100/><U111/><E111/><V5/><F87/><W81/><G71/><T17/><D92/><N who="1" m="35403" /><E103/><V86/><F86/><W2/><G2/><T58/><D58/><U49/><E3/><V35/><F55/><W50/><G63/><T6/><D6/><U10/><E49/><V84/><F84/><W15/><REACH who="3" step="1"/><G23/><REACH who="3" ten="340,250,202,198" step="2"/><T44/><D75/><U88/><E88/><N who="2" m="33867" /><F35/><W78/><G78/><T18/><D74/><U73/><E73/><V113/><F113/><W66/><G66/><T24/><D109/><U51/><E51/><V135/><F135/><W47/><G47/><N who="0" m="25703" /><D110/><U107/><E45/><N who="0" m="17513" /><D108/><U85/><E85/><V56/><F70/><W33/><G33/><T112/><D112/><U0/><E0/><V41/><F41/><W104/><G104/><T117/><D117/><U22/><E107/><N who="2" m="63927" /><F5/><W4/><G4/><T1/><D1/><U129/><E129/><V7/><F7/><W38/><G38/><T60/><D60/><U27/><E39/><V9/><F9/><W121/><G121/><T97/><D97/><U26/><E8/><V34/><F34/><W52/><G52/><T77/><D77/><RYUUKYOKU ba="2,1" sc="340,0,250,0,202,0,198,0" hai0="16,17,18,24" hai1="10,11,19,21,22,26,27" hai2="13,56,62,67" hai3="12,14,15,20,25,36,37,50,53,59,72,79,81" /><INIT seed="0,3,1,1,5,60" ten="340,250,202,198" oya="0" hai0="134,17,52,24,48,103,26,85,66,14,88,107,38" hai1="10,2,120,49,83,100,81,95,32,74,115,5,16" hai2="126,124,40,35,87,122,6,105,15,125,65,110,119" hai3="116,84,114,73,12,109,78,106,36,99,101,89,64"/><T27/><D134/><U13/><E120/><V62/><F122/><W25/><G114/><T39/><D66/><U131/><E115/><V0/><F110/><W4/><G36/><T30/><D30/><U130/><E32/><V22/><F35/><W46/><G116/><T132/><D132/><U108/><E108/><V79/><F119/><W9/><G109/><T3/><D3/><U117/><E49/><V37/><F105/><W19/><G46/><T18/><D107/><U21/><E117/><V113/><F113/><W20/><G78/><T72/><D72/><U31/><E31/><V94/><F0/><W55/><G55/><T93/><D103/><U59/><E59/><V41/><F37/><W44/><G44/><T97/><D97/><N who="1" m="59455" /><E74/><V53/><F53/><W80/><REACH who="3" step="1"/><G73/><REACH who="3" ten="340,250,202,188" step="2"/><T34/><D39/><U61/><E61/><V45/><F45/><W68/><G68/><T63/><D38/><U86/><E86/><V51/><F51/><W28/><G28/><T127/><D63/><U76/><E76/><V69/><F79/><W54/><G54/><T42/><D52/><U29/><E29/><V112/><F112/><W98/><G98/><T8/><D48/><U58/><E58/><V56/><F56/><W129/><G129/><AGARI ba="3,2" hai="2,5,10,13,16,21,81,83,129,130,131" m="59455" machi="129" ten="30,2000,0" yaku="19,1,54,1" doraHai="60" who="1" fromWho="3" sc="340,0,250,49,202,0,188,-29" /><INIT seed="1,0,0,4,4,122" ten="340,299,202,159" oya="1" hai0="123,96,126,73,116,19,50,51,40,48,23,91,129" hai1="119,65,4,0,118,94,37,27,76,125,114,84,57" hai2="81,113,18,41,53,109,11,34,36,104,6,52,46" hai3="69,24,130,47,107,117,97,61,59,12,22,78,106"/><U13/><E114/><V15/><F113/><W20/><G130/><T98/><D116/><U82/><E0/><V17/><F104/><W63/><G117/><T105/><D123/><U62/><E37/><V77/><F34/><W3/><G3/><T70/><D70/><U128/><E128/><V80/><F80/><W111/><G78/><T44/><D73/><U133/><E133/><V56/><F109/><W14/><G69/><T75/><D75/><U124/><E27/><V64/><F64/><W5/><G47/><T85/><D126/><N who="1" m="48747" /><E94/><V90/><F90/><W39/><G39/><T33/><D33/><U32/><E32/><V8/><F56/><W99/><G59/><T60/><D60/><U10/><AGARI ba="0,0" hai="4,10,13,57,62,65,76,82,84,118,119" m="48747" machi="10" ten="30,1500,0" yaku="18,1" doraHai="122" who="1" fromWho="1" sc="340,-5,299,15,202,-5,159,-5" /><INIT seed="1,1,0,2,1,2" ten="335,314,197,154" oya="1" hai0="87,24,125,65,29,13,59,110,98,127,67,84,114" hai1="77,41,93,85,36,26,49,74,53,71,106,12,4" hai2="113,56,66,99,78,64,8,130,96,63,5,86,18" hai3="6,133,62,120,91,72,115,94,28,124,102,54,103"/><U101/><E71/><V9/><F130/><W35/><G120/><T50/><D114/><U23/><E36/><V76/><F113/><W131/><G115/><T132/><D110/><U46/><E74/><V60/><F18/><W111/><G72/><T69/><D132/><U105/><E105/><V27/><F27/><W73/><G73/><T118/><D118/><U75/><E75/><V79/><F86/><N who="0" m="32810" /><D69/><U16/><E106/><V61/><F56/><W83/><G131/><T128/><D13/><U1/><E1/><V17/><F17/><W37/><G37/><T108/><D98/><N who="2" m="37418" /><F5/><W104/><G83/><T43/><D59/><U122/><E122/><V14/><F14/><W88/><G111/><T129/><D108/><U70/><E70/><V19/><F19/><W3/><G3/><T90/><D90/><N who="1" m="53455" /><E101/><V30/><F30/><W121/><G28/><T44/><D67/><AGARI ba="1,0" hai="8,9,60,61,63,64,66,67,76,78,79" m="37418" machi="67" ten="40,5200,0" yaku="28,2,8,1" doraHai="2" who="2" fromWho="0" sc="335,-55,314,0,197,55,154,0" /><INIT seed="2,0,0,3,3,98" ten="280,314,252,154" oya="2" hai0="126,116,124,109,27,121,80,77,81,96,15,28,91" hai1="41,86,38,50,11,74,72,82,87,31,100,69,114" hai2="94,125,123,59,112,14,105,65,95,43,57,35,78" hai3="66,17,33,131,127,71,64,47,48,117,119,9,7"/><V104/><F112/><W113/><G33/><T5/><D121/><U107/><E114/><V61/><F123/><W70/><G113/><T135/><D109/><U120/><E120/><V6/><F35/><W79/><G79/><T1/><D15/><U133/><E38/><V25/><F125/><W99/><G17/><T68/><D68/><U13/><E69/><V93/><F78/><W18/><G18/><T102/><D91/><U45/><E31/><V101/><F25/><W75/><G75/><N who="0" m="43071" /><D81/><U52/><E133/><V4/><F43/><W106/><G127/><T83/><D83/><U56/><E86/><V2/><F2/><W73/><G73/><T16/><D16/><N who="1" m="8255" /><E56/><V60/><F14/><W103/><G71/><T134/><D116/><U108/><E41/><V0/><F0/><W34/><G34/><N who="0" m="20767" /><D126/><U84/><E84/><V39/><F39/><W21/><G21/><T88/><D124/><U46/><E46/><V40/><F40/><W55/><G131/><T29/><D29/><U85/><E85/><V30/><F30/><W22/><G22/><T53/><D1/><U132/><E132/><V67/><F94/><W62/><REACH who="3" step="1"/><G66/><REACH who="3" ten="280,314,252,144" step="2"/><T122/><D122/><U111/><E74/><V26/><F26/><W36/><G36/><T42/><D135/><U8/><E72/><V110/><F110/><W12/><AGARI ba="0,1" hai="7,9,12,47,48,55,62,64,70,99,103,106,117,119" machi="12" ten="20,8000,1" yaku="1,1,0,1,7,1,52,1,53,1" doraHai="98" doraHaiUra="63" who="3" fromWho="3" sc="280,-20,314,-20,252,-40,144,90" /><INIT seed="3,0,0,5,4,129" ten="260,294,212,234" oya="3" hai0="0,32,103,55,104,114,90,35,27,81,39,61,74" hai1="40,107,132,47,43,50,91,101,45,106,111,14,34" hai2="118,42,80,4,16,11,128,56,6,113,30,25,116" hai3="2,88,135,9,77,85,1,123,60,97,82,24,94"/><W134/><G123/><T48/><D39/><U38/><E34/><N who="2" m="20815" /><F56/><W7/><G2/><T49/><D0/><U87/><E111/><V12/><F80/><W10/><G10/><T3/><D3/><U64/><E132/><N who="3" m="50730" /><G24/><T53/><D49/><U110/><E110/><V122/><F42/><W18/><G18/><T72/><D48/><U59/><E101/><V100/><F100/><N who="3" m="60471" /><G60/><T54/><D27/><U5/><E5/><N who="2" m="2155" /><F113/><W41/><G41/><T105/><D61/><U93/><E14/><N who="2" m="7263" /><F128/><W36/><G36/><T121/><D114/><U84/><E38/><V125/><F122/><W115/><G115/><T52/><D121/><U109/><E109/><V69/><F69/><W63/><G63/><T44/><D44/><U57/><E45/><V96/><F96/><W108/><G108/><T46/><D46/><U20/><E40/><V75/><F75/><W28/><G28/><T92/><D74/><U102/><E47/><V76/><F76/><AGARI ba="0,0" hai="1,7,9,76,77,82,85,88" m="60471,50730" machi="76" ten="30,12000,1" yaku="20,1,52,3,54,1" doraHai="129" who="3" fromWho="2" sc="260,0,294,0,212,-120,234,120" owari="260,-14.0,294,9.4,92,-40.8,354,45.4" /></mjloggm>