<mjloggm ver="2.3"><GO type="225" lobby="0"/><UN n0="%E8%A8%88%E7%AE%97%E6%A9%9F%E8%87%AA%E7%84%B6" n1="%E3%81%8B%E3%82%8F%E3%81%A1%E3%82%83%E3%82%93%35%38" n2="%E6%81%A5%E6%99%92%E3%81%97" n3="%E5%91%A8%E6%9D%B1" dan="17,16,17,17" rate="2135.57,2182.80,2165.66,2199.44" sx="M,M,M,M"/><TAIKYOKU oya="0"/><INIT seed="0,0,0,0,2,83" ten="250,250,250,250" oya="0" hai0="121,4,57,104,30,119,79,132,93,86,27,6,75" hai1="0,5,7,62,77,78,123,42,108,48,47,61,38" hai2="67,60,28,98,70,33,29,76,80,58,130,9,64" hai3="106,84,65,19,51,111,92,53,25,113,97,8,116"/><T66/><D119/><U36/><E123/><V87/><F130/><W52/><G113/><T69/><D121/><U74/><E108/><V20/><F33/><W24/><G116/><T45/><D104/><U18/><E74/><V94/><F9/><W43/><G111/><T40/><D69/><U102/><E102/><V12/><F70/><W89/><G65/><T127/><D75/><U128/><E128/><V107/><F107/><W23/><G24/><T99/><D127/><U133/><E133/><V71/><F71/><W124/><G124/><T134/><D57/><U101/><E101/><V114/><F114/><W81/><G106/><T126/><D66/><U14/><E0/><V100/><F67/><W39/><G39/><T54/><D54/><U96/><E96/><V90/><F76/><N who="1" m="29289" /><E38/><V109/><F109/><W41/><G8/><T35/><D126/><U46/><E46/><V85/><F87/><W117/><G117/><T120/><D120/><U95/><E95/><V3/><F3/><W2/><G2/><T17/><D86/><U44/><E44/><V82/><F82/><W118/><G118/><T110/><D79/><U21/><E36/><V125/><F125/><W88/><G53/><T56/><D110/><U63/><AGARI ba="0,0" hai="5,7,14,18,21,42,47,48,61,62,63" m="29289" machi="63" ten="30,1100,0" yaku="8,1" doraHai="83" who="1" fromWho="1" sc="250,-5,250,11,250,-3,250,-3" /><INIT seed="1,0,0,4,4,59" ten="245,261,247,247" oya="1" hai0="16,28,79,14,131,83,7,52,26,27,123,82,0" hai1="97,115,20,66,121,127,68,18,107,2,112,12,86" hai2="102,11,15,3,128,113,103,81,70,105,130,62,29" hai3="48,93,41,13,129,31,6,117,39,53,45,40,54"/><U126/><E121/><V101/><F3/><W67/><G129/><N who="2" m="49769" /><F113/><W8/><G117/><T120/><D131/><U56/><E68/><V33/><F81/><N who="0" m="30730" /><D79/><U100/><E86/><V21/><F33/><W55/><G31/><T19/><D0/><U110/><E2/><V10/><F105/><W88/><G67/><T85/><D85/><U24/><E110/><V78/><F78/><W22/><G22/><N who="0" m="15447" /><D27/><U116/><E116/><V38/><F38/><W95/><G95/><T1/><D1/><U57/><E24/><N who="2" m="16527" /><F15/><W49/><REACH who="3" step="1"/><G41/><REACH who="3" ten="245,261,247,237" step="2"/><T90/><D123/><U89/><E115/><V87/><F87/><AGARI ba="0,1" hai="6,8,13,39,40,45,48,49,53,54,55,87,88,93" machi="87" ten="40,5200,0" yaku="1,1,2,1,54,1,53,0" doraHai="59" doraHaiUra="111" who="3" fromWho="2" sc="245,0,261,0,247,-52,237,62" /><INIT seed="2,0,0,4,4,104" ten="245,261,195,299" oya="2" hai0="50,41,14,25,105,48,90,80,110,88,99,58,9" hai1="3,18,125,10,56,109,5,65,122,131,97,39,26" hai2="81,113,96,15,123,134,49,59,112,89,21,126,94" hai3="64,8,87,44,92,115,20,108,55,13,116,11,93"/><V100/><F123/><W83/><G116/><T72/><D110/><U35/><E39/><V124/><F21/><W102/><G108/><T22/><D105/><U95/><E109/><V34/><F34/><W133/><G64/><T17/><D72/><U2/><E122/><V77/><F15/><W67/><G67/><T29/><D80/><U76/><E131/><V52/><F134/><W74/><G74/><T79/><D79/><U43/><E43/><V47/><F100/><W46/><G133/><T53/><REACH who="0" step="1"/><D99/><REACH who="0" ten="235,261,195,299" step="2"/><U62/><E76/><V85/><REACH who="2" step="1"/><F47/><AGARI ba="0,1" hai="9,14,17,22,25,29,41,47,48,50,53,58,88,90" machi="47" ten="40,8000,1" yaku="1,1,2,1,8,1,54,1,53,0" doraHai="104" doraHaiUra="114" who="0" fromWho="2" sc="235,90,261,0,195,-80,299,0" /><INIT seed="3,0,0,1,3,15" ten="325,261,115,299" oya="3" hai0="41,74,46,53,43,130,31,16,124,131,68,3,80" hai1="24,99,14,94,29,132,115,110,57,45,59,4,64" hai2="51,91,90,86,134,126,62,102,88,77,82,105,70" hai3="114,78,81,111,103,89,47,106,69,34,48,65,44"/><W52/><G114/><T104/><D104/><U76/><E110/><V37/><F37/><W21/><G34/><T75/><D68/><U30/><E132/><V0/><F0/><W61/><G111/><T79/><D3/><U71/><E71/><V85/><F134/><W122/><G122/><T39/><D124/><U28/><E115/><V118/><F118/><W55/><G89/><N who="2" m="33801" /><F51/><W73/><G21/><T93/><D31/><U101/><E76/><N who="2" m="46279" /><F62/><W40/><REACH who="3" step="1"/><G47/><REACH who="3" ten="325,261,115,289" step="2"/><T63/><D46/><U97/><E97/><AGARI ba="0,1" hai="40,44,48,52,55,61,65,69,73,78,81,97,103,106" machi="97" ten="40,7700,0" yaku="1,1,2,1,54,1,53,0" doraHai="15" doraHaiUra="32" who="3" fromWho="1" sc="325,0,261,-77,115,0,289,87" owari="325,12.5,184,-21.6,115,-38.5,376,47.6" /></mjloggm>