<mjloggm ver="2.3"><GO type="225" lobby="0"/><UN n0="%E3%83%96%E3%83%83%E3%83%91%E3%82%AA%E3%83%96%E3%83%81%E3%82%AD%E3%83%B3" n1="%E5%85%88%E7%89%A9%E3%81%AF%74%72%61%73%68" n2="%E6%81%A5%E6%99%92%E3%81%97" n3="%E7%99%BD%E9%9B%AA%E4%B9%83%E6%84%9B" dan="16,17,16,16" rate="2165.57,2137.13,2074.13,2046.12" sx="M,M,M,F"/><TAIKYOKU oya="0"/><INIT seed="0,0,0,5,4,95" ten="250,250,250,250" oya="0" hai0="16,84,89,3,128,45,105,93,66,76,10,85,30" hai1="121,55,122,106,8,130,5,4,124,51,52,104,29" hai2="123,82,42,109,24,115,114,1,88,21,7,63,12" hai3="78,36,133,53,116,118,61,39,125,113,56,6,15"/><T92/><D128/><U48/><E29/><V23/><F123/><W25/><G113/><T9/><D105/><U107/><E130/><V94/><F109/><W91/><G78/><T47/><D30/><U81/><E81/><V41/><F1/><W79/><G79/><T19/><D66/><U2/><E124/><V101/><F114/><W117/><G125/><T35/><D35/><U120/><REACH who="1" step="1"/><E5/><REACH who="1" ten="250,240,250,250" step="2"/><V70/><F7/><W74/><G6/><T103/><D76/><U17/><E17/><V127/><F127/><W108/><G118/><T33/><D33/><U32/><E32/><V87/><F115/><W20/><G117/><T77/><D77/><U129/><E129/><V75/><F75/><W64/><G74/><T72/><D72/><U98/><E98/><N who="2" m="59607" /><F70/><W0/><G116/><T73/><D73/><U119/><E119/><V112/><F112/><W18/><G108/><T90/><REACH who="0" step="1"/><D3/><REACH who="0" ten="240,240,250,250" step="2"/><U80/><E80/><V31/><F82/><W100/><G0/><T86/><D86/><U49/><AGARI ba="0,2" hai="2,4,8,48,49,51,52,55,104,106,107,120,121,122" machi="49" ten="50,12000,2" yaku="1,1,0,1,29,2,54,1,53,1" doraHai="95" doraHaiUra="34" who="1" fromWho="1" sc="240,-60,240,140,250,-30,250,-30" /><INIT seed="1,0,0,3,4,99" ten="180,380,220,220" oya="1" hai0="105,70,95,130,101,11,72,41,88,109,110,90,8" hai1="71,49,63,7,59,132,68,37,85,119,76,35,84" hai2="122,45,21,32,115,96,91,3,1,28,53,15,60" hai3="97,69,34,14,94,12,117,52,48,78,133,77,54"/><U44/><E119/><V116/><F116/><W92/><G34/><T16/><D70/><U83/><E35/><V22/><F122/><W61/><G117/><T33/><D33/><U73/><E132/><V13/><F115/><W114/><G114/><T98/><D72/><U120/><E120/><V81/><F32/><W127/><G127/><T128/><D41/><U86/><E37/><V36/><F36/><W102/><G133/><T113/><D113/><U124/><E7/><V112/><F112/><W31/><G31/><T82/><D82/><U55/><REACH who="1" step="1"/><E124/><REACH who="1" ten="180,370,220,220" step="2"/><V24/><F1/><W20/><G69/><T58/><D128/><U17/><E17/><V9/><F3/><W100/><G20/><T47/><D130/><U79/><E79/><V5/><F22/><W135/><G135/><T19/><D19/><U131/><E131/><V64/><F5/><W25/><G77/><T126/><D126/><U111/><E111/><V67/><F21/><W46/><G78/><T43/><D16/><U42/><AGARI ba="0,1" hai="42,44,49,55,59,63,68,71,73,76,83,84,85,86" machi="42" ten="30,3000,0" yaku="1,1,0,1,53,0" doraHai="99" doraHaiUra="23" who="1" fromWho="1" sc="180,-10,370,40,220,-10,220,-10" /><INIT seed="1,1,0,4,2,36" ten="170,410,210,210" oya="1" hai0="114,44,40,0,35,7,87,1,73,98,13,61,135" hai1="122,45,106,69,76,18,82,52,28,24,100,74,15" hai2="65,130,56,2,58,20,85,104,22,133,46,111,120" hai3="17,129,132,90,124,91,102,77,19,50,75,10,29"/><U70/><E122/><V94/><F120/><W126/><G102/><T14/><D114/><U89/><E89/><V81/><F104/><W134/><G29/><T99/><D73/><U23/><E100/><V41/><F2/><W33/><G33/><T21/><D35/><U47/><E106/><V67/><F111/><W48/><G10/><N who="0" m="4319" /><D0/><U51/><REACH who="1" step="1"/><E47/><REACH who="1" ten="170,400,210,210" step="2"/><V62/><F46/><W127/><G127/><T57/><D44/><U128/><E128/><V30/><F130/><W117/><G129/><T11/><D135/><U68/><E68/><V60/><F133/><W39/><G126/><T84/><D57/><U66/><E66/><V26/><F94/><W9/><G124/><T3/><D99/><U27/><E27/><V79/><F58/><W86/><G91/><T64/><D98/><U53/><E53/><V83/><F56/><W88/><G88/><T6/><D64/><U101/><E101/><V80/><F65/><W59/><G90/><T110/><D110/><U107/><E107/><V72/><F67/><W118/><G59/><T38/><D1/><U37/><E37/><V108/><F26/><W93/><G39/><T125/><D125/><U63/><E63/><V55/><F60/><W43/><G134/><T32/><D61/><U113/><E113/><V42/><F108/><W96/><G132/><T8/><D38/><U123/><E123/><V54/><F62/><W105/><G105/><T78/><D3/><U12/><E12/><V112/><F112/><W97/><G97/><T25/><D14/><U119/><E119/><V116/><F116/><W34/><G117/><RYUUKYOKU ba="1,1" sc="170,-10,400,30,210,-10,210,-10" hai1="15,18,23,24,28,45,51,52,69,70,74,76,82" /><INIT seed="1,2,1,0,5,126" ten="160,430,200,200" oya="1" hai0="2,64,99,44,5,115,119,105,96,95,82,125,51" hai1="10,20,63,35,13,122,54,32,40,53,65,110,41" hai2="89,101,34,39,116,28,123,9,17,45,43,135,49" hai3="86,47,31,70,111,107,78,25,92,90,108,27,124"/><U29/><E122/><V121/><F116/><W14/><G107/><T80/><D115/><U38/><E20/><V72/><F72/><W81/><G70/><T77/><D119/><U104/><E104/><V130/><F135/><W42/><G124/><T85/><D125/><U91/><E91/><V75/><F75/><W84/><G14/><T113/><D113/><U100/><E100/><V36/><F101/><W114/><G114/><T8/><D64/><U19/><E110/><N who="3" m="42026" /><G31/><T118/><D118/><U1/><E1/><V61/><F39/><AGARI ba="2,1" hai="25,27,39,42,47,78,81,84,86,90,92" m="42026" machi="39" ten="30,1000,0" yaku="14,1" doraHai="126" who="3" fromWho="2" sc="160,0,430,0,200,-16,200,26" /><INIT seed="2,0,0,0,2,74" ten="160,430,184,226" oya="2" hai0="9,113,118,66,56,79,91,41,124,107,127,36,43" hai1="92,73,65,30,100,17,11,120,18,62,112,8,132" hai2="54,133,0,3,115,114,57,40,47,2,81,48,49" hai3="101,24,29,121,111,23,72,59,51,61,129,70,131"/><V39/><F133/><W94/><G121/><T67/><D113/><U99/><E112/><V45/><REACH who="2" step="1"/><F81/><REACH who="2" ten="160,430,174,226" step="2"/><W20/><G129/><T19/><D118/><U77/><E132/><V33/><F33/><W102/><G131/><T34/><D34/><U50/><E120/><V134/><F134/><W5/><G111/><T80/><D80/><U68/><E73/><V83/><F83/><W130/><G72/><T32/><D32/><U10/><E68/><V12/><F12/><W117/><G130/><T84/><D127/><U110/><E110/><V122/><F122/><W109/><G109/><T125/><D124/><U44/><E92/><V55/><AGARI ba="0,1" hai="0,2,3,39,40,45,47,48,49,54,55,57,114,115" machi="55" ten="40,3900,0" yaku="1,1,0,1,53,0" doraHai="74" doraHaiUra="16" who="2" fromWho="2" sc="160,-13,430,-13,174,49,226,-13" /><INIT seed="2,1,0,1,5,25" ten="147,417,223,213" oya="2" hai0="2,128,125,117,5,97,52,98,72,134,116,65,46" hai1="90,34,41,6,53,49,17,82,110,105,108,43,75" hai2="1,106,86,16,32,77,23,0,44,107,45,87,13" hai3="78,92,112,113,119,38,37,20,26,83,31,62,96"/><V93/><F32/><W67/><G119/><N who="0" m="45643" /><D72/><U71/><E105/><V85/><F77/><W14/><G14/><T111/><D111/><N who="1" m="42539" /><E71/><V57/><F93/><W109/><G109/><T114/><D114/><N who="3" m="44137" /><G96/><N who="0" m="36971" /><D125/><U61/><E34/><V79/><F79/><W50/><G50/><N who="0" m="28759" /><D134/><U54/><E6/><V68/><F68/><N who="3" m="42103" /><G92/><T80/><D128/><U102/><E102/><V69/><F69/><W81/><G81/><T121/><D121/><U133/><E133/><V36/><F107/><W7/><G7/><T51/><D65/><U66/><E17/><V127/><F16/><W63/><G63/><T130/><D130/><U19/><E19/><V56/><F106/><W3/><G3/><T131/><D131/><U74/><E74/><AGARI ba="1,0" hai="20,26,31,37,38,74,78,83" m="42103,44137" machi="74" ten="30,2000,0" yaku="11,1,52,1" doraHai="25" who="3" fromWho="1" sc="147,0,417,-23,223,0,213,23" /><INIT seed="3,0,0,0,0,124" ten="147,394,223,236" oya="3" hai0="9,122,22,96,10,135,0,58,59,95,47,109,129" hai1="125,38,35,80,67,1,119,132,88,39,103,107,127" hai2="32,82,30,76,106,117,8,85,27,33,99,23,63" hai3="48,26,83,98,50,89,54,86,21,66,55,15,126"/><W92/><G126/><N who="1" m="48138" /><E1/><V52/><F117/><W77/><G66/><T41/><D122/><U68/><E35/><V101/><REACH who="2" step="1"/><F8/><REACH who="2" ten="147,394,213,236" step="2"/><W111/><G111/><T60/><D109/><U62/><E119/><V78/><F78/><W115/><G115/><T120/><D120/><U128/><E132/><V110/><F110/><W28/><G15/><T104/><D135/><U113/><E39/><V123/><F123/><W24/><G24/><T31/><D104/><U64/><E38/><V49/><F49/><AGARI ba="0,1" hai="21,26,28,48,49,50,54,55,77,83,86,89,92,98" machi="49" ten="40,2000,0" yaku="8,1" doraHai="124" who="3" fromWho="2" sc="147,0,394,0,213,-20,236,30" /><INIT seed="3,1,0,4,0,55" ten="147,394,193,266" oya="3" hai0="61,59,76,60,26,74,104,120,4,75,12,30,47" hai1="29,69,80,70,28,43,123,14,79,126,81,95,34" hai2="132,67,8,72,16,53,131,50,83,135,133,115,65" hai3="0,105,52,118,15,90,31,129,91,19,2,128,78"/><W82/><G118/><T130/><D104/><U41/><E126/><V103/><F115/><W98/><G31/><T93/><D120/><U100/><E14/><N who="2" m="7239" /><F131/><N who="3" m="50251" /><G91/><T13/><D130/><U89/><E95/><V113/><F113/><W45/><G90/><T112/><D112/><U5/><E89/><V124/><F124/><W96/><G96/><T66/><D93/><U17/><E41/><V40/><F40/><W77/><G77/><T122/><D122/><U32/><E28/><V18/><F18/><W92/><G92/><T64/><D76/><U6/><E100/><V111/><F111/><W44/><G44/><T134/><D134/><U23/><E23/><V48/><F103/><N who="3" m="62711" /><G15/><T58/><D47/><U36/><E29/><V125/><F125/><W101/><G19/><T10/><D13/><U73/><E17/><V56/><F48/><N who="3" m="28687" /><G101/><T21/><AGARI ba="1,0" hai="4,10,12,21,26,30,58,59,60,61,64,66,74,75" machi="21" ten="20,8000,1" yaku="0,1,7,1,9,1,52,2" doraHai="55" who="0" fromWho="0" sc="147,83,394,-21,193,-21,266,-41" owari="230,3.0,373,47.3,172,-32.8,225,-17.5" /></mjloggm>