<mjloggm ver="2.3"><GO type="225" lobby="0"/><UN n0="%E5%A4%8F%E9%88%B4%E9%88%B4%E5%A4%8F" n1="%40%77%61%6B%61" n2="%E3%83%96%E3%83%83%E3%83%91%E3%82%AA%E3%83%96%E3%83%81%E3%82%AD%E3%83%B3" n3="%E6%81%A5%E6%99%92%E3%81%97" dan="16,16,16,16" rate="2104.64,2089.54,2142.36,2105.41" sx="F,M,M,M"/><TAIKYOKU oya="0"/><INIT seed="0,0,0,3,4,65" ten="250,250,250,250" oya="0" hai0="1,59,87,98,131,62,72,28,26,111,86,85,43" hai1="88,90,134,132,96,5,109,68,30,13,105,117,6" hai2="50,2,7,61,70,116,75,126,34,25,60,14,125" hai3="10,24,67,71,19,89,11,63,122,76,100,0,20"/><T31/><D72/><U8/><E117/><V80/><F75/><W94/><G122/><T40/><D131/><U15/><E109/><V118/><F2/><W33/><G76/><T51/><D111/><U115/><E115/><V79/><F50/><W113/><G113/><T108/><D108/><U9/><E30/><N who="0" m="11305" /><D1/><U16/><E16/><V92/><F25/><W3/><G100/><T128/><D128/><U38/><E38/><V17/><F7/><W21/><G33/><T18/><D98/><U45/><E45/><V110/><F92/><W53/><G53/><N who="0" m="32191" /><D62/><N who="2" m="24170" /><F34/><W47/><G47/><T49/><D49/><U103/><REACH who="1" step="1"/><E68/><REACH who="1" ten="250,240,250,250" step="2"/><V12/><F110/><W64/><G21/><AGARI ba="0,1" hai="18,21,26,40,43,85,86,87" m="32191,11305" machi="21" ten="30,1500,0" yaku="8,1" doraHai="65" who="0" fromWho="3" sc="250,25,240,0,250,0,250,-15" /><INIT seed="0,1,0,2,1,129" ten="275,240,250,235" oya="0" hai0="78,38,12,48,52,71,107,24,9,45,40,77,18" hai1="102,66,64,63,36,109,17,134,79,13,27,116,96" hai2="51,89,46,106,61,125,25,70,67,41,35,16,6" hai3="75,3,88,83,54,14,59,74,84,20,60,30,8"/><T91/><D107/><U68/><E116/><V117/><F125/><W5/><REACH who="3" step="1"/><G14/><REACH who="3" ten="275,240,250,225" step="2"/><T34/><D71/><U31/><E68/><V28/><F117/><W11/><G11/><T49/><D91/><U100/><E13/><V7/><F106/><W82/><G82/><T15/><D15/><U119/><E119/><V115/><F115/><W86/><G86/><T123/><D123/><U39/><E109/><V127/><F127/><W53/><G53/><T22/><D34/><U101/><E66/><V95/><REACH who="2" step="1"/><F16/><REACH who="2" ten="275,240,240,225" step="2"/><W50/><G50/><T2/><D2/><U92/><E17/><V132/><F132/><W29/><G29/><N who="0" m="17559" /><D38/><U93/><E134/><V128/><F128/><W56/><G56/><AGARI ba="1,2" hai="9,12,18,40,45,48,49,52,56,77,78" m="17559" machi="56" ten="30,2900,0" yaku="8,1,54,1" doraHai="129" who="0" fromWho="3" sc="275,52,240,0,240,0,225,-32" /><INIT seed="0,2,0,4,2,114" ten="327,240,240,193" oya="0" hai0="134,49,121,130,53,124,21,50,74,76,133,3,60" hai1="26,63,56,106,116,89,131,111,36,72,108,13,16" hai2="1,97,93,42,61,58,32,0,118,37,10,95,86" hai3="115,83,43,9,57,105,125,14,112,34,67,7,24"/><T109/><D3/><U102/><E131/><V15/><F32/><W129/><G129/><T87/><D121/><U44/><E72/><V96/><F86/><W28/><G125/><T120/><D120/><U2/><E2/><V40/><F37/><W104/><G43/><T135/><D109/><N who="1" m="42059" /><E26/><V127/><F127/><W117/><G83/><N who="0" m="47591" /><D124/><U59/><E89/><V62/><F15/><W30/><G30/><T79/><D130/><U75/><E75/><V25/><F25/><W20/><G117/><T8/><D21/><N who="1" m="11407" /><E102/><V73/><F73/><W123/><G123/><T70/><D8/><U38/><E106/><V122/><F122/><W11/><G34/><T85/><D74/><U100/><E100/><V107/><F10/><W101/><G9/><T54/><D79/><U19/><E19/><V69/><F107/><W128/><G128/><T6/><D6/><U64/><E56/><V45/><F58/><W71/><G57/><T39/><D135/><U98/><E98/><V119/><REACH who="2" step="1"/><F45/><REACH who="2" ten="327,240,230,193" step="2"/><W18/><G105/><T126/><D134/><U92/><E44/><V132/><F132/><W29/><G112/><T78/><D133/><U52/><E38/><V91/><F91/><W88/><G88/><T65/><D126/><U55/><E36/><V66/><F66/><W99/><REACH who="3" step="1"/><G115/><REACH who="3" ten="327,240,230,183" step="2"/><T22/><D39/><U82/><E59/><V5/><F5/><W33/><G33/><T17/><D78/><U23/><E23/><V35/><F35/><W90/><G90/><T68/><D70/><AGARI ba="2,2" hai="0,1,40,42,61,62,69,70,93,95,96,97,118,119" machi="70" ten="25,8000,1" yaku="1,1,22,2,52,2,53,0" doraHai="114" doraHaiUra="47" who="2" fromWho="0" sc="327,-86,240,0,230,106,183,0" /><INIT seed="1,0,0,1,0,19" ten="241,240,336,183" oya="1" hai0="62,90,75,0,38,116,43,42,93,103,92,108,58" hai1="78,59,81,29,119,67,51,117,102,27,22,30,63" hai2="99,33,55,4,45,130,127,89,41,100,101,87,60" hai3="11,69,31,10,97,111,50,88,39,129,34,52,36"/><U18/><E102/><N who="2" m="39531" /><F33/><W131/><G69/><T120/><D108/><U46/><E117/><V13/><F127/><W48/><G111/><T26/><D116/><U9/><E9/><N who="3" m="3082" /><G34/><T61/><D0/><U80/><E119/><V121/><F121/><W35/><G35/><T68/><D75/><U37/><E37/><N who="3" m="14410" /><G31/><T15/><D38/><U98/><E98/><V1/><F130/><N who="3" m="49675" /><G97/><N who="0" m="59815" /><D68/><U70/><E70/><V49/><F99/><W7/><G7/><T84/><D120/><U76/><E80/><N who="2" m="49383" /><F1/><W128/><N who="3" m="49683" /><W65/><DORA hai="20" /><G65/><N who="0" m="39095" /><D15/><U86/><E76/><V54/><F4/><W40/><G40/><AGARI ba="0,0" hai="18,22,27,29,30,40,46,51,59,63,67,78,81,86" machi="40" ten="30,11600,0" yaku="7,1,8,1,52,2" doraHai="19,20" who="1" fromWho="3" sc="241,0,240,116,336,0,183,-116" /><INIT seed="1,1,0,4,0,9" ten="241,356,336,67" oya="1" hai0="96,130,81,59,65,34,107,50,95,127,71,24,108" hai1="105,67,28,53,119,38,104,131,46,92,97,35,0" hai2="125,39,114,27,4,80,82,62,58,134,1,115,93" hai3="52,78,135,44,41,15,120,113,10,102,63,49,70"/><U132/><E119/><V91/><F39/><W117/><G117/><T40/><D108/><U110/><E0/><V37/><F37/><W20/><G113/><N who="2" m="43017" /><F134/><W75/><G135/><T133/><D133/><U32/><E67/><N who="2" m="39383" /><F125/><W72/><G120/><T57/><D127/><U30/><E131/><V19/><F4/><W94/><G20/><T83/><D130/><U109/><E132/><V60/><F1/><W55/><G70/><T76/><D107/><N who="1" m="41035" /><E53/><V51/><F51/><W118/><G118/><T69/><D24/><U42/><E30/><V98/><F60/><W121/><G121/><T100/><D34/><N who="1" m="12843" /><E28/><V31/><F19/><W12/><G75/><T103/><D69/><U88/><E46/><V48/><F48/><W126/><G126/><T7/><D71/><U129/><E38/><V77/><F77/><W89/><G102/><N who="0" m="60703" /><D7/><U33/><E33/><AGARI ba="1,0" hai="27,31,33,80,82,91,93,98" m="39383,43017" machi="33" ten="30,1000,0" yaku="11,1" doraHai="9" who="2" fromWho="1" sc="241,0,356,-13,336,13,67,0" /><INIT seed="2,0,0,0,3,47" ten="241,343,349,67" oya="2" hai0="84,28,72,126,6,35,90,81,1,16,108,52,23" hai1="22,37,46,83,18,130,133,63,100,58,82,129,53" hai2="54,104,31,62,50,32,110,119,93,97,101,98,38" hai3="111,87,27,74,120,57,20,121,13,56,64,123,132"/><V79/><F119/><W115/><G74/><T41/><D108/><U105/><E133/><V10/><F38/><W88/><G132/><T106/><D126/><U94/><E105/><V5/><F110/><W2/><G111/><T85/><D106/><U75/><E100/><V128/><F128/><N who="1" m="49257" /><E94/><V68/><F79/><W92/><G2/><T49/><D72/><U61/><E61/><V55/><F32/><W118/><G118/><T48/><D41/><N who="1" m="22831" /><E75/><V127/><F31/><W30/><G115/><T116/><D116/><U25/><AGARI ba="0,0" hai="18,22,25,53,58,63,82,83" m="22831,49257" machi="25" ten="30,1100,0" yaku="19,1" doraHai="47" who="1" fromWho="1" sc="241,-3,343,11,349,-5,67,-3" /><INIT seed="3,0,0,0,1,57" ten="238,354,344,64" oya="3" hai0="110,93,48,124,25,96,49,15,122,70,76,95,47" hai1="64,131,133,128,16,51,119,36,65,108,75,115,19" hai2="6,40,8,101,127,56,73,37,117,74,109,42,80" hai3="98,9,63,4,43,91,60,11,121,118,69,72,50"/><W84/><G118/><T83/><D122/><U14/><E115/><V35/><F117/><W71/><G121/><T134/><D110/><U88/><E75/><V54/><F35/><W41/><G72/><T28/><D70/><U2/><E2/><V10/><F109/><W113/><G113/><T38/><D124/><U94/><E36/><V59/><F127/><W112/><G112/><T62/><D134/><U126/><E108/><V31/><F31/><W52/><G98/><T3/><D3/><U12/><E133/><V90/><F101/><W1/><G11/><N who="2" m="4137" /><F6/><W82/><G69/><T106/><D15/><N who="1" m="5675" /><E51/><N who="2" m="30815" /><F37/><W79/><G79/><T7/><D7/><U86/><E119/><V13/><F74/><W61/><REACH who="3" step="1"/><G71/><REACH who="3" ten="238,354,344,54" step="2"/><T27/><D96/><U77/><E77/><V123/><F73/><W129/><G129/><N who="1" m="49738" /><E126/><V17/><F123/><W23/><G23/><T29/><D106/><U20/><E20/><N who="2" m="11311" /><F59/><AGARI ba="0,1" hai="1,4,9,41,43,50,52,59,60,61,63,82,84,91" machi="59" ten="40,18000,2" yaku="1,1,52,3,54,1,53,1" doraHai="57" doraHaiUra="78" who="3" fromWho="2" sc="238,0,354,0,344,-180,54,190" /><INIT seed="3,1,0,4,4,117" ten="238,354,164,244" oya="3" hai0="40,1,106,113,46,116,132,3,105,48,118,36,91" hai1="53,44,20,25,26,80,60,103,129,108,121,119,66" hai2="37,58,23,6,128,123,56,104,85,15,64,35,27" hai3="45,16,130,102,135,59,88,31,43,34,110,90,14"/><W29/><G130/><T42/><D91/><U76/><E121/><V92/><F128/><W99/><G135/><T0/><D48/><U41/><E108/><V7/><F104/><N who="0" m="40042" /><D42/><U111/><E129/><V133/><F37/><W10/><G110/><T83/><D132/><U39/><E103/><V67/><F35/><W81/><G102/><T89/><D89/><U38/><E39/><V68/><F133/><W78/><G59/><T93/><D93/><U73/><E119/><N who="0" m="45609" /><D83/><U97/><E111/><V52/><F68/><W134/><G134/><T70/><D113/><U61/><E97/><V54/><F92/><N who="3" m="56711" /><G90/><T124/><D124/><U11/><E80/><V30/><F85/><N who="3" m="48311" /><G34/><T13/><D13/><U87/><E73/><V75/><F15/><W51/><AGARI ba="1,0" hai="10,14,16,29,31,43,45,51" m="48311,56711" machi="51" ten="30,6000,0" yaku="8,1,54,2" doraHai="117" who="3" fromWho="3" sc="238,-21,354,-21,164,-21,244,63" /><INIT seed="3,2,0,0,2,106" ten="217,333,143,307" oya="3" hai0="27,23,98,88,18,40,46,111,112,8,107,25,55" hai1="115,66,60,120,48,26,70,99,3,78,22,31,116" hai2="52,125,131,100,4,61,102,87,127,90,119,43,5" hai3="19,105,124,126,108,104,20,56,2,75,54,85,84"/><W42/><G2/><T38/><D111/><U16/><E3/><V9/><F119/><W121/><G121/><T68/><D68/><U65/><E116/><V113/><F113/><W33/><G33/><T96/><D112/><U58/><E115/><V73/><F43/><W133/><G42/><T30/><D8/><U36/><E36/><V101/><F131/><W6/><G6/><T15/><D55/><U69/><E120/><V12/><F5/><W94/><G108/><T37/><D37/><U34/><E78/><V44/><F73/><W50/><G133/><T81/><D107/><U10/><E99/><V57/><REACH who="2" step="1"/><F44/><REACH who="2" ten="217,333,133,307" step="2"/><W62/><G75/><T64/><D64/><U129/><E66/><V1/><F1/><W39/><G39/><T132/><D132/><U28/><E129/><V7/><F7/><W59/><G124/><T80/><D27/><U53/><E65/><V13/><F13/><N who="3" m="9327" /><G126/><T89/><D46/><U0/><E0/><V67/><F67/><N who="3" m="39367" /><G85/><N who="0" m="50215" /><D38/><U86/><E69/><V134/><F134/><W118/><G118/><T77/><D40/><U74/><E70/><V41/><F41/><W24/><G24/><T21/><D77/><U135/><E135/><V11/><F11/><W109/><G109/><T82/><D98/><U110/><E10/><V114/><F114/><W17/><G17/><T92/><AGARI ba="2,1" hai="15,18,21,23,25,30,81,82,89,92,96" m="50215" machi="92" ten="30,2000,0" yaku="8,1,54,1" doraHai="106" who="0" fromWho="0" sc="217,36,333,-7,133,-7,307,-12" owari="253,-14.7,326,42.6,126,-37.4,295,9.5" /></mjloggm>