<mjloggm ver="2.3"><GO type="225" lobby="0"/><UN n0="%72%69%6F%75%63%68%61%6E" n1="%E3%83%96%E3%83%83%E3%83%91%E3%82%AA%E3%83%96%E3%83%81%E3%82%AD%E3%83%B3" n2="%E3%81%BE%E3%81%A8%E3%81%9F" n3="%E3%83%B4%E3%83%A0%EF%BC%99%E3%81%A6" dan="16,16,16,17" rate="2072.19,2205.41,2086.59,2132.74" sx="M,M,M,M"/><TAIKYOKU oya="0"/><INIT seed="0,0,0,1,1,109" ten="250,250,250,250" oya="0" hai0="0,113,75,111,125,51,10,15,81,27,73,61,129" hai1="64,85,21,2,23,6,53,46,54,8,92,9,84" hai2="121,40,43,42,106,30,22,134,39,70,66,103,38" hai3="63,135,124,117,128,126,67,116,20,11,34,76,99"/><T41/><D113/><U26/><E64/><V65/><F121/><W79/><G34/><T25/><D111/><U118/><E118/><N who="3" m="45674" /><G11/><T80/><D129/><U5/><E92/><V37/><F134/><W104/><G20/><T100/><D125/><N who="3" m="48233" /><G135/><T133/><D133/><U71/><E71/><V119/><F119/><W3/><G3/><T17/><D100/><U110/><E110/><V90/><F90/><W82/><G128/><T59/><D0/><U122/><E122/><V62/><F66/><W55/><G55/><N who="0" m="34047" /><D75/><U18/><E46/><V50/><F103/><N who="3" m="62591" /><G82/><N who="0" m="31851" /><D73/><U47/><E47/><AGARI ba="0,0" hai="10,15,17,25,27,41,47,51" m="31851,34047" machi="47" ten="30,1500,0" yaku="8,1" doraHai="109" who="0" fromWho="1" sc="250,15,250,-15,250,0,250,0" /><INIT seed="0,1,0,4,3,24" ten="265,235,250,250" oya="0" hai0="60,53,83,112,87,105,22,128,110,95,135,101,44" hai1="63,107,59,115,17,119,94,48,12,71,89,55,74" hai2="52,113,120,21,109,85,40,75,121,14,132,56,5" hai3="91,134,117,29,97,35,62,6,66,79,93,111,38"/><T131/><D112/><U68/><E119/><V72/><F113/><W50/><G117/><T19/><D135/><U98/><E115/><V102/><F132/><W18/><G134/><T33/><D33/><U130/><E130/><N who="0" m="49705" /><D110/><U7/><E74/><V15/><F109/><W86/><G38/><T82/><D105/><U129/><E129/><V20/><F40/><W116/><G116/><T108/><D108/><U36/><E36/><V26/><F102/><W28/><G35/><T57/><D44/><U81/><E107/><V37/><F37/><W106/><G111/><T99/><D87/><U8/><E81/><V133/><F133/><W65/><G6/><T122/><D122/><U77/><E77/><V114/><F85/><W64/><G62/><T51/><D51/><U43/><E43/><V58/><F5/><W103/><G50/><T61/><D61/><U10/><REACH who="1" step="1"/><E48/><REACH who="1" ten="265,225,250,250" step="2"/><V49/><F49/><W76/><G76/><T127/><D127/><U41/><E41/><V104/><F114/><W73/><G18/><T31/><D31/><U125/><E125/><V88/><F104/><W45/><G45/><T9/><D9/><U96/><E96/><V13/><F75/><W54/><G73/><T80/><D80/><U0/><AGARI ba="1,1" hai="0,7,8,10,12,17,55,59,63,68,71,89,94,98" machi="0" ten="20,5200,0" yaku="1,1,0,1,7,1,53,1" doraHai="24" doraHaiUra="34" who="1" fromWho="1" sc="265,-27,225,65,250,-14,250,-14" /><INIT seed="1,0,0,5,3,75" ten="238,290,236,236" oya="1" hai0="114,66,62,108,2,4,13,78,60,127,128,29,135" hai1="111,81,30,96,33,51,10,59,117,86,12,73,110" hai2="94,40,37,107,87,54,134,26,11,25,97,57,47" hai3="101,83,44,72,45,109,50,93,124,116,121,113,32"/><U46/><E117/><V42/><F134/><W27/><G121/><T14/><D114/><U52/><E73/><V67/><F42/><W105/><G113/><T102/><D135/><U82/><E96/><V115/><F115/><W24/><G105/><T68/><D108/><N who="1" m="41515" /><E33/><V48/><F11/><W36/><G32/><T53/><D127/><U122/><E30/><V9/><F9/><W88/><G101/><T63/><D128/><U15/><E122/><V18/><F18/><W77/><G116/><T55/><D102/><U41/><E10/><V71/><F87/><W34/><G124/><T3/><D4/><U39/><E82/><V98/><F107/><W35/><G35/><T131/><D131/><U123/><E123/><V69/><F69/><W70/><G70/><T80/><D29/><U106/><E106/><V43/><F43/><W49/><G34/><T91/><D91/><AGARI ba="0,0" hai="12,15,39,41,46,51,52,59,81,86,91" m="41515" machi="91" ten="30,5800,0" yaku="14,1,10,1,54,1" doraHai="75" who="1" fromWho="0" sc="238,-58,290,58,236,0,236,0" /><INIT seed="1,1,0,4,2,19" ten="180,348,236,236" oya="1" hai0="124,59,107,81,90,78,17,36,105,112,125,55,42" hai1="8,6,60,66,51,83,44,53,40,61,122,67,117" hai2="114,46,54,37,29,127,103,16,57,30,74,85,68" hai3="49,70,130,120,104,101,82,97,135,62,132,113,133"/><U89/><E117/><V106/><F74/><W18/><G113/><T26/><D112/><U52/><E122/><V3/><F3/><W39/><G120/><T84/><D36/><U80/><E89/><V1/><F1/><W11/><G39/><T88/><D42/><U4/><E8/><V96/><F68/><W31/><G130/><T110/><D110/><U47/><E51/><V14/><F127/><N who="0" m="48714" /><D26/><U86/><E86/><V13/><F13/><N who="3" m="7487" /><G49/><N who="0" m="31215" /><D17/><U94/><E94/><V93/><F114/><W24/><G82/><N who="0" m="49175" /><D90/><U91/><E91/><V129/><F85/><AGARI ba="1,0" hai="78,81,85,105,107" m="49175,31215,48714" machi="85" ten="30,2000,0" yaku="18,1,54,1" doraHai="19" who="0" fromWho="2" sc="180,23,348,0,236,-23,236,0" /><INIT seed="2,0,0,2,3,63" ten="203,348,213,236" oya="2" hai0="88,41,108,135,42,12,22,132,59,30,56,18,57" hai1="65,35,45,43,9,128,58,90,112,127,84,129,34" hai2="110,70,62,5,91,109,51,38,13,53,95,1,61" hai3="116,44,14,74,102,69,76,83,23,16,24,82,64"/><V99/><F38/><W106/><G116/><T26/><D108/><N who="2" m="41578" /><F1/><W121/><G121/><T52/><D88/><U101/><E112/><V81/><F81/><W39/><G82/><T3/><D3/><U71/><E71/><V17/><F5/><W54/><G102/><T8/><REACH who="0" step="1"/><D52/><REACH who="0" ten="193,348,213,236" step="2"/><U115/><E90/><V21/><F70/><W123/><G54/><T48/><D48/><U67/><E115/><V122/><F122/><W50/><G50/><T27/><D27/><U19/><E128/><V36/><F36/><W87/><G123/><T85/><D85/><U40/><E129/><V28/><F28/><W98/><G87/><T31/><D31/><U73/><E84/><V46/><AGARI ba="0,1" hai="13,17,21,46,51,53,61,62,91,95,99" m="41578" machi="46" ten="30,3000,0" yaku="14,1,10,1" doraHai="63" who="2" fromWho="2" sc="193,-10,348,-10,213,40,236,-10" /><INIT seed="2,1,0,0,4,124" ten="183,338,253,226" oya="2" hai0="27,11,3,56,100,65,110,55,83,18,15,112,77" hai1="6,131,133,76,120,46,105,95,19,79,33,21,39" hai2="1,44,57,30,37,84,85,24,128,114,88,26,106" hai3="9,126,80,87,10,5,51,36,41,53,4,81,42"/><V93/><F106/><W101/><G36/><T25/><D110/><U86/><E105/><V2/><F114/><W43/><G126/><T117/><D112/><U69/><E33/><V48/><F26/><W59/><G101/><T82/><D117/><U108/><E69/><V70/><F70/><W119/><G119/><T91/><D3/><U125/><E6/><V115/><F115/><W104/><G104/><T45/><D100/><U60/><E60/><V58/><F37/><W38/><G38/><T62/><D91/><N who="1" m="53751" /><E125/><V47/><F47/><W102/><G102/><T34/><D34/><U78/><E133/><V71/><F71/><W0/><REACH who="3" step="1"/><G87/><REACH who="3" ten="183,338,253,216" step="2"/><N who="0" m="48591" /><D83/><U121/><E39/><V8/><F84/><W12/><AGARI ba="1,1" hai="0,4,5,9,10,12,41,42,43,51,53,59,80,81" machi="12" ten="30,2000,0" yaku="1,1,0,1,53,0" doraHai="124" doraHaiUra="135" who="3" fromWho="3" sc="183,-6,338,-6,253,-11,216,33" /><INIT seed="3,0,0,4,1,68" ten="177,332,242,249" oya="3" hai0="66,29,3,115,67,13,105,104,85,10,73,101,110" hai1="63,7,27,12,41,129,50,130,53,47,112,114,77" hai2="49,107,6,117,103,118,52,65,22,83,59,125,94" hai3="4,57,46,58,93,38,20,25,132,17,124,109,48"/><W60/><G124/><T1/><D73/><U55/><E77/><V56/><F125/><W5/><G132/><T99/><D105/><U42/><E27/><V0/><F107/><W111/><G93/><T90/><D110/><N who="3" m="41993" /><G38/><T32/><D115/><N who="1" m="44075" /><E12/><V74/><F59/><N who="3" m="22539" /><G60/><T34/><D1/><U9/><E63/><V44/><F44/><W91/><G91/><T28/><D3/><N who="1" m="255" /><E55/><AGARI ba="0,0" hai="4,5,17,20,25,46,48,55" m="22539,41993" machi="55" ten="30,2900,0" yaku="14,1,10,1" doraHai="68" who="3" fromWho="1" sc="177,0,332,-29,242,0,249,29" /><INIT seed="3,1,0,2,4,76" ten="177,303,242,278" oya="3" hai0="116,55,123,93,45,29,23,36,25,63,70,117,121" hai1="108,112,37,32,118,15,95,84,1,20,88,74,7" hai2="120,47,48,122,131,42,127,10,16,4,115,54,97" hai3="21,91,68,98,31,90,83,135,101,12,39,8,134"/><W34/><G39/><T57/><D70/><U13/><E112/><V18/><F115/><W52/><G68/><T3/><D3/><U86/><E74/><V73/><F127/><W44/><G34/><T35/><D35/><U28/><E108/><V106/><F73/><W130/><G130/><T113/><D113/><U66/><E37/><V40/><F131/><W87/><G90/><T96/><D36/><U78/><E118/><V30/><F30/><W56/><G21/><T59/><D45/><U22/><E66/><V114/><F97/><W82/><G82/><T89/><REACH who="0" step="1"/><D57/><REACH who="0" ten="167,303,242,278" step="2"/><U119/><E1/><N who="2" m="271" /><F114/><W64/><G44/><T128/><D128/><U11/><E32/><V5/><F47/><W65/><G134/><T72/><D72/><U71/><E71/><V133/><F133/><W111/><G135/><T77/><D77/><U69/><E78/><V60/><F120/><W85/><G111/><T43/><D43/><U17/><E69/><V38/><F40/><W6/><G31/><T51/><D51/><U49/><E49/><V75/><F75/><W132/><G132/><T92/><D92/><U102/><E119/><V14/><F38/><W105/><G85/><T26/><D26/><N who="1" m="16471" /><E84/><V107/><F42/><W110/><G110/><T61/><D61/><AGARI ba="1,1" hai="6,8,12,52,56,61,64,65,83,87,91,98,101,105" machi="61" ten="30,5800,0" yaku="7,1,52,1,54,1" doraHai="76" who="3" fromWho="0" sc="167,-61,303,0,242,0,278,71" owari="106,-39.4,303,10.3,242,-15.8,349,44.9" /></mjloggm>