<mjloggm ver="2.3"><GO type="225" lobby="0"/><UN n0="%E3%82%8F%E3%81%8B%E3%81%B0%2A%E3%82%AC%E3%83%BC%E3%83%AB" n1="%E6%9C%88%E5%B3%B6%E5%9F%BA" n2="%E3%82%BC%E3%83%AB%E3%83%80%E3%81%AE%E4%BC%9D%E8%AA%AC" n3="%E3%83%96%E3%83%83%E3%83%91%E3%82%AA%E3%83%96%E3%83%81%E3%82%AD%E3%83%B3" dan="16,17,17,16" rate="2084.21,2173.00,2113.75,2159.22" sx="M,M,M,M"/><TAIKYOKU oya="0"/><INIT seed="0,0,0,2,5,84" ten="250,250,250,250" oya="0" hai0="107,28,36,119,132,35,76,59,32,52,25,111,124" hai1="101,2,68,109,46,74,27,83,58,20,128,108,31" hai2="102,78,106,80,22,117,38,40,43,131,6,19,7" hai3="48,13,96,120,95,114,118,53,60,99,98,72,82"/><T9/><D119/><U34/><E68/><V1/><F117/><W16/><G114/><T129/><D36/><U8/><E101/><V37/><F131/><W39/><G118/><T71/><D129/><U5/><E128/><V54/><F106/><W75/><G39/><T90/><D107/><U42/><E58/><V97/><F38/><W100/><G120/><T88/><D35/><U73/><E20/><V77/><F54/><W103/><G60/><N who="0" m="35943" /><D71/><U122/><E122/><V47/><F43/><W14/><G14/><T64/><D64/><U18/><E18/><V51/><F37/><W49/><G49/><T121/><D121/><U104/><E104/><V67/><F67/><W62/><G62/><T69/><D69/><U66/><E66/><V45/><F45/><W112/><G112/><T15/><D76/><U86/><E74/><V93/><F1/><W91/><G82/><T24/><D24/><U12/><E73/><V126/><F126/><W87/><G72/><T127/><D111/><U116/><E116/><V130/><F130/><W133/><G133/><T3/><D3/><U123/><E123/><V105/><F105/><W85/><G75/><T33/><D33/><U113/><E113/><V94/><F94/><W21/><G87/><T0/><D0/><U26/><E2/><V11/><F80/><W30/><G30/><T81/><D81/><U92/><E83/><V63/><F63/><W44/><AGARI ba="0,0" hai="13,16,21,44,48,53,85,91,95,96,98,99,100,103" machi="44" ten="30,7900,0" yaku="0,1,8,1,52,1,54,1" doraHai="84" who="3" fromWho="3" sc="250,-39,250,-20,250,-20,250,79" /><INIT seed="1,0,0,2,4,68" ten="211,230,230,329" oya="1" hai0="54,84,31,11,43,10,65,77,119,53,133,121,59" hai1="64,87,69,101,86,35,17,83,23,111,13,70,92" hai2="85,30,8,44,105,120,114,40,112,6,127,36,129" hai3="78,46,52,19,33,72,55,99,131,15,115,63,134"/><U113/><E113/><N who="2" m="43627" /><F120/><W16/><G115/><T90/><D121/><U74/><E35/><V91/><F127/><W95/><G33/><T80/><D119/><U128/><E111/><V106/><F30/><W108/><G108/><T123/><D123/><U34/><E34/><V3/><F129/><W117/><G117/><T25/><D133/><U48/><E128/><V100/><F100/><W116/><G116/><T96/><D43/><U118/><E118/><V21/><F21/><W73/><G131/><T102/><D77/><U79/><E64/><V76/><F76/><W32/><G32/><T104/><D65/><U98/><E86/><V41/><F41/><W51/><G78/><T124/><D124/><U110/><E110/><V89/><F89/><W47/><G134/><T122/><D122/><U5/><E5/><V56/><F56/><W82/><G19/><T93/><D104/><U103/><E103/><V71/><F71/><W61/><G73/><T38/><D38/><U7/><E7/><V81/><AGARI ba="0,0" hai="3,6,8,36,40,44,81,85,91,105,106" m="43627" machi="81" ten="30,2000,0" yaku="11,1,52,1" doraHai="68" who="2" fromWho="2" sc="211,-5,230,-10,230,20,329,-5" /><INIT seed="2,0,0,3,3,24" ten="206,220,250,324" oya="2" hai0="21,129,22,8,25,84,1,100,64,37,43,19,2" hai1="122,41,30,38,118,18,48,119,68,115,63,82,90" hai2="15,103,75,44,86,33,121,125,132,35,57,88,69" hai3="123,77,95,97,96,40,67,114,113,5,70,74,12"/><V10/><F69/><W112/><G123/><T4/><D129/><U56/><E115/><V7/><F75/><W78/><G40/><T27/><D100/><U76/><E122/><V105/><F121/><W79/><G74/><T16/><D64/><U59/><E90/><V3/><F125/><W106/><G106/><T62/><D62/><U109/><E18/><V116/><F116/><N who="1" m="44585" /><E30/><V111/><F132/><W51/><G51/><T23/><D84/><U52/><E82/><V42/><F111/><W13/><G5/><T20/><REACH who="0" step="1"/><D1/><REACH who="0" ten="196,220,250,324" step="2"/><U60/><E109/><V73/><F73/><W17/><G67/><T9/><D9/><U85/><E85/><V14/><F103/><W29/><G114/><T46/><AGARI ba="0,1" hai="2,4,8,16,19,20,21,22,23,25,27,37,43,46" machi="46" ten="30,7900,0" yaku="1,1,0,1,9,1,54,1,53,0" doraHai="24" doraHaiUra="134" who="0" fromWho="0" sc="196,89,220,-20,250,-39,324,-20" /><INIT seed="3,0,0,2,0,73" ten="285,200,211,304" oya="3" hai0="23,97,11,119,12,134,21,31,49,71,10,39,56" hai1="102,14,51,54,87,75,113,62,129,66,43,78,37" hai2="59,25,126,84,70,36,27,38,50,91,69,65,19" hai3="89,64,7,114,86,35,98,131,30,33,112,107,130"/><W72/><G72/><T108/><D71/><U63/><E113/><V105/><F105/><W3/><G64/><T40/><D119/><U20/><E129/><N who="3" m="49162" /><G3/><T13/><D39/><U77/><E75/><V116/><F116/><W67/><G7/><T15/><D108/><U109/><E37/><V18/><F126/><W123/><G67/><T127/><D134/><U1/><E1/><V94/><F38/><W96/><G123/><T92/><D127/><U5/><E109/><V48/><F36/><W26/><G35/><T28/><D23/><U45/><E102/><V0/><F0/><W90/><G90/><T115/><D115/><N who="3" m="44073" /><G107/><T60/><D21/><U103/><E103/><V74/><F74/><W110/><G110/><T46/><D10/><N who="1" m="4431" /><E66/><V53/><F69/><W61/><G61/><N who="1" m="23050" /><E87/><V16/><F65/><W22/><G33/><T29/><D11/><U124/><E124/><V93/><F70/><W68/><G68/><T44/><D60/><U121/><E121/><V85/><F50/><W101/><G101/><N who="0" m="60583" /><D40/><U8/><E8/><V83/><F85/><W100/><G100/><T128/><D128/><U82/><E82/><AGARI ba="0,0" hai="22,26,30,82,86,89,96,98" m="44073,49162" machi="82" ten="30,1500,0" yaku="19,1" doraHai="73" who="3" fromWho="1" sc="285,0,200,-15,211,0,304,15" owari="285,8.5,185,-31.5,211,-18.9,319,41.9" /></mjloggm>