<mjloggm ver="2.3"><GO type="225" lobby="0"/><UN n0="%E7%9A%AE%E3%80%85" n1="%E7%99%BD%E5%80%89%E5%AF%9B%E4%B9%8B" n2="%73%61%6E%64%69%72%69%73" n3="%77%72%77%72%77%72%77%72" dan="16,16,17,16" rate="2210.07,2153.64,2181.52,2105.55" sx="F,M,M,M"/><TAIKYOKU oya="0"/><INIT seed="0,0,0,2,1,18" ten="250,250,250,250" oya="0" hai0="1,6,35,79,94,119,25,8,134,105,13,41,22" hai1="57,48,54,102,11,66,107,3,27,112,64,4,67" hai2="95,125,36,65,60,72,124,101,132,135,38,114,14" hai3="21,84,91,68,108,2,69,0,90,127,9,82,30"/><T49/><D105/><U40/><E112/><V81/><F14/><W44/><G108/><T24/><D119/><U85/><E40/><V53/><F95/><W118/><G118/><T31/><D79/><U70/><E85/><V76/><F101/><W110/><G110/><T34/><D94/><U56/><E70/><N who="2" m="42279" /><F53/><W71/><G127/><N who="2" m="48713" /><F114/><W104/><G104/><T16/><D134/><AGARI ba="0,0" hai="36,38,72,76,81,132,134,135" m="48713,42279" machi="134" ten="30,3900,0" yaku="20,1,18,1,23,1" doraHai="18" who="2" fromWho="0" sc="250,-39,250,0,250,39,250,0" /><INIT seed="1,0,0,4,1,107" ten="211,250,289,250" oya="1" hai0="130,106,46,67,91,122,30,44,4,12,7,108,0" hai1="79,45,62,31,17,84,71,63,134,105,22,116,40" hai2="83,43,47,123,132,92,16,3,128,126,49,54,135" hai3="6,120,73,29,28,104,38,50,24,35,94,129,110"/><U33/><E105/><V98/><F123/><W82/><G120/><T69/><D106/><U53/><E116/><V14/><F3/><W109/><G104/><T20/><D122/><U18/><E134/><N who="2" m="51243" /><F83/><W59/><G38/><T103/><D103/><U13/><E71/><V58/><F128/><W19/><G129/><T64/><D130/><U68/><E68/><V74/><F126/><W26/><G6/><T113/><D113/><U23/><E31/><V2/><F2/><W75/><G19/><T124/><D124/><U36/><E33/><V88/><F74/><W114/><G114/><T61/><D0/><U89/><E79/><V42/><F47/><W118/><G118/><T133/><D133/><U117/><E53/><V9/><AGARI ba="0,0" hai="9,14,16,42,43,49,54,58,88,92,98" m="51243" machi="9" ten="30,4000,0" yaku="20,1,54,2" doraHai="107" who="2" fromWho="2" sc="211,-10,250,-20,289,40,250,-10" /><INIT seed="2,0,0,5,0,2" ten="201,230,329,240" oya="2" hai0="101,14,76,75,63,79,127,35,31,125,108,70,58" hai1="54,131,47,30,100,71,113,5,62,88,29,116,117" hai2="77,12,87,99,115,34,36,91,107,72,118,86,84" hai3="128,98,1,24,16,80,96,42,25,45,105,106,83"/><V121/><F34/><W48/><G1/><T53/><D70/><U97/><E113/><V66/><F36/><W43/><G128/><T93/><D108/><U90/><E131/><V95/><F66/><W18/><G48/><T49/><D75/><U26/><E30/><V129/><F129/><W123/><REACH who="3" step="1"/><G45/><REACH who="3" ten="201,230,329,230" step="2"/><T4/><D49/><U57/><E47/><V112/><F112/><W40/><G40/><T124/><D35/><U50/><E50/><V73/><F115/><W15/><G15/><T110/><D110/><U32/><E117/><V81/><F118/><W21/><G21/><T74/><D74/><N who="2" m="28778" /><F12/><W28/><G28/><T51/><D31/><U60/><E116/><V69/><F69/><W56/><G56/><T8/><D51/><U41/><E41/><V109/><F109/><W89/><G89/><T3/><D3/><U10/><E71/><V103/><F121/><AGARI ba="0,1" hai="16,18,24,25,42,43,80,83,96,98,105,106,121,123" machi="121" ten="25,6400,0" yaku="1,1,22,2,54,1,53,0" doraHai="2" doraHaiUra="82" who="3" fromWho="2" sc="201,0,230,0,329,-64,230,74" /><INIT seed="3,0,0,5,5,26" ten="201,230,265,304" oya="3" hai0="73,84,8,39,87,37,0,47,57,25,93,128,76" hai1="115,29,80,85,89,2,107,102,13,105,135,53,3" hai2="109,133,52,7,99,81,114,120,15,100,31,123,71" hai3="14,116,78,125,1,49,19,61,75,106,43,6,58"/><W134/><G116/><T27/><D128/><U104/><E115/><V46/><F114/><W12/><G106/><T4/><D57/><U130/><E130/><V119/><F71/><W82/><G134/><T97/><D39/><U63/><E135/><V121/><F119/><W92/><G125/><T110/><D110/><U50/><E102/><V38/><F109/><W68/><G92/><T88/><D25/><U66/><E13/><V60/><F81/><W90/><G90/><T74/><D27/><U79/><E79/><V131/><F131/><W59/><G68/><T56/><D56/><U35/><E29/><V95/><F133/><W24/><G24/><T54/><D74/><U129/><E35/><V83/><F83/><W132/><G132/><T94/><D94/><U111/><E111/><V18/><F7/><W42/><G1/><T23/><D23/><U28/><E28/><V124/><F124/><W41/><G6/><T21/><D21/><U98/><E98/><V67/><F31/><W36/><G36/><T112/><D112/><U9/><E9/><N who="2" m="6511" /><F67/><W22/><G14/><T64/><D64/><U45/><REACH who="1" step="1"/><E129/><REACH who="1" ten="201,220,265,304" step="2"/><V108/><F108/><W91/><G91/><T101/><D101/><U32/><E32/><V127/><F127/><W17/><G17/><T122/><D122/><U62/><E62/><V20/><F20/><W103/><G103/><T40/><D54/><U113/><E113/><V16/><F16/><W5/><G5/><T70/><D70/><AGARI ba="0,1" hai="2,3,45,50,53,63,66,70,80,85,89,104,105,107" machi="70" ten="40,2600,0" yaku="1,1,53,1" doraHai="26" doraHaiUra="44" who="1" fromWho="0" sc="201,-26,220,36,265,0,304,0" owari="175,-32.5,256,-14.4,265,6.5,304,40.4" /></mjloggm>