<mjloggm ver="2.3"><GO type="225" lobby="0"/><UN n0="%E3%82%A4%E3%83%BC%E3%82%B1%E3%83%97%E3%83%A9" n1="%E3%83%96%E3%83%83%E3%83%91%E3%82%AA%E3%83%96%E3%83%81%E3%82%AD%E3%83%B3" n2="%E6%A5%93%E4%BB%8B" n3="%E9%B3%B3%E6%9D%B1%E3%81%AE%E3%81%BF%E3%81%91%E3%81%AB%E3%82%83%E3%82%93" dan="16,16,16,16" rate="2155.54,2206.78,2115.97,2149.55" sx="M,M,M,F"/><TAIKYOKU oya="0"/><INIT seed="0,0,0,2,1,44" ten="250,250,250,250" oya="0" hai0="52,68,103,27,121,123,62,81,89,91,29,41,100" hai1="134,82,65,75,118,30,3,2,132,20,87,86,83" hai2="90,15,21,33,80,96,129,53,130,24,93,35,17" hai3="46,92,67,97,115,54,124,49,116,38,64,120,84"/><T133/><D41/><U39/><E118/><V78/><F15/><W0/><G116/><T111/><D133/><N who="1" m="51307" /><E39/><V122/><F122/><W102/><G115/><T71/><D62/><U50/><E65/><V5/><F5/><W63/><G120/><T114/><D81/><N who="1" m="30731" /><E75/><V60/><F35/><W105/><G124/><T113/><D27/><N who="1" m="16743" /><E50/><V95/><F33/><W79/><G0/><AGARI ba="0,0" hai="0,2,3,86,87" m="16743,30731,51307" machi="0" ten="30,1000,0" yaku="20,1" doraHai="44" who="1" fromWho="3" sc="250,0,250,10,250,0,250,-10" /><INIT seed="1,0,0,3,5,68" ten="250,260,250,240" oya="1" hai0="101,85,128,94,45,110,30,53,107,118,22,3,15" hai1="79,26,67,33,97,73,57,124,14,70,6,92,2" hai2="69,11,42,18,50,120,55,116,7,1,134,81,37" hai3="46,89,105,47,82,74,40,123,63,96,115,31,88"/><U52/><E124/><V20/><F134/><W117/><G123/><T65/><D118/><U25/><E2/><V58/><F120/><W100/><G115/><T61/><D3/><U41/><E33/><V114/><F114/><W43/><G117/><T119/><D119/><U44/><E73/><V64/><F116/><W56/><G31/><T60/><D107/><U59/><E79/><V27/><F69/><W23/><G23/><T98/><D110/><U32/><E32/><V35/><F64/><W129/><G129/><T93/><D128/><U112/><E112/><V132/><F132/><W51/><G82/><T125/><D125/><U4/><E59/><V10/><F10/><W62/><G74/><T133/><D65/><U76/><E76/><V130/><F81/><W127/><G127/><T9/><D133/><U0/><E0/><V113/><F113/><W21/><G21/><T54/><D93/><U106/><E106/><V34/><REACH who="2" step="1"/><F130/><REACH who="2" ten="250,260,240,240" step="2"/><W49/><REACH who="3" step="1"/><G63/><REACH who="3" ten="250,260,240,230" step="2"/><T66/><D61/><U36/><E67/><AGARI ba="0,2" hai="40,43,46,47,49,51,56,62,67,88,89,96,100,105" machi="67" ten="30,8000,1" yaku="1,1,2,1,7,1,9,1,54,1,53,0" doraHai="68" doraHaiUra="122" who="3" fromWho="1" sc="250,0,260,-80,240,0,230,100" /><INIT seed="2,0,0,4,2,64" ten="250,180,240,330" oya="2" hai0="2,39,25,84,3,0,120,9,102,106,117,42,87" hai1="132,75,23,49,118,57,89,63,58,112,21,96,127" hai2="35,20,128,91,73,4,116,46,100,28,33,79,109" hai3="93,54,68,37,124,18,83,53,66,30,5,17,69"/><V6/><F116/><W98/><G37/><T99/><D120/><U13/><E118/><V86/><F128/><W126/><G5/><T48/><D39/><U76/><E112/><V65/><F100/><N who="3" m="60495" /><G30/><T104/><D104/><U88/><E127/><N who="3" m="48682" /><G66/><T74/><D74/><U34/><E132/><V107/><F6/><W71/><G83/><T70/><D117/><U92/><E34/><V110/><F4/><W82/><G82/><T22/><D9/><U44/><E75/><V7/><F7/><W115/><G115/><T130/><D130/><U12/><E76/><V14/><F79/><W36/><G36/><T129/><D129/><U67/><E58/><V43/><F73/><W90/><G90/><T45/><REACH who="0" step="1"/><D70/><REACH who="0" ten="240,180,240,330" step="2"/><U105/><E105/><V80/><F107/><W19/><AGARI ba="0,1" hai="17,18,19,53,54,68,69,71" m="48682,60495" machi="19" ten="40,8000,1" yaku="18,1,52,3" doraHai="64" who="3" fromWho="3" sc="240,-20,180,-20,240,-40,330,90" /><INIT seed="3,0,0,0,1,91" ten="220,160,200,420" oya="3" hai0="124,127,64,80,115,118,7,26,9,75,94,4,21" hai1="116,40,37,2,41,103,133,122,102,135,130,48,88" hai2="132,87,54,70,78,98,66,96,17,117,73,27,35" hai3="0,128,63,45,68,56,23,52,22,95,15,33,34"/><W13/><G0/><T81/><D118/><U36/><E122/><V99/><F117/><W11/><G68/><T126/><D115/><U39/><E116/><V29/><F132/><N who="1" m="50761" /><E2/><V125/><F125/><W20/><G128/><T43/><D43/><N who="1" m="16459" /><E130/><V44/><F73/><W8/><G45/><T42/><D42/><U32/><E48/><V30/><F66/><W108/><G108/><T47/><D47/><U79/><E79/><V119/><F70/><W38/><G38/><N who="1" m="9730" /><U112/><DORA hai="84" /><E112/><V58/><F119/><W5/><G33/><T83/><D64/><U57/><E57/><V97/><N who="2" m="24576" /><DORA hai="129" /><V46/><F35/><W67/><G34/><T25/><D124/><U60/><E60/><N who="2" m="35927" /><F46/><W101/><G67/><T51/><D51/><U76/><E76/><V31/><F44/><W93/><G101/><N who="1" m="38410" /><E32/><V106/><F106/><W16/><AGARI ba="0,0" hai="5,8,11,13,15,16,20,22,23,52,56,63,93,95" machi="16" ten="30,18000,2" yaku="0,1,8,1,52,2,54,2" doraHai="91,84,129" who="3" fromWho="3" sc="220,-60,160,-60,200,-60,420,180" owari="160,-4.0,100,-40.0,140,-26.0,600,70.0" /></mjloggm>