<mjloggm ver="2.3"><GO type="225" lobby="0"/><UN n0="%E3%80%93%E3%81%97%E3%83%BC%E3%82%89%E3%80%93" n1="%4C%4F%4C%49%54%41" n2="%E3%81%90%E3%81%A1%E3%82%84%E3%81%BE" n3="%E6%B4%BE%E9%81%A3%E3%81%AE%E3%82%B8%E3%83%A3%E3%83%83%E3%82%AF" dan="16,16,16,17" rate="2225.53,2205.48,2130.59,2206.22" sx="M,F,M,M"/><TAIKYOKU oya="0"/><INIT seed="0,0,0,0,2,16" ten="250,250,250,250" oya="0" hai0="133,121,66,107,132,46,9,33,28,25,7,106,108" hai1="93,62,57,30,55,71,116,65,77,70,67,60,36" hai2="29,75,89,2,100,130,3,18,98,41,78,114,59" hai3="124,92,61,113,94,81,126,22,128,10,101,42,58"/><T82/><D121/><U115/><E77/><V131/><F114/><W127/><G113/><T102/><D108/><U73/><E73/><V17/><F29/><W4/><G128/><N who="2" m="49193" /><F89/><W79/><G42/><T45/><D66/><U120/><E115/><V21/><F41/><W125/><N who="3" m="31744" /><DORA hai="109" /><W38/><G38/><T135/><D82/><U96/><E120/><V53/><F78/><W14/><G101/><T24/><D24/><U31/><E36/><V8/><F8/><W32/><G32/><T122/><D122/><U111/><E116/><V85/><F85/><N who="3" m="48319" /><G22/><T90/><D90/><U12/><E111/><V105/><F75/><W23/><G23/><T91/><D91/><U95/><E12/><N who="2" m="9383" /><F18/><W86/><G86/><T64/><D102/><U83/><E30/><V1/><F1/><W27/><G27/><T56/><D107/><U26/><E96/><V110/><F110/><W103/><G103/><T44/><D106/><U104/><E104/><V37/><F37/><W52/><AGARI ba="0,0" hai="4,10,14,52,58,61,92,94" m="48319,31744" machi="52" ten="60,4000,0" yaku="18,1,54,1" doraHai="16,109" who="3" fromWho="3" sc="250,-20,250,-10,250,-10,250,40" /><INIT seed="1,0,0,2,3,59" ten="230,240,240,290" oya="1" hai0="39,29,63,0,89,82,106,80,112,100,33,68,49" hai1="133,116,30,90,61,119,52,81,117,123,65,79,6" hai2="8,10,12,76,73,97,85,129,87,132,31,3,26" hai3="36,120,128,77,130,122,62,38,134,125,58,9,27"/><U113/><E113/><V108/><F108/><W98/><G77/><T19/><D39/><N who="3" m="14889" /><G98/><T67/><D0/><U91/><E123/><N who="3" m="47146" /><G9/><T15/><D49/><U46/><E133/><V43/><F43/><W121/><G27/><N who="0" m="18623" /><D89/><U48/><E6/><V50/><F50/><W41/><N who="3" m="47154" /><W64/><DORA hai="18" /><G134/><T101/><D101/><U102/><E30/><V71/><F71/><W60/><G125/><T40/><D40/><U32/><E32/><V24/><F97/><W135/><G41/><T2/><D2/><U66/><E102/><V109/><F3/><W94/><G94/><T37/><D37/><U34/><E34/><V96/><F96/><W104/><G104/><T111/><D111/><U7/><E7/><V114/><F109/><W69/><G135/><T13/><D112/><U17/><E17/><V115/><F132/><W103/><G103/><T92/><D92/><U55/><E90/><V107/><F107/><W118/><G118/><T4/><D4/><U42/><E91/><V20/><F114/><W78/><G78/><T99/><D15/><U54/><REACH who="1" step="1"/><E61/><REACH who="1" ten="230,230,240,290" step="2"/><V93/><F115/><W83/><G83/><T16/><D19/><U57/><E57/><V11/><F31/><W72/><G72/><AGARI ba="0,1" hai="42,46,48,52,54,55,65,66,72,79,81,116,117,119" machi="72" ten="50,9600,0" yaku="1,1,54,1,53,1" doraHai="59,18" doraHaiUra="22,74" who="1" fromWho="3" sc="230,0,230,106,240,0,290,-96" /><INIT seed="1,1,0,5,1,96" ten="230,336,240,194" oya="1" hai0="88,93,6,99,130,33,14,107,74,46,109,59,112" hai1="34,65,97,75,37,123,94,42,44,106,13,31,2" hai2="40,71,82,133,102,41,57,100,21,52,73,20,28" hai3="25,119,16,98,101,125,50,5,32,121,104,64,1"/><U68/><E123/><V84/><F71/><W120/><G125/><T111/><D33/><U22/><E2/><V15/><F73/><W91/><G119/><T63/><D74/><U122/><E122/><V56/><F133/><W126/><G126/><T69/><D112/><U77/><E13/><V35/><F35/><W8/><G50/><T9/><D69/><U61/><E22/><N who="2" m="8811" /><F28/><W127/><G127/><T54/><D130/><U80/><E94/><V3/><F15/><W131/><G131/><T36/><REACH who="0" step="1"/><D107/><REACH who="0" ten="220,336,240,194" step="2"/><U128/><E128/><V103/><F3/><W129/><G129/><T7/><D7/><U60/><E68/><V45/><F45/><W87/><G32/><T118/><D118/><U115/><E115/><V47/><F47/><W85/><G121/><T124/><D124/><U81/><E106/><V92/><F57/><W19/><G120/><T117/><D117/><U95/><E34/><V114/><F114/><W110/><G110/><T62/><D62/><U17/><E61/><N who="2" m="35975" /><F92/><W72/><G72/><T76/><D76/><AGARI ba="1,1" hai="40,41,76,82,84,100,102,103" m="35975,8811" machi="76" ten="30,8000,1" yaku="8,1,52,3,54,1" doraHai="96" who="2" fromWho="0" sc="220,-83,336,0,240,93,194,0" /><INIT seed="2,0,0,0,3,93" ten="137,336,333,194" oya="2" hai0="86,79,30,52,14,67,85,26,92,27,56,32,102" hai1="60,4,20,130,16,106,108,35,109,135,39,126,3" hai2="64,28,77,95,8,120,104,75,124,21,118,58,31" hai3="110,89,100,47,61,44,9,98,105,40,97,7,116"/><V90/><F118/><W125/><G116/><T84/><D67/><U91/><E39/><V74/><F120/><W113/><G110/><N who="1" m="42602" /><E35/><V132/><F104/><W103/><G125/><T119/><D119/><U128/><E106/><V114/><F114/><W49/><G113/><T51/><D27/><U57/><E135/><V62/><F132/><W50/><G61/><T41/><D41/><U46/><E126/><V73/><F124/><W37/><G89/><T68/><D68/><U55/><E91/><V117/><F117/><W127/><G127/><T63/><D14/><N who="1" m="9239" /><E46/><V13/><F21/><W129/><G129/><T81/><REACH who="0" step="1"/><D63/><REACH who="0" ten="127,336,333,194" step="2"/><U134/><E134/><V54/><F64/><W80/><G37/><T131/><D131/><U0/><E0/><V43/><F43/><W94/><G40/><T78/><D78/><U1/><E1/><V2/><F2/><W71/><G71/><T38/><D38/><U69/><E69/><V76/><F76/><W96/><G49/><T33/><D33/><U123/><E123/><V53/><F77/><W15/><G50/><T45/><D45/><U36/><E36/><V121/><F121/><W10/><G44/><T112/><D112/><U70/><E70/><V115/><F115/><W22/><G47/><T25/><D25/><U87/><E128/><V82/><F54/><W6/><G15/><T65/><D65/><U29/><E130/><V83/><F28/><W5/><G5/><T42/><D42/><U23/><E3/><V101/><F31/><W11/><G7/><T59/><D59/><U17/><E29/><V18/><F101/><RYUUKYOKU ba="0,1" sc="127,15,336,-15,333,15,194,-15" hai0="26,30,32,51,52,56,79,81,84,85,86,92,102" hai2="8,13,18,53,58,62,73,74,75,82,83,90,95" /><INIT seed="2,1,1,3,1,75" ten="142,321,348,179" oya="2" hai0="7,37,98,47,82,134,86,32,125,105,123,18,53" hai1="78,28,2,120,10,131,93,19,101,4,116,56,133" hai2="107,102,118,96,79,94,45,24,34,95,55,8,17" hai3="11,30,25,109,42,13,117,68,87,126,66,113,121"/><V5/><F118/><W43/><G117/><T88/><D32/><U36/><E116/><V81/><F55/><W70/><G121/><T58/><D123/><U108/><E36/><V44/><F94/><W41/><G109/><T52/><D125/><U89/><E120/><V135/><F135/><W26/><G126/><T21/><D134/><U110/><E133/><V49/><F107/><W64/><G113/><T23/><D7/><U6/><E131/><V73/><F49/><W74/><G74/><T115/><D115/><U111/><E28/><V122/><F122/><W124/><G124/><T119/><D119/><U128/><E128/><V69/><F69/><W22/><G26/><T130/><D130/><U51/><E101/><V76/><F76/><W92/><G68/><T114/><D114/><U57/><E6/><V103/><F103/><W85/><G70/><T20/><D105/><U127/><E127/><V104/><F104/><W9/><G92/><N who="0" m="56583" /><D37/><U71/><E71/><V106/><F106/><W46/><G46/><T99/><D99/><N who="1" m="57775" /><E51/><V35/><F35/><W27/><G27/><N who="0" m="14743" /><D47/><U63/><E63/><V83/><F34/><W12/><G12/><T16/><D58/><N who="1" m="22635" /><E19/><V62/><F62/><W50/><G50/><T60/><D60/><U39/><E39/><V38/><F38/><W77/><G77/><AGARI ba="1,1" hai="2,4,10,77,78,108,110,111" m="22635,57775" machi="77" ten="40,5200,0" yaku="14,1,52,2" doraHai="75" who="1" fromWho="3" sc="142,0,321,65,348,0,179,-55" /><INIT seed="3,0,0,4,5,30" ten="142,386,348,124" oya="3" hai0="93,7,117,0,109,21,134,99,57,124,101,104,95" hai1="87,82,50,41,80,66,68,78,121,60,112,14,25" hai2="24,79,56,70,17,31,29,88,114,51,9,18,49" hai3="38,125,127,55,118,126,12,44,59,113,36,111,23"/><W108/><G113/><T62/><D117/><U131/><E112/><V120/><F70/><W10/><G23/><T33/><D33/><U74/><E121/><V128/><F114/><W81/><G81/><T26/><D109/><N who="3" m="42057" /><G118/><T11/><D134/><U107/><E107/><V32/><F128/><W47/><G12/><T39/><D39/><N who="3" m="14889" /><G10/><T8/><D8/><U42/><E131/><V115/><F120/><W54/><G59/><T119/><D124/><U89/><E14/><V15/><F115/><W85/><G85/><T135/><D135/><U13/><E13/><V92/><F79/><W110/><N who="3" m="42065" /><W45/><AGARI ba="0,0" hai="44,45,47,54,55,125,126,127" m="14889,42065" machi="45" ten="60,24000,3" yaku="4,1,28,2,18,1,14,1,10,1,34,2" doraHai="30" who="3" fromWho="3" sc="142,-80,386,-80,348,-80,124,240" owari="62,-43.8,306,10.6,268,-13.2,364,46.4" /></mjloggm>