<mjloggm ver="2.3"><GO type="225" lobby="0"/><UN n0="%79%75%72%69%6D%6F%67" n1="%E5%8F%AF%E5%85%90%E9%82%A3%E7%94%B1%E5%A4%9A" n2="%E3%83%96%E3%83%83%E3%83%91%E3%82%AA%E3%83%96%E3%83%81%E3%82%AD%E3%83%B3" n3="%E3%81%90%E3%81%A1%E3%82%84%E3%81%BE" dan="16,16,16,16" rate="2168.71,2090.93,2158.57,2135.62" sx="F,F,M,M"/><TAIKYOKU oya="0"/><INIT seed="0,0,0,4,5,35" ten="250,250,250,250" oya="0" hai0="73,48,63,121,70,133,131,69,60,77,129,88,2" hai1="92,41,17,23,53,55,99,122,117,67,7,101,66" hai2="132,31,123,82,107,71,22,28,36,125,95,8,40" hai3="111,6,16,12,120,33,80,105,47,127,68,18,30"/><T103/><D2/><U72/><E117/><V83/><F123/><W91/><G105/><T0/><D121/><U119/><E119/><V96/><F107/><W112/><G68/><T85/><D103/><U11/><E122/><V52/><F71/><N who="0" m="27146" /><D73/><U4/><E72/><V62/><F132/><W58/><G58/><T64/><D77/><U124/><E124/><V102/><F125/><W43/><G111/><T37/><D37/><U115/><E115/><V14/><F36/><W81/><G127/><T94/><D64/><N who="1" m="24619" /><E41/><V39/><F40/><W46/><G43/><T78/><D78/><U75/><E75/><V116/><F39/><W24/><G112/><T19/><D0/><U130/><E130/><N who="0" m="49673" /><D133/><U50/><E11/><V26/><F31/><W100/><G30/><T20/><D48/><U97/><E97/><V110/><F110/><W109/><G109/><T106/><D106/><U5/><E50/><V89/><F116/><W32/><G120/><T59/><D59/><U51/><E51/><V86/><F62/><W113/><G113/><T84/><D84/><U29/><E29/><V45/><F45/><W21/><G47/><T90/><D90/><U79/><E79/><V1/><F1/><W25/><G46/><T76/><D76/><U104/><E104/><V49/><F49/><W9/><G91/><T3/><D3/><U93/><E93/><N who="2" m="58639" /><F52/><W114/><G114/><T118/><D118/><U126/><E126/><V74/><F74/><W38/><G38/><T128/><N who="0" m="49681" /><T27/><AGARI ba="0,0" hai="19,20,27,60,63,85,88,94" m="49681,27146" machi="27" ten="50,9600,0" yaku="4,1,19,1,54,1" doraHai="35" who="0" fromWho="0" sc="250,96,250,-32,250,-32,250,-32" /><INIT seed="0,1,0,1,5,1" ten="346,218,218,218" oya="0" hai0="126,19,86,127,111,36,93,110,20,78,98,48,11" hai1="91,52,54,109,12,99,121,50,6,55,102,74,65" hai2="17,63,79,88,30,16,56,23,76,22,84,57,7" hai3="130,2,95,104,31,13,128,18,59,124,101,35,135"/><T129/><D36/><U122/><E74/><V90/><F30/><W103/><G104/><T5/><D48/><U24/><E109/><N who="0" m="41481" /><D86/><U118/><E118/><V75/><F75/><W64/><G2/><N who="0" m="439" /><D78/><N who="2" m="29738" /><F7/><W131/><G124/><T81/><D81/><U72/><E72/><V125/><F125/><W83/><G83/><T70/><D70/><U38/><E38/><V120/><F120/><W94/><G135/><T112/><D112/><U71/><E91/><N who="2" m="34859" /><F84/><W96/><G128/><T115/><D129/><U40/><E40/><V0/><F0/><W107/><G131/><T60/><D60/><U47/><E122/><V25/><F63/><W14/><G130/><T39/><D39/><U42/><E121/><V27/><AGARI ba="1,0" hai="16,17,22,23,25,27,56,57" m="34859,29738" machi="27" ten="30,4000,0" yaku="8,1,54,2" doraHai="1" who="2" fromWho="2" sc="346,-21,218,-11,218,43,218,-11" /><INIT seed="1,0,0,4,4,30" ten="325,207,261,207" oya="1" hai0="52,116,125,124,111,127,21,113,118,4,112,83,39" hai1="94,85,12,76,17,59,62,41,121,109,44,38,86" hai2="47,122,53,97,106,28,99,135,70,50,102,120,33" hai3="96,67,117,19,134,31,15,25,63,0,84,56,45"/><U34/><E121/><V11/><F135/><W100/><G134/><T132/><D39/><U27/><E109/><V71/><F11/><W101/><G117/><T9/><D111/><U49/><E38/><V104/><F71/><W78/><G0/><T133/><D83/><U131/><E131/><V1/><F1/><W8/><G45/><T20/><D132/><U110/><E110/><V5/><F5/><W123/><G123/><T7/><D52/><U13/><E76/><V87/><F70/><W128/><G128/><T95/><D95/><U105/><E105/><V23/><F23/><N who="0" m="8778" /><D133/><U88/><E17/><V81/><F99/><W18/><G18/><T48/><D48/><U126/><E126/><V98/><F97/><W107/><G100/><T129/><D129/><U43/><E43/><V68/><F68/><W55/><G55/><T103/><D103/><U91/><E27/><V60/><F60/><W51/><G51/><T75/><D75/><U108/><E108/><V82/><F82/><W73/><G73/><T24/><D24/><U10/><E10/><V93/><F122/><W37/><G37/><T61/><D61/><U42/><E42/><V89/><REACH who="2" step="1"/><F120/><REACH who="2" ten="325,207,251,207" step="2"/><W26/><G96/><T54/><D7/><U80/><REACH who="1" step="1"/><E34/><REACH who="1" ten="325,197,251,207" step="2"/><V57/><F57/><W6/><G56/><T3/><D116/><U64/><AGARI ba="0,2" hai="12,13,41,44,49,59,62,64,80,85,86,88,91,94" machi="64" ten="20,18000,2" yaku="1,1,2,1,0,1,7,1,8,1,54,1,53,0" doraHai="30" doraHaiUra="29" who="1" fromWho="1" sc="325,-60,197,200,251,-60,207,-60" /><INIT seed="1,1,0,0,3,12" ten="265,397,191,147" oya="1" hai0="121,22,32,119,39,29,5,67,6,11,55,117,70" hai1="14,2,93,15,104,135,58,92,101,3,122,57,42" hai2="20,78,45,24,114,63,109,72,59,48,65,125,13" hai3="110,95,97,118,88,107,129,40,49,68,128,26,64"/><U86/><E122/><V111/><F125/><W46/><G110/><N who="2" m="41993" /><F114/><W73/><G73/><T127/><D39/><U80/><E104/><V27/><F72/><W71/><G118/><T38/><D32/><U84/><E80/><V7/><F78/><W134/><G134/><T91/><D38/><U87/><E42/><N who="2" m="24631" /><F20/><W131/><G64/><T130/><D127/><U75/><E75/><V44/><F44/><W9/><G107/><T116/><D130/><U0/><E135/><V18/><F18/><W133/><G133/><T85/><D121/><U35/><E35/><V96/><F96/><W82/><G82/><T126/><D126/><U102/><E14/><V90/><F90/><W99/><G99/><T10/><D70/><U52/><E15/><V132/><F132/><W106/><G9/><AGARI ba="1,0" hai="7,9,13,24,27,59,63,65" m="24631,41993" machi="9" ten="30,1000,0" yaku="14,1" doraHai="12" who="2" fromWho="3" sc="265,0,397,0,191,13,147,-13" /><INIT seed="2,0,0,5,1,131" ten="265,397,204,134" oya="2" hai0="61,32,114,12,96,22,91,64,80,86,119,103,126" hai1="10,66,75,89,24,5,36,56,72,93,105,51,81" hai2="102,43,3,109,68,117,90,87,77,25,78,130,42" hai3="49,45,29,11,70,71,106,47,38,107,26,15,76"/><V67/><F117/><W88/><G76/><T135/><D126/><U123/><E105/><V50/><F130/><W125/><G125/><T134/><D32/><U100/><E36/><V122/><F3/><W133/><G133/><N who="0" m="50699" /><D114/><U99/><E123/><V121/><F102/><W16/><G38/><T4/><D119/><U85/><E24/><V110/><F25/><W60/><G107/><T19/><D4/><U83/><E83/><N who="2" m="49535" /><F67/><W52/><G106/><N who="0" m="63847" /><D61/><U124/><E124/><V44/><F122/><W108/><G108/><N who="2" m="41577" /><F121/><W82/><G47/><T128/><D128/><U54/><E66/><AGARI ba="0,0" hai="12,19,22,64,66,80,86,91" m="63847,50699" machi="66" ten="30,7700,0" yaku="20,1,52,3" doraHai="131" who="0" fromWho="1" sc="265,77,397,-77,204,0,134,0" /><INIT seed="3,0,0,2,1,69" ten="342,320,204,134" oya="3" hai0="68,98,124,8,125,65,73,120,78,21,63,110,72" hai1="47,129,18,43,20,39,89,71,93,132,119,58,95" hai2="56,135,14,52,64,36,114,15,113,103,116,108,128" hai3="66,10,127,123,131,67,121,13,5,23,45,100,117"/><W9/><G117/><T88/><D110/><U106/><E106/><V75/><F116/><W99/><G127/><N who="0" m="48715" /><D78/><U74/><E71/><V26/><F75/><W28/><G131/><T49/><D120/><U11/><E119/><V62/><F108/><W85/><G10/><T60/><D60/><U40/><E129/><V32/><F128/><W134/><G134/><T94/><D21/><U61/><E132/><V81/><F36/><W83/><G45/><T33/><D33/><U76/><E43/><V24/><F135/><W42/><G42/><T6/><D49/><U57/><E11/><V70/><F103/><W80/><G121/><T87/><D87/><U17/><E57/><V107/><F107/><W97/><G123/><T50/><D50/><U4/><E4/><V92/><F92/><N who="3" m="58407" /><G99/><T84/><D98/><U48/><E48/><V51/><F81/><N who="3" m="31307" /><G85/><T91/><D91/><U53/><E89/><V22/><F32/><W122/><G122/><T35/><D35/><U44/><E44/><V34/><F34/><W3/><G3/><AGARI ba="0,0" hai="3,6,8,63,65,68,72,73,84,88,94" m="48715" machi="3" ten="30,2000,0" yaku="18,1,54,1" doraHai="69" who="0" fromWho="3" sc="342,20,320,0,204,0,134,-20" owari="362,46.2,320,12.0,204,-19.6,114,-38.6" /></mjloggm>