<mjloggm ver="2.3"><GO type="225" lobby="0"/><UN n0="%E6%A0%B9%E5%85%83%E3%81%8B%E3%82%89%E5%90%B9%E3%81%A3%E9%A3%9B%E3%81%B6" n1="%E6%A1%9C%E8%8A%B1%E9%96%83%E3%80%85" n2="%E3%83%81%E3%83%83%E3%82%BF%E3%82%BD%E3%83%BC" n3="%E3%83%A9%E3%82%B9%E7%8E%87%EF%BC%93%E5%89%B2" dan="16,16,16,16" rate="2102.27,2095.40,2117.69,2206.56" sx="F,M,F,F"/><TAIKYOKU oya="0"/><INIT seed="0,0,0,5,3,132" ten="250,250,250,250" oya="0" hai0="134,24,81,16,130,100,122,117,32,20,95,109,40" hai1="4,93,76,60,44,131,98,64,36,94,53,102,3" hai2="10,45,90,133,97,6,84,31,38,12,58,11,113" hai3="123,26,47,55,51,106,89,82,22,70,85,91,39"/><T135/><D117/><U125/><E131/><V54/><F133/><N who="0" m="50698" /><D122/><U14/><E3/><V48/><F113/><W121/><G70/><T110/><D130/><U2/><E2/><V15/><F31/><W115/><G115/><T77/><D40/><U73/><E73/><V52/><F97/><W46/><G106/><T66/><D66/><U62/><E76/><V34/><F34/><W57/><G39/><T41/><D41/><U43/><E125/><V37/><F54/><W49/><G57/><T112/><D112/><U88/><E53/><V126/><F58/><W120/><G89/><T124/><D32/><U56/><E62/><V87/><F126/><W118/><G118/><T35/><D35/><U19/><E4/><V71/><F71/><W79/><G79/><T50/><D50/><N who="3" m="18953" /><G55/><T127/><D109/><U105/><REACH who="1" step="1"/><E88/><REACH who="1" ten="250,240,250,250" step="2"/><V69/><F69/><W108/><G108/><T27/><D110/><U59/><E59/><V119/><F119/><W63/><G63/><T0/><D0/><U96/><E96/><V13/><F84/><W1/><G1/><T30/><D77/><U29/><E29/><AGARI ba="0,1" hai="22,26,29,46,47,82,85,91,120,121,123" m="18953" machi="29" ten="30,1000,0" yaku="13,1" doraHai="132" who="3" fromWho="1" sc="250,0,240,-10,250,0,250,20" /><INIT seed="1,0,0,2,2,98" ten="250,230,250,270" oya="1" hai0="74,12,41,16,30,76,42,86,18,28,101,85,5" hai1="80,0,22,121,83,21,133,38,7,58,82,92,124" hai2="53,45,117,68,47,130,17,95,111,112,14,119,69" hai3="99,90,70,6,35,114,2,25,32,8,37,123,96"/><U126/><E121/><V46/><F111/><W61/><G37/><T51/><D74/><U26/><E133/><V115/><F130/><W40/><G114/><N who="2" m="43561" /><F95/><W29/><G40/><N who="0" m="15467" /><D51/><U44/><E44/><V102/><F102/><W77/><G77/><T60/><D60/><U19/><E38/><V75/><F75/><W55/><G123/><T113/><D113/><U56/><E92/><V110/><F110/><W36/><G36/><T93/><D5/><U104/><E104/><V128/><F128/><W94/><G35/><T84/><D76/><U9/><REACH who="1" step="1"/><E21/><REACH who="1" ten="250,220,250,270" step="2"/><N who="2" m="11447" /><F53/><W31/><G55/><T67/><D93/><U71/><E71/><AGARI ba="0,1" hai="45,46,47,68,69,71,117,119" m="11447,43561" machi="71" ten="40,1300,0" yaku="11,1" doraHai="98" who="2" fromWho="1" sc="250,0,220,-13,250,23,270,0" /><INIT seed="2,0,0,2,4,32" ten="250,207,273,270" oya="2" hai0="40,50,64,21,59,38,94,10,81,12,88,28,61" hai1="119,58,127,44,109,110,133,91,3,49,41,34,130" hai2="37,101,100,121,83,66,87,126,117,9,4,5,124" hai3="79,93,1,97,57,63,67,27,76,24,75,132,131"/><V16/><F117/><W43/><G131/><T106/><D106/><U7/><E119/><V99/><F121/><W112/><G132/><T23/><D38/><U19/><E130/><V120/><F120/><W90/><G1/><T60/><D60/><U72/><E133/><V86/><F37/><W71/><G112/><T70/><D81/><U125/><E34/><V85/><F66/><W114/><G114/><T56/><D70/><U104/><E72/><V98/><F83/><W103/><G75/><T17/><D28/><U42/><E104/><V20/><F9/><W25/><G71/><T135/><D135/><U8/><E42/><V2/><F2/><W15/><G43/><T95/><D95/><U134/><E134/><V129/><F129/><W69/><G69/><T26/><D26/><U65/><E19/><V68/><F68/><W62/><G62/><T80/><D80/><U29/><E29/><V51/><F51/><W82/><G15/><T13/><D13/><U46/><E46/><V115/><F115/><W123/><G123/><T111/><D111/><N who="1" m="42507" /><E91/><V118/><F118/><W14/><G14/><T18/><D18/><U35/><E35/><V52/><F16/><W53/><G67/><T74/><D74/><U54/><E65/><V102/><F20/><W36/><G36/><AGARI ba="0,0" hai="3,7,8,36,41,44,49,54,58,125,127" m="42507" machi="36" ten="30,2000,0" yaku="14,1,52,1" doraHai="32" who="1" fromWho="3" sc="250,0,207,20,273,0,270,-20" /><INIT seed="3,0,0,0,0,43" ten="250,227,273,250" oya="3" hai0="45,87,84,56,58,17,83,134,107,86,126,8,112" hai1="78,135,50,54,35,31,13,113,30,119,6,3,85" hai2="131,18,94,34,67,53,123,36,95,42,129,19,88" hai3="11,77,0,22,66,10,91,44,68,102,55,117,81"/><W27/><G117/><T2/><D126/><U130/><E113/><V96/><F34/><W116/><G116/><T24/><D134/><U103/><E119/><V71/><F67/><W75/><G102/><T72/><D107/><U121/><E121/><V28/><F71/><W73/><G73/><T89/><D112/><U25/><E135/><V80/><F80/><W4/><G11/><T23/><D72/><U127/><E127/><V33/><F123/><W109/><G109/><T104/><D104/><U69/><E3/><V97/><F53/><W62/><G91/><T70/><D70/><U32/><E103/><V90/><F28/><W114/><G114/><T115/><D115/><U92/><E69/><V82/><F82/><W9/><G9/><T15/><D2/><U120/><E130/><N who="2" m="49675" /><F33/><W48/><G22/><T39/><D39/><U41/><E41/><V133/><F133/><W61/><G61/><T128/><D83/><N who="1" m="47351" /><E120/><V1/><F1/><W125/><G27/><T52/><D128/><U40/><E32/><V51/><F36/><W79/><G79/><T63/><D89/><U26/><E35/><V124/><F124/><W99/><G99/><T5/><D63/><U111/><E31/><V65/><F65/><W118/><G118/><T60/><D60/><U98/><E98/><V16/><F19/><W93/><G125/><T105/><D105/><U110/><E30/><V76/><F76/><W47/><G93/><T100/><D100/><U7/><E92/><V12/><F12/><W132/><G132/><T46/><D52/><U106/><E106/><V49/><F42/><RYUUKYOKU ba="0,0" sc="250,10,227,-30,273,10,250,10" hai0="5,8,15,17,23,24,45,46,56,58,84,86,87" hai2="16,18,49,51,88,90,94,95,96,97" hai3="0,4,10,44,47,48,55,62,66,68,75,77,81" /><INIT seed="3,1,0,1,0,28" ten="260,197,283,260" oya="3" hai0="104,81,93,80,90,26,119,49,1,52,13,12,72" hai1="0,5,129,10,55,58,113,132,91,31,20,109,94" hai2="118,117,14,105,92,96,42,57,107,53,135,67,114" hai3="60,33,84,85,9,122,127,23,97,45,41,87,64"/><W30/><G122/><T125/><D119/><U115/><E109/><V50/><F114/><W38/><G127/><T68/><D1/><U32/><E129/><V95/><F135/><W79/><G23/><T69/><D104/><U88/><E132/><V134/><F134/><W116/><G116/><T74/><D125/><U71/><E71/><V111/><F111/><W101/><G9/><T47/><D74/><U25/><E20/><V36/><F67/><W106/><G79/><T76/><D80/><U40/><E40/><V131/><F131/><W73/><G73/><T4/><D13/><U63/><REACH who="1" step="1"/><E91/><REACH who="1" ten="260,187,283,260" step="2"/><V17/><F117/><W123/><G123/><T124/><D69/><U54/><E54/><V98/><F118/><W48/><G38/><T29/><D68/><U21/><E21/><V99/><F42/><W83/><G64/><T16/><D52/><U44/><E44/><V62/><F36/><W19/><G41/><T11/><D47/><U59/><E59/><V27/><F62/><W126/><G60/><T65/><D49/><U112/><E112/><V8/><F27/><N who="3" m="18655" /><G126/><T34/><D124/><U78/><E78/><V35/><F35/><W103/><G48/><T3/><D65/><U46/><E46/><V70/><F70/><W102/><G45/><T89/><D90/><U39/><E39/><V15/><F50/><W37/><G37/><T100/><D89/><U120/><E120/><V121/><F121/><W24/><G83/><T56/><D56/><U2/><E2/><V61/><F14/><W77/><G77/><T108/><D3/><U130/><E130/><RYUUKYOKU ba="1,1" sc="260,-30,187,10,283,10,260,10" hai1="0,5,10,25,31,32,55,58,63,88,94,113,115" hai2="8,15,17,53,57,61,92,95,96,98,99,105,107" hai3="19,24,84,85,87,97,101,102,103,106" /><INIT seed="3,2,1,5,4,105" ten="230,197,293,270" oya="3" hai0="41,33,47,115,90,14,79,84,45,120,49,31,108" hai1="46,70,9,26,52,124,104,15,112,55,126,39,36" hai2="97,7,21,85,27,30,19,76,29,20,127,132,35" hai3="119,10,81,66,122,32,96,64,17,63,117,125,101"/><W121/><G32/><T98/><D120/><U87/><E104/><V1/><F97/><W88/><G125/><N who="1" m="48234" /><E112/><V3/><F127/><W67/><G63/><T71/><D71/><U75/><E70/><V110/><F110/><W48/><G48/><T57/><D33/><U4/><E75/><V2/><F76/><W58/><G58/><T51/><D115/><U24/><E87/><V123/><F85/><W0/><G0/><T16/><D57/><U40/><E36/><V59/><F59/><W73/><G122/><T95/><D31/><U92/><E92/><V50/><F50/><W99/><G121/><T106/><D106/><U83/><E83/><V13/><F123/><W69/><G69/><T38/><D108/><U94/><E94/><V100/><F100/><W111/><G111/><T11/><D38/><U5/><E4/><V34/><F132/><W12/><G99/><T43/><D79/><U60/><E60/><V65/><F65/><W134/><G134/><T103/><D84/><U25/><AGARI ba="2,1" hai="5,9,15,24,25,26,39,40,46,52,55" m="48234" machi="25" ten="30,2000,0" yaku="18,1,54,1" doraHai="105" who="1" fromWho="1" sc="230,-7,197,36,293,-7,270,-12" /><INIT seed="4,0,0,0,3,39" ten="223,233,286,258" oya="0" hai0="90,125,107,79,2,35,91,87,16,55,40,5,127" hai1="123,37,88,71,122,99,104,70,31,51,129,45,57" hai2="117,54,89,110,132,74,106,120,95,33,134,61,50" hai3="34,82,92,24,105,12,64,114,41,68,4,108,130"/><T1/><D35/><U13/><E31/><V19/><F110/><W27/><G105/><T38/><D107/><U116/><E13/><V46/><F117/><W73/><G34/><T75/><D75/><U22/><E22/><V67/><F106/><W94/><G108/><T72/><D72/><U32/><E32/><V97/><F120/><W14/><G73/><T102/><D102/><U48/><E116/><V96/><F74/><W21/><G82/><N who="0" m="47583" /><D5/><U77/><E77/><V30/><F19/><W43/><G64/><T85/><D55/><N who="1" m="31999" /><E88/><N who="0" m="33833" /><D85/><U11/><E99/><V103/><F103/><W23/><G68/><N who="1" m="26154" /><E104/><V47/><F97/><W135/><G4/><T18/><D1/><U25/><E11/><V133/><F30/><W115/><G130/><T36/><D2/><U20/><E20/><V52/><F33/><W0/><G0/><T101/><D101/><U10/><E10/><V131/><F131/><W93/><G93/><T100/><D100/><U7/><E7/><V59/><F54/><W126/><G135/><T58/><D40/><N who="1" m="22671" /><E129/><V83/><F83/><W6/><G6/><T76/><D76/><U28/><E123/><V112/><F96/><W66/><G94/><T9/><D58/><U109/><E109/><V8/><F8/><W111/><G92/><T44/><D44/><N who="2" m="16938" /><F95/><W15/><G111/><T98/><D98/><U26/><E122/><V81/><F81/><W29/><G23/><T86/><D86/><U3/><E3/><V118/><F118/><W119/><G119/><T80/><D80/><U42/><E28/><V53/><F89/><W121/><G29/><RYUUKYOKU ba="0,0" sc="223,-10,233,30,286,-10,258,-10" hai1="25,26,42,48" /><INIT seed="5,1,0,0,1,112" ten="213,263,276,248" oya="1" hai0="37,97,25,93,2,15,36,39,102,85,119,5,84" hai1="118,46,54,50,29,57,86,107,1,3,83,67,88" hai2="30,35,135,117,70,87,76,24,71,20,42,32,120" hai3="125,61,62,8,122,92,69,26,105,132,43,18,95"/><U116/><E107/><V91/><F117/><W23/><G105/><T79/><D2/><U21/><E3/><V124/><F135/><W55/><G122/><T12/><D119/><U75/><E1/><V33/><F124/><W129/><G69/><T104/><D5/><U131/><E131/><V98/><F120/><W41/><G129/><T16/><D79/><U121/><E121/><V127/><F127/><W113/><G113/><T22/><REACH who="0" step="1"/><D104/><REACH who="0" ten="203,263,276,248" step="2"/><U59/><E75/><V0/><F76/><W128/><G128/><T82/><D82/><U108/><E108/><V49/><F0/><W103/><G125/><T80/><D80/><U11/><E118/><V38/><F35/><W60/><G132/><T51/><D51/><U31/><E116/><V68/><F49/><W52/><G95/><T66/><D66/><U14/><E67/><V72/><F72/><W45/><G92/><T44/><D44/><U27/><E31/><V126/><F126/><W40/><G45/><T4/><D4/><AGARI ba="1,1" hai="4,11,14,21,27,29,46,50,54,57,59,83,86,88" machi="4" ten="30,5800,0" yaku="7,1,8,1,54,1" doraHai="112" who="1" fromWho="0" sc="203,-61,263,71,276,0,248,0" owari="142,-35.8,334,43.4,276,7.6,248,-15.2" /></mjloggm>