<mjloggm ver="2.3"><GO type="225" lobby="0"/><UN n0="%E3%82%A4%E3%83%BC%E3%82%B1%E3%83%97%E3%83%A9" n1="%E3%81%BF%E3%81%BF%E3%81%9A" n2="%E3%81%9F%E3%81%8C%E3%82%84%E3%81%99" n3="%E7%89%B9%E6%9D%B1%E3%81%AF%E4%B8%96%E7%95%8C%E3%82%92%E6%95%91%E3%81%86" dan="16,17,17,16" rate="2130.05,2165.13,2153.23,2194.07" sx="M,M,M,M"/><TAIKYOKU oya="0"/><INIT seed="0,0,0,1,1,6" ten="250,250,250,250" oya="0" hai0="91,9,39,55,14,135,134,62,59,121,45,56,7" hai1="100,51,52,20,29,122,57,3,112,18,8,128,25" hai2="21,43,99,68,119,40,41,133,48,106,64,73,116" hai3="104,22,31,81,101,61,53,5,83,93,60,28,107"/><T109/><D121/><U84/><E122/><V132/><F73/><W17/><G5/><T76/><D76/><U129/><E100/><V33/><F33/><W110/><G110/><T34/><D34/><U88/><E112/><V120/><F21/><W35/><G35/><T77/><D77/><U11/><E3/><V113/><F99/><N who="3" m="59631" /><G104/><T95/><D109/><U98/><E98/><V23/><F23/><W16/><G107/><T30/><D30/><N who="3" m="11305" /><G17/><T79/><D79/><U74/><E74/><V67/><F106/><W32/><G32/><T63/><D45/><U47/><E57/><V92/><F92/><W103/><G53/><T50/><D39/><U115/><E115/><V27/><F27/><N who="3" m="14791" /><G103/><T66/><REACH who="0" step="1"/><D50/><REACH who="0" ten="240,250,250,250" step="2"/><U1/><E29/><V105/><F120/><W78/><G78/><T123/><D123/><U114/><E114/><V72/><F113/><W108/><G108/><T4/><D4/><U89/><E1/><V42/><F72/><W75/><G75/><T126/><D126/><U49/><E89/><V125/><F125/><W12/><G12/><T87/><AGARI ba="0,1" hai="7,9,14,55,56,59,62,63,66,87,91,95,134,135" machi="87" ten="30,6000,0" yaku="1,1,0,1,52,1,53,0" doraHai="6" doraHaiUra="15" who="0" fromWho="0" sc="240,70,250,-20,250,-20,250,-20" /><INIT seed="0,1,0,2,3,127" ten="310,230,230,230" oya="0" hai0="103,106,21,78,28,132,42,80,23,36,96,91,72" hai1="49,3,122,77,31,18,121,93,107,109,9,13,70" hai2="66,30,82,56,88,124,114,1,133,101,27,131,98" hai3="51,69,128,89,8,10,0,92,84,61,105,52,100"/><T43/><D132/><U111/><E107/><V102/><F1/><W54/><G128/><T17/><D36/><U104/><E104/><V67/><F114/><W59/><G0/><T125/><D125/><U57/><E70/><V22/><F124/><W20/><G69/><T63/><D63/><U90/><E77/><V16/><F133/><W4/><G4/><T73/><D73/><U97/><E31/><V113/><F113/><W129/><G129/><T32/><D32/><U68/><E68/><V126/><F126/><W41/><G41/><T46/><D46/><U2/><E3/><V39/><F39/><W83/><G20/><T44/><D44/><U40/><E2/><V94/><F131/><W37/><G37/><T79/><D79/><U108/><REACH who="1" step="1"/><E40/><REACH who="1" ten="310,220,230,230" step="2"/><V95/><F82/><W65/><G105/><T47/><D42/><U135/><E135/><V19/><F95/><W5/><G65/><N who="2" m="24585" /><F56/><W75/><G83/><T62/><D106/><U35/><E35/><V12/><F30/><W115/><G115/><T99/><D28/><U60/><E60/><V34/><F34/><W130/><G130/><T53/><D62/><U45/><E45/><V87/><F98/><W116/><G61/><T38/><D99/><U123/><E123/><V33/><F33/><W85/><G92/><T74/><D96/><U11/><E11/><AGARI ba="1,1" hai="11,12,16,19,22,27,87,88,94,101,102" m="24585" machi="11" ten="30,3900,0" yaku="8,1,54,2" doraHai="127" who="2" fromWho="1" sc="310,0,220,-42,230,52,230,0" /><INIT seed="1,0,0,5,4,121" ten="310,178,282,230" oya="1" hai0="13,134,88,90,32,73,20,105,113,103,44,101,83" hai1="126,135,51,9,61,29,7,0,132,22,63,30,117" hai2="104,2,18,111,133,58,96,129,100,14,41,72,42" hai3="23,68,120,95,124,37,15,43,26,36,119,125,1"/><U27/><E51/><V56/><F2/><W94/><G120/><T39/><D32/><U79/><E79/><V92/><F72/><W33/><G1/><T45/><D113/><U97/><E117/><V65/><F133/><N who="1" m="51273" /><E126/><N who="3" m="48746" /><G33/><T122/><D122/><U69/><E69/><V11/><F129/><W93/><G119/><T131/><D134/><U66/><E97/><V80/><F111/><W52/><G68/><T19/><D131/><U108/><E29/><V6/><F104/><W55/><G15/><T82/><D73/><U112/><E112/><V57/><F65/><W4/><G4/><T98/><D103/><U49/><E49/><V17/><F80/><W116/><G116/><T12/><D39/><N who="3" m="14921" /><G43/><AGARI ba="0,0" hai="6,11,14,17,18,41,42,43,56,57,58,92,96,100" machi="43" ten="40,1300,0" yaku="8,1" doraHai="121" who="2" fromWho="3" sc="310,0,178,0,282,13,230,-13" /><INIT seed="2,0,0,4,4,129" ten="310,178,295,217" oya="2" hai0="82,40,103,8,75,70,26,45,92,19,98,38,10" hai1="66,28,128,110,25,44,134,99,52,65,123,126,124" hai2="72,37,69,17,64,95,106,83,96,125,22,56,34" hai3="23,50,107,100,3,2,105,27,30,4,68,90,67"/><V113/><F34/><W20/><G4/><T61/><D75/><U101/><E128/><V116/><F69/><W0/><G68/><T93/><D82/><U132/><E110/><V49/><F37/><W102/><G67/><N who="1" m="25610" /><E123/><V114/><F106/><W9/><G9/><T127/><D127/><N who="1" m="48683" /><E99/><V135/><F96/><W91/><G50/><T133/><D70/><U1/><E1/><V48/><F49/><W57/><G57/><T71/><D71/><U35/><E101/><N who="3" m="39018" /><G27/><T104/><D61/><U42/><E52/><V131/><F64/><W36/><G36/><AGARI ba="0,0" hai="25,28,35,36,42,44,132,134" m="48683,25610" machi="36" ten="30,3900,0" yaku="18,1,52,2" doraHai="129" who="1" fromWho="3" sc="310,0,178,39,295,0,217,-39" /><INIT seed="3,0,0,3,0,91" ten="310,217,295,178" oya="3" hai0="102,32,70,73,94,59,110,96,3,101,132,19,127" hai1="52,133,112,88,38,130,125,4,37,22,131,41,82" hai2="68,98,26,56,111,75,53,28,95,11,49,24,107" hai3="104,126,10,120,78,71,5,48,93,51,109,99,100"/><W34/><G120/><T83/><D70/><U62/><E112/><V7/><F68/><W76/><G34/><T40/><D3/><U54/><E4/><V135/><F75/><W6/><G71/><T63/><D32/><U25/><E125/><V80/><F107/><W61/><G126/><T14/><D110/><U13/><E13/><N who="2" m="5375" /><F111/><W60/><G109/><T0/><D0/><U57/><E54/><N who="2" m="31823" /><F135/><W31/><G31/><T121/><D121/><U124/><E124/><V29/><F80/><W118/><G118/><T92/><D132/><U45/><E133/><V64/><F64/><W74/><G104/><T33/><D33/><U79/><E37/><V23/><F53/><W69/><G74/><T9/><D40/><U18/><REACH who="1" step="1"/><E79/><REACH who="1" ten="310,207,295,178" step="2"/><N who="3" m="30250" /><G69/><T65/><D127/><U35/><E35/><V67/><F67/><W16/><G5/><T116/><D116/><U20/><E20/><V50/><F50/><N who="3" m="18987" /><G6/><T84/><D73/><U129/><E129/><V123/><F123/><W119/><G119/><T86/><D65/><U81/><E81/><V15/><F15/><AGARI ba="0,1" hai="10,15,16,60,61,93,99,100" m="18987,30250" machi="15" ten="30,5800,0" yaku="8,1,52,1,54,1" doraHai="91" who="3" fromWho="2" sc="310,0,207,0,295,-58,178,68" /><INIT seed="3,1,0,3,0,119" ten="310,207,237,246" oya="3" hai0="102,0,112,104,101,131,71,25,42,48,95,115,9" hai1="134,35,127,90,122,6,21,14,129,120,4,116,67" hai2="7,55,82,13,109,81,39,100,83,126,69,41,5" hai3="125,32,110,20,80,24,3,99,106,117,23,51,132"/><W43/><G117/><T88/><D71/><U73/><E116/><V79/><F69/><W70/><G3/><T1/><D131/><U38/><E38/><V45/><F109/><W91/><G70/><T74/><D74/><U53/><E67/><V36/><F100/><N who="0" m="38506" /><D104/><U78/><E90/><V40/><F126/><W89/><G89/><T49/><D25/><U28/><E53/><V29/><F29/><W84/><G99/><T93/><D93/><U121/><E78/><V10/><F55/><W47/><G106/><T97/><D42/><U37/><E37/><V66/><F66/><W133/><G125/><T54/><D9/><U103/><E73/><V15/><F79/><W75/><G75/><T26/><D26/><N who="1" m="18839" /><E103/><V98/><F98/><W50/><G50/><N who="0" m="19563" /><D54/><U46/><E46/><V52/><F52/><W111/><G32/><T56/><D56/><U8/><E127/><V96/><F96/><W57/><G57/><T86/><D86/><U2/><E129/><V11/><F40/><W68/><G68/><T107/><D107/><U44/><E44/><V76/><F39/><W113/><G84/><T27/><D27/><U124/><E124/><V77/><AGARI ba="1,0" hai="5,7,10,11,13,15,36,41,45,76,77,81,82,83" machi="77" ten="30,2000,0" yaku="0,1,9,1" doraHai="119" who="2" fromWho="2" sc="310,-6,207,-6,237,23,246,-11" owari="304,40.4,201,-29.9,260,6.0,235,-16.5" /></mjloggm>