<mjloggm ver="2.3"><GO type="225" lobby="0"/><UN n0="%E7%8D%85%E5%AD%90%E5%BA%A7%E3%81%8B%E3%81%A3%E3%81%B4%E3%83%BC" n1="%E3%83%B4%E3%83%A0%EF%BC%99%E3%81%A6" n2="%55%E3%81%A3%E3%81%A1" n3="%77%72%77%72%77%72%77%72" dan="16,17,16,16" rate="2126.02,2146.36,2130.46,2120.66" sx="M,M,M,M"/><TAIKYOKU oya="0"/><INIT seed="0,0,0,0,0,89" ten="250,250,250,250" oya="0" hai0="99,17,78,85,75,109,28,7,15,5,43,65,82" hai1="135,80,105,35,123,53,58,33,60,104,94,96,48" hai2="133,134,126,72,54,22,29,0,55,57,37,13,100" hai3="3,23,1,93,67,14,106,91,20,2,12,86,121"/><T46/><D109/><U122/><E135/><N who="2" m="51723" /><F0/><W9/><G106/><T83/><D65/><U102/><E80/><V44/><F72/><W18/><G121/><T74/><D28/><U50/><E104/><V79/><F79/><W131/><G131/><T87/><D99/><U10/><E105/><V52/><F126/><W59/><REACH who="3" step="1"/><G14/><REACH who="3" ten="250,250,250,240" step="2"/><T127/><D127/><U41/><E123/><V124/><F124/><W101/><G101/><T108/><D108/><U81/><E122/><V120/><F120/><W107/><G107/><T125/><D125/><U73/><E10/><V117/><F117/><W129/><G129/><T66/><D66/><U130/><E130/><V25/><F13/><W30/><G30/><T111/><D111/><U32/><REACH who="1" step="1"/><E41/><REACH who="1" ten="250,240,250,240" step="2"/><N who="2" m="22575" /><F100/><W103/><G103/><T6/><D74/><U84/><E84/><V27/><F27/><W128/><G128/><T98/><D75/><U63/><E63/><AGARI ba="0,2" hai="22,25,29,52,54,55,57,63" m="22575,51723" machi="63" ten="30,2000,0" yaku="20,1,54,1" doraHai="89" who="2" fromWho="1" sc="250,0,240,-20,250,40,240,0" /><AGARI ba="0,0" hai="1,2,3,9,12,18,20,23,59,63,67,86,91,93" machi="63" ten="40,5200,0" yaku="1,1,52,1,53,1" doraHai="89" doraHaiUra="8" who="3" fromWho="1" sc="250,0,220,-52,290,0,240,52" /><INIT seed="1,0,0,3,2,79" ten="250,168,290,292" oya="1" hai0="50,77,3,125,5,0,46,33,53,40,75,65,12" hai1="109,96,111,16,64,49,58,32,59,126,4,36,21" hai2="108,60,88,97,9,57,71,68,135,131,73,118,116" hai3="69,70,51,27,55,94,28,115,101,66,62,124,14"/><U24/><E36/><V89/><F73/><W22/><G115/><T11/><D125/><U105/><E126/><V54/><F108/><N who="1" m="41545" /><E4/><V72/><F72/><W38/><G38/><T18/><D65/><U15/><E64/><V122/><F122/><W83/><G124/><T90/><D33/><U45/><E105/><V23/><F131/><W63/><G14/><T56/><D90/><U123/><E96/><V80/><F135/><W47/><G83/><T120/><D120/><U113/><E113/><V87/><F9/><W67/><G94/><T127/><D127/><U30/><E123/><V92/><REACH who="2" step="1"/><F23/><REACH who="2" ten="250,168,280,292" step="2"/><W98/><G101/><T102/><D75/><U132/><E132/><V52/><F52/><AGARI ba="0,1" hai="15,16,21,24,30,32,45,49,52,58,59" m="41545" machi="52" ten="30,11600,0" yaku="14,1,10,1,54,2" doraHai="79" who="1" fromWho="2" sc="250,0,168,126,280,-116,292,0" /><INIT seed="1,1,0,4,2,39" ten="250,294,164,292" oya="1" hai0="24,96,106,80,3,7,36,108,11,104,5,101,62" hai1="91,17,64,4,113,121,134,67,0,37,128,70,13" hai2="44,72,46,124,125,126,15,9,41,23,100,112,89" hai3="6,130,88,127,71,132,120,10,86,30,116,49,14"/><U123/><E113/><V29/><F72/><W2/><G120/><T56/><D108/><U78/><E128/><V55/><F100/><W21/><G130/><T82/><D36/><U12/><E134/><V63/><F112/><W33/><G132/><T38/><D38/><U135/><E135/><V48/><F89/><W114/><G114/><T109/><D109/><U66/><E70/><V87/><F87/><W83/><G127/><T122/><D122/><U52/><E78/><V81/><F81/><W22/><G116/><T31/><D104/><U119/><E119/><V90/><F90/><W92/><G71/><T93/><D5/><U111/><E111/><V65/><F23/><W34/><G2/><T19/><D19/><U45/><E91/><V115/><F29/><W57/><G83/><T50/><D50/><U68/><E68/><V26/><F26/><W76/><G76/><T28/><D28/><U20/><E0/><V84/><F84/><W117/><G117/><T77/><D106/><U99/><E99/><V1/><F1/><W98/><G86/><T32/><REACH who="0" step="1"/><D77/><REACH who="0" ten="240,294,164,292" step="2"/><U102/><E37/><V79/><F79/><W18/><G30/><T59/><D59/><U133/><E133/><V54/><F115/><W43/><G57/><T97/><D97/><U95/><E4/><N who="2" m="3495" /><F44/><N who="3" m="25759" /><G6/><T61/><D61/><U73/><E121/><V47/><F47/><W94/><G33/><T25/><D25/><N who="1" m="14479" /><E123/><V105/><F105/><W58/><G34/><T85/><D85/><U69/><E69/><AGARI ba="1,1" hai="41,46,48,54,55,63,65,69,124,125,126" m="3495" machi="69" ten="30,2000,0" yaku="18,1,52,1" doraHai="39" who="2" fromWho="1" sc="240,0,294,-23,164,33,292,0" /><INIT seed="2,0,0,1,0,88" ten="240,271,197,292" oya="2" hai0="22,77,129,100,51,107,114,60,12,34,130,53,69" hai1="76,96,21,123,121,56,55,135,7,45,44,73,86" hai2="41,119,9,27,63,87,115,43,48,102,38,36,113" hai3="14,66,16,85,75,20,47,17,133,80,118,109,95"/><V23/><F119/><W26/><G118/><T71/><D34/><U30/><E73/><V19/><F102/><W57/><G109/><T120/><D120/><N who="1" m="46155" /><E135/><V13/><F63/><W92/><G133/><T52/><D114/><U79/><E7/><V93/><F115/><W6/><G75/><T97/><D77/><N who="1" m="29771" /><E86/><V68/><F113/><W46/><G6/><T98/><D98/><U105/><E30/><V117/><F117/><W39/><G39/><T50/><D12/><U8/><E8/><V101/><F68/><W28/><G17/><T5/><D5/><U124/><E21/><V82/><F36/><W54/><G66/><T59/><D22/><U11/><E11/><V4/><F38/><W81/><G81/><T127/><D127/><U126/><E126/><V49/><F93/><N who="3" m="35915" /><G26/><T25/><D25/><U65/><E65/><V134/><F101/><W103/><G28/><T84/><D84/><U67/><E67/><V89/><REACH who="2" step="1"/><F134/><REACH who="2" ten="240,271,187,292" step="2"/><W42/><G103/><T10/><D71/><U90/><E124/><V83/><F83/><W116/><G116/><T99/><D69/><U3/><E105/><V106/><F106/><W37/><G37/><T108/><D107/><U132/><E132/><V110/><F110/><W61/><G42/><AGARI ba="0,1" hai="4,9,13,19,23,27,41,42,43,48,49,82,87,89" machi="42" ten="40,7700,0" yaku="1,1,8,1,53,1" doraHai="88" doraHaiUra="1" who="2" fromWho="3" sc="240,0,271,0,187,87,292,-77" /><INIT seed="2,1,0,1,1,25" ten="240,271,274,215" oya="2" hai0="37,104,28,131,57,54,44,135,128,32,110,103,79" hai1="74,26,6,50,20,22,8,102,13,55,66,62,56" hai2="99,0,35,40,95,96,107,68,15,75,65,83,130" hai3="120,16,2,46,34,14,42,111,72,39,100,12,113"/><V87/><F35/><W49/><G120/><T85/><D135/><U51/><E74/><V133/><F0/><W86/><G2/><T93/><D110/><U31/><E102/><N who="2" m="62943" /><F40/><W132/><G72/><T1/><D1/><U60/><REACH who="1" step="1"/><E20/><REACH who="1" ten="240,261,274,215" step="2"/><V81/><F133/><W129/><G100/><T94/><D104/><U41/><E41/><V36/><F36/><W90/><G132/><T105/><D105/><U3/><E3/><V27/><F68/><AGARI ba="1,1" hai="6,8,13,22,26,31,50,51,55,56,60,62,66,68" machi="68" ten="30,7700,0" yaku="1,1,7,1,52,1,53,1" doraHai="25" doraHaiUra="10" who="1" fromWho="2" sc="240,0,261,90,274,-80,215,0" /><INIT seed="3,0,0,2,1,44" ten="240,351,194,215" oya="3" hai0="19,112,81,12,123,26,70,121,13,68,73,20,60" hai1="130,61,32,111,53,36,88,28,120,93,54,134,45" hai2="98,103,58,9,109,40,131,97,71,110,17,4,42" hai3="57,104,72,113,63,23,95,127,79,84,85,108,99"/><W87/><G113/><T128/><D128/><U124/><E120/><V82/><F71/><W100/><G23/><T22/><D112/><U49/><E130/><V37/><F17/><W0/><G0/><T34/><D34/><U115/><E115/><V67/><F131/><W91/><G127/><T78/><D12/><U52/><E36/><V132/><F132/><W74/><G57/><T65/><REACH who="0" step="1"/><D70/><REACH who="0" ten="230,351,194,215" step="2"/><U135/><E32/><V33/><F33/><W16/><G108/><N who="2" m="41577" /><F82/><N who="3" m="47199" /><G63/><T10/><D10/><U122/><E61/><N who="2" m="38327" /><F37/><W75/><G16/><AGARI ba="0,1" hai="13,16,19,20,22,26,60,65,68,73,78,81,121,123" machi="16" ten="30,3900,0" yaku="1,1,7,1,54,1,53,0" doraHai="44" doraHaiUra="24" who="0" fromWho="3" sc="230,49,351,0,194,0,215,-39" owari="279,7.9,351,45.1,194,-20.6,176,-32.4" /></mjloggm>