<mjloggm ver="2.3"><GO type="225" lobby="0"/><UN n0="%E5%8D%A0%E3%81%84%E5%B8%AB%E8%A3%8F%E3%81%AA%E3%81%84%E3%81%97" n1="%E7%89%B9%E6%9D%B1%E3%81%AF%E4%B8%96%E7%95%8C%E3%82%92%E6%95%91%E3%81%86" n2="%E3%80%90%E3%83%88%E3%83%AA%E3%83%A5%E3%83%95%E3%80%91" n3="%E3%81%90%E3%81%A1%E3%82%84%E3%81%BE" dan="17,16,16,16" rate="2167.37,2181.41,2103.54,2144.87" sx="M,M,M,M"/><TAIKYOKU oya="0"/><INIT seed="0,0,0,2,3,116" ten="250,250,250,250" oya="0" hai0="105,38,115,7,5,85,88,59,65,26,102,97,49" hai1="92,106,74,119,13,66,109,78,123,67,99,68,40" hai2="62,75,113,6,36,39,27,2,81,64,134,110,126" hai3="16,93,73,4,118,111,101,42,0,83,104,22,131"/><T117/><D115/><U61/><E119/><V89/><F27/><W120/><G118/><T25/><D38/><U127/><E106/><V37/><F113/><W28/><G111/><T55/><D117/><U69/><E109/><V114/><F114/><W33/><G131/><T108/><D108/><U86/><E74/><V11/><F110/><W12/><G120/><T95/><D65/><U45/><E127/><V29/><F29/><W30/><G104/><T103/><D103/><U47/><E13/><V125/><F134/><W32/><G42/><T60/><D60/><U3/><E3/><V23/><F23/><W79/><G33/><T107/><REACH who="0" step="1"/><D105/><REACH who="0" ten="240,250,250,250" step="2"/><U80/><E66/><V1/><F125/><W94/><G101/><T71/><D71/><U135/><E68/><V87/><F126/><W130/><G130/><T54/><D54/><U122/><E135/><V132/><F132/><W112/><G112/><T46/><D46/><U124/><E124/><V41/><F62/><W58/><G58/><T70/><D70/><U76/><E47/><N who="2" m="23975" /><F64/><W9/><REACH who="3" step="1"/><G30/><REACH who="3" ten="240,250,250,240" step="2"/><T50/><D50/><N who="1" m="26919" /><E122/><V98/><F39/><W56/><G56/><T24/><AGARI ba="0,2" hai="5,7,24,25,26,49,55,59,85,88,95,97,102,107" machi="24" ten="30,11700,0" yaku="1,1,0,1,54,1,53,1" doraHai="116" doraHaiUra="44" who="0" fromWho="0" sc="240,137,250,-39,250,-39,240,-39" /><INIT seed="0,1,0,5,2,14" ten="377,211,211,201" oya="0" hai0="122,5,131,67,2,66,30,62,43,75,124,60,134" hai1="33,79,80,19,11,63,97,88,10,28,82,0,114" hai2="94,111,93,133,16,9,59,26,118,73,54,74,53" hai3="20,126,72,115,27,55,57,110,92,18,130,13,90"/><T48/><D122/><U34/><E114/><V15/><F111/><W128/><G115/><T121/><D121/><U61/><E28/><V108/><F108/><W40/><G72/><T96/><D75/><U78/><E97/><V125/><F74/><W129/><G40/><T41/><D30/><U123/><E123/><V7/><F133/><W113/><G126/><T112/><D112/><U64/><E64/><V38/><F38/><W132/><G132/><T52/><D134/><U36/><E88/><V95/><F125/><W8/><G110/><T77/><D77/><U85/><E85/><V70/><F70/><W81/><G81/><T109/><D109/><U83/><E36/><V98/><F73/><W3/><G3/><T116/><D116/><U71/><E71/><V31/><F118/><W106/><G106/><T37/><D37/><U107/><E83/><V12/><F26/><W69/><G69/><T120/><D120/><U4/><E4/><V135/><F31/><W68/><G68/><T91/><D5/><U1/><E107/><V119/><F119/><W56/><G55/><N who="2" m="21001" /><F59/><W21/><G113/><T127/><D2/><U46/><E46/><V45/><F45/><W87/><REACH who="3" step="1"/><G21/><REACH who="3" ten="377,211,211,191" step="2"/><T104/><D104/><U42/><REACH who="1" step="1"/><E42/><REACH who="1" ten="377,201,211,191" step="2"/><V51/><F135/><W102/><G102/><T24/><D41/><U44/><E44/><V65/><F65/><W105/><G105/><T101/><D43/><U117/><E117/><V39/><F39/><W32/><G32/><T58/><D66/><U29/><E29/><AGARI ba="1,2" hai="8,13,18,20,27,29,56,57,87,90,92,128,129,130" machi="29" ten="40,5200,0" yaku="1,1,19,1,52,1,53,0" doraHai="14" doraHaiUra="76" who="3" fromWho="1" sc="377,0,201,-55,211,0,191,75" /><INIT seed="1,0,0,4,3,53" ten="377,146,211,266" oya="1" hai0="44,116,26,49,58,59,60,64,62,109,113,111,114" hai1="93,5,19,14,80,61,25,75,46,38,73,125,22" hai2="84,8,126,101,7,70,112,107,4,18,130,85,12" hai3="95,120,117,21,36,118,77,74,135,41,63,124,72"/><U131/><E131/><V129/><F70/><W66/><G120/><T55/><D26/><U1/><E125/><V115/><F126/><W20/><G135/><T100/><D100/><U6/><E1/><V69/><F69/><W42/><G95/><T122/><D122/><U119/><E119/><N who="3" m="45578" /><G124/><T11/><D11/><U17/><E75/><N who="3" m="28714" /><G77/><T103/><D103/><U31/><E73/><V65/><F101/><W91/><G91/><T28/><D28/><U99/><E80/><V39/><F107/><W34/><G34/><T108/><D116/><U9/><E61/><V16/><F39/><W88/><G88/><T48/><D48/><U82/><E82/><V52/><F65/><AGARI ba="0,0" hai="44,49,55,58,59,60,62,64,65,108,109,111,113,114" machi="65" ten="40,12000,2" yaku="9,1,14,1,34,3,52,2" doraHai="53" who="0" fromWho="2" sc="377,120,146,0,211,-120,266,0" /><INIT seed="2,0,0,1,2,79" ten="497,146,91,266" oya="2" hai0="19,57,102,91,15,98,11,70,116,71,110,6,24" hai1="0,33,135,119,36,94,10,7,3,29,99,20,56" hai2="124,95,107,117,4,65,112,88,43,73,62,27,76" hai3="130,72,8,131,69,75,54,87,80,77,115,81,51"/><V67/><F112/><W14/><G69/><T92/><D110/><U63/><E36/><V50/><F117/><W34/><G34/><T82/><D116/><U5/><E119/><V108/><F107/><W16/><G115/><T123/><D123/><U26/><E135/><V2/><F124/><W106/><G106/><T61/><D82/><U101/><E33/><V113/><F113/><W52/><G54/><N who="0" m="33975" /><D102/><U90/><E90/><V127/><F127/><W118/><G118/><T105/><D105/><U74/><E74/><V84/><F108/><W86/><G86/><T49/><D49/><U22/><E22/><AGARI ba="0,0" hai="6,11,15,19,22,24,70,71,91,92,98" m="33975" machi="22" ten="30,1000,0" yaku="25,1" doraHai="79" who="0" fromWho="1" sc="497,10,146,-10,91,0,266,0" /><INIT seed="3,0,0,2,2,59" ten="507,136,91,266" oya="3" hai0="66,47,88,90,76,19,102,132,53,29,111,74,41" hai1="118,36,71,131,43,89,65,13,3,83,123,75,77" hai2="11,7,40,4,78,17,91,108,62,21,96,98,26" hai3="115,69,82,45,117,54,50,86,134,124,70,24,6"/><W14/><G24/><T87/><D111/><U33/><E123/><V95/><F108/><W101/><G101/><T15/><D132/><U79/><E33/><V27/><F40/><W28/><G28/><T38/><D29/><U129/><E3/><V46/><F46/><W93/><G93/><T135/><D66/><U5/><E79/><V10/><F78/><W61/><G14/><T121/><D121/><U116/><E89/><V97/><F27/><W127/><G6/><T30/><D135/><U72/><E72/><V12/><REACH who="2" step="1"/><F62/><REACH who="2" ten="507,136,81,266" step="2"/><W109/><G61/><T44/><D88/><U58/><E43/><V16/><F16/><W22/><G45/><T112/><D112/><U23/><E77/><V9/><F9/><W67/><G109/><T63/><D15/><AGARI ba="0,1" hai="4,7,10,11,12,15,17,21,26,91,95,96,97,98" machi="15" ten="30,7700,0" yaku="1,1,7,1,9,1,8,1,53,0" doraHai="59" doraHaiUra="37" who="2" fromWho="0" sc="507,-77,136,0,81,87,266,0" owari="430,53.0,136,-36.4,168,-23.2,266,6.6" /></mjloggm>