<mjloggm ver="2.3"><GO type="225" lobby="0"/><UN n0="%E9%B3%B3%E6%9D%B1%E3%81%AE%E3%81%BF%E3%81%91%E3%81%AB%E3%82%83%E3%82%93" n1="%E5%B8%86%E7%AB%8B%E5%A4%8F%E8%A1%A3" n2="%E3%83%B4%E3%82%A3%E3%83%AF%E3%82%B3%E3%82%B0%E3%83%8B" n3="%E3%82%A4%E3%83%BC%E3%82%B1%E3%83%97%E3%83%A9" dan="16,17,17,16" rate="2165.36,2199.58,2220.75,2183.67" sx="F,M,M,M"/><TAIKYOKU oya="0"/><INIT seed="0,0,0,3,2,80" ten="250,250,250,250" oya="0" hai0="58,76,91,55,108,34,88,85,119,118,95,17,14" hai1="13,10,15,127,9,132,27,44,90,49,116,6,65" hai2="8,2,134,5,115,64,43,32,87,107,12,131,104" hai3="110,40,18,81,129,117,101,26,75,98,100,92,16"/><T121/><D121/><U109/><E109/><V61/><F115/><W19/><G117/><T4/><D34/><U56/><E132/><V113/><F113/><W94/><G110/><T53/><D108/><U29/><E127/><V37/><F134/><W102/><G129/><T105/><D105/><U38/><E116/><V50/><F37/><W68/><G68/><T122/><D122/><U22/><E38/><V86/><F32/><W3/><G3/><T83/><D4/><U106/><E106/><V33/><F33/><W0/><G0/><T99/><D55/><U84/><E65/><V71/><F131/><W135/><G135/><T39/><D39/><U52/><E56/><V66/><F66/><W70/><G70/><T7/><D7/><U1/><REACH who="1" step="1"/><E10/><REACH who="1" ten="250,240,250,250" step="2"/><V67/><F67/><W77/><G40/><T28/><D28/><U60/><E60/><V114/><F114/><W57/><G57/><T96/><D119/><U79/><E79/><V41/><F107/><W47/><G47/><T123/><D118/><U112/><E112/><V25/><F104/><W133/><G133/><T62/><D123/><U45/><E45/><V11/><F61/><W78/><G77/><T130/><D130/><U59/><E59/><V120/><F120/><W72/><G75/><T97/><D76/><U126/><E126/><V82/><F64/><W48/><G48/><T36/><D36/><U128/><E128/><V30/><F71/><W24/><REACH who="3" step="1"/><G102/><REACH who="3" ten="250,240,250,240" step="2"/><T69/><D69/><U63/><E63/><V125/><F50/><W124/><G124/><T93/><D93/><AGARI ba="0,2" hai="1,6,9,13,15,22,27,29,44,49,52,84,90,93" machi="93" ten="30,8000,1" yaku="1,1,7,1,52,1,54,1,53,1" doraHai="80" doraHaiUra="23" who="1" fromWho="0" sc="250,-80,240,100,250,0,240,0" /><INIT seed="1,0,0,5,0,107" ten="170,340,250,240" oya="1" hai0="73,75,126,55,14,108,74,86,54,12,104,31,37" hai1="49,87,60,77,99,6,96,71,95,44,91,121,65" hai2="11,114,63,57,22,129,92,97,102,133,41,124,2" hai3="36,130,115,88,116,27,18,125,10,79,56,76,128"/><U42/><E121/><V21/><F133/><W24/><G36/><T35/><D104/><U122/><E122/><V100/><F129/><N who="3" m="49771" /><G115/><T82/><D37/><U80/><REACH who="1" step="1"/><E6/><REACH who="1" ten="170,330,250,240" step="2"/><V40/><F114/><W19/><G116/><T30/><D126/><U52/><E52/><V34/><F124/><W85/><G125/><T106/><D108/><U3/><E3/><V46/><F2/><W33/><G33/><T13/><D106/><U66/><E66/><V132/><F34/><W72/><G19/><T48/><D35/><U53/><E53/><V112/><F112/><W62/><G18/><T105/><D105/><U120/><E120/><V135/><F135/><W103/><G24/><T134/><D134/><U58/><E58/><V16/><F132/><W61/><G27/><T7/><D7/><U28/><E28/><V38/><F41/><W110/><G56/><T17/><D17/><U23/><E23/><V113/><F113/><W127/><G127/><T39/><D55/><U50/><E50/><V20/><F11/><W4/><G10/><T64/><D64/><U81/><E81/><V67/><REACH who="2" step="1"/><F102/><REACH who="2" ten="170,330,240,240" step="2"/><W89/><G103/><T15/><N who="0" m="3072" /><DORA hai="109" /><T83/><D39/><U69/><E69/><V117/><F117/><W26/><G110/><T68/><D68/><U84/><AGARI ba="0,2" hai="42,44,49,60,65,71,77,80,84,87,91,95,96,99" machi="84" ten="20,7800,0" yaku="1,1,0,1,7,1,53,1" doraHai="107,109" doraHaiUra="78,51" who="1" fromWho="1" sc="170,-26,330,98,240,-26,240,-26" /><INIT seed="1,1,0,2,3,73" ten="144,428,214,214" oya="1" hai0="11,51,127,58,3,28,68,120,4,67,26,48,121" hai1="0,10,71,53,72,57,124,106,20,87,12,36,31" hai2="38,131,16,35,74,76,47,30,27,65,1,42,64" hai3="32,88,13,19,89,119,78,83,75,37,117,130,18"/><U23/><E72/><V133/><F1/><W49/><G37/><T105/><D105/><U102/><E71/><V54/><F133/><W33/><G130/><T82/><D127/><U91/><E36/><V61/><F131/><W86/><G49/><T85/><D68/><U103/><E0/><V98/><F98/><W135/><G135/><T128/><D128/><U81/><E106/><V39/><F39/><W79/><G89/><T99/><D99/><U21/><E31/><V5/><F5/><W97/><G97/><T80/><D80/><U7/><REACH who="1" step="1"/><E124/><REACH who="1" ten="144,418,214,214" step="2"/><V107/><F107/><W100/><G75/><T96/><D120/><U113/><E113/><V29/><F29/><W122/><G122/><T115/><D121/><U70/><E70/><V104/><F104/><W40/><G100/><T126/><D126/><U17/><E17/><V59/><REACH who="2" step="1"/><F16/><REACH who="2" ten="144,418,204,214" step="2"/><W43/><G19/><T112/><D112/><U92/><E92/><V52/><F52/><W62/><G18/><T22/><D115/><U77/><E77/><V50/><F50/><AGARI ba="1,2" hai="7,10,12,20,21,23,50,53,57,81,87,91,102,103" machi="50" ten="40,3900,0" yaku="1,1,8,1,53,0" doraHai="73" doraHaiUra="110" who="1" fromWho="2" sc="144,0,418,62,204,-42,214,0" /><INIT seed="1,2,0,0,5,34" ten="144,480,162,214" oya="1" hai0="72,24,23,125,103,109,77,111,7,35,99,20,66" hai1="119,57,113,44,89,116,60,84,46,17,41,42,19" hai2="102,43,55,61,64,45,134,133,108,10,32,54,78" hai3="90,5,124,4,106,22,100,33,83,21,70,27,121"/><U28/><E113/><V73/><F32/><W122/><G70/><T63/><D125/><U36/><E28/><V86/><F73/><W53/><G33/><T47/><D47/><U1/><E1/><V126/><F102/><W130/><G124/><T49/><D49/><U98/><E98/><V104/><F104/><W12/><G130/><T128/><D128/><U69/><E69/><V93/><F126/><W67/><G67/><T75/><D7/><U39/><E119/><V62/><F108/><N who="0" m="41546" /><D35/><U117/><E117/><V82/><F93/><W81/><G100/><T131/><D131/><U132/><E132/><N who="2" m="50795" /><F10/><W3/><G106/><N who="0" m="63871" /><D77/><U74/><E116/><V59/><F61/><W107/><G107/><T13/><D13/><U120/><E120/><V76/><F78/><W31/><G12/><T16/><D20/><U29/><E74/><V97/><F97/><W105/><G22/><T79/><D79/><U58/><E60/><V91/><F76/><W30/><G105/><T110/><N who="0" m="41554" /><T68/><AGARI ba="2,0" hai="16,23,24,63,66,68,72,75" m="63871,41554" machi="68" ten="40,5200,0" yaku="4,1,14,1,54,1" doraHai="34" who="0" fromWho="0" sc="144,58,480,-28,162,-15,214,-15" /><INIT seed="2,0,0,5,5,30" ten="202,452,147,199" oya="2" hai0="50,18,53,32,21,75,111,14,112,118,31,48,95" hai1="13,2,12,82,28,89,42,19,16,22,134,49,84" hai2="125,130,68,60,135,39,94,120,78,29,24,9,103" hai3="122,6,81,119,105,131,93,133,57,91,90,109,15"/><V62/><F125/><W56/><G119/><T83/><D112/><U108/><E108/><V128/><F120/><W113/><G122/><T74/><D111/><U0/><E28/><V37/><F135/><W47/><G109/><T96/><D118/><U8/><E134/><V77/><F9/><N who="3" m="4535" /><G105/><T123/><D123/><U66/><E66/><V54/><F94/><W44/><G133/><T71/><D71/><U79/><E89/><V45/><F103/><W73/><G73/><T72/><D83/><U107/><E107/><V70/><F45/><N who="3" m="17483" /><G131/><N who="2" m="50217" /><F54/><W3/><G3/><T17/><D53/><U92/><E92/><V126/><F126/><W85/><G113/><T99/><D18/><U34/><E42/><V127/><F127/><W55/><G55/><T88/><REACH who="0" step="1"/><D96/><AGARI ba="0,0" hai="56,57,81,85,90,91,93,96" m="17483,4535" machi="96" ten="30,1000,0" yaku="8,1" doraHai="30" who="3" fromWho="0" sc="202,-10,452,0,147,0,199,10" /><INIT seed="3,0,0,0,1,11" ten="192,452,147,209" oya="3" hai0="3,113,95,103,42,72,107,129,10,5,31,44,124" hai1="86,16,75,116,123,109,105,14,49,47,1,99,25" hai2="106,33,40,127,52,110,32,82,62,97,131,43,46" hai3="17,89,66,53,19,38,73,9,93,120,111,91,92"/><W12/><G120/><T7/><D95/><U24/><E1/><V98/><F131/><W22/><G38/><N who="0" m="21591" /><D129/><U35/><E75/><V68/><F127/><W18/><G73/><T96/><D124/><U4/><E4/><V94/><F110/><W60/><G53/><T45/><D45/><U101/><E109/><V88/><F68/><W84/><G22/><T85/><D85/><U87/><E123/><V56/><F82/><W76/><G76/><T64/><D64/><U20/><E116/><V21/><F21/><W15/><G9/><N who="0" m="2239" /><D31/><U41/><E35/><V133/><F133/><W78/><G78/><T2/><D72/><U55/><E86/><V8/><F8/><W51/><G51/><T13/><D13/><N who="3" m="5193" /><G111/><T54/><D54/><U23/><E23/><V0/><F0/><W67/><G60/><T61/><D61/><U121/><E121/><V65/><F65/><W126/><G126/><T63/><D63/><U134/><E134/><V122/><F122/><W69/><G69/><T29/><D29/><U50/><E87/><AGARI ba="0,0" hai="17,18,19,66,67,84,87,89,91,92,93" m="5193" machi="87" ten="30,11600,0" yaku="8,1,52,3" doraHai="11" who="3" fromWho="1" sc="192,0,452,-116,147,0,209,116" /><INIT seed="3,1,0,3,0,105" ten="192,336,147,325" oya="3" hai0="67,58,86,62,118,66,27,4,32,82,103,42,46" hai1="17,31,61,49,14,18,79,122,37,43,83,80,33" hai2="130,6,47,26,114,126,57,30,75,53,5,52,128" hai3="113,96,73,131,8,87,108,35,127,106,29,54,70"/><W45/><G113/><T133/><D118/><U1/><E1/><V78/><F114/><W123/><G123/><T89/><D133/><U68/><E37/><V2/><F126/><W71/><G54/><N who="2" m="21097" /><F2/><W92/><G127/><T28/><D67/><U60/><E83/><N who="2" m="45535" /><F57/><W102/><G45/><T9/><D103/><U64/><E61/><V93/><F47/><W90/><G131/><N who="2" m="50217" /><F93/><W0/><G108/><T77/><D9/><N who="1" m="6351" /><E122/><V19/><F19/><W59/><G59/><T10/><D10/><U97/><E18/><V24/><F24/><W44/><G44/><T41/><D4/><U120/><E120/><V55/><N who="2" m="21105" /><V72/><DORA hai="3" /><F72/><W135/><G135/><T81/><D46/><U51/><E43/><V88/><F88/><W11/><G73/><AGARI ba="1,0" hai="27,28,32,41,42,58,62,66,73,77,81,82,86,89" machi="73" ten="30,2000,0" yaku="7,1,52,1" doraHai="105,3" who="0" fromWho="3" sc="192,23,336,0,147,0,325,-23" owari="215,-18.5,336,43.6,147,-35.3,302,10.2" /></mjloggm>