<mjloggm ver="2.3"><GO type="225" lobby="0"/><UN n0="%E3%83%A9%E3%82%B9%E7%8E%87%EF%BC%93%E5%89%B2" n1="%E6%98%93%E5%88%A9%E8%96%A9%E4%BC%AF" n2="%E5%82%8D%E8%8B%A5%E7%84%A1%E4%BA%BA%35%31" n3="%E3%81%A4%E3%81%A3%E3%81%B1%E3%82%8A%E3%83%9D%E3%83%BC%E3%83%AB" dan="16,17,16,17" rate="2177.41,2117.90,2168.72,2126.09" sx="F,F,M,M"/><TAIKYOKU oya="0"/><INIT seed="0,0,0,1,0,91" ten="250,250,250,250" oya="0" hai0="41,135,46,58,70,90,98,85,122,26,102,36,45" hai1="56,44,81,38,69,120,53,119,67,68,80,127,84" hai2="79,87,99,3,35,104,29,14,28,100,60,61,5" hai3="129,78,37,77,9,19,130,49,24,124,32,11,72"/><T30/><D135/><U8/><E119/><V17/><F3/><W59/><G37/><T113/><D113/><U111/><E120/><V132/><F5/><W114/><G114/><T109/><D70/><U34/><E34/><V110/><F110/><W101/><G124/><T13/><D122/><U93/><E111/><V123/><F132/><W97/><G72/><T40/><D13/><U15/><E80/><V131/><F131/><N who="3" m="50187" /><G49/><T126/><D58/><U89/><E67/><V10/><F123/><W73/><G59/><T94/><D126/><U88/><E38/><V20/><F35/><W121/><G121/><T47/><D41/><U33/><E33/><V106/><F106/><N who="3" m="63791" /><G73/><T0/><D0/><U105/><E105/><V6/><F61/><W23/><G32/><T55/><D55/><U31/><E31/><V75/><F60/><W2/><G2/><T18/><D18/><U74/><E74/><V66/><F75/><W65/><G65/><T125/><D125/><U57/><E127/><V133/><F66/><W76/><AGARI ba="0,0" hai="9,11,19,23,24,76,77,78" m="63791,50187" machi="76" ten="30,1100,0" yaku="19,1" doraHai="91" who="3" fromWho="3" sc="250,-5,250,-3,250,-3,250,11" /><INIT seed="1,0,0,4,5,20" ten="245,247,247,261" oya="1" hai0="74,79,40,30,9,135,96,2,43,131,25,19,13" hai1="129,11,112,7,132,108,41,28,4,15,29,67,3" hai2="111,8,56,91,5,134,98,120,64,50,89,24,94" hai3="52,51,49,88,103,71,83,115,32,73,31,34,128"/><U12/><E67/><V114/><F111/><W87/><G71/><T42/><D131/><U101/><E112/><V124/><F134/><W17/><G115/><T104/><D135/><U23/><E101/><V116/><F124/><W10/><G128/><T48/><D2/><U60/><E132/><V109/><F109/><W66/><G73/><T121/><D121/><U57/><E129/><V130/><F120/><W1/><G66/><T118/><D118/><U6/><E41/><V54/><F116/><W77/><G103/><T62/><D62/><U58/><E108/><V126/><F126/><W102/><G102/><T127/><D96/><U61/><E3/><V14/><F114/><W95/><G51/><T133/><D104/><U92/><E92/><V75/><F75/><W99/><G31/><N who="1" m="11850" /><E23/><V0/><F0/><W21/><G1/><T90/><D133/><U106/><E106/><V107/><F107/><W22/><G22/><N who="0" m="15671" /><D74/><U70/><E70/><V44/><F130/><W59/><REACH who="3" step="1"/><G10/><REACH who="3" ten="245,247,247,251" step="2"/><T27/><D127/><U63/><E11/><V47/><F64/><W69/><G69/><T81/><D48/><U55/><E55/><V76/><F8/><W65/><G65/><T86/><D27/><AGARI ba="0,1" hai="17,21,27,32,34,49,52,59,77,83,87,88,95,99" machi="27" ten="30,12000,2" yaku="1,1,7,1,52,1,54,2,53,1" doraHai="20" doraHaiUra="45" who="3" fromWho="0" sc="245,-120,247,0,247,0,251,130" /><INIT seed="2,0,0,4,2,9" ten="125,247,247,381" oya="2" hai0="74,11,94,79,27,54,103,0,62,61,8,55,41" hai1="59,116,34,36,135,30,15,117,73,118,42,65,124" hai2="75,89,60,44,85,87,107,81,51,128,63,2,132" hai3="7,24,49,90,109,120,127,68,37,113,98,47,12"/><V67/><F128/><W10/><G120/><T46/><D74/><U25/><E73/><V29/><F132/><W35/><G68/><T108/><D108/><U16/><E135/><V122/><F122/><W26/><G37/><T101/><D0/><U123/><E123/><V48/><F107/><W77/><G35/><T4/><D79/><U72/><E72/><V13/><F2/><W125/><G77/><T17/><D41/><U22/><E124/><N who="3" m="47690" /><G109/><T19/><D46/><U99/><E99/><V70/><F29/><W134/><G113/><T131/><D94/><U3/><E3/><V114/><F63/><W43/><G134/><T33/><D27/><N who="3" m="10281" /><G90/><T21/><D21/><U104/><E104/><V112/><F51/><W64/><G98/><T28/><D28/><U102/><E102/><V40/><F75/><W1/><G64/><T130/><REACH who="0" step="1"/><D4/><REACH who="0" ten="115,247,247,381" step="2"/><U110/><E110/><V66/><F114/><W18/><G1/><T92/><D92/><U31/><E31/><V6/><F112/><W93/><G93/><T95/><D95/><U105/><E105/><V129/><F6/><AGARI ba="0,1" hai="6,7,10,12,18,43,47,49" m="10281,47690" machi="6" ten="30,2000,0" yaku="18,1,52,1" doraHai="9" who="3" fromWho="2" sc="115,0,247,0,247,-20,381,30" /><INIT seed="3,0,0,2,1,36" ten="115,247,227,411" oya="3" hai0="29,9,41,95,128,104,33,47,111,127,129,83,40" hai1="35,131,50,74,51,23,11,110,0,24,56,15,112" hai2="116,63,3,4,26,37,44,92,98,46,45,5,91" hai3="132,108,79,64,121,53,85,103,8,72,90,14,101"/><W122/><G64/><T84/><D104/><U93/><E74/><V102/><F116/><W135/><G53/><T57/><D111/><U21/><E112/><V130/><F130/><W31/><G31/><T99/><D127/><U34/><E0/><V100/><F37/><W61/><G61/><T88/><D33/><U113/><E35/><V30/><F63/><W109/><G79/><T25/><D47/><U62/><E23/><V39/><F39/><W16/><G72/><T86/><D86/><U76/><E76/><V80/><F3/><W65/><G65/><T107/><D107/><U66/><E113/><V60/><F60/><W73/><G73/><T75/><D75/><U13/><E13/><V124/><F124/><W78/><G78/><T59/><D9/><U105/><E131/><V38/><F38/><W28/><G28/><T125/><D125/><U48/><E105/><V120/><F120/><N who="3" m="46187" /><G103/><N who="2" m="39465" /><F80/><N who="3" m="49447" /><G101/><T19/><D29/><N who="1" m="17551" /><E110/><AGARI ba="0,0" hai="8,14,16,108,109,110,132,135" m="49447,46187" machi="110" ten="30,5800,0" yaku="14,1,10,1,54,1" doraHai="36" who="3" fromWho="1" sc="115,0,247,-58,227,0,411,58" owari="115,-38.5,189,-21.1,227,2.7,469,56.9" /></mjloggm>