<mjloggm ver="2.3"><GO type="225" lobby="0"/><UN n0="%33%74%72%65%65" n1="%E3%82%8C%E3%81%99%E3%81%93" n2="%E6%A1%9C%E8%8A%B1%E9%96%83%E3%80%85" n3="%E4%BF%BA%E3%81%A8%E5%A6%96%E5%A4%A2" dan="16,17,17,16" rate="2110.74,2181.06,2269.52,2251.02" sx="F,F,M,F"/><TAIKYOKU oya="0"/><INIT seed="0,0,0,4,0,132" ten="250,250,250,250" oya="0" hai0="80,38,104,46,82,94,71,45,65,36,32,76,88" hai1="99,19,29,123,128,41,97,61,107,66,52,33,112" hai2="22,43,101,23,34,95,40,87,129,49,20,70,18" hai3="30,39,134,106,55,89,105,102,60,50,120,17,67"/><T85/><D104/><U86/><E123/><V3/><F34/><W16/><G134/><T9/><D32/><U84/><E128/><V93/><F70/><W0/><G0/><T72/><D71/><N who="1" m="42447" /><E41/><N who="2" m="15947" /><F3/><W115/><G39/><T4/><D65/><U56/><E99/><N who="2" m="59631" /><F129/><W92/><G30/><T114/><D114/><U14/><E112/><V5/><F5/><W111/><G111/><T98/><D38/><U131/><E131/><V110/><F49/><W27/><G115/><T73/><D36/><U74/><E74/><V121/><F110/><W12/><G27/><T119/><D119/><U57/><E14/><N who="2" m="9303" /><F121/><W59/><G102/><T68/><D68/><U77/><E77/><V96/><F87/><N who="1" m="33321" /><E19/><V28/><F28/><W42/><G42/><T127/><D73/><U109/><E109/><V8/><F8/><W113/><G113/><T7/><D7/><U63/><E63/><V2/><F2/><W24/><G24/><T125/><D45/><U48/><E48/><V69/><F69/><W15/><G120/><T62/><D46/><U100/><E52/><V78/><F78/><W35/><G35/><T6/><D62/><U90/><E90/><AGARI ba="0,0" hai="22,23,90,95,96" m="9303,59631,15947" machi="90" ten="30,1000,0" yaku="8,1" doraHai="132" who="2" fromWho="1" sc="250,0,250,-10,250,10,250,0" /><INIT seed="1,0,0,1,0,48" ten="250,240,260,250" oya="1" hai0="14,74,96,124,93,113,125,102,116,61,63,134,111" hai1="62,22,49,55,115,65,37,129,66,80,100,130,72" hai2="23,81,92,105,25,17,82,24,3,121,97,54,94" hai3="34,127,12,26,126,107,110,57,7,60,8,128,73"/><U44/><E100/><N who="2" m="60471" /><F3/><W117/><G107/><T59/><D113/><U51/><E115/><V119/><F105/><W112/><G73/><T84/><D116/><U0/><E0/><V35/><F35/><W56/><G112/><T67/><D74/><U104/><E104/><V99/><F121/><W95/><G117/><T83/><D111/><U18/><E37/><V47/><F119/><W78/><G78/><T53/><D14/><U27/><E51/><N who="2" m="29055" /><F25/><W38/><G38/><T91/><REACH who="0" step="1"/><D134/><REACH who="0" ten="240,240,260,250" step="2"/><U32/><E32/><V13/><F13/><W39/><G110/><T86/><D86/><U79/><REACH who="1" step="1"/><E66/><REACH who="1" ten="240,230,260,250" step="2"/><V52/><F52/><W30/><G34/><T131/><D131/><U133/><E133/><V89/><AGARI ba="0,2" hai="17,23,24,81,82,89,92,99" m="29055,60471" machi="89" ten="30,2000,0" yaku="8,1,52,1" doraHai="48" who="2" fromWho="2" sc="240,-5,230,-10,260,40,250,-5" /><INIT seed="2,0,0,0,4,80" ten="235,220,300,245" oya="2" hai0="18,84,114,13,7,98,70,54,25,103,69,16,66" hai1="28,43,14,2,51,126,19,82,76,121,48,37,100" hai2="30,5,11,115,50,111,27,129,21,9,32,56,124" hai3="85,107,112,122,106,22,72,65,89,88,46,95,33"/><V96/><F115/><W12/><G122/><T118/><D114/><U36/><E2/><V73/><F73/><W134/><G112/><T35/><D118/><U42/><E121/><V49/><F124/><W127/><G33/><T29/><D54/><U63/><E126/><V74/><F74/><W99/><G72/><T130/><D130/><U24/><E100/><V39/><F39/><W64/><G127/><T104/><D69/><U105/><E105/><V92/><F129/><W59/><G134/><T90/><D13/><U45/><E63/><V20/><F111/><W93/><G46/><T4/><D7/><U62/><E62/><V38/><F38/><W97/><G97/><T86/><D4/><U131/><E131/><V23/><F56/><W132/><G132/><T58/><D58/><U135/><E135/><V67/><F67/><W91/><G91/><T26/><D26/><U68/><E68/><V101/><REACH who="2" step="1"/><F11/><REACH who="2" ten="235,220,290,245" step="2"/><W34/><G59/><T120/><D120/><U40/><E37/><V0/><AGARI ba="0,1" hai="0,5,9,20,21,23,27,30,32,49,50,92,96,101" machi="0" ten="30,6000,0" yaku="1,1,2,1,0,1,53,0" doraHai="80" doraHaiUra="123" who="2" fromWho="2" sc="235,-20,220,-20,290,70,245,-20" /><INIT seed="2,1,0,3,1,64" ten="215,200,360,225" oya="2" hai0="24,104,118,88,96,108,10,117,35,75,74,66,62" hai1="23,57,125,13,63,9,39,116,15,98,101,49,87" hai2="26,80,132,70,85,53,81,28,114,123,1,0,134" hai3="58,12,59,14,95,119,32,97,21,122,121,34,42"/><V25/><F114/><W130/><G119/><N who="0" m="45579" /><D108/><U33/><E116/><V36/><F123/><W124/><G42/><T55/><D55/><U40/><E33/><V8/><F36/><W90/><G130/><T45/><D45/><U106/><E39/><V6/><F53/><W47/><G47/><T44/><D44/><U129/><E129/><V68/><F85/><W84/><G124/><T51/><D51/><U48/><E125/><V19/><F19/><W43/><G43/><T67/><D10/><U20/><E40/><V135/><F0/><W7/><G122/><T94/><D104/><U71/><E71/><N who="2" m="27179" /><F25/><W3/><G121/><T61/><D67/><U22/><E87/><V31/><F31/><W83/><G32/><AGARI ba="1,0" hai="1,6,8,26,28,32,80,81,132,134,135" m="27179" machi="32" ten="40,12000,1" yaku="20,1,52,3" doraHai="64" who="2" fromWho="3" sc="215,0,200,0,360,123,225,-123" /><INIT seed="2,2,0,0,0,72" ten="215,200,483,102" oya="2" hai0="98,90,19,63,62,112,46,93,13,40,110,128,116" hai1="104,28,74,35,50,92,14,36,1,83,103,122,55" hai2="64,129,21,53,70,89,133,67,34,58,29,49,5" hai3="42,26,76,82,106,10,54,125,75,6,69,78,117"/><V52/><F34/><W101/><G117/><T23/><D112/><U31/><E1/><V47/><F129/><W91/><G125/><T22/><D128/><U115/><E115/><V44/><F5/><W16/><G69/><T99/><D116/><U33/><E36/><V17/><F29/><W18/><G42/><T97/><D110/><U27/><E104/><V65/><F133/><W66/><G66/><N who="2" m="25705" /><F89/><W3/><G26/><T0/><D0/><U132/><E132/><V68/><F21/><W131/><G131/><T105/><D23/><U38/><E38/><V39/><F17/><W24/><G24/><T77/><D105/><U43/><E122/><V124/><F124/><W41/><G41/><T111/><D22/><U96/><E43/><N who="2" m="22655" /><F67/><W12/><G101/><T85/><D19/><N who="3" m="7209" /><G75/><T37/><D37/><U127/><E127/><V123/><F123/><W113/><G3/><T9/><D13/><U121/><E14/><V130/><F130/><W56/><G106/><T84/><D9/><U87/><E74/><V86/><F86/><N who="3" m="50647" /><G113/><T15/><D15/><U102/><E102/><V79/><F53/><W30/><G30/><T61/><D40/><U120/><E31/><V134/><F52/><W88/><G88/><T48/><D90/><N who="1" m="51583" /><E35/><V7/><F70/><W25/><G25/><T60/><D99/><U109/><E109/><V95/><F68/><W20/><G20/><T4/><D98/><U57/><E121/><V135/><F135/><W32/><G32/><T94/><D111/><U118/><E120/><V2/><F134/><W108/><G108/><T71/><D71/><RYUUKYOKU ba="2,0" sc="215,-15,200,15,483,-15,102,15" hai1="27,28,33,50,55,57,92,96,103,118" hai3="6,10,12,54,56,76,78" /><INIT seed="3,3,0,4,5,91" ten="200,215,468,117" oya="3" hai0="10,56,50,31,108,73,83,102,84,82,35,55,24" hai1="70,58,107,59,109,80,17,110,47,52,77,20,127" hai2="97,40,39,29,43,86,22,99,92,33,26,112,125" hai3="90,88,46,106,0,8,130,76,103,21,95,71,100"/><W129/><G71/><T120/><D120/><U7/><E70/><V38/><F112/><W113/><G113/><T133/><D108/><N who="1" m="41579" /><E107/><V30/><F125/><W19/><G106/><T37/><D133/><U64/><E64/><V117/><F86/><W115/><G115/><T11/><D37/><U122/><E7/><V25/><F117/><W116/><G116/><T65/><D73/><N who="1" m="43055" /><E122/><V132/><F132/><W16/><G76/><T23/><D65/><U62/><E127/><V13/><F13/><N who="3" m="7207" /><G46/><T6/><D35/><U69/><E69/><V2/><F2/><W123/><G90/><T3/><D102/><U75/><E75/><V78/><F78/><W121/><G0/><T85/><D3/><U41/><E59/><V34/><F22/><W101/><G21/><T79/><D6/><U36/><E20/><V53/><F38/><W54/><G19/><AGARI ba="3,0" hai="17,19,36,41,47,52,58,62" m="43055,41579" machi="19" ten="30,2000,0" yaku="14,1,54,1" doraHai="91" who="1" fromWho="3" sc="200,0,215,29,468,0,117,-29" owari="200,-20.0,244,4.4,468,56.8,88,-41.2" /></mjloggm>