<mjloggm ver="2.3"><GO type="225" lobby="0"/><UN n0="%E5%A4%8F%E9%88%B4%E9%88%B4%E5%A4%8F" n1="%72%65%6E%6B%75%6E" n2="%E3%82%AF%E3%82%A3%E3%82%A6" n3="%E7%99%BD%E5%80%89%E5%AF%9B%E4%B9%8B" dan="16,17,16,16" rate="2140.58,2223.75,2089.38,2123.72" sx="F,M,M,M"/><TAIKYOKU oya="0"/><INIT seed="0,0,0,1,4,80" ten="250,250,250,250" oya="0" hai0="116,134,72,17,53,85,43,61,44,48,110,66,3" hai1="28,95,91,133,135,24,45,47,31,33,70,99,19" hai2="13,42,84,12,124,32,56,113,68,39,52,62,100" hai3="128,97,50,122,64,54,111,120,115,26,89,25,90"/><T81/><D116/><U20/><E70/><V117/><F113/><W27/><G115/><T86/><D110/><U67/><E67/><N who="2" m="41079" /><F117/><W77/><G111/><T38/><D134/><N who="1" m="51211" /><E31/><V76/><F124/><W22/><G128/><T101/><D101/><U130/><E130/><V55/><F55/><W88/><G64/><T46/><D3/><U123/><E123/><N who="3" m="47146" /><G77/><T18/><D72/><U36/><E36/><V107/><F32/><W98/><G22/><T112/><D112/><U60/><E60/><V35/><F35/><W125/><G125/><T92/><D92/><U30/><E30/><V83/><F100/><W51/><G54/><T6/><D6/><U11/><E11/><V75/><F75/><W82/><G82/><T78/><REACH who="0" step="1"/><D86/><REACH who="0" ten="240,250,250,250" step="2"/><U7/><E7/><V0/><F0/><W34/><G34/><T118/><D118/><U2/><E2/><V106/><F106/><W104/><G104/><T8/><D8/><U103/><E103/><V15/><F107/><W14/><G14/><AGARI ba="0,1" hai="14,19,20,24,28,33,45,47,91,95,99" m="51211" machi="14" ten="30,1000,0" yaku="20,1" doraHai="80" who="1" fromWho="3" sc="240,0,250,20,250,0,250,-10" /><INIT seed="1,0,0,2,4,17" ten="240,270,250,240" oya="1" hai0="44,100,52,48,65,20,68,63,7,77,126,5,18" hai1="75,88,94,84,2,13,103,98,125,23,91,64,62" hai2="70,37,89,71,133,31,93,41,124,76,19,121,32" hai3="12,29,42,59,51,28,80,30,82,38,79,67,39"/><U104/><E125/><V78/><F121/><W50/><G12/><T25/><D126/><U120/><E120/><V72/><F124/><W111/><G111/><T122/><D122/><U130/><E130/><V61/><F133/><W6/><G6/><T106/><D100/><U99/><E2/><V116/><F116/><W8/><G8/><T21/><D106/><U86/><E75/><V73/><F37/><W105/><G105/><T56/><D77/><U110/><E110/><V83/><F41/><W101/><G101/><T1/><D1/><U66/><E62/><V9/><F32/><W57/><G42/><T36/><D21/><U3/><E3/><V46/><F31/><W117/><G79/><T24/><D24/><U14/><E99/><V40/><F61/><W53/><G53/><T55/><D36/><N who="3" m="13865" /><G67/><T134/><D134/><U131/><E131/><V54/><F78/><W47/><G47/><T119/><D119/><U129/><E129/><V132/><F132/><W49/><G117/><T90/><D90/><U135/><E135/><V96/><F54/><W128/><G128/><T43/><D43/><U45/><E45/><V15/><REACH who="2" step="1"/><F72/><REACH who="2" ten="240,270,240,240" step="2"/><W87/><G87/><T0/><D0/><U113/><E66/><V109/><F109/><W74/><G74/><T33/><D33/><U97/><E64/><V108/><F108/><W127/><G127/><T95/><D55/><U112/><E86/><V123/><F123/><W58/><AGARI ba="0,1" hai="28,29,30,49,50,51,57,58,59,80,82" m="13865" machi="58" ten="40,8000,1" yaku="29,2,28,2" doraHai="17" who="3" fromWho="3" sc="240,-20,270,-40,240,-20,240,90" /><INIT seed="2,0,0,3,4,59" ten="220,230,220,330" oya="2" hai0="10,115,36,121,13,120,23,19,44,74,35,83,102" hai1="12,41,117,124,58,132,50,62,21,106,61,94,1" hai2="25,48,64,133,22,90,54,15,53,134,118,76,113" hai3="3,108,126,96,29,78,46,87,16,101,40,109,60"/><V4/><F118/><W104/><G3/><T68/><D115/><U39/><E1/><V69/><F113/><W57/><G29/><T18/><D35/><U0/><E0/><V70/><F76/><W32/><G32/><T128/><D68/><U130/><E106/><V28/><F90/><W85/><G16/><T105/><D128/><U5/><E117/><V80/><F80/><W42/><G126/><T24/><D102/><U110/><E39/><V11/><F54/><N who="3" m="33847" /><G78/><T6/><D105/><U7/><E124/><V9/><F64/><W125/><G125/><T131/><D131/><U84/><E130/><V77/><F77/><W91/><G46/><T27/><D83/><U99/><E21/><V65/><F65/><W71/><G71/><T82/><D82/><U111/><E12/><V88/><F88/><W17/><G17/><T72/><D74/><U2/><E2/><V119/><F119/><W51/><G51/><T52/><D72/><U98/><E7/><V43/><F43/><N who="3" m="16427" /><G91/><T20/><D36/><U55/><E41/><V123/><F123/><W26/><G26/><T92/><D92/><U81/><E5/><V129/><F129/><W30/><G30/><T135/><D135/><N who="2" m="51722" /><F11/><W66/><G66/><T63/><D44/><AGARI ba="0,0" hai="4,9,15,22,25,28,44,48,53,69,70" m="51722" machi="44" ten="30,1500,0" yaku="20,1" doraHai="59" who="2" fromWho="0" sc="220,-15,230,0,220,15,330,0" /><INIT seed="2,1,0,2,4,18" ten="205,230,235,330" oya="2" hai0="120,72,53,79,21,16,116,58,86,78,119,15,41" hai1="49,47,40,48,92,118,117,94,42,128,115,23,20" hai2="107,35,43,124,33,68,50,129,88,106,77,31,109" hai3="102,87,84,54,81,6,51,17,8,112,96,91,22"/><V110/><F124/><W11/><G112/><T1/><D120/><U59/><E128/><V114/><F114/><W5/><G87/><T126/><D126/><U37/><E115/><V66/><F129/><W28/><G28/><T60/><D72/><U3/><E3/><V73/><F77/><W131/><G131/><T123/><D123/><U99/><E37/><V30/><F73/><W4/><G96/><T10/><D41/><U90/><E118/><N who="0" m="45097" /><D86/><U7/><E7/><AGARI ba="1,0" hai="1,7,10,15,16,21,53,58,60,78,79" m="45097" machi="7" ten="30,3900,0" yaku="12,1,52,1,54,1" doraHai="18" who="0" fromWho="1" sc="205,42,230,-42,235,0,330,0" /><INIT seed="3,0,0,5,0,54" ten="247,188,235,330" oya="3" hai0="3,45,123,48,10,52,15,92,37,115,4,49,28" hai1="14,110,59,30,29,135,35,53,72,38,66,64,97" hai2="109,74,21,20,93,85,26,86,94,2,80,130,22" hai3="78,43,6,117,126,84,63,111,68,102,55,103,106"/><W132/><G6/><T44/><D123/><U25/><E38/><V42/><F2/><W129/><G43/><T116/><D116/><U99/><E72/><V133/><F109/><W95/><G68/><T61/><D28/><U11/><E135/><V27/><F130/><W32/><G55/><T8/><D37/><U101/><E110/><V75/><F133/><W19/><G63/><T90/><D61/><U70/><E29/><V51/><F75/><W105/><G19/><T56/><D49/><U83/><E83/><V119/><F74/><W24/><G24/><N who="2" m="9257" /><F119/><W23/><G78/><T50/><D48/><U17/><E70/><V76/><F86/><W67/><G84/><T108/><D108/><U1/><E1/><V34/><F34/><W128/><G32/><T96/><D115/><U112/><E112/><V121/><F121/><W71/><G71/><T9/><D9/><U39/><E39/><V88/><F76/><W0/><G0/><T120/><D120/><U40/><E40/><V77/><F77/><W58/><G117/><T91/><REACH who="0" step="1"/><D90/><REACH who="0" ten="237,188,235,330" step="2"/><U82/><E82/><V41/><F80/><W107/><G111/><T5/><AGARI ba="0,1" hai="3,4,5,8,10,15,44,45,50,52,56,91,92,96" machi="5" ten="20,16000,3" yaku="1,1,2,1,0,1,7,1,52,1,54,1,53,2" doraHai="54" doraHaiUra="7" who="0" fromWho="0" sc="237,170,188,-40,235,-40,330,-80" owari="407,50.7,148,-35.2,195,-20.5,250,5.0" /></mjloggm>