<mjloggm ver="2.3"><GO type="225" lobby="0"/><UN n0="%E5%86%B7%E5%87%8D%E3%82%AE%E3%83%A7%E3%83%BC%E3%82%B6" n1="%E3%80%90%E3%83%88%E3%83%AA%E3%83%A5%E3%83%95%E3%80%91" n2="%E9%B4%A8%4E%45%47%49" n3="%E3%83%A9%E3%82%B9%E7%8E%87%EF%BC%93%E5%89%B2" dan="16,16,16,16" rate="2130.97,2056.05,2086.71,2180.74" sx="M,M,M,F"/><TAIKYOKU oya="0"/><INIT seed="0,0,0,4,4,96" ten="250,250,250,250" oya="0" hai0="81,33,5,36,119,64,130,107,46,121,53,47,114" hai1="75,6,24,65,15,16,94,61,88,30,70,83,23" hai2="123,133,102,93,26,131,132,45,77,125,8,41,117" hai3="86,7,17,56,27,98,127,95,112,1,113,55,42"/><T76/><D114/><U106/><E106/><V108/><F123/><W92/><G127/><T100/><D119/><U134/><E134/><N who="2" m="51819" /><F125/><W118/><G118/><T120/><D130/><U115/><E115/><V51/><F117/><W84/><G1/><T11/><D64/><U48/><E48/><N who="2" m="26671" /><F131/><W135/><G7/><T49/><D33/><U37/><E37/><V40/><F108/><W66/><G66/><T58/><D107/><U13/><E6/><V2/><F77/><W44/><G135/><T18/><D18/><U78/><REACH who="1" step="1"/><E30/><REACH who="1" ten="250,240,250,250" step="2"/><V54/><F2/><W32/><G113/><T22/><D36/><U80/><E80/><V111/><F51/><W59/><G112/><T72/><D120/><U129/><E129/><V99/><F111/><W126/><G126/><T101/><D121/><U82/><E82/><V3/><F3/><W109/><G109/><T52/><D46/><U57/><E57/><V62/><F93/><W85/><G95/><T29/><D29/><U128/><E128/><V103/><F99/><AGARI ba="0,1" hai="13,15,16,23,24,61,65,70,75,78,83,88,94,99" machi="99" ten="30,8000,1" yaku="1,1,7,1,54,2,53,1" doraHai="96" doraHaiUra="79" who="1" fromWho="2" sc="250,0,240,90,250,-80,250,0" /><INIT seed="1,0,0,2,4,32" ten="250,330,170,250" oya="1" hai0="24,29,11,66,103,100,55,57,56,114,112,92,9" hai1="48,51,63,14,64,49,15,128,23,22,115,126,111" hai2="12,8,70,122,41,60,74,17,3,6,77,97,133" hai3="35,123,62,120,80,121,76,50,105,102,2,27,37"/><U0/><E115/><V47/><F133/><W19/><G37/><T129/><D129/><U108/><E128/><V81/><F122/><W125/><G125/><T110/><D110/><N who="1" m="42027" /><E0/><V36/><F97/><W18/><G102/><T38/><D38/><U118/><E118/><V88/><F88/><W43/><G105/><T31/><D55/><U61/><E126/><V10/><F60/><N who="1" m="23113" /><E64/><V58/><F58/><W69/><G2/><T90/><D90/><U25/><E25/><V130/><F130/><W86/><G27/><T13/><D24/><U68/><E68/><AGARI ba="0,0" hai="3,6,8,10,12,17,36,41,47,68,70,74,77,81" machi="68" ten="40,5200,0" yaku="25,2,52,1" doraHai="32" who="2" fromWho="1" sc="250,0,330,-52,170,52,250,0" /><INIT seed="2,0,0,3,4,78" ten="250,278,222,250" oya="2" hai0="69,55,0,67,6,24,44,114,128,106,103,119,111" hai1="38,8,84,26,81,96,130,101,60,85,11,104,83" hai2="66,23,120,32,53,17,30,5,21,62,89,12,19" hai3="7,34,49,25,116,87,115,63,80,86,72,31,52"/><V79/><F120/><W118/><G115/><T57/><D114/><U74/><E38/><V40/><F5/><W135/><G135/><T20/><D111/><U39/><E39/><V13/><F40/><W107/><G107/><T35/><D128/><U37/><E37/><V4/><F4/><W124/><G124/><T134/><D134/><U112/><E74/><V129/><F129/><W88/><G72/><T108/><D108/><U61/><E112/><V77/><F53/><W46/><G7/><T93/><D119/><U33/><E130/><V82/><F32/><W2/><G2/><T9/><D44/><U123/><E123/><V98/><F30/><W73/><G73/><T75/><D75/><U41/><E41/><V91/><F98/><W68/><REACH who="3" step="1"/><G87/><REACH who="3" ten="250,278,222,240" step="2"/><T65/><D6/><U105/><E105/><V64/><REACH who="2" step="1"/><F62/><REACH who="2" ten="250,278,212,240" step="2"/><W94/><G94/><T131/><D93/><U76/><E60/><V100/><F100/><W1/><G1/><T42/><D103/><U14/><E61/><V97/><F97/><W126/><G126/><T102/><D0/><U15/><E104/><V10/><F10/><W110/><G110/><T47/><D9/><U3/><E3/><V43/><F43/><W18/><G18/><N who="0" m="12311" /><D42/><U99/><E101/><V51/><F51/><W54/><G54/><T29/><D55/><U125/><E125/><V28/><F28/><W90/><G90/><T113/><D102/><U59/><E99/><V117/><F117/><W70/><G70/><T27/><D69/><U122/><E96/><V16/><F16/><W48/><G48/><T132/><D106/><RYUUKYOKU ba="0,2" sc="250,-15,278,-15,212,15,240,15" hai2="12,13,17,19,21,23,64,66,77,79,82,89,91" hai3="25,31,34,46,49,52,63,68,80,86,88,116,118" /><INIT seed="2,1,2,2,1,31" ten="235,263,227,255" oya="2" hai0="2,16,88,29,62,129,36,57,0,90,97,93,83" hai1="65,73,63,77,76,44,38,1,94,40,133,126,35" hai2="53,105,134,109,124,33,51,20,14,24,102,100,96" hai3="113,6,125,104,59,41,118,18,121,15,28,22,71"/><V75/><F124/><W11/><G71/><T135/><D36/><U103/><E126/><V54/><F134/><W25/><G104/><T12/><D135/><U72/><E133/><V58/><F75/><W52/><G125/><T132/><D132/><U92/><E103/><V120/><F120/><W47/><G121/><T81/><D129/><U19/><E19/><V119/><F119/><W131/><G113/><T9/><D29/><U99/><E1/><V48/><F14/><W85/><G131/><T86/><REACH who="0" step="1"/><D81/><REACH who="0" ten="225,263,227,255" step="2"/><U50/><E38/><V45/><F109/><W68/><G118/><T67/><AGARI ba="1,3" hai="0,2,9,12,16,57,62,67,83,86,88,90,93,97" machi="67" ten="20,12000,2" yaku="1,1,2,1,0,1,7,1,54,2,53,1" doraHai="31" doraHaiUra="13" who="0" fromWho="0" sc="225,153,263,-31,227,-61,255,-31" /><INIT seed="3,0,0,2,3,1" ten="378,232,166,224" oya="3" hai0="69,45,133,84,71,85,38,75,132,126,62,104,11" hai1="21,22,101,54,31,64,44,66,19,83,114,128,9" hai2="100,37,13,51,17,68,55,65,80,90,43,115,42" hai3="12,105,60,15,120,91,23,103,112,50,4,135,107"/><W110/><G112/><T53/><D75/><U94/><E114/><V102/><F115/><W125/><G120/><T59/><D104/><U61/><E83/><V39/><F68/><N who="0" m="26186" /><D11/><U108/><E108/><V92/><F65/><W40/><G135/><N who="0" m="51787" /><D126/><U130/><E9/><V122/><F39/><W70/><G110/><T16/><D16/><U8/><E8/><V26/><F26/><W93/><G103/><T97/><D97/><N who="1" m="59575" /><E22/><V76/><F122/><W78/><G78/><T28/><D28/><U119/><E119/><V63/><F37/><W95/><G70/><T0/><D0/><U117/><E31/><V109/><F63/><W46/><G60/><T82/><D82/><U127/><E127/><V67/><F67/><W87/><G125/><T123/><D123/><U33/><E33/><V52/><F109/><W35/><G35/><T124/><D124/><U96/><E96/><V116/><F116/><W113/><G113/><T20/><D20/><U88/><E88/><V3/><F3/><W74/><G74/><T10/><D10/><U98/><E98/><V24/><F24/><W6/><G107/><T41/><AGARI ba="0,0" hai="38,41,45,53,59,62,84,85" m="51787,26186" machi="41" ten="40,1500,0" yaku="20,1" doraHai="1" who="0" fromWho="0" sc="378,15,232,-4,166,-4,224,-7" owari="393,49.3,228,2.8,162,-33.8,217,-18.3" /></mjloggm>