<mjloggm ver="2.3"><GO type="225" lobby="0"/><UN n0="%79%75%72%69%6D%6F%67" n1="%EF%BC%AE%EF%BC%A1%EF%BC%AF%33%33%39" n2="%E7%99%BD%E5%80%89%E5%AF%9B%E4%B9%8B" n3="%E3%81%AF%E3%82%88%E3%81%8A%E3%81%98%E3%81%95%E3%82%93" dan="16,16,16,17" rate="2193.14,2115.77,2131.42,2157.79" sx="F,M,M,M"/><TAIKYOKU oya="0"/><INIT seed="0,0,0,3,3,60" ten="250,250,250,250" oya="0" hai0="42,84,51,18,63,15,6,119,83,44,21,79,109" hai1="0,87,75,112,54,118,121,104,85,41,92,34,128" hai2="95,24,68,135,13,123,62,120,3,80,49,122,36" hai3="94,76,74,33,59,127,102,32,67,65,50,30,89"/><T19/><D119/><U22/><E54/><V81/><F3/><W71/><G71/><T66/><D109/><U5/><E22/><V82/><F36/><W17/><G127/><T106/><D106/><U58/><E58/><V114/><F114/><W57/><G102/><T115/><D115/><U134/><E41/><V105/><F105/><W64/><G17/><T70/><REACH who="0" step="1"/><D21/><REACH who="0" ten="240,250,250,250" step="2"/><U40/><E112/><V111/><F111/><W29/><G32/><T93/><D93/><U103/><E92/><V12/><F95/><W14/><G33/><T47/><D47/><U8/><E34/><V20/><F135/><W61/><G94/><T125/><D125/><U130/><E104/><V48/><F123/><W126/><G126/><T124/><D124/><U23/><E23/><V108/><F108/><W97/><G29/><T46/><D46/><U28/><E28/><V31/><F122/><W73/><G30/><T110/><D110/><U107/><E121/><V55/><F120/><W101/><G101/><T38/><D38/><U91/><E103/><V37/><F37/><W78/><G97/><T117/><D117/><U86/><E107/><V132/><F132/><W25/><G25/><T100/><D100/><U4/><E118/><V16/><F31/><W69/><G69/><T116/><D116/><U90/><E134/><V131/><F68/><W96/><G96/><T77/><D77/><U45/><E45/><V72/><F20/><W129/><G76/><T39/><D39/><U43/><E91/><V88/><F24/><W52/><G89/><T9/><AGARI ba="0,1" hai="6,9,15,18,19,42,44,51,63,66,70,79,83,84" machi="9" ten="30,12000,1" yaku="1,1,0,1,25,2,52,1,53,0" doraHai="60" doraHaiUra="26" who="0" fromWho="0" sc="240,130,250,-40,250,-40,250,-40" /><INIT seed="0,1,0,2,4,14" ten="370,210,210,210" oya="0" hai0="76,27,132,89,92,64,50,63,65,112,34,30,105" hai1="29,109,88,18,20,70,31,125,79,91,11,110,117" hai2="60,2,6,44,43,46,75,97,15,62,36,26,111" hai3="74,85,39,72,8,57,100,123,45,59,134,55,94"/><T95/><D132/><U103/><E70/><V67/><F111/><N who="1" m="42505" /><E117/><V77/><F97/><W42/><G134/><T128/><D112/><U108/><N who="1" m="42513" /><U24/><DORA hai="81" /><E125/><V130/><F130/><W127/><G127/><T35/><D105/><U47/><E103/><V84/><F67/><W106/><G123/><T25/><D128/><U102/><E102/><V68/><F68/><W93/><G59/><T38/><D38/><U28/><E79/><V98/><F98/><W87/><G106/><T48/><D76/><U32/><E11/><V83/><F26/><W51/><G8/><T49/><D63/><U107/><E107/><V4/><F4/><W5/><G5/><T116/><D116/><U78/><E78/><V40/><F75/><W131/><G131/><T80/><D80/><U66/><E66/><V1/><F1/><W0/><G0/><T13/><D95/><U22/><E32/><V61/><F2/><W135/><G135/><T41/><D41/><N who="2" m="15946" /><F36/><W96/><REACH who="3" step="1"/><G94/><REACH who="3" ten="370,210,210,200" step="2"/><T82/><D92/><U23/><E47/><V12/><F6/><W3/><G3/><T104/><D104/><U21/><AGARI ba="1,1" hai="18,20,21,22,23,24,28,29,31,88,91" m="42513" machi="21" ten="50,6400,0" yaku="14,1,52,1,54,1" doraHai="14,81" who="1" fromWho="1" sc="370,-33,210,77,210,-17,200,-17" /><INIT seed="1,0,0,2,3,54" ten="337,287,193,183" oya="1" hai0="3,55,95,108,34,79,25,102,8,22,89,30,51" hai1="107,29,72,86,48,91,97,15,103,122,80,42,123" hai2="27,60,112,24,50,68,11,126,113,39,32,130,134" hai3="115,69,67,105,106,38,98,70,77,43,76,96,131"/><U101/><E29/><V28/><F39/><W65/><G38/><T114/><D108/><U111/><E15/><V129/><F50/><W118/><G43/><T63/><D114/><N who="2" m="44138" /><F68/><W83/><G115/><T21/><D102/><U104/><E48/><V128/><F60/><W33/><G83/><T133/><D79/><U0/><E42/><V35/><F134/><W14/><G14/><T6/><D63/><U31/><E31/><N who="2" m="19559" /><F11/><W85/><G85/><T74/><D74/><U52/><E52/><V132/><F132/><W99/><G33/><T66/><D66/><N who="3" m="25097" /><G131/><T125/><D125/><AGARI ba="0,0" hai="27,28,35,125,126,128,129,130" m="19559,44138" machi="125" ten="40,8000,1" yaku="19,1,11,1,23,1,34,2" doraHai="54" who="2" fromWho="0" sc="337,-80,287,0,193,80,183,0" /><INIT seed="2,0,0,5,1,1" ten="257,287,273,183" oya="2" hai0="8,65,21,64,73,59,20,16,43,129,14,109,99" hai1="79,130,29,102,119,50,78,40,6,54,49,11,67" hai2="89,24,9,100,115,55,112,45,23,32,127,44,107" hai3="33,116,38,80,37,39,103,98,66,0,126,57,63"/><V114/><F32/><W27/><G116/><T91/><D109/><U133/><E119/><V83/><F127/><W12/><G0/><T111/><D73/><U134/><E29/><V41/><F107/><W58/><G126/><T72/><D72/><U17/><E17/><V125/><F100/><W132/><G132/><N who="1" m="50794" /><E67/><V46/><F125/><W31/><G12/><T77/><D111/><U76/><E102/><V86/><F55/><W81/><REACH who="3" step="1"/><G58/><REACH who="3" ten="257,287,273,173" step="2"/><T35/><D59/><U104/><E130/><V75/><F41/><W13/><G13/><T52/><D43/><U82/><E40/><V22/><F24/><W90/><G90/><T110/><D129/><U42/><E42/><V88/><F89/><W70/><G70/><T122/><D110/><U18/><E79/><V74/><F74/><W5/><G5/><T128/><D77/><U68/><E78/><V84/><F75/><W25/><G25/><T60/><D128/><U106/><E76/><V96/><F84/><W113/><G113/><T85/><D85/><U97/><E6/><V34/><F96/><W117/><G117/><T71/><D99/><U28/><E97/><V87/><F87/><W92/><AGARI ba="0,1" hai="27,31,33,37,38,39,57,63,66,80,81,92,98,103" machi="92" ten="30,2000,0" yaku="1,1,0,1,53,0" doraHai="1" doraHaiUra="131" who="3" fromWho="3" sc="257,-5,287,-5,273,-10,173,30" /><INIT seed="3,0,0,2,3,30" ten="252,282,263,203" oya="3" hai0="9,82,105,54,96,24,67,80,134,86,19,70,122" hai1="13,117,57,116,42,121,49,69,92,63,84,33,15" hai2="32,133,52,107,79,14,130,118,18,97,77,126,106" hai3="75,35,81,40,41,108,93,39,2,27,101,76,5"/><W50/><G108/><T23/><D122/><U112/><E121/><V28/><F118/><N who="1" m="45673" /><E112/><V87/><F126/><W31/><G50/><T12/><D134/><U128/><E33/><V123/><F130/><W4/><G41/><T37/><D37/><U103/><E69/><V78/><F133/><W91/><G101/><T46/><D70/><U3/><E3/><V114/><F123/><W1/><G5/><T20/><D67/><N who="1" m="39407" /><E128/><V55/><F114/><W68/><G68/><T43/><D43/><U8/><E8/><V98/><F87/><W125/><G125/><T10/><D105/><U119/><E119/><V11/><F107/><W48/><G48/><N who="0" m="28951" /><D96/><N who="1" m="59783" /><E84/><V0/><F0/><W85/><REACH who="3" step="1"/><G4/><REACH who="3" ten="252,282,263,193" step="2"/><T45/><D45/><AGARI ba="0,1" hai="13,15,42,45,49" m="59783,39407,45673" machi="45" ten="30,1000,0" yaku="12,1" doraHai="30" who="1" fromWho="0" sc="252,-10,282,20,263,0,193,0" /><AGARI ba="0,0" hai="1,2,27,31,35,39,40,45,75,76,81,85,91,93" machi="45" ten="40,7700,0" yaku="1,1,2,1,52,1,53,0" doraHai="30" doraHaiUra="56" who="3" fromWho="0" sc="242,-77,302,0,263,0,193,77" /><INIT seed="3,1,0,4,2,105" ten="165,302,263,270" oya="3" hai0="11,108,75,117,83,39,29,54,98,51,86,118,20" hai1="132,48,115,109,23,34,49,87,92,22,63,95,60" hai2="9,32,81,14,13,89,59,122,99,3,61,36,94" hai3="56,35,102,123,116,1,15,78,124,57,113,114,66"/><W64/><G1/><T41/><D108/><U135/><E87/><V71/><F32/><W47/><G35/><T53/><D39/><U40/><E34/><V7/><F36/><W6/><G6/><T121/><D41/><U37/><E37/><V21/><F71/><W4/><G4/><T96/><D121/><U111/><E40/><V12/><F122/><W103/><G123/><T42/><D42/><U72/><E72/><V43/><F43/><W31/><G15/><T67/><D67/><N who="3" m="25641" /><G31/><T97/><D11/><U104/><E104/><V52/><REACH who="2" step="1"/><F81/><REACH who="2" ten="165,302,253,270" step="2"/><W5/><G116/><T119/><D75/><U24/><E111/><V84/><F84/><W0/><G0/><T131/><D131/><U90/><E109/><V69/><F69/><W130/><G130/><T110/><D110/><U133/><E133/><V120/><F120/><W76/><G5/><T134/><D134/><U106/><E132/><V19/><AGARI ba="1,1" hai="3,7,9,12,13,14,19,21,52,59,61,89,94,99" machi="19" ten="30,4000,0" yaku="1,1,0,1,54,1,53,0" doraHai="105" doraHaiUra="25" who="2" fromWho="2" sc="165,-11,302,-11,253,53,270,-21" owari="154,-34.6,291,9.1,306,40.6,249,-15.1" /></mjloggm>