<mjloggm ver="2.3"><GO type="225" lobby="0"/><UN n0="%E7%89%B9%E6%9D%B1%E5%96%B0%E8%B5%A4%E9%80%9F" n1="%72%65%6E%6B%75%6E" n2="%E5%B8%86%E7%AB%8B%E5%A4%8F%E8%A1%A3" n3="%E3%83%81%E3%83%AF%E3%83%AF%E9%9A%8A%E9%95%B7" dan="16,17,17,16" rate="2028.68,2267.31,2188.47,2102.77" sx="M,M,M,M"/><TAIKYOKU oya="0"/><INIT seed="0,0,0,4,4,32" ten="250,250,250,250" oya="0" hai0="24,49,53,68,19,9,46,67,104,109,6,38,7" hai1="80,13,133,107,103,106,26,52,57,115,0,93,40" hai2="135,64,1,73,131,4,91,117,16,128,134,96,17" hai3="44,83,48,70,61,8,21,35,114,54,12,122,97"/><T14/><D104/><U37/><E0/><V88/><F117/><W76/><G35/><T86/><D109/><U113/><E133/><N who="2" m="50699" /><F73/><W11/><G114/><N who="1" m="43530" /><E13/><V22/><F64/><W119/><G119/><T20/><D38/><U28/><E80/><V59/><F59/><W132/><G132/><T84/><REACH who="0" step="1"/><D6/><REACH who="0" ten="240,250,250,250" step="2"/><U66/><E107/><V42/><F42/><W124/><G122/><T36/><D36/><U120/><E106/><V129/><F96/><W3/><G97/><T25/><D25/><U72/><E120/><V110/><F110/><W94/><G124/><T102/><D102/><U58/><E37/><V95/><F95/><W81/><G94/><T30/><D30/><U43/><E93/><V87/><F87/><W5/><G5/><T33/><D33/><N who="1" m="20631" /><E103/><V111/><F111/><W123/><G123/><T75/><D75/><U60/><E72/><V56/><F17/><W55/><G83/><T39/><D39/><U10/><E10/><N who="2" m="2319" /><F56/><W77/><G81/><T62/><AGARI ba="0,1" hai="7,9,14,19,20,24,46,49,53,62,67,68,84,86" machi="62" ten="30,6000,0" yaku="1,1,0,1,53,1" doraHai="32" doraHaiUra="15" who="0" fromWho="0" sc="240,70,250,-20,250,-20,250,-20" /><INIT seed="0,1,0,4,1,119" ten="310,230,230,230" oya="0" hai0="22,65,93,16,59,106,79,71,43,12,26,94,46" hai1="95,61,24,17,77,109,108,100,15,127,57,87,113" hai2="125,134,83,88,70,68,11,7,121,96,126,130,20" hai3="86,35,50,67,14,129,114,82,76,102,52,118,63"/><T115/><D115/><U39/><E39/><V51/><F134/><W128/><G114/><T107/><D71/><U89/><E113/><V73/><F130/><N who="3" m="50283" /><G118/><T25/><D79/><U97/><E127/><N who="2" m="48651" /><F73/><W30/><G102/><T42/><D106/><U72/><E24/><N who="0" m="9321" /><D107/><U103/><E72/><V36/><F20/><W33/><G14/><T116/><D116/><U6/><E6/><V0/><F36/><W23/><G23/><T133/><D133/><U21/><E77/><V85/><F96/><W99/><G30/><T132/><D132/><U124/><E124/><V105/><F105/><W92/><G92/><N who="0" m="35435" /><D46/><U111/><REACH who="1" step="1"/><E97/><REACH who="1" ten="310,220,230,230" step="2"/><V45/><F121/><W49/><G99/><T10/><D10/><U90/><E90/><V122/><F122/><W34/><G76/><T56/><D65/><AGARI ba="1,1" hai="15,17,21,57,61,65,87,89,95,100,103,108,109,111" machi="65" ten="40,5200,0" yaku="1,1,14,1,53,1" doraHai="119" doraHaiUra="53" who="1" fromWho="0" sc="310,-55,220,65,230,0,230,0" /><INIT seed="1,0,0,1,4,35" ten="255,285,230,230" oya="1" hai0="86,16,117,100,62,80,47,65,28,134,20,131,69" hai1="77,90,82,96,121,118,101,25,5,12,27,32,98" hai2="74,36,89,46,123,120,66,49,72,93,50,113,76" hai3="68,53,133,56,110,8,15,38,94,64,13,102,114"/><U31/><E118/><V41/><F113/><W116/><G114/><T1/><D117/><U29/><E121/><V73/><F76/><W43/><G116/><T75/><D75/><U30/><E90/><V33/><F33/><W95/><G110/><T84/><D131/><U23/><E31/><V70/><F36/><W103/><G133/><T78/><D28/><U18/><E5/><V85/><F66/><W104/><G104/><T97/><D47/><U88/><E101/><N who="3" m="38410" /><G38/><T125/><D125/><U58/><E58/><V119/><F119/><W6/><G68/><T126/><D134/><U81/><E77/><V60/><F50/><W83/><G43/><T42/><D42/><U59/><E59/><V106/><F106/><W61/><G83/><T44/><D44/><U19/><E19/><V54/><F70/><W128/><G128/><T2/><D84/><U52/><E52/><V34/><F34/><W115/><G115/><T92/><D126/><U11/><REACH who="1" step="1"/><E82/><REACH who="1" ten="255,275,230,230" step="2"/><V124/><F124/><W7/><G53/><T127/><D127/><U17/><E17/><V14/><F54/><W45/><G45/><T22/><D20/><U71/><E71/><V87/><F120/><W57/><G57/><T24/><AGARI ba="0,1" hai="1,2,16,22,24,62,65,69,78,80,86,92,97,100" machi="24" ten="20,8000,1" yaku="0,1,7,1,52,2,54,1" doraHai="35" who="0" fromWho="0" sc="255,90,275,-40,230,-20,230,-20" /><INIT seed="2,0,0,5,2,44" ten="345,235,210,210" oya="2" hai0="35,111,87,47,80,73,130,69,98,108,54,14,19" hai1="63,90,123,84,56,12,121,58,43,49,13,118,105" hai2="62,61,74,26,57,113,9,128,91,7,59,40,11" hai3="5,133,107,27,103,2,83,37,131,126,4,67,101"/><V85/><F113/><W60/><G37/><T24/><D69/><U120/><E105/><V30/><F74/><W77/><G126/><T10/><D73/><U41/><E118/><V95/><F128/><W129/><G133/><T97/><D130/><N who="3" m="49673" /><G27/><T18/><D47/><N who="1" m="25839" /><E43/><V20/><F40/><W125/><G125/><T29/><D18/><U28/><E28/><V78/><F78/><W55/><G55/><T36/><D54/><N who="1" m="34199" /><E58/><V25/><F25/><W79/><G79/><N who="0" m="46495" /><D36/><U104/><E104/><V115/><F115/><W106/><G106/><T88/><D35/><U110/><E110/><V48/><F48/><W15/><G2/><T99/><D29/><U89/><E89/><V16/><F59/><N who="3" m="37279" /><G107/><T124/><D124/><U33/><E33/><V34/><F57/><W51/><G51/><T127/><D127/><U93/><AGARI ba="0,0" hai="12,13,84,90,93,120,121,123" m="34199,25839" machi="93" ten="30,2000,0" yaku="13,1,52,1" doraHai="44" who="1" fromWho="1" sc="345,-5,235,20,210,-10,210,-5" /><INIT seed="3,0,0,5,3,46" ten="340,255,200,205" oya="3" hai0="48,7,33,108,66,99,42,27,72,97,26,112,82" hai1="5,77,3,132,127,110,92,28,89,6,107,81,120" hai2="106,102,130,52,84,134,122,125,135,93,38,31,62" hai3="65,1,56,13,113,74,115,45,119,105,10,128,131"/><W90/><G119/><T14/><D33/><U114/><E107/><V118/><F125/><W50/><G1/><T96/><D108/><U57/><E114/><V91/><F130/><N who="3" m="49707" /><G74/><T111/><D111/><U64/><E120/><V100/><F122/><W85/><G105/><T75/><D66/><U54/><E110/><V104/><F38/><W68/><G68/><T103/><D103/><N who="2" m="39466" /><F31/><W49/><G65/><T53/><D42/><U78/><E127/><V55/><F118/><W133/><G56/><T12/><D72/><U88/><E64/><V19/><F19/><N who="3" m="8631" /><G133/><N who="2" m="50697" /><F55/><N who="3" m="30127" /><G50/><T43/><D112/><U21/><E3/><V4/><F4/><W20/><G20/><T83/><D75/><U60/><E132/><V34/><F34/><W73/><G73/><T101/><D43/><U116/><E116/><V36/><F36/><W17/><G17/><T16/><D7/><N who="1" m="2571" /><E21/><V22/><F22/><W44/><G44/><N who="0" m="27783" /><D12/><U9/><E28/><V123/><F123/><W95/><AGARI ba="0,0" hai="85,90,95,113,115" m="30127,8631,49707" machi="95" ten="30,3000,0" yaku="19,1,52,1" doraHai="46" who="3" fromWho="3" sc="340,-10,255,-10,200,-10,205,30" /><INIT seed="3,1,0,1,0,98" ten="330,245,190,235" oya="3" hai0="105,23,104,118,16,52,119,129,24,124,68,93,112" hai1="9,70,18,76,22,45,116,51,121,12,127,84,14" hai2="77,125,66,101,36,128,96,85,15,99,33,3,5" hai3="48,63,57,107,7,126,64,61,123,86,83,69,53"/><W38/><G123/><T43/><D68/><U55/><E127/><V74/><F125/><W25/><G126/><T11/><D124/><U134/><E134/><V72/><F128/><W130/><G130/><T75/><D75/><U46/><E70/><V58/><F33/><W87/><G38/><T30/><D43/><U50/><E116/><V78/><F3/><W2/><G107/><T122/><D122/><U37/><E37/><V100/><F36/><W4/><G2/><T110/><D129/><U113/><E113/><V90/><F58/><W91/><G25/><T73/><D73/><N who="2" m="28266" /><F15/><W35/><G35/><T59/><D93/><U41/><E121/><V109/><F5/><W54/><REACH who="3" step="1"/><G86/><REACH who="3" ten="330,245,190,225" step="2"/><T103/><D118/><U82/><E9/><V133/><F133/><W94/><G94/><T26/><D119/><U132/><E132/><V28/><F28/><W108/><G108/><T92/><D104/><U95/><E95/><N who="2" m="54735" /><F109/><W44/><AGARI ba="1,1" hai="4,7,44,48,53,54,57,61,63,64,69,83,87,91" machi="44" ten="20,3900,0" yaku="1,1,0,1,7,1,53,0" doraHai="98" doraHaiUra="6" who="3" fromWho="3" sc="330,-14,245,-14,190,-14,225,52" /><INIT seed="3,2,0,4,3,81" ten="316,231,176,277" oya="3" hai0="0,125,80,66,26,115,43,2,127,62,119,19,60" hai1="104,134,30,40,46,108,112,118,49,94,113,67,110" hai2="116,25,77,90,105,71,4,70,54,42,35,31,75" hai3="68,135,55,114,59,11,13,57,27,96,133,98,123"/><W85/><G68/><N who="0" m="42055" /><D119/><U53/><E104/><V18/><F116/><W64/><G114/><N who="1" m="44138" /><E30/><V45/><F105/><W5/><G123/><T44/><D115/><U58/><E118/><V73/><F18/><W78/><G64/><T131/><D80/><U36/><E94/><V91/><F54/><W129/><G129/><T102/><D62/><N who="1" m="38359" /><E134/><N who="3" m="51210" /><G27/><T21/><D102/><U12/><E12/><V7/><F91/><W126/><G126/><N who="0" m="48139" /><D131/><U32/><E32/><V52/><F90/><W106/><G106/><T128/><D128/><U93/><E93/><V69/><F77/><W101/><G101/><T47/><D47/><AGARI ba="2,0" hai="36,40,46,47,49,53,108,110" m="38359,44138" machi="47" ten="30,2000,0" yaku="34,2" doraHai="81" who="1" fromWho="0" sc="316,-26,231,26,176,0,277,0" /><INIT seed="4,0,0,1,4,104" ten="290,257,176,277" oya="0" hai0="65,29,49,115,28,1,62,73,24,82,102,52,47" hai1="51,16,92,14,122,57,96,91,2,121,66,6,76" hai2="70,55,63,80,56,74,127,13,85,78,9,46,26" hai3="111,84,8,7,79,133,68,11,32,19,89,97,40"/><T114/><D102/><U117/><E117/><V23/><F127/><W10/><G111/><T113/><D1/><U110/><E110/><V72/><F70/><W128/><G68/><N who="0" m="42039" /><D24/><U134/><E134/><V124/><F124/><W93/><G32/><T4/><D4/><U17/><E76/><AGARI ba="0,0" hai="28,29,47,49,52,73,76,82,113,114,115" m="42039" machi="76" ten="30,5800,0" yaku="15,1,52,1,54,1" doraHai="104" who="0" fromWho="1" sc="290,58,257,-58,176,0,277,0" owari="348,44.8,199,-20.1,176,-32.4,277,7.7" /></mjloggm>