<mjloggm ver="2.3"><GO type="225" lobby="0"/><UN n0="%E9%A6%AC%E5%BC%95%E7%81%AB%33" n1="%E6%9C%88%E5%B3%B6%E5%9F%BA" n2="%E3%81%BF%E3%81%BF%E3%81%9A" n3="%E3%82%BC%E3%83%AB%E3%83%80%E3%81%AE%E4%BC%9D%E8%AA%AC" dan="16,17,17,17" rate="2139.79,2209.17,2185.23,2128.20" sx="M,M,M,M"/><TAIKYOKU oya="0"/><INIT seed="0,0,0,3,0,117" ten="250,250,250,250" oya="0" hai0="133,42,95,126,24,59,49,44,37,22,46,112,97" hai1="132,68,28,58,52,113,77,56,40,31,10,36,25" hai2="50,34,110,82,104,128,86,15,85,47,41,14,107" hai3="51,20,54,91,67,5,71,1,102,32,93,23,53"/><T81/><D112/><U114/><E68/><V134/><F34/><W48/><G32/><T74/><D126/><U19/><E132/><V9/><F134/><W38/><G38/><T69/><D69/><U27/><E77/><V92/><F110/><W100/><G71/><T131/><D133/><U61/><E36/><V79/><F128/><W39/><G39/><T64/><D131/><U129/><E40/><V33/><F33/><W60/><G1/><T122/><D81/><U30/><E129/><V135/><F135/><W72/><G72/><T2/><D2/><U3/><E58/><V75/><F14/><W63/><G93/><T26/><D74/><U103/><E103/><V12/><F15/><W6/><REACH who="3" step="1"/><G91/><REACH who="3" ten="250,250,250,240" step="2"/><T124/><D95/><U62/><E3/><V70/><F70/><W115/><G115/><T99/><D37/><U16/><E113/><V121/><F121/><W88/><G88/><T125/><D122/><U111/><E114/><V96/><F104/><W80/><G80/><T43/><D124/><U116/><E111/><V29/><F107/><W73/><G73/><T21/><D125/><U101/><E101/><V127/><F127/><W109/><G109/><T118/><D118/><U83/><E116/><V4/><F29/><W78/><G78/><T13/><D97/><U0/><E31/><V35/><F35/><W89/><G89/><AGARI ba="0,1" hai="4,9,12,41,47,50,75,79,82,85,86,89,92,96" machi="89" ten="30,1000,0" yaku="7,1" doraHai="117" who="2" fromWho="3" sc="250,0,250,0,250,20,240,-10" /><INIT seed="1,0,0,1,4,28" ten="250,250,270,230" oya="1" hai0="53,113,124,122,93,60,75,63,94,33,43,101,16" hai1="2,26,88,105,45,46,77,30,79,9,61,115,59" hai2="18,86,12,132,29,97,7,62,107,32,90,14,37" hai3="117,67,76,95,35,21,57,108,110,6,70,15,50"/><U39/><E115/><V48/><F37/><W65/><G117/><T3/><D113/><U121/><E121/><V27/><F132/><W55/><G76/><T131/><D75/><U104/><E104/><V38/><F38/><W91/><G35/><T99/><D3/><U34/><E105/><V126/><F126/><W54/><G54/><T13/><D33/><U0/><E0/><V44/><F7/><W25/><G6/><T83/><D124/><U31/><E31/><V78/><F62/><W133/><G133/><T11/><D131/><U52/><E9/><V130/><F130/><W116/><G116/><T58/><D122/><U42/><E2/><V19/><F78/><W4/><G4/><T20/><D83/><U96/><REACH who="1" step="1"/><E46/><REACH who="1" ten="250,240,270,230" step="2"/><V40/><F18/><W112/><G112/><T98/><D11/><U74/><E74/><V129/><F19/><W123/><G123/><T119/><D119/><U100/><E100/><V64/><F129/><W102/><G102/><T103/><D43/><U49/><E49/><AGARI ba="0,1" hai="13,16,20,49,53,58,60,63,93,94,98,99,101,103" machi="49" ten="30,7700,0" yaku="7,1,9,1,8,1,54,1" doraHai="28" who="0" fromWho="1" sc="250,87,240,-77,270,0,230,0" /><INIT seed="2,0,0,3,3,8" ten="337,163,270,230" oya="2" hai0="134,113,83,20,12,18,127,58,11,88,94,72,73" hai1="31,81,27,65,26,33,69,108,87,40,0,54,115" hai2="130,13,38,132,49,15,9,91,4,37,86,56,60" hai3="98,10,75,135,133,101,53,51,123,79,70,55,25"/><V118/><F118/><W111/><G123/><T121/><D121/><U77/><E115/><V66/><F130/><W1/><G70/><T120/><D120/><U131/><E131/><V17/><F49/><W112/><G111/><T68/><D68/><U36/><E108/><V67/><F132/><N who="3" m="50763" /><G112/><T76/><D113/><U5/><E54/><V114/><F114/><W100/><G25/><T64/><D134/><U42/><E27/><V82/><REACH who="2" step="1"/><F67/><REACH who="2" ten="337,163,260,230" step="2"/><W23/><G51/><T124/><D64/><U21/><E36/><V47/><F47/><W99/><G53/><T48/><D124/><U39/><E39/><V71/><F71/><W46/><G46/><T102/><D127/><U28/><E65/><V90/><F90/><W6/><G55/><T62/><D48/><U109/><E109/><V96/><F96/><W116/><G116/><T125/><D125/><U50/><E69/><V74/><F74/><W84/><G75/><T106/><D73/><U14/><E50/><V41/><F41/><W52/><G52/><T59/><D62/><U19/><REACH who="1" step="1"/><E31/><REACH who="1" ten="337,153,260,230" step="2"/><V117/><F117/><W16/><G100/><T61/><D102/><U128/><E128/><V78/><F78/><W119/><G119/><T24/><D76/><U93/><E93/><V126/><F126/><W43/><G101/><T32/><D94/><U35/><E35/><V122/><F122/><W129/><G129/><T92/><D92/><U63/><E63/><V3/><F3/><W29/><G29/><T45/><D61/><U110/><E110/><V107/><F107/><W104/><G104/><T22/><D106/><RYUUKYOKU ba="0,2" sc="337,-15,153,15,260,15,230,-15" hai1="0,5,14,19,21,26,28,33,40,42,77,81,87" hai2="4,9,13,15,17,37,38,56,60,66,82,86,91" /><INIT seed="2,1,2,1,1,121" ten="322,168,275,215" oya="2" hai0="25,16,86,9,91,51,99,20,117,126,72,92,56" hai1="42,108,38,53,5,62,89,21,77,104,0,125,83" hai2="124,123,46,73,17,34,79,119,78,14,132,95,54" hai3="113,110,33,129,131,37,70,96,24,47,109,48,88"/><V4/><F123/><W1/><G1/><T18/><D72/><U94/><E104/><V28/><F119/><W27/><G70/><T7/><D117/><U26/><E125/><V64/><F34/><W2/><G2/><T112/><D112/><U135/><E135/><V127/><F28/><N who="3" m="19591" /><G37/><T130/><D126/><N who="2" m="48170" /><F4/><W114/><G27/><T103/><D130/><N who="3" m="49673" /><G96/><T12/><D51/><U50/><E62/><V60/><F132/><W122/><G88/><T55/><D55/><U81/><E42/><V13/><F95/><W40/><G122/><T52/><D52/><U35/><E38/><V31/><F31/><W75/><G75/><T63/><D63/><U106/><E106/><V59/><F73/><W45/><G45/><T57/><D7/><U10/><E77/><V65/><F13/><W115/><AGARI ba="1,2" hai="40,47,48,109,110,113,114,115" m="49673,19591" machi="115" ten="40,8000,1" yaku="11,1,19,1,52,2" doraHai="121" who="3" fromWho="3" sc="322,-21,168,-21,275,-41,215,103" /><INIT seed="3,0,0,2,1,90" ten="301,147,234,318" oya="3" hai0="43,11,35,69,56,63,113,68,103,36,118,54,38" hai1="34,115,7,30,32,2,98,31,125,12,10,108,66" hai2="77,40,122,111,5,4,124,109,93,116,14,64,107" hai3="16,65,104,81,42,112,60,117,106,37,101,74,27"/><W78/><G112/><T97/><D35/><N who="1" m="13355" /><E98/><V8/><F107/><W92/><G117/><T50/><D11/><N who="1" m="2551" /><E66/><V120/><F116/><W89/><G16/><T95/><D118/><U22/><E108/><N who="2" m="41547" /><F124/><W13/><G13/><T70/><D113/><U57/><E57/><V45/><F77/><W62/><G27/><T123/><D123/><N who="2" m="47146" /><F4/><W44/><G101/><T126/><D126/><U82/><E82/><V133/><F133/><W102/><G102/><T80/><D80/><U49/><E49/><N who="2" m="26791" /><F64/><W79/><G79/><T1/><D1/><U83/><E83/><V24/><F24/><W17/><G17/><T28/><D28/><N who="1" m="10795" /><E125/><V48/><F48/><W96/><G62/><T58/><D50/><U132/><E132/><V130/><F130/><W6/><G6/><T75/><D63/><U67/><E67/><V119/><F119/><W61/><G61/><T55/><D38/><U110/><E110/><V3/><F3/><W105/><G105/><T76/><D36/><U73/><E73/><V15/><F15/><W53/><G53/><T52/><D75/><U127/><E127/><V20/><F14/><W39/><G39/><T33/><D76/><U87/><E87/><V29/><F5/><W47/><G47/><T100/><D55/><U26/><E115/><V84/><F84/><W85/><G85/><T99/><D54/><U46/><E46/><V0/><F93/><W128/><G128/><T129/><D129/><U86/><E86/><V19/><F0/><W71/><AGARI ba="0,0" hai="37,42,44,60,65,71,74,78,81,89,92,96,104,106" machi="71" ten="20,3900,0" yaku="0,1,7,1,52,1" doraHai="90" who="3" fromWho="3" sc="301,-13,147,-13,234,-13,318,39" owari="288,8.8,134,-36.6,221,-17.9,357,45.7" /></mjloggm>