<mjloggm ver="2.3"><GO type="225" lobby="0"/><UN n0="%E6%81%A5%E6%99%92%E3%81%97" n1="%E4%BB%8A%E6%97%A5%E4%B8%80" n2="%65%78%69%73%74%2D%79" n3="%E6%98%93%E5%88%A9%E8%96%A9%E4%BC%AF" dan="16,17,16,17" rate="2079.14,2207.27,2081.68,2169.56" sx="M,M,M,F"/><TAIKYOKU oya="0"/><INIT seed="0,0,0,3,2,131" ten="250,250,250,250" oya="0" hai0="96,92,29,6,8,21,76,64,30,80,23,26,13" hai1="81,20,56,65,7,74,89,70,134,94,67,69,116" hai2="51,120,12,24,129,88,72,46,57,60,133,55,10" hai3="61,68,1,104,4,124,32,47,34,107,101,37,49"/><T79/><D64/><U71/><E116/><V111/><F129/><W132/><G49/><T86/><D79/><U35/><E35/><N who="3" m="13354" /><G101/><T59/><D59/><U91/><E7/><V106/><F120/><W100/><G100/><T97/><REACH who="0" step="1"/><D92/><REACH who="0" ten="240,250,250,250" step="2"/><U53/><E94/><V77/><F77/><W43/><G124/><T63/><D63/><U39/><E67/><V50/><F60/><W2/><G61/><T52/><D52/><U117/><E65/><V3/><F57/><W123/><G68/><T85/><D85/><U33/><E53/><V31/><F55/><W128/><G128/><T75/><D75/><U58/><E74/><V110/><F72/><W40/><G107/><T119/><D119/><U16/><E58/><V18/><F106/><W84/><G84/><T28/><D28/><U118/><E56/><V125/><F31/><W98/><G104/><T135/><D135/><U38/><E134/><V114/><F133/><W121/><G132/><T109/><D109/><U45/><E118/><V41/><F111/><W95/><G95/><T17/><D17/><U102/><E117/><V113/><F18/><W5/><G123/><T87/><D87/><U93/><E93/><V36/><F110/><W66/><G121/><T108/><D108/><U25/><E70/><V19/><F19/><W27/><G66/><T78/><D78/><U127/><E71/><V122/><F122/><W11/><G98/><T48/><D48/><U42/><E69/><V90/><F51/><W62/><G62/><T0/><D0/><U126/><E126/><V22/><F125/><W105/><G105/><RYUUKYOKU ba="0,1" sc="240,30,250,-10,250,-10,250,-10" hai0="6,8,13,21,23,26,29,30,76,80,86,96,97" /><INIT seed="0,1,1,1,3,105" ten="270,240,240,240" oya="0" hai0="29,118,74,134,82,57,87,37,116,91,88,117,8" hai1="12,76,92,61,93,63,33,43,67,14,21,0,35" hai2="108,38,85,39,15,51,53,34,101,45,31,27,122" hai3="46,121,107,58,4,70,50,86,60,2,78,22,114"/><T19/><D134/><U42/><E21/><V89/><F122/><W73/><G114/><T71/><D71/><U125/><E76/><V65/><F108/><W24/><G70/><T26/><D37/><U106/><E106/><V127/><F127/><W103/><G121/><T56/><D91/><U80/><E80/><V55/><F101/><W9/><G86/><T104/><D104/><U119/><E119/><V130/><F65/><W84/><G84/><T32/><REACH who="0" step="1"/><D74/><REACH who="0" ten="260,240,240,240" step="2"/><U83/><E125/><V69/><F69/><W3/><G107/><T120/><D120/><U124/><E124/><V41/><F39/><W7/><G103/><T25/><D25/><U115/><E115/><V97/><F38/><W128/><G73/><T94/><D94/><U112/><E112/><V18/><F130/><W68/><G128/><T13/><AGARI ba="1,2" hai="8,13,19,26,29,32,56,57,82,87,88,116,117,118" machi="13" ten="40,7800,0" yaku="1,1,0,1,54,1,53,0" doraHai="105" doraHaiUra="98" who="0" fromWho="0" sc="260,101,240,-27,240,-27,240,-27" /><INIT seed="0,2,0,0,4,105" ten="361,213,213,213" oya="0" hai0="66,81,23,73,121,42,7,132,75,49,128,4,18" hai1="87,98,57,124,84,47,1,97,126,56,38,104,76" hai2="29,90,19,82,59,37,111,17,10,3,119,108,44" hai3="85,16,45,130,114,70,103,100,88,31,95,102,109"/><T8/><D121/><U13/><E1/><V40/><F119/><W74/><G114/><T118/><D66/><U14/><E47/><V72/><F29/><W52/><G70/><T24/><D118/><U39/><E76/><N who="2" m="44295" /><F59/><W129/><G31/><T115/><D115/><U80/><E80/><V62/><F62/><W89/><G109/><N who="2" m="42057" /><F90/><W125/><G125/><T33/><D33/><U65/><E65/><V54/><F54/><W127/><G127/><T43/><D42/><U78/><E78/><V69/><F69/><W35/><G35/><T36/><D36/><U25/><E25/><V22/><F22/><W64/><G64/><T32/><D43/><U91/><E91/><V51/><F51/><N who="3" m="28783" /><G89/><T5/><D49/><U133/><E39/><V122/><F122/><W117/><G117/><T71/><D71/><U101/><E38/><V0/><F0/><W61/><G61/><T9/><D23/><U20/><E20/><V12/><F3/><W123/><G123/><T96/><D32/><U99/><E57/><V11/><F11/><W53/><G53/><T110/><D9/><U92/><E56/><V68/><F68/><W116/><G116/><T6/><D8/><U94/><E124/><V2/><F2/><W60/><G60/><T50/><D110/><U134/><E126/><V83/><F83/><W41/><G41/><T55/><D81/><U21/><E21/><V26/><F26/><W48/><G48/><T79/><D50/><U93/><E13/><V107/><F107/><W30/><G30/><T63/><N who="0" m="1024" /><DORA hai="67" /><T27/><D24/><U131/><E104/><RYUUKYOKU ba="2,0" sc="361,-10,213,-10,213,30,213,-10" hai2="10,12,17,19,37,40,44" /><INIT seed="1,3,0,0,1,26" ten="351,203,243,203" oya="1" hai0="79,21,75,114,61,41,6,11,87,46,53,101,108" hai1="99,42,14,0,57,47,70,13,62,24,19,109,25" hai2="64,30,112,90,4,126,18,45,50,69,131,133,68" hai3="98,96,85,22,127,10,77,3,31,72,86,123,43"/><U91/><E0/><V117/><F30/><W32/><G123/><T5/><D114/><U128/><E70/><V20/><F4/><W83/><G32/><T89/><D101/><U135/><E135/><V67/><F90/><W103/><G127/><T2/><D108/><U65/><E128/><V78/><F78/><W52/><G43/><T118/><D21/><U80/><E109/><V97/><F97/><W93/><G98/><T74/><D6/><U92/><E80/><V17/><F20/><W100/><G100/><T116/><D75/><U82/><E82/><V88/><F88/><W9/><G3/><T124/><D124/><U58/><E58/><V38/><F18/><W59/><G86/><T39/><D79/><U107/><E107/><V54/><F17/><W122/><G72/><T44/><D74/><U121/><E121/><V27/><F27/><N who="3" m="16887" /><G122/><T132/><D132/><U63/><E63/><AGARI ba="3,0" hai="9,10,52,59,63,77,83,85,93,96,103" m="16887" machi="63" ten="30,3900,0" yaku="8,1,52,1,54,1" doraHai="26" who="3" fromWho="1" sc="351,0,203,-48,243,0,203,48" /><INIT seed="2,0,0,2,0,123" ten="351,155,243,251" oya="2" hai0="16,111,8,17,79,122,68,78,115,128,30,33,35" hai1="69,6,76,117,112,92,87,44,22,32,72,47,15" hai2="18,107,129,113,97,133,83,41,114,86,108,100,88" hai3="34,91,99,104,50,25,56,119,3,130,61,98,46"/><V120/><F41/><W59/><G3/><T118/><D115/><N who="2" m="44042" /><F18/><W42/><G130/><T126/><D122/><U9/><E87/><N who="2" m="50303" /><F120/><W28/><G119/><T48/><D68/><U96/><E92/><V93/><F129/><W102/><G61/><T0/><D48/><U134/><E96/><N who="2" m="61831" /><F133/><W84/><G99/><T73/><D128/><U38/><E69/><V5/><F5/><W132/><G132/><T19/><D30/><U81/><E134/><V58/><F58/><W27/><G27/><T135/><D135/><U109/><E112/><V49/><F49/><W55/><G55/><T1/><D8/><U60/><E60/><V74/><F74/><W77/><G59/><T101/><D73/><U121/><E121/><V63/><F63/><W43/><G56/><T106/><D33/><U51/><E32/><V66/><F66/><W71/><G43/><T80/><D35/><U36/><E22/><V10/><F10/><W29/><G29/><T95/><D19/><U13/><E13/><V62/><F62/><W37/><G71/><T53/><D16/><U75/><E75/><V52/><F52/><W12/><G12/><T116/><D17/><U103/><E38/><V57/><F57/><W20/><G37/><T31/><D53/><U2/><E15/><V54/><F54/><W40/><G40/><T90/><D31/><U23/><E36/><V26/><F26/><W127/><G34/><T70/><D70/><U65/><E2/><V4/><F4/><W85/><G42/><T94/><D0/><U14/><E6/><V24/><F24/><W67/><G25/><RYUUKYOKU ba="0,0" sc="351,0,155,0,243,0,251,0" /><INIT seed="3,1,0,2,3,1" ten="351,155,243,251" oya="3" hai0="41,107,113,27,48,68,26,88,106,9,69,125,131" hai1="73,118,25,37,52,38,2,42,18,92,74,53,116" hai2="82,29,46,98,130,65,120,126,17,122,129,22,111" hai3="67,28,75,101,76,54,91,94,40,105,89,77,114"/><W104/><G67/><T12/><D125/><U58/><E2/><V86/><F126/><W70/><G40/><T50/><D131/><N who="2" m="50186" /><F111/><W71/><G28/><T57/><D106/><N who="3" m="41065" /><G54/><T43/><D107/><U108/><E108/><V64/><F98/><N who="3" m="59607" /><G71/><T93/><D68/><U19/><E92/><V109/><F109/><W78/><G70/><T134/><D50/><U117/><E25/><N who="2" m="14543" /><F29/><W15/><G15/><T112/><D69/><U80/><E80/><V97/><F97/><W35/><G35/><T44/><D57/><U87/><E87/><V115/><F115/><N who="0" m="44106" /><D43/><U123/><E123/><N who="2" m="47147" /><F46/><W33/><G33/><T39/><D44/><U72/><E42/><V55/><F55/><N who="1" m="21065" /><E58/><V128/><F128/><W135/><G114/><T61/><D61/><U11/><E11/><V100/><F100/><W20/><G75/><N who="1" m="19202" /><U133/><DORA hai="30" /><E133/><V59/><F59/><W81/><G135/><T63/><D134/><U62/><E62/><V110/><F110/><W83/><G20/><T10/><D10/><U47/><E47/><V8/><F8/><W84/><G84/><N who="0" m="52359" /><D9/><U96/><E96/><V14/><F14/><W79/><G83/><T24/><D12/><U121/><E121/><V49/><F49/><W31/><G81/><T36/><D63/><U32/><E32/><V85/><F85/><W3/><G3/><T5/><D48/><U4/><E4/><V99/><F99/><W124/><G78/><AGARI ba="1,0" hai="64,65,78,82,86" m="47147,14543,50186" machi="78" ten="30,2000,0" yaku="19,1,13,1" doraHai="1,30" who="2" fromWho="3" sc="351,0,155,0,243,23,251,-23" owari="351,45.1,155,-34.5,266,6.6,228,-17.2" /></mjloggm>