<mjloggm ver="2.3"><GO type="225" lobby="0"/><UN n0="%E3%81%AF%E3%82%88%E3%81%8A%E3%81%98%E3%81%95%E3%82%93" n1="%E6%A1%9C%E8%8A%B1%E9%96%83%E3%80%85" n2="%E4%BF%BA%E3%81%A8%E5%A6%96%E5%A4%A2" n3="%62%6F%6E%6F%73%2E%2E" dan="17,17,16,17" rate="2241.06,2223.20,2249.43,2190.99" sx="M,M,F,M"/><TAIKYOKU oya="0"/><INIT seed="0,0,0,0,0,67" ten="250,250,250,250" oya="0" hai0="83,87,37,40,103,41,48,96,93,0,10,56,54" hai1="4,126,68,100,75,80,65,8,125,49,28,114,71" hai2="1,21,27,84,57,134,129,109,102,110,19,115,6" hai3="50,86,122,62,22,121,58,14,51,94,69,70,107"/><T90/><REACH who="0" step="1"/><D37/><REACH who="0" ten="240,250,250,250" step="2"/><U82/><E125/><V119/><F110/><W53/><G121/><T98/><D98/><U2/><E126/><V108/><F109/><W55/><G122/><T25/><D25/><U43/><E114/><V15/><F108/><W23/><G107/><T45/><D45/><U20/><E100/><V33/><F115/><W118/><G118/><T128/><D128/><U81/><E75/><V97/><F129/><W133/><G133/><T30/><D30/><U66/><E28/><V5/><F134/><W111/><G111/><T44/><D44/><U12/><E71/><V13/><F119/><W120/><G120/><T42/><D42/><U24/><E68/><V135/><F135/><W95/><G69/><T63/><D63/><U79/><E43/><V35/><F97/><W99/><G70/><T60/><D60/><U78/><E49/><V36/><F102/><N who="3" m="60791" /><G62/><T117/><D117/><U113/><E113/><V39/><F39/><W61/><G61/><T34/><D34/><U26/><E26/><V31/><F36/><W116/><G116/><T123/><D123/><U18/><E24/><V89/><F35/><W17/><G53/><T76/><D76/><U112/><E112/><V47/><F47/><W104/><G104/><T77/><D77/><U16/><E78/><V124/><F124/><W74/><G51/><T3/><D3/><U106/><E106/><V7/><F1/><W59/><G59/><T52/><D52/><U64/><E79/><V131/><F131/><W46/><G74/><T101/><D101/><U9/><E65/><V32/><F57/><RYUUKYOKU ba="0,1" sc="240,15,250,15,250,-15,250,-15" hai0="0,10,40,41,48,54,56,83,87,90,93,96,103" hai1="2,4,8,9,12,16,18,20,64,66,80,81,82" /><INIT seed="0,1,1,3,3,23" ten="255,265,235,235" oya="0" hai0="10,117,29,68,133,103,131,9,113,15,91,45,46" hai1="76,5,50,54,36,106,92,6,56,129,48,61,120" hai2="71,38,99,14,43,84,16,79,87,31,109,22,101" hai3="3,72,94,57,17,53,1,102,8,27,51,90,121"/><T32/><D113/><U12/><E106/><V73/><F71/><W24/><G72/><T110/><D117/><U108/><E120/><V82/><F109/><W69/><G69/><T77/><D68/><U67/><E108/><V116/><F116/><W104/><G104/><T132/><D110/><U85/><E129/><V28/><F43/><W34/><G102/><T39/><D131/><U125/><E125/><V134/><F38/><W86/><G121/><T26/><D103/><U105/><E36/><V81/><F134/><N who="0" m="51818" /><D77/><U7/><E105/><V33/><F33/><W112/><G112/><T130/><D130/><U49/><E12/><V96/><F73/><W66/><G66/><T55/><D91/><N who="1" m="53359" /><E76/><N who="2" m="46119" /><F101/><W21/><REACH who="3" step="1"/><G8/><REACH who="3" ten="255,265,235,225" step="2"/><T119/><D119/><U4/><N who="1" m="1024" /><DORA hai="88" /><U122/><E122/><V62/><F62/><W97/><G97/><AGARI ba="1,2" hai="14,16,22,28,31,79,82,87,96,97,99" m="46119" machi="97" ten="30,2000,0" yaku="8,1,54,1" doraHai="23,88" who="2" fromWho="3" sc="255,0,265,0,235,43,225,-23" /><INIT seed="1,0,0,3,1,128" ten="255,265,278,202" oya="1" hai0="33,79,82,52,3,26,41,107,22,42,92,80,57" hai1="81,84,99,36,89,91,59,19,35,104,16,14,23" hai2="95,97,25,24,90,133,39,0,2,11,70,108,98" hai3="4,110,10,51,77,103,134,32,12,61,43,105,122"/><U114/><E114/><V64/><F39/><W44/><G122/><T27/><D107/><U117/><E117/><V45/><F108/><W88/><G110/><T71/><D71/><U9/><E36/><V38/><F64/><W53/><G134/><T62/><D3/><U106/><E35/><V118/><F70/><W100/><G32/><T30/><D92/><N who="1" m="56735" /><E106/><V73/><F73/><W131/><G131/><T135/><D135/><U8/><E104/><V78/><F133/><W125/><G125/><T68/><D68/><U124/><E124/><V6/><F78/><W119/><G119/><T67/><D67/><U69/><E69/><V75/><F75/><W15/><G77/><T34/><D34/><U129/><E129/><V94/><F0/><W115/><G115/><T72/><REACH who="0" step="1"/><D82/><REACH who="0" ten="245,265,278,202" step="2"/><U113/><E113/><V101/><F118/><W18/><G105/><T56/><D56/><U109/><E109/><V102/><F90/><W93/><G88/><T60/><D60/><U121/><E59/><V132/><F132/><W50/><G93/><T20/><D20/><N who="1" m="11287" /><E121/><V83/><F83/><W17/><G61/><T28/><AGARI ba="0,1" hai="22,26,27,28,30,33,41,42,52,57,62,72,79,80" machi="28" ten="20,8000,1" yaku="1,1,0,1,7,1,54,1,53,1" doraHai="128" doraHaiUra="48" who="0" fromWho="0" sc="245,90,265,-40,278,-20,202,-20" /><INIT seed="2,0,0,4,4,30" ten="335,225,258,182" oya="2" hai0="33,86,46,67,112,15,82,59,36,16,20,34,72" hai1="44,119,23,1,87,104,106,92,96,120,131,25,110" hai2="113,32,5,109,43,79,42,37,111,128,77,53,51" hai3="71,74,64,52,17,70,132,118,134,103,11,65,83"/><V61/><F113/><W93/><G118/><T116/><D112/><U99/><E1/><V45/><F5/><W47/><G103/><T117/><D72/><U14/><E119/><N who="0" m="45641" /><D67/><N who="3" m="25673" /><G93/><T9/><D59/><U129/><E14/><V54/><F128/><N who="1" m="49225" /><E110/><N who="2" m="41995" /><F61/><W10/><G17/><T41/><D9/><N who="3" m="3081" /><G83/><T31/><D31/><N who="1" m="17855" /><E120/><V62/><F62/><W107/><G107/><N who="1" m="41002" /><E44/><N who="2" m="23631" /><F32/><W127/><G74/><T101/><D101/><U21/><E21/><V27/><F27/><W2/><G2/><T0/><D0/><U12/><E12/><V56/><F56/><W115/><G115/><T50/><D36/><U26/><E26/><V29/><F29/><W18/><G18/><T78/><AGARI ba="0,0" hai="15,16,20,33,34,41,46,50,78,82,86" m="45641" machi="78" ten="30,7900,0" yaku="12,1,52,2,54,1" doraHai="30" who="0" fromWho="0" sc="335,79,225,-20,258,-39,182,-20" /><INIT seed="3,0,0,3,1,43" ten="414,205,219,162" oya="3" hai0="26,110,22,46,5,3,131,82,15,99,114,92,73" hai1="107,77,55,7,44,71,21,20,108,13,100,61,50" hai2="54,40,120,88,38,29,4,75,95,0,32,115,42" hai3="59,86,58,16,78,64,39,8,121,66,126,31,76"/><W35/><G121/><T122/><D3/><U106/><E108/><V12/><F115/><W14/><G39/><T98/><D122/><U60/><E77/><N who="3" m="29802" /><G35/><T132/><D82/><U51/><E71/><V125/><F0/><W105/><G105/><T56/><D73/><U6/><E100/><V69/><F75/><W47/><G126/><T111/><D114/><U128/><E128/><V87/><F69/><W25/><G86/><T113/><D113/><U109/><E109/><N who="0" m="41481" /><D131/><U101/><E101/><V118/><F29/><W53/><G31/><T117/><D117/><U81/><E81/><V48/><F32/><W41/><G25/><T90/><D132/><U129/><E129/><V133/><F133/><W83/><G83/><T33/><D33/><U37/><E37/><V52/><F125/><W89/><G89/><T67/><D15/><U70/><E70/><V80/><F38/><W2/><G2/><T112/><D5/><N who="1" m="1547" /><E107/><V28/><F28/><W127/><G127/><T57/><D112/><U123/><E106/><V116/><F120/><W49/><G41/><N who="2" m="15977" /><F118/><W65/><AGARI ba="0,0" hai="8,14,16,47,49,53,58,59,64,65,66" m="29802" machi="65" ten="30,6000,0" yaku="8,1,52,1,54,1" doraHai="43" who="3" fromWho="3" sc="414,-20,205,-20,219,-20,162,60" /><INIT seed="3,1,0,0,5,42" ten="394,185,199,222" oya="3" hai0="69,88,64,126,25,34,100,54,90,9,63,98,38" hai1="58,72,115,83,29,73,113,27,78,65,60,36,7" hai2="79,57,22,110,95,26,37,66,119,33,52,24,127" hai3="14,80,123,120,133,50,68,84,2,81,0,62,128"/><W125/><G125/><T106/><D126/><U12/><E36/><V44/><F127/><W96/><G133/><T13/><D38/><U82/><E7/><V53/><F119/><W94/><G128/><T56/><D25/><N who="2" m="9834" /><F33/><W75/><G75/><T85/><D34/><U49/><E12/><V99/><F37/><W35/><G35/><T15/><D15/><U8/><E8/><V40/><F110/><W135/><G135/><T124/><D124/><U20/><REACH who="1" step="1"/><E49/><REACH who="1" ten="394,175,199,222" step="2"/><N who="2" m="26759" /><F22/><W11/><G50/><T114/><D114/><U132/><E132/><V97/><F79/><AGARI ba="1,1" hai="20,27,29,58,60,65,72,73,78,79,82,83,113,115" machi="79" ten="40,8000,1" yaku="1,1,9,1,53,2" doraHai="42" doraHaiUra="77" who="1" fromWho="2" sc="394,0,175,93,199,-83,222,0" owari="394,49.4,268,6.8,116,-38.4,222,-17.8" /></mjloggm>