<mjloggm ver="2.3"><GO type="225" lobby="0"/><UN n0="%E5%A4%8F%E9%88%B4%E9%88%B4%E5%A4%8F" n1="%6C%65%74%69%74%62%65" n2="%E6%98%93%E5%88%A9%E8%96%A9%E4%BC%AF" n3="%66%67%67%68%68%64%66" dan="16,16,17,16" rate="2095.57,2108.85,2116.05,2080.55" sx="F,M,F,M"/><TAIKYOKU oya="0"/><INIT seed="0,0,0,0,1,25" ten="250,250,250,250" oya="0" hai0="121,71,106,55,31,122,111,73,104,14,77,67,50" hai1="45,7,18,36,12,94,134,30,15,64,48,3,40" hai2="88,74,93,28,124,52,59,23,84,119,34,85,130" hai3="123,17,126,38,135,19,112,98,41,117,115,60,8"/><T29/><D67/><U54/><E134/><V102/><F74/><W11/><G117/><T42/><D71/><U20/><E3/><V132/><F34/><W24/><G135/><T27/><D42/><U90/><E64/><V127/><F132/><W69/><G126/><N who="2" m="48169" /><F119/><W91/><G123/><T133/><D133/><U86/><E7/><V43/><F43/><W113/><G69/><T33/><D111/><U99/><E12/><V109/><F109/><W35/><G60/><T97/><D14/><U101/><E30/><V1/><F1/><W125/><G38/><T56/><D31/><U57/><REACH who="1" step="1"/><E101/><REACH who="1" ten="250,240,250,250" step="2"/><V75/><F102/><W61/><G125/><T58/><D121/><U26/><E26/><N who="2" m="16479" /><F130/><W129/><G129/><T37/><D122/><U80/><E80/><V95/><F75/><W120/><G120/><T70/><D73/><U63/><E63/><N who="2" m="36327" /><F85/><AGARI ba="0,1" hai="15,18,20,36,40,45,48,54,57,85,86,90,94,99" machi="85" ten="40,1300,0" yaku="1,1,53,0" doraHai="25" doraHaiUra="108" who="1" fromWho="2" sc="250,0,240,23,250,-13,250,0" /><INIT seed="1,0,0,0,0,68" ten="250,263,237,250" oya="1" hai0="78,19,126,25,86,102,69,114,32,107,106,96,79" hai1="73,49,42,34,38,51,64,133,112,124,52,105,58" hai2="90,74,94,131,35,77,36,89,18,14,116,92,70" hai3="117,17,22,12,134,84,93,26,55,125,33,40,75"/><U66/><E73/><V130/><F70/><W28/><G75/><T2/><D114/><U46/><E105/><V45/><F35/><W5/><G134/><T108/><D126/><U7/><E34/><V109/><F116/><W15/><G125/><T115/><D115/><U11/><E112/><V43/><F109/><W76/><G117/><T54/><D108/><U1/><E124/><V98/><F77/><W122/><G122/><T8/><D69/><U99/><E133/><V120/><F74/><W118/><G118/><T97/><D54/><U85/><E99/><V81/><F81/><W56/><G40/><T72/><D86/><U119/><E119/><V88/><F120/><W63/><G5/><T65/><D65/><U9/><E9/><V44/><F44/><W132/><G132/><T60/><D60/><U13/><E1/><V83/><F83/><W48/><G76/><T16/><D19/><U50/><REACH who="1" step="1"/><E85/><REACH who="1" ten="250,253,237,250" step="2"/><V20/><REACH who="2" step="1"/><F94/><REACH who="2" ten="250,253,227,250" step="2"/><W4/><G93/><N who="0" m="58639" /><D72/><U71/><E71/><V103/><AGARI ba="0,2" hai="14,18,20,36,43,45,88,89,90,92,98,103,130,131" machi="103" ten="30,7900,0" yaku="1,1,0,1,52,1,54,1,53,0" doraHai="68" doraHaiUra="111" who="2" fromWho="2" sc="250,-20,253,-39,227,99,250,-20" /><INIT seed="2,0,0,3,0,74" ten="230,214,326,230" oya="2" hai0="50,41,81,66,85,4,62,34,121,70,43,32,71" hai1="47,18,57,7,26,22,9,15,1,17,133,60,46" hai2="49,78,122,67,99,63,52,114,104,103,21,0,69" hai3="107,79,5,13,6,112,25,124,75,23,68,125,108"/><V82/><F114/><W128/><G68/><T131/><D121/><U106/><E106/><V119/><F122/><W77/><G107/><T37/><D131/><U56/><E133/><V127/><F119/><W96/><G128/><T65/><D4/><N who="3" m="1641" /><G75/><T86/><D50/><U59/><REACH who="1" step="1"/><E60/><REACH who="1" ten="230,204,326,230" step="2"/><V24/><F127/><N who="3" m="48715" /><G112/><T48/><D62/><U10/><AGARI ba="0,1" hai="1,7,9,10,15,17,18,22,26,46,47,56,57,59" machi="10" ten="30,2000,0" yaku="1,1,0,1,53,0" doraHai="74" doraHaiUra="27" who="1" fromWho="1" sc="230,-5,204,30,326,-10,230,-5" /><INIT seed="3,0,0,2,5,106" ten="225,234,316,225" oya="3" hai0="117,123,30,43,120,16,27,128,78,19,56,42,66" hai1="3,26,96,60,116,122,53,97,92,23,77,20,4" hai2="64,29,32,36,108,28,54,103,80,109,48,21,79" hai3="7,89,45,35,17,65,39,61,47,50,63,68,111"/><W83/><G35/><T55/><D117/><U82/><E122/><V38/><F32/><W74/><G111/><N who="2" m="42569" /><F64/><W90/><G7/><T101/><D128/><U59/><E116/><V88/><F103/><W57/><G39/><N who="2" m="14889" /><F21/><W46/><G50/><T130/><D101/><U62/><E62/><V104/><F88/><W131/><G17/><T72/><D16/><U125/><E20/><V114/><F104/><W133/><G133/><T49/><D66/><U11/><E125/><V67/><F67/><W134/><G134/><T105/><D105/><U121/><E121/><V31/><F114/><W52/><REACH who="3" step="1"/><G131/><REACH who="3" ten="225,234,316,215" step="2"/><T44/><D130/><U110/><E110/><V0/><F0/><W5/><G5/><T73/><D19/><U99/><E4/><V18/><F18/><W9/><G9/><T135/><D49/><U33/><E11/><V132/><F132/><W2/><G2/><T51/><D135/><U87/><E3/><V124/><F124/><W15/><G15/><T1/><D123/><U14/><E14/><V8/><F8/><W95/><G95/><T10/><D120/><U85/><E33/><V25/><F25/><W113/><G113/><T126/><D10/><U93/><E26/><V69/><F31/><W75/><G75/><N who="0" m="28747" /><D1/><U41/><E23/><V107/><F107/><W76/><AGARI ba="0,1" hai="45,46,47,52,57,61,63,65,68,74,76,83,89,90" machi="76" ten="30,11700,0" yaku="1,1,0,1,52,1,54,1,53,0" doraHai="106" doraHaiUra="91" who="3" fromWho="3" sc="225,-39,234,-39,316,-39,215,127" owari="186,-31.4,195,-20.5,277,7.7,342,44.2" /></mjloggm>