<mjloggm ver="2.3"><GO type="225" lobby="0"/><UN n0="%E6%98%93%E5%88%A9%E8%96%A9%E4%BC%AF" n1="%E3%82%A4%E3%83%BC%E3%82%B1%E3%83%97%E3%83%A9" n2="%73%68%75%6D%70" n3="%E5%91%A8%E6%9D%B1" dan="17,17,16,17" rate="2139.88,2216.59,2140.12,2178.49" sx="F,M,M,M"/><TAIKYOKU oya="0"/><INIT seed="0,0,0,5,3,82" ten="250,250,250,250" oya="0" hai0="24,98,6,59,20,103,37,42,75,123,44,4,57" hai1="0,64,41,5,134,90,128,30,124,94,121,106,11" hai2="60,8,84,29,17,22,125,21,40,28,99,117,122" hai3="116,74,131,112,104,12,53,80,126,1,51,63,62"/><T129/><D123/><U10/><E121/><V92/><F125/><W38/><G1/><T93/><D75/><U110/><E106/><V68/><F117/><W66/><G104/><T130/><D4/><U70/><E110/><V132/><F132/><W32/><G32/><T61/><D6/><U36/><E134/><V133/><F40/><W7/><G38/><T96/><D96/><U27/><E128/><N who="0" m="49257" /><D61/><U89/><E124/><V54/><F133/><W72/><G112/><T97/><D97/><U56/><E70/><V127/><F68/><W39/><G63/><T71/><D71/><U48/><E36/><V78/><F60/><W77/><G39/><T87/><D87/><U101/><E5/><V15/><F84/><N who="3" m="48143" /><G116/><T86/><D86/><U79/><E0/><V118/><F118/><W76/><G126/><T67/><D67/><U46/><E64/><V69/><F69/><N who="3" m="42199" /><G76/><T91/><D103/><U85/><E79/><V50/><F78/><W19/><G7/><T47/><D47/><U33/><E101/><N who="2" m="60647" /><F127/><W9/><G131/><T2/><D2/><U13/><E56/><N who="2" m="32855" /><F122/><W108/><G108/><T43/><D43/><U100/><E100/><V31/><AGARI ba="0,0" hai="8,15,17,21,22,28,29,31" m="32855,60647" machi="31" ten="30,1100,0" yaku="8,1" doraHai="82" who="2" fromWho="2" sc="250,-5,250,-3,250,11,250,-3" /><INIT seed="1,0,0,4,0,88" ten="245,247,261,247" oya="1" hai0="19,115,127,81,118,109,113,3,11,63,89,72,111" hai1="79,68,6,119,8,0,1,99,114,134,123,126,78" hai2="69,86,7,53,133,27,46,59,43,51,24,96,92" hai3="54,77,50,112,106,29,93,121,98,12,25,62,94"/><U55/><E114/><V108/><F108/><N who="0" m="41546" /><D118/><U84/><E119/><V15/><F69/><W34/><G112/><T90/><D63/><U110/><E123/><V5/><F133/><W83/><G121/><T23/><D127/><U20/><E68/><V95/><F86/><W21/><G62/><T35/><D35/><U97/><E126/><V38/><F92/><W45/><G34/><T28/><D28/><U2/><E134/><V41/><F41/><W101/><REACH who="3" step="1"/><G12/><REACH who="3" ten="245,247,261,237" step="2"/><T61/><D61/><U47/><E0/><V22/><F15/><W70/><G70/><T129/><D3/><U10/><E1/><V100/><REACH who="2" step="1"/><F27/><REACH who="2" ten="245,247,251,237" step="2"/><W131/><G131/><T82/><D129/><U71/><E2/><V73/><F73/><AGARI ba="0,2" hai="21,25,29,45,50,54,73,77,83,93,94,98,101,106" machi="73" ten="30,7700,0" yaku="1,1,7,1,52,2,53,0" doraHai="88" doraHaiUra="80" who="3" fromWho="2" sc="245,0,247,0,251,-77,237,97" /><INIT seed="2,0,0,3,5,127" ten="245,247,174,334" oya="2" hai0="64,6,51,107,73,109,123,69,29,97,119,7,30" hai1="76,79,78,99,12,133,111,129,92,39,95,117,67" hai2="122,28,90,74,83,25,60,37,15,14,45,23,17" hai3="118,44,55,0,116,114,33,21,35,70,59,20,89"/><V66/><F122/><W134/><G70/><T31/><D123/><U100/><E39/><V57/><F37/><W46/><G0/><T93/><D73/><U56/><E117/><V94/><F45/><W68/><G68/><T13/><D107/><U65/><E111/><V124/><F124/><W16/><G89/><T2/><D2/><U32/><E32/><V82/><F74/><W53/><G59/><T113/><D113/><U86/><E133/><V18/><F14/><W40/><G40/><T91/><D109/><U105/><E105/><V62/><F62/><W42/><G42/><T125/><D119/><U5/><E56/><V115/><F115/><W120/><G114/><T41/><D125/><U24/><E24/><V58/><F58/><W10/><G120/><T9/><D7/><U131/><E95/><V52/><F66/><W106/><G106/><T110/><D110/><U85/><E67/><V1/><F1/><W101/><G101/><T102/><D102/><U61/><E61/><V34/><REACH who="2" step="1"/><F18/><REACH who="2" ten="245,247,164,334" step="2"/><W84/><G16/><T88/><D64/><U121/><E65/><V103/><F103/><W63/><G63/><T48/><D69/><U4/><E121/><V26/><F26/><W104/><G44/><T36/><D36/><U98/><E12/><V112/><F112/><W108/><G46/><N who="0" m="25679" /><D51/><U47/><E47/><V72/><F72/><W77/><G108/><T8/><D13/><U132/><E100/><V38/><F38/><W49/><G49/><T87/><D6/><U81/><E4/><V3/><F3/><W75/><G75/><T126/><D126/><RYUUKYOKU ba="0,1" sc="245,15,247,-15,164,15,334,-15" hai0="8,9,29,30,31,87,88,91,93,97" hai2="15,17,23,25,28,34,52,57,60,82,83,90,94" /><INIT seed="2,1,1,2,0,16" ten="260,232,179,319" oya="2" hai0="51,100,119,18,4,121,10,29,107,117,9,26,69" hai1="97,112,95,85,78,48,38,90,37,87,60,21,62" hai2="17,49,128,114,91,14,35,115,24,88,7,65,133" hai3="2,104,71,129,63,27,11,110,80,64,106,101,46"/><V131/><F65/><W130/><G110/><T32/><D69/><U55/><E112/><V75/><F75/><W33/><G80/><T50/><D121/><U102/><E78/><V98/><F133/><W13/><G46/><T43/><D18/><U45/><E87/><V111/><F111/><W126/><G126/><T120/><D120/><U118/><E118/><N who="0" m="45065" /><D43/><U103/><E103/><V113/><F7/><W5/><G13/><N who="0" m="5287" /><D10/><U52/><E21/><N who="2" m="11447" /><F49/><W74/><G74/><T31/><D31/><U84/><E84/><V72/><F98/><AGARI ba="1,1" hai="26,29,32,50,51,98,100,107" m="5287,45065" machi="98" ten="30,1000,0" yaku="12,1" doraHai="16" who="0" fromWho="2" sc="260,23,232,0,179,-13,319,0" /><INIT seed="3,0,0,2,2,64" ten="283,232,166,319" oya="3" hai0="67,92,93,27,60,112,123,62,66,39,124,97,106" hai1="115,118,74,10,80,45,73,70,76,132,131,46,59" hai2="91,26,108,37,134,103,77,18,95,129,3,78,57" hai3="101,31,121,32,84,71,50,17,7,68,13,43,87"/><W122/><G7/><T105/><D123/><U88/><E115/><V34/><F37/><W79/><G101/><T119/><D39/><U109/><E74/><V99/><F108/><W1/><G1/><T40/><D40/><U0/><E109/><V128/><F3/><W63/><G31/><T125/><D119/><U69/><E59/><V42/><F42/><W19/><G32/><T117/><D117/><U127/><E118/><V49/><F134/><W8/><G63/><T38/><D38/><U53/><E132/><V52/><F34/><W16/><G121/><T126/><D27/><U55/><E131/><V61/><F103/><W14/><G19/><T24/><D24/><U54/><E127/><V5/><F5/><W90/><G122/><T9/><D9/><U28/><E28/><V83/><F49/><W81/><G50/><T114/><D126/><U2/><E2/><V75/><REACH who="2" step="1"/><F78/><REACH who="2" ten="283,232,156,319" step="2"/><W56/><G43/><T113/><D113/><U104/><E0/><V15/><F15/><W102/><G102/><T51/><D51/><U96/><E76/><V4/><F4/><W98/><G79/><T65/><D124/><U30/><E104/><V41/><F41/><W89/><G13/><T20/><D125/><U85/><E46/><V36/><F36/><W6/><G14/><T110/><D114/><U33/><E33/><V35/><F35/><W133/><G6/><T44/><D106/><U100/><E45/><V116/><F116/><W29/><G133/><T11/><D105/><U48/><E100/><V47/><F47/><W21/><G89/><T120/><D112/><RYUUKYOKU ba="0,1" sc="283,-10,232,-10,156,30,319,-10" hai2="18,26,52,57,61,75,77,83,91,95,99,128,129" owari="273,7.3,222,-17.8,186,-31.4,319,41.9" /></mjloggm>