<mjloggm ver="2.3"><GO type="225" lobby="0"/><UN n0="%E3%83%B4%E3%83%A0%EF%BC%99%E3%81%A6" n1="%E7%B4%94%E6%BD%94%E3%83%94%E3%83%A9%E3%83%8B%E3%82%A2" n2="%E6%9C%88%E5%B3%B6%E5%9F%BA" n3="%E3%83%96%E3%83%83%E3%83%91%E3%82%AA%E3%83%96%E3%83%81%E3%82%AD%E3%83%B3" dan="17,16,17,16" rate="2161.65,2134.06,2197.50,2157.20" sx="M,M,M,M"/><TAIKYOKU oya="0"/><INIT seed="0,0,0,1,4,60" ten="250,250,250,250" oya="0" hai0="77,14,96,73,108,62,78,5,27,59,90,129,57" hai1="97,113,120,23,44,128,20,34,22,52,11,93,49" hai2="26,8,84,15,32,76,75,6,114,134,74,0,3" hai3="71,86,94,63,111,70,48,69,66,103,89,16,127"/><T135/><D129/><U100/><E128/><V67/><F114/><W79/><G111/><T65/><D108/><U47/><E113/><V115/><F115/><W126/><G79/><T7/><D135/><U106/><E34/><V68/><F134/><W18/><G103/><T46/><D73/><U17/><E120/><V81/><F84/><W21/><G48/><T98/><D46/><U37/><E106/><V31/><F75/><W117/><G117/><T112/><D112/><U110/><E110/><V116/><F116/><W118/><G118/><T82/><D27/><U50/><E37/><V87/><F87/><W30/><G30/><T102/><D90/><U13/><REACH who="1" step="1"/><E20/><REACH who="1" ten="250,240,250,250" step="2"/><V124/><F124/><N who="3" m="47659" /><G21/><T58/><D77/><U123/><E123/><V133/><F133/><W33/><G33/><T43/><D78/><U125/><E125/><V92/><F32/><W83/><G83/><T45/><D82/><U12/><E12/><V109/><F109/><W132/><G132/><T64/><D14/><U42/><AGARI ba="0,1" hai="11,13,17,22,23,42,44,47,49,50,52,93,97,100" machi="42" ten="20,12000,2" yaku="1,1,0,1,7,1,8,1,54,1,53,1" doraHai="60" doraHaiUra="36" who="1" fromWho="1" sc="250,-60,240,130,250,-30,250,-30" /><INIT seed="1,0,0,0,3,51" ten="190,370,220,220" oya="1" hai0="74,33,40,73,17,116,103,65,80,119,105,54,95" hai1="8,112,46,34,111,12,43,114,67,93,45,70,104" hai2="31,128,7,89,19,38,50,125,87,117,10,41,5" hai3="133,79,122,42,48,64,30,56,9,39,110,23,68"/><U62/><E104/><V129/><F38/><W63/><G122/><T37/><D105/><U108/><E34/><V22/><F117/><W85/><G110/><N who="1" m="42026" /><E93/><N who="2" m="54463" /><F125/><W127/><G127/><T36/><D33/><U100/><E100/><V123/><F123/><W18/><G133/><T14/><D65/><U26/><E26/><V6/><F31/><W126/><G126/><T60/><D40/><U77/><E77/><V120/><F120/><W86/><G79/><T132/><D17/><N who="1" m="8327" /><E45/><N who="2" m="25903" /><F10/><W11/><G30/><T32/><D103/><U61/><E62/><V59/><F7/><W88/><G11/><T92/><D32/><U106/><E106/><V52/><F129/><W15/><G9/><T53/><D60/><U101/><E101/><V47/><F47/><N who="3" m="24031" /><G88/><T55/><D132/><U1/><E1/><V69/><F69/><W99/><G99/><T76/><D74/><U57/><E70/><V121/><F128/><W124/><G124/><T109/><D109/><U24/><E24/><N who="2" m="14431" /><F121/><W75/><G75/><T84/><D73/><U21/><E21/><V35/><F35/><W134/><G134/><T91/><D116/><U29/><E29/><V72/><F72/><W20/><G20/><T107/><D107/><U3/><E3/><V16/><F16/><W118/><G118/><T25/><D119/><U135/><E135/><V27/><F27/><W131/><G131/><T28/><D14/><U90/><E90/><V49/><AGARI ba="0,0" hai="5,6,49,52,59" m="14431,25903,54463" machi="49" ten="30,4000,0" yaku="8,1,52,1,54,1" doraHai="51" who="2" fromWho="2" sc="190,-10,370,-20,220,40,220,-10" /><INIT seed="2,0,0,4,4,100" ten="180,350,260,210" oya="2" hai0="43,28,35,103,9,122,0,125,99,41,124,112,23" hai1="16,98,47,69,105,123,13,66,118,44,11,126,73" hai2="6,68,130,83,62,53,24,109,119,133,110,72,7" hai3="101,31,4,90,111,65,46,27,37,87,71,12,120"/><V106/><F119/><W76/><G120/><T135/><D122/><U85/><E118/><V84/><F72/><W45/><G111/><N who="2" m="42505" /><F133/><W93/><G37/><T94/><D112/><U54/><E73/><V48/><F130/><W39/><G39/><T63/><D135/><U18/><E123/><V50/><F24/><W131/><G131/><T134/><D134/><U75/><E75/><V59/><F106/><W91/><G76/><T115/><D115/><U108/><E108/><V52/><F68/><W102/><G71/><T86/><D35/><U55/><E126/><V129/><F129/><W97/><G65/><T42/><D86/><U26/><E85/><V79/><F62/><W128/><G128/><T20/><D28/><U116/><E116/><V5/><F5/><W82/><G4/><T30/><D30/><U3/><E3/><V58/><AGARI ba="0,0" hai="6,7,48,50,52,53,58,59,79,83,84" m="42505" machi="58" ten="30,6000,0" yaku="14,1,10,1,54,1" doraHai="100" who="2" fromWho="2" sc="180,-20,350,-20,260,60,210,-20" /><INIT seed="2,1,0,4,2,108" ten="160,330,320,190" oya="2" hai0="18,101,117,131,74,60,50,37,36,132,7,65,78" hai1="86,19,112,63,69,16,38,32,105,88,127,10,12" hai2="4,13,80,115,79,135,6,89,58,116,46,110,106" hai3="72,77,29,48,84,109,61,8,34,133,55,111,123"/><V66/><F116/><W107/><G123/><T103/><D117/><U82/><E38/><V76/><F106/><W124/><G107/><T1/><D131/><U41/><E41/><V25/><F135/><W51/><G133/><T21/><D132/><U122/><E122/><V98/><F110/><N who="3" m="41995" /><G72/><T118/><D118/><U100/><E32/><V3/><F3/><W83/><G124/><T129/><D129/><U31/><E31/><V20/><F115/><W99/><G99/><T96/><D50/><N who="3" m="18985" /><G8/><T91/><D101/><U33/><E33/><V95/><F46/><W87/><G87/><T24/><D103/><U2/><E100/><V39/><F39/><W85/><G85/><T40/><D40/><U64/><E105/><V49/><F80/><W0/><G0/><T59/><D74/><U22/><E127/><V125/><F13/><W130/><G130/><T47/><D47/><U94/><E2/><V73/><F73/><W28/><G34/><T67/><D37/><U119/><E119/><V5/><F125/><W9/><G9/><N who="0" m="2287" /><D36/><U71/><E82/><V121/><F121/><W30/><G30/><T42/><D42/><U104/><E104/><V134/><F134/><W57/><AGARI ba="1,0" hai="28,29,55,57,61,77,83,84" m="18985,41995" machi="57" ten="30,1100,0" yaku="14,1" doraHai="108" who="3" fromWho="3" sc="160,-4,330,-4,320,-6,190,14" /><INIT seed="3,0,0,0,1,106" ten="156,326,314,204" oya="3" hai0="80,46,120,38,51,45,62,1,71,104,87,31,28" hai1="70,79,122,90,94,34,39,129,27,19,127,52,64" hai2="117,5,68,41,56,42,85,123,102,107,133,121,14" hai3="33,15,131,9,53,128,35,96,59,103,76,108,100"/><W99/><G76/><T54/><D120/><N who="2" m="46154" /><F68/><W25/><G25/><T50/><D104/><U88/><E122/><V69/><F69/><W112/><G112/><T30/><D38/><U109/><E39/><V67/><F117/><W21/><G21/><T58/><D1/><U119/><E119/><V12/><F133/><W13/><G108/><T105/><D105/><U83/><E109/><V36/><F85/><W20/><G20/><T110/><D110/><U132/><E132/><V49/><F36/><W37/><G37/><T44/><REACH who="0" step="1"/><D71/><REACH who="0" ten="146,326,314,204" step="2"/><U126/><E70/><V0/><F107/><W65/><G65/><T118/><D118/><U124/><E64/><V26/><F67/><W81/><G81/><T116/><D116/><U22/><E94/><V125/><F0/><W24/><G131/><T75/><D75/><U95/><E95/><V8/><F125/><W3/><G128/><T2/><D2/><U92/><E92/><V89/><F26/><W48/><G3/><T84/><D84/><U57/><E129/><V91/><F14/><W29/><G24/><T43/><D43/><U74/><E34/><V101/><F42/><W63/><G33/><T134/><D134/><U93/><E93/><V40/><F40/><W113/><G35/><T55/><D55/><U73/><E74/><V86/><F41/><W60/><G53/><T32/><D32/><U16/><E124/><V4/><F86/><W61/><G113/><T130/><D130/><U47/><E126/><V7/><F101/><W17/><G103/><T11/><D11/><U78/><E127/><V77/><F102/><RYUUKYOKU ba="0,1" sc="146,30,326,-10,314,-10,204,-10" hai0="28,30,31,44,45,46,50,51,54,58,62,80,87" owari="176,-32.4,326,42.6,304,10.4,194,-20.6" /></mjloggm>