<mjloggm ver="2.3"><GO type="225" lobby="0"/><UN n0="%74%75%72%74%6C%65%2E" n1="%E3%81%8B%E3%82%8F%E3%81%A1%E3%82%83%E3%82%93%35%38" n2="%E6%81%A5%E6%99%92%E3%81%97" n3="%E3%83%96%E3%83%83%E3%83%91%E3%82%AA%E3%83%96%E3%83%81%E3%82%AD%E3%83%B3" dan="16,16,16,16" rate="2097.66,2153.82,2135.21,2154.71" sx="M,M,M,M"/><TAIKYOKU oya="0"/><INIT seed="0,0,0,5,0,101" ten="250,250,250,250" oya="0" hai0="33,5,46,50,134,70,44,24,124,82,58,89,105" hai1="15,84,86,43,1,42,63,8,64,2,90,74,126" hai2="131,14,71,36,132,9,94,110,13,93,127,48,35" hai3="51,117,119,7,28,95,88,87,27,109,57,123,39"/><T41/><D70/><U125/><E74/><V6/><F36/><W49/><G39/><T91/><D134/><U92/><E86/><V11/><F132/><W100/><G109/><T31/><D124/><N who="1" m="47723" /><E42/><V120/><F127/><W102/><G123/><T4/><D105/><U78/><E43/><V54/><F131/><W73/><G73/><T37/><D58/><N who="1" m="36983" /><E78/><V69/><F35/><W62/><G7/><AGARI ba="0,0" hai="1,2,7,8,15,84,90,92" m="36983,47723" machi="7" ten="30,1000,0" yaku="18,1" doraHai="101" who="1" fromWho="3" sc="250,0,250,10,250,0,250,-10" /><INIT seed="1,0,0,4,3,8" ten="250,260,250,240" oya="1" hai0="133,67,3,29,78,77,83,74,70,47,61,131,73" hai1="105,114,68,95,59,94,98,33,20,13,41,28,132" hai2="48,55,116,50,117,122,121,52,35,119,89,107,51" hai3="40,127,17,7,22,80,43,24,108,115,60,49,93"/><U88/><E68/><V126/><F35/><W104/><G104/><T79/><D133/><U2/><E2/><V97/><F126/><W90/><G127/><T23/><D3/><U92/><E114/><V25/><F25/><W27/><G115/><T37/><D131/><U63/><E132/><V120/><F89/><W30/><G108/><T21/><D29/><U106/><E33/><V62/><F62/><W44/><G7/><T32/><D32/><U4/><E105/><V12/><F12/><N who="3" m="9511" /><G30/><T36/><D47/><U86/><E106/><V99/><F107/><W39/><G39/><T16/><D23/><U0/><E41/><N who="3" m="15946" /><G80/><T84/><D36/><U53/><E0/><V56/><F56/><W57/><G49/><T72/><REACH who="0" step="1"/><D37/><REACH who="0" ten="240,260,250,240" step="2"/><U129/><E129/><V45/><F45/><W110/><G44/><T96/><D96/><AGARI ba="0,1" hai="48,50,51,52,55,96,97,99,116,117,119,120,121,122" machi="96" ten="60,8000,1" yaku="29,2,28,2,54,1" doraHai="8" who="2" fromWho="0" sc="240,-80,260,0,250,90,240,0" /><INIT seed="2,0,0,1,0,52" ten="160,260,340,240" oya="2" hai0="105,122,53,108,21,58,46,127,9,25,10,23,18" hai1="38,76,48,56,6,115,129,33,85,36,134,1,84" hai2="87,49,15,92,55,29,40,22,130,43,63,114,113" hai3="111,106,99,119,83,91,124,2,89,41,69,80,60"/><V74/><F74/><W61/><G119/><T86/><D122/><U20/><E33/><V28/><F130/><W90/><G2/><T5/><D105/><U103/><E103/><V116/><F116/><W64/><G111/><T66/><D108/><U75/><E75/><V32/><F63/><W81/><G124/><T59/><D127/><U97/><E97/><V7/><F113/><W96/><G106/><T47/><D86/><U110/><E20/><V112/><F114/><W17/><G41/><T104/><D104/><U8/><E115/><V44/><F112/><W4/><G4/><T94/><D94/><U128/><E110/><V27/><F29/><W70/><G17/><T68/><D68/><U14/><E1/><V35/><F35/><W98/><G64/><T16/><D5/><U95/><E134/><V126/><F126/><W109/><G109/><T54/><D66/><U34/><E34/><V65/><F65/><W72/><G72/><T57/><D59/><U101/><E101/><V88/><F32/><W3/><G3/><T11/><D11/><AGARI ba="0,0" hai="7,11,15,22,27,28,40,43,44,49,55,87,88,92" machi="11" ten="40,3900,0" yaku="8,1,54,1" doraHai="52" who="2" fromWho="0" sc="160,-39,260,0,340,39,240,0" /><INIT seed="2,1,0,3,0,52" ten="121,260,379,240" oya="2" hai0="32,113,81,116,99,41,92,29,51,53,39,123,2" hai1="76,129,60,37,7,3,128,23,35,59,84,33,42" hai2="86,115,112,4,5,90,13,12,104,93,58,97,43" hai3="45,24,95,62,118,79,101,103,89,47,88,9,91"/><V109/><F43/><W49/><G118/><T69/><D116/><U34/><E3/><V17/><F109/><W119/><G119/><T110/><D110/><U96/><E7/><V71/><F71/><W6/><G79/><T100/><D123/><U20/><E96/><V70/><F70/><W46/><G49/><T134/><D2/><U68/><E68/><V8/><F4/><W105/><G105/><T124/><D113/><U130/><E84/><V120/><F120/><W75/><G75/><T94/><D69/><U85/><E85/><V10/><F104/><W28/><G62/><T78/><D94/><U65/><REACH who="1" step="1"/><E76/><REACH who="1" ten="121,250,379,240" step="2"/><V14/><F86/><W114/><G114/><T57/><D134/><U50/><E50/><V61/><F112/><W111/><G111/><T82/><D124/><U87/><E87/><V22/><F115/><W1/><REACH who="3" step="1"/><G95/><REACH who="3" ten="121,250,379,230" step="2"/><T26/><REACH who="0" step="1"/><D78/><REACH who="0" ten="111,250,379,230" step="2"/><U117/><E117/><V106/><F106/><W135/><G135/><T25/><D25/><U54/><E54/><V131/><F93/><W19/><G19/><T38/><D38/><U56/><E56/><V30/><F17/><W73/><G73/><T107/><D107/><U126/><E126/><V18/><F18/><W11/><G11/><T125/><D125/><U36/><E36/><V127/><F10/><W21/><AGARI ba="1,3" hai="1,6,9,21,24,28,45,46,47,88,89,91,101,103" machi="21" ten="30,4000,0" yaku="1,1,0,1,54,1,53,0" doraHai="52" doraHaiUra="66" who="3" fromWho="3" sc="111,-11,250,-11,379,-21,230,73" /><INIT seed="3,0,0,0,5,97" ten="100,239,358,303" oya="3" hai0="34,132,76,95,41,114,83,135,121,60,124,112,52" hai1="35,85,72,6,118,3,7,122,126,27,109,66,19" hai2="9,59,38,108,94,10,128,57,48,103,74,113,47" hai3="23,56,0,80,58,20,123,81,125,79,13,98,15"/><W39/><G123/><T93/><D34/><U129/><E72/><V110/><F128/><W102/><G0/><T78/><D41/><U24/><E85/><V53/><F74/><W49/><G39/><T22/><D22/><N who="3" m="8233" /><G125/><T88/><D60/><U29/><E66/><V92/><F113/><W87/><G81/><T105/><D52/><U50/><E50/><V90/><F38/><W116/><G116/><T111/><D111/><N who="2" m="42538" /><F103/><W75/><G75/><T120/><D83/><U91/><E91/><V43/><F43/><W4/><G4/><T17/><D17/><U16/><E109/><V61/><F59/><N who="3" m="22571" /><G49/><T63/><D63/><U71/><E71/><V26/><F26/><W8/><G8/><N who="2" m="3177" /><F90/><W99/><G99/><T100/><D88/><U45/><E45/><V86/><F86/><W96/><G98/><T42/><D42/><U130/><E3/><V28/><F28/><W115/><G115/><T40/><D40/><U131/><E131/><V46/><F48/><W55/><G55/><T12/><D12/><N who="3" m="4681" /><G96/><T77/><D77/><U119/><E29/><V51/><F51/><W25/><G25/><T69/><D69/><U107/><E107/><V64/><F53/><W2/><G2/><T44/><D44/><AGARI ba="0,0" hai="44,46,47,57,61,64,92,94" m="3177,42538" machi="44" ten="30,1000,0" yaku="14,1" doraHai="97" who="2" fromWho="0" sc="100,-10,239,0,358,10,303,0" owari="90,-41.0,239,-16.1,368,46.8,303,10.3" /></mjloggm>