<mjloggm ver="2.3"><GO type="225" lobby="0"/><UN n0="%E3%81%8B%E3%82%8F%E3%81%A1%E3%82%83%E3%82%93%35%38" n1="%6E%69%63%6F%6E%74%6F" n2="%E3%83%81%E3%83%83%E3%82%BF%E3%82%BD%E3%83%BC" n3="%E3%83%A9%E3%82%B9%E7%8E%87%EF%BC%93%E5%89%B2" dan="16,16,16,17" rate="2194.87,2112.12,2205.60,2192.50" sx="M,M,F,F"/><TAIKYOKU oya="0"/><INIT seed="0,0,0,3,2,33" ten="250,250,250,250" oya="0" hai0="38,78,14,81,46,131,35,96,57,10,2,11,77" hai1="50,26,121,117,108,5,95,48,21,8,84,9,16" hai2="122,12,37,112,118,125,79,44,102,119,75,64,110" hai3="61,132,28,86,105,30,93,82,72,94,135,15,103"/><T83/><D35/><U67/><E117/><V63/><F102/><W65/><G72/><T111/><D131/><U47/><E121/><V80/><F112/><W76/><G15/><T60/><D111/><U87/><E108/><V69/><F110/><W41/><G41/><T107/><D38/><U18/><E67/><V25/><F122/><W98/><G94/><T123/><D123/><U99/><E18/><V43/><F12/><W52/><G105/><T124/><D46/><U91/><E50/><V71/><F125/><W31/><REACH who="3" step="1"/><G52/><REACH who="3" ten="250,250,250,240" step="2"/><T70/><D107/><U90/><E5/><V36/><F118/><W53/><G53/><T68/><D14/><U62/><E62/><V1/><F119/><W106/><G106/><T133/><D60/><U128/><E128/><V54/><F54/><W39/><G39/><T97/><D124/><U23/><E99/><V40/><F25/><W92/><G92/><T129/><D129/><U3/><E95/><V0/><F71/><AGARI ba="0,1" hai="28,30,31,61,65,71,76,82,86,93,98,103,132,135" machi="71" ten="40,2600,0" yaku="1,1,53,1" doraHai="33" doraHaiUra="59" who="3" fromWho="2" sc="250,0,250,0,250,-26,240,36" /><INIT seed="1,0,0,2,2,44" ten="250,250,224,276" oya="1" hai0="92,98,90,132,52,125,58,118,51,89,54,34,134" hai1="97,39,36,9,46,33,55,5,74,100,76,53,106" hai2="30,11,129,121,28,32,47,8,31,79,24,73,128" hai3="14,127,99,82,119,120,43,77,37,17,63,66,61"/><U16/><E33/><V123/><F47/><W23/><G120/><N who="2" m="46153" /><F79/><W111/><G127/><T81/><D118/><U131/><E131/><N who="2" m="50251" /><F73/><W65/><G111/><T80/><D34/><U56/><E55/><V22/><F32/><W40/><G119/><T0/><D0/><U117/><E117/><V130/><N who="2" m="50259" /><V41/><DORA hai="85" /><F41/><W93/><G37/><T19/><D125/><U105/><E105/><V38/><F38/><W88/><G63/><T113/><D113/><U49/><E46/><V96/><F96/><W133/><G133/><N who="0" m="51307" /><D19/><AGARI ba="0,0" hai="8,11,19,22,24,28,30,31" m="50259,46153" machi="19" ten="50,6400,0" yaku="19,1,34,2" doraHai="44,85" who="2" fromWho="0" sc="250,-64,250,0,224,64,276,0" /><INIT seed="2,0,0,0,3,42" ten="186,250,288,276" oya="2" hai0="44,1,90,118,61,84,83,50,135,125,5,99,39" hai1="72,107,89,48,8,57,34,58,108,3,33,19,122" hai2="105,131,73,132,88,134,53,46,93,91,65,52,23" hai3="54,79,38,102,110,64,71,26,68,37,24,41,111"/><V109/><F105/><W45/><G102/><T47/><D125/><U40/><E122/><V9/><F73/><W30/><G79/><T101/><D135/><N who="2" m="51754" /><F131/><W124/><G26/><T17/><D118/><U103/><E108/><N who="3" m="41514" /><G124/><T18/><D1/><U94/><E72/><V67/><F109/><W77/><G77/><T116/><D5/><U70/><E70/><N who="3" m="26666" /><G64/><N who="2" m="24649" /><F9/><W14/><G14/><T130/><D61/><U129/><E129/><V76/><F76/><W106/><G54/><T43/><D130/><U56/><E103/><V27/><F53/><W127/><G127/><T11/><D11/><U95/><E107/><V25/><F93/><W133/><G133/><T20/><D116/><U22/><E95/><V6/><F6/><W29/><G106/><T15/><D17/><U115/><E94/><V55/><F55/><W32/><G30/><T31/><D31/><U114/><E19/><N who="2" m="12543" /><F27/><W123/><G123/><T80/><D80/><U119/><E119/><V66/><F66/><W81/><G81/><T126/><D126/><U10/><E10/><V4/><F4/><W49/><AGARI ba="0,0" hai="24,29,32,37,38,41,45,49" m="26666,41514" machi="49" ten="30,2000,0" yaku="14,1,52,1" doraHai="42" who="3" fromWho="3" sc="186,-5,250,-5,288,-10,276,20" /><INIT seed="3,0,0,5,0,99" ten="181,245,278,296" oya="3" hai0="33,97,73,108,25,47,21,55,5,126,29,109,122" hai1="129,38,49,133,24,75,127,119,23,86,79,22,4" hai2="11,125,100,87,18,83,62,84,113,52,9,70,72" hai3="42,61,110,1,98,68,51,130,66,81,121,120,124"/><W134/><G1/><T41/><D122/><N who="3" m="47209" /><G98/><T67/><D73/><U46/><E129/><V15/><F125/><W32/><G32/><T53/><D126/><U102/><E133/><V95/><F113/><W3/><G3/><T76/><D76/><U10/><E127/><V45/><F70/><W27/><G27/><T117/><D117/><U40/><E119/><V57/><F45/><N who="3" m="26039" /><G81/><T118/><D118/><U8/><E75/><V58/><F9/><W16/><G16/><T30/><D5/><U101/><E38/><V17/><F17/><W12/><G12/><T65/><D97/><U28/><E23/><V63/><F72/><W96/><G96/><T131/><D131/><U7/><E10/><V135/><F135/><W50/><G124/><T64/><D33/><U43/><E43/><V90/><F100/><N who="1" m="38505" /><E8/><V34/><F34/><W115/><G130/><T31/><D55/><U77/><E77/><N who="2" m="46191" /><F58/><W112/><G134/><T123/><D53/><U74/><E74/><V2/><F2/><W103/><G103/><T93/><D93/><U60/><E60/><AGARI ba="0,0" hai="11,15,18,52,57,60,62,63,87,90,95" m="46191" machi="60" ten="30,2000,0" yaku="8,1,54,1" doraHai="99" who="2" fromWho="1" sc="181,0,245,-20,278,20,296,0" /><INIT seed="4,0,0,4,0,42" ten="181,225,298,296" oya="0" hai0="3,2,101,132,56,24,70,64,133,29,72,4,32" hai1="123,95,92,37,87,57,110,1,59,109,17,35,112" hai2="75,120,73,39,102,61,7,74,86,106,135,82,58" hai3="129,90,54,98,67,15,60,93,107,94,8,51,18"/><T125/><D72/><U103/><E123/><V62/><F39/><W48/><G129/><T130/><D70/><U28/><E37/><V46/><F120/><W78/><G107/><T44/><D101/><U22/><E1/><N who="0" m="9" /><D64/><U117/><E117/><V65/><BYE who="1" /><F7/><W122/><G122/><T34/><D34/><U77/><E77/><V89/><F135/><N who="0" m="51786" /><D56/><U25/><E25/><V121/><F121/><W126/><G126/><T13/><D44/><U10/><E10/><V41/><F61/><W11/><G78/><T0/><D125/><U85/><E85/><V119/><F119/><W88/><G11/><N who="0" m="2439" /><D13/><U16/><E16/><V83/><F102/><W47/><G51/><T118/><D118/><U131/><E131/><AGARI ba="0,0" hai="24,29,32,130,131" m="2439,51786,9" machi="131" ten="40,12000,1" yaku="20,1,23,1,34,2" doraHai="42" who="0" fromWho="1" sc="181,120,225,-120,298,0,296,0" owari="301,40.1,105,-39.5,298,9.8,296,-10.4" /></mjloggm>