<mjloggm ver="2.3"><GO type="225" lobby="0"/><UN n0="%E3%83%94%E3%83%B3%E3%82%B5%E3%83%AD%E5%BA%97%E5%93%A1" n1="%E6%81%A5%E6%99%92%E3%81%97" n2="%43%68%65" n3="%E6%98%93%E5%88%A9%E8%96%A9%E4%BC%AF" dan="17,17,16,17" rate="2265.19,2197.28,2166.29,2142.79" sx="M,M,M,F"/><TAIKYOKU oya="0"/><INIT seed="0,0,0,0,1,57" ten="250,250,250,250" oya="0" hai0="10,32,29,83,119,42,15,78,105,88,91,51,41" hai1="126,60,13,5,50,99,81,77,53,20,113,38,131" hai2="63,28,48,72,121,80,56,64,115,87,62,45,79" hai3="94,75,40,102,66,68,96,18,71,11,95,114,35"/><T134/><D119/><U100/><E38/><V111/><F115/><W26/><G75/><T112/><D105/><U33/><E33/><V69/><F121/><W73/><G73/><T58/><D112/><U118/><E118/><V19/><F111/><W21/><G114/><T59/><D134/><U49/><E126/><V52/><F28/><W44/><G35/><T109/><D109/><U7/><E131/><V133/><F133/><W36/><G94/><T31/><D32/><U25/><E113/><V12/><F72/><W6/><REACH who="3" step="1"/><G66/><REACH who="3" ten="250,250,250,240" step="2"/><T135/><D135/><U84/><E5/><V61/><REACH who="2" step="1"/><F69/><REACH who="2" ten="250,250,240,240" step="2"/><W117/><G117/><T74/><D74/><U103/><E7/><V30/><F30/><W90/><G90/><T23/><D31/><U89/><E89/><V110/><F110/><W1/><AGARI ba="0,2" hai="1,6,11,18,21,26,36,40,44,68,71,95,96,102" machi="1" ten="20,2700,0" yaku="1,1,0,1,7,1,53,0" doraHai="57" doraHaiUra="127" who="3" fromWho="3" sc="250,-13,250,-7,240,-7,240,47" /><INIT seed="1,0,0,0,3,42" ten="237,243,233,287" oya="1" hai0="41,113,84,14,8,33,60,92,72,15,125,26,53" hai1="71,93,31,43,74,102,122,55,65,91,40,28,121" hai2="101,111,133,105,56,85,36,49,86,58,4,132,127" hai3="120,110,114,59,78,17,115,39,66,82,57,2,67"/><U106/><E74/><V37/><F111/><W46/><G2/><T97/><D113/><N who="3" m="43017" /><G17/><T1/><D72/><U38/><E106/><V32/><F32/><W134/><G82/><T22/><D33/><U5/><E102/><V12/><F127/><W35/><G78/><T129/><D129/><U24/><E5/><V11/><F101/><W107/><G35/><T9/><D41/><U123/><E55/><N who="2" m="31855" /><F58/><N who="3" m="22027" /><G107/><T98/><D53/><U89/><E24/><V25/><F25/><W96/><G96/><N who="0" m="36971" /><D60/><U69/><E93/><V54/><F54/><W19/><G19/><N who="0" m="12639" /><D1/><U21/><E65/><V52/><F105/><W83/><G67/><T27/><D27/><U45/><E21/><V23/><F23/><W73/><G39/><T95/><D125/><U70/><REACH who="1" step="1"/><E43/><REACH who="1" ten="237,233,233,287" step="2"/><V18/><F4/><W87/><G66/><T80/><D9/><U7/><E7/><V100/><F11/><W75/><G75/><T81/><D81/><U77/><E77/><V130/><F130/><W116/><G83/><T126/><D126/><U64/><E64/><V117/><F100/><W29/><G73/><T104/><D104/><U124/><E124/><V10/><F10/><W79/><G79/><N who="0" m="46111" /><D8/><U44/><E44/><V30/><F30/><AGARI ba="0,1" hai="28,30,31,38,40,45,69,70,71,89,91,121,122,123" machi="30" ten="50,4800,0" yaku="1,1,52,1,53,0" doraHai="42" doraHaiUra="62" who="1" fromWho="2" sc="237,0,233,58,233,-48,287,0" /><INIT seed="1,1,0,1,1,86" ten="237,291,185,287" oya="1" hai0="26,99,38,124,61,87,107,125,8,47,60,90,132" hai1="127,6,108,11,57,101,69,111,73,55,79,52,5" hai2="28,65,130,105,84,66,15,62,4,96,110,80,109" hai3="70,112,20,104,17,88,92,37,35,76,45,54,67"/><U12/><E69/><V48/><F130/><W0/><G35/><T102/><D132/><U100/><E127/><N who="0" m="48713" /><D8/><U133/><E133/><V82/><F28/><W49/><G104/><T43/><D26/><U50/><E5/><V46/><F105/><W77/><G0/><T25/><D25/><U75/><E55/><V56/><F96/><W14/><G112/><T44/><D44/><U91/><E91/><V42/><F66/><W64/><G37/><T126/><N who="0" m="48721" /><T59/><DORA hai="78" /><D59/><U16/><E6/><V94/><F110/><N who="1" m="42025" /><E79/><N who="3" m="30282" /><G70/><T39/><D39/><U81/><E81/><AGARI ba="1,0" hai="38,43,47,60,61,81,87,90,99,102,107" m="48721" machi="81" ten="40,5200,0" yaku="18,1,52,2" doraHai="86,78" who="0" fromWho="1" sc="237,55,291,-55,185,0,287,0" /><INIT seed="2,0,0,0,3,110" ten="292,236,185,287" oya="2" hai0="61,56,33,82,129,120,134,73,22,9,126,95,92" hai1="111,131,109,127,60,13,48,36,40,1,63,62,24" hai2="44,106,94,87,91,32,52,117,50,74,69,121,71" hai3="39,25,102,105,46,132,96,80,67,118,108,97,123"/><V122/><F117/><W66/><G118/><T10/><D120/><U16/><E1/><V57/><F32/><W11/><G123/><T58/><D33/><U17/><E36/><V27/><F122/><W41/><G132/><T78/><D134/><U128/><E24/><V112/><F121/><W31/><G108/><N who="1" m="41546" /><E127/><V7/><F106/><W65/><G96/><T64/><D126/><U26/><E26/><V30/><F112/><W133/><G80/><T77/><D129/><N who="1" m="49739" /><E13/><V18/><F74/><W130/><G130/><T42/><D22/><U72/><E72/><V98/><F7/><W54/><G133/><T113/><D10/><U76/><E76/><V12/><F44/><AGARI ba="0,0" hai="16,17,40,44,48,60,62,63" m="49739,41546" machi="44" ten="40,5200,0" yaku="14,1,19,1,54,1" doraHai="110" who="1" fromWho="2" sc="292,0,236,52,185,-52,287,0" /><INIT seed="3,0,0,5,3,17" ten="292,288,133,287" oya="3" hai0="126,112,11,4,105,76,38,99,132,48,45,92,18" hai1="46,84,127,3,82,44,71,86,124,14,55,89,129" hai2="25,75,57,6,109,5,40,106,23,52,50,128,19" hai3="79,90,0,59,80,20,72,58,131,67,85,31,36"/><W43/><G0/><T51/><D105/><U98/><E3/><V68/><F106/><W54/><G131/><T16/><D132/><U121/><E121/><V116/><F116/><W123/><G123/><T56/><D126/><N who="1" m="48171" /><E71/><V97/><F128/><W113/><G113/><T134/><D134/><U63/><E98/><V22/><F75/><W12/><G36/><T77/><D38/><U120/><E120/><V87/><F68/><W29/><G43/><N who="0" m="24639" /><D4/><N who="2" m="1642" /><F109/><W96/><G72/><T101/><D112/><U32/><E32/><V53/><F97/><W70/><G70/><T60/><D51/><U130/><E86/><V15/><F87/><N who="3" m="48543" /><G67/><N who="0" m="39303" /><D18/><U1/><E1/><V33/><F33/><W117/><G96/><T91/><D101/><U81/><E129/><V28/><F53/><W39/><G39/><T62/><D62/><U64/><E55/><V10/><F10/><W111/><G117/><T61/><D61/><U103/><E103/><V2/><F2/><W108/><G54/><T9/><D9/><U122/><E122/><V119/><F119/><W88/><G108/><T65/><D65/><U95/><E63/><V133/><F133/><W30/><G111/><T49/><D49/><U104/><E64/><V125/><F125/><W107/><G107/><T8/><D8/><U66/><E66/><V93/><F40/><W27/><G85/><T102/><D102/><U73/><E130/><V26/><F93/><W21/><G90/><T94/><D94/><U7/><E104/><V115/><F115/><W13/><G88/><T42/><D42/><U35/><E35/><V110/><F110/><RYUUKYOKU ba="0,0" sc="292,15,288,-15,133,15,287,-15" hai0="11,16,76,77,91,92,99" hai2="15,19,22,23,25,26,28,50,52,57" owari="307,40.7,273,7.3,148,-35.2,272,-12.8" /></mjloggm>