<mjloggm ver="2.3"><GO type="225" lobby="0"/><UN n0="%E3%81%BD%E3%81%A1%E3%81%9F%E3%81%93%E3%82%84" n1="%E3%81%8B%E3%82%8F%E3%81%A1%E3%82%83%E3%82%93%35%38" n2="%E3%83%B4%E3%83%A0%EF%BC%99%E3%81%A6" n3="%E3%83%8F%E3%83%B3%E3%83%89%E3%83%A9%E3%83%BC%E3%83%BB%E3%83%AF%E3%83%B3" dan="17,16,16,17" rate="2219.23,2133.37,2148.20,2157.67" sx="M,M,M,M"/><TAIKYOKU oya="0"/><INIT seed="0,0,0,1,4,5" ten="250,250,250,250" oya="0" hai0="44,34,26,21,36,132,80,125,53,6,59,85,92" hai1="32,99,70,7,97,19,28,115,118,82,83,35,61" hai2="54,12,84,107,49,117,64,108,102,41,33,22,60" hai3="109,57,78,129,133,8,18,72,98,68,31,71,86"/><T74/><D34/><U105/><E118/><V17/><F117/><W112/><G112/><T55/><D74/><U14/><E115/><V16/><F33/><W76/><G72/><T119/><D119/><U15/><E61/><V10/><F108/><W93/><G109/><T56/><D132/><U9/><E70/><V42/><F84/><W94/><G133/><T13/><D92/><U23/><E35/><V90/><F90/><N who="3" m="53463" /><G71/><T89/><D125/><U131/><E131/><V2/><F102/><N who="3" m="60759" /><G68/><T51/><D36/><U113/><E113/><V75/><F107/><W52/><G31/><N who="0" m="17871" /><D53/><U111/><E111/><V43/><F75/><W121/><G121/><T69/><D69/><U116/><E116/><V62/><F64/><W29/><G29/><T40/><D40/><U95/><E105/><V48/><F2/><W20/><G129/><T120/><D120/><U67/><E67/><V88/><F88/><W30/><G30/><T106/><D106/><U3/><E15/><N who="2" m="9503" /><F48/><N who="3" m="30855" /><G8/><AGARI ba="0,0" hai="6,8,13,44,51,55,56,59,80,85,89" m="17871" machi="8" ten="30,2900,0" yaku="8,1,52,1" doraHai="5" who="0" fromWho="3" sc="250,29,250,0,250,0,250,-29" /><INIT seed="0,1,0,5,1,25" ten="279,250,250,221" oya="0" hai0="40,77,16,1,130,54,124,112,99,44,135,46,19" hai1="42,96,88,118,8,111,11,90,18,75,85,6,104" hai2="26,9,61,134,15,93,89,107,3,86,122,110,37" hai3="67,45,20,60,10,34,31,2,125,66,59,83,132"/><T117/><D112/><U128/><E75/><V41/><F122/><W36/><G34/><T52/><D117/><U78/><E118/><V97/><F110/><W58/><G125/><T68/><D1/><U126/><E42/><V56/><F134/><W47/><G132/><T115/><D115/><U91/><E126/><V119/><F119/><W109/><G109/><T70/><D124/><U50/><E111/><V76/><F3/><W62/><G36/><T92/><D135/><U7/><E128/><V29/><F37/><W55/><G83/><T105/><D105/><U63/><E63/><V49/><F41/><W57/><G10/><N who="1" m="3626" /><E104/><V84/><F49/><N who="3" m="30959" /><G2/><T120/><D120/><U14/><E96/><V121/><F121/><W23/><G23/><T103/><D77/><U74/><E50/><V127/><F127/><W87/><G87/><T30/><D130/><U113/><E74/><V123/><F123/><W102/><G102/><T80/><D80/><N who="1" m="47255" /><E113/><V13/><F107/><W38/><G38/><T116/><D116/><U106/><E106/><V81/><F84/><W98/><G98/><T131/><D131/><U108/><E108/><V114/><F9/><AGARI ba="1,0" hai="6,7,9,14,18,88,90,91" m="47255,3626" machi="9" ten="30,2000,0" yaku="8,1,54,1" doraHai="25" who="1" fromWho="2" sc="279,0,250,23,250,-23,221,0" /><INIT seed="1,0,0,4,0,94" ten="279,273,227,221" oya="1" hai0="52,124,39,47,109,31,123,84,46,23,21,19,115" hai1="10,12,30,128,20,6,121,76,88,118,74,7,125" hai2="32,100,27,60,67,85,110,57,22,116,102,78,48" hai3="0,36,3,64,131,50,35,2,87,89,53,107,40"/><U73/><E121/><V58/><F116/><W114/><G114/><T133/><D115/><U132/><E118/><V17/><F110/><W91/><G35/><T81/><D109/><U112/><E112/><V83/><REACH who="2" step="1"/><F32/><REACH who="2" ten="279,273,217,221" step="2"/><W98/><G131/><T56/><D123/><U106/><E128/><V108/><F108/><W55/><G0/><T62/><D133/><U15/><E132/><V72/><F72/><W63/><G2/><T129/><D129/><U66/><E74/><V86/><F86/><W127/><G3/><T38/><D124/><U33/><E33/><V45/><F45/><W79/><G87/><T29/><D46/><U101/><E73/><V120/><F120/><W126/><G126/><T1/><D47/><U75/><E75/><V92/><F92/><W130/><G127/><T51/><D84/><U25/><E125/><V105/><F105/><W42/><G107/><T9/><D81/><U26/><E106/><V5/><F5/><W122/><G130/><T80/><D80/><U61/><E6/><V14/><F14/><W8/><G122/><T71/><D1/><U104/><E15/><V11/><F11/><W77/><G8/><T24/><D9/><U103/><E104/><V59/><F59/><W69/><G69/><T16/><D71/><U97/><E10/><V37/><F37/><W34/><G36/><T113/><D113/><U93/><E7/><V111/><F111/><W70/><G34/><T68/><D39/><U117/><E117/><V49/><F49/><W28/><G70/><T54/><D38/><U134/><E134/><V18/><F18/><RYUUKYOKU ba="0,1" sc="279,-10,273,-10,217,30,221,-10" hai2="17,22,27,48,57,58,60,67,78,83,85,100,102" /><INIT seed="2,1,1,4,4,131" ten="269,263,247,211" oya="2" hai0="94,67,49,34,17,9,5,68,99,30,124,8,66" hai1="80,2,20,118,62,91,24,114,77,23,100,38,29" hai2="93,54,85,78,0,87,14,51,45,111,127,36,18" hai3="37,122,10,46,129,28,31,35,27,16,109,58,105"/><V133/><F0/><W112/><G105/><T61/><D124/><U65/><E114/><V71/><F127/><W55/><G122/><T116/><D67/><U89/><E118/><V86/><F71/><W73/><G73/><T104/><D116/><U39/><E2/><V134/><F111/><W7/><G109/><T72/><D72/><U43/><E100/><V123/><F123/><W6/><G129/><T120/><D120/><U103/><E103/><V101/><F36/><W135/><G31/><T132/><D104/><U59/><E20/><V3/><F3/><W76/><G76/><T60/><D60/><U42/><E39/><V128/><F128/><W79/><G79/><T12/><D49/><U108/><E108/><V44/><F44/><W82/><G82/><T50/><D50/><U15/><E15/><V69/><F69/><W75/><G75/><T74/><D74/><U26/><E26/><V90/><F101/><W11/><G112/><T33/><D30/><U48/><E38/><V126/><F126/><W13/><G10/><T115/><D115/><U130/><E130/><V117/><F117/><W106/><G106/><T121/><D121/><U81/><E77/><V83/><REACH who="2" step="1"/><F86/><REACH who="2" ten="269,263,237,211" step="2"/><W88/><G46/><T21/><D68/><U57/><E43/><V102/><F102/><W25/><G37/><T113/><D113/><U84/><E42/><V98/><F98/><W53/><G58/><T40/><D99/><U125/><E125/><V92/><F92/><W22/><G35/><T107/><D33/><U63/><E59/><V32/><F32/><W110/><G110/><RYUUKYOKU ba="1,2" sc="269,-10,263,-10,237,30,211,-10" hai2="14,18,45,51,54,78,83,85,87,90,93,133,134" /><INIT seed="2,2,2,5,1,82" ten="259,253,267,201" oya="2" hai0="54,135,132,85,100,109,20,124,93,121,0,12,25" hai1="55,7,22,98,112,3,44,72,108,92,91,99,57" hai2="62,118,61,16,15,73,122,95,66,120,33,74,29" hai3="39,46,104,78,81,71,2,105,5,133,88,1,114"/><V128/><F118/><W48/><G71/><T107/><D0/><U9/><E112/><V37/><F37/><W111/><G39/><T131/><D121/><U79/><E72/><V47/><F47/><W87/><G114/><T53/><D109/><U94/><E108/><V19/><F128/><W65/><G65/><T134/><D131/><U127/><E127/><V31/><F95/><W60/><G60/><T30/><D124/><U51/><E79/><V84/><F84/><W38/><G38/><T126/><D126/><U130/><E130/><V116/><F15/><W67/><G67/><T13/><D107/><U89/><E22/><V40/><F66/><W86/><G133/><T106/><D106/><U26/><E26/><V50/><F50/><W77/><G77/><T123/><D123/><U102/><REACH who="1" step="1"/><E44/><REACH who="1" ten="259,243,267,201" step="2"/><V21/><F21/><W43/><G111/><T28/><D20/><U75/><E75/><V8/><F122/><W36/><G36/><T110/><D25/><U58/><E58/><V27/><F73/><W32/><G32/><T11/><D110/><U6/><E6/><V129/><F74/><W42/><G42/><T83/><D134/><U49/><E49/><V117/><F129/><W23/><G23/><T14/><D132/><U18/><E18/><V4/><F120/><W56/><G56/><T70/><D135/><U125/><E125/><V80/><F40/><W35/><G35/><T119/><D119/><N who="2" m="45642" /><F27/><W64/><G5/><T52/><D28/><N who="2" m="10826" /><F4/><W34/><G34/><T76/><D30/><U97/><E97/><V101/><F33/><W69/><G43/><RYUUKYOKU ba="2,3" sc="259,-10,243,30,267,-10,201,-10" hai1="3,7,9,51,55,57,89,91,92,94,98,99,102" /><INIT seed="3,3,3,5,5,93" ten="249,273,257,191" oya="3" hai0="36,16,127,34,101,65,51,99,106,15,73,20,55" hai1="10,18,105,114,107,60,92,132,103,128,39,77,90" hai2="121,75,2,9,96,37,88,87,72,29,28,130,42" hai3="79,11,125,116,119,108,82,104,8,0,54,97,71"/><W62/><G125/><T63/><D36/><U86/><E114/><V24/><F96/><W118/><G108/><T33/><D73/><U40/><E39/><V49/><F37/><W94/><G104/><T22/><D127/><U1/><E40/><V110/><F28/><W80/><G0/><T131/><D131/><U135/><E128/><V102/><F102/><W133/><G133/><N who="1" m="51274" /><E103/><V76/><F130/><W115/><G115/><T7/><D7/><N who="1" m="1391" /><E77/><V57/><F76/><W26/><G26/><T53/><D22/><U48/><E48/><V81/><F110/><W91/><G82/><T112/><D112/><U66/><E18/><V95/><F121/><W123/><G123/><T59/><D55/><U70/><AGARI ba="3,3" hai="60,66,70,86,90,92,105,107" m="1391,51274" machi="70" ten="30,1100,0" yaku="20,1" doraHai="93" who="1" fromWho="1" sc="249,-6,273,50,257,-6,191,-8" owari="243,-15.7,323,42.3,251,5.1,183,-31.7" /></mjloggm>