<mjloggm ver="2.3"><GO type="225" lobby="0"/><UN n0="%6B%69%72%61%64%6F%6B%69" n1="%E6%A0%B9%E5%85%83%E3%81%8B%E3%82%89%E5%90%B9%E3%81%A3%E9%A3%9B%E3%81%B6" n2="%E6%9D%B1%E9%A2%A8%E3%81%AE%E3%81%8D%E3%82%83%E3%81%B7%E3%81%95%E3%82%93" n3="%E3%81%BD%E3%81%A1%E3%81%9F%E3%81%93%E3%82%84" dan="16,16,16,17" rate="2137.96,2149.60,2178.83,2195.33" sx="M,F,M,M"/><TAIKYOKU oya="0"/><INIT seed="0,0,0,1,5,102" ten="250,250,250,250" oya="0" hai0="43,42,109,81,18,73,105,26,15,45,61,120,56" hai1="28,86,46,31,116,79,134,35,25,117,123,33,50" hai2="104,22,135,6,77,3,70,38,23,127,65,118,119" hai3="8,44,98,67,69,122,78,57,72,5,41,100,91"/><T7/><D120/><U80/><E123/><V74/><F38/><N who="3" m="21559" /><G57/><T62/><BYE who="2" /><D105/><U85/><E134/><V20/><F20/><W12/><G12/><UN n2="%E6%9D%B1%E9%A2%A8%E3%81%AE%E3%81%8D%E3%82%83%E3%81%B7%E3%81%95%E3%82%93" /><T124/><D124/><U48/><E46/><V125/><F23/><W133/><G91/><T129/><D129/><U103/><E103/><V112/><F22/><W24/><G24/><T9/><D109/><U17/><E17/><V47/><F47/><W21/><G21/><T90/><D43/><U51/><REACH who="1" step="1"/><E86/><REACH who="1" ten="250,240,250,250" step="2"/><V34/><F135/><W58/><G122/><T66/><D18/><U19/><E19/><V55/><F127/><W96/><G133/><T10/><D45/><U32/><E32/><V89/><F34/><W101/><G101/><T113/><D73/><U30/><E30/><V121/><F74/><W92/><G98/><T76/><D42/><U71/><E71/><V59/><F70/><W99/><G96/><T95/><D26/><AGARI ba="0,1" hai="25,26,28,31,33,35,48,50,51,79,80,85,116,117" machi="26" ten="40,2600,0" yaku="1,1,9,1,53,0" doraHai="102" doraHaiUra="132" who="1" fromWho="0" sc="250,-26,240,36,250,0,250,0" /><INIT seed="1,0,0,1,1,59" ten="224,276,250,250" oya="1" hai0="105,87,51,46,98,37,62,89,12,90,60,85,126" hai1="14,6,81,117,130,15,112,4,38,56,84,131,13" hai2="111,50,109,54,76,7,40,107,122,34,0,26,69" hai3="44,92,125,106,63,97,8,66,61,70,23,91,96"/><U30/><E38/><V52/><F107/><W74/><G125/><T135/><D37/><U82/><E112/><V113/><F76/><W47/><G74/><T123/><D126/><U64/><E30/><N who="2" m="19799" /><F69/><W42/><G23/><T115/><D115/><U28/><E28/><V133/><F113/><W73/><G73/><T132/><D123/><U9/><E117/><V94/><F94/><W25/><G25/><T29/><D29/><U58/><E9/><N who="2" m="2279" /><F122/><W79/><G79/><T27/><D12/><U11/><E11/><V16/><F133/><N who="0" m="51274" /><D27/><U121/><E121/><V114/><F114/><W57/><G8/><T83/><D98/><U49/><E49/><V20/><F40/><W101/><REACH who="3" step="1"/><G42/><REACH who="3" ten="224,276,250,240" step="2"/><N who="0" m="25047" /><D105/><U3/><E4/><V99/><F99/><W31/><G31/><T127/><D127/><U72/><E6/><V104/><F104/><W45/><G45/><T24/><D24/><U39/><E72/><V119/><F119/><W32/><G32/><T100/><D100/><U65/><E14/><N who="2" m="9239" /><F50/><W120/><G120/><T33/><D33/><U118/><E13/><V93/><F93/><AGARI ba="0,1" hai="60,62,83,85,87,89,90,93" m="25047,51274" machi="93" ten="30,3900,0" yaku="20,1,52,2" doraHai="59" who="0" fromWho="2" sc="224,49,276,0,250,-39,240,0" /><INIT seed="2,0,0,4,0,83" ten="273,276,211,240" oya="2" hai0="42,44,106,69,64,88,29,15,33,19,0,9,79" hai1="52,114,110,71,39,86,49,23,111,93,48,72,109" hai2="101,11,128,117,14,131,119,97,87,73,1,122,24" hai3="54,45,56,50,62,70,3,126,65,74,47,35,120"/><V76/><F24/><W63/><G3/><T89/><D106/><U43/><E72/><V99/><F1/><W61/><G74/><T84/><D0/><U58/><E71/><V123/><F14/><W103/><G103/><T40/><D42/><U115/><E23/><V55/><F11/><W8/><G8/><T96/><D29/><U125/><E125/><V135/><F73/><W134/><G35/><T10/><D33/><U16/><E39/><V38/><F55/><W100/><G100/><T78/><D64/><U36/><E36/><V68/><F68/><W133/><G120/><N who="2" m="46121" /><F38/><W107/><G107/><T113/><D113/><N who="1" m="43019" /><E43/><V102/><F135/><N who="3" m="51723" /><G126/><T7/><D69/><U21/><E49/><V28/><F28/><W129/><G129/><N who="2" m="49737" /><F101/><W75/><G75/><T108/><D40/><U80/><E21/><V85/><F99/><W90/><G90/><T104/><D89/><N who="1" m="51399" /><E16/><V4/><F4/><W121/><G121/><T92/><D19/><U82/><E82/><N who="2" m="47303" /><F87/><W2/><G2/><T25/><D84/><U30/><E30/><V17/><F17/><W60/><AGARI ba="0,0" hai="45,47,50,54,56,60,61,62,63,65,70" m="51723" machi="60" ten="40,5200,0" yaku="20,1,34,2" doraHai="83" who="3" fromWho="3" sc="273,-13,276,-13,211,-26,240,52" /><INIT seed="3,0,0,0,4,39" ten="260,263,185,292" oya="3" hai0="88,12,85,51,70,50,103,64,63,30,131,115,7" hai1="116,128,126,46,27,90,18,133,99,104,60,77,109" hai2="20,57,105,17,41,67,82,86,44,84,54,124,22" hai3="52,56,16,29,55,65,28,0,102,110,94,120,89"/><W43/><G0/><T38/><D38/><U15/><E109/><V96/><F124/><W111/><G102/><T97/><D30/><U61/><E116/><V2/><F2/><W100/><G100/><T73/><D73/><U26/><E128/><V45/><F67/><W10/><G43/><T74/><D74/><U35/><E77/><V34/><F34/><W92/><G65/><T76/><D76/><U113/><E46/><V91/><F45/><W108/><G55/><T32/><D32/><U58/><E113/><V135/><F135/><W122/><G16/><T68/><D70/><U129/><E104/><V106/><F86/><N who="3" m="52279" /><G10/><T66/><D64/><U80/><E35/><V127/><F127/><W14/><G14/><T101/><D101/><U121/><E121/><N who="3" m="46698" /><G94/><N who="0" m="58807" /><D131/><U9/><E133/><V21/><F17/><W53/><G53/><T4/><D115/><U48/><E129/><V69/><F69/><W40/><G40/><T59/><D68/><U11/><E11/><V78/><F96/><W87/><G87/><T134/><D134/><U49/><E126/><V37/><REACH who="2" step="1"/><F91/><REACH who="2" ten="260,263,175,292" step="2"/><W33/><G33/><T118/><D118/><U130/><E130/><V13/><F13/><W119/><G119/><T114/><D12/><U8/><E15/><V112/><F112/><W107/><G107/><T71/><D114/><U47/><E99/><V123/><F123/><W3/><G3/><T95/><D71/><U1/><E90/><V79/><F79/><W23/><G23/><T19/><D19/><U42/><E18/><V93/><F93/><W36/><G36/><T98/><D98/><RYUUKYOKU ba="0,1" sc="260,10,263,-30,175,10,292,10" hai0="4,7,50,51,59,63,66,85,88,95" hai2="20,21,22,37,41,44,54,57,78,82,84,105,106" hai3="28,29,52,56,108,110,111" owari="270,7.0,233,-16.7,185,-31.5,312,41.2" /></mjloggm>