<mjloggm ver="2.3"><GO type="225" lobby="0"/><UN n0="%E3%81%A1%E3%82%83%E3%81%93%E3%81%93" n1="%E6%A5%93%E4%BB%8B" n2="%E9%B7%B9%E5%80%89%E6%9D%8F%E9%88%B4" n3="%E3%82%AF%E3%82%A3%E3%82%A6" dan="16,16,16,16" rate="2125.65,2077.00,2085.45,2080.01" sx="F,M,F,M"/><TAIKYOKU oya="0"/><INIT seed="0,0,0,5,5,45" ten="250,250,250,250" oya="0" hai0="126,43,125,106,26,10,123,97,132,81,51,29,53" hai1="55,28,104,133,47,25,85,65,46,15,77,0,11" hai2="92,128,91,98,59,103,74,31,35,52,94,57,110" hai3="120,87,119,105,33,39,118,48,14,24,16,89,21"/><T75/><D123/><U73/><E104/><V36/><F110/><W117/><G39/><T129/><D129/><U83/><E133/><V72/><F128/><W60/><G105/><T76/><D132/><U79/><E0/><V102/><F36/><W78/><G120/><T67/><D67/><U66/><E47/><V64/><F35/><W107/><G107/><T37/><D37/><U19/><E79/><V134/><F134/><W8/><G78/><T69/><D69/><U99/><E99/><V82/><F31/><W100/><G100/><T22/><D43/><U116/><E116/><V131/><F131/><W3/><G60/><T86/><D10/><U71/><E73/><V113/><F113/><W80/><G33/><T93/><D106/><U4/><E4/><V108/><F108/><W135/><G135/><T61/><D61/><U111/><E111/><V27/><F27/><W121/><G121/><T17/><D29/><U32/><E71/><V23/><F23/><W12/><G3/><T122/><D75/><U38/><REACH who="1" step="1"/><E55/><REACH who="1" ten="250,240,250,250" step="2"/><V62/><F102/><W68/><G68/><T56/><REACH who="0" step="1"/><D122/><REACH who="0" ten="240,240,250,250" step="2"/><U7/><E7/><V49/><REACH who="2" step="1"/><F82/><REACH who="2" ten="240,240,240,250" step="2"/><W1/><G119/><T115/><D115/><U2/><E2/><V42/><F42/><AGARI ba="0,3" hai="11,15,19,25,28,32,38,42,46,65,66,77,83,85" machi="42" ten="40,1300,0" yaku="1,1,53,0" doraHai="45" doraHaiUra="84" who="1" fromWho="2" sc="240,0,240,43,240,-13,250,0" /><INIT seed="1,0,0,4,3,8" ten="240,283,227,250" oya="1" hai0="17,41,103,110,43,56,122,22,107,50,12,38,93" hai1="51,5,20,82,69,89,74,11,19,10,63,132,29" hai2="46,130,1,0,106,45,77,61,127,85,109,44,78" hai3="39,54,60,100,129,24,114,34,21,84,75,76,57"/><U14/><E132/><V95/><F106/><W9/><G114/><T6/><D107/><U99/><E74/><V55/><F109/><W32/><G129/><T96/><D110/><U16/><E69/><V120/><F120/><W53/><G75/><T47/><D122/><U104/><E104/><V112/><F130/><W105/><G39/><T97/><D6/><U126/><E126/><V18/><F127/><W2/><G53/><T128/><D128/><U72/><E72/><V135/><F135/><W124/><G124/><T101/><D56/><U91/><E63/><V115/><F18/><W35/><G100/><T80/><D80/><U33/><E33/><V131/><F131/><W52/><G105/><T40/><REACH who="0" step="1"/><D38/><REACH who="0" ten="230,283,227,250" step="2"/><U90/><E82/><V87/><F115/><W67/><G57/><T79/><D79/><U36/><E36/><V3/><F112/><W4/><G76/><T15/><D15/><U73/><E73/><V81/><F1/><W66/><G2/><T116/><D116/><U94/><E5/><V98/><F3/><W111/><G111/><T71/><D71/><U49/><E10/><V64/><F0/><W102/><G9/><T37/><D37/><U59/><E59/><N who="2" m="36927" /><F78/><W119/><G4/><T65/><D65/><N who="3" m="24585" /><G119/><T62/><D62/><U70/><E70/><V58/><F81/><W92/><G60/><T28/><D28/><U23/><E11/><V68/><F77/><W134/><G134/><T48/><D48/><N who="1" m="18507" /><E29/><V31/><F31/><N who="3" m="17807" /><G84/><N who="2" m="32329" /><F68/><W88/><G54/><T108/><D108/><U86/><E86/><V125/><F55/><W13/><G52/><RYUUKYOKU ba="0,1" sc="230,15,283,15,227,-15,250,-15" hai0="12,17,22,40,41,43,47,50,93,96,97,101,103" hai1="14,16,19,20,23,89,90,91,94,99" /><INIT seed="1,1,1,4,4,132" ten="245,298,212,235" oya="1" hai0="83,59,122,1,48,123,16,64,126,65,45,66,5" hai1="51,111,94,68,35,134,107,4,85,101,27,113,61" hai2="114,117,72,109,78,103,9,60,24,63,33,41,115" hai3="42,98,36,28,105,29,112,124,129,8,116,125,2"/><U47/><E113/><N who="2" m="43019" /><F117/><W128/><G112/><T84/><D5/><U69/><E134/><V17/><F109/><W91/><G116/><T26/><D1/><U119/><E119/><V49/><F103/><N who="3" m="62711" /><G91/><T120/><D126/><N who="3" m="48745" /><G42/><T131/><D131/><N who="3" m="50249" /><G36/><T11/><D59/><U44/><E111/><V89/><F89/><W75/><G75/><T110/><D110/><U92/><E69/><V25/><F41/><W40/><G40/><N who="0" m="24615" /><D83/><U70/><E70/><V99/><F49/><W50/><G50/><T43/><D43/><U100/><E51/><V57/><F63/><W14/><G2/><T12/><D84/><U102/><E61/><V19/><F99/><W22/><G22/><T52/><D120/><U80/><E47/><V133/><F60/><W97/><G97/><T76/><D123/><U21/><E44/><V88/><F88/><W56/><G56/><T118/><D122/><U30/><E68/><V79/><F57/><W71/><G71/><T58/><D118/><U108/><E108/><V82/><F72/><W86/><G86/><T73/><D73/><U39/><E85/><V87/><F87/><W106/><G106/><T93/><D93/><U135/><E94/><V6/><F82/><W38/><G38/><T0/><D0/><U104/><E39/><V32/><F79/><W46/><G46/><T130/><D130/><U23/><E107/><V55/><F78/><W20/><G20/><T31/><D76/><U53/><E104/><V62/><F62/><W37/><G37/><T34/><D58/><U15/><E80/><V13/><F55/><W96/><G96/><RYUUKYOKU ba="1,1" sc="245,15,298,-15,212,-15,235,15" hai0="11,12,16,26,31,34,52,64,65,66" hai3="8,14,28,29" /><INIT seed="2,2,1,3,3,68" ten="260,283,197,250" oya="2" hai0="116,88,78,42,131,60,51,47,22,59,30,13,29" hai1="38,50,20,61,117,130,34,71,31,45,135,114,126" hai2="62,79,23,80,46,124,9,49,121,127,74,4,48" hai3="14,66,91,118,64,85,19,101,92,16,86,65,43"/><V18/><F121/><W100/><G118/><T55/><D116/><U17/><E114/><V108/><F62/><W134/><G134/><T125/><D131/><U28/><E117/><V103/><F103/><N who="3" m="39499" /><G43/><T44/><D125/><N who="2" m="48202" /><F108/><W123/><G123/><T58/><D78/><U70/><E34/><V95/><F95/><W110/><G110/><T77/><D77/><U26/><E135/><V82/><F82/><W33/><G33/><T115/><D115/><U35/><E35/><V119/><F119/><W39/><G39/><T1/><D1/><U32/><E32/><V133/><F133/><W7/><G86/><T94/><D44/><U132/><E132/><V37/><F37/><W120/><G120/><T89/><D59/><U97/><E38/><V112/><F112/><W113/><G113/><T83/><D83/><U25/><E71/><V27/><F46/><W107/><G107/><T102/><D102/><U73/><E45/><V122/><F122/><W99/><G99/><N who="0" m="57799" /><D89/><U56/><E70/><V8/><F8/><AGARI ba="2,1" hai="7,8,14,16,19,64,65,66,85,91,92" m="39499" machi="8" ten="30,2000,0" yaku="8,1,54,1" doraHai="68" who="3" fromWho="2" sc="260,0,283,0,197,-26,250,36" /><INIT seed="3,0,0,3,3,69" ten="260,283,171,286" oya="3" hai0="76,89,30,134,110,68,112,117,113,70,10,7,19" hai1="128,88,119,17,135,66,78,102,67,83,121,50,81" hai2="26,44,85,25,51,101,36,37,20,31,99,24,55" hai3="129,43,29,71,73,123,6,124,97,61,133,94,126"/><W75/><G123/><T41/><D117/><U114/><E114/><N who="0" m="44137" /><D76/><U90/><E102/><V14/><F85/><W122/><G122/><T28/><D89/><U23/><E119/><V59/><F14/><W18/><G129/><T52/><D110/><U125/><E128/><V104/><REACH who="2" step="1"/><F59/><REACH who="2" ten="260,283,161,286" step="2"/><W109/><G109/><T49/><D68/><U40/><E121/><V56/><F56/><W92/><G133/><T48/><D70/><U54/><E135/><V22/><F22/><W106/><G71/><T16/><D134/><U80/><E78/><V62/><F62/><W127/><G61/><T58/><D7/><U35/><E23/><V107/><F107/><W0/><G6/><T39/><D10/><U130/><E130/><V87/><F87/><W63/><G63/><T21/><D49/><U79/><E79/><V60/><F60/><W34/><G106/><T96/><D96/><U100/><E50/><V5/><F5/><W53/><G97/><T98/><D98/><U42/><E83/><V8/><F8/><W4/><G4/><T74/><D21/><U12/><E12/><V32/><F32/><W118/><G34/><T77/><D77/><U38/><E35/><V108/><F108/><W132/><G132/><T115/><D115/><U47/><E81/><V2/><F2/><W9/><G0/><T82/><D82/><U91/><E80/><V120/><F120/><W95/><G118/><T3/><D3/><U111/><E111/><V72/><F72/><W105/><G105/><T86/><D74/><U1/><E1/><V65/><F65/><W11/><G75/><RYUUKYOKU ba="0,1" sc="260,-10,283,-10,161,30,286,-10" hai2="20,24,25,26,31,36,37,44,51,55,99,101,104" /><INIT seed="4,1,1,3,5,19" ten="250,273,191,276" oya="0" hai0="105,52,89,44,41,135,75,62,33,5,45,126,26" hai1="119,117,90,6,110,97,80,70,42,99,11,67,106" hai2="76,30,112,61,124,50,114,100,13,31,93,25,27" hai3="74,9,43,134,36,55,65,122,51,18,71,66,104"/><T20/><D105/><U133/><E110/><V83/><F124/><W78/><G104/><T57/><D75/><U96/><E106/><V113/><F13/><W111/><G78/><T64/><D33/><U115/><E42/><V38/><F38/><W17/><G74/><T101/><D126/><U28/><E133/><V59/><F50/><W103/><G111/><T92/><D101/><U40/><E40/><V12/><F12/><W129/><G129/><T47/><D135/><U118/><E70/><V91/><F100/><W130/><G130/><T53/><D5/><U56/><E28/><V128/><F128/><W23/><G122/><T10/><D10/><U127/><E127/><V15/><F15/><W32/><G32/><T1/><D1/><U14/><E115/><V94/><F25/><W87/><G134/><T0/><D0/><U107/><E107/><V81/><F76/><W98/><G87/><N who="0" m="52287" /><D41/><U84/><E119/><V3/><F3/><W2/><G2/><T21/><D21/><U79/><E79/><V24/><F24/><W8/><G23/><T77/><D77/><U60/><AGARI ba="1,1" hai="6,11,14,56,60,67,80,84,90,96,97,99,117,118" machi="60" ten="30,1100,0" yaku="0,1" doraHai="19" who="1" fromWho="1" sc="250,-6,273,24,191,-4,276,-4" /><INIT seed="5,0,0,4,4,122" ten="244,297,187,272" oya="1" hai0="88,91,86,100,99,1,121,56,36,42,3,106,27" hai1="63,2,62,84,40,6,29,133,73,15,116,109,115" hai2="107,8,18,134,16,34,102,124,17,54,83,30,10" hai3="60,113,131,128,126,108,66,33,130,96,118,13,11"/><U77/><E116/><V37/><F37/><W64/><G113/><T97/><D121/><U114/><E109/><V101/><F134/><W94/><G118/><T104/><D36/><U129/><E133/><V57/><F124/><W28/><G126/><T85/><D42/><U111/><E111/><V95/><F107/><W23/><G33/><T39/><D39/><U7/><E73/><V48/><F83/><W120/><G120/><T87/><D56/><U45/><E29/><V119/><F119/><W103/><G108/><T74/><D27/><U76/><E2/><V35/><F35/><W41/><G41/><T110/><D110/><U43/><E129/><V0/><F0/><W98/><G60/><T50/><D50/><U69/><E69/><V125/><F125/><W12/><G96/><T32/><D32/><U22/><E63/><V53/><F53/><W20/><G28/><T61/><D61/><U38/><E62/><V71/><F71/><W49/><G49/><T59/><D59/><U132/><E132/><V67/><F67/><N who="3" m="25643" /><G13/><T58/><D58/><U55/><E55/><V31/><F31/><W70/><G70/><T82/><D3/><U123/><E123/><V4/><F4/><AGARI ba="0,0" hai="4,11,12,20,23,94,98,103,128,130,131" m="25643" machi="4" ten="30,1000,0" yaku="19,1" doraHai="122" who="3" fromWho="2" sc="244,0,297,0,187,-10,272,10" /><INIT seed="6,0,0,0,5,69" ten="244,297,177,282" oya="2" hai0="65,126,66,49,55,128,76,99,13,24,53,85,71" hai1="80,34,104,48,90,81,106,91,67,44,87,110,73" hai2="74,36,6,135,98,111,127,134,89,115,33,122,101" hai3="1,78,93,62,121,54,97,17,125,105,124,35,113"/><V75/><F33/><W42/><G121/><T47/><D128/><U22/><E34/><V26/><F6/><W68/><G35/><T18/><D126/><U77/><E110/><V41/><F26/><W52/><G1/><T16/><D71/><U56/><E91/><V107/><F122/><W21/><G113/><T37/><D37/><U108/><E108/><V133/><F111/><W112/><G112/><T61/><D99/><U119/><E119/><V109/><F109/><W51/><G105/><T31/><D55/><U64/><E22/><V103/><F115/><W123/><G78/><T59/><D65/><U3/><E3/><V43/><F127/><N who="3" m="48715" /><G123/><T23/><REACH who="0" step="1"/><D13/><REACH who="0" ten="234,297,177,282" step="2"/><U50/><E67/><V117/><F117/><W2/><G2/><T100/><D100/><N who="2" m="38474" /><F107/><W57/><G42/><N who="2" m="15881" /><F36/><W30/><G68/><T60/><D60/><N who="1" m="37895" /><E106/><V39/><F39/><W0/><G30/><T5/><D5/><U46/><E104/><V116/><F116/><W129/><G0/><T79/><D79/><U102/><E102/><V7/><F7/><W40/><G129/><T14/><D14/><U92/><E77/><V19/><F19/><W58/><G40/><T8/><D8/><U4/><E4/><V15/><F15/><N who="3" m="9407" /><G97/><T11/><D11/><U20/><E50/><V70/><F70/><W29/><G29/><T83/><AGARI ba="0,1" hai="16,18,23,24,31,47,49,53,59,61,66,76,83,85" machi="83" ten="30,7900,0" yaku="1,1,0,1,8,1,54,1,53,0" doraHai="69" doraHaiUra="94" who="0" fromWho="0" sc="234,89,297,-20,177,-39,282,-20" owari="323,42.3,277,7.7,138,-36.2,262,-13.8" /></mjloggm>