<mjloggm ver="2.3"><GO type="225" lobby="0"/><UN n0="%E3%83%8F%E3%83%B3%E3%83%89%E3%83%A9%E3%83%BC%E3%83%BB%E3%83%AF%E3%83%B3" n1="%E9%80%86%E9%80%A3%E5%B8%AF%E3%81%AE%E9%AC%BC" n2="%E3%81%82%E3%82%93%E3%81%AA%E3%81%A4" n3="%E3%81%BF%E3%81%BF%E3%81%9A" dan="18,16,17,17" rate="2276.29,2046.27,2184.43,2210.99" sx="M,M,M,M"/><TAIKYOKU oya="0"/><INIT seed="0,0,0,5,3,110" ten="250,250,250,250" oya="0" hai0="116,103,102,2,98,31,42,131,125,65,130,74,28" hai1="117,84,5,124,86,41,113,94,57,25,53,3,54" hai2="118,121,92,0,119,73,60,100,62,35,67,21,51" hai3="85,89,6,13,77,114,34,7,33,16,97,68,37"/><T70/><D116/><N who="2" m="44586" /><F121/><W79/><G114/><T128/><D74/><U63/><E117/><V1/><F35/><W71/><G37/><T135/><D2/><U8/><E124/><V107/><F73/><W46/><G33/><T133/><D42/><U80/><E113/><V47/><F107/><W17/><G34/><T120/><D120/><U75/><E41/><N who="2" m="25071" /><F21/><N who="3" m="11407" /><G68/><T108/><D108/><U88/><E25/><V55/><F55/><W29/><G71/><T18/><D18/><U82/><E75/><V26/><F26/><W40/><G29/><N who="0" m="11339" /><D125/><U4/><E4/><V27/><F27/><W52/><G40/><T66/><D70/><U56/><REACH who="1" step="1"/><E86/><REACH who="1" ten="250,240,250,250" step="2"/><V83/><F0/><W101/><G17/><T50/><D130/><U95/><E95/><V45/><F1/><W43/><G6/><T48/><D131/><U44/><E44/><V49/><F83/><N who="3" m="49343" /><G7/><T112/><D112/><U132/><E132/><V11/><F92/><N who="3" m="58535" /><G43/><T64/><D128/><U90/><E90/><V91/><F91/><W22/><G22/><T105/><D135/><U19/><E19/><V30/><F30/><W134/><G134/><T20/><D133/><U15/><E15/><V126/><F126/><W61/><G46/><T24/><D20/><U38/><E38/><V81/><F81/><W93/><G93/><N who="0" m="58703" /><D24/><U58/><E58/><AGARI ba="0,1" hai="52,58,61,77,79" m="58535,49343,11407" machi="58" ten="30,3900,0" yaku="8,1,54,2" doraHai="110" who="3" fromWho="1" sc="250,0,240,-39,250,0,250,49" /><INIT seed="1,0,0,5,0,105" ten="250,201,250,299" oya="1" hai0="57,108,99,41,134,101,123,130,125,72,61,66,110" hai1="89,133,113,34,114,100,18,49,65,48,32,80,9" hai2="102,77,42,106,59,71,132,29,69,5,103,90,56" hai3="131,22,7,124,8,2,76,14,63,82,135,91,95"/><U85/><E133/><V6/><F106/><W30/><G135/><T51/><D134/><U97/><E65/><V96/><F77/><W52/><G124/><T112/><D112/><U62/><E62/><V117/><F132/><W88/><G131/><T109/><D130/><U40/><E114/><V26/><F42/><W60/><G52/><N who="0" m="31903" /><D41/><U31/><E113/><V84/><F117/><W39/><G39/><T27/><D27/><U21/><E9/><V122/><F122/><W104/><G104/><N who="0" m="63551" /><D125/><U12/><E31/><V73/><F73/><W23/><G91/><T67/><D123/><U46/><REACH who="1" step="1"/><E49/><REACH who="1" ten="250,191,250,299" step="2"/><V126/><F126/><W127/><G127/><T81/><D61/><N who="3" m="23625" /><G30/><T74/><D66/><U53/><E53/><V121/><F121/><W37/><G37/><T55/><D55/><U94/><AGARI ba="0,1" hai="12,18,21,32,34,40,46,48,80,85,89,94,97,100" machi="94" ten="20,3900,0" yaku="1,1,0,1,7,1,53,0" doraHai="105" doraHaiUra="20" who="1" fromWho="1" sc="250,-13,191,49,250,-13,299,-13" /><INIT seed="1,1,0,2,4,5" ten="237,240,237,286" oya="1" hai0="67,26,112,78,52,47,32,113,23,8,89,129,60" hai1="92,12,110,116,45,135,36,53,122,31,124,14,73" hai2="49,132,98,115,9,97,125,133,11,57,15,19,27" hai3="80,42,105,0,128,93,103,61,59,30,117,102,10"/><U99/><E122/><V74/><F125/><W114/><G117/><T28/><D129/><U44/><E124/><V7/><F74/><W56/><G114/><T13/><D78/><U2/><E116/><V62/><F115/><W66/><G105/><T29/><D89/><U72/><E2/><V37/><F49/><W54/><G128/><T126/><D126/><U1/><E1/><V111/><F37/><W120/><G120/><T41/><D29/><U119/><E119/><V71/><F71/><W38/><G30/><T69/><D32/><U96/><E135/><N who="2" m="51787" /><F111/><W82/><G38/><T22/><D22/><U86/><E31/><V101/><F101/><W3/><G42/><T20/><D20/><U16/><E110/><V24/><F24/><W108/><G108/><T39/><REACH who="0" step="1"/><D52/><REACH who="0" ten="227,240,237,286" step="2"/><U88/><E53/><N who="2" m="34095" /><F27/><W100/><G93/><T63/><D63/><U70/><E92/><V90/><F90/><W79/><G82/><T107/><D107/><U85/><E88/><V6/><F6/><AGARI ba="1,1" hai="6,8,13,23,26,28,39,41,47,60,67,69,112,113" machi="6" ten="30,3900,0" yaku="1,1,7,1,52,1,53,0" doraHai="5" doraHaiUra="35" who="0" fromWho="2" sc="227,52,240,0,237,-42,286,0" /><INIT seed="2,0,0,4,2,119" ten="279,240,195,286" oya="2" hai0="88,16,63,15,131,19,5,28,135,125,107,86,129" hai1="7,104,34,90,115,56,120,81,1,31,21,57,82" hai2="92,17,49,128,51,122,64,118,0,80,69,93,6" hai3="58,32,78,132,10,117,134,85,14,52,2,111,101"/><V133/><F118/><W100/><G117/><T39/><D107/><U46/><E115/><V89/><F133/><N who="3" m="51307" /><G32/><T4/><D39/><U25/><E104/><V36/><F36/><W127/><G2/><T73/><D73/><U83/><E120/><V72/><F128/><N who="0" m="49226" /><D135/><U99/><E34/><V20/><F122/><W103/><G111/><T106/><D106/><U95/><REACH who="1" step="1"/><E46/><REACH who="1" ten="279,230,195,286" step="2"/><V71/><F71/><W12/><G127/><T66/><D125/><U61/><E61/><V48/><F69/><W18/><G12/><T126/><D126/><U8/><AGARI ba="0,1" hai="1,7,8,21,25,31,56,57,81,82,83,90,95,99" machi="8" ten="30,2000,0" yaku="1,1,0,1,53,0" doraHai="119" doraHaiUra="9" who="1" fromWho="1" sc="279,-5,230,30,195,-10,286,-5" /><INIT seed="3,0,0,2,4,116" ten="274,260,185,281" oya="3" hai0="85,33,3,73,40,9,72,19,78,24,28,43,117" hai1="98,34,60,130,75,95,10,46,99,54,61,84,93" hai2="118,25,23,66,16,121,101,42,21,112,126,132,96" hai3="13,86,102,92,22,41,94,129,70,0,124,82,20"/><W37/><G0/><T128/><D117/><U58/><E75/><V69/><F118/><W64/><G129/><T67/><D128/><U71/><E34/><V52/><F112/><W51/><G37/><T68/><D67/><U53/><E130/><V89/><F126/><W107/><G107/><T56/><D68/><U29/><E29/><V97/><F132/><W79/><G124/><T14/><D56/><U38/><E10/><V26/><F121/><W12/><G64/><T113/><D113/><U59/><E71/><V50/><F42/><W39/><G39/><T109/><D109/><U131/><E131/><V27/><F89/><W30/><G70/><T111/><D111/><U106/><E84/><V55/><F55/><W135/><G135/><T76/><D85/><U90/><E106/><V47/><F101/><W6/><G13/><T62/><D62/><U1/><E1/><V2/><F2/><W80/><G80/><T81/><D3/><U18/><E18/><V57/><F69/><W36/><G36/><T4/><D4/><U32/><E32/><V5/><F5/><W119/><G119/><T63/><D63/><U48/><E38/><V45/><F26/><N who="3" m="16711" /><G102/><T77/><D77/><U103/><E61/><N who="2" m="38191" /><F47/><AGARI ba="0,0" hai="46,47,48,53,54,58,59,60,90,93,95,98,99,103" machi="47" ten="40,1300,0" yaku="8,1" doraHai="116" who="1" fromWho="2" sc="274,0,260,13,185,-13,281,0" /><INIT seed="4,0,0,4,0,29" ten="274,273,172,281" oya="0" hai0="70,132,23,36,121,120,59,54,22,93,30,81,102" hai1="115,103,41,80,119,37,45,68,32,123,10,130,69" hai2="126,82,51,34,108,98,94,101,106,2,97,38,100" hai3="75,85,116,43,19,15,114,87,50,96,40,134,111"/><T95/><D70/><U12/><E119/><V76/><F38/><W83/><G111/><T35/><D36/><U65/><E123/><V109/><F2/><W99/><G116/><T14/><D132/><U6/><E130/><V91/><F51/><W55/><G75/><T67/><D67/><U0/><E115/><V58/><F58/><W86/><G114/><T135/><D135/><U105/><E12/><V89/><F34/><W26/><G26/><T71/><D71/><U77/><E65/><V33/><F33/><W57/><G134/><T17/><D23/><U52/><E32/><V104/><F126/><W66/><G83/><T62/><D81/><U64/><E64/><V11/><F11/><W92/><G66/><T28/><D28/><U110/><E110/><V72/><REACH who="2" step="1"/><F91/><REACH who="2" ten="274,273,162,281" step="2"/><N who="3" m="55327" /><G99/><AGARI ba="0,1" hai="72,76,82,89,94,97,98,99,100,101,104,106,108,109" machi="99" ten="30,12000,2" yaku="1,1,7,1,9,1,34,3,53,0" doraHai="29" doraHaiUra="117" who="2" fromWho="3" sc="274,0,273,0,162,130,281,-120" /><INIT seed="5,0,0,1,0,83" ten="274,273,292,161" oya="1" hai0="124,62,130,61,75,90,102,116,127,85,35,52,113" hai1="93,94,0,54,87,110,101,74,131,19,36,21,14" hai2="133,25,46,63,78,73,20,135,120,64,45,43,23" hai3="7,12,50,126,53,66,125,17,8,95,37,30,38"/><U9/><E131/><V105/><F105/><W99/><G66/><T84/><D116/><U16/><E74/><V13/><F120/><W114/><G30/><T77/><D35/><U55/><E110/><V24/><F13/><W72/><G72/><T28/><D28/><U2/><E36/><V80/><F23/><W41/><G41/><T70/><D130/><U123/><E123/><V121/><F121/><W29/><G29/><T129/><D129/><U57/><E55/><V3/><F3/><W92/><G114/><T10/><D113/><U91/><E94/><V6/><F6/><W32/><G32/><T108/><D108/><U40/><E101/><V4/><F4/><W60/><G60/><T118/><D102/><U109/><E40/><V112/><F46/><N who="3" m="27863" /><G7/><T65/><D118/><U76/><E76/><V71/><F112/><W39/><G99/><T88/><D75/><U103/><E109/><V48/><F20/><W59/><G59/><N who="0" m="35047" /><D10/><U111/><E111/><V5/><F5/><W33/><G33/><T134/><D134/><AGARI ba="0,0" hai="24,25,43,45,48,63,64,71,73,78,80,133,134,135" machi="134" ten="40,1300,0" yaku="20,1" doraHai="83" who="2" fromWho="0" sc="274,-13,273,0,292,13,161,0" owari="261,-13.9,273,7.3,305,40.5,161,-33.9" /></mjloggm>