<mjloggm ver="2.3"><GO type="225" lobby="0"/><UN n0="%E3%81%A4%E3%81%A3%E3%81%B1%E3%82%8A%E3%83%9D%E3%83%BC%E3%83%AB" n1="%72%69%6F%75%63%68%61%6E" n2="%E3%83%8F%E3%82%A4%E3%83%91%E3%83%BC%E3%83%84%E3%83%8A%E7%BC%B6" n3="%E3%81%BF%E3%81%BF%E3%81%9A" dan="17,16,16,17" rate="2191.41,2104.88,2092.00,2215.78" sx="M,M,M,M"/><TAIKYOKU oya="0"/><INIT seed="0,0,0,1,2,21" ten="250,250,250,250" oya="0" hai0="22,123,91,39,93,89,109,88,53,90,128,119,134" hai1="33,56,115,63,4,79,44,13,29,8,52,42,20" hai2="47,130,95,45,50,83,59,70,2,92,133,113,127" hai3="77,75,58,32,110,96,64,126,102,108,103,112,78"/><T27/><D119/><U65/><E115/><V72/><F113/><W41/><G112/><T100/><D123/><U25/><E79/><N who="3" m="30218" /><G75/><T30/><D39/><U38/><REACH who="1" step="1"/><E65/><REACH who="1" ten="250,240,250,250" step="2"/><V11/><F133/><W0/><G64/><T76/><D134/><U18/><E18/><V84/><F130/><W55/><G108/><T37/><D76/><U101/><E101/><V49/><F72/><W10/><G110/><T107/><D109/><U15/><E15/><V48/><F2/><W87/><G103/><T51/><D128/><U117/><E117/><V54/><F127/><W71/><G102/><T120/><D120/><U121/><E121/><V80/><F70/><W24/><G126/><T19/><D100/><U106/><E106/><V124/><F124/><W68/><G0/><T81/><D107/><U17/><E17/><V85/><F54/><W43/><G55/><T116/><D116/><U26/><E26/><V16/><F16/><W131/><G24/><T57/><D19/><U31/><E31/><V1/><F1/><W67/><G131/><T28/><D28/><U61/><E61/><V6/><F6/><W118/><G68/><T62/><D62/><U73/><E73/><V114/><F114/><W104/><G71/><T74/><D74/><U105/><E105/><V7/><F7/><W122/><G104/><T135/><D135/><U94/><E94/><V14/><F14/><W3/><G122/><T5/><D5/><U46/><E46/><N who="2" m="17419" /><F59/><W129/><G118/><T23/><D57/><U125/><E125/><V34/><F95/><W36/><G129/><T99/><D93/><RYUUKYOKU ba="0,1" sc="250,-10,240,30,250,-10,250,-10" hai1="4,8,13,20,25,29,33,38,42,44,52,56,63" /><INIT seed="1,1,1,5,0,90" ten="240,270,240,240" oya="1" hai0="121,40,128,104,62,20,83,8,110,129,0,51,103" hai1="50,16,79,102,70,66,26,56,119,82,99,59,135" hai2="112,106,13,18,10,63,36,84,21,94,109,52,28" hai3="92,24,78,123,55,93,130,44,100,107,88,69,113"/><U85/><E119/><V86/><F106/><W42/><G123/><T96/><D110/><U6/><E135/><V65/><F36/><W127/><G113/><T4/><D121/><U12/><E6/><V47/><F109/><W1/><G1/><T95/><D20/><U11/><E26/><N who="2" m="16463" /><F112/><W118/><G118/><T111/><D111/><U3/><E3/><V77/><F77/><W122/><G122/><T64/><D83/><U105/><REACH who="1" step="1"/><E50/><REACH who="1" ten="240,260,240,240" step="2"/><N who="2" m="28767" /><F63/><AGARI ba="1,2" hai="11,12,16,56,59,63,66,70,79,82,85,99,102,105" machi="63" ten="40,3900,0" yaku="1,1,54,1,53,0" doraHai="90" doraHaiUra="34" who="1" fromWho="2" sc="240,0,260,62,240,-42,240,0" /><INIT seed="1,2,0,1,3,120" ten="240,322,198,240" oya="1" hai0="84,5,37,1,20,69,103,53,100,126,47,73,9" hai1="72,55,18,49,14,87,64,127,48,6,21,0,2" hai2="54,19,15,67,110,66,112,52,82,7,135,32,107" hai3="13,50,123,10,39,3,8,45,83,131,60,12,88"/><U89/><E127/><V36/><F32/><W61/><G123/><T65/><D73/><U51/><E72/><V97/><F36/><W74/><G39/><T116/><D116/><U121/><E121/><V85/><F7/><N who="3" m="3103" /><G3/><T62/><D126/><U56/><E64/><N who="2" m="24619" /><F107/><W113/><G74/><T44/><D44/><U95/><REACH who="1" step="1"/><E6/><REACH who="1" ten="240,312,198,240" step="2"/><V133/><F112/><W94/><G113/><T70/><D65/><U11/><E11/><N who="2" m="6655" /><F97/><N who="3" m="57543" /><G131/><T58/><D5/><U80/><E80/><V79/><F110/><W63/><G83/><T34/><D69/><U31/><E31/><V27/><F27/><W106/><G106/><T22/><D70/><U77/><E77/><V105/><F105/><W101/><G101/><T29/><D100/><U102/><E102/><V104/><F104/><W28/><G28/><T41/><D103/><U109/><E109/><V93/><F93/><W122/><G122/><T130/><D130/><U30/><E30/><V4/><F4/><N who="3" m="3271" /><G63/><AGARI ba="2,1" hai="0,2,14,18,21,48,49,51,55,56,63,87,89,95" machi="63" ten="40,2000,0" yaku="1,1,53,0" doraHai="120" doraHaiUra="92" who="1" fromWho="3" sc="240,0,312,36,198,0,240,-26" /><INIT seed="1,3,0,2,2,75" ten="240,348,198,214" oya="1" hai0="24,60,31,28,95,134,69,44,23,64,130,66,7" hai1="67,127,55,105,126,35,92,111,30,51,84,21,36" hai2="131,68,99,86,4,50,101,98,32,65,43,77,22" hai3="38,119,71,96,63,41,17,125,72,27,12,112,39"/><U20/><E105/><V70/><F32/><W56/><G112/><T25/><D134/><U34/><E36/><V57/><F131/><W58/><G71/><T123/><D130/><U3/><E3/><V90/><F4/><W78/><G27/><T103/><D123/><U59/><E111/><V109/><F109/><W42/><G96/><T93/><D7/><U107/><E107/><V2/><F2/><W0/><G0/><T89/><D103/><U10/><E10/><V81/><F98/><W54/><G125/><N who="1" m="47626" /><E67/><V29/><F90/><W114/><G114/><T124/><D124/><U82/><E92/><V47/><F57/><W85/><G72/><T88/><D44/><U6/><E6/><V104/><REACH who="2" step="1"/><F65/><REACH who="2" ten="240,348,188,214" step="2"/><N who="3" m="39143" /><G119/><T83/><D66/><U52/><E34/><V133/><F133/><W16/><G38/><T113/><D113/><U61/><E35/><V19/><F19/><W106/><G39/><T100/><D100/><U8/><E30/><V1/><F1/><W120/><G120/><T135/><D135/><U79/><E8/><V97/><F97/><W48/><G106/><T73/><D31/><U14/><E14/><V121/><F121/><W91/><G17/><T37/><D28/><U13/><E13/><V129/><F129/><W108/><G108/><T15/><D37/><U62/><E20/><V118/><F118/><W74/><G16/><N who="0" m="10655" /><D24/><AGARI ba="3,1" hai="22,24,29,43,47,50,68,70,77,81,86,99,101,104" machi="24" ten="40,2600,0" yaku="1,1,52,1,53,0" doraHai="75" doraHaiUra="87" who="2" fromWho="0" sc="240,-35,348,0,188,45,214,0" /><INIT seed="2,0,0,5,4,106" ten="205,348,233,214" oya="2" hai0="112,64,37,74,100,85,78,97,115,122,87,133,90" hai1="68,4,5,56,46,48,109,12,125,14,38,21,94" hai2="117,83,124,102,42,104,16,28,39,101,93,6,26" hai3="60,22,9,20,61,81,69,11,73,59,116,50,121"/><V57/><F117/><W29/><G116/><T66/><D37/><U103/><E68/><V1/><F124/><W84/><G121/><T65/><D122/><U2/><E125/><V40/><F104/><W105/><G105/><N who="0" m="63631" /><D87/><U54/><E109/><V15/><F57/><W118/><G118/><T134/><D65/><U47/><E2/><V53/><F53/><N who="3" m="32183" /><G73/><T55/><D55/><U30/><E38/><V34/><F83/><W89/><G69/><T79/><D66/><U70/><E70/><V67/><F67/><W132/><G132/><N who="0" m="50795" /><D64/><U128/><E128/><V63/><F63/><N who="3" m="24139" /><G20/><T35/><D35/><U129/><E129/><V36/><F36/><W18/><G29/><T77/><D74/><U25/><E47/><V131/><F131/><W91/><G89/><T110/><D110/><U108/><E108/><V23/><F39/><W120/><G120/><T31/><D31/><U107/><E107/><V0/><F0/><W92/><G92/><AGARI ba="0,0" hai="77,78,79,85,90,92,112,115" m="50795,63631" machi="92" ten="30,3900,0" yaku="20,1,34,2" doraHai="106" who="0" fromWho="3" sc="205,39,348,0,233,0,214,-39" /><INIT seed="3,0,0,4,1,116" ten="244,348,233,175" oya="3" hai0="16,126,27,74,47,54,76,98,109,56,49,36,12" hai1="122,81,84,80,33,14,53,75,102,29,132,88,31" hai2="103,38,86,45,17,134,119,112,77,73,105,87,20" hai3="48,101,129,121,104,46,96,41,90,37,78,131,8"/><W50/><G78/><T51/><D109/><U6/><E132/><V91/><F119/><W60/><G90/><T10/><D126/><U110/><E122/><V4/><F112/><W58/><G8/><T125/><D47/><U66/><E110/><V21/><F134/><W18/><G18/><T5/><D36/><U35/><E102/><V111/><F111/><W115/><G115/><T127/><D98/><U13/><E66/><V19/><F4/><W107/><G107/><T94/><D94/><U68/><E68/><V93/><F73/><W124/><G124/><N who="0" m="47691" /><D51/><U71/><E71/><V24/><F105/><W59/><G59/><T55/><D55/><U9/><E35/><V11/><F11/><W89/><G89/><T69/><D69/><U15/><E33/><V64/><F64/><W97/><G96/><T99/><D99/><U100/><E100/><V63/><F103/><W82/><G82/><N who="1" m="31850" /><E75/><V135/><F135/><W85/><G85/><T95/><D95/><N who="1" m="54663" /><E53/><V79/><F86/><W40/><G121/><T133/><D133/><U123/><E123/><V22/><F79/><W23/><G23/><N who="2" m="8777" /><F77/><W70/><G70/><T128/><D76/><U61/><E61/><V34/><F63/><W43/><G37/><T2/><D74/><U130/><E130/><N who="3" m="49674" /><G48/><T72/><D128/><U1/><E9/><V32/><F19/><W92/><G104/><T118/><D72/><U108/><E108/><V113/><F113/><W120/><G120/><T44/><D118/><U30/><E30/><V62/><F62/><W57/><G60/><T25/><D56/><U42/><E31/><RYUUKYOKU ba="0,0" sc="244,10,348,-30,233,10,175,10" hai0="2,5,10,12,16,25,27,44,49,54" hai2="17,22,24,32,34,38,45,87,91,93" hai3="40,41,43,46,50,57,58,92,97,101" /><INIT seed="3,1,0,4,5,101" ten="254,318,243,185" oya="3" hai0="92,12,20,108,111,23,22,27,120,49,109,19,134" hai1="113,98,14,9,114,44,60,40,47,2,100,126,93" hai2="125,50,57,96,71,43,118,130,4,70,34,36,89" hai3="106,63,15,122,72,117,21,82,1,119,121,97,102"/><W103/><G15/><T84/><D120/><N who="3" m="46185" /><G21/><N who="0" m="11495" /><D134/><U41/><E126/><V42/><F125/><W48/><G48/><T112/><D112/><U51/><E2/><V18/><F118/><W127/><G127/><T39/><D39/><U78/><E78/><V88/><F34/><W76/><G63/><T85/><D92/><U17/><E60/><V56/><F4/><W10/><G103/><T81/><D81/><U75/><E75/><V79/><F79/><W3/><G10/><T61/><D27/><U64/><E64/><V131/><F18/><W54/><G54/><T104/><D104/><U30/><E30/><V105/><F36/><AGARI ba="1,0" hai="9,14,17,36,40,41,44,47,51,93,98,100,113,114" machi="36" ten="30,1000,0" yaku="7,1" doraHai="101" who="1" fromWho="2" sc="254,0,318,13,243,-13,185,0" owari="254,5.4,331,43.1,230,-17.0,185,-31.5" /></mjloggm>