<mjloggm ver="2.3"><GO type="225" lobby="0"/><UN n0="%E3%81%BF%E3%81%BF%E3%81%9A" n1="%E3%83%A9%E3%82%A4%E3%83%B3%E3%81%AE%E8%99%8E" n2="%E3%82%BC%E3%83%AB%E3%83%80%E3%81%AE%E4%BC%9D%E8%AA%AC" n3="%E3%80%93%E3%81%97%E3%83%BC%E3%82%89%E3%80%93" dan="18,16,17,16" rate="2235.15,2123.72,2168.86,2185.38" sx="M,M,M,M"/><TAIKYOKU oya="0"/><INIT seed="0,0,0,1,0,18" ten="250,250,250,250" oya="0" hai0="122,130,47,92,93,106,86,72,85,40,116,48,103" hai1="52,58,8,14,20,128,105,32,132,2,88,30,87" hai2="64,133,119,80,71,41,67,131,49,104,17,13,9" hai3="135,24,33,81,54,99,53,112,95,125,27,68,39"/><T35/><D116/><U1/><E105/><V63/><F119/><W110/><G112/><T84/><D122/><U127/><E32/><V83/><F104/><W46/><G68/><T69/><D72/><U42/><E127/><V79/><F133/><W44/><G135/><T19/><D35/><U108/><E108/><V129/><F64/><W100/><G110/><T36/><D69/><U34/><E34/><V38/><F38/><W45/><G39/><T7/><D7/><U111/><E111/><V43/><F80/><W21/><G125/><T4/><D4/><U96/><E128/><N who="2" m="49227" /><F49/><W12/><G81/><T109/><D130/><U23/><E30/><V91/><F91/><W65/><G65/><T101/><D109/><U11/><E132/><V90/><F90/><W16/><G33/><T134/><D134/><U115/><E42/><V123/><F123/><W3/><G3/><T66/><D66/><U124/><E96/><V5/><F5/><W55/><AGARI ba="0,0" hai="12,16,21,24,27,44,45,46,53,54,55,95,99,100" machi="55" ten="30,7900,0" yaku="0,1,8,1,52,1,54,1" doraHai="18" who="3" fromWho="3" sc="250,-39,250,-20,250,-20,250,79" /><INIT seed="1,0,0,1,4,71" ten="211,230,230,329" oya="1" hai0="98,74,44,97,77,127,55,36,83,53,52,126,111" hai1="84,75,89,51,56,82,107,68,130,59,66,3,114" hai2="45,9,104,50,33,100,133,91,123,64,54,28,94" hai3="132,69,16,79,6,14,58,19,129,13,76,25,30"/><U67/><E114/><V103/><F123/><W0/><G69/><T87/><D111/><U131/><E3/><V17/><F104/><W34/><G132/><T49/><D74/><U48/><E107/><V96/><F133/><W7/><G129/><N who="1" m="49162" /><E75/><V73/><F73/><W115/><G115/><T128/><D128/><U117/><E117/><V31/><F64/><N who="1" m="24617" /><E68/><V125/><F125/><N who="0" m="47626" /><D36/><U21/><E21/><V57/><F45/><W93/><G0/><T12/><D12/><U43/><E48/><V26/><F28/><W109/><G109/><T112/><D112/><U23/><E23/><V113/><F113/><W4/><G13/><T124/><N who="0" m="47634" /><T29/><DORA hai="121" /><D29/><U110/><E110/><V90/><F103/><W120/><G120/><T80/><D80/><U72/><E72/><V61/><F50/><W20/><G14/><T85/><D85/><U8/><E8/><V99/><F99/><AGARI ba="0,0" hai="44,49,52,53,55,77,83,87,97,98,99" m="47634" machi="99" ten="40,2600,0" yaku="18,1,54,1" doraHai="71,121" who="0" fromWho="2" sc="211,26,230,0,230,-26,329,0" /><INIT seed="2,0,0,0,3,20" ten="237,230,204,329" oya="2" hai0="17,76,65,124,111,127,132,31,70,104,108,0,133" hai1="100,105,89,116,80,73,32,58,93,64,92,134,97" hai2="101,25,12,84,126,22,28,56,82,107,49,53,3" hai3="79,106,48,77,120,85,62,103,113,41,61,95,6"/><V59/><F3/><W5/><G106/><T21/><D104/><U99/><E32/><V26/><F126/><N who="0" m="48170" /><D76/><N who="3" m="29257" /><G120/><T44/><D0/><U18/><E116/><V55/><F107/><W63/><G113/><T43/><D31/><U36/><E36/><V131/><F131/><W54/><G41/><T35/><D35/><U38/><E38/><V27/><F101/><W66/><G66/><T15/><D65/><U123/><E134/><N who="0" m="51817" /><D70/><U42/><E64/><V96/><F96/><N who="3" m="59807" /><G85/><T90/><D90/><U24/><E89/><N who="2" m="51351" /><F12/><W13/><G13/><T4/><D4/><U117/><E105/><V83/><F83/><W87/><G87/><T86/><D86/><U19/><E80/><V29/><F29/><W11/><G11/><T47/><D43/><U23/><E42/><V102/><F102/><W8/><G8/><T88/><D88/><U115/><E100/><V9/><F9/><W16/><G16/><T34/><D34/><U33/><E33/><V37/><F37/><W52/><G54/><T39/><D39/><U30/><E19/><V135/><F135/><W109/><G6/><T57/><D57/><U130/><E18/><V14/><F14/><W60/><G5/><T40/><D40/><U1/><E30/><V81/><F81/><W51/><G52/><T46/><AGARI ba="0,0" hai="15,17,21,44,46,47,108,111" m="51817,48170" machi="46" ten="40,2700,0" yaku="18,1,20,1" doraHai="20" who="0" fromWho="0" sc="237,27,230,-7,204,-13,329,-7" /><INIT seed="3,0,0,4,5,129" ten="264,223,191,322" oya="3" hai0="67,116,58,83,61,20,9,94,110,111,3,53,117" hai1="84,119,18,107,96,82,23,100,69,31,131,118,13" hai2="30,114,74,109,5,133,12,126,6,127,2,22,92" hai3="104,65,32,60,25,112,103,45,46,26,99,52,44"/><W130/><G130/><T73/><D94/><U68/><E31/><V102/><F74/><W17/><G112/><T54/><D20/><U77/><REACH who="1" step="1"/><E131/><REACH who="1" ten="264,213,191,322" step="2"/><V21/><F114/><W0/><G32/><T29/><D29/><U108/><E108/><V98/><F109/><W34/><G34/><T97/><D110/><U37/><E37/><V43/><F133/><W49/><G0/><T35/><D3/><U10/><E10/><N who="2" m="2359" /><F43/><W134/><G134/><T85/><D9/><U41/><E41/><V88/><F30/><W33/><G33/><T11/><D35/><U113/><E113/><V16/><F6/><W7/><G7/><T93/><D11/><U106/><E106/><V19/><F19/><W50/><G17/><T64/><D111/><U24/><E24/><V48/><F22/><W42/><G46/><T72/><D116/><AGARI ba="0,1" hai="13,18,23,68,69,77,82,84,96,100,107,116,118,119" machi="116" ten="40,5200,0" yaku="1,1,12,1,53,1" doraHai="129" doraHaiUra="81" who="1" fromWho="0" sc="264,-52,213,62,191,0,322,0" owari="212,-18.8,275,7.5,191,-30.9,322,42.2" /></mjloggm>