<mjloggm ver="2.3"><GO type="225" lobby="0"/><UN n0="%43%68%65" n1="%E3%83%B4%E3%83%A0%EF%BC%99%E3%81%A6" n2="%E5%8D%A0%E3%81%84%E5%B8%AB%E8%A3%8F%E3%81%AA%E3%81%84%E3%81%97" n3="%E6%B7%91%E5%A5%B3%E3%81%AE%E5%97%9C%E3%81%BF" dan="16,16,17,16" rate="2155.54,2152.25,2166.99,2080.96" sx="M,M,M,M"/><TAIKYOKU oya="0"/><INIT seed="0,0,0,1,4,97" ten="250,250,250,250" oya="0" hai0="41,4,100,116,28,70,78,83,64,49,91,79,62" hai1="17,135,81,16,118,32,61,86,26,76,130,129,103" hai2="92,63,119,37,105,43,117,58,95,114,65,113,24" hai3="102,22,20,109,27,88,36,53,50,8,111,35,112"/><T115/><D115/><N who="2" m="44042" /><F105/><W31/><G112/><T99/><D116/><N who="2" m="44618" /><F24/><W9/><G102/><T47/><D4/><U30/><E118/><V66/><F92/><W60/><G36/><T23/><D91/><U34/><E135/><V90/><F95/><W45/><G60/><T87/><D79/><U19/><E34/><V131/><F90/><W25/><G35/><T69/><D69/><U108/><E108/><N who="3" m="41546" /><G88/><T127/><D127/><U1/><E1/><V84/><F84/><W73/><G73/><T46/><D46/><U54/><REACH who="1" step="1"/><E103/><REACH who="1" ten="250,240,250,250" step="2"/><V104/><F104/><W18/><AGARI ba="0,1" hai="8,9,18,20,22,25,27,31,45,50,53" m="41546" machi="18" ten="30,1100,0" yaku="14,1" doraHai="97" who="3" fromWho="3" sc="250,-5,240,-3,250,-3,250,21" /><INIT seed="1,0,0,5,4,9" ten="245,237,247,271" oya="1" hai0="109,56,110,15,89,37,55,6,119,44,13,10,51" hai1="4,7,20,71,123,65,75,107,0,83,3,53,129" hai2="88,27,125,134,34,68,50,48,87,47,45,19,120" hai3="5,113,73,85,79,8,30,61,130,117,58,63,35"/><U103/><E123/><V52/><F120/><W57/><G113/><T86/><D119/><U67/><E129/><V42/><F68/><W70/><G73/><T97/><D97/><U99/><E53/><V124/><F134/><W106/><G106/><T28/><D28/><U74/><E20/><V25/><F34/><W40/><G130/><T78/><D78/><U112/><E112/><V114/><F114/><W36/><G117/><T98/><D98/><U33/><E33/><V21/><REACH who="2" step="1"/><F25/><REACH who="2" ten="245,237,237,271" step="2"/><W118/><G35/><T66/><D110/><U101/><E71/><V100/><F100/><W105/><G70/><T54/><D109/><U121/><E121/><V108/><F108/><W16/><G118/><T64/><D37/><U96/><REACH who="1" step="1"/><E83/><AGARI ba="0,1" hai="19,21,27,42,45,47,48,50,52,83,87,88,124,125" machi="83" ten="40,8000,1" yaku="1,1,54,2,53,1" doraHai="9" doraHaiUra="77" who="2" fromWho="1" sc="245,0,237,-80,237,90,271,0" /><INIT seed="2,0,0,2,2,124" ten="245,157,327,271" oya="2" hai0="87,54,105,83,38,99,29,113,93,62,13,96,85" hai1="17,34,121,48,55,82,94,8,134,27,81,68,42" hai2="58,118,76,135,63,69,86,71,120,127,30,16,95" hai3="91,22,104,6,125,90,70,10,20,89,2,73,74"/><V102/><F118/><W37/><G104/><T130/><D38/><U78/><E68/><V11/><F120/><W72/><G37/><T3/><D3/><U132/><E121/><V129/><F127/><W0/><G125/><T12/><D113/><U66/><E66/><V84/><F30/><W103/><G103/><T33/><D105/><U107/><E107/><V79/><F135/><W88/><G70/><T19/><D29/><U128/><E42/><V100/><F129/><W32/><G32/><T116/><D33/><U122/><E122/><V26/><F69/><W45/><G45/><T65/><D54/><U98/><E34/><V77/><F71/><W44/><G44/><T41/><D41/><U50/><E128/><V52/><F26/><W1/><N who="3" m="22528" /><DORA hai="108" /><W7/><REACH who="3" step="1"/><G10/><REACH who="3" ten="245,157,327,261" step="2"/><T112/><D130/><U15/><E134/><V111/><F111/><W49/><G49/><T14/><D99/><U61/><E132/><V9/><F11/><W59/><G59/><T119/><D96/><U57/><E81/><V24/><F9/><W115/><G115/><T51/><D112/><U31/><E98/><N who="2" m="59487" /><F102/><W106/><G106/><T101/><D101/><U109/><E109/><V60/><F60/><W117/><G117/><T123/><D123/><U53/><E94/><V110/><F110/><W97/><G97/><T25/><D93/><U21/><REACH who="1" step="1"/><E53/><REACH who="1" ten="245,147,327,261" step="2"/><V64/><F64/><W47/><G47/><T18/><D65/><U39/><E39/><V114/><F114/><W23/><AGARI ba="0,2" hai="0,1,2,6,7,20,22,23,72,73,74" m="22528" machi="23" ten="60,32000,5" yakuman="40" doraHai="124,108" doraHaiUra="126,133" who="3" fromWho="3" sc="245,-80,147,-80,327,-160,261,340" /><INIT seed="3,0,0,4,3,95" ten="165,67,167,601" oya="3" hai0="6,60,41,4,123,12,82,25,117,26,127,118,74" hai1="10,96,91,85,21,116,43,78,134,0,39,1,75" hai2="107,9,98,44,130,30,36,72,132,112,100,2,53" hai3="115,106,47,69,128,108,110,20,27,122,50,54,103"/><W109/><G115/><T133/><D123/><U34/><E34/><V55/><F112/><W29/><G122/><T11/><D41/><U38/><E134/><V129/><F30/><W125/><G69/><T93/><D133/><U16/><E116/><V62/><F72/><W81/><G125/><T65/><D127/><U68/><E68/><V48/><F36/><W13/><G128/><T113/><D113/><U28/><E28/><V135/><F62/><W52/><G81/><T77/><D6/><U22/><E22/><V31/><F31/><W124/><G124/><T92/><D92/><U7/><E0/><V56/><F9/><W42/><REACH who="3" step="1"/><G13/><REACH who="3" ten="165,67,167,591" step="2"/><T86/><D82/><U88/><E75/><V35/><F130/><W101/><G101/><T66/><D74/><U111/><E111/><V67/><F100/><W99/><AGARI ba="0,1" hai="20,27,29,42,47,50,52,54,99,103,106,108,109,110" machi="99" ten="40,24000,3" yaku="1,1,0,1,14,1,10,1,52,1,54,1,53,3" doraHai="95" doraHaiUra="121" who="3" fromWho="3" sc="165,-80,67,-80,167,-80,591,250" owari="85,-31.5,-13,-51.3,87,-11.3,841,94.1" /></mjloggm>