<mjloggm ver="2.3"><GO type="225" lobby="0"/><UN n0="%E3%83%96%E3%83%83%E3%83%91%E3%82%AA%E3%83%96%E3%83%81%E3%82%AD%E3%83%B3" n1="%E5%B8%86%E7%AB%8B%E5%A4%8F%E8%A1%A3" n2="%E5%85%88%E7%89%A9%E3%81%AF%74%72%61%73%68" n3="%E3%81%BF%E3%81%BF%E3%81%9A" dan="16,17,17,17" rate="2152.00,2211.47,2144.94,2218.08" sx="M,M,M,M"/><TAIKYOKU oya="0"/><INIT seed="0,0,0,4,2,23" ten="250,250,250,250" oya="0" hai0="103,7,112,3,93,2,29,20,10,37,39,100,14" hai1="73,47,61,83,84,34,27,45,57,117,54,133,102" hai2="134,80,123,115,91,15,26,125,72,18,107,90,64" hai3="43,44,65,25,52,92,12,56,99,113,111,104,114"/><T9/><D112/><U70/><E117/><V98/><F115/><W0/><G0/><T40/><D40/><U128/><E73/><V78/><F123/><W132/><G104/><T121/><D121/><U135/><E102/><V130/><F134/><N who="1" m="51209" /><E70/><V116/><F130/><W97/><G132/><T94/><D20/><U51/><E128/><V129/><F125/><W33/><G111/><T120/><D120/><U58/><E34/><V77/><F77/><W19/><G65/><T53/><D29/><U35/><E35/><V96/><F64/><W5/><G5/><T6/><REACH who="0" step="1"/><D53/><REACH who="0" ten="240,250,250,250" step="2"/><N who="1" m="31935" /><E27/><V8/><F26/><W118/><G33/><T81/><D81/><U126/><E126/><V101/><F129/><W62/><G118/><T87/><D87/><U46/><E46/><V95/><F116/><W109/><G109/><T127/><D127/><U1/><E1/><V30/><F30/><W75/><G75/><T4/><D4/><U106/><E47/><V60/><F72/><W86/><G25/><T59/><D59/><U108/><E45/><V74/><F74/><W71/><G71/><T55/><D55/><U36/><E108/><V63/><F80/><W131/><G131/><T21/><D21/><U85/><E83/><V28/><F28/><W31/><G31/><T16/><D16/><U13/><E85/><V42/><F42/><W50/><G114/><T76/><D76/><U89/><E84/><N who="2" m="52679" /><F78/><W68/><G113/><T110/><D110/><U69/><E69/><V32/><F32/><W11/><G68/><T122/><D122/><U124/><E124/><V119/><F119/><RYUUKYOKU ba="0,1" sc="240,10,250,-30,250,10,250,10" hai0="2,3,6,7,9,10,14,37,39,93,94,100,103" hai2="8,15,18,60,63,91,96,98,101,107" hai3="11,12,19,43,44,50,52,56,62,86,92,97,99" /><INIT seed="0,1,1,3,3,62" ten="250,220,260,260" oya="0" hai0="31,106,47,1,26,82,80,44,107,23,21,38,12" hai1="17,61,6,71,131,0,22,49,7,24,110,34,100" hai2="95,29,76,125,11,74,18,60,105,40,70,8,91" hai3="116,98,37,83,35,94,81,52,30,112,113,126,19"/><T51/><D1/><U75/><E75/><V102/><F125/><W68/><G116/><T4/><D38/><U129/><E100/><V53/><F40/><W133/><G37/><T25/><D12/><N who="1" m="9511" /><E49/><V89/><F89/><W92/><G68/><T27/><D27/><U41/><E41/><V66/><F29/><W32/><G30/><T57/><D4/><N who="1" m="1579" /><E61/><V79/><F18/><W111/><G19/><N who="0" m="12479" /><D107/><U87/><E87/><N who="2" m="52735" /><F53/><W101/><G126/><T9/><D106/><U86/><E86/><V28/><F28/><W130/><G32/><T135/><D9/><U67/><E0/><V54/><F54/><W55/><G55/><N who="0" m="31999" /><D135/><U10/><E10/><V85/><F8/><W58/><G133/><T117/><D117/><U93/><E34/><V15/><F74/><W127/><G35/><T97/><D97/><U128/><E24/><V123/><F85/><W134/><G98/><T118/><D118/><U20/><E20/><V90/><F105/><W59/><G127/><T119/><D119/><U73/><E73/><V121/><F11/><W108/><G52/><T69/><D69/><U3/><E3/><V77/><F70/><W132/><G101/><T72/><D72/><U5/><E5/><V64/><F102/><W103/><G103/><T114/><D114/><U109/><E93/><V96/><F96/><W48/><G48/><T78/><D78/><U84/><E84/><V42/><F77/><W124/><G124/><T99/><D99/><U14/><E14/><V120/><F76/><W122/><G122/><T56/><D56/><U50/><E50/><V45/><F121/><RYUUKYOKU ba="1,1" sc="250,10,220,10,260,-30,260,10" hai0="23,26,31,44,47,80,82" hai1="67,71,109,110,128,129,131" hai3="58,59,81,83,92,94,108,111,112,113,130,132,134" /><INIT seed="0,2,1,4,1,4" ten="260,230,230,270" oya="0" hai0="79,124,107,47,94,43,64,39,106,52,110,80,112" hai1="32,132,10,100,35,60,109,71,56,54,13,69,20" hai2="25,116,48,49,19,123,67,1,65,89,14,6,98" hai3="128,119,86,133,57,50,26,15,125,74,91,121,22"/><T78/><D112/><U17/><E109/><V68/><F123/><W23/><G74/><T46/><D124/><U81/><E132/><V11/><F116/><W90/><G119/><T92/><D110/><U34/><E100/><V88/><F68/><W131/><G125/><T9/><D64/><N who="2" m="24650" /><F1/><W38/><G38/><T126/><D126/><U105/><E105/><V3/><F3/><W114/><G114/><T59/><D46/><U41/><E41/><V29/><F29/><W103/><G103/><T30/><D30/><U101/><E101/><V102/><F102/><W130/><G133/><T62/><D78/><U58/><E81/><V120/><F120/><W61/><G121/><T96/><D9/><U108/><E108/><V83/><F98/><W18/><G50/><N who="2" m="19561" /><F83/><W129/><N who="3" m="32768" /><DORA hai="40" /><W21/><G86/><T55/><D55/><U134/><E58/><V104/><F104/><W8/><G26/><T28/><D28/><U111/><E111/><V45/><F45/><W113/><G113/><T118/><D118/><U95/><E134/><V31/><F31/><W127/><G127/><T117/><D117/><U85/><E85/><V66/><N who="2" m="24658" /><AGARI ba="2,1" hai="8,15,18,21,22,23,57,61,66,90,91" m="32768" machi="66" ten="70,8000,1" yaku="3,1,19,1,52,1" doraHai="4,40" who="3" fromWho="2" sc="260,0,230,0,230,-86,270,96" /><INIT seed="1,0,0,4,2,35" ten="260,230,144,366" oya="1" hai0="129,110,107,101,124,16,23,120,22,113,68,45,29" hai1="111,13,98,0,66,79,72,81,51,83,60,99,108" hai2="74,90,36,19,125,73,91,70,58,27,63,46,92" hai3="25,78,80,100,130,14,53,75,1,115,9,106,61"/><U55/><E0/><V6/><F70/><W54/><G115/><T118/><D113/><U104/><E83/><V95/><F125/><W20/><G130/><T76/><D118/><U114/><E114/><V42/><F6/><W44/><G1/><T86/><D124/><U131/><E131/><V93/><F90/><W7/><G44/><T49/><D129/><U47/><E13/><V62/><F62/><W96/><REACH who="3" step="1"/><G61/><REACH who="3" ten="260,230,144,356" step="2"/><T10/><D45/><U121/><E121/><V32/><F32/><W87/><G87/><T128/><D86/><U103/><REACH who="1" step="1"/><E99/><REACH who="1" ten="260,220,144,356" step="2"/><V50/><F74/><W12/><G12/><T84/><D120/><U119/><E119/><V52/><F73/><W126/><G126/><T82/><D128/><U41/><E41/><V65/><F42/><W122/><G122/><T59/><D84/><U123/><E123/><V109/><F36/><W56/><G56/><AGARI ba="0,2" hai="47,51,55,56,60,66,72,79,81,98,103,104,108,111" machi="56" ten="40,2000,0" yaku="1,1,53,0" doraHai="35" doraHaiUra="8" who="1" fromWho="3" sc="260,0,220,40,144,0,356,-20" /><INIT seed="1,1,0,5,1,119" ten="260,260,144,336" oya="1" hai0="79,94,31,67,32,108,122,37,90,45,80,75,102" hai1="87,73,11,49,83,24,48,64,116,65,15,113,112" hai2="36,107,4,85,89,59,39,118,123,97,22,41,13" hai3="81,130,58,52,46,84,98,50,93,23,29,91,16"/><U133/><E73/><V109/><F118/><W117/><G130/><T8/><D108/><U78/><E116/><V30/><F109/><W127/><G127/><T128/><D128/><U86/><E133/><V20/><F59/><W62/><G117/><T10/><D67/><N who="1" m="25675" /><E113/><V27/><F123/><W53/><G29/><T18/><D102/><U55/><E112/><V88/><F41/><W76/><G53/><T103/><D103/><U17/><E87/><V47/><F47/><W126/><G126/><T54/><D18/><U92/><E92/><V26/><F107/><W135/><G135/><T3/><D3/><U100/><E100/><V74/><F97/><W43/><G76/><T2/><D2/><U57/><E24/><V56/><F56/><W124/><G124/><T131/><D131/><U33/><E33/><V38/><F74/><W5/><G5/><T21/><D32/><U95/><E95/><V0/><F0/><W40/><G40/><T35/><D35/><U121/><E121/><V110/><F110/><W125/><G125/><T77/><D77/><U28/><E28/><V1/><F1/><W68/><G68/><T6/><D6/><U115/><E115/><V9/><REACH who="2" step="1"/><F85/><REACH who="2" ten="260,260,134,336" step="2"/><W12/><G98/><N who="0" m="57687" /><D122/><U120/><E120/><V105/><F105/><W99/><G99/><T134/><D134/><U66/><E66/><V132/><F132/><W70/><G70/><T72/><D72/><U63/><AGARI ba="1,1" hai="11,15,17,48,49,55,57,63,78,83,86" m="25675" machi="63" ten="30,1500,0" yaku="8,1" doraHai="119" who="1" fromWho="1" sc="260,-6,260,28,134,-6,336,-6" /><INIT seed="1,2,0,2,2,35" ten="254,288,128,330" oya="1" hai0="116,122,55,56,40,19,95,30,9,8,124,64,31" hai1="126,14,110,48,75,76,6,42,28,101,84,34,36" hai2="67,25,133,88,20,99,59,44,73,33,131,3,127" hai3="96,104,125,111,61,94,128,100,54,71,121,70,57"/><U10/><E126/><V4/><F73/><W65/><G121/><T74/><D116/><U15/><E36/><V97/><F133/><W77/><G125/><T80/><D124/><U102/><E75/><V103/><F131/><W22/><G128/><T7/><D122/><U17/><E28/><N who="0" m="10793" /><D74/><U114/><E34/><V5/><F127/><W72/><G111/><T82/><D40/><U79/><E114/><V98/><F33/><W118/><G118/><T51/><D7/><N who="2" m="2634" /><F3/><W13/><G104/><T120/><D120/><U105/><E110/><V91/><F44/><W68/><G77/><T81/><D19/><U32/><E32/><V0/><F0/><W113/><G72/><T132/><D132/><U23/><E105/><V29/><F103/><N who="1" m="39433" /><E84/><V38/><F38/><W27/><G13/><T26/><D26/><U11/><E11/><N who="0" m="4169" /><D64/><U66/><E66/><V93/><F93/><AGARI ba="2,0" hai="51,55,56,80,81,82,93,95" m="4169,10793" machi="93" ten="30,1000,0" yaku="8,1" doraHai="35" who="0" fromWho="2" sc="254,16,288,0,128,-16,330,0" /><INIT seed="2,0,0,5,5,79" ten="270,288,112,330" oya="2" hai0="36,26,17,46,16,33,74,86,70,52,98,35,45" hai1="37,24,63,68,90,51,65,41,61,8,34,18,95" hai2="101,50,75,125,12,7,30,81,4,103,113,21,134" hai3="84,10,5,96,58,55,44,104,14,102,19,3,93"/><V11/><F113/><W2/><G44/><T40/><D74/><U92/><E37/><V42/><F134/><W133/><G133/><T88/><D70/><U118/><E118/><V22/><F125/><W6/><G2/><T27/><D98/><U47/><E63/><V131/><F131/><W116/><G116/><T69/><D69/><U0/><E95/><V28/><F4/><W23/><G3/><T122/><D122/><U29/><E0/><V97/><F22/><W67/><G67/><T128/><D128/><U62/><E62/><V48/><F103/><W1/><G1/><T87/><D36/><U9/><E18/><V89/><F42/><W132/><G132/><T73/><D73/><U127/><E127/><V117/><F117/><W54/><G54/><T135/><D135/><U130/><E130/><V56/><F56/><W114/><G114/><T108/><D52/><U123/><E123/><V111/><F111/><W43/><G43/><T49/><D40/><U31/><E31/><N who="2" m="11819" /><F21/><W39/><G39/><T106/><D106/><U115/><E115/><V124/><F124/><W119/><G119/><T100/><D100/><U25/><E25/><V20/><F20/><W13/><G5/><T53/><D53/><U57/><E68/><V120/><F120/><W77/><G104/><T15/><D108/><U107/><E107/><N who="2" m="63919" /><F75/><W64/><G64/><T85/><D15/><U66/><E66/><V121/><F121/><W105/><G105/><T82/><D33/><U72/><E72/><V109/><F109/><W59/><G55/><T94/><D35/><U129/><E129/><RYUUKYOKU ba="0,0" sc="270,-30,288,10,112,10,330,10" hai1="8,9,24,29,34,41,47,51,57,61,65,90,92" hai2="7,11,12,48,50,81,89" hai3="6,10,13,14,19,23,58,59,77,84,93,96,102" /><INIT seed="2,1,0,5,5,90" ten="240,298,122,340" oya="2" hai0="79,69,23,31,55,122,65,124,68,4,8,107,13" hai1="84,35,57,120,33,45,29,43,12,109,102,72,34" hai2="17,38,87,111,7,80,92,14,66,26,24,11,16" hai3="123,40,131,110,91,106,54,97,127,49,96,37,135"/><V46/><F111/><W5/><G123/><T112/><D122/><U113/><E72/><V103/><F66/><W125/><G110/><T134/><D112/><U119/><E120/><V101/><F38/><W116/><G116/><T56/><D124/><N who="3" m="47689" /><G135/><T0/><D134/><U132/><E113/><V89/><F46/><N who="3" m="23823" /><G106/><T39/><D107/><U32/><E119/><V2/><F80/><W85/><G5/><T10/><D39/><U58/><E109/><V71/><F71/><W15/><G15/><T28/><D79/><U30/><E132/><V105/><F105/><W78/><G131/><T48/><D23/><U22/><E102/><N who="2" m="38923" /><F2/><W61/><G61/><T50/><D50/><U3/><E3/><V42/><F42/><W27/><G27/><AGARI ba="1,0" hai="7,11,14,16,17,24,26,27,87,89,92" m="38923" machi="27" ten="30,5800,0" yaku="8,1,52,1,54,1" doraHai="90" who="2" fromWho="3" sc="240,0,298,0,122,61,340,-61" /><INIT seed="2,2,0,1,1,5" ten="240,298,183,279" oya="2" hai0="35,75,9,84,119,4,118,14,72,38,120,114,108" hai1="128,74,30,64,1,61,106,80,122,21,29,130,51" hai2="57,67,17,86,63,7,12,121,59,32,16,65,110" hai3="133,79,101,62,15,18,43,96,99,37,113,134,2"/><V94/><F121/><W116/><G2/><T73/><D120/><U87/><E74/><V58/><F32/><W45/><G116/><N who="0" m="44587" /><D114/><U132/><E106/><V68/><F110/><W70/><G113/><T33/><D108/><U129/><E122/><V34/><F34/><N who="0" m="12810" /><D84/><U98/><E132/><N who="3" m="50794" /><G79/><T36/><AGARI ba="2,0" hai="4,9,14,36,38,72,73,75" m="12810,44587" machi="36" ten="40,2700,0" yaku="12,1,52,1" doraHai="5" who="0" fromWho="0" sc="240,33,298,-9,183,-15,279,-9" /><INIT seed="3,0,0,1,2,6" ten="273,289,168,270" oya="3" hai0="114,66,85,37,104,132,131,33,127,26,128,126,78" hai1="96,87,81,61,109,84,101,76,15,118,5,129,24" hai2="31,102,54,75,122,79,110,93,14,18,28,34,27" hai3="134,60,123,25,43,94,125,48,73,7,4,100,95"/><W19/><G123/><T41/><D114/><U29/><E109/><V40/><F110/><W53/><G73/><T58/><D104/><U80/><E129/><N who="0" m="49737" /><D37/><U92/><E118/><V17/><F122/><W16/><G125/><N who="0" m="47627" /><D41/><U2/><E2/><V135/><F135/><W56/><G134/><T90/><D132/><U106/><E106/><V71/><F71/><W107/><G107/><T35/><D78/><U99/><E99/><V45/><F54/><W77/><G77/><T49/><D26/><U12/><E5/><N who="3" m="2122" /><G25/><T69/><D69/><U36/><E36/><V98/><F31/><W88/><G100/><T120/><D120/><U117/><E117/><V113/><F113/><W13/><G13/><T1/><D1/><U32/><REACH who="1" step="1"/><E61/><REACH who="1" ten="273,279,168,270" step="2"/><V68/><F68/><W86/><G95/><N who="0" m="54735" /><D49/><U38/><E38/><V65/><F65/><N who="3" m="39047" /><G43/><T130/><D130/><U8/><E8/><V57/><F14/><W63/><G63/><AGARI ba="0,1" hai="33,35,58,63,66" m="54735,47627,49737" machi="63" ten="30,2000,0" yaku="19,1,18,1" doraHai="6" who="0" fromWho="3" sc="273,30,279,0,168,0,270,-20" owari="303,40.3,279,7.9,168,-33.2,250,-15.0" /></mjloggm>