<mjloggm ver="2.3"><GO type="225" lobby="0"/><UN n0="%E3%81%AF%E3%82%88%E3%81%8A%E3%81%98%E3%81%95%E3%82%93" n1="%E4%B8%8B%E6%AE%B5%E3%83%81%E3%82%A7%E3%83%AA%E3%83%BC" n2="%E3%81%99%E3%81%84%E3%81%BE%E3%81%9B%E3%83%BC%E3%82%93" n3="%E3%81%BF%E3%81%BF%E3%81%9A" dan="17,16,18,17" rate="2135.34,2160.14,2233.45,2214.01" sx="M,M,M,M"/><TAIKYOKU oya="0"/><INIT seed="0,0,0,2,3,52" ten="250,250,250,250" oya="0" hai0="85,113,124,42,70,127,107,114,125,31,116,71,112" hai1="1,20,106,57,134,68,83,77,95,11,96,49,88" hai2="13,98,104,28,51,103,18,41,92,86,72,63,74" hai3="16,12,122,39,32,60,123,2,23,59,37,53,27"/><T110/><D107/><U6/><E68/><V34/><F34/><W25/><G2/><T43/><D85/><U118/><E118/><V35/><F35/><W121/><REACH who="3" step="1"/><G32/><REACH who="3" ten="250,250,250,240" step="2"/><T45/><D116/><U14/><E134/><V117/><F117/><W36/><AGARI ba="0,1" hai="12,16,23,25,27,36,37,39,53,59,60,121,122,123" machi="36" ten="40,16000,3" yaku="1,1,2,1,0,1,13,1,52,1,54,1,53,2" doraHai="52" doraHaiUra="21" who="3" fromWho="3" sc="250,-80,250,-40,250,-40,240,170" /><INIT seed="1,0,0,3,1,65" ten="170,210,210,410" oya="1" hai0="28,1,95,85,115,68,129,109,53,94,102,16,63" hai1="98,74,71,107,33,58,110,112,132,122,60,97,76" hai2="99,127,47,30,135,6,106,88,8,86,9,78,134" hai3="4,20,3,69,13,51,24,100,26,89,83,22,72"/><U37/><RYUUKYOKU type="yao9" ba="0,0" sc="170,0,210,0,210,0,410,0" hai1="33,37,58,60,71,74,76,97,98,107,110,112,122,132" /><INIT seed="1,1,0,2,5,98" ten="170,210,210,410" oya="1" hai0="69,3,30,46,124,127,1,78,96,123,119,34,130" hai1="5,104,8,40,134,10,101,0,70,61,19,20,83" hai2="79,86,85,47,106,133,21,45,87,111,9,39,99" hai3="43,95,82,91,64,72,84,6,103,110,135,108,109"/><U31/><E134/><V121/><F121/><W89/><G6/><T15/><D69/><U23/><E40/><V26/><F133/><W37/><G135/><T107/><D78/><U125/><E125/><N who="0" m="48201" /><D46/><U29/><E83/><V33/><F33/><W97/><G64/><T90/><D90/><U65/><E10/><V80/><F111/><W60/><G60/><T16/><D119/><U128/><E128/><V13/><F106/><W42/><G37/><T54/><D54/><U2/><E2/><V41/><F99/><N who="3" m="59903" /><G72/><T68/><D68/><U62/><E62/><V75/><F47/><W117/><G117/><T76/><D76/><U94/><E104/><V56/><F56/><W67/><G67/><T113/><D113/><U116/><E116/><V12/><REACH who="2" step="1"/><F9/><REACH who="2" ten="170,210,200,410" step="2"/><W132/><G132/><T38/><D123/><U118/><E118/><V88/><F88/><W81/><G97/><T50/><D130/><U92/><E23/><V102/><F102/><W32/><G32/><T115/><D115/><U105/><E105/><V25/><F25/><W52/><G89/><T27/><D38/><U63/><E101/><V73/><F73/><W35/><G35/><T55/><D96/><U112/><E112/><V7/><F7/><W100/><G100/><T17/><D107/><U28/><REACH who="1" step="1"/><E63/><REACH who="1" ten="170,200,200,410" step="2"/><V18/><AGARI ba="1,2" hai="12,13,18,21,26,39,41,45,75,79,80,85,86,87" machi="18" ten="30,2000,0" yaku="1,1,0,1,53,0" doraHai="98" doraHaiUra="114" who="2" fromWho="2" sc="170,-6,200,-11,200,43,410,-6" /><INIT seed="2,0,0,0,1,84" ten="164,189,243,404" oya="2" hai0="85,105,41,87,70,38,37,90,82,11,78,72,59" hai1="17,97,31,32,110,47,13,53,56,22,66,103,86" hai2="35,7,58,25,112,43,116,64,54,1,114,4,132" hai3="65,89,107,55,45,126,83,111,125,6,52,104,63"/><V36/><F116/><W57/><G111/><T21/><D70/><U94/><E110/><V12/><F132/><W46/><G6/><T51/><D105/><N who="3" m="40521" /><G89/><T24/><D72/><U19/><E32/><V80/><F1/><W101/><G101/><T39/><D11/><U74/><E74/><V44/><F64/><W34/><G83/><T135/><D135/><U115/><E115/><V3/><F3/><W5/><G34/><T123/><D123/><U117/><E117/><V92/><F80/><W88/><G88/><T99/><D99/><U95/><E66/><V118/><F118/><W42/><G5/><T113/><D113/><U119/><E119/><V15/><F7/><W122/><G122/><T68/><D68/><U26/><E47/><N who="3" m="17930" /><G42/><T102/><D102/><U96/><E86/><V73/><F73/><W23/><G23/><T28/><D41/><U61/><E13/><V134/><F134/><W120/><G120/><T69/><D69/><U76/><E76/><V71/><F71/><W81/><G81/><T40/><D40/><U33/><E33/><V0/><F15/><W16/><G16/><T127/><D127/><AGARI ba="0,0" hai="52,55,57,63,65,125,126,127" m="17930,40521" machi="127" ten="30,2000,0" yaku="18,1,54,1" doraHai="84" who="3" fromWho="0" sc="164,-20,189,0,243,0,404,20" /><INIT seed="3,0,0,3,4,117" ten="144,189,243,424" oya="3" hai0="24,128,132,72,131,45,93,48,104,20,120,62,81" hai1="118,47,79,41,52,26,107,15,108,122,17,64,76" hai2="95,33,49,126,32,73,56,98,16,113,46,13,1" hai3="59,6,86,67,25,60,63,35,103,58,38,55,31"/><W121/><G121/><T130/><D104/><U7/><E122/><V5/><F73/><W4/><G38/><T83/><D132/><U0/><E107/><V134/><F113/><W105/><G86/><T29/><D120/><U106/><E106/><V42/><F126/><W43/><G43/><T30/><D30/><U127/><E127/><V115/><F115/><W69/><G58/><T114/><D114/><U18/><E64/><V99/><F99/><AGARI ba="0,0" hai="4,6,25,31,35,55,59,60,63,67,69,99,103,105" machi="99" ten="40,3900,0" yaku="25,2" doraHai="117" who="3" fromWho="2" sc="144,0,189,0,243,-39,424,39" owari="144,-35.6,189,-21.1,204,0.4,463,56.3" /></mjloggm>