<mjloggm ver="2.3"><GO type="225" lobby="0"/><UN n0="%E3%83%A9%E3%82%B9%E7%8E%87%EF%BC%93%E5%89%B2" n1="%E4%BC%8A%E9%81%94%E6%9C%B1%E9%87%8C%E7%B4%97" n2="%E3%81%8B%E3%82%8F%E3%81%A1%E3%82%83%E3%82%93%35%38" n3="%E6%9C%88%E5%B3%B6%E5%9F%BA" dan="16,16,16,16" rate="2130.47,2130.75,2145.61,2074.40" sx="F,F,M,M"/><TAIKYOKU oya="0"/><INIT seed="0,0,0,5,0,89" ten="250,250,250,250" oya="0" hai0="100,59,15,71,30,4,24,123,58,104,22,5,109" hai1="108,81,31,85,103,51,99,78,12,34,50,20,37" hai2="35,93,122,61,9,36,115,38,27,105,84,44,128" hai3="112,91,56,133,94,68,41,110,113,42,82,83,1"/><T43/><D123/><U2/><E108/><V21/><F122/><W49/><G68/><T40/><D71/><U52/><E2/><V72/><F105/><W70/><G70/><T57/><D109/><U102/><E37/><V29/><F72/><W96/><G1/><T88/><D104/><U77/><E34/><V126/><F115/><W53/><G110/><T116/><D100/><U135/><E135/><V101/><F126/><W125/><G133/><T19/><D116/><U75/><E50/><V92/><F128/><W0/><G0/><T47/><D88/><U69/><E69/><V114/><F114/><W23/><G125/><T76/><D76/><U87/><E77/><V65/><F35/><W131/><G131/><T79/><D79/><U45/><E103/><V118/><F118/><W48/><G112/><T97/><D97/><U111/><E111/><V54/><F9/><W13/><G113/><T124/><D124/><U80/><E80/><N who="3" m="30762" /><G49/><N who="0" m="26855" /><D43/><U132/><E132/><V129/><F129/><W7/><G7/><T98/><D98/><U28/><E75/><V3/><F3/><W134/><G134/><T10/><AGARI ba="0,0" hai="4,5,10,15,19,22,24,30,57,58,59" m="26855" machi="10" ten="30,1500,0" yaku="8,1" doraHai="89" who="0" fromWho="0" sc="250,15,250,-5,250,-5,250,-5" /><INIT seed="0,1,0,5,3,39" ten="265,245,245,245" oya="0" hai0="111,36,68,85,15,103,63,45,78,129,134,10,119" hai1="120,1,96,66,83,117,17,77,98,118,99,25,61" hai2="2,14,73,23,105,8,88,38,33,35,76,7,6" hai3="75,49,125,123,42,32,114,52,72,94,86,18,43"/><T19/><D119/><U91/><E1/><V69/><F69/><W135/><G114/><T122/><D122/><U34/><E120/><V30/><F105/><W24/><G123/><T79/><D129/><U132/><E132/><V37/><F76/><W0/><G0/><T22/><D134/><U57/><E91/><V28/><F73/><W53/><G135/><T97/><D111/><U90/><E90/><V3/><F88/><N who="3" m="53527" /><G75/><T113/><D85/><U93/><E93/><V102/><F102/><W41/><G32/><N who="2" m="12361" /><F38/><W115/><G72/><T48/><D36/><U4/><E4/><N who="2" m="1579" /><F37/><W81/><G125/><T5/><D113/><U54/><E66/><V13/><F8/><W74/><G74/><T106/><D63/><U20/><REACH who="1" step="1"/><E34/><REACH who="1" ten="265,235,245,245" step="2"/><V84/><F2/><W16/><G115/><T131/><D131/><U56/><E56/><V80/><F3/><W110/><G110/><T100/><D68/><U109/><E109/><V108/><F108/><W126/><G126/><T71/><D71/><U112/><E112/><V92/><F92/><W133/><G133/><T11/><D103/><U87/><AGARI ba="1,1" hai="17,20,25,54,57,61,77,83,87,96,98,99,117,118" machi="87" ten="30,2000,0" yaku="1,1,0,1,53,0" doraHai="39" doraHaiUra="121" who="1" fromWho="1" sc="265,-11,235,33,245,-6,245,-6" /><INIT seed="1,0,0,1,2,131" ten="254,268,239,239" oya="1" hai0="106,14,102,72,36,134,44,41,42,59,112,68,135" hai1="127,30,92,94,73,7,49,3,0,65,75,61,76" hai2="114,100,34,25,2,57,13,27,118,83,95,82,8" hai3="64,115,86,111,18,116,98,120,1,104,113,99,46"/><U89/><E127/><V11/><F118/><W4/><G120/><T38/><D68/><U70/><E30/><V93/><F2/><W35/><G116/><T45/><D72/><U21/><E21/><V90/><F114/><W130/><G35/><T77/><D77/><U63/><E49/><V55/><F34/><W37/><G64/><T47/><D112/><U56/><E7/><V28/><F100/><W69/><G130/><T110/><D110/><U97/><E94/><N who="2" m="35851" /><F90/><W126/><G18/><T19/><D59/><U9/><E9/><N who="2" m="3659" /><F13/><W96/><G69/><T129/><D129/><U53/><REACH who="1" step="1"/><E73/><REACH who="1" ten="254,258,239,239" step="2"/><V133/><F28/><W105/><G126/><T20/><D45/><U107/><E107/><V125/><F125/><W84/><G46/><T109/><D109/><U39/><E39/><V80/><F133/><W85/><G37/><T32/><D32/><U91/><E91/><V78/><F78/><W79/><G111/><T6/><D6/><U117/><E117/><V62/><AGARI ba="0,1" hai="25,27,55,57,62,80,82,83" m="3659,35851" machi="62" ten="30,1100,0" yaku="8,1" doraHai="131" who="2" fromWho="2" sc="254,-3,258,-5,239,21,239,-3" /><INIT seed="2,0,0,1,4,10" ten="251,253,260,236" oya="2" hai0="107,49,33,44,40,109,111,103,80,122,90,39,86" hai1="82,105,16,101,29,14,96,95,121,51,57,63,134" hai2="68,21,60,1,71,23,89,62,115,94,97,125,135" hai3="124,108,32,116,37,93,98,114,20,46,100,13,79"/><V126/><F115/><W38/><G116/><T127/><D33/><U54/><E134/><V47/><F1/><W72/><G114/><T92/><D122/><U48/><E121/><V34/><F34/><W117/><G117/><T25/><D127/><N who="2" m="48650" /><F135/><W45/><G32/><T112/><D112/><U52/><E29/><V53/><F47/><W73/><G124/><T28/><D39/><U42/><E82/><V66/><F53/><W22/><G108/><T99/><REACH who="0" step="1"/><D80/><REACH who="0" ten="241,253,260,236" step="2"/><U77/><E105/><V87/><F97/><W50/><G38/><T118/><D118/><U4/><E77/><V59/><F68/><W41/><G79/><T88/><D88/><U75/><E75/><V56/><F71/><W35/><G35/><T9/><D9/><N who="1" m="6223" /><E4/><V104/><F104/><W61/><G73/><T3/><D3/><U55/><E48/><V31/><F89/><W12/><G72/><T27/><D27/><U15/><E15/><N who="3" m="5706" /><G37/><T110/><D110/><U69/><E69/><V113/><F113/><W106/><G106/><T5/><D5/><U83/><E83/><V18/><F87/><W70/><G70/><T131/><D131/><U74/><E74/><V76/><F76/><W133/><G133/><T36/><D36/><U102/><E102/><V81/><F81/><W19/><G100/><T78/><D78/><U65/><E51/><V0/><BYE who="0" /><F0/><W26/><G50/><T30/><D30/><U58/><E42/><V91/><F91/><N who="3" m="55615" /><G41/><T129/><D129/><U6/><E6/><V8/><F94/><UN n0="%E3%83%A9%E3%82%B9%E7%8E%87%EF%BC%93%E5%89%B2" /><W84/><G84/><T64/><D64/><U123/><E123/><RYUUKYOKU ba="0,1" sc="241,15,253,15,260,-15,236,-15" hai0="25,28,40,44,49,86,90,92,99,103,107,109,111" hai1="52,54,55,57,58,63,65,95,96,101" /><INIT seed="3,1,1,4,0,93" ten="256,268,245,221" oya="3" hai0="78,8,110,59,40,134,111,95,46,41,74,128,70" hai1="104,127,82,135,57,72,49,56,116,65,33,58,102" hai2="98,106,113,39,10,91,100,18,11,51,45,133,79" hai3="31,123,35,108,71,132,99,112,13,86,1,61,24"/><W21/><G112/><T28/><D70/><U23/><E33/><V129/><F113/><W55/><G123/><T64/><D128/><U92/><E104/><V62/><F39/><W85/><G1/><T73/><D134/><U50/><E135/><V103/><F133/><W83/><G132/><T42/><D28/><U76/><E116/><V37/><F37/><W43/><G43/><T121/><D121/><U30/><E127/><V2/><F129/><W125/><G125/><T25/><D25/><U101/><E65/><V77/><F2/><W3/><G3/><T5/><D95/><U17/><E30/><V27/><F62/><W84/><G108/><N who="0" m="41515" /><D78/><N who="2" m="29706" /><F106/><W53/><G83/><T52/><D46/><U97/><REACH who="1" step="1"/><E102/><REACH who="1" ten="256,258,245,221" step="2"/><V15/><F103/><W105/><G105/><T47/><D64/><U38/><E38/><V75/><F100/><W69/><G99/><T118/><D118/><U67/><E67/><V14/><F98/><W89/><G89/><T120/><D120/><U6/><E6/><V4/><F91/><W126/><G126/><T19/><D5/><U22/><E22/><N who="2" m="13783" /><F75/><W36/><G36/><N who="0" m="21895" /><D74/><U16/><E16/><V63/><F4/><W119/><G119/><T32/><D73/><U7/><E7/><V26/><F10/><W114/><G114/><T87/><D32/><U94/><E94/><V12/><F11/><W115/><G115/><T60/><D87/><U109/><E109/><V9/><F9/><W80/><G35/><T107/><D107/><U117/><E117/><V20/><F20/><W44/><G21/><T122/><D122/><U48/><E48/><RYUUKYOKU ba="1,2" sc="256,15,258,15,245,-15,221,-15" hai0="8,19,41,42,52,59,60" hai1="17,23,49,50,56,57,58,72,76,82,92,97,101" /><INIT seed="4,2,2,4,0,116" ten="271,273,230,206" oya="0" hai0="63,128,69,73,57,11,134,21,28,127,17,55,103" hai1="92,14,12,24,99,98,37,115,62,131,43,120,0" hai2="70,19,113,53,66,30,83,1,42,52,26,110,74" hai3="32,118,31,3,82,96,15,93,124,90,47,44,132"/><T95/><D73/><U59/><E120/><V85/><F113/><W50/><G118/><T51/><D128/><U54/><E0/><V9/><F110/><W75/><G3/><T18/><D134/><U77/><E131/><V45/><F70/><W5/><G132/><T39/><D39/><U49/><E115/><V22/><F66/><W46/><G124/><T25/><D127/><U29/><E37/><V101/><F101/><W123/><G123/><T122/><D122/><U65/><E77/><V16/><F74/><W10/><G75/><T78/><D78/><U36/><E43/><V97/><F97/><W135/><G135/><T56/><D11/><U7/><E7/><V88/><F1/><W107/><G107/><T41/><D69/><U126/><E36/><V84/><F84/><N who="3" m="50455" /><G31/><T79/><D79/><U61/><E61/><V111/><F111/><W102/><G32/><T34/><D34/><U76/><E76/><V104/><F104/><W114/><G114/><T4/><D4/><U71/><E99/><V100/><F100/><W2/><G2/><T8/><D8/><U121/><E121/><V109/><F109/><W23/><G23/><T80/><D80/><U105/><E105/><V130/><F130/><W106/><G106/><T48/><D48/><AGARI ba="2,2" hai="5,10,15,44,46,47,48,50,93,96,102" m="50455" machi="48" ten="30,1000,0" yaku="8,1" doraHai="116" who="3" fromWho="0" sc="271,-16,273,0,230,0,206,36" /><INIT seed="5,0,0,2,2,16" ten="255,273,230,242" oya="1" hai0="89,117,12,55,98,5,132,125,51,115,106,103,34" hai1="96,108,102,104,37,15,22,133,67,2,6,122,36" hai2="32,82,24,48,25,114,121,31,77,73,85,107,86" hai3="80,47,110,91,57,81,95,46,21,128,58,68,44"/><U99/><E122/><V52/><F121/><W60/><G110/><T59/><D117/><U120/><E120/><V35/><F107/><W53/><G128/><T4/><D34/><U101/><E108/><V65/><F65/><W75/><G68/><T61/><D115/><U126/><E126/><V97/><F114/><W71/><G71/><T123/><D125/><U127/><E127/><V3/><F3/><W63/><G75/><T56/><D132/><U45/><E67/><V49/><F97/><N who="3" m="57599" /><G21/><T129/><D129/><U76/><E76/><V113/><F113/><W72/><G72/><T130/><D130/><U100/><E133/><V118/><F118/><W13/><G13/><T10/><D89/><U74/><E74/><V88/><F73/><W119/><G119/><T50/><D123/><U39/><E104/><V87/><F48/><W105/><G105/><T33/><D33/><U135/><E135/><V109/><F109/><W0/><G0/><T64/><REACH who="0" step="1"/><D51/><REACH who="0" ten="245,273,230,242" step="2"/><U124/><E124/><V18/><F77/><W62/><G62/><T8/><D8/><U11/><E36/><V41/><F32/><W23/><G23/><T54/><D54/><AGARI ba="0,1" hai="44,46,47,53,54,57,58,60,63,80,81" m="57599" machi="54" ten="30,1000,0" yaku="8,1" doraHai="16" who="3" fromWho="0" sc="245,-10,273,0,230,0,242,20" /><INIT seed="6,0,0,5,2,131" ten="235,273,230,262" oya="2" hai0="38,119,70,97,118,43,92,101,80,32,4,122,33" hai1="58,116,57,79,100,127,103,9,42,71,19,93,10" hai2="22,59,94,81,91,126,14,90,53,3,87,72,89" hai3="5,99,60,134,21,23,76,34,98,37,36,78,49"/><V106/><F106/><W123/><G34/><T46/><D122/><U15/><E116/><N who="0" m="44585" /><D70/><U95/><E127/><V45/><F3/><W105/><G105/><T115/><D4/><U84/><E71/><V69/><F69/><W64/><G5/><T39/><D115/><U2/><E42/><V111/><F126/><W109/><G109/><T83/><D39/><U51/><E2/><V28/><F72/><W56/><G134/><T44/><D44/><U88/><E79/><N who="2" m="46527" /><F45/><W54/><G37/><T114/><D114/><U85/><E9/><V82/><F82/><AGARI ba="0,0" hai="32,33,38,43,46,80,82,83,92,97,101" m="44585" machi="82" ten="30,1000,0" yaku="12,1" doraHai="131" who="0" fromWho="2" sc="235,10,273,0,230,-10,262,0" /><INIT seed="7,0,0,2,2,55" ten="245,273,220,262" oya="3" hai0="70,80,72,130,49,53,87,85,33,45,134,48,5" hai1="135,119,82,133,67,127,7,18,90,129,60,107,10" hai2="3,79,47,15,113,73,21,59,124,34,121,28,132" hai3="83,99,77,12,65,27,89,131,14,35,125,36,24"/><W108/><G36/><T128/><D70/><U84/><E127/><V95/><F3/><W71/><G125/><T50/><D134/><N who="1" m="51211" /><E129/><N who="0" m="49769" /><D33/><U44/><E119/><V123/><F124/><W57/><G131/><T16/><D5/><U117/><E117/><V110/><F110/><W62/><G108/><T122/><D122/><N who="2" m="46602" /><F132/><W116/><G116/><T11/><D72/><U51/><E107/><V23/><F34/><W0/><G0/><T37/><D87/><U126/><E18/><V1/><F1/><W54/><G89/><N who="0" m="51367" /><D37/><U43/><E126/><V114/><F28/><W25/><G99/><T88/><D88/><U111/><E111/><V81/><F47/><W76/><G35/><T6/><D6/><U64/><E60/><V105/><F105/><W96/><G96/><T86/><D86/><U31/><E31/><V19/><F95/><W66/><G71/><T103/><D103/><U74/><E74/><V41/><F41/><W30/><G30/><T8/><D8/><U9/><E9/><V32/><F32/><W39/><G39/><T52/><D45/><U17/><E17/><V101/><F101/><W112/><G83/><T120/><D120/><U40/><E40/><V106/><F106/><W61/><G77/><T109/><D109/><U29/><E29/><V69/><F69/><W68/><G76/><T38/><D38/><U97/><E97/><V93/><F93/><W100/><G100/><T104/><D104/><U115/><E115/><N who="2" m="44043" /><F21/><W20/><G112/><T2/><D2/><AGARI ba="0,0" hai="2,7,10,43,44,51,64,67,82,84,90" m="51211" machi="2" ten="30,1000,0" yaku="20,1" doraHai="55" who="1" fromWho="0" sc="245,-10,273,10,220,0,262,0" owari="235,-16.5,283,38.3,220,-28.0,262,6.2" /></mjloggm>