<mjloggm ver="2.3"><GO type="225" lobby="0"/><UN n0="%E9%A6%AC%E5%BC%95%E7%81%AB%33" n1="%53%61%63%68%69%30%34" n2="%E3%83%96%E3%83%83%E3%83%91%E3%82%AA%E3%83%96%E3%83%81%E3%82%AD%E3%83%B3" n3="%E3%81%A4%E3%81%A3%E3%81%B1%E3%82%8A%E3%83%9D%E3%83%BC%E3%83%AB" dan="16,16,16,17" rate="2088.77,2072.48,2114.69,2273.73" sx="M,M,M,M"/><TAIKYOKU oya="0"/><INIT seed="0,0,0,3,5,76" ten="250,250,250,250" oya="0" hai0="73,63,34,8,106,55,15,84,80,107,32,0,86" hai1="38,132,67,9,77,121,112,7,47,122,3,35,60" hai2="110,18,4,78,58,72,116,54,20,21,61,95,105" hai3="33,27,69,103,120,115,70,100,14,75,28,101,94"/><T117/><D117/><U127/><E132/><V102/><F116/><W135/><G115/><T48/><D0/><U97/><E127/><V49/><F110/><W74/><G135/><T45/><D73/><U93/><E112/><V90/><F4/><W41/><G120/><T62/><D63/><U64/><E35/><V59/><F105/><W123/><G123/><T65/><D106/><U25/><E25/><V66/><F102/><W43/><G94/><T129/><D129/><U29/><E29/><V79/><F72/><W81/><G14/><T108/><D86/><U13/><E67/><V128/><F128/><W88/><G75/><T30/><D30/><U91/><E77/><V99/><REACH who="2" step="1"/><F21/><REACH who="2" ten="250,250,240,250" step="2"/><W130/><G130/><T56/><D107/><U87/><E3/><V104/><F104/><W96/><G74/><T98/><D108/><U52/><E122/><V36/><F36/><W10/><G10/><T57/><D32/><U53/><E121/><V131/><F131/><W119/><G119/><T126/><D34/><U1/><E1/><V16/><F16/><W51/><G103/><T113/><D113/><U71/><REACH who="1" step="1"/><E97/><REACH who="1" ten="250,240,240,250" step="2"/><V2/><F2/><W39/><G96/><T44/><D98/><U118/><E118/><V83/><F83/><W40/><G81/><T133/><D133/><U24/><E24/><AGARI ba="0,2" hai="18,20,24,49,54,58,59,61,66,78,79,90,95,99" machi="24" ten="30,3900,0" yaku="1,1,7,1,8,1,53,0" doraHai="76" doraHaiUra="114" who="2" fromWho="1" sc="250,0,240,-39,240,59,250,0" /><INIT seed="1,0,0,1,2,24" ten="250,201,299,250" oya="1" hai0="132,120,25,49,111,123,77,118,45,52,104,59,17" hai1="134,50,60,112,73,22,38,42,69,46,54,21,78" hai2="115,116,2,53,11,122,14,87,5,57,58,124,101" hai3="75,19,107,29,74,135,0,33,72,82,79,37,6"/><U117/><E112/><V94/><F116/><W114/><G114/><T125/><D118/><U4/><E117/><V81/><F115/><W129/><G135/><T63/><D104/><U13/><E134/><V131/><F122/><N who="0" m="46634" /><D132/><U8/><E78/><V1/><F124/><W128/><G107/><T34/><D125/><U27/><E73/><V133/><F133/><W84/><G37/><T92/><D111/><U55/><E27/><V91/><F131/><N who="3" m="50251" /><G19/><T85/><D34/><U113/><E113/><V47/><F47/><W26/><G6/><T90/><D77/><U97/><E97/><V110/><F110/><W109/><G109/><T66/><D25/><U62/><E55/><V48/><F58/><W71/><G0/><T43/><D17/><U7/><E7/><V39/><F39/><W44/><G44/><T130/><D130/><U16/><E4/><V86/><F101/><W126/><G71/><T68/><D68/><U105/><E105/><V15/><F1/><W41/><G126/><T23/><D23/><U12/><E12/><V3/><F3/><W10/><G10/><T121/><N who="0" m="46642" /><T83/><DORA hai="64" /><D83/><U31/><E31/><V119/><REACH who="2" step="1"/><F119/><REACH who="2" ten="250,201,289,250" step="2"/><W80/><G41/><AGARI ba="0,1" hai="41,43,45,49,52,59,63,66,85,90,92" m="46642" machi="41" ten="40,2600,0" yaku="13,1,54,1" doraHai="24,64" who="0" fromWho="3" sc="250,36,201,0,289,0,250,-26" /><INIT seed="2,0,0,2,1,39" ten="286,201,289,224" oya="2" hai0="98,120,126,105,46,36,110,33,87,97,52,102,85" hai1="13,83,112,134,117,92,18,57,77,62,5,99,86" hai2="24,121,1,21,124,6,53,123,109,34,96,101,125" hai3="2,115,17,29,42,74,122,79,132,113,135,78,107"/><V54/><F54/><W81/><G2/><T116/><D120/><N who="2" m="46154" /><F53/><W100/><G29/><T44/><D33/><U63/><E134/><N who="3" m="51242" /><G17/><T37/><D52/><U4/><E112/><N who="3" m="43082" /><G42/><T89/><D89/><U66/><E117/><V91/><F34/><W38/><G38/><T20/><D102/><U45/><E63/><V30/><F1/><W84/><G122/><T73/><D73/><U131/><E45/><V118/><F6/><W104/><G100/><T19/><D19/><U32/><E32/><V48/><F30/><W12/><G12/><T51/><D20/><U111/><E111/><V16/><F101/><W26/><G26/><T11/><D110/><U22/><REACH who="1" step="1"/><E131/><REACH who="1" ten="286,191,289,224" step="2"/><V129/><F129/><W71/><G71/><T58/><D44/><U35/><E35/><V15/><F109/><W68/><G68/><T133/><D46/><U55/><E55/><V69/><F69/><W128/><G128/><T64/><D133/><U7/><E7/><V23/><F118/><W67/><G67/><T93/><D64/><U127/><E127/><V43/><F125/><W3/><G3/><T60/><D126/><U8/><E8/><V106/><F124/><W49/><G49/><T103/><D11/><U56/><E56/><V40/><F48/><W95/><G78/><T75/><D58/><U88/><AGARI ba="0,1" hai="4,5,13,18,22,57,62,66,77,83,86,88,92,99" machi="88" ten="20,12000,2" yaku="1,1,0,1,7,1,8,1,54,1,53,1" doraHai="39" doraHaiUra="76" who="1" fromWho="1" sc="286,-30,191,130,289,-60,224,-30" /><INIT seed="3,0,0,5,0,40" ten="256,321,229,194" oya="3" hai0="57,26,63,43,121,105,101,51,50,116,2,75,11" hai1="53,69,55,135,70,118,126,73,0,65,93,102,24" hai2="39,95,104,64,17,68,7,34,48,90,131,62,20" hai3="52,59,27,99,74,25,54,49,88,42,30,36,110"/><W94/><G74/><T111/><D121/><U46/><E0/><V112/><F131/><W71/><G71/><T9/><D75/><U61/><E118/><V21/><F112/><W127/><G127/><T92/><D105/><U41/><E73/><V29/><F39/><W120/><G120/><T66/><D111/><U114/><E70/><V100/><F7/><W23/><G110/><T35/><D35/><U45/><E45/><V78/><F78/><W58/><G27/><T12/><D26/><U98/><E114/><V32/><F29/><W28/><G36/><T38/><D38/><U56/><E69/><V33/><F17/><N who="3" m="12527" /><G42/><T106/><D106/><U77/><E77/><V130/><F130/><W19/><G19/><T132/><D132/><U91/><E135/><V47/><F104/><W4/><G4/><T113/><D113/><U129/><E126/><V124/><F124/><W134/><G134/><T1/><D116/><U6/><E6/><V44/><F34/><W133/><G133/><T103/><D1/><U13/><E13/><V123/><F123/><W87/><G87/><T72/><D72/><U16/><E129/><V81/><F33/><W96/><G99/><T82/><D2/><U14/><E24/><V15/><F32/><W117/><G117/><T108/><D108/><U115/><E115/><V5/><F5/><W119/><G119/><T97/><D43/><U109/><E109/><V76/><F15/><W3/><G3/><T128/><D128/><U67/><E14/><V60/><F68/><W10/><G10/><N who="0" m="3595" /><D12/><U22/><E41/><V122/><F122/><RYUUKYOKU ba="0,0" sc="256,-10,321,-10,229,-10,194,30" hai3="28,30,49,52,54,58,59,88,94,96" /><INIT seed="3,1,0,5,1,126" ten="246,311,219,224" oya="3" hai0="65,60,61,94,32,84,129,123,67,51,86,39,17" hai1="8,29,23,68,125,2,3,89,69,57,101,79,46" hai2="47,28,83,120,63,42,20,70,49,56,99,58,112" hai3="113,95,92,80,59,117,21,121,128,116,82,37,18"/><W31/><G121/><T100/><D39/><U14/><E101/><V135/><F112/><W45/><G113/><T22/><D32/><U41/><E125/><V119/><F119/><W52/><G31/><T40/><D123/><U105/><E105/><V114/><F114/><W87/><G82/><T7/><D7/><U133/><E89/><V48/><F120/><W15/><G128/><T30/><D30/><U38/><E79/><V9/><F135/><W97/><G45/><N who="0" m="26023" /><D129/><U106/><E106/><V132/><F132/><W12/><G37/><T115/><D115/><U44/><E44/><N who="2" m="25623" /><F70/><W108/><G108/><T104/><D104/><U122/><E23/><V134/><F134/><W1/><G1/><T111/><D111/><U53/><E14/><N who="3" m="5162" /><G117/><T124/><D124/><U71/><E29/><V16/><F28/><W27/><G97/><N who="0" m="59447" /><D65/><U91/><E122/><V72/><F72/><W77/><G116/><T93/><D67/><U81/><E133/><V90/><F9/><W24/><G24/><N who="0" m="14415" /><D93/><U102/><E69/><V33/><F33/><W107/><G107/><T6/><D6/><U103/><E71/><V74/><F74/><W130/><G130/><T10/><D10/><U55/><E8/><V50/><F20/><W36/><G36/><T0/><D0/><U75/><E68/><V98/><F16/><W43/><G43/><T54/><D54/><U76/><E55/><N who="2" m="34271" /><F47/><W73/><G73/><T127/><D127/><U4/><E2/><V19/><F19/><W34/><G34/><T13/><D13/><U78/><E3/><V110/><F110/><W26/><G26/><RYUUKYOKU ba="1,0" sc="246,15,311,-15,219,-15,224,15" hai0="60,61,84,86" hai3="18,21,27,52,59,77,80,87,92,95" /><INIT seed="3,2,0,3,5,93" ten="261,296,204,239" oya="3" hai0="84,130,110,112,25,0,98,32,41,47,124,92,2" hai1="129,3,114,28,73,71,58,33,56,8,72,88,123" hai2="36,67,65,61,90,38,39,125,104,10,6,80,106" hai3="24,9,18,97,133,102,89,70,34,74,68,87,53"/><W83/><G133/><T108/><D124/><U120/><E71/><V64/><F125/><W27/><G74/><T35/><D130/><U91/><E28/><V48/><F61/><W17/><G34/><N who="0" m="12843" /><D84/><U126/><E33/><V113/><F113/><W132/><G132/><T115/><D25/><N who="3" m="9801" /><G70/><T42/><D2/><U20/><E20/><V23/><F23/><W122/><G68/><T12/><D12/><U107/><E107/><V77/><F90/><W99/><G122/><T21/><D0/><U5/><E126/><V60/><F48/><W117/><G117/><T81/><D81/><U29/><E114/><N who="0" m="43561" /><D21/><U16/><E72/><V69/><F60/><W101/><G53/><T78/><D78/><U63/><E73/><V121/><F69/><W62/><G62/><T31/><D31/><U50/><E29/><V11/><F121/><W40/><G40/><N who="0" m="15467" /><D47/><U119/><E120/><V95/><F95/><N who="3" m="58623" /><G9/><T26/><D26/><U45/><E8/><V4/><F11/><W103/><G103/><AGARI ba="2,0" hai="92,98,103,108,110" m="15467,43561,12843" machi="103" ten="40,2600,0" yaku="11,1,52,1" doraHai="93" who="0" fromWho="3" sc="261,32,296,0,204,0,239,-32" /><INIT seed="4,0,0,5,3,69" ten="293,296,204,207" oya="0" hai0="112,111,21,133,73,92,126,107,28,110,43,60,7" hai1="18,71,32,4,48,86,123,40,24,91,85,77,79" hai2="81,45,83,66,3,17,70,31,100,119,124,34,74" hai3="30,78,101,44,94,42,135,37,6,61,89,122,46"/><T51/><D112/><U68/><E123/><V84/><F3/><W33/><G122/><T64/><D126/><U131/><E32/><V25/><F124/><W62/><G135/><T29/><D133/><U109/><E68/><V121/><F121/><W108/><G108/><N who="0" m="41515" /><D107/><U36/><E36/><V19/><F119/><W12/><G78/><N who="1" m="29706" /><E71/><V82/><F74/><W76/><G44/><N who="0" m="26015" /><D73/><U105/><E105/><V20/><F100/><W67/><G76/><T13/><D92/><U127/><E109/><V114/><F114/><W80/><G101/><T9/><D21/><N who="1" m="13367" /><E127/><V88/><F45/><W125/><G46/><T47/><D47/><N who="1" m="25703" /><E131/><V65/><F70/><AGARI ba="0,0" hai="7,9,13,28,29,60,64,70" m="26015,41515" machi="70" ten="30,1500,0" yaku="10,1" doraHai="69" who="0" fromWho="2" sc="293,15,296,0,204,-15,207,0" owari="308,40.8,296,9.6,189,-31.1,207,-19.3" /></mjloggm>