<mjloggm ver="2.3"><GO type="225" lobby="0"/><UN n0="%E5%AF%82%E5%AF%9E%E3%82%AE%E3%83%8D%E3%82%B9%E3%83%93%E3%83%BC%E3%83%AB" n1="%E6%81%A5%E6%99%92%E3%81%97" n2="%E3%81%8B%E3%82%8F%E3%81%A1%E3%82%83%E3%82%93%35%38" n3="%E5%91%A8%E6%9D%B1" dan="16,16,16,17" rate="2128.35,2165.39,2132.10,2219.74" sx="M,M,M,M"/><TAIKYOKU oya="0"/><INIT seed="0,0,0,0,0,83" ten="250,250,250,250" oya="0" hai0="92,50,89,41,97,123,6,34,7,91,16,78,22" hai1="39,120,108,53,60,75,132,32,52,68,54,100,79" hai2="87,56,102,63,46,118,121,122,106,88,119,77,30" hai3="113,20,19,29,37,93,76,109,80,105,112,11,131"/><T103/><D123/><N who="2" m="47114" /><F30/><W24/><G105/><T133/><D34/><U81/><E120/><V3/><F3/><W94/><G37/><T82/><D133/><U74/><E132/><V9/><F9/><W35/><G131/><T51/><D6/><U67/><E108/><V58/><F46/><W49/><G109/><T110/><D7/><U65/><E39/><V42/><F42/><W8/><G113/><T40/><D110/><U72/><E100/><V130/><F130/><W0/><G112/><T96/><D41/><U1/><E1/><V66/><F77/><W15/><G49/><T36/><D36/><U107/><E107/><V135/><F102/><W25/><G11/><T23/><D23/><U44/><E44/><V27/><F27/><W28/><REACH who="3" step="1"/><G0/><REACH who="3" ten="250,250,250,240" step="2"/><T69/><D51/><U33/><REACH who="1" step="1"/><E67/><REACH who="1" ten="250,240,250,240" step="2"/><V31/><F106/><W86/><AGARI ba="0,2" hai="8,15,19,20,24,25,28,29,35,76,80,86,93,94" machi="86" ten="20,8000,1" yaku="1,1,2,1,0,1,7,1,52,1,53,0" doraHai="83" doraHaiUra="134" who="3" fromWho="3" sc="250,-40,240,-20,250,-20,240,100" /><INIT seed="1,0,0,0,2,131" ten="210,220,230,340" oya="1" hai0="38,31,24,113,73,74,25,48,91,61,90,22,119" hai1="123,53,18,95,97,11,98,28,27,80,33,109,7" hai2="82,102,4,20,68,110,49,75,15,92,129,77,46" hai3="103,116,52,96,127,66,8,42,133,51,104,84,85"/><U111/><E123/><V79/><F68/><W5/><G133/><T13/><D38/><U39/><E39/><V12/><F129/><W100/><G127/><T9/><D113/><U45/><E18/><V124/><F124/><W17/><G116/><T71/><D119/><U86/><E45/><V3/><F3/><W125/><G125/><T41/><D74/><U30/><E53/><V36/><F36/><W76/><G66/><T54/><D73/><U34/><E95/><V117/><F117/><W81/><G103/><T88/><D41/><U89/><E97/><N who="2" m="59687" /><F75/><W101/><G101/><T1/><D1/><U130/><E130/><V65/><F65/><W47/><G17/><T126/><D126/><U121/><E98/><V16/><F82/><W56/><G85/><T108/><D25/><U115/><E115/><V120/><F110/><N who="1" m="41993" /><E121/><V29/><F29/><N who="1" m="11369" /><E27/><N who="2" m="14727" /><F120/><W106/><G106/><T14/><D108/><U63/><E63/><V87/><F87/><W58/><REACH who="3" step="1"/><G42/><REACH who="3" ten="210,220,230,330" step="2"/><T114/><D114/><U64/><E64/><V122/><F122/><W62/><G62/><T78/><D61/><U99/><E99/><V94/><F94/><W105/><G105/><T60/><D60/><U132/><E132/><V128/><F128/><W135/><G135/><T21/><D31/><U23/><E86/><V26/><F26/><W55/><G55/><T83/><D24/><U118/><E118/><V59/><F12/><AGARI ba="0,1" hai="5,8,12,47,51,52,56,58,76,81,84,96,100,104" machi="12" ten="30,7700,0" yaku="1,1,7,1,54,1,53,1" doraHai="131" doraHaiUra="93" who="3" fromWho="2" sc="210,0,220,0,230,-77,330,87" /><INIT seed="2,0,0,3,4,4" ten="210,220,153,417" oya="2" hai0="123,30,56,114,104,23,29,40,133,1,125,38,84" hai1="106,108,0,76,58,81,135,55,8,109,60,128,5" hai2="127,78,112,113,100,28,85,57,92,61,44,93,64" hai3="89,94,102,107,126,59,31,52,20,65,45,110,130"/><V24/><F127/><W27/><G126/><T37/><D104/><U42/><E106/><V74/><F74/><W12/><G110/><T87/><D1/><U96/><E128/><V77/><F44/><W103/><G107/><T101/><D101/><U72/><E135/><V98/><F93/><W36/><G130/><T99/><D99/><U79/><E96/><V63/><F63/><W3/><G3/><T32/><D56/><U111/><E79/><V41/><F41/><AGARI ba="0,0" hai="0,5,8,41,42,55,58,60,72,76,81,108,109,111" machi="41" ten="40,2600,0" yaku="14,1,52,1" doraHai="4" who="1" fromWho="2" sc="210,0,220,26,153,-26,417,0" /><INIT seed="3,0,0,3,3,22" ten="210,246,127,417" oya="3" hai0="21,39,78,4,120,122,59,19,90,84,56,92,72" hai1="34,110,28,68,85,82,38,44,40,96,115,10,127" hai2="29,80,48,43,105,129,124,2,87,99,130,119,55" hai3="66,12,17,79,64,32,7,42,86,52,70,102,9"/><W132/><G132/><T104/><D39/><U103/><E115/><V74/><F2/><W8/><G32/><T37/><D37/><U117/><E110/><V98/><F43/><W109/><G70/><T108/><D108/><U114/><E114/><V54/><F29/><W27/><G109/><T5/><D104/><U16/><E127/><V26/><F74/><W135/><G102/><T107/><D107/><U30/><E68/><V53/><F105/><W91/><G42/><T131/><D131/><U61/><E117/><V112/><F112/><W125/><G79/><T15/><D122/><U58/><E96/><V13/><F13/><W95/><G135/><T128/><D128/><U121/><E103/><V51/><F124/><W35/><G125/><T49/><D59/><U118/><E34/><V71/><F71/><W50/><G35/><T65/><D65/><U57/><E57/><V69/><F69/><W77/><G77/><T0/><D0/><U134/><E134/><V31/><F119/><W75/><G75/><T106/><D106/><U89/><E121/><V126/><F126/><W123/><G123/><T83/><D120/><U24/><E118/><V23/><F130/><W93/><G95/><T94/><D92/><U111/><E111/><V3/><F3/><W81/><G93/><T88/><D90/><U76/><E89/><V60/><F60/><W113/><G113/><T11/><D11/><U6/><E61/><V47/><F47/><N who="3" m="27743" /><G9/><T116/><D116/><U100/><E58/><V62/><F129/><W33/><G33/><T133/><D133/><U46/><E10/><RYUUKYOKU ba="0,0" sc="210,15,246,-15,127,-15,417,15" hai0="4,5,15,19,21,49,56,72,78,83,84,88,94" hai3="7,8,12,17,27,64,66,81,86,91" owari="225,-17.5,231,3.1,112,-38.8,432,53.2" /></mjloggm>