<mjloggm ver="2.3"><GO type="225" lobby="0"/><UN n0="%E3%81%90%E3%81%A1%E3%82%84%E3%81%BE" n1="%E6%A5%93%E4%BB%8B" n2="%E3%83%9D%E3%83%B3%E3%83%9D%E3%82%B3%E5%95%86%E4%BA%8B" n3="%E9%B4%A8%4E%45%47%49" dan="16,17,16,16" rate="2142.84,2097.69,2117.00,2075.68" sx="M,M,M,M"/><TAIKYOKU oya="0"/><INIT seed="0,0,0,1,2,112" ten="250,250,250,250" oya="0" hai0="66,61,54,107,94,17,65,44,134,131,106,99,13" hai1="114,51,130,60,116,70,39,9,52,111,26,55,135" hai2="92,32,129,118,45,12,49,59,87,33,27,85,128" hai3="127,23,41,126,117,56,2,21,69,18,121,3,6"/><T22/><D131/><N who="2" m="50250" /><F59/><W95/><G69/><T77/><D134/><U37/><E135/><V102/><F12/><W104/><G104/><T19/><D77/><U89/><E130/><V122/><F122/><W110/><G41/><T7/><D7/><U86/><E114/><V132/><F132/><W133/><G133/><T31/><D31/><U74/><E9/><V50/><F50/><W20/><G95/><T97/><D97/><U79/><E26/><V57/><F57/><W76/><G76/><T0/><D0/><N who="3" m="41" /><G56/><T119/><D119/><U46/><E116/><V88/><F102/><W35/><G117/><T83/><D83/><U36/><E55/><N who="2" m="30127" /><F118/><W28/><G121/><T124/><D124/><N who="3" m="47657" /><G6/><T75/><D75/><U125/><E125/><V47/><F47/><W63/><G63/><T96/><D106/><U30/><E60/><V1/><F1/><W43/><G43/><T73/><D107/><U81/><E70/><V105/><F105/><W34/><G110/><T72/><D44/><U84/><E111/><V123/><F123/><W103/><G103/><T40/><D40/><U113/><E113/><V29/><F87/><W8/><G28/><T53/><D73/><U109/><E109/><V16/><F33/><N who="3" m="12299" /><G8/><N who="0" m="6311" /><D72/><U101/><E30/><V91/><F91/><W90/><G90/><N who="0" m="55383" /><D99/><U62/><E101/><V108/><F108/><W71/><G71/><N who="0" m="42415" /><D66/><U4/><E4/><V11/><F11/><W42/><G42/><T120/><D120/><U68/><E89/><V64/><F64/><W25/><AGARI ba="0,0" hai="18,20,21,23,25" m="12299,47657,41" machi="25" ten="40,5200,0" yaku="18,1,34,2" doraHai="112" who="3" fromWho="3" sc="250,-26,250,-13,250,-13,250,52" /><INIT seed="1,0,0,0,2,8" ten="224,237,237,302" oya="1" hai0="106,77,62,18,24,7,113,71,41,74,43,73,116" hai1="98,15,134,57,88,3,67,112,93,36,79,30,72" hai2="12,1,132,45,51,103,80,125,85,63,105,65,94" hai3="101,25,17,81,100,119,107,117,40,95,99,96,52"/><U56/><E112/><V97/><F1/><W16/><G40/><T130/><D113/><U109/><E3/><V37/><F37/><W92/><G81/><T111/><D116/><N who="3" m="44617" /><G107/><T34/><D106/><U6/><E36/><V60/><F125/><W23/><G52/><T32/><D7/><U49/><E30/><AGARI ba="0,0" hai="16,17,23,25,30,92,95,96,99,100,101" m="44617" machi="30" ten="30,2000,0" yaku="12,1,54,1" doraHai="8" who="3" fromWho="1" sc="224,0,237,-20,237,0,302,20" /><INIT seed="2,0,0,3,4,132" ten="224,217,237,322" oya="2" hai0="107,2,56,77,40,79,125,55,20,46,72,41,135" hai1="51,44,127,66,91,5,110,123,65,29,100,9,120" hai2="22,7,42,16,118,121,63,57,28,73,60,19,122" hai3="25,85,24,69,86,82,83,52,39,114,33,119,74"/><V38/><F118/><W95/><G119/><T99/><D2/><U96/><E110/><V15/><F73/><W32/><G69/><T68/><D68/><U112/><E112/><V101/><F63/><W87/><G39/><T62/><D135/><U53/><E29/><V59/><F59/><W106/><G106/><T26/><D72/><U71/><E91/><V116/><F116/><W35/><G114/><T133/><D133/><U54/><E54/><V78/><F78/><W134/><G134/><T80/><D125/><U130/><E127/><V27/><F7/><W117/><G117/><T45/><D107/><U90/><E90/><V4/><F4/><W50/><G95/><T30/><D99/><U8/><E8/><V105/><F19/><W126/><G126/><T81/><D79/><U104/><E130/><V61/><F61/><W97/><G97/><T58/><D58/><U92/><E104/><V21/><F101/><W47/><REACH who="3" step="1"/><G74/><REACH who="3" ten="224,217,237,312" step="2"/><T94/><D94/><U109/><E71/><V98/><F98/><W0/><G0/><T36/><D77/><U103/><E100/><V93/><F93/><W67/><G67/><T113/><D113/><U34/><E66/><V49/><F38/><AGARI ba="0,1" hai="20,26,30,36,38,40,41,45,46,55,56,62,80,81" machi="38" ten="30,2000,0" yaku="7,1,9,1" doraHai="132" who="0" fromWho="2" sc="224,30,217,0,237,-20,312,0" /><INIT seed="3,0,0,3,3,84" ten="254,217,217,312" oya="3" hai0="121,79,76,131,1,101,73,78,116,126,109,102,134" hai1="25,104,69,66,24,114,91,124,40,97,11,118,87" hai2="92,105,122,83,70,13,68,62,135,75,85,7,15" hai3="106,33,82,80,93,51,96,108,123,36,27,95,10"/><W34/><G36/><T28/><D28/><U30/><E114/><V57/><F105/><W100/><G123/><T32/><D1/><U77/><E40/><V119/><F119/><W41/><G10/><T26/><D26/><U48/><E77/><N who="0" m="29801" /><D32/><N who="1" m="20551" /><E48/><V20/><F75/><W8/><G8/><T88/><D109/><U111/><E25/><V120/><F92/><W58/><G108/><T12/><D12/><N who="2" m="4682" /><F20/><W5/><G5/><T110/><D110/><U39/><E111/><V53/><F7/><W61/><G34/><T14/><D14/><U4/><E39/><V67/><F67/><N who="3" m="39351" /><G95/><T56/><D121/><N who="2" m="46698" /><F135/><W107/><G107/><T37/><D134/><U23/><E23/><V94/><F94/><W45/><G106/><T112/><D37/><U59/><E11/><V132/><F132/><W74/><G74/><T81/><D112/><U99/><E4/><V43/><F43/><W21/><G33/><T19/><D73/><U63/><E118/><V22/><F22/><W54/><G41/><T60/><D116/><U3/><E3/><V89/><AGARI ba="0,0" hai="53,57,62,68,70,83,85,89" m="46698,4682" machi="89" ten="30,2000,0" yaku="13,1,52,1" doraHai="84" who="2" fromWho="2" sc="254,-5,217,-5,217,20,312,-10" owari="249,4.9,212,-28.8,237,-16.3,302,40.2" /></mjloggm>