<mjloggm ver="2.3"><GO type="225" lobby="0"/><UN n0="%E4%BF%BA%E3%81%A8%E5%A6%96%E5%A4%A2" n1="%E3%83%81%E3%83%83%E3%82%BF%E3%82%BD%E3%83%BC" n2="%E3%83%96%E3%83%83%E3%83%91%E3%82%AA%E3%83%96%E3%83%81%E3%82%AD%E3%83%B3" n3="%33%74%72%65%65" dan="16,16,16,16" rate="2266.91,2166.83,2171.41,2079.63" sx="F,F,M,F"/><TAIKYOKU oya="0"/><INIT seed="0,0,0,3,3,115" ten="250,250,250,250" oya="0" hai0="83,132,108,64,107,61,10,111,45,97,21,55,2" hai1="27,6,49,99,5,80,76,122,24,57,85,134,84" hai2="119,56,50,78,130,28,4,79,12,13,73,35,114" hai3="65,121,131,100,26,11,19,120,126,92,91,53,25"/><T69/><D132/><U104/><E134/><V23/><F114/><W0/><G131/><T42/><D21/><U14/><E122/><V36/><F36/><W48/><G126/><T37/><D83/><U81/><E99/><V94/><F130/><W62/><G100/><T135/><D135/><U86/><E104/><V125/><F35/><W8/><G121/><T93/><D55/><N who="1" m="31983" /><E86/><V90/><F125/><W43/><G43/><T129/><D129/><U22/><E14/><N who="2" m="5739" /><F73/><W113/><G120/><T96/><D93/><U20/><E22/><V133/><F4/><N who="1" m="1641" /><E20/><V59/><F133/><W118/><G113/><T7/><REACH who="0" step="1"/><D96/><REACH who="0" ten="240,250,250,250" step="2"/><U60/><E60/><V112/><F94/><W16/><G62/><T32/><D32/><U31/><E31/><V75/><F28/><W66/><G92/><T74/><D74/><U105/><E105/><V88/><F75/><W29/><G29/><T51/><D51/><U101/><E81/><V33/><F23/><W110/><G48/><T47/><D47/><U18/><E80/><V39/><F33/><W40/><G25/><T67/><D67/><U128/><E27/><V71/><F50/><W52/><G26/><T38/><D38/><U95/><E128/><V68/><F39/><W124/><G65/><T102/><AGARI ba="0,1" hai="2,7,10,37,42,45,61,64,69,97,102,107,108,111" machi="102" ten="30,11700,0" yaku="1,1,0,1,23,2,53,0" doraHai="115" doraHaiUra="106" who="0" fromWho="0" sc="240,127,250,-39,250,-39,250,-39" /><INIT seed="0,1,0,3,1,128" ten="367,211,211,211" oya="0" hai0="39,107,50,70,75,86,34,30,94,1,52,74,37" hai1="131,130,7,65,69,78,57,95,83,87,26,48,9" hai2="134,126,29,12,11,61,58,113,22,21,60,81,17" hai3="123,40,36,5,8,114,96,49,102,15,54,112,3"/><T119/><D119/><U97/><E26/><V93/><F113/><W6/><G123/><T44/><D107/><U31/><E31/><V51/><F126/><W122/><G122/><T121/><D121/><U63/><E48/><V109/><F109/><W13/><G40/><T133/><D70/><U88/><REACH who="1" step="1"/><E69/><REACH who="1" ten="367,201,211,211" step="2"/><V106/><F51/><W0/><G36/><T116/><D37/><U24/><E24/><V38/><F29/><W2/><G13/><AGARI ba="1,1" hai="7,9,13,57,63,65,78,83,87,88,95,97,130,131" machi="13" ten="40,5200,0" yaku="1,1,54,1,53,1" doraHai="128" doraHaiUra="90" who="1" fromWho="3" sc="367,0,201,65,211,0,211,-55" /><INIT seed="1,0,0,4,1,110" ten="367,266,211,156" oya="1" hai0="25,134,40,18,49,126,62,36,90,91,45,29,77" hai1="30,63,69,7,95,32,23,97,43,59,47,84,60" hai2="21,89,46,64,93,104,118,11,86,108,129,52,120" hai3="78,28,14,133,19,44,80,113,4,112,12,135,54"/><U31/><E69/><V130/><F118/><W111/><G111/><T92/><D134/><N who="3" m="51209" /><G28/><T51/><D126/><U74/><E74/><V132/><F108/><W122/><G122/><T2/><D2/><U5/><E32/><V61/><F132/><W3/><G3/><T8/><D77/><U24/><E31/><V0/><F120/><W53/><G4/><T71/><D71/><U17/><E84/><V103/><F0/><W96/><G96/><T55/><D62/><U121/><E121/><V10/><F129/><W68/><G68/><T42/><D42/><U16/><E7/><V100/><F130/><W128/><G128/><T38/><D38/><U131/><E5/><V94/><F104/><W102/><G102/><T107/><D36/><U35/><E131/><V72/><F103/><W125/><G125/><T20/><D107/><U34/><E35/><V88/><F100/><W105/><G105/><T106/><D106/><U27/><E59/><N who="2" m="36927" /><F72/><N who="3" m="43079" /><G12/><N who="0" m="7431" /><D92/><U9/><E17/><V114/><F94/><W127/><G127/><T109/><D109/><U33/><E34/><V70/><F93/><W39/><G39/><T116/><D116/><U83/><E83/><V124/><F70/><W41/><G41/><T115/><D29/><U15/><E95/><V65/><F124/><W6/><G6/><T85/><D85/><U22/><E97/><V58/><F86/><W50/><G53/><T117/><D117/><U66/><E66/><V99/><F52/><W98/><G98/><T81/><D81/><U13/><E33/><V119/><F99/><W73/><G73/><T48/><D55/><RYUUKYOKU ba="0,0" sc="367,-10,266,-10,211,-10,156,30" hai3="14,19,44,50,54,112,113" /><INIT seed="2,1,0,0,3,110" ten="357,256,201,186" oya="2" hai0="72,40,68,5,129,10,124,81,57,122,17,23,38" hai1="112,94,96,64,28,49,103,70,82,119,98,13,29" hai2="88,50,84,4,1,3,8,74,39,134,120,47,83" hai3="102,109,111,62,127,59,79,121,76,60,61,118,36"/><V80/><F120/><W19/><G121/><T108/><D122/><U65/><E119/><V135/><F3/><W30/><G118/><T27/><D68/><U132/><E132/><V131/><F131/><W93/><G127/><T89/><D129/><U54/><E112/><V34/><F34/><W130/><G130/><T104/><D124/><U99/><E82/><V32/><F32/><W45/><G30/><N who="1" m="11882" /><E70/><V97/><F97/><N who="1" m="37481" /><E13/><V16/><F16/><W0/><G0/><T6/><D6/><U12/><E12/><V48/><F48/><W113/><G113/><T2/><D104/><U20/><E20/><V90/><F90/><W71/><G71/><T11/><D89/><U123/><E123/><V33/><F33/><W55/><G19/><T18/><D18/><U51/><E51/><V91/><F39/><W41/><G102/><T115/><D115/><U126/><E126/><V21/><F21/><W24/><G93/><T22/><D22/><U37/><E37/><V86/><REACH who="2" step="1"/><F74/><REACH who="2" ten="357,256,191,186" step="2"/><W7/><G24/><T15/><D72/><U107/><E107/><V63/><F63/><N who="3" m="36351" /><G7/><T128/><D128/><U100/><E103/><V114/><F114/><W77/><G77/><T73/><D23/><U125/><E125/><V46/><F46/><AGARI ba="1,1" hai="46,49,54,64,65,94,99,100" m="37481,11882" machi="46" ten="30,1000,0" yaku="8,1" doraHai="110" who="1" fromWho="2" sc="357,0,256,23,191,-13,186,0" /><INIT seed="3,0,0,4,0,10" ten="357,279,178,186" oya="3" hai0="127,9,118,110,62,56,94,117,132,112,105,116,65" hai1="122,51,59,121,71,8,91,47,60,20,3,129,1" hai2="63,70,5,48,15,135,41,102,114,89,78,111,74" hai3="83,77,109,64,72,37,43,24,95,40,23,12,38"/><W79/><G109/><T88/><D105/><U54/><E129/><V107/><F114/><W32/><G77/><T17/><D110/><U4/><E1/><V75/><F111/><W18/><G64/><T104/><D104/><U14/><E71/><V52/><F135/><W45/><G95/><T119/><D112/><U82/><E20/><V55/><F78/><W98/><G98/><T100/><D100/><U7/><E7/><V103/><F41/><W35/><G24/><T126/><D132/><U115/><E115/><V61/><F107/><W76/><G76/><T108/><D108/><U66/><E3/><V69/><F5/><W42/><REACH who="3" step="1"/><G45/><REACH who="3" ten="357,279,178,176" step="2"/><T93/><D94/><U92/><E121/><V73/><F73/><W0/><G0/><T33/><D117/><U36/><E122/><V81/><F81/><W13/><G13/><N who="0" m="7343" /><D116/><U134/><E134/><V87/><F15/><W84/><G84/><T123/><D123/><U68/><E92/><V86/><F89/><W85/><G85/><T128/><D118/><U49/><E91/><V120/><F120/><W99/><G99/><T50/><D119/><U46/><E47/><V80/><F80/><W97/><G97/><T57/><D88/><U11/><E82/><V21/><F21/><W2/><G2/><T6/><D93/><U25/><E25/><V19/><F19/><W22/><G22/><T133/><D133/><U39/><E8/><V96/><F96/><W125/><G125/><T53/><D126/><U27/><E27/><V30/><F30/><W31/><G31/><T67/><D127/><U113/><E113/><RYUUKYOKU ba="0,1" sc="357,-30,279,10,178,10,176,10" hai1="4,11,14,36,39,46,49,51,54,59,60,66,68" hai2="48,52,55,61,63,69,70,74,75,86,87,102,103" hai3="12,18,23,32,35,37,38,40,42,43,72,79,83" /><INIT seed="3,1,1,5,4,127" ten="327,289,188,186" oya="3" hai0="39,35,70,62,13,130,9,75,90,12,6,113,85" hai1="120,51,40,47,4,66,109,11,57,55,5,87,7" hai2="67,128,1,33,98,102,134,19,94,22,3,101,65" hai3="115,48,64,124,96,76,74,121,44,21,126,25,52"/><W54/><G115/><T123/><D123/><U10/><E109/><V37/><F33/><W50/><G121/><T111/><D75/><U46/><E120/><V0/><F37/><W135/><G135/><T8/><D35/><U122/><E122/><V45/><F134/><W112/><G112/><T56/><D113/><U78/><E66/><N who="2" m="25099" /><F0/><W133/><G133/><T42/><D111/><U69/><E69/><V59/><F1/><W93/><G64/><N who="0" m="38983" /><D130/><U132/><E132/><V119/><F3/><W91/><G76/><T17/><D39/><U103/><E103/><N who="2" m="60887" /><F119/><W53/><G74/><T41/><D70/><U14/><E46/><V29/><F45/><W15/><G15/><T2/><D2/><U99/><E99/><V24/><F128/><W34/><G34/><T82/><AGARI ba="1,1" hai="6,8,9,12,13,17,41,42,82,85,90" m="38983" machi="82" ten="30,1100,0" yaku="8,1" doraHai="127" who="0" fromWho="0" sc="327,24,289,-4,188,-4,186,-6" owari="351,45.1,285,8.5,184,-21.6,180,-32.0" /></mjloggm>