<mjloggm ver="2.3"><GO type="225" lobby="0"/><UN n0="%30%2E%31%32%30" n1="%E3%83%94%E3%83%B3%E3%82%B5%E3%83%AD%E5%BA%97%E5%93%A1" n2="%E5%B8%86%E7%AB%8B%E5%A4%8F%E8%A1%A3" n3="%E3%83%A9%E3%82%A4%E3%83%B3%E3%81%AE%E8%99%8E" dan="16,16,17,16" rate="2122.64,2170.49,2147.87,2160.39" sx="M,M,M,M"/><TAIKYOKU oya="0"/><INIT seed="0,0,0,5,5,42" ten="250,250,250,250" oya="0" hai0="35,135,125,60,4,69,11,28,76,133,87,56,110" hai1="31,8,30,68,15,88,10,57,52,121,92,12,117" hai2="111,2,106,23,124,19,55,104,70,18,61,81,50" hai3="54,80,46,120,59,122,95,16,118,112,47,71,5"/><T116/><D116/><U78/><E121/><N who="3" m="46698" /><G118/><T109/><D125/><U73/><E68/><V127/><F111/><N who="0" m="42506" /><D69/><U102/><E102/><V32/><F2/><W36/><G36/><T86/><D28/><N who="1" m="10795" /><E73/><V94/><F32/><W65/><G112/><T13/><D35/><U82/><E117/><V63/><F94/><W6/><G71/><T38/><D38/><U3/><E3/><V48/><F70/><W130/><G65/><N who="0" m="39047" /><D76/><U90/><E78/><V72/><F72/><W132/><G132/><AGARI ba="0,0" hai="4,11,13,86,87,132,133,135" m="39047,42506" machi="132" ten="30,5800,0" yaku="20,1,14,1,10,1" doraHai="42" who="0" fromWho="3" sc="250,58,250,0,250,0,250,-58" /><INIT seed="0,1,0,5,0,78" ten="308,250,250,192" oya="0" hai0="50,81,111,12,45,76,19,8,33,15,133,75,86" hai1="98,96,49,58,129,99,56,114,29,108,63,47,93" hai2="17,130,51,20,43,55,27,116,52,135,92,109,103" hai3="41,117,67,118,74,14,80,32,83,72,5,107,64"/><T90/><D133/><U18/><E108/><V6/><F109/><W38/><G32/><T1/><D33/><U102/><E129/><V26/><F130/><W115/><G107/><T65/><D65/><N who="3" m="25161" /><G14/><T70/><D70/><U59/><E114/><V44/><F116/><N who="3" m="44651" /><G115/><T30/><D30/><U120/><E120/><V36/><F135/><W23/><G23/><T122/><D1/><U9/><E63/><V113/><F113/><W125/><G5/><T101/><D122/><U46/><E46/><V10/><F36/><W11/><G11/><T0/><D0/><U13/><REACH who="1" step="1"/><E29/><REACH who="1" ten="308,240,250,192" step="2"/><V21/><F44/><W68/><G68/><T7/><D111/><U100/><E100/><V119/><F119/><W42/><G125/><T127/><D101/><U132/><E132/><V112/><F112/><W128/><G128/><T97/><D127/><U131/><E131/><V121/><F121/><W22/><G38/><T126/><D126/><U16/><E16/><V4/><F17/><W123/><G123/><T40/><D19/><U87/><E87/><V88/><F103/><W66/><G66/><T71/><D71/><U25/><E25/><V57/><F27/><W94/><G41/><AGARI ba="1,1" hai="9,13,18,41,47,49,56,58,59,93,96,98,99,102" machi="41" ten="40,2600,0" yaku="1,1,8,1,53,0" doraHai="78" doraHaiUra="35" who="1" fromWho="3" sc="308,0,240,39,250,0,192,-29" /><INIT seed="1,0,0,0,1,16" ten="308,279,250,163" oya="1" hai0="30,28,23,120,43,66,50,54,36,88,21,19,84" hai1="72,114,10,42,76,109,107,94,82,99,102,64,12" hai2="90,83,125,69,18,92,89,7,29,24,98,48,60" hai3="37,93,134,131,80,130,85,33,104,34,113,17,118"/><U110/><E114/><V95/><F125/><W74/><G113/><T2/><D2/><U26/><E64/><V121/><F121/><W128/><G37/><T122/><D66/><U123/><E123/><N who="0" m="47145" /><D36/><U73/><E73/><V46/><F7/><W86/><G104/><T57/><D43/><U67/><E42/><V9/><F83/><W70/><G70/><T0/><D0/><U58/><E107/><V116/><F116/><W68/><G68/><T44/><D44/><U106/><E106/><V112/><F112/><W65/><G65/><T55/><D55/><U96/><E96/><V111/><F111/><N who="1" m="42505" /><E26/><V25/><F69/><W32/><G118/><T27/><D23/><U63/><E12/><V15/><F29/><W119/><G119/><T133/><D133/><U135/><E10/><V103/><F103/><W91/><G134/><AGARI ba="0,0" hai="58,63,67,72,76,82,94,99,102,134,135" m="42505" machi="134" ten="30,2900,0" yaku="14,1,10,1" doraHai="16" who="1" fromWho="3" sc="308,0,279,29,250,0,163,-29" /><INIT seed="1,1,0,0,4,41" ten="308,308,250,134" oya="1" hai0="14,11,2,40,63,37,89,55,7,25,49,104,97" hai1="115,93,135,75,108,8,102,62,87,61,21,38,123" hai2="73,127,15,103,43,71,47,94,74,17,83,9,50" hai3="79,113,45,18,13,86,57,36,81,82,116,88,134"/><U68/><E115/><V133/><F133/><W131/><G131/><T72/><D72/><U48/><E123/><V53/><F127/><W110/><G110/><T33/><D63/><U112/><E38/><V121/><F71/><W67/><G134/><T124/><D124/><U28/><E75/><V0/><F121/><W42/><G113/><T12/><D40/><U39/><E39/><V132/><F132/><W58/><G67/><T91/><D37/><U44/><E112/><V69/><F69/><W26/><G26/><T59/><D2/><U30/><E135/><V10/><F43/><W119/><G119/><T120/><D120/><U46/><E108/><V96/><REACH who="2" step="1"/><F83/><REACH who="2" ten="308,308,240,134" step="2"/><W107/><G116/><T24/><D33/><U65/><E68/><V100/><F100/><W32/><G32/><T6/><D91/><N who="1" m="53503" /><E102/><V64/><F64/><W122/><G122/><T77/><D77/><U114/><E114/><V95/><F95/><W84/><REACH who="3" step="1"/><G107/><REACH who="3" ten="308,308,240,124" step="2"/><T78/><D104/><U27/><E65/><V5/><AGARI ba="1,2" hai="0,5,9,10,15,17,47,50,53,73,74,94,96,103" machi="5" ten="30,4000,0" yaku="1,1,0,1,52,1,53,0" doraHai="41" doraHaiUra="70" who="2" fromWho="2" sc="308,-11,308,-21,240,63,124,-11" /><INIT seed="2,0,0,2,2,100" ten="297,287,303,113" oya="2" hai0="93,86,107,72,109,103,18,94,44,37,113,58,78" hai1="101,114,39,25,66,116,130,62,54,87,111,7,79" hai2="96,127,57,41,69,10,97,28,126,119,13,11,45" hai3="88,8,102,4,2,108,34,85,95,59,65,131,61"/><V71/><F119/><W98/><G108/><T27/><D113/><U5/><E114/><V0/><F28/><W36/><G36/><T99/><D109/><U117/><E111/><V22/><F57/><W110/><G110/><T84/><D58/><U129/><E39/><V77/><F77/><W133/><G133/><T16/><D27/><U17/><E54/><V112/><F112/><W134/><G134/><T115/><D115/><U105/><E87/><V75/><F75/><W9/><G131/><N who="1" m="50186" /><E79/><V38/><F22/><W56/><G34/><T14/><D86/><U31/><E17/><V20/><F20/><W81/><REACH who="3" step="1"/><G8/><REACH who="3" ten="297,287,303,103" step="2"/><T64/><D37/><U80/><E117/><V120/><F11/><W51/><G51/><T82/><D72/><U15/><E116/><V53/><F10/><W26/><G26/><T48/><D48/><U23/><E15/><V106/><F13/><W125/><G125/><T73/><D73/><U124/><E124/><V123/><F127/><W49/><G49/><T47/><D14/><U89/><E5/><V74/><F126/><W92/><G92/><T3/><D94/><U70/><E7/><V21/><F74/><W118/><G118/><T135/><D93/><U33/><E23/><V55/><F21/><W12/><G12/><T121/><D121/><U132/><E132/><V40/><F123/><W104/><G104/><T67/><D107/><U19/><E105/><V128/><F120/><W30/><G30/><T90/><D135/><U60/><E33/><V1/><F106/><W42/><G42/><T68/><D3/><U50/><E31/><RYUUKYOKU ba="0,1" sc="297,-10,287,-10,303,-10,103,30" hai3="2,4,9,56,59,61,65,81,85,88,95,98,102" /><INIT seed="3,1,1,3,5,39" ten="287,277,293,133" oya="3" hai0="131,112,37,96,41,113,110,119,105,22,15,5,66" hai1="107,52,10,64,84,114,117,75,28,60,21,2,69" hai2="56,101,85,49,106,116,6,82,103,23,74,19,89" hai3="32,70,51,55,1,124,40,90,68,7,59,121,4"/><W58/><G121/><T11/><D119/><U87/><E114/><N who="0" m="44137" /><D131/><U100/><E75/><V24/><F116/><W99/><G32/><T25/><D66/><U3/><E117/><V130/><F130/><W129/><G129/><T9/><D9/><U73/><E73/><V30/><F74/><W61/><G124/><T86/><D86/><U126/><E126/><V43/><F6/><W54/><G40/><T81/><D81/><U57/><E100/><N who="2" m="38475" /><F106/><W48/><G61/><T13/><D110/><U47/><E107/><V67/><F67/><W122/><G122/><T80/><D80/><U62/><E47/><N who="2" m="25855" /><F56/><W109/><G109/><T63/><D63/><U111/><E111/><V35/><F35/><W50/><G50/><T12/><D96/><U128/><E128/><V34/><F34/><W93/><REACH who="3" step="1"/><G1/><REACH who="3" ten="287,277,293,123" step="2"/><N who="0" m="431" /><D105/><U88/><E2/><V8/><F8/><W72/><G72/><T120/><D120/><U46/><E10/><V78/><F78/><W33/><G33/><T135/><D37/><U77/><E3/><V118/><F118/><W65/><G65/><T102/><D41/><U0/><E0/><V98/><F98/><W76/><G76/><T125/><D125/><U27/><E77/><V97/><F97/><W123/><G123/><T42/><D42/><U29/><E87/><V17/><AGARI ba="1,2" hai="17,19,23,24,30,82,85,89" m="25855,38475" machi="17" ten="30,2000,0" yaku="8,1,52,1" doraHai="39" who="2" fromWho="2" sc="287,-6,277,-6,293,43,123,-11" owari="281,8.1,271,-12.9,336,43.6,112,-38.8" /></mjloggm>