<mjloggm ver="2.3"><GO type="225" lobby="0"/><UN n0="%E9%A6%AC%E5%BC%95%E7%81%AB%33" n1="%E8%B5%A4%E3%81%84%E8%9B%99%31%31" n2="%72%61%6B%33" n3="%E8%B7%AF%E9%9C%B8" dan="16,16,16,17" rate="2150.19,2085.56,2094.53,2128.57" sx="M,M,M,M"/><TAIKYOKU oya="0"/><INIT seed="0,0,0,5,4,15" ten="250,250,250,250" oya="0" hai0="82,22,128,92,8,105,111,68,69,91,93,51,87" hai1="10,43,114,76,99,94,70,110,7,9,42,41,26" hai2="103,108,112,47,115,23,64,66,127,25,28,54,44" hai3="134,80,49,72,63,118,57,75,126,129,86,4,77"/><T6/><D105/><U65/><E110/><V20/><F108/><W33/><G118/><T133/><D111/><U109/><E109/><V39/><F127/><W61/><G126/><T36/><D36/><U48/><E114/><V132/><F103/><W104/><G104/><T1/><D128/><U19/><E76/><V21/><F132/><W90/><G33/><T107/><D107/><U121/><E121/><V55/><F39/><W106/><G106/><T83/><D133/><U46/><E70/><V32/><F47/><W97/><G134/><T13/><D51/><U84/><E84/><V78/><F78/><W53/><G129/><T122/><D122/><U123/><E65/><V18/><F44/><W89/><G4/><T0/><D83/><U11/><E7/><V52/><REACH who="2" step="1"/><F18/><REACH who="2" ten="250,250,240,250" step="2"/><W67/><G77/><T31/><D6/><U125/><E125/><V60/><F60/><W71/><G63/><T79/><D79/><U119/><E123/><V29/><F29/><W59/><G72/><T117/><D31/><U38/><E38/><V101/><F101/><W2/><G75/><T81/><D117/><U96/><E119/><V35/><F35/><W113/><G113/><AGARI ba="0,1" hai="20,21,23,25,28,32,52,54,55,64,66,112,113,115" machi="113" ten="50,6400,0" yaku="1,1,54,1,53,1" doraHai="15" doraHaiUra="27" who="2" fromWho="3" sc="250,0,250,0,240,74,250,-64" /><INIT seed="1,0,0,0,0,72" ten="250,250,314,186" oya="1" hai0="18,32,20,135,76,65,5,77,124,56,92,16,134" hai1="103,129,106,42,94,126,118,74,82,41,62,131,45" hai2="12,99,0,60,26,125,2,69,52,37,33,55,78" hai3="96,86,83,132,90,14,87,23,115,98,64,7,3"/><U93/><E118/><V80/><F37/><W1/><G115/><T44/><D124/><U85/><E62/><V10/><F125/><W112/><G112/><T75/><D32/><U133/><E126/><V97/><F0/><W15/><G132/><N who="0" m="50731" /><D5/><U43/><E133/><V51/><F2/><W113/><G113/><T109/><D109/><U17/><E17/><N who="0" m="6761" /><D75/><U13/><E13/><V105/><F26/><W67/><G23/><T58/><D20/><U88/><E45/><V4/><F33/><W40/><G83/><T111/><D111/><U61/><E61/><V100/><F99/><W89/><REACH who="3" step="1"/><G40/><REACH who="3" ten="250,250,314,176" step="2"/><T128/><D128/><N who="1" m="49227" /><E74/><V54/><F60/><W38/><G38/><T63/><D44/><U11/><E11/><V95/><F69/><W28/><G28/><T117/><D117/><U71/><E71/><V29/><F29/><W114/><G114/><T46/><D46/><U19/><E19/><V25/><F25/><W35/><G35/><T127/><D127/><U21/><E21/><V48/><REACH who="2" step="1"/><F105/><REACH who="2" ten="250,250,304,176" step="2"/><W49/><G49/><T119/><D119/><U6/><E106/><V50/><F50/><W68/><G68/><T30/><D30/><U34/><E34/><V36/><F36/><W39/><G39/><T116/><D116/><U22/><E22/><V27/><F27/><W102/><G102/><T107/><D107/><U47/><E103/><V104/><F104/><W70/><G70/><T73/><D63/><U66/><E6/><AGARI ba="0,2" hai="1,3,6,7,14,15,64,67,86,87,89,90,96,98" machi="6" ten="25,8000,1" yaku="1,1,22,2,53,2" doraHai="72" doraHaiUra="9" who="3" fromWho="1" sc="250,0,250,-80,304,0,176,100" /><INIT seed="2,0,0,5,1,21" ten="250,170,304,276" oya="2" hai0="34,38,117,105,36,0,2,104,31,13,80,85,56" hai1="76,4,126,89,17,100,25,51,1,110,121,128,45" hai2="55,68,113,42,132,35,73,52,120,84,47,48,61" hai3="19,70,50,64,74,37,102,3,115,125,46,67,60"/><V11/><F73/><W123/><G123/><T134/><D13/><U22/><E121/><V16/><F120/><W69/><G74/><T8/><D56/><U108/><E100/><V62/><F113/><W127/><G3/><T41/><D85/><U49/><E76/><V109/><F35/><W15/><G115/><T90/><D90/><U81/><E126/><N who="3" m="48138" /><G102/><T122/><D80/><U33/><E33/><V78/><F132/><W107/><G107/><T82/><D82/><U6/><E128/><V9/><F109/><W44/><G37/><T111/><D41/><U124/><E124/><V28/><F28/><W23/><G50/><T114/><D38/><U39/><E39/><V92/><F68/><N who="3" m="26219" /><G67/><T18/><D114/><U20/><E49/><V29/><F29/><W59/><AGARI ba="0,0" hai="15,19,23,44,46,59,60,64" m="26219,48138" machi="59" ten="30,1100,0" yaku="18,1" doraHai="21" who="3" fromWho="3" sc="250,-3,170,-3,304,-5,276,11" /><INIT seed="3,0,0,4,4,93" ten="247,167,299,287" oya="3" hai0="122,116,49,129,102,56,71,22,63,82,85,12,104" hai1="38,21,0,6,115,4,66,109,52,77,24,67,45" hai2="103,8,81,40,120,25,101,73,74,39,58,18,98" hai3="114,78,96,26,61,30,97,17,10,118,108,95,27"/><W20/><G118/><T132/><D116/><U50/><E109/><V121/><F58/><W7/><G114/><T125/><D122/><N who="2" m="47210" /><F81/><W111/><G78/><T54/><D125/><U19/><E115/><V87/><F87/><W28/><G61/><T47/><D129/><U11/><E38/><V105/><F103/><W48/><G48/><T43/><D132/><U89/><E77/><V113/><F113/><W75/><G75/><N who="2" m="28681" /><F8/><W135/><G135/><T53/><D71/><U131/><E131/><V13/><F13/><N who="3" m="5343" /><G95/><T84/><D104/><U117/><E117/><V32/><F18/><W46/><G46/><T91/><D85/><U127/><E127/><V9/><F9/><W31/><G27/><T106/><D106/><U29/><E4/><V80/><F80/><W65/><G65/><T16/><REACH who="0" step="1"/><D102/><REACH who="0" ten="237,167,299,287" step="2"/><U133/><E133/><V112/><F112/><W79/><G111/><T34/><D34/><U41/><E89/><V55/><F105/><W44/><G108/><T23/><D23/><U15/><E41/><AGARI ba="0,1" hai="12,16,22,41,43,47,49,53,54,56,63,82,84,91" machi="41" ten="40,5200,0" yaku="1,1,8,1,54,1,53,0" doraHai="93" doraHaiUra="128" who="0" fromWho="1" sc="237,62,167,-52,299,0,287,0" /><INIT seed="4,0,0,5,3,113" ten="299,115,299,287" oya="0" hai0="72,2,112,43,124,26,17,0,133,117,86,28,48" hai1="71,92,5,121,35,89,135,123,11,45,23,15,102" hai2="39,58,32,57,122,53,116,90,8,49,47,44,68" hai3="114,76,130,20,54,81,98,42,79,105,88,78,97"/><T64/><D117/><U74/><E135/><V82/><F122/><W55/><G114/><T108/><D72/><U129/><E71/><V96/><F32/><W3/><G3/><T6/><D112/><U40/><E129/><V46/><F68/><W100/><G130/><T10/><D64/><U93/><E35/><V7/><F116/><W56/><G42/><T24/><D0/><U111/><E74/><V12/><F39/><W127/><G127/><T85/><D133/><U9/><E111/><V67/><F82/><W83/><G20/><T99/><D124/><U30/><E102/><V18/><F7/><W125/><G125/><T118/><D118/><U110/><E110/><V33/><F33/><W65/><G65/><T19/><D99/><U80/><E11/><V106/><F106/><W94/><REACH who="3" step="1"/><G54/><REACH who="3" ten="299,115,299,277" step="2"/><T4/><D108/><U29/><E123/><V66/><F58/><W101/><G101/><T16/><D2/><U115/><E115/><V73/><F73/><W51/><AGARI ba="0,1" hai="51,55,56,76,78,79,81,83,88,94,97,98,100,105" machi="51" ten="30,7900,0" yaku="1,1,0,1,54,1,53,1" doraHai="113" doraHaiUra="50" who="3" fromWho="3" sc="299,-39,115,-20,299,-20,277,89" owari="260,-14.0,95,-40.5,279,7.9,366,46.6" /></mjloggm>