<mjloggm ver="2.3"><GO type="225" lobby="0"/><UN n0="%E3%82%A2%E3%83%9E%E3%83%9D%EF%BD%9E%EF%BD%9E%E3%83%A9" n1="%E5%B8%86%E7%AB%8B%E5%A4%8F%E8%A1%A3" n2="%E3%81%AD%E3%82%80%E3%81%84%40%E9%9B%80%E9%B3%B4%E4%BC%9A" n3="%70%68%65%6E%6F%6D%65" dan="17,17,16,16" rate="2063.06,2275.53,2162.40,2199.21" sx="M,M,F,M"/><TAIKYOKU oya="0"/><INIT seed="0,0,0,5,1,119" ten="250,250,250,250" oya="0" hai0="4,73,27,3,92,100,101,32,85,135,10,62,16" hai1="53,122,43,105,64,31,12,40,71,20,125,52,81" hai2="89,128,72,0,28,18,36,61,84,6,65,110,13" hai3="25,129,126,1,38,26,99,87,54,58,124,95,127"/><T29/><D73/><U123/><E105/><V42/><F72/><W111/><G111/><T96/><D135/><U134/><E134/><V121/><F28/><W7/><G38/><T103/><D85/><U50/><E81/><V37/><F0/><W56/><G87/><T5/><D5/><U91/><E91/><V86/><F6/><W130/><G7/><T113/><D113/><U48/><E12/><V63/><F128/><N who="3" m="49259" /><G1/><T93/><D93/><U82/><E20/><V88/><F42/><N who="1" m="15913" /><E82/><V70/><F110/><W112/><G112/><T67/><REACH who="0" step="1"/><D16/><REACH who="0" ten="240,250,250,250" step="2"/><U90/><E31/><V14/><F18/><W22/><G22/><T77/><BYE who="3" /><D77/><UN n3="%70%68%65%6E%6F%6D%65" /><U47/><E90/><V76/><F76/><W79/><G79/><T74/><D74/><U46/><E125/><V132/><F132/><W94/><G95/><T30/><D30/><U109/><E109/><V59/><F86/><W35/><G35/><T55/><D55/><U120/><E64/><V24/><F89/><N who="3" m="55759" /><G54/><T80/><D80/><U114/><E114/><V102/><F84/><W108/><G108/><T68/><AGARI ba="0,1" hai="3,4,10,27,29,32,62,67,68,92,96,100,101,103" machi="68" ten="20,3900,0" yaku="1,1,0,1,7,1,53,0" doraHai="119" doraHaiUra="106" who="0" fromWho="0" sc="240,49,250,-13,250,-13,250,-13" /><INIT seed="0,1,0,5,5,123" ten="289,237,237,237" oya="0" hai0="100,130,64,106,103,35,84,111,108,86,116,77,55" hai1="50,115,59,33,125,131,101,67,97,75,21,68,80" hai2="56,124,44,73,48,34,4,11,30,113,24,76,39" hai3="46,105,58,81,26,27,85,66,18,87,134,7,95"/><T128/><D35/><U52/><E125/><V119/><F113/><W37/><G105/><T88/><D64/><U98/><E131/><N who="0" m="50217" /><D116/><U104/><E115/><V79/><F124/><W43/><G134/><T90/><D55/><U3/><E3/><V8/><F8/><W47/><G7/><T93/><D77/><U65/><E33/><V102/><F102/><N who="0" m="38954" /><D106/><U133/><E98/><V118/><F56/><W49/><G58/><T60/><D60/><U9/><E133/><V62/><F62/><W74/><G66/><T135/><D135/><U57/><E68/><V51/><F79/><W126/><G126/><T96/><D96/><U36/><E67/><V0/><F119/><W71/><G71/><T107/><D107/><U20/><E65/><V38/><F118/><W92/><G74/><T42/><D42/><U89/><E75/><V23/><F34/><W72/><G72/><T10/><D10/><U78/><E78/><V122/><F122/><W2/><G87/><T127/><D127/><U17/><E59/><V22/><F23/><W70/><G70/><T109/><D109/><U12/><E21/><V63/><F63/><W121/><G121/><T16/><D16/><U28/><E20/><V94/><F76/><W6/><G85/><T82/><AGARI ba="1,0" hai="82,84,86,88,90,93,108,111" m="38954,50217" machi="82" ten="40,18000,2" yaku="19,1,34,2,52,2,54,1" doraHai="123" who="0" fromWho="0" sc="289,183,237,-61,237,-61,237,-61" /><INIT seed="0,2,0,4,3,85" ten="472,176,176,176" oya="0" hai0="101,100,6,131,45,65,30,134,98,118,11,39,90" hai1="52,25,63,81,20,68,94,24,80,75,127,7,126" hai2="119,66,111,44,117,37,107,48,84,53,64,0,14" hai3="106,130,16,35,121,41,74,28,108,19,67,8,27"/><T115/><D118/><N who="2" m="45066" /><F0/><W129/><G108/><T109/><D115/><U73/><E7/><V91/><F107/><W96/><G74/><N who="1" m="28170" /><E68/><V79/><F79/><W49/><G121/><T120/><D109/><U26/><E20/><V50/><F111/><W116/><G116/><T132/><D30/><U5/><E5/><V4/><F37/><W2/><G67/><T76/><D76/><U15/><E15/><V69/><F69/><W18/><G106/><T58/><D120/><U124/><E94/><N who="2" m="54631" /><F50/><W59/><G96/><T43/><D65/><U12/><E12/><V34/><F34/><W1/><G8/><AGARI ba="2,0" hai="4,8,14,44,48,53,64,66" m="54631,45066" machi="8" ten="30,2000,0" yaku="12,1,52,1" doraHai="85" who="2" fromWho="3" sc="472,0,176,0,176,26,176,-26" /><INIT seed="1,0,0,0,5,98" ten="472,176,202,150" oya="1" hai0="110,22,107,78,104,26,43,17,28,52,129,95,91" hai1="101,0,114,100,7,74,76,62,37,102,32,25,124" hai2="119,58,79,16,42,82,88,132,87,36,113,71,19" hai3="30,11,15,9,122,125,112,18,121,73,56,103,39"/><U67/><E114/><V45/><F119/><W89/><G73/><T116/><D116/><U84/><E37/><V49/><F71/><W81/><G112/><T12/><D110/><U135/><E74/><V105/><F113/><W10/><G39/><T97/><D129/><U75/><E75/><V35/><F35/><W133/><G125/><T69/><D78/><U8/><E124/><V120/><F120/><W33/><G133/><T72/><D72/><U55/><E135/><V94/><F105/><W68/><G68/><T54/><D43/><U128/><E128/><V3/><F3/><W38/><G38/><T29/><D29/><U83/><E55/><V4/><F4/><W134/><G134/><T57/><D69/><U117/><E117/><V86/><F132/><W111/><G111/><T85/><D85/><U115/><E115/><V41/><REACH who="2" step="1"/><F58/><REACH who="2" ten="472,176,192,150" step="2"/><W59/><G56/><T14/><D107/><U53/><E53/><V70/><F70/><W1/><G59/><T106/><D54/><U23/><E32/><V40/><F40/><W63/><G1/><T51/><D106/><U20/><E62/><V130/><F130/><W92/><G63/><T123/><D104/><U27/><REACH who="1" step="1"/><E67/><REACH who="1" ten="472,166,192,150" step="2"/><V99/><F99/><N who="3" m="59879" /><G122/><T13/><D123/><U24/><AGARI ba="0,2" hai="0,7,8,20,23,24,25,27,76,83,84,100,101,102" machi="24" ten="30,12000,1" yaku="1,1,0,1,52,3,53,0" doraHai="98" doraHaiUra="50" who="1" fromWho="1" sc="472,-40,166,140,192,-40,150,-40" /><INIT seed="1,1,0,0,0,128" ten="432,306,152,110" oya="1" hai0="91,9,49,71,134,103,15,8,90,25,86,10,96" hai1="132,68,107,99,70,37,113,104,21,130,120,44,133" hai2="105,83,20,87,123,3,59,38,2,43,131,102,6" hai3="40,115,77,1,5,81,18,64,94,30,117,126,54"/><U69/><E113/><V60/><F123/><W12/><G115/><T52/><D71/><U109/><E120/><V0/><F131/><W80/><G126/><T23/><D134/><N who="1" m="51819" /><E130/><V73/><F105/><N who="1" m="40521" /><E109/><V42/><F102/><W129/><G64/><T47/><D103/><U119/><E119/><V89/><F73/><W63/><G40/><T24/><D96/><U72/><E72/><V78/><F78/><W74/><G30/><N who="0" m="17695" /><D25/><U65/><E21/><V84/><F20/><W4/><G1/><T51/><D51/><U48/><E99/><V110/><F110/><W39/><G39/><T29/><D29/><U76/><E76/><V121/><F121/><W22/><G129/><T75/><D75/><U50/><E65/><V31/><F38/><W58/><G117/><T98/><D98/><U79/><E79/><V17/><F31/><W53/><G74/><T26/><D91/><U7/><E7/><V66/><F6/><W27/><G77/><T82/><D26/><U106/><E106/><V46/><F87/><W45/><G27/><T33/><D33/><U61/><E61/><V118/><F118/><W56/><G4/><AGARI ba="1,0" hai="4,8,9,10,15,47,49,52,82,86,90" m="17695" machi="4" ten="30,2000,0" yaku="8,1,54,1" doraHai="128" who="0" fromWho="3" sc="432,23,306,0,152,0,110,-23" /><INIT seed="2,0,0,0,3,42" ten="455,306,152,87" oya="2" hai0="83,105,24,108,98,93,99,115,87,9,110,127,50" hai1="31,13,25,59,77,112,70,14,102,3,111,46,79" hai2="6,36,119,47,34,2,72,12,28,4,37,92,38" hai3="61,35,53,131,68,133,32,114,23,86,89,63,40"/><V16/><F119/><W71/><G131/><T48/><D115/><U84/><E70/><V62/><F72/><W134/><G23/><T132/><D132/><N who="3" m="50793" /><G86/><T0/><D127/><U117/><E46/><V17/><F2/><W91/><G40/><T74/><D74/><U26/><E59/><V33/><F62/><N who="3" m="23563" /><G53/><T43/><D105/><U1/><E111/><N who="0" m="42537" /><D24/><U113/><E84/><V29/><F37/><W39/><G39/><T8/><D99/><U67/><E67/><V49/><F49/><N who="0" m="19050" /><D43/><U45/><E102/><V126/><F126/><W80/><G80/><T82/><D82/><U104/><E104/><V124/><F124/><W19/><G114/><T54/><D54/><U120/><E120/><V76/><F76/><W116/><G116/><T90/><D0/><U125/><E125/><V101/><F12/><W118/><G19/><T129/><D129/><U60/><E60/><V75/><F75/><W81/><G81/><T128/><D128/><U44/><REACH who="1" step="1"/><E117/><REACH who="1" ten="455,296,152,87" step="2"/><V122/><F122/><W52/><G118/><T10/><D87/><U51/><E51/><V20/><F36/><W130/><G130/><T85/><D85/><U58/><E58/><V57/><F38/><W107/><G107/><T64/><D83/><U121/><E121/><V73/><F57/><W106/><G106/><T123/><D123/><U27/><E27/><V95/><F73/><W88/><G52/><T30/><D64/><U21/><E21/><V55/><F20/><W100/><G100/><T103/><D103/><U41/><E41/><V135/><F135/><W97/><G97/><T22/><D22/><RYUUKYOKU ba="0,1" sc="455,10,296,10,152,-30,87,10" hai0="8,9,10,30,90,93,98" hai1="1,3,13,14,25,26,31,44,45,77,79,112,113" hai3="32,35,68,71,88,89,91" /><INIT seed="3,1,1,3,2,70" ten="465,306,122,97" oya="3" hai0="22,18,79,57,106,56,83,131,53,72,49,88,11" hai1="25,92,10,69,4,75,127,124,3,19,123,38,81" hai2="33,27,45,55,100,50,76,73,96,91,17,132,31" hai3="74,109,78,115,65,6,126,16,125,112,94,85,84"/><W107/><G6/><T99/><D131/><U134/><E123/><V71/><F132/><W47/><G65/><T66/><D11/><U8/><E134/><V102/><F71/><W1/><G1/><T5/><D5/><U104/><E104/><V61/><F61/><W68/><G68/><T98/><D106/><U40/><E92/><V103/><F91/><N who="3" m="53607" /><G74/><T110/><D110/><U130/><E130/><V36/><F36/><W52/><G107/><T128/><D128/><U135/><E135/><V133/><F133/><W58/><G47/><T24/><D88/><U121/><E121/><V93/><REACH who="2" step="1"/><F17/><REACH who="2" ten="465,306,112,97" step="2"/><W2/><G109/><T64/><D57/><U23/><E69/><V44/><F44/><W129/><G129/><T0/><D0/><U43/><E10/><V113/><F113/><W32/><G32/><T15/><D72/><U20/><E20/><V114/><F114/><W82/><G2/><T86/><D15/><U90/><E43/><V30/><F30/><W12/><G12/><T108/><D108/><U119/><E90/><V95/><F95/><W42/><G16/><T77/><D77/><U54/><E54/><V37/><F37/><W111/><G42/><T101/><D101/><U117/><E117/><V59/><F59/><W39/><G39/><T122/><D122/><U80/><E119/><V118/><F118/><W97/><G111/><T34/><D34/><U51/><E51/><V41/><F41/><W120/><G120/><T62/><D66/><U67/><E67/><V63/><F63/><N who="3" m="36295" /><G97/><T46/><AGARI ba="1,2" hai="18,22,24,46,49,53,56,62,64,79,83,86,98,99" machi="46" ten="20,2700,0" yaku="0,1,7,1,8,1" doraHai="70" who="0" fromWho="0" sc="465,50,306,-8,112,-8,97,-14" owari="515,61.5,298,9.8,104,-29.6,83,-41.7" /></mjloggm>