<mjloggm ver="2.3"><GO type="225" lobby="0"/><UN n0="%E3%83%A9%E3%83%BC%E3%83%A1%E3%83%B3%E4%BA%94%E9%83%8E" n1="%E3%81%BF%E3%81%BF%E3%81%9A" n2="%E5%B8%86%E7%AB%8B%E5%A4%8F%E8%A1%A3" n3="%E3%83%96%E3%83%83%E3%83%91%E3%82%AA%E3%83%96%E3%83%81%E3%82%AD%E3%83%B3" dan="16,17,17,16" rate="2153.47,2235.11,2241.69,2154.20" sx="M,M,M,M"/><TAIKYOKU oya="0"/><INIT seed="0,0,0,3,3,35" ten="250,250,250,250" oya="0" hai0="55,58,83,96,122,19,51,44,27,132,77,85,20" hai1="38,56,75,74,40,41,130,105,14,95,12,30,112" hai2="61,18,128,124,6,3,9,88,134,81,119,98,24" hai3="111,34,43,120,109,45,126,65,90,127,29,15,110"/><T59/><D132/><U82/><E105/><V113/><F113/><W70/><G120/><T64/><D122/><U47/><E112/><V26/><F134/><W63/><G15/><T91/><REACH who="0" step="1"/><D64/><REACH who="0" ten="240,250,250,250" step="2"/><U4/><E130/><V46/><F128/><W76/><G76/><T25/><D25/><U32/><E74/><V8/><F26/><N who="3" m="18743" /><G90/><T16/><D16/><U99/><E75/><V117/><F24/><W72/><G72/><T28/><D28/><U50/><E30/><V33/><F18/><W49/><AGARI ba="0,1" hai="43,45,49,63,65,70,109,110,111,126,127" m="18743" machi="49" ten="40,1500,0" yaku="14,1" doraHai="35" who="3" fromWho="3" sc="240,-7,250,-4,250,-4,250,25" /><INIT seed="1,0,0,5,0,15" ten="233,246,246,275" oya="1" hai0="97,87,42,6,21,88,64,121,68,48,27,93,76" hai1="107,13,128,85,122,131,112,62,60,83,9,84,61" hai2="96,12,23,0,47,110,132,65,40,66,16,67,130" hai3="80,125,106,8,51,78,20,28,37,77,30,102,108"/><U44/><E112/><V109/><F130/><N who="1" m="49705" /><E122/><V52/><F132/><W105/><G37/><T104/><D121/><U26/><E107/><V69/><F0/><W118/><G108/><N who="2" m="41577" /><F96/><W31/><G125/><T3/><D3/><U72/><E44/><V101/><F101/><W103/><G118/><T71/><D6/><U129/><N who="1" m="49713" /><U41/><DORA hai="56" /><E41/><V2/><F2/><W100/><G20/><T116/><D116/><U25/><E72/><V18/><F18/><W99/><G8/><T94/><D104/><U89/><E85/><V33/><F33/><W58/><G99/><T70/><D76/><U119/><E119/><V114/><F114/><W74/><REACH who="3" step="1"/><G78/><REACH who="3" ten="233,246,246,265" step="2"/><T39/><D97/><U11/><E11/><V50/><F40/><W32/><G32/><T59/><D39/><U22/><E22/><V36/><F36/><W79/><G79/><T38/><D38/><U124/><E124/><V10/><F23/><W45/><G45/><T134/><D21/><U63/><N who="1" m="15360" /><DORA hai="55" /><U29/><E29/><V81/><F69/><W90/><G90/><T1/><D88/><U4/><AGARI ba="0,1" hai="4,9,13,25,26,83,84,89" m="15360,49713" machi="4" ten="60,12000,1" yaku="19,1,52,4" doraHai="15,56,55" who="1" fromWho="1" sc="233,-40,246,130,246,-40,265,-40" /><INIT seed="1,1,0,0,2,90" ten="193,376,206,225" oya="1" hai0="94,20,86,73,107,68,70,33,78,93,133,91,9" hai1="82,54,122,109,71,38,40,84,88,41,49,85,81" hai2="102,66,126,52,51,105,22,5,47,64,106,45,119" hai3="1,118,39,92,83,132,3,2,57,61,79,50,74"/><U19/><E122/><V28/><F119/><W87/><G39/><T24/><D33/><U110/><E71/><V26/><F126/><W97/><G118/><T31/><D133/><U116/><E116/><V0/><F102/><W69/><G132/><T113/><D113/><U124/><E124/><V121/><F121/><W72/><G50/><T56/><D107/><U10/><E38/><V59/><F106/><W120/><G69/><T131/><D131/><U48/><E10/><V62/><F105/><W77/><G77/><T63/><D9/><U43/><E19/><V60/><F5/><W4/><G4/><T23/><D23/><U34/><E34/><V104/><F104/><W75/><G120/><T30/><D30/><U115/><E115/><V17/><F0/><W53/><REACH who="3" step="1"/><G97/><REACH who="3" ten="193,376,206,215" step="2"/><T100/><D78/><U129/><E129/><V58/><REACH who="2" step="1"/><F17/><REACH who="2" ten="193,376,196,215" step="2"/><W32/><G32/><T12/><D31/><U25/><E110/><V99/><F99/><W128/><G128/><T95/><D100/><U108/><E109/><V134/><F134/><W101/><G101/><T98/><D98/><U111/><E108/><V112/><F112/><W15/><G15/><T29/><D12/><U127/><E111/><V13/><F13/><W11/><G11/><T117/><D117/><U7/><E127/><V44/><AGARI ba="1,2" hai="22,26,28,44,45,47,51,52,58,59,60,62,64,66" machi="44" ten="20,12000,2" yaku="1,1,0,1,7,1,9,1,8,1,54,1,53,0" doraHai="90" doraHaiUra="114" who="2" fromWho="2" sc="193,-31,376,-61,196,143,215,-31" /><INIT seed="2,0,0,2,2,64" ten="162,315,339,184" oya="2" hai0="38,51,114,25,124,66,24,135,121,34,102,6,130" hai1="11,62,13,96,110,22,83,97,53,56,31,101,104" hai2="87,32,20,67,30,27,92,35,127,29,70,8,118" hai3="60,39,98,111,108,82,1,129,5,10,59,100,37"/><V55/><F118/><W14/><G129/><T16/><D38/><U75/><E110/><N who="3" m="42026" /><G82/><T93/><D121/><U41/><E41/><V15/><F127/><W105/><G1/><T122/><D122/><U26/><E96/><V74/><F74/><W57/><G57/><T125/><D114/><U86/><E75/><V42/><F42/><W40/><G40/><T47/><D135/><U49/><E62/><V17/><F55/><AGARI ba="0,0" hai="5,10,14,37,39,55,59,60,98,100,105" m="42026" machi="55" ten="30,1000,0" yaku="14,1" doraHai="64" who="3" fromWho="2" sc="162,0,315,0,339,-10,184,10" /><INIT seed="3,0,0,3,0,128" ten="162,315,329,194" oya="3" hai0="122,111,118,84,110,74,12,57,133,90,22,101,4" hai1="68,80,54,130,35,40,56,20,55,89,83,63,7" hai2="79,37,24,73,131,126,115,3,16,67,32,26,116" hai3="81,120,13,102,75,49,23,76,71,127,61,135,70"/><W41/><G120/><T60/><D118/><U124/><E35/><V25/><F115/><W34/><G34/><T10/><D122/><U109/><E130/><V119/><F37/><W18/><G127/><T15/><D74/><U46/><E124/><V39/><F39/><W29/><G29/><T6/><D101/><U96/><E109/><V100/><F131/><W17/><G102/><T53/><D22/><U107/><E68/><V58/><F126/><W92/><G92/><T38/><D38/><U112/><E112/><V30/><F3/><W88/><G88/><T125/><D125/><U87/><E7/><V59/><F100/><W134/><G61/><T114/><D114/><U94/><E107/><V132/><F26/><W43/><G18/><T5/><D133/><N who="3" m="50697" /><G43/><T45/><D45/><AGARI ba="0,0" hai="13,17,23,41,45,49,70,71,75,76,81" m="50697" machi="45" ten="30,11600,0" yaku="20,1,52,3" doraHai="128" who="3" fromWho="0" sc="162,-116,315,0,329,0,194,116" /><INIT seed="3,1,0,0,1,23" ten="46,315,329,310" oya="3" hai0="50,61,127,1,112,2,16,116,3,89,83,130,133" hai1="123,34,131,21,13,42,24,52,125,54,44,67,53" hai2="106,95,104,8,12,14,68,87,96,33,47,40,69" hai3="118,64,78,41,18,108,55,100,26,25,113,107,79"/><W110/><G113/><T11/><D50/><N who="1" m="26903" /><E34/><V99/><F33/><W65/><G118/><T76/><D61/><U28/><E123/><V77/><F14/><W5/><G41/><T29/><D89/><U128/><E67/><N who="3" m="25674" /><G5/><T82/><D82/><U36/><E13/><V27/><F27/><N who="3" m="10251" /><G18/><T58/><D58/><U93/><E93/><V70/><F106/><W92/><G107/><T46/><D46/><U17/><E125/><V105/><F105/><W124/><G124/><T94/><D94/><U103/><E103/><V109/><F95/><W134/><G134/><T91/><D91/><U72/><E72/><V15/><F15/><W63/><G63/><T51/><D51/><U57/><E36/><V22/><F104/><W88/><G55/><T32/><D127/><U111/><E111/><N who="3" m="42538" /><G100/><T19/><D112/><U81/><E81/><N who="2" m="47535" /><F109/><W74/><G74/><T6/><D116/><U115/><E115/><V49/><F22/><W132/><G132/><T9/><D133/><U4/><E4/><AGARI ba="1,0" hai="4,8,12,40,47,49,68,69,70,96,99" m="47535" machi="4" ten="30,1000,0" yaku="25,1" doraHai="23" who="2" fromWho="1" sc="46,0,315,-13,329,13,310,0" owari="46,-45.4,302,-9.8,342,44.2,310,11.0" /></mjloggm>