<mjloggm ver="2.3"><GO type="225" lobby="0"/><UN n0="%E3%83%94%E3%83%B3%E3%82%B5%E3%83%AD%E5%BA%97%E5%93%A1" n1="%E3%83%96%E3%83%83%E3%83%91%E3%82%AA%E3%83%96%E3%83%81%E3%82%AD%E3%83%B3" n2="%E6%81%A5%E6%99%92%E3%81%97" n3="%72%65%6E%6B%75%6E" dan="17,16,16,17" rate="2174.36,2182.20,2138.27,2205.21" sx="M,M,M,M"/><TAIKYOKU oya="0"/><INIT seed="0,0,0,5,3,86" ten="250,250,250,250" oya="0" hai0="23,50,22,47,57,19,103,72,1,75,130,55,79" hai1="48,10,112,118,115,27,38,33,76,59,131,18,97" hai2="70,91,65,58,119,7,132,69,114,45,61,60,71" hai3="110,26,96,121,102,30,83,92,73,135,44,32,82"/><T94/><D1/><U111/><E118/><V36/><F7/><W34/><G34/><T88/><D130/><U31/><E38/><V123/><F119/><W108/><G135/><T11/><D103/><U129/><E76/><V126/><F132/><W49/><G121/><T21/><D79/><U43/><E97/><V2/><F2/><W62/><G62/><T109/><D109/><N who="3" m="42089" /><G73/><T77/><D77/><U134/><E111/><V124/><F123/><W133/><G133/><T63/><D11/><U84/><E134/><V107/><F107/><W87/><G87/><N who="0" m="52511" /><D75/><U90/><E10/><V117/><F117/><W53/><AGARI ba="0,0" hai="26,30,32,44,49,53,82,83,92,96,102" m="42089" machi="53" ten="30,1100,0" yaku="14,1" doraHai="86" who="3" fromWho="3" sc="250,-5,250,-3,250,-3,250,11" /><INIT seed="1,0,0,2,1,75" ten="245,247,247,261" oya="1" hai0="36,107,79,53,44,21,71,33,111,10,0,102,128" hai1="127,18,80,131,117,24,106,70,114,49,38,72,129" hai2="97,110,17,91,52,120,121,28,19,93,37,11,112" hai3="76,66,67,55,123,73,77,86,23,6,125,56,133"/><U109/><RYUUKYOKU type="yao9" ba="0,0" sc="245,0,247,0,247,0,261,0" hai1="18,24,38,49,70,72,80,106,109,114,117,127,129,131" /><INIT seed="1,1,0,2,1,124" ten="245,247,247,261" oya="1" hai0="87,23,28,90,78,114,58,50,98,21,33,108,17" hai1="26,2,40,96,27,29,48,94,118,45,67,61,12" hai2="77,95,20,66,5,126,65,47,103,88,55,93,112" hai3="22,11,35,102,83,32,1,125,111,72,6,38,74"/><U105/><E118/><V9/><F126/><W16/><G125/><T79/><D114/><U49/><E2/><V13/><F112/><W133/><G111/><T110/><D33/><U3/><E3/><V68/><F77/><W130/><G133/><T10/><D98/><U134/><E134/><V109/><F109/><N who="0" m="42090" /><D10/><U99/><E105/><V37/><F68/><W75/><G38/><T64/><D28/><U60/><E99/><N who="2" m="59887" /><F37/><W101/><G83/><N who="0" m="49535" /><D23/><U56/><E12/><V51/><F20/><W113/><G113/><T54/><D64/><U43/><E29/><V73/><F73/><W46/><G46/><T76/><D76/><U89/><REACH who="1" step="1"/><E61/><REACH who="1" ten="245,237,247,261" step="2"/><V106/><F106/><W52/><G101/><T19/><D19/><U57/><E57/><V128/><F13/><AGARI ba="1,1" hai="13,17,21,50,54,58,78,79" m="49535,42090" machi="13" ten="30,1000,0" yaku="14,1" doraHai="124" who="0" fromWho="2" sc="245,23,237,0,247,-13,261,0" /><INIT seed="2,0,0,2,1,31" ten="268,237,234,261" oya="2" hai0="75,34,96,126,46,79,8,41,23,10,100,111,90" hai1="50,122,48,26,104,5,20,39,1,65,58,80,53" hai2="73,59,86,11,125,70,103,13,38,78,101,94,116" hai3="36,98,72,56,60,28,71,82,130,129,83,55,67"/><V66/><F116/><W134/><G134/><T88/><D34/><U9/><E122/><V22/><F70/><W44/><G28/><T32/><D32/><U18/><E39/><V29/><F38/><W62/><G98/><T120/><D120/><U84/><E104/><V40/><F73/><W106/><G106/><T95/><D111/><U4/><E4/><N who="2" m="3303" /><F125/><W37/><G82/><T85/><D126/><U47/><E65/><V15/><F40/><W3/><G3/><T131/><D131/><N who="3" m="50185" /><G44/><T118/><D118/><U93/><E93/><V49/><F78/><AGARI ba="0,0" hai="36,37,55,56,60,62,67,71,72,78,83" m="50185" machi="78" ten="30,1000,0" yaku="19,1" doraHai="31" who="3" fromWho="2" sc="268,0,237,0,234,-10,261,10" /><INIT seed="3,0,0,4,1,21" ten="268,237,224,271" oya="3" hai0="3,120,105,16,8,6,117,59,24,112,126,68,4" hai1="73,84,90,115,121,54,60,65,127,110,17,38,83" hai2="114,42,128,80,134,69,89,82,52,32,122,48,133" hai3="53,129,91,108,20,11,107,63,135,36,55,66,41"/><W40/><G107/><T70/><D112/><U123/><E115/><V125/><F114/><W99/><G129/><T5/><D117/><U92/><E38/><V47/><F128/><W102/><G135/><N who="2" m="51721" /><F125/><W37/><G102/><T67/><D120/><U111/><E127/><V29/><F122/><W43/><G11/><T75/><D75/><U106/><E123/><V119/><F69/><W124/><G124/><T100/><D126/><U13/><E121/><V93/><F119/><W39/><G99/><T35/><D59/><U2/><E111/><V96/><F42/><W94/><G94/><T101/><D101/><U45/><E110/><V61/><F61/><W98/><G20/><T72/><D72/><U50/><E60/><V131/><F131/><W22/><G22/><T87/><D87/><U130/><E130/><V10/><F10/><W103/><G91/><T44/><D44/><U88/><E50/><V49/><F48/><W86/><G86/><T56/><D70/><U57/><E65/><V85/><F96/><W12/><G12/><N who="0" m="7175" /><D68/><U19/><E54/><N who="3" m="20490" /><G98/><N who="0" m="61591" /><D67/><U25/><E73/><V23/><F32/><W81/><G103/><T15/><D35/><U27/><E106/><V0/><F0/><W74/><G108/><T30/><D3/><U78/><E2/><V116/><F116/><W113/><G113/><T31/><D15/><U7/><E84/><V26/><AGARI ba="0,0" hai="23,26,29,47,49,52,80,82,85,89,93" m="51721" machi="26" ten="30,4000,0" yaku="20,1,52,1,54,1" doraHai="21" who="2" fromWho="2" sc="268,-10,237,-10,224,40,271,-20" /><INIT seed="4,0,0,0,1,121" ten="258,227,264,251" oya="0" hai0="27,131,25,0,4,6,68,107,83,22,80,17,55" hai1="79,69,78,127,47,28,26,56,128,92,103,29,102" hai2="45,81,123,134,57,75,118,43,9,24,117,33,54" hai3="97,51,20,125,122,119,48,58,35,44,38,70,74"/><T76/><D107/><U62/><E127/><V59/><F123/><W46/><G35/><T129/><D68/><U94/><E69/><V112/><F112/><W14/><G74/><T13/><D55/><U61/><E128/><N who="0" m="49225" /><D83/><U64/><E47/><V15/><F134/><W89/><G70/><T115/><D115/><U5/><E5/><N who="0" m="2153" /><D0/><U36/><E36/><V110/><F81/><W101/><G38/><T91/><D91/><U106/><E106/><V67/><F54/><W7/><G89/><T60/><D60/><U31/><E26/><V16/><F67/><W71/><G51/><T37/><D37/><U18/><E18/><V72/><F75/><AGARI ba="0,0" hai="13,17,22,25,27,75,76,80" m="2153,49225" machi="75" ten="30,1500,0" yaku="19,1" doraHai="121" who="0" fromWho="2" sc="258,15,227,0,264,-15,251,0" /><INIT seed="4,1,0,5,5,31" ten="273,227,249,251" oya="0" hai0="117,67,28,99,16,135,55,131,119,86,26,64,56" hai1="40,47,96,61,1,129,95,76,34,126,12,68,102" hai2="58,118,17,11,29,132,5,50,60,83,112,63,120" hai3="41,105,54,71,46,66,115,134,108,114,100,25,113"/><T42/><D131/><U125/><E1/><V106/><F120/><W70/><G108/><T123/><D123/><U4/><E129/><V23/><F106/><W59/><G134/><T90/><D135/><U49/><E76/><V97/><F132/><W85/><G85/><T73/><D73/><U69/><E61/><V94/><F112/><W77/><G77/><T101/><D42/><U0/><E0/><V36/><F36/><N who="3" m="21799" /><G25/><T124/><D124/><N who="1" m="47723" /><E4/><V51/><F29/><W22/><G22/><T84/><D119/><U128/><E128/><V103/><F63/><N who="3" m="38271" /><G100/><T72/><D72/><U92/><E12/><N who="2" m="5231" /><F118/><W57/><G105/><T93/><D117/><U13/><E13/><N who="2" m="9647" /><F83/><W7/><G7/><T91/><D86/><U79/><E79/><V74/><F74/><W9/><G9/><T48/><D16/><U18/><E18/><V20/><F20/><W89/><G89/><T87/><D87/><U53/><E95/><V110/><F110/><W39/><G39/><T116/><D116/><U44/><E34/><V88/><F103/><W32/><G32/><T98/><D91/><U27/><E27/><V127/><F127/><W6/><G6/><T19/><D19/><U133/><E133/><V2/><F2/><W75/><G75/><T35/><D99/><U52/><E40/><V121/><F121/><W14/><G14/><T111/><D111/><U107/><E107/><AGARI ba="1,0" hai="26,28,35,48,55,56,64,67,84,90,93,98,101,107" machi="107" ten="30,2900,0" yaku="7,1,52,1" doraHai="31" who="0" fromWho="1" sc="273,32,227,-32,249,0,251,0" owari="305,40.5,195,-30.5,249,-15.1,251,5.1" /></mjloggm>