<mjloggm ver="2.3"><GO type="225" lobby="0"/><UN n0="%E6%9C%88%E5%B3%B6%E5%9F%BA" n1="%E3%83%81%E3%83%83%E3%82%BF%E3%82%BD%E3%83%BC" n2="%E3%83%96%E3%83%83%E3%83%91%E3%82%AA%E3%83%96%E3%83%81%E3%82%AD%E3%83%B3" n3="%E7%9A%AE%E3%80%85" dan="17,16,17,16" rate="2197.83,2172.02,2226.13,2116.39" sx="M,F,M,F"/><TAIKYOKU oya="0"/><INIT seed="0,0,0,4,5,66" ten="250,250,250,250" oya="0" hai0="49,57,42,22,12,76,100,85,98,133,29,109,15" hai1="112,35,97,90,26,122,74,60,37,18,45,61,92" hai2="108,41,77,130,51,3,82,71,88,56,96,33,79" hai3="67,10,81,5,123,32,103,64,83,55,75,68,125"/><T115/><D115/><U131/><E122/><V36/><F3/><W132/><G123/><T72/><D72/><U46/><E131/><V21/><F33/><W17/><G32/><T38/><D38/><U53/><E112/><V120/><F120/><W7/><G125/><T78/><D133/><U110/><E110/><V128/><F108/><W107/><G132/><T89/><D109/><U69/><E74/><V104/><F36/><W40/><G40/><T134/><D134/><U9/><E37/><V87/><F41/><W0/><G7/><T59/><D15/><U43/><E43/><V70/><F21/><W111/><G111/><T126/><D59/><N who="1" m="34927" /><E35/><V101/><F51/><W113/><G113/><T50/><D50/><U8/><E69/><N who="2" m="26123" /><F56/><W19/><G68/><T16/><D126/><U86/><E61/><V47/><F47/><N who="1" m="17929" /><E86/><V116/><F116/><W54/><G75/><T44/><D29/><U14/><E26/><V95/><F77/><W118/><G118/><T2/><D57/><U11/><AGARI ba="0,0" hai="8,9,11,14,18,90,92,97" m="17929,34927" machi="11" ten="30,1100,0" yaku="8,1" doraHai="66" who="1" fromWho="1" sc="250,-5,250,11,250,-3,250,-3" /><INIT seed="1,0,0,4,1,33" ten="245,261,247,247" oya="1" hai0="58,95,52,38,69,17,77,101,54,32,67,124,46" hai1="53,22,48,45,133,30,85,68,115,110,65,10,73" hai2="129,64,132,109,5,116,125,86,51,104,111,19,28" hai3="127,76,50,1,2,102,134,78,4,72,66,16,39"/><U90/><E133/><V97/><F116/><W100/><G39/><T92/><D32/><U8/><E115/><V71/><F132/><W114/><G134/><T118/><D118/><U60/><E73/><V20/><F125/><W61/><G114/><T123/><D124/><U88/><E110/><N who="2" m="41995" /><F129/><W130/><G127/><T84/><D123/><U3/><E3/><V41/><F5/><W6/><G130/><T31/><D69/><U74/><E74/><V117/><F117/><W98/><G50/><N who="0" m="28759" /><D38/><U24/><REACH who="1" step="1"/><E90/><REACH who="1" ten="245,251,247,247" step="2"/><V9/><F104/><W131/><G72/><T103/><D77/><U35/><E35/><V82/><F82/><AGARI ba="0,1" hai="8,10,22,24,30,45,48,53,60,65,68,82,85,88" machi="82" ten="30,11600,0" yaku="1,1,7,1,54,1,53,1" doraHai="33" doraHaiUra="27" who="1" fromWho="2" sc="245,0,251,126,247,-116,247,0" /><INIT seed="1,1,0,5,3,91" ten="245,377,131,247" oya="1" hai0="90,117,128,53,45,55,37,40,60,39,27,121,135" hai1="47,43,110,92,106,57,41,131,129,116,111,122,118" hai2="46,58,103,10,79,3,48,96,2,85,68,1,67" hai3="123,66,28,78,11,32,107,86,102,133,20,120,99"/><U97/><E106/><V64/><F68/><W19/><G133/><T109/><D117/><N who="1" m="45163" /><E57/><V63/><F67/><W80/><G66/><T69/><D135/><U115/><E122/><V113/><F113/><W71/><G71/><T73/><D73/><U49/><E115/><V9/><F85/><W125/><G125/><T56/><D109/><N who="1" m="41483" /><E41/><V23/><F23/><W6/><G28/><T16/><D128/><U59/><E59/><V8/><F79/><W81/><G32/><T101/><D69/><U100/><AGARI ba="1,0" hai="43,47,49,92,97,100,129,131" m="41483,45163" machi="100" ten="40,7800,0" yaku="14,1,10,1,52,1" doraHai="91" who="1" fromWho="1" sc="245,-27,377,81,131,-27,247,-27" /><INIT seed="1,2,0,2,3,15" ten="218,458,104,220" oya="1" hai0="100,34,9,80,0,105,101,83,27,98,94,52,67" hai1="106,64,28,77,104,14,1,6,26,7,90,131,102" hai2="79,82,31,65,63,54,39,86,4,109,74,23,111" hai3="73,20,99,42,103,110,2,53,93,122,51,46,25"/><U36/><E36/><V123/><F123/><W71/><G122/><T19/><D67/><U29/><E131/><V22/><F39/><W37/><G2/><T66/><D66/><U116/><E116/><V69/><F4/><W75/><G71/><T115/><D115/><U126/><E126/><V92/><F54/><W108/><G108/><T13/><D0/><U68/><E1/><V48/><F48/><W85/><G85/><T38/><D38/><U41/><E41/><V57/><F69/><W17/><REACH who="3" step="1"/><G110/><REACH who="3" ten="218,458,104,210" step="2"/><T125/><D125/><U32/><E68/><V10/><F111/><W35/><G35/><T59/><D34/><U84/><E32/><V55/><F109/><W70/><G70/><T21/><D105/><U91/><E106/><V113/><F86/><W96/><G96/><T40/><D100/><U81/><E102/><V127/><F127/><W50/><G50/><N who="0" m="31127" /><D40/><U30/><E84/><V112/><F112/><W45/><AGARI ba="2,1" hai="17,20,25,37,42,45,46,51,53,73,75,93,99,103" machi="45" ten="20,5200,0" yaku="1,1,0,1,7,1,52,1,53,0" doraHai="15" doraHaiUra="118" who="3" fromWho="3" sc="218,-15,458,-28,104,-15,210,68" /><INIT seed="2,0,0,1,4,54" ten="203,430,89,278" oya="2" hai0="39,100,93,5,125,12,17,15,130,86,77,108,26" hai1="110,57,115,119,87,67,132,36,56,116,52,89,82" hai2="94,75,92,112,3,46,7,9,124,25,47,103,84" hai3="123,128,59,95,127,104,49,23,71,76,83,74,62"/><V66/><F112/><W6/><G123/><T111/><D39/><U129/><E110/><N who="0" m="42025" /><D130/><U105/><E115/><V33/><F75/><W120/><G120/><T2/><D125/><U11/><E129/><V90/><F124/><W13/><G104/><T44/><D44/><U122/><E122/><V60/><F33/><W51/><G128/><T113/><D113/><U78/><E132/><V96/><REACH who="2" step="1"/><F25/><REACH who="2" ten="203,430,79,278" step="2"/><W99/><G127/><T135/><D26/><U81/><E116/><V72/><F72/><W53/><G74/><T27/><D27/><U85/><E119/><V80/><F80/><W32/><G83/><T131/><D131/><U50/><E82/><V97/><F97/><W91/><G32/><T55/><D135/><U107/><E78/><V61/><F61/><W63/><G63/><T58/><D77/><U69/><E85/><V8/><F8/><W70/><G76/><T30/><D86/><U101/><E81/><V126/><F126/><W68/><G23/><T121/><D121/><U42/><E11/><V16/><F16/><W18/><G18/><T14/><D17/><U48/><E87/><V29/><F29/><W73/><G73/><T1/><D30/><U114/><E114/><V19/><F19/><W31/><G31/><T88/><D5/><U102/><E105/><V134/><F134/><W41/><G6/><T65/><D93/><U98/><E107/><V106/><F106/><W21/><G21/><T10/><D10/><U34/><E34/><V109/><F109/><W117/><G117/><T35/><D35/><U24/><E98/><V4/><F4/><RYUUKYOKU ba="0,1" sc="203,-10,430,-10,79,30,278,-10" hai2="3,7,9,46,47,60,66,84,90,92,94,96,103" /><INIT seed="2,1,1,1,1,103" ten="193,420,109,268" oya="2" hai0="29,120,15,36,57,48,132,91,83,32,109,44,99" hai1="118,127,19,108,1,54,33,59,34,13,11,43,114" hai2="22,125,37,113,116,0,122,60,104,10,2,40,56" hai3="97,77,41,31,70,55,135,72,51,18,64,50,24"/><V96/><F113/><W4/><G135/><T16/><D120/><U20/><E114/><V134/><F122/><W49/><G41/><T73/><D132/><U86/><E118/><V46/><F134/><W123/><G123/><T71/><D71/><U112/><E112/><V94/><F116/><W107/><G4/><T98/><D36/><U92/><E127/><V58/><F125/><W5/><G5/><T17/><D109/><U129/><E108/><V65/><F10/><W105/><G55/><N who="0" m="30087" /><D73/><U76/><E129/><V85/><F58/><W35/><G18/><T84/><D32/><U52/><E43/><V82/><F22/><W88/><G77/><T3/><D29/><U133/><E133/><V67/><F67/><W124/><G72/><T111/><D3/><U61/><E54/><V101/><REACH who="2" step="1"/><F94/><REACH who="2" ten="193,420,99,268" step="2"/><W74/><G124/><T62/><D111/><U53/><E92/><V100/><F100/><W79/><G64/><N who="0" m="38991" /><D17/><U27/><E33/><V117/><F117/><W68/><G68/><T78/><D91/><AGARI ba="1,2" hai="0,2,37,40,46,56,60,65,82,85,91,96,101,104" machi="91" ten="30,5800,0" yaku="1,1,7,1,52,1,53,0" doraHai="103" doraHaiUra="26" who="2" fromWho="0" sc="193,-61,420,0,99,81,268,0" /><INIT seed="2,2,0,2,4,31" ten="132,420,180,268" oya="2" hai0="55,118,97,25,91,56,48,100,46,6,0,88,33" hai1="50,117,26,57,13,119,29,108,93,45,120,40,76" hai2="109,36,90,30,66,28,135,3,61,110,87,75,104" hai3="101,53,82,11,121,92,49,54,95,24,15,16,67"/><V62/><F3/><W128/><G121/><T132/><D132/><U106/><E108/><N who="2" m="41579" /><F135/><W42/><G128/><T20/><D118/><U96/><E106/><V123/><F123/><W35/><G67/><T43/><D6/><U21/><E120/><V99/><F75/><W98/><G35/><T69/><D69/><U103/><E76/><V68/><F36/><W94/><G24/><T65/><D65/><U86/><E86/><V133/><F61/><W77/><G42/><T44/><D33/><U37/><E13/><V102/><F133/><W70/><G70/><T107/><D0/><U84/><E84/><V51/><F51/><W112/><G112/><T89/><REACH who="0" step="1"/><D43/><REACH who="0" ten="122,420,180,268" step="2"/><U32/><E32/><V34/><F34/><W78/><G54/><T27/><D27/><U2/><E2/><V23/><F23/><W122/><G122/><T63/><D63/><U47/><E57/><V114/><F114/><W105/><REACH who="3" step="1"/><G82/><AGARI ba="2,1" hai="28,30,62,66,68,82,87,90,99,102,104" m="41579" machi="82" ten="30,2900,0" yaku="14,1,10,1" doraHai="31" who="2" fromWho="3" sc="122,0,420,0,180,45,268,-35" /><INIT seed="2,3,0,1,5,85" ten="122,420,225,233" oya="2" hai0="101,133,33,114,10,104,129,107,5,72,80,24,52" hai1="67,121,65,92,100,94,66,111,124,95,59,2,105" hai2="30,83,25,32,37,29,99,39,17,0,97,64,125" hai3="53,89,28,77,8,108,15,43,58,62,44,12,16"/><V93/><F0/><W119/><G108/><T81/><D114/><U73/><E111/><V123/><F123/><W31/><G119/><T130/><D33/><U56/><E124/><V134/><F125/><W131/><G77/><N who="0" m="44071" /><D24/><U128/><E128/><N who="0" m="49257" /><D10/><U79/><E121/><V132/><F64/><W23/><G131/><T1/><D5/><U122/><E2/><V60/><F60/><W63/><G63/><T21/><D21/><U84/><E122/><V117/><F117/><W86/><G44/><T48/><D1/><U54/><E73/><V4/><F4/><N who="3" m="3079" /><G43/><T116/><D116/><U38/><E38/><V75/><F30/><W113/><G113/><T11/><D11/><U106/><E100/><V35/><F35/><W45/><G45/><N who="0" m="27663" /><D101/><U71/><E71/><V13/><F13/><W115/><G115/><T34/><D34/><U6/><E6/><V14/><F14/><W90/><G90/><T22/><D22/><U7/><E7/><V78/><F17/><W76/><G76/><T55/><D55/><U91/><E79/><V74/><F74/><W57/><G57/><T68/><D68/><U120/><E120/><V96/><F39/><W3/><G3/><T87/><D133/><N who="2" m="51306" /><F37/><W40/><G40/><T20/><D20/><U42/><E42/><V19/><F19/><W61/><G61/><T112/><D112/><U50/><REACH who="1" step="1"/><E59/><REACH who="1" ten="122,410,225,233" step="2"/><V70/><F70/><W82/><AGARI ba="3,1" hai="15,16,23,28,31,53,58,62,82,86,89" m="3079" machi="82" ten="30,4000,0" yaku="8,1,52,1,54,1" doraHai="85" who="3" fromWho="3" sc="122,-13,410,-13,225,-23,233,59" /><INIT seed="3,0,0,5,1,25" ten="109,397,202,292" oya="3" hai0="41,70,76,0,83,106,52,48,6,44,105,54,86" hai1="134,15,37,31,45,133,33,96,126,12,32,4,26" hai2="124,119,102,38,39,19,35,40,61,71,10,57,60" hai3="130,109,120,73,129,132,65,58,95,72,121,103,28"/><W59/><G132/><N who="1" m="50794" /><E126/><V107/><F119/><W108/><G65/><T36/><D70/><U122/><E122/><N who="3" m="47210" /><G103/><T104/><REACH who="0" step="1"/><D36/><REACH who="0" ten="99,397,202,292" step="2"/><U53/><E37/><V43/><F71/><W80/><G109/><T20/><D20/><N who="1" m="15815" /><E96/><V47/><F102/><W79/><G108/><T125/><D125/><U49/><E4/><V112/><F124/><W74/><G130/><T98/><D98/><U77/><E77/><V114/><F39/><W11/><G129/><T55/><D55/><U67/><E67/><V30/><F38/><W24/><G11/><T111/><D111/><U46/><E46/><V34/><F47/><W3/><G3/><T131/><D131/><U101/><E101/><V94/><F10/><W64/><G64/><T82/><D82/><U81/><E81/><V92/><F114/><W56/><G95/><T97/><D97/><U22/><E22/><V89/><F112/><W42/><G42/><T85/><D85/><U1/><E1/><V7/><F43/><W93/><G93/><T118/><D118/><U127/><E127/><V8/><F40/><W84/><G84/><T123/><D123/><U66/><E66/><V116/><F92/><W17/><G80/><T29/><D29/><U75/><E75/><V21/><F30/><W16/><G79/><T18/><D18/><N who="3" m="7273" /><G28/><T87/><D87/><U110/><E110/><V68/><F94/><W63/><G63/><T62/><D62/><U135/><E135/><V91/><F61/><W69/><G69/><T50/><D50/><U23/><E23/><V9/><F21/><W128/><G128/><T78/><D78/><RYUUKYOKU ba="0,1" sc="99,10,397,10,202,-30,292,10" hai0="0,6,41,44,48,52,54,76,83,86,104,105,106" hai1="12,15,32,33,45,49,53" hai3="24,56,58,59,72,73,74" /><INIT seed="3,1,1,2,1,134" ten="109,407,172,302" oya="3" hai0="50,64,54,38,78,65,0,7,23,110,6,16,20" hai1="86,99,83,127,14,121,115,131,94,5,2,116,46" hai2="37,53,56,100,128,61,22,72,47,70,104,62,33" hai3="71,101,125,60,130,24,11,17,31,91,81,120,19"/><W124/><G120/><T107/><D110/><U84/><E115/><V93/><F72/><W3/><G101/><T15/><D107/><U88/><E121/><V98/><F128/><W66/><G130/><T26/><D38/><U4/><E131/><V133/><F133/><W40/><G40/><T43/><D43/><U82/><E2/><V76/><F76/><W45/><G45/><T67/><D78/><U113/><E113/><V28/><F22/><W74/><G3/><T103/><D103/><N who="1" m="60919" /><E116/><V35/><F28/><W59/><G71/><T21/><D0/><U122/><E122/><V109/><F109/><W112/><G112/><T106/><D106/><U58/><E46/><V63/><F104/><W27/><G27/><T117/><D117/><U44/><E44/><V96/><F96/><W80/><G11/><T39/><D39/><U32/><E32/><V73/><F73/><W75/><G75/><T129/><D129/><U123/><E123/><V10/><F10/><W89/><G74/><T95/><D95/><U12/><E58/><V57/><F63/><W8/><G8/><T18/><REACH who="0" step="1"/><D23/><REACH who="0" ten="99,407,172,302" step="2"/><U41/><E41/><N who="2" m="22959" /><F35/><W105/><G105/><T92/><D92/><U102/><E102/><V36/><F33/><N who="3" m="20711" /><G89/><T119/><D119/><U108/><E108/><V48/><F36/><W51/><G91/><T87/><D87/><U111/><E111/><V1/><F1/><W118/><G118/><T52/><D52/><U79/><E127/><N who="3" m="48714" /><G51/><T68/><D68/><U34/><E34/><V49/><F70/><W77/><G77/><T114/><D114/><U135/><E135/><RYUUKYOKU ba="1,2" sc="99,0,407,0,172,0,302,0" hai0="6,7,15,16,18,20,21,26,50,54,64,65,67" hai1="4,5,12,14,79,82,83,84,86,88" hai2="48,49,53,56,57,61,62,93,98,100" hai3="17,19,59,60,66,80,81" /><INIT seed="3,2,2,4,5,54" ten="99,407,172,302" oya="3" hai0="41,32,113,37,122,63,83,135,129,47,111,91,16" hai1="28,131,89,98,105,110,82,3,99,93,73,101,128" hai2="29,43,61,33,78,117,34,22,42,27,25,40,35" hai3="86,130,84,62,94,60,9,74,75,21,53,17,52"/><W118/><G118/><T71/><D32/><U133/><E3/><V57/><F117/><W2/><G130/><N who="1" m="49706" /><E28/><V69/><F78/><W10/><G2/><T64/><D129/><U112/><E110/><V56/><REACH who="2" step="1"/><F27/><REACH who="2" ten="99,407,162,302" step="2"/><W20/><G17/><T127/><D122/><U1/><E1/><V51/><F51/><W13/><G94/><T109/><D83/><U49/><E49/><V6/><F6/><W125/><REACH who="3" step="1"/><G13/><REACH who="3" ten="99,407,162,292" step="2"/><T77/><D111/><U126/><E112/><V106/><F106/><W85/><G85/><T115/><D109/><U96/><E126/><AGARI ba="2,4" hai="9,10,20,21,52,53,60,62,74,75,84,86,125,126" machi="126" ten="25,18000,2" yaku="1,1,22,2,54,1,53,2" doraHai="54" doraHaiUra="59" who="3" fromWho="1" sc="99,0,407,-186,162,0,292,226" owari="99,-40.1,221,2.1,162,-23.8,518,61.8" /></mjloggm>