<mjloggm ver="2.3"><GO type="225" lobby="0"/><UN n0="%E3%83%B4%E3%83%A0%EF%BC%99%E3%81%A6" n1="%33%74%72%65%65" n2="%EF%BC%AE%EF%BC%A1%EF%BC%AF%33%33%39" n3="%E6%81%A5%E6%99%92%E3%81%97" dan="16,17,16,16" rate="2153.67,2217.02,2115.16,2088.09" sx="M,F,M,M"/><TAIKYOKU oya="0"/><INIT seed="0,0,0,3,1,65" ten="250,250,250,250" oya="0" hai0="37,105,130,87,106,69,48,127,51,57,52,94,40" hai1="104,44,93,122,45,92,33,77,119,124,73,123,46" hai2="100,58,97,4,11,2,112,102,21,70,1,16,34" hai3="61,0,133,109,78,27,13,95,24,116,108,117,86"/><T129/><D127/><U22/><E119/><N who="3" m="45642" /><G0/><T72/><D72/><U110/><E33/><V9/><F112/><W88/><G78/><T111/><D37/><U99/><E110/><N who="3" m="42602" /><G133/><T10/><D111/><U90/><E124/><V43/><F34/><W47/><G47/><N who="0" m="25703" /><D10/><U64/><E77/><V39/><F39/><W15/><G61/><T79/><D69/><U17/><E73/><V66/><F70/><W30/><G27/><T41/><D41/><U59/><E104/><V56/><F43/><W135/><G135/><T96/><D87/><U63/><REACH who="1" step="1"/><E92/><REACH who="1" ten="250,240,250,250" step="2"/><V131/><F2/><W121/><G121/><T128/><D79/><U85/><E85/><V23/><F1/><W20/><AGARI ba="0,1" hai="13,15,20,24,30,86,88,95" m="42602,45642" machi="20" ten="30,2000,0" yaku="14,1,54,1" doraHai="65" who="3" fromWho="3" sc="250,-10,240,-5,250,-5,250,30" /><INIT seed="1,0,0,2,3,62" ten="240,235,245,280" oya="1" hai0="131,95,107,61,86,104,77,1,88,19,25,21,74" hai1="13,38,106,73,98,113,135,49,132,81,16,116,12" hai2="87,10,126,59,109,11,22,90,115,133,93,4,35" hai3="30,122,65,26,102,63,79,80,97,83,55,114,24"/><U68/><E113/><V33/><F115/><W130/><G130/><T9/><D131/><U69/><E116/><V125/><F109/><W105/><G122/><T34/><D34/><U89/><E38/><V108/><F108/><W20/><G114/><T41/><D41/><U82/><E12/><V51/><F22/><W110/><G110/><T17/><D17/><U76/><E49/><V2/><F10/><W94/><G105/><T112/><D112/><U66/><E81/><V45/><F59/><N who="3" m="37119" /><G79/><T119/><D119/><U57/><E89/><V84/><F84/><W36/><G36/><T85/><D74/><U70/><E98/><V67/><F67/><W15/><G26/><T28/><D61/><N who="1" m="38191" /><E106/><V39/><F39/><W71/><G71/><T129/><D129/><U48/><E48/><V58/><F58/><W5/><G55/><T72/><D72/><U121/><E121/><V134/><F33/><W32/><G32/><T103/><D103/><U60/><E60/><V7/><F35/><W40/><G40/><T3/><D104/><U118/><E118/><V124/><REACH who="2" step="1"/><F7/><REACH who="2" ten="240,235,235,280" step="2"/><W117/><G117/><T44/><D85/><N who="1" m="48327" /><E68/><V18/><F18/><W120/><G120/><T75/><D75/><U127/><E73/><V52/><AGARI ba="0,1" hai="2,4,11,45,51,52,87,90,93,124,125,126,133,134" machi="52" ten="40,8000,1" yaku="1,1,0,1,18,1,54,1,53,0" doraHai="62" doraHaiUra="123" who="2" fromWho="2" sc="240,-20,235,-40,235,90,280,-20" /><INIT seed="2,0,0,2,0,64" ten="220,195,325,260" oya="2" hai0="21,14,95,47,31,113,23,65,19,50,91,134,27" hai1="66,12,39,36,89,2,53,16,26,131,44,35,54" hai2="121,74,25,108,125,133,84,120,70,88,85,93,28" hai3="73,124,13,99,117,71,78,77,135,87,126,118,11"/><V123/><F74/><W52/><G73/><T119/><D113/><U7/><E131/><V0/><F0/><W58/><G99/><T3/><D134/><U96/><E66/><V97/><F133/><W68/><G135/><T109/><D109/><U107/><E107/><V104/><F108/><W92/><G117/><T112/><D112/><U127/><E127/><N who="3" m="48682" /><G118/><T110/><D110/><U41/><E36/><V100/><F125/><W15/><G92/><T55/><D119/><U32/><E89/><V51/><F51/><N who="3" m="31007" /><G15/><T76/><D3/><U75/><E96/><V29/><F70/><N who="3" m="26667" /><G87/><T83/><D65/><U128/><E75/><V102/><F102/><W9/><G9/><T22/><D95/><U105/><E105/><V18/><F85/><W79/><G79/><T33/><D76/><U72/><E72/><V90/><F90/><W43/><G43/><T30/><D91/><U63/><E12/><V1/><F1/><W20/><G20/><T82/><D33/><U6/><E32/><V49/><F121/><W48/><G48/><T132/><D132/><U69/><E35/><V61/><F49/><W5/><AGARI ba="0,0" hai="5,11,13,77,78" m="26667,31007,48682" machi="5" ten="30,8000,1" yaku="18,1,52,3,54,1" doraHai="64" who="3" fromWho="3" sc="220,-20,195,-20,325,-40,260,80" /><INIT seed="3,0,0,3,1,127" ten="200,175,285,340" oya="3" hai0="56,84,96,11,20,12,85,69,63,82,97,79,111" hai1="29,50,17,93,30,131,118,134,43,21,114,99,8" hai2="70,13,38,59,68,37,5,128,116,75,15,4,83" hai3="123,28,126,103,39,62,61,48,31,89,57,22,6"/><W87/><G123/><T106/><D111/><U91/><E114/><V81/><F59/><W133/><G133/><T115/><D115/><U25/><E134/><V45/><F45/><W107/><G39/><T1/><D69/><U49/><E118/><V78/><F78/><W98/><G6/><N who="0" m="3191" /><D1/><U18/><E131/><V42/><F42/><W71/><G126/><T53/><D106/><U92/><E43/><V72/><F116/><W86/><G86/><N who="0" m="48479" /><D20/><U95/><E30/><V94/><F94/><W34/><G62/><T46/><D46/><U65/><E65/><V66/><F66/><W74/><G57/><T23/><D23/><U41/><E41/><V105/><F105/><W2/><G87/><AGARI ba="0,0" hai="53,56,63,84,85,87,96,97" m="48479,3191" machi="87" ten="30,1000,0" yaku="8,1" doraHai="127" who="0" fromWho="3" sc="200,10,175,0,285,0,340,-10" owari="210,-19.0,175,-32.5,285,8.5,330,43.0" /></mjloggm>