<mjloggm ver="2.3"><GO type="225" lobby="0"/><UN n0="%E5%91%A8%E6%9D%B1" n1="%E3%83%96%E3%83%83%E3%83%91%E3%82%AA%E3%83%96%E3%83%81%E3%82%AD%E3%83%B3" n2="%E3%82%B3%E3%83%90%E3%83%AC%E3%82%A4" n3="%E7%99%BD%E5%80%89%E5%AF%9B%E4%B9%8B" dan="17,16,16,16" rate="2196.25,2210.33,2169.26,2122.21" sx="M,M,M,M"/><TAIKYOKU oya="0"/><INIT seed="0,0,0,5,5,2" ten="250,250,250,250" oya="0" hai0="55,97,0,110,27,42,61,63,22,67,33,100,53" hai1="106,77,52,34,80,17,116,130,48,32,74,127,115" hai2="126,45,86,90,75,72,58,49,121,85,14,69,47" hai3="78,122,129,9,79,25,29,21,123,135,51,28,11"/><T46/><D0/><U114/><E116/><V124/><F69/><W107/><G107/><T81/><D81/><U92/><E106/><V57/><F14/><W54/><G135/><T73/><D73/><U65/><E130/><V5/><F49/><W88/><G129/><T99/><D110/><U60/><E127/><V7/><REACH who="2" step="1"/><F90/><REACH who="2" ten="250,250,240,250" step="2"/><W118/><G88/><T62/><D67/><U104/><E115/><V43/><F43/><W39/><G39/><T68/><D68/><U94/><E114/><V23/><F23/><W133/><G133/><T84/><D33/><U50/><E50/><V119/><F119/><W41/><G41/><T98/><D100/><U109/><E48/><V20/><F20/><W103/><G103/><T102/><D102/><U31/><E34/><V59/><F59/><N who="3" m="33247" /><G118/><T38/><REACH who="0" step="1"/><D84/><REACH who="0" ten="240,250,240,250" step="2"/><U19/><E32/><V125/><F125/><W117/><G117/><T10/><D10/><U101/><E101/><V64/><F64/><W91/><G9/><T131/><D131/><U36/><E65/><V105/><F105/><W26/><G11/><T87/><D87/><U12/><E104/><V18/><F18/><AGARI ba="0,2" hai="18,22,27,38,42,46,53,55,61,62,63,97,98,99" machi="18" ten="40,2000,0" yaku="1,1,53,0" doraHai="2" doraHaiUra="76" who="0" fromWho="2" sc="240,40,250,0,240,-20,250,0" /><INIT seed="0,1,0,5,1,103" ten="280,250,220,250" oya="0" hai0="127,119,93,95,35,43,40,113,84,45,13,26,1" hai1="89,73,44,116,74,66,131,14,49,0,96,125,99" hai2="115,91,69,98,92,128,7,123,87,28,9,79,90" hai3="46,58,134,107,122,19,124,59,36,29,31,100,33"/><T42/><D1/><U81/><E116/><V72/><F123/><W47/><G122/><T62/><D119/><U78/><E0/><V77/><F69/><W120/><G120/><T5/><D113/><U41/><E131/><V68/><F68/><W3/><G3/><T17/><D127/><U23/><E125/><V132/><F128/><W110/><G124/><T102/><D5/><U133/><E133/><V83/><F115/><W112/><G112/><T39/><D39/><U114/><E114/><V25/><F132/><W56/><G134/><T60/><D45/><U86/><E66/><V32/><F72/><W64/><G64/><T126/><D26/><U18/><REACH who="1" step="1"/><E73/><REACH who="1" ten="280,240,220,250" step="2"/><V88/><F79/><W11/><G110/><T16/><D126/><U85/><E85/><V76/><F77/><W22/><G36/><T63/><D35/><U117/><E117/><V21/><F32/><W55/><G33/><T80/><D102/><U34/><E34/><V52/><F91/><W8/><G100/><T48/><D48/><U130/><E130/><V118/><F76/><W20/><G55/><T121/><D121/><U111/><E111/><V38/><F38/><W10/><G19/><T106/><D17/><U82/><AGARI ba="1,1" hai="14,18,23,41,44,49,74,78,81,82,86,89,96,99" machi="82" ten="20,2700,0" yaku="1,1,0,1,7,1,53,0" doraHai="103" doraHaiUra="109" who="1" fromWho="1" sc="280,-14,240,40,220,-8,250,-8" /><INIT seed="1,0,0,4,5,24" ten="266,280,212,242" oya="1" hai0="76,55,111,16,104,68,135,109,9,130,30,67,64" hai1="110,72,108,61,129,29,84,132,43,6,80,52,12" hai2="0,86,69,38,117,13,2,77,58,125,120,114,107" hai3="91,105,10,22,97,45,126,54,36,23,103,11,59"/><U87/><E43/><V14/><F58/><W27/><G126/><T5/><D104/><U21/><E132/><V37/><F77/><W118/><G118/><T131/><D76/><N who="1" m="44039" /><E6/><V98/><F86/><W48/><G23/><T127/><D127/><U92/><E129/><N who="0" m="49161" /><D135/><U134/><E134/><V46/><F98/><W115/><G115/><T18/><D55/><U83/><E92/><V79/><F79/><W81/><G81/><T4/><D4/><U75/><E75/><V85/><F85/><W51/><G91/><T44/><D44/><U116/><E116/><V34/><F46/><W101/><G36/><T40/><D40/><U124/><E124/><V60/><F125/><W39/><G39/><T102/><D102/><U3/><E3/><V1/><F117/><W15/><G15/><N who="0" m="5551" /><D30/><U17/><E29/><V8/><F38/><W62/><G103/><T7/><D7/><U90/><E83/><V53/><F37/><W82/><G82/><T113/><D113/><U71/><E90/><V26/><F114/><W122/><G122/><T119/><D119/><U47/><E47/><V106/><F120/><W28/><REACH who="3" step="1"/><G51/><REACH who="3" ten="266,280,212,232" step="2"/><T33/><D33/><U70/><E12/><V49/><F13/><W99/><G99/><T112/><D112/><U74/><E21/><V96/><F96/><W20/><G20/><T100/><D100/><U128/><E128/><V89/><F14/><W56/><G56/><T32/><D32/><U95/><E71/><V133/><F69/><W78/><G78/><T123/><D123/><U66/><E70/><V50/><F34/><W19/><G19/><RYUUKYOKU ba="0,1" sc="266,-10,280,-10,212,-10,232,30" hai3="10,11,22,27,28,45,48,54,59,62,97,101,105" /><INIT seed="2,1,1,2,3,60" ten="256,270,202,262" oya="2" hai0="41,32,97,42,113,79,14,59,110,34,12,29,76" hai1="98,134,112,80,6,44,123,8,130,94,101,102,66" hai2="89,132,103,116,24,23,52,57,49,111,131,125,31" hai3="35,36,100,81,82,51,30,88,87,43,28,15,124"/><V122/><F116/><W68/><G36/><T93/><D113/><U119/><E112/><V17/><F122/><W40/><G124/><T120/><D120/><U54/><E119/><V65/><F125/><W64/><G100/><T99/><D110/><U73/><E123/><V20/><F111/><W83/><G15/><N who="0" m="5675" /><D32/><U127/><E127/><V117/><F117/><W104/><G104/><T95/><D29/><N who="3" m="11369" /><G68/><T71/><D59/><U105/><E134/><V50/><F132/><W56/><G35/><T63/><D63/><U27/><E130/><V4/><F131/><W61/><G51/><T69/><D69/><U9/><E102/><V3/><F103/><W108/><G108/><T106/><D71/><U53/><E105/><V39/><F39/><W22/><G22/><T86/><D106/><U84/><E73/><V11/><F89/><W91/><G91/><T129/><D34/><U85/><E101/><V10/><F10/><W13/><G13/><T58/><D129/><U77/><E8/><V21/><F31/><W78/><G78/><T55/><D76/><U38/><E77/><V1/><F1/><W96/><G96/><T5/><D99/><U25/><E98/><V74/><F74/><W48/><G48/><T2/><D2/><U33/><E9/><V0/><F0/><W47/><G47/><T37/><D37/><U19/><E44/><V109/><F109/><W121/><G121/><T135/><D135/><U7/><E38/><V67/><F50/><W92/><AGARI ba="1,1" hai="40,43,56,61,64,81,82,83,87,88,92" m="11369" machi="92" ten="30,4000,0" yaku="8,1,52,1,54,1" doraHai="60" who="3" fromWho="3" sc="256,-11,270,-11,202,-21,262,53" /><INIT seed="3,0,0,0,3,53" ten="245,259,181,315" oya="3" hai0="101,34,46,9,82,128,0,37,23,75,127,104,110" hai1="120,89,66,33,69,126,135,8,85,18,62,29,88" hai2="123,81,77,65,45,50,71,108,54,44,129,122,61" hai3="115,52,4,100,96,11,58,5,79,130,13,92,93"/><W99/><G115/><T134/><RYUUKYOKU type="yao9" ba="0,0" sc="245,0,259,0,181,0,315,0" hai0="0,9,23,34,37,46,75,82,101,104,110,127,128,134" /><INIT seed="3,1,0,2,3,15" ten="245,259,181,315" oya="3" hai0="125,92,104,135,46,106,113,31,119,58,12,73,109" hai1="86,67,0,83,128,39,78,69,13,107,50,55,102" hai2="77,84,14,123,59,100,129,20,36,105,114,8,25" hai3="29,48,54,72,88,64,28,2,76,132,101,118,66"/><W95/><G2/><T3/><D3/><U32/><E128/><V24/><F129/><W62/><G118/><T131/><D73/><U30/><E0/><V4/><F123/><W81/><G101/><T18/><D119/><U27/><E39/><V87/><F36/><W56/><G132/><T71/><D71/><U122/><E122/><V17/><F114/><W126/><G126/><T57/><D131/><U23/><E69/><V35/><F105/><W82/><G82/><T26/><D125/><U44/><E67/><V61/><F100/><W120/><G120/><T21/><D135/><U85/><E102/><V33/><F35/><W97/><G66/><T98/><D109/><U37/><E107/><V121/><F121/><W115/><G115/><T111/><D111/><U93/><E37/><V74/><F74/><W79/><G79/><T116/><D104/><U49/><E49/><V127/><F127/><W43/><G43/><T19/><D106/><U41/><E41/><V130/><F130/><W5/><G5/><T60/><D31/><U51/><E51/><V10/><F77/><W11/><G11/><N who="0" m="6431" /><D116/><U99/><E78/><V7/><F33/><W103/><G103/><N who="0" m="60871" /><D113/><U52/><E83/><V1/><REACH who="2" step="1"/><F25/><REACH who="2" ten="245,259,171,315" step="2"/><W9/><G76/><T16/><D46/><U53/><E32/><V134/><F134/><W133/><G72/><T34/><D34/><U94/><E44/><V80/><F80/><W91/><G81/><T45/><D45/><U40/><E27/><V47/><F47/><W22/><G133/><T63/><D26/><U70/><E40/><V42/><F42/><RYUUKYOKU ba="1,1" sc="245,-10,259,-10,171,30,315,-10" hai2="1,4,7,8,10,14,17,20,24,59,61,84,87" owari="235,-16.5,249,4.9,201,-29.9,315,41.5" /></mjloggm>