<mjloggm ver="2.3"><GO type="225" lobby="0"/><UN n0="%E4%BF%BA%E3%81%A8%E5%A6%96%E5%A4%A2" n1="%77%72%77%72%77%72%77%72" n2="%E3%83%A9%E3%82%B9%E7%8E%87%EF%BC%93%E5%89%B2" n3="%E9%BB%99%E8%81%B4%E3%81%AE%E3%81%99%E3%82%9D%E3%82%81" dan="16,17,16,16" rate="2194.81,2144.67,2212.46,2141.32" sx="F,M,F,M"/><TAIKYOKU oya="0"/><INIT seed="0,0,0,4,3,128" ten="250,250,250,250" oya="0" hai0="92,134,18,57,74,87,23,36,132,44,52,124,40" hai1="50,54,26,95,110,41,88,96,42,65,10,17,14" hai2="48,82,100,25,85,91,33,101,77,106,78,105,34" hai3="90,108,8,112,84,72,30,121,68,47,27,66,62"/><T60/><D74/><U37/><E110/><V59/><F48/><W29/><G108/><T97/><D87/><U115/><E115/><V71/><F71/><W28/><G72/><T75/><D75/><U32/><E37/><V4/><F4/><W5/><G47/><T20/><D124/><U122/><E122/><V3/><F59/><W111/><G112/><T64/><D64/><U94/><E65/><V99/><F3/><W11/><G121/><T56/><D57/><U107/><E107/><N who="2" m="40971" /><F25/><W24/><G111/><T13/><REACH who="0" step="1"/><D23/><REACH who="0" ten="240,250,250,250" step="2"/><U113/><E113/><V53/><F33/><W79/><G79/><N who="2" m="30217" /><F34/><W114/><G114/><T104/><D104/><U123/><E123/><V67/><F67/><W0/><REACH who="3" step="1"/><G8/><REACH who="3" ten="240,250,250,240" step="2"/><T2/><D2/><U1/><E1/><V131/><F131/><W73/><G73/><T49/><D49/><U45/><E10/><V86/><F86/><W118/><G118/><T125/><D125/><U76/><E32/><V103/><F85/><W129/><G129/><T116/><D116/><U127/><E127/><V70/><F99/><W12/><G12/><T58/><D58/><U35/><E96/><V61/><F70/><W135/><G135/><T89/><AGARI ba="0,2" hai="13,18,20,36,40,44,52,56,60,89,92,97,132,134" machi="89" ten="30,12000,1" yaku="1,1,0,1,52,2,54,1,53,0" doraHai="128" doraHaiUra="31" who="0" fromWho="0" sc="240,140,250,-40,250,-40,240,-40" /><INIT seed="0,1,0,5,2,68" ten="380,210,210,200" oya="0" hai0="61,69,45,134,11,24,58,124,15,32,81,1,85" hai1="63,28,26,21,110,123,84,89,103,52,64,34,50" hai2="19,73,75,35,17,48,23,131,12,29,37,2,20" hai3="130,92,76,74,30,100,39,18,125,72,7,97,90"/><T80/><D69/><U46/><E123/><V8/><F48/><W128/><G30/><T54/><D1/><U88/><E110/><V127/><F73/><N who="3" m="28267" /><G7/><T43/><D134/><U98/><E84/><V0/><F75/><W118/><G18/><T36/><D124/><U55/><E55/><V33/><F37/><W66/><G66/><T6/><D85/><U49/><E49/><V93/><F93/><N who="3" m="58415" /><G39/><T13/><D32/><N who="2" m="12362" /><F131/><N who="3" m="50219" /><G118/><T5/><D24/><U126/><E126/><V3/><F127/><W59/><G59/><T60/><D61/><U71/><REACH who="1" step="1"/><E21/><REACH who="1" ten="380,200,210,200" step="2"/><N who="2" m="8267" /><F29/><W62/><G125/><T116/><D116/><U14/><E14/><V104/><F104/><AGARI ba="1,1" hai="26,28,34,46,50,52,63,64,71,88,89,98,103,104" machi="104" ten="30,12000,2" yaku="1,1,7,1,25,2,54,2,53,0" doraHai="68" doraHaiUra="9" who="1" fromWho="2" sc="380,0,200,133,210,-123,200,0" /><INIT seed="1,0,0,3,0,112" ten="380,333,87,200" oya="1" hai0="102,48,63,98,109,19,116,107,118,61,80,12,59" hai1="71,45,134,133,127,29,42,100,104,8,131,66,41" hai2="24,13,70,20,5,105,81,108,126,21,65,31,123" hai3="1,25,121,90,22,54,50,106,135,43,44,52,56"/><U115/><E115/><V124/><F105/><W85/><G135/><N who="1" m="51722" /><E131/><V40/><F40/><W23/><G106/><T120/><D109/><U87/><E127/><N who="2" m="48683" /><F65/><W78/><G1/><T68/><D120/><U60/><E29/><V16/><F81/><W103/><G103/><T30/><D30/><U32/><E32/><N who="2" m="20583" /><F70/><W28/><G121/><T96/><D80/><U39/><E41/><V51/><F51/><W0/><G0/><T84/><D84/><U15/><E87/><V9/><F123/><W6/><G6/><T10/><D96/><U113/><E113/><V92/><F92/><W3/><G3/><T17/><D68/><U132/><N who="1" m="51730" /><U79/><DORA hai="47" /><E79/><V86/><F86/><W111/><G111/><T75/><D75/><U38/><E100/><V83/><F83/><W128/><G128/><T46/><D59/><U99/><E99/><V122/><F122/><W33/><G78/><T64/><D64/><U88/><E88/><V4/><F108/><W36/><REACH who="3" step="1"/><G54/><REACH who="3" ten="380,333,87,190" step="2"/><T101/><D102/><U2/><E2/><V119/><F119/><W93/><AGARI ba="0,1" hai="22,23,25,28,33,36,43,44,50,52,56,85,90,93" machi="93" ten="20,12000,2" yaku="1,1,2,1,0,1,7,1,52,1,54,1,53,1" doraHai="112,47" doraHaiUra="130,89" who="3" fromWho="3" sc="380,-30,333,-60,87,-30,190,130" /><INIT seed="2,0,0,1,5,19" ten="350,273,57,320" oya="2" hai0="49,13,31,52,133,66,70,37,75,58,111,4,36" hai1="135,83,54,68,69,43,55,61,59,125,102,51,99" hai2="88,35,115,64,8,119,90,11,41,40,47,53,104" hai3="117,71,81,56,27,129,2,124,1,29,24,10,112"/><V93/><F104/><W9/><G71/><T48/><D75/><U57/><E83/><V79/><F35/><W98/><G117/><T34/><D111/><U42/><E99/><V67/><F119/><W82/><G124/><T97/><D133/><U122/><E102/><V62/><F115/><W16/><G129/><T85/><D70/><N who="1" m="27243" /><E135/><V113/><F113/><W94/><G112/><T15/><D66/><N who="2" m="25130" /><F79/><W80/><G1/><T95/><D85/><U110/><E110/><V109/><F109/><W121/><G121/><T6/><D31/><U130/><E125/><V77/><F77/><W132/><G132/><T33/><D97/><U23/><E23/><V7/><F7/><W22/><G56/><T105/><D58/><N who="1" m="35031" /><E130/><V89/><F93/><W127/><G2/><T14/><D14/><U38/><E122/><V74/><F74/><W100/><REACH who="3" step="1"/><G127/><REACH who="3" ten="350,273,57,310" step="2"/><T32/><D105/><U108/><E108/><V91/><N who="2" m="22528" /><DORA hai="39" /><V76/><F76/><W128/><G128/><T28/><D95/><U45/><E59/><N who="2" m="35183" /><F47/><W46/><G46/><T107/><D107/><U103/><E103/><V21/><F21/><AGARI ba="0,1" hai="9,10,16,21,22,24,27,29,80,81,82,94,98,100" machi="21" ten="40,12000,2" yaku="1,1,8,1,52,2,54,1,53,1" doraHai="19,39" doraHaiUra="92,44" who="3" fromWho="2" sc="350,0,273,0,57,-120,310,130" owari="350,15.0,273,-12.7,-63,-56.3,440,54.0" /></mjloggm>