<mjloggm ver="2.3"><GO type="225" lobby="0"/><UN n0="%E7%99%BD%E5%80%89%E5%AF%9B%E4%B9%8B" n1="%E3%81%AF%E3%82%88%E3%81%8A%E3%81%98%E3%81%95%E3%82%93" n2="%E5%85%83%E3%82%AB%E3%83%8E%E7%B3%BB%E3%83%92%E3%83%AD%E3%82%A4%E3%83%B3" n3="%E7%89%B9%E6%9D%B1%E3%81%AF%E4%B8%96%E7%95%8C%E3%82%92%E6%95%91%E3%81%86" dan="16,16,16,16" rate="2142.38,2149.65,2197.32,2157.63" sx="M,M,M,M"/><TAIKYOKU oya="0"/><INIT seed="0,0,0,5,2,122" ten="250,250,250,250" oya="0" hai0="24,96,38,89,40,64,49,60,63,101,47,114,134" hai1="85,78,66,7,34,99,4,102,36,9,18,53,6" hai2="108,100,65,113,116,44,8,56,129,104,70,28,16" hai3="117,20,125,12,62,15,119,112,133,135,109,73,58"/><T90/><D134/><N who="3" m="51209" /><G73/><T105/><D114/><U3/><E36/><V25/><F113/><W103/><G112/><T126/><D126/><U54/><E34/><N who="2" m="20751" /><F56/><W37/><G125/><T43/><D63/><U51/><E66/><V45/><F129/><W79/><G37/><T94/><D43/><U68/><E68/><V76/><F76/><W5/><G79/><T11/><D11/><U22/><E85/><V57/><F57/><W26/><G103/><T21/><D38/><U30/><E30/><V115/><F115/><W121/><G121/><T95/><D105/><U123/><E78/><V23/><F8/><N who="3" m="4111" /><G15/><T52/><D40/><U118/><E118/><N who="3" m="45066" /><G20/><T91/><D95/><U128/><E128/><V82/><F23/><W55/><G26/><T87/><D87/><U2/><E123/><V0/><F100/><W39/><G39/><T31/><REACH who="0" step="1"/><D91/><REACH who="0" ten="240,250,250,250" step="2"/><U75/><E9/><V131/><F104/><W61/><G61/><T10/><D10/><U33/><E75/><V110/><F131/><W41/><G41/><T92/><D92/><N who="1" m="58727" /><E53/><V17/><F116/><W106/><G106/><T46/><D46/><N who="1" m="28023" /><E2/><V97/><F0/><W83/><G83/><T107/><D107/><U19/><E3/><V74/><F82/><W71/><G71/><AGARI ba="0,1" hai="21,24,31,47,49,52,60,64,71,89,90,94,96,101" machi="71" ten="30,11600,0" yaku="1,1,7,1,54,1,53,1" doraHai="122" doraHaiUra="98" who="0" fromWho="3" sc="240,126,250,0,250,0,250,-116" /><INIT seed="0,1,0,2,0,34" ten="366,250,250,134" oya="0" hai0="45,31,87,120,79,132,90,2,15,57,114,63,106" hai1="12,84,10,43,37,21,119,36,46,58,80,29,102" hai2="117,101,32,85,62,56,76,118,39,33,64,6,93" hai3="54,1,91,98,71,30,105,69,113,19,16,42,99"/><T131/><D106/><U126/><E119/><N who="2" m="45579" /><F39/><W26/><G113/><T11/><D114/><U72/><E126/><V66/><F6/><W77/><G42/><T97/><D120/><U133/><E133/><V74/><F64/><W88/><G77/><T28/><D2/><U78/><E102/><V123/><F123/><W44/><G1/><T41/><D97/><N who="3" m="36873" /><G105/><T55/><D131/><U18/><E37/><V4/><F101/><W107/><G107/><T122/><D132/><U38/><E36/><V134/><F134/><W7/><G7/><T17/><D79/><U128/><E128/><V53/><F4/><W83/><G71/><T125/><D125/><U104/><E104/><V52/><F74/><W127/><G69/><T70/><D70/><U27/><REACH who="1" step="1"/><E58/><REACH who="1" ten="366,240,250,134" step="2"/><V9/><F56/><W59/><G127/><T73/><D122/><U86/><AGARI ba="1,1" hai="10,12,18,21,27,29,38,43,46,72,78,80,84,86" machi="86" ten="30,4000,0" yaku="1,1,2,1,0,1,53,0" doraHai="34" doraHaiUra="47" who="1" fromWho="1" sc="366,-21,240,53,250,-11,134,-11" /><INIT seed="1,0,0,5,4,104" ten="345,293,239,123" oya="1" hai0="3,108,124,68,69,73,83,25,84,30,74,64,123" hai1="19,50,5,12,100,32,14,0,112,10,40,16,39" hai2="93,87,65,59,56,102,37,22,63,125,17,91,133" hai3="86,43,24,20,116,47,4,131,71,51,11,132,103"/><U106/><E39/><V13/><F133/><W78/><G71/><T101/><D3/><U135/><E106/><V77/><F125/><W61/><G131/><T122/><D101/><U119/><E100/><V29/><F37/><W121/><G132/><T53/><D53/><U46/><E135/><V99/><F77/><W134/><G134/><T95/><D95/><U57/><E19/><V6/><F6/><W98/><G116/><T23/><D108/><U33/><E119/><V117/><F117/><W54/><G121/><N who="0" m="46091" /><D124/><U8/><E112/><V120/><F120/><W76/><G86/><T52/><D52/><U129/><E129/><V80/><REACH who="2" step="1"/><F29/><REACH who="2" ten="345,293,229,123" step="2"/><W60/><G76/><N who="0" m="46183" /><D64/><U58/><E0/><V97/><F97/><W18/><G78/><T111/><D111/><U88/><E33/><V105/><F105/><W1/><REACH who="3" step="1"/><G54/><REACH who="3" ten="345,293,229,113" step="2"/><T90/><D90/><U27/><E88/><V85/><F85/><W38/><G38/><T35/><D35/><U92/><E32/><V15/><F15/><W127/><G127/><T2/><D2/><U49/><E12/><V107/><F107/><AGARI ba="0,2" hai="1,4,11,18,20,24,43,47,51,60,61,98,103,107" machi="107" ten="30,2000,0" yaku="1,1,7,1,53,0" doraHai="104" doraHaiUra="115" who="3" fromWho="2" sc="345,0,293,0,229,-20,113,40" /><INIT seed="2,0,0,5,5,98" ten="345,293,209,153" oya="2" hai0="123,118,9,2,100,30,64,92,16,101,132,119,97" hai1="106,95,78,57,48,76,66,42,130,103,75,54,91" hai2="39,17,65,31,120,69,46,105,61,114,55,89,131" hai3="12,15,79,10,14,36,38,23,128,25,49,21,134"/><V4/><F114/><W60/><G128/><T26/><D123/><U115/><E115/><V126/><F120/><W122/><G122/><T88/><D132/><U28/><E130/><V6/><F131/><W90/><G134/><T125/><D64/><U24/><E75/><V96/><F126/><W51/><G79/><T0/><D125/><U11/><E42/><V59/><F31/><W33/><G10/><T53/><D53/><U110/><E110/><V74/><F74/><W1/><G1/><N who="0" m="619" /><D16/><U43/><E43/><V3/><F3/><W108/><G108/><T83/><D83/><U40/><E40/><V133/><F133/><W111/><G111/><T87/><D87/><U102/><E66/><V68/><F17/><W80/><G60/><T19/><D19/><U99/><E11/><V8/><F8/><W116/><G33/><N who="0" m="20695" /><D9/><U94/><E106/><V7/><F39/><W56/><G56/><T124/><D124/><U93/><E91/><V127/><F127/><W58/><G90/><T73/><D73/><U104/><REACH who="1" step="1"/><E102/><REACH who="1" ten="345,283,209,153" step="2"/><V112/><F112/><W135/><G135/><T107/><D107/><U63/><E63/><V22/><F105/><W18/><G38/><T117/><AGARI ba="0,1" hai="88,92,97,100,101,117,118,119" m="20695,619" machi="117" ten="40,8000,1" yaku="12,1,52,2,54,1" doraHai="98" who="0" fromWho="0" sc="345,90,283,-20,209,-40,153,-20" /><INIT seed="3,0,0,5,3,27" ten="435,263,169,133" oya="3" hai0="21,40,107,79,46,75,109,34,23,121,70,25,28" hai1="58,33,93,4,11,41,14,38,116,77,125,85,36" hai2="119,53,134,51,16,98,43,20,19,56,92,72,45" hai3="111,96,112,81,124,7,76,17,82,108,67,90,110"/><W102/><G112/><T0/><D0/><U44/><E33/><V32/><F119/><W47/><G124/><T128/><D121/><U83/><E125/><V113/><F113/><W15/><G7/><T95/><D107/><U31/><E116/><V49/><F32/><W65/><G90/><T127/><D70/><U2/><E31/><V73/><F134/><W18/><G47/><T80/><D109/><U5/><E38/><V55/><F19/><W101/><G102/><T63/><D128/><U62/><E93/><V8/><F8/><W103/><G103/><T35/><D63/><U114/><E114/><V99/><F99/><W94/><G17/><T132/><D132/><U129/><E129/><V100/><F43/><W60/><G76/><T68/><D68/><U74/><E85/><V91/><F100/><W130/><G130/><T10/><D10/><U6/><E2/><V126/><F126/><W42/><G42/><T131/><D131/><U61/><E61/><V1/><F1/><W84/><G84/><T9/><D9/><U115/><E115/><V64/><F64/><AGARI ba="0,0" hai="4,5,6,11,14,36,41,44,58,62,64,74,77,83" machi="64" ten="30,1000,0" yaku="7,1" doraHai="27" who="1" fromWho="2" sc="435,0,263,10,169,-10,133,0" owari="435,53.5,273,7.3,159,-24.1,133,-36.7" /></mjloggm>