<mjloggm ver="2.3"><GO type="225" lobby="0"/><UN n0="%E7%99%BD%E5%80%89%E5%AF%9B%E4%B9%8B" n1="%E6%A1%9C%E8%8A%B1%E9%96%83%E3%80%85" n2="%65%76%69%61%6E%36%31%39" n3="%E6%A0%B9%E5%85%83%E3%81%8B%E3%82%89%E5%90%B9%E3%81%A3%E9%A3%9B%E3%81%B6" dan="16,16,16,16" rate="2124.45,2145.13,2041.60,2129.85" sx="M,M,M,F"/><TAIKYOKU oya="0"/><INIT seed="0,0,0,3,2,12" ten="250,250,250,250" oya="0" hai0="43,39,50,124,82,6,105,86,74,23,109,41,119" hai1="96,61,111,88,24,107,59,100,72,19,9,113,4" hai2="42,11,62,54,26,122,52,106,95,44,68,31,38" hai3="135,53,87,55,15,22,89,5,25,77,45,85,29"/><T120/><D105/><U57/><E111/><V8/><F106/><W2/><G135/><T128/><D119/><U112/><E72/><V40/><F122/><W94/><G2/><T3/><D120/><U35/><E35/><V66/><F42/><W28/><G28/><T114/><D39/><U60/><E59/><V104/><F104/><W98/><G45/><T103/><D103/><U93/><E24/><V14/><F95/><W110/><G110/><T34/><D34/><U90/><E19/><V21/><REACH who="2" step="1"/><F8/><REACH who="2" ten="250,250,240,250" step="2"/><N who="3" m="4495" /><G98/><T117/><D43/><U0/><E107/><V115/><F115/><N who="1" m="44105" /><E61/><V75/><F75/><W70/><G70/><T132/><D41/><U49/><E49/><V102/><F102/><W56/><G56/><T130/><D74/><U92/><E92/><V30/><F30/><W18/><G29/><T32/><D114/><U58/><E57/><V133/><F133/><W47/><G47/><T65/><D132/><U116/><E116/><V131/><F131/><W91/><G94/><T97/><D117/><U134/><E134/><V69/><F69/><W118/><G118/><T71/><D128/><U108/><E108/><V1/><F1/><W33/><G87/><T127/><D130/><U99/><E99/><V37/><F37/><W123/><G123/><T13/><D109/><U48/><E48/><V80/><F80/><N who="3" m="47247" /><G33/><T51/><D32/><U76/><E58/><V17/><AGARI ba="0,1" hai="11,14,17,21,26,31,38,40,44,52,54,62,66,68" machi="17" ten="20,8000,1" yaku="1,1,0,1,7,1,52,1,54,1,53,0" doraHai="12" doraHaiUra="125" who="2" fromWho="2" sc="250,-40,250,-20,240,90,250,-20" /><INIT seed="1,0,0,5,1,5" ten="210,230,330,230" oya="1" hai0="59,94,58,0,21,15,119,126,1,25,9,93,29" hai1="2,106,99,31,91,134,3,19,103,66,89,60,87" hai2="36,122,95,40,45,118,54,37,17,6,43,69,77" hai3="7,112,74,88,30,113,110,14,105,20,98,102,78"/><U131/><E131/><V108/><F108/><W107/><G110/><T62/><D119/><U117/><E117/><V41/><F122/><W104/><G30/><T132/><D132/><U97/><E134/><V133/><F77/><W76/><G20/><T90/><D126/><U57/><E31/><V86/><F69/><W70/><G70/><T123/><D59/><U84/><E99/><V11/><F17/><W125/><G125/><T47/><D47/><U55/><E19/><V51/><F133/><W68/><G68/><T96/><D94/><U92/><REACH who="1" step="1"/><E66/><REACH who="1" ten="210,220,330,230" step="2"/><V8/><F118/><W52/><G98/><T12/><D123/><U44/><E44/><V116/><F116/><W83/><G113/><T80/><D80/><AGARI ba="0,1" hai="2,3,55,57,60,80,84,87,89,91,92,97,103,106" machi="80" ten="30,2900,0" yaku="1,1,7,1,53,0" doraHai="5" doraHaiUra="127" who="1" fromWho="0" sc="210,-29,220,39,330,0,230,0" /><INIT seed="1,1,0,0,2,19" ten="181,259,330,230" oya="1" hai0="75,23,118,85,34,67,36,129,66,16,64,21,31" hai1="46,133,81,2,71,123,17,54,92,3,74,97,70" hai2="4,120,9,94,59,108,55,113,101,60,87,127,116" hai3="89,7,78,40,99,50,25,104,122,95,22,93,124"/><U98/><E123/><V80/><F108/><W30/><G124/><T117/><D75/><U62/><E133/><V47/><F127/><W56/><G122/><T57/><D36/><U112/><E112/><V45/><F116/><W58/><G104/><T90/><D34/><U130/><E130/><V100/><F113/><W28/><G7/><T37/><D37/><U27/><E97/><V10/><F120/><W42/><G78/><T119/><D129/><U96/><E96/><N who="2" m="59415" /><F101/><W73/><G73/><T77/><D77/><U5/><E46/><N who="2" m="17419" /><F4/><W79/><G79/><AGARI ba="1,0" hai="9,10,55,59,60,79,80,87" m="17419,59415" machi="79" ten="30,1000,0" yaku="8,1" doraHai="19" who="2" fromWho="3" sc="181,0,259,0,330,13,230,-13" /><INIT seed="2,0,0,3,0,130" ten="181,259,343,217" oya="2" hai0="65,8,18,61,91,129,19,37,73,133,112,83,103" hai1="102,6,13,95,57,52,115,0,55,15,44,51,82" hai2="108,11,131,69,4,28,76,111,29,132,116,36,16" hai3="20,70,123,41,1,49,107,134,3,105,74,39,23"/><V58/><F69/><W135/><G123/><T63/><D37/><U67/><E115/><V46/><F76/><W87/><G49/><T17/><D112/><U101/><E0/><N who="3" m="74" /><G70/><T25/><D129/><U10/><E67/><V110/><F116/><W45/><G87/><N who="0" m="50687" /><D73/><U120/><E120/><V118/><F118/><W9/><G9/><T21/><D103/><U75/><E75/><V56/><F131/><W121/><G121/><T62/><D133/><N who="3" m="50697" /><G74/><T117/><D117/><U84/><E10/><V43/><F132/><W104/><AGARI ba="0,0" hai="20,23,39,41,45,104,105,107" m="50697,74" machi="104" ten="40,8000,1" yaku="20,1,52,3" doraHai="130" who="3" fromWho="3" sc="181,-20,259,-20,343,-40,217,80" /><INIT seed="3,0,0,1,3,19" ten="161,239,303,297" oya="3" hai0="3,9,16,46,94,81,80,79,20,89,135,95,1" hai1="28,34,119,103,88,82,59,8,77,27,96,110,123" hai2="56,74,54,47,63,100,32,5,127,65,84,129,106" hai3="108,92,91,23,64,18,72,49,73,48,36,60,125"/><W29/><G36/><T7/><D135/><U42/><E123/><V104/><F74/><W45/><G29/><T86/><D1/><U30/><E110/><V87/><F32/><W113/><G113/><T69/><D69/><U76/><E119/><V105/><F5/><W120/><G120/><T37/><D37/><U33/><E42/><V116/><F116/><W12/><G125/><T58/><D46/><U134/><E134/><V122/><F127/><W53/><G49/><T114/><D114/><U85/><E8/><V26/><F129/><W57/><G108/><T115/><D115/><U24/><REACH who="1" step="1"/><E59/><REACH who="1" ten="161,229,303,297" step="2"/><V6/><F122/><W0/><G0/><T50/><D58/><U44/><E44/><V66/><F47/><W70/><G45/><T131/><D131/><U83/><E83/><V14/><F56/><W90/><G90/><T31/><D50/><U10/><E10/><V130/><F130/><W111/><G111/><T21/><D31/><U35/><E35/><V41/><F41/><W98/><AGARI ba="0,1" hai="12,18,23,48,53,57,60,64,70,72,73,91,92,98" machi="98" ten="20,3900,0" yaku="0,1,7,1,52,1" doraHai="19" who="3" fromWho="3" sc="161,-13,229,-13,303,-13,297,49" owari="148,-35.2,216,-18.4,290,9.0,346,44.6" /></mjloggm>