<mjloggm ver="2.3"><GO type="225" lobby="0"/><UN n0="%E3%83%A9%E3%83%BC%E3%83%A1%E3%83%B3%E4%BA%94%E9%83%8E" n1="%E3%82%8F%E3%81%8B%E3%81%B0%2A%E3%82%AC%E3%83%BC%E3%83%AB" n2="%E3%82%A4%E3%83%BC%E3%82%B1%E3%83%97%E3%83%A9" n3="%E3%83%96%E3%83%83%E3%83%91%E3%82%AA%E3%83%96%E3%83%81%E3%82%AD%E3%83%B3" dan="16,16,16,17" rate="2170.96,2058.78,2094.72,2159.15" sx="M,M,M,M"/><TAIKYOKU oya="0"/><INIT seed="0,0,0,1,4,57" ten="250,250,250,250" oya="0" hai0="87,107,111,72,38,41,92,131,93,95,121,71,11" hai1="112,130,127,62,125,89,31,12,0,46,3,25,18" hai2="49,135,129,59,124,55,103,105,86,106,24,30,56" hai3="122,97,40,8,98,126,120,42,34,13,37,75,108"/><T96/><D71/><U1/><E46/><V83/><F129/><W110/><G75/><T61/><D121/><N who="3" m="46697" /><G34/><T70/><D131/><U54/><E130/><V60/><F135/><W33/><G33/><T78/><D72/><U39/><E39/><V58/><F124/><N who="1" m="47689" /><E89/><V14/><F14/><W114/><G126/><T48/><D38/><U90/><E90/><V35/><F103/><W2/><G114/><T79/><D111/><N who="3" m="42537" /><G2/><T50/><D107/><U84/><E84/><V20/><F35/><W117/><G117/><T76/><D87/><U47/><E112/><V100/><F100/><W115/><G115/><T101/><D41/><N who="3" m="15977" /><G37/><T99/><D101/><U88/><E88/><V102/><F102/><W81/><G81/><T7/><D99/><U43/><E25/><V113/><F113/><W94/><G94/><T26/><D96/><U64/><E31/><V133/><F133/><W45/><G45/><T109/><D109/><U28/><E28/><V128/><F128/><W65/><G65/><T5/><D26/><U19/><E12/><V52/><REACH who="2" step="1"/><F56/><REACH who="2" ten="250,250,240,250" step="2"/><W63/><G63/><T132/><D61/><U16/><E62/><V67/><F67/><W118/><G118/><T27/><D27/><U91/><E64/><V29/><F29/><W80/><G80/><T44/><D132/><U77/><E0/><V36/><F36/><W85/><G13/><T15/><D15/><U134/><E1/><V104/><F104/><W119/><G119/><T82/><D82/><U4/><E3/><V21/><F21/><W6/><G6/><T69/><D5/><U32/><E4/><RYUUKYOKU ba="0,1" sc="250,-10,250,-10,240,30,250,-10" hai2="20,24,30,49,52,55,58,59,60,83,86,105,106" /><INIT seed="1,1,1,4,4,55" ten="240,240,270,240" oya="1" hai0="120,21,95,77,105,20,25,59,71,33,92,110,69" hai1="51,111,3,87,127,90,129,31,78,49,44,37,97" hai2="58,98,96,76,118,108,16,106,94,130,6,63,35" hai3="56,79,72,30,122,112,64,135,17,52,18,19,114"/><U8/><E127/><V123/><F118/><W119/><G119/><T81/><D105/><U22/><E129/><V10/><F123/><W66/><G122/><T60/><D120/><U53/><E37/><V5/><F35/><W29/><G135/><T107/><D107/><U121/><E121/><V116/><F116/><W104/><G104/><T103/><D33/><U124/><E124/><V7/><F108/><W23/><G72/><T0/><D0/><U89/><E111/><V47/><F130/><W133/><G133/><T13/><D110/><U9/><E3/><V32/><F32/><W115/><G79/><T125/><D125/><U132/><E132/><V24/><F76/><W43/><G43/><T15/><D69/><U62/><E62/><V86/><F47/><W67/><G23/><T131/><D71/><U27/><E51/><AGARI ba="1,1" hai="17,18,19,29,30,51,52,56,64,66,67,112,114,115" machi="51" ten="50,8000,1" yaku="29,2,52,1,54,1" doraHai="55" who="3" fromWho="1" sc="240,0,240,-83,270,0,240,93" /><INIT seed="2,0,0,3,4,74" ten="240,157,270,333" oya="2" hai0="97,10,54,44,22,134,18,14,34,8,46,27,35" hai1="57,55,130,45,20,86,47,90,100,118,131,39,23" hai2="98,91,60,115,25,38,116,69,119,31,62,58,50" hai3="63,79,81,49,72,77,15,52,75,125,1,105,6"/><V59/><F115/><W65/><G105/><T9/><D134/><U132/><E118/><V112/><F112/><W113/><G113/><T12/><D97/><U26/><E132/><V37/><F69/><W121/><G121/><T108/><D108/><U110/><E110/><V51/><F91/><W120/><G120/><T128/><D128/><U122/><E122/><V7/><F98/><W127/><G1/><T117/><D117/><N who="2" m="45130" /><F25/><W88/><G6/><T13/><D35/><U29/><E100/><V124/><F31/><W11/><G88/><T36/><D34/><U61/><E20/><V82/><F82/><W80/><G15/><T95/><D36/><N who="2" m="13930" /><F7/><W64/><G11/><T78/><D78/><U33/><E33/><V2/><F2/><W87/><G87/><T53/><REACH who="0" step="1"/><D95/><REACH who="0" ten="230,157,270,333" step="2"/><U102/><E39/><V103/><F103/><W28/><G79/><T0/><D0/><U41/><E102/><V83/><F83/><W43/><G77/><T76/><D76/><U104/><E104/><V4/><F124/><W3/><G81/><T17/><D17/><U32/><E32/><V85/><F4/><W107/><G80/><T133/><D133/><U96/><E130/><V129/><F129/><W19/><G3/><T109/><D109/><U89/><E131/><V106/><F106/><W135/><G107/><T101/><D101/><U40/><E90/><V68/><F85/><W114/><G135/><T56/><D56/><N who="2" m="21546" /><F68/><W94/><G125/><T5/><D5/><U111/><E111/><V21/><F21/><W48/><G127/><T92/><D92/><N who="1" m="56335" /><E86/><V71/><F71/><RYUUKYOKU ba="0,1" sc="230,10,157,10,270,10,333,-30" hai0="8,9,10,12,13,14,18,22,27,44,46,53,54" hai1="23,26,29,40,41,45,47,55,57,61" hai2="50,51,60,62" /><INIT seed="2,1,1,5,3,117" ten="240,167,280,303" oya="2" hai0="53,135,133,71,37,14,35,113,39,66,23,11,93" hai1="30,82,22,50,100,108,96,131,78,33,52,60,51" hai2="34,124,107,104,92,70,85,49,16,76,42,75,67" hai3="10,7,25,19,38,88,72,110,58,17,109,129,27"/><V54/><F34/><W65/><G38/><N who="0" m="14347" /><D113/><U12/><E131/><V41/><F75/><W55/><G72/><T127/><D35/><U29/><E108/><N who="3" m="41578" /><G129/><T118/><D118/><U64/><E33/><V105/><F124/><W31/><G65/><T57/><D127/><U84/><E12/><V122/><F122/><W80/><G80/><T120/><D120/><U0/><E0/><V40/><F67/><W106/><G106/><T5/><D93/><U15/><E15/><V101/><F70/><W48/><G88/><T134/><D23/><U36/><E36/><V95/><F101/><W9/><G31/><T32/><D32/><U68/><E22/><V98/><F98/><W103/><G103/><T2/><D66/><U26/><E50/><V116/><F116/><W86/><G86/><T47/><D71/><U128/><E26/><N who="3" m="9738" /><G10/><T123/><D123/><U8/><E8/><V132/><F85/><W114/><G114/><T6/><D134/><U126/><E126/><V83/><F132/><W81/><G81/><T18/><D135/><U115/><E115/><V56/><F83/><W24/><N who="3" m="9746" /><W69/><DORA hai="73" /><G69/><T90/><D133/><U99/><E128/><V28/><F28/><W112/><G112/><T94/><D90/><U111/><E111/><V91/><F91/><W44/><G58/><T102/><D57/><U13/><E13/><AGARI ba="1,1" hai="7,9,13,17,19,44,48,55" m="9746,41578" machi="13" ten="40,1300,0" yaku="14,1" doraHai="117,73" who="3" fromWho="1" sc="240,0,167,-16,280,0,303,26" /><INIT seed="3,0,0,3,1,52" ten="240,151,280,329" oya="3" hai0="126,122,20,23,101,75,85,5,38,109,56,31,42" hai1="105,70,97,8,83,57,106,114,35,72,28,64,99" hai2="91,3,19,60,74,98,46,4,87,130,10,6,67" hai3="77,120,66,40,131,112,25,61,71,34,125,49,58"/><W133/><G112/><T13/><D122/><U2/><E114/><V94/><F130/><W26/><G120/><T103/><D75/><U32/><E70/><V95/><F74/><W128/><G34/><T100/><D109/><U59/><E64/><V117/><F117/><W45/><G125/><T81/><D126/><U16/><E2/><V69/><F46/><W11/><G133/><T18/><D42/><U44/><E44/><V0/><F19/><W30/><G77/><T50/><D38/><U104/><E72/><V17/><F17/><W123/><G123/><T68/><D5/><U73/><E73/><V33/><F33/><W92/><G71/><T86/><D68/><U39/><E39/><V107/><F107/><W51/><G51/><T12/><D81/><U78/><E78/><V108/><F108/><W41/><G41/><T119/><D119/><U124/><E124/><V118/><F118/><W96/><G11/><T27/><D12/><U90/><E83/><V53/><F53/><AGARI ba="0,0" hai="13,18,20,23,27,31,50,53,56,85,86,100,101,103" machi="53" ten="40,2600,0" yaku="8,1,52,1" doraHai="52" who="0" fromWho="2" sc="240,26,151,0,280,-26,329,0" owari="266,6.6,151,-34.9,254,-14.6,329,42.9" /></mjloggm>