<mjloggm ver="2.3"><GO type="225" lobby="0"/><UN n0="%E3%81%AF%E3%82%88%E3%81%8A%E3%81%98%E3%81%95%E3%82%93" n1="%E6%B4%BE%E9%81%A3%E3%81%AE%E3%82%B8%E3%83%A3%E3%83%83%E3%82%AF" n2="%E7%89%B9%E6%9D%B1%E5%96%B0%E8%B5%A4%E9%80%9F" n3="%E7%99%BD%E6%97%A5%E9%9B%AA%E8%8F%9C" dan="17,17,16,17" rate="2148.60,2192.89,2029.05,2160.03" sx="M,M,M,M"/><TAIKYOKU oya="0"/><INIT seed="0,0,0,4,1,56" ten="250,250,250,250" oya="0" hai0="26,96,95,73,104,45,18,71,41,132,22,121,62" hai1="10,72,9,77,69,103,74,126,99,93,23,80,14" hai2="89,64,8,109,70,2,122,7,21,114,107,50,67" hai3="0,91,29,44,13,54,88,125,129,53,119,19,115"/><T98/><D121/><U27/><E126/><V94/><F114/><W78/><G115/><T57/><D132/><U97/><E69/><V76/><F122/><W123/><G119/><T5/><D73/><U11/><E97/><V46/><F107/><W37/><G0/><T32/><D32/><U48/><E48/><V75/><F109/><W59/><G123/><T20/><D71/><U1/><E1/><V106/><F106/><W124/><G129/><T130/><D130/><U108/><E108/><V118/><F118/><W110/><G110/><T55/><D104/><U111/><E111/><V58/><F21/><W49/><G29/><T15/><D95/><U81/><E81/><V24/><F24/><W52/><G78/><T68/><D68/><U25/><E72/><V85/><F58/><W135/><G37/><T51/><REACH who="0" step="1"/><D5/><REACH who="0" ten="240,250,250,250" step="2"/><U87/><E74/><V83/><REACH who="2" step="1"/><F70/><REACH who="2" ten="240,250,240,250" step="2"/><W34/><G34/><T33/><D33/><U102/><E102/><V65/><F65/><W47/><G135/><T43/><D43/><AGARI ba="0,2" hai="2,7,8,43,46,50,64,67,75,76,83,85,89,94" machi="43" ten="30,3900,0" yaku="1,1,7,1,53,1" doraHai="56" doraHaiUra="40" who="2" fromWho="0" sc="240,-39,250,0,240,59,250,0" /><INIT seed="1,0,0,2,1,115" ten="201,250,299,250" oya="1" hai0="111,58,46,22,9,95,74,101,16,104,60,0,133" hai1="132,13,130,109,40,32,20,4,57,75,80,82,92" hai2="3,81,25,103,36,108,76,110,83,14,122,38,52" hai3="93,131,64,125,100,2,72,99,12,48,53,121,21"/><U91/><E32/><V86/><F3/><W67/><G121/><T89/><D74/><U41/><E132/><V78/><F122/><W39/><G2/><T96/><D133/><U98/><E130/><V123/><F123/><W30/><G39/><T35/><D35/><U118/><E118/><V61/><F103/><W44/><G72/><T5/><D111/><N who="2" m="42538" /><F25/><N who="3" m="16687" /><G131/><T33/><D33/><U66/><E109/><V23/><F23/><W15/><G125/><T94/><D46/><U34/><E34/><V45/><F14/><AGARI ba="0,0" hai="12,14,15,44,48,53,64,67,93,99,100" m="16687" machi="14" ten="30,1000,0" yaku="8,1" doraHai="115" who="3" fromWho="2" sc="201,0,250,0,299,-10,250,10" /><INIT seed="2,0,0,1,0,33" ten="201,250,289,260" oya="2" hai0="114,134,92,132,2,91,88,72,13,50,32,38,67" hai1="87,135,24,78,62,71,104,10,89,118,84,94,119" hai2="103,27,112,106,22,131,12,66,95,49,11,101,130" hai3="86,17,3,97,129,21,110,28,123,63,70,108,64"/><V117/><F112/><W85/><G123/><T98/><D114/><U60/><E104/><V46/><F117/><W18/><G129/><N who="2" m="49161" /><F106/><W68/><G68/><T127/><D38/><U76/><E135/><N who="0" m="51753" /><D32/><U0/><E24/><V61/><F95/><W75/><G75/><T120/><D120/><U51/><E51/><V6/><F49/><W48/><G97/><T16/><D72/><U81/><E76/><V31/><F46/><W116/><G116/><T23/><D127/><U105/><E105/><V43/><F43/><W74/><G74/><T36/><D36/><U26/><E26/><V65/><F65/><W44/><G28/><T47/><D67/><U109/><E109/><N who="3" m="42090" /><G3/><T53/><D2/><U39/><E39/><V115/><F115/><W80/><G21/><T122/><D122/><U57/><E118/><V55/><F55/><N who="3" m="30087" /><G86/><T90/><AGARI ba="0,0" hai="13,16,23,47,50,53,88,90,91,92,98" m="51753" machi="90" ten="30,4000,0" yaku="20,1,54,2" doraHai="33" who="0" fromWho="0" sc="201,40,250,-10,289,-20,260,-10" /><INIT seed="3,0,0,0,2,120" ten="241,240,269,250" oya="3" hai0="3,23,83,41,108,18,61,103,91,2,67,126,28" hai1="42,122,57,129,98,119,88,70,105,134,71,64,59" hai2="60,55,114,100,99,116,5,38,21,79,20,75,33" hai3="35,76,34,87,56,63,24,50,115,86,43,102,106"/><W29/><G115/><T26/><D126/><U16/><E122/><V1/><F38/><W73/><G35/><T90/><D41/><U32/><E32/><V40/><F33/><W27/><G27/><T51/><D51/><U12/><E105/><V84/><F75/><W39/><G39/><T65/><D65/><U66/><E129/><V68/><F40/><W97/><G73/><T15/><D103/><U127/><E127/><V36/><F116/><W109/><G76/><T130/><D130/><U49/><E134/><V111/><F84/><W46/><REACH who="3" step="1"/><G109/><REACH who="3" ten="241,240,269,240" step="2"/><T7/><D26/><U25/><E25/><V74/><F79/><W85/><G85/><T80/><D108/><U124/><E124/><V58/><F74/><W62/><G62/><T113/><D61/><U77/><E77/><V45/><F36/><W48/><G48/><T89/><D113/><U9/><E119/><V125/><F111/><W31/><G31/><T94/><D28/><U123/><E123/><V110/><F114/><W135/><G135/><T10/><D83/><U37/><E37/><V121/><F110/><W13/><G13/><T8/><D80/><U52/><E70/><V6/><F68/><W44/><G44/><T96/><D2/><U117/><E117/><V112/><F45/><W4/><G4/><N who="2" m="1641" /><F1/><W78/><G78/><T133/><D133/><U132/><E132/><V82/><F121/><W54/><AGARI ba="0,1" hai="24,29,34,43,46,50,54,56,63,86,87,97,102,106" machi="54" ten="20,3900,0" yaku="1,1,0,1,7,1,53,0" doraHai="120" doraHaiUra="11" who="3" fromWho="3" sc="241,-13,240,-13,269,-13,240,49" /><INIT seed="3,1,0,1,4,70" ten="228,227,256,289" oya="3" hai0="88,76,126,14,36,89,33,50,51,42,125,110,21" hai1="57,60,80,86,63,122,73,26,10,102,25,129,105" hai2="30,90,1,131,23,93,116,69,83,17,18,34,91" hai3="114,54,113,94,64,107,100,20,123,44,134,13,119"/><W28/><G119/><T72/><D33/><U117/><E122/><V96/><F116/><W11/><G123/><T40/><D110/><U68/><E73/><V6/><F69/><W15/><G107/><T81/><D51/><U78/><E117/><V8/><F131/><W92/><G134/><T101/><D101/><U121/><E121/><V37/><F17/><N who="3" m="10287" /><G113/><T85/><D50/><U97/><E129/><V24/><F83/><W0/><G0/><T99/><D99/><U77/><E77/><V9/><F9/><W127/><G127/><N who="0" m="48651" /><D72/><U112/><E112/><V53/><F37/><W59/><G100/><T75/><D75/><U124/><E124/><V79/><F79/><W62/><G28/><T48/><D48/><U109/><E109/><V65/><F90/><N who="0" m="34922" /><D36/><U67/><REACH who="1" step="1"/><E10/><REACH who="1" ten="228,217,256,289" step="2"/><V4/><F8/><W7/><G114/><T16/><AGARI ba="1,1" hai="14,16,21,40,42,76,81,85" m="34922,48651" machi="16" ten="30,4000,0" yaku="18,1,54,2" doraHai="70" who="0" fromWho="0" sc="228,53,217,-11,256,-11,289,-21" /><INIT seed="4,0,0,4,3,29" ten="281,206,245,268" oya="0" hai0="97,19,28,114,35,2,58,110,4,106,16,59,84" hai1="113,134,47,7,26,94,62,21,85,107,125,48,126" hai2="13,102,101,123,118,50,42,64,99,96,82,100,40" hai3="3,104,53,31,76,12,109,61,51,49,71,108,15"/><T22/><D19/><U90/><E107/><V119/><F123/><W10/><G104/><T70/><D70/><U112/><E7/><V86/><F64/><W39/><G39/><T131/><D84/><U120/><E62/><V6/><F6/><W23/><G3/><T34/><D34/><U55/><E120/><V121/><F13/><W67/><G76/><T68/><D68/><U93/><E93/><V73/><F73/><W11/><G49/><T38/><D38/><U54/><E54/><V66/><F66/><W27/><G15/><N who="0" m="9503" /><D114/><N who="1" m="44139" /><E134/><V52/><F121/><W57/><REACH who="3" step="1"/><G10/><REACH who="3" ten="281,206,245,258" step="2"/><N who="0" m="2327" /><D110/><U41/><E41/><V111/><F40/><W65/><G65/><T43/><D43/><U77/><E77/><N who="2" m="46415" /><F42/><W9/><G9/><T128/><D131/><U60/><E60/><V133/><F111/><W45/><G45/><T129/><D128/><U130/><E130/><V1/><F133/><W81/><G81/><T24/><D129/><U132/><E132/><V80/><F80/><W37/><G37/><T17/><D106/><U30/><AGARI ba="0,1" hai="21,26,30,47,48,55,85,90,94,125,126" m="44139" machi="30" ten="30,2000,0" yaku="15,1,11,1" doraHai="29" who="1" fromWho="1" sc="281,-10,206,30,245,-5,258,-5" /><INIT seed="5,0,0,1,3,25" ten="271,236,240,253" oya="1" hai0="77,61,118,47,62,112,97,3,128,122,74,93,50" hai1="36,87,33,60,19,30,103,58,131,4,100,134,107" hai2="75,29,23,117,135,69,56,44,125,92,24,99,17" hai3="129,85,57,120,105,127,76,104,40,16,51,133,114"/><U45/><E4/><V22/><F117/><W5/><G120/><T48/><D118/><U91/><E134/><V42/><F75/><W64/><G5/><T41/><D3/><U65/><E131/><V20/><F69/><W9/><G133/><T35/><D35/><U21/><E107/><V6/><F135/><W43/><G129/><T70/><D128/><U52/><E33/><V31/><F56/><W95/><G114/><T49/><D112/><U39/><E39/><V34/><F6/><W116/><G116/><T94/><D122/><U54/><E30/><N who="2" m="11275" /><F34/><W88/><G127/><T13/><D74/><U71/><E71/><V38/><F38/><W67/><G105/><T0/><D0/><U7/><E7/><V121/><F121/><W68/><G104/><T124/><D124/><U79/><E79/><V89/><F125/><W8/><G76/><T14/><D77/><U18/><E36/><V119/><F119/><W10/><G68/><T15/><D70/><U108/><E108/><V46/><F42/><N who="3" m="15915" /><G16/><N who="1" m="6186" /><E21/><AGARI ba="0,0" hai="17,20,21,22,23,24,44,46,89,92,99" m="11275" machi="21" ten="30,7700,0" yaku="8,1,52,3" doraHai="25" who="2" fromWho="1" sc="271,0,236,-77,240,77,253,0" owari="271,7.1,159,-34.1,317,41.7,253,-14.7" /></mjloggm>