<mjloggm ver="2.3"><GO type="225" lobby="0"/><UN n0="%E5%91%A8%E6%9D%B1" n1="%E3%83%81%E3%83%A7%E3%83%99%E3%83%83%E3%82%AF" n2="%E5%91%89%E5%AF%8C%E6%98%A5" n3="%E8%81%B7%E6%A5%AD%E3%80%81%E9%A2%A8%32" dan="16,16,16,16" rate="2132.42,2102.79,2103.46,2149.31" sx="M,M,M,M"/><TAIKYOKU oya="0"/><INIT seed="0,0,0,4,0,34" ten="250,250,250,250" oya="0" hai0="110,122,116,71,72,46,43,45,65,24,16,26,82" hai1="96,69,68,8,77,48,119,39,88,2,22,103,94" hai2="125,49,99,135,3,84,112,113,105,128,132,31,0" hai3="130,106,101,32,35,4,117,7,56,85,131,11,1"/><T90/><D116/><U62/><E39/><V126/><F128/><N who="3" m="49195" /><G85/><T76/><D122/><U109/><E109/><V42/><F31/><W81/><G81/><T95/><D110/><U52/><E77/><V55/><F84/><W40/><G56/><T79/><D79/><U80/><E119/><V10/><F10/><N who="3" m="2319" /><G40/><T53/><D53/><U73/><E73/><V57/><F42/><W78/><G78/><T118/><D118/><U12/><E2/><N who="2" m="555" /><F99/><N who="3" m="61759" /><G11/><T121/><D43/><U47/><E22/><V20/><F20/><W13/><G117/><T30/><D30/><U38/><E38/><V63/><F49/><W19/><G7/><T36/><D36/><U129/><E129/><V23/><F23/><N who="3" m="11759" /><G32/><T127/><D82/><U111/><E62/><V17/><F17/><W87/><G35/><T29/><D76/><U108/><E108/><V66/><F105/><W74/><G87/><T104/><D104/><U44/><E44/><V98/><F98/><W64/><G64/><T9/><D65/><U86/><E111/><V27/><F27/><W6/><G6/><AGARI ba="0,0" hai="6,8,12,47,48,52,68,69,80,86,88,94,96,103" machi="6" ten="30,3900,0" yaku="7,1,54,2" doraHai="34" who="1" fromWho="3" sc="250,0,250,39,250,0,250,-39" /><INIT seed="1,0,0,4,2,67" ten="250,289,250,211" oya="1" hai0="105,56,115,70,113,72,35,76,5,120,0,90,53" hai1="54,107,66,122,23,108,74,131,34,117,12,81,4" hai2="3,38,125,103,86,32,49,28,96,2,128,29,78" hai3="110,95,71,16,48,129,89,64,22,69,84,19,109"/><U97/><E117/><V1/><F38/><W127/><G129/><T124/><D105/><U75/><E34/><V50/><F128/><W41/><G127/><T45/><D124/><U7/><E122/><V99/><F125/><W31/><G31/><T36/><D35/><U43/><E43/><V39/><F39/><W30/><G30/><T37/><D90/><U85/><E66/><V60/><F99/><W135/><G135/><T111/><D120/><U118/><E4/><V83/><F60/><W10/><G10/><N who="0" m="2343" /><D37/><U57/><E108/><N who="3" m="41578" /><G64/><T15/><D111/><U106/><E118/><V21/><F32/><W123/><G123/><T134/><D134/><U133/><E107/><V73/><F73/><W80/><G80/><N who="0" m="45063" /><D15/><U20/><E74/><V132/><F132/><W116/><G116/><T24/><D24/><U114/><E75/><V11/><F11/><W52/><G41/><N who="0" m="22695" /><D70/><N who="3" m="26633" /><G22/><T77/><D77/><N who="1" m="46255" /><E131/><V8/><F8/><W79/><G79/><T27/><D27/><U62/><E133/><V6/><F6/><W126/><G126/><T94/><D115/><U47/><E114/><V93/><F28/><W55/><G55/><T51/><D113/><U119/><E119/><V112/><F112/><W101/><G101/><T100/><D100/><N who="1" m="62735" /><E20/><V33/><F33/><W46/><AGARI ba="0,0" hai="16,19,46,48,52,84,89,95" m="26633,41578" machi="46" ten="30,12000,2" yaku="14,1,52,3,54,2" doraHai="67" who="3" fromWho="3" sc="250,-30,289,-60,250,-30,211,120" /><INIT seed="2,0,0,2,4,125" ten="220,229,220,331" oya="2" hai0="85,114,53,126,12,81,61,16,95,55,133,124,135" hai1="128,36,120,6,115,90,123,104,103,60,64,29,84" hai2="110,52,121,0,46,58,117,97,127,35,47,17,89" hai3="34,68,63,96,8,83,13,78,130,134,69,67,40"/><V66/><F117/><W50/><G130/><T11/><D95/><U76/><E36/><V1/><F121/><N who="1" m="46665" /><E115/><V5/><F35/><W51/><G34/><T28/><D28/><U54/><E76/><V105/><F127/><N who="0" m="48682" /><D114/><U59/><E29/><V122/><F122/><W79/><G134/><N who="0" m="51211" /><D61/><U80/><E128/><V101/><F110/><W31/><G31/><T75/><D75/><U93/><E6/><V108/><F108/><W109/><G109/><T99/><D99/><N who="1" m="61567" /><E93/><V21/><F5/><N who="3" m="3215" /><G96/><T132/><N who="0" m="51219" /><T32/><DORA hai="111" /><D32/><U65/><AGARI ba="0,0" hai="54,59,60,64,65,80,84,90" m="61567,46665" machi="65" ten="30,1100,0" yaku="13,1" doraHai="125,111" who="1" fromWho="1" sc="220,-3,229,11,220,-5,331,-3" /><INIT seed="3,0,0,2,5,133" ten="217,240,215,328" oya="3" hai0="124,91,68,27,67,126,75,134,87,4,59,1,35" hai1="2,18,108,37,10,11,132,39,112,110,5,71,82" hai2="127,73,135,50,78,28,46,8,21,23,47,53,9" hai3="117,94,70,106,103,45,80,19,26,17,15,25,118"/><W58/><G70/><T0/><D75/><U97/><E71/><V65/><F135/><W77/><G106/><T83/><D68/><U7/><E18/><V41/><F127/><N who="0" m="48682" /><D134/><U84/><E97/><V92/><F65/><W88/><G117/><T86/><D4/><U99/><E99/><V20/><F28/><W62/><G118/><T14/><D14/><N who="1" m="5455" /><E112/><V114/><F114/><W48/><G103/><T52/><D67/><U95/><E95/><V54/><F92/><W96/><G77/><N who="0" m="46447" /><D35/><U104/><E104/><V32/><F32/><W113/><G113/><T93/><D27/><N who="3" m="10249" /><G80/><T69/><D69/><U42/><E42/><N who="2" m="24919" /><F73/><W74/><G15/><T76/><D76/><N who="1" m="46151" /><E132/><V131/><F78/><W24/><G24/><T3/><D3/><U43/><E43/><V120/><F120/><W115/><G74/><T105/><D105/><U6/><E6/><V102/><F102/><W29/><G115/><T81/><D81/><U119/><E119/><V16/><F131/><W34/><G34/><T51/><AGARI ba="0,0" hai="0,1,51,52,59,87,91,93" m="46447,48682" machi="51" ten="30,8000,1" yaku="18,1,52,3,54,1" doraHai="133" who="0" fromWho="0" sc="217,80,240,-20,215,-20,328,-40" /><INIT seed="4,0,0,3,1,44" ten="297,220,195,288" oya="0" hai0="124,113,101,79,59,82,125,66,78,112,91,88,127" hai1="121,52,53,107,22,31,34,110,15,39,126,68,108" hai2="20,2,40,58,6,37,35,118,85,105,103,96,64" hai3="95,54,130,102,76,29,46,134,109,122,51,8,32"/><T131/><D131/><U83/><E121/><V128/><F35/><W90/><G109/><T77/><D101/><U47/><E68/><V50/><F128/><W42/><G130/><T9/><D9/><U92/><E107/><V93/><F118/><W89/><G134/><T16/><D16/><U80/><E34/><V84/><F37/><W21/><G32/><T24/><D24/><N who="1" m="16791" /><E110/><V75/><F75/><W23/><G122/><T104/><D104/><U38/><E38/><V56/><F105/><W45/><G76/><N who="0" m="29291" /><D66/><U133/><E39/><V129/><F129/><W123/><G123/><T132/><D59/><U28/><E126/><V27/><F6/><W94/><G8/><T69/><D69/><U33/><E33/><V18/><F2/><W119/><G119/><T74/><D132/><U1/><E1/><V3/><F3/><W115/><G115/><AGARI ba="0,0" hai="74,79,82,88,91,112,113,115,124,125,127" m="29291" machi="115" ten="40,12000,1" yaku="15,1,18,1,34,2,54,1" doraHai="44" who="0" fromWho="3" sc="297,120,220,0,195,0,288,-120" owari="417,51.7,220,2.0,195,-20.5,168,-33.2" /></mjloggm>