<mjloggm ver="2.3"><GO type="225" lobby="0"/><UN n0="%E3%82%A4%E3%83%BC%E3%82%B1%E3%83%97%E3%83%A9" n1="%E2%98%86%E5%B0%8F%E5%AD%A6%E7%94%B7%E7%94%9F%E2%98%86" n2="%E7%89%B9%E6%9D%B1%E5%96%B0%E8%B5%A4%E9%80%9F" n3="%E6%A1%9C%E8%8A%B1%E9%96%83%E3%80%85" dan="16,16,16,16" rate="2151.28,2085.04,2037.71,2118.95" sx="M,M,M,M"/><TAIKYOKU oya="0"/><INIT seed="0,0,0,2,2,118" ten="250,250,250,250" oya="0" hai0="75,74,123,65,135,99,20,82,26,110,97,53,17" hai1="120,117,57,16,44,8,32,76,114,29,45,124,25" hai2="0,5,130,11,41,105,121,134,48,43,3,125,46" hai3="131,100,71,58,42,12,129,51,81,63,104,33,84"/><T127/><D65/><U31/><E117/><V95/><F105/><W66/><G33/><T54/><D135/><U27/><E124/><V50/><F125/><W1/><G1/><T115/><D127/><U79/><E114/><V106/><F134/><W86/><G12/><T13/><D115/><U14/><E120/><V70/><F106/><W113/><G113/><T47/><D123/><U98/><E57/><V107/><F107/><W22/><G22/><T96/><D110/><U21/><REACH who="1" step="1"/><E98/><REACH who="1" ten="250,240,250,250" step="2"/><V52/><F121/><W19/><G58/><T89/><D47/><AGARI ba="0,1" hai="8,14,16,21,25,27,29,31,32,44,45,47,76,79" machi="47" ten="40,5200,0" yaku="1,1,2,1,54,1,53,0" doraHai="118" doraHaiUra="78" who="1" fromWho="0" sc="250,-52,240,62,250,0,250,0" /><INIT seed="1,0,0,4,0,24" ten="198,302,250,250" oya="1" hai0="28,13,18,26,135,86,19,82,22,106,120,132,85" hai1="119,127,113,104,23,34,33,84,54,102,35,20,121" hai2="126,46,37,12,70,101,125,99,80,83,66,112,118" hai3="30,67,114,42,96,134,89,52,116,133,32,47,40"/><U95/><E119/><V31/><F118/><W97/><G114/><T9/><D106/><U64/><E113/><V109/><F112/><W68/><G116/><T50/><D120/><U57/><E121/><V93/><F109/><W94/><G97/><T51/><D85/><U122/><E122/><V27/><F12/><W14/><G14/><T91/><REACH who="0" step="1"/><D19/><REACH who="0" ten="188,302,250,250" step="2"/><U45/><E84/><V11/><F125/><W98/><G98/><T58/><D58/><U59/><E104/><V123/><F123/><W56/><G133/><AGARI ba="0,1" hai="9,13,18,22,26,28,50,51,82,86,91,132,133,135" machi="133" ten="40,5200,0" yaku="1,1,20,1,52,1,53,0" doraHai="24" doraHaiUra="62" who="0" fromWho="3" sc="188,62,302,0,250,0,250,-52" /><INIT seed="2,0,0,4,5,87" ten="250,302,250,198" oya="2" hai0="93,69,8,25,6,65,80,10,68,107,121,36,3" hai1="28,64,115,47,24,130,101,79,23,12,61,57,53" hai2="123,43,14,1,83,132,59,120,71,26,66,102,96" hai3="91,35,85,21,128,105,109,60,95,118,49,63,7"/><V52/><F1/><W74/><G118/><T41/><D107/><U112/><E130/><V32/><F132/><W127/><G128/><T55/><D121/><U31/><E79/><V39/><F14/><W48/><G35/><T113/><D113/><U125/><E125/><V97/><F97/><W51/><G127/><T50/><D10/><U84/><E84/><V22/><F83/><W18/><G109/><T131/><D131/><U129/><E129/><V86/><F86/><W38/><G38/><T73/><D93/><U9/><E31/><V5/><F5/><W119/><G119/><T89/><D25/><U15/><E15/><V16/><F32/><W27/><G74/><T54/><D65/><U110/><E110/><V94/><F66/><W122/><G122/><T13/><D13/><U92/><E53/><N who="0" m="19977" /><D50/><U124/><E47/><V114/><F71/><W67/><G105/><T133/><D89/><U56/><E56/><V116/><F116/><W4/><REACH who="3" step="1"/><G60/><REACH who="3" ten="250,302,250,188" step="2"/><T111/><D111/><U42/><E124/><V34/><F34/><W2/><G2/><T103/><D133/><U108/><E108/><V100/><F120/><W46/><G46/><N who="0" m="23847" /><D103/><U17/><E42/><V99/><F123/><W81/><G81/><T58/><D80/><U19/><E112/><V106/><F114/><W134/><G134/><T82/><D82/><U98/><E115/><V44/><F106/><W117/><G117/><T37/><D73/><U20/><E61/><N who="2" m="36071" /><F102/><W70/><AGARI ba="0,1" hai="4,7,18,21,27,48,49,51,63,67,70,85,91,95" machi="70" ten="30,4000,0" yaku="1,1,0,1,52,1,53,0" doraHai="87" doraHaiUra="104" who="3" fromWho="3" sc="250,-10,302,-10,250,-20,188,50" /><INIT seed="3,0,0,4,3,127" ten="240,292,230,238" oya="3" hai0="26,17,105,37,27,75,98,13,60,124,106,30,7" hai1="34,15,90,107,28,24,114,41,123,132,31,94,126" hai2="65,52,9,19,2,82,42,45,36,73,63,111,76" hai3="35,78,12,104,16,101,38,121,49,29,6,74,25"/><W99/><G121/><T103/><D37/><U88/><E107/><V0/><F111/><W14/><G38/><T109/><D75/><U8/><E114/><V95/><F95/><W133/><G133/><T23/><D109/><U91/><E123/><V69/><F19/><W21/><G49/><T68/><D124/><U85/><E126/><V112/><F112/><W135/><G135/><T66/><D106/><U22/><E132/><V47/><REACH who="2" step="1"/><F9/><REACH who="2" ten="240,292,220,238" step="2"/><W62/><G6/><T77/><D7/><N who="1" m="3487" /><E34/><V4/><F4/><W81/><REACH who="3" step="1"/><G62/><REACH who="3" ten="240,292,220,228" step="2"/><T39/><D60/><U117/><E117/><V102/><F102/><W32/><G32/><T51/><D103/><U113/><E113/><V48/><AGARI ba="0,2" hai="0,2,36,42,45,47,48,52,63,65,69,73,76,82" machi="48" ten="30,4000,0" yaku="1,1,0,1,54,1,53,0" doraHai="127" doraHaiUra="115" who="2" fromWho="2" sc="240,-10,292,-10,220,60,228,-20" /><INIT seed="4,0,0,1,5,73" ten="230,282,280,208" oya="0" hai0="46,93,120,53,18,69,66,15,85,91,20,114,37" hai1="68,36,13,71,70,103,92,1,57,28,115,87,25" hai2="98,30,84,21,121,88,78,128,54,129,59,116,131" hai3="94,29,7,49,133,55,8,44,108,41,83,79,11"/><T31/><D120/><U72/><E1/><V107/><F121/><W43/><G108/><T6/><D114/><U134/><E36/><V67/><F67/><W4/><G133/><T135/><D135/><U86/><E72/><V34/><F34/><W90/><G29/><T117/><D117/><U47/><E134/><V39/><F39/><W64/><G64/><T2/><D31/><U118/><E118/><V56/><F116/><W35/><G35/><T12/><D2/><U22/><E47/><V76/><F98/><W32/><G32/><T101/><D101/><U130/><E130/><V125/><F107/><W112/><G112/><T124/><D124/><U45/><E45/><V0/><F0/><W10/><G90/><T132/><D132/><U14/><E115/><V77/><F54/><W110/><G94/><T52/><D66/><U100/><E57/><V99/><F99/><W109/><G109/><T40/><REACH who="0" step="1"/><D69/><REACH who="0" ten="220,282,280,208" step="2"/><U80/><E68/><V16/><F30/><W82/><G110/><T61/><D61/><U65/><E70/><V95/><F125/><W96/><G96/><T33/><D33/><U23/><E65/><V122/><F122/><W26/><G4/><T51/><D51/><U104/><E71/><V42/><F42/><W97/><G7/><T17/><D17/><U62/><E62/><V123/><F123/><W19/><G97/><T27/><D27/><AGARI ba="0,1" hai="16,21,27,56,59,76,77,78,84,88,95,128,129,131" machi="27" ten="50,12000,2" yaku="19,1,52,3,54,2" doraHai="73" who="2" fromWho="0" sc="220,-120,282,0,280,130,208,0" owari="100,-40.0,282,8.2,410,51.0,208,-19.2" /></mjloggm>