<mjloggm ver="2.3"><GO type="225" lobby="0"/><UN n0="%E3%83%96%E3%83%83%E3%83%91%E3%82%AA%E3%83%96%E3%83%81%E3%82%AD%E3%83%B3" n1="%E7%99%BD%E5%80%89%E5%AF%9B%E4%B9%8B" n2="%E6%B4%BE%E9%81%A3%E3%81%AE%E3%82%B8%E3%83%A3%E3%83%83%E3%82%AF" n3="%E3%83%81%E3%83%83%E3%82%BF%E3%82%BD%E3%83%BC" dan="16,16,17,16" rate="2136.48,2156.15,2179.55,2132.98" sx="M,M,M,F"/><TAIKYOKU oya="0"/><INIT seed="0,0,0,4,1,85" ten="250,250,250,250" oya="0" hai0="35,74,67,130,15,89,122,96,37,97,110,124,84" hai1="29,126,129,133,128,100,53,61,123,23,77,19,17" hai2="90,31,47,121,63,9,113,62,22,83,48,115,101" hai3="21,112,38,109,117,103,49,114,1,102,94,86,16"/><T33/><D122/><U56/><E123/><V91/><F121/><W66/><G38/><T28/><D74/><U5/><E77/><V27/><F101/><W8/><G117/><T26/><D37/><U36/><E36/><V111/><F111/><W99/><G109/><T98/><D110/><U116/><E116/><V78/><F9/><W44/><G66/><T51/><D130/><U132/><E100/><V45/><F113/><W11/><G103/><T118/><D118/><U59/><E5/><V120/><F115/><W39/><G39/><T60/><D124/><U30/><E126/><V20/><F20/><W68/><G68/><T70/><D15/><N who="1" m="9663" /><E19/><V73/><F120/><W34/><G34/><T46/><D35/><U81/><E81/><V106/><F106/><W135/><G114/><T75/><D75/><U105/><E105/><V12/><F12/><W82/><G112/><T10/><D10/><U119/><E119/><V80/><F47/><W50/><G1/><T18/><D18/><U104/><E104/><V72/><F72/><W25/><G44/><T134/><D134/><N who="1" m="51819" /><E59/><V65/><F80/><W71/><G71/><T95/><REACH who="0" step="1"/><D98/><REACH who="0" ten="240,250,250,250" step="2"/><U40/><E129/><V93/><F65/><W6/><G135/><T79/><D79/><U2/><E128/><V13/><F13/><N who="3" m="5271" /><G11/><T87/><D87/><U92/><E2/><V125/><F125/><W24/><G24/><T131/><D131/><U76/><E76/><AGARI ba="0,1" hai="16,21,25,49,50,76,82,86,94,99,102" m="5271" machi="76" ten="30,2000,0" yaku="8,1,54,1" doraHai="85" who="3" fromWho="1" sc="240,0,250,-20,250,0,250,30" /><INIT seed="1,0,0,5,5,116" ten="240,230,250,280" oya="1" hai0="35,20,107,100,129,98,56,13,5,115,38,21,9" hai1="82,45,94,41,130,86,125,60,117,55,40,102,65" hai2="17,123,101,0,84,28,118,95,6,133,10,75,71" hai3="61,63,114,27,78,119,91,68,88,79,85,111,4"/><U18/><E117/><V72/><F71/><W126/><G119/><T103/><D115/><U109/><E125/><V93/><F118/><W19/><G114/><T106/><D129/><U44/><E130/><V70/><F70/><W51/><G126/><T31/><D38/><U112/><E112/><V14/><F28/><W47/><G111/><T59/><D35/><U34/><E34/><V32/><F32/><W50/><G4/><T62/><D31/><U2/><E2/><V90/><F133/><W48/><G47/><N who="1" m="17994" /><E65/><V46/><F46/><W87/><G68/><T49/><D49/><U52/><E18/><V76/><F76/><W97/><G97/><T57/><REACH who="0" step="1"/><D62/><REACH who="0" ten="230,230,250,280" step="2"/><U3/><E60/><V80/><F72/><W83/><G61/><T42/><D42/><N who="1" m="16491" /><E109/><V23/><F75/><W43/><G63/><T131/><D131/><U39/><E39/><V7/><F7/><W54/><G43/><T26/><D26/><U96/><E3/><V105/><F123/><W37/><G37/><T108/><D108/><U36/><E36/><V92/><REACH who="2" step="1"/><F105/><REACH who="2" ten="230,230,240,280" step="2"/><W74/><G74/><T113/><D113/><U89/><AGARI ba="0,2" hai="52,55,82,86,89,94,96,102" m="16491,17994" machi="89" ten="30,3000,0" yaku="8,1,54,1" doraHai="116" who="1" fromWho="1" sc="230,-10,230,50,240,-10,280,-10" /><INIT seed="1,1,0,4,3,131" ten="220,280,230,270" oya="1" hai0="28,118,74,91,43,22,47,50,86,102,120,130,51" hai1="4,105,88,123,32,97,16,110,129,25,48,134,0" hai2="75,20,24,66,103,36,41,65,45,53,6,106,85" hai3="124,56,11,35,95,60,96,62,135,40,107,126,94"/><U59/><E123/><V5/><F75/><W68/><G35/><T77/><D130/><U119/><E119/><V54/><F85/><W109/><G109/><T33/><D118/><U111/><E129/><V52/><F103/><W128/><G128/><T113/><D113/><U42/><E105/><V122/><F106/><W18/><G68/><T31/><D120/><U71/><E71/><V39/><F39/><W27/><G107/><T8/><D33/><U73/><E73/><V2/><F122/><W104/><G104/><T83/><D102/><U44/><E59/><V121/><F121/><W92/><G96/><T70/><D70/><U112/><E112/><V81/><F81/><W89/><G89/><T87/><D74/><U21/><E32/><V29/><REACH who="2" step="1"/><F2/><REACH who="2" ten="220,280,220,270" step="2"/><W78/><G78/><T13/><D86/><U38/><E38/><V10/><F10/><W101/><G11/><T12/><D77/><U58/><E110/><V67/><AGARI ba="1,1" hai="5,6,20,24,29,36,41,45,52,53,54,65,66,67" machi="67" ten="30,4000,0" yaku="1,1,0,1,54,1,53,0" doraHai="131" doraHaiUra="93" who="2" fromWho="2" sc="220,-11,280,-21,220,53,270,-11" /><INIT seed="2,0,0,1,2,31" ten="209,259,273,259" oya="2" hai0="43,34,24,49,106,62,132,85,16,18,133,9,75" hai1="51,54,66,69,53,78,47,32,125,12,4,60,116" hai2="135,94,111,129,115,5,95,14,99,25,97,39,6" hai3="46,103,90,112,77,110,76,93,64,28,109,20,119"/><V73/><F115/><W41/><G119/><T61/><D75/><U122/><E116/><V8/><F73/><W123/><G123/><T89/><D106/><U79/><E122/><V88/><F39/><W59/><G103/><T48/><D61/><U67/><E125/><V101/><F129/><W19/><G28/><N who="0" m="19719" /><D62/><U74/><E32/><V21/><F135/><N who="0" m="51786" /><D9/><N who="1" m="4135" /><E69/><V105/><F111/><N who="3" m="42507" /><G112/><T126/><D126/><U15/><E15/><V124/><F124/><W104/><G104/><T121/><D121/><U50/><E74/><V84/><F105/><W57/><G64/><N who="1" m="24618" /><E60/><V102/><F102/><W70/><G70/><T3/><D3/><U100/><E100/><V113/><F113/><W55/><G55/><T117/><D117/><U33/><E33/><V98/><F5/><W22/><G57/><AGARI ba="0,0" hai="47,50,51,53,54,57,78,79" m="24618,4135" machi="57" ten="30,1000,0" yaku="8,1" doraHai="31" who="1" fromWho="3" sc="209,0,259,10,273,0,259,-10" /><INIT seed="3,0,0,4,0,65" ten="209,269,273,249" oya="3" hai0="43,17,127,30,7,66,88,64,6,26,109,35,33" hai1="37,76,52,85,49,46,38,32,82,5,103,105,68" hai2="99,61,45,54,70,125,42,51,57,110,134,71,81" hai3="36,67,94,53,28,60,15,77,96,20,10,79,29"/><W80/><G36/><T18/><D109/><U117/><E32/><N who="0" m="12361" /><D43/><U16/><E68/><V44/><F81/><W98/><G53/><T122/><D88/><U106/><E5/><N who="0" m="1545" /><D66/><U118/><E16/><N who="0" m="6249" /><D64/><U0/><E0/><V83/><F110/><W55/><G55/><T40/><D40/><U120/><E120/><V130/><F99/><W19/><G98/><T21/><D122/><U104/><REACH who="1" step="1"/><E103/><REACH who="1" ten="209,259,273,249" step="2"/><V14/><F71/><W112/><G112/><T39/><D39/><AGARI ba="0,1" hai="37,38,39,46,49,52,76,82,85,104,105,106,117,118" machi="39" ten="50,6400,0" yaku="1,1,2,1,54,1,53,0" doraHai="65" doraHaiUra="62" who="1" fromWho="0" sc="209,-64,259,74,273,0,249,0" owari="145,-35.5,333,43.3,273,7.3,249,-15.1" /></mjloggm>