<mjloggm ver="2.3"><GO type="225" lobby="0"/><UN n0="%E8%BE%9B%E5%8F%A3%E3%82%AB%E3%83%AC%E3%83%BC%E3%83%A9%E3%82%A4%E3%82%B9" n1="%6C%65%74%69%74%62%65" n2="%E5%A4%8F%E9%88%B4%E9%88%B4%E5%A4%8F" n3="%61%79%61%70%69%6E" dan="17,16,16,16" rate="2162.15,2113.14,2114.71,2119.61" sx="M,M,F,M"/><TAIKYOKU oya="0"/><INIT seed="0,0,0,0,4,11" ten="250,250,250,250" oya="0" hai0="61,3,115,43,48,70,108,121,80,26,122,67,77" hai1="130,25,28,10,97,82,38,62,126,22,117,127,30" hai2="106,45,75,69,35,6,116,134,78,14,0,104,2" hai3="92,68,29,52,102,49,85,73,13,76,132,120,19"/><T4/><D115/><U112/><E38/><V124/><F35/><W27/><G120/><T83/><D108/><U46/><E117/><V8/><F116/><W109/><G68/><T34/><D83/><U110/><E110/><V95/><F124/><N who="1" m="47657" /><E130/><V94/><F69/><W50/><G109/><T105/><D105/><U60/><E46/><V135/><F78/><W72/><G132/><N who="2" m="50729" /><F75/><W57/><G49/><T66/><D66/><U44/><E44/><V5/><F45/><W107/><G107/><N who="2" m="41001" /><F5/><W15/><G73/><N who="0" m="43055" /><D48/><U33/><E112/><V18/><F0/><W119/><G72/><T128/><D43/><U12/><E82/><V81/><F81/><N who="3" m="47271" /><G29/><N who="0" m="19767" /><D128/><U133/><E133/><V93/><F93/><W87/><G119/><T88/><D88/><U96/><E28/><V37/><F37/><W113/><G113/><T84/><D84/><U90/><E33/><V58/><F58/><W98/><G87/><T55/><D55/><U36/><E36/><V41/><F41/><W86/><G86/><T32/><D32/><U123/><E123/><V63/><F63/><N who="1" m="24105" /><E90/><V17/><F17/><AGARI ba="0,0" hai="10,12,17,22,25,30,96,97" m="24105,47657" machi="17" ten="30,2000,0" yaku="18,1,52,1" doraHai="11" who="1" fromWho="2" sc="250,0,250,20,250,-20,250,0" /><INIT seed="1,0,0,1,5,51" ten="250,270,230,250" oya="1" hai0="90,113,120,61,6,68,75,17,72,124,134,30,46" hai1="79,107,118,133,80,18,126,84,85,7,15,114,69" hai2="12,89,3,97,82,88,106,109,21,128,32,13,83" hai3="42,9,48,36,63,34,62,125,67,108,73,29,27"/><U2/><E118/><V44/><F109/><W0/><G73/><T100/><D113/><U23/><E114/><V94/><F3/><W95/><G108/><T10/><D134/><U22/><E133/><V116/><F116/><W122/><G122/><T135/><D135/><U105/><E69/><V50/><F128/><W55/><G125/><T20/><D124/><U93/><E126/><V119/><F32/><W71/><G62/><T99/><D120/><U37/><E37/><V70/><F70/><W115/><G115/><T53/><D30/><U56/><E2/><V31/><F119/><W64/><G64/><T117/><D90/><U59/><E7/><V123/><F106/><W38/><G42/><T132/><D132/><U14/><E105/><V131/><F131/><W41/><G41/><T111/><D111/><U96/><E84/><N who="2" m="50199" /><F83/><W8/><G95/><T33/><D33/><U76/><E107/><V16/><F31/><W104/><G104/><T28/><D28/><U92/><E76/><V91/><F123/><W130/><G130/><T40/><D68/><U11/><E92/><V26/><F91/><W52/><G55/><AGARI ba="0,0" hai="12,13,16,21,26,44,50,55,89,94,97" m="50199" machi="55" ten="30,7700,0" yaku="8,1,52,1,54,2" doraHai="51" who="2" fromWho="3" sc="250,0,270,0,230,77,250,-77" /><INIT seed="2,0,0,5,4,73" ten="250,270,307,173" oya="2" hai0="102,119,86,2,85,34,3,97,131,91,113,108,10" hai1="123,135,4,111,101,26,62,71,81,45,40,46,107" hai2="63,39,42,96,33,7,126,8,72,68,60,43,55" hai3="14,53,90,104,106,130,67,74,38,79,51,112,89"/><V44/><F72/><W124/><G112/><T5/><D113/><U50/><E4/><V93/><F33/><W6/><G38/><T83/><D108/><U0/><E0/><V69/><F126/><W80/><G130/><T133/><D34/><U99/><E111/><V128/><F128/><W64/><G124/><T29/><D131/><U127/><E135/><V9/><F43/><W66/><G106/><T115/><D115/><U20/><E45/><V36/><F39/><W92/><G104/><T22/><D133/><U25/><E123/><V13/><F9/><N who="3" m="4407" /><G74/><T105/><D119/><U87/><E20/><V117/><F117/><W132/><G92/><T129/><D129/><U24/><E127/><V77/><F77/><W76/><G132/><T100/><D100/><U120/><E120/><V118/><F118/><W21/><G21/><T1/><REACH who="0" step="1"/><D85/><REACH who="0" ten="240,270,307,173" step="2"/><U52/><E87/><V58/><F63/><W114/><G114/><T125/><D125/><U41/><E62/><V12/><F12/><W110/><G110/><T122/><D122/><U78/><E101/><AGARI ba="0,1" hai="7,8,13,36,42,44,55,58,60,68,69,93,96,101" machi="101" ten="30,1500,0" yaku="7,1" doraHai="73" who="2" fromWho="1" sc="240,0,270,-15,307,25,173,0" /><INIT seed="2,1,0,4,0,99" ten="240,255,332,173" oya="2" hai0="20,129,55,54,45,65,127,92,50,52,86,118,82" hai1="6,4,68,18,66,84,0,97,103,102,117,113,22" hai2="49,16,32,106,60,122,96,61,124,83,3,38,8" hai3="59,95,35,125,105,128,21,31,33,126,123,101,93"/><V79/><F122/><W40/><G123/><T87/><D127/><N who="3" m="48649" /><G40/><T78/><D129/><U12/><E113/><V75/><F38/><W27/><G128/><T57/><D118/><U116/><E97/><V1/><F32/><N who="3" m="12363" /><G59/><T110/><D110/><U73/><E73/><V121/><F121/><W89/><G89/><N who="0" m="53303" /><D20/><U25/><E84/><V76/><F76/><W64/><G64/><T30/><D30/><U72/><E72/><V98/><F124/><W90/><G90/><T28/><D28/><U77/><E77/><V41/><F1/><W100/><G105/><T11/><D11/><U56/><E0/><V43/><F98/><W53/><G53/><N who="0" m="29903" /><D65/><U10/><E116/><V131/><F131/><W47/><G47/><T130/><D130/><U91/><E117/><V44/><F43/><W63/><G63/><AGARI ba="1,0" hai="52,54,55,57,63,78,82,87" m="29903,53303" machi="63" ten="30,2000,0" yaku="8,1,54,1" doraHai="99" who="0" fromWho="3" sc="240,23,255,0,332,0,173,-23" /><INIT seed="3,0,0,3,3,94" ten="263,255,332,150" oya="3" hai0="93,92,134,3,59,17,65,35,123,111,89,45,54" hai1="57,75,31,68,33,73,63,117,13,114,106,79,14" hai2="48,20,51,78,84,5,116,40,38,24,87,61,109" hai3="102,85,104,127,23,101,83,41,16,58,32,76,119"/><W130/><G119/><T9/><D123/><U2/><E114/><V99/><F116/><W80/><G32/><T30/><D111/><U11/><E57/><V118/><F118/><W42/><G130/><T108/><D108/><U112/><E13/><V100/><F38/><W133/><G127/><T124/><D124/><U0/><E14/><V60/><F5/><W105/><G133/><T52/><D134/><U98/><E112/><V7/><F7/><W56/><G105/><T10/><D3/><N who="1" m="1067" /><E11/><N who="0" m="4105" /><D30/><U103/><E79/><V46/><F109/><W86/><G104/><T8/><D35/><U81/><E81/><N who="2" m="47159" /><F51/><W12/><G41/><T49/><D65/><N who="1" m="41023" /><E117/><V120/><F87/><W135/><G42/><T15/><D89/><U62/><E62/><AGARI ba="0,0" hai="8,15,17,45,49,52,54,59,62,92,93" m="4105" machi="62" ten="30,2000,0" yaku="8,1,54,1" doraHai="94" who="0" fromWho="1" sc="263,20,255,-20,332,0,150,0" owari="283,8.3,235,-16.5,332,43.2,150,-35.0" /></mjloggm>