<mjloggm ver="2.3"><GO type="225" lobby="0"/><UN n0="%E4%BF%BA%E3%81%A8%E5%A6%96%E5%A4%A2" n1="%E6%B8%A9%E2%98%85%E6%83%85%E2%98%85%E6%8E%AA%E2%98%85%E7%BD%AE" n2="%E7%B4%94%E6%BD%94%E3%83%94%E3%83%A9%E3%83%8B%E3%82%A2" n3="%E6%A0%B9%E5%85%83%E3%81%8B%E3%82%89%E5%90%B9%E3%81%A3%E9%A3%9B%E3%81%B6" dan="16,17,17,17" rate="2207.05,2179.56,2161.44,2120.48" sx="F,M,M,F"/><TAIKYOKU oya="0"/><INIT seed="0,0,0,1,5,117" ten="250,250,250,250" oya="0" hai0="128,104,49,89,130,97,81,2,111,16,129,106,42" hai1="88,35,120,73,68,13,18,101,60,55,84,32,36" hai2="4,39,10,58,93,116,100,85,109,37,7,108,92" hai3="76,91,96,48,62,94,23,69,40,30,29,70,135"/><T38/><D38/><N who="2" m="14346" /><F58/><W115/><G115/><T112/><D2/><U6/><E36/><V5/><F100/><W131/><G131/><T56/><D112/><U63/><E73/><V47/><F47/><W52/><G135/><T105/><D111/><N who="2" m="42570" /><F85/><W41/><G76/><T125/><D125/><U28/><E120/><V61/><F61/><W71/><G62/><T64/><D64/><U1/><E101/><V51/><F51/><W46/><REACH who="3" step="1"/><G23/><REACH who="3" ten="250,250,250,240" step="2"/><T133/><D133/><U75/><E60/><V67/><F116/><W114/><G114/><T15/><D130/><U59/><E63/><V99/><F67/><W26/><G26/><T77/><D128/><U134/><E134/><V33/><F33/><W12/><G12/><T83/><D129/><U9/><E13/><V110/><F110/><W66/><G66/><T50/><D77/><U54/><E32/><V3/><F99/><W95/><G95/><AGARI ba="0,1" hai="3,4,5,7,10,92,93,95" m="42570,14346" machi="95" ten="30,1000,0" yaku="14,1" doraHai="117" who="2" fromWho="3" sc="250,0,250,0,250,20,240,-10" /><INIT seed="1,0,0,5,3,108" ten="250,250,270,230" oya="1" hai0="65,4,68,0,60,52,101,37,18,61,2,41,66" hai1="113,27,80,112,77,25,120,26,32,54,94,57,95" hai2="79,17,82,48,129,63,35,71,124,100,8,9,55" hai3="116,44,30,42,104,128,119,114,96,31,40,21,3"/><U92/><E120/><V110/><F110/><W70/><G3/><T49/><D101/><U53/><E32/><V67/><F35/><W131/><G70/><T83/><D83/><U109/><E109/><V34/><F34/><W102/><G42/><T39/><D18/><U47/><E47/><V46/><F124/><W6/><G6/><T36/><D4/><U105/><E105/><V125/><F125/><W115/><G21/><T33/><D33/><U93/><N who="1" m="23552" /><DORA hai="11" /><U78/><E57/><V118/><F118/><N who="3" m="45099" /><G30/><T121/><D121/><U45/><E45/><V59/><F100/><W64/><G64/><T20/><D20/><U84/><REACH who="1" step="1"/><E78/><REACH who="1" ten="250,240,270,230" step="2"/><V29/><F79/><W75/><G131/><T16/><D41/><U99/><E99/><V43/><F129/><W103/><G128/><T19/><D0/><U22/><E22/><V62/><F59/><W12/><G103/><T130/><D2/><U7/><E7/><V24/><F46/><W15/><G44/><T38/><D130/><U107/><E107/><V87/><F43/><W126/><G40/><T1/><D1/><U50/><E50/><V81/><F48/><W56/><G126/><T58/><D38/><U28/><E28/><V10/><F29/><W133/><G56/><T132/><D132/><U85/><E85/><V135/><F87/><W86/><G133/><T97/><D97/><U111/><E111/><V5/><F135/><W69/><G86/><T72/><D72/><U91/><E91/><V106/><F106/><W90/><G75/><T123/><D123/><U14/><E14/><V88/><F5/><RYUUKYOKU ba="0,1" sc="250,15,240,15,270,-15,230,-15" hai0="16,19,36,37,39,49,52,58,60,61,65,66,68" hai1="25,26,27,53,54,77,80,84,112,113" /><INIT seed="1,1,1,4,3,40" ten="265,255,255,215" oya="1" hai0="14,33,23,69,78,2,85,43,63,5,134,61,19" hai1="16,3,113,133,42,122,68,20,89,41,125,116,54" hai2="13,11,98,105,86,38,52,92,62,109,127,10,110" hai3="106,24,53,88,94,29,119,57,0,50,135,56,84"/><U107/><E107/><V112/><F38/><W126/><G126/><T58/><D69/><U131/><E113/><V74/><F74/><W18/><G135/><T31/><D134/><U25/><E116/><V35/><F35/><W8/><G119/><T75/><D75/><U80/><E133/><V51/><F127/><W102/><G106/><T129/><D129/><U111/><E68/><V71/><F86/><W120/><G120/><T99/><D99/><U96/><E3/><V121/><F105/><W9/><G102/><T17/><D17/><U30/><E125/><V103/><F121/><W73/><G73/><T60/><D43/><U104/><E104/><V90/><F90/><W64/><G0/><T37/><D37/><U108/><E122/><V49/><F49/><W39/><G39/><T59/><D85/><N who="1" m="50343" /><E131/><V115/><F62/><N who="3" m="37959" /><G29/><T66/><D59/><U21/><E96/><V123/><F71/><W65/><G65/><T82/><D82/><U87/><E87/><V7/><F11/><W70/><G70/><T93/><D93/><U114/><E54/><V15/><F123/><W101/><G101/><T28/><D78/><U72/><E114/><N who="2" m="43563" /><F13/><W26/><G8/><N who="0" m="2103" /><D31/><U91/><E91/><V44/><AGARI ba="1,1" hai="7,10,15,44,51,52,92,98,103,109,110" m="43563" machi="44" ten="30,4000,0" yaku="11,1,52,1,54,1" doraHai="40" who="2" fromWho="2" sc="265,-11,255,-21,255,53,215,-11" /><INIT seed="2,0,0,3,0,65" ten="254,234,308,204" oya="2" hai0="26,6,125,13,77,93,129,95,45,104,110,0,120" hai1="58,48,109,47,81,112,56,8,113,76,102,1,89" hai2="57,90,69,12,40,27,16,4,80,25,115,74,124" hai3="34,64,9,66,84,134,7,79,62,30,130,103,85"/><V32/><F115/><W132/><G130/><T86/><D120/><U116/><E116/><V61/><F124/><W122/><G122/><T78/><D104/><U123/><E123/><V121/><F121/><W70/><G66/><T67/><D0/><U59/><E109/><V75/><F40/><W73/><G103/><T135/><D110/><U54/><E102/><V46/><F46/><W99/><G99/><T11/><D125/><U21/><E21/><V49/><F49/><W37/><G37/><T55/><D129/><U126/><E89/><V71/><F4/><W111/><G111/><T91/><D67/><U42/><E126/><V82/><F90/><W133/><G73/><T39/><D135/><U87/><E1/><V20/><F74/><W29/><G79/><T106/><D106/><U14/><REACH who="1" step="1"/><E54/><REACH who="1" ten="254,224,308,204" step="2"/><V88/><F88/><W31/><G34/><T96/><D55/><U36/><E36/><V60/><F32/><W35/><G35/><T53/><D39/><U50/><E50/><V2/><F2/><AGARI ba="0,1" hai="2,7,9,29,30,31,62,64,70,84,85,132,133,134" machi="2" ten="50,3200,0" yaku="20,1,52,1" doraHai="65" who="3" fromWho="2" sc="254,0,224,0,308,-32,204,42" /><INIT seed="3,0,0,4,0,121" ten="254,224,276,246" oya="3" hai0="92,110,94,135,125,87,74,68,46,126,10,118,71" hai1="7,44,15,59,0,81,93,112,108,129,130,62,47" hai2="11,57,37,58,70,133,123,66,16,20,32,28,36" hai3="72,2,63,86,41,67,114,117,3,9,132,65,56"/><W54/><G114/><T31/><D118/><U55/><E112/><V131/><F123/><W102/><G117/><T124/><D74/><U73/><E0/><V38/><F11/><W113/><G72/><T100/><D135/><U19/><E7/><V64/><F133/><W42/><G113/><T103/><D31/><U97/><E108/><V85/><F32/><W84/><G102/><N who="0" m="38955" /><D10/><U106/><E106/><V115/><F28/><W88/><G86/><T13/><D13/><U6/><E6/><V82/><F131/><N who="1" m="50185" /><E81/><V104/><F104/><W107/><G107/><T99/><D99/><U4/><E4/><V33/><F33/><W18/><G2/><T90/><D92/><U95/><E73/><V69/><F58/><W35/><G35/><T22/><D22/><N who="1" m="11647" /><E95/><V1/><F1/><W116/><G116/><T12/><D12/><U39/><E39/><V134/><F134/><W78/><G3/><T101/><D101/><AGARI ba="0,0" hai="44,47,55,59,62,93,97,101" m="11647,50185" machi="101" ten="30,1000,0" yaku="19,1" doraHai="121" who="1" fromWho="0" sc="254,-10,224,10,276,0,246,0" /><INIT seed="4,0,0,4,1,105" ten="244,234,276,246" oya="0" hai0="74,99,18,52,3,131,40,132,133,9,49,53,64" hai1="16,47,56,60,77,27,43,135,36,44,116,110,2" hai2="90,55,13,10,24,119,62,32,120,11,76,113,29" hai3="19,12,73,17,63,41,50,71,111,30,72,7,66"/><T79/><D131/><U122/><E110/><V54/><F120/><W123/><G111/><T21/><D64/><U15/><E2/><V82/><F113/><W80/><G30/><T124/><D124/><U68/><E122/><V48/><F119/><W115/><G115/><T109/><D109/><U130/><E116/><V126/><F126/><W34/><G34/><T117/><D117/><U129/><E135/><N who="0" m="51785" /><D99/><U61/><E77/><V1/><F90/><W81/><G7/><N who="0" m="1279" /><D40/><U101/><E101/><V95/><F95/><W4/><G4/><T96/><D96/><U125/><E125/><V38/><F38/><W51/><G19/><T87/><D87/><U20/><E47/><V103/><F103/><W31/><G31/><T59/><D53/><U46/><E46/><V70/><F1/><W37/><G37/><T114/><D114/><U78/><E78/><V127/><F127/><W75/><G41/><T57/><D57/><U85/><E85/><V94/><F94/><W5/><G5/><T108/><D108/><U39/><E39/><V65/><F54/><W6/><G6/><T98/><D98/><U97/><E97/><V121/><F121/><W25/><G123/><T14/><D79/><U58/><E68/><V106/><F106/><W28/><G51/><T0/><D0/><U89/><E89/><V100/><F100/><W102/><G50/><T67/><D67/><N who="1" m="39303" /><E15/><V88/><F13/><W118/><G102/><T69/><D69/><U22/><E22/><V104/><F104/><W23/><G118/><T134/><N who="0" m="51793" /><T86/><DORA hai="93" /><D86/><U8/><E8/><RYUUKYOKU ba="0,0" sc="244,10,234,10,276,-30,246,10" hai0="14,18,21,49,52,59,74" hai1="16,20,27,36,43,44,58,61,129,130" hai3="12,17,23,25,28,63,66,71,72,73,75,80,81" /><INIT seed="4,1,0,5,5,18" ten="254,244,246,256" oya="0" hai0="76,70,32,99,90,45,128,93,110,20,121,107,60" hai1="8,42,97,69,87,79,133,126,40,30,81,28,119" hai2="91,15,59,104,38,14,10,37,94,11,114,0,82" hai3="129,92,135,72,66,83,108,21,7,125,63,35,46"/><T102/><D121/><U71/><E119/><V67/><F104/><W95/><G35/><T78/><D32/><U73/><E133/><V132/><F132/><W118/><G108/><T106/><D110/><U123/><E123/><V127/><F127/><W50/><G129/><T101/><D45/><U31/><E126/><V134/><F114/><W44/><G118/><T54/><D70/><U77/><E71/><V34/><F34/><W56/><G46/><T113/><D113/><U98/><E69/><V33/><F33/><W116/><G116/><T41/><D41/><N who="1" m="15979" /><E73/><V85/><F0/><W24/><G7/><T2/><D2/><U25/><E8/><V1/><F1/><W12/><G12/><T57/><D128/><U47/><E47/><V39/><F134/><W88/><G72/><T53/><D53/><U19/><E79/><N who="0" m="30249" /><D106/><U120/><E120/><V74/><F74/><W27/><G27/><T17/><D107/><U80/><E80/><V75/><F75/><W96/><G125/><T89/><D89/><U52/><E52/><V62/><F82/><W68/><G68/><T9/><D9/><U111/><E111/><V43/><F43/><N who="3" m="24863" /><G135/><T100/><D100/><U16/><E25/><AGARI ba="1,0" hai="17,20,25,54,57,60,90,93,99,101,102" m="30249" machi="25" ten="30,5800,0" yaku="25,1,8,1,52,1" doraHai="18" who="0" fromWho="1" sc="254,61,244,-61,246,0,256,0" owari="315,41.5,183,-31.7,246,-15.4,256,5.6" /></mjloggm>