<mjloggm ver="2.3"><GO type="225" lobby="0"/><UN n0="%72%61%6B%33" n1="%E3%82%A2%E3%83%9E%E3%83%9D%EF%BD%9E%EF%BD%9E%E3%83%A9" n2="%E3%81%A4%E3%81%A3%E3%81%B1%E3%82%8A%E3%83%9D%E3%83%BC%E3%83%AB" n3="%E3%83%B4%E3%83%A0%EF%BC%99%E3%81%A6" dan="16,17,17,16" rate="2109.75,2099.85,2175.61,2180.30" sx="M,M,M,M"/><TAIKYOKU oya="0"/><INIT seed="0,0,0,2,5,43" ten="250,250,250,250" oya="0" hai0="131,0,71,72,3,77,119,75,37,126,41,52,8" hai1="47,5,25,110,11,21,58,46,92,34,133,111,112" hai2="16,122,40,68,63,42,100,13,48,83,70,114,118" hai3="38,76,26,81,2,66,56,96,106,94,54,27,6"/><T9/><D119/><U101/><E34/><V124/><F114/><W20/><G106/><T109/><D71/><U85/><E133/><V97/><F122/><W14/><G38/><T29/><D126/><U88/><E101/><V61/><F124/><W55/><G2/><T98/><D131/><U113/><E58/><V91/><F118/><W32/><G32/><T105/><D29/><U4/><E4/><V78/><F91/><W127/><G127/><T35/><D35/><U108/><E21/><V39/><F39/><W125/><G125/><T45/><D109/><U33/><E25/><V44/><F42/><W59/><G59/><T62/><D8/><U87/><E87/><N who="2" m="48631" /><F70/><W90/><G66/><T104/><D75/><U128/><E128/><V103/><F68/><W116/><G54/><T28/><D28/><U22/><E22/><N who="2" m="11535" /><F97/><W50/><G116/><T93/><D105/><U51/><E33/><V30/><F30/><W102/><G102/><AGARI ba="0,0" hai="40,44,48,61,63,100,102,103" m="11535,48631" machi="102" ten="30,3900,0" yaku="8,1,52,1,54,1" doraHai="43" who="2" fromWho="3" sc="250,0,250,0,250,39,250,-39" /><INIT seed="1,0,0,4,1,90" ten="250,250,289,211" oya="1" hai0="14,31,69,60,22,11,82,55,3,57,67,118,23" hai1="94,131,78,99,119,53,75,64,86,135,7,19,121" hai2="95,5,101,89,83,120,32,77,2,20,59,123,103" hai3="79,46,28,84,85,24,26,130,98,71,4,81,61"/><U107/><E119/><V13/><F32/><W108/><G108/><T27/><D118/><U34/><E34/><V36/><F36/><W33/><G130/><T54/><D3/><U1/><E121/><V132/><F132/><W35/><G4/><T58/><D23/><U93/><E135/><V8/><F2/><W21/><G46/><T45/><D82/><U128/><E64/><V9/><F9/><W16/><G98/><T50/><REACH who="0" step="1"/><D54/><REACH who="0" ten="240,250,289,211" step="2"/><U66/><E53/><V116/><F20/><W68/><G33/><T63/><D63/><U49/><E1/><V30/><F116/><W37/><G37/><T125/><D125/><U115/><E115/><V92/><F83/><W40/><G40/><T38/><D38/><U43/><E43/><V56/><F123/><W109/><G109/><T42/><D42/><U129/><E129/><V112/><F120/><W15/><G61/><T102/><D102/><U74/><E131/><V72/><F103/><W41/><G41/><T127/><D127/><U52/><E52/><V117/><F101/><W76/><G15/><T44/><D44/><U62/><E62/><V106/><F13/><W134/><G134/><T111/><D111/><U80/><E80/><AGARI ba="0,1" hai="16,21,24,26,28,35,68,71,76,79,80,81,84,85" machi="80" ten="40,2600,0" yaku="9,1,54,1" doraHai="90" who="3" fromWho="1" sc="240,0,250,-26,289,0,211,36" /><INIT seed="2,0,0,5,4,38" ten="240,224,289,247" oya="2" hai0="0,14,48,7,75,74,80,76,64,50,5,86,108" hai1="104,58,85,62,13,106,29,93,25,92,43,36,66" hai2="33,37,123,12,28,73,100,52,111,135,60,96,122" hai3="49,10,42,117,107,53,128,56,46,105,59,103,34"/><V47/><F73/><W26/><G117/><T118/><D118/><U112/><E112/><V102/><F135/><W120/><G120/><T35/><D35/><U132/><E132/><V20/><F33/><W94/><G128/><T67/><D108/><U15/><E106/><V11/><F111/><W99/><G10/><T91/><D0/><U77/><E104/><V116/><F116/><W72/><G72/><T126/><D126/><U101/><E36/><V30/><F37/><W69/><G56/><T98/><D98/><N who="1" m="59591" /><E43/><V22/><F123/><W8/><G8/><T84/><D14/><U61/><E61/><V55/><F60/><W133/><G69/><T3/><D3/><U129/><E129/><V24/><F122/><W115/><G115/><T57/><D74/><U68/><E68/><V131/><F131/><W6/><G6/><N who="0" m="2059" /><D75/><U4/><E4/><N who="2" m="3175" /><F96/><W114/><G114/><T134/><D134/><U119/><E119/><V78/><F78/><W124/><G124/><T1/><D1/><U19/><E19/><V2/><F2/><W17/><G133/><T83/><D48/><U54/><E66/><V130/><F130/><W79/><G79/><T127/><D127/><U90/><E77/><V125/><F125/><W113/><G113/><T109/><D109/><U110/><E110/><V32/><F32/><W121/><G121/><T82/><D82/><U51/><E62/><V95/><F95/><W70/><G70/><T39/><D39/><U9/><E9/><V16/><F55/><AGARI ba="0,0" hai="50,55,57,64,67,76,80,83,84,86,91" m="2059" machi="55" ten="30,1000,0" yaku="8,1" doraHai="38" who="0" fromWho="2" sc="240,10,224,0,289,-10,247,0" /><INIT seed="3,0,0,1,2,82" ten="250,224,279,247" oya="3" hai0="31,78,89,111,125,54,103,93,106,10,72,65,87" hai1="28,68,9,114,32,5,52,121,105,91,84,61,69" hai2="40,120,13,132,108,49,14,97,55,4,135,48,126" hai3="34,73,59,104,35,53,77,80,66,99,63,3,86"/><W45/><G3/><T21/><D111/><U2/><E121/><V16/><F108/><W20/><G73/><T85/><D125/><U95/><E114/><V79/><F126/><W109/><G109/><T123/><D123/><U30/><E105/><V0/><F120/><W51/><REACH who="3" step="1"/><G20/><REACH who="3" ten="250,224,279,237" step="2"/><T131/><D72/><U19/><E32/><V74/><F0/><W81/><G81/><T88/><D21/><U112/><E112/><V134/><F74/><W67/><G67/><T98/><D65/><U76/><E69/><V12/><F135/><W37/><G37/><T7/><D131/><U83/><E68/><V23/><F23/><W75/><G75/><T11/><D31/><U128/><E128/><V26/><F134/><W133/><G133/><T29/><D29/><U15/><E2/><V56/><F132/><W46/><G46/><T22/><D22/><U70/><E70/><V8/><F14/><W92/><G92/><T44/><D44/><U43/><E30/><V24/><F13/><W38/><G38/><T94/><D94/><U71/><E28/><V102/><F12/><W33/><G33/><T117/><D93/><U41/><E71/><V27/><F27/><W110/><G110/><T119/><D117/><U58/><E5/><V122/><F26/><W1/><G1/><T39/><D7/><U50/><E61/><V115/><F24/><W42/><G42/><T18/><D119/><U113/><E113/><V118/><F40/><W129/><G129/><T6/><D6/><U96/><AGARI ba="0,1" hai="9,15,19,41,43,50,52,58,76,83,84,91,95,96" machi="96" ten="20,8000,1" yaku="0,1,7,1,8,1,52,1,54,1" doraHai="82" who="1" fromWho="1" sc="250,-20,224,90,279,-20,237,-40" owari="230,-17.0,314,41.4,259,5.9,197,-30.3" /></mjloggm>