<mjloggm ver="2.3"><GO type="225" lobby="0"/><UN n0="%E9%A6%AC%E5%BC%95%E7%81%AB%33" n1="%47%48%4F%53%54" n2="%E5%91%A8%E6%9D%B1" n3="%E5%B0%8F%E9%B3%A5%E9%81%8A%E7%B7%B4%E7%84%A1%32%31%E6%AD%B3" dan="17,18,16,16" rate="2130.79,2195.96,2148.81,2198.82" sx="M,M,M,F"/><TAIKYOKU oya="0"/><INIT seed="0,0,0,3,2,42" ten="250,250,250,250" oya="0" hai0="93,88,89,130,109,36,49,129,62,35,1,113,59" hai1="78,106,97,114,40,123,102,7,110,0,117,112,11" hai2="46,82,12,23,50,68,56,124,131,115,47,126,57" hai3="20,17,25,128,30,44,43,119,71,100,111,39,64"/><T29/><D113/><N who="1" m="43627" /><E117/><V73/><F115/><W51/><G119/><T60/><D36/><U37/><E78/><N who="2" m="44367" /><F68/><W38/><G128/><N who="0" m="49259" /><D1/><U18/><E18/><N who="2" m="10695" /><F131/><W9/><G111/><T103/><D109/><U67/><E67/><V14/><F14/><W90/><G100/><T87/><D103/><U10/><E10/><V32/><F32/><W132/><G132/><T3/><D3/><U99/><E99/><V96/><F96/><W105/><G105/><T108/><D108/><U48/><E48/><V15/><F15/><W52/><G90/><T101/><D101/><U135/><E110/><V4/><F4/><W79/><G79/><T19/><D19/><U83/><E83/><V61/><F50/><W74/><G74/><T98/><D29/><U134/><E123/><V133/><F133/><N who="1" m="50697" /><E40/><V104/><F104/><W121/><G121/><T116/><D116/><U84/><E84/><V75/><F75/><W6/><G30/><T63/><D35/><U31/><E31/><V28/><F28/><W86/><G86/><T5/><D5/><U13/><E13/><V122/><F122/><W94/><G43/><T70/><D70/><U125/><E37/><V26/><F26/><W45/><G71/><T41/><D41/><U66/><E66/><N who="2" m="39207" /><F57/><N who="3" m="32927" /><G38/><T21/><D21/><U118/><E118/><V85/><F85/><W65/><G39/><T92/><D49/><U54/><E54/><AGARI ba="0,0" hai="54,59,60,62,63,87,88,89,92,93,98" m="49259" machi="54" ten="30,2900,0" yaku="19,1,54,1" doraHai="42" who="0" fromWho="1" sc="250,29,250,-29,250,0,250,0" /><INIT seed="0,1,0,5,3,101" ten="279,221,250,250" oya="0" hai0="25,48,122,29,39,118,33,4,22,24,43,124,2" hai1="129,114,9,134,0,80,55,44,126,96,86,132,88" hai2="20,125,56,121,60,105,99,117,21,120,45,67,16" hai3="1,27,106,38,41,123,51,95,131,37,34,78,7"/><T76/><D118/><U64/><E126/><V100/><F125/><W113/><G113/><T61/><D122/><U82/><E129/><V127/><F127/><W92/><G131/><T83/><D124/><U109/><E114/><V89/><F117/><W18/><G123/><T36/><D61/><U93/><E109/><V23/><F89/><W3/><G78/><T31/><D2/><U49/><E64/><V17/><F121/><W116/><G116/><T52/><D4/><U85/><E0/><V104/><F120/><W40/><G51/><T6/><D6/><U58/><E9/><V42/><REACH who="2" step="1"/><F105/><REACH who="2" ten="279,221,240,250" step="2"/><W14/><G106/><T32/><D32/><U59/><E134/><V63/><F63/><W111/><G1/><T102/><D102/><N who="1" m="60687" /><E132/><V133/><F133/><W81/><G3/><T115/><D115/><U77/><AGARI ba="1,1" hai="44,49,55,58,59,77,80,82,85,86,88" m="60687" machi="77" ten="30,2000,0" yaku="8,1,54,1" doraHai="101" who="1" fromWho="1" sc="279,-11,221,33,240,-6,250,-6" /><INIT seed="1,0,0,2,1,111" ten="268,254,234,244" oya="1" hai0="56,109,79,126,19,97,54,66,14,107,134,133,15" hai1="104,120,78,16,38,1,89,53,61,106,7,45,74" hai2="135,21,32,112,128,127,67,58,62,36,0,80,40" hai3="113,42,10,26,44,20,31,87,48,71,90,70,30"/><U117/><E117/><V39/><F32/><W68/><G10/><T11/><D109/><U65/><E89/><V59/><F0/><W41/><G41/><T115/><D126/><U23/><E7/><V12/><F127/><W110/><G110/><T129/><D129/><U28/><E1/><V4/><F128/><W93/><REACH who="3" step="1"/><G31/><REACH who="3" ten="268,254,234,234" step="2"/><T119/><D11/><U95/><E28/><V83/><F40/><W8/><G8/><T22/><D19/><U132/><E16/><N who="2" m="10375" /><F4/><W13/><G13/><T33/><D14/><U43/><E43/><V84/><F39/><W18/><G18/><T76/><D15/><U98/><E38/><V82/><F36/><W69/><N who="3" m="17408" /><DORA hai="60" /><W125/><G125/><T63/><D119/><U94/><E120/><V34/><F135/><W27/><G27/><T121/><D121/><U105/><E132/><V47/><F112/><AGARI ba="0,1" hai="20,26,30,42,44,48,87,90,93,112,113" m="17408" machi="112" ten="70,8000,1" yaku="1,1,52,2,53,1" doraHai="111,60" doraHaiUra="35,24" who="3" fromWho="2" sc="268,0,254,0,234,-80,234,90" /><INIT seed="2,0,0,4,4,27" ten="268,254,154,324" oya="2" hai0="88,7,69,77,4,28,85,47,86,12,104,46,81" hai1="87,116,26,101,133,45,95,131,78,50,58,130,118" hai2="89,38,11,9,112,71,94,97,111,103,100,106,64" hai3="10,35,36,43,83,91,73,65,21,125,41,117,55"/><V30/><F112/><W66/><G117/><T18/><D69/><U107/><E133/><V52/><F38/><W23/><G35/><T79/><D104/><U123/><E123/><V115/><F115/><W92/><G125/><T80/><D28/><U14/><E107/><V120/><F120/><W49/><G10/><T15/><D18/><U0/><E0/><V13/><F111/><W108/><G108/><T134/><D88/><N who="1" m="53663" /><E101/><V129/><F129/><N who="1" m="49161" /><E78/><V24/><F103/><W126/><G126/><T99/><D99/><U2/><E2/><V6/><F9/><W5/><G5/><T109/><D109/><U57/><E14/><V74/><F74/><W8/><G8/><T135/><AGARI ba="0,0" hai="4,7,12,15,46,47,77,79,80,81,85,86,134,135" machi="135" ten="25,3200,0" yaku="0,1,22,2" doraHai="27" who="0" fromWho="0" sc="268,32,254,-8,154,-16,324,-8" /><INIT seed="3,0,0,1,1,25" ten="300,246,138,316" oya="3" hai0="60,123,135,62,109,20,118,101,27,125,82,87,21" hai1="9,132,117,71,31,79,54,80,92,104,37,134,126" hai2="74,16,61,100,66,110,47,75,68,102,42,69,43" hai3="0,67,17,83,41,10,103,33,15,58,45,46,119"/><W112/><G119/><T91/><D118/><U65/><E104/><V56/><F110/><W97/><G33/><T130/><D123/><U4/><E117/><V18/><F56/><W113/><G0/><T121/><D121/><U48/><E126/><V78/><F78/><W52/><G67/><T133/><D109/><U128/><E128/><V120/><F120/><W124/><G83/><T14/><D125/><U5/><E37/><V11/><F11/><W111/><G111/><T96/><D14/><U59/><E92/><V22/><F22/><W50/><G45/><T40/><D40/><U89/><E89/><V95/><F95/><W28/><G28/><N who="0" m="17511" /><D21/><U55/><E55/><V49/><F49/><W86/><G86/><T105/><D130/><U107/><E107/><V116/><F116/><W7/><G7/><T12/><D12/><U13/><E5/><V84/><F84/><W3/><G3/><T24/><D24/><U88/><E79/><V23/><F23/><W129/><G129/><T81/><D82/><U90/><E80/><V63/><REACH who="2" step="1"/><F66/><REACH who="2" ten="300,246,128,316" step="2"/><W6/><G124/><T38/><D38/><U85/><E65/><V106/><F106/><W44/><G58/><T122/><D122/><U99/><E59/><V30/><F30/><W26/><G50/><T98/><D98/><U57/><E31/><V53/><F53/><W8/><G52/><T36/><D36/><U115/><E54/><V72/><F72/><W77/><G97/><T51/><D51/><U35/><E99/><V39/><F39/><W70/><G77/><T93/><D105/><U32/><E48/><RYUUKYOKU ba="0,1" sc="300,15,246,-15,128,15,316,-15" hai0="60,62,81,87,91,93,96,101,133,135" hai2="16,18,42,43,47,61,63,68,69,74,75,100,102" owari="325,42.5,231,-16.9,143,-35.7,301,10.1" /></mjloggm>