<mjloggm ver="2.3"><GO type="225" lobby="0"/><UN n0="%E7%89%B9%E6%9D%B1%E3%81%AF%E4%B8%96%E7%95%8C%E3%82%92%E6%95%91%E3%81%86" n1="%E3%83%96%E3%83%83%E3%83%91%E3%82%AA%E3%83%96%E3%83%81%E3%82%AD%E3%83%B3" n2="%E3%82%A4%E3%83%BC%E3%82%B1%E3%83%97%E3%83%A9" n3="%70%68%65%6E%6F%6D%65" dan="16,16,17,16" rate="2157.68,2199.67,2224.19,2137.99" sx="M,M,M,M"/><TAIKYOKU oya="0"/><INIT seed="0,0,0,4,4,21" ten="250,250,250,250" oya="0" hai0="31,90,24,35,91,72,12,124,54,9,5,68,115" hai1="29,46,57,52,32,119,1,67,41,42,14,112,79" hai2="64,80,17,25,6,49,16,4,63,61,82,106,111" hai3="113,98,65,133,135,85,11,132,134,123,117,74,93"/><T44/><D115/><U58/><E119/><V8/><F106/><W23/><G113/><T118/><D118/><U60/><E112/><V0/><F111/><W48/><G117/><T18/><D68/><U2/><E79/><V51/><F6/><W92/><G74/><T100/><D72/><U66/><E14/><V39/><F39/><W109/><G109/><T26/><D100/><U103/><E103/><V13/><F63/><W127/><G127/><T129/><D129/><U122/><E122/><V81/><F25/><W95/><G123/><T87/><D124/><U69/><E58/><V121/><F121/><W97/><N who="3" m="33792" /><DORA hai="73" /><W105/><G65/><T96/><D96/><N who="3" m="36969" /><G105/><T78/><D54/><U77/><E67/><V27/><F27/><W47/><G23/><T34/><D44/><U22/><E32/><V126/><F126/><W131/><G11/><T86/><D86/><U125/><E125/><V56/><REACH who="2" step="1"/><F17/><REACH who="2" ten="250,250,240,250" step="2"/><W20/><G131/><T28/><D5/><U116/><E60/><V30/><F30/><W59/><G48/><T104/><D104/><U40/><E29/><V130/><F130/><W55/><G59/><T108/><D108/><U7/><E57/><V128/><F128/><W19/><G19/><T83/><AGARI ba="0,1" hai="9,12,18,24,26,28,31,34,35,78,83,87,90,91" machi="83" ten="30,12000,1" yaku="0,1,9,1,52,3" doraHai="21,73" who="0" fromWho="0" sc="250,130,250,-40,240,-40,250,-40" /><INIT seed="0,1,0,0,3,96" ten="380,210,200,210" oya="0" hai0="121,73,5,94,111,9,67,41,114,100,74,44,19" hai1="42,17,109,84,11,70,126,68,2,33,125,52,38" hai2="8,27,58,69,4,24,76,71,26,110,105,37,119" hai3="56,60,99,98,66,118,47,116,132,91,134,15,124"/><T107/><D114/><U115/><E33/><V133/><F37/><W14/><G124/><N who="1" m="47722" /><E109/><V54/><F105/><W23/><G47/><T49/><D121/><U39/><E115/><V129/><F110/><W55/><G66/><T20/><D107/><U18/><E84/><V108/><F108/><W10/><G23/><T127/><D67/><U78/><E78/><V48/><F129/><W88/><G99/><T31/><D31/><U12/><E2/><V72/><F133/><N who="3" m="51307" /><G15/><T79/><D111/><U77/><E77/><V59/><F119/><N who="3" m="45611" /><G98/><T6/><D127/><U131/><E131/><V102/><F102/><W95/><G95/><T130/><D130/><U87/><E87/><V106/><F106/><W112/><G112/><T61/><D94/><U80/><E80/><V86/><F86/><W28/><G28/><T43/><D100/><U25/><E70/><V45/><F76/><W120/><G120/><T46/><D20/><N who="1" m="13463" /><E68/><V97/><F97/><W64/><G64/><T82/><D82/><U65/><E65/><V85/><F85/><W13/><G13/><T93/><D93/><U50/><E42/><V1/><F72/><W117/><N who="3" m="45619" /><W30/><DORA hai="40" /><G30/><T62/><D79/><U81/><E81/><V90/><F90/><W51/><G60/><T113/><D61/><U122/><E122/><V29/><F29/><W89/><G91/><T3/><D62/><U128/><E128/><V36/><F71/><W21/><G21/><T83/><D113/><U53/><E53/><V101/><F69/><W75/><G75/><T63/><D74/><U35/><E35/><RYUUKYOKU ba="1,0" sc="380,-15,210,15,200,-15,210,15" hai1="11,12,17,38,39,50,52" hai3="10,14,51,55,56,88,89" /><INIT seed="1,2,0,1,5,35" ten="365,225,185,225" oya="1" hai0="64,2,105,99,79,39,91,96,135,31,110,125,73" hai1="44,116,112,102,84,46,23,47,100,26,129,71,62" hai2="103,15,132,51,131,16,48,29,27,83,122,93,50" hai3="109,3,13,66,113,55,6,67,61,14,85,74,20"/><U52/><E112/><V126/><F122/><W134/><G74/><T108/><D39/><U24/><E116/><V130/><F83/><W86/><G113/><T78/><D31/><U40/><E129/><N who="2" m="49163" /><F132/><W11/><G134/><T95/><D64/><N who="3" m="24617" /><G3/><T28/><D28/><U87/><E71/><V9/><F126/><W114/><G109/><N who="0" m="42091" /><D135/><U70/><E70/><V30/><F27/><W32/><G32/><T54/><D2/><U37/><E37/><V25/><F25/><W43/><G43/><T36/><D36/><U41/><E46/><V34/><F34/><W123/><G123/><T19/><D73/><U12/><E12/><V107/><F107/><W38/><G38/><T124/><D54/><U104/><E104/><V17/><F17/><N who="3" m="10287" /><G114/><T88/><D19/><U69/><E69/><V82/><F82/><W65/><G65/><T49/><D49/><U98/><E52/><V119/><F119/><W94/><G94/><N who="0" m="56391" /><D105/><U115/><E115/><V75/><F75/><W4/><G4/><T8/><D8/><U97/><REACH who="1" step="1"/><E23/><REACH who="1" ten="365,215,185,225" step="2"/><V72/><F72/><W68/><G68/><T63/><D63/><AGARI ba="2,1" hai="24,26,40,41,44,47,62,63,84,87,97,98,100,102" machi="63" ten="25,18000,2" yaku="1,1,2,1,22,2,8,1,53,2" doraHai="35" doraHaiUra="80" who="1" fromWho="0" sc="365,-186,215,196,185,0,225,0" /><INIT seed="1,3,0,5,4,100" ten="179,411,185,225" oya="1" hai0="127,17,37,67,74,56,121,26,10,43,64,11,115" hai1="48,94,62,20,21,16,112,91,122,65,53,2,44" hai2="0,88,108,134,75,59,55,73,123,7,39,128,126" hai3="13,124,34,60,96,81,57,41,24,28,5,27,71"/><U12/><E112/><V68/><RYUUKYOKU type="yao9" ba="3,0" sc="179,0,411,0,185,0,225,0" hai2="0,7,39,55,59,68,73,75,88,108,123,126,128,134" /><INIT seed="1,4,0,0,4,116" ten="179,411,185,225" oya="1" hai0="69,92,63,60,47,72,17,126,34,101,93,98,32" hai1="128,108,99,76,64,10,22,65,110,124,89,77,78" hai2="66,86,122,74,1,61,16,94,70,31,48,123,46" hai3="28,120,85,0,73,14,75,67,40,109,112,24,59"/><U37/><E37/><V39/><F74/><W23/><G0/><T82/><D126/><U7/><E124/><V38/><F1/><W5/><G112/><T71/><D17/><U30/><E128/><V45/><F31/><W35/><G120/><T104/><D47/><U42/><E42/><V97/><F46/><W103/><G109/><N who="1" m="42090" /><E30/><V54/><F39/><W102/><G40/><T29/><D29/><U36/><E36/><V132/><F132/><W127/><G127/><T57/><D104/><U106/><E22/><V105/><F105/><W19/><G5/><T26/><D26/><U21/><E21/><V2/><F2/><W18/><G18/><T11/><D11/><U20/><E20/><V117/><F117/><W49/><G75/><T84/><D72/><U52/><E52/><V50/><F38/><W8/><G73/><T43/><D43/><U51/><E51/><V114/><F114/><W96/><G35/><T88/><D82/><U130/><E130/><V134/><F134/><W53/><G67/><N who="1" m="25674" /><E106/><V81/><F50/><W55/><G53/><T119/><D119/><U95/><E76/><V13/><F54/><W33/><G33/><T83/><D57/><U129/><E129/><V87/><F48/><W12/><G28/><T80/><D34/><U135/><E135/><V121/><F45/><W79/><G24/><T4/><D32/><U41/><E41/><V68/><F81/><N who="3" m="47295" /><G23/><T62/><D80/><U118/><E118/><V90/><REACH who="2" step="1"/><F70/><REACH who="2" ten="179,411,175,225" step="2"/><N who="0" m="26634" /><D83/><U6/><E78/><V125/><F125/><W131/><G131/><T107/><D107/><U111/><E111/><RYUUKYOKU ba="4,1" sc="179,15,411,-15,175,15,225,-15" hai0="4,60,62,63,84,88,92,93,98,101" hai2="13,16,61,66,68,86,87,90,94,97,121,122,123" /><INIT seed="2,5,1,0,5,71" ten="194,396,190,210" oya="2" hai0="110,21,121,111,46,113,19,53,60,49,96,43,6" hai1="101,76,42,107,15,115,135,92,26,25,47,105,2" hai2="104,33,103,57,52,54,83,10,119,41,39,16,20" hai3="85,28,29,32,133,1,116,50,74,30,130,99,97"/><V90/><F119/><W61/><G116/><T37/><D121/><U31/><E2/><V114/><F114/><W129/><G74/><T72/><D113/><U38/><E115/><V78/><F33/><W24/><G133/><T112/><D112/><U51/><E135/><V134/><F134/><W18/><G1/><T123/><D123/><U122/><E122/><V40/><F10/><W98/><G50/><T108/><D72/><U11/><E76/><V22/><F39/><W62/><G85/><T14/><D96/><U55/><E92/><V128/><F128/><N who="3" m="49259" /><G32/><T106/><D106/><U67/><E67/><V87/><F22/><AGARI ba="5,1" hai="18,22,24,28,29,30,61,62,97,98,99" m="49259" machi="22" ten="40,1300,0" yaku="19,1" doraHai="71" who="3" fromWho="2" sc="194,0,396,0,190,-28,210,38" /><INIT seed="3,0,0,5,3,6" ten="194,396,162,248" oya="3" hai0="67,111,24,106,30,90,11,21,2,22,48,0,52" hai1="101,72,124,19,44,7,89,133,123,131,118,104,98" hai2="35,82,80,134,88,66,62,102,132,121,28,37,61" hai3="68,5,18,1,26,46,15,93,130,81,42,3,113"/><W36/><G113/><T105/><D111/><U38/><E123/><V115/><F115/><W84/><G68/><T128/><D128/><U110/><E110/><V8/><F37/><W74/><G130/><T50/><D67/><U49/><E131/><V12/><F102/><W103/><G26/><T47/><D22/><U126/><E72/><V75/><F121/><W125/><G5/><T112/><D112/><U96/><E133/><N who="2" m="51307" /><F75/><W63/><G63/><T54/><D90/><U71/><E7/><N who="2" m="3103" /><F82/><W69/><G125/><N who="1" m="48234" /><E19/><V43/><F43/><W20/><G74/><T60/><D60/><N who="2" m="23146" /><F66/><W85/><G103/><T79/><D79/><U25/><E118/><V31/><F35/><W76/><G36/><T45/><D11/><U27/><E71/><V55/><F55/><W122/><G69/><T114/><D114/><U135/><E38/><V29/><F29/><W57/><G42/><T64/><D64/><U92/><E135/><V107/><F107/><AGARI ba="0,0" hai="0,2,21,24,30,45,47,48,50,52,54,105,106,107" machi="107" ten="40,2600,0" yaku="9,1,54,1" doraHai="6" who="0" fromWho="2" sc="194,26,396,0,162,-26,248,0" owari="220,-18.0,396,49.6,136,-36.4,248,4.8" /></mjloggm>