<mjloggm ver="2.3"><GO type="225" lobby="0"/><UN n0="%E3%81%BF%E3%81%BF%E3%81%9A" n1="%E3%81%9F%E3%81%8B%E3%81%AE%E3%81%99%E3%81%91" n2="%E3%83%B4%E3%83%A0%EF%BC%99%E3%81%A6" n3="%72%69%6F%75%63%68%61%6E" dan="18,17,16,16" rate="2248.53,2080.45,2164.27,2101.88" sx="M,M,M,M"/><TAIKYOKU oya="0"/><INIT seed="0,0,0,0,1,36" ten="250,250,250,250" oya="0" hai0="76,69,42,74,65,53,11,19,43,56,61,109,66" hai1="26,75,106,117,79,83,90,46,4,13,14,88,112" hai2="121,82,47,116,40,34,8,78,77,120,103,96,24" hai3="16,86,10,68,5,99,97,89,1,39,67,59,134"/><T81/><D109/><U2/><E117/><V102/><F116/><W44/><G134/><T125/><D125/><U33/><E112/><V85/><F77/><W28/><G68/><T31/><D31/><U104/><E2/><V130/><F130/><W126/><G126/><T29/><D29/><U37/><E104/><V84/><F84/><W129/><G129/><T133/><D133/><U107/><E106/><V54/><F54/><W108/><G108/><T20/><D11/><U48/><E107/><V105/><F102/><W41/><G28/><T12/><REACH who="0" step="1"/><D66/><REACH who="0" ten="240,250,250,250" step="2"/><U18/><E33/><V57/><F34/><W62/><REACH who="3" step="1"/><G16/><REACH who="3" ten="240,250,250,240" step="2"/><T49/><AGARI ba="0,2" hai="12,19,20,42,43,49,53,56,61,65,69,74,76,81" machi="49" ten="20,18000,2" yaku="1,1,2,1,0,1,7,1,52,2,53,0" doraHai="36" doraHaiUra="21" who="0" fromWho="0" sc="240,200,250,-60,250,-60,240,-60" /><INIT seed="0,1,0,4,5,96" ten="440,190,190,180" oya="0" hai0="5,98,36,49,52,123,62,69,18,28,39,68,34" hai1="41,95,124,78,15,58,106,82,99,122,13,112,9" hai2="22,23,7,80,35,17,81,101,20,43,31,119,92" hai3="33,126,40,57,54,72,132,102,77,25,107,117,46"/><T87/><D123/><U120/><E122/><V48/><F119/><W114/><G114/><T128/><D5/><U38/><E120/><V108/><F108/><W93/><G117/><T89/><D128/><U61/><E106/><V63/><F7/><W75/><G126/><T90/><D18/><U45/><E124/><V70/><F70/><W10/><G132/><T85/><D98/><U59/><E112/><V21/><F63/><W60/><G107/><T16/><D16/><U97/><E99/><N who="2" m="59623" /><F31/><W12/><G93/><T66/><D69/><U76/><E76/><V130/><F35/><W30/><G102/><T109/><D109/><U83/><E83/><N who="2" m="31819" /><F130/><W113/><G77/><T134/><D134/><U4/><E15/><N who="2" m="9279" /><F21/><W84/><G84/><T121/><D121/><U0/><E61/><V91/><F91/><W71/><G71/><T6/><D6/><U88/><REACH who="1" step="1"/><E13/><REACH who="1" ten="440,180,190,180" step="2"/><V104/><F104/><W3/><G113/><T14/><D14/><U131/><E131/><V56/><F56/><W37/><REACH who="3" step="1"/><G3/><REACH who="3" ten="440,180,190,170" step="2"/><T94/><D87/><AGARI ba="1,2" hai="0,4,9,38,41,45,58,59,78,82,87,88,95,97" machi="87" ten="30,3900,0" yaku="1,1,7,1,54,1,53,0" doraHai="96" doraHaiUra="47" who="1" fromWho="0" sc="440,-42,180,62,190,0,170,0" /><INIT seed="1,0,0,0,0,76" ten="398,242,190,170" oya="1" hai0="106,63,44,49,87,73,10,92,99,41,43,56,111" hai1="42,130,96,40,27,103,25,0,78,19,54,4,134" hai2="53,32,88,135,86,127,83,15,6,57,70,14,80" hai3="81,74,94,119,30,55,16,93,105,79,13,107,100"/><U38/><E130/><V91/><F70/><W7/><G119/><T110/><D73/><U35/><E134/><V26/><F135/><W128/><G128/><T82/><D106/><U34/><E54/><V102/><F127/><W112/><G112/><T89/><D10/><U64/><E64/><V120/><F120/><W65/><G65/><T31/><D31/><U9/><E78/><V114/><F114/><W29/><G7/><T33/><D33/><U52/><E25/><V90/><F102/><W11/><G55/><N who="0" m="34207" /><D111/><U68/><E68/><V5/><F26/><W117/><G117/><T51/><D110/><U125/><E125/><V48/><F32/><W104/><REACH who="3" step="1"/><G94/><REACH who="3" ten="398,242,190,160" step="2"/><T67/><D67/><U28/><E52/><V124/><F124/><W122/><G122/><T8/><D8/><U45/><E40/><N who="0" m="15433" /><D44/><U115/><E115/><V59/><F59/><W18/><G18/><T20/><D20/><U3/><E19/><V101/><F5/><W75/><G75/><T113/><D113/><U132/><E132/><V72/><F6/><W62/><G62/><T71/><D71/><U109/><E109/><V12/><F72/><W61/><G61/><T58/><D58/><U1/><REACH who="1" step="1"/><E34/><REACH who="1" ten="398,232,190,160" step="2"/><V37/><F53/><W50/><G50/><T36/><D36/><U39/><E39/><V69/><F37/><W108/><G108/><T84/><D49/><U47/><E47/><V95/><F69/><W21/><G21/><T97/><D51/><U2/><E2/><V123/><F123/><W133/><G133/><T77/><AGARI ba="0,2" hai="77,82,84,87,89,92,97,99" m="15433,34207" machi="77" ten="30,2000,0" yaku="8,1,52,1" doraHai="76" who="0" fromWho="0" sc="398,40,232,-10,190,-5,160,-5" /><INIT seed="2,0,0,3,4,88" ten="438,222,185,155" oya="2" hai0="24,96,85,36,108,58,47,15,129,31,112,7,2" hai1="106,98,76,97,66,135,11,91,49,65,124,113,53" hai2="109,101,44,118,48,14,3,0,43,95,20,25,99" hai3="126,133,117,64,17,121,32,23,123,102,105,120,115"/><V90/><F118/><W81/><G117/><T28/><D112/><U127/><E113/><V42/><F109/><W16/><G115/><T60/><D2/><U86/><E135/><V67/><F67/><N who="1" m="25609" /><E76/><V87/><F14/><W40/><G32/><T132/><D96/><U55/><E11/><V83/><REACH who="2" step="1"/><F42/><REACH who="2" ten="438,222,175,155" step="2"/><W122/><G40/><T54/><D15/><U59/><E106/><V50/><F50/><W74/><G120/><T4/><D108/><U79/><E124/><V5/><F5/><W61/><G126/><T72/><D4/><U21/><E127/><V111/><F111/><W29/><G133/><T18/><D7/><U107/><E107/><V69/><F69/><W128/><G128/><T114/><D129/><U56/><E49/><V110/><F110/><W8/><G8/><T89/><D132/><U30/><E55/><V62/><F62/><W131/><G131/><T38/><D114/><U75/><E53/><V63/><F63/><W94/><G105/><T6/><D6/><U93/><E56/><V46/><F46/><W100/><G64/><T78/><D47/><U22/><E59/><V57/><F57/><W45/><G61/><T12/><D12/><U77/><E75/><V92/><F92/><W84/><G45/><T68/><D68/><U35/><E93/><V119/><F119/><W10/><G94/><N who="0" m="54575" /><D72/><U70/><E70/><V134/><F134/><W1/><G74/><T103/><D60/><U37/><E37/><V27/><F27/><N who="3" m="16639" /><G1/><T13/><D58/><U41/><E41/><V26/><F26/><W71/><G122/><T19/><D24/><RYUUKYOKU ba="0,1" sc="438,-10,222,-10,175,30,155,-10" hai2="0,3,20,25,43,44,48,83,87,90,95,99,101" /><INIT seed="2,1,1,2,5,41" ten="428,212,205,145" oya="2" hai0="115,10,65,38,87,110,64,88,91,83,114,133,50" hai1="25,36,12,49,40,6,24,69,52,45,21,54,85" hai2="44,73,71,132,123,113,1,121,70,74,130,128,14" hai3="17,35,124,77,19,62,9,30,90,7,103,102,37"/><V22/><F1/><W8/><G124/><T28/><D38/><U98/><E69/><N who="2" m="26123" /><F113/><W27/><G37/><T13/><D110/><U97/><E85/><V39/><F132/><W3/><G77/><T76/><D133/><U86/><E86/><V34/><F34/><W126/><G126/><T31/><D115/><U15/><E24/><V120/><F14/><W112/><G112/><T53/><D114/><U20/><E20/><V122/><F22/><W61/><G90/><N who="0" m="34347" /><D65/><U111/><E111/><V131/><F121/><W46/><G46/><N who="0" m="27863" /><D64/><U92/><E36/><V100/><F100/><W84/><G84/><T81/><D83/><U93/><E93/><V106/><F106/><W107/><G103/><T79/><D76/><U75/><E75/><V117/><F117/><W16/><REACH who="3" step="1"/><G9/><REACH who="3" ten="428,212,205,135" step="2"/><T80/><D81/><U26/><E97/><AGARI ba="1,2" hai="3,7,8,16,17,19,27,30,35,61,62,97,102,107" machi="97" ten="40,8000,1" yaku="1,1,2,1,54,1,53,1" doraHai="41" doraHaiUra="29" who="3" fromWho="1" sc="428,0,212,-83,205,0,135,103" /><INIT seed="3,0,0,1,4,8" ten="428,129,205,238" oya="3" hai0="64,2,11,117,107,104,63,127,33,74,62,131,81" hai1="26,113,132,22,118,88,89,73,32,80,34,95,87" hai2="18,46,0,23,125,53,36,31,59,1,83,9,85" hai3="86,129,3,103,67,135,17,110,48,126,4,93,54"/><W44/><G126/><T13/><D62/><U47/><E132/><V101/><F125/><W25/><G135/><T120/><D13/><U16/><E113/><V98/><F31/><W69/><G129/><T97/><D127/><U133/><E133/><V43/><F9/><W58/><G3/><T42/><D42/><U92/><E118/><V134/><F134/><W40/><G4/><N who="0" m="1431" /><D131/><U82/><E73/><V21/><F21/><W78/><G110/><T28/><D120/><U106/><E106/><V123/><F123/><W99/><G69/><N who="0" m="42143" /><D97/><U35/><REACH who="1" step="1"/><E47/><REACH who="1" ten="428,119,205,238" step="2"/><V27/><F101/><W60/><G103/><T96/><D117/><U102/><E102/><V30/><F98/><AGARI ba="0,1" hai="16,22,26,32,34,35,80,82,87,88,89,92,95,98" machi="98" ten="40,5200,0" yaku="1,1,54,2,53,0" doraHai="8" doraHaiUra="100" who="1" fromWho="2" sc="428,0,119,62,205,-52,238,0" owari="428,52.8,181,-21.9,153,-34.7,238,3.8" /></mjloggm>