<mjloggm ver="2.3"><GO type="225" lobby="0"/><UN n0="%E3%82%A4%E3%83%BC%E3%82%B1%E3%83%97%E3%83%A9" n1="%4C%4F%4C%49%54%41" n2="%79%75%72%69%6D%6F%67" n3="%E7%99%BD%E5%80%89%E5%AF%9B%E4%B9%8B" dan="16,16,16,16" rate="2122.62,2098.96,2165.35,2163.93" sx="M,F,F,M"/><TAIKYOKU oya="0"/><INIT seed="0,0,0,0,2,96" ten="250,250,250,250" oya="0" hai0="67,104,62,121,24,8,49,86,93,46,37,11,118" hai1="102,18,84,15,5,73,55,10,40,28,82,30,119" hai2="59,9,52,26,105,112,38,132,13,35,32,43,122" hai3="133,27,23,106,21,103,101,7,60,75,64,80,89"/><T20/><D118/><U88/><E119/><V87/><F122/><W117/><G117/><T3/><D104/><U25/><E73/><V63/><F112/><W99/><G133/><T124/><D37/><U47/><E55/><V71/><F132/><W16/><G7/><T77/><D124/><U45/><E102/><N who="3" m="38922" /><G106/><T0/><D121/><U83/><E83/><V109/><F105/><W126/><G75/><T92/><D0/><U72/><E72/><V68/><F109/><W65/><G126/><T41/><D3/><U66/><E66/><N who="3" m="25706" /><G60/><T57/><D77/><U98/><E98/><V1/><F1/><W115/><G115/><T128/><D128/><U90/><E90/><V97/><F97/><W76/><G76/><T14/><D86/><U44/><E40/><V6/><F71/><W94/><G23/><AGARI ba="0,0" hai="5,10,15,18,23,25,28,30,44,45,47,82,84,88" machi="23" ten="40,2600,0" yaku="8,1,54,1" doraHai="96" who="1" fromWho="3" sc="250,0,250,26,250,0,250,-26" /><INIT seed="1,0,0,2,1,88" ten="250,276,250,224" oya="1" hai0="78,112,26,20,66,64,76,62,110,63,6,75,50" hai1="87,14,105,90,32,0,41,24,16,8,31,128,86" hai2="59,94,23,60,100,130,133,93,89,107,106,127,3" hai3="77,111,81,51,55,134,12,40,13,54,121,74,46"/><U28/><E105/><V122/><F3/><W83/><G111/><T71/><D112/><U80/><E128/><V45/><F122/><W11/><G121/><T18/><D110/><U17/><E41/><V131/><F45/><W135/><G81/><T125/><D125/><U116/><E116/><V49/><F49/><W25/><G25/><T58/><D75/><U70/><E70/><V99/><F23/><W30/><G30/><T82/><D6/><U98/><E98/><N who="2" m="57647" /><F127/><W52/><REACH who="3" step="1"/><G11/><REACH who="3" ten="250,276,250,214" step="2"/><T85/><REACH who="0" step="1"/><D50/><REACH who="0" ten="240,276,250,214" step="2"/><U91/><E31/><V104/><F131/><W39/><G39/><T109/><D109/><U73/><E28/><V92/><F130/><W96/><G96/><T36/><D36/><U15/><E73/><V43/><F99/><W123/><G123/><T65/><D65/><U68/><E86/><V113/><F113/><W132/><AGARI ba="0,2" hai="12,13,40,46,51,52,54,55,74,77,83,132,134,135" machi="132" ten="40,8000,1" yaku="1,1,0,1,20,1,54,1,53,0" doraHai="88" doraHaiUra="120" who="3" fromWho="3" sc="240,-20,276,-40,250,-20,214,100" /><INIT seed="2,0,0,0,0,46" ten="220,236,230,314" oya="2" hai0="70,35,34,67,132,23,47,84,5,42,52,68,135" hai1="131,54,3,26,27,94,64,128,88,91,20,14,87" hai2="124,37,85,123,104,81,59,108,66,103,101,111,32" hai3="89,39,55,38,117,2,22,127,97,113,1,86,9"/><V57/><F32/><N who="0" m="12330" /><D5/><U110/><E3/><V109/><F37/><W106/><G117/><T119/><D67/><U100/><E110/><V69/><F123/><W28/><G113/><T56/><D84/><U65/><E100/><N who="2" m="38475" /><F104/><W115/><G97/><T122/><D23/><U116/><E116/><V99/><F99/><W6/><G106/><T133/><D122/><U125/><E125/><V50/><F124/><W12/><G127/><T53/><D119/><U63/><E91/><V134/><F134/><N who="0" m="34306" /><T21/><DORA hai="19" /><D21/><U8/><E128/><V36/><F36/><W74/><G115/><T126/><D126/><U73/><E131/><V17/><F69/><N who="0" m="26730" /><D56/><N who="1" m="35223" /><E73/><V18/><F66/><N who="1" m="25705" /><E20/><V31/><F31/><W45/><G74/><T30/><D30/><U98/><E87/><V130/><F130/><W114/><G114/><T107/><D107/><U4/><AGARI ba="0,0" hai="4,8,14,26,27,88,94,98" m="25705,35223" machi="4" ten="30,2000,0" yaku="8,1,54,1" doraHai="46,19" who="1" fromWho="1" sc="220,-5,236,20,230,-10,314,-5" /><INIT seed="3,0,0,1,1,114" ten="215,256,220,309" oya="3" hai0="51,105,65,32,70,99,127,85,130,95,10,58,14" hai1="135,31,108,48,75,35,129,59,126,73,5,133,20" hai2="68,22,55,61,63,12,57,28,34,3,112,117,91" hai3="121,79,118,33,100,17,54,47,84,94,80,116,124"/><W40/><G33/><T4/><D32/><U9/><E35/><V82/><F112/><W86/><G121/><T21/><D70/><U109/><E126/><V2/><F34/><W76/><G124/><T43/><D127/><U128/><E48/><V24/><F117/><W89/><G100/><N who="0" m="62623" /><D130/><N who="1" m="50283" /><E59/><V6/><F68/><W67/><G67/><T93/><D85/><U62/><E62/><V42/><F42/><W123/><G123/><T0/><D43/><U18/><E31/><V74/><F63/><W96/><G54/><T98/><D98/><U120/><E73/><V41/><F41/><W97/><G97/><T122/><D122/><U113/><E75/><V11/><F74/><W56/><G56/><T125/><D58/><U110/><E113/><V39/><F39/><W15/><G86/><T106/><D65/><U36/><E36/><V19/><F82/><W104/><G104/><T29/><D106/><U50/><E50/><V8/><F91/><W87/><G87/><T37/><D51/><U101/><E101/><V30/><F30/><W78/><G118/><T46/><D29/><U92/><E92/><N who="0" m="35401" /><D37/><U69/><E69/><V88/><F88/><W52/><G116/><T103/><D103/><U107/><E107/><V111/><F3/><W66/><G66/><T131/><D131/><U64/><E64/><V90/><F90/><W132/><G52/><T45/><D125/><U16/><E120/><V72/><F72/><W13/><G79/><T83/><D83/><U25/><E18/><V23/><F23/><N who="3" m="11695" /><G78/><T134/><D134/><U27/><E27/><V49/><F49/><RYUUKYOKU ba="0,0" sc="215,10,256,10,220,10,309,-30" hai0="0,4,10,14,21,45,46" hai1="5,9,16,20,25,108,109,110,133,135" hai2="2,6,8,11,12,19,22,24,28,55,57,61,111" /><INIT seed="4,1,0,0,3,28" ten="225,266,230,279" oya="0" hai0="75,114,27,131,83,45,21,24,95,16,35,49,97" hai1="103,17,12,122,47,69,68,51,62,22,87,14,91" hai2="53,84,7,43,70,5,10,40,79,120,90,130,46" hai3="30,116,60,63,115,20,129,67,11,33,89,38,98"/><T117/><D117/><U25/><E122/><V48/><F130/><W1/><G116/><T23/><D131/><U31/><E103/><V111/><F70/><W107/><G129/><T71/><D71/><U6/><E62/><V52/><F111/><W9/><G38/><T4/><D114/><U29/><E29/><V64/><F64/><W81/><G63/><T50/><D35/><U58/><E58/><V57/><F120/><W125/><G1/><T78/><D4/><U135/><E12/><V66/><F66/><W0/><G0/><T77/><D77/><U54/><E6/><V134/><F79/><W113/><G20/><T42/><D49/><U99/><E99/><V44/><F134/><W82/><G125/><T13/><REACH who="0" step="1"/><D23/><REACH who="0" ten="215,266,230,279" step="2"/><U37/><E37/><V88/><F7/><W2/><G113/><T128/><D128/><U126/><E135/><V3/><F90/><AGARI ba="1,1" hai="13,16,21,24,27,42,45,50,75,78,83,90,95,97" machi="90" ten="30,5800,0" yaku="1,1,7,1,54,1,53,0" doraHai="28" doraHaiUra="102" who="0" fromWho="2" sc="215,71,266,0,230,-61,279,0" /><INIT seed="4,2,0,2,3,133" ten="286,266,169,279" oya="0" hai0="80,3,66,101,83,6,54,38,106,56,62,2,71" hai1="47,105,88,60,94,24,32,111,134,125,74,122,9" hai2="37,64,20,112,92,84,29,107,87,58,73,116,67" hai3="65,75,90,119,50,52,26,100,12,91,34,55,130"/><T81/><D38/><U99/><E111/><V85/><F73/><W77/><G119/><T95/><D106/><U135/><E122/><V63/><F37/><W124/><G124/><T118/><D118/><U8/><E74/><V25/><F107/><W7/><G130/><T98/><REACH who="0" step="1"/><D6/><REACH who="0" ten="276,266,169,279" step="2"/><U120/><E105/><V42/><F116/><W17/><G7/><T31/><D31/><U13/><E134/><V96/><F112/><W39/><G39/><T108/><D108/><U59/><E135/><V10/><F10/><W49/><G34/><T0/><D0/><U103/><E8/><V41/><REACH who="2" step="1"/><F67/><REACH who="2" ten="276,266,159,279" step="2"/><W129/><G65/><T46/><D46/><U128/><E47/><V121/><F121/><W45/><G45/><T110/><D110/><U15/><E120/><V97/><F97/><W11/><G11/><T16/><D16/><U44/><E44/><V14/><F14/><W51/><G12/><T69/><D69/><U48/><E13/><V102/><AGARI ba="2,2" hai="20,25,29,41,42,58,63,64,84,85,87,92,96,102" machi="102" ten="30,8000,1" yaku="1,1,0,1,25,2,8,1,53,0" doraHai="133" doraHaiUra="30" who="2" fromWho="2" sc="276,-42,266,-22,159,106,279,-22" /><INIT seed="5,0,0,4,1,67" ten="234,244,265,257" oya="1" hai0="97,23,77,100,84,104,29,79,45,81,108,36,20" hai1="122,5,63,8,66,54,114,33,91,85,10,118,76" hai2="39,41,4,11,133,75,86,92,132,89,7,1,24" hai3="123,12,135,40,49,80,121,129,102,95,71,47,115"/><U16/><E118/><V103/><F75/><W87/><G71/><T28/><D108/><U111/><E122/><V116/><F116/><W13/><G115/><T0/><D0/><U127/><E33/><V15/><F39/><W51/><G129/><T3/><D3/><U44/><E127/><V35/><F41/><W112/><G112/><T126/><D126/><U32/><E32/><V107/><F107/><W78/><G135/><T70/><D70/><U72/><E114/><V25/><F103/><W26/><G123/><T120/><D120/><U96/><E72/><V68/><F68/><W60/><G60/><T6/><D6/><U130/><E130/><V105/><F105/><W74/><G26/><T128/><D128/><U131/><E111/><V106/><F106/><W65/><G65/><T30/><REACH who="0" step="1"/><D79/><REACH who="0" ten="224,244,265,257" step="2"/><U37/><E76/><V64/><F7/><W88/><G121/><T101/><D101/><U55/><E5/><V110/><F1/><W21/><G102/><T43/><AGARI ba="0,1" hai="20,23,28,29,30,36,43,45,77,81,84,97,100,104" machi="43" ten="30,7900,0" yaku="1,1,0,1,53,2" doraHai="67" doraHaiUra="19" who="0" fromWho="0" sc="224,89,244,-39,265,-20,257,-20" owari="313,41.3,205,-29.5,245,4.5,237,-16.3" /></mjloggm>