<mjloggm ver="2.3"><GO type="225" lobby="0"/><UN n0="%E3%83%81%E3%83%A7%E3%83%99%E3%83%83%E3%82%AF" n1="%E6%80%AA%E3%81%97%E3%81%99%E3%81%8E%E3%82%8B%E3%83%81%E3%83%BC" n2="%E6%9D%B1%E9%A2%A8%E3%81%AE%E3%81%8D%E3%82%83%E3%81%B7%E3%81%95%E3%82%93" n3="%E3%82%8F%E3%81%8B%E3%81%B0%2A%E3%82%AC%E3%83%BC%E3%83%AB" dan="16,16,16,17" rate="2133.01,2114.16,2104.35,2222.75" sx="M,M,M,M"/><TAIKYOKU oya="0"/><INIT seed="0,0,0,5,0,60" ten="250,250,250,250" oya="0" hai0="13,96,119,78,5,34,41,126,76,67,94,116,120" hai1="55,123,49,114,40,2,31,95,100,15,113,38,127" hai2="68,133,57,25,106,21,45,130,128,90,97,42,110" hai3="84,102,9,112,98,28,16,53,121,77,23,117,62"/><T79/><D120/><U81/><E2/><V109/><F68/><W27/><G112/><N who="1" m="43114" /><E123/><V83/><F57/><W69/><G121/><T72/><D126/><U104/><E127/><V43/><F133/><W18/><G117/><T14/><D34/><U58/><E104/><V64/><F64/><W37/><G37/><T36/><D72/><U39/><E40/><V35/><F35/><W19/><G9/><T115/><D115/><U124/><E124/><V63/><F63/><W111/><G111/><N who="2" m="42505" /><F45/><W73/><G73/><T103/><D13/><U92/><E31/><N who="2" m="17839" /><F83/><N who="3" m="47215" /><G69/><T61/><D14/><U86/><E15/><V4/><F4/><W48/><G62/><T32/><D5/><U0/><E0/><V7/><F7/><W125/><G125/><T82/><D32/><U135/><E135/><V29/><F29/><W66/><G66/><T71/><REACH who="0" step="1"/><D82/><REACH who="0" ten="240,250,250,250" step="2"/><U105/><E81/><V33/><F33/><W30/><G27/><T52/><D52/><U51/><E55/><V54/><F54/><W89/><G23/><T59/><D59/><U91/><E58/><V20/><F43/><W50/><G53/><T17/><D17/><U1/><E1/><V56/><F42/><W88/><G30/><T10/><D10/><U129/><E129/><N who="2" m="49771" /><F56/><W24/><G28/><T132/><D132/><U74/><E74/><V44/><F44/><AGARI ba="0,1" hai="36,41,44,61,67,71,76,78,79,94,96,103,116,119" machi="44" ten="40,7700,0" yaku="1,1,52,1,53,1" doraHai="60" doraHaiUra="70" who="0" fromWho="2" sc="240,87,250,0,250,-77,250,0" /><INIT seed="0,1,0,4,5,124" ten="327,250,173,250" oya="0" hai0="69,6,103,1,134,79,130,75,18,111,96,38,41" hai1="127,50,121,74,97,3,12,105,91,19,25,120,135" hai2="31,73,23,10,42,21,9,11,5,33,132,123,54" hai3="65,63,27,128,67,100,113,112,88,15,66,81,30"/><T107/><D18/><U39/><E3/><V108/><F73/><W71/><G100/><T51/><D51/><U4/><E39/><V14/><F42/><W90/><G128/><T34/><D134/><U119/><E74/><V126/><F54/><W22/><G71/><T93/><D93/><U95/><E119/><V70/><F70/><W29/><G29/><T122/><D122/><U60/><E127/><V83/><F83/><W61/><G112/><T129/><D111/><U32/><E135/><V87/><F87/><W64/><G113/><T99/><D99/><U62/><E105/><V59/><F59/><W109/><G109/><T40/><D34/><U47/><E4/><V98/><F98/><W45/><G45/><N who="0" m="23703" /><D41/><U85/><E97/><V118/><F126/><W104/><G104/><T57/><D57/><U35/><E120/><V68/><F68/><W72/><G15/><T8/><D69/><U115/><E115/><V102/><F108/><W92/><N who="3" m="16384" /><DORA hai="78" /><W37/><G37/><T43/><D43/><U20/><E121/><V7/><F123/><W116/><G116/><T48/><D48/><U44/><E44/><V76/><F118/><W114/><G114/><T101/><D101/><U13/><E32/><V86/><F102/><W17/><G30/><T2/><D2/><U52/><E35/><V56/><F33/><W24/><G24/><T84/><D84/><U28/><E28/><V117/><F31/><W94/><G72/><T77/><D75/><U53/><E53/><V0/><F117/><W49/><G49/><T82/><D82/><U106/><E106/><RYUUKYOKU ba="1,0" sc="327,15,250,15,173,-15,250,-15" hai0="1,6,8,77,79,96,103,107,129,130" hai1="12,13,19,20,25,47,50,52,60,62,85,91,95" /><INIT seed="0,2,0,1,5,12" ten="342,265,158,235" oya="0" hai0="14,25,74,78,20,21,91,1,119,73,85,42,89" hai1="76,19,84,56,72,62,127,107,30,39,99,117,96" hai2="4,81,128,9,93,48,66,105,126,87,58,24,110" hai3="115,28,16,111,43,103,60,53,34,36,8,40,123"/><T37/><D1/><U27/><E117/><V7/><F105/><W50/><G115/><T47/><D119/><U95/><E127/><V29/><F128/><W130/><G130/><T13/><D78/><U97/><E39/><V88/><F126/><W32/><G36/><T134/><D134/><U44/><E107/><V10/><F110/><W75/><G75/><T5/><D5/><U106/><E106/><V23/><F81/><W112/><G112/><T83/><D13/><U101/><E72/><V31/><F31/><W86/><G111/><T26/><D14/><U131/><E44/><V15/><F48/><W116/><G116/><T59/><D59/><U114/><E131/><V18/><REACH who="2" step="1"/><F10/><REACH who="2" ten="342,265,148,235" step="2"/><W129/><G8/><T38/><D38/><U65/><E30/><V71/><F71/><W133/><G28/><T70/><D70/><U121/><E114/><V132/><F132/><W2/><G133/><T135/><D135/><U41/><E121/><V63/><AGARI ba="2,1" hai="4,7,9,15,18,23,24,29,58,63,66,87,88,93" machi="63" ten="30,12000,2" yaku="1,1,0,1,8,1,52,1,54,1,53,1" doraHai="12" doraHaiUra="61" who="2" fromWho="2" sc="342,-62,265,-32,148,136,235,-32" /><INIT seed="1,0,0,0,3,28" ten="280,233,284,203" oya="1" hai0="101,113,10,70,84,79,129,35,20,48,17,15,121" hai1="102,133,57,63,94,23,9,95,51,87,49,105,96" hai2="122,29,114,89,127,61,1,88,85,5,11,43,123" hai3="31,125,75,97,104,126,46,21,60,135,55,65,90"/><U111/><E133/><V58/><F43/><W8/><G135/><T76/><D70/><U71/><E111/><V18/><F18/><W66/><G75/><T134/><D113/><U12/><E71/><V99/><F114/><W119/><G119/><T124/><D121/><U108/><E108/><V74/><F74/><W26/><G8/><T14/><D35/><U42/><E23/><V67/><F127/><N who="3" m="48651" /><G90/><T50/><D134/><U62/><E105/><V59/><F29/><W6/><G6/><T112/><D112/><U52/><E87/><V73/><F73/><W100/><G46/><T53/><D129/><U68/><E94/><V45/><F45/><W109/><G109/><T47/><D101/><U132/><E132/><V98/><F59/><AGARI ba="0,0" hai="21,26,31,55,59,60,65,66,97,100,104" m="48651" machi="59" ten="30,1000,0" yaku="18,1" doraHai="28" who="3" fromWho="2" sc="280,0,233,0,284,-10,203,10" /><INIT seed="2,0,0,4,2,6" ten="280,233,274,213" oya="2" hai0="23,107,14,125,118,39,133,7,93,82,97,108,135" hai1="112,77,116,98,122,84,45,117,132,134,106,5,4" hai2="19,85,11,115,0,111,53,78,128,26,103,9,51" hai3="63,96,65,17,16,114,70,60,76,124,3,95,59"/><V75/><F115/><W8/><G124/><T42/><D125/><U22/><E112/><V29/><F75/><W91/><G114/><T56/><D107/><U81/><E122/><V68/><F68/><W64/><REACH who="3" step="1"/><G76/><REACH who="3" ten="280,233,274,203" step="2"/><T87/><D118/><U2/><E117/><V72/><F78/><W126/><G126/><T83/><D135/><U54/><E116/><V100/><F128/><W71/><G71/><T32/><D133/><U55/><E132/><V120/><F120/><W131/><G131/><T90/><D108/><U99/><E134/><V58/><F111/><W24/><G24/><T15/><D32/><U73/><E77/><V48/><F26/><W18/><G18/><T79/><D79/><U66/><E73/><V74/><F19/><W37/><G37/><T67/><D39/><U33/><E33/><V47/><F74/><W130/><G130/><T49/><D7/><AGARI ba="0,1" hai="3,7,8,16,17,59,60,63,64,65,70,91,95,96" machi="7" ten="40,8000,1" yaku="1,1,52,1,54,1,53,2" doraHai="6" doraHaiUra="13" who="3" fromWho="0" sc="280,-80,233,0,274,0,203,90" /><INIT seed="3,0,0,0,3,7" ten="200,233,274,293" oya="3" hai0="96,129,40,34,109,32,133,41,56,0,84,86,42" hai1="97,57,64,134,123,76,69,2,25,93,46,22,54" hai2="1,23,118,19,130,135,9,119,75,11,100,30,87" hai3="102,82,132,122,77,31,62,110,116,98,106,70,89"/><W18/><G116/><N who="2" m="44585" /><F75/><W121/><G132/><T58/><D133/><U91/><E123/><V43/><F135/><W94/><G110/><T104/><D0/><U52/><E2/><V66/><F66/><N who="3" m="41303" /><G18/><T125/><D125/><U128/><E128/><V35/><F43/><W88/><G89/><T8/><D129/><U81/><E134/><V99/><F87/><N who="0" m="33322" /><D104/><U14/><E69/><V126/><F99/><W47/><G47/><T6/><D96/><U111/><E111/><V53/><F53/><N who="1" m="20585" /><E14/><N who="2" m="9719" /><F100/><W61/><G61/><T101/><D6/><U72/><E72/><V78/><F78/><W49/><G49/><T24/><D24/><U60/><E46/><V131/><F126/><W65/><G65/><T74/><D74/><U51/><E51/><V44/><F44/><W85/><G31/><T45/><D45/><U68/><E68/><V33/><F30/><W117/><G117/><T26/><D109/><U107/><E107/><V114/><F114/><W95/><G95/><T124/><D124/><U48/><E48/><V10/><F1/><W90/><G90/><T79/><D101/><U13/><E13/><V15/><F15/><W17/><G17/><T12/><D79/><U36/><E36/><V37/><F37/><W71/><G71/><T3/><D3/><U115/><E115/><V59/><F59/><N who="0" m="22570" /><D26/><U29/><E76/><V20/><F20/><W55/><G55/><T113/><D113/><U105/><E105/><V27/><F27/><W5/><G5/><N who="0" m="3087" /><D32/><AGARI ba="0,0" hai="9,10,11,32,33,35,130,131" m="9719,44585" machi="32" ten="40,8000,1" yaku="34,2,52,3" doraHai="7" who="2" fromWho="0" sc="200,-80,233,0,274,80,293,0" owari="120,-38.0,233,-16.7,354,45.4,293,9.3" /></mjloggm>