<mjloggm ver="2.3"><GO type="225" lobby="0"/><UN n0="%E3%83%96%E3%83%83%E3%83%91%E3%82%AA%E3%83%96%E3%83%81%E3%82%AD%E3%83%B3" n1="%E6%9C%88%E5%B3%B6%E5%9F%BA" n2="%E3%83%AC%E3%82%A4%E3%83%88%E3%83%B3%E5%87%86%E6%95%99%E6%8E%88" n3="%E7%99%BD%E5%80%89%E5%AF%9B%E4%B9%8B" dan="16,16,18,16" rate="2151.00,2108.93,2224.44,2197.23" sx="M,M,M,M"/><TAIKYOKU oya="0"/><INIT seed="0,0,0,5,5,90" ten="250,250,250,250" oya="0" hai0="62,41,17,78,13,57,93,47,88,70,130,116,63" hai1="99,39,48,80,43,1,121,83,67,68,77,109,124" hai2="25,103,69,6,79,10,133,32,89,76,14,15,125" hai3="28,55,20,119,100,22,110,71,112,59,101,44,134"/><T60/><D130/><U120/><E109/><V23/><F69/><W131/><G71/><T115/><D115/><U50/><E1/><V64/><F133/><W42/><G112/><T104/><D116/><U128/><E128/><V105/><F64/><W108/><G131/><T27/><D70/><U106/><E83/><V74/><F125/><W95/><G119/><T2/><D2/><U132/><E50/><V36/><F36/><W18/><G28/><T35/><D104/><U122/><E48/><V72/><F32/><W113/><G134/><T54/><D78/><U127/><E132/><V135/><F15/><W123/><G123/><T91/><D27/><U8/><E8/><V51/><F103/><W111/><G113/><T26/><D26/><U11/><E11/><V107/><F107/><W61/><G95/><T3/><D91/><U12/><E12/><V98/><F105/><W117/><G117/><T52/><D54/><U87/><E67/><V4/><F4/><W33/><G33/><T129/><D35/><U81/><E68/><V9/><F9/><W102/><REACH who="3" step="1"/><G18/><REACH who="3" ten="250,250,250,240" step="2"/><T31/><D31/><U58/><E121/><V96/><F135/><W30/><G30/><T24/><D129/><U53/><E122/><V29/><F29/><W85/><G85/><N who="0" m="52367" /><D3/><U118/><E118/><V19/><F74/><W114/><G114/><T46/><D24/><U34/><E34/><V56/><F72/><W75/><G75/><T66/><D17/><U45/><E120/><V49/><F19/><W73/><G73/><T7/><D7/><U84/><E106/><V92/><F6/><RYUUKYOKU ba="0,1" sc="250,-10,250,-10,250,-10,240,30" hai3="20,22,42,44,55,59,61,100,101,102,108,110,111" /><INIT seed="1,1,1,3,3,4" ten="240,240,240,270" oya="1" hai0="37,65,35,110,23,55,32,87,11,66,40,0,100" hai1="17,2,53,64,104,18,19,97,12,88,120,118,58" hai2="130,48,83,50,119,102,90,127,36,70,62,31,105" hai3="116,89,59,49,20,9,101,33,84,103,133,22,68"/><U57/><E2/><V44/><F119/><W134/><G33/><T71/><D100/><N who="3" m="38473" /><G68/><T123/><D110/><U109/><E104/><V128/><F127/><W69/><G69/><T96/><D96/><U72/><E72/><V124/><F124/><W54/><G116/><T3/><D123/><U95/><E120/><V76/><F90/><W24/><G24/><T21/><D87/><U1/><E1/><V10/><F31/><W82/><G9/><T114/><D71/><U126/><E109/><V111/><F111/><W122/><G122/><T30/><D37/><U93/><E118/><V46/><F102/><W98/><G98/><T67/><D40/><U41/><E41/><V94/><F94/><W43/><G43/><T26/><D114/><U38/><E95/><V85/><F36/><W91/><G91/><T27/><D0/><U63/><E38/><V7/><F105/><W15/><G15/><T132/><D3/><U108/><E108/><V25/><F25/><W28/><G28/><T135/><D11/><N who="1" m="6303" /><E126/><V52/><F70/><W129/><G129/><T14/><D14/><U107/><E107/><V77/><F128/><W75/><G75/><T45/><D35/><U99/><E99/><V78/><F130/><W29/><G29/><T8/><D8/><U106/><E106/><V113/><F113/><W92/><G92/><T80/><D32/><U79/><E79/><N who="2" m="46335" /><F10/><W112/><G112/><T56/><D80/><U117/><E117/><V39/><F39/><W74/><G74/><T51/><D45/><N who="2" m="17514" /><F7/><W81/><G81/><T73/><D73/><U61/><AGARI ba="1,1" hai="18,19,53,57,58,61,63,64,88,93,97" m="6303" machi="61" ten="30,11700,0" yaku="5,1,8,1,52,1,54,1" doraHai="4" who="1" fromWho="1" sc="240,-40,240,130,240,-40,270,-40" /><INIT seed="1,2,0,2,3,103" ten="200,370,200,230" oya="1" hai0="85,123,60,72,5,25,102,29,121,16,130,54,1" hai1="97,57,44,133,30,33,135,118,108,132,20,3,93" hai2="104,73,122,21,80,50,128,127,13,101,67,46,86" hai3="98,38,111,52,113,95,91,4,63,83,119,11,68"/><U75/><E118/><V36/><F122/><N who="0" m="46602" /><D72/><U81/><E33/><V66/><F36/><W56/><G38/><T114/><D114/><U65/><E3/><V94/><F127/><W18/><G113/><T109/><D109/><U106/><E108/><V84/><F128/><W37/><G37/><T61/><D130/><U49/><E30/><V131/><F131/><W32/><G32/><N who="0" m="20527" /><D102/><N who="1" m="62799" /><E20/><V59/><F73/><W88/><G111/><T24/><D54/><N who="1" m="29991" /><E93/><V31/><F94/><W112/><G112/><T76/><D1/><U64/><E57/><V125/><F59/><W92/><G68/><T74/><D5/><U48/><E48/><V27/><F50/><W23/><G119/><T43/><D43/><U0/><E0/><V41/><F41/><W90/><G83/><N who="0" m="47335" /><D74/><U17/><E17/><V107/><F80/><W6/><G11/><T69/><D69/><U82/><E82/><V40/><F40/><W70/><G70/><T105/><D105/><U45/><E45/><V7/><F46/><W77/><G77/><AGARI ba="2,0" hai="64,65,75,77,81,132,133,135" m="29991,62799" machi="77" ten="30,2900,0" yaku="20,1,52,1" doraHai="103" who="1" fromWho="3" sc="200,0,370,35,200,0,230,-35" /><INIT seed="1,3,0,0,1,60" ten="200,405,200,195" oya="1" hai0="32,2,74,0,116,97,13,3,111,34,71,90,56" hai1="33,18,83,44,42,84,10,92,28,115,114,87,27" hai2="7,19,133,109,130,110,50,66,78,52,89,51,8" hai3="118,47,29,15,72,106,86,125,93,132,112,31,36"/><U59/><E92/><V76/><F130/><W100/><G72/><T119/><D56/><U121/><E121/><V1/><F133/><W91/><G112/><T120/><D90/><U57/><E84/><V38/><F38/><W16/><G132/><T49/><D49/><U55/><E59/><V43/><F66/><W102/><G125/><T53/><D53/><U14/><E57/><N who="2" m="32919" /><F19/><W26/><G118/><N who="0" m="45099" /><D97/><U61/><E61/><V77/><F89/><W98/><G102/><T129/><D71/><U85/><E85/><V88/><F88/><W95/><G106/><T101/><D101/><U126/><E55/><V22/><F22/><W94/><G94/><T107/><D107/><U35/><E35/><N who="0" m="13353" /><D74/><U69/><E69/><V24/><F24/><W134/><G26/><T45/><D129/><U124/><E124/><V122/><F51/><W99/><G99/><T21/><D120/><U108/><E126/><V75/><F122/><W54/><G134/><T48/><D111/><N who="2" m="42506" /><F43/><W11/><REACH who="3" step="1"/><G54/><REACH who="3" ten="200,405,200,185" step="2"/><T12/><D45/><U23/><E108/><V5/><F75/><W135/><G135/><T63/><D63/><U70/><E42/><AGARI ba="3,1" hai="11,15,16,29,31,36,42,47,86,91,93,95,98,100" machi="42" ten="40,2600,0" yaku="1,1,54,1,53,0" doraHai="60" doraHaiUra="73" who="3" fromWho="1" sc="200,0,405,-35,200,0,185,45" /><INIT seed="2,0,0,0,1,3" ten="200,370,200,230" oya="2" hai0="30,42,85,15,29,19,76,50,114,84,1,74,111" hai1="23,53,103,102,123,128,79,126,71,81,8,119,70" hai2="39,63,43,97,67,31,101,120,45,108,117,68,96" hai3="94,2,11,121,107,26,104,89,82,9,27,56,75"/><V127/><F117/><W91/><G121/><T28/><D114/><U61/><E119/><V7/><F120/><W14/><G2/><T106/><D106/><U52/><E123/><V46/><F127/><W51/><G75/><T4/><D111/><U115/><E115/><V0/><F108/><W24/><G82/><N who="0" m="47175" /><D74/><U37/><E37/><V88/><F31/><N who="0" m="7938" /><T83/><DORA hai="132" /><D1/><U32/><E32/><V109/><F109/><W33/><G33/><T98/><D98/><U135/><E71/><V134/><F46/><W86/><G91/><N who="0" m="51647" /><D19/><U17/><E17/><V110/><F110/><W131/><G131/><T66/><D66/><U34/><E70/><V72/><F72/><W93/><G93/><T47/><D15/><U116/><E34/><V41/><F96/><W100/><G100/><T125/><D125/><U64/><E103/><V58/><F88/><W59/><G107/><T60/><D60/><U57/><E102/><V36/><F68/><W35/><G104/><T133/><D133/><U122/><E135/><V48/><F134/><W62/><G35/><T12/><D12/><U78/><E126/><V92/><F0/><W124/><G124/><T113/><D113/><U44/><E116/><V118/><F118/><W77/><G77/><T21/><D21/><U5/><E79/><V95/><F95/><W105/><G105/><T20/><D20/><U99/><E78/><V90/><F101/><W87/><G14/><T18/><D18/><U80/><E122/><V129/><F129/><W6/><G6/><AGARI ba="0,0" hai="4,6,42,47,50" m="51647,7938,47175" machi="6" ten="30,3900,0" yaku="8,1,52,2" doraHai="3,132" who="0" fromWho="3" sc="200,39,370,0,200,0,230,-39" /><INIT seed="3,0,0,4,1,48" ten="239,370,200,191" oya="3" hai0="60,80,17,46,128,7,109,19,97,62,124,119,59" hai1="134,115,83,45,88,65,10,135,66,72,26,40,87" hai2="110,2,30,79,37,68,90,89,95,41,121,42,81" hai3="21,28,94,116,99,12,53,8,92,76,114,36,51"/><W63/><G36/><T131/><D119/><U22/><E115/><V52/><F68/><W50/><G114/><T55/><D109/><U16/><E72/><V70/><F70/><W125/><G116/><T9/><D124/><U111/><E111/><V0/><F110/><W56/><G125/><T96/><D80/><U43/><E10/><V103/><F30/><W133/><G133/><N who="1" m="50698" /><E43/><V108/><F108/><W31/><G76/><T84/><D84/><U15/><E26/><V129/><F129/><N who="0" m="49738" /><D60/><U5/><E5/><V123/><F37/><AGARI ba="0,0" hai="15,16,22,37,40,45,65,66,83,87,88" m="50698" machi="37" ten="30,3900,0" yaku="20,1,54,2" doraHai="48" who="1" fromWho="2" sc="239,0,370,39,200,-39,191,0" owari="239,3.9,409,50.9,161,-33.9,191,-20.9" /></mjloggm>