<mjloggm ver="2.3"><GO type="225" lobby="0"/><UN n0="%E6%A1%9C%E8%8A%B1%E9%96%83%E3%80%85" n1="%E6%98%93%E5%88%A9%E8%96%A9%E4%BC%AF" n2="%E3%83%96%E3%83%83%E3%83%91%E3%82%AA%E3%83%96%E3%83%81%E3%82%AD%E3%83%B3" n3="%E5%B6%BA%E4%B8%8A%E5%92%B2" dan="16,17,16,16" rate="2190.63,2139.58,2170.62,2115.72" sx="M,F,M,F"/><TAIKYOKU oya="0"/><INIT seed="0,0,0,5,4,86" ten="250,250,250,250" oya="0" hai0="69,81,19,99,126,25,112,2,96,73,11,119,85" hai1="127,108,103,31,95,122,46,59,68,48,36,14,94" hai2="123,23,20,105,3,118,106,57,104,65,44,90,60" hai3="6,101,40,17,107,66,21,18,51,4,116,28,76"/><T39/><D112/><U61/><E122/><V64/><F123/><W91/><G116/><T43/><D119/><U102/><E108/><V125/><F118/><W131/><G131/><T52/><D69/><U38/><E68/><V129/><F129/><W22/><G76/><T87/><D73/><U27/><E127/><V54/><F125/><W42/><G101/><T110/><D126/><U70/><E70/><V49/><F3/><W71/><G107/><T130/><D87/><U41/><E14/><V121/><F121/><W78/><G78/><T45/><D130/><U67/><E103/><V97/><REACH who="2" step="1"/><F65/><REACH who="2" ten="250,250,240,250" step="2"/><W34/><G66/><T135/><D2/><U12/><E12/><V84/><F84/><W93/><G71/><T58/><D110/><U0/><E0/><V32/><F32/><W10/><G34/><T120/><D120/><U88/><E102/><V98/><F98/><N who="3" m="57663" /><G28/><T29/><D29/><U8/><E31/><V37/><F37/><W133/><G133/><T50/><D135/><U62/><E38/><V92/><AGARI ba="0,1" hai="20,23,44,49,54,57,60,64,90,92,97,104,105,106" machi="92" ten="40,5200,0" yaku="1,1,0,1,52,1,53,0" doraHai="86" doraHaiUra="33" who="2" fromWho="2" sc="250,-26,250,-13,240,62,250,-13" /><INIT seed="1,0,0,3,3,114" ten="224,237,302,237" oya="1" hai0="76,2,79,10,90,72,95,96,132,35,3,17,84" hai1="48,118,104,109,4,26,23,77,98,6,63,46,29" hai2="83,107,20,102,135,93,110,16,69,7,34,87,45" hai3="111,53,60,119,47,28,24,22,18,54,131,61,108"/><U106/><E109/><N who="3" m="42058" /><G131/><T5/><D132/><U8/><E118/><V75/><F110/><W81/><G81/><T97/><D35/><U15/><E77/><V11/><F135/><W36/><G28/><T94/><D2/><U91/><E6/><V12/><F34/><W39/><G119/><T123/><D123/><U32/><E63/><N who="3" m="24138" /><G47/><T58/><D58/><U74/><E74/><V57/><F69/><W38/><AGARI ba="0,0" hai="18,22,24,36,38,39,53,54" m="24138,42058" machi="38" ten="40,1500,0" yaku="14,1" doraHai="114" who="3" fromWho="3" sc="224,-4,237,-7,302,-4,237,15" /><INIT seed="2,0,0,3,4,24" ten="220,230,298,252" oya="2" hai0="110,38,26,35,76,65,32,71,122,55,96,105,53" hai1="28,69,59,11,10,127,115,47,117,22,77,25,112" hai2="45,125,4,91,17,37,93,21,97,43,58,129,85" hai3="120,41,1,119,132,46,42,134,99,106,7,121,51"/><V109/><F125/><W12/><G119/><T3/><D122/><U101/><E69/><V130/><F4/><W104/><G1/><T64/><D38/><U70/><E70/><V87/><F109/><W94/><G41/><T34/><D3/><U133/><E117/><V95/><F58/><W79/><G79/><T49/><D110/><U90/><E133/><N who="3" m="51306" /><G7/><T75/><D76/><U84/><E101/><V80/><F87/><W124/><G12/><T44/><D75/><U128/><E77/><V27/><REACH who="2" step="1"/><F95/><REACH who="2" ten="220,230,288,252" step="2"/><W6/><G124/><T54/><D71/><U9/><E127/><V8/><F8/><W107/><G6/><T5/><D5/><U108/><E108/><V57/><F57/><W78/><G78/><AGARI ba="0,1" hai="17,21,27,37,43,45,78,80,85,91,93,97,129,130" machi="78" ten="40,2000,0" yaku="1,1,53,0" doraHai="24" doraHaiUra="67" who="2" fromWho="3" sc="220,0,230,0,288,30,252,-20" /><INIT seed="2,1,0,4,4,95" ten="220,230,318,232" oya="2" hai0="12,110,46,1,30,5,105,27,3,0,72,135,73" hai1="40,75,101,98,96,24,85,80,126,33,82,70,42" hai2="77,37,102,132,43,115,88,119,112,100,99,108,128" hai3="39,48,15,45,76,106,52,114,47,28,16,74,8"/><V17/><F119/><W89/><G114/><N who="2" m="43561" /><F17/><W61/><G106/><T49/><D110/><U84/><E70/><V14/><F14/><W59/><G74/><T9/><D135/><U97/><E126/><V69/><F69/><W123/><G76/><T4/><D105/><U13/><E101/><N who="2" m="39019" /><F43/><N who="1" m="16425" /><E33/><V122/><F37/><W116/><G116/><T36/><D36/><U86/><E75/><V6/><F6/><W18/><G123/><T22/><REACH who="0" step="1"/><D5/><REACH who="0" ten="210,230,318,232" step="2"/><U65/><E65/><V57/><F132/><W35/><G39/><T83/><D83/><N who="1" m="31787" /><E24/><V55/><F108/><W117/><G117/><T25/><D25/><U94/><E94/><V53/><F122/><W109/><G109/><T20/><D20/><U31/><E31/><V7/><F7/><N who="3" m="3487" /><G28/><T64/><D64/><U62/><E13/><V32/><F32/><W111/><G35/><T2/><N who="0" m="0" /><DORA hai="34" /><T93/><D93/><U120/><E120/><V23/><F23/><W38/><G38/><T113/><D113/><U91/><E91/><V90/><F88/><W134/><G89/><T107/><D107/><U44/><E44/><N who="3" m="16970" /><G111/><T10/><D10/><U133/><E133/><V129/><F90/><W21/><G134/><T130/><D130/><U103/><E103/><V71/><F129/><W81/><G21/><T66/><D66/><U125/><E125/><V118/><F128/><W87/><G81/><T79/><D79/><U92/><E92/><V26/><F77/><W54/><G87/><T58/><D58/><AGARI ba="1,1" hai="16,18,48,52,54,58,59,61" m="16970,3487" machi="58" ten="30,3900,0" yaku="8,1,54,2" doraHai="95,34" who="3" fromWho="0" sc="210,-42,230,0,318,0,232,52" /><INIT seed="3,0,0,5,4,0" ten="168,230,318,284" oya="3" hai0="115,71,125,50,101,74,2,127,1,119,54,35,118" hai1="36,132,65,83,91,93,92,49,77,84,6,98,109" hai2="20,12,16,107,128,97,43,108,120,44,37,26,81" hai3="96,24,131,89,25,56,133,126,114,64,48,5,111"/><W75/><G114/><T61/><D101/><U23/><E36/><V32/><F108/><W129/><G75/><T82/><D35/><U103/><E132/><V22/><F128/><N who="3" m="49227" /><G133/><T99/><D99/><U17/><E109/><V80/><F120/><W57/><G111/><T3/><D50/><U58/><E6/><V51/><F32/><W70/><G126/><T121/><D54/><N who="1" m="32079" /><E65/><V39/><F107/><W38/><G38/><T33/><D33/><U31/><E31/><V88/><F81/><W9/><G70/><T122/><D61/><U123/><E123/><N who="0" m="47113" /><D82/><U4/><E4/><V68/><F68/><W30/><G64/><T67/><D67/><U62/><E62/><V55/><F55/><N who="3" m="31847" /><G57/><T117/><D71/><U66/><E66/><V45/><F45/><W34/><G25/><T104/><D74/><U11/><E93/><V29/><REACH who="2" step="1"/><F80/><REACH who="2" ten="168,230,308,284" step="2"/><W15/><G96/><T10/><D104/><U69/><E69/><V53/><F53/><W47/><G47/><T8/><D115/><U41/><E83/><V85/><F85/><W76/><G76/><T28/><D28/><U130/><E77/><V13/><F13/><W40/><G40/><T78/><D78/><U124/><E41/><V7/><F7/><W42/><G42/><T59/><D59/><U60/><E130/><V27/><F27/><W21/><G34/><T46/><D46/><U63/><E84/><V87/><F87/><W112/><G112/><T86/><D86/><U100/><E63/><V19/><F19/><W113/><G113/><T90/><D90/><AGARI ba="0,1" hai="5,9,15,21,24,30,89,90" m="31847,49227" machi="90" ten="30,2900,0" yaku="19,1,52,1" doraHai="0" who="3" fromWho="0" sc="168,-29,230,0,308,0,284,39" owari="139,-36.1,230,-17.0,308,10.8,323,42.3" /></mjloggm>