<mjloggm ver="2.3"><GO type="225" lobby="0"/><UN n0="%E6%98%93%E5%88%A9%E8%96%A9%E4%BC%AF" n1="%E3%83%A9%E3%82%B9%E7%8E%87%EF%BC%93%E5%89%B2" n2="%E4%B8%AD%E5%B9%B4%E3%81%AE%E5%8D%B1%E6%A9%9F" n3="%72%69%6F%75%63%68%61%6E" dan="17,16,16,16" rate="2188.35,2189.10,2116.36,2132.18" sx="F,F,M,M"/><TAIKYOKU oya="0"/><INIT seed="0,0,0,2,1,135" ten="250,250,250,250" oya="0" hai0="66,63,97,110,95,105,76,86,82,101,2,70,133" hai1="83,14,7,85,42,124,50,87,122,71,111,126,53" hai2="74,100,21,73,35,45,92,93,28,29,68,102,117" hai3="78,3,69,75,108,67,48,1,134,80,16,119,9"/><T64/><D133/><U65/><E122/><V37/><F21/><W57/><G108/><T40/><D110/><U26/><E111/><V47/><F68/><W0/><G134/><T103/><D2/><U109/><E109/><V123/><F37/><W60/><G119/><T54/><D40/><U62/><E26/><V106/><F106/><W27/><G48/><T99/><D66/><U32/><E32/><V11/><F11/><W115/><G115/><T15/><D15/><U56/><E42/><V132/><F132/><W96/><G96/><T22/><D22/><U59/><E71/><V113/><F123/><W39/><G39/><T5/><REACH who="0" step="1"/><D54/><REACH who="0" ten="240,250,250,250" step="2"/><U107/><E14/><V84/><F35/><W10/><G69/><T52/><D52/><U120/><E120/><V4/><F113/><W94/><G1/><T79/><D79/><U89/><E7/><AGARI ba="0,1" hai="5,7,63,64,70,76,82,86,95,97,99,101,103,105" machi="7" ten="40,2000,0" yaku="1,1,53,0" doraHai="135" doraHaiUra="43" who="0" fromWho="1" sc="240,30,250,-20,250,0,250,0" /><INIT seed="0,1,0,0,0,59" ten="270,230,250,250" oya="0" hai0="119,18,108,31,135,15,52,97,75,71,101,96,127" hai1="134,37,40,100,14,13,49,24,85,133,42,81,48" hai2="126,102,78,10,77,33,109,107,64,98,132,41,47" hai3="68,104,86,76,80,30,43,34,111,36,93,114,19"/><T91/><D119/><U79/><E100/><V38/><F109/><W17/><G114/><T28/><D75/><U0/><E0/><V57/><F126/><W94/><G111/><T125/><D108/><U83/><E24/><V11/><F33/><W67/><G104/><T69/><D91/><U4/><E37/><V8/><REACH who="2" step="1"/><F132/><REACH who="2" ten="270,230,240,250" step="2"/><W46/><G34/><T106/><D135/><U84/><REACH who="1" step="1"/><E4/><REACH who="1" ten="270,220,240,250" step="2"/><V62/><AGARI ba="1,2" hai="8,10,11,38,41,47,57,62,64,77,78,98,102,107" machi="62" ten="30,7900,0" yaku="1,1,2,1,0,1,52,1,53,0" doraHai="59" doraHaiUra="50" who="2" fromWho="2" sc="270,-40,220,-21,240,102,250,-21" /><INIT seed="1,0,0,3,0,114" ten="230,199,342,229" oya="1" hai0="92,51,112,119,63,123,113,4,8,42,19,102,58" hai1="127,95,133,61,21,44,99,96,14,115,36,3,20" hai2="134,15,104,47,1,76,78,91,11,67,106,109,72" hai3="64,0,110,118,69,88,33,24,70,121,68,6,59"/><U84/><E3/><V108/><F1/><W122/><G59/><T79/><D123/><N who="3" m="47113" /><G88/><T60/><D79/><N who="2" m="30250" /><F72/><W22/><G22/><T52/><D19/><U41/><E133/><V94/><F67/><W116/><G110/><N who="2" m="42601" /><F47/><W83/><G83/><T2/><D119/><N who="3" m="45609" /><G24/><T107/><D92/><U35/><E21/><V30/><F30/><W86/><BYE who="2" /><G86/><T103/><D103/><U29/><E84/><UN n2="%E4%B8%AD%E5%B9%B4%E3%81%AE%E5%8D%B1%E6%A9%9F" /><V89/><F134/><W37/><G37/><T111/><D111/><U62/><E20/><V13/><F11/><N who="3" m="2503" /><G33/><T31/><D31/><U12/><E29/><V98/><F13/><W53/><G53/><T126/><D42/><U73/><E35/><V85/><F15/><W50/><G50/><T7/><D7/><U39/><E41/><V54/><F54/><W80/><G80/><AGARI ba="0,0" hai="80,85,89,91,94,98,104,106" m="42601,30250" machi="80" ten="30,3900,0" yaku="14,1,34,2" doraHai="114" who="2" fromWho="3" sc="230,0,199,0,342,39,229,-39" /><INIT seed="2,0,0,4,1,114" ten="230,199,381,190" oya="2" hai0="133,110,0,122,68,106,12,46,125,16,112,88,51" hai1="39,72,90,23,64,48,94,113,92,34,55,103,91" hai2="17,81,27,45,42,89,65,4,127,54,22,25,15" hai3="43,9,31,93,104,95,69,99,111,116,13,109,71"/><V82/><F127/><W30/><G104/><T130/><RYUUKYOKU type="yao9" ba="0,0" sc="230,0,199,0,381,0,190,0" hai0="0,12,16,46,51,68,88,106,110,112,122,125,130,133" /><INIT seed="2,1,0,0,3,83" ten="230,199,381,190" oya="2" hai0="115,66,26,54,57,106,14,38,43,15,69,31,109" hai1="33,89,11,10,24,119,99,113,5,82,53,131,126" hai2="42,92,9,73,130,17,6,124,58,93,78,16,123" hai3="7,91,40,102,103,81,135,61,68,104,48,25,76"/><V55/><F123/><W95/><G135/><T86/><D115/><U71/><E71/><V97/><F124/><W132/><G132/><T128/><D106/><U65/><E119/><V96/><F130/><W8/><G104/><T27/><D109/><U41/><E65/><V110/><F42/><W60/><G25/><T44/><D128/><U67/><E67/><V108/><F78/><W50/><G68/><T84/><D15/><U23/><E33/><V19/><F73/><W1/><G60/><T37/><D37/><U45/><E113/><V46/><F46/><W112/><G112/><T13/><D13/><U101/><E53/><V74/><F74/><W4/><G61/><N who="0" m="40143" /><D14/><U116/><E5/><V77/><F77/><W22/><G22/><N who="0" m="15831" /><D27/><U125/><E116/><V36/><F36/><W120/><G120/><T75/><D75/><U2/><E2/><V85/><F9/><W87/><G4/><T121/><D121/><U47/><E131/><V3/><F3/><W39/><G39/><T20/><D20/><U32/><E32/><V134/><F134/><W28/><G28/><T21/><D21/><U129/><E129/><V49/><F6/><W117/><G117/><T90/><D90/><U12/><E126/><V64/><F64/><W70/><G70/><T114/><D114/><U127/><E125/><V52/><F55/><W59/><G40/><T51/><AGARI ba="1,0" hai="38,43,44,51,54,57,84,86" m="15831,40143" machi="51" ten="30,4000,0" yaku="24,1,52,2" doraHai="83" who="0" fromWho="0" sc="230,43,199,-11,381,-21,190,-11" /><INIT seed="3,0,0,1,2,122" ten="273,188,360,179" oya="3" hai0="112,41,69,90,11,97,109,52,113,76,135,99,30" hai1="48,70,62,133,65,73,49,33,5,2,50,58,64" hai2="0,84,98,120,103,4,21,32,63,104,6,3,92" hai3="45,108,35,107,56,115,27,38,40,39,19,110,131"/><W16/><G115/><N who="0" m="44107" /><D69/><U111/><E33/><V130/><F32/><W123/><G123/><T95/><D41/><U96/><E73/><V114/><F114/><W14/><G131/><T25/><D76/><U134/><E5/><V87/><F130/><W127/><G127/><T89/><D11/><U17/><E17/><V15/><F120/><W31/><G38/><T118/><D118/><U23/><E23/><V102/><F63/><W100/><G56/><T46/><D109/><N who="3" m="42089" /><G14/><T20/><D135/><N who="1" m="51723" /><E2/><V75/><F15/><W7/><G7/><T10/><D10/><U34/><E34/><V132/><F132/><W83/><G83/><T85/><D90/><U24/><E111/><V29/><F4/><W126/><G126/><T42/><D42/><U91/><E70/><V47/><F47/><W59/><G59/><T8/><D8/><U54/><E24/><V101/><F6/><W80/><G80/><T74/><D74/><U119/><E119/><V12/><F75/><W116/><G116/><T81/><D81/><U105/><E91/><V18/><F0/><W57/><G57/><T1/><D1/><U36/><E36/><V79/><F3/><W78/><G78/><T53/><D46/><U61/><E61/><V106/><F79/><W129/><G129/><T26/><D26/><U60/><E62/><V67/><F67/><W43/><G43/><T9/><D9/><U124/><E124/><V93/><F12/><W94/><G94/><T72/><D72/><U125/><E125/><V77/><F77/><W37/><G37/><T55/><AGARI ba="0,0" hai="20,25,30,52,53,55,85,89,95,97,99" m="44107" machi="55" ten="30,2000,0" yaku="11,1,54,1" doraHai="122" who="0" fromWho="0" sc="273,20,188,-5,360,-5,179,-10" owari="293,9.3,183,-21.7,355,45.5,169,-33.1" /></mjloggm>