<mjloggm ver="2.3"><GO type="225" lobby="0"/><UN n0="%E3%83%81%E3%83%AF%E3%83%AF%E9%9A%8A%E9%95%B7" n1="%E7%89%B9%E6%9D%B1%E3%81%AF%E4%B8%96%E7%95%8C%E3%82%92%E6%95%91%E3%81%86" n2="%E6%98%93%E5%88%A9%E8%96%A9%E4%BC%AF" n3="%E3%80%90%E3%83%88%E3%83%AA%E3%83%A5%E3%83%95%E3%80%91" dan="16,16,17,16" rate="2116.88,2173.70,2182.60,2103.72" sx="M,M,F,M"/><TAIKYOKU oya="0"/><INIT seed="0,0,0,0,4,69" ten="250,250,250,250" oya="0" hai0="114,131,11,16,76,74,71,84,17,110,96,61,4" hai1="68,118,19,21,43,73,42,54,115,25,78,129,26" hai2="8,119,134,120,93,82,87,75,101,89,59,116,86" hai3="112,10,37,9,53,81,7,65,22,60,102,104,121"/><T64/><D114/><U33/><E118/><N who="2" m="45099" /><F59/><W125/><G125/><T66/><D74/><U41/><E68/><V24/><F24/><W28/><G81/><T14/><D131/><U18/><E129/><V98/><F8/><W32/><G22/><T80/><D110/><U51/><E115/><V135/><F120/><W124/><G53/><T111/><D111/><U127/><E127/><V38/><F38/><W0/><G10/><T79/><D79/><U99/><E73/><V29/><F29/><W49/><G49/><T63/><D96/><U45/><E78/><N who="2" m="44383" /><F87/><W6/><G6/><T83/><D83/><AGARI ba="0,0" hai="83,86,89,93,98,101,134,135" m="44383,45099" machi="83" ten="30,3900,0" yaku="12,1,34,2" doraHai="69" who="2" fromWho="0" sc="250,-39,250,0,250,39,250,0" /><INIT seed="1,0,0,3,5,41" ten="211,250,289,250" oya="1" hai0="75,127,22,81,83,131,79,47,2,59,4,135,29" hai1="115,121,123,124,11,48,42,8,72,60,17,102,32" hai2="23,104,99,111,105,67,63,3,89,132,31,80,88" hai3="14,6,52,84,64,57,34,128,30,134,49,82,69"/><U122/><E72/><V117/><F111/><W87/><G128/><T18/><D131/><U13/><E115/><V35/><F3/><W44/><G134/><T65/><D135/><U55/><E124/><V12/><F117/><W20/><G34/><T108/><D108/><U62/><E32/><V33/><F105/><W16/><G30/><T116/><D116/><U78/><E42/><V110/><F110/><W61/><G6/><T70/><D70/><U107/><E78/><V21/><F35/><W43/><REACH who="3" step="1"/><G82/><REACH who="3" ten="211,250,289,240" step="2"/><T27/><D81/><U26/><E123/><V74/><F80/><W66/><G66/><T92/><D29/><U58/><E122/><V37/><F67/><W1/><G1/><T5/><D2/><U19/><E121/><V36/><F31/><W119/><G119/><T101/><D4/><U98/><REACH who="1" step="1"/><E26/><REACH who="1" ten="211,240,289,240" step="2"/><V126/><F33/><W24/><G24/><T120/><D27/><U15/><AGARI ba="0,2" hai="8,11,13,15,17,19,48,55,58,60,62,98,102,107" machi="15" ten="30,12000,1" yaku="1,1,2,1,0,1,9,1,53,1" doraHai="41" doraHaiUra="96" who="1" fromWho="1" sc="211,-40,240,140,289,-40,240,-40" /><INIT seed="1,1,0,4,4,4" ten="171,380,249,200" oya="1" hai0="7,49,55,89,105,72,121,113,45,51,120,18,93" hai1="24,56,65,34,122,78,118,27,44,64,102,107,88" hai2="31,21,123,114,13,127,0,60,14,125,84,86,111" hai3="11,106,57,41,20,59,75,36,19,16,71,129,80"/><U23/><E118/><V3/><F123/><W130/><G71/><T47/><D113/><U26/><E122/><V101/><F101/><W1/><G106/><T61/><D105/><U39/><E78/><V81/><F60/><W104/><G104/><T43/><D72/><U5/><E34/><V97/><F97/><W22/><G1/><N who="2" m="585" /><F81/><W82/><G41/><T134/><D134/><U85/><E56/><V128/><F86/><W132/><G132/><T117/><D117/><U33/><E33/><V108/><F84/><W35/><G35/><T115/><D115/><U83/><E39/><V87/><F87/><W15/><G36/><T68/><D7/><U91/><E44/><V103/><F103/><W25/><G75/><T110/><D110/><N who="2" m="42026" /><F128/><N who="3" m="49259" /><G22/><T74/><D74/><U116/><E116/><V46/><F46/><W95/><G95/><T126/><D121/><U133/><E133/><V40/><F40/><W70/><G70/><T9/><D120/><U38/><E38/><V12/><F114/><W76/><G76/><T124/><D68/><U119/><E119/><V2/><F2/><W54/><G59/><T79/><D79/><U42/><E42/><V112/><F112/><W37/><G37/><T62/><D43/><U29/><E83/><V8/><F8/><W32/><G32/><T17/><D45/><U53/><E107/><V96/><F96/><W63/><AGARI ba="1,0" hai="11,15,16,19,20,25,54,57,63,80,82" m="49259" machi="63" ten="30,4000,0" yaku="19,1,52,1,54,1" doraHai="4" who="3" fromWho="3" sc="171,-11,380,-21,249,-11,200,43" /><INIT seed="2,0,0,1,4,108" ten="160,359,238,243" oya="2" hai0="117,99,121,67,84,35,51,62,52,66,75,122,27" hai1="5,31,91,111,125,11,126,118,81,59,70,100,69" hai2="44,4,135,6,45,95,61,76,64,3,7,89,36" hai3="129,38,96,131,17,109,80,119,83,41,134,46,130"/><V21/><F135/><W58/><G109/><T97/><D75/><U13/><E118/><V93/><F3/><W19/><G119/><T34/><D117/><U55/><E100/><V30/><F76/><W54/><G96/><T28/><D35/><U50/><E31/><V120/><F120/><W1/><G1/><T87/><D122/><U53/><E111/><V113/><F36/><W18/><REACH who="3" step="1"/><G134/><REACH who="3" ten="160,359,238,233" step="2"/><T33/><D121/><U102/><E126/><V39/><F113/><W92/><G92/><T105/><D99/><U128/><E125/><V103/><F95/><W116/><G116/><T40/><D97/><U37/><E102/><V112/><F103/><W63/><AGARI ba="0,1" hai="17,18,19,38,41,46,54,58,63,80,83,129,130,131" machi="63" ten="40,5200,0" yaku="1,1,0,1,19,1,53,0" doraHai="108" doraHaiUra="85" who="3" fromWho="3" sc="160,-13,359,-13,238,-26,233,62" /><INIT seed="3,0,0,2,5,28" ten="147,346,212,295" oya="3" hai0="66,134,29,78,106,8,133,84,69,42,119,90,76" hai1="34,82,127,109,117,81,96,6,40,95,64,115,87" hai2="124,100,73,92,23,98,129,47,33,25,11,72,110" hai3="54,61,13,62,107,22,15,65,45,38,132,105,17"/><W32/><G132/><T113/><D119/><U122/><E34/><V88/><F33/><W77/><G32/><T58/><D113/><U16/><E115/><V56/><F110/><W57/><G77/><T26/><D106/><U24/><E122/><V30/><F129/><W128/><G13/><T86/><D69/><U5/><E109/><V71/><F71/><W48/><G62/><T121/><D121/><U52/><E64/><V135/><F124/><W70/><REACH who="3" step="1"/><G128/><REACH who="3" ten="147,346,212,285" step="2"/><T60/><D134/><U108/><E108/><V37/><F135/><W68/><G68/><T131/><D133/><U83/><E6/><V112/><F112/><W18/><G18/><T79/><D131/><U120/><E5/><V126/><F126/><W130/><G130/><T63/><D63/><U94/><E127/><V14/><F14/><W67/><G67/><T74/><D74/><U85/><E120/><V123/><F123/><W59/><G59/><T4/><D42/><AGARI ba="0,1" hai="15,17,22,38,42,45,48,54,57,61,65,70,105,107" machi="42" ten="40,7700,0" yaku="1,1,24,2,53,0" doraHai="28" doraHaiUra="35" who="3" fromWho="0" sc="147,-77,346,0,212,0,285,87" owari="70,-43.0,346,14.6,212,-18.8,372,47.2" /></mjloggm>