<mjloggm ver="2.3"><GO type="225" lobby="0"/><UN n0="%E3%83%81%E3%83%83%E3%82%BF%E3%82%BD%E3%83%BC" n1="%E6%A1%9C%E8%8A%B1%E9%96%83%E3%80%85" n2="%E3%81%8B%E3%82%8F%E3%81%A1%E3%82%83%E3%82%93%35%38" n3="%E4%BF%BA%E3%81%A8%E5%A6%96%E5%A4%A2" dan="16,17,16,16" rate="2173.83,2257.72,2141.50,2255.04" sx="F,M,M,F"/><TAIKYOKU oya="0"/><INIT seed="0,0,0,0,5,24" ten="250,250,250,250" oya="0" hai0="15,132,29,65,134,23,34,78,82,45,101,33,62" hai1="55,0,111,49,103,59,54,83,119,6,130,42,35" hai2="122,92,75,2,56,22,100,27,99,5,74,32,20" hai3="86,68,7,69,80,17,116,79,127,120,16,128,110"/><T31/><BYE who="2" /><D101/><UN n2="%E3%81%8B%E3%82%8F%E3%81%A1%E3%82%83%E3%82%93%35%38" /><U44/><E119/><V46/><F122/><W21/><G116/><T39/><D45/><U38/><E111/><V73/><F2/><W50/><G110/><T94/><D94/><U133/><E133/><N who="0" m="51305" /><D39/><U102/><E130/><V93/><F5/><W43/><G128/><T76/><D15/><U109/><E109/><V1/><F1/><W112/><G112/><T36/><D36/><U28/><E83/><V30/><F46/><W47/><G120/><T96/><D96/><U85/><E102/><V107/><F32/><N who="0" m="12394" /><D23/><U18/><E103/><V71/><F71/><W87/><G87/><N who="0" m="48583" /><D78/><U53/><E85/><V105/><F93/><W8/><G127/><T48/><D48/><U114/><E114/><V10/><F10/><W66/><G21/><T88/><D88/><U121/><E121/><V41/><F41/><W131/><G131/><T129/><D129/><U9/><REACH who="1" step="1"/><E18/><REACH who="1" ten="250,240,250,250" step="2"/><V61/><REACH who="2" step="1"/><F20/><REACH who="2" ten="250,240,240,250" step="2"/><W25/><G80/><T63/><D63/><U113/><E113/><V12/><F12/><W95/><G95/><T72/><D72/><U90/><E90/><V3/><F3/><W40/><G8/><T84/><D84/><U58/><E58/><AGARI ba="0,2" hai="29,31,58,62,65" m="48583,12394,51305" machi="58" ten="30,5800,0" yaku="20,1,52,2" doraHai="24" who="0" fromWho="1" sc="250,78,240,-58,240,0,250,0" /><INIT seed="0,1,0,1,1,6" ten="328,182,240,250" oya="0" hai0="79,84,125,39,11,67,75,91,87,20,50,48,7" hai1="112,103,13,36,47,16,37,42,9,73,55,53,85" hai2="89,69,86,21,51,59,66,72,97,134,74,0,102" hai3="119,3,94,117,43,61,81,115,80,111,22,71,77"/><T60/><D125/><U98/><E73/><V93/><F134/><W64/><G115/><T96/><D39/><U46/><E112/><V88/><F0/><W62/><G3/><T70/><D75/><U133/><E133/><V118/><F118/><W44/><G111/><T130/><D130/><U45/><E85/><V131/><F131/><W78/><G94/><T129/><D129/><U41/><REACH who="1" step="1"/><E46/><REACH who="1" ten="328,172,240,250" step="2"/><V30/><F74/><W56/><G119/><T5/><D84/><U116/><E116/><V8/><F72/><W35/><G117/><T32/><D87/><U95/><AGARI ba="1,1" hai="9,13,16,36,37,41,42,45,47,53,55,95,98,103" machi="95" ten="20,12000,2" yaku="1,1,0,1,7,1,9,1,52,1,54,1,53,0" doraHai="6" doraHaiUra="126" who="1" fromWho="1" sc="328,-61,172,133,240,-31,250,-31" /><INIT seed="1,0,0,5,5,67" ten="267,305,209,219" oya="1" hai0="120,121,83,51,98,103,49,37,3,21,71,100,63" hai1="81,92,106,28,119,101,131,80,82,20,62,95,123" hai2="127,10,78,6,102,97,111,50,42,47,68,46,24" hai3="66,126,38,76,9,93,27,36,132,60,58,48,130"/><U57/><E119/><V134/><F111/><W16/><G126/><T11/><D37/><U18/><E123/><N who="0" m="47177" /><D83/><U104/><E131/><V122/><F122/><W7/><G130/><T1/><D21/><U22/><E101/><N who="0" m="38985" /><D98/><U85/><E106/><V135/><F127/><W30/><G132/><N who="2" m="50729" /><F78/><W2/><G76/><T12/><D49/><U65/><E104/><V89/><F89/><W45/><G93/><N who="1" m="35914" /><E28/><V8/><F97/><W19/><G38/><T96/><D51/><U55/><E55/><N who="2" m="30167" /><F102/><W109/><G36/><T116/><D116/><U31/><E31/><V91/><F91/><W110/><G110/><T77/><D77/><N who="1" m="46223" /><E20/><V54/><F54/><W44/><G109/><T99/><D96/><U87/><E87/><V17/><F47/><W133/><G133/><T70/><D99/><U14/><AGARI ba="0,0" hai="14,18,22,57,62,65,81,82" m="46223,35914" machi="14" ten="30,1500,0" yaku="8,1" doraHai="67" who="1" fromWho="1" sc="267,-5,305,15,209,-5,219,-5" /><INIT seed="1,1,0,1,0,115" ten="262,320,204,214" oya="1" hai0="35,7,121,10,18,15,92,50,117,43,93,12,34" hai1="41,107,131,24,105,126,89,125,2,32,19,112,95" hai2="64,100,21,47,46,128,30,135,74,16,123,45,102" hai3="53,39,94,70,29,48,44,40,114,5,127,1,133"/><U42/><E2/><V33/><F123/><W129/><G114/><T110/><D110/><U20/><E112/><V120/><F120/><W38/><G70/><T37/><D37/><U56/><E131/><V75/><F128/><W76/><G129/><T68/><D68/><U79/><E79/><V130/><F130/><W11/><G133/><T124/><D124/><N who="1" m="47723" /><E56/><V78/><F135/><W103/><G127/><T6/><D121/><U72/><E72/><V3/><F3/><W109/><G109/><T122/><D122/><U0/><E32/><V90/><F64/><W71/><G71/><T81/><D81/><U22/><E22/><V80/><F75/><W49/><G29/><T134/><D134/><U58/><E58/><V99/><F30/><W55/><G76/><T104/><D104/><N who="1" m="40011" /><E0/><V73/><F33/><W67/><G67/><T31/><D31/><U116/><E116/><V28/><F28/><W118/><G118/><T9/><D117/><U4/><E4/><V8/><F8/><W65/><G65/><T23/><D34/><U113/><E113/><V13/><REACH who="2" step="1"/><F74/><REACH who="2" ten="262,320,194,214" step="2"/><W77/><G1/><T62/><D35/><U88/><E89/><V91/><F91/><W98/><G11/><T97/><D9/><U119/><E119/><V111/><F111/><W54/><G5/><T57/><D6/><U85/><AGARI ba="1,1" hai="19,20,24,41,42,85,88,95" m="40011,47723" machi="85" ten="30,3000,0" yaku="18,1,54,1" doraHai="115" who="1" fromWho="1" sc="262,-11,320,43,194,-11,214,-11" /><INIT seed="1,2,0,0,4,19" ten="251,363,183,203" oya="1" hai0="0,99,88,67,61,119,78,121,102,14,63,114,118" hai1="47,124,97,43,120,83,122,7,51,40,68,15,53" hai2="38,18,49,130,107,103,32,13,37,73,33,55,12" hai3="50,94,96,8,79,66,17,46,1,95,91,27,39"/><U75/><E68/><V135/><F73/><W123/><G123/><T5/><D114/><U128/><E128/><V89/><F130/><W6/><G39/><T11/><D121/><U92/><E124/><V86/><F135/><W84/><G66/><T54/><D78/><U25/><E25/><V113/><F113/><W80/><G17/><T56/><D0/><U106/><E106/><V44/><F38/><W10/><G27/><T23/><D88/><U98/><E98/><V85/><F37/><W93/><REACH who="3" step="1"/><G10/><REACH who="3" ten="251,363,183,193" step="2"/><T30/><D118/><U69/><E122/><V110/><F110/><W104/><G104/><T64/><D119/><U45/><E120/><V65/><F65/><W35/><G35/><T112/><D112/><U117/><E117/><V87/><F32/><W62/><G62/><T52/><D63/><U101/><E69/><V129/><F33/><W108/><G108/><T28/><D67/><U82/><E7/><V126/><F129/><W24/><G24/><N who="0" m="16415" /><D30/><U77/><E75/><V3/><F126/><W58/><G58/><T41/><D64/><U74/><E74/><V134/><F107/><W34/><G34/><T72/><D72/><U57/><E57/><V22/><F18/><W70/><G70/><T116/><D116/><U4/><E4/><V100/><F134/><W36/><G36/><T71/><D71/><U21/><E47/><V111/><F111/><W26/><G26/><T133/><D133/><U31/><E45/><V125/><F125/><W2/><G2/><T48/><D61/><U90/><E15/><N who="2" m="5707" /><F3/><W81/><G81/><T76/><D14/><RYUUKYOKU ba="2,1" sc="251,-10,363,-10,183,-10,193,30" hai3="1,6,8,46,50,79,80,84,91,93,94,95,96" /><INIT seed="2,3,1,3,5,67" ten="241,353,173,223" oya="2" hai0="128,104,114,90,129,85,68,125,65,78,115,59,66" hai1="9,51,122,113,72,29,94,24,81,86,12,108,101" hai2="117,54,83,7,95,88,0,20,100,84,8,70,103" hai3="56,87,13,98,32,91,43,124,10,132,107,61,3"/><V120/><F120/><W41/><G3/><T77/><D104/><U111/><E113/><N who="0" m="43017" /><D68/><U48/><E72/><V80/><F117/><W133/><G32/><T130/><D125/><U15/><E15/><V52/><F70/><W116/><G116/><T134/><D134/><N who="3" m="51817" /><G98/><T26/><D26/><U42/><E42/><V21/><F83/><N who="3" m="49663" /><G107/><T89/><D89/><N who="1" m="53559" /><E101/><V18/><F21/><W16/><G124/><T112/><D112/><U39/><E39/><V44/><F44/><W60/><G60/><N who="0" m="38047" /><D66/><AGARI ba="3,1" hai="10,13,16,41,43,56,61,66" m="49663,51817" machi="66" ten="30,2000,0" yaku="20,1,54,1" doraHai="67" who="3" fromWho="0" sc="241,-29,353,0,173,0,223,39" /><INIT seed="3,0,0,3,2,64" ten="212,353,173,262" oya="3" hai0="62,30,54,95,66,83,96,69,52,28,40,31,63" hai1="123,97,119,6,1,68,24,75,46,133,50,78,134" hai2="26,58,132,129,126,105,67,104,107,128,116,88,91" hai3="77,82,10,37,9,113,70,55,21,33,71,125,65"/><W39/><G113/><T99/><D40/><U124/><E123/><V72/><F26/><W87/><G33/><T94/><D83/><U29/><E124/><V15/><F15/><W85/><G125/><T100/><REACH who="0" step="1"/><D62/><REACH who="0" ten="202,353,173,262" step="2"/><U14/><E133/><V108/><F126/><W7/><G39/><T42/><D42/><U114/><E134/><V22/><F132/><W12/><G37/><T18/><D18/><U17/><E17/><V44/><F116/><W60/><G9/><T8/><D8/><U59/><E50/><V101/><F108/><W2/><G55/><T118/><D118/><U73/><E119/><V120/><F120/><W127/><G127/><T90/><AGARI ba="0,1" hai="28,30,31,52,54,63,66,69,90,94,95,96,99,100" machi="90" ten="30,7900,0" yaku="1,1,0,1,52,1,54,1,53,0" doraHai="64" doraHaiUra="80" who="0" fromWho="0" sc="202,89,353,-20,173,-20,262,-39" owari="291,9.1,333,43.3,153,-34.7,223,-17.7" /></mjloggm>