<mjloggm ver="2.3"><GO type="225" lobby="0"/><UN n0="%E5%84%AA%40%41%42%43" n1="%E5%8D%A0%E3%81%84%E5%B8%AB%E8%A3%8F%E3%81%AA%E3%81%84%E3%81%97" n2="%E3%81%B2%E3%81%AA%E3%81%AE%E3%82%8A%E3%81%8F" n3="%43%68%65" dan="17,17,16,16" rate="2167.28,2159.44,2093.94,2155.19" sx="M,M,M,M"/><TAIKYOKU oya="0"/><INIT seed="0,0,0,4,2,113" ten="250,250,250,250" oya="0" hai0="108,41,22,98,121,74,97,90,81,37,111,92,63" hai1="24,132,2,77,53,89,9,35,94,33,19,118,10" hai2="62,71,102,21,119,52,18,26,49,126,117,55,82" hai3="47,105,3,131,73,96,44,88,5,29,116,14,23"/><T115/><D37/><U17/><E77/><V28/><F126/><W125/><G125/><T56/><D41/><U84/><E132/><V36/><F36/><W38/><G73/><T79/><D115/><U127/><E127/><V31/><F102/><W60/><G131/><T99/><D22/><U134/><E134/><V13/><F82/><W76/><G76/><T12/><D12/><U61/><E118/><N who="2" m="45067" /><F31/><W110/><G29/><T11/><D11/><U32/><E2/><V80/><F80/><W78/><G3/><T107/><D121/><U133/><E133/><V95/><F95/><W40/><G105/><T114/><D114/><U91/><E19/><V6/><F6/><W130/><G5/><T39/><D39/><U70/><E17/><V43/><F43/><W16/><G116/><T69/><D69/><U25/><E70/><V51/><F71/><W50/><G38/><T66/><REACH who="0" step="1"/><D107/><REACH who="0" ten="240,250,250,250" step="2"/><U68/><E68/><V135/><F135/><W30/><G40/><T7/><D7/><U48/><E33/><N who="2" m="20631" /><F62/><W46/><G60/><T65/><D65/><U75/><E61/><V83/><F83/><W58/><G30/><T129/><D129/><U128/><E32/><V64/><F64/><W124/><G130/><T54/><D54/><AGARI ba="0,1" hai="13,18,21,49,51,52,54,55" m="20631,45067" machi="54" ten="30,8000,1" yaku="12,1,52,3,54,1" doraHai="113" who="2" fromWho="0" sc="240,-80,250,0,250,90,250,0" /><INIT seed="1,0,0,1,1,114" ten="160,250,340,250" oya="1" hai0="18,33,135,38,82,40,116,91,11,97,2,48,132" hai1="44,66,20,59,86,4,34,121,87,93,122,133,24" hai2="83,99,80,10,17,129,8,21,127,12,52,112,51" hai3="62,49,68,65,73,25,56,115,79,32,58,72,108"/><U107/><E107/><V130/><F127/><W124/><G115/><T103/><D48/><U36/><E34/><V37/><F37/><W118/><G124/><T77/><D18/><U76/><E133/><N who="0" m="51273" /><D33/><U96/><E4/><V78/><F99/><W3/><G3/><T84/><D40/><U28/><E36/><V126/><F126/><W111/><G118/><T100/><D11/><U88/><E44/><V101/><F101/><W128/><G128/><N who="2" m="49257" /><F83/><N who="3" m="45543" /><G73/><N who="0" m="43311" /><D2/><U109/><E109/><N who="3" m="42058" /><G49/><T94/><D38/><U102/><E86/><N who="2" m="48407" /><F112/><W29/><AGARI ba="0,0" hai="25,29,32,56,58,62,65,68" m="42058,45543" machi="29" ten="30,1100,0" yaku="14,1" doraHai="114" who="3" fromWho="3" sc="160,-3,250,-5,340,-3,250,11" /><INIT seed="2,0,0,1,5,105" ten="157,245,337,261" oya="2" hai0="21,36,15,32,23,67,58,34,42,38,41,28,106" hai1="70,95,128,92,109,12,20,82,29,66,73,49,71" hai2="124,54,0,119,134,129,40,3,77,19,104,132,86" hai3="101,6,1,27,33,90,118,72,130,125,31,65,75"/><V45/><F119/><W64/><G118/><T63/><D106/><U103/><E109/><V115/><F115/><W69/><G125/><T47/><D28/><U120/><E128/><V10/><F104/><W57/><G130/><T25/><D15/><U30/><E120/><V22/><F124/><W74/><G101/><T88/><D41/><U51/><E12/><V68/><F68/><W99/><G57/><T83/><D38/><U62/><E82/><N who="2" m="47439" /><F54/><W96/><G90/><T81/><D81/><U50/><E73/><V35/><F10/><W76/><G76/><T87/><REACH who="0" step="1"/><D23/><REACH who="0" ten="147,245,337,261" step="2"/><U80/><E80/><V79/><F3/><W111/><G111/><T26/><D26/><N who="1" m="16583" /><E30/><V89/><F0/><W91/><G1/><T48/><D48/><U53/><E49/><V116/><F22/><W46/><G31/><T11/><D11/><U59/><E50/><V16/><F40/><W8/><G27/><T112/><D112/><U5/><E95/><V133/><F116/><W55/><G33/><T4/><D4/><U127/><E5/><V122/><F35/><W43/><G43/><T18/><AGARI ba="0,1" hai="18,21,25,32,34,36,42,47,58,63,67,83,87,88" machi="18" ten="20,8000,1" yaku="1,1,0,1,7,1,54,1,53,1" doraHai="105" doraHaiUra="56" who="0" fromWho="0" sc="147,90,245,-20,337,-40,261,-20" /><INIT seed="3,0,0,4,2,79" ten="237,225,297,241" oya="3" hai0="61,25,17,108,115,87,133,50,9,37,123,34,2" hai1="72,82,55,85,20,8,45,46,27,90,100,116,76" hai2="106,102,36,75,60,54,120,62,88,109,81,117,31" hai3="13,92,130,95,59,99,23,6,134,12,132,35,110"/><W4/><G35/><T94/><D37/><U111/><E111/><V18/><F36/><W86/><G110/><T126/><D123/><U129/><E129/><V3/><F31/><W103/><G130/><T16/><D108/><U74/><E116/><V53/><F3/><W7/><G59/><T43/><D61/><U33/><E33/><V21/><F102/><W77/><G23/><T15/><D2/><U98/><E8/><V26/><F106/><W19/><G95/><T14/><D126/><U29/><E55/><V70/><F117/><W125/><G125/><T51/><D133/><N who="3" m="51305" /><G19/><T22/><D115/><U96/><E96/><V49/><F120/><W47/><G47/><T58/><D58/><U42/><E42/><V97/><F70/><W80/><AGARI ba="0,0" hai="4,6,7,12,13,77,80,86,92,99,103" m="51305" machi="80" ten="40,3900,0" yaku="20,1,52,1" doraHai="79" who="3" fromWho="3" sc="237,-13,225,-13,297,-13,241,39" /><INIT seed="3,1,0,2,0,88" ten="224,212,284,280" oya="3" hai0="135,112,64,83,133,18,59,6,80,21,84,127,82" hai1="10,78,126,122,72,132,9,110,90,41,76,125,98" hai2="120,19,25,44,121,43,40,104,81,22,63,53,7" hai3="93,65,28,29,87,128,38,13,4,14,16,102,116"/><W106/><G116/><T34/><D34/><U32/><E122/><N who="2" m="47211" /><F104/><W92/><G38/><T61/><D127/><N who="1" m="48651" /><E32/><V49/><F7/><W42/><G106/><T89/><D6/><U30/><E30/><V20/><F81/><W97/><G128/><T66/><D66/><U27/><E110/><V8/><F8/><N who="1" m="3177" /><E132/><N who="0" m="50761" /><D112/><U75/><E27/><AGARI ba="1,0" hai="18,21,27,59,61,64,80,82,83,84,89" m="50761" machi="27" ten="30,1000,0" yaku="20,1" doraHai="88" who="0" fromWho="1" sc="224,13,212,-13,284,0,280,0" /><INIT seed="4,0,0,2,5,5" ten="237,199,284,280" oya="0" hai0="33,103,21,34,100,102,74,125,11,53,99,85,47" hai1="70,114,49,55,90,62,79,133,65,14,80,115,105" hai2="51,124,1,94,28,23,48,83,130,72,26,119,113" hai3="87,46,117,69,27,71,120,39,40,10,77,132,44"/><T22/><D74/><U0/><E0/><V118/><F1/><W50/><G117/><N who="2" m="44553" /><F113/><N who="1" m="43017" /><E105/><V93/><F130/><W75/><G75/><T86/><D125/><U107/><E107/><V68/><F68/><W31/><G132/><T101/><D34/><U37/><E133/><V104/><F104/><W58/><G58/><T35/><D33/><U109/><E109/><V7/><F7/><W41/><G120/><T57/><D35/><U64/><E37/><V54/><F124/><W18/><G31/><T16/><D47/><N who="1" m="28095" /><E64/><V61/><F61/><W128/><G128/><T108/><D108/><U59/><E14/><V73/><F51/><W123/><G123/><T81/><D99/><U97/><E97/><V95/><F83/><W15/><REACH who="3" step="1"/><G27/><REACH who="3" ten="237,199,284,270" step="2"/><T96/><D57/><AGARI ba="0,1" hai="23,26,28,48,54,57,72,73,93,94,95" m="44553" machi="57" ten="30,1000,0" yaku="12,1" doraHai="5" who="2" fromWho="0" sc="237,-10,199,0,284,20,270,0" owari="227,-17.3,199,-30.1,304,40.4,270,7.0" /></mjloggm>