<mjloggm ver="2.3"><GO type="225" lobby="0"/><UN n0="%E6%80%AA%E3%81%97%E3%81%99%E3%81%8E%E3%82%8B%E3%83%81%E3%83%BC" n1="%E7%B4%94%E6%BD%94%E3%83%94%E3%83%A9%E3%83%8B%E3%82%A2" n2="%E6%9C%88%E5%B3%B6%E5%9F%BA" n3="%E3%81%95%E3%81%8D%E3%81%9F%E3%81%BE%E6%9E%97%E6%AA%8E" dan="16,16,17,16" rate="2058.10,2143.96,2210.69,2091.09" sx="M,M,M,M"/><TAIKYOKU oya="0"/><INIT seed="0,0,0,0,4,75" ten="250,250,250,250" oya="0" hai0="5,121,95,111,47,135,94,84,117,58,65,97,122" hai1="128,106,29,90,45,85,26,2,120,53,25,116,104" hai2="44,126,91,41,19,82,10,24,15,115,81,131,35" hai3="119,59,132,1,76,9,102,113,83,110,134,57,14"/><T100/><D117/><U30/><E2/><V31/><F115/><W124/><G119/><T79/><D135/><N who="3" m="51753" /><G113/><T108/><D5/><U17/><E17/><V32/><F131/><W18/><G124/><T118/><D118/><U133/><E128/><V64/><F126/><W52/><G110/><N who="0" m="42027" /><D47/><U71/><E71/><V6/><F64/><W103/><G1/><T51/><D65/><U27/><E120/><N who="0" m="46185" /><D51/><U78/><E116/><V69/><F44/><W37/><G37/><T0/><D58/><U43/><E53/><V49/><F41/><W8/><G8/><T46/><D46/><U109/><E109/><V87/><F49/><N who="3" m="30863" /><G59/><T56/><D56/><U96/><E45/><V72/><F69/><W20/><G9/><T125/><D0/><U55/><E55/><V68/><F68/><W67/><G67/><T61/><D61/><U50/><E50/><V38/><F38/><W107/><G107/><N who="0" m="63887" /><D125/><U42/><E43/><V98/><F10/><W73/><AGARI ba="0,0" hai="14,18,20,73,76,83,102,103" m="30863,51753" machi="73" ten="30,4000,0" yaku="20,1,52,1,54,1" doraHai="75" who="3" fromWho="3" sc="250,-20,250,-10,250,-10,250,40" /><INIT seed="1,0,0,0,3,74" ten="230,240,240,290" oya="1" hai0="44,12,33,118,18,73,22,83,3,21,50,70,120" hai1="101,75,96,78,49,53,130,126,102,95,94,135,103" hai2="65,69,71,86,29,8,59,108,48,76,63,67,6" hai3="133,4,16,7,122,80,28,32,84,47,90,106,131"/><U45/><E126/><V87/><F108/><W81/><G122/><T26/><D120/><U127/><E127/><V112/><F112/><W115/><G115/><T35/><D118/><U30/><E130/><V123/><F123/><W41/><G106/><T40/><D3/><U125/><E125/><V104/><F104/><W107/><G107/><T13/><D70/><U57/><E135/><V111/><F111/><W93/><G133/><T99/><D99/><U89/><E30/><V91/><F29/><W37/><G131/><T109/><D109/><U10/><E10/><V25/><F25/><W66/><G66/><T2/><D2/><U60/><E75/><V11/><F48/><W58/><G58/><T15/><REACH who="0" step="1"/><D22/><REACH who="0" ten="220,240,240,290" step="2"/><U68/><E68/><V79/><F71/><W61/><G32/><T52/><D52/><U43/><REACH who="1" step="1"/><E78/><AGARI ba="0,1" hai="12,13,15,18,21,26,33,35,40,44,50,73,78,83" machi="78" ten="40,5200,0" yaku="1,1,52,1,53,1" doraHai="74" doraHaiUra="39" who="0" fromWho="1" sc="220,62,240,-52,240,0,290,0" /><INIT seed="2,0,0,4,5,49" ten="282,188,240,290" oya="2" hai0="66,48,53,112,77,82,84,32,12,103,41,40,38" hai1="22,105,59,81,126,114,34,110,14,100,88,39,62" hai2="52,2,102,72,20,42,11,117,99,0,23,25,1" hai3="134,127,133,111,108,44,124,85,55,10,60,104,35"/><V92/><F117/><W96/><G35/><T5/><D112/><U119/><E114/><V125/><F72/><W107/><G10/><N who="0" m="4175" /><D38/><U21/><E119/><V36/><F125/><N who="3" m="48203" /><G85/><T91/><D32/><U83/><E34/><V43/><F11/><W9/><G9/><T47/><D103/><U46/><E110/><N who="3" m="42026" /><G96/><T4/><D66/><U131/><E131/><V106/><F106/><N who="3" m="40491" /><G44/><T33/><D33/><U116/><E46/><V24/><F23/><W76/><G76/><T16/><D4/><U73/><E105/><V129/><F20/><W50/><G50/><T27/><D77/><U15/><E21/><AGARI ba="0,0" hai="16,21,27,40,41,47,48,53,82,84,91" m="4175" machi="21" ten="30,3900,0" yaku="8,1,52,1,54,1" doraHai="49" who="0" fromWho="1" sc="282,39,188,-39,240,0,290,0" /><INIT seed="3,0,0,2,4,113" ten="321,149,240,290" oya="3" hai0="80,22,75,93,24,9,53,69,99,71,121,32,49" hai1="118,36,77,46,127,3,72,108,40,52,114,119,51" hai2="0,124,70,97,1,27,103,89,76,29,41,54,81" hai3="85,135,78,60,117,56,109,11,74,23,35,19,86"/><W131/><G117/><N who="1" m="44554" /><E114/><V39/><F89/><W100/><G35/><T13/><D32/><U94/><E108/><V132/><F54/><W14/><G135/><T8/><D8/><U4/><E127/><V17/><F17/><W66/><G131/><T116/><D80/><N who="1" m="45095" /><E94/><V112/><F70/><W90/><G109/><T128/><D69/><U63/><E63/><V15/><F15/><W88/><G100/><T126/><D13/><U47/><E4/><V84/><F124/><W42/><G42/><T58/><D126/><U48/><E3/><V50/><F132/><W68/><G68/><T105/><D71/><U61/><E61/><V33/><F112/><W2/><G2/><T73/><D116/><U25/><E25/><V129/><F129/><W26/><G74/><T83/><D73/><U122/><E122/><V111/><F111/><W110/><G110/><T31/><D24/><U115/><E115/><V16/><F1/><W18/><G78/><T37/><D75/><U102/><E102/><V43/><F0/><W101/><G101/><T123/><D128/><U79/><E79/><V7/><F76/><W82/><G82/><T95/><D83/><U10/><E10/><V28/><F81/><W34/><G34/><T21/><D9/><U65/><E65/><V30/><F33/><W45/><G90/><T12/><D121/><U107/><E48/><V98/><F50/><W64/><G64/><T38/><D49/><U5/><E5/><V134/><F7/><W104/><G66/><T130/><D123/><U59/><E107/><V57/><F103/><W106/><G106/><RYUUKYOKU ba="0,0" sc="321,-10,149,30,240,-10,290,-10" hai1="36,40,46,47,51,52,59" owari="311,41.1,179,-32.1,230,-17.0,280,8.0" /></mjloggm>