<mjloggm ver="2.3"><GO type="225" lobby="0"/><UN n0="%72%69%6F%75%63%68%61%6E" n1="%E3%83%96%E3%83%83%E3%83%91%E3%82%AA%E3%83%96%E3%83%81%E3%82%AD%E3%83%B3" n2="%E5%B6%BA%E4%B8%8A%E5%92%B2" n3="%4B%2E%32%2E%4B%2E" dan="16,17,16,16" rate="2148.79,2171.46,2134.79,2169.40" sx="M,M,F,M"/><TAIKYOKU oya="0"/><INIT seed="0,0,0,2,1,84" ten="250,250,250,250" oya="0" hai0="110,113,0,14,80,36,42,106,15,38,43,10,111" hai1="65,77,127,73,49,135,130,66,44,68,112,55,51" hai2="56,7,27,121,62,72,94,81,118,26,53,89,28" hai3="45,60,100,92,129,131,115,18,102,71,132,6,23"/><T1/><D106/><U48/><E73/><V35/><F121/><W25/><G115/><T105/><D105/><U74/><E74/><V134/><F134/><W41/><G132/><T83/><REACH who="0" step="1"/><D10/><REACH who="0" ten="240,250,250,250" step="2"/><U9/><E135/><V122/><F122/><W69/><G129/><T58/><D58/><U108/><E9/><V2/><F118/><W78/><G131/><T29/><D29/><U86/><E130/><V40/><F40/><W87/><G41/><T90/><D90/><U11/><E11/><V76/><F2/><W47/><G71/><T85/><D85/><U104/><E86/><V54/><F7/><W50/><G87/><T109/><D109/><U34/><E104/><V22/><F56/><W95/><G6/><T107/><D107/><U70/><E70/><V119/><F119/><W31/><G69/><T79/><D79/><U126/><E77/><V33/><F62/><W67/><G78/><T20/><D20/><U125/><E108/><V114/><F114/><AGARI ba="0,1" hai="0,1,14,15,36,38,42,43,80,83,110,111,113,114" machi="114" ten="25,4800,0" yaku="1,1,22,2,53,0" doraHai="84" doraHaiUra="93" who="0" fromWho="2" sc="240,58,250,0,250,-48,250,0" /><INIT seed="0,1,0,3,2,65" ten="298,250,202,250" oya="0" hai0="109,103,129,104,76,79,57,120,3,113,5,88,125" hai1="13,128,0,37,54,59,32,60,71,89,106,98,81" hai2="99,48,122,96,52,67,132,56,26,78,6,115,41" hai3="92,118,45,8,18,58,23,97,36,21,72,119,14"/><T17/><D113/><U100/><E128/><V107/><F115/><W85/><G72/><T126/><D120/><U117/><E117/><V124/><F122/><W47/><G85/><T44/><D129/><U53/><E0/><V84/><F132/><W111/><G111/><T25/><D109/><U31/><E37/><V22/><F124/><N who="0" m="47722" /><D44/><U90/><E81/><N who="2" m="47159" /><F107/><W39/><G58/><T63/><D5/><U116/><E116/><V1/><F1/><W91/><G39/><T42/><D3/><U94/><E71/><V135/><F135/><W131/><G131/><T68/><D42/><U62/><E13/><V130/><F130/><W28/><G28/><T46/><D46/><U70/><E70/><V30/><F67/><W101/><G47/><T114/><D114/><U86/><E90/><V73/><F73/><W9/><G45/><T12/><D25/><U10/><E10/><V75/><F75/><W80/><G36/><T15/><D68/><U27/><E54/><V74/><F74/><W11/><G118/><T82/><D104/><U38/><REACH who="1" step="1"/><E38/><REACH who="1" ten="298,240,202,250" step="2"/><V43/><F6/><W61/><G119/><T2/><D2/><U24/><E24/><V35/><F35/><W133/><G133/><T105/><D12/><U40/><E40/><AGARI ba="1,1" hai="22,26,30,40,41,43,48,52,56,96,99" m="47159" machi="40" ten="30,2000,0" yaku="8,1,54,1" doraHai="65" who="2" fromWho="1" sc="298,0,240,-23,202,33,250,0" /><INIT seed="1,0,0,4,4,93" ten="298,217,235,250" oya="1" hai0="90,38,81,133,24,108,128,68,91,52,26,98,71" hai1="131,17,44,20,110,119,70,25,63,106,16,3,92" hai2="129,85,21,130,54,35,116,124,72,132,50,31,78" hai3="74,53,80,76,27,99,94,66,59,47,118,36,9"/><U122/><E119/><V18/><F116/><W62/><G118/><T51/><D38/><U2/><E122/><V33/><F72/><W79/><G79/><T100/><D108/><U12/><E106/><V86/><F31/><W42/><G27/><T19/><D133/><U73/><E131/><N who="2" m="50187" /><F132/><W84/><G9/><T5/><D128/><U30/><E73/><V39/><F39/><W103/><REACH who="3" step="1"/><G74/><REACH who="3" ten="298,217,235,240" step="2"/><T134/><D24/><U89/><E110/><V58/><F124/><W8/><G8/><T7/><D26/><U55/><E30/><V123/><F123/><W87/><G87/><N who="2" m="33289" /><F78/><W64/><AGARI ba="0,1" hai="36,42,47,53,59,62,64,66,76,80,84,94,99,103" machi="64" ten="30,4000,0" yaku="1,1,0,1,52,1,53,0" doraHai="93" doraHaiUra="111" who="3" fromWho="3" sc="298,-10,217,-20,235,-10,240,50" /><INIT seed="2,0,0,2,2,130" ten="288,197,225,290" oya="2" hai0="78,50,93,63,106,12,83,75,34,128,131,127,95" hai1="11,85,110,94,89,135,45,111,103,88,37,31,44" hai2="122,108,52,48,66,33,64,41,5,47,97,51,30" hai3="53,70,116,87,13,7,59,21,26,68,81,67,113"/><V112/><F112/><W86/><G116/><T27/><D127/><U84/><E103/><V49/><F122/><W100/><G113/><T42/><D106/><U99/><E31/><V25/><F108/><N who="1" m="41513" /><E37/><V104/><F5/><W118/><G118/><T74/><D75/><U114/><E114/><V82/><F82/><W8/><G100/><T18/><D63/><U79/><E79/><V92/><F104/><W43/><G43/><T132/><D132/><U126/><E126/><V15/><F15/><W10/><G10/><T107/><D107/><U20/><E20/><V14/><F14/><W22/><G22/><T117/><D117/><U24/><E24/><V96/><F96/><W90/><G67/><T16/><D42/><U39/><E11/><V77/><F77/><W98/><G86/><N who="1" m="33386" /><E89/><V56/><F49/><W69/><G98/><T105/><D50/><U60/><E60/><V123/><F123/><W17/><G70/><T3/><D105/><U80/><E80/><V125/><F125/><W19/><G7/><T55/><D3/><U76/><E76/><V61/><F61/><AGARI ba="0,0" hai="8,13,17,19,21,26,53,59,61,68,69,81,87,90" machi="61" ten="30,1000,0" yaku="7,1" doraHai="130" who="3" fromWho="2" sc="288,0,197,0,225,-10,290,10" /><INIT seed="3,0,0,1,3,31" ten="288,197,215,300" oya="3" hai0="101,58,126,63,71,17,95,44,36,62,11,83,37" hai1="127,128,18,73,21,86,3,104,1,43,125,20,6" hai2="93,40,38,32,122,118,4,113,47,100,133,35,68" hai3="0,109,61,97,33,131,79,121,74,116,135,105,132"/><W15/><RYUUKYOKU type="yao9" ba="0,0" sc="288,0,197,0,215,0,300,0" hai3="0,15,33,61,74,79,97,105,109,116,121,131,132,135" /><INIT seed="3,1,0,2,2,102" ten="288,197,215,300" oya="3" hai0="27,125,65,129,70,40,39,53,14,105,106,117,19" hai1="83,73,57,46,61,96,18,86,16,36,38,84,12" hai2="34,111,130,11,4,64,25,77,5,56,112,82,95" hai3="60,42,67,79,51,114,59,41,21,103,15,0,98"/><W69/><G114/><T2/><D2/><U94/><E73/><V120/><F112/><W23/><G0/><T104/><D117/><U99/><E46/><V1/><F111/><W97/><G79/><T32/><D53/><N who="1" m="33967" /><E38/><V66/><F130/><W17/><G23/><T55/><D55/><U101/><E36/><V118/><F118/><W85/><G85/><N who="1" m="32874" /><E83/><V37/><F37/><W49/><G69/><T30/><D125/><U119/><E119/><V7/><F120/><W108/><G108/><T91/><D91/><N who="1" m="55391" /><E12/><V109/><F109/><W48/><REACH who="3" step="1"/><G97/><REACH who="3" ten="288,197,215,290" step="2"/><T81/><D70/><U22/><E22/><V9/><F1/><W29/><G29/><T90/><D129/><U107/><E107/><AGARI ba="1,1" hai="15,17,21,41,42,48,49,51,59,60,67,98,103,107" machi="107" ten="40,7700,0" yaku="1,1,52,1,53,1" doraHai="102" doraHaiUra="10" who="3" fromWho="1" sc="288,0,197,-80,215,0,290,90" owari="288,8.8,117,-38.3,215,-18.5,380,48.0" /></mjloggm>