<mjloggm ver="2.3"><GO type="225" lobby="0"/><UN n0="%E9%B3%B3%E6%9D%B1%E3%81%AE%E3%81%86%E3%81%95%E3%81%8E%E3%81%95%E3%82%93" n1="%72%65%6E%6B%75%6E" n2="%E5%91%A8%E6%9D%B1" n3="%E3%83%96%E3%83%83%E3%83%91%E3%82%AA%E3%83%96%E3%83%81%E3%82%AD%E3%83%B3" dan="17,17,17,16" rate="2192.58,2199.76,2154.93,2168.20" sx="M,M,M,M"/><TAIKYOKU oya="0"/><INIT seed="0,0,0,3,3,3" ten="250,250,250,250" oya="0" hai0="25,58,70,19,43,54,53,66,77,61,96,16,82" hai1="129,98,41,94,40,51,38,48,93,108,47,75,20" hai2="10,107,71,24,115,80,81,7,12,95,99,130,83" hai3="34,14,117,52,120,1,118,135,103,109,15,30,111"/><T60/><D43/><U84/><E75/><V106/><F115/><W9/><G135/><T49/><D96/><U18/><E108/><N who="3" m="41546" /><G120/><T113/><D113/><U26/><E129/><V17/><F130/><W90/><G103/><T37/><D37/><U21/><E38/><V127/><F127/><W85/><G34/><T67/><D25/><N who="1" m="14487" /><E84/><V123/><F123/><W119/><G30/><T4/><D4/><U63/><E63/><V91/><REACH who="2" step="1"/><F71/><REACH who="2" ten="250,250,240,250" step="2"/><W87/><G119/><T74/><REACH who="0" step="1"/><D53/><REACH who="0" ten="240,250,240,250" step="2"/><U69/><E69/><AGARI ba="0,2" hai="16,19,49,54,58,60,61,66,67,69,70,74,77,82" machi="69" ten="30,18000,2" yaku="1,1,2,1,7,1,9,1,54,1,53,2" doraHai="3" doraHaiUra="59" who="0" fromWho="1" sc="240,200,250,-180,240,0,250,0" /><INIT seed="0,1,0,1,4,94" ten="440,70,240,250" oya="0" hai0="52,33,3,96,63,62,130,128,120,34,119,32,77" hai1="76,39,133,17,43,95,99,132,16,90,85,19,56" hai2="124,44,66,100,78,0,129,88,9,49,23,72,13" hai3="35,108,61,65,8,51,67,30,60,37,121,74,71"/><T58/><D119/><U103/><E76/><V22/><F0/><W111/><G74/><T117/><D117/><U135/><E56/><V123/><F123/><W1/><G37/><T122/><D3/><U21/><E39/><V26/><F124/><W12/><G1/><T86/><D62/><U97/><E43/><V115/><F115/><W36/><G36/><T27/><D27/><U57/><E57/><V2/><F2/><W24/><G121/><T89/><D77/><U10/><E10/><V93/><F129/><N who="0" m="49770" /><D96/><U79/><E79/><V131/><F131/><W113/><G51/><T28/><D28/><U7/><E7/><V47/><F78/><W109/><G113/><T91/><D91/><U70/><E70/><V64/><F26/><W105/><G105/><T6/><D6/><U73/><E73/><V101/><F72/><W53/><G53/><T20/><D20/><U114/><E114/><V125/><F23/><W98/><G98/><N who="1" m="37386" /><E103/><V127/><F101/><W112/><G112/><T126/><D126/><U81/><E81/><AGARI ba="1,0" hai="32,33,34,52,58,63,81,86,89,120,122" m="49770" machi="81" ten="40,3900,0" yaku="19,1,54,1" doraHai="94" who="0" fromWho="1" sc="440,42,70,-42,240,0,250,0" /><INIT seed="0,2,0,5,2,104" ten="482,28,240,250" oya="0" hai0="82,14,77,110,111,131,91,39,71,18,55,84,12" hai1="125,129,4,132,75,51,86,34,19,121,64,58,42" hai2="116,93,126,102,48,11,49,124,57,32,135,65,101" hai3="103,5,46,1,76,85,45,107,119,37,28,130,10"/><T29/><D39/><U134/><E86/><V59/><F32/><W6/><G119/><T114/><D114/><U22/><E4/><V127/><F116/><W113/><G113/><T79/><D71/><U8/><E8/><V17/><F135/><W52/><G130/><T94/><D131/><U26/><E34/><V118/><F118/><W0/><G28/><T89/><D29/><U21/><E129/><V74/><F74/><W90/><G76/><N who="0" m="29259" /><D55/><U99/><E121/><V7/><F17/><W73/><G37/><T2/><D2/><U80/><E125/><V108/><F108/><N who="0" m="41514" /><D18/><U98/><E80/><V69/><F69/><W96/><G73/><T56/><D56/><N who="2" m="21578" /><F65/><W106/><G52/><T30/><D30/><U36/><E75/><V112/><F112/><W43/><G43/><T63/><D63/><N who="1" m="38007" /><E36/><V67/><F67/><W105/><G6/><T44/><D44/><N who="1" m="26007" /><E22/><V27/><F7/><W128/><G0/><T15/><D94/><U72/><E72/><V60/><F93/><W122/><G128/><T81/><D84/><U24/><E24/><V9/><F27/><W23/><G1/><T33/><D33/><U61/><E61/><V66/><F60/><W20/><G5/><T3/><D3/><U88/><E88/><AGARI ba="2,0" hai="12,14,15,81,82,88,89,91" m="41514,29259" machi="88" ten="40,12000,1" yaku="28,2,14,1,10,1,54,1" doraHai="104" who="0" fromWho="1" sc="482,126,28,-126,240,0,250,0" owari="608,70.8,-98,-59.8,240,-16.0,250,5.0" /></mjloggm>