<mjloggm ver="2.3"><GO type="225" lobby="0"/><UN n0="%E3%81%AF%E3%82%88%E3%81%8A%E3%81%98%E3%81%95%E3%82%93" n1="%E7%B4%94%E6%BD%94%E3%83%94%E3%83%A9%E3%83%8B%E3%82%A2" n2="%72%61%6B%33" n3="%E6%A1%9C%E8%8A%B1%E9%96%83%E3%80%85" dan="16,16,16,16" rate="2157.27,2140.98,2098.71,2205.44" sx="M,M,M,M"/><TAIKYOKU oya="0"/><INIT seed="0,0,0,3,5,131" ten="250,250,250,250" oya="0" hai0="73,19,86,81,13,7,125,71,119,104,101,40,59" hai1="8,56,49,4,87,75,31,102,121,33,38,35,70" hai2="117,84,111,5,2,10,135,3,9,24,67,82,18" hai3="62,115,69,57,53,46,116,37,128,25,85,45,103"/><T0/><D71/><U106/><E75/><V66/><F111/><W52/><G115/><T17/><D119/><U89/><E38/><V20/><F117/><W21/><G116/><T122/><D122/><U112/><E31/><V63/><F135/><W54/><G128/><T34/><D34/><U43/><E70/><V130/><F130/><W109/><G109/><T58/><D73/><U16/><E16/><N who="0" m="6217" /><D104/><U27/><E27/><V11/><F5/><W55/><G103/><T100/><D0/><U95/><E121/><V60/><F3/><W79/><G69/><T65/><D125/><U68/><E68/><V50/><F50/><W29/><REACH who="3" step="1"/><G37/><REACH who="3" ten="250,250,250,240" step="2"/><T129/><D129/><U105/><E102/><N who="0" m="39529" /><D65/><N who="2" m="24586" /><F2/><W47/><G47/><T77/><D40/><U134/><E43/><V96/><F96/><W80/><AGARI ba="0,1" hai="21,25,29,45,46,52,53,54,55,57,62,79,80,85" machi="80" ten="30,8000,1" yaku="1,1,0,1,8,1,54,1,53,1" doraHai="131" doraHaiUra="76" who="3" fromWho="3" sc="250,-40,250,-20,250,-20,240,90" /><INIT seed="1,0,0,1,0,31" ten="210,230,230,330" oya="1" hai0="48,82,87,52,133,100,77,45,35,103,11,44,0" hai1="104,47,23,108,46,24,93,57,107,19,36,6,37" hai2="56,94,62,101,20,85,58,89,71,55,99,80,88" hai3="22,66,92,110,9,130,98,60,67,14,122,53,84"/><U5/><E108/><V127/><F127/><W73/><G122/><T96/><D133/><U10/><E57/><V111/><F111/><W61/><G73/><T131/><D131/><U13/><E5/><V64/><F20/><W30/><G110/><T16/><D35/><U81/><E93/><V102/><REACH who="2" step="1"/><F71/><REACH who="2" ten="210,230,220,330" step="2"/><W78/><G22/><T83/><D0/><U28/><E37/><V72/><F72/><W79/><G130/><T118/><D118/><U135/><E135/><V39/><F39/><W106/><G30/><T34/><D34/><U54/><E36/><V114/><F114/><W74/><G74/><T91/><D45/><U119/><E119/><V4/><F4/><W116/><G116/><T7/><D7/><U134/><E134/><V129/><F129/><W49/><G9/><T33/><D33/><U70/><E70/><V29/><F29/><W105/><G67/><T50/><D50/><AGARI ba="0,1" hai="50,55,56,58,62,64,80,85,88,89,94,99,101,102" machi="50" ten="30,7700,0" yaku="1,1,7,1,8,1,54,1,53,0" doraHai="31" doraHaiUra="38" who="2" fromWho="0" sc="210,-77,230,0,220,87,330,0" /><INIT seed="2,0,0,0,5,48" ten="133,230,307,330" oya="2" hai0="119,23,90,46,38,3,35,31,131,83,50,73,129" hai1="40,113,66,10,80,97,44,42,84,8,93,107,36" hai2="0,134,112,67,120,25,37,114,126,56,111,29,108" hai3="103,91,22,69,30,124,60,2,104,34,106,94,51"/><V32/><F37/><W74/><G2/><T101/><D38/><U45/><E107/><V21/><F67/><N who="3" m="41191" /><G22/><T18/><D3/><U15/><E66/><V47/><F47/><W128/><G51/><T5/><D5/><U59/><E59/><V122/><F56/><W88/><G74/><T53/><D119/><U43/><E113/><N who="2" m="43627" /><F126/><W105/><G91/><T28/><D101/><N who="1" m="60591" /><E36/><V100/><F100/><W12/><G12/><T55/><D35/><U9/><E15/><V89/><F89/><AGARI ba="0,0" hai="8,9,10,40,42,43,44,45,80,84,89" m="60591" machi="89" ten="30,1000,0" yaku="8,1" doraHai="48" who="1" fromWho="2" sc="133,0,230,10,307,-10,330,0" /><INIT seed="3,0,0,5,5,86" ten="133,240,297,330" oya="3" hai0="66,4,12,80,99,62,97,75,124,2,91,32,82" hai1="46,104,67,85,55,135,16,128,7,58,61,120,123" hai2="119,133,40,38,51,81,8,50,56,41,47,125,72" hai3="39,13,34,9,30,71,110,100,117,130,131,23,112"/><W126/><G112/><T15/><D124/><U95/><E104/><V129/><F119/><W73/><G117/><T69/><D32/><U116/><E128/><N who="3" m="49194" /><G110/><T27/><D2/><U59/><E7/><V63/><F129/><W76/><G71/><T35/><D75/><U114/><E114/><V108/><F108/><W36/><G23/><T79/><D79/><U22/><E46/><V28/><F125/><W33/><G100/><T45/><D45/><U88/><E135/><V118/><F133/><W106/><G106/><T19/><D4/><U78/><E78/><V29/><F118/><W53/><G53/><T10/><D15/><N who="1" m="9503" /><E116/><V105/><F105/><W132/><G132/><T103/><D103/><U87/><E87/><V14/><F72/><W111/><G111/><T115/><D115/><U109/><E109/><V5/><F38/><N who="3" m="14379" /><G30/><T127/><D127/><U3/><E3/><V42/><F42/><W24/><G24/><T1/><D1/><U25/><E25/><V49/><F41/><W89/><G126/><T43/><D43/><U134/><E134/><V101/><F40/><W17/><G76/><T70/><D69/><U122/><E122/><V52/><F47/><W20/><G73/><T68/><D70/><U6/><E6/><V64/><F5/><W113/><G113/><T37/><D37/><U44/><E44/><V93/><F28/><W65/><G33/><T102/><D102/><U48/><AGARI ba="0,0" hai="48,55,58,59,61,67,85,88,95,120,123" m="9503" machi="48" ten="30,7900,0" yaku="25,1,52,1,54,2" doraHai="86" who="1" fromWho="1" sc="133,-20,240,79,297,-20,330,-39" owari="113,-38.7,319,41.9,277,-12.3,291,9.1" /></mjloggm>