<mjloggm ver="2.3"><GO type="225" lobby="0"/><UN n0="%72%61%6B%33" n1="%33%74%72%65%65" n2="%E3%81%BF%E3%81%BF%E3%81%9A" n3="%E6%98%93%E5%88%A9%E8%96%A9%E4%BC%AF" dan="16,17,17,17" rate="2095.17,2149.05,2189.06,2194.31" sx="M,M,M,F"/><TAIKYOKU oya="0"/><INIT seed="0,0,0,1,3,10" ten="250,250,250,250" oya="0" hai0="26,53,3,63,126,121,68,100,129,13,128,20,42" hai1="130,59,39,76,101,36,97,74,96,109,30,46,4" hai2="37,51,114,117,88,84,113,116,91,14,49,125,80" hai3="110,35,21,122,23,8,127,62,31,69,24,43,66"/><T40/><D121/><U79/><E109/><V0/><F0/><W94/><G110/><T78/><D3/><U103/><E130/><N who="0" m="50281" /><D126/><U50/><E30/><V61/><F37/><W15/><G122/><T81/><D100/><U119/><E119/><N who="2" m="45643" /><F125/><W29/><G127/><T2/><D2/><U47/><E59/><V34/><F34/><W99/><G43/><T57/><D68/><U27/><E27/><V22/><F61/><W16/><REACH who="3" step="1"/><G31/><REACH who="3" ten="250,250,250,240" step="2"/><N who="0" m="17863" /><D13/><U32/><E39/><V38/><F38/><W67/><G67/><T73/><AGARI ba="0,1" hai="40,42,53,57,63,73,78,81" m="17863,50281" machi="73" ten="30,1500,0" yaku="19,1" doraHai="10" who="0" fromWho="0" sc="250,25,250,-5,250,-5,240,-5" /><INIT seed="0,1,0,4,0,50" ten="275,245,245,235" oya="0" hai0="91,41,14,133,32,88,33,35,95,44,1,7,30" hai1="34,18,108,2,62,65,93,73,23,47,60,55,13" hai2="43,104,109,115,29,21,77,100,57,22,111,15,110" hai3="124,132,128,98,120,11,117,131,94,56,135,12,106"/><T101/><D1/><U53/><E108/><V6/><F115/><W96/><G117/><T116/><D116/><U8/><E73/><V130/><F130/><N who="3" m="49707" /><G12/><T49/><D133/><N who="3" m="51273" /><G11/><T64/><D64/><U112/><E112/><V20/><F77/><W38/><G38/><T66/><D66/><U51/><E34/><V68/><F68/><W89/><G56/><T114/><D114/><U113/><E113/><V125/><F43/><W122/><G124/><T121/><D121/><N who="3" m="46697" /><G106/><T27/><D14/><U107/><E107/><V97/><F125/><W123/><N who="3" m="46705" /><W45/><DORA hai="40" /><G45/><T46/><D46/><U85/><E65/><V54/><F29/><W69/><G69/><T9/><D9/><U86/><E55/><V70/><F70/><W25/><G25/><T3/><D3/><U39/><E39/><V78/><F6/><W52/><G52/><T105/><D7/><U72/><E2/><V19/><REACH who="2" step="1"/><F78/><REACH who="2" ten="275,245,235,235" step="2"/><W5/><G5/><T119/><D119/><U83/><E62/><AGARI ba="1,1" hai="15,19,20,21,22,54,57,62,97,100,104,109,110,111" machi="62" ten="40,8000,1" yaku="1,1,2,1,14,1,52,1,53,0" doraHai="50,40" doraHaiUra="61,79" who="2" fromWho="1" sc="275,0,245,-83,235,93,235,0" /><INIT seed="1,0,0,4,2,26" ten="275,162,328,235" oya="1" hai0="63,67,57,65,4,109,11,133,97,86,125,117,14" hai1="27,106,9,121,94,43,37,13,2,17,6,60,1" hai2="87,123,83,31,61,33,15,3,90,122,35,78,118" hai3="0,91,120,104,135,16,132,49,25,119,36,69,54"/><U102/><E121/><V46/><F3/><W84/><G120/><T29/><D117/><U30/><E106/><V72/><F118/><W93/><G36/><T131/><D109/><U79/><E79/><V95/><F15/><W126/><G119/><T100/><D125/><U8/><E60/><V111/><F111/><W32/><G0/><T108/><D108/><U47/><E1/><V59/><F35/><W82/><G69/><T112/><D112/><U115/><E115/><V38/><F46/><W81/><G104/><T5/><D131/><U7/><E7/><V10/><F38/><W66/><G66/><T42/><D133/><N who="3" m="51273" /><G126/><T89/><D42/><U70/><E70/><V23/><F33/><W96/><G96/><T113/><D113/><U114/><E114/><V85/><F10/><W50/><G50/><T116/><D116/><U130/><E130/><V40/><F40/><W51/><G51/><T134/><D134/><U22/><REACH who="1" step="1"/><E94/><REACH who="1" ten="275,152,328,235" step="2"/><V56/><F123/><W45/><G32/><T24/><D5/><U12/><E12/><V88/><F122/><W55/><G93/><T74/><D14/><U77/><E77/><V41/><F61/><W58/><G82/><T98/><D63/><U21/><E21/><V127/><F127/><W80/><G81/><T39/><D4/><U110/><E110/><V20/><F20/><N who="3" m="13447" /><G55/><T75/><D65/><U52/><E52/><V103/><F78/><W92/><G80/><T99/><D67/><U128/><E128/><V44/><F72/><W71/><G71/><T34/><D34/><U124/><E124/><V48/><F95/><RYUUKYOKU ba="0,1" sc="275,-15,152,15,328,-15,235,15" hai1="2,6,8,9,13,17,22,27,30,37,43,47,102" hai3="45,49,54,58,84,91,92" /><INIT seed="1,1,1,3,2,48" ten="260,167,313,250" oya="1" hai0="32,131,29,134,112,0,20,44,65,100,16,7,87" hai1="96,11,59,10,92,58,42,41,118,26,102,83,79" hai2="106,50,111,31,132,6,120,86,110,43,103,70,37" hai3="82,3,38,55,21,22,19,64,5,8,122,1,127"/><U74/><E118/><V60/><F120/><W125/><G38/><T95/><D112/><U49/><E26/><V57/><F132/><W90/><G64/><T99/><D134/><U54/><REACH who="1" step="1"/><E59/><REACH who="1" ten="260,157,313,250" step="2"/><V130/><F57/><W52/><G122/><T98/><D131/><U75/><E75/><V69/><F130/><W76/><G3/><T71/><D0/><U116/><E116/><V135/><F69/><W117/><G117/><T47/><D71/><U104/><E104/><V133/><F70/><W56/><G56/><T119/><D119/><U36/><E36/><V9/><F37/><W4/><G4/><T30/><D7/><U107/><E107/><V2/><F135/><W94/><G127/><T124/><D124/><U15/><E15/><V126/><F133/><W35/><G125/><T14/><D14/><U108/><E108/><V73/><F126/><W78/><G35/><T129/><D32/><U12/><E12/><V18/><F73/><W40/><G1/><T85/><D129/><U72/><E72/><V66/><F111/><W101/><G5/><T33/><D33/><U24/><E24/><V63/><F110/><W46/><G8/><AGARI ba="1,2" hai="8,10,11,41,42,49,54,58,74,79,83,92,96,102" machi="8" ten="40,3900,0" yaku="1,1,52,1,53,0" doraHai="48" doraHaiUra="121" who="1" fromWho="3" sc="260,0,157,62,313,0,250,-42" /><INIT seed="1,2,0,3,0,23" ten="260,219,313,208" oya="1" hai0="100,68,93,81,120,30,21,48,102,43,112,67,60" hai1="73,92,82,74,96,45,118,129,98,41,106,36,10" hai2="7,52,31,11,3,65,70,1,42,90,5,83,54" hai3="121,85,77,114,24,25,35,9,104,131,80,12,13"/><U130/><E118/><V39/><F31/><W78/><G114/><T22/><D112/><U40/><E40/><V103/><F103/><W127/><G121/><T44/><D120/><U18/><E106/><V132/><F132/><W128/><G104/><T50/><D81/><U64/><E64/><V61/><F42/><W63/><G127/><T46/><D93/><U26/><E96/><V89/><F39/><W14/><G9/><T71/><D71/><U99/><E99/><V32/><F32/><W75/><G35/><T34/><D34/><U97/><E97/><V125/><F125/><W8/><G8/><T119/><D119/><U66/><E66/><V110/><F110/><W107/><G107/><T53/><D21/><N who="1" m="13623" /><E82/><V62/><F11/><W57/><G75/><T101/><D101/><N who="1" m="60615" /><E10/><V51/><F65/><N who="3" m="39151" /><G78/><T37/><D37/><U87/><E87/><V88/><F83/><W105/><G105/><T111/><D111/><U135/><E135/><V2/><F70/><W59/><G59/><T20/><D30/><U15/><E74/><V4/><F51/><W47/><G47/><T6/><D102/><U113/><E73/><V133/><F133/><W126/><G126/><T91/><D100/><U17/><E113/><V28/><F28/><W49/><G49/><T58/><D68/><U56/><E56/><V29/><F29/><W94/><G94/><T122/><D122/><U84/><E84/><V69/><F69/><W123/><G123/><T79/><D44/><U72/><E72/><V95/><F95/><W117/><G117/><T0/><D58/><U108/><E108/><RYUUKYOKU ba="2,0" sc="260,-30,219,10,313,10,208,10" hai1="15,17,36,41,45,129,130" hai2="1,2,3,4,5,7,52,54,61,62,88,89,90" hai3="12,13,14,24,25,77,80,85,128,131" /><INIT seed="1,3,0,0,1,127" ten="230,229,323,218" oya="1" hai0="2,84,35,75,25,7,43,89,80,10,88,82,52" hai1="120,40,56,42,96,131,32,37,72,27,70,124,57" hai2="118,121,59,113,49,34,108,63,105,48,112,9,44" hai3="22,97,5,1,8,109,115,130,51,15,106,81,76"/><U101/><E120/><V100/><F118/><W14/><G115/><N who="2" m="44105" /><F108/><W77/><G109/><T45/><D35/><U133/><E70/><V6/><F121/><W98/><G77/><T55/><D25/><U61/><E72/><V28/><F100/><W79/><G79/><N who="0" m="44159" /><D89/><U122/><E133/><V58/><F105/><W83/><G83/><T16/><D16/><U23/><E32/><V102/><F102/><W53/><G106/><T67/><D67/><U110/><E124/><V132/><F132/><W123/><G123/><T135/><D135/><U74/><E74/><V38/><F38/><AGARI ba="3,0" hai="2,7,10,38,43,45,52,55,82,84,88" m="44159" machi="38" ten="30,3900,0" yaku="25,1,54,2" doraHai="127" who="0" fromWho="2" sc="230,48,229,0,323,-48,218,0" /><INIT seed="2,0,0,1,3,5" ten="278,229,275,218" oya="2" hai0="80,21,8,22,99,70,108,14,20,7,85,87,113" hai1="102,48,98,16,91,13,78,97,73,49,39,128,88" hai2="50,132,23,105,127,33,52,65,43,94,19,63,79" hai3="31,72,6,37,107,77,133,56,41,24,90,82,53"/><V55/><F105/><W64/><G107/><T57/><D113/><U28/><E39/><V27/><F132/><W62/><G133/><T45/><D70/><U46/><E128/><V58/><F127/><W130/><G130/><T66/><D108/><U86/><E28/><V54/><F33/><W81/><G90/><N who="1" m="34346" /><E73/><V71/><F94/><W17/><G82/><T42/><D99/><N who="1" m="37899" /><E102/><V76/><F71/><W1/><G17/><T75/><D75/><U47/><E78/><V38/><F38/><W10/><G53/><T117/><D117/><U96/><N who="1" m="37907" /><U124/><DORA hai="122" /><E86/><V109/><REACH who="2" step="1"/><F109/><REACH who="2" ten="278,229,265,218" step="2"/><W83/><G83/><T106/><D80/><U111/><E111/><V121/><F121/><W104/><G104/><T59/><D106/><U112/><E124/><V32/><F32/><W95/><G95/><T116/><D116/><U29/><E112/><V0/><F0/><W60/><G37/><T93/><D93/><U119/><E119/><V4/><F4/><W34/><REACH who="3" step="1"/><G60/><REACH who="3" ten="278,229,265,208" step="2"/><T36/><D36/><U44/><E29/><V61/><F61/><W9/><G9/><AGARI ba="0,2" hai="9,13,16,44,46,47,48,49" m="37907,34346" machi="9" ten="40,8000,1" yaku="8,1,52,1,54,2" doraHai="5,122" who="1" fromWho="3" sc="278,0,229,100,265,0,208,-80" /><INIT seed="3,0,0,1,1,62" ten="278,329,265,128" oya="3" hai0="26,28,96,73,68,46,63,93,80,120,117,15,59" hai1="6,110,74,94,90,122,27,118,56,130,108,107,60" hai2="106,95,33,83,4,109,37,88,123,133,105,55,72" hai3="82,24,23,134,125,91,40,127,3,34,9,31,75"/><W19/><G40/><T121/><D117/><U85/><E122/><V78/><F33/><W124/><G134/><T49/><D68/><U102/><E130/><V87/><F37/><W70/><G70/><T22/><D15/><U104/><E118/><V13/><F109/><N who="1" m="42089" /><E74/><V119/><F119/><W79/><G91/><T116/><D116/><U42/><E6/><V92/><F123/><W32/><REACH who="3" step="1"/><G19/><REACH who="3" ten="278,329,265,118" step="2"/><T36/><D121/><U54/><E42/><V25/><F133/><W99/><G99/><T112/><D120/><U2/><E102/><V53/><F88/><W45/><G45/><T48/><D46/><U97/><E97/><V132/><F132/><W29/><G29/><T5/><D96/><U17/><E17/><V84/><F78/><W52/><G52/><T47/><D47/><U12/><E54/><V18/><F53/><W100/><G100/><T111/><D28/><U135/><E90/><V66/><F55/><W126/><N who="3" m="31744" /><DORA hai="43" /><W41/><G41/><T115/><D111/><U11/><E135/><V65/><F18/><W16/><G16/><T20/><D59/><U67/><E56/><V76/><F76/><W71/><G71/><T1/><D63/><U114/><E60/><V35/><F25/><W51/><G51/><T50/><D48/><U86/><E27/><V98/><F98/><W64/><G64/><T81/><D49/><U77/><E67/><V0/><F65/><W57/><G57/><T61/><D50/><U58/><E58/><V113/><F66/><W69/><G69/><T128/><D61/><U14/><E77/><V38/><F38/><RYUUKYOKU ba="0,1" sc="278,-10,329,-10,265,-10,118,30" hai3="3,9,23,24,31,32,34,75,79,82" /><INIT seed="3,1,1,5,0,69" ten="268,319,255,148" oya="3" hai0="22,130,86,14,122,15,7,87,121,120,72,79,73" hai1="74,50,27,108,5,13,28,94,4,119,132,101,129" hai2="131,67,1,52,42,115,128,6,60,85,35,25,133" hai3="54,114,58,78,56,77,19,104,18,61,124,134,70"/><W20/><G114/><T112/><D7/><U16/><E74/><N who="0" m="28777" /><D22/><U10/><E132/><V9/><F115/><W17/><G134/><T11/><D112/><U31/><E129/><N who="2" m="49739" /><F133/><W100/><G124/><T117/><D130/><U99/><E119/><V106/><F106/><W95/><G104/><T91/><D11/><U96/><E108/><V113/><F113/><W76/><G70/><T45/><D45/><U111/><E111/><V57/><F42/><W107/><G107/><T98/><D14/><U105/><E50/><V89/><F25/><W0/><G0/><T83/><D15/><U126/><E126/><V63/><F35/><W33/><G33/><T75/><D117/><U135/><E31/><V90/><F85/><W103/><G20/><T36/><D36/><U23/><E135/><V51/><F60/><W47/><G47/><AGARI ba="1,1" hai="1,6,9,47,51,52,57,63,67,89,90" m="49739" machi="47" ten="30,2000,0" yaku="19,1,54,1" doraHai="69" who="2" fromWho="3" sc="268,0,319,0,255,33,148,-23" owari="268,-13.2,319,41.9,288,8.8,125,-37.5" /></mjloggm>