<mjloggm ver="2.3"><GO type="225" lobby="0"/><UN n0="%72%61%6B%33" n1="%E6%81%A5%E6%99%92%E3%81%97" n2="%73%68%75%6D%70" n3="%E6%A1%9C%E8%8A%B1%E9%96%83%E3%80%85" dan="16,16,16,16" rate="2088.72,2084.01,2119.99,2163.16" sx="M,M,M,M"/><TAIKYOKU oya="0"/><INIT seed="0,0,0,3,1,69" ten="250,250,250,250" oya="0" hai0="19,101,80,74,110,123,61,133,94,100,37,2,43" hai1="111,87,5,41,78,75,68,96,118,16,130,53,31" hai2="4,18,35,12,124,58,135,55,48,127,128,27,59" hai3="42,95,29,50,79,81,44,116,1,106,91,98,9"/><T64/><D123/><U33/><E118/><V63/><F135/><W117/><G29/><T129/><D133/><U126/><E68/><V82/><F128/><W120/><G120/><T114/><D114/><U3/><E130/><V71/><F71/><W56/><G106/><T85/><D129/><U122/><E122/><V66/><F4/><W104/><G104/><T34/><D34/><U107/><E111/><V72/><F72/><W36/><G56/><T47/><D110/><U45/><E126/><V10/><F82/><W11/><G50/><T62/><D2/><U102/><E53/><V84/><F84/><W65/><G65/><T67/><D74/><U32/><E31/><V105/><F105/><W60/><G60/><T17/><D62/><U125/><E125/><N who="2" m="48203" /><F27/><W108/><G108/><T134/><D134/><U73/><E87/><V15/><F15/><W13/><G1/><T103/><D94/><U26/><E16/><N who="2" m="8215" /><F35/><N who="1" m="13385" /><E26/><V7/><F7/><W39/><G9/><T119/><D119/><U93/><E78/><V92/><F92/><W88/><G91/><T89/><REACH who="0" step="1"/><D64/><REACH who="0" ten="240,250,250,250" step="2"/><U22/><E93/><V23/><F66/><W115/><G115/><T8/><D8/><N who="1" m="2111" /><E22/><V0/><F63/><W25/><G117/><T38/><D38/><AGARI ba="0,1" hai="38,41,45,73,75,96,102,107" m="2111,13385" machi="38" ten="30,3900,0" yaku="33,2,52,1" doraHai="69" who="1" fromWho="0" sc="240,-39,250,49,250,0,250,0" /><INIT seed="1,0,0,0,1,52" ten="201,299,250,250" oya="1" hai0="91,37,127,82,94,68,96,57,65,49,86,67,58" hai1="101,64,92,102,55,89,114,2,106,98,100,14,109" hai2="113,53,115,124,44,123,13,132,131,95,31,33,108" hai3="78,43,39,73,9,62,107,69,130,50,97,87,5"/><U81/><E2/><V38/><F13/><W24/><G87/><T72/><D37/><U104/><E64/><V88/><F123/><W99/><G50/><T112/><D112/><N who="2" m="43082" /><F108/><W61/><G24/><T7/><D127/><U29/><E114/><V116/><F116/><W129/><G78/><T76/><D68/><U23/><E109/><V48/><F124/><W111/><G73/><T59/><D7/><U126/><E126/><V75/><F75/><W128/><G111/><T74/><D74/><U93/><E81/><V110/><F110/><W19/><G19/><T35/><D35/><U80/><E80/><V71/><F131/><W36/><G43/><T103/><REACH who="0" step="1"/><D49/><REACH who="0" ten="191,299,250,250" step="2"/><U85/><E106/><AGARI ba="0,1" hai="57,58,59,65,67,72,76,82,86,91,94,96,103,106" machi="106" ten="40,12000,2" yaku="1,1,2,1,24,2,52,3,53,0" doraHai="52" doraHaiUra="10" who="0" fromWho="1" sc="191,130,299,-120,250,0,250,0" /><INIT seed="2,0,0,3,4,29" ten="321,179,250,250" oya="2" hai0="4,122,92,87,107,64,11,61,101,123,23,120,55" hai1="60,30,114,83,135,99,54,112,130,104,113,48,38" hai2="72,6,77,52,21,28,94,89,103,35,76,128,15" hai3="97,13,50,106,108,75,91,45,12,110,109,43,22"/><V18/><F128/><W96/><G75/><T132/><D132/><U65/><E38/><V39/><F39/><W57/><G57/><T78/><D23/><U9/><E9/><V62/><F103/><N who="3" m="62823" /><G22/><T80/><D55/><U58/><E135/><V79/><F72/><W25/><G25/><T119/><D119/><U32/><E130/><V0/><F0/><W36/><G36/><T34/><D107/><U133/><E133/><V95/><F6/><W53/><G53/><T26/><D92/><AGARI ba="0,0" hai="12,13,43,45,50,91,92,97,108,109,110" m="62823" machi="92" ten="30,1000,0" yaku="14,1" doraHai="29" who="3" fromWho="0" sc="321,-10,179,0,250,0,250,10" /><INIT seed="3,0,0,3,0,4" ten="311,179,250,260" oya="3" hai0="10,13,132,76,45,58,30,1,61,48,99,96,62" hai1="20,23,74,6,81,43,109,118,79,103,51,71,52" hai2="32,82,130,8,53,0,42,108,3,104,67,47,31" hai3="36,59,111,102,69,97,85,106,110,90,29,46,7"/><W40/><G69/><T115/><D1/><U128/><E109/><N who="3" m="41482" /><G29/><T133/><D115/><U2/><E128/><V92/><F104/><W126/><G126/><T17/><D76/><U95/><E71/><V120/><F108/><W68/><G68/><T98/><D30/><U11/><E118/><V113/><F67/><W119/><G119/><T55/><REACH who="0" step="1"/><D61/><REACH who="0" ten="301,179,250,260" step="2"/><U112/><E112/><V100/><F113/><W56/><G7/><T25/><D25/><U123/><E123/><V5/><F120/><W12/><G12/><T93/><D93/><AGARI ba="0,1" hai="36,40,46,56,59,85,90,93,97,102,106" m="41482" machi="93" ten="30,2900,0" yaku="14,1,10,1" doraHai="4" who="3" fromWho="0" sc="301,-29,179,0,250,0,260,39" /><INIT seed="3,1,0,1,2,4" ten="272,179,250,299" oya="3" hai0="116,21,55,18,70,74,2,24,99,100,45,40,117" hai1="81,120,72,105,8,47,1,66,113,64,50,127,63" hai2="134,110,5,91,32,107,38,112,61,13,135,27,3" hai3="86,119,132,42,124,121,87,111,128,84,106,22,68"/><W29/><G119/><T97/><D74/><U92/><E120/><V115/><F38/><W89/><G121/><T78/><D78/><U23/><E113/><N who="2" m="43595" /><F107/><W28/><G68/><T25/><D70/><U59/><E105/><V43/><F43/><W56/><G128/><T109/><D109/><U67/><E127/><V10/><F91/><W54/><G132/><N who="2" m="50729" /><F61/><W77/><G106/><T48/><D2/><U6/><E92/><V44/><F44/><W30/><G124/><T9/><D9/><U12/><E72/><V76/><F76/><W60/><G111/><T104/><D99/><U69/><E81/><V75/><F75/><W133/><G133/><T83/><D83/><U52/><REACH who="1" step="1"/><E69/><REACH who="1" ten="272,169,250,299" step="2"/><V33/><F110/><W53/><G77/><T71/><D71/><U7/><E7/><V123/><F123/><W0/><G86/><T131/><D117/><U19/><AGARI ba="1,1" hai="1,6,8,12,19,23,47,50,52,59,63,64,66,67" machi="19" ten="30,7900,0" yaku="1,1,0,1,52,1,54,1,53,0" doraHai="4" doraHaiUra="79" who="1" fromWho="1" sc="272,-21,169,92,250,-21,299,-40" /><INIT seed="4,0,0,2,0,71" ten="251,261,229,259" oya="0" hai0="134,65,68,12,0,70,89,47,129,16,78,26,103" hai1="10,119,22,35,128,115,110,57,42,51,94,124,34" hai2="39,33,81,15,7,27,18,52,133,37,75,25,72" hai3="40,121,1,9,44,58,53,62,79,135,76,8,93"/><T28/><D0/><U17/><E119/><V96/><F7/><W99/><G135/><T41/><D134/><U56/><E110/><V23/><F133/><W54/><G54/><T45/><D129/><U73/><E73/><V66/><F66/><W30/><G30/><T98/><D89/><U69/><E69/><V132/><F132/><W101/><G121/><T29/><D78/><U90/><E128/><V50/><F96/><W117/><G117/><T64/><D70/><U112/><E10/><N who="3" m="4202" /><G1/><T108/><D108/><U2/><E2/><V114/><F114/><W126/><G126/><T46/><D68/><U123/><E124/><V13/><F13/><W106/><G106/><T59/><D41/><U5/><E5/><V107/><F107/><W85/><G85/><T80/><D80/><U19/><E123/><V88/><F75/><W67/><G40/><T122/><D122/><U77/><E35/><V104/><F104/><W4/><G4/><T118/><D118/><U38/><E34/><V3/><F3/><W116/><G116/><T11/><D59/><U113/><E57/><V20/><F33/><W63/><G63/><T111/><D111/><U14/><E19/><V61/><F61/><W55/><G67/><N who="0" m="25675" /><D26/><U32/><E32/><V31/><F27/><W84/><G84/><T43/><D43/><U36/><E42/><V87/><F72/><W49/><AGARI ba="0,0" hai="44,49,53,55,58,62,76,79,93,99,101" m="4202" machi="49" ten="30,1100,0" yaku="8,1" doraHai="71" who="3" fromWho="3" sc="251,-5,261,-3,229,-3,259,11" /><INIT seed="5,0,0,2,0,118" ten="246,258,226,270" oya="1" hai0="35,61,37,18,53,6,10,14,0,100,69,126,46" hai1="70,66,30,11,86,32,102,113,91,130,26,12,25" hai2="31,81,62,132,80,67,78,59,79,110,92,96,40" hai3="129,125,23,117,77,64,39,19,27,3,36,99,105"/><U43/><E113/><V44/><F132/><W73/><G117/><T103/><D126/><U58/><E130/><V135/><F135/><W128/><G3/><T28/><D69/><U74/><E74/><V94/><F110/><W89/><G64/><T5/><D5/><U87/><E70/><V106/><F31/><W54/><G54/><T2/><D2/><U45/><E102/><V47/><F106/><W71/><G71/><T122/><D122/><U109/><E109/><V50/><F47/><W55/><G55/><T84/><D84/><U120/><E26/><V56/><F59/><W33/><G33/><T68/><D37/><U52/><E66/><V104/><F104/><W60/><G60/><T63/><D63/><U51/><E91/><V111/><F111/><W88/><G125/><T48/><D61/><U123/><E86/><V116/><F116/><W75/><G89/><T90/><D90/><U107/><E87/><V57/><F57/><W4/><G4/><T119/><D68/><U21/><E107/><V72/><REACH who="2" step="1"/><F96/><REACH who="2" ten="246,258,216,270" step="2"/><W49/><G105/><T131/><D119/><U115/><E58/><V17/><F17/><W29/><G19/><T134/><D134/><U8/><E45/><V38/><F38/><W97/><G97/><T20/><D131/><U76/><E30/><V1/><F1/><W9/><G128/><T15/><D0/><U133/><E133/><V82/><F82/><W83/><G129/><T34/><D28/><U13/><E32/><N who="0" m="12329" /><D18/><U7/><E7/><V22/><F22/><N who="3" m="15607" /><G39/><T41/><D41/><U121/><E43/><V16/><F16/><RYUUKYOKU ba="0,1" sc="246,15,258,-15,216,15,270,-15" hai0="6,10,14,15,20,46,48,53,100,103" hai2="40,44,50,56,62,67,72,78,79,80,81,92,94" /><INIT seed="6,1,1,0,1,12" ten="261,243,231,255" oya="2" hai0="67,126,41,57,81,116,115,93,89,92,72,15,88" hai1="5,9,55,22,37,76,48,19,23,112,16,114,122" hai2="53,87,80,47,120,61,113,82,117,32,85,118,90" hai3="24,127,129,2,42,64,121,6,8,134,58,75,130"/><V62/><F120/><W123/><G75/><T91/><D115/><N who="1" m="44075" /><E37/><V77/><F113/><W49/><G127/><T30/><D126/><U40/><E40/><V128/><F32/><W110/><G110/><T107/><D107/><U51/><E76/><V69/><F128/><N who="3" m="49259" /><G134/><T84/><D116/><U18/><E122/><N who="3" m="46602" /><G24/><T28/><D41/><U39/><E39/><V103/><F103/><W4/><G4/><T63/><D72/><U35/><E35/><V68/><F47/><N who="3" m="25847" /><G58/><T106/><D106/><U102/><E102/><V73/><F73/><W0/><G64/><T11/><D92/><U133/><E133/><V38/><F38/><W46/><G46/><T66/><D66/><U29/><E29/><N who="0" m="11369" /><D93/><U70/><E70/><V131/><F131/><W108/><G108/><T17/><AGARI ba="1,1" hai="11,15,17,57,63,67,81,84,88,89,91" m="11369" machi="17" ten="30,4000,0" yaku="8,1,52,1,54,1" doraHai="12" who="0" fromWho="0" sc="261,53,243,-11,231,-21,255,-11" owari="314,41.4,232,-16.8,210,-29.0,244,4.4" /></mjloggm>