<mjloggm ver="2.3"><GO type="225" lobby="0"/><UN n0="%E3%83%A9%E3%82%B9%E7%8E%87%EF%BC%93%E5%89%B2" n1="%E3%80%90%E8%92%BC%E7%90%89%E3%80%91" n2="%E5%A4%8F%E9%88%B4%E9%88%B4%E5%A4%8F" n3="%E7%99%BD%E5%80%89%E5%AF%9B%E4%B9%8B" dan="16,16,16,16" rate="2198.01,2166.06,2125.31,2120.79" sx="F,F,F,M"/><TAIKYOKU oya="0"/><INIT seed="0,0,0,4,3,129" ten="250,250,250,250" oya="0" hai0="52,94,72,23,59,135,67,104,5,80,95,51,126" hai1="98,61,86,84,105,41,73,133,124,40,30,33,10" hai2="12,130,82,45,75,64,56,81,113,42,0,19,22" hai3="116,96,32,39,21,57,123,4,15,55,1,31,3"/><T36/><D104/><U54/><E73/><V99/><F113/><W35/><G39/><T114/><D114/><U117/><E117/><V25/><F0/><N who="3" m="75" /><G57/><T119/><D119/><U111/><E111/><V63/><F130/><W44/><G55/><T20/><D135/><U120/><E133/><V100/><F75/><W92/><G92/><N who="0" m="35371" /><D126/><U134/><E134/><V102/><F12/><W13/><G96/><T24/><D36/><U88/><E120/><V89/><F89/><W66/><G44/><T58/><D72/><U110/><E110/><V6/><F6/><W77/><G77/><T53/><D5/><U127/><E10/><V29/><F19/><N who="3" m="10479" /><G66/><T38/><D38/><U46/><E30/><V125/><F125/><N who="1" m="48201" /><E33/><N who="3" m="12874" /><G116/><T103/><D103/><N who="2" m="39466" /><F99/><W43/><G43/><T70/><D70/><U34/><E40/><V78/><F78/><W11/><G123/><T2/><D67/><U91/><E41/><V83/><F42/><W97/><G97/><T28/><D80/><U85/><E98/><V74/><F74/><W69/><G69/><T26/><D53/><U115/><E105/><V71/><F71/><W128/><G128/><T17/><D2/><U132/><E132/><V9/><F45/><AGARI ba="0,0" hai="17,20,23,24,26,28,45,51,52,58,59" m="35371" machi="45" ten="30,2900,0" yaku="8,1,54,1" doraHai="129" who="0" fromWho="2" sc="250,29,250,0,250,-29,250,0" /><INIT seed="0,1,0,3,4,40" ten="279,250,221,250" oya="0" hai0="49,126,90,113,86,81,64,102,125,38,75,7,80" hai1="72,30,39,118,76,19,83,101,85,127,21,67,122" hai2="20,15,123,50,9,95,42,43,6,110,109,70,55" hai3="97,99,41,71,82,10,94,130,78,77,68,119,61"/><T56/><D38/><U53/><E118/><V116/><F123/><W108/><G119/><T44/><D113/><U16/><E122/><V106/><F116/><W59/><G108/><N who="2" m="41577" /><F106/><W79/><G130/><T34/><D34/><U24/><E127/><N who="0" m="48649" /><D102/><U63/><E39/><V8/><F70/><W45/><G10/><N who="2" m="4201" /><F6/><W18/><G18/><T115/><D7/><U17/><E101/><V135/><F135/><W103/><G97/><T132/><D132/><U93/><E53/><V88/><F15/><W26/><G26/><T3/><D3/><U73/><REACH who="1" step="1"/><E93/><REACH who="1" ten="279,240,221,250" step="2"/><V47/><F20/><W0/><G0/><T14/><D115/><U65/><E65/><V96/><AGARI ba="1,1" hai="42,43,47,50,55,88,95,96" m="4201,41577" machi="96" ten="30,4000,0" yaku="14,1,52,1,54,1" doraHai="40" who="2" fromWho="2" sc="279,-21,240,-11,221,53,250,-11" /><INIT seed="1,0,0,4,1,26" ten="258,229,274,239" oya="1" hai0="54,50,30,37,48,45,118,15,17,111,89,123,14" hai1="22,55,4,2,128,1,130,81,83,20,78,16,43" hai2="29,127,76,59,80,135,74,67,105,35,3,121,72" hai3="117,47,119,42,51,13,94,19,90,115,62,92,52"/><U114/><E114/><V73/><F121/><W28/><G115/><T44/><D118/><U71/><E71/><V57/><F3/><W106/><G106/><T64/><D37/><U68/><E68/><V70/><F105/><W124/><G124/><T41/><D123/><U33/><E33/><V49/><F127/><W125/><G125/><T129/><D111/><U108/><E108/><V126/><F126/><W12/><G94/><T122/><D129/><N who="1" m="49771" /><E43/><V95/><F135/><W56/><G28/><T18/><D64/><U101/><E101/><V96/><F49/><W6/><G6/><T9/><D122/><U75/><E4/><V5/><F5/><W79/><G79/><T63/><D63/><U39/><E39/><V99/><F99/><W8/><REACH who="3" step="1"/><G13/><REACH who="3" ten="258,229,274,229" step="2"/><T104/><D104/><U11/><E83/><V46/><F29/><W116/><G116/><T85/><D30/><U61/><E1/><V100/><F80/><W103/><G103/><T107/><D107/><U91/><E2/><V10/><F76/><W120/><G120/><T31/><D31/><U77/><E77/><V88/><F100/><W38/><G38/><T82/><D15/><N who="1" m="7295" /><E91/><V24/><F88/><W0/><G0/><T133/><D133/><U87/><E75/><V25/><F74/><W32/><G32/><T84/><D84/><AGARI ba="0,1" hai="8,12,19,42,47,51,52,56,62,84,90,92,117,119" machi="84" ten="40,2600,0" yaku="1,1,54,1,53,0" doraHai="26" doraHaiUra="97" who="3" fromWho="0" sc="258,-26,229,0,274,0,229,36" /><INIT seed="2,0,0,3,3,111" ten="232,229,274,265" oya="2" hai0="9,119,23,82,135,91,102,121,32,63,30,93,33" hai1="31,79,19,128,37,45,36,105,86,73,46,68,117" hai2="85,133,16,100,108,116,28,12,126,62,75,81,78" hai3="110,113,99,132,25,64,97,83,94,10,109,56,55"/><V57/><F116/><W54/><G132/><T125/><D121/><U92/><E68/><V101/><F108/><W11/><G64/><T18/><D135/><U44/><E105/><V80/><F126/><W104/><G104/><T118/><D125/><U0/><E0/><V42/><F133/><W5/><G83/><T4/><D82/><U41/><E117/><N who="0" m="44553" /><D102/><U38/><E128/><V24/><F42/><W49/><G25/><N who="0" m="14583" /><D63/><U40/><E31/><V48/><F48/><W95/><G49/><T43/><D43/><U120/><E120/><V84/><F75/><W106/><G106/><T66/><D66/><U69/><E69/><V35/><F57/><W72/><G56/><T130/><D30/><U114/><E73/><V34/><F62/><W39/><G72/><T74/><D74/><U88/><E79/><V115/><F35/><W65/><G65/><T1/><D130/><U61/><E61/><V20/><REACH who="2" step="1"/><F115/><REACH who="2" ten="232,229,264,265" step="2"/><W53/><G113/><T71/><D71/><U60/><E60/><V122/><F122/><W103/><G39/><T107/><D107/><U21/><REACH who="1" step="1"/><E114/><REACH who="1" ten="232,219,264,265" step="2"/><V98/><F98/><AGARI ba="0,2" hai="1,4,9,32,33,91,93,98" m="14583,44553" machi="98" ten="30,1000,0" yaku="12,1" doraHai="111" who="0" fromWho="2" sc="232,30,219,0,264,-10,265,0" /><INIT seed="3,0,0,0,1,30" ten="262,219,254,265" oya="3" hai0="45,4,23,89,66,102,42,83,70,119,71,116,35" hai1="128,130,11,48,68,32,117,99,21,53,75,112,29" hai2="36,17,92,56,8,84,47,27,49,127,63,132,24" hai3="113,73,59,129,28,124,76,81,64,1,31,97,10"/><W118/><G118/><T77/><D23/><U85/><E112/><V38/><F132/><W108/><G113/><T110/><D89/><U105/><E75/><V87/><F36/><W62/><G124/><T95/><D95/><U94/><E68/><V133/><F38/><W106/><G129/><N who="1" m="49770" /><E117/><V0/><F133/><W7/><REACH who="3" step="1"/><G108/><REACH who="3" ten="262,219,254,255" step="2"/><T103/><D110/><U57/><E105/><V61/><F127/><W126/><G126/><T101/><D119/><U134/><E134/><V120/><F120/><W46/><G46/><T20/><D45/><U67/><E67/><V80/><F47/><W12/><G12/><T86/><D66/><U88/><E11/><V15/><F0/><W44/><G44/><T121/><D121/><U107/><E21/><V114/><F114/><W40/><G40/><T58/><D42/><U2/><E2/><V3/><F3/><W26/><G26/><T79/><D20/><U98/><E107/><V34/><F24/><AGARI ba="0,1" hai="24,29,32,48,53,57,85,88,94,98,99" m="49770" machi="24" ten="30,3900,0" yaku="19,1,52,1,54,1" doraHai="30" who="1" fromWho="2" sc="262,0,219,49,254,-39,255,0" /><INIT seed="4,0,0,2,2,102" ten="262,268,215,255" oya="0" hai0="67,19,90,115,82,114,104,81,8,110,50,71,33" hai1="29,41,131,9,98,38,65,83,78,113,107,118,31" hai2="116,43,2,70,59,99,53,85,44,75,97,24,129" hai3="128,52,112,89,6,105,60,69,72,132,40,18,74"/><T57/><D33/><U126/><E118/><V79/><F116/><W39/><G6/><T28/><D28/><U26/><E131/><V37/><F129/><W22/><G128/><T4/><D71/><U51/><E38/><V56/><F2/><W13/><G112/><N who="0" m="43051" /><D90/><U47/><E113/><V62/><F75/><W77/><G132/><T12/><D104/><U92/><E126/><V21/><F70/><W23/><G105/><T58/><D110/><U10/><E107/><V54/><F85/><W7/><G7/><T1/><D67/><U46/><E65/><V36/><F79/><W68/><G89/><T76/><D50/><U15/><E46/><V84/><F84/><W48/><G23/><N who="0" m="11751" /><D82/><U3/><E3/><V133/><F36/><W73/><G77/><T111/><D111/><U86/><E26/><V108/><F133/><W34/><G34/><T32/><D32/><U94/><E9/><V101/><F101/><W134/><G134/><T95/><D95/><U119/><E92/><V121/><F121/><W122/><G122/><T25/><D25/><U14/><E14/><V96/><F108/><W0/><G0/><T49/><D49/><U66/><E66/><V87/><F87/><AGARI ba="0,0" hai="1,4,8,57,58,76,81,87" m="11751,43051" machi="87" ten="30,1500,0" yaku="15,1" doraHai="102" who="0" fromWho="2" sc="262,15,268,0,215,-15,255,0" /><INIT seed="4,1,0,5,1,117" ten="277,268,200,255" oya="0" hai0="48,11,126,29,102,59,92,40,80,124,83,71,96" hai1="120,4,132,37,95,113,31,55,128,68,67,58,18" hai2="63,110,28,99,9,25,16,81,111,74,135,107,89" hai3="94,121,66,85,129,127,39,104,86,17,2,1,91"/><T105/><D71/><U35/><E37/><V53/><F135/><W73/><G73/><T82/><D29/><U51/><E132/><V93/><F107/><W50/><G39/><T10/><D105/><U133/><E133/><V52/><F81/><W12/><G104/><T122/><D122/><U114/><E120/><V115/><F74/><W106/><G106/><T41/><D59/><U84/><E4/><V42/><F42/><N who="0" m="16490" /><D48/><U103/><E128/><V98/><F98/><W20/><G121/><T46/><D46/><U21/><E31/><V54/><F63/><W47/><G129/><T118/><D118/><U119/><E35/><V70/><F70/><W23/><G127/><AGARI ba="1,0" hai="10,11,80,82,83,92,96,102,124,126,127" m="16490" machi="127" ten="30,1500,0" yaku="18,1" doraHai="117" who="0" fromWho="3" sc="277,18,268,0,200,0,255,-18" /><INIT seed="4,2,0,1,2,63" ten="295,268,200,237" oya="0" hai0="61,99,82,128,17,91,0,120,35,71,57,103,100" hai1="115,7,97,102,135,31,75,67,53,116,104,95,114" hai2="33,50,92,117,111,133,5,106,112,77,73,38,45" hai3="11,42,66,110,107,64,101,118,79,16,80,3,59"/><T60/><D0/><U124/><E116/><V87/><F111/><W15/><G118/><T131/><D120/><U30/><E75/><V89/><F112/><N who="1" m="43049" /><E135/><V86/><F117/><W13/><G110/><T69/><D35/><U113/><N who="1" m="43057" /><U121/><DORA hai="28" /><E121/><V81/><F133/><W20/><G3/><T96/><D17/><U12/><E124/><V58/><F106/><W108/><G108/><T88/><D57/><U78/><E67/><N who="3" m="25642" /><G107/><T56/><D56/><U9/><E78/><V93/><F58/><W39/><G39/><T1/><D1/><U134/><E53/><V76/><F38/><W32/><G32/><T43/><D82/><U2/><E134/><V55/><F33/><W68/><G68/><T27/><D27/><U54/><E54/><V105/><F105/><W122/><G122/><T74/><D43/><U37/><E37/><V29/><F29/><N who="1" m="10761" /><E104/><V126/><F126/><W26/><G59/><T109/><D109/><U48/><E2/><V132/><F132/><W62/><G62/><T44/><D44/><U52/><E52/><V83/><REACH who="2" step="1"/><F5/><REACH who="2" ten="295,268,190,237" step="2"/><N who="3" m="3311" /><G42/><T10/><D69/><U90/><E48/><V6/><F6/><W46/><G46/><T36/><D71/><U129/><E129/><V22/><F22/><W51/><G51/><T84/><D36/><U25/><E7/><V65/><F65/><W34/><G34/><T72/><D10/><U94/><E9/><V119/><F119/><W125/><G125/><T19/><D19/><U85/><E12/><V14/><F14/><W21/><G15/><T123/><D123/><U70/><E70/><RYUUKYOKU ba="2,1" sc="295,10,268,10,190,10,237,-30" hai0="60,61,72,74,84,88,91,96,99,100,103,128,131" hai1="25,85,90,94,95,97,102" hai2="45,50,55,73,76,77,81,83,86,87,89,92,93" owari="315,41.5,278,7.8,200,-30.0,207,-19.3" /></mjloggm>