<mjloggm ver="2.3"><GO type="225" lobby="0"/><UN n0="%E3%81%82%E3%82%93%E3%81%AA%E3%81%A4" n1="%E6%9C%88%E5%B3%B6%E5%9F%BA" n2="%E7%99%BD%E5%80%89%E5%AF%9B%E4%B9%8B" n3="%33%74%72%65%65" dan="17,17,16,17" rate="2201.06,2167.13,2164.95,2124.36" sx="M,M,M,F"/><TAIKYOKU oya="0"/><INIT seed="0,0,0,0,0,39" ten="250,250,250,250" oya="0" hai0="45,55,78,26,18,92,115,27,11,48,21,79,86" hai1="102,54,132,111,80,82,101,0,110,128,112,73,7" hai2="2,123,8,108,33,107,109,10,99,113,120,35,121" hai3="127,59,23,97,29,91,95,52,40,89,43,81,37"/><T118/><D115/><U56/><E112/><V42/><F99/><W106/><G106/><T122/><D118/><U133/><E128/><V17/><F107/><W103/><G127/><T31/><D122/><U75/><E7/><N who="2" m="1143" /><F42/><N who="3" m="15915" /><G37/><T90/><REACH who="0" step="1"/><D11/><REACH who="0" ten="240,250,250,250" step="2"/><U15/><E132/><V1/><F113/><W64/><G64/><T4/><D4/><U63/><E133/><V76/><F121/><W28/><G81/><T72/><D72/><U12/><E75/><V49/><F123/><W119/><G119/><T53/><D53/><U36/><E73/><V71/><F120/><W114/><G114/><T84/><D84/><U77/><E82/><V16/><F10/><W94/><G23/><AGARI ba="0,1" hai="18,21,23,26,27,31,45,48,55,78,79,86,90,92" machi="23" ten="30,5800,0" yaku="1,1,7,1,8,1,53,0" doraHai="39" doraHaiUra="66" who="0" fromWho="3" sc="240,68,250,0,250,0,250,-58" /><INIT seed="0,1,0,5,2,83" ten="308,250,250,192" oya="0" hai0="6,109,8,16,29,54,89,107,30,52,46,93,119" hai1="72,76,10,67,42,23,27,77,81,98,113,58,134" hai2="20,44,96,24,74,118,115,102,39,97,80,34,69" hai3="15,62,33,61,92,31,0,35,133,101,11,38,71"/><T75/><D119/><U106/><E134/><V95/><F69/><W128/><G133/><T48/><D107/><U91/><E113/><V73/><F118/><W66/><G128/><T105/><D105/><U65/><E42/><V132/><F34/><W56/><G0/><T112/><D112/><U78/><E72/><V1/><F1/><W50/><G38/><T17/><D75/><U7/><E106/><V28/><F132/><W51/><G33/><T64/><D64/><U121/><E121/><V59/><F97/><W108/><G108/><T114/><D54/><U79/><E79/><V123/><F123/><W19/><G101/><T37/><D37/><U70/><E70/><V125/><F125/><W116/><G116/><T32/><D114/><U55/><E98/><V120/><F120/><W131/><G131/><T130/><D130/><U117/><E117/><V40/><F115/><W45/><G92/><T22/><D32/><U84/><E10/><V90/><REACH who="2" step="1"/><F59/><REACH who="2" ten="308,250,240,192" step="2"/><W57/><G71/><T103/><D109/><U60/><REACH who="1" step="1"/><E7/><REACH who="1" ten="308,240,240,192" step="2"/><V49/><F49/><W110/><G110/><T5/><D6/><U63/><E63/><V26/><F26/><W99/><G99/><N who="0" m="57775" /><D5/><U12/><E12/><V135/><F135/><W14/><G14/><N who="0" m="7239" /><D103/><U53/><E53/><V85/><AGARI ba="1,2" hai="20,24,28,39,40,44,73,74,80,85,90,95,96,102" machi="85" ten="30,8000,1" yaku="1,1,0,1,52,1,53,2" doraHai="83" doraHaiUra="104" who="2" fromWho="2" sc="308,-41,240,-21,240,103,192,-21" /><INIT seed="1,0,0,4,2,43" ten="267,219,343,171" oya="1" hai0="94,48,51,99,33,127,96,42,84,49,101,132,112" hai1="134,9,26,93,74,50,88,97,55,58,72,39,54" hai2="83,71,79,73,41,30,44,15,12,108,8,107,61" hai3="1,130,69,45,62,78,60,102,114,23,85,87,103"/><U116/><E116/><V128/><F107/><W27/><G114/><T125/><D112/><U21/><E39/><V3/><F108/><W34/><G34/><T122/><D132/><U76/><E134/><V64/><F128/><W126/><G130/><T95/><D33/><U59/><E9/><V111/><F111/><W29/><G1/><T77/><D122/><U105/><E105/><V32/><F30/><W109/><G109/><T16/><D16/><N who="1" m="12583" /><E76/><V113/><F32/><W47/><G126/><N who="0" m="48139" /><D84/><N who="3" m="32329" /><G78/><T63/><D63/><AGARI ba="0,0" hai="50,54,55,58,59,63,72,74,88,93,97" m="12583" machi="63" ten="30,5800,0" yaku="25,1,54,2" doraHai="43" who="1" fromWho="0" sc="267,-58,219,58,343,0,171,0" /><INIT seed="1,1,0,3,1,36" ten="209,277,343,171" oya="1" hai0="30,44,117,10,80,13,26,6,38,54,99,102,103" hai1="19,15,58,64,73,97,70,79,16,91,83,110,1" hai2="8,133,84,46,105,3,114,57,111,115,49,82,112" hai3="4,12,132,39,48,59,32,134,45,62,87,67,126"/><U130/><E130/><V24/><F105/><W23/><G32/><T63/><D117/><U86/><E1/><V43/><F111/><W101/><G126/><T2/><D2/><U98/><E110/><V95/><F133/><N who="3" m="51307" /><G101/><T18/><D6/><U41/><E70/><V61/><F95/><W131/><G131/><T0/><D0/><U119/><E119/><V116/><F116/><W108/><G108/><T104/><D103/><U40/><E19/><V92/><F92/><W56/><G87/><T9/><D9/><N who="1" m="6255" /><E73/><V51/><F24/><W121/><G121/><T22/><D80/><U93/><E97/><V35/><F35/><W66/><G23/><T47/><D38/><U37/><E37/><N who="2" m="21871" /><F8/><N who="3" m="4103" /><G39/><T129/><D129/><U96/><E96/><V72/><F72/><W29/><G29/><T21/><D10/><U76/><E76/><N who="2" m="46151" /><F3/><W11/><G11/><T33/><D33/><U85/><E85/><V5/><F5/><W106/><G106/><T127/><D104/><U20/><E20/><V135/><F135/><W65/><G62/><AGARI ba="1,0" hai="40,41,58,62,64,79,83,86,91,93,98" m="6255" machi="62" ten="30,11600,0" yaku="8,1,52,2,54,1" doraHai="36" who="1" fromWho="3" sc="209,0,277,119,343,0,171,-119" /><INIT seed="1,2,0,0,1,73" ten="209,396,343,52" oya="1" hai0="111,70,88,55,95,66,21,97,87,14,76,120,29" hai1="90,93,134,109,26,10,54,42,80,83,68,101,32" hai2="45,2,34,44,78,25,115,61,11,128,1,72,130" hai3="9,67,103,63,89,77,51,116,16,49,119,79,98"/><U27/><E68/><V118/><F118/><N who="3" m="45099" /><G89/><T121/><D111/><U127/><E109/><V69/><F115/><W53/><G67/><T56/><D70/><U48/><E134/><V50/><F69/><W117/><N who="3" m="45107" /><W107/><DORA hai="74" /><G63/><T60/><D66/><U96/><E127/><V129/><F61/><W24/><G51/><T71/><D71/><U35/><E35/><V8/><F45/><N who="3" m="27823" /><G9/><N who="2" m="3657" /><F25/><N who="1" m="9225" /><E32/><V39/><F39/><W33/><G16/><N who="0" m="10391" /><D29/><AGARI ba="2,0" hai="24,29,33,77,79,98,103,107" m="27823,45107" machi="29" ten="40,8000,1" yaku="12,1,52,4" doraHai="73,74" who="3" fromWho="0" sc="209,-86,396,0,343,0,52,86" /><INIT seed="2,0,0,5,4,13" ten="123,396,343,138" oya="2" hai0="83,24,0,96,45,65,77,116,121,25,58,8,64" hai1="93,51,5,88,78,70,7,123,106,31,98,118,60" hai2="21,69,114,38,120,44,74,34,94,20,1,86,117" hai3="6,133,89,128,110,39,87,47,59,95,76,67,23"/><V42/><F69/><W105/><G110/><T9/><D121/><U91/><E118/><V115/><F74/><W32/><G32/><T61/><D116/><U99/><E123/><V85/><F34/><W132/><G105/><T37/><D65/><U43/><E31/><V50/><F1/><W12/><G128/><T16/><D96/><U66/><E78/><V109/><F117/><W28/><G76/><T97/><D97/><U26/><E26/><V112/><F120/><W46/><G67/><T15/><D37/><U54/><E43/><V29/><F109/><W102/><G102/><T129/><D45/><U22/><E22/><V30/><F38/><W125/><G125/><T81/><D129/><U72/><E72/><V53/><F42/><W124/><G124/><T108/><D108/><U101/><REACH who="1" step="1"/><E91/><REACH who="1" ten="123,386,343,138" step="2"/><V41/><F41/><W84/><G89/><T27/><REACH who="0" step="1"/><D77/><REACH who="0" ten="113,386,343,138" step="2"/><U80/><E80/><V79/><F115/><W113/><G113/><T56/><D56/><AGARI ba="0,2" hai="5,7,51,54,56,60,66,70,88,93,98,99,101,106" machi="56" ten="30,3900,0" yaku="1,1,7,1,54,1,53,0" doraHai="13" doraHaiUra="33" who="1" fromWho="0" sc="113,-39,386,59,343,0,138,0" /><INIT seed="3,0,0,3,2,55" ten="74,445,343,138" oya="3" hai0="5,102,29,68,69,111,131,101,49,27,52,1,75" hai1="88,34,54,93,40,72,122,43,79,126,32,4,76" hai2="90,37,134,128,86,106,124,31,23,110,98,18,22" hai3="6,83,92,99,97,61,67,25,65,16,46,2,9"/><W44/><G83/><T77/><D111/><U104/><E104/><V51/><F37/><W120/><G120/><T19/><D131/><U109/><E122/><V71/><F71/><W114/><G114/><T74/><D19/><U48/><E109/><V100/><F110/><W33/><G97/><T89/><D89/><U123/><E34/><V81/><F128/><W30/><G16/><T50/><D5/><U38/><E38/><V13/><F134/><W103/><REACH who="3" step="1"/><G67/><REACH who="3" ten="74,445,343,128" step="2"/><T82/><D75/><U73/><E73/><V107/><F98/><W11/><G11/><T36/><D1/><U0/><E72/><V85/><F81/><W26/><G26/><T66/><D66/><U115/><E0/><V59/><F18/><W8/><G8/><T130/><D130/><U94/><E115/><V108/><F108/><W39/><G39/><T53/><D36/><U70/><E123/><V58/><F31/><W112/><G112/><T42/><D101/><U129/><E129/><V3/><F3/><W41/><G41/><T118/><D102/><U20/><E43/><V96/><F96/><W45/><G45/><T24/><D42/><U105/><E40/><V127/><F100/><W95/><G95/><T28/><D118/><U119/><E94/><V57/><F13/><W7/><G7/><T12/><D12/><U21/><E4/><V133/><F107/><W117/><G117/><T125/><D125/><U15/><E126/><V132/><F106/><W60/><G60/><T116/><D74/><U56/><E105/><V63/><F127/><W78/><G78/><T17/><D77/><RYUUKYOKU ba="0,1" sc="74,-10,445,-10,343,-10,128,30" hai3="2,6,9,25,30,33,44,46,61,65,92,99,103" /><INIT seed="3,1,1,5,2,73" ten="64,435,333,158" oya="3" hai0="134,60,10,101,51,45,135,7,64,112,111,52,71" hai1="93,90,41,88,30,19,40,117,126,59,43,8,96" hai2="44,124,86,119,95,67,87,114,5,120,46,54,81" hai3="100,130,20,110,104,68,65,113,79,9,69,78,82"/><W55/><G113/><T58/><D101/><N who="1" m="60559" /><E126/><V91/><F119/><W109/><G130/><T61/><D10/><U116/><E30/><V49/><F124/><W25/><G65/><T1/><D1/><U132/><E132/><N who="0" m="50729" /><D7/><U105/><E105/><V38/><F120/><W26/><G9/><T106/><D106/><U72/><E72/><V57/><F114/><W127/><G127/><T70/><D112/><U74/><E74/><V92/><F38/><W75/><G100/><T31/><D31/><U14/><E59/><V66/><F5/><W34/><G104/><T27/><D27/><U29/><E29/><V123/><F123/><W129/><G26/><T15/><D15/><U94/><E94/><N who="2" m="35883" /><F87/><W33/><G25/><T115/><D115/><U47/><E47/><AGARI ba="1,1" hai="44,46,47,49,54,57,66,67,81,86,91" m="35883" machi="47" ten="30,1000,0" yaku="8,1" doraHai="73" who="2" fromWho="1" sc="64,0,435,-13,333,23,158,0" owari="64,-43.6,422,52.2,356,15.6,158,-24.2" /></mjloggm>