<mjloggm ver="2.3"><GO type="225" lobby="0"/><UN n0="%E4%B8%89%E5%88%86%E5%B0%8F%E5%83%A7" n1="%E3%81%A4%E3%81%A3%E3%81%B1%E3%82%8A%E3%83%9D%E3%83%BC%E3%83%AB" n2="%E7%99%BD%E5%80%89%E5%AF%9B%E4%B9%8B" n3="%E9%A6%AC%E5%BC%95%E7%81%AB%33" dan="16,17,16,16" rate="2047.27,2194.54,2120.43,2086.40" sx="M,M,M,M"/><TAIKYOKU oya="0"/><INIT seed="0,0,0,1,3,39" ten="250,250,250,250" oya="0" hai0="52,60,110,115,66,44,132,121,35,59,31,23,85" hai1="64,22,105,8,41,134,120,36,94,102,75,21,15" hai2="92,20,43,100,51,108,40,3,0,46,73,88,91" hai3="1,99,5,13,24,126,55,86,48,68,106,34,4"/><T12/><D115/><U50/><E120/><V30/><F73/><W47/><G126/><T129/><D121/><U77/><E105/><V11/><F108/><W61/><G1/><T97/><D129/><U83/><E36/><V7/><F0/><W109/><G109/><T90/><D132/><U118/><E118/><V74/><F74/><W128/><G128/><T101/><D35/><U67/><E134/><V28/><F100/><N who="3" m="62751" /><G13/><T87/><D110/><U127/><E127/><V84/><F40/><W6/><G6/><T65/><D90/><U119/><E119/><V89/><REACH who="2" step="1"/><F30/><REACH who="2" ten="250,250,240,250" step="2"/><N who="3" m="19783" /><G86/><T10/><D31/><U49/><E75/><V54/><F54/><W122/><G122/><T72/><D72/><U93/><E41/><V111/><F111/><W38/><G38/><T26/><D52/><U57/><E102/><V63/><F63/><W16/><G61/><T56/><D101/><U79/><E50/><V103/><F103/><W33/><G55/><T114/><D60/><U96/><E49/><V81/><F81/><W112/><G48/><T27/><D114/><U98/><E83/><V125/><F125/><W135/><G112/><T69/><D66/><U71/><E67/><V2/><F2/><W76/><G135/><T19/><D65/><U32/><E64/><V18/><F18/><W124/><G16/><T17/><D19/><U107/><E94/><V117/><F117/><W25/><G124/><T45/><D17/><U42/><E93/><V95/><F95/><W70/><G70/><T113/><D69/><U62/><E71/><V130/><F130/><W116/><G68/><RYUUKYOKU ba="0,1" sc="250,-10,250,-10,240,30,250,-10" hai2="3,7,11,20,28,43,46,51,84,88,89,91,92" /><INIT seed="1,1,1,2,5,64" ten="240,240,270,240" oya="1" hai0="124,1,44,99,12,105,98,40,10,121,103,107,43" hai1="19,41,97,2,7,114,33,14,27,36,38,42,101" hai2="48,39,24,77,71,74,135,108,66,134,54,92,87" hai3="16,61,120,30,72,47,128,82,55,0,65,123,58"/><U110/><E114/><V4/><F39/><W125/><G0/><T51/><D124/><U88/><E110/><V8/><F108/><W29/><G125/><T17/><D121/><U5/><E38/><V67/><F74/><W102/><G102/><T21/><D99/><U131/><E131/><V60/><F67/><W95/><G128/><T52/><REACH who="0" step="1"/><D107/><REACH who="0" ten="230,240,270,240" step="2"/><U96/><E96/><V6/><F134/><W127/><G127/><T130/><D130/><U46/><E2/><V73/><F135/><W111/><G123/><T62/><D62/><U89/><E41/><V93/><F60/><W31/><G61/><T117/><D117/><U34/><E97/><V63/><F63/><W126/><G126/><T112/><D112/><U116/><E116/><V84/><F66/><W78/><G65/><T104/><D104/><U20/><E101/><V86/><F54/><W100/><G55/><T9/><D9/><U79/><E42/><V22/><F8/><W122/><G100/><T56/><D56/><U26/><E46/><V132/><F132/><W70/><G58/><T49/><D49/><U3/><E36/><V37/><F48/><W133/><G47/><T81/><D81/><U85/><E3/><V68/><F37/><W76/><G133/><T119/><D119/><U80/><E34/><V59/><F59/><W45/><G45/><T109/><D109/><U18/><E33/><V94/><F93/><W106/><G111/><T91/><D91/><N who="1" m="34891" /><E19/><N who="2" m="12383" /><F92/><W23/><G95/><T11/><D11/><U28/><E28/><V129/><F94/><W115/><G30/><T15/><D15/><RYUUKYOKU ba="1,2" sc="230,15,240,15,270,-15,240,-15" hai0="1,10,12,17,21,40,43,44,51,52,98,103,105" hai1="5,7,14,18,20,26,27,79,80,85" /><INIT seed="1,2,2,0,0,126" ten="245,255,255,225" oya="1" hai0="86,10,53,110,9,25,52,60,81,90,6,115,45" hai1="104,113,11,31,100,78,97,50,65,41,108,56,61" hai2="40,114,39,5,85,54,79,82,14,15,62,59,123" hai3="57,46,106,119,2,89,121,128,21,55,118,107,12"/><U127/><E113/><V69/><F114/><W28/><G121/><T42/><D115/><U74/><E127/><V63/><F123/><W37/><G2/><T88/><D110/><U16/><E108/><V7/><F39/><W83/><G128/><T132/><D132/><U130/><E130/><V92/><F69/><W17/><G28/><T8/><D25/><U19/><E31/><V0/><F40/><N who="3" m="22799" /><G89/><T1/><D90/><U98/><E98/><V66/><F0/><W70/><G83/><T84/><D84/><U58/><E11/><V120/><F120/><W131/><G70/><T94/><D94/><U26/><E26/><V91/><F66/><W44/><G44/><T3/><D60/><U29/><E29/><V35/><F63/><N who="3" m="36287" /><G131/><T109/><D109/><U30/><E30/><V48/><F62/><W96/><G96/><T87/><D87/><U134/><E134/><V102/><F102/><W47/><G47/><T71/><D71/><U125/><E125/><V93/><F35/><W43/><G43/><T23/><D23/><U20/><E20/><V36/><F36/><W4/><G4/><N who="2" m="1609" /><F93/><W64/><G64/><T72/><D72/><U34/><E34/><V122/><F122/><W76/><G76/><T116/><D116/><AGARI ba="2,2" hai="12,17,21,106,107,116,118,119" m="36287,22799" machi="116" ten="30,1000,0" yaku="12,1" doraHai="126" who="3" fromWho="0" sc="245,-16,255,0,255,0,225,36" /><INIT seed="2,0,0,2,5,1" ten="229,255,255,261" oya="2" hai0="74,123,72,17,34,47,10,93,29,39,6,43,25" hai1="110,28,112,92,106,118,126,40,51,26,86,54,131" hai2="117,62,104,66,68,115,111,71,38,125,127,60,128" hai3="61,57,69,36,82,124,42,67,105,14,23,78,114"/><V73/><RYUUKYOKU type="yao9" ba="0,0" sc="229,0,255,0,255,0,261,0" hai2="38,60,62,66,68,71,73,104,111,115,117,125,127,128" /><INIT seed="2,1,0,0,0,56" ten="229,255,255,261" oya="2" hai0="126,103,40,128,54,48,34,32,122,68,105,117,43" hai1="27,42,72,84,130,26,14,30,11,135,127,13,120" hai2="25,51,81,94,107,21,131,29,89,133,71,37,64" hai3="69,110,46,0,73,44,129,108,24,22,104,23,45"/><V61/><F37/><W76/><G129/><T121/><D68/><U114/><E72/><V6/><F107/><W100/><G0/><T53/><D105/><U33/><E114/><V1/><F131/><W17/><G69/><T88/><D103/><U86/><E130/><V2/><F133/><W95/><G104/><T58/><D128/><U87/><E135/><V113/><F113/><W83/><REACH who="3" step="1"/><G22/><REACH who="3" ten="229,255,255,251" step="2"/><T118/><D126/><U57/><E127/><V55/><F81/><W31/><G31/><T74/><D74/><U41/><E30/><V99/><REACH who="2" step="1"/><F6/><REACH who="2" ten="229,255,245,251" step="2"/><W77/><G77/><T98/><D122/><U112/><E120/><V97/><F97/><AGARI ba="1,2" hai="17,23,24,44,45,46,73,76,83,95,97,100,108,110" machi="97" ten="40,2600,0" yaku="1,1,53,1" doraHai="56" doraHaiUra="96" who="3" fromWho="2" sc="229,0,255,0,245,-29,251,49" /><INIT seed="3,0,0,4,4,82" ten="229,255,216,300" oya="3" hai0="44,104,42,96,68,49,106,38,93,32,23,33,9" hai1="135,128,7,22,8,121,56,58,98,45,43,99,6" hai2="26,118,13,52,90,86,102,18,87,77,100,101,84" hai3="127,61,112,37,95,31,5,122,17,111,29,131,119"/><W2/><G112/><T24/><D68/><U72/><E72/><V103/><N who="2" m="25600" /><DORA hai="126" /><V65/><F118/><W92/><G119/><T114/><D114/><U79/><E79/><V14/><F65/><W67/><G37/><T51/><D96/><U46/><E22/><N who="2" m="13655" /><F77/><W113/><G122/><T129/><D93/><U73/><E73/><V62/><F90/><W78/><G78/><T116/><D116/><U88/><E88/><V60/><F52/><W50/><G67/><T10/><D129/><U41/><E128/><V120/><F120/><W30/><G131/><T59/><D33/><U0/><E0/><V134/><F134/><W132/><G2/><T28/><D32/><U123/><REACH who="1" step="1"/><E8/><REACH who="1" ten="229,245,216,300" step="2"/><V15/><AGARI ba="0,1" hai="13,14,15,60,62,84,86,87" m="13655,25600" machi="15" ten="50,12000,2" yaku="29,2,8,1,52,3" doraHai="82,126" who="2" fromWho="2" sc="229,-30,245,-30,216,130,300,-60" owari="199,-30.1,215,-18.5,346,44.6,240,4.0" /></mjloggm>