<mjloggm ver="2.3"><GO type="225" lobby="0"/><UN n0="%E3%83%8F%E3%83%B3%E3%83%89%E3%83%A9%E3%83%BC%E3%83%BB%E3%83%AF%E3%83%B3" n1="%E3%83%A9%E3%82%A4%E3%83%B3%E3%81%AE%E8%99%8E" n2="%E5%B0%8F%E9%B3%A5%E9%81%8A%E7%B7%B4%E7%84%A1%32%31%E6%AD%B3" n3="%4C%4F%4C%49%54%41" dan="16,16,16,16" rate="2146.08,2137.29,2153.35,2179.67" sx="M,M,F,F"/><TAIKYOKU oya="0"/><INIT seed="0,0,0,3,1,132" ten="250,250,250,250" oya="0" hai0="35,12,56,49,72,31,40,77,90,107,96,91,22" hai1="18,117,43,120,33,7,134,1,20,58,75,118,108" hai2="15,63,11,13,110,24,2,127,109,106,100,14,3" hai3="84,95,74,93,28,122,53,70,62,119,104,88,114"/><T39/><D39/><U0/><E75/><V82/><F106/><W55/><G114/><T47/><D35/><U123/><E43/><V89/><F100/><W21/><G104/><T126/><D72/><U86/><E33/><V133/><F63/><W51/><G119/><T112/><D77/><U103/><E103/><V27/><F89/><W85/><G122/><T92/><D107/><U59/><E134/><V111/><F82/><W19/><G28/><T29/><D112/><U54/><E108/><V129/><F133/><W42/><G74/><T128/><D128/><U76/><E117/><V8/><F127/><W65/><G84/><T16/><D126/><U102/><E102/><V68/><F68/><W115/><G95/><N who="0" m="56439" /><D56/><U61/><E118/><V67/><F67/><W83/><G83/><T36/><D36/><U4/><E0/><N who="2" m="43" /><F129/><W38/><G38/><T66/><D66/><N who="1" m="39223" /><E1/><V125/><F125/><W73/><G73/><T37/><D37/><U6/><E120/><V60/><F60/><W71/><G71/><T124/><D124/><U45/><E123/><V99/><F99/><AGARI ba="0,0" hai="12,16,22,29,31,40,47,49,91,92,99" m="56439" machi="99" ten="30,2900,0" yaku="8,1,54,1" doraHai="132" who="0" fromWho="2" sc="250,29,250,0,250,-29,250,0" /><INIT seed="0,1,0,2,5,15" ten="279,250,221,250" oya="0" hai0="25,1,70,82,48,127,110,131,68,111,34,92,2" hai1="39,40,57,83,133,125,53,43,17,47,61,80,21" hai2="93,24,14,81,97,4,108,106,109,124,116,84,5" hai3="52,29,75,128,107,18,135,55,63,54,64,20,113"/><T121/><D121/><U7/><E125/><V35/><F116/><W8/><G113/><T119/><D119/><U99/><E133/><V16/><F106/><W19/><G107/><T71/><D127/><U69/><E7/><V114/><F114/><W65/><G75/><T26/><D131/><U23/><E43/><V46/><F46/><W91/><G135/><T33/><D92/><U3/><E3/><N who="0" m="1033" /><D48/><N who="1" m="30887" /><E99/><V73/><F73/><W38/><G38/><T132/><D82/><N who="1" m="31275" /><E17/><N who="3" m="6154" /><G128/><T126/><D132/><U13/><E13/><V67/><F124/><W78/><G78/><T130/><D130/><U49/><E49/><V58/><F4/><W100/><G100/><T90/><D90/><U60/><E60/><V45/><F5/><W96/><G8/><T122/><D122/><U104/><E104/><V12/><F35/><N who="0" m="13322" /><D126/><U86/><E86/><V50/><F84/><W11/><G11/><T102/><D102/><U105/><E105/><V88/><F88/><W32/><G32/><T9/><D9/><U6/><E6/><V44/><F12/><W66/><G63/><T30/><D30/><U62/><E61/><V120/><F14/><W10/><G10/><T117/><D117/><U129/><E129/><V76/><F120/><W59/><G59/><T103/><D103/><U72/><E72/><V28/><F58/><W112/><G112/><T95/><D70/><U27/><E27/><N who="0" m="10249" /><D68/><U87/><E87/><V42/><F76/><W36/><G36/><T123/><D71/><U77/><E77/><V22/><F81/><W79/><G79/><T118/><D118/><U89/><E89/><RYUUKYOKU ba="1,0" sc="279,-10,250,30,221,-10,250,-10" hai1="21,23,39,40,47,62,69" /><INIT seed="1,2,0,0,2,112" ten="269,280,211,240" oya="1" hai0="69,16,15,38,4,82,115,55,86,22,87,126,124" hai1="84,117,120,32,54,28,14,40,65,48,10,94,110" hai2="53,74,127,107,81,66,73,119,46,106,58,17,63" hai3="7,108,50,30,36,102,34,97,80,67,45,43,77"/><U51/><E120/><V72/><F127/><N who="0" m="48682" /><D115/><U62/><E117/><V49/><F81/><W18/><G108/><T71/><D38/><U39/><E110/><V133/><F133/><W24/><G67/><T93/><D4/><U19/><E32/><V109/><F109/><W116/><G7/><T123/><D123/><U101/><E28/><V98/><F17/><W111/><G18/><T122/><D122/><U83/><E39/><V26/><F26/><W5/><G5/><T9/><D22/><U20/><E40/><V91/><F91/><W90/><G111/><T95/><D55/><U57/><E20/><V128/><F128/><W35/><G90/><N who="0" m="53463" /><D95/><U79/><REACH who="1" step="1"/><E54/><REACH who="1" ten="269,270,211,240" step="2"/><V42/><F119/><W21/><G116/><T132/><D132/><U59/><E59/><V64/><F64/><W11/><G36/><T76/><AGARI ba="2,1" hai="9,15,16,69,71,76,82,87" m="53463,48682" machi="76" ten="30,2000,0" yaku="18,1,54,1" doraHai="112" who="0" fromWho="0" sc="269,36,270,-12,211,-7,240,-7" /><INIT seed="2,0,0,5,1,40" ten="305,258,204,233" oya="2" hai0="76,35,58,12,125,112,63,41,68,65,121,111,14" hai1="89,105,7,47,74,43,30,57,36,42,26,71,81" hai2="132,13,120,110,50,127,85,3,18,82,108,8,103" hai3="133,60,116,28,67,124,1,23,96,52,78,126,72"/><V94/><F120/><W32/><G116/><T53/><D121/><U122/><E122/><V69/><F3/><W17/><G1/><T45/><D112/><U75/><E71/><V70/><F132/><W39/><G39/><T34/><D111/><N who="2" m="42538" /><F127/><N who="3" m="48683" /><G133/><T37/><D76/><U61/><E105/><V27/><F27/><N who="3" m="18463" /><G96/><T56/><D56/><U24/><E24/><V130/><F130/><W6/><G6/><T134/><D134/><U80/><E7/><V73/><F73/><W98/><G98/><T107/><D107/><U21/><E42/><V129/><F129/><W16/><G23/><T64/><D125/><U62/><E75/><V114/><F114/><W55/><G78/><T95/><D34/><U117/><E74/><V102/><F94/><W97/><G97/><T106/><D35/><U19/><E117/><V93/><F93/><W113/><G72/><T20/><D95/><U59/><E30/><V54/><F103/><W91/><G91/><T101/><D101/><U131/><E131/><V115/><F102/><W128/><G113/><T46/><D106/><U5/><E5/><V29/><F115/><W99/><G99/><T9/><D9/><U118/><E118/><V104/><F104/><W0/><G0/><T92/><D92/><U22/><E81/><V86/><F29/><W2/><G2/><T77/><D12/><N who="1" m="9447" /><E80/><V83/><F83/><W109/><G128/><T123/><D14/><U10/><E89/><N who="2" m="51383" /><F86/><W51/><G109/><T44/><D123/><U25/><E25/><V100/><F100/><W84/><G84/><T48/><D77/><U4/><E26/><RYUUKYOKU ba="0,0" sc="305,-10,258,-10,204,30,233,-10" hai2="8,13,18,50,54,69,70" /><INIT seed="2,1,0,0,4,59" ten="295,248,234,223" oya="2" hai0="125,81,38,7,29,130,127,37,76,28,88,103,118" hai1="114,133,45,106,23,13,74,105,46,75,85,110,47" hai2="68,129,35,44,122,63,27,132,99,50,126,116,77" hai3="11,135,9,90,2,54,93,73,84,17,61,120,112"/><V8/><F122/><W26/><G120/><T117/><D130/><U82/><E114/><V104/><F116/><N who="0" m="44650" /><D103/><U10/><E110/><V31/><F126/><N who="0" m="48138" /><D7/><U92/><E23/><V20/><F132/><W14/><G73/><N who="0" m="43151" /><D88/><U123/><E123/><V113/><F129/><W60/><G135/><T64/><D64/><U86/><E133/><V98/><F77/><W69/><G112/><T71/><D71/><U30/><E75/><V53/><F113/><W91/><G69/><T66/><D66/><U49/><E74/><V39/><F39/><AGARI ba="1,0" hai="28,29,37,38,39" m="43151,48138,44650" machi="39" ten="40,2600,0" yaku="12,1,18,1" doraHai="59" who="0" fromWho="2" sc="295,29,248,0,234,-29,223,0" /><INIT seed="3,0,0,0,0,65" ten="324,248,205,223" oya="3" hai0="52,98,30,2,61,38,121,29,105,6,66,117,90" hai1="32,3,14,118,18,107,60,49,22,33,62,78,41" hai2="12,57,120,85,134,115,125,70,69,119,132,47,74" hai3="75,99,39,23,135,108,42,79,56,93,73,127,88"/><W26/><G135/><N who="2" m="51753" /><F119/><W27/><G127/><T10/><D38/><U130/><E107/><V133/><N who="2" m="51761" /><V111/><DORA hai="35" /><F74/><W64/><G108/><T94/><D121/><U92/><E118/><V25/><F115/><W7/><G7/><T34/><D34/><U63/><E130/><V129/><F129/><W28/><G79/><T101/><D52/><U43/><E78/><V54/><F111/><W15/><G15/><T104/><D104/><U20/><E3/><V87/><F125/><W113/><G113/><T124/><D124/><U51/><E32/><V126/><F126/><W44/><REACH who="3" step="1"/><G27/><REACH who="3" ten="324,248,205,213" step="2"/><T21/><D117/><U109/><E109/><V89/><F12/><W31/><G31/><T37/><D29/><U83/><E14/><V123/><F25/><W103/><G103/><T95/><D101/><U110/><E110/><V131/><F131/><W114/><G114/><T96/><D30/><U4/><E4/><V0/><F0/><W102/><G102/><T50/><D6/><U5/><E5/><V36/><F123/><W84/><G84/><N who="2" m="32329" /><F120/><W128/><G128/><T1/><D1/><U11/><E18/><V46/><F89/><W77/><G77/><T116/><D90/><U76/><E76/><V8/><F8/><W86/><G86/><T16/><D10/><U40/><E11/><V17/><F17/><W48/><G48/><T106/><D16/><U55/><E51/><N who="2" m="30943" /><F36/><W72/><G72/><T100/><D2/><U68/><E49/><V59/><F59/><W45/><G45/><AGARI ba="0,1" hai="45,46,47,69,70" m="30943,32329,51761" machi="45" ten="40,5200,0" yaku="20,1,52,2" doraHai="65,35" who="2" fromWho="3" sc="324,0,248,0,205,62,213,-52" owari="324,42.4,248,-15.2,267,6.7,161,-33.9" /></mjloggm>