<mjloggm ver="2.3"><GO type="225" lobby="0"/><UN n0="%E3%81%BF%E3%81%BF%E3%81%9A" n1="%E6%A5%93%E4%BB%8B" n2="%E6%98%93%E5%88%A9%E8%96%A9%E4%BC%AF" n3="%30%2E%31%32%30" dan="18,16,16,16" rate="2243.27,2070.09,2143.02,2125.02" sx="M,M,F,M"/><TAIKYOKU oya="0"/><INIT seed="0,0,0,5,4,66" ten="250,250,250,250" oya="0" hai0="3,105,57,112,12,118,134,95,93,109,82,87,117" hai1="51,90,44,119,23,85,79,33,127,49,124,65,114" hai2="48,40,131,22,97,42,45,76,9,31,32,125,83" hai3="91,59,72,98,88,6,123,21,130,96,27,20,4"/><T11/><D3/><U17/><E33/><V100/><F125/><W7/><G72/><T26/><D105/><U116/><E79/><V18/><F32/><W115/><G115/><T74/><D112/><U37/><E37/><V10/><F31/><W121/><G130/><T41/><D41/><U89/><E51/><V108/><F42/><W54/><G121/><T101/><D74/><U55/><E114/><V135/><F108/><W53/><G123/><T73/><D73/><U34/><E34/><V25/><F131/><W94/><G21/><T92/><D134/><U103/><E103/><V84/><REACH who="2" step="1"/><F135/><REACH who="2" ten="250,250,240,250" step="2"/><W71/><G71/><T29/><D109/><U62/><E127/><V107/><AGARI ba="0,1" hai="9,10,18,22,25,40,45,48,76,83,84,97,100,107" machi="107" ten="20,8000,1" yaku="1,1,2,1,0,1,7,1,53,1" doraHai="66" doraHaiUra="39" who="2" fromWho="2" sc="250,-40,250,-20,240,90,250,-20" /><INIT seed="1,0,0,2,4,9" ten="210,230,330,230" oya="1" hai0="111,107,96,27,19,8,88,134,120,41,5,106,128" hai1="90,130,0,91,89,82,93,101,49,104,31,32,22" hai2="44,11,39,98,21,24,95,34,73,65,100,62,87" hai3="64,6,72,71,135,121,122,13,10,83,126,81,129"/><U3/><E32/><V28/><F73/><W103/><G103/><T132/><D111/><U76/><E3/><V47/><F34/><W40/><G40/><T112/><D112/><U127/><E0/><V15/><F87/><W66/><G135/><N who="0" m="51755" /><D41/><U1/><E1/><V85/><F85/><W131/><G126/><T68/><D68/><U48/><E127/><V75/><F75/><W70/><G72/><T123/><D5/><U50/><E104/><N who="0" m="39977" /><D128/><N who="3" m="49225" /><G70/><T125/><D125/><U97/><E130/><V38/><F38/><W115/><G115/><T78/><D78/><U20/><REACH who="1" step="1"/><E31/><REACH who="1" ten="210,220,330,230" step="2"/><V51/><F39/><W94/><G122/><T92/><D27/><U116/><E116/><V124/><F124/><W110/><G121/><T16/><D19/><U14/><E14/><AGARI ba="0,1" hai="8,14,16,88,92,96,120,123" m="39977,51755" machi="14" ten="40,8000,1" yaku="20,1,52,1,54,2" doraHai="9" who="0" fromWho="1" sc="210,90,220,-80,330,0,230,0" /><INIT seed="2,0,0,4,4,79" ten="300,140,330,230" oya="2" hai0="32,47,69,8,86,81,129,96,89,75,55,52,48" hai1="45,119,124,90,57,91,108,107,50,15,127,134,116" hai2="26,88,126,103,99,27,23,0,49,4,22,115,31" hai3="118,16,7,56,98,87,102,125,34,38,3,111,29"/><V19/><F126/><W65/><G118/><T121/><D121/><U128/><E15/><V28/><F115/><W35/><G125/><N who="1" m="48202" /><E107/><V13/><F0/><W94/><G38/><T61/><D129/><U30/><E30/><V44/><F4/><W39/><G39/><T24/><D75/><U25/><E25/><V37/><F37/><W120/><G120/><T112/><D112/><U68/><E68/><V67/><F67/><W131/><G131/><T72/><D72/><U60/><E91/><V1/><F1/><W59/><G111/><T10/><D32/><U63/><E90/><V109/><F109/><W9/><G35/><T51/><D24/><U93/><E93/><V53/><F88/><W5/><G5/><T122/><D122/><U6/><E6/><V76/><F76/><W114/><G114/><T54/><D96/><U85/><E85/><V104/><REACH who="2" step="1"/><F13/><REACH who="2" ten="300,140,320,230" step="2"/><W113/><G113/><T70/><D70/><U71/><E108/><V130/><F130/><W46/><G65/><T80/><D80/><U77/><E77/><V64/><F64/><W58/><G87/><T73/><D73/><U95/><E128/><V97/><F97/><W110/><G110/><T92/><D81/><U21/><E71/><V14/><F14/><W74/><G74/><T17/><D69/><U123/><E123/><V100/><F100/><W12/><G3/><T33/><D86/><U2/><E2/><V101/><F101/><W78/><G78/><T40/><D89/><U66/><E66/><V84/><F84/><W82/><G7/><T42/><D92/><U106/><E95/><RYUUKYOKU ba="0,1" sc="300,-10,140,-10,320,30,230,-10" hai2="19,22,23,26,27,28,31,44,49,53,99,103,104" /><INIT seed="2,1,1,3,4,48" ten="290,130,350,220" oya="2" hai0="115,118,112,12,106,20,16,100,88,26,102,101,51" hai1="70,56,80,23,4,52,10,19,110,107,75,18,6" hai2="135,93,29,72,131,58,24,40,59,69,17,126,63" hai3="71,66,13,64,28,57,30,60,134,133,77,39,22"/><V130/><F72/><W119/><G39/><T27/><D106/><U82/><E110/><V113/><F113/><W129/><G119/><T84/><D118/><U123/><E70/><V36/><F135/><N who="3" m="51723" /><G129/><N who="2" m="49161" /><F17/><N who="3" m="10543" /><G77/><T104/><D104/><U15/><E107/><V127/><F93/><W92/><G92/><T62/><D62/><AGARI ba="1,1" hai="28,30,57,60,62,64,66,71" m="10543,51723" machi="62" ten="30,1000,0" yaku="20,1" doraHai="48" who="3" fromWho="0" sc="290,-13,130,0,350,0,220,23" /><INIT seed="3,0,0,1,3,123" ten="277,130,350,243" oya="3" hai0="131,33,124,97,53,35,48,37,98,3,73,91,38" hai1="80,6,63,105,74,95,36,26,24,127,29,41,1" hai2="2,112,82,47,28,116,81,31,117,4,52,120,23" hai3="72,110,76,126,84,22,19,42,67,100,122,90,25"/><W54/><G122/><T20/><D73/><U87/><E127/><V15/><F112/><W115/><G126/><T57/><D124/><U114/><E114/><V102/><F120/><W65/><G115/><T10/><D131/><U40/><E105/><V11/><F102/><W135/><G135/><T9/><D20/><U121/><E121/><V107/><F107/><W85/><G72/><T50/><D57/><U130/><E130/><V16/><F82/><W61/><G42/><T71/><D53/><U96/><E74/><V129/><F81/><N who="3" m="47143" /><G100/><T108/><D91/><U18/><E1/><V56/><F47/><W62/><G110/><T27/><D27/><U64/><E6/><V59/><F59/><N who="3" m="35063" /><G62/><T92/><D92/><AGARI ba="0,0" hai="19,22,25,65,67,85,90,92" m="35063,47143" machi="92" ten="30,1500,0" yaku="8,1" doraHai="123" who="3" fromWho="0" sc="277,-15,130,0,350,0,243,15" /><INIT seed="3,1,0,1,1,95" ten="262,130,350,258" oya="3" hai0="8,133,126,61,128,29,99,68,103,21,63,53,4" hai1="108,134,123,70,124,117,104,105,20,43,79,46,118" hai2="45,42,78,72,91,83,36,119,19,34,55,2,65" hai3="73,88,93,56,48,1,57,5,107,10,39,92,114"/><W66/><G114/><T127/><D128/><U27/><E70/><V121/><F34/><W69/><G107/><T59/><D133/><U22/><E46/><V15/><F119/><W32/><G39/><T102/><D29/><U80/><E43/><V58/><F2/><W9/><G73/><T44/><D21/><U135/><E27/><V0/><F0/><W129/><G129/><T116/><D116/><N who="1" m="44651" /><E20/><V100/><F100/><W64/><G32/><T60/><D44/><U23/><E23/><V26/><F91/><W18/><G69/><T7/><D103/><U24/><E22/><V30/><F65/><W89/><G48/><T115/><D115/><U12/><E12/><V81/><F121/><W50/><G50/><T94/><D4/><U87/><E24/><V16/><F83/><W120/><G1/><N who="0" m="111" /><D68/><U96/><E123/><V35/><F15/><W14/><G14/><T40/><D40/><U85/><E108/><V37/><F37/><W67/><G120/><T106/><D106/><N who="1" m="41067" /><E87/><V33/><F33/><W98/><G5/><T54/><D59/><N who="3" m="22601" /><G18/><T84/><D84/><AGARI ba="1,0" hai="9,10,64,66,67,84,88,89,92,93,98" m="22601" machi="84" ten="30,5800,0" yaku="8,1,52,1,54,1" doraHai="95" who="3" fromWho="0" sc="262,-61,130,0,350,0,258,61" /><INIT seed="3,2,0,4,1,70" ten="201,130,350,319" oya="3" hai0="113,94,60,118,0,81,73,30,31,103,135,43,95" hai1="7,122,106,5,15,110,3,29,112,32,18,21,102" hai2="75,84,47,93,55,11,20,58,42,40,108,97,26" hai3="59,63,126,49,62,76,120,51,134,128,83,12,24"/><W90/><G120/><T72/><D118/><U22/><E106/><V54/><F75/><W10/><G128/><T82/><D0/><U23/><E102/><V132/><F108/><W92/><G134/><T74/><D43/><U6/><E112/><V25/><F84/><N who="3" m="48231" /><G126/><T119/><D119/><U27/><E110/><V34/><F34/><W115/><G24/><T9/><D9/><N who="1" m="6511" /><E122/><V68/><F26/><W87/><G115/><T57/><D113/><U71/><E71/><V36/><F68/><W38/><G38/><T104/><D104/><U1/><AGARI ba="2,0" hai="1,3,5,6,7,21,22,23,27,29,32" m="6511" machi="1" ten="40,8000,1" yaku="35,5" doraHai="70" who="1" fromWho="1" sc="201,-22,130,86,350,-22,319,-42" owari="179,-32.1,216,-18.4,328,42.8,277,7.7" /></mjloggm>