<mjloggm ver="2.3"><GO type="225" lobby="0"/><UN n0="%E6%81%A5%E6%99%92%E3%81%97" n1="%E3%81%BD%E3%81%A1%E3%81%9F%E3%81%93%E3%82%84" n2="%E3%83%81%E3%83%AF%E3%83%AF%E9%9A%8A%E9%95%B7" n3="%E3%81%95%E3%81%8D%E3%81%9F%E3%81%BE%E6%9E%97%E6%AA%8E" dan="16,17,16,16" rate="2170.53,2216.48,2126.93,2111.00" sx="M,M,M,M"/><TAIKYOKU oya="0"/><INIT seed="0,0,0,2,5,41" ten="250,250,250,250" oya="0" hai0="122,4,124,18,49,103,132,82,133,42,78,17,75" hai1="28,57,68,89,63,52,32,54,104,15,71,27,125" hai2="66,95,114,126,94,87,107,50,1,5,47,31,72" hai3="67,112,117,46,79,13,93,76,58,74,24,80,116"/><T84/><D122/><U43/><E125/><V85/><F72/><W119/><G112/><T134/><D124/><U118/><E118/><V121/><F107/><W113/><G113/><T16/><D4/><U100/><E43/><V44/><F126/><W9/><G79/><T96/><D75/><U61/><E104/><V55/><F114/><W38/><G93/><T6/><D6/><U51/><E100/><V64/><F121/><W36/><G24/><T98/><REACH who="0" step="1"/><D103/><REACH who="0" ten="240,250,250,250" step="2"/><U105/><E105/><V40/><F5/><W53/><G119/><T123/><D123/><U70/><E15/><V22/><F1/><W83/><G74/><T106/><D106/><U29/><E29/><V109/><F31/><W130/><G13/><T128/><D128/><U26/><E26/><V14/><F14/><W90/><G130/><T35/><D35/><U12/><E12/><V8/><F8/><W120/><G9/><T92/><D92/><U21/><E32/><V81/><F94/><W102/><G102/><T115/><D115/><U23/><E23/><V111/><F22/><W86/><G120/><T77/><D77/><U39/><E21/><V73/><F95/><W37/><G117/><T99/><D99/><U33/><E33/><V108/><F73/><W97/><G97/><T59/><D59/><U10/><E27/><V0/><F0/><W131/><G58/><T45/><AGARI ba="0,1" hai="16,17,18,42,45,49,78,82,84,96,98,132,133,134" machi="45" ten="40,12000,1" yaku="1,1,0,1,20,1,52,1,54,1,53,0" doraHai="41" doraHaiUra="135" who="0" fromWho="0" sc="240,130,250,-40,250,-40,250,-40" /><INIT seed="0,1,0,2,3,77" ten="370,210,210,210" oya="0" hai0="134,48,50,47,120,10,32,131,60,101,33,64,0" hai1="70,128,8,28,31,17,104,9,103,34,54,123,59" hai2="67,107,61,18,68,51,66,88,36,78,44,122,125" hai3="4,30,39,135,79,6,111,132,69,89,56,121,52"/><T97/><D120/><U19/><E70/><V133/><F122/><W99/><G121/><T91/><D131/><U7/><E123/><V112/><F112/><W126/><G69/><T116/><D116/><U80/><E128/><V16/><F107/><W46/><G126/><T53/><D134/><N who="3" m="51241" /><G30/><T63/><D91/><U117/><E117/><V26/><F133/><W55/><G111/><T84/><D84/><U124/><E124/><V3/><F125/><W94/><G79/><T118/><D50/><U65/><E65/><V15/><F3/><W100/><G100/><T114/><D63/><U82/><E103/><V75/><F36/><W57/><G57/><T81/><D114/><U92/><E104/><V62/><F26/><W76/><G76/><T85/><D10/><N who="1" m="4203" /><E34/><V96/><F15/><W2/><G2/><T23/><D33/><U41/><E92/><N who="2" m="56327" /><F78/><W25/><G25/><T86/><D0/><U38/><E38/><V27/><F75/><W73/><G73/><T95/><D32/><U22/><E7/><N who="3" m="2602" /><G56/><T5/><D118/><U21/><E41/><AGARI ba="1,0" hai="39,41,46,52,55,89,94,99" m="2602,51241" machi="41" ten="30,2000,0" yaku="20,1,54,1" doraHai="77" who="3" fromWho="1" sc="370,0,210,-23,210,0,210,23" /><INIT seed="1,0,0,0,4,92" ten="370,187,210,233" oya="1" hai0="89,10,117,66,109,74,62,29,86,79,133,76,124" hai1="21,110,87,14,28,102,6,119,32,131,42,67,52" hai2="12,36,71,24,123,135,69,27,77,34,64,60,55" hai3="5,44,38,105,59,84,73,26,16,82,130,75,22"/><U99/><E119/><V94/><F123/><W132/><G132/><T68/><D117/><U58/><E131/><V126/><F36/><W115/><G130/><T13/><D133/><U1/><E67/><V49/><F135/><W118/><G115/><T95/><D109/><U80/><E42/><V20/><F126/><W43/><G118/><T30/><D124/><U114/><E114/><V116/><F116/><W121/><G105/><T19/><REACH who="0" step="1"/><D74/><REACH who="0" ten="360,187,210,233" step="2"/><U104/><E110/><V85/><F71/><W4/><G75/><T106/><D106/><U31/><E32/><V81/><F34/><W56/><G73/><T98/><D98/><U108/><E108/><V61/><F69/><W129/><G121/><T122/><D122/><U100/><E1/><V11/><F85/><W2/><G129/><T0/><D0/><U70/><E70/><V93/><F64/><W65/><G65/><T50/><D50/><U9/><E102/><V3/><F3/><W15/><G2/><T53/><D53/><U37/><E37/><V33/><F55/><W45/><G38/><T41/><D41/><U63/><REACH who="1" step="1"/><E21/><REACH who="1" ten="360,177,210,233" step="2"/><V83/><F20/><W91/><G43/><T107/><D107/><U90/><AGARI ba="0,2" hai="6,9,14,28,31,52,58,63,80,87,90,99,100,104" machi="90" ten="20,18000,2" yaku="1,1,2,1,0,1,7,1,52,1,54,1,53,0" doraHai="92" doraHaiUra="72" who="1" fromWho="1" sc="360,-60,177,200,210,-60,233,-60" /><INIT seed="1,1,0,5,3,20" ten="300,377,150,173" oya="1" hai0="31,107,95,36,67,99,96,80,45,100,3,43,84" hai1="92,59,108,30,7,123,54,35,82,68,97,135,130" hai2="122,132,58,73,64,40,120,117,27,11,10,23,46" hai3="124,62,103,48,32,75,77,133,86,69,22,89,19"/><U37/><E68/><V42/><F117/><W18/><G32/><T90/><D3/><U50/><E123/><V17/><F73/><W5/><G133/><T57/><D67/><U28/><E135/><V113/><F132/><W83/><G124/><T129/><D129/><U119/><E119/><V85/><F113/><W128/><G128/><T105/><D57/><U118/><E118/><V26/><F122/><W106/><G5/><T29/><REACH who="0" step="1"/><D107/><REACH who="0" ten="290,377,150,173" step="2"/><U8/><E130/><V112/><F120/><W111/><G106/><T134/><D134/><U51/><E59/><V110/><F58/><W0/><G0/><T66/><D66/><U65/><E65/><V93/><F64/><W116/><G116/><T61/><D61/><U1/><E1/><V87/><F112/><W78/><G62/><T55/><D55/><U16/><E54/><V109/><F109/><W52/><G52/><T125/><D125/><U41/><E108/><V81/><F110/><W24/><G111/><T127/><D127/><U15/><E41/><V91/><F40/><W72/><G69/><T114/><D114/><U94/><E37/><V131/><F131/><W76/><G48/><T102/><AGARI ba="1,1" hai="29,31,36,43,45,80,84,90,95,96,99,100,102,105" machi="102" ten="20,2700,0" yaku="1,1,0,1,7,1,53,0" doraHai="20" doraHaiUra="49" who="0" fromWho="0" sc="290,40,377,-14,150,-8,173,-8" /><INIT seed="2,0,0,1,2,16" ten="330,363,142,165" oya="2" hai0="71,89,83,34,91,125,100,132,108,65,129,110,18" hai1="43,20,54,101,29,68,113,35,22,106,119,41,123" hai2="36,24,134,61,26,60,73,63,23,98,30,133,7" hai3="69,27,111,28,15,86,122,13,102,50,90,31,8"/><V53/><F36/><W121/><G69/><T127/><D34/><U92/><E119/><V9/><F73/><W44/><G111/><N who="0" m="42539" /><D71/><U21/><E113/><V120/><F120/><W115/><G115/><T38/><D38/><U25/><E123/><V99/><F53/><W49/><G102/><T79/><D65/><U70/><E92/><V55/><F55/><W116/><G116/><T46/><D46/><U74/><E74/><V82/><F82/><W75/><G75/><N who="0" m="43519" /><D129/><U103/><E70/><V95/><F26/><W131/><G131/><T135/><D18/><U87/><E87/><V107/><F107/><W72/><G31/><T12/><D12/><U81/><E81/><V66/><F66/><W6/><G15/><T97/><D91/><U45/><E68/><V17/><F30/><W78/><G72/><T14/><D14/><U76/><E76/><V85/><F7/><W59/><G78/><T56/><D89/><U96/><REACH who="1" step="1"/><E103/><REACH who="1" ten="330,353,142,165" step="2"/><V57/><F134/><N who="0" m="51242" /><D56/><U93/><E93/><AGARI ba="0,1" hai="93,97,100,125,127" m="51242,43519,42539" machi="93" ten="30,7700,0" yaku="14,1,20,1,34,2" doraHai="16" who="0" fromWho="1" sc="330,87,353,-77,142,0,165,0" /><INIT seed="3,0,0,3,4,20" ten="417,276,142,165" oya="3" hai0="95,121,76,130,124,97,71,53,106,11,6,52,19" hai1="57,109,48,23,65,40,54,15,126,82,8,100,29" hai2="105,5,14,132,35,104,26,90,125,67,60,24,88" hai3="112,117,44,119,21,10,72,73,108,107,61,47,80"/><W68/><G112/><T111/><D71/><U128/><E109/><V134/><F125/><W2/><G107/><N who="2" m="41033" /><F35/><W39/><G108/><T36/><D130/><U99/><E128/><V16/><F5/><N who="3" m="1335" /><G47/><T63/><D121/><U115/><E115/><V30/><F30/><W49/><G49/><T79/><D19/><U58/><E126/><V4/><F4/><W59/><G21/><T3/><D124/><U122/><E82/><V28/><F28/><W129/><G129/><T103/><D36/><U102/><E40/><V94/><F90/><W87/><G87/><T25/><D25/><N who="2" m="9834" /><F60/><W51/><G51/><T74/><D53/><U92/><E54/><V127/><F127/><W113/><G113/><T42/><D42/><U66/><E48/><V83/><F67/><N who="3" m="41071" /><G59/><T12/><D111/><U135/><E58/><V86/><F94/><W37/><G37/><T101/><D95/><U133/><E57/><V96/><F96/><W38/><G38/><T75/><D63/><U17/><E92/><V33/><F33/><W27/><G27/><T41/><D97/><U77/><E99/><V50/><F50/><W116/><G80/><T55/><D55/><U0/><E66/><V123/><F123/><W98/><G98/><T78/><D52/><U43/><E65/><V114/><F114/><W91/><G91/><T81/><D12/><U46/><E15/><V45/><F45/><W84/><G84/><T32/><D81/><U13/><E46/><V31/><F31/><W1/><G1/><T69/><D3/><U64/><E0/><V62/><F62/><W118/><G118/><RYUUKYOKU ba="0,0" sc="417,-15,276,-15,142,15,165,15" hai2="14,16,83,86,88,132,134" hai3="39,44,72,73,116,117,119" /><INIT seed="3,1,0,5,4,115" ten="402,261,157,180" oya="3" hai0="82,66,126,62,108,64,57,78,50,55,15,40,69" hai1="14,100,121,133,124,83,73,0,29,134,28,125,44" hai2="76,12,38,85,120,111,112,116,127,92,119,23,95" hai3="5,45,60,68,35,42,26,101,104,128,67,27,21"/><W48/><G128/><T84/><D108/><U88/><E0/><V36/><F112/><W79/><G79/><T94/><D126/><N who="1" m="48747" /><E121/><V97/><F127/><W37/><G48/><T129/><D129/><U113/><E100/><V16/><F120/><W106/><G5/><T33/><D33/><U54/><E113/><V122/><F122/><W25/><G21/><T18/><D69/><U34/><E14/><V80/><F111/><W109/><G109/><T70/><D94/><U132/><E34/><V105/><F105/><W53/><G53/><N who="0" m="34095" /><D40/><U72/><E88/><V107/><F107/><W11/><G11/><N who="0" m="6527" /><D70/><U2/><E2/><V93/><REACH who="2" step="1"/><F97/><REACH who="2" ten="402,261,147,180" step="2"/><N who="3" m="61487" /><G106/><T59/><AGARI ba="1,1" hai="50,55,59,64,66,78,82,84" m="6527,34095" machi="59" ten="30,1100,0" yaku="8,1" doraHai="115" who="0" fromWho="0" sc="402,24,261,-4,147,-4,180,-6" owari="426,52.6,257,5.7,143,-35.7,174,-22.6" /></mjloggm>