<mjloggm ver="2.3"><GO type="225" lobby="0"/><UN n0="%E3%82%AF%E3%82%A3%E3%82%A6" n1="%E3%83%B4%E3%83%A0%EF%BC%99%E3%81%A6" n2="%E4%B8%89%E5%88%86%E5%B0%8F%E5%83%A7" n3="%E5%A4%8F%E9%88%B4%E9%88%B4%E5%A4%8F" dan="16,16,16,16" rate="2085.57,2163.51,2075.42,2098.17" sx="M,M,M,F"/><TAIKYOKU oya="0"/><INIT seed="0,0,0,4,2,20" ten="250,250,250,250" oya="0" hai0="127,106,77,10,52,2,23,69,109,27,121,110,112" hai1="74,58,12,73,4,124,11,116,84,65,39,50,55" hai2="133,36,47,117,51,92,104,79,98,7,37,48,18" hai3="131,101,44,16,3,88,70,53,100,45,128,56,99"/><T83/><D112/><U13/><E116/><V41/><F133/><W62/><G3/><T111/><D121/><U32/><E39/><V54/><F117/><W132/><G132/><T35/><D127/><U59/><E124/><V25/><F104/><W38/><G70/><T93/><D106/><U85/><E32/><V113/><F113/><W29/><G29/><T24/><D69/><U28/><E28/><V134/><F134/><W15/><G38/><T123/><D123/><U126/><E126/><V14/><F7/><W17/><G45/><T19/><D93/><U67/><E73/><V64/><F79/><W95/><G44/><T135/><D135/><U71/><E74/><V30/><F64/><N who="1" m="24649" /><E71/><V31/><F37/><W103/><REACH who="3" step="1"/><G17/><REACH who="3" ten="250,250,250,240" step="2"/><T108/><D108/><U22/><E58/><V97/><F36/><W8/><AGARI ba="0,1" hai="8,15,16,53,56,62,88,95,99,100,101,103,128,131" machi="8" ten="30,12000,2" yaku="1,1,2,1,0,1,54,2,53,1" doraHai="20" doraHaiUra="9" who="3" fromWho="3" sc="250,-60,250,-30,250,-30,240,130" /><INIT seed="1,0,0,2,4,121" ten="190,220,220,370" oya="1" hai0="29,116,1,0,65,48,94,112,68,12,8,31,39" hai1="98,57,72,55,5,84,118,2,19,85,40,102,11" hai2="62,28,24,106,122,132,54,43,30,93,75,76,32" hai3="91,117,34,16,125,23,7,107,70,73,4,129,95"/><U128/><E118/><V114/><F122/><W126/><G107/><T124/><D39/><U37/><E72/><V78/><F106/><W51/><G117/><T115/><D116/><U77/><E128/><V89/><F132/><W83/><G34/><T103/><D124/><N who="3" m="47721" /><G70/><T104/><D104/><U119/><E119/><V21/><F114/><W88/><G51/><T66/><D48/><U61/><E77/><V13/><F43/><W17/><G17/><T135/><D135/><U105/><REACH who="1" step="1"/><E19/><REACH who="1" ten="190,210,220,370" step="2"/><V90/><F75/><W69/><G129/><T108/><D112/><U49/><E49/><V67/><F78/><N who="3" m="44495" /><G69/><T99/><D115/><U86/><E86/><V15/><F76/><W133/><G133/><T109/><D68/><U110/><E110/><N who="0" m="42601" /><D31/><U41/><E41/><V60/><F30/><W82/><G82/><T9/><D29/><U53/><E53/><V3/><F54/><W25/><G91/><T87/><D87/><AGARI ba="0,1" hai="4,7,16,23,25,87,88,95" m="44495,47721" machi="87" ten="30,3900,0" yaku="18,1,54,2" doraHai="121" who="3" fromWho="0" sc="190,-39,210,0,220,0,370,49" /><INIT seed="2,0,0,1,1,2" ten="151,210,220,419" oya="2" hai0="57,41,36,46,80,48,35,61,69,134,34,51,63" hai1="110,125,14,20,100,62,59,92,25,22,119,19,128" hai2="64,118,68,27,120,122,95,126,123,85,99,111,71" hai3="124,24,109,65,45,114,130,121,50,39,76,58,13"/><V79/><F118/><W29/><G121/><T133/><D80/><U135/><E119/><V107/><F64/><W113/><G109/><T44/><D34/><U97/><E110/><V78/><F111/><W83/><G130/><T93/><D93/><U90/><E128/><V33/><F33/><W18/><G124/><T108/><D35/><U75/><E75/><V84/><F27/><W91/><G91/><T52/><D108/><U104/><E125/><V102/><F68/><W15/><G39/><T55/><D134/><U87/><E135/><V31/><F31/><W96/><G96/><T21/><D21/><U10/><E25/><V117/><F71/><W74/><G58/><N who="0" m="35039" /><D133/><U37/><E37/><V54/><F54/><AGARI ba="0,0" hai="10,14,19,20,22,54,59,62,87,90,92,97,100,104" machi="54" ten="30,1000,0" yaku="7,1" doraHai="2" who="1" fromWho="2" sc="151,0,210,10,220,-10,419,0" /><INIT seed="3,0,0,1,4,7" ten="151,220,210,419" oya="3" hai0="1,66,122,2,110,82,55,58,36,16,133,50,37" hai1="128,22,47,3,91,127,124,52,21,44,32,60,65" hai2="57,92,78,19,70,104,76,95,51,125,62,96,72" hai3="46,81,121,33,87,89,25,11,41,108,5,61,12"/><W43/><G121/><T26/><D122/><U34/><E3/><V28/><F104/><W132/><G41/><T77/><D133/><U99/><E128/><V117/><F117/><W73/><G73/><T90/><D110/><U69/><E91/><V134/><F134/><W115/><G115/><T63/><D90/><U106/><E52/><V83/><F28/><W123/><G123/><T112/><D112/><U30/><E32/><V135/><F135/><W35/><G25/><T10/><D37/><U114/><E114/><V23/><F125/><N who="1" m="48201" /><E34/><V107/><F78/><W80/><G132/><T120/><D36/><U49/><E30/><V126/><F126/><W68/><G81/><T6/><D120/><U98/><E47/><V0/><F0/><W93/><G93/><T101/><D101/><N who="1" m="62775" /><E99/><V71/><F107/><W116/><G108/><T74/><D26/><U102/><E102/><V88/><F95/><W119/><G116/><T29/><D29/><U131/><E131/><V94/><F94/><W18/><G18/><T56/><REACH who="0" step="1"/><D16/><REACH who="0" ten="141,220,210,419" step="2"/><U84/><E21/><V4/><F23/><W42/><G119/><T17/><D17/><U86/><E22/><V20/><F20/><W54/><G33/><T31/><D31/><U97/><E97/><V100/><F19/><W67/><G35/><T103/><D103/><U27/><E27/><V113/><F100/><W105/><G105/><T79/><D79/><U48/><E48/><V53/><F51/><N who="3" m="29047" /><G5/><T9/><D9/><U39/><E39/><V64/><F4/><N who="3" m="3175" /><G89/><T59/><D59/><U130/><E130/><V109/><F113/><RYUUKYOKU ba="0,1" sc="141,10,220,10,210,-30,419,10" hai0="1,2,6,10,50,55,56,58,63,66,74,77,82" hai1="44,49,60,65,69,84,86" hai3="42,43,61,67,68,80,87" owari="151,-34.9,230,3.0,180,-22.0,439,53.9" /></mjloggm>