<mjloggm ver="2.3"><GO type="225" lobby="0"/><UN n0="%E7%9A%AE%E3%80%85" n1="%E5%B8%86%E7%AB%8B%E5%A4%8F%E8%A1%A3" n2="%E4%BF%BA%E3%81%A8%E5%A6%96%E5%A4%A2" n3="%E3%83%96%E3%83%83%E3%83%91%E3%82%AA%E3%83%96%E3%83%81%E3%82%AD%E3%83%B3" dan="16,17,16,16" rate="2141.93,2119.87,2118.90,2253.54" sx="F,M,F,M"/><TAIKYOKU oya="0"/><INIT seed="0,0,0,0,3,16" ten="250,250,250,250" oya="0" hai0="113,15,74,82,111,71,101,98,38,60,89,32,95" hai1="28,21,107,108,25,33,13,110,67,119,135,53,54" hai2="34,51,130,17,43,55,10,70,40,79,22,5,102" hai3="4,49,6,83,129,31,88,78,19,52,112,85,63"/><T123/><D123/><U56/><E107/><V87/><F34/><W99/><G112/><T7/><D113/><U62/><E119/><V8/><F70/><W58/><G129/><T61/><D32/><U127/><E127/><V75/><F75/><W65/><G31/><T50/><D38/><U124/><E124/><V44/><F102/><W0/><G0/><T120/><D120/><U3/><E3/><V109/><F109/><N who="1" m="42089" /><E135/><V91/><F79/><W121/><G121/><T47/><D71/><U42/><E42/><N who="2" m="15915" /><F5/><W86/><G99/><T18/><D7/><U77/><E77/><V35/><F35/><W14/><G86/><N who="0" m="50391" /><D74/><U23/><E13/><N who="2" m="9519" /><F130/><W100/><G100/><T59/><D59/><N who="1" m="35183" /><E67/><V1/><F1/><W126/><G78/><T92/><D92/><AGARI ba="0,0" hai="8,10,44,51,55,87,91,92" m="9519,15915" machi="92" ten="30,2000,0" yaku="8,1,52,1" doraHai="16" who="2" fromWho="0" sc="250,-20,250,0,250,20,250,0" /><INIT seed="1,0,0,5,0,41" ten="230,250,270,250" oya="1" hai0="14,51,21,115,134,50,48,119,133,17,100,8,117" hai1="39,127,26,5,68,83,126,47,52,104,79,135,120" hai2="77,35,118,85,7,70,101,110,38,109,37,53,90" hai3="62,28,55,82,131,96,61,27,102,103,2,122,86"/><U59/><E104/><V113/><F35/><W121/><G2/><T111/><D115/><U123/><E5/><V93/><F118/><N who="0" m="45066" /><D100/><U89/><E89/><V116/><F116/><W24/><G131/><T20/><D111/><N who="2" m="42506" /><F70/><W31/><G86/><T15/><D8/><U43/><E26/><V63/><F113/><W99/><REACH who="3" step="1"/><G55/><REACH who="3" ten="230,250,270,240" step="2"/><T94/><D134/><U30/><E135/><V88/><F53/><W46/><G46/><T54/><D133/><U34/><E120/><V91/><F85/><W129/><G129/><T25/><D94/><U97/><E123/><V132/><F132/><W76/><G76/><T125/><D125/><N who="1" m="47627" /><E79/><V9/><F77/><W1/><G1/><T12/><D54/><U32/><E83/><AGARI ba="0,1" hai="24,27,28,31,61,62,82,83,96,99,102,103,121,122" machi="83" ten="25,3200,0" yaku="1,1,22,2,53,0" doraHai="41" doraHaiUra="40" who="3" fromWho="1" sc="230,0,250,-32,270,0,240,42" /><INIT seed="2,0,0,2,3,68" ten="230,218,270,282" oya="2" hai0="59,120,93,114,70,94,73,72,26,43,69,104,108" hai1="5,32,118,13,39,6,92,21,81,1,4,132,115" hai2="31,113,103,131,65,30,110,123,24,36,9,41,52" hai3="121,85,95,90,16,87,18,127,34,44,76,88,100"/><V42/><F113/><W35/><G121/><T75/><D114/><U130/><E115/><V57/><F123/><W20/><G127/><T23/><D120/><U40/><E118/><V64/><F131/><W63/><G76/><T66/><D104/><U112/><E112/><V60/><F110/><W0/><G0/><T33/><D33/><U129/><E32/><V82/><F103/><W117/><G117/><T128/><D128/><N who="1" m="49259" /><E132/><V98/><F98/><W49/><G100/><T124/><D124/><U25/><E92/><V38/><F82/><W11/><G63/><T133/><D133/><U116/><E116/><V99/><F99/><W84/><G11/><T106/><D106/><U97/><E97/><V28/><F24/><W17/><G20/><T2/><D2/><U107/><E81/><V8/><F8/><W3/><G3/><T86/><D108/><U91/><E91/><V56/><F9/><W62/><G62/><T77/><D43/><U122/><E1/><V79/><F79/><W15/><G15/><T46/><D46/><N who="1" m="23839" /><E107/><V12/><F12/><W47/><G87/><T14/><D14/><U96/><E96/><V10/><F10/><W51/><REACH who="3" step="1"/><G18/><REACH who="3" ten="230,218,270,272" step="2"/><N who="0" m="12663" /><D77/><U119/><E122/><V125/><F125/><W126/><G126/><T111/><D111/><U80/><E119/><V102/><F102/><W78/><G78/><T61/><D86/><U55/><E13/><V53/><F30/><W89/><G89/><T83/><D83/><U22/><E80/><V19/><F60/><W58/><G58/><T45/><D45/><U29/><E22/><V135/><F19/><RYUUKYOKU ba="0,1" sc="230,0,218,0,270,0,272,0" hai0="59,61,66,69,70,72,73,75,93,94" hai1="4,5,6,21,25,29,55" hai2="28,31,36,38,41,42,52,53,56,57,64,65,135" hai3="16,17,34,35,44,47,49,51,84,85,88,90,95" /><INIT seed="2,1,1,1,1,83" ten="230,218,270,272" oya="2" hai0="90,113,65,135,107,31,58,93,17,21,101,39,5" hai1="100,54,33,73,43,84,127,102,49,110,36,79,15" hai2="14,23,18,2,112,116,29,28,38,60,114,44,118" hai3="120,61,32,106,121,132,92,122,85,72,3,97,109"/><V70/><F70/><W62/><G3/><T91/><D113/><N who="2" m="43626" /><F60/><W98/><G32/><T19/><D39/><U67/><E73/><V103/><F44/><W69/><G72/><T80/><D135/><U56/><E33/><V88/><F38/><W13/><G109/><T82/><D107/><U68/><E127/><V10/><F103/><N who="1" m="39465" /><E110/><V4/><F88/><N who="0" m="33834" /><D5/><U59/><E68/><V105/><F105/><W8/><G132/><T1/><D1/><U24/><E36/><V47/><F47/><W111/><G111/><T16/><D31/><AGARI ba="1,1" hai="2,4,10,14,18,23,28,29,31,116,118" m="43626" machi="31" ten="30,2900,0" yaku="34,2" doraHai="83" who="2" fromWho="0" sc="230,-32,218,0,270,42,272,0" /><INIT seed="2,2,0,5,5,19" ten="198,218,312,272" oya="2" hai0="65,97,33,21,25,133,98,135,68,131,95,113,107" hai1="34,24,81,30,115,20,124,56,54,76,13,111,4" hai2="79,42,120,17,114,116,110,36,58,0,59,38,104" hai3="121,130,16,39,66,63,44,87,129,41,7,35,117"/><V22/><F114/><W48/><G117/><T57/><D113/><U69/><E111/><V122/><F116/><W94/><G121/><T132/><D33/><U102/><E124/><V85/><F104/><W3/><G35/><T61/><D131/><N who="3" m="50185" /><G3/><T88/><D107/><U75/><E115/><V91/><F0/><W10/><G7/><T109/><D109/><U67/><E102/><V43/><F79/><W100/><G39/><T83/><D83/><U11/><E69/><V126/><F110/><W103/><G10/><T8/><D8/><U1/><E67/><V28/><F28/><W9/><G9/><T70/><D98/><U52/><E56/><V82/><F126/><W93/><G16/><AGARI ba="2,0" hai="16,21,25,57,61,65,68,70,88,95,97,132,133,135" machi="16" ten="40,8000,1" yaku="20,1,52,1,54,2" doraHai="19" who="0" fromWho="3" sc="198,86,218,0,312,0,272,-86" /><AGARI ba="2,0" hai="1,4,11,13,16,20,24,30,34,52,54,75,76,81" machi="16" ten="40,8000,1" yaku="24,2,52,1,54,2" doraHai="19" who="1" fromWho="3" sc="284,0,218,80,312,0,186,-80" /><INIT seed="3,0,0,3,0,104" ten="284,298,312,106" oya="3" hai0="76,19,10,67,112,109,82,121,12,66,80,85,25" hai1="120,132,93,72,48,126,29,14,55,13,74,105,129" hai2="70,36,50,51,34,118,97,5,15,41,130,134,32" hai3="54,52,47,16,103,73,68,92,101,0,22,87,39"/><W113/><G113/><T9/><D121/><U57/><E105/><V31/><F118/><W135/><G68/><T90/><D109/><U56/><E120/><V46/><F70/><W75/><G0/><T111/><D111/><U20/><E126/><V40/><F130/><W17/><G135/><T123/><D123/><U77/><E132/><V100/><F134/><W33/><G33/><T102/><D102/><U81/><E129/><V2/><F2/><W99/><G39/><T7/><D112/><U115/><E115/><V98/><F31/><W59/><G87/><T94/><D82/><U106/><E106/><V60/><F60/><N who="3" m="35943" /><G75/><T45/><D45/><U65/><E74/><V107/><F98/><W69/><G73/><T42/><D42/><U30/><E93/><V61/><F61/><W37/><G37/><T84/><REACH who="0" step="1"/><D25/><REACH who="0" ten="274,298,312,106" step="2"/><U62/><REACH who="1" step="1"/><E30/><REACH who="1" ten="274,288,312,106" step="2"/><V114/><F114/><W23/><G69/><T96/><D96/><U88/><E88/><V35/><F97/><W53/><G103/><T71/><D71/><U131/><E131/><V89/><F100/><W78/><G78/><T3/><AGARI ba="0,2" hai="3,7,9,10,12,19,66,67,76,80,84,85,90,94" machi="3" ten="20,2700,0" yaku="1,1,0,1,7,1,53,0" doraHai="104" doraHaiUra="110" who="0" fromWho="0" sc="274,47,288,-7,312,-7,106,-13" owari="321,42.1,281,-11.9,305,10.5,93,-40.7" /></mjloggm>