<mjloggm ver="2.3"><GO type="225" lobby="0"/><UN n0="%E3%83%A9%E3%82%B9%E7%8E%87%EF%BC%93%E5%89%B2" n1="%43%68%65" n2="%E5%B8%86%E7%AB%8B%E5%A4%8F%E8%A1%A3" n3="%E3%83%A9%E3%82%A4%E3%83%B3%E3%81%AE%E8%99%8E" dan="16,16,17,16" rate="2222.63,2147.99,2169.62,2108.95" sx="F,M,M,M"/><TAIKYOKU oya="0"/><INIT seed="0,0,0,4,3,95" ten="250,250,250,250" oya="0" hai0="40,114,48,72,109,81,59,10,16,67,47,102,120" hai1="7,50,33,127,104,78,103,76,111,43,96,105,34" hai2="36,125,38,27,134,107,87,113,13,77,99,44,91" hai3="37,58,106,52,6,70,100,5,84,68,28,12,112"/><T79/><D114/><U108/><E127/><V20/><F113/><W42/><G112/><T29/><D120/><U71/><E71/><V94/><F125/><W61/><G28/><T4/><D29/><U88/><E7/><V32/><F134/><W0/><G0/><T101/><D109/><N who="1" m="42059" /><E105/><V53/><F32/><N who="1" m="12393" /><E88/><V22/><F13/><W89/><G37/><T1/><REACH who="0" step="1"/><D16/><REACH who="0" ten="240,250,250,250" step="2"/><U92/><E104/><V15/><F107/><W75/><G106/><T41/><D41/><U110/><E110/><V135/><F135/><W126/><G42/><T66/><D66/><U60/><E60/><AGARI ba="0,1" hai="1,4,10,40,47,48,59,60,67,72,79,81,101,102" machi="60" ten="40,2000,0" yaku="1,1,53,0" doraHai="95" doraHaiUra="86" who="0" fromWho="1" sc="240,30,250,-20,250,0,250,0" /><INIT seed="0,1,0,4,4,87" ten="270,230,250,250" oya="0" hai0="127,8,43,59,64,114,16,55,13,111,110,126,96" hai1="108,5,92,81,89,113,132,40,98,58,75,88,83" hai2="130,135,79,72,42,100,131,30,67,123,44,54,78" hai3="0,37,51,60,32,91,103,124,19,4,65,82,34"/><T117/><D114/><U46/><E113/><V24/><F123/><W122/><G37/><T90/><D117/><U6/><E108/><N who="0" m="41513" /><D43/><U18/><E132/><V94/><F135/><W74/><G122/><T120/><D64/><U105/><E105/><V7/><F67/><W56/><G65/><T53/><D120/><U66/><E75/><V48/><F7/><N who="1" m="2569" /><E18/><V12/><F12/><W112/><G112/><T116/><D116/><U99/><E46/><V62/><F72/><W15/><G74/><T1/><D1/><U85/><E40/><V20/><F131/><W119/><G0/><T35/><D35/><U86/><E92/><V11/><F11/><W2/><G2/><T128/><D128/><U61/><AGARI ba="1,0" hai="58,61,66,81,83,85,86,88,89,98,99" m="2569" machi="61" ten="30,7900,0" yaku="8,1,52,2,54,1" doraHai="87" who="1" fromWho="1" sc="270,-40,230,82,250,-21,250,-21" /><INIT seed="1,0,0,2,0,37" ten="230,312,229,229" oya="1" hai0="25,78,0,84,134,9,110,40,63,120,50,124,108" hai1="132,99,70,51,135,96,31,111,93,95,98,61,15" hai2="105,56,102,106,13,101,33,92,32,34,127,12,7" hai3="62,18,8,79,112,73,117,45,49,30,100,53,58"/><U10/><E31/><V55/><F127/><W48/><G112/><T82/><D124/><U39/><E39/><V1/><F1/><W83/><G117/><T67/><D134/><N who="1" m="51243" /><E111/><N who="0" m="42537" /><D25/><U103/><E51/><V19/><F7/><W21/><G100/><T42/><D50/><U125/><E125/><V130/><F130/><W118/><G118/><T65/><D120/><U72/><E72/><V44/><F44/><W68/><G68/><N who="0" m="42047" /><D67/><N who="1" m="41327" /><E103/><V87/><F102/><W129/><G129/><T54/><D54/><U46/><E46/><V91/><F101/><W64/><G48/><T123/><D123/><U2/><E2/><V86/><F13/><W17/><G30/><T69/><D69/><U5/><AGARI ba="0,0" hai="5,10,15,93,95,96,98,99" m="41327,51243" machi="5" ten="30,1500,0" yaku="20,1" doraHai="37" who="1" fromWho="1" sc="230,-5,312,15,229,-5,229,-5" /><INIT seed="1,1,0,1,1,43" ten="225,327,224,224" oya="1" hai0="13,65,118,27,30,33,24,129,135,60,25,121,81" hai1="124,85,53,78,98,41,50,80,103,90,91,7,32" hai2="44,83,76,130,58,62,11,49,29,86,96,68,131" hai3="114,38,55,104,21,54,23,6,3,112,128,120,26"/><U72/><E124/><V52/><F29/><W115/><G104/><T14/><D118/><U28/><E41/><V84/><F68/><W87/><G120/><T133/><D121/><U127/><E127/><V79/><F96/><W77/><G38/><T37/><D37/><U117/><E117/><V0/><F0/><W113/><G128/><N who="2" m="49193" /><F11/><W82/><N who="3" m="28672" /><DORA hai="8" /><W71/><G71/><T35/><D81/><U70/><E70/><V56/><F56/><W18/><REACH who="3" step="1"/><G23/><REACH who="3" ten="225,327,224,214" step="2"/><T108/><D129/><U105/><E105/><V125/><F125/><W48/><G48/><T93/><D35/><U17/><E50/><V111/><F111/><W2/><G2/><T107/><D108/><U116/><E32/><V88/><F84/><W16/><G16/><T110/><D110/><U99/><E17/><V5/><F5/><W10/><AGARI ba="1,1" hai="3,6,10,18,21,26,54,55,77,82,87" m="28672" machi="10" ten="60,4000,0" yaku="1,1,0,1,53,0" doraHai="43,8" doraHaiUra="64,67" who="3" fromWho="3" sc="225,-11,327,-21,224,-11,214,53" /><INIT seed="2,0,0,1,5,40" ten="214,306,213,267" oya="2" hai0="41,31,98,99,10,47,0,119,91,58,115,134,51" hai1="18,19,60,117,70,66,64,8,21,49,77,22,101" hai2="80,124,61,39,28,75,87,15,12,106,107,113,20" hai3="130,132,76,69,48,65,67,133,71,78,110,54,128"/><V4/><F113/><W73/><G73/><T103/><D115/><U104/><E117/><V44/><F75/><W34/><G34/><T127/><D119/><U112/><E112/><V53/><F124/><W13/><G13/><N who="2" m="5193" /><F39/><W32/><G32/><T33/><D134/><N who="3" m="51817" /><G110/><T121/><D121/><U37/><E49/><N who="2" m="28839" /><F107/><W1/><G1/><T123/><D33/><U43/><E8/><V96/><F106/><W42/><G42/><T57/><D31/><U59/><E43/><V38/><F38/><W100/><G100/><T11/><D127/><U105/><E37/><V95/><F4/><W45/><G76/><T29/><D0/><U90/><E77/><N who="2" m="46479" /><F61/><N who="3" m="40111" /><G78/><T72/><D72/><U62/><E105/><V27/><F95/><W93/><G93/><T89/><D123/><U36/><E36/><V2/><F2/><W6/><G6/><T122/><D122/><U7/><E7/><V74/><F74/><W131/><G131/><T85/><D10/><U120/><E120/><V23/><F23/><W46/><G46/><T126/><D11/><U63/><E22/><V116/><F116/><W83/><G83/><T24/><D126/><U111/><E21/><V55/><F55/><W86/><G86/><T82/><D41/><U30/><E104/><V135/><F135/><W102/><G102/><T35/><D103/><U88/><E101/><V125/><F125/><W81/><G81/><T114/><D114/><U109/><E70/><V97/><AGARI ba="0,0" hai="20,27,28,96,97" m="46479,28839,5193" machi="97" ten="30,3000,0" yaku="8,1,52,1" doraHai="40" who="2" fromWho="2" sc="214,-10,306,-10,213,30,267,-10" /><INIT seed="2,1,0,1,3,120" ten="204,296,243,257" oya="2" hai0="110,55,121,58,113,42,13,15,94,126,22,29,19" hai1="101,36,89,86,51,95,134,4,105,92,50,20,69" hai2="85,61,125,3,12,122,63,78,48,16,28,84,9" hai3="124,99,1,88,74,106,116,114,31,111,80,118,57"/><V68/><F122/><W54/><G1/><T53/><D113/><U90/><E36/><V30/><F125/><W87/><G124/><T104/><D104/><U6/><E69/><V39/><F39/><W23/><G114/><T135/><D126/><U130/><E130/><V100/><F100/><W115/><G115/><T44/><D135/><U33/><E33/><V52/><F3/><W103/><G111/><T59/><D29/><N who="2" m="11370" /><F68/><W131/><G131/><T128/><D128/><U75/><E75/><V132/><F132/><W71/><G71/><T49/><D121/><U8/><E134/><V77/><F85/><W27/><REACH who="3" step="1"/><G74/><REACH who="3" ten="204,296,243,247" step="2"/><T127/><D127/><U2/><E2/><V0/><F0/><W72/><G72/><T107/><D110/><U46/><E105/><V24/><F24/><W11/><G11/><T43/><D107/><U40/><E8/><V17/><F17/><W25/><G25/><T7/><D7/><U41/><E6/><V112/><F112/><W117/><G117/><T10/><D10/><U35/><E4/><V56/><F84/><W109/><G109/><T82/><D19/><U66/><E86/><V79/><AGARI ba="1,1" hai="9,12,16,48,52,56,61,63,77,78,79" m="11370" machi="79" ten="30,6000,0" yaku="8,1,54,2" doraHai="120" who="2" fromWho="2" sc="204,-21,296,-21,243,73,247,-21" /><INIT seed="2,2,0,4,3,119" ten="183,275,316,226" oya="2" hai0="1,25,20,19,5,48,88,116,114,35,104,75,36" hai1="76,73,115,4,34,9,67,40,107,132,69,39,124" hai2="74,126,77,13,112,121,101,28,46,82,78,105,0" hai3="96,8,125,16,3,64,50,56,97,83,68,72,90"/><V109/><F121/><W17/><G68/><T24/><D36/><U120/><RYUUKYOKU type="yao9" ba="2,0" sc="183,0,275,0,316,0,226,0" hai1="4,9,34,39,40,67,69,73,76,107,115,120,124,132" /><INIT seed="2,3,0,4,5,47" ten="183,275,316,226" oya="2" hai0="61,125,82,60,7,99,111,102,58,39,66,90,13" hai1="95,86,75,45,53,68,134,65,29,100,131,69,44" hai2="101,122,38,27,77,34,15,88,107,52,85,133,46" hai3="87,110,0,28,117,48,89,55,115,76,126,135,97"/><V50/><F122/><W22/><G117/><T74/><D111/><U114/><E114/><V11/><F133/><W2/><G110/><T17/><D125/><U25/><E75/><V130/><F130/><W104/><G126/><T124/><D39/><U42/><E131/><V57/><F107/><W78/><G135/><T30/><D7/><U83/><E134/><V98/><F77/><W21/><G115/><T54/><D30/><U36/><E65/><V93/><F34/><W106/><G106/><T32/><D32/><U14/><E14/><V109/><F27/><N who="3" m="16495" /><G0/><T4/><D4/><U31/><E31/><V19/><F109/><W81/><G104/><T129/><D129/><U64/><E64/><V121/><F121/><W51/><G2/><T105/><D74/><U63/><E95/><N who="2" m="54671" /><F38/><W40/><G22/><T119/><D119/><U12/><E12/><V108/><F108/><W118/><G97/><T120/><D120/><U26/><E26/><V71/><F71/><W73/><G73/><T91/><D124/><U1/><E1/><V94/><F94/><W84/><G84/><T6/><D82/><U92/><E92/><V5/><F5/><W35/><G35/><T10/><REACH who="0" step="1"/><D6/><REACH who="0" ten="173,275,316,226" step="2"/><U132/><E132/><V70/><F70/><AGARI ba="3,1" hai="10,13,17,54,58,60,61,66,70,90,91,99,102,105" machi="70" ten="30,3900,0" yaku="1,1,2,1,7,1,53,0" doraHai="47" doraHaiUra="116" who="0" fromWho="2" sc="173,58,275,0,316,-48,226,0" /><INIT seed="3,0,0,0,2,100" ten="231,275,268,226" oya="3" hai0="65,24,81,79,50,133,85,74,117,128,10,45,80" hai1="29,108,31,87,14,13,54,30,84,57,52,15,20" hai2="36,16,32,6,42,21,110,1,61,60,127,95,12" hai3="33,92,67,62,78,83,124,11,34,2,27,119,55"/><W112/><G112/><T123/><D128/><U88/><E108/><V72/><F72/><W59/><G119/><T122/><D133/><U73/><E73/><V47/><F110/><W77/><G124/><T98/><D65/><U66/><E66/><V129/><F129/><W125/><G125/><T35/><D117/><U48/><E54/><V3/><F127/><W40/><G40/><T107/><D35/><U8/><E87/><V58/><F32/><W102/><G77/><T49/><D49/><U41/><E41/><V22/><F6/><W134/><G134/><T111/><D24/><N who="1" m="16519" /><E8/><V86/><F22/><W19/><G2/><T63/><D63/><U69/><E69/><V131/><F131/><W56/><G11/><T90/><D10/><U25/><E25/><V103/><F60/><W135/><G135/><T46/><D46/><U26/><E26/><V94/><F94/><AGARI ba="0,0" hai="13,14,15,30,31,48,52,57,84,88,94" m="16519" machi="94" ten="30,3900,0" yaku="8,1,54,2" doraHai="100" who="1" fromWho="2" sc="231,0,275,39,268,-39,226,0" owari="231,3.1,314,41.4,229,-17.1,226,-27.4" /></mjloggm>