<mjloggm ver="2.3"><GO type="225" lobby="0"/><UN n0="%E7%99%BD%E5%80%89%E5%AF%9B%E4%B9%8B" n1="%E5%A4%8F%E3%81%AA%E3%81%AE%E3%81%AB" n2="%E5%91%A8%E6%9D%B1" n3="%E3%83%96%E3%83%83%E3%83%91%E3%82%AA%E3%83%96%E3%83%81%E3%82%AD%E3%83%B3" dan="16,16,17,16" rate="2118.05,2124.67,2195.71,2207.41" sx="M,M,M,M"/><TAIKYOKU oya="0"/><INIT seed="0,0,0,5,0,64" ten="250,250,250,250" oya="0" hai0="66,106,37,35,105,5,93,43,116,127,131,98,86" hai1="61,108,54,103,22,130,58,69,23,2,42,18,11" hai2="72,73,52,133,50,14,77,29,114,110,79,41,20" hai3="67,27,59,34,33,36,8,135,31,17,13,122,132"/><T117/><D35/><N who="3" m="13321" /><G36/><T94/><D66/><U7/><E108/><V76/><F114/><W40/><G40/><T121/><D5/><U88/><E130/><V75/><F110/><W68/><G59/><T102/><D43/><U48/><E103/><V91/><F41/><W26/><G122/><T25/><D25/><N who="3" m="9225" /><G67/><T74/><D37/><U62/><E69/><V115/><F115/><W78/><G78/><T49/><D49/><U10/><E10/><V15/><F133/><N who="3" m="51275" /><G68/><T82/><D121/><U57/><E42/><V71/><F71/><W100/><G100/><T123/><D123/><U65/><E48/><V60/><F60/><W38/><G38/><T28/><D28/><AGARI ba="0,0" hai="8,13,17,28,31" m="51275,9225,13321" machi="28" ten="40,5200,0" yaku="20,1,34,2" doraHai="64" who="3" fromWho="0" sc="250,-52,250,0,250,0,250,52" /><INIT seed="1,0,0,1,0,18" ten="198,250,250,302" oya="1" hai0="36,44,85,56,115,47,58,1,87,0,95,90,7" hai1="16,32,91,77,63,29,24,72,43,106,61,10,11" hai2="40,2,123,122,64,37,104,120,9,53,73,118,50" hai3="96,130,80,13,65,97,133,48,34,30,113,71,25"/><U76/><E106/><V59/><F104/><W31/><G113/><T66/><D115/><U135/><E43/><V67/><F73/><W83/><G130/><T102/><D36/><U92/><E135/><V112/><F9/><W55/><G133/><T125/><D102/><U93/><E93/><V110/><F2/><W127/><G127/><T27/><D125/><U39/><E39/><V129/><F112/><W51/><G31/><T20/><D7/><U49/><E49/><V132/><F132/><W21/><G51/><T117/><D117/><U26/><E10/><V109/><F129/><W28/><G71/><T38/><D38/><U6/><E72/><V57/><F118/><W126/><G65/><N who="2" m="25161" /><F59/><N who="0" m="22570" /><D66/><U19/><E63/><V33/><F33/><W108/><G108/><N who="2" m="41577" /><F37/><W46/><G126/><T23/><D1/><U41/><E61/><V128/><F128/><W74/><G74/><T134/><D0/><U99/><E41/><AGARI ba="0,0" hai="40,41,50,53,57,120,122,123" m="41577,25161" machi="41" ten="40,5200,0" yaku="14,1,34,2" doraHai="18" who="2" fromWho="1" sc="198,0,250,-52,250,52,302,0" /><INIT seed="2,0,0,3,3,93" ten="198,198,302,302" oya="2" hai0="52,48,24,69,82,72,100,123,9,101,16,23,91" hai1="71,37,40,19,104,8,132,135,97,5,51,61,12" hai2="17,131,94,67,53,54,121,133,99,79,74,95,86" hai3="125,110,122,112,105,2,106,60,20,81,102,124,73"/><V33/><F121/><W25/><G122/><T115/><D69/><U119/><E119/><V109/><F33/><W113/><G2/><T7/><D115/><N who="3" m="44105" /><G60/><T78/><D91/><U29/><E37/><V11/><F131/><W117/><G117/><T63/><D63/><U68/><E29/><V35/><F35/><W98/><G110/><T32/><D32/><U15/><E61/><V38/><F38/><W64/><G64/><T118/><D118/><U27/><E27/><V14/><F67/><W58/><G58/><T1/><REACH who="0" step="1"/><D123/><REACH who="0" ten="188,198,302,302" step="2"/><U41/><E71/><V50/><F109/><W34/><G34/><T57/><AGARI ba="0,1" hai="1,7,9,16,23,24,48,52,57,72,78,82,100,101" machi="57" ten="20,12000,2" yaku="1,1,2,1,0,1,7,1,54,2,53,0" doraHai="93" doraHaiUra="83" who="0" fromWho="0" sc="188,130,198,-30,302,-60,302,-30" /><INIT seed="3,0,0,3,0,0" ten="318,168,242,272" oya="3" hai0="82,5,9,23,84,17,45,15,130,34,98,75,31" hai1="42,105,63,44,49,19,83,78,54,68,93,3,43" hai2="62,55,122,114,52,13,88,25,46,74,8,69,108" hai3="60,51,4,18,106,24,113,135,96,103,126,100,119"/><W50/><G113/><T89/><D130/><U20/><E105/><V36/><F114/><W92/><G119/><T133/><D133/><U102/><E3/><V53/><F74/><W61/><G135/><T67/><D75/><U81/><E68/><V66/><F108/><W104/><G126/><T85/><D67/><U57/><E43/><V72/><F72/><W121/><G121/><T30/><D34/><U28/><E28/><V1/><F1/><W111/><G111/><T6/><D98/><U124/><E78/><V26/><F122/><W39/><G39/><T79/><D45/><U95/><E124/><V59/><F69/><W94/><G24/><N who="0" m="16671" /><D31/><U97/><REACH who="1" step="1"/><E93/><AGARI ba="0,0" hai="5,6,9,15,17,79,82,84,85,89,93" m="16671" machi="93" ten="30,3900,0" yaku="8,1,52,2" doraHai="0" who="0" fromWho="1" sc="318,39,168,-39,242,0,272,0" owari="357,45.7,129,-37.1,242,-15.8,272,7.2" /></mjloggm>