<mjloggm ver="2.3"><GO type="225" lobby="0"/><UN n0="%E5%91%A8%E6%9D%B1" n1="%E5%A4%8F%E9%88%B4%E9%88%B4%E5%A4%8F" n2="%70%68%65%6E%6F%6D%65" n3="%43%68%65" dan="17,16,16,16" rate="2204.55,2167.11,2116.64,2202.04" sx="M,F,M,M"/><TAIKYOKU oya="0"/><INIT seed="0,0,0,1,4,73" ten="250,250,250,250" oya="0" hai0="48,127,12,116,53,44,83,20,69,133,131,47,10" hai1="81,104,19,86,102,3,98,125,37,61,78,49,75" hai2="28,101,93,23,40,13,76,22,114,32,121,71,120" hai3="122,17,72,46,33,15,108,118,36,25,119,50,84"/><T113/><D116/><U74/><E37/><V110/><F114/><W107/><G72/><T62/><D113/><U130/><E130/><V89/><F71/><W97/><G36/><T91/><D133/><U9/><E125/><V30/><F110/><W27/><G108/><T132/><D132/><U8/><E49/><V59/><F101/><W6/><G122/><T68/><D131/><U66/><E9/><V63/><F40/><W82/><G6/><T14/><D127/><U80/><E80/><V55/><F32/><W124/><G124/><T129/><D62/><U56/><REACH who="1" step="1"/><E19/><REACH who="1" ten="250,240,250,250" step="2"/><N who="2" m="10607" /><F121/><W77/><G119/><T105/><D129/><U34/><E34/><V92/><F120/><W5/><G33/><T85/><D44/><U103/><E103/><V94/><F30/><W112/><G17/><N who="0" m="8343" /><D105/><U67/><E67/><V0/><F0/><W115/><G118/><T96/><D20/><U26/><E26/><N who="2" m="16479" /><F76/><W38/><G38/><T1/><D1/><U31/><E31/><V99/><AGARI ba="0,1" hai="55,59,63,89,92,93,94,99" m="16479,10607" machi="99" ten="30,1100,0" yaku="8,1" doraHai="73" who="2" fromWho="2" sc="250,-5,240,-3,250,21,250,-3" /><INIT seed="1,0,0,1,3,132" ten="245,237,271,247" oya="1" hai0="103,21,119,118,33,130,6,49,74,68,17,55,39" hai1="120,19,114,1,80,30,48,98,65,9,11,95,22" hai2="108,84,73,70,94,92,112,10,100,50,36,29,42" hai3="47,122,76,37,121,134,35,111,16,126,0,15,107"/><U110/><E120/><V2/><F73/><W3/><G107/><T56/><D33/><U113/><E110/><V69/><F36/><W23/><G35/><T79/><D39/><U91/><E30/><V71/><F108/><W27/><G111/><T81/><D130/><U124/><E124/><V101/><F29/><W20/><G134/><T115/><D115/><U78/><E65/><V24/><F24/><W45/><G76/><T60/><D6/><U87/><E48/><V43/><F112/><W54/><G54/><T58/><D103/><U28/><E28/><V52/><F10/><W117/><G117/><T12/><REACH who="0" step="1"/><D68/><REACH who="0" ten="235,237,271,247" step="2"/><U93/><E1/><V44/><F2/><W96/><G0/><T26/><D26/><N who="1" m="14687" /><E114/><V133/><F133/><W61/><G3/><T4/><D4/><U102/><E113/><V85/><F100/><W116/><G37/><T89/><D89/><U13/><E13/><V86/><REACH who="2" step="1"/><F101/><REACH who="2" ten="235,237,261,247" step="2"/><W72/><G122/><T88/><D88/><U8/><E8/><V46/><F46/><W82/><G121/><T77/><D77/><U75/><E9/><V7/><F7/><W32/><G47/><T90/><D90/><U131/><E11/><V123/><F123/><W38/><G45/><T64/><AGARI ba="0,2" hai="12,17,21,49,55,56,58,60,64,74,79,81,118,119" machi="64" ten="20,2700,0" yaku="1,1,0,1,7,1,53,0" doraHai="132" doraHaiUra="135" who="0" fromWho="0" sc="235,47,237,-13,261,-7,247,-7" /><INIT seed="2,0,0,5,0,13" ten="282,224,254,240" oya="2" hai0="108,38,22,113,35,77,87,68,89,69,20,12,79" hai1="98,29,123,0,1,19,10,5,51,91,40,107,16" hai2="94,34,62,76,95,49,67,104,71,82,90,101,56" hai3="65,115,131,124,32,42,86,110,36,120,57,93,58"/><V7/><F34/><W102/><G120/><T55/><D113/><U75/><E75/><V103/><F104/><W114/><G32/><T39/><D35/><U96/><E29/><V3/><F3/><W97/><G110/><T46/><D108/><U100/><E0/><V117/><F7/><W54/><G124/><T14/><D46/><U122/><E40/><V6/><F6/><W28/><G28/><T47/><D47/><U112/><E51/><V25/><F95/><W52/><G131/><T60/><D87/><U116/><E116/><V88/><F90/><W11/><G42/><T80/><D89/><U132/><E132/><V15/><F15/><W64/><G36/><T53/><D60/><U30/><E30/><V125/><F25/><W8/><G86/><T126/><REACH who="0" step="1"/><D80/><REACH who="0" ten="272,224,254,240" step="2"/><U41/><E112/><V105/><F117/><W48/><G115/><T81/><D81/><U119/><E119/><V111/><F111/><W74/><G114/><T83/><D83/><U70/><E41/><V130/><F82/><W127/><G74/><T78/><D78/><U134/><E134/><V66/><F76/><W73/><G73/><T129/><D129/><U92/><REACH who="1" step="1"/><E70/><REACH who="1" ten="272,214,254,240" step="2"/><V109/><F109/><W43/><G43/><T4/><D4/><U135/><E135/><V106/><F130/><W2/><G2/><T133/><D133/><U33/><E33/><V118/><F118/><W9/><G127/><AGARI ba="0,2" hai="12,14,20,22,38,39,53,55,68,69,77,79,126,127" machi="127" ten="25,3200,0" yaku="1,1,22,2,53,0" doraHai="13" doraHaiUra="21" who="0" fromWho="3" sc="272,52,214,0,254,0,240,-32" /><INIT seed="3,0,0,5,1,54" ten="324,214,254,208" oya="3" hai0="63,37,15,51,52,50,117,9,103,30,29,18,47" hai1="24,42,56,100,33,14,5,39,17,43,62,67,65" hai2="95,86,99,31,82,2,58,28,48,113,112,87,10" hai3="96,92,45,83,116,60,109,79,44,73,93,22,118"/><W127/><G127/><T106/><D37/><U131/><E131/><V102/><F87/><W77/><G109/><T121/><D117/><U1/><E67/><V26/><F2/><W8/><G8/><T69/><D121/><U3/><E100/><V128/><F128/><W6/><G6/><T101/><D106/><U97/><E97/><V124/><F10/><W16/><G79/><T111/><D111/><U25/><E39/><V32/><F31/><N who="0" m="11786" /><D69/><U57/><E1/><V68/><F68/><W80/><G80/><T36/><D36/><U135/><E135/><V64/><F124/><W19/><G93/><T55/><D63/><N who="1" m="38119" /><E33/><V98/><F99/><W59/><G118/><T120/><D120/><U27/><E5/><V107/><F107/><W110/><G110/><T20/><D9/><N who="1" m="6351" /><E3/><V119/><F119/><W123/><G123/><T7/><D7/><U72/><E72/><V115/><F112/><W132/><G132/><T90/><D90/><U84/><E84/><V11/><F115/><W78/><G78/><T74/><D74/><U104/><E104/><V4/><F113/><W134/><G134/><T40/><D40/><U34/><E34/><V129/><F129/><W91/><G116/><T49/><D49/><U126/><E126/><V21/><F32/><W81/><G81/><T105/><D105/><U38/><E38/><V133/><F133/><W53/><G19/><T13/><D13/><AGARI ba="0,0" hai="13,16,22,44,45,53,59,60,73,77,83,91,92,96" machi="13" ten="30,5800,0" yaku="7,1,52,1,54,1" doraHai="54" who="3" fromWho="0" sc="324,-58,214,0,254,0,208,58" /><INIT seed="3,1,0,3,5,98" ten="266,214,254,266" oya="3" hai0="25,50,129,28,31,34,2,38,58,103,36,91,99" hai1="86,22,117,46,75,47,65,130,1,12,104,63,68" hai2="92,111,108,41,118,57,29,126,96,94,123,105,135" hai3="54,87,19,56,73,74,114,11,66,97,100,85,43"/><W51/><G114/><T32/><D2/><U67/><E75/><V55/><F118/><W8/><G74/><T33/><D129/><U26/><E1/><V59/><F41/><W27/><G73/><T70/><D70/><U69/><E117/><V15/><F29/><W3/><G66/><T45/><D91/><U0/><E0/><V10/><F126/><W95/><G43/><T115/><D58/><N who="2" m="22026" /><F55/><W23/><G3/><T128/><D115/><U17/><E130/><V106/><F94/><W79/><G79/><T122/><D122/><U40/><E104/><V84/><F84/><AGARI ba="1,0" hai="8,11,19,23,27,51,54,56,84,85,87,95,97,100" machi="84" ten="40,3900,0" yaku="8,1,52,1" doraHai="98" who="3" fromWho="2" sc="266,0,214,0,254,-42,266,42" owari="266,6.6,214,-18.6,212,-28.8,308,40.8" /></mjloggm>