<mjloggm ver="2.3"><GO type="225" lobby="0"/><UN n0="%E3%83%A9%E3%82%B9%E7%8E%87%EF%BC%93%E5%89%B2" n1="%E7%89%B9%E6%9D%B1%E3%81%AF%E4%B8%96%E7%95%8C%E3%82%92%E6%95%91%E3%81%86" n2="%E7%99%BD%E5%80%89%E5%AF%9B%E4%B9%8B" n3="%E3%81%90%E3%81%A1%E3%82%84%E3%81%BE" dan="17,16,16,16" rate="2198.20,2195.24,2137.52,2120.99" sx="F,M,M,M"/><TAIKYOKU oya="0"/><INIT seed="0,0,0,5,1,126" ten="250,250,250,250" oya="0" hai0="12,6,14,43,86,124,38,90,60,76,16,88,125" hai1="47,65,28,71,96,92,40,109,26,48,104,9,74" hai2="120,101,82,35,113,67,66,135,18,118,78,114,133" hai3="69,20,77,110,130,59,129,51,21,70,107,57,122"/><T0/><D0/><U121/><E121/><V56/><F35/><W37/><G110/><T45/><D6/><U8/><E74/><V64/><F120/><W53/><G122/><T132/><D14/><U33/><E109/><V24/><F118/><W97/><G37/><T108/><D132/><N who="2" m="50762" /><F101/><W22/><G77/><T93/><D108/><U83/><E83/><V102/><F102/><N who="3" m="62927" /><G59/><T72/><D60/><N who="1" m="40359" /><E92/><V19/><F56/><W15/><G15/><T79/><D90/><U68/><E68/><V111/><F111/><W41/><G41/><T99/><D99/><U55/><E40/><V50/><F50/><W128/><AGARI ba="0,0" hai="20,21,22,51,53,57,69,70,128,129,130" m="62927" machi="128" ten="40,8000,1" yaku="19,1,52,3" doraHai="126" who="3" fromWho="3" sc="250,-40,250,-20,250,-20,250,80" /><INIT seed="1,0,0,0,4,112" ten="210,230,230,330" oya="1" hai0="2,32,34,128,76,31,88,49,101,93,120,129,1" hai1="15,68,99,16,14,61,84,22,121,114,97,73,135" hai2="107,125,127,95,111,74,89,46,115,28,56,58,119" hai3="59,6,40,123,94,37,55,38,3,86,17,116,71"/><U117/><E114/><V130/><F115/><W20/><G123/><T83/><D101/><U53/><E121/><V63/><F107/><W47/><G71/><T27/><D49/><U4/><E73/><V132/><F74/><W13/><G38/><T72/><D32/><U133/><E84/><V134/><F28/><W103/><G3/><T126/><D126/><N who="2" m="48138" /><F111/><W60/><G6/><T62/><D62/><U75/><E75/><V70/><F70/><W67/><G103/><T92/><D92/><U0/><E0/><V65/><F56/><W41/><G41/><T87/><REACH who="0" step="1"/><D120/><REACH who="0" ten="200,230,230,330" step="2"/><U36/><E61/><V77/><F46/><W35/><G35/><T29/><D29/><U18/><E36/><V113/><F113/><W9/><G94/><T69/><D69/><U10/><E68/><V45/><F45/><W33/><G33/><T118/><D118/><U102/><E117/><V105/><F119/><W85/><G116/><T66/><D66/><U108/><E102/><V80/><F105/><W96/><G67/><T90/><D90/><U19/><E53/><V131/><F77/><W98/><G60/><T57/><D57/><U12/><E108/><V7/><F80/><W100/><G59/><T11/><D11/><U52/><E52/><V124/><F124/><W110/><G110/><T91/><D91/><U82/><E82/><V106/><F106/><N who="3" m="63751" /><G55/><T51/><D51/><U30/><E30/><V24/><F65/><W79/><G9/><T26/><D26/><U122/><E122/><V25/><F63/><W78/><G78/><T5/><D5/><U81/><E81/><RYUUKYOKU ba="0,1" sc="200,30,230,-10,230,-10,330,-10" hai0="1,2,27,31,34,72,76,83,87,88,93,128,129" /><INIT seed="2,1,1,5,0,47" ten="230,220,220,320" oya="2" hai0="67,58,87,19,61,46,32,92,117,120,124,48,75" hai1="73,69,35,83,39,12,52,135,131,97,33,108,129" hai2="54,63,82,85,109,8,86,79,116,10,44,60,113" hai3="89,80,24,102,59,74,95,1,0,29,106,100,78"/><V31/><F116/><W132/><G132/><T72/><D120/><U6/><E135/><V4/><F113/><W68/><G68/><T93/><D32/><U104/><E39/><V128/><F128/><N who="1" m="49225" /><E69/><V125/><F125/><W81/><G81/><T107/><D107/><U11/><E108/><V26/><F109/><W28/><G59/><T22/><D124/><U127/><E127/><V23/><F86/><N who="3" m="50375" /><G106/><T90/><D93/><U3/><E12/><V30/><F30/><W50/><G50/><T98/><D87/><U53/><E97/><V17/><F31/><W96/><G24/><T121/><D121/><U101/><E101/><V99/><F99/><W55/><G55/><N who="1" m="21066" /><E104/><V122/><F122/><W34/><G102/><T65/><D65/><U71/><E71/><V5/><F10/><W43/><G100/><T25/><D117/><U21/><E21/><V130/><F130/><W88/><G96/><T91/><D91/><U119/><E119/><V84/><F84/><W42/><G88/><T36/><D36/><U51/><E51/><N who="2" m="29031" /><F8/><W2/><G0/><T105/><D105/><U18/><E18/><V123/><F123/><W37/><G1/><T62/><D62/><AGARI ba="1,1" hai="4,5,17,23,26,60,62,63,79,82,85" m="29031" machi="62" ten="30,2900,0" yaku="8,1,52,1" doraHai="47" who="2" fromWho="0" sc="230,-32,220,0,220,42,320,0" /><INIT seed="2,2,0,0,5,28" ten="198,220,262,320" oya="2" hai0="84,109,44,99,120,65,90,50,81,4,48,135,92" hai1="31,21,2,91,52,74,102,47,70,114,118,51,1" hai2="73,121,29,104,62,98,24,126,63,131,132,64,106" hai3="125,19,108,119,56,68,123,57,32,35,85,76,17"/><V72/><F121/><W46/><G123/><T18/><D120/><U39/><E118/><V97/><F126/><W55/><G119/><T107/><D109/><U80/><E114/><V93/><F131/><W116/><G116/><T128/><D128/><U61/><E102/><N who="2" m="62543" /><F62/><W27/><G68/><T25/><D135/><U86/><E74/><V78/><F78/><W82/><G108/><T38/><D107/><U71/><E39/><V30/><F30/><W20/><G125/><T60/><D4/><U16/><E31/><V13/><F13/><W87/><G46/><T95/><D95/><U22/><E22/><V88/><F106/><W101/><G101/><T83/><D83/><U105/><E105/><V110/><F132/><W115/><G115/><T49/><D18/><U103/><E103/><V43/><F43/><W134/><G134/><T42/><D25/><U34/><E34/><N who="2" m="20775" /><F110/><W111/><G111/><T59/><REACH who="0" step="1"/><D49/><REACH who="0" ten="188,220,262,320" step="2"/><U75/><E75/><V9/><F9/><W122/><G17/><T58/><D58/><U33/><E71/><V26/><F26/><W127/><G57/><T54/><D54/><U0/><E33/><V37/><F37/><W14/><G127/><T36/><D36/><U66/><E0/><V113/><F113/><W124/><G124/><T41/><D41/><U12/><AGARI ba="2,1" hai="1,2,12,16,21,47,51,52,61,66,70,80,86,91" machi="12" ten="20,5200,0" yaku="0,1,7,1,54,2" doraHai="28" who="1" fromWho="1" sc="188,-15,220,68,262,-28,320,-15" /><INIT seed="3,0,0,0,4,135" ten="173,288,234,305" oya="3" hai0="111,41,8,67,105,7,79,92,117,4,80,118,87" hai1="125,33,65,61,76,133,16,11,126,74,22,2,30" hai2="57,77,120,88,68,37,131,54,81,70,27,10,114" hai3="26,90,51,69,52,6,32,82,25,39,123,72,112"/><W13/><G112/><T21/><D105/><U71/><E133/><V14/><F114/><W91/><G123/><T31/><D111/><U107/><E107/><V29/><F37/><W102/><G69/><T3/><D67/><U89/><E89/><V83/><F120/><W108/><G39/><T40/><D92/><U24/><E76/><V96/><F131/><W110/><G102/><T42/><REACH who="0" step="1"/><D7/><REACH who="0" ten="163,288,234,305" step="2"/><N who="1" m="1527" /><E74/><V35/><F83/><W66/><G66/><T64/><D64/><U115/><E115/><V78/><F70/><W43/><G72/><T124/><D124/><N who="1" m="47723" /><E33/><V63/><F68/><W94/><G32/><T104/><D104/><U134/><E134/><V47/><F81/><W19/><G110/><T62/><D62/><U85/><E85/><V28/><F35/><W44/><G108/><T9/><D9/><U119/><E119/><V5/><F63/><W97/><G82/><T36/><D36/><U127/><E127/><V101/><F10/><W55/><G94/><T122/><D122/><U46/><E46/><V121/><F47/><W128/><G128/><T53/><D53/><U129/><E129/><V0/><F54/><W12/><G55/><T34/><D34/><U18/><AGARI ba="0,1" hai="16,18,22,24,30,61,65,71" m="47723,1527" machi="18" ten="30,8000,1" yaku="18,1,52,3,54,1" doraHai="135" who="1" fromWho="1" sc="163,-20,288,90,234,-20,305,-40" owari="143,-35.7,378,47.8,214,-18.6,265,6.5" /></mjloggm>