<mjloggm ver="2.3"><GO type="225" lobby="0"/><UN n0="%E3%81%BE%E3%81%A8%E3%81%9F" n1="%E3%83%96%E3%83%83%E3%83%91%E3%82%AA%E3%83%96%E3%83%81%E3%82%AD%E3%83%B3" n2="%E6%9D%B1%E9%A2%A8%E3%81%AE%E3%81%8D%E3%82%83%E3%81%B7%E3%81%95%E3%82%93" n3="%33%74%72%65%65" dan="16,16,16,17" rate="2101.80,2209.28,2179.76,2127.18" sx="M,M,M,F"/><TAIKYOKU oya="0"/><BYE who="2" /><INIT seed="0,0,0,2,3,116" ten="250,250,250,250" oya="0" hai0="55,133,58,20,83,73,41,101,35,19,14,88,95" hai1="62,130,126,107,100,111,56,15,8,99,24,63,127" hai2="23,57,71,93,17,36,132,18,47,106,75,31,54" hai3="33,103,64,52,97,3,43,37,87,10,0,89,129"/><T39/><D133/><U86/><E111/><V40/><F40/><W30/><G129/><UN n2="%E6%9D%B1%E9%A2%A8%E3%81%AE%E3%81%8D%E3%82%83%E3%81%B7%E3%81%95%E3%82%93" /><T85/><D35/><U29/><E130/><V69/><F106/><W65/><G33/><T45/><D101/><U38/><E38/><V110/><F75/><W121/><G30/><T48/><REACH who="0" step="1"/><D73/><REACH who="0" ten="240,250,250,250" step="2"/><U13/><E100/><V6/><F132/><W82/><G103/><T2/><D2/><U42/><E126/><V26/><F110/><W74/><G0/><T49/><D49/><U118/><E127/><V27/><F36/><W59/><G3/><T7/><D7/><U66/><E118/><V113/><F6/><W135/><G74/><T125/><D125/><U131/><E131/><V92/><F113/><W78/><G135/><T77/><D77/><U11/><E107/><V114/><F114/><W4/><G4/><T53/><D53/><U9/><E9/><V81/><F54/><W70/><G52/><T46/><D46/><U134/><E8/><V44/><F23/><W123/><G10/><T21/><D21/><U28/><E11/><V79/><F79/><W1/><G1/><T25/><D25/><U105/><E24/><V80/><REACH who="2" step="1"/><F31/><REACH who="2" ten="240,250,240,250" step="2"/><W117/><G37/><T50/><D50/><U94/><E29/><V51/><F51/><W115/><G115/><T91/><D91/><U119/><E28/><V122/><F122/><N who="3" m="46603" /><G117/><T32/><D32/><U68/><E119/><V98/><F98/><W22/><G97/><T76/><D76/><U16/><E99/><V124/><F124/><W96/><G96/><T128/><D128/><U120/><E120/><V34/><F34/><RYUUKYOKU ba="0,2" sc="240,15,250,-15,240,15,250,-15" hai0="14,19,20,39,41,45,48,55,58,83,85,88,95" hai2="17,18,26,27,44,47,57,69,71,80,81,92,93" /><INIT seed="0,1,2,3,5,114" ten="255,235,255,235" oya="0" hai0="96,87,131,106,0,35,54,9,90,94,89,53,52" hai1="41,118,23,8,44,5,133,127,22,74,26,122,37" hai2="67,88,47,38,104,33,6,86,120,80,62,77,30" hai3="75,125,109,73,57,58,126,66,101,28,46,123,31"/><T64/><D35/><U115/><E115/><V50/><F104/><W42/><G109/><T124/><D124/><N who="3" m="47721" /><G101/><T55/><D131/><U36/><E122/><V70/><F120/><W19/><G123/><T51/><D106/><U7/><E127/><V1/><F38/><N who="3" m="21847" /><G19/><T11/><D64/><U113/><E133/><V116/><F116/><W27/><G31/><T92/><REACH who="0" step="1"/><D0/><REACH who="0" ten="245,235,255,235" step="2"/><U91/><E113/><V108/><F1/><W135/><G135/><T130/><D130/><U99/><E118/><V20/><F33/><N who="3" m="20639" /><G66/><T129/><D129/><U43/><E37/><V29/><F108/><W13/><G13/><T98/><D98/><U63/><E36/><V21/><F29/><W121/><G121/><T81/><D81/><U12/><E99/><V15/><F30/><W72/><AGARI ba="1,3" hai="57,58,72,73,75" m="20639,21847,47721" machi="72" ten="40,1500,0" yaku="18,1" doraHai="114" who="3" fromWho="3" sc="245,-8,235,-5,255,-5,235,48" /><INIT seed="1,0,0,1,4,18" ten="237,230,250,283" oya="1" hai0="3,47,71,88,59,50,129,33,43,82,128,30,25" hai1="96,111,63,127,126,114,115,64,86,62,12,28,27" hai2="42,20,35,21,45,5,79,11,41,69,85,81,19" hai3="113,72,124,83,39,102,78,31,119,60,7,2,84"/><U74/><E74/><V101/><F69/><W14/><G113/><T117/><D71/><U34/><E86/><V95/><F35/><W135/><G135/><T32/><D3/><U17/><E96/><V37/><F42/><W70/><G124/><N who="1" m="47658" /><E63/><V120/><F120/><W76/><G119/><T13/><D33/><U122/><E122/><V134/><F19/><W36/><G2/><T15/><D117/><U68/><E111/><V97/><REACH who="2" step="1"/><F134/><REACH who="2" ten="237,230,240,283" step="2"/><W90/><G70/><T125/><D125/><U112/><E112/><V46/><F46/><W66/><G31/><T94/><D59/><U75/><E75/><V118/><F118/><W80/><G102/><T89/><D128/><U133/><E133/><V109/><F109/><W52/><G72/><T26/><D129/><U110/><E110/><V6/><F6/><W87/><G7/><T55/><D43/><U123/><E123/><V24/><F24/><W121/><G121/><T107/><D32/><U98/><E98/><V44/><F44/><W56/><G56/><T100/><D47/><U131/><E131/><V93/><F93/><W61/><G39/><T40/><D40/><U54/><E54/><V105/><F105/><W130/><G52/><T92/><D107/><U77/><E77/><V10/><F10/><AGARI ba="0,1" hai="10,12,17,27,28,34,62,64,68,114,115" m="47658" machi="10" ten="30,1500,0" yaku="18,1" doraHai="18" who="1" fromWho="2" sc="237,0,230,25,240,-15,283,0" /><INIT seed="1,1,0,1,4,131" ten="237,255,225,283" oya="1" hai0="40,113,34,58,69,62,31,45,102,110,21,121,5" hai1="78,26,117,16,64,70,22,29,18,123,44,30,77" hai2="42,132,27,20,135,90,35,98,97,80,130,53,133" hai3="83,3,91,134,51,43,67,99,0,81,112,104,129"/><U127/><E117/><V33/><F42/><W84/><G112/><T4/><D110/><U38/><E123/><V17/><F53/><W7/><G129/><T49/><D34/><N who="2" m="12810" /><F130/><W106/><G67/><T85/><D113/><U75/><E127/><V119/><F119/><W71/><G71/><T86/><D69/><U14/><E70/><V47/><F47/><W57/><G81/><T95/><D121/><U68/><E68/><V111/><F111/><W88/><G134/><T46/><D46/><U93/><E64/><V63/><F63/><W116/><G116/><T59/><D59/><U61/><E61/><V87/><AGARI ba="1,0" hai="17,20,27,80,87,90,97,98,132,133,135" m="12810" machi="87" ten="40,8000,1" yaku="20,1,52,3" doraHai="131" who="2" fromWho="2" sc="237,-21,255,-41,225,83,283,-21" /><INIT seed="2,0,0,5,3,114" ten="216,214,308,262" oya="2" hai0="45,101,80,130,100,0,57,12,76,38,18,107,19" hai1="98,115,61,48,28,59,51,82,6,104,106,20,81" hai2="26,34,109,68,74,125,36,126,31,33,108,99,58" hai3="41,119,85,63,13,46,129,132,7,118,71,27,17"/><V84/><F74/><W134/><G129/><T97/><D0/><U8/><E115/><V90/><F68/><W73/><G73/><T72/><D130/><U49/><E28/><V4/><F99/><W22/><G85/><T110/><D110/><N who="2" m="42602" /><F58/><W112/><G112/><T105/><D57/><U92/><E20/><N who="2" m="15815" /><F36/><N who="3" m="21799" /><G71/><T128/><D128/><U29/><E29/><V116/><F116/><N who="3" m="44587" /><G7/><T103/><D38/><U121/><E121/><V96/><F96/><W30/><G63/><T67/><D97/><U113/><E113/><V60/><F60/><W86/><G86/><T91/><D72/><U111/><E111/><V39/><F39/><W124/><G124/><N who="2" m="47721" /><F4/><W102/><G102/><T93/><D101/><U10/><E6/><V88/><F90/><W37/><G37/><T83/><D103/><N who="1" m="60871" /><E104/><V95/><AGARI ba="0,0" hai="33,34,84,88,95" m="47721,15815,42602" machi="95" ten="30,11700,0" yaku="14,1,10,1,18,1,54,1" doraHai="114" who="2" fromWho="2" sc="216,-39,214,-39,308,117,262,-39" /><INIT seed="2,1,0,5,1,76" ten="177,175,425,223" oya="2" hai0="10,116,2,87,84,8,29,22,66,5,94,72,106" hai1="132,7,50,33,18,109,39,97,67,12,16,120,86" hai2="60,101,0,96,69,119,20,41,77,92,25,133,123" hai3="104,78,68,128,19,24,99,38,3,1,23,54,36"/><V129/><F0/><W62/><G128/><T14/><D72/><U130/><E39/><V75/><F41/><W6/><G78/><T17/><D106/><U115/><E115/><V118/><F123/><W34/><G34/><T114/><D114/><U135/><E120/><V102/><F102/><W79/><G79/><T61/><D116/><U80/><E130/><V110/><F133/><N who="1" m="51273" /><E109/><V15/><F15/><W13/><G38/><T40/><D40/><U45/><E33/><V56/><F69/><W91/><G36/><T43/><D43/><N who="1" m="24895" /><E97/><V107/><F107/><W31/><G104/><T26/><REACH who="0" step="1"/><D94/><REACH who="0" ten="167,175,425,223" step="2"/><U55/><E55/><V65/><F129/><W37/><G54/><T127/><D127/><U74/><E74/><V103/><F103/><W4/><G37/><T117/><D117/><U93/><E93/><V88/><F101/><W57/><G91/><T48/><D48/><U44/><E67/><V47/><F110/><W100/><G100/><T122/><D122/><U32/><E32/><V125/><F125/><W27/><G62/><T35/><D35/><U64/><E64/><V70/><F119/><W111/><G111/><T51/><D51/><U46/><E46/><V63/><F47/><W124/><G124/><T112/><D112/><U121/><E44/><V71/><F118/><W90/><G90/><T85/><D85/><U30/><E121/><V82/><F63/><W21/><G99/><T81/><D81/><U95/><E95/><V113/><F113/><W89/><G89/><T98/><D98/><U9/><E30/><AGARI ba="1,1" hai="20,25,30,56,60,65,70,71,75,77,82,88,92,96" machi="30" ten="30,5800,0" yaku="7,1,52,1,54,1" doraHai="76" who="2" fromWho="1" sc="167,0,175,-61,425,71,223,0" /><INIT seed="2,2,0,1,4,113" ten="167,114,496,223" oya="2" hai0="38,40,70,76,81,90,16,45,80,118,20,94,31" hai1="108,98,37,104,121,122,36,92,84,111,120,4,17" hai2="55,132,10,48,72,71,125,46,127,44,101,34,28" hai3="130,68,33,116,97,75,86,85,51,42,13,49,61"/><V66/><F72/><W91/><G116/><T64/><D31/><U0/><E0/><V32/><F101/><W63/><G75/><T35/><D35/><U123/><N who="1" m="30720" /><DORA hai="27" /><U15/><E4/><V99/><F99/><W65/><G130/><T58/><D70/><U103/><E104/><V102/><F102/><W21/><G33/><T67/><D58/><U69/><E69/><V114/><F114/><W73/><G73/><T62/><D62/><U128/><E84/><V14/><F132/><W50/><G63/><T109/><D109/><N who="1" m="42059" /><E128/><V25/><F34/><W96/><G85/><T133/><D133/><U74/><E74/><V24/><F24/><W29/><G86/><T79/><D118/><U7/><E7/><V47/><F71/><W3/><G3/><T39/><D79/><U56/><E56/><V77/><F77/><W1/><G1/><T126/><D76/><U11/><AGARI ba="2,0" hai="11,15,17,36,37,92,98,103" m="42059,30720" machi="11" ten="60,4000,0" yaku="13,1,14,1" doraHai="113,27" who="1" fromWho="1" sc="167,-12,114,46,496,-22,223,-12" /><INIT seed="3,0,0,0,1,99" ten="155,160,474,211" oya="3" hai0="127,4,125,0,27,16,128,81,61,94,116,37,80" hai1="111,49,45,55,88,11,124,32,119,7,41,33,50" hai2="96,8,65,86,126,12,106,97,95,100,1,31,89" hai3="40,114,103,72,92,30,48,53,20,17,107,123,15"/><W66/><G114/><T10/><D37/><U42/><E111/><V22/><F126/><N who="0" m="48138" /><D116/><U90/><E124/><V120/><F120/><W84/><G72/><T82/><D128/><U71/><E71/><V43/><F1/><W52/><G123/><T47/><D47/><U46/><E119/><V44/><F65/><W21/><G66/><T24/><D94/><U76/><E76/><V57/><F57/><W19/><G30/><T135/><D135/><U98/><E98/><V51/><F97/><N who="3" m="59815" /><G107/><T63/><D16/><N who="3" m="6217" /><G15/><T113/><D113/><U131/><E131/><V13/><F8/><W105/><G105/><T59/><D63/><U108/><E108/><V28/><F28/><W34/><G34/><T74/><D74/><U104/><E104/><V78/><F78/><W79/><G40/><T5/><D5/><U26/><E26/><N who="2" m="16855" /><F106/><W18/><G48/><T64/><AGARI ba="0,0" hai="0,4,10,24,27,59,61,64,80,81,82" m="48138" machi="64" ten="30,1100,0" yaku="18,1" doraHai="99" who="0" fromWho="0" sc="155,11,160,-3,474,-3,211,-5" owari="166,-23.4,157,-34.3,471,57.1,206,0.6" /></mjloggm>