<mjloggm ver="2.3"><GO type="225" lobby="0"/><UN n0="%E3%81%BF%E3%81%BF%E3%81%9A" n1="%E5%B8%86%E7%AB%8B%E5%A4%8F%E8%A1%A3" n2="%E7%99%BD%E5%80%89%E5%AF%9B%E4%B9%8B" n3="%E9%A6%AC%E5%BC%95%E7%81%AB%33" dan="17,17,16,16" rate="2256.63,2196.16,2130.47,2146.35" sx="M,M,M,M"/><TAIKYOKU oya="0"/><INIT seed="0,0,0,5,2,26" ten="250,250,250,250" oya="0" hai0="102,104,74,42,6,106,16,48,120,55,107,31,68" hai1="88,28,1,56,113,133,19,77,125,22,21,129,103" hai2="105,17,121,0,64,32,69,79,87,45,53,75,130" hai3="110,24,20,43,100,109,122,71,108,101,81,70,61"/><T29/><D120/><U89/><E1/><V34/><F121/><W23/><G122/><T124/><D74/><U36/><E36/><V98/><F130/><W4/><G4/><T5/><D102/><N who="3" m="39529" /><G43/><T131/><D68/><N who="3" m="26153" /><G24/><T134/><D42/><U38/><E38/><V18/><F98/><W27/><G27/><T80/><D80/><U62/><E129/><V58/><F105/><W94/><G81/><T59/><D131/><U76/><E103/><V7/><F75/><W90/><G61/><T92/><D92/><U67/><E113/><V13/><F45/><W54/><G54/><T82/><D82/><U65/><E62/><V30/><F87/><AGARI ba="0,0" hai="20,23,87,90,94,108,109,110" m="26153,39529" machi="87" ten="40,1300,0" yaku="14,1" doraHai="26" who="3" fromWho="2" sc="250,0,250,0,250,-13,250,13" /><INIT seed="1,0,0,1,1,86" ten="250,250,237,263" oya="1" hai0="77,68,117,106,59,20,114,34,62,109,120,108,56" hai1="84,101,81,16,125,25,73,39,72,8,58,30,83" hai2="27,133,102,47,13,87,44,103,3,99,91,116,131" hai3="32,82,85,94,50,37,45,71,67,48,54,64,60"/><U123/><E39/><V90/><F3/><W69/><G32/><T118/><D34/><U88/><E123/><V43/><F116/><N who="0" m="44650" /><D106/><U107/><E125/><V63/><F131/><W35/><G35/><T18/><D77/><U92/><E73/><V97/><F133/><W29/><G29/><T122/><D68/><U36/><E36/><V76/><F27/><W104/><G104/><T17/><D56/><U119/><E119/><V113/><F113/><W53/><G37/><T127/><D127/><U135/><E135/><V79/><F63/><W7/><G7/><T1/><D1/><U28/><E58/><V57/><F57/><W4/><G4/><T19/><D20/><N who="1" m="13447" /><E8/><V49/><F13/><W6/><G6/><T5/><D5/><U61/><E61/><V21/><F21/><W11/><G11/><T2/><D2/><U12/><E12/><V22/><F22/><W134/><G134/><T52/><D114/><U10/><E10/><V14/><F14/><W24/><G24/><T105/><D105/><U55/><E55/><V41/><F87/><W111/><G71/><T46/><D46/><U31/><E72/><V74/><F74/><W23/><G23/><T89/><D122/><U75/><E75/><V38/><F38/><W26/><G26/><T130/><D130/><U115/><E115/><V42/><F42/><W124/><G124/><T96/><D120/><U65/><E65/><V132/><F132/><W110/><G67/><T15/><D15/><U0/><E0/><V51/><AGARI ba="0,0" hai="41,43,44,47,49,51,76,79,90,91,97,99,102,103" machi="51" ten="25,12000,2" yaku="0,1,22,2,8,1,52,2" doraHai="86" who="2" fromWho="2" sc="250,-30,250,-60,237,120,263,-30" /><INIT seed="2,0,0,0,2,130" ten="220,190,357,233" oya="2" hai0="39,43,61,36,110,42,4,81,45,124,76,49,35" hai1="116,103,112,34,72,91,53,29,71,106,122,135,22" hai2="3,32,100,97,99,111,2,101,59,131,24,41,117" hai3="37,28,38,12,88,54,13,69,115,82,63,15,84"/><V90/><F117/><W0/><G0/><T67/><D35/><U95/><E112/><V75/><F75/><W119/><G119/><T133/><D4/><U62/><E116/><V94/><F131/><W64/><G115/><T125/><D110/><U79/><E135/><V113/><F113/><W98/><G28/><T51/><D133/><U33/><E122/><V129/><F129/><W46/><G46/><N who="0" m="25815" /><D81/><U109/><E109/><V57/><F41/><W25/><G25/><T11/><D11/><U44/><E44/><V126/><F126/><N who="0" m="48746" /><D76/><U93/><E79/><V74/><F74/><W108/><G108/><T104/><D104/><U85/><E106/><V65/><F32/><W80/><G80/><T30/><D30/><U14/><E72/><V7/><F7/><W19/><G19/><T55/><D43/><U66/><E34/><V18/><F18/><W60/><G98/><T20/><D20/><U114/><E114/><V134/><F99/><W21/><G21/><T68/><AGARI ba="0,0" hai="36,39,45,51,55,61,67,68" m="48746,25815" machi="68" ten="30,4000,0" yaku="18,1,34,2" doraHai="130" who="0" fromWho="0" sc="220,40,190,-10,357,-20,233,-10" /><INIT seed="3,0,0,0,0,107" ten="260,180,337,223" oya="3" hai0="91,29,8,88,120,38,27,127,54,20,92,72,117" hai1="111,18,104,48,83,17,115,14,77,49,47,30,119" hai2="44,132,1,0,103,31,41,123,53,100,73,101,74" hai3="3,50,135,37,94,90,9,68,15,25,35,122,84"/><W46/><G122/><T99/><D117/><U33/><E115/><V81/><F123/><W4/><G68/><T71/><D127/><U52/><E119/><V113/><F113/><W2/><G37/><T128/><D128/><U114/><E114/><V69/><F69/><W95/><G135/><T40/><D120/><U121/><E104/><V67/><F67/><W86/><G35/><T12/><D71/><U109/><E121/><V130/><F130/><W85/><G25/><T6/><D38/><U64/><E64/><V134/><F53/><W87/><REACH who="3" step="1"/><G95/><REACH who="3" ten="260,180,337,213" step="2"/><T133/><D133/><N who="2" m="51306" /><F81/><W11/><G11/><T21/><D21/><U102/><E33/><V51/><F31/><W79/><G79/><T28/><D28/><U5/><E30/><V126/><F126/><W61/><G61/><T43/><D29/><U16/><E49/><V93/><F93/><W66/><G66/><T78/><D20/><U112/><E112/><V58/><F58/><W125/><G125/><T59/><D27/><U13/><E102/><V98/><F98/><W75/><G75/><AGARI ba="0,1" hai="0,1,41,44,51,73,74,75,100,101,103" m="51306" machi="75" ten="40,8000,1" yaku="20,1,52,3" doraHai="107" who="2" fromWho="3" sc="260,0,180,0,337,90,213,-80" owari="260,6.0,180,-22.0,427,52.7,133,-36.7" /></mjloggm>