<mjloggm ver="2.3"><GO type="225" lobby="0"/><UN n0="%E5%A4%8F%E9%88%B4%E9%88%B4%E5%A4%8F" n1="%E3%83%96%E3%83%83%E3%83%91%E3%82%AA%E3%83%96%E3%83%81%E3%82%AD%E3%83%B3" n2="%E5%91%A8%E6%9D%B1" n3="%E8%90%BD%E6%97%A5" dan="16,16,17,17" rate="2096.81,2150.57,2151.41,2210.71" sx="F,M,M,F"/><TAIKYOKU oya="0"/><INIT seed="0,0,0,2,1,20" ten="250,250,250,250" oya="0" hai0="135,112,125,24,78,106,71,16,27,33,49,97,127" hai1="75,108,79,46,10,54,48,40,23,35,69,66,64" hai2="82,77,34,28,8,92,53,38,4,111,25,17,5" hai3="26,95,45,133,67,7,68,100,2,109,52,22,56"/><T98/><D112/><U39/><E35/><V51/><F111/><W29/><G109/><T85/><D71/><U86/><E75/><V123/><F38/><W87/><G133/><T73/><D73/><U72/><E72/><V93/><F17/><W121/><G121/><T101/><D135/><U115/><E108/><V83/><F123/><W36/><G68/><T58/><D33/><U107/><E107/><V55/><F5/><W76/><G2/><T124/><D98/><U41/><E115/><V44/><F55/><W18/><G7/><T131/><D16/><U63/><E10/><V94/><REACH who="2" step="1"/><F77/><REACH who="2" ten="250,250,240,250" step="2"/><W128/><G76/><T9/><D131/><U47/><E79/><V42/><F42/><W3/><G128/><T65/><D9/><U37/><E54/><V130/><F130/><W89/><G36/><T114/><D114/><U88/><E39/><V30/><F30/><W104/><G29/><T103/><D65/><U119/><E66/><V113/><F113/><W126/><G67/><T0/><D0/><AGARI ba="0,1" hai="0,4,8,25,28,34,44,51,53,82,83,92,93,94" machi="0" ten="40,2600,0" yaku="1,1,52,1,53,0" doraHai="20" doraHaiUra="13" who="2" fromWho="0" sc="250,-26,250,0,240,36,250,0" /><INIT seed="1,0,0,4,2,16" ten="224,250,276,250" oya="1" hai0="58,91,45,66,1,88,18,34,120,60,107,110,78" hai1="54,53,117,67,4,95,69,108,104,59,125,114,77" hai2="97,93,17,38,126,43,64,39,62,111,81,57,92" hai3="106,134,25,24,124,12,0,19,52,50,9,98,129"/><U55/><E104/><V71/><F111/><W30/><G124/><T119/><D110/><U65/><E108/><V122/><F122/><W89/><G129/><T48/><D119/><U20/><E114/><V130/><F126/><W83/><G134/><T33/><D120/><U100/><E69/><V76/><F130/><W115/><G115/><T74/><D107/><U87/><E59/><V35/><F35/><W2/><G25/><T99/><D1/><U96/><E117/><V49/><F93/><W116/><G116/><T84/><D18/><U51/><E4/><V27/><F43/><W8/><G8/><T132/><D132/><U80/><E125/><V75/><F49/><W5/><G5/><T22/><D22/><U79/><E51/><V11/><F71/><W86/><G98/><T28/><D74/><U101/><E101/><V47/><F47/><N who="3" m="27743" /><G106/><T135/><D135/><U121/><E121/><V85/><F75/><W56/><G56/><T63/><D60/><U14/><REACH who="1" step="1"/><E79/><REACH who="1" ten="224,240,276,250" step="2"/><V36/><F36/><W70/><G70/><T90/><D99/><U102/><E102/><V21/><F11/><W109/><G109/><T44/><D45/><U118/><E118/><V31/><F17/><AGARI ba="0,1" hai="14,17,20,53,54,55,65,67,77,80,87,95,96,100" machi="17" ten="40,7700,0" yaku="1,1,8,1,52,1,53,0" doraHai="16" doraHaiUra="112" who="1" fromWho="2" sc="224,0,240,87,276,-77,250,0" /><INIT seed="1,1,0,4,0,133" ten="224,327,199,250" oya="1" hai0="112,85,10,36,59,17,89,48,99,84,47,53,101" hai1="72,98,107,3,38,69,22,74,4,93,61,40,21" hai2="51,120,23,71,7,46,50,78,117,14,105,103,25" hai3="27,45,28,58,44,75,54,62,106,134,16,37,57"/><U115/><E115/><V19/><F120/><W33/><G134/><T95/><D112/><U13/><E107/><V111/><F117/><W113/><G113/><T6/><D17/><U68/><E3/><V87/><F111/><W123/><G123/><T43/><REACH who="0" step="1"/><D101/><REACH who="0" ten="214,327,199,250" step="2"/><U96/><E4/><V60/><F7/><W64/><G16/><T63/><D63/><U15/><E61/><V41/><F60/><W76/><G62/><T12/><AGARI ba="1,1" hai="6,10,12,36,43,47,48,53,59,84,85,89,95,99" machi="12" ten="20,2700,0" yaku="1,1,0,1,7,1,53,0" doraHai="133" doraHaiUra="110" who="0" fromWho="0" sc="214,40,327,-14,199,-8,250,-8" /><INIT seed="2,0,0,4,3,116" ten="254,313,191,242" oya="2" hai0="110,134,89,45,108,56,83,97,46,85,13,117,96" hai1="121,25,66,15,52,130,27,75,62,37,49,21,106" hai2="74,53,59,30,19,115,42,93,107,23,90,73,91" hai3="60,103,100,69,65,18,33,77,48,43,26,104,135"/><V12/><F107/><W67/><G135/><T120/><D117/><U123/><E37/><V6/><F115/><W119/><G119/><T109/><D134/><U41/><E41/><V0/><F42/><W95/><G67/><T31/><D120/><N who="1" m="46155" /><E75/><V17/><F30/><W32/><G95/><T99/><D31/><U3/><E3/><V94/><F19/><W54/><G43/><T64/><D13/><U86/><E130/><V122/><F122/><W57/><G77/><T38/><D38/><U61/><E86/><V20/><F20/><W4/><G4/><T39/><D39/><U5/><E106/><V111/><F111/><W118/><G118/><T71/><D71/><N who="1" m="42447" /><E62/><AGARI ba="0,0" hai="45,46,56,62,64,83,85,89,96,97,99,108,109,110" machi="62" ten="50,1600,0" yaku="14,1" doraHai="116" who="0" fromWho="1" sc="254,16,313,-16,191,0,242,0" /><INIT seed="3,0,0,3,4,104" ten="270,297,191,242" oya="3" hai0="67,3,97,10,1,93,59,36,66,54,107,48,17" hai1="134,31,43,78,131,58,120,83,123,80,98,49,113" hai2="34,32,84,90,92,5,27,81,126,29,79,2,12" hai3="88,116,51,0,130,77,63,19,135,95,42,37,133"/><W8/><G116/><T26/><D107/><U94/><E31/><V11/><F126/><W14/><G37/><T35/><D36/><U45/><E113/><V101/><F101/><W25/><G0/><T50/><D48/><U55/><E131/><V56/><F56/><W127/><G130/><T99/><D99/><U65/><E134/><N who="3" m="51210" /><G127/><T100/><D1/><U30/><E30/><V103/><F103/><W73/><G63/><T9/><D35/><U15/><E15/><V112/><F112/><W22/><G51/><T53/><D54/><U64/><E64/><N who="0" m="24617" /><D3/><U118/><E65/><V46/><F46/><W109/><G42/><T105/><D105/><U87/><E83/><V61/><F61/><W68/><G109/><T125/><D125/><U117/><E117/><V74/><REACH who="2" step="1"/><F2/><REACH who="2" ten="270,297,181,242" step="2"/><W70/><G70/><T24/><D59/><U62/><E118/><V124/><F124/><W39/><G68/><T44/><D44/><U71/><E71/><V85/><F85/><N who="3" m="52623" /><G39/><T128/><D128/><U96/><E96/><V13/><F13/><W33/><G33/><AGARI ba="0,1" hai="5,11,12,27,29,32,33,34,74,79,81,84,90,92" machi="33" ten="30,7700,0" yaku="1,1,7,1,52,1,53,1" doraHai="104" doraHaiUra="21" who="2" fromWho="3" sc="270,0,297,0,181,87,242,-77" /><INIT seed="4,0,0,4,4,121" ten="270,297,268,165" oya="0" hai0="26,48,124,25,82,24,80,72,16,19,45,100,104" hai1="131,117,129,11,127,2,41,89,61,3,118,30,43" hai2="83,67,79,57,102,18,71,23,1,5,90,39,103" hai3="49,21,120,109,81,122,38,22,44,47,13,32,7"/><T97/><D124/><U70/><E127/><V99/><F39/><W98/><G32/><T133/><D133/><U46/><E30/><V125/><F125/><W64/><G38/><T66/><D66/><N who="1" m="41295" /><E89/><V27/><F71/><W106/><G64/><T29/><D29/><U53/><E53/><V73/><F5/><W58/><G58/><T116/><D116/><N who="1" m="44651" /><E43/><V60/><REACH who="2" step="1"/><F1/><REACH who="2" ten="270,297,258,165" step="2"/><W123/><G81/><T20/><D72/><U17/><E2/><V75/><F75/><W56/><G56/><T59/><D59/><U96/><E3/><V34/><F34/><W87/><G87/><T76/><D76/><U6/><E6/><V93/><AGARI ba="0,1" hai="18,23,27,57,60,67,73,79,83,90,93,99,102,103" machi="93" ten="30,2000,0" yaku="1,1,0,1,53,0" doraHai="121" doraHaiUra="36" who="2" fromWho="2" sc="270,-10,297,-5,258,30,165,-5" /><INIT seed="5,0,0,3,0,90" ten="260,292,288,160" oya="1" hai0="71,126,100,66,113,20,91,46,92,53,120,69,57" hai1="14,65,27,0,106,123,114,101,1,13,102,45,3" hai2="19,41,131,108,39,40,63,28,38,36,10,44,97" hai3="121,74,25,23,54,18,30,78,24,133,22,95,118"/><U73/><E73/><V79/><F108/><W56/><G121/><T62/><D113/><U21/><E123/><V117/><F117/><W122/><G122/><T50/><D126/><U42/><E65/><V124/><F124/><W37/><G133/><T88/><D120/><U35/><E35/><V86/><F131/><W128/><G128/><T93/><D20/><U80/><E80/><V75/><F75/><W83/><G37/><T77/><D77/><U115/><E14/><V68/><F28/><W112/><G112/><N who="1" m="43050" /><E13/><V119/><F119/><W84/><G118/><T85/><D100/><U7/><E7/><V12/><F41/><W89/><G74/><T52/><D66/><U64/><E106/><V110/><F110/><W5/><G5/><T11/><D11/><U59/><E59/><V107/><F68/><W48/><REACH who="3" step="1"/><G78/><REACH who="3" ten="260,292,288,150" step="2"/><T94/><D94/><AGARI ba="0,1" hai="18,22,23,24,25,30,48,54,56,83,84,89,94,95" machi="94" ten="40,12000,2" yaku="1,1,2,1,8,1,52,2,53,1" doraHai="90" doraHaiUra="15" who="3" fromWho="0" sc="260,-120,292,0,288,0,150,130" /><INIT seed="6,0,0,3,5,51" ten="140,292,288,280" oya="2" hai0="73,124,125,29,48,89,131,27,6,134,85,38,24" hai1="95,99,23,107,115,49,11,98,86,126,13,56,19" hai2="130,64,71,69,31,104,8,70,120,77,53,43,135" hai3="78,20,110,97,102,68,72,101,129,108,103,121,87"/><V92/><F120/><W88/><G68/><T105/><D38/><U12/><E115/><V3/><F104/><W67/><G67/><T41/><D73/><U119/><E126/><N who="0" m="48745" /><D105/><U111/><E119/><V18/><F31/><W33/><G33/><T30/><D6/><N who="1" m="3191" /><E107/><V28/><F28/><N who="0" m="10858" /><D134/><U37/><E37/><V22/><F135/><W54/><G121/><T50/><D131/><U60/><E49/><N who="0" m="19049" /><D41/><U5/><E5/><V90/><F43/><W4/><G129/><T45/><D45/><U0/><E0/><V91/><F3/><W94/><G4/><T35/><D35/><U55/><E111/><N who="3" m="42538" /><G20/><T123/><D123/><U81/><E95/><AGARI ba="0,0" hai="24,27,85,89,95" m="19049,10858,48745" machi="95" ten="30,1000,0" yaku="18,1" doraHai="51" who="0" fromWho="1" sc="140,10,292,-10,288,0,280,0" /><INIT seed="7,0,0,5,0,30" ten="150,282,288,280" oya="3" hai0="53,118,116,22,21,120,89,16,113,3,33,35,66" hai1="55,14,36,79,108,104,70,85,60,112,47,51,46" hai2="69,29,119,101,102,93,5,128,28,37,130,121,49" hai3="76,67,44,64,23,57,10,8,83,1,109,87,18"/><W84/><G109/><T12/><D66/><N who="3" m="25129" /><G1/><T25/><D53/><U40/><E104/><V94/><F37/><W124/><G124/><T90/><D89/><U27/><E108/><V131/><F119/><N who="0" m="45610" /><D90/><U7/><E112/><V106/><F69/><W111/><G111/><T91/><D91/><U110/><E110/><V2/><F121/><W24/><G84/><T0/><D120/><U74/><E74/><V72/><F72/><W96/><G96/><T45/><D45/><U134/><E134/><V63/><F63/><W103/><G103/><N who="2" m="39433" /><F106/><W31/><G44/><T88/><D88/><U65/><E27/><V6/><F49/><W92/><G92/><N who="2" m="35433" /><F2/><N who="0" m="554" /><D113/><U39/><E39/><V105/><F105/><W126/><G126/><T56/><D56/><U117/><E117/><V54/><F54/><W68/><G68/><T81/><D81/><U58/><E47/><V19/><F19/><AGARI ba="0,0" hai="12,16,19,21,22,25,33,35" m="554,45610" machi="19" ten="30,8000,1" yaku="34,2,52,2,54,1" doraHai="30" who="0" fromWho="2" sc="150,80,282,0,288,-80,280,0" owari="230,-17.0,282,38.2,208,-29.2,280,8.0" /></mjloggm>