<mjloggm ver="2.3"><GO type="225" lobby="0"/><UN n0="%E3%82%A4%E3%83%BC%E3%82%B1%E3%83%97%E3%83%A9" n1="%E3%83%96%E3%83%83%E3%83%91%E3%82%AA%E3%83%96%E3%83%81%E3%82%AD%E3%83%B3" n2="%E3%83%A9%E3%82%B9%E7%8E%87%EF%BC%93%E5%89%B2" n3="%E3%83%B4%E3%83%A0%EF%BC%99%E3%81%A6" dan="16,16,17,16" rate="2189.29,2172.98,2210.68,2190.13" sx="M,M,F,M"/><TAIKYOKU oya="0"/><INIT seed="0,0,0,3,2,124" ten="250,250,250,250" oya="0" hai0="60,33,103,113,68,65,22,109,19,61,15,44,76" hai1="30,83,8,45,114,79,11,129,128,2,48,0,38" hai2="118,43,42,66,27,3,36,55,53,54,117,23,102" hai3="56,81,70,74,93,105,108,63,73,32,57,121,62"/><T25/><D113/><U122/><E122/><V71/><F3/><W10/><G105/><T130/><D76/><U17/><E38/><V96/><F36/><W119/><G119/><N who="2" m="45577" /><F66/><W58/><G32/><T50/><D109/><U47/><E30/><N who="2" m="17791" /><F71/><W94/><G70/><T110/><D110/><U6/><E114/><V86/><F86/><W40/><G108/><T97/><D61/><U101/><E101/><V127/><F127/><W51/><G121/><T80/><D80/><U125/><E125/><V41/><F55/><W69/><G69/><T26/><D33/><U85/><E17/><V5/><F5/><W78/><G73/><T4/><D4/><N who="1" m="1031" /><E48/><V46/><F46/><W64/><G40/><N who="2" m="10241" /><V99/><DORA hai="28" /><F99/><W29/><G29/><T112/><D112/><U123/><E123/><V82/><F82/><W13/><G51/><T67/><D67/><U49/><E49/><V39/><F39/><W111/><G111/><T98/><D50/><U135/><E135/><V95/><AGARI ba="0,0" hai="53,54,95,96,102" m="10241,17791,45577" machi="95" ten="40,1500,0" yaku="12,1" doraHai="124,28" who="2" fromWho="2" sc="250,-7,250,-4,250,15,250,-4" /><INIT seed="1,0,0,5,4,89" ten="243,246,265,246" oya="1" hai0="133,36,22,90,125,120,42,61,34,19,28,98,127" hai1="2,122,131,121,117,48,66,7,75,51,67,107,111" hai2="38,97,31,115,41,53,130,124,10,106,5,119,33" hai3="126,3,62,29,40,54,27,108,17,21,87,45,88"/><U72/><E117/><V39/><F119/><W30/><G3/><T68/><D133/><U81/><E107/><V132/><F130/><W69/><G108/><T134/><D134/><U4/><E131/><V23/><F124/><N who="0" m="47690" /><D120/><U13/><E2/><V93/><F106/><W9/><G126/><T86/><D98/><U0/><E0/><V65/><F33/><W15/><G69/><T112/><D112/><U47/><E111/><V99/><F99/><W91/><G30/><T57/><D68/><U118/><E118/><V14/><F115/><W135/><G135/><T109/><D109/><U84/><E13/><V20/><F53/><W71/><G71/><T64/><D42/><U70/><E70/><V18/><F41/><W73/><G73/><T46/><D46/><U32/><E32/><V114/><F65/><W102/><G102/><T52/><D36/><U77/><E84/><V80/><F80/><W35/><G35/><T76/><D76/><U96/><E81/><V6/><F114/><W25/><G25/><N who="0" m="18703" /><D64/><U59/><E96/><V63/><F39/><W16/><G29/><T101/><D101/><U113/><E113/><V11/><F38/><W85/><G85/><T49/><D49/><U103/><E103/><V24/><F132/><W105/><G105/><T79/><D79/><U129/><E77/><V37/><F37/><N who="3" m="21647" /><G87/><T128/><D128/><U12/><E129/><V44/><F44/><W50/><G50/><T55/><D86/><U116/><E47/><V1/><F97/><W58/><G54/><N who="0" m="33975" /><D90/><U110/><E116/><V74/><F31/><W83/><G83/><RYUUKYOKU ba="0,0" sc="243,15,246,-15,265,-15,246,15" hai0="19,22,52,55" hai3="9,15,16,17,21,27,58,62,88,91" /><INIT seed="2,1,0,5,5,134" ten="258,231,250,261" oya="2" hai0="24,90,81,128,106,75,16,133,91,121,86,70,69" hai1="74,130,45,39,25,135,13,65,73,37,77,61,8" hai2="18,57,62,46,43,40,48,53,50,83,23,12,54" hai3="10,108,56,66,3,6,63,51,129,113,42,88,0"/><V19/><F83/><W96/><G108/><T125/><D121/><U78/><E135/><V124/><F124/><W44/><G129/><T71/><D133/><U4/><E130/><V119/><F119/><W1/><REACH who="3" step="1"/><G113/><REACH who="3" ten="258,231,250,251" step="2"/><T21/><D128/><U27/><E73/><V60/><REACH who="2" step="1"/><F19/><REACH who="2" ten="258,231,240,251" step="2"/><W92/><AGARI ba="1,2" hai="0,1,3,6,10,42,44,51,56,63,66,88,92,96" machi="92" ten="30,7900,0" yaku="1,1,2,1,0,1,54,1,53,0" doraHai="134" doraHaiUra="105" who="3" fromWho="3" sc="258,-21,231,-21,240,-40,251,102" /><INIT seed="3,0,0,1,2,126" ten="237,210,200,353" oya="3" hai0="110,12,0,76,101,39,5,8,63,135,95,65,23" hai1="117,62,40,20,68,73,123,131,34,134,130,58,24" hai2="97,129,4,67,84,21,32,6,128,94,25,3,1" hai3="121,105,125,100,93,114,127,22,120,106,26,46,89"/><W64/><G64/><T37/><D110/><U42/><E123/><V71/><F32/><W92/><G114/><T2/><D135/><U108/><E73/><V70/><F84/><W119/><G119/><T88/><D101/><U45/><E108/><V82/><F82/><W61/><G61/><T36/><D76/><U132/><E34/><V99/><F67/><W29/><G46/><T57/><REACH who="0" step="1"/><D23/><REACH who="0" ten="227,210,200,353" step="2"/><U54/><E117/><V90/><F21/><N who="3" m="15567" /><G100/><T69/><D69/><U33/><E68/><V83/><F83/><W104/><G22/><T122/><D122/><U17/><E33/><V81/><F81/><W66/><G120/><T78/><D78/><U28/><E134/><V115/><F90/><W31/><G89/><T111/><D111/><U55/><E132/><V16/><F115/><W50/><G106/><T18/><D18/><U133/><E133/><V41/><F16/><W74/><G104/><T38/><N who="0" m="9216" /><DORA hai="112" /><T87/><AGARI ba="0,1" hai="0,2,5,8,12,57,63,65,87,88,95" m="9216" machi="87" ten="60,8000,1" yaku="1,1,4,1,0,1,54,1,53,1" doraHai="126,112" doraHaiUra="60,113" who="0" fromWho="0" sc="227,90,210,-20,200,-20,353,-40" owari="317,41.7,190,-21.0,180,-32.0,313,11.3" /></mjloggm>