<mjloggm ver="2.3"><GO type="225" lobby="0"/><UN n0="%E3%82%B2%E3%82%B9%E8%8C%82%E5%8B%9D" n1="%E3%81%95%E3%81%8D%E3%81%9F%E3%81%BE%E6%9E%97%E6%AA%8E" n2="%E6%9C%88%E5%B3%B6%E5%9F%BA" n3="%E5%82%8D%E8%8B%A5%E7%84%A1%E4%BA%BA%35%31" dan="16,16,18,16" rate="2082.48,2113.96,2219.35,2152.38" sx="F,M,M,M"/><TAIKYOKU oya="0"/><INIT seed="0,0,0,3,5,69" ten="250,250,250,250" oya="0" hai0="118,109,20,87,16,65,43,40,56,1,95,59,115" hai1="58,28,74,135,131,45,38,127,62,78,105,4,46" hai2="23,108,11,42,128,125,39,64,89,124,130,119,103" hai3="13,91,111,134,98,52,102,17,83,110,129,67,6"/><T70/><D118/><U72/><E105/><V94/><F119/><W19/><G129/><N who="2" m="49769" /><F108/><N who="3" m="41515" /><G134/><T44/><D109/><U15/><E131/><V80/><F64/><W73/><G67/><T114/><D1/><U41/><E135/><V126/><F103/><W97/><G6/><T90/><D70/><U22/><E127/><V2/><F80/><W36/><G36/><T31/><D31/><U51/><E78/><V9/><F2/><W49/><G102/><T50/><D40/><U27/><E4/><V92/><F23/><W96/><G13/><T26/><REACH who="0" step="1"/><D65/><REACH who="0" ten="240,250,250,250" step="2"/><U77/><E77/><V101/><F126/><W117/><G117/><T120/><D120/><U82/><E82/><V68/><F68/><W21/><G21/><T48/><D48/><U85/><E51/><V99/><F125/><W66/><G66/><T30/><D30/><U60/><E28/><V79/><F124/><W116/><G116/><T55/><D55/><U37/><E22/><V113/><F42/><W47/><G73/><T123/><D123/><U34/><E41/><V84/><F39/><W93/><G83/><T33/><D33/><U86/><E34/><V121/><F121/><W0/><G0/><T12/><D12/><U3/><E15/><V35/><F35/><W100/><G100/><T75/><D75/><U81/><E81/><N who="2" m="47167" /><F113/><AGARI ba="0,1" hai="16,20,26,43,44,50,56,59,87,90,95,113,114,115" machi="113" ten="40,3900,0" yaku="1,1,54,1,53,0" doraHai="69" doraHaiUra="112" who="0" fromWho="2" sc="240,49,250,0,250,-39,250,0" /><INIT seed="0,1,0,0,1,22" ten="289,250,211,250" oya="0" hai0="67,97,91,132,104,121,88,87,27,133,4,16,14" hai1="72,77,134,76,130,79,1,35,38,8,100,110,43" hai2="62,19,85,131,124,44,40,68,105,48,114,23,26" hai3="127,9,3,120,13,82,17,73,108,70,0,75,84"/><T93/><D121/><U2/><E134/><N who="0" m="51817" /><D67/><U54/><E35/><V81/><F114/><W41/><G127/><T42/><D42/><U50/><E130/><V65/><F131/><W28/><G108/><T18/><D104/><U116/><E116/><V90/><REACH who="2" step="1"/><F105/><REACH who="2" ten="289,250,201,250" step="2"/><W33/><G120/><T106/><D106/><U32/><E110/><V56/><F56/><W103/><G70/><T126/><D126/><AGARI ba="1,1" hai="19,23,26,40,44,48,62,65,68,81,85,90,124,126" machi="126" ten="40,2600,0" yaku="1,1,52,1,53,0" doraHai="22" doraHaiUra="109" who="2" fromWho="0" sc="289,-29,250,0,201,39,250,0" /><INIT seed="1,0,0,2,4,107" ten="260,250,240,250" oya="1" hai0="118,106,128,91,109,135,34,76,44,6,95,17,52" hai1="14,24,45,112,38,49,40,59,134,1,3,32,132" hai2="73,30,79,70,82,29,68,5,92,96,116,90,102" hai3="0,54,72,114,119,39,15,41,81,10,89,56,47"/><U9/><E112/><V55/><F116/><W131/><G131/><T69/><D34/><U62/><E38/><V127/><F127/><W63/><G119/><T113/><D17/><U16/><E32/><V120/><F120/><W7/><G114/><T12/><D12/><U83/><E24/><V8/><F55/><W129/><G129/><T74/><D6/><U58/><E58/><V103/><F103/><W11/><G89/><T122/><D91/><U99/><E99/><V110/><F110/><W75/><REACH who="3" step="1"/><G81/><REACH who="3" ten="260,250,240,240" step="2"/><T27/><D113/><U94/><E83/><V4/><F90/><W67/><G67/><T117/><D118/><U13/><E134/><V26/><F30/><W125/><G125/><T100/><D135/><U19/><E132/><V61/><F29/><W84/><G84/><T35/><D128/><U87/><E87/><V115/><F115/><W80/><G80/><T43/><D117/><U126/><E126/><V108/><F82/><W51/><G51/><T31/><D122/><U64/><REACH who="1" step="1"/><E94/><REACH who="1" ten="260,240,240,240" step="2"/><V23/><F92/><W65/><G65/><T53/><D95/><U93/><E93/><V124/><F124/><W86/><G86/><T101/><D109/><U57/><E57/><V18/><F108/><W121/><G121/><T98/><D98/><U50/><E50/><V25/><F96/><W42/><G42/><T97/><D43/><U130/><E130/><V37/><F37/><W85/><G85/><T104/><D97/><U21/><AGARI ba="0,2" hai="1,3,9,13,14,16,19,21,40,45,49,59,62,64" machi="21" ten="20,7800,0" yaku="1,1,0,1,7,1,54,1,53,0" doraHai="107" doraHaiUra="105" who="1" fromWho="1" sc="260,-26,240,98,240,-26,240,-26" /><INIT seed="1,1,0,0,4,120" ten="234,338,214,214" oya="1" hai0="79,125,126,97,78,99,84,2,18,88,58,113,106" hai1="133,129,35,89,16,14,12,49,9,115,131,86,122" hai2="66,92,103,46,17,127,108,48,31,114,76,101,30" hai3="109,50,53,57,74,59,28,62,29,135,71,63,134"/><U55/><E115/><V51/><F114/><W67/><G74/><T23/><D2/><U124/><E122/><V39/><F39/><W45/><G28/><N who="2" m="10793" /><F127/><N who="0" m="48650" /><D113/><U110/><E124/><V54/><F66/><N who="3" m="41431" /><G29/><T90/><D58/><N who="3" m="22025" /><G109/><T37/><D37/><U42/><E110/><V11/><F76/><N who="0" m="29226" /><D106/><U64/><E42/><N who="2" m="24663" /><F92/><W32/><G32/><T98/><D84/><U85/><E64/><V112/><F112/><W73/><G73/><T8/><D8/><U25/><E85/><V96/><F96/><N who="0" m="24578" /><T24/><AGARI ba="1,0" hai="18,23,24,88,90" m="24578,29226,48650" machi="24" ten="40,5200,0" yaku="4,1,18,1,54,1" doraHai="120" who="0" fromWho="0" sc="234,55,338,-27,214,-14,214,-14" /><INIT seed="2,0,0,2,3,121" ten="289,311,200,200" oya="2" hai0="124,82,51,112,80,135,89,9,35,62,26,23,56" hai1="103,86,13,10,115,27,63,98,71,19,109,2,104" hai2="73,129,30,0,100,134,6,69,37,34,25,76,66" hai3="123,90,113,60,81,31,50,38,61,55,24,120,127"/><V122/><F122/><W102/><G38/><T128/><D112/><U59/><E115/><V3/><F129/><W132/><G132/><T78/><D128/><U116/><E116/><V47/><F134/><W94/><G127/><T93/><D135/><U118/><E118/><V72/><F100/><W43/><G43/><T130/><D130/><U5/><E71/><V83/><F73/><W91/><G113/><T114/><D114/><U17/><E27/><V29/><F29/><W111/><G111/><T1/><D35/><U22/><E109/><V54/><F54/><W53/><G120/><T57/><D124/><U18/><E86/><V97/><F97/><W41/><G41/><T106/><D106/><U92/><E104/><V39/><F47/><W16/><G31/><T101/><D101/><U77/><E77/><V125/><F125/><W119/><G119/><T42/><D78/><U7/><E7/><V49/><F49/><W33/><G33/><T40/><D42/><U96/><E96/><V75/><F75/><W46/><G123/><T117/><D117/><U14/><E2/><N who="2" m="555" /><F6/><W85/><G55/><AGARI ba="0,0" hai="5,10,13,14,17,18,19,22,55,59,63,92,98,103" machi="55" ten="30,2000,0" yaku="7,1,8,1" doraHai="121" who="1" fromWho="3" sc="289,0,311,20,200,0,200,-20" /><INIT seed="3,0,0,0,1,107" ten="289,331,200,180" oya="3" hai0="43,37,116,123,106,9,105,120,90,4,111,127,75" hai1="62,17,61,0,98,97,93,72,119,24,99,118,63" hai2="7,81,32,45,110,6,13,115,36,83,92,112,66" hai3="103,79,60,41,87,42,44,94,91,125,84,74,76"/><W129/><G129/><T57/><D116/><N who="1" m="44587" /><E72/><V15/><F32/><W82/><G125/><T21/><D127/><U108/><E108/><V59/><F110/><W133/><G133/><T96/><D111/><U131/><E131/><V38/><F66/><W132/><G132/><T53/><D21/><N who="1" m="13359" /><E0/><V68/><F68/><W58/><G103/><AGARI ba="0,0" hai="61,62,63,93,97,98,99,103" m="13359,44587" machi="103" ten="30,1000,0" yaku="12,1" doraHai="107" who="1" fromWho="3" sc="289,0,331,10,200,0,180,-10" owari="289,8.9,341,44.1,200,-20.0,170,-33.0" /></mjloggm>