<mjloggm ver="2.3"><GO type="225" lobby="0"/><UN n0="%6C%65%74%69%74%62%65" n1="%E5%A4%8F%E9%88%B4%E9%88%B4%E5%A4%8F" n2="%E4%B8%AD%E5%B9%B4%E3%81%AE%E5%8D%B1%E6%A9%9F" n3="%E5%8D%A0%E3%81%84%E5%B8%AB%E8%A3%8F%E3%81%AA%E3%81%84%E3%81%97" dan="16,16,16,17" rate="2117.04,2174.84,2115.88,2248.67" sx="M,F,M,M"/><TAIKYOKU oya="0"/><INIT seed="0,0,0,5,3,67" ten="250,250,250,250" oya="0" hai0="115,23,7,8,105,35,82,44,24,38,131,124,84" hai1="57,83,113,25,101,91,68,22,97,122,47,26,1" hai2="28,27,4,106,46,2,111,76,107,50,89,79,94" hai3="133,134,81,30,116,98,93,53,58,34,90,21,117"/><T54/><D115/><U19/><E122/><V66/><F111/><W45/><G34/><T32/><D105/><U12/><E1/><V61/><F107/><W51/><G30/><T108/><D131/><U37/><E68/><V112/><F4/><W114/><G114/><T70/><D70/><U49/><E37/><V80/><F2/><W103/><G21/><T121/><D121/><U59/><E91/><V62/><F106/><W73/><G58/><N who="1" m="22026" /><E83/><V40/><F112/><W129/><G129/><T109/><D124/><U77/><E77/><V55/><F40/><W78/><REACH who="3" step="1"/><G90/><REACH who="3" ten="250,250,250,240" step="2"/><T104/><D32/><U74/><E113/><V130/><F130/><W88/><G88/><N who="0" m="51223" /><D35/><U126/><E126/><V64/><F66/><W120/><G120/><T3/><D108/><U100/><E25/><V6/><F80/><W41/><G41/><T14/><D24/><U15/><E22/><V65/><F65/><W10/><G10/><T95/><D23/><U48/><E26/><V92/><F27/><W9/><G9/><T85/><D109/><U123/><E123/><V118/><F28/><W17/><G17/><T20/><D20/><U102/><E19/><V5/><F118/><AGARI ba="0,1" hai="45,51,53,73,78,81,93,98,103,116,117,118,133,134" machi="118" ten="40,1300,0" yaku="1,1,53,0" doraHai="67" doraHaiUra="0" who="3" fromWho="2" sc="250,0,250,0,250,-13,240,23" /><INIT seed="1,0,0,4,4,67" ten="250,250,237,263" oya="1" hai0="51,6,83,61,64,21,95,105,68,10,71,58,70" hai1="53,45,31,106,118,0,75,66,120,57,13,54,29" hai2="78,126,98,12,129,38,35,84,62,92,81,100,133" hai3="32,88,79,26,36,77,39,28,93,86,127,104,97"/><U128/><E118/><V110/><F35/><W114/><G114/><T111/><D105/><U20/><E120/><V2/><F2/><W121/><G121/><T63/><D111/><U41/><E106/><V132/><F38/><W3/><G127/><T15/><D51/><U87/><E75/><V4/><F4/><W52/><G3/><T69/><D83/><U5/><E0/><V33/><F33/><W134/><G134/><N who="2" m="51817" /><F12/><W44/><G36/><T60/><N who="0" m="17408" /><DORA hai="19" /><T59/><D64/><U125/><E66/><V74/><F62/><W55/><G39/><T25/><REACH who="0" step="1"/><D95/><REACH who="0" ten="240,250,237,263" step="2"/><U89/><E125/><V109/><F126/><W76/><G104/><T49/><D49/><N who="1" m="26799" /><E128/><V72/><F129/><W30/><G93/><T116/><D116/><U94/><E54/><V65/><F65/><W23/><G52/><T96/><D96/><U101/><E53/><V56/><F56/><W122/><G97/><T8/><D8/><N who="1" m="4239" /><E57/><V99/><F99/><W1/><G55/><T43/><D43/><U18/><E101/><V117/><F117/><W24/><G122/><T130/><D130/><U113/><E113/><V7/><F110/><W82/><G44/><T80/><D80/><U11/><E11/><V135/><N who="2" m="51825" /><V27/><DORA hai="48" /><F109/><W85/><G82/><T34/><D34/><U47/><E47/><V131/><F131/><W103/><G103/><T37/><D37/><U115/><E115/><V90/><F100/><W42/><G42/><T9/><D9/><U40/><E40/><V22/><F74/><W73/><G73/><T124/><D124/><U119/><E119/><RYUUKYOKU ba="0,1" sc="240,15,250,15,237,-15,263,-15" hai0="6,10,15,21,25,58,59,60,61,63" hai1="18,20,29,31,87,89,94" /><INIT seed="1,1,1,0,2,133" ten="255,265,222,248" oya="1" hai0="112,64,100,82,77,95,5,117,28,22,121,53,59" hai1="81,125,63,32,46,110,20,11,101,132,31,26,98" hai2="23,113,56,50,62,51,35,74,27,93,8,70,130" hai3="91,9,88,131,7,13,1,69,36,85,25,123,108"/><U66/><E132/><V75/><F35/><W65/><G123/><T115/><D117/><U118/><E125/><V124/><F124/><W107/><G107/><T12/><D121/><U3/><E118/><V99/><F70/><W14/><G108/><T45/><D5/><U16/><E81/><V44/><F113/><W37/><G131/><T41/><D12/><U2/><E11/><V6/><F130/><W90/><G85/><N who="0" m="48335" /><D53/><U126/><E46/><V38/><F38/><W111/><G111/><T87/><D87/><U128/><E128/><V78/><F78/><W104/><G104/><T94/><D100/><U83/><E83/><V43/><F51/><W52/><G25/><N who="0" m="16439" /><D115/><U96/><E96/><V116/><F116/><W71/><G71/><T103/><D103/><U61/><E126/><V68/><F68/><W4/><G1/><T105/><D105/><U89/><E101/><V79/><F79/><W86/><G86/><T127/><D127/><U122/><E122/><V15/><F93/><W57/><G69/><T120/><D120/><U21/><E32/><V114/><F99/><W72/><G72/><T60/><D112/><U73/><E73/><V10/><F114/><W33/><G65/><T58/><D58/><U19/><E66/><V29/><REACH who="2" step="1"/><F10/><REACH who="2" ten="255,265,212,248" step="2"/><N who="3" m="4295" /><G33/><T34/><D34/><N who="1" m="20855" /><E98/><V49/><F49/><AGARI ba="1,2" hai="41,45,49,59,60,64,94,95" m="16439,48335" machi="49" ten="30,1000,0" yaku="8,1" doraHai="133" who="0" fromWho="2" sc="255,33,265,0,212,-13,248,0" /><INIT seed="2,0,0,0,2,61" ten="288,265,199,248" oya="2" hai0="21,32,20,97,74,41,90,53,15,84,114,124,25" hai1="70,85,73,40,126,71,82,13,54,23,16,95,3" hai2="119,123,109,63,22,89,39,83,100,105,19,98,112" hai3="27,14,51,36,128,2,49,121,78,115,43,79,26"/><V17/><F112/><W12/><G121/><T122/><D114/><U57/><E3/><V76/><F123/><W18/><G2/><T29/><D74/><U67/><E73/><V69/><F119/><W77/><G115/><T58/><D41/><U92/><E40/><V103/><F39/><W94/><G128/><T135/><D122/><U55/><E55/><V86/><F109/><W1/><G1/><T8/><D97/><U68/><E67/><V31/><F103/><W134/><G134/><T4/><D124/><U96/><E96/><V28/><F17/><W9/><G36/><T80/><REACH who="0" step="1"/><D135/><REACH who="0" ten="278,265,199,248" step="2"/><U111/><E126/><V116/><F116/><W42/><G43/><T47/><D47/><U106/><E111/><V81/><F69/><W133/><G42/><T88/><D88/><U87/><E85/><V91/><F91/><W102/><G133/><T130/><D130/><U132/><E132/><V38/><F38/><W99/><REACH who="3" step="1"/><G12/><REACH who="3" ten="278,265,199,238" step="2"/><T30/><D30/><U60/><REACH who="1" step="1"/><E106/><REACH who="1" ten="278,255,199,238" step="2"/><V34/><F105/><W10/><G10/><T48/><AGARI ba="0,3" hai="4,8,15,20,21,25,29,32,48,53,58,80,84,90" machi="48" ten="20,5200,0" yaku="1,1,0,1,7,1,53,1" doraHai="61" doraHaiUra="11" who="0" fromWho="0" sc="278,82,255,-13,199,-26,238,-13" /><INIT seed="3,0,0,4,1,6" ten="360,242,173,225" oya="3" hai0="8,99,85,31,47,115,2,118,104,74,34,26,101" hai1="71,103,79,73,62,45,78,120,63,121,116,66,110" hai2="76,23,87,107,77,43,105,50,114,33,46,84,22" hai3="5,19,9,30,21,106,89,51,24,49,95,57,25"/><W94/><G106/><T93/><D118/><U132/><E116/><V125/><F33/><W135/><G135/><T124/><D124/><U91/><E132/><V1/><F125/><W97/><G57/><T130/><D130/><U117/><E117/><V65/><F114/><W133/><G94/><T122/><D122/><U75/><E103/><V119/><F119/><W41/><G41/><T64/><D64/><U69/><E91/><V68/><F1/><W39/><G39/><T18/><D74/><U35/><E45/><V48/><F68/><W42/><G42/><T72/><D72/><U81/><E81/><V96/><F43/><W53/><G53/><T82/><D47/><U36/><E35/><V111/><F46/><W32/><REACH who="3" step="1"/><G133/><REACH who="3" ten="360,242,173,215" step="2"/><T40/><D40/><U128/><E36/><V38/><F38/><W126/><G126/><T54/><D54/><U58/><E58/><V127/><F127/><W16/><G16/><T112/><D104/><U13/><E71/><V134/><F134/><W109/><G109/><T10/><D18/><U92/><E69/><V20/><F111/><W70/><G70/><T102/><D112/><U129/><E110/><V83/><F65/><W88/><G88/><N who="0" m="55719" /><D115/><U90/><E92/><V86/><F105/><W55/><G55/><T80/><D101/><U3/><E90/><V59/><F59/><W7/><G7/><T56/><D56/><U44/><E66/><V12/><F83/><W108/><G108/><T131/><D80/><U61/><E121/><V123/><F123/><W28/><G28/><T52/><D82/><U0/><E120/><RYUUKYOKU ba="0,1" sc="360,-10,242,-10,173,-10,215,30" hai3="5,9,19,21,24,25,30,32,49,51,89,95,97" /><INIT seed="3,1,1,1,3,3" ten="350,232,163,245" oya="3" hai0="55,1,116,30,133,92,36,45,31,84,70,111,69" hai1="103,75,109,104,125,14,53,71,127,19,9,134,33" hai2="102,48,72,76,73,118,42,112,58,95,129,78,54" hai3="41,85,51,115,91,57,110,44,17,113,117,56,96"/><W16/><G117/><T130/><D116/><U126/><E109/><V100/><F118/><W11/><G110/><T82/><D1/><U32/><E134/><V107/><F42/><W39/><G39/><T87/><BYE who="3" /><D111/><UN n3="%E5%8D%A0%E3%81%84%E5%B8%AB%E8%A3%8F%E3%81%AA%E3%81%84%E3%81%97" /><U12/><E71/><V124/><F58/><N who="3" m="22635" /><G115/><T106/><D106/><U34/><E75/><V27/><F48/><W132/><G132/><T77/><D69/><U40/><E40/><V64/><F27/><W81/><G113/><T86/><D70/><U65/><E53/><V38/><F112/><W119/><G119/><T0/><D0/><U121/><E65/><V7/><F107/><W18/><G96/><T90/><D133/><U8/><E121/><V47/><F47/><W97/><G97/><T52/><D130/><U5/><E103/><V15/><F15/><AGARI ba="1,1" hai="11,15,16,17,18,41,44,51,81,85,91" m="22635" machi="15" ten="30,2900,0" yaku="8,1,54,1" doraHai="3" who="3" fromWho="2" sc="350,0,232,0,163,-32,245,42" /><INIT seed="3,2,0,1,0,11" ten="350,232,131,287" oya="3" hai0="73,99,43,92,76,5,81,1,106,122,135,52,57" hai1="110,98,90,44,121,116,48,85,62,20,58,53,46" hai2="79,111,3,14,65,32,29,132,50,87,35,94,74" hai3="104,125,56,75,66,67,100,15,131,120,45,108,78"/><W77/><G120/><T69/><D122/><U101/><E110/><V26/><F32/><W82/><G108/><T23/><D69/><U88/><E121/><V127/><F14/><W72/><G131/><T40/><D106/><U96/><E20/><N who="2" m="15559" /><F87/><W129/><G129/><T133/><D23/><U41/><E116/><V61/><F35/><W42/><G104/><T71/><D71/><U91/><E101/><V9/><F94/><W19/><G75/><T112/><D112/><U17/><E17/><V115/><F115/><W8/><G72/><T114/><D114/><U22/><E22/><V84/><F84/><W128/><G19/><T124/><D124/><U31/><E31/><V86/><F86/><W51/><G125/><T60/><D1/><U27/><E27/><V59/><F111/><W28/><G15/><T118/><D5/><U24/><E24/><V103/><F103/><W21/><G100/><N who="0" m="60519" /><D118/><U7/><E7/><N who="2" m="1279" /><F127/><W117/><G117/><T54/><D54/><U4/><E4/><V107/><F107/><W16/><G128/><T130/><D130/><U30/><E30/><V80/><F132/><AGARI ba="2,0" hai="40,43,52,57,60,73,76,81,132,133,135" m="60519" machi="132" ten="30,2000,0" yaku="20,1,54,1" doraHai="11" who="0" fromWho="2" sc="350,26,232,0,131,-26,287,0" owari="376,47.6,232,-16.8,105,-39.5,287,8.7" /></mjloggm>