<mjloggm ver="2.3"><GO type="225" lobby="0"/><UN n0="%E7%AB%8B%E8%8A%B1%E9%9F%BF" n1="%E3%81%90%E3%81%A1%E3%82%84%E3%81%BE" n2="%E3%83%96%E3%83%83%E3%83%91%E3%82%AA%E3%83%96%E3%83%81%E3%82%AD%E3%83%B3" n3="%E9%B3%B3%E6%9D%B1%E3%81%AE%E3%81%BF%E3%81%91%E3%81%AB%E3%82%83%E3%82%93" dan="17,16,16,16" rate="2164.35,2126.36,2153.27,2143.25" sx="F,M,M,F"/><TAIKYOKU oya="0"/><INIT seed="0,0,0,4,4,115" ten="250,250,250,250" oya="0" hai0="126,6,60,58,108,125,92,106,50,118,73,66,35" hai1="132,10,48,68,63,52,76,117,97,59,70,87,82" hai2="99,86,18,96,114,51,122,17,80,94,16,90,84" hai3="91,65,93,25,20,55,100,83,54,133,19,31,62"/><T112/><D112/><U123/><E123/><V33/><F114/><W101/><G133/><T75/><D106/><U116/><E132/><V128/><F122/><W9/><G83/><T24/><D6/><U102/><E10/><V57/><F128/><W71/><G9/><T56/><D108/><U34/><E34/><V64/><F33/><W61/><G31/><T5/><D5/><U28/><E28/><V21/><F21/><W95/><G95/><T36/><D36/><U74/><E74/><V23/><F23/><W45/><G55/><T42/><D92/><U110/><E110/><V8/><F8/><W49/><REACH who="3" step="1"/><G61/><REACH who="3" ten="250,250,250,240" step="2"/><T22/><D35/><U105/><REACH who="1" step="1"/><E63/><REACH who="1" ten="250,240,250,240" step="2"/><N who="2" m="37999" /><F51/><W0/><G0/><T7/><D50/><U43/><E43/><V119/><F119/><AGARI ba="0,2" hai="48,52,59,68,70,76,82,87,97,102,105,116,117,119" machi="119" ten="40,8000,1" yaku="1,1,52,3,54,1,53,0" doraHai="115" doraHaiUra="1" who="1" fromWho="2" sc="250,0,240,100,250,-80,240,0" /><INIT seed="1,0,0,3,3,23" ten="250,340,170,240" oya="1" hai0="100,73,77,13,92,111,42,53,21,9,56,62,8" hai1="116,79,81,5,133,72,74,135,22,47,59,41,35" hai2="121,40,129,49,38,107,75,44,83,15,91,67,89" hai3="17,94,110,37,32,4,104,113,105,97,132,70,134"/><U87/><E35/><V122/><F121/><W25/><G113/><T117/><D111/><U106/><E116/><V31/><F122/><W68/><G110/><T1/><D117/><U90/><E106/><V2/><F129/><W123/><G37/><T16/><D42/><U54/><E5/><V65/><F107/><N who="3" m="41035" /><G4/><T101/><D1/><U71/><E71/><V112/><F112/><W96/><G123/><T125/><D125/><U3/><E3/><V131/><F131/><W119/><G119/><T36/><D36/><U115/><E115/><V12/><F2/><W6/><G6/><T27/><D8/><U51/><E22/><V95/><F38/><W120/><G120/><T20/><D20/><U118/><E118/><V88/><F31/><N who="3" m="19567" /><G17/><T19/><REACH who="0" step="1"/><D92/><REACH who="0" ten="240,340,170,240" step="2"/><U48/><REACH who="1" step="1"/><E74/><REACH who="1" ten="240,330,170,240" step="2"/><V29/><F75/><W82/><G134/><T18/><D18/><U33/><E33/><V26/><F29/><W14/><G132/><T57/><D57/><U114/><E114/><V66/><F15/><W76/><G68/><T45/><D45/><U126/><E126/><V124/><F12/><W130/><G70/><T61/><D61/><U78/><E78/><V55/><F44/><W99/><G130/><T60/><D60/><U34/><E34/><V127/><F127/><W109/><G109/><T10/><D10/><U50/><E50/><V52/><F49/><W63/><G63/><T128/><D128/><U86/><E86/><V85/><F85/><N who="3" m="48327" /><G14/><T80/><AGARI ba="0,2" hai="9,13,16,19,21,27,53,56,62,73,77,80,100,101" machi="80" ten="30,8000,1" yaku="1,1,0,1,52,1,54,1,53,1" doraHai="23" doraHaiUra="58" who="0" fromWho="0" sc="240,100,330,-40,170,-20,240,-20" /><INIT seed="2,0,0,4,5,40" ten="340,290,150,220" oya="2" hai0="37,113,90,134,68,63,100,54,7,62,18,118,0" hai1="92,102,48,10,47,76,20,38,33,30,50,57,109" hai2="9,27,6,96,66,88,21,80,39,74,132,56,120" hai3="15,24,126,121,3,34,108,61,69,123,95,111,17"/><V104/><F120/><N who="3" m="46155" /><G95/><T84/><D113/><U59/><E109/><N who="3" m="42058" /><G61/><T129/><D129/><U43/><E33/><V31/><F132/><W5/><G69/><T44/><D118/><U13/><E76/><V93/><F39/><W28/><G126/><T73/><D73/><U25/><E38/><V110/><F110/><W89/><G89/><T127/><D134/><U11/><E50/><V106/><F66/><W32/><G32/><T131/><D100/><U1/><E1/><V81/><F56/><N who="1" m="21577" /><E13/><V97/><F74/><W79/><G79/><T133/><D0/><U41/><E41/><V75/><F75/><W36/><G36/><T125/><D90/><U22/><E22/><V101/><REACH who="2" step="1"/><F106/><REACH who="2" ten="340,290,140,220" step="2"/><W130/><G130/><T114/><D37/><U53/><E43/><V46/><F46/><W116/><G116/><T77/><D44/><U45/><E45/><V19/><F19/><W14/><G17/><T65/><D18/><U124/><E124/><V64/><F64/><W107/><G107/><T87/><D127/><U58/><E58/><V99/><F99/><AGARI ba="0,1" hai="10,11,20,25,30,47,48,53,92,99,102" m="21577" machi="99" ten="30,2000,0" yaku="8,1,52,1" doraHai="40" who="1" fromWho="2" sc="340,0,290,30,140,-20,220,0" /><INIT seed="3,0,0,1,5,113" ten="340,320,120,220" oya="3" hai0="47,76,132,117,89,78,37,100,63,44,108,77,60" hai1="93,123,68,101,107,48,1,57,27,35,56,83,46" hai2="65,66,3,128,119,61,116,105,12,11,114,38,112" hai3="75,20,22,41,7,45,133,24,2,70,82,4,127"/><W87/><G75/><T125/><D117/><N who="2" m="45130" /><F105/><W80/><G70/><T84/><D37/><U97/><E123/><V16/><F38/><W14/><G2/><T19/><D108/><U88/><E1/><V25/><F61/><N who="0" m="23626" /><D132/><U95/><E68/><V69/><F66/><W9/><G133/><T115/><D125/><U104/><E83/><N who="3" m="31786" /><G127/><T51/><D115/><N who="2" m="44074" /><F65/><W55/><G41/><T43/><D100/><U26/><E35/><V79/><F79/><W21/><G87/><T96/><D96/><N who="1" m="57383" /><E107/><V134/><F69/><W99/><G99/><T62/><D62/><U52/><E104/><V81/><F81/><W34/><G34/><T5/><D5/><U72/><E72/><V126/><F134/><W94/><G94/><N who="0" m="54567" /><D44/><U28/><E28/><V59/><F126/><W30/><G4/><T10/><D19/><U129/><E129/><V8/><F59/><AGARI ba="0,0" hai="26,27,46,48,52,56,57,59,95,97,101" m="57383" machi="59" ten="30,3900,0" yaku="8,1,54,2" doraHai="113" who="1" fromWho="2" sc="340,0,320,39,120,-39,220,0" owari="340,14.0,359,45.9,81,-41.9,220,-18.0" /></mjloggm>