<mjloggm ver="2.3"><GO type="225" lobby="0"/><UN n0="%33%74%72%65%65" n1="%E6%A3%AE%E5%B1%B1%E7%94%B0%E7%9B%B4%E5%A4%AA%E6%9C%97%E4%B9%8B%E4%BB%8B" n2="%70%6F%69%73%6F%6E%30%32" n3="%E6%9C%88%E5%B3%B6%E5%9F%BA" dan="17,16,16,17" rate="2170.64,2181.99,2095.48,2217.98" sx="F,M,M,M"/><TAIKYOKU oya="0"/><INIT seed="0,0,0,0,4,44" ten="250,250,250,250" oya="0" hai0="85,65,25,101,43,21,13,6,27,84,72,110,38" hai1="3,92,32,76,60,31,133,126,36,105,130,0,52" hai2="82,122,12,35,33,19,62,56,69,94,5,113,120" hai3="108,123,14,41,59,87,124,34,51,49,22,37,86"/><T39/><D72/><U78/><E105/><V54/><F113/><W81/><G34/><T70/><D101/><U46/><E133/><V50/><F5/><W116/><G116/><T74/><D74/><U1/><E130/><V24/><F82/><W131/><G131/><T127/><D127/><U95/><E126/><V30/><F35/><W58/><G124/><T48/><D110/><U17/><E36/><V114/><F114/><W135/><G37/><T119/><D119/><U61/><E17/><V117/><F117/><W88/><G41/><T16/><D39/><U75/><E31/><V102/><F94/><N who="1" m="35881" /><E32/><V97/><F97/><W106/><G106/><T128/><D128/><U100/><E100/><V90/><F90/><N who="3" m="51535" /><G135/><T79/><D38/><U53/><E46/><V118/><F102/><W23/><G123/><T107/><D107/><U121/><E75/><V15/><F15/><W111/><G14/><T4/><D70/><U64/><E64/><V18/><F18/><W10/><G10/><N who="0" m="4295" /><D65/><U115/><E115/><V129/><F118/><W11/><G11/><T80/><D6/><U26/><E26/><V132/><F132/><W77/><G111/><T96/><D96/><U98/><E98/><V89/><F129/><W20/><G108/><T91/><D27/><U55/><E121/><V66/><REACH who="2" step="1"/><F89/><REACH who="2" ten="250,250,240,250" step="2"/><W28/><G28/><T42/><D91/><U104/><E104/><V7/><F7/><W45/><G88/><T29/><D29/><U93/><N who="1" m="35889" /><U63/><AGARI ba="0,1" hai="0,1,3,52,53,55,60,61,63,76,78" m="35889" machi="63" ten="50,12000,2" yaku="4,1,29,2,28,2,54,1" doraHai="44" who="1" fromWho="1" sc="250,-60,250,130,240,-30,250,-30" /><INIT seed="1,0,0,5,4,5" ten="190,380,210,220" oya="1" hai0="28,13,122,135,10,40,90,62,77,134,24,116,9" hai1="107,72,2,100,123,67,31,120,44,4,85,117,27" hai2="121,66,16,49,21,73,3,124,39,29,76,95,15" hai3="59,109,125,43,98,61,74,50,70,41,106,81,58"/><U64/><E72/><V19/><F39/><W65/><G106/><T115/><D115/><U130/><E117/><V69/><F121/><W126/><G98/><T68/><D116/><U46/><E130/><V119/><F3/><W78/><G109/><T37/><D122/><U118/><E118/><V83/><F119/><W99/><G99/><T89/><D77/><U60/><E85/><V30/><F124/><N who="3" m="47723" /><G50/><T103/><D103/><U79/><E79/><V56/><F95/><W55/><G55/><T14/><D37/><U71/><E67/><V52/><REACH who="2" step="1"/><F19/><REACH who="2" ten="190,380,200,220" step="2"/><W91/><G91/><T45/><D90/><U42/><E123/><V11/><F11/><N who="0" m="4106" /><D89/><U63/><E120/><V57/><F57/><AGARI ba="0,1" hai="41,43,57,58,59,61,65,70,74,78,81" m="47723" machi="57" ten="30,1000,0" yaku="18,1" doraHai="5" who="3" fromWho="2" sc="190,0,380,0,200,-10,220,20" /><INIT seed="2,0,0,5,5,101" ten="190,380,190,240" oya="2" hai0="132,60,86,96,127,95,100,49,121,63,91,21,84" hai1="55,106,97,76,26,51,16,70,46,111,131,89,40" hai2="103,109,116,19,25,73,120,18,81,79,6,3,61" hai3="39,13,58,30,78,83,36,107,5,94,15,114,99"/><V110/><F116/><W45/><G107/><T102/><D121/><U11/><E131/><V34/><F120/><W14/><G30/><T87/><D132/><U41/><E111/><N who="2" m="42507" /><F3/><W112/><G58/><T2/><D127/><U119/><E70/><V7/><F61/><N who="0" m="23626" /><D2/><U72/><E119/><V47/><F47/><W133/><G5/><N who="2" m="1545" /><F103/><N who="0" m="39466" /><D21/><N who="1" m="13607" /><E106/><V130/><F130/><W82/><G45/><T23/><D23/><U48/><E72/><V44/><F44/><W88/><G133/><T125/><D125/><U129/><E129/><V126/><F126/><W43/><G43/><N who="1" m="16458" /><E48/><AGARI ba="0,0" hai="48,49,84,86,87,91,95,96" m="39466,23626" machi="48" ten="30,1000,0" yaku="8,1" doraHai="101" who="0" fromWho="1" sc="190,10,380,-10,190,0,240,0" /><INIT seed="3,0,0,0,4,8" ten="200,370,190,240" oya="3" hai0="80,26,47,34,125,43,132,81,61,74,37,56,24" hai1="70,32,82,64,63,52,40,28,30,86,42,13,20" hai2="50,53,0,101,2,68,12,18,103,127,65,44,112" hai3="5,114,46,107,133,49,110,7,73,113,94,19,87"/><W98/><G73/><T118/><D118/><U106/><E106/><V119/><F112/><W1/><G133/><T129/><D129/><U36/><E32/><V21/><F119/><W85/><G107/><T67/><D132/><U29/><E36/><V15/><F127/><W48/><G1/><T41/><D125/><U123/><E123/><V97/><F103/><W108/><G19/><T79/><D34/><U55/><E13/><V131/><F131/><W91/><G46/><T83/><D43/><U88/><E20/><V122/><F122/><W6/><G87/><T11/><D11/><U121/><E121/><V39/><F39/><W76/><G76/><T72/><D81/><U9/><E9/><V35/><F35/><W58/><G85/><T93/><D93/><U126/><E126/><V135/><F135/><W95/><G58/><T120/><D120/><U134/><E134/><V62/><F15/><W27/><G27/><T3/><D3/><U57/><REACH who="1" step="1"/><E55/><REACH who="1" ten="200,360,190,240" step="2"/><V84/><F84/><W66/><G113/><T124/><D124/><U105/><E105/><AGARI ba="0,1" hai="0,2,12,18,21,44,50,53,62,65,68,97,101,105" machi="105" ten="30,2000,0" yaku="7,1,52,1" doraHai="8" who="2" fromWho="1" sc="200,0,360,-20,190,30,240,0" owari="200,-30.0,340,44.0,220,-18.0,240,4.0" /></mjloggm>