<mjloggm ver="2.3"><GO type="225" lobby="0"/><UN n0="%E4%BC%8A%E9%81%94%E6%9C%B1%E9%87%8C%E7%B4%97" n1="%E3%81%94%E3%81%BE%E6%B2%B9%E9%A3%B2%E3%81%BF%E5%A4%AA%E9%83%8E" n2="%E3%83%96%E3%83%83%E3%83%91%E3%82%AA%E3%83%96%E3%83%81%E3%82%AD%E3%83%B3" n3="%E3%83%A9%E3%82%B9%E7%8E%87%EF%BC%93%E5%89%B2" dan="16,16,16,16" rate="2075.04,2093.39,2125.47,2190.81" sx="F,M,M,F"/><TAIKYOKU oya="0"/><INIT seed="0,0,0,4,2,40" ten="250,250,250,250" oya="0" hai0="16,120,61,36,33,104,0,54,122,34,79,105,81" hai1="101,134,109,49,55,38,103,124,129,39,77,58,22" hai2="20,91,57,10,8,28,4,121,69,14,128,80,72" hai3="118,87,70,112,76,56,95,94,59,82,116,110,52"/><T23/><D0/><U66/><E109/><V37/><F121/><W127/><G70/><T30/><D36/><U7/><E129/><V99/><F128/><W41/><G112/><T98/><D30/><U102/><E124/><V2/><F69/><W21/><G110/><T117/><D117/><U113/><E134/><V24/><F37/><W6/><G127/><T71/><D33/><U50/><E66/><V19/><F99/><W27/><G6/><T31/><D31/><U47/><E7/><V89/><REACH who="2" step="1"/><F57/><REACH who="2" ten="250,250,240,250" step="2"/><W46/><G56/><T107/><D98/><U125/><E113/><V126/><F126/><W106/><G118/><T18/><D71/><U45/><E58/><V48/><F48/><N who="3" m="26703" /><G116/><T92/><D122/><U90/><E125/><V11/><F11/><W51/><G106/><T42/><D107/><U97/><E97/><V13/><F13/><W3/><G3/><T17/><D105/><U96/><E96/><V93/><F93/><W130/><G130/><T68/><D92/><U25/><E39/><V35/><F35/><W131/><G131/><T62/><D34/><U67/><E38/><V64/><F64/><W132/><G132/><T119/><D104/><U60/><E67/><V83/><F83/><W88/><G76/><AGARI ba="0,1" hai="2,4,8,10,14,19,20,24,28,72,76,80,89,91" machi="76" ten="40,2600,0" yaku="1,1,53,1" doraHai="40" doraHaiUra="74" who="2" fromWho="3" sc="250,0,250,0,240,36,250,-26" /><INIT seed="1,0,0,4,2,56" ten="250,250,276,224" oya="1" hai0="68,96,32,83,124,135,25,44,117,119,121,134,18" hai1="41,7,80,131,114,52,132,49,115,40,0,98,9" hai2="31,73,89,20,38,21,77,69,70,74,50,22,48" hai3="3,30,78,108,54,84,19,11,55,82,67,93,133"/><U105/><E131/><V118/><F38/><W65/><G108/><T116/><D124/><U129/><E129/><V57/><F118/><W46/><G133/><N who="0" m="50699" /><D68/><N who="2" m="26218" /><F57/><W71/><G30/><N who="0" m="19535" /><D44/><U24/><E41/><V94/><F89/><W35/><G35/><T95/><D83/><U33/><E40/><V29/><F94/><W112/><G112/><T87/><D87/><U36/><E36/><V76/><F48/><W53/><G46/><T17/><D121/><U102/><E80/><V81/><F50/><W128/><G128/><T113/><D113/><U90/><E90/><AGARI ba="0,0" hai="17,18,90,95,96,116,117,119" m="19535,50699" machi="90" ten="40,1300,0" yaku="20,1" doraHai="56" who="0" fromWho="1" sc="250,13,250,-13,276,0,224,0" /><INIT seed="2,0,0,2,1,5" ten="263,237,276,224" oya="2" hai0="100,9,28,47,59,25,94,12,39,68,15,66,108" hai1="67,91,110,70,117,51,55,41,31,40,119,88,34" hai2="16,101,95,89,118,58,130,46,116,37,90,96,120" hai3="111,112,0,53,60,99,133,73,29,56,4,129,33"/><V71/><F71/><W98/><G73/><T61/><D108/><U43/><E110/><V8/><F120/><W82/><G111/><T84/><D68/><U87/><E67/><V104/><F130/><W42/><G133/><T57/><D57/><U44/><E70/><V49/><F37/><W121/><G121/><T134/><D134/><U17/><E17/><V10/><F58/><W74/><G112/><T22/><D39/><U36/><E36/><V38/><F38/><W135/><G42/><T80/><D47/><U106/><E106/><V3/><F3/><W7/><G129/><T45/><D45/><U1/><E1/><V81/><F104/><W124/><G124/><T75/><D75/><U109/><E109/><V64/><F64/><W27/><G7/><T63/><D63/><U132/><E132/><V105/><F105/><W122/><G122/><T72/><D9/><N who="2" m="3690" /><F118/><W83/><G74/><T14/><D72/><U50/><E91/><N who="2" m="34827" /><F116/><W65/><G65/><T103/><D94/><U93/><REACH who="1" step="1"/><E51/><REACH who="1" ten="263,227,276,224" step="2"/><V13/><F16/><W11/><REACH who="3" step="1"/><G135/><REACH who="3" ten="263,227,276,214" step="2"/><T113/><D113/><U115/><E115/><V6/><F6/><W77/><G77/><AGARI ba="0,2" hai="12,14,15,22,25,28,59,61,66,77,80,84,100,103" machi="77" ten="40,1300,0" yaku="8,1" doraHai="5" who="0" fromWho="3" sc="263,33,227,0,276,0,214,-13" /><INIT seed="3,0,0,5,3,134" ten="296,227,276,201" oya="3" hai0="117,17,55,20,87,30,115,56,124,0,106,107,52" hai1="100,2,5,109,104,112,82,47,116,29,60,15,34" hai2="111,53,28,121,65,135,80,90,67,96,76,98,46" hai3="93,18,77,120,73,41,97,45,127,105,103,36,51"/><W25/><G120/><T39/><D124/><U48/><E2/><V119/><F119/><W78/><G73/><T57/><D117/><U83/><E112/><V74/><F135/><W68/><G68/><T8/><D39/><U37/><E37/><V85/><F111/><W19/><G127/><T10/><D115/><U63/><E116/><V58/><F121/><W114/><G114/><T92/><D30/><U40/><E104/><V94/><F28/><W66/><G66/><N who="2" m="25097" /><F74/><W91/><G36/><T59/><D0/><U9/><E100/><V23/><F23/><W102/><G102/><T101/><D107/><U64/><E109/><V70/><F70/><W69/><G69/><T26/><D106/><U35/><E35/><V89/><F46/><W132/><G132/><T113/><D113/><U95/><E95/><V71/><F71/><W72/><G25/><T75/><D75/><U62/><E64/><V84/><F76/><W50/><G50/><AGARI ba="0,0" hai="50,53,58,80,84,85,89,90,94,96,98" m="25097" machi="50" ten="30,1000,0" yaku="8,1" doraHai="134" who="2" fromWho="3" sc="296,0,227,0,276,10,201,-10" /><INIT seed="4,0,0,3,0,130" ten="296,227,286,191" oya="0" hai0="75,79,33,89,5,53,114,8,94,11,36,78,109" hai1="134,48,26,92,97,121,83,99,61,42,4,108,21" hai2="107,86,32,88,34,15,85,30,80,118,104,67,63" hai3="131,1,55,81,50,23,49,45,69,44,9,43,132"/><T112/><D109/><U35/><E108/><V133/><F133/><W7/><G131/><T125/><D125/><U122/><E134/><V116/><F15/><W77/><G69/><T66/><D36/><U54/><E35/><N who="2" m="13355" /><F30/><W46/><G132/><T106/><D106/><U90/><E4/><V105/><F86/><W91/><G91/><T31/><D53/><U74/><E61/><V70/><F105/><W19/><G55/><T47/><D47/><U113/><E113/><N who="0" m="43625" /><D66/><U64/><E42/><V18/><F18/><W110/><G49/><T102/><D102/><U40/><E99/><V129/><F129/><W37/><G50/><T62/><D75/><U120/><E40/><V14/><F14/><W95/><G95/><T16/><D16/><U25/><E64/><V6/><F6/><W82/><G82/><T13/><D8/><U117/><E117/><N who="2" m="45163" /><F107/><W68/><G68/><T0/><D13/><U56/><E21/><V60/><F104/><W65/><G65/><T124/><D62/><AGARI ba="0,0" hai="60,62,63,67,70,80,85,88" m="45163,13355" machi="62" ten="30,2000,0" yaku="12,1,54,1" doraHai="130" who="2" fromWho="0" sc="296,-20,227,0,286,20,191,0" owari="276,7.6,227,-17.3,306,40.6,191,-30.9" /></mjloggm>