<mjloggm ver="2.3"><GO type="225" lobby="0"/><UN n0="%70%68%65%6E%6F%6D%65" n1="%E7%99%BD%E5%80%89%E5%AF%9B%E4%B9%8B" n2="%E7%89%B9%E6%9D%B1%E3%81%AF%E4%B8%96%E7%95%8C%E3%82%92%E6%95%91%E3%81%86" n3="%E5%85%83%E3%82%AB%E3%83%8E%E7%B3%BB%E3%83%92%E3%83%AD%E3%82%A4%E3%83%B3" dan="16,16,16,16" rate="2160.85,2140.26,2163.48,2187.63" sx="M,M,M,M"/><TAIKYOKU oya="0"/><INIT seed="0,0,0,5,0,85" ten="250,250,250,250" oya="0" hai0="119,132,15,37,128,2,41,82,23,73,64,117,135" hai1="131,89,36,78,114,28,101,7,61,13,75,18,6" hai2="49,106,3,107,20,55,113,46,127,103,56,5,112" hai3="90,115,93,58,133,39,110,116,62,38,109,22,79"/><T97/><D2/><U54/><E36/><V120/><F120/><W98/><G115/><T71/><D128/><U24/><E131/><V57/><F127/><W4/><G116/><T19/><D64/><U51/><E114/><V48/><F3/><W99/><G133/><N who="0" m="51275" /><D71/><U14/><E61/><V21/><F46/><W94/><G79/><N who="0" m="44399" /><D97/><U130/><E101/><V95/><F95/><W32/><G32/><T123/><D123/><U35/><E130/><V40/><F55/><W42/><G4/><T59/><D59/><U60/><E60/><V17/><F17/><W1/><G1/><T80/><D80/><U31/><E31/><V87/><F103/><N who="3" m="60879" /><G42/><T77/><D77/><U84/><E78/><V83/><F83/><W16/><G58/><T66/><D66/><U45/><E75/><V121/><F121/><W102/><G62/><T50/><D37/><U72/><E72/><V69/><F69/><W43/><G43/><T30/><D30/><U118/><E118/><V125/><F40/><W12/><G102/><T129/><D129/><U81/><REACH who="1" step="1"/><E14/><REACH who="1" ten="250,240,250,250" step="2"/><V52/><F113/><W74/><G74/><T9/><D117/><U92/><E92/><V111/><F112/><W108/><AGARI ba="0,1" hai="12,16,22,38,39,90,94,99,108,109,110" m="60879" machi="108" ten="30,4000,0" yaku="14,1,52,1,54,1" doraHai="85" who="3" fromWho="3" sc="250,-20,240,-10,250,-10,250,50" /><INIT seed="1,0,0,5,2,133" ten="230,230,240,300" oya="1" hai0="135,35,110,37,34,65,126,18,26,83,63,67,45" hai1="76,48,6,16,49,27,56,96,51,17,47,72,89" hai2="75,21,115,42,55,85,62,106,2,57,103,41,15" hai3="38,70,0,109,118,71,86,29,14,36,68,92,46"/><U7/><E72/><V101/><F75/><W13/><G0/><T74/><D135/><U33/><E76/><V130/><F2/><W80/><G29/><T102/><D102/><N who="2" m="38922" /><F106/><W84/><G109/><T129/><D110/><U9/><E33/><V81/><F130/><W44/><G92/><T117/><D117/><U105/><E105/><V87/><F115/><W12/><G118/><T24/><D129/><U32/><E32/><V19/><F87/><N who="3" m="33323" /><G80/><T43/><D67/><U30/><E30/><V107/><F107/><W73/><G73/><T69/><D26/><U28/><E28/><V8/><F8/><W132/><G132/><T52/><D83/><U122/><E122/><V121/><F121/><W20/><G20/><T1/><D1/><U61/><E47/><AGARI ba="0,0" hai="12,13,14,36,38,44,46,47,68,70,71" m="33323" machi="47" ten="40,2600,0" yaku="28,2" doraHai="133" who="3" fromWho="1" sc="230,0,230,-26,240,0,300,26" /><INIT seed="2,0,0,3,3,116" ten="230,204,240,326" oya="2" hai0="44,92,132,35,3,127,78,101,124,110,95,1,102" hai1="99,69,76,26,15,56,28,105,20,19,63,47,103" hai2="43,131,70,65,72,46,118,27,39,85,75,36,129" hai3="119,84,106,11,130,120,68,121,41,97,93,32,58"/><V7/><F118/><W125/><G68/><T86/><D44/><U128/><E128/><N who="2" m="49227" /><F7/><W2/><G119/><T30/><D30/><U100/><E100/><N who="0" m="38505" /><D35/><U83/><E47/><N who="2" m="24039" /><F85/><W71/><G84/><T5/><D5/><U87/><E69/><V81/><F81/><W16/><G93/><N who="0" m="35915" /><D110/><U98/><E98/><V9/><F9/><W50/><G97/><T114/><D3/><U23/><E56/><V112/><F112/><W59/><G11/><T111/><D1/><U113/><REACH who="1" step="1"/><E63/><REACH who="1" ten="230,194,240,326" step="2"/><N who="2" m="40255" /><F46/><W45/><G45/><T17/><D111/><U34/><E34/><V134/><F39/><W33/><G32/><T4/><D114/><AGARI ba="0,1" hai="15,19,20,23,26,28,76,83,87,99,103,105,113,114" machi="114" ten="40,2600,0" yaku="1,1,53,1" doraHai="116" doraHaiUra="13" who="1" fromWho="0" sc="230,-26,194,36,240,0,326,0" /><INIT seed="3,0,0,1,4,115" ten="204,230,240,326" oya="3" hai0="120,116,63,100,38,56,33,31,1,112,51,82,119" hai1="43,6,123,0,107,27,17,32,44,86,87,5,7" hai2="46,37,133,40,121,30,91,57,108,4,45,124,79" hai3="39,13,118,50,19,24,81,67,128,97,102,129,76"/><W77/><G118/><T16/><D120/><U62/><E107/><V70/><F70/><W18/><G39/><T85/><D38/><U109/><E123/><V66/><F121/><W10/><G67/><T12/><D1/><U22/><E0/><V52/><F79/><W14/><G24/><T11/><D112/><U104/><E104/><V90/><F108/><W53/><G97/><T25/><D51/><N who="1" m="27039" /><E32/><V65/><F4/><W61/><G61/><T21/><D100/><U54/><E109/><V84/><F133/><W20/><G102/><T93/><D93/><U72/><E72/><V23/><F124/><W117/><G117/><T68/><D68/><U35/><E35/><V47/><F40/><W125/><G125/><T130/><D130/><N who="3" m="50281" /><G81/><T34/><D33/><U101/><E101/><V73/><F37/><W75/><G75/><T55/><D34/><U48/><E62/><N who="2" m="36135" /><F73/><W8/><G8/><T59/><D59/><AGARI ba="0,0" hai="5,6,7,17,22,27,48,54,59,86,87" m="27039" machi="59" ten="30,1000,0" yaku="8,1" doraHai="115" who="1" fromWho="0" sc="204,-10,230,10,240,0,326,0" /><AGARI ba="0,0" hai="10,13,14,18,19,20,50,53,59,76,77" m="50281" machi="59" ten="30,1500,0" yaku="19,1" doraHai="115" who="3" fromWho="0" sc="194,-15,240,0,240,0,326,15" owari="179,-32.1,240,4.0,240,-16.0,341,44.1" /></mjloggm>