<mjloggm ver="2.3"><GO type="225" lobby="0"/><UN n0="%E3%82%BC%E3%83%AB%E3%83%80%E3%81%AE%E4%BC%9D%E8%AA%AC" n1="%E4%BF%BA%E3%81%A8%E5%A6%96%E5%A4%A2" n2="%E6%98%93%E5%88%A9%E8%96%A9%E4%BC%AF" n3="%E5%B8%86%E7%AB%8B%E5%A4%8F%E8%A1%A3" dan="17,16,17,17" rate="2174.88,2137.67,2172.86,2194.84" sx="M,F,F,M"/><TAIKYOKU oya="0"/><INIT seed="0,0,0,2,2,10" ten="250,250,250,250" oya="0" hai0="15,41,44,50,2,131,83,78,28,87,59,81,61" hai1="110,21,36,92,73,129,9,103,69,42,121,34,115" hai2="74,86,48,6,128,133,24,56,52,57,16,60,71" hai3="135,19,102,96,109,107,89,49,11,132,8,18,119"/><T120/><D120/><U116/><RYUUKYOKU type="yao9" ba="0,0" sc="250,0,250,0,250,0,250,0" hai1="9,21,34,36,42,69,73,92,103,110,115,116,121,129" /><INIT seed="0,1,0,5,1,25" ten="250,250,250,250" oya="0" hai0="29,54,128,14,62,104,131,98,87,15,40,22,31" hai1="17,1,47,92,20,45,53,11,134,48,102,86,24" hai2="65,75,51,4,123,91,55,127,70,90,59,107,50" hai3="105,76,5,57,27,58,130,89,71,88,73,64,119"/><T23/><D40/><U33/><E134/><V114/><F123/><W111/><G119/><T132/><D132/><U97/><E33/><V116/><F127/><W42/><G105/><T133/><D133/><U125/><E125/><V34/><F107/><W80/><G130/><N who="0" m="49707" /><D87/><U110/><E110/><V108/><F75/><W115/><G115/><T79/><D79/><U77/><E1/><V69/><F34/><W124/><G124/><T66/><D54/><U19/><E47/><V56/><F108/><W30/><G111/><T43/><D43/><U7/><E7/><V121/><F4/><W6/><G42/><T10/><D23/><U8/><REACH who="1" step="1"/><E19/><REACH who="1" ten="250,240,250,250" step="2"/><V44/><F116/><W2/><G6/><N who="0" m="3415" /><D15/><U72/><E72/><V96/><F114/><W35/><G2/><T95/><D104/><U39/><E39/><V18/><F44/><W118/><G5/><T63/><D22/><U78/><E78/><V67/><F18/><W0/><G0/><T46/><D46/><U52/><E52/><V135/><F55/><W106/><G106/><T16/><D16/><U120/><E120/><V61/><F121/><W26/><G118/><T100/><D63/><U84/><E84/><V83/><F135/><W94/><G73/><T3/><D3/><U129/><E129/><V28/><F61/><W117/><G117/><T93/><D93/><U122/><E122/><V82/><F96/><W109/><G76/><T12/><D12/><U49/><E49/><V21/><F21/><W68/><G94/><T38/><D38/><U81/><AGARI ba="1,1" hai="8,11,17,20,24,45,48,53,77,81,86,92,97,102" machi="81" ten="30,4000,0" yaku="1,1,0,1,8,1,53,0" doraHai="25" doraHaiUra="126" who="1" fromWho="1" sc="250,-21,240,53,250,-11,250,-11" /><INIT seed="1,0,0,3,0,6" ten="229,293,239,239" oya="1" hai0="49,111,1,36,29,86,32,10,50,83,17,119,51" hai1="79,20,24,106,42,45,27,33,110,134,48,105,95" hai2="131,127,35,81,96,121,31,130,76,19,133,123,40" hai3="5,74,98,65,109,4,80,9,47,26,82,102,100"/><U0/><E33/><V101/><F40/><W85/><G109/><T108/><D36/><U73/><E110/><N who="0" m="42025" /><D119/><U21/><E134/><V57/><F57/><W77/><G65/><T18/><D29/><U38/><E0/><V113/><F19/><N who="0" m="7178" /><D32/><U55/><E21/><V78/><F113/><W30/><G47/><T122/><D122/><U116/><E27/><N who="2" m="18943" /><F78/><W67/><G67/><T64/><D64/><U37/><E37/><V124/><F133/><W99/><G5/><N who="0" m="1327" /><D51/><U60/><E116/><V135/><F135/><W90/><G102/><T53/><D53/><U126/><E38/><V75/><F123/><W44/><G44/><T62/><D62/><U120/><E60/><V129/><F121/><W118/><G118/><T28/><D28/><U41/><E120/><V125/><F125/><W94/><G30/><T70/><D70/><U52/><E126/><V68/><F68/><W8/><G4/><T84/><D84/><U13/><E41/><V87/><F87/><W12/><G100/><T61/><D61/><U14/><E42/><V114/><F114/><W66/><G66/><T104/><D104/><AGARI ba="0,0" hai="75,76,81,96,101,104,124,127,129,130,131" m="18943" machi="104" ten="30,2000,0" yaku="19,1,23,1" doraHai="6" who="2" fromWho="0" sc="229,-20,293,0,239,20,239,0" /><INIT seed="2,0,0,3,4,3" ten="209,293,259,239" oya="2" hai0="130,5,65,32,83,101,36,127,74,78,122,44,50" hai1="96,102,23,0,64,21,54,55,15,26,31,25,69" hai2="59,14,4,40,17,128,53,104,113,48,92,45,91" hai3="70,126,84,8,99,108,124,46,24,125,1,67,131"/><V35/><F104/><W13/><G131/><T71/><D122/><U103/><E0/><V72/><F35/><W82/><G108/><T33/><D130/><U133/><E133/><V51/><F72/><W11/><G70/><T109/><D109/><U118/><E15/><V120/><F120/><W88/><G67/><T28/><D127/><U90/><E90/><V85/><F113/><W68/><G68/><T18/><D18/><U116/><E69/><V93/><F128/><W123/><G123/><T66/><D101/><U58/><E64/><V107/><F107/><W98/><G24/><T106/><D106/><U79/><E79/><V135/><F135/><W105/><G105/><T115/><D115/><U52/><E58/><V60/><F60/><W20/><G46/><T30/><D36/><U9/><E9/><V87/><F4/><N who="3" m="1039" /><G20/><T95/><D95/><N who="2" m="36426" /><F91/><W41/><G41/><N who="0" m="24847" /><D5/><AGARI ba="0,0" hai="5,11,13,82,84,88,98,99,124,125,126" m="1039" machi="5" ten="30,7700,0" yaku="18,1,52,2,54,1" doraHai="3" who="3" fromWho="0" sc="209,-77,293,0,259,0,239,77" /><INIT seed="3,0,0,1,2,55" ten="132,293,259,316" oya="3" hai0="56,115,104,29,52,132,53,4,19,83,40,84,126" hai1="50,71,10,103,123,21,60,90,27,31,70,76,16" hai2="113,39,124,111,105,129,30,51,106,0,28,120,85" hai3="42,72,65,23,92,79,32,117,26,127,96,101,134"/><W94/><G117/><T107/><D126/><U44/><E123/><V97/><F39/><W22/><G134/><T118/><D118/><U100/><E76/><V95/><F0/><W38/><G127/><T86/><D132/><U125/><E125/><V11/><F113/><W46/><G65/><T69/><D69/><U67/><E71/><V54/><F120/><W119/><G119/><T62/><D115/><U33/><E90/><V45/><F129/><W24/><G32/><T13/><D40/><U112/><E10/><V114/><F111/><W102/><G79/><T6/><D29/><U17/><E17/><V47/><F85/><W128/><G72/><T131/><D131/><U35/><E35/><V18/><F47/><W14/><G128/><T43/><D43/><U20/><E33/><V58/><F106/><W93/><G14/><T36/><D36/><U2/><E2/><V57/><F105/><W91/><G102/><T15/><D19/><U98/><E98/><V78/><F78/><W87/><REACH who="3" step="1"/><G94/><REACH who="3" ten="132,293,259,306" step="2"/><T75/><D75/><U48/><E112/><V63/><F114/><W7/><G7/><T121/><D121/><U122/><E122/><V82/><F82/><W3/><G3/><T135/><D135/><U59/><E70/><V133/><F133/><W130/><G130/><T25/><D83/><U61/><E103/><N who="2" m="60863" /><F124/><W110/><G110/><T88/><D25/><AGARI ba="0,1" hai="22,23,24,25,26,38,42,46,87,91,92,93,96,101" machi="25" ten="40,3900,0" yaku="1,1,53,1" doraHai="55" doraHaiUra="99" who="3" fromWho="0" sc="132,-39,293,0,259,0,306,49" owari="93,-40.7,293,9.3,259,-14.1,355,45.5" /></mjloggm>