<mjloggm ver="2.3"><GO type="225" lobby="0"/><UN n0="%E4%BF%BA%E3%81%A8%E5%A6%96%E5%A4%A2" n1="%E3%81%A1%E3%82%83%E3%81%93%E3%81%93" n2="%E3%82%8F%E3%81%8B%E3%81%B0%2A%E3%82%AC%E3%83%BC%E3%83%AB" n3="%73%75%7A%75%6D%65%33" dan="16,16,16,17" rate="2228.90,2157.06,2086.53,2180.16" sx="F,F,M,M"/><TAIKYOKU oya="0"/><INIT seed="0,0,0,1,3,44" ten="250,250,250,250" oya="0" hai0="0,95,7,131,45,79,61,50,11,57,3,32,97" hai1="88,36,87,129,64,51,4,82,102,19,121,20,94" hai2="22,124,77,10,47,128,27,41,123,54,101,35,103" hai3="67,125,120,18,98,16,116,111,78,43,13,59,107"/><T113/><D113/><U91/><E121/><V21/><F123/><W105/><G120/><T70/><D70/><U134/><E36/><V1/><F35/><W86/><G116/><T69/><D69/><U25/><E129/><V42/><F128/><W115/><G115/><T74/><D32/><U17/><E134/><V126/><F77/><W46/><G111/><T53/><D131/><U14/><E64/><V2/><F54/><W9/><G125/><N who="2" m="48233" /><F10/><W65/><G18/><T93/><D0/><N who="2" m="106" /><F41/><W68/><G68/><T114/><D114/><U100/><E4/><V73/><F73/><W15/><G15/><T38/><D97/><U135/><E135/><V63/><F63/><W132/><G98/><T85/><D85/><U37/><E37/><N who="2" m="21967" /><F21/><W75/><G75/><T89/><D89/><U8/><REACH who="1" step="1"/><E51/><REACH who="1" ten="250,240,250,250" step="2"/><V34/><F34/><W83/><G132/><T48/><D48/><U127/><E127/><V28/><AGARI ba="0,1" hai="22,27,28,101,103" m="21967,106,48233" machi="28" ten="30,1100,0" yaku="18,1" doraHai="44" who="2" fromWho="2" sc="250,-5,240,-3,250,21,250,-3" /><INIT seed="1,0,0,1,4,119" ten="245,237,271,247" oya="1" hai0="71,76,56,79,106,16,4,91,31,102,95,39,126" hai1="104,48,3,100,74,103,132,113,49,70,69,53,127" hai2="42,81,12,51,0,67,60,30,110,105,6,1,78" hai3="82,86,20,112,109,41,77,129,123,93,89,98,131"/><U45/><E113/><V117/><F105/><W88/><G41/><T26/><D71/><U114/><E114/><V72/><F117/><W90/><G112/><T115/><D115/><U83/><E3/><V120/><F110/><W84/><G20/><T17/><D39/><U108/><E132/><V52/><F30/><W29/><G29/><T121/><D4/><U116/><E116/><V66/><F42/><W63/><G63/><T5/><D5/><U14/><E127/><V32/><F32/><W28/><G28/><T25/><D126/><U118/><E118/><V75/><F75/><N who="3" m="43327" /><G109/><T27/><D31/><U134/><E134/><V94/><F94/><N who="3" m="54551" /><G123/><T47/><D121/><U62/><E108/><V7/><F120/><W43/><G43/><T135/><D135/><U101/><E104/><V8/><F7/><W58/><G58/><T73/><D56/><U65/><E70/><V18/><F6/><W13/><G13/><T24/><D47/><U36/><E14/><V87/><F72/><W57/><G57/><T40/><D40/><U97/><E49/><V80/><F67/><W125/><G125/><T92/><D106/><U23/><E36/><V122/><F122/><W64/><G64/><T85/><D73/><U59/><E69/><N who="2" m="42183" /><F0/><W128/><G90/><T11/><D11/><U44/><E23/><V46/><F1/><W9/><G9/><T38/><D38/><U111/><E44/><V33/><F33/><W96/><AGARI ba="0,0" hai="84,89,93,96,98,128,129,131" m="54551,43327" machi="96" ten="40,8000,1" yaku="19,1,34,2,54,1" doraHai="119" who="3" fromWho="3" sc="245,-20,237,-40,271,-20,247,80" /><INIT seed="2,0,0,1,4,37" ten="225,197,251,327" oya="2" hai0="2,15,25,32,131,111,119,31,63,123,28,82,18" hai1="38,44,43,51,11,57,91,17,88,134,104,10,106" hai2="58,60,121,69,127,56,45,101,135,59,126,14,6" hai3="79,110,61,48,50,108,80,102,19,47,93,4,96"/><V115/><F115/><W24/><G4/><T33/><D123/><U105/><E134/><V89/><F135/><W40/><G61/><T75/><D111/><N who="3" m="42537" /><G19/><T133/><D133/><U7/><E17/><V78/><F121/><W95/><G24/><T120/><D120/><U77/><E77/><V5/><F78/><W73/><G48/><T35/><D2/><U76/><E76/><V34/><F34/><W129/><G129/><T42/><D131/><U72/><E72/><V112/><F112/><W22/><G22/><T103/><D103/><U124/><E124/><V90/><F101/><W118/><G118/><T109/><D109/><U13/><REACH who="1" step="1"/><E11/><REACH who="1" ten="225,187,251,327" step="2"/><V52/><F126/><W128/><G128/><T125/><D125/><U46/><E46/><V41/><F127/><W122/><G122/><T29/><D75/><U74/><E74/><V83/><F5/><W12/><G73/><T26/><D119/><U85/><E85/><V66/><F6/><W94/><G79/><T1/><D31/><U130/><E130/><V3/><F45/><W8/><G8/><T70/><D29/><U86/><E86/><V53/><F3/><W65/><G47/><T20/><D1/><U71/><E71/><V87/><F69/><W23/><G96/><T0/><D0/><U39/><E39/><V9/><F9/><W97/><G97/><T132/><D132/><U30/><E30/><V117/><F117/><W64/><G102/><T92/><D28/><U54/><AGARI ba="0,1" hai="7,10,13,38,43,44,51,54,57,88,91,104,105,106" machi="54" ten="40,8000,1" yaku="1,1,0,1,52,1,54,1,53,0" doraHai="37" doraHaiUra="67" who="1" fromWho="1" sc="225,-20,187,90,251,-40,327,-20" /><INIT seed="3,0,0,4,1,130" ten="205,277,211,307" oya="3" hai0="106,54,56,77,32,27,29,135,28,102,11,73,26" hai1="83,21,3,5,50,69,114,86,93,35,8,127,1" hai2="85,108,121,103,44,49,47,65,94,64,91,66,57" hai3="128,4,36,61,84,134,6,53,89,18,72,24,120"/><W30/><G36/><T41/><D102/><U12/><E114/><V25/><F108/><W43/><G72/><T13/><D106/><U19/><E69/><V100/><F121/><W39/><G120/><T17/><D41/><U45/><E127/><V38/><F38/><W10/><G39/><T42/><D42/><U109/><E109/><V9/><F25/><W15/><G43/><T122/><D122/><U78/><E35/><V52/><F9/><W23/><G128/><T58/><D135/><U46/><E3/><V118/><F118/><W81/><G134/><T60/><D73/><U48/><E93/><V105/><F105/><W79/><G89/><T76/><D58/><AGARI ba="0,0" hai="4,6,10,15,18,23,24,30,53,58,61,79,81,84" machi="58" ten="40,2000,0" yaku="8,1" doraHai="130" who="3" fromWho="0" sc="205,-20,277,0,211,0,307,20" owari="185,-31.5,277,7.7,211,-18.9,327,42.7" /></mjloggm>