<mjloggm ver="2.3"><GO type="225" lobby="0"/><UN n0="%E3%81%BE%E3%81%A8%E3%81%9F" n1="%E3%81%99%E3%81%84%E3%81%BE%E3%81%9B%E3%83%BC%E3%82%93" n2="%E5%91%A8%E6%9D%B1" n3="%E4%BF%BA%E3%81%A8%E5%A6%96%E5%A4%A2" dan="16,18,16,16" rate="2078.08,2214.24,2168.44,2248.37" sx="M,M,M,F"/><TAIKYOKU oya="0"/><INIT seed="0,0,0,5,5,76" ten="250,250,250,250" oya="0" hai0="44,108,32,1,55,128,69,22,45,123,68,135,4" hai1="132,114,79,100,50,42,60,12,40,29,21,11,52" hai2="38,119,90,92,17,48,130,121,126,131,99,59,10" hai3="87,31,41,86,47,77,65,125,5,84,89,24,0"/><T112/><D123/><U20/><E132/><V118/><F38/><W95/><G125/><T39/><D32/><U115/><E100/><V62/><F121/><W54/><G65/><T120/><D39/><U93/><E93/><V124/><F48/><W57/><G5/><T97/><D1/><U105/><E105/><V14/><F59/><W15/><G0/><T109/><D120/><U80/><E60/><V91/><F62/><W94/><G15/><T71/><D112/><N who="1" m="43051" /><E29/><V34/><F34/><W28/><G28/><T19/><D4/><N who="1" m="3175" /><E42/><V82/><F90/><W96/><G41/><T64/><D135/><U13/><E13/><V107/><F107/><W18/><G31/><T72/><D55/><U36/><E40/><V104/><F104/><W111/><G47/><N who="0" m="17995" /><D64/><U74/><E36/><V67/><F67/><W81/><G111/><N who="0" m="42571" /><D72/><U106/><E106/><V43/><F43/><W16/><G95/><T61/><D61/><U73/><E73/><V75/><F126/><W51/><REACH who="3" step="1"/><G24/><REACH who="3" ten="250,250,250,240" step="2"/><N who="0" m="14431" /><D128/><N who="2" m="49194" /><F124/><W8/><G8/><T116/><D116/><U53/><E53/><V49/><F49/><W102/><G102/><T70/><D70/><U133/><E133/><V98/><F119/><W9/><G9/><T2/><D2/><U110/><E110/><V35/><F118/><W127/><G127/><T37/><D37/><U113/><E113/><V78/><F35/><W7/><G7/><T56/><D69/><U134/><E134/><V33/><F33/><W117/><G117/><T30/><D30/><U103/><E103/><V58/><F58/><AGARI ba="0,1" hai="20,21,50,52,58,74,79,80" m="3175,43051" machi="58" ten="30,3900,0" yaku="11,1,52,1,54,1" doraHai="76" who="1" fromWho="2" sc="250,0,250,49,250,-39,240,0" /><INIT seed="1,0,0,3,4,7" ten="250,299,211,240" oya="1" hai0="53,123,127,81,112,97,79,34,92,15,114,17,10" hai1="82,134,98,118,87,117,11,5,64,116,70,73,32" hai2="38,75,44,122,119,37,66,126,22,43,25,88,115" hai3="106,93,1,48,16,20,72,94,109,90,12,85,105"/><U40/><E134/><V59/><F119/><W103/><G72/><T89/><D127/><U67/><E32/><V54/><F126/><W83/><G109/><T14/><D34/><U113/><E113/><V100/><F115/><W124/><G124/><T131/><D131/><U8/><E73/><V86/><F75/><W36/><G36/><T68/><D68/><U69/><E40/><V30/><F122/><W31/><G1/><T78/><D123/><U0/><E98/><V95/><F100/><W133/><G133/><T26/><D26/><U4/><E70/><V49/><REACH who="2" step="1"/><F66/><REACH who="2" ten="250,299,201,240" step="2"/><W39/><G103/><T120/><D120/><U51/><E67/><V18/><F18/><W77/><G31/><T33/><D114/><U99/><E64/><V74/><F74/><W13/><G105/><T65/><D112/><U3/><E118/><V107/><F107/><W42/><G106/><T52/><D65/><U23/><E117/><V28/><F28/><W35/><G16/><N who="0" m="8279" /><D33/><U19/><E116/><V104/><F104/><W135/><G35/><T125/><D125/><U76/><E69/><V58/><F58/><W41/><G135/><T110/><D110/><U63/><E19/><V132/><F132/><W47/><G47/><T29/><D29/><U45/><E45/><V102/><F102/><W2/><G20/><N who="0" m="11327" /><D79/><U111/><E111/><V62/><AGARI ba="0,1" hai="22,25,30,37,38,43,44,49,54,59,62,86,88,95" machi="62" ten="20,8000,1" yaku="1,1,0,1,7,1,54,1,53,1" doraHai="7" doraHaiUra="57" who="2" fromWho="2" sc="250,-20,299,-40,201,90,240,-20" /><INIT seed="2,0,0,0,1,44" ten="230,259,291,220" oya="2" hai0="24,114,88,131,41,72,12,76,79,35,10,133,20" hai1="84,64,87,128,7,31,93,63,81,39,19,96,86" hai2="91,73,112,77,129,68,34,28,82,13,25,50,100" hai3="99,108,15,105,51,2,8,103,106,90,16,3,70"/><V134/><F112/><W45/><G70/><T115/><D131/><U71/><E128/><V23/><F129/><W113/><G113/><T119/><D133/><U65/><E39/><V66/><F134/><W95/><G108/><T18/><D119/><U42/><E42/><V135/><F135/><W85/><REACH who="3" step="1"/><G106/><REACH who="3" ten="230,259,291,210" step="2"/><T116/><D114/><U36/><E71/><V46/><F68/><W104/><G104/><T26/><D115/><U27/><E93/><V118/><F118/><W121/><G121/><T78/><D116/><U125/><E81/><V40/><F66/><W94/><G94/><T92/><D72/><U101/><E65/><V83/><F83/><W11/><G11/><T122/><D122/><U132/><E64/><V56/><F73/><W17/><G17/><T110/><D110/><U67/><E19/><V126/><F82/><W97/><G97/><T48/><D10/><U30/><E96/><V21/><F28/><W111/><G111/><T61/><D18/><U57/><E31/><V55/><F126/><W89/><G89/><T120/><D88/><U54/><E125/><V98/><F98/><W123/><G123/><T47/><D92/><U59/><E132/><V127/><F127/><W102/><G102/><T32/><D120/><U107/><E101/><V6/><F100/><W43/><AGARI ba="0,1" hai="2,3,8,15,16,43,45,51,85,90,95,99,103,105" machi="43" ten="20,8000,1" yaku="1,1,0,1,7,1,52,1,54,1,53,0" doraHai="44" doraHaiUra="58" who="3" fromWho="3" sc="230,-20,259,-20,291,-40,210,90" /><INIT seed="3,0,0,5,0,107" ten="210,239,251,300" oya="3" hai0="45,61,70,75,59,60,83,8,1,46,34,97,85" hai1="125,43,23,7,58,103,100,104,89,95,127,133,37" hai2="116,38,98,93,26,119,12,109,32,22,4,117,111" hai3="105,69,16,123,30,134,53,112,63,29,48,0,106"/><W122/><G112/><T92/><D34/><U88/><E133/><V108/><F38/><W77/><G0/><T74/><D70/><U2/><E104/><V110/><N who="2" m="27648" /><DORA hai="40" /><V41/><F41/><W52/><G77/><T129/><D129/><U54/><E23/><V57/><F57/><W91/><G91/><T67/><D61/><U102/><E43/><V87/><F87/><W50/><G63/><T124/><D124/><N who="1" m="47691" /><E37/><V18/><F4/><W99/><G16/><T31/><D31/><U94/><E95/><V5/><F5/><W84/><G84/><T56/><D56/><U128/><E94/><V44/><F44/><W82/><G82/><T130/><D130/><U62/><E128/><V13/><REACH who="2" step="1"/><F32/><REACH who="2" ten="210,239,241,300" step="2"/><W39/><G39/><T36/><D36/><U15/><E2/><V6/><F6/><W118/><G69/><T28/><D1/><U121/><E121/><V33/><F33/><W131/><G131/><T72/><D8/><AGARI ba="0,1" hai="7,8,15,54,58,62,88,89,100,102,103" m="47691" machi="8" ten="30,2000,0" yaku="18,1,54,1" doraHai="107,40" who="1" fromWho="0" sc="210,-20,239,30,241,0,300,0" owari="190,-31.0,269,6.9,241,-15.9,300,40.0" /></mjloggm>