<mjloggm ver="2.3"><GO type="225" lobby="0"/><UN n0="%E3%83%96%E3%83%83%E3%83%91%E3%82%AA%E3%83%96%E3%83%81%E3%82%AD%E3%83%B3" n1="%E8%81%B7%E6%A5%AD%E3%80%81%E9%A2%A8%32" n2="%6C%61%6D%62" n3="%E6%A5%93%E4%BB%8B" dan="16,16,16,16" rate="2239.40,2160.98,2248.55,2106.67" sx="M,M,M,M"/><TAIKYOKU oya="0"/><INIT seed="0,0,0,5,5,34" ten="250,250,250,250" oya="0" hai0="77,112,11,61,54,33,68,117,2,14,73,108,25" hai1="83,101,96,114,109,84,31,105,32,20,102,76,50" hai2="39,3,75,58,1,9,121,64,106,42,127,10,82" hai3="59,12,135,122,78,70,118,113,85,53,16,38,66"/><T86/><D112/><U115/><E109/><V44/><F121/><W100/><G113/><N who="1" m="43018" /><E32/><V29/><F106/><W47/><G118/><T91/><D117/><U72/><E50/><V89/><F127/><W124/><G124/><T41/><D41/><U69/><E69/><V15/><F29/><W119/><G119/><T37/><D37/><U36/><E36/><V8/><F15/><W128/><G100/><T104/><D104/><U6/><E6/><V56/><F89/><W97/><G97/><T28/><D108/><U13/><E102/><V110/><F110/><W126/><G126/><T74/><D77/><U17/><E31/><V22/><F22/><W131/><G122/><T87/><D87/><AGARI ba="0,0" hai="13,17,20,72,76,83,84,87,96,101,105" m="43018" machi="87" ten="30,1000,0" yaku="11,1" doraHai="34" who="1" fromWho="0" sc="250,-10,250,10,250,0,250,0" /><INIT seed="1,0,0,4,4,34" ten="240,260,250,250" oya="1" hai0="33,131,0,87,1,82,120,36,39,3,105,99,25" hai1="102,94,114,89,125,79,78,30,119,10,68,35,71" hai2="134,92,77,15,129,128,24,49,100,12,5,65,126" hai3="23,47,81,29,98,51,101,42,107,28,122,60,88"/><U48/><E119/><V133/><F65/><W70/><G122/><T16/><D131/><N who="2" m="50250" /><F77/><W75/><G23/><T22/><D120/><U26/><E114/><V38/><F38/><W76/><G70/><T104/><D33/><U96/><E125/><V32/><F49/><W86/><REACH who="3" step="1"/><G60/><REACH who="3" ten="240,260,250,240" step="2"/><T59/><D59/><U116/><E68/><V56/><F126/><W53/><G53/><T21/><D21/><U57/><E71/><V11/><F32/><W7/><G7/><T121/><D121/><U124/><E124/><V44/><F5/><W37/><G37/><T130/><D130/><U80/><E116/><V8/><F134/><W2/><G2/><T132/><D132/><U20/><E35/><V83/><F133/><W97/><G97/><T46/><D99/><U112/><E112/><V31/><F8/><W117/><G117/><T14/><D36/><U63/><E10/><V118/><F11/><W113/><G113/><T13/><D13/><U84/><REACH who="1" step="1"/><E48/><REACH who="1" ten="240,250,250,240" step="2"/><V109/><F118/><W45/><G45/><T4/><D46/><U40/><E40/><V95/><F44/><W103/><G103/><T27/><D39/><U72/><E72/><V73/><F100/><W123/><G123/><T17/><D27/><U90/><E90/><V127/><F24/><W93/><AGARI ba="0,2" hai="28,29,42,47,51,75,76,81,86,88,93,98,101,107" machi="93" ten="20,12000,2" yaku="1,1,0,1,7,1,24,2,54,1,53,1" doraHai="34" doraHaiUra="106" who="3" fromWho="3" sc="240,-30,250,-60,250,-30,240,140" /><INIT seed="2,0,0,4,4,35" ten="210,190,220,380" oya="2" hai0="90,99,83,124,63,19,101,6,127,76,64,3,88" hai1="36,119,39,43,96,56,38,71,46,118,16,23,11" hai2="40,8,112,116,93,65,25,89,123,57,0,86,130" hai3="17,12,135,102,4,79,13,133,32,108,49,100,74"/><V109/><F112/><W47/><G32/><T114/><D114/><U70/><E11/><V2/><F116/><N who="1" m="44585" /><E96/><V33/><F123/><W50/><G74/><N who="0" m="43415" /><D19/><U54/><E23/><V92/><F130/><W5/><G79/><T69/><D6/><U128/><E16/><V77/><F109/><W105/><G108/><T117/><D117/><U62/><E128/><V44/><F77/><W85/><G17/><T94/><D3/><U14/><E14/><V41/><F41/><W81/><G81/><T9/><D9/><U73/><E73/><V132/><F132/><W51/><G85/><N who="0" m="52495" /><D90/><U120/><E120/><V60/><F92/><W7/><G47/><T48/><D48/><AGARI ba="0,0" hai="36,38,39,43,46,48,54,56,62,70,71" m="44585" machi="48" ten="40,2600,0" yaku="34,2" doraHai="35" who="1" fromWho="0" sc="210,-26,190,26,220,0,380,0" /><INIT seed="3,0,0,4,1,19" ten="184,216,220,380" oya="3" hai0="44,38,62,88,45,4,104,86,135,48,1,134,22" hai1="95,72,73,98,46,67,131,43,15,41,40,5,133" hai2="60,123,79,59,116,124,56,126,113,25,132,119,64" hai3="8,42,21,27,66,18,94,11,78,68,81,110,75"/><W69/><G110/><T91/><D104/><U39/><E131/><V109/><F109/><W76/><G42/><T33/><D33/><U92/><E133/><N who="0" m="50697" /><D38/><U83/><E39/><V74/><F132/><W112/><G112/><T23/><D44/><U105/><E46/><V85/><F74/><W102/><G78/><T2/><D62/><U61/><E105/><V96/><F113/><W107/><G107/><T24/><D4/><U28/><E28/><V31/><F123/><W103/><G66/><T84/><D84/><U106/><E106/><V20/><F96/><W70/><G94/><N who="0" m="54551" /><D91/><U13/><E73/><V100/><F100/><W118/><G118/><T12/><D12/><U129/><E72/><V71/><F116/><W121/><G121/><T125/><D125/><N who="2" m="48234" /><F119/><W49/><G49/><T93/><D93/><U35/><E95/><V87/><F87/><W26/><G26/><T97/><D97/><U17/><E92/><V57/><F85/><W58/><G58/><T10/><D10/><N who="1" m="4303" /><E98/><V108/><F108/><W55/><G103/><T50/><D50/><U54/><E35/><V52/><F79/><W34/><G76/><T90/><D90/><U117/><E117/><V122/><F122/><W47/><G102/><T3/><D24/><U36/><E36/><V111/><F111/><W120/><G27/><T80/><D80/><U29/><E83/><V6/><F6/><W0/><G81/><T53/><AGARI ba="0,0" hai="1,2,3,22,23,45,48,53" m="54551,50697" machi="53" ten="40,8000,1" yaku="20,1,52,2,54,1" doraHai="19" who="0" fromWho="0" sc="184,80,216,-20,220,-20,380,-40" owari="264,6.4,196,-30.4,200,-20.0,340,44.0" /></mjloggm>