<mjloggm ver="2.3"><GO type="225" lobby="0"/><UN n0="%E3%81%8A%E3%81%98%E3%81%95%E3%82%93" n1="%E3%83%81%E3%83%A7%E3%83%99%E3%83%83%E3%82%AF" n2="%E7%99%BD%E5%80%89%E5%AF%9B%E4%B9%8B" n3="%E3%81%95%E3%81%8D%E3%81%9F%E3%81%BE%E6%9E%97%E6%AA%8E" dan="17,16,16,16" rate="2172.35,2122.84,2118.43,2110.84" sx="M,M,M,M"/><TAIKYOKU oya="0"/><INIT seed="0,0,0,3,3,86" ten="250,250,250,250" oya="0" hai0="59,18,90,26,108,89,53,125,37,121,106,97,41" hai1="99,25,96,50,62,22,42,102,23,71,105,127,91" hai2="119,20,35,29,43,112,110,44,34,21,75,116,67" hai3="130,69,115,4,103,133,56,19,30,126,79,24,68"/><T0/><D121/><U128/><E128/><V117/><F112/><W60/><G115/><T73/><D73/><U17/><E127/><V82/><F110/><W98/><G126/><T124/><D0/><U13/><E71/><V135/><F67/><W104/><G130/><T85/><D108/><U55/><E62/><V84/><F75/><W87/><G133/><T7/><D7/><U131/><E42/><V49/><F135/><W63/><G63/><N who="0" m="36335" /><D106/><U2/><E2/><V52/><F43/><W32/><G19/><T120/><D120/><U70/><E70/><V92/><F92/><W28/><G28/><T5/><D5/><U14/><E131/><V113/><F113/><W39/><G39/><T109/><D109/><U101/><E23/><N who="2" m="8779" /><F29/><W95/><G4/><T66/><D66/><U40/><E40/><V80/><F80/><W81/><REACH who="3" step="1"/><G104/><REACH who="3" ten="250,250,250,240" step="2"/><T122/><D122/><U61/><E105/><V46/><F46/><W123/><G123/><T48/><D37/><U134/><E134/><V129/><F129/><W72/><G72/><T93/><D125/><U36/><E36/><V58/><F44/><W65/><AGARI ba="0,1" hai="24,30,32,56,60,65,68,69,79,81,87,95,98,103" machi="65" ten="20,2700,0" yaku="1,1,0,1,7,1,53,0" doraHai="86" doraHaiUra="118" who="3" fromWho="3" sc="250,-13,250,-7,250,-7,240,37" /><INIT seed="1,0,0,1,5,32" ten="237,243,243,277" oya="1" hai0="19,101,60,82,13,20,118,110,130,59,24,73,114" hai1="28,83,79,14,9,113,87,70,75,54,88,100,69" hai2="16,40,58,99,8,128,26,42,127,85,12,22,122" hai3="103,5,126,50,36,15,3,125,115,124,57,49,38"/><U48/><E100/><V52/><F122/><W34/><G34/><T108/><D114/><U111/><E28/><V78/><F127/><W98/><G115/><T112/><D112/><U72/><E111/><N who="0" m="42537" /><D118/><U131/><E131/><V95/><F128/><W81/><G81/><T11/><D101/><U55/><E55/><V25/><F85/><W27/><G15/><T21/><D130/><U109/><E109/><V105/><F78/><W68/><G68/><T90/><D90/><U116/><E116/><V31/><F26/><W62/><G27/><T2/><D2/><U37/><E37/><V33/><F105/><W129/><G129/><T92/><D92/><U18/><E113/><V43/><F33/><W121/><G121/><T89/><D89/><U104/><E104/><V0/><F0/><W39/><G98/><T63/><D21/><U47/><E75/><V107/><F107/><W4/><G103/><T106/><D59/><U1/><REACH who="1" step="1"/><E1/><REACH who="1" ten="237,233,243,277" step="2"/><V93/><REACH who="2" step="1"/><F99/><REACH who="2" ten="237,233,233,277" step="2"/><W17/><G3/><T66/><D106/><U44/><E44/><V77/><F77/><W80/><G126/><T133/><D73/><U97/><E97/><V30/><F30/><W53/><G125/><T64/><D24/><U41/><E41/><V29/><F29/><W6/><G124/><T67/><D67/><U74/><E74/><V71/><F71/><W86/><G39/><T134/><D66/><U94/><AGARI ba="0,2" hai="9,14,18,47,48,54,69,70,72,79,83,87,88,94" machi="94" ten="20,12000,1" yaku="1,1,0,1,7,1,54,1,53,1" doraHai="32" doraHaiUra="84" who="1" fromWho="1" sc="237,-40,233,140,233,-40,277,-40" /><INIT seed="1,1,0,3,4,34" ten="197,373,193,237" oya="1" hai0="108,99,33,43,8,74,85,134,94,135,7,69,127" hai1="62,132,56,29,16,88,6,95,51,100,28,13,66" hai2="35,110,83,118,64,129,73,59,41,48,24,23,53" hai3="42,55,65,130,22,31,113,27,47,1,72,45,21"/><U122/><E122/><V60/><F118/><W37/><G113/><T98/><D74/><U109/><E132/><N who="0" m="50729" /><D69/><U54/><E109/><V70/><F110/><W114/><G114/><T50/><D33/><U18/><E6/><V11/><F129/><W52/><G72/><T128/><D108/><U44/><E100/><V26/><F35/><W86/><G65/><T80/><D127/><U111/><E111/><V104/><F104/><W3/><G86/><T10/><D128/><U133/><E133/><V36/><F11/><N who="0" m="4138" /><D7/><U19/><REACH who="1" step="1"/><E13/><REACH who="1" ten="197,363,193,237" step="2"/><V93/><F93/><W58/><G130/><T101/><D94/><U92/><E92/><V61/><F83/><W115/><G115/><T63/><D101/><U2/><E2/><V91/><F26/><W15/><G3/><T131/><D131/><U32/><E32/><V14/><F14/><W125/><G1/><T103/><D103/><U117/><E117/><V75/><F24/><W105/><G15/><T90/><D63/><U84/><AGARI ba="1,1" hai="16,18,19,28,29,44,51,54,56,62,66,84,88,95" machi="84" ten="30,12000,1" yaku="1,1,0,1,8,1,54,2,53,0" doraHai="34" doraHaiUra="39" who="1" fromWho="1" sc="197,-41,363,133,193,-41,237,-41" /><INIT seed="1,2,0,0,0,2" ten="156,496,152,196" oya="1" hai0="43,50,78,7,49,69,56,94,116,30,9,89,8" hai1="19,25,16,84,12,55,83,132,54,81,39,114,35" hai2="126,1,13,42,0,104,52,105,37,29,59,72,113" hai3="63,5,77,86,64,117,112,15,67,21,108,27,51"/><U44/><E114/><V23/><F72/><W61/><G108/><T120/><D69/><U26/><E132/><V14/><F113/><W87/><G112/><T48/><D116/><U34/><E39/><V133/><F133/><W60/><G117/><T107/><D107/><U131/><E131/><V100/><F126/><W88/><G77/><T53/><D120/><U125/><E125/><V97/><F104/><W58/><G86/><T82/><D30/><U32/><E44/><V6/><F42/><W96/><G96/><T128/><D128/><U102/><E102/><V45/><F45/><W118/><G118/><T99/><D43/><U124/><E124/><V121/><F37/><W33/><G33/><T47/><D47/><U75/><E75/><V57/><F57/><W122/><G122/><T4/><D9/><U123/><E123/><V130/><F130/><W71/><G51/><T103/><D103/><U91/><E83/><V85/><F85/><W115/><G115/><T95/><D95/><U66/><E66/><V76/><F76/><W74/><G74/><T62/><REACH who="0" step="1"/><D8/><REACH who="0" ten="146,496,152,196" step="2"/><U46/><E46/><V11/><F121/><W92/><G71/><T22/><D22/><U129/><E129/><V70/><F70/><W17/><G58/><T28/><D28/><U135/><E135/><V110/><F110/><W109/><G109/><T18/><D18/><U3/><E19/><N who="2" m="10735" /><F29/><W134/><G134/><T90/><D90/><U101/><E101/><V106/><F106/><W73/><G73/><AGARI ba="2,1" hai="4,7,48,49,50,53,56,62,73,78,82,89,94,99" machi="73" ten="40,5200,0" yaku="1,1,52,2,53,0" doraHai="2" doraHaiUra="98" who="0" fromWho="3" sc="146,68,496,0,152,0,196,-58" /><INIT seed="2,0,0,4,1,90" ten="214,496,152,138" oya="2" hai0="5,20,114,100,129,22,33,65,130,43,52,25,68" hai1="123,77,117,78,15,16,49,93,24,31,115,32,7" hai2="89,84,9,6,39,18,92,135,109,46,54,29,42" hai3="101,111,34,62,1,72,118,97,74,85,30,116,95"/><V41/><F135/><W23/><G1/><T56/><D43/><U76/><E115/><V59/><F109/><W121/><G34/><T19/><D114/><U40/><E7/><V119/><F119/><W10/><G121/><T112/><D112/><U82/><E117/><V124/><F42/><W91/><G111/><T122/><D122/><U98/><E40/><V69/><F69/><W55/><G74/><T12/><D33/><U127/><E49/><V63/><F29/><W79/><G10/><T133/><D100/><U73/><E127/><V125/><REACH who="2" step="1"/><F18/><REACH who="2" ten="214,496,142,138" step="2"/><W104/><G30/><T126/><D133/><U113/><E113/><V80/><F80/><N who="3" m="45159" /><G23/><T8/><D22/><U37/><E123/><V105/><F105/><W83/><G83/><T87/><D19/><U28/><E28/><V4/><F4/><W13/><G13/><AGARI ba="0,1" hai="6,9,13,39,41,46,54,59,63,84,89,92,124,125" machi="13" ten="40,3900,0" yaku="1,1,52,1,53,0" doraHai="90" doraHaiUra="102" who="2" fromWho="3" sc="214,0,496,0,142,49,138,-39" /><INIT seed="2,1,0,0,3,19" ten="214,496,191,99" oya="2" hai0="91,104,55,103,36,53,120,40,94,6,16,107,127" hai1="116,60,81,92,0,8,33,99,41,10,100,37,133" hai2="35,4,78,98,95,23,64,71,44,68,43,97,66" hai3="28,83,24,51,87,135,14,105,108,82,15,27,106"/><V121/><F35/><W125/><G51/><T111/><D120/><U7/><E33/><V75/><F121/><W62/><G62/><T131/><D6/><U89/><E116/><V126/><F126/><W31/><G87/><T130/><D127/><U25/><E25/><V47/><F4/><W115/><G125/><T109/><D40/><U129/><E129/><N who="0" m="49161" /><D36/><U50/><E37/><V49/><F47/><W72/><G72/><T22/><D55/><U26/><E26/><V132/><F132/><W48/><G48/><T85/><D53/><U67/><E8/><V13/><F75/><W73/><G73/><T38/><D38/><U74/><E74/><V52/><F78/><W122/><G135/><T77/><D77/><U39/><E39/><V93/><F43/><W1/><G122/><T29/><D29/><U102/><E81/><V9/><F9/><W101/><G115/><T58/><D58/><U69/><E133/><V56/><F71/><W63/><G63/><T134/><D134/><U32/><E32/><V76/><F76/><W79/><G79/><T114/><D114/><U112/><E112/><V46/><F68/><W88/><G101/><T45/><D45/><N who="2" m="17514" /><F97/><W2/><REACH who="3" step="1"/><G108/><REACH who="3" ten="214,496,191,89" step="2"/><N who="0" m="41547" /><D103/><U86/><E41/><V34/><F49/><W57/><G57/><T3/><D3/><U42/><E42/><V18/><F56/><W70/><G70/><T12/><AGARI ba="1,1" hai="12,16,22,85,91,94,104,107" m="41547,49161" machi="12" ten="30,7900,0" yaku="19,1,14,1,52,1,54,1" doraHai="19" who="0" fromWho="0" sc="214,92,496,-21,191,-40,89,-21" /><INIT seed="3,0,0,2,3,7" ten="306,475,151,68" oya="3" hai0="23,30,41,42,12,77,130,125,19,105,87,94,90" hai1="60,65,25,15,129,117,89,49,103,118,29,1,54" hai2="96,24,0,62,68,99,100,28,83,52,16,58,45" hai3="104,92,26,135,128,113,80,18,122,81,82,44,107"/><W88/><G113/><T101/><D125/><U115/><E1/><V102/><F0/><W3/><G3/><T76/><D130/><U11/><E115/><V84/><F68/><W4/><G4/><T67/><D67/><U14/><E103/><N who="2" m="39467" /><F28/><W5/><G5/><T73/><D30/><U134/><E89/><N who="2" m="51359" /><F45/><W2/><G2/><T114/><D114/><U126/><E15/><V53/><F53/><W56/><G122/><T109/><D109/><U37/><E60/><V78/><F78/><W95/><G128/><T38/><D38/><U79/><E134/><V121/><F121/><W98/><G135/><T13/><D13/><U86/><E14/><V51/><F62/><W97/><G44/><T6/><D6/><U108/><E65/><V9/><F9/><W20/><REACH who="3" step="1"/><G56/><REACH who="3" ten="306,475,151,58" step="2"/><T47/><D47/><N who="1" m="27967" /><E129/><V132/><F132/><W74/><G74/><T133/><D133/><U112/><E112/><V31/><F31/><W40/><G40/><T66/><D73/><U17/><E29/><V43/><F43/><W59/><G59/><T123/><D123/><U64/><E118/><V36/><F36/><W21/><G21/><AGARI ba="0,1" hai="16,21,24,51,52,58,96,99" m="51359,39467" machi="21" ten="30,3900,0" yaku="8,1,54,2" doraHai="7" who="2" fromWho="3" sc="306,0,475,0,151,49,58,-39" owari="306,10.6,475,57.5,200,-20.0,19,-48.1" /></mjloggm>