<mjloggm ver="2.3"><GO type="225" lobby="0"/><UN n0="%65%76%69%61%6E%36%31%39" n1="%E3%81%93%E3%81%8F%E3%82%89%E3%82%AB%E3%83%90%E8%94%B5" n2="%77%72%77%72%77%72%77%72" n3="%E6%98%93%E5%88%A9%E8%96%A9%E4%BC%AF" dan="16,16,16,17" rate="2040.81,2157.32,2170.96,2103.71" sx="M,M,M,F"/><TAIKYOKU oya="0"/><INIT seed="0,0,0,1,2,54" ten="250,250,250,250" oya="0" hai0="108,12,135,132,4,100,41,49,106,105,0,111,102" hai1="85,1,110,23,62,20,68,38,113,9,131,67,93" hai2="17,74,55,94,81,24,124,47,88,42,86,51,19" hai3="119,66,75,104,6,103,120,15,39,71,95,83,126"/><T34/><D34/><U8/><E38/><V48/><F124/><W114/><G119/><T14/><D0/><U31/><E110/><N who="0" m="42025" /><D41/><U2/><E131/><V13/><F24/><W125/><G114/><T5/><D49/><U27/><E113/><V89/><F13/><N who="0" m="5226" /><D102/><U91/><E1/><V101/><F101/><W10/><G39/><T79/><D79/><U96/><E20/><V130/><F130/><W22/><G120/><T99/><D106/><U107/><E2/><V122/><F122/><W118/><G118/><T64/><D64/><U133/><E133/><AGARI ba="0,0" hai="4,5,99,100,105,132,133,135" m="5226,42025" machi="133" ten="30,5800,0" yaku="20,1,14,1,10,1" doraHai="54" who="0" fromWho="1" sc="250,58,250,-58,250,0,250,0" /><INIT seed="0,1,0,5,3,4" ten="308,192,250,250" oya="0" hai0="70,74,16,1,60,111,43,78,18,24,123,55,0" hai1="116,5,63,19,7,100,67,88,95,109,39,87,48" hai2="125,105,86,69,89,10,85,91,53,56,65,32,79" hai3="132,54,103,11,119,96,21,30,76,124,104,44,9"/><T49/><D123/><U27/><E39/><V64/><F32/><W45/><G119/><T13/><D43/><U17/><E116/><V135/><F105/><W102/><G132/><T6/><D6/><U94/><E109/><V110/><F110/><W101/><G124/><T120/><D120/><U28/><E48/><V34/><F34/><W57/><G76/><T97/><D24/><U58/><E5/><V99/><F125/><W98/><G30/><T36/><D18/><U107/><E107/><V113/><F113/><W40/><G21/><T33/><D33/><U134/><E134/><V112/><F112/><W73/><G73/><T127/><D97/><N who="3" m="37481" /><G104/><T77/><D36/><U108/><E108/><V75/><F75/><W72/><G72/><T35/><D35/><U23/><E7/><V133/><F69/><W122/><G122/><T80/><D78/><U38/><E38/><V51/><F79/><W29/><G29/><T37/><D37/><U115/><E115/><V82/><F99/><AGARI ba="1,0" hai="17,19,23,27,28,58,63,67,87,88,94,95,99,100" machi="99" ten="40,8000,1" yaku="25,2,8,1,54,1" doraHai="4" who="1" fromWho="2" sc="308,0,192,83,250,-83,250,0" /><INIT seed="1,0,0,2,5,85" ten="308,275,167,250" oya="1" hai0="92,109,46,57,42,88,7,72,24,126,134,112,130" hai1="13,64,79,125,116,93,18,43,68,25,35,40,111" hai2="105,30,56,120,104,34,3,95,50,69,53,75,102" hai3="17,121,98,63,14,96,10,39,123,91,28,71,76"/><U11/><E116/><V29/><F120/><W58/><G39/><T37/><D112/><U131/><E131/><V9/><F75/><W0/><G71/><T133/><D72/><U52/><E125/><V51/><F69/><W107/><G76/><T21/><D130/><U86/><E111/><V67/><F67/><W115/><G115/><T122/><D122/><U119/><E119/><V2/><F34/><W31/><G0/><T6/><D57/><U74/><E74/><V97/><F50/><W114/><G114/><T27/><D109/><U113/><E113/><V54/><F54/><W4/><G121/><T16/><D27/><U78/><E64/><V15/><F2/><W65/><G123/><T94/><D94/><U124/><E68/><V5/><REACH who="2" step="1"/><F3/><REACH who="2" ten="308,275,157,250" step="2"/><W61/><G61/><T49/><D49/><U70/><E70/><V47/><F47/><W55/><G55/><T22/><D126/><U81/><E124/><V59/><F59/><W8/><G58/><T12/><D46/><U48/><E35/><V117/><F117/><W36/><G63/><T38/><D42/><U135/><E40/><V77/><F77/><W106/><G65/><T110/><D110/><U1/><E78/><V82/><F82/><W44/><G44/><T19/><D38/><U99/><E43/><V127/><F127/><W87/><G36/><T89/><D37/><U100/><E1/><V118/><F118/><W90/><G31/><AGARI ba="0,1" hai="5,9,15,29,30,31,51,53,56,95,97,102,104,105" machi="31" ten="40,1300,0" yaku="1,1,53,0" doraHai="85" doraHaiUra="83" who="2" fromWho="3" sc="308,0,275,0,157,23,250,-13" /><INIT seed="2,0,0,0,4,97" ten="308,275,180,237" oya="2" hai0="6,86,12,83,67,58,45,33,109,19,100,132,134" hai1="79,29,87,22,68,127,112,95,55,93,114,64,15" hai2="89,31,120,71,121,65,57,43,124,4,78,25,26" hai3="59,53,102,56,32,106,63,61,47,49,60,119,62"/><V1/><F71/><W24/><G119/><T0/><D33/><U101/><E55/><V75/><F124/><W133/><G133/><T69/><D69/><U81/><E64/><V82/><F43/><W20/><G32/><T126/><D6/><U5/><E68/><V130/><F130/><W116/><G116/><T39/><D0/><U13/><E127/><V118/><F118/><W38/><G38/><T18/><D58/><U66/><E66/><V98/><F25/><W111/><G111/><T129/><D109/><U35/><E35/><V84/><F98/><W80/><G80/><T135/><D67/><U14/><E112/><V37/><F37/><W16/><G106/><T92/><D129/><U70/><E70/><V76/><F4/><W21/><G102/><T72/><D72/><U54/><E114/><V113/><F1/><W28/><N who="3" m="15360" /><DORA hai="131" /><W52/><G53/><T40/><D12/><AGARI ba="0,0" hai="12,16,20,21,24,28,47,49,52,56,59" m="15360" machi="12" ten="50,6400,0" yaku="8,1,54,2" doraHai="97,131" who="3" fromWho="0" sc="308,-64,275,0,180,0,237,64" /><INIT seed="3,0,0,2,2,128" ten="244,275,180,301" oya="3" hai0="83,31,56,78,98,44,73,114,61,130,19,86,49" hai1="16,41,88,100,92,26,106,119,11,25,48,97,62" hai2="18,69,29,115,65,85,64,134,127,14,51,27,104" hai3="70,54,109,12,96,123,74,22,75,50,105,108,23"/><W124/><G70/><T76/><D130/><U28/><E119/><V33/><F115/><W59/><G123/><T99/><D114/><U47/><E62/><V15/><F104/><W121/><G124/><T1/><D1/><U82/><E106/><V58/><F127/><W60/><G121/><T45/><D76/><U72/><E72/><V3/><F3/><W93/><G105/><T107/><D31/><U111/><E111/><N who="3" m="42570" /><G60/><T38/><D73/><N who="3" m="27657" /><G12/><T90/><D90/><AGARI ba="0,0" hai="22,23,50,54,59,90,93,96" m="27657,42570" machi="90" ten="30,2900,0" yaku="14,1,10,1" doraHai="128" who="3" fromWho="0" sc="244,-29,275,0,180,0,301,29" owari="215,-18.5,275,7.5,180,-32.0,330,43.0" /></mjloggm>