<mjloggm ver="2.3"><GO type="225" lobby="0"/><UN n0="%E6%A1%9C%E8%8A%B1%E9%96%83%E3%80%85" n1="%E9%A6%AC%E5%BC%95%E7%81%AB%33" n2="%E3%81%BF%E3%81%BF%E3%81%9A" n3="%72%69%6F%75%63%68%61%6E" dan="17,16,17,16" rate="2273.46,2109.38,2214.62,2095.35" sx="M,M,M,M"/><TAIKYOKU oya="0"/><INIT seed="0,0,0,2,1,30" ten="250,250,250,250" oya="0" hai0="113,70,44,8,36,74,131,11,82,62,68,99,43" hai1="72,119,1,17,26,126,69,89,55,63,23,13,135" hai2="101,102,91,128,79,61,95,81,14,112,111,84,80" hai3="73,18,98,67,94,60,122,96,54,132,129,42,22"/><T31/><D113/><U32/><E119/><V48/><F112/><W103/><G129/><T76/><D131/><U85/><E72/><V16/><F128/><W7/><G132/><T65/><D70/><U24/><E1/><V120/><F120/><W29/><G122/><T117/><D117/><U57/><E135/><V100/><F111/><W51/><G73/><T3/><D31/><U40/><E126/><V75/><F61/><W25/><G7/><T4/><D11/><U59/><E69/><V116/><F116/><W105/><G42/><T92/><D92/><U130/><E130/><V2/><F2/><W107/><G96/><AGARI ba="0,0" hai="3,4,8,36,43,44,62,65,68,74,76,82,96,99" machi="96" ten="40,3900,0" yaku="25,2" doraHai="30" who="0" fromWho="3" sc="250,39,250,0,250,0,250,-39" /><INIT seed="0,1,0,3,3,130" ten="289,250,250,211" oya="0" hai0="14,113,135,39,2,0,66,129,40,119,120,126,133" hai1="102,108,10,68,115,30,78,46,13,90,17,132,74" hai2="37,38,61,27,114,82,85,88,79,12,6,118,77" hai3="125,45,1,58,105,5,75,128,60,76,87,25,44"/><T47/><D113/><U111/><E115/><V80/><F114/><W81/><G128/><T94/><D119/><U32/><E68/><V100/><F118/><W73/><G125/><T8/><D129/><U104/><E90/><V53/><F100/><W65/><G105/><T29/><D120/><U107/><E46/><V122/><F122/><W41/><G44/><T117/><D117/><U43/><E43/><V4/><F27/><W121/><G121/><T11/><D126/><U71/><E71/><V55/><F12/><W62/><G25/><T101/><D66/><U35/><E30/><V110/><F110/><N who="1" m="42025" /><E107/><V84/><F61/><W51/><REACH who="3" step="1"/><G62/><REACH who="3" ten="289,250,250,201" step="2"/><T36/><D36/><U123/><E123/><V131/><F131/><W16/><G16/><N who="0" m="8263" /><D29/><U15/><E17/><V70/><F70/><W57/><G57/><T34/><D34/><U24/><E24/><V95/><F37/><W31/><G31/><T116/><D116/><U33/><E33/><V52/><REACH who="2" step="1"/><F38/><REACH who="2" ten="289,250,240,201" step="2"/><W112/><G112/><T18/><D39/><U89/><E32/><V63/><F63/><W50/><G50/><T127/><D127/><U19/><E35/><V67/><F67/><W3/><G3/><T42/><D0/><U99/><E104/><V9/><F9/><AGARI ba="1,2" hai="1,5,9,41,45,51,58,60,65,73,75,76,81,87" machi="9" ten="40,2600,0" yaku="1,1,53,1" doraHai="130" doraHaiUra="54" who="3" fromWho="2" sc="289,0,250,0,240,-29,201,49" /><INIT seed="1,0,0,5,0,81" ten="289,250,211,250" oya="1" hai0="106,19,14,124,0,40,82,48,91,23,85,43,96" hai1="54,99,132,79,86,121,24,127,101,73,30,61,129" hai2="42,26,120,71,126,37,115,29,18,22,119,125,130" hai3="59,117,118,83,47,8,11,112,110,62,13,114,135"/><U5/><E121/><V39/><F119/><N who="3" m="45579" /><G110/><T63/><D124/><N who="2" m="47722" /><F120/><W92/><G135/><T104/><D0/><U107/><E127/><V89/><F71/><W72/><G47/><T97/><D63/><U102/><E132/><V100/><F100/><W53/><G92/><T46/><REACH who="0" step="1"/><D43/><REACH who="0" ten="279,250,211,250" step="2"/><U87/><E61/><V27/><F42/><W70/><G112/><T41/><D41/><U98/><E129/><V122/><F122/><W12/><G114/><T33/><D33/><U64/><E64/><V7/><F115/><W78/><G70/><T20/><D20/><U131/><E131/><V68/><F130/><W69/><G69/><T65/><D65/><U116/><E116/><V90/><F68/><W60/><G62/><T15/><D15/><AGARI ba="0,1" hai="8,11,12,13,15,53,59,60,72,78,83" m="45579" machi="15" ten="30,1000,0" yaku="12,1" doraHai="81" who="3" fromWho="0" sc="279,-10,250,0,211,0,250,20" /><INIT seed="2,0,0,0,5,124" ten="269,250,211,270" oya="2" hai0="54,90,57,127,112,71,49,135,98,67,114,96,125" hai1="48,0,70,65,97,44,106,82,17,81,134,41,95" hai2="3,43,89,12,47,35,111,55,69,131,11,26,83" hai3="68,62,22,10,60,118,45,129,116,121,39,119,58"/><V36/><F3/><W50/><G129/><T128/><D98/><U61/><E134/><V80/><F69/><W25/><G121/><T107/><D90/><U29/><E106/><V86/><F131/><W42/><G68/><T94/><D107/><U123/><E123/><V132/><F132/><W52/><REACH who="3" step="1"/><G10/><REACH who="3" ten="269,250,211,260" step="2"/><T34/><D128/><U88/><E0/><V28/><F111/><W84/><G84/><T113/><D135/><U53/><E29/><AGARI ba="0,1" hai="22,25,29,39,42,45,50,52,58,60,62,116,118,119" machi="29" ten="40,5200,0" yaku="1,1,54,1,53,1" doraHai="124" doraHaiUra="18" who="3" fromWho="1" sc="269,0,250,-52,211,0,260,62" /><INIT seed="3,0,0,3,3,125" ten="269,198,211,322" oya="3" hai0="16,33,129,21,78,106,50,26,14,13,20,38,25" hai1="99,0,94,124,15,90,60,135,46,42,68,85,111" hai2="1,109,41,118,6,105,23,128,54,122,103,8,58" hai3="56,123,65,80,87,73,126,76,31,67,37,110,63"/><W81/><G126/><T2/><D38/><U27/><E124/><V134/><F118/><W18/><G123/><T19/><D106/><U82/><E111/><V51/><F109/><W127/><G127/><T24/><D129/><U107/><E135/><V100/><F134/><W57/><G110/><T101/><D101/><U4/><E0/><V64/><F122/><W70/><G37/><T32/><D78/><U112/><E112/><V34/><F34/><N who="0" m="13418" /><D50/><U92/><E27/><V53/><F64/><W131/><G131/><T86/><D86/><U88/><E15/><V119/><F119/><W115/><G115/><T97/><D97/><U121/><E4/><V30/><F41/><W95/><G67/><T49/><D49/><U7/><E7/><V5/><F5/><W89/><G31/><N who="0" m="17799" /><D2/><U55/><E121/><V10/><F105/><W93/><G93/><T44/><D44/><U96/><E107/><V74/><F74/><W43/><G43/><T71/><D71/><U84/><E82/><V120/><F128/><W104/><G104/><T59/><D59/><N who="3" m="22601" /><G80/><T77/><D77/><U39/><REACH who="1" step="1"/><E55/><REACH who="1" ten="269,188,211,322" step="2"/><N who="2" m="32127" /><F120/><W29/><G81/><T22/><AGARI ba="0,1" hai="13,14,16,19,21,22,25,26" m="17799,13418" machi="22" ten="30,12000,2" yaku="35,5,54,1" doraHai="125" who="0" fromWho="0" sc="269,130,188,-30,211,-30,322,-60" owari="399,49.9,158,-34.2,181,-21.9,262,6.2" /></mjloggm>