<mjloggm ver="2.3"><GO type="225" lobby="0"/><UN n0="%E3%83%96%E3%83%83%E3%83%91%E3%82%AA%E3%83%96%E3%83%81%E3%82%AD%E3%83%B3" n1="%E8%B5%A4%E3%81%84%E8%9B%99%31%31" n2="%E6%A1%9C%E8%8A%B1%E9%96%83%E3%80%85" n3="%E6%97%A5%E6%9B%9C%E6%97%A5%E3%82%88%E3%82%8A%E3%81%AE%E4%BD%BF%E8%80%85" dan="16,16,16,17" rate="2193.49,2100.59,2162.67,2227.39" sx="M,M,M,M"/><TAIKYOKU oya="0"/><INIT seed="0,0,0,3,2,10" ten="250,250,250,250" oya="0" hai0="127,11,130,41,103,88,128,96,80,94,12,86,71" hai1="50,90,68,9,60,112,48,54,18,106,36,122,13" hai2="89,115,129,87,16,25,32,132,134,93,107,40,78" hai3="15,64,22,131,33,82,23,6,76,119,51,124,111"/><T58/><D71/><U100/><E122/><V110/><F115/><W92/><G33/><T55/><D127/><U38/><E112/><V29/><F110/><W2/><G2/><T101/><D41/><U35/><E35/><V117/><F129/><W126/><G119/><T53/><D103/><U43/><E106/><V69/><F117/><W1/><G1/><T4/><REACH who="0" step="1"/><D53/><REACH who="0" ten="240,250,250,250" step="2"/><U85/><E100/><V65/><F40/><W46/><G126/><T19/><D19/><U97/><E43/><V39/><F16/><W66/><G124/><T34/><D34/><U99/><E68/><V135/><F39/><W0/><G131/><T73/><D73/><U8/><E38/><V121/><F121/><W45/><G111/><T114/><D114/><U30/><E36/><V77/><F107/><W120/><G120/><T108/><D108/><U105/><E105/><V17/><F17/><W133/><G133/><T21/><D21/><U3/><E18/><V91/><F69/><W81/><G23/><T118/><D118/><U28/><E54/><V37/><F37/><W84/><G22/><T5/><D5/><U109/><E109/><V61/><F65/><W102/><G66/><T44/><D44/><U49/><E9/><V116/><F116/><W62/><G46/><T67/><D67/><U27/><E8/><V72/><F72/><W95/><G64/><T24/><D24/><U26/><E27/><V20/><F32/><W113/><G45/><T31/><D31/><U7/><E28/><V47/><F47/><W52/><G113/><T42/><D42/><U63/><E30/><RYUUKYOKU ba="0,1" sc="240,30,250,-10,250,-10,250,-10" hai0="4,11,12,55,58,80,86,88,94,96,101,128,130" /><INIT seed="0,1,1,0,5,36" ten="270,240,240,240" oya="0" hai0="109,125,72,78,111,106,112,8,101,66,108,70,89" hai1="60,58,15,25,81,52,88,97,12,56,39,62,74" hai2="63,34,95,55,77,13,2,117,35,32,124,29,57" hai3="122,86,51,28,41,83,79,16,48,73,102,18,23"/><T10/><D112/><U19/><E39/><V54/><F2/><W1/><G1/><T84/><D125/><U50/><E74/><V44/><F124/><W24/><G122/><T0/><D0/><U132/><E132/><V94/><F117/><W45/><G102/><T40/><D70/><U71/><E71/><V11/><F77/><W43/><G73/><T131/><D66/><U46/><E58/><V135/><F29/><W130/><G130/><T80/><D131/><U4/><E4/><V90/><F135/><W21/><G21/><T82/><REACH who="0" step="1"/><D40/><REACH who="0" ten="260,240,240,240" step="2"/><N who="1" m="24903" /><E62/><V14/><F55/><W9/><G9/><T128/><D128/><U93/><E81/><V49/><F63/><W33/><G33/><T64/><D64/><U26/><E12/><V118/><F14/><W104/><G104/><T76/><D76/><U99/><E99/><AGARI ba="1,2" hai="8,10,72,78,80,82,84,89,99,101,106,108,109,111" machi="99" ten="40,12000,1" yaku="1,1,14,1,10,1,53,2" doraHai="36" doraHaiUra="6" who="0" fromWho="1" sc="260,143,240,-123,240,0,240,0" /><INIT seed="0,2,0,3,2,99" ten="403,117,240,240" oya="0" hai0="16,8,97,63,61,94,57,18,128,114,10,5,33" hai1="108,125,56,44,120,126,111,23,100,20,92,83,109" hai2="29,96,24,101,73,21,34,30,25,106,67,47,85" hai3="78,131,62,119,98,13,90,66,60,32,19,27,36"/><T118/><D114/><U105/><E44/><V107/><F73/><W80/><G119/><T26/><D118/><U51/><E120/><V121/><F121/><W113/><G113/><T14/><D128/><U22/><E51/><V28/><F28/><W7/><G36/><T11/><D33/><U50/><E83/><V74/><F74/><W75/><G131/><T88/><D63/><U84/><E50/><V6/><F6/><W91/><G7/><T31/><D31/><U135/><E56/><V127/><F127/><N who="1" m="48649" /><E135/><V129/><F129/><W68/><G62/><T115/><D115/><U124/><N who="1" m="48657" /><U1/><DORA hai="122" /><E1/><V133/><F133/><W59/><G68/><T52/><D5/><U132/><E132/><V81/><F47/><W69/><G69/><T9/><REACH who="0" step="1"/><D9/><REACH who="0" ten="393,117,240,240" step="2"/><U93/><E84/><V102/><F85/><W117/><G117/><T55/><D55/><U64/><E64/><V4/><F67/><W89/><G32/><T49/><D49/><U110/><N who="1" m="27648" /><DORA hai="0" /><U38/><E38/><V82/><F4/><W58/><G66/><T54/><D54/><U41/><E41/><V130/><F130/><W104/><G60/><T12/><D12/><U65/><E65/><V3/><F3/><W40/><G40/><T116/><D116/><U45/><E45/><V35/><F35/><W2/><G2/><T46/><D46/><U71/><E71/><V87/><F34/><W15/><G15/><T17/><D17/><U134/><E134/><V79/><F29/><W123/><G13/><T72/><D72/><U39/><E39/><V76/><F30/><RYUUKYOKU ba="2,1" sc="393,15,117,15,240,-15,240,-15" hai0="8,10,11,14,16,18,26,52,57,61,88,94,97" hai1="20,22,23,92,93,100,105" /><INIT seed="0,3,1,3,1,53" ten="408,132,225,225" oya="0" hai0="40,64,80,44,135,42,47,37,71,27,72,81,86" hai1="121,76,16,104,7,61,117,25,92,128,131,5,113" hai2="90,8,28,2,133,99,35,32,54,79,111,24,108" hai3="127,19,70,29,57,39,69,59,94,107,34,112,83"/><T89/><D135/><U13/><E117/><V97/><F133/><W67/><G107/><T30/><D71/><U87/><E121/><V17/><F79/><W119/><G112/><T52/><D64/><U114/><E104/><V75/><F75/><W26/><G119/><T130/><D130/><N who="1" m="49707" /><E25/><V68/><F68/><W120/><G39/><T93/><D72/><U132/><E132/><V14/><F35/><W10/><G120/><T78/><D78/><U63/><E76/><V96/><F2/><W9/><G127/><T115/><D115/><N who="1" m="44043" /><E87/><V50/><REACH who="2" step="1"/><F90/><REACH who="2" ten="408,132,215,225" step="2"/><W91/><G91/><T23/><REACH who="0" step="1"/><D42/><REACH who="0" ten="398,132,215,225" step="2"/><U62/><E92/><V125/><F125/><W4/><G94/><T88/><D88/><U43/><E43/><V73/><F73/><W18/><G83/><T110/><D110/><U124/><E124/><V58/><AGARI ba="3,3" hai="8,14,17,24,28,32,50,54,58,96,97,99,108,111" machi="58" ten="30,4000,0" yaku="1,1,0,1,52,1,53,0" doraHai="53" doraHaiUra="1" who="2" fromWho="2" sc="398,-23,132,-13,215,79,225,-13" /><INIT seed="1,0,0,4,3,36" ten="375,119,294,212" oya="1" hai0="62,7,54,103,123,30,8,88,77,3,20,5,102" hai1="132,112,25,29,27,61,131,14,78,104,35,58,1" hai2="69,16,72,130,94,44,81,117,70,53,96,76,73" hai3="10,99,106,28,24,105,47,113,86,48,19,41,23"/><U85/><E112/><V26/><F117/><W51/><G113/><T92/><D123/><U45/><E1/><V110/><F73/><W122/><G122/><T75/><D75/><U34/><E132/><V98/><F110/><W129/><G129/><T111/><D111/><U100/><E131/><V68/><F130/><W87/><G106/><T127/><D77/><U31/><E14/><V95/><F95/><W52/><G99/><N who="0" m="57735" /><D3/><U107/><E45/><V66/><F66/><W55/><G105/><T120/><D127/><U63/><E100/><N who="0" m="38441" /><D8/><U90/><E78/><V21/><REACH who="2" step="1"/><F94/><REACH who="2" ten="375,119,284,212" step="2"/><W42/><G10/><T133/><D120/><U65/><REACH who="1" step="1"/><E63/><REACH who="1" ten="375,109,284,212" step="2"/><V13/><F13/><W2/><G2/><T93/><D133/><U119/><E119/><V39/><F39/><W135/><G135/><T32/><D62/><U128/><E128/><V121/><F121/><W82/><G51/><AGARI ba="0,2" hai="16,21,26,44,51,53,68,69,70,72,76,81,96,98" machi="51" ten="40,2600,0" yaku="1,1,54,1,53,0" doraHai="36" doraHaiUra="57" who="2" fromWho="3" sc="375,0,109,0,284,46,212,-26" /><INIT seed="2,0,0,5,4,113" ten="375,109,330,186" oya="2" hai0="78,57,58,43,107,95,63,39,38,31,37,9,34" hai1="28,76,93,82,52,90,7,69,117,11,85,106,112" hai2="110,35,86,47,87,64,2,40,18,4,14,121,70" hai3="124,108,91,17,135,16,66,21,114,13,50,33,32"/><V44/><F121/><W92/><G114/><T103/><D107/><U128/><E112/><V48/><F35/><W102/><G108/><T0/><D78/><U129/><E69/><V41/><F110/><W42/><G124/><T67/><D34/><U8/><E28/><V80/><F2/><W127/><G127/><T46/><D31/><U111/><E111/><V26/><F70/><W115/><G115/><T84/><D0/><U54/><E106/><V118/><F64/><W119/><G66/><T68/><D9/><U75/><E117/><V126/><F126/><W109/><G109/><T1/><D1/><U62/><E62/><V29/><F4/><W23/><G102/><T134/><D84/><U79/><E79/><V131/><F131/><W27/><G119/><T55/><D95/><U122/><E122/><V53/><F118/><W96/><REACH who="3" step="1"/><G135/><REACH who="3" ten="375,109,330,176" step="2"/><T45/><D103/><U100/><E100/><V73/><F73/><W12/><G12/><T51/><D134/><U60/><E60/><V125/><F125/><W89/><G89/><T81/><D81/><U101/><E101/><V77/><F80/><W120/><G120/><T130/><D130/><N who="1" m="50283" /><E8/><V5/><F77/><W71/><G71/><T123/><D123/><U61/><E61/><V25/><F14/><AGARI ba="0,1" hai="7,11,14,52,54,75,76,82,85,90,93" m="50283" machi="14" ten="30,2000,0" yaku="19,1,54,1" doraHai="113" who="1" fromWho="2" sc="375,0,109,30,330,-20,176,0" /><INIT seed="3,0,0,3,4,4" ten="375,139,310,176" oya="3" hai0="69,54,52,29,84,118,127,86,70,89,92,65,37" hai1="46,16,44,82,5,23,77,39,133,108,91,100,93" hai2="121,26,11,98,117,21,40,129,83,96,0,13,67" hai3="114,3,119,130,66,94,85,105,75,107,109,90,79"/><W38/><G3/><T76/><D118/><U125/><E125/><V115/><F115/><W42/><G66/><T102/><D37/><U71/><E108/><V58/><F117/><W57/><G57/><T32/><D127/><U34/><E133/><V99/><F129/><W116/><G42/><T63/><D70/><U36/><E34/><V72/><F0/><W80/><G38/><T31/><D102/><U103/><E71/><V59/><F121/><W106/><G114/><T95/><D76/><U10/><E39/><V81/><F40/><W88/><G130/><T124/><D124/><U131/><E131/><V123/><F72/><W132/><G132/><T9/><D9/><U55/><E36/><V61/><F59/><W104/><N who="3" m="26624" /><DORA hai="113" /><W101/><G101/><N who="1" m="38986" /><E55/><V12/><F12/><W28/><G28/><T45/><D45/><N who="1" m="17515" /><E77/><V43/><F123/><W35/><G35/><T7/><D7/><U20/><E82/><V112/><F43/><W68/><G68/><T48/><D32/><U73/><E73/><V60/><F60/><W97/><G109/><T2/><D2/><U74/><E74/><V111/><F111/><W27/><G27/><T53/><D48/><U19/><E5/><N who="2" m="3311" /><F112/><W47/><G47/><T126/><D126/><U134/><E134/><V17/><AGARI ba="0,0" hai="17,21,26,58,61,67,81,83,96,98,99" m="3311" machi="17" ten="30,2000,0" yaku="8,1,52,1" doraHai="4,113" who="2" fromWho="2" sc="375,-5,139,-5,310,20,176,-10" owari="370,47.0,134,-36.6,330,13.0,166,-23.4" /></mjloggm>