<mjloggm ver="2.3"><GO type="225" lobby="0"/><UN n0="%74%2E%6F%2E%6F%2E%73" n1="%E3%83%96%E3%83%83%E3%83%91%E3%82%AA%E3%83%96%E3%83%81%E3%82%AD%E3%83%B3" n2="%E8%A8%88%E7%AE%97%E6%A9%9F%E8%87%AA%E7%84%B6" n3="%E3%81%BF%E3%81%BF%E3%81%9A" dan="17,16,17,17" rate="2126.84,2114.19,2121.80,2236.28" sx="M,M,M,M"/><TAIKYOKU oya="0"/><INIT seed="0,0,0,3,4,126" ten="250,250,250,250" oya="0" hai0="18,88,127,112,86,24,72,128,85,121,40,132,9" hai1="45,101,115,80,50,56,82,8,17,89,81,35,92" hai2="105,16,102,100,83,106,131,4,34,42,74,60,65" hai3="67,37,61,7,29,25,124,114,66,119,93,109,68"/><T53/><D112/><U32/><E115/><V55/><F34/><W129/><G114/><T87/><D121/><U103/><E56/><V20/><F4/><W13/><G119/><T125/><D72/><U27/><E35/><V26/><F42/><W49/><G37/><T33/><D40/><U2/><E2/><V6/><F55/><W107/><G124/><N who="0" m="47691" /><D132/><U51/><E32/><V110/><F110/><W130/><G107/><T78/><D78/><U62/><E62/><V69/><F6/><W99/><G109/><T5/><D53/><U113/><E113/><V117/><F117/><W19/><G7/><T10/><D128/><N who="3" m="49257" /><G49/><N who="1" m="18442" /><E45/><V71/><F131/><W111/><G111/><T84/><D5/><U94/><E94/><V36/><F36/><W41/><G41/><T1/><D1/><U63/><E63/><V64/><F106/><W22/><G66/><T30/><D18/><U95/><E95/><AGARI ba="0,0" hai="9,10,24,30,33,84,85,86,87,88,95" m="47691" machi="95" ten="30,2900,0" yaku="18,1,54,1" doraHai="126" who="0" fromWho="1" sc="250,29,250,-29,250,0,250,0" /><INIT seed="0,1,0,3,4,48" ten="279,221,250,250" oya="0" hai0="12,131,99,21,51,8,66,82,5,106,122,77,41" hai1="127,119,65,62,112,49,40,15,60,118,29,34,74" hai2="58,94,98,46,120,85,31,57,1,13,89,125,105" hai3="27,20,3,54,53,59,44,47,22,126,71,86,113"/><T67/><D122/><U39/><E74/><V130/><F1/><W116/><G113/><T28/><D131/><U11/><E127/><V36/><F120/><W115/><G115/><T50/><D106/><U69/><E112/><V61/><F130/><W42/><G3/><T68/><D99/><U43/><E39/><V2/><F2/><W129/><G71/><T92/><D92/><U87/><E62/><V63/><F31/><W117/><G126/><T79/><D68/><U95/><E34/><V91/><F125/><W52/><G129/><T80/><D28/><U19/><E29/><V88/><F36/><W16/><G116/><T121/><D21/><U7/><E43/><V108/><F46/><N who="3" m="17451" /><G42/><T96/><D96/><U24/><E40/><V76/><F105/><W135/><G135/><T111/><D121/><U17/><E49/><V4/><F108/><W25/><G86/><T10/><D111/><U114/><E114/><V81/><F4/><W38/><G117/><T73/><D41/><U97/><E87/><V37/><F13/><W93/><G93/><T6/><D73/><U132/><E132/><V64/><F37/><W32/><G38/><T83/><D83/><U90/><E7/><V100/><F100/><W107/><G107/><T0/><D0/><U103/><E103/><V84/><F84/><W75/><G32/><T30/><D30/><U55/><E118/><V133/><F133/><W33/><G33/><T70/><D70/><U78/><E119/><V56/><F56/><W128/><G75/><T45/><D45/><U18/><E69/><V26/><F26/><RYUUKYOKU ba="1,0" sc="279,15,221,-15,250,15,250,-15" hai0="5,6,8,10,12,50,51,66,67,77,79,80,82" hai2="57,58,61,63,64,76,81,85,88,89,91,94,98" /><INIT seed="0,2,0,4,2,127" ten="294,206,265,235" oya="0" hai0="55,82,63,102,53,132,30,10,87,52,41,74,45" hai1="44,13,94,84,7,39,3,116,134,54,72,101,1" hai2="2,11,133,108,73,34,51,40,113,92,117,20,49" hai3="58,126,12,23,96,89,61,121,27,79,64,91,69"/><T21/><D132/><U123/><E116/><V19/><F113/><W90/><G126/><T76/><D102/><U83/><E123/><V22/><F73/><W59/><G121/><T46/><D74/><U38/><E134/><V93/><F34/><W56/><G79/><T125/><D125/><U114/><E114/><V131/><F133/><W31/><REACH who="3" step="1"/><G12/><REACH who="3" ten="294,206,265,225" step="2"/><T8/><D63/><U15/><E15/><V28/><F117/><W14/><G14/><T135/><D135/><U104/><E13/><V43/><F11/><W103/><G103/><T36/><D8/><U105/><E101/><V0/><F2/><W81/><G81/><T42/><D10/><U35/><E83/><V106/><F0/><W48/><G48/><BYE who="3" /><UN n3="%E3%81%BF%E3%81%BF%E3%81%9A" /><T37/><REACH who="0" step="1"/><D55/><REACH who="0" ten="284,206,265,225" step="2"/><U110/><E54/><V25/><F108/><W60/><G60/><T111/><D111/><U107/><E110/><V75/><F75/><W88/><G88/><T9/><D9/><U71/><E72/><V5/><F5/><W115/><G115/><T65/><D65/><U118/><E7/><V128/><F106/><W4/><G4/><T130/><D130/><U29/><E107/><V62/><F62/><W6/><G6/><T26/><AGARI ba="2,2" hai="21,26,30,36,37,41,42,45,46,52,53,76,82,87" machi="26" ten="30,11700,0" yaku="1,1,0,1,9,1,54,1,53,0" doraHai="127" doraHaiUra="47" who="0" fromWho="0" sc="284,143,206,-41,265,-41,225,-41" /><INIT seed="0,3,0,2,4,111" ten="427,165,224,184" oya="0" hai0="34,120,129,62,85,78,24,68,3,2,47,118,101" hai1="76,74,37,84,11,12,108,67,38,94,53,92,61" hai2="19,127,103,81,15,88,0,17,114,42,110,89,125" hai3="80,87,39,54,102,90,49,135,119,4,109,86,36"/><T66/><D118/><U43/><E108/><V55/><F110/><W115/><G109/><T105/><D120/><U106/><E106/><V51/><F0/><W60/><G119/><T113/><D47/><U26/><E74/><V28/><F42/><W40/><G102/><T14/><D14/><U128/><E128/><V5/><F28/><W23/><G135/><T83/><D129/><U6/><E53/><V117/><F103/><W96/><G96/><N who="0" m="61607" /><D113/><U7/><E43/><V91/><F117/><W8/><G115/><T25/><D25/><U100/><E6/><V20/><F5/><W134/><G134/><T64/><D64/><U132/><E132/><V112/><F81/><W75/><G75/><T99/><D99/><U79/><E37/><V45/><REACH who="2" step="1"/><F17/><REACH who="2" ten="427,165,214,184" step="2"/><W22/><G40/><T93/><D93/><U97/><E38/><V16/><F16/><W124/><G36/><T44/><D2/><U1/><E1/><V56/><F56/><N who="3" m="34839" /><G39/><T9/><D3/><U21/><E100/><V18/><F18/><W32/><G32/><T131/><D34/><U130/><E130/><V30/><F30/><W98/><G80/><T123/><D83/><U46/><E7/><V29/><F29/><W70/><G4/><T58/><D131/><U63/><E92/><V126/><AGARI ba="3,1" hai="15,19,20,45,51,55,88,89,91,112,114,125,126,127" machi="126" ten="40,12000,2" yaku="1,1,0,1,18,1,52,2,54,1,53,0" doraHai="111" doraHaiUra="52" who="2" fromWho="2" sc="427,-63,165,-33,214,139,184,-33" /><INIT seed="1,0,0,5,0,87" ten="364,132,353,151" oya="1" hai0="116,48,13,15,18,127,1,72,52,50,42,105,20" hai1="51,22,122,103,123,84,2,66,43,5,68,78,82" hai2="91,38,115,41,53,19,28,45,37,101,129,109,65" hai3="60,125,99,34,92,71,132,131,27,16,11,104,96"/><U17/><E103/><V6/><F109/><W80/><G125/><T107/><D1/><U40/><E68/><V114/><F101/><W56/><G131/><T83/><D116/><U89/><E66/><V24/><F6/><W30/><G132/><T9/><D127/><U102/><E102/><V69/><F19/><W23/><G71/><T55/><D42/><U36/><E36/><N who="2" m="21671" /><F91/><N who="3" m="55327" /><G104/><T29/><D29/><U118/><E118/><V26/><F26/><W61/><G34/><T85/><D72/><U4/><E2/><V62/><F53/><N who="0" m="20554" /><D105/><U95/><E123/><V10/><F10/><W32/><G32/><T73/><D73/><U77/><E122/><V67/><F67/><N who="3" m="39303" /><G61/><T119/><D107/><U126/><E126/><V35/><F129/><W135/><G135/><T33/><D33/><U3/><E3/><V8/><F8/><W98/><G80/><T93/><D93/><U113/><E113/><AGARI ba="0,0" hai="24,28,35,37,38,62,65,69,113,114,115" m="21671" machi="113" ten="30,2000,0" yaku="11,1,23,1" doraHai="87" who="2" fromWho="1" sc="364,0,132,-20,353,20,151,0" /><INIT seed="2,0,0,3,5,63" ten="364,112,373,151" oya="2" hai0="16,132,34,67,105,112,71,49,108,93,5,46,17" hai1="120,83,80,130,101,24,2,109,30,7,35,28,4" hai2="102,58,92,52,76,39,110,56,21,1,133,100,47" hai3="36,91,128,115,77,8,73,126,88,107,11,53,90"/><V27/><F1/><W87/><G107/><T14/><D105/><U3/><E109/><V13/><F133/><W12/><G36/><T55/><D112/><U64/><E130/><V123/><F123/><W60/><G73/><T59/><D34/><U23/><E120/><V45/><F76/><W74/><G74/><T20/><D71/><U6/><E101/><V29/><F56/><N who="3" m="34831" /><G115/><T42/><D108/><U103/><E103/><N who="2" m="39467" /><F39/><W113/><G113/><T94/><D132/><U79/><E83/><V19/><F92/><W25/><G128/><T124/><D124/><U68/><E68/><V97/><F97/><W33/><G126/><T66/><D5/><N who="1" m="2155" /><E64/><N who="0" m="24617" /><D17/><N who="1" m="12399" /><E80/><V57/><F57/><W72/><G72/><T26/><D26/><N who="1" m="18839" /><E79/><V82/><F82/><N who="3" m="47567" /><G33/><T0/><D0/><N who="1" m="43" /><E7/><V9/><F110/><W65/><G65/><T10/><D10/><N who="3" m="3625" /><G25/><T70/><D70/><U134/><E134/><V96/><F96/><W62/><G62/><AGARI ba="0,0" hai="14,16,20,42,46,49,55,59,62,93,94" m="24617" machi="62" ten="30,8000,1" yaku="8,1,52,3,54,1" doraHai="63" who="0" fromWho="3" sc="364,80,112,0,373,0,151,-80" /><AGARI ba="0,0" hai="9,13,19,21,27,29,45,47,52,58,62" m="39467" machi="62" ten="30,2900,0" yaku="8,1,54,1" doraHai="63" who="2" fromWho="3" sc="444,0,112,0,373,29,71,-29" /><INIT seed="2,1,0,3,2,6" ten="444,112,402,42" oya="2" hai0="2,83,41,10,3,135,43,34,103,86,51,112,45" hai1="52,63,60,36,79,25,12,23,104,54,11,81,32" hai2="133,90,80,19,48,116,87,55,115,113,131,29,57" hai3="53,68,44,110,71,61,17,84,7,42,18,4,74"/><V5/><F116/><W1/><G74/><T28/><D112/><U94/><E104/><V70/><F70/><W99/><G110/><T69/><D69/><U58/><E36/><V59/><F131/><W76/><G99/><T75/><D135/><U85/><E32/><V92/><F133/><W111/><G111/><T37/><D75/><U109/><E109/><V95/><F29/><W82/><G71/><T121/><D121/><U129/><E129/><V134/><F134/><W125/><G125/><T50/><D103/><U33/><E33/><V20/><F5/><N who="3" m="2123" /><G68/><T77/><D10/><U73/><E73/><V127/><F127/><W120/><G120/><T119/><D119/><U122/><E122/><V107/><F107/><W66/><G66/><T46/><REACH who="0" step="1"/><D37/><REACH who="0" ten="434,112,402,42" step="2"/><U24/><E11/><V108/><BYE who="3" /><F108/><UN n3="%E3%81%BF%E3%81%BF%E3%81%9A" /><W97/><G1/><T88/><D88/><U26/><E79/><V98/><F115/><W96/><G42/><T27/><AGARI ba="1,1" hai="2,3,27,28,34,41,43,45,46,50,51,77,83,86" machi="27" ten="30,4000,0" yaku="1,1,0,1,9,1,53,0" doraHai="6" doraHaiUra="126" who="0" fromWho="0" sc="434,53,112,-11,402,-21,42,-11" /><INIT seed="3,0,0,1,3,59" ten="487,101,381,31" oya="3" hai0="114,122,47,112,96,110,43,130,116,70,35,69,117" hai1="28,105,83,64,101,134,128,85,62,75,92,66,19" hai2="3,33,48,88,102,41,16,72,10,100,17,31,23" hai3="2,76,121,18,46,89,95,21,4,56,54,37,11"/><W29/><G121/><T94/><D35/><U82/><E128/><V133/><F133/><W97/><G29/><T111/><D130/><U34/><E134/><V7/><F72/><W61/><G76/><T6/><D6/><U125/><E125/><V77/><F77/><W0/><G0/><T132/><D132/><U103/><E105/><V87/><F17/><W63/><G46/><T45/><D122/><U1/><E1/><V51/><F51/><W81/><G81/><N who="1" m="30730" /><E34/><V123/><F123/><W12/><REACH who="3" step="1"/><G37/><REACH who="3" ten="487,101,381,21" step="2"/><N who="0" m="21743" /><D47/><U32/><E28/><V53/><F31/><W5/><G5/><T98/><D116/><U14/><E32/><V109/><F33/><W71/><G71/><T135/><D117/><U68/><E68/><V118/><F118/><W106/><G106/><T113/><D135/><U86/><E75/><V55/><F3/><W24/><G24/><T74/><D69/><U79/><E79/><V49/><F7/><W38/><G38/><T93/><D70/><U25/><E25/><V27/><F27/><W30/><G30/><T8/><D74/><U65/><E62/><AGARI ba="0,1" hai="2,4,11,12,18,21,54,56,61,62,63,89,95,97" machi="62" ten="30,18000,2" yaku="1,1,7,1,52,3,53,1" doraHai="59" doraHaiUra="9" who="3" fromWho="1" sc="487,0,101,-180,381,0,21,190" owari="487,58.7,-79,-57.9,381,18.1,211,-18.9" /></mjloggm>