<mjloggm ver="2.3"><GO type="225" lobby="0"/><UN n0="%E3%81%BE%E3%81%A8%E3%81%9F" n1="%33%74%72%65%65" n2="%E3%83%B4%E3%83%A0%EF%BC%99%E3%81%A6" n3="%E7%99%BD%E5%80%89%E5%AF%9B%E4%B9%8B" dan="16,16,17,16" rate="2084.73,2106.19,2134.12,2168.65" sx="M,F,M,M"/><TAIKYOKU oya="0"/><INIT seed="0,0,0,5,3,20" ten="250,250,250,250" oya="0" hai0="60,18,123,130,10,22,104,26,101,30,44,114,47" hai1="103,127,57,102,25,5,65,43,28,113,34,107,78" hai2="41,109,58,84,86,69,119,77,31,49,62,59,50" hai3="17,52,53,85,131,82,115,19,24,125,112,110,88"/><T35/><D123/><U94/><E127/><V100/><F109/><W75/><G125/><T93/><D114/><U11/><E113/><V38/><F119/><W37/><G110/><T95/><D130/><U8/><E107/><V48/><F100/><W116/><G116/><T63/><D104/><U106/><E106/><V89/><F77/><W129/><G37/><T61/><D10/><U122/><E122/><V128/><F128/><N who="3" m="49227" /><G112/><T4/><D4/><U13/><E43/><V46/><F84/><W133/><G115/><T76/><D76/><U79/><E102/><V90/><F90/><W0/><G133/><T105/><D105/><U80/><E11/><V134/><F134/><W91/><G75/><T66/><D66/><U124/><E124/><V33/><F69/><W21/><G0/><T55/><D55/><N who="3" m="21065" /><G91/><T6/><D6/><U74/><E79/><V121/><F62/><W67/><G67/><T51/><D51/><U29/><E29/><AGARI ba="0,0" hai="17,19,21,24,29,82,85,88" m="21065,49227" machi="29" ten="30,7700,0" yaku="19,1,52,1,54,2" doraHai="20" who="3" fromWho="1" sc="250,0,250,-77,250,0,250,77" /><INIT seed="1,0,0,4,3,42" ten="250,173,250,327" oya="1" hai0="99,2,22,77,48,95,8,89,125,0,66,7,113" hai1="76,106,108,26,78,13,104,45,116,62,18,40,79" hai2="131,55,63,35,80,129,107,115,85,21,37,69,58" hai3="17,86,82,110,124,68,100,71,87,72,4,90,88"/><U14/><E116/><V114/><F35/><W96/><G110/><T28/><D113/><N who="2" m="43018" /><F107/><W49/><G124/><T123/><D125/><U84/><E108/><V127/><F127/><W134/><G134/><T20/><D123/><U29/><E84/><V5/><F37/><W38/><G38/><T12/><D66/><U16/><E62/><V135/><F135/><W102/><G72/><T59/><D77/><U93/><E93/><V52/><F5/><W19/><G4/><T24/><D59/><U9/><E29/><V65/><F21/><W101/><G96/><T54/><REACH who="0" step="1"/><D20/><REACH who="0" ten="240,173,250,327" step="2"/><U1/><E1/><V109/><F109/><W33/><G33/><T11/><D11/><U10/><REACH who="1" step="1"/><E26/><REACH who="1" ten="240,163,250,327" step="2"/><V73/><F73/><W3/><G3/><T61/><D61/><U30/><E30/><V39/><F69/><W36/><G71/><T70/><D70/><U32/><E32/><V56/><F63/><W133/><G68/><T120/><D120/><U103/><E103/><V97/><F65/><W60/><G60/><T53/><D53/><U119/><E119/><V25/><F25/><W23/><G102/><T41/><D41/><U130/><E130/><V47/><F129/><W31/><G101/><T46/><AGARI ba="0,2" hai="0,2,7,8,12,22,24,28,46,48,54,89,95,99" machi="46" ten="20,5200,0" yaku="1,1,0,1,7,1,52,1,53,0" doraHai="42" doraHaiUra="74" who="0" fromWho="0" sc="240,72,163,-26,250,-13,327,-13" /><INIT seed="2,0,0,5,5,55" ten="312,137,237,314" oya="2" hai0="78,92,27,126,76,35,64,106,112,15,8,19,93" hai1="4,131,42,121,97,87,49,38,21,62,85,135,100" hai2="32,77,82,111,16,107,36,24,14,119,103,47,1" hai3="120,56,22,41,114,80,33,98,50,31,133,37,125"/><V116/><F1/><W59/><G37/><T51/><D106/><U18/><E135/><V81/><F111/><W65/><G33/><T109/><D112/><U45/><E131/><V88/><F107/><W17/><G120/><T110/><D126/><U6/><E121/><V66/><F66/><W73/><G31/><N who="0" m="19967" /><D64/><U43/><E38/><V63/><F63/><W86/><G73/><T60/><D60/><U10/><E43/><V7/><F103/><W124/><G65/><T58/><D92/><U61/><E85/><V123/><F123/><W52/><G41/><T129/><D129/><U46/><E46/><V101/><F101/><W48/><G98/><T104/><D104/><U118/><E118/><V127/><F7/><W39/><G39/><T44/><D93/><U122/><E122/><V12/><F127/><N who="3" m="48715" /><G50/><T0/><D58/><U108/><E108/><N who="0" m="41577" /><D0/><U34/><E34/><V117/><F32/><W96/><G96/><T83/><D83/><U134/><E134/><V20/><F81/><W54/><G133/><T11/><D8/><U57/><E87/><V113/><F113/><W94/><G94/><T25/><D25/><U74/><E74/><V91/><F24/><N who="3" m="14415" /><G114/><T53/><AGARI ba="0,0" hai="11,15,19,44,51,53,76,78" m="41577,19967" machi="53" ten="30,1100,0" yaku="14,1" doraHai="55" who="0" fromWho="0" sc="312,11,137,-3,237,-5,314,-3" /><INIT seed="3,0,0,5,2,42" ten="323,134,232,311" oya="3" hai0="82,39,132,114,77,48,20,129,44,40,7,64,43" hai1="10,5,35,93,111,98,8,50,76,84,57,101,128" hai2="81,113,9,54,6,37,65,112,3,83,91,86,59" hai3="107,110,31,41,17,23,22,56,14,90,36,95,11"/><W28/><G107/><T72/><D114/><U109/><E128/><V102/><F37/><W122/><G122/><T133/><D129/><U18/><E35/><V121/><F121/><W73/><G73/><T21/><D64/><U135/><E135/><N who="0" m="51785" /><D7/><U92/><E5/><V123/><F123/><W99/><G110/><T116/><D116/><U4/><E4/><V88/><F102/><W117/><G117/><T24/><D21/><N who="3" m="7689" /><G36/><T89/><D89/><U119/><E119/><V13/><F3/><W47/><G41/><N who="0" m="24591" /><D39/><U100/><E76/><V96/><F65/><W67/><G47/><T34/><D34/><U71/><E71/><V26/><F26/><W63/><AGARI ba="0,0" hai="11,14,17,28,31,56,63,67,90,95,99" m="7689" machi="63" ten="30,1500,0" yaku="8,1" doraHai="42" who="3" fromWho="3" sc="323,-5,134,-5,232,-5,311,15" owari="318,11.8,129,-37.1,227,-17.3,326,42.6" /></mjloggm>