<mjloggm ver="2.3"><GO type="225" lobby="0"/><UN n0="%E3%82%A2%E3%82%A4%E3%82%B9%E3%83%86%E3%82%A3%E3%83%BC%E3%81%82%E3%81%B9" n1="%E7%99%BD%E9%9B%AA%E4%B9%83%E6%84%9B" n2="%E7%89%B9%E6%9D%B1%E5%96%B0%E8%B5%A4%E9%80%9F" n3="%73%69%67%65%6E%6F%72%69" dan="16,16,16,18" rate="2067.79,2063.95,2027.54,2266.31" sx="M,F,M,M"/><TAIKYOKU oya="0"/><INIT seed="0,0,0,1,1,26" ten="250,250,250,250" oya="0" hai0="96,10,92,42,3,75,109,115,126,94,70,102,110" hai1="21,2,74,129,39,20,5,41,112,8,86,80,13" hai2="64,47,135,34,38,52,105,78,123,6,7,62,51" hai3="54,121,65,117,49,106,81,85,89,16,50,73,79"/><T132/><D115/><U36/><E129/><V119/><F123/><W124/><G117/><T66/><D75/><U46/><E112/><V97/><F119/><W40/><G121/><T45/><D126/><U24/><E36/><V37/><F135/><W133/><G124/><T61/><D132/><U15/><E20/><V91/><F78/><W77/><G133/><T56/><D70/><U53/><E53/><V19/><F34/><W127/><G127/><T44/><D94/><U88/><REACH who="1" step="1"/><E74/><REACH who="1" ten="250,240,250,250" step="2"/><V12/><F37/><W11/><G73/><T83/><D42/><U1/><E1/><V134/><F38/><W87/><G54/><T93/><D3/><U100/><E100/><V23/><F134/><W99/><G40/><T116/><D116/><U111/><E111/><N who="0" m="42505" /><D10/><U120/><E120/><V48/><F52/><W118/><G118/><T71/><D44/><U113/><E113/><V32/><F47/><W55/><G55/><T95/><D45/><U29/><AGARI ba="0,1" hai="2,5,8,13,15,21,24,29,39,41,46,80,86,88" machi="29" ten="20,12000,2" yaku="1,1,0,1,7,1,52,1,54,1,53,2" doraHai="26" doraHaiUra="9" who="1" fromWho="1" sc="250,-60,240,130,250,-30,250,-30" /><INIT seed="1,0,0,1,5,24" ten="190,370,220,220" oya="1" hai0="11,89,44,64,118,15,19,88,91,25,119,54,121" hai1="79,39,127,109,48,87,111,102,129,29,112,69,12" hai2="50,58,133,103,93,110,14,122,96,92,2,73,75" hai3="55,8,21,99,66,126,132,16,51,52,63,6,101"/><U86/><E39/><V27/><F2/><W34/><G34/><T32/><D121/><U62/><E112/><V95/><F122/><W45/><G132/><T57/><D64/><U105/><E129/><V0/><F0/><W82/><G126/><T94/><D44/><U1/><E1/><V106/><F133/><W5/><G8/><T117/><D32/><U77/><E127/><V76/><F110/><W46/><G82/><T37/><D25/><U120/><E120/><V85/><F14/><W135/><G135/><T35/><D35/><U113/><E48/><V7/><F7/><W131/><G131/><T59/><D37/><U123/><E12/><V68/><F68/><W130/><G130/><T61/><REACH who="0" step="1"/><D57/><REACH who="0" ten="180,370,220,220" step="2"/><U30/><E123/><V70/><F27/><N who="3" m="14759" /><G66/><T128/><D128/><U4/><E113/><V83/><F70/><W80/><G45/><T38/><D38/><U115/><E115/><V20/><F58/><N who="3" m="35271" /><G80/><T97/><AGARI ba="0,1" hai="11,15,19,54,59,61,88,89,91,94,97,117,118,119" machi="97" ten="30,12000,2" yaku="1,1,0,1,54,1,53,3" doraHai="24" doraHaiUra="84" who="0" fromWho="0" sc="180,130,370,-60,220,-30,220,-30" /><INIT seed="2,0,0,1,1,10" ten="310,310,190,190" oya="2" hai0="14,117,65,71,116,118,2,96,27,0,85,11,16" hai1="130,58,28,12,69,17,4,39,95,127,110,135,124" hai2="47,91,90,46,78,33,120,18,13,64,41,75,36" hai3="83,21,86,101,103,109,43,99,81,15,62,84,30"/><V61/><F120/><W57/><G109/><T131/><D131/><U23/><E69/><V122/><F122/><W40/><G30/><T38/><D38/><U98/><E39/><V22/><F33/><W79/><G21/><N who="0" m="13735" /><D85/><U125/><E110/><V50/><F78/><W60/><G15/><T9/><D9/><N who="1" m="4135" /><E28/><V80/><F80/><W59/><REACH who="3" step="1"/><G99/><REACH who="3" ten="310,310,190,180" step="2"/><T94/><D14/><U113/><E23/><V74/><F74/><W8/><G8/><T44/><D11/><U88/><E130/><V48/><F75/><W67/><G67/><T20/><D20/><U31/><E31/><V77/><F77/><AGARI ba="0,1" hai="40,43,57,59,60,62,77,79,81,83,84,86,101,103" machi="77" ten="25,6400,0" yaku="1,1,22,2,8,1,53,0" doraHai="10" doraHaiUra="34" who="3" fromWho="2" sc="310,0,310,0,190,-64,180,74" /><INIT seed="3,0,0,3,4,69" ten="310,310,126,254" oya="3" hai0="115,31,84,125,36,6,46,114,8,91,121,29,57" hai1="48,10,88,13,65,82,7,78,61,89,45,132,97" hai2="39,54,25,76,96,35,92,71,50,116,130,1,11" hai3="23,117,100,102,86,113,124,70,67,110,83,75,4"/><W59/><G70/><T90/><D121/><U55/><E97/><V51/><F71/><W103/><G113/><N who="0" m="43019" /><D125/><U27/><E27/><V44/><F116/><W134/><G117/><T94/><D57/><N who="1" m="37039" /><E132/><V12/><F76/><W15/><G134/><T38/><D91/><N who="1" m="34891" /><E82/><V24/><F1/><W28/><G75/><T56/><D56/><U107/><E107/><V60/><F130/><W58/><G124/><T108/><D108/><U19/><E78/><V99/><F60/><N who="3" m="38295" /><G110/><T9/><D9/><U42/><E42/><V112/><F112/><W122/><G59/><T5/><D5/><AGARI ba="0,0" hai="5,7,10,13,19,45,48,55" m="34891,37039" machi="5" ten="30,2000,0" yaku="8,1,54,1" doraHai="69" who="1" fromWho="0" sc="310,-20,310,20,126,0,254,0" owari="290,9.0,330,43.0,126,-37.4,254,-14.6" /></mjloggm>