<mjloggm ver="2.3"><GO type="225" lobby="0"/><UN n0="%E6%A1%9C%E8%8A%B1%E9%96%83%E3%80%85" n1="%6B%69%72%61%64%6F%6B%69" n2="%72%65%6E%6B%75%6E" n3="%33%74%72%65%65" dan="17,16,17,16" rate="2258.10,2146.56,2173.27,2038.26" sx="M,M,M,F"/><TAIKYOKU oya="0"/><INIT seed="0,0,0,2,4,127" ten="250,250,250,250" oya="0" hai0="35,43,79,106,66,113,94,81,107,8,59,105,122" hai1="91,62,61,27,40,24,110,115,34,119,11,116,0" hai2="63,101,67,45,65,48,21,108,95,54,32,98,30" hai3="86,78,82,4,124,123,99,16,88,31,5,69,18"/><T131/><D35/><U46/><E110/><V23/><F108/><W83/><G124/><T73/><D113/><U109/><E109/><V126/><F126/><W6/><G123/><T129/><D122/><U97/><E115/><V9/><F32/><W37/><G37/><T102/><D43/><U1/><E34/><V26/><F21/><W2/><G2/><T121/><D121/><U7/><E0/><V28/><F9/><W76/><G69/><T90/><D8/><U89/><E24/><V15/><F15/><W51/><G31/><T92/><D59/><U120/><E27/><V87/><F87/><N who="3" m="48583" /><G51/><T20/><D66/><U42/><E42/><V134/><F134/><W58/><G58/><T64/><D64/><U55/><E120/><V38/><F38/><W25/><G25/><T3/><D20/><U39/><E55/><V112/><F112/><W19/><G99/><N who="0" m="59767" /><D3/><U77/><E77/><AGARI ba="0,0" hai="4,5,6,16,18,19,77,78,83,86,88" m="48583" machi="77" ten="30,3900,0" yaku="8,1,54,2" doraHai="127" who="3" fromWho="1" sc="250,0,250,-39,250,0,250,39" /><INIT seed="1,0,0,2,2,92" ten="250,211,250,289" oya="1" hai0="20,52,80,15,55,8,123,94,4,110,9,132,82" hai1="78,61,118,104,7,37,122,49,114,79,96,107,134" hai2="51,84,24,14,25,34,111,83,6,112,53,56,125" hai3="29,75,58,47,10,71,91,39,69,70,16,105,45"/><U43/><E114/><V35/><F111/><W88/><G75/><T3/><D110/><U65/><E118/><V108/><F108/><W21/><G105/><T99/><D132/><U27/><E122/><V121/><F121/><W115/><G115/><T89/><D123/><U95/><E134/><V117/><F117/><W2/><G29/><T44/><D20/><U63/><E37/><V48/><F112/><W126/><G126/><T19/><REACH who="0" step="1"/><D44/><REACH who="0" ten="240,211,250,289" step="2"/><U18/><E27/><V131/><F35/><W101/><G45/><T74/><D74/><U32/><E32/><V38/><F34/><W124/><G21/><T85/><D85/><U87/><E87/><V66/><F125/><W113/><G47/><T33/><D33/><U40/><E43/><V54/><F25/><W120/><G124/><T42/><D42/><U68/><E40/><V106/><F24/><W130/><G113/><T22/><D22/><U98/><E78/><V77/><F84/><W23/><G23/><T116/><D116/><U36/><E79/><V90/><F77/><W46/><G46/><T26/><D26/><U81/><E36/><V100/><F38/><W59/><G39/><T135/><D135/><U119/><E119/><V97/><F131/><W30/><G130/><T109/><D109/><U128/><E128/><V103/><F83/><AGARI ba="0,1" hai="3,4,8,9,15,19,52,55,80,82,83,89,94,99" machi="83" ten="40,8000,1" yaku="1,1,52,1,54,1,53,1" doraHai="92" doraHaiUra="86" who="0" fromWho="2" sc="240,90,211,0,250,-80,289,0" /><INIT seed="2,0,0,3,5,66" ten="330,211,170,289" oya="2" hai0="89,79,59,26,104,63,58,45,106,118,8,19,81" hai1="68,125,121,77,120,40,85,61,39,54,92,5,117" hai2="70,72,110,28,90,14,34,46,20,18,100,123,113" hai3="64,12,91,93,114,21,2,41,53,108,4,135,87"/><V133/><F123/><N who="1" m="47177" /><E117/><V31/><F70/><W24/><G108/><T9/><D89/><N who="1" m="53295" /><E125/><V1/><F113/><W44/><G135/><T94/><D45/><N who="1" m="23711" /><E77/><V29/><F1/><W57/><G64/><T112/><D94/><U98/><E5/><V132/><F110/><W51/><G2/><T99/><D59/><N who="1" m="35063" /><E98/><V22/><F72/><W27/><G114/><T84/><D106/><U80/><E80/><V32/><F100/><W115/><G115/><T7/><D7/><U47/><E47/><V134/><F46/><W42/><G42/><T126/><D126/><U131/><E131/><V71/><F71/><AGARI ba="0,0" hai="68,71" m="35063,23711,53295,47177" machi="71" ten="30,3900,0" yaku="13,1,52,2" doraHai="66" who="1" fromWho="2" sc="330,0,211,39,170,-39,289,0" /><INIT seed="3,0,0,3,1,134" ten="330,250,131,289" oya="3" hai0="124,56,89,69,123,106,133,29,10,50,129,83,31" hai1="39,71,76,92,114,122,131,116,24,42,51,23,121" hai2="63,87,58,82,73,108,6,96,62,75,18,85,84" hai3="127,91,11,27,43,117,3,14,102,77,135,47,8"/><W59/><G117/><T38/><D124/><U125/><E92/><V48/><F6/><W28/><G127/><T67/><D38/><U66/><E76/><V93/><F108/><W35/><G135/><T115/><D123/><U113/><E23/><V103/><F18/><W4/><G77/><T55/><D106/><U0/><E24/><V111/><F48/><W5/><G102/><T94/><D83/><U52/><E0/><V72/><F58/><W107/><G107/><T19/><D129/><U30/><E30/><V49/><F49/><W45/><G43/><T99/><D115/><N who="1" m="44043" /><E131/><V7/><F7/><W25/><G25/><T21/><D10/><U15/><E15/><V109/><F62/><W57/><G91/><T37/><D37/><U2/><E2/><V34/><F63/><W128/><G128/><T32/><D32/><U1/><E1/><V110/><REACH who="2" step="1"/><F34/><REACH who="2" ten="330,250,121,289" step="2"/><W12/><G3/><T46/><D19/><U16/><E16/><V97/><F97/><W40/><G45/><T13/><D46/><N who="1" m="23903" /><E116/><V95/><F95/><W120/><G47/><T68/><D94/><U64/><E125/><V80/><AGARI ba="0,1" hai="72,73,75,80,82,84,85,87,93,96,103,109,110,111" machi="80" ten="50,24000,4" yaku="1,1,0,1,29,2,14,1,34,3,53,3" doraHai="134" doraHaiUra="81" who="2" fromWho="2" sc="330,-60,250,-60,121,250,289,-120" owari="270,7.0,190,-21.0,371,47.1,169,-33.1" /></mjloggm>