<mjloggm ver="2.3"><GO type="225" lobby="0"/><UN n0="%73%68%75%6D%70" n1="%66%67%67%68%68%64%66" n2="%E4%BF%BA%E3%81%A8%E5%A6%96%E5%A4%A2" n3="%E5%8D%A0%E3%81%84%E5%B8%AB%E8%A3%8F%E3%81%AA%E3%81%84%E3%81%97" dan="16,16,16,17" rate="2105.89,2095.94,2140.05,2209.03" sx="M,M,F,M"/><TAIKYOKU oya="0"/><INIT seed="0,0,0,0,0,14" ten="250,250,250,250" oya="0" hai0="65,97,66,82,78,116,124,100,117,88,132,125,85" hai1="4,13,27,90,54,37,48,2,128,15,131,61,39" hai2="67,50,60,28,112,32,58,81,45,127,74,79,110" hai3="43,20,105,51,129,59,71,99,102,46,92,18,55"/><T56/><D56/><U72/><E72/><V109/><F112/><W5/><G129/><N who="1" m="49738" /><E2/><V21/><F32/><W31/><G71/><T89/><D65/><U111/><E111/><N who="2" m="42507" /><F127/><N who="0" m="48714" /><D66/><U135/><E135/><V22/><F28/><W40/><G5/><T118/><D132/><U114/><E114/><V33/><F33/><W0/><G0/><T80/><D80/><U98/><E61/><V70/><F70/><W126/><G126/><T24/><D24/><U52/><E27/><V120/><F120/><W36/><G31/><T101/><D101/><U3/><E3/><V75/><F75/><W86/><G40/><AGARI ba="0,0" hai="21,22,40,45,50,58,60,67,74,79,81" m="42507" machi="40" ten="30,1000,0" yaku="14,1" doraHai="14" who="2" fromWho="3" sc="250,0,250,0,250,10,250,-10" /><INIT seed="1,0,0,0,0,113" ten="250,250,260,240" oya="1" hai0="86,125,81,27,70,20,63,33,64,128,6,76,46" hai1="123,0,41,83,17,111,48,101,4,90,51,89,35" hai2="40,110,45,32,112,54,23,87,50,71,129,75,115" hai3="104,19,16,61,14,9,67,121,66,72,93,28,82"/><U74/><E123/><V135/><F32/><W1/><G104/><T92/><D125/><U124/><E35/><V116/><F75/><W58/><G121/><T106/><D128/><U29/><E29/><V44/><F129/><W37/><G37/><T24/><D106/><U34/><E34/><V98/><F98/><W100/><G1/><T122/><D122/><U114/><E114/><N who="2" m="43563" /><F87/><W69/><G28/><T59/><D6/><U77/><E124/><V7/><F7/><W119/><G100/><T94/><D70/><U15/><E101/><V56/><F23/><W132/><G132/><T62/><D62/><U96/><E111/><V36/><F135/><W103/><G103/><T55/><D27/><U11/><E96/><V21/><F21/><W26/><G93/><T22/><D22/><U117/><E117/><V42/><F71/><W78/><G26/><T43/><D33/><U38/><E90/><V79/><F79/><W102/><G102/><T130/><D130/><U126/><E89/><V127/><F127/><W30/><G30/><T3/><D3/><U80/><E80/><V12/><F12/><W60/><REACH who="3" step="1"/><G119/><REACH who="3" ten="250,250,260,230" step="2"/><T31/><REACH who="0" step="1"/><D64/><REACH who="0" ten="240,250,260,230" step="2"/><U108/><E126/><V97/><F116/><W84/><G84/><T25/><D25/><U120/><E120/><V118/><F118/><W85/><G85/><T52/><D52/><U47/><REACH who="1" step="1"/><E108/><REACH who="1" ten="240,240,260,230" step="2"/><V10/><F110/><W68/><G68/><T91/><D91/><U88/><E88/><V8/><F97/><W49/><G49/><AGARI ba="0,3" hai="20,24,31,43,46,49,55,59,63,76,81,86,92,94" machi="49" ten="30,3900,0" yaku="1,1,7,1,8,1,53,0" doraHai="113" doraHaiUra="131" who="0" fromWho="3" sc="240,69,240,0,260,0,230,-39" /><AGARI ba="0,0" hai="8,10,36,40,42,44,45,49,50,54,56" m="43563" machi="49" ten="30,1000,0" yaku="11,1" doraHai="113" who="2" fromWho="3" sc="309,0,240,0,260,10,191,-10" /><INIT seed="2,0,0,2,1,122" ten="309,240,270,181" oya="2" hai0="102,56,101,73,6,12,61,34,38,57,50,23,132" hai1="15,53,99,131,67,71,128,114,90,27,31,51,20" hai2="113,89,120,124,32,109,10,133,123,2,37,111,13" hai3="104,52,86,65,8,75,107,95,26,54,66,25,35"/><V69/><F69/><W63/><G75/><T45/><D34/><U43/><E114/><V96/><F37/><W103/><G35/><T0/><D73/><U134/><E43/><V88/><F113/><W126/><G126/><T127/><D38/><U48/><E134/><V117/><F117/><W55/><G8/><T5/><D0/><U72/><E72/><V115/><F115/><W135/><G135/><T36/><D36/><U58/><E48/><V40/><F40/><W18/><G86/><T77/><D77/><U11/><E71/><V42/><F42/><W19/><G95/><T116/><D57/><U78/><E67/><N who="3" m="25610" /><G63/><T108/><D23/><U100/><E90/><V82/><F2/><W92/><G92/><T33/><D61/><U64/><E64/><V17/><F133/><W84/><G84/><T119/><D127/><U68/><E78/><V79/><F124/><W60/><G60/><T80/><D5/><U98/><E68/><V1/><F32/><W93/><G93/><T62/><D6/><N who="1" m="3575" /><E100/><V121/><F1/><W97/><G97/><T74/><D102/><U106/><E106/><N who="3" m="40490" /><G103/><T29/><D101/><U28/><E28/><V81/><F96/><W44/><G44/><T91/><D62/><U4/><E4/><V85/><REACH who="2" step="1"/><F89/><REACH who="2" ten="309,240,260,181" step="2"/><W41/><G41/><N who="0" m="24879" /><D91/><U49/><E99/><V47/><F47/><W30/><G30/><T9/><D33/><U83/><E98/><V7/><F7/><W3/><G3/><T22/><D29/><U94/><E31/><V112/><F112/><W14/><G18/><T76/><D132/><U105/><E105/><RYUUKYOKU ba="0,1" sc="309,-15,240,-15,260,15,181,15" hai2="10,13,17,79,81,82,85,88,109,111,120,121,123" hai3="14,19,25,26,52,54,55" /><INIT seed="2,1,1,4,5,126" ten="294,225,275,196" oya="2" hai0="133,46,36,51,100,116,9,11,102,23,15,110,18" hai1="35,119,25,71,54,4,82,52,26,122,123,19,0" hai2="108,45,103,27,76,109,86,131,84,38,91,96,33" hai3="132,74,28,40,104,73,69,124,31,16,114,42,83"/><V115/><F38/><W49/><G124/><T6/><D36/><U20/><E71/><V61/><F45/><W60/><G104/><T17/><D110/><N who="2" m="42602" /><F61/><W113/><G132/><T13/><D116/><U24/><E119/><V59/><F59/><W135/><G135/><T112/><D112/><N who="3" m="43113" /><G83/><T129/><D129/><U70/><E70/><V41/><F41/><N who="3" m="15979" /><G49/><T43/><REACH who="0" step="1"/><D133/><REACH who="0" ten="284,225,275,196" step="2"/><U39/><E39/><V130/><F115/><W87/><G87/><T88/><D88/><U14/><E123/><V75/><F84/><W125/><G125/><T2/><AGARI ba="1,2" hai="2,6,9,11,13,15,17,18,23,43,46,51,100,102" machi="2" ten="20,2700,0" yaku="1,1,0,1,7,1,53,0" doraHai="126" doraHaiUra="67" who="0" fromWho="0" sc="284,50,225,-8,275,-14,196,-8" /><INIT seed="3,0,0,3,4,114" ten="334,217,261,188" oya="3" hai0="36,92,68,5,17,81,40,127,100,117,125,56,131" hai1="96,67,115,42,135,87,32,71,97,120,22,21,4" hai2="58,3,26,91,95,122,60,55,134,24,63,20,123" hai3="121,62,130,64,37,105,27,79,61,41,113,77,102"/><W75/><G113/><T66/><D117/><U0/><E115/><V47/><F3/><W74/><G121/><N who="2" m="46089" /><F134/><W35/><G130/><T12/><D68/><U9/><E97/><N who="2" m="57599" /><F47/><N who="3" m="23983" /><G79/><T46/><D5/><U88/><E22/><V119/><F119/><W10/><G10/><T116/><D116/><U72/><E4/><V69/><F20/><W84/><G84/><T34/><D34/><U94/><E42/><V85/><F85/><W124/><G61/><N who="0" m="38183" /><D81/><U45/><E67/><AGARI ba="0,0" hai="24,26,55,58,60,63,67,69" m="57599,46089" machi="67" ten="30,1000,0" yaku="13,1" doraHai="114" who="2" fromWho="1" sc="334,0,217,-10,261,10,188,0" owari="334,43.4,207,-19.3,271,7.1,188,-31.2" /></mjloggm>