<mjloggm ver="2.3"><GO type="225" lobby="0"/><UN n0="%E3%83%96%E3%83%83%E3%83%91%E3%82%AA%E3%83%96%E3%83%81%E3%82%AD%E3%83%B3" n1="%E3%82%AF%E3%82%A3%E3%82%A6" n2="%E9%80%86%E9%80%A3%E5%B8%AF%E3%81%AE%E9%AC%BC" n3="%E7%99%BD%E5%80%89%E5%AF%9B%E4%B9%8B" dan="16,16,17,16" rate="2147.99,2073.42,2104.85,2125.71" sx="M,M,M,M"/><TAIKYOKU oya="0"/><INIT seed="0,0,0,0,5,129" ten="250,250,250,250" oya="0" hai0="41,57,112,107,49,99,78,45,135,74,118,15,130" hai1="40,9,43,8,51,84,64,37,103,127,96,102,105" hai2="2,123,3,80,108,10,24,59,5,46,104,30,29" hai3="47,75,1,83,115,119,120,122,67,66,98,28,116"/><T109/><D112/><U88/><E37/><V23/><F104/><W13/><G1/><T54/><D118/><N who="3" m="45097" /><G28/><T31/><D130/><U25/><E127/><V128/><F128/><W61/><G13/><T113/><D113/><U55/><E64/><N who="3" m="24618" /><G98/><T91/><D31/><U48/><E25/><V97/><F123/><N who="3" m="47147" /><G83/><T94/><D107/><U101/><E96/><V27/><F97/><W110/><G75/><T85/><D74/><U117/><E105/><V76/><F2/><W34/><G34/><T58/><D15/><U26/><E26/><V38/><F27/><W56/><G115/><T114/><D114/><U81/><E117/><V134/><F30/><W22/><G22/><T35/><D35/><U12/><E48/><V65/><F24/><W63/><G110/><T42/><D109/><U18/><REACH who="1" step="1"/><E9/><REACH who="1" ten="250,240,250,250" step="2"/><V86/><F10/><W36/><G56/><AGARI ba="0,1" hai="8,12,18,40,43,51,55,56,81,84,88,101,102,103" machi="56" ten="40,8000,1" yaku="1,1,2,1,8,1,54,1,53,0" doraHai="129" doraHaiUra="69" who="1" fromWho="3" sc="250,0,240,90,250,0,250,-80" /><INIT seed="1,0,0,2,0,38" ten="250,330,250,170" oya="1" hai0="79,47,80,53,82,108,8,90,61,45,49,27,21" hai1="101,60,123,85,73,130,14,41,103,46,74,48,83" hai2="3,7,87,78,98,126,2,55,62,86,28,32,135" hai3="92,34,52,57,93,6,112,65,18,37,102,114,11"/><U26/><E123/><V110/><F135/><W88/><G37/><T63/><D108/><U33/><E130/><V58/><F110/><W4/><G34/><T15/><D90/><U129/><E129/><V31/><F126/><W128/><G128/><T23/><D47/><U71/><E14/><V76/><F98/><N who="3" m="59719" /><G65/><T16/><D23/><U84/><E84/><V95/><F32/><W36/><G36/><T91/><D91/><U77/><E71/><V75/><F75/><W50/><G114/><T59/><D79/><U99/><E60/><V19/><F19/><W105/><G105/><T30/><REACH who="0" step="1"/><D63/><REACH who="0" ten="240,330,250,170" step="2"/><U54/><E77/><V68/><F78/><W20/><G112/><T116/><D116/><U0/><E46/><V29/><F76/><W119/><G119/><T117/><D117/><U17/><E33/><V81/><F62/><W12/><G11/><T51/><D51/><U125/><E48/><V115/><F115/><W97/><AGARI ba="0,1" hai="4,6,12,18,20,50,52,57,88,93,97" m="59719" machi="97" ten="30,4000,0" yaku="8,1,54,2" doraHai="38" who="3" fromWho="3" sc="240,-10,330,-20,250,-10,170,50" /><INIT seed="2,0,0,3,5,102" ten="230,310,240,220" oya="2" hai0="76,38,72,47,44,60,94,59,35,121,51,85,115" hai1="27,105,9,68,92,101,82,135,1,63,43,122,24" hai2="12,49,104,58,128,93,110,15,6,126,134,19,62" hai3="109,129,106,125,131,2,73,56,88,71,91,107,10"/><V98/><F134/><W97/><G71/><T54/><D121/><U45/><E135/><V29/><F128/><N who="3" m="49227" /><G109/><T57/><D115/><U67/><E92/><V26/><F110/><W37/><G125/><T108/><D108/><U48/><E122/><V3/><F126/><W120/><G120/><T65/><D38/><U55/><E82/><V133/><F133/><W118/><G118/><T111/><D111/><U40/><E40/><V17/><F49/><W84/><G73/><T22/><D35/><U100/><E105/><N who="3" m="39946" /><G37/><T61/><D72/><U119/><E119/><V89/><F104/><W81/><G56/><T30/><D61/><U74/><E74/><V0/><F6/><N who="3" m="1367" /><G97/><T23/><D59/><N who="1" m="33255" /><E101/><V11/><F58/><W86/><G86/><T114/><D85/><U123/><E100/><V75/><F75/><W96/><G96/><T25/><D57/><U66/><E123/><V52/><F62/><W87/><G87/><T95/><D60/><U78/><E67/><V64/><F64/><W116/><G116/><T117/><D65/><U50/><E63/><V79/><F98/><W77/><AGARI ba="0,0" hai="77,81,84,88,91" m="1367,39946,49227" machi="77" ten="30,8000,1" yaku="19,1,52,3,54,1" doraHai="102" who="3" fromWho="3" sc="230,-20,310,-20,240,-40,220,80" /><INIT seed="3,0,0,4,5,135" ten="210,290,200,300" oya="3" hai0="92,18,76,4,34,86,17,112,117,15,114,77,8" hai1="51,105,67,134,29,81,41,131,119,39,111,30,71" hai2="63,101,133,78,16,95,36,73,48,0,82,20,19" hai3="93,91,21,31,100,75,33,28,123,6,74,129,44"/><W121/><G100/><T10/><D117/><U127/><E81/><V89/><F36/><W116/><G33/><T97/><D34/><U83/><E83/><V56/><F133/><W43/><G6/><T26/><D86/><U9/><E67/><V115/><F115/><N who="0" m="44074" /><D26/><U40/><E51/><V50/><F0/><W62/><G62/><T54/><D54/><U80/><E80/><V124/><F101/><W90/><G116/><T122/><D122/><U1/><E41/><V87/><F124/><W66/><G43/><T32/><D32/><U7/><E40/><V128/><F128/><W104/><G129/><T98/><D18/><U55/><E55/><V94/><F94/><W96/><G93/><T118/><D118/><U47/><E30/><V25/><REACH who="2" step="1"/><F19/><REACH who="2" ten="210,290,190,300" step="2"/><W5/><G123/><T125/><D125/><U35/><E7/><V27/><F27/><W103/><G121/><T3/><D97/><U132/><E134/><V65/><AGARI ba="0,1" hai="16,20,25,48,50,56,63,65,73,78,82,87,89,95" machi="65" ten="20,8000,1" yaku="1,1,0,1,7,1,54,1,53,1" doraHai="135" doraHaiUra="14" who="2" fromWho="2" sc="210,-20,290,-20,190,90,300,-40" /><INIT seed="4,0,0,0,3,93" ten="190,270,280,260" oya="0" hai0="13,59,36,21,114,10,27,91,61,80,126,20,65" hai1="84,100,109,40,125,101,0,116,41,86,110,129,98" hai2="19,95,29,83,52,70,105,90,96,87,18,124,50" hai3="75,57,51,54,78,108,76,68,23,45,67,123,88"/><T81/><D114/><U11/><E116/><V92/><F70/><W31/><G108/><T35/><D126/><U113/><E125/><V64/><F124/><W7/><G123/><T16/><D36/><U1/><E129/><V112/><F112/><W33/><G33/><T8/><D35/><U69/><E113/><V103/><F64/><W42/><G75/><T60/><D60/><U132/><E11/><V47/><F29/><W82/><G7/><T63/><D63/><U49/><E49/><V119/><F119/><W4/><G4/><T55/><D65/><U25/><E25/><V131/><F131/><W130/><G130/><T111/><D111/><U73/><E132/><V2/><F2/><W89/><G67/><T106/><D106/><U30/><E30/><V74/><F95/><W46/><G68/><T22/><D8/><U99/><REACH who="1" step="1"/><E73/><REACH who="1" ten="190,260,280,260" step="2"/><V102/><F102/><W133/><G31/><T85/><REACH who="0" step="1"/><D80/><REACH who="0" ten="180,260,280,260" step="2"/><U3/><E3/><V37/><F37/><N who="3" m="21711" /><G82/><T135/><D135/><U62/><E62/><V38/><F38/><W43/><G133/><T34/><D34/><U58/><E58/><V77/><AGARI ba="0,2" hai="18,19,47,50,52,74,77,83,87,90,92,96,103,105" machi="77" ten="30,8000,1" yaku="0,1,24,2,52,1,54,1" doraHai="93" who="2" fromWho="2" sc="180,-40,260,-20,280,100,260,-20" owari="140,-36.0,240,4.0,380,48.0,240,-16.0" /></mjloggm>