<mjloggm ver="2.3"><GO type="225" lobby="0"/><UN n0="%E6%A1%9C%E8%8A%B1%E9%96%83%E3%80%85" n1="%E3%83%B4%E3%83%A0%EF%BC%99%E3%81%A6" n2="%E3%81%A4%E3%81%A3%E3%81%B1%E3%82%8A%E3%83%9D%E3%83%BC%E3%83%AB" n3="%E3%83%81%E3%83%83%E3%82%BF%E3%82%BD%E3%83%BC" dan="16,17,17,16" rate="2188.71,2148.08,2180.47,2122.89" sx="M,M,M,F"/><TAIKYOKU oya="0"/><INIT seed="0,0,0,3,0,75" ten="250,250,250,250" oya="0" hai0="3,103,122,67,31,65,109,74,54,17,58,116,126" hai1="52,106,115,5,68,135,131,23,128,28,92,118,113" hai2="64,6,50,112,37,100,91,24,19,66,70,108,59" hai3="21,22,97,46,1,42,12,93,14,18,39,62,29"/><T47/><D116/><U49/><E106/><V9/><F112/><N who="1" m="43081" /><E118/><V99/><F37/><W104/><G1/><T26/><D122/><U41/><E5/><V73/><F73/><W114/><G114/><T34/><D126/><U81/><E68/><V79/><F108/><W125/><G125/><T120/><D120/><U95/><E41/><V101/><F70/><W61/><G104/><T57/><D3/><U86/><E135/><V55/><F79/><W10/><G22/><T98/><D74/><U127/><E127/><V7/><F7/><W43/><G43/><T110/><D17/><U40/><E40/><V82/><F24/><W4/><REACH who="3" step="1"/><G29/><REACH who="3" ten="250,250,250,240" step="2"/><T69/><D110/><U88/><E23/><V130/><F130/><N who="1" m="49705" /><E28/><V13/><F9/><W33/><G33/><T89/><D109/><U71/><E71/><V25/><F25/><W123/><G123/><T16/><D69/><U102/><E102/><AGARI ba="0,1" hai="4,10,12,14,18,21,39,42,46,61,62,93,97,102" machi="102" ten="30,2000,0" yaku="1,1,7,1,53,0" doraHai="75" doraHaiUra="48" who="3" fromWho="1" sc="250,0,250,-20,250,0,240,30" /><INIT seed="1,0,0,4,2,3" ten="250,230,250,270" oya="1" hai0="70,4,76,60,23,62,123,42,9,103,24,57,135" hai1="17,14,37,26,98,63,121,108,87,133,129,20,77" hai2="79,134,11,91,30,66,67,120,116,119,45,78,73" hai3="64,105,83,125,106,126,41,29,104,0,68,58,110"/><U28/><E121/><V33/><F120/><W44/><G110/><T8/><D123/><U18/><E37/><V50/><F134/><W54/><G0/><T65/><D135/><U99/><E133/><V40/><F33/><W90/><G29/><T85/><D42/><U43/><E43/><V124/><F124/><N who="3" m="47723" /><G64/><T95/><D76/><N who="2" m="29226" /><F73/><W21/><G68/><T71/><D9/><U81/><E108/><V93/><F116/><W19/><G90/><T32/><D32/><U5/><E129/><V61/><F30/><W75/><G83/><T7/><D8/><N who="1" m="4367" /><E63/><V16/><F61/><N who="3" m="36055" /><G75/><T38/><D71/><U22/><E28/><V117/><F117/><W112/><G112/><T127/><D127/><U27/><AGARI ba="0,0" hai="17,18,20,22,26,27,77,81,87,98,99" m="4367" machi="27" ten="30,3000,0" yaku="8,1,52,1" doraHai="3" who="1" fromWho="1" sc="250,-10,230,30,250,-10,270,-10" /><INIT seed="1,1,0,3,1,36" ten="240,260,240,260" oya="1" hai0="110,64,79,117,116,27,41,59,8,66,21,50,125" hai1="114,45,132,121,95,80,99,123,90,69,74,15,4" hai2="48,25,72,60,96,129,3,94,43,32,18,89,91" hai3="38,112,85,47,84,107,20,34,97,101,124,134,87"/><U128/><E69/><V115/><F72/><W98/><G112/><T44/><D110/><U67/><E67/><V77/><F3/><W76/><G34/><T88/><D125/><U100/><E114/><V39/><F39/><W26/><G124/><T57/><D79/><U58/><E58/><N who="0" m="22025" /><D117/><U111/><E45/><N who="2" m="25663" /><F32/><W1/><G1/><T120/><D116/><U55/><E55/><V119/><F119/><W61/><G61/><T54/><D8/><U29/><E29/><V83/><F129/><W51/><G38/><T12/><D12/><U70/><E70/><V81/><F115/><W46/><G134/><T113/><D113/><U31/><E31/><V118/><F118/><W108/><G108/><T104/><D104/><U62/><E111/><V130/><F130/><W135/><G135/><T14/><D14/><U53/><E132/><V86/><F60/><W33/><G33/><T5/><D5/><U2/><E2/><V105/><F105/><W68/><G68/><T93/><D54/><U75/><E128/><V65/><F65/><W0/><G0/><T16/><D120/><U19/><E123/><V56/><F56/><W133/><G133/><T35/><D35/><U10/><E121/><V52/><F52/><N who="3" m="29815" /><G47/><T17/><D17/><U82/><E19/><V78/><F83/><N who="1" m="31785" /><E53/><V131/><F131/><W106/><G76/><T73/><D73/><N who="1" m="27659" /><E62/><V7/><F7/><W122/><G122/><T24/><D24/><U22/><E22/><AGARI ba="1,0" hai="18,22,25,77,78,81,86,89,91,94,96" m="25663" machi="22" ten="30,2000,0" yaku="8,1,52,1" doraHai="36" who="2" fromWho="1" sc="240,0,260,-23,240,23,260,0" /><INIT seed="2,0,0,0,1,46" ten="240,237,263,260" oya="2" hai0="104,111,73,105,27,57,49,123,9,54,34,25,114" hai1="133,60,109,87,126,100,47,3,31,58,68,62,50" hai2="61,59,6,14,134,84,11,5,8,118,56,135,89" hai3="106,1,77,42,81,43,65,112,124,74,95,82,132"/><V4/><F118/><W64/><G124/><T99/><D123/><U21/><E126/><V102/><F102/><W96/><G106/><T38/><D114/><U94/><E3/><V128/><F128/><W78/><G132/><N who="2" m="50729" /><F61/><W51/><G112/><T23/><D73/><U86/><E133/><V40/><F40/><W80/><G1/><T98/><D38/><U125/><E125/><V63/><F63/><N who="1" m="24105" /><E58/><N who="2" m="22059" /><F14/><W20/><G20/><T120/><D23/><U127/><E68/><V85/><F85/><W67/><G51/><T69/><D69/><U83/><E127/><V48/><F48/><W19/><G19/><T113/><D113/><U93/><E100/><V129/><F129/><W107/><G107/><T37/><D104/><U70/><E86/><V115/><F115/><W110/><G110/><T12/><D111/><U116/><E70/><V35/><F35/><W33/><G33/><T76/><D105/><U7/><E116/><V130/><F130/><W22/><G74/><T36/><D34/><U101/><E101/><V121/><F121/><W79/><G22/><T71/><D71/><U72/><E72/><V108/><F108/><W75/><G75/><T18/><D120/><U2/><E109/><V117/><F117/><W92/><G96/><N who="0" m="36907" /><D37/><U52/><E21/><V15/><F11/><W119/><G119/><T53/><D36/><U45/><E31/><V13/><F8/><W32/><G32/><T88/><D76/><N who="1" m="46567" /><E47/><V66/><F66/><W41/><AGARI ba="0,0" hai="41,42,43,64,65,67,77,78,79,80,81,82,92,95" machi="41" ten="40,32000,5" yakuman="40" doraHai="46" who="3" fromWho="3" sc="240,-80,237,-80,263,-160,260,320" /><INIT seed="3,0,0,1,2,36" ten="160,157,103,580" oya="3" hai0="54,50,111,119,29,1,56,58,24,95,72,114,31" hai1="7,25,94,8,70,133,27,109,105,79,131,40,45" hai2="71,48,28,14,49,90,23,101,47,120,107,88,102" hai3="10,92,135,130,80,52,5,76,16,53,42,15,19"/><W124/><G130/><T123/><D123/><U74/><E105/><V57/><F71/><W63/><G124/><T0/><D119/><U60/><E131/><V44/><F120/><W77/><G135/><T87/><D72/><U69/><E133/><V66/><F107/><W39/><G92/><T127/><D127/><U68/><E60/><V43/><F66/><W122/><G122/><T75/><D75/><U6/><E6/><V21/><F57/><W113/><G113/><T99/><D111/><U13/><E109/><V132/><F132/><W125/><G125/><T46/><D87/><U65/><E65/><V32/><F32/><W62/><G42/><T4/><D31/><U3/><E13/><V41/><F14/><W73/><G39/><T20/><D114/><U64/><E64/><V84/><F84/><W121/><G121/><T17/><D29/><AGARI ba="0,0" hai="21,23,28,29,41,43,44,47,48,49,88,90,101,102" machi="29" ten="25,12000,2" yaku="22,2,8,1,52,2,54,1" doraHai="36" who="2" fromWho="0" sc="160,-120,157,0,103,120,580,0" owari="40,-46.0,157,-24.3,223,2.3,580,68.0" /></mjloggm>