<mjloggm ver="2.3"><GO type="225" lobby="0"/><UN n0="%E3%82%A2%E3%83%9E%E3%83%9D%EF%BD%9E%EF%BD%9E%E3%83%A9" n1="%72%61%6B%33" n2="%E3%83%81%E3%83%83%E3%82%BF%E3%82%BD%E3%83%BC" n3="%E3%81%95%E3%81%8D%E3%81%9F%E3%81%BE%E6%9E%97%E6%AA%8E" dan="17,16,16,16" rate="2075.41,2163.07,2209.45,2104.17" sx="M,M,F,M"/><TAIKYOKU oya="0"/><INIT seed="0,0,0,0,0,7" ten="250,250,250,250" oya="0" hai0="87,32,25,12,24,48,95,29,0,126,99,100,23" hai1="18,94,128,60,114,69,80,13,22,104,41,51,68" hai2="71,27,127,20,64,122,107,62,6,108,49,109,84" hai3="3,129,77,50,112,37,96,130,98,58,135,125,89"/><T54/><D126/><U61/><E104/><V70/><F122/><W121/><G37/><T16/><D0/><U45/><E114/><V115/><F127/><W10/><G112/><T44/><D87/><U17/><E128/><V79/><F115/><W26/><G125/><T5/><D5/><U133/><E133/><V38/><F38/><W117/><G117/><T124/><D124/><U76/><E94/><V2/><F107/><W72/><G135/><T15/><AGARI ba="0,0" hai="12,15,16,23,24,25,29,32,44,48,54,95,99,100" machi="15" ten="30,3000,0" yaku="0,1,54,1" doraHai="7" who="0" fromWho="0" sc="250,30,250,-10,250,-10,250,-10" /><INIT seed="0,1,0,4,2,43" ten="280,240,240,240" oya="0" hai0="34,120,95,132,71,99,25,67,91,4,42,41,106" hai1="55,108,135,133,13,10,22,51,63,124,5,70,32" hai2="77,127,45,1,30,118,38,69,101,2,105,85,110" hai3="66,24,122,112,35,62,29,12,59,88,130,107,93"/><T23/><D120/><U78/><E32/><V65/><F85/><W72/><G130/><T109/><D132/><U97/><E108/><V39/><F77/><W129/><G129/><T134/><D134/><U84/><E124/><V40/><F38/><W33/><G107/><T50/><D34/><U18/><E97/><N who="2" m="61615" /><F110/><W46/><G112/><T20/><D20/><U75/><E75/><V58/><F58/><W121/><G72/><T74/><D74/><U15/><E70/><V31/><F31/><W16/><G35/><T9/><D106/><U119/><E63/><N who="2" m="40127" /><F118/><W26/><G26/><T131/><D131/><U8/><E119/><V61/><F30/><W98/><REACH who="3" step="1"/><G46/><REACH who="3" ten="280,240,240,230" step="2"/><T87/><D109/><U49/><E135/><V73/><F73/><W81/><G81/><T111/><D111/><U54/><E133/><V83/><F83/><W94/><G94/><T79/><D95/><U52/><E22/><AGARI ba="1,1" hai="12,16,22,24,29,33,59,62,66,88,93,98,121,122" machi="22" ten="40,8000,1" yaku="1,1,54,2,53,2" doraHai="43" doraHaiUra="117" who="3" fromWho="1" sc="280,0,240,-83,240,0,230,93" /><INIT seed="1,0,0,3,5,74" ten="280,157,240,323" oya="1" hai0="40,128,113,100,129,49,25,111,91,101,71,8,37" hai1="10,102,38,29,41,63,110,117,59,20,73,116,130" hai2="120,98,26,67,107,39,106,28,94,53,87,92,27" hai3="31,65,44,112,72,54,115,52,3,75,84,57,103"/><U118/><E130/><N who="0" m="50281" /><D111/><U35/><E35/><V30/><F120/><W135/><G3/><T60/><D37/><U1/><E102/><V89/><F67/><W61/><G135/><T124/><D124/><U45/><E110/><V76/><F39/><W12/><G103/><T24/><D8/><U93/><E93/><V19/><F19/><W119/><G119/><T83/><D24/><U21/><E73/><V62/><F106/><W82/><G115/><T43/><D25/><N who="2" m="9226" /><F107/><W4/><G112/><T11/><D11/><U68/><E68/><V55/><F55/><W108/><G108/><T99/><D49/><U133/><E133/><V126/><F126/><W134/><G134/><T6/><D6/><U64/><REACH who="1" step="1"/><E29/><REACH who="1" ten="280,147,240,323" step="2"/><V5/><F92/><W121/><G31/><T16/><D113/><U58/><E58/><N who="2" m="35151" /><F5/><AGARI ba="0,1" hai="1,5,10,20,21,38,41,45,59,63,64,116,117,118" machi="5" ten="40,7700,0" yaku="1,1,53,2" doraHai="74" doraHaiUra="17" who="1" fromWho="2" sc="280,0,147,87,240,-77,323,0" /><INIT seed="1,1,0,0,2,20" ten="280,234,163,323" oya="1" hai0="13,126,1,14,58,41,26,30,121,37,123,53,48" hai1="18,118,83,116,112,77,92,107,119,5,64,56,43" hai2="79,82,84,33,61,0,113,66,103,52,104,54,23" hai3="101,57,4,73,128,110,94,3,2,93,95,124,132"/><U65/><E107/><V46/><F0/><W74/><G110/><T36/><D1/><U9/><E112/><V49/><F33/><W122/><G122/><N who="0" m="46603" /><D126/><U109/><E109/><V102/><F113/><W90/><G101/><T97/><D97/><U25/><E43/><V15/><F104/><W7/><G90/><T40/><D40/><U120/><E120/><V80/><F54/><W6/><G124/><T87/><D87/><U114/><E114/><V78/><F23/><W127/><G127/><T75/><D75/><U21/><E92/><V38/><F15/><N who="0" m="5642" /><D41/><U51/><E9/><V8/><F8/><W42/><G42/><T134/><D134/><U91/><E5/><V59/><REACH who="2" step="1"/><F38/><REACH who="2" ten="280,234,153,323" step="2"/><W88/><G3/><T39/><D37/><U62/><E65/><V47/><F47/><W60/><G2/><T12/><D12/><U105/><E105/><V35/><F35/><AGARI ba="1,1" hai="26,30,35,36,39,48,53,58" m="5642,46603" machi="35" ten="30,2000,0" yaku="13,1,52,1" doraHai="20" who="0" fromWho="2" sc="280,33,234,0,153,-23,323,0" /><INIT seed="2,0,0,1,5,81" ten="313,234,130,323" oya="2" hai0="134,72,15,98,29,80,49,58,62,130,132,52,2" hai1="110,6,61,12,125,3,56,0,28,5,27,97,17" hai2="112,34,90,104,33,42,116,79,24,84,91,44,69" hai3="13,108,89,51,121,22,65,50,109,88,31,40,73"/><V105/><F112/><W87/><G121/><T94/><D2/><N who="1" m="555" /><E56/><V99/><F116/><W1/><G1/><T102/><D130/><U107/><E61/><V133/><F133/><N who="0" m="51306" /><D15/><U11/><E97/><V66/><F79/><W115/><G115/><T43/><D29/><U23/><E107/><V128/><F128/><W111/><G73/><T101/><D101/><U63/><E63/><V71/><F99/><W53/><G65/><T32/><D32/><N who="1" m="20511" /><E110/><V76/><F76/><W113/><G113/><T14/><D14/><N who="1" m="9655" /><E125/><V131/><F131/><W39/><G39/><T78/><D43/><U21/><E21/><V83/><F24/><N who="3" m="16791" /><G40/><T4/><D62/><U35/><E35/><V57/><F57/><N who="3" m="32951" /><G51/><T20/><D20/><U30/><E30/><V67/><F42/><W123/><G123/><T54/><D54/><U118/><E118/><V93/><F44/><W114/><G114/><T126/><D126/><U64/><E64/><V68/><F66/><W48/><G48/><T10/><D49/><U103/><E103/><V60/><F60/><W25/><G89/><T124/><D124/><U77/><E77/><V127/><F127/><W37/><G37/><T8/><D58/><U16/><AGARI ba="0,0" hai="5,6,11,12,16" m="9655,20511,555" machi="16" ten="30,12000,2" yaku="35,5,54,1" doraHai="81" who="1" fromWho="1" sc="313,-30,234,120,130,-60,323,-30" /><INIT seed="3,0,0,1,3,104" ten="283,354,70,293" oya="3" hai0="48,53,10,116,119,129,97,45,72,114,87,91,69" hai1="29,68,44,35,59,107,14,67,40,75,58,84,94" hai2="132,30,113,111,99,17,106,51,46,131,81,33,62" hai3="50,121,26,135,108,80,125,56,112,64,92,124,122"/><W63/><G112/><T28/><D114/><U103/><E75/><V19/><F111/><W71/><G92/><T82/><D129/><U52/><E107/><V8/><F113/><W123/><G26/><T105/><D69/><U61/><E14/><V0/><F131/><W11/><G11/><T93/><D28/><U117/><E117/><V16/><F132/><W32/><G32/><T110/><D110/><U43/><E68/><V126/><F126/><N who="3" m="48747" /><G108/><T37/><D37/><U120/><E120/><V77/><F62/><N who="3" m="40343" /><G80/><T60/><D60/><N who="1" m="38295" /><E35/><V102/><F30/><W57/><G135/><T23/><D23/><U96/><E29/><V5/><F33/><W133/><G133/><T85/><D10/><U55/><E84/><V83/><F83/><W65/><G57/><T101/><D87/><U98/><E98/><V41/><F0/><W86/><G86/><T76/><AGARI ba="0,0" hai="45,48,53,72,76,82,85,91,93,97,101,105,116,119" machi="76" ten="30,7900,0" yaku="0,1,24,2,52,1" doraHai="104" who="0" fromWho="0" sc="283,79,354,-20,70,-20,293,-39" owari="362,46.2,334,13.4,50,-45.0,254,-14.6" /></mjloggm>