<mjloggm ver="2.3"><GO type="225" lobby="0"/><UN n0="%E3%83%A9%E3%82%A4%E3%83%B3%E3%81%AE%E8%99%8E" n1="%E5%91%A8%E6%9D%B1" n2="%E9%B3%B3%E6%9D%B1%E3%81%AE%E3%81%BF%E3%81%91%E3%81%AB%E3%82%83%E3%82%93" n3="%E6%B4%BE%E9%81%A3%E3%81%AE%E3%82%B8%E3%83%A3%E3%83%83%E3%82%AF" dan="16,17,17,17" rate="2150.29,2207.15,2212.82,2189.96" sx="M,M,F,M"/><TAIKYOKU oya="0"/><INIT seed="0,0,0,1,3,14" ten="250,250,250,250" oya="0" hai0="44,128,10,130,13,46,134,135,1,64,57,70,22" hai1="104,83,122,92,80,61,3,32,23,115,95,85,87" hai2="11,75,102,40,48,36,56,90,20,98,6,42,24" hai3="67,131,66,17,25,52,74,126,49,108,124,30,88"/><T54/><D1/><U27/><E3/><V96/><F75/><W73/><G108/><T93/><D22/><U2/><E2/><V109/><F36/><W76/><G131/><N who="0" m="50219" /><D93/><U47/><E104/><V34/><F34/><W71/><G71/><T5/><D64/><U63/><E32/><V50/><F90/><W114/><G114/><T112/><D70/><U77/><E122/><V33/><F33/><W55/><G30/><T103/><D103/><U121/><E121/><V68/><F68/><W113/><G113/><T60/><D112/><U132/><E47/><AGARI ba="0,0" hai="5,10,13,44,46,47,54,57,60,134,135" m="50219" machi="47" ten="30,1500,0" yaku="19,1" doraHai="14" who="0" fromWho="1" sc="250,15,250,-15,250,0,250,0" /><INIT seed="0,1,0,1,3,43" ten="265,235,250,250" oya="0" hai0="16,130,88,34,100,112,121,80,71,27,85,89,30" hai1="44,0,86,101,56,115,57,49,37,99,123,83,95" hai2="125,19,22,25,79,92,47,94,61,51,17,117,67" hai3="65,126,59,107,36,48,129,108,120,62,98,31,131"/><T54/><D112/><U135/><E123/><V38/><F38/><W5/><G108/><T84/><D121/><U41/><E115/><V90/><F125/><W96/><G120/><T24/><D130/><U46/><E0/><V66/><F79/><W106/><G36/><T77/><D71/><U2/><E2/><V32/><F32/><W127/><G5/><T13/><D100/><U39/><E135/><V1/><F1/><W113/><G31/><T11/><D85/><U78/><REACH who="1" step="1"/><E37/><REACH who="1" ten="265,225,250,250" step="2"/><V64/><F117/><W3/><G3/><T134/><D134/><U97/><E97/><V124/><F124/><N who="3" m="47659" /><G113/><T9/><D9/><U70/><E70/><V6/><F6/><W7/><G7/><T60/><REACH who="0" step="1"/><D27/><REACH who="0" ten="255,225,250,250" step="2"/><U110/><E110/><V52/><F25/><W104/><G129/><T75/><D75/><U23/><E23/><V58/><F22/><W128/><G131/><T119/><D119/><U26/><E26/><V132/><F132/><W73/><G73/><T50/><D50/><U28/><E28/><V4/><F4/><W102/><G128/><T111/><D111/><U55/><AGARI ba="1,2" hai="39,41,44,46,49,55,56,57,78,83,86,95,99,101" machi="55" ten="20,8000,1" yaku="1,1,0,1,7,1,52,2,53,0" doraHai="43" doraHaiUra="63" who="1" fromWho="1" sc="255,-41,225,103,250,-21,250,-21" /><INIT seed="1,0,0,0,4,126" ten="214,328,229,229" oya="1" hai0="97,116,94,89,31,57,48,70,73,29,129,67,127" hai1="133,56,131,9,25,121,134,8,42,26,14,132,64" hai2="44,79,20,135,0,53,34,17,77,24,76,71,69" hai3="45,88,54,90,115,46,41,1,63,61,114,18,49"/><U92/><E121/><V15/><F135/><W80/><G1/><T13/><D116/><U38/><E92/><V101/><F101/><W103/><G103/><T109/><D109/><U47/><E131/><V27/><F0/><W68/><G18/><T7/><D73/><U122/><E122/><V16/><F34/><W65/><G63/><N who="0" m="38383" /><D70/><U82/><E9/><V39/><F53/><W128/><G128/><T124/><D129/><U104/><E104/><V2/><F2/><W21/><G21/><T81/><D81/><U125/><E125/><N who="0" m="48201" /><D48/><U23/><E23/><V86/><F86/><W5/><G5/><T11/><AGARI ba="0,0" hai="7,11,13,29,31,89,94,97" m="48201,38383" machi="11" ten="30,1100,0" yaku="18,1" doraHai="126" who="0" fromWho="0" sc="214,11,328,-5,229,-3,229,-3" /><INIT seed="2,0,0,0,2,1" ten="225,323,226,226" oya="2" hai0="38,57,99,133,58,61,81,21,71,56,48,0,101" hai1="52,96,59,130,54,33,40,77,89,87,118,95,84" hai2="51,90,88,78,18,3,80,72,134,19,121,27,13" hai3="47,111,122,104,119,4,53,5,126,12,103,76,100"/><V31/><F121/><W109/><G122/><T97/><D38/><U74/><E118/><V25/><F3/><W30/><G119/><T131/><D131/><U2/><E33/><V50/><F134/><W116/><G116/><T44/><D133/><U93/><E130/><V64/><F64/><W129/><G129/><T92/><D0/><U124/><E2/><V128/><F128/><W73/><G30/><T46/><D71/><U94/><E124/><V108/><F108/><N who="3" m="41547" /><G126/><T112/><D112/><U83/><E40/><V135/><F135/><W62/><G12/><T6/><D6/><N who="3" m="2665" /><G104/><T42/><D46/><U114/><E114/><V120/><F120/><W24/><G24/><T22/><D61/><U79/><E79/><V15/><F72/><W28/><G28/><T105/><REACH who="0" step="1"/><D81/><REACH who="0" ten="215,323,226,226" step="2"/><U91/><REACH who="1" step="1"/><E59/><REACH who="1" ten="215,313,226,226" step="2"/><V110/><F110/><W69/><G69/><T45/><D45/><U43/><E43/><V35/><F35/><W70/><G70/><T115/><D115/><U49/><E49/><V107/><F50/><N who="3" m="28895" /><G62/><T8/><D8/><U55/><E55/><V123/><F123/><W113/><G113/><T9/><D9/><U65/><E65/><V68/><F68/><W37/><G37/><T32/><D32/><U98/><E98/><V17/><F51/><W14/><G14/><T7/><D7/><U132/><E132/><V67/><F13/><W36/><G36/><T23/><D23/><U117/><E117/><V39/><F15/><W26/><G26/><T82/><D82/><AGARI ba="0,2" hai="73,76,82,100,103" m="28895,2665,41547" machi="82" ten="30,7700,0" yaku="14,1,52,3" doraHai="1" who="3" fromWho="0" sc="215,-77,313,0,226,0,226,97" /><INIT seed="3,0,0,1,3,95" ten="138,313,226,323" oya="3" hai0="39,92,65,135,42,40,35,32,54,47,43,30,9" hai1="83,87,6,97,24,109,64,53,123,61,48,56,131" hai2="60,78,81,21,46,19,72,118,15,28,52,22,59" hai3="25,102,115,26,44,108,91,121,0,124,50,4,2"/><W122/><G115/><T58/><D135/><U80/><E123/><V27/><REACH who="2" step="1"/><F46/><REACH who="2" ten="138,313,216,323" step="2"/><W1/><G44/><T113/><D113/><U33/><E131/><V111/><F111/><W75/><G108/><T70/><D42/><U31/><E109/><V93/><F93/><W73/><G121/><T5/><D43/><U101/><E6/><V55/><F55/><W96/><G4/><T126/><D126/><U104/><E87/><V76/><F76/><W94/><G124/><T69/><D30/><U71/><AGARI ba="0,1" hai="24,31,33,48,53,56,61,64,71,80,83,97,101,104" machi="71" ten="20,8000,1" yaku="0,1,7,1,25,2,52,1" doraHai="95" who="1" fromWho="1" sc="138,-20,313,90,216,-20,323,-40" owari="118,-38.2,403,50.3,196,-20.4,283,8.3" /></mjloggm>