<mjloggm ver="2.3"><GO type="225" lobby="0"/><UN n0="%72%69%6F%75%63%68%61%6E" n1="%E6%98%93%E5%88%A9%E8%96%A9%E4%BC%AF" n2="%72%61%6B%33" n3="%33%74%72%65%65" dan="16,17,16,17" rate="2106.39,2236.65,2125.61,2156.60" sx="M,F,M,F"/><TAIKYOKU oya="0"/><INIT seed="0,0,0,2,1,8" ten="250,250,250,250" oya="0" hai0="129,104,79,24,44,99,112,114,5,68,51,132,20" hai1="110,123,107,92,18,45,21,35,130,74,95,38,119" hai2="63,62,31,4,88,2,103,29,9,122,80,124,84" hai3="34,91,23,52,101,126,86,19,3,102,28,78,90"/><T60/><D129/><U13/><E119/><V128/><F122/><W109/><G109/><T49/><D132/><U94/><E123/><V127/><F128/><W120/><G120/><T111/><D111/><U55/><E110/><V87/><F103/><W1/><G126/><N who="2" m="48169" /><F84/><W39/><G39/><T70/><D79/><U65/><E130/><V69/><F63/><W77/><G1/><T56/><D5/><U67/><E35/><V81/><F81/><W7/><G102/><T14/><D14/><U83/><E107/><V97/><F97/><W117/><G101/><T61/><D99/><U134/><E134/><V42/><F42/><W113/><G86/><T59/><D104/><U71/><E71/><N who="0" m="27177" /><D20/><U96/><E96/><V108/><F108/><W33/><G23/><T105/><D24/><U16/><E38/><V73/><F73/><W106/><G106/><T57/><D105/><U133/><E133/><V41/><F41/><W100/><G100/><T50/><D44/><U75/><E75/><V116/><F116/><W48/><G78/><T30/><D30/><U36/><E74/><V82/><F82/><W6/><G77/><T121/><D121/><U10/><E83/><V118/><F118/><W98/><G117/><T58/><N who="0" m="14336" /><DORA hai="131" /><T72/><D72/><U89/><E89/><V54/><F29/><W46/><G28/><T22/><D22/><U11/><E21/><V85/><F31/><W27/><G98/><T37/><D37/><U43/><E11/><V32/><F85/><W17/><G91/><T76/><D76/><U12/><E36/><V125/><F125/><RYUUKYOKU ba="0,0" sc="250,30,250,-10,250,-10,250,-10" hai0="49,50,51,60,61,112,114" /><INIT seed="0,1,0,2,4,66" ten="280,240,240,240" oya="0" hai0="117,131,97,63,124,40,134,37,27,43,107,0,89" hai1="16,74,58,127,30,123,45,114,12,9,113,93,98" hai2="51,87,10,102,7,33,119,25,73,11,85,75,18" hai3="38,78,91,41,128,62,50,1,36,95,19,64,121"/><T81/><D117/><U79/><E123/><V55/><F119/><W84/><G128/><T60/><D131/><U34/><E127/><V71/><F102/><W4/><G121/><T70/><D124/><U6/><E45/><V2/><F71/><W101/><G78/><T72/><D0/><U110/><E110/><V48/><F33/><W8/><G101/><T52/><D134/><U31/><E58/><V130/><F130/><W77/><G77/><T29/><D37/><U28/><E34/><V132/><F132/><W112/><G112/><N who="1" m="43114" /><E79/><V21/><F11/><W67/><G67/><N who="0" m="41319" /><D72/><U109/><E74/><V105/><F105/><W69/><REACH who="3" step="1"/><G19/><REACH who="3" ten="280,240,240,230" step="2"/><T56/><D89/><N who="1" m="55599" /><E109/><V53/><F75/><W32/><G32/><N who="0" m="20543" /><D81/><U100/><E100/><AGARI ba="1,1" hai="40,43,52,56,63,97,100,107" m="20543,41319" machi="100" ten="30,5800,0" yaku="25,1,52,1,54,1" doraHai="66" who="0" fromWho="1" sc="280,71,240,-61,240,0,230,0" /><INIT seed="0,2,0,0,4,68" ten="351,179,240,230" oya="0" hai0="115,93,117,100,30,73,98,105,71,52,35,70,129" hai1="18,76,74,118,126,101,43,123,95,62,58,96,8" hai2="23,9,109,0,21,66,45,53,132,40,65,39,2" hai3="28,84,119,54,50,46,6,47,128,29,114,80,77"/><T10/><D115/><U13/><E118/><V89/><F109/><W64/><G114/><T19/><D117/><U4/><E126/><V135/><F53/><W124/><G119/><T63/><D129/><U79/><E123/><V72/><F89/><W75/><G124/><T83/><D93/><U33/><E33/><V20/><F72/><W69/><G128/><T86/><D73/><U25/><E74/><V134/><REACH who="2" step="1"/><F9/><REACH who="2" ten="351,179,230,230" step="2"/><W82/><G54/><T42/><D10/><U130/><E130/><V121/><F121/><W106/><G75/><T11/><D11/><U51/><E79/><V26/><F26/><W14/><G77/><T55/><D55/><U22/><E76/><V107/><F107/><W91/><G91/><T94/><D105/><U31/><E43/><V78/><F78/><W16/><G106/><T12/><D52/><U120/><E120/><V113/><F113/><W34/><G80/><T111/><D42/><U87/><E87/><V81/><F81/><W60/><G84/><T102/><D83/><U24/><E24/><V127/><F127/><W110/><G82/><T133/><D86/><U122/><E122/><V108/><F108/><W104/><G104/><T92/><D111/><U131/><E131/><V112/><F112/><W61/><G110/><T90/><D90/><U103/><E103/><V85/><F85/><W17/><G64/><AGARI ba="2,1" hai="0,2,20,21,23,39,40,45,64,65,66,132,134,135" machi="64" ten="50,6400,0" yaku="1,1,20,1,52,1,53,0" doraHai="68" doraHaiUra="3" who="2" fromWho="3" sc="351,0,179,0,230,80,230,-70" /><INIT seed="1,0,0,5,2,113" ten="351,179,310,160" oya="1" hai0="108,45,55,132,33,19,123,83,80,72,135,51,62" hai1="93,85,41,39,68,130,58,84,34,25,69,95,78" hai2="133,57,86,46,124,29,14,128,104,15,103,125,40" hai3="87,4,7,81,52,116,23,64,12,74,91,9,134"/><U98/><E130/><V54/><F128/><W22/><G134/><N who="0" m="51243" /><D108/><U88/><E39/><V8/><F133/><W31/><G116/><T66/><D123/><U127/><E127/><V70/><F70/><W35/><G74/><T3/><D3/><U102/><E41/><V100/><F29/><W56/><G64/><T109/><D109/><U47/><E47/><V32/><F32/><W131/><G131/><T114/><D114/><U67/><E58/><V105/><F86/><W59/><G59/><T117/><D117/><U0/><E0/><V27/><F27/><N who="3" m="16887" /><G35/><T42/><D33/><U122/><E122/><V77/><F77/><W106/><G106/><T50/><D72/><U38/><E38/><V111/><F111/><W48/><G23/><T44/><D19/><AGARI ba="0,0" hai="4,7,9,12,19,48,52,56,81,87,91" m="16887" machi="19" ten="30,2000,0" yaku="8,1,54,1" doraHai="113" who="3" fromWho="0" sc="351,-20,179,0,310,0,160,20" /><INIT seed="2,0,0,0,2,10" ten="331,179,310,180" oya="2" hai0="41,93,46,36,71,108,101,67,44,91,86,68,2" hai1="79,116,60,75,62,72,90,7,49,39,43,92,98" hai2="66,20,129,23,11,95,4,51,34,21,114,42,26" hai3="120,48,65,109,122,94,104,125,126,78,133,131,80"/><V33/><F66/><W118/><G65/><T38/><D108/><U61/><E116/><V88/><F114/><W27/><G27/><T87/><D2/><U16/><E39/><V24/><F129/><W28/><G28/><T70/><D101/><U15/><E7/><V123/><F123/><N who="3" m="47147" /><G48/><T82/><D67/><U103/><E79/><V119/><F119/><W50/><G50/><T18/><D18/><U30/><E30/><V134/><F134/><W83/><G118/><T69/><N who="0" m="17408" /><DORA hai="99" /><T52/><D52/><U100/><E75/><V29/><F34/><W53/><G53/><T3/><D3/><U45/><E72/><V37/><F37/><W0/><G109/><T5/><D5/><U55/><E43/><V22/><F33/><W9/><G133/><T74/><D74/><U135/><E135/><V35/><F35/><W115/><G104/><T127/><D127/><N who="3" m="48649" /><G115/><T96/><D38/><U63/><N who="1" m="15360" /><DORA hai="73" /><U89/><E100/><V14/><F26/><W6/><G131/><T19/><D19/><U128/><E128/><V47/><F23/><AGARI ba="0,0" hai="15,16,23,45,49,55,89,90,92,98,103" m="15360" machi="23" ten="50,8000,1" yaku="8,1,52,2,54,1" doraHai="10,99,73" who="1" fromWho="2" sc="331,0,179,80,310,-80,180,0" /><INIT seed="3,0,0,2,5,69" ten="331,259,230,180" oya="3" hai0="55,98,64,133,63,76,117,107,11,15,108,72,91" hai1="58,51,104,132,118,101,125,22,88,31,111,54,65" hai2="68,124,113,106,36,33,32,81,100,40,134,2,29" hai3="10,67,7,23,38,12,82,112,3,71,89,34,120"/><W25/><G112/><T30/><D117/><U27/><E111/><V4/><F113/><W17/><G120/><T49/><D108/><U44/><E132/><V46/><F134/><W128/><G128/><T77/><D133/><U97/><E125/><V130/><F124/><W129/><G129/><T119/><D119/><U26/><E118/><V127/><F127/><W18/><G38/><T21/><D72/><U93/><E27/><V73/><F68/><W62/><G18/><N who="0" m="8575" /><D107/><U13/><E13/><V94/><F94/><W126/><G126/><T85/><D98/><U59/><E65/><V57/><F57/><W39/><G39/><T53/><D64/><U28/><E28/><V87/><F29/><N who="3" m="19759" /><G82/><N who="0" m="49591" /><D63/><U116/><E116/><V86/><F86/><AGARI ba="0,0" hai="22,26,31,44,51,54,58,59,86,88,93,97,101,104" machi="86" ten="30,2000,0" yaku="7,1,54,1" doraHai="69" who="1" fromWho="2" sc="331,0,259,20,230,-20,180,0" owari="331,43.1,279,7.9,210,-19.0,180,-32.0" /></mjloggm>