<mjloggm ver="2.3"><GO type="225" lobby="0"/><UN n0="%E3%83%B4%E3%83%A0%EF%BC%99%E3%81%A6" n1="%E3%81%BD%E3%81%A1%E3%81%9F%E3%81%93%E3%82%84" n2="%E8%9B%87%E3%81%AE%E8%A1%80" n3="%E3%81%90%E3%81%A1%E3%82%84%E3%81%BE" dan="16,17,16,16" rate="2130.38,2219.58,2113.94,2119.97" sx="M,M,M,M"/><TAIKYOKU oya="0"/><INIT seed="0,0,0,1,4,68" ten="250,250,250,250" oya="0" hai0="41,74,129,103,114,21,6,89,43,112,13,90,132" hai1="109,65,97,70,25,115,94,60,119,134,113,48,72" hai2="54,121,52,47,0,85,122,111,79,7,37,20,86" hai3="45,32,123,107,135,30,77,57,76,106,38,93,128"/><T87/><D74/><U15/><E119/><V108/><F20/><W55/><G128/><T28/><D129/><U82/><E109/><N who="2" m="42059" /><F7/><W58/><G135/><T61/><D132/><U10/><E134/><V101/><F0/><W9/><G123/><N who="2" m="47113" /><F101/><W2/><G2/><T24/><D112/><N who="1" m="43083" /><E25/><V53/><F79/><W49/><G9/><N who="0" m="4279" /><D114/><U125/><E125/><V46/><F37/><W130/><G130/><T23/><D103/><N who="1" m="60855" /><E48/><V96/><F96/><W92/><G49/><T116/><D116/><U39/><E39/><V40/><F40/><W12/><G38/><T105/><D105/><U73/><E82/><V133/><F133/><W100/><G106/><T91/><D87/><AGARI ba="0,0" hai="46,47,52,53,54,85,86,87" m="47113,42059" machi="87" ten="40,8000,1" yaku="28,2,14,1,54,1" doraHai="68" who="2" fromWho="0" sc="250,-80,250,0,250,80,250,0" /><INIT seed="1,0,0,2,5,134" ten="170,250,330,250" oya="1" hai0="52,86,120,93,122,19,126,118,4,67,133,20,54" hai1="113,116,53,100,60,49,66,135,25,88,89,11,69" hai2="30,39,74,77,57,107,0,31,79,132,121,106,26" hai3="103,61,84,24,111,131,76,130,97,109,129,50,55"/><U117/><E113/><V70/><F70/><W35/><G35/><T72/><D118/><U21/><E135/><V40/><F121/><N who="0" m="46698" /><D133/><U110/><E100/><V10/><F132/><W29/><G24/><N who="0" m="14367" /><D72/><U78/><E78/><V115/><F115/><W44/><G29/><T73/><D73/><U45/><E11/><V71/><F71/><W15/><G15/><T33/><D33/><U128/><E128/><V62/><F74/><W1/><G1/><T56/><D4/><U13/><E13/><V51/><F0/><W36/><G36/><T43/><D43/><U47/><E47/><V64/><F39/><W102/><G61/><N who="0" m="35975" /><D67/><U108/><E116/><V65/><F65/><W41/><G41/><T28/><D54/><U63/><E63/><V123/><F62/><W98/><G55/><T8/><D8/><U94/><E117/><V81/><F64/><W85/><G44/><T82/><D28/><N who="1" m="17455" /><E94/><V5/><F40/><W16/><G50/><T68/><D68/><U101/><E101/><N who="3" m="38410" /><G16/><T32/><D93/><U92/><E92/><V58/><F123/><W87/><G76/><N who="0" m="46407" /><D32/><U96/><E96/><AGARI ba="0,0" hai="84,85,87,96,97,98,109,111,129,130,131" m="38410" machi="96" ten="40,8000,1" yaku="28,2,19,1,34,2" doraHai="134" who="3" fromWho="1" sc="170,0,250,-80,330,0,250,80" /><INIT seed="2,0,0,5,4,124" ten="170,170,330,330" oya="2" hai0="103,32,63,90,46,99,114,34,60,40,51,9,110" hai1="113,42,130,16,25,0,120,7,116,52,75,111,80" hai2="123,86,105,87,21,115,38,45,19,82,44,31,88" hai3="104,22,100,41,36,15,48,37,30,112,93,72,108"/><V107/><F115/><W74/><G104/><T33/><D114/><U12/><E113/><V119/><F119/><W54/><G112/><T28/><D110/><U76/><E116/><V23/><F123/><W133/><G108/><T14/><D28/><U59/><E111/><V49/><F38/><W10/><G133/><T69/><D90/><U98/><E120/><V5/><F5/><W121/><G121/><T95/><REACH who="0" step="1"/><D69/><REACH who="0" ten="160,170,330,330" step="2"/><U39/><E130/><V131/><F131/><W73/><G30/><T89/><D89/><U4/><E0/><V61/><F31/><W57/><G100/><T132/><D132/><U11/><E25/><V6/><F88/><W58/><G74/><T35/><N who="0" m="8192" /><DORA hai="79" /><T92/><D92/><U56/><E98/><V97/><F105/><W118/><G93/><T83/><D83/><U18/><E4/><AGARI ba="0,1" hai="4,9,14,40,46,51,60,63,95,99,103" m="8192" machi="4" ten="70,2300,0" yaku="1,1,53,0" doraHai="124,79" doraHaiUra="65,67" who="0" fromWho="1" sc="160,33,170,-23,330,0,330,0" /><INIT seed="3,0,0,3,3,56" ten="193,147,330,330" oya="3" hai0="32,42,97,75,11,9,17,43,92,90,4,6,14" hai1="60,22,19,111,116,26,103,20,30,0,18,2,7" hai2="52,63,114,89,117,94,84,54,67,37,49,23,65" hai3="129,88,53,66,33,61,64,13,3,101,16,55,95"/><W123/><G123/><T51/><D75/><U128/><E103/><V99/><F37/><W108/><G3/><N who="1" m="1066" /><E60/><V39/><F39/><W48/><G33/><T126/><D32/><U25/><E111/><V34/><F34/><W91/><G129/><T29/><D29/><N who="1" m="17575" /><E128/><V79/><F114/><W80/><G108/><T132/><D132/><U112/><E112/><V102/><F79/><W68/><G68/><T57/><D126/><U131/><E131/><V44/><F117/><W104/><G104/><T72/><D72/><U105/><E105/><V35/><F35/><W71/><G71/><T73/><D73/><U28/><E116/><V27/><F54/><N who="3" m="20491" /><G48/><T83/><D51/><U113/><E113/><V77/><F77/><W10/><G61/><T74/><D74/><U8/><E28/><N who="2" m="17535" /><F63/><W107/><G107/><T124/><D57/><U118/><E118/><V45/><F45/><W24/><G24/><T62/><D83/><AGARI ba="0,0" hai="44,49,52,65,67,83,84,89,94,99,102" m="17535" machi="83" ten="30,2000,0" yaku="8,1,54,1" doraHai="56" who="2" fromWho="0" sc="193,-20,147,0,330,20,330,0" owari="173,-22.7,147,-35.3,350,45.0,330,13.0" /></mjloggm>